|j|☆hadecat
|j|☆grrimm32
|html|hadecatgrrimm32    
|uhtml|bestof|Game 1 of a best-of-3
|t:|1785665780
|gametype|doubles
|player|p1|hadecat|169|
|player|p2|grrimm32|iono-masters|
|gen|9
|tier|[Gen 9 Champions] VGC 2026 Reg M-B (Bo3)
|rule|Species Clause: Limit one of each Pokémon
|rule|Item Clause: Limit 1 of each item
|clearpoke
|poke|p1|Heliolisk, L50, F|
|poke|p1|Simisear, L50, M|
|poke|p1|Zoroark, L50, M|
|poke|p1|Runerigus, L50, M|
|poke|p1|Tinkaton, L50, F|
|poke|p1|Toucannon, L50, M|
|poke|p2|Heliolisk, L50, M|
|poke|p2|Tinkaton, L50, F, shiny|
|poke|p2|Toucannon, L50, F, shiny|
|poke|p2|Simisear, L50, F|
|poke|p2|Zoroark, L50, F, shiny|
|poke|p2|Simisage, L50, M|
|teampreview|4
|showteam|p1|Heliolisk||FocusSash|SolarPower|Electroweb,VoltSwitch,Discharge,GrassKnot|Timid||F|||50|]Simisear||HeatRock|Blaze|SunnyDay,Protect,FlareBlitz,FakeOut|Jolly||M|||50|]Zoroark||ChoiceScarf|Illusion|HyperVoice,Flamethrower,SludgeBomb,NightDaze|Timid||M|||50|]Runerigus||Leftovers|WanderingSpirit|BodyPress,Poltergeist,RockSlide,Protect|Impish||M|||50|]Tinkaton||ShucaBerry|MoldBreaker|GigatonHammer,PlayRough,SwordsDance,KnockOff|Jolly||F|||50|]Toucannon||ExpertBelt|SkillLink|FlameCharge,BulletSeed,RockBlast,Tailwind|Jolly||M|||50|
|showteam|p2|Heliolisk||LifeOrb|DrySkin|Thunderbolt,HyperVoice,Protect,GrassKnot|Timid||M|||50|]Tinkaton||Leftovers|MoldBreaker|FakeOut,KnockOff,GigatonHammer,ThunderWave|Jolly||F|||50|]Toucannon||WacanBerry|SkillLink|Tailwind,TemperFlare,Protect,BraveBird|Adamant||F|||50|]Simisear||SitrusBerry|Blaze|FakeOut,WillOWisp,Protect,Flamethrower|Timid||F|||50|]Zoroark||FocusSash|Illusion|NastyPlot,Protect,DarkPulse,Flamethrower|Timid||F|||50|]Simisage||MiracleSeed|Overgrow|FakeOut,RockSlide,SeedBomb,HelpingHand|Jolly||M|||50|
|
|t:|1785665835
|teamsize|p1|4
|teamsize|p2|4
|start
|switch|p1a: Simisear|Simisear, L50, M|100/100
|switch|p1b: Heliolisk|Heliolisk, L50, F|100/100
|switch|p2a: Heliolisk|Heliolisk, L50, M|100/100
|switch|p2b: Simisage|Simisage, L50, M|100/100
|turn|1
|
|t:|1785665868
|move|p2b: Simisage|Fake Out|p1a: Simisear
|-damage|p1a: Simisear|80/100
|cant|p1a: Simisear|flinch
|move|p2a: Heliolisk|Hyper Voice|p1b: Heliolisk|[spread] p1a,p1b
|-damage|p1a: Simisear|5/100
|-damage|p1b: Heliolisk|43/100
|-damage|p2a: Heliolisk|90/100|[from] item: Life Orb
|move|p1b: Heliolisk|Electroweb|p2a: Heliolisk|[spread] p2a,p2b
|-resisted|p2a: Heliolisk|1
|-resisted|p2b: Simisage|1
|-crit|p2b: Simisage
|-damage|p2a: Heliolisk|77/100
|-damage|p2b: Simisage|75/100
|-unboost|p2a: Heliolisk|spe|1
|-unboost|p2b: Simisage|spe|1
|
|upkeep
|turn|2
|
|t:|1785665914
|move|p2a: Heliolisk|Protect|p2a: Heliolisk
|-singleturn|p2a: Heliolisk|Protect
|move|p1b: Heliolisk|Volt Switch|p2b: Simisage
|-resisted|p2b: Simisage|1
|-damage|p2b: Simisage|46/100
|
|t:|1785665927
|switch|p1b: Runerigus|Runerigus, L50, M|100/100|[from] Volt Switch
|move|p1a: Simisear|Sunny Day|p1a: Simisear
|-weather|SunnyDay
|move|p2b: Simisage|Rock Slide|p1a: Simisear|[spread] p1a,p1b
|-supereffective|p1a: Simisear|1
|-damage|p1a: Simisear|0 fnt
|-damage|p1b: Runerigus|67/100
|replace|p1b: Zoroark|Zoroark, L50, M
|-end|p1b: Zoroark|Illusion
|faint|p1a: Simisear
|
|-weather|SunnyDay|[upkeep]
|-damage|p2a: Heliolisk|65/100|[from] ability: Dry Skin|[of] p2a: Heliolisk
|upkeep
|
|t:|1785665938
|switch|p1a: Heliolisk|Heliolisk, L50, F|43/100
|turn|3
|
|t:|1785665952
|switch|p1b: Runerigus|Runerigus, L50, M|100/100
|switch|p2a: Toucannon|Toucannon, L50, F, shiny|100/100
|switch|p2b: Toucannon|Toucannon, L50, F, shiny|100/100
|move|p1a: Heliolisk|Discharge|p2b: Toucannon|[spread] p2a,p2b
|-immune|p1b: Runerigus
|-supereffective|p2b: Toucannon|1
|-enditem|p2b: Toucannon|Wacan Berry|[eat]
|-enditem|p2b: Toucannon|Wacan Berry|[weaken]
|-damage|p2a: Toucannon|18/100
|-damage|p2b: Toucannon|49/100
|-status|p2a: Toucannon|par
|-status|p2b: Toucannon|par
|replace|p2a: Zoroark|Zoroark, L50, F, shiny
|-end|p2a: Zoroark|Illusion
|
|-weather|SunnyDay|[upkeep]
|-damage|p1a: Heliolisk|31/100|[from] ability: Solar Power|[of] p1a: Heliolisk
|upkeep
|turn|4
|
|t:|1785665977
|move|p2a: Zoroark|Protect|p2a: Zoroark
|-singleturn|p2a: Zoroark|Protect
|move|p2b: Toucannon|Protect|p2b: Toucannon
|-singleturn|p2b: Toucannon|Protect
|move|p1a: Heliolisk|Discharge|p2b: Toucannon|[spread] 
|-activate|p2a: Zoroark|move: Protect
|-activate|p2b: Toucannon|move: Protect
|-immune|p1b: Runerigus
|move|p1b: Runerigus|Rock Slide|p2b: Toucannon|[spread] 
|-activate|p2a: Zoroark|move: Protect
|-activate|p2b: Toucannon|move: Protect
|
|-weather|SunnyDay|[upkeep]
|-damage|p1a: Heliolisk|19/100|[from] ability: Solar Power|[of] p1a: Heliolisk
|upkeep
|turn|5
|
|t:|1785665999
|move|p1a: Heliolisk|Discharge|p2a: Zoroark|[spread] p2a,p2b
|-immune|p1b: Runerigus
|-crit|p2a: Zoroark
|-supereffective|p2b: Toucannon|1
|-damage|p2a: Zoroark|0 fnt
|-damage|p2b: Toucannon|0 fnt
|faint|p2a: Zoroark
|faint|p2b: Toucannon
|move|p1b: Runerigus|Rock Slide|p2: Zoroark|[notarget]
|-fail|p1b: Runerigus
|
|-weather|SunnyDay|[upkeep]
|-damage|p1a: Heliolisk|7/100|[from] ability: Solar Power|[of] p1a: Heliolisk
|upkeep
|
|t:|1785666006
|switch|p2a: Heliolisk|Heliolisk, L50, M|65/100
|switch|p2b: Simisage|Simisage, L50, M|46/100
|turn|6
|
|t:|1785666061
|move|p2a: Heliolisk|Protect|p2a: Heliolisk
|-singleturn|p2a: Heliolisk|Protect
|move|p2b: Simisage|Fake Out|p1a: Heliolisk
|-damage|p1a: Heliolisk|0 fnt
|faint|p1a: Heliolisk
|move|p1b: Runerigus|Poltergeist|p2b: Simisage
|-activate|p2b: Simisage|move: Poltergeist|Miracle Seed
|-damage|p2b: Simisage|0 fnt
|faint|p2b: Simisage
|
|-weather|SunnyDay|[upkeep]
|-damage|p2a: Heliolisk|53/100|[from] ability: Dry Skin|[of] p2a: Heliolisk
|upkeep
|
|t:|1785666066
|switch|p1a: Runerigus|Runerigus, L50, M|67/100
|turn|7
|
|t:|1785666082
|move|p1a: Runerigus|Flamethrower|p2a: Heliolisk
|-damage|p2a: Heliolisk|0 fnt
|faint|p2a: Heliolisk
|
|win|hadecat
