|j|☆hadecat
|j|☆prince42
|html|hadecatprince42    
|uhtml|bestof|Game 2 of a best-of-3
|t:|1786021745
|gametype|doubles
|player|p1|hadecat|265|
|player|p2|prince42|1|
|gen|9
|tier|[Gen 9 Champions] VGC 2026 Reg M-B (Bo3)
|rule|Species Clause: Limit one of each Pokémon
|rule|Item Clause: Limit 1 of each item
|clearpoke
|poke|p1|Sableye, L50, M|
|poke|p1|Heliolisk, L50, M|
|poke|p1|Slowbro, L50, F|
|poke|p1|Zoroark, L50, M|
|poke|p1|Kleavor, L50, F|
|poke|p1|Tinkaton, L50, F|
|poke|p2|Steelix, L50, F|
|poke|p2|Hippowdon, L50, M|
|poke|p2|Sableye, L50, F|
|poke|p2|Slowbro, L50, F|
|poke|p2|Kleavor, L50, F|
|poke|p2|Heliolisk, L50, F|
|teampreview|4
|showteam|p1|Sableye||Leftovers|Prankster|Taunt,Encore,RainDance,Protect|Careful||M|||50|]Heliolisk||LifeOrb|DrySkin|HyperVoice,Electroweb,Thunder,Surf|Timid||M|||50|]Slowbro||Slowbronite|Regenerator|Surf,Protect,Flamethrower,SlackOff|Bold||F|||50|]Zoroark||ChoiceScarf|Illusion|DarkPulse,Flamethrower,GrassKnot,HyperVoice|Timid||M|||50|]Kleavor||FocusSash|Sharpness|StoneAxe,RockSlide,Uturn,CloseCombat|Jolly||F|||50|]Tinkaton||ExpertBelt|MoldBreaker|GigatonHammer,FakeOut,PlayRough,KnockOff|Jolly||F|||50|
|showteam|p2|Steelix||Steelixite|RockHead|WideGuard,Protect,StompingTantrum,HeavySlam|Brave||F|||50|]Hippowdon||SitrusBerry|SandStream|Yawn,RockSlide,SlackOff,Fissure|Sassy||M|||50|]Sableye||FocusSash|Prankster|FakeOut,Reflect,LightScreen,Encore|Jolly||F|||50|]Slowbro||Slowbronite|Regenerator|TrickRoom,IronDefense,BodyPress,Protect|Sassy||F|||50|]Kleavor||ChoiceScarf|Sharpness|XScissor,RockSlide,StoneAxe,NightSlash|Jolly||F|||50|]Heliolisk||LifeOrb|DrySkin|Protect,Thunderbolt,HyperVoice,VoltSwitch|Timid||F|||50|
|
|t:|1786021808
|teamsize|p1|4
|teamsize|p2|4
|start
|switch|p1a: Tinkaton|Tinkaton, L50, F|100/100
|switch|p1b: Kleavor|Kleavor, L50, F|100/100
|switch|p2a: Kleavor|Kleavor, L50, F|100/100
|switch|p2b: Sableye|Sableye, L50, F|100/100
|-ability|p1a: Tinkaton|Mold Breaker
|turn|1
|
|t:|1786021875
|move|p2b: Sableye|Fake Out|p1b: Kleavor
|-resisted|p1b: Kleavor|1
|-damage|p1b: Kleavor|93/100
|move|p2a: Kleavor|Stone Axe|p1b: Kleavor
|-supereffective|p1b: Kleavor|1
|-damage|p1b: Kleavor|0 fnt
|-sidestart|p1: hadecat|move: Stealth Rock
|faint|p1b: Kleavor
|move|p1a: Tinkaton|Play Rough|p2b: Sableye
|-supereffective|p2b: Sableye|1
|-enditem|p2b: Sableye|Focus Sash
|-damage|p2b: Sableye|1/100
|
|upkeep
|
|t:|1786021889
|switch|p1b: Heliolisk|Heliolisk, L50, M|100/100
|-damage|p1b: Heliolisk|87/100|[from] Stealth Rock
|turn|2
|
|t:|1786021927
|move|p2b: Sableye|Encore|p1a: Tinkaton
|-start|p1a: Tinkaton|Encore
|move|p2a: Kleavor|Stone Axe|p1b: Heliolisk
|-damage|p1b: Heliolisk|0 fnt
|faint|p1b: Heliolisk
|move|p1a: Tinkaton|Play Rough|p2b: Sableye
|-supereffective|p2b: Sableye|1
|-damage|p2b: Sableye|0 fnt
|faint|p2b: Sableye
|
|upkeep
|
|t:|1786021947
|switch|p1b: Slowbro|Slowbro, L50, F|100/100
|switch|p2b: Steelix|Steelix, L50, F|100/100
|-damage|p1b: Slowbro|87/100|[from] Stealth Rock
|turn|3
|
|t:|1786021984
|switch|p2a: Slowbro|Slowbro, L50, F|100/100
|detailschange|p1b: Slowbro|Slowbro-Mega, L50, F
|-mega|p1b: Slowbro|Slowbro|Slowbronite
|detailschange|p2b: Steelix|Steelix-Mega, L50, F
|-mega|p2b: Steelix|Steelix|Steelixite
|move|p2b: Steelix|Protect|p2b: Steelix
|-singleturn|p2b: Steelix|Protect
|move|p1a: Tinkaton|Play Rough|p2a: Slowbro
|-crit|p2a: Slowbro
|-damage|p2a: Slowbro|57/100
|move|p1b: Slowbro|Surf|p2b: Steelix|[spread] p1a,p2a
|-activate|p2b: Steelix|move: Protect
|-resisted|p2a: Slowbro|1
|-damage|p1a: Tinkaton|67/100
|-damage|p2a: Slowbro|47/100
|
|upkeep
|turn|4
|
|t:|1786022039
|move|p2a: Slowbro|Protect|p2a: Slowbro
|-singleturn|p2a: Slowbro|Protect
|move|p1a: Tinkaton|Play Rough|p2a: Slowbro
|-activate|p2a: Slowbro|move: Protect
|move|p1b: Slowbro|Flamethrower|p2b: Steelix
|-supereffective|p2b: Steelix|1
|-damage|p2b: Steelix|49/100
|move|p2b: Steelix|Stomping Tantrum|p1a: Tinkaton
|-supereffective|p1a: Tinkaton|1
|-damage|p1a: Tinkaton|0 fnt
|faint|p1a: Tinkaton
|
|upkeep
|turn|5
|
|t:|1786022065
|move|p2b: Steelix|Protect|p2b: Steelix
|-singleturn|p2b: Steelix|Protect
|move|p1b: Slowbro|Flamethrower|p2b: Steelix
|-activate|p2b: Steelix|move: Protect
|move|p2a: Slowbro|Trick Room|p2a: Slowbro
|-fieldstart|move: Trick Room|[of] p2a: Slowbro
|
|upkeep
|turn|6
|
|t:|1786022085
|move|p2b: Steelix|Stomping Tantrum|p1b: Slowbro
|-damage|p1b: Slowbro|70/100
|move|p2a: Slowbro|Iron Defense|p2a: Slowbro
|-boost|p2a: Slowbro|def|2
|move|p1b: Slowbro|Surf|p2b: Steelix|[spread] p2a,p2b
|-resisted|p2a: Slowbro|1
|-supereffective|p2b: Steelix|1
|-damage|p2a: Slowbro|35/100
|-damage|p2b: Steelix|0 fnt
|faint|p2b: Steelix
|
|upkeep
|
|t:|1786022112
|switch|p2b: Kleavor|Kleavor, L50, F|100/100
|turn|7
|
|t:|1786022127
|move|p1b: Slowbro|Surf|p2b: Kleavor|[spread] p2a,p2b
|-resisted|p2a: Slowbro|1
|-supereffective|p2b: Kleavor|1
|-damage|p2a: Slowbro|25/100
|-damage|p2b: Kleavor|1/100
|move|p2b: Kleavor|X-Scissor|p1b: Slowbro
|-supereffective|p1b: Slowbro|1
|-damage|p1b: Slowbro|16/100
|move|p2a: Slowbro|Trick Room|p2a: Slowbro
|-fieldend|move: Trick Room
|
|upkeep
|turn|8
|
|t:|1786022144
|move|p2b: Kleavor|X-Scissor|p1b: Slowbro
|-supereffective|p1b: Slowbro|1
|-damage|p1b: Slowbro|0 fnt
|faint|p1b: Slowbro
|
|win|prince42
