|j|☆hadecat
|j|☆grrimm32
|html|hadecatgrrimm32    
|uhtml|bestof|Game 2 of a best-of-3
|t:|1785666091
|gametype|doubles
|player|p1|hadecat|169|
|player|p2|grrimm32|iono-masters|
|gen|9
|tier|[Gen 9 Champions] VGC 2026 Reg M-B (Bo3)
|rule|Species Clause: Limit one of each Pokémon
|rule|Item Clause: Limit 1 of each item
|clearpoke
|poke|p1|Heliolisk, L50, M|
|poke|p1|Simisear, L50, M|
|poke|p1|Zoroark, L50, M|
|poke|p1|Runerigus, L50, F|
|poke|p1|Tinkaton, L50, F|
|poke|p1|Toucannon, L50, M|
|poke|p2|Heliolisk, L50, F|
|poke|p2|Tinkaton, L50, F, shiny|
|poke|p2|Toucannon, L50, F, shiny|
|poke|p2|Simisear, L50, F|
|poke|p2|Zoroark, L50, F, shiny|
|poke|p2|Simisage, L50, F|
|teampreview|4
|showteam|p1|Heliolisk||FocusSash|SolarPower|Electroweb,VoltSwitch,Discharge,GrassKnot|Timid||M|||50|]Simisear||HeatRock|Blaze|SunnyDay,Protect,FlareBlitz,FakeOut|Jolly||M|||50|]Zoroark||ChoiceScarf|Illusion|HyperVoice,Flamethrower,SludgeBomb,NightDaze|Timid||M|||50|]Runerigus||Leftovers|WanderingSpirit|BodyPress,Poltergeist,RockSlide,Protect|Impish||F|||50|]Tinkaton||ShucaBerry|MoldBreaker|GigatonHammer,PlayRough,SwordsDance,KnockOff|Jolly||F|||50|]Toucannon||ExpertBelt|SkillLink|FlameCharge,BulletSeed,RockBlast,Tailwind|Jolly||M|||50|
|showteam|p2|Heliolisk||LifeOrb|DrySkin|Thunderbolt,HyperVoice,Protect,GrassKnot|Timid||F|||50|]Tinkaton||Leftovers|MoldBreaker|FakeOut,KnockOff,GigatonHammer,ThunderWave|Jolly||F|||50|]Toucannon||WacanBerry|SkillLink|Tailwind,TemperFlare,Protect,BraveBird|Adamant||F|||50|]Simisear||SitrusBerry|Blaze|FakeOut,WillOWisp,Protect,Flamethrower|Timid||F|||50|]Zoroark||FocusSash|Illusion|NastyPlot,Protect,DarkPulse,Flamethrower|Timid||F|||50|]Simisage||MiracleSeed|Overgrow|FakeOut,RockSlide,SeedBomb,HelpingHand|Jolly||F|||50|
|
|t:|1785666141
|teamsize|p1|4
|teamsize|p2|4
|start
|switch|p1a: Simisear|Simisear, L50, M|100/100
|switch|p1b: Heliolisk|Heliolisk, L50, M|100/100
|switch|p2a: Simisage|Simisage, L50, F|100/100
|switch|p2b: Heliolisk|Heliolisk, L50, F|100/100
|turn|1
|
|t:|1785666156
|move|p2a: Simisage|Protect|p2a: Simisage
|-singleturn|p2a: Simisage|Protect
|move|p1a: Simisear|Protect|p1a: Simisear
|-singleturn|p1a: Simisear|Protect
|move|p2b: Heliolisk|Hyper Voice|p1a: Simisear|[spread] p1b
|-activate|p1a: Simisear|move: Protect
|-damage|p1b: Heliolisk|49/100
|-damage|p2b: Heliolisk|90/100|[from] item: Life Orb
|move|p1b: Heliolisk|Electroweb|p2a: Simisage|[spread] p2b
|-activate|p2a: Simisage|move: Protect
|-resisted|p2b: Heliolisk|1
|-damage|p2b: Heliolisk|78/100
|-unboost|p2b: Heliolisk|spe|1
|
|upkeep
|turn|2
|
|t:|1785666182
|move|p1b: Heliolisk|Volt Switch|p2b: Heliolisk
|-resisted|p2b: Heliolisk|1
|-damage|p2b: Heliolisk|56/100
|
|t:|1785666193
|switch|p1b: Runerigus|Runerigus, L50, F|100/100|[from] Volt Switch
|move|p2a: Simisage|Dark Pulse|p1b: Runerigus
|-supereffective|p1b: Runerigus|1
|-damage|p1b: Runerigus|11/100
|move|p1a: Simisear|Sunny Day|p1a: Simisear
|-weather|SunnyDay
|move|p2b: Heliolisk|Hyper Voice|p1b: Runerigus|[spread] p1a
|-immune|p1b: Runerigus
|-damage|p1a: Simisear|34/100
|-damage|p2b: Heliolisk|47/100|[from] item: Life Orb
|
|-weather|SunnyDay|[upkeep]
|-damage|p2b: Heliolisk|35/100|[from] ability: Dry Skin|[of] p2b: Heliolisk
|-heal|p1b: Runerigus|17/100|[from] item: Leftovers
|upkeep
|turn|3
|
|t:|1785666228
|move|p1b: Runerigus|Protect|p1b: Runerigus
|-singleturn|p1b: Runerigus|Protect
|move|p2a: Simisage|Dark Pulse|p1b: Runerigus
|-activate|p1b: Runerigus|move: Protect
|move|p1a: Simisear|Flare Blitz|p2a: Simisage
|-enditem|p2a: Simisage|Focus Sash
|-damage|p2a: Simisage|1/100
|replace|p2a: Zoroark|Zoroark, L50, F, shiny
|-end|p2a: Zoroark|Illusion
|-damage|p1a: Simisear|4/100|[from] Recoil
|move|p2b: Heliolisk|Hyper Voice|p1b: Runerigus|[spread] p1a
|-activate|p1b: Runerigus|move: Protect
|-crit|p1a: Simisear
|-damage|p1a: Simisear|0 fnt
|faint|p1a: Simisear
|-damage|p2b: Heliolisk|25/100|[from] item: Life Orb
|
|-weather|SunnyDay|[upkeep]
|-damage|p2b: Heliolisk|13/100|[from] ability: Dry Skin|[of] p2b: Heliolisk
|-heal|p1b: Runerigus|23/100|[from] item: Leftovers
|upkeep
|
|t:|1785666262
|switch|p1a: Heliolisk|Heliolisk, L50, M|49/100
|turn|4
|
|t:|1785666271
|move|p2a: Zoroark|Protect|p2a: Zoroark
|-singleturn|p2a: Zoroark|Protect
|move|p1b: Runerigus|Protect|p1b: Runerigus
|-singleturn|p1b: Runerigus|Protect
|move|p1a: Heliolisk|Electroweb|p2b: Heliolisk|[spread] p2b
|-activate|p2a: Zoroark|move: Protect
|-resisted|p2b: Heliolisk|1
|-damage|p2b: Heliolisk|0 fnt
|faint|p2b: Heliolisk
|
|-weather|SunnyDay|[upkeep]
|-damage|p1a: Heliolisk|37/100|[from] ability: Solar Power|[of] p1a: Heliolisk
|-heal|p1b: Runerigus|29/100|[from] item: Leftovers
|upkeep
|
|t:|1785666279
|switch|p2b: Simisage|Simisage, L50, F|100/100
|turn|5
|
|t:|1785666300
|move|p2b: Simisage|Fake Out|p1a: Heliolisk
|-damage|p1a: Heliolisk|10/100
|cant|p1a: Heliolisk|flinch
|move|p2a: Zoroark|Flamethrower|p1a: Heliolisk
|-damage|p1a: Heliolisk|0 fnt
|faint|p1a: Heliolisk
|move|p1b: Runerigus|Poltergeist|p2b: Simisage|[miss]
|-miss|p1b: Runerigus|p2b: Simisage
|
|-weather|SunnyDay|[upkeep]
|-heal|p1b: Runerigus|35/100|[from] item: Leftovers
|upkeep
|
|t:|1785666311
|switch|p1a: Toucannon|Toucannon, L50, M|100/100
|turn|6
|
|t:|1785666325
|move|p2a: Zoroark|Protect|p2a: Zoroark
|-singleturn|p2a: Zoroark|Protect
|move|p1b: Runerigus|Protect|p1b: Runerigus
|-singleturn|p1b: Runerigus|Protect
|move|p2b: Simisage|Rock Slide|p1a: Toucannon|[spread] p1a
|-activate|p1b: Runerigus|move: Protect
|-supereffective|p1a: Toucannon|1
|-damage|p1a: Toucannon|51/100
|move|p1a: Toucannon|Tailwind|p1a: Toucannon
|-sidestart|p1: hadecat|move: Tailwind
|
|-weather|SunnyDay|[upkeep]
|-heal|p1b: Runerigus|41/100|[from] item: Leftovers
|upkeep
|turn|7
|
|t:|1785666359
|switch|p2a: Simisear|Simisear, L50, F|100/100
|move|p1a: Toucannon|Rock Blast|p2a: Simisear|[miss]
|-miss|p1a: Toucannon|p2a: Simisear
|move|p2b: Simisage|Seed Bomb|p1b: Runerigus
|-supereffective|p1b: Runerigus|1
|-damage|p1b: Runerigus|0 fnt
|faint|p1b: Runerigus
|
|-weather|SunnyDay|[upkeep]
|upkeep
|turn|8
|
|t:|1785666451
|move|p2a: Simisear|Fake Out|p1a: Toucannon
|-damage|p1a: Toucannon|38/100
|cant|p1a: Toucannon|flinch
|move|p2b: Simisage|Rock Slide|p1a: Toucannon
|-supereffective|p1a: Toucannon|1
|-damage|p1a: Toucannon|0 fnt
|faint|p1a: Toucannon
|
|win|grrimm32
||grrimm32 is ready for game 3.
|inactive|hadecat has 30 seconds to confirm battle start!
||hadecat is ready for game 3.
|uhtml|next|Next: Game 3 of 3
