|j|☆hadecat
|j|☆prince42
|html|hadecatprince42    
|uhtml|bestof|Game 1 of a best-of-3
|t:|1786021452
|gametype|doubles
|player|p1|hadecat|265|
|player|p2|prince42|1|
|gen|9
|tier|[Gen 9 Champions] VGC 2026 Reg M-B (Bo3)
|rule|Species Clause: Limit one of each Pokémon
|rule|Item Clause: Limit 1 of each item
|clearpoke
|poke|p1|Sableye, L50, F|
|poke|p1|Heliolisk, L50, M|
|poke|p1|Slowbro, L50, F|
|poke|p1|Zoroark, L50, M|
|poke|p1|Kleavor, L50, F|
|poke|p1|Tinkaton, L50, F|
|poke|p2|Steelix, L50, F|
|poke|p2|Hippowdon, L50, F|
|poke|p2|Sableye, L50, M|
|poke|p2|Slowbro, L50, M|
|poke|p2|Kleavor, L50, F|
|poke|p2|Heliolisk, L50, F|
|teampreview|4
|showteam|p1|Sableye||Leftovers|Prankster|Taunt,Encore,RainDance,Protect|Careful||F|||50|]Heliolisk||LifeOrb|DrySkin|HyperVoice,Electroweb,Thunder,Surf|Timid||M|||50|]Slowbro||Slowbronite|Regenerator|Surf,Protect,Flamethrower,SlackOff|Bold||F|||50|]Zoroark||ChoiceScarf|Illusion|DarkPulse,Flamethrower,GrassKnot,HyperVoice|Timid||M|||50|]Kleavor||FocusSash|Sharpness|StoneAxe,RockSlide,Uturn,CloseCombat|Jolly||F|||50|]Tinkaton||ExpertBelt|MoldBreaker|GigatonHammer,FakeOut,PlayRough,KnockOff|Jolly||F|||50|
|showteam|p2|Steelix||Steelixite|RockHead|WideGuard,Protect,StompingTantrum,HeavySlam|Brave||F|||50|]Hippowdon||SitrusBerry|SandStream|Yawn,RockSlide,SlackOff,Fissure|Sassy||F|||50|]Sableye||FocusSash|Prankster|FakeOut,Reflect,LightScreen,Encore|Jolly||M|||50|]Slowbro||Slowbronite|Regenerator|TrickRoom,IronDefense,BodyPress,Protect|Sassy||M|||50|]Kleavor||ChoiceScarf|Sharpness|XScissor,RockSlide,StoneAxe,NightSlash|Jolly||F|||50|]Heliolisk||LifeOrb|DrySkin|Protect,Thunderbolt,HyperVoice,VoltSwitch|Timid||F|||50|
|
|t:|1786021521
|teamsize|p1|4
|teamsize|p2|4
|start
|switch|p1a: Sableye|Sableye, L50, F|100/100
|switch|p1b: Heliolisk|Heliolisk, L50, M|100/100
|switch|p2a: Sableye|Sableye, L50, M|100/100
|switch|p2b: Kleavor|Kleavor, L50, F|100/100
|turn|1
|c|☆prince42|glhf
|
|t:|1786021572
|move|p2a: Sableye|Fake Out|p1b: Heliolisk
|-damage|p1b: Heliolisk|78/100
|replace|p1b: Zoroark|Zoroark, L50, M
|-end|p1b: Zoroark|Illusion
|move|p1a: Sableye|Rain Dance|p1a: Sableye
|-weather|RainDance
|cant|p1b: Zoroark|flinch
|move|p2b: Kleavor|X-Scissor|p1b: Zoroark
|-supereffective|p1b: Zoroark|1
|-damage|p1b: Zoroark|0 fnt
|faint|p1b: Zoroark
|
|-weather|RainDance|[upkeep]
|upkeep
|
|t:|1786021586
|switch|p1b: Slowbro|Slowbro, L50, F|100/100
|turn|2
|
|t:|1786021610
|switch|p1a: Heliolisk|Heliolisk, L50, M|100/100
|detailschange|p1b: Slowbro|Slowbro-Mega, L50, F
|-mega|p1b: Slowbro|Slowbro|Slowbronite
|move|p2a: Sableye|Light Screen|p2a: Sableye
|-sidestart|p2: prince42|move: Light Screen
|move|p2b: Kleavor|X-Scissor|p1b: Slowbro
|-supereffective|p1b: Slowbro|1
|-damage|p1b: Slowbro|49/100
|move|p1b: Slowbro|Surf|p2a: Sableye|[spread] p2a,p2b
|-immune|p1a: Heliolisk|[from] ability: Dry Skin
|-supereffective|p2b: Kleavor|1
|-damage|p2a: Sableye|39/100
|-damage|p2b: Kleavor|12/100
|
|-weather|RainDance|[upkeep]
|upkeep
|turn|3
|
|t:|1786021639
|move|p1b: Slowbro|Protect|p1b: Slowbro
|-singleturn|p1b: Slowbro|Protect
|move|p2a: Sableye|Encore|p1b: Slowbro
|-activate|p1b: Slowbro|move: Protect
|move|p2b: Kleavor|X-Scissor|p1a: Heliolisk
|-damage|p1a: Heliolisk|0 fnt
|faint|p1a: Heliolisk
|
|-weather|RainDance|[upkeep]
|upkeep
|
|t:|1786021647
|switch|p1a: Sableye|Sableye, L50, F|100/100
|turn|4
|
|t:|1786021681
|move|p1a: Sableye|Protect|p1a: Sableye
|-singleturn|p1a: Sableye|Protect
|move|p2a: Sableye|Encore|p1b: Slowbro
|-start|p1b: Slowbro|Encore
|move|p1b: Slowbro|Protect|p1b: Slowbro
|-singleturn|p1b: Slowbro|Protect
|move|p2b: Kleavor|X-Scissor|p1b: Slowbro
|-activate|p1b: Slowbro|move: Protect
|
|-weather|RainDance|[upkeep]
|upkeep
|turn|5
|
|t:|1786021703
|move|p1b: Slowbro|Protect||[still]
|-fail|p1b: Slowbro
|move|p2a: Sableye|Reflect|p2a: Sableye
|-sidestart|p2: prince42|Reflect
|move|p1a: Sableye|Encore|p2b: Kleavor
|-start|p2b: Kleavor|Encore
|move|p2b: Kleavor|X-Scissor|p1b: Slowbro
|-supereffective|p1b: Slowbro|1
|-damage|p1b: Slowbro|0 fnt
|faint|p1b: Slowbro
|
|-weather|none
|upkeep
|turn|6
|
|t:|1786021723
|move|p2a: Sableye|Light Screen||[still]
|-fail|p2a: Sableye
|move|p1a: Sableye|Taunt|p2b: Kleavor
|-start|p2b: Kleavor|move: Taunt
|move|p2b: Kleavor|X-Scissor|p1a: Sableye
|-damage|p1a: Sableye|14/100
|
|-heal|p1a: Sableye|19/100|[from] item: Leftovers
|-sideend|p2: prince42|move: Light Screen
|upkeep
|turn|7
|
|t:|1786021737
|move|p2a: Sableye|Encore|p1a: Sableye
|-hint|Since gen 7, Dark is immune to Prankster moves.
|-immune|p1a: Sableye
|move|p1a: Sableye|Rain Dance|p1a: Sableye
|-weather|RainDance
|move|p2b: Kleavor|X-Scissor|p1a: Sableye
|-damage|p1a: Sableye|0 fnt
|faint|p1a: Sableye
|
|win|prince42
||hadecat is ready for game 2.
||prince42 is ready for game 2.
|uhtml|next|Next: Game 2 of 3
