|j|☆Hadrian1917
|j|☆hamlessmel
|html|Hadrian1917hamlessmel    
|uhtml|bestof|Game 3 of a best-of-3
|t:|1756938425
|gametype|doubles
|player|p1|Hadrian1917|1|1136
|player|p2|hamlessmel|dawn-gen4pt|1179
|gen|9
|tier|[Gen 9] VGC 2025 Reg H (Bo3)
|rated|
|rule|Species Clause: Limit one of each Pokémon
|rule|Item Clause: Limit 1 of each item
|clearpoke
|poke|p1|Annihilape, L50, M|
|poke|p1|Dragonite, L50, F|
|poke|p1|Ursaluna-Bloodmoon, L50, M|
|poke|p1|Rillaboom, L50, F|
|poke|p1|Gholdengo, L50|
|poke|p1|Maushold, L50|
|poke|p2|Annihilape, L50, F|
|poke|p2|Dragonite, L50, F|
|poke|p2|Gholdengo, L50|
|poke|p2|Ursaluna-Bloodmoon, L50, M|
|poke|p2|Incineroar, L50, F|
|poke|p2|Rillaboom, L50, F|
|teampreview|4
|showteam|p1|Annihilape||SitrusBerry|Defiant|Protect,BulkUp,RageFist,DrainPunch|||M|||50|,,,,,Fire]Dragonite||LoadedDice|Multiscale|Protect,ScaleShot,Haze,Tailwind|||F|||50|,,,,,Steel]Ursaluna-Bloodmoon||AssaultVest|MindsEye|HyperVoice,EarthPower,BloodMoon,VacuumWave|||M|||50|,,,,,Dragon]Rillaboom||MiracleSeed|GrassySurge|FakeOut,WoodHammer,GrassyGlide,HighHorsepower|||F|||50|,,,,,Fire]Gholdengo||LifeOrb|GoodasGold|Protect,NastyPlot,ShadowBall,MakeItRain||||||50|,,,,,Water]Maushold||FocusSash|FriendGuard|Protect,BeatUp,FollowMe,SuperFang||||||50|,,,,,Ghost
|showteam|p2|Annihilape||Leftovers|VitalSpirit|BulkUp,Protect,RageFist,DrainPunch|||F|||50|,,,,,Grass]Dragonite||LoadedDice|Multiscale|Protect,Tailwind,ScaleShot,StompingTantrum|||F|||50|,,,,,Steel]Gholdengo||MetalCoat|GoodasGold|MakeItRain,Protect,NastyPlot,ShadowBall||||||50|,,,,,Steel]Ursaluna-Bloodmoon||LifeOrb|MindsEye|Protect,BloodMoon,EarthPower,VacuumWave|||M|||50|,,,,,Normal]Incineroar||SafetyGoggles|Intimidate|FakeOut,FlareBlitz,KnockOff,PartingShot|||F|||50|,,,,,Ghost]Rillaboom||AssaultVest|GrassySurge|StompingTantrum,GrassyGlide,FakeOut,WoodHammer|||F|||50|,,,,,Water
|
|t:|1756938442
|teamsize|p1|4
|teamsize|p2|4
|start
|switch|p1a: Annihilape|Annihilape, L50, M, shiny|100/100
|switch|p1b: Dragonite|Dragonite, L50, F, shiny|100/100
|switch|p2a: Dragonite|Dragonite, L50, F|100/100
|switch|p2b: Gholdengo|Gholdengo, L50|100/100
|turn|1
|inactive|Battle timer is ON: inactive players will automatically lose when time's up. (requested by Hadrian1917)
|
|t:|1756938483
|switch|p1a: Maushold|Maushold, L50, shiny|100/100
|-terastallize|p1b: Dragonite|Steel
|-terastallize|p2a: Dragonite|Steel
|move|p2b: Gholdengo|Nasty Plot|p2b: Gholdengo
|-boost|p2b: Gholdengo|spa|2
|move|p1b: Dragonite|Scale Shot|p2b: Gholdengo
|-resisted|p2b: Gholdengo
|-damage|p2b: Gholdengo|92/100
|-resisted|p2b: Gholdengo
|-damage|p2b: Gholdengo|84/100
|-resisted|p2b: Gholdengo
|-damage|p2b: Gholdengo|76/100
|-resisted|p2b: Gholdengo
|-damage|p2b: Gholdengo|67/100
|-hitcount|p2b: Gholdengo|4
|-unboost|p1b: Dragonite|def|1
|-boost|p1b: Dragonite|spe|1
|move|p2a: Dragonite|Tailwind|p2a: Dragonite
|-sidestart|p2: hamlessmel|move: Tailwind
|
|upkeep
|turn|2
|inactive|Hadrian1917 has 30 seconds left.
|inactive|hamlessmel has 30 seconds left.
|inactive|hamlessmel has 20 seconds left.
|inactive|hamlessmel has 15 seconds left.
|
|t:|1756938527
|move|p1a: Maushold|Protect|p1a: Maushold
|-singleturn|p1a: Maushold|Protect
|move|p2b: Gholdengo|Shadow Ball|p1b: Dragonite
|-damage|p1b: Dragonite|64/100
|move|p2a: Dragonite|Scale Shot|p1a: Maushold
|-activate|p1a: Maushold|move: Protect
|move|p1b: Dragonite|Tailwind|p1b: Dragonite
|-sidestart|p1: Hadrian1917|move: Tailwind
|
|upkeep
|turn|3
|inactive|Hadrian1917 has 30 seconds left.
|inactive|hamlessmel has 30 seconds left.
|inactive|Hadrian1917 has 20 seconds left.
|inactive|hamlessmel has 20 seconds left.
|inactive|hamlessmel has 15 seconds left.
|
|t:|1756938571
|move|p1b: Dragonite|Scale Shot|p2b: Gholdengo
|-resisted|p2b: Gholdengo
|-damage|p2b: Gholdengo|59/100
|-resisted|p2b: Gholdengo
|-damage|p2b: Gholdengo|49/100
|-resisted|p2b: Gholdengo
|-damage|p2b: Gholdengo|40/100
|-resisted|p2b: Gholdengo
|-damage|p2b: Gholdengo|31/100
|-hitcount|p2b: Gholdengo|4
|-unboost|p1b: Dragonite|def|1
|-boost|p1b: Dragonite|spe|1
|move|p1a: Maushold|Super Fang|p2a: Dragonite
|-damage|p2a: Dragonite|50/100
|move|p2b: Gholdengo|Nasty Plot|p2b: Gholdengo
|-boost|p2b: Gholdengo|spa|2
|move|p2a: Dragonite|Scale Shot|p1a: Maushold
|-damage|p1a: Maushold|84/100
|-damage|p1a: Maushold|67/100
|-damage|p1a: Maushold|50/100
|-crit|p1a: Maushold
|-damage|p1a: Maushold|23/100
|-hitcount|p1a: Maushold|4
|-unboost|p2a: Dragonite|def|1
|-boost|p2a: Dragonite|spe|1
|
|upkeep
|turn|4
|inactive|Hadrian1917 has 30 seconds left.
|inactive|hamlessmel has 30 seconds left.
|inactive|Hadrian1917 has 20 seconds left.
|inactive|hamlessmel has 20 seconds left.
|inactive|Hadrian1917 has 15 seconds left.
|inactive|hamlessmel has 15 seconds left.
|inactive|hamlessmel has 10 seconds left.
|inactive|hamlessmel has 5 seconds left.
|
|t:|1756938627
|move|p1a: Maushold|Protect|p1a: Maushold
|-singleturn|p1a: Maushold|Protect
|move|p2b: Gholdengo|Protect|p2b: Gholdengo
|-singleturn|p2b: Gholdengo|Protect
|move|p1b: Dragonite|Scale Shot|p2a: Dragonite
|-resisted|p2a: Dragonite
|-damage|p2a: Dragonite|40/100
|-resisted|p2a: Dragonite
|-damage|p2a: Dragonite|28/100
|-resisted|p2a: Dragonite
|-damage|p2a: Dragonite|18/100
|-resisted|p2a: Dragonite
|-damage|p2a: Dragonite|7/100
|-resisted|p2a: Dragonite
|-damage|p2a: Dragonite|0 fnt
|faint|p2a: Dragonite
|-hitcount|p2: Dragonite|5
|-unboost|p1b: Dragonite|def|1
|-boost|p1b: Dragonite|spe|1
|
|-sideend|p2: hamlessmel|move: Tailwind
|upkeep
|
|t:|1756938645
|switch|p2a: Rillaboom|Rillaboom, L50, F|100/100
|-fieldstart|move: Grassy Terrain|[from] ability: Grassy Surge|[of] p2a: Rillaboom
|turn|5
|
|t:|1756938658
|move|p1b: Dragonite|Protect|p1b: Dragonite
|-singleturn|p1b: Dragonite|Protect
|move|p2a: Rillaboom|Fake Out|p1b: Dragonite
|-activate|p1b: Dragonite|move: Protect
|move|p1a: Maushold|Super Fang|p2a: Rillaboom
|-damage|p2a: Rillaboom|51/100
|move|p2b: Gholdengo|Make It Rain|p1a: Maushold|[spread] p1a
|-activate|p1b: Dragonite|move: Protect
|-damage|p1a: Maushold|0 fnt
|-unboost|p2b: Gholdengo|spa|1
|faint|p1a: Maushold
|
|-heal|p1b: Dragonite|70/100|[from] Grassy Terrain
|-heal|p2b: Gholdengo|38/100|[from] Grassy Terrain
|-heal|p2a: Rillaboom|57/100|[from] Grassy Terrain
|-sideend|p1: Hadrian1917|move: Tailwind
|upkeep
|
|t:|1756938673
|switch|p1a: Annihilape|Annihilape, L50, M, shiny|100/100
|turn|6
|inactive|Hadrian1917 has 30 seconds left.
|inactive|Hadrian1917 has 20 seconds left.
|inactive|Hadrian1917 has 15 seconds left.
|inactive|Hadrian1917 has 10 seconds left.
|
|t:|1756938720
|move|p2a: Rillaboom|Grassy Glide|p1b: Dragonite
|-resisted|p1b: Dragonite
|-damage|p1b: Dragonite|15/100
|move|p1b: Dragonite|Scale Shot|p2b: Gholdengo
|-resisted|p2b: Gholdengo
|-damage|p2b: Gholdengo|28/100
|-resisted|p2b: Gholdengo
|-damage|p2b: Gholdengo|20/100
|-resisted|p2b: Gholdengo
|-damage|p2b: Gholdengo|10/100
|-resisted|p2b: Gholdengo
|-damage|p2b: Gholdengo|1/100
|-hitcount|p2b: Gholdengo|4
|-unboost|p1b: Dragonite|def|1
|-boost|p1b: Dragonite|spe|1
|move|p1a: Annihilape|Rage Fist|p2b: Gholdengo
|-supereffective|p2b: Gholdengo
|-damage|p2b: Gholdengo|0 fnt
|faint|p2b: Gholdengo
|
|-heal|p1b: Dragonite|21/100|[from] Grassy Terrain
|-heal|p2a: Rillaboom|62/100|[from] Grassy Terrain
|upkeep
|
|t:|1756938738
|switch|p2b: Ursaluna|Ursaluna-Bloodmoon, L50, M|100/100
|turn|7
|
|t:|1756938759
|move|p1b: Dragonite|Protect|p1b: Dragonite
|-singleturn|p1b: Dragonite|Protect
|move|p1a: Annihilape|Protect|p1a: Annihilape
|-singleturn|p1a: Annihilape|Protect
|move|p2a: Rillaboom|Grassy Glide|p1b: Dragonite
|-activate|p1b: Dragonite|move: Protect
|move|p2b: Ursaluna|Blood Moon|p1a: Annihilape
|-activate|p1a: Annihilape|move: Protect
|
|-heal|p1b: Dragonite|27/100|[from] Grassy Terrain
|-heal|p2a: Rillaboom|68/100|[from] Grassy Terrain
|upkeep
|turn|8
|inactive|Hadrian1917 has 30 seconds left.
|inactive|hamlessmel has 30 seconds left.
|inactive|hamlessmel has 20 seconds left.
|inactive|hamlessmel has 15 seconds left.
|
|t:|1756938804
|move|p2b: Ursaluna|Vacuum Wave|p1b: Dragonite
|-supereffective|p1b: Dragonite
|-damage|p1b: Dragonite|0 fnt
|faint|p1b: Dragonite
|-damage|p2b: Ursaluna|91/100|[from] item: Life Orb
|move|p1a: Annihilape|Bulk Up|p1a: Annihilape
|-boost|p1a: Annihilape|atk|1
|-boost|p1a: Annihilape|def|1
|move|p2a: Rillaboom|Wood Hammer|p1a: Annihilape
|-damage|p1a: Annihilape|43/100
|-enditem|p1a: Annihilape|Sitrus Berry|[eat]
|-heal|p1a: Annihilape|68/100|[from] item: Sitrus Berry
|-damage|p2a: Rillaboom|47/100|[from] Recoil
|
|-heal|p1a: Annihilape|74/100|[from] Grassy Terrain
|-heal|p2a: Rillaboom|53/100|[from] Grassy Terrain
|-heal|p2b: Ursaluna|97/100|[from] Grassy Terrain
|upkeep
|
|t:|1756938819
|switch|p1b: Rillaboom|Rillaboom, L50, F, shiny|100/100
|turn|9
|inactive|hamlessmel has 30 seconds left.
|inactive|hamlessmel has 20 seconds left.
|inactive|hamlessmel has 15 seconds left.
|
|t:|1756938860
|move|p1a: Annihilape|Bulk Up|p1a: Annihilape
|-boost|p1a: Annihilape|atk|1
|-boost|p1a: Annihilape|def|1
|move|p1b: Rillaboom|Wood Hammer|p2b: Ursaluna
|-supereffective|p2b: Ursaluna
|-damage|p2b: Ursaluna|0 fnt
|faint|p2b: Ursaluna
|-damage|p1b: Rillaboom|67/100|[from] Recoil
|move|p2a: Rillaboom|Wood Hammer|p1a: Annihilape
|-damage|p1a: Annihilape|28/100
|-damage|p2a: Rillaboom|36/100|[from] Recoil
|
|-heal|p1a: Annihilape|34/100|[from] Grassy Terrain
|-heal|p1b: Rillaboom|73/100|[from] Grassy Terrain
|-heal|p2a: Rillaboom|42/100|[from] Grassy Terrain
|-fieldend|move: Grassy Terrain
|upkeep
|turn|10
|-message|hamlessmel forfeited.
|
|win|Hadrian1917
|raw|Hadrian1917's rating: 1136 → 1164(+28 for winning)
|raw|hamlessmel's rating: 1179 → 1151(-28 for losing)
|l|☆hamlessmel
|player|p2|
