|j|☆DrChunkalicious
|j|☆mclashgaming
|html|DrChunkaliciousmclashgaming    
|uhtml|bestof|Game 2 of a best-of-3
|t:|1783314341
|gametype|doubles
|player|p1|DrChunkalicious|scientist-gen4|
|player|p2|mclashgaming|1|
|gen|9
|tier|[Gen 9 Champions] VGC 2026 Reg M-B (Bo3)
|rule|Species Clause: Limit one of each Pokémon
|rule|Item Clause: Limit 1 of each item
|clearpoke
|poke|p1|Raichu, L50, M, shiny|
|poke|p1|Sinistcha-Masterpiece, L50, shiny|
|poke|p1|Sneasler, L50, F, shiny|
|poke|p1|Primarina, L50, M, shiny|
|poke|p1|Gengar, L50, M, shiny|
|poke|p1|Ditto, L50, shiny|
|poke|p2|Garchomp, L50, F|
|poke|p2|Charizard, L50, M, shiny|
|poke|p2|Venusaur, L50, F|
|poke|p2|Whimsicott, L50, M|
|poke|p2|Incineroar, L50, M|
|poke|p2|Kingambit, L50, F, shiny|
|teampreview|4
|showteam|p1|Raichu||RaichuniteY|LightningRod|ZapCannon,FocusBlast,Surf,NastyPlot|Timid||M|||50|]Sinistcha-Masterpiece||Leftovers|Hospitality|RagePowder,MatchaGotcha,Hex,LifeDew|Bold|||||50|]Sneasler||WhiteHerb|Unburden|Acrobatics,CloseCombat,DireClaw,FakeOut|Adamant||F|||50|]Primarina||ShedShell|LiquidVoice|PerishSong,HyperVoice,Moonblast,IceBeam|Modest||M|||50|]Gengar||Gengarite|CursedBody|DestinyBond,DarkPulse,SludgeWave,ShadowBall|Timid||M|||50|]Ditto||ChoiceScarf|Imposter|Transform|Bold|||||50|
|showteam|p2|Garchomp||HabanBerry|RoughSkin|Earthquake,RockSlide,SwordsDance,Protect|Jolly||F|||50|]Charizard||CharizarditeY|SolarPower|HeatWave,Protect,SolarBeam,WeatherBall|Timid||M|||50|]Venusaur||Leftovers|Chlorophyll|EnergyBall,EarthPower,Protect,SludgeBomb|Modest||F|||50|]Whimsicott||FocusSash|Prankster|Moonblast,Tailwind,LeechSeed,Encore|Bold||M|||50|]Incineroar||SitrusBerry|Intimidate|FakeOut,Protect,PartingShot,FlareBlitz|Careful||M|||50|]Kingambit||ChopleBerry|Defiant|SuckerPunch,IronHead,KowtowCleave,Protect|Adamant||F|||50|
|
|t:|1783314409
|teamsize|p1|4
|teamsize|p2|4
|start
|switch|p1a: Spatk. go brrrr|Raichu, L50, M, shiny|100/100
|switch|p1b: Yoinked|Ditto, L50, shiny|100/100
|switch|p2a: Excalibur|Kingambit, L50, F, shiny|100/100
|switch|p2b: a cat|Incineroar, L50, M|100/100
|-transform|p1b: Yoinked|p2a: Excalibur|[from] ability: Imposter
|-ability|p2b: a cat|Intimidate|boost
|-unboost|p1a: Spatk. go brrrr|atk|1
|-unboost|p1b: Yoinked|atk|1
|-ability|p1b: Yoinked|Defiant|boost
|-boost|p1b: Yoinked|atk|2
|turn|1
|
|t:|1783314470
|detailschange|p1a: Spatk. go brrrr|Raichu-Mega-Y, L50, M, shiny
|-mega|p1a: Spatk. go brrrr|Raichu|Raichunite Y
|move|p2a: Excalibur|Protect|p2a: Excalibur
|-singleturn|p2a: Excalibur|Protect
|move|p2b: a cat|Fake Out|p1a: Spatk. go brrrr
|-damage|p1a: Spatk. go brrrr|76/100
|cant|p1a: Spatk. go brrrr|flinch
|move|p1b: Yoinked|Iron Head|p2b: a cat
|-resisted|p2b: a cat|1
|-damage|p2b: a cat|68/100
|
|upkeep
|turn|2
|
|t:|1783314514
|switch|p2a: a shark|Garchomp, L50, F|100/100
|move|p1a: Spatk. go brrrr|Focus Blast|p2a: a shark
|-damage|p2a: a shark|44/100
|move|p1b: Yoinked|Iron Head|p2b: a cat
|-resisted|p2b: a cat|1
|-damage|p2b: a cat|34/100
|-enditem|p2b: a cat|Sitrus Berry|[eat]
|-heal|p2b: a cat|58/100|[from] item: Sitrus Berry
|move|p2b: a cat|Flare Blitz|p1a: Spatk. go brrrr
|-damage|p1a: Spatk. go brrrr|0 fnt
|faint|p1a: Spatk. go brrrr
|-damage|p2b: a cat|41/100|[from] Recoil
|
|upkeep
|
|t:|1783314520
|switch|p1a: Pavarotti|Primarina, L50, M, shiny|100/100
|turn|3
|
|t:|1783314572
|move|p2b: a cat|Protect|p2b: a cat
|-singleturn|p2b: a cat|Protect
|move|p2a: a shark|Earthquake|p1b: Yoinked|[spread] p1a,p1b
|-activate|p2b: a cat|move: Protect
|-supereffective|p1b: Yoinked|1
|-damage|p1a: Pavarotti|56/100
|-damage|p1b: Yoinked|25/100
|move|p1b: Yoinked|Iron Head|p2a: a shark
|-damage|p2a: a shark|0 fnt
|-damage|p1b: Yoinked|12/100|[from] ability: Rough Skin|[of] p2a: a shark
|faint|p2a: a shark
|move|p1a: Pavarotti|Hyper Voice|p2b: a cat
|-activate|p2b: a cat|move: Protect
|
|upkeep
|
|t:|1783314584
|switch|p2a: a dragon|Charizard, L50, M, shiny|100/100
|turn|4
|
|t:|1783314622
|switch|p2b: Excalibur|Kingambit, L50, F, shiny|100/100
|detailschange|p2a: a dragon|Charizard-Mega-Y, L50, M, shiny
|-mega|p2a: a dragon|Charizard|Charizardite Y
|-weather|SunnyDay|[from] ability: Drought|[of] p2a: a dragon
|move|p2a: a dragon|Solar Beam||[still]
|-prepare|p2a: a dragon|Solar Beam
|-anim|p2a: a dragon|Solar Beam|p1a: Pavarotti
|-supereffective|p1a: Pavarotti|1
|-damage|p1a: Pavarotti|0 fnt
|faint|p1a: Pavarotti
|move|p1b: Yoinked|Iron Head|p2a: a dragon
|-resisted|p2a: a dragon|1
|-damage|p2a: a dragon|48/100
|
|-weather|SunnyDay|[upkeep]
|upkeep
|
|t:|1783314631
|switch|p1a: Salon|Sneasler, L50, F, shiny|100/100
|turn|5
|
|t:|1783314663
|move|p2b: Excalibur|Sucker Punch|p1b: Yoinked
|-resisted|p1b: Yoinked|1
|-damage|p1b: Yoinked|0 fnt
|faint|p1b: Yoinked
|move|p1a: Salon|Close Combat|p2b: Excalibur
|-supereffective|p2b: Excalibur|2
|-enditem|p2b: Excalibur|Chople Berry|[eat]
|-enditem|p2b: Excalibur|Chople Berry|[weaken]
|-damage|p2b: Excalibur|0 fnt
|-unboost|p1a: Salon|def|1
|-unboost|p1a: Salon|spd|1
|faint|p2b: Excalibur
|-enditem|p1a: Salon|White Herb
|-clearnegativeboost|p1a: Salon|[silent]
|move|p2a: a dragon|Weather Ball|p1a: Salon
|-damage|p1a: Salon|0 fnt
|faint|p1a: Salon
|
|win|mclashgaming
|c|☆DrChunkalicious|ggs
|c|☆mclashgaming|ggs
