|j|☆batata2418
|j|☆CretaceousDraconid
|html|batata2418CretaceousDraconid    
|uhtml|bestof|Game 2 of a best-of-3
|t:|1757840388
|gametype|doubles
|player|p1|batata2418|169|1023
|player|p2|CretaceousDraconid|zinnia-masters|1165
|gen|9
|tier|[Gen 9] VGC 2025 Reg H (Bo3)
|rated|
|rule|Species Clause: Limit one of each Pokémon
|rule|Item Clause: Limit 1 of each item
|clearpoke
|poke|p1|Palafin, L50, M|
|poke|p1|Whimsicott, L50, F|
|poke|p1|Incineroar, L50, M|
|poke|p1|Amoonguss, L50, M|
|poke|p1|Farigiraf, L50, F|
|poke|p1|Ursaluna-Bloodmoon, L50, M|
|poke|p2|Rillaboom, L50, M|
|poke|p2|Incineroar, L50, M|
|poke|p2|Salamence, L50, F|
|poke|p2|Garchomp, L50, M|
|poke|p2|Sneasler, L50, F|
|poke|p2|Ninetales-Alola, L50, M|
|teampreview|4
|showteam|p1|Palafin||MysticWater|ZerotoHero|Protect,JetPunch,WaveCrash,CloseCombat|||M|||50|,,,,,Water]Whimsicott||CovertCloak|Prankster|Moonblast,Tailwind,Encore,HelpingHand|||F|||50|,,,,,Ghost]Incineroar||SafetyGoggles|Intimidate|FakeOut,FlareBlitz,KnockOff,PartingShot|||M|||50|,,,,,Ghost]Amoonguss||MentalHerb|Regenerator|Protect,RagePowder,Spore,SludgeBomb|||M|||50|,,,,,Fairy]Farigiraf||SitrusBerry|ArmorTail|Protect,HelpingHand,Psychic,TrickRoom|||F|||50|,,,,,Water]Ursaluna-Bloodmoon||LifeOrb|MindsEye|Protect,BloodMoon,HyperVoice,EarthPower|||M|||50|,,,,,Normal
|showteam|p2|Rillaboom||AssaultVest|GrassySurge|FakeOut,HighHorsepower,Uturn,WoodHammer|||M|||50|,,,,,Fire]Incineroar||SafetyGoggles|Intimidate|FakeOut,Taunt,PartingShot,KnockOff|||M|||50|,,,,,Ghost]Salamence||ChoiceSpecs|Intimidate|Hurricane,HeatWave,DracoMeteor,HydroPump|||F|||50|,,,,,Fire]Garchomp||LoadedDice|RoughSkin|StompingTantrum,Earthquake,ScaleShot,Protect|||M|||50|,,,,,Fairy]Sneasler||FocusSash|PoisonTouch|DireClaw,CloseCombat,Coaching,Protect|||F|||50|,,,,,Fairy]Ninetales-Alola||NeverMeltIce|SnowWarning|FreezeDry,Blizzard,AuroraVeil,Protect|||M|||50|,,,,,Ghost
|
|t:|1757840429
|teamsize|p1|4
|teamsize|p2|4
|start
|switch|p1a: The trickroom|Farigiraf, L50, F|100/100
|switch|p1b: The nuke|Ursaluna-Bloodmoon, L50, M|100/100
|switch|p2a: TheFuckYouGuy|Sneasler, L50, F|100/100
|switch|p2b: Incineroar|Incineroar, L50, M|100/100
|-ability|p2b: Incineroar|Intimidate|boost
|-unboost|p1a: The trickroom|atk|1
|-unboost|p1b: The nuke|atk|1
|turn|1
|
|t:|1757840493
|move|p2a: TheFuckYouGuy|Protect|p2a: TheFuckYouGuy
|-singleturn|p2a: TheFuckYouGuy|Protect
|move|p1b: The nuke|Protect|p1b: The nuke
|-singleturn|p1b: The nuke|Protect
|move|p2b: Incineroar|Taunt|p1a: The trickroom
|-start|p1a: The trickroom|move: Taunt
|cant|p1a: The trickroom|move: Taunt|Trick Room
|
|upkeep
|turn|2
|
|t:|1757840506
|switch|p1b: The goat|Incineroar, L50, M|100/100
|-ability|p1b: The goat|Intimidate|boost
|-unboost|p2a: TheFuckYouGuy|atk|1
|-unboost|p2b: Incineroar|atk|1
|move|p2a: TheFuckYouGuy|Close Combat|p1b: The goat
|-supereffective|p1b: The goat
|-damage|p1b: The goat|34/100
|-unboost|p2a: TheFuckYouGuy|def|1
|-unboost|p2a: TheFuckYouGuy|spd|1
|move|p2b: Incineroar|Knock Off|p1b: The goat
|-resisted|p1b: The goat
|-damage|p1b: The goat|23/100
|-enditem|p1b: The goat|Safety Goggles|[from] move: Knock Off|[of] p2b: Incineroar
|move|p1a: The trickroom|Psychic|p2a: TheFuckYouGuy
|-supereffective|p2a: TheFuckYouGuy
|-enditem|p2a: TheFuckYouGuy|Focus Sash
|-damage|p2a: TheFuckYouGuy|1/100
|-unboost|p2a: TheFuckYouGuy|spd|1
|
|upkeep
|turn|3
|
|t:|1757840520
|switch|p2a: Salamence|Salamence, L50, F|100/100
|-ability|p2a: Salamence|Intimidate|boost
|-unboost|p1a: The trickroom|atk|1
|-unboost|p1b: The goat|atk|1
|switch|p1a: The nuke|Ursaluna-Bloodmoon, L50, M|100/100
|move|p1b: The goat|Fake Out|p2a: Salamence
|-damage|p2a: Salamence|92/100
|move|p2b: Incineroar|Knock Off|p1a: The nuke
|-damage|p1a: The nuke|82/100
|-enditem|p1a: The nuke|Life Orb|[from] move: Knock Off|[of] p2b: Incineroar
|
|upkeep
|turn|4
|
|t:|1757840540
|move|p1a: The nuke|Protect|p1a: The nuke
|-singleturn|p1a: The nuke|Protect
|move|p2a: Salamence|Draco Meteor|p1a: The nuke
|-activate|p1a: The nuke|move: Protect
|move|p2b: Incineroar|Taunt|p1b: The goat
|-start|p1b: The goat|move: Taunt
|cant|p1b: The goat|move: Taunt|Parting Shot
|
|upkeep
|turn|5
|
|t:|1757840558
|switch|p1a: The sleepy|Amoonguss, L50, M|100/100
|switch|p1b: The trickroom|Farigiraf, L50, F|100/100
|move|p2a: Salamence|Draco Meteor|p1a: The sleepy
|-damage|p1a: The sleepy|29/100
|-unboost|p2a: Salamence|spa|2
|move|p2b: Incineroar|Taunt|p1a: The sleepy
|-start|p1a: The sleepy|move: Taunt
|-enditem|p1a: The sleepy|Mental Herb
|-end|p1a: The sleepy|move: Taunt
|
|upkeep
|turn|6
|
|t:|1757840580
|move|p1a: The sleepy|Rage Powder|p1a: The sleepy
|-singleturn|p1a: The sleepy|move: Rage Powder
|move|p2a: Salamence|Draco Meteor|p1a: The sleepy
|-damage|p1a: The sleepy|0 fnt
|-unboost|p2a: Salamence|spa|2
|faint|p1a: The sleepy
|move|p2b: Incineroar|Taunt|p1b: The trickroom
|-start|p1b: The trickroom|move: Taunt
|cant|p1b: The trickroom|move: Taunt|Trick Room
|
|upkeep
|-message|batata2418 forfeited.
|
|win|CretaceousDraconid
