|j|☆Gabeeel
|j|☆Silvervaliantxyz
|html|GabeeelSilvervaliantxyz    
|uhtml|bestof|Game 1 of a best-of-3
|t:|1783202853
|gametype|doubles
|player|p1|Gabeeel|iris|
|player|p2|Silvervaliantxyz|riley|
|gen|9
|tier|[Gen 9 Champions] VGC 2026 Reg M-B (Bo3)
|rule|Species Clause: Limit one of each Pokémon
|rule|Item Clause: Limit 1 of each item
|clearpoke
|poke|p1|Scrafty, L50, M|
|poke|p1|Slowking-Galar, L50, F|
|poke|p1|Palafin, L50, F|
|poke|p1|Volcarona, L50, M|
|poke|p1|Meowscarada, L50, F|
|poke|p1|Metagross, L50|
|poke|p2|Blaziken, L50, M|
|poke|p2|Vivillon, L50, M, shiny|
|poke|p2|Sableye, L50, F|
|poke|p2|Raichu, L50, M, shiny|
|poke|p2|Aegislash, L50, F|
|poke|p2|Floette-Eternal, L50, F|
|teampreview|4
|showteam|p1|Scrafty||Scraftinite|Intimidate|FakeOut,KnockOff,DrainPunch,SwordsDance|Adamant||M|||50|]Slowking-Galar||LifeOrb|Regenerator|SludgeBomb,Psychic,TrickRoom,Protect|Quiet||F|||50|]Palafin||MysticWater|ZerotoHero|WaveCrash,FlipTurn,JetPunch,Protect|Adamant||F|||50|]Volcarona||Leftovers|FlameBody|HeatWave,GigaDrain,QuiverDance,Protect|Modest||M|||50|]Meowscarada||FocusSash|Overgrow|FlowerTrick,KnockOff,SuckerPunch,Protect|Jolly||F|||50|]Metagross||MetalCoat|ClearBody|BulletPunch,IronHead,PsychicFangs,Protect|Adamant|||||50|
|showteam|p2|Blaziken||Blazikenite|SpeedBoost|FlareBlitz,RockSlide,CloseCombat,Detect|Adamant||M|||50|]Vivillon||ChoiceScarf|CompoundEyes|SleepPowder,Uturn,RagePowder,PollenPuff|Timid||M|||50|]Sableye||LightClay|Prankster|Feint,KnockOff,LightScreen,Reflect|Impish||F|||50|]Raichu||RaichuniteX|LightningRod|FakeOut,Nuzzle,RisingVoltage,Protect|Timid||M|||50|]Aegislash||SpellTag|StanceChange|IronHead,KingsShield,ShadowSneak,Poltergeist|Adamant||F|||50|]Floette-Eternal||FairyFeather|FlowerVeil|Moonblast,DazzlingGleam,Psychic,Protect|Timid||F|||50|
|c|☆Gabeeel|glhf
|
|t:|1783202908
|teamsize|p1|4
|teamsize|p2|4
|start
|switch|p1a: Scrafty|Scrafty, L50, M|100/100
|switch|p1b: Palafin|Palafin, L50, F|100/100
|switch|p2a: Swsh|Aegislash, L50, F|100/100
|switch|p2b: RaiRai with Hax|Raichu, L50, M, shiny|100/100
|-ability|p1a: Scrafty|Intimidate|boost
|-unboost|p2a: Swsh|atk|1
|-unboost|p2b: RaiRai with Hax|atk|1
|turn|1
|
|t:|1783202975
|detailschange|p2b: RaiRai with Hax|Raichu-Mega-X, L50, M, shiny
|-mega|p2b: RaiRai with Hax|Raichu|Raichunite X
|-fieldstart|move: Electric Terrain|[from] ability: Electric Surge|[of] p2b: RaiRai with Hax
|detailschange|p1a: Scrafty|Scrafty-Mega, L50, M
|-mega|p1a: Scrafty|Scrafty|Scraftinite
|-ability|p1a: Scrafty|Intimidate|boost
|-unboost|p2a: Swsh|atk|1
|-unboost|p2b: RaiRai with Hax|atk|1
|move|p2b: RaiRai with Hax|Rising Voltage|p1b: Palafin
|-hint|Rising Voltage's BP doubled on grounded target.
|-supereffective|p1b: Palafin|1
|-damage|p1b: Palafin|0 fnt
|faint|p1b: Palafin
|move|p1a: Scrafty|Knock Off|p2a: Swsh
|-supereffective|p2a: Swsh|1
|-damage|p2a: Swsh|10/100
|-enditem|p2a: Swsh|Spell Tag|[from] move: Knock Off|[of] p1a: Scrafty
|-formechange|p2a: Swsh|Aegislash-Blade|
|move|p2a: Swsh|Poltergeist|p1a: Scrafty|[miss]
|-miss|p2a: Swsh|p1a: Scrafty
|
|upkeep
|
|t:|1783202994
|switch|p1b: Volcarona|Volcarona, L50, M|100/100
|turn|2
|
|t:|1783203005
|-formechange|p2a: Swsh|Aegislash|
|move|p2a: Swsh|King's Shield|p2a: Swsh
|-singleturn|p2a: Swsh|Protect
|move|p2b: RaiRai with Hax|Nuzzle|p1b: Volcarona
|-damage|p1b: Volcarona|93/100
|-status|p1b: Volcarona|par
|-status|p2b: RaiRai with Hax|brn|[from] ability: Flame Body|[of] p1b: Volcarona
|move|p1a: Scrafty|Knock Off|p2a: Swsh
|-activate|p2a: Swsh|move: Protect
|-unboost|p1a: Scrafty|atk|1
|move|p1b: Volcarona|Quiver Dance|p1b: Volcarona
|-boost|p1b: Volcarona|spa|1
|-boost|p1b: Volcarona|spd|1
|-boost|p1b: Volcarona|spe|1
|
|-heal|p1b: Volcarona|99/100 par|[from] item: Leftovers
|-damage|p2b: RaiRai with Hax|94/100 brn|[from] brn
|upkeep
|turn|3
|
|t:|1783203026
|-formechange|p2a: Swsh|Aegislash-Blade|
|move|p2a: Swsh|Shadow Sneak|p1b: Volcarona
|-damage|p1b: Volcarona|83/100 par
|move|p2b: RaiRai with Hax|Rising Voltage|p1b: Volcarona
|-hint|Rising Voltage's BP doubled on grounded target.
|-crit|p1b: Volcarona
|-damage|p1b: Volcarona|0 fnt
|faint|p1b: Volcarona
|move|p1a: Scrafty|Knock Off|p2a: Swsh
|-supereffective|p2a: Swsh|1
|-damage|p2a: Swsh|0 fnt
|faint|p2a: Swsh
|
|-damage|p2b: RaiRai with Hax|88/100 brn|[from] brn
|upkeep
|
|t:|1783203041
|switch|p1b: Slowking|Slowking-Galar, L50, F|100/100
|switch|p2a: Floette|Floette-Eternal, L50, F|100/100
|turn|4
|
|t:|1783203055
|move|p2b: RaiRai with Hax|Rising Voltage|p1b: Slowking
|-hint|Rising Voltage's BP doubled on grounded target.
|-damage|p1b: Slowking|39/100
|move|p2a: Floette|Moonblast|p1a: Scrafty
|-supereffective|p1a: Scrafty|2
|-damage|p1a: Scrafty|0 fnt
|faint|p1a: Scrafty
|move|p1b: Slowking|Sludge Bomb|p2a: Floette
|-supereffective|p2a: Floette|1
|-damage|p2a: Floette|0 fnt
|faint|p2a: Floette
|-damage|p1b: Slowking|29/100|[from] item: Life Orb
|
|-damage|p2b: RaiRai with Hax|82/100 brn|[from] brn
|upkeep
|
|t:|1783203070
|switch|p2a: Vivillon|Vivillon, L50, M, shiny|100/100
|turn|5
|
|t:|1783203078
|move|p1b: Slowking|Protect|p1b: Slowking
|-singleturn|p1b: Slowking|Protect
|move|p2a: Vivillon|Pollen Puff|p1b: Slowking
|-activate|p1b: Slowking|move: Protect
|move|p2b: RaiRai with Hax|Rising Voltage|p1b: Slowking
|-activate|p1b: Slowking|move: Protect
|
|-damage|p2b: RaiRai with Hax|76/100 brn|[from] brn
|-fieldend|move: Electric Terrain
|upkeep
|turn|6
|
|t:|1783203092
|move|p2a: Vivillon|Pollen Puff|p1b: Slowking
|-damage|p1b: Slowking|5/100
|move|p2b: RaiRai with Hax|Rising Voltage|p1b: Slowking
|-damage|p1b: Slowking|0 fnt
|faint|p1b: Slowking
|
|win|Silvervaliantxyz
||Gabeeel is ready for game 2.
|inactive|Silvervaliantxyz has 30 seconds to confirm battle start!
||Silvervaliantxyz is ready for game 2.
|uhtml|next|Next: Game 2 of 3
