|j|☆Slim Shady LPVGC
|j|☆Notaplaceofhonor
|html|Slim Shady LPVGCNotaplaceofhonor    
|uhtml|bestof|Game 1 of a best-of-3
|t:|1756872180
|gametype|doubles
|player|p1|Slim Shady LPVGC|cynthia|1206
|player|p2|Notaplaceofhonor|juan-gen3|1191
|gen|9
|tier|[Gen 9] VGC 2025 Reg H (Bo3)
|rated|
|rule|Species Clause: Limit one of each Pokémon
|rule|Item Clause: Limit 1 of each item
|clearpoke
|poke|p1|Whimsicott, L50, M|
|poke|p1|Dragapult, L50, M|
|poke|p1|Gholdengo, L50|
|poke|p1|Sneasler, L50, M|
|poke|p1|Hydreigon, L50, M|
|poke|p1|Magmar, L50, F|
|poke|p2|Ursaluna, L50, F|
|poke|p2|Incineroar, L50, F|
|poke|p2|Archaludon, L50, M|
|poke|p2|Pelipper, L50, M|
|poke|p2|Basculegion, L50, M|
|poke|p2|Sinistcha, L50|
|teampreview|4
|showteam|p1|Whimsicott||CovertCloak|Prankster|Moonblast,Tailwind,Encore,SunnyDay|||M|||50|,,,,,Dark]Dragapult||ChoiceBand|ClearBody|DragonDarts,PhantomForce,SuckerPunch,Uturn|||M|||50|,,,,,Dragon]Gholdengo||MetalCoat|GoodasGold|Protect,MakeItRain,ShadowBall,NastyPlot||||||50|,,,,,Steel]Sneasler||WhiteHerb|Unburden|Protect,DireClaw,CloseCombat,FakeOut|||M|||50|,,,,,Stellar]Hydreigon||LifeOrb|Levitate|Protect,DracoMeteor,DarkPulse,EarthPower|||M|||50|,,,,,Ghost]Magmar||Eviolite|VitalSpirit|Protect,FollowMe,HeatWave,WillOWisp|||F|||50|,,,,,Ghost
|showteam|p2|Ursaluna||FlameOrb|Guts|Protect,Facade,Earthquake,HeadlongRush|||F|||50|,,,,,Ghost]Incineroar||SafetyGoggles|Intimidate|Taunt,FakeOut,KnockOff,PartingShot|||F|||50|,,,,,Ghost]Archaludon||AssaultVest|Stamina|ElectroShot,Snarl,DracoMeteor,BodyPress|||M|||50|,,,,,Grass]Pelipper||FocusSash|Drizzle|Hurricane,WeatherBall,Tailwind,Protect|||M|||50|,,,,,Ghost]Basculegion||ChoiceScarf|Adaptability|WaveCrash,LastRespects,FlipTurn,IcyWind|||M|||50|,,,,,Water]Sinistcha||SitrusBerry|Hospitality|MatchaGotcha,LifeDew,RagePowder,TrickRoom||||||50|,,,,,Water
|inactive|Battle timer is ON: inactive players will automatically lose when time's up. (requested by Slim Shady LPVGC)
|inactive|Slim Shady LPVGC has 60 seconds left.
|inactive|Notaplaceofhonor has 60 seconds left.
|inactive|Slim Shady LPVGC has 30 seconds left.
|inactive|Slim Shady LPVGC has 20 seconds left.
|inactive|Slim Shady LPVGC has 15 seconds left.
|inactive|Slim Shady LPVGC has 10 seconds left.
|inactive|Slim Shady LPVGC has 5 seconds left.
|
|t:|1756872266
|teamsize|p1|4
|teamsize|p2|4
|start
|switch|p1a: Dragapult|Dragapult, L50, M|100/100
|switch|p1b: Whimsicott|Whimsicott, L50, M|100/100
|switch|p2a: Archaludon|Archaludon, L50, M|100/100
|switch|p2b: Sinistcha|Sinistcha, L50|100/100
|turn|1
|inactive|Slim Shady LPVGC has 30 seconds left.
|inactive|Slim Shady LPVGC has 20 seconds left.
|
|t:|1756872302
|move|p1a: Dragapult|Phantom Force||[still]
|-prepare|p1a: Dragapult|Phantom Force
|move|p1b: Whimsicott|Moonblast|p2b: Sinistcha
|-damage|p2b: Sinistcha|68/100
|move|p2a: Archaludon|Draco Meteor|p1a: Dragapult|[miss]
|-miss|p2a: Archaludon|p1a: Dragapult
|move|p2b: Sinistcha|Trick Room|p2b: Sinistcha
|-fieldstart|move: Trick Room|[of] p2b: Sinistcha
|
|upkeep
|turn|2
|inactive|Notaplaceofhonor has 30 seconds left.
|
|t:|1756872327
|switch|p2b: Ursaluna|Ursaluna, L50, F|100/100
|move|p2a: Archaludon|Electro Shot||[still]
|-prepare|p2a: Archaludon|Electro Shot
|-boost|p2a: Archaludon|spa|1
|move|p1b: Whimsicott|Moonblast|p2b: Ursaluna
|-damage|p2b: Ursaluna|66/100
|move|p1a: Dragapult|Phantom Force|p2b: Ursaluna|[from] lockedmove
|-immune|p2b: Ursaluna
|
|-status|p2b: Ursaluna|brn|[from] item: Flame Orb
|upkeep
|turn|3
|inactive|Slim Shady LPVGC has 30 seconds left.
|
|t:|1756872356
|switch|p1a: Hydreigon|Hydreigon, L50, M|100/100
|move|p2b: Ursaluna|Facade|p1b: Whimsicott
|-damage|p1b: Whimsicott|0 fnt
|faint|p1b: Whimsicott
|move|p2a: Archaludon|Electro Shot|p1a: Hydreigon|[from] lockedmove
|-resisted|p1a: Hydreigon
|-damage|p1a: Hydreigon|64/100
|
|-damage|p2b: Ursaluna|61/100 brn|[from] brn
|upkeep
|
|t:|1756872378
|switch|p1b: Dragapult|Dragapult, L50, M|100/100
|turn|4
|
|t:|1756872395
|-terastallize|p1a: Hydreigon|Ghost
|move|p1b: Dragapult|Sucker Punch|p2b: Ursaluna
|-damage|p2b: Ursaluna|31/100 brn
|move|p2b: Ursaluna|Facade|p1a: Hydreigon
|-immune|p1a: Hydreigon
|move|p2a: Archaludon|Draco Meteor|p1b: Dragapult
|-supereffective|p1b: Dragapult
|-damage|p1b: Dragapult|0 fnt
|-unboost|p2a: Archaludon|spa|2
|faint|p1b: Dragapult
|move|p1a: Hydreigon|Earth Power|p2a: Archaludon
|-supereffective|p2a: Archaludon
|-damage|p2a: Archaludon|33/100
|-ability|p2a: Archaludon|Stamina|boost
|-boost|p2a: Archaludon|def|1
|-damage|p1a: Hydreigon|54/100|[from] item: Life Orb
|
|-damage|p2b: Ursaluna|26/100 brn|[from] brn
|upkeep
|
|t:|1756872410
|switch|p1b: Gholdengo|Gholdengo, L50|100/100
|turn|5
|
|t:|1756872431
|switch|p2b: Sinistcha|Sinistcha, L50|68/100
|-heal|p2a: Archaludon|58/100|[from] ability: Hospitality|[of] p2b: Sinistcha
|move|p1b: Gholdengo|Protect|p1b: Gholdengo
|-singleturn|p1b: Gholdengo|Protect
|move|p1a: Hydreigon|Protect|p1a: Hydreigon
|-singleturn|p1a: Hydreigon|Protect
|move|p2a: Archaludon|Electro Shot||[still]
|-prepare|p2a: Archaludon|Electro Shot
|-boost|p2a: Archaludon|spa|1
|
|-fieldend|move: Trick Room
|upkeep
|turn|6
|
|t:|1756872454
|move|p2b: Sinistcha|Rage Powder|p2b: Sinistcha
|-singleturn|p2b: Sinistcha|move: Rage Powder
|move|p1a: Hydreigon|Dark Pulse|p2b: Sinistcha
|-supereffective|p2b: Sinistcha
|-damage|p2b: Sinistcha|0 fnt
|faint|p2b: Sinistcha
|-damage|p1a: Hydreigon|45/100|[from] item: Life Orb
|move|p1b: Gholdengo|Make It Rain|p2a: Archaludon
|-resisted|p2a: Archaludon
|-damage|p2a: Archaludon|28/100
|-unboost|p1b: Gholdengo|spa|1
|-ability|p2a: Archaludon|Stamina|boost
|-boost|p2a: Archaludon|def|1
|move|p2a: Archaludon|Electro Shot|p1b: Gholdengo|[from] lockedmove
|-damage|p1b: Gholdengo|58/100
|
|upkeep
|
|t:|1756872470
|switch|p2b: Pelipper|Pelipper, L50, M|100/100
|-weather|RainDance|[from] ability: Drizzle|[of] p2b: Pelipper
|turn|7
|inactive|Slim Shady LPVGC has 30 seconds left.
|
|t:|1756872495
|-terastallize|p2a: Archaludon|Grass
|move|p1a: Hydreigon|Dark Pulse|p2b: Pelipper
|-damage|p2b: Pelipper|2/100
|-damage|p1a: Hydreigon|35/100|[from] item: Life Orb
|move|p1b: Gholdengo|Make It Rain|p2b: Pelipper|[spread] p2a,p2b
|-resisted|p2b: Pelipper
|-damage|p2a: Archaludon|1/100
|-damage|p2b: Pelipper|0 fnt
|-unboost|p1b: Gholdengo|spa|1
|-ability|p2a: Archaludon|Stamina|boost
|-boost|p2a: Archaludon|def|1
|faint|p2b: Pelipper
|move|p2a: Archaludon|Snarl|p1b: Gholdengo|[spread] p1a
|-miss|p2a: Archaludon|p1b: Gholdengo
|-supereffective|p1a: Hydreigon
|-damage|p1a: Hydreigon|3/100
|-unboost|p1a: Hydreigon|spa|1
|
|-weather|RainDance|[upkeep]
|upkeep
|
|t:|1756872512
|switch|p2b: Ursaluna|Ursaluna, L50, F|26/100 brn
|turn|8
|
|t:|1756872534
|move|p1a: Hydreigon|Dark Pulse|p2b: Ursaluna
|-damage|p2b: Ursaluna|0 fnt
|faint|p2b: Ursaluna
|-damage|p1a: Hydreigon|0 fnt|[from] item: Life Orb
|faint|p1a: Hydreigon
|move|p1b: Gholdengo|Make It Rain|p2a: Archaludon
|-damage|p2a: Archaludon|0 fnt
|-unboost|p1b: Gholdengo|spa|1
|faint|p2a: Archaludon
|
|win|Slim Shady LPVGC
