|j|☆FakePittTestA
|j|☆ruki_gazer
|html|FakePittTestAruki_gazer    
|uhtml|bestof|Game 3 of a best-of-3
|t:|1757802673
|gametype|doubles
|player|p1|FakePittTestA|lucas|1047
|player|p2|ruki_gazer|170|1081
|gen|9
|tier|[Gen 9] VGC 2025 Reg H (Bo3)
|rated|
|rule|Species Clause: Limit one of each Pokémon
|rule|Item Clause: Limit 1 of each item
|clearpoke
|poke|p1|Ursaluna-Bloodmoon, L50, M|
|poke|p1|Sinistcha-Masterpiece, L50|
|poke|p1|Klefki, L50, M|
|poke|p1|Tyranitar, L50, M|
|poke|p1|Excadrill, L50, M|
|poke|p1|Decidueye-Hisui, L50, M|
|poke|p2|Sneasler, L50, F|
|poke|p2|Kingambit, L50, F|
|poke|p2|Rillaboom, L50, F|
|poke|p2|Ursaluna-Bloodmoon, L50, M|
|poke|p2|Dragonite, L50, F|
|poke|p2|Magmar, L50, F|
|teampreview|4
|showteam|p1|Ursaluna-Bloodmoon||AssaultVest|MindsEye|HyperVoice,BloodMoon,VacuumWave,EarthPower|||M|||50|,,,,,Poison]Sinistcha-Masterpiece||SitrusBerry|Hospitality|MatchaGotcha,LifeDew,CalmMind,TrickRoom||||||50|,,,,,Water]Klefki||LightClay|Prankster|MistyTerrain,Reflect,LightScreen,DazzlingGleam|||M|||50|,,,,,Water]Tyranitar||ClearAmulet|SandStream|RockSlide,LowKick,TeraBlast,KnockOff|||M|||50|,,,,,Flying]Excadrill||FocusSash|SandRush|HighHorsepower,Earthquake,RockSlide,Protect|||M|||50|,,,,,Stellar]Decidueye-Hisui||ScopeLens|Scrappy|TripleArrows,LeafBlade,Haze,Protect|||M|||50|,,,,,Water
|showteam|p2|Sneasler||GrassySeed|Unburden|DireClaw,CloseCombat,Acrobatics,Protect|||F|||50|,,,,,Flying]Kingambit||BlackGlasses|Defiant|KowtowCleave,SuckerPunch,SwordsDance,Protect|||F|||50|,,,,,Water]Rillaboom||AssaultVest|GrassySurge|DrumBeating,GrassyGlide,HighHorsepower,FakeOut|||F|||50|,,,,,Fire]Ursaluna-Bloodmoon||FocusSash|MindsEye|BloodMoon,HyperVoice,EarthPower,Protect|||M|||50|,,,,,Normal]Dragonite||LoadedDice|Multiscale|ScaleShot,Haze,Tailwind,Protect|||F|||50|,,,,,Fairy]Magmar||Eviolite|VitalSpirit|Overheat,FollowMe,WillOWisp,Protect|||F|||50|,,,,,Ghost
|inactive|Battle timer is ON: inactive players will automatically lose when time's up. (requested by FakePittTestA)
|
|t:|1757802689
|teamsize|p1|4
|teamsize|p2|4
|start
|switch|p1a: Klefki|Klefki, L50, M, shiny|100/100
|switch|p1b: Ursaluna|Ursaluna-Bloodmoon, L50, M|100/100
|switch|p2a: Rillaboom|Rillaboom, L50, F|100/100
|switch|p2b: Magmar|Magmar, L50, F|100/100
|-fieldstart|move: Grassy Terrain|[from] ability: Grassy Surge|[of] p2a: Rillaboom
|turn|1
|
|t:|1757802711
|-terastallize|p2b: Magmar|Ghost
|-terastallize|p1b: Ursaluna|Poison
|move|p1a: Klefki|Light Screen|p1a: Klefki
|-sidestart|p1: FakePittTestA|move: Light Screen
|move|p2a: Rillaboom|Drum Beating|p1b: Ursaluna
|-resisted|p1b: Ursaluna
|-damage|p1b: Ursaluna|83/100
|-unboost|p1b: Ursaluna|spe|1
|move|p2b: Magmar|Overheat|p1a: Klefki
|-supereffective|p1a: Klefki
|-damage|p1a: Klefki|27/100
|-unboost|p2b: Magmar|spa|2
|move|p1b: Ursaluna|Blood Moon|p2a: Rillaboom
|-damage|p2a: Rillaboom|39/100
|
|-heal|p2a: Rillaboom|45/100|[from] Grassy Terrain
|-heal|p1a: Klefki|33/100|[from] Grassy Terrain
|-heal|p1b: Ursaluna|89/100|[from] Grassy Terrain
|upkeep
|turn|2
|inactive|ruki_gazer has 30 seconds left.
|inactive|ruki_gazer has 20 seconds left.
|
|t:|1757802746
|move|p2b: Magmar|Protect|p2b: Magmar
|-singleturn|p2b: Magmar|Protect
|move|p1a: Klefki|Misty Terrain|p1a: Klefki
|-fieldstart|move: Misty Terrain
|move|p2a: Rillaboom|High Horsepower|p1a: Klefki|[miss]
|-miss|p2a: Rillaboom|p1a: Klefki
|move|p1b: Ursaluna|Hyper Voice|p2b: Magmar|[spread] p2a
|-activate|p2b: Magmar|move: Protect
|-damage|p2a: Rillaboom|14/100
|
|upkeep
|turn|3
|
|t:|1757802771
|move|p1a: Klefki|Reflect|p1a: Klefki
|-sidestart|p1: FakePittTestA|Reflect
|move|p2a: Rillaboom|High Horsepower|p1b: Ursaluna
|-supereffective|p1b: Ursaluna
|-damage|p1b: Ursaluna|60/100
|move|p2b: Magmar|Overheat|p1a: Klefki
|-supereffective|p1a: Klefki
|-damage|p1a: Klefki|0 fnt
|-unboost|p2b: Magmar|spa|2
|faint|p1a: Klefki
|move|p1b: Ursaluna|Hyper Voice|p2b: Magmar|[spread] p2a,p2b
|-damage|p2a: Rillaboom|0 fnt
|-damage|p2b: Magmar|70/100
|faint|p2a: Rillaboom
|
|upkeep
|
|t:|1757802783
|switch|p2a: Ursaluna|Ursaluna-Bloodmoon, L50, M|100/100
|switch|p1a: Sinistcha|Sinistcha-Masterpiece, L50|100/100
|-heal|p1b: Ursaluna|85/100|[from] ability: Hospitality|[of] p1a: Sinistcha
|turn|4
|
|t:|1757802801
|switch|p2b: Sneasler|Sneasler, L50, F|100/100
|switch|p1b: Decidueye|Decidueye-Hisui, L50, M|100/100
|move|p2a: Ursaluna|Protect|p2a: Ursaluna
|-singleturn|p2a: Ursaluna|Protect
|move|p1a: Sinistcha|Calm Mind|p1a: Sinistcha
|-boost|p1a: Sinistcha|spa|1
|-boost|p1a: Sinistcha|spd|1
|
|upkeep
|turn|5
|
|t:|1757802817
|switch|p2a: Magmar|Magmar, L50, F, tera:Ghost|70/100
|move|p2b: Sneasler|Protect|p2b: Sneasler
|-singleturn|p2b: Sneasler|Protect
|move|p1a: Sinistcha|Matcha Gotcha|p2a: Magmar|[spread] p2a
|-activate|p2b: Sneasler|move: Protect
|-damage|p2a: Magmar|38/100
|move|p1b: Decidueye|Triple Arrows|p2a: Magmar
|-crit|p2a: Magmar
|-damage|p2a: Magmar|0 fnt
|faint|p2a: Magmar
|
|upkeep
|
|t:|1757802830
|switch|p2a: Ursaluna|Ursaluna-Bloodmoon, L50, M|100/100
|turn|6
|
|t:|1757802844
|move|p2b: Sneasler|Dire Claw|p1a: Sinistcha
|-damage|p1a: Sinistcha|77/100
|move|p2a: Ursaluna|Blood Moon|p1b: Decidueye
|-damage|p1b: Decidueye|47/100
|move|p1a: Sinistcha|Matcha Gotcha|p2a: Ursaluna|[spread] p2a
|-miss|p1a: Sinistcha|p2b: Sneasler
|-supereffective|p2a: Ursaluna
|-enditem|p2a: Ursaluna|Focus Sash
|-damage|p2a: Ursaluna|1/100
|-heal|p1a: Sinistcha|100/100|[from] drain|[of] p2a: Ursaluna
|move|p1b: Decidueye|Triple Arrows|p2b: Sneasler
|-resisted|p2b: Sneasler
|-damage|p2b: Sneasler|59/100
|
|-fieldend|Misty Terrain
|upkeep
|turn|7
|
|t:|1757802867
|move|p2b: Sneasler|Dire Claw|p1a: Sinistcha
|-damage|p1a: Sinistcha|76/100
|move|p2a: Ursaluna|Hyper Voice|p1b: Decidueye|[spread] p1a,p1b
|-damage|p1a: Sinistcha|58/100
|-damage|p1b: Decidueye|22/100
|move|p1a: Sinistcha|Matcha Gotcha|p2b: Sneasler|[spread] p2a,p2b
|-supereffective|p2a: Ursaluna
|-resisted|p2b: Sneasler
|-damage|p2a: Ursaluna|0 fnt
|-heal|p1a: Sinistcha|59/100|[from] drain|[of] p2a: Ursaluna
|-damage|p2b: Sneasler|34/100
|-heal|p1a: Sinistcha|70/100|[from] drain|[of] p2b: Sneasler
|faint|p2a: Ursaluna
|move|p1b: Decidueye|Triple Arrows|p2b: Sneasler
|-resisted|p2b: Sneasler
|-crit|p2b: Sneasler
|-damage|p2b: Sneasler|0 fnt
|faint|p2b: Sneasler
|
|win|FakePittTestA
|raw|FakePittTestA's rating: 1047 → 1083(+36 for winning)
|raw|ruki_gazer's rating: 1081 → 1057(-24 for losing)
