|j|☆manutrucha
|j|☆ischuh
|html|manutruchaischuh    
|uhtml|bestof|Game 3 of a best-of-3
|t:|1785859827
|gametype|doubles
|player|p1|manutrucha|nate|1126
|player|p2|ischuh|2|1080
|gen|9
|tier|[Gen 9 Champions] VGC 2026 Reg M-B (Bo3)
|rated|
|rule|Species Clause: Limit one of each Pokémon
|rule|Item Clause: Limit 1 of each item
|clearpoke
|poke|p1|Staraptor, L50, M|
|poke|p1|Glimmora, L50, F|
|poke|p1|Whimsicott, L50, F|
|poke|p1|Kingambit, L50, M|
|poke|p1|Garchomp, L50, M|
|poke|p1|Delphox, L50, M|
|poke|p2|Dragalge, L50, M|
|poke|p2|Archaludon, L50, F|
|poke|p2|Pelipper, L50, M|
|poke|p2|Grimmsnarl, L50, M|
|poke|p2|Sinistcha, L50|
|poke|p2|Swampert, L50, M|
|teampreview|4
|showteam|p1|Staraptor||Staraptite|Intimidate|CloseCombat,BraveBird,Roost,Protect|Jolly||M|||50|]Glimmora||FocusSash|ToxicDebris|PowerGem,SludgeBomb,EarthPower,SpikyShield|Modest||F|||50|]Whimsicott||OccaBerry|Prankster|Tailwind,Moonblast,Charm,LightScreen|Timid||F|||50|]Kingambit||ChopleBerry|Defiant|KowtowCleave,IronHead,LowKick,SuckerPunch|Adamant||M|||50|]Garchomp||LifeOrb|RoughSkin|Earthquake,DragonClaw,RockSlide,Protect|Adamant||M|||50|]Delphox||Delphoxite|Blaze|HeatWave,Psychic,Encore,Protect|Timid||M|||50|
|showteam|p2|Dragalge||Dragalgite|Adaptability|SludgeBomb,DragonPulse,Toxic,Protect|Modest||M|||50|]Archaludon||Leftovers|Stamina|ElectroShot,AuraSphere,FlashCannon,Protect|Modest||F|||50|]Pelipper||FocusSash|Drizzle|Tailwind,WeatherBall,Hurricane,Protect|Timid||M|||50|]Grimmsnarl||LightClay|Prankster|PartingShot,FoulPlay,Reflect,LightScreen|Calm||M|||50|]Sinistcha||SitrusBerry|Hospitality|MatchaGotcha,RagePowder,LifeDew,TrickRoom|Bold|||||50|]Swampert||Swampertite|Torrent|WaveCrash,Earthquake,KnockOff,Protect|Adamant||M|||50|
|inactive|Battle timer is ON: inactive players will automatically lose when time's up. (requested by manutrucha)
|c|☆manutrucha|dale chupavergas
|
|t:|1785859842
|teamsize|p1|4
|teamsize|p2|4
|start
|switch|p1a: Staraptor|Staraptor, L50, M|100/100
|switch|p1b: Whimsicott|Whimsicott, L50, F|100/100
|switch|p2a: Grimmsnarl|Grimmsnarl, L50, M|100/100
|switch|p2b: Pelipper|Pelipper, L50, M|100/100
|-ability|p1a: Staraptor|Intimidate|boost
|-unboost|p2a: Grimmsnarl|atk|1
|-unboost|p2b: Pelipper|atk|1
|-weather|RainDance|[from] ability: Drizzle|[of] p2b: Pelipper
|turn|1
|
|t:|1785859860
|detailschange|p1a: Staraptor|Staraptor-Mega, L50, M
|-mega|p1a: Staraptor|Staraptor|Staraptite
|move|p1b: Whimsicott|Charm|p1a: Staraptor
|-boost|p1a: Staraptor|atk|2
|move|p1a: Staraptor|Close Combat|p2a: Grimmsnarl
|-damage|p2a: Grimmsnarl|0 fnt
|-boost|p1a: Staraptor|def|1
|-boost|p1a: Staraptor|spd|1
|faint|p2a: Grimmsnarl
|move|p2b: Pelipper|Tailwind|p2b: Pelipper
|-sidestart|p2: ischuh|move: Tailwind
|
|-weather|RainDance|[upkeep]
|upkeep
|inactive|ischuh has 30 seconds left.
|inactive|ischuh has 20 seconds left.
|
|t:|1785859900
|switch|p2a: Swampert|Swampert, L50, M|100/100
|turn|2
|inactive|manutrucha has 30 seconds left.
|
|t:|1785859926
|detailschange|p2a: Swampert|Swampert-Mega, L50, M
|-mega|p2a: Swampert|Swampert|Swampertite
|move|p1b: Whimsicott|Charm|p2a: Swampert
|-unboost|p2a: Swampert|atk|2
|move|p2a: Swampert|Wave Crash|p1a: Staraptor
|-damage|p1a: Staraptor|62/100
|-damage|p2a: Swampert|87/100|[from] Recoil
|move|p2b: Pelipper|Hurricane|p1a: Staraptor
|-supereffective|p1a: Staraptor|1
|-damage|p1a: Staraptor|1/100
|move|p1a: Staraptor|Close Combat|p2a: Swampert
|-damage|p2a: Swampert|0 fnt
|-boost|p1a: Staraptor|def|1
|-boost|p1a: Staraptor|spd|1
|faint|p2a: Swampert
|
|-weather|RainDance|[upkeep]
|upkeep
|
|t:|1785859937
|switch|p2a: Sinistcha|Sinistcha, L50|100/100
|turn|3
|
|t:|1785859945
|move|p1b: Whimsicott|Tailwind|p1b: Whimsicott
|-sidestart|p1: manutrucha|move: Tailwind
|move|p1a: Staraptor|Roost|p1a: Staraptor
|-heal|p1a: Staraptor|51/100
|-singleturn|p1a: Staraptor|move: Roost
|move|p2b: Pelipper|Hurricane|p1b: Whimsicott
|-supereffective|p1b: Whimsicott|1
|-damage|p1b: Whimsicott|0 fnt
|faint|p1b: Whimsicott
|move|p2a: Sinistcha|Matcha Gotcha|p1a: Staraptor
|-damage|p1a: Staraptor|34/100
|
|-weather|RainDance|[upkeep]
|upkeep
|
|t:|1785859961
|switch|p1b: Glimmora|Glimmora, L50, F|100/100
|turn|4
|inactive|ischuh has 30 seconds left.
|inactive|ischuh has 20 seconds left.
|c|☆manutrucha|mira padelante chupavergaa
|
|t:|1785860000
|move|p2a: Sinistcha|Rage Powder|p2a: Sinistcha
|-singleturn|p2a: Sinistcha|move: Rage Powder
|move|p1a: Staraptor|Roost|p1a: Staraptor
|-heal|p1a: Staraptor|84/100
|-singleturn|p1a: Staraptor|move: Roost
|move|p1b: Glimmora|Power Gem|p2a: Sinistcha
|-damage|p2a: Sinistcha|55/100
|move|p2b: Pelipper|Hurricane|p1a: Staraptor
|-supereffective|p1a: Staraptor|1
|-damage|p1a: Staraptor|40/100
|
|-weather|RainDance|[upkeep]
|-sideend|p2: ischuh|move: Tailwind
|upkeep
|turn|5
|
|t:|1785860020
|switch|p1b: Kingambit|Kingambit, L50, M|100/100
|move|p2a: Sinistcha|Rage Powder|p2a: Sinistcha
|-singleturn|p2a: Sinistcha|move: Rage Powder
|move|p1a: Staraptor|Brave Bird|p2a: Sinistcha
|-supereffective|p2a: Sinistcha|1
|-damage|p2a: Sinistcha|0 fnt
|faint|p2a: Sinistcha
|-damage|p1a: Staraptor|24/100|[from] Recoil
|move|p2b: Pelipper|Hurricane|p1a: Staraptor
|-supereffective|p1a: Staraptor|1
|-damage|p1a: Staraptor|0 fnt
|faint|p1a: Staraptor
|
|-weather|none
|upkeep
|
|t:|1785860033
|switch|p1a: Glimmora|Glimmora, L50, F|100/100
|turn|6
|-message|ischuh forfeited.
|
|win|manutrucha
