|j|☆lettitripppp
|j|☆kememe
|html|lettitrippppkememe    
|uhtml|bestof|Game 2 of a best-of-3
|t:|1784237458
|gametype|doubles
|player|p1|lettitripppp|lucas|1252
|player|p2|kememe|2|1159
|gen|9
|tier|[Gen 9 Champions] VGC 2026 Reg M-B (Bo3)
|rated|
|rule|Species Clause: Limit one of each Pokémon
|rule|Item Clause: Limit 1 of each item
|clearpoke
|poke|p1|Charizard, L50, M, shiny|
|poke|p1|Basculegion, L50, M, shiny|
|poke|p1|Pelipper, L50, M|
|poke|p1|Venusaur, L50, F|
|poke|p1|Archaludon, L50, F|
|poke|p1|Grimmsnarl, L50, M, shiny|
|poke|p2|Charizard, L50, M|
|poke|p2|Rotom-Wash, L50|
|poke|p2|Garchomp, L50, F|
|poke|p2|Aerodactyl, L50, F|
|poke|p2|Floette-Eternal, L50, F|
|poke|p2|Sneasler, L50, F|
|teampreview|4
|showteam|p1|Charizard||CharizarditeY|Blaze|WeatherBall,SolarBeam,HeatWave,Protect|Modest||M|||50|]Basculegion||ChoiceScarf|Adaptability|LastRespects,WaveCrash,FlipTurn,AquaJet|Jolly||M|||50|]Pelipper||SitrusBerry|Drizzle|WeatherBall,WideGuard,Hurricane,Tailwind|Modest||M|||50|]Venusaur||FocusSash|Chlorophyll|SleepPowder,SludgeBomb,EarthPower,Protect|Modest||F|||50|]Archaludon||Leftovers|Stamina|FlashCannon,DragonPulse,ElectroShot,Protect|Calm||F|||50|]Grimmsnarl||LightClay|Prankster|PartingShot,LightScreen,SpiritBreak,Reflect|Relaxed||M|||50|
|showteam|p2|Charizard||CharizarditeY|SolarPower|SolarBeam,Protect,WeatherBall,HeatWave|Modest||M|||50|]Rotom-Wash||ChoiceScarf|Levitate|HydroPump,VoltSwitch,Thunderbolt,Electroweb|Modest|||||50|]Garchomp||LifeOrb|RoughSkin|Earthquake,Protect,RockSlide,DragonClaw|Adamant||F|||50|]Aerodactyl||FocusSash|Unnerve|RockSlide,Protect,DualWingbeat,Tailwind|Adamant||F|||50|]Floette-Eternal||Floettite|FlowerVeil|DazzlingGleam,Protect,Moonblast,LightofRuin|Modest||F|||50|]Sneasler||WhiteHerb|Unburden|FakeOut,CloseCombat,DireClaw,Protect|Adamant||F|||50|
|inactive|Battle timer is ON: inactive players will automatically lose when time's up. (requested by lettitripppp)
|
|t:|1784237467
|teamsize|p1|4
|teamsize|p2|4
|start
|switch|p1a: GHOSTWAVE|Basculegion, L50, M, shiny|100/100
|switch|p1b: GO JOHAN|Grimmsnarl, L50, M, shiny|100/100
|switch|p2a: Sneasler|Sneasler, L50, F|100/100
|switch|p2b: Aerodactyl|Aerodactyl, L50, F|100/100
|-ability|p2b: Aerodactyl|Unnerve
|turn|1
|
|t:|1784237477
|move|p1b: GO JOHAN|Reflect|p1b: GO JOHAN
|-sidestart|p1: lettitripppp|Reflect
|move|p1a: GHOSTWAVE|Flip Turn|p2b: Aerodactyl
|-supereffective|p2b: Aerodactyl|1
|-enditem|p2b: Aerodactyl|Focus Sash
|-damage|p2b: Aerodactyl|1/100
|
|t:|1784237484
|switch|p1a: WET-BEAK|Pelipper, L50, M|100/100|[from] Flip Turn
|-weather|RainDance|[from] ability: Drizzle|[of] p1a: WET-BEAK
|move|p2b: Aerodactyl|Rock Slide|p1b: GO JOHAN|[spread] p1a,p1b
|-supereffective|p1a: WET-BEAK|1
|-damage|p1a: WET-BEAK|63/100
|-damage|p1b: GO JOHAN|81/100
|move|p2a: Sneasler|Dire Claw|p1b: GO JOHAN
|-supereffective|p1b: GO JOHAN|1
|-crit|p1b: GO JOHAN
|-damage|p1b: GO JOHAN|0 fnt
|faint|p1b: GO JOHAN
|
|-weather|RainDance|[upkeep]
|upkeep
|
|t:|1784237496
|switch|p1b: GHOSTWAVE|Basculegion, L50, M, shiny|100/100
|turn|2
|
|t:|1784237515
|move|p1b: GHOSTWAVE|Flip Turn|p2a: Sneasler
|-damage|p2a: Sneasler|7/100
|
|t:|1784237519
|switch|p1b: BEYOND BRIDGE|Archaludon, L50, F|100/100|[from] Flip Turn
|move|p2b: Aerodactyl|Rock Slide|p1b: BEYOND BRIDGE|[spread] p1a,p1b
|-supereffective|p1a: WET-BEAK|1
|-resisted|p1b: BEYOND BRIDGE|1
|-damage|p1a: WET-BEAK|22/100
|-damage|p1b: BEYOND BRIDGE|93/100
|-ability|p1b: BEYOND BRIDGE|Stamina|boost
|-boost|p1b: BEYOND BRIDGE|def|1
|move|p2a: Sneasler|Dire Claw|p1b: BEYOND BRIDGE
|-immune|p1b: BEYOND BRIDGE
|cant|p1a: WET-BEAK|flinch
|
|-weather|RainDance|[upkeep]
|-heal|p1b: BEYOND BRIDGE|100/100|[from] item: Leftovers
|upkeep
|turn|3
|
|t:|1784237541
|move|p2b: Aerodactyl|Dual Wingbeat|p1a: WET-BEAK
|-damage|p1a: WET-BEAK|7/100
|-damage|p1a: WET-BEAK|0 fnt
|faint|p1a: WET-BEAK
|-hitcount|p1: WET-BEAK|2
|move|p2a: Sneasler|Close Combat|p1b: BEYOND BRIDGE
|-supereffective|p1b: BEYOND BRIDGE|1
|-damage|p1b: BEYOND BRIDGE|53/100
|-unboost|p2a: Sneasler|def|1
|-unboost|p2a: Sneasler|spd|1
|-ability|p1b: BEYOND BRIDGE|Stamina|boost
|-boost|p1b: BEYOND BRIDGE|def|1
|-enditem|p2a: Sneasler|White Herb
|-clearnegativeboost|p2a: Sneasler|[silent]
|move|p1b: BEYOND BRIDGE|Electro Shot||[still]
|-prepare|p1b: BEYOND BRIDGE|Electro Shot
|-boost|p1b: BEYOND BRIDGE|spa|1
|-anim|p1b: BEYOND BRIDGE|Electro Shot|p2b: Aerodactyl
|-supereffective|p2b: Aerodactyl|1
|-damage|p2b: Aerodactyl|0 fnt
|faint|p2b: Aerodactyl
|
|-weather|RainDance|[upkeep]
|-heal|p1b: BEYOND BRIDGE|59/100|[from] item: Leftovers
|upkeep
|
|t:|1784237563
|switch|p2b: Charizard|Charizard, L50, M|100/100
|switch|p1a: GHOSTWAVE|Basculegion, L50, M, shiny|100/100
|turn|4
|
|t:|1784237577
|detailschange|p2b: Charizard|Charizard-Mega-Y, L50, M
|-mega|p2b: Charizard|Charizard|Charizardite Y
|-weather|SunnyDay|[from] ability: Drought|[of] p2b: Charizard
|move|p2a: Sneasler|Close Combat|p1b: BEYOND BRIDGE
|-supereffective|p1b: BEYOND BRIDGE|1
|-crit|p1b: BEYOND BRIDGE
|-damage|p1b: BEYOND BRIDGE|0 fnt
|-unboost|p2a: Sneasler|def|1
|-unboost|p2a: Sneasler|spd|1
|faint|p1b: BEYOND BRIDGE
|move|p1a: GHOSTWAVE|Last Respects|p2b: Charizard
|-damage|p2b: Charizard|0 fnt
|faint|p2b: Charizard
|
|-weather|SunnyDay|[upkeep]
|upkeep
|
|t:|1784237592
|switch|p2b: Garchomp|Garchomp, L50, F|100/100
|turn|5
|
|t:|1784237599
|move|p2b: Garchomp|Protect|p2b: Garchomp
|-singleturn|p2b: Garchomp|Protect
|move|p2a: Sneasler|Dire Claw|p1a: GHOSTWAVE
|-resisted|p1a: GHOSTWAVE|1
|-damage|p1a: GHOSTWAVE|81/100
|move|p1a: GHOSTWAVE|Last Respects|p2b: Garchomp
|-activate|p2b: Garchomp|move: Protect
|
|-weather|SunnyDay|[upkeep]
|upkeep
|turn|6
|
|t:|1784237613
|move|p2a: Sneasler|Dire Claw|p1a: GHOSTWAVE
|-resisted|p1a: GHOSTWAVE|1
|-damage|p1a: GHOSTWAVE|61/100
|-status|p1a: GHOSTWAVE|psn
|move|p1a: GHOSTWAVE|Last Respects|p2b: Garchomp
|-damage|p2b: Garchomp|0 fnt
|faint|p2b: Garchomp
|
|-weather|SunnyDay|[upkeep]
|-damage|p1a: GHOSTWAVE|48/100 psn|[from] psn
|upkeep
|turn|7
|
|t:|1784237627
|move|p2a: Sneasler|Protect|p2a: Sneasler
|-singleturn|p2a: Sneasler|Protect
|move|p1a: GHOSTWAVE|Last Respects|p2a: Sneasler
|-activate|p2a: Sneasler|move: Protect
|
|-weather|SunnyDay|[upkeep]
|-damage|p1a: GHOSTWAVE|36/100 psn|[from] psn
|upkeep
|turn|8
|
|t:|1784237636
|move|p2a: Sneasler|Protect||[still]
|-fail|p2a: Sneasler
|move|p1a: GHOSTWAVE|Last Respects|p2a: Sneasler
|-damage|p2a: Sneasler|0 fnt
|faint|p2a: Sneasler
|
|win|lettitripppp
|raw|lettitripppp's rating: 1252 → 1270(+18 for winning)
|raw|kememe's rating: 1159 → 1141(-18 for losing)
