|j|☆Magikaliper
|j|☆briandude
|html|Magikaliperbriandude    
|uhtml|bestof|Game 3 of a best-of-3
|t:|1785703395
|gametype|doubles
|player|p1|Magikaliper|101|
|player|p2|briandude|gambler|
|gen|9
|tier|[Gen 9 Champions] VGC 2026 Reg M-B (Bo3)
|rule|Species Clause: Limit one of each Pokémon
|rule|Item Clause: Limit 1 of each item
|clearpoke
|poke|p1|Aerodactyl, L50, M, shiny|
|poke|p1|Scizor, L50, F, shiny|
|poke|p1|Spiritomb, L50, M, shiny|
|poke|p1|Tauros-Paldea-Aqua, L50, M, shiny|
|poke|p1|Camerupt, L50, M, shiny|
|poke|p1|Dragapult, L50, F, shiny|
|poke|p2|Metagross, L50|
|poke|p2|Blastoise, L50, F, shiny|
|poke|p2|Hawlucha, L50, F, shiny|
|poke|p2|Garchomp, L50, F, shiny|
|poke|p2|Audino, L50, M, shiny|
|poke|p2|Gardevoir, L50, F|
|teampreview|4
|showteam|p1|Aerodactyl||FocusSash|Unnerve|RockSlide,DualWingbeat,Tailwind,Protect|Adamant||M|||50|]Scizor||Scizorite|Technician|BugBite,BulletPunch,KnockOff,Protect|Adamant||F|||50|]Spiritomb||MentalHerb|Pressure|Snarl,TrickRoom,WillOWisp,HelpingHand|Relaxed||M|||50|]Tauros-Paldea-Aqua||PayapaBerry|Intimidate|WaveCrash,CloseCombat,Earthquake,Protect|Adamant||M|||50|]Camerupt||Cameruptite|SolidRock|HeatWave,EarthPower,AncientPower,Protect|Quiet||M|||50|]Dragapult||LifeOrb|ClearBody|DracoMeteor,ShadowBall,Uturn,Protect|Timid||F|||50|
|showteam|p2|Metagross||Metagrossite|ClearBody|IronHead,PsychicFangs,BulletPunch,Protect|Jolly|||||50|]Blastoise||MysticWater|Torrent|WaterSpout,ShellSmash,MuddyWater,BrickBreak|Mild||F|||50|]Hawlucha||WhiteHerb|Unburden|Coaching,Taunt,CloseCombat,HelpingHand|Impish||F|||50|]Garchomp||Garchompite|RoughSkin|Earthquake,Flamethrower,ScaleShot,Protect|Naughty||F|||50|]Audino||Leftovers|Healer|TrickRoom,AllySwitch,HelpingHand,HyperVoice|Bold||M|||50|]Gardevoir||FocusSash|Telepathy|HelpingHand,Moonblast,MysticalFire,TrickRoom|Modest||F|||50|
|inactive|Battle timer is ON: inactive players will automatically lose when time's up. (requested by Magikaliper)
|inactiveoff|Battle timer is now OFF.
|c|☆Magikaliper|i really need to stop doing that, force of habit is really bad
|
|t:|1785703470
|teamsize|p1|4
|teamsize|p2|4
|start
|switch|p1a: Spiritomb|Spiritomb, L50, M, shiny|100/100
|switch|p1b: Dragapult|Dragapult, L50, F, shiny|100/100
|switch|p2a: Blastoise|Blastoise, L50, F, shiny|100/100
|switch|p2b: Audino|Audino, L50, M, shiny|100/100
|-ability|p1a: Spiritomb|Pressure
|turn|1
|
|t:|1785703525
|move|p2b: Audino|Helping Hand|p2a: Blastoise
|-singleturn|p2a: Blastoise|Helping Hand|[of] p2b: Audino
|move|p1b: Dragapult|U-turn|p2b: Audino
|-damage|p2b: Audino|85/100
|-damage|p1b: Dragapult|90/100|[from] item: Life Orb
|
|t:|1785703531
|switch|p1b: Tauros|Tauros-Paldea-Aqua, L50, M, shiny|100/100|[from] U-turn
|-ability|p1b: Tauros|Intimidate|boost
|-unboost|p2a: Blastoise|atk|1
|-unboost|p2b: Audino|atk|1
|move|p2a: Blastoise|Muddy Water|p1b: Tauros|[spread] p1a,p1b
|-resisted|p1b: Tauros|1
|-damage|p1a: Spiritomb|50/100g
|-damage|p1b: Tauros|65/100
|move|p1a: Spiritomb|Snarl|p2a: Blastoise|[spread] p2a,p2b
|-damage|p2a: Blastoise|84/100
|-damage|p2b: Audino|73/100
|-unboost|p2a: Blastoise|spa|1
|-unboost|p2b: Audino|spa|1
|
|-heal|p2b: Audino|80/100|[from] item: Leftovers
|upkeep
|turn|2
|
|t:|1785703616
|move|p2b: Audino|Helping Hand|p2a: Blastoise
|-singleturn|p2a: Blastoise|Helping Hand|[of] p2b: Audino
|move|p2a: Blastoise|Water Spout|p1a: Spiritomb|[spread] p1a,p1b
|-resisted|p1b: Tauros|1
|-damage|p1a: Spiritomb|4/100
|-damage|p1b: Tauros|34/100
|move|p1b: Tauros|Close Combat|p2b: Audino
|-supereffective|p2b: Audino|1
|-crit|p2b: Audino
|-damage|p2b: Audino|0 fnt
|-unboost|p1b: Tauros|def|1
|-unboost|p1b: Tauros|spd|1
|faint|p2b: Audino
|move|p1a: Spiritomb|Trick Room|p1a: Spiritomb
|-fieldstart|move: Trick Room|[of] p1a: Spiritomb
|
|upkeep
|
|t:|1785703628
|switch|p2b: Gardevoir|Gardevoir, L50, F|100/100
|turn|3
|
|t:|1785703675
|switch|p2a: Garchomp|Garchomp, L50, F, shiny|100/100
|move|p1a: Spiritomb|Snarl|p2b: Gardevoir|[spread] p2a,p2b
|-damage|p2a: Garchomp|84/100
|-damage|p2b: Gardevoir|84/100
|-unboost|p2a: Garchomp|spa|1
|-unboost|p2b: Gardevoir|spa|1
|move|p1b: Tauros|Close Combat|p2a: Garchomp
|-damage|p2a: Garchomp|22/100
|-unboost|p1b: Tauros|def|1
|-unboost|p1b: Tauros|spd|1
|-damage|p1b: Tauros|21/100|[from] ability: Rough Skin|[of] p2a: Garchomp
|move|p2b: Gardevoir|Trick Room|p2b: Gardevoir
|-fieldend|move: Trick Room
|
|upkeep
|turn|4
|
|t:|1785703734
|switch|p1b: Camerupt|Camerupt, L50, M, shiny|100/100
|detailschange|p2a: Garchomp|Garchomp-Mega, L50, F, shiny
|-mega|p2a: Garchomp|Garchomp|Garchompite
|move|p2a: Garchomp|Scale Shot|p1a: Spiritomb
|-damage|p1a: Spiritomb|0 fnt
|faint|p1a: Spiritomb
|-hitcount|p1: Spiritomb|1
|-unboost|p2a: Garchomp|def|1
|-boost|p2a: Garchomp|spe|1
|move|p2b: Gardevoir|Moonblast|p1b: Camerupt
|-resisted|p1b: Camerupt|1
|-damage|p1b: Camerupt|77/100
|
|upkeep
|
|t:|1785703749
|switch|p1a: Tauros|Tauros-Paldea-Aqua, L50, M, shiny|21/100
|-ability|p1a: Tauros|Intimidate|boost
|-unboost|p2a: Garchomp|atk|1
|-unboost|p2b: Gardevoir|atk|1
|turn|5
|c|☆briandude|totally forgot about your 4th pokemon lol
|c|☆Magikaliper|lmao youve played this really well though, i knew garchomp was gonna be a threat.
|c|☆Magikaliper|im moreso just lucky i predicted your attacks right so im not entirely fucked in a sense.
|c|☆briandude|def not over
|c|☆Magikaliper|its gonna be interesting, thats for sure.
|
|t:|1785703884
|switch|p2b: Blastoise|Blastoise, L50, F, shiny|84/100
|detailschange|p1b: Camerupt|Camerupt-Mega, L50, M, shiny
|-mega|p1b: Camerupt|Camerupt|Cameruptite
|move|p2a: Garchomp|Protect|p2a: Garchomp
|-singleturn|p2a: Garchomp|Protect
|move|p1a: Tauros|Protect|p1a: Tauros
|-singleturn|p1a: Tauros|Protect
|move|p1b: Camerupt|Heat Wave|p2a: Garchomp|[spread] p2b
|-activate|p2a: Garchomp|move: Protect
|-resisted|p2b: Blastoise|1
|-damage|p2b: Blastoise|53/100
|
|upkeep
|turn|6
|
|t:|1785703952
|switch|p1a: Dragapult|Dragapult, L50, F, shiny|90/100
|move|p1b: Camerupt|Protect|p1b: Camerupt
|-singleturn|p1b: Camerupt|Protect
|move|p2a: Garchomp|Scale Shot|p1a: Dragapult|[miss]
|-miss|p2a: Garchomp|p1a: Dragapult
|move|p2b: Blastoise|Muddy Water|p1b: Camerupt|[spread] p1a
|-activate|p1b: Camerupt|move: Protect
|-resisted|p1a: Dragapult|1
|-crit|p1a: Dragapult
|-damage|p1a: Dragapult|59/100
|
|upkeep
|turn|7
|
|t:|1785704018
|switch|p1a: Tauros|Tauros-Paldea-Aqua, L50, M, shiny|21/100
|-ability|p1a: Tauros|Intimidate|boost
|-unboost|p2a: Garchomp|atk|1
|-unboost|p2b: Blastoise|atk|1
|move|p2a: Garchomp|Scale Shot|p1a: Tauros
|-crit|p1a: Tauros
|-damage|p1a: Tauros|0 fnt
|faint|p1a: Tauros
|-hitcount|p1: Tauros|1
|-unboost|p2a: Garchomp|def|1
|-boost|p2a: Garchomp|spe|1
|move|p2b: Blastoise|Muddy Water|p1b: Camerupt
|-supereffective|p1b: Camerupt|2
|-damage|p1b: Camerupt|0 fnt
|faint|p1b: Camerupt
|
|upkeep
|
|t:|1785704034
|switch|p1b: Dragapult|Dragapult, L50, F, shiny|59/100
|turn|8
|c|☆Magikaliper|aha ggs
|
|t:|1785704063
|move|p2a: Garchomp|Protect|p2a: Garchomp
|-singleturn|p2a: Garchomp|Protect
|move|p1b: Dragapult|Shadow Ball|p2b: Blastoise
|-damage|p2b: Blastoise|0 fnt
|faint|p2b: Blastoise
|-damage|p1b: Dragapult|49/100|[from] item: Life Orb
|
|upkeep
|
|t:|1785704070
|switch|p2b: Gardevoir|Gardevoir, L50, F|84/100
|turn|9
|
|t:|1785704084
|move|p2a: Garchomp|Scale Shot|p1b: Dragapult
|-supereffective|p1b: Dragapult|1
|-damage|p1b: Dragapult|28/100
|-supereffective|p1b: Dragapult|1
|-damage|p1b: Dragapult|5/100
|-supereffective|p1b: Dragapult|1
|-damage|p1b: Dragapult|0 fnt
|faint|p1b: Dragapult
|-hitcount|p1: Dragapult|3
|
|win|briandude
|c|☆briandude|gg close one
|c|☆Magikaliper|aha i shouldve targeted your garde with wave crash to keep trick room up, i misplayed. very good game tho
|c|☆Magikaliper|Ill let you post the replay
|c|☆briandude|ok
