|j|☆ryoshino19
|j|☆escorpiobutfrommk
|html|ryoshino19escorpiobutfrommk    
|uhtml|bestof|Game 2 of a best-of-3
|t:|1756429657
|gametype|doubles
|player|p1|ryoshino19|1|1176
|player|p2|escorpiobutfrommk|red|1087
|gen|9
|tier|[Gen 9] VGC 2025 Reg H (Bo3)
|rated|
|rule|Species Clause: Limit one of each Pokémon
|rule|Item Clause: Limit 1 of each item
|clearpoke
|poke|p1|Murkrow, L50, F|
|poke|p1|Gholdengo, L50|
|poke|p1|Dondozo, L50, F|
|poke|p1|Tatsugiri, L50, F|
|poke|p1|Incineroar, L50, F|
|poke|p1|Garchomp, L50, F|
|poke|p2|Sneasler, L50, F|
|poke|p2|Ceruledge, L50, F|
|poke|p2|Dragonite, L50, M|
|poke|p2|Gastrodon, L50, M|
|poke|p2|Kingambit, L50, F|
|poke|p2|Rillaboom, L50, M|
|teampreview|4
|showteam|p1|Murkrow||Eviolite|Prankster|Tailwind,FoulPlay,RainDance,Haze|||F|||50|,,,,,Ghost]Gholdengo||ChoiceSpecs|GoodasGold|MakeItRain,DazzlingGleam,ShadowBall,Thunderbolt||||||50|,,,,,Steel]Dondozo||Leftovers|Unaware|WaveCrash,HeavySlam,OrderUp,Protect|||F|||50|,,,,,Grass]Tatsugiri||FocusSash|Commander|DracoMeteor,IcyWind,MuddyWater,Protect|||F|||50|,,,,,Stellar]Incineroar||SafetyGoggles|Intimidate|FlareBlitz,KnockOff,PartingShot,FakeOut|||F|||50|,,,,,Ghost]Garchomp||LifeOrb|RoughSkin|DragonClaw,StompingTantrum,RockSlide,Protect|||F|||50|,,,,,Fairy
|showteam|p2|Sneasler||FocusSash|Unburden|DireClaw,CloseCombat,Coaching,FakeOut|||F|||50|,,,,,Ghost]Ceruledge||Leftovers|FlashFire|Protect,BulkUp,BitterBlade,ShadowSneak|||F|||50|,,,,,Grass]Dragonite||LoadedDice|Multiscale|Protect,ScaleShot,LowKick,ExtremeSpeed|||M|||50|,,,,,Fairy]Gastrodon||SitrusBerry|StormDrain|Protect,IceBeam,EarthPower,ClearSmog|||M|||50|,,,,,Flying]Kingambit||AssaultVest|Defiant|KowtowCleave,SuckerPunch,IronHead,TeraBlast|||F|||50|,,,,,Flying]Rillaboom||MiracleSeed|GrassySurge|WoodHammer,GrassyGlide,HighHorsepower,FakeOut|||M|||50|,,,,,Fire
|inactive|Battle timer is ON: inactive players will automatically lose when time's up. (requested by ryoshino19)
|
|t:|1756429671
|teamsize|p1|4
|teamsize|p2|4
|start
|switch|p1a: Incineroar|Incineroar, L50, F, shiny|100/100
|switch|p1b: Garchomp|Garchomp, L50, F|100/100
|switch|p2a: Sneasler|Sneasler, L50, F|100/100
|switch|p2b: Dragonite|Dragonite, L50, M|100/100
|-ability|p1a: Incineroar|Intimidate|boost
|-unboost|p2a: Sneasler|atk|1
|-unboost|p2b: Dragonite|atk|1
|turn|1
|l|☆ryoshino19
|inactive|ryoshino19 disconnected and has a minute to reconnect!
|player|p1|
|inactive|ryoshino19 has 30 seconds left.
|inactive|ryoshino19 has 20 seconds left.
|inactive|ryoshino19 has 15 seconds left.
|j|☆ryoshino19
|inactive|ryoshino19 reconnected and has 15 seconds left.
|player|p1|ryoshino19|1|
|inactive|ryoshino19 has 10 seconds left.
|
|t:|1756429720
|switch|p2a: Rillaboom|Rillaboom, L50, M|100/100
|-fieldstart|move: Grassy Terrain|[from] ability: Grassy Surge|[of] p2a: Rillaboom
|move|p1b: Garchomp|Protect|p1b: Garchomp
|-singleturn|p1b: Garchomp|Protect
|move|p2b: Dragonite|Protect|p2b: Dragonite
|-singleturn|p2b: Dragonite|Protect
|move|p1a: Incineroar|Parting Shot|p2b: Dragonite
|-activate|p2b: Dragonite|move: Protect
|
|upkeep
|turn|2
|
|t:|1756429743
|-terastallize|p1b: Garchomp|Fairy
|move|p2a: Rillaboom|Fake Out|p1b: Garchomp
|-damage|p1b: Garchomp|86/100
|-damage|p2a: Rillaboom|88/100|[from] ability: Rough Skin|[of] p1b: Garchomp
|cant|p1b: Garchomp|flinch
|move|p2b: Dragonite|Scale Shot|p1a: Incineroar
|-damage|p1a: Incineroar|93/100
|-damage|p1a: Incineroar|85/100
|-damage|p1a: Incineroar|77/100
|-damage|p1a: Incineroar|69/100
|-hitcount|p1a: Incineroar|4
|-unboost|p2b: Dragonite|def|1
|-boost|p2b: Dragonite|spe|1
|move|p1a: Incineroar|Parting Shot|p2a: Rillaboom
|-unboost|p2a: Rillaboom|atk|1
|-unboost|p2a: Rillaboom|spa|1
|
|t:|1756429752
|switch|p1a: Dondozo|Dondozo, L50, F|100/100|[from] Parting Shot
|
|-heal|p1b: Garchomp|92/100|[from] Grassy Terrain
|-heal|p2a: Rillaboom|94/100|[from] Grassy Terrain
|upkeep
|turn|3
|
|t:|1756429772
|switch|p2a: Sneasler|Sneasler, L50, F|100/100
|switch|p1a: Incineroar|Incineroar, L50, F, shiny|69/100
|-ability|p1a: Incineroar|Intimidate|boost
|-unboost|p2a: Sneasler|atk|1
|-unboost|p2b: Dragonite|atk|1
|move|p2b: Dragonite|Protect|p2b: Dragonite
|-singleturn|p2b: Dragonite|Protect
|move|p1b: Garchomp|Rock Slide|p2a: Sneasler|[spread] 
|-activate|p2b: Dragonite|move: Protect
|-miss|p1b: Garchomp|p2a: Sneasler
|
|-heal|p1b: Garchomp|98/100|[from] Grassy Terrain
|-heal|p1a: Incineroar|75/100|[from] Grassy Terrain
|upkeep
|turn|4
|
|t:|1756429785
|move|p2b: Dragonite|Protect|p2b: Dragonite
|-singleturn|p2b: Dragonite|Protect
|move|p1a: Incineroar|Fake Out|p2a: Sneasler
|-damage|p2a: Sneasler|79/100
|cant|p2a: Sneasler|flinch
|move|p1b: Garchomp|Rock Slide|p2b: Dragonite|[spread] p2a
|-activate|p2b: Dragonite|move: Protect
|-resisted|p2a: Sneasler
|-damage|p2a: Sneasler|59/100
|-damage|p1b: Garchomp|88/100|[from] item: Life Orb
|
|-heal|p2a: Sneasler|64/100|[from] Grassy Terrain
|-heal|p1b: Garchomp|94/100|[from] Grassy Terrain
|-heal|p1a: Incineroar|81/100|[from] Grassy Terrain
|upkeep
|turn|5
|
|t:|1756429804
|-terastallize|p2b: Dragonite|Fairy
|move|p2b: Dragonite|Low Kick|p1a: Incineroar
|-supereffective|p1a: Incineroar
|-damage|p1a: Incineroar|54/100
|move|p2a: Sneasler|Coaching|p2b: Dragonite
|-boost|p2b: Dragonite|atk|1
|-boost|p2b: Dragonite|def|1
|move|p1b: Garchomp|Dragon Claw|p2b: Dragonite
|-immune|p2b: Dragonite
|move|p1a: Incineroar|Flare Blitz|p2a: Sneasler
|-damage|p2a: Sneasler|0 fnt
|faint|p2a: Sneasler
|-damage|p1a: Incineroar|38/100|[from] Recoil
|
|-heal|p1b: Garchomp|99/100|[from] Grassy Terrain
|-heal|p1a: Incineroar|44/100|[from] Grassy Terrain
|-fieldend|move: Grassy Terrain
|upkeep
|
|t:|1756429814
|switch|p2a: Ceruledge|Ceruledge, L50, F|100/100
|turn|6
|
|t:|1756429826
|move|p2a: Ceruledge|Protect|p2a: Ceruledge
|-singleturn|p2a: Ceruledge|Protect
|move|p2b: Dragonite|Scale Shot|p1a: Incineroar
|-damage|p1a: Incineroar|35/100
|-damage|p1a: Incineroar|26/100
|-damage|p1a: Incineroar|17/100
|-damage|p1a: Incineroar|9/100
|-hitcount|p1a: Incineroar|4
|-unboost|p2b: Dragonite|def|1
|-boost|p2b: Dragonite|spe|1
|move|p1b: Garchomp|Rock Slide|p2a: Ceruledge|[spread] p2b
|-activate|p2a: Ceruledge|move: Protect
|-damage|p2b: Dragonite|80/100
|-damage|p1b: Garchomp|90/100|[from] item: Life Orb
|move|p1a: Incineroar|Parting Shot|p2a: Ceruledge
|-activate|p2a: Ceruledge|move: Protect
|
|upkeep
|turn|7
|
|t:|1756429839
|move|p2b: Dragonite|Extreme Speed|p1b: Garchomp
|-damage|p1b: Garchomp|71/100
|-damage|p2b: Dragonite|68/100|[from] ability: Rough Skin|[of] p1b: Garchomp
|move|p2a: Ceruledge|Shadow Sneak|p1a: Incineroar
|-resisted|p1a: Incineroar
|-crit|p1a: Incineroar
|-damage|p1a: Incineroar|0 fnt
|faint|p1a: Incineroar
|move|p1b: Garchomp|Rock Slide|p2a: Ceruledge|[spread] p2a,p2b
|-supereffective|p2a: Ceruledge
|-damage|p2a: Ceruledge|34/100
|-damage|p2b: Dragonite|24/100
|-damage|p1b: Garchomp|61/100|[from] item: Life Orb
|
|-heal|p2a: Ceruledge|40/100|[from] item: Leftovers
|upkeep
|
|t:|1756429843
|switch|p1a: Dondozo|Dondozo, L50, F|100/100
|turn|8
|
|t:|1756429852
|switch|p2a: Rillaboom|Rillaboom, L50, M|94/100
|-fieldstart|move: Grassy Terrain|[from] ability: Grassy Surge|[of] p2a: Rillaboom
|move|p2b: Dragonite|Protect|p2b: Dragonite
|-singleturn|p2b: Dragonite|Protect
|move|p1b: Garchomp|Protect|p1b: Garchomp
|-singleturn|p1b: Garchomp|Protect
|move|p1a: Dondozo|Wave Crash|p2b: Dragonite
|-activate|p2b: Dragonite|move: Protect
|
|-heal|p2b: Dragonite|30/100|[from] Grassy Terrain
|-heal|p1b: Garchomp|67/100|[from] Grassy Terrain
|-heal|p2a: Rillaboom|99/100|[from] Grassy Terrain
|upkeep
|turn|9
|
|t:|1756429866
|switch|p1b: Tatsugiri|Tatsugiri, L50, F|100/100
|-activate|p1b: Tatsugiri|ability: Commander|[of] p1a: Dondozo
|-boost|p1a: Dondozo|atk|2
|-boost|p1a: Dondozo|spa|2
|-boost|p1a: Dondozo|spe|2
|-boost|p1a: Dondozo|def|2
|-boost|p1a: Dondozo|spd|2
|move|p2b: Dragonite|Scale Shot|p1a: Dondozo
|-damage|p1a: Dondozo|96/100
|-damage|p1a: Dondozo|91/100
|-damage|p1a: Dondozo|86/100
|-damage|p1a: Dondozo|81/100
|-damage|p1a: Dondozo|76/100
|-hitcount|p1a: Dondozo|5
|-unboost|p2b: Dragonite|def|1
|-boost|p2b: Dragonite|spe|1
|move|p1a: Dondozo|Wave Crash|p2b: Dragonite
|-damage|p2b: Dragonite|0 fnt
|faint|p2b: Dragonite
|-damage|p1a: Dondozo|70/100|[from] Recoil
|move|p2a: Rillaboom|Wood Hammer|p1a: Dondozo
|-supereffective|p1a: Dondozo
|-damage|p1a: Dondozo|15/100
|-damage|p2a: Rillaboom|78/100|[from] Recoil
|
|-heal|p1a: Dondozo|22/100|[from] Grassy Terrain
|-heal|p1a: Dondozo|28/100|[from] item: Leftovers
|-heal|p2a: Rillaboom|83/100|[from] Grassy Terrain
|upkeep
|
|t:|1756429878
|switch|p2b: Ceruledge|Ceruledge, L50, F|40/100
|turn|10
|j| dustidogi
|
|t:|1756429892
|move|p1a: Dondozo|Protect|p1a: Dondozo
|-singleturn|p1a: Dondozo|Protect
|move|p2a: Rillaboom|Grassy Glide|p1a: Dondozo
|-activate|p1a: Dondozo|move: Protect
|move|p2b: Ceruledge|Bulk Up|p2b: Ceruledge
|-boost|p2b: Ceruledge|atk|1
|-boost|p2b: Ceruledge|def|1
|
|-heal|p1a: Dondozo|34/100|[from] Grassy Terrain
|-heal|p1a: Dondozo|40/100|[from] item: Leftovers
|-heal|p2b: Ceruledge|47/100|[from] Grassy Terrain
|-heal|p2b: Ceruledge|53/100|[from] item: Leftovers
|-heal|p2a: Rillaboom|89/100|[from] Grassy Terrain
|upkeep
|turn|11
|l| dustidogi
|
|t:|1756429911
|move|p2b: Ceruledge|Protect|p2b: Ceruledge
|-singleturn|p2b: Ceruledge|Protect
|move|p2a: Rillaboom|Grassy Glide|p1a: Dondozo
|-supereffective|p1a: Dondozo
|-damage|p1a: Dondozo|14/100
|move|p1a: Dondozo|Wave Crash|p2b: Ceruledge
|-activate|p2b: Ceruledge|move: Protect
|
|-heal|p1a: Dondozo|20/100|[from] Grassy Terrain
|-heal|p1a: Dondozo|26/100|[from] item: Leftovers
|-heal|p2b: Ceruledge|59/100|[from] Grassy Terrain
|-heal|p2b: Ceruledge|65/100|[from] item: Leftovers
|-heal|p2a: Rillaboom|95/100|[from] Grassy Terrain
|upkeep
|turn|12
|
|t:|1756429919
|move|p1a: Dondozo|Protect|p1a: Dondozo
|-singleturn|p1a: Dondozo|Protect
|move|p2a: Rillaboom|Grassy Glide|p1a: Dondozo
|-activate|p1a: Dondozo|move: Protect
|move|p2b: Ceruledge|Bulk Up|p2b: Ceruledge
|-boost|p2b: Ceruledge|atk|1
|-boost|p2b: Ceruledge|def|1
|
|-heal|p1a: Dondozo|32/100|[from] Grassy Terrain
|-heal|p1a: Dondozo|39/100|[from] item: Leftovers
|-heal|p2b: Ceruledge|72/100|[from] Grassy Terrain
|-heal|p2b: Ceruledge|78/100|[from] item: Leftovers
|-heal|p2a: Rillaboom|100/100|[from] Grassy Terrain
|-fieldend|move: Grassy Terrain
|upkeep
|turn|13
|
|t:|1756429927
|move|p2b: Ceruledge|Protect|p2b: Ceruledge
|-singleturn|p2b: Ceruledge|Protect
|move|p1a: Dondozo|Order Up|p2a: Rillaboom
|-damage|p2a: Rillaboom|57/100
|-boost|p1a: Dondozo|atk|1
|move|p2a: Rillaboom|Wood Hammer|p1a: Dondozo
|-supereffective|p1a: Dondozo
|-crit|p1a: Dondozo
|-damage|p1a: Dondozo|0 fnt
|faint|p1a: Dondozo
|-damage|p2a: Rillaboom|41/100|[from] Recoil
|
|-heal|p2b: Ceruledge|84/100|[from] item: Leftovers
|upkeep
|
|t:|1756429929
|switch|p1a: Garchomp|Garchomp, L50, F, tera:Fairy|67/100
|turn|14
|
|t:|1756429950
|move|p1a: Garchomp|Rock Slide|p2b: Ceruledge|[spread] p2a,p2b
|-supereffective|p2b: Ceruledge
|-damage|p2a: Rillaboom|16/100
|-damage|p2b: Ceruledge|56/100
|-damage|p1a: Garchomp|57/100|[from] item: Life Orb
|move|p1b: Tatsugiri|Muddy Water|p2b: Ceruledge|[spread] p2a,p2b
|-resisted|p2a: Rillaboom
|-supereffective|p2b: Ceruledge
|-damage|p2a: Rillaboom|0 fnt
|-damage|p2b: Ceruledge|0 fnt
|faint|p2a: Rillaboom
|faint|p2b: Ceruledge
|
|win|ryoshino19
|raw|ryoshino19's rating: 1176 → 1195(+19 for winning)
|raw|escorpiobutfrommk's rating: 1087 → 1070(-17 for losing)
|l|☆ryoshino19
|player|p1|
