|j|☆Harry Hard TR
|j|☆pom123123123
|html|Harry Hard TRpom123123123    
|uhtml|bestof|Game 1 of a best-of-3
|t:|1785474805
|gametype|doubles
|player|p1|Harry Hard TR|lass-gen8|1146
|player|p2|pom123123123|wattson|1127
|gen|9
|tier|[Gen 9 Champions] VGC 2026 Reg M-B (Bo3)
|rated|
|rule|Species Clause: Limit one of each Pokémon
|rule|Item Clause: Limit 1 of each item
|clearpoke
|poke|p1|Gardevoir, L50, F|
|poke|p1|Meowstic, L50, M|
|poke|p1|Archaludon, L50, F|
|poke|p1|Pelipper, L50, M|
|poke|p1|Zoroark-Hisui, L50, F|
|poke|p1|Swampert, L50, M|
|poke|p2|Gengar, L50, M|
|poke|p2|Archaludon, L50, M|
|poke|p2|Politoed, L50, M|
|poke|p2|Swampert, L50, F|
|poke|p2|Vivillon, L50, F|
|poke|p2|Incineroar, L50, F|
|teampreview|4
|showteam|p1|Gardevoir||Gardevoirite|Synchronize|Protect,HyperVoice,ExpandingForce,AuraSphere|Modest||F|||50|]Meowstic||LightClay|Prankster|PsychicNoise,PsychicTerrain,LightScreen,Reflect|Bold||M|||50|]Archaludon||Leftovers|Stamina|Protect,DragonPulse,FlashCannon,ElectroShot|Calm||F|||50|]Pelipper||SitrusBerry|Drizzle|WideGuard,WeatherBall,Hurricane,Tailwind|Bold||M|||50|]Zoroark-Hisui||FocusSash|Illusion|Protect,BitterMalice,IcyWind,Taunt|Timid||F|||50|]Swampert||Swampertite|Torrent|Protect,WaveCrash,Earthquake,IcePunch|Adamant||M|||50|
|showteam|p2|Gengar||Gengarite|CursedBody|ShadowBall,SludgeBomb,PerishSong,Protect|Modest||M|||50|]Archaludon||Leftovers|Stamina|ElectroShot,DragonPulse,FlashCannon,Protect|Bold||M|||50|]Politoed||SitrusBerry|Drizzle|WeatherBall,Hypnosis,PerishSong,Protect|Calm||M|||50|]Swampert||Swampertite|Torrent|WaveCrash,Earthquake,IcePunch,Protect|Adamant||F|||50|]Vivillon||FocusSash|CompoundEyes|Hurricane,SleepPowder,RagePowder,Protect|Timid||F|||50|]Incineroar||PasshoBerry|Intimidate|ThroatChop,FakeOut,PartingShot,Protect|Impish||F|||50|
|inactive|Battle timer is ON: inactive players will automatically lose when time's up. (requested by pom123123123)
|inactive|Harry Hard TR has 60 seconds left.
|inactive|pom123123123 has 60 seconds left.
|
|t:|1785474844
|teamsize|p1|4
|teamsize|p2|4
|start
|switch|p1a: Archaludon|Archaludon, L50, F|100/100
|switch|p1b: Pelipper|Pelipper, L50, M|100/100
|switch|p2a: Gengar|Gengar, L50, M|100/100
|switch|p2b: Incineroar|Incineroar, L50, F|100/100
|-weather|RainDance|[from] ability: Drizzle|[of] p1b: Pelipper
|-ability|p2b: Incineroar|Intimidate|boost
|-unboost|p1a: Archaludon|atk|1
|-unboost|p1b: Pelipper|atk|1
|turn|1
|
|t:|1785474856
|detailschange|p2a: Gengar|Gengar-Mega, L50, M
|-mega|p2a: Gengar|Gengar|Gengarite
|move|p2b: Incineroar|Fake Out|p1b: Pelipper
|-damage|p1b: Pelipper|89/100
|move|p1a: Archaludon|Icy Wind|p2b: Incineroar|[spread] p2a,p2b
|-resisted|p2b: Incineroar|1
|-damage|p2a: Gengar|86/100
|-damage|p2b: Incineroar|94/100
|-unboost|p2a: Gengar|spe|1
|-unboost|p2b: Incineroar|spe|1
|move|p2a: Gengar|Perish Song|p2a: Gengar
|-start|p1a: Archaludon|perish3|[silent]
|-start|p1b: Pelipper|perish3|[silent]
|-start|p2a: Gengar|perish3|[silent]
|-start|p2b: Incineroar|perish3|[silent]
|-fieldactivate|move: Perish Song
|cant|p1b: Pelipper|flinch
|
|-weather|RainDance|[upkeep]
|-start|p1a: Archaludon|perish3
|-start|p2a: Gengar|perish3
|-start|p1b: Pelipper|perish3
|-start|p2b: Incineroar|perish3
|upkeep
|turn|2
|
|t:|1785474875
|switch|p2b: Politoed|Politoed, L50, M|100/100
|move|p2a: Gengar|Protect|p2a: Gengar
|-singleturn|p2a: Gengar|Protect
|move|p1a: Archaludon|Taunt|p2b: Politoed
|-start|p2b: Politoed|move: Taunt
|move|p1b: Pelipper|Weather Ball|p2b: Politoed
|-resisted|p2b: Politoed|1
|-damage|p2b: Politoed|81/100
|
|-weather|RainDance|[upkeep]
|-start|p1a: Archaludon|perish2
|-start|p2a: Gengar|perish2
|-start|p1b: Pelipper|perish2
|upkeep
|turn|3
|inactive|pom123123123 has 30 seconds left.
|inactive|pom123123123 has 20 seconds left.
|
|t:|1785474911
|move|p1a: Archaludon|Bitter Malice|p2a: Gengar
|-supereffective|p2a: Gengar|1
|-damage|p2a: Gengar|23/100
|-unboost|p2a: Gengar|atk|1
|move|p2a: Gengar|Sludge Bomb|p1a: Archaludon
|-resisted|p1a: Archaludon|1
|-damage|p1a: Archaludon|45/100
|replace|p1a: Zoroark|Zoroark-Hisui, L50, F
|-end|p1a: Zoroark|Illusion
|move|p1b: Pelipper|Hurricane|p2a: Gengar
|-damage|p2a: Gengar|0 fnt
|faint|p2a: Gengar
|move|p2b: Politoed|Weather Ball|p1a: Zoroark
|-damage|p1a: Zoroark|0 fnt
|faint|p1a: Zoroark
|
|-weather|RainDance|[upkeep]
|-start|p1b: Pelipper|perish1
|upkeep
|
|t:|1785474929
|switch|p1a: Archaludon|Archaludon, L50, F|100/100
|switch|p2a: Vivillon|Vivillon, L50, F|100/100
|turn|4
|
|t:|1785474942
|switch|p1b: Swampert|Swampert, L50, M|100/100
|move|p2a: Vivillon|Sleep Powder|p1a: Archaludon
|-status|p1a: Archaludon|slp|[from] move: Sleep Powder
|cant|p1a: Archaludon|slp
|move|p2b: Politoed|Weather Ball|p1b: Swampert
|-damage|p1b: Swampert|47/100
|
|-weather|RainDance|[upkeep]
|-end|p2b: Politoed|move: Taunt
|upkeep
|turn|5
|inactive|pom123123123 has 30 seconds left.
|inactive|pom123123123 has 20 seconds left.
|inactive|pom123123123 has 15 seconds left.
|inactive|pom123123123 has 10 seconds left.
|inactive|pom123123123 has 5 seconds left.
|
|t:|1785474995
|detailschange|p1b: Swampert|Swampert-Mega, L50, M
|-mega|p1b: Swampert|Swampert|Swampertite
|move|p1b: Swampert|Wave Crash|p2a: Vivillon
|-enditem|p2a: Vivillon|Focus Sash
|-damage|p2a: Vivillon|1/100
|-damage|p1b: Swampert|19/100|[from] Recoil
|move|p2a: Vivillon|Sleep Powder|p1b: Swampert
|-status|p1b: Swampert|slp|[from] move: Sleep Powder
|-curestatus|p1a: Archaludon|slp|[msg]
|move|p1a: Archaludon|Electro Shot||[still]
|-prepare|p1a: Archaludon|Electro Shot
|-boost|p1a: Archaludon|spa|1
|-anim|p1a: Archaludon|Electro Shot|p2b: Politoed
|-supereffective|p2b: Politoed|1
|-damage|p2b: Politoed|1/100
|-enditem|p2b: Politoed|Sitrus Berry|[eat]
|-heal|p2b: Politoed|26/100|[from] item: Sitrus Berry
|move|p2b: Politoed|Weather Ball|p1b: Swampert
|-damage|p1b: Swampert|0 fnt
|faint|p1b: Swampert
|
|-weather|none
|upkeep
|
|t:|1785475003
|switch|p1b: Pelipper|Pelipper, L50, M|89/100
|-weather|RainDance|[from] ability: Drizzle|[of] p1b: Pelipper
|turn|6
|
|t:|1785475023
|move|p2a: Vivillon|Sleep Powder|p1a: Archaludon
|-status|p1a: Archaludon|slp|[from] move: Sleep Powder
|cant|p1a: Archaludon|slp
|move|p1b: Pelipper|Weather Ball|p2a: Vivillon
|-damage|p2a: Vivillon|0 fnt
|faint|p2a: Vivillon
|move|p2b: Politoed|Perish Song|p2b: Politoed
|-start|p1a: Archaludon|perish3|[silent]
|-start|p1b: Pelipper|perish3|[silent]
|-start|p2b: Politoed|perish3|[silent]
|-fieldactivate|move: Perish Song
|
|-weather|RainDance|[upkeep]
|-start|p1a: Archaludon|perish3
|-start|p2b: Politoed|perish3
|-start|p1b: Pelipper|perish3
|upkeep
|
|t:|1785475031
|switch|p2a: Incineroar|Incineroar, L50, F|94/100
|-ability|p2a: Incineroar|Intimidate|boost
|-unboost|p1a: Archaludon|atk|1
|-unboost|p1b: Pelipper|atk|1
|turn|7
|
|t:|1785475038
|move|p2a: Incineroar|Fake Out|p1b: Pelipper
|-damage|p1b: Pelipper|78/100
|cant|p1a: Archaludon|slp
|cant|p1b: Pelipper|flinch
|move|p2b: Politoed|Hypnosis|p1b: Pelipper
|-status|p1b: Pelipper|slp|[from] move: Hypnosis
|
|-weather|RainDance|[upkeep]
|-start|p1a: Archaludon|perish2
|-start|p2b: Politoed|perish2
|-start|p1b: Pelipper|perish2
|upkeep
|turn|8
|
|t:|1785475060
|-curestatus|p1a: Archaludon|slp|[msg]
|move|p1a: Archaludon|Electro Shot||[still]
|-prepare|p1a: Archaludon|Electro Shot
|-boost|p1a: Archaludon|spa|1
|-anim|p1a: Archaludon|Electro Shot|p2a: Incineroar
|-damage|p2a: Incineroar|34/100
|move|p2b: Politoed|Hypnosis|p1a: Archaludon|[miss]
|-miss|p2b: Politoed|p1a: Archaludon
|cant|p1b: Pelipper|slp
|move|p2a: Incineroar|Parting Shot|p1a: Archaludon
|-unboost|p1a: Archaludon|atk|1
|-unboost|p1a: Archaludon|spa|1
|
|-weather|RainDance|[upkeep]
|-start|p1a: Archaludon|perish1
|-start|p1b: Pelipper|perish1
|-start|p2b: Politoed|perish1
|upkeep
|turn|9
|
|t:|1785475075
|move|p2b: Politoed|Protect|p2b: Politoed
|-singleturn|p2b: Politoed|Protect
|move|p2a: Incineroar|Protect|p2a: Incineroar
|-singleturn|p2a: Incineroar|Protect
|move|p1a: Archaludon|Electro Shot||[still]
|-prepare|p1a: Archaludon|Electro Shot
|-boost|p1a: Archaludon|spa|1
|-anim|p1a: Archaludon|Electro Shot|p2b: Politoed
|-activate|p2b: Politoed|move: Protect
|cant|p1b: Pelipper|slp
|
|-weather|RainDance|[upkeep]
|-start|p1a: Archaludon|perish0
|-start|p2b: Politoed|perish0
|-start|p1b: Pelipper|perish0
|faint|p1a: Archaludon
|faint|p2b: Politoed
|faint|p1b: Pelipper
|
|win|pom123123123
