|j|☆nikolasnaiz
|j|☆Advertisementish
|html|nikolasnaizAdvertisementish    
|uhtml|bestof|Game 2 of a best-of-3
|t:|1756028877
|gametype|doubles
|player|p1|nikolasnaiz|larry|1234
|player|p2|Advertisementish|n|1174
|gen|9
|tier|[Gen 9] VGC 2025 Reg H (Bo3)
|rated|
|rule|Species Clause: Limit one of each Pokémon
|rule|Item Clause: Limit 1 of each item
|clearpoke
|poke|p1|Dragonite, L50, F|
|poke|p1|Ursaluna-Bloodmoon, L50, M|
|poke|p1|Annihilape, L50, M|
|poke|p1|Volcarona, L50, M|
|poke|p1|Rillaboom, L50, F|
|poke|p1|Incineroar, L50, M|
|poke|p2|Dragonite, L50, M|
|poke|p2|Tatsugiri, L50, F|
|poke|p2|Dondozo, L50, M|
|poke|p2|Glimmora, L50, M|
|poke|p2|Gholdengo, L50|
|poke|p2|Talonflame, L50, F|
|teampreview|4
|showteam|p1|Dragonite||LoadedDice|Multiscale|Protect,ScaleShot,Tailwind,Haze|||F|||50|,,,,,Steel]Ursaluna-Bloodmoon||FocusSash|MindsEye|Protect,BloodMoon,EarthPower,HyperVoice|||M|||50|,,,,,Normal]Annihilape||LumBerry|Defiant|Protect,RageFist,CloseCombat,Taunt|||M|||50|,,,,,Fire]Volcarona||CovertCloak|FlameBody|Protect,QuiverDance,HeatWave,TeraBlast|||M|||50|,,,,,Fairy]Rillaboom||AssaultVest|GrassySurge|FakeOut,WoodHammer,GrassyGlide,HighHorsepower|||F|||50|,,,,,Fire]Incineroar||SafetyGoggles|Intimidate|FakeOut,PartingShot,FlareBlitz,KnockOff|||M|||50|,,,,,Ghost
|showteam|p2|Dragonite||ChoiceBand|Multiscale|IceSpinner,ExtremeSpeed,Outrage,Earthquake|||M|||50|,,,,,Normal]Tatsugiri||ChoiceScarf|Commander|MuddyWater,IcyWind,DracoMeteor,SleepTalk|||F|||50|,,,,,Steel]Dondozo||Leftovers|Unaware|WaveCrash,OrderUp,Earthquake,Protect|||M|||50|,,,,,Grass]Glimmora||AssaultVest|ToxicDebris|PowerGem,EarthPower,MortalSpin,EnergyBall|||M|||50|,,,,,Grass]Gholdengo||ChoiceSpecs|GoodasGold|MakeItRain,ShadowBall,Thunderbolt,PowerGem||||||50|,,,,,Steel]Talonflame||CovertCloak|GaleWings|DualWingbeat,WillOWisp,Taunt,Tailwind|||F|||50|,,,,,Flying
|inactive|Battle timer is ON: inactive players will automatically lose when time's up. (requested by Advertisementish)
|inactive|nikolasnaiz also wants the timer to be on.
|
|t:|1756028892
|teamsize|p1|4
|teamsize|p2|4
|start
|switch|p1a: Ursaluna|Ursaluna-Bloodmoon, L50, M|100/100
|switch|p1b: Dragonite|Dragonite, L50, F, shiny|100/100
|switch|p2a: Dragonite|Dragonite, L50, M|100/100
|switch|p2b: Glimmora|Glimmora, L50, M|100/100
|turn|1
|
|t:|1756028906
|move|p1b: Dragonite|Protect|p1b: Dragonite
|-singleturn|p1b: Dragonite|Protect
|move|p1a: Ursaluna|Protect|p1a: Ursaluna
|-singleturn|p1a: Ursaluna|Protect
|move|p2a: Dragonite|Ice Spinner|p1b: Dragonite
|-activate|p1b: Dragonite|move: Protect
|move|p2b: Glimmora|Mortal Spin|p1a: Ursaluna|[spread] 
|-activate|p1a: Ursaluna|move: Protect
|-activate|p1b: Dragonite|move: Protect
|
|upkeep
|turn|2
|
|t:|1756028925
|-terastallize|p2a: Dragonite|Normal
|-terastallize|p1b: Dragonite|Steel
|move|p1b: Dragonite|Scale Shot|p2a: Dragonite
|-damage|p2a: Dragonite|92/100
|-damage|p2a: Dragonite|76/100
|-damage|p2a: Dragonite|59/100
|-damage|p2a: Dragonite|42/100
|-hitcount|p2a: Dragonite|4
|-unboost|p1b: Dragonite|def|1
|-boost|p1b: Dragonite|spe|1
|move|p2a: Dragonite|Ice Spinner|p1b: Dragonite
|-resisted|p1b: Dragonite
|-damage|p1b: Dragonite|82/100
|move|p1a: Ursaluna|Earth Power|p2b: Glimmora
|-supereffective|p2b: Glimmora
|-damage|p2b: Glimmora|0 fnt
|faint|p2b: Glimmora
|
|upkeep
|
|t:|1756028942
|switch|p2b: Dondozo|Dondozo, L50, M|100/100
|turn|3
|
|t:|1756028948
|move|p1b: Dragonite|Protect|p1b: Dragonite
|-singleturn|p1b: Dragonite|Protect
|move|p1a: Ursaluna|Protect|p1a: Ursaluna
|-singleturn|p1a: Ursaluna|Protect
|move|p2b: Dondozo|Protect|p2b: Dondozo
|-singleturn|p2b: Dondozo|Protect
|move|p2a: Dragonite|Ice Spinner|p1a: Ursaluna
|-activate|p1a: Ursaluna|move: Protect
|
|upkeep
|turn|4
|
|t:|1756028963
|switch|p1b: Rillaboom|Rillaboom, L50, F|100/100
|-fieldstart|move: Grassy Terrain|[from] ability: Grassy Surge|[of] p1b: Rillaboom
|switch|p1a: Incineroar|Incineroar, L50, M, shiny|100/100
|-ability|p1a: Incineroar|Intimidate|boost
|-unboost|p2a: Dragonite|atk|1
|-unboost|p2b: Dondozo|atk|1
|move|p2a: Dragonite|Ice Spinner|p1a: Incineroar
|-resisted|p1a: Incineroar
|-damage|p1a: Incineroar|87/100
|-fieldend|move: Grassy Terrain
|move|p2b: Dondozo|Earthquake|p1b: Rillaboom|[spread] p2a,p1a,p1b
|-supereffective|p1a: Incineroar
|-resisted|p1b: Rillaboom
|-damage|p2a: Dragonite|25/100
|-damage|p1a: Incineroar|60/100
|-damage|p1b: Rillaboom|94/100
|
|upkeep
|turn|5
|inactive|nikolasnaiz has 30 seconds left.
|
|t:|1756029000
|move|p2b: Dondozo|Protect|p2b: Dondozo
|-singleturn|p2b: Dondozo|Protect
|move|p1b: Rillaboom|Fake Out|p2b: Dondozo
|-activate|p2b: Dondozo|move: Protect
|move|p2a: Dragonite|Ice Spinner|p1b: Rillaboom
|-supereffective|p1b: Rillaboom
|-damage|p1b: Rillaboom|37/100
|move|p1a: Incineroar|Flare Blitz|p2a: Dragonite
|-damage|p2a: Dragonite|0 fnt
|faint|p2a: Dragonite
|-damage|p1a: Incineroar|53/100|[from] Recoil
|
|upkeep
|
|t:|1756029012
|switch|p2a: Tatsugiri|Tatsugiri, L50, F, shiny|100/100
|-activate|p2a: Tatsugiri|ability: Commander|[of] p2b: Dondozo
|-boost|p2b: Dondozo|atk|2
|-boost|p2b: Dondozo|spa|2
|-boost|p2b: Dondozo|spe|2
|-boost|p2b: Dondozo|def|2
|-boost|p2b: Dondozo|spd|2
|turn|6
|
|t:|1756029020
|switch|p1b: Dragonite|Dragonite, L50, F, shiny, tera:Steel|82/100
|move|p2b: Dondozo|Order Up|p1b: Dragonite
|-resisted|p1b: Dragonite
|-damage|p1b: Dragonite|61/100
|-boost|p2b: Dondozo|atk|1
|move|p1a: Incineroar|Parting Shot|p2b: Dondozo
|-unboost|p2b: Dondozo|atk|1
|-unboost|p2b: Dondozo|spa|1
|
|t:|1756029026
|switch|p1a: Rillaboom|Rillaboom, L50, F|37/100|[from] Parting Shot
|-fieldstart|move: Grassy Terrain|[from] ability: Grassy Surge|[of] p1a: Rillaboom
|
|-heal|p1b: Dragonite|67/100|[from] Grassy Terrain
|-heal|p1a: Rillaboom|43/100|[from] Grassy Terrain
|upkeep
|turn|7
|
|t:|1756029034
|move|p1a: Rillaboom|Fake Out|p2b: Dondozo
|-damage|p2b: Dondozo|95/100
|cant|p2b: Dondozo|flinch
|move|p1b: Dragonite|Haze|p1b: Dragonite
|-clearallboost
|
|-heal|p1b: Dragonite|73/100|[from] Grassy Terrain
|-heal|p1a: Rillaboom|49/100|[from] Grassy Terrain
|-heal|p2b: Dondozo|100/100|[from] Grassy Terrain
|upkeep
|turn|8
|
|t:|1756029045
|move|p1b: Dragonite|Scale Shot|p2b: Dondozo
|-damage|p2b: Dondozo|91/100
|-damage|p2b: Dondozo|79/100
|-damage|p2b: Dondozo|69/100
|-damage|p2b: Dondozo|59/100
|-damage|p2b: Dondozo|50/100
|-hitcount|p2b: Dondozo|5
|-unboost|p1b: Dragonite|def|1
|-boost|p1b: Dragonite|spe|1
|move|p1a: Rillaboom|Wood Hammer|p2b: Dondozo
|-supereffective|p2b: Dondozo
|-damage|p2b: Dondozo|0 fnt
|faint|p2b: Dondozo
|-damage|p1a: Rillaboom|30/100|[from] Recoil
|
|-heal|p1b: Dragonite|79/100|[from] Grassy Terrain
|-heal|p1a: Rillaboom|36/100|[from] Grassy Terrain
|upkeep
|turn|9
|
|t:|1756029063
|move|p1b: Dragonite|Protect|p1b: Dragonite
|-singleturn|p1b: Dragonite|Protect
|move|p2a: Tatsugiri|Muddy Water|p1b: Dragonite|[spread] 
|-activate|p1b: Dragonite|move: Protect
|-miss|p2a: Tatsugiri|p1a: Rillaboom
|move|p1a: Rillaboom|Wood Hammer|p2a: Tatsugiri
|-damage|p2a: Tatsugiri|0 fnt
|faint|p2a: Tatsugiri
|-damage|p1a: Rillaboom|12/100|[from] Recoil
|
|win|nikolasnaiz
|raw|nikolasnaiz's rating: 1234 → 1255(+21 for winning)
|raw|Advertisementish's rating: 1174 → 1153(-21 for losing)
