|j|☆GaliVGC
|j|☆natty dice
|html|GaliVGCnatty dice    
|uhtml|bestof|Game 2 of a best-of-3
|t:|1783628009
|gametype|doubles
|player|p1|GaliVGC|265|1088
|player|p2|natty dice|bugcatcher-gen4dp|1000
|gen|9
|tier|[Gen 9 Champions] VGC 2026 Reg M-B (Bo3)
|rated|
|rule|Species Clause: Limit one of each Pokémon
|rule|Item Clause: Limit 1 of each item
|clearpoke
|poke|p1|Archaludon, L50, M|
|poke|p1|Politoed, L50, M|
|poke|p1|Swampert, L50, F|
|poke|p1|Gengar, L50, M, shiny|
|poke|p1|Incineroar, L50, F|
|poke|p1|Sylveon, L50, M, shiny|
|poke|p2|Pyroar, L50, M|
|poke|p2|Whimsicott, L50, F|
|poke|p2|Vileplume, L50, F|
|poke|p2|Eelektross, L50, F|
|poke|p2|Dragonite, L50, M|
|poke|p2|Staraptor, L50, M|
|teampreview|4
|showteam|p1|Archaludon||Leftovers|Stamina|FlashCannon,DragonPulse,ElectroShot,Protect|Modest||M|||50|]Politoed||DampRock|Drizzle|WeatherBall,IceBeam,PerishSong,Protect|Calm||M|||50|]Swampert||Swampertite|Torrent|WaveCrash,Earthquake,Protect,IcePunch|Adamant||F|||50|]Gengar||Gengarite|CursedBody|ShadowBall,SludgeBomb,Protect,PerishSong|Modest||M|||50|]Incineroar||SitrusBerry|Intimidate|FakeOut,DarkestLariat,PartingShot,Protect|Sassy||F|||50|]Sylveon||FairyFeather|Pixilate|HyperVoice,Protect,HyperBeam,QuickAttack|Modest||M|||50|
|showteam|p2|Pyroar||Pyroarite|Unnerve|HeatWave,Protect,ScorchingSands,HyperVoice|Timid||M|||50|]Whimsicott||FocusSash|Prankster|SunnyDay,Tailwind,LightScreen,DazzlingGleam|Timid||F|||50|]Vileplume||OccaBerry|Chlorophyll|EnergyBall,SludgeBomb,AfterYou,SleepPowder|Timid||F|||50|]Eelektross||SitrusBerry|Levitate|SupercellSlam,Coil,KnockOff,Lunge|Adamant||F|||50|]Dragonite||Leftovers|Multiscale|Earthquake,DragonDance,ExtremeSpeed,DragonClaw|Adamant||M|||50|]Staraptor||Staraptite|Intimidate|BraveBird,Protect,CloseCombat,QuickAttack|Adamant||M|||50|
|inactive|Battle timer is ON: inactive players will automatically lose when time's up. (requested by GaliVGC)
|
|t:|1783628046
|teamsize|p1|4
|teamsize|p2|4
|start
|switch|p1a: Incineroar|Incineroar, L50, F|100/100
|switch|p1b: Gengar|Gengar, L50, M, shiny|100/100
|switch|p2a: Pyroar|Pyroar, L50, M|100/100
|switch|p2b: Vileplume|Vileplume, L50, F|100/100
|-ability|p2a: Pyroar|Unnerve
|-ability|p1a: Incineroar|Intimidate|boost
|-unboost|p2a: Pyroar|atk|1
|-unboost|p2b: Vileplume|atk|1
|turn|1
|inactive|GaliVGC has 30 seconds left.
|
|t:|1783628076
|detailschange|p2a: Pyroar|Pyroar-Mega, L50, M
|-mega|p2a: Pyroar|Pyroar|Pyroarite
|detailschange|p1b: Gengar|Gengar-Mega, L50, M, shiny
|-mega|p1b: Gengar|Gengar|Gengarite
|move|p1a: Incineroar|Fake Out|p2b: Vileplume
|-damage|p2b: Vileplume|86/100
|move|p2a: Pyroar|Scorching Sands|p1b: Gengar
|-supereffective|p1b: Gengar|1
|-crit|p1b: Gengar
|-damage|p1b: Gengar|31/100
|move|p1b: Gengar|Perish Song|p1b: Gengar
|-start|p1a: Incineroar|perish3|[silent]
|-start|p1b: Gengar|perish3|[silent]
|-start|p2a: Pyroar|perish3|[silent]
|-start|p2b: Vileplume|perish3|[silent]
|-fieldactivate|move: Perish Song
|cant|p2b: Vileplume|flinch
|
|-start|p2a: Pyroar|perish3
|-start|p1b: Gengar|perish3
|-start|p2b: Vileplume|perish3
|-start|p1a: Incineroar|perish3
|upkeep
|turn|2
|
|t:|1783628091
|move|p1b: Gengar|Protect|p1b: Gengar
|-singleturn|p1b: Gengar|Protect
|move|p1a: Incineroar|Protect|p1a: Incineroar
|-singleturn|p1a: Incineroar|Protect
|move|p2a: Pyroar|Heat Wave|p1b: Gengar|[spread] 
|-activate|p1a: Incineroar|move: Protect
|-activate|p1b: Gengar|move: Protect
|move|p2b: Vileplume|Sleep Powder|p1a: Incineroar
|-activate|p1a: Incineroar|move: Protect
|
|-start|p2a: Pyroar|perish2
|-start|p1b: Gengar|perish2
|-start|p2b: Vileplume|perish2
|-start|p1a: Incineroar|perish2
|upkeep
|turn|3
|
|t:|1783628112
|switch|p1a: Politoed|Politoed, L50, M|100/100
|-weather|RainDance|[from] ability: Drizzle|[of] p1a: Politoed
|move|p2a: Pyroar|Scorching Sands|p1a: Politoed
|-damage|p1a: Politoed|80/100
|move|p1b: Gengar|Sludge Bomb|p2b: Vileplume
|-damage|p2b: Vileplume|17/100
|move|p2b: Vileplume|Sleep Powder|p1b: Gengar
|-status|p1b: Gengar|slp|[from] move: Sleep Powder
|
|-weather|RainDance|[upkeep]
|-start|p2a: Pyroar|perish1
|-start|p1b: Gengar|perish1
|-start|p2b: Vileplume|perish1
|upkeep
|turn|4
|
|t:|1783628132
|switch|p1b: Incineroar|Incineroar, L50, F|100/100
|-ability|p1b: Incineroar|Intimidate|boost
|-unboost|p2a: Pyroar|atk|1
|-unboost|p2b: Vileplume|atk|1
|move|p1a: Politoed|Protect|p1a: Politoed
|-singleturn|p1a: Politoed|Protect
|move|p2a: Pyroar|Scorching Sands|p1b: Incineroar
|-supereffective|p1b: Incineroar|1
|-damage|p1b: Incineroar|64/100
|move|p2b: Vileplume|Energy Ball|p1a: Politoed
|-activate|p1a: Politoed|move: Protect
|
|-weather|RainDance|[upkeep]
|-start|p2a: Pyroar|perish0
|-start|p2b: Vileplume|perish0
|faint|p2a: Pyroar
|faint|p2b: Vileplume
|upkeep
|
|t:|1783628140
|switch|p2a: Dragonite|Dragonite, L50, M|100/100
|switch|p2b: Staraptor|Staraptor, L50, M|100/100
|-ability|p2b: Staraptor|Intimidate|boost
|-unboost|p1a: Politoed|atk|1
|-unboost|p1b: Incineroar|atk|1
|turn|5
|
|t:|1783628153
|move|p1b: Incineroar|Fake Out|p2b: Staraptor
|-damage|p2b: Staraptor|89/100
|cant|p2b: Staraptor|flinch
|move|p2a: Dragonite|Earthquake|p1a: Politoed|[spread] p1a,p1b
|-immune|p2b: Staraptor
|-supereffective|p1b: Incineroar|1
|-damage|p1a: Politoed|53/100
|-damage|p1b: Incineroar|16/100
|-enditem|p1b: Incineroar|Sitrus Berry|[eat]
|-heal|p1b: Incineroar|41/100|[from] item: Sitrus Berry
|move|p1a: Politoed|Perish Song|p1a: Politoed
|-start|p1a: Politoed|perish3|[silent]
|-start|p1b: Incineroar|perish3|[silent]
|-start|p2a: Dragonite|perish3|[silent]
|-start|p2b: Staraptor|perish3|[silent]
|-fieldactivate|move: Perish Song
|
|-weather|RainDance|[upkeep]
|-start|p2b: Staraptor|perish3
|-start|p2a: Dragonite|perish3
|-start|p1a: Politoed|perish3
|-start|p1b: Incineroar|perish3
|upkeep
|turn|6
|
|t:|1783628175
|move|p1a: Politoed|Protect|p1a: Politoed
|-singleturn|p1a: Politoed|Protect
|move|p2b: Staraptor|Brave Bird|p1b: Incineroar
|-damage|p1b: Incineroar|0 fnt
|faint|p1b: Incineroar
|-damage|p2b: Staraptor|72/100|[from] Recoil
|move|p2a: Dragonite|Dragon Dance|p2a: Dragonite
|-boost|p2a: Dragonite|atk|1
|-boost|p2a: Dragonite|spe|1
|
|-weather|RainDance|[upkeep]
|-start|p2a: Dragonite|perish2
|-start|p2b: Staraptor|perish2
|-start|p1a: Politoed|perish2
|upkeep
|
|t:|1783628184
|switch|p1b: Archaludon|Archaludon, L50, M|100/100
|turn|7
|
|t:|1783628193
|move|p2a: Dragonite|Earthquake|p1b: Archaludon|[spread] p1a,p1b
|-immune|p2b: Staraptor
|-supereffective|p1b: Archaludon|1
|-damage|p1a: Politoed|13/100
|-damage|p1b: Archaludon|32/100
|-ability|p1b: Archaludon|Stamina|boost
|-boost|p1b: Archaludon|def|1
|move|p2b: Staraptor|Brave Bird|p1a: Politoed
|-damage|p1a: Politoed|0 fnt
|faint|p1a: Politoed
|-damage|p2b: Staraptor|66/100|[from] Recoil
|move|p1b: Archaludon|Electro Shot||[still]
|-prepare|p1b: Archaludon|Electro Shot
|-boost|p1b: Archaludon|spa|1
|-anim|p1b: Archaludon|Electro Shot|p2b: Staraptor
|-supereffective|p2b: Staraptor|1
|-damage|p2b: Staraptor|0 fnt
|faint|p2b: Staraptor
|
|-weather|RainDance|[upkeep]
|-heal|p1b: Archaludon|39/100|[from] item: Leftovers
|-start|p2a: Dragonite|perish1
|upkeep
|
|t:|1783628204
|switch|p1a: Gengar|Gengar-Mega, L50, M, shiny|31/100 slp
|turn|8
|
|t:|1783628209
|move|p1b: Archaludon|Protect|p1b: Archaludon
|-singleturn|p1b: Archaludon|Protect
|move|p2a: Dragonite|Earthquake|p1b: Archaludon|[spread] p1a
|-activate|p1b: Archaludon|move: Protect
|-supereffective|p1a: Gengar|1
|-crit|p1a: Gengar
|-damage|p1a: Gengar|0 fnt
|faint|p1a: Gengar
|
|-weather|RainDance|[upkeep]
|-heal|p1b: Archaludon|45/100|[from] item: Leftovers
|-start|p2a: Dragonite|perish0
|faint|p2a: Dragonite
|
|win|GaliVGC
|raw|GaliVGC's rating: 1088 → 1108(+20 for winning)
|raw|natty dice's rating: 1000 → 1000(+0 for losing)
|l|☆natty dice
|player|p2|
