|j|☆stormking1989
|j|☆Matthewpr21
|html|stormking1989Matthewpr21    
|uhtml|bestof|Game 1 of a best-of-3
|t:|1757636650
|gametype|doubles
|player|p1|stormking1989|265|
|player|p2|Matthewpr21|2|
|gen|9
|tier|[Gen 9] VGC 2025 Reg H (Bo3)
|rule|Species Clause: Limit one of each Pokémon
|rule|Item Clause: Limit 1 of each item
|clearpoke
|poke|p1|Archaludon, L50, M|
|poke|p1|Amoonguss, L50, M|
|poke|p1|Grimmsnarl, L50, M|
|poke|p1|Pelipper, L50, M|
|poke|p1|Volcarona, L50, M|
|poke|p1|Dragonite, L50, M|
|poke|p2|Basculegion, L50, M|
|poke|p2|Sneasler, L50, M|
|poke|p2|Rillaboom, L50, M|
|poke|p2|Pelipper, L50, M|
|poke|p2|Farigiraf, L50, M|
|poke|p2|Archaludon, L50, F|
|teampreview|4
|showteam|p1|Archaludon||AssaultVest|Stamina|BodyPress,ElectroShot,TeraBlast,DragonPulse|||M|||50|,,,,,Fairy]Amoonguss||RockyHelmet|Regenerator|RagePowder,Spore,PollenPuff,Protect|||M|||50|,,,,,Water]Grimmsnarl||LightClay|Prankster|ThunderWave,LightScreen,Reflect,SpiritBreak|||M|||50|,,,,,Ghost]Pelipper||FocusSash|Drizzle|Hurricane,Tailwind,Protect,WeatherBall|||M|||50|,,,,,Flying]Volcarona||Leftovers|FlameBody|BugBuzz,GigaDrain,HeatWave,QuiverDance|||M|||50|,,,,,Grass]Dragonite||ChoiceBand|Multiscale|ExtremeSpeed,Outrage,ThunderPunch,IceSpinner|||M|||50|,,,,,Normal
|showteam|p2|Basculegion||LifeOrb|SwiftSwim|WaveCrash,LastRespects,AquaJet,Protect|||M|||50|,,,,,Water]Sneasler||FocusSash|PoisonTouch|ThroatChop,CloseCombat,DireClaw,Protect|||M|||50|,,,,,Dark]Rillaboom||MiracleSeed|GrassySurge|FakeOut,GrassyGlide,WoodHammer,Uturn|||M|||50|,,,,,Grass]Pelipper||DampRock|Drizzle|Hurricane,Tailwind,WideGuard,WeatherBall|||M|||50|,,,,,Ghost]Farigiraf||SitrusBerry|ArmorTail|Psychic,HelpingHand,TrickRoom,FoulPlay|||M|||50|,,,,,Grass]Archaludon||AssaultVest|Stamina|ElectroShot,BodyPress,FlashCannon,DracoMeteor|||F|||50|,,,,,Grass
|
|t:|1757636718
|teamsize|p1|4
|teamsize|p2|4
|start
|switch|p1a: Dragonite|Dragonite, L50, M, shiny|100/100
|switch|p1b: Volcarona|Volcarona, L50, M, shiny|100/100
|switch|p2a: Archaludon|Archaludon, L50, F|100/100
|switch|p2b: Sneasler|Sneasler, L50, M|100/100
|turn|1
|
|t:|1757636757
|switch|p2b: Farigiraf|Farigiraf, L50, M, shiny|100/100
|switch|p1a: Archaludon|Archaludon, L50, M, shiny|100/100
|move|p1b: Volcarona|Quiver Dance|p1b: Volcarona
|-boost|p1b: Volcarona|spa|1
|-boost|p1b: Volcarona|spd|1
|-boost|p1b: Volcarona|spe|1
|move|p2a: Archaludon|Draco Meteor|p1a: Archaludon
|-damage|p1a: Archaludon|59/100
|-unboost|p2a: Archaludon|spa|2
|-ability|p1a: Archaludon|Stamina|boost
|-boost|p1a: Archaludon|def|1
|
|upkeep
|turn|2
|
|t:|1757636795
|-terastallize|p1a: Archaludon|Fairy
|move|p2b: Farigiraf|Helping Hand|p2a: Archaludon
|-singleturn|p2a: Archaludon|Helping Hand|[of] p2b: Farigiraf
|move|p1b: Volcarona|Heat Wave|p2a: Archaludon|[spread] p2a
|-miss|p1b: Volcarona|p2b: Farigiraf
|-damage|p2a: Archaludon|66/100
|-ability|p2a: Archaludon|Stamina|boost
|-boost|p2a: Archaludon|def|1
|move|p2a: Archaludon|Body Press|p1a: Archaludon
|-resisted|p1a: Archaludon
|-damage|p1a: Archaludon|48/100
|-ability|p1a: Archaludon|Stamina|boost
|-boost|p1a: Archaludon|def|1
|move|p1a: Archaludon|Body Press|p2b: Farigiraf
|-damage|p2b: Farigiraf|50/100
|-enditem|p2b: Farigiraf|Sitrus Berry|[eat]
|-heal|p2b: Farigiraf|75/100|[from] item: Sitrus Berry
|
|upkeep
|turn|3
|
|t:|1757636831
|move|p1b: Volcarona|Bug Buzz|p2b: Farigiraf
|-supereffective|p2b: Farigiraf
|-damage|p2b: Farigiraf|0 fnt
|faint|p2b: Farigiraf
|move|p2a: Archaludon|Flash Cannon|p1a: Archaludon
|-supereffective|p1a: Archaludon
|-damage|p1a: Archaludon|20/100
|-ability|p1a: Archaludon|Stamina|boost
|-boost|p1a: Archaludon|def|1
|move|p1a: Archaludon|Body Press|p2a: Archaludon
|-supereffective|p2a: Archaludon
|-damage|p2a: Archaludon|0 fnt
|faint|p2a: Archaludon
|
|upkeep
|
|t:|1757636843
|switch|p2a: Sneasler|Sneasler, L50, M|100/100
|switch|p2b: Basculegion|Basculegion, L50, M|100/100
|turn|4
|
|t:|1757636872
|switch|p1a: Dragonite|Dragonite, L50, M, shiny|100/100
|move|p1b: Volcarona|Heat Wave|p2b: Basculegion|[spread] p2a
|-miss|p1b: Volcarona|p2b: Basculegion
|-crit|p2a: Sneasler
|-enditem|p2a: Sneasler|Focus Sash
|-damage|p2a: Sneasler|1/100
|move|p2a: Sneasler|Dire Claw|p1a: Dragonite
|-damage|p1a: Dragonite|74/100
|-status|p1a: Dragonite|par
|move|p2b: Basculegion|Wave Crash|p1b: Volcarona
|-supereffective|p1b: Volcarona
|-damage|p1b: Volcarona|0 fnt
|-status|p2b: Basculegion|brn|[from] ability: Flame Body|[of] p1b: Volcarona
|faint|p1b: Volcarona
|-damage|p2b: Basculegion|69/100 brn|[from] Recoil
|-damage|p2b: Basculegion|59/100 brn|[from] item: Life Orb
|
|-damage|p2b: Basculegion|53/100 brn|[from] brn
|upkeep
|
|t:|1757636894
|switch|p1b: Amoonguss|Amoonguss, L50, M, shiny|100/100
|turn|5
|
|t:|1757636908
|move|p1b: Amoonguss|Rage Powder|p1b: Amoonguss
|-singleturn|p1b: Amoonguss|move: Rage Powder
|move|p2a: Sneasler|Dire Claw|p1b: Amoonguss
|-damage|p1b: Amoonguss|54/100
|-damage|p2a: Sneasler|0 fnt|[from] item: Rocky Helmet|[of] p1b: Amoonguss
|faint|p2a: Sneasler
|move|p2b: Basculegion|Last Respects|p1b: Amoonguss
|-damage|p1b: Amoonguss|0 fnt
|faint|p1b: Amoonguss
|-damage|p2b: Basculegion|44/100 brn|[from] item: Life Orb
|move|p1a: Dragonite|Outrage|p2b: Basculegion
|-damage|p2b: Basculegion|0 fnt
|faint|p2b: Basculegion
|
|win|stormking1989
|inactive|stormking1989 has 30 seconds to confirm battle start!
|inactive|Matthewpr21 has 30 seconds to confirm battle start!
|inactive|stormking1989 has 20 seconds to confirm battle start!
|inactive|Matthewpr21 has 20 seconds to confirm battle start!
||Matthewpr21 is ready for game 2.
