|j|☆dominicex
|j|☆EternalSnowman
|html|dominicexEternalSnowman    
|uhtml|bestof|Game 2 of a best-of-3
|t:|1784999724
|gametype|doubles
|player|p1|dominicex|#smogonxnpa2026draftee|
|player|p2|EternalSnowman|#dwcopv|
|gen|9
|tier|[Gen 9 Champions] VGC 2026 Reg M-B (Bo3)
|rule|Species Clause: Limit one of each Pokémon
|rule|Item Clause: Limit 1 of each item
|clearpoke
|poke|p1|Charizard, L50, F|
|poke|p1|Glimmora, L50, M|
|poke|p1|Whimsicott, L50, F|
|poke|p1|Ninetales-Alola, L50, M|
|poke|p1|Kingambit, L50, M|
|poke|p1|Kommo-o, L50, F|
|poke|p2|Venusaur, L50, F|
|poke|p2|Grimmsnarl, L50, M|
|poke|p2|Archaludon, L50, M|
|poke|p2|Pelipper, L50, F|
|poke|p2|Basculegion, L50, M|
|poke|p2|Swampert, L50, F|
|teampreview|4
|showteam|p1|Charizard||CharizarditeY|Blaze|HeatWave,WeatherBall,SolarBeam,Protect|Modest||F|||50|]Glimmora||Glimmoranite|ToxicDebris|SludgeBomb,PowerGem,EarthPower,SpikyShield|Modest||M|||50|]Whimsicott||FocusSash|Prankster|Moonblast,Tailwind,Encore,Protect|Timid||F|||50|]Ninetales-Alola||NeverMeltIce|SnowWarning|Blizzard,FreezeDry,Encore,Protect|Timid||M|||50|]Kingambit||BlackGlasses|Defiant|KowtowCleave,SuckerPunch,IronHead,Protect|Adamant||M|||50|]Kommo-o||LifeOrb|Overcoat|ClangingScales,AuraSphere,VacuumWave,Protect|Modest||F|||50|
|showteam|p2|Venusaur||Venusaurite|Chlorophyll|GigaDrain,SludgeBomb,EarthPower,Protect|Modest||F|||50|]Grimmsnarl||LightClay|Prankster|LightScreen,Reflect,PartingShot,SpiritBreak|Careful||M|||50|]Archaludon||Leftovers|Stamina|ElectroShot,FlashCannon,DragonPulse,Protect|Calm||M|||50|]Pelipper||SitrusBerry|Drizzle|Tailwind,Protect,Hurricane,MuddyWater|Modest||F|||50|]Basculegion||ChoiceScarf|Adaptability|LastRespects,FlipTurn,WaveCrash,AquaJet|Jolly||M|||50|]Swampert||Swampertite|Torrent|Earthquake,WaveCrash,IcePunch,Protect|Adamant||F|||50|
|j| IcyPenguin604
|j| tieracid
|j| ned04817
|l| IcyPenguin604
|j| gephicka
|j|+bagel
|j| skittycel
|j| kynan sahur
|
|t:|1784999775
|teamsize|p1|4
|teamsize|p2|4
|start
|switch|p1a: Kingambit|Kingambit, L50, M|100/100
|switch|p1b: Charizard|Charizard, L50, F|100/100
|switch|p2a: Archaludon|Archaludon, L50, M|100/100
|switch|p2b: Grimmsnarl|Grimmsnarl, L50, M|100/100
|turn|1
|j| hungry lights
|
|t:|1784999820
|move|p1b: Charizard|Protect|p1b: Charizard
|-singleturn|p1b: Charizard|Protect
|move|p2b: Grimmsnarl|Reflect|p2b: Grimmsnarl
|-sidestart|p2: EternalSnowman|Reflect
|move|p2a: Archaludon|Electro Shot||[still]
|-prepare|p2a: Archaludon|Electro Shot
|-boost|p2a: Archaludon|spa|1
|move|p1a: Kingambit|Iron Head|p2b: Grimmsnarl
|-supereffective|p2b: Grimmsnarl|1
|-damage|p2b: Grimmsnarl|30/100
|
|upkeep
|turn|2
|
|t:|1784999838
|switch|p1b: Whimsicott|Whimsicott, L50, F|100/100
|move|p2b: Grimmsnarl|Parting Shot|p1b: Whimsicott
|-unboost|p1b: Whimsicott|atk|1
|-unboost|p1b: Whimsicott|spa|1
|
|t:|1784999842
|switch|p2b: Swampert|Swampert, L50, F|100/100|[from] Parting Shot
|move|p2a: Archaludon|Electro Shot|p1b: Whimsicott|[from] lockedmove
|-resisted|p1b: Whimsicott|1
|-damage|p1b: Whimsicott|51/100
|move|p1a: Kingambit|Kowtow Cleave|p2b: Swampert
|-damage|p2b: Swampert|54/100
|
|upkeep
|turn|3
|
|t:|1784999863
|detailschange|p2b: Swampert|Swampert-Mega, L50, F
|-mega|p2b: Swampert|Swampert|Swampertite
|move|p1b: Whimsicott|Tailwind|p1b: Whimsicott
|-sidestart|p1: dominicex|move: Tailwind
|move|p1a: Kingambit|Kowtow Cleave|p2b: Swampert
|-damage|p2b: Swampert|18/100
|move|p2b: Swampert|Ice Punch|p1b: Whimsicott
|-supereffective|p1b: Whimsicott|1
|-damage|p1b: Whimsicott|0 fnt
|faint|p1b: Whimsicott
|move|p2a: Archaludon|Electro Shot||[still]
|-prepare|p2a: Archaludon|Electro Shot
|-boost|p2a: Archaludon|spa|1
|
|upkeep
|j| Schister
|
|t:|1784999877
|switch|p1b: Ninetales|Ninetales-Alola, L50, M|100/100
|-weather|Snowscape|[from] ability: Snow Warning|[of] p1b: Ninetales
|turn|4
|j| Jamstiffer
|
|t:|1784999909
|move|p1b: Ninetales|Blizzard|p2a: Archaludon|[spread] p2a,p2b
|-damage|p2a: Archaludon|68/100
|-damage|p2b: Swampert|0 fnt
|-ability|p2a: Archaludon|Stamina|boost
|-boost|p2a: Archaludon|def|1
|faint|p2b: Swampert
|move|p1a: Kingambit|Kowtow Cleave|p2a: Archaludon
|-damage|p2a: Archaludon|50/100g
|-ability|p2a: Archaludon|Stamina|boost
|-boost|p2a: Archaludon|def|1
|move|p2a: Archaludon|Electro Shot|p1a: Kingambit|[from] lockedmove
|-damage|p1a: Kingambit|30/100
|
|-weather|Snowscape|[upkeep]
|-heal|p2a: Archaludon|56/100|[from] item: Leftovers
|upkeep
|j| IcyPenguin604
|
|t:|1784999932
|switch|p2b: Grimmsnarl|Grimmsnarl, L50, M|30/100
|turn|5
|j| Pepe Canuto
|
|t:|1784999960
|move|p1b: Ninetales|Protect|p1b: Ninetales
|-singleturn|p1b: Ninetales|Protect
|move|p2b: Grimmsnarl|Light Screen|p2b: Grimmsnarl
|-sidestart|p2: EternalSnowman|move: Light Screen
|move|p1a: Kingambit|Iron Head|p2b: Grimmsnarl
|-supereffective|p2b: Grimmsnarl|1
|-damage|p2b: Grimmsnarl|0 fnt
|faint|p2b: Grimmsnarl
|move|p2a: Archaludon|Flash Cannon|p1b: Ninetales
|-activate|p1b: Ninetales|move: Protect
|
|-weather|Snowscape|[upkeep]
|-heal|p2a: Archaludon|62/100|[from] item: Leftovers
|upkeep
|
|t:|1784999965
|switch|p2b: Pelipper|Pelipper, L50, F|100/100
|-weather|RainDance|[from] ability: Drizzle|[of] p2b: Pelipper
|turn|6
|l| ned04817
|j| Nido-Rus
|j| val16
|
|t:|1785000012
|move|p2b: Pelipper|Protect|p2b: Pelipper
|-singleturn|p2b: Pelipper|Protect
|move|p1b: Ninetales|Encore|p2a: Archaludon
|-start|p2a: Archaludon|Encore
|move|p1a: Kingambit|Kowtow Cleave|p2a: Archaludon
|-damage|p2a: Archaludon|47/100
|-ability|p2a: Archaludon|Stamina|boost
|-boost|p2a: Archaludon|def|1
|move|p2a: Archaludon|Flash Cannon|p1a: Kingambit
|-resisted|p1a: Kingambit|1
|-damage|p1a: Kingambit|0 fnt
|faint|p1a: Kingambit
|
|-weather|RainDance|[upkeep]
|-heal|p2a: Archaludon|54/100|[from] item: Leftovers
|-sideend|p1: dominicex|move: Tailwind
|upkeep
|j| ned04817
|
|t:|1785000020
|switch|p1a: Charizard|Charizard, L50, F|100/100
|turn|7
|l| ned04817
|
|t:|1785000040
|detailschange|p1a: Charizard|Charizard-Mega-Y, L50, F
|-mega|p1a: Charizard|Charizard|Charizardite Y
|-weather|SunnyDay|[from] ability: Drought|[of] p1a: Charizard
|move|p1b: Ninetales|Freeze-Dry|p2a: Archaludon
|-damage|p2a: Archaludon|37/100
|-ability|p2a: Archaludon|Stamina|boost
|-boost|p2a: Archaludon|def|1
|move|p1a: Charizard|Weather Ball|p2a: Archaludon
|-damage|p2a: Archaludon|0 fnt
|faint|p2a: Archaludon
|move|p2b: Pelipper|Tailwind|p2b: Pelipper
|-sidestart|p2: EternalSnowman|move: Tailwind
|
|-weather|SunnyDay|[upkeep]
|upkeep
|turn|8
|l| Schister
|
|t:|1785000056
|move|p2b: Pelipper|Muddy Water|p1a: Charizard|[spread] p1a,p1b
|-supereffective|p1a: Charizard|1
|-crit|p1a: Charizard
|-damage|p1a: Charizard|67/100
|-damage|p1b: Ninetales|85/100
|move|p1b: Ninetales|Freeze-Dry|p2b: Pelipper
|-supereffective|p2b: Pelipper|2
|-damage|p2b: Pelipper|1/100
|-enditem|p2b: Pelipper|Sitrus Berry|[eat]
|-heal|p2b: Pelipper|26/100|[from] item: Sitrus Berry
|move|p1a: Charizard|Solar Beam||[still]
|-prepare|p1a: Charizard|Solar Beam
|-anim|p1a: Charizard|Solar Beam|p2b: Pelipper
|-damage|p2b: Pelipper|0 fnt
|faint|p2b: Pelipper
|
|win|dominicex
|c|☆dominicex|ggs
|l| skittycel
|l| IcyPenguin604
|c|☆EternalSnowman|ggs
|j|+eragon
|l| Nido-Rus
|l|+eragon
