|j|☆CaratroncoSun
|j|☆INKevin
|html|CaratroncoSunINKevin    
|uhtml|bestof|Game 2 of a best-of-3
|t:|1782227355
|gametype|doubles
|player|p1|CaratroncoSun|juan|1155
|player|p2|INKevin|170|1067
|gen|9
|tier|[Gen 9 Champions] VGC 2026 Reg M-B (Bo3)
|rated|
|rule|Species Clause: Limit one of each Pokémon
|rule|Item Clause: Limit 1 of each item
|clearpoke
|poke|p1|Overqwil, L50, F, shiny|
|poke|p1|Swampert, L50, F|
|poke|p1|Pelipper, L50, F|
|poke|p1|Metagross, L50, shiny|
|poke|p1|Sneasler, L50, M|
|poke|p1|Sinistcha-Masterpiece, L50|
|poke|p2|Pyroar, L50, M|
|poke|p2|Whimsicott, L50, M|
|poke|p2|Sneasler, L50, F, shiny|
|poke|p2|Sylveon, L50, F, shiny|
|poke|p2|Staraptor, L50, F, shiny|
|poke|p2|Garchomp, L50, M|
|teampreview|4
|showteam|p1|Overqwil||LifeOrb|SwiftSwim|Protect,PoisonJab,ThroatChop,Liquidation|Adamant||F|||50|]Swampert||Swampertite|Damp|Protect,WaveCrash,HighHorsepower,IcePunch|Adamant||F|||50|]Pelipper||FocusSash|Drizzle|Protect,Tailwind,Hurricane,WeatherBall|Modest||F|||50|]Metagross||Metagrossite|ClearBody|Protect,PsychicFangs,MeteorMash,IcePunch|Jolly|||||50|]Sneasler||WhiteHerb|Unburden|Coaching,FakeOut,DireClaw,CloseCombat|Jolly||M|||50|]Sinistcha-Masterpiece||SitrusBerry|Hospitality|MatchaGotcha,TrickRoom,LifeDew,RagePowder|Bold|||||50|
|showteam|p2|Pyroar||Pyroarite|Rivalry|HeatWave,Flamethrower,FlameCharge,Protect|Naive||M|||50|]Whimsicott||CobaBerry|Prankster|Tailwind,Moonblast,Charm,SunnyDay|Bold||M|||50|]Sneasler||WhiteHerb|Unburden|FakeOut,DireClaw,CloseCombat,Protect|Adamant||F|||50|]Sylveon||FairyFeather|Pixilate|HyperVoice,QuickAttack,HyperBeam,Protect|Modest||F|||50|]Staraptor||Staraptite|Intimidate|CloseCombat,BraveBird,BlazeKick,Protect|Jolly||F|||50|]Garchomp||ChoiceScarf|RoughSkin|Earthquake,DragonClaw,RockSlide,IronHead|Adamant||M|||50|
|inactive|Battle timer is ON: inactive players will automatically lose when time's up. (requested by INKevin)
|inactive|INKevin has 60 seconds left.
|
|t:|1782227388
|teamsize|p1|4
|teamsize|p2|4
|start
|switch|p1a: Sneasler|Sneasler, L50, M|100/100
|switch|p1b: Metagross|Metagross, L50, shiny|100/100
|switch|p2a: Staraptor|Staraptor, L50, F, shiny|100/100
|switch|p2b: Whimsicott|Whimsicott, L50, M|100/100
|-ability|p2a: Staraptor|Intimidate|boost
|-unboost|p1a: Sneasler|atk|1
|-fail|p1b: Metagross|unboost|[from] ability: Clear Body|[of] p1b: Metagross
|-enditem|p1a: Sneasler|White Herb
|-clearnegativeboost|p1a: Sneasler|[silent]
|turn|1
|
|t:|1782227411
|detailschange|p1b: Metagross|Metagross-Mega, L50, shiny
|-mega|p1b: Metagross|Metagross|Metagrossite
|move|p2a: Staraptor|Protect|p2a: Staraptor
|-singleturn|p2a: Staraptor|Protect
|move|p1a: Sneasler|Fake Out|p2b: Whimsicott
|-damage|p2b: Whimsicott|86/100
|cant|p2b: Whimsicott|flinch
|move|p1b: Metagross|Meteor Mash|p2b: Whimsicott
|-supereffective|p2b: Whimsicott|1
|-damage|p2b: Whimsicott|0 fnt
|faint|p2b: Whimsicott
|
|upkeep
|
|t:|1782227419
|switch|p2b: Garchomp|Garchomp, L50, M|100/100
|turn|2
|inactive|CaratroncoSun has 30 seconds left.
|
|t:|1782227448
|detailschange|p2a: Staraptor|Staraptor-Mega, L50, F, shiny
|-mega|p2a: Staraptor|Staraptor|Staraptite
|move|p1a: Sneasler|Coaching|p1b: Metagross
|-boost|p1b: Metagross|atk|1
|-boost|p1b: Metagross|def|1
|move|p2b: Garchomp|Earthquake|p1a: Sneasler|[spread] p1a,p1b
|-immune|p2a: Staraptor
|-supereffective|p1a: Sneasler|1
|-supereffective|p1b: Metagross|1
|-damage|p1a: Sneasler|0 fnt
|-damage|p1b: Metagross|52/100
|faint|p1a: Sneasler
|move|p1b: Metagross|Ice Punch|p2b: Garchomp
|-supereffective|p2b: Garchomp|2
|-damage|p2b: Garchomp|0 fnt
|-damage|p1b: Metagross|40/100|[from] ability: Rough Skin|[of] p2b: Garchomp
|faint|p2b: Garchomp
|move|p2a: Staraptor|Close Combat|p1b: Metagross
|-damage|p1b: Metagross|5/100
|-boost|p2a: Staraptor|def|1
|-boost|p2a: Staraptor|spd|1
|
|upkeep
|
|t:|1782227472
|switch|p1a: Pelipper|Pelipper, L50, F|100/100
|switch|p2b: Sylveon|Sylveon, L50, F, shiny|100/100
|-weather|RainDance|[from] ability: Drizzle|[of] p1a: Pelipper
|turn|3
|inactive|INKevin has 30 seconds left.
|
|t:|1782227498
|move|p1b: Metagross|Protect|p1b: Metagross
|-singleturn|p1b: Metagross|Protect
|move|p2b: Sylveon|Quick Attack|p1b: Metagross
|-activate|p1b: Metagross|move: Protect
|move|p2a: Staraptor|Close Combat|p1a: Pelipper
|-resisted|p1a: Pelipper|1
|-damage|p1a: Pelipper|53/100
|-boost|p2a: Staraptor|def|1
|-boost|p2a: Staraptor|spd|1
|move|p1a: Pelipper|Tailwind|p1a: Pelipper
|-sidestart|p1: CaratroncoSun|move: Tailwind
|
|-weather|RainDance|[upkeep]
|upkeep
|turn|4
|
|t:|1782227521
|move|p2b: Sylveon|Quick Attack|p1b: Metagross
|-resisted|p1b: Metagross|1
|-damage|p1b: Metagross|1/100
|move|p1b: Metagross|Meteor Mash|p2b: Sylveon
|-supereffective|p2b: Sylveon|1
|-damage|p2b: Sylveon|0 fnt
|faint|p2b: Sylveon
|move|p1a: Pelipper|Hurricane|p2a: Staraptor
|-supereffective|p2a: Staraptor|1
|-damage|p2a: Staraptor|35/100
|move|p2a: Staraptor|Close Combat|p1a: Pelipper
|-resisted|p1a: Pelipper|1
|-damage|p1a: Pelipper|7/100
|-boost|p2a: Staraptor|def|1
|-boost|p2a: Staraptor|spd|1
|
|-weather|RainDance|[upkeep]
|upkeep
|turn|5
|-message|INKevin forfeited.
|
|win|CaratroncoSun
|raw|CaratroncoSun's rating: 1155 → 1174(+19 for winning)
|raw|INKevin's rating: 1067 → 1052(-15 for losing)
