|j|☆Spasio
|j|☆LastHorzion
|html|SpasioLastHorzion    
|uhtml|bestof|Game 2 of a best-of-3
|t:|1755191892
|gametype|doubles
|player|p1|Spasio|265|1182
|player|p2|LastHorzion|steven|1311
|gen|9
|tier|[Gen 9] VGC 2025 Reg H (Bo3)
|rated|
|rule|Species Clause: Limit one of each Pokémon
|rule|Item Clause: Limit 1 of each item
|clearpoke
|poke|p1|Gholdengo, L50|
|poke|p1|Sneasler, L50, M|
|poke|p1|Rillaboom, L50, F|
|poke|p1|Dragonite, L50, M|
|poke|p1|Ninetales-Alola, L50, F|
|poke|p1|Arcanine-Hisui, L50, M|
|poke|p2|Sneasler, L50, M|
|poke|p2|Indeedee, L50, M|
|poke|p2|Ursaluna-Bloodmoon, L50, M|
|poke|p2|Whimsicott, L50, M|
|poke|p2|Typhlosion-Hisui, L50, M|
|poke|p2|Dragonite, L50, M|
|teampreview|4
|showteam|p1|Gholdengo||GrassySeed|GoodasGold|NastyPlot,MakeItRain,ShadowBall,Protect||||||50|,,,,,Water]Sneasler||WhiteHerb|Unburden|CloseCombat,DireClaw,Coaching,Protect|||M|||50|,,,,,Ghost]Rillaboom||AssaultVest|GrassySurge|FakeOut,GrassyGlide,DrumBeating,HighHorsepower|||F|||50|,,,,,Fire]Dragonite||LoadedDice|Multiscale|ScaleShot,StompingTantrum,Tailwind,Protect|||M|||50|,,,,,Ground]Ninetales-Alola||FocusSash|SnowWarning|Blizzard,IcyWind,Encore,AuroraVeil|||F|||50|,,,,,Ghost]Arcanine-Hisui||ClearAmulet|Intimidate|RockSlide,FlareBlitz,ExtremeSpeed,Protect|||M|||50|,,,,,Water
|showteam|p2|Sneasler||PsychicSeed|Unburden|CloseCombat,DireClaw,ThroatChop,Protect|||M|||50|,,,,,Dark]Indeedee||FocusSash|PsychicSurge|ExpandingForce,TeraBlast,Imprison,TrickRoom|||M|||50|,,,,,Ground]Ursaluna-Bloodmoon||LifeOrb|MindsEye|BloodMoon,EarthPower,HyperVoice,Protect|||M|||50|,,,,,Normal]Whimsicott||CovertCloak|Prankster|Tailwind,Moonblast,Encore,SunnyDay|||M|||50|,,,,,Water]Typhlosion-Hisui||ChoiceScarf|Blaze|Eruption,Curse,HeatWave,ShadowBall|||M|||50|,,,,,Fire]Dragonite||LoadedDice|Multiscale|ScaleShot,StompingTantrum,Haze,Protect|||M|||50|,,,,,Fairy
|inactive|Battle timer is ON: inactive players will automatically lose when time's up. (requested by LastHorzion)
|inactive|Spasio also wants the timer to be on.
|
|t:|1755191917
|teamsize|p1|4
|teamsize|p2|4
|start
|switch|p1a: Gholdengo|Gholdengo, L50|100/100
|switch|p1b: Ninetales|Ninetales-Alola, L50, F|100/100
|switch|p2a: Ursaluna|Ursaluna-Bloodmoon, L50, M|100/100
|switch|p2b: Whimsicott|Whimsicott, L50, M|100/100
|-weather|Snowscape|[from] ability: Snow Warning|[of] p1b: Ninetales
|turn|1
|
|t:|1755191929
|-terastallize|p2b: Whimsicott|Water
|move|p2a: Ursaluna|Protect|p2a: Ursaluna
|-singleturn|p2a: Ursaluna|Protect
|move|p2b: Whimsicott|Tailwind|p2b: Whimsicott
|-sidestart|p2: LastHorzion|move: Tailwind
|move|p1b: Ninetales|Blizzard|p2b: Whimsicott|[spread] p2b
|-activate|p2a: Ursaluna|move: Protect
|-resisted|p2b: Whimsicott
|-damage|p2b: Whimsicott|84/100
|move|p1a: Gholdengo|Make It Rain|p2b: Whimsicott|[spread] p2b
|-activate|p2a: Ursaluna|move: Protect
|-resisted|p2b: Whimsicott
|-damage|p2b: Whimsicott|60/100
|-unboost|p1a: Gholdengo|spa|1
|
|-weather|Snowscape|[upkeep]
|upkeep
|turn|2
|inactive|LastHorzion has 30 seconds left.
|inactive|LastHorzion has 20 seconds left.
|
|t:|1755191964
|move|p2b: Whimsicott|Sunny Day|p2b: Whimsicott
|-weather|SunnyDay
|move|p2a: Ursaluna|Blood Moon|p1a: Gholdengo
|-resisted|p1a: Gholdengo
|-damage|p1a: Gholdengo|46/100
|-damage|p2a: Ursaluna|91/100|[from] item: Life Orb
|move|p1b: Ninetales|Encore|p2b: Whimsicott
|-start|p2b: Whimsicott|Encore
|move|p1a: Gholdengo|Nasty Plot|p1a: Gholdengo
|-boost|p1a: Gholdengo|spa|2
|
|-weather|SunnyDay|[upkeep]
|upkeep
|turn|3
|inactive|LastHorzion has 30 seconds left.
|inactive|LastHorzion has 20 seconds left.
|inactive|LastHorzion has 15 seconds left.
|
|t:|1755192006
|switch|p2b: Typhlosion|Typhlosion-Hisui, L50, M|100/100
|move|p1a: Gholdengo|Protect|p1a: Gholdengo
|-singleturn|p1a: Gholdengo|Protect
|move|p2a: Ursaluna|Earth Power|p1a: Gholdengo
|-activate|p1a: Gholdengo|move: Protect
|move|p1b: Ninetales|Icy Wind|p2b: Typhlosion|[spread] p2a,p2b
|-supereffective|p2a: Ursaluna
|-crit|p2a: Ursaluna
|-resisted|p2b: Typhlosion
|-damage|p2a: Ursaluna|31/100
|-damage|p2b: Typhlosion|90/100
|-unboost|p2a: Ursaluna|spe|1
|-unboost|p2b: Typhlosion|spe|1
|
|-weather|SunnyDay|[upkeep]
|upkeep
|turn|4
|inactive|Spasio has 30 seconds left.
|
|t:|1755192039
|switch|p1a: Arcanine|Arcanine-Hisui, L50, M|100/100
|-ability|p1a: Arcanine|Intimidate|boost
|-unboost|p2a: Ursaluna|atk|1
|-unboost|p2b: Typhlosion|atk|1
|move|p2b: Typhlosion|Eruption|p1a: Arcanine|[spread] p1a,p1b
|-resisted|p1a: Arcanine
|-supereffective|p1b: Ninetales
|-damage|p1a: Arcanine|77/100
|-enditem|p1b: Ninetales|Focus Sash
|-damage|p1b: Ninetales|1/100
|move|p1b: Ninetales|Blizzard|p2b: Typhlosion|[spread] 
|-miss|p1b: Ninetales|p2a: Ursaluna
|-miss|p1b: Ninetales|p2b: Typhlosion
|move|p2a: Ursaluna|Hyper Voice|p1a: Arcanine|[spread] p1a,p1b
|-resisted|p1a: Arcanine
|-damage|p1a: Arcanine|46/100
|-damage|p1b: Ninetales|0 fnt
|faint|p1b: Ninetales
|-damage|p2a: Ursaluna|21/100|[from] item: Life Orb
|
|-weather|SunnyDay|[upkeep]
|-sideend|p2: LastHorzion|move: Tailwind
|upkeep
|
|t:|1755192052
|switch|p1b: Rillaboom|Rillaboom, L50, F|100/100
|-fieldstart|move: Grassy Terrain|[from] ability: Grassy Surge|[of] p1b: Rillaboom
|turn|5
|
|t:|1755192077
|switch|p2b: Whimsicott|Whimsicott, L50, M, tera:Water|60/100
|move|p2a: Ursaluna|Protect|p2a: Ursaluna
|-singleturn|p2a: Ursaluna|Protect
|move|p1a: Arcanine|Rock Slide|p2b: Whimsicott|[spread] p2b
|-activate|p2a: Ursaluna|move: Protect
|-damage|p2b: Whimsicott|27/100
|move|p1b: Rillaboom|High Horsepower|p2b: Whimsicott
|-damage|p2b: Whimsicott|0 fnt
|faint|p2b: Whimsicott
|
|-weather|SunnyDay|[upkeep]
|-heal|p1a: Arcanine|52/100|[from] Grassy Terrain
|-heal|p2a: Ursaluna|27/100|[from] Grassy Terrain
|upkeep
|
|t:|1755192100
|switch|p2b: Indeedee|Indeedee, L50, M, shiny|100/100
|-fieldstart|move: Psychic Terrain|[from] ability: Psychic Surge|[of] p2b: Indeedee
|turn|6
|inactive|LastHorzion has 30 seconds left.
|
|t:|1755192137
|switch|p2a: Typhlosion|Typhlosion-Hisui, L50, M|90/100
|move|p2b: Indeedee|Expanding Force|p1a: Arcanine|[spread] p1a,p1b
|-damage|p1a: Arcanine|0 fnt
|-damage|p1b: Rillaboom|56/100
|faint|p1a: Arcanine
|move|p1b: Rillaboom|Drum Beating|p2a: Typhlosion
|-resisted|p2a: Typhlosion
|-damage|p2a: Typhlosion|61/100
|-unboost|p2a: Typhlosion|spe|1
|
|-weather|none
|upkeep
|
|t:|1755192142
|switch|p1a: Gholdengo|Gholdengo, L50|46/100
|turn|7
|
|t:|1755192166
|move|p2b: Indeedee|Expanding Force|p1a: Gholdengo|[spread] p1a,p1b
|-resisted|p1a: Gholdengo
|-damage|p1a: Gholdengo|21/100
|-damage|p1b: Rillaboom|16/100
|move|p1b: Rillaboom|Drum Beating|p2b: Indeedee
|-damage|p2b: Indeedee|23/100
|-unboost|p2b: Indeedee|spe|1
|move|p2a: Typhlosion|Heat Wave|p1a: Gholdengo|[spread] p1b
|-miss|p2a: Typhlosion|p1a: Gholdengo
|-supereffective|p1b: Rillaboom
|-damage|p1b: Rillaboom|0 fnt
|faint|p1b: Rillaboom
|move|p1a: Gholdengo|Shadow Ball|p2a: Typhlosion
|-supereffective|p2a: Typhlosion
|-damage|p2a: Typhlosion|0 fnt
|faint|p2a: Typhlosion
|
|upkeep
|
|t:|1755192177
|switch|p2a: Ursaluna|Ursaluna-Bloodmoon, L50, M|27/100
|turn|8
|
|t:|1755192187
|-terastallize|p1a: Gholdengo|Water
|move|p1a: Gholdengo|Make It Rain|p2b: Indeedee|[spread] p2a,p2b
|-damage|p2a: Ursaluna|0 fnt
|-damage|p2b: Indeedee|0 fnt
|-unboost|p1a: Gholdengo|spa|1
|faint|p2a: Ursaluna
|faint|p2b: Indeedee
|
|win|Spasio
|raw|Spasio's rating: 1182 → 1216(+34 for winning)
|raw|LastHorzion's rating: 1311 → 1284(-27 for losing)
|l|☆Spasio
|player|p1|
