|j|☆vikavoltram
|j|☆jamesbake
|html|vikavoltramjamesbake    
|uhtml|bestof|Game 2 of a best-of-3
|t:|1756948554
|gametype|doubles
|player|p1|vikavoltram|burgh|1093
|player|p2|jamesbake|1|1126
|gen|9
|tier|[Gen 9] VGC 2025 Reg H (Bo3)
|rated|
|rule|Species Clause: Limit one of each Pokémon
|rule|Item Clause: Limit 1 of each item
|clearpoke
|poke|p1|Gholdengo, L50|
|poke|p1|Amoonguss, L50, F|
|poke|p1|Incineroar, L50, F|
|poke|p1|Porygon2, L50|
|poke|p1|Ursaluna, L50, M|
|poke|p1|Hydreigon, L50, F|
|poke|p2|Gyarados, L50, M|
|poke|p2|Indeedee, L50, M|
|poke|p2|Sneasler, L50, M|
|poke|p2|Tyranitar, L50, M|
|poke|p2|Ursaluna-Bloodmoon, L50, M|
|poke|p2|Volcarona, L50, F|
|teampreview|4
|showteam|p1|Gholdengo||MetalCoat|GoodasGold|MakeItRain,ShadowBall,NastyPlot,Protect||||||50|,,,,,Dragon]Amoonguss||CovertCloak|Regenerator|PollenPuff,Spore,RagePowder,Protect|||F|||50|,,,,,Fire]Incineroar||SitrusBerry|Intimidate|FakeOut,FlareBlitz,KnockOff,PartingShot|||F|||50|,,,,,Ghost]Porygon2||Eviolite|Download|TeraBlast,IceBeam,TrickRoom,Recover||||||50|,,,,,Fighting]Ursaluna||FlameOrb|Guts|Facade,HeadlongRush,Earthquake,Protect|||M|||50|,,,,,Ghost]Hydreigon||SafetyGoggles|Levitate|DracoMeteor,Snarl,Tailwind,Protect|||F|||50|,,,,,Ghost
|showteam|p2|Gyarados||SafetyGoggles|Intimidate|Taunt,ThunderWave,Waterfall,Protect|||M|||50|,,,,,Steel]Indeedee||ChoiceScarf|PsychicSurge|ExpandingForce,TeraBlast,Trick,Protect|||M|||50|,,,,,Psychic]Sneasler||PsychicSeed|Unburden|CloseCombat,DireClaw,ThroatChop,Protect|||M|||50|,,,,,Dark]Tyranitar||AssaultVest|SandStream|LowKick,TeraBlast,KnockOff,RockSlide|||M|||50|,,,,,Flying]Ursaluna-Bloodmoon||LifeOrb|MindsEye|HyperVoice,BloodMoon,EarthPower,Protect|||M|||50|,,,,,Normal]Volcarona||SitrusBerry|FlameBody|Overheat,StruggleBug,RagePowder,Tailwind|||F|||50|,,,,,Grass
|inactive|Battle timer is ON: inactive players will automatically lose when time's up. (requested by vikavoltram)
|
|t:|1756948580
|teamsize|p1|4
|teamsize|p2|4
|start
|switch|p1a: Gholdengo|Gholdengo, L50, shiny|100/100
|switch|p1b: Hydreigon|Hydreigon, L50, F, shiny|100/100
|switch|p2a: Seraphiel|Volcarona, L50, F|100/100
|switch|p2b: Tsukuyomi|Ursaluna-Bloodmoon, L50, M|100/100
|turn|1
|inactive|vikavoltram has 30 seconds left.
|
|t:|1756948606
|-terastallize|p1a: Gholdengo|Dragon
|-terastallize|p2b: Tsukuyomi|Normal
|move|p2a: Seraphiel|Tailwind|p2a: Seraphiel
|-sidestart|p2: jamesbake|move: Tailwind
|move|p2b: Tsukuyomi|Hyper Voice|p1a: Gholdengo|[spread] p1a,p1b
|-damage|p1a: Gholdengo|32/100
|-damage|p1b: Hydreigon|32/100
|-damage|p2b: Tsukuyomi|91/100|[from] item: Life Orb
|move|p1b: Hydreigon|Snarl|p2a: Seraphiel|[spread] p2a,p2b
|-damage|p2a: Seraphiel|82/100
|-damage|p2b: Tsukuyomi|66/100
|-unboost|p2a: Seraphiel|spa|1
|-unboost|p2b: Tsukuyomi|spa|1
|move|p1a: Gholdengo|Nasty Plot|p1a: Gholdengo
|-boost|p1a: Gholdengo|spa|2
|
|upkeep
|turn|2
|
|t:|1756948626
|move|p1a: Gholdengo|Protect|p1a: Gholdengo
|-singleturn|p1a: Gholdengo|Protect
|move|p2a: Seraphiel|Struggle Bug|p1a: Gholdengo|[spread] p1b
|-activate|p1a: Gholdengo|move: Protect
|-supereffective|p1b: Hydreigon
|-damage|p1b: Hydreigon|8/100
|-unboost|p1b: Hydreigon|spa|1
|move|p2b: Tsukuyomi|Hyper Voice|p1a: Gholdengo|[spread] p1b
|-activate|p1a: Gholdengo|move: Protect
|-damage|p1b: Hydreigon|0 fnt
|faint|p1b: Hydreigon
|-damage|p2b: Tsukuyomi|56/100|[from] item: Life Orb
|
|upkeep
|
|t:|1756948641
|switch|p1b: Incineroar|Incineroar, L50, F, shiny|100/100
|-ability|p1b: Incineroar|Intimidate|boost
|-unboost|p2a: Seraphiel|atk|1
|-unboost|p2b: Tsukuyomi|atk|1
|turn|3
|inactive|vikavoltram has 30 seconds left.
|
|t:|1756948667
|switch|p2a: Pythia|Indeedee, L50, M|100/100
|-fieldstart|move: Psychic Terrain|[from] ability: Psychic Surge|[of] p2a: Pythia
|move|p1b: Incineroar|Fake Out|p2b: Tsukuyomi
|-activate|p2b: Tsukuyomi|move: Psychic Terrain
|move|p2b: Tsukuyomi|Blood Moon|p1a: Gholdengo
|-damage|p1a: Gholdengo|0 fnt
|faint|p1a: Gholdengo
|-damage|p2b: Tsukuyomi|47/100|[from] item: Life Orb
|
|upkeep
|
|t:|1756948680
|switch|p1a: Amoonguss|Amoonguss, L50, F, shiny|100/100
|turn|4
|
|t:|1756948700
|switch|p2a: Seraphiel|Volcarona, L50, F|82/100
|move|p2b: Tsukuyomi|Protect|p2b: Tsukuyomi
|-singleturn|p2b: Tsukuyomi|Protect
|move|p1b: Incineroar|Knock Off|p2a: Seraphiel
|-damage|p2a: Seraphiel|29/100
|-enditem|p2a: Seraphiel|Sitrus Berry|[from] move: Knock Off|[of] p1b: Incineroar
|move|p1a: Amoonguss|Spore|p2b: Tsukuyomi
|-activate|p2b: Tsukuyomi|move: Protect
|
|-sideend|p2: jamesbake|move: Tailwind
|upkeep
|turn|5
|
|t:|1756948727
|move|p2a: Seraphiel|Rage Powder|p2a: Seraphiel
|-singleturn|p2a: Seraphiel|move: Rage Powder
|move|p1b: Incineroar|Knock Off|p2a: Seraphiel
|-damage|p2a: Seraphiel|0 fnt
|faint|p2a: Seraphiel
|move|p2b: Tsukuyomi|Earth Power|p1b: Incineroar
|-supereffective|p1b: Incineroar
|-damage|p1b: Incineroar|13/100
|-enditem|p1b: Incineroar|Sitrus Berry|[eat]
|-heal|p1b: Incineroar|38/100|[from] item: Sitrus Berry
|-damage|p2b: Tsukuyomi|37/100|[from] item: Life Orb
|move|p1a: Amoonguss|Spore|p2b: Tsukuyomi
|-status|p2b: Tsukuyomi|slp|[from] move: Spore
|
|upkeep
|
|t:|1756948746
|switch|p2a: Pythia|Indeedee, L50, M|100/100
|turn|6
|
|t:|1756948758
|move|p1a: Amoonguss|Protect|p1a: Amoonguss
|-singleturn|p1a: Amoonguss|Protect
|move|p2a: Pythia|Expanding Force|p1a: Amoonguss|[spread] 
|-activate|p1a: Amoonguss|move: Protect
|-immune|p1b: Incineroar
|move|p1b: Incineroar|Knock Off|p2a: Pythia
|-supereffective|p2a: Pythia
|-damage|p2a: Pythia|0 fnt
|-enditem|p2a: Pythia|Choice Scarf|[from] move: Knock Off|[of] p1b: Incineroar
|faint|p2a: Pythia
|cant|p2b: Tsukuyomi|slp
|
|upkeep
|
|t:|1756948764
|switch|p2a: Pestilence|Sneasler, L50, M|100/100
|-enditem|p2a: Pestilence|Psychic Seed
|-boost|p2a: Pestilence|spd|1|[from] item: Psychic Seed
|turn|7
|inactive|vikavoltram has 30 seconds left.
|
|t:|1756948794
|move|p2a: Pestilence|Protect|p2a: Pestilence
|-singleturn|p2a: Pestilence|Protect
|move|p1b: Incineroar|Knock Off|p2a: Pestilence
|-activate|p2a: Pestilence|move: Protect
|cant|p2b: Tsukuyomi|slp
|move|p1a: Amoonguss|Spore|p2a: Pestilence
|-activate|p2a: Pestilence|move: Protect
|
|-fieldend|move: Psychic Terrain
|upkeep
|turn|8
|
|t:|1756948814
|move|p1a: Amoonguss|Rage Powder|p1a: Amoonguss
|-singleturn|p1a: Amoonguss|move: Rage Powder
|move|p2a: Pestilence|Close Combat|p1a: Amoonguss
|-resisted|p1a: Amoonguss
|-damage|p1a: Amoonguss|67/100
|-unboost|p2a: Pestilence|def|1
|-unboost|p2a: Pestilence|spd|1
|move|p1b: Incineroar|Knock Off|p2b: Tsukuyomi
|-damage|p2b: Tsukuyomi|0 fnt
|-enditem|p2b: Tsukuyomi|Life Orb|[from] move: Knock Off|[of] p1b: Incineroar
|faint|p2b: Tsukuyomi
|
|upkeep
|turn|9
|
|t:|1756948830
|move|p1a: Amoonguss|Rage Powder|p1a: Amoonguss
|-singleturn|p1a: Amoonguss|move: Rage Powder
|move|p2a: Pestilence|Dire Claw|p1a: Amoonguss
|-crit|p1a: Amoonguss
|-damage|p1a: Amoonguss|5/100
|move|p1b: Incineroar|Knock Off|p2a: Pestilence
|-resisted|p2a: Pestilence
|-damage|p2a: Pestilence|60/100
|
|upkeep
|turn|10
|
|t:|1756948841
|move|p1a: Amoonguss|Rage Powder|p1a: Amoonguss
|-singleturn|p1a: Amoonguss|move: Rage Powder
|move|p2a: Pestilence|Dire Claw|p1a: Amoonguss
|-damage|p1a: Amoonguss|0 fnt
|faint|p1a: Amoonguss
|move|p1b: Incineroar|Flare Blitz|p2a: Pestilence
|-damage|p2a: Pestilence|0 fnt
|faint|p2a: Pestilence
|-damage|p1b: Incineroar|23/100|[from] Recoil
|
|win|vikavoltram
|raw|vikavoltram's rating: 1093 → 1122(+29 for winning)
|raw|jamesbake's rating: 1126 → 1099(-27 for losing)
