|j|☆Chelicerate1
|j|☆sleepd2
|html|Chelicerate1sleepd2    
|uhtml|bestof|Game 3 of a best-of-3
|t:|1785059406
|gametype|doubles
|player|p1|Chelicerate1|ethan|1295
|player|p2|sleepd2|1|1352
|gen|9
|tier|[Gen 9 Champions] VGC 2026 Reg M-B (Bo3)
|rated|
|rule|Species Clause: Limit one of each Pokémon
|rule|Item Clause: Limit 1 of each item
|clearpoke
|poke|p1|Grimmsnarl, L50, M|
|poke|p1|Basculegion, L50, M|
|poke|p1|Charizard, L50, F|
|poke|p1|Pelipper, L50, M|
|poke|p1|Venusaur, L50, M|
|poke|p1|Archaludon, L50, M|
|poke|p2|Glimmora, L50, M|
|poke|p2|Whimsicott, L50, M|
|poke|p2|Ninetales-Alola, L50, M|
|poke|p2|Kingambit, L50, M|
|poke|p2|Kommo-o, L50, F|
|poke|p2|Charizard, L50, M|
|teampreview|4
|showteam|p1|Grimmsnarl||LightClay|Prankster|SpiritBreak,PartingShot,Reflect,LightScreen|Sassy||M|||50|]Basculegion||ChoiceScarf|Adaptability|LastRespects,WaveCrash,AquaJet,FlipTurn|Jolly||M|||50|]Charizard||CharizarditeY|Blaze|Protect,HeatWave,WeatherBall,SolarBeam|Modest||F|||50|]Pelipper||SitrusBerry|Drizzle|Hurricane,WeatherBall,Tailwind,WideGuard|Modest||M|||50|]Venusaur||FocusSash|Chlorophyll|SludgeBomb,SleepPowder,EarthPower,Protect|Modest||M|||50|]Archaludon||Leftovers|Stamina|ElectroShot,DragonPulse,FlashCannon,Protect|Calm||M|||50|
|showteam|p2|Glimmora||Glimmoranite|ToxicDebris|SludgeBomb,PowerGem,EarthPower,SpikyShield|Modest||M|||50|]Whimsicott||FocusSash|Prankster|Moonblast,Tailwind,Encore,Protect|Timid||M|||50|]Ninetales-Alola||NeverMeltIce|SnowWarning|Blizzard,FreezeDry,Disable,Protect|Timid||M|||50|]Kingambit||BlackGlasses|Defiant|KowtowCleave,SuckerPunch,IronHead,Protect|Adamant||M|||50|]Kommo-o||LifeOrb|Soundproof|ClangingScales,AuraSphere,VacuumWave,Protect|Modest||F|||50|]Charizard||CharizarditeY|Blaze|Protect,WeatherBall,HeatWave,SolarBeam|Modest||M|||50|
|inactive|Battle timer is ON: inactive players will automatically lose when time's up. (requested by Chelicerate1)
|inactive|sleepd2 has 60 seconds left.
|
|t:|1785059444
|teamsize|p1|4
|teamsize|p2|4
|start
|switch|p1a: Charizard|Charizard, L50, F|100/100
|switch|p1b: Venusaur|Venusaur, L50, M|100/100
|switch|p2a: Glimmora|Glimmora, L50, M|100/100
|switch|p2b: Kommo-o|Kommo-o, L50, F|100/100
|turn|1
|
|t:|1785059454
|move|p1a: Charizard|Protect|p1a: Charizard
|-singleturn|p1a: Charizard|Protect
|move|p2a: Glimmora|Spiky Shield|p2a: Glimmora
|-singleturn|p2a: Glimmora|move: Protect
|move|p2b: Kommo-o|Clanging Scales|p1a: Charizard|[spread] p1b
|-activate|p1a: Charizard|move: Protect
|-crit|p1b: Venusaur
|-damage|p1b: Venusaur|15/100
|-unboost|p2b: Kommo-o|def|1
|-damage|p2b: Kommo-o|90/100|[from] item: Life Orb
|move|p1b: Venusaur|Sleep Powder|p2b: Kommo-o
|-status|p2b: Kommo-o|slp|[from] move: Sleep Powder
|
|upkeep
|turn|2
|inactive|sleepd2 has 30 seconds left.
|
|t:|1785059484
|detailschange|p2a: Glimmora|Glimmora-Mega, L50, M
|-mega|p2a: Glimmora|Glimmora|Glimmoranite
|detailschange|p1a: Charizard|Charizard-Mega-Y, L50, F
|-mega|p1a: Charizard|Charizard|Charizardite Y
|-weather|SunnyDay|[from] ability: Drought|[of] p1a: Charizard
|move|p1b: Venusaur|Earth Power|p2a: Glimmora
|-supereffective|p2a: Glimmora|2
|-damage|p2a: Glimmora|0 fnt
|faint|p2a: Glimmora
|move|p1a: Charizard|Heat Wave|p2b: Kommo-o
|-resisted|p2b: Kommo-o|1
|-damage|p2b: Kommo-o|44/100 slp
|cant|p2b: Kommo-o|slp
|
|-weather|SunnyDay|[upkeep]
|upkeep
|
|t:|1785059496
|switch|p2a: Ninetales|Ninetales-Alola, L50, M|100/100
|-weather|Snowscape|[from] ability: Snow Warning|[of] p2a: Ninetales
|turn|3
|
|t:|1785059507
|switch|p2a: Kingambit|Kingambit, L50, M|100/100
|switch|p1a: Pelipper|Pelipper, L50, M|100/100
|-weather|RainDance|[from] ability: Drizzle|[of] p1a: Pelipper
|switch|p1b: Archaludon|Archaludon, L50, M|100/100
|cant|p2b: Kommo-o|slp
|
|-weather|RainDance|[upkeep]
|upkeep
|turn|4
|
|t:|1785059525
|-curestatus|p2b: Kommo-o|slp|[msg]
|move|p2b: Kommo-o|Aura Sphere|p1b: Archaludon
|-supereffective|p1b: Archaludon|1
|-damage|p1b: Archaludon|11/100
|-ability|p1b: Archaludon|Stamina|boost
|-boost|p1b: Archaludon|def|1
|-damage|p2b: Kommo-o|34/100|[from] item: Life Orb
|move|p1b: Archaludon|Flash Cannon|p2b: Kommo-o
|-damage|p2b: Kommo-o|0 fnt
|faint|p2b: Kommo-o
|move|p1a: Pelipper|Weather Ball|p2a: Kingambit
|-damage|p2a: Kingambit|44/100
|move|p2a: Kingambit|Kowtow Cleave|p1a: Pelipper
|-damage|p1a: Pelipper|36/100
|-enditem|p1a: Pelipper|Sitrus Berry|[eat]
|-heal|p1a: Pelipper|60/100|[from] item: Sitrus Berry
|
|-weather|RainDance|[upkeep]
|-heal|p1b: Archaludon|17/100|[from] item: Leftovers
|upkeep
|
|t:|1785059542
|switch|p2b: Ninetales|Ninetales-Alola, L50, M|100/100
|-weather|Snowscape|[from] ability: Snow Warning|[of] p2b: Ninetales
|turn|5
|inactive|sleepd2 has 30 seconds left.
|
|t:|1785059567
|switch|p1b: Venusaur|Venusaur, L50, M|15/100
|switch|p1a: Charizard|Charizard-Mega-Y, L50, F|100/100
|-weather|SunnyDay|[from] ability: Drought|[of] p1a: Charizard
|move|p2a: Kingambit|Sucker Punch||[still]
|-fail|p2a: Kingambit
|move|p2b: Ninetales|Freeze-Dry|p1a: Charizard
|-damage|p1a: Charizard|70/100
|
|-weather|SunnyDay|[upkeep]
|upkeep
|turn|6
|inactive|sleepd2 has 30 seconds left.
|
|t:|1785059599
|move|p2a: Kingambit|Sucker Punch|p1a: Charizard
|-damage|p1a: Charizard|18/100
|move|p1b: Venusaur|Sleep Powder|p2a: Kingambit
|-status|p2a: Kingambit|slp|[from] move: Sleep Powder
|move|p2b: Ninetales|Freeze-Dry|p1a: Charizard
|-damage|p1a: Charizard|0 fnt
|faint|p1a: Charizard
|
|-weather|SunnyDay|[upkeep]
|upkeep
|
|t:|1785059605
|switch|p1a: Archaludon|Archaludon, L50, M|17/100
|turn|7
|
|t:|1785059615
|move|p2b: Ninetales|Protect|p2b: Ninetales
|-singleturn|p2b: Ninetales|Protect
|move|p1a: Archaludon|Protect|p1a: Archaludon
|-singleturn|p1a: Archaludon|Protect
|move|p1b: Venusaur|Earth Power|p2a: Kingambit
|-supereffective|p2a: Kingambit|1
|-damage|p2a: Kingambit|0 fnt
|faint|p2a: Kingambit
|
|-weather|SunnyDay|[upkeep]
|-heal|p1a: Archaludon|23/100|[from] item: Leftovers
|upkeep
|turn|8
|
|t:|1785059629
|move|p1b: Venusaur|Sludge Bomb|p2b: Ninetales
|-supereffective|p2b: Ninetales|1
|-crit|p2b: Ninetales
|-damage|p2b: Ninetales|0 fnt
|faint|p2b: Ninetales
|
|win|Chelicerate1
|raw|Chelicerate1's rating: 1295 → 1324(+29 for winning)
|raw|sleepd2's rating: 1352 → 1329(-23 for losing)
