|j|☆washingtongargacha
|j|☆Foffa
|html|washingtongargachaFoffa    
|uhtml|bestof|Game 2 of a best-of-3
|t:|1757069764
|gametype|doubles
|player|p1|washingtongargacha|2|1174
|player|p2|Foffa|102|1182
|gen|9
|tier|[Gen 9] VGC 2025 Reg H (Bo3)
|rated|
|rule|Species Clause: Limit one of each Pokémon
|rule|Item Clause: Limit 1 of each item
|clearpoke
|poke|p1|Talonflame, L50, M|
|poke|p1|Gholdengo, L50|
|poke|p1|Dragonite, L50, M|
|poke|p1|Archaludon, L50, F|
|poke|p1|Tyranitar, L50, M|
|poke|p1|Garchomp, L50, F|
|poke|p2|Chesnaught, L50, M|
|poke|p2|Ninetales-Alola, L50, F|
|poke|p2|Incineroar, L50, F|
|poke|p2|Gholdengo, L50|
|poke|p2|Garchomp, L50, F|
|poke|p2|Talonflame, L50, M|
|teampreview|4
|showteam|p1|Talonflame||CovertCloak|GaleWings|Tailwind,BraveBird,Taunt,WillOWisp|||M|||50|,,,,,Ghost]Gholdengo||ChoiceSpecs|GoodasGold|MakeItRain,SteelBeam,ShadowBall,PowerGem||||||50|,,,,,Steel]Dragonite||LoadedDice|Multiscale|ScaleShot,IceSpinner,Haze,Protect|||M|||50|,,,,,Steel]Archaludon||PowerHerb|Sturdy|FlashCannon,ElectroShot,DracoMeteor,Protect|||F|||50|,,,,,Flying]Tyranitar||AssaultVest|SandStream|KnockOff,RockSlide,TeraBlast,LowKick|||M|||50|,,,,,Flying]Garchomp||LifeOrb|RoughSkin|DragonClaw,StompingTantrum,Earthquake,Protect|||F|||50|,,,,,Steel
|showteam|p2|Chesnaught||Leftovers|Bulletproof|SpikyShield,IronDefense,BodyPress,LeechSeed|||M|||50|,,,,,Steel]Ninetales-Alola||LightClay|SnowWarning|Protect,AuroraVeil,Blizzard,IcyWind|||F|||50|,,,,,Fire]Incineroar||RockyHelmet|Intimidate|FlareBlitz,FakeOut,KnockOff,PartingShot|||F|||50|,,,,,Fairy]Gholdengo||ChoiceScarf|GoodasGold|MakeItRain,ShadowBall,Trick,PowerGem||||||50|,,,,,Steel]Garchomp||ClearAmulet|RoughSkin|DragonClaw,Protect,StompingTantrum,Earthquake|||F|||50|,,,,,Fire]Talonflame||CovertCloak|GaleWings|Tailwind,Taunt,WillOWisp,DualWingbeat|||M|||50|,,,,,Ghost
|
|t:|1757069802
|teamsize|p1|4
|teamsize|p2|4
|start
|switch|p1a: Talonflame|Talonflame, L50, M|100/100
|switch|p1b: Gholdengo|Gholdengo, L50|100/100
|switch|p2a: Garchomp|Garchomp, L50, F|100/100
|switch|p2b: Talonflame|Talonflame, L50, M|100/100
|turn|1
|
|t:|1757069827
|switch|p1b: Garchomp|Garchomp, L50, F|100/100
|-terastallize|p2a: Garchomp|Fire
|move|p2b: Talonflame|Tailwind|p2b: Talonflame
|-sidestart|p2: Foffa|move: Tailwind
|move|p2a: Garchomp|Earthquake|p1b: Garchomp|[spread] p1b
|-immune|p2b: Talonflame
|-immune|p1a: Talonflame
|-damage|p1b: Garchomp|65/100
|move|p1a: Talonflame|Will-O-Wisp|p2a: Garchomp|[miss]
|-miss|p1a: Talonflame|p2a: Garchomp
|
|upkeep
|turn|2
|
|t:|1757069856
|move|p1a: Talonflame|Tailwind|p1a: Talonflame
|-sidestart|p1: washingtongargacha|move: Tailwind
|move|p2b: Talonflame|Will-O-Wisp|p1b: Garchomp
|-status|p1b: Garchomp|brn
|move|p1b: Garchomp|Stomping Tantrum|p2a: Garchomp
|-supereffective|p2a: Garchomp
|-damage|p2a: Garchomp|55/100
|-damage|p1b: Garchomp|52/100 brn|[from] ability: Rough Skin|[of] p2a: Garchomp
|-damage|p1b: Garchomp|42/100 brn|[from] item: Life Orb
|move|p2a: Garchomp|Dragon Claw|p1b: Garchomp
|-supereffective|p1b: Garchomp
|-damage|p1b: Garchomp|0 fnt
|-damage|p2a: Garchomp|43/100|[from] ability: Rough Skin|[of] p1b: Garchomp
|faint|p1b: Garchomp
|
|upkeep
|
|t:|1757069872
|switch|p1b: Tyranitar|Tyranitar, L50, M|100/100
|-weather|Sandstorm|[from] ability: Sand Stream|[of] p1b: Tyranitar
|turn|3
|
|t:|1757069900
|switch|p2b: Gholdengo|Gholdengo, L50|100/100
|-terastallize|p1b: Tyranitar|Flying
|move|p2a: Garchomp|Protect|p2a: Garchomp
|-singleturn|p2a: Garchomp|Protect
|move|p1a: Talonflame|Brave Bird|p2b: Gholdengo
|-resisted|p2b: Gholdengo
|-damage|p2b: Gholdengo|81/100
|-damage|p1a: Talonflame|94/100|[from] Recoil
|move|p1b: Tyranitar|Rock Slide|p2a: Garchomp|[spread] p2b
|-activate|p2a: Garchomp|move: Protect
|-resisted|p2b: Gholdengo
|-damage|p2b: Gholdengo|65/100
|
|-weather|Sandstorm|[upkeep]
|-damage|p1a: Talonflame|88/100|[from] Sandstorm
|-damage|p2a: Garchomp|36/100|[from] Sandstorm
|-damage|p1b: Tyranitar|95/100|[from] Sandstorm
|upkeep
|turn|4
|
|t:|1757069934
|switch|p2b: Talonflame|Talonflame, L50, M|100/100
|switch|p2a: Incineroar|Incineroar, L50, F|100/100
|-ability|p2a: Incineroar|Intimidate|boost
|-unboost|p1a: Talonflame|atk|1
|-unboost|p1b: Tyranitar|atk|1
|move|p1a: Talonflame|Brave Bird|p2a: Incineroar
|-damage|p2a: Incineroar|79/100
|-damage|p1a: Talonflame|72/100|[from] item: Rocky Helmet|[of] p2a: Incineroar
|-damage|p1a: Talonflame|64/100|[from] Recoil
|move|p1b: Tyranitar|Knock Off|p2b: Talonflame
|-damage|p2b: Talonflame|54/100
|-enditem|p2b: Talonflame|Covert Cloak|[from] move: Knock Off|[of] p1b: Tyranitar
|
|-weather|Sandstorm|[upkeep]
|-damage|p1a: Talonflame|58/100|[from] Sandstorm
|-damage|p2b: Talonflame|48/100|[from] Sandstorm
|-damage|p1b: Tyranitar|89/100|[from] Sandstorm
|-damage|p2a: Incineroar|73/100|[from] Sandstorm
|-sideend|p2: Foffa|move: Tailwind
|upkeep
|turn|5
|
|t:|1757069967
|switch|p1b: Gholdengo|Gholdengo, L50|100/100
|move|p1a: Talonflame|Brave Bird|p2b: Talonflame
|-damage|p2b: Talonflame|18/100
|-damage|p1a: Talonflame|49/100|[from] Recoil
|move|p2b: Talonflame|Will-O-Wisp|p1b: Gholdengo
|-immune|p1b: Gholdengo|[from] ability: Good as Gold
|move|p2a: Incineroar|Knock Off|p1a: Talonflame
|-damage|p1a: Talonflame|0 fnt
|-enditem|p1a: Talonflame|Covert Cloak|[from] move: Knock Off|[of] p2a: Incineroar
|faint|p1a: Talonflame
|
|-weather|Sandstorm|[upkeep]
|-damage|p2b: Talonflame|13/100|[from] Sandstorm
|-damage|p2a: Incineroar|67/100|[from] Sandstorm
|-sideend|p1: washingtongargacha|move: Tailwind
|upkeep
|
|t:|1757069982
|switch|p1a: Tyranitar|Tyranitar, L50, M, tera:Flying|89/100
|turn|6
|
|t:|1757070004
|move|p2b: Talonflame|Tailwind|p2b: Talonflame
|-sidestart|p2: Foffa|move: Tailwind
|move|p2a: Incineroar|Flare Blitz|p1b: Gholdengo
|-supereffective|p1b: Gholdengo
|-damage|p1b: Gholdengo|0 fnt
|faint|p1b: Gholdengo
|-damage|p2a: Incineroar|37/100|[from] Recoil
|move|p1a: Tyranitar|Rock Slide|p2b: Talonflame|[spread] p2a,p2b
|-supereffective|p2a: Incineroar
|-supereffective|p2b: Talonflame
|-damage|p2a: Incineroar|0 fnt
|-damage|p2b: Talonflame|0 fnt
|faint|p2a: Incineroar
|faint|p2b: Talonflame
|
|-weather|Sandstorm|[upkeep]
|-damage|p1a: Tyranitar|83/100|[from] Sandstorm
|upkeep
|
|t:|1757070009
|switch|p2b: Garchomp|Garchomp, L50, F, tera:Fire|36/100
|switch|p2a: Gholdengo|Gholdengo, L50|65/100
|turn|7
|
|t:|1757070024
|move|p2a: Gholdengo|Power Gem|p1a: Tyranitar
|-supereffective|p1a: Tyranitar
|-damage|p1a: Tyranitar|52/100
|move|p2b: Garchomp|Dragon Claw|p1a: Tyranitar
|-damage|p1a: Tyranitar|14/100
|move|p1a: Tyranitar|Rock Slide|p2b: Garchomp|[spread] p2a,p2b
|-resisted|p2a: Gholdengo
|-supereffective|p2b: Garchomp
|-damage|p2a: Gholdengo|49/100
|-damage|p2b: Garchomp|0 fnt
|faint|p2b: Garchomp
|
|-weather|none
|upkeep
|turn|8
|
|t:|1757070039
|move|p2a: Gholdengo|Power Gem|p1a: Tyranitar
|-supereffective|p1a: Tyranitar
|-damage|p1a: Tyranitar|0 fnt
|faint|p1a: Tyranitar
|
|win|Foffa
