|j|☆ElXoXo21
|j|☆Diego.LC
|html|ElXoXo21Diego.LC    
|uhtml|bestof|Game 1 of a best-of-3
|t:|1783332377
|gametype|doubles
|player|p1|ElXoXo21|2|1036
|player|p2|Diego.LC|rosa|1141
|gen|9
|tier|[Gen 9 Champions] VGC 2026 Reg M-B (Bo3)
|rated|
|rule|Species Clause: Limit one of each Pokémon
|rule|Item Clause: Limit 1 of each item
|clearpoke
|poke|p1|Gengar, L50, F|
|poke|p1|Politoed, L50, F|
|poke|p1|Whimsicott, L50, F|
|poke|p1|Meganium, L50, F|
|poke|p1|Gholdengo, L50|
|poke|p1|Incineroar, L50, M, shiny|
|poke|p2|Staraptor, L50, M|
|poke|p2|Garchomp, L50, M|
|poke|p2|Incineroar, L50, F|
|poke|p2|Sinistcha, L50|
|poke|p2|Talonflame, L50, F|
|poke|p2|Floette-Eternal, L50, F|
|teampreview|4
|showteam|p1|Gengar||Gengarite|CursedBody|Protect,PerishSong,Disable,SludgeBomb|Timid||F|||50|]Politoed||Leftovers|Drizzle|Protect,PerishSong,HelpingHand,WeatherBall|Bold||F|||50|]Whimsicott||FocusSash|Prankster|Protect,Encore,Tailwind,Moonblast|Timid||F|||50|]Meganium||Meganiumite|LeafGuard|Protect,WeatherBall,SolarBeam,DazzlingGleam|Modest||F|||50|]Gholdengo||LifeOrb|GoodasGold|Protect,NastyPlot,ShadowBall,MakeItRain|Modest|||||50|]Incineroar||WhiteHerb|Intimidate|FakeOut,FlareBlitz,DarkestLariat,CloseCombat|Adamant||M|||50|
|showteam|p2|Staraptor||Staraptite|Intimidate|Tailwind,CloseCombat,BraveBird,Protect|Jolly||M|||50|]Garchomp||LifeOrb|RoughSkin|Earthquake,DragonClaw,RockSlide,Protect|Jolly||M|||50|]Incineroar||SitrusBerry|Intimidate|FakeOut,FlareBlitz,DarkestLariat,PartingShot|Adamant||F|||50|]Sinistcha||KasibBerry|Hospitality|RagePowder,MatchaGotcha,StrengthSap,TrickRoom|Calm|||||50|]Talonflame||SharpBeak|GaleWings|Tailwind,BraveBird,FeatherDance,Protect|Serious||F|||50|]Floette-Eternal||Floettite|FlowerVeil|DrainingKiss,DazzlingGleam,CalmMind,Protect|Modest||F|||50|
|inactive|Battle timer is ON: inactive players will automatically lose when time's up. (requested by Diego.LC)
|inactive|ElXoXo21 has 60 seconds left.
|
|t:|1783332434
|teamsize|p1|4
|teamsize|p2|4
|start
|switch|p1a: Gengar|Gengar, L50, F|100/100
|switch|p1b: Whimsicott|Whimsicott, L50, F|100/100
|switch|p2a: Incineroar|Incineroar, L50, F|100/100
|switch|p2b: Sinistcha|Sinistcha, L50|100/100
|-ability|p2a: Incineroar|Intimidate|boost
|-unboost|p1a: Gengar|atk|1
|-unboost|p1b: Whimsicott|atk|1
|turn|1
|inactive|ElXoXo21 has 30 seconds left.
|
|t:|1783332463
|switch|p1a: Incineroar|Incineroar, L50, M, shiny|100/100
|-ability|p1a: Incineroar|Intimidate|boost
|-unboost|p2a: Incineroar|atk|1
|-unboost|p2b: Sinistcha|atk|1
|move|p1b: Whimsicott|Tailwind|p1b: Whimsicott
|-sidestart|p1: ElXoXo21|move: Tailwind
|move|p2a: Incineroar|Darkest Lariat|p1a: Incineroar
|-resisted|p1a: Incineroar|1
|-damage|p1a: Incineroar|85/100
|move|p2b: Sinistcha|Trick Room|p2b: Sinistcha
|-fieldstart|move: Trick Room|[of] p2b: Sinistcha
|
|upkeep
|turn|2
|inactive|ElXoXo21 has 30 seconds left.
|
|t:|1783332493
|move|p1a: Incineroar|Fake Out|p2a: Incineroar
|-damage|p2a: Incineroar|86/100
|move|p2b: Sinistcha|Rage Powder|p2b: Sinistcha
|-singleturn|p2b: Sinistcha|move: Rage Powder
|move|p1b: Whimsicott|Encore|p2b: Sinistcha
|-start|p2b: Sinistcha|Encore
|cant|p2a: Incineroar|flinch
|
|upkeep
|turn|3
|
|t:|1783332507
|switch|p2b: 14AndThisIsDeep|Staraptor, L50, M|100/100
|-ability|p2b: 14AndThisIsDeep|Intimidate|boost
|-unboost|p1a: Incineroar|atk|1
|-unboost|p1b: Whimsicott|atk|1
|-enditem|p1a: Incineroar|White Herb
|-clearnegativeboost|p1a: Incineroar|[silent]
|move|p1b: Whimsicott|Protect|p1b: Whimsicott
|-singleturn|p1b: Whimsicott|Protect
|move|p2a: Incineroar|Flare Blitz|p1b: Whimsicott
|-activate|p1b: Whimsicott|move: Protect
|move|p1a: Incineroar|Flare Blitz|p2b: 14AndThisIsDeep
|-damage|p2b: 14AndThisIsDeep|24/100
|-damage|p1a: Incineroar|58/100|[from] Recoil
|
|upkeep
|turn|4
|inactive|ElXoXo21 has 30 seconds left.
|inactive|Diego.LC has 30 seconds left.
|inactive|Diego.LC has 20 seconds left.
|inactive|Diego.LC has 15 seconds left.
|
|t:|1783332550
|switch|p1a: Gholdengo|Gholdengo, L50|100/100
|detailschange|p2b: 14AndThisIsDeep|Staraptor-Mega, L50, M
|-mega|p2b: 14AndThisIsDeep|Staraptor|Staraptite
|move|p2a: Incineroar|Parting Shot|p1a: Gholdengo
|-immune|p1a: Gholdengo|[from] ability: Good as Gold
|move|p2b: 14AndThisIsDeep|Close Combat|p1a: Gholdengo
|-immune|p1a: Gholdengo
|move|p1b: Whimsicott|Moonblast|p2b: 14AndThisIsDeep
|-supereffective|p2b: 14AndThisIsDeep|1
|-damage|p2b: 14AndThisIsDeep|0 fnt
|faint|p2b: 14AndThisIsDeep
|
|-sideend|p1: ElXoXo21|move: Tailwind
|upkeep
|
|t:|1783332559
|switch|p2b: Garchomp|Garchomp, L50, M|100/100
|turn|5
|
|t:|1783332579
|switch|p1a: Incineroar|Incineroar, L50, M, shiny|58/100
|-ability|p1a: Incineroar|Intimidate|boost
|-unboost|p2a: Incineroar|atk|1
|-unboost|p2b: Garchomp|atk|1
|move|p2b: Garchomp|Protect|p2b: Garchomp
|-singleturn|p2b: Garchomp|Protect
|move|p1b: Whimsicott|Tailwind|p1b: Whimsicott
|-sidestart|p1: ElXoXo21|move: Tailwind
|move|p2a: Incineroar|Flare Blitz|p1b: Whimsicott
|-supereffective|p1b: Whimsicott|1
|-damage|p1b: Whimsicott|12/100
|-damage|p2a: Incineroar|66/100|[from] Recoil
|
|-fieldend|move: Trick Room
|upkeep
|turn|6
|
|t:|1783332597
|switch|p2b: Sinistcha|Sinistcha, L50|100/100
|-heal|p2a: Incineroar|91/100|[from] ability: Hospitality|[of] p2b: Sinistcha
|move|p1b: Whimsicott|Moonblast|p2b: Sinistcha
|-damage|p2b: Sinistcha|69/100
|move|p1a: Incineroar|Close Combat|p2a: Incineroar
|-supereffective|p2a: Incineroar|1
|-damage|p2a: Incineroar|5/100
|-unboost|p1a: Incineroar|def|1
|-unboost|p1a: Incineroar|spd|1
|-enditem|p2a: Incineroar|Sitrus Berry|[eat]
|-heal|p2a: Incineroar|30/100|[from] item: Sitrus Berry
|move|p2a: Incineroar|Parting Shot|p1a: Incineroar
|-unboost|p1a: Incineroar|atk|1
|-unboost|p1a: Incineroar|spa|1
|
|t:|1783332611
|switch|p2a: Garchomp|Garchomp, L50, M|100/100|[from] Parting Shot
|
|upkeep
|turn|7
|
|t:|1783332633
|move|p1b: Whimsicott|Protect|p1b: Whimsicott
|-singleturn|p1b: Whimsicott|Protect
|move|p2a: Garchomp|Protect|p2a: Garchomp
|-singleturn|p2a: Garchomp|Protect
|move|p1a: Incineroar|Flare Blitz|p2b: Sinistcha
|-supereffective|p2b: Sinistcha|1
|-damage|p2b: Sinistcha|0 fnt
|faint|p2b: Sinistcha
|-damage|p1a: Incineroar|35/100|[from] Recoil
|
|upkeep
|
|t:|1783332639
|switch|p2b: Incineroar|Incineroar, L50, F|30/100
|-ability|p2b: Incineroar|Intimidate|boost
|-unboost|p1a: Incineroar|atk|1
|-unboost|p1b: Whimsicott|atk|1
|turn|8
|
|t:|1783332651
|move|p2b: Incineroar|Fake Out|p1b: Whimsicott
|-damage|p1b: Whimsicott|0 fnt
|faint|p1b: Whimsicott
|move|p1a: Incineroar|Close Combat|p2b: Incineroar
|-supereffective|p2b: Incineroar|1
|-damage|p2b: Incineroar|0 fnt
|-unboost|p1a: Incineroar|def|1
|-unboost|p1a: Incineroar|spd|1
|faint|p2b: Incineroar
|move|p2a: Garchomp|Rock Slide|p1a: Incineroar
|-supereffective|p1a: Incineroar|1
|-damage|p1a: Incineroar|0 fnt
|faint|p1a: Incineroar
|-damage|p2a: Garchomp|90/100|[from] item: Life Orb
|
|-sideend|p1: ElXoXo21|move: Tailwind
|upkeep
|
|t:|1783332660
|switch|p1b: Gengar|Gengar, L50, F|100/100
|switch|p1a: Gholdengo|Gholdengo, L50|100/100
|turn|9
|inactive|ElXoXo21 has 30 seconds left.
|
|t:|1783332690
|move|p1b: Gengar|Protect|p1b: Gengar
|-singleturn|p1b: Gengar|Protect
|move|p1a: Gholdengo|Protect|p1a: Gholdengo
|-singleturn|p1a: Gholdengo|Protect
|move|p2a: Garchomp|Earthquake|p1b: Gengar|[spread] 
|-activate|p1a: Gholdengo|move: Protect
|-activate|p1b: Gengar|move: Protect
|
|upkeep
|turn|10
|
|t:|1783332700
|detailschange|p1b: Gengar|Gengar-Mega, L50, F
|-mega|p1b: Gengar|Gengar|Gengarite
|move|p2a: Garchomp|Protect|p2a: Garchomp
|-singleturn|p2a: Garchomp|Protect
|move|p1b: Gengar|Disable|p2a: Garchomp
|-activate|p2a: Garchomp|move: Protect
|move|p1a: Gholdengo|Shadow Ball|p2a: Garchomp
|-activate|p2a: Garchomp|move: Protect
|
|upkeep
|turn|11
|
|t:|1783332724
|move|p1b: Gengar|Protect|p1b: Gengar
|-singleturn|p1b: Gengar|Protect
|move|p1a: Gholdengo|Protect|p1a: Gholdengo
|-singleturn|p1a: Gholdengo|Protect
|move|p2a: Garchomp|Earthquake|p1a: Gholdengo|[spread] 
|-activate|p1a: Gholdengo|move: Protect
|-activate|p1b: Gengar|move: Protect
|
|upkeep
|turn|12
|
|t:|1783332734
|move|p2a: Garchomp|Protect|p2a: Garchomp
|-singleturn|p2a: Garchomp|Protect
|move|p1b: Gengar|Disable|p2a: Garchomp
|-activate|p2a: Garchomp|move: Protect
|move|p1a: Gholdengo|Nasty Plot|p1a: Gholdengo
|-boost|p1a: Gholdengo|spa|2
|
|upkeep
|turn|13
|
|t:|1783332751
|move|p1b: Gengar|Protect|p1b: Gengar
|-singleturn|p1b: Gengar|Protect
|move|p1a: Gholdengo|Protect|p1a: Gholdengo
|-singleturn|p1a: Gholdengo|Protect
|move|p2a: Garchomp|Earthquake|p1b: Gengar|[spread] 
|-activate|p1a: Gholdengo|move: Protect
|-activate|p1b: Gengar|move: Protect
|
|upkeep
|turn|14
|
|t:|1783332766
|move|p2a: Garchomp|Protect|p2a: Garchomp
|-singleturn|p2a: Garchomp|Protect
|move|p1b: Gengar|Disable|p2a: Garchomp
|-activate|p2a: Garchomp|move: Protect
|move|p1a: Gholdengo|Shadow Ball|p2a: Garchomp
|-activate|p2a: Garchomp|move: Protect
|
|upkeep
|turn|15
|
|t:|1783332776
|move|p1b: Gengar|Protect|p1b: Gengar
|-singleturn|p1b: Gengar|Protect
|move|p2a: Garchomp|Protect|p2a: Garchomp
|-singleturn|p2a: Garchomp|Protect
|move|p1a: Gholdengo|Protect||[still]
|-fail|p1a: Gholdengo
|
|upkeep
|turn|16
|inactive|ElXoXo21 has 30 seconds left.
|inactive|ElXoXo21 has 20 seconds left.
|
|t:|1783332815
|move|p1a: Gholdengo|Protect|p1a: Gholdengo
|-singleturn|p1a: Gholdengo|Protect
|move|p1b: Gengar|Perish Song|p1b: Gengar
|-immune|p1a: Gholdengo|[from] ability: Good as Gold
|-start|p1b: Gengar|perish3|[silent]
|-start|p2a: Garchomp|perish3|[silent]
|-fieldactivate|move: Perish Song
|move|p2a: Garchomp|Earthquake|p1b: Gengar|[spread] p1b
|-activate|p1a: Gholdengo|move: Protect
|-supereffective|p1b: Gengar|1
|-damage|p1b: Gengar|0 fnt
|faint|p1b: Gengar
|-damage|p2a: Garchomp|80/100|[from] item: Life Orb
|
|-start|p2a: Garchomp|perish3
|upkeep
|turn|17
|
|t:|1783332828
|move|p2a: Garchomp|Earthquake|p1a: Gholdengo
|-supereffective|p1a: Gholdengo|1
|-damage|p1a: Gholdengo|0 fnt
|faint|p1a: Gholdengo
|-damage|p2a: Garchomp|70/100|[from] item: Life Orb
|
|win|Diego.LC
||ElXoXo21 is ready for game 2.
||Diego.LC is ready for game 2.
|uhtml|next|Next: Game 2 of 3
