|j|☆Saicam16
|j|☆Baronismo
|html|Saicam16Baronismo    
|uhtml|bestof|Game 1 of a best-of-3
|t:|1783455009
|gametype|doubles
|player|p1|Saicam16|170|1007
|player|p2|Baronismo|170|1051
|gen|9
|tier|[Gen 9 Champions] VGC 2026 Reg M-B (Bo3)
|rated|
|rule|Species Clause: Limit one of each Pokémon
|rule|Item Clause: Limit 1 of each item
|clearpoke
|poke|p1|Charizard, L50, M|
|poke|p1|Primarina, L50, M, shiny|
|poke|p1|Kingambit, L50, F, shiny|
|poke|p1|Incineroar, L50, F|
|poke|p1|Sneasler, L50, F|
|poke|p1|Sinistcha, L50|
|poke|p2|Charizard, L50, F|
|poke|p2|Venusaur, L50, M|
|poke|p2|Garchomp, L50, F|
|poke|p2|Sylveon, L50, F|
|poke|p2|Incineroar, L50, F|
|poke|p2|Farigiraf, L50, M|
|teampreview|4
|showteam|p1|Charizard||CharizarditeX|Blaze|DragonDance,Protect,DragonClaw,FlareBlitz|Jolly||M|||50|]Primarina||MysticWater|LiquidVoice|Protect,HyperVoice,Moonblast,Haze|Modest||M|||50|]Kingambit||BlackGlasses|Defiant|KowtowCleave,SuckerPunch,IronHead,Protect|Adamant||F|||50|]Incineroar||SitrusBerry|Intimidate|FakeOut,PartingShot,FlareBlitz,DarkestLariat|Careful||F|||50|]Sneasler||FocusSash|Unburden|DireClaw,Protect,Coaching,CloseCombat|Adamant||F|||50|]Sinistcha||KasibBerry|Hospitality|RagePowder,MatchaGotcha,TrickRoom,ShadowBall|Calm|||||50|
|showteam|p2|Charizard||CharizarditeY|Blaze|HeatWave,SolarBeam,WeatherBall,Protect|Modest||F|||50|]Venusaur||FocusSash|Chlorophyll|LeafStorm,SludgeBomb,SleepPowder,Protect|Modest||M|||50|]Garchomp||LifeOrb|RoughSkin|DragonClaw,Earthquake,RockSlide,Protect|Jolly||F|||50|]Sylveon||FairyFeather|Pixilate|HyperVoice,QuickAttack,HyperBeam,Detect|Modest||F|||50|]Incineroar||SitrusBerry|Intimidate|FlareBlitz,ThroatChop,PartingShot,FakeOut|Careful||F|||50|]Farigiraf||ColburBerry|ArmorTail|Psychic,Thunderbolt,TrickRoom,HelpingHand|Modest||M|||50|
|inactive|Battle timer is ON: inactive players will automatically lose when time's up. (requested by Saicam16)
|inactive|Baronismo has 60 seconds left.
|
|t:|1783455075
|teamsize|p1|4
|teamsize|p2|4
|start
|switch|p1a: Primarina|Primarina, L50, M, shiny|100/100
|switch|p1b: Charizard|Charizard, L50, M|100/100
|switch|p2a: Charizard|Charizard, L50, F|100/100
|switch|p2b: Venusaur|Venusaur, L50, M|100/100
|turn|1
|
|t:|1783455092
|detailschange|p1b: Charizard|Charizard-Mega-X, L50, M
|-mega|p1b: Charizard|Charizard|Charizardite X
|detailschange|p2a: Charizard|Charizard-Mega-Y, L50, F
|-mega|p2a: Charizard|Charizard|Charizardite Y
|-weather|SunnyDay|[from] ability: Drought|[of] p2a: Charizard
|move|p1a: Primarina|Protect|p1a: Primarina
|-singleturn|p1a: Primarina|Protect
|move|p2b: Venusaur|Sleep Powder|p1b: Charizard
|-status|p1b: Charizard|slp|[from] move: Sleep Powder
|cant|p1b: Charizard|slp
|move|p2a: Charizard|Solar Beam||[still]
|-prepare|p2a: Charizard|Solar Beam
|-anim|p2a: Charizard|Solar Beam|p1a: Primarina
|-activate|p1a: Primarina|move: Protect
|
|-weather|SunnyDay|[upkeep]
|upkeep
|turn|2
|
|t:|1783455112
|switch|p2a: Incineroar|Incineroar, L50, F|100/100
|-ability|p2a: Incineroar|Intimidate|boost
|-unboost|p1a: Primarina|atk|1
|-unboost|p1b: Charizard|atk|1
|switch|p1a: Kingambit|Kingambit, L50, F, shiny|100/100
|move|p2b: Venusaur|Leaf Storm|p1a: Kingambit
|-resisted|p1a: Kingambit|1
|-damage|p1a: Kingambit|71/100
|-unboost|p2b: Venusaur|spa|2
|cant|p1b: Charizard|slp
|
|-weather|SunnyDay|[upkeep]
|upkeep
|turn|3
|
|t:|1783455132
|switch|p1a: Primarina|Primarina, L50, M, shiny|100/100
|move|p2b: Venusaur|Sleep Powder|p1a: Primarina
|-status|p1a: Primarina|slp|[from] move: Sleep Powder
|-curestatus|p1b: Charizard|slp|[msg]
|move|p1b: Charizard|Flare Blitz|p2b: Venusaur
|-supereffective|p2b: Venusaur|1
|-enditem|p2b: Venusaur|Focus Sash
|-damage|p2b: Venusaur|1/100
|-damage|p1b: Charizard|66/100|[from] Recoil
|move|p2a: Incineroar|Parting Shot|p1b: Charizard
|-unboost|p1b: Charizard|atk|1
|-unboost|p1b: Charizard|spa|1
|
|t:|1783455144
|switch|p2a: Charizard|Charizard-Mega-Y, L50, F|100/100|[from] Parting Shot
|
|-weather|SunnyDay|[upkeep]
|upkeep
|turn|4
|
|t:|1783455157
|switch|p1a: Kingambit|Kingambit, L50, F, shiny|71/100
|move|p1b: Charizard|Protect|p1b: Charizard
|-singleturn|p1b: Charizard|Protect
|move|p2b: Venusaur|Leaf Storm|p1a: Kingambit
|-resisted|p1a: Kingambit|1
|-damage|p1a: Kingambit|55/100
|-unboost|p2b: Venusaur|spa|2
|move|p2a: Charizard|Heat Wave|p1b: Charizard|[spread] p1a
|-activate|p1b: Charizard|move: Protect
|-supereffective|p1a: Kingambit|1
|-damage|p1a: Kingambit|0 fnt
|faint|p1a: Kingambit
|
|-weather|SunnyDay|[upkeep]
|upkeep
|
|t:|1783455171
|switch|p1a: Sneasler|Sneasler, L50, F|100/100
|turn|5
|
|t:|1783455182
|switch|p2b: Incineroar|Incineroar, L50, F|100/100
|-ability|p2b: Incineroar|Intimidate|boost
|-unboost|p1a: Sneasler|atk|1
|-unboost|p1b: Charizard|atk|1
|switch|p1b: Primarina|Primarina, L50, M, shiny|100/100 slp
|move|p1a: Sneasler|Dire Claw|p2b: Incineroar
|-damage|p2b: Incineroar|74/100
|move|p2a: Charizard|Heat Wave|p1b: Primarina|[spread] p1a,p1b
|-resisted|p1b: Primarina|1
|-damage|p1a: Sneasler|15/100
|-damage|p1b: Primarina|74/100 slp
|
|-weather|none
|upkeep
|turn|6
|inactive|Baronismo has 30 seconds left.
|
|t:|1783455208
|switch|p2a: Garchomp|Garchomp, L50, F|100/100
|move|p1a: Sneasler|Protect|p1a: Sneasler
|-singleturn|p1a: Sneasler|Protect
|move|p2b: Incineroar|Fake Out|p1a: Sneasler
|-activate|p1a: Sneasler|move: Protect
|cant|p1b: Primarina|slp
|
|upkeep
|turn|7
|
|t:|1783455226
|switch|p2b: Charizard|Charizard-Mega-Y, L50, F|100/100
|-weather|SunnyDay|[from] ability: Drought|[of] p2b: Charizard
|switch|p1b: Charizard|Charizard-Mega-X, L50, M|66/100
|move|p1a: Sneasler|Coaching|p1b: Charizard
|-boost|p1b: Charizard|atk|1
|-boost|p1b: Charizard|def|1
|move|p2a: Garchomp|Earthquake|p1a: Sneasler|[spread] p1a,p1b
|-immune|p2b: Charizard
|-supereffective|p1a: Sneasler|1
|-supereffective|p1b: Charizard|1
|-damage|p1a: Sneasler|0 fnt
|-damage|p1b: Charizard|5/100
|faint|p1a: Sneasler
|-damage|p2a: Garchomp|90/100|[from] item: Life Orb
|
|-weather|SunnyDay|[upkeep]
|upkeep
|
|t:|1783455242
|switch|p1a: Primarina|Primarina, L50, M, shiny|74/100 slp
|turn|8
|
|t:|1783455250
|move|p2a: Garchomp|Earthquake|p1b: Charizard|[spread] p1a,p1b
|-immune|p2b: Charizard
|-supereffective|p1b: Charizard|1
|-damage|p1a: Primarina|13/100 slp
|-damage|p1b: Charizard|0 fnt
|faint|p1b: Charizard
|-damage|p2a: Garchomp|80/100|[from] item: Life Orb
|move|p2b: Charizard|Solar Beam||[still]
|-prepare|p2b: Charizard|Solar Beam
|-anim|p2b: Charizard|Solar Beam|p1a: Primarina
|-supereffective|p1a: Primarina|1
|-damage|p1a: Primarina|0 fnt
|faint|p1a: Primarina
|
|win|Baronismo
||Baronismo is ready for game 2.
|inactive|Saicam16 has 30 seconds to confirm battle start!
