|j|☆lastdanceqq
|j|☆dcerza127
|html|lastdanceqqdcerza127    
|uhtml|bestof|Game 2 of a best-of-3
|t:|1754664859
|gametype|doubles
|player|p1|lastdanceqq|101|1183
|player|p2|dcerza127|266|1208
|gen|9
|tier|[Gen 9] VGC 2025 Reg H (Bo3)
|rated|
|rule|Species Clause: Limit one of each Pokémon
|rule|Item Clause: Limit 1 of each item
|clearpoke
|poke|p1|Indeedee-F, L50, F|
|poke|p1|Gallade, L50, M|
|poke|p1|Torkoal, L50, F|
|poke|p1|Ursaluna, L50, F|
|poke|p1|Exeggutor, L50, F|
|poke|p1|Zoroark-Hisui, L50, F|
|poke|p2|Sableye, L50, M|
|poke|p2|Volcarona, L50, M|
|poke|p2|Malamar, L50, M|
|poke|p2|Comfey, L50, F|
|poke|p2|Rillaboom, L50, M|
|poke|p2|Electabuzz, L50, M|
|teampreview|4
|showteam|p1|Indeedee-F||RockyHelmet|PsychicSurge|Psychic,HelpingHand,FollowMe,TrickRoom|||F|||50|,,,,,Grass]Gallade||ScopeLens|Sharpness|SacredSword,PsychoCut,TrickRoom,WideGuard|||M|||50|,,,,,Grass]Torkoal||Charcoal|Drought|Eruption,WeatherBall,ClearSmog,Protect|||F|||50|,,,,,Fire]Ursaluna||FlameOrb|Guts|Facade,HeadlongRush,Earthquake,Protect|||F|||50|,,,,,Ghost]Exeggutor||FocusSash|Chlorophyll|ExpandingForce,LeafStorm,SleepPowder,TrickRoom|||F|||50|,,,,,Psychic]Zoroark-Hisui||ChoiceSpecs|Illusion|HyperBeam,HyperVoice,ShadowBall,FocusBlast|||F|||50|,,,,,Normal
|showteam|p2|Sableye||LightClay|Prankster|LightScreen,Reflect,WillOWisp,Taunt|||M|||50|,,,,,Poison]Volcarona||CovertCloak|FlameBody|QuiverDance,HeatWave,BugBuzz,Protect|||M|||50|,,,,,Fairy]Malamar||AssaultVest|Contrary|Superpower,KnockOff,PsychoCut,RockSlide|||M|||50|,,,,,Fire]Comfey||GrassySeed|Triage|CalmMind,DrainingKiss,FloralHealing,Protect|||F|||50|,,,,,Water]Rillaboom||MiracleSeed|GrassySurge|FakeOut,WoodHammer,GrassyGlide,Uturn|||M|||50|,,,,,Fire]Electabuzz||Eviolite|VitalSpirit|Electroweb,FollowMe,HelpingHand,Protect|||M|||50|,,,,,Steel
|inactive|Battle timer is ON: inactive players will automatically lose when time's up. (requested by dcerza127)
|inactive|lastdanceqq has 60 seconds left.
|inactive|dcerza127 has 60 seconds left.
|inactive|lastdanceqq has 30 seconds left.
|inactive|dcerza127 has 30 seconds left.
|
|t:|1754664925
|teamsize|p1|4
|teamsize|p2|4
|start
|switch|p1a: Indeedee|Indeedee-F, L50, F|100/100
|switch|p1b: Exeggutor|Exeggutor, L50, F|100/100
|switch|p2a: Malamar|Malamar, L50, M|100/100
|switch|p2b: Electabuzz|Electabuzz, L50, M|100/100
|-fieldstart|move: Psychic Terrain|[from] ability: Psychic Surge|[of] p1a: Indeedee
|turn|1
|inactive|dcerza127 has 30 seconds left.
|
|t:|1754664956
|switch|p2b: Rillaboom|Rillaboom, L50, M|100/100
|-fieldstart|move: Grassy Terrain|[from] ability: Grassy Surge|[of] p2b: Rillaboom
|move|p1b: Exeggutor|Sleep Powder|p2a: Malamar
|-status|p2a: Malamar|slp|[from] move: Sleep Powder
|cant|p2a: Malamar|slp
|move|p1a: Indeedee|Trick Room|p1a: Indeedee
|-fieldstart|move: Trick Room|[of] p1a: Indeedee
|
|upkeep
|turn|2
|
|t:|1754664981
|switch|p1a: Ursaluna|Ursaluna, L50, F|100/100
|cant|p2a: Malamar|slp
|move|p1b: Exeggutor|Expanding Force|p2b: Rillaboom
|-damage|p2b: Rillaboom|58/100
|move|p2b: Rillaboom|U-turn|p1a: Ursaluna
|-damage|p1a: Ursaluna|83/100
|
|t:|1754664991
|switch|p2b: Electabuzz|Electabuzz, L50, M|100/100|[from] U-turn
|
|-heal|p1a: Ursaluna|89/100|[from] Grassy Terrain
|-status|p1a: Ursaluna|brn|[from] item: Flame Orb
|upkeep
|turn|3
|
|t:|1754665011
|move|p2b: Electabuzz|Follow Me|p2b: Electabuzz
|-singleturn|p2b: Electabuzz|move: Follow Me
|move|p1a: Ursaluna|Facade|p2b: Electabuzz
|-damage|p2b: Electabuzz|0 fnt
|faint|p2b: Electabuzz
|-curestatus|p2a: Malamar|slp|[msg]
|move|p2a: Malamar|Superpower|p1b: Exeggutor
|-resisted|p1b: Exeggutor
|-damage|p1b: Exeggutor|79/100
|-boost|p2a: Malamar|atk|1
|-boost|p2a: Malamar|def|1
|move|p1b: Exeggutor|Leaf Storm|p2a: Malamar
|-damage|p2a: Malamar|36/100
|-unboost|p1b: Exeggutor|spa|2
|
|-heal|p1a: Ursaluna|95/100 brn|[from] Grassy Terrain
|-heal|p2a: Malamar|43/100|[from] Grassy Terrain
|-heal|p1b: Exeggutor|85/100|[from] Grassy Terrain
|-damage|p1a: Ursaluna|89/100 brn|[from] brn
|upkeep
|
|t:|1754665028
|switch|p2b: Comfey|Comfey, L50, F|100/100
|-enditem|p2b: Comfey|Grassy Seed
|-boost|p2b: Comfey|def|1|[from] item: Grassy Seed
|turn|4
|inactive|lastdanceqq has 30 seconds left.
|
|t:|1754665058
|move|p1a: Ursaluna|Protect|p1a: Ursaluna
|-singleturn|p1a: Ursaluna|Protect
|move|p2b: Comfey|Floral Healing|p2a: Malamar
|-heal|p2a: Malamar|100/100
|move|p2a: Malamar|Knock Off|p1b: Exeggutor
|-supereffective|p1b: Exeggutor
|-damage|p1b: Exeggutor|0 fnt
|-enditem|p1b: Exeggutor|Focus Sash|[from] move: Knock Off|[of] p2a: Malamar
|faint|p1b: Exeggutor
|
|-heal|p1a: Ursaluna|95/100 brn|[from] Grassy Terrain
|-damage|p1a: Ursaluna|89/100 brn|[from] brn
|upkeep
|
|t:|1754665065
|switch|p1b: Torkoal|Torkoal, L50, F|100/100
|-weather|SunnyDay|[from] ability: Drought|[of] p1b: Torkoal
|turn|5
|inactive|dcerza127 has 30 seconds left.
|inactive|dcerza127 has 20 seconds left.
|inactive|dcerza127 has 15 seconds left.
|inactive|dcerza127 has 10 seconds left.
|inactive|dcerza127 has 5 seconds left.
|
|t:|1754665119
|switch|p2a: Rillaboom|Rillaboom, L50, M|58/100
|-terastallize|p1b: Torkoal|Fire
|move|p2b: Comfey|Protect|p2b: Comfey
|-singleturn|p2b: Comfey|Protect
|move|p1b: Torkoal|Eruption|p2a: Rillaboom|[spread] p2a
|-activate|p2b: Comfey|move: Protect
|-supereffective|p2a: Rillaboom
|-damage|p2a: Rillaboom|0 fnt
|faint|p2a: Rillaboom
|move|p1a: Ursaluna|Facade|p2b: Comfey
|-activate|p2b: Comfey|move: Protect
|
|-weather|SunnyDay|[upkeep]
|-heal|p1a: Ursaluna|95/100 brn|[from] Grassy Terrain
|-damage|p1a: Ursaluna|89/100 brn|[from] brn
|-fieldend|move: Trick Room
|-fieldend|move: Grassy Terrain
|upkeep
|
|t:|1754665134
|switch|p2a: Malamar|Malamar, L50, M|100/100
|turn|6
|inactive|lastdanceqq has 30 seconds left.
|inactive|lastdanceqq has 20 seconds left.
|inactive|lastdanceqq has 15 seconds left.
|
|t:|1754665177
|-terastallize|p2a: Malamar|Fire
|move|p2b: Comfey|Calm Mind|p2b: Comfey
|-boost|p2b: Comfey|spa|1
|-boost|p2b: Comfey|spd|1
|move|p2a: Malamar|Superpower|p1b: Torkoal
|-damage|p1b: Torkoal|73/100
|-boost|p2a: Malamar|atk|1
|-boost|p2a: Malamar|def|1
|move|p1a: Ursaluna|Facade|p2a: Malamar
|-damage|p2a: Malamar|12/100
|move|p1b: Torkoal|Weather Ball|p2a: Malamar
|-resisted|p2a: Malamar
|-damage|p2a: Malamar|0 fnt
|faint|p2a: Malamar
|
|-weather|SunnyDay|[upkeep]
|-damage|p1a: Ursaluna|83/100 brn|[from] brn
|upkeep
|turn|7
|-message|dcerza127 forfeited.
|
|win|lastdanceqq
|raw|lastdanceqq's rating: 1183 → 1210(+27 for winning)
|raw|dcerza127's rating: 1208 → 1181(-27 for losing)
|l|☆dcerza127
|player|p2|
