|j|☆baggedchikin
|j|☆escanor_cs
|html|baggedchikinescanor_cs    
|uhtml|bestof|Game 3 of a best-of-3
|t:|1785870049
|gametype|doubles
|player|p1|baggedchikin|170|1337
|player|p2|escanor_cs|101|1342
|gen|9
|tier|[Gen 9 Champions] VGC 2026 Reg M-B (Bo3)
|rated|
|rule|Species Clause: Limit one of each Pokémon
|rule|Item Clause: Limit 1 of each item
|clearpoke
|poke|p1|Tyranitar, L50, F|
|poke|p1|Excadrill, L50, M|
|poke|p1|Whimsicott, L50, M|
|poke|p1|Gholdengo, L50|
|poke|p1|Milotic, L50, M|
|poke|p1|Delphox, L50, F|
|poke|p2|Blastoise, L50, M|
|poke|p2|Farigiraf, L50, F|
|poke|p2|Sceptile, L50, F|
|poke|p2|Torkoal, L50, M|
|poke|p2|Ceruledge, L50, F|
|poke|p2|Rotom-Frost, L50|
|teampreview|4
|showteam|p1|Tyranitar||Tyranitarite|SandStream|Protect,RockSlide,KnockOff,DragonDance|Jolly||F|||50|]Excadrill||LifeOrb|SandRush|Protect,IronHead,HighHorsepower,Earthquake|Adamant||M|||50|]Whimsicott||FocusSash|Prankster|Protect,Tailwind,Moonblast,Encore|Timid||M|||50|]Gholdengo||ColburBerry|GoodasGold|Protect,NastyPlot,MakeItRain,ShadowBall|Modest|||||50|]Milotic||Leftovers|Competitive|Protect,Coil,Hypnosis,MuddyWater|Bold||M|||50|]Delphox||Delphoxite|Blaze|Protect,HeatWave,Psychic,NastyPlot|Timid||F|||50|
|showteam|p2|Blastoise||Blastoisinite|Torrent|WaterSpout,DarkPulse,FakeOut,AuraSphere|Quiet||M|||50|]Farigiraf||SitrusBerry|ArmorTail|Psychic,Thunderbolt,TrickRoom,Protect|Bold||F|||50|]Sceptile||Sceptilite|Overgrow|DragonPulse,QuickGuard,LeafStorm,EarthPower|Timid||F|||50|]Torkoal||Charcoal|Drought|HeatWave,Eruption,EarthPower,Protect|Quiet||M|||50|]Ceruledge||ColburBerry|FlashFire|BitterBlade,ShadowSneak,BulkUp,Protect|Adamant||F|||50|]Rotom-Frost||ChoiceScarf|Levitate|Blizzard,Thunderbolt,VoltSwitch,Discharge|Timid|||||50|
|inactive|Battle timer is ON: inactive players will automatically lose when time's up. (requested by escanor_cs)
|
|t:|1785870087
|teamsize|p1|4
|teamsize|p2|4
|start
|switch|p1a: Whimsicott|Whimsicott, L50, M|100/100
|switch|p1b: Delphox|Delphox, L50, F|100/100
|switch|p2a: Sceptile|Sceptile, L50, F|100/100
|switch|p2b: Rotom|Rotom-Frost, L50|100/100
|turn|1
|
|t:|1785870112
|switch|p2b: Farigiraf|Farigiraf, L50, F|100/100
|detailschange|p2a: Sceptile|Sceptile-Mega, L50, F
|-mega|p2a: Sceptile|Sceptile|Sceptilite
|detailschange|p1b: Delphox|Delphox-Mega, L50, F
|-mega|p1b: Delphox|Delphox|Delphoxite
|move|p1a: Whimsicott|Tailwind|p1a: Whimsicott
|-sidestart|p1: baggedchikin|move: Tailwind
|move|p1b: Delphox|Heat Wave|p2a: Sceptile|[spread] p2a,p2b
|-damage|p2a: Sceptile|38/100
|-damage|p2b: Farigiraf|64/100
|move|p2a: Sceptile|Dragon Pulse|p1b: Delphox
|-damage|p1b: Delphox|53/100
|
|upkeep
|turn|2
|inactive|baggedchikin has 30 seconds left.
|inactive|baggedchikin has 20 seconds left.
|inactive|baggedchikin has 15 seconds left.
|inactive|baggedchikin has 10 seconds left.
|inactive|baggedchikin has 5 seconds left.
|
|t:|1785870167
|move|p1a: Whimsicott|Protect|p1a: Whimsicott
|-singleturn|p1a: Whimsicott|Protect
|move|p1b: Delphox|Protect|p1b: Delphox
|-singleturn|p1b: Delphox|Protect
|move|p2a: Sceptile|Dragon Pulse|p1b: Delphox
|-activate|p1b: Delphox|move: Protect
|move|p2b: Farigiraf|Trick Room|p2b: Farigiraf
|-fieldstart|move: Trick Room|[of] p2b: Farigiraf
|
|upkeep
|turn|3
|
|t:|1785870184
|switch|p1b: Tyranitar|Tyranitar, L50, F|100/100
|-weather|Sandstorm|[from] ability: Sand Stream|[of] p1b: Tyranitar
|move|p2b: Farigiraf|Thunderbolt|p2a: Sceptile
|-activate|p2a: Sceptile|ability: Lightning Rod
|-ability|p2a: Sceptile|Lightning Rod|boost
|-boost|p2a: Sceptile|spa|1
|move|p2a: Sceptile|Dragon Pulse|p1b: Tyranitar
|-damage|p1b: Tyranitar|47/100
|move|p1a: Whimsicott|Moonblast|p2a: Sceptile
|-supereffective|p2a: Sceptile|1
|-damage|p2a: Sceptile|0 fnt
|faint|p2a: Sceptile
|
|-weather|Sandstorm|[upkeep]
|-damage|p2b: Farigiraf|57/100|[from] Sandstorm
|-damage|p1a: Whimsicott|94/100|[from] Sandstorm
|upkeep
|
|t:|1785870188
|switch|p2a: Torkoal|Torkoal, L50, M|100/100
|-weather|SunnyDay|[from] ability: Drought|[of] p2a: Torkoal
|turn|4
|inactive|baggedchikin has 30 seconds left.
|inactive|baggedchikin has 20 seconds left.
|inactive|baggedchikin has 15 seconds left.
|inactive|baggedchikin has 10 seconds left.
|inactive|baggedchikin has 5 seconds left.
|
|t:|1785870243
|move|p1a: Whimsicott|Protect|p1a: Whimsicott
|-singleturn|p1a: Whimsicott|Protect
|move|p1b: Tyranitar|Protect|p1b: Tyranitar
|-singleturn|p1b: Tyranitar|Protect
|move|p2a: Torkoal|Eruption|p1a: Whimsicott|[spread] 
|-activate|p1a: Whimsicott|move: Protect
|-activate|p1b: Tyranitar|move: Protect
|move|p2b: Farigiraf|Thunderbolt|p1b: Tyranitar
|-activate|p1b: Tyranitar|move: Protect
|
|-weather|SunnyDay|[upkeep]
|-sideend|p1: baggedchikin|move: Tailwind
|upkeep
|turn|5
|inactive|baggedchikin has 30 seconds left.
|
|t:|1785870275
|switch|p1a: Delphox|Delphox-Mega, L50, F|53/100
|move|p2a: Torkoal|Eruption|p1b: Tyranitar|[spread] p1a,p1b
|-resisted|p1a: Delphox|1
|-resisted|p1b: Tyranitar|1
|-damage|p1a: Delphox|12/100
|-damage|p1b: Tyranitar|5/100
|move|p2b: Farigiraf|Thunderbolt|p1b: Tyranitar
|-damage|p1b: Tyranitar|0 fnt
|faint|p1b: Tyranitar
|
|-weather|SunnyDay|[upkeep]
|upkeep
|
|t:|1785870290
|switch|p1b: Gholdengo|Gholdengo, L50|100/100
|turn|6
|
|t:|1785870298
|switch|p2b: Rotom|Rotom-Frost, L50|100/100
|move|p1b: Gholdengo|Protect|p1b: Gholdengo
|-singleturn|p1b: Gholdengo|Protect
|move|p1a: Delphox|Protect|p1a: Delphox
|-singleturn|p1a: Delphox|Protect
|move|p2a: Torkoal|Eruption|p1b: Gholdengo|[spread] 
|-activate|p1a: Delphox|move: Protect
|-activate|p1b: Gholdengo|move: Protect
|
|-weather|SunnyDay|[upkeep]
|-fieldend|move: Trick Room
|upkeep
|turn|7
|inactive|baggedchikin has 30 seconds left.
|
|t:|1785870326
|move|p1a: Delphox|Protect||[still]
|-fail|p1a: Delphox
|move|p2b: Rotom|Thunderbolt|p1a: Delphox
|-damage|p1a: Delphox|0 fnt
|faint|p1a: Delphox
|move|p1b: Gholdengo|Make It Rain|p2b: Rotom|[spread] p2a,p2b
|-resisted|p2a: Torkoal|1
|-damage|p2a: Torkoal|63/100
|-damage|p2b: Rotom|31/100
|-unboost|p1b: Gholdengo|spa|2
|move|p2a: Torkoal|Heat Wave|p1b: Gholdengo
|-supereffective|p1b: Gholdengo|1
|-damage|p1b: Gholdengo|0 fnt
|faint|p1b: Gholdengo
|
|-weather|SunnyDay|[upkeep]
|upkeep
|inactive|baggedchikin has 30 seconds left.
|
|t:|1785870356
|switch|p1b: Whimsicott|Whimsicott, L50, M|94/100
|turn|8
|-message|baggedchikin forfeited.
|
|win|escanor_cs
|raw|baggedchikin's rating: 1337 → 1317(-20 for losing)
|raw|escanor_cs's rating: 1342 → 1362(+20 for winning)
|l|☆baggedchikin
|player|p1|
