|j|☆Tamejo
|j|☆antisbad
|html|Tamejoantisbad    
|uhtml|bestof|Game 1 of a best-of-3
|t:|1756409905
|gametype|doubles
|player|p1|Tamejo|caitlin|
|player|p2|antisbad|hop|
|gen|9
|tier|[Gen 9] VGC 2025 Reg H (Bo3)
|rule|Species Clause: Limit one of each Pokémon
|rule|Item Clause: Limit 1 of each item
|clearpoke
|poke|p1|Garchomp, L50, F|
|poke|p1|Vivillon-Fancy, L50, F|
|poke|p1|Sinistcha-Masterpiece, L50|
|poke|p1|Politoed, L50, F|
|poke|p1|Gholdengo, L50|
|poke|p1|Tauros-Paldea-Blaze, L50, M|
|poke|p2|Archaludon, L50, F|
|poke|p2|Dragonite, L50, F|
|poke|p2|Pelipper, L50, M|
|poke|p2|Ursaluna, L50, M|
|poke|p2|Sinistcha, L50|
|poke|p2|Gholdengo, L50|
|teampreview|4
|showteam|p1|Garchomp||ClearAmulet|RoughSkin|DragonClaw,StompingTantrum,SwordsDance,Protect|||F|||50|,,,,,Fairy]Vivillon-Fancy||FocusSash|CompoundEyes|Hurricane,SleepPowder,Tailwind,Protect|||F|||50|,,,,,Ghost]Sinistcha-Masterpiece||SitrusBerry|Hospitality|MatchaGotcha,RagePowder,TrickRoom,Protect||||||50|,,,,,Fairy]Politoed||AguavBerry|Drizzle|Haze,IcyWind,WeatherBall,Protect|||F|||50|,,,,,Dragon]Gholdengo||MetalCoat|GoodasGold|MakeItRain,ShadowBall,NastyPlot,Protect||||||50|,,,,,Fairy]Tauros-Paldea-Blaze||SafetyGoggles|Intimidate|RagingBull,CloseCombat,WillOWisp,Protect|||M|||50|,,,,,Water
|showteam|p2|Archaludon||AssaultVest|Stamina|FlashCannon,BodyPress,ElectroShot,Snarl|||F|||50|,,,,,Fighting]Dragonite||LoadedDice|Multiscale|ScaleShot,Tailwind,Haze,Protect|||F|||50|,,,,,Fairy]Pelipper||FocusSash|Drizzle|MuddyWater,Hurricane,Tailwind,Protect|||M|||50|,,,,,Ghost]Ursaluna||FlameOrb|Guts|Facade,HeadlongRush,Earthquake,Protect|||M|||50|,,,,,Ghost]Sinistcha||SitrusBerry|Hospitality|MatchaGotcha,LifeDew,RagePowder,TrickRoom||||||50|,,,,,Dark]Gholdengo||ChoiceScarf|GoodasGold|MakeItRain,ShadowBall,Trick,Protect||||||50|,,,,,Flying
|c|☆antisbad|glhf
|c|☆Tamejo|u2
|inactive|Battle timer is ON: inactive players will automatically lose when time's up. (requested by antisbad)
|
|t:|1756410031
|teamsize|p1|4
|teamsize|p2|4
|start
|switch|p1a: Vivillon|Vivillon-Fancy, L50, F|100/100
|switch|p1b: Garchomp|Garchomp, L50, F|100/100
|switch|p2a: Dragonite|Dragonite, L50, F|100/100
|switch|p2b: Archaludon|Archaludon, L50, F|100/100
|turn|1
|inactive|Tamejo has 30 seconds left.
|inactive|antisbad has 30 seconds left.
|inactive|antisbad has 20 seconds left.
|inactive|antisbad has 15 seconds left.
|inactive|antisbad has 10 seconds left.
|
|t:|1756410078
|-terastallize|p1b: Garchomp|Fairy
|move|p1b: Garchomp|Swords Dance|p1b: Garchomp
|-boost|p1b: Garchomp|atk|2
|move|p1a: Vivillon|Sleep Powder|p2b: Archaludon
|-status|p2b: Archaludon|slp|[from] move: Sleep Powder
|move|p2a: Dragonite|Scale Shot|p2b: Archaludon
|-damage|p2b: Archaludon|91/100 slp
|-ability|p2b: Archaludon|Stamina|boost
|-boost|p2b: Archaludon|def|1
|-damage|p2b: Archaludon|85/100 slp
|-ability|p2b: Archaludon|Stamina|boost
|-boost|p2b: Archaludon|def|1
|-damage|p2b: Archaludon|80/100 slp
|-ability|p2b: Archaludon|Stamina|boost
|-boost|p2b: Archaludon|def|1
|-damage|p2b: Archaludon|75/100 slp
|-ability|p2b: Archaludon|Stamina|boost
|-boost|p2b: Archaludon|def|1
|-hitcount|p2b: Archaludon|4
|-unboost|p2a: Dragonite|def|1
|-boost|p2a: Dragonite|spe|1
|cant|p2b: Archaludon|slp
|
|upkeep
|turn|2
|inactive|Tamejo has 30 seconds left.
|inactive|antisbad has 30 seconds left.
|inactive|Tamejo has 20 seconds left.
|
|t:|1756410117
|move|p2a: Dragonite|Protect|p2a: Dragonite
|-singleturn|p2a: Dragonite|Protect
|move|p1b: Garchomp|Stomping Tantrum|p2b: Archaludon
|-supereffective|p2b: Archaludon
|-damage|p2b: Archaludon|44/100 slp
|-ability|p2b: Archaludon|Stamina|boost
|-boost|p2b: Archaludon|def|1
|move|p1a: Vivillon|Sleep Powder|p2a: Dragonite
|-activate|p2a: Dragonite|move: Protect
|cant|p2b: Archaludon|slp
|
|upkeep
|turn|3
|inactive|Tamejo has 30 seconds left.
|inactive|antisbad has 30 seconds left.
|
|t:|1756410149
|-terastallize|p2b: Archaludon|Fighting
|move|p2a: Dragonite|Scale Shot|p1a: Vivillon
|-damage|p1a: Vivillon|75/100
|-damage|p1a: Vivillon|50/100
|-damage|p1a: Vivillon|25/100
|-damage|p1a: Vivillon|2/100
|-hitcount|p1a: Vivillon|4
|-unboost|p2a: Dragonite|def|1
|-boost|p2a: Dragonite|spe|1
|move|p1b: Garchomp|Stomping Tantrum|p2b: Archaludon
|-damage|p2b: Archaludon|28/100 slp
|-ability|p2b: Archaludon|Stamina|boost
|-boost|p2b: Archaludon|def|1
|move|p1a: Vivillon|Sleep Powder|p2a: Dragonite
|-status|p2a: Dragonite|slp|[from] move: Sleep Powder
|-curestatus|p2b: Archaludon|slp|[msg]
|move|p2b: Archaludon|Body Press|p1b: Garchomp
|-resisted|p1b: Garchomp
|-damage|p1b: Garchomp|17/100
|-damage|p2b: Archaludon|16/100|[from] ability: Rough Skin|[of] p1b: Garchomp
|
|upkeep
|turn|4
|inactive|Tamejo has 30 seconds left.
|inactive|antisbad has 30 seconds left.
|inactive|Tamejo has 20 seconds left.
|
|t:|1756410188
|cant|p2a: Dragonite|slp
|move|p1b: Garchomp|Dragon Claw|p2a: Dragonite
|-supereffective|p2a: Dragonite
|-damage|p2a: Dragonite|0 fnt
|faint|p2a: Dragonite
|move|p1a: Vivillon|Hurricane|p2b: Archaludon
|-supereffective|p2b: Archaludon
|-damage|p2b: Archaludon|0 fnt
|faint|p2b: Archaludon
|
|upkeep
|
|t:|1756410191
|switch|p2a: Gholdengo|Gholdengo, L50|100/100
|switch|p2b: Pelipper|Pelipper, L50, M|100/100
|-weather|RainDance|[from] ability: Drizzle|[of] p2b: Pelipper
|turn|5
|inactive|Tamejo has 30 seconds left.
|inactive|Tamejo has 20 seconds left.
|inactive|Tamejo has 15 seconds left.
|
|t:|1756410236
|move|p1b: Garchomp|Protect|p1b: Garchomp
|-singleturn|p1b: Garchomp|Protect
|move|p2a: Gholdengo|Make It Rain|p1a: Vivillon|[spread] p1a
|-activate|p1b: Garchomp|move: Protect
|-damage|p1a: Vivillon|0 fnt
|-unboost|p2a: Gholdengo|spa|1
|faint|p1a: Vivillon
|move|p2b: Pelipper|Tailwind|p2b: Pelipper
|-sidestart|p2: antisbad|move: Tailwind
|
|-weather|RainDance|[upkeep]
|upkeep
|inactive|Tamejo has 30 seconds left.
|inactive|Tamejo has 20 seconds left.
|
|t:|1756410275
|switch|p1a: Sinistcha|Sinistcha-Masterpiece, L50|100/100
|-heal|p1b: Garchomp|42/100|[from] ability: Hospitality|[of] p1a: Sinistcha
|turn|6
|
|t:|1756410286
|move|p1a: Sinistcha|Protect|p1a: Sinistcha
|-singleturn|p1a: Sinistcha|Protect
|move|p2a: Gholdengo|Make It Rain|p1b: Garchomp|[spread] p1b
|-activate|p1a: Sinistcha|move: Protect
|-supereffective|p1b: Garchomp
|-damage|p1b: Garchomp|0 fnt
|-unboost|p2a: Gholdengo|spa|1
|faint|p1b: Garchomp
|move|p2b: Pelipper|Hurricane|p1a: Sinistcha
|-activate|p1a: Sinistcha|move: Protect
|
|-weather|RainDance|[upkeep]
|upkeep
|
|t:|1756410298
|switch|p1b: Gholdengo|Gholdengo, L50|100/100
|turn|7
|inactive|Tamejo has 30 seconds left.
|inactive|Tamejo has 20 seconds left.
|inactive|Tamejo has 15 seconds left.
|
|t:|1756410341
|move|p2a: Gholdengo|Make It Rain|p1b: Gholdengo|[spread] p1a,p1b
|-resisted|p1b: Gholdengo
|-damage|p1a: Sinistcha|76/100
|-damage|p1b: Gholdengo|85/100
|-unboost|p2a: Gholdengo|spa|1
|move|p2b: Pelipper|Muddy Water|p1a: Sinistcha|[spread] p1a,p1b
|-resisted|p1a: Sinistcha
|-damage|p1a: Sinistcha|54/100
|-damage|p1b: Gholdengo|33/100
|-unboost|p1a: Sinistcha|accuracy|1
|move|p1b: Gholdengo|Shadow Ball|p2b: Pelipper
|-crit|p2b: Pelipper
|-enditem|p2b: Pelipper|Focus Sash
|-damage|p2b: Pelipper|1/100
|move|p1a: Sinistcha|Matcha Gotcha|p2a: Gholdengo|[spread] p2b
|-miss|p1a: Sinistcha|p2a: Gholdengo
|-damage|p2b: Pelipper|0 fnt
|-heal|p1a: Sinistcha|55/100|[from] drain|[of] p2b: Pelipper
|faint|p2b: Pelipper
|
|-weather|RainDance|[upkeep]
|upkeep
|turn|8
|inactive|Tamejo has 30 seconds left.
|
|t:|1756410368
|move|p1b: Gholdengo|Protect|p1b: Gholdengo
|-singleturn|p1b: Gholdengo|Protect
|move|p1a: Sinistcha|Protect|p1a: Sinistcha
|-singleturn|p1a: Sinistcha|Protect
|move|p2a: Gholdengo|Make It Rain|p1b: Gholdengo|[spread] 
|-activate|p1a: Sinistcha|move: Protect
|-activate|p1b: Gholdengo|move: Protect
|
|-weather|RainDance|[upkeep]
|-sideend|p2: antisbad|move: Tailwind
|upkeep
|turn|9
|
|t:|1756410382
|move|p2a: Gholdengo|Make It Rain|p1a: Sinistcha|[spread] p1a,p1b
|-resisted|p1b: Gholdengo
|-damage|p1a: Sinistcha|36/100
|-damage|p1b: Gholdengo|21/100
|-unboost|p2a: Gholdengo|spa|1
|-enditem|p1a: Sinistcha|Sitrus Berry|[eat]
|-heal|p1a: Sinistcha|61/100|[from] item: Sitrus Berry
|move|p1b: Gholdengo|Shadow Ball|p2a: Gholdengo
|-supereffective|p2a: Gholdengo
|-damage|p2a: Gholdengo|4/100
|move|p1a: Sinistcha|Trick Room|p1a: Sinistcha
|-fieldstart|move: Trick Room|[of] p1a: Sinistcha
|
|-weather|none
|upkeep
|turn|10
|
|t:|1756410395
|move|p1a: Sinistcha|Matcha Gotcha|p2a: Gholdengo|[miss]
|-miss|p1a: Sinistcha|p2a: Gholdengo
|move|p1b: Gholdengo|Shadow Ball|p2a: Gholdengo
|-supereffective|p2a: Gholdengo
|-damage|p2a: Gholdengo|0 fnt
|faint|p2a: Gholdengo
|
|win|Tamejo
||antisbad is ready for game 2.
||Tamejo is ready for game 2.
|uhtml|next|Next: Game 2 of 3
