|j|☆lucky777n
|j|☆Moonlight Flutter
|html|lucky777nMoonlight Flutter    
|uhtml|bestof|Game 1 of a best-of-3
|t:|1784213961
|gametype|doubles
|player|p1|lucky777n|boarder|
|player|p2|Moonlight Flutter|miku-flying|
|gen|9
|tier|[Gen 9 Champions] VGC 2026 Reg M-B (Bo3)
|rule|Species Clause: Limit one of each Pokémon
|rule|Item Clause: Limit 1 of each item
|clearpoke
|poke|p1|Gengar, L50, M|
|poke|p1|Incineroar, L50, F|
|poke|p1|Snorlax, L50, F|
|poke|p1|Ninetales-Alola, L50, M|
|poke|p1|Kingambit, L50, M|
|poke|p1|Sneasler, L50, F|
|poke|p2|Kingambit, L50, M|
|poke|p2|Charizard, L50, M|
|poke|p2|Aerodactyl, L50, F|
|poke|p2|Farigiraf, L50, M|
|poke|p2|Garchomp, L50, F|
|poke|p2|Sylveon, L50, M|
|teampreview|4
|showteam|p1|Gengar||Gengarite|CursedBody|ShadowBall,Disable,PerishSong,Protect|Timid||M|||50|]Incineroar||SitrusBerry|Intimidate|FakeOut,FlareBlitz,PartingShot,Protect|Relaxed||F|||50|]Snorlax||Leftovers|ThickFat|Fissure,Encore,Yawn,Protect|Relaxed||F|||50|]Ninetales-Alola||NeverMeltIce|SnowWarning|Blizzard,FreezeDry,Encore,Protect|Timid||M|||50|]Kingambit||BlackGlasses|Defiant|SuckerPunch,KowtowCleave,SwordsDance,Protect|Adamant||M|||50|]Sneasler||WhiteHerb|Unburden|FakeOut,CloseCombat,GunkShot,Protect|Jolly||F|||50|
|showteam|p2|Kingambit||FocusSash|Defiant|KowtowCleave,IronHead,SuckerPunch,LowKick|Adamant||M|||50|]Charizard||CharizarditeY|Blaze|HeatWave,SolarBeam,WeatherBall,Protect|Modest||M|||50|]Aerodactyl||Aerodactylite|Unnerve|RockSlide,DualWingbeat,IceFang,Tailwind|Jolly||F|||50|]Farigiraf||SitrusBerry|ArmorTail|Psychic,Thunderbolt,TrickRoom,Protect|Bold||M|||50|]Garchomp||LifeOrb|RoughSkin|Earthquake,DragonClaw,StompingTantrum,Protect|Jolly||F|||50|]Sylveon||FairyFeather|Pixilate|HyperVoice,HyperBeam,QuickAttack,Protect|Modest||M|||50|
|
|t:|1784213973
|teamsize|p1|4
|teamsize|p2|4
|start
|switch|p1a: Gengar|Gengar, L50, M|100/100
|switch|p1b: Snorlax|Snorlax, L50, F|100/100
|switch|p2a: Aerodactyl|Aerodactyl, L50, F|100/100
|switch|p2b: Kingambit|Kingambit, L50, M|100/100
|-ability|p2a: Aerodactyl|Unnerve
|turn|1
|
|t:|1784213986
|detailschange|p2a: Aerodactyl|Aerodactyl-Mega, L50, F
|-mega|p2a: Aerodactyl|Aerodactyl|Aerodactylite
|detailschange|p1a: Gengar|Gengar-Mega, L50, M
|-mega|p1a: Gengar|Gengar|Gengarite
|move|p1a: Gengar|Protect|p1a: Gengar
|-singleturn|p1a: Gengar|Protect
|move|p2a: Aerodactyl|Rock Slide|p1b: Snorlax|[spread] 
|-activate|p1a: Gengar|move: Protect
|-miss|p2a: Aerodactyl|p1b: Snorlax
|move|p2b: Kingambit|Low Kick|p1b: Snorlax
|-supereffective|p1b: Snorlax|1
|-damage|p1b: Snorlax|42/100
|move|p1b: Snorlax|Yawn|p2b: Kingambit
|-start|p2b: Kingambit|move: Yawn|[of] p1b: Snorlax
|
|-heal|p1b: Snorlax|49/100|[from] item: Leftovers
|upkeep
|turn|2
|
|t:|1784214039
|move|p2a: Aerodactyl|Rock Slide|p1a: Gengar|[spread] p1a,p1b
|-damage|p1a: Gengar|72/100
|-damage|p1b: Snorlax|30/100
|move|p1a: Gengar|Disable|p2b: Kingambit
|-start|p2b: Kingambit|Disable|Low Kick
|cant|p2b: Kingambit|Disable|Low Kick
|move|p1b: Snorlax|Yawn|p2a: Aerodactyl
|-start|p2a: Aerodactyl|move: Yawn|[of] p1b: Snorlax
|
|-heal|p1b: Snorlax|36/100|[from] item: Leftovers
|-end|p2b: Kingambit|move: Yawn|[silent]
|-status|p2b: Kingambit|slp
|upkeep
|turn|3
|
|t:|1784214076
|cant|p2b: Kingambit|slp
|move|p2a: Aerodactyl|Rock Slide|p1a: Gengar|[spread] p1a,p1b
|-damage|p1a: Gengar|42/100
|-damage|p1b: Snorlax|18/100
|cant|p1a: Gengar|flinch
|move|p1b: Snorlax|Encore|p2a: Aerodactyl
|-start|p2a: Aerodactyl|Encore
|
|-heal|p1b: Snorlax|25/100|[from] item: Leftovers
|-end|p2a: Aerodactyl|move: Yawn|[silent]
|-status|p2a: Aerodactyl|slp
|upkeep
|turn|4
|
|t:|1784214090
|switch|p1b: Sneasler|Sneasler, L50, F|100/100
|cant|p2a: Aerodactyl|slp
|move|p1a: Gengar|Shadow Ball|p2b: Kingambit
|-resisted|p2b: Kingambit|1
|-crit|p2b: Kingambit
|-damage|p2b: Kingambit|63/100 slp
|-curestatus|p2b: Kingambit|slp|[msg]
|move|p2b: Kingambit|Kowtow Cleave|p1a: Gengar
|-supereffective|p1a: Gengar|1
|-damage|p1a: Gengar|0 fnt
|faint|p1a: Gengar
|
|upkeep
|
|t:|1784214099
|switch|p1a: Snorlax|Snorlax, L50, F|25/100
|turn|5
|
|t:|1784214123
|switch|p2b: Farigiraf|Farigiraf, L50, M|100/100
|cant|p2a: Aerodactyl|slp
|move|p1b: Sneasler|Close Combat|p2b: Farigiraf
|-damage|p2b: Farigiraf|57/100
|-unboost|p1b: Sneasler|def|1
|-unboost|p1b: Sneasler|spd|1
|-enditem|p1b: Sneasler|White Herb
|-clearnegativeboost|p1b: Sneasler|[silent]
|move|p1a: Snorlax|Yawn|p2b: Farigiraf
|-start|p2b: Farigiraf|move: Yawn|[of] p1a: Snorlax
|
|-heal|p1a: Snorlax|31/100|[from] item: Leftovers
|upkeep
|turn|6
|
|t:|1784214159
|switch|p2b: Sylveon|Sylveon, L50, M|100/100
|move|p1b: Sneasler|Close Combat|p2a: Aerodactyl
|-damage|p2a: Aerodactyl|43/100 slp
|-unboost|p1b: Sneasler|def|1
|-unboost|p1b: Sneasler|spd|1
|-curestatus|p2a: Aerodactyl|slp|[msg]
|move|p2a: Aerodactyl|Rock Slide|p1b: Sneasler|[spread] p1a,p1b
|-resisted|p1b: Sneasler|1
|-damage|p1a: Snorlax|15/100
|-damage|p1b: Sneasler|79/100
|move|p1a: Snorlax|Yawn|p2a: Aerodactyl
|-start|p2a: Aerodactyl|move: Yawn|[of] p1a: Snorlax
|
|-heal|p1a: Snorlax|21/100|[from] item: Leftovers
|-end|p2a: Aerodactyl|Encore
|upkeep
|turn|7
|
|t:|1784214182
|move|p1b: Sneasler|Protect|p1b: Sneasler
|-singleturn|p1b: Sneasler|Protect
|move|p2a: Aerodactyl|Dual Wingbeat|p1b: Sneasler
|-activate|p1b: Sneasler|move: Protect
|move|p2b: Sylveon|Hyper Voice|p1b: Sneasler|[spread] p1a
|-activate|p1b: Sneasler|move: Protect
|-damage|p1a: Snorlax|0 fnt
|faint|p1a: Snorlax
|
|-end|p2a: Aerodactyl|move: Yawn|[silent]
|-status|p2a: Aerodactyl|slp
|upkeep
|
|t:|1784214194
|switch|p1a: Ninetales|Ninetales-Alola, L50, M|100/100
|-weather|Snowscape|[from] ability: Snow Warning|[of] p1a: Ninetales
|turn|8
|
|t:|1784214206
|move|p2b: Sylveon|Protect|p2b: Sylveon
|-singleturn|p2b: Sylveon|Protect
|move|p1b: Sneasler|Gunk Shot|p2b: Sylveon
|-activate|p2b: Sylveon|move: Protect
|cant|p2a: Aerodactyl|slp
|move|p1a: Ninetales|Blizzard|p2a: Aerodactyl|[spread] p2a
|-activate|p2b: Sylveon|move: Protect
|-supereffective|p2a: Aerodactyl|1
|-damage|p2a: Aerodactyl|0 fnt
|faint|p2a: Aerodactyl
|
|-weather|Snowscape|[upkeep]
|upkeep
|
|t:|1784214213
|switch|p2a: Farigiraf|Farigiraf, L50, M|57/100
|turn|9
|
|t:|1784214223
|move|p1b: Sneasler|Gunk Shot|p2b: Sylveon
|-supereffective|p2b: Sylveon|1
|-damage|p2b: Sylveon|0 fnt
|faint|p2b: Sylveon
|move|p1a: Ninetales|Blizzard|p2a: Farigiraf
|-damage|p2a: Farigiraf|15/100
|-enditem|p2a: Farigiraf|Sitrus Berry|[eat]
|-heal|p2a: Farigiraf|40/100|[from] item: Sitrus Berry
|move|p2a: Farigiraf|Trick Room|p2a: Farigiraf
|-fieldstart|move: Trick Room|[of] p2a: Farigiraf
|
|-weather|Snowscape|[upkeep]
|upkeep
|
|t:|1784214229
|switch|p2b: Kingambit|Kingambit, L50, M|63/100
|turn|10
|
|t:|1784214239
|move|p1b: Sneasler|Protect|p1b: Sneasler
|-singleturn|p1b: Sneasler|Protect
|move|p2a: Farigiraf|Psychic|p1b: Sneasler
|-activate|p1b: Sneasler|move: Protect
|move|p2b: Kingambit|Iron Head|p1a: Ninetales
|-supereffective|p1a: Ninetales|2
|-damage|p1a: Ninetales|0 fnt
|faint|p1a: Ninetales
|
|-weather|Snowscape|[upkeep]
|upkeep
|turn|11
|
|t:|1784214245
|move|p2a: Farigiraf|Psychic|p1b: Sneasler
|-supereffective|p1b: Sneasler|2
|-damage|p1b: Sneasler|0 fnt
|faint|p1b: Sneasler
|
|win|Moonlight Flutter
||Moonlight Flutter is ready for game 2.
||lucky777n is ready for game 2.
|uhtml|next|Next: Game 2 of 3
|l|☆lucky777n
|player|p1|
|l|☆Moonlight Flutter
|player|p2|
|j|☆lucky777n
|player|p1|lucky777n|boarder|
