|j|☆ron97202
|j|☆punishedmelody
|html|ron97202punishedmelody    
|uhtml|bestof|Game 1 of a best-of-3
|t:|1783743258
|gametype|doubles
|player|p1|ron97202|2|1024
|player|p2|punishedmelody|taunie|1063
|gen|9
|tier|[Gen 9 Champions] VGC 2026 Reg M-B (Bo3)
|rated|
|rule|Species Clause: Limit one of each Pokémon
|rule|Item Clause: Limit 1 of each item
|clearpoke
|poke|p1|Dragalge, L50, F|
|poke|p1|Pelipper, L50, M|
|poke|p1|Heliolisk, L50, M|
|poke|p1|Toxicroak, L50, F|
|poke|p1|Basculegion, L50, M|
|poke|p1|Archaludon, L50, F|
|poke|p2|Blaziken, L50, M, shiny|
|poke|p2|Venusaur, L50, M|
|poke|p2|Ninetales-Alola, L50, M|
|poke|p2|Lycanroc-Dusk, L50, F|
|poke|p2|Kingambit, L50, M, shiny|
|poke|p2|Basculegion, L50, M|
|teampreview|4
|showteam|p1|Dragalge||Dragalgite|PoisonPoint|Scald,DragonPulse,Toxic,SludgeBomb|Bold||F|||50|]Pelipper||LifeOrb|Drizzle|MuddyWater,Surf,Hurricane,HelpingHand|Modest||M|||50|]Heliolisk||ChoiceScarf|DrySkin|Electroweb,HyperVoice,Thunder,VoltSwitch|Timid||M|||50|]Toxicroak||BlackBelt|DrySkin|FakeOut,CloseCombat,PoisonJab,Feint|Jolly||F|||50|]Basculegion||MysticWater|SwiftSwim|WaveCrash,LastRespects,AquaJet,FlipTurn|Adamant||M|||50|]Archaludon||Leftovers|Stamina|ElectroShot,BreakingSwipe,Snarl,Protect|Sassy||F|||50|
|showteam|p2|Blaziken||Blazikenite|SpeedBoost|FlareBlitz,CloseCombat,UpperHand,Detect|Adamant||M|||50|]Venusaur||Venusaurite|Overgrow|GigaDrain,SludgeBomb,EarthPower,Protect|Modest||M|||50|]Ninetales-Alola||NeverMeltIce|SnowWarning|Blizzard,FreezeDry,Encore,Protect|Timid||M|||50|]Lycanroc-Dusk||FocusSash|ToughClaws|Accelerock,RockSlide,CloseCombat,Protect|Adamant||F|||50|]Kingambit||LifeOrb|Defiant|KowtowCleave,SuckerPunch,IronHead,Protect|Adamant||M|||50|]Basculegion||ChoiceScarf|Adaptability|WaveCrash,AquaJet,LastRespects,FlipTurn|Jolly||M|||50|
|
|t:|1783743296
|teamsize|p1|4
|teamsize|p2|4
|start
|switch|p1a: Archaludon|Archaludon, L50, F|100/100
|switch|p1b: Heliolisk|Heliolisk, L50, M|100/100
|switch|p2a: Senbonzagura|Venusaur, L50, M|100/100
|switch|p2b: Tensa Zangetsu|Kingambit, L50, M, shiny|100/100
|turn|1
|inactive|Battle timer is ON: inactive players will automatically lose when time's up. (requested by punishedmelody)
|
|t:|1783743308
|detailschange|p2a: Senbonzagura|Venusaur-Mega, L50, M
|-mega|p2a: Senbonzagura|Venusaur|Venusaurite
|move|p2b: Tensa Zangetsu|Sucker Punch|p1b: Heliolisk
|-damage|p1b: Heliolisk|0 fnt
|faint|p1b: Heliolisk
|-damage|p2b: Tensa Zangetsu|90/100|[from] item: Life Orb
|move|p2a: Senbonzagura|Earth Power|p1a: Archaludon
|-supereffective|p1a: Archaludon|1
|-damage|p1a: Archaludon|48/100
|-ability|p1a: Archaludon|Stamina|boost
|-boost|p1a: Archaludon|def|1
|move|p1a: Archaludon|Electro Shot||[still]
|-prepare|p1a: Archaludon|Electro Shot
|-boost|p1a: Archaludon|spa|1
|
|-heal|p1a: Archaludon|54/100|[from] item: Leftovers
|upkeep
|
|t:|1783743317
|switch|p1b: Pelipper|Pelipper, L50, M|100/100
|-weather|RainDance|[from] ability: Drizzle|[of] p1b: Pelipper
|turn|2
|
|t:|1783743333
|switch|p2b: Hakka no Togame|Ninetales-Alola, L50, M|100/100
|-weather|Snowscape|[from] ability: Snow Warning|[of] p2b: Hakka no Togame
|move|p2a: Senbonzagura|Giga Drain|p1b: Pelipper
|-damage|p1b: Pelipper|42/100
|move|p1a: Archaludon|Electro Shot|p2b: Hakka no Togame|[from] lockedmove
|-damage|p2b: Hakka no Togame|40/100
|move|p1b: Pelipper|Muddy Water|p2b: Hakka no Togame|[spread] p2a,p2b
|-resisted|p2a: Senbonzagura|1
|-damage|p2a: Senbonzagura|83/100
|-damage|p2b: Hakka no Togame|0 fnt
|faint|p2b: Hakka no Togame
|-damage|p1b: Pelipper|32/100|[from] item: Life Orb
|
|-weather|Snowscape|[upkeep]
|-heal|p1a: Archaludon|60/100|[from] item: Leftovers
|upkeep
|
|t:|1783743344
|switch|p2b: La Muerte|Basculegion, L50, M|100/100
|turn|3
|
|t:|1783743349
|switch|p1b: Dragalge|Dragalge, L50, F|100/100
|move|p1a: Archaludon|Protect|p1a: Archaludon
|-singleturn|p1a: Archaludon|Protect
|move|p2b: La Muerte|Last Respects|p1b: Dragalge
|-damage|p1b: Dragalge|51/100
|move|p2a: Senbonzagura|Earth Power|p1a: Archaludon
|-activate|p1a: Archaludon|move: Protect
|
|-weather|Snowscape|[upkeep]
|-heal|p1a: Archaludon|66/100|[from] item: Leftovers
|upkeep
|turn|4
|
|t:|1783743372
|switch|p1b: Pelipper|Pelipper, L50, M|32/100
|-weather|RainDance|[from] ability: Drizzle|[of] p1b: Pelipper
|move|p2b: La Muerte|Last Respects|p1a: Archaludon
|-damage|p1a: Archaludon|32/100
|-ability|p1a: Archaludon|Stamina|boost
|-boost|p1a: Archaludon|def|1
|move|p2a: Senbonzagura|Earth Power|p1a: Archaludon
|-supereffective|p1a: Archaludon|1
|-damage|p1a: Archaludon|0 fnt
|faint|p1a: Archaludon
|
|-weather|RainDance|[upkeep]
|upkeep
|
|t:|1783743376
|switch|p1a: Dragalge|Dragalge, L50, F|51/100
|turn|5
|
|t:|1783743389
|detailschange|p1a: Dragalge|Dragalge-Mega, L50, F
|-mega|p1a: Dragalge|Dragalge|Dragalgite
|move|p2b: La Muerte|Last Respects|p1b: Pelipper
|-damage|p1b: Pelipper|0 fnt
|faint|p1b: Pelipper
|move|p2a: Senbonzagura|Earth Power|p1a: Dragalge
|-supereffective|p1a: Dragalge|1
|-damage|p1a: Dragalge|8/100
|move|p1a: Dragalge|Sludge Bomb|p2a: Senbonzagura
|-damage|p2a: Senbonzagura|50/100g
|
|-weather|RainDance|[upkeep]
|upkeep
|turn|6
|
|t:|1783743400
|move|p2b: La Muerte|Last Respects|p1a: Dragalge
|-damage|p1a: Dragalge|0 fnt
|faint|p1a: Dragalge
|
|win|punishedmelody
