|j|☆KodeBeast0526
|j|☆IceyMochi
|html|KodeBeast0526IceyMochi    
|uhtml|bestof|Game 2 of a best-of-3
|t:|1784397320
|gametype|doubles
|player|p1|KodeBeast0526|sailor|1213
|player|p2|IceyMochi|caitlin|1204
|gen|9
|tier|[Gen 9 Champions] VGC 2026 Reg M-B (Bo3)
|rated|
|rule|Species Clause: Limit one of each Pokémon
|rule|Item Clause: Limit 1 of each item
|clearpoke
|poke|p1|Aerodactyl, L50, M, shiny|
|poke|p1|Kingambit, L50, M, shiny|
|poke|p1|Sylveon, L50, M, shiny|
|poke|p1|Garchomp, L50, M, shiny|
|poke|p1|Charizard, L50, M, shiny|
|poke|p1|Farigiraf, L50, M, shiny|
|poke|p2|Froslass, L50, F|
|poke|p2|Farigiraf, L50, M|
|poke|p2|Armarouge, L50, M|
|poke|p2|Whimsicott, L50, F|
|poke|p2|Kingambit, L50, M|
|poke|p2|Basculegion, L50, M|
|teampreview|4
|showteam|p1|Aerodactyl||Aerodactylite|Unnerve|RockSlide,IceFang,Tailwind,WideGuard|Jolly||M|||50|]Kingambit||FocusSash|Defiant|KowtowCleave,SuckerPunch,IronHead,LowKick|Adamant||M|||50|]Sylveon||FairyFeather|Pixilate|Detect,HyperVoice,HyperBeam,QuickAttack|Modest||M|||50|]Garchomp||ChoiceScarf|RoughSkin|Earthquake,DragonClaw,StompingTantrum,StoneEdge|Jolly||M|||50|]Charizard||CharizarditeY|Blaze|Protect,HeatWave,SolarBeam,WeatherBall|Modest||M|||50|]Farigiraf||SitrusBerry|ArmorTail|Thunderbolt,PsychicNoise,TrickRoom,HelpingHand|Bold||M|||50|
|showteam|p2|Froslass||Froslassite|CursedBody|NastyPlot,Protect,Blizzard,ShadowBall|Timid||F|||50|]Farigiraf||SitrusBerry|ArmorTail|TrickRoom,AllySwitch,TwinBeam,Protect|Relaxed||M|||50|]Armarouge||ColburBerry|FlashFire|HeatWave,EnergyBall,Psychic,WideGuard|Quiet||M|||50|]Whimsicott||FocusSash|Prankster|Moonblast,Tailwind,Encore,Protect|Modest||F|||50|]Kingambit||BlackGlasses|Defiant|SwordsDance,KowtowCleave,IronHead,LowKick|Adamant||M|||50|]Basculegion||MysticWater|Adaptability|WaveCrash,LastRespects,AquaJet,Protect|Adamant||M|||50|
|inactive|Battle timer is ON: inactive players will automatically lose when time's up. (requested by KodeBeast0526)
|
|t:|1784397358
|teamsize|p1|4
|teamsize|p2|4
|start
|switch|p1a: Kingambit|Kingambit, L50, M, shiny|100/100
|switch|p1b: Sylveon|Sylveon, L50, M, shiny|100/100
|switch|p2a: Armarouge|Armarouge, L50, M|100/100
|switch|p2b: Froslass|Froslass, L50, F|100/100
|turn|1
|
|t:|1784397369
|switch|p2b: Farigiraf|Farigiraf, L50, M|100/100
|move|p1b: Sylveon|Hyper Beam|p2b: Farigiraf
|-damage|p2b: Farigiraf|0 fnt
|-mustrecharge|p1b: Sylveon
|faint|p2b: Farigiraf
|move|p1a: Kingambit|Kowtow Cleave|p2a: Armarouge
|-supereffective|p2a: Armarouge|1
|-enditem|p2a: Armarouge|Colbur Berry|[eat]
|-enditem|p2a: Armarouge|Colbur Berry|[weaken]
|-damage|p2a: Armarouge|55/100
|move|p2a: Armarouge|Heat Wave|p1b: Sylveon|[spread] p1a,p1b
|-supereffective|p1a: Kingambit|1
|-damage|p1a: Kingambit|17/100
|-damage|p1b: Sylveon|69/100
|
|upkeep
|
|t:|1784397385
|switch|p2b: Kingambit|Kingambit, L50, M|100/100
|turn|2
|
|t:|1784397392
|cant|p1b: Sylveon|recharge
|move|p1a: Kingambit|Low Kick|p2b: Kingambit
|-supereffective|p2b: Kingambit|2
|-damage|p2b: Kingambit|0 fnt
|faint|p2b: Kingambit
|move|p2a: Armarouge|Heat Wave|p1a: Kingambit|[spread] p1a,p1b
|-supereffective|p1a: Kingambit|1
|-damage|p1a: Kingambit|0 fnt
|-damage|p1b: Sylveon|35/100
|faint|p1a: Kingambit
|
|upkeep
|
|t:|1784397401
|switch|p1a: Farigiraf|Farigiraf, L50, M, shiny|100/100
|switch|p2b: Froslass|Froslass, L50, F|100/100
|turn|3
|
|t:|1784397413
|detailschange|p2b: Froslass|Froslass-Mega, L50, F
|-mega|p2b: Froslass|Froslass|Froslassite
|-weather|Snowscape|[from] ability: Snow Warning|[of] p2b: Froslass
|move|p2b: Froslass|Blizzard|p1b: Sylveon|[spread] p1a,p1b
|-damage|p1a: Farigiraf|56/100
|-damage|p1b: Sylveon|0 fnt
|faint|p1b: Sylveon
|move|p2a: Armarouge|Heat Wave|p1a: Farigiraf
|-damage|p1a: Farigiraf|7/100
|-enditem|p1a: Farigiraf|Sitrus Berry|[eat]
|-heal|p1a: Farigiraf|32/100|[from] item: Sitrus Berry
|move|p1a: Farigiraf|Thunderbolt|p2a: Armarouge
|-damage|p2a: Armarouge|29/100
|
|-weather|Snowscape|[upkeep]
|upkeep
|
|t:|1784397419
|switch|p1b: Charizard|Charizard, L50, M, shiny|100/100
|turn|4
|
|t:|1784397440
|detailschange|p1b: Charizard|Charizard-Mega-Y, L50, M, shiny
|-mega|p1b: Charizard|Charizard|Charizardite Y
|-weather|SunnyDay|[from] ability: Drought|[of] p1b: Charizard
|move|p1a: Farigiraf|Helping Hand|p1b: Charizard
|-singleturn|p1b: Charizard|Helping Hand|[of] p1a: Farigiraf
|move|p2a: Armarouge|Wide Guard|p2a: Armarouge
|-singleturn|p2a: Armarouge|Wide Guard
|move|p2b: Froslass|Shadow Ball|p1b: Charizard
|-damage|p1b: Charizard|59/100
|move|p1b: Charizard|Solar Beam||[still]
|-prepare|p1b: Charizard|Solar Beam
|-anim|p1b: Charizard|Solar Beam|p2a: Armarouge
|-resisted|p2a: Armarouge|1
|-damage|p2a: Armarouge|0 fnt
|faint|p2a: Armarouge
|
|-weather|SunnyDay|[upkeep]
|upkeep
|turn|5
|
|t:|1784397457
|move|p2b: Froslass|Blizzard|p1a: Farigiraf|[spread] p1a,p1b
|-damage|p1a: Farigiraf|0 fnt
|-damage|p1b: Charizard|18/100
|faint|p1a: Farigiraf
|move|p1b: Charizard|Weather Ball|p2b: Froslass
|-supereffective|p2b: Froslass|1
|-damage|p2b: Froslass|0 fnt
|faint|p2b: Froslass
|
|win|KodeBeast0526
