|j|☆Chizardfalife
|j|☆roacchin
|html|Chizardfaliferoacchin    
|uhtml|bestof|Game 1 of a best-of-3
|t:|1784501020
|gametype|doubles
|player|p1|Chizardfalife|marshal|
|player|p2|roacchin|cynthia-gen4|
|gen|9
|tier|[Gen 9 Champions] VGC 2026 Reg M-B (Bo3)
|rule|Species Clause: Limit one of each Pokémon
|rule|Item Clause: Limit 1 of each item
|clearpoke
|poke|p1|Dragonite, L50, M|
|poke|p1|Primarina, L50, F|
|poke|p1|Aerodactyl, L50, M|
|poke|p1|Drampa, L50, M|
|poke|p1|Snorlax, L50, M|
|poke|p1|Krookodile, L50, M|
|poke|p2|Blastoise, L50, M|
|poke|p2|Grimmsnarl, L50, M|
|poke|p2|Venusaur, L50, M|
|poke|p2|Meowstic, L50, M|
|poke|p2|Trevenant, L50, M|
|poke|p2|Kingambit, L50, M|
|teampreview|4
|showteam|p1|Dragonite||SitrusBerry|Multiscale|ThunderPunch,RockSlide,LowKick,ExtremeSpeed|Adamant||M|||50|]Primarina||Leftovers|LiquidVoice|Protect,DazzlingGleam,HyperVoice,ShadowBall|Modest||F|||50|]Aerodactyl||FocusSash|Unnerve|Tailwind,RockSlide,DualWingbeat,Protect|Jolly||M|||50|]Drampa||ShellBell|CloudNine|HydroPump,CalmMind,HeatWave,Flamethrower|Modest||M|||50|]Snorlax||ChopleBerry|ThickFat|BodySlam,RockSlide,IceBeam,BrickBreak|Impish||M|||50|]Krookodile||ChoiceScarf|Intimidate|ThunderFang,Crunch,BrickBreak,RockSlide|Jolly||M|||50|
|showteam|p2|Blastoise||ExpertBelt|Torrent|IceBeam,WaterSpout,FlashCannon,Protect|Modest||M|||50|]Grimmsnarl||MentalHerb|Prankster|FakeOut,LightScreen,Superpower,PlayRough|Adamant||M|||50|]Venusaur||Leftovers|Overgrow|EnergyBall,SleepPowder,Protect,KnockOff|Quiet||M|||50|]Meowstic||FocusSash|Prankster|FakeOut,ThunderWave,AlluringVoice,TrickRoom|Modest||M|||50|]Trevenant||SitrusBerry|Harvest|AllySwitch,HornLeech,Poltergeist,RockSlide|Adamant||M|||50|]Kingambit||ChopleBerry|Defiant|LowKick,SuckerPunch,StoneEdge,PoisonJab|Adamant||M|||50|
|
|t:|1784501099
|teamsize|p1|4
|teamsize|p2|4
|start
|switch|p1a: Aerodactyl|Aerodactyl, L50, M|100/100
|switch|p1b: Dragonite|Dragonite, L50, M|100/100
|switch|p2a: Blastoise|Blastoise, L50, M|100/100
|switch|p2b: Meowstic|Meowstic, L50, M|100/100
|-ability|p1a: Aerodactyl|Unnerve
|turn|1
|
|t:|1784501139
|switch|p1a: Primarina|Primarina, L50, F|100/100
|move|p2b: Meowstic|Fake Out|p1b: Dragonite
|-damage|p1b: Dragonite|97/100
|cant|p1b: Dragonite|flinch
|move|p2a: Blastoise|Ice Beam|p1b: Dragonite
|-supereffective|p1b: Dragonite|2
|-damage|p1b: Dragonite|0 fnt
|faint|p1b: Dragonite
|
|upkeep
|
|t:|1784501152
|switch|p1b: Krookodile|Krookodile, L50, M|100/100
|-ability|p1b: Krookodile|Intimidate|boost
|-unboost|p2a: Blastoise|atk|1
|-unboost|p2b: Meowstic|atk|1
|turn|2
|
|t:|1784501167
|move|p2a: Blastoise|Protect|p2a: Blastoise
|-singleturn|p2a: Blastoise|Protect
|move|p1b: Krookodile|Thunder Fang|p2a: Blastoise
|-activate|p2a: Blastoise|move: Protect
|move|p2b: Meowstic|Alluring Voice|p1b: Krookodile
|-supereffective|p1b: Krookodile|1
|-damage|p1b: Krookodile|34/100
|move|p1a: Primarina|Dazzling Gleam|p2b: Meowstic|[spread] p2b
|-activate|p2a: Blastoise|move: Protect
|-damage|p2b: Meowstic|61/100
|
|upkeep
|turn|3
|
|t:|1784501184
|switch|p2a: Grimmsnarl|Grimmsnarl, L50, M|100/100
|move|p1b: Krookodile|Thunder Fang|p2a: Grimmsnarl
|-damage|p2a: Grimmsnarl|77/100
|move|p2b: Meowstic|Alluring Voice|p1b: Krookodile
|-supereffective|p1b: Krookodile|1
|-damage|p1b: Krookodile|0 fnt
|faint|p1b: Krookodile
|move|p1a: Primarina|Dazzling Gleam|p2b: Meowstic|[spread] p2a,p2b
|-supereffective|p2a: Grimmsnarl|1
|-damage|p2a: Grimmsnarl|0 fnt
|-damage|p2b: Meowstic|24/100
|faint|p2a: Grimmsnarl
|
|upkeep
|
|t:|1784501195
|switch|p1b: Aerodactyl|Aerodactyl, L50, M|100/100
|switch|p2a: Trevenant|Trevenant, L50, M|100/100
|-ability|p1b: Aerodactyl|Unnerve
|turn|4
|
|t:|1784501216
|move|p2b: Meowstic|Thunder Wave|p1b: Aerodactyl
|-status|p1b: Aerodactyl|par
|move|p1b: Aerodactyl|Tailwind|p1b: Aerodactyl
|-sidestart|p1: Chizardfalife|move: Tailwind
|move|p1a: Primarina|Shadow Ball|p2a: Trevenant
|-supereffective|p2a: Trevenant|1
|-damage|p2a: Trevenant|26/100
|move|p2a: Trevenant|Rock Slide|p1b: Aerodactyl|[spread] p1a,p1b
|-supereffective|p1b: Aerodactyl|1
|-damage|p1a: Primarina|78/100
|-damage|p1b: Aerodactyl|32/100 par
|
|-heal|p1a: Primarina|83/100|[from] item: Leftovers
|upkeep
|turn|5
|
|t:|1784501239
|move|p1b: Aerodactyl|Protect|p1b: Aerodactyl
|-singleturn|p1b: Aerodactyl|Protect
|move|p1a: Primarina|Dazzling Gleam|p2b: Meowstic|[spread] p2a,p2b
|-damage|p2a: Trevenant|0 fnt
|-damage|p2b: Meowstic|0 fnt
|faint|p2a: Trevenant
|faint|p2b: Meowstic
|
|-heal|p1a: Primarina|89/100|[from] item: Leftovers
|upkeep
|
|t:|1784501244
|switch|p2b: Blastoise|Blastoise, L50, M|100/100
|turn|6
|
|t:|1784501269
|move|p1b: Aerodactyl|Dual Wingbeat|p2b: Blastoise
|-damage|p2b: Blastoise|83/100
|-damage|p2b: Blastoise|67/100
|-hitcount|p2b: Blastoise|2
|move|p1a: Primarina|Dazzling Gleam|p2b: Blastoise
|-damage|p2b: Blastoise|19/100
|move|p2b: Blastoise|Flash Cannon|p1a: Primarina
|-damage|p1a: Primarina|70/100
|
|-heal|p1a: Primarina|75/100|[from] item: Leftovers
|upkeep
|turn|7
|
|t:|1784501288
|move|p1b: Aerodactyl|Protect|p1b: Aerodactyl
|-singleturn|p1b: Aerodactyl|Protect
|move|p1a: Primarina|Dazzling Gleam|p2b: Blastoise
|-damage|p2b: Blastoise|0 fnt
|faint|p2b: Blastoise
|
|win|Chizardfalife
||roacchin is ready for game 2.
||Chizardfalife is ready for game 2.
|uhtml|next|Next: Game 2 of 3
