|j|☆Fedemitra9
|j|☆Kosluger
|html|Fedemitra9Kosluger    
|uhtml|bestof|Game 1 of a best-of-3
|t:|1785775488
|gametype|doubles
|player|p1|Fedemitra9|lucas|1305
|player|p2|Kosluger|170|1451
|gen|9
|tier|[Gen 9 Champions] VGC 2026 Reg M-B (Bo3)
|rated|
|rule|Species Clause: Limit one of each Pokémon
|rule|Item Clause: Limit 1 of each item
|clearpoke
|poke|p1|Froslass, L50, F|
|poke|p1|Basculegion, L50, M|
|poke|p1|Kingambit, L50, M|
|poke|p1|Sneasler, L50, M|
|poke|p1|Lycanroc-Dusk, L50, F|
|poke|p1|Scovillain, L50, M, shiny|
|poke|p2|Farigiraf, L50, F|
|poke|p2|Incineroar, L50, M|
|poke|p2|Camerupt, L50, F|
|poke|p2|Kingambit, L50, F|
|poke|p2|Ninetales-Alola, L50, F|
|poke|p2|Raichu, L50, F|
|teampreview|4
|showteam|p1|Froslass||Froslassite|CursedBody|Blizzard,ShadowBall,AuroraVeil,Protect|Timid||F|||50|]Basculegion||SitrusBerry|Adaptability|WaveCrash,LastRespects,AquaJet,Protect|Adamant||M|||50|]Kingambit||LifeOrb|Defiant|KowtowCleave,SuckerPunch,SwordsDance,Protect|Adamant||M|||50|]Sneasler||WhiteHerb|Unburden|CloseCombat,GunkShot,Protect,FakeOut|Adamant||M|||50|]Lycanroc-Dusk||FocusSash|ToughClaws|CloseCombat,Accelerock,RockSlide,Protect|Adamant||F|||50|]Scovillain||Scovillainite|Moody|GigaDrain,Overheat,RagePowder,Protect|Bold||M|||50|
|showteam|p2|Farigiraf||ColburBerry|ArmorTail|HelpingHand,Thunderbolt,TrickRoom,Psychic|Quiet||F|||50|]Incineroar||Charcoal|Intimidate|FakeOut,PartingShot,Taunt,FlareBlitz|Brave||M|||50|]Camerupt||Cameruptite|SolidRock|Protect,HeatWave,AncientPower,EarthPower|Quiet||F|||50|]Kingambit||LifeOrb|Defiant|SuckerPunch,KowtowCleave,IronHead,Protect|Adamant||F|||50|]Ninetales-Alola||FocusSash|SnowWarning|Blizzard,FreezeDry,Protect,Encore|Timid||F|||50|]Raichu||RaichuniteY|LightningRod|Protect,FocusBlast,ZapCannon,FakeOut|Modest||F|||50|
|inactive|Battle timer is ON: inactive players will automatically lose when time's up. (requested by Fedemitra9)
|inactive|Fedemitra9 has 60 seconds left.
|
|t:|1785775552
|teamsize|p1|4
|teamsize|p2|4
|start
|switch|p1a: Basculegion|Basculegion, L50, M|100/100
|switch|p1b: Kingambit|Kingambit, L50, M|100/100
|switch|p2a: Farigiraf|Farigiraf, L50, F|100/100
|switch|p2b: Incineroar|Incineroar, L50, M|100/100
|-ability|p2b: Incineroar|Intimidate|boost
|-unboost|p1a: Basculegion|atk|1
|-unboost|p1b: Kingambit|atk|1
|-ability|p1b: Kingambit|Defiant|boost
|-boost|p1b: Kingambit|atk|2
|turn|1
|inactive|Fedemitra9 has 30 seconds left.
|
|t:|1785775578
|move|p2b: Incineroar|Fake Out|p1b: Kingambit
|-resisted|p1b: Kingambit|1
|-damage|p1b: Kingambit|94/100
|move|p1a: Basculegion|Wave Crash|p2a: Farigiraf
|-damage|p2a: Farigiraf|54/100
|-damage|p1a: Basculegion|84/100|[from] Recoil
|cant|p1b: Kingambit|flinch
|move|p2a: Farigiraf|Trick Room|p2a: Farigiraf
|-fieldstart|move: Trick Room|[of] p2a: Farigiraf
|
|upkeep
|turn|2
|inactive|Kosluger has 30 seconds left.
|
|t:|1785775607
|move|p1b: Kingambit|Kowtow Cleave|p2a: Farigiraf
|-supereffective|p2a: Farigiraf|1
|-enditem|p2a: Farigiraf|Colbur Berry|[eat]
|-enditem|p2a: Farigiraf|Colbur Berry|[weaken]
|-damage|p2a: Farigiraf|0 fnt
|faint|p2a: Farigiraf
|-damage|p1b: Kingambit|84/100|[from] item: Life Orb
|move|p2b: Incineroar|Flare Blitz|p1b: Kingambit
|-supereffective|p1b: Kingambit|1
|-damage|p1b: Kingambit|0 fnt
|faint|p1b: Kingambit
|-damage|p2b: Incineroar|71/100|[from] Recoil
|move|p1a: Basculegion|Wave Crash|p2b: Incineroar
|-supereffective|p2b: Incineroar|1
|-damage|p2b: Incineroar|0 fnt
|faint|p2b: Incineroar
|-damage|p1a: Basculegion|62/100|[from] Recoil
|
|upkeep
|inactive|Fedemitra9 has 30 seconds left.
|
|t:|1785775639
|switch|p1b: Sneasler|Sneasler, L50, M|100/100
|switch|p2a: Camerupt|Camerupt, L50, F|100/100
|switch|p2b: Kingambit|Kingambit, L50, F|100/100
|turn|3
|inactive|Fedemitra9 has 30 seconds left.
|inactive|Kosluger has 30 seconds left.
|
|t:|1785775672
|move|p2a: Camerupt|Protect|p2a: Camerupt
|-singleturn|p2a: Camerupt|Protect
|move|p2b: Kingambit|Protect|p2b: Kingambit
|-singleturn|p2b: Kingambit|Protect
|move|p1b: Sneasler|Fake Out|p2b: Kingambit
|-activate|p2b: Kingambit|move: Protect
|move|p1a: Basculegion|Aqua Jet|p2a: Camerupt
|-activate|p2a: Camerupt|move: Protect
|
|upkeep
|turn|4
|
|t:|1785775684
|switch|p1b: Froslass|Froslass, L50, F|100/100
|detailschange|p2a: Camerupt|Camerupt-Mega, L50, F
|-mega|p2a: Camerupt|Camerupt|Cameruptite
|move|p1a: Basculegion|Protect|p1a: Basculegion
|-singleturn|p1a: Basculegion|Protect
|move|p2a: Camerupt|Earth Power|p1b: Froslass
|-damage|p1b: Froslass|19/100
|move|p2b: Kingambit|Kowtow Cleave|p1a: Basculegion
|-activate|p1a: Basculegion|move: Protect
|
|upkeep
|turn|5
|inactive|Fedemitra9 has 30 seconds left.
|inactive|Kosluger has 30 seconds left.
|inactive|Kosluger has 20 seconds left.
|inactive|Fedemitra9 has 20 seconds left.
|inactive|Fedemitra9 has 15 seconds left.
|inactive|Kosluger has 15 seconds left.
|inactive|Kosluger has 10 seconds left.
|inactive|Kosluger has 5 seconds left.
|
|t:|1785775740
|move|p1b: Froslass|Protect|p1b: Froslass
|-singleturn|p1b: Froslass|Protect
|move|p2b: Kingambit|Sucker Punch|p1a: Basculegion
|-supereffective|p1a: Basculegion|1
|-damage|p1a: Basculegion|0 fnt
|faint|p1a: Basculegion
|-damage|p2b: Kingambit|90/100|[from] item: Life Orb
|move|p2a: Camerupt|Earth Power|p1b: Froslass
|-activate|p1b: Froslass|move: Protect
|
|-fieldend|move: Trick Room
|upkeep
|
|t:|1785775752
|switch|p1a: Sneasler|Sneasler, L50, M|100/100
|turn|6
|
|t:|1785775769
|detailschange|p1b: Froslass|Froslass-Mega, L50, F
|-mega|p1b: Froslass|Froslass|Froslassite
|-weather|Snowscape|[from] ability: Snow Warning|[of] p1b: Froslass
|move|p2b: Kingambit|Protect|p2b: Kingambit
|-singleturn|p2b: Kingambit|Protect
|move|p1b: Froslass|Aurora Veil|p1b: Froslass
|-sidestart|p1: Fedemitra9|move: Aurora Veil
|move|p1a: Sneasler|Close Combat|p2b: Kingambit
|-activate|p2b: Kingambit|move: Protect
|move|p2a: Camerupt|Earth Power|p1a: Sneasler
|-supereffective|p1a: Sneasler|1
|-damage|p1a: Sneasler|0 fnt
|faint|p1a: Sneasler
|
|-weather|Snowscape|[upkeep]
|upkeep
|turn|7
|l|☆Fedemitra9
|inactive|Fedemitra9 disconnected and has a minute to reconnect!
|player|p1|
|inactive|Fedemitra9 has 30 seconds left.
|inactive|Fedemitra9 has 20 seconds left.
|inactive|Fedemitra9 has 15 seconds left.
|inactive|Fedemitra9 has 10 seconds left.
|inactive|Fedemitra9 has 5 seconds left.
|-message|Fedemitra9 lost due to inactivity.
|
|win|Kosluger
||Kosluger is ready for game 2.
