|j|☆scottedstone
|j|☆bdogplatinum
|html|scottedstonebdogplatinum    
|uhtml|bestof|Game 3 of a best-of-3
|t:|1755666874
|gametype|doubles
|player|p1|scottedstone|1|1189
|player|p2|bdogplatinum|lucas|1307
|gen|9
|tier|[Gen 9] VGC 2025 Reg H (Bo3)
|rated|
|rule|Species Clause: Limit one of each Pokémon
|rule|Item Clause: Limit 1 of each item
|clearpoke
|poke|p1|Pelipper, L50, F|
|poke|p1|Basculegion, L50, M|
|poke|p1|Archaludon, L50, M|
|poke|p1|Amoonguss, L50, F|
|poke|p1|Gholdengo, L50|
|poke|p1|Incineroar, L50, F|
|poke|p2|Armarouge, L50, M|
|poke|p2|Indeedee-F, L50, F|
|poke|p2|Abomasnow, L50, M|
|poke|p2|Sneasler, L50, F|
|poke|p2|Ursaluna, L50, F|
|poke|p2|Dragapult, L50, M|
|teampreview|4
|showteam|p1|Pelipper||FocusSash|Drizzle|WeatherBall,Hurricane,Tailwind,Protect|||F|||50|,,,,,Grass]Basculegion||LifeOrb|SwiftSwim|WaveCrash,LastRespects,AquaJet,Protect|||M|||50|,,,,,Water]Archaludon||AssaultVest|Stamina|DracoMeteor,ElectroShot,FlashCannon,BodyPress|||M|||50|,,,,,Grass]Amoonguss||SitrusBerry|Regenerator|PollenPuff,RagePowder,Spore,Protect|||F|||50|,,,,,Psychic]Gholdengo||Leftovers|GoodasGold|NastyPlot,MakeItRain,ShadowBall,Protect||||||50|,,,,,Dragon]Incineroar||SafetyGoggles|Intimidate|KnockOff,FakeOut,PartingShot,Taunt|||F|||50|,,,,,Water
|showteam|p2|Armarouge||LifeOrb|FlashFire|Protect,TrickRoom,ArmorCannon,ExpandingForce|||M|||50|,,,,,Grass]Indeedee-F||SafetyGoggles|PsychicSurge|TrickRoom,FollowMe,HelpingHand,AlluringVoice|||F|||50|,,,,,Water]Abomasnow||FocusSash|SnowWarning|Protect,EarthPower,Blizzard,LeafStorm|||M|||50|,,,,,Ice]Sneasler||PsychicSeed|Unburden|Protect,DireClaw,CloseCombat,ThroatChop|||F|||50|,,,,,Dark]Ursaluna||FlameOrb|Guts|Protect,Facade,Earthquake,HeadlongRush|||F|||50|,,,,,Ghost]Dragapult||ChoiceBand|ClearBody|DragonDarts,PhantomForce,Outrage,Uturn|||M|||50|,,,,,Dragon
|inactive|Battle timer is ON: inactive players will automatically lose when time's up. (requested by scottedstone)
|
|t:|1755666907
|teamsize|p1|4
|teamsize|p2|4
|start
|switch|p1a: Basculegion|Basculegion, L50, M|100/100
|switch|p1b: Incineroar|Incineroar, L50, F|100/100
|switch|p2a: Sneasler|Sneasler, L50, F|100/100
|switch|p2b: Dragapult|Dragapult, L50, M|100/100
|-ability|p1b: Incineroar|Intimidate|boost
|-unboost|p2a: Sneasler|atk|1
|-fail|p2b: Dragapult|unboost|[from] ability: Clear Body|[of] p2b: Dragapult
|turn|1
|inactive|scottedstone has 30 seconds left.
|inactive|scottedstone has 20 seconds left.
|
|t:|1755666947
|-terastallize|p2b: Dragapult|Dragon
|move|p2a: Sneasler|Protect|p2a: Sneasler
|-singleturn|p2a: Sneasler|Protect
|move|p1a: Basculegion|Protect|p1a: Basculegion
|-singleturn|p1a: Basculegion|Protect
|move|p2b: Dragapult|Dragon Darts|p1b: Incineroar
|-damage|p1b: Incineroar|64/100
|-anim|p2b: Dragapult|Dragon Darts|p1b: Incineroar
|-damage|p1b: Incineroar|24/100
|move|p1b: Incineroar|Knock Off|p2b: Dragapult
|-damage|p2b: Dragapult|43/100
|-enditem|p2b: Dragapult|Choice Band|[from] move: Knock Off|[of] p1b: Incineroar
|
|upkeep
|turn|2
|inactive|scottedstone has 30 seconds left.
|
|t:|1755666978
|switch|p2a: Indeedee|Indeedee-F, L50, F|100/100
|-fieldstart|move: Psychic Terrain|[from] ability: Psychic Surge|[of] p2a: Indeedee
|switch|p1b: Pelipper|Pelipper, L50, F|100/100
|-weather|RainDance|[from] ability: Drizzle|[of] p1b: Pelipper
|move|p1a: Basculegion|Wave Crash|p2a: Indeedee
|-damage|p2a: Indeedee|0 fnt
|faint|p2a: Indeedee
|-damage|p1a: Basculegion|71/100|[from] Recoil
|-damage|p1a: Basculegion|61/100|[from] item: Life Orb
|move|p2b: Dragapult|Dragon Darts|p1a: Basculegion
|-damage|p1a: Basculegion|11/100
|-anim|p2b: Dragapult|Dragon Darts|p1b: Pelipper
|-damage|p1b: Pelipper|56/100
|
|-weather|RainDance|[upkeep]
|upkeep
|
|t:|1755666994
|switch|p2a: Sneasler|Sneasler, L50, F|100/100
|-enditem|p2a: Sneasler|Psychic Seed
|-boost|p2a: Sneasler|spd|1|[from] item: Psychic Seed
|turn|3
|inactive|scottedstone has 30 seconds left.
|
|t:|1755667023
|switch|p1a: Incineroar|Incineroar, L50, F|24/100
|-ability|p1a: Incineroar|Intimidate|boost
|-unboost|p2a: Sneasler|atk|1
|-fail|p2b: Dragapult|unboost|[from] ability: Clear Body|[of] p2b: Dragapult
|move|p2a: Sneasler|Dire Claw|p1a: Incineroar
|-damage|p1a: Incineroar|3/100
|move|p2b: Dragapult|Dragon Darts|p1a: Incineroar
|-damage|p1a: Incineroar|0 fnt
|-anim|p2b: Dragapult|Dragon Darts|p1b: Pelipper
|-damage|p1b: Pelipper|12/100
|faint|p1a: Incineroar
|move|p1b: Pelipper|Hurricane|p2a: Sneasler
|-supereffective|p2a: Sneasler
|-damage|p2a: Sneasler|6/100
|-start|p2a: Sneasler|confusion
|
|-weather|RainDance|[upkeep]
|upkeep
|
|t:|1755667047
|switch|p1a: Gholdengo|Gholdengo, L50|100/100
|turn|4
|
|t:|1755667069
|-activate|p2a: Sneasler|confusion
|-damage|p2a: Sneasler|0 fnt|[from] confusion
|faint|p2a: Sneasler
|move|p2b: Dragapult|Phantom Force||[still]
|-prepare|p2b: Dragapult|Phantom Force
|move|p1b: Pelipper|Tailwind|p1b: Pelipper
|-sidestart|p1: scottedstone|move: Tailwind
|move|p1a: Gholdengo|Make It Rain|p2b: Dragapult|[miss]
|-miss|p1a: Gholdengo|p2b: Dragapult
|
|-weather|RainDance|[upkeep]
|upkeep
|
|t:|1755667074
|switch|p2a: Armarouge|Armarouge, L50, M|100/100
|turn|5
|inactive|scottedstone has 30 seconds left.
|
|t:|1755667107
|switch|p1a: Basculegion|Basculegion, L50, M|11/100
|move|p2a: Armarouge|Protect|p2a: Armarouge
|-singleturn|p2a: Armarouge|Protect
|move|p1b: Pelipper|Weather Ball|p2a: Armarouge
|-activate|p2a: Armarouge|move: Protect
|move|p2b: Dragapult|Phantom Force|p1b: Pelipper|[from] lockedmove
|-damage|p1b: Pelipper|0 fnt
|faint|p1b: Pelipper
|
|-weather|RainDance|[upkeep]
|upkeep
|
|t:|1755667112
|switch|p1b: Gholdengo|Gholdengo, L50|100/100
|turn|6
|
|t:|1755667127
|move|p2a: Armarouge|Protect|p2a: Armarouge
|-singleturn|p2a: Armarouge|Protect
|move|p1a: Basculegion|Wave Crash|p2a: Armarouge
|-activate|p2a: Armarouge|move: Protect
|move|p1b: Gholdengo|Shadow Ball|p2b: Dragapult
|-damage|p2b: Dragapult|0 fnt
|faint|p2b: Dragapult
|
|-weather|none
|-fieldend|move: Psychic Terrain
|upkeep
|turn|7
|
|t:|1755667146
|-terastallize|p1b: Gholdengo|Dragon
|move|p2a: Armarouge|Protect||[still]
|-fail|p2a: Armarouge
|move|p1a: Basculegion|Wave Crash|p2a: Armarouge
|-supereffective|p2a: Armarouge
|-crit|p2a: Armarouge
|-damage|p2a: Armarouge|0 fnt
|faint|p2a: Armarouge
|-damage|p1a: Basculegion|0 fnt|[from] Recoil
|faint|p1a: Basculegion
|
|win|scottedstone
|raw|scottedstone's rating: 1189 → 1222(+33 for winning)
|raw|bdogplatinum's rating: 1307 → 1280(-27 for losing)
|l|☆bdogplatinum
|player|p2|
