|j|☆toxicwofl
|j|☆owbd
|html|toxicwoflowbd    
|uhtml|bestof|Game 2 of a best-of-3
|t:|1756971802
|gametype|doubles
|player|p1|toxicwofl|cynthia|1067
|player|p2|owbd|cynthia-gen4|1146
|gen|9
|tier|[Gen 9] VGC 2025 Reg H (Bo3)
|rated|
|rule|Species Clause: Limit one of each Pokémon
|rule|Item Clause: Limit 1 of each item
|clearpoke
|poke|p1|Sneasler, L50, M|
|poke|p1|Indeedee, L50, M|
|poke|p1|Ursaluna-Bloodmoon, L50, M|
|poke|p1|Annihilape, L50, M|
|poke|p1|Tyranitar, L50, M|
|poke|p1|Maushold-Four, L50|
|poke|p2|Gholdengo, L50|
|poke|p2|Incineroar, L50, F|
|poke|p2|Ursaluna-Bloodmoon, L50, M|
|poke|p2|Indeedee, L50, M|
|poke|p2|Sneasler, L50, M|
|poke|p2|Murkrow, L50, F|
|teampreview|4
|showteam|p1|Sneasler||PsychicSeed|Unburden|CloseCombat,DireClaw,ThroatChop,Protect|||M|||50|,,,,,Dark]Indeedee||ChoiceScarf|PsychicSurge|ExpandingForce,TeraBlast,Trick,Protect|||M|||50|,,,,,Psychic]Ursaluna-Bloodmoon||LifeOrb|MindsEye|BloodMoon,HyperVoice,EarthPower,Protect|||M|||50|,,,,,Normal]Annihilape||SafetyGoggles|Defiant|DrainPunch,RageFist,BulkUp,FinalGambit|||M|||50|,,,,,Fairy]Tyranitar||AssaultVest|SandStream|RockSlide,KnockOff,TeraBlast,LowKick|||M|||50|,,,,,Flying]Maushold-Four||CovertCloak|FriendGuard|FollowMe,Taunt,Protect,PopulationBomb||||||50|,,,,,Normal
|showteam|p2|Gholdengo||ChoiceSpecs|GoodasGold|MakeItRain,ShadowBall,Thunderbolt,Trick||||||50|,,,,,Steel]Incineroar||SafetyGoggles|Intimidate|FlareBlitz,PartingShot,FakeOut,KnockOff|||F|||50|,,,,,Ghost]Ursaluna-Bloodmoon||AssaultVest|MindsEye|BloodMoon,EarthPower,HyperVoice,Moonblast|||M|||50|,,,,,Normal]Indeedee||FocusSash|PsychicSurge|ExpandingForce,Protect,TrickRoom,Imprison|||M|||50|,,,,,Psychic]Sneasler||PsychicSeed|Unburden|CloseCombat,DireClaw,FakeOut,ThroatChop|||M|||50|,,,,,Stellar]Murkrow||CovertCloak|Prankster|FoulPlay,Haze,SunnyDay,Tailwind|||F|||50|,,,,,Dark
|
|t:|1756971814
|teamsize|p1|4
|teamsize|p2|4
|start
|switch|p1a: Indeedee|Indeedee, L50, M|100/100
|switch|p1b: Sneasler|Sneasler, L50, M|100/100
|switch|p2a: Gholdengo|Gholdengo, L50|100/100
|switch|p2b: Murkrow|Murkrow, L50, F|100/100
|-fieldstart|move: Psychic Terrain|[from] ability: Psychic Surge|[of] p1a: Indeedee
|-enditem|p1b: Sneasler|Psychic Seed
|-boost|p1b: Sneasler|spd|1|[from] item: Psychic Seed
|turn|1
|
|t:|1756971839
|-terastallize|p1b: Sneasler|Dark
|-terastallize|p2a: Gholdengo|Steel
|move|p2b: Murkrow|Tailwind|p2b: Murkrow
|-sidestart|p2: owbd|move: Tailwind
|move|p1b: Sneasler|Close Combat|p2a: Gholdengo
|-supereffective|p2a: Gholdengo
|-damage|p2a: Gholdengo|0 fnt
|-unboost|p1b: Sneasler|def|1
|-unboost|p1b: Sneasler|spd|1
|faint|p2a: Gholdengo
|move|p1a: Indeedee|Expanding Force|p2b: Murkrow
|-immune|p2b: Murkrow
|
|upkeep
|
|t:|1756971856
|switch|p2a: Sneasler|Sneasler, L50, M|100/100
|-enditem|p2a: Sneasler|Psychic Seed
|-boost|p2a: Sneasler|spd|1|[from] item: Psychic Seed
|turn|2
|
|t:|1756971873
|switch|p1b: Annihilape|Annihilape, L50, M|100/100
|move|p2a: Sneasler|Throat Chop|p1a: Indeedee
|-supereffective|p1a: Indeedee
|-damage|p1a: Indeedee|0 fnt
|faint|p1a: Indeedee
|move|p2b: Murkrow|Foul Play|p1b: Annihilape
|-damage|p1b: Annihilape|63/100
|
|upkeep
|
|t:|1756971881
|switch|p1a: Maushold|Maushold-Four, L50, shiny|100/100
|turn|3
|
|t:|1756971891
|move|p1a: Maushold|Follow Me|p1a: Maushold
|-singleturn|p1a: Maushold|move: Follow Me
|move|p2a: Sneasler|Dire Claw|p1a: Maushold
|-crit|p1a: Maushold
|-damage|p1a: Maushold|19/100
|move|p2b: Murkrow|Foul Play|p1a: Maushold
|-damage|p1a: Maushold|0 fnt
|faint|p1a: Maushold
|move|p1b: Annihilape|Drain Punch|p2b: Murkrow
|-damage|p2b: Murkrow|50/100
|-heal|p1b: Annihilape|83/100|[from] drain|[of] p2b: Murkrow
|
|upkeep
|
|t:|1756971903
|switch|p1a: Sneasler|Sneasler, L50, M, tera:Dark|100/100
|turn|4
|
|t:|1756971915
|move|p1a: Sneasler|Protect|p1a: Sneasler
|-singleturn|p1a: Sneasler|Protect
|move|p2a: Sneasler|Close Combat|p1a: Sneasler
|-activate|p1a: Sneasler|move: Protect
|move|p2b: Murkrow|Foul Play|p1b: Annihilape
|-damage|p1b: Annihilape|40/100
|move|p1b: Annihilape|Drain Punch|p2b: Murkrow
|-damage|p2b: Murkrow|3/100
|-heal|p1b: Annihilape|59/100|[from] drain|[of] p2b: Murkrow
|
|-sideend|p2: owbd|move: Tailwind
|upkeep
|turn|5
|
|t:|1756971948
|move|p1a: Sneasler|Protect||[still]
|-fail|p1a: Sneasler
|move|p2a: Sneasler|Close Combat|p1a: Sneasler
|-supereffective|p1a: Sneasler
|-damage|p1a: Sneasler|0 fnt
|-unboost|p2a: Sneasler|def|1
|-unboost|p2a: Sneasler|spd|1
|faint|p1a: Sneasler
|move|p1b: Annihilape|Bulk Up|p1b: Annihilape
|-boost|p1b: Annihilape|atk|1
|-boost|p1b: Annihilape|def|1
|move|p2b: Murkrow|Foul Play|p1b: Annihilape
|-damage|p1b: Annihilape|16/100
|
|-fieldend|move: Psychic Terrain
|upkeep
|turn|6
|
|t:|1756971964
|move|p2a: Sneasler|Dire Claw|p1b: Annihilape
|-resisted|p1b: Annihilape
|-damage|p1b: Annihilape|2/100
|move|p1b: Annihilape|Drain Punch|p2a: Sneasler
|-resisted|p2a: Sneasler
|-damage|p2a: Sneasler|55/100
|-heal|p1b: Annihilape|21/100|[from] drain|[of] p2a: Sneasler
|move|p2b: Murkrow|Foul Play|p1b: Annihilape
|-damage|p1b: Annihilape|0 fnt
|faint|p1b: Annihilape
|
|win|owbd
|raw|toxicwofl's rating: 1067 → 1051(-16 for losing)
|raw|owbd's rating: 1146 → 1165(+19 for winning)
|l|☆toxicwofl
|player|p1|
