|j|☆jomivgc
|j|☆nootbaar
|html|jomivgcnootbaar    
|uhtml|bestof|Game 2 of a best-of-3
|t:|1783737722
|gametype|doubles
|player|p1|jomivgc|falkner-gen2|1128
|player|p2|nootbaar|1|1148
|gen|9
|tier|[Gen 9 Champions] VGC 2026 Reg M-B (Bo3)
|rated|
|rule|Species Clause: Limit one of each Pokémon
|rule|Item Clause: Limit 1 of each item
|clearpoke
|poke|p1|Grimmsnarl, L50, M|
|poke|p1|Basculegion, L50, M|
|poke|p1|Meganium, L50, F|
|poke|p1|Pelipper, L50, F|
|poke|p1|Archaludon, L50, M|
|poke|p1|Swampert, L50, M|
|poke|p2|Tyranitar, L50, F|
|poke|p2|Whimsicott, L50, M|
|poke|p2|Incineroar, L50, F|
|poke|p2|Rotom-Wash, L50|
|poke|p2|Garchomp, L50, F|
|poke|p2|Metagross, L50|
|teampreview|4
|showteam|p1|Grimmsnarl||LightClay|Prankster|SpiritBreak,Reflect,LightScreen,PartingShot|Careful||M|||50|]Basculegion||ChoiceScarf|Adaptability|WaveCrash,LastRespects,AquaJet,FlipTurn|Jolly||M|||50|]Meganium||Meganiumite|Overgrow|SolarBeam,EarthPower,DazzlingGleam,Protect|Modest||F|||50|]Pelipper||FocusSash|Drizzle|Hurricane,WeatherBall,Tailwind,RainDance|Modest||F|||50|]Archaludon||Leftovers|Stamina|FlashCannon,DragonPulse,ElectroShot,Protect|Modest||M|||50|]Swampert||Swampertite|Damp|WaveCrash,Earthquake,IcePunch,Protect|Adamant||M|||50|
|showteam|p2|Tyranitar||Tyranitarite|SandStream|Protect,DragonDance,RockSlide,KnockOff|Jolly||F|||50|]Whimsicott||FairyFeather|Prankster|Protect,Tailwind,Encore,Moonblast|Modest||M|||50|]Incineroar||Charcoal|Intimidate|Protect,FakeOut,PartingShot,FlareBlitz|Adamant||F|||50|]Rotom-Wash||ChoiceScarf|Levitate|WillOWisp,Electroweb,Thunderbolt,HydroPump|Modest|||||50|]Garchomp||LifeOrb|RoughSkin|Protect,StompingTantrum,DragonClaw,Earthquake|Jolly||F|||50|]Metagross||Metagrossite|ClearBody|Protect,Trailblaze,IronHead,PsychicFangs|Jolly|||||50|
|inactive|Battle timer is ON: inactive players will automatically lose when time's up. (requested by jomivgc)
|inactive|nootbaar also wants the timer to be on.
|inactive|jomivgc has 60 seconds left.
|inactive|nootbaar has 60 seconds left.
|inactive|jomivgc has 30 seconds left.
|inactive|jomivgc has 20 seconds left.
|
|t:|1783737795
|teamsize|p1|4
|teamsize|p2|4
|start
|switch|p1a: Meganium|Meganium, L50, F|100/100
|switch|p1b: Grimmsnarl|Grimmsnarl, L50, M|100/100
|switch|p2a: Rotom|Rotom-Wash, L50|100/100
|switch|p2b: Metagross|Metagross, L50|100/100
|turn|1
|inactive|jomivgc has 30 seconds left.
|inactive|nootbaar has 30 seconds left.
|inactive|nootbaar has 20 seconds left.
|inactive|nootbaar has 15 seconds left.
|
|t:|1783737836
|switch|p2a: Incineroar|Incineroar, L50, F|100/100
|-ability|p2a: Incineroar|Intimidate|boost
|-unboost|p1a: Meganium|atk|1
|-unboost|p1b: Grimmsnarl|atk|1
|detailschange|p2b: Metagross|Metagross-Mega, L50
|-mega|p2b: Metagross|Metagross|Metagrossite
|detailschange|p1a: Meganium|Meganium-Mega, L50, F
|-mega|p1a: Meganium|Meganium|Meganiumite
|move|p1b: Grimmsnarl|Reflect|p1b: Grimmsnarl
|-sidestart|p1: jomivgc|Reflect
|move|p2b: Metagross|Iron Head|p1b: Grimmsnarl
|-supereffective|p1b: Grimmsnarl|1
|-damage|p1b: Grimmsnarl|20/100y
|move|p1a: Meganium|Solar Beam||[still]
|-prepare|p1a: Meganium|Solar Beam
|-activate|p1a: Meganium|ability: Mega Sol
|-anim|p1a: Meganium|Solar Beam|p2a: Incineroar
|-resisted|p2a: Incineroar|1
|-damage|p2a: Incineroar|70/100
|
|upkeep
|turn|2
|inactive|nootbaar has 30 seconds left.
|
|t:|1783737871
|move|p1b: Grimmsnarl|Parting Shot|p2b: Metagross
|-unboost|p2b: Metagross|atk|1
|-unboost|p2b: Metagross|spa|1
|
|t:|1783737878
|switch|p1b: Pelipper|Pelipper, L50, F|100/100|[from] Parting Shot
|-weather|RainDance|[from] ability: Drizzle|[of] p1b: Pelipper
|move|p2b: Metagross|Trailblaze|p1b: Pelipper
|-damage|p1b: Pelipper|85/100
|-boost|p2b: Metagross|spe|1
|move|p1a: Meganium|Earth Power|p2b: Metagross
|-supereffective|p2b: Metagross|1
|-damage|p2b: Metagross|26/100
|move|p2a: Incineroar|Flare Blitz|p1a: Meganium
|-supereffective|p1a: Meganium|1
|-damage|p1a: Meganium|59/100
|-damage|p2a: Incineroar|57/100|[from] Recoil
|
|-weather|RainDance|[upkeep]
|upkeep
|turn|3
|inactive|jomivgc has 30 seconds left.
|inactive|nootbaar has 30 seconds left.
|inactive|jomivgc has 20 seconds left.
|inactive|nootbaar has 20 seconds left.
|inactive|nootbaar has 15 seconds left.
|inactive|nootbaar has 10 seconds left.
|
|t:|1783737927
|switch|p2b: Garchomp|Garchomp, L50, F|100/100
|switch|p2a: Rotom|Rotom-Wash, L50|100/100
|move|p1a: Meganium|Protect|p1a: Meganium
|-singleturn|p1a: Meganium|Protect
|move|p1b: Pelipper|Weather Ball|p2b: Garchomp
|-damage|p2b: Garchomp|28/100
|
|-weather|RainDance|[upkeep]
|upkeep
|turn|4
|inactive|nootbaar has 30 seconds left.
|inactive|nootbaar has 20 seconds left.
|inactive|nootbaar has 15 seconds left.
|
|t:|1783737970
|move|p2a: Rotom|Hydro Pump|p1a: Meganium
|-resisted|p1a: Meganium|1
|-damage|p1a: Meganium|32/100
|move|p2b: Garchomp|Stomping Tantrum|p1a: Meganium
|-resisted|p1a: Meganium|1
|-damage|p1a: Meganium|18/100
|-damage|p2b: Garchomp|18/100|[from] item: Life Orb
|move|p1b: Pelipper|Tailwind|p1b: Pelipper
|-sidestart|p1: jomivgc|move: Tailwind
|move|p1a: Meganium|Dazzling Gleam|p2b: Garchomp|[spread] p2a,p2b
|-supereffective|p2b: Garchomp|1
|-damage|p2a: Rotom|59/100
|-damage|p2b: Garchomp|0 fnt
|faint|p2b: Garchomp
|
|-weather|RainDance|[upkeep]
|upkeep
|
|t:|1783737984
|switch|p2b: Incineroar|Incineroar, L50, F|57/100
|-ability|p2b: Incineroar|Intimidate|boost
|-unboost|p1a: Meganium|atk|1
|-unboost|p1b: Pelipper|atk|1
|turn|5
|
|t:|1783738003
|switch|p2a: Metagross|Metagross-Mega, L50|26/100
|move|p1a: Meganium|Protect|p1a: Meganium
|-singleturn|p1a: Meganium|Protect
|move|p1b: Pelipper|Weather Ball|p2b: Incineroar
|-supereffective|p2b: Incineroar|1
|-damage|p2b: Incineroar|0 fnt
|faint|p2b: Incineroar
|
|-weather|RainDance|[upkeep]
|upkeep
|
|t:|1783738010
|switch|p2b: Rotom|Rotom-Wash, L50|59/100
|turn|6
|inactive|jomivgc has 30 seconds left.
|
|t:|1783738039
|move|p1b: Pelipper|Hurricane|p2b: Rotom
|-resisted|p2b: Rotom|1
|-damage|p2b: Rotom|32/100
|-start|p2b: Rotom|confusion
|move|p1a: Meganium|Earth Power|p2a: Metagross
|-supereffective|p2a: Metagross|1
|-damage|p2a: Metagross|0 fnt
|faint|p2a: Metagross
|-activate|p2b: Rotom|confusion
|move|p2b: Rotom|Electroweb|p1b: Pelipper|[spread] p1a,p1b
|-resisted|p1a: Meganium|1
|-supereffective|p1b: Pelipper|2
|-damage|p1a: Meganium|10/100
|-damage|p1b: Pelipper|0 fnt
|-unboost|p1a: Meganium|spe|1
|faint|p1b: Pelipper
|
|-weather|none
|upkeep
|
|t:|1783738051
|switch|p1b: Basculegion|Basculegion, L50, M|100/100
|turn|7
|
|t:|1783738058
|move|p1b: Basculegion|Last Respects|p2b: Rotom
|-damage|p2b: Rotom|0 fnt
|faint|p2b: Rotom
|
|win|jomivgc
|inactive|jomivgc has 30 seconds to confirm battle start!
|inactive|nootbaar has 30 seconds to confirm battle start!
||nootbaar is ready for game 3.
|inactive|jomivgc has 20 seconds to confirm battle start!
