|j|☆raylix
|j|☆LadylikeMiked97
|html|raylixLadylikeMiked97    
|uhtml|bestof|Game 2 of a best-of-3
|t:|1756378908
|gametype|doubles
|player|p1|raylix|bruno|1136
|player|p2|LadylikeMiked97|265|1050
|gen|9
|tier|[Gen 9] VGC 2025 Reg H (Bo3)
|rated|
|rule|Species Clause: Limit one of each Pokémon
|rule|Item Clause: Limit 1 of each item
|clearpoke
|poke|p1|Sneasler, L50, M|
|poke|p1|Indeedee, L50, M|
|poke|p1|Volcarona, L50, F|
|poke|p1|Ursaluna-Bloodmoon, L50, M|
|poke|p1|Annihilape, L50, F|
|poke|p1|Tyranitar, L50, M|
|poke|p2|Grimmsnarl, L50, M|
|poke|p2|Rillaboom, L50, F|
|poke|p2|Gastrodon, L50, F|
|poke|p2|Flamigo, L50, M|
|poke|p2|Dragonite, L50, M|
|poke|p2|Ceruledge, L50, M|
|teampreview|4
|showteam|p1|Sneasler||PsychicSeed|Unburden|CloseCombat,DireClaw,ThroatChop,Protect|||M|||50|,,,,,Dark]Indeedee||ChoiceScarf|PsychicSurge|ExpandingForce,TeraBlast,Trick,Protect|||M|||50|,,,,,Psychic]Volcarona||SitrusBerry|FlameBody|Overheat,StruggleBug,RagePowder,Tailwind|||F|||50|,,,,,Grass]Ursaluna-Bloodmoon||LifeOrb|MindsEye|BloodMoon,HyperVoice,EarthPower,Protect|||M|||50|,,,,,Normal]Annihilape||SafetyGoggles|Defiant|CloseCombat,RageFist,Taunt,FinalGambit|||F|||50|,,,,,Fairy]Tyranitar||AssaultVest|SandStream|RockSlide,KnockOff,TeraBlast,LowKick|||M|||50|,,,,,Flying
|showteam|p2|Grimmsnarl||LightClay|Prankster|Reflect,LightScreen,ThunderWave,SpiritBreak|||M|||50|,,,,,Ghost]Rillaboom||SitrusBerry|GrassySurge|FakeOut,GrassyGlide,Taunt,WoodHammer|||F|||50|,,,,,Fire]Gastrodon||Leftovers|StormDrain|IceBeam,EarthPower,SludgeBomb,Protect|||F|||50|,,,,,Fire]Flamigo||LifeOrb|Scrappy|CloseCombat,DualWingbeat,ThroatChop,Protect|||M|||50|,,,,,Ghost]Dragonite||LoadedDice|Multiscale|Protect,ScaleShot,ExtremeSpeed,LowKick|||M|||50|,,,,,Fairy]Ceruledge||FocusSash|FlashFire|BitterBlade,ShadowSneak,Protect,BulkUp|||M|||50|,,,,,Grass
|inactive|Battle timer is ON: inactive players will automatically lose when time's up. (requested by LadylikeMiked97)
|
|t:|1756378969
|teamsize|p1|4
|teamsize|p2|4
|start
|switch|p1a: Sneasler|Sneasler, L50, M|100/100
|switch|p1b: Indeedee|Indeedee, L50, M|100/100
|switch|p2a: Grimmsnarl|Grimmsnarl, L50, M|100/100
|switch|p2b: Flamigo|Flamigo, L50, M|100/100
|-fieldstart|move: Psychic Terrain|[from] ability: Psychic Surge|[of] p1b: Indeedee
|-enditem|p1a: Sneasler|Psychic Seed
|-boost|p1a: Sneasler|spd|1|[from] item: Psychic Seed
|turn|1
|inactive|raylix has 30 seconds left.
|inactive|LadylikeMiked97 has 30 seconds left.
|inactive|raylix has 20 seconds left.
|
|t:|1756379005
|switch|p1a: Volcarona|Volcarona, L50, F|100/100
|switch|p2b: Rillaboom|Rillaboom, L50, F|100/100
|-fieldstart|move: Grassy Terrain|[from] ability: Grassy Surge|[of] p2b: Rillaboom
|move|p2a: Grimmsnarl|Reflect|p2a: Grimmsnarl
|-sidestart|p2: LadylikeMiked97|Reflect
|move|p1b: Indeedee|Trick|p2a: Grimmsnarl
|-activate|p1b: Indeedee|move: Trick|[of] p2a: Grimmsnarl
|-item|p2a: Grimmsnarl|Choice Scarf|[from] move: Trick
|-item|p1b: Indeedee|Light Clay|[from] move: Trick
|
|upkeep
|turn|2
|inactive|raylix has 30 seconds left.
|inactive|raylix has 20 seconds left.
|inactive|LadylikeMiked97 has 30 seconds left.
|inactive|raylix has 15 seconds left.
|
|t:|1756379049
|switch|p2b: Ceruledge|Ceruledge, L50, M|100/100
|move|p2a: Grimmsnarl|Light Screen|p2a: Grimmsnarl
|-sidestart|p2: LadylikeMiked97|move: Light Screen
|move|p1a: Volcarona|Overheat|p2b: Ceruledge
|-start|p2b: Ceruledge|ability: Flash Fire
|move|p1b: Indeedee|Expanding Force|p2b: Ceruledge
|-damage|p2b: Ceruledge|77/100
|
|-heal|p2b: Ceruledge|83/100|[from] Grassy Terrain
|upkeep
|turn|3
|inactive|raylix has 30 seconds left.
|inactive|LadylikeMiked97 has 30 seconds left.
|inactive|raylix has 20 seconds left.
|inactive|raylix has 15 seconds left.
|inactive|raylix has 10 seconds left.
|
|t:|1756379096
|switch|p1b: Sneasler|Sneasler, L50, M|100/100
|switch|p2a: Rillaboom|Rillaboom, L50, F|100/100
|move|p1a: Volcarona|Rage Powder|p1a: Volcarona
|-singleturn|p1a: Volcarona|move: Rage Powder
|move|p2b: Ceruledge|Bitter Blade|p1a: Volcarona
|-damage|p1a: Volcarona|15/100
|-heal|p2b: Ceruledge|100/100|[from] drain|[of] p1a: Volcarona
|-enditem|p1a: Volcarona|Sitrus Berry|[eat]
|-heal|p1a: Volcarona|40/100|[from] item: Sitrus Berry
|
|-heal|p1a: Volcarona|46/100|[from] Grassy Terrain
|upkeep
|turn|4
|inactive|raylix has 30 seconds left.
|inactive|raylix has 20 seconds left.
|inactive|raylix has 15 seconds left.
|inactive|raylix has 10 seconds left.
|
|t:|1756379141
|switch|p1a: Indeedee|Indeedee, L50, M|100/100
|-fieldstart|move: Psychic Terrain|[from] ability: Psychic Surge|[of] p1a: Indeedee
|switch|p2a: Grimmsnarl|Grimmsnarl, L50, M|100/100
|move|p1b: Sneasler|Dire Claw|p2a: Grimmsnarl
|-supereffective|p2a: Grimmsnarl
|-damage|p2a: Grimmsnarl|35/100
|-status|p2a: Grimmsnarl|psn
|move|p2b: Ceruledge|Bitter Blade|p1b: Sneasler
|-crit|p1b: Sneasler
|-damage|p1b: Sneasler|0 fnt
|faint|p1b: Sneasler
|
|-damage|p2a: Grimmsnarl|22/100 psn|[from] psn
|upkeep
|inactive|raylix has 30 seconds left.
|
|t:|1756379173
|switch|p1b: Tyranitar|Tyranitar, L50, M|100/100
|-weather|Sandstorm|[from] ability: Sand Stream|[of] p1b: Tyranitar
|turn|5
|inactive|LadylikeMiked97 has 30 seconds left.
|
|t:|1756379199
|switch|p1a: Volcarona|Volcarona, L50, F|46/100
|switch|p2a: Rillaboom|Rillaboom, L50, F|100/100
|-fieldstart|move: Grassy Terrain|[from] ability: Grassy Surge|[of] p2a: Rillaboom
|-terastallize|p2b: Ceruledge|Grass
|move|p2b: Ceruledge|Bitter Blade|p1a: Volcarona
|-damage|p1a: Volcarona|0 fnt
|-status|p2b: Ceruledge|brn|[from] ability: Flame Body|[of] p1a: Volcarona
|faint|p1a: Volcarona
|move|p1b: Tyranitar|Knock Off|p2b: Ceruledge
|-crit|p2b: Ceruledge
|-damage|p2b: Ceruledge|16/100 brn
|-enditem|p2b: Ceruledge|Focus Sash|[from] move: Knock Off|[of] p1b: Tyranitar
|
|-weather|Sandstorm|[upkeep]
|-damage|p2a: Rillaboom|95/100|[from] Sandstorm
|-damage|p2b: Ceruledge|10/100 brn|[from] Sandstorm
|-heal|p2a: Rillaboom|100/100|[from] Grassy Terrain
|-heal|p2b: Ceruledge|16/100 brn|[from] Grassy Terrain
|-damage|p2b: Ceruledge|10/100 brn|[from] brn
|upkeep
|
|t:|1756379217
|switch|p1a: Indeedee|Indeedee, L50, M|100/100
|-fieldstart|move: Psychic Terrain|[from] ability: Psychic Surge|[of] p1a: Indeedee
|turn|6
|inactive|raylix has 30 seconds left.
|
|t:|1756379249
|move|p1a: Indeedee|Expanding Force|p2b: Ceruledge|[spread] p2a,p2b
|-damage|p2a: Rillaboom|59/100
|-damage|p2b: Ceruledge|0 fnt
|faint|p2b: Ceruledge
|move|p2a: Rillaboom|Wood Hammer|p1b: Tyranitar
|-supereffective|p1b: Tyranitar
|-damage|p1b: Tyranitar|0 fnt
|faint|p1b: Tyranitar
|-damage|p2a: Rillaboom|27/100|[from] Recoil
|-enditem|p2a: Rillaboom|Sitrus Berry|[eat]
|-heal|p2a: Rillaboom|52/100|[from] item: Sitrus Berry
|
|-weather|Sandstorm|[upkeep]
|-damage|p1a: Indeedee|95/100|[from] Sandstorm
|-damage|p2a: Rillaboom|46/100|[from] Sandstorm
|-sideend|p2: LadylikeMiked97|move: Light Screen
|upkeep
|
|t:|1756379266
|switch|p2b: Grimmsnarl|Grimmsnarl, L50, M|22/100 psn
|turn|7
|
|t:|1756379286
|-terastallize|p1a: Indeedee|Psychic
|move|p1a: Indeedee|Expanding Force|p2b: Grimmsnarl|[spread] p2a
|-immune|p2b: Grimmsnarl
|-damage|p2a: Rillaboom|0 fnt
|faint|p2a: Rillaboom
|move|p2b: Grimmsnarl|Spirit Break|p1a: Indeedee
|-damage|p1a: Indeedee|33/100
|-unboost|p1a: Indeedee|spa|1
|
|-weather|Sandstorm|[upkeep]
|-damage|p1a: Indeedee|27/100|[from] Sandstorm
|-damage|p2b: Grimmsnarl|16/100 psn|[from] Sandstorm
|-damage|p2b: Grimmsnarl|4/100 psn|[from] psn
|upkeep
|
|t:|1756379300
|switch|p2a: Flamigo|Flamigo, L50, M|100/100
|turn|8
|inactive|LadylikeMiked97 has 30 seconds left.
|
|t:|1756379326
|move|p1a: Indeedee|Protect|p1a: Indeedee
|-singleturn|p1a: Indeedee|Protect
|move|p2a: Flamigo|Protect|p2a: Flamigo
|-singleturn|p2a: Flamigo|Protect
|move|p2b: Grimmsnarl|Spirit Break|p1a: Indeedee
|-activate|p1a: Indeedee|move: Protect
|
|-weather|Sandstorm|[upkeep]
|-damage|p1a: Indeedee|21/100|[from] Sandstorm
|-damage|p2a: Flamigo|95/100|[from] Sandstorm
|-damage|p2b: Grimmsnarl|0 fnt|[from] Sandstorm
|faint|p2b: Grimmsnarl
|-sideend|p2: LadylikeMiked97|Reflect
|upkeep
|turn|9
|
|t:|1756379347
|move|p1a: Indeedee|Expanding Force|p2a: Flamigo
|-supereffective|p2a: Flamigo
|-damage|p2a: Flamigo|0 fnt
|faint|p2a: Flamigo
|
|win|raylix
