|j|☆ArekkusuKage
|j|☆ESCharge
|html|ArekkusuKageESCharge    
|uhtml|bestof|Game 2 of a best-of-3
|t:|1786098559
|gametype|doubles
|player|p1|ArekkusuKage|beni-ninja|
|player|p2|ESCharge|byron|
|gen|9
|tier|[Gen 9 Champions] VGC 2026 Reg M-B (Bo3)
|rule|Species Clause: Limit one of each Pokémon
|rule|Item Clause: Limit 1 of each item
|clearpoke
|poke|p1|Tinkaton, L50, F|
|poke|p1|Toucannon, L50, M, shiny|
|poke|p1|Zoroark, L50, M|
|poke|p1|Sableye, L50, M, shiny|
|poke|p1|Abomasnow, L50, M, shiny|
|poke|p1|Mr. Rime, L50, M, shiny|
|poke|p2|Heliolisk, L50, M|
|poke|p2|Slowbro, L50, M|
|poke|p2|Runerigus, L50, F, shiny|
|poke|p2|Zoroark, L50, F|
|poke|p2|Tinkaton, L50, F|
|poke|p2|Sableye, L50, M|
|teampreview|4
|showteam|p1|Tinkaton||ExpertBelt|MoldBreaker|GigatonHammer,PlayRough,RockSlide,IceHammer|Jolly||F|||50|]Toucannon||LifeOrb|SkillLink|BulletSeed,RockBlast,BeakBlast,Roost|Adamant||M|||50|]Zoroark||Leftovers|Illusion|KnockOff,SludgeBomb,Psychic,Uturn|Hasty||M|||50|]Sableye||LightClay|Prankster|Reflect,LightScreen,KnockOff,FakeOut|Adamant||M|||50|]Abomasnow||Abomasite|SnowWarning|Blizzard,IceShard,GigaDrain,EarthPower|Quiet||M|||50|]Mr. Rime||NeverMeltIce|IceBody|Blizzard,DazzlingGleam,Protect,Psychic|Modest||M|||50|
|showteam|p2|Heliolisk||WiseGlasses|SandVeil|Discharge,MorningSun,Substitute,HyperVoice|Timid||M|||50|]Slowbro||Slowbronite|Oblivious|SlackOff,IronDefense,Amnesia,StoredPower|Calm||M|||50|]Runerigus||SmoothRock|WanderingSpirit|IronDefense,BodyPress,DestinyBond,Sandstorm|Calm||F|||50|]Zoroark||WideLens|Illusion|Snarl,FocusBlast,Protect,Detect|Timid||F|||50|]Tinkaton||MuscleBand|OwnTempo|GigatonHammer,IceHammer,PlayRough,FakeOut|Adamant||F|||50|]Sableye||Sablenite|Prankster|ThunderWave,WillOWisp,PainSplit,Recover|Calm||M|||50|
|inactive|Battle timer is ON: inactive players will automatically lose when time's up. (requested by ESCharge)
|
|t:|1786098589
|teamsize|p1|4
|teamsize|p2|4
|start
|switch|p1a: Saybai|Sableye, L50, M, shiny|100/100
|switch|p1b: Ambaries|Abomasnow, L50, M, shiny|100/100
|switch|p2a: Demond|Sableye, L50, M|100/100
|switch|p2b: Runerigus|Runerigus, L50, F, shiny|100/100
|turn|1
|inactive|ArekkusuKage has 30 seconds left.
|
|t:|1786098617
|move|p1a: Saybai|Reflect|p1a: Saybai
|-sidestart|p1: ArekkusuKage|Reflect
|move|p2a: Demond|Focus Blast|p1b: Ambaries
|-supereffective|p1b: Ambaries|1
|-damage|p1b: Ambaries|0 fnt
|replace|p1b: Foxiand|Zoroark, L50, M
|-end|p1b: Foxiand|Illusion
|faint|p1b: Foxiand
|move|p2b: Runerigus|Iron Defense|p2b: Runerigus
|-boost|p2b: Runerigus|def|2
|
|upkeep
|
|t:|1786098623
|switch|p1b: Rimerio|Mr. Rime, L50, M, shiny|100/100
|turn|2
|inactive|ArekkusuKage has 30 seconds left.
|
|t:|1786098651
|move|p2a: Demond|Snarl|p1b: Rimerio|[spread] p1a,p1b
|-supereffective|p1b: Rimerio|1
|-crit|p1b: Rimerio
|-damage|p1a: Saybai|69/100
|-damage|p1b: Rimerio|25/100
|-unboost|p1a: Saybai|spa|1
|-unboost|p1b: Rimerio|spa|1
|move|p1b: Rimerio|Dazzling Gleam|p2b: Runerigus|[spread] p2a,p2b
|-supereffective|p2a: Demond|1
|-damage|p2a: Demond|48/100
|-damage|p2b: Runerigus|89/100
|replace|p2a: Zoroark|Zoroark, L50, F
|-end|p2a: Zoroark|Illusion
|move|p1a: Saybai|Knock Off|p2b: Runerigus
|-supereffective|p2b: Runerigus|1
|-damage|p2b: Runerigus|60/100
|-activate|p1a: Saybai|Skill Swap|Wandering Spirit|Prankster|[of] p2b: Runerigus
|-enditem|p2b: Runerigus|Smooth Rock|[from] move: Knock Off|[of] p1a: Saybai
|move|p2b: Runerigus|Iron Defense|p2b: Runerigus
|-boost|p2b: Runerigus|def|2
|
|upkeep
|turn|3
|inactive|ESCharge has 30 seconds left.
|
|t:|1786098677
|move|p1b: Rimerio|Protect|p1b: Rimerio
|-singleturn|p1b: Rimerio|Protect
|move|p2b: Runerigus|Iron Defense|p2b: Runerigus
|-boost|p2b: Runerigus|def|2
|move|p2a: Zoroark|Snarl|p1a: Saybai|[spread] p1a
|-activate|p1b: Rimerio|move: Protect
|-damage|p1a: Saybai|38/100
|-unboost|p1a: Saybai|spa|1
|move|p1a: Saybai|Light Screen|p1a: Saybai
|-sidestart|p1: ArekkusuKage|move: Light Screen
|
|upkeep
|turn|4
|
|t:|1786098700
|move|p2a: Zoroark|Snarl|p1a: Saybai|[spread] p1a,p1b
|-supereffective|p1b: Rimerio|1
|-damage|p1a: Saybai|15/100
|-damage|p1b: Rimerio|0 fnt
|-unboost|p1a: Saybai|spa|1
|faint|p1b: Rimerio
|move|p1a: Saybai|Knock Off|p2a: Zoroark
|-resisted|p2a: Zoroark|1
|-damage|p2a: Zoroark|12/100
|-enditem|p2a: Zoroark|Wide Lens|[from] move: Knock Off|[of] p1a: Saybai
|move|p2b: Runerigus|Body Press|p1a: Saybai
|-immune|p1a: Saybai
|
|upkeep
|
|t:|1786098703
|switch|p1b: Ambaries|Abomasnow, L50, M, shiny|100/100
|-weather|Snowscape|[from] ability: Snow Warning|[of] p1b: Ambaries
|turn|5
|
|t:|1786098721
|detailschange|p1b: Ambaries|Abomasnow-Mega, L50, M, shiny
|-mega|p1b: Ambaries|Abomasnow|Abomasite
|move|p2a: Zoroark|Snarl|p1b: Ambaries|[spread] p1a,p1b
|-crit|p1b: Ambaries
|-damage|p1a: Saybai|0 fnt
|-damage|p1b: Ambaries|73/100
|-unboost|p1b: Ambaries|spa|1
|faint|p1a: Saybai
|move|p2b: Runerigus|Body Press|p1b: Ambaries
|-supereffective|p1b: Ambaries|1
|-damage|p1b: Ambaries|0 fnt
|faint|p1b: Ambaries
|
|win|ESCharge
