|j|☆zfan3o
|j|☆spicy mcchikin
|html|zfan3ospicy mcchikin    
|uhtml|bestof|Game 2 of a best-of-3
|t:|1784996756
|gametype|doubles
|player|p1|zfan3o|miku-fire|1117
|player|p2|spicy mcchikin|palmer|1144
|gen|9
|tier|[Gen 9 Champions] VGC 2026 Reg M-B (Bo3)
|rated|
|rule|Species Clause: Limit one of each Pokémon
|rule|Item Clause: Limit 1 of each item
|clearpoke
|poke|p1|Excadrill, L50, M|
|poke|p1|Tyranitar, L50, M, shiny|
|poke|p1|Sinistcha, L50|
|poke|p1|Milotic, L50, M|
|poke|p1|Gholdengo, L50|
|poke|p1|Staraptor, L50, F|
|poke|p2|Charizard, L50, M|
|poke|p2|Garchomp, L50, F|
|poke|p2|Kingambit, L50, M|
|poke|p2|Toxapex, L50, M|
|poke|p2|Whimsicott, L50, M|
|poke|p2|Basculegion, L50, M|
|teampreview|4
|showteam|p1|Excadrill||FocusSash|SandRush|HighHorsepower,Protect,RockSlide,IronHead|Adamant||M|||50|]Tyranitar||Tyranitarite|SandStream|KnockOff,LowKick,Protect,RockSlide|Adamant||M|||50|]Sinistcha||SitrusBerry|Hospitality|MatchaGotcha,RagePowder,TrickRoom,Protect|Relaxed|||||50|]Milotic||Leftovers|Competitive|Scald,IceBeam,IcyWind,Protect|Modest||M|||50|]Gholdengo||LifeOrb|GoodasGold|MakeItRain,NastyPlot,ShadowBall,Protect|Timid|||||50|]Staraptor||Staraptite|Intimidate|Tailwind,CloseCombat,BraveBird,Protect|Jolly||F|||50|
|showteam|p2|Charizard||CharizarditeY|Blaze|HeatWave,WeatherBall,SolarBeam,Protect|Modest||M|||50|]Garchomp||SitrusBerry|RoughSkin|DragonClaw,Earthquake,Protect,RockSlide|Adamant||F|||50|]Kingambit||ChopleBerry|Defiant|KowtowCleave,LowKick,SuckerPunch,Protect|Adamant||M|||50|]Toxapex||Leftovers|Regenerator|BanefulBunker,Toxic,Infestation,WideGuard|Bold||M|||50|]Whimsicott||FocusSash|Prankster|Moonblast,Encore,Tailwind,Protect|Timid||M|||50|]Basculegion||LifeOrb|Adaptability|WaveCrash,LastRespects,AquaJet,Protect|Adamant||M|||50|
|inactive|Battle timer is ON: inactive players will automatically lose when time's up. (requested by spicy mcchikin)
|inactive|zfan3o has 60 seconds left.
|inactive|spicy mcchikin has 60 seconds left.
|inactive|zfan3o has 30 seconds left.
|inactive|spicy mcchikin has 30 seconds left.
|inactive|zfan3o has 20 seconds left.
|
|t:|1784996831
|teamsize|p1|4
|teamsize|p2|4
|start
|switch|p1a: Milotic|Milotic, L50, M|100/100
|switch|p1b: Staraptor|Staraptor, L50, F|100/100
|switch|p2a: Whimsicott|Whimsicott, L50, M|100/100
|switch|p2b: Kingambit|Kingambit, L50, M|100/100
|-ability|p1b: Staraptor|Intimidate|boost
|-unboost|p2a: Whimsicott|atk|1
|-unboost|p2b: Kingambit|atk|1
|-ability|p2b: Kingambit|Defiant|boost
|-boost|p2b: Kingambit|atk|2
|turn|1
|inactive|zfan3o has 30 seconds left.
|inactive|spicy mcchikin has 30 seconds left.
|
|t:|1784996865
|move|p2a: Whimsicott|Protect|p2a: Whimsicott
|-singleturn|p2a: Whimsicott|Protect
|move|p1b: Staraptor|Tailwind|p1b: Staraptor
|-sidestart|p1: zfan3o|move: Tailwind
|move|p1a: Milotic|Scald|p2b: Kingambit
|-damage|p2b: Kingambit|70/100
|-status|p2b: Kingambit|brn
|move|p2b: Kingambit|Kowtow Cleave|p1a: Milotic
|-damage|p1a: Milotic|69/100
|
|-heal|p1a: Milotic|75/100|[from] item: Leftovers
|-damage|p2b: Kingambit|64/100 brn|[from] brn
|upkeep
|turn|2
|inactive|zfan3o has 30 seconds left.
|inactive|spicy mcchikin has 30 seconds left.
|inactive|spicy mcchikin has 20 seconds left.
|inactive|spicy mcchikin has 15 seconds left.
|
|t:|1784996911
|move|p2a: Whimsicott|Encore|p1b: Staraptor
|-start|p1b: Staraptor|Encore
|move|p1b: Staraptor|Tailwind||[still]
|-fail|p1b: Staraptor
|move|p1a: Milotic|Ice Beam|p2a: Whimsicott
|-supereffective|p2a: Whimsicott|1
|-damage|p2a: Whimsicott|15/100
|-status|p2a: Whimsicott|frz
|move|p2b: Kingambit|Kowtow Cleave|p1a: Milotic
|-damage|p1a: Milotic|44/100
|
|-heal|p1a: Milotic|50/100y|[from] item: Leftovers
|-damage|p2b: Kingambit|58/100 brn|[from] brn
|upkeep
|turn|3
|
|t:|1784996934
|switch|p1b: Excadrill|Excadrill, L50, M|100/100
|cant|p2a: Whimsicott|frz
|move|p1a: Milotic|Scald|p2b: Kingambit
|-damage|p2b: Kingambit|28/100 brn
|move|p2b: Kingambit|Low Kick|p1b: Excadrill
|-supereffective|p1b: Excadrill|1
|-crit|p1b: Excadrill
|-damage|p1b: Excadrill|29/100
|
|-heal|p1a: Milotic|55/100|[from] item: Leftovers
|-damage|p2b: Kingambit|22/100 brn|[from] brn
|upkeep
|turn|4
|inactive|spicy mcchikin has 30 seconds left.
|
|t:|1784996960
|switch|p2a: Toxapex|Toxapex, L50, M|100/100
|move|p1b: Excadrill|Protect|p1b: Excadrill
|-singleturn|p1b: Excadrill|Protect
|move|p2b: Kingambit|Protect|p2b: Kingambit
|-singleturn|p2b: Kingambit|Protect
|move|p1a: Milotic|Scald|p2b: Kingambit
|-activate|p2b: Kingambit|move: Protect
|
|-heal|p1a: Milotic|61/100|[from] item: Leftovers
|-damage|p2b: Kingambit|16/100 brn|[from] brn
|-sideend|p1: zfan3o|move: Tailwind
|upkeep
|turn|5
|inactive|zfan3o has 30 seconds left.
|inactive|spicy mcchikin has 30 seconds left.
|
|t:|1784996992
|switch|p1b: Staraptor|Staraptor, L50, F|100/100
|-ability|p1b: Staraptor|Intimidate|boost
|-unboost|p2a: Toxapex|atk|1
|-unboost|p2b: Kingambit|atk|1
|-ability|p2b: Kingambit|Defiant|boost
|-boost|p2b: Kingambit|atk|2
|move|p2b: Kingambit|Sucker Punch|p1a: Milotic
|-damage|p1a: Milotic|27/100
|move|p1a: Milotic|Scald|p2b: Kingambit
|-damage|p2b: Kingambit|0 fnt
|faint|p2b: Kingambit
|move|p2a: Toxapex|Toxic|p1b: Staraptor
|-status|p1b: Staraptor|tox
|
|-heal|p1a: Milotic|33/100|[from] item: Leftovers
|-damage|p1b: Staraptor|93/100 tox|[from] psn
|upkeep
|inactive|spicy mcchikin has 30 seconds left.
|
|t:|1784997019
|switch|p2b: Whimsicott|Whimsicott, L50, M|15/100 frz
|turn|6
|
|t:|1784997040
|-curestatus|p2b: Whimsicott|frz|[msg]
|move|p2b: Whimsicott|Protect|p2b: Whimsicott
|-singleturn|p2b: Whimsicott|Protect
|move|p1b: Staraptor|Tailwind|p1b: Staraptor
|-sidestart|p1: zfan3o|move: Tailwind
|move|p1a: Milotic|Ice Beam|p2b: Whimsicott
|-activate|p2b: Whimsicott|move: Protect
|move|p2a: Toxapex|Infestation|p1b: Staraptor
|-resisted|p1b: Staraptor|1
|-damage|p1b: Staraptor|91/100 tox
|-activate|p1b: Staraptor|move: Infestation|[of] p2a: Toxapex
|
|-heal|p1a: Milotic|39/100|[from] item: Leftovers
|-damage|p1b: Staraptor|78/100 tox|[from] psn
|-damage|p1b: Staraptor|66/100 tox|[from] move: Infestation|[partiallytrapped]
|upkeep
|turn|7
|inactive|zfan3o has 30 seconds left.
|
|t:|1784997071
|move|p1b: Staraptor|Protect|p1b: Staraptor
|-singleturn|p1b: Staraptor|Protect
|move|p2b: Whimsicott|Tailwind|p2b: Whimsicott
|-sidestart|p2: spicy mcchikin|move: Tailwind
|move|p1a: Milotic|Scald|p2b: Whimsicott
|-resisted|p2b: Whimsicott|1
|-damage|p2b: Whimsicott|0 fnt
|faint|p2b: Whimsicott
|move|p2a: Toxapex|Toxic|p1a: Milotic
|-status|p1a: Milotic|tox
|
|-heal|p1a: Milotic|45/100 tox|[from] item: Leftovers
|-damage|p1b: Staraptor|47/100 tox|[from] psn
|-damage|p1a: Milotic|39/100 tox|[from] psn
|-damage|p1b: Staraptor|35/100 tox|[from] move: Infestation|[partiallytrapped]
|upkeep
|
|t:|1784997085
|switch|p2b: Charizard|Charizard, L50, M|100/100
|turn|8
|
|t:|1784997100
|move|p2b: Charizard|Protect|p2b: Charizard
|-singleturn|p2b: Charizard|Protect
|move|p1b: Staraptor|Brave Bird|p2b: Charizard
|-activate|p2b: Charizard|move: Protect
|move|p1a: Milotic|Icy Wind|p2b: Charizard|[spread] 
|-activate|p2b: Charizard|move: Protect
|-miss|p1a: Milotic|p2a: Toxapex
|move|p2a: Toxapex|Infestation|p1a: Milotic
|-damage|p1a: Milotic|37/100 tox
|-activate|p1a: Milotic|move: Infestation|[of] p2a: Toxapex
|
|-heal|p1a: Milotic|43/100 tox|[from] item: Leftovers
|-damage|p1b: Staraptor|10/100 tox|[from] psn
|-damage|p1a: Milotic|31/100 tox|[from] psn
|-damage|p1b: Staraptor|0 fnt|[from] move: Infestation|[partiallytrapped]
|faint|p1b: Staraptor
|-damage|p1a: Milotic|18/100 tox|[from] move: Infestation|[partiallytrapped]
|upkeep
|
|t:|1784997119
|switch|p1b: BIG FELLA|Tyranitar, L50, M, shiny|100/100
|-weather|Sandstorm|[from] ability: Sand Stream|[of] p1b: BIG FELLA
|turn|9
|
|t:|1784997143
|move|p2a: Toxapex|Wide Guard|p2a: Toxapex
|-singleturn|p2a: Toxapex|Wide Guard
|move|p2b: Charizard|Heat Wave|p1a: Milotic|[spread] p1b
|-miss|p2b: Charizard|p1a: Milotic
|-resisted|p1b: BIG FELLA|1
|-damage|p1b: BIG FELLA|91/100
|move|p1a: Milotic|Icy Wind|p2b: Charizard|[spread] 
|-activate|p2a: Toxapex|move: Wide Guard
|-activate|p2b: Charizard|move: Wide Guard
|move|p1b: BIG FELLA|Rock Slide|p2a: Toxapex|[spread] 
|-activate|p2a: Toxapex|move: Wide Guard
|-activate|p2b: Charizard|move: Wide Guard
|
|-weather|Sandstorm|[upkeep]
|-damage|p2b: Charizard|94/100|[from] Sandstorm
|-damage|p1a: Milotic|12/100 tox|[from] Sandstorm
|-damage|p2a: Toxapex|94/100|[from] Sandstorm
|-heal|p1a: Milotic|18/100 tox|[from] item: Leftovers
|-heal|p2a: Toxapex|100/100|[from] item: Leftovers
|-damage|p1a: Milotic|1/100 tox|[from] psn
|-damage|p1a: Milotic|0 fnt|[from] move: Infestation|[partiallytrapped]
|faint|p1a: Milotic
|-sideend|p1: zfan3o|move: Tailwind
|upkeep
|
|t:|1784997163
|switch|p1a: Excadrill|Excadrill, L50, M|29/100
|turn|10
|inactive|zfan3o has 30 seconds left.
|inactive|spicy mcchikin has 30 seconds left.
|
|t:|1784997194
|move|p1a: Excadrill|Protect|p1a: Excadrill
|-singleturn|p1a: Excadrill|Protect
|move|p2a: Toxapex|Wide Guard|p2a: Toxapex
|-singleturn|p2a: Toxapex|Wide Guard
|move|p2b: Charizard|Heat Wave|p1a: Excadrill|[spread] p1b
|-activate|p1a: Excadrill|move: Protect
|-resisted|p1b: BIG FELLA|1
|-damage|p1b: BIG FELLA|81/100
|move|p1b: BIG FELLA|Knock Off|p2a: Toxapex
|-damage|p2a: Toxapex|63/100
|-enditem|p2a: Toxapex|Leftovers|[from] move: Knock Off|[of] p1b: BIG FELLA
|
|-weather|Sandstorm|[upkeep]
|-damage|p2b: Charizard|88/100|[from] Sandstorm
|-damage|p2a: Toxapex|57/100|[from] Sandstorm
|-sideend|p2: spicy mcchikin|move: Tailwind
|upkeep
|turn|11
|inactive|zfan3o has 30 seconds left.
|
|t:|1784997228
|detailschange|p2b: Charizard|Charizard-Mega-Y, L50, M
|-mega|p2b: Charizard|Charizard|Charizardite Y
|-weather|SunnyDay|[from] ability: Drought|[of] p2b: Charizard
|detailschange|p1b: BIG FELLA|Tyranitar-Mega, L50, M, shiny
|-mega|p1b: BIG FELLA|Tyranitar|Tyranitarite
|-weather|Sandstorm|[from] ability: Sand Stream|[of] p1b: BIG FELLA
|move|p2a: Toxapex|Wide Guard|p2a: Toxapex
|-singleturn|p2a: Toxapex|Wide Guard
|move|p1a: Excadrill|High Horsepower|p2a: Toxapex
|-supereffective|p2a: Toxapex|1
|-damage|p2a: Toxapex|0 fnt
|faint|p2a: Toxapex
|move|p2b: Charizard|Heat Wave|p1a: Excadrill|[spread] p1a,p1b
|-supereffective|p1a: Excadrill|1
|-resisted|p1b: BIG FELLA|1
|-damage|p1a: Excadrill|0 fnt
|-damage|p1b: BIG FELLA|70/100
|faint|p1a: Excadrill
|move|p1b: BIG FELLA|Knock Off|p2b: Charizard
|-damage|p2b: Charizard|46/100
|
|-weather|Sandstorm|[upkeep]
|-damage|p2b: Charizard|40/100|[from] Sandstorm
|upkeep
|turn|12
|
|t:|1784997252
|move|p2b: Charizard|Protect|p2b: Charizard
|-singleturn|p2b: Charizard|Protect
|move|p1b: BIG FELLA|Rock Slide|p2b: Charizard
|-activate|p2b: Charizard|move: Protect
|
|-weather|Sandstorm|[upkeep]
|-damage|p2b: Charizard|34/100|[from] Sandstorm
|upkeep
|turn|13
|
|t:|1784997260
|move|p2b: Charizard|Heat Wave|p1b: BIG FELLA
|-resisted|p1b: BIG FELLA|1
|-damage|p1b: BIG FELLA|56/100
|move|p1b: BIG FELLA|Rock Slide|p2b: Charizard|[miss]
|-miss|p1b: BIG FELLA|p2b: Charizard
|
|-weather|Sandstorm|[upkeep]
|-damage|p2b: Charizard|28/100|[from] Sandstorm
|upkeep
|turn|14
|
|t:|1784997271
|move|p2b: Charizard|Protect|p2b: Charizard
|-singleturn|p2b: Charizard|Protect
|move|p1b: BIG FELLA|Rock Slide|p2b: Charizard
|-activate|p2b: Charizard|move: Protect
|
|-weather|Sandstorm|[upkeep]
|-damage|p2b: Charizard|23/100|[from] Sandstorm
|upkeep
|turn|15
|
|t:|1784997279
|move|p2b: Charizard|Heat Wave|p1b: BIG FELLA
|-resisted|p1b: BIG FELLA|1
|-damage|p1b: BIG FELLA|41/100
|move|p1b: BIG FELLA|Knock Off|p2b: Charizard
|-damage|p2b: Charizard|0 fnt
|faint|p2b: Charizard
|
|win|zfan3o
||zfan3o is ready for game 3.
||spicy mcchikin is ready for game 3.
|uhtml|next|Next: Game 3 of 3
