|j|☆ruki_gazer
|j|☆eggwich69
|html|ruki_gazereggwich69    
|uhtml|bestof|Game 2 of a best-of-3
|t:|1757738036
|gametype|doubles
|player|p1|ruki_gazer|101|1158
|player|p2|eggwich69|265|1184
|gen|9
|tier|[Gen 9] VGC 2025 Reg H (Bo3)
|rated|
|rule|Species Clause: Limit one of each Pokémon
|rule|Item Clause: Limit 1 of each item
|clearpoke
|poke|p1|Sneasler, L50, F|
|poke|p1|Kingambit, L50, M|
|poke|p1|Rillaboom, L50, F|
|poke|p1|Ursaluna-Bloodmoon, L50, M|
|poke|p1|Dragonite, L50, F|
|poke|p1|Magmar, L50, M|
|poke|p2|Amoonguss, L50, F|
|poke|p2|Sneasler, L50, F|
|poke|p2|Incineroar, L50, F|
|poke|p2|Gholdengo, L50|
|poke|p2|Ursaluna-Bloodmoon, L50, M|
|poke|p2|Dragonite, L50, F|
|teampreview|4
|showteam|p1|Sneasler||GrassySeed|Unburden|DireClaw,CloseCombat,Acrobatics,Protect|||F|||50|,,,,,Flying]Kingambit||BlackGlasses|Defiant|KowtowCleave,SuckerPunch,SwordsDance,Protect|||M|||50|,,,,,Water]Rillaboom||AssaultVest|GrassySurge|DrumBeating,GrassyGlide,HighHorsepower,FakeOut|||F|||50|,,,,,Fire]Ursaluna-Bloodmoon||FocusSash|MindsEye|BloodMoon,HyperVoice,EarthPower,Protect|||M|||50|,,,,,Normal]Dragonite||LoadedDice|Multiscale|ScaleShot,Haze,Tailwind,Protect|||F|||50|,,,,,Fairy]Magmar||Eviolite|VitalSpirit|Overheat,FollowMe,WillOWisp,Protect|||M|||50|,,,,,Ghost
|showteam|p2|Amoonguss||SitrusBerry|Regenerator|Spore,SludgeBomb,RagePowder,Protect|||F|||50|,,,,,Water]Sneasler||FocusSash|PoisonTouch|CloseCombat,DireClaw,Coaching,Protect|||F|||50|,,,,,Ghost]Incineroar||SafetyGoggles|Intimidate|FakeOut,KnockOff,PartingShot,FlareBlitz|||F|||50|,,,,,Ghost]Gholdengo||LifeOrb|GoodasGold|MakeItRain,ShadowBall,Protect,NastyPlot||||||50|,,,,,Water]Ursaluna-Bloodmoon||AssaultVest|MindsEye|BloodMoon,HyperVoice,EarthPower,VacuumWave|||M|||50|,,,,,Water]Dragonite||LoadedDice|Multiscale|ScaleShot,Tailwind,Haze,Protect|||F|||50|,,,,,Fairy
|inactive|Battle timer is ON: inactive players will automatically lose when time's up. (requested by ruki_gazer)
|inactive|eggwich69 has 60 seconds left.
|
|t:|1757738109
|teamsize|p1|4
|teamsize|p2|4
|start
|switch|p1a: Ursaluna|Ursaluna-Bloodmoon, L50, M|100/100
|switch|p1b: Magmar|Magmar, L50, M|100/100
|switch|p2a: Dragonite|Dragonite, L50, F|100/100
|switch|p2b: Incineroar|Incineroar, L50, F|100/100
|-ability|p2b: Incineroar|Intimidate|boost
|-unboost|p1a: Ursaluna|atk|1
|-unboost|p1b: Magmar|atk|1
|turn|1
|
|t:|1757738134
|-terastallize|p1b: Magmar|Ghost
|move|p1a: Ursaluna|Protect|p1a: Ursaluna
|-singleturn|p1a: Ursaluna|Protect
|move|p2b: Incineroar|Fake Out|p1b: Magmar
|-immune|p1b: Magmar
|move|p1b: Magmar|Will-O-Wisp|p2a: Dragonite
|-status|p2a: Dragonite|brn
|move|p2a: Dragonite|Scale Shot|p1a: Ursaluna
|-activate|p1a: Ursaluna|move: Protect
|
|-damage|p2a: Dragonite|94/100 brn|[from] brn
|upkeep
|turn|2
|
|t:|1757738154
|move|p1b: Magmar|Follow Me|p1b: Magmar
|-singleturn|p1b: Magmar|move: Follow Me
|move|p2a: Dragonite|Tailwind|p2a: Dragonite
|-sidestart|p2: eggwich69|move: Tailwind
|move|p2b: Incineroar|Knock Off|p1b: Magmar
|-supereffective|p1b: Magmar
|-damage|p1b: Magmar|32/100
|-enditem|p1b: Magmar|Eviolite|[from] move: Knock Off|[of] p2b: Incineroar
|move|p1a: Ursaluna|Hyper Voice|p2a: Dragonite|[spread] p2a,p2b
|-damage|p2a: Dragonite|51/100 brn
|-damage|p2b: Incineroar|70/100
|
|-damage|p2a: Dragonite|45/100 brn|[from] brn
|upkeep
|turn|3
|
|t:|1757738171
|move|p1b: Magmar|Protect|p1b: Magmar
|-singleturn|p1b: Magmar|Protect
|move|p2a: Dragonite|Scale Shot|p1b: Magmar
|-activate|p1b: Magmar|move: Protect
|move|p2b: Incineroar|Knock Off|p1a: Ursaluna
|-damage|p1a: Ursaluna|69/100
|-enditem|p1a: Ursaluna|Focus Sash|[from] move: Knock Off|[of] p2b: Incineroar
|move|p1a: Ursaluna|Earth Power|p2b: Incineroar
|-supereffective|p2b: Incineroar
|-damage|p2b: Incineroar|0 fnt
|faint|p2b: Incineroar
|
|-damage|p2a: Dragonite|39/100 brn|[from] brn
|upkeep
|
|t:|1757738180
|switch|p2b: Amoonguss|Amoonguss, L50, F|100/100
|turn|4
|
|t:|1757738197
|move|p2a: Dragonite|Scale Shot|p1b: Magmar
|-damage|p1b: Magmar|23/100
|-damage|p1b: Magmar|14/100
|-damage|p1b: Magmar|4/100
|-damage|p1b: Magmar|0 fnt
|faint|p1b: Magmar
|-hitcount|p1: Magmar|4
|-unboost|p2a: Dragonite|def|1
|-boost|p2a: Dragonite|spe|1
|move|p1a: Ursaluna|Hyper Voice|p2b: Amoonguss|[spread] p2a,p2b
|-damage|p2a: Dragonite|0 fnt
|-damage|p2b: Amoonguss|66/100
|faint|p2a: Dragonite
|move|p2b: Amoonguss|Sludge Bomb|p1a: Ursaluna
|-resisted|p1a: Ursaluna
|-damage|p1a: Ursaluna|51/100
|-status|p1a: Ursaluna|psn
|
|-damage|p1a: Ursaluna|39/100 psn|[from] psn
|upkeep
|
|t:|1757738217
|switch|p1b: Rillaboom|Rillaboom, L50, F|100/100
|switch|p2a: Sneasler|Sneasler, L50, F|100/100
|-fieldstart|move: Grassy Terrain|[from] ability: Grassy Surge|[of] p1b: Rillaboom
|turn|5
|inactive|eggwich69 has 30 seconds left.
|
|t:|1757738249
|move|p2a: Sneasler|Protect|p2a: Sneasler
|-singleturn|p2a: Sneasler|Protect
|move|p2b: Amoonguss|Protect|p2b: Amoonguss
|-singleturn|p2b: Amoonguss|Protect
|move|p1b: Rillaboom|Grassy Glide|p2a: Sneasler
|-activate|p2a: Sneasler|move: Protect
|move|p1a: Ursaluna|Hyper Voice|p2a: Sneasler|[spread] 
|-activate|p2a: Sneasler|move: Protect
|-activate|p2b: Amoonguss|move: Protect
|
|-heal|p1a: Ursaluna|44/100 psn|[from] Grassy Terrain
|-heal|p2b: Amoonguss|72/100|[from] Grassy Terrain
|-damage|p1a: Ursaluna|32/100 psn|[from] psn
|-sideend|p2: eggwich69|move: Tailwind
|upkeep
|turn|6
|inactive|eggwich69 has 30 seconds left.
|
|t:|1757738276
|move|p1b: Rillaboom|Grassy Glide|p2a: Sneasler
|-resisted|p2a: Sneasler
|-damage|p2a: Sneasler|71/100
|move|p2a: Sneasler|Close Combat|p1a: Ursaluna
|-supereffective|p1a: Ursaluna
|-damage|p1a: Ursaluna|0 fnt
|-unboost|p2a: Sneasler|def|1
|-unboost|p2a: Sneasler|spd|1
|faint|p1a: Ursaluna
|move|p2b: Amoonguss|Sludge Bomb|p1b: Rillaboom
|-supereffective|p1b: Rillaboom
|-damage|p1b: Rillaboom|56/100
|
|-heal|p2a: Sneasler|77/100|[from] Grassy Terrain
|-heal|p1b: Rillaboom|63/100|[from] Grassy Terrain
|-heal|p2b: Amoonguss|78/100|[from] Grassy Terrain
|upkeep
|
|t:|1757738289
|switch|p1a: Sneasler|Sneasler, L50, F|100/100
|-enditem|p1a: Sneasler|Grassy Seed
|-boost|p1a: Sneasler|def|1|[from] item: Grassy Seed
|turn|7
|
|t:|1757738301
|-terastallize|p2b: Amoonguss|Water
|move|p1a: Sneasler|Acrobatics|p2b: Amoonguss
|-damage|p2b: Amoonguss|45/100
|-enditem|p2b: Amoonguss|Sitrus Berry|[eat]
|-heal|p2b: Amoonguss|69/100|[from] item: Sitrus Berry
|move|p2a: Sneasler|Dire Claw|p1b: Rillaboom
|-supereffective|p1b: Rillaboom
|-damage|p1b: Rillaboom|0 fnt
|faint|p1b: Rillaboom
|move|p2b: Amoonguss|Spore|p1a: Sneasler
|-status|p1a: Sneasler|slp|[from] move: Spore
|
|-heal|p2a: Sneasler|83/100|[from] Grassy Terrain
|-heal|p2b: Amoonguss|75/100|[from] Grassy Terrain
|upkeep
|turn|8
|
|t:|1757738319
|cant|p1a: Sneasler|slp
|move|p2a: Sneasler|Close Combat|p1a: Sneasler
|-resisted|p1a: Sneasler
|-damage|p1a: Sneasler|62/100 slp
|-unboost|p2a: Sneasler|def|1
|-unboost|p2a: Sneasler|spd|1
|move|p2b: Amoonguss|Sludge Bomb|p1a: Sneasler
|-resisted|p1a: Sneasler
|-crit|p1a: Sneasler
|-damage|p1a: Sneasler|31/100 slp
|
|-heal|p1a: Sneasler|37/100 slp|[from] Grassy Terrain
|-heal|p2a: Sneasler|89/100|[from] Grassy Terrain
|-heal|p2b: Amoonguss|81/100|[from] Grassy Terrain
|upkeep
|turn|9
|
|t:|1757738332
|move|p2b: Amoonguss|Rage Powder|p2b: Amoonguss
|-singleturn|p2b: Amoonguss|move: Rage Powder
|cant|p1a: Sneasler|slp
|move|p2a: Sneasler|Close Combat|p1a: Sneasler
|-resisted|p1a: Sneasler
|-damage|p1a: Sneasler|2/100 slp
|-unboost|p2a: Sneasler|def|1
|-unboost|p2a: Sneasler|spd|1
|
|-heal|p1a: Sneasler|8/100 slp|[from] Grassy Terrain
|-heal|p2a: Sneasler|95/100|[from] Grassy Terrain
|-heal|p2b: Amoonguss|87/100|[from] Grassy Terrain
|-fieldend|move: Grassy Terrain
|upkeep
|turn|10
|-message|ruki_gazer forfeited.
|
|win|eggwich69
||ruki_gazer is ready for game 3.
||eggwich69 is ready for game 3.
|uhtml|next|Next: Game 3 of 3
