|j|☆indianpro#2011
|j|‽Juaner95
|html|indianpro#2011Juaner95    
|uhtml|bestof|Game 1 of a best-of-3
|t:|1785384524
|gametype|doubles
|player|p1|indianpro#2011|lucas|1019
|player|p2|Juaner95|ash-hoenn|1044
|gen|9
|tier|[Gen 9 Champions] VGC 2026 Reg M-B (Bo3)
|rated|
|rule|Species Clause: Limit one of each Pokémon
|rule|Item Clause: Limit 1 of each item
|clearpoke
|poke|p1|Tyranitar, L50, F|
|poke|p1|Mawile, L50, M|
|poke|p1|Grimmsnarl, L50, M|
|poke|p1|Farigiraf, L50, F|
|poke|p1|Crabominable, L50, M|
|poke|p1|Aegislash, L50, M|
|poke|p2|Eelektross, L50, M|
|poke|p2|Ninetales-Alola, L50, F, shiny|
|poke|p2|Talonflame, L50, M|
|poke|p2|Garchomp, L50, M|
|poke|p2|Incineroar, L50, M, shiny|
|poke|p2|Kingambit, L50, M|
|teampreview|4
|showteam|p1|Tyranitar||FocusSash|SandStream|RockSlide,KnockOff,Superpower,Protect|Brave||F|||50|]Mawile||Mawilite|HyperCutter|IronHead,PlayRough,SuckerPunch,Protect|Brave||M|||50|]Grimmsnarl||LightClay|Prankster|Reflect,LightScreen,FakeOut,SpiritBreak|Adamant||M|||50|]Farigiraf||ColburBerry|ArmorTail|TrickRoom,TwinBeam,HelpingHand,Protect|Modest||F|||50|]Crabominable||Crabominite|HyperCutter|IceHammer,DrainPunch,WideGuard,Protect|Brave||M|||50|]Aegislash||LifeOrb|StanceChange|IronHead,SacredSword,ShadowClaw,KingsShield|Adamant||M|||50|
|showteam|p2|Eelektross||Eelektrossite|Levitate|SupercellSlam,DrainPunch,Coil,Protect|Adamant||M|||50|]Ninetales-Alola||ChoiceScarf|SnowWarning|Blizzard,FreezeDry,IcyWind,Moonblast|Modest||F|||50|]Talonflame||SharpBeak|GaleWings|BraveBird,FlareBlitz,Tailwind,Protect|Jolly||M|||50|]Garchomp||LifeOrb|RoughSkin|RockSlide,Earthquake,DragonClaw,Protect|Jolly||M|||50|]Incineroar||SitrusBerry|Intimidate|FlareBlitz,ThroatChop,PartingShot,FakeOut|Careful||M|||50|]Kingambit||FocusSash|Defiant|KowtowCleave,SuckerPunch,LowKick,Protect|Adamant||M|||50|
|inactive|Battle timer is ON: inactive players will automatically lose when time's up. (requested by indianpro#2011)
|inactive|Juaner95 has 60 seconds left.
|inactive|Juaner95 has 30 seconds left.
|inactive|Juaner95 has 20 seconds left.
|
|t:|1785384667
|teamsize|p1|4
|teamsize|p2|4
|start
|switch|p1a: Farigiraf|Farigiraf, L50, F|100/100
|switch|p1b: Grimmsnarl|Grimmsnarl, L50, M|100/100
|switch|p2a: Incineroar|Incineroar, L50, M, shiny|100/100
|switch|p2b: Talonflame|Talonflame, L50, M|100/100
|-ability|p2a: Incineroar|Intimidate|boost
|-unboost|p1a: Farigiraf|atk|1
|-unboost|p1b: Grimmsnarl|atk|1
|turn|1
|inactive|Juaner95 has 30 seconds left.
|
|t:|1785384702
|switch|p2b: Eelektross|Eelektross, L50, M|100/100
|move|p1b: Grimmsnarl|Fake Out|p2b: Eelektross
|-damage|p2b: Eelektross|89/100
|move|p2a: Incineroar|Throat Chop|p1a: Farigiraf
|-supereffective|p1a: Farigiraf|1
|-enditem|p1a: Farigiraf|Colbur Berry|[eat]
|-enditem|p1a: Farigiraf|Colbur Berry|[weaken]
|-damage|p1a: Farigiraf|69/100
|-start|p1a: Farigiraf|Throat Chop|[silent]
|move|p1a: Farigiraf|Trick Room|p1a: Farigiraf
|-fieldstart|move: Trick Room|[of] p1a: Farigiraf
|
|upkeep
|turn|2
|inactive|indianpro#2011 has 30 seconds left.
|
|t:|1785384733
|switch|p1a: Crabominable|Crabominable, L50, M|100/100
|move|p2b: Eelektross|Protect|p2b: Eelektross
|-singleturn|p2b: Eelektross|Protect
|move|p1b: Grimmsnarl|Light Screen|p1b: Grimmsnarl
|-sidestart|p1: indianpro#2011|move: Light Screen
|move|p2a: Incineroar|Throat Chop|p1a: Crabominable
|-resisted|p1a: Crabominable|1
|-damage|p1a: Crabominable|83/100
|-start|p1a: Crabominable|Throat Chop|[silent]
|
|upkeep
|turn|3
|inactive|indianpro#2011 has 30 seconds left.
|
|t:|1785384760
|detailschange|p1a: Crabominable|Crabominable-Mega, L50, M
|-mega|p1a: Crabominable|Crabominable|Crabominite
|detailschange|p2b: Eelektross|Eelektross-Mega, L50, M
|-mega|p2b: Eelektross|Eelektross|Eelektrossite
|move|p1b: Grimmsnarl|Reflect|p1b: Grimmsnarl
|-sidestart|p1: indianpro#2011|Reflect
|move|p1a: Crabominable|Drain Punch|p2a: Incineroar
|-supereffective|p2a: Incineroar|1
|-damage|p2a: Incineroar|0 fnt
|-heal|p1a: Crabominable|100/100|[from] drain|[of] p2a: Incineroar
|faint|p2a: Incineroar
|move|p2b: Eelektross|Coil|p2b: Eelektross
|-boost|p2b: Eelektross|atk|1
|-boost|p2b: Eelektross|def|1
|-boost|p2b: Eelektross|accuracy|1
|
|-end|p1a: Crabominable|Throat Chop|[silent]
|upkeep
|
|t:|1785384773
|switch|p2a: Talonflame|Talonflame, L50, M|100/100
|turn|4
|
|t:|1785384784
|move|p1a: Crabominable|Protect|p1a: Crabominable
|-singleturn|p1a: Crabominable|Protect
|move|p2a: Talonflame|Brave Bird|p1a: Crabominable
|-activate|p1a: Crabominable|move: Protect
|move|p1b: Grimmsnarl|Spirit Break|p2a: Talonflame
|-resisted|p2a: Talonflame|1
|-damage|p2a: Talonflame|80/100
|-unboost|p2a: Talonflame|spa|1
|move|p2b: Eelektross|Drain Punch|p1a: Crabominable
|-activate|p1a: Crabominable|move: Protect
|
|upkeep
|turn|5
|inactive|indianpro#2011 has 30 seconds left.
|inactive|indianpro#2011 has 20 seconds left.
|
|t:|1785384820
|move|p2b: Eelektross|Protect|p2b: Eelektross
|-singleturn|p2b: Eelektross|Protect
|move|p2a: Talonflame|Protect|p2a: Talonflame
|-singleturn|p2a: Talonflame|Protect
|move|p1a: Crabominable|Ice Hammer|p2b: Eelektross
|-activate|p2b: Eelektross|move: Protect
|move|p1b: Grimmsnarl|Spirit Break|p2b: Eelektross
|-activate|p2b: Eelektross|move: Protect
|
|-fieldend|move: Trick Room
|upkeep
|turn|6
|inactive|indianpro#2011 has 30 seconds left.
|
|t:|1785384845
|move|p1a: Crabominable|Protect|p1a: Crabominable
|-singleturn|p1a: Crabominable|Protect
|move|p2a: Talonflame|Brave Bird|p1a: Crabominable
|-activate|p1a: Crabominable|move: Protect
|move|p2b: Eelektross|Drain Punch|p1a: Crabominable
|-activate|p1a: Crabominable|move: Protect
|move|p1b: Grimmsnarl|Spirit Break|p2b: Eelektross
|-damage|p2b: Eelektross|68/100
|-unboost|p2b: Eelektross|spa|1
|
|upkeep
|turn|7
|
|t:|1785384863
|switch|p1a: Farigiraf|Farigiraf, L50, F|69/100
|move|p2a: Talonflame|Brave Bird|p1a: Farigiraf
|-damage|p1a: Farigiraf|29/100
|-damage|p2a: Talonflame|61/100|[from] Recoil
|move|p2b: Eelektross|Drain Punch|p1a: Farigiraf
|-damage|p1a: Farigiraf|0 fnt
|-heal|p2b: Eelektross|86/100|[from] drain|[of] p1a: Farigiraf
|faint|p1a: Farigiraf
|-ability|p2b: Eelektross|Eelevate|boost
|-boost|p2b: Eelektross|atk|1
|move|p1b: Grimmsnarl|Spirit Break|p2b: Eelektross
|-damage|p2b: Eelektross|67/100
|-unboost|p2b: Eelektross|spa|1
|
|upkeep
|inactive|indianpro#2011 has 30 seconds left.
|
|t:|1785384891
|switch|p1a: Crabominable|Crabominable-Mega, L50, M|100/100
|turn|8
|
|t:|1785384905
|move|p1a: Crabominable|Protect|p1a: Crabominable
|-singleturn|p1a: Crabominable|Protect
|move|p2a: Talonflame|Brave Bird|p1a: Crabominable
|-activate|p1a: Crabominable|move: Protect
|move|p2b: Eelektross|Drain Punch|p1a: Crabominable
|-activate|p1a: Crabominable|move: Protect
|move|p1b: Grimmsnarl|Spirit Break|p2a: Talonflame
|-resisted|p2a: Talonflame|1
|-damage|p2a: Talonflame|40/100
|-unboost|p2a: Talonflame|spa|1
|
|upkeep
|turn|9
|inactive|indianpro#2011 has 30 seconds left.
|
|t:|1785384931
|move|p2a: Talonflame|Brave Bird|p1a: Crabominable
|-supereffective|p1a: Crabominable|1
|-damage|p1a: Crabominable|44/100
|-damage|p2a: Talonflame|16/100|[from] Recoil
|move|p2b: Eelektross|Drain Punch|p1a: Crabominable
|-supereffective|p1a: Crabominable|1
|-damage|p1a: Crabominable|0 fnt
|-heal|p2b: Eelektross|91/100|[from] drain|[of] p1a: Crabominable
|faint|p1a: Crabominable
|-ability|p2b: Eelektross|Eelevate|boost
|-boost|p2b: Eelektross|atk|1
|move|p1b: Grimmsnarl|Spirit Break|p2a: Talonflame
|-resisted|p2a: Talonflame|1
|-damage|p2a: Talonflame|0 fnt
|faint|p2a: Talonflame
|
|-sideend|p1: indianpro#2011|move: Light Screen
|upkeep
|
|t:|1785384950
|switch|p2a: Ninetales|Ninetales-Alola, L50, F, shiny|100/100
|switch|p1a: Tyranitar|Tyranitar, L50, F|100/100
|-weather|Snowscape|[from] ability: Snow Warning|[of] p2a: Ninetales
|-weather|Sandstorm|[from] ability: Sand Stream|[of] p1a: Tyranitar
|turn|10
|
|t:|1785384973
|move|p2a: Ninetales|Moonblast|p1b: Grimmsnarl
|-supereffective|p1b: Grimmsnarl|1
|-damage|p1b: Grimmsnarl|9/100
|move|p2b: Eelektross|Drain Punch|p1a: Tyranitar
|-supereffective|p1a: Tyranitar|2
|-enditem|p1a: Tyranitar|Focus Sash
|-damage|p1a: Tyranitar|1/100
|-heal|p2b: Eelektross|100/100|[from] drain|[of] p1a: Tyranitar
|move|p1b: Grimmsnarl|Spirit Break|p2b: Eelektross
|-damage|p2b: Eelektross|80/100
|-unboost|p2b: Eelektross|spa|1
|move|p1a: Tyranitar|Knock Off|p2b: Eelektross
|-damage|p2b: Eelektross|56/100
|
|-weather|Sandstorm|[upkeep]
|-damage|p2a: Ninetales|94/100|[from] Sandstorm
|-damage|p2b: Eelektross|50/100g|[from] Sandstorm
|-damage|p1b: Grimmsnarl|3/100|[from] Sandstorm
|-sideend|p1: indianpro#2011|Reflect
|upkeep
|turn|11
|inactive|Juaner95 has 30 seconds left.
|
|t:|1785385000
|move|p2a: Ninetales|Moonblast|p1a: Tyranitar
|-supereffective|p1a: Tyranitar|1
|-damage|p1a: Tyranitar|0 fnt
|faint|p1a: Tyranitar
|move|p2b: Eelektross|Supercell Slam|p1b: Grimmsnarl
|-damage|p1b: Grimmsnarl|0 fnt
|faint|p1b: Grimmsnarl
|
|win|Juaner95
|inactive|indianpro#2011 has 30 seconds to confirm battle start!
|inactive|Juaner95 has 30 seconds to confirm battle start!
||indianpro#2011 is ready for game 2.
|inactive|Juaner95 has 20 seconds to confirm battle start!
|inactive|Juaner95 has 10 seconds to confirm battle start!
|uhtml|next|Next: Game 2 of 3
