|j|☆Jasondddd
|j|☆Sazandoramx
|html|JasonddddSazandoramx    
|uhtml|bestof|Game 3 of a best-of-3
|t:|1755496494
|gametype|doubles
|player|p1|Jasondddd|265|1195
|player|p2|Sazandoramx|169|1239
|gen|9
|tier|[Gen 9] VGC 2025 Reg H (Bo3)
|rated|
|rule|Species Clause: Limit one of each Pokémon
|rule|Item Clause: Limit 1 of each item
|clearpoke
|poke|p1|Volcarona, L50, F|
|poke|p1|Electabuzz, L50, M|
|poke|p1|Kingambit, L50, M|
|poke|p1|Sneasler, L50, F|
|poke|p1|Rillaboom, L50, M|
|poke|p1|Basculegion, L50, M|
|poke|p2|Armarouge, L50, M|
|poke|p2|Ursaluna, L50, M|
|poke|p2|Indeedee-F, L50, F|
|poke|p2|Annihilape, L50, M|
|poke|p2|Hatterene, L50, F|
|poke|p2|Torkoal, L50, M|
|teampreview|4
|showteam|p1|Volcarona||CovertCloak|FlameBody|Protect,QuiverDance,HeatWave,TeraBlast|||F|||50|,,,,,Fairy]Electabuzz||Eviolite|VitalSpirit|Protect,Thunderbolt,Taunt,FollowMe|||M|||50|,,,,,Dragon]Kingambit||SafetyGoggles|Defiant|Protect,SwordsDance,SuckerPunch,KowtowCleave|||M|||50|,,,,,Dark]Sneasler||FocusSash|Unburden|FakeOut,DireClaw,Protect,CloseCombat|||F|||50|,,,,,Ghost]Rillaboom||AssaultVest|GrassySurge|FakeOut,GrassyGlide,WoodHammer,Uturn|||M|||50|,,,,,Fire]Basculegion||ChoiceScarf|Adaptability|FlipTurn,AquaJet,LastRespects,WaveCrash|||M|||50|,,,,,Fairy
|showteam|p2|Armarouge||PowerHerb|FlashFire|ArmorCannon,ExpandingForce,MeteorBeam,TrickRoom|||M|||50|,,,,,Grass]Ursaluna||FlameOrb|Guts|Facade,HeadlongRush,Substitute,Protect|||M|||50|,,,,,Ghost]Indeedee-F||RockyHelmet|PsychicSurge|Psychic,FollowMe,TrickRoom,HelpingHand|||F|||50|,,,,,Grass]Annihilape||ChoiceScarf|Defiant|CloseCombat,ShadowClaw,FinalGambit,Uturn|||M|||50|,,,,,Stellar]Hatterene||LifeOrb|MagicBounce|ExpandingForce,DazzlingGleam,TrickRoom,Protect|||F|||50|,,,,,Water]Torkoal||ChoiceSpecs|Drought|Eruption,EarthPower,WeatherBall,HeatWave|||M|||50|,,,,,Fire
|inactive|Battle timer is ON: inactive players will automatically lose when time's up. (requested by Jasondddd)
|
|t:|1755496554
|teamsize|p1|4
|teamsize|p2|4
|start
|switch|p1a: Volcarona|Volcarona, L50, F|100/100
|switch|p1b: Basculegion|Basculegion, L50, M|100/100
|switch|p2a: Armarouge|Armarouge, L50, M|100/100
|switch|p2b: Annihilape|Annihilape, L50, M|100/100
|turn|1
|inactive|Jasondddd has 30 seconds left.
|inactive|Sazandoramx has 30 seconds left.
|inactive|Jasondddd has 20 seconds left.
|inactive|Sazandoramx has 20 seconds left.
|inactive|Jasondddd has 15 seconds left.
|inactive|Sazandoramx has 15 seconds left.
|inactive|Jasondddd has 10 seconds left.
|inactive|Sazandoramx has 10 seconds left.
|inactive|Jasondddd has 5 seconds left.
|inactive|Sazandoramx has 5 seconds left.
|
|t:|1755496606
|-terastallize|p1a: Volcarona|Fairy
|-terastallize|p2a: Armarouge|Grass
|move|p1b: Basculegion|Flip Turn|p2b: Annihilape
|-damage|p2b: Annihilape|58/100
|
|t:|1755496614
|switch|p1b: Electabuzz|Electabuzz, L50, M|100/100|[from] Flip Turn
|move|p2b: Annihilape|U-turn|p1b: Electabuzz
|-damage|p1b: Electabuzz|79/100
|
|t:|1755496622
|switch|p2b: Indeedee|Indeedee-F, L50, F|100/100|[from] U-turn
|-fieldstart|move: Psychic Terrain|[from] ability: Psychic Surge|[of] p2b: Indeedee
|move|p1a: Volcarona|Quiver Dance|p1a: Volcarona
|-boost|p1a: Volcarona|spa|1
|-boost|p1a: Volcarona|spd|1
|-boost|p1a: Volcarona|spe|1
|move|p2a: Armarouge|Meteor Beam||[still]
|-prepare|p2a: Armarouge|Meteor Beam
|-boost|p2a: Armarouge|spa|1
|-enditem|p2a: Armarouge|Power Herb
|-anim|p2a: Armarouge|Meteor Beam|p1a: Volcarona|[miss]
|-miss|p2a: Armarouge|p1a: Volcarona
|
|upkeep
|turn|2
|inactive|Sazandoramx has 30 seconds left.
|inactive|Sazandoramx has 20 seconds left.
|
|t:|1755496658
|move|p2b: Indeedee|Helping Hand|p2a: Armarouge
|-singleturn|p2a: Armarouge|Helping Hand|[of] p2b: Indeedee
|move|p1a: Volcarona|Quiver Dance|p1a: Volcarona
|-boost|p1a: Volcarona|spa|1
|-boost|p1a: Volcarona|spd|1
|-boost|p1a: Volcarona|spe|1
|move|p1b: Electabuzz|Taunt|p2b: Indeedee
|-start|p2b: Indeedee|move: Taunt
|move|p2a: Armarouge|Expanding Force|p1a: Volcarona|[spread] p1a,p1b
|-damage|p1a: Volcarona|28/100
|-damage|p1b: Electabuzz|0 fnt
|faint|p1b: Electabuzz
|
|upkeep
|
|t:|1755496676
|switch|p1b: Rillaboom|Rillaboom, L50, M|100/100
|-fieldstart|move: Grassy Terrain|[from] ability: Grassy Surge|[of] p1b: Rillaboom
|turn|3
|inactive|Sazandoramx has 30 seconds left.
|inactive|Sazandoramx has 20 seconds left.
|inactive|Sazandoramx has 15 seconds left.
|
|t:|1755496716
|switch|p2a: Annihilape|Annihilape, L50, M|58/100
|switch|p2b: Torkoal|Torkoal, L50, M|100/100
|-weather|SunnyDay|[from] ability: Drought|[of] p2b: Torkoal
|move|p1b: Rillaboom|Fake Out|p2a: Annihilape
|-immune|p2a: Annihilape
|move|p1a: Volcarona|Tera Blast|p2a: Annihilape|[anim] Tera Blast Fairy
|-supereffective|p2a: Annihilape
|-damage|p2a: Annihilape|0 fnt
|faint|p2a: Annihilape
|
|-weather|SunnyDay|[upkeep]
|-heal|p1a: Volcarona|34/100|[from] Grassy Terrain
|upkeep
|
|t:|1755496735
|switch|p2a: Armarouge|Armarouge, L50, M, tera:Grass|100/100
|turn|4
|inactive|Sazandoramx has 30 seconds left.
|
|t:|1755496763
|move|p1a: Volcarona|Tera Blast|p2a: Armarouge|[anim] Tera Blast Fairy
|-damage|p2a: Armarouge|0 fnt
|faint|p2a: Armarouge
|move|p1b: Rillaboom|U-turn|p2b: Torkoal
|-resisted|p2b: Torkoal
|-damage|p2b: Torkoal|90/100
|
|t:|1755496770
|switch|p1b: Basculegion|Basculegion, L50, M|100/100|[from] U-turn
|move|p2b: Torkoal|Eruption|p1b: Basculegion|[spread] p1a,p1b
|-resisted|p1b: Basculegion
|-damage|p1a: Volcarona|0 fnt
|-damage|p1b: Basculegion|49/100
|faint|p1a: Volcarona
|
|-weather|SunnyDay|[upkeep]
|-heal|p1b: Basculegion|55/100|[from] Grassy Terrain
|-heal|p2b: Torkoal|97/100|[from] Grassy Terrain
|upkeep
|
|t:|1755496782
|switch|p1a: Rillaboom|Rillaboom, L50, M|100/100
|switch|p2a: Indeedee|Indeedee-F, L50, F|100/100
|-fieldstart|move: Psychic Terrain|[from] ability: Psychic Surge|[of] p2a: Indeedee
|turn|5
|
|t:|1755496799
|move|p2a: Indeedee|Follow Me|p2a: Indeedee
|-singleturn|p2a: Indeedee|move: Follow Me
|move|p1b: Basculegion|Wave Crash|p2a: Indeedee
|-damage|p2a: Indeedee|60/100
|-damage|p1b: Basculegion|38/100|[from] item: Rocky Helmet|[of] p2a: Indeedee
|-damage|p1b: Basculegion|26/100|[from] Recoil
|move|p1a: Rillaboom|Wood Hammer|p2a: Indeedee
|-damage|p2a: Indeedee|6/100
|-damage|p1a: Rillaboom|84/100|[from] item: Rocky Helmet|[of] p2a: Indeedee
|-damage|p1a: Rillaboom|69/100|[from] Recoil
|move|p2b: Torkoal|Eruption|p1a: Rillaboom|[spread] p1a,p1b
|-supereffective|p1a: Rillaboom
|-resisted|p1b: Basculegion
|-damage|p1a: Rillaboom|0 fnt
|-damage|p1b: Basculegion|0 fnt
|faint|p1a: Rillaboom
|faint|p1b: Basculegion
|
|win|Sazandoramx
|raw|Jasondddd's rating: 1195 → 1173(-22 for losing)
|raw|Sazandoramx's rating: 1239 → 1261(+22 for winning)
|c|☆Jasondddd|Gg
|l|☆Sazandoramx
|player|p2|
