|j|☆3-4 worlds
|j|☆sanguis de atun
|html|3-4 worldssanguis de atun    
|uhtml|bestof|Game 3 of a best-of-3
|t:|1785201563
|gametype|doubles
|player|p1|3-4 worlds|emma|1158
|player|p2|sanguis de atun|170|1079
|gen|9
|tier|[Gen 9 Champions] VGC 2026 Reg M-B (Bo3)
|rated|
|rule|Species Clause: Limit one of each Pokémon
|rule|Item Clause: Limit 1 of each item
|clearpoke
|poke|p1|Charizard, L50, F|
|poke|p1|Glimmora, L50, M|
|poke|p1|Ninetales-Alola, L50, M|
|poke|p1|Sylveon, L50, M|
|poke|p1|Kingambit, L50, F|
|poke|p1|Whimsicott, L50, F|
|poke|p2|Mamoswine, L50, F|
|poke|p2|Ninetales-Alola, L50, F|
|poke|p2|Incineroar, L50, F|
|poke|p2|Kingambit, L50, F|
|poke|p2|Glimmora, L50, F|
|poke|p2|Venusaur, L50, F|
|teampreview|4
|showteam|p1|Charizard||CharizarditeY|Blaze|HeatWave,WeatherBall,SolarBeam,Protect|Modest||F|||50|]Glimmora||Glimmoranite|ToxicDebris|SludgeBomb,PowerGem,EarthPower,SpikyShield|Modest||M|||50|]Ninetales-Alola||NeverMeltIce|SnowWarning|Blizzard,FreezeDry,Disable,Protect|Timid||M|||50|]Sylveon||FairyFeather|Pixilate|HyperVoice,HyperBeam,QuickAttack,Detect|Modest||M|||50|]Kingambit||BlackGlasses|Defiant|KowtowCleave,IronHead,SuckerPunch,Protect|Adamant||F|||50|]Whimsicott||FocusSash|Prankster|Moonblast,Tailwind,Encore,Protect|Timid||F|||50|
|showteam|p2|Mamoswine||LifeOrb|Oblivious|IceShard,IcicleCrash,Earthquake,Protect|Jolly||F|||50|]Ninetales-Alola||LightClay|SnowWarning|AuroraVeil,Blizzard,Moonblast,IcyWind|Timid||F|||50|]Incineroar||SitrusBerry|Intimidate|PartingShot,FakeOut,FlareBlitz,DarkestLariat|Adamant||F|||50|]Kingambit||FocusSash|Defiant|IronHead,KowtowCleave,Protect,SuckerPunch|Brave||F|||50|]Glimmora||Glimmoranite|ToxicDebris|SludgeBomb,PowerGem,SpikyShield,EarthPower|Timid||F|||50|]Venusaur||Venusaurite|Chlorophyll|LeechSeed,Protect,GigaDrain,SludgeBomb|Modest||F|||50|
|inactive|Battle timer is ON: inactive players will automatically lose when time's up. (requested by 3-4 worlds)
|
|t:|1785201577
|teamsize|p1|4
|teamsize|p2|4
|start
|switch|p1a: Whimsicott|Whimsicott, L50, F|100/100
|switch|p1b: Glimmora|Glimmora, L50, M|100/100
|switch|p2a: Ninetales|Ninetales-Alola, L50, F|100/100
|switch|p2b: Incineroar|Incineroar, L50, F|100/100
|-weather|Snowscape|[from] ability: Snow Warning|[of] p2a: Ninetales
|-ability|p2b: Incineroar|Intimidate|boost
|-unboost|p1a: Whimsicott|atk|1
|-unboost|p1b: Glimmora|atk|1
|turn|1
|
|t:|1785201589
|move|p1a: Whimsicott|Protect|p1a: Whimsicott
|-singleturn|p1a: Whimsicott|Protect
|move|p1b: Glimmora|Spiky Shield|p1b: Glimmora
|-singleturn|p1b: Glimmora|move: Protect
|move|p2b: Incineroar|Fake Out|p1b: Glimmora
|-activate|p1b: Glimmora|move: Protect
|-damage|p2b: Incineroar|87/100|[from] Spiky Shield|[of] p1b: Glimmora
|move|p2a: Ninetales|Aurora Veil|p2a: Ninetales
|-sidestart|p2: sanguis de atun|move: Aurora Veil
|
|-weather|Snowscape|[upkeep]
|upkeep
|turn|2
|
|t:|1785201606
|detailschange|p1b: Glimmora|Glimmora-Mega, L50, M
|-mega|p1b: Glimmora|Glimmora|Glimmoranite
|move|p1a: Whimsicott|Encore|p2a: Ninetales
|-start|p2a: Ninetales|Encore
|move|p2a: Ninetales|Aurora Veil||[still]
|-fail|p2a: Ninetales
|move|p1b: Glimmora|Earth Power|p2b: Incineroar
|-supereffective|p2b: Incineroar|1
|-damage|p2b: Incineroar|47/100
|-enditem|p2b: Incineroar|Sitrus Berry|[eat]
|-heal|p2b: Incineroar|72/100|[from] item: Sitrus Berry
|move|p2b: Incineroar|Parting Shot|p1b: Glimmora
|-unboost|p1b: Glimmora|atk|1
|-unboost|p1b: Glimmora|spa|1
|
|t:|1785201623
|switch|p2b: Mamoswine|Mamoswine, L50, F|100/100|[from] Parting Shot
|
|-weather|Snowscape|[upkeep]
|upkeep
|turn|3
|
|t:|1785201634
|switch|p2a: Incineroar|Incineroar, L50, F|72/100
|-ability|p2a: Incineroar|Intimidate|boost
|-unboost|p1a: Whimsicott|atk|1
|-unboost|p1b: Glimmora|atk|1
|switch|p1b: Sylveon|Sylveon, L50, M|100/100
|move|p1a: Whimsicott|Tailwind|p1a: Whimsicott
|-sidestart|p1: 3-4 worlds|move: Tailwind
|move|p2b: Mamoswine|Icicle Crash|p1a: Whimsicott
|-supereffective|p1a: Whimsicott|1
|-enditem|p1a: Whimsicott|Focus Sash
|-damage|p1a: Whimsicott|1/100
|-damage|p2b: Mamoswine|90/100|[from] item: Life Orb
|
|-weather|Snowscape|[upkeep]
|upkeep
|turn|4
|
|t:|1785201652
|move|p1a: Whimsicott|Protect|p1a: Whimsicott
|-singleturn|p1a: Whimsicott|Protect
|move|p2a: Incineroar|Fake Out|p1b: Sylveon
|-damage|p1b: Sylveon|83/100
|move|p2b: Mamoswine|Ice Shard|p1a: Whimsicott
|-activate|p1a: Whimsicott|move: Protect
|cant|p1b: Sylveon|flinch
|
|-weather|Snowscape|[upkeep]
|upkeep
|turn|5
|
|t:|1785201666
|switch|p1a: Ninetales|Ninetales-Alola, L50, M|100/100
|move|p2b: Mamoswine|Protect|p2b: Mamoswine
|-singleturn|p2b: Mamoswine|Protect
|move|p1b: Sylveon|Hyper Voice|p2a: Incineroar|[spread] p2a
|-activate|p2b: Mamoswine|move: Protect
|-damage|p2a: Incineroar|43/100
|move|p2a: Incineroar|Parting Shot|p1b: Sylveon
|-unboost|p1b: Sylveon|atk|1
|-unboost|p1b: Sylveon|spa|1
|
|t:|1785201676
|switch|p2a: Glimmora|Glimmora, L50, F|100/100|[from] Parting Shot
|
|-weather|none
|upkeep
|turn|6
|
|t:|1785201689
|move|p2a: Glimmora|Spiky Shield|p2a: Glimmora
|-singleturn|p2a: Glimmora|move: Protect
|move|p1a: Ninetales|Blizzard|p2b: Mamoswine|[spread] 
|-activate|p2a: Glimmora|move: Protect
|-miss|p1a: Ninetales|p2b: Mamoswine
|move|p1b: Sylveon|Hyper Voice|p2a: Glimmora|[spread] p2b
|-activate|p2a: Glimmora|move: Protect
|-damage|p2b: Mamoswine|56/100
|move|p2b: Mamoswine|Icicle Crash|p1b: Sylveon
|-damage|p1b: Sylveon|17/100
|-damage|p2b: Mamoswine|47/100|[from] item: Life Orb
|
|-sideend|p1: 3-4 worlds|move: Tailwind
|upkeep
|turn|7
|
|t:|1785201707
|detailschange|p2a: Glimmora|Glimmora-Mega, L50, F
|-mega|p2a: Glimmora|Glimmora|Glimmoranite
|move|p2b: Mamoswine|Ice Shard|p1b: Sylveon
|-damage|p1b: Sylveon|0 fnt
|faint|p1b: Sylveon
|-damage|p2b: Mamoswine|37/100|[from] item: Life Orb
|move|p1a: Ninetales|Disable|p2b: Mamoswine
|-start|p2b: Mamoswine|Disable|Ice Shard
|move|p2a: Glimmora|Sludge Bomb|p1a: Ninetales
|-supereffective|p1a: Ninetales|1
|-damage|p1a: Ninetales|0 fnt
|faint|p1a: Ninetales
|
|upkeep
|
|t:|1785201717
|switch|p1a: Whimsicott|Whimsicott, L50, F|1/100
|switch|p1b: Glimmora|Glimmora-Mega, L50, M|100/100
|turn|8
|
|t:|1785201742
|switch|p2b: Ninetales|Ninetales-Alola, L50, F|100/100
|-weather|Snowscape|[from] ability: Snow Warning|[of] p2b: Ninetales
|move|p2a: Glimmora|Spiky Shield|p2a: Glimmora
|-singleturn|p2a: Glimmora|move: Protect
|move|p1a: Whimsicott|Tailwind|p1a: Whimsicott
|-sidestart|p1: 3-4 worlds|move: Tailwind
|move|p1b: Glimmora|Power Gem|p2b: Ninetales
|-supereffective|p2b: Ninetales|1
|-damage|p2b: Ninetales|0 fnt
|faint|p2b: Ninetales
|
|-weather|Snowscape|[upkeep]
|-sideend|p2: sanguis de atun|move: Aurora Veil
|upkeep
|
|t:|1785201756
|switch|p2b: Incineroar|Incineroar, L50, F|43/100
|-ability|p2b: Incineroar|Intimidate|boost
|-unboost|p1a: Whimsicott|atk|1
|-unboost|p1b: Glimmora|atk|1
|turn|9
|
|t:|1785201774
|move|p1a: Whimsicott|Protect|p1a: Whimsicott
|-singleturn|p1a: Whimsicott|Protect
|move|p1b: Glimmora|Spiky Shield|p1b: Glimmora
|-singleturn|p1b: Glimmora|move: Protect
|move|p2b: Incineroar|Fake Out|p1a: Whimsicott
|-activate|p1a: Whimsicott|move: Protect
|move|p2a: Glimmora|Earth Power|p1b: Glimmora
|-activate|p1b: Glimmora|move: Protect
|
|-weather|Snowscape|[upkeep]
|upkeep
|turn|10
|inactive|3-4 worlds has 30 seconds left.
|
|t:|1785201799
|move|p1a: Whimsicott|Moonblast|p2b: Incineroar
|-damage|p2b: Incineroar|13/100
|move|p1b: Glimmora|Earth Power|p2a: Glimmora
|-supereffective|p2a: Glimmora|2
|-crit|p2a: Glimmora
|-damage|p2a: Glimmora|0 fnt
|faint|p2a: Glimmora
|move|p2b: Incineroar|Darkest Lariat|p1a: Whimsicott
|-resisted|p1a: Whimsicott|1
|-damage|p1a: Whimsicott|0 fnt
|faint|p1a: Whimsicott
|
|-weather|Snowscape|[upkeep]
|upkeep
|
|t:|1785201810
|switch|p2a: Mamoswine|Mamoswine, L50, F|37/100
|turn|11
|inactive|sanguis de atun has 30 seconds left.
|
|t:|1785201836
|move|p2a: Mamoswine|Ice Shard|p1b: Glimmora
|-damage|p1b: Glimmora|70/100
|-damage|p2a: Mamoswine|27/100|[from] item: Life Orb
|move|p1b: Glimmora|Power Gem|p2a: Mamoswine
|-crit|p2a: Mamoswine
|-damage|p2a: Mamoswine|0 fnt
|faint|p2a: Mamoswine
|move|p2b: Incineroar|Darkest Lariat|p1b: Glimmora
|-damage|p1b: Glimmora|30/100
|
|-weather|Snowscape|[upkeep]
|-sideend|p1: 3-4 worlds|move: Tailwind
|upkeep
|turn|12
|
|t:|1785201849
|move|p1b: Glimmora|Power Gem|p2b: Incineroar
|-supereffective|p2b: Incineroar|1
|-damage|p2b: Incineroar|0 fnt
|faint|p2b: Incineroar
|
|win|3-4 worlds
|raw|3-4 worlds's rating: 1158 → 1177(+19 for winning)
|raw|sanguis de atun's rating: 1079 → 1062(-17 for losing)
|l|☆sanguis de atun
|player|p2|
