|j|☆0-x ft wayne
|j|☆dracojackson
|html|0-x ft waynedracojackson    
|uhtml|bestof|Game 2 of a best-of-3
|t:|1756428558
|gametype|doubles
|player|p1|0-x ft wayne|kamado-armor|
|player|p2|dracojackson|hilbert|
|gen|9
|tier|[Gen 9] VGC 2025 Reg H (Bo3)
|rule|Species Clause: Limit one of each Pokémon
|rule|Item Clause: Limit 1 of each item
|clearpoke
|poke|p1|Garchomp, L50, M|
|poke|p1|Sneasler, L50, M|
|poke|p1|Incineroar, L50, M|
|poke|p1|Dragonite, L50, M|
|poke|p1|Gholdengo, L50|
|poke|p1|Tyranitar, L50, F|
|poke|p2|Porygon2, L50|
|poke|p2|Incineroar, L50, M|
|poke|p2|Ursaluna, L50, M|
|poke|p2|Amoonguss, L50, F|
|poke|p2|Gholdengo, L50|
|poke|p2|Dragonite, L50, F|
|teampreview|4
|showteam|p1|Garchomp||LifeOrb|RoughSkin|Earthquake,DragonClaw,StompingTantrum,Protect|||M|||50|,,,,,Ground]Sneasler||WhiteHerb|Unburden|Coaching,Protect,DireClaw,CloseCombat|||M|||50|,,,,,Stellar]Incineroar||SafetyGoggles|Intimidate|FakeOut,FlareBlitz,KnockOff,PartingShot|||M|||50|,,,,,Ghost]Dragonite||LoadedDice|InnerFocus|TeraBlast,ScaleShot,Tailwind,Protect|||M|||50|,,,,,Flying]Gholdengo||ChoiceScarf|GoodasGold|MakeItRain,ShadowBall,Trick,Thunderbolt||||||50|,,,,,Steel]Tyranitar||AssaultVest|SandStream|RockSlide,TeraBlast,Assurance,LowKick|||F|||50|,,,,,Flying
|showteam|p2|Porygon2||Eviolite|Download|TeraBlast,IceBeam,Recover,TrickRoom||||||50|,,,,,Fighting]Incineroar||SafetyGoggles|Intimidate|FakeOut,KnockOff,FlareBlitz,PartingShot|||M|||50|,,,,,Ghost]Ursaluna||FlameOrb|Guts|HeadlongRush,Facade,Earthquake,Protect|||M|||50|,,,,,Ghost]Amoonguss||SitrusBerry|Regenerator|PollenPuff,Spore,RagePowder,Protect|||F|||50|,,,,,Water]Gholdengo||LifeOrb|GoodasGold|MakeItRain,ShadowBall,NastyPlot,Protect||||||50|,,,,,Dragon]Dragonite||LoadedDice|Multiscale|ScaleShot,Haze,Tailwind,Protect|||F|||50|,,,,,Steel
|
|t:|1756428657
|teamsize|p1|4
|teamsize|p2|4
|start
|switch|p1a: Sneasler|Sneasler, L50, M|100/100
|switch|p1b: Dragonite|Dragonite, L50, M, shiny|100/100
|switch|p2a: Tomato|Incineroar, L50, M|100/100
|switch|p2b: Nitenite|Dragonite, L50, F|100/100
|-ability|p2a: Tomato|Intimidate|boost
|-unboost|p1a: Sneasler|atk|1
|-fail|p1b: Dragonite|unboost|Attack|[from] ability: Inner Focus|[of] p1b: Dragonite
|-enditem|p1a: Sneasler|White Herb
|-clearnegativeboost|p1a: Sneasler|[silent]
|turn|1
|
|t:|1756428711
|switch|p1a: Dalinar|Incineroar, L50, M, shiny|100/100
|-ability|p1a: Dalinar|Intimidate|boost
|-unboost|p2a: Tomato|atk|1
|-unboost|p2b: Nitenite|atk|1
|-terastallize|p1b: Dragonite|Flying
|-terastallize|p2b: Nitenite|Steel
|move|p2a: Tomato|Fake Out|p1a: Dalinar
|-damage|p1a: Dalinar|93/100
|move|p1b: Dragonite|Tailwind|p1b: Dragonite
|-sidestart|p1: 0-x ft wayne|move: Tailwind
|move|p2b: Nitenite|Scale Shot|p1b: Dragonite
|-damage|p1b: Dragonite|88/100
|-damage|p1b: Dragonite|77/100
|-damage|p1b: Dragonite|64/100
|-damage|p1b: Dragonite|51/100
|-hitcount|p1b: Dragonite|4
|-unboost|p2b: Nitenite|def|1
|-boost|p2b: Nitenite|spe|1
|
|upkeep
|turn|2
|
|t:|1756428749
|move|p1a: Dalinar|Fake Out|p2a: Tomato
|-damage|p2a: Tomato|88/100
|move|p1b: Dragonite|Tera Blast|p2a: Tomato|[anim] Tera Blast Flying
|-damage|p2a: Tomato|28/100
|move|p2b: Nitenite|Tailwind|p2b: Nitenite
|-sidestart|p2: dracojackson|move: Tailwind
|cant|p2a: Tomato|flinch
|
|upkeep
|turn|3
|
|t:|1756428774
|move|p1b: Dragonite|Protect|p1b: Dragonite
|-singleturn|p1b: Dragonite|Protect
|move|p2b: Nitenite|Scale Shot|p1a: Dalinar
|-damage|p1a: Dalinar|83/100
|-damage|p1a: Dalinar|74/100
|-damage|p1a: Dalinar|65/100
|-damage|p1a: Dalinar|56/100
|-damage|p1a: Dalinar|47/100
|-hitcount|p1a: Dalinar|5
|-unboost|p2b: Nitenite|def|1
|-boost|p2b: Nitenite|spe|1
|move|p2a: Tomato|Parting Shot|p1a: Dalinar
|-unboost|p1a: Dalinar|atk|1
|-unboost|p1a: Dalinar|spa|1
|
|t:|1756428783
|switch|p2a: Dingus|Gholdengo, L50|100/100|[from] Parting Shot
|move|p1a: Dalinar|Flare Blitz|p2b: Nitenite
|-supereffective|p2b: Nitenite
|-damage|p2b: Nitenite|13/100
|-damage|p1a: Dalinar|23/100|[from] Recoil
|
|upkeep
|turn|4
|
|t:|1756428844
|switch|p1a: Sneasler|Sneasler, L50, M|100/100
|move|p2b: Nitenite|Protect|p2b: Nitenite
|-singleturn|p2b: Nitenite|Protect
|move|p2a: Dingus|Make It Rain|p1b: Dragonite|[spread] p1a,p1b
|-damage|p1a: Sneasler|14/100
|-damage|p1b: Dragonite|0 fnt
|-unboost|p2a: Dingus|spa|1
|faint|p1b: Dragonite
|-damage|p2a: Dingus|91/100|[from] item: Life Orb
|
|-sideend|p1: 0-x ft wayne|move: Tailwind
|upkeep
|
|t:|1756428876
|switch|p1b: Dalinar|Incineroar, L50, M, shiny|23/100
|-ability|p1b: Dalinar|Intimidate|boost
|-unboost|p2a: Dingus|atk|1
|-unboost|p2b: Nitenite|atk|1
|turn|5
|
|t:|1756428891
|move|p1a: Sneasler|Protect|p1a: Sneasler
|-singleturn|p1a: Sneasler|Protect
|move|p1b: Dalinar|Fake Out|p2b: Nitenite
|-resisted|p2b: Nitenite
|-crit|p2b: Nitenite
|-damage|p2b: Nitenite|0 fnt
|faint|p2b: Nitenite
|move|p2a: Dingus|Make It Rain|p1a: Sneasler|[spread] p1b
|-activate|p1a: Sneasler|move: Protect
|-resisted|p1b: Dalinar
|-damage|p1b: Dalinar|2/100
|-unboost|p2a: Dingus|spa|1
|-damage|p2a: Dingus|81/100|[from] item: Life Orb
|
|-sideend|p2: dracojackson|move: Tailwind
|upkeep
|
|t:|1756428907
|switch|p2b: Tomato|Incineroar, L50, M|28/100
|-ability|p2b: Tomato|Intimidate|boost
|-unboost|p1a: Sneasler|atk|1
|-unboost|p1b: Dalinar|atk|1
|turn|6
|
|t:|1756428919
|switch|p1a: Kaladin|Garchomp, L50, M, shiny|100/100
|move|p2a: Dingus|Make It Rain|p1a: Kaladin|[spread] p1a,p1b
|-resisted|p1b: Dalinar
|-damage|p1a: Kaladin|68/100
|-damage|p1b: Dalinar|0 fnt
|-unboost|p2a: Dingus|spa|1
|faint|p1b: Dalinar
|-damage|p2a: Dingus|71/100|[from] item: Life Orb
|move|p2b: Tomato|Flare Blitz|p1a: Kaladin
|-resisted|p1a: Kaladin
|-damage|p1a: Kaladin|38/100
|-damage|p2b: Tomato|16/100|[from] ability: Rough Skin|[of] p1a: Kaladin
|-damage|p2b: Tomato|6/100|[from] Recoil
|
|upkeep
|
|t:|1756428934
|switch|p1b: Sneasler|Sneasler, L50, M|14/100
|turn|7
|
|t:|1756428950
|switch|p2b: IGOR|Ursaluna, L50, M, shiny|100/100
|move|p1b: Sneasler|Protect|p1b: Sneasler
|-singleturn|p1b: Sneasler|Protect
|move|p2a: Dingus|Protect|p2a: Dingus
|-singleturn|p2a: Dingus|Protect
|move|p1a: Kaladin|Earthquake|p2b: IGOR|[spread] p2b
|-activate|p1b: Sneasler|move: Protect
|-activate|p2a: Dingus|move: Protect
|-damage|p2b: IGOR|66/100
|-damage|p1a: Kaladin|28/100|[from] item: Life Orb
|
|-status|p2b: IGOR|brn|[from] item: Flame Orb
|upkeep
|turn|8
|
|t:|1756429001
|switch|p2a: Tomato|Incineroar, L50, M|6/100
|-ability|p2a: Tomato|Intimidate|boost
|-unboost|p1a: Kaladin|atk|1
|-unboost|p1b: Sneasler|atk|1
|move|p1b: Sneasler|Close Combat|p2b: IGOR
|-supereffective|p2b: IGOR
|-damage|p2b: IGOR|0 fnt
|-unboost|p1b: Sneasler|def|1
|-unboost|p1b: Sneasler|spd|1
|faint|p2b: IGOR
|move|p1a: Kaladin|Stomping Tantrum|p2a: Tomato
|-supereffective|p2a: Tomato
|-damage|p2a: Tomato|0 fnt
|faint|p2a: Tomato
|-damage|p1a: Kaladin|19/100|[from] item: Life Orb
|
|upkeep
|
|t:|1756429008
|switch|p2b: Dingus|Gholdengo, L50|71/100
|turn|9
|
|t:|1756429016
|move|p1b: Sneasler|Coaching|p1a: Kaladin
|-boost|p1a: Kaladin|atk|1
|-boost|p1a: Kaladin|def|1
|move|p1a: Kaladin|Stomping Tantrum|p2b: Dingus
|-supereffective|p2b: Dingus
|-damage|p2b: Dingus|0 fnt
|faint|p2b: Dingus
|-damage|p1a: Kaladin|9/100|[from] item: Life Orb
|
|win|0-x ft wayne
||0-x ft wayne is ready for game 3.
||dracojackson is ready for game 3.
|uhtml|next|Next: Game 3 of 3
