|j|☆PatMatrick
|j|☆UndeadParadox
|html|PatMatrickUndeadParadox    
|uhtml|bestof|Game 2 of a best-of-3
|t:|1756785600
|gametype|doubles
|player|p1|PatMatrick|169|1040
|player|p2|UndeadParadox|guitarist|1164
|gen|9
|tier|[Gen 9] VGC 2025 Reg H (Bo3)
|rated|
|rule|Species Clause: Limit one of each Pokémon
|rule|Item Clause: Limit 1 of each item
|clearpoke
|poke|p1|Lilligant-Hisui, L50, F|
|poke|p1|Torkoal, L50, F|
|poke|p1|Indeedee-F, L50, F|
|poke|p1|Armarouge, L50, M|
|poke|p1|Ursaluna, L50, M|
|poke|p1|Hatterene, L50, F|
|poke|p2|Sneasler, L50, F|
|poke|p2|Rillaboom, L50, M|
|poke|p2|Incineroar, L50, M|
|poke|p2|Gholdengo, L50|
|poke|p2|Hydreigon, L50, F|
|poke|p2|Gengar, L50, F|
|teampreview|4
|showteam|p1|Lilligant-Hisui||FocusSash|Chlorophyll|SolarBlade,CloseCombat,SleepPowder,AfterYou|||F|||50|,,,,,Ghost]Torkoal||ChoiceSpecs|Drought|Eruption,HeatWave,Flamethrower,EarthPower|||F|||50|,,,,,Fire]Indeedee-F||PsychicSeed|PsychicSurge|DazzlingGleam,TrickRoom,HelpingHand,FollowMe|||F|||50|,,,,,Fairy]Armarouge||PowerHerb|FlashFire|ArmorCannon,ExpandingForce,MeteorBeam,TrickRoom|||M|||50|,,,,,Grass]Ursaluna||FlameOrb|Guts|HeadlongRush,Facade,BrickBreak,Protect|||M|||50|,,,,,Normal]Hatterene||LifeOrb|MagicBounce|ExpandingForce,MysticalFire,DazzlingGleam,TrickRoom|||F|||50|,,,,,Fairy
|showteam|p2|Sneasler||GrassySeed|Unburden|CloseCombat,DireClaw,Acrobatics,Protect|||F|||50|,,,,,Flying]Rillaboom||AssaultVest|GrassySurge|WoodHammer,GrassyGlide,FakeOut,HighHorsepower|||M|||50|,,,,,Fire]Incineroar||SafetyGoggles|Intimidate|FlareBlitz,KnockOff,PartingShot,FakeOut|||M|||50|,,,,,Ghost]Gholdengo||MetalCoat|GoodasGold|Protect,MakeItRain,ShadowBall,NastyPlot||||||50|,,,,,Water]Hydreigon||LifeOrb|Levitate|Flamethrower,DracoMeteor,DarkPulse,Protect|||F|||50|,,,,,Fire]Gengar||FocusSash|CursedBody|ShadowBall,Haze,Taunt,IcyWind|||F|||50|,,,,,Ghost
|
|t:|1756785622
|teamsize|p1|4
|teamsize|p2|4
|start
|switch|p1a: Indeedee|Indeedee-F, L50, F|100/100
|switch|p1b: Armarouge|Armarouge, L50, M|100/100
|switch|p2a: Incineroar|Incineroar, L50, M, shiny|100/100
|switch|p2b: Gholdengo|Gholdengo, L50, shiny|100/100
|-ability|p2a: Incineroar|Intimidate|boost
|-unboost|p1a: Indeedee|atk|1
|-unboost|p1b: Armarouge|atk|1
|-fieldstart|move: Psychic Terrain|[from] ability: Psychic Surge|[of] p1a: Indeedee
|-enditem|p1a: Indeedee|Psychic Seed
|-boost|p1a: Indeedee|spd|1|[from] item: Psychic Seed
|turn|1
|
|t:|1756785667
|move|p2b: Gholdengo|Nasty Plot|p2b: Gholdengo
|-boost|p2b: Gholdengo|spa|2
|move|p2a: Incineroar|Knock Off|p1b: Armarouge
|-supereffective|p1b: Armarouge
|-damage|p1b: Armarouge|16/100
|-enditem|p1b: Armarouge|Power Herb|[from] move: Knock Off|[of] p2a: Incineroar
|move|p1b: Armarouge|Armor Cannon|p2b: Gholdengo
|-supereffective|p2b: Gholdengo
|-damage|p2b: Gholdengo|0 fnt
|-unboost|p1b: Armarouge|def|1
|-unboost|p1b: Armarouge|spd|1
|faint|p2b: Gholdengo
|move|p1a: Indeedee|Trick Room|p1a: Indeedee
|-fieldstart|move: Trick Room|[of] p1a: Indeedee
|
|upkeep
|
|t:|1756785677
|switch|p2b: Hydreigon|Hydreigon, L50, F, shiny|100/100
|turn|2
|inactive|Battle timer is ON: inactive players will automatically lose when time's up. (requested by PatMatrick)
|
|t:|1756785725
|switch|p1b: Hatterene|Hatterene, L50, F|100/100
|move|p1a: Indeedee|Follow Me|p1a: Indeedee
|-singleturn|p1a: Indeedee|move: Follow Me
|move|p2a: Incineroar|Knock Off|p1a: Indeedee
|-supereffective|p1a: Indeedee
|-damage|p1a: Indeedee|9/100
|move|p2b: Hydreigon|Dark Pulse|p1a: Indeedee
|-supereffective|p1a: Indeedee
|-damage|p1a: Indeedee|0 fnt
|faint|p1a: Indeedee
|-damage|p2b: Hydreigon|91/100|[from] item: Life Orb
|
|upkeep
|
|t:|1756785746
|switch|p1a: Ursaluna|Ursaluna, L50, M|100/100
|turn|3
|inactive|UndeadParadox has 30 seconds left.
|inactive|UndeadParadox has 20 seconds left.
|
|t:|1756785783
|switch|p2a: Gengar|Gengar, L50, F|100/100
|-terastallize|p1b: Hatterene|Fairy
|-terastallize|p2b: Hydreigon|Fire
|move|p1a: Ursaluna|Protect|p1a: Ursaluna
|-singleturn|p1a: Ursaluna|Protect
|move|p1b: Hatterene|Dazzling Gleam|p2a: Gengar|[spread] p2a,p2b
|-resisted|p2a: Gengar
|-resisted|p2b: Hydreigon
|-damage|p2a: Gengar|56/100
|-damage|p2b: Hydreigon|60/100
|-damage|p1b: Hatterene|91/100|[from] item: Life Orb
|move|p2b: Hydreigon|Draco Meteor|p1a: Ursaluna
|-activate|p1a: Ursaluna|move: Protect
|
|-status|p1a: Ursaluna|brn|[from] item: Flame Orb
|upkeep
|turn|4
|inactive|PatMatrick has 30 seconds left.
|
|t:|1756785812
|switch|p2b: Incineroar|Incineroar, L50, M, shiny|100/100
|-ability|p2b: Incineroar|Intimidate|boost
|-unboost|p1a: Ursaluna|atk|1
|-unboost|p1b: Hatterene|atk|1
|move|p1b: Hatterene|Expanding Force|p2b: Incineroar|[spread] p2a
|-immune|p2b: Incineroar
|-supereffective|p2a: Gengar
|-damage|p2a: Gengar|0 fnt
|faint|p2a: Gengar
|-damage|p1b: Hatterene|81/100|[from] item: Life Orb
|move|p1a: Ursaluna|Facade|p2b: Incineroar
|-damage|p2b: Incineroar|22/100
|
|-damage|p1a: Ursaluna|95/100 brn|[from] brn
|upkeep
|
|t:|1756785826
|switch|p2a: Hydreigon|Hydreigon, L50, F, shiny, tera:Fire|60/100
|turn|5
|inactive|UndeadParadox has 30 seconds left.
|
|t:|1756785856
|move|p2b: Incineroar|Fake Out|p1a: Ursaluna
|-activate|p1a: Ursaluna|move: Psychic Terrain
|move|p1b: Hatterene|Dazzling Gleam|p2b: Incineroar|[spread] p2a,p2b
|-resisted|p2a: Hydreigon
|-damage|p2a: Hydreigon|28/100
|-damage|p2b: Incineroar|0 fnt
|faint|p2b: Incineroar
|-damage|p1b: Hatterene|71/100|[from] item: Life Orb
|move|p1a: Ursaluna|Headlong Rush|p2a: Hydreigon
|-immune|p2a: Hydreigon|[from] ability: Levitate
|move|p2a: Hydreigon|Flamethrower|p1b: Hatterene
|-damage|p1b: Hatterene|10/100
|-damage|p2a: Hydreigon|18/100|[from] item: Life Orb
|
|-damage|p1a: Ursaluna|89/100 brn|[from] brn
|-fieldend|move: Trick Room
|-fieldend|move: Psychic Terrain
|upkeep
|turn|6
|-message|UndeadParadox forfeited.
|
|win|PatMatrick
||UndeadParadox is ready for game 3.
||PatMatrick is ready for game 3.
|uhtml|next|Next: Game 3 of 3
|l|☆PatMatrick
|player|p1|
