|j|☆homerj71
|j|☆marix_ou
|html|homerj71marix_ou    
|uhtml|bestof|Game 1 of a best-of-3
|t:|1785857198
|gametype|doubles
|player|p1|homerj71|266|1156
|player|p2|marix_ou|wattson|1069
|gen|9
|tier|[Gen 9 Champions] VGC 2026 Reg M-B (Bo3)
|rated|
|rule|Species Clause: Limit one of each Pokémon
|rule|Item Clause: Limit 1 of each item
|clearpoke
|poke|p1|Tyranitar, L50, M|
|poke|p1|Staraptor, L50, F|
|poke|p1|Gholdengo, L50|
|poke|p1|Excadrill, L50, F|
|poke|p1|Sinistcha, L50|
|poke|p1|Milotic, L50, M|
|poke|p2|Maushold, L50|
|poke|p2|Dragalge, L50, F|
|poke|p2|Reuniclus, L50, M|
|poke|p2|Hydrapple, L50, M|
|poke|p2|Froslass, L50, F|
|poke|p2|Clefable, L50, M|
|teampreview|4
|showteam|p1|Tyranitar||Tyranitarite|SandStream|KnockOff,RockSlide,Protect,LowKick|Jolly||M|||50|]Staraptor||Staraptite|Intimidate|DualWingbeat,CloseCombat,Protect,Tailwind|Jolly||F|||50|]Gholdengo||LifeOrb|GoodasGold|MakeItRain,NastyPlot,Protect,ShadowBall|Timid|||||50|]Excadrill||FocusSash|SandRush|HighHorsepower,IronHead,RockSlide,Protect|Adamant||F|||50|]Sinistcha||SitrusBerry|Hospitality|MatchaGotcha,RagePowder,ShadowBall,Protect|Calm|||||50|]Milotic||Leftovers|Competitive|Scald,IcyWind,Protect,IceBeam|Modest||M|||50|
|showteam|p2|Maushold||FocusSash|FriendGuard|AfterYou,FollowMe,HelpingHand,Uturn|Jolly|||||50|]Dragalge||Dragalgite|PoisonPoint|Protect,SludgeBomb,DracoMeteor,FlipTurn|Sassy||F|||50|]Reuniclus||Leftovers|Regenerator|Psychic,Protect,TrickRoom,FocusBlast|Quiet||M|||50|]Hydrapple||RoseliBerry|Regenerator|FickleBeam,EarthPower,Protect,Yawn|Bold||M|||50|]Froslass||Froslassite|SnowCloak|Blizzard,ShadowBall,AuroraVeil,Protect|Timid||F|||50|]Clefable||SitrusBerry|Unaware|CalmMind,StoredPower,Blizzard,Protect|Serious||M|||50|
|inactive|Battle timer is ON: inactive players will automatically lose when time's up. (requested by homerj71)
|c|☆marix_ou|hi
|inactive|marix_ou has 60 seconds left.
|c|☆marix_ou|What do you think of my team?
|inactive|marix_ou has 30 seconds left.
|inactive|marix_ou has 20 seconds left.
|
|t:|1785857272
|teamsize|p1|4
|teamsize|p2|4
|start
|switch|p1a: Milotic|Milotic, L50, M|100/100
|switch|p1b: Tyranitar|Tyranitar, L50, M|100/100
|switch|p2a: Froslass|Froslass, L50, F|100/100
|switch|p2b: Maushold|Maushold, L50|100/100
|-weather|Sandstorm|[from] ability: Sand Stream|[of] p1b: Tyranitar
|turn|1
|inactive|homerj71 has 30 seconds left.
|inactive|marix_ou has 30 seconds left.
|
|t:|1785857304
|detailschange|p1b: Tyranitar|Tyranitar-Mega, L50, M
|-mega|p1b: Tyranitar|Tyranitar|Tyranitarite
|move|p2a: Froslass|Protect|p2a: Froslass
|-singleturn|p2a: Froslass|Protect
|move|p2b: Maushold|U-turn|p1b: Tyranitar
|-supereffective|p1b: Tyranitar|1
|-damage|p1b: Tyranitar|82/100
|
|t:|1785857321
|switch|p2b: Reuniclus|Reuniclus, L50, M|100/100|[from] U-turn
|move|p1b: Tyranitar|Rock Slide|p2b: Reuniclus|[spread] p2b
|-activate|p2a: Froslass|move: Protect
|-damage|p2b: Reuniclus|63/100
|move|p1a: Milotic|Scald|p2b: Reuniclus
|-damage|p2b: Reuniclus|31/100
|
|-weather|Sandstorm|[upkeep]
|-damage|p2a: Froslass|93/100|[from] Sandstorm
|-damage|p1a: Milotic|94/100|[from] Sandstorm
|-damage|p2b: Reuniclus|25/100|[from] Sandstorm
|-heal|p1a: Milotic|100/100|[from] item: Leftovers
|-heal|p2b: Reuniclus|31/100|[from] item: Leftovers
|upkeep
|turn|2
|inactive|marix_ou has 30 seconds left.
|
|t:|1785857347
|switch|p1b: Gholdengo|Gholdengo, L50|100/100
|detailschange|p2a: Froslass|Froslass-Mega, L50, F
|-mega|p2a: Froslass|Froslass|Froslassite
|-weather|Snowscape|[from] ability: Snow Warning|[of] p2a: Froslass
|move|p2a: Froslass|Aurora Veil|p2a: Froslass
|-sidestart|p2: marix_ou|move: Aurora Veil
|move|p1a: Milotic|Scald|p2b: Reuniclus
|-damage|p2b: Reuniclus|12/100
|move|p2b: Reuniclus|Focus Blast|p1b: Gholdengo
|-immune|p1b: Gholdengo
|
|-weather|Snowscape|[upkeep]
|-heal|p2b: Reuniclus|18/100|[from] item: Leftovers
|upkeep
|turn|3
|
|t:|1785857367
|switch|p1b: Tyranitar|Tyranitar-Mega, L50, M|82/100
|-weather|Sandstorm|[from] ability: Sand Stream|[of] p1b: Tyranitar
|-heal|p2b: Reuniclus|52/100|[from] ability: Regenerator|[silent]
|switch|p2b: Maushold|Maushold, L50|100/100
|move|p2a: Froslass|Shadow Ball|p1b: Tyranitar
|-resisted|p1b: Tyranitar|1
|-damage|p1b: Tyranitar|70/100
|move|p1a: Milotic|Scald|p2b: Maushold
|-damage|p2b: Maushold|73/100
|
|-weather|Sandstorm|[upkeep]
|-damage|p2a: Froslass|87/100|[from] Sandstorm
|-damage|p2b: Maushold|67/100|[from] Sandstorm
|-damage|p1a: Milotic|94/100|[from] Sandstorm
|-heal|p1a: Milotic|100/100|[from] item: Leftovers
|upkeep
|turn|4
|
|t:|1785857386
|switch|p2a: Clefable|Clefable, L50, M|100/100
|move|p2b: Maushold|U-turn|p1b: Tyranitar
|-supereffective|p1b: Tyranitar|1
|-damage|p1b: Tyranitar|52/100
|
|t:|1785857397
|switch|p2b: Froslass|Froslass-Mega, L50, F|87/100|[from] U-turn
|-weather|Snowscape|[from] ability: Snow Warning|[of] p2b: Froslass
|move|p1b: Tyranitar|Rock Slide|p2a: Clefable|[spread] p2a,p2b
|-supereffective|p2b: Froslass|1
|-damage|p2a: Clefable|81/100
|-damage|p2b: Froslass|34/100
|move|p1a: Milotic|Scald|p2b: Froslass
|-damage|p2b: Froslass|5/100
|
|-weather|Snowscape|[upkeep]
|upkeep
|turn|5
|
|t:|1785857421
|move|p2b: Froslass|Blizzard|p1b: Tyranitar|[spread] p1a,p1b
|-resisted|p1a: Milotic|1
|-damage|p1a: Milotic|83/100
|-damage|p1b: Tyranitar|16/100
|-status|p1a: Milotic|frz
|move|p1b: Tyranitar|Knock Off|p2a: Clefable
|-resisted|p2a: Clefable|1
|-damage|p2a: Clefable|65/100
|-enditem|p2a: Clefable|Sitrus Berry|[from] move: Knock Off|[of] p1b: Tyranitar
|-curestatus|p1a: Milotic|frz|[from] move: Scald
|move|p1a: Milotic|Scald|p2b: Froslass
|-damage|p2b: Froslass|0 fnt
|faint|p2b: Froslass
|move|p2a: Clefable|Blizzard|p1b: Tyranitar|[spread] p1a,p1b
|-resisted|p1a: Milotic|1
|-crit|p1b: Tyranitar
|-damage|p1a: Milotic|76/100
|-damage|p1b: Tyranitar|0 fnt
|faint|p1b: Tyranitar
|
|-weather|Snowscape|[upkeep]
|-heal|p1a: Milotic|82/100|[from] item: Leftovers
|upkeep
|
|t:|1785857442
|switch|p2b: Reuniclus|Reuniclus, L50, M|52/100
|switch|p1b: Gholdengo|Gholdengo, L50|100/100
|turn|6
|
|t:|1785857454
|-heal|p2b: Reuniclus|85/100|[from] ability: Regenerator|[silent]
|switch|p2b: Maushold|Maushold, L50|67/100
|move|p1b: Gholdengo|Make It Rain|p2b: Maushold|[spread] p2a,p2b
|-supereffective|p2a: Clefable|1
|-crit|p2a: Clefable
|-damage|p2a: Clefable|0 fnt
|-damage|p2b: Maushold|18/100
|-unboost|p1b: Gholdengo|spa|2
|faint|p2a: Clefable
|-damage|p1b: Gholdengo|90/100|[from] item: Life Orb
|move|p1a: Milotic|Scald|p2b: Maushold
|-damage|p2b: Maushold|0 fnt
|faint|p2b: Maushold
|
|-weather|Snowscape|[upkeep]
|-heal|p1a: Milotic|88/100|[from] item: Leftovers
|-sideend|p2: marix_ou|move: Aurora Veil
|upkeep
|
|t:|1785857468
|switch|p2a: Reuniclus|Reuniclus, L50, M|85/100
|turn|7
|l|☆marix_ou
|inactive|marix_ou disconnected and has a minute to reconnect!
|player|p2|
|inactive|marix_ou has 30 seconds left.
|inactive|marix_ou has 20 seconds left.
|inactive|marix_ou has 15 seconds left.
|inactive|marix_ou has 10 seconds left.
|inactive|marix_ou has 5 seconds left.
|-message|marix_ou lost due to inactivity.
|
|win|homerj71
