|j|☆limestone7276
|j|☆Atlantean
|html|limestone7276Atlantean    
|uhtml|bestof|Game 1 of a best-of-3
|t:|1756578321
|gametype|doubles
|player|p1|limestone7276|170|1076
|player|p2|Atlantean|ghetsis-gen5bw|1085
|gen|9
|tier|[Gen 9] VGC 2025 Reg H (Bo3)
|rated|
|rule|Species Clause: Limit one of each Pokémon
|rule|Item Clause: Limit 1 of each item
|clearpoke
|poke|p1|Porygon-Z, L50|
|poke|p1|Palafin, L50, M|
|poke|p1|Volcarona, L50, F|
|poke|p1|Rillaboom, L50, M|
|poke|p1|Ursaluna, L50, M|
|poke|p1|Archaludon, L50, F|
|poke|p2|Annihilape, L50, M|
|poke|p2|Archaludon, L50, M|
|poke|p2|Incineroar, L50, M|
|poke|p2|Pelipper, L50, F|
|poke|p2|Rillaboom, L50, F|
|poke|p2|Whimsicott, L50, M|
|teampreview|4
|showteam|p1|Porygon-Z||LifeOrb|Adaptability|IceBeam,HyperBeam,Protect,TriAttack||||||50|,,,,,Normal]Palafin||MysticWater|ZerotoHero|FlipTurn,CloseCombat,JetPunch,WaveCrash|||M|||50|,,,,,Water]Volcarona||RockyHelmet|FlameBody|FieryDance,Protect,RagePowder,Tailwind|||F|||50|,,,,,Grass]Rillaboom||AssaultVest|GrassySurge|FakeOut,GrassyGlide,Uturn,WoodHammer|||M|||50|,,,,,Fire]Ursaluna||FlameOrb|Guts|Earthquake,Facade,HeadlongRush,Protect|||M|||50|,,,,,Ghost]Archaludon||PowerHerb|Sturdy|DragonPulse,ElectroShot,FlashCannon,Protect|||F|||50|,,,,,Electric
|showteam|p2|Annihilape||Leftovers|Defiant|BulkUp,DrainPunch,Protect,RageFist|||M|||50|,,,,,Fire]Archaludon||AssaultVest|Stamina|BodyPress,DragonPulse,ElectroShot,FlashCannon|||M|||50|,,,,,Grass]Incineroar||SafetyGoggles|Intimidate|FakeOut,FlareBlitz,KnockOff,PartingShot|||M|||50|,,,,,Ghost]Pelipper||FocusSash|Drizzle|Hurricane,Protect,WeatherBall,WideGuard|||F|||50|,,,,,Stellar]Rillaboom||LoadedDice|GrassySurge|FakeOut,BulletSeed,Taunt,Uturn|||F|||50|,,,,,Water]Whimsicott||CovertCloak|Prankster|EnergyBall,LightScreen,Moonblast,Tailwind|||M|||50|,,,,,Dark
|inactive|Battle timer is ON: inactive players will automatically lose when time's up. (requested by Atlantean)
|inactive|limestone7276 has 60 seconds left.
|inactive|Atlantean has 60 seconds left.
|inactive|limestone7276 has 30 seconds left.
|inactive|Atlantean has 30 seconds left.
|inactive|limestone7276 has 20 seconds left.
|inactive|Atlantean has 20 seconds left.
|inactive|limestone7276 has 15 seconds left.
|inactive|Atlantean has 15 seconds left.
|inactive|limestone7276 has 10 seconds left.
|inactive|Atlantean has 10 seconds left.
|
|t:|1756578406
|teamsize|p1|4
|teamsize|p2|4
|start
|switch|p1a: Rillaboom|Rillaboom, L50, M|100/100
|switch|p1b: Palafin|Palafin, L50, M|100/100
|switch|p2a: Pelipper|Pelipper, L50, F|100/100
|switch|p2b: Whimsicott|Whimsicott, L50, M, shiny|100/100
|-fieldstart|move: Grassy Terrain|[from] ability: Grassy Surge|[of] p1a: Rillaboom
|-weather|RainDance|[from] ability: Drizzle|[of] p2a: Pelipper
|turn|1
|inactive|limestone7276 has 30 seconds left.
|inactive|limestone7276 has 20 seconds left.
|
|t:|1756578442
|move|p2a: Pelipper|Protect|p2a: Pelipper
|-singleturn|p2a: Pelipper|Protect
|move|p2b: Whimsicott|Energy Ball|p1b: Palafin
|-supereffective|p1b: Palafin
|-damage|p1b: Palafin|7/100
|move|p1b: Palafin|Flip Turn|p2a: Pelipper
|-activate|p2a: Pelipper|move: Protect
|move|p1a: Rillaboom|U-turn|p2b: Whimsicott
|-crit|p2b: Whimsicott
|-damage|p2b: Whimsicott|60/100
|
|t:|1756578448
|switch|p1a: Archaludon|Archaludon, L50, F|100/100|[from] U-turn
|
|-weather|RainDance|[upkeep]
|-heal|p2b: Whimsicott|66/100|[from] Grassy Terrain
|-heal|p1b: Palafin|14/100|[from] Grassy Terrain
|upkeep
|turn|2
|inactive|Atlantean has 30 seconds left.
|
|t:|1756578479
|detailschange|p1b: Palafin|Palafin-Hero, L50, M
|switch|p1b: Rillaboom|Rillaboom, L50, M|100/100
|-terastallize|p2a: Pelipper|Stellar
|move|p2b: Whimsicott|Light Screen|p2b: Whimsicott
|-sidestart|p2: Atlantean|move: Light Screen
|move|p1a: Archaludon|Electro Shot||[still]
|-prepare|p1a: Archaludon|Electro Shot
|-boost|p1a: Archaludon|spa|1
|-anim|p1a: Archaludon|Electro Shot|p2a: Pelipper
|-supereffective|p2a: Pelipper
|-enditem|p2a: Pelipper|Focus Sash
|-damage|p2a: Pelipper|1/100
|move|p2a: Pelipper|Weather Ball|p1a: Archaludon
|-resisted|p1a: Archaludon
|-damage|p1a: Archaludon|38/100
|
|-weather|RainDance|[upkeep]
|-heal|p2b: Whimsicott|72/100|[from] Grassy Terrain
|-heal|p1a: Archaludon|44/100|[from] Grassy Terrain
|upkeep
|turn|3
|
|t:|1756578499
|move|p2a: Pelipper|Protect|p2a: Pelipper
|-singleturn|p2a: Pelipper|Protect
|move|p1b: Rillaboom|Fake Out|p2a: Pelipper
|-activate|p2a: Pelipper|move: Protect
|move|p2b: Whimsicott|Tailwind|p2b: Whimsicott
|-sidestart|p2: Atlantean|move: Tailwind
|move|p1a: Archaludon|Flash Cannon|p2b: Whimsicott
|-supereffective|p2b: Whimsicott
|-damage|p2b: Whimsicott|0 fnt
|faint|p2b: Whimsicott
|
|-weather|RainDance|[upkeep]
|-heal|p1a: Archaludon|50/100|[from] Grassy Terrain
|upkeep
|
|t:|1756578511
|switch|p2b: Incineroar|Incineroar, L50, M, shiny|100/100
|-ability|p2b: Incineroar|Intimidate|boost
|-unboost|p1a: Archaludon|atk|1
|-unboost|p1b: Rillaboom|atk|1
|turn|4
|
|t:|1756578522
|move|p1a: Archaludon|Protect|p1a: Archaludon
|-singleturn|p1a: Archaludon|Protect
|move|p2b: Incineroar|Fake Out|p1b: Rillaboom
|-damage|p1b: Rillaboom|89/100
|move|p2a: Pelipper|Hurricane|p1b: Rillaboom
|-supereffective|p1b: Rillaboom
|-damage|p1b: Rillaboom|0 fnt
|faint|p1b: Rillaboom
|
|-weather|RainDance|[upkeep]
|-heal|p1a: Archaludon|57/100|[from] Grassy Terrain
|upkeep
|
|t:|1756578532
|switch|p1b: Palafin|Palafin-Hero, L50, M|14/100
|-activate|p1b: Palafin|ability: Zero to Hero
|turn|5
|
|t:|1756578546
|switch|p2b: Annihilape|Annihilape, L50, M|100/100
|-terastallize|p1a: Archaludon|Electric
|move|p1b: Palafin|Jet Punch|p2a: Pelipper
|-resisted|p2a: Pelipper
|-damage|p2a: Pelipper|0 fnt
|faint|p2a: Pelipper
|move|p1a: Archaludon|Electro Shot||[still]
|-prepare|p1a: Archaludon|Electro Shot
|-boost|p1a: Archaludon|spa|1
|-anim|p1a: Archaludon|Electro Shot|p2b: Annihilape
|-damage|p2b: Annihilape|23/100
|
|-weather|none
|-heal|p2b: Annihilape|29/100|[from] Grassy Terrain
|-heal|p2b: Annihilape|36/100|[from] item: Leftovers
|-heal|p1b: Palafin|20/100|[from] Grassy Terrain
|-heal|p1a: Archaludon|63/100|[from] Grassy Terrain
|-fieldend|move: Grassy Terrain
|upkeep
|
|t:|1756578561
|switch|p2a: Incineroar|Incineroar, L50, M, shiny|100/100
|-ability|p2a: Incineroar|Intimidate|boost
|-unboost|p1a: Archaludon|atk|1
|-unboost|p1b: Palafin|atk|1
|turn|6
|
|t:|1756578577
|switch|p1b: Porygon-Z|Porygon-Z, L50|100/100
|move|p1a: Archaludon|Protect|p1a: Archaludon
|-singleturn|p1a: Archaludon|Protect
|move|p2a: Incineroar|Fake Out|p1b: Porygon-Z
|-damage|p1b: Porygon-Z|87/100
|move|p2b: Annihilape|Rage Fist|p1a: Archaludon
|-activate|p1a: Archaludon|move: Protect
|
|-heal|p2b: Annihilape|42/100|[from] item: Leftovers
|-sideend|p2: Atlantean|move: Light Screen
|-sideend|p2: Atlantean|move: Tailwind
|upkeep
|turn|7
|inactive|limestone7276 has 30 seconds left.
|
|t:|1756578607
|move|p2b: Annihilape|Drain Punch|p1b: Porygon-Z
|-supereffective|p1b: Porygon-Z
|-damage|p1b: Porygon-Z|9/100
|-heal|p2b: Annihilape|77/100|[from] drain|[of] p1b: Porygon-Z
|move|p1a: Archaludon|Electro Shot||[still]
|-prepare|p1a: Archaludon|Electro Shot
|-boost|p1a: Archaludon|spa|1
|-enditem|p1a: Archaludon|Power Herb
|-anim|p1a: Archaludon|Electro Shot|p2b: Annihilape
|-damage|p2b: Annihilape|0 fnt
|faint|p2b: Annihilape
|move|p1b: Porygon-Z|Hyper Beam|p2a: Incineroar
|-damage|p2a: Incineroar|0 fnt
|-mustrecharge|p1b: Porygon-Z
|faint|p2a: Incineroar
|-damage|p1b: Porygon-Z|0 fnt|[from] item: Life Orb
|faint|p1b: Porygon-Z
|
|win|limestone7276
||Atlantean is ready for game 2.
|inactive|limestone7276 has 30 seconds to confirm battle start!
||limestone7276 is ready for game 2.
|uhtml|next|Next: Game 2 of 3
|l|☆Atlantean
|player|p2|
