|j|☆regalac3
|j|☆ras2re
|html|regalac3ras2re    
|uhtml|bestof|Game 1 of a best-of-3
|t:|1757129435
|gametype|doubles
|player|p1|regalac3|n|1137
|player|p2|ras2re|volo|1165
|gen|9
|tier|[Gen 9] VGC 2025 Reg H (Bo3)
|rated|
|rule|Species Clause: Limit one of each Pokémon
|rule|Item Clause: Limit 1 of each item
|clearpoke
|poke|p1|Pelipper, L50, F|
|poke|p1|Basculegion, L50, M|
|poke|p1|Archaludon, L50, F|
|poke|p1|Annihilape, L50, F|
|poke|p1|Rillaboom, L50, F|
|poke|p1|Maushold-Four, L50|
|poke|p2|Orthworm, L50, F|
|poke|p2|Talonflame, L50, M|
|poke|p2|Garchomp, L50, M|
|poke|p2|Vivillon-Pokeball, L50, M|
|poke|p2|Gholdengo, L50|
|poke|p2|Hydreigon, L50, F|
|teampreview|4
|showteam|p1|Pelipper||FocusSash|Drizzle|Hurricane,WeatherBall,WideGuard,Protect|||F|||50|,,,,,Stellar]Basculegion||LifeOrb|SwiftSwim|WaveCrash,LastRespects,AquaJet,Protect|||M|||50|,,,,,Water]Archaludon||AssaultVest|Stamina|FlashCannon,DracoMeteor,ElectroShot,BodyPress|||F|||50|,,,,,Bug]Annihilape||Leftovers|Defiant|RageFist,DrainPunch,BulkUp,Protect|||F|||50|,,,,,Fire]Rillaboom||LoadedDice|GrassySurge|BulletSeed,GrassyGlide,HighHorsepower,FakeOut|||F|||50|,,,,,Water]Maushold-Four||SafetyGoggles|FriendGuard|BeatUp,FollowMe,Taunt,Protect||||||50|,,,,,Ghost
|showteam|p2|Orthworm||CovertCloak|EarthEater|IronDefense,BodyPress,IronHead,ShedTail|||F|||50|,,,,,Electric]Talonflame||ClearAmulet|GaleWings|Tailwind,DualWingbeat,FlareBlitz,BraveBird|||M|||50|,,,,,Ghost]Garchomp||ChoiceBand|RoughSkin|Earthquake,DragonClaw,StompingTantrum,RockSlide|||M|||50|,,,,,Ground]Vivillon-Pokeball||FocusSash|CompoundEyes|RagePowder,SleepPowder,Hurricane,Protect|||M|||50|,,,,,Ghost]Gholdengo||LifeOrb|GoodasGold|MakeItRain,ShadowBall,NastyPlot,Protect||||||50|,,,,,Steel]Hydreigon||ChoiceSpecs|Levitate|HeatWave,DarkPulse,DracoMeteor,DragonPulse|||F|||50|,,,,,Fire
|inactive|Battle timer is ON: inactive players will automatically lose when time's up. (requested by regalac3)
|inactive|ras2re also wants the timer to be on.
|
|t:|1757129456
|teamsize|p1|4
|teamsize|p2|4
|start
|switch|p1a: Pelipper|Pelipper, L50, F|100/100
|switch|p1b: Basculegion|Basculegion, L50, M|100/100
|switch|p2a: Talonflame|Talonflame, L50, M|100/100
|switch|p2b: Vivillon|Vivillon-Pokeball, L50, M|100/100
|-weather|RainDance|[from] ability: Drizzle|[of] p1a: Pelipper
|turn|1
|
|t:|1757129473
|-terastallize|p1b: Basculegion|Water
|move|p2a: Talonflame|Tailwind|p2a: Talonflame
|-sidestart|p2: ras2re|move: Tailwind
|move|p2b: Vivillon|Sleep Powder|p1a: Pelipper
|-status|p1a: Pelipper|slp|[from] move: Sleep Powder
|move|p1b: Basculegion|Wave Crash|p2a: Talonflame
|-supereffective|p2a: Talonflame
|-damage|p2a: Talonflame|0 fnt
|faint|p2a: Talonflame
|-damage|p1b: Basculegion|75/100|[from] Recoil
|-damage|p1b: Basculegion|65/100|[from] item: Life Orb
|cant|p1a: Pelipper|slp
|
|-weather|RainDance|[upkeep]
|upkeep
|
|t:|1757129486
|switch|p2a: Garchomp|Garchomp, L50, M|100/100
|turn|2
|
|t:|1757129499
|move|p1b: Basculegion|Protect|p1b: Basculegion
|-singleturn|p1b: Basculegion|Protect
|move|p2a: Garchomp|Rock Slide|p1a: Pelipper|[spread] 
|-activate|p1b: Basculegion|move: Protect
|-miss|p2a: Garchomp|p1a: Pelipper
|move|p2b: Vivillon|Hurricane|p1b: Basculegion
|-activate|p1b: Basculegion|move: Protect
|cant|p1a: Pelipper|slp
|
|-weather|RainDance|[upkeep]
|upkeep
|turn|3
|
|t:|1757129520
|switch|p1b: Archaludon|Archaludon, L50, F|100/100
|move|p2a: Garchomp|Rock Slide|p1b: Archaludon|[spread] p1b
|-miss|p2a: Garchomp|p1a: Pelipper
|-resisted|p1b: Archaludon
|-damage|p1b: Archaludon|90/100
|-ability|p1b: Archaludon|Stamina|boost
|-boost|p1b: Archaludon|def|1
|move|p2b: Vivillon|Hurricane|p1b: Archaludon
|-resisted|p1b: Archaludon
|-damage|p1b: Archaludon|75/100
|-start|p1b: Archaludon|confusion
|-ability|p1b: Archaludon|Stamina|boost
|-boost|p1b: Archaludon|def|1
|cant|p1a: Pelipper|slp
|
|-weather|RainDance|[upkeep]
|upkeep
|turn|4
|
|t:|1757129539
|switch|p2a: Gholdengo|Gholdengo, L50|100/100
|-curestatus|p1a: Pelipper|slp|[msg]
|move|p1a: Pelipper|Wide Guard|p1a: Pelipper
|-singleturn|p1a: Pelipper|Wide Guard
|move|p2b: Vivillon|Sleep Powder|p1b: Archaludon
|-status|p1b: Archaludon|slp|[from] move: Sleep Powder
|cant|p1b: Archaludon|slp
|
|-weather|RainDance|[upkeep]
|-sideend|p2: ras2re|move: Tailwind
|upkeep
|turn|5
|
|t:|1757129554
|move|p2b: Vivillon|Sleep Powder|p1a: Pelipper
|-status|p1a: Pelipper|slp|[from] move: Sleep Powder
|move|p2a: Gholdengo|Nasty Plot|p2a: Gholdengo
|-boost|p2a: Gholdengo|spa|2
|cant|p1a: Pelipper|slp
|cant|p1b: Archaludon|slp
|
|-weather|none
|upkeep
|turn|6
|
|t:|1757129567
|cant|p1a: Pelipper|slp
|move|p2b: Vivillon|Hurricane|p1a: Pelipper
|-damage|p1a: Pelipper|18/100 slp
|move|p2a: Gholdengo|Shadow Ball|p1b: Archaludon
|-crit|p1b: Archaludon
|-damage|p1b: Archaludon|0 fnt
|faint|p1b: Archaludon
|-damage|p2a: Gholdengo|91/100|[from] item: Life Orb
|
|upkeep
|-message|regalac3 forfeited.
|
|win|ras2re
||ras2re is ready for game 2.
