|j|☆Po1510
|j|☆toughlogvgc
|html|Po1510toughlogvgc    
|uhtml|bestof|Game 1 of a best-of-3
|t:|1785688547
|gametype|doubles
|player|p1|Po1510|rosa-masters|1261
|player|p2|toughlogvgc|266|1229
|gen|9
|tier|[Gen 9 Champions] VGC 2026 Reg M-B (Bo3)
|rated|
|rule|Species Clause: Limit one of each Pokémon
|rule|Item Clause: Limit 1 of each item
|clearpoke
|poke|p1|Whimsicott, L50, F, shiny|
|poke|p1|Garchomp, L50, F, shiny|
|poke|p1|Basculegion, L50, M|
|poke|p1|Kingambit, L50, F|
|poke|p1|Charizard, L50, M|
|poke|p1|Floette-Eternal, L50, F|
|poke|p2|Charizard, L50, M|
|poke|p2|Garchomp, L50, M|
|poke|p2|Basculegion, L50, M|
|poke|p2|Whimsicott, L50, F|
|poke|p2|Kingambit, L50, F|
|poke|p2|Floette-Eternal, L50, F|
|teampreview|4
|showteam|p1|Whimsicott||FocusSash|Prankster|Moonblast,Tailwind,Encore,Protect|Timid||F|||50|]Garchomp||RoseliBerry|RoughSkin|DragonClaw,Earthquake,RockSlide,PoisonJab|Jolly||F|||50|]Basculegion||LifeOrb|Adaptability|WaveCrash,AquaJet,LastRespects,Protect|Adamant||M|||50|]Kingambit||OccaBerry|Defiant|KowtowCleave,SuckerPunch,IronHead,Protect|Adamant||F|||50|]Charizard||CharizarditeY|Blaze|HeatWave,WeatherBall,AncientPower,Protect|Modest||M|||50|]Floette-Eternal||Floettite|FlowerVeil|Moonblast,DazzlingGleam,LightofRuin,Protect|Modest||F|||50|
|showteam|p2|Charizard||CharizarditeY|Blaze|HeatWave,SolarBeam,Protect,WeatherBall|Modest||M|||50|]Garchomp||LifeOrb|RoughSkin|DragonClaw,Earthquake,RockSlide,Protect|Jolly||M|||50|]Basculegion||ChoiceScarf|Adaptability|WaveCrash,AquaJet,FlipTurn,LastRespects|Adamant||M|||50|]Whimsicott||FocusSash|Prankster|Moonblast,Tailwind,Protect,Encore|Timid||F|||50|]Kingambit||BlackGlasses|Defiant|IronHead,KowtowCleave,Protect,SuckerPunch|Adamant||F|||50|]Floette-Eternal||Floettite|FlowerVeil|Moonblast,LightofRuin,DazzlingGleam,Protect|Modest||F|||50|
|inactive|Battle timer is ON: inactive players will automatically lose when time's up. (requested by Po1510)
|inactive|Po1510 has 60 seconds left.
|inactive|toughlogvgc has 60 seconds left.
|inactive|Po1510 has 30 seconds left.
|
|t:|1785688610
|teamsize|p1|4
|teamsize|p2|4
|start
|switch|p1a: Whimsicott|Whimsicott, L50, F, shiny|100/100
|switch|p1b: Garchomp|Garchomp, L50, F, shiny|100/100
|switch|p2a: Whimsicott|Whimsicott, L50, F|100/100
|switch|p2b: Basculegion|Basculegion, L50, M|100/100
|turn|1
|inactive|Po1510 has 30 seconds left.
|inactive|toughlogvgc has 30 seconds left.
|
|t:|1785688642
|move|p1a: Whimsicott|Tailwind|p1a: Whimsicott
|-sidestart|p1: Po1510|move: Tailwind
|move|p1b: Garchomp|Poison Jab|p2a: Whimsicott
|-supereffective|p2a: Whimsicott|2
|-enditem|p2a: Whimsicott|Focus Sash
|-damage|p2a: Whimsicott|1/100
|move|p2b: Basculegion|Wave Crash|p1b: Garchomp
|-damage|p1b: Garchomp|15/100
|-damage|p2b: Basculegion|87/100|[from] ability: Rough Skin|[of] p1b: Garchomp
|-damage|p2b: Basculegion|61/100|[from] Recoil
|move|p2a: Whimsicott|Moonblast|p1b: Garchomp
|-supereffective|p1b: Garchomp|1
|-enditem|p1b: Garchomp|Roseli Berry|[eat]
|-enditem|p1b: Garchomp|Roseli Berry|[weaken]
|-damage|p1b: Garchomp|0 fnt
|faint|p1b: Garchomp
|
|upkeep
|inactive|Po1510 has 30 seconds left.
|
|t:|1785688668
|switch|p1b: Floette|Floette-Eternal, L50, F|100/100
|turn|2
|
|t:|1785688687
|detailschange|p1b: Floette|Floette-Mega, L50, F
|-mega|p1b: Floette|Floette|Floettite
|-ability|p1b: Floette|Fairy Aura
|move|p1a: Whimsicott|Encore|p2a: Whimsicott
|-start|p2a: Whimsicott|Encore
|move|p1b: Floette|Moonblast|p2b: Basculegion
|-damage|p2b: Basculegion|0 fnt
|faint|p2b: Basculegion
|move|p2a: Whimsicott|Moonblast|p1b: Floette
|-damage|p1b: Floette|62/100
|
|upkeep
|
|t:|1785688710
|switch|p2b: Charizard|Charizard, L50, M|100/100
|turn|3
|
|t:|1785688722
|detailschange|p2b: Charizard|Charizard-Mega-Y, L50, M
|-mega|p2b: Charizard|Charizard|Charizardite Y
|-weather|SunnyDay|[from] ability: Drought|[of] p2b: Charizard
|move|p1a: Whimsicott|Moonblast|p2b: Charizard
|-resisted|p2b: Charizard|1
|-damage|p2b: Charizard|77/100
|move|p1b: Floette|Dazzling Gleam|p2a: Whimsicott|[spread] p2a,p2b
|-resisted|p2b: Charizard|1
|-damage|p2a: Whimsicott|0 fnt
|-damage|p2b: Charizard|54/100
|faint|p2a: Whimsicott
|move|p2b: Charizard|Weather Ball|p1b: Floette
|-damage|p1b: Floette|0 fnt
|faint|p1b: Floette
|
|-weather|SunnyDay|[upkeep]
|upkeep
|
|t:|1785688736
|switch|p2a: Garchomp|Garchomp, L50, M|100/100
|switch|p1b: Basculegion|Basculegion, L50, M|100/100
|turn|4
|inactive|toughlogvgc has 30 seconds left.
|
|t:|1785688767
|move|p2b: Charizard|Protect|p2b: Charizard
|-singleturn|p2b: Charizard|Protect
|move|p1a: Whimsicott|Moonblast|p2a: Garchomp
|-supereffective|p2a: Garchomp|1
|-damage|p2a: Garchomp|21/100
|move|p1b: Basculegion|Last Respects|p2b: Charizard
|-activate|p2b: Charizard|move: Protect
|move|p2a: Garchomp|Earthquake|p1a: Whimsicott|[spread] p1a,p1b
|-activate|p2b: Charizard|move: Protect
|-resisted|p1a: Whimsicott|1
|-crit|p1a: Whimsicott
|-damage|p1a: Whimsicott|39/100
|-damage|p1b: Basculegion|45/100
|-damage|p2a: Garchomp|11/100|[from] item: Life Orb
|
|-weather|SunnyDay|[upkeep]
|-sideend|p1: Po1510|move: Tailwind
|upkeep
|turn|5
|inactive|Po1510 has 30 seconds left.
|inactive|toughlogvgc has 30 seconds left.
|inactive|Po1510 has 20 seconds left.
|inactive|Po1510 has 15 seconds left.
|
|t:|1785688812
|move|p1a: Whimsicott|Encore|p2b: Charizard
|-start|p2b: Charizard|Encore
|move|p2b: Charizard|Protect||[still]
|-fail|p2b: Charizard
|move|p1b: Basculegion|Aqua Jet|p2a: Garchomp
|-damage|p2a: Garchomp|0 fnt
|-damage|p1b: Basculegion|33/100|[from] ability: Rough Skin|[of] p2a: Garchomp
|faint|p2a: Garchomp
|-damage|p1b: Basculegion|23/100|[from] item: Life Orb
|
|-weather|SunnyDay|[upkeep]
|upkeep
|turn|6
|
|t:|1785688823
|move|p2b: Charizard|Protect|p2b: Charizard
|-singleturn|p2b: Charizard|Protect
|move|p1a: Whimsicott|Tailwind|p1a: Whimsicott
|-sidestart|p1: Po1510|move: Tailwind
|move|p1b: Basculegion|Last Respects|p2b: Charizard
|-activate|p2b: Charizard|move: Protect
|
|-weather|SunnyDay|[upkeep]
|upkeep
|turn|7
|
|t:|1785688831
|move|p2b: Charizard|Protect||[still]
|-fail|p2b: Charizard
|move|p1a: Whimsicott|Moonblast|p2b: Charizard
|-resisted|p2b: Charizard|1
|-damage|p2b: Charizard|37/100
|move|p1b: Basculegion|Last Respects|p2b: Charizard
|-damage|p2b: Charizard|0 fnt
|faint|p2b: Charizard
|-damage|p1b: Basculegion|14/100|[from] item: Life Orb
|
|win|Po1510
||Po1510 is ready for game 2.
|inactive|toughlogvgc has 30 seconds to confirm battle start!
||toughlogvgc is ready for game 2.
|uhtml|next|Next: Game 2 of 3
