|j|☆zaraskadi
|j|☆jamirolol
|html|zaraskadijamirolol    
|uhtml|bestof|Game 1 of a best-of-3
|t:|1756970612
|gametype|doubles
|player|p1|zaraskadi|170|1227
|player|p2|jamirolol|169|1187
|gen|9
|tier|[Gen 9] VGC 2025 Reg H (Bo3)
|rated|
|rule|Species Clause: Limit one of each Pokémon
|rule|Item Clause: Limit 1 of each item
|clearpoke
|poke|p1|Indeedee, L50, M|
|poke|p1|Sneasler, L50, M|
|poke|p1|Excadrill, L50, F|
|poke|p1|Annihilape, L50, F|
|poke|p1|Corviknight, L50, M|
|poke|p1|Tyranitar, L50, F|
|poke|p2|Volcarona, L50, F|
|poke|p2|Rillaboom, L50, M|
|poke|p2|Sneasler, L50, F|
|poke|p2|Dragapult, L50, M|
|poke|p2|Oricorio-Sensu, L50, F|
|poke|p2|Tyranitar, L50, M|
|teampreview|4
|showteam|p1|Indeedee||ChoiceScarf|PsychicSurge|ExpandingForce,TeraBlast,Trick,Protect|||M|||50|,,,,,Psychic]Sneasler||PsychicSeed|Unburden|Protect,CloseCombat,DireClaw,ThroatChop|||M|||50|,,,,,Dark]Excadrill||FocusSash|SandRush|Earthquake,IronHead,HighHorsepower,Protect|||F|||50|,,,,,Ground]Annihilape||SafetyGoggles|Defiant|DrainPunch,RageFist,BulkUp,Protect|||F|||50|,,,,,Fire]Corviknight||Leftovers|MirrorArmor|BraveBird,Tailwind,BulkUp,Roost|||M|||50|,,,,,Dragon]Tyranitar||AssaultVest|SandStream|RockSlide,KnockOff,LowKick,TeraBlast|||F|||50|,,,,,Flying
|showteam|p2|Volcarona||Leftovers|FlameBody|FieryDance,GigaDrain,QuiverDance,Protect|||F|||50|,,,,,Grass]Rillaboom||AssaultVest|GrassySurge|HighHorsepower,FakeOut,GrassyGlide,WoodHammer|||M|||50|,,,,,Fire]Sneasler||GrassySeed|Unburden|DireClaw,FakeOut,CloseCombat,Protect|||F|||50|,,,,,Dark]Dragapult||ChoiceBand|ClearBody|Uturn,DragonDarts,PhantomForce,PsychicFangs|||M|||50|,,,,,Dragon]Oricorio-Sensu||FocusSash|Dancer|RevelationDance,AlluringVoice,AirSlash,Protect|||F|||50|,,,,,Fighting]Tyranitar||ClearAmulet|SandStream|Protect,DragonDance,RockSlide,KnockOff|||M|||50|,,,,,Water
|inactive|Battle timer is ON: inactive players will automatically lose when time's up. (requested by jamirolol)
|inactive|zaraskadi has 60 seconds left.
|inactive|jamirolol has 60 seconds left.
|
|t:|1756970646
|teamsize|p1|4
|teamsize|p2|4
|start
|switch|p1a: Indeedee|Indeedee, L50, M|100/100
|switch|p1b: Sneasler|Sneasler, L50, M, shiny|100/100
|switch|p2a: Dragapult|Dragapult, L50, M|100/100
|switch|p2b: Sneasler|Sneasler, L50, F, shiny|100/100
|-fieldstart|move: Psychic Terrain|[from] ability: Psychic Surge|[of] p1a: Indeedee
|-enditem|p1b: Sneasler|Psychic Seed
|-boost|p1b: Sneasler|spd|1|[from] item: Psychic Seed
|turn|1
|
|t:|1756970661
|switch|p2b: Rillaboom|Rillaboom, L50, M|100/100
|-fieldstart|move: Grassy Terrain|[from] ability: Grassy Surge|[of] p2b: Rillaboom
|-terastallize|p2a: Dragapult|Dragon
|move|p1b: Sneasler|Close Combat|p2b: Rillaboom
|-damage|p2b: Rillaboom|33/100
|-unboost|p1b: Sneasler|def|1
|-unboost|p1b: Sneasler|spd|1
|move|p1a: Indeedee|Expanding Force|p2a: Dragapult
|-damage|p2a: Dragapult|47/100
|move|p2a: Dragapult|Dragon Darts|p1b: Sneasler
|-damage|p1b: Sneasler|0 fnt
|-anim|p2a: Dragapult|Dragon Darts|p1a: Indeedee
|-damage|p1a: Indeedee|0 fnt
|faint|p1b: Sneasler
|faint|p1a: Indeedee
|
|-heal|p2a: Dragapult|53/100|[from] Grassy Terrain
|-heal|p2b: Rillaboom|39/100|[from] Grassy Terrain
|upkeep
|
|t:|1756970676
|switch|p1b: Tyranitar|Tyranitar, L50, F, shiny|100/100
|switch|p1a: Corviknight|Corviknight, L50, M, shiny|100/100
|-weather|Sandstorm|[from] ability: Sand Stream|[of] p1b: Tyranitar
|turn|2
|inactive|jamirolol has 30 seconds left.
|inactive|jamirolol has 20 seconds left.
|
|t:|1756970716
|move|p2b: Rillaboom|Fake Out|p1a: Corviknight
|-resisted|p1a: Corviknight
|-damage|p1a: Corviknight|95/100
|move|p2a: Dragapult|Dragon Darts|p1b: Tyranitar
|-damage|p1b: Tyranitar|54/100
|-anim|p2a: Dragapult|Dragon Darts|p1a: Corviknight
|-resisted|p1a: Corviknight
|-damage|p1a: Corviknight|72/100
|cant|p1a: Corviknight|flinch
|move|p1b: Tyranitar|Knock Off|p2a: Dragapult
|-damage|p2a: Dragapult|0 fnt
|-enditem|p2a: Dragapult|Choice Band|[from] move: Knock Off|[of] p1b: Tyranitar
|faint|p2a: Dragapult
|
|-weather|Sandstorm|[upkeep]
|-damage|p2b: Rillaboom|33/100|[from] Sandstorm
|-heal|p2b: Rillaboom|39/100|[from] Grassy Terrain
|-heal|p1a: Corviknight|78/100|[from] item: Leftovers
|-heal|p1b: Tyranitar|60/100|[from] Grassy Terrain
|upkeep
|
|t:|1756970725
|switch|p2a: Sneasler|Sneasler, L50, F, shiny|100/100
|-enditem|p2a: Sneasler|Grassy Seed
|-boost|p2a: Sneasler|def|1|[from] item: Grassy Seed
|turn|3
|inactive|jamirolol has 30 seconds left.
|
|t:|1756970758
|-terastallize|p1b: Tyranitar|Flying
|move|p2b: Rillaboom|Grassy Glide|p1b: Tyranitar
|-resisted|p1b: Tyranitar
|-damage|p1b: Tyranitar|46/100
|move|p2a: Sneasler|Close Combat|p1b: Tyranitar
|-resisted|p1b: Tyranitar
|-damage|p1b: Tyranitar|19/100
|-unboost|p2a: Sneasler|def|1
|-unboost|p2a: Sneasler|spd|1
|move|p1a: Corviknight|Bulk Up|p1a: Corviknight
|-boost|p1a: Corviknight|atk|1
|-boost|p1a: Corviknight|def|1
|move|p1b: Tyranitar|Tera Blast|p2b: Rillaboom|[anim] Tera Blast Flying
|-supereffective|p2b: Rillaboom
|-damage|p2b: Rillaboom|0 fnt
|faint|p2b: Rillaboom
|
|-weather|Sandstorm|[upkeep]
|-damage|p2a: Sneasler|95/100|[from] Sandstorm
|-damage|p1b: Tyranitar|13/100|[from] Sandstorm
|-heal|p2a: Sneasler|100/100|[from] Grassy Terrain
|-heal|p1a: Corviknight|83/100|[from] item: Leftovers
|upkeep
|
|t:|1756970761
|switch|p2b: Tyranitar|Tyranitar, L50, M|100/100
|turn|4
|inactive|zaraskadi has 30 seconds left.
|
|t:|1756970789
|move|p2a: Sneasler|Close Combat|p1a: Corviknight
|-damage|p1a: Corviknight|49/100
|-unboost|p2a: Sneasler|def|1
|-unboost|p2a: Sneasler|spd|1
|move|p2b: Tyranitar|Rock Slide|p1a: Corviknight|[spread] p1a,p1b
|-supereffective|p1b: Tyranitar
|-damage|p1a: Corviknight|32/100
|-damage|p1b: Tyranitar|0 fnt
|faint|p1b: Tyranitar
|cant|p1a: Corviknight|flinch
|
|-weather|Sandstorm|[upkeep]
|-damage|p2a: Sneasler|95/100|[from] Sandstorm
|-heal|p2a: Sneasler|100/100|[from] Grassy Terrain
|-heal|p1a: Corviknight|38/100|[from] item: Leftovers
|upkeep
|turn|5
|
|t:|1756970802
|move|p2a: Sneasler|Close Combat|p1a: Corviknight
|-damage|p1a: Corviknight|2/100
|-unboost|p2a: Sneasler|def|1
|-unboost|p2a: Sneasler|spd|1
|move|p2b: Tyranitar|Knock Off|p1a: Corviknight
|-damage|p1a: Corviknight|0 fnt
|-enditem|p1a: Corviknight|Leftovers|[from] move: Knock Off|[of] p2b: Tyranitar
|faint|p1a: Corviknight
|
|win|jamirolol
||jamirolol is ready for game 2.
|inactive|zaraskadi has 30 seconds to confirm battle start!
||zaraskadi is ready for game 2.
|uhtml|next|Next: Game 2 of 3
|l|☆zaraskadi
|player|p1|
