|j|☆kenepa21
|j|☆Brutalandathebozz
|html|kenepa21Brutalandathebozz    
|uhtml|bestof|Game 1 of a best-of-3
|t:|1756316120
|gametype|doubles
|player|p1|kenepa21|101|
|player|p2|Brutalandathebozz|101|
|gen|9
|tier|[Gen 9] VGC 2025 Reg H (Bo3)
|rule|Species Clause: Limit one of each Pokémon
|rule|Item Clause: Limit 1 of each item
|clearpoke
|poke|p1|Garchomp, L50, F|
|poke|p1|Talonflame, L50, F|
|poke|p1|Gholdengo, L50|
|poke|p1|Electabuzz, L50, M|
|poke|p1|Politoed, L50, F|
|poke|p1|Azumarill, L50, M|
|poke|p2|Sneasler, L50, M|
|poke|p2|Electabuzz, L50, F|
|poke|p2|Rillaboom, L50, F|
|poke|p2|Primarina, L50, F|
|poke|p2|Kingambit, L50, F|
|poke|p2|Volcarona, L50, M|
|teampreview|4
|showteam|p1|Garchomp||LifeOrb|RoughSkin|StompingTantrum,Earthquake,DragonClaw,Protect|||F|||50|,,,,,Ground]Talonflame||FocusSash|GaleWings|DualWingbeat,Tailwind,WillOWisp,Protect|||F|||50|,,,,,Ghost]Gholdengo||SpookyPlate|GoodasGold|MakeItRain,ShadowBall,NastyPlot,Protect||||||50|,,,,,Water]Electabuzz||Eviolite|VitalSpirit|Electroweb,FollowMe,Taunt,Protect|||M|||50|,,,,,Dragon]Politoed||SitrusBerry|Drizzle|WeatherBall,IceBeam,Haze,Protect|||F|||50|,,,,,Grass]Azumarill||AssaultVest|HugePower|Liquidation,PlayRough,AquaJet,IceSpinner|||M|||50|,,,,,Fairy
|showteam|p2|Sneasler||FocusSash|PoisonTouch|FakeOut,CloseCombat,DireClaw,Protect|||M|||50|,,,,,Ghost]Electabuzz||Eviolite|VitalSpirit|Protect,Taunt,FollowMe,Electroweb|||F|||50|,,,,,Ghost]Rillaboom||AssaultVest|GrassySurge|WoodHammer,GrassyGlide,FakeOut,HighHorsepower|||F|||50|,,,,,Fire]Primarina||SitrusBerry|LiquidVoice|HyperVoice,Moonblast,Protect,Haze|||F|||50|,,,,,Poison]Kingambit||BlackGlasses|Defiant|KowtowCleave,SuckerPunch,Protect,SwordsDance|||F|||50|,,,,,Dark]Volcarona||Leftovers|FlameBody|HeatWave,TeraBlast,QuiverDance,Protect|||M|||50|,,,,,Fairy
|
|t:|1756316154
|teamsize|p1|4
|teamsize|p2|4
|start
|switch|p1a: Garchomp|Garchomp, L50, F|100/100
|switch|p1b: Talonflame|Talonflame, L50, F|100/100
|switch|p2a: Rillaboom|Rillaboom, L50, F|100/100
|switch|p2b: Volcarona|Volcarona, L50, M, shiny|100/100
|-fieldstart|move: Grassy Terrain|[from] ability: Grassy Surge|[of] p2a: Rillaboom
|turn|1
|
|t:|1756316173
|-terastallize|p2b: Volcarona|Fairy
|move|p2a: Rillaboom|Fake Out|p1a: Garchomp
|-damage|p1a: Garchomp|88/100
|-damage|p2a: Rillaboom|88/100|[from] ability: Rough Skin|[of] p1a: Garchomp
|move|p1b: Talonflame|Dual Wingbeat|p2b: Volcarona
|-damage|p2b: Volcarona|81/100
|-damage|p2b: Volcarona|62/100
|-hitcount|p2b: Volcarona|2
|cant|p1a: Garchomp|flinch
|move|p2b: Volcarona|Quiver Dance|p2b: Volcarona
|-boost|p2b: Volcarona|spa|1
|-boost|p2b: Volcarona|spd|1
|-boost|p2b: Volcarona|spe|1
|
|-heal|p2b: Volcarona|69/100|[from] Grassy Terrain
|-heal|p2b: Volcarona|75/100|[from] item: Leftovers
|-heal|p1a: Garchomp|94/100|[from] Grassy Terrain
|-heal|p2a: Rillaboom|94/100|[from] Grassy Terrain
|upkeep
|turn|2
|
|t:|1756316188
|move|p1a: Garchomp|Protect|p1a: Garchomp
|-singleturn|p1a: Garchomp|Protect
|move|p1b: Talonflame|Tailwind|p1b: Talonflame
|-sidestart|p1: kenepa21|move: Tailwind
|move|p2b: Volcarona|Quiver Dance|p2b: Volcarona
|-boost|p2b: Volcarona|spa|1
|-boost|p2b: Volcarona|spd|1
|-boost|p2b: Volcarona|spe|1
|move|p2a: Rillaboom|Wood Hammer|p1a: Garchomp
|-activate|p1a: Garchomp|move: Protect
|
|-heal|p1a: Garchomp|100/100|[from] Grassy Terrain
|-heal|p2b: Volcarona|81/100|[from] Grassy Terrain
|-heal|p2b: Volcarona|87/100|[from] item: Leftovers
|-heal|p2a: Rillaboom|100/100|[from] Grassy Terrain
|upkeep
|turn|3
|
|t:|1756316206
|-terastallize|p1a: Garchomp|Ground
|move|p1b: Talonflame|Dual Wingbeat|p2a: Rillaboom
|-supereffective|p2a: Rillaboom
|-damage|p2a: Rillaboom|68/100
|-supereffective|p2a: Rillaboom
|-damage|p2a: Rillaboom|39/100
|-hitcount|p2a: Rillaboom|2
|move|p1a: Garchomp|Stomping Tantrum|p2b: Volcarona
|-damage|p2b: Volcarona|10/100
|-damage|p1a: Garchomp|91/100|[from] item: Life Orb
|move|p2b: Volcarona|Heat Wave|p1b: Talonflame|[spread] p1a,p1b
|-resisted|p1b: Talonflame
|-damage|p1a: Garchomp|17/100
|-damage|p1b: Talonflame|44/100
|move|p2a: Rillaboom|Wood Hammer|p1a: Garchomp
|-supereffective|p1a: Garchomp
|-damage|p1a: Garchomp|0 fnt
|-damage|p2a: Rillaboom|27/100|[from] ability: Rough Skin|[of] p1a: Garchomp
|faint|p1a: Garchomp
|-damage|p2a: Rillaboom|21/100|[from] Recoil
|
|-heal|p2b: Volcarona|17/100|[from] Grassy Terrain
|-heal|p2b: Volcarona|23/100|[from] item: Leftovers
|-heal|p2a: Rillaboom|28/100|[from] Grassy Terrain
|upkeep
|
|t:|1756316217
|switch|p1a: Azumarill|Azumarill, L50, M, shiny|100/100
|turn|4
|
|t:|1756316242
|move|p2b: Volcarona|Protect|p2b: Volcarona
|-singleturn|p2b: Volcarona|Protect
|move|p1a: Azumarill|Aqua Jet|p2b: Volcarona
|-activate|p2b: Volcarona|move: Protect
|move|p2a: Rillaboom|Grassy Glide|p1a: Azumarill
|-supereffective|p1a: Azumarill
|-damage|p1a: Azumarill|28/100
|move|p1b: Talonflame|Dual Wingbeat|p2a: Rillaboom
|-supereffective|p2a: Rillaboom
|-damage|p2a: Rillaboom|0 fnt
|faint|p2a: Rillaboom
|-hitcount|p2: Rillaboom|1
|
|-heal|p2b: Volcarona|29/100|[from] Grassy Terrain
|-heal|p2b: Volcarona|35/100|[from] item: Leftovers
|-heal|p1a: Azumarill|34/100|[from] Grassy Terrain
|upkeep
|
|t:|1756316252
|switch|p2a: Electabuzz|Electabuzz, L50, F|100/100
|turn|5
|
|t:|1756316274
|move|p2a: Electabuzz|Follow Me|p2a: Electabuzz
|-singleturn|p2a: Electabuzz|move: Follow Me
|move|p1b: Talonflame|Dual Wingbeat|p2a: Electabuzz
|-resisted|p2a: Electabuzz
|-damage|p2a: Electabuzz|94/100
|-resisted|p2a: Electabuzz
|-damage|p2a: Electabuzz|88/100
|-hitcount|p2a: Electabuzz|2
|move|p2b: Volcarona|Tera Blast|p1a: Azumarill|[anim] Tera Blast Fairy
|-damage|p1a: Azumarill|0 fnt
|faint|p1a: Azumarill
|
|-heal|p2b: Volcarona|42/100|[from] Grassy Terrain
|-heal|p2b: Volcarona|48/100|[from] item: Leftovers
|-heal|p2a: Electabuzz|94/100|[from] Grassy Terrain
|-sideend|p1: kenepa21|move: Tailwind
|-fieldend|move: Grassy Terrain
|upkeep
|
|t:|1756316279
|switch|p1a: Politoed|Politoed, L50, F|100/100
|-weather|RainDance|[from] ability: Drizzle|[of] p1a: Politoed
|turn|6
|-message|kenepa21 forfeited.
|
|win|Brutalandathebozz
||kenepa21 is ready for game 2.
||Brutalandathebozz is ready for game 2.
|uhtml|next|Next: Game 2 of 3
