|j|☆av yveltal better
|j|☆ShrekBK
|html|av yveltal betterShrekBK    
|uhtml|bestof|Game 3 of a best-of-3
|t:|1755735424
|gametype|doubles
|player|p1|av yveltal better|silver|1387
|player|p2|ShrekBK|lucas|1511
|gen|9
|tier|[Gen 9] VGC 2025 Reg H (Bo3)
|rated|
|rule|Species Clause: Limit one of each Pokémon
|rule|Item Clause: Limit 1 of each item
|clearpoke
|poke|p1|Ursaluna-Bloodmoon, L50, M|
|poke|p1|Ninetales-Alola, L50, F|
|poke|p1|Magmar, L50, F|
|poke|p1|Kingambit, L50, M|
|poke|p1|Sneasler, L50, M|
|poke|p1|Dragonite, L50, F|
|poke|p2|Archaludon, L50, F|
|poke|p2|Gholdengo, L50|
|poke|p2|Garchomp, L50, F|
|poke|p2|Flamigo, L50, F|
|poke|p2|Murkrow, L50, F|
|poke|p2|Maushold, L50|
|teampreview|4
|showteam|p1|Ursaluna-Bloodmoon||AssaultVest|MindsEye|HyperVoice,BloodMoon,EarthPower,VacuumWave|||M|||50|,,,,,Ghost]Ninetales-Alola||NeverMeltIce|SnowWarning|Blizzard,FreezeDry,Encore,Protect|||F|||50|,,,,,Ghost]Magmar||Eviolite|VitalSpirit|BurningJealousy,Taunt,Protect,FollowMe|||F|||50|,,,,,Ghost]Kingambit||BlackGlasses|Defiant|KowtowCleave,SuckerPunch,Protect,SwordsDance|||M|||50|,,,,,Fire]Sneasler||FocusSash|PoisonTouch|CloseCombat,DireClaw,FakeOut,Protect|||M|||50|,,,,,Ghost]Dragonite||LoadedDice|Multiscale|ScaleShot,Tailwind,Haze,Protect|||F|||50|,,,,,Steel
|showteam|p2|Archaludon||AssaultVest|Stamina|BodyPress,DracoMeteor,ElectroShot,FlashCannon|||F|||50|,,,,,Grass]Gholdengo||ChoiceSpecs|GoodasGold|MakeItRain,Trick,ShadowBall,TeraBlast||||||50|,,,,,Fighting]Garchomp||LifeOrb|RoughSkin|Earthquake,DragonClaw,StompingTantrum,Protect|||F|||50|,,,,,Ground]Flamigo||FocusSash|Scrappy|CloseCombat,DualWingbeat,Feint,Protect|||F|||50|,,,,,Ghost]Murkrow||Eviolite|Prankster|FoulPlay,Tailwind,RainDance,Haze|||F|||50|,,,,,Ghost]Maushold||WideLens|Technician|PopulationBomb,Taunt,FollowMe,Protect||||||50|,,,,,Ghost
|
|t:|1755735475
|teamsize|p1|4
|teamsize|p2|4
|start
|switch|p1a: Kingambit|Kingambit, L50, M|100/100
|switch|p1b: Dragonite|Dragonite, L50, F|100/100
|switch|p2a: Garchomp|Garchomp, L50, F|100/100
|switch|p2b: Murkrow|Murkrow, L50, F|100/100
|turn|1
|
|t:|1755735491
|move|p1a: Kingambit|Sucker Punch|p2a: Garchomp
|-damage|p2a: Garchomp|54/100
|-damage|p1a: Kingambit|88/100|[from] ability: Rough Skin|[of] p2a: Garchomp
|move|p2a: Garchomp|Dragon Claw|p1b: Dragonite
|-supereffective|p1b: Dragonite
|-damage|p1b: Dragonite|38/100
|-damage|p2a: Garchomp|44/100|[from] item: Life Orb
|move|p2b: Murkrow|Foul Play|p1b: Dragonite
|-damage|p1b: Dragonite|0 fnt
|faint|p1b: Dragonite
|
|upkeep
|
|t:|1755735506
|switch|p1b: Ninetales|Ninetales-Alola, L50, F|100/100
|-weather|Snowscape|[from] ability: Snow Warning|[of] p1b: Ninetales
|turn|2
|
|t:|1755735518
|move|p1a: Kingambit|Protect|p1a: Kingambit
|-singleturn|p1a: Kingambit|Protect
|move|p2b: Murkrow|Tailwind|p2b: Murkrow
|-sidestart|p2: ShrekBK|move: Tailwind
|move|p2a: Garchomp|Earthquake|p1b: Ninetales|[spread] p1b
|-activate|p1a: Kingambit|move: Protect
|-immune|p2b: Murkrow
|-damage|p1b: Ninetales|52/100
|-damage|p2a: Garchomp|34/100|[from] item: Life Orb
|move|p1b: Ninetales|Blizzard|p2b: Murkrow|[spread] p2a,p2b
|-supereffective|p2a: Garchomp
|-supereffective|p2b: Murkrow
|-damage|p2a: Garchomp|0 fnt
|-damage|p2b: Murkrow|14/100
|faint|p2a: Garchomp
|
|-weather|Snowscape|[upkeep]
|upkeep
|
|t:|1755735523
|switch|p2a: Flamigo|Flamigo, L50, F|100/100
|turn|3
|
|t:|1755735541
|-terastallize|p1a: Kingambit|Fire
|move|p2a: Flamigo|Protect|p2a: Flamigo
|-singleturn|p2a: Flamigo|Protect
|move|p1a: Kingambit|Sucker Punch|p2b: Murkrow
|-resisted|p2b: Murkrow
|-damage|p2b: Murkrow|0 fnt
|faint|p2b: Murkrow
|move|p1b: Ninetales|Blizzard|p2a: Flamigo
|-activate|p2a: Flamigo|move: Protect
|
|-weather|Snowscape|[upkeep]
|upkeep
|
|t:|1755735546
|switch|p2b: Gholdengo|Gholdengo, L50|100/100
|turn|4
|
|t:|1755735577
|switch|p1b: Sneasler|Sneasler, L50, M|100/100
|-terastallize|p2b: Gholdengo|Fighting
|move|p2a: Flamigo|Feint|p1a: Kingambit
|-damage|p1a: Kingambit|80/100
|move|p1a: Kingambit|Sucker Punch|p2b: Gholdengo
|-resisted|p2b: Gholdengo
|-damage|p2b: Gholdengo|72/100
|move|p2b: Gholdengo|Make It Rain|p1a: Kingambit|[spread] p1a,p1b
|-resisted|p1a: Kingambit
|-damage|p1a: Kingambit|42/100
|-enditem|p1b: Sneasler|Focus Sash
|-damage|p1b: Sneasler|1/100
|-unboost|p2b: Gholdengo|spa|1
|
|-weather|Snowscape|[upkeep]
|upkeep
|turn|5
|
|t:|1755735609
|move|p1b: Sneasler|Fake Out|p2a: Flamigo
|-damage|p2a: Flamigo|81/100
|cant|p2a: Flamigo|flinch
|move|p2b: Gholdengo|Make It Rain|p1b: Sneasler|[spread] p1a,p1b
|-resisted|p1a: Kingambit
|-damage|p1a: Kingambit|17/100
|-damage|p1b: Sneasler|0 fnt
|-unboost|p2b: Gholdengo|spa|1
|faint|p1b: Sneasler
|move|p1a: Kingambit|Kowtow Cleave|p2b: Gholdengo
|-resisted|p2b: Gholdengo
|-damage|p2b: Gholdengo|36/100
|
|-weather|Snowscape|[upkeep]
|-sideend|p2: ShrekBK|move: Tailwind
|upkeep
|
|t:|1755735612
|switch|p1b: Ninetales|Ninetales-Alola, L50, F|52/100
|turn|6
|-message|ShrekBK forfeited.
|raw|av yveltal better's rating: 1387 → 1414(+27 for winning)
|raw|ShrekBK's rating: 1511 → 1484(-27 for losing)
|
|win|av yveltal better
|l|☆ShrekBK
|player|p2|
