|j|☆Cristante terabug
|j|☆Cage92
|html|Cristante terabugCage92    
|uhtml|bestof|Game 1 of a best-of-3
|t:|1756841102
|gametype|doubles
|player|p1|Cristante terabug|kieran-champion|
|player|p2|Cage92|bugsy|
|gen|9
|tier|[Gen 9] VGC 2025 Reg H (Bo3)
|rule|Species Clause: Limit one of each Pokémon
|rule|Item Clause: Limit 1 of each item
|clearpoke
|poke|p1|Incineroar, L50, M|
|poke|p1|Pelipper, L50, M|
|poke|p1|Archaludon, L50, M|
|poke|p1|Dragonite, L50, M|
|poke|p1|Sinistcha, L50|
|poke|p1|Ursaluna, L50, F|
|poke|p2|Corviknight, L50, M|
|poke|p2|Garchomp, L50, M|
|poke|p2|Tyranitar, L50, M|
|poke|p2|Gholdengo, L50|
|poke|p2|Sneasler, L50, M|
|poke|p2|Incineroar, L50, M|
|teampreview|4
|showteam|p1|Incineroar||SafetyGoggles|Intimidate|FakeOut,PartingShot,KnockOff,Taunt|||M|||50|,,,,,Ghost]Pelipper||FocusSash|Drizzle|Hurricane,MuddyWater,Tailwind,Protect|||M|||50|,,,,,Ghost]Archaludon||AssaultVest|Stamina|ElectroShot,Snarl,FlashCannon,BodyPress|||M|||50|,,,,,Fighting]Dragonite||LoadedDice|Multiscale|ScaleShot,Tailwind,Haze,Protect|||M|||50|,,,,,Fairy]Sinistcha||SitrusBerry|Hospitality|MatchaGotcha,RagePowder,LifeDew,TrickRoom||||||50|,,,,,Dark]Ursaluna||FlameOrb|Guts|Earthquake,Facade,HeadlongRush,Protect|||F|||50|,,,,,Ghost
|showteam|p2|Corviknight||CovertCloak|MirrorArmor|BraveBird,Taunt,Roost,Tailwind|||M|||50|,,,,,Dragon]Garchomp||ClearAmulet|RoughSkin|Earthquake,DragonClaw,StompingTantrum,Protect|||M|||50|,,,,,Steel]Tyranitar||AssaultVest|SandStream|RockSlide,KnockOff,TeraBlast,LowKick|||M|||50|,,,,,Flying]Gholdengo||LifeOrb|GoodasGold|MakeItRain,ShadowBall,NastyPlot,Protect||||||50|,,,,,Flying]Sneasler||WhiteHerb|Unburden|DireClaw,CloseCombat,Coaching,Protect|||M|||50|,,,,,Ghost]Incineroar||SafetyGoggles|Intimidate|FlareBlitz,WillOWisp,PartingShot,FakeOut|||M|||50|,,,,,Ghost
|
|t:|1756841130
|teamsize|p1|4
|teamsize|p2|4
|start
|switch|p1a: Paolo|Dragonite, L50, M|100/100
|switch|p1b: Olmo|Ursaluna, L50, F|100/100
|switch|p2a: Incineroar|Incineroar, L50, M|100/100
|switch|p2b: Gholdengo|Gholdengo, L50|100/100
|-ability|p2a: Incineroar|Intimidate|boost
|-unboost|p1a: Paolo|atk|1
|-unboost|p1b: Olmo|atk|1
|turn|1
|
|t:|1756841167
|switch|p1a: Luca|Archaludon, L50, M|100/100
|-terastallize|p1b: Olmo|Ghost
|move|p2a: Incineroar|Fake Out|p1a: Luca
|-resisted|p1a: Luca
|-damage|p1a: Luca|97/100
|-ability|p1a: Luca|Stamina|boost
|-boost|p1a: Luca|def|1
|move|p2b: Gholdengo|Nasty Plot|p2b: Gholdengo
|-boost|p2b: Gholdengo|spa|2
|move|p1b: Olmo|Headlong Rush|p2b: Gholdengo
|-supereffective|p2b: Gholdengo
|-damage|p2b: Gholdengo|9/100
|-unboost|p1b: Olmo|def|1
|-unboost|p1b: Olmo|spd|1
|
|-status|p1b: Olmo|brn|[from] item: Flame Orb
|upkeep
|turn|2
|
|t:|1756841230
|switch|p2a: Corviknight|Corviknight, L50, M, shiny|100/100
|move|p2b: Gholdengo|Protect|p2b: Gholdengo
|-singleturn|p2b: Gholdengo|Protect
|move|p1a: Luca|Snarl|p2b: Gholdengo|[spread] p2a
|-activate|p2b: Gholdengo|move: Protect
|-damage|p2a: Corviknight|90/100
|move|p1b: Olmo|Facade|p2a: Corviknight
|-resisted|p2a: Corviknight
|-damage|p2a: Corviknight|56/100
|
|-damage|p1b: Olmo|94/100 brn|[from] brn
|upkeep
|turn|3
|
|t:|1756841249
|move|p1b: Olmo|Protect|p1b: Olmo
|-singleturn|p1b: Olmo|Protect
|move|p2b: Gholdengo|Shadow Ball|p1a: Luca
|-damage|p1a: Luca|20/100
|-ability|p1a: Luca|Stamina|boost
|-boost|p1a: Luca|def|1
|-damage|p2b: Gholdengo|0 fnt|[from] item: Life Orb
|faint|p2b: Gholdengo
|move|p2a: Corviknight|Tailwind|p2a: Corviknight
|-sidestart|p2: Cage92|move: Tailwind
|move|p1a: Luca|Snarl|p2a: Corviknight
|-damage|p2a: Corviknight|40/100
|
|-damage|p1b: Olmo|88/100 brn|[from] brn
|upkeep
|
|t:|1756841274
|switch|p2b: Tyranitar|Tyranitar, L50, M|100/100
|-weather|Sandstorm|[from] ability: Sand Stream|[of] p2b: Tyranitar
|turn|4
|
|t:|1756841295
|switch|p1b: Silvano|Pelipper, L50, M, shiny|100/100
|-weather|RainDance|[from] ability: Drizzle|[of] p1b: Silvano
|move|p2a: Corviknight|Roost|p2a: Corviknight
|-heal|p2a: Corviknight|90/100
|-singleturn|p2a: Corviknight|move: Roost
|move|p2b: Tyranitar|Knock Off|p1a: Luca
|-damage|p1a: Luca|3/100
|-ability|p1a: Luca|Stamina|boost
|-boost|p1a: Luca|def|1
|-enditem|p1a: Luca|Assault Vest|[from] move: Knock Off|[of] p2b: Tyranitar
|move|p1a: Luca|Electro Shot||[still]
|-prepare|p1a: Luca|Electro Shot
|-boost|p1a: Luca|spa|1
|-anim|p1a: Luca|Electro Shot|p2a: Corviknight
|-damage|p2a: Corviknight|33/100
|
|-weather|RainDance|[upkeep]
|upkeep
|turn|5
|
|t:|1756841320
|move|p2a: Corviknight|Brave Bird|p1b: Silvano
|-crit|p1b: Silvano
|-damage|p1b: Silvano|25/100
|-damage|p2a: Corviknight|16/100|[from] Recoil
|move|p2b: Tyranitar|Rock Slide|p1a: Luca|[spread] p1a,p1b
|-resisted|p1a: Luca
|-supereffective|p1b: Silvano
|-damage|p1a: Luca|0 fnt
|-damage|p1b: Silvano|0 fnt
|faint|p1a: Luca
|faint|p1b: Silvano
|
|-weather|RainDance|[upkeep]
|upkeep
|
|t:|1756841327
|switch|p1b: Olmo|Ursaluna, L50, F, tera:Ghost|88/100 brn
|switch|p1a: Paolo|Dragonite, L50, M|100/100
|turn|6
|
|t:|1756841346
|switch|p2b: Incineroar|Incineroar, L50, M|100/100
|-ability|p2b: Incineroar|Intimidate|boost
|-unboost|p1a: Paolo|atk|1
|-unboost|p1b: Olmo|atk|1
|move|p2a: Corviknight|Roost|p2a: Corviknight
|-heal|p2a: Corviknight|66/100
|-singleturn|p2a: Corviknight|move: Roost
|move|p1a: Paolo|Tailwind|p1a: Paolo
|-sidestart|p1: Cristante terabug|move: Tailwind
|move|p1b: Olmo|Earthquake|p2b: Incineroar|[spread] p2a,p2b
|-immune|p1a: Paolo
|-supereffective|p2a: Corviknight
|-supereffective|p2b: Incineroar
|-damage|p2a: Corviknight|0 fnt
|-damage|p2b: Incineroar|25/100
|faint|p2a: Corviknight
|
|-weather|RainDance|[upkeep]
|-damage|p1b: Olmo|82/100 brn|[from] brn
|-sideend|p2: Cage92|move: Tailwind
|upkeep
|
|t:|1756841361
|switch|p2a: Tyranitar|Tyranitar, L50, M|100/100
|-weather|Sandstorm|[from] ability: Sand Stream|[of] p2a: Tyranitar
|turn|7
|
|t:|1756841397
|move|p1a: Paolo|Protect|p1a: Paolo
|-singleturn|p1a: Paolo|Protect
|move|p1b: Olmo|Protect|p1b: Olmo
|-singleturn|p1b: Olmo|Protect
|move|p2b: Incineroar|Fake Out|p1a: Paolo
|-activate|p1a: Paolo|move: Protect
|move|p2a: Tyranitar|Knock Off|p1b: Olmo
|-activate|p1b: Olmo|move: Protect
|
|-weather|Sandstorm|[upkeep]
|-damage|p1a: Paolo|95/100|[from] Sandstorm
|-damage|p1b: Olmo|76/100 brn|[from] Sandstorm
|-damage|p1b: Olmo|70/100 brn|[from] brn
|upkeep
|turn|8
|
|t:|1756841420
|-terastallize|p2a: Tyranitar|Flying
|move|p1a: Paolo|Scale Shot|p2b: Incineroar
|-damage|p2b: Incineroar|17/100
|-damage|p2b: Incineroar|9/100
|-damage|p2b: Incineroar|1/100
|-damage|p2b: Incineroar|0 fnt
|faint|p2b: Incineroar
|-hitcount|p2: Incineroar|4
|-unboost|p1a: Paolo|def|1
|-boost|p1a: Paolo|spe|1
|move|p1b: Olmo|Facade|p2a: Tyranitar
|-damage|p2a: Tyranitar|25/100
|move|p2a: Tyranitar|Knock Off|p1b: Olmo
|-supereffective|p1b: Olmo
|-damage|p1b: Olmo|0 fnt
|-enditem|p1b: Olmo|Flame Orb|[from] move: Knock Off|[of] p2a: Tyranitar
|faint|p1b: Olmo
|
|-weather|Sandstorm|[upkeep]
|-damage|p1a: Paolo|89/100|[from] Sandstorm
|-damage|p2a: Tyranitar|19/100|[from] Sandstorm
|upkeep
|turn|9
|
|t:|1756841443
|move|p1a: Paolo|Haze|p1a: Paolo
|-clearallboost
|move|p2a: Tyranitar|Rock Slide|p1a: Paolo
|-supereffective|p1a: Paolo
|-crit|p1a: Paolo
|-damage|p1a: Paolo|0 fnt
|faint|p1a: Paolo
|
|win|Cage92
|c|☆Cristante terabug|dio porco
|inactive|Cristante terabug has 30 seconds to confirm battle start!
|inactive|Cage92 has 30 seconds to confirm battle start!
||Cristante terabug is ready for game 2.
|c|☆Cage92|MA PORCO DIO
||Cage92 is ready for game 2.
|uhtml|next|Next: Game 2 of 3
