|j|☆gundnub
|j|☆mikewww
|html|gundnubmikewww    
|uhtml|bestof|Game 1 of a best-of-3
|t:|1783349330
|gametype|doubles
|player|p1|gundnub|pokemonranger-gen4|
|player|p2|mikewww|swimmer-gen4dp|
|gen|9
|tier|[Gen 9 Champions] VGC 2026 Reg M-B (Bo3)
|rule|Species Clause: Limit one of each Pokémon
|rule|Item Clause: Limit 1 of each item
|clearpoke
|poke|p1|Pidgeot, L50, F|
|poke|p1|Krookodile, L50, M|
|poke|p1|Floette-Eternal, L50, F|
|poke|p1|Toxicroak, L50, F|
|poke|p1|Chandelure, L50, F|
|poke|p1|Abomasnow, L50, F|
|poke|p2|Pidgeot, L50, F|
|poke|p2|Krookodile, L50, F|
|poke|p2|Feraligatr, L50, F|
|poke|p2|Scovillain, L50, F|
|poke|p2|Orthworm, L50, M|
|poke|p2|Gardevoir, L50, F|
|teampreview|4
|showteam|p1|Pidgeot||Pidgeotite|BigPecks|Protect,Hurricane,HeatWave,Tailwind|Timid||F|||50|]Krookodile||PasshoBerry|Intimidate|Protect,HighHorsepower,LashOut,Earthquake|Adamant||M|||50|]Floette-Eternal||LifeOrb|FlowerVeil|Protect,Moonblast,DazzlingGleam,LightofRuin|Modest||F|||50|]Toxicroak||WhiteHerb|DrySkin|Protect,PoisonJab,CloseCombat,FakeOut|Jolly||F|||50|]Chandelure||Chandelurite|FlashFire|Protect,HeatWave,ShadowBall,TrickRoom|Modest||F|||50|]Abomasnow||FocusSash|SnowWarning|Protect,Blizzard,EnergyBall,EarthPower|Quiet||F|||50|
|showteam|p2|Pidgeot||Pidgeotite|BigPecks|Protect,HeatWave,Hurricane,Tailwind|Timid||F|||50|]Krookodile||LifeOrb|Intimidate|Protect,Earthquake,KnockOff,Snarl|Jolly||F|||50|]Feraligatr||Feraligite|SheerForce|Protect,DoubleEdge,Waterfall,AquaJet|Adamant||F|||50|]Scovillain||FocusSash|Insomnia|Protect,Overheat,LeafStorm,RagePowder|Modest||F|||50|]Orthworm||SitrusBerry|EarthEater|Protect,HeavySlam,BodyPress,ShedTail|Relaxed||M|||50|]Gardevoir||FairyFeather|Telepathy|Protect,DazzlingGleam,Psychic,Encore|Timid||F|||50|
|inactive|Battle timer is ON: inactive players will automatically lose when time's up. (requested by gundnub)
|inactive|mikewww also wants the timer to be on.
|inactive|gundnub has 60 seconds left.
|inactive|mikewww has 60 seconds left.
|inactive|gundnub has 30 seconds left.
|inactive|mikewww has 30 seconds left.
|
|t:|1783349399
|teamsize|p1|4
|teamsize|p2|4
|start
|switch|p1a: Pidgeot|Pidgeot, L50, F|100/100
|switch|p1b: Toxicroak|Toxicroak, L50, F|100/100
|switch|p2a: Feraligatr|Feraligatr, L50, F|100/100
|switch|p2b: Scovillain|Scovillain, L50, F|100/100
|turn|1
|inactive|gundnub has 30 seconds left.
|inactive|mikewww has 30 seconds left.
|inactive|gundnub has 20 seconds left.
|inactive|gundnub has 15 seconds left.
|inactive|mikewww has 20 seconds left.
|inactive|gundnub has 10 seconds left.
|
|t:|1783349448
|detailschange|p2a: Feraligatr|Feraligatr-Mega, L50, F
|-mega|p2a: Feraligatr|Feraligatr|Feraligite
|move|p1a: Pidgeot|Protect|p1a: Pidgeot
|-singleturn|p1a: Pidgeot|Protect
|move|p1b: Toxicroak|Protect|p1b: Toxicroak
|-singleturn|p1b: Toxicroak|Protect
|move|p2b: Scovillain|Overheat|p1b: Toxicroak
|-activate|p1b: Toxicroak|move: Protect
|move|p2a: Feraligatr|Double-Edge|p1a: Pidgeot
|-activate|p1a: Pidgeot|move: Protect
|
|upkeep
|turn|2
|
|t:|1783349466
|detailschange|p1a: Pidgeot|Pidgeot-Mega, L50, F
|-mega|p1a: Pidgeot|Pidgeot|Pidgeotite
|move|p2b: Scovillain|Rage Powder|p2b: Scovillain
|-singleturn|p2b: Scovillain|move: Rage Powder
|move|p1a: Pidgeot|Hurricane|p2b: Scovillain
|-supereffective|p2b: Scovillain|1
|-enditem|p2b: Scovillain|Focus Sash
|-damage|p2b: Scovillain|1/100
|-start|p2b: Scovillain|confusion
|move|p1b: Toxicroak|Poison Jab|p2b: Scovillain
|-supereffective|p2b: Scovillain|1
|-damage|p2b: Scovillain|0 fnt
|faint|p2b: Scovillain
|move|p2a: Feraligatr|Double-Edge|p1a: Pidgeot
|-damage|p1a: Pidgeot|0 fnt
|faint|p1a: Pidgeot
|-damage|p2a: Feraligatr|62/100|[from] Recoil
|
|upkeep
|
|t:|1783349481
|switch|p1a: Floette|Floette-Eternal, L50, F|100/100
|switch|p2b: Krookodile|Krookodile, L50, F|100/100
|-ability|p2b: Krookodile|Intimidate|boost
|-unboost|p1a: Floette|atk|1
|-unboost|p1b: Toxicroak|atk|1
|-enditem|p1b: Toxicroak|White Herb
|-clearnegativeboost|p1b: Toxicroak|[silent]
|turn|3
|inactive|mikewww has 30 seconds left.
|
|t:|1783349509
|switch|p1b: Krookodile|Krookodile, L50, M|100/100
|-ability|p1b: Krookodile|Intimidate|boost
|-unboost|p2a: Feraligatr|atk|1
|-unboost|p2b: Krookodile|atk|1
|move|p2a: Feraligatr|Aqua Jet|p1a: Floette
|-damage|p1a: Floette|71/100
|move|p2b: Krookodile|Earthquake|p1a: Floette|[spread] p2a,p1a,p1b
|-damage|p2a: Feraligatr|34/100
|-damage|p1a: Floette|28/100
|-damage|p1b: Krookodile|67/100
|-damage|p2b: Krookodile|90/100|[from] item: Life Orb
|move|p1a: Floette|Dazzling Gleam|p2a: Feraligatr|[spread] p2a,p2b
|-supereffective|p2a: Feraligatr|1
|-supereffective|p2b: Krookodile|1
|-damage|p2a: Feraligatr|0 fnt
|-damage|p2b: Krookodile|0 fnt
|faint|p2a: Feraligatr
|faint|p2b: Krookodile
|-damage|p1a: Floette|18/100|[from] item: Life Orb
|
|upkeep
|
|t:|1783349523
|switch|p2a: Gardevoir|Gardevoir, L50, F|100/100
|turn|4
|inactive|gundnub has 30 seconds left.
|inactive|gundnub has 20 seconds left.
|
|t:|1783349560
|switch|p1b: Toxicroak|Toxicroak, L50, F|100/100
|move|p1a: Floette|Protect|p1a: Floette
|-singleturn|p1a: Floette|Protect
|move|p2a: Gardevoir|Dazzling Gleam|p1b: Toxicroak|[spread] p1b
|-activate|p1a: Floette|move: Protect
|-damage|p1b: Toxicroak|37/100
|
|upkeep
|turn|5
|
|t:|1783349570
|move|p2a: Gardevoir|Protect|p2a: Gardevoir
|-singleturn|p2a: Gardevoir|Protect
|move|p1b: Toxicroak|Fake Out|p2a: Gardevoir
|-activate|p2a: Gardevoir|move: Protect
|move|p1a: Floette|Light of Ruin|p2a: Gardevoir
|-activate|p2a: Gardevoir|move: Protect
|
|upkeep
|turn|6
|
|t:|1783349578
|move|p1b: Toxicroak|Poison Jab|p2a: Gardevoir
|-supereffective|p2a: Gardevoir|1
|-crit|p2a: Gardevoir
|-damage|p2a: Gardevoir|0 fnt
|faint|p2a: Gardevoir
|
|win|gundnub
||gundnub is ready for game 2.
||mikewww is ready for game 2.
|uhtml|next|Next: Game 2 of 3
|l|☆mikewww
|player|p2|
