|j|☆Kilian0610
|j|☆TheGayOneVGC
|html|Kilian0610TheGayOneVGC    
|uhtml|bestof|Game 2 of a best-of-3
|t:|1786204443
|gametype|doubles
|player|p1|Kilian0610|1|1073
|player|p2|TheGayOneVGC|265|1083
|gen|9
|tier|[Gen 9 Champions] VGC 2026 Reg M-B (Bo3)
|rated|
|rule|Species Clause: Limit one of each Pokémon
|rule|Item Clause: Limit 1 of each item
|clearpoke
|poke|p1|Sceptile, L50, M|
|poke|p1|Rotom-Heat, L50|
|poke|p1|Bellibolt, L50, F|
|poke|p1|Pelipper, L50, F|
|poke|p1|Swampert, L50, F|
|poke|p1|Basculegion, L50, M|
|poke|p2|Sinistcha, L50|
|poke|p2|Staraptor, L50, F|
|poke|p2|Talonflame, L50, M|
|poke|p2|Incineroar, L50, M|
|poke|p2|Garchomp, L50, F|
|poke|p2|Greninja, L50, F|
|teampreview|4
|showteam|p1|Sceptile||Sceptilite|Overgrow|DragonPulse,EarthPower,EnergyBall,Protect|Timid||M|||50|]Rotom-Heat||ChoiceScarf|Levitate|Discharge,Overheat,VoltSwitch,Protect|Timid|||||50|]Bellibolt||SitrusBerry|Electromorphosis|ParabolicCharge,VoltSwitch,EerieImpulse,Protect|Calm||F|||50|]Pelipper||Leftovers|Drizzle|Tailwind,WideGuard,WeatherBall,Hurricane|Modest||F|||50|]Swampert||FocusSash|Torrent|FlipTurn,KnockOff,HighHorsepower,Protect|Adamant||F|||50|]Basculegion||LifeOrb|SwiftSwim|WaveCrash,LastRespects,AquaJet,Protect|Adamant||M|||50|
|showteam|p2|Sinistcha||OccaBerry|Hospitality|ShadowBall,MatchaGotcha,LifeDew,RagePowder|Modest|||||50|]Staraptor||Staraptite|Intimidate|CloseCombat,Roost,Protect,BraveBird|Jolly||F|||50|]Talonflame||FocusSash|GaleWings|DualWingbeat,FeatherDance,Protect,Tailwind|Adamant||M|||50|]Incineroar||SitrusBerry|Intimidate|FakeOut,FlareBlitz,PartingShot,DarkestLariat|Adamant||M|||50|]Garchomp||WideLens|RoughSkin|RockSlide,DragonRush,Protect,Earthquake|Jolly||F|||50|]Greninja||Greninjite|Protean|WaterShuriken,IceBeam,Protect,SludgeWave|Modest||F|||50|
|inactive|Battle timer is ON: inactive players will automatically lose when time's up. (requested by Kilian0610)
|
|t:|1786204472
|teamsize|p1|4
|teamsize|p2|4
|start
|switch|p1a: Pelipper|Pelipper, L50, F|100/100
|switch|p1b: Basculegion|Basculegion, L50, M|100/100
|switch|p2a: Greninja|Greninja, L50, F|100/100
|switch|p2b: Incineroar|Incineroar, L50, M|100/100
|-weather|RainDance|[from] ability: Drizzle|[of] p1a: Pelipper
|-ability|p2b: Incineroar|Intimidate|boost
|-unboost|p1a: Pelipper|atk|1
|-unboost|p1b: Basculegion|atk|1
|turn|1
|inactive|Kilian0610 has 30 seconds left.
|inactive|TheGayOneVGC has 30 seconds left.
|inactive|Kilian0610 has 20 seconds left.
|inactive|TheGayOneVGC has 20 seconds left.
|inactive|Kilian0610 has 15 seconds left.
|inactive|Kilian0610 has 10 seconds left.
|
|t:|1786204517
|detailschange|p2a: Greninja|Greninja-Mega, L50, F
|-mega|p2a: Greninja|Greninja|Greninjite
|move|p2b: Incineroar|Fake Out|p1a: Pelipper
|-damage|p1a: Pelipper|88/100
|move|p1b: Basculegion|Wave Crash|p2b: Incineroar
|-supereffective|p2b: Incineroar|1
|-damage|p2b: Incineroar|0 fnt
|faint|p2b: Incineroar
|-damage|p1b: Basculegion|66/100|[from] Recoil
|-damage|p1b: Basculegion|56/100|[from] item: Life Orb
|move|p2a: Greninja|Ice Beam|p1a: Pelipper
|-start|p2a: Greninja|typechange|Ice|[from] ability: Protean
|-damage|p1a: Pelipper|19/100
|cant|p1a: Pelipper|flinch
|
|-weather|RainDance|[upkeep]
|-heal|p1a: Pelipper|25/100|[from] item: Leftovers
|upkeep
|inactive|TheGayOneVGC has 30 seconds left.
|inactive|TheGayOneVGC has 20 seconds left.
|inactive|TheGayOneVGC has 15 seconds left.
|
|t:|1786204561
|switch|p2b: Garchomp|Garchomp, L50, F|100/100
|turn|2
|j| cillianvgc
|inactive|Kilian0610 has 30 seconds left.
|inactive|TheGayOneVGC has 30 seconds left.
|inactive|Kilian0610 has 20 seconds left.
|
|t:|1786204600
|move|p1b: Basculegion|Wave Crash|p2a: Greninja
|-damage|p2a: Greninja|0 fnt
|faint|p2a: Greninja
|-damage|p1b: Basculegion|31/100|[from] Recoil
|-damage|p1b: Basculegion|22/100|[from] item: Life Orb
|move|p2b: Garchomp|Dragon Rush|p1b: Basculegion
|-damage|p1b: Basculegion|0 fnt
|faint|p1b: Basculegion
|move|p1a: Pelipper|Weather Ball|p2b: Garchomp
|-damage|p2b: Garchomp|28/100
|
|-weather|RainDance|[upkeep]
|-heal|p1a: Pelipper|31/100|[from] item: Leftovers
|upkeep
|
|t:|1786204613
|switch|p2a: Sinistcha|Sinistcha, L50|100/100
|switch|p1b: Rotom|Rotom-Heat, L50|100/100
|-heal|p2b: Garchomp|53/100|[from] ability: Hospitality|[of] p2a: Sinistcha
|turn|3
|inactive|Kilian0610 has 30 seconds left.
|inactive|Kilian0610 has 20 seconds left.
|
|t:|1786204651
|move|p2a: Sinistcha|Rage Powder|p2a: Sinistcha
|-singleturn|p2a: Sinistcha|move: Rage Powder
|move|p1b: Rotom|Overheat|p2a: Sinistcha
|-supereffective|p2a: Sinistcha|1
|-enditem|p2a: Sinistcha|Occa Berry|[eat]
|-enditem|p2a: Sinistcha|Occa Berry|[weaken]
|-damage|p2a: Sinistcha|66/100
|-unboost|p1b: Rotom|spa|2
|move|p2b: Garchomp|Dragon Rush|p1a: Pelipper
|-damage|p1a: Pelipper|0 fnt
|faint|p1a: Pelipper
|
|-weather|RainDance|[upkeep]
|upkeep
|
|t:|1786204661
|switch|p1a: Sceptile|Sceptile, L50, M|100/100
|turn|4
|
|t:|1786204685
|detailschange|p1a: Sceptile|Sceptile-Mega, L50, M
|-mega|p1a: Sceptile|Sceptile|Sceptilite
|move|p1a: Sceptile|Protect|p1a: Sceptile
|-singleturn|p1a: Sceptile|Protect
|move|p2a: Sinistcha|Rage Powder|p2a: Sinistcha
|-singleturn|p2a: Sinistcha|move: Rage Powder
|move|p1b: Rotom|Overheat|p2a: Sinistcha|[miss]
|-miss|p1b: Rotom|p2a: Sinistcha
|move|p2b: Garchomp|Rock Slide|p1a: Sceptile|[spread] p1b
|-activate|p1a: Sceptile|move: Protect
|-supereffective|p1b: Rotom|1
|-damage|p1b: Rotom|49/100
|
|-weather|RainDance|[upkeep]
|upkeep
|turn|5
|
|t:|1786204700
|move|p2a: Sinistcha|Rage Powder|p2a: Sinistcha
|-singleturn|p2a: Sinistcha|move: Rage Powder
|move|p1b: Rotom|Overheat|p2a: Sinistcha
|-supereffective|p2a: Sinistcha|1
|-damage|p2a: Sinistcha|32/100
|-unboost|p1b: Rotom|spa|2
|move|p1a: Sceptile|Dragon Pulse|p2b: Garchomp
|-supereffective|p2b: Garchomp|1
|-damage|p2b: Garchomp|0 fnt
|faint|p2b: Garchomp
|
|-weather|none
|upkeep
|turn|6
|
|t:|1786204715
|move|p1b: Rotom|Overheat|p2a: Sinistcha
|-supereffective|p2a: Sinistcha|1
|-damage|p2a: Sinistcha|0 fnt
|-unboost|p1b: Rotom|spa|2
|faint|p2a: Sinistcha
|
|win|Kilian0610
||Kilian0610 is ready for game 3.
||TheGayOneVGC is ready for game 3.
|uhtml|next|Next: Game 3 of 3
|l| cillianvgc
