|j|☆zachlobbed
|j|☆servence
|html|zachlobbedservence    
|uhtml|bestof|Game 3 of a best-of-3
|t:|1784490957
|gametype|doubles
|player|p1|zachlobbed|brock|1278
|player|p2|servence|265|1161
|gen|9
|tier|[Gen 9 Champions] VGC 2026 Reg M-B (Bo3)
|rated|
|rule|Species Clause: Limit one of each Pokémon
|rule|Item Clause: Limit 1 of each item
|clearpoke
|poke|p1|Charizard, L50, M|
|poke|p1|Floette-Eternal, L50, F|
|poke|p1|Whimsicott, L50, F|
|poke|p1|Garchomp, L50, F|
|poke|p1|Basculegion, L50, M|
|poke|p1|Kingambit, L50, M|
|poke|p2|Tyranitar, L50, F|
|poke|p2|Clefable, L50, F|
|poke|p2|Garchomp, L50, M|
|poke|p2|Sneasler, L50, M|
|poke|p2|Basculegion, L50, M|
|poke|p2|Zoroark-Hisui, L50, M|
|teampreview|4
|showteam|p1|Charizard||CharizarditeY|Blaze|Protect,HeatWave,SolarBeam,WeatherBall|Modest||M|||50|]Floette-Eternal||Floettite|FlowerVeil|Protect,LightofRuin,Moonblast,DazzlingGleam|Timid||F|||50|]Whimsicott||FocusSash|Prankster|Protect,Tailwind,Moonblast,Encore|Timid||F|||50|]Garchomp||LifeOrb|RoughSkin|Protect,DragonClaw,Earthquake,RockSlide|Jolly||F|||50|]Basculegion||MysticWater|Adaptability|Protect,AquaJet,WaveCrash,LastRespects|Adamant||M|||50|]Kingambit||BlackGlasses|Defiant|Protect,LowKick,SuckerPunch,KowtowCleave|Adamant||M|||50|
|showteam|p2|Tyranitar||Tyranitarite|SandStream|RockSlide,KnockOff,DragonDance,Protect|Jolly||F|||50|]Clefable||Clefablite|CuteCharm|Moonblast,AirSlash,DazzlingGleam,Protect|Modest||F|||50|]Garchomp||LifeOrb|RoughSkin|Earthquake,RockSlide,DragonClaw,Protect|Jolly||M|||50|]Sneasler||WhiteHerb|Unburden|FakeOut,CloseCombat,PoisonJab,Protect|Adamant||M|||50|]Basculegion||MysticWater|Adaptability|WaveCrash,LastRespects,AquaJet,Protect|Adamant||M|||50|]Zoroark-Hisui||ChoiceScarf|Illusion|ShadowBall,Psychic,GrassKnot,Flamethrower|Modest||M|||50|
|inactive|Battle timer is ON: inactive players will automatically lose when time's up. (requested by zachlobbed)
|inactive|servence also wants the timer to be on.
|inactive|servence has 60 seconds left.
|
|t:|1784491009
|teamsize|p1|4
|teamsize|p2|4
|start
|switch|p1a: Whimsicott|Whimsicott, L50, F|100/100
|switch|p1b: Charizard|Charizard, L50, M|100/100
|switch|p2a: Clefable|Clefable, L50, F|100/100
|switch|p2b: Sneasler|Sneasler, L50, M|100/100
|turn|1
|
|t:|1784491028
|detailschange|p1b: Charizard|Charizard-Mega-Y, L50, M
|-mega|p1b: Charizard|Charizard|Charizardite Y
|-weather|SunnyDay|[from] ability: Drought|[of] p1b: Charizard
|detailschange|p2a: Clefable|Clefable-Mega, L50, F
|-mega|p2a: Clefable|Clefable|Clefablite
|move|p1a: Whimsicott|Protect|p1a: Whimsicott
|-singleturn|p1a: Whimsicott|Protect
|move|p2b: Sneasler|Poison Jab|p1a: Whimsicott
|-activate|p1a: Whimsicott|move: Protect
|move|p1b: Charizard|Heat Wave|p2b: Sneasler|[spread] p2b
|-miss|p1b: Charizard|p2a: Clefable
|-damage|p2b: Sneasler|5/100
|move|p2a: Clefable|Dazzling Gleam|p1b: Charizard|[spread] p1b
|-activate|p1a: Whimsicott|move: Protect
|-resisted|p1b: Charizard|1
|-damage|p1b: Charizard|85/100
|
|-weather|SunnyDay|[upkeep]
|upkeep
|turn|2
|inactive|servence has 30 seconds left.
|
|t:|1784491057
|move|p2b: Sneasler|Protect|p2b: Sneasler
|-singleturn|p2b: Sneasler|Protect
|move|p1a: Whimsicott|Tailwind|p1a: Whimsicott
|-sidestart|p1: zachlobbed|move: Tailwind
|move|p1b: Charizard|Heat Wave|p2a: Clefable|[spread] p2a
|-activate|p2b: Sneasler|move: Protect
|-damage|p2a: Clefable|46/100
|move|p2a: Clefable|Air Slash|p1a: Whimsicott
|-supereffective|p1a: Whimsicott|1
|-enditem|p1a: Whimsicott|Focus Sash
|-damage|p1a: Whimsicott|1/100
|
|-weather|SunnyDay|[upkeep]
|upkeep
|turn|3
|
|t:|1784491076
|switch|p2b: Garchomp|Garchomp, L50, M|100/100
|move|p2a: Clefable|Protect|p2a: Clefable
|-singleturn|p2a: Clefable|Protect
|move|p1a: Whimsicott|Encore||[still]
|-fail|p1a: Whimsicott
|move|p1b: Charizard|Weather Ball|p2a: Clefable
|-activate|p2a: Clefable|move: Protect
|
|-weather|SunnyDay|[upkeep]
|upkeep
|turn|4
|
|t:|1784491089
|switch|p1a: Basculegion|Basculegion, L50, M|100/100
|switch|p2a: Sneasler|Sneasler, L50, M|5/100
|move|p1b: Charizard|Weather Ball|p2a: Sneasler
|-damage|p2a: Sneasler|0 fnt
|faint|p2a: Sneasler
|move|p2b: Garchomp|Rock Slide|p1a: Basculegion|[spread] p1a,p1b
|-supereffective|p1b: Charizard|2
|-damage|p1a: Basculegion|69/100
|-damage|p1b: Charizard|0 fnt
|faint|p1b: Charizard
|-damage|p2b: Garchomp|90/100|[from] item: Life Orb
|
|-weather|SunnyDay|[upkeep]
|upkeep
|
|t:|1784491105
|switch|p2a: Clefable|Clefable-Mega, L50, F|46/100
|switch|p1b: Whimsicott|Whimsicott, L50, F|1/100
|turn|5
|
|t:|1784491123
|move|p1b: Whimsicott|Protect|p1b: Whimsicott
|-singleturn|p1b: Whimsicott|Protect
|move|p1a: Basculegion|Protect|p1a: Basculegion
|-singleturn|p1a: Basculegion|Protect
|move|p2a: Clefable|Protect|p2a: Clefable
|-singleturn|p2a: Clefable|Protect
|move|p2b: Garchomp|Rock Slide|p1b: Whimsicott|[spread] 
|-activate|p1a: Basculegion|move: Protect
|-activate|p1b: Whimsicott|move: Protect
|
|-weather|none
|-sideend|p1: zachlobbed|move: Tailwind
|upkeep
|turn|6
|
|t:|1784491137
|switch|p2a: Basculegion|Basculegion, L50, M|100/100
|move|p1b: Whimsicott|Tailwind|p1b: Whimsicott
|-sidestart|p1: zachlobbed|move: Tailwind
|move|p1a: Basculegion|Wave Crash|p2a: Basculegion
|-resisted|p2a: Basculegion|1
|-damage|p2a: Basculegion|37/100
|-damage|p1a: Basculegion|49/100|[from] Recoil
|move|p2b: Garchomp|Rock Slide|p1b: Whimsicott|[spread] p1a,p1b
|-damage|p1a: Basculegion|23/100
|-damage|p1b: Whimsicott|0 fnt
|faint|p1b: Whimsicott
|-damage|p2b: Garchomp|80/100|[from] item: Life Orb
|
|upkeep
|
|t:|1784491142
|switch|p1b: Garchomp|Garchomp, L50, F|100/100
|turn|7
|
|t:|1784491163
|move|p2a: Basculegion|Aqua Jet|p1a: Basculegion
|-resisted|p1a: Basculegion|1
|-damage|p1a: Basculegion|6/100
|move|p1b: Garchomp|Dragon Claw|p2b: Garchomp
|-supereffective|p2b: Garchomp|1
|-damage|p2b: Garchomp|0 fnt
|-damage|p1b: Garchomp|87/100|[from] ability: Rough Skin|[of] p2b: Garchomp
|faint|p2b: Garchomp
|-damage|p1b: Garchomp|77/100|[from] item: Life Orb
|move|p1a: Basculegion|Last Respects|p2a: Basculegion
|-supereffective|p2a: Basculegion|1
|-damage|p2a: Basculegion|0 fnt
|faint|p2a: Basculegion
|
|upkeep
|
|t:|1784491177
|switch|p2b: Clefable|Clefable-Mega, L50, F|46/100
|turn|8
|
|t:|1784491182
|move|p1b: Garchomp|Rock Slide|p2b: Clefable
|-supereffective|p2b: Clefable|1
|-damage|p2b: Clefable|0 fnt
|faint|p2b: Clefable
|-damage|p1b: Garchomp|68/100|[from] item: Life Orb
|
|win|zachlobbed
|raw|zachlobbed's rating: 1278 → 1295(+17 for winning)
|raw|servence's rating: 1161 → 1144(-17 for losing)
