|j|☆TheCrazyMonkey14
|j|☆bo chase
|html|TheCrazyMonkey14bo chase    
|uhtml|bestof|Game 2 of a best-of-3
|t:|1756328703
|gametype|doubles
|player|p1|TheCrazyMonkey14|benga|1000
|player|p2|bo chase|marlon|1112
|gen|9
|tier|[Gen 9] VGC 2025 Reg H (Bo3)
|rated|
|rule|Species Clause: Limit one of each Pokémon
|rule|Item Clause: Limit 1 of each item
|clearpoke
|poke|p1|Ursaluna-Bloodmoon, L50, M|
|poke|p1|Gholdengo, L50|
|poke|p1|Dragonite, L50, M|
|poke|p1|Sneasler, L50, M|
|poke|p1|Incineroar, L50, M|
|poke|p1|Amoonguss, L50, F|
|poke|p2|Araquanid, L50, M|
|poke|p2|Archaludon, L50, M|
|poke|p2|Pelipper, L50, F|
|poke|p2|Indeedee-F, L50, F|
|poke|p2|Hatterene, L50, F|
|poke|p2|Ursaluna, L50, M|
|teampreview|4
|showteam|p1|Ursaluna-Bloodmoon||AssaultVest|MindsEye|BloodMoon,EarthPower,VacuumWave,HyperVoice|||M|||50|,,,,,Water]Gholdengo||LifeOrb|GoodasGold|Protect,MakeItRain,ShadowBall,NastyPlot||||||50|,,,,,Water]Dragonite||LoadedDice|Multiscale|ScaleShot,Tailwind,Haze,Protect|||M|||50|,,,,,Fairy]Sneasler||FocusSash|Unburden|Protect,DireClaw,CloseCombat,ThroatChop|||M|||50|,,,,,Stellar]Incineroar||SafetyGoggles|Intimidate|KnockOff,PartingShot,FlareBlitz,FakeOut|||M|||50|,,,,,Ghost]Amoonguss||SitrusBerry|Regenerator|RagePowder,Spore,PollenPuff,Protect|||F|||50|,,,,,Psychic
|showteam|p2|Araquanid||MysticWater|WaterBubble|Liquidation,LeechLife,Protect,Substitute|||M|||50|,,,,,Water]Archaludon||AssaultVest|Stamina|BodyPress,ElectroShot,FlashCannon,DragonPulse|||M|||50|,,,,,Grass]Pelipper||FocusSash|Drizzle|Hurricane,WeatherBall,WideGuard,Protect|||F|||50|,,,,,Stellar]Indeedee-F||SafetyGoggles|PsychicSurge|FollowMe,TrickRoom,Psychic,HelpingHand|||F|||50|,,,,,Fairy]Hatterene||LifeOrb|MagicBounce|DazzlingGleam,ExpandingForce,TrickRoom,Protect|||F|||50|,,,,,Fire]Ursaluna||FlameOrb|Guts|Facade,Protect,Earthquake,HeadlongRush|||M|||50|,,,,,Ghost
|inactive|Battle timer is ON: inactive players will automatically lose when time's up. (requested by bo chase)
|j| P4sh1
|
|t:|1756328756
|teamsize|p1|4
|teamsize|p2|4
|start
|switch|p1a: Gholdengo|Gholdengo, L50|100/100
|switch|p1b: Ursaluna|Ursaluna-Bloodmoon, L50, M|100/100
|switch|p2a: Hatterene|Hatterene, L50, F|100/100
|switch|p2b: Indeedee|Indeedee-F, L50, F|100/100
|-fieldstart|move: Psychic Terrain|[from] ability: Psychic Surge|[of] p2b: Indeedee
|turn|1
|
|t:|1756328771
|move|p2a: Hatterene|Protect|p2a: Hatterene
|-singleturn|p2a: Hatterene|Protect
|move|p1a: Gholdengo|Shadow Ball|p2a: Hatterene
|-activate|p2a: Hatterene|move: Protect
|move|p1b: Ursaluna|Hyper Voice|p2a: Hatterene|[spread] p2b
|-activate|p2a: Hatterene|move: Protect
|-damage|p2b: Indeedee|68/100
|move|p2b: Indeedee|Trick Room|p2b: Indeedee
|-fieldstart|move: Trick Room|[of] p2b: Indeedee
|
|upkeep
|turn|2
|
|t:|1756328791
|-terastallize|p2a: Hatterene|Fire
|move|p2b: Indeedee|Helping Hand|p2a: Hatterene
|-singleturn|p2a: Hatterene|Helping Hand|[of] p2b: Indeedee
|move|p2a: Hatterene|Expanding Force|p1a: Gholdengo|[spread] p1a,p1b
|-resisted|p1a: Gholdengo
|-crit|p1b: Ursaluna
|-damage|p1a: Gholdengo|30/100
|-damage|p1b: Ursaluna|0 fnt
|faint|p1b: Ursaluna
|-damage|p2a: Hatterene|91/100|[from] item: Life Orb
|move|p1a: Gholdengo|Make It Rain|p2a: Hatterene|[spread] p2a,p2b
|-resisted|p2a: Hatterene
|-damage|p2a: Hatterene|64/100
|-damage|p2b: Indeedee|15/100
|-unboost|p1a: Gholdengo|spa|1
|-damage|p1a: Gholdengo|21/100|[from] item: Life Orb
|
|upkeep
|
|t:|1756328805
|switch|p1b: Dragonite|Dragonite, L50, M|100/100
|turn|3
|
|t:|1756328814
|move|p2b: Indeedee|Helping Hand|p2a: Hatterene
|-singleturn|p2a: Hatterene|Helping Hand|[of] p2b: Indeedee
|move|p1a: Gholdengo|Protect|p1a: Gholdengo
|-singleturn|p1a: Gholdengo|Protect
|move|p2a: Hatterene|Dazzling Gleam|p1b: Dragonite|[spread] p1b
|-activate|p1a: Gholdengo|move: Protect
|-supereffective|p1b: Dragonite
|-damage|p1b: Dragonite|32/100
|-damage|p2a: Hatterene|54/100|[from] item: Life Orb
|move|p1b: Dragonite|Scale Shot|p2a: Hatterene
|-damage|p2a: Hatterene|38/100
|-damage|p2a: Hatterene|21/100
|-damage|p2a: Hatterene|3/100
|-damage|p2a: Hatterene|0 fnt
|faint|p2a: Hatterene
|-hitcount|p2: Hatterene|4
|-unboost|p1b: Dragonite|def|1
|-boost|p1b: Dragonite|spe|1
|
|upkeep
|
|t:|1756328834
|switch|p2a: Araquanid|Araquanid, L50, M|100/100
|turn|4
|
|t:|1756328841
|switch|p2b: Ursaluna|Ursaluna, L50, M|100/100
|move|p2a: Araquanid|Liquidation|p1a: Gholdengo
|-damage|p1a: Gholdengo|0 fnt
|faint|p1a: Gholdengo
|move|p1b: Dragonite|Tailwind|p1b: Dragonite
|-sidestart|p1: TheCrazyMonkey14|move: Tailwind
|
|-status|p2b: Ursaluna|brn|[from] item: Flame Orb
|upkeep
|
|t:|1756328850
|switch|p1a: Incineroar|Incineroar, L50, M|100/100
|-ability|p1a: Incineroar|Intimidate|boost
|-unboost|p2a: Araquanid|atk|1
|-unboost|p2b: Ursaluna|atk|1
|turn|5
|
|t:|1756328870
|move|p2a: Araquanid|Liquidation|p1a: Incineroar
|-supereffective|p1a: Incineroar
|-damage|p1a: Incineroar|4/100
|move|p2b: Ursaluna|Facade|p1a: Incineroar
|-damage|p1a: Incineroar|0 fnt
|faint|p1a: Incineroar
|move|p1b: Dragonite|Scale Shot|p2b: Ursaluna
|-damage|p2b: Ursaluna|90/100 brn
|-damage|p2b: Ursaluna|79/100 brn
|-damage|p2b: Ursaluna|68/100 brn
|-damage|p2b: Ursaluna|57/100 brn
|-hitcount|p2b: Ursaluna|4
|-unboost|p1b: Dragonite|def|1
|-boost|p1b: Dragonite|spe|1
|
|-damage|p2b: Ursaluna|52/100 brn|[from] brn
|-fieldend|move: Trick Room
|-fieldend|move: Psychic Terrain
|upkeep
|turn|6
|
|t:|1756328889
|switch|p2a: Indeedee|Indeedee-F, L50, F|15/100
|-fieldstart|move: Psychic Terrain|[from] ability: Psychic Surge|[of] p2a: Indeedee
|move|p2b: Ursaluna|Protect|p2b: Ursaluna
|-singleturn|p2b: Ursaluna|Protect
|move|p1b: Dragonite|Tailwind||[still]
|-fail|p1b: Dragonite
|
|-damage|p2b: Ursaluna|46/100 brn|[from] brn
|upkeep
|turn|7
|l| P4sh1
|
|t:|1756328901
|move|p2a: Indeedee|Follow Me|p2a: Indeedee
|-singleturn|p2a: Indeedee|move: Follow Me
|move|p1b: Dragonite|Scale Shot|p2a: Indeedee
|-damage|p2a: Indeedee|0 fnt
|faint|p2a: Indeedee
|-hitcount|p2: Indeedee|1
|-unboost|p1b: Dragonite|def|1
|-boost|p1b: Dragonite|spe|1
|move|p2b: Ursaluna|Facade|p1b: Dragonite
|-damage|p1b: Dragonite|0 fnt
|faint|p1b: Dragonite
|
|win|bo chase
|raw|TheCrazyMonkey14's rating: 1000 → 1000(+0 for losing)
|raw|bo chase's rating: 1112 → 1129(+17 for winning)
