|j|☆JCOdyssey
|j|☆JiShade
|html|JCOdysseyJiShade    
|uhtml|bestof|Game 1 of a best-of-3
|t:|1785457142
|gametype|doubles
|player|p1|JCOdyssey|bianca|
|player|p2|JiShade|grimsley|
|gen|9
|tier|[Gen 9 Champions] VGC 2026 Reg M-B (Bo3)
|rule|Species Clause: Limit one of each Pokémon
|rule|Item Clause: Limit 1 of each item
|clearpoke
|poke|p1|Crabominable, L50, M|
|poke|p1|Primarina, L50, F|
|poke|p1|Tinkaton, L50, F|
|poke|p1|Farigiraf, L50, M|
|poke|p1|Gallade, L50, M|
|poke|p1|Rotom-Mow, L50|
|poke|p2|Camerupt, L50, F, shiny|
|poke|p2|Malamar, L50, M|
|poke|p2|Sylveon, L50, M|
|poke|p2|Metagross, L50|
|poke|p2|Krookodile, L50, M|
|poke|p2|Goodra, L50, M|
|teampreview|4
|showteam|p1|Crabominable||Crabominite|HyperCutter|Protect,IceHammer,DrainPunch,Crabhammer|Brave||M|||50|]Primarina||MysticWater|LiquidVoice|HyperVoice,Moonblast,CalmMind,Protect|Quiet||F|||50|]Tinkaton||Leftovers|OwnTempo|FakeOut,GigatonHammer,Encore,Protect|Adamant||F|||50|]Farigiraf||MentalHerb|ArmorTail|PsychicNoise,HyperVoice,TrickRoom,Protect|Relaxed||M|||50|]Gallade||LumBerry|Sharpness|NightSlash,SacredSword,TrickRoom,Protect|Sassy||M|||50|]Rotom-Mow||SitrusBerry|Levitate|LeafStorm,WillOWisp,VoltSwitch,Protect|Modest|||||50|
|showteam|p2|Camerupt||Cameruptite|MagmaArmor|RockSlide,Protect,EarthPower,HeatWave|Sassy||F|||50|]Malamar||Leftovers|Contrary|TrickRoom,ThroatChop,TopsyTurvy,RockSlide|Brave||M|||50|]Sylveon||FairyFeather|Pixilate|HyperVoice,CalmMind,Substitute,Detect|Bold||M|||50|]Metagross||MuscleBand|ClearBody|IcePunch,StompingTantrum,MeteorMash,Protect|Adamant|||||50|]Krookodile||ShellBell|Intimidate|Earthquake,FoulPlay,StealthRock,DragonTail|Jolly||M|||50|]Goodra||DragonFang|SapSipper|DracoMeteor,FireBlast,SludgeWave,Scald|Timid||M|||50|
|j| Cantoc
|
|t:|1785457189
|teamsize|p1|4
|teamsize|p2|4
|start
|switch|p1a: americrab 250|Crabominable, L50, M|100/100
|switch|p1b: fuel for the stage|Farigiraf, L50, M|100/100
|switch|p2a: Camerupt|Camerupt, L50, F, shiny|100/100
|switch|p2b: Malamar|Malamar, L50, M|100/100
|turn|1
|c| Cantoc|omg my friend malamar
|
|t:|1785457220
|detailschange|p1a: americrab 250|Crabominable-Mega, L50, M
|-mega|p1a: americrab 250|Crabominable|Crabominite
|detailschange|p2a: Camerupt|Camerupt-Mega, L50, F, shiny
|-mega|p2a: Camerupt|Camerupt|Cameruptite
|move|p1a: americrab 250|Protect|p1a: americrab 250
|-singleturn|p1a: americrab 250|Protect
|move|p1b: fuel for the stage|Hyper Voice|p2a: Camerupt|[spread] p2a,p2b
|-damage|p2a: Camerupt|80/100
|-damage|p2b: Malamar|70/100
|move|p2a: Camerupt|Heat Wave|p1a: americrab 250|[spread] p1b
|-activate|p1a: americrab 250|move: Protect
|-damage|p1b: fuel for the stage|60/100
|move|p2b: Malamar|Trick Room|p2b: Malamar
|-fieldstart|move: Trick Room|[of] p2b: Malamar
|
|-heal|p2b: Malamar|76/100|[from] item: Leftovers
|upkeep
|turn|2
|
|t:|1785457253
|switch|p1a: boy w/the ♀ symbol|Primarina, L50, F|100/100
|move|p2a: Camerupt|Heat Wave|p1a: boy w/the ♀ symbol|[spread] p1a
|-miss|p2a: Camerupt|p1b: fuel for the stage
|-resisted|p1a: boy w/the ♀ symbol|1
|-damage|p1a: boy w/the ♀ symbol|81/100
|move|p2b: Malamar|Throat Chop|p1b: fuel for the stage
|-supereffective|p1b: fuel for the stage|1
|-damage|p1b: fuel for the stage|0 fnt
|faint|p1b: fuel for the stage
|
|-heal|p2b: Malamar|82/100|[from] item: Leftovers
|upkeep
|
|t:|1785457266
|switch|p1b: Grl w/the ♂ symbol|Gallade, L50, M|100/100
|turn|3
|
|t:|1785457307
|move|p2a: Camerupt|Protect|p2a: Camerupt
|-singleturn|p2a: Camerupt|Protect
|move|p1a: boy w/the ♀ symbol|Moonblast|p2b: Malamar
|-supereffective|p2b: Malamar|1
|-damage|p2b: Malamar|0 fnt
|faint|p2b: Malamar
|move|p1b: Grl w/the ♂ symbol|Trick Room|p1b: Grl w/the ♂ symbol
|-fieldend|move: Trick Room
|
|upkeep
|
|t:|1785457318
|switch|p2b: Krookodile|Krookodile, L50, M|100/100
|-ability|p2b: Krookodile|Intimidate|boost
|-unboost|p1a: boy w/the ♀ symbol|atk|1
|-unboost|p1b: Grl w/the ♂ symbol|atk|1
|turn|4
|
|t:|1785457344
|move|p1b: Grl w/the ♂ symbol|Protect|p1b: Grl w/the ♂ symbol
|-singleturn|p1b: Grl w/the ♂ symbol|Protect
|move|p2b: Krookodile|Earthquake|p1a: boy w/the ♀ symbol|[spread] p2a,p1a
|-activate|p1b: Grl w/the ♂ symbol|move: Protect
|-supereffective|p2a: Camerupt|1
|-damage|p2a: Camerupt|12/100
|-damage|p1a: boy w/the ♀ symbol|36/100
|move|p1a: boy w/the ♀ symbol|Hyper Voice|p2b: Krookodile|[spread] p2a,p2b
|-supereffective|p2a: Camerupt|2
|-supereffective|p2b: Krookodile|1
|-damage|p2a: Camerupt|0 fnt
|-damage|p2b: Krookodile|0 fnt
|faint|p2a: Camerupt
|faint|p2b: Krookodile
|
|upkeep
|
|t:|1785457362
|switch|p2b: Metagross|Metagross, L50|100/100
|turn|5
|
|t:|1785457379
|move|p2b: Metagross|Meteor Mash|p1a: boy w/the ♀ symbol
|-damage|p1a: boy w/the ♀ symbol|0 fnt
|faint|p1a: boy w/the ♀ symbol
|move|p1b: Grl w/the ♂ symbol|Trick Room|p1b: Grl w/the ♂ symbol
|-fieldstart|move: Trick Room|[of] p1b: Grl w/the ♂ symbol
|
|upkeep
|
|t:|1785457387
|switch|p1a: americrab 250|Crabominable-Mega, L50, M|100/100
|turn|6
|
|t:|1785457397
|move|p2b: Metagross|Protect|p2b: Metagross
|-singleturn|p2b: Metagross|Protect
|move|p1a: americrab 250|Drain Punch|p2b: Metagross
|-activate|p2b: Metagross|move: Protect
|move|p1b: Grl w/the ♂ symbol|Night Slash|p2b: Metagross
|-activate|p2b: Metagross|move: Protect
|
|upkeep
|turn|7
|
|t:|1785457410
|move|p1a: americrab 250|Drain Punch|p2b: Metagross
|-damage|p2b: Metagross|56/100
|move|p2b: Metagross|Meteor Mash|p1a: americrab 250
|-supereffective|p1a: americrab 250|1
|-damage|p1a: americrab 250|8/100
|-boost|p2b: Metagross|atk|1
|move|p1b: Grl w/the ♂ symbol|Night Slash|p2b: Metagross
|-supereffective|p2b: Metagross|1
|-damage|p2b: Metagross|22/100
|
|upkeep
|turn|8
|
|t:|1785457426
|move|p2b: Metagross|Protect|p2b: Metagross
|-singleturn|p2b: Metagross|Protect
|move|p1a: americrab 250|Drain Punch|p2b: Metagross
|-activate|p2b: Metagross|move: Protect
|move|p1b: Grl w/the ♂ symbol|Night Slash|p2b: Metagross
|-activate|p2b: Metagross|move: Protect
|
|upkeep
|turn|9
|c| Cantoc|omg i believe
|
|t:|1785457442
|move|p1a: americrab 250|Drain Punch|p2b: Metagross
|-damage|p2b: Metagross|0 fnt
|-heal|p1a: americrab 250|19/100|[from] drain|[of] p2b: Metagross
|faint|p2b: Metagross
|
|win|JCOdyssey
