|j|☆arkjsmith
|j|☆Schroombert
|html|arkjsmithSchroombert    
|uhtml|bestof|Game 1 of a best-of-3
|t:|1756637929
|gametype|doubles
|player|p1|arkjsmith|roxie|1223
|player|p2|Schroombert|rancher|1329
|gen|9
|tier|[Gen 9] VGC 2025 Reg H (Bo3)
|rated|
|rule|Species Clause: Limit one of each Pokémon
|rule|Item Clause: Limit 1 of each item
|clearpoke
|poke|p1|Dragonite, L50, M|
|poke|p1|Ninetales-Alola, L50, M|
|poke|p1|Annihilape, L50, F|
|poke|p1|Rillaboom, L50, M|
|poke|p1|Gholdengo, L50|
|poke|p1|Ursaluna-Bloodmoon, L50, M|
|poke|p2|Tyranitar, L50, M|
|poke|p2|Kilowattrel, L50, M|
|poke|p2|Garchomp, L50, M|
|poke|p2|Archaludon, L50, M|
|poke|p2|Sneasler, L50, M|
|poke|p2|Indeedee, L50, M|
|teampreview|4
|showteam|p1|Dragonite||LoadedDice|Multiscale|ScaleShot,ExtremeSpeed,Tailwind,Protect|||M|||50|,,,,,Fairy]Ninetales-Alola||LightClay|SnowWarning|IcicleSpear,AuroraVeil,Blizzard,IcyWind|||M|||50|,,,,,Ghost]Annihilape||SafetyGoggles|Defiant|RageFist,DrainPunch,BulkUp,Protect|||F|||50|,,,,,Fire]Rillaboom||MiracleSeed|GrassySurge|WoodHammer,GrassyGlide,FakeOut,Protect|||M|||50|,,,,,Grass]Gholdengo||LifeOrb|GoodasGold|MakeItRain,ShadowBall,NastyPlot,Protect||||||50|,,,,,Water]Ursaluna-Bloodmoon||AssaultVest|MindsEye|BloodMoon,HyperVoice,EarthPower,VacuumWave|||M|||50|,,,,,Ghost
|showteam|p2|Tyranitar||AssaultVest|SandStream|KnockOff,RockSlide,LowKick,TeraBlast|||M|||50|,,,,,Flying]Kilowattrel||CovertCloak|Competitive|Thunderbolt,AirSlash,Electroweb,Tailwind|||M|||50|,,,,,Grass]Garchomp||LifeOrb|SandVeil|Earthquake,DragonClaw,StompingTantrum,Protect|||M|||50|,,,,,Steel]Archaludon||PowerHerb|Sturdy|ElectroShot,DracoMeteor,FlashCannon,Protect|||M|||50|,,,,,Stellar]Sneasler||PsychicSeed|Unburden|CloseCombat,DireClaw,ThroatChop,Protect|||M|||50|,,,,,Dark]Indeedee||FocusSash|PsychicSurge|ExpandingForce,TeraBlast,Imprison,TrickRoom|||M|||50|,,,,,Ground
|inactive|Battle timer is ON: inactive players will automatically lose when time's up. (requested by arkjsmith)
|inactive|Schroombert also wants the timer to be on.
|inactive|arkjsmith has 60 seconds left.
|inactive|Schroombert has 60 seconds left.
|
|t:|1756637969
|teamsize|p1|4
|teamsize|p2|4
|start
|switch|p1a: Ninetales|Ninetales-Alola, L50, M|100/100
|switch|p1b: Annihilape|Annihilape, L50, F|100/100
|switch|p2a: Garchomp|Garchomp, L50, M, shiny|100/100
|switch|p2b: Kilowattrel|Kilowattrel, L50, M, shiny|100/100
|-weather|Snowscape|[from] ability: Snow Warning|[of] p1a: Ninetales
|turn|1
|inactive|arkjsmith has 30 seconds left.
|inactive|Schroombert has 30 seconds left.
|inactive|Schroombert has 20 seconds left.
|inactive|Schroombert has 15 seconds left.
|
|t:|1756638010
|switch|p1b: Rillaboom|Rillaboom, L50, M|100/100
|-fieldstart|move: Grassy Terrain|[from] ability: Grassy Surge|[of] p1b: Rillaboom
|-terastallize|p2a: Garchomp|Steel
|move|p2b: Kilowattrel|Air Slash|p1b: Rillaboom
|-supereffective|p1b: Rillaboom
|-damage|p1b: Rillaboom|40/100
|move|p1a: Ninetales|Aurora Veil|p1a: Ninetales
|-sidestart|p1: arkjsmith|move: Aurora Veil
|move|p2a: Garchomp|Earthquake|p1b: Rillaboom|[spread] p1a,p1b
|-immune|p2b: Kilowattrel
|-resisted|p1b: Rillaboom
|-damage|p1a: Ninetales|86/100
|-damage|p1b: Rillaboom|32/100
|-damage|p2a: Garchomp|91/100|[from] item: Life Orb
|
|-weather|Snowscape|[upkeep]
|-heal|p1a: Ninetales|92/100|[from] Grassy Terrain
|-heal|p2a: Garchomp|97/100|[from] Grassy Terrain
|-heal|p1b: Rillaboom|38/100|[from] Grassy Terrain
|upkeep
|turn|2
|inactive|arkjsmith has 30 seconds left.
|
|t:|1756638044
|switch|p2b: Tyranitar|Tyranitar, L50, M, shiny|100/100
|-weather|Sandstorm|[from] ability: Sand Stream|[of] p2b: Tyranitar
|move|p1b: Rillaboom|Fake Out|p2b: Tyranitar
|-resisted|p2b: Tyranitar
|-damage|p2b: Tyranitar|94/100
|move|p1a: Ninetales|Blizzard|p2a: Garchomp|[spread] p2a
|-miss|p1a: Ninetales|p2b: Tyranitar
|-resisted|p2a: Garchomp
|-damage|p2a: Garchomp|84/100
|move|p2a: Garchomp|Dragon Claw|p1b: Rillaboom
|-damage|p1b: Rillaboom|2/100
|-damage|p2a: Garchomp|74/100|[from] item: Life Orb
|
|-weather|Sandstorm|[upkeep]
|-damage|p1a: Ninetales|86/100|[from] Sandstorm
|-damage|p1b: Rillaboom|0 fnt|[from] Sandstorm
|faint|p1b: Rillaboom
|-heal|p1a: Ninetales|92/100|[from] Grassy Terrain
|-heal|p2a: Garchomp|80/100|[from] Grassy Terrain
|-heal|p2b: Tyranitar|99/100|[from] Grassy Terrain
|upkeep
|
|t:|1756638056
|switch|p1b: Annihilape|Annihilape, L50, F|100/100
|turn|3
|
|t:|1756638075
|switch|p2b: Kilowattrel|Kilowattrel, L50, M, shiny|100/100
|move|p2a: Garchomp|Protect|p2a: Garchomp
|-singleturn|p2a: Garchomp|Protect
|move|p1a: Ninetales|Icy Wind|p2a: Garchomp|[spread] p2b
|-activate|p2a: Garchomp|move: Protect
|-supereffective|p2b: Kilowattrel
|-damage|p2b: Kilowattrel|65/100
|move|p1b: Annihilape|Drain Punch|p2a: Garchomp
|-activate|p2a: Garchomp|move: Protect
|
|-weather|Sandstorm|[upkeep]
|-damage|p2b: Kilowattrel|59/100|[from] Sandstorm
|-damage|p1a: Ninetales|86/100|[from] Sandstorm
|-heal|p1a: Ninetales|92/100|[from] Grassy Terrain
|-heal|p2a: Garchomp|86/100|[from] Grassy Terrain
|upkeep
|turn|4
|inactive|arkjsmith has 30 seconds left.
|inactive|arkjsmith has 20 seconds left.
|
|t:|1756638114
|move|p2b: Kilowattrel|Tailwind|p2b: Kilowattrel
|-sidestart|p2: Schroombert|move: Tailwind
|move|p2a: Garchomp|Stomping Tantrum|p1a: Ninetales
|-damage|p1a: Ninetales|53/100
|-damage|p2a: Garchomp|76/100|[from] item: Life Orb
|move|p1a: Ninetales|Icy Wind|p2a: Garchomp|[spread] p2a,p2b
|-resisted|p2a: Garchomp
|-supereffective|p2b: Kilowattrel
|-damage|p2a: Garchomp|69/100
|-damage|p2b: Kilowattrel|22/100
|-unboost|p2a: Garchomp|spe|1
|move|p1b: Annihilape|Drain Punch|p2a: Garchomp
|-supereffective|p2a: Garchomp
|-damage|p2a: Garchomp|2/100
|
|-weather|Sandstorm|[upkeep]
|-damage|p2b: Kilowattrel|16/100|[from] Sandstorm
|-damage|p1a: Ninetales|47/100|[from] Sandstorm
|-heal|p2a: Garchomp|8/100|[from] Grassy Terrain
|-heal|p1a: Ninetales|53/100|[from] Grassy Terrain
|upkeep
|turn|5
|inactive|arkjsmith has 30 seconds left.
|
|t:|1756638145
|move|p2b: Kilowattrel|Thunderbolt|p1a: Ninetales
|-damage|p1a: Ninetales|30/100
|move|p2a: Garchomp|Stomping Tantrum|p1a: Ninetales
|-damage|p1a: Ninetales|0 fnt
|faint|p1a: Ninetales
|-damage|p2a: Garchomp|0 fnt|[from] item: Life Orb
|faint|p2a: Garchomp
|move|p1b: Annihilape|Bulk Up|p1b: Annihilape
|-boost|p1b: Annihilape|atk|1
|-boost|p1b: Annihilape|def|1
|
|-weather|Sandstorm|[upkeep]
|-damage|p2b: Kilowattrel|10/100|[from] Sandstorm
|-fieldend|move: Grassy Terrain
|upkeep
|inactive|Schroombert has 30 seconds left.
|inactive|Schroombert has 20 seconds left.
|
|t:|1756638180
|switch|p1a: Dragonite|Dragonite, L50, M|100/100
|switch|p2a: Archaludon|Archaludon, L50, M, shiny|100/100
|turn|6
|inactive|arkjsmith has 30 seconds left.
|
|t:|1756638214
|-terastallize|p1a: Dragonite|Fairy
|move|p2a: Archaludon|Protect|p2a: Archaludon
|-singleturn|p2a: Archaludon|Protect
|move|p1a: Dragonite|Extreme Speed|p2b: Kilowattrel
|-damage|p2b: Kilowattrel|0 fnt
|faint|p2b: Kilowattrel
|move|p1b: Annihilape|Drain Punch|p2a: Archaludon
|-activate|p2a: Archaludon|move: Protect
|
|-weather|none
|upkeep
|
|t:|1756638239
|switch|p2b: Tyranitar|Tyranitar, L50, M, shiny|99/100
|-weather|Sandstorm|[from] ability: Sand Stream|[of] p2b: Tyranitar
|turn|7
|
|t:|1756638260
|move|p1b: Annihilape|Protect|p1b: Annihilape
|-singleturn|p1b: Annihilape|Protect
|move|p1a: Dragonite|Protect|p1a: Dragonite
|-singleturn|p1a: Dragonite|Protect
|move|p2a: Archaludon|Electro Shot||[still]
|-prepare|p2a: Archaludon|Electro Shot
|-boost|p2a: Archaludon|spa|1
|-enditem|p2a: Archaludon|Power Herb
|-anim|p2a: Archaludon|Electro Shot|p1a: Dragonite
|-activate|p1a: Dragonite|move: Protect
|move|p2b: Tyranitar|Rock Slide|p1b: Annihilape|[spread] 
|-activate|p1a: Dragonite|move: Protect
|-activate|p1b: Annihilape|move: Protect
|
|-weather|Sandstorm|[upkeep]
|-damage|p1a: Dragonite|94/100|[from] Sandstorm
|-sideend|p2: Schroombert|move: Tailwind
|upkeep
|turn|8
|
|t:|1756638281
|move|p1b: Annihilape|Drain Punch|p2b: Tyranitar
|-supereffective|p2b: Tyranitar
|-damage|p2b: Tyranitar|0 fnt
|faint|p2b: Tyranitar
|move|p2a: Archaludon|Flash Cannon|p1a: Dragonite
|-supereffective|p1a: Dragonite
|-damage|p1a: Dragonite|10/100
|move|p1a: Dragonite|Scale Shot|p2a: Archaludon
|-damage|p2a: Archaludon|89/100
|-damage|p2a: Archaludon|76/100
|-damage|p2a: Archaludon|63/100
|-damage|p2a: Archaludon|50/100
|-hitcount|p2a: Archaludon|4
|-unboost|p1a: Dragonite|def|1
|-boost|p1a: Dragonite|spe|1
|
|-weather|Sandstorm|[upkeep]
|-damage|p1a: Dragonite|4/100|[from] Sandstorm
|-sideend|p1: arkjsmith|move: Aurora Veil
|upkeep
|turn|9
|
|t:|1756638302
|move|p1a: Dragonite|Scale Shot|p2a: Archaludon
|-damage|p2a: Archaludon|37/100
|-damage|p2a: Archaludon|25/100
|-damage|p2a: Archaludon|11/100
|-damage|p2a: Archaludon|0 fnt
|faint|p2a: Archaludon
|-hitcount|p2: Archaludon|4
|
|win|arkjsmith
||Schroombert is ready for game 2.
||arkjsmith is ready for game 2.
|uhtml|next|Next: Game 2 of 3
|l|☆Schroombert
|player|p2|
