|j|☆thegreatestnone
|j|☆Garden Monke
|html|thegreatestnoneGarden Monke    
|uhtml|bestof|Game 1 of a best-of-3
|t:|1784493948
|gametype|doubles
|player|p1|thegreatestnone|170|1226
|player|p2|Garden Monke|giacomo|1117
|gen|9
|tier|[Gen 9 Champions] VGC 2026 Reg M-B (Bo3)
|rated|
|rule|Species Clause: Limit one of each Pokémon
|rule|Item Clause: Limit 1 of each item
|clearpoke
|poke|p1|Grimmsnarl, L50, M|
|poke|p1|Toxapex, L50, F|
|poke|p1|Venusaur, L50, F|
|poke|p1|Tyranitar, L50, M|
|poke|p1|Excadrill, L50, M|
|poke|p1|Scovillain, L50, M|
|poke|p2|Incineroar, L50, F|
|poke|p2|Sinistcha, L50|
|poke|p2|Gengar, L50, F|
|poke|p2|Swampert, L50, M|
|poke|p2|Politoed, L50, F|
|poke|p2|Archaludon, L50, F|
|teampreview|4
|showteam|p1|Grimmsnarl||LightClay|Prankster|Taunt,Reflect,PartingShot,LightScreen|Sassy||M|||50|]Toxapex||Leftovers|Regenerator|BanefulBunker,Infestation,Toxic,Recover|Relaxed||F|||50|]Venusaur||Venusaurite|Chlorophyll|SleepPowder,EarthPower,Protect,GigaDrain|Modest||F|||50|]Tyranitar||ChoiceScarf|SandStream|RockSlide,IcePunch,LowKick,KnockOff|Jolly||M|||50|]Excadrill||FocusSash|SandRush|RockSlide,Earthquake,Protect,IronHead|Adamant||M|||50|]Scovillain||Scovillainite|Chlorophyll|LeechSeed,RagePowder,Protect,Flamethrower|Calm||M|||50|
|showteam|p2|Incineroar||PasshoBerry|Intimidate|ThroatChop,FakeOut,PartingShot,Protect|Sassy||F|||50|]Sinistcha||ColburBerry|Hospitality|MatchaGotcha,RagePowder,TrickRoom,Protect|Calm|||||50|]Gengar||Gengarite|CursedBody|ShadowBall,Disable,PerishSong,Protect|Timid||F|||50|]Swampert||Swampertite|Damp|WaveCrash,HighHorsepower,IcePunch,Protect|Adamant||M|||50|]Politoed||SitrusBerry|Drizzle|WeatherBall,Encore,PerishSong,Protect|Calm||F|||50|]Archaludon||Leftovers|Stamina|ElectroShot,DragonPulse,FlashCannon,Protect|Modest||F|||50|
|inactive|Battle timer is ON: inactive players will automatically lose when time's up. (requested by Garden Monke)
|inactive|thegreatestnone has 60 seconds left.
|
|t:|1784494004
|teamsize|p1|4
|teamsize|p2|4
|start
|switch|p1a: Grimmsnarl|Grimmsnarl, L50, M|100/100
|switch|p1b: Venusaur|Venusaur, L50, F|100/100
|switch|p2a: Gengar|Gengar, L50, F|100/100
|switch|p2b: Incineroar|Incineroar, L50, F|100/100
|-ability|p2b: Incineroar|Intimidate|boost
|-unboost|p1a: Grimmsnarl|atk|1
|-unboost|p1b: Venusaur|atk|1
|turn|1
|
|t:|1784494024
|detailschange|p2a: Gengar|Gengar-Mega, L50, F
|-mega|p2a: Gengar|Gengar|Gengarite
|detailschange|p1b: Venusaur|Venusaur-Mega, L50, F
|-mega|p1b: Venusaur|Venusaur|Venusaurite
|move|p2b: Incineroar|Fake Out|p1a: Grimmsnarl
|-damage|p1a: Grimmsnarl|90/100
|cant|p1a: Grimmsnarl|flinch
|move|p2a: Gengar|Perish Song|p2a: Gengar
|-start|p1a: Grimmsnarl|perish3|[silent]
|-start|p1b: Venusaur|perish3|[silent]
|-start|p2a: Gengar|perish3|[silent]
|-start|p2b: Incineroar|perish3|[silent]
|-fieldactivate|move: Perish Song
|move|p1b: Venusaur|Sleep Powder|p2a: Gengar
|-status|p2a: Gengar|slp|[from] move: Sleep Powder
|
|-start|p2a: Gengar|perish3
|-start|p1b: Venusaur|perish3
|-start|p2b: Incineroar|perish3
|-start|p1a: Grimmsnarl|perish3
|upkeep
|turn|2
|inactive|thegreatestnone has 30 seconds left.
|inactive|thegreatestnone has 20 seconds left.
|inactive|thegreatestnone has 15 seconds left.
|
|t:|1784494069
|cant|p2a: Gengar|slp
|move|p1a: Grimmsnarl|Parting Shot|p2a: Gengar
|-unboost|p2a: Gengar|atk|1
|-unboost|p2a: Gengar|spa|1
|
|t:|1784494077
|switch|p1a: Tyranitar|Tyranitar, L50, M|100/100|[from] Parting Shot
|-weather|Sandstorm|[from] ability: Sand Stream|[of] p1a: Tyranitar
|move|p1b: Venusaur|Sleep Powder|p2b: Incineroar
|-status|p2b: Incineroar|slp|[from] move: Sleep Powder
|cant|p2b: Incineroar|slp
|
|-weather|Sandstorm|[upkeep]
|-damage|p2a: Gengar|93/100 slp|[from] Sandstorm
|-damage|p1b: Venusaur|94/100|[from] Sandstorm
|-damage|p2b: Incineroar|94/100 slp|[from] Sandstorm
|-start|p2a: Gengar|perish2
|-start|p1b: Venusaur|perish2
|-start|p2b: Incineroar|perish2
|upkeep
|turn|3
|
|t:|1784494087
|-curestatus|p2a: Gengar|slp|[msg]
|move|p2a: Gengar|Protect|p2a: Gengar
|-singleturn|p2a: Gengar|Protect
|cant|p2b: Incineroar|slp
|move|p1a: Tyranitar|Rock Slide|p2b: Incineroar|[spread] p2b
|-activate|p2a: Gengar|move: Protect
|-supereffective|p2b: Incineroar|1
|-damage|p2b: Incineroar|43/100 slp
|move|p1b: Venusaur|Earth Power|p2a: Gengar
|-activate|p2a: Gengar|move: Protect
|
|-weather|Sandstorm|[upkeep]
|-damage|p2a: Gengar|87/100|[from] Sandstorm
|-damage|p1b: Venusaur|88/100|[from] Sandstorm
|-damage|p2b: Incineroar|37/100 slp|[from] Sandstorm
|-start|p2a: Gengar|perish1
|-start|p1b: Venusaur|perish1
|-start|p2b: Incineroar|perish1
|upkeep
|turn|4
|inactive|Garden Monke has 30 seconds left.
|
|t:|1784494112
|switch|p2a: Sinistcha|Sinistcha, L50|100/100
|-heal|p2b: Incineroar|62/100 slp|[from] ability: Hospitality|[of] p2a: Sinistcha
|move|p1a: Tyranitar|Rock Slide|p2a: Sinistcha|[spread] p2a,p2b
|-supereffective|p2b: Incineroar|1
|-damage|p2a: Sinistcha|72/100
|-damage|p2b: Incineroar|11/100 slp
|move|p1b: Venusaur|Sleep Powder|p2a: Sinistcha
|-immune|p2a: Sinistcha
|-curestatus|p2b: Incineroar|slp|[msg]
|move|p2b: Incineroar|Parting Shot|p1a: Tyranitar
|-unboost|p1a: Tyranitar|atk|1
|-unboost|p1a: Tyranitar|spa|1
|
|t:|1784494130
|switch|p2b: Politoed|Politoed, L50, F|100/100|[from] Parting Shot
|-weather|RainDance|[from] ability: Drizzle|[of] p2b: Politoed
|
|-weather|RainDance|[upkeep]
|-start|p1b: Venusaur|perish0
|upkeep
|faint|p1b: Venusaur
|
|t:|1784494138
|switch|p1b: Grimmsnarl|Grimmsnarl, L50, M|90/100
|turn|5
|-message|thegreatestnone forfeited.
|
|win|Garden Monke
|l|☆thegreatestnone
|player|p1|
||thegreatestnone is ready for game 2.
||Garden Monke is ready for game 2.
|uhtml|next|Next: Game 2 of 3
