|j|☆AndrewKommoo
|j|☆Alosson
|html|AndrewKommooAlosson    
|uhtml|bestof|Game 2 of a best-of-3
|t:|1756246771
|gametype|doubles
|player|p1|AndrewKommoo|buck|1000
|player|p2|Alosson|ingo|1110
|gen|9
|tier|[Gen 9] VGC 2025 Reg H (Bo3)
|rated|
|rule|Species Clause: Limit one of each Pokémon
|rule|Item Clause: Limit 1 of each item
|clearpoke
|poke|p1|Pelipper, L50, M|
|poke|p1|Basculegion, L50, M|
|poke|p1|Bronzong, L50|
|poke|p1|Archaludon, L50, F|
|poke|p1|Amoonguss, L50, F|
|poke|p1|Ursaluna, L50, F|
|poke|p2|Sneasler, L50, M|
|poke|p2|Torkoal, L50, M|
|poke|p2|Hatterene, L50, F|
|poke|p2|Ursaluna-Bloodmoon, L50, M|
|poke|p2|Indeedee-F, L50, F|
|poke|p2|Lilligant-Hisui, L50, F|
|teampreview|4
|showteam|p1|Pelipper||ChoiceSpecs|Drizzle|MuddyWater,IceBeam,Hurricane,WeatherBall|||M|||50|,,,,,Flying]Basculegion||ChoiceBand|SwiftSwim|WaveCrash,LastRespects,AquaJet,FlipTurn|||M|||50|,,,,,Water]Bronzong||Leftovers|Levitate|BodyPress,GyroBall,IronDefense,TrickRoom||||||50|,,,,,Fighting]Archaludon||AssaultVest|Stamina|ElectroShot,BodyPress,FlashCannon,DracoMeteor|||F|||50|,,,,,Grass]Amoonguss||RockyHelmet|Regenerator|RagePowder,Spore,PollenPuff,ClearSmog|||F|||50|,,,,,Water]Ursaluna||FlameOrb|Guts|Facade,Earthquake,ShadowClaw,Protect|||F|||50|,,,,,Ghost
|showteam|p2|Sneasler||PsychicSeed|Unburden|Acrobatics,DireClaw,CloseCombat,Taunt|||M|||50|,,,,,Flying]Torkoal||AssaultVest|Drought|Eruption,BodyPress,WeatherBall,SolarBeam|||M|||50|,,,,,Grass]Hatterene||CovertCloak|MagicBounce|ExpandingForce,TrickRoom,MysticalFire,Protect|||F|||50|,,,,,Fire]Ursaluna-Bloodmoon||ThroatSpray|MindsEye|HyperBeam,EarthPower,BloodMoon,Protect|||M|||50|,,,,,Normal]Indeedee-F||SafetyGoggles|PsychicSurge|TrickRoom,FollowMe,TeraBlast,HelpingHand|||F|||50|,,,,,Dark]Lilligant-Hisui||FocusSash|Chlorophyll|AfterYou,SolarBlade,Protect,LowKick|||F|||50|,,,,,Ghost
|
|t:|1756246843
|teamsize|p1|4
|teamsize|p2|4
|start
|switch|p1a: Basculegion|Basculegion, L50, M|100/100
|switch|p1b: Archaludon|Archaludon, L50, F|100/100
|switch|p2a: Indeedee|Indeedee-F, L50, F, shiny|100/100
|switch|p2b: Torkoal|Torkoal, L50, M, shiny|100/100
|-fieldstart|move: Psychic Terrain|[from] ability: Psychic Surge|[of] p2a: Indeedee
|-weather|SunnyDay|[from] ability: Drought|[of] p2b: Torkoal
|turn|1
|
|t:|1756246880
|switch|p1b: Pelipper|Pelipper, L50, M|100/100
|-weather|RainDance|[from] ability: Drizzle|[of] p1b: Pelipper
|switch|p2b: Hatterene|Hatterene, L50, F, shiny|100/100
|move|p1a: Basculegion|Wave Crash|p2a: Indeedee
|-damage|p2a: Indeedee|0 fnt
|faint|p2a: Indeedee
|-damage|p1a: Basculegion|71/100|[from] Recoil
|
|-weather|RainDance|[upkeep]
|upkeep
|
|t:|1756246892
|switch|p2a: Ursaluna|Ursaluna-Bloodmoon, L50, M|100/100
|turn|2
|
|t:|1756246907
|switch|p1a: Bronzong|Bronzong, L50|100/100
|move|p2a: Ursaluna|Protect|p2a: Ursaluna
|-singleturn|p2a: Ursaluna|Protect
|move|p1b: Pelipper|Muddy Water|p2a: Ursaluna|[spread] p2b
|-activate|p2a: Ursaluna|move: Protect
|-damage|p2b: Hatterene|32/100
|move|p2b: Hatterene|Trick Room|p2b: Hatterene
|-fieldstart|move: Trick Room|[of] p2b: Hatterene
|
|-weather|RainDance|[upkeep]
|upkeep
|turn|3
|
|t:|1756246937
|switch|p2b: Torkoal|Torkoal, L50, M, shiny|100/100
|-weather|SunnyDay|[from] ability: Drought|[of] p2b: Torkoal
|move|p1a: Bronzong|Body Press|p2a: Ursaluna
|-supereffective|p2a: Ursaluna
|-damage|p2a: Ursaluna|62/100
|move|p2a: Ursaluna|Earth Power|p1a: Bronzong
|-immune|p1a: Bronzong|[from] ability: Levitate
|move|p1b: Pelipper|Muddy Water|p2a: Ursaluna|[spread] p2a
|-miss|p1b: Pelipper|p2b: Torkoal
|-supereffective|p2a: Ursaluna
|-damage|p2a: Ursaluna|12/100
|
|-weather|SunnyDay|[upkeep]
|upkeep
|turn|4
|
|t:|1756246960
|-terastallize|p1a: Bronzong|Fighting
|-terastallize|p2b: Torkoal|Grass
|move|p1a: Bronzong|Body Press|p2a: Ursaluna
|-supereffective|p2a: Ursaluna
|-damage|p2a: Ursaluna|0 fnt
|faint|p2a: Ursaluna
|move|p2b: Torkoal|Eruption|p1a: Bronzong|[spread] p1a,p1b
|-resisted|p1b: Pelipper
|-damage|p1a: Bronzong|40/100
|-damage|p1b: Pelipper|55/100
|move|p1b: Pelipper|Muddy Water|p2b: Torkoal
|-resisted|p2b: Torkoal
|-damage|p2b: Torkoal|88/100
|
|-weather|SunnyDay|[upkeep]
|-heal|p1a: Bronzong|45/100|[from] item: Leftovers
|upkeep
|
|t:|1756246973
|switch|p2a: Hatterene|Hatterene, L50, F, shiny|32/100
|turn|5
|
|t:|1756246991
|move|p1a: Bronzong|Body Press|p2b: Torkoal
|-damage|p2b: Torkoal|58/100
|move|p2b: Torkoal|Eruption|p1b: Pelipper|[spread] p1a,p1b
|-crit|p1a: Bronzong
|-resisted|p1b: Pelipper
|-damage|p1a: Bronzong|0 fnt
|-damage|p1b: Pelipper|26/100
|faint|p1a: Bronzong
|move|p2a: Hatterene|Expanding Force|p1b: Pelipper
|-damage|p1b: Pelipper|0 fnt
|faint|p1b: Pelipper
|
|-weather|SunnyDay|[upkeep]
|-fieldend|move: Psychic Terrain
|upkeep
|
|t:|1756246997
|switch|p1a: Archaludon|Archaludon, L50, F|100/100
|switch|p1b: Basculegion|Basculegion, L50, M|71/100
|turn|6
|
|t:|1756247014
|move|p2b: Torkoal|Solar Beam||[still]
|-prepare|p2b: Torkoal|Solar Beam
|-anim|p2b: Torkoal|Solar Beam|p1b: Basculegion
|-supereffective|p1b: Basculegion
|-damage|p1b: Basculegion|0 fnt
|faint|p1b: Basculegion
|move|p2a: Hatterene|Expanding Force|p1a: Archaludon
|-resisted|p1a: Archaludon
|-damage|p1a: Archaludon|86/100
|-ability|p1a: Archaludon|Stamina|boost
|-boost|p1a: Archaludon|def|1
|move|p1a: Archaludon|Flash Cannon|p2a: Hatterene
|-supereffective|p2a: Hatterene
|-damage|p2a: Hatterene|0 fnt
|faint|p2a: Hatterene
|
|-weather|SunnyDay|[upkeep]
|-fieldend|move: Trick Room
|upkeep
|turn|7
|
|t:|1756247034
|move|p1a: Archaludon|Draco Meteor|p2b: Torkoal
|-damage|p2b: Torkoal|15/100
|-unboost|p1a: Archaludon|spa|2
|move|p2b: Torkoal|Body Press|p1a: Archaludon
|-supereffective|p1a: Archaludon
|-damage|p1a: Archaludon|66/100
|-ability|p1a: Archaludon|Stamina|boost
|-boost|p1a: Archaludon|def|1
|
|-weather|none
|upkeep
|turn|8
|
|t:|1756247048
|move|p1a: Archaludon|Body Press|p2b: Torkoal
|-damage|p2b: Torkoal|0 fnt
|faint|p2b: Torkoal
|
|win|AndrewKommoo
|raw|AndrewKommoo's rating: 1000 → 1052(+52 for winning)
|raw|Alosson's rating: 1110 → 1077(-33 for losing)
|c|☆AndrewKommoo|gg
|c|☆Alosson|gg
|l|☆AndrewKommoo
|player|p1|
|l|☆Alosson
|player|p2|
|j|☆AndrewKommoo
|player|p1|AndrewKommoo|buck|
|l|☆AndrewKommoo
|player|p1|
|j|☆AndrewKommoo
|player|p1|AndrewKommoo|buck|
