|j|☆powerstar7
|j|☆KodeBeast0526
|html|powerstar7KodeBeast0526    
|uhtml|bestof|Game 3 of a best-of-3
|t:|1783524256
|gametype|doubles
|player|p1|powerstar7|2|1092
|player|p2|KodeBeast0526|hiker|1197
|gen|9
|tier|[Gen 9 Champions] VGC 2026 Reg M-B (Bo3)
|rated|
|rule|Species Clause: Limit one of each Pokémon
|rule|Item Clause: Limit 1 of each item
|clearpoke
|poke|p1|Delphox, L50, F|
|poke|p1|Venusaur, L50, M|
|poke|p1|Ninetales-Alola, L50, F|
|poke|p1|Araquanid, L50, M|
|poke|p1|Incineroar, L50, M|
|poke|p1|Farigiraf, L50, M|
|poke|p2|Gengar, L50, F|
|poke|p2|Swampert, L50, F|
|poke|p2|Incineroar, L50, F|
|poke|p2|Politoed, L50, F|
|poke|p2|Archaludon, L50, M|
|poke|p2|Vivillon-Ocean, L50, M|
|teampreview|4
|showteam|p1|Delphox||Delphoxite|Blaze|NastyPlot,HeatWave,Psyshock,Protect|Timid||F|||50|]Venusaur||Venusaurite|Chlorophyll|GigaDrain,SludgeBomb,EarthPower,Protect|Modest||M|||50|]Ninetales-Alola||NeverMeltIce|SnowWarning|Encore,FreezeDry,Moonblast,Blizzard|Timid||F|||50|]Araquanid||MysticWater|WaterBubble|Liquidation,Infestation,WideGuard,Protect|Adamant||M|||50|]Incineroar||Charcoal|Intimidate|FakeOut,ThroatChop,FlareBlitz,PartingShot|Brave||M|||50|]Farigiraf||LifeOrb|ArmorTail|TrickRoom,CalmMind,HyperVoice,Psychic|Calm||M|||50|
|showteam|p2|Gengar||Gengarite|CursedBody|ShadowBall,PerishSong,SludgeBomb,Protect|Timid||F|||50|]Swampert||Swampertite|Torrent|WaveCrash,Earthquake,IcePunch,Protect|Adamant||F|||50|]Incineroar||PasshoBerry|Intimidate|ThroatChop,PartingShot,FakeOut,Protect|Sassy||F|||50|]Politoed||SitrusBerry|Drizzle|WeatherBall,PerishSong,Encore,Protect|Calm||F|||50|]Archaludon||Leftovers|Stamina|DragonPulse,FlashCannon,ElectroShot,Protect|Bold||M|||50|]Vivillon-Ocean||FocusSash|CompoundEyes|Hurricane,SleepPowder,RagePowder,Protect|Timid||M|||50|
|inactive|Battle timer is ON: inactive players will automatically lose when time's up. (requested by KodeBeast0526)
|
|t:|1783524295
|teamsize|p1|4
|teamsize|p2|4
|start
|switch|p1a: Venusaur|Venusaur, L50, M|100/100
|switch|p1b: Incineroar|Incineroar, L50, M|100/100
|switch|p2a: Vivillon|Vivillon-Ocean, L50, M|100/100
|switch|p2b: Incineroar|Incineroar, L50, F|100/100
|-ability|p1b: Incineroar|Intimidate|boost
|-unboost|p2a: Vivillon|atk|1
|-unboost|p2b: Incineroar|atk|1
|-ability|p2b: Incineroar|Intimidate|boost
|-unboost|p1a: Venusaur|atk|1
|-unboost|p1b: Incineroar|atk|1
|turn|1
|
|t:|1783524308
|switch|p1a: Farigiraf|Farigiraf, L50, M|100/100
|move|p2a: Vivillon|Protect|p2a: Vivillon
|-singleturn|p2a: Vivillon|Protect
|move|p1b: Incineroar|Fake Out|p2a: Vivillon
|-activate|p2a: Vivillon|move: Protect
|move|p2b: Incineroar|Throat Chop|p1b: Incineroar
|-resisted|p1b: Incineroar|1
|-damage|p1b: Incineroar|90/100
|-start|p1b: Incineroar|Throat Chop|[silent]
|
|upkeep
|turn|2
|
|t:|1783524321
|switch|p1a: Ninetales|Ninetales-Alola, L50, F|100/100
|-weather|Snowscape|[from] ability: Snow Warning|[of] p1a: Ninetales
|move|p2a: Vivillon|Hurricane|p1a: Ninetales
|-damage|p1a: Ninetales|48/100
|move|p2b: Incineroar|Throat Chop|p1a: Ninetales
|-resisted|p1a: Ninetales|1
|-damage|p1a: Ninetales|38/100
|-start|p1a: Ninetales|Throat Chop|[silent]
|move|p1b: Incineroar|Flare Blitz|p2a: Vivillon
|-supereffective|p2a: Vivillon|1
|-enditem|p2a: Vivillon|Focus Sash
|-damage|p2a: Vivillon|1/100
|-damage|p1b: Incineroar|62/100|[from] Recoil
|
|-weather|Snowscape|[upkeep]
|-end|p1b: Incineroar|Throat Chop|[silent]
|upkeep
|turn|3
|
|t:|1783524345
|switch|p2b: Politoed|Politoed, L50, F|100/100
|-weather|RainDance|[from] ability: Drizzle|[of] p2b: Politoed
|move|p1a: Ninetales|Blizzard|p2a: Vivillon|[spread] p2a
|-miss|p1a: Ninetales|p2b: Politoed
|-supereffective|p2a: Vivillon|1
|-damage|p2a: Vivillon|0 fnt
|faint|p2a: Vivillon
|move|p1b: Incineroar|Parting Shot|p2b: Politoed
|-unboost|p2b: Politoed|atk|1
|-unboost|p2b: Politoed|spa|1
|
|t:|1783524354
|switch|p1b: Farigiraf|Farigiraf, L50, M|100/100|[from] Parting Shot
|
|-weather|RainDance|[upkeep]
|-end|p1a: Ninetales|Throat Chop|[silent]
|upkeep
|
|t:|1783524356
|switch|p2a: Swampert|Swampert, L50, F|100/100
|turn|4
|
|t:|1783524364
|switch|p1a: Incineroar|Incineroar, L50, M|62/100
|-ability|p1a: Incineroar|Intimidate|boost
|-unboost|p2a: Swampert|atk|1
|-unboost|p2b: Politoed|atk|1
|detailschange|p2a: Swampert|Swampert-Mega, L50, F
|-mega|p2a: Swampert|Swampert|Swampertite
|move|p2a: Swampert|Earthquake|p1a: Incineroar|[spread] p2b,p1a,p1b
|-supereffective|p1a: Incineroar|1
|-damage|p2b: Politoed|70/100
|-damage|p1a: Incineroar|0 fnt
|-damage|p1b: Farigiraf|72/100
|faint|p1a: Incineroar
|move|p2b: Politoed|Weather Ball|p1b: Farigiraf
|-damage|p1b: Farigiraf|45/100
|move|p1b: Farigiraf|Trick Room|p1b: Farigiraf
|-fieldstart|move: Trick Room|[of] p1b: Farigiraf
|
|-weather|RainDance|[upkeep]
|upkeep
|
|t:|1783524366
|switch|p1a: Venusaur|Venusaur, L50, M|100/100
|turn|5
|
|t:|1783524382
|switch|p2a: Incineroar|Incineroar, L50, F|100/100
|-ability|p2a: Incineroar|Intimidate|boost
|-unboost|p1a: Venusaur|atk|1
|-unboost|p1b: Farigiraf|atk|1
|detailschange|p1a: Venusaur|Venusaur-Mega, L50, M
|-mega|p1a: Venusaur|Venusaur|Venusaurite
|move|p1b: Farigiraf|Hyper Voice|p2a: Incineroar|[spread] p2a,p2b
|-damage|p2a: Incineroar|74/100
|-damage|p2b: Politoed|42/100
|-enditem|p2b: Politoed|Sitrus Berry|[eat]
|-heal|p2b: Politoed|67/100|[from] item: Sitrus Berry
|-damage|p1b: Farigiraf|35/100|[from] item: Life Orb
|move|p2b: Politoed|Perish Song|p2b: Politoed
|-start|p1a: Venusaur|perish3|[silent]
|-start|p1b: Farigiraf|perish3|[silent]
|-start|p2a: Incineroar|perish3|[silent]
|-start|p2b: Politoed|perish3|[silent]
|-fieldactivate|move: Perish Song
|move|p1a: Venusaur|Giga Drain|p2b: Politoed
|-supereffective|p2b: Politoed|1
|-damage|p2b: Politoed|12/100
|
|-weather|RainDance|[upkeep]
|-start|p2a: Incineroar|perish3
|-start|p1b: Farigiraf|perish3
|-start|p2b: Politoed|perish3
|-start|p1a: Venusaur|perish3
|upkeep
|turn|6
|inactive|powerstar7 has 30 seconds left.
|
|t:|1783524408
|switch|p1b: Ninetales|Ninetales-Alola, L50, F|38/100
|-weather|Snowscape|[from] ability: Snow Warning|[of] p1b: Ninetales
|move|p2b: Politoed|Protect|p2b: Politoed
|-singleturn|p2b: Politoed|Protect
|move|p2a: Incineroar|Throat Chop|p1b: Ninetales
|-resisted|p1b: Ninetales|1
|-damage|p1b: Ninetales|24/100
|-start|p1b: Ninetales|Throat Chop|[silent]
|move|p1a: Venusaur|Earth Power|p2a: Incineroar
|-supereffective|p2a: Incineroar|1
|-damage|p2a: Incineroar|32/100
|
|-weather|Snowscape|[upkeep]
|-start|p2a: Incineroar|perish2
|-start|p2b: Politoed|perish2
|-start|p1a: Venusaur|perish2
|upkeep
|turn|7
|inactive|powerstar7 has 30 seconds left.
|
|t:|1783524433
|switch|p2b: Swampert|Swampert-Mega, L50, F|100/100
|move|p2a: Incineroar|Parting Shot|p1a: Venusaur
|-unboost|p1a: Venusaur|atk|1
|-unboost|p1a: Venusaur|spa|1
|
|t:|1783524438
|switch|p2a: Politoed|Politoed, L50, F|12/100|[from] Parting Shot
|-weather|RainDance|[from] ability: Drizzle|[of] p2a: Politoed
|move|p1a: Venusaur|Giga Drain|p2b: Swampert
|-supereffective|p2b: Swampert|2
|-damage|p2b: Swampert|6/100
|move|p1b: Ninetales|Moonblast|p2a: Politoed
|-damage|p2a: Politoed|0 fnt
|faint|p2a: Politoed
|
|-weather|RainDance|[upkeep]
|-end|p1b: Ninetales|Throat Chop|[silent]
|-start|p1a: Venusaur|perish1
|upkeep
|
|t:|1783524450
|switch|p2a: Incineroar|Incineroar, L50, F|32/100
|-ability|p2a: Incineroar|Intimidate|boost
|-unboost|p1a: Venusaur|atk|1
|-unboost|p1b: Ninetales|atk|1
|turn|8
|
|t:|1783524470
|switch|p1a: Farigiraf|Farigiraf, L50, M|35/100
|move|p2b: Swampert|Protect|p2b: Swampert
|-singleturn|p2b: Swampert|Protect
|move|p2a: Incineroar|Throat Chop|p1a: Farigiraf
|-supereffective|p1a: Farigiraf|1
|-damage|p1a: Farigiraf|0 fnt
|faint|p1a: Farigiraf
|move|p1b: Ninetales|Moonblast|p2a: Incineroar
|-crit|p2a: Incineroar
|-damage|p2a: Incineroar|0 fnt
|faint|p2a: Incineroar
|
|-weather|RainDance|[upkeep]
|-fieldend|move: Trick Room
|upkeep
|
|t:|1783524476
|switch|p1a: Venusaur|Venusaur-Mega, L50, M|100/100
|turn|9
|
|t:|1783524482
|move|p2b: Swampert|Earthquake|p1b: Ninetales|[spread] p1a,p1b
|-damage|p1a: Venusaur|64/100
|-damage|p1b: Ninetales|0 fnt
|faint|p1b: Ninetales
|move|p1a: Venusaur|Giga Drain|p2b: Swampert
|-supereffective|p2b: Swampert|2
|-damage|p2b: Swampert|0 fnt
|-heal|p1a: Venusaur|67/100|[from] drain|[of] p2b: Swampert
|faint|p2b: Swampert
|
|win|powerstar7
|raw|powerstar7's rating: 1092 → 1126(+34 for winning)
|raw|KodeBeast0526's rating: 1197 → 1165(-32 for losing)
