|j|☆uscorp
|j|☆xdi8723
|html|uscorpxdi8723    
|uhtml|bestof|Game 3 of a best-of-3
|t:|1784934055
|gametype|doubles
|player|p1|uscorp|2|1121
|player|p2|xdi8723|2|1025
|gen|9
|tier|[Gen 9 Champions] VGC 2026 Reg M-B (Bo3)
|rated|
|rule|Species Clause: Limit one of each Pokémon
|rule|Item Clause: Limit 1 of each item
|clearpoke
|poke|p1|Floette-Eternal, L50, F|
|poke|p1|Delphox, L50, F|
|poke|p1|Kingambit, L50, F|
|poke|p1|Sneasler, L50, M|
|poke|p1|Sinistcha, L50|
|poke|p1|Incineroar, L50, F|
|poke|p2|Archaludon, L50, F|
|poke|p2|Pelipper, L50, M|
|poke|p2|Grimmsnarl, L50, M|
|poke|p2|Sinistcha, L50|
|poke|p2|Swampert, L50, F|
|poke|p2|Lycanroc-Dusk, L50, F|
|teampreview|4
|showteam|p1|Floette-Eternal||Floettite|FlowerVeil|CalmMind,DrainingKiss,DazzlingGleam,Protect|Modest||F|||50|]Delphox||Delphoxite|Blaze|HeatWave,NastyPlot,Psyshock,Protect|Timid||F|||50|]Kingambit||BlackGlasses|Defiant|KowtowCleave,SuckerPunch,SwordsDance,Protect|Adamant||F|||50|]Sneasler||FocusSash|PoisonTouch|CloseCombat,PoisonJab,Coaching,FakeOut|Jolly||M|||50|]Sinistcha||KasibBerry|Hospitality|TrickRoom,MatchaGotcha,RagePowder,Protect|Bold|||||50|]Incineroar||SitrusBerry|Intimidate|FlareBlitz,PartingShot,HelpingHand,FakeOut|Impish||F|||50|
|showteam|p2|Archaludon||Leftovers|Stamina|ElectroShot,AuraSphere,FlashCannon,Protect|Modest||F|||50|]Pelipper||SitrusBerry|Drizzle|Tailwind,WeatherBall,Hurricane,WideGuard|Modest||M|||50|]Grimmsnarl||LightClay|Prankster|PartingShot,SpiritBreak,Reflect,LightScreen|Calm||M|||50|]Sinistcha||KasibBerry|Hospitality|MatchaGotcha,LifeDew,RagePowder,TrickRoom|Calm|||||50|]Swampert||Swampertite|Torrent|WaveCrash,Earthquake,IcePunch,Protect|Adamant||F|||50|]Lycanroc-Dusk||FocusSash|ToughClaws|Protect,RockSlide,Accelerock,CloseCombat|Jolly||F|||50|
|
|t:|1784934085
|teamsize|p1|4
|teamsize|p2|4
|start
|switch|p1a: Sneasler|Sneasler, L50, M|100/100
|switch|p1b: Kingambit|Kingambit, L50, F|100/100
|switch|p2a: Pelipper|Pelipper, L50, M|100/100
|switch|p2b: Grimmsnarl|Grimmsnarl, L50, M|100/100
|-weather|RainDance|[from] ability: Drizzle|[of] p2a: Pelipper
|turn|1
|inactive|Battle timer is ON: inactive players will automatically lose when time's up. (requested by xdi8723)
|
|t:|1784934111
|move|p2b: Grimmsnarl|Reflect|p2b: Grimmsnarl
|-sidestart|p2: xdi8723|Reflect
|move|p1a: Sneasler|Close Combat|p2a: Pelipper
|-resisted|p2a: Pelipper|1
|-damage|p2a: Pelipper|77/100
|-unboost|p1a: Sneasler|def|1
|-unboost|p1a: Sneasler|spd|1
|move|p2a: Pelipper|Tailwind|p2a: Pelipper
|-sidestart|p2: xdi8723|move: Tailwind
|move|p1b: Kingambit|Swords Dance|p1b: Kingambit
|-boost|p1b: Kingambit|atk|2
|
|-weather|RainDance|[upkeep]
|upkeep
|turn|2
|
|t:|1784934135
|switch|p1a: Incineroar|Incineroar, L50, F|100/100
|-ability|p1a: Incineroar|Intimidate|boost
|-unboost|p2a: Pelipper|atk|1
|-unboost|p2b: Grimmsnarl|atk|1
|move|p2b: Grimmsnarl|Parting Shot|p1a: Incineroar
|-hint|Since gen 7, Dark is immune to Prankster moves.
|-immune|p1a: Incineroar
|move|p2a: Pelipper|Hurricane|p1a: Incineroar
|-crit|p1a: Incineroar
|-damage|p1a: Incineroar|39/100
|-start|p1a: Incineroar|confusion
|-enditem|p1a: Incineroar|Sitrus Berry|[eat]
|-heal|p1a: Incineroar|63/100|[from] item: Sitrus Berry
|move|p1b: Kingambit|Kowtow Cleave|p2a: Pelipper
|-damage|p2a: Pelipper|0 fnt
|faint|p2a: Pelipper
|
|-weather|RainDance|[upkeep]
|upkeep
|
|t:|1784934153
|switch|p2a: Archaludon|Archaludon, L50, F|100/100
|turn|3
|inactive|xdi8723 has 30 seconds left.
|
|t:|1784934179
|-activate|p1a: Incineroar|confusion
|move|p1a: Incineroar|Fake Out|p2a: Archaludon
|-resisted|p2a: Archaludon|1
|-damage|p2a: Archaludon|97/100
|-ability|p2a: Archaludon|Stamina|boost
|-boost|p2a: Archaludon|def|1
|cant|p2a: Archaludon|flinch
|move|p2b: Grimmsnarl|Spirit Break|p1b: Kingambit
|-damage|p1b: Kingambit|86/100
|-unboost|p1b: Kingambit|spa|1
|-ability|p1b: Kingambit|Defiant|boost
|-boost|p1b: Kingambit|atk|2
|move|p1b: Kingambit|Swords Dance|p1b: Kingambit
|-boost|p1b: Kingambit|atk|2
|
|-weather|RainDance|[upkeep]
|-heal|p2a: Archaludon|100/100|[from] item: Leftovers
|upkeep
|turn|4
|inactive|uscorp has 30 seconds left.
|inactive|xdi8723 has 30 seconds left.
|inactive|xdi8723 has 20 seconds left.
|inactive|xdi8723 has 15 seconds left.
|inactive|xdi8723 has 10 seconds left.
|
|t:|1784934227
|-activate|p1a: Incineroar|confusion
|-damage|p1a: Incineroar|54/100|[from] confusion
|move|p1b: Kingambit|Sucker Punch|p2a: Archaludon
|-damage|p2a: Archaludon|34/100
|-ability|p2a: Archaludon|Stamina|boost
|-boost|p2a: Archaludon|def|1
|move|p2a: Archaludon|Electro Shot||[still]
|-prepare|p2a: Archaludon|Electro Shot
|-boost|p2a: Archaludon|spa|1
|-anim|p2a: Archaludon|Electro Shot|p1b: Kingambit
|-damage|p1b: Kingambit|23/100
|move|p2b: Grimmsnarl|Spirit Break|p1b: Kingambit
|-damage|p1b: Kingambit|9/100
|-unboost|p1b: Kingambit|spa|1
|-boost|p1b: Kingambit|atk|0
|
|-weather|RainDance|[upkeep]
|-heal|p2a: Archaludon|41/100|[from] item: Leftovers
|-sideend|p2: xdi8723|move: Tailwind
|upkeep
|turn|5
|inactive|xdi8723 has 30 seconds left.
|inactive|uscorp has 30 seconds left.
|
|t:|1784934259
|switch|p1a: Sinistcha|Sinistcha, L50|100/100
|-heal|p1b: Kingambit|33/100|[from] ability: Hospitality|[of] p1a: Sinistcha
|move|p2a: Archaludon|Protect|p2a: Archaludon
|-singleturn|p2a: Archaludon|Protect
|move|p1b: Kingambit|Sucker Punch||[still]
|-fail|p1b: Kingambit
|move|p2b: Grimmsnarl|Spirit Break|p1b: Kingambit
|-damage|p1b: Kingambit|19/100
|-unboost|p1b: Kingambit|spa|1
|-boost|p1b: Kingambit|atk|0
|
|-weather|none
|-heal|p2a: Archaludon|47/100|[from] item: Leftovers
|upkeep
|turn|6
|inactive|xdi8723 has 30 seconds left.
|inactive|xdi8723 has 20 seconds left.
|
|t:|1784934297
|move|p1b: Kingambit|Protect|p1b: Kingambit
|-singleturn|p1b: Kingambit|Protect
|move|p2b: Grimmsnarl|Parting Shot|p1a: Sinistcha
|-unboost|p1a: Sinistcha|atk|1
|-unboost|p1a: Sinistcha|spa|1
|
|t:|1784934302
|switch|p2b: Swampert|Swampert, L50, F|100/100|[from] Parting Shot
|move|p2a: Archaludon|Aura Sphere|p1b: Kingambit
|-activate|p1b: Kingambit|move: Protect
|move|p1a: Sinistcha|Trick Room|p1a: Sinistcha
|-fieldstart|move: Trick Room|[of] p1a: Sinistcha
|
|-heal|p2a: Archaludon|53/100|[from] item: Leftovers
|upkeep
|turn|7
|
|t:|1784934323
|detailschange|p2b: Swampert|Swampert-Mega, L50, F
|-mega|p2b: Swampert|Swampert|Swampertite
|move|p2a: Archaludon|Protect|p2a: Archaludon
|-singleturn|p2a: Archaludon|Protect
|move|p1b: Kingambit|Kowtow Cleave|p2b: Swampert
|-damage|p2b: Swampert|0 fnt
|faint|p2b: Swampert
|move|p1a: Sinistcha|Matcha Gotcha|p2a: Archaludon
|-activate|p2a: Archaludon|move: Protect
|
|-heal|p2a: Archaludon|59/100|[from] item: Leftovers
|upkeep
|
|t:|1784934335
|switch|p2b: Grimmsnarl|Grimmsnarl, L50, M|100/100
|turn|8
|inactive|xdi8723 has 30 seconds left.
|
|t:|1784934361
|move|p1a: Sinistcha|Rage Powder|p1a: Sinistcha
|-singleturn|p1a: Sinistcha|move: Rage Powder
|move|p1b: Kingambit|Sucker Punch|p2a: Archaludon
|-damage|p2a: Archaludon|12/100
|-ability|p2a: Archaludon|Stamina|boost
|-boost|p2a: Archaludon|def|1
|move|p2b: Grimmsnarl|Spirit Break|p1a: Sinistcha
|-damage|p1a: Sinistcha|80/100
|-unboost|p1a: Sinistcha|spa|1
|move|p2a: Archaludon|Aura Sphere|p1a: Sinistcha
|-immune|p1a: Sinistcha
|
|-heal|p2a: Archaludon|18/100|[from] item: Leftovers
|-sideend|p2: xdi8723|Reflect
|upkeep
|turn|9
|inactive|uscorp has 30 seconds left.
|
|t:|1784934387
|move|p1a: Sinistcha|Rage Powder|p1a: Sinistcha
|-singleturn|p1a: Sinistcha|move: Rage Powder
|move|p2b: Grimmsnarl|Reflect|p2b: Grimmsnarl
|-sidestart|p2: xdi8723|Reflect
|move|p1b: Kingambit|Kowtow Cleave|p2b: Grimmsnarl
|-resisted|p2b: Grimmsnarl|2
|-damage|p2b: Grimmsnarl|63/100
|move|p2a: Archaludon|Flash Cannon|p1a: Sinistcha
|-damage|p1a: Sinistcha|23/100
|
|-heal|p2a: Archaludon|25/100|[from] item: Leftovers
|upkeep
|turn|10
|
|t:|1784934412
|move|p2a: Archaludon|Protect|p2a: Archaludon
|-singleturn|p2a: Archaludon|Protect
|move|p1a: Sinistcha|Rage Powder|p1a: Sinistcha
|-singleturn|p1a: Sinistcha|move: Rage Powder
|move|p1b: Kingambit|Kowtow Cleave|p2a: Archaludon
|-activate|p2a: Archaludon|move: Protect
|move|p2b: Grimmsnarl|Spirit Break|p1a: Sinistcha
|-damage|p1a: Sinistcha|2/100
|-unboost|p1a: Sinistcha|spa|1
|
|-heal|p2a: Archaludon|31/100|[from] item: Leftovers
|-fieldend|move: Trick Room
|upkeep
|turn|11
|
|t:|1784934432
|switch|p1a: Incineroar|Incineroar, L50, F|54/100
|-ability|p1a: Incineroar|Intimidate|boost
|-unboost|p2a: Archaludon|atk|1
|-unboost|p2b: Grimmsnarl|atk|1
|move|p1b: Kingambit|Protect|p1b: Kingambit
|-singleturn|p1b: Kingambit|Protect
|move|p2a: Archaludon|Flash Cannon|p1b: Kingambit
|-activate|p1b: Kingambit|move: Protect
|move|p2b: Grimmsnarl|Spirit Break|p1b: Kingambit
|-activate|p1b: Kingambit|move: Protect
|
|-heal|p2a: Archaludon|37/100|[from] item: Leftovers
|upkeep
|turn|12
|inactive|uscorp has 30 seconds left.
|
|t:|1784934458
|move|p1a: Incineroar|Helping Hand|p1b: Kingambit
|-singleturn|p1b: Kingambit|Helping Hand|[of] p1a: Incineroar
|move|p2a: Archaludon|Protect|p2a: Archaludon
|-singleturn|p2a: Archaludon|Protect
|move|p1b: Kingambit|Sucker Punch||[still]
|-fail|p1b: Kingambit
|move|p2b: Grimmsnarl|Spirit Break|p1b: Kingambit
|-damage|p1b: Kingambit|5/100
|-unboost|p1b: Kingambit|spa|1
|-boost|p1b: Kingambit|atk|0
|
|-heal|p2a: Archaludon|43/100|[from] item: Leftovers
|upkeep
|turn|13
|inactive|uscorp has 30 seconds left.
|
|t:|1784934484
|switch|p1b: Sinistcha|Sinistcha, L50|2/100
|-heal|p1a: Incineroar|79/100|[from] ability: Hospitality|[of] p1b: Sinistcha
|move|p2a: Archaludon|Aura Sphere|p1b: Sinistcha
|-immune|p1b: Sinistcha
|move|p1a: Incineroar|Parting Shot|p2a: Archaludon
|-unboost|p2a: Archaludon|atk|1
|-unboost|p2a: Archaludon|spa|1
|
|t:|1784934495
|switch|p1a: Kingambit|Kingambit, L50, F|5/100|[from] Parting Shot
|move|p2b: Grimmsnarl|Spirit Break|p1b: Sinistcha
|-crit|p1b: Sinistcha
|-damage|p1b: Sinistcha|0 fnt
|faint|p1b: Sinistcha
|
|-heal|p2a: Archaludon|50/100y|[from] item: Leftovers
|upkeep
|
|t:|1784934506
|switch|p1b: Incineroar|Incineroar, L50, F|79/100
|-ability|p1b: Incineroar|Intimidate|boost
|-unboost|p2a: Archaludon|atk|1
|-unboost|p2b: Grimmsnarl|atk|1
|turn|14
|inactive|uscorp has 30 seconds left.
|inactive|uscorp has 20 seconds left.
|
|t:|1784934545
|switch|p1a: Sneasler|Sneasler, L50, M|100/100
|move|p2a: Archaludon|Protect|p2a: Archaludon
|-singleturn|p2a: Archaludon|Protect
|move|p1b: Incineroar|Parting Shot|p2a: Archaludon
|-activate|p2a: Archaludon|move: Protect
|move|p2b: Grimmsnarl|Spirit Break|p1a: Sneasler
|-damage|p1a: Sneasler|76/100
|-unboost|p1a: Sneasler|spa|1
|
|-heal|p2a: Archaludon|56/100|[from] item: Leftovers
|upkeep
|turn|15
|inactive|xdi8723 has 30 seconds left.
|inactive|uscorp has 30 seconds left.
|
|t:|1784934575
|move|p1b: Incineroar|Helping Hand|p1a: Sneasler
|-singleturn|p1a: Sneasler|Helping Hand|[of] p1b: Incineroar
|move|p2b: Grimmsnarl|Parting Shot|p1a: Sneasler
|-unboost|p1a: Sneasler|atk|1
|-unboost|p1a: Sneasler|spa|1
|move|p1a: Sneasler|Poison Jab|p2b: Grimmsnarl
|-supereffective|p2b: Grimmsnarl|1
|-damage|p2b: Grimmsnarl|9/100
|move|p2a: Archaludon|Aura Sphere|p1b: Incineroar
|-supereffective|p1b: Incineroar|1
|-damage|p1b: Incineroar|30/100
|
|-heal|p2a: Archaludon|62/100|[from] item: Leftovers
|upkeep
|turn|16
|inactive|xdi8723 has 30 seconds left.
|inactive|xdi8723 has 20 seconds left.
|
|t:|1784934611
|switch|p1b: Kingambit|Kingambit, L50, F|5/100
|move|p2b: Grimmsnarl|Parting Shot|p1a: Sneasler
|-unboost|p1a: Sneasler|atk|1
|-unboost|p1a: Sneasler|spa|1
|move|p1a: Sneasler|Poison Jab|p2b: Grimmsnarl
|-supereffective|p2b: Grimmsnarl|1
|-damage|p2b: Grimmsnarl|0 fnt
|faint|p2b: Grimmsnarl
|move|p2a: Archaludon|Aura Sphere|p1b: Kingambit
|-supereffective|p1b: Kingambit|2
|-damage|p1b: Kingambit|0 fnt
|faint|p1b: Kingambit
|
|-heal|p2a: Archaludon|68/100|[from] item: Leftovers
|-sideend|p2: xdi8723|Reflect
|upkeep
|
|t:|1784934627
|switch|p1b: Incineroar|Incineroar, L50, F|30/100
|-ability|p1b: Incineroar|Intimidate|boost
|-unboost|p2a: Archaludon|atk|1
|turn|17
|inactive|uscorp has 30 seconds left.
|
|t:|1784934653
|move|p1b: Incineroar|Helping Hand|p1a: Sneasler
|-singleturn|p1a: Sneasler|Helping Hand|[of] p1b: Incineroar
|move|p2a: Archaludon|Protect|p2a: Archaludon
|-singleturn|p2a: Archaludon|Protect
|move|p1a: Sneasler|Close Combat|p2a: Archaludon
|-activate|p2a: Archaludon|move: Protect
|
|-heal|p2a: Archaludon|75/100|[from] item: Leftovers
|upkeep
|turn|18
|inactive|xdi8723 has 30 seconds left.
|inactive|xdi8723 has 20 seconds left.
|inactive|xdi8723 has 15 seconds left.
|inactive|xdi8723 has 10 seconds left.
|inactive|xdi8723 has 5 seconds left.
|inactive|uscorp has 30 seconds left.
|-message|xdi8723 lost due to inactivity.
|
|win|uscorp
|raw|uscorp's rating: 1121 → 1139(+18 for winning)
|raw|xdi8723's rating: 1025 → 1015(-10 for losing)
|c|☆xdi8723|gg
|l|☆uscorp
|player|p1|
