|j|☆entei enthusiast
|j|☆tauruster
|html|entei enthusiasttauruster    
|uhtml|bestof|Game 1 of a best-of-3
|t:|1783023607
|gametype|doubles
|player|p1|entei enthusiast|kamado-armor|1057
|player|p2|tauruster|battlegirl-gen4|1157
|gen|9
|tier|[Gen 9 Champions] VGC 2026 Reg M-B (Bo3)
|rated|
|rule|Species Clause: Limit one of each Pokémon
|rule|Item Clause: Limit 1 of each item
|clearpoke
|poke|p1|Gyarados, L50, M, shiny|
|poke|p1|Floette-Eternal, L50, F|
|poke|p1|Sneasler, L50, F|
|poke|p1|Sinistcha, L50|
|poke|p1|Garchomp, L50, F|
|poke|p1|Incineroar, L50, M|
|poke|p2|Farigiraf, L50, F|
|poke|p2|Incineroar, L50, M|
|poke|p2|Mawile, L50, F|
|poke|p2|Garchomp, L50, M|
|poke|p2|Charizard, L50, M|
|poke|p2|Whimsicott, L50, M|
|teampreview|4
|showteam|p1|Gyarados||Gyaradosite|Intimidate|Waterfall,LashOut,DragonDance,Protect|Adamant||M|||50|]Floette-Eternal||Floettite|FlowerVeil|DrainingKiss,DazzlingGleam,CalmMind,Protect|Timid||F|||50|]Sneasler||FocusSash|PoisonTouch|CloseCombat,DireClaw,FakeOut,Coaching|Jolly||F|||50|]Sinistcha||SitrusBerry|Hospitality|MatchaGotcha,LifeDew,RagePowder,Protect|Calm|||||50|]Garchomp||LifeOrb|RoughSkin|DragonClaw,RockSlide,Earthquake,Protect|Jolly||F|||50|]Incineroar||PasshoBerry|Intimidate|FlareBlitz,FakeOut,PartingShot,Taunt|Careful||M|||50|
|showteam|p2|Farigiraf||SitrusBerry|ArmorTail|Psychic,Thunderbolt,TrickRoom,HelpingHand|Calm||F|||50|]Incineroar||Charcoal|Intimidate|FakeOut,FlareBlitz,ThroatChop,PartingShot|Adamant||M|||50|]Mawile||Mawilite|HyperCutter|IronHead,PlayRough,SuckerPunch,Protect|Adamant||F|||50|]Garchomp||LifeOrb|RoughSkin|DragonClaw,StompingTantrum,RockSlide,Protect|Jolly||M|||50|]Charizard||CharizarditeY|SolarPower|HeatWave,WeatherBall,Protect,SolarBeam|Modest||M|||50|]Whimsicott||FocusSash|Prankster|Moonblast,Tailwind,Encore,Protect|Timid||M|||50|
|inactive|Battle timer is ON: inactive players will automatically lose when time's up. (requested by entei enthusiast)
|inactive|entei enthusiast has 60 seconds left.
|inactive|tauruster has 60 seconds left.
|inactive|entei enthusiast has 30 seconds left.
|
|t:|1783023670
|teamsize|p1|4
|teamsize|p2|4
|start
|switch|p1a: Gyarados|Gyarados, L50, M, shiny|100/100
|switch|p1b: Sinistcha|Sinistcha, L50|100/100
|switch|p2a: Farigiraf|Farigiraf, L50, F|100/100
|switch|p2b: Incineroar|Incineroar, L50, M|100/100
|-ability|p1a: Gyarados|Intimidate|boost
|-unboost|p2a: Farigiraf|atk|1
|-unboost|p2b: Incineroar|atk|1
|-ability|p2b: Incineroar|Intimidate|boost
|-unboost|p1a: Gyarados|atk|1
|-unboost|p1b: Sinistcha|atk|1
|turn|1
|inactive|tauruster has 30 seconds left.
|inactive|entei enthusiast has 30 seconds left.
|inactive|tauruster has 20 seconds left.
|
|t:|1783023713
|switch|p1b: Sneasler|Sneasler, L50, F|100/100
|detailschange|p1a: Gyarados|Gyarados-Mega, L50, M, shiny
|-mega|p1a: Gyarados|Gyarados|Gyaradosite
|-ability|p1a: Gyarados|Mold Breaker
|move|p1a: Gyarados|Lash Out|p2a: Farigiraf
|-supereffective|p2a: Farigiraf|1
|-damage|p2a: Farigiraf|0 fnt
|faint|p2a: Farigiraf
|move|p2b: Incineroar|Parting Shot|p1b: Sneasler
|-unboost|p1b: Sneasler|atk|1
|-unboost|p1b: Sneasler|spa|1
|inactive|tauruster has 30 seconds left.
|
|t:|1783023744
|switch|p2b: Mawile|Mawile, L50, F|100/100|[from] Parting Shot
|
|upkeep
|
|t:|1783023747
|switch|p2a: Incineroar|Incineroar, L50, M|100/100
|-ability|p2a: Incineroar|Intimidate|boost
|-unboost|p1a: Gyarados|atk|1
|-unboost|p1b: Sneasler|atk|1
|turn|2
|
|t:|1783023764
|switch|p1b: Sinistcha|Sinistcha, L50|100/100
|detailschange|p2b: Mawile|Mawile-Mega, L50, F
|-mega|p2b: Mawile|Mawile|Mawilite
|move|p1a: Gyarados|Protect|p1a: Gyarados
|-singleturn|p1a: Gyarados|Protect
|move|p2a: Incineroar|Fake Out|p1a: Gyarados
|-activate|p1a: Gyarados|move: Protect
|move|p2b: Mawile|Play Rough|p1a: Gyarados
|-activate|p1a: Gyarados|move: Protect
|
|upkeep
|turn|3
|
|t:|1783023782
|switch|p1a: Incineroar|Incineroar, L50, M|100/100
|-ability|p1a: Incineroar|Intimidate|boost
|-unboost|p2a: Incineroar|atk|1
|-unboost|p2b: Mawile|atk|1
|move|p1b: Sinistcha|Matcha Gotcha|p2a: Incineroar|[spread] p2a,p2b
|-resisted|p2a: Incineroar|1
|-resisted|p2b: Mawile|1
|-damage|p2a: Incineroar|88/100
|-damage|p2b: Mawile|84/100
|move|p2a: Incineroar|Flare Blitz|p1b: Sinistcha
|-supereffective|p1b: Sinistcha|1
|-damage|p1b: Sinistcha|14/100
|-enditem|p1b: Sinistcha|Sitrus Berry|[eat]
|-heal|p1b: Sinistcha|39/100|[from] item: Sitrus Berry
|-damage|p2a: Incineroar|63/100|[from] Recoil
|move|p2b: Mawile|Play Rough|p1a: Incineroar
|-damage|p1a: Incineroar|48/100
|
|upkeep
|turn|4
|inactive|entei enthusiast has 30 seconds left.
|inactive|tauruster has 30 seconds left.
|
|t:|1783023817
|move|p2b: Mawile|Protect|p2b: Mawile
|-singleturn|p2b: Mawile|Protect
|move|p1a: Incineroar|Fake Out|p2a: Incineroar
|-damage|p2a: Incineroar|53/100
|move|p1b: Sinistcha|Life Dew|p1b: Sinistcha|[spread] p1a,p1b
|-heal|p1a: Incineroar|73/100
|-heal|p1b: Sinistcha|64/100
|cant|p2a: Incineroar|flinch
|
|upkeep
|turn|5
|inactive|tauruster has 30 seconds left.
|
|t:|1783023849
|switch|p2b: Garchomp|Garchomp, L50, M|100/100
|move|p1b: Sinistcha|Rage Powder|p1b: Sinistcha
|-singleturn|p1b: Sinistcha|move: Rage Powder
|move|p1a: Incineroar|Flare Blitz|p2b: Garchomp
|-resisted|p2b: Garchomp|1
|-damage|p2b: Garchomp|77/100
|-damage|p1a: Incineroar|61/100|[from] ability: Rough Skin|[of] p2b: Garchomp
|-damage|p1a: Incineroar|54/100|[from] Recoil
|move|p2a: Incineroar|Flare Blitz|p1b: Sinistcha
|-supereffective|p1b: Sinistcha|1
|-damage|p1b: Sinistcha|0 fnt
|faint|p1b: Sinistcha
|-damage|p2a: Incineroar|34/100|[from] Recoil
|
|upkeep
|
|t:|1783023863
|switch|p1b: Gyarados|Gyarados-Mega, L50, M, shiny|100/100
|-ability|p1b: Gyarados|Mold Breaker
|turn|6
|inactive|tauruster has 30 seconds left.
|
|t:|1783023889
|switch|p1a: Sneasler|Sneasler, L50, F|100/100
|switch|p2a: Mawile|Mawile-Mega, L50, F|84/100
|move|p2b: Garchomp|Stomping Tantrum|p1a: Sneasler
|-supereffective|p1a: Sneasler|1
|-enditem|p1a: Sneasler|Focus Sash
|-damage|p1a: Sneasler|1/100
|-damage|p2b: Garchomp|67/100|[from] item: Life Orb
|move|p1b: Gyarados|Dragon Dance|p1b: Gyarados
|-boost|p1b: Gyarados|atk|1
|-boost|p1b: Gyarados|spe|1
|
|upkeep
|turn|7
|inactive|entei enthusiast has 30 seconds left.
|inactive|tauruster has 30 seconds left.
|inactive|entei enthusiast has 20 seconds left.
|inactive|tauruster has 20 seconds left.
|inactive|tauruster has 15 seconds left.
|
|t:|1783023930
|switch|p1a: Incineroar|Incineroar, L50, M|54/100
|-ability|p1a: Incineroar|Intimidate|boost
|-unboost|p2a: Mawile|atk|1
|-unboost|p2b: Garchomp|atk|1
|move|p1b: Gyarados|Protect|p1b: Gyarados
|-singleturn|p1b: Gyarados|Protect
|move|p2a: Mawile|Protect|p2a: Mawile
|-singleturn|p2a: Mawile|Protect
|move|p2b: Garchomp|Rock Slide|p1a: Incineroar|[spread] p1a
|-activate|p1b: Gyarados|move: Protect
|-supereffective|p1a: Incineroar|1
|-damage|p1a: Incineroar|19/100
|-damage|p2b: Garchomp|57/100|[from] item: Life Orb
|
|upkeep
|turn|8
|
|t:|1783023946
|switch|p2a: Incineroar|Incineroar, L50, M|34/100
|-ability|p2a: Incineroar|Intimidate|boost
|-unboost|p1a: Incineroar|atk|1
|-unboost|p1b: Gyarados|atk|1
|move|p2b: Garchomp|Protect|p2b: Garchomp
|-singleturn|p2b: Garchomp|Protect
|move|p1a: Incineroar|Fake Out|p2a: Incineroar
|-damage|p2a: Incineroar|27/100
|move|p1b: Gyarados|Waterfall|p2b: Garchomp
|-activate|p2b: Garchomp|move: Protect
|
|upkeep
|turn|9
|inactive|tauruster has 30 seconds left.
|
|t:|1783023972
|move|p2a: Incineroar|Fake Out|p1b: Gyarados
|-damage|p1b: Gyarados|86/100
|cant|p1b: Gyarados|flinch
|move|p2b: Garchomp|Stomping Tantrum|p1a: Incineroar
|-supereffective|p1a: Incineroar|1
|-damage|p1a: Incineroar|0 fnt
|faint|p1a: Incineroar
|-damage|p2b: Garchomp|48/100|[from] item: Life Orb
|
|upkeep
|
|t:|1783023974
|switch|p1a: Sneasler|Sneasler, L50, F|1/100
|turn|10
|
|t:|1783023998
|switch|p2a: Mawile|Mawile-Mega, L50, F|84/100
|move|p2b: Garchomp|Protect|p2b: Garchomp
|-singleturn|p2b: Garchomp|Protect
|move|p1b: Gyarados|Waterfall|p2a: Mawile
|-damage|p2a: Mawile|38/100
|move|p1a: Sneasler|Close Combat|p2b: Garchomp
|-activate|p2b: Garchomp|move: Protect
|
|upkeep
|turn|11
|inactive|tauruster has 30 seconds left.
|
|t:|1783024023
|switch|p2a: Incineroar|Incineroar, L50, M|27/100
|-ability|p2a: Incineroar|Intimidate|boost
|-unboost|p1a: Sneasler|atk|1
|-unboost|p1b: Gyarados|atk|1
|move|p1b: Gyarados|Waterfall|p2a: Incineroar
|-supereffective|p2a: Incineroar|1
|-damage|p2a: Incineroar|0 fnt
|faint|p2a: Incineroar
|move|p1a: Sneasler|Close Combat|p2b: Garchomp
|-damage|p2b: Garchomp|7/100
|-unboost|p1a: Sneasler|def|1
|-unboost|p1a: Sneasler|spd|1
|-damage|p1a: Sneasler|0 fnt|[from] ability: Rough Skin|[of] p2b: Garchomp
|faint|p1a: Sneasler
|move|p2b: Garchomp|Dragon Claw|p1b: Gyarados
|-damage|p1b: Gyarados|56/100
|-damage|p2b: Garchomp|0 fnt|[from] item: Life Orb
|faint|p2b: Garchomp
|
|upkeep
|
|t:|1783024034
|switch|p2b: Mawile|Mawile-Mega, L50, F|38/100
|turn|12
|
|t:|1783024053
|move|p1b: Gyarados|Waterfall|p2b: Mawile
|-damage|p2b: Mawile|5/100
|move|p2b: Mawile|Play Rough|p1b: Gyarados
|-supereffective|p1b: Gyarados|1
|-damage|p1b: Gyarados|0 fnt
|faint|p1b: Gyarados
|
|win|tauruster
||entei enthusiast is ready for game 2.
|inactive|tauruster has 30 seconds to confirm battle start!
||tauruster is ready for game 2.
|uhtml|next|Next: Game 2 of 3
