|j|☆robby w
|j|☆five_loko_gold
|html|robby wfive_loko_gold    
|uhtml|bestof|Game 3 of a best-of-3
|t:|1756749938
|gametype|doubles
|player|p1|robby w|pokefan-gen4|1168
|player|p2|five_loko_gold|170|1087
|gen|9
|tier|[Gen 9] VGC 2025 Reg H (Bo3)
|rated|
|rule|Species Clause: Limit one of each Pokémon
|rule|Item Clause: Limit 1 of each item
|clearpoke
|poke|p1|Dondozo, L50, F|
|poke|p1|Tatsugiri, L50, F|
|poke|p1|Sneasler, L50, M|
|poke|p1|Whimsicott, L50, M|
|poke|p1|Indeedee, L50, M|
|poke|p1|Hydreigon, L50, M|
|poke|p2|Rillaboom, L50, F|
|poke|p2|Sneasler, L50, M|
|poke|p2|Kingambit, L50, F|
|poke|p2|Ninetales-Alola, L50, F|
|poke|p2|Magmar, L50, F|
|poke|p2|Basculegion, L50, M|
|teampreview|4
|showteam|p1|Dondozo||Leftovers|Unaware|Protect,WaveCrash,Earthquake,OrderUp|||F|||50|,,,,,Grass]Tatsugiri||ChoiceScarf|Commander|DragonPulse,IcyWind,DracoMeteor,MuddyWater|||F|||50|,,,,,Stellar]Sneasler||PsychicSeed|Unburden|DireClaw,CloseCombat,Protect,ThroatChop|||M|||50|,,,,,Dark]Whimsicott||CovertCloak|Prankster|Tailwind,Moonblast,Taunt,HelpingHand|||M|||50|,,,,,Dark]Indeedee||FocusSash|PsychicSurge|ExpandingForce,TrickRoom,DazzlingGleam,Protect|||M|||50|,,,,,Fairy]Hydreigon||LifeOrb|Levitate|DracoMeteor,Snarl,HeatWave,Protect|||M|||50|,,,,,Steel
|showteam|p2|Rillaboom||AssaultVest|GrassySurge|WoodHammer,GrassyGlide,Uturn,FakeOut|||F|||50|,,,,,Ghost]Sneasler||FocusSash|Unburden|CloseCombat,DireClaw,FakeOut,Protect|||M|||50|,,,,,Stellar]Kingambit||BlackGlasses|Defiant|Protect,KowtowCleave,SuckerPunch,SwordsDance|||F|||50|,,,,,Fire]Ninetales-Alola||NeverMeltIce|SnowWarning|Encore,Blizzard,FreezeDry,Protect|||F|||50|,,,,,Ice]Magmar||Eviolite|VitalSpirit|Protect,HeatWave,WillOWisp,FollowMe|||F|||50|,,,,,Ghost]Basculegion||ChoiceScarf|Adaptability|WaveCrash,FlipTurn,TeraBlast,LastRespects|||M|||50|,,,,,Fighting
|inactive|Battle timer is ON: inactive players will automatically lose when time's up. (requested by robby w)
|
|t:|1756749956
|teamsize|p1|4
|teamsize|p2|4
|start
|switch|p1a: Sneasler|Sneasler, L50, M|100/100
|switch|p1b: Indeedee|Indeedee, L50, M|100/100
|switch|p2a: Rillaboom|Rillaboom, L50, F|100/100
|switch|p2b: Kingambit|Kingambit, L50, F|100/100
|-fieldstart|move: Psychic Terrain|[from] ability: Psychic Surge|[of] p1b: Indeedee
|-enditem|p1a: Sneasler|Psychic Seed
|-boost|p1a: Sneasler|spd|1|[from] item: Psychic Seed
|-fieldstart|move: Grassy Terrain|[from] ability: Grassy Surge|[of] p2a: Rillaboom
|turn|1
|inactive|five_loko_gold has 30 seconds left.
|
|t:|1756749985
|move|p1a: Sneasler|Protect|p1a: Sneasler
|-singleturn|p1a: Sneasler|Protect
|move|p1b: Indeedee|Protect|p1b: Indeedee
|-singleturn|p1b: Indeedee|Protect
|move|p2a: Rillaboom|Fake Out|p1a: Sneasler
|-activate|p1a: Sneasler|move: Protect
|move|p2b: Kingambit|Swords Dance|p2b: Kingambit
|-boost|p2b: Kingambit|atk|2
|
|upkeep
|turn|2
|inactive|five_loko_gold has 30 seconds left.
|inactive|robby w has 30 seconds left.
|inactive|five_loko_gold has 20 seconds left.
|
|t:|1756750021
|switch|p1b: Dondozo|Dondozo, L50, F, shiny|100/100
|-terastallize|p1a: Sneasler|Dark
|move|p2b: Kingambit|Sucker Punch|p1a: Sneasler
|-resisted|p1a: Sneasler
|-damage|p1a: Sneasler|20/100
|move|p1a: Sneasler|Dire Claw|p2a: Rillaboom
|-supereffective|p2a: Rillaboom
|-damage|p2a: Rillaboom|18/100
|-status|p2a: Rillaboom|slp
|cant|p2a: Rillaboom|slp
|
|-heal|p1a: Sneasler|26/100|[from] Grassy Terrain
|-heal|p2a: Rillaboom|24/100 slp|[from] Grassy Terrain
|upkeep
|turn|3
|inactive|robby w has 30 seconds left.
|inactive|five_loko_gold has 30 seconds left.
|inactive|five_loko_gold has 20 seconds left.
|
|t:|1756750060
|switch|p2a: Ninetales|Ninetales-Alola, L50, F|100/100
|-weather|Snowscape|[from] ability: Snow Warning|[of] p2a: Ninetales
|switch|p1b: Indeedee|Indeedee, L50, M|100/100
|-fieldstart|move: Psychic Terrain|[from] ability: Psychic Surge|[of] p1b: Indeedee
|move|p2b: Kingambit|Protect|p2b: Kingambit
|-singleturn|p2b: Kingambit|Protect
|move|p1a: Sneasler|Close Combat|p2b: Kingambit
|-activate|p2b: Kingambit|move: Protect
|
|-weather|Snowscape|[upkeep]
|upkeep
|turn|4
|inactive|robby w has 30 seconds left.
|inactive|five_loko_gold has 30 seconds left.
|inactive|five_loko_gold has 20 seconds left.
|inactive|five_loko_gold has 15 seconds left.
|
|t:|1756750102
|-terastallize|p2b: Kingambit|Fire
|move|p1a: Sneasler|Close Combat|p2b: Kingambit
|-damage|p2b: Kingambit|46/100
|-unboost|p1a: Sneasler|def|1
|-unboost|p1a: Sneasler|spd|1
|move|p2a: Ninetales|Blizzard|p1a: Sneasler|[spread] p1a,p1b
|-damage|p1a: Sneasler|0 fnt
|-damage|p1b: Indeedee|52/100
|faint|p1a: Sneasler
|move|p1b: Indeedee|Expanding Force|p2b: Kingambit|[spread] p2a,p2b
|-damage|p2a: Ninetales|43/100
|-damage|p2b: Kingambit|0 fnt
|faint|p2b: Kingambit
|
|-weather|Snowscape|[upkeep]
|upkeep
|
|t:|1756750116
|switch|p1a: Dondozo|Dondozo, L50, F, shiny|100/100
|switch|p2b: Rillaboom|Rillaboom, L50, F|24/100 slp
|-fieldstart|move: Grassy Terrain|[from] ability: Grassy Surge|[of] p2b: Rillaboom
|turn|5
|
|t:|1756750137
|switch|p1b: Tatsugiri|Tatsugiri, L50, F|100/100
|-activate|p1b: Tatsugiri|ability: Commander|[of] p1a: Dondozo
|-boost|p1a: Dondozo|atk|2
|-boost|p1a: Dondozo|spa|2
|-boost|p1a: Dondozo|spe|2
|-boost|p1a: Dondozo|def|2
|-boost|p1a: Dondozo|spd|2
|switch|p2b: Sneasler|Sneasler, L50, M|100/100
|move|p2a: Ninetales|Protect|p2a: Ninetales
|-singleturn|p2a: Ninetales|Protect
|move|p1a: Dondozo|Order Up|p2b: Sneasler
|-damage|p2b: Sneasler|11/100
|-boost|p1a: Dondozo|atk|1
|
|-weather|Snowscape|[upkeep]
|-heal|p2b: Sneasler|17/100|[from] Grassy Terrain
|-heal|p2a: Ninetales|49/100|[from] Grassy Terrain
|upkeep
|turn|6
|
|t:|1756750158
|move|p2b: Sneasler|Fake Out|p1a: Dondozo
|-damage|p1a: Dondozo|95/100
|move|p2a: Ninetales|Freeze-Dry|p1a: Dondozo
|-supereffective|p1a: Dondozo
|-damage|p1a: Dondozo|58/100
|-status|p1a: Dondozo|frz
|cant|p1a: Dondozo|frz
|
|-weather|Snowscape|[upkeep]
|-heal|p2b: Sneasler|22/100|[from] Grassy Terrain
|-heal|p2a: Ninetales|55/100|[from] Grassy Terrain
|-heal|p1a: Dondozo|64/100 frz|[from] Grassy Terrain
|-heal|p1a: Dondozo|70/100 frz|[from] item: Leftovers
|upkeep
|turn|7
|
|t:|1756750178
|cant|p1a: Dondozo|frz
|move|p2b: Sneasler|Dire Claw|p1a: Dondozo
|-damage|p1a: Dondozo|55/100 frz
|move|p2a: Ninetales|Freeze-Dry|p1a: Dondozo
|-supereffective|p1a: Dondozo
|-damage|p1a: Dondozo|17/100 frz
|
|-weather|none
|-heal|p2b: Sneasler|28/100|[from] Grassy Terrain
|-heal|p2a: Ninetales|61/100|[from] Grassy Terrain
|-heal|p1a: Dondozo|24/100 frz|[from] Grassy Terrain
|-heal|p1a: Dondozo|30/100 frz|[from] item: Leftovers
|upkeep
|turn|8
|
|t:|1756750194
|cant|p1a: Dondozo|frz
|move|p2b: Sneasler|Dire Claw|p1a: Dondozo
|-damage|p1a: Dondozo|15/100 frz
|move|p2a: Ninetales|Freeze-Dry|p1a: Dondozo
|-supereffective|p1a: Dondozo
|-damage|p1a: Dondozo|0 fnt
|faint|p1a: Dondozo
|
|-heal|p2b: Sneasler|34/100|[from] Grassy Terrain
|-heal|p2a: Ninetales|67/100|[from] Grassy Terrain
|upkeep
|
|t:|1756750205
|switch|p1a: Indeedee|Indeedee, L50, M|52/100
|-fieldstart|move: Psychic Terrain|[from] ability: Psychic Surge|[of] p1a: Indeedee
|turn|9
|
|t:|1756750225
|switch|p2b: Rillaboom|Rillaboom, L50, F|24/100 slp
|-fieldstart|move: Grassy Terrain|[from] ability: Grassy Surge|[of] p2b: Rillaboom
|move|p2a: Ninetales|Protect|p2a: Ninetales
|-singleturn|p2a: Ninetales|Protect
|move|p1b: Tatsugiri|Muddy Water|p2b: Rillaboom|[spread] p2b
|-activate|p2a: Ninetales|move: Protect
|-resisted|p2b: Rillaboom
|-damage|p2b: Rillaboom|12/100 slp
|move|p1a: Indeedee|Expanding Force|p2b: Rillaboom
|-damage|p2b: Rillaboom|0 fnt
|faint|p2b: Rillaboom
|
|-heal|p2a: Ninetales|72/100|[from] Grassy Terrain
|-heal|p1a: Indeedee|58/100|[from] Grassy Terrain
|upkeep
|
|t:|1756750235
|switch|p2b: Sneasler|Sneasler, L50, M|34/100
|turn|10
|
|t:|1756750254
|move|p2b: Sneasler|Fake Out|p1b: Tatsugiri
|-damage|p1b: Tatsugiri|74/100
|cant|p1b: Tatsugiri|flinch
|move|p2a: Ninetales|Blizzard|p1b: Tatsugiri|[spread] p1a
|-miss|p2a: Ninetales|p1b: Tatsugiri
|-damage|p1a: Indeedee|6/100
|move|p1a: Indeedee|Expanding Force|p2a: Ninetales
|-damage|p2a: Ninetales|29/100
|
|-heal|p1b: Tatsugiri|80/100|[from] Grassy Terrain
|-heal|p2b: Sneasler|40/100|[from] Grassy Terrain
|-heal|p2a: Ninetales|35/100|[from] Grassy Terrain
|-heal|p1a: Indeedee|12/100|[from] Grassy Terrain
|upkeep
|turn|11
|inactive|five_loko_gold has 30 seconds left.
|
|t:|1756750279
|move|p2b: Sneasler|Protect|p2b: Sneasler
|-singleturn|p2b: Sneasler|Protect
|move|p2a: Ninetales|Protect|p2a: Ninetales
|-singleturn|p2a: Ninetales|Protect
|move|p1b: Tatsugiri|Muddy Water|p2a: Ninetales|[spread] 
|-activate|p2a: Ninetales|move: Protect
|-activate|p2b: Sneasler|move: Protect
|move|p1a: Indeedee|Expanding Force|p2b: Sneasler
|-activate|p2b: Sneasler|move: Protect
|
|-heal|p1b: Tatsugiri|85/100|[from] Grassy Terrain
|-heal|p2b: Sneasler|46/100|[from] Grassy Terrain
|-heal|p2a: Ninetales|41/100|[from] Grassy Terrain
|-heal|p1a: Indeedee|18/100|[from] Grassy Terrain
|upkeep
|turn|12
|
|t:|1756750297
|move|p1b: Tatsugiri|Muddy Water|p2b: Sneasler|[spread] p2a
|-miss|p1b: Tatsugiri|p2b: Sneasler
|-damage|p2a: Ninetales|0 fnt
|faint|p2a: Ninetales
|move|p2b: Sneasler|Dire Claw|p1a: Indeedee
|-damage|p1a: Indeedee|0 fnt
|faint|p1a: Indeedee
|
|-heal|p1b: Tatsugiri|91/100|[from] Grassy Terrain
|-heal|p2b: Sneasler|51/100|[from] Grassy Terrain
|upkeep
|turn|13
|
|t:|1756750310
|move|p2b: Sneasler|Protect|p2b: Sneasler
|-singleturn|p2b: Sneasler|Protect
|move|p1b: Tatsugiri|Muddy Water|p2b: Sneasler
|-activate|p2b: Sneasler|move: Protect
|
|-heal|p1b: Tatsugiri|96/100|[from] Grassy Terrain
|-heal|p2b: Sneasler|57/100|[from] Grassy Terrain
|-fieldend|move: Grassy Terrain
|upkeep
|turn|14
|
|t:|1756750319
|move|p1b: Tatsugiri|Muddy Water|p2b: Sneasler
|-damage|p2b: Sneasler|0 fnt
|faint|p2b: Sneasler
|
|win|robby w
|raw|robby w's rating: 1168 → 1187(+19 for winning)
|raw|five_loko_gold's rating: 1087 → 1069(-18 for losing)
|l|☆five_loko_gold
|player|p2|
