|j|☆Andrea Pirlo 2
|j|☆lettitripppp
|html|Andrea Pirlo 2lettitripppp    
|uhtml|bestof|Game 2 of a best-of-3
|t:|1784132788
|gametype|doubles
|player|p1|Andrea Pirlo 2|lucas|1452
|player|p2|lettitripppp|lucas|1356
|gen|9
|tier|[Gen 9 Champions] VGC 2026 Reg M-B (Bo3)
|rated|
|rule|Species Clause: Limit one of each Pokémon
|rule|Item Clause: Limit 1 of each item
|clearpoke
|poke|p1|Charizard, L50, M|
|poke|p1|Venusaur, L50, F|
|poke|p1|Grimmsnarl, L50, M|
|poke|p1|Archaludon, L50, F|
|poke|p1|Pelipper, L50, M|
|poke|p1|Swampert, L50, F|
|poke|p2|Charizard, L50, F, shiny|
|poke|p2|Floette-Eternal, L50, F|
|poke|p2|Basculegion, L50, M|
|poke|p2|Whimsicott, L50, M, shiny|
|poke|p2|Garchomp, L50, F|
|poke|p2|Kingambit, L50, M, shiny|
|teampreview|4
|showteam|p1|Charizard||CharizarditeY|Blaze|HeatWave,WeatherBall,Hurricane,Protect|Modest||M|||50|]Venusaur||FocusSash|Chlorophyll|EnergyBall,SludgeBomb,EarthPower,SleepPowder|Modest||F|||50|]Grimmsnarl||LightClay|Prankster|SpiritBreak,PartingShot,Reflect,LightScreen|Careful||M|||50|]Archaludon||Leftovers|Stamina|ElectroShot,DragonPulse,FlashCannon,Protect|Modest||F|||50|]Pelipper||SitrusBerry|Drizzle|WeatherBall,Hurricane,Tailwind,Protect|Modest||M|||50|]Swampert||Swampertite|Torrent|WaveCrash,HighHorsepower,IcePunch,Protect|Adamant||F|||50|
|showteam|p2|Charizard||CharizarditeY|Blaze|WeatherBall,SolarBeam,HeatWave,Protect|Modest||F|||50|]Floette-Eternal||Floettite|FlowerVeil|DazzlingGleam,LightofRuin,Moonblast,Protect|Modest||F|||50|]Basculegion||LifeOrb|Adaptability|LastRespects,WaveCrash,AquaJet,Protect|Adamant||M|||50|]Whimsicott||FocusSash|Prankster|Moonblast,Tailwind,Encore,Protect|Timid||M|||50|]Garchomp||RoseliBerry|RoughSkin|DragonClaw,Earthquake,PoisonJab,RockSlide|Jolly||F|||50|]Kingambit||ChopleBerry|Defiant|KowtowCleave,SuckerPunch,LowKick,Protect|Adamant||M|||50|
|inactive|Battle timer is ON: inactive players will automatically lose when time's up. (requested by lettitripppp)
|
|t:|1784132797
|teamsize|p1|4
|teamsize|p2|4
|start
|switch|p1a: Grimmsnarl|Grimmsnarl, L50, M|100/100
|switch|p1b: Swampert|Swampert, L50, F|100/100
|switch|p2a: AGNI|Charizard, L50, F, shiny|100/100
|switch|p2b: LETS GO AGAIN|Whimsicott, L50, M, shiny|100/100
|turn|1
|
|t:|1784132809
|detailschange|p2a: AGNI|Charizard-Mega-Y, L50, F, shiny
|-mega|p2a: AGNI|Charizard|Charizardite Y
|-weather|SunnyDay|[from] ability: Drought|[of] p2a: AGNI
|detailschange|p1b: Swampert|Swampert-Mega, L50, F
|-mega|p1b: Swampert|Swampert|Swampertite
|move|p2b: LETS GO AGAIN|Tailwind|p2b: LETS GO AGAIN
|-sidestart|p2: lettitripppp|move: Tailwind
|move|p2a: AGNI|Solar Beam||[still]
|-prepare|p2a: AGNI|Solar Beam
|-anim|p2a: AGNI|Solar Beam|p1b: Swampert
|-supereffective|p1b: Swampert|2
|-crit|p1b: Swampert
|-damage|p1b: Swampert|0 fnt
|faint|p1b: Swampert
|move|p1a: Grimmsnarl|Spirit Break|p2b: LETS GO AGAIN
|-damage|p2b: LETS GO AGAIN|59/100
|-unboost|p2b: LETS GO AGAIN|spa|1
|
|-weather|SunnyDay|[upkeep]
|upkeep
|
|t:|1784132822
|switch|p1b: Archaludon|Archaludon, L50, F|100/100
|turn|2
|
|t:|1784132831
|switch|p1a: Pelipper|Pelipper, L50, M|100/100
|-weather|RainDance|[from] ability: Drizzle|[of] p1a: Pelipper
|move|p2a: AGNI|Protect|p2a: AGNI
|-singleturn|p2a: AGNI|Protect
|move|p2b: LETS GO AGAIN|Moonblast|p1b: Archaludon
|-damage|p1b: Archaludon|80/100
|-ability|p1b: Archaludon|Stamina|boost
|-boost|p1b: Archaludon|def|1
|move|p1b: Archaludon|Electro Shot||[still]
|-prepare|p1b: Archaludon|Electro Shot
|-boost|p1b: Archaludon|spa|1
|-anim|p1b: Archaludon|Electro Shot|p2a: AGNI
|-activate|p2a: AGNI|move: Protect
|
|-weather|RainDance|[upkeep]
|-heal|p1b: Archaludon|86/100|[from] item: Leftovers
|upkeep
|turn|3
|
|t:|1784132844
|switch|p2a: CRUSH SHARK|Garchomp, L50, F|100/100
|move|p2b: LETS GO AGAIN|Encore|p1b: Archaludon
|-start|p1b: Archaludon|Encore
|move|p1b: Archaludon|Electro Shot||[still]
|-prepare|p1b: Archaludon|Electro Shot
|-boost|p1b: Archaludon|spa|1
|-anim|p1b: Archaludon|Electro Shot|p2b: LETS GO AGAIN
|-resisted|p2b: LETS GO AGAIN|1
|-damage|p2b: LETS GO AGAIN|0 fnt
|faint|p2b: LETS GO AGAIN
|move|p1a: Pelipper|Hurricane|p2a: CRUSH SHARK
|-damage|p2a: CRUSH SHARK|52/100
|
|-weather|RainDance|[upkeep]
|-heal|p1b: Archaludon|92/100|[from] item: Leftovers
|upkeep
|
|t:|1784132855
|switch|p2b: AGNI|Charizard-Mega-Y, L50, F, shiny|100/100
|-weather|SunnyDay|[from] ability: Drought|[of] p2b: AGNI
|turn|4
|
|t:|1784132867
|switch|p1a: Grimmsnarl|Grimmsnarl, L50, M|100/100
|move|p2a: CRUSH SHARK|Rock Slide|p1a: Grimmsnarl|[spread] p1a,p1b
|-resisted|p1b: Archaludon|1
|-damage|p1a: Grimmsnarl|78/100
|-damage|p1b: Archaludon|87/100
|-ability|p1b: Archaludon|Stamina|boost
|-boost|p1b: Archaludon|def|1
|move|p2b: AGNI|Weather Ball|p1b: Archaludon
|-damage|p1b: Archaludon|0 fnt
|faint|p1b: Archaludon
|
|-weather|SunnyDay|[upkeep]
|-sideend|p2: lettitripppp|move: Tailwind
|upkeep
|
|t:|1784132869
|switch|p1b: Pelipper|Pelipper, L50, M|100/100
|-weather|RainDance|[from] ability: Drizzle|[of] p1b: Pelipper
|turn|5
|
|t:|1784132883
|switch|p2b: GHOSTWAVE|Basculegion, L50, M|100/100
|move|p2a: CRUSH SHARK|Poison Jab|p1a: Grimmsnarl
|-supereffective|p1a: Grimmsnarl|1
|-damage|p1a: Grimmsnarl|24/100
|move|p1b: Pelipper|Weather Ball|p2b: GHOSTWAVE
|-resisted|p2b: GHOSTWAVE|1
|-damage|p2b: GHOSTWAVE|67/100
|move|p1a: Grimmsnarl|Spirit Break|p2a: CRUSH SHARK
|-supereffective|p2a: CRUSH SHARK|1
|-enditem|p2a: CRUSH SHARK|Roseli Berry|[eat]
|-enditem|p2a: CRUSH SHARK|Roseli Berry|[weaken]
|-damage|p2a: CRUSH SHARK|20/100y
|-unboost|p2a: CRUSH SHARK|spa|1
|-damage|p1a: Grimmsnarl|12/100|[from] ability: Rough Skin|[of] p2a: CRUSH SHARK
|
|-weather|RainDance|[upkeep]
|upkeep
|turn|6
|-message|Andrea Pirlo 2 forfeited.
|
|win|lettitripppp
||Andrea Pirlo 2 is ready for game 3.
||Andrea Pirlo 2 is ready for game 3.
||Andrea Pirlo 2 is ready for game 3.
||Andrea Pirlo 2 is ready for game 3.
