|j|☆Quinten165
|j|☆moth.o
|html|Quinten165moth.o    
|uhtml|bestof|Game 1 of a best-of-3
|t:|1785746052
|gametype|doubles
|player|p1|Quinten165|102|1247
|player|p2|moth.o|roxie|1276
|gen|9
|tier|[Gen 9 Champions] VGC 2026 Reg M-B (Bo3)
|rated|
|rule|Species Clause: Limit one of each Pokémon
|rule|Item Clause: Limit 1 of each item
|clearpoke
|poke|p1|Blaziken, L50, F|
|poke|p1|Kingambit, L50, F|
|poke|p1|Ninetales-Alola, L50, F|
|poke|p1|Basculegion, L50, M|
|poke|p1|Venusaur, L50, F|
|poke|p1|Lycanroc-Dusk, L50, M|
|poke|p2|Houndoom, L50, M|
|poke|p2|Garchomp, L50, F|
|poke|p2|Staraptor, L50, M|
|poke|p2|Farigiraf, L50, F|
|poke|p2|Torkoal, L50, F|
|poke|p2|Whimsicott, L50, M|
|teampreview|4
|showteam|p1|Blaziken||Blazikenite|SpeedBoost|FlareBlitz,CloseCombat,RockSlide,Protect|Adamant||F|||50|]Kingambit||ChopleBerry|Defiant|KowtowCleave,SuckerPunch,IronHead,Protect|Adamant||F|||50|]Ninetales-Alola||NeverMeltIce|SnowWarning|Blizzard,FreezeDry,Encore,Protect|Timid||F|||50|]Basculegion||ChoiceScarf|Adaptability|WaveCrash,LastRespects,AquaJet,FlipTurn|Adamant||M|||50|]Venusaur||Venusaurite|Overgrow|GigaDrain,SludgeBomb,EarthPower,Protect|Modest||F|||50|]Lycanroc-Dusk||FocusSash|ToughClaws|Accelerock,RockSlide,CloseCombat,Protect|Adamant||M|||50|
|showteam|p2|Houndoom||Houndoominite|FlashFire|Protect,HeatWave,Flamethrower,DarkPulse|Timid||M|||50|]Garchomp||LifeOrb|RoughSkin|Protect,RockSlide,StompingTantrum,DragonClaw|Jolly||F|||50|]Staraptor||Staraptite|Intimidate|Protect,CloseCombat,BraveBird,Roost|Jolly||M|||50|]Farigiraf||SitrusBerry|ArmorTail|HelpingHand,PsychicFangs,TrickRoom,Imprison|Impish||F|||50|]Torkoal||Charcoal|Drought|Protect,Eruption,EarthPower,BurningJealousy|Modest||F|||50|]Whimsicott||FocusSash|Prankster|Protect,SunnyDay,Moonblast,Tailwind|Timid||M|||50|
|inactive|Battle timer is ON: inactive players will automatically lose when time's up. (requested by Quinten165)
|inactive|moth.o has 60 seconds left.
|
|t:|1785746108
|teamsize|p1|4
|teamsize|p2|4
|start
|switch|p1a: Kingambit|Kingambit, L50, F|100/100
|switch|p1b: Lycanroc|Lycanroc-Dusk, L50, M|100/100
|switch|p2a: Torkoal|Torkoal, L50, F|100/100
|switch|p2b: Farigiraf|Farigiraf, L50, F|100/100
|-weather|SunnyDay|[from] ability: Drought|[of] p2a: Torkoal
|turn|1
|inactive|moth.o has 30 seconds left.
|inactive|moth.o has 20 seconds left.
|
|t:|1785746143
|switch|p2b: Garchomp|Garchomp, L50, F|100/100
|move|p1b: Lycanroc|Rock Slide|p2b: Garchomp|[spread] p2a,p2b
|-supereffective|p2a: Torkoal|1
|-resisted|p2b: Garchomp|1
|-damage|p2a: Torkoal|52/100
|-damage|p2b: Garchomp|84/100
|move|p1a: Kingambit|Kowtow Cleave|p2b: Garchomp
|-damage|p2b: Garchomp|42/100
|-damage|p1a: Kingambit|87/100|[from] ability: Rough Skin|[of] p2b: Garchomp
|move|p2a: Torkoal|Earth Power|p1b: Lycanroc
|-supereffective|p1b: Lycanroc|1
|-damage|p1b: Lycanroc|10/100
|
|-weather|SunnyDay|[upkeep]
|upkeep
|turn|2
|inactive|moth.o has 30 seconds left.
|
|t:|1785746169
|switch|p2a: Farigiraf|Farigiraf, L50, F|100/100
|move|p1a: Kingambit|Sucker Punch||[still]
|cant|p2a: Farigiraf|ability: Armor Tail|Sucker Punch|[of] p1a: Kingambit
|move|p2b: Garchomp|Stomping Tantrum|p1a: Kingambit
|-supereffective|p1a: Kingambit|1
|-damage|p1a: Kingambit|23/100
|-damage|p2b: Garchomp|32/100|[from] item: Life Orb
|move|p1b: Lycanroc|Rock Slide|p2b: Garchomp|[spread] p2b
|-miss|p1b: Lycanroc|p2a: Farigiraf
|-resisted|p2b: Garchomp|1
|-damage|p2b: Garchomp|17/100
|
|-weather|SunnyDay|[upkeep]
|upkeep
|turn|3
|inactive|Quinten165 has 30 seconds left.
|
|t:|1785746200
|move|p2b: Garchomp|Stomping Tantrum|p1a: Kingambit
|-supereffective|p1a: Kingambit|1
|-damage|p1a: Kingambit|0 fnt
|faint|p1a: Kingambit
|-damage|p2b: Garchomp|7/100|[from] item: Life Orb
|move|p1b: Lycanroc|Close Combat|p2b: Garchomp
|-damage|p2b: Garchomp|0 fnt
|-unboost|p1b: Lycanroc|def|1
|-unboost|p1b: Lycanroc|spd|1
|-damage|p1b: Lycanroc|0 fnt|[from] ability: Rough Skin|[of] p2b: Garchomp
|faint|p2b: Garchomp
|faint|p1b: Lycanroc
|move|p2a: Farigiraf|Trick Room|p2a: Farigiraf
|-fieldstart|move: Trick Room|[of] p2a: Farigiraf
|
|-weather|SunnyDay|[upkeep]
|upkeep
|
|t:|1785746217
|switch|p1a: Venusaur|Venusaur, L50, F|100/100
|switch|p1b: Ninetales|Ninetales-Alola, L50, F|100/100
|switch|p2b: Houndoom|Houndoom, L50, M|100/100
|-weather|Snowscape|[from] ability: Snow Warning|[of] p1b: Ninetales
|turn|4
|
|t:|1785746236
|switch|p2a: Torkoal|Torkoal, L50, F|52/100
|-weather|SunnyDay|[from] ability: Drought|[of] p2a: Torkoal
|detailschange|p1a: Venusaur|Venusaur-Mega, L50, F
|-mega|p1a: Venusaur|Venusaur|Venusaurite
|detailschange|p2b: Houndoom|Houndoom-Mega, L50, M
|-mega|p2b: Houndoom|Houndoom|Houndoominite
|move|p1a: Venusaur|Earth Power|p2b: Houndoom
|-supereffective|p2b: Houndoom|1
|-damage|p2b: Houndoom|30/100
|move|p1b: Ninetales|Blizzard|p2b: Houndoom|[spread] p2a,p2b
|-resisted|p2a: Torkoal|1
|-resisted|p2b: Houndoom|1
|-damage|p2a: Torkoal|27/100
|-damage|p2b: Houndoom|10/100
|move|p2b: Houndoom|Flamethrower|p1a: Venusaur
|-supereffective|p1a: Venusaur|1
|-damage|p1a: Venusaur|7/100
|
|-weather|SunnyDay|[upkeep]
|-damage|p2b: Houndoom|0 fnt|[from] ability: Solar Power|[of] p2b: Houndoom
|faint|p2b: Houndoom
|upkeep
|
|t:|1785746254
|switch|p2b: Farigiraf|Farigiraf, L50, F|100/100
|turn|5
|
|t:|1785746263
|move|p1a: Venusaur|Protect|p1a: Venusaur
|-singleturn|p1a: Venusaur|Protect
|move|p1b: Ninetales|Protect|p1b: Ninetales
|-singleturn|p1b: Ninetales|Protect
|move|p2a: Torkoal|Eruption|p1b: Ninetales|[spread] 
|-activate|p1a: Venusaur|move: Protect
|-activate|p1b: Ninetales|move: Protect
|move|p2b: Farigiraf|Psychic Fangs|p1b: Ninetales
|-activate|p1b: Ninetales|move: Protect
|
|-weather|SunnyDay|[upkeep]
|upkeep
|turn|6
|
|t:|1785746277
|move|p1a: Venusaur|Protect||[still]
|-fail|p1a: Venusaur
|move|p1b: Ninetales|Protect||[still]
|-fail|p1b: Ninetales
|move|p2a: Torkoal|Eruption|p1b: Ninetales|[spread] p1a,p1b
|-supereffective|p1a: Venusaur|1
|-supereffective|p1b: Ninetales|1
|-damage|p1a: Venusaur|0 fnt
|-damage|p1b: Ninetales|42/100
|faint|p1a: Venusaur
|move|p2b: Farigiraf|Psychic Fangs|p1b: Ninetales
|-damage|p1b: Ninetales|0 fnt
|faint|p1b: Ninetales
|
|win|moth.o
||Quinten165 is ready for game 2.
|l|☆Quinten165
|player|p1|
|inactive|moth.o has 30 seconds to confirm battle start!
||moth.o is ready for game 2.
|uhtml|next|Next: Game 2 of 3
