|j|☆void25o
|j|☆zaraskadi
|html|void25ozaraskadi    
|uhtml|bestof|Game 1 of a best-of-3
|t:|1756690397
|gametype|doubles
|player|p1|void25o|miku-ghost|1177
|player|p2|zaraskadi|170|1135
|gen|9
|tier|[Gen 9] VGC 2025 Reg H (Bo3)
|rated|
|rule|Species Clause: Limit one of each Pokémon
|rule|Item Clause: Limit 1 of each item
|clearpoke
|poke|p1|Pelipper, L50, F|
|poke|p1|Archaludon, L50, M|
|poke|p1|Maushold-Four, L50|
|poke|p1|Poliwrath, L50, F|
|poke|p1|Sinistcha, L50|
|poke|p1|Indeedee, L50, M|
|poke|p2|Tyranitar, L50, M|
|poke|p2|Excadrill, L50, M|
|poke|p2|Corviknight, L50, M|
|poke|p2|Indeedee, L50, M|
|poke|p2|Kommo-o, L50, F|
|poke|p2|Sneasler, L50, F|
|teampreview|4
|showteam|p1|Pelipper||SafetyGoggles|Drizzle|WeatherBall,Hurricane,Tailwind,Protect|||F|||50|,,,,,Ground]Archaludon||AssaultVest|Stamina|DragonPulse,ElectroShot,FlashCannon,BodyPress|||M|||50|,,,,,Grass]Maushold-Four||WideLens|Technician|PopulationBomb,FollowMe,Taunt,Protect||||||50|,,,,,Ghost]Poliwrath||SitrusBerry|SwiftSwim|DrainPunch,Liquidation,BellyDrum,Protect|||F|||50|,,,,,Grass]Sinistcha||RockyHelmet|Hospitality|MatchaGotcha,LifeDew,RagePowder,TrickRoom||||||50|,,,,,Water]Indeedee||FocusSash|PsychicSurge|ExpandingForce,TeraBlast,Imprison,TrickRoom|||M|||50|,,,,,Psychic
|showteam|p2|Tyranitar||AssaultVest|SandStream|KnockOff,RockSlide,TeraBlast,LowKick|||M|||50|,,,,,Flying]Excadrill||FocusSash|SandRush|Protect,Earthquake,HighHorsepower,IronHead|||M|||50|,,,,,Stellar]Corviknight||Leftovers|MirrorArmor|BraveBird,Tailwind,BulkUp,Roost|||M|||50|,,,,,Dragon]Indeedee||ChoiceScarf|PsychicSurge|ExpandingForce,TeraBlast,Trick,Protect|||M|||50|,,,,,Psychic]Kommo-o||ThroatSpray|Overcoat|ClangingScales,ClangorousSoul,AuraSphere,Protect|||F|||50|,,,,,Steel]Sneasler||PsychicSeed|Unburden|CloseCombat,DireClaw,ThroatChop,Protect|||F|||50|,,,,,Dark
|
|t:|1756690451
|teamsize|p1|4
|teamsize|p2|4
|start
|switch|p1a: Sinistcha|Sinistcha, L50|100/100
|switch|p1b: Maushold|Maushold-Four, L50|100/100
|switch|p2a: Sneasler|Sneasler, L50, F|100/100
|switch|p2b: Indeedee|Indeedee, L50, M|100/100
|-fieldstart|move: Psychic Terrain|[from] ability: Psychic Surge|[of] p2b: Indeedee
|-enditem|p2a: Sneasler|Psychic Seed
|-boost|p2a: Sneasler|spd|1|[from] item: Psychic Seed
|turn|1
|
|t:|1756690477
|-terastallize|p2b: Indeedee|Psychic
|move|p1b: Maushold|Follow Me|p1b: Maushold
|-singleturn|p1b: Maushold|move: Follow Me
|move|p2a: Sneasler|Throat Chop|p1b: Maushold
|-crit|p1b: Maushold
|-damage|p1b: Maushold|31/100
|-start|p1b: Maushold|Throat Chop|[silent]
|move|p2b: Indeedee|Expanding Force|p1b: Maushold|[spread] p1a,p1b
|-damage|p1a: Sinistcha|29/100
|-damage|p1b: Maushold|0 fnt
|faint|p1b: Maushold
|move|p1a: Sinistcha|Trick Room|p1a: Sinistcha
|-fieldstart|move: Trick Room|[of] p1a: Sinistcha
|
|upkeep
|
|t:|1756690488
|switch|p1b: Pelipper|Pelipper, L50, F|100/100
|-weather|RainDance|[from] ability: Drizzle|[of] p1b: Pelipper
|turn|2
|
|t:|1756690504
|move|p1a: Sinistcha|Matcha Gotcha|p2a: Sneasler|[spread] p2a,p2b
|-resisted|p2a: Sneasler
|-damage|p2a: Sneasler|89/100
|-heal|p1a: Sinistcha|34/100|[from] drain|[of] p2a: Sneasler
|-damage|p2b: Indeedee|63/100
|-heal|p1a: Sinistcha|48/100|[from] drain|[of] p2b: Indeedee
|-status|p2b: Indeedee|brn
|move|p1b: Pelipper|Weather Ball|p2b: Indeedee
|-damage|p2b: Indeedee|0 fnt
|faint|p2b: Indeedee
|move|p2a: Sneasler|Dire Claw|p1b: Pelipper
|-damage|p1b: Pelipper|52/100
|
|-weather|RainDance|[upkeep]
|upkeep
|
|t:|1756690519
|switch|p2b: Tyranitar|Tyranitar, L50, M, shiny|100/100
|-weather|Sandstorm|[from] ability: Sand Stream|[of] p2b: Tyranitar
|turn|3
|
|t:|1756690552
|move|p1a: Sinistcha|Matcha Gotcha|p2a: Sneasler|[spread] p2a,p2b
|-resisted|p2a: Sneasler
|-supereffective|p2b: Tyranitar
|-damage|p2a: Sneasler|78/100
|-heal|p1a: Sinistcha|53/100|[from] drain|[of] p2a: Sneasler
|-damage|p2b: Tyranitar|80/100
|-heal|p1a: Sinistcha|64/100|[from] drain|[of] p2b: Tyranitar
|move|p2b: Tyranitar|Rock Slide|p1b: Pelipper|[spread] p1a
|-miss|p2b: Tyranitar|p1b: Pelipper
|-damage|p1a: Sinistcha|35/100
|move|p1b: Pelipper|Hurricane|p2a: Sneasler
|-supereffective|p2a: Sneasler
|-damage|p2a: Sneasler|0 fnt
|faint|p2a: Sneasler
|
|-weather|Sandstorm|[upkeep]
|-damage|p1a: Sinistcha|29/100|[from] Sandstorm
|upkeep
|
|t:|1756690568
|switch|p2a: Kommo-o|Kommo-o, L50, F|100/100
|turn|4
|
|t:|1756690574
|switch|p1b: Archaludon|Archaludon, L50, M, shiny|100/100
|move|p2a: Kommo-o|Protect|p2a: Kommo-o
|-singleturn|p2a: Kommo-o|Protect
|move|p1a: Sinistcha|Matcha Gotcha|p2b: Tyranitar|[spread] p2b
|-activate|p2a: Kommo-o|move: Protect
|-supereffective|p2b: Tyranitar
|-damage|p2b: Tyranitar|60/100
|-heal|p1a: Sinistcha|39/100|[from] drain|[of] p2b: Tyranitar
|move|p2b: Tyranitar|Rock Slide|p1a: Sinistcha|[spread] p1a,p1b
|-resisted|p1b: Archaludon
|-damage|p1a: Sinistcha|8/100
|-damage|p1b: Archaludon|89/100
|-ability|p1b: Archaludon|Stamina|boost
|-boost|p1b: Archaludon|def|1
|
|-weather|Sandstorm|[upkeep]
|-damage|p1a: Sinistcha|2/100|[from] Sandstorm
|upkeep
|turn|5
|
|t:|1756690590
|move|p1a: Sinistcha|Life Dew|p1a: Sinistcha|[spread] p1a,p1b
|-heal|p1a: Sinistcha|27/100
|-heal|p1b: Archaludon|100/100
|move|p2b: Tyranitar|Knock Off|p1b: Archaludon
|-damage|p1b: Archaludon|74/100
|-ability|p1b: Archaludon|Stamina|boost
|-boost|p1b: Archaludon|def|1
|-enditem|p1b: Archaludon|Assault Vest|[from] move: Knock Off|[of] p2b: Tyranitar
|move|p1b: Archaludon|Body Press|p2b: Tyranitar
|-supereffective|p2b: Tyranitar
|-damage|p2b: Tyranitar|0 fnt
|faint|p2b: Tyranitar
|move|p2a: Kommo-o|Clanging Scales|p1b: Archaludon|[spread] p1a,p1b
|-damage|p1a: Sinistcha|0 fnt
|-damage|p1b: Archaludon|30/100
|-ability|p1b: Archaludon|Stamina|boost
|-boost|p1b: Archaludon|def|1
|faint|p1a: Sinistcha
|-unboost|p2a: Kommo-o|def|1
|-enditem|p2a: Kommo-o|Throat Spray
|-boost|p2a: Kommo-o|spa|1|[from] item: Throat Spray
|
|-weather|Sandstorm|[upkeep]
|-fieldend|move: Trick Room
|-fieldend|move: Psychic Terrain
|upkeep
|
|t:|1756690597
|switch|p1a: Pelipper|Pelipper, L50, F|52/100
|-weather|RainDance|[from] ability: Drizzle|[of] p1a: Pelipper
|turn|6
|
|t:|1756690612
|move|p2a: Kommo-o|Clanging Scales|p1b: Archaludon|[spread] p1a,p1b
|-damage|p1a: Pelipper|0 fnt
|-damage|p1b: Archaludon|0 fnt
|faint|p1a: Pelipper
|faint|p1b: Archaludon
|
|win|zaraskadi
||void25o is ready for game 2.
||zaraskadi is ready for game 2.
|uhtml|next|Next: Game 2 of 3
