|j|☆Shahrozkhan096
|j|☆cbilla
|html|Shahrozkhan096cbilla    
|uhtml|bestof|Game 3 of a best-of-3
|t:|1784466005
|gametype|doubles
|player|p1|Shahrozkhan096|101|
|player|p2|cbilla|101|
|gen|9
|tier|[Gen 9 Champions] VGC 2026 Reg M-B (Bo3)
|rule|Species Clause: Limit one of each Pokémon
|rule|Item Clause: Limit 1 of each item
|clearpoke
|poke|p1|Charizard, L50, M, shiny|
|poke|p1|Tyrantrum, L50, F, shiny|
|poke|p1|Talonflame, L50, M|
|poke|p1|Sinistcha, L50|
|poke|p1|Milotic, L50, F, shiny|
|poke|p1|Machamp, L50, F|
|poke|p2|Klefki, L50, F|
|poke|p2|Hippowdon, L50, M|
|poke|p2|Roserade, L50, F|
|poke|p2|Archaludon, L50, M, shiny|
|poke|p2|Tauros-Paldea-Blaze, L50, M, shiny|
|poke|p2|Staraptor, L50, M|
|teampreview|4
|showteam|p1|Charizard||CharizarditeY|Blaze|HeatWave,WeatherBall,SolarBeam,Protect|Modest||M|||50|]Tyrantrum||ChoiceScarf|RockHead|HeadSmash,RockSlide,DragonClaw,Crunch|Jolly||F|||50|]Talonflame||FocusSash|GaleWings|Tailwind,BraveBird,FlareBlitz,Protect|Adamant||M|||50|]Sinistcha||SitrusBerry|Hospitality|MatchaGotcha,RagePowder,Protect,StrengthSap|Bold|||||50|]Milotic||Leftovers|Competitive|Scald,IceBeam,Protect,Recover|Modest||F|||50|]Machamp||QuickClaw|NoGuard|DynamicPunch,Detect,BrickBreak,StoneEdge|Adamant||F|||50|
|showteam|p2|Klefki||LightClay|Prankster|LightScreen,Reflect,ThunderWave,DazzlingGleam|Bold||F|||50|]Hippowdon||SitrusBerry|SandStream|Earthquake,RockSlide,Yawn,Protect|Impish||M|||50|]Roserade||FocusSash|NaturalCure|SludgeBomb,EnergyBall,SleepPowder,Protect|Timid||F|||50|]Archaludon||Leftovers|Stamina|AuraSphere,FlashCannon,DracoMeteor,Protect|Modest||M|||50|]Tauros-Paldea-Blaze||LifeOrb|Intimidate|FlareBlitz,CloseCombat,RockSlide,Protect|Jolly||M|||50|]Staraptor||Staraptite|Intimidate|CloseCombat,BraveBird,Roost,Protect|Adamant||M|||50|
|j| babayaga27
|
|t:|1784466086
|teamsize|p1|4
|teamsize|p2|4
|start
|switch|p1a: Talonflame|Talonflame, L50, M|100/100
|switch|p1b: Charizard|Charizard, L50, M, shiny|100/100
|switch|p2a: Klefki|Klefki, L50, F|100/100
|switch|p2b: Hippowdon|Hippowdon, L50, M|100/100
|-weather|Sandstorm|[from] ability: Sand Stream|[of] p2b: Hippowdon
|turn|1
|
|t:|1784466121
|detailschange|p1b: Charizard|Charizard-Mega-Y, L50, M, shiny
|-mega|p1b: Charizard|Charizard|Charizardite Y
|-weather|SunnyDay|[from] ability: Drought|[of] p1b: Charizard
|move|p1a: Talonflame|Tailwind|p1a: Talonflame
|-sidestart|p1: Shahrozkhan096|move: Tailwind
|move|p2a: Klefki|Thunder Wave|p1b: Charizard
|-status|p1b: Charizard|par
|move|p1b: Charizard|Weather Ball|p2a: Klefki
|-supereffective|p2a: Klefki|1
|-crit|p2a: Klefki
|-damage|p2a: Klefki|0 fnt
|faint|p2a: Klefki
|move|p2b: Hippowdon|Rock Slide|p1b: Charizard|[spread] p1a,p1b
|-supereffective|p1a: Talonflame|2
|-supereffective|p1b: Charizard|2
|-damage|p1a: Talonflame|13/100
|-damage|p1b: Charizard|14/100 par
|
|-weather|SunnyDay|[upkeep]
|upkeep
|
|t:|1784466145
|switch|p2a: Roserade|Roserade, L50, F|100/100
|turn|2
|
|t:|1784466156
|move|p2a: Roserade|Protect|p2a: Roserade
|-singleturn|p2a: Roserade|Protect
|move|p1b: Charizard|Protect|p1b: Charizard
|-singleturn|p1b: Charizard|Protect
|move|p1a: Talonflame|Flare Blitz|p2a: Roserade
|-activate|p2a: Roserade|move: Protect
|move|p2b: Hippowdon|Rock Slide|p1b: Charizard|[spread] p1a
|-activate|p1b: Charizard|move: Protect
|-supereffective|p1a: Talonflame|2
|-damage|p1a: Talonflame|0 fnt
|faint|p1a: Talonflame
|
|-weather|SunnyDay|[upkeep]
|upkeep
|
|t:|1784466181
|switch|p1a: Machamp|Machamp, L50, F|100/100
|turn|3
|-activate|p1a: Machamp|item: Quick Claw
|
|t:|1784466209
|switch|p1b: Milotic|Milotic, L50, F, shiny|100/100
|move|p1a: Machamp|Dynamic Punch|p2b: Hippowdon
|-damage|p2b: Hippowdon|68/100
|-start|p2b: Hippowdon|confusion
|move|p2a: Roserade|Sludge Bomb|p1b: Milotic
|-damage|p1b: Milotic|62/100
|-activate|p2b: Hippowdon|confusion
|move|p2b: Hippowdon|Yawn|p1a: Machamp
|-start|p1a: Machamp|move: Yawn|[of] p2b: Hippowdon
|
|-weather|SunnyDay|[upkeep]
|-heal|p1b: Milotic|68/100|[from] item: Leftovers
|upkeep
|turn|4
|
|t:|1784466252
|move|p2a: Roserade|Protect|p2a: Roserade
|-singleturn|p2a: Roserade|Protect
|move|p1b: Milotic|Ice Beam|p2a: Roserade
|-activate|p2a: Roserade|move: Protect
|move|p1a: Machamp|Dynamic Punch|p2a: Roserade
|-activate|p2a: Roserade|move: Protect
|-activate|p2b: Hippowdon|confusion
|move|p2b: Hippowdon|Earthquake|p1a: Machamp|[spread] p1a,p1b
|-activate|p2a: Roserade|move: Protect
|-damage|p1a: Machamp|69/100
|-damage|p1b: Milotic|39/100
|
|-weather|SunnyDay|[upkeep]
|-heal|p1b: Milotic|45/100|[from] item: Leftovers
|-end|p1a: Machamp|move: Yawn|[silent]
|-status|p1a: Machamp|slp
|-sideend|p1: Shahrozkhan096|move: Tailwind
|upkeep
|turn|5
|
|t:|1784466291
|switch|p2b: Staraptor|Staraptor, L50, M|100/100
|-ability|p2b: Staraptor|Intimidate|boost
|-unboost|p1a: Machamp|atk|1
|-unboost|p1b: Milotic|atk|1
|-ability|p1b: Milotic|Competitive|boost
|-boost|p1b: Milotic|spa|2
|move|p2a: Roserade|Energy Ball|p1b: Milotic
|-supereffective|p1b: Milotic|1
|-damage|p1b: Milotic|0 fnt
|faint|p1b: Milotic
|cant|p1a: Machamp|slp
|
|-weather|none
|upkeep
|
|t:|1784466303
|switch|p1b: Charizard|Charizard-Mega-Y, L50, M, shiny|14/100 par
|-weather|SunnyDay|[from] ability: Drought|[of] p1b: Charizard
|turn|6
|
|t:|1784466345
|detailschange|p2b: Staraptor|Staraptor-Mega, L50, M
|-mega|p2b: Staraptor|Staraptor|Staraptite
|move|p2a: Roserade|Sludge Bomb|p1b: Charizard
|-damage|p1b: Charizard|0 fnt
|faint|p1b: Charizard
|move|p2b: Staraptor|Brave Bird|p1a: Machamp
|-supereffective|p1a: Machamp|1
|-damage|p1a: Machamp|0 fnt
|faint|p1a: Machamp
|-damage|p2b: Staraptor|80/100|[from] Recoil
|
|win|cbilla
