|j|☆spiritneko666
|j|☆monkey stall
|html|spiritneko666monkey stall    
|uhtml|bestof|Game 3 of a best-of-3
|t:|1757019793
|gametype|doubles
|player|p1|spiritneko666|psychic-gen4|
|player|p2|monkey stall|2|
|gen|9
|tier|[Gen 9] VGC 2025 Reg H (Bo3)
|rule|Species Clause: Limit one of each Pokémon
|rule|Item Clause: Limit 1 of each item
|clearpoke
|poke|p1|Sneasler, L50, F|
|poke|p1|Indeedee, L50, M|
|poke|p1|Ursaluna-Bloodmoon, L50, M|
|poke|p1|Talonflame, L50, M|
|poke|p1|Primarina, L50, M|
|poke|p1|Arcanine-Hisui, L50, F|
|poke|p2|Ninetales-Alola, L50, M|
|poke|p2|Dragonite, L50, M|
|poke|p2|Volcarona, L50, M|
|poke|p2|Electabuzz, L50, F|
|poke|p2|Incineroar, L50, M|
|poke|p2|Ursaluna-Bloodmoon, L50, M|
|teampreview|4
|showteam|p1|Sneasler||PsychicSeed|Unburden|CloseCombat,DireClaw,ThroatChop,Protect|||F|||50|,,,,,Dark]Indeedee||FocusSash|PsychicSurge|ExpandingForce,TrickRoom,HelpingHand,Protect|||M|||50|,,,,,Psychic]Ursaluna-Bloodmoon||LifeOrb|MindsEye|BloodMoon,HyperVoice,EarthPower,Protect|||M|||50|,,,,,Normal]Talonflame||CovertCloak|GaleWings|FlareBlitz,DualWingbeat,WillOWisp,Tailwind|||M|||50|,,,,,Fairy]Primarina||SitrusBerry|LiquidVoice|HyperVoice,Moonblast,Haze,Protect|||M|||50|,,,,,Poison]Arcanine-Hisui||ChoiceBand|Intimidate|FlareBlitz,ExtremeSpeed,CloseCombat,RockSlide|||F|||50|,,,,,Grass
|showteam|p2|Ninetales-Alola||LightClay|SnowWarning|Blizzard,AuroraVeil,FreezeDry,Encore|||M|||50|,,,,,Ghost]Dragonite||LoadedDice|Multiscale|ScaleShot,Haze,Tailwind,Protect|||M|||50|,,,,,Fairy]Volcarona||Leftovers|FlameBody|QuiverDance,FieryDance,TeraBlast,Protect|||M|||50|,,,,,Fairy]Electabuzz||Eviolite|VitalSpirit|Electroweb,FollowMe,Taunt,Protect|||F|||50|,,,,,Ghost]Incineroar||SitrusBerry|Intimidate|FlareBlitz,KnockOff,FakeOut,PartingShot|||M|||50|,,,,,Grass]Ursaluna-Bloodmoon||LifeOrb|MindsEye|HyperVoice,BloodMoon,EarthPower,Protect|||M|||50|,,,,,Normal
|inactive|Battle timer is ON: inactive players will automatically lose when time's up. (requested by spiritneko666)
|c|☆spiritneko666|because of games like that
|
|t:|1757019822
|teamsize|p1|4
|teamsize|p2|4
|start
|switch|p1a: Alfred|Indeedee, L50, M|100/100
|switch|p1b: Shrike|Talonflame, L50, M, shiny|100/100
|switch|p2a: Volcarona|Volcarona, L50, M|100/100
|switch|p2b: Incineroar|Incineroar, L50, M, shiny|100/100
|-fieldstart|move: Psychic Terrain|[from] ability: Psychic Surge|[of] p1a: Alfred
|-ability|p2b: Incineroar|Intimidate|boost
|-unboost|p1a: Alfred|atk|1
|-unboost|p1b: Shrike|atk|1
|turn|1
|inactive|monkey stall has 30 seconds left.
|
|t:|1757019857
|move|p2a: Volcarona|Protect|p2a: Volcarona
|-singleturn|p2a: Volcarona|Protect
|move|p1b: Shrike|Tailwind|p1b: Shrike
|-sidestart|p1: spiritneko666|move: Tailwind
|move|p1a: Alfred|Expanding Force|p2a: Volcarona|[spread] 
|-activate|p2a: Volcarona|move: Protect
|-immune|p2b: Incineroar
|move|p2b: Incineroar|Parting Shot|p1a: Alfred
|-unboost|p1a: Alfred|atk|1
|-unboost|p1a: Alfred|spa|1
|
|t:|1757019864
|switch|p2b: Electabuzz|Electabuzz, L50, F|100/100|[from] Parting Shot
|
|upkeep
|turn|2
|
|t:|1757019873
|switch|p2a: Incineroar|Incineroar, L50, M, shiny|100/100
|-ability|p2a: Incineroar|Intimidate|boost
|-unboost|p1a: Alfred|atk|1
|-unboost|p1b: Shrike|atk|1
|move|p1b: Shrike|Flare Blitz|p2b: Electabuzz
|-damage|p2b: Electabuzz|80/100
|-damage|p1b: Shrike|93/100|[from] Recoil
|move|p1a: Alfred|Expanding Force|p2b: Electabuzz|[spread] p2b
|-immune|p2a: Incineroar
|-damage|p2b: Electabuzz|53/100
|move|p2b: Electabuzz|Electroweb|p1a: Alfred|[spread] p1b
|-miss|p2b: Electabuzz|p1a: Alfred
|-supereffective|p1b: Shrike
|-damage|p1b: Shrike|50/100
|
|upkeep
|turn|3
|
|t:|1757019889
|switch|p1b: Primarina|Primarina, L50, M|100/100
|move|p1a: Alfred|Expanding Force|p2a: Incineroar|[spread] p2b
|-immune|p2a: Incineroar
|-crit|p2b: Electabuzz
|-damage|p2b: Electabuzz|0 fnt
|faint|p2b: Electabuzz
|move|p2a: Incineroar|Knock Off|p1a: Alfred
|-supereffective|p1a: Alfred
|-enditem|p1a: Alfred|Focus Sash
|-damage|p1a: Alfred|1/100
|
|upkeep
|c|☆monkey stall|Omg
|c|☆spiritneko666|this is the most crit heavy set i have ever played
|inactive|monkey stall has 30 seconds left.
|c|☆spiritneko666|this set does not count lol
|
|t:|1757019916
|switch|p2b: Volcarona|Volcarona, L50, M|100/100
|turn|4
|inactive|monkey stall has 30 seconds left.
|
|t:|1757019944
|move|p1a: Alfred|Helping Hand|p1b: Primarina
|-singleturn|p1b: Primarina|Helping Hand|[of] p1a: Alfred
|move|p2b: Volcarona|Protect|p2b: Volcarona
|-singleturn|p2b: Volcarona|Protect
|move|p1b: Primarina|Hyper Voice|p2a: Incineroar|[spread] p2a
|-activate|p2b: Volcarona|move: Protect
|-supereffective|p2a: Incineroar
|-crit|p2a: Incineroar
|-damage|p2a: Incineroar|0 fnt
|faint|p2a: Incineroar
|
|-sideend|p1: spiritneko666|move: Tailwind
|upkeep
|c|☆spiritneko666|NO
|
|t:|1757019952
|switch|p2a: Ursaluna|Ursaluna-Bloodmoon, L50, M|100/100
|turn|5
|c|☆spiritneko666|OH COME ON
|c|☆spiritneko666|i was like "now i know the calc this is the pefect test
|inactive|spiritneko666 has 30 seconds left.
|c|☆spiritneko666|and primarina is like "naaaaaaaah"
|inactive|spiritneko666 has 20 seconds left.
|
|t:|1757019991
|-terastallize|p2b: Volcarona|Fairy
|move|p2a: Ursaluna|Protect|p2a: Ursaluna
|-singleturn|p2a: Ursaluna|Protect
|move|p1a: Alfred|Expanding Force|p2a: Ursaluna|[spread] p2b
|-activate|p2a: Ursaluna|move: Protect
|-damage|p2b: Volcarona|66/100
|move|p2b: Volcarona|Quiver Dance|p2b: Volcarona
|-boost|p2b: Volcarona|spa|1
|-boost|p2b: Volcarona|spd|1
|-boost|p2b: Volcarona|spe|1
|move|p1b: Primarina|Hyper Voice|p2a: Ursaluna|[spread] p2b
|-activate|p2a: Ursaluna|move: Protect
|-damage|p2b: Volcarona|42/100
|
|-heal|p2b: Volcarona|48/100|[from] item: Leftovers
|-fieldend|move: Psychic Terrain
|upkeep
|turn|6
|inactive|spiritneko666 has 30 seconds left.
|
|t:|1757020018
|move|p2b: Volcarona|Fiery Dance|p1a: Alfred
|-damage|p1a: Alfred|0 fnt
|-boost|p2b: Volcarona|spa|1
|faint|p1a: Alfred
|move|p2a: Ursaluna|Blood Moon|p1b: Primarina
|-damage|p1b: Primarina|4/100
|-enditem|p1b: Primarina|Sitrus Berry|[eat]
|-heal|p1b: Primarina|28/100|[from] item: Sitrus Berry
|-damage|p2a: Ursaluna|91/100|[from] item: Life Orb
|move|p1b: Primarina|Haze|p1b: Primarina
|-clearallboost
|
|-heal|p2b: Volcarona|54/100|[from] item: Leftovers
|upkeep
|
|t:|1757020030
|switch|p1a: Shrike|Talonflame, L50, M, shiny|50/100
|turn|7
|
|t:|1757020039
|move|p2a: Ursaluna|Protect|p2a: Ursaluna
|-singleturn|p2a: Ursaluna|Protect
|move|p1a: Shrike|Tailwind|p1a: Shrike
|-sidestart|p1: spiritneko666|move: Tailwind
|move|p1b: Primarina|Hyper Voice|p2b: Volcarona|[spread] p2b
|-activate|p2a: Ursaluna|move: Protect
|-damage|p2b: Volcarona|22/100
|move|p2b: Volcarona|Tera Blast|p1b: Primarina|[anim] Tera Blast Fairy
|-damage|p1b: Primarina|0 fnt
|faint|p1b: Primarina
|
|-heal|p2b: Volcarona|28/100|[from] item: Leftovers
|upkeep
|
|t:|1757020044
|switch|p1b: Maple|Ursaluna-Bloodmoon, L50, M|100/100
|turn|8
|
|t:|1757020057
|-terastallize|p1b: Maple|Normal
|move|p1a: Shrike|Flare Blitz|p2a: Ursaluna
|-damage|p2a: Ursaluna|55/100
|-damage|p1a: Shrike|34/100|[from] Recoil
|move|p1b: Maple|Hyper Voice|p2a: Ursaluna|[spread] p2a,p2b
|-damage|p2a: Ursaluna|0 fnt
|-damage|p2b: Volcarona|0 fnt
|faint|p2a: Ursaluna
|faint|p2b: Volcarona
|-damage|p1b: Maple|91/100|[from] item: Life Orb
|
|win|spiritneko666
