|j|☆Davy-Kai
|j|☆hk50
|html|Davy-Kaihk50    
|uhtml|bestof|Game 3 of a best-of-3
|t:|1756153616
|gametype|doubles
|player|p1|Davy-Kai|ethan|1039
|player|p2|hk50|ethan|1035
|gen|9
|tier|[Gen 9] VGC 2025 Reg H (Bo3)
|rated|
|rule|Species Clause: Limit one of each Pokémon
|rule|Item Clause: Limit 1 of each item
|clearpoke
|poke|p1|Archaludon, L50, F|
|poke|p1|Kingdra, L50, M|
|poke|p1|Politoed, L50, M|
|poke|p1|Incineroar, L50, F|
|poke|p1|Gothitelle, L50, F|
|poke|p1|Amoonguss, L50, M|
|poke|p2|Torkoal, L50, M|
|poke|p2|Charizard, L50, F|
|poke|p2|Amoonguss, L50, F|
|poke|p2|Whimsicott, L50, M|
|poke|p2|Garchomp, L50, F|
|poke|p2|Farigiraf, L50, F|
|teampreview|4
|showteam|p1|Archaludon||PowerHerb|Sturdy|Protect,ElectroShot,FlashCannon,DragonPulse|||F|||50|,,,,,Electric]Kingdra||LifeOrb|SwiftSwim|Protect,DracoMeteor,WeatherBall,Disable|||M|||50|,,,,,Stellar]Politoed||Leftovers|Drizzle|Protect,WeatherBall,PerishSong,Encore|||M|||50|,,,,,Grass]Incineroar||RockyHelmet|Intimidate|FakeOut,KnockOff,PartingShot,Protect|||F|||50|,,,,,Ghost]Gothitelle||SitrusBerry|ShadowTag|Protect,Psychic,FakeOut,TrickRoom|||F|||50|,,,,,Dark]Amoonguss||EjectButton|Regenerator|Protect,RagePowder,Spore,PollenPuff|||M|||50|,,,,,Fairy
|showteam|p2|Torkoal||Charcoal|Drought|Eruption,HeatWave,Protect,SolarBeam|||M|||50|,,,,,Fire]Charizard||ChoiceScarf|SolarPower|HeatWave,AirSlash,Overheat,ScorchingSands|||F|||50|,,,,,Fire]Amoonguss||Leftovers|Regenerator|Spore,RagePowder,Protect,SludgeBomb|||F|||50|,,,,,Water]Whimsicott||CovertCloak|Prankster|Moonblast,SunnyDay,Tailwind,HelpingHand|||M|||50|,,,,,Fairy]Garchomp||ClearAmulet|SandVeil|StompingTantrum,DragonClaw,SwordsDance,Protect|||F|||50|,,,,,Water]Farigiraf||ThroatSpray|ArmorTail|HyperVoice,TrickRoom,Psyshock,Protect|||F|||50|,,,,,Normal
|inactive|Battle timer is ON: inactive players will automatically lose when time's up. (requested by Davy-Kai)
|inactive|Davy-Kai has 60 seconds left.
|inactive|hk50 has 60 seconds left.
|inactive|hk50 has 30 seconds left.
|
|t:|1756153678
|teamsize|p1|4
|teamsize|p2|4
|start
|switch|p1a: Amoonguss|Amoonguss, L50, M|100/100
|switch|p1b: Archaludon|Archaludon, L50, F|100/100
|switch|p2a: Farigiraf|Farigiraf, L50, F|100/100
|switch|p2b: Charizard|Charizard, L50, F|100/100
|turn|1
|inactive|Davy-Kai has 30 seconds left.
|inactive|hk50 has 30 seconds left.
|inactive|hk50 has 20 seconds left.
|inactive|hk50 has 15 seconds left.
|inactive|hk50 has 10 seconds left.
|inactive|Davy-Kai has 20 seconds left.
|inactive|hk50 has 5 seconds left.
|
|t:|1756153730
|switch|p2b: Garchomp|Garchomp, L50, F|100/100
|switch|p1a: Politoed|Politoed, L50, M|100/100
|-weather|RainDance|[from] ability: Drizzle|[of] p1a: Politoed
|-terastallize|p1b: Archaludon|Electric
|move|p1b: Archaludon|Electro Shot||[still]
|-prepare|p1b: Archaludon|Electro Shot
|-boost|p1b: Archaludon|spa|1
|-anim|p1b: Archaludon|Electro Shot|p2a: Farigiraf
|-damage|p2a: Farigiraf|16/100
|move|p2a: Farigiraf|Hyper Voice|p1b: Archaludon|[spread] p1a,p1b
|-damage|p1a: Politoed|79/100
|-damage|p1b: Archaludon|67/100
|-enditem|p2a: Farigiraf|Throat Spray
|-boost|p2a: Farigiraf|spa|1|[from] item: Throat Spray
|
|-weather|RainDance|[upkeep]
|-heal|p1a: Politoed|85/100|[from] item: Leftovers
|upkeep
|turn|2
|inactive|Davy-Kai has 30 seconds left.
|inactive|hk50 has 30 seconds left.
|inactive|Davy-Kai has 20 seconds left.
|inactive|hk50 has 20 seconds left.
|inactive|hk50 has 15 seconds left.
|
|t:|1756153772
|switch|p1b: Gothitelle|Gothitelle, L50, F|100/100
|switch|p2a: Torkoal|Torkoal, L50, M|100/100
|-weather|SunnyDay|[from] ability: Drought|[of] p2a: Torkoal
|-terastallize|p2b: Garchomp|Water
|move|p2b: Garchomp|Swords Dance|p2b: Garchomp
|-boost|p2b: Garchomp|atk|2
|move|p1a: Politoed|Weather Ball|p2a: Torkoal
|-resisted|p2a: Torkoal
|-damage|p2a: Torkoal|81/100
|
|-weather|SunnyDay|[upkeep]
|-heal|p1a: Politoed|91/100|[from] item: Leftovers
|upkeep
|turn|3
|inactive|Davy-Kai has 30 seconds left.
|inactive|hk50 has 30 seconds left.
|
|t:|1756153806
|move|p2b: Garchomp|Protect|p2b: Garchomp
|-singleturn|p2b: Garchomp|Protect
|move|p1b: Gothitelle|Fake Out|p2b: Garchomp
|-activate|p2b: Garchomp|move: Protect
|move|p1a: Politoed|Perish Song|p1a: Politoed
|-start|p1a: Politoed|perish3|[silent]
|-start|p1b: Gothitelle|perish3|[silent]
|-start|p2a: Torkoal|perish3|[silent]
|-start|p2b: Garchomp|perish3|[silent]
|-fieldactivate|move: Perish Song
|move|p2a: Torkoal|Solar Beam||[still]
|-prepare|p2a: Torkoal|Solar Beam
|-anim|p2a: Torkoal|Solar Beam|p1a: Politoed
|-supereffective|p1a: Politoed
|-damage|p1a: Politoed|42/100
|
|-weather|SunnyDay|[upkeep]
|-heal|p1a: Politoed|48/100|[from] item: Leftovers
|-start|p2b: Garchomp|perish3
|-start|p1a: Politoed|perish3
|-start|p1b: Gothitelle|perish3
|-start|p2a: Torkoal|perish3
|upkeep
|turn|4
|inactive|Davy-Kai has 30 seconds left.
|inactive|hk50 has 30 seconds left.
|
|t:|1756153836
|move|p1a: Politoed|Protect|p1a: Politoed
|-singleturn|p1a: Politoed|Protect
|move|p2b: Garchomp|Dragon Claw|p1a: Politoed
|-activate|p1a: Politoed|move: Protect
|move|p1b: Gothitelle|Psychic|p2b: Garchomp
|-damage|p2b: Garchomp|66/100
|move|p2a: Torkoal|Heat Wave|p1b: Gothitelle|[spread] p1b
|-activate|p1a: Politoed|move: Protect
|-damage|p1b: Gothitelle|58/100
|-status|p1b: Gothitelle|brn
|
|-weather|SunnyDay|[upkeep]
|-heal|p1a: Politoed|54/100|[from] item: Leftovers
|-damage|p1b: Gothitelle|52/100 brn|[from] brn
|-start|p2b: Garchomp|perish2
|-start|p1a: Politoed|perish2
|-start|p1b: Gothitelle|perish2
|-start|p2a: Torkoal|perish2
|upkeep
|turn|5
|inactive|hk50 has 30 seconds left.
|
|t:|1756153869
|switch|p1a: Amoonguss|Amoonguss, L50, M|100/100
|move|p1b: Gothitelle|Protect|p1b: Gothitelle
|-singleturn|p1b: Gothitelle|Protect
|move|p2b: Garchomp|Dragon Claw|p1a: Amoonguss
|-damage|p1a: Amoonguss|23/100
|-enditem|p1a: Amoonguss|Eject Button
|
|t:|1756153887
|switch|p1a: Politoed|Politoed, L50, M|54/100
|-weather|RainDance|[from] ability: Drizzle|[of] p1a: Politoed
|move|p2a: Torkoal|Eruption|p1a: Politoed|[spread] p1a
|-activate|p1b: Gothitelle|move: Protect
|-resisted|p1a: Politoed
|-damage|p1a: Politoed|45/100
|
|-weather|RainDance|[upkeep]
|-heal|p1a: Politoed|51/100|[from] item: Leftovers
|-damage|p1b: Gothitelle|46/100 brn|[from] brn
|-start|p2b: Garchomp|perish1
|-start|p1b: Gothitelle|perish1
|-start|p2a: Torkoal|perish1
|upkeep
|-enditem|p1b: Gothitelle|Sitrus Berry|[eat]
|-heal|p1b: Gothitelle|71/100 brn|[from] item: Sitrus Berry
|turn|6
|inactive|Davy-Kai has 30 seconds left.
|inactive|hk50 has 30 seconds left.
|inactive|Davy-Kai has 20 seconds left.
|inactive|Davy-Kai has 15 seconds left.
|inactive|Davy-Kai has 10 seconds left.
|
|t:|1756153934
|switch|p1b: Amoonguss|Amoonguss, L50, M|57/100
|move|p1a: Politoed|Protect|p1a: Politoed
|-singleturn|p1a: Politoed|Protect
|move|p2b: Garchomp|Dragon Claw|p1b: Amoonguss
|-damage|p1b: Amoonguss|0 fnt
|faint|p1b: Amoonguss
|move|p2a: Torkoal|Solar Beam||[still]
|-prepare|p2a: Torkoal|Solar Beam
|
|-weather|RainDance|[upkeep]
|-heal|p1a: Politoed|57/100|[from] item: Leftovers
|-start|p2b: Garchomp|perish0
|-start|p2a: Torkoal|perish0
|faint|p2b: Garchomp
|faint|p2a: Torkoal
|upkeep
|
|t:|1756153957
|switch|p2b: Farigiraf|Farigiraf, L50, F|16/100
|switch|p2a: Charizard|Charizard, L50, F|100/100
|switch|p1b: Archaludon|Archaludon, L50, F, tera:Electric|67/100
|turn|7
|
|t:|1756153982
|move|p2a: Charizard|Scorching Sands|p1b: Archaludon
|-supereffective|p1b: Archaludon
|-damage|p1b: Archaludon|12/100
|move|p1b: Archaludon|Electro Shot||[still]
|-prepare|p1b: Archaludon|Electro Shot
|-boost|p1b: Archaludon|spa|1
|-anim|p1b: Archaludon|Electro Shot|p2a: Charizard
|-supereffective|p2a: Charizard
|-damage|p2a: Charizard|0 fnt
|faint|p2a: Charizard
|move|p1a: Politoed|Weather Ball|p2b: Farigiraf
|-damage|p2b: Farigiraf|0 fnt
|faint|p2b: Farigiraf
|
|win|Davy-Kai
|raw|Davy-Kai's rating: 1039 → 1073(+34 for winning)
|raw|hk50's rating: 1035 → 1020(-15 for losing)
|l|☆hk50
|player|p2|
