|j|☆laufey#1fan
|j|☆Boomyy
|html|laufey#1fanBoomyy    
|uhtml|bestof|Game 2 of a best-of-3
|t:|1756478382
|gametype|doubles
|player|p1|laufey#1fan|lady|1289
|player|p2|Boomyy|brawly|1169
|gen|9
|tier|[Gen 9] VGC 2025 Reg H (Bo3)
|rated|
|rule|Species Clause: Limit one of each Pokémon
|rule|Item Clause: Limit 1 of each item
|clearpoke
|poke|p1|Gholdengo, L50|
|poke|p1|Ursaluna-Bloodmoon, L50, M|
|poke|p1|Incineroar, L50, F|
|poke|p1|Maushold-Four, L50|
|poke|p1|Annihilape, L50, M|
|poke|p1|Dragonite, L50, M|
|poke|p2|Indeedee-F, L50, F|
|poke|p2|Exeggutor, L50, M|
|poke|p2|Torkoal, L50, F|
|poke|p2|Ursaluna, L50, F|
|poke|p2|Gallade, L50, M|
|poke|p2|Zoroark-Hisui, L50, M|
|teampreview|4
|showteam|p1|Gholdengo||LifeOrb|GoodasGold|MakeItRain,NastyPlot,ShadowBall,Protect||||||50|,,,,,Water]Ursaluna-Bloodmoon||AssaultVest|MindsEye|BloodMoon,EarthPower,HyperVoice,VacuumWave|||M|||50|,,,,,Water]Incineroar||SafetyGoggles|Intimidate|FakeOut,FlareBlitz,PartingShot,KnockOff|||F|||50|,,,,,Ghost]Maushold-Four||FocusSash|FriendGuard|SuperFang,FollowMe,BeatUp,Protect||||||50|,,,,,Grass]Annihilape||SitrusBerry|Defiant|DrainPunch,BulkUp,RageFist,Protect|||M|||50|,,,,,Fire]Dragonite||LoadedDice|Multiscale|ScaleShot,ExtremeSpeed,Protect,Tailwind|||M|||50|,,,,,Fairy
|showteam|p2|Indeedee-F||PsychicSeed|PsychicSurge|FollowMe,Psychic,HelpingHand,TrickRoom|||F|||50|,,,,,Grass]Exeggutor||FocusSash|Chlorophyll|ExpandingForce,EnergyBall,SleepPowder,TrickRoom|||M|||50|,,,,,Psychic]Torkoal||Charcoal|Drought|Eruption,WeatherBall,ClearSmog,Protect|||F|||50|,,,,,Fire]Ursaluna||FlameOrb|Guts|Facade,HeadlongRush,Earthquake,Protect|||F|||50|,,,,,Ghost]Gallade||ClearAmulet|Sharpness|PsychoCut,SacredSword,WideGuard,TrickRoom|||M|||50|,,,,,Fire]Zoroark-Hisui||ChoiceSpecs|Illusion|HyperVoice,ShadowBall,TeraBlast,HyperBeam|||M|||50|,,,,,Stellar
|inactive|Battle timer is ON: inactive players will automatically lose when time's up. (requested by laufey#1fan)
|
|t:|1756478415
|teamsize|p1|4
|teamsize|p2|4
|start
|switch|p1a: Incineroar|Incineroar, L50, F|100/100
|switch|p1b: Gholdengo|Gholdengo, L50|100/100
|switch|p2a: Torkoal|Torkoal, L50, F|100/100
|switch|p2b: Exeggutor|Exeggutor, L50, M|100/100
|-ability|p1a: Incineroar|Intimidate|boost
|-unboost|p2a: Torkoal|atk|1
|-unboost|p2b: Exeggutor|atk|1
|-weather|SunnyDay|[from] ability: Drought|[of] p2a: Torkoal
|turn|1
|inactive|laufey#1fan has 30 seconds left.
|inactive|Boomyy has 30 seconds left.
|inactive|laufey#1fan has 20 seconds left.
|
|t:|1756478456
|move|p1b: Gholdengo|Protect|p1b: Gholdengo
|-singleturn|p1b: Gholdengo|Protect
|move|p1a: Incineroar|Knock Off|p2a: Torkoal
|-damage|p2a: Torkoal|68/100
|-enditem|p2a: Torkoal|Charcoal|[from] move: Knock Off|[of] p1a: Incineroar
|move|p2a: Torkoal|Eruption|p1a: Incineroar|[spread] p1a
|-activate|p1b: Gholdengo|move: Protect
|-resisted|p1a: Incineroar
|-damage|p1a: Incineroar|81/100
|move|p2b: Exeggutor|Trick Room|p2b: Exeggutor
|-fieldstart|move: Trick Room|[of] p2b: Exeggutor
|
|-weather|SunnyDay|[upkeep]
|upkeep
|turn|2
|inactive|laufey#1fan has 30 seconds left.
|
|t:|1756478485
|switch|p2b: Ursaluna|Ursaluna, L50, F|100/100
|-terastallize|p2a: Torkoal|Fire
|-terastallize|p1b: Gholdengo|Water
|move|p2a: Torkoal|Eruption|p1a: Incineroar|[spread] p1a,p1b
|-resisted|p1a: Incineroar
|-resisted|p1b: Gholdengo
|-damage|p1a: Incineroar|54/100
|-damage|p1b: Gholdengo|58/100
|move|p1a: Incineroar|Knock Off|p2b: Ursaluna
|-damage|p2b: Ursaluna|67/100
|-enditem|p2b: Ursaluna|Flame Orb|[from] move: Knock Off|[of] p1a: Incineroar
|move|p1b: Gholdengo|Nasty Plot|p1b: Gholdengo
|-boost|p1b: Gholdengo|spa|2
|
|-weather|SunnyDay|[upkeep]
|upkeep
|turn|3
|inactive|Boomyy has 30 seconds left.
|
|t:|1756478519
|switch|p1a: All for One|Dragonite, L50, M|100/100
|move|p1b: Gholdengo|Protect|p1b: Gholdengo
|-singleturn|p1b: Gholdengo|Protect
|move|p2a: Torkoal|Eruption|p1b: Gholdengo|[spread] p1a
|-activate|p1b: Gholdengo|move: Protect
|-resisted|p1a: All for One
|-damage|p1a: All for One|82/100
|move|p2b: Ursaluna|Headlong Rush|p1a: All for One
|-immune|p1a: All for One
|
|-weather|SunnyDay|[upkeep]
|upkeep
|turn|4
|
|t:|1756478542
|move|p2a: Torkoal|Eruption|p1a: All for One|[spread] p1a,p1b
|-resisted|p1a: All for One
|-resisted|p1b: Gholdengo
|-damage|p1a: All for One|46/100
|-damage|p1b: Gholdengo|17/100
|move|p2b: Ursaluna|Facade|p1b: Gholdengo
|-damage|p1b: Gholdengo|0 fnt
|faint|p1b: Gholdengo
|move|p1a: All for One|Scale Shot|p2b: Ursaluna
|-damage|p2b: Ursaluna|56/100
|-damage|p2b: Ursaluna|44/100
|-damage|p2b: Ursaluna|34/100
|-damage|p2b: Ursaluna|24/100
|-hitcount|p2b: Ursaluna|4
|-unboost|p1a: All for One|def|1
|-boost|p1a: All for One|spe|1
|
|-weather|SunnyDay|[upkeep]
|upkeep
|
|t:|1756478558
|switch|p1b: Incineroar|Incineroar, L50, F|54/100
|-ability|p1b: Incineroar|Intimidate|boost
|-unboost|p2a: Torkoal|atk|1
|-unboost|p2b: Ursaluna|atk|1
|turn|5
|inactive|laufey#1fan has 30 seconds left.
|inactive|Boomyy has 30 seconds left.
|inactive|Boomyy has 20 seconds left.
|
|t:|1756478595
|switch|p2a: Indeedee|Indeedee-F, L50, F|100/100
|-fieldstart|move: Psychic Terrain|[from] ability: Psychic Surge|[of] p2a: Indeedee
|-enditem|p2a: Indeedee|Psychic Seed
|-boost|p2a: Indeedee|spd|1|[from] item: Psychic Seed
|move|p1a: All for One|Protect|p1a: All for One
|-singleturn|p1a: All for One|Protect
|move|p2b: Ursaluna|Headlong Rush|p1b: Incineroar
|-supereffective|p1b: Incineroar
|-damage|p1b: Incineroar|0 fnt
|-unboost|p2b: Ursaluna|def|1
|-unboost|p2b: Ursaluna|spd|1
|faint|p1b: Incineroar
|
|-weather|none
|-fieldend|move: Trick Room
|upkeep
|
|t:|1756478605
|switch|p1b: Ursaluna|Ursaluna-Bloodmoon, L50, M|100/100
|turn|6
|
|t:|1756478623
|move|p2b: Ursaluna|Protect|p2b: Ursaluna
|-singleturn|p2b: Ursaluna|Protect
|move|p1a: All for One|Scale Shot|p2a: Indeedee
|-damage|p2a: Indeedee|87/100
|-damage|p2a: Indeedee|72/100
|-damage|p2a: Indeedee|56/100
|-damage|p2a: Indeedee|42/100
|-crit|p2a: Indeedee
|-damage|p2a: Indeedee|20/100
|-hitcount|p2a: Indeedee|5
|-unboost|p1a: All for One|def|1
|-boost|p1a: All for One|spe|1
|move|p1b: Ursaluna|Blood Moon|p2a: Indeedee
|-damage|p2a: Indeedee|0 fnt
|faint|p2a: Indeedee
|
|upkeep
|
|t:|1756478633
|switch|p2a: Exeggutor|Exeggutor, L50, M|100/100
|turn|7
|
|t:|1756478645
|switch|p2b: Torkoal|Torkoal, L50, F, tera:Fire|68/100
|-weather|SunnyDay|[from] ability: Drought|[of] p2b: Torkoal
|move|p1a: All for One|Tailwind|p1a: All for One
|-sidestart|p1: laufey#1fan|move: Tailwind
|move|p2a: Exeggutor|Expanding Force|p1a: All for One|[spread] p1a,p1b
|-damage|p1a: All for One|0 fnt
|-damage|p1b: Ursaluna|58/100
|faint|p1a: All for One
|move|p1b: Ursaluna|Hyper Voice|p2a: Exeggutor|[spread] p2a,p2b
|-damage|p2a: Exeggutor|49/100
|-damage|p2b: Torkoal|17/100
|
|-weather|SunnyDay|[upkeep]
|upkeep
|turn|8
|inactive|Boomyy has 30 seconds left.
|
|t:|1756478680
|move|p2a: Exeggutor|Expanding Force|p1b: Ursaluna
|-damage|p1b: Ursaluna|0 fnt
|faint|p1b: Ursaluna
|
|win|Boomyy
|raw|laufey#1fan's rating: 1289 → 1256(-33 for losing)
|raw|Boomyy's rating: 1169 → 1202(+33 for winning)
|l|☆Boomyy
|player|p2|
