|j|☆EmekaD
|j|‽Jcvkggkgg
|html|EmekaDJcvkggkgg    
|uhtml|bestof|Game 2 of a best-of-3
|t:|1782256616
|gametype|doubles
|player|p1|EmekaD|alain|1029
|player|p2|Jcvkggkgg|ingo|1000
|gen|9
|tier|[Gen 9 Champions] VGC 2026 Reg M-B (Bo3)
|rated|
|rule|Species Clause: Limit one of each Pokémon
|rule|Item Clause: Limit 1 of each item
|clearpoke
|poke|p1|Lycanroc-Dusk, L50, F|
|poke|p1|Sneasler, L50, F|
|poke|p1|Scovillain, L50, M|
|poke|p1|Basculegion, L50, M|
|poke|p1|Froslass, L50, F|
|poke|p1|Kingambit, L50, F|
|poke|p2|Mawile, L50, M|
|poke|p2|Farigiraf, L50, F|
|poke|p2|Incineroar, L50, M|
|poke|p2|Milotic, L50, F|
|poke|p2|Sinistcha, L50|
|poke|p2|Kingambit, L50, M|
|teampreview|4
|showteam|p1|Lycanroc-Dusk||FocusSash|ToughClaws|RockSlide,CloseCombat,Accelerock,Protect|Adamant||F|||50|]Sneasler||WhiteHerb|Unburden|CloseCombat,GunkShot,FakeOut,Protect|Jolly||F|||50|]Scovillain||Scovillainite|Moody|Overheat,GigaDrain,RagePowder,Protect|Bold||M|||50|]Basculegion||SitrusBerry|Adaptability|WaveCrash,LastRespects,AquaJet,Protect|Adamant||M|||50|]Froslass||Froslassite|SnowCloak|Blizzard,ShadowBall,AuroraVeil,Protect|Modest||F|||50|]Kingambit||BlackGlasses|Defiant|KowtowCleave,SuckerPunch,SwordsDance,Protect|Adamant||F|||50|
|showteam|p2|Mawile||Mawilite|Intimidate|PlayRough,IronHead,SuckerPunch,Protect|Brave||M|||50|]Farigiraf||FocusSash|ArmorTail|TrickRoom,HyperVoice,HelpingHand,Psychic|Quiet||F|||50|]Incineroar||ChopleBerry|Intimidate|FakeOut,PartingShot,FlareBlitz,ThroatChop|Adamant||M|||50|]Milotic||Leftovers|Competitive|IcyWind,Scald,Recover,Protect|Modest||F|||50|]Sinistcha||SitrusBerry|Hospitality|TrickRoom,RagePowder,MatchaGotcha,LifeDew|Relaxed|||||50|]Kingambit||LifeOrb|Defiant|KowtowCleave,SuckerPunch,LowKick,Protect|Adamant||M|||50|
|inactive|Battle timer is ON: inactive players will automatically lose when time's up. (requested by Jcvkggkgg)
|
|t:|1782256642
|teamsize|p1|4
|teamsize|p2|4
|start
|switch|p1a: Sneasler|Sneasler, L50, F|100/100
|switch|p1b: Kingambit|Kingambit, L50, F|100/100
|switch|p2a: Farigiraf|Farigiraf, L50, F|100/100
|switch|p2b: Kingambit|Kingambit, L50, M|100/100
|turn|1
|
|t:|1782256654
|move|p1a: Sneasler|Close Combat|p2b: Kingambit
|-supereffective|p2b: Kingambit|2
|-damage|p2b: Kingambit|0 fnt
|-unboost|p1a: Sneasler|def|1
|-unboost|p1a: Sneasler|spd|1
|faint|p2b: Kingambit
|-enditem|p1a: Sneasler|White Herb
|-clearnegativeboost|p1a: Sneasler|[silent]
|move|p2a: Farigiraf|Psychic|p1a: Sneasler
|-supereffective|p1a: Sneasler|2
|-damage|p1a: Sneasler|0 fnt
|faint|p1a: Sneasler
|move|p1b: Kingambit|Kowtow Cleave|p2a: Farigiraf
|-supereffective|p2a: Farigiraf|1
|-enditem|p2a: Farigiraf|Focus Sash
|-damage|p2a: Farigiraf|1/100
|
|upkeep
|
|t:|1782256672
|switch|p1a: Lycanroc|Lycanroc-Dusk, L50, F|100/100
|switch|p2b: Milotic|Milotic, L50, F|100/100
|turn|2
|
|t:|1782256681
|move|p2a: Farigiraf|Helping Hand|p2b: Milotic
|-singleturn|p2b: Milotic|Helping Hand|[of] p2a: Farigiraf
|move|p1a: Lycanroc|Rock Slide|p2a: Farigiraf|[spread] p2a,p2b
|-damage|p2a: Farigiraf|0 fnt
|-damage|p2b: Milotic|72/100
|faint|p2a: Farigiraf
|move|p2b: Milotic|Scald|p1b: Kingambit
|-damage|p1b: Kingambit|54/100
|move|p1b: Kingambit|Swords Dance|p1b: Kingambit
|-boost|p1b: Kingambit|atk|2
|
|-heal|p2b: Milotic|78/100|[from] item: Leftovers
|upkeep
|
|t:|1782256692
|switch|p2a: Mawile|Mawile, L50, M|100/100
|-ability|p2a: Mawile|Intimidate|boost
|-unboost|p1a: Lycanroc|atk|1
|-unboost|p1b: Kingambit|atk|1
|-ability|p1b: Kingambit|Defiant|boost
|-boost|p1b: Kingambit|atk|2
|turn|3
|
|t:|1782256712
|detailschange|p2a: Mawile|Mawile-Mega, L50, M
|-mega|p2a: Mawile|Mawile|Mawilite
|move|p1b: Kingambit|Sucker Punch|p2a: Mawile
|-resisted|p2a: Mawile|1
|-damage|p2a: Mawile|46/100
|move|p1a: Lycanroc|Close Combat|p2a: Mawile
|-damage|p2a: Mawile|8/100
|-unboost|p1a: Lycanroc|def|1
|-unboost|p1a: Lycanroc|spd|1
|move|p2b: Milotic|Scald|p1b: Kingambit
|-damage|p1b: Kingambit|26/100
|-status|p1b: Kingambit|brn
|move|p2a: Mawile|Play Rough|p1b: Kingambit
|-damage|p1b: Kingambit|0 fnt
|faint|p1b: Kingambit
|
|-heal|p2b: Milotic|84/100|[from] item: Leftovers
|upkeep
|
|t:|1782256719
|switch|p1b: Scovillain|Scovillain, L50, M|100/100
|turn|4
|
|t:|1782256729
|detailschange|p1b: Scovillain|Scovillain-Mega, L50, M
|-mega|p1b: Scovillain|Scovillain|Scovillainite
|move|p2a: Mawile|Protect|p2a: Mawile
|-singleturn|p2a: Mawile|Protect
|move|p1a: Lycanroc|Rock Slide|p2a: Mawile|[spread] 
|-activate|p2a: Mawile|move: Protect
|-miss|p1a: Lycanroc|p2b: Milotic
|move|p1b: Scovillain|Giga Drain|p2b: Milotic
|-supereffective|p2b: Milotic|1
|-damage|p2b: Milotic|36/100
|move|p2b: Milotic|Scald|p1a: Lycanroc
|-supereffective|p1a: Lycanroc|1
|-enditem|p1a: Lycanroc|Focus Sash
|-damage|p1a: Lycanroc|1/100
|-status|p1a: Lycanroc|brn
|
|-heal|p2b: Milotic|42/100|[from] item: Leftovers
|-damage|p1a: Lycanroc|0 fnt|[from] brn
|faint|p1a: Lycanroc
|upkeep
|turn|5
|inactive|EmekaD has 30 seconds left.
|inactive|Jcvkggkgg has 30 seconds left.
|
|t:|1782256757
|move|p2b: Milotic|Protect|p2b: Milotic
|-singleturn|p2b: Milotic|Protect
|move|p1b: Scovillain|Giga Drain|p2a: Mawile
|-resisted|p2a: Mawile|1
|-damage|p2a: Mawile|0 fnt
|faint|p2a: Mawile
|
|-heal|p2b: Milotic|48/100|[from] item: Leftovers
|upkeep
|turn|6
|
|t:|1782256764
|move|p1b: Scovillain|Giga Drain|p2b: Milotic
|-supereffective|p2b: Milotic|1
|-damage|p2b: Milotic|1/100
|move|p2b: Milotic|Recover|p2b: Milotic
|-heal|p2b: Milotic|50/100g
|
|-heal|p2b: Milotic|56/100|[from] item: Leftovers
|upkeep
|turn|7
|c|☆EmekaD|gg
|
|t:|1782256770
|move|p2b: Milotic|Protect|p2b: Milotic
|-singleturn|p2b: Milotic|Protect
|move|p1b: Scovillain|Giga Drain|p2b: Milotic
|-activate|p2b: Milotic|move: Protect
|
|-heal|p2b: Milotic|62/100|[from] item: Leftovers
|upkeep
|turn|8
|
|t:|1782256778
|move|p1b: Scovillain|Giga Drain|p2b: Milotic
|-supereffective|p2b: Milotic|1
|-damage|p2b: Milotic|13/100
|move|p2b: Milotic|Recover|p2b: Milotic
|-heal|p2b: Milotic|63/100
|
|-heal|p2b: Milotic|69/100|[from] item: Leftovers
|upkeep
|turn|9
|
|t:|1782256783
|move|p2b: Milotic|Protect|p2b: Milotic
|-singleturn|p2b: Milotic|Protect
|move|p1b: Scovillain|Rage Powder|p1b: Scovillain
|-singleturn|p1b: Scovillain|move: Rage Powder
|
|-heal|p2b: Milotic|75/100|[from] item: Leftovers
|upkeep
|turn|10
|
|t:|1782256789
|move|p1b: Scovillain|Giga Drain|p2b: Milotic
|-supereffective|p2b: Milotic|1
|-damage|p2b: Milotic|28/100
|move|p2b: Milotic|Scald|p1b: Scovillain
|-damage|p1b: Scovillain|65/100
|-status|p2b: Milotic|brn|[from] ability: Spicy Spray|[of] p1b: Scovillain
|
|-heal|p2b: Milotic|34/100 brn|[from] item: Leftovers
|-damage|p2b: Milotic|28/100 brn|[from] brn
|upkeep
|turn|11
|
|t:|1782256798
|move|p2b: Milotic|Protect|p2b: Milotic
|-singleturn|p2b: Milotic|Protect
|move|p1b: Scovillain|Giga Drain|p2b: Milotic
|-activate|p2b: Milotic|move: Protect
|
|-heal|p2b: Milotic|34/100 brn|[from] item: Leftovers
|-damage|p2b: Milotic|28/100 brn|[from] brn
|upkeep
|turn|12
|
|t:|1782256801
|move|p1b: Scovillain|Giga Drain|p2b: Milotic
|-supereffective|p2b: Milotic|1
|-damage|p2b: Milotic|0 fnt
|-heal|p1b: Scovillain|81/100|[from] drain|[of] p2b: Milotic
|faint|p2b: Milotic
|
|win|EmekaD
|raw|EmekaD's rating: 1029 → 1062(+33 for winning)
|raw|Jcvkggkgg's rating: 1000 → 1000(+0 for losing)
|l|‽Jcvkggkgg
|player|p2|
