|j|☆Kylliza
|j|☆Mattack10
|html|KyllizaMattack10    
|uhtml|bestof|Game 3 of a best-of-3
|t:|1782341332
|gametype|doubles
|player|p1|Kylliza|265|1088
|player|p2|Mattack10|acetrainer|1103
|gen|9
|tier|[Gen 9 Champions] VGC 2026 Reg M-B (Bo3)
|rated|
|rule|Species Clause: Limit one of each Pokémon
|rule|Item Clause: Limit 1 of each item
|clearpoke
|poke|p1|Blaziken, L50, F|
|poke|p1|Whimsicott, L50, F|
|poke|p1|Incineroar, L50, M|
|poke|p1|Sylveon, L50, M|
|poke|p1|Basculegion, L50, M|
|poke|p1|Froslass, L50, F|
|poke|p2|Dragalge, L50, M|
|poke|p2|Farigiraf, L50, F|
|poke|p2|Kingambit, L50, F|
|poke|p2|Incineroar, L50, M, shiny|
|poke|p2|Sinistcha, L50|
|poke|p2|Primarina, L50, F|
|teampreview|4
|showteam|p1|Blaziken||Blazikenite|SpeedBoost|FlareBlitz,CloseCombat,RockSlide,Protect|Adamant||F|||50|]Whimsicott||FocusSash|Prankster|Moonblast,Tailwind,Encore,Protect|Timid||F|||50|]Incineroar||SitrusBerry|Intimidate|FakeOut,FlareBlitz,ThroatChop,PartingShot|Careful||M|||50|]Sylveon||FairyFeather|Pixilate|HyperVoice,HyperBeam,QuickAttack,Protect|Modest||M|||50|]Basculegion||ChoiceScarf|Adaptability|WaveCrash,LastRespects,AquaJet,FlipTurn|Jolly||M|||50|]Froslass||Froslassite|CursedBody|Blizzard,ShadowBall,AuroraVeil,Protect|Timid||F|||50|
|showteam|p2|Dragalge||Dragalgite|PoisonPoint|DracoMeteor,SludgeBomb,Protect,FlipTurn|Quiet||M|||50|]Farigiraf||ColburBerry|ArmorTail|HyperVoice,Psychic,HelpingHand,TrickRoom|Relaxed||F|||50|]Kingambit||ChopleBerry|Defiant|KowtowCleave,SuckerPunch,Protect,LowKick|Brave||F|||50|]Incineroar||ShucaBerry|Intimidate|FakeOut,FlareBlitz,ThroatChop,PartingShot|Sassy||M|||50|]Sinistcha||SitrusBerry|Hospitality|RagePowder,MatchaGotcha,TrickRoom,StrengthSap|Relaxed|||||50|]Primarina||Leftovers|LiquidVoice|HyperVoice,Moonblast,CalmMind,Protect|Quiet||F|||50|
|c|☆Kylliza|like to be ready for the next game
|
|t:|1782341375
|teamsize|p1|4
|teamsize|p2|4
|start
|switch|p1a: Basculegion|Basculegion, L50, M|100/100
|switch|p1b: Froslass|Froslass, L50, F|100/100
|switch|p2a: Dragalge|Dragalge, L50, M|100/100
|switch|p2b: Farigiraf|Farigiraf, L50, F|100/100
|turn|1
|
|t:|1782341385
|detailschange|p1b: Froslass|Froslass-Mega, L50, F
|-mega|p1b: Froslass|Froslass|Froslassite
|-weather|Snowscape|[from] ability: Snow Warning|[of] p1b: Froslass
|detailschange|p2a: Dragalge|Dragalge-Mega, L50, M
|-mega|p2a: Dragalge|Dragalge|Dragalgite
|move|p1a: Basculegion|Wave Crash|p2b: Farigiraf
|-damage|p2b: Farigiraf|34/100
|-damage|p1a: Basculegion|75/100|[from] Recoil
|move|p1b: Froslass|Blizzard|p2b: Farigiraf|[spread] p2a,p2b
|-supereffective|p2a: Dragalge|1
|-damage|p2a: Dragalge|40/100
|-damage|p2b: Farigiraf|0 fnt
|faint|p2b: Farigiraf
|move|p2a: Dragalge|Draco Meteor|p1b: Froslass
|-damage|p1b: Froslass|9/100
|-unboost|p2a: Dragalge|spa|2
|
|-weather|Snowscape|[upkeep]
|upkeep
|
|t:|1782341391
|switch|p2b: Kingambit|Kingambit, L50, F|100/100
|turn|2
|
|t:|1782341430
|-heal|p2a: Dragalge|73/100|[from] ability: Regenerator|[silent]
|switch|p2a: Incineroar|Incineroar, L50, M, shiny|100/100
|-ability|p2a: Incineroar|Intimidate|boost
|-unboost|p1a: Basculegion|atk|1
|-unboost|p1b: Froslass|atk|1
|move|p1a: Basculegion|Wave Crash|p2a: Incineroar
|-supereffective|p2a: Incineroar|1
|-damage|p2a: Incineroar|14/100
|-damage|p1a: Basculegion|46/100|[from] Recoil
|move|p1b: Froslass|Blizzard|p2a: Incineroar|[spread] p2a,p2b
|-resisted|p2a: Incineroar|1
|-resisted|p2b: Kingambit|1
|-crit|p2b: Kingambit
|-damage|p2a: Incineroar|0 fnt
|-damage|p2b: Kingambit|66/100
|faint|p2a: Incineroar
|move|p2b: Kingambit|Kowtow Cleave|p1a: Basculegion
|-supereffective|p1a: Basculegion|1
|-damage|p1a: Basculegion|0 fnt
|faint|p1a: Basculegion
|
|-weather|Snowscape|[upkeep]
|upkeep
|
|t:|1782341453
|switch|p1a: Sylveon|Sylveon, L50, M|100/100
|switch|p2a: Dragalge|Dragalge-Mega, L50, M|73/100
|turn|3
|
|t:|1782341471
|move|p2b: Kingambit|Protect|p2b: Kingambit
|-singleturn|p2b: Kingambit|Protect
|move|p1b: Froslass|Aurora Veil|p1b: Froslass
|-sidestart|p1: Kylliza|move: Aurora Veil
|move|p1a: Sylveon|Hyper Voice|p2a: Dragalge|[spread] p2a
|-activate|p2b: Kingambit|move: Protect
|-damage|p2a: Dragalge|39/100
|move|p2a: Dragalge|Sludge Bomb|p1a: Sylveon
|-supereffective|p1a: Sylveon|1
|-damage|p1a: Sylveon|48/100
|
|-weather|Snowscape|[upkeep]
|upkeep
|turn|4
|
|t:|1782341512
|switch|p1b: Incineroar|Incineroar, L50, M|100/100
|-ability|p1b: Incineroar|Intimidate|boost
|-unboost|p2a: Dragalge|atk|1
|-unboost|p2b: Kingambit|atk|1
|-ability|p2b: Kingambit|Defiant|boost
|-boost|p2b: Kingambit|atk|2
|move|p2b: Kingambit|Sucker Punch||[still]
|-fail|p2b: Kingambit
|move|p1a: Sylveon|Hyper Beam|p2b: Kingambit
|-damage|p2b: Kingambit|0 fnt
|-mustrecharge|p1a: Sylveon
|faint|p2b: Kingambit
|move|p2a: Dragalge|Sludge Bomb|p1a: Sylveon
|-supereffective|p1a: Sylveon|1
|-damage|p1a: Sylveon|0 fnt
|faint|p1a: Sylveon
|
|-weather|Snowscape|[upkeep]
|upkeep
|
|t:|1782341526
|switch|p1a: Froslass|Froslass-Mega, L50, F|9/100
|turn|5
|
|t:|1782341531
|move|p2a: Dragalge|Protect|p2a: Dragalge
|-singleturn|p2a: Dragalge|Protect
|move|p1b: Incineroar|Fake Out|p2a: Dragalge
|-activate|p2a: Dragalge|move: Protect
|move|p1a: Froslass|Blizzard|p2a: Dragalge
|-activate|p2a: Dragalge|move: Protect
|
|-weather|none
|upkeep
|turn|6
|
|t:|1782341541
|move|p1a: Froslass|Shadow Ball|p2a: Dragalge
|-damage|p2a: Dragalge|8/100
|move|p1b: Incineroar|Throat Chop|p2a: Dragalge
|-damage|p2a: Dragalge|0 fnt
|faint|p2a: Dragalge
|
|win|Kylliza
|raw|Kylliza's rating: 1088 → 1116(+28 for winning)
|raw|Mattack10's rating: 1103 → 1077(-26 for losing)
