|j|☆katkraydel
|j|☆sbravesborz
|html|katkraydelsbravesborz    
|uhtml|bestof|Game 2 of a best-of-3
|t:|1784830205
|gametype|doubles
|player|p1|katkraydel|lebanne|1315
|player|p2|sbravesborz|266|1218
|gen|9
|tier|[Gen 9 Champions] VGC 2026 Reg M-B (Bo3)
|rated|
|rule|Species Clause: Limit one of each Pokémon
|rule|Item Clause: Limit 1 of each item
|clearpoke
|poke|p1|Floette-Eternal, L50, F|
|poke|p1|Barbaracle, L50, M|
|poke|p1|Sneasler, L50, F|
|poke|p1|Milotic, L50, M|
|poke|p1|Incineroar, L50, M|
|poke|p1|Sinistcha, L50|
|poke|p2|Raichu, L50, M|
|poke|p2|Maushold, L50|
|poke|p2|Mamoswine, L50, F|
|poke|p2|Basculegion, L50, M|
|poke|p2|Pelipper, L50, M|
|poke|p2|Kingambit, L50, F|
|teampreview|4
|showteam|p1|Floette-Eternal||Floettite|FlowerVeil|Moonblast,DazzlingGleam,CalmMind,Protect|Modest||F|||50|]Barbaracle||Barbaracite|ToughClaws|RockSlide,CloseCombat,ShellSmash,Protect|Adamant||M|||50|]Sneasler||FocusSash|PoisonTouch|FakeOut,CloseCombat,PoisonJab,QuickGuard|Jolly||F|||50|]Milotic||MysticWater|Competitive|Scald,IceBeam,IcyWind,Protect|Modest||M|||50|]Incineroar||SitrusBerry|Intimidate|FlareBlitz,FakeOut,ThroatChop,PartingShot|Impish||M|||50|]Sinistcha||KasibBerry|Hospitality|MatchaGotcha,RagePowder,LifeDew,Protect|Bold|||||50|
|showteam|p2|Raichu||RaichuniteY|LightningRod|FakeOut,ZapCannon,FocusBlast,Protect|Timid||M|||50|]Maushold||WideLens|FriendGuard|FollowMe,PopulationBomb,Encore,Protect|Timid|||||50|]Mamoswine||LifeOrb|Oblivious|IceShard,IcicleCrash,HighHorsepower,Protect|Adamant||F|||50|]Basculegion||ChoiceScarf|Adaptability|WaveCrash,FlipTurn,LastRespects,AquaJet|Jolly||M|||50|]Pelipper||SitrusBerry|Drizzle|WeatherBall,Hurricane,Tailwind,Protect|Modest||M|||50|]Kingambit||FocusSash|Defiant|SuckerPunch,KowtowCleave,IronHead,Protect|Adamant||F|||50|
|inactive|Battle timer is ON: inactive players will automatically lose when time's up. (requested by sbravesborz)
|j| SpaceZV0
|inactive|sbravesborz has 60 seconds left.
|
|t:|1784830242
|teamsize|p1|4
|teamsize|p2|4
|start
|switch|p1a: Floette|Floette-Eternal, L50, F|100/100
|switch|p1b: Sinistcha|Sinistcha, L50|100/100
|switch|p2a: Kingambit|Kingambit, L50, F|100/100
|switch|p2b: Raichu|Raichu, L50, M|100/100
|turn|1
|
|t:|1784830258
|detailschange|p2b: Raichu|Raichu-Mega-Y, L50, M
|-mega|p2b: Raichu|Raichu|Raichunite Y
|detailschange|p1a: Floette|Floette-Mega, L50, F
|-mega|p1a: Floette|Floette|Floettite
|-ability|p1a: Floette|Fairy Aura
|move|p1a: Floette|Protect|p1a: Floette
|-singleturn|p1a: Floette|Protect
|move|p2b: Raichu|Fake Out|p1a: Floette
|-activate|p1a: Floette|move: Protect
|move|p2a: Kingambit|Kowtow Cleave|p1b: Sinistcha
|-supereffective|p1b: Sinistcha|1
|-damage|p1b: Sinistcha|17/100
|move|p1b: Sinistcha|Matcha Gotcha|p2b: Raichu|[spread] p2a,p2b
|-resisted|p2a: Kingambit|1
|-damage|p2a: Kingambit|85/100
|-heal|p1b: Sinistcha|25/100|[from] drain|[of] p2a: Kingambit
|-damage|p2b: Raichu|64/100
|-heal|p1b: Sinistcha|38/100|[from] drain|[of] p2b: Raichu
|-status|p2a: Kingambit|brn
|
|-damage|p2a: Kingambit|79/100 brn|[from] brn
|upkeep
|turn|2
|
|t:|1784830282
|switch|p2b: Maushold|Maushold, L50|100/100
|move|p1a: Floette|Moonblast|p2a: Kingambit
|-damage|p2a: Kingambit|15/100 brn
|move|p2a: Kingambit|Kowtow Cleave|p1b: Sinistcha
|-supereffective|p1b: Sinistcha|1
|-damage|p1b: Sinistcha|1/100
|move|p1b: Sinistcha|Life Dew||[still]|[spread] p1a,p1b
|-fail|p1a: Floette|heal
|-heal|p1b: Sinistcha|26/100
|
|-damage|p2a: Kingambit|9/100 brn|[from] brn
|upkeep
|turn|3
|inactive|sbravesborz has 30 seconds left.
|
|t:|1784830309
|switch|p1b: Sneasler|Sneasler, L50, F|100/100
|move|p2b: Maushold|Protect|p2b: Maushold
|-singleturn|p2b: Maushold|Protect
|move|p1a: Floette|Protect|p1a: Floette
|-singleturn|p1a: Floette|Protect
|move|p2a: Kingambit|Kowtow Cleave|p1b: Sneasler
|-resisted|p1b: Sneasler|1
|-damage|p1b: Sneasler|78/100
|
|-damage|p2a: Kingambit|3/100 brn|[from] brn
|upkeep
|turn|4
|
|t:|1784830333
|switch|p2b: Basculegion|Basculegion, L50, M|100/100
|move|p1b: Sneasler|Fake Out|p2b: Basculegion
|-immune|p2b: Basculegion
|move|p2a: Kingambit|Sucker Punch||[still]
|-fail|p2a: Kingambit
|move|p1a: Floette|Calm Mind|p1a: Floette
|-boost|p1a: Floette|spa|1
|-boost|p1a: Floette|spd|1
|
|-damage|p2a: Kingambit|0 fnt|[from] brn
|faint|p2a: Kingambit
|upkeep
|
|t:|1784830353
|switch|p2a: Raichu|Raichu-Mega-Y, L50, M|64/100
|turn|5
|inactive|katkraydel has 30 seconds left.
|
|t:|1784830387
|move|p2b: Basculegion|Last Respects|p1b: Sneasler
|-damage|p1b: Sneasler|0 fnt
|faint|p1b: Sneasler
|move|p2a: Raichu|Zap Cannon|p1a: Floette
|-damage|p1a: Floette|60/100
|-status|p1a: Floette|par
|move|p1a: Floette|Dazzling Gleam|p2b: Basculegion|[spread] p2a,p2b
|-crit|p2b: Basculegion
|-damage|p2a: Raichu|0 fnt
|-damage|p2b: Basculegion|0 fnt
|faint|p2a: Raichu
|faint|p2b: Basculegion
|
|upkeep
|-message|sbravesborz forfeited.
|
|win|katkraydel
||sbravesborz is ready for game 3.
||katkraydel is ready for game 3.
|uhtml|next|Next: Game 3 of 3
|l|☆katkraydel
|player|p1|
|l|☆sbravesborz
|player|p2|
|j|☆sbravesborz
|player|p2|sbravesborz|266|
