|j|☆paralyze u
|j|☆porygon peo
|html|paralyze uporygon peo    
|uhtml|bestof|Game 1 of a best-of-3
|t:|1786135042
|gametype|doubles
|player|p1|paralyze u|265|1366
|player|p2|porygon peo|skier|1400
|gen|9
|tier|[Gen 9 Champions] VGC 2026 Reg M-B (Bo3)
|rated|
|rule|Species Clause: Limit one of each Pokémon
|rule|Item Clause: Limit 1 of each item
|clearpoke
|poke|p1|Gardevoir, L50, M, shiny|
|poke|p1|Basculegion, L50, M|
|poke|p1|Talonflame, L50, M|
|poke|p1|Maushold, L50|
|poke|p1|Kingambit, L50, M|
|poke|p1|Kommo-o, L50, F|
|poke|p2|Arcanine-Hisui, L50, F|
|poke|p2|Staraptor, L50, F|
|poke|p2|Farigiraf, L50, M|
|poke|p2|Sylveon, L50, F|
|poke|p2|Kingambit, L50, M|
|poke|p2|Raichu, L50, F|
|teampreview|4
|showteam|p1|Gardevoir||Gardevoirite|Trace|HyperVoice,Psychic,Thunderbolt,Protect|Modest||M|||50|]Basculegion||ChoiceScarf|Adaptability|WaveCrash,LastRespects,FlipTurn,AquaJet|Jolly||M|||50|]Talonflame||SharpBeak|GaleWings|DualWingbeat,FlareBlitz,Tailwind,Protect|Jolly||M|||50|]Maushold||FocusSash|FriendGuard|SuperFang,Feint,FollowMe,Protect|Jolly|||||50|]Kingambit||ExpertBelt|Defiant|KowtowCleave,SuckerPunch,IronHead,LowKick|Jolly||M|||50|]Kommo-o||LifeOrb|Soundproof|ClangingScales,VacuumWave,AuraSphere,Protect|Modest||F|||50|
|showteam|p2|Arcanine-Hisui||FocusSash|RockHead|Protect,ExtremeSpeed,HeadSmash,FlareBlitz|Adamant||F|||50|]Staraptor||Staraptite|Intimidate|Tailwind,Protect,CloseCombat,DualWingbeat|Adamant||F|||50|]Farigiraf||SitrusBerry|ArmorTail|Protect,Psychic,TrickRoom,HelpingHand|Bold||M|||50|]Sylveon||FairyFeather|Pixilate|Protect,HyperBeam,HyperVoice,QuickAttack|Modest||F|||50|]Kingambit||LifeOrb|Defiant|Protect,KowtowCleave,SwordsDance,SuckerPunch|Adamant||M|||50|]Raichu||RaichuniteY|LightningRod|Protect,ZapCannon,FakeOut,FocusBlast|Timid||F|||50|
|inactive|Battle timer is ON: inactive players will automatically lose when time's up. (requested by porygon peo)
|
|t:|1786135087
|teamsize|p1|4
|teamsize|p2|4
|start
|switch|p1a: Gardevoir|Gardevoir, L50, M, shiny|100/100
|switch|p1b: Maushold|Maushold, L50|100/100
|switch|p2a: Staraptor|Staraptor, L50, F|100/100
|switch|p2b: Farigiraf|Farigiraf, L50, M|100/100
|-ability|p1a: Gardevoir|Armor Tail|Trace|[from] ability: Trace|[of] p2b: Farigiraf
|-ability|p2a: Staraptor|Intimidate|boost
|-unboost|p1a: Gardevoir|atk|1
|-unboost|p1b: Maushold|atk|1
|turn|1
|inactive|paralyze u has 30 seconds left.
|inactive|porygon peo has 30 seconds left.
|
|t:|1786135118
|detailschange|p1a: Gardevoir|Gardevoir-Mega, L50, M, shiny
|-mega|p1a: Gardevoir|Gardevoir|Gardevoirite
|detailschange|p2a: Staraptor|Staraptor-Mega, L50, F
|-mega|p2a: Staraptor|Staraptor|Staraptite
|move|p1b: Maushold|Protect|p1b: Maushold
|-singleturn|p1b: Maushold|Protect
|move|p1a: Gardevoir|Hyper Voice|p2a: Staraptor|[spread] p2a,p2b
|-supereffective|p2a: Staraptor|1
|-damage|p2a: Staraptor|0 fnt
|-damage|p2b: Farigiraf|52/100
|faint|p2a: Staraptor
|move|p2b: Farigiraf|Psychic|p1b: Maushold
|-activate|p1b: Maushold|move: Protect
|
|upkeep
|
|t:|1786135127
|switch|p2a: Kingambit|Kingambit, L50, M|100/100
|turn|2
|
|t:|1786135136
|move|p1b: Maushold|Super Fang|p2a: Kingambit
|-damage|p2a: Kingambit|50/100g
|move|p1a: Gardevoir|Hyper Voice|p2b: Farigiraf|[spread] p2a,p2b
|-damage|p2a: Kingambit|0 fnt
|-damage|p2b: Farigiraf|1/100
|-enditem|p2b: Farigiraf|Sitrus Berry|[eat]
|-heal|p2b: Farigiraf|25/100|[from] item: Sitrus Berry
|faint|p2a: Kingambit
|move|p2b: Farigiraf|Trick Room|p2b: Farigiraf
|-fieldstart|move: Trick Room|[of] p2b: Farigiraf
|
|upkeep
|
|t:|1786135141
|switch|p2a: Sylveon|Sylveon, L50, F|100/100
|turn|3
|
|t:|1786135153
|move|p2b: Farigiraf|Helping Hand|p2a: Sylveon
|-singleturn|p2a: Sylveon|Helping Hand|[of] p2b: Farigiraf
|move|p1a: Gardevoir|Protect|p1a: Gardevoir
|-singleturn|p1a: Gardevoir|Protect
|move|p1b: Maushold|Protect|p1b: Maushold
|-singleturn|p1b: Maushold|Protect
|move|p2a: Sylveon|Hyper Voice|p1b: Maushold|[spread] 
|-activate|p1a: Gardevoir|move: Protect
|-activate|p1b: Maushold|move: Protect
|
|upkeep
|turn|4
|
|t:|1786135170
|switch|p1a: Kommo-o|Kommo-o, L50, F|100/100
|move|p2b: Farigiraf|Protect|p2b: Farigiraf
|-singleturn|p2b: Farigiraf|Protect
|move|p2a: Sylveon|Hyper Voice|p1b: Maushold|[spread] p1b
|-immune|p1a: Kommo-o|[from] ability: Soundproof
|-damage|p1b: Maushold|40/100
|move|p1b: Maushold|Super Fang|p2a: Sylveon|[miss]
|-miss|p1b: Maushold|p2a: Sylveon
|
|upkeep
|turn|5
|
|t:|1786135183
|move|p1a: Kommo-o|Protect|p1a: Kommo-o
|-singleturn|p1a: Kommo-o|Protect
|move|p1b: Maushold|Protect|p1b: Maushold
|-singleturn|p1b: Maushold|Protect
|move|p2b: Farigiraf|Psychic|p1b: Maushold
|-activate|p1b: Maushold|move: Protect
|move|p2a: Sylveon|Hyper Beam|p1a: Kommo-o
|-activate|p1a: Kommo-o|move: Protect
|
|upkeep
|turn|6
|-message|porygon peo forfeited.
|
|win|paralyze u
||porygon peo is ready for game 2.
||paralyze u is ready for game 2.
|uhtml|next|Next: Game 2 of 3
|l|☆porygon peo
|player|p2|
