|j|☆gluttorn
|j|☆poke J compi
|html|gluttornpoke J compi    
|uhtml|bestof|Game 1 of a best-of-3
|t:|1782482931
|gametype|doubles
|player|p1|gluttorn|266|1077
|player|p2|poke J compi|fisherman-gen4|1040
|gen|9
|tier|[Gen 9 Champions] VGC 2026 Reg M-B (Bo3)
|rated|
|rule|Species Clause: Limit one of each Pokémon
|rule|Item Clause: Limit 1 of each item
|clearpoke
|poke|p1|Scrafty, L50, F|
|poke|p1|Torkoal, L50, F|
|poke|p1|Farigiraf, L50, F|
|poke|p1|Hatterene, L50, F|
|poke|p1|Vileplume, L50, F|
|poke|p1|Archaludon, L50, M|
|poke|p2|Dragonite, L50, M, shiny|
|poke|p2|Kingambit, L50, F, shiny|
|poke|p2|Ditto, L50, shiny|
|poke|p2|Sneasler, L50, F, shiny|
|poke|p2|Maushold-Four, L50, shiny|
|poke|p2|Sinistcha-Masterpiece, L50, shiny|
|teampreview|4
|showteam|p1|Scrafty||Scraftinite|Intimidate|FakeOut,KnockOff,DrainPunch,RockSlide|Brave||F|||50|]Torkoal||Charcoal|Drought|EarthPower,HeatWave,Eruption,Protect|Quiet||F|||50|]Farigiraf||MentalHerb|ArmorTail|Protect,HelpingHand,TrickRoom,Psychic|Calm||F|||50|]Hatterene||LifeOrb|MagicBounce|DazzlingGleam,Psychic,TrickRoom,Protect|Modest||F|||50|]Vileplume||FocusSash|Chlorophyll|AfterYou,Protect,EnergyBall,SludgeBomb|Timid||F|||50|]Archaludon||ChoiceScarf|Sturdy|Thunderbolt,DragonPulse,FlashCannon,SolarBeam|Timid||M|||50|
|showteam|p2|Dragonite||Dragoninite|InnerFocus|ExtremeSpeed,DragonPulse,LightScreen,Protect|Rash||M|||50|]Kingambit||BlackGlasses|SupremeOverlord|KowtowCleave,SuckerPunch,Protect,Guillotine|Adamant||F|||50|]Ditto||QuickClaw|Imposter|Transform|Bashful|||||50|]Sneasler||WhiteHerb|Unburden|FakeOut,DireClaw,CloseCombat,Toxic|Hasty||F|||50|]Maushold-Four||SilkScarf|Technician|PopulationBomb,TidyUp,BatonPass,Trailblaze|Jolly|||||50|]Sinistcha-Masterpiece||Leftovers|Heatproof|CalmMind,MatchaGotcha,RagePowder,Poltergeist|Modest|||||50|
|inactive|Battle timer is ON: inactive players will automatically lose when time's up. (requested by gluttorn)
|inactive|gluttorn has 60 seconds left.
|
|t:|1782482981
|teamsize|p1|4
|teamsize|p2|4
|start
|switch|p1a: Scrafty|Scrafty, L50, F|100/100
|switch|p1b: Farigiraf|Farigiraf, L50, F|100/100
|switch|p2a: Dragonite|Dragonite, L50, M, shiny|100/100
|switch|p2b: Maushold|Maushold-Four, L50, shiny|100/100
|-ability|p1a: Scrafty|Intimidate|boost
|-fail|p2a: Dragonite|unboost|Attack|[from] ability: Inner Focus|[of] p2a: Dragonite
|-unboost|p2b: Maushold|atk|1
|turn|1
|inactive|poke J compi has 30 seconds left.
|inactive|poke J compi has 20 seconds left.
|
|t:|1782483017
|switch|p2b: Ditto|Ditto, L50, shiny|100/100
|-transform|p2b: Ditto|p1a: Scrafty|[from] ability: Imposter
|-ability|p2b: Ditto|Intimidate|boost
|-unboost|p1a: Scrafty|atk|1
|-unboost|p1b: Farigiraf|atk|1
|detailschange|p1a: Scrafty|Scrafty-Mega, L50, F
|-mega|p1a: Scrafty|Scrafty|Scraftinite
|-ability|p1a: Scrafty|Intimidate|boost
|-fail|p2a: Dragonite|unboost|Attack|[from] ability: Inner Focus|[of] p2a: Dragonite
|-unboost|p2b: Ditto|atk|1
|move|p1a: Scrafty|Fake Out|p2b: Ditto
|-damage|p2b: Ditto|86/100
|move|p2a: Dragonite|Dragon Pulse|p1b: Farigiraf
|-damage|p1b: Farigiraf|70/100
|move|p1b: Farigiraf|Trick Room|p1b: Farigiraf
|-fieldstart|move: Trick Room|[of] p1b: Farigiraf
|
|upkeep
|turn|2
|inactive|gluttorn has 30 seconds left.
|inactive|poke J compi has 30 seconds left.
|inactive|gluttorn has 20 seconds left.
|inactive|poke J compi has 20 seconds left.
|inactive|gluttorn has 15 seconds left.
|inactive|poke J compi has 15 seconds left.
|inactive|gluttorn has 10 seconds left.
|inactive|poke J compi has 10 seconds left.
|-activate|p2b: Ditto|item: Quick Claw
|
|t:|1782483067
|detailschange|p2a: Dragonite|Dragonite-Mega, L50, M, shiny
|-mega|p2a: Dragonite|Dragonite|Dragoninite
|move|p2b: Ditto|Knock Off|p1b: Farigiraf
|-supereffective|p1b: Farigiraf|1
|-damage|p1b: Farigiraf|22/100
|-enditem|p1b: Farigiraf|Mental Herb|[from] move: Knock Off|[of] p2b: Ditto
|move|p1a: Scrafty|Drain Punch|p2b: Ditto
|-supereffective|p2b: Ditto|1
|-damage|p2b: Ditto|11/100
|move|p1b: Farigiraf|Psychic|p2a: Dragonite
|-damage|p2a: Dragonite|83/100
|move|p2a: Dragonite|Dragon Pulse|p1a: Scrafty
|-damage|p1a: Scrafty|56/100
|
|upkeep
|turn|3
|
|t:|1782483089
|switch|p1b: Hatterene|Hatterene, L50, F|100/100
|move|p2b: Ditto|Drain Punch|p1a: Scrafty
|-supereffective|p1a: Scrafty|1
|-damage|p1a: Scrafty|21/100
|-heal|p2b: Ditto|35/100|[from] drain|[of] p1a: Scrafty
|move|p1a: Scrafty|Drain Punch|p2b: Ditto
|-supereffective|p2b: Ditto|1
|-damage|p2b: Ditto|0 fnt
|-heal|p1a: Scrafty|34/100|[from] drain|[of] p2b: Ditto
|faint|p2b: Ditto
|move|p2a: Dragonite|Dragon Pulse|p1b: Hatterene
|-immune|p1b: Hatterene
|
|upkeep
|
|t:|1782483113
|switch|p2b: Kingambit|Kingambit, L50, F, shiny|100/100
|-activate|p2b: Kingambit|ability: Supreme Overlord
|-start|p2b: Kingambit|fallen1|[silent]
|turn|4
|
|t:|1782483128
|switch|p1b: Torkoal|Torkoal, L50, F|100/100
|-weather|SunnyDay|[from] ability: Drought|[of] p1b: Torkoal
|move|p2b: Kingambit|Kowtow Cleave|p1b: Torkoal
|-damage|p1b: Torkoal|48/100
|move|p1a: Scrafty|Drain Punch|p2b: Kingambit
|-supereffective|p2b: Kingambit|2
|-damage|p2b: Kingambit|5/100
|-heal|p1a: Scrafty|91/100|[from] drain|[of] p2b: Kingambit
|move|p2a: Dragonite|Dragon Pulse|p1a: Scrafty
|-damage|p1a: Scrafty|50/100g
|
|-weather|SunnyDay|[upkeep]
|upkeep
|turn|5
|inactive|gluttorn has 30 seconds left.
|inactive|poke J compi has 30 seconds left.
|
|t:|1782483162
|switch|p1a: Farigiraf|Farigiraf, L50, F|22/100
|move|p1b: Torkoal|Heat Wave|p2a: Dragonite|[spread] p2a,p2b
|-resisted|p2a: Dragonite|1
|-supereffective|p2b: Kingambit|1
|-damage|p2a: Dragonite|57/100
|-damage|p2b: Kingambit|0 fnt
|faint|p2b: Kingambit
|-end|p2b: Kingambit|fallen1|[silent]
|move|p2a: Dragonite|Dragon Pulse|p1a: Farigiraf
|-damage|p1a: Farigiraf|0 fnt
|faint|p1a: Farigiraf
|
|-weather|SunnyDay|[upkeep]
|-fieldend|move: Trick Room
|upkeep
|
|t:|1782483180
|switch|p1a: Scrafty|Scrafty-Mega, L50, F|50/100g
|switch|p2b: Maushold|Maushold-Four, L50, shiny|100/100
|-ability|p1a: Scrafty|Intimidate|boost
|-unboost|p2a: Dragonite|atk|1
|-unboost|p2b: Maushold|atk|1
|turn|6
|
|t:|1782483203
|move|p2b: Maushold|Population Bomb|p1a: Scrafty
|-damage|p1a: Scrafty|43/100
|-damage|p1a: Scrafty|36/100
|-damage|p1a: Scrafty|29/100
|-damage|p1a: Scrafty|21/100
|-damage|p1a: Scrafty|13/100
|-damage|p1a: Scrafty|6/100
|-damage|p1a: Scrafty|0 fnt
|faint|p1a: Scrafty
|-hitcount|p1: Scrafty|7
|move|p2a: Dragonite|Dragon Pulse|p1b: Torkoal
|-damage|p1b: Torkoal|0 fnt
|faint|p1b: Torkoal
|
|-weather|SunnyDay|[upkeep]
|upkeep
|
|t:|1782483222
|switch|p1a: Hatterene|Hatterene, L50, F|100/100
|turn|7
|
|t:|1782483239
|move|p2a: Dragonite|Extreme Speed|p1a: Hatterene
|-damage|p1a: Hatterene|81/100
|move|p2b: Maushold|Tidy Up|p2b: Maushold
|-boost|p2b: Maushold|atk|1
|-boost|p2b: Maushold|spe|1
|move|p1a: Hatterene|Dazzling Gleam|p2a: Dragonite|[spread] p2a,p2b
|-supereffective|p2a: Dragonite|1
|-damage|p2a: Dragonite|0 fnt
|-damage|p2b: Maushold|30/100
|faint|p2a: Dragonite
|-damage|p1a: Hatterene|71/100|[from] item: Life Orb
|
|-weather|SunnyDay|[upkeep]
|upkeep
|turn|8
|
|t:|1782483257
|move|p2b: Maushold|Population Bomb|p1a: Hatterene
|-damage|p1a: Hatterene|56/100
|-damage|p1a: Hatterene|41/100
|-hitcount|p1a: Hatterene|2
|move|p1a: Hatterene|Psychic|p2b: Maushold
|-damage|p2b: Maushold|0 fnt
|faint|p2b: Maushold
|-damage|p1a: Hatterene|31/100|[from] item: Life Orb
|
|win|gluttorn
|inactive|gluttorn has 30 seconds to confirm battle start!
|inactive|poke J compi has 30 seconds to confirm battle start!
