|j|☆undershucklee
|j|☆MEGA FRAUD
|html|undershuckleeMEGA FRAUD    
|uhtml|bestof|Game 1 of a best-of-3
|t:|1785320770
|gametype|doubles
|player|p1|undershucklee|169|1229
|player|p2|MEGA FRAUD|266|1267
|gen|9
|tier|[Gen 9 Champions] VGC 2026 Reg M-B (Bo3)
|rated|
|rule|Species Clause: Limit one of each Pokémon
|rule|Item Clause: Limit 1 of each item
|clearpoke
|poke|p1|Farigiraf, L50, F|
|poke|p1|Torkoal, L50, M|
|poke|p1|Kingambit, L50, F|
|poke|p1|Lopunny, L50, M|
|poke|p1|Sinistcha, L50|
|poke|p1|Basculegion, L50, M|
|poke|p2|Tyranitar, L50, F|
|poke|p2|Excadrill, L50, F|
|poke|p2|Milotic, L50, F|
|poke|p2|Sinistcha, L50|
|poke|p2|Staraptor, L50, F|
|poke|p2|Gholdengo, L50|
|teampreview|4
|showteam|p1|Farigiraf||SitrusBerry|ArmorTail|HyperVoice,Psychic,AllySwitch,TrickRoom|Quiet||F|||50|]Torkoal||Charcoal|Drought|Eruption,HeatWave,SolarBeam,Protect|Quiet||M|||50|]Kingambit||BlackGlasses|Defiant|SuckerPunch,KowtowCleave,IronHead,Protect|Brave||F|||50|]Lopunny||Lopunnite|Limber|FakeOut,AfterYou,CloseCombat,Protect|Jolly||M|||50|]Sinistcha||Leftovers|Hospitality|MatchaGotcha,LifeDew,RagePowder,TrickRoom|Calm|||||50|]Basculegion||ChoiceScarf|Adaptability|AquaJet,WaveCrash,LastRespects,PsychicFangs|Jolly||M|||50|
|showteam|p2|Tyranitar||Tyranitarite|SandStream|KnockOff,RockSlide,LowKick,Protect|Jolly||F|||50|]Excadrill||FocusSash|SandRush|HighHorsepower,IronHead,RockSlide,Protect|Adamant||F|||50|]Milotic||SitrusBerry|Competitive|Scald,IcyWind,IceBeam,Protect|Calm||F|||50|]Sinistcha||ColburBerry|Hospitality|MatchaGotcha,ShadowBall,Protect,RagePowder|Bold|||||50|]Staraptor||Staraptite|Intimidate|CloseCombat,BraveBird,Tailwind,Protect|Jolly||F|||50|]Gholdengo||LifeOrb|GoodasGold|MakeItRain,ShadowBall,NastyPlot,Protect|Modest|||||50|
|inactive|Battle timer is ON: inactive players will automatically lose when time's up. (requested by MEGA FRAUD)
|
|t:|1785320800
|teamsize|p1|4
|teamsize|p2|4
|start
|switch|p1a: Torkoal|Torkoal, L50, M|100/100
|switch|p1b: Lopunny|Lopunny, L50, M|100/100
|switch|p2a: Sinistcha|Sinistcha, L50|100/100
|switch|p2b: Tyranitar|Tyranitar, L50, F|100/100
|-weather|Sandstorm|[from] ability: Sand Stream|[of] p2b: Tyranitar
|-weather|SunnyDay|[from] ability: Drought|[of] p1a: Torkoal
|turn|1
|inactive|undershucklee has 30 seconds left.
|
|t:|1785320828
|detailschange|p1b: Lopunny|Lopunny-Mega, L50, M
|-mega|p1b: Lopunny|Lopunny|Lopunnite
|move|p2b: Tyranitar|Protect|p2b: Tyranitar
|-singleturn|p2b: Tyranitar|Protect
|move|p2a: Sinistcha|Protect|p2a: Sinistcha
|-singleturn|p2a: Sinistcha|Protect
|move|p1b: Lopunny|After You|p1a: Torkoal
|-activate|p1a: Torkoal|move: After You
|move|p1a: Torkoal|Eruption|p2a: Sinistcha|[spread] 
|-activate|p2a: Sinistcha|move: Protect
|-activate|p2b: Tyranitar|move: Protect
|
|-weather|SunnyDay|[upkeep]
|upkeep
|turn|2
|inactive|undershucklee has 30 seconds left.
|
|t:|1785320855
|detailschange|p2b: Tyranitar|Tyranitar-Mega, L50, F
|-mega|p2b: Tyranitar|Tyranitar|Tyranitarite
|-weather|Sandstorm|[from] ability: Sand Stream|[of] p2b: Tyranitar
|move|p1a: Torkoal|Protect|p1a: Torkoal
|-singleturn|p1a: Torkoal|Protect
|move|p2a: Sinistcha|Rage Powder|p2a: Sinistcha
|-singleturn|p2a: Sinistcha|move: Rage Powder
|move|p1b: Lopunny|Close Combat|p2a: Sinistcha
|-damage|p2a: Sinistcha|49/100
|-unboost|p1b: Lopunny|def|1
|-unboost|p1b: Lopunny|spd|1
|move|p2b: Tyranitar|Rock Slide|p1b: Lopunny|[spread] p1b
|-activate|p1a: Torkoal|move: Protect
|-resisted|p1b: Lopunny|1
|-damage|p1b: Lopunny|68/100
|
|-weather|Sandstorm|[upkeep]
|-damage|p1b: Lopunny|62/100|[from] Sandstorm
|-damage|p2a: Sinistcha|44/100|[from] Sandstorm
|-damage|p1a: Torkoal|93/100|[from] Sandstorm
|upkeep
|turn|3
|
|t:|1785320877
|switch|p1a: Sinistcha|Sinistcha, L50|100/100
|-heal|p1b: Lopunny|87/100|[from] ability: Hospitality|[of] p1a: Sinistcha
|move|p1b: Lopunny|Protect|p1b: Lopunny
|-singleturn|p1b: Lopunny|Protect
|move|p2a: Sinistcha|Rage Powder|p2a: Sinistcha
|-singleturn|p2a: Sinistcha|move: Rage Powder
|move|p2b: Tyranitar|Low Kick|p1b: Lopunny
|-activate|p1b: Lopunny|move: Protect
|
|-weather|Sandstorm|[upkeep]
|-damage|p1b: Lopunny|81/100|[from] Sandstorm
|-damage|p2a: Sinistcha|38/100|[from] Sandstorm
|-damage|p1a: Sinistcha|93/100|[from] Sandstorm
|-heal|p1a: Sinistcha|100/100|[from] item: Leftovers
|upkeep
|turn|4
|
|t:|1785320895
|switch|p1b: Basculegion|Basculegion, L50, M|100/100
|move|p2a: Sinistcha|Rage Powder|p2a: Sinistcha
|-singleturn|p2a: Sinistcha|move: Rage Powder
|move|p2b: Tyranitar|Knock Off|p1a: Sinistcha
|-supereffective|p1a: Sinistcha|1
|-damage|p1a: Sinistcha|12/100
|-enditem|p1a: Sinistcha|Leftovers|[from] move: Knock Off|[of] p2b: Tyranitar
|move|p1a: Sinistcha|Matcha Gotcha|p2b: Tyranitar|[spread] p2a
|-miss|p1a: Sinistcha|p2b: Tyranitar
|-resisted|p2a: Sinistcha|1
|-damage|p2a: Sinistcha|25/100
|-heal|p1a: Sinistcha|18/100|[from] drain|[of] p2a: Sinistcha
|
|-weather|Sandstorm|[upkeep]
|-damage|p1b: Basculegion|93/100|[from] Sandstorm
|-damage|p1a: Sinistcha|12/100|[from] Sandstorm
|-damage|p2a: Sinistcha|20/100r|[from] Sandstorm
|upkeep
|turn|5
|inactive|undershucklee has 30 seconds left.
|
|t:|1785320920
|switch|p2a: Staraptor|Staraptor, L50, F|100/100
|-ability|p2a: Staraptor|Intimidate|boost
|-unboost|p1a: Sinistcha|atk|1
|-unboost|p1b: Basculegion|atk|1
|move|p1a: Sinistcha|Rage Powder|p1a: Sinistcha
|-singleturn|p1a: Sinistcha|move: Rage Powder
|move|p1b: Basculegion|Wave Crash|p2b: Tyranitar
|-supereffective|p2b: Tyranitar|1
|-damage|p2b: Tyranitar|39/100
|-damage|p1b: Basculegion|74/100|[from] Recoil
|move|p2b: Tyranitar|Knock Off|p1a: Sinistcha
|-supereffective|p1a: Sinistcha|1
|-damage|p1a: Sinistcha|0 fnt
|faint|p1a: Sinistcha
|
|-weather|Sandstorm|[upkeep]
|-damage|p1b: Basculegion|68/100|[from] Sandstorm
|-damage|p2a: Staraptor|94/100|[from] Sandstorm
|upkeep
|
|t:|1785320937
|switch|p1a: Lopunny|Lopunny-Mega, L50, M|81/100
|turn|6
|
|t:|1785320959
|switch|p1b: Torkoal|Torkoal, L50, M|93/100
|-weather|SunnyDay|[from] ability: Drought|[of] p1b: Torkoal
|move|p1a: Lopunny|Fake Out|p2a: Staraptor
|-damage|p2a: Staraptor|67/100
|cant|p2a: Staraptor|flinch
|move|p2b: Tyranitar|Low Kick|p1a: Lopunny
|-supereffective|p1a: Lopunny|1
|-damage|p1a: Lopunny|21/100
|
|-weather|SunnyDay|[upkeep]
|upkeep
|turn|7
|
|t:|1785320977
|switch|p2b: Sinistcha|Sinistcha, L50|20/100r
|-heal|p2a: Staraptor|92/100|[from] ability: Hospitality|[of] p2b: Sinistcha
|move|p2a: Staraptor|Protect|p2a: Staraptor
|-singleturn|p2a: Staraptor|Protect
|move|p1a: Lopunny|After You|p1b: Torkoal
|-activate|p1b: Torkoal|move: After You
|move|p1b: Torkoal|Eruption|p2b: Sinistcha|[spread] p2b
|-activate|p2a: Staraptor|move: Protect
|-supereffective|p2b: Sinistcha|1
|-damage|p2b: Sinistcha|0 fnt
|faint|p2b: Sinistcha
|
|-weather|SunnyDay|[upkeep]
|upkeep
|
|t:|1785320981
|switch|p2b: Milotic|Milotic, L50, F|100/100
|turn|8
|
|t:|1785320997
|switch|p2a: Tyranitar|Tyranitar-Mega, L50, F|39/100
|-weather|Sandstorm|[from] ability: Sand Stream|[of] p2a: Tyranitar
|move|p1a: Lopunny|After You|p1b: Torkoal
|-activate|p1b: Torkoal|move: After You
|move|p1b: Torkoal|Solar Beam||[still]
|-prepare|p1b: Torkoal|Solar Beam
|move|p2b: Milotic|Scald|p1a: Lopunny
|-damage|p1a: Lopunny|0 fnt
|faint|p1a: Lopunny
|
|-weather|Sandstorm|[upkeep]
|-damage|p2b: Milotic|94/100|[from] Sandstorm
|-damage|p1b: Torkoal|87/100|[from] Sandstorm
|upkeep
|
|t:|1785321009
|switch|p1a: Basculegion|Basculegion, L50, M|68/100
|turn|9
|
|t:|1785321021
|move|p1a: Basculegion|Wave Crash|p2a: Tyranitar
|-supereffective|p2a: Tyranitar|1
|-damage|p2a: Tyranitar|0 fnt
|faint|p2a: Tyranitar
|-damage|p1a: Basculegion|55/100|[from] Recoil
|move|p2b: Milotic|Scald|p1b: Torkoal
|-supereffective|p1b: Torkoal|1
|-damage|p1b: Torkoal|18/100
|move|p1b: Torkoal|Solar Beam|p2b: Milotic|[from] lockedmove
|-supereffective|p2b: Milotic|1
|-damage|p2b: Milotic|68/100
|
|-weather|Sandstorm|[upkeep]
|-damage|p1a: Basculegion|49/100|[from] Sandstorm
|-damage|p2b: Milotic|63/100|[from] Sandstorm
|-damage|p1b: Torkoal|12/100|[from] Sandstorm
|upkeep
|
|t:|1785321024
|switch|p2a: Staraptor|Staraptor, L50, F|92/100
|-ability|p2a: Staraptor|Intimidate|boost
|-unboost|p1a: Basculegion|atk|1
|-unboost|p1b: Torkoal|atk|1
|turn|10
|
|t:|1785321046
|move|p2a: Staraptor|Protect|p2a: Staraptor
|-singleturn|p2a: Staraptor|Protect
|move|p1a: Basculegion|Wave Crash|p2a: Staraptor
|-activate|p2a: Staraptor|move: Protect
|move|p2b: Milotic|Scald|p1a: Basculegion
|-resisted|p1a: Basculegion|1
|-damage|p1a: Basculegion|32/100
|-status|p1a: Basculegion|brn
|move|p1b: Torkoal|Solar Beam||[still]
|-prepare|p1b: Torkoal|Solar Beam
|
|-weather|Sandstorm|[upkeep]
|-damage|p1a: Basculegion|26/100 brn|[from] Sandstorm
|-damage|p2a: Staraptor|86/100|[from] Sandstorm
|-damage|p2b: Milotic|57/100|[from] Sandstorm
|-damage|p1b: Torkoal|6/100|[from] Sandstorm
|-damage|p1a: Basculegion|20/100y brn|[from] brn
|upkeep
|turn|11
|
|t:|1785321064
|move|p1a: Basculegion|Wave Crash|p2a: Staraptor
|-damage|p2a: Staraptor|57/100
|-damage|p1a: Basculegion|11/100 brn|[from] Recoil
|move|p2a: Staraptor|Brave Bird|p1a: Basculegion
|-damage|p1a: Basculegion|0 fnt
|faint|p1a: Basculegion
|-damage|p2a: Staraptor|53/100|[from] Recoil
|move|p2b: Milotic|Scald|p1b: Torkoal
|-supereffective|p1b: Torkoal|1
|-damage|p1b: Torkoal|0 fnt
|faint|p1b: Torkoal
|
|win|MEGA FRAUD
||undershucklee is ready for game 2.
||MEGA FRAUD is ready for game 2.
|uhtml|next|Next: Game 2 of 3
|l|☆undershucklee
|player|p1|
