|j|☆Plastic Ocean
|j|☆SirVala
|html|Plastic OceanSirVala    
|uhtml|bestof|Game 1 of a best-of-3
|t:|1756856760
|gametype|doubles
|player|p1|Plastic Ocean|sisandbro|1299
|player|p2|SirVala|bruno|1265
|gen|9
|tier|[Gen 9] VGC 2025 Reg H (Bo3)
|rated|
|rule|Species Clause: Limit one of each Pokémon
|rule|Item Clause: Limit 1 of each item
|clearpoke
|poke|p1|Dragonite, L50, M|
|poke|p1|Gholdengo, L50|
|poke|p1|Rillaboom, L50, M|
|poke|p1|Ursaluna-Bloodmoon, L50, M|
|poke|p1|Maushold-Four, L50|
|poke|p1|Annihilape, L50, F|
|poke|p2|Garchomp, L50, F|
|poke|p2|Dragonite, L50, F|
|poke|p2|Amoonguss, L50, M|
|poke|p2|Incineroar, L50, M|
|poke|p2|Ninetales-Alola, L50, F|
|poke|p2|Kingambit, L50, M|
|teampreview|4
|showteam|p1|Dragonite||LoadedDice|Multiscale|ScaleShot,Tailwind,Haze,Protect|||M|||50|,,,,,Fairy]Gholdengo||LifeOrb|GoodasGold|MakeItRain,ShadowBall,NastyPlot,Protect||||||50|,,,,,Water]Rillaboom||MiracleSeed|GrassySurge|WoodHammer,GrassyGlide,FakeOut,HighHorsepower|||M|||50|,,,,,Fire]Ursaluna-Bloodmoon||AssaultVest|MindsEye|BloodMoon,EarthPower,VacuumWave,HyperVoice|||M|||50|,,,,,Water]Maushold-Four||FocusSash|FriendGuard|SuperFang,FollowMe,BeatUp,Protect||||||50|,,,,,Ghost]Annihilape||SitrusBerry|Defiant|RageFist,DrainPunch,BulkUp,Protect|||F|||50|,,,,,Fire
|showteam|p2|Garchomp||ChoiceBand|RoughSkin|Earthquake,DragonClaw,StompingTantrum,IronHead|||F|||50|,,,,,Steel]Dragonite||LoadedDice|Multiscale|ScaleShot,ExtremeSpeed,LowKick,Protect|||F|||50|,,,,,Fairy]Amoonguss||SitrusBerry|Regenerator|PollenPuff,ClearSmog,Spore,RagePowder|||M|||50|,,,,,Water]Incineroar||SafetyGoggles|Intimidate|FlareBlitz,KnockOff,FakeOut,PartingShot|||M|||50|,,,,,Ghost]Ninetales-Alola||ChoiceSpecs|SnowWarning|Blizzard,IceBeam,Moonblast,FreezeDry|||F|||50|,,,,,Ice]Kingambit||AssaultVest|Defiant|KowtowCleave,IronHead,SuckerPunch,LowKick|||M|||50|,,,,,Dark
|
|t:|1756856838
|teamsize|p1|4
|teamsize|p2|4
|start
|switch|p1a: Gholdengo|Gholdengo, L50|100/100
|switch|p1b: Dragonite|Dragonite, L50, M|100/100
|switch|p2a: Amoonguss|Amoonguss, L50, M|100/100
|switch|p2b: Ninetales|Ninetales-Alola, L50, F|100/100
|-weather|Snowscape|[from] ability: Snow Warning|[of] p2b: Ninetales
|turn|1
|
|t:|1756856874
|switch|p2b: Incineroar|Incineroar, L50, M|100/100
|-ability|p2b: Incineroar|Intimidate|boost
|-unboost|p1a: Gholdengo|atk|1
|-unboost|p1b: Dragonite|atk|1
|move|p1b: Dragonite|Protect|p1b: Dragonite
|-singleturn|p1b: Dragonite|Protect
|move|p1a: Gholdengo|Nasty Plot|p1a: Gholdengo
|-boost|p1a: Gholdengo|spa|2
|move|p2a: Amoonguss|Spore|p1b: Dragonite
|-activate|p1b: Dragonite|move: Protect
|
|-weather|Snowscape|[upkeep]
|upkeep
|turn|2
|
|t:|1756856933
|-terastallize|p1a: Gholdengo|Water
|-terastallize|p2a: Amoonguss|Water
|move|p1a: Gholdengo|Nasty Plot|p1a: Gholdengo
|-boost|p1a: Gholdengo|spa|2
|move|p1b: Dragonite|Tailwind|p1b: Dragonite
|-sidestart|p1: Plastic Ocean|move: Tailwind
|move|p2b: Incineroar|Knock Off|p1a: Gholdengo
|-damage|p1a: Gholdengo|60/100
|-enditem|p1a: Gholdengo|Life Orb|[from] move: Knock Off|[of] p2b: Incineroar
|move|p2a: Amoonguss|Spore|p1b: Dragonite
|-status|p1b: Dragonite|slp|[from] move: Spore
|
|-weather|Snowscape|[upkeep]
|upkeep
|turn|3
|
|t:|1756856962
|switch|p1b: Rillaboom|Rillaboom, L50, M|100/100
|-fieldstart|move: Grassy Terrain|[from] ability: Grassy Surge|[of] p1b: Rillaboom
|move|p1a: Gholdengo|Shadow Ball|p2a: Amoonguss
|-damage|p2a: Amoonguss|1/100
|-unboost|p2a: Amoonguss|spd|1
|-enditem|p2a: Amoonguss|Sitrus Berry|[eat]
|-heal|p2a: Amoonguss|26/100|[from] item: Sitrus Berry
|move|p2b: Incineroar|Knock Off|p1a: Gholdengo
|-damage|p1a: Gholdengo|32/100
|move|p2a: Amoonguss|Clear Smog|p1a: Gholdengo
|-damage|p1a: Gholdengo|16/100
|-clearboost|p1a: Gholdengo
|
|-weather|Snowscape|[upkeep]
|-heal|p1a: Gholdengo|22/100|[from] Grassy Terrain
|-heal|p2a: Amoonguss|32/100|[from] Grassy Terrain
|upkeep
|turn|4
|
|t:|1756857023
|move|p1a: Gholdengo|Shadow Ball|p2a: Amoonguss
|-damage|p2a: Amoonguss|0 fnt
|faint|p2a: Amoonguss
|move|p1b: Rillaboom|High Horsepower|p2b: Incineroar
|-supereffective|p2b: Incineroar
|-damage|p2b: Incineroar|38/100
|move|p2b: Incineroar|Knock Off|p1a: Gholdengo
|-damage|p1a: Gholdengo|0 fnt
|faint|p1a: Gholdengo
|
|-weather|Snowscape|[upkeep]
|-heal|p2b: Incineroar|44/100|[from] Grassy Terrain
|upkeep
|
|t:|1756857039
|switch|p1a: Maushold|Maushold-Four, L50|100/100
|switch|p2a: Ninetales|Ninetales-Alola, L50, F|100/100
|turn|5
|
|t:|1756857071
|switch|p2a: Garchomp|Garchomp, L50, F|100/100
|move|p1a: Maushold|Super Fang|p2a: Garchomp
|-damage|p2a: Garchomp|51/100
|-damage|p1a: Maushold|88/100|[from] ability: Rough Skin|[of] p2a: Garchomp
|move|p1b: Rillaboom|Wood Hammer|p2a: Garchomp
|-damage|p2a: Garchomp|0 fnt
|-damage|p1b: Rillaboom|88/100|[from] ability: Rough Skin|[of] p2a: Garchomp
|faint|p2a: Garchomp
|-damage|p1b: Rillaboom|74/100|[from] Recoil
|move|p2b: Incineroar|Knock Off|p1a: Maushold
|-damage|p1a: Maushold|43/100
|-enditem|p1a: Maushold|Focus Sash|[from] move: Knock Off|[of] p2b: Incineroar
|
|-weather|none
|-heal|p1a: Maushold|49/100|[from] Grassy Terrain
|-heal|p1b: Rillaboom|80/100|[from] Grassy Terrain
|-heal|p2b: Incineroar|50/100|[from] Grassy Terrain
|-sideend|p1: Plastic Ocean|move: Tailwind
|upkeep
|
|t:|1756857088
|switch|p2a: Ninetales|Ninetales-Alola, L50, F|100/100
|-weather|Snowscape|[from] ability: Snow Warning|[of] p2a: Ninetales
|turn|6
|
|t:|1756857106
|move|p2a: Ninetales|Blizzard|p1a: Maushold|[spread] p1a,p1b
|-supereffective|p1b: Rillaboom
|-damage|p1a: Maushold|0 fnt
|-damage|p1b: Rillaboom|10/100
|faint|p1a: Maushold
|move|p1b: Rillaboom|Wood Hammer|p2a: Ninetales
|-damage|p2a: Ninetales|11/100
|-damage|p1b: Rillaboom|0 fnt|[from] Recoil
|faint|p1b: Rillaboom
|move|p2b: Incineroar|Flare Blitz|p1: Maushold|[notarget]
|-fail|p2b: Incineroar
|
|-weather|Snowscape|[upkeep]
|-heal|p2a: Ninetales|16/100|[from] Grassy Terrain
|-heal|p2b: Incineroar|56/100|[from] Grassy Terrain
|upkeep
|-message|Plastic Ocean forfeited.
|
|win|SirVala
|l|☆Plastic Ocean
|player|p1|
||SirVala is ready for game 2.
||Plastic Ocean is ready for game 2.
|uhtml|next|Next: Game 2 of 3
