|j|☆Pokeventurer
|j|☆BigToner
|html|PokeventurerBigToner    
|uhtml|bestof|Game 1 of a best-of-3
|t:|1757102933
|gametype|doubles
|player|p1|Pokeventurer|2|1114
|player|p2|BigToner|roughneck|1021
|gen|9
|tier|[Gen 9] VGC 2025 Reg H (Bo3)
|rated|
|rule|Species Clause: Limit one of each Pokémon
|rule|Item Clause: Limit 1 of each item
|clearpoke
|poke|p1|Basculegion, L50, M|
|poke|p1|Pelipper, L50, M|
|poke|p1|Archaludon, L50, M|
|poke|p1|Rillaboom, L50, M|
|poke|p1|Maushold, L50|
|poke|p1|Annihilape, L50, F|
|poke|p2|Kingambit, L50, M|
|poke|p2|Rillaboom, L50, F|
|poke|p2|Tauros-Paldea-Aqua, L50, M|
|poke|p2|Clefable, L50, F|
|poke|p2|Volcarona, L50, F|
|poke|p2|Sneasler, L50, M|
|teampreview|4
|showteam|p1|Basculegion||ChoiceBand|SwiftSwim|WaveCrash,FlipTurn,LastRespects,AquaJet|||M|||50|,,,,,Water]Pelipper||FocusSash|Drizzle|WeatherBall,Hurricane,Tailwind,Protect|||M|||50|,,,,,Stellar]Archaludon||AssaultVest|Stamina|ElectroShot,FlashCannon,Snarl,BodyPress|||M|||50|,,,,,Grass]Rillaboom||CobaBerry|GrassySurge|FakeOut,GrassyGlide,WoodHammer,Uturn|||M|||50|,,,,,Steel]Maushold||CovertCloak|FriendGuard|FollowMe,BeatUp,SuperFang,Taunt||||||50|,,,,,Ghost]Annihilape||SafetyGoggles|Defiant|DrainPunch,RageFist,BulkUp,Protect|||F|||50|,,,,,Fire
|showteam|p2|Kingambit||BlackGlasses|Defiant|KowtowCleave,Protect,SwordsDance,SuckerPunch|||M|||50|,,,,,Ghost]Rillaboom||AssaultVest|GrassySurge|KnockOff,WoodHammer,GrassyGlide,FakeOut|||F|||50|,,,,,Fire]Tauros-Paldea-Aqua||MirrorHerb|Intimidate|AquaJet,Protect,WaveCrash,CloseCombat|||M|||50|,,,,,Water]Clefable||SafetyGoggles|Unaware|Protect,HelpingHand,Moonblast,FollowMe|||F|||50|,,,,,Water]Volcarona||Leftovers|FlameBody|QuiverDance,HeatWave,GigaDrain,Protect|||F|||50|,,,,,Grass]Sneasler||FocusSash|PoisonTouch|DireClaw,Protect,CloseCombat,FakeOut|||M|||50|,,,,,Stellar
|inactive|Battle timer is ON: inactive players will automatically lose when time's up. (requested by BigToner)
|inactive|Pokeventurer has 60 seconds left.
|
|t:|1757102985
|teamsize|p1|4
|teamsize|p2|4
|start
|switch|p1a: London Paris&Tokyo|Archaludon, L50, M|100/100
|switch|p1b: BigMouth|Pelipper, L50, M|100/100
|switch|p2a: Clefable|Clefable, L50, F|100/100
|switch|p2b: Tauros|Tauros-Paldea-Aqua, L50, M|100/100
|-ability|p2b: Tauros|Intimidate|boost
|-unboost|p1a: London Paris&Tokyo|atk|1
|-unboost|p1b: BigMouth|atk|1
|-weather|RainDance|[from] ability: Drizzle|[of] p1b: BigMouth
|turn|1
|inactive|Pokeventurer has 30 seconds left.
|inactive|BigToner has 30 seconds left.
|inactive|Pokeventurer has 20 seconds left.
|
|t:|1757103024
|move|p2b: Tauros|Wave Crash|p1b: BigMouth
|-resisted|p1b: BigMouth
|-damage|p1b: BigMouth|41/100
|-damage|p2b: Tauros|83/100|[from] Recoil
|move|p1a: London Paris&Tokyo|Electro Shot||[still]
|-prepare|p1a: London Paris&Tokyo|Electro Shot
|-boost|p1a: London Paris&Tokyo|spa|1
|-anim|p1a: London Paris&Tokyo|Electro Shot|p2b: Tauros
|-supereffective|p2b: Tauros
|-damage|p2b: Tauros|0 fnt
|faint|p2b: Tauros
|move|p1b: BigMouth|Hurricane|p2a: Clefable
|-damage|p2a: Clefable|54/100
|move|p2a: Clefable|Moonblast|p1b: BigMouth
|-damage|p1b: BigMouth|0 fnt
|faint|p1b: BigMouth
|
|-weather|RainDance|[upkeep]
|upkeep
|inactive|Pokeventurer has 30 seconds left.
|
|t:|1757103049
|switch|p2b: Sneasler|Sneasler, L50, M|100/100
|switch|p1b: MouseySee|Maushold, L50|100/100
|turn|2
|
|t:|1757103066
|-terastallize|p2b: Sneasler|Stellar
|-terastallize|p1b: MouseySee|Ghost
|move|p1b: MouseySee|Follow Me|p1b: MouseySee
|-singleturn|p1b: MouseySee|move: Follow Me
|move|p2a: Clefable|Follow Me|p2a: Clefable
|-singleturn|p2a: Clefable|move: Follow Me
|move|p2b: Sneasler|Close Combat|p1b: MouseySee
|-immune|p1b: MouseySee
|move|p1a: London Paris&Tokyo|Flash Cannon|p2a: Clefable
|-supereffective|p2a: Clefable
|-damage|p2a: Clefable|0 fnt
|faint|p2a: Clefable
|
|-weather|RainDance|[upkeep]
|upkeep
|
|t:|1757103079
|switch|p2a: Rillaboom|Rillaboom, L50, F|100/100
|-fieldstart|move: Grassy Terrain|[from] ability: Grassy Surge|[of] p2a: Rillaboom
|turn|3
|
|t:|1757103096
|move|p2b: Sneasler|Protect|p2b: Sneasler
|-singleturn|p2b: Sneasler|Protect
|move|p1b: MouseySee|Follow Me|p1b: MouseySee
|-singleturn|p1b: MouseySee|move: Follow Me
|move|p1a: London Paris&Tokyo|Electro Shot||[still]
|-prepare|p1a: London Paris&Tokyo|Electro Shot
|-boost|p1a: London Paris&Tokyo|spa|1
|-anim|p1a: London Paris&Tokyo|Electro Shot|p2b: Sneasler
|-activate|p2b: Sneasler|move: Protect
|move|p2a: Rillaboom|Knock Off|p1b: MouseySee
|-supereffective|p1b: MouseySee
|-damage|p1b: MouseySee|10/100
|-enditem|p1b: MouseySee|Covert Cloak|[from] move: Knock Off|[of] p2a: Rillaboom
|
|-weather|RainDance|[upkeep]
|-heal|p1b: MouseySee|16/100|[from] Grassy Terrain
|upkeep
|turn|4
|
|t:|1757103112
|move|p1b: MouseySee|Follow Me|p1b: MouseySee
|-singleturn|p1b: MouseySee|move: Follow Me
|move|p2a: Rillaboom|Grassy Glide|p1b: MouseySee
|-damage|p1b: MouseySee|0 fnt
|faint|p1b: MouseySee
|move|p2b: Sneasler|Close Combat|p1a: London Paris&Tokyo
|-supereffective|p1a: London Paris&Tokyo
|-crit|p1a: London Paris&Tokyo
|-damage|p1a: London Paris&Tokyo|0 fnt
|-unboost|p2b: Sneasler|def|1
|-unboost|p2b: Sneasler|spd|1
|faint|p1a: London Paris&Tokyo
|
|-weather|RainDance|[upkeep]
|upkeep
|
|t:|1757103127
|switch|p1a: MonkeyDo2|Rillaboom, L50, M|100/100
|turn|5
|
|t:|1757103137
|move|p1a: MonkeyDo2|Fake Out|p2b: Sneasler
|-damage|p2b: Sneasler|70/100
|cant|p2b: Sneasler|flinch
|move|p2a: Rillaboom|Knock Off|p1a: MonkeyDo2
|-damage|p1a: MonkeyDo2|68/100
|-enditem|p1a: MonkeyDo2|Coba Berry|[from] move: Knock Off|[of] p2a: Rillaboom
|
|-weather|none
|-heal|p2b: Sneasler|76/100|[from] Grassy Terrain
|-heal|p1a: MonkeyDo2|74/100|[from] Grassy Terrain
|upkeep
|turn|6
|
|t:|1757103150
|move|p2b: Sneasler|Protect|p2b: Sneasler
|-singleturn|p2b: Sneasler|Protect
|move|p1a: MonkeyDo2|U-turn|p2a: Rillaboom
|-supereffective|p2a: Rillaboom
|-damage|p2a: Rillaboom|65/100
|move|p2a: Rillaboom|Wood Hammer|p1a: MonkeyDo2
|-resisted|p1a: MonkeyDo2
|-damage|p1a: MonkeyDo2|35/100
|-damage|p2a: Rillaboom|52/100|[from] Recoil
|
|-heal|p2b: Sneasler|82/100|[from] Grassy Terrain
|-heal|p1a: MonkeyDo2|41/100|[from] Grassy Terrain
|-heal|p2a: Rillaboom|58/100|[from] Grassy Terrain
|upkeep
|turn|7
|
|t:|1757103165
|move|p2b: Sneasler|Dire Claw|p1a: MonkeyDo2
|-supereffective|p1a: MonkeyDo2
|-damage|p1a: MonkeyDo2|0 fnt
|faint|p1a: MonkeyDo2
|
|win|BigToner
||Pokeventurer is ready for game 2.
||BigToner is ready for game 2.
|uhtml|next|Next: Game 2 of 3
