|j|☆ToastedArt
|j|☆panikd
|html|ToastedArtpanikd    
|uhtml|bestof|Game 1 of a best-of-3
|t:|1785257014
|gametype|doubles
|player|p1|ToastedArt|iris|1092
|player|p2|panikd|1|1013
|gen|9
|tier|[Gen 9 Champions] VGC 2026 Reg M-B (Bo3)
|rated|
|rule|Species Clause: Limit one of each Pokémon
|rule|Item Clause: Limit 1 of each item
|clearpoke
|poke|p1|Vanilluxe, L50, M, shiny|
|poke|p1|Sneasler, L50, M|
|poke|p1|Sinistcha, L50, shiny|
|poke|p1|Raichu, L50, F|
|poke|p1|Incineroar, L50, M|
|poke|p1|Azumarill, L50, M|
|poke|p2|Falinks, L50|
|poke|p2|Garchomp, L50, M|
|poke|p2|Kingambit, L50, M|
|poke|p2|Scovillain, L50, M, shiny|
|poke|p2|Dragalge, L50, F, shiny|
|poke|p2|Farigiraf, L50, F|
|teampreview|4
|showteam|p1|Vanilluxe||ChoiceScarf|SnowWarning|Blizzard,FreezeDry,IcyWind,SheerCold|Timid||M|||50|]Sneasler||FocusSash|PoisonTouch|PoisonJab,CloseCombat,FakeOut,Taunt|Adamant||M|||50|]Sinistcha||ColburBerry|Hospitality|MatchaGotcha,RagePowder,TrickRoom,Protect|Bold|||||50|]Raichu||RaichuniteY|LightningRod|ZapCannon,FocusBlast,Substitute,Protect|Timid||F|||50|]Incineroar||Charcoal|Intimidate|FlareBlitz,ThroatChop,FakeOut,PartingShot|Adamant||M|||50|]Azumarill||SitrusBerry|HugePower|PlayRough,AquaJet,BellyDrum,Protect|Adamant||M|||50|
|showteam|p2|Falinks||Falinksite|Defiant|CloseCombat,NoRetreat,Megahorn,RockSlide|Jolly|||||50|]Garchomp||LifeOrb|RoughSkin|Earthquake,DragonClaw,RockSlide,Protect|Jolly||M|||50|]Kingambit||BlackGlasses|SupremeOverlord|SuckerPunch,IronHead,PoisonJab,Protect|Adamant||M|||50|]Scovillain||Leftovers|Moody|RagePowder,HelpingHand,LeechSeed,SuperFang|Calm||M|||50|]Dragalge||Dragalgite|Adaptability|SludgeWave,ShadowBall,DracoMeteor,Protect|Modest||F|||50|]Farigiraf||MentalHerb|ArmorTail|TrickRoom,DazzlingGleam,CalmMind,Thunderbolt|Quiet||F|||50|
|inactive|Battle timer is ON: inactive players will automatically lose when time's up. (requested by ToastedArt)
|
|t:|1785257038
|teamsize|p1|4
|teamsize|p2|4
|start
|switch|p1a: Ol' Betsy|Raichu, L50, F|100/100
|switch|p1b: Sneasler|Sneasler, L50, M|100/100
|switch|p2a: Isabelle|Farigiraf, L50, F|100/100
|switch|p2b: Doofenshmirtz|Dragalge, L50, F, shiny|100/100
|turn|1
|
|t:|1785257060
|detailschange|p1a: Ol' Betsy|Raichu-Mega-Y, L50, F
|-mega|p1a: Ol' Betsy|Raichu|Raichunite Y
|detailschange|p2b: Doofenshmirtz|Dragalge-Mega, L50, F, shiny
|-mega|p2b: Doofenshmirtz|Dragalge|Dragalgite
|move|p2b: Doofenshmirtz|Protect|p2b: Doofenshmirtz
|-singleturn|p2b: Doofenshmirtz|Protect
|move|p1a: Ol' Betsy|Substitute|p1a: Ol' Betsy
|-start|p1a: Ol' Betsy|Substitute
|-damage|p1a: Ol' Betsy|75/100
|move|p1b: Sneasler|Taunt|p2a: Isabelle
|-start|p2a: Isabelle|move: Taunt
|-enditem|p2a: Isabelle|Mental Herb
|-end|p2a: Isabelle|move: Taunt
|move|p2a: Isabelle|Trick Room|p2a: Isabelle
|-fieldstart|move: Trick Room|[of] p2a: Isabelle
|
|upkeep
|turn|2
|inactive|ToastedArt has 30 seconds left.
|inactive|panikd has 30 seconds left.
|
|t:|1785257095
|switch|p2a: Ferb|Garchomp, L50, M|100/100
|switch|p1b: Pickle Cup|Sinistcha, L50, shiny|100/100
|-heal|p1a: Ol' Betsy|100/100|[from] ability: Hospitality|[of] p1b: Pickle Cup
|move|p2b: Doofenshmirtz|Shadow Ball|p1a: Ol' Betsy
|-end|p1a: Ol' Betsy|Substitute
|move|p1a: Ol' Betsy|Focus Blast|p2a: Ferb
|-damage|p2a: Ferb|57/100
|-unboost|p2a: Ferb|spd|1
|
|upkeep
|turn|3
|
|t:|1785257113
|switch|p1a: Vanilluxe|Vanilluxe, L50, M, shiny|100/100
|-weather|Snowscape|[from] ability: Snow Warning|[of] p1a: Vanilluxe
|move|p2b: Doofenshmirtz|Shadow Ball|p1b: Pickle Cup
|-supereffective|p1b: Pickle Cup|1
|-damage|p1b: Pickle Cup|37/100
|move|p2a: Ferb|Rock Slide|p1a: Vanilluxe|[spread] p1a,p1b
|-supereffective|p1a: Vanilluxe|1
|-crit|p1a: Vanilluxe
|-damage|p1a: Vanilluxe|28/100
|-damage|p1b: Pickle Cup|12/100
|-damage|p2a: Ferb|47/100|[from] item: Life Orb
|move|p1b: Pickle Cup|Trick Room|p1b: Pickle Cup
|-fieldend|move: Trick Room
|
|-weather|Snowscape|[upkeep]
|upkeep
|turn|4
|
|t:|1785257128
|switch|p1b: Sneasler|Sneasler, L50, M|100/100
|move|p2b: Doofenshmirtz|Protect|p2b: Doofenshmirtz
|-singleturn|p2b: Doofenshmirtz|Protect
|move|p1a: Vanilluxe|Blizzard|p2b: Doofenshmirtz|[spread] p2a
|-activate|p2b: Doofenshmirtz|move: Protect
|-supereffective|p2a: Ferb|2
|-damage|p2a: Ferb|0 fnt
|faint|p2a: Ferb
|
|-weather|Snowscape|[upkeep]
|upkeep
|
|t:|1785257141
|switch|p2a: Isabelle|Farigiraf, L50, F|100/100
|turn|5
|
|t:|1785257148
|move|p1a: Vanilluxe|Blizzard|p2b: Doofenshmirtz|[spread] p2a,p2b
|-supereffective|p2b: Doofenshmirtz|1
|-damage|p2a: Isabelle|59/100
|-damage|p2b: Doofenshmirtz|50/100y
|move|p1b: Sneasler|Taunt|p2a: Isabelle
|-start|p2a: Isabelle|move: Taunt
|move|p2a: Isabelle|Dazzling Gleam|p1b: Sneasler|[spread] p1a,p1b
|-damage|p1a: Vanilluxe|4/100
|-damage|p1b: Sneasler|69/100
|move|p2b: Doofenshmirtz|Sludge Wave|p1b: Sneasler|[spread] p2a,p1a,p1b
|-resisted|p1b: Sneasler|1
|-damage|p2a: Isabelle|21/100
|-damage|p1a: Vanilluxe|0 fnt
|-damage|p1b: Sneasler|40/100
|faint|p1a: Vanilluxe
|
|-weather|Snowscape|[upkeep]
|upkeep
|
|t:|1785257162
|switch|p1a: Ol' Betsy|Raichu-Mega-Y, L50, F|100/100
|turn|6
|
|t:|1785257182
|move|p1a: Ol' Betsy|Zap Cannon|p2b: Doofenshmirtz
|-resisted|p2b: Doofenshmirtz|1
|-damage|p2b: Doofenshmirtz|29/100
|-status|p2b: Doofenshmirtz|par
|move|p1b: Sneasler|Close Combat|p2a: Isabelle
|-damage|p2a: Isabelle|0 fnt
|-unboost|p1b: Sneasler|def|1
|-unboost|p1b: Sneasler|spd|1
|faint|p2a: Isabelle
|move|p2b: Doofenshmirtz|Draco Meteor|p1a: Ol' Betsy
|-damage|p1a: Ol' Betsy|7/100
|-unboost|p2b: Doofenshmirtz|spa|2
|
|-weather|Snowscape|[upkeep]
|upkeep
|
|t:|1785257195
|switch|p2a: Phineas|Kingambit, L50, M|100/100
|-activate|p2a: Phineas|ability: Supreme Overlord
|-start|p2a: Phineas|fallen2|[silent]
|turn|7
|
|t:|1785257203
|move|p2a: Phineas|Protect|p2a: Phineas
|-singleturn|p2a: Phineas|Protect
|move|p2b: Doofenshmirtz|Protect|p2b: Doofenshmirtz
|-singleturn|p2b: Doofenshmirtz|Protect
|move|p1a: Ol' Betsy|Focus Blast|p2a: Phineas
|-activate|p2a: Phineas|move: Protect
|move|p1b: Sneasler|Close Combat|p2a: Phineas
|-activate|p2a: Phineas|move: Protect
|
|-weather|none
|upkeep
|turn|8
|
|t:|1785257221
|move|p2a: Phineas|Sucker Punch|p1a: Ol' Betsy
|-damage|p1a: Ol' Betsy|0 fnt
|faint|p1a: Ol' Betsy
|move|p1b: Sneasler|Close Combat|p2a: Phineas
|-supereffective|p2a: Phineas|2
|-damage|p2a: Phineas|0 fnt
|-unboost|p1b: Sneasler|def|1
|-unboost|p1b: Sneasler|spd|1
|faint|p2a: Phineas
|-end|p2a: Phineas|fallen2|[silent]
|move|p2b: Doofenshmirtz|Sludge Wave|p1b: Sneasler
|-resisted|p1b: Sneasler|1
|-crit|p1b: Sneasler
|-damage|p1b: Sneasler|0 fnt
|faint|p1b: Sneasler
|
|upkeep
|
|t:|1785257225
|switch|p1b: Pickle Cup|Sinistcha, L50, shiny|12/100
|turn|9
|
|t:|1785257236
|move|p2b: Doofenshmirtz|Protect|p2b: Doofenshmirtz
|-singleturn|p2b: Doofenshmirtz|Protect
|move|p1b: Pickle Cup|Matcha Gotcha|p2b: Doofenshmirtz
|-activate|p2b: Doofenshmirtz|move: Protect
|
|upkeep
|turn|10
|
|t:|1785257246
|move|p1b: Pickle Cup|Matcha Gotcha|p2b: Doofenshmirtz
|-resisted|p2b: Doofenshmirtz|2
|-damage|p2b: Doofenshmirtz|23/100 par
|-heal|p1b: Pickle Cup|15/100|[from] drain|[of] p2b: Doofenshmirtz
|move|p2b: Doofenshmirtz|Shadow Ball|p1b: Pickle Cup
|-supereffective|p1b: Pickle Cup|1
|-damage|p1b: Pickle Cup|0 fnt
|faint|p1b: Pickle Cup
|
|win|panikd
