|j|☆wittraid
|j|☆TrevenantHugger
|html|wittraidTrevenantHugger    
|uhtml|bestof|Game 2 of a best-of-3
|t:|1757000626
|gametype|doubles
|player|p1|wittraid|170|1194
|player|p2|TrevenantHugger|101|1280
|gen|9
|tier|[Gen 9] VGC 2025 Reg H (Bo3)
|rated|
|rule|Species Clause: Limit one of each Pokémon
|rule|Item Clause: Limit 1 of each item
|clearpoke
|poke|p1|Pelipper, L50, F|
|poke|p1|Archaludon, L50, F|
|poke|p1|Basculegion, L50, M|
|poke|p1|Incineroar, L50, F|
|poke|p1|Sinistcha-Masterpiece, L50|
|poke|p1|Dragonite, L50, F|
|poke|p2|Incineroar, L50, M|
|poke|p2|Annihilape, L50, M|
|poke|p2|Rillaboom, L50, F|
|poke|p2|Electabuzz, L50, F|
|poke|p2|Sneasler, L50, M|
|poke|p2|Primarina, L50, M|
|teampreview|4
|showteam|p1|Pelipper||FocusSash|Drizzle|Tailwind,WideGuard,Hurricane,Protect|||F|||50|,,,,,Ghost]Archaludon||AssaultVest|Stamina|ElectroShot,DragonPulse,BodyPress,Snarl|||F|||50|,,,,,Grass]Basculegion||ChoiceBand|SwiftSwim|WaveCrash,LastRespects,AquaJet,FlipTurn|||M|||50|,,,,,Grass]Incineroar||SafetyGoggles|Intimidate|FakeOut,KnockOff,Taunt,PartingShot|||F|||50|,,,,,Ghost]Sinistcha-Masterpiece||SitrusBerry|Hospitality|RagePowder,MatchaGotcha,TrickRoom,Protect||||||50|,,,,,Dark]Dragonite||LoadedDice|InnerFocus|ScaleShot,ExtremeSpeed,Haze,Protect|||F|||50|,,,,,Normal
|showteam|p2|Incineroar||SafetyGoggles|Intimidate|FakeOut,PartingShot,FlareBlitz,KnockOff|||M|||50|,,,,,Grass]Annihilape||Leftovers|Defiant|DrainPunch,RageFist,Protect,BulkUp|||M|||50|,,,,,Fire]Rillaboom||AssaultVest|GrassySurge|GrassyGlide,FakeOut,DrumBeating,Uturn|||F|||50|,,,,,Fire]Electabuzz||Eviolite|VitalSpirit|FollowMe,Electroweb,Taunt,VoltSwitch|||F|||50|,,,,,Ghost]Sneasler||FocusSash|Unburden|CloseCombat,DireClaw,FakeOut,Protect|||M|||50|,,,,,Ghost]Primarina||SitrusBerry|LiquidVoice|Protect,HyperVoice,Moonblast,CalmMind|||M|||50|,,,,,Poison
|inactive|Battle timer is ON: inactive players will automatically lose when time's up. (requested by wittraid)
|inactive|TrevenantHugger also wants the timer to be on.
|
|t:|1757000652
|teamsize|p1|4
|teamsize|p2|4
|start
|switch|p1a: Archaludon|Archaludon, L50, F|100/100
|switch|p1b: Pelipper|Pelipper, L50, F|100/100
|switch|p2a: Electabuzz|Electabuzz, L50, F|100/100
|switch|p2b: Primarina|Primarina, L50, M|100/100
|-weather|RainDance|[from] ability: Drizzle|[of] p1b: Pelipper
|turn|1
|inactive|wittraid has 30 seconds left.
|
|t:|1757000679
|-terastallize|p2b: Primarina|Poison
|move|p2a: Electabuzz|Taunt|p1b: Pelipper
|-start|p1b: Pelipper|move: Taunt
|move|p1a: Archaludon|Electro Shot||[still]
|-prepare|p1a: Archaludon|Electro Shot
|-boost|p1a: Archaludon|spa|1
|-anim|p1a: Archaludon|Electro Shot|p2b: Primarina
|-damage|p2b: Primarina|55/100
|move|p2b: Primarina|Calm Mind|p2b: Primarina
|-boost|p2b: Primarina|spa|1
|-boost|p2b: Primarina|spd|1
|cant|p1b: Pelipper|move: Taunt|Tailwind
|
|-weather|RainDance|[upkeep]
|upkeep
|turn|2
|
|t:|1757000696
|move|p2b: Primarina|Protect|p2b: Primarina
|-singleturn|p2b: Primarina|Protect
|move|p2a: Electabuzz|Volt Switch|p1b: Pelipper
|-supereffective|p1b: Pelipper
|-enditem|p1b: Pelipper|Focus Sash
|-damage|p1b: Pelipper|1/100
|
|t:|1757000702
|switch|p2a: Rillaboom|Rillaboom, L50, F|100/100|[from] Volt Switch
|-fieldstart|move: Grassy Terrain|[from] ability: Grassy Surge|[of] p2a: Rillaboom
|move|p1a: Archaludon|Electro Shot||[still]
|-prepare|p1a: Archaludon|Electro Shot
|-boost|p1a: Archaludon|spa|1
|-anim|p1a: Archaludon|Electro Shot|p2b: Primarina
|-activate|p2b: Primarina|move: Protect
|move|p1b: Pelipper|Hurricane|p2b: Primarina
|-activate|p2b: Primarina|move: Protect
|
|-weather|RainDance|[upkeep]
|-heal|p2b: Primarina|60/100|[from] Grassy Terrain
|upkeep
|turn|3
|
|t:|1757000726
|switch|p1b: Sinistcha|Sinistcha-Masterpiece, L50|100/100
|move|p2a: Rillaboom|Fake Out|p1a: Archaludon
|-resisted|p1a: Archaludon
|-damage|p1a: Archaludon|96/100
|-ability|p1a: Archaludon|Stamina|boost
|-boost|p1a: Archaludon|def|1
|cant|p1a: Archaludon|flinch
|move|p2b: Primarina|Moonblast|p1a: Archaludon
|-damage|p1a: Archaludon|50/100
|-unboost|p1a: Archaludon|spa|1
|-ability|p1a: Archaludon|Stamina|boost
|-boost|p1a: Archaludon|def|1
|
|-weather|RainDance|[upkeep]
|-heal|p1a: Archaludon|56/100|[from] Grassy Terrain
|-heal|p2b: Primarina|66/100|[from] Grassy Terrain
|upkeep
|turn|4
|inactive|wittraid has 30 seconds left.
|
|t:|1757000757
|move|p1b: Sinistcha|Rage Powder|p1b: Sinistcha
|-singleturn|p1b: Sinistcha|move: Rage Powder
|move|p2a: Rillaboom|Drum Beating|p1a: Archaludon
|-resisted|p1a: Archaludon
|-damage|p1a: Archaludon|51/100
|-unboost|p1a: Archaludon|spe|1
|-ability|p1a: Archaludon|Stamina|boost
|-boost|p1a: Archaludon|def|1
|move|p2b: Primarina|Calm Mind|p2b: Primarina
|-boost|p2b: Primarina|spa|1
|-boost|p2b: Primarina|spd|1
|move|p1a: Archaludon|Electro Shot||[still]
|-prepare|p1a: Archaludon|Electro Shot
|-boost|p1a: Archaludon|spa|1
|-anim|p1a: Archaludon|Electro Shot|p2b: Primarina
|-damage|p2b: Primarina|37/100
|-enditem|p2b: Primarina|Sitrus Berry|[eat]
|-heal|p2b: Primarina|61/100|[from] item: Sitrus Berry
|
|-weather|RainDance|[upkeep]
|-heal|p2b: Primarina|67/100|[from] Grassy Terrain
|-heal|p1a: Archaludon|57/100|[from] Grassy Terrain
|upkeep
|turn|5
|
|t:|1757000777
|move|p1b: Sinistcha|Rage Powder|p1b: Sinistcha
|-singleturn|p1b: Sinistcha|move: Rage Powder
|move|p2a: Rillaboom|U-turn|p1b: Sinistcha
|-crit|p1b: Sinistcha
|-damage|p1b: Sinistcha|71/100
|
|t:|1757000784
|switch|p2a: Electabuzz|Electabuzz, L50, F|100/100|[from] U-turn
|move|p2b: Primarina|Moonblast|p1b: Sinistcha
|-damage|p1b: Sinistcha|0 fnt
|faint|p1b: Sinistcha
|move|p1a: Archaludon|Electro Shot||[still]
|-prepare|p1a: Archaludon|Electro Shot
|-boost|p1a: Archaludon|spa|1
|-anim|p1a: Archaludon|Electro Shot|p2b: Primarina
|-damage|p2b: Primarina|28/100
|
|-weather|none
|-heal|p2b: Primarina|34/100|[from] Grassy Terrain
|-heal|p1a: Archaludon|63/100|[from] Grassy Terrain
|upkeep
|
|t:|1757000797
|switch|p1b: Pelipper|Pelipper, L50, F|1/100
|-weather|RainDance|[from] ability: Drizzle|[of] p1b: Pelipper
|turn|6
|
|t:|1757000809
|move|p1b: Pelipper|Wide Guard|p1b: Pelipper
|-singleturn|p1b: Pelipper|Wide Guard
|move|p2a: Electabuzz|Volt Switch|p1b: Pelipper
|-supereffective|p1b: Pelipper
|-damage|p1b: Pelipper|0 fnt
|faint|p1b: Pelipper
|
|t:|1757000816
|switch|p2a: Annihilape|Annihilape, L50, M|100/100|[from] Volt Switch
|move|p2b: Primarina|Moonblast|p1a: Archaludon
|-damage|p1a: Archaludon|0 fnt
|faint|p1a: Archaludon
|
|-weather|RainDance|[upkeep]
|-heal|p2b: Primarina|40/100|[from] Grassy Terrain
|-fieldend|move: Grassy Terrain
|upkeep
|
|t:|1757000826
|switch|p1b: Basculegion|Basculegion, L50, M|100/100
|turn|7
|
|t:|1757000832
|move|p1b: Basculegion|Last Respects|p2a: Annihilape
|-supereffective|p2a: Annihilape
|-damage|p2a: Annihilape|0 fnt
|faint|p2a: Annihilape
|move|p2b: Primarina|Moonblast|p1b: Basculegion
|-damage|p1b: Basculegion|0 fnt
|faint|p1b: Basculegion
|
|win|TrevenantHugger
||wittraid is ready for game 3.
||TrevenantHugger is ready for game 3.
|uhtml|next|Next: Game 3 of 3
|l|☆TrevenantHugger
|player|p2|
