|j|☆NewTrainaOnDaBlock
|j|☆Fervvvvv
|html|NewTrainaOnDaBlockFervvvvv    
|uhtml|bestof|Game 3 of a best-of-3
|t:|1784478946
|gametype|doubles
|player|p1|NewTrainaOnDaBlock|265|
|player|p2|Fervvvvv|bugcatcher-gen4dp|
|gen|9
|tier|[Gen 9 Champions] VGC 2026 Reg M-B (Bo3)
|rule|Species Clause: Limit one of each Pokémon
|rule|Item Clause: Limit 1 of each item
|clearpoke
|poke|p1|Pelipper, L50, F|
|poke|p1|Heracross, L50, F|
|poke|p1|Meowstic, L50, M|
|poke|p1|Florges, L50, F|
|poke|p1|Decidueye-Hisui, L50, F|
|poke|p1|Swampert, L50, M|
|poke|p2|Slowbro, L50, F|
|poke|p2|Hawlucha, L50, F|
|poke|p2|Sinistcha, L50|
|poke|p2|Azumarill, L50, F|
|poke|p2|Meowstic-F, L50, F|
|poke|p2|Vivillon, L50, M|
|teampreview|4
|showteam|p1|Pelipper||SitrusBerry|Drizzle|Hurricane,Tailwind,WeatherBall,Protect|Modest||F|||50|]Heracross||Heracronite|Swarm|BrickBreak,Detect,RockBlast,PinMissile|Adamant||F|||50|]Meowstic||LightClay|Prankster|LightScreen,PsychicNoise,Reflect,TrickRoom|Calm||M|||50|]Florges||Leftovers|FlowerVeil|Moonblast,Trick,DazzlingGleam,PollenPuff|Bold||F|||50|]Decidueye-Hisui||ScopeLens|Scrappy|TripleArrows,Protect,GrassKnot,LeafBlade|Adamant||F|||50|]Swampert||Swampertite|Torrent|Protect,HighHorsepower,IcePunch,WaveCrash|Adamant||M|||50|
|showteam|p2|Slowbro||Slowbronite|Regenerator|NastyPlot,Psychic,BodyPress,Protect|Quiet||F|||50|]Hawlucha||Hawluchanite|Limber|DualWingbeat,CrossChop,SwordsDance,Protect|Adamant||F|||50|]Sinistcha||Leftovers|Hospitality|MatchaGotcha,LifeDew,TrickRoom,Protect|Sassy|||||50|]Azumarill||SitrusBerry|HugePower|BellyDrum,PlayRough,Liquidation,Protect|Adamant||F|||50|]Meowstic-F||LightClay|Infiltrator|Reflect,Thunderbolt,FakeOut,Protect|Timid||F|||50|]Vivillon||FocusSash|FriendGuard|AirSlash,Tailwind,EnergyBall,Protect|Timid||M|||50|
|j| Kantesu
|
|t:|1784479025
|teamsize|p1|4
|teamsize|p2|4
|start
|switch|p1a: Moby Dick|Meowstic, L50, M|100/100
|switch|p1b: Flounder|Heracross, L50, F|100/100
|switch|p2a: Slowbro|Slowbro, L50, F|100/100
|switch|p2b: Meowstic|Meowstic-F, L50, F|100/100
|turn|1
|
|t:|1784479130
|detailschange|p1b: Flounder|Heracross-Mega, L50, F
|-mega|p1b: Flounder|Heracross|Heracronite
|detailschange|p2a: Slowbro|Slowbro-Mega, L50, F
|-mega|p2a: Slowbro|Slowbro|Slowbronite
|move|p2b: Meowstic|Fake Out|p1b: Flounder
|-damage|p1b: Flounder|96/100
|move|p1a: Moby Dick|Light Screen|p1a: Moby Dick
|-sidestart|p1: NewTrainaOnDaBlock|move: Light Screen
|cant|p1b: Flounder|flinch
|move|p2a: Slowbro|Nasty Plot|p2a: Slowbro
|-boost|p2a: Slowbro|spa|2
|
|upkeep
|turn|2
|
|t:|1784479178
|move|p1a: Moby Dick|Reflect|p1a: Moby Dick
|-sidestart|p1: NewTrainaOnDaBlock|Reflect
|move|p2b: Meowstic|Reflect|p2b: Meowstic
|-sidestart|p2: Fervvvvv|Reflect
|move|p1b: Flounder|Pin Missile|p2a: Slowbro
|-supereffective|p2a: Slowbro|1
|-damage|p2a: Slowbro|84/100
|-supereffective|p2a: Slowbro|1
|-damage|p2a: Slowbro|69/100
|-supereffective|p2a: Slowbro|1
|-damage|p2a: Slowbro|55/100
|-supereffective|p2a: Slowbro|1
|-damage|p2a: Slowbro|43/100
|-supereffective|p2a: Slowbro|1
|-damage|p2a: Slowbro|29/100
|-hitcount|p2a: Slowbro|5
|move|p2a: Slowbro|Psychic|p1b: Flounder
|-supereffective|p1b: Flounder|1
|-damage|p1b: Flounder|0 fnt
|faint|p1b: Flounder
|
|upkeep
|
|t:|1784479195
|switch|p1b: Flipper|Florges, L50, F|100/100
|turn|3
|
|t:|1784479285
|switch|p2b: Sinistcha|Sinistcha, L50|100/100
|-heal|p2a: Slowbro|53/100|[from] ability: Hospitality|[of] p2b: Sinistcha
|move|p2a: Slowbro|Protect|p2a: Slowbro
|-singleturn|p2a: Slowbro|Protect
|move|p1a: Moby Dick|Psychic Noise|p2a: Slowbro
|-activate|p2a: Slowbro|move: Protect
|move|p1b: Flipper|Pollen Puff|p2a: Slowbro
|-activate|p2a: Slowbro|move: Protect
|
|upkeep
|turn|4
|
|t:|1784479556
|move|p1a: Moby Dick|Psychic Noise|p2b: Sinistcha
|-damage|p2b: Sinistcha|80/100
|-start|p2b: Sinistcha|move: Heal Block
|move|p1b: Flipper|Pollen Puff|p2a: Slowbro
|-supereffective|p2a: Slowbro|1
|-damage|p2a: Slowbro|4/100
|move|p2a: Slowbro|Nasty Plot|p2a: Slowbro
|-boost|p2a: Slowbro|spa|2
|move|p2b: Sinistcha|Trick Room|p2b: Sinistcha
|-fieldstart|move: Trick Room|[of] p2b: Sinistcha
|
|upkeep
|turn|5
|
|t:|1784479623
|move|p2a: Slowbro|Protect|p2a: Slowbro
|-singleturn|p2a: Slowbro|Protect
|move|p2b: Sinistcha|Protect|p2b: Sinistcha
|-singleturn|p2b: Sinistcha|Protect
|move|p1b: Flipper|Dazzling Gleam|p2a: Slowbro|[spread] 
|-activate|p2a: Slowbro|move: Protect
|-activate|p2b: Sinistcha|move: Protect
|move|p1a: Moby Dick|Psychic Noise|p2b: Sinistcha
|-activate|p2b: Sinistcha|move: Protect
|
|-end|p2b: Sinistcha|move: Heal Block
|upkeep
|turn|6
|
|t:|1784479670
|move|p2a: Slowbro|Psychic|p1b: Flipper
|-damage|p1b: Flipper|37/100
|move|p2b: Sinistcha|Life Dew|p2b: Sinistcha|[spread] p2a,p2b
|-heal|p2a: Slowbro|29/100
|-heal|p2b: Sinistcha|100/100
|move|p1b: Flipper|Dazzling Gleam|p2a: Slowbro|[spread] p2a,p2b
|-damage|p2a: Slowbro|5/100
|-damage|p2b: Sinistcha|82/100
|move|p1a: Moby Dick|Psychic Noise|p2b: Sinistcha
|-damage|p2b: Sinistcha|62/100
|-start|p2b: Sinistcha|move: Heal Block
|
|-heal|p1b: Flipper|43/100|[from] item: Leftovers
|upkeep
|turn|7
|
|t:|1784479702
|switch|p2b: Azumarill|Azumarill, L50, F|100/100
|move|p2a: Slowbro|Psychic|p1b: Flipper
|-damage|p1b: Flipper|0 fnt
|faint|p1b: Flipper
|move|p1a: Moby Dick|Psychic Noise|p2b: Azumarill
|-damage|p2b: Azumarill|76/100
|-start|p2b: Azumarill|move: Heal Block
|
|upkeep
|
|t:|1784479712
|switch|p1b: Dory|Pelipper, L50, F|100/100
|-weather|RainDance|[from] ability: Drizzle|[of] p1b: Dory
|turn|8
|
|t:|1784479840
|move|p2a: Slowbro|Psychic|p1a: Moby Dick
|-resisted|p1a: Moby Dick|1
|-damage|p1a: Moby Dick|42/100
|move|p2b: Azumarill|Liquidation|p1a: Moby Dick
|-damage|p1a: Moby Dick|0 fnt
|faint|p1a: Moby Dick
|move|p1b: Dory|Hurricane|p2b: Azumarill
|-damage|p2b: Azumarill|25/100
|-start|p2b: Azumarill|confusion
|
|-weather|RainDance|[upkeep]
|-end|p2b: Azumarill|move: Heal Block
|-sideend|p1: NewTrainaOnDaBlock|move: Light Screen
|-fieldend|move: Trick Room
|upkeep
|-enditem|p2b: Azumarill|Sitrus Berry|[eat]
|-heal|p2b: Azumarill|50/100g|[from] item: Sitrus Berry
|turn|9
|l| Kantesu
|
|t:|1784479875
|switch|p2a: Meowstic|Meowstic-F, L50, F|100/100
|move|p1b: Dory|Hurricane|p2a: Meowstic
|-damage|p2a: Meowstic|39/100
|-activate|p2b: Azumarill|confusion
|move|p2b: Azumarill|Liquidation|p1b: Dory
|-resisted|p1b: Dory|1
|-damage|p1b: Dory|70/100
|
|-weather|RainDance|[upkeep]
|-sideend|p2: Fervvvvv|Reflect
|-sideend|p1: NewTrainaOnDaBlock|Reflect
|upkeep
|turn|10
|
|t:|1784479890
|move|p2a: Meowstic|Thunderbolt|p1b: Dory
|-supereffective|p1b: Dory|2
|-damage|p1b: Dory|0 fnt
|faint|p1b: Dory
|
|win|Fervvvvv
