|j|☆Navaha
|j|☆bighamsterbaseball
|html|Navahabighamsterbaseball    
|uhtml|bestof|Game 1 of a best-of-3
|t:|1784999589
|gametype|doubles
|player|p1|Navaha|iris-gen5bw2|1080
|player|p2|bighamsterbaseball|pokemaniac|1204
|gen|9
|tier|[Gen 9 Champions] VGC 2026 Reg M-B (Bo3)
|rated|
|rule|Species Clause: Limit one of each Pokémon
|rule|Item Clause: Limit 1 of each item
|clearpoke
|poke|p1|Gardevoir, L50, M|
|poke|p1|Kingambit, L50, M|
|poke|p1|Garchomp, L50, M|
|poke|p1|Maushold, L50|
|poke|p1|Whimsicott, L50, F|
|poke|p1|Basculegion, L50, M|
|poke|p2|Pyroar, L50, F|
|poke|p2|Scrafty, L50, M|
|poke|p2|Torkoal, L50, M|
|poke|p2|Farigiraf, L50, F|
|poke|p2|Sneasler, L50, F|
|poke|p2|Mamoswine, L50, F|
|teampreview|4
|showteam|p1|Gardevoir||Gardevoirite|Telepathy|HyperVoice,Psychic,VacuumWave,Protect|Modest||M|||50|]Kingambit||ChopleBerry|Defiant|KowtowCleave,SuckerPunch,IronHead,Protect|Adamant||M|||50|]Garchomp||LifeOrb|RoughSkin|Earthquake,RockSlide,DragonClaw,Protect|Adamant||M|||50|]Maushold||SitrusBerry|FriendGuard|SuperFang,FollowMe,HelpingHand,Protect|Timid|||||50|]Whimsicott||FocusSash|Prankster|Tailwind,Encore,Moonblast,Protect|Timid||F|||50|]Basculegion||MysticWater|Adaptability|WaveCrash,AquaJet,LastRespects,Protect|Adamant||M|||50|
|showteam|p2|Pyroar||Pyroarite|Unnerve|HeatWave,Overheat,SolarBeam,Protect|Timid||F|||50|]Scrafty||Scraftinite|Intimidate|FakeOut,DrainPunch,KnockOff,IcePunch|Adamant||M|||50|]Torkoal||Leftovers|Drought|HeatWave,Yawn,HelpingHand,Protect|Relaxed||M|||50|]Farigiraf||SitrusBerry|ArmorTail|Psychic,HyperVoice,TrickRoom,NastyPlot|Sassy||F|||50|]Sneasler||LifeOrb|PoisonTouch|CloseCombat,PoisonJab,RockSlide,Protect|Adamant||F|||50|]Mamoswine||FocusSash|Oblivious|IceShard,HighHorsepower,FreezeDry,Protect|Rash||F|||50|
|
|t:|1784999644
|teamsize|p1|4
|teamsize|p2|4
|start
|switch|p1a: Kingambit|Kingambit, L50, M|100/100
|switch|p1b: Gardevoir|Gardevoir, L50, M|100/100
|switch|p2a: Pyroar|Pyroar, L50, F|100/100
|switch|p2b: Scrafty|Scrafty, L50, M|100/100
|-ability|p2a: Pyroar|Unnerve
|-ability|p2b: Scrafty|Intimidate|boost
|-unboost|p1a: Kingambit|atk|1
|-ability|p1a: Kingambit|Defiant|boost
|-boost|p1a: Kingambit|atk|2
|-unboost|p1b: Gardevoir|atk|1
|turn|1
|
|t:|1784999681
|detailschange|p2a: Pyroar|Pyroar-Mega, L50, F
|-mega|p2a: Pyroar|Pyroar|Pyroarite
|detailschange|p1b: Gardevoir|Gardevoir-Mega, L50, M
|-mega|p1b: Gardevoir|Gardevoir|Gardevoirite
|move|p2b: Scrafty|Fake Out|p1b: Gardevoir
|-damage|p1b: Gardevoir|86/100
|move|p2a: Pyroar|Heat Wave|p1b: Gardevoir|[spread] p1a,p1b
|-supereffective|p1a: Kingambit|1
|-damage|p1a: Kingambit|0 fnt
|-damage|p1b: Gardevoir|44/100
|faint|p1a: Kingambit
|cant|p1b: Gardevoir|flinch
|
|upkeep
|
|t:|1784999692
|switch|p1a: Garchomp|Garchomp, L50, M|100/100
|turn|2
|
|t:|1784999713
|switch|p2b: Torkoal|Torkoal, L50, M|100/100
|-weather|SunnyDay|[from] ability: Drought|[of] p2b: Torkoal
|move|p2a: Pyroar|Protect|p2a: Pyroar
|-singleturn|p2a: Pyroar|Protect
|move|p1b: Gardevoir|Protect|p1b: Gardevoir
|-singleturn|p1b: Gardevoir|Protect
|move|p1a: Garchomp|Earthquake|p2b: Torkoal|[spread] p2b
|-activate|p1b: Gardevoir|move: Protect
|-activate|p2a: Pyroar|move: Protect
|-supereffective|p2b: Torkoal|1
|-damage|p2b: Torkoal|29/100
|-damage|p1a: Garchomp|90/100|[from] item: Life Orb
|
|-weather|SunnyDay|[upkeep]
|-heal|p2b: Torkoal|35/100|[from] item: Leftovers
|upkeep
|turn|3
|
|t:|1784999754
|switch|p1b: Maushold|Maushold, L50|100/100
|switch|p2b: Scrafty|Scrafty, L50, M|100/100
|-ability|p2b: Scrafty|Intimidate|boost
|-unboost|p1a: Garchomp|atk|1
|-unboost|p1b: Maushold|atk|1
|move|p2a: Pyroar|Heat Wave|p1a: Garchomp|[spread] p1a,p1b
|-resisted|p1a: Garchomp|1
|-damage|p1a: Garchomp|56/100
|-damage|p1b: Maushold|4/100
|-enditem|p1b: Maushold|Sitrus Berry|[eat]
|-heal|p1b: Maushold|29/100|[from] item: Sitrus Berry
|move|p1a: Garchomp|Rock Slide|p2b: Scrafty|[spread] p2a,p2b
|-supereffective|p2a: Pyroar|1
|-resisted|p2b: Scrafty|1
|-damage|p2a: Pyroar|58/100
|-damage|p2b: Scrafty|90/100
|-damage|p1a: Garchomp|46/100|[from] item: Life Orb
|
|-weather|SunnyDay|[upkeep]
|upkeep
|turn|4
|
|t:|1784999785
|move|p1b: Maushold|Protect|p1b: Maushold
|-singleturn|p1b: Maushold|Protect
|move|p1a: Garchomp|Protect|p1a: Garchomp
|-singleturn|p1a: Garchomp|Protect
|move|p2b: Scrafty|Fake Out|p1a: Garchomp
|-activate|p1a: Garchomp|move: Protect
|move|p2a: Pyroar|Heat Wave|p1b: Maushold|[spread] 
|-activate|p1a: Garchomp|move: Protect
|-activate|p1b: Maushold|move: Protect
|
|-weather|SunnyDay|[upkeep]
|upkeep
|turn|5
|
|t:|1784999813
|move|p1b: Maushold|Helping Hand|p1a: Garchomp
|-singleturn|p1a: Garchomp|Helping Hand|[of] p1b: Maushold
|move|p2a: Pyroar|Protect|p2a: Pyroar
|-singleturn|p2a: Pyroar|Protect
|move|p1a: Garchomp|Earthquake|p2a: Pyroar|[spread] p1b,p2b
|-activate|p2a: Pyroar|move: Protect
|-crit|p1b: Maushold
|-damage|p1b: Maushold|0 fnt
|-damage|p2b: Scrafty|38/100
|faint|p1b: Maushold
|-damage|p1a: Garchomp|36/100|[from] item: Life Orb
|move|p2b: Scrafty|Ice Punch|p1a: Garchomp
|-supereffective|p1a: Garchomp|2
|-damage|p1a: Garchomp|0 fnt
|-damage|p2b: Scrafty|26/100|[from] ability: Rough Skin|[of] p1a: Garchomp
|faint|p1a: Garchomp
|
|-weather|SunnyDay|[upkeep]
|upkeep
|
|t:|1784999853
|switch|p1a: Gardevoir|Gardevoir-Mega, L50, M|44/100
|turn|6
|
|t:|1784999866
|switch|p2b: Torkoal|Torkoal, L50, M|35/100
|move|p2a: Pyroar|Overheat|p1a: Gardevoir
|-crit|p1a: Gardevoir
|-damage|p1a: Gardevoir|0 fnt
|-unboost|p2a: Pyroar|spa|2
|faint|p1a: Gardevoir
|
|win|bighamsterbaseball
||Navaha is ready for game 2.
|inactive|bighamsterbaseball has 30 seconds to confirm battle start!
||bighamsterbaseball is ready for game 2.
|uhtml|next|Next: Game 2 of 3
|l|☆Navaha
|player|p1|
