|j|☆KodeBeast0526
|j|☆Shrinzien
|html|KodeBeast0526Shrinzien    
|uhtml|bestof|Game 1 of a best-of-3
|t:|1784146281
|gametype|doubles
|player|p1|KodeBeast0526|sailor|1122
|player|p2|Shrinzien|cynthia|1094
|gen|9
|tier|[Gen 9 Champions] VGC 2026 Reg M-B (Bo3)
|rated|
|rule|Species Clause: Limit one of each Pokémon
|rule|Item Clause: Limit 1 of each item
|clearpoke
|poke|p1|Aerodactyl, L50, M|
|poke|p1|Kingambit, L50, M|
|poke|p1|Sylveon, L50, M|
|poke|p1|Garchomp, L50, M|
|poke|p1|Charizard, L50, M|
|poke|p1|Incineroar, L50, M|
|poke|p2|Sylveon, L50, F, shiny|
|poke|p2|Ariados, L50, F|
|poke|p2|Charizard, L50, F, shiny|
|poke|p2|Aerodactyl, L50, F, shiny|
|poke|p2|Basculegion, L50, M, shiny|
|poke|p2|Garchomp, L50, F, shiny|
|teampreview|4
|showteam|p1|Aerodactyl||Aerodactylite|Unnerve|RockSlide,IceFang,Tailwind,WideGuard|Jolly||M|||50|]Kingambit||FocusSash|Defiant|KowtowCleave,SuckerPunch,IronHead,Protect|Adamant||M|||50|]Sylveon||FairyFeather|Pixilate|Detect,HyperVoice,HyperBeam,QuickAttack|Modest||M|||50|]Garchomp||LifeOrb|RoughSkin|Earthquake,DragonClaw,StompingTantrum,Protect|Jolly||M|||50|]Charizard||CharizarditeY|Blaze|Protect,HeatWave,SolarBeam,WeatherBall|Modest||M|||50|]Incineroar||SitrusBerry|Intimidate|DarkestLariat,FlareBlitz,FakeOut,PartingShot|Impish||M|||50|
|showteam|p2|Sylveon||FairyFeather|Pixilate|HyperBeam,HyperVoice,QuickAttack,Detect|Modest||F|||50|]Ariados||SitrusBerry|Insomnia|KnockOff,RagePowder,StringShot,Protect|Impish||F|||50|]Charizard||CharizarditeY|Blaze|HeatWave,WeatherBall,SolarBeam,Protect|Modest||F|||50|]Aerodactyl||Aerodactylite|Unnerve|RockSlide,DualWingbeat,Tailwind,Protect|Jolly||F|||50|]Basculegion||FocusSash|Adaptability|Liquidation,LastRespects,AquaJet,Protect|Adamant||M|||50|]Garchomp||ChoiceScarf|RoughSkin|DragonClaw,Earthquake,StompingTantrum,RockSlide|Adamant||F|||50|
|inactive|Battle timer is ON: inactive players will automatically lose when time's up. (requested by Shrinzien)
|inactive|KodeBeast0526 has 60 seconds left.
|inactive|Shrinzien has 60 seconds left.
|
|t:|1784146336
|teamsize|p1|4
|teamsize|p2|4
|start
|switch|p1a: Aerodactyl|Aerodactyl, L50, M|100/100
|switch|p1b: Incineroar|Incineroar, L50, M|100/100
|switch|p2a: Garchomp|Garchomp, L50, F, shiny|100/100
|switch|p2b: Charizard|Charizard, L50, F, shiny|100/100
|-ability|p1a: Aerodactyl|Unnerve
|-ability|p1b: Incineroar|Intimidate|boost
|-unboost|p2a: Garchomp|atk|1
|-unboost|p2b: Charizard|atk|1
|turn|1
|inactive|Shrinzien has 30 seconds left.
|inactive|Shrinzien has 20 seconds left.
|inactive|Shrinzien has 15 seconds left.
|inactive|Shrinzien has 10 seconds left.
|inactive|Shrinzien has 5 seconds left.
|
|t:|1784146387
|switch|p2a: Basculegion|Basculegion, L50, M, shiny|100/100
|detailschange|p1a: Aerodactyl|Aerodactyl-Mega, L50, M
|-mega|p1a: Aerodactyl|Aerodactyl|Aerodactylite
|detailschange|p2b: Charizard|Charizard-Mega-Y, L50, F, shiny
|-mega|p2b: Charizard|Charizard|Charizardite Y
|-weather|SunnyDay|[from] ability: Drought|[of] p2b: Charizard
|move|p1b: Incineroar|Fake Out|p2a: Basculegion
|-immune|p2a: Basculegion
|move|p1a: Aerodactyl|Tailwind|p1a: Aerodactyl
|-sidestart|p1: KodeBeast0526|move: Tailwind
|move|p2b: Charizard|Solar Beam||[still]
|-prepare|p2b: Charizard|Solar Beam
|-anim|p2b: Charizard|Solar Beam|p1a: Aerodactyl
|-damage|p1a: Aerodactyl|55/100
|
|-weather|SunnyDay|[upkeep]
|upkeep
|turn|2
|inactive|Shrinzien has 30 seconds left.
|
|t:|1784146412
|move|p2a: Basculegion|Protect|p2a: Basculegion
|-singleturn|p2a: Basculegion|Protect
|move|p1a: Aerodactyl|Rock Slide|p2b: Charizard|[spread] p2b
|-activate|p2a: Basculegion|move: Protect
|-supereffective|p2b: Charizard|2
|-damage|p2b: Charizard|0 fnt
|faint|p2b: Charizard
|move|p1b: Incineroar|Darkest Lariat|p2a: Basculegion
|-activate|p2a: Basculegion|move: Protect
|
|-weather|SunnyDay|[upkeep]
|upkeep
|
|t:|1784146425
|switch|p2b: Garchomp|Garchomp, L50, F, shiny|100/100
|turn|3
|
|t:|1784146434
|switch|p2a: Sylveon|Sylveon, L50, F, shiny|100/100
|move|p1a: Aerodactyl|Ice Fang|p2b: Garchomp
|-supereffective|p2b: Garchomp|2
|-damage|p2b: Garchomp|1/100
|-damage|p1a: Aerodactyl|43/100|[from] ability: Rough Skin|[of] p2b: Garchomp
|move|p2b: Garchomp|Rock Slide|p1a: Aerodactyl|[spread] p1a,p1b
|-supereffective|p1a: Aerodactyl|1
|-supereffective|p1b: Incineroar|1
|-damage|p1a: Aerodactyl|2/100
|-damage|p1b: Incineroar|72/100
|cant|p1b: Incineroar|flinch
|
|-weather|SunnyDay|[upkeep]
|upkeep
|turn|4
|
|t:|1784146452
|move|p2a: Sylveon|Quick Attack|p1a: Aerodactyl
|-damage|p1a: Aerodactyl|0 fnt
|faint|p1a: Aerodactyl
|move|p2b: Garchomp|Rock Slide|p1b: Incineroar|[miss]
|-miss|p2b: Garchomp|p1b: Incineroar
|move|p1b: Incineroar|Parting Shot|p2a: Sylveon
|-unboost|p2a: Sylveon|atk|1
|-unboost|p2a: Sylveon|spa|1
|
|t:|1784146456
|switch|p1b: Garchomp|Garchomp, L50, M|100/100|[from] Parting Shot
|
|-weather|SunnyDay|[upkeep]
|-sideend|p1: KodeBeast0526|move: Tailwind
|upkeep
|
|t:|1784146459
|switch|p1a: Incineroar|Incineroar, L50, M|72/100
|-ability|p1a: Incineroar|Intimidate|boost
|-unboost|p2a: Sylveon|atk|1
|-unboost|p2b: Garchomp|atk|1
|turn|5
|
|t:|1784146477
|switch|p2b: Basculegion|Basculegion, L50, M, shiny|100/100
|move|p1a: Incineroar|Fake Out|p2a: Sylveon
|-damage|p2a: Sylveon|87/100
|move|p1b: Garchomp|Earthquake|p2b: Basculegion|[spread] p1a,p2a,p2b
|-supereffective|p1a: Incineroar|1
|-damage|p1a: Incineroar|1/100
|-damage|p2a: Sylveon|34/100
|-damage|p2b: Basculegion|31/100
|-enditem|p1a: Incineroar|Sitrus Berry|[eat]
|-heal|p1a: Incineroar|26/100|[from] item: Sitrus Berry
|-damage|p1b: Garchomp|90/100|[from] item: Life Orb
|cant|p2a: Sylveon|flinch
|
|-weather|none
|upkeep
|turn|6
|inactive|Shrinzien has 30 seconds left.
|inactive|KodeBeast0526 has 30 seconds left.
|inactive|Shrinzien has 20 seconds left.
|inactive|Shrinzien has 15 seconds left.
|
|t:|1784146522
|switch|p1a: Charizard|Charizard, L50, M|100/100
|move|p1b: Garchomp|Earthquake|p2a: Sylveon|[spread] p2a,p2b
|-immune|p1a: Charizard
|-damage|p2a: Sylveon|0 fnt
|-damage|p2b: Basculegion|0 fnt
|faint|p2a: Sylveon
|faint|p2b: Basculegion
|-damage|p1b: Garchomp|80/100|[from] item: Life Orb
|
|upkeep
|-message|Shrinzien forfeited.
|
|win|KodeBeast0526
|l|☆Shrinzien
|player|p2|
||Shrinzien is ready for game 2.
