|j|☆GymGlofer
|j|☆exessvgc
|html|GymGloferexessvgc    
|uhtml|bestof|Game 1 of a best-of-3
|t:|1783783550
|gametype|doubles
|player|p1|GymGlofer|2|1127
|player|p2|exessvgc|lucas|1204
|gen|9
|tier|[Gen 9 Champions] VGC 2026 Reg M-B (Bo3)
|rated|
|rule|Species Clause: Limit one of each Pokémon
|rule|Item Clause: Limit 1 of each item
|clearpoke
|poke|p1|Whimsicott, L50, M|
|poke|p1|Meowscarada, L50, M|
|poke|p1|Scovillain, L50, M|
|poke|p1|Tsareena, L50, F|
|poke|p1|Venusaur, L50, F|
|poke|p1|Decidueye, L50, F|
|poke|p2|Aerodactyl, L50, F|
|poke|p2|Raichu, L50, M|
|poke|p2|Charizard, L50, M|
|poke|p2|Whimsicott, L50, F|
|poke|p2|Basculegion, L50, M|
|poke|p2|Garchomp, L50, F|
|teampreview|4
|showteam|p1|Whimsicott||FocusSash|Prankster|Moonblast,CottonSpore,Encore,Protect|Timid||M|||50|]Meowscarada||LifeOrb|Protean|FlowerTrick,ThroatChop,ThunderPunch,BrickBreak|Adamant||M|||50|]Scovillain||Scovillainite|Moody|Flamethrower,LeechSeed,RagePowder,Protect|Bold||M|||50|]Tsareena||ChoiceScarf|QueenlyMajesty|TropKick,HighJumpKick,ZenHeadbutt,TripleAxel|Adamant||F|||50|]Venusaur||Venusaurite|Chlorophyll|SludgeBomb,EarthPower,SleepPowder,Protect|Modest||F|||50|]Decidueye||SitrusBerry|LongReach|LeafBlade,SpiritShackle,RainDance,Protect|Jolly||F|||50|
|showteam|p2|Aerodactyl||Aerodactylite|Unnerve|IceFang,DualWingbeat,RockSlide,WideGuard|Jolly||F|||50|]Raichu||RaichuniteY|LightningRod|FocusBlast,ZapCannon,FakeOut,Protect|Timid||M|||50|]Charizard||CharizarditeY|SolarPower|WeatherBall,HeatWave,SolarBeam,Protect|Modest||M|||50|]Whimsicott||FocusSash|Prankster|Moonblast,Tailwind,SunnyDay,Protect|Timid||F|||50|]Basculegion||MysticWater|Adaptability|WaveCrash,LastRespects,AquaJet,Protect|Adamant||M|||50|]Garchomp||LifeOrb|RoughSkin|Protect,DragonClaw,StompingTantrum,Earthquake|Adamant||F|||50|
|inactive|Battle timer is ON: inactive players will automatically lose when time's up. (requested by GymGlofer)
|inactive|exessvgc has 60 seconds left.
|
|t:|1783783616
|teamsize|p1|4
|teamsize|p2|4
|start
|switch|p1a: Venusaur|Venusaur, L50, F|100/100
|switch|p1b: Tsareena|Tsareena, L50, F|100/100
|switch|p2a: EXESS|Charizard, L50, M|100/100
|switch|p2b: Kokiri|Whimsicott, L50, F|100/100
|turn|1
|inactive|exessvgc has 30 seconds left.
|
|t:|1783783647
|switch|p1b: Whimsicott|Whimsicott, L50, M|100/100
|move|p2b: Kokiri|Tailwind|p2b: Kokiri
|-sidestart|p2: exessvgc|move: Tailwind
|move|p2a: EXESS|Heat Wave|p1b: Whimsicott|[spread] p1a,p1b
|-supereffective|p1a: Venusaur|1
|-supereffective|p1b: Whimsicott|1
|-damage|p1a: Venusaur|35/100
|-enditem|p1b: Whimsicott|Focus Sash
|-damage|p1b: Whimsicott|1/100
|move|p1a: Venusaur|Sleep Powder|p2a: EXESS
|-status|p2a: EXESS|slp|[from] move: Sleep Powder
|
|upkeep
|turn|2
|inactive|exessvgc has 30 seconds left.
|
|t:|1783783675
|switch|p2b: DINOSAUVO|Aerodactyl, L50, F|100/100
|-ability|p2b: DINOSAUVO|Unnerve
|detailschange|p1a: Venusaur|Venusaur-Mega, L50, F
|-mega|p1a: Venusaur|Venusaur|Venusaurite
|move|p1b: Whimsicott|Encore||[still]
|-fail|p1b: Whimsicott
|cant|p2a: EXESS|slp
|move|p1a: Venusaur|Sludge Bomb|p2b: DINOSAUVO
|-resisted|p2b: DINOSAUVO|1
|-damage|p2b: DINOSAUVO|61/100
|
|upkeep
|turn|3
|
|t:|1783783697
|detailschange|p2b: DINOSAUVO|Aerodactyl-Mega, L50, F
|-mega|p2b: DINOSAUVO|Aerodactyl|Aerodactylite
|move|p1b: Whimsicott|Cotton Spore|p2a: EXESS|[spread] p2a,p2b
|-unboost|p2a: EXESS|spe|2
|-unboost|p2b: DINOSAUVO|spe|2
|move|p2b: DINOSAUVO|Rock Slide|p1b: Whimsicott|[spread] p1a,p1b
|-damage|p1a: Venusaur|2/100
|-damage|p1b: Whimsicott|0 fnt
|faint|p1b: Whimsicott
|-curestatus|p2a: EXESS|slp|[msg]
|move|p2a: EXESS|Heat Wave|p1a: Venusaur
|-supereffective|p1a: Venusaur|1
|-damage|p1a: Venusaur|0 fnt
|faint|p1a: Venusaur
|
|upkeep
|
|t:|1783783711
|switch|p1b: Tsareena|Tsareena, L50, F|100/100
|switch|p1a: Meowscarada|Meowscarada, L50, M|100/100
|turn|4
|
|t:|1783783723
|switch|p2b: Kokiri|Whimsicott, L50, F|100/100
|move|p1b: Tsareena|Triple Axel|p2b: Kokiri
|-supereffective|p2b: Kokiri|1
|-damage|p2b: Kokiri|76/100
|-supereffective|p2b: Kokiri|1
|-damage|p2b: Kokiri|28/100
|-supereffective|p2b: Kokiri|1
|-damage|p2b: Kokiri|0 fnt
|faint|p2b: Kokiri
|-hitcount|p2: Kokiri|3
|move|p1a: Meowscarada|Thunder Punch|p2a: EXESS
|-start|p1a: Meowscarada|typechange|Electric|[from] ability: Protean
|-supereffective|p2a: EXESS|1
|-damage|p2a: EXESS|0 fnt
|faint|p2a: EXESS
|-damage|p1a: Meowscarada|90/100|[from] item: Life Orb
|
|-sideend|p2: exessvgc|move: Tailwind
|upkeep
|
|t:|1783783739
|switch|p2b: DINOSAUVO|Aerodactyl-Mega, L50, F|61/100
|switch|p2a: NEMO|Basculegion, L50, M|100/100
|turn|5
|inactive|exessvgc has 30 seconds left.
|inactive|exessvgc has 20 seconds left.
|
|t:|1783783777
|move|p2b: DINOSAUVO|Dual Wingbeat|p1b: Tsareena
|-supereffective|p1b: Tsareena|1
|-crit|p1b: Tsareena
|-damage|p1b: Tsareena|0 fnt
|faint|p1b: Tsareena
|-hitcount|p1: Tsareena|1
|move|p1a: Meowscarada|Thunder Punch|p2a: NEMO
|-supereffective|p2a: NEMO|1
|-damage|p2a: NEMO|0 fnt
|faint|p2a: NEMO
|-damage|p1a: Meowscarada|80/100|[from] item: Life Orb
|
|upkeep
|turn|6
|
|t:|1783783794
|move|p2b: DINOSAUVO|Ice Fang|p1a: Meowscarada
|-damage|p1a: Meowscarada|34/100
|move|p1a: Meowscarada|Thunder Punch|p2b: DINOSAUVO
|-supereffective|p2b: DINOSAUVO|1
|-damage|p2b: DINOSAUVO|0 fnt
|faint|p2b: DINOSAUVO
|-damage|p1a: Meowscarada|24/100|[from] item: Life Orb
|
|win|GymGlofer
||exessvgc is ready for game 2.
|l|☆GymGlofer
|player|p1|
||GymGlofer is ready for game 2.
|uhtml|next|Next: Game 2 of 3
