|j|☆latios66
|j|☆HopsVGC
|html|latios66HopsVGC    
|uhtml|bestof|Game 1 of a best-of-3
|t:|1784742196
|gametype|doubles
|player|p1|latios66|266|
|player|p2|HopsVGC|1|
|gen|9
|tier|[Gen 9 Champions] VGC 2026 Reg M-B (Bo3)
|rule|Species Clause: Limit one of each Pokémon
|rule|Item Clause: Limit 1 of each item
|clearpoke
|poke|p1|Ninetales-Alola, L50, F|
|poke|p1|Skeledirge, L50, F, shiny|
|poke|p1|Kingambit, L50, F|
|poke|p1|Aerodactyl, L50, M, shiny|
|poke|p1|Sneasler, L50, M|
|poke|p1|Basculegion, L50, M|
|poke|p2|Venusaur, L50, F, shiny|
|poke|p2|Grimmsnarl, L50, M, shiny|
|poke|p2|Pelipper, L50, F, shiny|
|poke|p2|Archaludon, L50, M, shiny|
|poke|p2|Basculegion, L50, M, shiny|
|poke|p2|Sinistcha, L50|
|teampreview|4
|showteam|p1|Ninetales-Alola||LightClay|SnowWarning|Blizzard,AuroraVeil,FreezeDry,Protect|Timid||F|||50|]Skeledirge||Leftovers|Unaware|TorchSong,EarthPower,WillOWisp,SlackOff|Calm||F|||50|]Kingambit||BlackGlasses|Defiant|KowtowCleave,SuckerPunch,SwordsDance,Protect|Adamant||F|||50|]Aerodactyl||Aerodactylite|Unnerve|Tailwind,IceFang,RockSlide,DualWingbeat|Jolly||M|||50|]Sneasler||FocusSash|PoisonTouch|FakeOut,DireClaw,CloseCombat,QuickGuard|Jolly||M|||50|]Basculegion||LifeOrb|Adaptability|WaveCrash,LastRespects,Protect,AquaJet|Adamant||M|||50|
|showteam|p2|Venusaur||Venusaurite|Chlorophyll|SludgeBomb,EarthPower,LeechSeed,Protect|Modest||F|||50|]Grimmsnarl||LightClay|Prankster|SpiritBreak,Reflect,LightScreen,PartingShot|Impish||M|||50|]Pelipper||FocusSash|Drizzle|WeatherBall,Hurricane,Tailwind,Protect|Timid||F|||50|]Archaludon||Leftovers|Stamina|ElectroShot,AuraSphere,FlashCannon,Protect|Modest||M|||50|]Basculegion||ChoiceScarf|Adaptability|WaveCrash,FlipTurn,AquaJet,LastRespects|Adamant||M|||50|]Sinistcha||SitrusBerry|Hospitality|MatchaGotcha,RagePowder,TrickRoom,LifeDew|Relaxed|||||50|
|inactive|Battle timer is ON: inactive players will automatically lose when time's up. (requested by latios66)
|c|☆HopsVGC|glhf
|c|☆latios66|sorry for the wait
|c|☆latios66|glhf
|inactive|latios66 has 60 seconds left.
|
|t:|1784742238
|teamsize|p1|4
|teamsize|p2|4
|start
|switch|p1a: Sneasler|Sneasler, L50, M|100/100
|switch|p1b: Basculegion|Basculegion, L50, M|100/100
|switch|p2a: Aperoludon|Archaludon, L50, M, shiny|100/100
|switch|p2b: Guinesstcha|Sinistcha, L50|100/100
|turn|1
|
|t:|1784742258
|move|p2a: Aperoludon|Protect|p2a: Aperoludon
|-singleturn|p2a: Aperoludon|Protect
|move|p1a: Sneasler|Fake Out|p2a: Aperoludon
|-activate|p2a: Aperoludon|move: Protect
|move|p1b: Basculegion|Wave Crash|p2b: Guinesstcha
|-resisted|p2b: Guinesstcha|1
|-damage|p2b: Guinesstcha|60/100
|-damage|p1b: Basculegion|89/100|[from] Recoil
|-damage|p1b: Basculegion|79/100|[from] item: Life Orb
|move|p2b: Guinesstcha|Trick Room|p2b: Guinesstcha
|-fieldstart|move: Trick Room|[of] p2b: Guinesstcha
|
|upkeep
|turn|2
|
|t:|1784742282
|switch|p2a: Kai-Pelipper|Pelipper, L50, F, shiny|100/100
|-weather|RainDance|[from] ability: Drizzle|[of] p2a: Kai-Pelipper
|switch|p1b: Ninetales|Ninetales-Alola, L50, F|100/100
|-weather|Snowscape|[from] ability: Snow Warning|[of] p1b: Ninetales
|move|p2b: Guinesstcha|Matcha Gotcha|p1b: Ninetales|[spread] p1a,p1b
|-resisted|p1a: Sneasler|1
|-crit|p1a: Sneasler
|-damage|p1a: Sneasler|75/100
|-heal|p2b: Guinesstcha|71/100|[from] drain|[of] p1a: Sneasler
|-damage|p1b: Ninetales|71/100
|-heal|p2b: Guinesstcha|83/100|[from] drain|[of] p1b: Ninetales
|move|p1a: Sneasler|Dire Claw|p2b: Guinesstcha
|-damage|p2b: Guinesstcha|49/100
|-enditem|p2b: Guinesstcha|Sitrus Berry|[eat]
|-heal|p2b: Guinesstcha|74/100|[from] item: Sitrus Berry
|
|-weather|Snowscape|[upkeep]
|upkeep
|turn|3
|inactive|HopsVGC has 30 seconds left.
|inactive|latios66 has 30 seconds left.
|
|t:|1784742314
|switch|p2a: Aperoludon|Archaludon, L50, M, shiny|100/100
|move|p2b: Guinesstcha|Matcha Gotcha|p1a: Sneasler|[spread] p1a,p1b
|-resisted|p1a: Sneasler|1
|-crit|p1b: Ninetales
|-damage|p1a: Sneasler|58/100
|-heal|p2b: Guinesstcha|82/100|[from] drain|[of] p1a: Sneasler
|-damage|p1b: Ninetales|31/100
|-heal|p2b: Guinesstcha|98/100|[from] drain|[of] p1b: Ninetales
|move|p1b: Ninetales|Blizzard|p2a: Aperoludon|[spread] p2a,p2b
|-supereffective|p2b: Guinesstcha|1
|-damage|p2a: Aperoludon|68/100
|-damage|p2b: Guinesstcha|30/100
|-ability|p2a: Aperoludon|Stamina|boost
|-boost|p2a: Aperoludon|def|1
|move|p1a: Sneasler|Dire Claw|p2a: Aperoludon
|-immune|p2a: Aperoludon
|
|-weather|Snowscape|[upkeep]
|-heal|p2a: Aperoludon|74/100|[from] item: Leftovers
|upkeep
|turn|4
|
|t:|1784742339
|switch|p2b: Kai-Pelipper|Pelipper, L50, F, shiny|100/100
|-weather|RainDance|[from] ability: Drizzle|[of] p2b: Kai-Pelipper
|switch|p1a: Kingambit|Kingambit, L50, F|100/100
|move|p1b: Ninetales|Protect|p1b: Ninetales
|-singleturn|p1b: Ninetales|Protect
|move|p2a: Aperoludon|Electro Shot||[still]
|-prepare|p2a: Aperoludon|Electro Shot
|-boost|p2a: Aperoludon|spa|1
|-anim|p2a: Aperoludon|Electro Shot|p1a: Kingambit
|-crit|p1a: Kingambit
|-damage|p1a: Kingambit|11/100
|
|-weather|RainDance|[upkeep]
|-heal|p2a: Aperoludon|80/100|[from] item: Leftovers
|upkeep
|turn|5
|
|t:|1784742363
|switch|p1b: Sneasler|Sneasler, L50, M|58/100
|move|p1a: Kingambit|Protect|p1a: Kingambit
|-singleturn|p1a: Kingambit|Protect
|move|p2a: Aperoludon|Electro Shot||[still]
|-prepare|p2a: Aperoludon|Electro Shot
|-boost|p2a: Aperoludon|spa|1
|-anim|p2a: Aperoludon|Electro Shot|p1b: Sneasler
|-damage|p1b: Sneasler|0 fnt
|faint|p1b: Sneasler
|move|p2b: Kai-Pelipper|Weather Ball|p1a: Kingambit
|-activate|p1a: Kingambit|move: Protect
|
|-weather|RainDance|[upkeep]
|-heal|p2a: Aperoludon|85/100|[from] item: Leftovers
|-fieldend|move: Trick Room
|upkeep
|
|t:|1784742379
|switch|p1b: Basculegion|Basculegion, L50, M|79/100
|turn|6
|
|t:|1784742394
|move|p2b: Kai-Pelipper|Hurricane|p1b: Basculegion
|-crit|p1b: Basculegion
|-damage|p1b: Basculegion|9/100
|-start|p1b: Basculegion|confusion
|-activate|p1b: Basculegion|confusion
|move|p1b: Basculegion|Last Respects|p2a: Aperoludon
|-damage|p2a: Aperoludon|36/100
|-ability|p2a: Aperoludon|Stamina|boost
|-boost|p2a: Aperoludon|def|1
|-damage|p1b: Basculegion|0 fnt|[from] item: Life Orb
|faint|p1b: Basculegion
|move|p2a: Aperoludon|Flash Cannon|p1a: Kingambit
|-resisted|p1a: Kingambit|1
|-crit|p1a: Kingambit
|-damage|p1a: Kingambit|0 fnt
|faint|p1a: Kingambit
|
|-weather|RainDance|[upkeep]
|-heal|p2a: Aperoludon|42/100|[from] item: Leftovers
|upkeep
|
|t:|1784742409
|switch|p1b: Ninetales|Ninetales-Alola, L50, F|31/100
|-weather|Snowscape|[from] ability: Snow Warning|[of] p1b: Ninetales
|turn|7
|
|t:|1784742414
|switch|p2b: Guinesstcha|Sinistcha, L50|30/100
|-heal|p2a: Aperoludon|67/100|[from] ability: Hospitality|[of] p2b: Guinesstcha
|move|p1b: Ninetales|Blizzard|p2b: Guinesstcha|[spread] p2a,p2b
|-supereffective|p2b: Guinesstcha|1
|-crit|p2b: Guinesstcha
|-damage|p2a: Aperoludon|34/100
|-damage|p2b: Guinesstcha|0 fnt
|-status|p2a: Aperoludon|frz
|-ability|p2a: Aperoludon|Stamina|boost
|-boost|p2a: Aperoludon|def|1
|faint|p2b: Guinesstcha
|cant|p2a: Aperoludon|frz
|
|-weather|Snowscape|[upkeep]
|-heal|p2a: Aperoludon|39/100 frz|[from] item: Leftovers
|upkeep
|
|t:|1784742420
|switch|p2b: Kai-Pelipper|Pelipper, L50, F, shiny|100/100
|-weather|RainDance|[from] ability: Drizzle|[of] p2b: Kai-Pelipper
|turn|8
|
|t:|1784742430
|move|p1b: Ninetales|Blizzard|p2a: Aperoludon|[spread] p2a
|-miss|p1b: Ninetales|p2b: Kai-Pelipper
|-damage|p2a: Aperoludon|7/100 frz
|-ability|p2a: Aperoludon|Stamina|boost
|-boost|p2a: Aperoludon|def|1
|move|p2b: Kai-Pelipper|Weather Ball|p1b: Ninetales
|-damage|p1b: Ninetales|0 fnt
|faint|p1b: Ninetales
|
|win|HopsVGC
