|j|☆engoleseco
|j|☆Tovurnak
|html|engolesecoTovurnak    
|uhtml|bestof|Game 2 of a best-of-3
|t:|1756425034
|gametype|doubles
|player|p1|engoleseco|2|1028
|player|p2|Tovurnak|265|1052
|gen|9
|tier|[Gen 9] VGC 2025 Reg H (Bo3)
|rated|
|rule|Species Clause: Limit one of each Pokémon
|rule|Item Clause: Limit 1 of each item
|clearpoke
|poke|p1|Armarouge, L50, M|
|poke|p1|Gengar, L50, F|
|poke|p1|Ursaluna, L50, F|
|poke|p1|Indeedee-F, L50, F|
|poke|p1|Torkoal, L50, M|
|poke|p1|Gallade, L50, M|
|poke|p2|Sneasler, L50, M|
|poke|p2|Dragapult, L50, F|
|poke|p2|Primarina, L50, F|
|poke|p2|Rillaboom, L50, F|
|poke|p2|Kingambit, L50, M|
|poke|p2|Magmar, L50, F|
|teampreview|4
|showteam|p1|Armarouge||PsychicSeed|FlashFire|EnergyBall,TrickRoom,ExpandingForce,HeatWave|||M|||50|,,,,,Grass]Gengar||FocusSash|CursedBody|Taunt,ShadowBall,DarkPulse,SludgeBomb|||F|||50|,,,,,Dark]Ursaluna||FlameOrb|Guts|Facade,Protect,HeadlongRush,Earthquake|||F|||50|,,,,,Ghost]Indeedee-F||RockyHelmet|PsychicSurge|FollowMe,TrickRoom,Psychic,HelpingHand|||F|||50|,,,,,Grass]Torkoal||Charcoal|Drought|Eruption,WeatherBall,EarthPower,HeatWave|||M|||50|,,,,,Fire]Gallade||ClearAmulet|Steadfast|SacredSword,WideGuard,PsychoCut,TrickRoom|||M|||50|,,,,,Grass
|showteam|p2|Sneasler||FocusSash|PoisonTouch|CloseCombat,DireClaw,FakeOut,Protect|||M|||50|,,,,,Stellar]Dragapult||ChoiceBand|ClearBody|DragonDarts,TeraBlast,PhantomForce,Uturn|||F|||50|,,,,,Ghost]Primarina||SitrusBerry|LiquidVoice|HyperVoice,Moonblast,Haze,Protect|||F|||50|,,,,,Water]Rillaboom||AssaultVest|GrassySurge|WoodHammer,GrassyGlide,HighHorsepower,FakeOut|||F|||50|,,,,,Fire]Kingambit||BlackGlasses|Defiant|KowtowCleave,SuckerPunch,SwordsDance,Protect|||M|||50|,,,,,Ghost]Magmar||Eviolite|VitalSpirit|Overheat,WillOWisp,FollowMe,Protect|||F|||50|,,,,,Ghost
|inactive|Battle timer is ON: inactive players will automatically lose when time's up. (requested by engoleseco)
|inactive|Tovurnak has 60 seconds left.
|
|t:|1756425084
|teamsize|p1|4
|teamsize|p2|4
|start
|switch|p1a: Indeedee|Indeedee-F, L50, F|100/100
|switch|p1b: Armarouge|Armarouge, L50, M|100/100
|switch|p2a: Sneasler|Sneasler, L50, M|100/100
|switch|p2b: Kingambit|Kingambit, L50, M|100/100
|-fieldstart|move: Psychic Terrain|[from] ability: Psychic Surge|[of] p1a: Indeedee
|-enditem|p1b: Armarouge|Psychic Seed
|-boost|p1b: Armarouge|spd|1|[from] item: Psychic Seed
|turn|1
|inactive|engoleseco has 30 seconds left.
|inactive|Tovurnak has 30 seconds left.
|inactive|engoleseco has 20 seconds left.
|inactive|Tovurnak has 20 seconds left.
|inactive|engoleseco has 15 seconds left.
|inactive|Tovurnak has 15 seconds left.
|inactive|engoleseco has 10 seconds left.
|inactive|Tovurnak has 10 seconds left.
|inactive|Tovurnak has 5 seconds left.
|
|t:|1756425137
|switch|p2a: Rillaboom|Rillaboom, L50, F|100/100
|-fieldstart|move: Grassy Terrain|[from] ability: Grassy Surge|[of] p2a: Rillaboom
|-terastallize|p2b: Kingambit|Ghost
|move|p1a: Indeedee|Follow Me|p1a: Indeedee
|-singleturn|p1a: Indeedee|move: Follow Me
|move|p2b: Kingambit|Kowtow Cleave|p1a: Indeedee
|-supereffective|p1a: Indeedee
|-damage|p1a: Indeedee|0 fnt
|-damage|p2b: Kingambit|84/100|[from] item: Rocky Helmet|[of] p1a: Indeedee
|faint|p1a: Indeedee
|move|p1b: Armarouge|Trick Room|p1b: Armarouge
|-fieldstart|move: Trick Room|[of] p1b: Armarouge
|
|-heal|p2b: Kingambit|90/100|[from] Grassy Terrain
|upkeep
|
|t:|1756425150
|switch|p1a: Torkoal|Torkoal, L50, M|100/100
|-weather|SunnyDay|[from] ability: Drought|[of] p1a: Torkoal
|turn|2
|inactive|Tovurnak has 30 seconds left.
|
|t:|1756425184
|-terastallize|p1b: Armarouge|Grass
|move|p2a: Rillaboom|Fake Out|p1a: Torkoal
|-damage|p1a: Torkoal|90/100
|cant|p1a: Torkoal|flinch
|move|p2b: Kingambit|Kowtow Cleave|p1b: Armarouge
|-damage|p1b: Armarouge|45/100
|move|p1b: Armarouge|Heat Wave|p2a: Rillaboom|[spread] p2a,p2b
|-supereffective|p2a: Rillaboom
|-damage|p2a: Rillaboom|5/100
|-damage|p2b: Kingambit|37/100
|
|-weather|SunnyDay|[upkeep]
|-heal|p1a: Torkoal|96/100|[from] Grassy Terrain
|-heal|p2b: Kingambit|43/100|[from] Grassy Terrain
|-heal|p1b: Armarouge|51/100|[from] Grassy Terrain
|-heal|p2a: Rillaboom|11/100|[from] Grassy Terrain
|upkeep
|turn|3
|
|t:|1756425208
|switch|p2a: Magmar|Magmar, L50, F|100/100
|move|p2b: Kingambit|Protect|p2b: Kingambit
|-singleturn|p2b: Kingambit|Protect
|move|p1a: Torkoal|Eruption|p2b: Kingambit|[spread] p2a
|-activate|p2b: Kingambit|move: Protect
|-resisted|p2a: Magmar
|-damage|p2a: Magmar|70/100
|move|p1b: Armarouge|Heat Wave|p2a: Magmar|[spread] p2a
|-activate|p2b: Kingambit|move: Protect
|-resisted|p2a: Magmar
|-damage|p2a: Magmar|48/100
|
|-weather|SunnyDay|[upkeep]
|-heal|p1a: Torkoal|100/100|[from] Grassy Terrain
|-heal|p2b: Kingambit|49/100|[from] Grassy Terrain
|-heal|p1b: Armarouge|57/100|[from] Grassy Terrain
|-heal|p2a: Magmar|53/100|[from] Grassy Terrain
|upkeep
|turn|4
|inactive|Tovurnak has 30 seconds left.
|inactive|Tovurnak has 20 seconds left.
|inactive|Tovurnak has 15 seconds left.
|inactive|Tovurnak has 10 seconds left.
|inactive|Tovurnak has 5 seconds left.
|
|t:|1756425262
|move|p2b: Kingambit|Protect|p2b: Kingambit
|-singleturn|p2b: Kingambit|Protect
|move|p2a: Magmar|Protect|p2a: Magmar
|-singleturn|p2a: Magmar|Protect
|move|p1a: Torkoal|Eruption|p2b: Kingambit|[spread] 
|-activate|p2a: Magmar|move: Protect
|-activate|p2b: Kingambit|move: Protect
|move|p1b: Armarouge|Expanding Force|p2a: Magmar
|-activate|p2a: Magmar|move: Protect
|
|-weather|SunnyDay|[upkeep]
|-heal|p2b: Kingambit|55/100|[from] Grassy Terrain
|-heal|p1b: Armarouge|63/100|[from] Grassy Terrain
|-heal|p2a: Magmar|59/100|[from] Grassy Terrain
|upkeep
|turn|5
|inactive|engoleseco has 30 seconds left.
|inactive|Tovurnak has 30 seconds left.
|inactive|Tovurnak has 20 seconds left.
|
|t:|1756425298
|switch|p2b: Rillaboom|Rillaboom, L50, F|11/100
|move|p1a: Torkoal|Eruption|p2b: Rillaboom|[spread] p2a,p2b
|-resisted|p2a: Magmar
|-supereffective|p2b: Rillaboom
|-damage|p2a: Magmar|23/100
|-damage|p2b: Rillaboom|0 fnt
|faint|p2b: Rillaboom
|move|p1b: Armarouge|Heat Wave|p2a: Magmar
|-resisted|p2a: Magmar
|-damage|p2a: Magmar|0 fnt
|faint|p2a: Magmar
|
|-weather|SunnyDay|[upkeep]
|-heal|p1b: Armarouge|69/100|[from] Grassy Terrain
|-fieldend|move: Trick Room
|-fieldend|move: Grassy Terrain
|upkeep
|
|t:|1756425309
|switch|p2a: Kingambit|Kingambit, L50, M, tera:Ghost|55/100
|switch|p2b: Sneasler|Sneasler, L50, M|100/100
|turn|6
|inactive|engoleseco has 30 seconds left.
|inactive|Tovurnak has 30 seconds left.
|inactive|engoleseco has 20 seconds left.
|inactive|Tovurnak has 20 seconds left.
|inactive|engoleseco has 15 seconds left.
|inactive|Tovurnak has 15 seconds left.
|inactive|Tovurnak has 10 seconds left.
|
|t:|1756425358
|move|p2b: Sneasler|Dire Claw|p1b: Armarouge
|-supereffective|p1b: Armarouge
|-damage|p1b: Armarouge|0 fnt
|faint|p1b: Armarouge
|move|p2a: Kingambit|Kowtow Cleave|p1a: Torkoal
|-damage|p1a: Torkoal|55/100
|move|p1a: Torkoal|Weather Ball|p2a: Kingambit
|-damage|p2a: Kingambit|0 fnt
|faint|p2a: Kingambit
|
|-weather|none
|upkeep
|
|t:|1756425365
|switch|p1b: Ursaluna|Ursaluna, L50, F|100/100
|turn|7
|
|t:|1756425377
|move|p2b: Sneasler|Close Combat|p1a: Torkoal
|-damage|p1a: Torkoal|2/100
|-unboost|p2b: Sneasler|def|1
|-unboost|p2b: Sneasler|spd|1
|-status|p1a: Torkoal|psn|[from] ability: Poison Touch|[of] p2b: Sneasler
|move|p1b: Ursaluna|Headlong Rush|p2b: Sneasler
|-supereffective|p2b: Sneasler
|-enditem|p2b: Sneasler|Focus Sash
|-damage|p2b: Sneasler|1/100
|-unboost|p1b: Ursaluna|def|1
|-unboost|p1b: Ursaluna|spd|1
|move|p1a: Torkoal|Weather Ball|p2b: Sneasler
|-damage|p2b: Sneasler|0 fnt
|faint|p2b: Sneasler
|
|win|engoleseco
||engoleseco is ready for game 3.
||Tovurnak is ready for game 3.
|uhtml|next|Next: Game 3 of 3
|l|☆Tovurnak
|player|p2|
