|j|☆JayQuin05
|j|☆ProfGenius
|html|JayQuin05ProfGenius    
|uhtml|bestof|Game 2 of a best-of-3
|t:|1782193820
|gametype|doubles
|player|p1|JayQuin05|red|
|player|p2|ProfGenius|170|
|gen|9
|tier|[Gen 9 Champions] VGC 2026 Reg M-B (Bo3)
|rule|Species Clause: Limit one of each Pokémon
|rule|Item Clause: Limit 1 of each item
|clearpoke
|poke|p1|Blaziken, L50, F|
|poke|p1|Gholdengo, L50|
|poke|p1|Corviknight, L50, F|
|poke|p1|Rotom-Wash, L50|
|poke|p1|Incineroar, L50, M|
|poke|p1|Palafin, L50, M|
|poke|p2|Gengar, L50, M|
|poke|p2|Umbreon, L50, M|
|poke|p2|Noivern, L50, F|
|poke|p2|Kingambit, L50, F, shiny|
|poke|p2|Garchomp, L50, M|
|poke|p2|Ceruledge, L50, M|
|teampreview|4
|showteam|p1|Blaziken||Blazikenite|SpeedBoost|Protect,BlazeKick,CloseCombat,Detect|Adamant||F|||50|]Gholdengo||LifeOrb|GoodasGold|MakeItRain,NastyPlot,ShadowBall,Reflect|Modest|||||50|]Corviknight||SitrusBerry|Pressure|Tailwind,IronDefense,HeavySlam,Roost|Bold||F|||50|]Rotom-Wash||ExpertBelt|Levitate|Thunder,RainDance,Protect,ShadowBall|Modest|||||50|]Incineroar||Leftovers|Intimidate|FlareBlitz,PartingShot,FakeOut,DarkestLariat|Adamant||M|||50|]Palafin||ChoiceScarf|ZerotoHero|FlipTurn,FocusPunch,IcePunch,Waterfall|Adamant||M|||50|
|showteam|p2|Gengar||Gengarite|CursedBody|ShadowBall,IcyWind,Protect,SludgeBomb|Timid||M|||50|]Umbreon||SitrusBerry|Synchronize|FoulPlay,Protect,HelpingHand,Snarl|Careful||M|||50|]Noivern||FocusSash|Infiltrator|DracoMeteor,Protect,Hurricane,Tailwind|Timid||F|||50|]Kingambit||BlackGlasses|SupremeOverlord|SuckerPunch,Protect,KowtowCleave,IronHead|Adamant||F|||50|]Garchomp||YacheBerry|RoughSkin|RockSlide,Earthquake,StompingTantrum,Protect|Impish||M|||50|]Ceruledge||ChoiceScarf|FlashFire|BitterBlade,BulkUp,CloseCombat,Curse|Serious||M|||50|
|
|t:|1782193837
|teamsize|p1|4
|teamsize|p2|4
|start
|switch|p1a: Blaziken|Blaziken, L50, F|100/100
|switch|p1b: Incineroar|Incineroar, L50, M|100/100
|switch|p2a: Gengar|Gengar, L50, M|100/100
|switch|p2b: Noivern|Noivern, L50, F|100/100
|-ability|p1b: Incineroar|Intimidate|boost
|-unboost|p2a: Gengar|atk|1
|-unboost|p2b: Noivern|atk|1
|turn|1
|
|t:|1782193880
|detailschange|p2a: Gengar|Gengar-Mega, L50, M
|-mega|p2a: Gengar|Gengar|Gengarite
|detailschange|p1a: Blaziken|Blaziken-Mega, L50, F
|-mega|p1a: Blaziken|Blaziken|Blazikenite
|move|p1a: Blaziken|Protect|p1a: Blaziken
|-singleturn|p1a: Blaziken|Protect
|move|p2a: Gengar|Sludge Bomb|p1b: Incineroar
|-damage|p1b: Incineroar|46/100
|move|p2b: Noivern|Hurricane|p1a: Blaziken
|-activate|p1a: Blaziken|move: Protect
|move|p1b: Incineroar|Darkest Lariat|p2a: Gengar
|-supereffective|p2a: Gengar|1
|-damage|p2a: Gengar|0 fnt
|faint|p2a: Gengar
|
|-heal|p1b: Incineroar|52/100|[from] item: Leftovers
|-ability|p1a: Blaziken|Speed Boost|boost
|-boost|p1a: Blaziken|spe|1
|upkeep
|
|t:|1782193899
|switch|p2a: Garchomp|Garchomp, L50, M|100/100
|turn|2
|
|t:|1782193921
|move|p1a: Blaziken|Close Combat|p2a: Garchomp
|-damage|p2a: Garchomp|26/100
|-unboost|p1a: Blaziken|def|1
|-unboost|p1a: Blaziken|spd|1
|-damage|p1a: Blaziken|87/100|[from] ability: Rough Skin|[of] p2a: Garchomp
|move|p2b: Noivern|Draco Meteor|p1a: Blaziken
|-damage|p1a: Blaziken|0 fnt
|-unboost|p2b: Noivern|spa|2
|faint|p1a: Blaziken
|move|p2a: Garchomp|Earthquake|p1b: Incineroar|[spread] p1b
|-immune|p2b: Noivern
|-supereffective|p1b: Incineroar|1
|-damage|p1b: Incineroar|0 fnt
|faint|p1b: Incineroar
|
|upkeep
|
|t:|1782193937
|switch|p1a: Palafin|Palafin, L50, M|100/100
|switch|p1b: Rotom|Rotom-Wash, L50|100/100
|turn|3
|
|t:|1782193950
|move|p1a: Palafin|Flip Turn|p2a: Garchomp
|-damage|p2a: Garchomp|4/100
|-damage|p1a: Palafin|88/100|[from] ability: Rough Skin|[of] p2a: Garchomp
|move|p2b: Noivern|Tailwind|p2b: Noivern
|-sidestart|p2: ProfGenius|move: Tailwind
|move|p2a: Garchomp|Rock Slide|p1a: Palafin|[spread] p1a,p1b
|-damage|p1a: Palafin|59/100
|-damage|p1b: Rotom|77/100
|move|p1b: Rotom|Rain Dance|p1b: Rotom
|-weather|RainDance
|
|-weather|RainDance|[upkeep]
|upkeep
|turn|4
|
|t:|1782193983
|move|p2a: Garchomp|Protect|p2a: Garchomp
|-singleturn|p2a: Garchomp|Protect
|move|p1b: Rotom|Protect|p1b: Rotom
|-singleturn|p1b: Rotom|Protect
|move|p2b: Noivern|Draco Meteor|p1a: Palafin
|-damage|p1a: Palafin|18/100
|-unboost|p2b: Noivern|spa|2
|move|p1a: Palafin|Flip Turn|p2a: Garchomp
|-activate|p2a: Garchomp|move: Protect
|
|-weather|RainDance|[upkeep]
|upkeep
|turn|5
|
|t:|1782194005
|switch|p2a: Kingambit|Kingambit, L50, F, shiny|100/100
|-activate|p2a: Kingambit|ability: Supreme Overlord
|-start|p2a: Kingambit|fallen1|[silent]
|move|p2b: Noivern|Draco Meteor|p1a: Palafin
|-damage|p1a: Palafin|0 fnt
|-unboost|p2b: Noivern|spa|2
|faint|p1a: Palafin
|move|p1b: Rotom|Thunder|p2b: Noivern
|-damage|p2b: Noivern|32/100
|
|-weather|RainDance|[upkeep]
|upkeep
|turn|6
|
|t:|1782194041
|move|p2a: Kingambit|Sucker Punch|p1b: Rotom
|-damage|p1b: Rotom|7/100
|move|p2b: Noivern|Draco Meteor|p1b: Rotom
|-damage|p1b: Rotom|0 fnt
|faint|p1b: Rotom
|
|win|ProfGenius
