|j|☆natsukivgc
|j|☆nanum56770
|html|natsukivgcnanum56770    
|uhtml|bestof|Game 1 of a best-of-3
|t:|1785664019
|gametype|doubles
|player|p1|natsukivgc|265|1199
|player|p2|nanum56770|2|1029
|gen|9
|tier|[Gen 9 Champions] VGC 2026 Reg M-B (Bo3)
|rated|
|rule|Species Clause: Limit one of each Pokémon
|rule|Item Clause: Limit 1 of each item
|clearpoke
|poke|p1|Garchomp, L50, F|
|poke|p1|Charizard, L50, F|
|poke|p1|Kingambit, L50, M|
|poke|p1|Basculegion, L50, M|
|poke|p1|Whimsicott, L50, F|
|poke|p1|Floette-Eternal, L50, F|
|poke|p2|Ceruledge, L50, M|
|poke|p2|Malamar, L50, M|
|poke|p2|Milotic, L50, M|
|poke|p2|Morpeko, L50, M|
|poke|p2|Sableye, L50, M|
|poke|p2|Basculegion, L50, M|
|teampreview|4
|showteam|p1|Garchomp||SitrusBerry|RoughSkin|RockSlide,DragonTail,StompingTantrum,PoisonJab|Adamant||F|||50|]Charizard||CharizarditeY|Blaze|HeatWave,SolarBeam,WeatherBall,Protect|Modest||F|||50|]Kingambit||LifeOrb|Defiant|KowtowCleave,IronHead,SuckerPunch,LowKick|Adamant||M|||50|]Basculegion||ChoiceScarf|Adaptability|LastRespects,WaveCrash,FlipTurn,AquaJet|Jolly||M|||50|]Whimsicott||FocusSash|Prankster|Tailwind,Moonblast,Encore,Protect|Timid||F|||50|]Floette-Eternal||Floettite|FlowerVeil|DazzlingGleam,Moonblast,LightofRuin,Protect|Modest||F|||50|
|showteam|p2|Ceruledge||ChopleBerry|WeakArmor|ShadowSneak,Protect,BulkUp,BitterBlade|Jolly||M|||50|]Malamar||Malamarite|Contrary|Superpower,ZenHeadbutt,KnockOff,Protect|Adamant||M|||50|]Milotic||Leftovers|Competitive|Coil,Hypnosis,Scald,Recover|Bold||M|||50|]Morpeko||ChoiceScarf|HungerSwitch|PsychicFangs,Protect,AuraWheel,PartingShot|Jolly||M|||50|]Sableye||MentalHerb|Prankster|WillOWisp,Taunt,LightScreen,Reflect|Relaxed||M|||50|]Basculegion||QuickClaw|Adaptability|Protect,WaveCrash,AquaJet,LastRespects|Hasty||M|||50|
|inactive|Battle timer is ON: inactive players will automatically lose when time's up. (requested by nanum56770)
|inactive|natsukivgc has 60 seconds left.
|inactive|natsukivgc has 30 seconds left.
|inactive|natsukivgc has 20 seconds left.
|inactive|natsukivgc has 15 seconds left.
|inactive|natsukivgc has 10 seconds left.
|
|t:|1785664104
|teamsize|p1|4
|teamsize|p2|4
|start
|switch|p1a: Whimsicott|Whimsicott, L50, F|100/100
|switch|p1b: Floette|Floette-Eternal, L50, F|100/100
|switch|p2a: Morpeko|Morpeko, L50, M|100/100
|switch|p2b: Milotic|Milotic, L50, M|100/100
|turn|1
|inactive|natsukivgc has 30 seconds left.
|inactive|natsukivgc has 20 seconds left.
|inactive|natsukivgc has 15 seconds left.
|inactive|natsukivgc has 10 seconds left.
|inactive|natsukivgc has 5 seconds left.
|
|t:|1785664156
|detailschange|p1b: Floette|Floette-Mega, L50, F
|-mega|p1b: Floette|Floette|Floettite
|-ability|p1b: Floette|Fairy Aura
|move|p1a: Whimsicott|Tailwind|p1a: Whimsicott
|-sidestart|p1: natsukivgc|move: Tailwind
|move|p1b: Floette|Dazzling Gleam|p2a: Morpeko|[spread] p2a,p2b
|-supereffective|p2a: Morpeko|1
|-damage|p2a: Morpeko|0 fnt
|-damage|p2b: Milotic|67/100
|faint|p2a: Morpeko
|move|p2b: Milotic|Coil|p2b: Milotic
|-boost|p2b: Milotic|atk|1
|-boost|p2b: Milotic|def|1
|-boost|p2b: Milotic|accuracy|1
|
|-heal|p2b: Milotic|73/100|[from] item: Leftovers
|upkeep
|
|t:|1785664167
|switch|p2a: Sableye|Sableye, L50, M|100/100
|turn|2
|inactive|natsukivgc has 30 seconds left.
|inactive|natsukivgc has 20 seconds left.
|
|t:|1785664204
|move|p1a: Whimsicott|Encore|p2b: Milotic
|-start|p2b: Milotic|Encore
|move|p2a: Sableye|Light Screen|p2a: Sableye
|-sidestart|p2: nanum56770|move: Light Screen
|move|p1b: Floette|Moonblast|p2a: Sableye
|-supereffective|p2a: Sableye|1
|-damage|p2a: Sableye|0 fnt
|faint|p2a: Sableye
|move|p2b: Milotic|Coil|p2b: Milotic
|-boost|p2b: Milotic|atk|1
|-boost|p2b: Milotic|def|1
|-boost|p2b: Milotic|accuracy|1
|
|-heal|p2b: Milotic|79/100|[from] item: Leftovers
|upkeep
|
|t:|1785664214
|switch|p2a: Malamar|Malamar, L50, M|100/100
|turn|3
|inactive|natsukivgc has 30 seconds left.
|
|t:|1785664243
|detailschange|p2a: Malamar|Malamar-Mega, L50, M
|-mega|p2a: Malamar|Malamar|Malamarite
|move|p1a: Whimsicott|Protect|p1a: Whimsicott
|-singleturn|p1a: Whimsicott|Protect
|move|p1b: Floette|Light of Ruin|p2a: Malamar
|-supereffective|p2a: Malamar|1
|-damage|p2a: Malamar|1/100
|-damage|p1b: Floette|39/100|[from] Recoil
|move|p2a: Malamar|Zen Headbutt|p1b: Floette
|-damage|p1b: Floette|6/100
|move|p2b: Milotic|Coil|p2b: Milotic
|-boost|p2b: Milotic|atk|1
|-boost|p2b: Milotic|def|1
|-boost|p2b: Milotic|accuracy|1
|
|-heal|p2b: Milotic|85/100|[from] item: Leftovers
|upkeep
|turn|4
|inactive|natsukivgc has 30 seconds left.
|inactive|nanum56770 has 30 seconds left.
|
|t:|1785664279
|move|p2a: Malamar|Protect|p2a: Malamar
|-singleturn|p2a: Malamar|Protect
|move|p1a: Whimsicott|Moonblast|p2a: Malamar
|-activate|p2a: Malamar|move: Protect
|move|p1b: Floette|Moonblast|p2a: Malamar
|-activate|p2a: Malamar|move: Protect
|move|p2b: Milotic|Coil|p2b: Milotic
|-boost|p2b: Milotic|atk|1
|-boost|p2b: Milotic|def|1
|-boost|p2b: Milotic|accuracy|1
|
|-heal|p2b: Milotic|91/100|[from] item: Leftovers
|-end|p2b: Milotic|Encore
|-sideend|p1: natsukivgc|move: Tailwind
|upkeep
|turn|5
|
|t:|1785664303
|move|p1a: Whimsicott|Encore|p2b: Milotic
|-start|p2b: Milotic|Encore
|move|p1b: Floette|Dazzling Gleam|p2b: Milotic|[spread] p2a,p2b
|-supereffective|p2a: Malamar|1
|-damage|p2a: Malamar|0 fnt
|-damage|p2b: Milotic|69/100
|faint|p2a: Malamar
|move|p2b: Milotic|Coil|p2b: Milotic
|-boost|p2b: Milotic|atk|1
|-boost|p2b: Milotic|def|1
|-boost|p2b: Milotic|accuracy|1
|
|-heal|p2b: Milotic|75/100|[from] item: Leftovers
|upkeep
|turn|6
|-message|nanum56770 forfeited.
|
|win|natsukivgc
