|j|☆Storm2184
|j|☆tortilla sorpresa
|html|Storm2184tortilla sorpresa    
|uhtml|bestof|Game 1 of a best-of-3
|t:|1756400226
|gametype|doubles
|player|p1|Storm2184|102|1033
|player|p2|tortilla sorpresa|ghetsis-gen5bw|1098
|gen|9
|tier|[Gen 9] VGC 2025 Reg H (Bo3)
|rated|
|rule|Species Clause: Limit one of each Pokémon
|rule|Item Clause: Limit 1 of each item
|clearpoke
|poke|p1|Indeedee-F, L50, F|
|poke|p1|Amoonguss, L50, F|
|poke|p1|Torkoal, L50, M|
|poke|p1|Rabsca, L50, M|
|poke|p1|Ursaluna, L50, M|
|poke|p1|Armarouge, L50, M|
|poke|p2|Weezing-Galar, L50, M|
|poke|p2|Sneasler, L50, M|
|poke|p2|Toedscruel, L50, F|
|poke|p2|Pelipper, L50, M|
|poke|p2|Basculegion, L50, M|
|poke|p2|Archaludon, L50, M|
|teampreview|4
|showteam|p1|Indeedee-F||SafetyGoggles|PsychicSurge|TrickRoom,FollowMe,HelpingHand,DazzlingGleam|||F|||50|,,,,,Fairy]Amoonguss||RockyHelmet|Regenerator|Spore,PollenPuff,RagePowder,Protect|||F|||50|,,,,,Water]Torkoal||Charcoal|Drought|Protect,SolarBeam,LavaPlume,Eruption|||M|||50|,,,,,Fire]Rabsca||FocusSash|Telepathy|RevivalBlessing,StruggleBug,ExpandingForce,TrickRoom|||M|||50|,,,,,Psychic]Ursaluna||FlameOrb|Guts|Facade,HeadlongRush,Earthquake,Protect|||M|||50|,,,,,Ghost]Armarouge||LifeOrb|FlashFire|ExpandingForce,ArmorCannon,WideGuard,Protect|||M|||50|,,,,,Grass
|showteam|p2|Weezing-Galar||SitrusBerry|NeutralizingGas|DazzlingGleam,Taunt,Protect,SludgeBomb|||M|||50|,,,,,Fire]Sneasler||FocusSash|Unburden|ThroatChop,DireClaw,CloseCombat,FakeOut|||M|||50|,,,,,Dark]Toedscruel||CovertCloak|MyceliumMight|Spore,RagePowder,LeafStorm,EarthPower|||F|||50|,,,,,Ground]Pelipper||AbilityShield|Drizzle|Tailwind,Hurricane,Protect,WideGuard|||M|||50|,,,,,Ground]Basculegion||LifeOrb|SwiftSwim|AquaJet,WaveCrash,Protect,LastRespects|||M|||50|,,,,,Grass]Archaludon||AssaultVest|Stamina|ElectroShot,FlashCannon,DracoMeteor,BodyPress|||M|||50|,,,,,Bug
|inactive|Battle timer is ON: inactive players will automatically lose when time's up. (requested by tortilla sorpresa)
|inactive|Storm2184 also wants the timer to be on.
|
|t:|1756400256
|teamsize|p1|4
|teamsize|p2|4
|start
|switch|p1a: Rabsca|Rabsca, L50, M|100/100
|switch|p1b: Indeedee|Indeedee-F, L50, F|100/100
|switch|p2a: Weezing|Weezing-Galar, L50, M|100/100
|switch|p2b: Toedscruel|Toedscruel, L50, F|100/100
|-ability|p2a: Weezing|Neutralizing Gas
|turn|1
|
|t:|1756400274
|move|p1b: Indeedee|Follow Me|p1b: Indeedee
|-singleturn|p1b: Indeedee|move: Follow Me
|move|p2b: Toedscruel|Earth Power|p1b: Indeedee
|-damage|p1b: Indeedee|80/100
|-unboost|p1b: Indeedee|spd|1
|move|p2a: Weezing|Taunt|p1b: Indeedee
|-start|p1b: Indeedee|move: Taunt
|move|p1a: Rabsca|Trick Room|p1a: Rabsca
|-fieldstart|move: Trick Room|[of] p1a: Rabsca
|
|upkeep
|turn|2
|inactive|Storm2184 has 30 seconds left.
|
|t:|1756400300
|move|p1a: Rabsca|Expanding Force|p2a: Weezing
|-supereffective|p2a: Weezing
|-damage|p2a: Weezing|0 fnt
|faint|p2a: Weezing
|-end|p2a: Weezing|ability: Neutralizing Gas
|-fieldstart|move: Psychic Terrain|[from] ability: Psychic Surge|[of] p1b: Indeedee
|move|p1b: Indeedee|Dazzling Gleam|p2b: Toedscruel
|-crit|p2b: Toedscruel
|-damage|p2b: Toedscruel|76/100
|move|p2b: Toedscruel|Earth Power|p1b: Indeedee
|-damage|p1b: Indeedee|50/100
|
|upkeep
|inactive|tortilla sorpresa has 30 seconds left.
|inactive|tortilla sorpresa has 20 seconds left.
|inactive|tortilla sorpresa has 15 seconds left.
|
|t:|1756400342
|switch|p2a: Pelipper|Pelipper, L50, M|100/100
|-weather|RainDance|[from] ability: Drizzle|[of] p2a: Pelipper
|turn|3
|
|t:|1756400361
|switch|p2a: Archaludon|Archaludon, L50, M|100/100
|-terastallize|p2b: Toedscruel|Ground
|move|p1a: Rabsca|Expanding Force|p2b: Toedscruel|[spread] p2a,p2b
|-resisted|p2a: Archaludon
|-damage|p2a: Archaludon|75/100
|-damage|p2b: Toedscruel|22/100
|-ability|p2a: Archaludon|Stamina|boost
|-boost|p2a: Archaludon|def|1
|move|p1b: Indeedee|Dazzling Gleam|p2a: Archaludon|[spread] p2a,p2b
|-damage|p2a: Archaludon|66/100
|-damage|p2b: Toedscruel|10/100
|-ability|p2a: Archaludon|Stamina|boost
|-boost|p2a: Archaludon|def|1
|move|p2b: Toedscruel|Earth Power|p1b: Indeedee
|-damage|p1b: Indeedee|6/100
|-unboost|p1b: Indeedee|spd|1
|
|-weather|RainDance|[upkeep]
|upkeep
|turn|4
|
|t:|1756400383
|move|p1a: Rabsca|Struggle Bug|p2a: Archaludon|[spread] p2a,p2b
|-resisted|p2a: Archaludon
|-crit|p2a: Archaludon
|-damage|p2a: Archaludon|54/100
|-damage|p2b: Toedscruel|0 fnt
|-unboost|p2a: Archaludon|spa|1
|-ability|p2a: Archaludon|Stamina|boost
|-boost|p2a: Archaludon|def|1
|faint|p2b: Toedscruel
|move|p1b: Indeedee|Dazzling Gleam|p2a: Archaludon
|-damage|p2a: Archaludon|41/100
|-ability|p2a: Archaludon|Stamina|boost
|-boost|p2a: Archaludon|def|1
|move|p2a: Archaludon|Electro Shot||[still]
|-prepare|p2a: Archaludon|Electro Shot
|-boost|p2a: Archaludon|spa|1
|-anim|p2a: Archaludon|Electro Shot|p1a: Rabsca
|-damage|p1a: Rabsca|62/100
|
|-weather|RainDance|[upkeep]
|-end|p1b: Indeedee|move: Taunt
|upkeep
|
|t:|1756400397
|switch|p2b: Pelipper|Pelipper, L50, M|100/100
|turn|5
|
|t:|1756400413
|move|p1b: Indeedee|Helping Hand|p1a: Rabsca
|-singleturn|p1a: Rabsca|Helping Hand|[of] p1b: Indeedee
|move|p2b: Pelipper|Wide Guard|p2b: Pelipper
|-singleturn|p2b: Pelipper|Wide Guard
|move|p1a: Rabsca|Expanding Force|p2a: Archaludon|[spread] 
|-activate|p2a: Archaludon|move: Wide Guard
|-activate|p2b: Pelipper|move: Wide Guard
|move|p2a: Archaludon|Body Press|p1b: Indeedee
|-damage|p1b: Indeedee|0 fnt
|faint|p1b: Indeedee
|
|-weather|RainDance|[upkeep]
|-fieldend|move: Trick Room
|upkeep
|
|t:|1756400423
|switch|p1b: Torkoal|Torkoal, L50, M|100/100
|-weather|SunnyDay|[from] ability: Drought|[of] p1b: Torkoal
|turn|6
|
|t:|1756400445
|move|p2a: Archaludon|Body Press|p1b: Torkoal
|-damage|p1b: Torkoal|43/100
|move|p2b: Pelipper|Hurricane|p1b: Torkoal
|-damage|p1b: Torkoal|0 fnt
|faint|p1b: Torkoal
|move|p1a: Rabsca|Trick Room|p1a: Rabsca
|-fieldstart|move: Trick Room|[of] p1a: Rabsca
|
|-weather|SunnyDay|[upkeep]
|-fieldend|move: Psychic Terrain
|upkeep
|
|t:|1756400451
|switch|p1b: Armarouge|Armarouge, L50, M|100/100
|turn|7
|
|t:|1756400462
|move|p2b: Pelipper|Wide Guard|p2b: Pelipper
|-singleturn|p2b: Pelipper|Wide Guard
|move|p1a: Rabsca|Expanding Force|p2a: Archaludon
|-resisted|p2a: Archaludon
|-damage|p2a: Archaludon|25/100
|-ability|p2a: Archaludon|Stamina|boost
|-boost|p2a: Archaludon|def|1
|move|p1b: Armarouge|Armor Cannon|p2a: Archaludon
|-damage|p2a: Archaludon|0 fnt
|-unboost|p1b: Armarouge|def|1
|-unboost|p1b: Armarouge|spd|1
|faint|p2a: Archaludon
|-damage|p1b: Armarouge|91/100|[from] item: Life Orb
|
|-weather|SunnyDay|[upkeep]
|upkeep
|turn|8
|
|t:|1756400479
|move|p1a: Rabsca|Expanding Force|p2b: Pelipper
|-damage|p2b: Pelipper|47/100
|move|p1b: Armarouge|Expanding Force|p2b: Pelipper
|-damage|p2b: Pelipper|0 fnt
|faint|p2b: Pelipper
|-damage|p1b: Armarouge|81/100|[from] item: Life Orb
|
|win|Storm2184
||tortilla sorpresa is ready for game 2.
