|j|☆septicjewel67
|j|☆xatudrip
|html|septicjewel67xatudrip    
|uhtml|bestof|Game 2 of a best-of-3
|t:|1784065184
|gametype|doubles
|player|p1|septicjewel67|266|
|player|p2|xatudrip|kris-gen2|
|gen|9
|tier|[Gen 9 Champions] VGC 2026 Reg M-B (Bo3)
|rule|Species Clause: Limit one of each Pokémon
|rule|Item Clause: Limit 1 of each item
|clearpoke
|poke|p1|Crabominable, L50, F|
|poke|p1|Farigiraf, L50, F|
|poke|p1|Diggersby, L50, F|
|poke|p1|Meowstic, L50, M|
|poke|p1|Torkoal, L50, F|
|poke|p1|Sinistcha, L50|
|poke|p2|Sneasler, L50, F|
|poke|p2|Archaludon, L50, M|
|poke|p2|Pelipper, L50, F|
|poke|p2|Gardevoir, L50, M|
|poke|p2|Ariados, L50, M|
|poke|p2|Watchog, L50, M|
|teampreview|4
|showteam|p1|Crabominable||Crabominite|IronFist|Protect,IcePunch,DrainPunch,MachPunch|Adamant||F|||50|]Farigiraf||MentalHerb|ArmorTail|Psychic,FoulPlay,TrickRoom,HelpingHand|Sassy||F|||50|]Diggersby||SilkScarf|HugePower|HighHorsepower,QuickAttack,BodySlam,Protect|Brave||F|||50|]Meowstic||FocusSash|Prankster|LightScreen,FakeOut,Imprison,Psychic|Calm||M|||50|]Torkoal||Charcoal|Drought|Eruption,Flamethrower,EarthPower,Protect|Quiet||F|||50|]Sinistcha||SitrusBerry|Hospitality|MatchaGotcha,TrickRoom,RagePowder,ShadowBall|Quiet|||||50|
|showteam|p2|Sneasler||WhiteHerb|Unburden|CloseCombat,DireClaw,Protect,FakeOut|Adamant||F|||50|]Archaludon||Leftovers|Stamina|ElectroShot,FlashCannon,DracoMeteor,Protect|Timid||M|||50|]Pelipper||WacanBerry|Drizzle|Tailwind,Hurricane,WeatherBall,Protect|Bold||F|||50|]Gardevoir||Gardevoirite|Trace|HyperVoice,Moonblast,Psychic,Protect|Timid||M|||50|]Ariados||FocusSash|Swarm|FirstImpression,StringShot,KnockOff,AcidSpray|Brave||M|||50|]Watchog||ChoiceScarf|Analytic|Hypnosis,SuperFang,Bite,RainDance|Jolly||M|||50|
|j| Autin Mago
|
|t:|1784065216
|teamsize|p1|4
|teamsize|p2|4
|start
|switch|p1a: Farigiraf|Farigiraf, L50, F|100/100
|switch|p1b: Torkoal|Torkoal, L50, F|100/100
|switch|p2a: Watchog|Watchog, L50, M|100/100
|switch|p2b: Sneasler|Sneasler, L50, F|100/100
|-weather|SunnyDay|[from] ability: Drought|[of] p1b: Torkoal
|turn|1
|
|t:|1784065238
|move|p2a: Watchog|Rain Dance|p2a: Watchog
|-weather|RainDance
|move|p2b: Sneasler|Dire Claw|p1a: Farigiraf
|-damage|p1a: Farigiraf|61/100
|-status|p1a: Farigiraf|psn
|move|p1b: Torkoal|Eruption|p2b: Sneasler|[spread] p2a,p2b
|-damage|p2a: Watchog|48/100
|-damage|p2b: Sneasler|63/100
|move|p1a: Farigiraf|Trick Room|p1a: Farigiraf
|-fieldstart|move: Trick Room|[of] p1a: Farigiraf
|
|-weather|RainDance|[upkeep]
|-damage|p1a: Farigiraf|49/100 psn|[from] psn
|upkeep
|turn|2
|
|t:|1784065255
|switch|p1b: Crabominable|Crabominable, L50, F|100/100
|switch|p2a: Gardevoir|Gardevoir, L50, M|100/100
|-ability|p2a: Gardevoir|Iron Fist|Trace|[from] ability: Trace|[of] p1b: Crabominable
|move|p1a: Farigiraf|Psychic|p2b: Sneasler
|-supereffective|p2b: Sneasler|2
|-damage|p2b: Sneasler|0 fnt
|faint|p2b: Sneasler
|
|-weather|RainDance|[upkeep]
|-damage|p1a: Farigiraf|37/100 psn|[from] psn
|upkeep
|
|t:|1784065265
|switch|p2b: Watchog|Watchog, L50, M|48/100
|turn|3
|
|t:|1784065298
|detailschange|p1b: Crabominable|Crabominable-Mega, L50, F
|-mega|p1b: Crabominable|Crabominable|Crabominite
|detailschange|p2a: Gardevoir|Gardevoir-Mega, L50, M
|-mega|p2a: Gardevoir|Gardevoir|Gardevoirite
|move|p1b: Crabominable|Ice Punch|p2a: Gardevoir
|-damage|p2a: Gardevoir|4/100
|move|p1a: Farigiraf|Psychic|p2b: Watchog
|-damage|p2b: Watchog|0 fnt
|faint|p2b: Watchog
|move|p2a: Gardevoir|Hyper Voice|p1b: Crabominable|[spread] p1a,p1b
|-supereffective|p1b: Crabominable|1
|-damage|p1a: Farigiraf|0 fnt
|-damage|p1b: Crabominable|22/100
|faint|p1a: Farigiraf
|
|-weather|RainDance|[upkeep]
|upkeep
|
|t:|1784065309
|switch|p1a: Torkoal|Torkoal, L50, F|100/100
|switch|p2b: Pelipper|Pelipper, L50, F|100/100
|-weather|SunnyDay|[from] ability: Drought|[of] p1a: Torkoal
|-weather|RainDance|[from] ability: Drizzle|[of] p2b: Pelipper
|turn|4
|
|t:|1784065322
|switch|p1a: Sinistcha|Sinistcha, L50|100/100
|-heal|p1b: Crabominable|47/100|[from] ability: Hospitality|[of] p1a: Sinistcha
|move|p1b: Crabominable|Protect|p1b: Crabominable
|-singleturn|p1b: Crabominable|Protect
|move|p2a: Gardevoir|Protect|p2a: Gardevoir
|-singleturn|p2a: Gardevoir|Protect
|move|p2b: Pelipper|Weather Ball|p1a: Sinistcha
|-resisted|p1a: Sinistcha|1
|-damage|p1a: Sinistcha|71/100
|
|-weather|RainDance|[upkeep]
|upkeep
|turn|5
|
|t:|1784065339
|switch|p1a: Torkoal|Torkoal, L50, F|100/100
|-weather|SunnyDay|[from] ability: Drought|[of] p1a: Torkoal
|move|p2b: Pelipper|Protect|p2b: Pelipper
|-singleturn|p2b: Pelipper|Protect
|move|p2a: Gardevoir|Protect||[still]
|-fail|p2a: Gardevoir
|move|p1b: Crabominable|Mach Punch|p2a: Gardevoir
|-resisted|p2a: Gardevoir|2
|-damage|p2a: Gardevoir|0 fnt
|faint|p2a: Gardevoir
|
|-weather|SunnyDay|[upkeep]
|-fieldend|move: Trick Room
|upkeep
|turn|6
|l| Autin Mago
|c|☆xatudrip|ggs
|
|t:|1784065360
|move|p2b: Pelipper|Hurricane|p1b: Crabominable
|-supereffective|p1b: Crabominable|1
|-damage|p1b: Crabominable|0 fnt
|faint|p1b: Crabominable
|move|p1a: Torkoal|Flamethrower|p2b: Pelipper
|-resisted|p2b: Pelipper|1
|-damage|p2b: Pelipper|51/100
|
|-weather|SunnyDay|[upkeep]
|upkeep
|
|t:|1784065363
|switch|p1b: Sinistcha|Sinistcha, L50|71/100
|turn|7
|c|☆xatudrip|wauthog couldnt make it happen
|
|t:|1784065370
|move|p2b: Pelipper|Weather Ball|p1b: Sinistcha
|-supereffective|p1b: Sinistcha|1
|-damage|p1b: Sinistcha|0 fnt
|faint|p1b: Sinistcha
|move|p1a: Torkoal|Eruption|p2b: Pelipper
|-resisted|p2b: Pelipper|1
|-damage|p2b: Pelipper|0 fnt
|faint|p2b: Pelipper
|
|win|septicjewel67
|c|☆septicjewel67|GG
