|j|☆exessvgc
|j|☆beni_9
|html|exessvgcbeni_9    
|uhtml|bestof|Game 1 of a best-of-3
|t:|1784740722
|gametype|doubles
|player|p1|exessvgc|266|
|player|p2|beni_9|alder|
|gen|9
|tier|[Gen 9 Champions] VGC 2026 Reg M-B (Bo3)
|rule|Species Clause: Limit one of each Pokémon
|rule|Item Clause: Limit 1 of each item
|clearpoke
|poke|p1|Farigiraf, L50, F|
|poke|p1|Aerodactyl, L50, M|
|poke|p1|Sylveon, L50, M|
|poke|p1|Kingambit, L50, F|
|poke|p1|Garchomp, L50, M|
|poke|p1|Charizard, L50, F|
|poke|p2|Sinistcha, L50|
|poke|p2|Incineroar, L50, F|
|poke|p2|Milotic, L50, M|
|poke|p2|Raichu, L50, M|
|poke|p2|Floette-Eternal, L50, F|
|poke|p2|Ceruledge, L50, F|
|teampreview|4
|showteam|p1|Farigiraf||SitrusBerry|ArmorTail|TrickRoom,TwinBeam,HelpingHand,Thunderbolt|Bold||F|||50|]Aerodactyl||Aerodactylite|Unnerve|RockSlide,Protect,Tailwind,Taunt|Jolly||M|||50|]Sylveon||FairyFeather|Pixilate|HyperVoice,HyperBeam,Protect,ShadowBall|Modest||M|||50|]Kingambit||FocusSash|Defiant|IronHead,SuckerPunch,LowKick,Protect|Adamant||F|||50|]Garchomp||LifeOrb|RoughSkin|DragonClaw,Earthquake,StompingTantrum,Protect|Adamant||M|||50|]Charizard||CharizarditeY|Blaze|WeatherBall,HeatWave,SolarBeam,Protect|Modest||F|||50|
|showteam|p2|Sinistcha||KasibBerry|Hospitality|MatchaGotcha,LifeDew,RagePowder,Protect|Relaxed|||||50|]Incineroar||SitrusBerry|Intimidate|FlareBlitz,DarkestLariat,FakeOut,PartingShot|Impish||F|||50|]Milotic||Leftovers|Competitive|MuddyWater,Coil,Hypnosis,Protect|Calm||M|||50|]Raichu||RaichuniteY|LightningRod|ZapCannon,FocusBlast,FakeOut,Protect|Timid||M|||50|]Floette-Eternal||Floettite|FlowerVeil|DrainingKiss,DazzlingGleam,CalmMind,Protect|Timid||F|||50|]Ceruledge||ColburBerry|FlashFire|BitterBlade,ShadowSneak,BulkUp,Protect|Adamant||F|||50|
|
|t:|1784740742
|teamsize|p1|4
|teamsize|p2|4
|start
|switch|p1a: DINOSAUVO|Aerodactyl, L50, M|100/100
|switch|p1b: Kingambit|Kingambit, L50, F|100/100
|switch|p2a: Raichu|Raichu, L50, M|100/100
|switch|p2b: Milotic|Milotic, L50, M|100/100
|-ability|p1a: DINOSAUVO|Unnerve
|turn|1
|inactive|Battle timer is ON: inactive players will automatically lose when time's up. (requested by beni_9)
|inactive|exessvgc has 60 seconds left.
|
|t:|1784740813
|detailschange|p2a: Raichu|Raichu-Mega-Y, L50, M
|-mega|p2a: Raichu|Raichu|Raichunite Y
|move|p1a: DINOSAUVO|Tailwind|p1a: DINOSAUVO
|-sidestart|p1: exessvgc|move: Tailwind
|move|p2a: Raichu|Zap Cannon|p1a: DINOSAUVO
|-supereffective|p1a: DINOSAUVO|1
|-damage|p1a: DINOSAUVO|0 fnt
|faint|p1a: DINOSAUVO
|move|p1b: Kingambit|Low Kick|p2a: Raichu
|-damage|p2a: Raichu|65/100
|move|p2b: Milotic|Coil|p2b: Milotic
|-boost|p2b: Milotic|atk|1
|-boost|p2b: Milotic|def|1
|-boost|p2b: Milotic|accuracy|1
|
|upkeep
|inactive|exessvgc has 30 seconds left.
|inactive|exessvgc has 20 seconds left.
|inactive|exessvgc has 15 seconds left.
|
|t:|1784740853
|switch|p1a: Charizard|Charizard, L50, F|100/100
|turn|2
|inactive|exessvgc has 30 seconds left.
|inactive|beni_9 has 30 seconds left.
|
|t:|1784740883
|switch|p2a: Incineroar|Incineroar, L50, F|100/100
|-ability|p2a: Incineroar|Intimidate|boost
|-unboost|p1a: Charizard|atk|1
|-unboost|p1b: Kingambit|atk|1
|-ability|p1b: Kingambit|Defiant|boost
|-boost|p1b: Kingambit|atk|2
|detailschange|p1a: Charizard|Charizard-Mega-Y, L50, F
|-mega|p1a: Charizard|Charizard|Charizardite Y
|-weather|SunnyDay|[from] ability: Drought|[of] p1a: Charizard
|move|p1a: Charizard|Heat Wave|p2a: Incineroar|[spread] p2a,p2b
|-resisted|p2a: Incineroar|1
|-crit|p2a: Incineroar
|-resisted|p2b: Milotic|1
|-damage|p2a: Incineroar|55/100
|-damage|p2b: Milotic|80/100
|move|p1b: Kingambit|Low Kick|p2b: Milotic
|-damage|p2b: Milotic|47/100
|move|p2b: Milotic|Hypnosis|p1b: Kingambit
|-status|p1b: Kingambit|slp|[from] move: Hypnosis
|
|-weather|SunnyDay|[upkeep]
|-heal|p2b: Milotic|53/100|[from] item: Leftovers
|upkeep
|turn|3
|inactive|exessvgc has 30 seconds left.
|inactive|exessvgc has 20 seconds left.
|inactive|exessvgc has 15 seconds left.
|inactive|exessvgc has 10 seconds left.
|inactive|exessvgc has 5 seconds left.
|
|t:|1784740933
|move|p1a: Charizard|Protect|p1a: Charizard
|-singleturn|p1a: Charizard|Protect
|cant|p1b: Kingambit|slp
|move|p2a: Incineroar|Fake Out|p1a: Charizard
|-activate|p1a: Charizard|move: Protect
|move|p2b: Milotic|Coil|p2b: Milotic
|-boost|p2b: Milotic|atk|1
|-boost|p2b: Milotic|def|1
|-boost|p2b: Milotic|accuracy|1
|
|-weather|SunnyDay|[upkeep]
|-heal|p2b: Milotic|59/100|[from] item: Leftovers
|upkeep
|turn|4
|inactive|beni_9 has 30 seconds left.
|inactive|beni_9 has 20 seconds left.
|inactive|beni_9 has 15 seconds left.
|inactive|beni_9 has 10 seconds left.
|
|t:|1784740981
|switch|p2a: Sinistcha|Sinistcha, L50|100/100
|-heal|p2b: Milotic|84/100|[from] ability: Hospitality|[of] p2a: Sinistcha
|move|p2b: Milotic|Protect|p2b: Milotic
|-singleturn|p2b: Milotic|Protect
|move|p1a: Charizard|Solar Beam||[still]
|-prepare|p1a: Charizard|Solar Beam
|-anim|p1a: Charizard|Solar Beam|p2b: Milotic
|-activate|p2b: Milotic|move: Protect
|cant|p1b: Kingambit|slp
|
|-weather|SunnyDay|[upkeep]
|-heal|p2b: Milotic|90/100|[from] item: Leftovers
|-sideend|p1: exessvgc|move: Tailwind
|upkeep
|turn|5
|inactive|exessvgc has 30 seconds left.
|inactive|exessvgc has 20 seconds left.
|inactive|exessvgc has 15 seconds left.
|inactive|exessvgc has 10 seconds left.
|
|t:|1784741028
|move|p2a: Sinistcha|Rage Powder|p2a: Sinistcha
|-singleturn|p2a: Sinistcha|move: Rage Powder
|move|p1a: Charizard|Heat Wave|p2a: Sinistcha|[spread] p2a,p2b
|-supereffective|p2a: Sinistcha|1
|-resisted|p2b: Milotic|1
|-damage|p2a: Sinistcha|0 fnt
|-damage|p2b: Milotic|69/100
|faint|p2a: Sinistcha
|move|p2b: Milotic|Hypnosis|p1a: Charizard
|-status|p1a: Charizard|slp|[from] move: Hypnosis
|-curestatus|p1b: Kingambit|slp|[msg]
|move|p1b: Kingambit|Low Kick|p2b: Milotic
|-damage|p2b: Milotic|42/100
|
|-weather|SunnyDay|[upkeep]
|-heal|p2b: Milotic|48/100|[from] item: Leftovers
|upkeep
|
|t:|1784741042
|switch|p2a: Raichu|Raichu-Mega-Y, L50, M|65/100
|turn|6
|
|t:|1784741064
|switch|p1a: Garchomp|Garchomp, L50, M|100/100
|move|p1b: Kingambit|Protect|p1b: Kingambit
|-singleturn|p1b: Kingambit|Protect
|move|p2a: Raichu|Fake Out|p1b: Kingambit
|-activate|p1b: Kingambit|move: Protect
|move|p2b: Milotic|Hypnosis|p1b: Kingambit
|-activate|p1b: Kingambit|move: Protect
|
|-weather|none
|-heal|p2b: Milotic|54/100|[from] item: Leftovers
|upkeep
|turn|7
|inactive|exessvgc has 30 seconds left.
|inactive|beni_9 has 30 seconds left.
|inactive|exessvgc has 20 seconds left.
|inactive|beni_9 has 20 seconds left.
|inactive|exessvgc has 15 seconds left.
|inactive|beni_9 has 15 seconds left.
|inactive|exessvgc has 10 seconds left.
|inactive|beni_9 has 10 seconds left.
|inactive|exessvgc has 5 seconds left.
|
|t:|1784741116
|move|p2a: Raichu|Protect|p2a: Raichu
|-singleturn|p2a: Raichu|Protect
|move|p1a: Garchomp|Stomping Tantrum|p2a: Raichu
|-activate|p2a: Raichu|move: Protect
|move|p2b: Milotic|Hypnosis|p1a: Garchomp
|-status|p1a: Garchomp|slp|[from] move: Hypnosis
|move|p1b: Kingambit|Low Kick|p2b: Milotic
|-damage|p2b: Milotic|30/100
|
|-heal|p2b: Milotic|36/100|[from] item: Leftovers
|upkeep
|turn|8
|inactive|exessvgc has 30 seconds left.
|
|t:|1784741142
|move|p1b: Kingambit|Protect|p1b: Kingambit
|-singleturn|p1b: Kingambit|Protect
|move|p2a: Raichu|Focus Blast|p1b: Kingambit
|-activate|p1b: Kingambit|move: Protect
|cant|p1a: Garchomp|slp
|move|p2b: Milotic|Hypnosis|p1b: Kingambit
|-activate|p1b: Kingambit|move: Protect
|
|-heal|p2b: Milotic|42/100|[from] item: Leftovers
|upkeep
|turn|9
|inactive|exessvgc has 30 seconds left.
|inactive|exessvgc has 20 seconds left.
|
|t:|1784741181
|move|p2a: Raichu|Protect|p2a: Raichu
|-singleturn|p2a: Raichu|Protect
|move|p1b: Kingambit|Sucker Punch||[still]
|-fail|p1b: Kingambit
|-curestatus|p1a: Garchomp|slp|[msg]
|move|p1a: Garchomp|Stomping Tantrum|p2b: Milotic
|-damage|p2b: Milotic|0 fnt
|faint|p2b: Milotic
|-damage|p1a: Garchomp|90/100|[from] item: Life Orb
|
|upkeep
|
|t:|1784741188
|switch|p2b: Incineroar|Incineroar, L50, F|55/100
|-ability|p2b: Incineroar|Intimidate|boost
|-unboost|p1a: Garchomp|atk|1
|-unboost|p1b: Kingambit|atk|1
|-ability|p1b: Kingambit|Defiant|boost
|-boost|p1b: Kingambit|atk|2
|turn|10
|-message|beni_9 forfeited.
|
|win|exessvgc
||exessvgc is ready for game 2.
||beni_9 is ready for game 2.
|uhtml|next|Next: Game 2 of 3
|l|☆beni_9
|player|p2|
