|j|☆agun76
|j|☆tax the homeless
|html|agun76tax the homeless    
|uhtml|bestof|Game 2 of a best-of-3
|t:|1756825219
|gametype|doubles
|player|p1|agun76|169|1052
|player|p2|tax the homeless|hiker-gen4|1119
|gen|9
|tier|[Gen 9] VGC 2025 Reg H (Bo3)
|rated|
|rule|Species Clause: Limit one of each Pokémon
|rule|Item Clause: Limit 1 of each item
|clearpoke
|poke|p1|Incineroar, L50, F|
|poke|p1|Farigiraf, L50, F|
|poke|p1|Torkoal, L50, M|
|poke|p1|Rillaboom, L50, F|
|poke|p1|Amoonguss, L50, M|
|poke|p1|Basculegion, L50, M|
|poke|p2|Excadrill, L50, M|
|poke|p2|Incineroar, L50, F|
|poke|p2|Tyranitar, L50, F|
|poke|p2|Amoonguss, L50, F|
|poke|p2|Kommo-o, L50, M|
|poke|p2|Reuniclus, L50, M|
|teampreview|4
|showteam|p1|Incineroar||Leftovers|Intimidate|FakeOut,PartingShot,Taunt,FlareBlitz|||F|||50|,,,,,Grass]Farigiraf||SitrusBerry|ArmorTail|TrickRoom,Protect,Psychic,HyperVoice|||F|||50|,,,,,Fairy]Torkoal||Charcoal|Drought|Eruption,HeatWave,Protect,EarthPower|||M|||50|,,,,,Fire]Rillaboom||AssaultVest|GrassySurge|FakeOut,Uturn,WoodHammer,HighHorsepower|||F|||50|,,,,,Fire]Amoonguss||RockyHelmet|Regenerator|Spore,PollenPuff,RagePowder,Protect|||M|||50|,,,,,Grass]Basculegion||ChoiceScarf|SwiftSwim|Crunch,LastRespects,AquaJet,FlipTurn|||M|||50|,,,,,Dark
|showteam|p2|Excadrill||FocusSash|SandRush|Protect,Earthquake,HighHorsepower,IronHead|||M|||50|,,,,,Ground]Incineroar||SafetyGoggles|Intimidate|FakeOut,KnockOff,FlareBlitz,PartingShot|||F|||50|,,,,,Ghost]Tyranitar||AssaultVest|SandStream|RockSlide,KnockOff,LowKick,TeraBlast|||F|||50|,,,,,Flying]Amoonguss||SitrusBerry|Regenerator|PollenPuff,RagePowder,ClearSmog,Spore|||F|||50|,,,,,Water]Kommo-o||ThroatSpray|Overcoat|Protect,ClangingScales,ClangorousSoul,AuraSphere|||M|||50|,,,,,Steel]Reuniclus||LifeOrb|MagicGuard|Protect,TrickRoom,ExpandingForce,FlashCannon|||M|||50|,,,,,Dark
|
|t:|1756825265
|teamsize|p1|4
|teamsize|p2|4
|start
|switch|p1a: Basculegion|Basculegion, L50, M|100/100
|switch|p1b: Farigiraf|Farigiraf, L50, F|100/100
|switch|p2a: Lord Genome|Incineroar, L50, F|100/100
|switch|p2b: Kamina|Tyranitar, L50, F, shiny|100/100
|-weather|Sandstorm|[from] ability: Sand Stream|[of] p2b: Kamina
|-ability|p2a: Lord Genome|Intimidate|boost
|-unboost|p1a: Basculegion|atk|1
|-unboost|p1b: Farigiraf|atk|1
|turn|1
|inactive|Battle timer is ON: inactive players will automatically lose when time's up. (requested by agun76)
|
|t:|1756825295
|move|p1a: Basculegion|Flip Turn|p2b: Kamina
|-supereffective|p2b: Kamina
|-damage|p2b: Kamina|71/100
|
|t:|1756825299
|switch|p1a: Torkoal|Torkoal, L50, M|100/100|[from] Flip Turn
|-weather|SunnyDay|[from] ability: Drought|[of] p1a: Torkoal
|move|p2b: Kamina|Knock Off|p1a: Torkoal
|-damage|p1a: Torkoal|63/100
|-enditem|p1a: Torkoal|Charcoal|[from] move: Knock Off|[of] p2b: Kamina
|move|p2a: Lord Genome|Knock Off|p1a: Torkoal
|-damage|p1a: Torkoal|41/100
|move|p1b: Farigiraf|Trick Room|p1b: Farigiraf
|-fieldstart|move: Trick Room|[of] p1b: Farigiraf
|
|-weather|SunnyDay|[upkeep]
|upkeep
|turn|2
|inactive|tax the homeless has 30 seconds left.
|
|t:|1756825328
|-terastallize|p1b: Farigiraf|Fairy
|move|p1a: Torkoal|Heat Wave|p2b: Kamina|[spread] p2a,p2b
|-resisted|p2a: Lord Genome
|-resisted|p2b: Kamina
|-damage|p2a: Lord Genome|81/100
|-damage|p2b: Kamina|58/100
|move|p1b: Farigiraf|Hyper Voice|p2a: Lord Genome|[spread] p2a,p2b
|-resisted|p2b: Kamina
|-damage|p2a: Lord Genome|53/100
|-damage|p2b: Kamina|49/100
|move|p2a: Lord Genome|Parting Shot|p1a: Torkoal
|-unboost|p1a: Torkoal|atk|1
|-unboost|p1a: Torkoal|spa|1
|
|t:|1756825339
|switch|p2a: Rossiu|Amoonguss, L50, F, shiny|100/100|[from] Parting Shot
|move|p2b: Kamina|Rock Slide|p1a: Torkoal|[spread] p1a,p1b
|-supereffective|p1a: Torkoal
|-damage|p1a: Torkoal|0 fnt
|-damage|p1b: Farigiraf|67/100
|faint|p1a: Torkoal
|
|-weather|SunnyDay|[upkeep]
|upkeep
|
|t:|1756825345
|switch|p1a: Incineroar|Incineroar, L50, F, shiny|100/100
|-ability|p1a: Incineroar|Intimidate|boost
|-unboost|p2a: Rossiu|atk|1
|-unboost|p2b: Kamina|atk|1
|turn|3
|
|t:|1756825357
|switch|p2b: Lord Genome|Incineroar, L50, F|53/100
|-ability|p2b: Lord Genome|Intimidate|boost
|-unboost|p1a: Incineroar|atk|1
|-unboost|p1b: Farigiraf|atk|1
|-terastallize|p2a: Rossiu|Water
|move|p2a: Rossiu|Spore|p1a: Incineroar
|-status|p1a: Incineroar|slp|[from] move: Spore
|move|p1b: Farigiraf|Psychic|p2a: Rossiu
|-damage|p2a: Rossiu|62/100
|cant|p1a: Incineroar|slp
|
|-weather|SunnyDay|[upkeep]
|upkeep
|turn|4
|
|t:|1756825376
|move|p1b: Farigiraf|Protect|p1b: Farigiraf
|-singleturn|p1b: Farigiraf|Protect
|move|p2a: Rossiu|Spore|p1b: Farigiraf
|-activate|p1b: Farigiraf|move: Protect
|move|p2b: Lord Genome|Knock Off|p1a: Incineroar
|-resisted|p1a: Incineroar
|-damage|p1a: Incineroar|80/100 slp
|-enditem|p1a: Incineroar|Leftovers|[from] move: Knock Off|[of] p2b: Lord Genome
|cant|p1a: Incineroar|slp
|
|-weather|SunnyDay|[upkeep]
|upkeep
|turn|5
|
|t:|1756825397
|move|p1b: Farigiraf|Protect||[still]
|-fail|p1b: Farigiraf
|move|p2a: Rossiu|Pollen Puff|p2b: Lord Genome
|-heal|p2b: Lord Genome|100/100
|move|p2b: Lord Genome|Knock Off|p1b: Farigiraf
|-resisted|p1b: Farigiraf
|-damage|p1b: Farigiraf|41/100
|-enditem|p1b: Farigiraf|Sitrus Berry|[from] move: Knock Off|[of] p2b: Lord Genome
|cant|p1a: Incineroar|slp
|
|-weather|none
|-fieldend|move: Trick Room
|upkeep
|turn|6
|inactive|tax the homeless has 30 seconds left.
|
|t:|1756825423
|move|p2a: Rossiu|Rage Powder|p2a: Rossiu
|-singleturn|p2a: Rossiu|move: Rage Powder
|-curestatus|p1a: Incineroar|slp|[msg]
|move|p1a: Incineroar|Taunt|p2a: Rossiu
|-start|p2a: Rossiu|move: Taunt
|move|p2b: Lord Genome|Parting Shot|p1b: Farigiraf
|-unboost|p1b: Farigiraf|atk|1
|-unboost|p1b: Farigiraf|spa|1
|
|t:|1756825432
|switch|p2b: Kamina|Tyranitar, L50, F, shiny|49/100|[from] Parting Shot
|-weather|Sandstorm|[from] ability: Sand Stream|[of] p2b: Kamina
|move|p1b: Farigiraf|Hyper Voice|p2a: Rossiu|[spread] p2a,p2b
|-resisted|p2b: Kamina
|-damage|p2a: Rossiu|40/100
|-damage|p2b: Kamina|44/100
|-enditem|p2a: Rossiu|Sitrus Berry|[eat]
|-heal|p2a: Rossiu|65/100|[from] item: Sitrus Berry
|
|-weather|Sandstorm|[upkeep]
|-damage|p1a: Incineroar|74/100|[from] Sandstorm
|-damage|p1b: Farigiraf|35/100|[from] Sandstorm
|-damage|p2a: Rossiu|59/100|[from] Sandstorm
|upkeep
|turn|7
|inactive|tax the homeless has 30 seconds left.
|
|t:|1756825457
|switch|p2a: Lord Genome|Incineroar, L50, F|100/100
|-ability|p2a: Lord Genome|Intimidate|boost
|-unboost|p1a: Incineroar|atk|1
|-unboost|p1b: Farigiraf|atk|1
|move|p1a: Incineroar|Parting Shot|p2b: Kamina
|-unboost|p2b: Kamina|atk|1
|-unboost|p2b: Kamina|spa|1
|
|t:|1756825463
|switch|p1a: Basculegion|Basculegion, L50, M|100/100|[from] Parting Shot
|move|p2b: Kamina|Rock Slide|p1b: Farigiraf|[spread] p1b
|-miss|p2b: Kamina|p1a: Basculegion
|-damage|p1b: Farigiraf|11/100
|cant|p1b: Farigiraf|flinch
|
|-weather|Sandstorm|[upkeep]
|-damage|p1a: Basculegion|94/100|[from] Sandstorm
|-damage|p1b: Farigiraf|5/100|[from] Sandstorm
|upkeep
|turn|8
|
|t:|1756825482
|switch|p2a: Rossiu|Amoonguss, L50, F, shiny, tera:Water|93/100
|move|p1b: Farigiraf|Protect|p1b: Farigiraf
|-singleturn|p1b: Farigiraf|Protect
|move|p1a: Basculegion|Flip Turn|p2b: Kamina
|-supereffective|p2b: Kamina
|-damage|p2b: Kamina|0 fnt
|faint|p2b: Kamina
|
|t:|1756825489
|switch|p1a: Incineroar|Incineroar, L50, F, shiny|74/100|[from] Flip Turn
|-ability|p1a: Incineroar|Intimidate|boost
|-unboost|p2a: Rossiu|atk|1
|
|-weather|Sandstorm|[upkeep]
|-damage|p1a: Incineroar|68/100|[from] Sandstorm
|-damage|p1b: Farigiraf|0 fnt|[from] Sandstorm
|-damage|p2a: Rossiu|87/100|[from] Sandstorm
|faint|p1b: Farigiraf
|upkeep
|
|t:|1756825494
|switch|p2b: Simon|Excadrill, L50, M, shiny|100/100
|switch|p1b: Basculegion|Basculegion, L50, M|94/100
|turn|9
|
|t:|1756825511
|move|p2a: Rossiu|Rage Powder|p2a: Rossiu
|-singleturn|p2a: Rossiu|move: Rage Powder
|move|p2b: Simon|Earthquake|p1b: Basculegion|[spread] p2a,p1a,p1b
|-supereffective|p1a: Incineroar
|-damage|p2a: Rossiu|53/100
|-damage|p1a: Incineroar|0 fnt
|-damage|p1b: Basculegion|42/100
|faint|p1a: Incineroar
|move|p1b: Basculegion|Last Respects|p2a: Rossiu
|-crit|p2a: Rossiu
|-damage|p2a: Rossiu|0 fnt
|faint|p2a: Rossiu
|
|-weather|Sandstorm|[upkeep]
|-damage|p1b: Basculegion|36/100|[from] Sandstorm
|upkeep
|
|t:|1756825523
|switch|p2a: Lord Genome|Incineroar, L50, F|100/100
|-ability|p2a: Lord Genome|Intimidate|boost
|-unboost|p1b: Basculegion|atk|1
|turn|10
|c|☆tax the homeless|gg wp
|inactive|agun76 has 30 seconds left.
|c|☆tax the homeless|fun games
|inactive|agun76 has 20 seconds left.
|-message|agun76 forfeited.
|
|win|tax the homeless
|raw|agun76's rating: 1052 → 1038(-14 for losing)
|raw|tax the homeless's rating: 1119 → 1139(+20 for winning)
|l|☆agun76
|player|p1|
|l|☆tax the homeless
|player|p2|
|j|☆tax the homeless
|player|p2|tax the homeless|hiker-gen4|
