|j|☆Farigi no Raf
|j|☆Sonja Hilmer
|html|Farigi no RafSonja Hilmer    
|uhtml|bestof|Game 1 of a best-of-3
|t:|1757121419
|gametype|doubles
|player|p1|Farigi no Raf|vince|1387
|player|p2|Sonja Hilmer|lady|1478
|gen|9
|tier|[Gen 9] VGC 2025 Reg H (Bo3)
|rated|
|rule|Species Clause: Limit one of each Pokémon
|rule|Item Clause: Limit 1 of each item
|clearpoke
|poke|p1|Dragonite, L50, F|
|poke|p1|Gholdengo, L50|
|poke|p1|Sneasler, L50, F|
|poke|p1|Rillaboom, L50, M|
|poke|p1|Ursaluna-Bloodmoon, L50, M|
|poke|p1|Magmar, L50, F|
|poke|p2|Dachsbun, L50, F|
|poke|p2|Typhlosion-Hisui, L50, M|
|poke|p2|Basculegion, L50, M|
|poke|p2|Jumpluff, L50, M|
|poke|p2|Rillaboom, L50, F|
|poke|p2|Torkoal, L50, F|
|teampreview|4
|showteam|p1|Dragonite||LoadedDice|Multiscale|ScaleShot,Tailwind,ExtremeSpeed,Protect|||F|||50|,,,,,Fairy]Gholdengo||LifeOrb|GoodasGold|MakeItRain,ShadowBall,NastyPlot,Protect||||||50|,,,,,Water]Sneasler||FocusSash|PoisonTouch|CloseCombat,DireClaw,Coaching,FakeOut|||F|||50|,,,,,Ghost]Rillaboom||AssaultVest|GrassySurge|WoodHammer,FakeOut,GrassyGlide,HighHorsepower|||M|||50|,,,,,Fire]Ursaluna-Bloodmoon||SilkScarf|MindsEye|HyperVoice,EarthPower,BloodMoon,Protect|||M|||50|,,,,,Water]Magmar||Eviolite|VitalSpirit|FollowMe,BurningJealousy,ClearSmog,Protect|||F|||50|,,,,,Dragon
|showteam|p2|Dachsbun||Leftovers|WellBakedBody|BodyPress,Snarl,HelpingHand,Protect|||F|||50|,,,,,Steel]Typhlosion-Hisui||ChoiceSpecs|Blaze|Eruption,LavaPlume,Overheat,ShadowBall|||M|||50|,,,,,Fire]Basculegion||ChoiceScarf|Adaptability|WaveCrash,FlipTurn,LastRespects,TeraBlast|||M|||50|,,,,,Fairy]Jumpluff||CovertCloak|Chlorophyll|SleepPowder,SunnyDay,RagePowder,Tailwind|||M|||50|,,,,,Water]Rillaboom||LifeOrb|GrassySurge|WoodHammer,GrassyGlide,HighHorsepower,FakeOut|||F|||50|,,,,,Stellar]Torkoal||SitrusBerry|Drought|HeatWave,LavaPlume,ClearSmog,Protect|||F|||50|,,,,,Fairy
|inactive|Battle timer is ON: inactive players will automatically lose when time's up. (requested by Sonja Hilmer)
|inactive|Sonja Hilmer has 60 seconds left.
|
|t:|1757121460
|teamsize|p1|4
|teamsize|p2|4
|start
|switch|p1a: Magmar|Magmar, L50, F|100/100
|switch|p1b: Dragonite|Dragonite, L50, F|100/100
|switch|p2a: Jumpluff|Jumpluff, L50, M|100/100
|switch|p2b: Typhlosion|Typhlosion-Hisui, L50, M|100/100
|turn|1
|
|t:|1757121478
|move|p2a: Jumpluff|Tailwind|p2a: Jumpluff
|-sidestart|p2: Sonja Hilmer|move: Tailwind
|move|p2b: Typhlosion|Eruption|p1b: Dragonite|[spread] p1a,p1b
|-resisted|p1a: Magmar
|-resisted|p1b: Dragonite
|-damage|p1a: Magmar|72/100
|-damage|p1b: Dragonite|81/100
|move|p1b: Dragonite|Scale Shot|p2b: Typhlosion
|-damage|p2b: Typhlosion|81/100
|-damage|p2b: Typhlosion|61/100
|-damage|p2b: Typhlosion|40/100
|-damage|p2b: Typhlosion|20/100
|-hitcount|p2b: Typhlosion|4
|-unboost|p1b: Dragonite|def|1
|-boost|p1b: Dragonite|spe|1
|move|p1a: Magmar|Burning Jealousy|p2a: Jumpluff|[spread] p2a,p2b
|-supereffective|p2a: Jumpluff
|-resisted|p2b: Typhlosion
|-crit|p2b: Typhlosion
|-damage|p2a: Jumpluff|62/100
|-damage|p2b: Typhlosion|2/100
|
|upkeep
|turn|2
|
|t:|1757121498
|switch|p2b: Rillaboom|Rillaboom, L50, F|100/100
|-fieldstart|move: Grassy Terrain|[from] ability: Grassy Surge|[of] p2b: Rillaboom
|move|p1b: Dragonite|Extreme Speed|p2a: Jumpluff
|-damage|p2a: Jumpluff|23/100
|move|p2a: Jumpluff|Sleep Powder|p1b: Dragonite
|-status|p1b: Dragonite|slp|[from] move: Sleep Powder
|move|p1a: Magmar|Burning Jealousy|p2a: Jumpluff|[spread] p2a,p2b
|-supereffective|p2a: Jumpluff
|-supereffective|p2b: Rillaboom
|-damage|p2a: Jumpluff|0 fnt
|-damage|p2b: Rillaboom|64/100
|faint|p2a: Jumpluff
|
|-heal|p2b: Rillaboom|70/100|[from] Grassy Terrain
|-heal|p1a: Magmar|78/100|[from] Grassy Terrain
|upkeep
|
|t:|1757121517
|switch|p2a: Basculegion|Basculegion, L50, M|100/100
|turn|3
|
|t:|1757121527
|move|p1a: Magmar|Protect|p1a: Magmar
|-singleturn|p1a: Magmar|Protect
|move|p2a: Basculegion|Last Respects|p1b: Dragonite
|-damage|p1b: Dragonite|0 fnt
|faint|p1b: Dragonite
|move|p2b: Rillaboom|High Horsepower|p1a: Magmar
|-activate|p1a: Magmar|move: Protect
|
|-heal|p2b: Rillaboom|76/100|[from] Grassy Terrain
|-heal|p1a: Magmar|84/100|[from] Grassy Terrain
|upkeep
|
|t:|1757121536
|switch|p1b: Ursaluna|Ursaluna-Bloodmoon, L50, M|100/100
|turn|4
|
|t:|1757121547
|move|p1a: Magmar|Follow Me|p1a: Magmar
|-singleturn|p1a: Magmar|move: Follow Me
|move|p2a: Basculegion|Last Respects|p1a: Magmar
|-damage|p1a: Magmar|35/100
|move|p2b: Rillaboom|High Horsepower|p1a: Magmar
|-supereffective|p1a: Magmar
|-damage|p1a: Magmar|0 fnt
|faint|p1a: Magmar
|-damage|p2b: Rillaboom|67/100|[from] item: Life Orb
|move|p1b: Ursaluna|Blood Moon|p2a: Basculegion
|-crit|p2a: Basculegion
|-damage|p2a: Basculegion|0 fnt
|faint|p2a: Basculegion
|
|-heal|p2b: Rillaboom|73/100|[from] Grassy Terrain
|-sideend|p2: Sonja Hilmer|move: Tailwind
|upkeep
|
|t:|1757121559
|switch|p2a: Typhlosion|Typhlosion-Hisui, L50, M|2/100
|switch|p1a: Sneasler|Sneasler, L50, F|100/100
|turn|5
|inactive|Sonja Hilmer has 30 seconds left.
|
|t:|1757121585
|-terastallize|p2b: Rillaboom|Stellar
|-terastallize|p1b: Ursaluna|Water
|move|p1a: Sneasler|Fake Out|p2b: Rillaboom
|-damage|p2b: Rillaboom|59/100
|cant|p2b: Rillaboom|flinch
|move|p2a: Typhlosion|Overheat|p1a: Sneasler
|-enditem|p1a: Sneasler|Focus Sash
|-damage|p1a: Sneasler|1/100
|-unboost|p2a: Typhlosion|spa|2
|move|p1b: Ursaluna|Hyper Voice|p2a: Typhlosion|[spread] p2a,p2b
|-damage|p2a: Typhlosion|0 fnt
|-damage|p2b: Rillaboom|15/100
|faint|p2a: Typhlosion
|
|-heal|p1a: Sneasler|7/100|[from] Grassy Terrain
|-heal|p2b: Rillaboom|21/100|[from] Grassy Terrain
|upkeep
|turn|6
|
|t:|1757121603
|move|p2b: Rillaboom|Grassy Glide|p1a: Sneasler
|-resisted|p1a: Sneasler
|-damage|p1a: Sneasler|0 fnt
|faint|p1a: Sneasler
|-damage|p2b: Rillaboom|12/100|[from] item: Life Orb
|move|p1b: Ursaluna|Blood Moon|p2b: Rillaboom
|-damage|p2b: Rillaboom|0 fnt
|faint|p2b: Rillaboom
|
|win|Farigi no Raf
