|j|☆dhrx
|j|☆jcoisa
|html|dhrxjcoisa    
|uhtml|bestof|Game 1 of a best-of-3
|t:|1783988087
|gametype|doubles
|player|p1|dhrx|lucian|
|player|p2|jcoisa|1|
|gen|9
|tier|[Gen 9 Champions] VGC 2026 Reg M-B (Bo3)
|rule|Species Clause: Limit one of each Pokémon
|rule|Item Clause: Limit 1 of each item
|clearpoke
|poke|p1|Mawile, L50, F|
|poke|p1|Farigiraf, L50, F|
|poke|p1|Torkoal, L50, F|
|poke|p1|Vivillon, L50, M|
|poke|p1|Incineroar, L50, F|
|poke|p1|Gallade, L50, M|
|poke|p2|Chimecho, L50, M|
|poke|p2|Palafin, L50, M|
|poke|p2|Krookodile, L50, M|
|poke|p2|Pelipper, L50, F|
|poke|p2|Heliolisk, L50, M|
|poke|p2|Machamp, L50, M|
|teampreview|4
|showteam|p1|Mawile||Mawilite|HyperCutter|PlayRough,RockSlide,SuckerPunch,Protect|Brave||F|||50|]Farigiraf||SitrusBerry|ArmorTail|Psychic,Thunderbolt,TrickRoom,Protect|Quiet||F|||50|]Torkoal||Charcoal|Drought|Eruption,WeatherBall,HelpingHand,Protect|Quiet||F|||50|]Vivillon||FocusSash|CompoundEyes|Hurricane,SleepPowder,RagePowder,Protect|Timid||M|||50|]Incineroar||LifeOrb|Intimidate|FlareBlitz,DarkestLariat,CloseCombat,FakeOut|Brave||F|||50|]Gallade||IronBall|Sharpness|SacredSword,PsychoCut,LeafBlade,TrickRoom|Brave||M|||50|
|showteam|p2|Chimecho||Chimechite|Levitate|Psyshock,FlashCannon,TrickRoom,Protect|Modest||M|||50|]Palafin||MysticWater|ZerotoHero|WaveCrash,JetPunch,BulkUp,Protect|Adamant||M|||50|]Krookodile||ChoiceScarf|Intimidate|KnockOff,Earthquake,RockSlide,HighHorsepower|Adamant||M|||50|]Pelipper||SharpBeak|Drizzle|Hurricane,WeatherBall,HelpingHand,Protect|Modest||F|||50|]Heliolisk||FocusSash|DrySkin|Thunder,Glare,VoltSwitch,Protect|Timid||M|||50|]Machamp||SitrusBerry|NoGuard|DynamicPunch,StoneEdge,KnockOff,WideGuard|Adamant||M|||50|
|
|t:|1783988168
|teamsize|p1|4
|teamsize|p2|4
|start
|switch|p1a: Vivillon|Vivillon, L50, M|100/100
|switch|p1b: Farigiraf|Farigiraf, L50, F|100/100
|switch|p2a: Heliolisk|Heliolisk, L50, M|100/100
|switch|p2b: Palafin|Palafin, L50, M|100/100
|turn|1
|
|t:|1783988205
|move|p2b: Palafin|Jet Punch||[still]
|cant|p1b: Farigiraf|ability: Armor Tail|Jet Punch|[of] p2b: Palafin
|move|p2a: Heliolisk|Thunder|p1a: Vivillon
|-supereffective|p1a: Vivillon|1
|-enditem|p1a: Vivillon|Focus Sash
|-damage|p1a: Vivillon|1/100
|move|p1a: Vivillon|Sleep Powder|p2b: Palafin
|-status|p2b: Palafin|slp|[from] move: Sleep Powder
|move|p1b: Farigiraf|Trick Room|p1b: Farigiraf
|-fieldstart|move: Trick Room|[of] p1b: Farigiraf
|
|upkeep
|turn|2
|
|t:|1783988226
|detailschange|p2b: Palafin|Palafin-Hero, L50, M
|switch|p2b: Krookodile|Krookodile, L50, M|100/100
|-ability|p2b: Krookodile|Intimidate|boost
|-unboost|p1a: Vivillon|atk|1
|-unboost|p1b: Farigiraf|atk|1
|switch|p1a: Torkoal|Torkoal, L50, F|100/100
|-weather|SunnyDay|[from] ability: Drought|[of] p1a: Torkoal
|move|p1b: Farigiraf|Thunderbolt|p2b: Krookodile
|-immune|p2b: Krookodile
|move|p2a: Heliolisk|Volt Switch|p1a: Torkoal
|-damage|p1a: Torkoal|54/100
|
|t:|1783988241
|switch|p2a: Pelipper|Pelipper, L50, F|100/100|[from] Volt Switch
|-weather|RainDance|[from] ability: Drizzle|[of] p2a: Pelipper
|
|-weather|RainDance|[upkeep]
|upkeep
|turn|3
|
|t:|1783988256
|switch|p1a: Vivillon|Vivillon, L50, M|1/100
|move|p2a: Pelipper|Helping Hand|p2b: Krookodile
|-singleturn|p2b: Krookodile|Helping Hand|[of] p2a: Pelipper
|move|p1b: Farigiraf|Thunderbolt|p2a: Pelipper
|-supereffective|p2a: Pelipper|2
|-damage|p2a: Pelipper|0 fnt
|faint|p2a: Pelipper
|move|p2b: Krookodile|Rock Slide|p1a: Vivillon|[spread] p1b
|-miss|p2b: Krookodile|p1a: Vivillon
|-damage|p1b: Farigiraf|74/100
|
|-weather|RainDance|[upkeep]
|upkeep
|
|t:|1783988273
|switch|p2a: Palafin|Palafin-Hero, L50, M|100/100 slp
|-activate|p2a: Palafin|ability: Zero to Hero
|turn|4
|
|t:|1783988299
|cant|p2a: Palafin|slp
|move|p1b: Farigiraf|Thunderbolt|p2a: Palafin
|-supereffective|p2a: Palafin|1
|-damage|p2a: Palafin|47/100 slp
|move|p1a: Vivillon|Sleep Powder|p2b: Krookodile
|-status|p2b: Krookodile|slp|[from] move: Sleep Powder
|cant|p2b: Krookodile|slp
|
|-weather|RainDance|[upkeep]
|upkeep
|turn|5
|
|t:|1783988314
|cant|p2a: Palafin|slp
|move|p1b: Farigiraf|Thunderbolt|p2a: Palafin
|-supereffective|p2a: Palafin|1
|-damage|p2a: Palafin|0 fnt
|faint|p2a: Palafin
|move|p1a: Vivillon|Hurricane|p2b: Krookodile
|-damage|p2b: Krookodile|42/100 slp
|-start|p2b: Krookodile|confusion
|-curestatus|p2b: Krookodile|slp|[msg]
|-activate|p2b: Krookodile|confusion
|move|p2b: Krookodile|Rock Slide|p1b: Farigiraf|[spread] p1a,p1b
|-supereffective|p1a: Vivillon|2
|-damage|p1a: Vivillon|0 fnt
|-damage|p1b: Farigiraf|55/100
|faint|p1a: Vivillon
|
|-weather|RainDance|[upkeep]
|-fieldend|move: Trick Room
|upkeep
|
|t:|1783988334
|switch|p1a: Torkoal|Torkoal, L50, F|54/100
|switch|p2a: Heliolisk|Heliolisk, L50, M|100/100
|-weather|SunnyDay|[from] ability: Drought|[of] p1a: Torkoal
|turn|6
|
|t:|1783988356
|move|p1a: Torkoal|Helping Hand|p1b: Farigiraf
|-singleturn|p1b: Farigiraf|Helping Hand|[of] p1a: Torkoal
|-end|p2b: Krookodile|confusion
|move|p2b: Krookodile|Rock Slide|p1a: Torkoal|[spread] p1b
|-miss|p2b: Krookodile|p1a: Torkoal
|-damage|p1b: Farigiraf|37/100
|-enditem|p1b: Farigiraf|Sitrus Berry|[eat]
|-heal|p1b: Farigiraf|62/100|[from] item: Sitrus Berry
|move|p2a: Heliolisk|Thunder|p1a: Torkoal
|-damage|p1a: Torkoal|0 fnt
|faint|p1a: Torkoal
|move|p1b: Farigiraf|Psychic|p2a: Heliolisk
|-damage|p2a: Heliolisk|26/100
|
|-weather|SunnyDay|[upkeep]
|-damage|p2a: Heliolisk|14/100|[from] ability: Dry Skin|[of] p2a: Heliolisk
|upkeep
|
|t:|1783988371
|switch|p1a: Gallade|Gallade, L50, M|100/100
|turn|7
|
|t:|1783988386
|move|p2a: Heliolisk|Protect|p2a: Heliolisk
|-singleturn|p2a: Heliolisk|Protect
|move|p2b: Krookodile|Rock Slide|p1a: Gallade|[spread] p1a,p1b
|-resisted|p1a: Gallade|1
|-damage|p1a: Gallade|85/100
|-damage|p1b: Farigiraf|44/100
|move|p1a: Gallade|Sacred Sword|p2b: Krookodile
|-supereffective|p2b: Krookodile|1
|-damage|p2b: Krookodile|0 fnt
|faint|p2b: Krookodile
|move|p1b: Farigiraf|Trick Room|p1b: Farigiraf
|-fieldstart|move: Trick Room|[of] p1b: Farigiraf
|
|-weather|SunnyDay|[upkeep]
|-damage|p2a: Heliolisk|2/100|[from] ability: Dry Skin|[of] p2a: Heliolisk
|upkeep
|turn|8
|
|t:|1783988408
|move|p1a: Gallade|Sacred Sword|p2a: Heliolisk
|-supereffective|p2a: Heliolisk|1
|-damage|p2a: Heliolisk|0 fnt
|faint|p2a: Heliolisk
|
|win|dhrx
