|j|☆dmb3r
|j|☆TrashTest6116
|html|dmb3rTrashTest6116    
|uhtml|bestof|Game 2 of a best-of-3
|t:|1784706980
|gametype|doubles
|player|p1|dmb3r|169|1215
|player|p2|TrashTest6116|colress|1251
|gen|9
|tier|[Gen 9 Champions] VGC 2026 Reg M-B (Bo3)
|rated|
|rule|Species Clause: Limit one of each Pokémon
|rule|Item Clause: Limit 1 of each item
|clearpoke
|poke|p1|Rampardos, L50, M|
|poke|p1|Scrafty, L50, F|
|poke|p1|Abomasnow, L50, M|
|poke|p1|Sylveon, L50, M|
|poke|p1|Farigiraf, L50, M|
|poke|p1|Mimikyu, L50, F|
|poke|p2|Charizard, L50, F, shiny|
|poke|p2|Sylveon, L50, M|
|poke|p2|Garchomp, L50, F|
|poke|p2|Farigiraf, L50, F|
|poke|p2|Kingambit, L50, M|
|poke|p2|Aerodactyl, L50, M|
|teampreview|4
|showteam|p1|Rampardos||LifeOrb|SheerForce|RockSlide,StompingTantrum,IronHead,Protect|Brave||M|||50|]Scrafty||Scraftinite|Intimidate|FakeOut,CloseCombat,KnockOff,Protect|Brave||F|||50|]Abomasnow||Abomasite|SnowWarning|Blizzard,EnergyBall,EarthPower,Protect|Quiet||M|||50|]Sylveon||FairyFeather|Pixilate|HyperVoice,HyperBeam,QuickAttack,Protect|Quiet||M|||50|]Farigiraf||SitrusBerry|ArmorTail|TwinBeam,Thunderbolt,TrickRoom,Protect|Relaxed||M|||50|]Mimikyu||Leftovers|Disguise|TrickRoom,ShadowClaw,PlayRough,ShadowSneak|Brave||F|||50|
|showteam|p2|Charizard||CharizarditeY|Blaze|HeatWave,WeatherBall,SolarBeam,Protect|Modest||F|||50|]Sylveon||FairyFeather|Pixilate|HyperVoice,HyperBeam,Detect,QuickAttack|Modest||M|||50|]Garchomp||LifeOrb|RoughSkin|Earthquake,DragonClaw,RockSlide,Protect|Jolly||F|||50|]Farigiraf||SitrusBerry|ArmorTail|HelpingHand,Psychic,Thunderbolt,TrickRoom|Relaxed||F|||50|]Kingambit||FocusSash|Defiant|IronHead,KowtowCleave,LowKick,SuckerPunch|Adamant||M|||50|]Aerodactyl||Aerodactylite|Unnerve|RockSlide,Tailwind,DualWingbeat,IceFang|Jolly||M|||50|
|inactive|Battle timer is ON: inactive players will automatically lose when time's up. (requested by dmb3r)
|
|t:|1784706998
|teamsize|p1|4
|teamsize|p2|4
|start
|switch|p1a: Farigiraf|Farigiraf, L50, M|100/100
|switch|p1b: Mimikyu|Mimikyu, L50, F|100/100
|switch|p2a: Sylveon|Sylveon, L50, M|100/100
|switch|p2b: Kingambit|Kingambit, L50, M|100/100
|turn|1
|
|t:|1784707012
|move|p1a: Farigiraf|Protect|p1a: Farigiraf
|-singleturn|p1a: Farigiraf|Protect
|move|p2b: Kingambit|Iron Head|p1b: Mimikyu
|-activate|p1b: Mimikyu|ability: Disguise
|-damage|p1b: Mimikyu|100/100
|detailschange|p1b: Mimikyu|Mimikyu-Busted, L50, F
|-damage|p1b: Mimikyu|87/100|[from] pokemon: Mimikyu-Busted
|move|p2a: Sylveon|Hyper Voice|p1a: Farigiraf|[spread] p1b
|-activate|p1a: Farigiraf|move: Protect
|-damage|p1b: Mimikyu|33/100
|move|p1b: Mimikyu|Trick Room|p1b: Mimikyu
|-fieldstart|move: Trick Room|[of] p1b: Mimikyu
|
|-heal|p1b: Mimikyu|39/100|[from] item: Leftovers
|upkeep
|turn|2
|
|t:|1784707023
|move|p1a: Farigiraf|Twin Beam|p2a: Sylveon
|-damage|p2a: Sylveon|87/100
|-damage|p2a: Sylveon|76/100
|-hitcount|p2a: Sylveon|2
|move|p2a: Sylveon|Hyper Voice|p1b: Mimikyu|[spread] p1a,p1b
|-damage|p1a: Farigiraf|59/100
|-damage|p1b: Mimikyu|0 fnt
|faint|p1b: Mimikyu
|move|p2b: Kingambit|Kowtow Cleave|p1a: Farigiraf
|-supereffective|p1a: Farigiraf|1
|-damage|p1a: Farigiraf|0 fnt
|faint|p1a: Farigiraf
|
|upkeep
|
|t:|1784707030
|switch|p1a: Abomasnow|Abomasnow, L50, M|100/100
|switch|p1b: Rampardos|Rampardos, L50, M|100/100
|-weather|Snowscape|[from] ability: Snow Warning|[of] p1a: Abomasnow
|turn|3
|
|t:|1784707041
|detailschange|p1a: Abomasnow|Abomasnow-Mega, L50, M
|-mega|p1a: Abomasnow|Abomasnow|Abomasite
|move|p2a: Sylveon|Detect|p2a: Sylveon
|-singleturn|p2a: Sylveon|Protect
|move|p2b: Kingambit|Sucker Punch|p1b: Rampardos
|-damage|p1b: Rampardos|49/100
|move|p1a: Abomasnow|Blizzard|p2b: Kingambit|[spread] p2b
|-activate|p2a: Sylveon|move: Protect
|-resisted|p2b: Kingambit|1
|-damage|p2b: Kingambit|71/100
|move|p1b: Rampardos|Stomping Tantrum|p2b: Kingambit
|-supereffective|p2b: Kingambit|1
|-damage|p2b: Kingambit|0 fnt
|faint|p2b: Kingambit
|-damage|p1b: Rampardos|39/100|[from] item: Life Orb
|
|-weather|Snowscape|[upkeep]
|upkeep
|
|t:|1784707057
|switch|p2b: Charizard|Charizard, L50, F, shiny|100/100
|turn|4
|
|t:|1784707072
|detailschange|p2b: Charizard|Charizard-Mega-Y, L50, F, shiny
|-mega|p2b: Charizard|Charizard|Charizardite Y
|-weather|SunnyDay|[from] ability: Drought|[of] p2b: Charizard
|move|p1a: Abomasnow|Energy Ball|p2a: Sylveon
|-damage|p2a: Sylveon|39/100
|-unboost|p2a: Sylveon|spd|1
|move|p1b: Rampardos|Rock Slide|p2a: Sylveon|[spread] p2a,p2b
|-supereffective|p2b: Charizard|2
|-damage|p2a: Sylveon|0 fnt
|-damage|p2b: Charizard|0 fnt
|faint|p2a: Sylveon
|faint|p2b: Charizard
|
|-weather|SunnyDay|[upkeep]
|upkeep
|
|t:|1784707082
|switch|p2b: Farigiraf|Farigiraf, L50, F|100/100
|turn|5
|-message|TrashTest6116 forfeited.
|
|win|dmb3r
