|j|☆NoitUK_VGC
|j|☆n-da-npc
|html|NoitUK_VGCn-da-npc    
|uhtml|bestof|Game 2 of a best-of-3
|t:|1784835473
|gametype|doubles
|player|p1|NoitUK_VGC|102|1177
|player|p2|n-da-npc|nate|1186
|gen|9
|tier|[Gen 9 Champions] VGC 2026 Reg M-B (Bo3)
|rated|
|rule|Species Clause: Limit one of each Pokémon
|rule|Item Clause: Limit 1 of each item
|clearpoke
|poke|p1|Gengar, L50, M|
|poke|p1|Ninetales-Alola, L50, M|
|poke|p1|Incineroar, L50, M|
|poke|p1|Kingambit, L50, F|
|poke|p1|Staraptor, L50, M|
|poke|p1|Garchomp, L50, M|
|poke|p2|Gourgeist-Super, L50, M|
|poke|p2|Scrafty, L50, M|
|poke|p2|Tyranitar, L50, M|
|poke|p2|Garchomp, L50, M|
|poke|p2|Sylveon, L50, F|
|poke|p2|Tinkaton, L50, F|
|teampreview|4
|showteam|p1|Gengar||Gengarite|CursedBody|ShadowBall,SludgeBomb,Protect,PerishSong|Timid||M|||50|]Ninetales-Alola||NeverMeltIce|SnowWarning|Blizzard,Encore,Protect,Disable|Timid||M|||50|]Incineroar||SitrusBerry|Intimidate|FlareBlitz,PartingShot,Protect,FakeOut|Relaxed||M|||50|]Kingambit||BlackGlasses|Defiant|KowtowCleave,SuckerPunch,Protect,LowKick|Adamant||F|||50|]Staraptor||ChoiceScarf|Intimidate|FinalGambit,CloseCombat,BraveBird,Uturn|Jolly||M|||50|]Garchomp||LifeOrb|RoughSkin|Protect,RockSlide,StompingTantrum,DragonClaw|Adamant||M|||50|
|showteam|p2|Gourgeist-Super||ColburBerry|Insomnia|TrickorTreat,SkillSwap,TrickRoom,WillOWisp|Sassy||M|||50|]Scrafty||SitrusBerry|Intimidate|FakeOut,CloseCombat,Coaching,Protect|Careful||M|||50|]Tyranitar||Tyranitarite|SandStream|Protect,KnockOff,RockSlide,Curse|Relaxed||M|||50|]Garchomp||Garchompite|RoughSkin|Protect,Earthquake,IronHead,RockSlide|Brave||M|||50|]Sylveon||FairyFeather|Pixilate|Protect,HyperVoice,HyperBeam,Yawn|Quiet||F|||50|]Tinkaton||FocusSash|MoldBreaker|Protect,FakeOut,GigatonHammer,Feint|Brave||F|||50|
|inactive|Battle timer is ON: inactive players will automatically lose when time's up. (requested by n-da-npc)
|inactive|NoitUK_VGC has 60 seconds left.
|inactive|NoitUK_VGC has 30 seconds left.
|
|t:|1784835540
|teamsize|p1|4
|teamsize|p2|4
|start
|switch|p1a: Staraptor|Staraptor, L50, M|100/100
|switch|p1b: Gengar|Gengar, L50, M|100/100
|switch|p2a: setter 1|Gourgeist-Super, L50, M|100/100
|switch|p2b: menace 2|Garchomp, L50, M|100/100
|-ability|p1a: Staraptor|Intimidate|boost
|-unboost|p2a: setter 1|atk|1
|-unboost|p2b: menace 2|atk|1
|turn|1
|inactive|n-da-npc has 30 seconds left.
|inactive|NoitUK_VGC has 30 seconds left.
|inactive|NoitUK_VGC has 20 seconds left.
|
|t:|1784835581
|detailschange|p1b: Gengar|Gengar-Mega, L50, M
|-mega|p1b: Gengar|Gengar|Gengarite
|move|p1b: Gengar|Protect|p1b: Gengar
|-singleturn|p1b: Gengar|Protect
|move|p2b: menace 2|Protect|p2b: menace 2
|-singleturn|p2b: menace 2|Protect
|move|p1a: Staraptor|U-turn|p2a: setter 1
|-damage|p2a: setter 1|84/100
|
|t:|1784835589
|switch|p1a: Incineroar|Incineroar, L50, M|100/100|[from] U-turn
|-ability|p1a: Incineroar|Intimidate|boost
|-unboost|p2a: setter 1|atk|1
|-unboost|p2b: menace 2|atk|1
|move|p2a: setter 1|Skill Swap|p1b: Gengar
|-activate|p1b: Gengar|move: Protect
|
|upkeep
|turn|2
|inactive|NoitUK_VGC has 30 seconds left.
|inactive|NoitUK_VGC has 20 seconds left.
|
|t:|1784835629
|switch|p1b: Staraptor|Staraptor, L50, M|100/100
|-ability|p1b: Staraptor|Intimidate|boost
|-unboost|p2a: setter 1|atk|1
|-unboost|p2b: menace 2|atk|1
|move|p2b: menace 2|Earthquake|p1a: Incineroar|[spread] p2a,p1a
|-immune|p1b: Staraptor
|-resisted|p2a: setter 1|1
|-supereffective|p1a: Incineroar|1
|-damage|p2a: setter 1|78/100
|-damage|p1a: Incineroar|73/100
|move|p1a: Incineroar|Flare Blitz|p2a: setter 1
|-supereffective|p2a: setter 1|1
|-damage|p2a: setter 1|6/100
|-damage|p1a: Incineroar|50/100g|[from] Recoil
|move|p2a: setter 1|Trick Room|p2a: setter 1
|-fieldstart|move: Trick Room|[of] p2a: setter 1
|
|upkeep
|turn|3
|inactive|NoitUK_VGC has 30 seconds left.
|
|t:|1784835654
|switch|p2b: menace 1|Tyranitar, L50, M|100/100
|-weather|Sandstorm|[from] ability: Sand Stream|[of] p2b: menace 1
|move|p2a: setter 1|Skill Swap|p1a: Incineroar
|-activate|p2a: setter 1|Skill Swap|Intimidate|Insomnia|[of] p1a: Incineroar
|-ability|p2a: setter 1|Intimidate|boost
|-unboost|p1a: Incineroar|atk|1
|-unboost|p1b: Staraptor|atk|1
|move|p1a: Incineroar|Parting Shot|p2a: setter 1
|-unboost|p2a: setter 1|atk|1
|-unboost|p2a: setter 1|spa|1
|
|t:|1784835665
|switch|p1a: Kingambit|Kingambit, L50, F|100/100|[from] Parting Shot
|move|p1b: Staraptor|U-turn|p2a: setter 1
|-damage|p2a: setter 1|0 fnt
|faint|p2a: setter 1
|
|t:|1784835671
|switch|p1b: Incineroar|Incineroar, L50, M|50/100g|[from] U-turn
|-ability|p1b: Incineroar|Intimidate|boost
|-unboost|p2b: menace 1|atk|1
|
|-weather|Sandstorm|[upkeep]
|-damage|p1b: Incineroar|44/100|[from] Sandstorm
|-enditem|p1b: Incineroar|Sitrus Berry|[eat]
|-heal|p1b: Incineroar|69/100|[from] item: Sitrus Berry
|upkeep
|
|t:|1784835675
|switch|p2a: not a menace|Sylveon, L50, F|100/100
|turn|4
|
|t:|1784835690
|move|p2b: menace 1|Protect|p2b: menace 1
|-singleturn|p2b: menace 1|Protect
|move|p2a: not a menace|Protect|p2a: not a menace
|-singleturn|p2a: not a menace|Protect
|move|p1b: Incineroar|Fake Out|p2a: not a menace
|-activate|p2a: not a menace|move: Protect
|move|p1a: Kingambit|Kowtow Cleave|p2a: not a menace
|-activate|p2a: not a menace|move: Protect
|
|-weather|Sandstorm|[upkeep]
|-damage|p2a: not a menace|94/100|[from] Sandstorm
|-damage|p1b: Incineroar|63/100|[from] Sandstorm
|upkeep
|turn|5
|
|t:|1784835704
|move|p2b: menace 1|Curse|p2b: menace 1
|-unboost|p2b: menace 1|spe|1
|-boost|p2b: menace 1|atk|1
|-boost|p2b: menace 1|def|1
|move|p2a: not a menace|Hyper Beam|p1a: Kingambit
|-damage|p1a: Kingambit|0 fnt
|-mustrecharge|p2a: not a menace
|faint|p1a: Kingambit
|move|p1b: Incineroar|Parting Shot|p2a: not a menace
|-unboost|p2a: not a menace|atk|1
|-unboost|p2a: not a menace|spa|1
|
|t:|1784835717
|switch|p1b: Staraptor|Staraptor, L50, M|100/100|[from] Parting Shot
|-ability|p1b: Staraptor|Intimidate|boost
|-unboost|p2a: not a menace|atk|1
|-unboost|p2b: menace 1|atk|1
|
|-weather|Sandstorm|[upkeep]
|-damage|p2a: not a menace|88/100|[from] Sandstorm
|-damage|p1b: Staraptor|93/100|[from] Sandstorm
|upkeep
|
|t:|1784835723
|switch|p1a: Incineroar|Incineroar, L50, M|63/100
|-ability|p1a: Incineroar|Intimidate|boost
|-unboost|p2a: not a menace|atk|1
|-unboost|p2b: menace 1|atk|1
|turn|6
|
|t:|1784835744
|move|p2b: menace 1|Protect|p2b: menace 1
|-singleturn|p2b: menace 1|Protect
|move|p1a: Incineroar|Fake Out|p2b: menace 1
|-activate|p2b: menace 1|move: Protect
|cant|p2a: not a menace|recharge
|move|p1b: Staraptor|Final Gambit|p2a: not a menace
|-damage|p2a: not a menace|0 fnt
|faint|p1b: Staraptor
|faint|p2a: not a menace
|
|-weather|Sandstorm|[upkeep]
|-damage|p1a: Incineroar|57/100|[from] Sandstorm
|-fieldend|move: Trick Room
|upkeep
|
|t:|1784835758
|switch|p1b: Gengar|Gengar-Mega, L50, M|100/100
|switch|p2a: menace 2|Garchomp, L50, M|100/100
|turn|7
|
|t:|1784835771
|detailschange|p2a: menace 2|Garchomp-Mega, L50, M
|-mega|p2a: menace 2|Garchomp|Garchompite
|move|p1b: Gengar|Protect|p1b: Gengar
|-singleturn|p1b: Gengar|Protect
|move|p2a: menace 2|Earthquake|p1a: Incineroar|[spread] p2b,p1a
|-activate|p1b: Gengar|move: Protect
|-supereffective|p2b: menace 1|1
|-supereffective|p1a: Incineroar|1
|-damage|p2b: menace 1|49/100
|-damage|p1a: Incineroar|0 fnt
|faint|p1a: Incineroar
|move|p2b: menace 1|Knock Off|p1b: Gengar
|-activate|p1b: Gengar|move: Protect
|
|-weather|none
|upkeep
|turn|8
|c|☆n-da-npc|gg
|-message|NoitUK_VGC forfeited.
|
|win|n-da-npc
|raw|NoitUK_VGC's rating: 1177 → 1153(-24 for losing)
|raw|n-da-npc's rating: 1186 → 1210(+24 for winning)
