|j|☆CIReallytried
|j|☆Graavi
|html|CIReallytriedGraavi    
|uhtml|bestof|Game 1 of a best-of-3
|t:|1783249589
|gametype|doubles
|player|p1|CIReallytried|101|1083
|player|p2|Graavi|102|1020
|gen|9
|tier|[Gen 9 Champions] VGC 2026 Reg M-B (Bo3)
|rated|
|rule|Species Clause: Limit one of each Pokémon
|rule|Item Clause: Limit 1 of each item
|clearpoke
|poke|p1|Torkoal, L50, F, shiny|
|poke|p1|Farigiraf, L50, F, shiny|
|poke|p1|Sinistcha, L50, shiny|
|poke|p1|Mawile, L50, M, shiny|
|poke|p1|Incineroar, L50, M, shiny|
|poke|p1|Charizard, L50, F, shiny|
|poke|p2|Whimsicott, L50, F|
|poke|p2|Grimmsnarl, L50, M|
|poke|p2|Gardevoir, L50, F|
|poke|p2|Tsareena, L50, F|
|poke|p2|Lucario, L50, F|
|poke|p2|Arcanine-Hisui, L50, F|
|teampreview|4
|showteam|p1|Torkoal||Charcoal|Drought|Eruption,HeatWave,SolarBeam,Protect|Quiet||F|||50|]Farigiraf||ColburBerry|ArmorTail|TwinBeam,HelpingHand,TrickRoom,Protect|Quiet||F|||50|]Sinistcha||Leftovers|Hospitality|RagePowder,MatchaGotcha,StrengthSap,TrickRoom|Bold|||||50|]Mawile||Mawilite|HyperCutter|IronHead,PlayRough,RockSlide,Protect|Brave||M|||50|]Incineroar||SitrusBerry|Intimidate|FakeOut,ThroatChop,FlareBlitz,PartingShot|Brave||M|||50|]Charizard||CharizarditeY|SolarPower|HeatWave,AirSlash,AncientPower,Protect|Timid||F|||50|
|showteam|p2|Whimsicott||FocusSash|Prankster|Tailwind,Protect,Encore,Moonblast|Modest||F|||50|]Grimmsnarl||LightClay|Prankster|Reflect,LightScreen,PartingShot,FoulPlay|Careful||M|||50|]Gardevoir||Gardevoirite|Trace|HyperVoice,Protect,Psyshock,Psychic|Modest||F|||50|]Tsareena||WideLens|QueenlyMajesty|HighJumpKick,TripleAxel,Protect,PowerWhip|Adamant||F|||50|]Lucario||Lucarionite|InnerFocus|CloseCombat,Earthquake,Crunch,Protect|Jolly||F|||50|]Arcanine-Hisui||Leftovers|Intimidate|RockSlide,FlareBlitz,ExtremeSpeed,Protect|Jolly||F|||50|
|inactive|Battle timer is ON: inactive players will automatically lose when time's up. (requested by CIReallytried)
|inactive|CIReallytried has 60 seconds left.
|
|t:|1783249628
|teamsize|p1|4
|teamsize|p2|4
|start
|switch|p1a: Mawile|Mawile, L50, M, shiny|100/100
|switch|p1b: Incineroar|Incineroar, L50, M, shiny|100/100
|switch|p2a: Lucario|Lucario, L50, F|100/100
|switch|p2b: Arcanine|Arcanine-Hisui, L50, F|100/100
|-ability|p2b: Arcanine|Intimidate|boost
|-fail|p1a: Mawile|unboost|Attack|[from] ability: Hyper Cutter|[of] p1a: Mawile
|-unboost|p1b: Incineroar|atk|1
|-ability|p1b: Incineroar|Intimidate|boost
|-fail|p2a: Lucario|unboost|Attack|[from] ability: Inner Focus|[of] p2a: Lucario
|-unboost|p2b: Arcanine|atk|1
|turn|1
|inactive|Graavi has 30 seconds left.
|inactive|Graavi has 20 seconds left.
|inactive|Graavi has 15 seconds left.
|
|t:|1783249670
|switch|p1b: Sinistcha|Sinistcha, L50, shiny|100/100
|detailschange|p2a: Lucario|Lucario-Mega, L50, F
|-mega|p2a: Lucario|Lucario|Lucarionite
|move|p1a: Mawile|Protect|p1a: Mawile
|-singleturn|p1a: Mawile|Protect
|move|p2a: Lucario|Close Combat|p1b: Sinistcha
|-immune|p1b: Sinistcha
|move|p2b: Arcanine|Flare Blitz|p1a: Mawile
|-activate|p1a: Mawile|move: Protect
|
|upkeep
|turn|2
|inactive|Graavi has 30 seconds left.
|inactive|Graavi has 20 seconds left.
|inactive|Graavi has 15 seconds left.
|inactive|Graavi has 10 seconds left.
|
|t:|1783249720
|switch|p1a: Incineroar|Incineroar, L50, M, shiny|100/100
|-ability|p1a: Incineroar|Intimidate|boost
|-unboost|p2a: Lucario|atk|1
|-unboost|p2b: Arcanine|atk|1
|move|p2a: Lucario|Crunch|p1b: Sinistcha
|-supereffective|p1b: Sinistcha|1
|-damage|p1b: Sinistcha|69/100
|move|p2b: Arcanine|Flare Blitz|p1a: Incineroar
|-resisted|p1a: Incineroar|1
|-damage|p1a: Incineroar|91/100
|-damage|p2b: Arcanine|96/100|[from] Recoil
|move|p1b: Sinistcha|Strength Sap|p2b: Arcanine
|-unboost|p2b: Arcanine|atk|1
|-heal|p1b: Sinistcha|100/100
|
|-heal|p2b: Arcanine|100/100|[from] item: Leftovers
|upkeep
|turn|3
|inactive|Graavi has 30 seconds left.
|inactive|Graavi has 20 seconds left.
|inactive|Graavi has 15 seconds left.
|
|t:|1783249764
|move|p1a: Incineroar|Fake Out|p2a: Lucario
|-resisted|p2a: Lucario|1
|-damage|p2a: Lucario|91/100
|cant|p2a: Lucario|flinch
|move|p2b: Arcanine|Flare Blitz|p1b: Sinistcha
|-supereffective|p1b: Sinistcha|1
|-damage|p1b: Sinistcha|65/100
|-damage|p2b: Arcanine|88/100|[from] Recoil
|move|p1b: Sinistcha|Trick Room|p1b: Sinistcha
|-fieldstart|move: Trick Room|[of] p1b: Sinistcha
|
|-heal|p1b: Sinistcha|71/100|[from] item: Leftovers
|-heal|p2b: Arcanine|94/100|[from] item: Leftovers
|upkeep
|turn|4
|
|t:|1783249784
|move|p1a: Incineroar|Flare Blitz|p2a: Lucario
|-supereffective|p2a: Lucario|1
|-damage|p2a: Lucario|0 fnt
|faint|p2a: Lucario
|-damage|p1a: Incineroar|69/100|[from] Recoil
|move|p1b: Sinistcha|Matcha Gotcha|p2b: Arcanine
|-damage|p2b: Arcanine|53/100
|-heal|p1b: Sinistcha|91/100|[from] drain|[of] p2b: Arcanine
|move|p2b: Arcanine|Flare Blitz|p1b: Sinistcha
|-supereffective|p1b: Sinistcha|1
|-damage|p1b: Sinistcha|57/100
|-damage|p2b: Arcanine|41/100|[from] Recoil
|
|-heal|p1b: Sinistcha|63/100|[from] item: Leftovers
|-heal|p2b: Arcanine|47/100|[from] item: Leftovers
|upkeep
|inactive|Graavi has 30 seconds left.
|inactive|Graavi has 20 seconds left.
|inactive|Graavi has 15 seconds left.
|
|t:|1783249828
|switch|p2a: Tsareena|Tsareena, L50, F|100/100
|turn|5
|
|t:|1783249836
|move|p1a: Incineroar|Flare Blitz|p2a: Tsareena
|-supereffective|p2a: Tsareena|1
|-damage|p2a: Tsareena|0 fnt
|faint|p2a: Tsareena
|-damage|p1a: Incineroar|45/100|[from] Recoil
|-enditem|p1a: Incineroar|Sitrus Berry|[eat]
|-heal|p1a: Incineroar|69/100|[from] item: Sitrus Berry
|move|p1b: Sinistcha|Matcha Gotcha|p2b: Arcanine
|-crit|p2b: Arcanine
|-damage|p2b: Arcanine|0 fnt
|-heal|p1b: Sinistcha|86/100|[from] drain|[of] p2b: Arcanine
|faint|p2b: Arcanine
|
|-heal|p1b: Sinistcha|92/100|[from] item: Leftovers
|upkeep
|inactive|Graavi has 30 seconds left.
|inactive|Graavi has 20 seconds left.
|inactive|Graavi has 15 seconds left.
|inactive|Graavi has 10 seconds left.
|inactive|Graavi has 5 seconds left.
|
|t:|1783249891
|switch|p2a: Whimsicott|Whimsicott, L50, F|100/100
|turn|6
|inactive|Graavi has 30 seconds left.
|inactive|Graavi has 20 seconds left.
|inactive|Graavi has 15 seconds left.
|inactive|Graavi has 10 seconds left.
|inactive|Graavi has 5 seconds left.
|
|t:|1783249946
|move|p2a: Whimsicott|Tailwind|p2a: Whimsicott
|-sidestart|p2: Graavi|move: Tailwind
|move|p1a: Incineroar|Flare Blitz|p2a: Whimsicott
|-supereffective|p2a: Whimsicott|1
|-enditem|p2a: Whimsicott|Focus Sash
|-damage|p2a: Whimsicott|1/100
|-status|p2a: Whimsicott|brn
|-damage|p1a: Incineroar|48/100|[from] Recoil
|move|p1b: Sinistcha|Matcha Gotcha|p2a: Whimsicott
|-resisted|p2a: Whimsicott|1
|-damage|p2a: Whimsicott|0 fnt
|-heal|p1b: Sinistcha|93/100|[from] drain|[of] p2a: Whimsicott
|faint|p2a: Whimsicott
|
|win|CIReallytried
||CIReallytried is ready for game 2.
|inactive|Graavi has 30 seconds to confirm battle start!
|raw|CIReallytried's rating: 1083 → 1106(+23 for winning)
|raw|Graavi's rating: 1020 → 1009(-11 for losing)
|l|☆Graavi
|player|p2|
