|j|☆Vishalsankhla2205
|j|☆Beeetch
|html|Vishalsankhla2205Beeetch    
|uhtml|bestof|Game 1 of a best-of-3
|t:|1757195510
|gametype|doubles
|player|p1|Vishalsankhla2205|steven|1101
|player|p2|Beeetch|beauty-gen4dp|1217
|gen|9
|tier|[Gen 9] VGC 2025 Reg H (Bo3)
|rated|
|rule|Species Clause: Limit one of each Pokémon
|rule|Item Clause: Limit 1 of each item
|clearpoke
|poke|p1|Cinderace, L50, M|
|poke|p1|Amoonguss, L50, M|
|poke|p1|Whimsicott, L50, F|
|poke|p1|Ursaluna-Bloodmoon, L50, M|
|poke|p1|Armarouge, L50, F|
|poke|p1|Indeedee-F, L50, F|
|poke|p2|Excadrill, L50, F|
|poke|p2|Tyranitar, L50, M|
|poke|p2|Sneasler, L50, F|
|poke|p2|Indeedee, L50, M|
|poke|p2|Corviknight, L50, F|
|poke|p2|Annihilape, L50, M|
|teampreview|4
|showteam|p1|Cinderace||WideLens|Libero|QuickAttack,Protect,HighJumpKick,PyroBall|||M|||50|,,,,,Fire]Amoonguss||SitrusBerry|Regenerator|RagePowder,SludgeBomb,Protect,Spore|||M|||50|,,,,,Dark]Whimsicott||CovertCloak|Prankster|Taunt,Moonblast,SunnyDay,Tailwind|||F|||50|,,,,,Grass]Ursaluna-Bloodmoon||LifeOrb|MindsEye|Protect,BloodMoon,CalmMind,EarthPower|||M|||50|,,,,,Fairy]Armarouge||FocusSash|WeakArmor|TrickRoom,ExpandingForce,Protect,ArmorCannon|||F|||50|,,,,,Fire]Indeedee-F||PsychicSeed|PsychicSurge|Protect,DazzlingGleam,FollowMe,TrickRoom|||F|||50|,,,,,Psychic
|showteam|p2|Excadrill||FocusSash|SandRush|IronHead,HighHorsepower,Earthquake,Protect|||F|||50|,,,,,Stellar]Tyranitar||AssaultVest|SandStream|RockSlide,KnockOff,TeraBlast,LowKick|||M|||50|,,,,,Flying]Sneasler||PsychicSeed|Unburden|DireClaw,CloseCombat,ThroatChop,Protect|||F|||50|,,,,,Dark]Indeedee||ChoiceScarf|PsychicSurge|ExpandingForce,TeraBlast,Protect,Trick|||M|||50|,,,,,Psychic]Corviknight||Leftovers|MirrorArmor|BraveBird,BulkUp,Roost,Tailwind|||F|||50|,,,,,Dragon]Annihilape||SafetyGoggles|Defiant|CloseCombat,FinalGambit,RageFist,Taunt|||M|||50|,,,,,Water
|l|☆Vishalsankhla2205
|player|p1|
|j|☆Vishalsankhla2205
|player|p1|Vishalsankhla2205|steven|
|inactive|Battle timer is ON: inactive players will automatically lose when time's up. (requested by Vishalsankhla2205)
|inactive|Beeetch has 60 seconds left.
|
|t:|1757195562
|teamsize|p1|4
|teamsize|p2|4
|start
|switch|p1a: Whimsicott|Whimsicott, L50, F|100/100
|switch|p1b: Cinderace|Cinderace, L50, M|100/100
|switch|p2a: Tyranitar|Tyranitar, L50, M, shiny|100/100
|switch|p2b: Excadrill|Excadrill, L50, F, shiny|100/100
|-weather|Sandstorm|[from] ability: Sand Stream|[of] p2a: Tyranitar
|turn|1
|
|t:|1757195584
|-terastallize|p2a: Tyranitar|Flying
|move|p1a: Whimsicott|Sunny Day|p1a: Whimsicott
|-weather|SunnyDay
|move|p1b: Cinderace|High Jump Kick|p2a: Tyranitar
|-start|p1b: Cinderace|typechange|Fighting|[from] ability: Libero
|-resisted|p2a: Tyranitar
|-damage|p2a: Tyranitar|70/100
|move|p2b: Excadrill|Earthquake|p1a: Whimsicott|[spread] p1a,p1b
|-immune|p2a: Tyranitar
|-resisted|p1a: Whimsicott
|-damage|p1a: Whimsicott|78/100
|-damage|p1b: Cinderace|39/100
|move|p2a: Tyranitar|Rock Slide|p1a: Whimsicott|[spread] p1a
|-miss|p2a: Tyranitar|p1b: Cinderace
|-damage|p1a: Whimsicott|42/100
|
|-weather|SunnyDay|[upkeep]
|upkeep
|turn|2
|inactive|Vishalsankhla2205 has 30 seconds left.
|
|t:|1757195616
|move|p2b: Excadrill|Protect|p2b: Excadrill
|-singleturn|p2b: Excadrill|Protect
|move|p1b: Cinderace|High Jump Kick|p2b: Excadrill
|-activate|p2b: Excadrill|move: Protect
|-damage|p1b: Cinderace|0 fnt|[from] highjumpkick
|faint|p1b: Cinderace
|move|p1a: Whimsicott|Moonblast|p2b: Excadrill
|-activate|p2b: Excadrill|move: Protect
|move|p2a: Tyranitar|Tera Blast|p1a: Whimsicott|[anim] Tera Blast Flying
|-supereffective|p1a: Whimsicott
|-damage|p1a: Whimsicott|0 fnt
|faint|p1a: Whimsicott
|
|-weather|SunnyDay|[upkeep]
|upkeep
|
|t:|1757195620
|switch|p1b: Indeedee|Indeedee-F, L50, F|100/100
|switch|p1a: Armarouge|Armarouge, L50, F|100/100
|-fieldstart|move: Psychic Terrain|[from] ability: Psychic Surge|[of] p1b: Indeedee
|-enditem|p1b: Indeedee|Psychic Seed
|-boost|p1b: Indeedee|spd|1|[from] item: Psychic Seed
|turn|3
|
|t:|1757195640
|move|p1b: Indeedee|Follow Me|p1b: Indeedee
|-singleturn|p1b: Indeedee|move: Follow Me
|move|p2b: Excadrill|Earthquake|p1a: Armarouge|[spread] p1a,p1b
|-immune|p2a: Tyranitar
|-supereffective|p1a: Armarouge
|-damage|p1a: Armarouge|7/100
|-damage|p1b: Indeedee|58/100
|-ability|p1a: Armarouge|Weak Armor|boost
|-unboost|p1a: Armarouge|def|1
|-boost|p1a: Armarouge|spe|2
|move|p1a: Armarouge|Expanding Force|p2a: Tyranitar|[spread] p2a,p2b
|-resisted|p2b: Excadrill
|-damage|p2a: Tyranitar|31/100
|-damage|p2b: Excadrill|60/100
|move|p2a: Tyranitar|Knock Off|p1b: Indeedee
|-supereffective|p1b: Indeedee
|-damage|p1b: Indeedee|0 fnt
|faint|p1b: Indeedee
|
|-weather|SunnyDay|[upkeep]
|upkeep
|turn|4
|
|t:|1757195658
|switch|p2a: Indeedee|Indeedee, L50, M, shiny|100/100
|move|p2b: Excadrill|Protect|p2b: Excadrill
|-singleturn|p2b: Excadrill|Protect
|move|p1a: Armarouge|Expanding Force|p2a: Indeedee|[spread] p2a
|-activate|p2b: Excadrill|move: Protect
|-resisted|p2a: Indeedee
|-damage|p2a: Indeedee|53/100
|
|-weather|SunnyDay|[upkeep]
|upkeep
|turn|5
|
|t:|1757195672
|move|p1a: Armarouge|Expanding Force|p2b: Excadrill|[spread] p2a,p2b
|-resisted|p2a: Indeedee
|-resisted|p2b: Excadrill
|-damage|p2a: Indeedee|12/100
|-damage|p2b: Excadrill|12/100
|move|p2a: Indeedee|Tera Blast|p1a: Armarouge
|-damage|p1a: Armarouge|0 fnt
|faint|p1a: Armarouge
|
|win|Beeetch
