|j|☆nutbuster151
|j|☆echoes630
|html|nutbuster151echoes630    
|uhtml|bestof|Game 3 of a best-of-3
|t:|1785006058
|gametype|doubles
|player|p1|nutbuster151|acetrainer|1234
|player|p2|echoes630|101|1300
|gen|9
|tier|[Gen 9 Champions] VGC 2026 Reg M-B (Bo3)
|rated|
|rule|Species Clause: Limit one of each Pokémon
|rule|Item Clause: Limit 1 of each item
|clearpoke
|poke|p1|Aerodactyl, L50, M|
|poke|p1|Kingambit, L50, M|
|poke|p1|Sylveon, L50, M|
|poke|p1|Garchomp, L50, M|
|poke|p1|Charizard, L50, F|
|poke|p1|Incineroar, L50, F|
|poke|p2|Dragalge, L50, M|
|poke|p2|Sinistcha, L50|
|poke|p2|Incineroar, L50, M|
|poke|p2|Floette-Eternal, L50, F|
|poke|p2|Maushold, L50|
|poke|p2|Sneasler, L50, F|
|teampreview|4
|showteam|p1|Aerodactyl||Aerodactylite|Unnerve|RockSlide,IceFang,Tailwind,WideGuard|Jolly||M|||50|]Kingambit||FocusSash|Defiant|KowtowCleave,SuckerPunch,IronHead,Protect|Adamant||M|||50|]Sylveon||FairyFeather|Pixilate|Detect,HyperVoice,HyperBeam,QuickAttack|Modest||M|||50|]Garchomp||LifeOrb|RoughSkin|Earthquake,DragonClaw,StompingTantrum,Protect|Jolly||M|||50|]Charizard||CharizarditeY|Blaze|Protect,HeatWave,SolarBeam,WeatherBall|Modest||F|||50|]Incineroar||SitrusBerry|Intimidate|DarkestLariat,FlareBlitz,FakeOut,PartingShot|Impish||F|||50|
|showteam|p2|Dragalge||Dragalgite|Adaptability|DracoMeteor,SludgeBomb,Thunderbolt,Protect|Bold||M|||50|]Sinistcha||OccaBerry|Hospitality|MatchaGotcha,ShadowBall,RagePowder,Protect|Bold|||||50|]Incineroar||SitrusBerry|Intimidate|FakeOut,DarkestLariat,PartingShot,FlareBlitz|Impish||M|||50|]Floette-Eternal||Floettite|FlowerVeil|Moonblast,DazzlingGleam,CalmMind,Protect|Modest||F|||50|]Maushold||ChopleBerry|FriendGuard|SuperFang,Encore,Taunt,Protect|Timid|||||50|]Sneasler||FocusSash|PoisonTouch|FakeOut,CloseCombat,RockTomb,Protect|Jolly||F|||50|
|
|t:|1785006133
|teamsize|p1|4
|teamsize|p2|4
|start
|switch|p1a: Incineroar|Incineroar, L50, F|100/100
|switch|p1b: Charizard|Charizard, L50, F|100/100
|switch|p2a: Sneasler|Sneasler, L50, F|100/100
|switch|p2b: Floette|Floette-Eternal, L50, F|100/100
|-ability|p1a: Incineroar|Intimidate|boost
|-unboost|p2a: Sneasler|atk|1
|-unboost|p2b: Floette|atk|1
|turn|1
|
|t:|1785006195
|switch|p2a: Incineroar|Incineroar, L50, M|100/100
|-ability|p2a: Incineroar|Intimidate|boost
|-unboost|p1a: Incineroar|atk|1
|-unboost|p1b: Charizard|atk|1
|switch|p1b: Garchomp|Garchomp, L50, M|100/100
|move|p2b: Floette|Protect|p2b: Floette
|-singleturn|p2b: Floette|Protect
|move|p1a: Incineroar|Darkest Lariat|p2a: Incineroar
|-resisted|p2a: Incineroar|1
|-damage|p2a: Incineroar|90/100
|
|upkeep
|turn|2
|inactive|Battle timer is ON: inactive players will automatically lose when time's up. (requested by echoes630)
|
|t:|1785006237
|switch|p1b: Sylveon|Sylveon, L50, M|100/100
|detailschange|p2b: Floette|Floette-Mega, L50, F
|-mega|p2b: Floette|Floette|Floettite
|-ability|p2b: Floette|Fairy Aura
|move|p2a: Incineroar|Fake Out|p1a: Incineroar
|-damage|p1a: Incineroar|92/100
|move|p2b: Floette|Dazzling Gleam|p1b: Sylveon|[spread] p1a,p1b
|-damage|p1a: Incineroar|49/100
|-damage|p1b: Sylveon|64/100
|-enditem|p1a: Incineroar|Sitrus Berry|[eat]
|-heal|p1a: Incineroar|73/100|[from] item: Sitrus Berry
|cant|p1a: Incineroar|flinch
|
|upkeep
|turn|3
|inactive|nutbuster151 has 30 seconds left.
|inactive|nutbuster151 has 20 seconds left.
|inactive|nutbuster151 has 15 seconds left.
|inactive|nutbuster151 has 10 seconds left.
|
|t:|1785006285
|switch|p2b: Sneasler|Sneasler, L50, F|100/100
|move|p1b: Sylveon|Hyper Voice|p2a: Incineroar|[spread] p2a,p2b
|-damage|p2a: Incineroar|53/100
|-damage|p2b: Sneasler|38/100
|move|p2a: Incineroar|Parting Shot|p1b: Sylveon
|-unboost|p1b: Sylveon|atk|1
|-unboost|p1b: Sylveon|spa|1
|
|t:|1785006289
|switch|p2a: Sinistcha|Sinistcha, L50|100/100|[from] Parting Shot
|-heal|p2b: Sneasler|63/100|[from] ability: Hospitality|[of] p2a: Sinistcha
|move|p1a: Incineroar|Flare Blitz|p2b: Sneasler
|-damage|p2b: Sneasler|14/100
|-damage|p1a: Incineroar|61/100|[from] Recoil
|
|upkeep
|turn|4
|inactive|nutbuster151 has 30 seconds left.
|inactive|nutbuster151 has 20 seconds left.
|inactive|nutbuster151 has 15 seconds left.
|inactive|nutbuster151 has 10 seconds left.
|inactive|nutbuster151 has 5 seconds left.
|
|t:|1785006341
|switch|p1a: Garchomp|Garchomp, L50, M|100/100
|move|p2b: Sneasler|Protect|p2b: Sneasler
|-singleturn|p2b: Sneasler|Protect
|move|p1b: Sylveon|Detect|p1b: Sylveon
|-singleturn|p1b: Sylveon|Protect
|move|p2a: Sinistcha|Matcha Gotcha|p1b: Sylveon|[spread] p1a
|-activate|p1b: Sylveon|move: Protect
|-damage|p1a: Garchomp|75/100
|-status|p1a: Garchomp|brn
|
|-damage|p1a: Garchomp|69/100 brn|[from] brn
|upkeep
|turn|5
|
|t:|1785006363
|switch|p2b: Incineroar|Incineroar, L50, M|53/100
|-ability|p2b: Incineroar|Intimidate|boost
|-unboost|p1a: Garchomp|atk|1
|-unboost|p1b: Sylveon|atk|1
|switch|p1b: Charizard|Charizard, L50, F|100/100
|move|p1a: Garchomp|Earthquake|p2b: Incineroar|[spread] p2a,p2b
|-immune|p1b: Charizard
|-resisted|p2a: Sinistcha|1
|-supereffective|p2b: Incineroar|1
|-damage|p2a: Sinistcha|93/100
|-damage|p2b: Incineroar|26/100
|-enditem|p2b: Incineroar|Sitrus Berry|[eat]
|-heal|p2b: Incineroar|50/100g|[from] item: Sitrus Berry
|-damage|p1a: Garchomp|59/100 brn|[from] item: Life Orb
|move|p2a: Sinistcha|Matcha Gotcha|p1b: Charizard|[spread] p1b
|-miss|p2a: Sinistcha|p1a: Garchomp
|-resisted|p1b: Charizard|2
|-damage|p1b: Charizard|92/100
|-heal|p2a: Sinistcha|97/100|[from] drain|[of] p1b: Charizard
|
|-damage|p1a: Garchomp|53/100 brn|[from] brn
|upkeep
|turn|6
|inactive|nutbuster151 has 30 seconds left.
|inactive|nutbuster151 has 20 seconds left.
|inactive|nutbuster151 has 15 seconds left.
|inactive|nutbuster151 has 10 seconds left.
|inactive|nutbuster151 has 5 seconds left.
|
|t:|1785006413
|switch|p2a: Floette|Floette-Mega, L50, F|100/100
|-ability|p2a: Floette|Fairy Aura
|detailschange|p1b: Charizard|Charizard-Mega-Y, L50, F
|-mega|p1b: Charizard|Charizard|Charizardite Y
|-weather|SunnyDay|[from] ability: Drought|[of] p1b: Charizard
|move|p1a: Garchomp|Earthquake|p2b: Incineroar|[spread] p2a,p2b
|-immune|p1b: Charizard
|-supereffective|p2b: Incineroar|1
|-damage|p2a: Floette|82/100
|-damage|p2b: Incineroar|23/100
|-damage|p1a: Garchomp|43/100 brn|[from] item: Life Orb
|move|p1b: Charizard|Heat Wave|p2a: Floette|[spread] p2a,p2b
|-resisted|p2b: Incineroar|1
|-crit|p2b: Incineroar
|-damage|p2a: Floette|29/100
|-damage|p2b: Incineroar|0 fnt
|faint|p2b: Incineroar
|
|-weather|SunnyDay|[upkeep]
|-damage|p1a: Garchomp|37/100 brn|[from] brn
|upkeep
|
|t:|1785006417
|switch|p2b: Sneasler|Sneasler, L50, F|14/100
|turn|7
|inactive|nutbuster151 has 30 seconds left.
|inactive|nutbuster151 has 20 seconds left.
|inactive|nutbuster151 has 15 seconds left.
|
|t:|1785006458
|move|p2b: Sneasler|Protect|p2b: Sneasler
|-singleturn|p2b: Sneasler|Protect
|move|p1b: Charizard|Protect|p1b: Charizard
|-singleturn|p1b: Charizard|Protect
|move|p1a: Garchomp|Earthquake|p2b: Sneasler|[spread] p2a
|-activate|p1b: Charizard|move: Protect
|-activate|p2b: Sneasler|move: Protect
|-damage|p2a: Floette|11/100
|-damage|p1a: Garchomp|27/100 brn|[from] item: Life Orb
|move|p2a: Floette|Moonblast|p1a: Garchomp
|-supereffective|p1a: Garchomp|1
|-damage|p1a: Garchomp|0 fnt
|faint|p1a: Garchomp
|
|-weather|SunnyDay|[upkeep]
|upkeep
|
|t:|1785006474
|switch|p1a: Incineroar|Incineroar, L50, F|61/100
|-ability|p1a: Incineroar|Intimidate|boost
|-unboost|p2a: Floette|atk|1
|-unboost|p2b: Sneasler|atk|1
|turn|8
|
|t:|1785006485
|switch|p2b: Sinistcha|Sinistcha, L50|97/100
|-heal|p2a: Floette|36/100|[from] ability: Hospitality|[of] p2b: Sinistcha
|move|p2a: Floette|Protect|p2a: Floette
|-singleturn|p2a: Floette|Protect
|move|p1a: Incineroar|Fake Out|p2b: Sinistcha
|-immune|p2b: Sinistcha
|move|p1b: Charizard|Heat Wave|p2b: Sinistcha|[spread] p2b
|-activate|p2a: Floette|move: Protect
|-supereffective|p2b: Sinistcha|1
|-enditem|p2b: Sinistcha|Occa Berry|[eat]
|-enditem|p2b: Sinistcha|Occa Berry|[weaken]
|-damage|p2b: Sinistcha|36/100
|
|-weather|SunnyDay|[upkeep]
|upkeep
|turn|9
|inactive|nutbuster151 has 30 seconds left.
|
|t:|1785006510
|move|p2b: Sinistcha|Rage Powder|p2b: Sinistcha
|-singleturn|p2b: Sinistcha|move: Rage Powder
|move|p2a: Floette|Moonblast|p1a: Incineroar
|-damage|p1a: Incineroar|0 fnt
|faint|p1a: Incineroar
|move|p1b: Charizard|Heat Wave|p2b: Sinistcha|[spread] p2a,p2b
|-supereffective|p2b: Sinistcha|1
|-damage|p2a: Floette|0 fnt
|-damage|p2b: Sinistcha|0 fnt
|faint|p2a: Floette
|faint|p2b: Sinistcha
|
|-weather|SunnyDay|[upkeep]
|upkeep
|
|t:|1785006521
|switch|p2b: Sneasler|Sneasler, L50, F|14/100
|switch|p1a: Sylveon|Sylveon, L50, M|64/100
|turn|10
|-message|echoes630 forfeited.
|
|win|nutbuster151
|raw|nutbuster151's rating: 1234 → 1264(+30 for winning)
|raw|echoes630's rating: 1300 → 1270(-30 for losing)
|l|☆echoes630
|player|p2|
