|j|☆FLAMENETA
|j|☆Scoseb
|html|FLAMENETAScoseb    
|uhtml|bestof|Game 1 of a best-of-3
|t:|1784713227
|gametype|doubles
|player|p1|FLAMENETA|1|1245
|player|p2|Scoseb|brycenman|1369
|gen|9
|tier|[Gen 9 Champions] VGC 2026 Reg M-B (Bo3)
|rated|
|rule|Species Clause: Limit one of each Pokémon
|rule|Item Clause: Limit 1 of each item
|clearpoke
|poke|p1|Scovillain, L50, F|
|poke|p1|Incineroar, L50, M|
|poke|p1|Gallade, L50, M|
|poke|p1|Farigiraf, L50, F|
|poke|p1|Pelipper, L50, M|
|poke|p1|Kingambit, L50, M|
|poke|p2|Gholdengo, L50|
|poke|p2|Zoroark-Hisui, L50, M|
|poke|p2|Incineroar, L50, F|
|poke|p2|Whimsicott, L50, M|
|poke|p2|Staraptor, L50, F|
|poke|p2|Garchomp, L50, F|
|teampreview|4
|showteam|p1|Scovillain||Scovillainite|Moody|LeafStorm,Overheat,Protect,RagePowder|Relaxed||F|||50|]Incineroar||WhiteHerb|Intimidate|CloseCombat,FlareBlitz,FakeOut,DarkestLariat|Brave||M|||50|]Gallade||BlackBelt|Sharpness|SacredSword,PsychoCut,Protect,TrickRoom|Brave||M|||50|]Farigiraf||SitrusBerry|ArmorTail|TrickRoom,HyperVoice,NastyPlot,Psychic|Quiet||F|||50|]Pelipper||MysticWater|Drizzle|Hurricane,MuddyWater,WideGuard,WeatherBall|Quiet||M|||50|]Kingambit||BlackGlasses|Defiant|SwordsDance,SuckerPunch,IronHead,KowtowCleave|Brave||M|||50|
|showteam|p2|Gholdengo||LifeOrb|GoodasGold|PowerGem,Protect,MakeItRain,ShadowBall|Modest|||||50|]Zoroark-Hisui||FocusSash|Illusion|Taunt,IcyWind,FakeTears,BitterMalice|Timid||M|||50|]Incineroar||SitrusBerry|Intimidate|FakeOut,PartingShot,FlareBlitz,DarkestLariat|Careful||F|||50|]Whimsicott||FairyFeather|Prankster|Moonblast,Tailwind,Charm,Encore|Modest||M|||50|]Staraptor||Staraptite|Reckless|CloseCombat,Protect,BraveBird,Roost|Jolly||F|||50|]Garchomp||Garchompite|RoughSkin|Protect,Earthquake,DragonClaw,RockSlide|Adamant||F|||50|
|inactive|Battle timer is ON: inactive players will automatically lose when time's up. (requested by Scoseb)
|inactive|Scoseb has 60 seconds left.
|
|t:|1784713269
|teamsize|p1|4
|teamsize|p2|4
|start
|switch|p1a: Farigiraf|Farigiraf, L50, F|100/100
|switch|p1b: Incineroar|Incineroar, L50, M|100/100
|switch|p2a: Incineroar|Incineroar, L50, F|100/100
|switch|p2b: Gholdengo|Gholdengo, L50|100/100
|-ability|p1b: Incineroar|Intimidate|boost
|-unboost|p2a: Incineroar|atk|1
|-unboost|p2b: Gholdengo|atk|1
|turn|1
|inactive|FLAMENETA has 30 seconds left.
|
|t:|1784713295
|switch|p2b: Incineroar|Incineroar, L50, F|100/100
|-ability|p2b: Incineroar|Intimidate|boost
|-unboost|p1a: Farigiraf|atk|1
|-unboost|p1b: Incineroar|atk|1
|-enditem|p1b: Incineroar|White Herb
|-clearnegativeboost|p1b: Incineroar|[silent]
|move|p1b: Incineroar|Fake Out|p2a: Incineroar
|-immune|p2a: Incineroar
|move|p2a: Incineroar|Taunt|p1a: Farigiraf
|-start|p1a: Farigiraf|move: Taunt
|cant|p1a: Farigiraf|move: Taunt|Trick Room
|
|upkeep
|turn|2
|inactive|FLAMENETA has 30 seconds left.
|
|t:|1784713326
|switch|p1a: Kingambit|Kingambit, L50, M|100/100
|move|p2a: Incineroar|Taunt|p1b: Incineroar
|-start|p1b: Incineroar|move: Taunt
|move|p2b: Incineroar|Parting Shot|p1b: Incineroar
|-unboost|p1b: Incineroar|atk|1
|-unboost|p1b: Incineroar|spa|1
|
|t:|1784713333
|switch|p2b: Garchomp|Garchomp, L50, F|100/100|[from] Parting Shot
|move|p1b: Incineroar|Darkest Lariat|p2a: Incineroar
|-supereffective|p2a: Incineroar|1
|-enditem|p2a: Incineroar|Focus Sash
|-damage|p2a: Incineroar|1/100
|replace|p2a: Zoroark|Zoroark-Hisui, L50, M
|-end|p2a: Zoroark|Illusion
|
|upkeep
|turn|3
|inactive|FLAMENETA has 30 seconds left.
|
|t:|1784713359
|switch|p1b: Farigiraf|Farigiraf, L50, F|100/100
|switch|p1a: Pelipper|Pelipper, L50, M|100/100
|-weather|RainDance|[from] ability: Drizzle|[of] p1a: Pelipper
|detailschange|p2b: Garchomp|Garchomp-Mega, L50, F
|-mega|p2b: Garchomp|Garchomp|Garchompite
|move|p2a: Zoroark|Fake Tears|p1b: Farigiraf
|-unboost|p1b: Farigiraf|spd|2
|move|p2b: Garchomp|Earthquake|p1a: Pelipper|[spread] p2a,p1b
|-immune|p1a: Pelipper
|-damage|p2a: Zoroark|0 fnt
|-damage|p1b: Farigiraf|51/100
|faint|p2a: Zoroark
|
|-weather|RainDance|[upkeep]
|upkeep
|
|t:|1784713373
|switch|p2a: Gholdengo|Gholdengo, L50|100/100
|turn|4
|
|t:|1784713381
|move|p1a: Pelipper|Wide Guard|p1a: Pelipper
|-singleturn|p1a: Pelipper|Wide Guard
|move|p2b: Garchomp|Rock Slide|p1b: Farigiraf|[spread] 
|-activate|p1a: Pelipper|move: Wide Guard
|-activate|p1b: Farigiraf|move: Wide Guard
|move|p2a: Gholdengo|Power Gem|p1a: Pelipper
|-supereffective|p1a: Pelipper|1
|-crit|p1a: Pelipper
|-damage|p1a: Pelipper|0 fnt
|faint|p1a: Pelipper
|-damage|p2a: Gholdengo|90/100|[from] item: Life Orb
|move|p1b: Farigiraf|Trick Room|p1b: Farigiraf
|-fieldstart|move: Trick Room|[of] p1b: Farigiraf
|
|-weather|RainDance|[upkeep]
|upkeep
|
|t:|1784713391
|switch|p1a: Incineroar|Incineroar, L50, M|100/100
|-ability|p1a: Incineroar|Intimidate|boost
|-unboost|p2a: Gholdengo|atk|1
|-unboost|p2b: Garchomp|atk|1
|turn|5
|
|t:|1784713409
|move|p2a: Gholdengo|Protect|p2a: Gholdengo
|-singleturn|p2a: Gholdengo|Protect
|move|p1a: Incineroar|Fake Out|p2b: Garchomp
|-damage|p2b: Garchomp|89/100
|move|p1b: Farigiraf|Nasty Plot|p1b: Farigiraf
|-boost|p1b: Farigiraf|spa|2
|cant|p2b: Garchomp|flinch
|
|-weather|RainDance|[upkeep]
|upkeep
|turn|6
|
|t:|1784713421
|switch|p2b: Incineroar|Incineroar, L50, F|100/100
|-ability|p2b: Incineroar|Intimidate|boost
|-unboost|p1a: Incineroar|atk|1
|-unboost|p1b: Farigiraf|atk|1
|move|p1a: Incineroar|Darkest Lariat|p2a: Gholdengo
|-supereffective|p2a: Gholdengo|1
|-damage|p2a: Gholdengo|38/100
|move|p1b: Farigiraf|Hyper Voice|p2a: Gholdengo|[spread] p2b
|-immune|p2a: Gholdengo
|-damage|p2b: Incineroar|47/100
|-enditem|p2b: Incineroar|Sitrus Berry|[eat]
|-heal|p2b: Incineroar|72/100|[from] item: Sitrus Berry
|move|p2a: Gholdengo|Make It Rain|p1a: Incineroar|[spread] p1a,p1b
|-resisted|p1a: Incineroar|1
|-crit|p1a: Incineroar
|-damage|p1a: Incineroar|53/100
|-damage|p1b: Farigiraf|0 fnt
|-unboost|p2a: Gholdengo|spa|2
|faint|p1b: Farigiraf
|-damage|p2a: Gholdengo|29/100|[from] item: Life Orb
|
|-weather|RainDance|[upkeep]
|upkeep
|
|t:|1784713431
|switch|p1b: Kingambit|Kingambit, L50, M|100/100
|turn|7
|
|t:|1784713446
|move|p2a: Gholdengo|Protect|p2a: Gholdengo
|-singleturn|p2a: Gholdengo|Protect
|move|p2b: Incineroar|Fake Out|p1b: Kingambit
|-resisted|p1b: Kingambit|1
|-damage|p1b: Kingambit|96/100
|cant|p1b: Kingambit|flinch
|move|p1a: Incineroar|Flare Blitz|p2a: Gholdengo
|-activate|p2a: Gholdengo|move: Protect
|
|-weather|none
|upkeep
|turn|8
|
|t:|1784713468
|move|p1b: Kingambit|Kowtow Cleave|p2b: Incineroar
|-resisted|p2b: Incineroar|1
|-damage|p2b: Incineroar|46/100
|move|p1a: Incineroar|Close Combat|p2b: Incineroar
|-supereffective|p2b: Incineroar|1
|-crit|p2b: Incineroar
|-damage|p2b: Incineroar|0 fnt
|-unboost|p1a: Incineroar|def|1
|-unboost|p1a: Incineroar|spd|1
|faint|p2b: Incineroar
|move|p2a: Gholdengo|Make It Rain|p1b: Kingambit|[spread] p1a,p1b
|-resisted|p1a: Incineroar|1
|-resisted|p1b: Kingambit|1
|-damage|p1a: Incineroar|29/100
|-damage|p1b: Kingambit|81/100
|-unboost|p2a: Gholdengo|spa|2
|-damage|p2a: Gholdengo|19/100|[from] item: Life Orb
|
|-fieldend|move: Trick Room
|upkeep
|
|t:|1784713483
|switch|p2b: Garchomp|Garchomp-Mega, L50, F|89/100
|turn|9
|
|t:|1784713494
|move|p2b: Garchomp|Protect|p2b: Garchomp
|-singleturn|p2b: Garchomp|Protect
|move|p2a: Gholdengo|Make It Rain|p1a: Incineroar|[spread] p1a,p1b
|-resisted|p1a: Incineroar|1
|-resisted|p1b: Kingambit|1
|-crit|p1b: Kingambit
|-damage|p1a: Incineroar|14/100
|-damage|p1b: Kingambit|32/100
|-unboost|p2a: Gholdengo|spa|2
|-damage|p2a: Gholdengo|10/100|[from] item: Life Orb
|move|p1a: Incineroar|Close Combat|p2b: Garchomp
|-activate|p2b: Garchomp|move: Protect
|move|p1b: Kingambit|Kowtow Cleave|p2b: Garchomp
|-activate|p2b: Garchomp|move: Protect
|
|upkeep
|turn|10
|
|t:|1784713509
|move|p2a: Gholdengo|Protect|p2a: Gholdengo
|-singleturn|p2a: Gholdengo|Protect
|move|p1b: Kingambit|Sucker Punch|p2b: Garchomp
|-damage|p2b: Garchomp|55/100
|move|p2b: Garchomp|Earthquake|p1a: Incineroar|[spread] p1a,p1b
|-activate|p2a: Gholdengo|move: Protect
|-supereffective|p1a: Incineroar|1
|-supereffective|p1b: Kingambit|1
|-damage|p1a: Incineroar|0 fnt
|-damage|p1b: Kingambit|0 fnt
|faint|p1a: Incineroar
|faint|p1b: Kingambit
|
|win|Scoseb
|l|☆FLAMENETA
|player|p1|
||FLAMENETA is ready for game 2.
|inactive|Scoseb has 30 seconds to confirm battle start!
||Scoseb is ready for game 2.
|uhtml|next|Next: Game 2 of 3
