|j|☆robinrambles
|j|‽Apfr
|html|robinramblesApfr    
|uhtml|bestof|Game 1 of a best-of-3
|t:|1785281168
|gametype|doubles
|player|p1|robinrambles|dawn-gen4pt|1162
|player|p2|Apfr|clown|1079
|gen|9
|tier|[Gen 9 Champions] VGC 2026 Reg M-B (Bo3)
|rated|
|rule|Species Clause: Limit one of each Pokémon
|rule|Item Clause: Limit 1 of each item
|clearpoke
|poke|p1|Staraptor, L50, M|
|poke|p1|Metagross, L50|
|poke|p1|Hydreigon, L50, F|
|poke|p1|Farigiraf, L50, F|
|poke|p1|Grimmsnarl, L50, M|
|poke|p1|Aerodactyl, L50, F|
|poke|p2|Drampa, L50, M|
|poke|p2|Diggersby, L50, M|
|poke|p2|Zoroark-Hisui, L50, F, shiny|
|poke|p2|Kangaskhan, L50, F|
|poke|p2|Lopunny, L50, F|
|poke|p2|Farigiraf, L50, M, shiny|
|teampreview|4
|showteam|p1|Staraptor||Staraptite|Intimidate|Roost,Protect,CloseCombat,BraveBird|Jolly||M|||50|]Metagross||Metagrossite|ClearBody|MeteorMash,PsychicFangs,StompingTantrum,Protect|Jolly|||||50|]Hydreigon||ChoiceScarf|Levitate|DracoMeteor,Snarl,EarthPower,DarkPulse|Modest||F|||50|]Farigiraf||SitrusBerry|ArmorTail|Thunderbolt,TwinBeam,Protect,HelpingHand|Calm||F|||50|]Grimmsnarl||RoseliBerry|Prankster|SpiritBreak,Taunt,PartingShot,FakeOut|Adamant||M|||50|]Aerodactyl||WideLens|Unnerve|DualWingbeat,RockSlide,Protect,Tailwind|Jolly||F|||50|
|showteam|p2|Drampa||SitrusBerry|Berserk|DragonPulse,HyperVoice,HeatWave,Protect|Quiet||M|||50|]Diggersby||ChopleBerry|HugePower|BodySlam,HighHorsepower,QuickAttack,Protect|Brave||M|||50|]Zoroark-Hisui||LifeOrb|Illusion|BitterMalice,Snarl,HyperVoice,Protect|Timid||F|||50|]Kangaskhan||Kangaskhanite|Scrappy|FakeOut,HammerArm,DoubleEdge,SuckerPunch|Adamant||F|||50|]Lopunny||Lopunnite|Limber|FakeOut,CloseCombat,TripleAxel,Protect|Jolly||F|||50|]Farigiraf||ColburBerry|ArmorTail|TrickRoom,Protect,Reflect,Psychic|Quiet||M|||50|
|inactive|Battle timer is ON: inactive players will automatically lose when time's up. (requested by robinrambles)
|
|t:|1785281213
|teamsize|p1|4
|teamsize|p2|4
|start
|switch|p1a: Staraptor|Staraptor, L50, M|100/100
|switch|p1b: Farigiraf|Farigiraf, L50, F|100/100
|switch|p2a: Diggersby|Diggersby, L50, M|100/100
|switch|p2b: Lopunny|Lopunny, L50, F|100/100
|-ability|p1a: Staraptor|Intimidate|boost
|-unboost|p2a: Diggersby|atk|1
|-unboost|p2b: Lopunny|atk|1
|turn|1
|
|t:|1785281237
|detailschange|p2b: Lopunny|Lopunny-Mega, L50, F
|-mega|p2b: Lopunny|Lopunny|Lopunnite
|detailschange|p1a: Staraptor|Staraptor-Mega, L50, M
|-mega|p1a: Staraptor|Staraptor|Staraptite
|move|p1a: Staraptor|Protect|p1a: Staraptor
|-singleturn|p1a: Staraptor|Protect
|move|p2b: Lopunny|Triple Axel|p1a: Staraptor
|-activate|p1a: Staraptor|move: Protect
|move|p2a: Diggersby|Hyper Voice|p1b: Farigiraf|[spread] p1b
|-activate|p1a: Staraptor|move: Protect
|-damage|p1b: Farigiraf|67/100
|-damage|p2a: Diggersby|90/100|[from] item: Life Orb
|move|p1b: Farigiraf|Twin Beam|p2b: Lopunny
|-supereffective|p2b: Lopunny|1
|-crit|p2b: Lopunny
|-damage|p2b: Lopunny|36/100
|-supereffective|p2b: Lopunny|1
|-damage|p2b: Lopunny|0 fnt
|faint|p2b: Lopunny
|-hitcount|p2: Lopunny|2
|
|upkeep
|
|t:|1785281249
|switch|p2b: Farigiraf|Farigiraf, L50, M, shiny|100/100
|turn|2
|
|t:|1785281267
|move|p1b: Farigiraf|Helping Hand|p1a: Staraptor
|-singleturn|p1a: Staraptor|Helping Hand|[of] p1b: Farigiraf
|move|p2b: Farigiraf|Protect|p2b: Farigiraf
|-singleturn|p2b: Farigiraf|Protect
|move|p2a: Diggersby|Hyper Voice|p1b: Farigiraf|[spread] p1a,p1b
|-damage|p1a: Staraptor|51/100
|-damage|p1b: Farigiraf|34/100
|-enditem|p1b: Farigiraf|Sitrus Berry|[eat]
|-heal|p1b: Farigiraf|59/100|[from] item: Sitrus Berry
|-damage|p2a: Diggersby|80/100|[from] item: Life Orb
|move|p1a: Staraptor|Close Combat|p2b: Farigiraf
|-activate|p2b: Farigiraf|move: Protect
|
|upkeep
|turn|3
|inactive|robinrambles has 30 seconds left.
|
|t:|1785281293
|move|p1b: Farigiraf|Helping Hand|p1a: Staraptor
|-singleturn|p1a: Staraptor|Helping Hand|[of] p1b: Farigiraf
|move|p1a: Staraptor|Close Combat|p2b: Farigiraf
|-damage|p2b: Farigiraf|27/100
|-boost|p1a: Staraptor|def|1
|-boost|p1a: Staraptor|spd|1
|move|p2a: Diggersby|Bitter Malice|p1a: Staraptor
|-damage|p1a: Staraptor|12/100
|-boost|p1a: Staraptor|atk|1
|-damage|p2a: Diggersby|70/100|[from] item: Life Orb
|move|p2b: Farigiraf|Trick Room|p2b: Farigiraf
|-fieldstart|move: Trick Room|[of] p2b: Farigiraf
|
|upkeep
|turn|4
|
|t:|1785281317
|switch|p1b: Grimmsnarl|Grimmsnarl, L50, M|100/100
|switch|p2a: Diggersby|Diggersby, L50, M|100/100
|move|p1a: Staraptor|Protect|p1a: Staraptor
|-singleturn|p1a: Staraptor|Protect
|move|p2b: Farigiraf|Psychic|p1a: Staraptor
|-activate|p1a: Staraptor|move: Protect
|
|upkeep
|turn|5
|
|t:|1785281332
|move|p2b: Farigiraf|Psychic|p1a: Staraptor
|-supereffective|p1a: Staraptor|1
|-damage|p1a: Staraptor|0 fnt
|faint|p1a: Staraptor
|move|p1b: Grimmsnarl|Spirit Break|p2b: Farigiraf
|-damage|p2b: Farigiraf|0 fnt
|faint|p2b: Farigiraf
|move|p2a: Diggersby|High Horsepower|p1b: Grimmsnarl
|-damage|p1b: Grimmsnarl|20/100y
|
|upkeep
|
|t:|1785281345
|switch|p2b: Zoroark|Zoroark-Hisui, L50, F, shiny|70/100
|switch|p1a: Aerodactyl|Aerodactyl, L50, F|100/100
|-ability|p1a: Aerodactyl|Unnerve
|turn|6
|inactive|robinrambles has 30 seconds left.
|
|t:|1785281375
|move|p2a: Diggersby|Quick Attack|p1b: Grimmsnarl
|-damage|p1b: Grimmsnarl|0 fnt
|faint|p1b: Grimmsnarl
|move|p2b: Zoroark|Bitter Malice|p1a: Aerodactyl
|-damage|p1a: Aerodactyl|22/100
|-unboost|p1a: Aerodactyl|atk|1
|-damage|p2b: Zoroark|60/100|[from] item: Life Orb
|move|p1a: Aerodactyl|Rock Slide|p2a: Diggersby|[spread] p2a,p2b
|-resisted|p2a: Diggersby|1
|-damage|p2a: Diggersby|90/100
|-damage|p2b: Zoroark|28/100
|
|upkeep
|
|t:|1785281387
|switch|p1b: Farigiraf|Farigiraf, L50, F|59/100
|turn|7
|
|t:|1785281391
|move|p1b: Farigiraf|Protect|p1b: Farigiraf
|-singleturn|p1b: Farigiraf|Protect
|move|p1a: Aerodactyl|Protect|p1a: Aerodactyl
|-singleturn|p1a: Aerodactyl|Protect
|move|p2a: Diggersby|Body Slam|p1a: Aerodactyl
|-activate|p1a: Aerodactyl|move: Protect
|move|p2b: Zoroark|Snarl|p1a: Aerodactyl|[spread] 
|-activate|p1a: Aerodactyl|move: Protect
|-activate|p1b: Farigiraf|move: Protect
|
|-fieldend|move: Trick Room
|upkeep
|turn|8
|
|t:|1785281410
|move|p2b: Zoroark|Protect|p2b: Zoroark
|-singleturn|p2b: Zoroark|Protect
|move|p1a: Aerodactyl|Rock Slide|p2a: Diggersby|[spread] p2a
|-activate|p2b: Zoroark|move: Protect
|-resisted|p2a: Diggersby|1
|-damage|p2a: Diggersby|81/100
|move|p2a: Diggersby|Body Slam|p1a: Aerodactyl
|-resisted|p1a: Aerodactyl|1
|-damage|p1a: Aerodactyl|0 fnt
|faint|p1a: Aerodactyl
|move|p1b: Farigiraf|Twin Beam|p2a: Diggersby
|-damage|p2a: Diggersby|65/100
|-damage|p2a: Diggersby|46/100
|-hitcount|p2a: Diggersby|2
|
|upkeep
|turn|9
|
|t:|1785281426
|move|p2b: Zoroark|Snarl|p1b: Farigiraf
|-supereffective|p1b: Farigiraf|1
|-damage|p1b: Farigiraf|27/100
|-unboost|p1b: Farigiraf|spa|1
|-damage|p2b: Zoroark|18/100|[from] item: Life Orb
|move|p2a: Diggersby|High Horsepower|p1b: Farigiraf
|-damage|p1b: Farigiraf|0 fnt
|faint|p1b: Farigiraf
|
|win|Apfr
||robinrambles is ready for game 2.
|inactive|Apfr has 30 seconds to confirm battle start!
|inactive|Apfr has 20 seconds to confirm battle start!
|inactive|Apfr has 10 seconds to confirm battle start!
|uhtml|next|Next: Game 2 of 3
