|j|☆mizuirohana
|j|☆RosieAndJim
|html|mizuirohanaRosieAndJim    
|uhtml|bestof|Game 2 of a best-of-3
|t:|1756215348
|gametype|doubles
|player|p1|mizuirohana|265|1204
|player|p2|RosieAndJim|1|1109
|gen|9
|tier|[Gen 9] VGC 2025 Reg H (Bo3)
|rated|
|rule|Species Clause: Limit one of each Pokémon
|rule|Item Clause: Limit 1 of each item
|clearpoke
|poke|p1|Gholdengo, L50|
|poke|p1|Sneasler, L50, M|
|poke|p1|Rillaboom, L50, M|
|poke|p1|Dragonite, L50, F|
|poke|p1|Ninetales-Alola, L50, M|
|poke|p1|Arcanine-Hisui, L50, F|
|poke|p2|Inteleon, L50, F|
|poke|p2|Farigiraf, L50, M|
|poke|p2|Whimsicott, L50, F|
|poke|p2|Archaludon, L50, F|
|poke|p2|Garchomp, L50, M|
|poke|p2|Incineroar, L50, M|
|teampreview|4
|showteam|p1|Gholdengo||GrassySeed|GoodasGold|NastyPlot,MakeItRain,ShadowBall,Protect||||||50|,,,,,Water]Sneasler||WhiteHerb|Unburden|CloseCombat,DireClaw,Coaching,Protect|||M|||50|,,,,,Ghost]Rillaboom||AssaultVest|GrassySurge|FakeOut,GrassyGlide,DrumBeating,HighHorsepower|||M|||50|,,,,,Fire]Dragonite||LoadedDice|Multiscale|ScaleShot,StompingTantrum,Tailwind,Protect|||F|||50|,,,,,Ground]Ninetales-Alola||FocusSash|SnowWarning|Blizzard,IcyWind,Encore,AuroraVeil|||M|||50|,,,,,Ghost]Arcanine-Hisui||ClearAmulet|Intimidate|RockSlide,FlareBlitz,ExtremeSpeed,Protect|||F|||50|,,,,,Water
|showteam|p2|Inteleon||ChoiceSpecs|Sniper|SnipeShot,Scald,ShadowBall,FlipTurn|||F|||50|,,,,,Water]Farigiraf||ThroatSpray|ArmorTail|Psychic,HyperVoice,HelpingHand,TrickRoom|||M|||50|,,,,,Fairy]Whimsicott||CovertCloak|Prankster|Moonblast,Tailwind,LightScreen,Encore|||F|||50|,,,,,Water]Archaludon||AssaultVest|Stamina|ElectroShot,DragonPulse,BodyPress,Snarl|||F|||50|,,,,,Grass]Garchomp||LifeOrb|RoughSkin|Earthquake,DragonClaw,StompingTantrum,Protect|||M|||50|,,,,,Ground]Incineroar||SafetyGoggles|Intimidate|FlareBlitz,KnockOff,PartingShot,FakeOut|||M|||50|,,,,,Ghost
|inactive|Battle timer is ON: inactive players will automatically lose when time's up. (requested by mizuirohana)
|
|t:|1756215402
|teamsize|p1|4
|teamsize|p2|4
|start
|switch|p1a: Rillaboom|Rillaboom, L50, M|100/100
|switch|p1b: Gholdengo|Gholdengo, L50|100/100
|switch|p2a: Incineroar|Incineroar, L50, M|100/100
|switch|p2b: Garchomp|Garchomp, L50, M|100/100
|-fieldstart|move: Grassy Terrain|[from] ability: Grassy Surge|[of] p1a: Rillaboom
|-enditem|p1b: Gholdengo|Grassy Seed
|-boost|p1b: Gholdengo|def|1|[from] item: Grassy Seed
|-ability|p2a: Incineroar|Intimidate|boost
|-unboost|p1a: Rillaboom|atk|1
|-unboost|p1b: Gholdengo|atk|1
|turn|1
|inactive|mizuirohana has 30 seconds left.
|inactive|RosieAndJim has 30 seconds left.
|
|t:|1756215439
|-terastallize|p1b: Gholdengo|Water
|move|p1a: Rillaboom|Fake Out|p2b: Garchomp
|-damage|p2b: Garchomp|92/100
|-damage|p1a: Rillaboom|88/100|[from] ability: Rough Skin|[of] p2b: Garchomp
|cant|p2b: Garchomp|flinch
|move|p1b: Gholdengo|Nasty Plot|p1b: Gholdengo
|-boost|p1b: Gholdengo|spa|2
|move|p2a: Incineroar|Flare Blitz|p1a: Rillaboom
|-supereffective|p1a: Rillaboom
|-damage|p1a: Rillaboom|0 fnt
|faint|p1a: Rillaboom
|-damage|p2a: Incineroar|73/100|[from] Recoil
|
|-heal|p2b: Garchomp|98/100|[from] Grassy Terrain
|-heal|p2a: Incineroar|79/100|[from] Grassy Terrain
|upkeep
|
|t:|1756215454
|switch|p1a: Ninetales|Ninetales-Alola, L50, M|100/100
|-weather|Snowscape|[from] ability: Snow Warning|[of] p1a: Ninetales
|turn|2
|inactive|RosieAndJim has 30 seconds left.
|inactive|RosieAndJim has 20 seconds left.
|
|t:|1756215490
|move|p1a: Ninetales|Aurora Veil|p1a: Ninetales
|-sidestart|p1: mizuirohana|move: Aurora Veil
|move|p2b: Garchomp|Stomping Tantrum|p1a: Ninetales
|-damage|p1a: Ninetales|30/100
|-damage|p2b: Garchomp|89/100|[from] item: Life Orb
|move|p1b: Gholdengo|Shadow Ball|p2b: Garchomp
|-damage|p2b: Garchomp|8/100
|move|p2a: Incineroar|Flare Blitz|p1a: Ninetales
|-supereffective|p1a: Ninetales
|-damage|p1a: Ninetales|0 fnt
|faint|p1a: Ninetales
|-damage|p2a: Incineroar|71/100|[from] Recoil
|
|-weather|Snowscape|[upkeep]
|-heal|p2b: Garchomp|14/100|[from] Grassy Terrain
|-heal|p2a: Incineroar|77/100|[from] Grassy Terrain
|upkeep
|
|t:|1756215504
|switch|p1a: Dragonite|Dragonite, L50, F|100/100
|turn|3
|
|t:|1756215527
|move|p1a: Dragonite|Protect|p1a: Dragonite
|-singleturn|p1a: Dragonite|Protect
|move|p2b: Garchomp|Dragon Claw|p1a: Dragonite
|-activate|p1a: Dragonite|move: Protect
|move|p1b: Gholdengo|Make It Rain|p2b: Garchomp|[spread] p2a,p2b
|-resisted|p2a: Incineroar
|-damage|p2a: Incineroar|44/100
|-damage|p2b: Garchomp|0 fnt
|-unboost|p1b: Gholdengo|spa|1
|faint|p2b: Garchomp
|move|p2a: Incineroar|Parting Shot|p1a: Dragonite
|-activate|p1a: Dragonite|move: Protect
|
|-weather|Snowscape|[upkeep]
|-heal|p2a: Incineroar|50/100|[from] Grassy Terrain
|upkeep
|inactive|RosieAndJim has 30 seconds left.
|
|t:|1756215552
|switch|p2b: Inteleon|Inteleon, L50, F|100/100
|turn|4
|inactive|RosieAndJim has 30 seconds left.
|
|t:|1756215578
|move|p2b: Inteleon|Scald|p1a: Dragonite
|-resisted|p1a: Dragonite
|-damage|p1a: Dragonite|88/100
|-status|p1a: Dragonite|brn
|move|p1b: Gholdengo|Nasty Plot|p1b: Gholdengo
|-boost|p1b: Gholdengo|spa|2
|move|p1a: Dragonite|Scale Shot|p2b: Inteleon
|-damage|p2b: Inteleon|89/100
|-damage|p2b: Inteleon|77/100
|-damage|p2b: Inteleon|64/100
|-crit|p2b: Inteleon
|-damage|p2b: Inteleon|45/100
|-hitcount|p2b: Inteleon|4
|-unboost|p1a: Dragonite|def|1
|-boost|p1a: Dragonite|spe|1
|move|p2a: Incineroar|Parting Shot|p1a: Dragonite
|-unboost|p1a: Dragonite|atk|1
|-unboost|p1a: Dragonite|spa|1
|
|t:|1756215596
|switch|p2a: Archaludon|Archaludon, L50, F|100/100|[from] Parting Shot
|
|-weather|Snowscape|[upkeep]
|-heal|p2b: Inteleon|51/100|[from] Grassy Terrain
|-damage|p1a: Dragonite|82/100 brn|[from] brn
|upkeep
|turn|5
|inactive|mizuirohana has 30 seconds left.
|inactive|RosieAndJim has 30 seconds left.
|inactive|RosieAndJim has 20 seconds left.
|inactive|RosieAndJim has 15 seconds left.
|
|t:|1756215640
|move|p1a: Dragonite|Tailwind|p1a: Dragonite
|-sidestart|p1: mizuirohana|move: Tailwind
|move|p1b: Gholdengo|Shadow Ball|p2a: Archaludon
|-damage|p2a: Archaludon|23/100
|-ability|p2a: Archaludon|Stamina|boost
|-boost|p2a: Archaludon|def|1
|move|p2b: Inteleon|Scald|p1b: Gholdengo
|-resisted|p1b: Gholdengo
|-damage|p1b: Gholdengo|79/100
|move|p2a: Archaludon|Snarl|p1a: Dragonite|[spread] p1a,p1b
|-damage|p1a: Dragonite|73/100 brn
|-damage|p1b: Gholdengo|70/100
|-unboost|p1a: Dragonite|spa|1
|-unboost|p1b: Gholdengo|spa|1
|
|-weather|Snowscape|[upkeep]
|-heal|p1b: Gholdengo|76/100|[from] Grassy Terrain
|-heal|p2b: Inteleon|57/100|[from] Grassy Terrain
|-heal|p2a: Archaludon|29/100|[from] Grassy Terrain
|-damage|p1a: Dragonite|67/100 brn|[from] brn
|-fieldend|move: Grassy Terrain
|upkeep
|turn|6
|inactive|mizuirohana has 30 seconds left.
|inactive|RosieAndJim has 30 seconds left.
|
|t:|1756215666
|switch|p2b: Incineroar|Incineroar, L50, M|50/100
|-ability|p2b: Incineroar|Intimidate|boost
|-unboost|p1a: Dragonite|atk|1
|-unboost|p1b: Gholdengo|atk|1
|move|p1a: Dragonite|Stomping Tantrum|p2a: Archaludon
|-supereffective|p2a: Archaludon
|-damage|p2a: Archaludon|21/100
|-ability|p2a: Archaludon|Stamina|boost
|-boost|p2a: Archaludon|def|1
|move|p1b: Gholdengo|Make It Rain|p2a: Archaludon|[spread] p2a,p2b
|-resisted|p2a: Archaludon
|-resisted|p2b: Incineroar
|-damage|p2a: Archaludon|0 fnt
|-damage|p2b: Incineroar|18/100
|-unboost|p1b: Gholdengo|spa|1
|faint|p2a: Archaludon
|
|-weather|none
|-damage|p1a: Dragonite|61/100 brn|[from] brn
|-sideend|p1: mizuirohana|move: Aurora Veil
|upkeep
|
|t:|1756215683
|switch|p2a: Inteleon|Inteleon, L50, F|57/100
|turn|7
|
|t:|1756215695
|-terastallize|p2a: Inteleon|Water
|move|p1a: Dragonite|Protect|p1a: Dragonite
|-singleturn|p1a: Dragonite|Protect
|move|p1b: Gholdengo|Protect|p1b: Gholdengo
|-singleturn|p1b: Gholdengo|Protect
|move|p2b: Incineroar|Fake Out|p1a: Dragonite
|-activate|p1a: Dragonite|move: Protect
|move|p2a: Inteleon|Snipe Shot|p1b: Gholdengo
|-activate|p1b: Gholdengo|move: Protect
|
|-damage|p1a: Dragonite|55/100 brn|[from] brn
|upkeep
|turn|8
|inactive|mizuirohana has 30 seconds left.
|
|t:|1756215722
|move|p1a: Dragonite|Stomping Tantrum|p2a: Inteleon
|-damage|p2a: Inteleon|44/100
|move|p1b: Gholdengo|Make It Rain|p2a: Inteleon|[spread] p2a,p2b
|-resisted|p2a: Inteleon
|-resisted|p2b: Incineroar
|-damage|p2a: Inteleon|0 fnt
|-damage|p2b: Incineroar|0 fnt
|-unboost|p1b: Gholdengo|spa|1
|faint|p2a: Inteleon
|faint|p2b: Incineroar
|
|win|mizuirohana
|raw|mizuirohana's rating: 1204 → 1222(+18 for winning)
|raw|RosieAndJim's rating: 1109 → 1091(-18 for losing)
