|j|☆juanjo555
|j|☆3-4 worlds
|html|juanjo5553-4 worlds    
|uhtml|bestof|Game 1 of a best-of-3
|t:|1785107016
|gametype|doubles
|player|p1|juanjo555|169|1139
|player|p2|3-4 worlds|emma|1204
|gen|9
|tier|[Gen 9 Champions] VGC 2026 Reg M-B (Bo3)
|rated|
|rule|Species Clause: Limit one of each Pokémon
|rule|Item Clause: Limit 1 of each item
|clearpoke
|poke|p1|Sneasler, L50, F|
|poke|p1|Mawile, L50, F, shiny|
|poke|p1|Farigiraf, L50, M|
|poke|p1|Dragonite, L50, M, shiny|
|poke|p1|Pelipper, L50, M|
|poke|p1|Kingambit, L50, F, shiny|
|poke|p2|Blaziken, L50, F|
|poke|p2|Aerodactyl, L50, M|
|poke|p2|Basculegion, L50, M|
|poke|p2|Sylveon, L50, F|
|poke|p2|Torkoal, L50, M|
|poke|p2|Kingambit, L50, M|
|teampreview|4
|showteam|p1|Sneasler||WhiteHerb|Unburden|DireClaw,Coaching,CloseCombat,FakeOut|Adamant||F|||50|]Mawile||Mawilite|Intimidate|PlayRough,SuckerPunch,IronHead,Protect|Adamant||F|||50|]Farigiraf||SitrusBerry|ArmorTail|Psychic,TrickRoom,GrassKnot,HelpingHand|Bold||M|||50|]Dragonite||Dragoninite|Multiscale|Thunderbolt,Hurricane,DragonPulse,Protect|Modest||M|||50|]Pelipper||FocusSash|Drizzle|WeatherBall,Hurricane,Tailwind,WideGuard|Timid||M|||50|]Kingambit||ChopleBerry|Defiant|KowtowCleave,SuckerPunch,BrickBreak,Protect|Adamant||F|||50|
|showteam|p2|Blaziken||Blazikenite|SpeedBoost|CloseCombat,FlareBlitz,RockSlide,Detect|Adamant||F|||50|]Aerodactyl||Aerodactylite|Unnerve|DualWingbeat,IceFang,RockSlide,Tailwind|Jolly||M|||50|]Basculegion||FocusSash|Adaptability|LastRespects,Liquidation,AquaJet,Protect|Adamant||M|||50|]Sylveon||FairyFeather|Pixilate|Moonblast,HyperVoice,QuickAttack,Detect|Modest||F|||50|]Torkoal||Leftovers|Drought|HeatWave,WeatherBall,Yawn,Protect|Relaxed||M|||50|]Kingambit||LifeOrb|Defiant|KowtowCleave,IronHead,SuckerPunch,Protect|Adamant||M|||50|
|inactive|Battle timer is ON: inactive players will automatically lose when time's up. (requested by 3-4 worlds)
|inactive|juanjo555 has 60 seconds left.
|
|t:|1785107059
|teamsize|p1|4
|teamsize|p2|4
|start
|switch|p1a: u+me=<3|Farigiraf, L50, M|100/100
|switch|p1b: purple|Sneasler, L50, F|100/100
|switch|p2a: Aerodactyl|Aerodactyl, L50, M|100/100
|switch|p2b: Blaziken|Blaziken, L50, F|100/100
|-ability|p2a: Aerodactyl|Unnerve
|turn|1
|
|t:|1785107083
|move|p1b: purple|Fake Out|p2b: Blaziken
|-damage|p2b: Blaziken|76/100
|move|p2a: Aerodactyl|Dual Wingbeat|p1b: purple|[miss]
|-miss|p2a: Aerodactyl|p1b: purple
|cant|p2b: Blaziken|flinch
|move|p1a: u+me=<3|Trick Room|p1a: u+me=<3
|-fieldstart|move: Trick Room|[of] p1a: u+me=<3
|
|-ability|p2b: Blaziken|Speed Boost|boost
|-boost|p2b: Blaziken|spe|1
|upkeep
|turn|2
|
|t:|1785107103
|switch|p2b: Torkoal|Torkoal, L50, M|100/100
|-weather|SunnyDay|[from] ability: Drought|[of] p2b: Torkoal
|move|p1a: u+me=<3|Psychic|p2a: Aerodactyl
|-damage|p2a: Aerodactyl|51/100
|-unboost|p2a: Aerodactyl|spd|1
|move|p1b: purple|Close Combat|p2a: Aerodactyl
|-crit|p2a: Aerodactyl
|-damage|p2a: Aerodactyl|0 fnt
|-unboost|p1b: purple|def|1
|-unboost|p1b: purple|spd|1
|faint|p2a: Aerodactyl
|-enditem|p1b: purple|White Herb
|-clearnegativeboost|p1b: purple|[silent]
|
|-weather|SunnyDay|[upkeep]
|upkeep
|
|t:|1785107108
|switch|p2a: Basculegion|Basculegion, L50, M|100/100
|turn|3
|
|t:|1785107129
|switch|p1b: expectations|Pelipper, L50, M|100/100
|-weather|RainDance|[from] ability: Drizzle|[of] p1b: expectations
|move|p2b: Torkoal|Heat Wave|p1b: expectations|[spread] p1a,p1b
|-resisted|p1b: expectations|1
|-damage|p1a: u+me=<3|86/100
|-damage|p1b: expectations|89/100
|-status|p1a: u+me=<3|brn
|move|p1a: u+me=<3|Grass Knot|p2a: Basculegion
|-supereffective|p2a: Basculegion|1
|-damage|p2a: Basculegion|42/100
|move|p2a: Basculegion|Last Respects|p1b: expectations
|-damage|p1b: expectations|0 fnt
|faint|p1b: expectations
|
|-weather|RainDance|[upkeep]
|-damage|p1a: u+me=<3|80/100 brn|[from] brn
|upkeep
|
|t:|1785107143
|switch|p1b: the cure|Mawile, L50, F, shiny|100/100
|-ability|p1b: the cure|Intimidate|boost
|-unboost|p2a: Basculegion|atk|1
|-unboost|p2b: Torkoal|atk|1
|turn|4
|inactive|juanjo555 has 30 seconds left.
|inactive|3-4 worlds has 30 seconds left.
|
|t:|1785107175
|detailschange|p1b: the cure|Mawile-Mega, L50, F, shiny
|-mega|p1b: the cure|Mawile|Mawilite
|move|p2a: Basculegion|Protect|p2a: Basculegion
|-singleturn|p2a: Basculegion|Protect
|move|p1b: the cure|Sucker Punch||[still]
|-fail|p1b: the cure
|move|p2b: Torkoal|Yawn|p1b: the cure
|-start|p1b: the cure|move: Yawn|[of] p2b: Torkoal
|move|p1a: u+me=<3|Psychic|p2b: Torkoal
|-damage|p2b: Torkoal|51/100
|
|-weather|RainDance|[upkeep]
|-heal|p2b: Torkoal|58/100|[from] item: Leftovers
|-damage|p1a: u+me=<3|74/100 brn|[from] brn
|upkeep
|turn|5
|
|t:|1785107192
|switch|p2b: Blaziken|Blaziken, L50, F|76/100
|switch|p1b: purple|Sneasler, L50, F|100/100
|move|p1a: u+me=<3|Grass Knot|p2a: Basculegion
|-supereffective|p2a: Basculegion|1
|-damage|p2a: Basculegion|0 fnt
|faint|p2a: Basculegion
|
|-weather|RainDance|[upkeep]
|-damage|p1a: u+me=<3|68/100 brn|[from] brn
|-fieldend|move: Trick Room
|upkeep
|
|t:|1785107197
|switch|p2a: Torkoal|Torkoal, L50, M|58/100
|-weather|SunnyDay|[from] ability: Drought|[of] p2a: Torkoal
|turn|6
|inactive|juanjo555 has 30 seconds left.
|
|t:|1785107229
|detailschange|p2b: Blaziken|Blaziken-Mega, L50, F
|-mega|p2b: Blaziken|Blaziken|Blazikenite
|move|p1b: purple|Close Combat|p2a: Torkoal
|-damage|p2a: Torkoal|10/100
|-unboost|p1b: purple|def|1
|-unboost|p1b: purple|spd|1
|move|p2b: Blaziken|Rock Slide|p1a: u+me=<3|[spread] p1a,p1b
|-resisted|p1b: purple|1
|-damage|p1a: u+me=<3|48/100 brn
|-damage|p1b: purple|67/100
|-enditem|p1a: u+me=<3|Sitrus Berry|[eat]
|-heal|p1a: u+me=<3|73/100 brn|[from] item: Sitrus Berry
|move|p1a: u+me=<3|Psychic|p2b: Blaziken
|-supereffective|p2b: Blaziken|1
|-damage|p2b: Blaziken|0 fnt
|faint|p2b: Blaziken
|move|p2a: Torkoal|Heat Wave|p1b: purple|[spread] p1a,p1b
|-damage|p1a: u+me=<3|34/100 brn
|-damage|p1b: purple|0 fnt
|faint|p1b: purple
|
|-weather|SunnyDay|[upkeep]
|-heal|p2a: Torkoal|16/100|[from] item: Leftovers
|-damage|p1a: u+me=<3|28/100 brn|[from] brn
|upkeep
|
|t:|1785107240
|switch|p1b: the cure|Mawile-Mega, L50, F, shiny|100/100
|turn|7
|
|t:|1785107245
|move|p1a: u+me=<3|Psychic|p2a: Torkoal
|-damage|p2a: Torkoal|0 fnt
|faint|p2a: Torkoal
|
|win|juanjo555
||3-4 worlds is ready for game 2.
||juanjo555 is ready for game 2.
|uhtml|next|Next: Game 2 of 3
