|j|☆eeebanner
|j|☆buf Chupete
|html|eeebannerbuf Chupete    
|uhtml|bestof|Game 1 of a best-of-3
|t:|1756323068
|gametype|doubles
|player|p1|eeebanner|170|1000
|player|p2|buf Chupete|alder|1000
|gen|9
|tier|[Gen 9] VGC 2025 Reg H (Bo3)
|rated|
|rule|Species Clause: Limit one of each Pokémon
|rule|Item Clause: Limit 1 of each item
|clearpoke
|poke|p1|Torkoal, L50, F|
|poke|p1|Arcanine-Hisui, L50, F|
|poke|p1|Lilligant-Hisui, L50, F|
|poke|p1|Typhlosion-Hisui, L50, F|
|poke|p1|Arboliva, L50, M|
|poke|p1|Grimmsnarl, L50, M|
|poke|p2|Kingambit, L50, F|
|poke|p2|Basculegion, L50, M|
|poke|p2|Rillaboom, L50, F|
|poke|p2|Sneasler, L50, M|
|poke|p2|Ninetales-Alola, L50, F|
|poke|p2|Magmar, L50, M|
|teampreview|4
|showteam|p1|Torkoal||HeatRock|Drought|Eruption,Protect,LavaPlume,EarthPower|||F|||50|,,,,,Fire]Arcanine-Hisui||ChoiceBand|RockHead|FlareBlitz,HeadSmash,ExtremeSpeed,RockSlide|||F|||50|,,,,,Normal]Lilligant-Hisui||LifeOrb|Chlorophyll|VictoryDance,LeafBlade,CloseCombat,TripleAxel|||F|||50|,,,,,Grass]Typhlosion-Hisui||ChoiceScarf|Blaze|Eruption,ShadowBall,Flamethrower,Extrasensory|||F|||50|,,,,,Fire]Arboliva||SitrusBerry|Harvest|GigaDrain,Protect,Synthesis,PollenPuff|||M|||50|,,,,,Grass]Grimmsnarl||LightClay|Prankster|SpiritBreak,LightScreen,Reflect,Protect|||M|||50|,,,,,Steel
|showteam|p2|Kingambit||SafetyGoggles|Defiant|Protect,KowtowCleave,SuckerPunch,SwordsDance|||F|||50|,,,,,Dark]Basculegion||ChoiceScarf|Adaptability|WaveCrash,LastRespects,AquaJet,FlipTurn|||M|||50|,,,,,Grass]Rillaboom||AssaultVest|GrassySurge|WoodHammer,GrassyGlide,Uturn,FakeOut|||F|||50|,,,,,Fire]Sneasler||FocusSash|Unburden|Protect,DireClaw,CloseCombat,FakeOut|||M|||50|,,,,,Stellar]Ninetales-Alola||NeverMeltIce|SnowWarning|Protect,Blizzard,FreezeDry,Encore|||F|||50|,,,,,Ghost]Magmar||Eviolite|VitalSpirit|Protect,HeatWave,Taunt,FollowMe|||M|||50|,,,,,Ghost
|inactive|Battle timer is ON: inactive players will automatically lose when time's up. (requested by buf Chupete)
|inactive|eeebanner has 60 seconds left.
|
|t:|1756323125
|teamsize|p1|4
|teamsize|p2|4
|start
|switch|p1a: Torkoal|Torkoal, L50, F|100/100
|switch|p1b: Typhlosion|Typhlosion-Hisui, L50, F|100/100
|switch|p2a: Kingambit|Kingambit, L50, F|100/100
|switch|p2b: Magmar|Magmar, L50, M|100/100
|-weather|SunnyDay|[from] ability: Drought|[of] p1a: Torkoal
|turn|1
|inactive|buf Chupete has 30 seconds left.
|inactive|eeebanner has 30 seconds left.
|inactive|buf Chupete has 20 seconds left.
|inactive|buf Chupete has 15 seconds left.
|inactive|buf Chupete has 10 seconds left.
|
|t:|1756323172
|-terastallize|p1b: Typhlosion|Fire
|-terastallize|p2a: Kingambit|Dark
|move|p2b: Magmar|Protect|p2b: Magmar
|-singleturn|p2b: Magmar|Protect
|move|p2a: Kingambit|Sucker Punch|p1b: Typhlosion
|-damage|p1b: Typhlosion|21/100
|move|p1b: Typhlosion|Eruption|p2a: Kingambit|[spread] p2a
|-activate|p2b: Magmar|move: Protect
|-damage|p2a: Kingambit|69/100
|move|p1a: Torkoal|Earth Power|p2b: Magmar
|-activate|p2b: Magmar|move: Protect
|
|-weather|SunnyDay|[upkeep]
|upkeep
|turn|2
|
|t:|1756323196
|switch|p1b: Grimmsnarl|Grimmsnarl, L50, M|100/100
|move|p2b: Magmar|Follow Me|p2b: Magmar
|-singleturn|p2b: Magmar|move: Follow Me
|move|p2a: Kingambit|Sucker Punch||[still]
|-fail|p2a: Kingambit
|move|p1a: Torkoal|Earth Power|p2b: Magmar
|-supereffective|p2b: Magmar
|-damage|p2b: Magmar|73/100
|-unboost|p2b: Magmar|spd|1
|
|-weather|SunnyDay|[upkeep]
|upkeep
|turn|3
|inactive|eeebanner has 30 seconds left.
|inactive|eeebanner has 20 seconds left.
|
|t:|1756323232
|move|p1b: Grimmsnarl|Reflect|p1b: Grimmsnarl
|-sidestart|p1: eeebanner|Reflect
|move|p2b: Magmar|Taunt|p1b: Grimmsnarl
|-start|p1b: Grimmsnarl|move: Taunt
|move|p2a: Kingambit|Kowtow Cleave|p1a: Torkoal
|-damage|p1a: Torkoal|71/100
|move|p1a: Torkoal|Eruption|p2a: Kingambit|[spread] p2a,p2b
|-resisted|p2b: Magmar
|-damage|p2a: Kingambit|34/100
|-damage|p2b: Magmar|49/100
|
|-weather|SunnyDay|[upkeep]
|upkeep
|turn|4
|
|t:|1756323253
|move|p2b: Magmar|Follow Me|p2b: Magmar
|-singleturn|p2b: Magmar|move: Follow Me
|move|p1b: Grimmsnarl|Spirit Break|p2b: Magmar
|-resisted|p2b: Magmar
|-damage|p2b: Magmar|38/100
|-unboost|p2b: Magmar|spa|1
|move|p2a: Kingambit|Kowtow Cleave|p1a: Torkoal
|-damage|p1a: Torkoal|41/100
|move|p1a: Torkoal|Eruption|p2b: Magmar|[spread] p2a,p2b
|-resisted|p2b: Magmar
|-damage|p2a: Kingambit|14/100
|-damage|p2b: Magmar|25/100
|
|-weather|SunnyDay|[upkeep]
|upkeep
|turn|5
|
|t:|1756323273
|move|p2b: Magmar|Follow Me|p2b: Magmar
|-singleturn|p2b: Magmar|move: Follow Me
|move|p1b: Grimmsnarl|Spirit Break|p2b: Magmar
|-resisted|p2b: Magmar
|-damage|p2b: Magmar|14/100
|-unboost|p2b: Magmar|spa|1
|move|p2a: Kingambit|Kowtow Cleave|p1a: Torkoal
|-damage|p1a: Torkoal|11/100
|move|p1a: Torkoal|Lava Plume|p2a: Kingambit|[spread] p1b,p2a,p2b
|-resisted|p2b: Magmar
|-damage|p1b: Grimmsnarl|73/100
|-damage|p2a: Kingambit|0 fnt
|-damage|p2b: Magmar|0 fnt
|faint|p2a: Kingambit
|faint|p2b: Magmar
|
|-weather|SunnyDay|[upkeep]
|upkeep
|
|t:|1756323285
|switch|p2b: Ninetales|Ninetales-Alola, L50, F|100/100
|switch|p2a: Rillaboom|Rillaboom, L50, F|100/100
|-weather|Snowscape|[from] ability: Snow Warning|[of] p2b: Ninetales
|-fieldstart|move: Grassy Terrain|[from] ability: Grassy Surge|[of] p2a: Rillaboom
|turn|6
|
|t:|1756323300
|switch|p1a: Typhlosion|Typhlosion-Hisui, L50, F, tera:Fire|21/100
|move|p2a: Rillaboom|Fake Out|p1b: Grimmsnarl
|-damage|p1b: Grimmsnarl|63/100
|move|p2b: Ninetales|Blizzard|p1a: Typhlosion|[spread] p1a,p1b
|-resisted|p1a: Typhlosion
|-damage|p1a: Typhlosion|0 fnt
|-damage|p1b: Grimmsnarl|32/100
|faint|p1a: Typhlosion
|cant|p1b: Grimmsnarl|flinch
|
|-weather|Snowscape|[upkeep]
|-heal|p1b: Grimmsnarl|38/100|[from] Grassy Terrain
|-end|p1b: Grimmsnarl|move: Taunt
|upkeep
|
|t:|1756323316
|switch|p1a: Lilligant|Lilligant-Hisui, L50, F|100/100
|turn|7
|
|t:|1756323335
|switch|p1b: Torkoal|Torkoal, L50, F|11/100
|-weather|SunnyDay|[from] ability: Drought|[of] p1b: Torkoal
|move|p2b: Ninetales|Protect|p2b: Ninetales
|-singleturn|p2b: Ninetales|Protect
|move|p1a: Lilligant|Close Combat|p2b: Ninetales
|-activate|p2b: Ninetales|move: Protect
|move|p2a: Rillaboom|Wood Hammer|p1a: Lilligant
|-resisted|p1a: Lilligant
|-damage|p1a: Lilligant|62/100
|-damage|p2a: Rillaboom|91/100|[from] Recoil
|
|-weather|SunnyDay|[upkeep]
|-heal|p1a: Lilligant|68/100|[from] Grassy Terrain
|-heal|p2a: Rillaboom|97/100|[from] Grassy Terrain
|-heal|p1b: Torkoal|17/100|[from] Grassy Terrain
|upkeep
|turn|8
|
|t:|1756323352
|move|p1a: Lilligant|Victory Dance|p1a: Lilligant
|-boost|p1a: Lilligant|atk|1
|-boost|p1a: Lilligant|def|1
|-boost|p1a: Lilligant|spe|1
|move|p2b: Ninetales|Freeze-Dry|p1a: Lilligant
|-supereffective|p1a: Lilligant
|-damage|p1a: Lilligant|0 fnt
|faint|p1a: Lilligant
|move|p2a: Rillaboom|Wood Hammer|p1b: Torkoal
|-resisted|p1b: Torkoal
|-damage|p1b: Torkoal|0 fnt
|faint|p1b: Torkoal
|-damage|p2a: Rillaboom|93/100|[from] Recoil
|
|-weather|SunnyDay|[upkeep]
|-heal|p2a: Rillaboom|99/100|[from] Grassy Terrain
|upkeep
|
|t:|1756323366
|switch|p1b: Grimmsnarl|Grimmsnarl, L50, M|38/100
|turn|9
|
|t:|1756323380
|move|p1b: Grimmsnarl|Light Screen|p1b: Grimmsnarl
|-sidestart|p1: eeebanner|move: Light Screen
|move|p2b: Ninetales|Freeze-Dry|p1b: Grimmsnarl
|-damage|p1b: Grimmsnarl|18/100
|move|p2a: Rillaboom|Wood Hammer|p1b: Grimmsnarl
|-damage|p1b: Grimmsnarl|0 fnt
|faint|p1b: Grimmsnarl
|-damage|p2a: Rillaboom|93/100|[from] Recoil
|
|win|buf Chupete
||buf Chupete is ready for game 2.
|inactive|eeebanner has 30 seconds to confirm battle start!
