|j|☆Bruthathechosen
|j|☆Lukarioks
|html|BruthathechosenLukarioks    
|uhtml|bestof|Game 3 of a best-of-3
|t:|1756584585
|gametype|doubles
|player|p1|Bruthathechosen|lady-gen4|1102
|player|p2|Lukarioks|169|1000
|gen|9
|tier|[Gen 9] VGC 2025 Reg H (Bo3)
|rated|
|rule|Species Clause: Limit one of each Pokémon
|rule|Item Clause: Limit 1 of each item
|clearpoke
|poke|p1|Annihilape, L50, M|
|poke|p1|Maushold, L50|
|poke|p1|Incineroar, L50, M|
|poke|p1|Sinistcha-Masterpiece, L50|
|poke|p1|Inteleon, L50, M|
|poke|p1|Hydreigon, L50, M|
|poke|p2|Tyranitar, L50, F|
|poke|p2|Garchomp, L50, F|
|poke|p2|Skeledirge, L50, F|
|poke|p2|Volcarona, L50, M|
|poke|p2|Dondozo, L50, F|
|poke|p2|Tatsugiri, L50, M|
|teampreview|4
|showteam|p1|Annihilape||Leftovers|Defiant|BulkUp,RageFist,DrainPunch,Protect|||M|||50|,,,,,Fire]Maushold||SafetyGoggles|FriendGuard|Taunt,BeatUp,FollowMe,Protect||||||50|,,,,,Ghost]Incineroar||AssaultVest|Intimidate|FakeOut,FlareBlitz,KnockOff,Uturn|||M|||50|,,,,,Grass]Sinistcha-Masterpiece||RockyHelmet|Hospitality|MatchaGotcha,RagePowder,StrengthSap,Protect||||||50|,,,,,Water]Inteleon||FocusSash|Torrent|MuddyWater,IceBeam,Uturn,Protect|||M|||50|,,,,,Ghost]Hydreigon||SitrusBerry|Levitate|Snarl,DracoMeteor,Tailwind,Protect|||M|||50|,,,,,Ghost
|showteam|p2|Tyranitar||ClearAmulet|SandStream|RockSlide,KnockOff,TeraBlast,DragonDance|||F|||50|,,,,,Flying]Garchomp||LifeOrb|SandVeil|Earthquake,BreakingSwipe,Liquidation,StompingTantrum|||F|||50|,,,,,Water]Skeledirge||ThroatSpray|Unaware|TorchSong,AlluringVoice,ShadowBall,Snarl|||F|||50|,,,,,Fairy]Volcarona||IapapaBerry|FlameBody|HeatWave,BugBuzz,RagePowder,QuiverDance|||M|||50|,,,,,Grass]Dondozo||Leftovers|Unaware|OrderUp,WaveCrash,Waterfall,Substitute|||F|||50|,,,,,Steel]Tatsugiri||ChoiceScarf|Commander|DracoMeteor,MuddyWater,HydroPump,IcyWind|||M|||50|,,,,,Dragon
|inactive|Battle timer is ON: inactive players will automatically lose when time's up. (requested by Lukarioks)
|
|t:|1756584602
|teamsize|p1|4
|teamsize|p2|4
|start
|switch|p1a: Incineroar|Incineroar, L50, M|100/100
|switch|p1b: Annihilape|Annihilape, L50, M|100/100
|switch|p2a: Tyranitar|Tyranitar, L50, F|100/100
|switch|p2b: Dondozo|Dondozo, L50, F|100/100
|-ability|p1a: Incineroar|Intimidate|boost
|-fail|p2a: Tyranitar|unboost|[from] item: Clear Amulet|[of] p2a: Tyranitar
|-unboost|p2b: Dondozo|atk|1
|-weather|Sandstorm|[from] ability: Sand Stream|[of] p2a: Tyranitar
|turn|1
|inactive|Bruthathechosen has 30 seconds left.
|
|t:|1756584632
|switch|p2a: Tatsugiri|Tatsugiri, L50, M|100/100
|-activate|p2a: Tatsugiri|ability: Commander|[of] p2b: Dondozo
|-boost|p2b: Dondozo|atk|2
|-boost|p2b: Dondozo|spa|2
|-boost|p2b: Dondozo|spe|2
|-boost|p2b: Dondozo|def|2
|-boost|p2b: Dondozo|spd|2
|move|p1b: Annihilape|Bulk Up|p1b: Annihilape
|-boost|p1b: Annihilape|atk|1
|-boost|p1b: Annihilape|def|1
|move|p2b: Dondozo|Substitute|p2b: Dondozo
|-start|p2b: Dondozo|Substitute
|-damage|p2b: Dondozo|76/100
|move|p1a: Incineroar|U-turn|p1b: Annihilape
|-resisted|p1b: Annihilape
|-crit|p1b: Annihilape
|-damage|p1b: Annihilape|90/100
|
|t:|1756584646
|switch|p1a: Sinistcha|Sinistcha-Masterpiece, L50|100/100|[from] U-turn
|-heal|p1b: Annihilape|100/100|[from] ability: Hospitality|[of] p1a: Sinistcha
|
|-weather|Sandstorm|[upkeep]
|-damage|p2a: Tatsugiri|95/100|[from] Sandstorm
|-damage|p1b: Annihilape|95/100|[from] Sandstorm
|-damage|p2b: Dondozo|69/100|[from] Sandstorm
|-damage|p1a: Sinistcha|94/100|[from] Sandstorm
|-heal|p1b: Annihilape|100/100|[from] item: Leftovers
|-heal|p2b: Dondozo|76/100|[from] item: Leftovers
|upkeep
|turn|2
|
|t:|1756584658
|move|p1b: Annihilape|Rage Fist|p2b: Dondozo
|-activate|p2b: Dondozo|move: Substitute|[damage]
|move|p2b: Dondozo|Order Up|p1b: Annihilape
|-damage|p1b: Annihilape|58/100
|-boost|p2b: Dondozo|atk|1
|move|p1a: Sinistcha|Matcha Gotcha|p2b: Dondozo|[spread] p2b
|-miss|p1a: Sinistcha|p2a: Tatsugiri
|-supereffective|p2b: Dondozo
|-end|p2b: Dondozo|Substitute
|-heal|p1a: Sinistcha|100/100|[from] drain|[of] p2b: Dondozo
|
|-weather|Sandstorm|[upkeep]
|-damage|p2a: Tatsugiri|89/100|[from] Sandstorm
|-damage|p1b: Annihilape|52/100|[from] Sandstorm
|-damage|p2b: Dondozo|69/100|[from] Sandstorm
|-damage|p1a: Sinistcha|94/100|[from] Sandstorm
|-heal|p1b: Annihilape|58/100|[from] item: Leftovers
|-heal|p2b: Dondozo|76/100|[from] item: Leftovers
|upkeep
|turn|3
|
|t:|1756584673
|move|p1b: Annihilape|Protect|p1b: Annihilape
|-singleturn|p1b: Annihilape|Protect
|move|p2b: Dondozo|Waterfall|p1b: Annihilape
|-activate|p1b: Annihilape|move: Protect
|move|p1a: Sinistcha|Matcha Gotcha|p2b: Dondozo|[spread] p2b
|-miss|p1a: Sinistcha|p2a: Tatsugiri
|-supereffective|p2b: Dondozo
|-damage|p2b: Dondozo|52/100
|-heal|p1a: Sinistcha|100/100|[from] drain|[of] p2b: Dondozo
|
|-weather|Sandstorm|[upkeep]
|-damage|p2a: Tatsugiri|84/100|[from] Sandstorm
|-damage|p1b: Annihilape|52/100|[from] Sandstorm
|-damage|p2b: Dondozo|46/100|[from] Sandstorm
|-damage|p1a: Sinistcha|94/100|[from] Sandstorm
|-heal|p1b: Annihilape|58/100|[from] item: Leftovers
|-heal|p2b: Dondozo|52/100|[from] item: Leftovers
|upkeep
|turn|4
|
|t:|1756584692
|move|p1a: Sinistcha|Rage Powder|p1a: Sinistcha
|-singleturn|p1a: Sinistcha|move: Rage Powder
|move|p1b: Annihilape|Drain Punch|p2b: Dondozo
|-damage|p2b: Dondozo|43/100
|-heal|p1b: Annihilape|65/100|[from] drain|[of] p2b: Dondozo
|move|p2b: Dondozo|Wave Crash|p1a: Sinistcha
|-resisted|p1a: Sinistcha
|-damage|p1a: Sinistcha|41/100
|-damage|p2b: Dondozo|26/100|[from] item: Rocky Helmet|[of] p1a: Sinistcha
|-damage|p2b: Dondozo|16/100|[from] Recoil
|
|-weather|Sandstorm|[upkeep]
|-damage|p2a: Tatsugiri|78/100|[from] Sandstorm
|-damage|p1b: Annihilape|59/100|[from] Sandstorm
|-damage|p2b: Dondozo|10/100|[from] Sandstorm
|-damage|p1a: Sinistcha|35/100|[from] Sandstorm
|-heal|p1b: Annihilape|65/100|[from] item: Leftovers
|-heal|p2b: Dondozo|16/100|[from] item: Leftovers
|upkeep
|turn|5
|
|t:|1756584709
|move|p1b: Annihilape|Protect|p1b: Annihilape
|-singleturn|p1b: Annihilape|Protect
|move|p2b: Dondozo|Wave Crash|p1b: Annihilape
|-activate|p1b: Annihilape|move: Protect
|move|p1a: Sinistcha|Strength Sap|p2b: Dondozo
|-unboost|p2b: Dondozo|atk|1
|-heal|p1a: Sinistcha|100/100
|
|-weather|none
|-heal|p1b: Annihilape|71/100|[from] item: Leftovers
|-heal|p2b: Dondozo|22/100|[from] item: Leftovers
|upkeep
|turn|6
|
|t:|1756584722
|move|p1a: Sinistcha|Rage Powder|p1a: Sinistcha
|-singleturn|p1a: Sinistcha|move: Rage Powder
|move|p1b: Annihilape|Bulk Up|p1b: Annihilape
|-boost|p1b: Annihilape|atk|1
|-boost|p1b: Annihilape|def|1
|move|p2b: Dondozo|Order Up|p1a: Sinistcha
|-damage|p1a: Sinistcha|68/100
|-boost|p2b: Dondozo|atk|1
|
|-heal|p1b: Annihilape|77/100|[from] item: Leftovers
|-heal|p2b: Dondozo|29/100|[from] item: Leftovers
|upkeep
|turn|7
|
|t:|1756584744
|move|p1b: Annihilape|Rage Fist|p2b: Dondozo
|-damage|p2b: Dondozo|8/100
|move|p2b: Dondozo|Order Up|p1a: Sinistcha
|-damage|p1a: Sinistcha|21/100
|-boost|p2b: Dondozo|atk|1
|move|p1a: Sinistcha|Matcha Gotcha|p2b: Dondozo|[spread] p2b
|-miss|p1a: Sinistcha|p2a: Tatsugiri
|-supereffective|p2b: Dondozo
|-damage|p2b: Dondozo|0 fnt
|-heal|p1a: Sinistcha|27/100|[from] drain|[of] p2b: Dondozo
|faint|p2b: Dondozo
|
|-heal|p1b: Annihilape|83/100|[from] item: Leftovers
|upkeep
|
|t:|1756584764
|switch|p2b: Tyranitar|Tyranitar, L50, F|100/100
|-weather|Sandstorm|[from] ability: Sand Stream|[of] p2b: Tyranitar
|turn|8
|inactive|Bruthathechosen has 30 seconds left.
|
|t:|1756584790
|-terastallize|p2b: Tyranitar|Flying
|move|p2a: Tatsugiri|Muddy Water|p1a: Sinistcha|[spread] p1a,p1b
|-resisted|p1a: Sinistcha
|-damage|p1a: Sinistcha|9/100
|-damage|p1b: Annihilape|51/100
|move|p1b: Annihilape|Bulk Up|p1b: Annihilape
|-boost|p1b: Annihilape|atk|1
|-boost|p1b: Annihilape|def|1
|move|p1a: Sinistcha|Strength Sap|p2b: Tyranitar
|-fail|p2b: Tyranitar|unboost|[from] item: Clear Amulet|[of] p2b: Tyranitar
|-heal|p1a: Sinistcha|100/100
|move|p2b: Tyranitar|Tera Blast|p1b: Annihilape|[anim] Tera Blast Flying
|-supereffective|p1b: Annihilape
|-damage|p1b: Annihilape|12/100
|
|-weather|Sandstorm|[upkeep]
|-damage|p2a: Tatsugiri|73/100|[from] Sandstorm
|-damage|p1b: Annihilape|6/100|[from] Sandstorm
|-damage|p1a: Sinistcha|94/100|[from] Sandstorm
|-damage|p2b: Tyranitar|94/100|[from] Sandstorm
|-heal|p1b: Annihilape|12/100|[from] item: Leftovers
|upkeep
|turn|9
|
|t:|1756584812
|switch|p1a: Incineroar|Incineroar, L50, M|100/100
|-ability|p1a: Incineroar|Intimidate|boost
|-unboost|p2a: Tatsugiri|atk|1
|-fail|p2b: Tyranitar|unboost|[from] item: Clear Amulet|[of] p2b: Tyranitar
|move|p1b: Annihilape|Protect|p1b: Annihilape
|-singleturn|p1b: Annihilape|Protect
|move|p2a: Tatsugiri|Muddy Water|p1a: Incineroar|[spread] 
|-activate|p1b: Annihilape|move: Protect
|-miss|p2a: Tatsugiri|p1a: Incineroar
|move|p2b: Tyranitar|Tera Blast|p1a: Incineroar|[anim] Tera Blast Flying
|-damage|p1a: Incineroar|62/100
|
|-weather|Sandstorm|[upkeep]
|-damage|p2a: Tatsugiri|67/100|[from] Sandstorm
|-damage|p1b: Annihilape|6/100|[from] Sandstorm
|-damage|p1a: Incineroar|56/100|[from] Sandstorm
|-damage|p2b: Tyranitar|88/100|[from] Sandstorm
|-heal|p1b: Annihilape|12/100|[from] item: Leftovers
|upkeep
|turn|10
|inactive|Bruthathechosen has 30 seconds left.
|
|t:|1756584840
|move|p1a: Incineroar|Fake Out|p2a: Tatsugiri
|-damage|p2a: Tatsugiri|40/100
|cant|p2a: Tatsugiri|flinch
|move|p1b: Annihilape|Drain Punch|p2a: Tatsugiri
|-damage|p2a: Tatsugiri|0 fnt
|-heal|p1b: Annihilape|27/100|[from] drain|[of] p2a: Tatsugiri
|faint|p2a: Tatsugiri
|move|p2b: Tyranitar|Tera Blast|p1b: Annihilape|[anim] Tera Blast Flying
|-supereffective|p1b: Annihilape
|-damage|p1b: Annihilape|0 fnt
|faint|p1b: Annihilape
|
|-weather|Sandstorm|[upkeep]
|-damage|p1a: Incineroar|50/100|[from] Sandstorm
|-damage|p2b: Tyranitar|82/100|[from] Sandstorm
|upkeep
|
|t:|1756584854
|switch|p1b: Sinistcha|Sinistcha-Masterpiece, L50|94/100
|switch|p2a: Garchomp|Garchomp, L50, F|100/100
|-heal|p1a: Incineroar|75/100|[from] ability: Hospitality|[of] p1b: Sinistcha
|turn|11
|
|t:|1756584875
|-terastallize|p1a: Incineroar|Grass
|move|p1b: Sinistcha|Protect|p1b: Sinistcha
|-singleturn|p1b: Sinistcha|Protect
|move|p2a: Garchomp|Earthquake|p1b: Sinistcha|[spread] p1a
|-activate|p1b: Sinistcha|move: Protect
|-immune|p2b: Tyranitar
|-resisted|p1a: Incineroar
|-damage|p1a: Incineroar|53/100
|-damage|p2a: Garchomp|90/100|[from] item: Life Orb
|move|p1a: Incineroar|U-turn|p2b: Tyranitar
|-resisted|p2b: Tyranitar
|-damage|p2b: Tyranitar|73/100
|
|t:|1756584886
|switch|p1a: Inteleon|Inteleon, L50, M|100/100|[from] U-turn
|move|p2b: Tyranitar|Knock Off|p1b: Sinistcha
|-activate|p1b: Sinistcha|move: Protect
|
|-weather|Sandstorm|[upkeep]
|-damage|p1a: Inteleon|94/100|[from] Sandstorm
|-damage|p1b: Sinistcha|88/100|[from] Sandstorm
|-damage|p2b: Tyranitar|67/100|[from] Sandstorm
|upkeep
|turn|12
|inactive|Lukarioks has 30 seconds left.
|inactive|Lukarioks has 20 seconds left.
|
|t:|1756584922
|move|p1b: Sinistcha|Rage Powder|p1b: Sinistcha
|-singleturn|p1b: Sinistcha|move: Rage Powder
|move|p1a: Inteleon|Ice Beam|p2a: Garchomp|[miss]
|-miss|p1a: Inteleon|p2a: Garchomp
|move|p2a: Garchomp|Breaking Swipe|p1b: Sinistcha|[spread] p1a,p1b
|-damage|p1a: Inteleon|38/100
|-damage|p1b: Sinistcha|62/100
|-unboost|p1a: Inteleon|atk|1
|-unboost|p1b: Sinistcha|atk|1
|-damage|p2a: Garchomp|74/100|[from] item: Rocky Helmet|[of] p1b: Sinistcha
|-damage|p2a: Garchomp|64/100|[from] item: Life Orb
|move|p2b: Tyranitar|Rock Slide|p1b: Sinistcha|[spread] p1a,p1b
|-damage|p1a: Inteleon|0 fnt
|-damage|p1b: Sinistcha|35/100
|faint|p1a: Inteleon
|
|-weather|none
|upkeep
|
|t:|1756584936
|switch|p1a: Incineroar|Incineroar, L50, M, tera:Grass|53/100
|-ability|p1a: Incineroar|Intimidate|boost
|-unboost|p2a: Garchomp|atk|1
|-fail|p2b: Tyranitar|unboost|[from] item: Clear Amulet|[of] p2b: Tyranitar
|turn|13
|
|t:|1756584949
|move|p1a: Incineroar|Fake Out|p2a: Garchomp
|-damage|p2a: Garchomp|51/100
|cant|p2a: Garchomp|flinch
|move|p1b: Sinistcha|Strength Sap|p2a: Garchomp
|-unboost|p2a: Garchomp|atk|1
|-heal|p1b: Sinistcha|100/100
|move|p2b: Tyranitar|Tera Blast|p1a: Incineroar|[anim] Tera Blast Flying
|-supereffective|p1a: Incineroar
|-damage|p1a: Incineroar|0 fnt
|faint|p1a: Incineroar
|
|upkeep
|turn|14
|
|t:|1756584971
|move|p2a: Garchomp|Earthquake|p1b: Sinistcha|[spread] p1b
|-immune|p2b: Tyranitar
|-resisted|p1b: Sinistcha
|-damage|p1b: Sinistcha|88/100
|-damage|p2a: Garchomp|41/100|[from] item: Life Orb
|move|p1b: Sinistcha|Matcha Gotcha|p2b: Tyranitar|[spread] p2a,p2b
|-resisted|p2b: Tyranitar
|-damage|p2a: Garchomp|14/100
|-heal|p1b: Sinistcha|100/100|[from] drain|[of] p2a: Garchomp
|-damage|p2b: Tyranitar|56/100
|move|p2b: Tyranitar|Dragon Dance|p2b: Tyranitar
|-boost|p2b: Tyranitar|atk|1
|-boost|p2b: Tyranitar|spe|1
|
|upkeep
|turn|15
|
|t:|1756584986
|move|p2a: Garchomp|Breaking Swipe|p1b: Sinistcha
|-damage|p1b: Sinistcha|81/100
|-unboost|p1b: Sinistcha|atk|1
|-damage|p2a: Garchomp|0 fnt|[from] item: Rocky Helmet|[of] p1b: Sinistcha
|faint|p2a: Garchomp
|move|p2b: Tyranitar|Knock Off|p1b: Sinistcha
|-supereffective|p1b: Sinistcha
|-damage|p1b: Sinistcha|0 fnt
|-damage|p2b: Tyranitar|40/100|[from] item: Rocky Helmet|[of] p1b: Sinistcha
|-enditem|p1b: Sinistcha|Rocky Helmet|[from] move: Knock Off|[of] p2b: Tyranitar
|faint|p1b: Sinistcha
|
|win|Lukarioks
|raw|Bruthathechosen's rating: 1102 → 1070(-32 for losing)
|raw|Lukarioks's rating: 1000 → 1051(+51 for winning)
