|j|☆CRWN RVM3
|j|☆Kiquemo
|html|CRWN RVM3Kiquemo    
|uhtml|bestof|Game 1 of a best-of-3
|t:|1785700547
|gametype|doubles
|player|p1|CRWN RVM3|hilbert|1000
|player|p2|Kiquemo|102|1151
|gen|9
|tier|[Gen 9 Champions] VGC 2026 Reg M-B (Bo3)
|rated|
|rule|Species Clause: Limit one of each Pokémon
|rule|Item Clause: Limit 1 of each item
|clearpoke
|poke|p1|Charizard, L50, F|
|poke|p1|Venusaur, L50, F|
|poke|p1|Pelipper, L50, M|
|poke|p1|Archaludon, L50, M|
|poke|p1|Grimmsnarl, L50, M|
|poke|p1|Garchomp, L50, F, shiny|
|poke|p2|Farigiraf, L50, M|
|poke|p2|Sylveon, L50, M|
|poke|p2|Kingambit, L50, M|
|poke|p2|Incineroar, L50, F|
|poke|p2|Charizard, L50, M|
|poke|p2|Eelektross, L50, M|
|teampreview|4
|showteam|p1|Charizard||CharizarditeY|Blaze|SolarBeam,WeatherBall,HeatWave,Protect|Modest||F|||50|]Venusaur||FocusSash|Chlorophyll|SleepPowder,EarthPower,Protect,SludgeBomb|Modest||F|||50|]Pelipper||SitrusBerry|Drizzle|WeatherBall,WideGuard,Hurricane,Tailwind|Modest||M|||50|]Archaludon||Leftovers|Stamina|ElectroShot,Protect,FlashCannon,DragonPulse|Calm||M|||50|]Grimmsnarl||LightClay|Prankster|SpiritBreak,LightScreen,Reflect,PartingShot|Sassy||M|||50|]Garchomp||LifeOrb|RoughSkin|StompingTantrum,Earthquake,DragonClaw,Protect|Jolly||F|||50|
|showteam|p2|Farigiraf||SitrusBerry|ArmorTail|TwinBeam,Thunderbolt,TrickRoom,Protect|Relaxed||M|||50|]Sylveon||FairyFeather|Pixilate|HyperVoice,Yawn,QuickAttack,Detect|Quiet||M|||50|]Kingambit||ChopleBerry|Defiant|KowtowCleave,IronHead,SuckerPunch,LowKick|Brave||M|||50|]Incineroar||Charcoal|Intimidate|ThroatChop,FlareBlitz,PartingShot,FakeOut|Adamant||F|||50|]Charizard||CharizarditeY|Blaze|HeatWave,SolarBeam,WeatherBall,Protect|Modest||M|||50|]Eelektross||Eelektrossite|Levitate|Superpower,SupercellSlam,RockSlide,Coil|Adamant||M|||50|
|inactive|Battle timer is ON: inactive players will automatically lose when time's up. (requested by CRWN RVM3)
|
|t:|1785700570
|teamsize|p1|4
|teamsize|p2|4
|start
|switch|p1a: Hyperion|Charizard, L50, F|100/100
|switch|p1b: Gaia|Venusaur, L50, F|100/100
|switch|p2a: Farigiraf|Farigiraf, L50, M|100/100
|switch|p2b: Incineroar|Incineroar, L50, F|100/100
|-ability|p2b: Incineroar|Intimidate|boost
|-unboost|p1a: Hyperion|atk|1
|-unboost|p1b: Gaia|atk|1
|turn|1
|
|t:|1785700584
|detailschange|p1a: Hyperion|Charizard-Mega-Y, L50, F
|-mega|p1a: Hyperion|Charizard|Charizardite Y
|-weather|SunnyDay|[from] ability: Drought|[of] p1a: Hyperion
|move|p2a: Farigiraf|Protect|p2a: Farigiraf
|-singleturn|p2a: Farigiraf|Protect
|move|p1b: Gaia|Sleep Powder|p2a: Farigiraf
|-activate|p2a: Farigiraf|move: Protect
|move|p1a: Hyperion|Heat Wave|p2b: Incineroar|[spread] p2b
|-activate|p2a: Farigiraf|move: Protect
|-resisted|p2b: Incineroar|1
|-damage|p2b: Incineroar|66/100
|move|p2b: Incineroar|Flare Blitz|p1b: Gaia
|-supereffective|p1b: Gaia|1
|-enditem|p1b: Gaia|Focus Sash
|-damage|p1b: Gaia|1/100
|-damage|p2b: Incineroar|41/100|[from] Recoil
|
|-weather|SunnyDay|[upkeep]
|upkeep
|turn|2
|
|t:|1785700609
|move|p1b: Gaia|Sleep Powder|p2a: Farigiraf|[miss]
|-miss|p1b: Gaia|p2a: Farigiraf
|move|p1a: Hyperion|Heat Wave|p2b: Incineroar|[spread] p2a,p2b
|-resisted|p2b: Incineroar|1
|-damage|p2a: Farigiraf|38/100
|-damage|p2b: Incineroar|12/100
|-status|p2a: Farigiraf|brn
|-enditem|p2a: Farigiraf|Sitrus Berry|[eat]
|-heal|p2a: Farigiraf|63/100 brn|[from] item: Sitrus Berry
|move|p2b: Incineroar|Parting Shot|p1a: Hyperion
|-unboost|p1a: Hyperion|atk|1
|-unboost|p1a: Hyperion|spa|1
|
|t:|1785700620
|switch|p2b: Eelektross|Eelektross, L50, M|100/100|[from] Parting Shot
|move|p2a: Farigiraf|Trick Room|p2a: Farigiraf
|-fieldstart|move: Trick Room|[of] p2a: Farigiraf
|
|-weather|SunnyDay|[upkeep]
|-damage|p2a: Farigiraf|57/100 brn|[from] brn
|upkeep
|turn|3
|
|t:|1785700642
|switch|p1a: Kronos|Archaludon, L50, M|100/100
|detailschange|p2b: Eelektross|Eelektross-Mega, L50, M
|-mega|p2b: Eelektross|Eelektross|Eelektrossite
|move|p1b: Gaia|Protect|p1b: Gaia
|-singleturn|p1b: Gaia|Protect
|move|p2a: Farigiraf|Twin Beam|p1b: Gaia
|-activate|p1b: Gaia|move: Protect
|move|p2b: Eelektross|Coil|p2b: Eelektross
|-boost|p2b: Eelektross|atk|1
|-boost|p2b: Eelektross|def|1
|-boost|p2b: Eelektross|accuracy|1
|
|-weather|SunnyDay|[upkeep]
|-damage|p2a: Farigiraf|51/100 brn|[from] brn
|upkeep
|turn|4
|inactive|CRWN RVM3 has 30 seconds left.
|inactive|Kiquemo has 30 seconds left.
|inactive|CRWN RVM3 has 20 seconds left.
|inactive|CRWN RVM3 has 15 seconds left.
|
|t:|1785700686
|switch|p1b: Pushing P|Pelipper, L50, M|100/100
|-weather|RainDance|[from] ability: Drizzle|[of] p1b: Pushing P
|move|p2a: Farigiraf|Twin Beam|p1a: Kronos
|-resisted|p1a: Kronos|1
|-damage|p1a: Kronos|92/100
|-ability|p1a: Kronos|Stamina|boost
|-boost|p1a: Kronos|def|1
|-resisted|p1a: Kronos|1
|-damage|p1a: Kronos|85/100
|-ability|p1a: Kronos|Stamina|boost
|-boost|p1a: Kronos|def|1
|-hitcount|p1a: Kronos|2
|move|p2b: Eelektross|Rock Slide|p1a: Kronos|[spread] p1a,p1b
|-resisted|p1a: Kronos|1
|-supereffective|p1b: Pushing P|1
|-damage|p1a: Kronos|79/100
|-damage|p1b: Pushing P|25/100
|-ability|p1a: Kronos|Stamina|boost
|-boost|p1a: Kronos|def|1
|-enditem|p1b: Pushing P|Sitrus Berry|[eat]
|-heal|p1b: Pushing P|50/100y|[from] item: Sitrus Berry
|move|p1a: Kronos|Electro Shot||[still]
|-prepare|p1a: Kronos|Electro Shot
|-boost|p1a: Kronos|spa|1
|-anim|p1a: Kronos|Electro Shot|p2a: Farigiraf
|-damage|p2a: Farigiraf|0 fnt
|faint|p2a: Farigiraf
|
|-weather|RainDance|[upkeep]
|-heal|p1a: Kronos|85/100|[from] item: Leftovers
|upkeep
|
|t:|1785700711
|switch|p2a: Sylveon|Sylveon, L50, M|100/100
|turn|5
|
|t:|1785700724
|move|p1b: Pushing P|Wide Guard|p1b: Pushing P
|-singleturn|p1b: Pushing P|Wide Guard
|move|p2a: Sylveon|Hyper Voice|p1a: Kronos|[spread] 
|-activate|p1a: Kronos|move: Wide Guard
|-activate|p1b: Pushing P|move: Wide Guard
|move|p2b: Eelektross|Rock Slide|p1a: Kronos|[spread] 
|-activate|p1a: Kronos|move: Wide Guard
|-activate|p1b: Pushing P|move: Wide Guard
|move|p1a: Kronos|Electro Shot||[still]
|-prepare|p1a: Kronos|Electro Shot
|-boost|p1a: Kronos|spa|1
|-anim|p1a: Kronos|Electro Shot|p2a: Sylveon
|-damage|p2a: Sylveon|37/100
|
|-weather|RainDance|[upkeep]
|-heal|p1a: Kronos|91/100|[from] item: Leftovers
|upkeep
|turn|6
|inactive|CRWN RVM3 has 30 seconds left.
|
|t:|1785700757
|move|p1a: Kronos|Protect|p1a: Kronos
|-singleturn|p1a: Kronos|Protect
|move|p2a: Sylveon|Hyper Voice|p1b: Pushing P|[spread] p1b
|-activate|p1a: Kronos|move: Protect
|-damage|p1b: Pushing P|0 fnt
|faint|p1b: Pushing P
|move|p2b: Eelektross|Supercell Slam|p1a: Kronos
|-activate|p1a: Kronos|move: Protect
|-damage|p2b: Eelektross|50/100y|[from] supercellslam
|
|-weather|RainDance|[upkeep]
|-heal|p1a: Kronos|97/100|[from] item: Leftovers
|-fieldend|move: Trick Room
|upkeep
|
|t:|1785700771
|switch|p1b: Hyperion|Charizard-Mega-Y, L50, F|100/100
|-weather|SunnyDay|[from] ability: Drought|[of] p1b: Hyperion
|turn|7
|
|t:|1785700779
|move|p1b: Hyperion|Heat Wave|p2b: Eelektross|[spread] p2b
|-miss|p1b: Hyperion|p2a: Sylveon
|-damage|p2b: Eelektross|0 fnt
|faint|p2b: Eelektross
|move|p1a: Kronos|Flash Cannon|p2a: Sylveon
|-supereffective|p2a: Sylveon|1
|-damage|p2a: Sylveon|0 fnt
|faint|p2a: Sylveon
|
|-weather|SunnyDay|[upkeep]
|-heal|p1a: Kronos|100/100|[from] item: Leftovers
|upkeep
|
|t:|1785700784
|switch|p2b: Incineroar|Incineroar, L50, F|12/100
|-ability|p2b: Incineroar|Intimidate|boost
|-unboost|p1a: Kronos|atk|1
|-unboost|p1b: Hyperion|atk|1
|turn|8
|
|t:|1785700794
|move|p1b: Hyperion|Weather Ball|p2b: Incineroar
|-resisted|p2b: Incineroar|1
|-damage|p2b: Incineroar|0 fnt
|faint|p2b: Incineroar
|
|win|CRWN RVM3
||Kiquemo is ready for game 2.
||CRWN RVM3 is ready for game 2.
|uhtml|next|Next: Game 2 of 3
|l|☆Kiquemo
|player|p2|
