|j|☆DttDMarce
|j|☆Lighting7157
|html|DttDMarceLighting7157    
|uhtml|bestof|Game 1 of a best-of-3
|t:|1784542612
|gametype|doubles
|player|p1|DttDMarce|1|1174
|player|p2|Lighting7157|102|1122
|gen|9
|tier|[Gen 9 Champions] VGC 2026 Reg M-B (Bo3)
|rated|
|rule|Species Clause: Limit one of each Pokémon
|rule|Item Clause: Limit 1 of each item
|clearpoke
|poke|p1|Charizard, L50, M|
|poke|p1|Kingambit, L50, F|
|poke|p1|Sylveon, L50, F|
|poke|p1|Garchomp, L50, M|
|poke|p1|Aerodactyl, L50, M|
|poke|p1|Farigiraf, L50, M|
|poke|p2|Staraptor, L50, F|
|poke|p2|Whimsicott, L50, F|
|poke|p2|Empoleon, L50, F|
|poke|p2|Ceruledge, L50, F|
|poke|p2|Manectric, L50, M|
|poke|p2|Ninetales-Alola, L50, F|
|teampreview|4
|showteam|p1|Charizard||CharizarditeY|SolarPower|Protect,HeatWave,SolarBeam,WeatherBall|Modest||M|||50|]Kingambit||FocusSash|Defiant|IronHead,SuckerPunch,KowtowCleave,LowKick|Adamant||F|||50|]Sylveon||FairyFeather|Pixilate|Detect,HyperVoice,HyperBeam,QuickAttack|Modest||F|||50|]Garchomp||LifeOrb|RoughSkin|Protect,DragonClaw,Earthquake,RockSlide|Jolly||M|||50|]Aerodactyl||Aerodactylite|Unnerve|IceFang,RockSlide,Tailwind,DualWingbeat|Jolly||M|||50|]Farigiraf||SitrusBerry|ArmorTail|TrickRoom,Psychic,Thunderbolt,Roar|Bold||M|||50|
|showteam|p2|Staraptor||Staraptite|Intimidate|CloseCombat,Protect,BraveBird,Roost|Adamant||F|||50|]Whimsicott||MentalHerb|Prankster|Tailwind,Charm,GigaDrain,Encore|Bold||F|||50|]Empoleon||ChopleBerry|Competitive|Protect,FlashCannon,HydroPump,IceBeam|Modest||F|||50|]Ceruledge||LifeOrb|FlashFire|BitterBlade,Protect,ShadowSneak,BulkUp|Jolly||F|||50|]Manectric||FocusSash|LightningRod|Protect,VoltSwitch,Snarl,Thunderbolt|Timid||M|||50|]Ninetales-Alola||LightClay|SnowWarning|Blizzard,AuroraVeil,FreezeDry,Protect|Modest||F|||50|
|inactive|Battle timer is ON: inactive players will automatically lose when time's up. (requested by Lighting7157)
|inactive|DttDMarce has 60 seconds left.
|inactive|DttDMarce has 30 seconds left.
|
|t:|1784542707
|teamsize|p1|4
|teamsize|p2|4
|start
|switch|p1a: Aerodactyl|Aerodactyl, L50, M|100/100
|switch|p1b: Farigiraf|Farigiraf, L50, M|100/100
|switch|p2a: Staraptor|Staraptor, L50, F|100/100
|switch|p2b: Whimsicott|Whimsicott, L50, F|100/100
|-ability|p1a: Aerodactyl|Unnerve
|-ability|p2a: Staraptor|Intimidate|boost
|-unboost|p1a: Aerodactyl|atk|1
|-unboost|p1b: Farigiraf|atk|1
|turn|1
|
|t:|1784542732
|detailschange|p1a: Aerodactyl|Aerodactyl-Mega, L50, M
|-mega|p1a: Aerodactyl|Aerodactyl|Aerodactylite
|detailschange|p2a: Staraptor|Staraptor-Mega, L50, F
|-mega|p2a: Staraptor|Staraptor|Staraptite
|move|p2b: Whimsicott|Charm|p2a: Staraptor
|-boost|p2a: Staraptor|atk|2
|move|p1a: Aerodactyl|Ice Fang|p2a: Staraptor
|-supereffective|p2a: Staraptor|1
|-damage|p2a: Staraptor|60/100
|move|p2a: Staraptor|Close Combat|p1a: Aerodactyl
|-damage|p1a: Aerodactyl|0 fnt
|-boost|p2a: Staraptor|def|1
|-boost|p2a: Staraptor|spd|1
|faint|p1a: Aerodactyl
|move|p1b: Farigiraf|Trick Room|p1b: Farigiraf
|-fieldstart|move: Trick Room|[of] p1b: Farigiraf
|
|upkeep
|
|t:|1784542747
|switch|p1a: Kingambit|Kingambit, L50, F|100/100
|turn|2
|
|t:|1784542760
|switch|p2b: Ninetales|Ninetales-Alola, L50, F|100/100
|-weather|Snowscape|[from] ability: Snow Warning|[of] p2b: Ninetales
|move|p1b: Farigiraf|Thunderbolt|p2a: Staraptor
|-supereffective|p2a: Staraptor|1
|-damage|p2a: Staraptor|25/100
|move|p1a: Kingambit|Iron Head|p2a: Staraptor
|-damage|p2a: Staraptor|0 fnt
|faint|p2a: Staraptor
|
|-weather|Snowscape|[upkeep]
|upkeep
|
|t:|1784542773
|switch|p2a: Empoleon|Empoleon, L50, F|100/100
|turn|3
|
|t:|1784542789
|move|p1b: Farigiraf|Thunderbolt|p2a: Empoleon
|-supereffective|p2a: Empoleon|1
|-damage|p2a: Empoleon|55/100
|move|p2a: Empoleon|Hydro Pump|p1b: Farigiraf|[miss]
|-miss|p2a: Empoleon|p1b: Farigiraf
|move|p1a: Kingambit|Iron Head|p2b: Ninetales
|-supereffective|p2b: Ninetales|2
|-damage|p2b: Ninetales|0 fnt
|faint|p2b: Ninetales
|
|-weather|Snowscape|[upkeep]
|upkeep
|
|t:|1784542801
|switch|p2b: Whimsicott|Whimsicott, L50, F|100/100
|turn|4
|
|t:|1784542823
|move|p2a: Empoleon|Protect|p2a: Empoleon
|-singleturn|p2a: Empoleon|Protect
|move|p1b: Farigiraf|Thunderbolt|p2a: Empoleon
|-activate|p2a: Empoleon|move: Protect
|move|p1a: Kingambit|Iron Head|p2b: Whimsicott
|-supereffective|p2b: Whimsicott|1
|-damage|p2b: Whimsicott|20/100y
|move|p2b: Whimsicott|Giga Drain|p1b: Farigiraf
|-damage|p1b: Farigiraf|81/100
|-heal|p2b: Whimsicott|32/100|[from] drain|[of] p1b: Farigiraf
|
|-weather|Snowscape|[upkeep]
|upkeep
|turn|5
|
|t:|1784542845
|move|p1b: Farigiraf|Thunderbolt|p2a: Empoleon
|-supereffective|p2a: Empoleon|1
|-damage|p2a: Empoleon|12/100
|move|p2a: Empoleon|Hydro Pump|p1b: Farigiraf
|-damage|p1b: Farigiraf|35/100
|-enditem|p1b: Farigiraf|Sitrus Berry|[eat]
|-heal|p1b: Farigiraf|60/100|[from] item: Sitrus Berry
|move|p1a: Kingambit|Iron Head|p2b: Whimsicott
|-supereffective|p2b: Whimsicott|1
|-damage|p2b: Whimsicott|0 fnt
|faint|p2b: Whimsicott
|
|-weather|Snowscape|[upkeep]
|-fieldend|move: Trick Room
|upkeep
|turn|6
|
|t:|1784542863
|move|p1a: Kingambit|Low Kick|p2a: Empoleon
|-supereffective|p2a: Empoleon|1
|-enditem|p2a: Empoleon|Chople Berry|[eat]
|-enditem|p2a: Empoleon|Chople Berry|[weaken]
|-damage|p2a: Empoleon|0 fnt
|faint|p2a: Empoleon
|
|win|DttDMarce
||Lighting7157 is ready for game 2.
||DttDMarce is ready for game 2.
|uhtml|next|Next: Game 2 of 3
|l|☆Lighting7157
|player|p2|
