|j|☆Draikenos
|j|☆bcam1
|html|Draikenosbcam1    
|uhtml|bestof|Game 1 of a best-of-3
|t:|1786042824
|gametype|doubles
|player|p1|Draikenos|rosa|1231
|player|p2|bcam1|169|1084
|gen|9
|tier|[Gen 9 Champions] VGC 2026 Reg M-B (Bo3)
|rated|
|rule|Species Clause: Limit one of each Pokémon
|rule|Item Clause: Limit 1 of each item
|clearpoke
|poke|p1|Glimmora, L50, M, shiny|
|poke|p1|Whimsicott, L50, F, shiny|
|poke|p1|Kommo-o, L50, F, shiny|
|poke|p1|Ninetales-Alola, L50, F|
|poke|p1|Kingambit, L50, M|
|poke|p1|Basculegion, L50, M|
|poke|p2|Garchomp, L50, F|
|poke|p2|Delphox, L50, M|
|poke|p2|Eelektross, L50, F|
|poke|p2|Whimsicott, L50, F|
|poke|p2|Ninetales, L50, F|
|poke|p2|Kingambit, L50, M|
|teampreview|4
|showteam|p1|Glimmora||Glimmoranite|ToxicDebris|SpikyShield,PowerGem,SludgeBomb,EarthPower|Modest||M|||50|]Whimsicott||FocusSash|Prankster|Protect,Moonblast,Tailwind,Encore|Timid||F|||50|]Kommo-o||LifeOrb|Overcoat|Protect,ClangingScales,AuraSphere,VacuumWave|Modest||F|||50|]Ninetales-Alola||NeverMeltIce|SnowWarning|Protect,Blizzard,FreezeDry,Encore|Timid||F|||50|]Kingambit||ChopleBerry|Defiant|KowtowCleave,IronHead,SuckerPunch,LowKick|Adamant||M|||50|]Basculegion||ChoiceScarf|Adaptability|WaveCrash,LastRespects,AquaJet,FlipTurn|Jolly||M|||50|
|showteam|p2|Garchomp||ChoiceScarf|RoughSkin|Earthquake,RockSlide,DragonClaw,BrickBreak|Adamant||F|||50|]Delphox||Delphoxite|Blaze|Protect,HeatWave,NastyPlot,Psychic|Timid||M|||50|]Eelektross||Eelektrossite|Levitate|Protect,GigaDrain,Discharge,Flamethrower|Timid||F|||50|]Whimsicott||FocusSash|Prankster|Moonblast,Encore,Taunt,Charm|Bold||F|||50|]Ninetales||HeatRock|Drought|Protect,HeatWave,WillOWisp,SolarBeam|Calm||F|||50|]Kingambit||BlackGlasses|Defiant|Protect,KowtowCleave,SuckerPunch,IronHead|Adamant||M|||50|
|inactive|Battle timer is ON: inactive players will automatically lose when time's up. (requested by bcam1)
|inactive|Draikenos has 60 seconds left.
|inactive|Draikenos has 30 seconds left.
|inactive|Draikenos has 20 seconds left.
|inactive|Draikenos has 15 seconds left.
|inactive|Draikenos has 10 seconds left.
|inactive|Draikenos has 5 seconds left.
|
|t:|1786042918
|teamsize|p1|4
|teamsize|p2|4
|start
|switch|p1a: Glimmora|Glimmora, L50, M, shiny|100/100
|switch|p1b: Whimsicott|Whimsicott, L50, F, shiny|100/100
|switch|p2a: Garchomp|Garchomp, L50, F|100/100
|switch|p2b: Delphox|Delphox, L50, M|100/100
|turn|1
|inactive|Draikenos has 30 seconds left.
|inactive|bcam1 has 30 seconds left.
|inactive|bcam1 has 20 seconds left.
|
|t:|1786042956
|detailschange|p2b: Delphox|Delphox-Mega, L50, M
|-mega|p2b: Delphox|Delphox|Delphoxite
|detailschange|p1a: Glimmora|Glimmora-Mega, L50, M, shiny
|-mega|p1a: Glimmora|Glimmora|Glimmoranite
|move|p1b: Whimsicott|Protect|p1b: Whimsicott
|-singleturn|p1b: Whimsicott|Protect
|move|p1a: Glimmora|Spiky Shield|p1a: Glimmora
|-singleturn|p1a: Glimmora|move: Protect
|move|p2a: Garchomp|Earthquake|p1b: Whimsicott|[spread] 
|-activate|p1a: Glimmora|move: Protect
|-activate|p1b: Whimsicott|move: Protect
|-immune|p2b: Delphox|[from] ability: Levitate
|move|p2b: Delphox|Heat Wave|p1b: Whimsicott|[spread] 
|-activate|p1a: Glimmora|move: Protect
|-activate|p1b: Whimsicott|move: Protect
|
|upkeep
|turn|2
|inactive|Draikenos has 30 seconds left.
|inactive|Draikenos has 20 seconds left.
|inactive|Draikenos has 15 seconds left.
|inactive|Draikenos has 10 seconds left.
|
|t:|1786043003
|move|p1b: Whimsicott|Tailwind|p1b: Whimsicott
|-sidestart|p1: Draikenos|move: Tailwind
|move|p1a: Glimmora|Power Gem|p2b: Delphox
|-supereffective|p2b: Delphox|1
|-damage|p2b: Delphox|0 fnt
|faint|p2b: Delphox
|move|p2a: Garchomp|Earthquake|p1a: Glimmora|[spread] p1a,p1b
|-supereffective|p1a: Glimmora|2
|-resisted|p1b: Whimsicott|1
|-damage|p1a: Glimmora|0 fnt
|-damage|p1b: Whimsicott|68/100
|faint|p1a: Glimmora
|
|upkeep
|
|t:|1786043019
|switch|p2b: Kingambit|Kingambit, L50, M|100/100
|switch|p1a: Basculegion|Basculegion, L50, M|100/100
|turn|3
|inactive|Draikenos has 30 seconds left.
|
|t:|1786043044
|switch|p1a: Ninetales|Ninetales-Alola, L50, F|100/100
|-weather|Snowscape|[from] ability: Snow Warning|[of] p1a: Ninetales
|move|p2b: Kingambit|Protect|p2b: Kingambit
|-singleturn|p2b: Kingambit|Protect
|move|p1b: Whimsicott|Moonblast|p2a: Garchomp
|-supereffective|p2a: Garchomp|1
|-damage|p2a: Garchomp|25/100
|move|p2a: Garchomp|Earthquake|p1a: Ninetales|[spread] p1a,p1b
|-activate|p2b: Kingambit|move: Protect
|-resisted|p1b: Whimsicott|1
|-damage|p1a: Ninetales|58/100
|-damage|p1b: Whimsicott|35/100
|
|-weather|Snowscape|[upkeep]
|upkeep
|turn|4
|inactive|bcam1 has 30 seconds left.
|
|t:|1786043078
|switch|p2a: Ninetales|Ninetales, L50, F|100/100
|-weather|SunnyDay|[from] ability: Drought|[of] p2a: Ninetales
|move|p2b: Kingambit|Sucker Punch||[still]
|-fail|p2b: Kingambit
|move|p1b: Whimsicott|Moonblast|p2a: Ninetales
|-resisted|p2a: Ninetales|1
|-damage|p2a: Ninetales|86/100
|move|p1a: Ninetales|Encore|p2b: Kingambit
|-start|p2b: Kingambit|Encore
|
|-weather|SunnyDay|[upkeep]
|upkeep
|turn|5
|inactive|Draikenos has 30 seconds left.
|inactive|Draikenos has 20 seconds left.
|inactive|Draikenos has 15 seconds left.
|inactive|Draikenos has 10 seconds left.
|inactive|Draikenos has 5 seconds left.
|
|t:|1786043132
|switch|p2b: Garchomp|Garchomp, L50, F|25/100
|move|p1b: Whimsicott|Protect|p1b: Whimsicott
|-singleturn|p1b: Whimsicott|Protect
|move|p1a: Ninetales|Blizzard|p2a: Ninetales|[spread] p2b
|-miss|p1a: Ninetales|p2a: Ninetales
|-supereffective|p2b: Garchomp|2
|-damage|p2b: Garchomp|0 fnt
|faint|p2b: Garchomp
|move|p2a: Ninetales|Heat Wave|p1b: Whimsicott|[spread] p1a
|-activate|p1b: Whimsicott|move: Protect
|-supereffective|p1a: Ninetales|1
|-damage|p1a: Ninetales|0 fnt
|faint|p1a: Ninetales
|
|-weather|SunnyDay|[upkeep]
|-sideend|p1: Draikenos|move: Tailwind
|upkeep
|
|t:|1786043149
|switch|p1a: Basculegion|Basculegion, L50, M|100/100
|switch|p2b: Kingambit|Kingambit, L50, M|100/100
|turn|6
|inactive|Draikenos has 30 seconds left.
|
|t:|1786043181
|move|p2b: Kingambit|Sucker Punch|p1a: Basculegion
|-supereffective|p1a: Basculegion|1
|-damage|p1a: Basculegion|0 fnt
|faint|p1a: Basculegion
|move|p1b: Whimsicott|Moonblast|p2b: Kingambit
|-damage|p2b: Kingambit|68/100
|move|p2a: Ninetales|Heat Wave|p1b: Whimsicott
|-supereffective|p1b: Whimsicott|1
|-damage|p1b: Whimsicott|0 fnt
|faint|p1b: Whimsicott
|
|win|bcam1
||bcam1 is ready for game 2.
|inactive|Draikenos has 30 seconds to confirm battle start!
||Draikenos is ready for game 2.
|uhtml|next|Next: Game 2 of 3
|l|☆bcam1
|player|p2|
