|j|☆terosath
|j|☆Jaybird112233
|html|terosathJaybird112233    
|uhtml|bestof|Game 1 of a best-of-3
|t:|1785115290
|gametype|doubles
|player|p1|terosath|n|
|player|p2|Jaybird112233|naveen|
|gen|9
|tier|[Gen 9 Champions] VGC 2026 Reg M-B (Bo3)
|rule|Species Clause: Limit one of each Pokémon
|rule|Item Clause: Limit 1 of each item
|clearpoke
|poke|p1|Drampa, L50, M|
|poke|p1|Crabominable, L50, M|
|poke|p1|Sinistcha-Masterpiece, L50|
|poke|p1|Politoed, L50, M|
|poke|p1|Farigiraf, L50, M|
|poke|p1|Garganacl, L50, F|
|poke|p2|Altaria, L50, M, shiny|
|poke|p2|Sinistcha, L50|
|poke|p2|Tyranitar, L50, F, shiny|
|poke|p2|Rotom-Heat, L50, shiny|
|poke|p2|Slowbro, L50, M|
|poke|p2|Aggron, L50, M|
|teampreview|4
|showteam|p1|Drampa||Drampanite|Berserk|Protect,EarthPower,CalmMind,HyperVoice|Quiet||M|||50|]Crabominable||Crabominite|HyperCutter|DrainPunch,Protect,IceHammer,ThunderPunch|Brave||M|||50|]Sinistcha-Masterpiece||SitrusBerry|Hospitality|TrickRoom,MatchaGotcha,LifeDew,RagePowder|Modest|||||50|]Politoed||MysticWater|Drizzle|MuddyWater,Protect,Encore,HelpingHand|Calm||M|||50|]Farigiraf||MentalHerb|ArmorTail|TrickRoom,PsychicNoise,LightScreen,Reflect|Sassy||M|||50|]Garganacl||Leftovers|PurifyingSalt|WideGuard,RockSlide,Protect,BodyPress|Relaxed||F|||50|
|showteam|p2|Altaria||Altarianite|CloudNine|HyperVoice,DracoMeteor,HyperBeam,Protect|Quiet||M|||50|]Sinistcha||SitrusBerry|Hospitality|MatchaGotcha,LifeDew,RagePowder,TrickRoom|Calm|||||50|]Tyranitar||Tyranitarite|SandStream|KnockOff,RockSlide,LowKick,Protect|Adamant||F|||50|]Rotom-Heat||WhiteHerb|Levitate|Thunderbolt,Overheat,LightScreen,VoltSwitch|Modest|||||50|]Slowbro||Leftovers|Regenerator|HealPulse,TrickRoom,Scald,Protect|Relaxed||M|||50|]Aggron||Aggronite|Sturdy|IronDefense,BodyPress,HeavySlam,Protect|Impish||M|||50|
|j| geminiduality2
|
|t:|1785115334
|teamsize|p1|4
|teamsize|p2|4
|start
|switch|p1a: 'Nam Veteran|Drampa, L50, M|100/100
|switch|p1b: Double Gulp|Sinistcha-Masterpiece, L50|100/100
|switch|p2a: Manatee|Slowbro, L50, M|100/100
|switch|p2b: Ferrous|Aggron, L50, M|100/100
|turn|1
|j| Bingus Von Bongus
|
|t:|1785115363
|switch|p2b: Air Fryer|Rotom-Heat, L50, shiny|100/100
|detailschange|p1a: 'Nam Veteran|Drampa-Mega, L50, M
|-mega|p1a: 'Nam Veteran|Drampa|Drampanite
|move|p1a: 'Nam Veteran|Calm Mind|p1a: 'Nam Veteran
|-boost|p1a: 'Nam Veteran|spa|1
|-boost|p1a: 'Nam Veteran|spd|1
|move|p1b: Double Gulp|Trick Room|p1b: Double Gulp
|-fieldstart|move: Trick Room|[of] p1b: Double Gulp
|move|p2a: Manatee|Trick Room|p2a: Manatee
|-fieldend|move: Trick Room
|
|upkeep
|turn|2
|j| seafan13
|
|t:|1785115418
|switch|p1b: I've seen this b4|Garganacl, L50, F|100/100
|move|p2b: Air Fryer|Overheat|p1b: I've seen this b4
|-resisted|p1b: I've seen this b4|1
|-damage|p1b: I've seen this b4|71/100
|-unboost|p2b: Air Fryer|spa|2
|-enditem|p2b: Air Fryer|White Herb
|-clearnegativeboost|p2b: Air Fryer|[silent]
|move|p1a: 'Nam Veteran|Hyper Voice|p2b: Air Fryer|[spread] p2a,p2b
|-damage|p2a: Manatee|45/100
|-damage|p2b: Air Fryer|30/100
|move|p2a: Manatee|Scald|p1a: 'Nam Veteran
|-resisted|p1a: 'Nam Veteran|1
|-damage|p1a: 'Nam Veteran|91/100
|
|-heal|p1b: I've seen this b4|76/100|[from] item: Leftovers
|-heal|p2a: Manatee|50/100g|[from] item: Leftovers
|upkeep
|turn|3
|
|t:|1785115448
|switch|p1b: Double Gulp|Sinistcha-Masterpiece, L50|100/100
|-heal|p1a: 'Nam Veteran|100/100|[from] ability: Hospitality|[of] p1b: Double Gulp
|move|p2b: Air Fryer|Light Screen|p2b: Air Fryer
|-sidestart|p2: Jaybird112233|move: Light Screen
|move|p1a: 'Nam Veteran|Hyper Voice|p2a: Manatee|[spread] p2a,p2b
|-damage|p2a: Manatee|13/100
|-damage|p2b: Air Fryer|0 fnt
|faint|p2b: Air Fryer
|move|p2a: Manatee|Trick Room|p2a: Manatee
|-fieldstart|move: Trick Room|[of] p2a: Manatee
|
|-heal|p2a: Manatee|19/100|[from] item: Leftovers
|upkeep
|
|t:|1785115466
|switch|p2b: Chomps|Tyranitar, L50, F, shiny|100/100
|-weather|Sandstorm|[from] ability: Sand Stream|[of] p2b: Chomps
|turn|4
|
|t:|1785115484
|move|p2a: Manatee|Protect|p2a: Manatee
|-singleturn|p2a: Manatee|Protect
|move|p1a: 'Nam Veteran|Earth Power|p2b: Chomps
|-supereffective|p2b: Chomps|1
|-damage|p2b: Chomps|59/100
|move|p2b: Chomps|Knock Off|p1b: Double Gulp
|-supereffective|p1b: Double Gulp|1
|-damage|p1b: Double Gulp|2/100
|-enditem|p1b: Double Gulp|Sitrus Berry|[from] move: Knock Off|[of] p2b: Chomps
|move|p1b: Double Gulp|Matcha Gotcha|p2b: Chomps|[spread] p2b
|-activate|p2a: Manatee|move: Protect
|-supereffective|p2b: Chomps|1
|-damage|p2b: Chomps|40/100
|-heal|p1b: Double Gulp|13/100|[from] drain|[of] p2b: Chomps
|
|-weather|Sandstorm|[upkeep]
|-damage|p2a: Manatee|13/100|[from] Sandstorm
|-damage|p1a: 'Nam Veteran|94/100|[from] Sandstorm
|-damage|p1b: Double Gulp|7/100|[from] Sandstorm
|-heal|p2a: Manatee|19/100|[from] item: Leftovers
|upkeep
|turn|5
|
|t:|1785115521
|switch|p1b: I've seen this b4|Garganacl, L50, F|76/100
|move|p2a: Manatee|Heal Pulse|p2b: Chomps
|-heal|p2b: Chomps|90/100
|move|p1a: 'Nam Veteran|Earth Power|p2b: Chomps
|-supereffective|p2b: Chomps|1
|-damage|p2b: Chomps|44/100
|move|p2b: Chomps|Rock Slide|p1a: 'Nam Veteran|[spread] p1a,p1b
|-damage|p1a: 'Nam Veteran|64/100
|-damage|p1b: I've seen this b4|61/100
|
|-weather|Sandstorm|[upkeep]
|-damage|p2a: Manatee|13/100|[from] Sandstorm
|-damage|p1a: 'Nam Veteran|58/100|[from] Sandstorm
|-heal|p2a: Manatee|19/100|[from] item: Leftovers
|-heal|p1b: I've seen this b4|67/100|[from] item: Leftovers
|upkeep
|turn|6
|
|t:|1785115543
|move|p2a: Manatee|Heal Pulse|p2b: Chomps
|-heal|p2b: Chomps|95/100
|move|p1b: I've seen this b4|Body Press|p2b: Chomps
|-supereffective|p2b: Chomps|2
|-damage|p2b: Chomps|0 fnt
|faint|p2b: Chomps
|move|p1a: 'Nam Veteran|Hyper Voice|p2a: Manatee
|-damage|p2a: Manatee|0 fnt
|faint|p2a: Manatee
|
|-weather|Sandstorm|[upkeep]
|-damage|p1a: 'Nam Veteran|52/100|[from] Sandstorm
|-heal|p1b: I've seen this b4|73/100|[from] item: Leftovers
|upkeep
|
|t:|1785115557
|switch|p2a: Ferrous|Aggron, L50, M|100/100
|turn|7
|
|t:|1785115571
|detailschange|p2a: Ferrous|Aggron-Mega, L50, M
|-mega|p2a: Ferrous|Aggron|Aggronite
|move|p1b: I've seen this b4|Body Press|p2a: Ferrous
|-supereffective|p2a: Ferrous|1
|-damage|p2a: Ferrous|80/100
|move|p1a: 'Nam Veteran|Earth Power|p2a: Ferrous
|-supereffective|p2a: Ferrous|1
|-damage|p2a: Ferrous|13/100
|-unboost|p2a: Ferrous|spd|1
|move|p2a: Ferrous|Body Press|p1b: I've seen this b4
|-supereffective|p1b: I've seen this b4|1
|-damage|p1b: I've seen this b4|27/100
|
|-weather|Sandstorm|[upkeep]
|-damage|p1a: 'Nam Veteran|46/100|[from] Sandstorm
|-heal|p1b: I've seen this b4|32/100|[from] item: Leftovers
|-sideend|p2: Jaybird112233|move: Light Screen
|-fieldend|move: Trick Room
|upkeep
|turn|8
|
|t:|1785115595
|move|p2a: Ferrous|Body Press|p1a: 'Nam Veteran
|-supereffective|p1a: 'Nam Veteran|1
|-damage|p1a: 'Nam Veteran|0 fnt
|faint|p1a: 'Nam Veteran
|move|p1b: I've seen this b4|Body Press|p2a: Ferrous
|-supereffective|p2a: Ferrous|1
|-damage|p2a: Ferrous|0 fnt
|faint|p2a: Ferrous
|
|win|terosath
||Jaybird112233 is ready for game 2.
||terosath is ready for game 2.
|uhtml|next|Next: Game 2 of 3
|l|☆terosath
|player|p1|
|l| geminiduality2
