|j|☆SnrubYesthatlldo
|j|☆LeMaitreCroissant
|html|SnrubYesthatlldoLeMaitreCroissant    
|uhtml|bestof|Game 1 of a best-of-3
|t:|1757932806
|gametype|doubles
|player|p1|SnrubYesthatlldo|170|1201
|player|p2|LeMaitreCroissant|101|1298
|gen|9
|tier|[Gen 9] VGC 2025 Reg H (Bo3)
|rated|
|rule|Species Clause: Limit one of each Pokémon
|rule|Item Clause: Limit 1 of each item
|clearpoke
|poke|p1|Kilowattrel, L50, M|
|poke|p1|Farigiraf, L50, M|
|poke|p1|Whimsicott, L50, F|
|poke|p1|Ninetales-Alola, L50, M|
|poke|p1|Ursaluna-Bloodmoon, L50, M|
|poke|p1|Skeledirge, L50, F|
|poke|p2|Basculegion, L50, M|
|poke|p2|Amoonguss, L50, M|
|poke|p2|Gholdengo, L50|
|poke|p2|Archaludon, L50, M|
|poke|p2|Incineroar, L50, M|
|poke|p2|Pelipper, L50, M|
|teampreview|4
|showteam|p1|Kilowattrel||ChoiceSpecs|WindPower|Thunderbolt,AirSlash,Discharge,VoltSwitch|||M|||50|,,,,,Electric]Farigiraf||SitrusBerry|ArmorTail|Psychic,TeraBlast,HelpingHand,TrickRoom|||M|||50|,,,,,Ground]Whimsicott||CovertCloak|Prankster|Moonblast,Encore,FakeTears,Tailwind|||F|||50|,,,,,Ground]Ninetales-Alola||FocusSash|SnowWarning|Protect,Blizzard,FreezeDry,AuroraVeil|||M|||50|,,,,,Ghost]Ursaluna-Bloodmoon||AssaultVest|MindsEye|HyperVoice,EarthPower,BloodMoon,VacuumWave|||M|||50|,,,,,Normal]Skeledirge||Leftovers|Unaware|Protect,TorchSong,WillOWisp,SlackOff|||F|||50|,,,,,Steel
|showteam|p2|Basculegion||ChoiceScarf|Adaptability|WaveCrash,LastRespects,FlipTurn,AquaJet|||M|||50|,,,,,Water]Amoonguss||SitrusBerry|Regenerator|PollenPuff,Spore,RagePowder,Protect|||M|||50|,,,,,Fairy]Gholdengo||LifeOrb|GoodasGold|MakeItRain,ShadowBall,NastyPlot,Protect||||||50|,,,,,Dragon]Archaludon||AssaultVest|Stamina|ElectroShot,DragonPulse,FlashCannon,BodyPress|||M|||50|,,,,,Grass]Incineroar||SafetyGoggles|Intimidate|FlareBlitz,KnockOff,FakeOut,PartingShot|||M|||50|,,,,,Ghost]Pelipper||FocusSash|Drizzle|Hurricane,WeatherBall,Tailwind,Protect|||M|||50|,,,,,Ghost
|inactive|Battle timer is ON: inactive players will automatically lose when time's up. (requested by LeMaitreCroissant)
|
|t:|1757932859
|teamsize|p1|4
|teamsize|p2|4
|start
|switch|p1a: Kilowattrel|Kilowattrel, L50, M|100/100
|switch|p1b: Farigiraf|Farigiraf, L50, M|100/100
|switch|p2a: Basculegion|Basculegion, L50, M|100/100
|switch|p2b: Incineroar|Incineroar, L50, M|100/100
|-ability|p2b: Incineroar|Intimidate|boost
|-unboost|p1a: Kilowattrel|atk|1
|-unboost|p1b: Farigiraf|atk|1
|turn|1
|inactive|SnrubYesthatlldo has 30 seconds left.
|inactive|SnrubYesthatlldo has 20 seconds left.
|inactive|SnrubYesthatlldo has 15 seconds left.
|
|t:|1757932902
|switch|p1a: Whimsicott|Whimsicott, L50, F|100/100
|-terastallize|p2a: Basculegion|Water
|move|p2a: Basculegion|Wave Crash|p1a: Whimsicott
|-resisted|p1a: Whimsicott
|-damage|p1a: Whimsicott|55/100
|-damage|p2a: Basculegion|88/100|[from] Recoil
|move|p2b: Incineroar|Knock Off|p1b: Farigiraf
|-supereffective|p1b: Farigiraf
|-damage|p1b: Farigiraf|26/100
|-enditem|p1b: Farigiraf|Sitrus Berry|[from] move: Knock Off|[of] p2b: Incineroar
|move|p1b: Farigiraf|Tera Blast|p2b: Incineroar
|-damage|p2b: Incineroar|70/100
|
|upkeep
|turn|2
|inactive|SnrubYesthatlldo has 30 seconds left.
|inactive|LeMaitreCroissant has 30 seconds left.
|inactive|SnrubYesthatlldo has 20 seconds left.
|
|t:|1757932940
|switch|p2a: Archaludon|Archaludon, L50, M, shiny|100/100
|-terastallize|p1a: Whimsicott|Ground
|move|p1a: Whimsicott|Tailwind|p1a: Whimsicott
|-sidestart|p1: SnrubYesthatlldo|move: Tailwind
|move|p1b: Farigiraf|Tera Blast|p2b: Incineroar
|-damage|p2b: Incineroar|35/100
|move|p2b: Incineroar|Flare Blitz|p1a: Whimsicott
|-damage|p1a: Whimsicott|6/100
|-damage|p2b: Incineroar|22/100|[from] Recoil
|
|upkeep
|turn|3
|inactive|LeMaitreCroissant has 30 seconds left.
|
|t:|1757932967
|switch|p2a: Basculegion|Basculegion, L50, M, tera:Water|88/100
|move|p1a: Whimsicott|Fake Tears|p2a: Basculegion
|-unboost|p2a: Basculegion|spd|2
|move|p1b: Farigiraf|Tera Blast|p2b: Incineroar
|-damage|p2b: Incineroar|0 fnt
|faint|p2b: Incineroar
|
|upkeep
|
|t:|1757932978
|switch|p2b: Pelipper|Pelipper, L50, M|100/100
|-weather|RainDance|[from] ability: Drizzle|[of] p2b: Pelipper
|turn|4
|
|t:|1757932988
|switch|p1a: Ninetales|Ninetales-Alola, L50, M|100/100
|-weather|Snowscape|[from] ability: Snow Warning|[of] p1a: Ninetales
|switch|p2a: Archaludon|Archaludon, L50, M, shiny|100/100
|move|p1b: Farigiraf|Psychic|p2a: Archaludon
|-resisted|p2a: Archaludon
|-damage|p2a: Archaludon|87/100
|-ability|p2a: Archaludon|Stamina|boost
|-boost|p2a: Archaludon|def|1
|move|p2b: Pelipper|Tailwind|p2b: Pelipper
|-sidestart|p2: LeMaitreCroissant|move: Tailwind
|
|-weather|Snowscape|[upkeep]
|upkeep
|turn|5
|inactive|LeMaitreCroissant has 30 seconds left.
|
|t:|1757933015
|move|p2b: Pelipper|Protect|p2b: Pelipper
|-singleturn|p2b: Pelipper|Protect
|move|p1a: Ninetales|Freeze-Dry|p2b: Pelipper
|-activate|p2b: Pelipper|move: Protect
|move|p2a: Archaludon|Flash Cannon|p1a: Ninetales
|-supereffective|p1a: Ninetales
|-enditem|p1a: Ninetales|Focus Sash
|-damage|p1a: Ninetales|1/100
|move|p1b: Farigiraf|Psychic|p2b: Pelipper
|-activate|p2b: Pelipper|move: Protect
|
|-weather|Snowscape|[upkeep]
|-sideend|p1: SnrubYesthatlldo|move: Tailwind
|upkeep
|turn|6
|
|t:|1757933035
|move|p1a: Ninetales|Protect|p1a: Ninetales
|-singleturn|p1a: Ninetales|Protect
|move|p2b: Pelipper|Weather Ball|p1a: Ninetales
|-activate|p1a: Ninetales|move: Protect
|move|p2a: Archaludon|Body Press|p1b: Farigiraf
|-damage|p1b: Farigiraf|0 fnt
|faint|p1b: Farigiraf
|
|-weather|Snowscape|[upkeep]
|upkeep
|
|t:|1757933051
|switch|p1b: Whimsicott|Whimsicott, L50, F, tera:Ground|6/100
|turn|7
|
|t:|1757933071
|move|p1b: Whimsicott|Tailwind|p1b: Whimsicott
|-sidestart|p1: SnrubYesthatlldo|move: Tailwind
|move|p1a: Ninetales|Blizzard|p2a: Archaludon|[spread] p2a,p2b
|-damage|p2a: Archaludon|63/100
|-damage|p2b: Pelipper|45/100
|-ability|p2a: Archaludon|Stamina|boost
|-boost|p2a: Archaludon|def|1
|move|p2b: Pelipper|Weather Ball|p1a: Ninetales
|-resisted|p1a: Ninetales
|-damage|p1a: Ninetales|0 fnt
|faint|p1a: Ninetales
|move|p2a: Archaludon|Flash Cannon|p1b: Whimsicott
|-damage|p1b: Whimsicott|0 fnt
|faint|p1b: Whimsicott
|
|-weather|Snowscape|[upkeep]
|-sideend|p2: LeMaitreCroissant|move: Tailwind
|upkeep
|
|t:|1757933075
|switch|p1b: Kilowattrel|Kilowattrel, L50, M|100/100
|turn|8
|
|t:|1757933087
|move|p2b: Pelipper|Protect|p2b: Pelipper
|-singleturn|p2b: Pelipper|Protect
|move|p1b: Kilowattrel|Discharge|p2a: Archaludon|[spread] p2a
|-activate|p2b: Pelipper|move: Protect
|-resisted|p2a: Archaludon
|-damage|p2a: Archaludon|47/100
|-ability|p2a: Archaludon|Stamina|boost
|-boost|p2a: Archaludon|def|1
|move|p2a: Archaludon|Dragon Pulse|p1b: Kilowattrel
|-damage|p1b: Kilowattrel|20/100
|
|-weather|none
|upkeep
|turn|9
|
|t:|1757933102
|move|p1b: Kilowattrel|Discharge|p2a: Archaludon|[spread] p2a,p2b
|-resisted|p2a: Archaludon
|-supereffective|p2b: Pelipper
|-damage|p2a: Archaludon|30/100
|-damage|p2b: Pelipper|0 fnt
|-status|p2a: Archaludon|par
|-ability|p2a: Archaludon|Stamina|boost
|-boost|p2a: Archaludon|def|1
|faint|p2b: Pelipper
|move|p2a: Archaludon|Dragon Pulse|p1b: Kilowattrel
|-damage|p1b: Kilowattrel|0 fnt
|faint|p1b: Kilowattrel
|
|win|LeMaitreCroissant
||SnrubYesthatlldo is ready for game 2.
||LeMaitreCroissant is ready for game 2.
|uhtml|next|Next: Game 2 of 3
