|j|☆andrepikamon
|j|☆mavrickbfr
|html|andrepikamonmavrickbfr    
|uhtml|bestof|Game 1 of a best-of-3
|t:|1785625812
|gametype|doubles
|player|p1|andrepikamon|cynthia|1000
|player|p2|mavrickbfr|gentleman-gen4|1000
|gen|9
|tier|[Gen 9 Champions] VGC 2026 Reg M-B (Bo3)
|rated|
|rule|Species Clause: Limit one of each Pokémon
|rule|Item Clause: Limit 1 of each item
|clearpoke
|poke|p1|Annihilape, L50, F|
|poke|p1|Maushold-Four, L50|
|poke|p1|Sinistcha-Masterpiece, L50|
|poke|p1|Ditto, L50|
|poke|p1|Raichu, L50, F|
|poke|p1|Swampert, L50, F|
|poke|p2|Blaziken, L50, M, shiny|
|poke|p2|Floette-Eternal, L50, F|
|poke|p2|Sinistcha, L50|
|poke|p2|Basculegion, L50, M, shiny|
|poke|p2|Garchomp, L50, M, shiny|
|poke|p2|Sneasler, L50, M, shiny|
|teampreview|4
|showteam|p1|Annihilape||Leftovers|Defiant|RageFist,NightShade,DrainPunch,Protect|Adamant||F|||50|]Maushold-Four||ChopleBerry|FriendGuard|PopulationBomb,BeatUp,SuperFang,Protect|Jolly|||||50|]Sinistcha-Masterpiece||FocusSash|Hospitality|MatchaGotcha,RagePowder,LifeDew,Protect|Modest|||||50|]Ditto||ChoiceScarf|Imposter|Transform|Serious|||||50|]Raichu||RaichuniteY|Static|ZapCannon,FocusBlast,HyperBeam,Protect|Timid||F|||50|]Swampert||LifeOrb|Torrent|Earthquake,Liquidation,Protect,IcePunch|Adamant||F|||50|
|showteam|p2|Blaziken||Blazikenite|SpeedBoost|BlazeKick,RockSlide,CloseCombat,Protect|Adamant||M|||50|]Floette-Eternal||Floettite|FlowerVeil|DazzlingGleam,CalmMind,Protect,DrainingKiss|Modest||F|||50|]Sinistcha||SitrusBerry|Hospitality|MatchaGotcha,RagePowder,Protect,LifeDew|Bold|||||50|]Basculegion||ChoiceScarf|Adaptability|LastRespects,WaveCrash,FlipTurn,AquaJet|Adamant||M|||50|]Garchomp||RoseliBerry|RoughSkin|PoisonJab,StompingTantrum,Earthquake,RockSlide|Jolly||M|||50|]Sneasler||FocusSash|PoisonTouch|FakeOut,PoisonJab,CloseCombat,QuickGuard|Jolly||M|||50|
|
|t:|1785625850
|teamsize|p1|4
|teamsize|p2|4
|start
|switch|p1a: Ditto|Ditto, L50|100/100
|switch|p1b: Maushold|Maushold-Four, L50|100/100
|switch|p2a: Blaziken|Blaziken, L50, M, shiny|100/100
|switch|p2b: Sneasler|Sneasler, L50, M, shiny|100/100
|-transform|p1a: Ditto|p2b: Sneasler|[from] ability: Imposter
|turn|1
|
|t:|1785625869
|switch|p1b: Annihilape|Annihilape, L50, F|100/100
|move|p2a: Blaziken|Protect|p2a: Blaziken
|-singleturn|p2a: Blaziken|Protect
|move|p1a: Ditto|Fake Out|p2b: Sneasler
|-damage|p2b: Sneasler|73/100
|cant|p2b: Sneasler|flinch
|
|-ability|p2a: Blaziken|Speed Boost|boost
|-boost|p2a: Blaziken|spe|1
|upkeep
|turn|2
|
|t:|1785625899
|switch|p1a: Raichu|Raichu, L50, F|100/100
|move|p2a: Blaziken|Rock Slide|p1a: Raichu|[spread] p1a,p1b
|-resisted|p1b: Annihilape|1
|-damage|p1a: Raichu|59/100
|-damage|p1b: Annihilape|91/100
|move|p2b: Sneasler|Close Combat|p1a: Raichu
|-damage|p1a: Raichu|0 fnt
|-unboost|p2b: Sneasler|def|1
|-unboost|p2b: Sneasler|spd|1
|faint|p1a: Raichu
|move|p1b: Annihilape|Night Shade|p2b: Sneasler
|-damage|p2b: Sneasler|42/100
|
|-heal|p1b: Annihilape|97/100|[from] item: Leftovers
|-ability|p2a: Blaziken|Speed Boost|boost
|-boost|p2a: Blaziken|spe|1
|upkeep
|
|t:|1785625911
|switch|p1a: Maushold|Maushold-Four, L50|100/100
|turn|3
|
|t:|1785625929
|move|p2a: Blaziken|Blaze Kick|p1a: Maushold
|-damage|p1a: Maushold|41/100
|move|p2b: Sneasler|Close Combat|p1a: Maushold
|-supereffective|p1a: Maushold|1
|-enditem|p1a: Maushold|Chople Berry|[eat]
|-enditem|p1a: Maushold|Chople Berry|[weaken]
|-damage|p1a: Maushold|0 fnt
|-unboost|p2b: Sneasler|def|1
|-unboost|p2b: Sneasler|spd|1
|faint|p1a: Maushold
|move|p1b: Annihilape|Rage Fist|p2a: Blaziken
|-damage|p2a: Blaziken|27/100
|
|-heal|p1b: Annihilape|100/100|[from] item: Leftovers
|-ability|p2a: Blaziken|Speed Boost|boost
|-boost|p2a: Blaziken|spe|1
|upkeep
|
|t:|1785625937
|switch|p1a: Ditto|Ditto, L50|100/100
|-transform|p1a: Ditto|p2b: Sneasler|[from] ability: Imposter
|turn|4
|
|t:|1785625960
|move|p2a: Blaziken|Protect|p2a: Blaziken
|-singleturn|p2a: Blaziken|Protect
|move|p1a: Ditto|Close Combat|p2a: Blaziken
|-activate|p2a: Blaziken|move: Protect
|move|p2b: Sneasler|Poison Jab|p1b: Annihilape
|-resisted|p1b: Annihilape|1
|-damage|p1b: Annihilape|81/100
|move|p1b: Annihilape|Rage Fist|p2b: Sneasler
|-damage|p2b: Sneasler|0 fnt
|faint|p2b: Sneasler
|
|-heal|p1b: Annihilape|87/100|[from] item: Leftovers
|-ability|p2a: Blaziken|Speed Boost|boost
|-boost|p2a: Blaziken|spe|1
|upkeep
|
|t:|1785625985
|switch|p2b: Basculegion|Basculegion, L50, M, shiny|100/100
|turn|5
|
|t:|1785626001
|move|p1b: Annihilape|Protect|p1b: Annihilape
|-singleturn|p1b: Annihilape|Protect
|move|p2a: Blaziken|Blaze Kick|p1b: Annihilape
|-activate|p1b: Annihilape|move: Protect
|move|p1a: Ditto|Close Combat|p2a: Blaziken
|-damage|p2a: Blaziken|0 fnt
|-unboost|p1a: Ditto|def|1
|-unboost|p1a: Ditto|spd|1
|faint|p2a: Blaziken
|move|p2b: Basculegion|Last Respects|p1b: Annihilape
|-activate|p1b: Annihilape|move: Protect
|
|-heal|p1b: Annihilape|93/100|[from] item: Leftovers
|upkeep
|
|t:|1785626014
|switch|p2a: Floette|Floette-Eternal, L50, F|100/100
|turn|6
|
|t:|1785626022
|detailschange|p2a: Floette|Floette-Mega, L50, F
|-mega|p2a: Floette|Floette|Floettite
|-ability|p2a: Floette|Fairy Aura
|move|p2a: Floette|Protect|p2a: Floette
|-singleturn|p2a: Floette|Protect
|move|p1a: Ditto|Close Combat|p2a: Floette
|-activate|p2a: Floette|move: Protect
|move|p2b: Basculegion|Last Respects|p1b: Annihilape
|-supereffective|p1b: Annihilape|1
|-damage|p1b: Annihilape|0 fnt
|faint|p1b: Annihilape
|
|upkeep
|turn|7
|
|t:|1785626037
|move|p1a: Ditto|Close Combat|p2a: Floette
|-resisted|p2a: Floette|1
|-damage|p2a: Floette|54/100
|-unboost|p1a: Ditto|def|1
|-unboost|p1a: Ditto|spd|1
|move|p2b: Basculegion|Last Respects|p1a: Ditto
|-damage|p1a: Ditto|0 fnt
|faint|p1a: Ditto
|
|win|mavrickbfr
||mavrickbfr is ready for game 2.
|inactive|andrepikamon has 30 seconds to confirm battle start!
|l|☆andrepikamon
|player|p1|
|inactive|andrepikamon has 20 seconds to confirm battle start!
