|j|☆worstiee
|j|☆z3k32011
|html|worstieez3k32011    
|uhtml|bestof|Game 1 of a best-of-3
|t:|1757741612
|gametype|doubles
|player|p1|worstiee|hilda-wonderlauncher|1058
|player|p2|z3k32011|lucas-gen4pt|1052
|gen|9
|tier|[Gen 9] VGC 2025 Reg H (Bo3)
|rated|
|rule|Species Clause: Limit one of each Pokémon
|rule|Item Clause: Limit 1 of each item
|clearpoke
|poke|p1|Indeedee-F, L50, F|
|poke|p1|Conkeldurr, L50, M|
|poke|p1|Decidueye-Hisui, L50, M|
|poke|p1|Tyranitar, L50, M|
|poke|p1|Garchomp, L50, F|
|poke|p1|Hydrapple, L50, F|
|poke|p2|Archaludon, L50, F|
|poke|p2|Pelipper, L50, F|
|poke|p2|Incineroar, L50, F|
|poke|p2|Amoonguss, L50, M|
|poke|p2|Basculegion, L50, M|
|poke|p2|Gholdengo, L50|
|teampreview|4
|showteam|p1|Indeedee-F||RockyHelmet|PsychicSurge|TrickRoom,FollowMe,HealPulse,Psychic|||F|||50|,,,,,Psychic]Conkeldurr||AssaultVest|IronFist|DrainPunch,IcePunch,FirePunch,ThunderPunch|||M|||50|,,,,,Stellar]Decidueye-Hisui||CovertCloak|Scrappy|TripleArrows,LeafBlade,Coaching,Protect|||M|||50|,,,,,Dragon]Tyranitar||ClearAmulet|SandStream|RockSlide,KnockOff,DragonDance,Protect|||M|||50|,,,,,Flying]Garchomp||BrightPowder|SandVeil|Earthquake,DragonCheer,BreakingSwipe,Protect|||F|||50|,,,,,Ground]Hydrapple||ScopeLens|StickyHold|DracoMeteor,LeafStorm,Recover,Protect|||F|||50|,,,,,Fire
|showteam|p2|Archaludon||AssaultVest|Stamina|ElectroShot,BodyPress,DracoMeteor,FlashCannon|||F|||50|,,,,,Bug]Pelipper||FocusSash|Drizzle|WeatherBall,Hurricane,Tailwind,Protect|||F|||50|,,,,,Flying]Incineroar||SafetyGoggles|Intimidate|FlareBlitz,FakeOut,KnockOff,PartingShot|||F|||50|,,,,,Ghost]Amoonguss||SitrusBerry|Regenerator|Spore,RagePowder,GigaDrain,Protect|||M|||50|,,,,,Psychic]Basculegion||ChoiceBand|SwiftSwim|WaveCrash,FlipTurn,LastRespects,AquaJet|||M|||50|,,,,,Water]Gholdengo||LifeOrb|GoodasGold|MakeItRain,ShadowBall,NastyPlot,Protect||||||50|,,,,,Water
|
|t:|1757741652
|teamsize|p1|4
|teamsize|p2|4
|start
|switch|p1a: Indeedee|Indeedee-F, L50, F|100/100
|switch|p1b: Conkeldurr|Conkeldurr, L50, M|100/100
|switch|p2a: Basculegion|Basculegion, L50, M|100/100
|switch|p2b: Pelipper|Pelipper, L50, F|100/100
|-weather|RainDance|[from] ability: Drizzle|[of] p2b: Pelipper
|-fieldstart|move: Psychic Terrain|[from] ability: Psychic Surge|[of] p1a: Indeedee
|turn|1
|
|t:|1757741711
|move|p1a: Indeedee|Follow Me|p1a: Indeedee
|-singleturn|p1a: Indeedee|move: Follow Me
|move|p2a: Basculegion|Aqua Jet|p1a: Indeedee
|-activate|p1a: Indeedee|move: Psychic Terrain
|move|p2b: Pelipper|Hurricane|p1a: Indeedee
|-damage|p1a: Indeedee|54/100
|-start|p1a: Indeedee|confusion
|move|p1b: Conkeldurr|Thunder Punch|p2a: Basculegion
|-supereffective|p2a: Basculegion
|-damage|p2a: Basculegion|15/100
|
|-weather|RainDance|[upkeep]
|upkeep
|turn|2
|
|t:|1757741742
|switch|p2a: Incineroar|Incineroar, L50, F|100/100
|-ability|p2a: Incineroar|Intimidate|boost
|-unboost|p1a: Indeedee|atk|1
|-unboost|p1b: Conkeldurr|atk|1
|move|p2b: Pelipper|Hurricane|p1a: Indeedee
|-damage|p1a: Indeedee|6/100
|move|p1b: Conkeldurr|Thunder Punch|p2a: Incineroar
|-damage|p2a: Incineroar|83/100
|-activate|p1a: Indeedee|confusion
|-damage|p1a: Indeedee|3/100|[from] confusion
|
|-weather|RainDance|[upkeep]
|upkeep
|turn|3
|
|t:|1757741782
|switch|p1a: Tyranitar|Tyranitar, L50, M|100/100
|-weather|Sandstorm|[from] ability: Sand Stream|[of] p1a: Tyranitar
|-terastallize|p2a: Incineroar|Ghost
|move|p2b: Pelipper|Tailwind|p2b: Pelipper
|-sidestart|p2: z3k32011|move: Tailwind
|move|p2a: Incineroar|Knock Off|p1a: Tyranitar
|-resisted|p1a: Tyranitar
|-damage|p1a: Tyranitar|84/100
|-enditem|p1a: Tyranitar|Clear Amulet|[from] move: Knock Off|[of] p2a: Incineroar
|move|p1b: Conkeldurr|Drain Punch|p2a: Incineroar
|-immune|p2a: Incineroar
|
|-weather|Sandstorm|[upkeep]
|-damage|p2b: Pelipper|95/100|[from] Sandstorm
|-damage|p1b: Conkeldurr|95/100|[from] Sandstorm
|upkeep
|turn|4
|inactive|Battle timer is ON: inactive players will automatically lose when time's up. (requested by worstiee)
|
|t:|1757741849
|switch|p2b: Gholdengo|Gholdengo, L50|100/100
|-terastallize|p1a: Tyranitar|Flying
|move|p2a: Incineroar|Parting Shot|p1a: Tyranitar
|-unboost|p1a: Tyranitar|atk|1
|-unboost|p1a: Tyranitar|spa|1
|
|t:|1757741858
|switch|p2a: Pelipper|Pelipper, L50, F|95/100|[from] Parting Shot
|-weather|RainDance|[from] ability: Drizzle|[of] p2a: Pelipper
|move|p1a: Tyranitar|Rock Slide|p2b: Gholdengo|[spread] p2a,p2b
|-supereffective|p2a: Pelipper
|-resisted|p2b: Gholdengo
|-damage|p2a: Pelipper|40/100
|-damage|p2b: Gholdengo|87/100
|move|p1b: Conkeldurr|Thunder Punch|p2b: Gholdengo
|-damage|p2b: Gholdengo|62/100
|
|-weather|RainDance|[upkeep]
|upkeep
|turn|5
|inactive|worstiee has 30 seconds left.
|
|t:|1757741893
|switch|p2a: Incineroar|Incineroar, L50, F, tera:Ghost|83/100
|-ability|p2a: Incineroar|Intimidate|boost
|-unboost|p1a: Tyranitar|atk|1
|-unboost|p1b: Conkeldurr|atk|1
|switch|p1b: Decidueye|Decidueye-Hisui, L50, M|100/100
|move|p1a: Tyranitar|Protect|p1a: Tyranitar
|-singleturn|p1a: Tyranitar|Protect
|move|p2b: Gholdengo|Make It Rain|p1b: Decidueye|[spread] p1b
|-activate|p1a: Tyranitar|move: Protect
|-damage|p1b: Decidueye|33/100
|-unboost|p2b: Gholdengo|spa|1
|-damage|p2b: Gholdengo|53/100|[from] item: Life Orb
|
|-weather|RainDance|[upkeep]
|-fieldend|move: Psychic Terrain
|upkeep
|turn|6
|inactive|z3k32011 has 30 seconds left.
|inactive|z3k32011 has 20 seconds left.
|inactive|z3k32011 has 15 seconds left.
|inactive|z3k32011 has 10 seconds left.
|
|t:|1757741939
|switch|p1a: Conkeldurr|Conkeldurr, L50, M|95/100
|move|p2a: Incineroar|Fake Out|p1b: Decidueye
|-damage|p1b: Decidueye|20/100
|move|p2b: Gholdengo|Make It Rain|p1a: Conkeldurr|[spread] p1a,p1b
|-crit|p1b: Decidueye
|-damage|p1a: Conkeldurr|64/100
|-damage|p1b: Decidueye|0 fnt
|-unboost|p2b: Gholdengo|spa|1
|faint|p1b: Decidueye
|-damage|p2b: Gholdengo|43/100|[from] item: Life Orb
|
|-weather|RainDance|[upkeep]
|-sideend|p2: z3k32011|move: Tailwind
|upkeep
|inactive|worstiee has 30 seconds left.
|
|t:|1757741970
|switch|p1b: Indeedee|Indeedee-F, L50, F|3/100
|-fieldstart|move: Psychic Terrain|[from] ability: Psychic Surge|[of] p1b: Indeedee
|turn|7
|inactive|z3k32011 has 30 seconds left.
|
|t:|1757742002
|switch|p1b: Tyranitar|Tyranitar, L50, M, tera:Flying|84/100
|-weather|Sandstorm|[from] ability: Sand Stream|[of] p1b: Tyranitar
|move|p2b: Gholdengo|Make It Rain|p1a: Conkeldurr|[spread] p1a,p1b
|-damage|p1a: Conkeldurr|42/100
|-damage|p1b: Tyranitar|55/100
|-unboost|p2b: Gholdengo|spa|1
|-damage|p2b: Gholdengo|34/100|[from] item: Life Orb
|move|p2a: Incineroar|Knock Off|p1b: Tyranitar
|-damage|p1b: Tyranitar|32/100
|move|p1a: Conkeldurr|Fire Punch|p2b: Gholdengo
|-supereffective|p2b: Gholdengo
|-damage|p2b: Gholdengo|0 fnt
|faint|p2b: Gholdengo
|
|-weather|Sandstorm|[upkeep]
|-damage|p1b: Tyranitar|26/100|[from] Sandstorm
|-damage|p1a: Conkeldurr|36/100|[from] Sandstorm
|upkeep
|
|t:|1757742018
|switch|p2b: Pelipper|Pelipper, L50, F|40/100
|-weather|RainDance|[from] ability: Drizzle|[of] p2b: Pelipper
|turn|8
|
|t:|1757742038
|move|p2b: Pelipper|Protect|p2b: Pelipper
|-singleturn|p2b: Pelipper|Protect
|move|p1b: Tyranitar|Protect|p1b: Tyranitar
|-singleturn|p1b: Tyranitar|Protect
|move|p2a: Incineroar|Flare Blitz|p1b: Tyranitar
|-activate|p1b: Tyranitar|move: Protect
|move|p1a: Conkeldurr|Thunder Punch|p2b: Pelipper
|-activate|p2b: Pelipper|move: Protect
|
|-weather|RainDance|[upkeep]
|upkeep
|turn|9
|
|t:|1757742061
|switch|p2b: Basculegion|Basculegion, L50, M|15/100
|switch|p1b: Indeedee|Indeedee-F, L50, F|3/100
|move|p2a: Incineroar|Flare Blitz|p1b: Indeedee
|-damage|p1b: Indeedee|0 fnt
|-damage|p2a: Incineroar|66/100|[from] item: Rocky Helmet|[of] p1b: Indeedee
|faint|p1b: Indeedee
|-damage|p2a: Incineroar|66/100|[from] Recoil
|move|p1a: Conkeldurr|Thunder Punch|p2b: Basculegion
|-supereffective|p2b: Basculegion
|-damage|p2b: Basculegion|0 fnt
|faint|p2b: Basculegion
|
|-weather|RainDance|[upkeep]
|upkeep
|
|t:|1757742076
|switch|p2b: Pelipper|Pelipper, L50, F|40/100
|switch|p1b: Tyranitar|Tyranitar, L50, M, tera:Flying|26/100
|-weather|Sandstorm|[from] ability: Sand Stream|[of] p1b: Tyranitar
|turn|10
|inactive|worstiee has 30 seconds left.
|
|t:|1757742104
|move|p2b: Pelipper|Protect|p2b: Pelipper
|-singleturn|p2b: Pelipper|Protect
|move|p2a: Incineroar|Flare Blitz|p1b: Tyranitar
|-damage|p1b: Tyranitar|0 fnt
|faint|p1b: Tyranitar
|-damage|p2a: Incineroar|58/100|[from] Recoil
|move|p1a: Conkeldurr|Fire Punch|p2a: Incineroar
|-damage|p2a: Incineroar|31/100
|
|-weather|Sandstorm|[upkeep]
|-damage|p2b: Pelipper|34/100|[from] Sandstorm
|-damage|p1a: Conkeldurr|30/100|[from] Sandstorm
|upkeep
|turn|11
|
|t:|1757742121
|move|p2b: Pelipper|Hurricane|p1a: Conkeldurr
|-supereffective|p1a: Conkeldurr
|-damage|p1a: Conkeldurr|0 fnt
|faint|p1a: Conkeldurr
|
|win|z3k32011
|l|☆worstiee
|player|p1|
||worstiee is ready for game 2.
||z3k32011 is ready for game 2.
|uhtml|next|Next: Game 2 of 3
