|j|☆pinkeyt569
|j|☆Felipe Antonelli
|html|pinkeyt569Felipe Antonelli    
|uhtml|bestof|Game 1 of a best-of-3
|t:|1756606547
|gametype|doubles
|player|p1|pinkeyt569|266|1118
|player|p2|Felipe Antonelli|101|1167
|gen|9
|tier|[Gen 9] VGC 2025 Reg H (Bo3)
|rated|
|rule|Species Clause: Limit one of each Pokémon
|rule|Item Clause: Limit 1 of each item
|clearpoke
|poke|p1|Smeargle, L50, M|
|poke|p1|Dragonite, L50, F|
|poke|p1|Rillaboom, L50, F|
|poke|p1|Kingambit, L50, F|
|poke|p1|Flamigo, L50, F|
|poke|p1|Farigiraf, L50, F|
|poke|p2|Hydreigon, L50, M|
|poke|p2|Milotic, L50, F|
|poke|p2|Garchomp, L50, F|
|poke|p2|Incineroar, L50, F|
|poke|p2|Gallade, L50, M|
|poke|p2|Electabuzz, L50, M|
|teampreview|4
|showteam|p1|Smeargle||FocusSash|Moody|WideGuard,FollowMe,Spore,Decorate|||M|||50|,,,,,Ghost]Dragonite||LoadedDice|Multiscale|Protect,Tailwind,Haze,ScaleShot|||F|||50|,,,,,Fairy]Rillaboom||AssaultVest|GrassySurge|FakeOut,GrassyGlide,WoodHammer,HighHorsepower|||F|||50|,,,,,Fire]Kingambit||BlackGlasses|Defiant|Protect,SuckerPunch,KowtowCleave,IronHead|||F|||50|,,,,,Ghost]Flamigo||WhiteHerb|Costar|Protect,Acrobatics,CloseCombat,ThroatChop|||F|||50|,,,,,Steel]Farigiraf||SitrusBerry|ArmorTail|HyperVoice,Psychic,Imprison,TrickRoom|||F|||50|,,,,,Fairy
|showteam|p2|Hydreigon||ScopeLens|Levitate|DracoMeteor,FlashCannon,Snarl,Protect|||M|||50|,,,,,Ghost]Milotic||AdrenalineOrb|Competitive|Scald,IcyWind,DragonCheer,Protect|||F|||50|,,,,,Grass]Garchomp||ChoiceBand|RoughSkin|Earthquake,DragonClaw,StompingTantrum,RockSlide|||F|||50|,,,,,Steel]Incineroar||AssaultVest|Intimidate|KnockOff,FlareBlitz,FakeOut,Uturn|||F|||50|,,,,,Bug]Gallade||CovertCloak|Sharpness|SacredSword,PsychoCut,WideGuard,TrickRoom|||M|||50|,,,,,Dragon]Electabuzz||Eviolite|VitalSpirit|FollowMe,ThunderWave,Electroweb,Protect|||M|||50|,,,,,Flying
|
|t:|1756606626
|teamsize|p1|4
|teamsize|p2|4
|start
|switch|p1a: Dragonite|Dragonite, L50, F|100/100
|switch|p1b: Kingambit|Kingambit, L50, F|100/100
|switch|p2a: Garchomp|Garchomp, L50, F|100/100
|switch|p2b: Milotic|Milotic, L50, F|100/100
|turn|1
|
|t:|1756606680
|-terastallize|p2a: Garchomp|Steel
|move|p1b: Kingambit|Protect|p1b: Kingambit
|-singleturn|p1b: Kingambit|Protect
|move|p2a: Garchomp|Rock Slide|p1b: Kingambit|[spread] p1a
|-activate|p1b: Kingambit|move: Protect
|-supereffective|p1a: Dragonite
|-damage|p1a: Dragonite|71/100
|move|p2b: Milotic|Dragon Cheer|p2a: Garchomp
|-start|p2a: Garchomp|move: Dragon Cheer
|move|p1a: Dragonite|Tailwind|p1a: Dragonite
|-sidestart|p1: pinkeyt569|move: Tailwind
|
|upkeep
|turn|2
|
|t:|1756606738
|switch|p1a: Rillaboom|Rillaboom, L50, F|100/100
|-fieldstart|move: Grassy Terrain|[from] ability: Grassy Surge|[of] p1a: Rillaboom
|-terastallize|p1b: Kingambit|Ghost
|move|p2a: Garchomp|Rock Slide|p1b: Kingambit|[spread] p1a,p1b
|-crit|p1b: Kingambit
|-damage|p1a: Rillaboom|71/100
|-damage|p1b: Kingambit|69/100
|move|p1b: Kingambit|Kowtow Cleave|p2a: Garchomp
|-damage|p2a: Garchomp|37/100
|-damage|p1b: Kingambit|57/100|[from] ability: Rough Skin|[of] p2a: Garchomp
|move|p2b: Milotic|Scald|p1b: Kingambit
|-damage|p1b: Kingambit|32/100
|
|-heal|p1a: Rillaboom|77/100|[from] Grassy Terrain
|-heal|p2a: Garchomp|43/100|[from] Grassy Terrain
|-heal|p1b: Kingambit|39/100|[from] Grassy Terrain
|upkeep
|turn|3
|
|t:|1756606789
|switch|p2a: Hydreigon|Hydreigon, L50, M|100/100
|switch|p2b: Electabuzz|Electabuzz, L50, M|100/100
|move|p1a: Rillaboom|Wood Hammer|p2b: Electabuzz
|-damage|p2b: Electabuzz|36/100
|-damage|p1a: Rillaboom|58/100|[from] Recoil
|move|p1b: Kingambit|Kowtow Cleave|p2a: Hydreigon
|-resisted|p2a: Hydreigon
|-damage|p2a: Hydreigon|73/100
|
|-heal|p1a: Rillaboom|64/100|[from] Grassy Terrain
|-heal|p1b: Kingambit|45/100|[from] Grassy Terrain
|-heal|p2b: Electabuzz|42/100|[from] Grassy Terrain
|upkeep
|turn|4
|
|t:|1756606820
|switch|p1a: Dragonite|Dragonite, L50, F|71/100
|move|p2a: Hydreigon|Protect|p2a: Hydreigon
|-singleturn|p2a: Hydreigon|Protect
|move|p2b: Electabuzz|Protect|p2b: Electabuzz
|-singleturn|p2b: Electabuzz|Protect
|move|p1b: Kingambit|Kowtow Cleave|p2b: Electabuzz
|-activate|p2b: Electabuzz|move: Protect
|
|-heal|p1b: Kingambit|51/100|[from] Grassy Terrain
|-heal|p2b: Electabuzz|48/100|[from] Grassy Terrain
|-sideend|p1: pinkeyt569|move: Tailwind
|upkeep
|turn|5
|
|t:|1756606906
|switch|p2b: Milotic|Milotic, L50, F|100/100
|move|p2a: Hydreigon|Draco Meteor|p1a: Dragonite
|-supereffective|p1a: Dragonite
|-damage|p1a: Dragonite|0 fnt
|-unboost|p2a: Hydreigon|spa|2
|faint|p1a: Dragonite
|move|p1b: Kingambit|Kowtow Cleave|p2b: Milotic
|-damage|p2b: Milotic|39/100
|
|-heal|p2b: Milotic|45/100|[from] Grassy Terrain
|-heal|p1b: Kingambit|57/100|[from] Grassy Terrain
|upkeep
|
|t:|1756606933
|switch|p1a: Flamigo|Flamigo, L50, F|100/100
|-copyboost|p1a: Flamigo|p1b: Kingambit|[from] ability: Costar
|turn|6
|
|t:|1756607002
|move|p2a: Hydreigon|Protect|p2a: Hydreigon
|-singleturn|p2a: Hydreigon|Protect
|move|p2b: Milotic|Dragon Cheer|p2a: Hydreigon
|-start|p2a: Hydreigon|move: Dragon Cheer
|move|p1a: Flamigo|Close Combat|p2b: Milotic
|-damage|p2b: Milotic|0 fnt
|-unboost|p1a: Flamigo|def|1
|-unboost|p1a: Flamigo|spd|1
|faint|p2b: Milotic
|-enditem|p1a: Flamigo|White Herb
|-clearnegativeboost|p1a: Flamigo|[silent]
|move|p1b: Kingambit|Kowtow Cleave|p2a: Hydreigon
|-activate|p2a: Hydreigon|move: Protect
|
|-heal|p1b: Kingambit|63/100|[from] Grassy Terrain
|-fieldend|move: Grassy Terrain
|upkeep
|
|t:|1756607019
|switch|p2b: Electabuzz|Electabuzz, L50, M|48/100
|turn|7
|
|t:|1756607051
|move|p1a: Flamigo|Protect|p1a: Flamigo
|-singleturn|p1a: Flamigo|Protect
|move|p2b: Electabuzz|Follow Me|p2b: Electabuzz
|-singleturn|p2b: Electabuzz|move: Follow Me
|move|p2a: Hydreigon|Draco Meteor|p1a: Flamigo
|-activate|p1a: Flamigo|move: Protect
|move|p1b: Kingambit|Kowtow Cleave|p2b: Electabuzz
|-damage|p2b: Electabuzz|0 fnt
|faint|p2b: Electabuzz
|
|upkeep
|
|t:|1756607061
|switch|p2b: Garchomp|Garchomp, L50, F, tera:Steel|43/100
|turn|8
|
|t:|1756607087
|switch|p1a: Rillaboom|Rillaboom, L50, F|64/100
|-fieldstart|move: Grassy Terrain|[from] ability: Grassy Surge|[of] p1a: Rillaboom
|move|p1b: Kingambit|Sucker Punch|p2b: Garchomp
|-damage|p2b: Garchomp|0 fnt
|-damage|p1b: Kingambit|51/100|[from] ability: Rough Skin|[of] p2b: Garchomp
|faint|p2b: Garchomp
|move|p2a: Hydreigon|Draco Meteor|p1b: Kingambit
|-crit|p1b: Kingambit
|-damage|p1b: Kingambit|0 fnt
|-unboost|p2a: Hydreigon|spa|2
|faint|p1b: Kingambit
|
|-heal|p1a: Rillaboom|70/100|[from] Grassy Terrain
|upkeep
|
|t:|1756607096
|switch|p1b: Flamigo|Flamigo, L50, F|100/100
|-copyboost|p1b: Flamigo|p1a: Rillaboom|[from] ability: Costar
|turn|9
|
|t:|1756607104
|move|p2a: Hydreigon|Protect|p2a: Hydreigon
|-singleturn|p2a: Hydreigon|Protect
|move|p1a: Rillaboom|Fake Out|p2a: Hydreigon
|-activate|p2a: Hydreigon|move: Protect
|move|p1b: Flamigo|Close Combat|p2a: Hydreigon
|-activate|p2a: Hydreigon|move: Protect
|
|-heal|p1a: Rillaboom|76/100|[from] Grassy Terrain
|upkeep
|turn|10
|
|t:|1756607115
|move|p2a: Hydreigon|Draco Meteor|p1b: Flamigo
|-crit|p1b: Flamigo
|-damage|p1b: Flamigo|0 fnt
|-unboost|p2a: Hydreigon|spa|2
|faint|p1b: Flamigo
|move|p1a: Rillaboom|Wood Hammer|p2a: Hydreigon
|-resisted|p2a: Hydreigon
|-damage|p2a: Hydreigon|30/100
|-damage|p1a: Rillaboom|62/100|[from] Recoil
|
|-heal|p1a: Rillaboom|68/100|[from] Grassy Terrain
|upkeep
|turn|11
|
|t:|1756607134
|move|p2a: Hydreigon|Protect|p2a: Hydreigon
|-singleturn|p2a: Hydreigon|Protect
|move|p1a: Rillaboom|Grassy Glide|p2a: Hydreigon
|-activate|p2a: Hydreigon|move: Protect
|
|-heal|p1a: Rillaboom|74/100|[from] Grassy Terrain
|upkeep
|turn|12
|
|t:|1756607164
|move|p2a: Hydreigon|Draco Meteor|p1a: Rillaboom
|-crit|p1a: Rillaboom
|-damage|p1a: Rillaboom|3/100
|move|p1a: Rillaboom|Wood Hammer|p2a: Hydreigon
|-resisted|p2a: Hydreigon
|-damage|p2a: Hydreigon|0 fnt
|faint|p2a: Hydreigon
|-damage|p1a: Rillaboom|0 fnt|[from] Recoil
|faint|p1a: Rillaboom
|
|win|pinkeyt569
||Felipe Antonelli is ready for game 2.
||pinkeyt569 is ready for game 2.
|uhtml|next|Next: Game 2 of 3
|l|☆Felipe Antonelli
|player|p2|
