|j|☆marcosdeltasena31
|j|☆nikolasnaiz
|html|marcosdeltasena31nikolasnaiz    
|uhtml|bestof|Game 2 of a best-of-3
|t:|1754604961
|gametype|doubles
|player|p1|marcosdeltasena31|hilbert|1315
|player|p2|nikolasnaiz|larry|1183
|gen|9
|tier|[Gen 9] VGC 2025 Reg H (Bo3)
|rated|
|rule|Species Clause: Limit one of each Pokémon
|rule|Item Clause: Limit 1 of each item
|clearpoke
|poke|p1|Dragonite, L50, F|
|poke|p1|Sneasler, L50, F|
|poke|p1|Volcarona, L50, F|
|poke|p1|Rillaboom, L50, M|
|poke|p1|Kingambit, L50, F|
|poke|p1|Electabuzz, L50, F|
|poke|p2|Rillaboom, L50, M|
|poke|p2|Electabuzz, L50, F|
|poke|p2|Dragonite, L50, F|
|poke|p2|Annihilape, L50, F|
|poke|p2|Incineroar, L50, F|
|poke|p2|Gholdengo, L50|
|teampreview|4
|showteam|p1|Dragonite||LoadedDice|Multiscale|ScaleShot,ExtremeSpeed,Haze,Protect|||F|||50|,,,,,Fairy]Sneasler||FocusSash|PoisonTouch|DireClaw,CloseCombat,FakeOut,Coaching|||F|||50|,,,,,Ghost]Volcarona||CovertCloak|FlameBody|HeatWave,TeraBlast,QuiverDance,Protect|||F|||50|,,,,,Fairy]Rillaboom||AssaultVest|GrassySurge|WoodHammer,FakeOut,GrassyGlide,HighHorsepower|||M|||50|,,,,,Fire]Kingambit||BlackGlasses|Defiant|KowtowCleave,SwordsDance,SuckerPunch,Protect|||F|||50|,,,,,Dark]Electabuzz||Eviolite|VitalSpirit|Electroweb,FollowMe,Taunt,Protect|||F|||50|,,,,,Ghost
|showteam|p2|Rillaboom||AssaultVest|GrassySurge|FakeOut,WoodHammer,HighHorsepower,GrassyGlide|||M|||50|,,,,,Fire]Electabuzz||Eviolite|VitalSpirit|Electroweb,Taunt,Protect,FollowMe|||F|||50|,,,,,Dragon]Dragonite||LoadedDice|Multiscale|Protect,ScaleShot,Haze,ExtremeSpeed|||F|||50|,,,,,Fairy]Annihilape||FocusSash|Defiant|Taunt,CloseCombat,RageFist,Coaching|||F|||50|,,,,,Stellar]Incineroar||MirrorHerb|Intimidate|FakeOut,PartingShot,FlareBlitz,KnockOff|||F|||50|,,,,,Ghost]Gholdengo||SitrusBerry|GoodasGold|MakeItRain,ShadowBall,Protect,NastyPlot||||||50|,,,,,Water
|inactive|Battle timer is ON: inactive players will automatically lose when time's up. (requested by nikolasnaiz)
|
|t:|1754604974
|teamsize|p1|4
|teamsize|p2|4
|start
|switch|p1a: Volcarona|Volcarona, L50, F|100/100
|switch|p1b: Electabuzz|Electabuzz, L50, F|100/100
|switch|p2a: Incineroar|Incineroar, L50, F|100/100
|switch|p2b: Annihilape|Annihilape, L50, F|100/100
|-ability|p2a: Incineroar|Intimidate|boost
|-unboost|p1a: Volcarona|atk|1
|-unboost|p1b: Electabuzz|atk|1
|turn|1
|inactive|marcosdeltasena31 has 30 seconds left.
|inactive|nikolasnaiz has 30 seconds left.
|inactive|nikolasnaiz has 20 seconds left.
|inactive|nikolasnaiz has 15 seconds left.
|
|t:|1754605014
|-terastallize|p1a: Volcarona|Fairy
|move|p2a: Incineroar|Fake Out|p1b: Electabuzz
|-damage|p1b: Electabuzz|91/100
|cant|p1b: Electabuzz|flinch
|move|p2b: Annihilape|Coaching|p2a: Incineroar
|-boost|p2a: Incineroar|atk|1
|-boost|p2a: Incineroar|def|1
|move|p1a: Volcarona|Tera Blast|p2b: Annihilape|[anim] Tera Blast Fairy
|-supereffective|p2b: Annihilape
|-damage|p2b: Annihilape|12/100
|
|upkeep
|turn|2
|inactive|nikolasnaiz has 30 seconds left.
|
|t:|1754605041
|move|p1b: Electabuzz|Follow Me|p1b: Electabuzz
|-singleturn|p1b: Electabuzz|move: Follow Me
|move|p2b: Annihilape|Coaching|p2a: Incineroar
|-boost|p2a: Incineroar|atk|1
|-boost|p2a: Incineroar|def|1
|move|p1a: Volcarona|Quiver Dance|p1a: Volcarona
|-boost|p1a: Volcarona|spa|1
|-boost|p1a: Volcarona|spd|1
|-boost|p1a: Volcarona|spe|1
|-enditem|p2a: Incineroar|Mirror Herb
|-boost|p2a: Incineroar|spa|1|[from] item: Mirror Herb
|-boost|p2a: Incineroar|spd|1|[from] item: Mirror Herb
|-boost|p2a: Incineroar|spe|1|[from] item: Mirror Herb
|move|p2a: Incineroar|Knock Off|p1b: Electabuzz
|-damage|p1b: Electabuzz|28/100
|-enditem|p1b: Electabuzz|Eviolite|[from] move: Knock Off|[of] p2a: Incineroar
|
|upkeep
|turn|3
|
|t:|1754605058
|move|p1b: Electabuzz|Follow Me|p1b: Electabuzz
|-singleturn|p1b: Electabuzz|move: Follow Me
|move|p1a: Volcarona|Heat Wave|p2a: Incineroar|[spread] p2a,p2b
|-resisted|p2a: Incineroar
|-damage|p2a: Incineroar|84/100
|-damage|p2b: Annihilape|0 fnt
|faint|p2b: Annihilape
|move|p2a: Incineroar|Flare Blitz|p1b: Electabuzz
|-damage|p1b: Electabuzz|0 fnt
|faint|p1b: Electabuzz
|-damage|p2a: Incineroar|76/100|[from] Recoil
|
|upkeep
|
|t:|1754605071
|switch|p2b: Gholdengo|Gholdengo, L50|100/100
|switch|p1b: Kingambit|Kingambit, L50, F|100/100
|turn|4
|
|t:|1754605083
|-terastallize|p2b: Gholdengo|Water
|move|p1a: Volcarona|Protect|p1a: Volcarona
|-singleturn|p1a: Volcarona|Protect
|move|p1b: Kingambit|Protect|p1b: Kingambit
|-singleturn|p1b: Kingambit|Protect
|move|p2b: Gholdengo|Nasty Plot|p2b: Gholdengo
|-boost|p2b: Gholdengo|spa|2
|move|p2a: Incineroar|Flare Blitz|p1a: Volcarona
|-activate|p1a: Volcarona|move: Protect
|
|upkeep
|turn|5
|
|t:|1754605100
|move|p1b: Kingambit|Sucker Punch|p2b: Gholdengo
|-damage|p2b: Gholdengo|54/100
|move|p1a: Volcarona|Tera Blast|p2b: Gholdengo|[anim] Tera Blast Fairy
|-damage|p2b: Gholdengo|0 fnt
|faint|p2b: Gholdengo
|move|p2a: Incineroar|Flare Blitz|p1b: Kingambit
|-supereffective|p1b: Kingambit
|-damage|p1b: Kingambit|0 fnt
|faint|p1b: Kingambit
|-damage|p2a: Incineroar|42/100|[from] Recoil
|
|upkeep
|
|t:|1754605112
|switch|p2b: Dragonite|Dragonite, L50, F|100/100
|switch|p1b: Sneasler|Sneasler, L50, F|100/100
|turn|6
|
|t:|1754605129
|move|p1a: Volcarona|Tera Blast|p2a: Incineroar|[anim] Tera Blast Fairy
|-damage|p2a: Incineroar|9/100
|move|p1b: Sneasler|Close Combat|p2a: Incineroar
|-supereffective|p2a: Incineroar
|-damage|p2a: Incineroar|0 fnt
|-unboost|p1b: Sneasler|def|1
|-unboost|p1b: Sneasler|spd|1
|faint|p2a: Incineroar
|move|p2b: Dragonite|Scale Shot|p1b: Sneasler|[miss]
|-miss|p2b: Dragonite|p1b: Sneasler
|
|upkeep
|turn|7
|-message|nikolasnaiz forfeited.
|raw|marcosdeltasena31's rating: 1315 → 1328(+13 for winning)
|raw|nikolasnaiz's rating: 1183 → 1167(-16 for losing)
|
|win|marcosdeltasena31
|l|☆nikolasnaiz
|player|p2|
