|j|☆noexperiencesorry
|j|☆ExessVGC
|html|noexperiencesorryExessVGC    
|uhtml|bestof|Game 1 of a best-of-3
|t:|1757717734
|gametype|doubles
|player|p1|noexperiencesorry|265|
|player|p2|ExessVGC|102|
|gen|9
|tier|[Gen 9] VGC 2025 Reg H (Bo3)
|rule|Species Clause: Limit one of each Pokémon
|rule|Item Clause: Limit 1 of each item
|clearpoke
|poke|p1|Cryogonal, L50|
|poke|p1|Kingambit, L50, M|
|poke|p1|Typhlosion-Hisui, L50, M|
|poke|p1|Garchomp, L50, F|
|poke|p1|Torkoal, L50, M|
|poke|p1|Jumpluff, L50, F|
|poke|p2|Archaludon, L50, F|
|poke|p2|Pelipper, L50, F|
|poke|p2|Amoonguss, L50, F|
|poke|p2|Weavile, L50, M|
|poke|p2|Incineroar, L50, F|
|poke|p2|Poliwrath, L50, M|
|teampreview|4
|showteam|p1|Cryogonal||FocusSash|Levitate|FreezeDry,IcyWind,Haze,Protect||||||50|,,,,,Ghost]Kingambit||AssaultVest|Defiant|Assurance,IronHead,LowKick,SuckerPunch|||M|||50|,,,,,Flying]Typhlosion-Hisui||ChoiceSpecs|Blaze|Eruption,ShadowBall,HeatWave,SleepTalk|||M|||50|,,,,,Fire]Garchomp||LifeOrb|RoughSkin|DragonClaw,Earthquake,StompingTantrum,Protect|||F|||50|,,,,,Steel]Torkoal||EjectPack|Drought|Overheat,WeatherBall,HelpingHand,Protect|||M|||50|,,,,,Grass]Jumpluff||CovertCloak|Chlorophyll|LeafStorm,Encore,SleepPowder,Tailwind|||F|||50|,,,,,Water
|showteam|p2|Archaludon||AssaultVest|Stamina|BodyPress,FlashCannon,ElectroShot,DracoMeteor|||F|||50|,,,,,Dragon]Pelipper||SafetyGoggles|Drizzle|WeatherBall,Hurricane,WideGuard,Tailwind|||F|||50|,,,,,Ground]Amoonguss||RockyHelmet|Regenerator|SludgeBomb,Spore,RagePowder,Protect|||F|||50|,,,,,Water]Weavile||FocusSash|Pickpocket|IceSpinner,Protect,ThroatChop,Taunt|||M|||50|,,,,,Ghost]Incineroar||SitrusBerry|Intimidate|FakeOut,KnockOff,PartingShot,FlareBlitz|||F|||50|,,,,,Ghost]Poliwrath||ChoiceBand|SwiftSwim|CloseCombat,Coaching,PoisonJab,Waterfall|||M|||50|,,,,,Grass
|l|☆ExessVGC
|player|p2|
|j|☆ExessVGC
|player|p2|ExessVGC|102|
|
|t:|1757717988
|teamsize|p1|4
|teamsize|p2|4
|start
|switch|p1a: Cryogonal|Cryogonal, L50, shiny|100/100
|switch|p1b: Typhlosion|Typhlosion-Hisui, L50, M|100/100
|switch|p2a: Cordyceps|Amoonguss, L50, F, shiny|100/100
|switch|p2b: WWE|Poliwrath, L50, M|100/100
|turn|1
|
|t:|1757718022
|switch|p1b: Jumpluff|Jumpluff, L50, F|100/100
|-terastallize|p2a: Cordyceps|Water
|move|p1a: Cryogonal|Freeze-Dry|p2b: WWE
|-supereffective|p2b: WWE
|-damage|p2b: WWE|34/100
|move|p2b: WWE|Waterfall|p1b: Jumpluff
|-resisted|p1b: Jumpluff
|-damage|p1b: Jumpluff|71/100
|move|p2a: Cordyceps|Spore|p1a: Cryogonal
|-status|p1a: Cryogonal|slp|[from] move: Spore
|
|upkeep
|turn|2
|
|t:|1757718048
|switch|p2b: Peeko|Pelipper, L50, F, shiny|100/100
|-weather|RainDance|[from] ability: Drizzle|[of] p2b: Peeko
|move|p1b: Jumpluff|Leaf Storm|p2b: Peeko
|-damage|p2b: Peeko|64/100
|-unboost|p1b: Jumpluff|spa|2
|cant|p1a: Cryogonal|slp
|move|p2a: Cordyceps|Sludge Bomb|p1b: Jumpluff
|-supereffective|p1b: Jumpluff
|-damage|p1b: Jumpluff|4/100
|
|-weather|RainDance|[upkeep]
|upkeep
|turn|3
|
|t:|1757718069
|move|p1b: Jumpluff|Tailwind|p1b: Jumpluff
|-sidestart|p1: noexperiencesorry|move: Tailwind
|cant|p1a: Cryogonal|slp
|move|p2b: Peeko|Tailwind|p2b: Peeko
|-sidestart|p2: ExessVGC|move: Tailwind
|move|p2a: Cordyceps|Sludge Bomb|p1a: Cryogonal
|-damage|p1a: Cryogonal|77/100 slp
|
|-weather|RainDance|[upkeep]
|upkeep
|turn|4
|
|t:|1757718087
|move|p2a: Cordyceps|Protect|p2a: Cordyceps
|-singleturn|p2a: Cordyceps|Protect
|move|p1b: Jumpluff|Encore|p2a: Cordyceps
|-activate|p2a: Cordyceps|move: Protect
|cant|p1a: Cryogonal|slp
|move|p2b: Peeko|Hurricane|p1b: Jumpluff
|-supereffective|p1b: Jumpluff
|-damage|p1b: Jumpluff|0 fnt
|faint|p1b: Jumpluff
|
|-weather|RainDance|[upkeep]
|upkeep
|
|t:|1757718098
|switch|p1b: Torkoal|Torkoal, L50, M|100/100
|-weather|SunnyDay|[from] ability: Drought|[of] p1b: Torkoal
|turn|5
|
|t:|1757718117
|switch|p2b: IL DUCE|Archaludon, L50, F, shiny|100/100
|-terastallize|p1b: Torkoal|Grass
|-curestatus|p1a: Cryogonal|slp|[msg]
|move|p1a: Cryogonal|Freeze-Dry|p2b: IL DUCE
|-damage|p2b: IL DUCE|79/100
|-ability|p2b: IL DUCE|Stamina|boost
|-boost|p2b: IL DUCE|def|1
|move|p2a: Cordyceps|Spore|p1b: Torkoal
|-immune|p1b: Torkoal
|move|p1b: Torkoal|Overheat|p2b: IL DUCE
|-crit|p2b: IL DUCE
|-damage|p2b: IL DUCE|14/100
|-unboost|p1b: Torkoal|spa|2
|-ability|p2b: IL DUCE|Stamina|boost
|-boost|p2b: IL DUCE|def|1
|-enditem|p1b: Torkoal|Eject Pack
|
|t:|1757718133
|switch|p1b: Typhlosion|Typhlosion-Hisui, L50, M|100/100
|
|-weather|SunnyDay|[upkeep]
|upkeep
|turn|6
|
|t:|1757718173
|move|p2a: Cordyceps|Protect|p2a: Cordyceps
|-singleturn|p2a: Cordyceps|Protect
|move|p1a: Cryogonal|Freeze-Dry|p2a: Cordyceps
|-activate|p2a: Cordyceps|move: Protect
|move|p1b: Typhlosion|Eruption|p2b: IL DUCE|[spread] p2b
|-activate|p2a: Cordyceps|move: Protect
|-damage|p2b: IL DUCE|0 fnt
|faint|p2b: IL DUCE
|
|-weather|SunnyDay|[upkeep]
|-sideend|p2: ExessVGC|move: Tailwind
|-sideend|p1: noexperiencesorry|move: Tailwind
|upkeep
|
|t:|1757718184
|switch|p2b: WWE|Poliwrath, L50, M|34/100
|turn|7
|
|t:|1757718210
|switch|p1b: Torkoal|Torkoal, L50, M, tera:Grass|100/100
|switch|p2a: Peeko|Pelipper, L50, F, shiny|64/100
|-weather|RainDance|[from] ability: Drizzle|[of] p2a: Peeko
|move|p2b: WWE|Close Combat|p1a: Cryogonal
|-supereffective|p1a: Cryogonal
|-damage|p1a: Cryogonal|0 fnt
|-unboost|p2b: WWE|def|1
|-unboost|p2b: WWE|spd|1
|faint|p1a: Cryogonal
|
|-weather|RainDance|[upkeep]
|upkeep
|
|t:|1757718221
|switch|p1a: Typhlosion|Typhlosion-Hisui, L50, M|100/100
|turn|8
|
|t:|1757718261
|switch|p2b: Cordyceps|Amoonguss, L50, F, shiny, tera:Water|100/100
|move|p1a: Typhlosion|Shadow Ball|p2a: Peeko
|-damage|p2a: Peeko|0 fnt
|faint|p2a: Peeko
|move|p1b: Torkoal|Weather Ball|p2b: Cordyceps
|-resisted|p2b: Cordyceps
|-damage|p2b: Cordyceps|84/100
|
|-weather|RainDance|[upkeep]
|upkeep
|
|t:|1757718269
|switch|p2a: WWE|Poliwrath, L50, M|34/100
|turn|9
|
|t:|1757718279
|move|p2a: WWE|Waterfall|p1a: Typhlosion
|-supereffective|p1a: Typhlosion
|-damage|p1a: Typhlosion|0 fnt
|faint|p1a: Typhlosion
|move|p2b: Cordyceps|Sludge Bomb|p1b: Torkoal
|-supereffective|p1b: Torkoal
|-damage|p1b: Torkoal|32/100
|move|p1b: Torkoal|Weather Ball|p2a: WWE
|-resisted|p2a: WWE
|-damage|p2a: WWE|12/100
|
|-weather|RainDance|[upkeep]
|upkeep
|turn|10
|
|t:|1757718294
|move|p1b: Torkoal|Helping Hand|p1: Typhlosion|[notarget]
|-fail|p1b: Torkoal
|move|p2b: Cordyceps|Rage Powder|p2b: Cordyceps
|-singleturn|p2b: Cordyceps|move: Rage Powder
|move|p2a: WWE|Waterfall|p1b: Torkoal
|-resisted|p1b: Torkoal
|-damage|p1b: Torkoal|4/100
|
|-weather|RainDance|[upkeep]
|upkeep
|turn|11
|
|t:|1757718311
|move|p1b: Torkoal|Helping Hand|p1: Typhlosion|[notarget]
|-fail|p1b: Torkoal
|move|p2a: WWE|Waterfall|p2b: Cordyceps
|-resisted|p2b: Cordyceps
|-damage|p2b: Cordyceps|53/100
|-damage|p2a: WWE|0 fnt|[from] item: Rocky Helmet|[of] p2b: Cordyceps
|faint|p2a: WWE
|move|p2b: Cordyceps|Sludge Bomb|p1b: Torkoal
|-supereffective|p1b: Torkoal
|-damage|p1b: Torkoal|0 fnt
|faint|p1b: Torkoal
|
|win|ExessVGC
||noexperiencesorry is ready for game 2.
|inactive|ExessVGC has 30 seconds to confirm battle start!
||ExessVGC is ready for game 2.
|uhtml|next|Next: Game 2 of 3
|l|☆ExessVGC
|player|p2|
