|j|☆HunterOnShowdown
|j|☆TheMochiMan
|html|HunterOnShowdownTheMochiMan    
|uhtml|bestof|Game 2 of a best-of-3
|t:|1785866931
|gametype|doubles
|player|p1|HunterOnShowdown|hilbert|1320
|player|p2|TheMochiMan|doctor|1284
|gen|9
|tier|[Gen 9 Champions] VGC 2026 Reg M-B (Bo3)
|rated|
|rule|Species Clause: Limit one of each Pokémon
|rule|Item Clause: Limit 1 of each item
|clearpoke
|poke|p1|Emboar, L50, M|
|poke|p1|Meowscarada, L50, M|
|poke|p1|Ninetales-Alola, L50, F|
|poke|p1|Sneasler, L50, F, shiny|
|poke|p1|Aerodactyl, L50, M|
|poke|p1|Garchomp, L50, M|
|poke|p2|Toxapex, L50, M, shiny|
|poke|p2|Charizard, L50, M|
|poke|p2|Garchomp, L50, F|
|poke|p2|Annihilape, L50, M, shiny|
|poke|p2|Venusaur, L50, F|
|poke|p2|Incineroar, L50, M|
|teampreview|4
|showteam|p1|Emboar||Emboarite|Reckless|FlareBlitz,DrainPunch,SuckerPunch,Protect|Adamant||M|||50|]Meowscarada||ChoiceScarf|Protean|Uturn,FlowerTrick,ThroatChop,TripleAxel|Adamant||M|||50|]Ninetales-Alola||NeverMeltIce|SnowWarning|Blizzard,FreezeDry,Protect,Encore|Timid||F|||50|]Sneasler||WhiteHerb|Unburden|Coaching,CloseCombat,GunkShot,FakeOut|Jolly||F|||50|]Aerodactyl||Aerodactylite|Unnerve|RockSlide,DualWingbeat,Tailwind,Protect|Jolly||M|||50|]Garchomp||SitrusBerry|RoughSkin|DragonClaw,StompingTantrum,RockSlide,Protect|Adamant||M|||50|
|showteam|p2|Toxapex||Leftovers|Regenerator|Toxic,Infestation,BanefulBunker,WideGuard|Bold||M|||50|]Charizard||CharizarditeY|Blaze|Protect,HeatWave,HelpingHand,WeatherBall|Modest||M|||50|]Garchomp||ChoiceScarf|RoughSkin|StompingTantrum,Earthquake,DragonClaw,RockSlide|Adamant||F|||50|]Annihilape||FocusSash|Defiant|Protect,CloseCombat,PhantomForce,RageFist|Jolly||M|||50|]Venusaur||LifeOrb|Chlorophyll|Protect,EarthPower,SludgeBomb,SolarBeam|Modest||F|||50|]Incineroar||SitrusBerry|Intimidate|FakeOut,PartingShot,ThroatChop,FlareBlitz|Impish||M|||50|
|inactive|Battle timer is ON: inactive players will automatically lose when time's up. (requested by HunterOnShowdown)
|inactive|HunterOnShowdown has 60 seconds left.
|inactive|TheMochiMan has 60 seconds left.
|
|t:|1785866974
|teamsize|p1|4
|teamsize|p2|4
|start
|switch|p1a: Ptietro|Aerodactyl, L50, M|100/100
|switch|p1b: Misaki|Sneasler, L50, F, shiny|100/100
|switch|p2a: Charizard|Charizard, L50, M|100/100
|switch|p2b: Venusaur|Venusaur, L50, F|100/100
|-ability|p1a: Ptietro|Unnerve
|turn|1
|inactive|TheMochiMan has 30 seconds left.
|
|t:|1785867005
|switch|p2a: Toxapex|Toxapex, L50, M, shiny|100/100
|switch|p2b: Incineroar|Incineroar, L50, M|100/100
|-ability|p2b: Incineroar|Intimidate|boost
|-unboost|p1a: Ptietro|atk|1
|-unboost|p1b: Misaki|atk|1
|-enditem|p1b: Misaki|White Herb
|-clearnegativeboost|p1b: Misaki|[silent]
|move|p1b: Misaki|Fake Out|p2b: Incineroar
|-damage|p2b: Incineroar|90/100
|move|p1a: Ptietro|Tailwind|p1a: Ptietro
|-sidestart|p1: HunterOnShowdown|move: Tailwind
|
|upkeep
|turn|2
|
|t:|1785867026
|switch|p1a: Tyrannis|Garchomp, L50, M|100/100
|switch|p2b: Charizard|Charizard, L50, M|100/100
|move|p2a: Toxapex|Wide Guard|p2a: Toxapex
|-singleturn|p2a: Toxapex|Wide Guard
|move|p1b: Misaki|Coaching|p1a: Tyrannis
|-boost|p1a: Tyrannis|atk|1
|-boost|p1a: Tyrannis|def|1
|
|upkeep
|turn|3
|inactive|HunterOnShowdown has 30 seconds left.
|
|t:|1785867054
|detailschange|p2b: Charizard|Charizard-Mega-Y, L50, M
|-mega|p2b: Charizard|Charizard|Charizardite Y
|-weather|SunnyDay|[from] ability: Drought|[of] p2b: Charizard
|move|p2a: Toxapex|Wide Guard|p2a: Toxapex
|-singleturn|p2a: Toxapex|Wide Guard
|move|p1b: Misaki|Coaching|p1a: Tyrannis
|-boost|p1a: Tyrannis|atk|1
|-boost|p1a: Tyrannis|def|1
|move|p1a: Tyrannis|Dragon Claw|p2b: Charizard
|-damage|p2b: Charizard|22/100
|move|p2b: Charizard|Weather Ball|p1b: Misaki
|-damage|p1b: Misaki|0 fnt
|faint|p1b: Misaki
|
|-weather|SunnyDay|[upkeep]
|upkeep
|
|t:|1785867059
|switch|p1b: Nora|Ninetales-Alola, L50, F|100/100
|-weather|Snowscape|[from] ability: Snow Warning|[of] p1b: Nora
|turn|4
|
|t:|1785867077
|move|p2b: Charizard|Protect|p2b: Charizard
|-singleturn|p2b: Charizard|Protect
|move|p2a: Toxapex|Baneful Bunker|p2a: Toxapex
|-singleturn|p2a: Toxapex|move: Protect
|move|p1b: Nora|Freeze-Dry|p2a: Toxapex
|-activate|p2a: Toxapex|move: Protect
|move|p1a: Tyrannis|Rock Slide|p2a: Toxapex|[spread] 
|-activate|p2a: Toxapex|move: Protect
|-activate|p2b: Charizard|move: Protect
|
|-weather|Snowscape|[upkeep]
|-sideend|p1: HunterOnShowdown|move: Tailwind
|upkeep
|turn|5
|
|t:|1785867088
|switch|p2b: Incineroar|Incineroar, L50, M|90/100
|-ability|p2b: Incineroar|Intimidate|boost
|-unboost|p1a: Tyrannis|atk|1
|-unboost|p1b: Nora|atk|1
|move|p2a: Toxapex|Wide Guard|p2a: Toxapex
|-singleturn|p2a: Toxapex|Wide Guard
|move|p1b: Nora|Blizzard|p2b: Incineroar|[spread] 
|-activate|p2a: Toxapex|move: Wide Guard
|-activate|p2b: Incineroar|move: Wide Guard
|move|p1a: Tyrannis|Stomping Tantrum|p2a: Toxapex
|-supereffective|p2a: Toxapex|1
|-damage|p2a: Toxapex|14/100
|
|-weather|Snowscape|[upkeep]
|-heal|p2a: Toxapex|20/100y|[from] item: Leftovers
|upkeep
|turn|6
|inactive|TheMochiMan has 30 seconds left.
|
|t:|1785867115
|-heal|p2a: Toxapex|53/100|[from] ability: Regenerator|[silent]
|switch|p2a: Charizard|Charizard-Mega-Y, L50, M|22/100
|-weather|SunnyDay|[from] ability: Drought|[of] p2a: Charizard
|move|p2b: Incineroar|Fake Out|p1a: Tyrannis
|-damage|p1a: Tyrannis|95/100
|-damage|p2b: Incineroar|77/100|[from] ability: Rough Skin|[of] p1a: Tyrannis
|move|p1b: Nora|Freeze-Dry|p2a: Charizard
|-damage|p2a: Charizard|0 fnt
|faint|p2a: Charizard
|cant|p1a: Tyrannis|flinch
|
|-weather|SunnyDay|[upkeep]
|upkeep
|
|t:|1785867127
|switch|p2a: Venusaur|Venusaur, L50, F|100/100
|turn|7
|
|t:|1785867144
|move|p2a: Venusaur|Protect|p2a: Venusaur
|-singleturn|p2a: Venusaur|Protect
|move|p1b: Nora|Encore|p2b: Incineroar
|-start|p2b: Incineroar|Encore
|move|p2b: Incineroar|Fake Out||[still]
|-hint|Fake Out only works on your first turn out.
|-fail|p2b: Incineroar
|move|p1a: Tyrannis|Stomping Tantrum|p2b: Incineroar
|-supereffective|p2b: Incineroar|1
|-damage|p2b: Incineroar|0 fnt
|faint|p2b: Incineroar
|
|-weather|SunnyDay|[upkeep]
|upkeep
|
|t:|1785867146
|switch|p2b: Toxapex|Toxapex, L50, M, shiny|53/100
|turn|8
|
|t:|1785867151
|switch|p1b: Ptietro|Aerodactyl, L50, M|100/100
|-ability|p1b: Ptietro|Unnerve
|move|p1a: Tyrannis|Protect|p1a: Tyrannis
|-singleturn|p1a: Tyrannis|Protect
|move|p2a: Venusaur|Solar Beam||[still]
|-prepare|p2a: Venusaur|Solar Beam
|-anim|p2a: Venusaur|Solar Beam|p1a: Tyrannis
|-activate|p1a: Tyrannis|move: Protect
|move|p2b: Toxapex|Infestation|p1b: Ptietro
|-resisted|p1b: Ptietro|1
|-damage|p1b: Ptietro|98/100
|-activate|p1b: Ptietro|move: Infestation|[of] p2b: Toxapex
|
|-weather|SunnyDay|[upkeep]
|-heal|p2b: Toxapex|59/100|[from] item: Leftovers
|-damage|p1b: Ptietro|86/100|[from] move: Infestation|[partiallytrapped]
|upkeep
|turn|9
|
|t:|1785867168
|detailschange|p1b: Ptietro|Aerodactyl-Mega, L50, M
|-mega|p1b: Ptietro|Aerodactyl|Aerodactylite
|move|p2a: Venusaur|Sludge Bomb|p1b: Ptietro
|-resisted|p1b: Ptietro|1
|-damage|p1b: Ptietro|59/100
|-status|p1b: Ptietro|psn
|-damage|p2a: Venusaur|90/100|[from] item: Life Orb
|move|p1b: Ptietro|Dual Wingbeat|p2a: Venusaur
|-supereffective|p2a: Venusaur|1
|-damage|p2a: Venusaur|28/100
|-supereffective|p2a: Venusaur|1
|-damage|p2a: Venusaur|0 fnt
|faint|p2a: Venusaur
|-hitcount|p2: Venusaur|2
|move|p1a: Tyrannis|Dragon Claw|p2b: Toxapex
|-damage|p2b: Toxapex|16/100
|move|p2b: Toxapex|Toxic|p1a: Tyrannis
|-status|p1a: Tyrannis|tox
|
|-weather|SunnyDay|[upkeep]
|-heal|p2b: Toxapex|22/100|[from] item: Leftovers
|-damage|p1b: Ptietro|47/100 psn|[from] psn
|-damage|p1a: Tyrannis|89/100 tox|[from] psn
|-damage|p1b: Ptietro|35/100 psn|[from] move: Infestation|[partiallytrapped]
|upkeep
|turn|10
|-message|TheMochiMan forfeited.
|
|win|HunterOnShowdown
||TheMochiMan is ready for game 3.
|inactive|HunterOnShowdown has 30 seconds to confirm battle start!
||HunterOnShowdown is ready for game 3.
|uhtml|next|Next: Game 3 of 3
