|j|☆rogerthaAlien
|j|☆Sedrav
|html|rogerthaAlienSedrav    
|uhtml|bestof|Game 2 of a best-of-3
|t:|1756956745
|gametype|doubles
|player|p1|rogerthaAlien|blaine|1236
|player|p2|Sedrav|265|1179
|gen|9
|tier|[Gen 9] VGC 2025 Reg H (Bo3)
|rated|
|rule|Species Clause: Limit one of each Pokémon
|rule|Item Clause: Limit 1 of each item
|clearpoke
|poke|p1|Rillaboom, L50, M|
|poke|p1|Kingambit, L50, F|
|poke|p1|Tauros-Paldea-Aqua, L50, M|
|poke|p1|Porygon2, L50|
|poke|p1|Tyranitar, L50, F|
|poke|p1|Ursaluna, L50, F|
|poke|p2|Garchomp, L50, F|
|poke|p2|Talonflame, L50, M|
|poke|p2|Gholdengo, L50|
|poke|p2|Tyranitar, L50, M|
|poke|p2|Amoonguss, L50, F|
|poke|p2|Milotic, L50, F|
|teampreview|4
|showteam|p1|Rillaboom||GrassySeed|GrassySurge|WoodHammer,GrassyGlide,FakeOut,HighHorsepower|||M|||50|,,,,,Grass]Kingambit||LifeOrb|Defiant|SuckerPunch,Protect,TeraBlast,KowtowCleave|||F|||50|,,,,,Flying]Tauros-Paldea-Aqua||ChoiceBand|Intimidate|AquaJet,CloseCombat,WaveCrash,HighHorsepower|||M|||50|,,,,,Fighting]Porygon2||Eviolite|Download|TeraBlast,TrickRoom,Recover,IceBeam||||||50|,,,,,Fighting]Tyranitar||AssaultVest|SandStream|LowKick,TeraBlast,RockSlide,KnockOff|||F|||50|,,,,,Fairy]Ursaluna||FlameOrb|Guts|HeadlongRush,Facade,Protect,Earthquake|||F|||50|,,,,,Ground
|showteam|p2|Garchomp||LifeOrb|RoughSkin|DragonClaw,StompingTantrum,Earthquake,Protect|||F|||50|,,,,,Fairy]Talonflame||CovertCloak|GaleWings|BraveBird,Tailwind,WillOWisp,Taunt|||M|||50|,,,,,Grass]Gholdengo||MetalCoat|GoodasGold|MakeItRain,ShadowBall,NastyPlot,Protect||||||50|,,,,,Flying]Tyranitar||AssaultVest|SandStream|RockSlide,KnockOff,LowKick,TeraBlast|||M|||50|,,,,,Flying]Amoonguss||SitrusBerry|Regenerator|Spore,RagePowder,PollenPuff,Protect|||F|||50|,,,,,Water]Milotic||SafetyGoggles|Competitive|Scald,IcyWind,Haze,Protect|||F|||50|,,,,,Dragon
|inactive|Battle timer is ON: inactive players will automatically lose when time's up. (requested by Sedrav)
|inactive|Sedrav has 60 seconds left.
|
|t:|1756956789
|teamsize|p1|4
|teamsize|p2|4
|start
|switch|p1a: Rillaboom|Rillaboom, L50, M, shiny|100/100
|switch|p1b: Tyranitar|Tyranitar, L50, F, shiny|100/100
|switch|p2a: Gholdengo|Gholdengo, L50|100/100
|switch|p2b: Amoonguss|Amoonguss, L50, F|100/100
|-fieldstart|move: Grassy Terrain|[from] ability: Grassy Surge|[of] p1a: Rillaboom
|-enditem|p1a: Rillaboom|Grassy Seed
|-boost|p1a: Rillaboom|def|1|[from] item: Grassy Seed
|-weather|Sandstorm|[from] ability: Sand Stream|[of] p1b: Tyranitar
|turn|1
|j| roman_legend
|inactive|Sedrav has 30 seconds left.
|
|t:|1756956819
|move|p2a: Gholdengo|Protect|p2a: Gholdengo
|-singleturn|p2a: Gholdengo|Protect
|move|p2b: Amoonguss|Protect|p2b: Amoonguss
|-singleturn|p2b: Amoonguss|Protect
|move|p1a: Rillaboom|Fake Out|p2b: Amoonguss
|-activate|p2b: Amoonguss|move: Protect
|move|p1b: Tyranitar|Knock Off|p2b: Amoonguss
|-activate|p2b: Amoonguss|move: Protect
|
|-weather|Sandstorm|[upkeep]
|-damage|p1a: Rillaboom|95/100|[from] Sandstorm
|-damage|p2b: Amoonguss|95/100|[from] Sandstorm
|-heal|p1a: Rillaboom|100/100|[from] Grassy Terrain
|-heal|p2b: Amoonguss|100/100|[from] Grassy Terrain
|upkeep
|turn|2
|inactive|rogerthaAlien has 30 seconds left.
|
|t:|1756956847
|switch|p1a: Porygon2|Porygon2, L50, shiny|100/100
|-ability|p1a: Porygon2|Download|boost
|-boost|p1a: Porygon2|atk|1
|move|p2b: Amoonguss|Rage Powder|p2b: Amoonguss
|-singleturn|p2b: Amoonguss|move: Rage Powder
|move|p2a: Gholdengo|Nasty Plot|p2a: Gholdengo
|-boost|p2a: Gholdengo|spa|2
|move|p1b: Tyranitar|Rock Slide|p2a: Gholdengo|[spread] p2a,p2b
|-resisted|p2a: Gholdengo
|-damage|p2a: Gholdengo|83/100
|-damage|p2b: Amoonguss|75/100
|
|-weather|Sandstorm|[upkeep]
|-damage|p1a: Porygon2|94/100|[from] Sandstorm
|-damage|p2b: Amoonguss|69/100|[from] Sandstorm
|-heal|p2a: Gholdengo|89/100|[from] Grassy Terrain
|-heal|p1a: Porygon2|100/100|[from] Grassy Terrain
|-heal|p2b: Amoonguss|75/100|[from] Grassy Terrain
|upkeep
|turn|3
|inactive|rogerthaAlien has 30 seconds left.
|
|t:|1756956872
|-terastallize|p1a: Porygon2|Fighting
|move|p2a: Gholdengo|Make It Rain|p1a: Porygon2|[spread] p1a,p1b
|-supereffective|p1b: Tyranitar
|-damage|p1a: Porygon2|41/100
|-damage|p1b: Tyranitar|21/100
|-unboost|p2a: Gholdengo|spa|1
|move|p1b: Tyranitar|Knock Off|p2a: Gholdengo
|-supereffective|p2a: Gholdengo
|-damage|p2a: Gholdengo|0 fnt
|-enditem|p2a: Gholdengo|Metal Coat|[from] move: Knock Off|[of] p1b: Tyranitar
|faint|p2a: Gholdengo
|move|p2b: Amoonguss|Spore|p1a: Porygon2
|-status|p1a: Porygon2|slp|[from] move: Spore
|cant|p1a: Porygon2|slp
|
|-weather|Sandstorm|[upkeep]
|-damage|p1a: Porygon2|35/100 slp|[from] Sandstorm
|-damage|p2b: Amoonguss|69/100|[from] Sandstorm
|-heal|p1b: Tyranitar|27/100|[from] Grassy Terrain
|-heal|p1a: Porygon2|41/100 slp|[from] Grassy Terrain
|-heal|p2b: Amoonguss|75/100|[from] Grassy Terrain
|upkeep
|
|t:|1756956891
|switch|p2a: Milotic|Milotic, L50, F|100/100
|turn|4
|
|t:|1756956912
|switch|p1b: Rillaboom|Rillaboom, L50, M, shiny|100/100
|move|p2a: Milotic|Icy Wind|p1a: Porygon2|[spread] p1a,p1b
|-supereffective|p1b: Rillaboom
|-damage|p1a: Porygon2|36/100 slp
|-damage|p1b: Rillaboom|79/100
|-unboost|p1a: Porygon2|spe|1
|-unboost|p1b: Rillaboom|spe|1
|cant|p1a: Porygon2|slp
|move|p2b: Amoonguss|Pollen Puff|p1a: Porygon2
|-resisted|p1a: Porygon2
|-damage|p1a: Porygon2|31/100 slp
|
|-weather|Sandstorm|[upkeep]
|-damage|p1b: Rillaboom|73/100|[from] Sandstorm
|-damage|p1a: Porygon2|25/100 slp|[from] Sandstorm
|-damage|p2b: Amoonguss|69/100|[from] Sandstorm
|-heal|p1b: Rillaboom|79/100|[from] Grassy Terrain
|-heal|p1a: Porygon2|31/100 slp|[from] Grassy Terrain
|-heal|p2b: Amoonguss|75/100|[from] Grassy Terrain
|upkeep
|turn|5
|inactive|rogerthaAlien has 30 seconds left.
|
|t:|1756956939
|-terastallize|p2a: Milotic|Dragon
|move|p1b: Rillaboom|Fake Out|p2b: Amoonguss
|-damage|p2b: Amoonguss|64/100
|move|p2a: Milotic|Icy Wind|p1a: Porygon2|[spread] p1a,p1b
|-supereffective|p1b: Rillaboom
|-damage|p1a: Porygon2|26/100 slp
|-damage|p1b: Rillaboom|56/100
|-unboost|p1a: Porygon2|spe|1
|-unboost|p1b: Rillaboom|spe|1
|cant|p2b: Amoonguss|flinch
|cant|p1a: Porygon2|slp
|
|-weather|none
|-heal|p1b: Rillaboom|62/100|[from] Grassy Terrain
|-heal|p2b: Amoonguss|69/100|[from] Grassy Terrain
|-heal|p1a: Porygon2|32/100 slp|[from] Grassy Terrain
|-fieldend|move: Grassy Terrain
|upkeep
|turn|6
|inactive|rogerthaAlien has 30 seconds left.
|inactive|Sedrav has 30 seconds left.
|
|t:|1756956971
|switch|p1b: Ursaluna|Ursaluna, L50, F|100/100
|move|p2a: Milotic|Icy Wind|p1b: Ursaluna|[spread] p1a,p1b
|-supereffective|p1b: Ursaluna
|-damage|p1a: Porygon2|27/100 slp
|-damage|p1b: Ursaluna|83/100
|-unboost|p1a: Porygon2|spe|1
|-unboost|p1b: Ursaluna|spe|1
|move|p2b: Amoonguss|Pollen Puff|p1b: Ursaluna
|-damage|p1b: Ursaluna|66/100
|-curestatus|p1a: Porygon2|slp|[msg]
|move|p1a: Porygon2|Trick Room|p1a: Porygon2
|-fieldstart|move: Trick Room|[of] p1a: Porygon2
|
|-status|p1b: Ursaluna|brn|[from] item: Flame Orb
|upkeep
|turn|7
|inactive|rogerthaAlien has 30 seconds left.
|
|t:|1756956998
|move|p2b: Amoonguss|Rage Powder|p2b: Amoonguss
|-singleturn|p2b: Amoonguss|move: Rage Powder
|move|p1a: Porygon2|Ice Beam|p2b: Amoonguss
|-supereffective|p2b: Amoonguss
|-damage|p2b: Amoonguss|35/100
|-status|p2b: Amoonguss|frz
|-enditem|p2b: Amoonguss|Sitrus Berry|[eat]
|-heal|p2b: Amoonguss|59/100 frz|[from] item: Sitrus Berry
|move|p1b: Ursaluna|Earthquake|p2a: Milotic|[spread] p1a,p2a,p2b
|-damage|p1a: Porygon2|0 fnt
|-damage|p2a: Milotic|50/100
|-damage|p2b: Amoonguss|0 fnt
|faint|p1a: Porygon2
|faint|p2b: Amoonguss
|move|p2a: Milotic|Scald|p1b: Ursaluna
|-supereffective|p1b: Ursaluna
|-damage|p1b: Ursaluna|12/100 brn
|
|-damage|p1b: Ursaluna|6/100 brn|[from] brn
|upkeep
|l| roman_legend
|
|t:|1756957018
|switch|p2b: Tyranitar|Tyranitar, L50, M|100/100
|switch|p1a: Tyranitar|Tyranitar, L50, F, shiny|27/100
|-weather|Sandstorm|[from] ability: Sand Stream|[of] p1a: Tyranitar
|turn|8
|inactive|Sedrav has 30 seconds left.
|
|t:|1756957051
|move|p1b: Ursaluna|Headlong Rush|p2b: Tyranitar
|-supereffective|p2b: Tyranitar
|-damage|p2b: Tyranitar|0 fnt
|-unboost|p1b: Ursaluna|def|1
|-unboost|p1b: Ursaluna|spd|1
|faint|p2b: Tyranitar
|move|p1a: Tyranitar|Knock Off|p2a: Milotic
|-damage|p2a: Milotic|6/100
|-enditem|p2a: Milotic|Safety Goggles|[from] move: Knock Off|[of] p1a: Tyranitar
|move|p2a: Milotic|Scald|p1a: Tyranitar
|-supereffective|p1a: Tyranitar
|-damage|p1a: Tyranitar|4/100
|
|-weather|Sandstorm|[upkeep]
|-damage|p2a: Milotic|0 fnt|[from] Sandstorm
|faint|p2a: Milotic
|
|win|rogerthaAlien
|raw|rogerthaAlien's rating: 1236 → 1257(+21 for winning)
|raw|Sedrav's rating: 1179 → 1158(-21 for losing)
|l|☆rogerthaAlien
|player|p1|
