|j|‽newjeansfan1
|j|☆spellbreakvgc
|html|newjeansfan1spellbreakvgc    
|uhtml|bestof|Game 1 of a best-of-3
|t:|1756153726
|gametype|doubles
|player|p1|newjeansfan1|1|1065
|player|p2|spellbreakvgc|lance|1051
|gen|9
|tier|[Gen 9] VGC 2025 Reg H (Bo3)
|rated|
|rule|Species Clause: Limit one of each Pokémon
|rule|Item Clause: Limit 1 of each item
|clearpoke
|poke|p1|Incineroar, L50, F|
|poke|p1|Porygon2, L50|
|poke|p1|Ursaluna, L50, M|
|poke|p1|Amoonguss, L50, M|
|poke|p1|Dragonite, L50, M|
|poke|p1|Sneasler, L50, M|
|poke|p2|Whimsicott, L50, M|
|poke|p2|Typhlosion-Hisui, L50, M|
|poke|p2|Dragapult, L50, F|
|poke|p2|Sneasler, L50, F|
|poke|p2|Indeedee, L50, M|
|poke|p2|Electabuzz, L50, F|
|teampreview|4
|showteam|p1|Incineroar||SafetyGoggles|Intimidate|FakeOut,FlareBlitz,KnockOff,PartingShot|||F|||50|,,,,,Ghost]Porygon2||Eviolite|Download|TrickRoom,Recover,IceBeam,TeraBlast||||||50|,,,,,Fighting]Ursaluna||FlameOrb|Guts|HeadlongRush,Facade,Earthquake,Protect|||M|||50|,,,,,Ghost]Amoonguss||SitrusBerry|Regenerator|Spore,PollenPuff,RagePowder,Protect|||M|||50|,,,,,Water]Dragonite||LoadedDice|Multiscale|ScaleShot,ExtremeSpeed,Haze,Protect|||M|||50|,,,,,Poison]Sneasler||FocusSash|Unburden|Coaching,DireClaw,FakeOut,CloseCombat|||M|||50|,,,,,Ghost
|showteam|p2|Whimsicott||CovertCloak|Prankster|Tailwind,SunnyDay,Encore,Moonblast|||M|||50|,,,,,Ghost]Typhlosion-Hisui||ChoiceSpecs|Blaze|Eruption,HeatWave,ShadowBall,FocusBlast|||M|||50|,,,,,Fire]Dragapult||ChoiceBand|ClearBody|DragonDarts,Outrage,PhantomForce,Uturn|||F|||50|,,,,,Dragon]Sneasler||PsychicSeed|Unburden|DireClaw,CloseCombat,ThroatChop,Protect|||F|||50|,,,,,Fighting]Indeedee||FocusSash|PsychicSurge|ExpandingForce,TeraBlast,TrickRoom,Imprison|||M|||50|,,,,,Psychic]Electabuzz||Eviolite|VitalSpirit|Electroweb,FollowMe,Taunt,Protect|||F|||50|,,,,,Ghost
|inactive|Battle timer is ON: inactive players will automatically lose when time's up. (requested by spellbreakvgc)
|
|t:|1756153761
|teamsize|p1|4
|teamsize|p2|4
|start
|switch|p1a: Porygon2|Porygon2, L50, shiny|100/100
|switch|p1b: Incineroar|Incineroar, L50, F|100/100
|switch|p2a: Whimsicott|Whimsicott, L50, M|100/100
|switch|p2b: Typhlosion|Typhlosion-Hisui, L50, M|100/100
|-ability|p1b: Incineroar|Intimidate|boost
|-unboost|p2a: Whimsicott|atk|1
|-unboost|p2b: Typhlosion|atk|1
|-ability|p1a: Porygon2|Download|boost
|-boost|p1a: Porygon2|spa|1
|turn|1
|
|t:|1756153771
|-terastallize|p2b: Typhlosion|Fire
|move|p2a: Whimsicott|Sunny Day|p2a: Whimsicott
|-weather|SunnyDay
|move|p2b: Typhlosion|Eruption|p1b: Incineroar|[spread] p1a,p1b
|-resisted|p1b: Incineroar
|-damage|p1a: Porygon2|0 fnt
|-damage|p1b: Incineroar|31/100
|faint|p1a: Porygon2
|move|p1b: Incineroar|Knock Off|p2b: Typhlosion
|-damage|p2b: Typhlosion|42/100
|-enditem|p2b: Typhlosion|Choice Specs|[from] move: Knock Off|[of] p1b: Incineroar
|
|-weather|SunnyDay|[upkeep]
|upkeep
|
|t:|1756153782
|switch|p1a: Ursaluna|Ursaluna, L50, M, shiny|100/100
|turn|2
|
|t:|1756153796
|move|p2a: Whimsicott|Moonblast|p1b: Incineroar
|-damage|p1b: Incineroar|7/100
|move|p2b: Typhlosion|Eruption|p1b: Incineroar|[spread] p1a,p1b
|-resisted|p1b: Incineroar
|-damage|p1a: Ursaluna|55/100
|-damage|p1b: Incineroar|0 fnt
|faint|p1b: Incineroar
|move|p1a: Ursaluna|Earthquake|p2a: Whimsicott|[spread] p2a,p2b
|-resisted|p2a: Whimsicott
|-supereffective|p2b: Typhlosion
|-damage|p2a: Whimsicott|65/100
|-damage|p2b: Typhlosion|0 fnt
|faint|p2b: Typhlosion
|
|-weather|SunnyDay|[upkeep]
|-status|p1a: Ursaluna|brn|[from] item: Flame Orb
|upkeep
|
|t:|1756153820
|switch|p2b: Dragapult|Dragapult, L50, F|100/100
|switch|p1b: Amoonguss|Amoonguss, L50, M|100/100
|turn|3
|inactive|spellbreakvgc has 30 seconds left.
|
|t:|1756153846
|move|p1b: Amoonguss|Rage Powder|p1b: Amoonguss
|-singleturn|p1b: Amoonguss|move: Rage Powder
|move|p2b: Dragapult|Outrage|p1b: Amoonguss
|-damage|p1b: Amoonguss|25/100
|-enditem|p1b: Amoonguss|Sitrus Berry|[eat]
|-heal|p1b: Amoonguss|49/100|[from] item: Sitrus Berry
|move|p2a: Whimsicott|Moonblast|p1a: Ursaluna
|-damage|p1a: Ursaluna|27/100 brn
|move|p1a: Ursaluna|Headlong Rush|p2b: Dragapult
|-damage|p2b: Dragapult|0 fnt
|-unboost|p1a: Ursaluna|def|1
|-unboost|p1a: Ursaluna|spd|1
|faint|p2b: Dragapult
|
|-weather|SunnyDay|[upkeep]
|-damage|p1a: Ursaluna|21/100 brn|[from] brn
|upkeep
|
|t:|1756153863
|switch|p2b: Sneasler|Sneasler, L50, F|100/100
|turn|4
|
|t:|1756153878
|move|p1a: Ursaluna|Protect|p1a: Ursaluna
|-singleturn|p1a: Ursaluna|Protect
|move|p2b: Sneasler|Dire Claw|p1b: Amoonguss
|-damage|p1b: Amoonguss|19/100
|move|p2a: Whimsicott|Moonblast|p1a: Ursaluna
|-activate|p1a: Ursaluna|move: Protect
|move|p1b: Amoonguss|Spore|p2b: Sneasler
|-status|p2b: Sneasler|slp|[from] move: Spore
|
|-weather|SunnyDay|[upkeep]
|-damage|p1a: Ursaluna|15/100 brn|[from] brn
|upkeep
|turn|5
|
|t:|1756153893
|cant|p2b: Sneasler|slp
|move|p2a: Whimsicott|Moonblast|p1a: Ursaluna
|-damage|p1a: Ursaluna|0 fnt
|faint|p1a: Ursaluna
|move|p1b: Amoonguss|Pollen Puff|p2a: Whimsicott
|-damage|p2a: Whimsicott|34/100
|
|-weather|none
|upkeep
|turn|6
|
|t:|1756153906
|cant|p2b: Sneasler|slp
|move|p2a: Whimsicott|Moonblast|p1b: Amoonguss
|-resisted|p1b: Amoonguss
|-damage|p1b: Amoonguss|3/100
|move|p1b: Amoonguss|Pollen Puff|p2a: Whimsicott
|-damage|p2a: Whimsicott|6/100
|
|upkeep
|turn|7
|-message|newjeansfan1 forfeited.
|
|win|spellbreakvgc
|l|‽newjeansfan1
|player|p1|
||spellbreakvgc is ready for game 2.
||newjeansfan1 is ready for game 2.
|uhtml|next|Next: Game 2 of 3
