|j|☆capspungo
|j|☆marcosdeltasena31
|html|capspungomarcosdeltasena31    
|uhtml|bestof|Game 3 of a best-of-3
|t:|1757025444
|gametype|doubles
|player|p1|capspungo|2|1234
|player|p2|marcosdeltasena31|hilbert|1338
|gen|9
|tier|[Gen 9] VGC 2025 Reg H (Bo3)
|rated|
|rule|Species Clause: Limit one of each Pokémon
|rule|Item Clause: Limit 1 of each item
|clearpoke
|poke|p1|Ursaluna, L50, M|
|poke|p1|Indeedee-F, L50, F|
|poke|p1|Exeggutor, L50, F|
|poke|p1|Torkoal, L50, M|
|poke|p1|Gallade, L50, M|
|poke|p1|Annihilape, L50, F|
|poke|p2|Dragonite, L50, F|
|poke|p2|Sneasler, L50, F|
|poke|p2|Volcarona, L50, F|
|poke|p2|Rillaboom, L50, M|
|poke|p2|Kingambit, L50, F|
|poke|p2|Electabuzz, L50, F|
|teampreview|4
|showteam|p1|Ursaluna||FlameOrb|Guts|Protect,Facade,Earthquake,HeadlongRush|||M|||50|,,,,,Ghost]Indeedee-F||PsychicSeed|PsychicSurge|TrickRoom,Psychic,FollowMe,HelpingHand|||F|||50|,,,,,Grass]Exeggutor||FocusSash|Chlorophyll|TrickRoom,ExpandingForce,LeafStorm,SleepPowder|||F|||50|,,,,,Psychic]Torkoal||Charcoal|Drought|Eruption,HeatWave,Protect,WeatherBall|||M|||50|,,,,,Fire]Gallade||ClearAmulet|Sharpness|PsychoCut,TrickRoom,WideGuard,SacredSword|||M|||50|,,,,,Fire]Annihilape||ChoiceScarf|Defiant|FinalGambit,CloseCombat,ShadowClaw,Uturn|||F|||50|,,,,,Stellar
|showteam|p2|Dragonite||LoadedDice|Multiscale|ScaleShot,ExtremeSpeed,Haze,Protect|||F|||50|,,,,,Fairy]Sneasler||FocusSash|PoisonTouch|DireClaw,CloseCombat,FakeOut,Coaching|||F|||50|,,,,,Ghost]Volcarona||CovertCloak|FlameBody|HeatWave,TeraBlast,QuiverDance,Protect|||F|||50|,,,,,Fairy]Rillaboom||AssaultVest|GrassySurge|WoodHammer,FakeOut,GrassyGlide,HighHorsepower|||M|||50|,,,,,Fire]Kingambit||BlackGlasses|Defiant|KowtowCleave,SwordsDance,SuckerPunch,Protect|||F|||50|,,,,,Dark]Electabuzz||Eviolite|VitalSpirit|Thunderbolt,FollowMe,Taunt,Protect|||F|||50|,,,,,Ghost
|inactive|Battle timer is ON: inactive players will automatically lose when time's up. (requested by capspungo)
|
|t:|1757025474
|teamsize|p1|4
|teamsize|p2|4
|start
|switch|p1a: Exeggutor|Exeggutor, L50, F|100/100
|switch|p1b: Torkoal|Torkoal, L50, M|100/100
|switch|p2a: Dragonite|Dragonite, L50, F|100/100
|switch|p2b: Electabuzz|Electabuzz, L50, F|100/100
|-weather|SunnyDay|[from] ability: Drought|[of] p1b: Torkoal
|turn|1
|
|t:|1757025497
|move|p1a: Exeggutor|Sleep Powder|p2a: Dragonite
|-status|p2a: Dragonite|slp|[from] move: Sleep Powder
|move|p2b: Electabuzz|Thunderbolt|p1b: Torkoal
|-damage|p1b: Torkoal|62/100
|cant|p2a: Dragonite|slp
|move|p1b: Torkoal|Eruption|p2b: Electabuzz|[spread] p2a,p2b
|-resisted|p2a: Dragonite
|-damage|p2a: Dragonite|86/100 slp
|-damage|p2b: Electabuzz|58/100
|
|-weather|SunnyDay|[upkeep]
|upkeep
|turn|2
|inactive|capspungo has 30 seconds left.
|inactive|marcosdeltasena31 has 30 seconds left.
|
|t:|1757025530
|-terastallize|p1a: Exeggutor|Psychic
|cant|p2a: Dragonite|slp
|move|p1a: Exeggutor|Expanding Force|p2b: Electabuzz
|-damage|p2b: Electabuzz|11/100
|move|p2b: Electabuzz|Taunt|p1a: Exeggutor
|-start|p1a: Exeggutor|move: Taunt
|move|p1b: Torkoal|Heat Wave|p2a: Dragonite|[spread] p2a,p2b
|-resisted|p2a: Dragonite
|-damage|p2a: Dragonite|56/100 slp
|-damage|p2b: Electabuzz|0 fnt
|faint|p2b: Electabuzz
|
|-weather|SunnyDay|[upkeep]
|upkeep
|
|t:|1757025541
|switch|p2b: Kingambit|Kingambit, L50, F|100/100
|turn|3
|
|t:|1757025563
|switch|p1a: Ursaluna|Ursaluna, L50, M|100/100
|move|p2b: Kingambit|Protect|p2b: Kingambit
|-singleturn|p2b: Kingambit|Protect
|cant|p2a: Dragonite|slp
|move|p1b: Torkoal|Heat Wave|p2a: Dragonite|[spread] p2a
|-activate|p2b: Kingambit|move: Protect
|-resisted|p2a: Dragonite
|-damage|p2a: Dragonite|24/100 slp
|
|-weather|SunnyDay|[upkeep]
|-status|p1a: Ursaluna|brn|[from] item: Flame Orb
|upkeep
|turn|4
|
|t:|1757025586
|-terastallize|p2b: Kingambit|Dark
|-curestatus|p2a: Dragonite|slp|[msg]
|move|p2a: Dragonite|Scale Shot|p1a: Ursaluna
|-damage|p1a: Ursaluna|90/100 brn
|-damage|p1a: Ursaluna|80/100 brn
|-damage|p1a: Ursaluna|70/100 brn
|-damage|p1a: Ursaluna|60/100 brn
|-damage|p1a: Ursaluna|51/100 brn
|-hitcount|p1a: Ursaluna|5
|-unboost|p2a: Dragonite|def|1
|-boost|p2a: Dragonite|spe|1
|move|p2b: Kingambit|Kowtow Cleave|p1a: Ursaluna
|-damage|p1a: Ursaluna|0 fnt
|faint|p1a: Ursaluna
|move|p1b: Torkoal|Heat Wave|p2a: Dragonite|[spread] p2a,p2b
|-resisted|p2a: Dragonite
|-damage|p2a: Dragonite|0 fnt
|-damage|p2b: Kingambit|50/100
|faint|p2a: Dragonite
|
|-weather|SunnyDay|[upkeep]
|upkeep
|
|t:|1757025605
|switch|p2a: Rillaboom|Rillaboom, L50, M|100/100
|switch|p1a: Indeedee|Indeedee-F, L50, F|100/100
|-fieldstart|move: Grassy Terrain|[from] ability: Grassy Surge|[of] p2a: Rillaboom
|-fieldstart|move: Psychic Terrain|[from] ability: Psychic Surge|[of] p1a: Indeedee
|-enditem|p1a: Indeedee|Psychic Seed
|-boost|p1a: Indeedee|spd|1|[from] item: Psychic Seed
|turn|5
|
|t:|1757025631
|move|p1a: Indeedee|Follow Me|p1a: Indeedee
|-singleturn|p1a: Indeedee|move: Follow Me
|move|p2a: Rillaboom|High Horsepower|p1a: Indeedee
|-damage|p1a: Indeedee|71/100
|move|p2b: Kingambit|Kowtow Cleave|p1a: Indeedee
|-supereffective|p1a: Indeedee
|-damage|p1a: Indeedee|0 fnt
|faint|p1a: Indeedee
|move|p1b: Torkoal|Weather Ball|p2a: Rillaboom
|-supereffective|p2a: Rillaboom
|-damage|p2a: Rillaboom|0 fnt
|faint|p2a: Rillaboom
|
|-weather|none
|upkeep
|
|t:|1757025638
|switch|p1a: Exeggutor|Exeggutor, L50, F, tera:Psychic|100/100
|turn|6
|
|t:|1757025650
|move|p1a: Exeggutor|Leaf Storm|p2b: Kingambit
|-damage|p2b: Kingambit|0 fnt
|-unboost|p1a: Exeggutor|spa|2
|faint|p2b: Kingambit
|
|win|capspungo
|raw|capspungo's rating: 1234 → 1266(+32 for winning)
|raw|marcosdeltasena31's rating: 1338 → 1312(-26 for losing)
|l|☆capspungo
|player|p1|
