|j|☆Tizio20
|j|☆Luminar Kuzan
|html|Tizio20Luminar Kuzan    
|uhtml|bestof|Game 1 of a best-of-3
|t:|1756926974
|gametype|doubles
|player|p1|Tizio20|hilda-wonderlauncher|
|player|p2|Luminar Kuzan|marnie-masters3|
|gen|9
|tier|[Gen 9] VGC 2025 Reg H (Bo3)
|rule|Species Clause: Limit one of each Pokémon
|rule|Item Clause: Limit 1 of each item
|clearpoke
|poke|p1|Typhlosion-Hisui, L50, F|
|poke|p1|Whimsicott, L50, F|
|poke|p1|Gyarados, L50, F|
|poke|p1|Ursaluna-Bloodmoon, L50, M|
|poke|p1|Kingambit, L50, M|
|poke|p1|Gengar, L50, M|
|poke|p2|Indeedee-F, L50, F|
|poke|p2|Hatterene, L50, F|
|poke|p2|Gallade, L50, M|
|poke|p2|Ursaluna, L50, M|
|poke|p2|Lilligant-Hisui, L50, F|
|poke|p2|Torkoal, L50, M|
|teampreview|4
|showteam|p1|Typhlosion-Hisui||ChoiceSpecs|Blaze|Eruption,HeatWave,Overheat,ShadowBall|||F|||50|,,,,,Fire]Whimsicott||CovertCloak|Prankster|Tailwind,SunnyDay,FakeTears,Moonblast|||F|||50|,,,,,Water]Gyarados||SafetyGoggles|Intimidate|Waterfall,ThunderWave,Taunt,Protect|||F|||50|,,,,,Steel]Ursaluna-Bloodmoon||LifeOrb|MindsEye|Protect,BloodMoon,HyperVoice,EarthPower|||M|||50|,,,,,Normal]Kingambit||AssaultVest|Defiant|KowtowCleave,SuckerPunch,IronHead,LowKick|||M|||50|,,,,,Fairy]Gengar||FocusSash|CursedBody|SludgeBomb,ShadowBall,Haze,Protect|||M|||50|,,,,,Stellar
|showteam|p2|Indeedee-F||PsychicSeed|PsychicSurge|TrickRoom,FollowMe,HelpingHand,DazzlingGleam|||F|||50|,,,,,Fire]Hatterene||LifeOrb|MagicBounce|ExpandingForce,TrickRoom,DazzlingGleam,Protect|||F|||50|,,,,,Psychic]Gallade||ClearAmulet|Sharpness|PsychoCut,TrickRoom,SacredSword,WideGuard|||M|||50|,,,,,Grass]Ursaluna||FlameOrb|Guts|HeadlongRush,Facade,SwordsDance,Protect|||M|||50|,,,,,Ghost]Lilligant-Hisui||FocusSash|Chlorophyll|SolarBlade,SleepPowder,CloseCombat,AfterYou|||F|||50|,,,,,Ghost]Torkoal||ChoiceSpecs|Drought|Eruption,HeatWave,WeatherBall,EarthPower|||M|||50|,,,,,Fire
|inactive|Battle timer is ON: inactive players will automatically lose when time's up. (requested by Tizio20)
|inactive|Tizio20 has 60 seconds left.
|
|t:|1756927037
|teamsize|p1|4
|teamsize|p2|4
|start
|switch|p1a: Gyarados|Gyarados, L50, F|100/100
|switch|p1b: Typhlosion|Typhlosion-Hisui, L50, F|100/100
|switch|p2a: Lilligant|Lilligant-Hisui, L50, F, shiny|100/100
|switch|p2b: Torkoal|Torkoal, L50, M, shiny|100/100
|-ability|p1a: Gyarados|Intimidate|boost
|-unboost|p2a: Lilligant|atk|1
|-unboost|p2b: Torkoal|atk|1
|-weather|SunnyDay|[from] ability: Drought|[of] p2b: Torkoal
|turn|1
|
|t:|1756927053
|-terastallize|p2b: Torkoal|Fire
|move|p2a: Lilligant|After You|p2b: Torkoal
|-activate|p2b: Torkoal|move: After You
|move|p2b: Torkoal|Eruption|p1a: Gyarados|[spread] p1a,p1b
|-resisted|p1a: Gyarados
|-resisted|p1b: Typhlosion
|-damage|p1a: Gyarados|36/100
|-damage|p1b: Typhlosion|7/100
|move|p1b: Typhlosion|Heat Wave|p2b: Torkoal|[spread] p2a,p2b
|-supereffective|p2a: Lilligant
|-resisted|p2b: Torkoal
|-enditem|p2a: Lilligant|Focus Sash
|-damage|p2a: Lilligant|1/100
|-damage|p2b: Torkoal|26/100
|-status|p2a: Lilligant|brn
|move|p1a: Gyarados|Waterfall|p2b: Torkoal
|-supereffective|p2b: Torkoal
|-damage|p2b: Torkoal|0 fnt
|faint|p2b: Torkoal
|
|-weather|SunnyDay|[upkeep]
|-damage|p2a: Lilligant|0 fnt|[from] brn
|faint|p2a: Lilligant
|upkeep
|
|t:|1756927065
|switch|p2a: Indeedee|Indeedee-F, L50, F, shiny|100/100
|switch|p2b: Gallade|Gallade, L50, M, shiny|100/100
|-fieldstart|move: Psychic Terrain|[from] ability: Psychic Surge|[of] p2a: Indeedee
|-enditem|p2a: Indeedee|Psychic Seed
|-boost|p2a: Indeedee|spd|1|[from] item: Psychic Seed
|turn|2
|
|t:|1756927093
|switch|p1b: Kingambit|Kingambit, L50, M|100/100
|move|p2b: Gallade|Wide Guard|p2b: Gallade
|-singleturn|p2b: Gallade|Wide Guard
|move|p1a: Gyarados|Taunt|p2a: Indeedee
|-start|p2a: Indeedee|move: Taunt
|move|p2a: Indeedee|Dazzling Gleam|p1a: Gyarados|[spread] p1a,p1b
|-damage|p1a: Gyarados|22/100
|-damage|p1b: Kingambit|92/100
|
|-weather|SunnyDay|[upkeep]
|upkeep
|turn|3
|
|t:|1756927115
|-terastallize|p1b: Kingambit|Fairy
|move|p1a: Gyarados|Taunt|p2b: Gallade
|-start|p2b: Gallade|move: Taunt
|move|p2b: Gallade|Psycho Cut|p1b: Kingambit
|-damage|p1b: Kingambit|38/100
|move|p2a: Indeedee|Dazzling Gleam|p1a: Gyarados|[spread] p1a,p1b
|-damage|p1a: Gyarados|9/100
|-damage|p1b: Kingambit|30/100
|move|p1b: Kingambit|Kowtow Cleave|p2b: Gallade
|-damage|p2b: Gallade|28/100
|
|-weather|SunnyDay|[upkeep]
|upkeep
|turn|4
|
|t:|1756927131
|move|p1a: Gyarados|Waterfall|p2b: Gallade
|-damage|p2b: Gallade|2/100
|move|p2b: Gallade|Psycho Cut|p1b: Kingambit
|-damage|p1b: Kingambit|0 fnt
|faint|p1b: Kingambit
|move|p2a: Indeedee|Dazzling Gleam|p1a: Gyarados
|-damage|p1a: Gyarados|0 fnt
|faint|p1a: Gyarados
|
|-weather|SunnyDay|[upkeep]
|-end|p2a: Indeedee|move: Taunt
|upkeep
|
|t:|1756927136
|switch|p1a: Ursaluna|Ursaluna-Bloodmoon, L50, M|100/100
|switch|p1b: Typhlosion|Typhlosion-Hisui, L50, F|7/100
|turn|5
|
|t:|1756927154
|move|p1b: Typhlosion|Heat Wave|p2a: Indeedee|[spread] p2a,p2b
|-damage|p2a: Indeedee|20/100
|-damage|p2b: Gallade|0 fnt
|faint|p2b: Gallade
|move|p1a: Ursaluna|Hyper Voice|p2a: Indeedee
|-crit|p2a: Indeedee
|-damage|p2a: Indeedee|0 fnt
|faint|p2a: Indeedee
|-damage|p1a: Ursaluna|90/100|[from] item: Life Orb
|
|win|Tizio20
||Luminar Kuzan is ready for game 2.
||Tizio20 is ready for game 2.
|uhtml|next|Next: Game 2 of 3
