|j|☆two rose
|j|☆TeyVgc
|html|two roseTeyVgc    
|uhtml|bestof|Game 1 of a best-of-3
|t:|1783971343
|gametype|doubles
|player|p1|two rose|2|1379
|player|p2|TeyVgc|rood|1286
|gen|9
|tier|[Gen 9 Champions] VGC 2026 Reg M-B (Bo3)
|rated|
|rule|Species Clause: Limit one of each Pokémon
|rule|Item Clause: Limit 1 of each item
|clearpoke
|poke|p1|Charizard, L50, F|
|poke|p1|Garchomp, L50, M|
|poke|p1|Annihilape, L50, M|
|poke|p1|Venusaur, L50, M|
|poke|p1|Incineroar, L50, M|
|poke|p1|Toxapex, L50, F|
|poke|p2|Raichu, L50, F|
|poke|p2|Sinistcha, L50|
|poke|p2|Ceruledge, L50, M|
|poke|p2|Milotic, L50, M|
|poke|p2|Incineroar, L50, F|
|poke|p2|Floette-Eternal, L50, F|
|teampreview|4
|showteam|p1|Charizard||CharizarditeY|Blaze|HeatWave,WeatherBall,HelpingHand,Protect|Modest||F|||50|]Garchomp||ChoiceScarf|RoughSkin|DragonClaw,Earthquake,StompingTantrum,RockSlide|Adamant||M|||50|]Annihilape||FocusSash|Defiant|CloseCombat,PhantomForce,RockTomb,Protect|Jolly||M|||50|]Venusaur||LifeOrb|Chlorophyll|LeafStorm,SludgeBomb,EarthPower,Protect|Modest||M|||50|]Incineroar||SitrusBerry|Intimidate|FlareBlitz,FakeOut,ThroatChop,PartingShot|Impish||M|||50|]Toxapex||Leftovers|Regenerator|Infestation,Toxic,WideGuard,BanefulBunker|Bold||F|||50|
|showteam|p2|Raichu||RaichuniteY|LightningRod|ZapCannon,FocusBlast,FakeOut,Protect|Timid||F|||50|]Sinistcha||KasibBerry|Hospitality|MatchaGotcha,Protect,RagePowder,TrickRoom|Relaxed|||||50|]Ceruledge||ColburBerry|FlashFire|BitterBlade,ShadowSneak,BulkUp,Protect|Adamant||M|||50|]Milotic||Leftovers|Competitive|MuddyWater,Coil,Hypnosis,Recover|Calm||M|||50|]Incineroar||SitrusBerry|Intimidate|FlareBlitz,ThroatChop,FakeOut,PartingShot|Impish||F|||50|]Floette-Eternal||Floettite|FlowerVeil|CalmMind,Protect,Moonblast,DazzlingGleam|Modest||F|||50|
|inactive|Battle timer is ON: inactive players will automatically lose when time's up. (requested by two rose)
|inactive|two rose has 60 seconds left.
|inactive|TeyVgc has 60 seconds left.
|inactive|two rose has 30 seconds left.
|inactive|two rose has 20 seconds left.
|inactive|two rose has 15 seconds left.
|inactive|two rose has 10 seconds left.
|inactive|two rose has 5 seconds left.
|
|t:|1783971429
|teamsize|p1|4
|teamsize|p2|4
|start
|switch|p1a: Toxapex|Toxapex, L50, F|100/100
|switch|p1b: Garchomp|Garchomp, L50, M|100/100
|switch|p2a: Ceruledge|Ceruledge, L50, M|100/100
|switch|p2b: Raichu|Raichu, L50, F|100/100
|turn|1
|
|t:|1783971454
|move|p2b: Raichu|Fake Out|p1b: Garchomp
|-crit|p1b: Garchomp
|-damage|p1b: Garchomp|89/100
|-damage|p2b: Raichu|87/100|[from] ability: Rough Skin|[of] p1b: Garchomp
|cant|p1b: Garchomp|flinch
|move|p2a: Ceruledge|Bulk Up|p2a: Ceruledge
|-boost|p2a: Ceruledge|atk|1
|-boost|p2a: Ceruledge|def|1
|move|p1a: Toxapex|Toxic|p2a: Ceruledge
|-status|p2a: Ceruledge|tox
|
|-damage|p2a: Ceruledge|93/100 tox|[from] psn
|upkeep
|turn|2
|
|t:|1783971476
|switch|p2b: Incineroar|Incineroar, L50, F|100/100
|-ability|p2b: Incineroar|Intimidate|boost
|-unboost|p1a: Toxapex|atk|1
|-unboost|p1b: Garchomp|atk|1
|move|p1a: Toxapex|Baneful Bunker|p1a: Toxapex
|-singleturn|p1a: Toxapex|move: Protect
|move|p1b: Garchomp|Stomping Tantrum|p2b: Incineroar
|-supereffective|p2b: Incineroar|1
|-damage|p2b: Incineroar|24/100
|-enditem|p2b: Incineroar|Sitrus Berry|[eat]
|-heal|p2b: Incineroar|49/100|[from] item: Sitrus Berry
|move|p2a: Ceruledge|Bitter Blade|p1b: Garchomp
|-resisted|p1b: Garchomp|1
|-damage|p1b: Garchomp|54/100
|-heal|p2a: Ceruledge|100/100 tox|[from] drain|[of] p1b: Garchomp
|-damage|p2a: Ceruledge|87/100 tox|[from] ability: Rough Skin|[of] p1b: Garchomp
|
|-damage|p2a: Ceruledge|75/100 tox|[from] psn
|upkeep
|turn|3
|inactive|TeyVgc has 30 seconds left.
|inactive|two rose has 30 seconds left.
|
|t:|1783971508
|switch|p1b: Incineroar|Incineroar, L50, M|100/100
|-ability|p1b: Incineroar|Intimidate|boost
|-unboost|p2a: Ceruledge|atk|1
|-unboost|p2b: Incineroar|atk|1
|switch|p2a: Sinistcha|Sinistcha, L50|100/100
|-heal|p2b: Incineroar|74/100|[from] ability: Hospitality|[of] p2a: Sinistcha
|move|p2b: Incineroar|Parting Shot|p1b: Incineroar
|-unboost|p1b: Incineroar|atk|1
|-unboost|p1b: Incineroar|spa|1
|
|t:|1783971519
|switch|p2b: Ceruledge|Ceruledge, L50, M|75/100 tox|[from] Parting Shot
|move|p1a: Toxapex|Infestation|p2a: Sinistcha
|-damage|p2a: Sinistcha|97/100
|-activate|p2a: Sinistcha|move: Infestation|[of] p1a: Toxapex
|
|-damage|p2b: Ceruledge|69/100 tox|[from] psn
|-damage|p2a: Sinistcha|84/100|[from] move: Infestation|[partiallytrapped]
|upkeep
|turn|4
|inactive|two rose has 30 seconds left.
|
|t:|1783971548
|switch|p2b: Incineroar|Incineroar, L50, F|74/100
|-ability|p2b: Incineroar|Intimidate|boost
|-unboost|p1a: Toxapex|atk|1
|-unboost|p1b: Incineroar|atk|1
|move|p1b: Incineroar|Throat Chop|p2a: Sinistcha
|-supereffective|p2a: Sinistcha|1
|-damage|p2a: Sinistcha|56/100
|-start|p2a: Sinistcha|Throat Chop|[silent]
|move|p2a: Sinistcha|Matcha Gotcha|p1b: Incineroar|[spread] p1a,p1b
|-resisted|p1b: Incineroar|1
|-damage|p1a: Toxapex|78/100
|-heal|p2a: Sinistcha|66/100|[from] drain|[of] p1a: Toxapex
|-damage|p1b: Incineroar|89/100
|-heal|p2a: Sinistcha|72/100|[from] drain|[of] p1b: Incineroar
|move|p1a: Toxapex|Infestation|p2b: Incineroar
|-damage|p2b: Incineroar|70/100
|-activate|p2b: Incineroar|move: Infestation|[of] p1a: Toxapex
|
|-heal|p1a: Toxapex|84/100|[from] item: Leftovers
|-damage|p2b: Incineroar|58/100|[from] move: Infestation|[partiallytrapped]
|-damage|p2a: Sinistcha|60/100|[from] move: Infestation|[partiallytrapped]
|upkeep
|turn|5
|inactive|two rose has 30 seconds left.
|
|t:|1783971582
|switch|p2a: Ceruledge|Ceruledge, L50, M|69/100 tox
|move|p1b: Incineroar|Throat Chop|p2b: Incineroar
|-resisted|p2b: Incineroar|1
|-damage|p2b: Incineroar|52/100
|-start|p2b: Incineroar|Throat Chop|[silent]
|cant|p2b: Incineroar|move: Throat Chop
|move|p1a: Toxapex|Toxic|p2a: Ceruledge
|-fail|p2a: Ceruledge|tox
|
|-heal|p1a: Toxapex|90/100|[from] item: Leftovers
|-damage|p2a: Ceruledge|63/100 tox|[from] psn
|-damage|p2b: Incineroar|40/100|[from] move: Infestation|[partiallytrapped]
|upkeep
|turn|6
|inactive|TeyVgc has 30 seconds left.
|
|t:|1783971608
|switch|p2a: Sinistcha|Sinistcha, L50|60/100
|-heal|p2b: Incineroar|64/100|[from] ability: Hospitality|[of] p2a: Sinistcha
|move|p1b: Incineroar|Throat Chop|p2a: Sinistcha
|-supereffective|p2a: Sinistcha|1
|-damage|p2a: Sinistcha|35/100
|-start|p2a: Sinistcha|Throat Chop|[silent]
|move|p2b: Incineroar|Throat Chop|p1a: Toxapex
|-damage|p1a: Toxapex|68/100
|-start|p1a: Toxapex|Throat Chop|[silent]
|move|p1a: Toxapex|Infestation|p2a: Sinistcha
|-damage|p2a: Sinistcha|32/100
|-activate|p2a: Sinistcha|move: Infestation|[of] p1a: Toxapex
|
|-heal|p1a: Toxapex|74/100|[from] item: Leftovers
|-damage|p2b: Incineroar|52/100|[from] move: Infestation|[partiallytrapped]
|-damage|p2a: Sinistcha|20/100y|[from] move: Infestation|[partiallytrapped]
|-end|p2b: Incineroar|Throat Chop|[silent]
|upkeep
|turn|7
|
|t:|1783971621
|move|p1b: Incineroar|Throat Chop|p2a: Sinistcha
|-supereffective|p2a: Sinistcha|1
|-damage|p2a: Sinistcha|0 fnt
|faint|p2a: Sinistcha
|move|p2b: Incineroar|Throat Chop|p1b: Incineroar
|-resisted|p1b: Incineroar|1
|-damage|p1b: Incineroar|78/100
|-start|p1b: Incineroar|Throat Chop|[silent]
|move|p1a: Toxapex|Toxic|p2b: Incineroar
|-status|p2b: Incineroar|tox
|
|-heal|p1a: Toxapex|80/100|[from] item: Leftovers
|-damage|p2b: Incineroar|46/100 tox|[from] psn
|-damage|p2b: Incineroar|34/100 tox|[from] move: Infestation|[partiallytrapped]
|-end|p1a: Toxapex|Throat Chop|[silent]
|upkeep
|
|t:|1783971628
|switch|p2a: Raichu|Raichu, L50, F|87/100
|turn|8
|
|t:|1783971642
|detailschange|p2a: Raichu|Raichu-Mega-Y, L50, F
|-mega|p2a: Raichu|Raichu|Raichunite Y
|move|p1a: Toxapex|Baneful Bunker|p1a: Toxapex
|-singleturn|p1a: Toxapex|move: Protect
|move|p2a: Raichu|Zap Cannon|p1a: Toxapex
|-activate|p1a: Toxapex|move: Protect
|move|p1b: Incineroar|Throat Chop|p2b: Incineroar
|-resisted|p2b: Incineroar|1
|-damage|p2b: Incineroar|28/100 tox
|-start|p2b: Incineroar|Throat Chop|[silent]
|cant|p2b: Incineroar|move: Throat Chop
|
|-heal|p1a: Toxapex|85/100|[from] item: Leftovers
|-damage|p2b: Incineroar|16/100 tox|[from] psn
|-end|p2b: Incineroar|Infestation|[partiallytrapped]
|-end|p1b: Incineroar|Throat Chop|[silent]
|upkeep
|turn|9
|inactive|two rose has 30 seconds left.
|
|t:|1783971672
|-heal|p1a: Toxapex|100/100|[from] ability: Regenerator|[silent]
|switch|p1a: Venusaur|Venusaur, L50, M|100/100
|move|p2a: Raichu|Zap Cannon|p1a: Venusaur
|-resisted|p1a: Venusaur|1
|-damage|p1a: Venusaur|65/100
|-status|p1a: Venusaur|par
|move|p1b: Incineroar|Parting Shot|p2a: Raichu
|-unboost|p2a: Raichu|atk|1
|-unboost|p2a: Raichu|spa|1
|
|t:|1783971682
|switch|p1b: Garchomp|Garchomp, L50, M|54/100|[from] Parting Shot
|move|p2b: Incineroar|Flare Blitz|p1b: Garchomp
|-resisted|p1b: Garchomp|1
|-damage|p1b: Garchomp|32/100
|-damage|p2b: Incineroar|3/100 tox|[from] ability: Rough Skin|[of] p1b: Garchomp
|-damage|p2b: Incineroar|0 fnt|[from] Recoil
|faint|p2b: Incineroar
|
|upkeep
|
|t:|1783971691
|switch|p2b: Ceruledge|Ceruledge, L50, M|63/100 tox
|turn|10
|
|t:|1783971701
|switch|p1b: Incineroar|Incineroar, L50, M|78/100
|-ability|p1b: Incineroar|Intimidate|boost
|-unboost|p2a: Raichu|atk|1
|-unboost|p2b: Ceruledge|atk|1
|move|p2a: Raichu|Focus Blast|p1b: Incineroar
|-supereffective|p1b: Incineroar|1
|-damage|p1b: Incineroar|24/100
|-enditem|p1b: Incineroar|Sitrus Berry|[eat]
|-heal|p1b: Incineroar|49/100|[from] item: Sitrus Berry
|move|p2b: Ceruledge|Bitter Blade|p1a: Venusaur
|-supereffective|p1a: Venusaur|1
|-damage|p1a: Venusaur|0 fnt
|-heal|p2b: Ceruledge|92/100 tox|[from] drain|[of] p1a: Venusaur
|faint|p1a: Venusaur
|
|-damage|p2b: Ceruledge|86/100 tox|[from] psn
|upkeep
|
|t:|1783971715
|switch|p1a: Garchomp|Garchomp, L50, M|32/100
|turn|11
|inactive|TeyVgc has 30 seconds left.
|
|t:|1783971741
|move|p2a: Raichu|Protect|p2a: Raichu
|-singleturn|p2a: Raichu|Protect
|move|p1b: Incineroar|Fake Out|p2a: Raichu
|-activate|p2a: Raichu|move: Protect
|move|p2b: Ceruledge|Shadow Sneak|p1a: Garchomp
|-damage|p1a: Garchomp|18/100
|-damage|p2b: Ceruledge|74/100 tox|[from] ability: Rough Skin|[of] p1a: Garchomp
|move|p1a: Garchomp|Stomping Tantrum|p2b: Ceruledge
|-supereffective|p2b: Ceruledge|1
|-damage|p2b: Ceruledge|0 fnt
|faint|p2b: Ceruledge
|
|upkeep
|turn|12
|
|t:|1783971754
|move|p1a: Garchomp|Stomping Tantrum|p2a: Raichu
|-supereffective|p2a: Raichu|1
|-damage|p2a: Raichu|0 fnt
|faint|p2a: Raichu
|
|win|two rose
