|j|☆gianisking
|j|☆naibot2814
|html|gianiskingnaibot2814    
|uhtml|bestof|Game 2 of a best-of-3
|t:|1784582307
|gametype|doubles
|player|p1|gianisking|bugcatcher-gen4dp|1457
|player|p2|naibot2814|colress|1469
|gen|9
|tier|[Gen 9 Champions] VGC 2026 Reg M-B (Bo3)
|rated|
|rule|Species Clause: Limit one of each Pokémon
|rule|Item Clause: Limit 1 of each item
|clearpoke
|poke|p1|Staraptor, L50, M|
|poke|p1|Incineroar, L50, M|
|poke|p1|Whimsicott, L50, F|
|poke|p1|Ceruledge, L50, F|
|poke|p1|Hydreigon, L50, M|
|poke|p1|Empoleon, L50, F|
|poke|p2|Blastoise, L50, M|
|poke|p2|Incineroar, L50, M|
|poke|p2|Sneasler, L50, M|
|poke|p2|Sinistcha, L50|
|poke|p2|Kingambit, L50, M, shiny|
|poke|p2|Delphox, L50, F|
|teampreview|4
|showteam|p1|Staraptor||Staraptite|Intimidate|CloseCombat,BraveBird,Roost,Protect|Jolly||M|||50|]Incineroar||SitrusBerry|Intimidate|DarkestLariat,PartingShot,FakeOut,FlareBlitz|Impish||M|||50|]Whimsicott||FocusSash|Prankster|Moonblast,Protect,Charm,Tailwind|Timid||F|||50|]Ceruledge||ColburBerry|FlashFire|BitterBlade,Protect,BulkUp,ShadowSneak|Adamant||F|||50|]Hydreigon||ChoiceScarf|Levitate|Snarl,DarkPulse,DracoMeteor,EarthPower|Modest||M|||50|]Empoleon||Leftovers|Competitive|HydroPump,FlashCannon,VacuumWave,Protect|Modest||F|||50|
|showteam|p2|Blastoise||Blastoisinite|Torrent|WaterSpout,DarkPulse,ShellSmash,Protect|Modest||M|||50|]Incineroar||SitrusBerry|Intimidate|FakeOut,FlareBlitz,DarkestLariat,PartingShot|Careful||M|||50|]Sneasler||FocusSash|PoisonTouch|FakeOut,CloseCombat,PoisonJab,RockTomb|Jolly||M|||50|]Sinistcha||KasibBerry|Hospitality|MatchaGotcha,TrickRoom,RagePowder,Protect|Bold|||||50|]Kingambit||BlackGlasses|Defiant|KowtowCleave,SuckerPunch,SwordsDance,Protect|Adamant||M|||50|]Delphox||Delphoxite|Blaze|HeatWave,Psyshock,NastyPlot,Protect|Timid||F|||50|
|
|t:|1784582322
|teamsize|p1|4
|teamsize|p2|4
|start
|switch|p1a: Staraptor|Staraptor, L50, M|100/100
|switch|p1b: Hydreigon|Hydreigon, L50, M|100/100
|switch|p2a: Incineroar|Incineroar, L50, M|100/100
|switch|p2b: Blastoise|Blastoise, L50, M|100/100
|-ability|p1a: Staraptor|Intimidate|boost
|-unboost|p2a: Incineroar|atk|1
|-unboost|p2b: Blastoise|atk|1
|-ability|p2a: Incineroar|Intimidate|boost
|-unboost|p1a: Staraptor|atk|1
|-unboost|p1b: Hydreigon|atk|1
|turn|1
|
|t:|1784582332
|detailschange|p1a: Staraptor|Staraptor-Mega, L50, M
|-mega|p1a: Staraptor|Staraptor|Staraptite
|detailschange|p2b: Blastoise|Blastoise-Mega, L50, M
|-mega|p2b: Blastoise|Blastoise|Blastoisinite
|move|p2a: Incineroar|Fake Out|p1a: Staraptor
|-damage|p1a: Staraptor|93/100
|move|p1b: Hydreigon|Snarl|p2b: Blastoise|[spread] p2a,p2b
|-resisted|p2a: Incineroar|1
|-damage|p2a: Incineroar|91/100
|-damage|p2b: Blastoise|76/100
|-unboost|p2a: Incineroar|spa|1
|-unboost|p2b: Blastoise|spa|1
|cant|p1a: Staraptor|flinch
|move|p2b: Blastoise|Shell Smash|p2b: Blastoise
|-unboost|p2b: Blastoise|def|1
|-unboost|p2b: Blastoise|spd|1
|-boost|p2b: Blastoise|atk|2
|-boost|p2b: Blastoise|spa|2
|-boost|p2b: Blastoise|spe|2
|
|upkeep
|turn|2
|
|t:|1784582351
|switch|p2a: Sinistcha|Sinistcha, L50|100/100
|-heal|p2b: Blastoise|100/100|[from] ability: Hospitality|[of] p2a: Sinistcha
|move|p2b: Blastoise|Protect|p2b: Blastoise
|-singleturn|p2b: Blastoise|Protect
|move|p1a: Staraptor|Protect|p1a: Staraptor
|-singleturn|p1a: Staraptor|Protect
|move|p1b: Hydreigon|Snarl|p2b: Blastoise|[spread] p2a
|-activate|p2b: Blastoise|move: Protect
|-supereffective|p2a: Sinistcha|1
|-damage|p2a: Sinistcha|59/100
|-unboost|p2a: Sinistcha|spa|1
|
|upkeep
|turn|3
|
|t:|1784582368
|switch|p1a: Whimsicott|Whimsicott, L50, F|100/100
|move|p2a: Sinistcha|Rage Powder|p2a: Sinistcha
|-singleturn|p2a: Sinistcha|move: Rage Powder
|move|p2b: Blastoise|Water Spout|p1a: Whimsicott|[spread] p1a,p1b
|-resisted|p1a: Whimsicott|1
|-resisted|p1b: Hydreigon|1
|-damage|p1a: Whimsicott|21/100
|-damage|p1b: Hydreigon|44/100
|move|p1b: Hydreigon|Snarl|p2a: Sinistcha|[spread] p2a,p2b
|-supereffective|p2a: Sinistcha|1
|-damage|p2a: Sinistcha|14/100
|-damage|p2b: Blastoise|65/100
|-unboost|p2a: Sinistcha|spa|1
|-unboost|p2b: Blastoise|spa|1
|
|upkeep
|turn|4
|
|t:|1784582384
|switch|p2b: Sneasler|Sneasler, L50, M|100/100
|switch|p2a: Incineroar|Incineroar, L50, M|91/100
|-ability|p2a: Incineroar|Intimidate|boost
|-unboost|p1a: Whimsicott|atk|1
|-unboost|p1b: Hydreigon|atk|1
|move|p1a: Whimsicott|Tailwind|p1a: Whimsicott
|-sidestart|p1: gianisking|move: Tailwind
|move|p1b: Hydreigon|Snarl|p2a: Incineroar|[spread] p2a
|-miss|p1b: Hydreigon|p2b: Sneasler
|-resisted|p2a: Incineroar|1
|-damage|p2a: Incineroar|82/100
|-unboost|p2a: Incineroar|spa|1
|
|upkeep
|turn|5
|
|t:|1784582401
|switch|p1b: Incineroar|Incineroar, L50, M|100/100
|-ability|p1b: Incineroar|Intimidate|boost
|-unboost|p2a: Incineroar|atk|1
|-unboost|p2b: Sneasler|atk|1
|move|p1a: Whimsicott|Moonblast|p2b: Sneasler
|-damage|p2b: Sneasler|51/100
|move|p2b: Sneasler|Close Combat|p1b: Incineroar
|-supereffective|p1b: Incineroar|1
|-crit|p1b: Incineroar
|-damage|p1b: Incineroar|0 fnt
|-unboost|p2b: Sneasler|def|1
|-unboost|p2b: Sneasler|spd|1
|faint|p1b: Incineroar
|move|p2a: Incineroar|Parting Shot|p1a: Whimsicott
|-unboost|p1a: Whimsicott|atk|1
|-unboost|p1a: Whimsicott|spa|1
|
|t:|1784582414
|switch|p2a: Sinistcha|Sinistcha, L50|14/100|[from] Parting Shot
|-heal|p2b: Sneasler|76/100|[from] ability: Hospitality|[of] p2a: Sinistcha
|
|upkeep
|
|t:|1784582416
|switch|p1b: Staraptor|Staraptor-Mega, L50, M|93/100
|turn|6
|
|t:|1784582447
|switch|p2a: Blastoise|Blastoise-Mega, L50, M|65/100
|move|p1a: Whimsicott|Moonblast|p2a: Blastoise
|-crit|p2a: Blastoise
|-damage|p2a: Blastoise|13/100
|move|p1b: Staraptor|Brave Bird|p2b: Sneasler
|-supereffective|p2b: Sneasler|1
|-damage|p2b: Sneasler|0 fnt
|faint|p2b: Sneasler
|-damage|p1b: Staraptor|71/100|[from] Recoil
|
|upkeep
|-message|naibot2814 forfeited.
|
|win|gianisking
|raw|gianisking's rating: 1457 → 1478(+21 for winning)
|raw|naibot2814's rating: 1469 → 1448(-21 for losing)
|l|☆naibot2814
|player|p2|
|l|☆gianisking
|player|p1|
|j| untaljesust
|l| untaljesust
|j|☆naibot2814
|player|p2|naibot2814|colress|
