|j|☆aseyo
|j|☆reghgenius
|html|aseyoreghgenius    
|uhtml|bestof|Game 3 of a best-of-3
|t:|1756483651
|gametype|doubles
|player|p1|aseyo|266|1405
|player|p2|reghgenius|101|1318
|gen|9
|tier|[Gen 9] VGC 2025 Reg H (Bo3)
|rated|
|rule|Species Clause: Limit one of each Pokémon
|rule|Item Clause: Limit 1 of each item
|clearpoke
|poke|p1|Archaludon, L50, M|
|poke|p1|Pelipper, L50, F|
|poke|p1|Basculegion, L50, M|
|poke|p1|Kingambit, L50, M|
|poke|p1|Amoonguss, L50, F|
|poke|p1|Farigiraf, L50, M|
|poke|p2|Gholdengo, L50|
|poke|p2|Sneasler, L50, M|
|poke|p2|Rillaboom, L50, M|
|poke|p2|Dragonite, L50, F|
|poke|p2|Ninetales-Alola, L50, F|
|poke|p2|Arcanine-Hisui, L50, F|
|teampreview|4
|showteam|p1|Archaludon||AssaultVest|Stamina|DragonPulse,FlashCannon,ElectroShot,BodyPress|||M|||50|,,,,,Grass]Pelipper||FocusSash|Drizzle|WeatherBall,Hurricane,Tailwind,Protect|||F|||50|,,,,,Ground]Basculegion||ChoiceBand|SwiftSwim|WaveCrash,FlipTurn,AquaJet,LastRespects|||M|||50|,,,,,Water]Kingambit||SafetyGoggles|Defiant|KowtowCleave,SwordsDance,SuckerPunch,Protect|||M|||50|,,,,,Dark]Amoonguss||CovertCloak|Regenerator|Spore,RagePowder,ClearSmog,PollenPuff|||F|||50|,,,,,Psychic]Farigiraf||ThroatSpray|ArmorTail|HyperVoice,Psychic,TrickRoom,Protect|||M|||50|,,,,,Fairy
|showteam|p2|Gholdengo||GrassySeed|GoodasGold|NastyPlot,MakeItRain,ShadowBall,Protect||||||50|,,,,,Water]Sneasler||WhiteHerb|Unburden|CloseCombat,DireClaw,Coaching,Protect|||M|||50|,,,,,Ghost]Rillaboom||AssaultVest|GrassySurge|FakeOut,GrassyGlide,DrumBeating,HighHorsepower|||M|||50|,,,,,Fire]Dragonite||LoadedDice|Multiscale|ScaleShot,StompingTantrum,Tailwind,Protect|||F|||50|,,,,,Ground]Ninetales-Alola||FocusSash|SnowWarning|Blizzard,IcyWind,Encore,AuroraVeil|||F|||50|,,,,,Ghost]Arcanine-Hisui||ClearAmulet|Intimidate|RockSlide,FlareBlitz,ExtremeSpeed,Protect|||F|||50|,,,,,Water
|inactive|Battle timer is ON: inactive players will automatically lose when time's up. (requested by reghgenius)
|inactive|aseyo also wants the timer to be on.
|inactive|aseyo has 60 seconds left.
|inactive|reghgenius has 60 seconds left.
|inactive|reghgenius has 30 seconds left.
|inactive|aseyo has 30 seconds left.
|inactive|aseyo has 20 seconds left.
|inactive|aseyo has 15 seconds left.
|
|t:|1756483732
|teamsize|p1|4
|teamsize|p2|4
|start
|switch|p1a: Kingambit|Kingambit, L50, M|100/100
|switch|p1b: Farigiraf|Farigiraf, L50, M|100/100
|switch|p2a: Sneasler|Sneasler, L50, M|100/100
|switch|p2b: Gholdengo|Gholdengo, L50|100/100
|turn|1
|inactive|reghgenius has 30 seconds left.
|inactive|aseyo has 30 seconds left.
|
|t:|1756483771
|move|p2a: Sneasler|Close Combat|p1b: Farigiraf
|-damage|p1b: Farigiraf|41/100
|-unboost|p2a: Sneasler|def|1
|-unboost|p2a: Sneasler|spd|1
|-enditem|p2a: Sneasler|White Herb
|-clearnegativeboost|p2a: Sneasler|[silent]
|move|p2b: Gholdengo|Make It Rain|p1a: Kingambit|[spread] p1a,p1b
|-resisted|p1a: Kingambit
|-damage|p1a: Kingambit|79/100
|-damage|p1b: Farigiraf|1/100
|-unboost|p2b: Gholdengo|spa|1
|move|p1a: Kingambit|Swords Dance|p1a: Kingambit
|-boost|p1a: Kingambit|atk|2
|move|p1b: Farigiraf|Trick Room|p1b: Farigiraf
|-fieldstart|move: Trick Room|[of] p1b: Farigiraf
|
|upkeep
|turn|2
|inactive|aseyo has 30 seconds left.
|inactive|reghgenius has 30 seconds left.
|
|t:|1756483799
|-terastallize|p1a: Kingambit|Dark
|-terastallize|p2a: Sneasler|Ghost
|move|p1a: Kingambit|Kowtow Cleave|p2b: Gholdengo
|-supereffective|p2b: Gholdengo
|-damage|p2b: Gholdengo|0 fnt
|faint|p2b: Gholdengo
|move|p1b: Farigiraf|Psychic|p2a: Sneasler
|-damage|p2a: Sneasler|56/100
|move|p2a: Sneasler|Close Combat|p1a: Kingambit
|-supereffective|p1a: Kingambit
|-damage|p1a: Kingambit|0 fnt
|-unboost|p2a: Sneasler|def|1
|-unboost|p2a: Sneasler|spd|1
|faint|p1a: Kingambit
|
|upkeep
|
|t:|1756483815
|switch|p1a: Archaludon|Archaludon, L50, M|100/100
|switch|p2b: Rillaboom|Rillaboom, L50, M|100/100
|-fieldstart|move: Grassy Terrain|[from] ability: Grassy Surge|[of] p2b: Rillaboom
|turn|3
|
|t:|1756483831
|switch|p1b: Pelipper|Pelipper, L50, F|100/100
|-weather|RainDance|[from] ability: Drizzle|[of] p1b: Pelipper
|move|p2a: Sneasler|Protect|p2a: Sneasler
|-singleturn|p2a: Sneasler|Protect
|move|p1a: Archaludon|Electro Shot||[still]
|-prepare|p1a: Archaludon|Electro Shot
|-boost|p1a: Archaludon|spa|1
|-anim|p1a: Archaludon|Electro Shot|p2a: Sneasler
|-activate|p2a: Sneasler|move: Protect
|move|p2b: Rillaboom|Drum Beating|p1b: Pelipper
|-damage|p1b: Pelipper|33/100
|-unboost|p1b: Pelipper|spe|1
|
|-weather|RainDance|[upkeep]
|-heal|p2a: Sneasler|62/100|[from] Grassy Terrain
|upkeep
|turn|4
|inactive|reghgenius has 30 seconds left.
|inactive|reghgenius has 20 seconds left.
|inactive|reghgenius has 15 seconds left.
|inactive|reghgenius has 10 seconds left.
|
|t:|1756483882
|switch|p2a: Ninetales|Ninetales-Alola, L50, F|100/100
|-weather|Snowscape|[from] ability: Snow Warning|[of] p2a: Ninetales
|move|p1b: Pelipper|Hurricane|p2b: Rillaboom
|-supereffective|p2b: Rillaboom
|-damage|p2b: Rillaboom|14/100
|move|p1a: Archaludon|Flash Cannon|p2b: Rillaboom
|-damage|p2b: Rillaboom|0 fnt
|faint|p2b: Rillaboom
|
|-weather|Snowscape|[upkeep]
|upkeep
|
|t:|1756483893
|switch|p2b: Sneasler|Sneasler, L50, M, tera:Ghost|62/100
|turn|5
|
|t:|1756483911
|move|p2b: Sneasler|Protect|p2b: Sneasler
|-singleturn|p2b: Sneasler|Protect
|move|p1b: Pelipper|Tailwind|p1b: Pelipper
|-sidestart|p1: aseyo|move: Tailwind
|move|p2a: Ninetales|Blizzard|p1a: Archaludon|[spread] p1a,p1b
|-damage|p1a: Archaludon|76/100
|-damage|p1b: Pelipper|0 fnt
|-ability|p1a: Archaludon|Stamina|boost
|-boost|p1a: Archaludon|def|1
|faint|p1b: Pelipper
|move|p1a: Archaludon|Flash Cannon|p2b: Sneasler
|-activate|p2b: Sneasler|move: Protect
|
|-weather|Snowscape|[upkeep]
|-heal|p2b: Sneasler|68/100|[from] Grassy Terrain
|-heal|p1a: Archaludon|82/100|[from] Grassy Terrain
|-fieldend|move: Trick Room
|upkeep
|
|t:|1756483919
|switch|p1b: Farigiraf|Farigiraf, L50, M|1/100
|turn|6
|
|t:|1756483931
|move|p1a: Archaludon|Flash Cannon|p2b: Sneasler
|-damage|p2b: Sneasler|0 fnt
|faint|p2b: Sneasler
|move|p2a: Ninetales|Blizzard|p1b: Farigiraf|[spread] p1a,p1b
|-damage|p1a: Archaludon|60/100
|-damage|p1b: Farigiraf|0 fnt
|-ability|p1a: Archaludon|Stamina|boost
|-boost|p1a: Archaludon|def|1
|faint|p1b: Farigiraf
|
|-weather|Snowscape|[upkeep]
|-heal|p1a: Archaludon|66/100|[from] Grassy Terrain
|upkeep
|turn|7
|inactive|reghgenius has 30 seconds left.
|
|t:|1756483963
|move|p1a: Archaludon|Flash Cannon|p2a: Ninetales
|-supereffective|p2a: Ninetales
|-enditem|p2a: Ninetales|Focus Sash
|-damage|p2a: Ninetales|1/100
|-unboost|p2a: Ninetales|spd|1
|move|p2a: Ninetales|Blizzard|p1a: Archaludon
|-damage|p1a: Archaludon|35/100
|-ability|p1a: Archaludon|Stamina|boost
|-boost|p1a: Archaludon|def|1
|
|-weather|Snowscape|[upkeep]
|-heal|p1a: Archaludon|41/100|[from] Grassy Terrain
|-heal|p2a: Ninetales|7/100|[from] Grassy Terrain
|-fieldend|move: Grassy Terrain
|upkeep
|turn|8
|
|t:|1756483975
|move|p1a: Archaludon|Flash Cannon|p2a: Ninetales
|-supereffective|p2a: Ninetales
|-crit|p2a: Ninetales
|-damage|p2a: Ninetales|0 fnt
|faint|p2a: Ninetales
|
|win|aseyo
|raw|aseyo's rating: 1405 → 1420(+15 for winning)
|raw|reghgenius's rating: 1318 → 1303(-15 for losing)
|c|☆aseyo|gg
