|j|☆zaraskadi
|j|☆TheMarrsterVGC
|html|zaraskadiTheMarrsterVGC    
|uhtml|bestof|Game 3 of a best-of-3
|t:|1756110029
|gametype|doubles
|player|p1|zaraskadi|benga|1176
|player|p2|TheMarrsterVGC|101|1289
|gen|9
|tier|[Gen 9] VGC 2025 Reg H (Bo3)
|rated|
|rule|Species Clause: Limit one of each Pokémon
|rule|Item Clause: Limit 1 of each item
|clearpoke
|poke|p1|Dragonite, L50, M|
|poke|p1|Volcarona, L50, F|
|poke|p1|Sneasler, L50, M|
|poke|p1|Rillaboom, L50, M|
|poke|p1|Electabuzz, L50, M|
|poke|p1|Kingambit, L50, M|
|poke|p2|Ursaluna, L50, M|
|poke|p2|Pelipper, L50, F|
|poke|p2|Archaludon, L50, M|
|poke|p2|Sinistcha, L50|
|poke|p2|Dragonite, L50, M|
|poke|p2|Gholdengo, L50|
|teampreview|4
|showteam|p1|Dragonite||LoadedDice|Multiscale|ScaleShot,ExtremeSpeed,Haze,Protect|||M|||50|,,,,,Fairy]Volcarona||CovertCloak|FlameBody|HeatWave,TeraBlast,QuiverDance,Protect|||F|||50|,,,,,Fairy]Sneasler||FocusSash|Unburden|CloseCombat,DireClaw,Coaching,Protect|||M|||50|,,,,,Stellar]Rillaboom||AssaultVest|GrassySurge|WoodHammer,GrassyGlide,HighHorsepower,FakeOut|||M|||50|,,,,,Water]Electabuzz||Eviolite|VitalSpirit|Thunderbolt,FollowMe,Taunt,Protect|||M|||50|,,,,,Ghost]Kingambit||BlackGlasses|Defiant|KowtowCleave,SuckerPunch,SwordsDance,Protect|||M|||50|,,,,,Dark
|showteam|p2|Ursaluna||FlameOrb|Guts|Facade,HeadlongRush,Earthquake,Protect|||M|||50|,,,,,Ghost]Pelipper||FocusSash|Drizzle|MuddyWater,Hurricane,Tailwind,Protect|||F|||50|,,,,,Ghost]Archaludon||AssaultVest|Stamina|ElectroShot,Snarl,BodyPress,DragonPulse|||M|||50|,,,,,Fighting]Sinistcha||SitrusBerry|Hospitality|MatchaGotcha,RagePowder,TrickRoom,LifeDew||||||50|,,,,,Dark]Dragonite||LoadedDice|Multiscale|ScaleShot,Tailwind,Haze,Protect|||M|||50|,,,,,Fairy]Gholdengo||ChoiceScarf|GoodasGold|MakeItRain,ShadowBall,PowerGem,Trick||||||50|,,,,,Steel
|
|t:|1756110074
|teamsize|p1|4
|teamsize|p2|4
|start
|switch|p1a: Kingambit|Kingambit, L50, M, shiny|100/100
|switch|p1b: Electabuzz|Electabuzz, L50, M|100/100
|switch|p2a: Pelipper|Pelipper, L50, F|100/100
|switch|p2b: Archaludon|Archaludon, L50, M|100/100
|-weather|RainDance|[from] ability: Drizzle|[of] p2a: Pelipper
|turn|1
|
|t:|1756110098
|-terastallize|p2b: Archaludon|Fighting
|move|p2a: Pelipper|Protect|p2a: Pelipper
|-singleturn|p2a: Pelipper|Protect
|move|p1a: Kingambit|Protect|p1a: Kingambit
|-singleturn|p1a: Kingambit|Protect
|move|p1b: Electabuzz|Taunt|p2a: Pelipper
|-activate|p2a: Pelipper|move: Protect
|move|p2b: Archaludon|Electro Shot||[still]
|-prepare|p2b: Archaludon|Electro Shot
|-boost|p2b: Archaludon|spa|1
|-anim|p2b: Archaludon|Electro Shot|p1a: Kingambit
|-activate|p1a: Kingambit|move: Protect
|
|-weather|RainDance|[upkeep]
|upkeep
|turn|2
|
|t:|1756110143
|move|p1b: Electabuzz|Follow Me|p1b: Electabuzz
|-singleturn|p1b: Electabuzz|move: Follow Me
|move|p2a: Pelipper|Tailwind|p2a: Pelipper
|-sidestart|p2: TheMarrsterVGC|move: Tailwind
|move|p2b: Archaludon|Electro Shot||[still]
|-prepare|p2b: Archaludon|Electro Shot
|-boost|p2b: Archaludon|spa|1
|-anim|p2b: Archaludon|Electro Shot|p1b: Electabuzz
|-resisted|p1b: Electabuzz
|-damage|p1b: Electabuzz|72/100
|move|p1a: Kingambit|Swords Dance|p1a: Kingambit
|-boost|p1a: Kingambit|atk|2
|
|-weather|RainDance|[upkeep]
|upkeep
|turn|3
|
|t:|1756110177
|move|p1b: Electabuzz|Follow Me|p1b: Electabuzz
|-singleturn|p1b: Electabuzz|move: Follow Me
|move|p2a: Pelipper|Muddy Water|p1a: Kingambit|[spread] p1a,p1b
|-damage|p1a: Kingambit|58/100
|-damage|p1b: Electabuzz|36/100
|move|p2b: Archaludon|Dragon Pulse|p1b: Electabuzz
|-damage|p1b: Electabuzz|0 fnt
|faint|p1b: Electabuzz
|move|p1a: Kingambit|Kowtow Cleave|p2a: Pelipper
|-enditem|p2a: Pelipper|Focus Sash
|-damage|p2a: Pelipper|1/100
|
|-weather|RainDance|[upkeep]
|upkeep
|
|t:|1756110188
|switch|p1b: Volcarona|Volcarona, L50, F|100/100
|turn|4
|
|t:|1756110217
|-terastallize|p1b: Volcarona|Fairy
|move|p2a: Pelipper|Protect|p2a: Pelipper
|-singleturn|p2a: Pelipper|Protect
|move|p1a: Kingambit|Sucker Punch||[still]
|-fail|p1a: Kingambit
|move|p2b: Archaludon|Body Press|p1a: Kingambit
|-supereffective|p1a: Kingambit
|-damage|p1a: Kingambit|0 fnt
|faint|p1a: Kingambit
|move|p1b: Volcarona|Quiver Dance|p1b: Volcarona
|-boost|p1b: Volcarona|spa|1
|-boost|p1b: Volcarona|spd|1
|-boost|p1b: Volcarona|spe|1
|
|-weather|RainDance|[upkeep]
|upkeep
|
|t:|1756110225
|switch|p1a: Rillaboom|Rillaboom, L50, M|100/100
|-fieldstart|move: Grassy Terrain|[from] ability: Grassy Surge|[of] p1a: Rillaboom
|turn|5
|
|t:|1756110253
|switch|p2a: Sinistcha|Sinistcha, L50|100/100
|move|p1a: Rillaboom|Fake Out|p2b: Archaludon
|-damage|p2b: Archaludon|91/100
|-ability|p2b: Archaludon|Stamina|boost
|-boost|p2b: Archaludon|def|1
|move|p1b: Volcarona|Tera Blast|p2b: Archaludon|[anim] Tera Blast Fairy
|-supereffective|p2b: Archaludon
|-damage|p2b: Archaludon|1/100
|-ability|p2b: Archaludon|Stamina|boost
|-boost|p2b: Archaludon|def|1
|cant|p2b: Archaludon|flinch
|
|-weather|none
|-heal|p2b: Archaludon|7/100|[from] Grassy Terrain
|-sideend|p2: TheMarrsterVGC|move: Tailwind
|upkeep
|turn|6
|
|t:|1756110288
|switch|p2b: Pelipper|Pelipper, L50, F|1/100
|-weather|RainDance|[from] ability: Drizzle|[of] p2b: Pelipper
|move|p1b: Volcarona|Heat Wave|p2b: Pelipper|[spread] p2a,p2b
|-supereffective|p2a: Sinistcha
|-resisted|p2b: Pelipper
|-damage|p2a: Sinistcha|55/100
|-damage|p2b: Pelipper|0 fnt
|faint|p2b: Pelipper
|move|p1a: Rillaboom|Wood Hammer|p2a: Sinistcha
|-resisted|p2a: Sinistcha
|-damage|p2a: Sinistcha|17/100
|-enditem|p2a: Sinistcha|Sitrus Berry|[eat]
|-heal|p2a: Sinistcha|42/100|[from] item: Sitrus Berry
|-damage|p1a: Rillaboom|90/100|[from] Recoil
|move|p2a: Sinistcha|Trick Room|p2a: Sinistcha
|-fieldstart|move: Trick Room|[of] p2a: Sinistcha
|
|-weather|RainDance|[upkeep]
|-heal|p2a: Sinistcha|48/100|[from] Grassy Terrain
|-heal|p1a: Rillaboom|96/100|[from] Grassy Terrain
|upkeep
|
|t:|1756110312
|switch|p2b: Ursaluna|Ursaluna, L50, M|100/100
|turn|7
|
|t:|1756110334
|switch|p2a: Archaludon|Archaludon, L50, M, tera:Fighting|7/100
|move|p2b: Ursaluna|Protect|p2b: Ursaluna
|-singleturn|p2b: Ursaluna|Protect
|move|p1a: Rillaboom|Wood Hammer|p2a: Archaludon
|-damage|p2a: Archaludon|0 fnt
|faint|p2a: Archaludon
|-damage|p1a: Rillaboom|94/100|[from] Recoil
|move|p1b: Volcarona|Heat Wave|p2b: Ursaluna
|-activate|p2b: Ursaluna|move: Protect
|
|-weather|RainDance|[upkeep]
|-heal|p1a: Rillaboom|99/100|[from] Grassy Terrain
|-status|p2b: Ursaluna|brn|[from] item: Flame Orb
|upkeep
|
|t:|1756110347
|switch|p2a: Sinistcha|Sinistcha, L50|48/100
|turn|8
|
|t:|1756110357
|move|p2a: Sinistcha|Life Dew||[still]|[spread] p2a,p2b
|-heal|p2a: Sinistcha|73/100
|-fail|p2b: Ursaluna|heal
|move|p2b: Ursaluna|Facade|p1a: Rillaboom
|-damage|p1a: Rillaboom|0 fnt
|faint|p1a: Rillaboom
|move|p1b: Volcarona|Heat Wave|p2b: Ursaluna|[spread] p2b
|-miss|p1b: Volcarona|p2a: Sinistcha
|-crit|p2b: Ursaluna
|-damage|p2b: Ursaluna|64/100 brn
|
|-weather|RainDance|[upkeep]
|-heal|p2a: Sinistcha|79/100|[from] Grassy Terrain
|-heal|p2b: Ursaluna|70/100 brn|[from] Grassy Terrain
|-damage|p2b: Ursaluna|64/100 brn|[from] brn
|upkeep
|turn|9
|
|t:|1756110378
|move|p2a: Sinistcha|Life Dew|p2a: Sinistcha|[spread] p2a,p2b
|-heal|p2a: Sinistcha|100/100
|-heal|p2b: Ursaluna|89/100 brn
|move|p2b: Ursaluna|Facade|p1b: Volcarona
|-damage|p1b: Volcarona|0 fnt
|faint|p1b: Volcarona
|
|win|TheMarrsterVGC
|raw|zaraskadi's rating: 1176 → 1159(-17 for losing)
|raw|TheMarrsterVGC's rating: 1289 → 1306(+17 for winning)
|l|☆zaraskadi
|player|p1|
|c|☆TheMarrsterVGC|Ggwp
