|j|☆carolchanning
|j|☆MegaJouleVGC
|html|carolchanningMegaJouleVGC    
|uhtml|bestof|Game 2 of a best-of-3
|t:|1783783020
|gametype|doubles
|player|p1|carolchanning|2|1361
|player|p2|MegaJouleVGC|artist|1373
|gen|9
|tier|[Gen 9 Champions] VGC 2026 Reg M-B (Bo3)
|rated|
|rule|Species Clause: Limit one of each Pokémon
|rule|Item Clause: Limit 1 of each item
|clearpoke
|poke|p1|Charizard, L50, F|
|poke|p1|Garchomp, L50, M|
|poke|p1|Incineroar, L50, M|
|poke|p1|Sylveon, L50, M|
|poke|p1|Farigiraf, L50, F|
|poke|p1|Aerodactyl, L50, F|
|poke|p2|Charizard, L50, F|
|poke|p2|Garchomp, L50, F|
|poke|p2|Toxapex, L50, F|
|poke|p2|Sinistcha, L50|
|poke|p2|Dragapult, L50, F|
|poke|p2|Incineroar, L50, M|
|teampreview|4
|showteam|p1|Charizard||CharizarditeY|Blaze|HeatWave,WeatherBall,SolarBeam,Protect|Modest||F|||50|]Garchomp||LifeOrb|RoughSkin|Earthquake,DragonClaw,StompingTantrum,Protect|Jolly||M|||50|]Incineroar||Charcoal|Intimidate|FakeOut,PartingShot,DarkestLariat,FlareBlitz|Brave||M|||50|]Sylveon||FairyFeather|Pixilate|HyperVoice,QuickAttack,Yawn,Protect|Modest||M|||50|]Farigiraf||SitrusBerry|ArmorTail|Psyshock,HelpingHand,TrickRoom,Protect|Calm||F|||50|]Aerodactyl||FocusSash|Unnerve|RockSlide,Tailwind,WideGuard,Protect|Jolly||F|||50|
|showteam|p2|Charizard||CharizarditeY|Blaze|HeatWave,WeatherBall,SolarBeam,Protect|Timid||F|||50|]Garchomp||LifeOrb|RoughSkin|Earthquake,RockSlide,DragonClaw,Protect|Adamant||F|||50|]Toxapex||Leftovers|Regenerator|WideGuard,Toxic,Infestation,BanefulBunker|Sassy||F|||50|]Sinistcha||CobaBerry|Hospitality|TrickRoom,RagePowder,MatchaGotcha,Protect|Relaxed|||||50|]Dragapult||FocusSash|ClearBody|DragonDance,DragonDarts,SuckerPunch,Protect|Jolly||F|||50|]Incineroar||SitrusBerry|Intimidate|FakeOut,FlareBlitz,ThroatChop,PartingShot|Adamant||M|||50|
|inactive|Battle timer is ON: inactive players will automatically lose when time's up. (requested by MegaJouleVGC)
|inactive|carolchanning also wants the timer to be on.
|
|t:|1783783032
|teamsize|p1|4
|teamsize|p2|4
|start
|switch|p1a: Farigiraf|Farigiraf, L50, F|100/100
|switch|p1b: Sylveon|Sylveon, L50, M|100/100
|switch|p2a: Dragapult|Dragapult, L50, F|100/100
|switch|p2b: Incineroar|Incineroar, L50, M|100/100
|-ability|p2b: Incineroar|Intimidate|boost
|-unboost|p1a: Farigiraf|atk|1
|-unboost|p1b: Sylveon|atk|1
|turn|1
|
|t:|1783783057
|move|p2a: Dragapult|Dragon Darts|p1a: Farigiraf
|-damage|p1a: Farigiraf|78/100
|-anim|p2a: Dragapult|Dragon Darts|p1a: Farigiraf
|-damage|p1a: Farigiraf|58/100
|move|p2b: Incineroar|Throat Chop|p1b: Sylveon
|-resisted|p1b: Sylveon|1
|-damage|p1b: Sylveon|77/100
|-start|p1b: Sylveon|Throat Chop|[silent]
|move|p1b: Sylveon|Yawn|p2a: Dragapult
|-start|p2a: Dragapult|move: Yawn|[of] p1b: Sylveon
|move|p1a: Farigiraf|Trick Room|p1a: Farigiraf
|-fieldstart|move: Trick Room|[of] p1a: Farigiraf
|
|upkeep
|turn|2
|inactive|MegaJouleVGC has 30 seconds left.
|
|t:|1783783091
|switch|p2a: Charizard|Charizard, L50, F|100/100
|move|p1a: Farigiraf|Psyshock|p2a: Charizard
|-damage|p2a: Charizard|63/100
|move|p1b: Sylveon|Yawn|p2a: Charizard
|-start|p2a: Charizard|move: Yawn|[of] p1b: Sylveon
|move|p2b: Incineroar|Parting Shot|p1b: Sylveon
|-unboost|p1b: Sylveon|atk|1
|-unboost|p1b: Sylveon|spa|1
|
|t:|1783783102
|switch|p2b: Sinistcha|Sinistcha, L50|100/100|[from] Parting Shot
|-heal|p2a: Charizard|88/100|[from] ability: Hospitality|[of] p2b: Sinistcha
|
|-end|p1b: Sylveon|Throat Chop|[silent]
|upkeep
|turn|3
|
|t:|1783783120
|switch|p2a: Incineroar|Incineroar, L50, M|100/100
|-ability|p2a: Incineroar|Intimidate|boost
|-unboost|p1a: Farigiraf|atk|1
|-unboost|p1b: Sylveon|atk|1
|move|p1a: Farigiraf|Helping Hand|p1b: Sylveon
|-singleturn|p1b: Sylveon|Helping Hand|[of] p1a: Farigiraf
|move|p1b: Sylveon|Hyper Voice|p2a: Incineroar|[spread] p2a,p2b
|-crit|p2a: Incineroar
|-damage|p2a: Incineroar|4/100
|-damage|p2b: Sinistcha|51/100
|-enditem|p2a: Incineroar|Sitrus Berry|[eat]
|-heal|p2a: Incineroar|29/100|[from] item: Sitrus Berry
|move|p2b: Sinistcha|Matcha Gotcha|p1b: Sylveon|[spread] p1a,p1b
|-damage|p1a: Farigiraf|34/100
|-heal|p2b: Sinistcha|67/100|[from] drain|[of] p1a: Farigiraf
|-damage|p1b: Sylveon|59/100
|-heal|p2b: Sinistcha|77/100|[from] drain|[of] p1b: Sylveon
|-enditem|p1a: Farigiraf|Sitrus Berry|[eat]
|-heal|p1a: Farigiraf|59/100|[from] item: Sitrus Berry
|
|upkeep
|turn|4
|
|t:|1783783144
|switch|p2a: Charizard|Charizard, L50, F|88/100
|move|p1a: Farigiraf|Psyshock|p2a: Charizard
|-damage|p2a: Charizard|47/100
|move|p2b: Sinistcha|Matcha Gotcha|p1a: Farigiraf|[spread] p1a,p1b
|-damage|p1a: Farigiraf|37/100
|-heal|p2b: Sinistcha|92/100|[from] drain|[of] p1a: Farigiraf
|-damage|p1b: Sylveon|42/100
|-heal|p2b: Sinistcha|100/100|[from] drain|[of] p1b: Sylveon
|move|p1b: Sylveon|Hyper Voice|p2a: Charizard|[spread] p2a,p2b
|-resisted|p2a: Charizard|1
|-damage|p2a: Charizard|28/100
|-damage|p2b: Sinistcha|71/100
|
|upkeep
|turn|5
|inactive|carolchanning has 30 seconds left.
|inactive|MegaJouleVGC has 30 seconds left.
|
|t:|1783783186
|switch|p1a: Garchomp|Garchomp, L50, M|100/100
|switch|p1b: Incineroar|Incineroar, L50, M|100/100
|-ability|p1b: Incineroar|Intimidate|boost
|-unboost|p2a: Charizard|atk|1
|-unboost|p2b: Sinistcha|atk|1
|move|p2b: Sinistcha|Protect|p2b: Sinistcha
|-singleturn|p2b: Sinistcha|Protect
|move|p2a: Charizard|Protect||[still]
|-fail|p2a: Charizard
|
|-fieldend|move: Trick Room
|upkeep
|turn|6
|
|t:|1783783207
|switch|p2a: Incineroar|Incineroar, L50, M|29/100
|-ability|p2a: Incineroar|Intimidate|boost
|-unboost|p1a: Garchomp|atk|1
|-unboost|p1b: Incineroar|atk|1
|move|p1a: Garchomp|Dragon Claw|p2a: Incineroar
|-damage|p2a: Incineroar|0 fnt
|faint|p2a: Incineroar
|-damage|p1a: Garchomp|90/100|[from] item: Life Orb
|move|p2b: Sinistcha|Matcha Gotcha|p1a: Garchomp|[spread] p1a,p1b
|-resisted|p1b: Incineroar|1
|-damage|p1a: Garchomp|60/100
|-heal|p2b: Sinistcha|87/100|[from] drain|[of] p1a: Garchomp
|-damage|p1b: Incineroar|88/100
|-heal|p2b: Sinistcha|93/100|[from] drain|[of] p1b: Incineroar
|move|p1b: Incineroar|Darkest Lariat|p2b: Sinistcha
|-supereffective|p2b: Sinistcha|1
|-damage|p2b: Sinistcha|48/100
|
|upkeep
|
|t:|1783783226
|switch|p2a: Dragapult|Dragapult, L50, F|100/100
|turn|7
|
|t:|1783783242
|switch|p1a: Sylveon|Sylveon, L50, M|42/100
|move|p2b: Sinistcha|Rage Powder|p2b: Sinistcha
|-singleturn|p2b: Sinistcha|move: Rage Powder
|move|p2a: Dragapult|Dragon Dance|p2a: Dragapult
|-boost|p2a: Dragapult|atk|1
|-boost|p2a: Dragapult|spe|1
|move|p1b: Incineroar|Darkest Lariat|p2b: Sinistcha
|-supereffective|p2b: Sinistcha|1
|-damage|p2b: Sinistcha|0 fnt
|faint|p2b: Sinistcha
|
|upkeep
|
|t:|1783783246
|switch|p2b: Charizard|Charizard, L50, F|28/100
|turn|8
|
|t:|1783783256
|detailschange|p2b: Charizard|Charizard-Mega-Y, L50, F
|-mega|p2b: Charizard|Charizard|Charizardite Y
|-weather|SunnyDay|[from] ability: Drought|[of] p2b: Charizard
|move|p1a: Sylveon|Protect|p1a: Sylveon
|-singleturn|p1a: Sylveon|Protect
|move|p2a: Dragapult|Dragon Darts|p1b: Incineroar
|-damage|p1b: Incineroar|49/100
|-anim|p2a: Dragapult|Dragon Darts|p1b: Incineroar
|-damage|p1b: Incineroar|11/100
|move|p2b: Charizard|Weather Ball|p1a: Sylveon
|-activate|p1a: Sylveon|move: Protect
|move|p1b: Incineroar|Parting Shot|p2b: Charizard
|-unboost|p2b: Charizard|atk|1
|-unboost|p2b: Charizard|spa|1
|inactive|carolchanning has 30 seconds left.
|
|t:|1783783286
|switch|p1b: Farigiraf|Farigiraf, L50, F|37/100|[from] Parting Shot
|
|-weather|SunnyDay|[upkeep]
|upkeep
|turn|9
|
|t:|1783783293
|move|p2a: Dragapult|Dragon Darts|p1b: Farigiraf
|-damage|p1b: Farigiraf|9/100
|-anim|p2a: Dragapult|Dragon Darts|p1b: Farigiraf
|-damage|p1b: Farigiraf|0 fnt
|faint|p1b: Farigiraf
|move|p2b: Charizard|Weather Ball|p1a: Sylveon
|-damage|p1a: Sylveon|0 fnt
|faint|p1a: Sylveon
|
|-weather|SunnyDay|[upkeep]
|upkeep
|
|t:|1783783302
|switch|p1a: Incineroar|Incineroar, L50, M|11/100
|switch|p1b: Garchomp|Garchomp, L50, M|60/100
|-ability|p1a: Incineroar|Intimidate|boost
|-fail|p2a: Dragapult|unboost|[from] ability: Clear Body|[of] p2a: Dragapult
|-unboost|p2b: Charizard|atk|1
|turn|10
|
|t:|1783783311
|move|p2a: Dragapult|Protect|p2a: Dragapult
|-singleturn|p2a: Dragapult|Protect
|move|p2b: Charizard|Protect|p2b: Charizard
|-singleturn|p2b: Charizard|Protect
|move|p1a: Incineroar|Fake Out|p2b: Charizard
|-activate|p2b: Charizard|move: Protect
|move|p1b: Garchomp|Dragon Claw|p2a: Dragapult
|-activate|p2a: Dragapult|move: Protect
|
|-weather|SunnyDay|[upkeep]
|upkeep
|turn|11
|
|t:|1783783319
|move|p2a: Dragapult|Dragon Darts|p1b: Garchomp
|-supereffective|p1b: Garchomp|1
|-damage|p1b: Garchomp|0 fnt
|-anim|p2a: Dragapult|Dragon Darts|p1a: Incineroar
|-damage|p1a: Incineroar|0 fnt
|faint|p1b: Garchomp
|faint|p1a: Incineroar
|
|win|MegaJouleVGC
|raw|carolchanning's rating: 1361 → 1342(-19 for losing)
|raw|MegaJouleVGC's rating: 1373 → 1392(+19 for winning)
|c|☆MegaJouleVGC|ggwp
|l|☆carolchanning
|player|p1|
