|j|☆wetruyas55
|j|☆asefito
|html|wetruyas55asefito    
|uhtml|bestof|Game 3 of a best-of-3
|t:|1783725921
|gametype|doubles
|player|p1|wetruyas55|102|1190
|player|p2|asefito|266|1204
|gen|9
|tier|[Gen 9 Champions] VGC 2026 Reg M-B (Bo3)
|rated|
|rule|Species Clause: Limit one of each Pokémon
|rule|Item Clause: Limit 1 of each item
|clearpoke
|poke|p1|Charizard, L50, M|
|poke|p1|Metagross, L50|
|poke|p1|Basculegion, L50, M|
|poke|p1|Garchomp, L50, M|
|poke|p1|Sylveon, L50, M|
|poke|p1|Aerodactyl, L50, F|
|poke|p2|Incineroar, L50, M|
|poke|p2|Basculegion, L50, M|
|poke|p2|Tinkaton, L50, F|
|poke|p2|Floette-Eternal, L50, F|
|poke|p2|Ceruledge, L50, M|
|poke|p2|Sneasler, L50, M|
|teampreview|4
|showteam|p1|Charizard||CharizarditeY|Blaze|HeatWave,WeatherBall,SolarBeam,Protect|Modest||M|||50|]Metagross||Metagrossite|ClearBody|PsychicFangs,IronHead,BulletPunch,Protect|Adamant|||||50|]Basculegion||ChoiceScarf|Adaptability|WaveCrash,LastRespects,AquaJet,FlipTurn|Adamant||M|||50|]Garchomp||LifeOrb|RoughSkin|Earthquake,DragonClaw,RockSlide,Protect|Jolly||M|||50|]Sylveon||FairyFeather|Pixilate|HyperVoice,QuickAttack,Yawn,Protect|Modest||M|||50|]Aerodactyl||FocusSash|Unnerve|RockSlide,DualWingbeat,Tailwind,Protect|Jolly||F|||50|
|showteam|p2|Incineroar||SitrusBerry|Intimidate|FlareBlitz,DarkestLariat,PartingShot,FakeOut|Careful||M|||50|]Basculegion||ChoiceScarf|Adaptability|WaveCrash,LastRespects,FlipTurn,AquaJet|Jolly||M|||50|]Tinkaton||Leftovers|MoldBreaker|GigatonHammer,PlayRough,FakeOut,BrickBreak|Adamant||F|||50|]Floette-Eternal||Floettite|FlowerVeil|DrainingKiss,DazzlingGleam,CalmMind,Protect|Modest||F|||50|]Ceruledge||ColburBerry|FlashFire|BitterBlade,BulkUp,ShadowSneak,Protect|Adamant||M|||50|]Sneasler||FocusSash|PoisonTouch|CloseCombat,DireClaw,Feint,FakeOut|Jolly||M|||50|
|inactive|Battle timer is ON: inactive players will automatically lose when time's up. (requested by asefito)
|inactive|wetruyas55 has 60 seconds left.
|inactive|wetruyas55 has 30 seconds left.
|
|t:|1783725985
|teamsize|p1|4
|teamsize|p2|4
|start
|switch|p1a: Charizard|Charizard, L50, M|100/100
|switch|p1b: Metagross|Metagross, L50|100/100
|switch|p2a: Incineroar|Incineroar, L50, M|100/100
|switch|p2b: Floette|Floette-Eternal, L50, F|100/100
|-ability|p2a: Incineroar|Intimidate|boost
|-unboost|p1a: Charizard|atk|1
|-fail|p1b: Metagross|unboost|[from] ability: Clear Body|[of] p1b: Metagross
|turn|1
|inactive|wetruyas55 has 30 seconds left.
|inactive|wetruyas55 has 20 seconds left.
|
|t:|1783726022
|switch|p1a: Basculegion|Basculegion, L50, M|100/100
|switch|p2a: Sneasler|Sneasler, L50, M|100/100
|detailschange|p2b: Floette|Floette-Mega, L50, F
|-mega|p2b: Floette|Floette|Floettite
|-ability|p2b: Floette|Fairy Aura
|move|p2b: Floette|Protect|p2b: Floette
|-singleturn|p2b: Floette|Protect
|move|p1b: Metagross|Protect||[still]
|-fail|p1b: Metagross
|
|upkeep
|turn|2
|
|t:|1783726047
|switch|p2b: Incineroar|Incineroar, L50, M|100/100
|-ability|p2b: Incineroar|Intimidate|boost
|-unboost|p1a: Basculegion|atk|1
|-fail|p1b: Metagross|unboost|[from] ability: Clear Body|[of] p1b: Metagross
|move|p1b: Metagross|Protect|p1b: Metagross
|-singleturn|p1b: Metagross|Protect
|move|p1a: Basculegion|Flip Turn|p2a: Sneasler
|-damage|p2a: Sneasler|47/100
|
|t:|1783726064
|switch|p1a: Garchomp|Garchomp, L50, M|100/100|[from] Flip Turn
|move|p2a: Sneasler|Dire Claw|p1a: Garchomp
|-resisted|p1a: Garchomp|1
|-damage|p1a: Garchomp|79/100
|-status|p1a: Garchomp|slp
|-damage|p2a: Sneasler|35/100|[from] ability: Rough Skin|[of] p1a: Garchomp
|
|upkeep
|turn|3
|inactive|asefito has 30 seconds left.
|
|t:|1783726091
|switch|p1b: Charizard|Charizard, L50, M|100/100
|move|p2a: Sneasler|Close Combat|p1b: Charizard
|-resisted|p1b: Charizard|1
|-damage|p1b: Charizard|63/100
|-unboost|p2a: Sneasler|def|1
|-unboost|p2a: Sneasler|spd|1
|-status|p1b: Charizard|psn|[from] ability: Poison Touch|[of] p2a: Sneasler
|cant|p1a: Garchomp|slp
|move|p2b: Incineroar|Parting Shot|p1a: Garchomp
|-unboost|p1a: Garchomp|atk|1
|-unboost|p1a: Garchomp|spa|1
|
|t:|1783726103
|switch|p2b: Floette|Floette-Mega, L50, F|100/100|[from] Parting Shot
|-ability|p2b: Floette|Fairy Aura
|
|-damage|p1b: Charizard|51/100 psn|[from] psn
|upkeep
|turn|4
|
|t:|1783726115
|switch|p1a: Metagross|Metagross, L50|100/100
|move|p2a: Sneasler|Close Combat|p1b: Charizard
|-resisted|p1b: Charizard|1
|-damage|p1b: Charizard|9/100 psn
|-unboost|p2a: Sneasler|def|1
|-unboost|p2a: Sneasler|spd|1
|move|p1b: Charizard|Heat Wave|p2b: Floette|[spread] p2a,p2b
|-damage|p2a: Sneasler|0 fnt
|-damage|p2b: Floette|65/100
|faint|p2a: Sneasler
|move|p2b: Floette|Draining Kiss|p1a: Metagross
|-resisted|p1a: Metagross|1
|-damage|p1a: Metagross|80/100
|-heal|p2b: Floette|80/100|[from] drain|[of] p1a: Metagross
|
|-damage|p1b: Charizard|0 fnt|[from] psn
|faint|p1b: Charizard
|upkeep
|
|t:|1783726134
|switch|p2a: Incineroar|Incineroar, L50, M|100/100
|switch|p1b: Garchomp|Garchomp, L50, M|79/100 slp
|-ability|p2a: Incineroar|Intimidate|boost
|-fail|p1a: Metagross|unboost|[from] ability: Clear Body|[of] p1a: Metagross
|-unboost|p1b: Garchomp|atk|1
|turn|5
|
|t:|1783726147
|move|p2b: Floette|Protect|p2b: Floette
|-singleturn|p2b: Floette|Protect
|move|p1a: Metagross|Protect|p1a: Metagross
|-singleturn|p1a: Metagross|Protect
|cant|p1b: Garchomp|slp
|move|p2a: Incineroar|Parting Shot|p1b: Garchomp
|-unboost|p1b: Garchomp|atk|1
|-unboost|p1b: Garchomp|spa|1
|
|t:|1783726155
|switch|p2a: Ceruledge|Ceruledge, L50, M|100/100|[from] Parting Shot
|
|upkeep
|turn|6
|
|t:|1783726173
|switch|p2b: Incineroar|Incineroar, L50, M|100/100
|-ability|p2b: Incineroar|Intimidate|boost
|-fail|p1a: Metagross|unboost|[from] ability: Clear Body|[of] p1a: Metagross
|-unboost|p1b: Garchomp|atk|1
|detailschange|p1a: Metagross|Metagross-Mega, L50
|-mega|p1a: Metagross|Metagross|Metagrossite
|move|p1a: Metagross|Bullet Punch|p2b: Incineroar
|-resisted|p2b: Incineroar|1
|-damage|p2b: Incineroar|86/100
|-curestatus|p1b: Garchomp|slp|[msg]
|move|p1b: Garchomp|Earthquake|p2b: Incineroar|[spread] p1a,p2a,p2b
|-supereffective|p1a: Metagross|1
|-supereffective|p2a: Ceruledge|1
|-supereffective|p2b: Incineroar|1
|-damage|p1a: Metagross|55/100
|-damage|p2a: Ceruledge|47/100
|-damage|p2b: Incineroar|51/100
|-damage|p1b: Garchomp|69/100|[from] item: Life Orb
|move|p2a: Ceruledge|Bulk Up|p2a: Ceruledge
|-boost|p2a: Ceruledge|atk|1
|-boost|p2a: Ceruledge|def|1
|
|upkeep
|turn|7
|inactive|wetruyas55 has 30 seconds left.
|inactive|asefito has 30 seconds left.
|inactive|wetruyas55 has 20 seconds left.
|
|t:|1783726209
|move|p1a: Metagross|Protect|p1a: Metagross
|-singleturn|p1a: Metagross|Protect
|move|p2b: Incineroar|Fake Out|p1b: Garchomp
|-damage|p1b: Garchomp|58/100
|-damage|p2b: Incineroar|39/100|[from] ability: Rough Skin|[of] p1b: Garchomp
|-enditem|p2b: Incineroar|Sitrus Berry|[eat]
|-heal|p2b: Incineroar|63/100|[from] item: Sitrus Berry
|cant|p1b: Garchomp|flinch
|move|p2a: Ceruledge|Bitter Blade|p1a: Metagross
|-activate|p1a: Metagross|move: Protect
|
|upkeep
|turn|8
|
|t:|1783726233
|switch|p1a: Basculegion|Basculegion, L50, M|100/100
|switch|p2b: Floette|Floette-Mega, L50, F|80/100
|-ability|p2b: Floette|Fairy Aura
|move|p2a: Ceruledge|Protect|p2a: Ceruledge
|-singleturn|p2a: Ceruledge|Protect
|move|p1b: Garchomp|Earthquake|p2a: Ceruledge|[spread] p1a,p2b
|-activate|p2a: Ceruledge|move: Protect
|-damage|p1a: Basculegion|73/100
|-damage|p2b: Floette|60/100
|-damage|p1b: Garchomp|49/100|[from] item: Life Orb
|
|upkeep
|turn|9
|
|t:|1783726252
|switch|p1b: Metagross|Metagross-Mega, L50|55/100
|move|p1a: Basculegion|Aqua Jet|p2a: Ceruledge
|-supereffective|p2a: Ceruledge|1
|-damage|p2a: Ceruledge|2/100
|move|p2a: Ceruledge|Shadow Sneak|p1a: Basculegion
|-supereffective|p1a: Basculegion|1
|-damage|p1a: Basculegion|2/100
|move|p2b: Floette|Draining Kiss|p1b: Metagross
|-resisted|p1b: Metagross|1
|-damage|p1b: Metagross|39/100
|-heal|p2b: Floette|73/100|[from] drain|[of] p1b: Metagross
|
|upkeep
|turn|10
|
|t:|1783726266
|switch|p2a: Incineroar|Incineroar, L50, M|63/100
|-ability|p2a: Incineroar|Intimidate|boost
|-unboost|p1a: Basculegion|atk|1
|-unboost|p1b: Metagross|atk|1
|move|p2b: Floette|Protect|p2b: Floette
|-singleturn|p2b: Floette|Protect
|move|p1a: Basculegion|Aqua Jet|p2a: Incineroar
|-supereffective|p2a: Incineroar|1
|-crit|p2a: Incineroar
|-damage|p2a: Incineroar|0 fnt
|faint|p2a: Incineroar
|move|p1b: Metagross|Bullet Punch|p2b: Floette
|-activate|p2b: Floette|move: Protect
|
|upkeep
|
|t:|1783726275
|switch|p2a: Ceruledge|Ceruledge, L50, M|2/100
|turn|11
|
|t:|1783726280
|move|p1a: Basculegion|Aqua Jet|p2a: Ceruledge
|-supereffective|p2a: Ceruledge|1
|-damage|p2a: Ceruledge|0 fnt
|faint|p2a: Ceruledge
|move|p1b: Metagross|Bullet Punch|p2b: Floette
|-supereffective|p2b: Floette|1
|-damage|p2b: Floette|30/100
|move|p2b: Floette|Dazzling Gleam|p1b: Metagross|[spread] p1a,p1b
|-resisted|p1b: Metagross|1
|-damage|p1a: Basculegion|0 fnt
|-damage|p1b: Metagross|18/100
|faint|p1a: Basculegion
|
|upkeep
|
|t:|1783726285
|switch|p1a: Garchomp|Garchomp, L50, M|49/100
|turn|12
|
|t:|1783726295
|move|p1b: Metagross|Bullet Punch|p2b: Floette
|-supereffective|p2b: Floette|1
|-damage|p2b: Floette|0 fnt
|faint|p2b: Floette
|
|win|wetruyas55
|raw|wetruyas55's rating: 1190 → 1216(+26 for winning)
|raw|asefito's rating: 1204 → 1178(-26 for losing)
