|j|☆ProtoZeroYT
|j|☆inadomi
|html|ProtoZeroYTinadomi    
|uhtml|bestof|Game 1 of a best-of-3
|t:|1757138449
|gametype|doubles
|player|p1|ProtoZeroYT|miku-flying|1096
|player|p2|inadomi|lady-gen4|1136
|gen|9
|tier|[Gen 9] VGC 2025 Reg H (Bo3)
|rated|
|rule|Species Clause: Limit one of each Pokémon
|rule|Item Clause: Limit 1 of each item
|clearpoke
|poke|p1|Sneasler, L50, F|
|poke|p1|Indeedee, L50, M|
|poke|p1|Volcarona, L50, M|
|poke|p1|Ursaluna-Bloodmoon, L50, M|
|poke|p1|Annihilape, L50, F|
|poke|p1|Tyranitar, L50, M|
|poke|p2|Indeedee, L50, M|
|poke|p2|Drifblim, L50, M|
|poke|p2|Volcarona, L50, F|
|poke|p2|Kommo-o, L50, M|
|poke|p2|Toxtricity, L50, M|
|poke|p2|Hydreigon, L50, M|
|teampreview|4
|showteam|p1|Sneasler||PsychicSeed|Unburden|CloseCombat,DireClaw,ThroatChop,Protect|||F|||50|,,,,,Dark]Indeedee||ChoiceScarf|PsychicSurge|ExpandingForce,TeraBlast,Trick,Protect|||M|||50|,,,,,Psychic]Volcarona||SitrusBerry|FlameBody|Overheat,StruggleBug,RagePowder,Tailwind|||M|||50|,,,,,Grass]Ursaluna-Bloodmoon||LifeOrb|MindsEye|BloodMoon,HyperVoice,EarthPower,Protect|||M|||50|,,,,,Normal]Annihilape||SafetyGoggles|Defiant|CloseCombat,RageFist,Taunt,FinalGambit|||F|||50|,,,,,Fairy]Tyranitar||AssaultVest|SandStream|RockSlide,KnockOff,TeraBlast,LowKick|||M|||50|,,,,,Flying
|showteam|p2|Indeedee||FocusSash|PsychicSurge|ExpandingForce,TeraBlast,Imprison,TrickRoom|||M|||50|,,,,,Ground]Drifblim||PsychicSeed|Unburden|Acrobatics,WillOWisp,StrengthSap,Tailwind|||M|||50|,,,,,Flying]Volcarona||LifeOrb|FlameBody|BugBuzz,HeatWave,TeraBlast,GigaDrain|||F|||50|,,,,,Fairy]Kommo-o||Leftovers|Soundproof|BodyPress,Flamethrower,IronDefense,Protect|||M|||50|,,,,,Fire]Toxtricity||ChoiceSpecs|PunkRock|Overdrive,SludgeBomb,Boomburst,VoltSwitch|||M|||50|,,,,,Normal]Hydreigon||AssaultVest|Levitate|DarkPulse,DracoMeteor,FlashCannon,Snarl|||M|||50|,,,,,Ghost
|inactive|Battle timer is ON: inactive players will automatically lose when time's up. (requested by inadomi)
|inactive|ProtoZeroYT has 60 seconds left.
|inactive|inadomi has 60 seconds left.
|
|t:|1757138489
|teamsize|p1|4
|teamsize|p2|4
|start
|switch|p1a: Annihilape|Annihilape, L50, F|100/100
|switch|p1b: Volcarona|Volcarona, L50, M|100/100
|switch|p2a: Indeedee|Indeedee, L50, M|100/100
|switch|p2b: Drifblim|Drifblim, L50, M|100/100
|-fieldstart|move: Psychic Terrain|[from] ability: Psychic Surge|[of] p2a: Indeedee
|-enditem|p2b: Drifblim|Psychic Seed
|-boost|p2b: Drifblim|spd|1|[from] item: Psychic Seed
|turn|1
|inactive|ProtoZeroYT has 30 seconds left.
|inactive|inadomi has 30 seconds left.
|inactive|ProtoZeroYT has 20 seconds left.
|inactive|inadomi has 20 seconds left.
|inactive|ProtoZeroYT has 15 seconds left.
|inactive|ProtoZeroYT has 10 seconds left.
|
|t:|1757138538
|switch|p1a: Tyranitar|Tyranitar, L50, M|100/100
|-weather|Sandstorm|[from] ability: Sand Stream|[of] p1a: Tyranitar
|move|p2b: Drifblim|Tailwind|p2b: Drifblim
|-sidestart|p2: inadomi|move: Tailwind
|move|p2a: Indeedee|Expanding Force|p1a: Tyranitar|[spread] p1b
|-immune|p1a: Tyranitar
|-damage|p1b: Volcarona|50/100
|-enditem|p1b: Volcarona|Sitrus Berry|[eat]
|-heal|p1b: Volcarona|75/100|[from] item: Sitrus Berry
|move|p1b: Volcarona|Struggle Bug|p2b: Drifblim|[spread] p2a,p2b
|-supereffective|p2a: Indeedee
|-resisted|p2b: Drifblim
|-damage|p2a: Indeedee|55/100
|-damage|p2b: Drifblim|98/100
|-unboost|p2a: Indeedee|spa|1
|-unboost|p2b: Drifblim|spa|1
|
|-weather|Sandstorm|[upkeep]
|-damage|p2b: Drifblim|92/100|[from] Sandstorm
|-damage|p2a: Indeedee|49/100|[from] Sandstorm
|-damage|p1b: Volcarona|69/100|[from] Sandstorm
|upkeep
|turn|2
|inactive|ProtoZeroYT has 30 seconds left.
|inactive|inadomi has 30 seconds left.
|
|t:|1757138568
|switch|p2a: Kommo-o|Kommo-o, L50, M|100/100
|move|p1b: Volcarona|Rage Powder|p1b: Volcarona
|-singleturn|p1b: Volcarona|move: Rage Powder
|move|p2b: Drifblim|Will-O-Wisp|p1b: Volcarona
|-immune|p1b: Volcarona
|move|p1a: Tyranitar|Knock Off|p2b: Drifblim
|-supereffective|p2b: Drifblim
|-damage|p2b: Drifblim|6/100
|
|-weather|Sandstorm|[upkeep]
|-damage|p2b: Drifblim|0 fnt|[from] Sandstorm
|-damage|p2a: Kommo-o|94/100|[from] Sandstorm
|-damage|p1b: Volcarona|63/100|[from] Sandstorm
|faint|p2b: Drifblim
|-heal|p2a: Kommo-o|100/100|[from] item: Leftovers
|upkeep
|
|t:|1757138585
|switch|p2b: Volcarona|Volcarona, L50, F|100/100
|turn|3
|inactive|ProtoZeroYT has 30 seconds left.
|inactive|inadomi has 30 seconds left.
|
|t:|1757138612
|-terastallize|p1a: Tyranitar|Flying
|move|p2b: Volcarona|Tera Blast|p1b: Volcarona
|-damage|p1b: Volcarona|28/100
|-damage|p2b: Volcarona|91/100|[from] item: Life Orb
|move|p2a: Kommo-o|Iron Defense|p2a: Kommo-o
|-boost|p2a: Kommo-o|def|2
|move|p1b: Volcarona|Tailwind|p1b: Volcarona
|-sidestart|p1: ProtoZeroYT|move: Tailwind
|move|p1a: Tyranitar|Tera Blast|p2a: Kommo-o|[anim] Tera Blast Flying
|-supereffective|p2a: Kommo-o
|-damage|p2a: Kommo-o|68/100
|
|-weather|Sandstorm|[upkeep]
|-damage|p1b: Volcarona|22/100|[from] Sandstorm
|-damage|p2b: Volcarona|84/100|[from] Sandstorm
|-damage|p2a: Kommo-o|61/100|[from] Sandstorm
|-damage|p1a: Tyranitar|95/100|[from] Sandstorm
|-heal|p2a: Kommo-o|68/100|[from] item: Leftovers
|upkeep
|turn|4
|inactive|ProtoZeroYT has 30 seconds left.
|inactive|ProtoZeroYT has 20 seconds left.
|inactive|ProtoZeroYT has 15 seconds left.
|inactive|ProtoZeroYT has 10 seconds left.
|inactive|ProtoZeroYT has 5 seconds left.
|
|t:|1757138666
|move|p1b: Volcarona|Rage Powder|p1b: Volcarona
|-singleturn|p1b: Volcarona|move: Rage Powder
|move|p2b: Volcarona|Heat Wave|p1a: Tyranitar|[spread] p1a,p1b
|-damage|p1a: Tyranitar|63/100
|-damage|p1b: Volcarona|0 fnt
|faint|p1b: Volcarona
|-damage|p2b: Volcarona|75/100|[from] item: Life Orb
|move|p2a: Kommo-o|Body Press|p1a: Tyranitar
|-resisted|p1a: Tyranitar
|-damage|p1a: Tyranitar|26/100
|move|p1a: Tyranitar|Tera Blast|p2b: Volcarona|[anim] Tera Blast Flying
|-supereffective|p2b: Volcarona
|-damage|p2b: Volcarona|0 fnt
|faint|p2b: Volcarona
|
|-weather|Sandstorm|[upkeep]
|-damage|p2a: Kommo-o|61/100|[from] Sandstorm
|-damage|p1a: Tyranitar|20/100|[from] Sandstorm
|-heal|p2a: Kommo-o|68/100|[from] item: Leftovers
|-sideend|p2: inadomi|move: Tailwind
|upkeep
|
|t:|1757138683
|switch|p1b: Ursaluna|Ursaluna-Bloodmoon, L50, M|100/100
|switch|p2b: Indeedee|Indeedee, L50, M|49/100
|turn|5
|
|t:|1757138702
|move|p2a: Kommo-o|Protect|p2a: Kommo-o
|-singleturn|p2a: Kommo-o|Protect
|move|p1a: Tyranitar|Rock Slide|p2b: Indeedee|[spread] p2b
|-activate|p2a: Kommo-o|move: Protect
|-damage|p2b: Indeedee|0 fnt
|faint|p2b: Indeedee
|move|p1b: Ursaluna|Hyper Voice|p2a: Kommo-o
|-activate|p2a: Kommo-o|move: Protect
|
|-weather|none
|-heal|p2a: Kommo-o|74/100|[from] item: Leftovers
|-fieldend|move: Psychic Terrain
|upkeep
|turn|6
|
|t:|1757138717
|move|p1a: Tyranitar|Tera Blast|p2a: Kommo-o|[anim] Tera Blast Flying
|-supereffective|p2a: Kommo-o
|-damage|p2a: Kommo-o|44/100
|move|p1b: Ursaluna|Blood Moon|p2a: Kommo-o
|-damage|p2a: Kommo-o|0 fnt
|faint|p2a: Kommo-o
|-damage|p1b: Ursaluna|91/100|[from] item: Life Orb
|
|win|ProtoZeroYT
||inadomi is ready for game 2.
||ProtoZeroYT is ready for game 2.
|uhtml|next|Next: Game 2 of 3
|l|☆inadomi
|player|p2|
