|j|☆hugoggg
|j|☆botito
|html|hugogggbotito    
|uhtml|bestof|Game 2 of a best-of-3
|t:|1786048184
|gametype|doubles
|player|p1|hugoggg|102|1173
|player|p2|botito|cynthia-gen4|1017
|gen|9
|tier|[Gen 9 Champions] VGC 2026 Reg M-B (Bo3)
|rated|
|rule|Species Clause: Limit one of each Pokémon
|rule|Item Clause: Limit 1 of each item
|clearpoke
|poke|p1|Froslass, L50, F|
|poke|p1|Dragonite, L50, F, shiny|
|poke|p1|Sneasler, L50, F|
|poke|p1|Arcanine-Hisui, L50, M|
|poke|p1|Gholdengo, L50|
|poke|p1|Kingambit, L50, F|
|poke|p2|Floette-Eternal, L50, F|
|poke|p2|Incineroar, L50, F|
|poke|p2|Sinistcha, L50|
|poke|p2|Gholdengo, L50|
|poke|p2|Malamar, L50, F|
|poke|p2|Whimsicott, L50, M|
|teampreview|4
|showteam|p1|Froslass||Froslassite|CursedBody|Blizzard,ShadowBall,AuroraVeil,Protect|Modest||F|||50|]Dragonite||DragonFang|Multiscale|ScaleShot,Haze,Tailwind,Protect|Adamant||F|||50|]Sneasler||WhiteHerb|Unburden|CloseCombat,GunkShot,FakeOut,Protect|Adamant||F|||50|]Arcanine-Hisui||FocusSash|RockHead|HeadSmash,FlareBlitz,ExtremeSpeed,Protect|Adamant||M|||50|]Gholdengo||ChoiceScarf|GoodasGold|MakeItRain,ShadowBall,PowerGem,Trick|Modest|||||50|]Kingambit||LifeOrb|Defiant|KowtowCleave,SuckerPunch,SwordsDance,Protect|Adamant||F|||50|
|showteam|p2|Floette-Eternal||Floettite|Symbiosis|CalmMind,Copycat,DazzlingGleam,Protect|Timid||F|||50|]Incineroar||SitrusBerry|Intimidate|PartingShot,FlareBlitz,FakeOut,WillOWisp|Careful||F|||50|]Sinistcha||Leftovers|Hospitality|MatchaGotcha,StrengthSap,RagePowder,Scald|Modest|||||50|]Gholdengo||WhiteHerb|GoodasGold|ShadowBall,NastyPlot,Protect,MakeItRain|Timid|||||50|]Malamar||Malamarite|Contrary|TopsyTurvy,Superpower,PsychoCut,Protect|Jolly||F|||50|]Whimsicott||FocusSash|Prankster|Tailwind,Charm,LeechSeed,Moonblast|Bold||M|||50|
|inactive|Battle timer is ON: inactive players will automatically lose when time's up. (requested by botito)
|inactive|hugoggg has 60 seconds left.
|
|t:|1786048330
|teamsize|p1|4
|teamsize|p2|4
|start
|switch|p1a: Rollin girl|Dragonite, L50, F, shiny|100/100
|switch|p1b: Flop era|Gholdengo, L50|100/100
|switch|p2a: Floette|Floette-Eternal, L50, F|100/100
|switch|p2b: Incineroar|Incineroar, L50, F|100/100
|-ability|p2b: Incineroar|Intimidate|boost
|-unboost|p1a: Rollin girl|atk|1
|-unboost|p1b: Flop era|atk|1
|turn|1
|inactive|hugoggg has 30 seconds left.
|
|t:|1786048361
|switch|p1b: Streetcat|Sneasler, L50, F|100/100
|move|p2a: Floette|Protect|p2a: Floette
|-singleturn|p2a: Floette|Protect
|move|p1a: Rollin girl|Haze|p1a: Rollin girl
|-clearallboost
|move|p2b: Incineroar|Flare Blitz|p1b: Streetcat
|-damage|p1b: Streetcat|41/100
|-damage|p2b: Incineroar|83/100|[from] Recoil
|
|upkeep
|turn|2
|inactive|botito has 30 seconds left.
|
|t:|1786048389
|switch|p2a: Gholdengo|Gholdengo, L50|100/100
|move|p1b: Streetcat|Close Combat|p2b: Incineroar
|-supereffective|p2b: Incineroar|1
|-damage|p2b: Incineroar|0 fnt
|-unboost|p1b: Streetcat|def|1
|-unboost|p1b: Streetcat|spd|1
|faint|p2b: Incineroar
|-enditem|p1b: Streetcat|White Herb
|-clearnegativeboost|p1b: Streetcat|[silent]
|move|p1a: Rollin girl|Tailwind|p1a: Rollin girl
|-sidestart|p1: hugoggg|move: Tailwind
|
|upkeep
|
|t:|1786048404
|switch|p2b: Sinistcha|Sinistcha, L50|100/100
|turn|3
|
|t:|1786048414
|move|p1b: Streetcat|Gunk Shot|p2b: Sinistcha|[miss]
|-miss|p1b: Streetcat|p2b: Sinistcha
|move|p1a: Rollin girl|Scale Shot|p2b: Sinistcha
|-crit|p2b: Sinistcha
|-damage|p2b: Sinistcha|76/100
|-damage|p2b: Sinistcha|58/100
|-hitcount|p2b: Sinistcha|2
|-unboost|p1a: Rollin girl|def|1
|-boost|p1a: Rollin girl|spe|1
|move|p2a: Gholdengo|Nasty Plot|p2a: Gholdengo
|-boost|p2a: Gholdengo|spa|2
|move|p2b: Sinistcha|Strength Sap|p1a: Rollin girl
|-unboost|p1a: Rollin girl|atk|1
|-heal|p2b: Sinistcha|100/100
|
|upkeep
|turn|4
|inactive|botito has 30 seconds left.
|
|t:|1786048439
|move|p2b: Sinistcha|Rage Powder|p2b: Sinistcha
|-singleturn|p2b: Sinistcha|move: Rage Powder
|move|p1b: Streetcat|Gunk Shot|p2b: Sinistcha
|-damage|p2b: Sinistcha|42/100
|-status|p2b: Sinistcha|psn
|move|p1a: Rollin girl|Scale Shot|p2b: Sinistcha
|-damage|p2b: Sinistcha|30/100 psn
|-damage|p2b: Sinistcha|20/100y psn
|-hitcount|p2b: Sinistcha|2
|-unboost|p1a: Rollin girl|def|1
|-boost|p1a: Rollin girl|spe|1
|move|p2a: Gholdengo|Make It Rain|p1b: Streetcat|[spread] p1a,p1b
|-damage|p1a: Rollin girl|51/100
|-damage|p1b: Streetcat|0 fnt
|-unboost|p2a: Gholdengo|spa|2
|faint|p1b: Streetcat
|
|-heal|p2b: Sinistcha|26/100 psn|[from] item: Leftovers
|-damage|p2b: Sinistcha|14/100 psn|[from] psn
|upkeep
|
|t:|1786048456
|switch|p1b: Villain|Kingambit, L50, F|100/100
|turn|5
|
|t:|1786048465
|move|p1a: Rollin girl|Protect|p1a: Rollin girl
|-singleturn|p1a: Rollin girl|Protect
|move|p2a: Gholdengo|Nasty Plot|p2a: Gholdengo
|-boost|p2a: Gholdengo|spa|2
|move|p1b: Villain|Swords Dance|p1b: Villain
|-boost|p1b: Villain|atk|2
|move|p2b: Sinistcha|Strength Sap|p1b: Villain
|-unboost|p1b: Villain|atk|1
|-ability|p1b: Villain|Defiant|boost
|-boost|p1b: Villain|atk|2
|-heal|p2b: Sinistcha|100/100 psn
|
|-damage|p2b: Sinistcha|87/100 psn|[from] psn
|-sideend|p1: hugoggg|move: Tailwind
|upkeep
|turn|6
|inactive|botito has 30 seconds left.
|
|t:|1786048491
|move|p1a: Rollin girl|Scale Shot|p2b: Sinistcha
|-damage|p2b: Sinistcha|75/100 psn
|-damage|p2b: Sinistcha|64/100 psn
|-damage|p2b: Sinistcha|53/100 psn
|-damage|p2b: Sinistcha|42/100 psn
|-damage|p2b: Sinistcha|32/100 psn
|-hitcount|p2b: Sinistcha|5
|-unboost|p1a: Rollin girl|def|1
|-boost|p1a: Rollin girl|spe|1
|move|p2a: Gholdengo|Make It Rain|p1a: Rollin girl|[spread] p1a,p1b
|-crit|p1a: Rollin girl
|-resisted|p1b: Villain|1
|-damage|p1a: Rollin girl|0 fnt
|-damage|p1b: Villain|57/100
|-unboost|p2a: Gholdengo|spa|2
|faint|p1a: Rollin girl
|move|p2b: Sinistcha|Scald|p1b: Villain
|-damage|p1b: Villain|27/100
|move|p1b: Villain|Swords Dance|p1b: Villain
|-boost|p1b: Villain|atk|2
|
|-heal|p2b: Sinistcha|38/100 psn|[from] item: Leftovers
|-damage|p2b: Sinistcha|25/100 psn|[from] psn
|upkeep
|
|t:|1786048506
|switch|p1a: Flop era|Gholdengo, L50|100/100
|turn|7
|inactive|hugoggg has 30 seconds left.
|inactive|botito has 30 seconds left.
|inactive|hugoggg has 20 seconds left.
|
|t:|1786048546
|move|p1a: Flop era|Shadow Ball|p2b: Sinistcha
|-supereffective|p2b: Sinistcha|1
|-damage|p2b: Sinistcha|0 fnt
|faint|p2b: Sinistcha
|move|p2a: Gholdengo|Shadow Ball|p1a: Flop era
|-supereffective|p1a: Flop era|1
|-damage|p1a: Flop era|7/100
|move|p1b: Villain|Kowtow Cleave|p2a: Gholdengo
|-supereffective|p2a: Gholdengo|1
|-damage|p2a: Gholdengo|0 fnt
|faint|p2a: Gholdengo
|-damage|p1b: Villain|17/100|[from] item: Life Orb
|
|upkeep
|
|t:|1786048561
|switch|p2b: Floette|Floette-Eternal, L50, F|100/100
|turn|8
|
|t:|1786048567
|detailschange|p2b: Floette|Floette-Mega, L50, F
|-mega|p2b: Floette|Floette|Floettite
|-ability|p2b: Floette|Fairy Aura
|move|p2b: Floette|Protect|p2b: Floette
|-singleturn|p2b: Floette|Protect
|move|p1b: Villain|Sucker Punch||[still]
|-fail|p1b: Villain
|move|p1a: Flop era|Shadow Ball|p2b: Floette
|-activate|p2b: Floette|move: Protect
|
|upkeep
|turn|9
|
|t:|1786048580
|move|p1b: Villain|Sucker Punch|p2b: Floette
|-resisted|p2b: Floette|1
|-damage|p2b: Floette|0 fnt
|faint|p2b: Floette
|-damage|p1b: Villain|7/100|[from] item: Life Orb
|
|win|hugoggg
|raw|hugoggg's rating: 1173 → 1187(+14 for winning)
|raw|botito's rating: 1017 → 1010(-7 for losing)
|c|☆hugoggg|ggwp!
|l|☆botito
|player|p2|
