|j|☆vervejl
|j|☆OssiGT
|html|vervejlOssiGT    
|uhtml|bestof|Game 2 of a best-of-3
|t:|1785238480
|gametype|doubles
|player|p1|vervejl|lucas|1152
|player|p2|OssiGT|hilbert-wonderlauncher|1236
|gen|9
|tier|[Gen 9 Champions] VGC 2026 Reg M-B (Bo3)
|rated|
|rule|Species Clause: Limit one of each Pokémon
|rule|Item Clause: Limit 1 of each item
|clearpoke
|poke|p1|Garchomp, L50, F|
|poke|p1|Talonflame, L50, M|
|poke|p1|Metagross, L50|
|poke|p1|Primarina, L50, F|
|poke|p1|Annihilape, L50, M|
|poke|p1|Raichu, L50, M|
|poke|p2|Raichu, L50, F|
|poke|p2|Mawile, L50, F|
|poke|p2|Sinistcha, L50|
|poke|p2|Ceruledge, L50, M|
|poke|p2|Milotic, L50, F|
|poke|p2|Incineroar, L50, F|
|teampreview|4
|showteam|p1|Garchomp||ExpertBelt|RoughSkin|Protect,RockSlide,Earthquake,DragonClaw|Jolly||F|||50|]Talonflame||SharpBeak|GaleWings|Protect,Tailwind,DualWingbeat,FlareBlitz|Adamant||M|||50|]Metagross||Metagrossite|ClearBody|Protect,IcePunch,IronHead,PsychicFangs|Jolly|||||50|]Primarina||SitrusBerry|LiquidVoice|Protect,EnergyBall,HyperVoice,Moonblast|Modest||F|||50|]Annihilape||LifeOrb|Defiant|Protect,PoisonJab,ShadowClaw,CloseCombat|Adamant||M|||50|]Raichu||RaichuniteY|LightningRod|HelpingHand,FakeOut,FocusBlast,ZapCannon|Timid||M|||50|
|showteam|p2|Raichu||RaichuniteY|LightningRod|ZapCannon,FocusBlast,FakeOut,Protect|Timid||F|||50|]Mawile||Mawilite|HyperCutter|PlayRough,SuckerPunch,SwordsDance,Protect|Adamant||F|||50|]Sinistcha||KasibBerry|Hospitality|MatchaGotcha,LifeDew,RagePowder,Protect|Relaxed|||||50|]Ceruledge||ColburBerry|FlashFire|BitterBlade,ShadowSneak,BulkUp,Protect|Adamant||M|||50|]Milotic||Leftovers|Competitive|MuddyWater,Coil,Hypnosis,Protect|Calm||F|||50|]Incineroar||SitrusBerry|Intimidate|FlareBlitz,ThroatChop,FakeOut,PartingShot|Impish||F|||50|
|inactive|Battle timer is ON: inactive players will automatically lose when time's up. (requested by vervejl)
|inactive|vervejl has 60 seconds left.
|inactive|OssiGT has 60 seconds left.
|
|t:|1785238530
|teamsize|p1|4
|teamsize|p2|4
|start
|switch|p1a: Raichu|Raichu, L50, M|100/100
|switch|p1b: Annihilape|Annihilape, L50, M|100/100
|switch|p2a: Milotic|Milotic, L50, F|100/100
|switch|p2b: Incineroar|Incineroar, L50, F|100/100
|-ability|p2b: Incineroar|Intimidate|boost
|-unboost|p1a: Raichu|atk|1
|-unboost|p1b: Annihilape|atk|1
|-ability|p1b: Annihilape|Defiant|boost
|-boost|p1b: Annihilape|atk|2
|turn|1
|inactive|vervejl has 30 seconds left.
|inactive|OssiGT has 30 seconds left.
|inactive|OssiGT has 20 seconds left.
|inactive|vervejl has 20 seconds left.
|inactive|OssiGT has 15 seconds left.
|inactive|vervejl has 15 seconds left.
|inactive|vervejl has 10 seconds left.
|
|t:|1785238583
|switch|p2a: Mawile|Mawile, L50, F|100/100
|detailschange|p1a: Raichu|Raichu-Mega-Y, L50, M
|-mega|p1a: Raichu|Raichu|Raichunite Y
|move|p1a: Raichu|Fake Out|p2a: Mawile
|-resisted|p2a: Mawile|1
|-damage|p2a: Mawile|96/100
|move|p2b: Incineroar|Fake Out|p1a: Raichu
|-damage|p1a: Raichu|85/100
|move|p1b: Annihilape|Close Combat|p2b: Incineroar
|-supereffective|p2b: Incineroar|1
|-damage|p2b: Incineroar|0 fnt
|-unboost|p1b: Annihilape|def|1
|-unboost|p1b: Annihilape|spd|1
|faint|p2b: Incineroar
|-damage|p1b: Annihilape|90/100|[from] item: Life Orb
|
|upkeep
|
|t:|1785238593
|switch|p2b: Sinistcha|Sinistcha, L50|100/100
|-heal|p2a: Mawile|100/100|[from] ability: Hospitality|[of] p2b: Sinistcha
|turn|2
|
|t:|1785238616
|detailschange|p2a: Mawile|Mawile-Mega, L50, F
|-mega|p2a: Mawile|Mawile|Mawilite
|move|p2b: Sinistcha|Rage Powder|p2b: Sinistcha
|-singleturn|p2b: Sinistcha|move: Rage Powder
|move|p1a: Raichu|Zap Cannon|p2b: Sinistcha
|-resisted|p2b: Sinistcha|1
|-damage|p2b: Sinistcha|69/100
|-status|p2b: Sinistcha|par
|move|p1b: Annihilape|Shadow Claw|p2b: Sinistcha
|-supereffective|p2b: Sinistcha|1
|-enditem|p2b: Sinistcha|Kasib Berry|[eat]
|-enditem|p2b: Sinistcha|Kasib Berry|[weaken]
|-damage|p2b: Sinistcha|6/100 par
|-damage|p1b: Annihilape|80/100|[from] item: Life Orb
|move|p2a: Mawile|Play Rough|p1b: Annihilape
|-supereffective|p1b: Annihilape|1
|-damage|p1b: Annihilape|0 fnt
|faint|p1b: Annihilape
|
|upkeep
|
|t:|1785238637
|switch|p1b: Garchomp|Garchomp, L50, F|100/100
|turn|3
|
|t:|1785238647
|switch|p1a: Talonflame|Talonflame, L50, M|100/100
|switch|p2b: Milotic|Milotic, L50, F|100/100
|move|p2a: Mawile|Protect|p2a: Mawile
|-singleturn|p2a: Mawile|Protect
|move|p1b: Garchomp|Earthquake|p2a: Mawile|[spread] p2b
|-activate|p2a: Mawile|move: Protect
|-immune|p1a: Talonflame
|-damage|p2b: Milotic|67/100
|
|-heal|p2b: Milotic|73/100|[from] item: Leftovers
|upkeep
|turn|4
|
|t:|1785238667
|move|p1a: Talonflame|Dual Wingbeat|p2b: Milotic
|-damage|p2b: Milotic|56/100
|-damage|p2b: Milotic|38/100
|-hitcount|p2b: Milotic|2
|move|p2a: Mawile|Sucker Punch|p1b: Garchomp
|-damage|p1b: Garchomp|59/100
|-damage|p2a: Mawile|87/100|[from] ability: Rough Skin|[of] p1b: Garchomp
|move|p1b: Garchomp|Earthquake|p2a: Mawile|[spread] p2a,p2b
|-immune|p1a: Talonflame
|-supereffective|p2a: Mawile|1
|-damage|p2a: Mawile|10/100
|-damage|p2b: Milotic|2/100
|move|p2b: Milotic|Coil|p2b: Milotic
|-boost|p2b: Milotic|atk|1
|-boost|p2b: Milotic|def|1
|-boost|p2b: Milotic|accuracy|1
|
|-heal|p2b: Milotic|8/100|[from] item: Leftovers
|upkeep
|turn|5
|
|t:|1785238688
|switch|p2a: Sinistcha|Sinistcha, L50|6/100 par
|-heal|p2b: Milotic|33/100|[from] ability: Hospitality|[of] p2a: Sinistcha
|move|p1a: Talonflame|Dual Wingbeat|p2a: Sinistcha
|-supereffective|p2a: Sinistcha|1
|-damage|p2a: Sinistcha|0 fnt
|faint|p2a: Sinistcha
|-hitcount|p2: Sinistcha|1
|move|p1b: Garchomp|Earthquake|p2b: Milotic|[spread] p2b
|-immune|p1a: Talonflame
|-damage|p2b: Milotic|9/100
|move|p2b: Milotic|Muddy Water|p1a: Talonflame|[spread] p1a,p1b
|-supereffective|p1a: Talonflame|1
|-damage|p1a: Talonflame|32/100
|-damage|p1b: Garchomp|31/100
|-unboost|p1a: Talonflame|accuracy|1
|
|-heal|p2b: Milotic|15/100|[from] item: Leftovers
|upkeep
|
|t:|1785238706
|switch|p2a: Mawile|Mawile-Mega, L50, F|10/100
|turn|6
|inactive|vervejl has 30 seconds left.
|
|t:|1785238734
|move|p1b: Garchomp|Protect|p1b: Garchomp
|-singleturn|p1b: Garchomp|Protect
|move|p2b: Milotic|Protect|p2b: Milotic
|-singleturn|p2b: Milotic|Protect
|move|p2a: Mawile|Protect|p2a: Mawile
|-singleturn|p2a: Mawile|Protect
|move|p1a: Talonflame|Flare Blitz|p2a: Mawile
|-activate|p2a: Mawile|move: Protect
|
|-heal|p2b: Milotic|21/100|[from] item: Leftovers
|upkeep
|turn|7
|
|t:|1785238756
|move|p1a: Talonflame|Protect|p1a: Talonflame
|-singleturn|p1a: Talonflame|Protect
|move|p2a: Mawile|Sucker Punch||[still]
|-fail|p2a: Mawile
|move|p1b: Garchomp|Earthquake|p2a: Mawile|[spread] p2a,p2b
|-activate|p1a: Talonflame|move: Protect
|-supereffective|p2a: Mawile|1
|-crit|p2b: Milotic
|-damage|p2a: Mawile|0 fnt
|-damage|p2b: Milotic|0 fnt
|faint|p2a: Mawile
|faint|p2b: Milotic
|
|win|vervejl
||OssiGT is ready for game 3.
|inactive|vervejl has 30 seconds to confirm battle start!
||vervejl is ready for game 3.
|uhtml|next|Next: Game 3 of 3
|l|☆OssiGT
|player|p2|
