|j|☆ShackWoods
|j|☆Boomyy
|html|ShackWoodsBoomyy    
|uhtml|bestof|Game 2 of a best-of-3
|t:|1756498200
|gametype|doubles
|player|p1|ShackWoods|korrina|1218
|player|p2|Boomyy|brawly|1225
|gen|9
|tier|[Gen 9] VGC 2025 Reg H (Bo3)
|rated|
|rule|Species Clause: Limit one of each Pokémon
|rule|Item Clause: Limit 1 of each item
|clearpoke
|poke|p1|Lilligant-Hisui, L50, F|
|poke|p1|Armarouge, L50, M|
|poke|p1|Indeedee-F, L50, F|
|poke|p1|Torkoal, L50, M|
|poke|p1|Ursaluna, L50, F|
|poke|p1|Hatterene, L50, F|
|poke|p2|Indeedee-F, L50, F|
|poke|p2|Exeggutor, L50, M|
|poke|p2|Torkoal, L50, F|
|poke|p2|Ursaluna, L50, F|
|poke|p2|Gallade, L50, M|
|poke|p2|Zoroark-Hisui, L50, F|
|teampreview|4
|showteam|p1|Lilligant-Hisui||FocusSash|Chlorophyll|SolarBlade,CloseCombat,TripleAxel,AfterYou|||F|||50|,,,,,Ghost]Armarouge||PsychicSeed|FlashFire|ExpandingForce,ArmorCannon,WideGuard,TrickRoom|||M|||50|,,,,,Grass]Indeedee-F||RockyHelmet|PsychicSurge|AlluringVoice,HelpingHand,FollowMe,TrickRoom|||F|||50|,,,,,Grass]Torkoal||Charcoal|Drought|Eruption,WeatherBall,ClearSmog,Protect|||M|||50|,,,,,Fire]Ursaluna||FlameOrb|Guts|Facade,HeadlongRush,Substitute,Protect|||F|||50|,,,,,Ghost]Hatterene||LifeOrb|MagicBounce|ExpandingForce,DazzlingGleam,MysticalFire,TrickRoom|||F|||50|,,,,,Fire
|showteam|p2|Indeedee-F||PsychicSeed|PsychicSurge|FollowMe,Psychic,HelpingHand,TrickRoom|||F|||50|,,,,,Grass]Exeggutor||FocusSash|Chlorophyll|ExpandingForce,EnergyBall,SleepPowder,TrickRoom|||M|||50|,,,,,Psychic]Torkoal||Charcoal|Drought|Eruption,WeatherBall,ClearSmog,Protect|||F|||50|,,,,,Fire]Ursaluna||FlameOrb|Guts|Facade,HeadlongRush,Earthquake,Protect|||F|||50|,,,,,Ghost]Gallade||ClearAmulet|Sharpness|PsychoCut,SacredSword,WideGuard,TrickRoom|||M|||50|,,,,,Fire]Zoroark-Hisui||ChoiceSpecs|Illusion|HyperVoice,ShadowBall,Flamethrower,HyperBeam|||F|||50|,,,,,Stellar
|inactive|Battle timer is ON: inactive players will automatically lose when time's up. (requested by Boomyy)
|c|☆ShackWoods|gl hf
|inactive|Boomyy has 60 seconds left.
|inactive|Boomyy has 30 seconds left.
|inactive|Boomyy has 20 seconds left.
|inactive|Boomyy has 15 seconds left.
|
|t:|1756498279
|teamsize|p1|4
|teamsize|p2|4
|start
|switch|p1a: Armarouge|Armarouge, L50, M|100/100
|switch|p1b: Hatterene|Hatterene, L50, F|100/100
|switch|p2a: Indeedee|Indeedee-F, L50, F|100/100
|switch|p2b: Gallade|Gallade, L50, M|100/100
|-fieldstart|move: Psychic Terrain|[from] ability: Psychic Surge|[of] p2a: Indeedee
|-enditem|p2a: Indeedee|Psychic Seed
|-boost|p2a: Indeedee|spd|1|[from] item: Psychic Seed
|-enditem|p1a: Armarouge|Psychic Seed
|-boost|p1a: Armarouge|spd|1|[from] item: Psychic Seed
|turn|1
|
|t:|1756498297
|-terastallize|p2b: Gallade|Stellar
|move|p2a: Indeedee|Helping Hand|p2b: Gallade
|-singleturn|p2b: Gallade|Helping Hand|[of] p2a: Indeedee
|move|p2b: Gallade|Hyper Voice|p1b: Hatterene|[spread] p1a,p1b
|-crit|p1a: Armarouge
|-damage|p1a: Armarouge|0 fnt
|-damage|p1b: Hatterene|0 fnt
|faint|p1a: Armarouge
|faint|p1b: Hatterene
|
|upkeep
|
|t:|1756498307
|switch|p1a: Torkoal|Torkoal, L50, M|100/100
|switch|p1b: Ursaluna|Ursaluna, L50, F|100/100
|-weather|SunnyDay|[from] ability: Drought|[of] p1a: Torkoal
|turn|2
|
|t:|1756498327
|-terastallize|p1b: Ursaluna|Ghost
|move|p2a: Indeedee|Helping Hand|p2b: Gallade
|-singleturn|p2b: Gallade|Helping Hand|[of] p2a: Indeedee
|move|p1a: Torkoal|Protect|p1a: Torkoal
|-singleturn|p1a: Torkoal|Protect
|move|p2b: Gallade|Hyper Voice|p1b: Ursaluna|[spread] 
|-activate|p1a: Torkoal|move: Protect
|-immune|p1b: Ursaluna
|move|p1b: Ursaluna|Substitute|p1b: Ursaluna
|-start|p1b: Ursaluna|Substitute
|-damage|p1b: Ursaluna|76/100
|
|-weather|SunnyDay|[upkeep]
|-status|p1b: Ursaluna|brn|[from] item: Flame Orb
|upkeep
|turn|3
|
|t:|1756498351
|move|p1a: Torkoal|Protect||[still]
|-fail|p1a: Torkoal
|move|p2b: Gallade|Hyper Voice|p1a: Torkoal|[spread] p1a
|-immune|p1b: Ursaluna
|-damage|p1a: Torkoal|37/100
|move|p2a: Indeedee|Psychic|p1b: Ursaluna
|-end|p1b: Ursaluna|Substitute
|move|p1b: Ursaluna|Headlong Rush|p2b: Gallade
|-damage|p2b: Gallade|0 fnt
|-unboost|p1b: Ursaluna|def|1
|-unboost|p1b: Ursaluna|spd|1
|replace|p2b: Zoroark|Zoroark-Hisui, L50, F
|-end|p2b: Zoroark|Illusion
|faint|p2b: Zoroark
|
|-weather|SunnyDay|[upkeep]
|-damage|p1b: Ursaluna|70/100 brn|[from] brn
|upkeep
|
|t:|1756498367
|switch|p2b: Exeggutor|Exeggutor, L50, M|100/100
|turn|4
|
|t:|1756498376
|move|p2a: Indeedee|Helping Hand|p2b: Exeggutor
|-singleturn|p2b: Exeggutor|Helping Hand|[of] p2a: Indeedee
|move|p1a: Torkoal|Protect|p1a: Torkoal
|-singleturn|p1a: Torkoal|Protect
|move|p2b: Exeggutor|Energy Ball|p1a: Torkoal
|-activate|p1a: Torkoal|move: Protect
|move|p1b: Ursaluna|Facade|p2b: Exeggutor
|-enditem|p2b: Exeggutor|Focus Sash
|-damage|p2b: Exeggutor|1/100
|
|-weather|SunnyDay|[upkeep]
|-damage|p1b: Ursaluna|64/100 brn|[from] brn
|upkeep
|turn|5
|
|t:|1756498390
|move|p2a: Indeedee|Helping Hand|p2b: Exeggutor
|-singleturn|p2b: Exeggutor|Helping Hand|[of] p2a: Indeedee
|move|p1b: Ursaluna|Protect|p1b: Ursaluna
|-singleturn|p1b: Ursaluna|Protect
|move|p1a: Torkoal|Protect|p1a: Torkoal
|-singleturn|p1a: Torkoal|Protect
|move|p2b: Exeggutor|Expanding Force|p1b: Ursaluna|[spread] 
|-activate|p1a: Torkoal|move: Protect
|-activate|p1b: Ursaluna|move: Protect
|
|-weather|SunnyDay|[upkeep]
|-damage|p1b: Ursaluna|58/100 brn|[from] brn
|-fieldend|move: Psychic Terrain
|upkeep
|turn|6
|inactive|Boomyy has 30 seconds left.
|
|t:|1756498418
|move|p2b: Exeggutor|Sleep Powder||[still]
|-fail|p2b: Exeggutor
|move|p2a: Indeedee|Psychic|p1a: Torkoal
|-crit|p1a: Torkoal
|-damage|p1a: Torkoal|0 fnt
|faint|p1a: Torkoal
|move|p1b: Ursaluna|Facade|p2a: Indeedee
|-damage|p2a: Indeedee|0 fnt
|faint|p2a: Indeedee
|
|-weather|none
|-damage|p1b: Ursaluna|53/100 brn|[from] brn
|upkeep
|
|t:|1756498423
|switch|p2a: Gallade|Gallade, L50, M|100/100
|turn|7
|
|t:|1756498438
|move|p2b: Exeggutor|Expanding Force|p1b: Ursaluna
|-damage|p1b: Ursaluna|0 fnt
|faint|p1b: Ursaluna
|
|win|Boomyy
|c|☆ShackWoods|gg
||Boomyy is ready for game 3.
|inactive|ShackWoods has 30 seconds to confirm battle start!
||ShackWoods is ready for game 3.
|uhtml|next|Next: Game 3 of 3
|l|☆Boomyy
|player|p2|
