|j|☆kifomio
|j|‽Sushi Bum
|html|kifomioSushi Bum    
|uhtml|bestof|Game 1 of a best-of-3
|t:|1785176951
|gametype|doubles
|player|p1|kifomio|169|1052
|player|p2|Sushi Bum|beni-ninja|1062
|gen|9
|tier|[Gen 9 Champions] VGC 2026 Reg M-B (Bo3)
|rated|
|rule|Species Clause: Limit one of each Pokémon
|rule|Item Clause: Limit 1 of each item
|clearpoke
|poke|p1|Meganium, L50, F|
|poke|p1|Sylveon, L50, M|
|poke|p1|Altaria, L50, F|
|poke|p1|Whimsicott, L50, F|
|poke|p1|Arcanine-Hisui, L50, M|
|poke|p1|Rotom-Wash, L50|
|poke|p2|Talonflame, L50, F|
|poke|p2|Tsareena, L50, F|
|poke|p2|Raichu, L50, F|
|poke|p2|Heliolisk, L50, M, shiny|
|poke|p2|Venusaur, L50, M|
|poke|p2|Mamoswine, L50, M|
|teampreview|4
|showteam|p1|Meganium||Meganiumite|LeafGuard|Protect,DazzlingGleam,SolarBeam,WeatherBall|Modest||F|||50|]Sylveon||LifeOrb|Pixilate|HyperBeam,Psychic,HyperVoice,Protect|Modest||M|||50|]Altaria||SitrusBerry|CloudNine|DragonDance,BraveBird,DragonClaw,Earthquake|Adamant||F|||50|]Whimsicott||FocusSash|Prankster|Moonblast,Tailwind,Encore,Protect|Modest||F|||50|]Arcanine-Hisui||Leftovers|Intimidate|Protect,FlareBlitz,RockSlide,WildCharge|Adamant||M|||50|]Rotom-Wash||ZoomLens|Levitate|HydroPump,ThunderWave,WillOWisp,Thunderbolt|Bold|||||50|
|showteam|p2|Talonflame||SharpBeak|GaleWings|BraveBird,Taunt,Tailwind,UpperHand|Adamant||F|||50|]Tsareena||ChoiceScarf|QueenlyMajesty|TripleAxel,TropKick,KnockOff,LowKick|Jolly||F|||50|]Raichu||RaichuniteY|LightningRod|ZapCannon,GrassKnot,FocusBlast,Protect|Timid||F|||50|]Heliolisk||ExpertBelt|DrySkin|Thunderbolt,HyperVoice,Protect,AllySwitch|Timid||M|||50|]Venusaur||LifeOrb|Chlorophyll|SludgeBomb,SleepPowder,GigaDrain,EarthPower|Timid||M|||50|]Mamoswine||FocusSash|Oblivious|StompingTantrum,IceShard,IcicleCrash,Protect|Jolly||M|||50|
|j| tedidn
|
|t:|1785176988
|teamsize|p1|4
|teamsize|p2|4
|start
|switch|p1a: Rotom|Rotom-Wash, L50|100/100
|switch|p1b: Whimsicott|Whimsicott, L50, F|100/100
|switch|p2a: Talonflame|Talonflame, L50, F|100/100
|switch|p2b: Raichu|Raichu, L50, F|100/100
|turn|1
|
|t:|1785177003
|detailschange|p2b: Raichu|Raichu-Mega-Y, L50, F
|-mega|p2b: Raichu|Raichu|Raichunite Y
|move|p1b: Whimsicott|Protect|p1b: Whimsicott
|-singleturn|p1b: Whimsicott|Protect
|move|p2a: Talonflame|Tailwind|p2a: Talonflame
|-sidestart|p2: Sushi Bum|move: Tailwind
|move|p2b: Raichu|Zap Cannon|p1a: Rotom
|-damage|p1a: Rotom|36/100
|move|p1a: Rotom|Hydro Pump|p2a: Talonflame
|-supereffective|p2a: Talonflame|1
|-damage|p2a: Talonflame|0 fnt
|faint|p2a: Talonflame
|
|upkeep
|
|t:|1785177010
|switch|p2a: Tsareena|Tsareena, L50, F|100/100
|turn|2
|
|t:|1785177029
|move|p1b: Whimsicott|Tailwind|p1b: Whimsicott
|-sidestart|p1: kifomio|move: Tailwind
|move|p2a: Tsareena|Triple Axel|p1b: Whimsicott
|-supereffective|p1b: Whimsicott|1
|-damage|p1b: Whimsicott|81/100
|-supereffective|p1b: Whimsicott|1
|-damage|p1b: Whimsicott|40/100
|-supereffective|p1b: Whimsicott|1
|-damage|p1b: Whimsicott|0 fnt
|faint|p1b: Whimsicott
|-hitcount|p1: Whimsicott|3
|move|p2b: Raichu|Zap Cannon|p1a: Rotom
|-damage|p1a: Rotom|0 fnt
|faint|p1a: Rotom
|
|upkeep
|
|t:|1785177042
|switch|p1b: Meganium|Meganium, L50, F|100/100
|switch|p1a: Arcanine|Arcanine-Hisui, L50, M|100/100
|-ability|p1a: Arcanine|Intimidate|boost
|-unboost|p2a: Tsareena|atk|1
|-unboost|p2b: Raichu|atk|1
|turn|3
|
|t:|1785177059
|detailschange|p1b: Meganium|Meganium-Mega, L50, F
|-mega|p1b: Meganium|Meganium|Meganiumite
|move|p1a: Arcanine|Protect|p1a: Arcanine
|-singleturn|p1a: Arcanine|Protect
|move|p2a: Tsareena|Triple Axel|p1b: Meganium
|-supereffective|p1b: Meganium|1
|-damage|p1b: Meganium|91/100
|-supereffective|p1b: Meganium|1
|-damage|p1b: Meganium|75/100
|-supereffective|p1b: Meganium|1
|-damage|p1b: Meganium|54/100
|-hitcount|p1b: Meganium|3
|move|p2b: Raichu|Zap Cannon|p1a: Arcanine
|-activate|p1a: Arcanine|move: Protect
|move|p1b: Meganium|Dazzling Gleam|p2a: Tsareena|[spread] p2a,p2b
|-damage|p2a: Tsareena|57/100
|-damage|p2b: Raichu|42/100
|
|upkeep
|turn|4
|
|t:|1785177079
|move|p2a: Tsareena|Triple Axel|p1b: Meganium
|-supereffective|p1b: Meganium|1
|-damage|p1b: Meganium|45/100
|-supereffective|p1b: Meganium|1
|-damage|p1b: Meganium|29/100
|-supereffective|p1b: Meganium|1
|-damage|p1b: Meganium|6/100
|-hitcount|p1b: Meganium|3
|move|p2b: Raichu|Zap Cannon|p1a: Arcanine
|-damage|p1a: Arcanine|28/100
|-status|p1a: Arcanine|par
|move|p1b: Meganium|Dazzling Gleam|p2a: Tsareena|[spread] p2a,p2b
|-damage|p2a: Tsareena|16/100
|-damage|p2b: Raichu|0 fnt
|faint|p2b: Raichu
|cant|p1a: Arcanine|par
|
|-heal|p1a: Arcanine|34/100 par|[from] item: Leftovers
|-sideend|p2: Sushi Bum|move: Tailwind
|upkeep
|
|t:|1785177085
|switch|p2b: Mamoswine|Mamoswine, L50, M|100/100
|turn|5
|
|t:|1785177092
|move|p2b: Mamoswine|Protect|p2b: Mamoswine
|-singleturn|p2b: Mamoswine|Protect
|move|p2a: Tsareena|Triple Axel|p1b: Meganium
|-supereffective|p1b: Meganium|1
|-damage|p1b: Meganium|0 fnt
|faint|p1b: Meganium
|-hitcount|p1: Meganium|1
|move|p1a: Arcanine|Flare Blitz|p2b: Mamoswine
|-activate|p2b: Mamoswine|move: Protect
|
|-heal|p1a: Arcanine|40/100 par|[from] item: Leftovers
|-sideend|p1: kifomio|move: Tailwind
|upkeep
|turn|6
|l|☆kifomio
|player|p1|
|inactive|Battle timer is ON: inactive players will automatically lose when time's up. (requested by Sushi Bum)
|j|☆kifomio
|inactive|kifomio reconnected and has 65 seconds left.
|player|p1|kifomio|169|
|inactive|kifomio has 60 seconds left.
|-message|kifomio forfeited.
|
|win|Sushi Bum
