|j|☆pechugadepollico
|j|☆elmono11
|html|pechugadepollicoelmono11    
|uhtml|bestof|Game 2 of a best-of-3
|t:|1784138622
|gametype|doubles
|player|p1|pechugadepollico|101|1362
|player|p2|elmono11|266|1464
|gen|9
|tier|[Gen 9 Champions] VGC 2026 Reg M-B (Bo3)
|rated|
|rule|Species Clause: Limit one of each Pokémon
|rule|Item Clause: Limit 1 of each item
|clearpoke
|poke|p1|Swampert, L50, F|
|poke|p1|Mawile, L50, F|
|poke|p1|Pelipper, L50, M|
|poke|p1|Farigiraf, L50, M|
|poke|p1|Incineroar, L50, M|
|poke|p1|Archaludon, L50, M|
|poke|p2|Dragonite, L50, M|
|poke|p2|Sneasler, L50, F|
|poke|p2|Sinistcha, L50|
|poke|p2|Incineroar, L50, M|
|poke|p2|Floette-Eternal, L50, F|
|poke|p2|Kingambit, L50, M|
|teampreview|4
|showteam|p1|Swampert||Swampertite|Torrent|Protect,HighHorsepower,IcePunch,WaveCrash|Adamant||F|||50|]Mawile||Mawilite|HyperCutter|Protect,SuckerPunch,BrickBreak,PlayRough|Adamant||F|||50|]Pelipper||LifeOrb|Drizzle|Tailwind,WideGuard,Hurricane,WeatherBall|Modest||M|||50|]Farigiraf||SitrusBerry|ArmorTail|TrickRoom,HelpingHand,TwinBeam,Thunderbolt|Bold||M|||50|]Incineroar||WhiteHerb|Intimidate|FakeOut,CloseCombat,DarkestLariat,FlareBlitz|Adamant||M|||50|]Archaludon||Leftovers|Stamina|Protect,DragonPulse,FlashCannon,ElectroShot|Calm||M|||50|
|showteam|p2|Dragonite||LumBerry|Multiscale|DragonClaw,ExtremeSpeed,FirePunch,Protect|Adamant||M|||50|]Sneasler||FocusSash|PoisonTouch|FakeOut,CloseCombat,PoisonJab,Coaching|Jolly||F|||50|]Sinistcha||Leftovers|Hospitality|TrickRoom,MatchaGotcha,RagePowder,Protect|Bold|||||50|]Incineroar||SitrusBerry|Intimidate|FlareBlitz,DarkestLariat,PartingShot,FakeOut|Careful||M|||50|]Floette-Eternal||Floettite|FlowerVeil|DazzlingGleam,DrainingKiss,CalmMind,Protect|Modest||F|||50|]Kingambit||BlackGlasses|Defiant|KowtowCleave,SwordsDance,SuckerPunch,Protect|Adamant||M|||50|
|inactive|Battle timer is ON: inactive players will automatically lose when time's up. (requested by elmono11)
|inactive|elmono11 has 60 seconds left.
|
|t:|1784138673
|teamsize|p1|4
|teamsize|p2|4
|start
|switch|p1a: Mawile|Mawile, L50, F|100/100
|switch|p1b: Farigiraf|Farigiraf, L50, M|100/100
|switch|p2a: Sneasler|Sneasler, L50, F|100/100
|switch|p2b: Dragonite|Dragonite, L50, M|100/100
|turn|1
|inactive|pechugadepollico has 30 seconds left.
|inactive|pechugadepollico has 20 seconds left.
|
|t:|1784138712
|move|p1a: Mawile|Protect|p1a: Mawile
|-singleturn|p1a: Mawile|Protect
|move|p2a: Sneasler|Coaching|p2b: Dragonite
|-boost|p2b: Dragonite|atk|1
|-boost|p2b: Dragonite|def|1
|move|p2b: Dragonite|Fire Punch|p1a: Mawile
|-activate|p1a: Mawile|move: Protect
|move|p1b: Farigiraf|Twin Beam|p2a: Sneasler
|-supereffective|p2a: Sneasler|2
|-damage|p2a: Sneasler|15/100
|-supereffective|p2a: Sneasler|2
|-damage|p2a: Sneasler|0 fnt
|faint|p2a: Sneasler
|-hitcount|p2: Sneasler|2
|
|upkeep
|
|t:|1784138717
|switch|p2a: Incineroar|Incineroar, L50, M|100/100
|-ability|p2a: Incineroar|Intimidate|boost
|-fail|p1a: Mawile|unboost|Attack|[from] ability: Hyper Cutter|[of] p1a: Mawile
|-unboost|p1b: Farigiraf|atk|1
|turn|2
|
|t:|1784138738
|switch|p1a: Pelipper|Pelipper, L50, M|100/100
|-weather|RainDance|[from] ability: Drizzle|[of] p1a: Pelipper
|move|p2b: Dragonite|Dragon Claw|p1b: Farigiraf
|-damage|p1b: Farigiraf|48/100
|-enditem|p1b: Farigiraf|Sitrus Berry|[eat]
|-heal|p1b: Farigiraf|73/100|[from] item: Sitrus Berry
|move|p2a: Incineroar|Darkest Lariat|p1b: Farigiraf
|-supereffective|p1b: Farigiraf|1
|-damage|p1b: Farigiraf|24/100
|move|p1b: Farigiraf|Trick Room|p1b: Farigiraf
|-fieldstart|move: Trick Room|[of] p1b: Farigiraf
|
|-weather|RainDance|[upkeep]
|upkeep
|turn|3
|inactive|pechugadepollico has 30 seconds left.
|
|t:|1784138772
|switch|p2a: Sinistcha|Sinistcha, L50|100/100
|move|p1b: Farigiraf|Thunderbolt|p2b: Dragonite
|-damage|p2b: Dragonite|90/100
|move|p1a: Pelipper|Weather Ball|p2a: Sinistcha
|-resisted|p2a: Sinistcha|1
|-damage|p2a: Sinistcha|56/100
|-damage|p1a: Pelipper|90/100|[from] item: Life Orb
|move|p2b: Dragonite|Dragon Claw|p1a: Pelipper
|-damage|p1a: Pelipper|22/100
|
|-weather|RainDance|[upkeep]
|-heal|p2a: Sinistcha|62/100|[from] item: Leftovers
|upkeep
|turn|4
|
|t:|1784138788
|switch|p1b: Archaludon|Archaludon, L50, M|100/100
|move|p1a: Pelipper|Hurricane|p2a: Sinistcha
|-supereffective|p2a: Sinistcha|1
|-damage|p2a: Sinistcha|0 fnt
|faint|p2a: Sinistcha
|-damage|p1a: Pelipper|12/100|[from] item: Life Orb
|move|p2b: Dragonite|Dragon Claw|p1b: Archaludon
|-damage|p1b: Archaludon|48/100
|-ability|p1b: Archaludon|Stamina|boost
|-boost|p1b: Archaludon|def|1
|
|-weather|RainDance|[upkeep]
|-heal|p1b: Archaludon|54/100|[from] item: Leftovers
|upkeep
|
|t:|1784138794
|switch|p2a: Incineroar|Incineroar, L50, M|100/100
|-ability|p2a: Incineroar|Intimidate|boost
|-unboost|p1a: Pelipper|atk|1
|-unboost|p1b: Archaludon|atk|1
|turn|5
|inactive|pechugadepollico has 30 seconds left.
|
|t:|1784138822
|switch|p1a: Farigiraf|Farigiraf, L50, M|24/100
|move|p2b: Dragonite|Protect|p2b: Dragonite
|-singleturn|p2b: Dragonite|Protect
|move|p2a: Incineroar|Darkest Lariat|p1a: Farigiraf
|-supereffective|p1a: Farigiraf|1
|-damage|p1a: Farigiraf|0 fnt
|faint|p1a: Farigiraf
|move|p1b: Archaludon|Dragon Pulse|p2b: Dragonite
|-activate|p2b: Dragonite|move: Protect
|
|-weather|RainDance|[upkeep]
|-heal|p1b: Archaludon|61/100|[from] item: Leftovers
|upkeep
|
|t:|1784138829
|switch|p1a: Pelipper|Pelipper, L50, M|12/100
|turn|6
|
|t:|1784138846
|move|p2a: Incineroar|Flare Blitz|p1a: Pelipper
|-resisted|p1a: Pelipper|1
|-damage|p1a: Pelipper|0 fnt
|faint|p1a: Pelipper
|-damage|p2a: Incineroar|96/100|[from] Recoil
|move|p1b: Archaludon|Dragon Pulse|p2b: Dragonite
|-supereffective|p2b: Dragonite|1
|-damage|p2b: Dragonite|22/100
|move|p2b: Dragonite|Dragon Claw|p1b: Archaludon
|-damage|p1b: Archaludon|27/100
|-ability|p1b: Archaludon|Stamina|boost
|-boost|p1b: Archaludon|def|1
|
|-weather|none
|-heal|p1b: Archaludon|33/100|[from] item: Leftovers
|-fieldend|move: Trick Room
|upkeep
|
|t:|1784138853
|switch|p1a: Mawile|Mawile, L50, F|100/100
|turn|7
|inactive|pechugadepollico has 30 seconds left.
|inactive|elmono11 has 30 seconds left.
|inactive|pechugadepollico has 20 seconds left.
|inactive|pechugadepollico has 15 seconds left.
|inactive|pechugadepollico has 10 seconds left.
|inactive|elmono11 has 20 seconds left.
|
|t:|1784138899
|detailschange|p1a: Mawile|Mawile-Mega, L50, F
|-mega|p1a: Mawile|Mawile|Mawilite
|move|p2b: Dragonite|Protect|p2b: Dragonite
|-singleturn|p2b: Dragonite|Protect
|move|p1a: Mawile|Sucker Punch||[still]
|-fail|p1a: Mawile
|move|p1b: Archaludon|Dragon Pulse|p2a: Incineroar
|-damage|p2a: Incineroar|69/100
|move|p2a: Incineroar|Flare Blitz|p1a: Mawile
|-supereffective|p1a: Mawile|1
|-damage|p1a: Mawile|7/100
|-damage|p2a: Incineroar|45/100|[from] Recoil
|-enditem|p2a: Incineroar|Sitrus Berry|[eat]
|-heal|p2a: Incineroar|70/100|[from] item: Sitrus Berry
|
|-heal|p1b: Archaludon|39/100|[from] item: Leftovers
|upkeep
|turn|8
|
|t:|1784138917
|move|p1a: Mawile|Protect|p1a: Mawile
|-singleturn|p1a: Mawile|Protect
|move|p2b: Dragonite|Dragon Claw|p1b: Archaludon
|-damage|p1b: Archaludon|13/100
|-ability|p1b: Archaludon|Stamina|boost
|-boost|p1b: Archaludon|def|1
|move|p1b: Archaludon|Dragon Pulse|p2b: Dragonite
|-supereffective|p2b: Dragonite|1
|-damage|p2b: Dragonite|0 fnt
|faint|p2b: Dragonite
|move|p2a: Incineroar|Darkest Lariat|p1b: Archaludon
|-damage|p1b: Archaludon|0 fnt
|faint|p1b: Archaludon
|
|upkeep
|turn|9
|
|t:|1784138923
|move|p1a: Mawile|Brick Break|p2a: Incineroar
|-supereffective|p2a: Incineroar|1
|-damage|p2a: Incineroar|0 fnt
|faint|p2a: Incineroar
|
|win|pechugadepollico
