|j|☆Atrix MJ
|j|☆1700 for rogue
|html|Atrix MJ1700 for rogue    
|uhtml|bestof|Game 1 of a best-of-3
|t:|1756972551
|gametype|doubles
|player|p1|Atrix MJ|miku-fire|1311
|player|p2|1700 for rogue|scientist-gen4|1207
|gen|9
|tier|[Gen 9] VGC 2025 Reg H (Bo3)
|rated|
|rule|Species Clause: Limit one of each Pokémon
|rule|Item Clause: Limit 1 of each item
|clearpoke
|poke|p1|Tyranitar, L50, M|
|poke|p1|Excadrill, L50, M|
|poke|p1|Corviknight, L50, M|
|poke|p1|Amoonguss, L50, F|
|poke|p1|Annihilape, L50, M|
|poke|p1|Maushold, L50|
|poke|p2|Milotic, L50, F|
|poke|p2|Ceruledge, L50, F|
|poke|p2|Ninetales-Alola, L50, F|
|poke|p2|Rillaboom, L50, F|
|poke|p2|Kingambit, L50, M|
|poke|p2|Sneasler, L50, M|
|teampreview|4
|showteam|p1|Tyranitar||AssaultVest|SandStream|RockSlide,KnockOff,LowKick,TeraBlast|||M|||50|,,,,,Flying]Excadrill||FocusSash|SandRush|Earthquake,IronHead,SwordsDance,Protect|||M|||50|,,,,,Ground]Corviknight||Leftovers|MirrorArmor|BraveBird,BulkUp,Roost,BodyPress|||M|||50|,,,,,Water]Amoonguss||RockyHelmet|Regenerator|Spore,RagePowder,PollenPuff,Protect|||F|||50|,,,,,Dark]Annihilape||SafetyGoggles|Defiant|RageFist,DrainPunch,BulkUp,Protect|||M|||50|,,,,,Water]Maushold||CovertCloak|FriendGuard|FollowMe,Taunt,Protect,BeatUp||||||50|,,,,,Grass
|showteam|p2|Milotic||Leftovers|Competitive|Scald,IceBeam,LifeDew,Protect|||F|||50|,,,,,Grass]Ceruledge||ClearAmulet|FlashFire|BulkUp,BitterBlade,ShadowSneak,Protect|||F|||50|,,,,,Grass]Ninetales-Alola||LightClay|SnowWarning|AuroraVeil,Blizzard,IcyWind,Protect|||F|||50|,,,,,Ghost]Rillaboom||AssaultVest|GrassySurge|WoodHammer,FakeOut,Uturn,GrassyGlide|||F|||50|,,,,,Grass]Kingambit||BlackGlasses|Defiant|SuckerPunch,KowtowCleave,SwordsDance,Protect|||M|||50|,,,,,Dark]Sneasler||FocusSash|Unburden|CloseCombat,DireClaw,FakeOut,Protect|||M|||50|,,,,,Ghost
|inactive|Battle timer is ON: inactive players will automatically lose when time's up. (requested by 1700 for rogue)
|inactive|1700 for rogue has 60 seconds left.
|
|t:|1756972584
|teamsize|p1|4
|teamsize|p2|4
|start
|switch|p1a: Annihilape|Annihilape, L50, M|100/100
|switch|p1b: Maushold|Maushold, L50, shiny|100/100
|switch|p2a: Sneasler|Sneasler, L50, M|100/100
|switch|p2b: Ceruledge|Ceruledge, L50, F|100/100
|turn|1
|
|t:|1756972606
|-terastallize|p1b: Maushold|Grass
|move|p1b: Maushold|Beat Up|p1a: Annihilape
|-damage|p1a: Annihilape|98/100
|-damage|p1a: Annihilape|96/100
|-damage|p1a: Annihilape|94/100
|-damage|p1a: Annihilape|91/100
|-hitcount|p1a: Annihilape|4
|move|p2a: Sneasler|Close Combat|p1b: Maushold
|-damage|p1b: Maushold|7/100
|-unboost|p2a: Sneasler|def|1
|-unboost|p2a: Sneasler|spd|1
|move|p1a: Annihilape|Rage Fist|p2b: Ceruledge
|-supereffective|p2b: Ceruledge
|-damage|p2b: Ceruledge|0 fnt
|faint|p2b: Ceruledge
|
|upkeep
|
|t:|1756972625
|switch|p2b: Ninetales|Ninetales-Alola, L50, F|100/100
|-weather|Snowscape|[from] ability: Snow Warning|[of] p2b: Ninetales
|turn|2
|
|t:|1756972639
|move|p1b: Maushold|Beat Up|p2a: Sneasler
|-resisted|p2a: Sneasler
|-damage|p2a: Sneasler|97/100
|-resisted|p2a: Sneasler
|-damage|p2a: Sneasler|94/100
|-resisted|p2a: Sneasler
|-damage|p2a: Sneasler|91/100
|-resisted|p2a: Sneasler
|-damage|p2a: Sneasler|86/100
|-hitcount|p2a: Sneasler|4
|move|p2b: Ninetales|Blizzard|p1a: Annihilape|[spread] p1a,p1b
|-supereffective|p1b: Maushold
|-damage|p1a: Annihilape|73/100
|-damage|p1b: Maushold|0 fnt
|faint|p1b: Maushold
|move|p2a: Sneasler|Dire Claw|p1a: Annihilape
|-resisted|p1a: Annihilape
|-damage|p1a: Annihilape|46/100
|move|p1a: Annihilape|Rage Fist|p2b: Ninetales
|-damage|p2b: Ninetales|0 fnt
|faint|p2b: Ninetales
|
|-weather|Snowscape|[upkeep]
|upkeep
|inactive|Atrix MJ has 30 seconds left.
|inactive|Atrix MJ has 20 seconds left.
|
|t:|1756972674
|switch|p1b: Corviknight|Corviknight, L50, M|100/100
|switch|p2b: Kingambit|Kingambit, L50, M|100/100
|turn|3
|
|t:|1756972698
|-terastallize|p2b: Kingambit|Dark
|move|p2b: Kingambit|Sucker Punch|p1a: Annihilape
|-damage|p1a: Annihilape|0 fnt
|faint|p1a: Annihilape
|move|p2a: Sneasler|Close Combat|p1b: Corviknight
|-damage|p1b: Corviknight|42/100
|-unboost|p2a: Sneasler|def|1
|-unboost|p2a: Sneasler|spd|1
|move|p1b: Corviknight|Brave Bird|p2a: Sneasler
|-supereffective|p2a: Sneasler
|-damage|p2a: Sneasler|0 fnt
|faint|p2a: Sneasler
|-damage|p1b: Corviknight|20/100|[from] Recoil
|
|-weather|Snowscape|[upkeep]
|-heal|p1b: Corviknight|26/100|[from] item: Leftovers
|upkeep
|
|t:|1756972704
|switch|p1a: Tyranitar|Tyranitar, L50, M|100/100
|-weather|Sandstorm|[from] ability: Sand Stream|[of] p1a: Tyranitar
|turn|4
|
|t:|1756972716
|move|p2b: Kingambit|Sucker Punch||[still]
|-fail|p2b: Kingambit
|move|p1b: Corviknight|Roost|p1b: Corviknight
|-heal|p1b: Corviknight|77/100
|-singleturn|p1b: Corviknight|move: Roost
|move|p1a: Tyranitar|Low Kick|p2b: Kingambit
|-supereffective|p2b: Kingambit
|-damage|p2b: Kingambit|43/100
|
|-weather|Sandstorm|[upkeep]
|-damage|p2b: Kingambit|37/100|[from] Sandstorm
|-heal|p1b: Corviknight|82/100|[from] item: Leftovers
|upkeep
|turn|5
|-message|1700 for rogue forfeited.
|
|win|Atrix MJ
||1700 for rogue is ready for game 2.
||Atrix MJ is ready for game 2.
|uhtml|next|Next: Game 2 of 3
|l|☆1700 for rogue
|player|p2|
