|j|☆camala64
|j|☆basmati
|html|camala64basmati    
|uhtml|bestof|Game 2 of a best-of-3
|t:|1782749210
|gametype|doubles
|player|p1|camala64|lance-masters2|1255
|player|p2|basmati|266|1299
|gen|9
|tier|[Gen 9 Champions] VGC 2026 Reg M-B (Bo3)
|rated|
|rule|Species Clause: Limit one of each Pokémon
|rule|Item Clause: Limit 1 of each item
|clearpoke
|poke|p1|Floette-Eternal, L50, F|
|poke|p1|Glimmora, L50, M|
|poke|p1|Talonflame, L50, F, shiny|
|poke|p1|Garchomp, L50, F, shiny|
|poke|p1|Basculegion, L50, M, shiny|
|poke|p1|Kingambit, L50, F, shiny|
|poke|p2|Raichu, L50, F, shiny|
|poke|p2|Gholdengo, L50, shiny|
|poke|p2|Basculegion, L50, M|
|poke|p2|Whimsicott, L50, F|
|poke|p2|Farigiraf, L50, F, shiny|
|poke|p2|Floette-Eternal, L50, F, shiny|
|teampreview|4
|showteam|p1|Floette-Eternal||Floettite|FlowerVeil|Moonblast,DazzlingGleam,LightofRuin,Protect|Modest||F|||50|]Glimmora||Glimmoranite|ToxicDebris|PowerGem,SludgeBomb,EarthPower,SpikyShield|Modest||M|||50|]Talonflame||SharpBeak|GaleWings|BraveBird,Tailwind,FlareBlitz,Protect|Adamant||F|||50|]Garchomp||LifeOrb|RoughSkin|Earthquake,RockSlide,DragonClaw,Protect|Adamant||F|||50|]Basculegion||FocusSash|Adaptability|Liquidation,AquaJet,LastRespects,Protect|Adamant||M|||50|]Kingambit||BlackGlasses|Defiant|KowtowCleave,SuckerPunch,IronHead,Protect|Adamant||F|||50|
|showteam|p2|Raichu||RaichuniteY|LightningRod|ZapCannon,FocusBlast,FakeOut,Protect|Modest||F|||50|]Gholdengo||LifeOrb|GoodasGold|MakeItRain,ShadowBall,NastyPlot,Protect|Timid|||||50|]Basculegion||MysticWater|Adaptability|WaveCrash,LastRespects,AquaJet,Protect|Adamant||M|||50|]Whimsicott||FocusSash|Prankster|Moonblast,Tailwind,Encore,Protect|Timid||F|||50|]Farigiraf||SitrusBerry|ArmorTail|HelpingHand,LightScreen,Psychic,Reflect|Bold||F|||50|]Floette-Eternal||Floettite|FlowerVeil|Moonblast,LightofRuin,DazzlingGleam,Protect|Modest||F|||50|
|inactive|Battle timer is ON: inactive players will automatically lose when time's up. (requested by basmati)
|
|t:|1782749237
|teamsize|p1|4
|teamsize|p2|4
|start
|switch|p1a: Garchomp|Garchomp, L50, F, shiny|100/100
|switch|p1b: Kingambit|Kingambit, L50, F, shiny|100/100
|switch|p2a: Whimsicott|Whimsicott, L50, F|100/100
|switch|p2b: Raichu|Raichu, L50, F, shiny|100/100
|turn|1
|inactive|basmati has 30 seconds left.
|
|t:|1782749268
|switch|p1b: Talonflame|Talonflame, L50, F, shiny|100/100
|move|p2b: Raichu|Protect|p2b: Raichu
|-singleturn|p2b: Raichu|Protect
|move|p2a: Whimsicott|Moonblast|p1a: Garchomp
|-supereffective|p1a: Garchomp|1
|-damage|p1a: Garchomp|29/100
|move|p1a: Garchomp|Earthquake|p2a: Whimsicott|[spread] p2a
|-activate|p2b: Raichu|move: Protect
|-immune|p1b: Talonflame
|-resisted|p2a: Whimsicott|1
|-damage|p2a: Whimsicott|65/100
|-damage|p1a: Garchomp|19/100|[from] item: Life Orb
|
|upkeep
|turn|2
|
|t:|1782749288
|switch|p2b: Farigiraf|Farigiraf, L50, F, shiny|100/100
|move|p2a: Whimsicott|Encore|p1a: Garchomp
|-start|p1a: Garchomp|Encore
|move|p1b: Talonflame|Brave Bird||[still]
|cant|p2b: Farigiraf|ability: Armor Tail|Brave Bird|[of] p1b: Talonflame
|move|p1a: Garchomp|Earthquake|p2b: Farigiraf|[spread] p2a,p2b
|-immune|p1b: Talonflame
|-resisted|p2a: Whimsicott|1
|-damage|p2a: Whimsicott|31/100
|-damage|p2b: Farigiraf|63/100
|-damage|p1a: Garchomp|9/100|[from] item: Life Orb
|
|upkeep
|turn|3
|j| MonteCantDraw
|
|t:|1782749311
|switch|p1a: Kingambit|Kingambit, L50, F, shiny|100/100
|move|p2a: Whimsicott|Tailwind|p2a: Whimsicott
|-sidestart|p2: basmati|move: Tailwind
|move|p1b: Talonflame|Tailwind|p1b: Talonflame
|-sidestart|p1: camala64|move: Tailwind
|move|p2b: Farigiraf|Reflect|p2b: Farigiraf
|-sidestart|p2: basmati|Reflect
|
|upkeep
|turn|4
|l| MonteCantDraw
|inactive|basmati has 30 seconds left.
|inactive|basmati has 20 seconds left.
|inactive|basmati has 15 seconds left.
|
|t:|1782749352
|switch|p1b: Glimmora|Glimmora, L50, M|100/100
|move|p2a: Whimsicott|Protect|p2a: Whimsicott
|-singleturn|p2a: Whimsicott|Protect
|move|p1a: Kingambit|Kowtow Cleave|p2b: Farigiraf
|-supereffective|p2b: Farigiraf|1
|-damage|p2b: Farigiraf|10/100
|-enditem|p2b: Farigiraf|Sitrus Berry|[eat]
|-heal|p2b: Farigiraf|35/100|[from] item: Sitrus Berry
|move|p2b: Farigiraf|Psychic|p1b: Glimmora
|-supereffective|p1b: Glimmora|1
|-damage|p1b: Glimmora|22/100
|
|upkeep
|turn|5
|inactive|basmati has 30 seconds left.
|
|t:|1782749378
|detailschange|p1b: Glimmora|Glimmora-Mega, L50, M
|-mega|p1b: Glimmora|Glimmora|Glimmoranite
|move|p2b: Farigiraf|Helping Hand|p2a: Whimsicott
|-singleturn|p2a: Whimsicott|Helping Hand|[of] p2b: Farigiraf
|move|p2a: Whimsicott|Moonblast|p1a: Kingambit
|-damage|p1a: Kingambit|50/100g
|-unboost|p1a: Kingambit|spa|1
|-ability|p1a: Kingambit|Defiant|boost
|-boost|p1a: Kingambit|atk|2
|move|p1b: Glimmora|Sludge Bomb|p2a: Whimsicott
|-supereffective|p2a: Whimsicott|2
|-damage|p2a: Whimsicott|0 fnt
|faint|p2a: Whimsicott
|move|p1a: Kingambit|Kowtow Cleave|p2b: Farigiraf
|-supereffective|p2b: Farigiraf|1
|-damage|p2b: Farigiraf|0 fnt
|faint|p2b: Farigiraf
|
|upkeep
|
|t:|1782749386
|switch|p2a: Raichu|Raichu, L50, F, shiny|100/100
|switch|p2b: Basculegion|Basculegion, L50, M|100/100
|turn|6
|
|t:|1782749406
|move|p2a: Raichu|Protect|p2a: Raichu
|-singleturn|p2a: Raichu|Protect
|move|p1b: Glimmora|Spiky Shield|p1b: Glimmora
|-singleturn|p1b: Glimmora|move: Protect
|move|p1a: Kingambit|Protect|p1a: Kingambit
|-singleturn|p1a: Kingambit|Protect
|move|p2b: Basculegion|Wave Crash|p1a: Kingambit
|-activate|p1a: Kingambit|move: Protect
|
|-sideend|p1: camala64|move: Tailwind
|-sideend|p2: basmati|move: Tailwind
|upkeep
|turn|7
|inactive|basmati has 30 seconds left.
|inactive|basmati has 20 seconds left.
|
|t:|1782749443
|detailschange|p2a: Raichu|Raichu-Mega-Y, L50, F, shiny
|-mega|p2a: Raichu|Raichu|Raichunite Y
|move|p1a: Kingambit|Sucker Punch|p2a: Raichu
|-crit|p2a: Raichu
|-damage|p2a: Raichu|0 fnt
|faint|p2a: Raichu
|move|p1b: Glimmora|Sludge Bomb|p2b: Basculegion
|-resisted|p2b: Basculegion|1
|-damage|p2b: Basculegion|61/100
|move|p2b: Basculegion|Wave Crash|p1a: Kingambit
|-damage|p1a: Kingambit|0 fnt
|faint|p1a: Kingambit
|-damage|p2b: Basculegion|43/100|[from] Recoil
|
|-sideend|p2: basmati|Reflect
|upkeep
|-message|basmati forfeited.
|
|win|camala64
|l|☆basmati
|player|p2|
||camala64 is ready for game 3.
||basmati is ready for game 3.
|uhtml|next|Next: Game 3 of 3
