|j|☆subert
|j|☆merrypasta
|html|subertmerrypasta    
|uhtml|bestof|Game 1 of a best-of-3
|t:|1757703562
|gametype|doubles
|player|p1|subert|2|1098
|player|p2|merrypasta|miku-ghost|1181
|gen|9
|tier|[Gen 9] VGC 2025 Reg H (Bo3)
|rated|
|rule|Species Clause: Limit one of each Pokémon
|rule|Item Clause: Limit 1 of each item
|clearpoke
|poke|p1|Hatterene, L50, F|
|poke|p1|Indeedee-F, L50, F|
|poke|p1|Armarouge, L50, F|
|poke|p1|Luvdisc, L50, M|
|poke|p1|Ursaluna, L50, M|
|poke|p1|Sneasler, L50, F|
|poke|p2|Hatterene, L50, F|
|poke|p2|Indeedee-F, L50, F|
|poke|p2|Ursaluna, L50, F|
|poke|p2|Sneasler, L50, F|
|poke|p2|Typhlosion-Hisui, L50, M|
|poke|p2|Torkoal, L50, M|
|teampreview|4
|showteam|p1|Hatterene||Leftovers|MagicBounce|DazzlingGleam,TrickRoom,ExpandingForce,Protect|||F|||50|,,,,,Psychic]Indeedee-F||MentalHerb|PsychicSurge|FollowMe,HelpingHand,TrickRoom,Protect|||F|||50|,,,,,Psychic]Armarouge||WeaknessPolicy|WeakArmor|ArmorCannon,ExpandingForce,ScorchingSands,Protect|||F|||50|,,,,,Fairy]Luvdisc||FocusSash|SwiftSwim|FlipTurn,IcyWind,Endeavor,Protect|||M|||50|,,,,,Fire]Ursaluna||FlameOrb|Guts|Earthquake,Facade,ShadowClaw,Protect|||M|||50|,,,,,Ghost]Sneasler||PsychicSeed|Unburden|DireClaw,CloseCombat,RockSlide,Protect|||F|||50|,,,,,Rock
|showteam|p2|Hatterene||LifeOrb|MagicBounce|ExpandingForce,DazzlingGleam,MysticalFire,TrickRoom|||F|||50|,,,,,Fire]Indeedee-F||SafetyGoggles|PsychicSurge|Psychic,FollowMe,HelpingHand,TrickRoom|||F|||50|,,,,,Fairy]Ursaluna||FlameOrb|Guts|Facade,HeadlongRush,Protect,Earthquake|||F|||50|,,,,,Ghost]Sneasler||PsychicSeed|Unburden|DireClaw,CloseCombat,Protect,ThroatChop|||F|||50|,,,,,Dark]Typhlosion-Hisui||ChoiceScarf|Blaze|Eruption,HeatWave,ShadowBall,SolarBeam|||M|||50|,,,,,Fire]Torkoal||EjectPack|Drought|Eruption,Overheat,Protect,HelpingHand|||M|||50|,,,,,Fire
|
|t:|1757703594
|teamsize|p1|4
|teamsize|p2|4
|start
|switch|p1a: Luvdisc|Luvdisc, L50, M|100/100
|switch|p1b: Armarouge|Armarouge, L50, F|100/100
|switch|p2a: Typhlosion|Typhlosion-Hisui, L50, M|100/100
|switch|p2b: Torkoal|Torkoal, L50, M|100/100
|-weather|SunnyDay|[from] ability: Drought|[of] p2b: Torkoal
|turn|1
|
|t:|1757703612
|-terastallize|p2a: Typhlosion|Fire
|move|p2b: Torkoal|Helping Hand|p2a: Typhlosion
|-singleturn|p2a: Typhlosion|Helping Hand|[of] p2b: Torkoal
|move|p2a: Typhlosion|Eruption|p1b: Armarouge|[spread] p1a,p1b
|-resisted|p1a: Luvdisc
|-resisted|p1b: Armarouge
|-enditem|p1a: Luvdisc|Focus Sash
|-damage|p1a: Luvdisc|1/100
|-damage|p1b: Armarouge|0 fnt
|faint|p1b: Armarouge
|move|p1a: Luvdisc|Flip Turn|p1: Armarouge|[notarget]
|-fail|p1a: Luvdisc
|
|-weather|SunnyDay|[upkeep]
|upkeep
|
|t:|1757703626
|switch|p1b: Indeedee|Indeedee-F, L50, F|100/100
|-fieldstart|move: Psychic Terrain|[from] ability: Psychic Surge|[of] p1b: Indeedee
|turn|2
|
|t:|1757703639
|move|p2b: Torkoal|Helping Hand|p2a: Typhlosion
|-singleturn|p2a: Typhlosion|Helping Hand|[of] p2b: Torkoal
|move|p1b: Indeedee|Protect|p1b: Indeedee
|-singleturn|p1b: Indeedee|Protect
|move|p2a: Typhlosion|Eruption|p1b: Indeedee|[spread] p1a
|-activate|p1b: Indeedee|move: Protect
|-resisted|p1a: Luvdisc
|-damage|p1a: Luvdisc|0 fnt
|faint|p1a: Luvdisc
|
|-weather|SunnyDay|[upkeep]
|upkeep
|
|t:|1757703649
|switch|p1a: Sneasler|Sneasler, L50, F|100/100
|-enditem|p1a: Sneasler|Psychic Seed
|-boost|p1a: Sneasler|spd|1|[from] item: Psychic Seed
|turn|3
|
|t:|1757703664
|switch|p2a: Indeedee|Indeedee-F, L50, F|100/100
|-terastallize|p1a: Sneasler|Rock
|move|p1b: Indeedee|Helping Hand|p1a: Sneasler
|-singleturn|p1a: Sneasler|Helping Hand|[of] p1b: Indeedee
|move|p1a: Sneasler|Rock Slide|p2a: Indeedee|[spread] p2a,p2b
|-supereffective|p2b: Torkoal
|-damage|p2a: Indeedee|51/100
|-damage|p2b: Torkoal|25/100
|move|p2b: Torkoal|Overheat|p1b: Indeedee
|-damage|p1b: Indeedee|19/100
|-unboost|p2b: Torkoal|spa|2
|-enditem|p2b: Torkoal|Eject Pack
|
|t:|1757703674
|switch|p2b: Sneasler|Sneasler, L50, F|100/100
|-enditem|p2b: Sneasler|Psychic Seed
|-boost|p2b: Sneasler|spd|1|[from] item: Psychic Seed
|
|-weather|SunnyDay|[upkeep]
|upkeep
|turn|4
|
|t:|1757703684
|move|p1b: Indeedee|Follow Me|p1b: Indeedee
|-singleturn|p1b: Indeedee|move: Follow Me
|move|p2b: Sneasler|Close Combat|p1b: Indeedee
|-damage|p1b: Indeedee|0 fnt
|-unboost|p2b: Sneasler|def|1
|-unboost|p2b: Sneasler|spd|1
|faint|p1b: Indeedee
|move|p1a: Sneasler|Rock Slide|p2a: Indeedee|[spread] p2a,p2b
|-resisted|p2b: Sneasler
|-damage|p2a: Indeedee|19/100
|-damage|p2b: Sneasler|56/100
|move|p2a: Indeedee|Psychic|p1a: Sneasler
|-damage|p1a: Sneasler|64/100
|
|-weather|SunnyDay|[upkeep]
|upkeep
|turn|5
|
|t:|1757703697
|move|p2a: Indeedee|Helping Hand|p2b: Sneasler
|-singleturn|p2b: Sneasler|Helping Hand|[of] p2a: Indeedee
|move|p1a: Sneasler|Rock Slide|p2a: Indeedee|[spread] p2a,p2b
|-resisted|p2b: Sneasler
|-damage|p2a: Indeedee|0 fnt
|-damage|p2b: Sneasler|11/100
|faint|p2a: Indeedee
|move|p2b: Sneasler|Close Combat|p1a: Sneasler
|-supereffective|p1a: Sneasler
|-damage|p1a: Sneasler|0 fnt
|-unboost|p2b: Sneasler|def|1
|-unboost|p2b: Sneasler|spd|1
|faint|p1a: Sneasler
|
|win|merrypasta
||merrypasta is ready for game 2.
||subert is ready for game 2.
|uhtml|next|Next: Game 2 of 3
|l|☆merrypasta
|player|p2|
|l|☆subert
|player|p1|
