|j|☆Marvcolor
|j|☆circuitosomador
|html|Marvcolorcircuitosomador    
|uhtml|bestof|Game 2 of a best-of-3
|t:|1784087854
|gametype|doubles
|player|p1|Marvcolor|giovanni|1318
|player|p2|circuitosomador|norman|1373
|gen|9
|tier|[Gen 9 Champions] VGC 2026 Reg M-B (Bo3)
|rated|
|rule|Species Clause: Limit one of each Pokémon
|rule|Item Clause: Limit 1 of each item
|clearpoke
|poke|p1|Gengar, L50, F, shiny|
|poke|p1|Politoed, L50, M, shiny|
|poke|p1|Archaludon, L50, F, shiny|
|poke|p1|Swampert, L50, M, shiny|
|poke|p1|Incineroar, L50, F, shiny|
|poke|p1|Vivillon, L50, M, shiny|
|poke|p2|Charizard, L50, F|
|poke|p2|Floette-Eternal, L50, F|
|poke|p2|Whimsicott, L50, M|
|poke|p2|Garchomp, L50, M|
|poke|p2|Basculegion, L50, M|
|poke|p2|Kingambit, L50, F|
|teampreview|4
|showteam|p1|Gengar||Gengarite|CursedBody|ShadowBall,SludgeBomb,PerishSong,Protect|Timid||F|||50|]Politoed||SitrusBerry|Drizzle|WeatherBall,PerishSong,Encore,Protect|Calm||M|||50|]Archaludon||Leftovers|Stamina|ElectroShot,DragonPulse,FlashCannon,Protect|Bold||F|||50|]Swampert||Swampertite|Damp|WaveCrash,Earthquake,IcePunch,Protect|Adamant||M|||50|]Incineroar||PasshoBerry|Intimidate|ThroatChop,PartingShot,Protect,FakeOut|Sassy||F|||50|]Vivillon||FocusSash|CompoundEyes|Hurricane,SleepPowder,RagePowder,Protect|Timid||M|||50|
|showteam|p2|Charizard||CharizarditeY|Blaze|WeatherBall,SolarBeam,HeatWave,Protect|Modest||F|||50|]Floette-Eternal||Floettite|FlowerVeil|Moonblast,DazzlingGleam,LightofRuin,Protect|Modest||F|||50|]Whimsicott||FocusSash|Prankster|Moonblast,Encore,Tailwind,Protect|Timid||M|||50|]Garchomp||SitrusBerry|RoughSkin|DragonClaw,StompingTantrum,RockSlide,Protect|Adamant||M|||50|]Basculegion||ChoiceScarf|Adaptability|WaveCrash,LastRespects,AquaJet,FlipTurn|Jolly||M|||50|]Kingambit||LifeOrb|Defiant|KowtowCleave,IronHead,SuckerPunch,LowKick|Adamant||F|||50|
|inactive|Battle timer is ON: inactive players will automatically lose when time's up. (requested by Marvcolor)
|j| creed revival tour
|inactive|circuitosomador has 60 seconds left.
|
|t:|1784087895
|teamsize|p1|4
|teamsize|p2|4
|start
|switch|p1a: Mishra|Gengar, L50, F, shiny|100/100
|switch|p1b: Time Walk|Vivillon, L50, M, shiny|100/100
|switch|p2a: Floette|Floette-Eternal, L50, F|100/100
|switch|p2b: Whimsicott|Whimsicott, L50, M|100/100
|turn|1
|
|t:|1784087919
|switch|p2a: Garchomp|Garchomp, L50, M|100/100
|detailschange|p1a: Mishra|Gengar-Mega, L50, F, shiny
|-mega|p1a: Mishra|Gengar|Gengarite
|move|p2b: Whimsicott|Tailwind|p2b: Whimsicott
|-sidestart|p2: circuitosomador|move: Tailwind
|move|p1a: Mishra|Sludge Bomb|p2b: Whimsicott
|-supereffective|p2b: Whimsicott|2
|-enditem|p2b: Whimsicott|Focus Sash
|-damage|p2b: Whimsicott|1/100
|-status|p2b: Whimsicott|psn
|move|p1b: Time Walk|Sleep Powder|p2a: Garchomp
|-status|p2a: Garchomp|slp|[from] move: Sleep Powder
|
|-damage|p2b: Whimsicott|0 fnt|[from] psn
|faint|p2b: Whimsicott
|upkeep
|
|t:|1784087937
|switch|p2b: Basculegion|Basculegion, L50, M|100/100
|turn|2
|
|t:|1784087948
|move|p1b: Time Walk|Rage Powder|p1b: Time Walk
|-singleturn|p1b: Time Walk|move: Rage Powder
|move|p2b: Basculegion|Last Respects|p1b: Time Walk
|-enditem|p1b: Time Walk|Focus Sash
|-damage|p1b: Time Walk|1/100
|cant|p2a: Garchomp|slp
|move|p1a: Mishra|Shadow Ball|p2b: Basculegion
|-supereffective|p2b: Basculegion|1
|-damage|p2b: Basculegion|1/100
|
|upkeep
|turn|3
|inactive|Marvcolor has 30 seconds left.
|inactive|Marvcolor has 20 seconds left.
|inactive|Marvcolor has 15 seconds left.
|inactive|Marvcolor has 10 seconds left.
|inactive|Marvcolor has 5 seconds left.
|
|t:|1784088000
|switch|p1b: Mankira|Incineroar, L50, F, shiny|100/100
|-ability|p1b: Mankira|Intimidate|boost
|-unboost|p2a: Garchomp|atk|1
|-unboost|p2b: Basculegion|atk|1
|move|p1a: Mishra|Protect|p1a: Mishra
|-singleturn|p1a: Mishra|Protect
|move|p2b: Basculegion|Last Respects|p1a: Mishra
|-activate|p1a: Mishra|move: Protect
|-curestatus|p2a: Garchomp|slp|[msg]
|move|p2a: Garchomp|Stomping Tantrum|p1a: Mishra
|-activate|p1a: Mishra|move: Protect
|
|upkeep
|turn|4
|inactive|Marvcolor has 30 seconds left.
|inactive|circuitosomador has 30 seconds left.
|
|t:|1784088029
|switch|p1a: Time Walk|Vivillon, L50, M, shiny|1/100
|move|p2b: Basculegion|Last Respects|p1a: Time Walk
|-damage|p1a: Time Walk|0 fnt
|faint|p1a: Time Walk
|move|p2a: Garchomp|Stomping Tantrum|p1b: Mankira
|-supereffective|p1b: Mankira|1
|-damage|p1b: Mankira|54/100
|move|p1b: Mankira|Throat Chop|p2b: Basculegion
|-supereffective|p2b: Basculegion|1
|-damage|p2b: Basculegion|0 fnt
|faint|p2b: Basculegion
|
|-sideend|p2: circuitosomador|move: Tailwind
|upkeep
|
|t:|1784088048
|switch|p1a: Mishra|Gengar-Mega, L50, F, shiny|100/100
|switch|p2b: Floette|Floette-Eternal, L50, F|100/100
|turn|5
|
|t:|1784088070
|switch|p1b: Connect|Politoed, L50, M, shiny|100/100
|-weather|RainDance|[from] ability: Drizzle|[of] p1b: Connect
|detailschange|p2b: Floette|Floette-Mega, L50, F
|-mega|p2b: Floette|Floette|Floettite
|-ability|p2b: Floette|Fairy Aura
|move|p1a: Mishra|Perish Song|p1a: Mishra
|-start|p1a: Mishra|perish3|[silent]
|-start|p1b: Connect|perish3|[silent]
|-start|p2a: Garchomp|perish3|[silent]
|-start|p2b: Floette|perish3|[silent]
|-fieldactivate|move: Perish Song
|move|p2b: Floette|Moonblast|p1a: Mishra
|-resisted|p1a: Mishra|1
|-damage|p1a: Mishra|64/100
|-unboost|p1a: Mishra|spa|1
|move|p2a: Garchomp|Stomping Tantrum|p1a: Mishra
|-supereffective|p1a: Mishra|1
|-damage|p1a: Mishra|5/100
|
|-weather|RainDance|[upkeep]
|-start|p1a: Mishra|perish3
|-start|p2b: Floette|perish3
|-start|p2a: Garchomp|perish3
|-start|p1b: Connect|perish3
|upkeep
|turn|6
|-message|circuitosomador forfeited.
|
|win|Marvcolor
|l|☆circuitosomador
|player|p2|
||circuitosomador is ready for game 3.
||Marvcolor is ready for game 3.
|uhtml|next|Next: Game 3 of 3
|l| creed revival tour
