|j|☆HussValleyVGC
|j|☆LuixenS
|html|HussValleyVGCLuixenS    
|uhtml|bestof|Game 2 of a best-of-3
|t:|1786050806
|gametype|doubles
|player|p1|HussValleyVGC|yellow|
|player|p2|LuixenS|canari|
|gen|9
|tier|[Gen 9 Champions] VGC 2026 Reg M-B (Bo3)
|rule|Species Clause: Limit one of each Pokémon
|rule|Item Clause: Limit 1 of each item
|clearpoke
|poke|p1|Charizard, L50, M, shiny|
|poke|p1|Glimmora, L50, F, shiny|
|poke|p1|Whimsicott, L50, F, shiny|
|poke|p1|Ninetales-Alola, L50, M, shiny|
|poke|p1|Kingambit, L50, M, shiny|
|poke|p1|Kommo-o, L50, M, shiny|
|poke|p2|Staraptor, L50, F|
|poke|p2|Raichu, L50, M|
|poke|p2|Sylveon, L50, M, shiny|
|poke|p2|Farigiraf, L50, F, shiny|
|poke|p2|Arcanine-Hisui, L50, F|
|poke|p2|Kingambit, L50, M|
|teampreview|4
|showteam|p1|Charizard||CharizarditeY|Blaze|SolarBeam,Protect,HeatWave,WeatherBall|Modest||M|||50|]Glimmora||Glimmoranite|ToxicDebris|EarthPower,PowerGem,SpikyShield,SludgeBomb|Modest||F|||50|]Whimsicott||FocusSash|Prankster|Encore,Moonblast,Protect,Tailwind|Timid||F|||50|]Ninetales-Alola||NeverMeltIce|SnowWarning|Disable,FreezeDry,Protect,Blizzard|Timid||M|||50|]Kingambit||BlackGlasses|Defiant|SuckerPunch,IronHead,Protect,KowtowCleave|Adamant||M|||50|]Kommo-o||LifeOrb|Overcoat|VacuumWave,Protect,ClangingScales,AuraSphere|Modest||M|||50|
|showteam|p2|Staraptor||Staraptite|Intimidate|Tailwind,Protect,CloseCombat,DualWingbeat|Jolly||F|||50|]Raichu||RaichuniteY|LightningRod|FakeOut,ZapCannon,FocusBlast,Protect|Timid||M|||50|]Sylveon||FairyFeather|Pixilate|Detect,HyperVoice,QuickAttack,HyperBeam|Modest||M|||50|]Farigiraf||SitrusBerry|ArmorTail|Psychic,TrickRoom,HelpingHand,Protect|Calm||F|||50|]Arcanine-Hisui||FocusSash|RockHead|Protect,ExtremeSpeed,HeadSmash,FlareBlitz|Jolly||F|||50|]Kingambit||LifeOrb|Defiant|Protect,KowtowCleave,SwordsDance,SuckerPunch|Adamant||M|||50|
|inactive|Battle timer is ON: inactive players will automatically lose when time's up. (requested by LuixenS)
|inactive|HussValleyVGC also wants the timer to be on.
|j| eevee1ynn
|j| Hudie EU
|j| shrimplyasapphic
|inactive|LuixenS has 60 seconds left.
|
|t:|1786050843
|teamsize|p1|4
|teamsize|p2|4
|start
|switch|p1a: Kommo-o|Kommo-o, L50, M, shiny|100/100
|switch|p1b: Glimmora|Glimmora, L50, F, shiny|100/100
|switch|p2a: Sylveon|Sylveon, L50, M, shiny|100/100
|switch|p2b: Staraptor|Staraptor, L50, F|100/100
|-ability|p2b: Staraptor|Intimidate|boost
|-unboost|p1a: Kommo-o|atk|1
|-unboost|p1b: Glimmora|atk|1
|turn|1
|j| lt131wv muz
|inactive|HussValleyVGC has 30 seconds left.
|
|t:|1786050868
|detailschange|p2b: Staraptor|Staraptor-Mega, L50, F
|-mega|p2b: Staraptor|Staraptor|Staraptite
|detailschange|p1b: Glimmora|Glimmora-Mega, L50, F, shiny
|-mega|p1b: Glimmora|Glimmora|Glimmoranite
|move|p2a: Sylveon|Detect|p2a: Sylveon
|-singleturn|p2a: Sylveon|Protect
|move|p2b: Staraptor|Close Combat|p1b: Glimmora
|-damage|p1b: Glimmora|39/100
|-boost|p2b: Staraptor|def|1
|-boost|p2b: Staraptor|spd|1
|move|p1b: Glimmora|Sludge Bomb|p2b: Staraptor
|-damage|p2b: Staraptor|46/100
|move|p1a: Kommo-o|Clanging Scales|p2b: Staraptor|[spread] p2b
|-activate|p2a: Sylveon|move: Protect
|-damage|p2b: Staraptor|8/100
|-unboost|p1a: Kommo-o|def|1
|-damage|p1a: Kommo-o|90/100|[from] item: Life Orb
|
|upkeep
|turn|2
|
|t:|1786050889
|move|p1b: Glimmora|Spiky Shield|p1b: Glimmora
|-singleturn|p1b: Glimmora|move: Protect
|move|p2b: Staraptor|Dual Wingbeat|p1a: Kommo-o
|-supereffective|p1a: Kommo-o|1
|-damage|p1a: Kommo-o|33/100
|-supereffective|p1a: Kommo-o|1
|-damage|p1a: Kommo-o|0 fnt
|faint|p1a: Kommo-o
|-hitcount|p1: Kommo-o|2
|move|p2a: Sylveon|Hyper Voice|p1b: Glimmora
|-activate|p1b: Glimmora|move: Protect
|
|upkeep
|
|t:|1786050895
|switch|p1a: Whimsicott|Whimsicott, L50, F, shiny|100/100
|turn|3
|
|t:|1786050907
|move|p2a: Sylveon|Quick Attack|p1a: Whimsicott
|-crit|p1a: Whimsicott
|-damage|p1a: Whimsicott|72/100
|move|p1a: Whimsicott|Moonblast|p2b: Staraptor
|-supereffective|p2b: Staraptor|1
|-damage|p2b: Staraptor|0 fnt
|faint|p2b: Staraptor
|move|p1b: Glimmora|Sludge Bomb|p2a: Sylveon
|-supereffective|p2a: Sylveon|1
|-damage|p2a: Sylveon|0 fnt
|faint|p2a: Sylveon
|
|upkeep
|
|t:|1786050912
|switch|p2b: Arcanine|Arcanine-Hisui, L50, F|100/100
|switch|p2a: Farigiraf|Farigiraf, L50, F, shiny|100/100
|turn|4
|l| lt131wv muz
|j| lt131wv muz
|
|t:|1786050930
|move|p1a: Whimsicott|Moonblast|p2a: Farigiraf
|-damage|p2a: Farigiraf|71/100
|move|p2b: Arcanine|Flare Blitz|p1a: Whimsicott
|-supereffective|p1a: Whimsicott|1
|-damage|p1a: Whimsicott|0 fnt
|faint|p1a: Whimsicott
|move|p1b: Glimmora|Sludge Bomb|p2a: Farigiraf
|-damage|p2a: Farigiraf|12/100
|-status|p2a: Farigiraf|psn
|-enditem|p2a: Farigiraf|Sitrus Berry|[eat]
|-heal|p2a: Farigiraf|37/100 psn|[from] item: Sitrus Berry
|move|p2a: Farigiraf|Psychic|p1b: Glimmora
|-supereffective|p1b: Glimmora|1
|-damage|p1b: Glimmora|0 fnt
|faint|p1b: Glimmora
|
|-damage|p2a: Farigiraf|24/100 psn|[from] psn
|upkeep
|
|t:|1786050935
|switch|p1b: Kingambit|Kingambit, L50, M, shiny|100/100
|turn|5
|c|☆HussValleyVGC|ggs
|
|t:|1786050943
|move|p2a: Farigiraf|Helping Hand|p2b: Arcanine
|-singleturn|p2b: Arcanine|Helping Hand|[of] p2a: Farigiraf
|move|p2b: Arcanine|Flare Blitz|p1b: Kingambit
|-supereffective|p1b: Kingambit|1
|-damage|p1b: Kingambit|0 fnt
|faint|p1b: Kingambit
|
|win|LuixenS
|c|☆LuixenS|ggs
|l|☆HussValleyVGC
|player|p1|
|j| tennerps
|l| tennerps
|l| Hudie EU
|l| eevee1ynn
|l| lt131wv muz
|l| shrimplyasapphic
