|j|☆dnut1
|j|☆psychic system
|html|dnut1psychic system    
|uhtml|bestof|Game 2 of a best-of-3
|t:|1756906997
|gametype|doubles
|player|p1|dnut1|266|1247
|player|p2|psychic system|lucas|1159
|gen|9
|tier|[Gen 9] VGC 2025 Reg H (Bo3)
|rated|
|rule|Species Clause: Limit one of each Pokémon
|rule|Item Clause: Limit 1 of each item
|clearpoke
|poke|p1|Indeedee-F, L50, F|
|poke|p1|Hatterene, L50, F|
|poke|p1|Gallade, L50, M|
|poke|p1|Ursaluna, L50, M|
|poke|p1|Lilligant-Hisui, L50, F|
|poke|p1|Torkoal, L50, M|
|poke|p2|Rillaboom, L50, F|
|poke|p2|Florges, L50, F|
|poke|p2|Amoonguss, L50, F|
|poke|p2|Kingambit, L50, M|
|poke|p2|Incineroar, L50, M|
|poke|p2|Pelipper, L50, M|
|teampreview|4
|showteam|p1|Indeedee-F||PsychicSeed|PsychicSurge|TrickRoom,FollowMe,HelpingHand,Psyshock|||F|||50|,,,,,Fire]Hatterene||LifeOrb|MagicBounce|ExpandingForce,TrickRoom,DazzlingGleam,Protect|||F|||50|,,,,,Psychic]Gallade||ClearAmulet|Sharpness|PsychoCut,TrickRoom,SacredSword,WideGuard|||M|||50|,,,,,Grass]Ursaluna||FlameOrb|Guts|HeadlongRush,Facade,SwordsDance,Protect|||M|||50|,,,,,Ghost]Lilligant-Hisui||FocusSash|Chlorophyll|SolarBlade,SleepPowder,CloseCombat,AfterYou|||F|||50|,,,,,Ghost]Torkoal||ChoiceSpecs|Drought|Eruption,HeatWave,WeatherBall,EarthPower|||M|||50|,,,,,Fire
|showteam|p2|Rillaboom||AssaultVest|GrassySurge|FakeOut,GrassyGlide,DrumBeating,Uturn|||F|||50|,,,,,Fire]Florges||Leftovers|FlowerVeil|Moonblast,DazzlingGleam,CalmMind,Protect|||F|||50|,,,,,Poison]Amoonguss||SitrusBerry|Regenerator|ClearSmog,Spore,PollenPuff,RagePowder|||F|||50|,,,,,Water]Kingambit||BlackGlasses|Defiant|Protect,KowtowCleave,SuckerPunch,SwordsDance|||M|||50|,,,,,Ghost]Incineroar||SafetyGoggles|Intimidate|FakeOut,KnockOff,FlareBlitz,PartingShot|||M|||50|,,,,,Ghost]Pelipper||ChoiceScarf|Drizzle|MuddyWater,Hurricane,IcyWind,WeatherBall|||M|||50|,,,,,Water
|inactive|Battle timer is ON: inactive players will automatically lose when time's up. (requested by psychic system)
|
|t:|1756907022
|teamsize|p1|4
|teamsize|p2|4
|start
|switch|p1a: Indeedee|Indeedee-F, L50, F, shiny|100/100
|switch|p1b: Gallade|Gallade, L50, M, shiny|100/100
|switch|p2a: Florges|Florges, L50, F|100/100
|switch|p2b: Incineroar|Incineroar, L50, M|100/100
|-fieldstart|move: Psychic Terrain|[from] ability: Psychic Surge|[of] p1a: Indeedee
|-enditem|p1a: Indeedee|Psychic Seed
|-boost|p1a: Indeedee|spd|1|[from] item: Psychic Seed
|-ability|p2b: Incineroar|Intimidate|boost
|-unboost|p1a: Indeedee|atk|1
|-fail|p1b: Gallade|unboost|[from] item: Clear Amulet|[of] p1b: Gallade
|turn|1
|inactive|psychic system has 30 seconds left.
|inactive|psychic system has 20 seconds left.
|
|t:|1756907060
|move|p2a: Florges|Calm Mind|p2a: Florges
|-boost|p2a: Florges|spa|1
|-boost|p2a: Florges|spd|1
|move|p2b: Incineroar|Knock Off|p1b: Gallade
|-damage|p1b: Gallade|38/100
|-enditem|p1b: Gallade|Clear Amulet|[from] move: Knock Off|[of] p2b: Incineroar
|move|p1b: Gallade|Psycho Cut|p2a: Florges
|-damage|p2a: Florges|22/100
|move|p1a: Indeedee|Trick Room|p1a: Indeedee
|-fieldstart|move: Trick Room|[of] p1a: Indeedee
|
|-heal|p2a: Florges|28/100|[from] item: Leftovers
|upkeep
|turn|2
|inactive|psychic system has 30 seconds left.
|inactive|psychic system has 20 seconds left.
|inactive|psychic system has 15 seconds left.
|inactive|psychic system has 10 seconds left.
|
|t:|1756907110
|move|p1b: Gallade|Sacred Sword|p2b: Incineroar
|-supereffective|p2b: Incineroar
|-damage|p2b: Incineroar|0 fnt
|faint|p2b: Incineroar
|move|p2a: Florges|Dazzling Gleam|p1a: Indeedee|[spread] p1a,p1b
|-supereffective|p1b: Gallade
|-damage|p1a: Indeedee|76/100
|-damage|p1b: Gallade|0 fnt
|faint|p1b: Gallade
|move|p1a: Indeedee|Psyshock|p2a: Florges
|-damage|p2a: Florges|0 fnt
|faint|p2a: Florges
|
|upkeep
|
|t:|1756907128
|switch|p1b: Hatterene|Hatterene, L50, F, shiny|100/100
|switch|p2b: Pelipper|Pelipper, L50, M|100/100
|switch|p2a: Rillaboom|Rillaboom, L50, F|100/100
|-fieldstart|move: Grassy Terrain|[from] ability: Grassy Surge|[of] p2a: Rillaboom
|-weather|RainDance|[from] ability: Drizzle|[of] p2b: Pelipper
|turn|3
|
|t:|1756907148
|switch|p1a: Torkoal|Torkoal, L50, M, shiny|100/100
|-weather|SunnyDay|[from] ability: Drought|[of] p1a: Torkoal
|move|p1b: Hatterene|Protect|p1b: Hatterene
|-singleturn|p1b: Hatterene|Protect
|move|p2a: Rillaboom|Drum Beating|p1b: Hatterene
|-activate|p1b: Hatterene|move: Protect
|move|p2b: Pelipper|Muddy Water|p1a: Torkoal|[spread] p1a
|-activate|p1b: Hatterene|move: Protect
|-supereffective|p1a: Torkoal
|-damage|p1a: Torkoal|62/100
|
|-weather|SunnyDay|[upkeep]
|-heal|p1a: Torkoal|68/100|[from] Grassy Terrain
|upkeep
|turn|4
|
|t:|1756907173
|switch|p1a: Indeedee|Indeedee-F, L50, F, shiny|76/100
|-fieldstart|move: Psychic Terrain|[from] ability: Psychic Surge|[of] p1a: Indeedee
|-terastallize|p1b: Hatterene|Psychic
|-terastallize|p2a: Rillaboom|Fire
|move|p1b: Hatterene|Expanding Force|p2a: Rillaboom|[spread] p2a,p2b
|-damage|p2a: Rillaboom|30/100
|-damage|p2b: Pelipper|0 fnt
|faint|p2b: Pelipper
|-damage|p1b: Hatterene|91/100|[from] item: Life Orb
|move|p2a: Rillaboom|U-turn|p1b: Hatterene
|-supereffective|p1b: Hatterene
|-damage|p1b: Hatterene|34/100
|
|-weather|SunnyDay|[upkeep]
|upkeep
|turn|5
|
|t:|1756907194
|move|p1b: Hatterene|Expanding Force|p2a: Rillaboom
|-damage|p2a: Rillaboom|0 fnt
|faint|p2a: Rillaboom
|-damage|p1b: Hatterene|25/100|[from] item: Life Orb
|
|win|dnut1
||dnut1 is ready for game 3.
