|j|☆Mameon
|j|☆toxicwofl
|html|Mameontoxicwofl    
|uhtml|bestof|Game 3 of a best-of-3
|t:|1756288993
|gametype|doubles
|player|p1|Mameon|red|1081
|player|p2|toxicwofl|cynthia|1073
|gen|9
|tier|[Gen 9] VGC 2025 Reg H (Bo3)
|rated|
|rule|Species Clause: Limit one of each Pokémon
|rule|Item Clause: Limit 1 of each item
|clearpoke
|poke|p1|Gholdengo, L50|
|poke|p1|Sneasler, L50, M|
|poke|p1|Rillaboom, L50, M|
|poke|p1|Dragonite, L50, M|
|poke|p1|Ninetales-Alola, L50, M|
|poke|p1|Arcanine-Hisui, L50, M|
|poke|p2|Sneasler, L50, F|
|poke|p2|Indeedee, L50, M|
|poke|p2|Ursaluna-Bloodmoon, L50, M|
|poke|p2|Annihilape, L50, M|
|poke|p2|Tyranitar, L50, M|
|poke|p2|Volcarona, L50, M|
|teampreview|4
|showteam|p1|Gholdengo||GrassySeed|GoodasGold|NastyPlot,MakeItRain,ShadowBall,Protect||||||50|,,,,,Water]Sneasler||WhiteHerb|Unburden|CloseCombat,DireClaw,Coaching,Protect|||M|||50|,,,,,Ghost]Rillaboom||AssaultVest|GrassySurge|FakeOut,GrassyGlide,DrumBeating,HighHorsepower|||M|||50|,,,,,Fire]Dragonite||LoadedDice|Multiscale|ScaleShot,StompingTantrum,Tailwind,Protect|||M|||50|,,,,,Ground]Ninetales-Alola||FocusSash|SnowWarning|Blizzard,IcyWind,Encore,AuroraVeil|||M|||50|,,,,,Ghost]Arcanine-Hisui||ClearAmulet|Intimidate|RockSlide,FlareBlitz,ExtremeSpeed,Protect|||M|||50|,,,,,Water
|showteam|p2|Sneasler||PsychicSeed|Unburden|CloseCombat,DireClaw,ThroatChop,Protect|||F|||50|,,,,,Dark]Indeedee||ChoiceScarf|PsychicSurge|ExpandingForce,TeraBlast,Trick,Protect|||M|||50|,,,,,Psychic]Ursaluna-Bloodmoon||LifeOrb|MindsEye|BloodMoon,HyperVoice,EarthPower,Protect|||M|||50|,,,,,Normal]Annihilape||SafetyGoggles|Defiant|CloseCombat,RageFist,Taunt,FinalGambit|||M|||50|,,,,,Fairy]Tyranitar||AssaultVest|SandStream|RockSlide,KnockOff,TeraBlast,LowKick|||M|||50|,,,,,Flying]Volcarona||Leftovers|FlameBody|QuiverDance,StruggleBug,RagePowder,Tailwind|||M|||50|,,,,,Grass
|inactive|Battle timer is ON: inactive players will automatically lose when time's up. (requested by Mameon)
|inactive|toxicwofl has 60 seconds left.
|l|☆Mameon
|inactive|Mameon disconnected and has a minute to reconnect!
|player|p1|
|
|t:|1756289037
|teamsize|p1|4
|teamsize|p2|4
|start
|switch|p1a: Gholdengo|Gholdengo, L50|100/100
|switch|p1b: Rillaboom|Rillaboom, L50, M|100/100
|switch|p2a: Volcarona|Volcarona, L50, M, shiny|100/100
|switch|p2b: Annihilape|Annihilape, L50, M|100/100
|-fieldstart|move: Grassy Terrain|[from] ability: Grassy Surge|[of] p1b: Rillaboom
|-enditem|p1a: Gholdengo|Grassy Seed
|-boost|p1a: Gholdengo|def|1|[from] item: Grassy Seed
|turn|1
|inactive|Mameon has 30 seconds left.
|j|☆Mameon
|inactive|Mameon reconnected and has 30 seconds left.
|player|p1|Mameon|red|
|inactive|Mameon has 20 seconds left.
|inactive|Mameon has 15 seconds left.
|
|t:|1756289081
|-terastallize|p1a: Gholdengo|Water
|move|p1b: Rillaboom|Fake Out|p2a: Volcarona
|-damage|p2a: Volcarona|89/100
|move|p2b: Annihilape|Taunt|p1a: Gholdengo
|-immune|p1a: Gholdengo|[from] ability: Good as Gold
|move|p1a: Gholdengo|Nasty Plot|p1a: Gholdengo
|-boost|p1a: Gholdengo|spa|2
|cant|p2a: Volcarona|flinch
|
|-heal|p2a: Volcarona|95/100|[from] Grassy Terrain
|-heal|p2a: Volcarona|100/100|[from] item: Leftovers
|upkeep
|turn|2
|
|t:|1756289105
|switch|p1b: Dragonite|Dragonite, L50, M|100/100
|move|p2b: Annihilape|Final Gambit|p1a: Gholdengo
|-damage|p1a: Gholdengo|0 fnt
|faint|p2b: Annihilape
|faint|p1a: Gholdengo
|move|p2a: Volcarona|Tailwind|p2a: Volcarona
|-sidestart|p2: toxicwofl|move: Tailwind
|
|upkeep
|
|t:|1756289128
|switch|p2b: Sneasler|Sneasler, L50, F|100/100
|switch|p1a: Ninetales|Ninetales-Alola, L50, M|100/100
|-weather|Snowscape|[from] ability: Snow Warning|[of] p1a: Ninetales
|turn|3
|l|☆Mameon
|inactive|Mameon disconnected and has a minute to reconnect!
|player|p1|
|inactive|Mameon has 30 seconds left.
|j|☆Mameon
|inactive|Mameon reconnected and has 25 seconds left.
|player|p1|Mameon|red|
|inactive|Mameon has 20 seconds left.
|inactive|Mameon has 15 seconds left.
|inactive|Mameon has 10 seconds left.
|
|t:|1756289176
|move|p2b: Sneasler|Dire Claw|p1a: Ninetales
|-supereffective|p1a: Ninetales
|-damage|p1a: Ninetales|12/100
|-status|p1a: Ninetales|psn
|move|p2a: Volcarona|Struggle Bug|p1b: Dragonite|[spread] p1a,p1b
|-resisted|p1a: Ninetales
|-resisted|p1b: Dragonite
|-damage|p1a: Ninetales|2/100 psn
|-damage|p1b: Dragonite|97/100
|-unboost|p1a: Ninetales|spa|1
|-unboost|p1b: Dragonite|spa|1
|move|p1a: Ninetales|Aurora Veil|p1a: Ninetales
|-sidestart|p1: Mameon|move: Aurora Veil
|move|p1b: Dragonite|Scale Shot|p2b: Sneasler|[miss]
|-miss|p1b: Dragonite|p2b: Sneasler
|
|-weather|Snowscape|[upkeep]
|-heal|p1a: Ninetales|8/100 psn|[from] Grassy Terrain
|-damage|p1a: Ninetales|0 fnt|[from] psn
|faint|p1a: Ninetales
|upkeep
|
|t:|1756289194
|switch|p1a: Rillaboom|Rillaboom, L50, M|100/100
|turn|4
|
|t:|1756289207
|switch|p2a: Indeedee|Indeedee, L50, M|100/100
|-fieldstart|move: Psychic Terrain|[from] ability: Psychic Surge|[of] p2a: Indeedee
|-enditem|p2b: Sneasler|Psychic Seed
|-boost|p2b: Sneasler|spd|1|[from] item: Psychic Seed
|move|p2b: Sneasler|Protect|p2b: Sneasler
|-singleturn|p2b: Sneasler|Protect
|move|p1a: Rillaboom|Fake Out|p2b: Sneasler
|-activate|p2b: Sneasler|move: Psychic Terrain
|move|p1b: Dragonite|Scale Shot|p2b: Sneasler
|-activate|p2b: Sneasler|move: Protect
|
|-weather|Snowscape|[upkeep]
|upkeep
|turn|5
|inactive|Mameon has 30 seconds left.
|
|t:|1756289232
|move|p2b: Sneasler|Dire Claw|p1a: Rillaboom
|-supereffective|p1a: Rillaboom
|-damage|p1a: Rillaboom|36/100
|move|p2a: Indeedee|Expanding Force|p1a: Rillaboom|[spread] p1a,p1b
|-damage|p1a: Rillaboom|6/100
|-damage|p1b: Dragonite|59/100
|move|p1a: Rillaboom|Drum Beating|p2a: Indeedee
|-damage|p2a: Indeedee|23/100
|-unboost|p2a: Indeedee|spe|1
|move|p1b: Dragonite|Scale Shot|p2a: Indeedee
|-damage|p2a: Indeedee|0 fnt
|faint|p2a: Indeedee
|-hitcount|p2: Indeedee|1
|-unboost|p1b: Dragonite|def|1
|-boost|p1b: Dragonite|spe|1
|
|-weather|Snowscape|[upkeep]
|-sideend|p2: toxicwofl|move: Tailwind
|upkeep
|
|t:|1756289248
|switch|p2a: Volcarona|Volcarona, L50, M, shiny|100/100
|turn|6
|
|t:|1756289262
|move|p2b: Sneasler|Dire Claw|p1b: Dragonite
|-damage|p1b: Dragonite|12/100
|move|p1b: Dragonite|Scale Shot|p2a: Volcarona
|-damage|p2a: Volcarona|85/100
|-damage|p2a: Volcarona|71/100
|-damage|p2a: Volcarona|55/100
|-damage|p2a: Volcarona|41/100
|-damage|p2a: Volcarona|27/100
|-hitcount|p2a: Volcarona|5
|-unboost|p1b: Dragonite|def|1
|-boost|p1b: Dragonite|spe|1
|move|p1a: Rillaboom|High Horsepower|p2b: Sneasler
|-supereffective|p2b: Sneasler
|-damage|p2b: Sneasler|0 fnt
|faint|p2b: Sneasler
|move|p2a: Volcarona|Struggle Bug|p1a: Rillaboom|[spread] p1a,p1b
|-supereffective|p1a: Rillaboom
|-resisted|p1b: Dragonite
|-damage|p1a: Rillaboom|0 fnt
|-damage|p1b: Dragonite|6/100
|-unboost|p1b: Dragonite|spa|1
|faint|p1a: Rillaboom
|
|-weather|Snowscape|[upkeep]
|-heal|p2a: Volcarona|33/100|[from] item: Leftovers
|upkeep
|turn|7
|inactive|Mameon has 30 seconds left.
|inactive|toxicwofl has 30 seconds left.
|
|t:|1756289295
|move|p1b: Dragonite|Scale Shot|p2a: Volcarona
|-damage|p2a: Volcarona|17/100
|-damage|p2a: Volcarona|1/100
|-crit|p2a: Volcarona
|-damage|p2a: Volcarona|0 fnt
|faint|p2a: Volcarona
|-hitcount|p2: Volcarona|3
|
|win|Mameon
|raw|Mameon's rating: 1081 → 1108(+27 for winning)
|raw|toxicwofl's rating: 1073 → 1053(-20 for losing)
