|j|☆Mario 013
|j|☆tfader
|html|Mario 013tfader    
|uhtml|bestof|Game 2 of a best-of-3
|t:|1783847437
|gametype|doubles
|player|p1|Mario 013|266|1078
|player|p2|tfader|barry|1010
|gen|9
|tier|[Gen 9 Champions] VGC 2026 Reg M-B (Bo3)
|rated|
|rule|Species Clause: Limit one of each Pokémon
|rule|Item Clause: Limit 1 of each item
|clearpoke
|poke|p1|Sylveon, L50, M|
|poke|p1|Incineroar, L50, M|
|poke|p1|Aerodactyl, L50, F|
|poke|p1|Charizard, L50, F|
|poke|p1|Garchomp, L50, F|
|poke|p1|Kingambit, L50, F|
|poke|p2|Scovillain, L50, M|
|poke|p2|Gholdengo, L50|
|poke|p2|Maushold-Four, L50|
|poke|p2|Empoleon, L50, F|
|poke|p2|Whimsicott, L50, F|
|poke|p2|Farigiraf, L50, F|
|teampreview|4
|showteam|p1|Sylveon||FairyFeather|Pixilate|Detect,QuickAttack,HyperVoice,HyperBeam|Modest||M|||50|]Incineroar||SitrusBerry|Intimidate|FlareBlitz,FakeOut,PartingShot,ThroatChop|Careful||M|||50|]Aerodactyl||Aerodactylite|Unnerve|Protect,Tailwind,RockSlide,DualWingbeat|Jolly||F|||50|]Charizard||CharizarditeY|Blaze|Protect,HeatWave,SolarBeam,WeatherBall|Modest||F|||50|]Garchomp||LifeOrb|RoughSkin|Protect,Earthquake,RockSlide,DragonClaw|Jolly||F|||50|]Kingambit||FocusSash|Defiant|KowtowCleave,IronHead,SuckerPunch,LowKick|Adamant||F|||50|
|showteam|p2|Scovillain||Scovillainite|Moody|SeedBomb,FlareBlitz,RagePowder,Protect|Jolly||M|||50|]Gholdengo||LifeOrb|GoodasGold|MakeItRain,ShadowBall,FocusBlast,Protect|Modest|||||50|]Maushold-Four||WideLens|Technician|Protect,PopulationBomb,Taunt,Bite|Jolly|||||50|]Empoleon||Leftovers|Competitive|Surf,FlashCannon,Protect,IceBeam|Modest||F|||50|]Whimsicott||FocusSash|Prankster|Moonblast,Encore,Tailwind,Endeavor|Timid||F|||50|]Farigiraf||SitrusBerry|ArmorTail|TrickRoom,MirrorCoat,TwinBeam,Thunderbolt|Bold||F|||50|
|
|t:|1783847445
|teamsize|p1|4
|teamsize|p2|4
|start
|switch|p1a: Charizard|Charizard, L50, F|100/100
|switch|p1b: Incineroar|Incineroar, L50, M|100/100
|switch|p2a: Whimsicott|Whimsicott, L50, F|100/100
|switch|p2b: Maushold|Maushold-Four, L50|100/100
|-ability|p1b: Incineroar|Intimidate|boost
|-unboost|p2a: Whimsicott|atk|1
|-unboost|p2b: Maushold|atk|1
|turn|1
|
|t:|1783847469
|move|p1b: Incineroar|Fake Out|p2b: Maushold
|-damage|p2b: Maushold|83/100
|move|p2a: Whimsicott|Tailwind|p2a: Whimsicott
|-sidestart|p2: tfader|move: Tailwind
|cant|p2b: Maushold|flinch
|move|p1a: Charizard|Heat Wave|p2b: Maushold|[spread] p2a
|-miss|p1a: Charizard|p2b: Maushold
|-supereffective|p2a: Whimsicott|1
|-damage|p2a: Whimsicott|3/100
|
|upkeep
|turn|2
|
|t:|1783847506
|switch|p1b: Kingambit|Kingambit, L50, F|100/100
|detailschange|p1a: Charizard|Charizard-Mega-Y, L50, F
|-mega|p1a: Charizard|Charizard|Charizardite Y
|-weather|SunnyDay|[from] ability: Drought|[of] p1a: Charizard
|move|p1a: Charizard|Protect|p1a: Charizard
|-singleturn|p1a: Charizard|Protect
|move|p2a: Whimsicott|Endeavor|p1b: Kingambit
|-damage|p1b: Kingambit|2/100
|move|p2b: Maushold|Population Bomb|p1a: Charizard
|-activate|p1a: Charizard|move: Protect
|
|-weather|SunnyDay|[upkeep]
|upkeep
|turn|3
|
|t:|1783847530
|switch|p1a: Incineroar|Incineroar, L50, M|100/100
|-ability|p1a: Incineroar|Intimidate|boost
|-unboost|p2a: Whimsicott|atk|1
|-unboost|p2b: Maushold|atk|1
|move|p1b: Kingambit|Sucker Punch|p2a: Whimsicott
|-resisted|p2a: Whimsicott|1
|-damage|p2a: Whimsicott|0 fnt
|faint|p2a: Whimsicott
|move|p2b: Maushold|Population Bomb|p1a: Incineroar
|-damage|p1a: Incineroar|95/100
|-damage|p1a: Incineroar|90/100
|-damage|p1a: Incineroar|85/100
|-damage|p1a: Incineroar|80/100
|-damage|p1a: Incineroar|76/100
|-damage|p1a: Incineroar|71/100
|-damage|p1a: Incineroar|66/100
|-damage|p1a: Incineroar|61/100
|-damage|p1a: Incineroar|56/100
|-damage|p1a: Incineroar|51/100
|-hitcount|p1a: Incineroar|10
|
|-weather|SunnyDay|[upkeep]
|upkeep
|
|t:|1783847569
|switch|p2a: Scovillain|Scovillain, L50, M|100/100
|turn|4
|
|t:|1783847584
|detailschange|p2a: Scovillain|Scovillain-Mega, L50, M
|-mega|p2a: Scovillain|Scovillain|Scovillainite
|move|p1a: Incineroar|Fake Out|p2a: Scovillain
|-damage|p2a: Scovillain|85/100
|-immune|p1a: Incineroar
|move|p1b: Kingambit|Sucker Punch|p2b: Maushold
|-damage|p2b: Maushold|19/100
|move|p2b: Maushold|Population Bomb|p1a: Incineroar
|-damage|p1a: Incineroar|47/100
|-enditem|p1a: Incineroar|Sitrus Berry|[eat]
|-heal|p1a: Incineroar|71/100|[from] item: Sitrus Berry
|-damage|p1a: Incineroar|66/100
|-damage|p1a: Incineroar|61/100
|-damage|p1a: Incineroar|56/100
|-damage|p1a: Incineroar|51/100
|-damage|p1a: Incineroar|47/100
|-damage|p1a: Incineroar|42/100
|-damage|p1a: Incineroar|37/100
|-damage|p1a: Incineroar|32/100
|-damage|p1a: Incineroar|27/100
|-hitcount|p1a: Incineroar|10
|cant|p2a: Scovillain|flinch
|
|-weather|SunnyDay|[upkeep]
|-sideend|p2: tfader|move: Tailwind
|upkeep
|turn|5
|inactive|Battle timer is ON: inactive players will automatically lose when time's up. (requested by Mario 013)
|
|t:|1783847648
|move|p1b: Kingambit|Sucker Punch|p2b: Maushold
|-damage|p2b: Maushold|0 fnt
|faint|p2b: Maushold
|move|p2a: Scovillain|Flare Blitz|p1b: Kingambit
|-supereffective|p1b: Kingambit|1
|-damage|p1b: Kingambit|0 fnt
|faint|p1b: Kingambit
|-damage|p2a: Scovillain|84/100|[from] Recoil
|move|p1a: Incineroar|Flare Blitz|p2a: Scovillain
|-damage|p2a: Scovillain|0 fnt
|-immune|p1a: Incineroar
|faint|p2a: Scovillain
|-damage|p1a: Incineroar|7/100|[from] Recoil
|
|-weather|SunnyDay|[upkeep]
|upkeep
|
|t:|1783847659
|switch|p2b: Gholdengo|Gholdengo, L50|100/100
|switch|p1b: Charizard|Charizard-Mega-Y, L50, F|100/100
|turn|6
|
|t:|1783847668
|move|p1b: Charizard|Weather Ball|p2b: Gholdengo
|-supereffective|p2b: Gholdengo|1
|-damage|p2b: Gholdengo|0 fnt
|faint|p2b: Gholdengo
|
|win|Mario 013
|raw|Mario 013's rating: 1078 → 1101(+23 for winning)
|raw|tfader's rating: 1010 → 1001(-9 for losing)
|l|☆Mario 013
|player|p1|
