|j|☆samworldwide
|j|☆NoiceDynamite
|html|samworldwideNoiceDynamite    
|uhtml|bestof|Game 1 of a best-of-3
|t:|1757812792
|gametype|doubles
|player|p1|samworldwide|psychic-gen3|1111
|player|p2|NoiceDynamite|cynthia|1034
|gen|9
|tier|[Gen 9] VGC 2025 Reg H (Bo3)
|rated|
|rule|Species Clause: Limit one of each Pokémon
|rule|Item Clause: Limit 1 of each item
|clearpoke
|poke|p1|Garchomp, L50, M|
|poke|p1|Hydreigon, L50, F|
|poke|p1|Typhlosion-Hisui, L50, F|
|poke|p1|Venusaur, L50, M|
|poke|p1|Torkoal, L50, F|
|poke|p1|Whimsicott, L50, M|
|poke|p2|Archaludon, L50, F|
|poke|p2|Pelipper, L50, F|
|poke|p2|Sinistcha, L50|
|poke|p2|Ursaluna, L50, F|
|poke|p2|Dragonite, L50, M|
|poke|p2|Gholdengo, L50|
|teampreview|4
|showteam|p1|Garchomp||ClearAmulet|RoughSkin|StompingTantrum,DragonClaw,Earthquake,Protect|||M|||50|,,,,,Steel]Hydreigon||LifeOrb|Levitate|DracoMeteor,DarkPulse,HeatWave,Protect|||F|||50|,,,,,Poison]Typhlosion-Hisui||ChoiceSpecs|Blaze|Eruption,HeatWave,SolarBeam,ShadowBall|||F|||50|,,,,,Fire]Venusaur||FocusSash|Chlorophyll|GrassKnot,WeatherBall,SleepPowder,Protect|||M|||50|,,,,,Fire]Torkoal||EjectPack|Drought|Overheat,Eruption,HelpingHand,Protect|||F|||50|,,,,,Flying]Whimsicott||CovertCloak|Prankster|Moonblast,SunnyDay,Tailwind,Encore|||M|||50|,,,,,Water
|showteam|p2|Archaludon||AssaultVest|Stamina|Snarl,ElectroShot,FlashCannon,BodyPress|||F|||50|,,,,,Fighting]Pelipper||FocusSash|Drizzle|WeatherBall,MuddyWater,Tailwind,WideGuard|||F|||50|,,,,,Ghost]Sinistcha||SitrusBerry|Hospitality|MatchaGotcha,RagePowder,LifeDew,TrickRoom||||||50|,,,,,Dark]Ursaluna||FlameOrb|Guts|Facade,HeadlongRush,Earthquake,Protect|||F|||50|,,,,,Ghost]Dragonite||LoadedDice|Multiscale|Tailwind,Haze,ScaleShot,Protect|||M|||50|,,,,,Fairy]Gholdengo||ChoiceScarf|GoodasGold|MakeItRain,ShadowBall,TeraBlast,Trick||||||50|,,,,,Water
|
|t:|1757812836
|teamsize|p1|4
|teamsize|p2|4
|start
|switch|p1a: Hydreigon|Hydreigon, L50, F|100/100
|switch|p1b: Whimsicott|Whimsicott, L50, M|100/100
|switch|p2a: Dragonite|Dragonite, L50, M|100/100
|switch|p2b: Ursaluna|Ursaluna, L50, F|100/100
|turn|1
|
|t:|1757812875
|-terastallize|p2a: Dragonite|Fairy
|move|p2b: Ursaluna|Protect|p2b: Ursaluna
|-singleturn|p2b: Ursaluna|Protect
|move|p1b: Whimsicott|Tailwind|p1b: Whimsicott
|-sidestart|p1: samworldwide|move: Tailwind
|move|p1a: Hydreigon|Heat Wave|p2b: Ursaluna|[spread] p2a
|-activate|p2b: Ursaluna|move: Protect
|-damage|p2a: Dragonite|85/100
|-damage|p1a: Hydreigon|91/100|[from] item: Life Orb
|move|p2a: Dragonite|Tailwind|p2a: Dragonite
|-sidestart|p2: NoiceDynamite|move: Tailwind
|
|-status|p2b: Ursaluna|brn|[from] item: Flame Orb
|upkeep
|turn|2
|
|t:|1757812914
|move|p1b: Whimsicott|Encore|p2a: Dragonite
|-start|p2a: Dragonite|Encore
|move|p1a: Hydreigon|Heat Wave|p2a: Dragonite|[spread] p2a,p2b
|-damage|p2a: Dragonite|55/100
|-damage|p2b: Ursaluna|73/100 brn
|-damage|p1a: Hydreigon|81/100|[from] item: Life Orb
|move|p2a: Dragonite|Tailwind||[still]
|-fail|p2a: Dragonite
|move|p2b: Ursaluna|Facade|p1b: Whimsicott
|-damage|p1b: Whimsicott|0 fnt
|faint|p1b: Whimsicott
|
|-damage|p2b: Ursaluna|67/100 brn|[from] brn
|upkeep
|
|t:|1757812928
|switch|p1b: Venusaur|Venusaur, L50, M|100/100
|turn|3
|
|t:|1757812959
|switch|p2a: Pelipper|Pelipper, L50, F|100/100
|-weather|RainDance|[from] ability: Drizzle|[of] p2a: Pelipper
|move|p1a: Hydreigon|Dark Pulse|p2a: Pelipper
|-damage|p2a: Pelipper|5/100
|-damage|p1a: Hydreigon|72/100|[from] item: Life Orb
|move|p1b: Venusaur|Grass Knot|p2b: Ursaluna
|-supereffective|p2b: Ursaluna
|-damage|p2b: Ursaluna|0 fnt
|faint|p2b: Ursaluna
|
|-weather|RainDance|[upkeep]
|upkeep
|
|t:|1757812971
|switch|p2b: Archaludon|Archaludon, L50, F|100/100
|turn|4
|inactive|Battle timer is ON: inactive players will automatically lose when time's up. (requested by NoiceDynamite)
|
|t:|1757813013
|switch|p2a: Dragonite|Dragonite, L50, M, tera:Fairy|55/100
|move|p1a: Hydreigon|Dark Pulse|p2a: Dragonite
|-resisted|p2a: Dragonite
|-damage|p2a: Dragonite|27/100
|-damage|p1a: Hydreigon|62/100|[from] item: Life Orb
|move|p1b: Venusaur|Sleep Powder|p2b: Archaludon
|-status|p2b: Archaludon|slp|[from] move: Sleep Powder
|cant|p2b: Archaludon|slp
|
|-weather|RainDance|[upkeep]
|-sideend|p2: NoiceDynamite|move: Tailwind
|-sideend|p1: samworldwide|move: Tailwind
|upkeep
|turn|5
|
|t:|1757813037
|switch|p1b: Torkoal|Torkoal, L50, F|100/100
|-weather|SunnyDay|[from] ability: Drought|[of] p1b: Torkoal
|move|p1a: Hydreigon|Heat Wave|p2a: Dragonite|[spread] p2a,p2b
|-crit|p2b: Archaludon
|-damage|p2a: Dragonite|0 fnt
|-damage|p2b: Archaludon|55/100 slp
|-ability|p2b: Archaludon|Stamina|boost
|-boost|p2b: Archaludon|def|1
|faint|p2a: Dragonite
|-damage|p1a: Hydreigon|53/100|[from] item: Life Orb
|cant|p2b: Archaludon|slp
|
|-weather|SunnyDay|[upkeep]
|upkeep
|
|t:|1757813048
|switch|p2a: Pelipper|Pelipper, L50, F|5/100
|-weather|RainDance|[from] ability: Drizzle|[of] p2a: Pelipper
|turn|6
|
|t:|1757813056
|switch|p1b: Venusaur|Venusaur, L50, M|100/100
|move|p2a: Pelipper|Wide Guard|p2a: Pelipper
|-singleturn|p2a: Pelipper|Wide Guard
|move|p1a: Hydreigon|Draco Meteor|p2b: Archaludon
|-damage|p2b: Archaludon|0 fnt
|-unboost|p1a: Hydreigon|spa|2
|faint|p2b: Archaludon
|-damage|p1a: Hydreigon|43/100|[from] item: Life Orb
|
|-weather|RainDance|[upkeep]
|upkeep
|turn|7
|
|t:|1757813067
|move|p1a: Hydreigon|Dark Pulse|p2a: Pelipper
|-damage|p2a: Pelipper|0 fnt
|faint|p2a: Pelipper
|-damage|p1a: Hydreigon|33/100|[from] item: Life Orb
|
|win|samworldwide
