|j|☆PokeMooney
|j|☆ur1ryanpowney
|html|PokeMooneyur1ryanpowney    
|uhtml|bestof|Game 3 of a best-of-3
|t:|1756572366
|gametype|doubles
|player|p1|PokeMooney|giovanni|1149
|player|p2|ur1ryanpowney|nate|1101
|gen|9
|tier|[Gen 9] VGC 2025 Reg H (Bo3)
|rated|
|rule|Species Clause: Limit one of each Pokémon
|rule|Item Clause: Limit 1 of each item
|clearpoke
|poke|p1|Garchomp, L50, F|
|poke|p1|Gholdengo, L50|
|poke|p1|Talonflame, L50, M|
|poke|p1|Weezing-Galar, L50, M|
|poke|p1|Gyarados, L50, M|
|poke|p1|Amoonguss, L50, M|
|poke|p2|Dragonite, L50, F|
|poke|p2|Sneasler, L50, M|
|poke|p2|Indeedee-F, L50, F|
|poke|p2|Braviary-Hisui, L50, M|
|poke|p2|Rillaboom, L50, M|
|poke|p2|Volcarona, L50, M|
|teampreview|4
|showteam|p1|Garchomp||LifeOrb|RoughSkin|Earthquake,StompingTantrum,DragonClaw,Protect|||F|||50|,,,,,Steel]Gholdengo||MetalCoat|GoodasGold|MakeItRain,ShadowBall,NastyPlot,Protect||||||50|,,,,,Flying]Talonflame||CovertCloak|GaleWings|DualWingbeat,WillOWisp,FlareBlitz,Tailwind|||M|||50|,,,,,Stellar]Weezing-Galar||ChoiceSpecs|NeutralizingGas|SludgeBomb,StrangeSteam,DazzlingGleam,Flamethrower|||M|||50|,,,,,Grass]Gyarados||AbilityShield|Intimidate|Waterfall,Protect,ThunderWave,Taunt|||M|||50|,,,,,Grass]Amoonguss||SitrusBerry|Regenerator|Spore,RagePowder,PollenPuff,Protect|||M|||50|,,,,,Water
|showteam|p2|Dragonite||LoadedDice|Multiscale|ExtremeSpeed,ScaleShot,Tailwind,Protect|||F|||50|,,,,,Fire]Sneasler||WhiteHerb|Unburden|CloseCombat,FakeOut,Coaching,Protect|||M|||50|,,,,,Fighting]Indeedee-F||MentalHerb|PsychicSurge|DazzlingGleam,FollowMe,TrickRoom,HelpingHand|||F|||50|,,,,,Fairy]Braviary-Hisui||LifeOrb|TintedLens|ExpandingForce,Protect,Hurricane,EsperWing|||M|||50|,,,,,Psychic]Rillaboom||AssaultVest|GrassySurge|WoodHammer,Uturn,GrassyGlide,FakeOut|||M|||50|,,,,,Fire]Volcarona||GrassySeed|FlameBody|QuiverDance,Protect,FieryDance,GigaDrain|||M|||50|,,,,,Grass
|
|t:|1756572404
|teamsize|p1|4
|teamsize|p2|4
|start
|switch|p1a: Garchomp|Garchomp, L50, F|100/100
|switch|p1b: Talonflame|Talonflame, L50, M|100/100
|switch|p2a: Rillaboom|Rillaboom, L50, M|100/100
|switch|p2b: Volcarona|Volcarona, L50, M|100/100
|-fieldstart|move: Grassy Terrain|[from] ability: Grassy Surge|[of] p2a: Rillaboom
|-enditem|p2b: Volcarona|Grassy Seed
|-boost|p2b: Volcarona|def|1|[from] item: Grassy Seed
|turn|1
|
|t:|1756572440
|switch|p1a: Gyarados|Gyarados, L50, M|100/100
|-ability|p1a: Gyarados|Intimidate|boost
|-unboost|p2a: Rillaboom|atk|1
|-unboost|p2b: Volcarona|atk|1
|move|p2b: Volcarona|Protect|p2b: Volcarona
|-singleturn|p2b: Volcarona|Protect
|move|p1b: Talonflame|Dual Wingbeat|p2b: Volcarona
|-activate|p2b: Volcarona|move: Protect
|move|p2a: Rillaboom|U-turn|p1b: Talonflame
|-resisted|p1b: Talonflame
|-damage|p1b: Talonflame|95/100
|
|t:|1756572451
|switch|p2a: Indeedee|Indeedee-F, L50, F|100/100|[from] U-turn
|-fieldstart|move: Psychic Terrain|[from] ability: Psychic Surge|[of] p2a: Indeedee
|
|upkeep
|turn|2
|
|t:|1756572468
|move|p1b: Talonflame|Tailwind|p1b: Talonflame
|-sidestart|p1: PokeMooney|move: Tailwind
|move|p1a: Gyarados|Taunt|p2a: Indeedee
|-start|p2a: Indeedee|move: Taunt
|-enditem|p2a: Indeedee|Mental Herb
|-end|p2a: Indeedee|move: Taunt
|move|p2b: Volcarona|Giga Drain|p1a: Gyarados
|-damage|p1a: Gyarados|81/100
|move|p2a: Indeedee|Trick Room|p2a: Indeedee
|-fieldstart|move: Trick Room|[of] p2a: Indeedee
|
|upkeep
|turn|3
|
|t:|1756572490
|switch|p2b: Braviary|Braviary-Hisui, L50, M|100/100
|move|p2a: Indeedee|Follow Me|p2a: Indeedee
|-singleturn|p2a: Indeedee|move: Follow Me
|move|p1a: Gyarados|Taunt|p2a: Indeedee
|-start|p2a: Indeedee|move: Taunt
|move|p1b: Talonflame|Dual Wingbeat|p2a: Indeedee
|-damage|p2a: Indeedee|83/100
|-damage|p2a: Indeedee|68/100
|-hitcount|p2a: Indeedee|2
|
|upkeep
|turn|4
|
|t:|1756572521
|switch|p2a: Volcarona|Volcarona, L50, M|100/100
|-terastallize|p2b: Braviary|Psychic
|move|p2b: Braviary|Expanding Force|p1b: Talonflame|[spread] p1a,p1b
|-damage|p1a: Gyarados|10/100
|-damage|p1b: Talonflame|0 fnt
|faint|p1b: Talonflame
|-damage|p2b: Braviary|91/100|[from] item: Life Orb
|move|p1a: Gyarados|Waterfall|p2b: Braviary
|-damage|p2b: Braviary|48/100
|
|upkeep
|
|t:|1756572535
|switch|p1b: Garchomp|Garchomp, L50, F|100/100
|turn|5
|
|t:|1756572551
|move|p1a: Gyarados|Protect|p1a: Gyarados
|-singleturn|p1a: Gyarados|Protect
|move|p1b: Garchomp|Protect|p1b: Garchomp
|-singleturn|p1b: Garchomp|Protect
|move|p2b: Braviary|Expanding Force|p1b: Garchomp|[spread] 
|-activate|p1a: Gyarados|move: Protect
|-activate|p1b: Garchomp|move: Protect
|move|p2a: Volcarona|Giga Drain|p1b: Garchomp
|-activate|p1b: Garchomp|move: Protect
|
|-sideend|p1: PokeMooney|move: Tailwind
|-fieldend|move: Psychic Terrain
|upkeep
|turn|6
|
|t:|1756572574
|switch|p1a: Gholdengo|Gholdengo, L50|100/100
|switch|p2a: Indeedee|Indeedee-F, L50, F|68/100
|-fieldstart|move: Psychic Terrain|[from] ability: Psychic Surge|[of] p2a: Indeedee
|-terastallize|p1b: Garchomp|Steel
|move|p2b: Braviary|Expanding Force|p1b: Garchomp|[spread] p1a,p1b
|-resisted|p1a: Gholdengo
|-resisted|p1b: Garchomp
|-damage|p1a: Gholdengo|0 fnt
|-damage|p1b: Garchomp|0 fnt
|faint|p1a: Gholdengo
|faint|p1b: Garchomp
|-damage|p2b: Braviary|39/100|[from] item: Life Orb
|
|-fieldend|move: Trick Room
|upkeep
|
|t:|1756572591
|switch|p1a: Gyarados|Gyarados, L50, M|10/100
|-ability|p1a: Gyarados|Intimidate|boost
|-unboost|p2a: Indeedee|atk|1
|-unboost|p2b: Braviary|atk|1
|turn|7
|-message|PokeMooney forfeited.
|
|win|ur1ryanpowney
|raw|PokeMooney's rating: 1149 → 1121(-28 for losing)
|raw|ur1ryanpowney's rating: 1101 → 1129(+28 for winning)
|l|☆PokeMooney
|player|p1|
