|j|☆bartei
|j|☆Jakobtc
|html|barteiJakobtc    
|uhtml|bestof|Game 2 of a best-of-3
|t:|1756691795
|gametype|doubles
|player|p1|bartei|265|1161
|player|p2|Jakobtc|riley|1176
|gen|9
|tier|[Gen 9] VGC 2025 Reg H (Bo3)
|rated|
|rule|Species Clause: Limit one of each Pokémon
|rule|Item Clause: Limit 1 of each item
|clearpoke
|poke|p1|Dragonite, L50, M|
|poke|p1|Volcarona, L50, F|
|poke|p1|Sneasler, L50, M|
|poke|p1|Rillaboom, L50, M|
|poke|p1|Electabuzz, L50, M|
|poke|p1|Kingambit, L50, M|
|poke|p2|Gholdengo, L50|
|poke|p2|Incineroar, L50, M|
|poke|p2|Ursaluna, L50, F|
|poke|p2|Porygon2, L50|
|poke|p2|Kilowattrel, L50, F|
|poke|p2|Sneasler, L50, F|
|teampreview|4
|showteam|p1|Dragonite||LoadedDice|Multiscale|ScaleShot,ExtremeSpeed,Haze,Protect|||M|||50|,,,,,Fairy]Volcarona||CovertCloak|FlameBody|HeatWave,TeraBlast,QuiverDance,Protect|||F|||50|,,,,,Fairy]Sneasler||FocusSash|Unburden|CloseCombat,DireClaw,Coaching,FakeOut|||M|||50|,,,,,Stellar]Rillaboom||AssaultVest|GrassySurge|WoodHammer,GrassyGlide,HighHorsepower,FakeOut|||M|||50|,,,,,Fire]Electabuzz||Eviolite|VitalSpirit|Thunderbolt,FollowMe,Taunt,Protect|||M|||50|,,,,,Ghost]Kingambit||BlackGlasses|Defiant|KowtowCleave,SuckerPunch,SwordsDance,Protect|||M|||50|,,,,,Dark
|showteam|p2|Gholdengo||LifeOrb|GoodasGold|MakeItRain,ShadowBall,NastyPlot,Protect||||||50|,,,,,Dragon]Incineroar||SafetyGoggles|Intimidate|FakeOut,FlareBlitz,KnockOff,PartingShot|||M|||50|,,,,,Bug]Ursaluna||FlameOrb|Guts|Facade,HeadlongRush,Earthquake,Protect|||F|||50|,,,,,Ghost]Porygon2||Eviolite|Download|TeraBlast,IceBeam,Recover,TrickRoom||||||50|,,,,,Flying]Kilowattrel||FocusSash|Competitive|AirSlash,Thunderbolt,Tailwind,Protect|||F|||50|,,,,,Ghost]Sneasler||WhiteHerb|Unburden|DireClaw,CloseCombat,Taunt,Protect|||F|||50|,,,,,Stellar
|inactive|Battle timer is ON: inactive players will automatically lose when time's up. (requested by bartei)
|
|t:|1756691816
|teamsize|p1|4
|teamsize|p2|4
|start
|switch|p1a: Sneasler|Sneasler, L50, M|100/100
|switch|p1b: Dragonite|Dragonite, L50, M|100/100
|switch|p2a: Incineroar|Incineroar, L50, M|100/100
|switch|p2b: Sneasler|Sneasler, L50, F|100/100
|-ability|p2a: Incineroar|Intimidate|boost
|-unboost|p1a: Sneasler|atk|1
|-unboost|p1b: Dragonite|atk|1
|turn|1
|inactive|bartei has 30 seconds left.
|
|t:|1756691846
|switch|p2b: Porygon2|Porygon2, L50, shiny|100/100
|-ability|p2b: Porygon2|Download|boost
|-boost|p2b: Porygon2|atk|1
|move|p1a: Sneasler|Fake Out|p2a: Incineroar
|-damage|p2a: Incineroar|91/100
|move|p1b: Dragonite|Scale Shot|p2a: Incineroar
|-damage|p2a: Incineroar|80/100
|-damage|p2a: Incineroar|70/100
|-damage|p2a: Incineroar|59/100
|-damage|p2a: Incineroar|49/100
|-hitcount|p2a: Incineroar|4
|-unboost|p1b: Dragonite|def|1
|-boost|p1b: Dragonite|spe|1
|cant|p2a: Incineroar|flinch
|
|upkeep
|turn|2
|inactive|Jakobtc has 30 seconds left.
|inactive|bartei has 30 seconds left.
|
|t:|1756691884
|switch|p2a: Ursaluna|Ursaluna, L50, F|100/100
|-terastallize|p2b: Porygon2|Flying
|move|p1b: Dragonite|Scale Shot|p2a: Ursaluna
|-damage|p2a: Ursaluna|94/100
|-damage|p2a: Ursaluna|87/100
|-damage|p2a: Ursaluna|80/100
|-damage|p2a: Ursaluna|74/100
|-hitcount|p2a: Ursaluna|4
|-unboost|p1b: Dragonite|def|1
|-boost|p1b: Dragonite|spe|1
|move|p1a: Sneasler|Coaching|p1b: Dragonite
|-boost|p1b: Dragonite|atk|1
|-boost|p1b: Dragonite|def|1
|move|p2b: Porygon2|Trick Room|p2b: Porygon2
|-fieldstart|move: Trick Room|[of] p2b: Porygon2
|
|-status|p2a: Ursaluna|brn|[from] item: Flame Orb
|upkeep
|turn|3
|
|t:|1756691909
|switch|p1a: Kingambit|Kingambit, L50, M, shiny|100/100
|move|p2a: Ursaluna|Facade|p1a: Kingambit
|-resisted|p1a: Kingambit
|-damage|p1a: Kingambit|59/100
|move|p2b: Porygon2|Tera Blast|p1a: Kingambit|[anim] Tera Blast Flying
|-resisted|p1a: Kingambit
|-damage|p1a: Kingambit|45/100
|move|p1b: Dragonite|Scale Shot|p2a: Ursaluna
|-damage|p2a: Ursaluna|64/100 brn
|-damage|p2a: Ursaluna|55/100 brn
|-damage|p2a: Ursaluna|44/100 brn
|-damage|p2a: Ursaluna|35/100 brn
|-damage|p2a: Ursaluna|24/100 brn
|-hitcount|p2a: Ursaluna|5
|-unboost|p1b: Dragonite|def|1
|-boost|p1b: Dragonite|spe|1
|
|-damage|p2a: Ursaluna|18/100 brn|[from] brn
|upkeep
|turn|4
|inactive|bartei has 30 seconds left.
|
|t:|1756691935
|switch|p2a: Sneasler|Sneasler, L50, F|100/100
|-terastallize|p1b: Dragonite|Fairy
|move|p1a: Kingambit|Sucker Punch||[still]
|-fail|p1a: Kingambit
|move|p2b: Porygon2|Ice Beam|p1b: Dragonite
|-damage|p1b: Dragonite|87/100
|move|p1b: Dragonite|Scale Shot|p2b: Porygon2|[miss]
|-miss|p1b: Dragonite|p2b: Porygon2
|
|upkeep
|turn|5
|inactive|Jakobtc has 30 seconds left.
|
|t:|1756691962
|move|p1b: Dragonite|Extreme Speed|p2a: Sneasler
|-damage|p2a: Sneasler|54/100
|move|p1a: Kingambit|Sucker Punch|p2a: Sneasler
|-resisted|p2a: Sneasler
|-damage|p2a: Sneasler|18/100
|move|p2b: Porygon2|Tera Blast|p1b: Dragonite|[anim] Tera Blast Flying
|-damage|p1b: Dragonite|53/100
|move|p2a: Sneasler|Close Combat|p1a: Kingambit
|-supereffective|p1a: Kingambit
|-damage|p1a: Kingambit|0 fnt
|-unboost|p2a: Sneasler|def|1
|-unboost|p2a: Sneasler|spd|1
|faint|p1a: Kingambit
|-enditem|p2a: Sneasler|White Herb
|-clearnegativeboost|p2a: Sneasler|[silent]
|
|upkeep
|
|t:|1756691973
|switch|p1a: Sneasler|Sneasler, L50, M|100/100
|turn|6
|
|t:|1756691983
|switch|p2b: Incineroar|Incineroar, L50, M|49/100
|-ability|p2b: Incineroar|Intimidate|boost
|-unboost|p1a: Sneasler|atk|1
|-unboost|p1b: Dragonite|atk|1
|switch|p1b: Electabuzz|Electabuzz, L50, M|100/100
|move|p2a: Sneasler|Protect|p2a: Sneasler
|-singleturn|p2a: Sneasler|Protect
|move|p1a: Sneasler|Fake Out|p2a: Sneasler
|-activate|p2a: Sneasler|move: Protect
|
|-fieldend|move: Trick Room
|upkeep
|turn|7
|
|t:|1756692007
|switch|p1a: Dragonite|Dragonite, L50, M, tera:Fairy|53/100
|move|p2b: Incineroar|Fake Out|p1b: Electabuzz
|-damage|p1b: Electabuzz|92/100
|move|p2a: Sneasler|Dire Claw|p1a: Dragonite
|-supereffective|p1a: Dragonite
|-damage|p1a: Dragonite|0 fnt
|faint|p1a: Dragonite
|cant|p1b: Electabuzz|flinch
|
|upkeep
|
|t:|1756692014
|switch|p1a: Sneasler|Sneasler, L50, M|100/100
|turn|8
|
|t:|1756692036
|switch|p2b: Porygon2|Porygon2, L50, shiny, tera:Flying|100/100
|-ability|p2b: Porygon2|Download|boost
|-boost|p2b: Porygon2|atk|1
|move|p2a: Sneasler|Protect|p2a: Sneasler
|-singleturn|p2a: Sneasler|Protect
|move|p1a: Sneasler|Dire Claw|p2b: Porygon2
|-damage|p2b: Porygon2|71/100
|-status|p2b: Porygon2|psn
|move|p1b: Electabuzz|Thunderbolt|p2b: Porygon2
|-supereffective|p2b: Porygon2
|-damage|p2b: Porygon2|39/100 psn
|
|-damage|p2b: Porygon2|26/100 psn|[from] psn
|upkeep
|turn|9
|
|t:|1756692054
|switch|p2b: Incineroar|Incineroar, L50, M|49/100
|-ability|p2b: Incineroar|Intimidate|boost
|-unboost|p1a: Sneasler|atk|1
|-unboost|p1b: Electabuzz|atk|1
|move|p2a: Sneasler|Taunt|p1b: Electabuzz
|-start|p1b: Electabuzz|move: Taunt
|move|p1a: Sneasler|Dire Claw|p2a: Sneasler
|-resisted|p2a: Sneasler
|-damage|p2a: Sneasler|0 fnt
|faint|p2a: Sneasler
|move|p1b: Electabuzz|Thunderbolt|p2b: Incineroar
|-damage|p2b: Incineroar|26/100
|
|upkeep
|
|t:|1756692068
|switch|p2a: Ursaluna|Ursaluna, L50, F|18/100 brn
|turn|10
|
|t:|1756692085
|move|p2b: Incineroar|Fake Out|p1a: Sneasler
|-damage|p1a: Sneasler|81/100
|cant|p1a: Sneasler|flinch
|move|p1b: Electabuzz|Thunderbolt|p2b: Incineroar
|-damage|p2b: Incineroar|1/100
|move|p2a: Ursaluna|Headlong Rush|p1b: Electabuzz
|-supereffective|p1b: Electabuzz
|-damage|p1b: Electabuzz|0 fnt
|-unboost|p2a: Ursaluna|def|1
|-unboost|p2a: Ursaluna|spd|1
|faint|p1b: Electabuzz
|
|-damage|p2a: Ursaluna|12/100 brn|[from] brn
|upkeep
|turn|11
|
|t:|1756692103
|move|p1a: Sneasler|Dire Claw|p2a: Ursaluna
|-resisted|p2a: Ursaluna
|-damage|p2a: Ursaluna|0 fnt
|faint|p2a: Ursaluna
|move|p2b: Incineroar|Parting Shot|p1a: Sneasler
|-unboost|p1a: Sneasler|atk|1
|-unboost|p1a: Sneasler|spa|1
|
|t:|1756692109
|switch|p2b: Porygon2|Porygon2, L50, shiny, tera:Flying|26/100 psn|[from] Parting Shot
|-ability|p2b: Porygon2|Download|boost
|-boost|p2b: Porygon2|atk|1
|
|-damage|p2b: Porygon2|14/100 psn|[from] psn
|upkeep
|
|t:|1756692115
|switch|p2a: Incineroar|Incineroar, L50, M|1/100
|-ability|p2a: Incineroar|Intimidate|boost
|-unboost|p1a: Sneasler|atk|1
|turn|12
|
|t:|1756692125
|move|p2a: Incineroar|Fake Out|p1a: Sneasler
|-damage|p1a: Sneasler|58/100
|cant|p1a: Sneasler|flinch
|move|p2b: Porygon2|Recover|p2b: Porygon2
|-heal|p2b: Porygon2|64/100 psn
|
|-damage|p2b: Porygon2|51/100 psn|[from] psn
|upkeep
|turn|13
|
|t:|1756692134
|move|p1a: Sneasler|Dire Claw|p2b: Porygon2
|-damage|p2b: Porygon2|39/100 psn
|move|p2b: Porygon2|Tera Blast|p1a: Sneasler|[anim] Tera Blast Flying
|-supereffective|p1a: Sneasler
|-crit|p1a: Sneasler
|-damage|p1a: Sneasler|0 fnt
|faint|p1a: Sneasler
|
|win|Jakobtc
||bartei is ready for game 3.
