|j|☆Sootilus
|j|☆memeberserk
|html|Sootilusmemeberserk    
|uhtml|bestof|Game 2 of a best-of-3
|t:|1782331727
|gametype|doubles
|player|p1|Sootilus|red|1000
|player|p2|memeberserk|lance|1040
|gen|9
|tier|[Gen 9 Champions] VGC 2026 Reg M-B (Bo3)
|rated|
|rule|Species Clause: Limit one of each Pokémon
|rule|Item Clause: Limit 1 of each item
|clearpoke
|poke|p1|Steelix, L50, F|
|poke|p1|Tyranitar, L50, M|
|poke|p1|Rotom-Wash, L50|
|poke|p1|Sinistcha, L50|
|poke|p1|Sneasler, L50, F|
|poke|p1|Talonflame, L50, F|
|poke|p2|Grimmsnarl, L50, M|
|poke|p2|Archaludon, L50, F|
|poke|p2|Toxapex, L50, M|
|poke|p2|Pelipper, L50, M|
|poke|p2|Swampert, L50, F|
|poke|p2|Staraptor, L50, M|
|teampreview|4
|showteam|p1|Steelix||Steelixite|Sturdy|Protect,HeavySlam,HighHorsepower,WideGuard|Adamant||F|||50|]Tyranitar||Tyranitarite|SandStream|Protect,RockSlide,KnockOff,DragonDance|Adamant||M|||50|]Rotom-Wash||Leftovers|Levitate|WillOWisp,HydroPump,Thunderbolt,LightScreen|Modest|||||50|]Sinistcha||SitrusBerry|Hospitality|RagePowder,TrickRoom|Modest|||||50|]Sneasler||WhiteHerb|Unburden|DireClaw,CloseCombat,Protect,FakeOut|Adamant||F|||50|]Talonflame||SharpBeak|GaleWings|Protect,BraveBird,SwordsDance,FlareBlitz|Adamant||F|||50|
|showteam|p2|Grimmsnarl||LightClay|Prankster|LightScreen,Reflect,PartingShot,SpiritBreak|Careful||M|||50|]Archaludon||ChopleBerry|Stamina|ElectroShot,DracoMeteor,Protect,Snarl|Timid||F|||50|]Toxapex||Leftovers|Regenerator|Infestation,Toxic,BanefulBunker,WideGuard|Bold||M|||50|]Pelipper||FocusSash|Drizzle|Hurricane,WeatherBall,Protect,Tailwind|Timid||M|||50|]Swampert||Swampertite|Torrent|HighHorsepower,WaveCrash,Protect,FlipTurn|Careful||F|||50|]Staraptor||Staraptite|Intimidate|CloseCombat,Roost,Protect,BraveBird|Adamant||M|||50|
|inactive|Battle timer is ON: inactive players will automatically lose when time's up. (requested by memeberserk)
|
|t:|1782331757
|teamsize|p1|4
|teamsize|p2|4
|start
|switch|p1a: Sneasler|Sneasler, L50, F|100/100
|switch|p1b: Talonflame|Talonflame, L50, F|100/100
|switch|p2a: Toxapex|Toxapex, L50, M|100/100
|switch|p2b: Grimmsnarl|Grimmsnarl, L50, M|100/100
|turn|1
|
|t:|1782331770
|move|p1a: Sneasler|Fake Out|p2a: Toxapex
|-damage|p2a: Toxapex|89/100
|move|p2b: Grimmsnarl|Reflect|p2b: Grimmsnarl
|-sidestart|p2: memeberserk|Reflect
|move|p1b: Talonflame|Swords Dance|p1b: Talonflame
|-boost|p1b: Talonflame|atk|2
|cant|p2a: Toxapex|flinch
|
|-heal|p2a: Toxapex|95/100|[from] item: Leftovers
|upkeep
|turn|2
|
|t:|1782331791
|move|p2b: Grimmsnarl|Parting Shot|p1b: Talonflame
|-unboost|p1b: Talonflame|atk|1
|-unboost|p1b: Talonflame|spa|1
|
|t:|1782331798
|switch|p2b: Swampert|Swampert, L50, F|100/100|[from] Parting Shot
|move|p1b: Talonflame|Swords Dance|p1b: Talonflame
|-boost|p1b: Talonflame|atk|2
|move|p1a: Sneasler|Dire Claw|p2b: Swampert
|-resisted|p2b: Swampert|1
|-damage|p2b: Swampert|85/100
|move|p2a: Toxapex|Toxic|p1b: Talonflame
|-status|p1b: Talonflame|tox
|
|-heal|p2a: Toxapex|100/100|[from] item: Leftovers
|-damage|p1b: Talonflame|94/100 tox|[from] psn
|upkeep
|turn|3
|inactive|Sootilus has 30 seconds left.
|inactive|memeberserk has 30 seconds left.
|inactive|memeberserk has 20 seconds left.
|
|t:|1782331834
|move|p2b: Swampert|Protect|p2b: Swampert
|-singleturn|p2b: Swampert|Protect
|move|p1b: Talonflame|Brave Bird|p2a: Toxapex
|-damage|p2a: Toxapex|35/100
|-damage|p1b: Talonflame|76/100 tox|[from] Recoil
|move|p1a: Sneasler|Close Combat|p2b: Swampert
|-activate|p2b: Swampert|move: Protect
|move|p2a: Toxapex|Infestation|p1b: Talonflame
|-resisted|p1b: Talonflame|2
|-damage|p1b: Talonflame|75/100 tox
|-activate|p1b: Talonflame|move: Infestation|[of] p2a: Toxapex
|
|-heal|p2a: Toxapex|41/100|[from] item: Leftovers
|-damage|p1b: Talonflame|63/100 tox|[from] psn
|-damage|p1b: Talonflame|50/100g tox|[from] move: Infestation|[partiallytrapped]
|upkeep
|turn|4
|
|t:|1782331853
|switch|p2b: Grimmsnarl|Grimmsnarl, L50, M|100/100
|move|p2a: Toxapex|Baneful Bunker|p2a: Toxapex
|-singleturn|p2a: Toxapex|move: Protect
|move|p1b: Talonflame|Swords Dance|p1b: Talonflame
|-boost|p1b: Talonflame|atk|2
|move|p1a: Sneasler|Close Combat|p2b: Grimmsnarl
|-damage|p2b: Grimmsnarl|46/100
|-unboost|p1a: Sneasler|def|1
|-unboost|p1a: Sneasler|spd|1
|-enditem|p1a: Sneasler|White Herb
|-clearnegativeboost|p1a: Sneasler|[silent]
|
|-heal|p2a: Toxapex|47/100|[from] item: Leftovers
|-damage|p1b: Talonflame|32/100 tox|[from] psn
|-damage|p1b: Talonflame|20/100y tox|[from] move: Infestation|[partiallytrapped]
|upkeep
|turn|5
|inactive|memeberserk has 30 seconds left.
|
|t:|1782331885
|-heal|p2a: Toxapex|80/100|[from] ability: Regenerator|[silent]
|switch|p2a: Pelipper|Pelipper, L50, M|100/100
|-weather|RainDance|[from] ability: Drizzle|[of] p2a: Pelipper
|move|p2b: Grimmsnarl|Parting Shot|p1b: Talonflame
|-unboost|p1b: Talonflame|atk|1
|-unboost|p1b: Talonflame|spa|1
|
|t:|1782331894
|switch|p2b: Toxapex|Toxapex, L50, M|80/100|[from] Parting Shot
|move|p1a: Sneasler|Dire Claw|p2b: Toxapex
|-resisted|p2b: Toxapex|1
|-damage|p2b: Toxapex|70/100
|move|p1b: Talonflame|Brave Bird|p2a: Pelipper
|-enditem|p2a: Pelipper|Focus Sash
|-damage|p2a: Pelipper|1/100
|-damage|p1b: Talonflame|0 fnt|[from] Recoil
|faint|p1b: Talonflame
|
|-weather|RainDance|[upkeep]
|-heal|p2b: Toxapex|75/100|[from] item: Leftovers
|upkeep
|
|t:|1782331915
|switch|p1b: Rotom|Rotom-Wash, L50|100/100
|turn|6
|
|t:|1782331925
|move|p1a: Sneasler|Protect|p1a: Sneasler
|-singleturn|p1a: Sneasler|Protect
|move|p2a: Pelipper|Protect|p2a: Pelipper
|-singleturn|p2a: Pelipper|Protect
|move|p1b: Rotom|Light Screen|p1b: Rotom
|-sidestart|p1: Sootilus|move: Light Screen
|move|p2b: Toxapex|Toxic|p1b: Rotom
|-status|p1b: Rotom|tox
|
|-weather|RainDance|[upkeep]
|-heal|p2b: Toxapex|81/100|[from] item: Leftovers
|-damage|p1b: Rotom|94/100 tox|[from] psn
|upkeep
|turn|7
|
|t:|1782331948
|move|p1a: Sneasler|Dire Claw|p2a: Pelipper
|-damage|p2a: Pelipper|0 fnt
|faint|p2a: Pelipper
|move|p1b: Rotom|Thunderbolt|p2b: Toxapex
|-supereffective|p2b: Toxapex|1
|-damage|p2b: Toxapex|1/100
|move|p2b: Toxapex|Infestation|p1b: Rotom
|-damage|p1b: Rotom|91/100 tox
|-activate|p1b: Rotom|move: Infestation|[of] p2b: Toxapex
|
|-weather|RainDance|[upkeep]
|-heal|p1b: Rotom|96/100 tox|[from] item: Leftovers
|-heal|p2b: Toxapex|7/100|[from] item: Leftovers
|-damage|p1b: Rotom|85/100 tox|[from] psn
|-damage|p1b: Rotom|74/100 tox|[from] move: Infestation|[partiallytrapped]
|upkeep
|
|t:|1782331961
|switch|p2a: Swampert|Swampert, L50, F|85/100
|turn|8
|inactive|memeberserk has 30 seconds left.
|
|t:|1782331988
|-heal|p2b: Toxapex|40/100|[from] ability: Regenerator|[silent]
|switch|p2b: Grimmsnarl|Grimmsnarl, L50, M|46/100
|detailschange|p2a: Swampert|Swampert-Mega, L50, F
|-mega|p2a: Swampert|Swampert|Swampertite
|move|p1a: Sneasler|Close Combat|p2a: Swampert
|-damage|p2a: Swampert|47/100
|-unboost|p1a: Sneasler|def|1
|-unboost|p1a: Sneasler|spd|1
|move|p2a: Swampert|High Horsepower|p1a: Sneasler
|-supereffective|p1a: Sneasler|1
|-damage|p1a: Sneasler|0 fnt
|faint|p1a: Sneasler
|move|p1b: Rotom|Thunderbolt|p2b: Grimmsnarl
|-damage|p2b: Grimmsnarl|13/100
|
|-weather|RainDance|[upkeep]
|-heal|p1b: Rotom|79/100 tox|[from] item: Leftovers
|-damage|p1b: Rotom|62/100 tox|[from] psn
|-end|p1b: Rotom|Infestation|[partiallytrapped]|[silent]
|-sideend|p2: memeberserk|Reflect
|upkeep
|
|t:|1782332006
|switch|p1a: Sinistcha|Sinistcha, L50|100/100
|-heal|p1b: Rotom|87/100 tox|[from] ability: Hospitality|[of] p1a: Sinistcha
|turn|9
|-message|Sootilus forfeited.
|
|win|memeberserk
|raw|Sootilus's rating: 1000 → 1000(+0 for losing)
|raw|memeberserk's rating: 1040 → 1070(+30 for winning)
|l|☆Sootilus
|player|p1|
