|j|☆ciaranburks
|j|☆Luca Chiro
|html|ciaranburksLuca Chiro    
|uhtml|bestof|Game 2 of a best-of-3
|t:|1757746321
|gametype|doubles
|player|p1|ciaranburks|101|1057
|player|p2|Luca Chiro|ghetsis-gen5bw|1017
|gen|9
|tier|[Gen 9] VGC 2025 Reg H (Bo3)
|rated|
|rule|Species Clause: Limit one of each Pokémon
|rule|Item Clause: Limit 1 of each item
|clearpoke
|poke|p1|Charizard, L50, F|
|poke|p1|Arcanine, L50, F|
|poke|p1|Clefairy, L50, F|
|poke|p1|Dragonite, L50, M|
|poke|p1|Venusaur, L50, F|
|poke|p1|Ninetales, L50, F|
|poke|p2|Dragonite, L50, F|
|poke|p2|Ninetales-Alola, L50, F|
|poke|p2|Annihilape, L50, F|
|poke|p2|Rillaboom, L50, M|
|poke|p2|Gholdengo, L50|
|poke|p2|Ursaluna-Bloodmoon, L50, M|
|teampreview|4
|showteam|p1|Charizard||LifeOrb|SolarPower|FlameCharge,AirSlash,HeatWave,Protect|||F|||50|,,,,,Fire]Arcanine||ChoiceBand|FlashFire|CloseCombat,FlareBlitz,WildCharge,PlayRough|||F|||50|,,,,,Fighting]Clefairy||Eviolite|FriendGuard|FollowMe,Moonblast,SunnyDay,AfterYou|||F|||50|,,,,,Steel]Dragonite||SafetyGoggles|InnerFocus|ExtremeSpeed,IceSpinner,Tailwind,StoneEdge|||M|||50|,,,,,Normal]Venusaur||CovertCloak|Chlorophyll|SleepPowder,EarthPower,SludgeBomb,Protect|||F|||50|,,,,,Ground]Ninetales||FocusSash|Drought|SolarBeam,HeatWave,Protect,NastyPlot|||F|||50|,,,,,Grass
|showteam|p2|Dragonite||LoadedDice|Multiscale|ScaleShot,ExtremeSpeed,Haze,Protect|||F|||50|,,,,,Fairy]Ninetales-Alola||LightClay|SnowWarning|IcicleSpear,AuroraVeil,Blizzard,IcyWind|||F|||50|,,,,,Ghost]Annihilape||SafetyGoggles|Defiant|RageFist,DrainPunch,BulkUp,Protect|||F|||50|,,,,,Fire]Rillaboom||MiracleSeed|GrassySurge|WoodHammer,GrassyGlide,FakeOut,Protect|||M|||50|,,,,,Grass]Gholdengo||LifeOrb|GoodasGold|MakeItRain,ShadowBall,NastyPlot,Protect||||||50|,,,,,Water]Ursaluna-Bloodmoon||AssaultVest|MindsEye|BloodMoon,HyperVoice,EarthPower,VacuumWave|||M|||50|,,,,,Ghost
|
|t:|1757746352
|teamsize|p1|4
|teamsize|p2|4
|start
|switch|p1a: Ninetales|Ninetales, L50, F|100/100
|switch|p1b: Arcanine|Arcanine, L50, F|100/100
|switch|p2a: Ninetales|Ninetales-Alola, L50, F|100/100
|switch|p2b: Gholdengo|Gholdengo, L50|100/100
|-weather|Snowscape|[from] ability: Snow Warning|[of] p2a: Ninetales
|-weather|SunnyDay|[from] ability: Drought|[of] p1a: Ninetales
|turn|1
|inactive|Battle timer is ON: inactive players will automatically lose when time's up. (requested by Luca Chiro)
|
|t:|1757746379
|switch|p2a: Annihilape|Annihilape, L50, F|100/100
|move|p2b: Gholdengo|Protect|p2b: Gholdengo
|-singleturn|p2b: Gholdengo|Protect
|move|p1a: Ninetales|Heat Wave|p2b: Gholdengo|[spread] p2a
|-activate|p2b: Gholdengo|move: Protect
|-damage|p2a: Annihilape|60/100
|move|p1b: Arcanine|Wild Charge|p2a: Annihilape
|-damage|p2a: Annihilape|16/100
|-damage|p1b: Arcanine|87/100|[from] Recoil
|
|-weather|SunnyDay|[upkeep]
|upkeep
|turn|2
|
|t:|1757746404
|switch|p2a: Ninetales|Ninetales-Alola, L50, F|100/100
|-weather|Snowscape|[from] ability: Snow Warning|[of] p2a: Ninetales
|-terastallize|p2b: Gholdengo|Water
|move|p1a: Ninetales|Heat Wave|p2a: Ninetales|[spread] p2a,p2b
|-supereffective|p2a: Ninetales
|-resisted|p2b: Gholdengo
|-damage|p2a: Ninetales|46/100
|-damage|p2b: Gholdengo|86/100
|move|p2b: Gholdengo|Nasty Plot|p2b: Gholdengo
|-boost|p2b: Gholdengo|spa|2
|move|p1b: Arcanine|Wild Charge|p2b: Gholdengo
|-supereffective|p2b: Gholdengo
|-damage|p2b: Gholdengo|0 fnt
|faint|p2b: Gholdengo
|-damage|p1b: Arcanine|65/100|[from] Recoil
|
|-weather|Snowscape|[upkeep]
|upkeep
|
|t:|1757746417
|switch|p2b: Ursaluna|Ursaluna-Bloodmoon, L50, M|100/100
|turn|3
|inactive|ciaranburks has 30 seconds left.
|
|t:|1757746454
|switch|p1a: Charizard|Charizard, L50, F|100/100
|switch|p1b: Venusaur|Venusaur, L50, F|100/100
|move|p2a: Ninetales|Aurora Veil|p2a: Ninetales
|-sidestart|p2: Luca Chiro|move: Aurora Veil
|move|p2b: Ursaluna|Hyper Voice|p1b: Venusaur|[spread] p1a,p1b
|-damage|p1a: Charizard|55/100
|-damage|p1b: Venusaur|59/100
|
|-weather|Snowscape|[upkeep]
|upkeep
|turn|4
|inactive|ciaranburks has 30 seconds left.
|
|t:|1757746480
|switch|p1b: Ninetales|Ninetales, L50, F|100/100
|-weather|SunnyDay|[from] ability: Drought|[of] p1b: Ninetales
|-terastallize|p1a: Charizard|Fire
|move|p2a: Ninetales|Icy Wind|p1b: Ninetales|[spread] p1a,p1b
|-resisted|p1a: Charizard
|-resisted|p1b: Ninetales
|-damage|p1a: Charizard|47/100
|-damage|p1b: Ninetales|94/100
|-unboost|p1a: Charizard|spe|1
|-unboost|p1b: Ninetales|spe|1
|move|p1a: Charizard|Heat Wave|p2b: Ursaluna|[spread] p2a,p2b
|-supereffective|p2a: Ninetales
|-damage|p2a: Ninetales|0 fnt
|-damage|p2b: Ursaluna|41/100
|faint|p2a: Ninetales
|-damage|p1a: Charizard|37/100|[from] item: Life Orb
|move|p2b: Ursaluna|Blood Moon|p1b: Ninetales
|-damage|p1b: Ninetales|7/100
|
|-weather|SunnyDay|[upkeep]
|-damage|p1a: Charizard|25/100|[from] ability: Solar Power|[of] p1a: Charizard
|upkeep
|
|t:|1757746494
|switch|p2a: Annihilape|Annihilape, L50, F|16/100
|turn|5
|
|t:|1757746511
|move|p2b: Ursaluna|Vacuum Wave|p1a: Charizard
|-damage|p1a: Charizard|4/100
|move|p2a: Annihilape|Drain Punch|p1b: Ninetales
|-damage|p1b: Ninetales|0 fnt
|-heal|p2a: Annihilape|18/100|[from] drain|[of] p1b: Ninetales
|faint|p1b: Ninetales
|move|p1a: Charizard|Heat Wave|p2a: Annihilape|[spread] p2a,p2b
|-damage|p2a: Annihilape|0 fnt
|-damage|p2b: Ursaluna|0 fnt
|faint|p2a: Annihilape
|faint|p2b: Ursaluna
|-damage|p1a: Charizard|0 fnt|[from] item: Life Orb
|faint|p1a: Charizard
|
|win|ciaranburks
|inactive|ciaranburks has 30 seconds to confirm battle start!
|inactive|Luca Chiro has 30 seconds to confirm battle start!
||Luca Chiro is ready for game 3.
|l|☆ciaranburks
|player|p1|
||ciaranburks is ready for game 3.
|uhtml|next|Next: Game 3 of 3
