|j|☆r4ka
|j|☆andrewcips
|html|r4kaandrewcips    
|uhtml|bestof|Game 2 of a best-of-3
|t:|1757247587
|gametype|doubles
|player|p1|r4ka|266|1299
|player|p2|andrewcips|alder|1064
|gen|9
|tier|[Gen 9] VGC 2025 Reg H (Bo3)
|rated|
|rule|Species Clause: Limit one of each Pokémon
|rule|Item Clause: Limit 1 of each item
|clearpoke
|poke|p1|Rillaboom, L50, M|
|poke|p1|Dragonite, L50, M|
|poke|p1|Sneasler, L50, M|
|poke|p1|Kingambit, L50, M|
|poke|p1|Electabuzz, L50, M|
|poke|p1|Volcarona, L50, F|
|poke|p2|Sneasler, L50, M|
|poke|p2|Dragapult, L50, M|
|poke|p2|Primarina, L50, F|
|poke|p2|Kingambit, L50, F|
|poke|p2|Magmar, L50, M|
|poke|p2|Rillaboom, L50, F|
|teampreview|4
|showteam|p1|Rillaboom||AssaultVest|GrassySurge|FakeOut,HighHorsepower,WoodHammer,GrassyGlide|||M|||50|,,,,,Fire]Dragonite||LoadedDice|Multiscale|ExtremeSpeed,ScaleShot,Protect,Haze|||M|||50|,,,,,Steel]Sneasler||FocusSash|PoisonTouch|DireClaw,CloseCombat,FakeOut,Coaching|||M|||50|,,,,,Stellar]Kingambit||BlackGlasses|Defiant|KowtowCleave,SuckerPunch,SwordsDance,Protect|||M|||50|,,,,,Ghost]Electabuzz||Eviolite|VitalSpirit|Thunderbolt,Taunt,Protect,FollowMe|||M|||50|,,,,,Ghost]Volcarona||Leftovers|FlameBody|HeatWave,TeraBlast,QuiverDance,Protect|||F|||50|,,,,,Fairy
|showteam|p2|Sneasler||FocusSash|PoisonTouch|CloseCombat,DireClaw,FakeOut,Protect|||M|||50|,,,,,Stellar]Dragapult||ChoiceBand|ClearBody|DragonDarts,TeraBlast,PhantomForce,Uturn|||M|||50|,,,,,Ghost]Primarina||SitrusBerry|LiquidVoice|HyperVoice,Moonblast,Haze,Protect|||F|||50|,,,,,Poison]Kingambit||BlackGlasses|Defiant|KowtowCleave,SuckerPunch,SwordsDance,Protect|||F|||50|,,,,,Ghost]Magmar||Eviolite|VitalSpirit|Overheat,WillOWisp,FollowMe,Protect|||M|||50|,,,,,Ghost]Rillaboom||AssaultVest|GrassySurge|WoodHammer,GrassyGlide,HighHorsepower,FakeOut|||F|||50|,,,,,Fire
|inactive|Battle timer is ON: inactive players will automatically lose when time's up. (requested by andrewcips)
|
|t:|1757247617
|teamsize|p1|4
|teamsize|p2|4
|start
|switch|p1a: Electabuzz|Electabuzz, L50, M|100/100
|switch|p1b: Volcarona|Volcarona, L50, F|100/100
|switch|p2a: Primarina|Primarina, L50, F|100/100
|switch|p2b: Rillaboom|Rillaboom, L50, F|100/100
|-fieldstart|move: Grassy Terrain|[from] ability: Grassy Surge|[of] p2b: Rillaboom
|turn|1
|
|t:|1757247641
|-terastallize|p1b: Volcarona|Fairy
|move|p2b: Rillaboom|Fake Out|p1a: Electabuzz
|-damage|p1a: Electabuzz|89/100
|move|p1b: Volcarona|Quiver Dance|p1b: Volcarona
|-boost|p1b: Volcarona|spa|1
|-boost|p1b: Volcarona|spd|1
|-boost|p1b: Volcarona|spe|1
|cant|p1a: Electabuzz|flinch
|move|p2a: Primarina|Hyper Voice|p1b: Volcarona|[spread] p1a,p1b
|-damage|p1a: Electabuzz|62/100
|-damage|p1b: Volcarona|79/100
|
|-heal|p1b: Volcarona|86/100|[from] Grassy Terrain
|-heal|p1b: Volcarona|92/100|[from] item: Leftovers
|-heal|p1a: Electabuzz|68/100|[from] Grassy Terrain
|upkeep
|turn|2
|
|t:|1757247666
|-terastallize|p2b: Rillaboom|Fire
|move|p1b: Volcarona|Quiver Dance|p1b: Volcarona
|-boost|p1b: Volcarona|spa|1
|-boost|p1b: Volcarona|spd|1
|-boost|p1b: Volcarona|spe|1
|move|p1a: Electabuzz|Taunt|p2a: Primarina
|-start|p2a: Primarina|move: Taunt
|move|p2b: Rillaboom|High Horsepower|p1a: Electabuzz
|-supereffective|p1a: Electabuzz
|-damage|p1a: Electabuzz|22/100
|cant|p2a: Primarina|move: Taunt|Haze
|
|-heal|p1b: Volcarona|98/100|[from] Grassy Terrain
|-heal|p1b: Volcarona|100/100|[from] item: Leftovers
|-heal|p1a: Electabuzz|27/100|[from] Grassy Terrain
|upkeep
|turn|3
|
|t:|1757247684
|move|p1a: Electabuzz|Follow Me|p1a: Electabuzz
|-singleturn|p1a: Electabuzz|move: Follow Me
|move|p1b: Volcarona|Quiver Dance|p1b: Volcarona
|-boost|p1b: Volcarona|spa|1
|-boost|p1b: Volcarona|spd|1
|-boost|p1b: Volcarona|spe|1
|move|p2b: Rillaboom|Wood Hammer|p1a: Electabuzz
|-damage|p1a: Electabuzz|0 fnt
|faint|p1a: Electabuzz
|-damage|p2b: Rillaboom|93/100|[from] Recoil
|move|p2a: Primarina|Moonblast|p1b: Volcarona
|-damage|p1b: Volcarona|82/100
|
|-heal|p1b: Volcarona|88/100|[from] Grassy Terrain
|-heal|p1b: Volcarona|94/100|[from] item: Leftovers
|-heal|p2b: Rillaboom|99/100|[from] Grassy Terrain
|upkeep
|
|t:|1757247699
|switch|p1a: Sneasler|Sneasler, L50, M|100/100
|turn|4
|
|t:|1757247714
|move|p2b: Rillaboom|Grassy Glide|p1a: Sneasler
|-resisted|p1a: Sneasler
|-damage|p1a: Sneasler|69/100
|move|p1b: Volcarona|Heat Wave|p2a: Primarina|[spread] p2a,p2b
|-resisted|p2a: Primarina
|-resisted|p2b: Rillaboom
|-damage|p2a: Primarina|64/100
|-damage|p2b: Rillaboom|64/100
|move|p1a: Sneasler|Close Combat|p2b: Rillaboom
|-damage|p2b: Rillaboom|9/100
|-unboost|p1a: Sneasler|def|1
|-unboost|p1a: Sneasler|spd|1
|-status|p2b: Rillaboom|psn|[from] ability: Poison Touch|[of] p1a: Sneasler
|move|p2a: Primarina|Hyper Voice|p1b: Volcarona|[spread] p1a,p1b
|-damage|p1a: Sneasler|5/100
|-damage|p1b: Volcarona|83/100
|
|-heal|p1b: Volcarona|90/100|[from] Grassy Terrain
|-heal|p1b: Volcarona|96/100|[from] item: Leftovers
|-heal|p1a: Sneasler|11/100|[from] Grassy Terrain
|-heal|p2b: Rillaboom|15/100 psn|[from] Grassy Terrain
|-heal|p2a: Primarina|70/100|[from] Grassy Terrain
|-damage|p2b: Rillaboom|2/100 psn|[from] psn
|-end|p2a: Primarina|move: Taunt
|upkeep
|turn|5
|inactive|r4ka has 30 seconds left.
|inactive|andrewcips has 30 seconds left.
|
|t:|1757247748
|move|p2a: Primarina|Protect|p2a: Primarina
|-singleturn|p2a: Primarina|Protect
|move|p2b: Rillaboom|Grassy Glide|p1a: Sneasler
|-resisted|p1a: Sneasler
|-damage|p1a: Sneasler|0 fnt
|faint|p1a: Sneasler
|move|p1b: Volcarona|Tera Blast|p2a: Primarina|[anim] Tera Blast Fairy
|-activate|p2a: Primarina|move: Protect
|
|-heal|p1b: Volcarona|100/100|[from] Grassy Terrain
|-heal|p2b: Rillaboom|8/100 psn|[from] Grassy Terrain
|-heal|p2a: Primarina|76/100|[from] Grassy Terrain
|-damage|p2b: Rillaboom|0 fnt|[from] psn
|faint|p2b: Rillaboom
|-fieldend|move: Grassy Terrain
|upkeep
|
|t:|1757247761
|switch|p1a: Kingambit|Kingambit, L50, M, shiny|100/100
|switch|p2b: Magmar|Magmar, L50, M|100/100
|turn|6
|
|t:|1757247771
|move|p1b: Volcarona|Heat Wave|p2a: Primarina|[spread] p2b
|-miss|p1b: Volcarona|p2a: Primarina
|-resisted|p2b: Magmar
|-damage|p2b: Magmar|67/100
|move|p2b: Magmar|Will-O-Wisp|p1a: Kingambit
|-status|p1a: Kingambit|brn
|move|p2a: Primarina|Haze|p2a: Primarina
|-clearallboost
|move|p1a: Kingambit|Kowtow Cleave|p2a: Primarina
|-resisted|p2a: Primarina
|-damage|p2a: Primarina|60/100
|
|-damage|p1a: Kingambit|95/100 brn|[from] brn
|upkeep
|turn|7
|inactive|andrewcips has 30 seconds left.
|
|t:|1757247800
|move|p1a: Kingambit|Sucker Punch|p2b: Magmar
|-damage|p2b: Magmar|47/100
|move|p1b: Volcarona|Tera Blast|p2a: Primarina|[anim] Tera Blast Fairy
|-damage|p2a: Primarina|24/100
|-enditem|p2a: Primarina|Sitrus Berry|[eat]
|-heal|p2a: Primarina|49/100|[from] item: Sitrus Berry
|move|p2b: Magmar|Overheat|p1b: Volcarona
|-damage|p1b: Volcarona|54/100
|-unboost|p2b: Magmar|spa|2
|move|p2a: Primarina|Hyper Voice|p1b: Volcarona|[spread] p1a,p1b
|-damage|p1a: Kingambit|63/100 brn
|-damage|p1b: Volcarona|24/100
|
|-heal|p1b: Volcarona|31/100|[from] item: Leftovers
|-damage|p1a: Kingambit|57/100 brn|[from] brn
|upkeep
|turn|8
|inactive|andrewcips has 30 seconds left.
|
|t:|1757247826
|move|p2b: Magmar|Follow Me|p2b: Magmar
|-singleturn|p2b: Magmar|move: Follow Me
|move|p1b: Volcarona|Quiver Dance|p1b: Volcarona
|-boost|p1b: Volcarona|spa|1
|-boost|p1b: Volcarona|spd|1
|-boost|p1b: Volcarona|spe|1
|move|p2a: Primarina|Hyper Voice|p1b: Volcarona|[spread] p1a,p1b
|-damage|p1a: Kingambit|23/100 brn
|-damage|p1b: Volcarona|11/100
|move|p1a: Kingambit|Swords Dance|p1a: Kingambit
|-boost|p1a: Kingambit|atk|2
|
|-heal|p1b: Volcarona|18/100|[from] item: Leftovers
|-damage|p1a: Kingambit|17/100 brn|[from] brn
|upkeep
|turn|9
|inactive|r4ka has 30 seconds left.
|
|t:|1757247855
|move|p1a: Kingambit|Protect|p1a: Kingambit
|-singleturn|p1a: Kingambit|Protect
|move|p2b: Magmar|Follow Me|p2b: Magmar
|-singleturn|p2b: Magmar|move: Follow Me
|move|p1b: Volcarona|Tera Blast|p2b: Magmar|[anim] Tera Blast Fairy
|-resisted|p2b: Magmar
|-damage|p2b: Magmar|23/100
|move|p2a: Primarina|Haze|p2a: Primarina
|-clearallboost
|
|-heal|p1b: Volcarona|24/100|[from] item: Leftovers
|-damage|p1a: Kingambit|11/100 brn|[from] brn
|upkeep
|turn|10
|
|t:|1757247873
|move|p2b: Magmar|Follow Me|p2b: Magmar
|-singleturn|p2b: Magmar|move: Follow Me
|move|p1a: Kingambit|Sucker Punch||[still]
|-fail|p1a: Kingambit
|move|p1b: Volcarona|Heat Wave|p2a: Primarina|[spread] p2a,p2b
|-resisted|p2a: Primarina
|-resisted|p2b: Magmar
|-damage|p2a: Primarina|34/100
|-damage|p2b: Magmar|10/100
|move|p2a: Primarina|Hyper Voice|p1a: Kingambit|[spread] p1a,p1b
|-crit|p1a: Kingambit
|-damage|p1a: Kingambit|0 fnt
|-damage|p1b: Volcarona|0 fnt
|faint|p1a: Kingambit
|faint|p1b: Volcarona
|
|win|andrewcips
|inactive|r4ka has 30 seconds to confirm battle start!
|inactive|andrewcips has 30 seconds to confirm battle start!
||r4ka is ready for game 3.
||andrewcips is ready for game 3.
|uhtml|next|Next: Game 3 of 3
|l|☆andrewcips
|player|p2|
