|j|☆Zacharykeith
|j|☆Maxblueface
|html|ZacharykeithMaxblueface    
|uhtml|bestof|Game 1 of a best-of-3
|t:|1756340117
|gametype|doubles
|player|p1|Zacharykeith|fisherman-gen4|1104
|player|p2|Maxblueface|169|1068
|gen|9
|tier|[Gen 9] VGC 2025 Reg H (Bo3)
|rated|
|rule|Species Clause: Limit one of each Pokémon
|rule|Item Clause: Limit 1 of each item
|clearpoke
|poke|p1|Rillaboom, L50, M|
|poke|p1|Arcanine-Hisui, L50, F|
|poke|p1|Electabuzz, L50, F|
|poke|p1|Kingambit, L50, F|
|poke|p1|Primarina, L50, M|
|poke|p1|Dragapult, L50, M|
|poke|p2|Annihilape, L50, F|
|poke|p2|Whimsicott, L50, M|
|poke|p2|Garchomp, L50, M|
|poke|p2|Clefable, L50, F|
|poke|p2|Hydreigon, L50, M|
|poke|p2|Gholdengo, L50|
|teampreview|4
|showteam|p1|Rillaboom||AssaultVest|GrassySurge|FakeOut,GrassyGlide,WoodHammer,HighHorsepower|||M|||50|,,,,,Fire]Arcanine-Hisui||ClearAmulet|Intimidate|FlareBlitz,RockSlide,ExtremeSpeed,Protect|||F|||50|,,,,,Water]Electabuzz||Eviolite|VitalSpirit|VoltSwitch,Electroweb,FollowMe,Taunt|||F|||50|,,,,,Ghost]Kingambit||BlackGlasses|Defiant|SuckerPunch,KowtowCleave,SwordsDance,Protect|||F|||50|,,,,,Dark]Primarina||ThroatSpray|LiquidVoice|HyperVoice,Moonblast,Haze,Protect|||M|||50|,,,,,Steel]Dragapult||ChoiceBand|ClearBody|DragonDarts,PhantomForce,Uturn,Outrage|||M|||50|,,,,,Dragon
|showteam|p2|Annihilape||SafetyGoggles|Defiant|Protect,BulkUp,DrainPunch,RageFist|||F|||50|,,,,,Water]Whimsicott||FocusSash|Prankster|SunnyDay,Encore,Tailwind,Moonblast|||M|||50|,,,,,Ghost]Garchomp||LifeOrb|RoughSkin|Protect,RockSlide,DragonClaw,Earthquake|||M|||50|,,,,,Steel]Clefable||SitrusBerry|Unaware|Protect,FollowMe,MistyTerrain,Moonblast|||F|||50|,,,,,Water]Hydreigon||ChoiceSpecs|Levitate|HeatWave,Uturn,DarkPulse,DracoMeteor|||M|||50|,,,,,Fire]Gholdengo||MetalCoat|GoodasGold|Protect,NastyPlot,ShadowBall,MakeItRain||||||50|,,,,,Steel
|
|t:|1756340159
|teamsize|p1|4
|teamsize|p2|4
|start
|switch|p1a: Electabuzz|Electabuzz, L50, F|100/100
|switch|p1b: Kingambit|Kingambit, L50, F|100/100
|switch|p2a: Annihilape|Annihilape, L50, F|100/100
|switch|p2b: Whimsicott|Whimsicott, L50, M|100/100
|turn|1
|
|t:|1756340192
|move|p1a: Electabuzz|Follow Me|p1a: Electabuzz
|-singleturn|p1a: Electabuzz|move: Follow Me
|move|p2b: Whimsicott|Tailwind|p2b: Whimsicott
|-sidestart|p2: Maxblueface|move: Tailwind
|move|p2a: Annihilape|Bulk Up|p2a: Annihilape
|-boost|p2a: Annihilape|atk|1
|-boost|p2a: Annihilape|def|1
|move|p1b: Kingambit|Swords Dance|p1b: Kingambit
|-boost|p1b: Kingambit|atk|2
|
|upkeep
|turn|2
|
|t:|1756340235
|-terastallize|p1b: Kingambit|Dark
|move|p1a: Electabuzz|Follow Me|p1a: Electabuzz
|-singleturn|p1a: Electabuzz|move: Follow Me
|move|p2b: Whimsicott|Sunny Day|p2b: Whimsicott
|-weather|SunnyDay
|move|p2a: Annihilape|Drain Punch|p1a: Electabuzz
|-damage|p1a: Electabuzz|65/100
|move|p1b: Kingambit|Kowtow Cleave|p2a: Annihilape
|-damage|p2a: Annihilape|0 fnt
|faint|p2a: Annihilape
|
|-weather|SunnyDay|[upkeep]
|upkeep
|
|t:|1756340246
|switch|p2a: Hydreigon|Hydreigon, L50, M|100/100
|turn|3
|
|t:|1756340270
|-terastallize|p2a: Hydreigon|Fire
|move|p1a: Electabuzz|Follow Me|p1a: Electabuzz
|-singleturn|p1a: Electabuzz|move: Follow Me
|move|p2b: Whimsicott|Moonblast|p1a: Electabuzz
|-damage|p1a: Electabuzz|37/100
|move|p2a: Hydreigon|Heat Wave|p1a: Electabuzz|[spread] p1b
|-miss|p2a: Hydreigon|p1a: Electabuzz
|-damage|p1b: Kingambit|15/100
|move|p1b: Kingambit|Kowtow Cleave|p2a: Hydreigon
|-damage|p2a: Hydreigon|0 fnt
|faint|p2a: Hydreigon
|
|-weather|SunnyDay|[upkeep]
|upkeep
|
|t:|1756340283
|switch|p2a: Garchomp|Garchomp, L50, M|100/100
|turn|4
|
|t:|1756340318
|move|p1a: Electabuzz|Follow Me|p1a: Electabuzz
|-singleturn|p1a: Electabuzz|move: Follow Me
|move|p1b: Kingambit|Sucker Punch|p2a: Garchomp
|-damage|p2a: Garchomp|0 fnt
|-damage|p1b: Kingambit|2/100|[from] ability: Rough Skin|[of] p2a: Garchomp
|faint|p2a: Garchomp
|move|p2b: Whimsicott|Moonblast|p1a: Electabuzz
|-damage|p1a: Electabuzz|8/100
|-unboost|p1a: Electabuzz|spa|1
|
|-weather|SunnyDay|[upkeep]
|-sideend|p2: Maxblueface|move: Tailwind
|upkeep
|turn|5
|
|t:|1756340333
|move|p1b: Kingambit|Sucker Punch|p2b: Whimsicott
|-resisted|p2b: Whimsicott
|-enditem|p2b: Whimsicott|Focus Sash
|-damage|p2b: Whimsicott|1/100
|move|p2b: Whimsicott|Moonblast|p1b: Kingambit
|-supereffective|p1b: Kingambit
|-damage|p1b: Kingambit|0 fnt
|faint|p1b: Kingambit
|move|p1a: Electabuzz|Volt Switch|p2b: Whimsicott
|-resisted|p2b: Whimsicott
|-damage|p2b: Whimsicott|0 fnt
|faint|p2b: Whimsicott
|
|win|Zacharykeith
