|j|☆norganic_snsrr
|j|☆Catzuki
|html|norganic_snsrrCatzuki    
|uhtml|bestof|Game 2 of a best-of-3
|t:|1785896575
|gametype|doubles
|player|p1|norganic_snsrr|pokefan|1100
|player|p2|Catzuki|101|1102
|gen|9
|tier|[Gen 9 Champions] VGC 2026 Reg M-B (Bo3)
|rated|
|rule|Species Clause: Limit one of each Pokémon
|rule|Item Clause: Limit 1 of each item
|clearpoke
|poke|p1|Annihilape, L50, M|
|poke|p1|Whimsicott, L50, M, shiny|
|poke|p1|Milotic, L50, M|
|poke|p1|Primarina, L50, F|
|poke|p1|Kingambit, L50, M|
|poke|p1|Mawile, L50, M|
|poke|p2|Grimmsnarl, L50, M|
|poke|p2|Hydreigon, L50, F|
|poke|p2|Toxapex, L50, F|
|poke|p2|Incineroar, L50, M|
|poke|p2|Charizard, L50, M|
|poke|p2|Venusaur, L50, F|
|teampreview|4
|showteam|p1|Annihilape||Leftovers|Defiant|RageFist,BulkUp,DrainPunch,Protect|Careful||M|||50|]Whimsicott||FocusSash|Prankster|BeatUp,Tailwind,Moonblast,Encore|Timid||M|||50|]Milotic||SitrusBerry|Competitive|Scald,IceBeam,Recover,Protect|Serious||M|||50|]Primarina||WiseGlasses|LiquidVoice|HyperVoice,Moonblast,PsychicNoise,Protect|Modest||F|||50|]Kingambit||ChopleBerry|Defiant|KowtowCleave,SuckerPunch,IronHead,Protect|Adamant||M|||50|]Mawile||Mawilite|Intimidate|PlayRough,IronHead,SuckerPunch,Protect|Adamant||M|||50|
|showteam|p2|Grimmsnarl||RoseliBerry|Prankster|PowerSwap,PartingShot,FakeOut,ScaryFace|Calm||M|||50|]Hydreigon||LifeOrb|Levitate|Protect,DracoMeteor,DarkPulse,FlashCannon|Modest||F|||50|]Toxapex||Leftovers|Regenerator|Infestation,Toxic,WideGuard,BanefulBunker|Bold||F|||50|]Incineroar||SitrusBerry|Intimidate|FlareBlitz,ThroatChop,FakeOut,PartingShot|Impish||M|||50|]Charizard||CharizarditeY|Blaze|HeatWave,Overheat,Hurricane,Protect|Modest||M|||50|]Venusaur||FocusSash|Chlorophyll|LeafStorm,SludgeBomb,EarthPower,Protect|Modest||F|||50|
|
|t:|1785896588
|teamsize|p1|4
|teamsize|p2|4
|start
|switch|p1a: Annihilape|Annihilape, L50, M|100/100
|switch|p1b: Whimsicott|Whimsicott, L50, M, shiny|100/100
|switch|p2a: Charizard|Charizard, L50, M|100/100
|switch|p2b: Venusaur|Venusaur, L50, F|100/100
|turn|1
|
|t:|1785896620
|detailschange|p2a: Charizard|Charizard-Mega-Y, L50, M
|-mega|p2a: Charizard|Charizard|Charizardite Y
|-weather|SunnyDay|[from] ability: Drought|[of] p2a: Charizard
|move|p1a: Annihilape|Protect|p1a: Annihilape
|-singleturn|p1a: Annihilape|Protect
|move|p1b: Whimsicott|Tailwind|p1b: Whimsicott
|-sidestart|p1: norganic_snsrr|move: Tailwind
|move|p2b: Venusaur|Leaf Storm|p1a: Annihilape
|-activate|p1a: Annihilape|move: Protect
|move|p2a: Charizard|Heat Wave|p1b: Whimsicott|[spread] p1b
|-activate|p1a: Annihilape|move: Protect
|-supereffective|p1b: Whimsicott|1
|-enditem|p1b: Whimsicott|Focus Sash
|-damage|p1b: Whimsicott|1/100
|
|-weather|SunnyDay|[upkeep]
|upkeep
|turn|2
|
|t:|1785896643
|move|p1b: Whimsicott|Beat Up|p1a: Annihilape
|-damage|p1a: Annihilape|97/100
|-damage|p1a: Annihilape|95/100
|-damage|p1a: Annihilape|94/100
|-damage|p1a: Annihilape|91/100
|-hitcount|p1a: Annihilape|4
|move|p2b: Venusaur|Leaf Storm|p1a: Annihilape
|-damage|p1a: Annihilape|47/100
|-unboost|p2b: Venusaur|spa|2
|move|p1a: Annihilape|Rage Fist|p2b: Venusaur
|-enditem|p2b: Venusaur|Focus Sash
|-damage|p2b: Venusaur|1/100
|move|p2a: Charizard|Heat Wave|p1a: Annihilape|[spread] p1a,p1b
|-supereffective|p1b: Whimsicott|1
|-damage|p1a: Annihilape|5/100
|-damage|p1b: Whimsicott|0 fnt
|faint|p1b: Whimsicott
|
|-weather|SunnyDay|[upkeep]
|-heal|p1a: Annihilape|11/100|[from] item: Leftovers
|upkeep
|
|t:|1785896662
|switch|p1b: Kingambit|Kingambit, L50, M|100/100
|turn|3
|
|t:|1785896678
|move|p1b: Kingambit|Sucker Punch|p2b: Venusaur
|-damage|p2b: Venusaur|0 fnt
|faint|p2b: Venusaur
|move|p1a: Annihilape|Rage Fist|p2a: Charizard
|-damage|p2a: Charizard|0 fnt
|faint|p2a: Charizard
|
|-weather|SunnyDay|[upkeep]
|-heal|p1a: Annihilape|17/100|[from] item: Leftovers
|upkeep
|
|t:|1785896689
|switch|p2b: Hydreigon|Hydreigon, L50, F|100/100
|switch|p2a: Grimmsnarl|Grimmsnarl, L50, M|100/100
|turn|4
|
|t:|1785896716
|move|p2a: Grimmsnarl|Scary Face|p1a: Annihilape
|-unboost|p1a: Annihilape|spe|2
|-ability|p1a: Annihilape|Defiant|boost
|-boost|p1a: Annihilape|atk|2
|move|p2b: Hydreigon|Dark Pulse|p1a: Annihilape
|-damage|p1a: Annihilape|0 fnt
|faint|p1a: Annihilape
|-damage|p2b: Hydreigon|90/100|[from] item: Life Orb
|move|p1b: Kingambit|Iron Head|p2a: Grimmsnarl
|-supereffective|p2a: Grimmsnarl|1
|-damage|p2a: Grimmsnarl|6/100
|
|-weather|SunnyDay|[upkeep]
|-sideend|p1: norganic_snsrr|move: Tailwind
|upkeep
|
|t:|1785896728
|switch|p1a: Milotic|Milotic, L50, M|100/100
|turn|5
|
|t:|1785896763
|move|p2a: Grimmsnarl|Power Swap|p1b: Kingambit
|-hint|Since gen 7, Dark is immune to Prankster moves.
|-immune|p1b: Kingambit
|move|p2b: Hydreigon|Draco Meteor|p1b: Kingambit
|-resisted|p1b: Kingambit|1
|-damage|p1b: Kingambit|51/100
|-unboost|p2b: Hydreigon|spa|2
|-damage|p2b: Hydreigon|81/100|[from] item: Life Orb
|move|p1a: Milotic|Ice Beam|p2b: Hydreigon
|-supereffective|p2b: Hydreigon|1
|-damage|p2b: Hydreigon|27/100
|move|p1b: Kingambit|Iron Head|p2a: Grimmsnarl
|-supereffective|p2a: Grimmsnarl|1
|-damage|p2a: Grimmsnarl|0 fnt
|faint|p2a: Grimmsnarl
|
|-weather|none
|upkeep
|turn|6
|-message|Catzuki forfeited.
|
|win|norganic_snsrr
|raw|norganic_snsrr's rating: 1100 → 1125(+25 for winning)
|raw|Catzuki's rating: 1102 → 1077(-25 for losing)
