|j|☆TCM Zaukepoo
|j|☆milkandcereals
|html|TCM Zaukepoomilkandcereals    
|uhtml|bestof|Game 2 of a best-of-3
|t:|1756559413
|gametype|doubles
|player|p1|TCM Zaukepoo|169|1060
|player|p2|milkandcereals|blue|1092
|gen|9
|tier|[Gen 9] VGC 2025 Reg H (Bo3)
|rated|
|rule|Species Clause: Limit one of each Pokémon
|rule|Item Clause: Limit 1 of each item
|clearpoke
|poke|p1|Pelipper, L50, M|
|poke|p1|Basculegion, L50, M|
|poke|p1|Ursaluna, L50, F|
|poke|p1|Indeedee, L50, M|
|poke|p1|Sneasler, L50, M|
|poke|p1|Gholdengo, L50|
|poke|p2|Porygon2, L50|
|poke|p2|Rillaboom, L50, M|
|poke|p2|Ursaluna, L50, F|
|poke|p2|Jumpluff, L50, F|
|poke|p2|Charizard, L50, M|
|poke|p2|Torkoal, L50, F|
|teampreview|4
|showteam|p1|Pelipper||FocusSash|Drizzle|Hurricane,Tailwind,WeatherBall,Protect|||M|||50|,,,,,Water]Basculegion||MysticWater|SwiftSwim|LastRespects,Protect,WaveCrash,AquaJet|||M|||50|,,,,,Water]Ursaluna||FlameOrb|Guts|HeadlongRush,Facade,Earthquake,Protect|||F|||50|,,,,,Ghost]Indeedee||ChoiceScarf|PsychicSurge|Trick,ExpandingForce,DazzlingGleam,TeraBlast|||M|||50|,,,,,Psychic]Sneasler||PsychicSeed|Unburden|Protect,DireClaw,ThroatChop,CloseCombat|||M|||50|,,,,,Dark]Gholdengo||LifeOrb|GoodasGold|NastyPlot,ShadowBall,MakeItRain,Protect||||||50|,,,,,Water
|showteam|p2|Porygon2||Eviolite|Download|TeraBlast,IceBeam,TrickRoom,Recover||||||50|,,,,,Fighting]Rillaboom||AssaultVest|GrassySurge|FakeOut,GrassyGlide,WoodHammer,HighHorsepower|||M|||50|,,,,,Water]Ursaluna||FlameOrb|Guts|Protect,Facade,Earthquake,HeadlongRush|||F|||50|,,,,,Ghost]Jumpluff||CovertCloak|Chlorophyll|SleepPowder,SunnyDay,Tailwind,RagePowder|||F|||50|,,,,,Fire]Charizard||ChoiceSpecs|SolarPower|HeatWave,Overheat,WeatherBall,DragonPulse|||M|||50|,,,,,Ghost]Torkoal||EjectPack|Drought|Overheat,Eruption,HelpingHand,Protect|||F|||50|,,,,,Fire
|inactive|Battle timer is ON: inactive players will automatically lose when time's up. (requested by TCM Zaukepoo)
|inactive|milkandcereals has 60 seconds left.
|inactive|TCM Zaukepoo has 60 seconds left.
|
|t:|1756559449
|teamsize|p1|4
|teamsize|p2|4
|start
|switch|p1a: Pelipper|Pelipper, L50, M|100/100
|switch|p1b: Gholdengo|Gholdengo, L50|100/100
|switch|p2a: Jumpluff|Jumpluff, L50, F|100/100
|switch|p2b: Torkoal|Torkoal, L50, F|100/100
|-weather|RainDance|[from] ability: Drizzle|[of] p1a: Pelipper
|-weather|SunnyDay|[from] ability: Drought|[of] p2b: Torkoal
|turn|1
|inactive|milkandcereals has 30 seconds left.
|
|t:|1756559476
|switch|p1a: Basculegion|Basculegion, L50, M|100/100
|-terastallize|p1b: Gholdengo|Water
|move|p2a: Jumpluff|Sleep Powder|p1a: Basculegion|[miss]
|-miss|p2a: Jumpluff|p1a: Basculegion
|move|p1b: Gholdengo|Make It Rain|p2a: Jumpluff|[spread] p2a,p2b
|-resisted|p2b: Torkoal
|-damage|p2a: Jumpluff|29/100
|-damage|p2b: Torkoal|58/100
|-unboost|p1b: Gholdengo|spa|1
|-damage|p1b: Gholdengo|91/100|[from] item: Life Orb
|move|p2b: Torkoal|Overheat|p1b: Gholdengo
|-resisted|p1b: Gholdengo
|-damage|p1b: Gholdengo|42/100
|-unboost|p2b: Torkoal|spa|2
|-enditem|p2b: Torkoal|Eject Pack
|inactive|milkandcereals has 30 seconds left.
|
|t:|1756559504
|switch|p2b: Ursaluna|Ursaluna, L50, F|100/100
|
|-weather|SunnyDay|[upkeep]
|-status|p2b: Ursaluna|brn|[from] item: Flame Orb
|upkeep
|turn|2
|
|t:|1756559525
|switch|p1b: Pelipper|Pelipper, L50, M|100/100
|-weather|RainDance|[from] ability: Drizzle|[of] p1b: Pelipper
|-terastallize|p2b: Ursaluna|Ghost
|move|p1a: Basculegion|Wave Crash|p2a: Jumpluff
|-resisted|p2a: Jumpluff
|-damage|p2a: Jumpluff|0 fnt
|faint|p2a: Jumpluff
|-damage|p1a: Basculegion|92/100|[from] Recoil
|move|p2b: Ursaluna|Headlong Rush|p1a: Basculegion
|-damage|p1a: Basculegion|0 fnt
|-unboost|p2b: Ursaluna|def|1
|-unboost|p2b: Ursaluna|spd|1
|faint|p1a: Basculegion
|
|-weather|RainDance|[upkeep]
|-damage|p2b: Ursaluna|94/100 brn|[from] brn
|upkeep
|
|t:|1756559545
|switch|p2a: Torkoal|Torkoal, L50, F|58/100
|switch|p1a: Gholdengo|Gholdengo, L50, tera:Water|42/100
|-weather|SunnyDay|[from] ability: Drought|[of] p2a: Torkoal
|turn|3
|
|t:|1756559571
|switch|p1b: Ursaluna|Ursaluna, L50, F|100/100
|switch|p2a: Rillaboom|Rillaboom, L50, M|100/100
|-fieldstart|move: Grassy Terrain|[from] ability: Grassy Surge|[of] p2a: Rillaboom
|move|p2b: Ursaluna|Protect|p2b: Ursaluna
|-singleturn|p2b: Ursaluna|Protect
|move|p1a: Gholdengo|Shadow Ball|p2b: Ursaluna
|-activate|p2b: Ursaluna|move: Protect
|
|-weather|SunnyDay|[upkeep]
|-heal|p1a: Gholdengo|48/100|[from] Grassy Terrain
|-heal|p2b: Ursaluna|100/100 brn|[from] Grassy Terrain
|-damage|p2b: Ursaluna|94/100 brn|[from] brn
|-status|p1b: Ursaluna|brn|[from] item: Flame Orb
|upkeep
|turn|4
|inactive|milkandcereals has 30 seconds left.
|inactive|milkandcereals has 20 seconds left.
|inactive|milkandcereals has 15 seconds left.
|inactive|milkandcereals has 10 seconds left.
|
|t:|1756559620
|move|p2a: Rillaboom|Grassy Glide|p1a: Gholdengo
|-supereffective|p1a: Gholdengo
|-damage|p1a: Gholdengo|0 fnt
|faint|p1a: Gholdengo
|move|p2b: Ursaluna|Facade|p1b: Ursaluna
|-damage|p1b: Ursaluna|12/100 brn
|move|p1b: Ursaluna|Headlong Rush|p2b: Ursaluna
|-damage|p2b: Ursaluna|0 fnt
|-unboost|p1b: Ursaluna|def|1
|-unboost|p1b: Ursaluna|spd|1
|faint|p2b: Ursaluna
|
|-weather|SunnyDay|[upkeep]
|-heal|p1b: Ursaluna|18/100 brn|[from] Grassy Terrain
|-damage|p1b: Ursaluna|12/100 brn|[from] brn
|upkeep
|
|t:|1756559629
|switch|p1a: Pelipper|Pelipper, L50, M|100/100
|switch|p2b: Torkoal|Torkoal, L50, F|58/100
|-weather|RainDance|[from] ability: Drizzle|[of] p1a: Pelipper
|-weather|SunnyDay|[from] ability: Drought|[of] p2b: Torkoal
|turn|5
|inactive|milkandcereals has 30 seconds left.
|inactive|milkandcereals has 20 seconds left.
|inactive|milkandcereals has 15 seconds left.
|inactive|milkandcereals has 10 seconds left.
|
|t:|1756559679
|move|p1a: Pelipper|Protect|p1a: Pelipper
|-singleturn|p1a: Pelipper|Protect
|move|p2a: Rillaboom|Grassy Glide|p1b: Ursaluna
|-supereffective|p1b: Ursaluna
|-damage|p1b: Ursaluna|0 fnt
|faint|p1b: Ursaluna
|move|p2b: Torkoal|Eruption|p1a: Pelipper
|-activate|p1a: Pelipper|move: Protect
|
|-weather|SunnyDay|[upkeep]
|-heal|p2b: Torkoal|64/100|[from] Grassy Terrain
|upkeep
|turn|6
|l|☆TCM Zaukepoo
|inactive|TCM Zaukepoo disconnected and has a minute to reconnect!
|player|p1|
|j|☆TCM Zaukepoo
|inactive|TCM Zaukepoo reconnected.
|player|p1|TCM Zaukepoo|169|
|-message|TCM Zaukepoo forfeited.
|
|win|milkandcereals
|raw|TCM Zaukepoo's rating: 1060 → 1043(-17 for losing)
|raw|milkandcereals's rating: 1092 → 1116(+24 for winning)
|l|☆TCM Zaukepoo
|player|p1|
|c|☆milkandcereals|ggs
