|j|☆FreezyPop439
|j|☆beeetch
|html|FreezyPop439beeetch    
|uhtml|bestof|Game 2 of a best-of-3
|t:|1783087004
|gametype|doubles
|player|p1|FreezyPop439|collector|1279
|player|p2|beeetch|piers-masters|1214
|gen|9
|tier|[Gen 9 Champions] VGC 2026 Reg M-B (Bo3)
|rated|
|rule|Species Clause: Limit one of each Pokémon
|rule|Item Clause: Limit 1 of each item
|clearpoke
|poke|p1|Raichu, L50, F|
|poke|p1|Gyarados, L50, F|
|poke|p1|Mamoswine, L50, M|
|poke|p1|Ceruledge, L50, F|
|poke|p1|Clefable, L50, F|
|poke|p1|Kingambit, L50, F|
|poke|p2|Milotic, L50, M|
|poke|p2|Volcarona, L50, F|
|poke|p2|Hydreigon, L50, M|
|poke|p2|Sylveon, L50, F|
|poke|p2|Sneasler, L50, F|
|poke|p2|Aerodactyl, L50, F|
|teampreview|4
|showteam|p1|Raichu||RaichuniteY|Static|ZapCannon,FocusBlast,FakeOut,Protect|Timid||F|||50|]Gyarados||Gyaradosite|Intimidate|Waterfall,PowerWhip,DragonDance,Protect|Adamant||F|||50|]Mamoswine||LifeOrb|Oblivious|HighHorsepower,IceShard,IcicleCrash,Protect|Jolly||M|||50|]Ceruledge||ColburBerry|FlashFire|BitterBlade,ShadowSneak,BulkUp,Protect|Adamant||F|||50|]Clefable||SitrusBerry|Unaware|Moonblast,FollowMe,HelpingHand,Protect|Bold||F|||50|]Kingambit||FocusSash|Defiant|IronHead,KowtowCleave,SuckerPunch,LowKick|Adamant||F|||50|
|showteam|p2|Milotic||Leftovers|Competitive|MuddyWater,Coil,Hypnosis,Protect|Bold||M|||50|]Volcarona||SitrusBerry|FlameBody|RagePowder,GigaDrain,HeatWave,Protect|Modest||F|||50|]Hydreigon||ChoiceScarf|Levitate|DracoMeteor,Snarl,DarkPulse,EarthPower|Modest||M|||50|]Sylveon||FairyFeather|Pixilate|HyperBeam,HyperVoice,QuickAttack,Protect|Modest||F|||50|]Sneasler||WhiteHerb|Unburden|Protect,DireClaw,CloseCombat,FakeOut|Adamant||F|||50|]Aerodactyl||Aerodactylite|Unnerve|Protect,RockSlide,DualWingbeat,Tailwind|Jolly||F|||50|
|inactive|Battle timer is ON: inactive players will automatically lose when time's up. (requested by beeetch)
|
|t:|1783087069
|teamsize|p1|4
|teamsize|p2|4
|start
|switch|p1a: Kingambit|Kingambit, L50, F|100/100
|switch|p1b: Raichu|Raichu, L50, F|100/100
|switch|p2a: Sylveon|Sylveon, L50, F|100/100
|switch|p2b: Aerodactyl|Aerodactyl, L50, F|100/100
|-ability|p2b: Aerodactyl|Unnerve
|turn|1
|
|t:|1783087082
|move|p2b: Aerodactyl|Protect|p2b: Aerodactyl
|-singleturn|p2b: Aerodactyl|Protect
|move|p2a: Sylveon|Protect|p2a: Sylveon
|-singleturn|p2a: Sylveon|Protect
|move|p1b: Raichu|Fake Out|p2b: Aerodactyl
|-activate|p2b: Aerodactyl|move: Protect
|move|p1a: Kingambit|Iron Head|p2a: Sylveon
|-activate|p2a: Sylveon|move: Protect
|
|upkeep
|turn|2
|
|t:|1783087099
|switch|p1b: Gyarados|Gyarados, L50, F|100/100
|-ability|p1b: Gyarados|Intimidate|boost
|-unboost|p2a: Sylveon|atk|1
|-unboost|p2b: Aerodactyl|atk|1
|detailschange|p2b: Aerodactyl|Aerodactyl-Mega, L50, F
|-mega|p2b: Aerodactyl|Aerodactyl|Aerodactylite
|move|p2b: Aerodactyl|Tailwind|p2b: Aerodactyl
|-sidestart|p2: beeetch|move: Tailwind
|move|p2a: Sylveon|Hyper Beam|p1b: Gyarados
|-damage|p1b: Gyarados|0 fnt
|-mustrecharge|p2a: Sylveon
|faint|p1b: Gyarados
|move|p1a: Kingambit|Iron Head|p2a: Sylveon
|-supereffective|p2a: Sylveon|1
|-damage|p2a: Sylveon|0 fnt
|faint|p2a: Sylveon
|
|upkeep
|
|t:|1783087113
|switch|p1b: Clefable|Clefable, L50, F|100/100
|switch|p2a: Hydreigon|Hydreigon, L50, M|100/100
|turn|3
|
|t:|1783087137
|switch|p2a: Milotic|Milotic, L50, M|100/100
|move|p1b: Clefable|Follow Me|p1b: Clefable
|-singleturn|p1b: Clefable|move: Follow Me
|move|p2b: Aerodactyl|Rock Slide|p1a: Kingambit|[spread] p1a,p1b
|-resisted|p1a: Kingambit|1
|-damage|p1a: Kingambit|93/100
|-damage|p1b: Clefable|78/100
|cant|p1a: Kingambit|flinch
|
|upkeep
|turn|4
|
|t:|1783087154
|move|p2b: Aerodactyl|Rock Slide|p1b: Clefable|[spread] p1a,p1b
|-resisted|p1a: Kingambit|1
|-damage|p1a: Kingambit|84/100
|-damage|p1b: Clefable|54/100
|move|p2a: Milotic|Coil|p2a: Milotic
|-boost|p2a: Milotic|atk|1
|-boost|p2a: Milotic|def|1
|-boost|p2a: Milotic|accuracy|1
|move|p1a: Kingambit|Iron Head|p2b: Aerodactyl
|-supereffective|p2b: Aerodactyl|1
|-damage|p2b: Aerodactyl|5/100
|move|p1b: Clefable|Moonblast|p2b: Aerodactyl
|-damage|p2b: Aerodactyl|0 fnt
|faint|p2b: Aerodactyl
|
|upkeep
|
|t:|1783087167
|switch|p2b: Hydreigon|Hydreigon, L50, M|100/100
|turn|5
|
|t:|1783087175
|move|p2b: Hydreigon|Earth Power|p1a: Kingambit
|-supereffective|p1a: Kingambit|1
|-damage|p1a: Kingambit|13/100
|move|p2a: Milotic|Hypnosis|p1b: Clefable|[miss]
|-miss|p2a: Milotic|p1b: Clefable
|move|p1a: Kingambit|Low Kick|p2b: Hydreigon
|-supereffective|p2b: Hydreigon|1
|-damage|p2b: Hydreigon|13/100
|move|p1b: Clefable|Moonblast|p2b: Hydreigon
|-supereffective|p2b: Hydreigon|2
|-damage|p2b: Hydreigon|0 fnt
|faint|p2b: Hydreigon
|
|-sideend|p2: beeetch|move: Tailwind
|upkeep
|turn|6
|
|t:|1783087188
|move|p2a: Milotic|Muddy Water|p1a: Kingambit|[spread] p1a,p1b
|-damage|p1a: Kingambit|0 fnt
|-damage|p1b: Clefable|35/100
|-unboost|p1b: Clefable|accuracy|1
|-enditem|p1b: Clefable|Sitrus Berry|[eat]
|-heal|p1b: Clefable|60/100|[from] item: Sitrus Berry
|faint|p1a: Kingambit
|move|p1b: Clefable|Moonblast|p2a: Milotic
|-damage|p2a: Milotic|77/100
|
|-heal|p2a: Milotic|83/100|[from] item: Leftovers
|upkeep
|
|t:|1783087191
|switch|p1a: Raichu|Raichu, L50, F|100/100
|turn|7
|
|t:|1783087203
|detailschange|p1a: Raichu|Raichu-Mega-Y, L50, F
|-mega|p1a: Raichu|Raichu|Raichunite Y
|move|p1b: Clefable|Helping Hand|p1a: Raichu
|-singleturn|p1a: Raichu|Helping Hand|[of] p1b: Clefable
|move|p2a: Milotic|Protect|p2a: Milotic
|-singleturn|p2a: Milotic|Protect
|move|p1a: Raichu|Zap Cannon|p2a: Milotic
|-activate|p2a: Milotic|move: Protect
|
|-heal|p2a: Milotic|89/100|[from] item: Leftovers
|upkeep
|turn|8
|
|t:|1783087219
|move|p1b: Clefable|Helping Hand|p1a: Raichu
|-singleturn|p1a: Raichu|Helping Hand|[of] p1b: Clefable
|move|p1a: Raichu|Zap Cannon|p2a: Milotic
|-supereffective|p2a: Milotic|1
|-damage|p2a: Milotic|0 fnt
|faint|p2a: Milotic
|
|win|FreezyPop439
