|j|☆leejit
|j|☆Alysonz
|html|leejitAlysonz    
|uhtml|bestof|Game 2 of a best-of-3
|t:|1784772491
|gametype|doubles
|player|p1|leejit|170|1172
|player|p2|Alysonz|steven|1094
|gen|9
|tier|[Gen 9 Champions] VGC 2026 Reg M-B (Bo3)
|rated|
|rule|Species Clause: Limit one of each Pokémon
|rule|Item Clause: Limit 1 of each item
|clearpoke
|poke|p1|Raichu, L50, M|
|poke|p1|Charizard, L50, F|
|poke|p1|Incineroar, L50, M|
|poke|p1|Farigiraf, L50, M|
|poke|p1|Sylveon, L50, M|
|poke|p1|Kingambit, L50, M|
|poke|p2|Gardevoir, L50, F, shiny|
|poke|p2|Garchomp, L50, F|
|poke|p2|Whimsicott, L50, M|
|poke|p2|Gholdengo, L50|
|poke|p2|Farigiraf, L50, M|
|poke|p2|Tyranitar, L50, M|
|teampreview|4
|showteam|p1|Raichu||RaichuniteY|LightningRod|FakeOut,ZapCannon,FocusBlast,Protect|Timid||M|||50|]Charizard||CharizarditeY|Blaze|HeatWave,WeatherBall,SolarBeam,Protect|Modest||F|||50|]Incineroar||SitrusBerry|Intimidate|FakeOut,FlareBlitz,DarkestLariat,PartingShot|Impish||M|||50|]Farigiraf||ColburBerry|ArmorTail|Psychic,Thunderbolt,HelpingHand,TrickRoom|Modest||M|||50|]Sylveon||FairyFeather|Pixilate|HyperVoice,Moonblast,Detect,CalmMind|Modest||M|||50|]Kingambit||LifeOrb|Defiant|SuckerPunch,KowtowCleave,Protect,SwordsDance|Adamant||M|||50|
|showteam|p2|Gardevoir||Gardevoirite|Telepathy|HyperVoice,Psychic,VacuumWave,Protect|Modest||F|||50|]Garchomp||LifeOrb|RoughSkin|DragonTail,Earthquake,RockSlide,Protect|Adamant||F|||50|]Whimsicott||FocusSash|Prankster|EnergyBall,Encore,Tailwind,Protect|Timid||M|||50|]Gholdengo||Leftovers|GoodasGold|MakeItRain,NastyPlot,ShadowBall,Protect|Modest|||||50|]Farigiraf||SitrusBerry|ArmorTail|Psychic,Thunderbolt,Roar,Protect|Calm||M|||50|]Tyranitar||Tyranitarite|SandStream|KnockOff,RockSlide,Earthquake,Protect|Adamant||M|||50|
|inactive|Battle timer is ON: inactive players will automatically lose when time's up. (requested by Alysonz)
|inactive|leejit has 60 seconds left.
|
|t:|1784772531
|teamsize|p1|4
|teamsize|p2|4
|start
|switch|p1a: Farigiraf|Farigiraf, L50, M|100/100
|switch|p1b: Incineroar|Incineroar, L50, M|100/100
|switch|p2a: Whimsicott|Whimsicott, L50, M|100/100
|switch|p2b: Garchomp|Garchomp, L50, F|100/100
|-ability|p1b: Incineroar|Intimidate|boost
|-unboost|p2a: Whimsicott|atk|1
|-unboost|p2b: Garchomp|atk|1
|turn|1
|
|t:|1784772548
|switch|p2a: Farigiraf|Farigiraf, L50, M|100/100
|move|p1b: Incineroar|Fake Out||[still]
|cant|p2a: Farigiraf|ability: Armor Tail|Fake Out|[of] p1b: Incineroar
|move|p2b: Garchomp|Dragon Tail|p1a: Farigiraf|[miss]
|-miss|p2b: Garchomp|p1a: Farigiraf
|move|p1a: Farigiraf|Trick Room|p1a: Farigiraf
|-fieldstart|move: Trick Room|[of] p1a: Farigiraf
|
|upkeep
|turn|2
|inactive|leejit has 30 seconds left.
|inactive|leejit has 20 seconds left.
|inactive|leejit has 15 seconds left.
|
|t:|1784772589
|move|p1a: Farigiraf|Helping Hand|p1b: Incineroar
|-singleturn|p1b: Incineroar|Helping Hand|[of] p1a: Farigiraf
|move|p2a: Farigiraf|Protect|p2a: Farigiraf
|-singleturn|p2a: Farigiraf|Protect
|move|p1b: Incineroar|Darkest Lariat|p2a: Farigiraf
|-activate|p2a: Farigiraf|move: Protect
|move|p2b: Garchomp|Earthquake|p1a: Farigiraf|[spread] p1a,p1b
|-activate|p2a: Farigiraf|move: Protect
|-supereffective|p1b: Incineroar|1
|-damage|p1a: Farigiraf|66/100
|-damage|p1b: Incineroar|42/100
|-enditem|p1b: Incineroar|Sitrus Berry|[eat]
|-heal|p1b: Incineroar|66/100|[from] item: Sitrus Berry
|-damage|p2b: Garchomp|90/100|[from] item: Life Orb
|
|upkeep
|turn|3
|inactive|Alysonz has 30 seconds left.
|
|t:|1784772615
|switch|p2a: Tyranitar|Tyranitar, L50, M|100/100
|-weather|Sandstorm|[from] ability: Sand Stream|[of] p2a: Tyranitar
|move|p1a: Farigiraf|Helping Hand|p1b: Incineroar
|-singleturn|p1b: Incineroar|Helping Hand|[of] p1a: Farigiraf
|move|p2b: Garchomp|Protect|p2b: Garchomp
|-singleturn|p2b: Garchomp|Protect
|move|p1b: Incineroar|Flare Blitz|p2a: Tyranitar
|-resisted|p2a: Tyranitar|1
|-damage|p2a: Tyranitar|67/100
|-damage|p1b: Incineroar|57/100|[from] Recoil
|
|-weather|Sandstorm|[upkeep]
|-damage|p1b: Incineroar|51/100|[from] Sandstorm
|-damage|p1a: Farigiraf|60/100|[from] Sandstorm
|upkeep
|turn|4
|inactive|leejit has 30 seconds left.
|inactive|leejit has 20 seconds left.
|inactive|Alysonz has 30 seconds left.
|
|t:|1784772650
|switch|p1a: Sylveon|Sylveon, L50, M|100/100
|move|p1b: Incineroar|Parting Shot|p2b: Garchomp
|-unboost|p2b: Garchomp|atk|1
|-unboost|p2b: Garchomp|spa|1
|
|t:|1784772669
|switch|p1b: Kingambit|Kingambit, L50, M|100/100|[from] Parting Shot
|move|p2a: Tyranitar|Rock Slide|p1b: Kingambit|[spread] p1a,p1b
|-resisted|p1b: Kingambit|1
|-damage|p1a: Sylveon|71/100
|-damage|p1b: Kingambit|88/100
|move|p2b: Garchomp|Rock Slide|p1b: Kingambit|[spread] p1a,p1b
|-resisted|p1b: Kingambit|1
|-damage|p1a: Sylveon|58/100
|-damage|p1b: Kingambit|84/100
|-damage|p2b: Garchomp|80/100|[from] item: Life Orb
|
|-weather|Sandstorm|[upkeep]
|-damage|p1a: Sylveon|52/100|[from] Sandstorm
|upkeep
|turn|5
|inactive|leejit has 30 seconds left.
|inactive|Alysonz has 30 seconds left.
|
|t:|1784772703
|move|p2a: Tyranitar|Protect|p2a: Tyranitar
|-singleturn|p2a: Tyranitar|Protect
|move|p2b: Garchomp|Protect|p2b: Garchomp
|-singleturn|p2b: Garchomp|Protect
|move|p1b: Kingambit|Kowtow Cleave|p2b: Garchomp
|-activate|p2b: Garchomp|move: Protect
|move|p1a: Sylveon|Calm Mind|p1a: Sylveon
|-boost|p1a: Sylveon|spa|1
|-boost|p1a: Sylveon|spd|1
|
|-weather|Sandstorm|[upkeep]
|-damage|p1a: Sylveon|46/100|[from] Sandstorm
|-fieldend|move: Trick Room
|upkeep
|turn|6
|inactive|Alysonz has 30 seconds left.
|inactive|Alysonz has 20 seconds left.
|inactive|Alysonz has 15 seconds left.
|
|t:|1784772748
|switch|p2a: Farigiraf|Farigiraf, L50, M|100/100
|switch|p1b: Incineroar|Incineroar, L50, M|51/100
|-ability|p1b: Incineroar|Intimidate|boost
|-unboost|p2a: Farigiraf|atk|1
|-unboost|p2b: Garchomp|atk|1
|move|p1a: Sylveon|Detect|p1a: Sylveon
|-singleturn|p1a: Sylveon|Protect
|move|p2b: Garchomp|Earthquake|p1a: Sylveon|[spread] p2a,p1b
|-activate|p1a: Sylveon|move: Protect
|-supereffective|p1b: Incineroar|1
|-damage|p2a: Farigiraf|81/100
|-damage|p1b: Incineroar|19/100
|-damage|p2b: Garchomp|70/100|[from] item: Life Orb
|
|-weather|Sandstorm|[upkeep]
|-damage|p1a: Sylveon|39/100|[from] Sandstorm
|-damage|p2a: Farigiraf|75/100|[from] Sandstorm
|-damage|p1b: Incineroar|13/100|[from] Sandstorm
|upkeep
|turn|7
|inactive|leejit has 30 seconds left.
|
|t:|1784772781
|move|p2a: Farigiraf|Protect|p2a: Farigiraf
|-singleturn|p2a: Farigiraf|Protect
|move|p2b: Garchomp|Earthquake|p1a: Sylveon|[spread] p1a,p1b
|-activate|p2a: Farigiraf|move: Protect
|-supereffective|p1b: Incineroar|1
|-damage|p1a: Sylveon|17/100
|-damage|p1b: Incineroar|0 fnt
|faint|p1b: Incineroar
|-damage|p2b: Garchomp|61/100|[from] item: Life Orb
|move|p1a: Sylveon|Moonblast|p2b: Garchomp
|-supereffective|p2b: Garchomp|1
|-crit|p2b: Garchomp
|-damage|p2b: Garchomp|0 fnt
|faint|p2b: Garchomp
|
|-weather|none
|upkeep
|
|t:|1784772799
|switch|p2b: Tyranitar|Tyranitar, L50, M|67/100
|switch|p1b: Farigiraf|Farigiraf, L50, M|60/100
|-weather|Sandstorm|[from] ability: Sand Stream|[of] p2b: Tyranitar
|turn|8
|inactive|Alysonz has 30 seconds left.
|
|t:|1784772825
|move|p1a: Sylveon|Detect|p1a: Sylveon
|-singleturn|p1a: Sylveon|Protect
|move|p2b: Tyranitar|Rock Slide|p1b: Farigiraf|[spread] 
|-activate|p1a: Sylveon|move: Protect
|-miss|p2b: Tyranitar|p1b: Farigiraf
|move|p2a: Farigiraf|Roar|p1b: Farigiraf
|drag|p1b: Kingambit|Kingambit, L50, M|84/100
|
|-weather|Sandstorm|[upkeep]
|-damage|p1a: Sylveon|10/100|[from] Sandstorm
|-damage|p2a: Farigiraf|69/100|[from] Sandstorm
|upkeep
|turn|9
|inactive|leejit has 30 seconds left.
|
|t:|1784772854
|switch|p1a: Farigiraf|Farigiraf, L50, M|60/100
|detailschange|p2b: Tyranitar|Tyranitar-Mega, L50, M
|-mega|p2b: Tyranitar|Tyranitar|Tyranitarite
|move|p2a: Farigiraf|Protect|p2a: Farigiraf
|-singleturn|p2a: Farigiraf|Protect
|move|p2b: Tyranitar|Earthquake|p1b: Kingambit|[spread] p1a,p1b
|-activate|p2a: Farigiraf|move: Protect
|-supereffective|p1b: Kingambit|1
|-damage|p1a: Farigiraf|27/100
|-damage|p1b: Kingambit|32/100
|move|p1b: Kingambit|Swords Dance|p1b: Kingambit
|-boost|p1b: Kingambit|atk|2
|
|-weather|Sandstorm|[upkeep]
|-damage|p2a: Farigiraf|63/100|[from] Sandstorm
|-damage|p1a: Farigiraf|21/100|[from] Sandstorm
|upkeep
|turn|10
|inactive|leejit has 30 seconds left.
|inactive|leejit has 20 seconds left.
|
|t:|1784772894
|move|p1a: Farigiraf|Helping Hand|p1b: Kingambit
|-singleturn|p1b: Kingambit|Helping Hand|[of] p1a: Farigiraf
|move|p1b: Kingambit|Sucker Punch||[still]
|cant|p2a: Farigiraf|ability: Armor Tail|Sucker Punch|[of] p1b: Kingambit
|move|p2b: Tyranitar|Earthquake|p1a: Farigiraf|[spread] p2a,p1a,p1b
|-crit|p1a: Farigiraf
|-supereffective|p1b: Kingambit|1
|-damage|p2a: Farigiraf|32/100
|-damage|p1a: Farigiraf|0 fnt
|-damage|p1b: Kingambit|0 fnt
|-enditem|p2a: Farigiraf|Sitrus Berry|[eat]
|-heal|p2a: Farigiraf|57/100|[from] item: Sitrus Berry
|faint|p1a: Farigiraf
|faint|p1b: Kingambit
|move|p2a: Farigiraf|Thunderbolt|p1: Farigiraf|[notarget]
|-fail|p2a: Farigiraf
|
|-weather|Sandstorm|[upkeep]
|-damage|p2a: Farigiraf|51/100|[from] Sandstorm
|upkeep
|
|t:|1784772914
|switch|p1b: Sylveon|Sylveon, L50, M|10/100
|turn|11
|
|t:|1784772923
|move|p2b: Tyranitar|Earthquake|p1b: Sylveon|[spread] p2a,p1b
|-damage|p2a: Farigiraf|21/100
|-damage|p1b: Sylveon|0 fnt
|faint|p1b: Sylveon
|
|win|Alysonz
