|j|☆bathoven
|j|☆exhoul
|html|bathovenexhoul    
|uhtml|bestof|Game 1 of a best-of-3
|t:|1785711612
|gametype|doubles
|player|p1|bathoven|pokemaniac|1100
|player|p2|exhoul|clerk|1049
|gen|9
|tier|[Gen 9 Champions] VGC 2026 Reg M-B (Bo3)
|rated|
|rule|Species Clause: Limit one of each Pokémon
|rule|Item Clause: Limit 1 of each item
|clearpoke
|poke|p1|Floette-Eternal, L50, F|
|poke|p1|Incineroar, L50, M|
|poke|p1|Sinistcha, L50|
|poke|p1|Typhlosion, L50, F|
|poke|p1|Scizor, L50, M|
|poke|p1|Tsareena, L50, F|
|poke|p2|Charizard, L50, M|
|poke|p2|Whimsicott, L50, F|
|poke|p2|Garchomp, L50, F|
|poke|p2|Basculegion, L50, M|
|poke|p2|Incineroar, L50, M|
|poke|p2|Mamoswine, L50, M|
|teampreview|4
|showteam|p1|Floette-Eternal||Floettite|FlowerVeil|CalmMind,Protect,DrainingKiss,DazzlingGleam|Timid||F|||50|]Incineroar||SitrusBerry|Intimidate|Taunt,PartingShot,DarkestLariat,FakeOut|Adamant||M|||50|]Sinistcha||ColburBerry|Hospitality|Protect,MatchaGotcha,LifeDew,TrickRoom|Bold|||||50|]Typhlosion||ChoiceScarf|FlashFire|Eruption,HeatWave,ShadowBall,ScorchingSands|Modest||F|||50|]Scizor||Scizorite|LightMetal|Tailwind,Uturn,BulletPunch,DualWingbeat|Adamant||M|||50|]Tsareena||ExpertBelt|QueenlyMajesty|TripleAxel,Taunt,TropKick,LowKick|Adamant||F|||50|
|showteam|p2|Charizard||CharizarditeY|Blaze|WeatherBall,HeatWave,SolarBeam,Protect|Modest||M|||50|]Whimsicott||CobaBerry|Prankster|Tailwind,Encore,Moonblast,Protect|Timid||F|||50|]Garchomp||LifeOrb|RoughSkin|Earthquake,DragonClaw,RockTomb,Protect|Adamant||F|||50|]Basculegion||ChoiceScarf|Adaptability|WaveCrash,LastRespects,FlipTurn,AquaJet|Jolly||M|||50|]Incineroar||SitrusBerry|Intimidate|FakeOut,FlareBlitz,DarkestLariat,PartingShot|Impish||M|||50|]Mamoswine||FocusSash|Oblivious|Earthquake,IcicleCrash,IceShard,Protect|Adamant||M|||50|
|inactive|Battle timer is ON: inactive players will automatically lose when time's up. (requested by bathoven)
|c|☆bathoven|Gl hf
|j| CraveyMinerals
|inactive|bathoven has 60 seconds left.
|inactive|exhoul has 60 seconds left.
|inactive|exhoul has 30 seconds left.
|inactive|exhoul has 20 seconds left.
|inactive|exhoul has 15 seconds left.
|
|t:|1785711691
|teamsize|p1|4
|teamsize|p2|4
|start
|switch|p1a: Typhlosion|Typhlosion, L50, F|100/100
|switch|p1b: Tsareena|Tsareena, L50, F|100/100
|switch|p2a: Whimsicott|Whimsicott, L50, F|100/100
|switch|p2b: Mamoswine|Mamoswine, L50, M|100/100
|turn|1
|
|t:|1785711716
|switch|p1a: Incineroar|Incineroar, L50, M|100/100
|-ability|p1a: Incineroar|Intimidate|boost
|-unboost|p2a: Whimsicott|atk|1
|-fail|p2b: Mamoswine|unboost|Attack|[from] ability: Oblivious|[of] p2b: Mamoswine
|move|p2a: Whimsicott|Tailwind|p2a: Whimsicott
|-sidestart|p2: exhoul|move: Tailwind
|move|p2b: Mamoswine|Earthquake|p1a: Incineroar|[spread] p2a,p1a,p1b
|-resisted|p2a: Whimsicott|1
|-supereffective|p1a: Incineroar|1
|-resisted|p1b: Tsareena|1
|-damage|p2a: Whimsicott|69/100
|-damage|p1a: Incineroar|18/100
|-damage|p1b: Tsareena|77/100
|-enditem|p1a: Incineroar|Sitrus Berry|[eat]
|-heal|p1a: Incineroar|43/100|[from] item: Sitrus Berry
|move|p1b: Tsareena|Trop Kick|p2b: Mamoswine
|-supereffective|p2b: Mamoswine|1
|-enditem|p2b: Mamoswine|Focus Sash
|-damage|p2b: Mamoswine|1/100
|-unboost|p2b: Mamoswine|atk|1
|
|upkeep
|turn|2
|inactive|bathoven has 30 seconds left.
|inactive|exhoul has 30 seconds left.
|
|t:|1785711751
|switch|p2a: Basculegion|Basculegion, L50, M|100/100
|move|p2b: Mamoswine|Protect|p2b: Mamoswine
|-singleturn|p2b: Mamoswine|Protect
|move|p1a: Incineroar|Fake Out|p2b: Mamoswine
|-activate|p2b: Mamoswine|move: Protect
|move|p1b: Tsareena|Triple Axel|p2a: Basculegion
|-resisted|p2a: Basculegion|1
|-damage|p2a: Basculegion|96/100
|-resisted|p2a: Basculegion|1
|-damage|p2a: Basculegion|88/100
|-resisted|p2a: Basculegion|1
|-damage|p2a: Basculegion|77/100
|-hitcount|p2a: Basculegion|3
|
|upkeep
|turn|3
|inactive|bathoven has 30 seconds left.
|
|t:|1785711785
|move|p2a: Basculegion|Flip Turn|p1a: Incineroar
|-supereffective|p1a: Incineroar|1
|-damage|p1a: Incineroar|0 fnt
|faint|p1a: Incineroar
|
|t:|1785711789
|switch|p2a: Whimsicott|Whimsicott, L50, F|69/100|[from] Flip Turn
|move|p2b: Mamoswine|Icicle Crash|p1b: Tsareena
|-supereffective|p1b: Tsareena|1
|-damage|p1b: Tsareena|3/100
|move|p1b: Tsareena|Trop Kick|p2a: Whimsicott
|-resisted|p2a: Whimsicott|1
|-damage|p2a: Whimsicott|43/100
|-unboost|p2a: Whimsicott|atk|1
|
|upkeep
|
|t:|1785711807
|switch|p1a: Floette|Floette-Eternal, L50, F|100/100
|turn|4
|
|t:|1785711817
|detailschange|p1a: Floette|Floette-Mega, L50, F
|-mega|p1a: Floette|Floette|Floettite
|-ability|p1a: Floette|Fairy Aura
|move|p2a: Whimsicott|Protect|p2a: Whimsicott
|-singleturn|p2a: Whimsicott|Protect
|move|p2b: Mamoswine|Earthquake|p1a: Floette|[spread] p1a,p1b
|-activate|p2a: Whimsicott|move: Protect
|-resisted|p1b: Tsareena|1
|-damage|p1a: Floette|66/100
|-damage|p1b: Tsareena|0 fnt
|faint|p1b: Tsareena
|move|p1a: Floette|Calm Mind|p1a: Floette
|-boost|p1a: Floette|spa|1
|-boost|p1a: Floette|spd|1
|
|-sideend|p2: exhoul|move: Tailwind
|upkeep
|
|t:|1785711822
|switch|p1b: Typhlosion|Typhlosion, L50, F|100/100
|turn|5
|
|t:|1785711832
|move|p1a: Floette|Protect|p1a: Floette
|-singleturn|p1a: Floette|Protect
|move|p2a: Whimsicott|Tailwind|p2a: Whimsicott
|-sidestart|p2: exhoul|move: Tailwind
|move|p2b: Mamoswine|Earthquake|p1b: Typhlosion|[spread] p2a,p1b
|-activate|p1a: Floette|move: Protect
|-resisted|p2a: Whimsicott|1
|-supereffective|p1b: Typhlosion|1
|-damage|p2a: Whimsicott|23/100
|-damage|p1b: Typhlosion|14/100
|move|p1b: Typhlosion|Eruption|p2a: Whimsicott|[spread] p2a,p2b
|-supereffective|p2a: Whimsicott|1
|-supereffective|p2b: Mamoswine|1
|-damage|p2a: Whimsicott|0 fnt
|-damage|p2b: Mamoswine|0 fnt
|faint|p2a: Whimsicott
|faint|p2b: Mamoswine
|
|upkeep
|
|t:|1785711843
|switch|p2a: Garchomp|Garchomp, L50, F|100/100
|switch|p2b: Basculegion|Basculegion, L50, M|77/100
|turn|6
|
|t:|1785711851
|move|p2b: Basculegion|Last Respects|p1a: Floette
|-damage|p1a: Floette|0 fnt
|faint|p1a: Floette
|move|p2a: Garchomp|Earthquake|p1b: Typhlosion|[spread] p2b,p1b
|-supereffective|p1b: Typhlosion|1
|-damage|p2b: Basculegion|6/100
|-damage|p1b: Typhlosion|0 fnt
|faint|p1b: Typhlosion
|-damage|p2a: Garchomp|90/100|[from] item: Life Orb
|
|win|exhoul
