|j|鈽唕egalac3
|j|鈽咥zureTheTimeblind
|html|regalac3AzureTheTimeblind    
|uhtml|bestof|Game 1 of a best-of-3
|t:|1783053104
|gametype|doubles
|player|p1|regalac3|n|1148
|player|p2|AzureTheTimeblind|102|1209
|gen|9
|tier|[Gen 9 Champions] VGC 2026 Reg M-B (Bo3)
|rated|
|rule|Species Clause: Limit one of each Pok茅mon
|rule|Item Clause: Limit 1 of each item
|clearpoke
|poke|p1|Aerodactyl, L50, M|
|poke|p1|Pyroar, L50, M|
|poke|p1|Farigiraf, L50, M|
|poke|p1|Mamoswine, L50, M|
|poke|p1|Venusaur, L50, M|
|poke|p1|Torkoal, L50, M|
|poke|p2|Gyarados, L50, F|
|poke|p2|Gardevoir, L50, F|
|poke|p2|Blaziken, L50, F|
|poke|p2|Whimsicott, L50, M|
|poke|p2|Farigiraf, L50, F|
|poke|p2|Kingambit, L50, M|
|teampreview|4
|showteam|p1|Aerodactyl||Aerodactylite|Unnerve|RockSlide,DualWingbeat,IceFang,Tailwind|Jolly||M|||50|]Pyroar||Pyroarite|Unnerve|HeatWave,SolarBeam,Overheat,Protect|Timid||M|||50|]Farigiraf||SitrusBerry|ArmorTail|Psychic,Thunderbolt,HelpingHand,TrickRoom|Modest||M|||50|]Mamoswine||LifeOrb|Oblivious|IcicleCrash,HighHorsepower,IceShard,Protect|Adamant||M|||50|]Venusaur||FocusSash|Chlorophyll|LeafStorm,SludgeBomb,SleepPowder,Protect|Modest||M|||50|]Torkoal||Charcoal|Drought|Eruption,WeatherBall,HelpingHand,Protect|Quiet||M|||50|
|showteam|p2|Gyarados||Gyaradosite|Intimidate|Waterfall,LashOut,DragonDance,Protect|Adamant||F|||50|]Gardevoir||Gardevoirite|Synchronize|HyperVoice,Psychic,Thunderbolt,Protect|Modest||F|||50|]Blaziken||FocusSash|SpeedBoost|HeatWave,AuraSphere,Coaching,Protect|Modest||F|||50|]Whimsicott||FairyFeather|Prankster|Moonblast,EnergyBall,Tailwind,Protect|Timid||M|||50|]Farigiraf||SitrusBerry|ArmorTail|TwinBeam,Thunderbolt,RainDance,TrickRoom|Modest||F|||50|]Kingambit||LifeOrb|Defiant|KowtowCleave,SuckerPunch,IronHead,Protect|Adamant||M|||50|
|
|t:|1783053141
|teamsize|p1|4
|teamsize|p2|4
|start
|switch|p1a: Pyroar|Pyroar, L50, M|100/100
|switch|p1b: Torkoal|Torkoal, L50, M|100/100
|switch|p2a: Gyarados|Gyarados, L50, F|100/100
|switch|p2b: Whimsicott|Whimsicott, L50, M|100/100
|-ability|p1a: Pyroar|Unnerve
|-ability|p2a: Gyarados|Intimidate|boost
|-unboost|p1a: Pyroar|atk|1
|-unboost|p1b: Torkoal|atk|1
|-weather|SunnyDay|[from] ability: Drought|[of] p1b: Torkoal
|turn|1
|inactive|Battle timer is ON: inactive players will automatically lose when time's up. (requested by AzureTheTimeblind)
|inactive|AzureTheTimeblind has 60 seconds left.
|
|t:|1783053181
|detailschange|p1a: Pyroar|Pyroar-Mega, L50, M
|-mega|p1a: Pyroar|Pyroar|Pyroarite
|detailschange|p2a: Gyarados|Gyarados-Mega, L50, F
|-mega|p2a: Gyarados|Gyarados|Gyaradosite
|-ability|p2a: Gyarados|Mold Breaker
|move|p1b: Torkoal|Helping Hand|p1a: Pyroar
|-singleturn|p1a: Pyroar|Helping Hand|[of] p1b: Torkoal
|move|p2b: Whimsicott|Tailwind|p2b: Whimsicott
|-sidestart|p2: AzureTheTimeblind|move: Tailwind
|move|p2a: Gyarados|Waterfall|p1b: Torkoal
|-supereffective|p1b: Torkoal|1
|-damage|p1b: Torkoal|58/100
|move|p1a: Pyroar|Heat Wave|p2a: Gyarados|[spread] p2a,p2b
|-resisted|p2a: Gyarados|1
|-supereffective|p2b: Whimsicott|1
|-damage|p2a: Gyarados|59/100
|-damage|p2b: Whimsicott|0 fnt
|-status|p2a: Gyarados|brn
|faint|p2b: Whimsicott
|
|-weather|SunnyDay|[upkeep]
|-damage|p2a: Gyarados|53/100 brn|[from] brn
|upkeep
|
|t:|1783053202
|switch|p2b: Blaziken|Blaziken, L50, F|100/100
|turn|2
|
|t:|1783053215
|switch|p1a: Farigiraf|Farigiraf, L50, M|100/100
|move|p1b: Torkoal|Protect|p1b: Torkoal
|-singleturn|p1b: Torkoal|Protect
|move|p2b: Blaziken|Aura Sphere|p1a: Farigiraf
|-damage|p1a: Farigiraf|61/100
|move|p2a: Gyarados|Waterfall|p1a: Farigiraf
|-damage|p1a: Farigiraf|49/100
|-enditem|p1a: Farigiraf|Sitrus Berry|[eat]
|-heal|p1a: Farigiraf|74/100|[from] item: Sitrus Berry
|
|-weather|SunnyDay|[upkeep]
|-damage|p2a: Gyarados|48/100 brn|[from] brn
|-ability|p2b: Blaziken|Speed Boost|boost
|-boost|p2b: Blaziken|spe|1
|upkeep
|turn|3
|
|t:|1783053236
|switch|p1b: Venusaur|Venusaur, L50, M|100/100
|move|p2b: Blaziken|Aura Sphere|p1a: Farigiraf
|-damage|p1a: Farigiraf|35/100
|move|p2a: Gyarados|Lash Out|p1a: Farigiraf
|-supereffective|p1a: Farigiraf|1
|-damage|p1a: Farigiraf|0 fnt
|faint|p1a: Farigiraf
|
|-weather|SunnyDay|[upkeep]
|-damage|p2a: Gyarados|42/100 brn|[from] brn
|-ability|p2b: Blaziken|Speed Boost|boost
|-boost|p2b: Blaziken|spe|1
|upkeep
|
|t:|1783053253
|switch|p1a: Pyroar|Pyroar-Mega, L50, M|100/100
|turn|4
|
|t:|1783053262
|move|p1a: Pyroar|Protect|p1a: Pyroar
|-singleturn|p1a: Pyroar|Protect
|move|p2b: Blaziken|Heat Wave|p1a: Pyroar|[spread] p1b
|-activate|p1a: Pyroar|move: Protect
|-supereffective|p1b: Venusaur|1
|-enditem|p1b: Venusaur|Focus Sash
|-damage|p1b: Venusaur|1/100
|move|p1b: Venusaur|Sleep Powder|p2b: Blaziken
|-status|p2b: Blaziken|slp|[from] move: Sleep Powder
|move|p2a: Gyarados|Waterfall|p1a: Pyroar
|-activate|p1a: Pyroar|move: Protect
|
|-weather|SunnyDay|[upkeep]
|-damage|p2a: Gyarados|36/100 brn|[from] brn
|-sideend|p2: AzureTheTimeblind|move: Tailwind
|-ability|p2b: Blaziken|Speed Boost|boost
|-boost|p2b: Blaziken|spe|1
|upkeep
|turn|5
|
|t:|1783053282
|cant|p2b: Blaziken|slp
|move|p2a: Gyarados|Protect|p2a: Gyarados
|-singleturn|p2a: Gyarados|Protect
|move|p1b: Venusaur|Leaf Storm|p2a: Gyarados
|-activate|p2a: Gyarados|move: Protect
|move|p1a: Pyroar|Heat Wave|p2a: Gyarados|[spread] p2b
|-activate|p2a: Gyarados|move: Protect
|-resisted|p2b: Blaziken|1
|-damage|p2b: Blaziken|33/100 slp
|
|-weather|none
|-damage|p2a: Gyarados|30/100 brn|[from] brn
|-ability|p2b: Blaziken|Speed Boost|boost
|-boost|p2b: Blaziken|spe|1
|upkeep
|turn|6
|
|t:|1783053300
|switch|p1b: Torkoal|Torkoal, L50, M|58/100
|-weather|SunnyDay|[from] ability: Drought|[of] p1b: Torkoal
|cant|p2b: Blaziken|slp
|move|p1a: Pyroar|Heat Wave|p2a: Gyarados|[spread] p2a,p2b
|-resisted|p2a: Gyarados|1
|-resisted|p2b: Blaziken|1
|-damage|p2a: Gyarados|0 fnt
|-damage|p2b: Blaziken|0 fnt
|faint|p2a: Gyarados
|faint|p2b: Blaziken
|
|-weather|SunnyDay|[upkeep]
|upkeep
|
|t:|1783053312
|switch|p2b: Kingambit|Kingambit, L50, M|100/100
|turn|7
|-message|AzureTheTimeblind forfeited.
|
|win|regalac3
||AzureTheTimeblind is ready for game 2.
