|j|☆marcosdeltasena31
|j|☆TeyVgc
|html|marcosdeltasena31TeyVgc    
|uhtml|bestof|Game 1 of a best-of-3
|t:|1783219028
|gametype|doubles
|player|p1|marcosdeltasena31|hilbert|1414
|player|p2|TeyVgc|rood|1314
|gen|9
|tier|[Gen 9 Champions] VGC 2026 Reg M-B (Bo3)
|rated|
|rule|Species Clause: Limit one of each Pokémon
|rule|Item Clause: Limit 1 of each item
|clearpoke
|poke|p1|Charizard, L50, F, shiny|
|poke|p1|Floette-Eternal, L50, F|
|poke|p1|Whimsicott, L50, F|
|poke|p1|Garchomp, L50, M|
|poke|p1|Basculegion, L50, M|
|poke|p1|Kingambit, L50, F|
|poke|p2|Excadrill, L50, M|
|poke|p2|Tyranitar, L50, M|
|poke|p2|Staraptor, L50, F|
|poke|p2|Sinistcha, L50|
|poke|p2|Milotic, L50, F|
|poke|p2|Gholdengo, L50|
|teampreview|4
|showteam|p1|Charizard||CharizarditeY|Blaze|HeatWave,WeatherBall,SolarBeam,Protect|Modest||F|||50|]Floette-Eternal||Floettite|FlowerVeil|Moonblast,DazzlingGleam,LightofRuin,Protect|Modest||F|||50|]Whimsicott||FocusSash|Prankster|Moonblast,Tailwind,Encore,Protect|Timid||F|||50|]Garchomp||LifeOrb|RoughSkin|RockSlide,DragonClaw,Earthquake,Protect|Jolly||M|||50|]Basculegion||MysticWater|Adaptability|WaveCrash,LastRespects,AquaJet,Protect|Adamant||M|||50|]Kingambit||ChopleBerry|Defiant|KowtowCleave,LowKick,SuckerPunch,Protect|Adamant||F|||50|
|showteam|p2|Excadrill||FocusSash|SandRush|Earthquake,IronHead,RockSlide,Protect|Adamant||M|||50|]Tyranitar||Tyranitarite|SandStream|RockSlide,KnockOff,DragonDance,Protect|Adamant||M|||50|]Staraptor||Staraptite|Intimidate|BraveBird,CloseCombat,Tailwind,Protect|Jolly||F|||50|]Sinistcha||SitrusBerry|Hospitality|MatchaGotcha,RagePowder,LifeDew,TrickRoom|Calm|||||50|]Milotic||Leftovers|Competitive|Scald,IceBeam,Recover,Protect|Modest||F|||50|]Gholdengo||LifeOrb|GoodasGold|MakeItRain,ShadowBall,NastyPlot,Protect|Modest|||||50|
|
|t:|1783219068
|teamsize|p1|4
|teamsize|p2|4
|start
|switch|p1a: Garchomp|Garchomp, L50, M|100/100
|switch|p1b: Whimsicott|Whimsicott, L50, F|100/100
|switch|p2a: Excadrill|Excadrill, L50, M|100/100
|switch|p2b: Tyranitar|Tyranitar, L50, M|100/100
|-weather|Sandstorm|[from] ability: Sand Stream|[of] p2b: Tyranitar
|turn|1
|
|t:|1783219086
|switch|p2b: Staraptor|Staraptor, L50, F|100/100
|-ability|p2b: Staraptor|Intimidate|boost
|-unboost|p1a: Garchomp|atk|1
|-unboost|p1b: Whimsicott|atk|1
|move|p1b: Whimsicott|Tailwind|p1b: Whimsicott
|-sidestart|p1: marcosdeltasena31|move: Tailwind
|move|p1a: Garchomp|Earthquake|p2b: Staraptor|[spread] p1b,p2a
|-immune|p2b: Staraptor
|-resisted|p1b: Whimsicott|1
|-crit|p1b: Whimsicott
|-supereffective|p2a: Excadrill|1
|-crit|p2a: Excadrill
|-damage|p1b: Whimsicott|40/100
|-enditem|p2a: Excadrill|Focus Sash
|-damage|p2a: Excadrill|1/100
|-damage|p1a: Garchomp|90/100|[from] item: Life Orb
|move|p2a: Excadrill|Iron Head|p1b: Whimsicott
|-supereffective|p1b: Whimsicott|1
|-crit|p1b: Whimsicott
|-damage|p1b: Whimsicott|0 fnt
|faint|p1b: Whimsicott
|
|-weather|Sandstorm|[upkeep]
|-damage|p2b: Staraptor|93/100|[from] Sandstorm
|upkeep
|
|t:|1783219091
|switch|p1b: Floette|Floette-Eternal, L50, F|100/100
|turn|2
|
|t:|1783219107
|detailschange|p1b: Floette|Floette-Mega, L50, F
|-mega|p1b: Floette|Floette|Floettite
|-ability|p1b: Floette|Fairy Aura
|move|p2a: Excadrill|Protect|p2a: Excadrill
|-singleturn|p2a: Excadrill|Protect
|move|p1a: Garchomp|Rock Slide|p2b: Staraptor|[spread] p2b
|-activate|p2a: Excadrill|move: Protect
|-supereffective|p2b: Staraptor|1
|-damage|p2b: Staraptor|54/100
|-damage|p1a: Garchomp|80/100|[from] item: Life Orb
|move|p1b: Floette|Moonblast|p2b: Staraptor
|-damage|p2b: Staraptor|0 fnt
|faint|p2b: Staraptor
|
|-weather|Sandstorm|[upkeep]
|-damage|p1b: Floette|94/100|[from] Sandstorm
|upkeep
|
|t:|1783219123
|switch|p2b: Milotic|Milotic, L50, F|100/100
|turn|3
|
|t:|1783219133
|switch|p2a: Tyranitar|Tyranitar, L50, M|100/100
|move|p1a: Garchomp|Rock Slide|p2b: Milotic|[spread] p2a,p2b
|-damage|p2a: Tyranitar|85/100
|-damage|p2b: Milotic|84/100
|-damage|p1a: Garchomp|70/100|[from] item: Life Orb
|move|p1b: Floette|Light of Ruin|p2b: Milotic
|-crit|p2b: Milotic
|-damage|p2b: Milotic|0 fnt
|faint|p2b: Milotic
|-damage|p1b: Floette|37/100|[from] Recoil
|
|-weather|Sandstorm|[upkeep]
|-damage|p1b: Floette|31/100|[from] Sandstorm
|upkeep
|
|t:|1783219147
|switch|p2b: Excadrill|Excadrill, L50, M|1/100
|turn|4
|
|t:|1783219154
|move|p2b: Excadrill|Protect|p2b: Excadrill
|-singleturn|p2b: Excadrill|Protect
|move|p2a: Tyranitar|Protect|p2a: Tyranitar
|-singleturn|p2a: Tyranitar|Protect
|move|p1a: Garchomp|Rock Slide|p2a: Tyranitar|[spread] 
|-activate|p2a: Tyranitar|move: Protect
|-activate|p2b: Excadrill|move: Protect
|move|p1b: Floette|Dazzling Gleam|p2b: Excadrill|[spread] 
|-activate|p2a: Tyranitar|move: Protect
|-activate|p2b: Excadrill|move: Protect
|
|-weather|Sandstorm|[upkeep]
|-damage|p1b: Floette|25/100|[from] Sandstorm
|-sideend|p1: marcosdeltasena31|move: Tailwind
|upkeep
|turn|5
|
|t:|1783219191
|move|p1b: Floette|Protect|p1b: Floette
|-singleturn|p1b: Floette|Protect
|move|p2b: Excadrill|Iron Head|p1a: Garchomp
|-damage|p1a: Garchomp|20/100r
|-damage|p2b: Excadrill|0 fnt|[from] ability: Rough Skin|[of] p1a: Garchomp
|faint|p2b: Excadrill
|move|p1a: Garchomp|Earthquake|p2a: Tyranitar|[spread] p2a
|-activate|p1b: Floette|move: Protect
|-supereffective|p2a: Tyranitar|1
|-damage|p2a: Tyranitar|33/100
|-damage|p1a: Garchomp|10/100|[from] item: Life Orb
|move|p2a: Tyranitar|Dragon Dance|p2a: Tyranitar
|-boost|p2a: Tyranitar|atk|1
|-boost|p2a: Tyranitar|spe|1
|
|-weather|none
|upkeep
|turn|6
|
|t:|1783219208
|detailschange|p2a: Tyranitar|Tyranitar-Mega, L50, M
|-mega|p2a: Tyranitar|Tyranitar|Tyranitarite
|-weather|Sandstorm|[from] ability: Sand Stream|[of] p2a: Tyranitar
|move|p1a: Garchomp|Dragon Claw|p2a: Tyranitar
|-damage|p2a: Tyranitar|10/100
|-damage|p1a: Garchomp|1/100|[from] item: Life Orb
|move|p1b: Floette|Dazzling Gleam|p2a: Tyranitar
|-supereffective|p2a: Tyranitar|1
|-damage|p2a: Tyranitar|0 fnt
|faint|p2a: Tyranitar
|
|win|marcosdeltasena31
