|j|☆itsmako psoe
|j|☆yunsen
|html|itsmako psoeyunsen    
|uhtml|bestof|Game 2 of a best-of-3
|t:|1782552235
|gametype|doubles
|player|p1|itsmako psoe|benga|1173
|player|p2|yunsen|n|1148
|gen|9
|tier|[Gen 9 Champions] VGC 2026 Reg M-B (Bo3)
|rated|
|rule|Species Clause: Limit one of each Pokémon
|rule|Item Clause: Limit 1 of each item
|clearpoke
|poke|p1|Basculegion, L50, M|
|poke|p1|Whimsicott, L50, M|
|poke|p1|Charizard, L50, F|
|poke|p1|Floette-Eternal, L50, F|
|poke|p1|Kingambit, L50, M|
|poke|p1|Garchomp, L50, F|
|poke|p2|Raichu, L50, M|
|poke|p2|Whimsicott, L50, F|
|poke|p2|Basculegion, L50, M|
|poke|p2|Garchomp, L50, F|
|poke|p2|Floette-Eternal, L50, F|
|poke|p2|Gholdengo, L50|
|teampreview|4
|showteam|p1|Basculegion||ChoiceScarf|Adaptability|LastRespects,PsychicFangs,WaveCrash,AquaJet|Adamant||M|||50|]Whimsicott||FocusSash|Prankster|Tailwind,Moonblast,Encore,Protect|Timid||M|||50|]Charizard||CharizarditeY|Blaze|HeatWave,SolarBeam,AirSlash,Protect|Modest||F|||50|]Floette-Eternal||Floettite|FlowerVeil|DazzlingGleam,DrainingKiss,LightofRuin,Protect|Modest||F|||50|]Kingambit||BlackGlasses|Defiant|SuckerPunch,KowtowCleave,Protect,SwordsDance|Adamant||M|||50|]Garchomp||LifeOrb|RoughSkin|Earthquake,RockSlide,Protect,DragonClaw|Jolly||F|||50|
|showteam|p2|Raichu||RaichuniteY|LightningRod|Protect,ZapCannon,FocusBlast,FakeOut|Modest||M|||50|]Whimsicott||FocusSash|Prankster|Protect,Moonblast,Tailwind,Encore|Timid||F|||50|]Basculegion||MysticWater|Adaptability|Protect,WaveCrash,LastRespects,AquaJet|Adamant||M|||50|]Garchomp||SitrusBerry|RoughSkin|RockSlide,StompingTantrum,DragonClaw,Protect|Jolly||F|||50|]Floette-Eternal||Floettite|FlowerVeil|Protect,Moonblast,DazzlingGleam,Psychic|Timid||F|||50|]Gholdengo||LifeOrb|GoodasGold|Protect,MakeItRain,NastyPlot,ShadowBall|Timid|||||50|
|inactive|Battle timer is ON: inactive players will automatically lose when time's up. (requested by yunsen)
|inactive|itsmako psoe also wants the timer to be on.
|inactive|itsmako psoe has 60 seconds left.
|
|t:|1782552272
|teamsize|p1|4
|teamsize|p2|4
|start
|switch|p1a: Whimsicott|Whimsicott, L50, M|100/100
|switch|p1b: Garchomp|Garchomp, L50, F|100/100
|switch|p2a: Raichu|Raichu, L50, M|100/100
|switch|p2b: Whimsicott|Whimsicott, L50, F|100/100
|turn|1
|inactive|yunsen has 30 seconds left.
|
|t:|1782552302
|detailschange|p2a: Raichu|Raichu-Mega-Y, L50, M
|-mega|p2a: Raichu|Raichu|Raichunite Y
|move|p2b: Whimsicott|Tailwind|p2b: Whimsicott
|-sidestart|p2: yunsen|move: Tailwind
|move|p1a: Whimsicott|Tailwind|p1a: Whimsicott
|-sidestart|p1: itsmako psoe|move: Tailwind
|move|p2a: Raichu|Focus Blast|p1b: Garchomp
|-damage|p1b: Garchomp|39/100
|move|p1b: Garchomp|Earthquake|p2b: Whimsicott|[spread] p1a,p2a,p2b
|-resisted|p1a: Whimsicott|1
|-supereffective|p2a: Raichu|1
|-resisted|p2b: Whimsicott|1
|-damage|p1a: Whimsicott|65/100
|-damage|p2a: Raichu|0 fnt
|-damage|p2b: Whimsicott|59/100
|faint|p2a: Raichu
|-damage|p1b: Garchomp|29/100|[from] item: Life Orb
|
|upkeep
|
|t:|1782552309
|switch|p2a: Garchomp|Garchomp, L50, F|100/100
|turn|2
|
|t:|1782552321
|move|p2b: Whimsicott|Moonblast|p1a: Whimsicott
|-damage|p1a: Whimsicott|10/100
|move|p1a: Whimsicott|Moonblast|p2a: Garchomp
|-supereffective|p2a: Garchomp|1
|-damage|p2a: Garchomp|35/100
|-unboost|p2a: Garchomp|spa|1
|-enditem|p2a: Garchomp|Sitrus Berry|[eat]
|-heal|p2a: Garchomp|60/100|[from] item: Sitrus Berry
|move|p1b: Garchomp|Dragon Claw|p2a: Garchomp
|-supereffective|p2a: Garchomp|1
|-damage|p2a: Garchomp|0 fnt
|-damage|p1b: Garchomp|17/100|[from] ability: Rough Skin|[of] p2a: Garchomp
|faint|p2a: Garchomp
|-damage|p1b: Garchomp|7/100|[from] item: Life Orb
|
|upkeep
|
|t:|1782552331
|switch|p2a: Basculegion|Basculegion, L50, M|100/100
|turn|3
|
|t:|1782552343
|move|p2a: Basculegion|Aqua Jet|p1a: Whimsicott
|-resisted|p1a: Whimsicott|1
|-damage|p1a: Whimsicott|0 fnt
|faint|p1a: Whimsicott
|move|p2b: Whimsicott|Moonblast|p1b: Garchomp
|-supereffective|p1b: Garchomp|1
|-damage|p1b: Garchomp|0 fnt
|faint|p1b: Garchomp
|
|upkeep
|
|t:|1782552347
|switch|p1a: Kingambit|Kingambit, L50, M|100/100
|switch|p1b: Floette|Floette-Eternal, L50, F|100/100
|turn|4
|
|t:|1782552359
|detailschange|p1b: Floette|Floette-Mega, L50, F
|-mega|p1b: Floette|Floette|Floettite
|-ability|p1b: Floette|Fairy Aura
|move|p2a: Basculegion|Protect|p2a: Basculegion
|-singleturn|p2a: Basculegion|Protect
|move|p2b: Whimsicott|Moonblast|p1a: Kingambit
|-damage|p1a: Kingambit|56/100
|move|p1b: Floette|Dazzling Gleam|p2a: Basculegion|[spread] p2b
|-activate|p2a: Basculegion|move: Protect
|-damage|p2b: Whimsicott|0 fnt
|faint|p2b: Whimsicott
|move|p1a: Kingambit|Kowtow Cleave|p2a: Basculegion
|-activate|p2a: Basculegion|move: Protect
|
|-sideend|p1: itsmako psoe|move: Tailwind
|-sideend|p2: yunsen|move: Tailwind
|upkeep
|turn|5
|
|t:|1782552370
|move|p1b: Floette|Light of Ruin|p2a: Basculegion|[miss]
|-miss|p1b: Floette|p2a: Basculegion
|move|p2a: Basculegion|Last Respects|p1b: Floette
|-damage|p1b: Floette|0 fnt
|faint|p1b: Floette
|move|p1a: Kingambit|Kowtow Cleave|p2a: Basculegion
|-supereffective|p2a: Basculegion|1
|-damage|p2a: Basculegion|0 fnt
|faint|p2a: Basculegion
|
|win|itsmako psoe
||yunsen is ready for game 3.
||itsmako psoe is ready for game 3.
|uhtml|next|Next: Game 3 of 3
