|j|☆kdan_7
|j|☆doingVGCthings
|html|kdan_7doingVGCthings    
|uhtml|bestof|Game 2 of a best-of-3
|t:|1756171427
|gametype|doubles
|player|p1|kdan_7|shauntal|1088
|player|p2|doingVGCthings|swimmer-gen4dp|1196
|gen|9
|tier|[Gen 9] VGC 2025 Reg H (Bo3)
|rated|
|rule|Species Clause: Limit one of each Pokémon
|rule|Item Clause: Limit 1 of each item
|clearpoke
|poke|p1|Amoonguss, L50, F|
|poke|p1|Sneasler, L50, M|
|poke|p1|Gholdengo, L50|
|poke|p1|Incineroar, L50, M|
|poke|p1|Ursaluna-Bloodmoon, L50, M|
|poke|p1|Dragonite, L50, M|
|poke|p2|Volcarona, L50, M|
|poke|p2|Electabuzz, L50, M|
|poke|p2|Tyranitar, L50, M|
|poke|p2|Amoonguss, L50, F|
|poke|p2|Annihilape, L50, M|
|poke|p2|Mamoswine, L50, F|
|teampreview|4
|showteam|p1|Amoonguss||SitrusBerry|Regenerator|RagePowder,Spore,PollenPuff,Protect|||F|||50|,,,,,Psychic]Sneasler||FocusSash|Unburden|Protect,DireClaw,CloseCombat,ThroatChop|||M|||50|,,,,,Stellar]Gholdengo||LifeOrb|GoodasGold|Protect,MakeItRain,ShadowBall,NastyPlot||||||50|,,,,,Water]Incineroar||SafetyGoggles|Intimidate|KnockOff,PartingShot,FlareBlitz,FakeOut|||M|||50|,,,,,Ghost]Ursaluna-Bloodmoon||AssaultVest|MindsEye|BloodMoon,EarthPower,VacuumWave,HyperVoice|||M|||50|,,,,,Water]Dragonite||LoadedDice|Multiscale|ScaleShot,Tailwind,Haze,Protect|||M|||50|,,,,,Fairy
|showteam|p2|Volcarona||CovertCloak|FlameBody|Protect,HeatWave,GigaDrain,QuiverDance|||M|||50|,,,,,Grass]Electabuzz||Eviolite|VitalSpirit|Protect,Electroweb,Taunt,FollowMe|||M|||50|,,,,,Ghost]Tyranitar||AssaultVest|SandStream|RockSlide,KnockOff,LowKick,TeraBlast|||M|||50|,,,,,Flying]Amoonguss||SitrusBerry|Regenerator|Protect,PollenPuff,Spore,RagePowder|||F|||50|,,,,,Fairy]Annihilape||SafetyGoggles|Defiant|Protect,RageFist,CloseCombat,Coaching|||M|||50|,,,,,Water]Mamoswine||FocusSash|Oblivious|Protect,IcicleCrash,HighHorsepower,IceShard|||F|||50|,,,,,Stellar
|inactive|Battle timer is ON: inactive players will automatically lose when time's up. (requested by doingVGCthings)
|
|t:|1756171440
|teamsize|p1|4
|teamsize|p2|4
|start
|switch|p1a: Golden Wind|Dragonite, L50, M|100/100
|switch|p1b: Say Cheese|Gholdengo, L50|100/100
|switch|p2a: Volcarona|Volcarona, L50, M|100/100
|switch|p2b: Annihilape|Annihilape, L50, M|100/100
|turn|1
|
|t:|1756171461
|move|p1b: Say Cheese|Protect|p1b: Say Cheese
|-singleturn|p1b: Say Cheese|Protect
|move|p2b: Annihilape|Rage Fist|p1a: Golden Wind
|-damage|p1a: Golden Wind|87/100
|move|p2a: Volcarona|Heat Wave|p1a: Golden Wind|[spread] p1a
|-activate|p1b: Say Cheese|move: Protect
|-resisted|p1a: Golden Wind
|-damage|p1a: Golden Wind|67/100
|move|p1a: Golden Wind|Tailwind|p1a: Golden Wind
|-sidestart|p1: kdan_7|move: Tailwind
|
|upkeep
|turn|2
|inactive|kdan_7 has 30 seconds left.
|inactive|doingVGCthings has 30 seconds left.
|
|t:|1756171495
|switch|p2b: Amoonguss|Amoonguss, L50, F|100/100
|-terastallize|p1b: Say Cheese|Water
|move|p1b: Say Cheese|Shadow Ball|p2b: Amoonguss
|-damage|p2b: Amoonguss|55/100
|-damage|p1b: Say Cheese|91/100|[from] item: Life Orb
|move|p1a: Golden Wind|Scale Shot|p2a: Volcarona
|-damage|p2a: Volcarona|86/100
|-damage|p2a: Volcarona|67/100
|-damage|p2a: Volcarona|51/100
|-damage|p2a: Volcarona|34/100
|-damage|p2a: Volcarona|18/100
|-hitcount|p2a: Volcarona|5
|-unboost|p1a: Golden Wind|def|1
|-boost|p1a: Golden Wind|spe|1
|move|p2a: Volcarona|Heat Wave|p1a: Golden Wind|[spread] p1a
|-miss|p2a: Volcarona|p1b: Say Cheese
|-resisted|p1a: Golden Wind
|-damage|p1a: Golden Wind|49/100
|
|upkeep
|turn|3
|inactive|kdan_7 has 30 seconds left.
|inactive|doingVGCthings has 30 seconds left.
|
|t:|1756171526
|move|p1a: Golden Wind|Scale Shot|p2a: Volcarona
|-damage|p2a: Volcarona|1/100
|-damage|p2a: Volcarona|0 fnt
|faint|p2a: Volcarona
|-hitcount|p2: Volcarona|2
|-unboost|p1a: Golden Wind|def|1
|-boost|p1a: Golden Wind|spe|1
|move|p1b: Say Cheese|Make It Rain|p2b: Amoonguss
|-damage|p2b: Amoonguss|0 fnt
|-unboost|p1b: Say Cheese|spa|1
|faint|p2b: Amoonguss
|-damage|p1b: Say Cheese|82/100|[from] item: Life Orb
|
|upkeep
|
|t:|1756171529
|switch|p2a: Electabuzz|Electabuzz, L50, M|100/100
|switch|p2b: Annihilape|Annihilape, L50, M|100/100
|turn|4
|
|t:|1756171549
|-terastallize|p2b: Annihilape|Water
|move|p1a: Golden Wind|Scale Shot|p2a: Electabuzz
|-damage|p2a: Electabuzz|88/100
|-damage|p2a: Electabuzz|75/100
|-crit|p2a: Electabuzz
|-damage|p2a: Electabuzz|55/100
|-damage|p2a: Electabuzz|41/100
|-damage|p2a: Electabuzz|26/100
|-hitcount|p2a: Electabuzz|5
|-unboost|p1a: Golden Wind|def|1
|-boost|p1a: Golden Wind|spe|1
|move|p1b: Say Cheese|Nasty Plot|p1b: Say Cheese
|-boost|p1b: Say Cheese|spa|2
|move|p2a: Electabuzz|Electroweb|p1a: Golden Wind|[spread] p1a,p1b
|-supereffective|p1b: Say Cheese
|-crit|p1b: Say Cheese
|-damage|p1a: Golden Wind|35/100
|-damage|p1b: Say Cheese|37/100
|-unboost|p1a: Golden Wind|spe|1
|-unboost|p1b: Say Cheese|spe|1
|move|p2b: Annihilape|Rage Fist|p1a: Golden Wind
|-damage|p1a: Golden Wind|0 fnt
|faint|p1a: Golden Wind
|
|-sideend|p1: kdan_7|move: Tailwind
|upkeep
|inactive|kdan_7 has 30 seconds left.
|
|t:|1756171574
|switch|p1a: 8|Sneasler, L50, M|100/100
|turn|5
|
|t:|1756171587
|move|p1a: 8|Dire Claw|p2a: Electabuzz
|-damage|p2a: Electabuzz|0 fnt
|faint|p2a: Electabuzz
|move|p2b: Annihilape|Rage Fist|p1a: 8
|-damage|p1a: 8|62/100
|move|p1b: Say Cheese|Shadow Ball|p2b: Annihilape
|-damage|p2b: Annihilape|36/100
|-damage|p1b: Say Cheese|27/100|[from] item: Life Orb
|
|upkeep
|turn|6
|
|t:|1756171600
|move|p1a: 8|Dire Claw|p2b: Annihilape
|-damage|p2b: Annihilape|0 fnt
|faint|p2b: Annihilape
|
|win|kdan_7
||doingVGCthings is ready for game 3.
||kdan_7 is ready for game 3.
|uhtml|next|Next: Game 3 of 3
|l|☆kdan_7
|player|p1|
