|j|☆eldannyboy510
|j|☆mil0battles
|html|eldannyboy510mil0battles    
|uhtml|bestof|Game 2 of a best-of-3
|t:|1756852640
|gametype|doubles
|player|p1|eldannyboy510|red|1051
|player|p2|mil0battles|pokemonranger-gen4|1107
|gen|9
|tier|[Gen 9] VGC 2025 Reg H (Bo3)
|rated|
|rule|Species Clause: Limit one of each Pokémon
|rule|Item Clause: Limit 1 of each item
|clearpoke
|poke|p1|Vivillon-Pokeball, L50, M|
|poke|p1|Gholdengo, L50|
|poke|p1|Garchomp, L50, M|
|poke|p1|Talonflame, L50, M|
|poke|p1|Ninetales-Alola, L50, F|
|poke|p1|Annihilape, L50, M|
|poke|p2|Ursaluna-Bloodmoon, L50, M|
|poke|p2|Gholdengo, L50|
|poke|p2|Dragonite, L50, M|
|poke|p2|Amoonguss, L50, F|
|poke|p2|Incineroar, L50, M|
|poke|p2|Primarina, L50, M|
|teampreview|4
|showteam|p1|Vivillon-Pokeball||FocusSash|CompoundEyes|RagePowder,SleepPowder,Hurricane,Protect|||M|||50|,,,,,Ghost]Gholdengo||IronPlate|GoodasGold|MakeItRain,NastyPlot,ShadowBall,Protect||||||50|,,,,,Steel]Garchomp||LifeOrb|RoughSkin|Earthquake,DragonClaw,StompingTantrum,Protect|||M|||50|,,,,,Steel]Talonflame||SharpBeak|GaleWings|DualWingbeat,Tailwind,WillOWisp,Protect|||M|||50|,,,,,Ghost]Ninetales-Alola||CovertCloak|SnowWarning|FreezeDry,Blizzard,AuroraVeil,Protect|||F|||50|,,,,,Ice]Annihilape||SafetyGoggles|Defiant|RageFist,DrainPunch,BulkUp,Protect|||M|||50|,,,,,Water
|showteam|p2|Ursaluna-Bloodmoon||AssaultVest|MindsEye|BloodMoon,EarthPower,VacuumWave,HyperVoice|||M|||50|,,,,,Water]Gholdengo||LifeOrb|GoodasGold|Protect,MakeItRain,ShadowBall,NastyPlot||||||50|,,,,,Water]Dragonite||LoadedDice|Multiscale|ScaleShot,Tailwind,Haze,Protect|||M|||50|,,,,,Fairy]Amoonguss||SitrusBerry|Regenerator|Spore,RagePowder,PollenPuff,Protect|||F|||50|,,,,,Water]Incineroar||SafetyGoggles|Intimidate|FakeOut,KnockOff,PartingShot,FlareBlitz|||M|||50|,,,,,Ghost]Primarina||ThroatSpray|LiquidVoice|HyperVoice,Moonblast,Haze,Protect|||M|||50|,,,,,Poison
|
|t:|1756852681
|teamsize|p1|4
|teamsize|p2|4
|start
|switch|p1a: Akuma|Annihilape, L50, M|100/100
|switch|p1b: Vivi|Vivillon-Pokeball, L50, M|100/100
|switch|p2a: Dragonite|Dragonite, L50, M|100/100
|switch|p2b: Amoonguss|Amoonguss, L50, F|100/100
|turn|1
|inactive|Battle timer is ON: inactive players will automatically lose when time's up. (requested by mil0battles)
|
|t:|1756852704
|switch|p2a: Incineroar|Incineroar, L50, M|100/100
|-ability|p2a: Incineroar|Intimidate|boost
|-unboost|p1a: Akuma|atk|1
|-ability|p1a: Akuma|Defiant|boost
|-boost|p1a: Akuma|atk|2
|-unboost|p1b: Vivi|atk|1
|move|p1a: Akuma|Bulk Up|p1a: Akuma
|-boost|p1a: Akuma|atk|1
|-boost|p1a: Akuma|def|1
|move|p1b: Vivi|Sleep Powder|p2a: Incineroar
|-activate|p2a: Incineroar|item: Safety Goggles|Sleep Powder
|move|p2b: Amoonguss|Spore|p1b: Vivi
|-status|p1b: Vivi|slp|[from] move: Spore
|
|upkeep
|turn|2
|inactive|eldannyboy510 has 30 seconds left.
|inactive|mil0battles has 30 seconds left.
|
|t:|1756852731
|switch|p2b: Dragonite|Dragonite, L50, M|100/100
|-terastallize|p2a: Incineroar|Ghost
|cant|p1b: Vivi|slp
|move|p1a: Akuma|Drain Punch|p2a: Incineroar
|-immune|p2a: Incineroar
|move|p2a: Incineroar|Knock Off|p1a: Akuma
|-damage|p1a: Akuma|74/100
|-enditem|p1a: Akuma|Safety Goggles|[from] move: Knock Off|[of] p2a: Incineroar
|
|upkeep
|turn|3
|
|t:|1756852754
|-curestatus|p1b: Vivi|slp|[msg]
|move|p1b: Vivi|Rage Powder|p1b: Vivi
|-singleturn|p1b: Vivi|move: Rage Powder
|move|p1a: Akuma|Rage Fist|p2a: Incineroar
|-supereffective|p2a: Incineroar
|-damage|p2a: Incineroar|0 fnt
|faint|p2a: Incineroar
|move|p2b: Dragonite|Tailwind|p2b: Dragonite
|-sidestart|p2: mil0battles|move: Tailwind
|
|upkeep
|
|t:|1756852767
|switch|p2a: Primarina|Primarina, L50, M|100/100
|turn|4
|
|t:|1756852780
|move|p2b: Dragonite|Scale Shot|p1b: Vivi
|-damage|p1b: Vivi|69/100
|-damage|p1b: Vivi|42/100
|-damage|p1b: Vivi|13/100
|-damage|p1b: Vivi|0 fnt
|faint|p1b: Vivi
|-hitcount|p1: Vivi|4
|-unboost|p2b: Dragonite|def|1
|-boost|p2b: Dragonite|spe|1
|move|p2a: Primarina|Hyper Voice|p1a: Akuma
|-crit|p1a: Akuma
|-damage|p1a: Akuma|13/100
|-enditem|p2a: Primarina|Throat Spray
|-boost|p2a: Primarina|spa|1|[from] item: Throat Spray
|move|p1a: Akuma|Rage Fist|p2a: Primarina
|-damage|p2a: Primarina|0 fnt
|faint|p2a: Primarina
|
|upkeep
|
|t:|1756852802
|switch|p1b: Fubuki|Ninetales-Alola, L50, F|100/100
|switch|p2a: Amoonguss|Amoonguss, L50, F|100/100
|-weather|Snowscape|[from] ability: Snow Warning|[of] p1b: Fubuki
|turn|5
|
|t:|1756852823
|move|p1b: Fubuki|Protect|p1b: Fubuki
|-singleturn|p1b: Fubuki|Protect
|move|p1a: Akuma|Protect|p1a: Akuma
|-singleturn|p1a: Akuma|Protect
|move|p2b: Dragonite|Scale Shot|p1a: Akuma
|-activate|p1a: Akuma|move: Protect
|move|p2a: Amoonguss|Spore|p1b: Fubuki
|-activate|p1b: Fubuki|move: Protect
|
|-weather|Snowscape|[upkeep]
|upkeep
|turn|6
|inactive|eldannyboy510 has 30 seconds left.
|inactive|eldannyboy510 has 20 seconds left.
|
|t:|1756852861
|move|p2b: Dragonite|Protect|p2b: Dragonite
|-singleturn|p2b: Dragonite|Protect
|move|p1a: Akuma|Protect|p1a: Akuma
|-singleturn|p1a: Akuma|Protect
|move|p1b: Fubuki|Blizzard|p2a: Amoonguss|[spread] p2a
|-activate|p2b: Dragonite|move: Protect
|-supereffective|p2a: Amoonguss
|-damage|p2a: Amoonguss|45/100
|-enditem|p2a: Amoonguss|Sitrus Berry|[eat]
|-heal|p2a: Amoonguss|70/100|[from] item: Sitrus Berry
|move|p2a: Amoonguss|Spore|p1b: Fubuki
|-status|p1b: Fubuki|slp|[from] move: Spore
|
|-weather|Snowscape|[upkeep]
|-sideend|p2: mil0battles|move: Tailwind
|upkeep
|turn|7
|inactive|eldannyboy510 has 30 seconds left.
|
|t:|1756852887
|move|p2b: Dragonite|Scale Shot|p1a: Akuma
|-damage|p1a: Akuma|3/100
|-damage|p1a: Akuma|0 fnt
|faint|p1a: Akuma
|-hitcount|p1: Akuma|2
|-unboost|p2b: Dragonite|def|1
|-boost|p2b: Dragonite|spe|1
|cant|p1b: Fubuki|slp
|move|p2a: Amoonguss|Pollen Puff|p1b: Fubuki
|-resisted|p1b: Fubuki
|-damage|p1b: Fubuki|89/100 slp
|
|-weather|Snowscape|[upkeep]
|upkeep
|
|t:|1756852903
|switch|p1a: Réquiem|Gholdengo, L50|100/100
|turn|8
|-message|mil0battles forfeited.
|
|win|eldannyboy510
