|j|☆rokesaurio
|j|☆tmjp01
|html|rokesauriotmjp01    
|uhtml|bestof|Game 3 of a best-of-3
|t:|1782617676
|gametype|doubles
|player|p1|rokesaurio|265|1146
|player|p2|tmjp01|2|1247
|gen|9
|tier|[Gen 9 Champions] VGC 2026 Reg M-B (Bo3)
|rated|
|rule|Species Clause: Limit one of each Pokémon
|rule|Item Clause: Limit 1 of each item
|clearpoke
|poke|p1|Pyroar, L50, M|
|poke|p1|Torkoal, L50, M|
|poke|p1|Farigiraf, L50, F|
|poke|p1|Aerodactyl, L50, M|
|poke|p1|Maushold, L50|
|poke|p1|Basculegion, L50, M|
|poke|p2|Corviknight, L50, M|
|poke|p2|Tyranitar, L50, M|
|poke|p2|Hydreigon, L50, M|
|poke|p2|Froslass, L50, F|
|poke|p2|Garchomp, L50, F|
|poke|p2|Arcanine-Hisui, L50, F|
|teampreview|4
|showteam|p1|Pyroar||Pyroarite|Unnerve|HeatWave,Overheat,Flamethrower,Protect|Modest||M|||50|]Torkoal||Charcoal|Drought|Eruption,HelpingHand,EarthPower,WeatherBall|Quiet||M|||50|]Farigiraf||SitrusBerry|ArmorTail|TrickRoom,TwinBeam,Thunderbolt,HelpingHand|Bold||F|||50|]Aerodactyl||Aerodactylite|Unnerve|DualWingbeat,RockSlide,IceFang,Tailwind|Jolly||M|||50|]Maushold||FocusSash|FriendGuard|FollowMe,Protect,SunnyDay,SuperFang|Timid|||||50|]Basculegion||ChoiceScarf|Adaptability|AquaJet,WaveCrash,FlipTurn,LastRespects|Adamant||M|||50|
|showteam|p2|Corviknight||OccaBerry|MirrorArmor|BraveBird,Protect,IronHead,Tailwind|Adamant||M|||50|]Tyranitar||Tyranitarite|SandStream|Protect,KnockOff,RockSlide,DragonDance|Adamant||M|||50|]Hydreigon||ChoiceScarf|Levitate|DarkPulse,DracoMeteor,EarthPower,FlashCannon|Timid||M|||50|]Froslass||Froslassite|CursedBody|Blizzard,Protect,ShadowBall,WeatherBall|Timid||F|||50|]Garchomp||LifeOrb|RoughSkin|Protect,DragonClaw,RockSlide,Earthquake|Jolly||F|||50|]Arcanine-Hisui||FocusSash|RockHead|Protect,HeadSmash,ExtremeSpeed,FlareBlitz|Adamant||F|||50|
|inactive|Battle timer is ON: inactive players will automatically lose when time's up. (requested by rokesaurio)
|inactive|tmjp01 has 60 seconds left.
|
|t:|1782617723
|teamsize|p1|4
|teamsize|p2|4
|start
|switch|p1a: Aerodactyl|Aerodactyl, L50, M|100/100
|switch|p1b: Basculegion|Basculegion, L50, M|100/100
|switch|p2a: Froslass|Froslass, L50, F|100/100
|switch|p2b: Arcanine|Arcanine-Hisui, L50, F|100/100
|-ability|p1a: Aerodactyl|Unnerve
|turn|1
|
|t:|1782617746
|detailschange|p2a: Froslass|Froslass-Mega, L50, F
|-mega|p2a: Froslass|Froslass|Froslassite
|-weather|Snowscape|[from] ability: Snow Warning|[of] p2a: Froslass
|move|p1a: Aerodactyl|Rock Slide|p2b: Arcanine|[spread] p2a,p2b
|-supereffective|p2a: Froslass|1
|-crit|p2a: Froslass
|-supereffective|p2b: Arcanine|1
|-damage|p2a: Froslass|12/100
|-damage|p2b: Arcanine|32/100
|move|p1b: Basculegion|Flip Turn|p2b: Arcanine
|-supereffective|p2b: Arcanine|2
|-damage|p2b: Arcanine|0 fnt
|faint|p2b: Arcanine
|
|t:|1782617766
|switch|p1b: Pyroar|Pyroar, L50, M|100/100|[from] Flip Turn
|-ability|p1b: Pyroar|Unnerve
|move|p2a: Froslass|Blizzard|p1b: Pyroar|[spread] p1a,p1b
|-supereffective|p1a: Aerodactyl|1
|-resisted|p1b: Pyroar|1
|-damage|p1a: Aerodactyl|0 fnt
|-damage|p1b: Pyroar|65/100
|faint|p1a: Aerodactyl
|
|-weather|Snowscape|[upkeep]
|upkeep
|
|t:|1782617779
|switch|p1a: Maushold|Maushold, L50|100/100
|switch|p2b: Hydreigon|Hydreigon, L50, M|100/100
|turn|2
|inactive|tmjp01 has 30 seconds left.
|
|t:|1782617813
|detailschange|p1b: Pyroar|Pyroar-Mega, L50, M
|-mega|p1b: Pyroar|Pyroar|Pyroarite
|move|p1b: Pyroar|Protect|p1b: Pyroar
|-singleturn|p1b: Pyroar|Protect
|move|p2b: Hydreigon|Dark Pulse|p1b: Pyroar
|-activate|p1b: Pyroar|move: Protect
|move|p2a: Froslass|Blizzard|p1a: Maushold|[spread] p1a
|-activate|p1b: Pyroar|move: Protect
|-damage|p1a: Maushold|46/100
|move|p1a: Maushold|Sunny Day|p1a: Maushold
|-weather|SunnyDay
|
|-weather|SunnyDay|[upkeep]
|upkeep
|turn|3
|inactive|tmjp01 has 30 seconds left.
|inactive|tmjp01 has 20 seconds left.
|inactive|tmjp01 has 15 seconds left.
|inactive|tmjp01 has 10 seconds left.
|
|t:|1782617862
|switch|p2b: Tyranitar|Tyranitar, L50, M|100/100
|-weather|Sandstorm|[from] ability: Sand Stream|[of] p2b: Tyranitar
|move|p1a: Maushold|Follow Me|p1a: Maushold
|-singleturn|p1a: Maushold|move: Follow Me
|move|p2a: Froslass|Weather Ball|p1a: Maushold
|-damage|p1a: Maushold|3/100
|move|p1b: Pyroar|Heat Wave|p2b: Tyranitar|[spread] p2b
|-miss|p1b: Pyroar|p2a: Froslass
|-resisted|p2b: Tyranitar|1
|-damage|p2b: Tyranitar|81/100
|
|-weather|Sandstorm|[upkeep]
|-damage|p2a: Froslass|6/100|[from] Sandstorm
|-damage|p1a: Maushold|0 fnt|[from] Sandstorm
|-damage|p1b: Pyroar|58/100|[from] Sandstorm
|faint|p1a: Maushold
|upkeep
|
|t:|1782617875
|switch|p1a: Basculegion|Basculegion, L50, M|100/100
|turn|4
|inactive|tmjp01 has 30 seconds left.
|
|t:|1782617904
|move|p1b: Pyroar|Protect|p1b: Pyroar
|-singleturn|p1b: Pyroar|Protect
|move|p1a: Basculegion|Wave Crash|p2b: Tyranitar
|-supereffective|p2b: Tyranitar|1
|-damage|p2b: Tyranitar|0 fnt
|faint|p2b: Tyranitar
|-damage|p1a: Basculegion|74/100|[from] Recoil
|move|p2a: Froslass|Shadow Ball|p1a: Basculegion
|-supereffective|p1a: Basculegion|1
|-damage|p1a: Basculegion|0 fnt
|faint|p1a: Basculegion
|
|-weather|Sandstorm|[upkeep]
|-damage|p2a: Froslass|1/100|[from] Sandstorm
|-damage|p1b: Pyroar|52/100|[from] Sandstorm
|upkeep
|
|t:|1782617914
|switch|p2b: Hydreigon|Hydreigon, L50, M|100/100
|turn|5
|-message|rokesaurio forfeited.
|raw|rokesaurio's rating: 1146 → 1128(-18 for losing)
|raw|tmjp01's rating: 1247 → 1265(+18 for winning)
|
|win|tmjp01
|l|☆rokesaurio
|player|p1|
