|j|☆Piotreshii
|j|☆plaidhaxx
|html|Piotreshiiplaidhaxx    
|uhtml|bestof|Game 3 of a best-of-3
|t:|1785952312
|gametype|doubles
|player|p1|Piotreshii|riley|
|player|p2|plaidhaxx|grimsley|
|gen|9
|tier|[Gen 9 Champions] VGC 2026 Reg M-B (Bo3)
|rule|Species Clause: Limit one of each Pokémon
|rule|Item Clause: Limit 1 of each item
|clearpoke
|poke|p1|Metagross, L50|
|poke|p1|Sylveon, L50, M|
|poke|p1|Garchomp, L50, F|
|poke|p1|Whimsicott, L50, F|
|poke|p1|Basculegion, L50, M|
|poke|p1|Charizard, L50, M|
|poke|p2|Kommo-o, L50, F|
|poke|p2|Excadrill, L50, F|
|poke|p2|Tyranitar, L50, M|
|poke|p2|Grimmsnarl, L50, M|
|poke|p2|Scovillain, L50, M|
|poke|p2|Basculegion, L50, M|
|teampreview|4
|showteam|p1|Metagross||Metagrossite|ClearBody|IronHead,PsychicFangs,BulletPunch,Protect|Jolly|||||50|]Sylveon||FairyFeather|Pixilate|HyperBeam,QuickAttack,HyperVoice,Detect|Modest||M|||50|]Garchomp||LifeOrb|RoughSkin|StompingTantrum,RockSlide,DragonClaw,PoisonJab|Jolly||F|||50|]Whimsicott||FocusSash|Prankster|Moonblast,Encore,SunnyDay,Tailwind|Timid||F|||50|]Basculegion||ChoiceScarf|Adaptability|LastRespects,FlipTurn,WaveCrash,AquaJet|Jolly||M|||50|]Charizard||CharizarditeY|Blaze|HeatWave,WeatherBall,SolarBeam,Protect|Modest||M|||50|
|showteam|p2|Kommo-o||Leftovers|Overcoat|ClangingScales,ClangorousSoul,AuraSphere,Protect|Modest||F|||50|]Excadrill||LifeOrb|SandRush|HighHorsepower,RockSlide,IronHead,Protect|Adamant||F|||50|]Tyranitar||Tyranitarite|SandStream|DragonDance,RockSlide,KnockOff,Protect|Jolly||M|||50|]Grimmsnarl||LightClay|Prankster|SpiritBreak,LightScreen,Reflect,FakeOut|Impish||M|||50|]Scovillain||Scovillainite|Moody|Protect,RagePowder,Overheat,EnergyBall|Bold||M|||50|]Basculegion||ChoiceScarf|Adaptability|WaveCrash,LastRespects,AquaJet,FlipTurn|Adamant||M|||50|
|
|t:|1785952407
|teamsize|p1|4
|teamsize|p2|4
|start
|switch|p1a: Whimsicott|Whimsicott, L50, F|100/100
|switch|p1b: Sylveon|Sylveon, L50, M|100/100
|switch|p2a: Tyranitar|Tyranitar, L50, M|100/100
|switch|p2b: Excadrill|Excadrill, L50, F|100/100
|-weather|Sandstorm|[from] ability: Sand Stream|[of] p2a: Tyranitar
|turn|1
|
|t:|1785952429
|switch|p1b: Garchomp|Garchomp, L50, F|100/100
|move|p1a: Whimsicott|Tailwind|p1a: Whimsicott
|-sidestart|p1: Piotreshii|move: Tailwind
|move|p2b: Excadrill|Iron Head|p1b: Garchomp
|-damage|p1b: Garchomp|42/100
|-damage|p2b: Excadrill|87/100|[from] ability: Rough Skin|[of] p1b: Garchomp
|-damage|p2b: Excadrill|78/100|[from] item: Life Orb
|move|p2a: Tyranitar|Dragon Dance|p2a: Tyranitar
|-boost|p2a: Tyranitar|atk|1
|-boost|p2a: Tyranitar|spe|1
|
|-weather|Sandstorm|[upkeep]
|-damage|p1a: Whimsicott|94/100|[from] Sandstorm
|upkeep
|turn|2
|
|t:|1785952449
|move|p1a: Whimsicott|Encore|p2a: Tyranitar
|-hint|Since gen 7, Dark is immune to Prankster moves.
|-immune|p2a: Tyranitar
|move|p1b: Garchomp|Stomping Tantrum|p2b: Excadrill
|-supereffective|p2b: Excadrill|1
|-damage|p2b: Excadrill|0 fnt
|faint|p2b: Excadrill
|-damage|p1b: Garchomp|32/100|[from] item: Life Orb
|move|p2a: Tyranitar|Rock Slide|p1b: Garchomp|[spread] p1a,p1b
|-resisted|p1b: Garchomp|1
|-damage|p1a: Whimsicott|24/100
|-damage|p1b: Garchomp|10/100
|
|-weather|Sandstorm|[upkeep]
|-damage|p1a: Whimsicott|18/100|[from] Sandstorm
|upkeep
|
|t:|1785952474
|switch|p2b: Basculegion|Basculegion, L50, M|100/100
|turn|3
|
|t:|1785952482
|move|p2b: Basculegion|Aqua Jet|p1b: Garchomp
|-damage|p1b: Garchomp|0 fnt
|-damage|p2b: Basculegion|87/100|[from] ability: Rough Skin|[of] p1b: Garchomp
|faint|p1b: Garchomp
|move|p1a: Whimsicott|Moonblast|p2a: Tyranitar
|-supereffective|p2a: Tyranitar|1
|-damage|p2a: Tyranitar|50/100g
|move|p2a: Tyranitar|Knock Off|p1a: Whimsicott
|-resisted|p1a: Whimsicott|1
|-crit|p1a: Whimsicott
|-damage|p1a: Whimsicott|0 fnt
|-enditem|p1a: Whimsicott|Focus Sash|[from] move: Knock Off|[of] p2a: Tyranitar
|faint|p1a: Whimsicott
|
|-weather|Sandstorm|[upkeep]
|-damage|p2b: Basculegion|81/100|[from] Sandstorm
|upkeep
|
|t:|1785952497
|switch|p1a: Sylveon|Sylveon, L50, M|100/100
|switch|p1b: Charizard|Charizard, L50, M|100/100
|turn|4
|
|t:|1785952514
|switch|p2b: Grimmsnarl|Grimmsnarl, L50, M|100/100
|move|p1b: Charizard|Protect|p1b: Charizard
|-singleturn|p1b: Charizard|Protect
|move|p2a: Tyranitar|Protect|p2a: Tyranitar
|-singleturn|p2a: Tyranitar|Protect
|move|p1a: Sylveon|Hyper Voice|p2b: Grimmsnarl|[spread] p2b
|-activate|p2a: Tyranitar|move: Protect
|-supereffective|p2b: Grimmsnarl|1
|-damage|p2b: Grimmsnarl|13/100
|
|-weather|Sandstorm|[upkeep]
|-damage|p1b: Charizard|94/100|[from] Sandstorm
|-damage|p1a: Sylveon|94/100|[from] Sandstorm
|-damage|p2b: Grimmsnarl|7/100|[from] Sandstorm
|-sideend|p1: Piotreshii|move: Tailwind
|upkeep
|turn|5
|
|t:|1785952541
|detailschange|p2a: Tyranitar|Tyranitar-Mega, L50, M
|-mega|p2a: Tyranitar|Tyranitar|Tyranitarite
|move|p1b: Charizard|Protect||[still]
|-fail|p1b: Charizard
|move|p2b: Grimmsnarl|Light Screen|p2b: Grimmsnarl
|-sidestart|p2: plaidhaxx|move: Light Screen
|move|p2a: Tyranitar|Rock Slide|p1a: Sylveon|[spread] p1a,p1b
|-supereffective|p1b: Charizard|2
|-damage|p1a: Sylveon|31/100
|-damage|p1b: Charizard|0 fnt
|faint|p1b: Charizard
|move|p1a: Sylveon|Hyper Voice|p2a: Tyranitar|[spread] p2a,p2b
|-supereffective|p2a: Tyranitar|1
|-supereffective|p2b: Grimmsnarl|1
|-damage|p2a: Tyranitar|13/100
|-damage|p2b: Grimmsnarl|0 fnt
|faint|p2b: Grimmsnarl
|
|-weather|none
|upkeep
|
|t:|1785952554
|switch|p2b: Basculegion|Basculegion, L50, M|81/100
|turn|6
|
|t:|1785952561
|move|p2a: Tyranitar|Knock Off|p1a: Sylveon
|-resisted|p1a: Sylveon|1
|-damage|p1a: Sylveon|0 fnt
|-enditem|p1a: Sylveon|Fairy Feather|[from] move: Knock Off|[of] p2a: Tyranitar
|faint|p1a: Sylveon
|
|win|plaidhaxx
