|j|☆OroRosaXIV
|j|☆Nathanlikesfeet
|html|OroRosaXIVNathanlikesfeet    
|uhtml|bestof|Game 3 of a best-of-3
|t:|1784809429
|gametype|doubles
|player|p1|OroRosaXIV|cynthia-gen4|
|player|p2|Nathanlikesfeet|2|
|gen|9
|tier|[Gen 9 Champions] VGC 2026 Reg M-B (Bo3)
|rule|Species Clause: Limit one of each Pokémon
|rule|Item Clause: Limit 1 of each item
|clearpoke
|poke|p1|Glalie, L50, F|
|poke|p1|Sableye, L50, M|
|poke|p1|Swampert, L50, M|
|poke|p1|Archaludon, L50, M|
|poke|p1|Blaziken, L50, F|
|poke|p1|Sceptile, L50, F|
|poke|p2|Tyranitar, L50, F|
|poke|p2|Excadrill, L50, F|
|poke|p2|Houndstone, L50, M|
|poke|p2|Hydreigon, L50, M|
|poke|p2|Rotom-Wash, L50|
|poke|p2|Scovillain, L50, F|
|teampreview|4
|showteam|p1|Glalie||Glalitite|Moody|Explosion,BodySlam,Earthquake,Protect|Jolly||F|||50|]Sableye||MentalHerb|Prankster|Swagger,RainDance,FakeOut,Encore|Bold||M|||50|]Swampert||Swampertite|Torrent|WaveCrash,Earthquake,HammerArm,Protect|Adamant||M|||50|]Archaludon||Leftovers|Stamina|DracoMeteor,ElectroShot,Protect,FlashCannon|Modest||M|||50|]Blaziken||LumBerry|SpeedBoost|CloseCombat,FlareBlitz,Protect,BraveBird|Jolly||F|||50|]Sceptile||LifeOrb|Overgrow|LeafStorm,Protect,ShedTail,BreakingSwipe|Hasty||F|||50|
|showteam|p2|Tyranitar||Tyranitarite|SandStream|RockSlide,KnockOff,Earthquake,Protect|Adamant||F|||50|]Excadrill||FocusSash|SandRush|Earthquake,IronHead,RockSlide,Protect|Adamant||F|||50|]Houndstone||SitrusBerry|SandRush|LastRespects,WillOWisp,StompingTantrum,Protect|Jolly||M|||50|]Hydreigon||ChoiceScarf|Levitate|DarkPulse,DracoMeteor,EarthPower,HeatWave|Modest||M|||50|]Rotom-Wash||LightClay|Levitate|LightScreen,Reflect,WillOWisp,HydroPump|Modest|||||50|]Scovillain||Scovillainite|Chlorophyll|Flamethrower,GigaDrain,LeechSeed,RagePowder|Modest||F|||50|
|
|t:|1784809437
|teamsize|p1|4
|teamsize|p2|4
|start
|switch|p1a: Sableye|Sableye, L50, M|100/100
|switch|p1b: Blaziken|Blaziken, L50, F|100/100
|switch|p2a: Tyranitar|Tyranitar, L50, F|100/100
|switch|p2b: Hydreigon|Hydreigon, L50, M|100/100
|-weather|Sandstorm|[from] ability: Sand Stream|[of] p2a: Tyranitar
|turn|1
|j| tearamizuu
|
|t:|1784809497
|switch|p2a: Rotom|Rotom-Wash, L50|100/100
|move|p1a: Sableye|Fake Out|p2b: Hydreigon
|-damage|p2b: Hydreigon|92/100
|cant|p2b: Hydreigon|flinch
|move|p1b: Blaziken|Close Combat|p2b: Hydreigon
|-supereffective|p2b: Hydreigon|1
|-damage|p2b: Hydreigon|0 fnt
|-unboost|p1b: Blaziken|def|1
|-unboost|p1b: Blaziken|spd|1
|faint|p2b: Hydreigon
|
|-weather|Sandstorm|[upkeep]
|-damage|p1b: Blaziken|93/100|[from] Sandstorm
|-damage|p2a: Rotom|94/100|[from] Sandstorm
|-damage|p1a: Sableye|94/100|[from] Sandstorm
|-ability|p1b: Blaziken|Speed Boost|boost
|-boost|p1b: Blaziken|spe|1
|upkeep
|
|t:|1784809517
|switch|p2b: Excadrill|Excadrill, L50, F|100/100
|turn|2
|
|t:|1784809547
|move|p1a: Sableye|Swagger|p1b: Blaziken
|-boost|p1b: Blaziken|atk|2
|-start|p1b: Blaziken|confusion
|-enditem|p1b: Blaziken|Lum Berry|[eat]
|-end|p1b: Blaziken|confusion
|move|p2b: Excadrill|Earthquake|p1a: Sableye|[spread] p1a,p1b
|-immune|p2a: Rotom|[from] ability: Levitate
|-supereffective|p1b: Blaziken|1
|-damage|p1a: Sableye|52/100
|-damage|p1b: Blaziken|0 fnt
|faint|p1b: Blaziken
|move|p2a: Rotom|Hydro Pump|p1a: Sableye
|-damage|p1a: Sableye|0 fnt
|faint|p1a: Sableye
|
|-weather|Sandstorm|[upkeep]
|-damage|p2a: Rotom|88/100|[from] Sandstorm
|upkeep
|
|t:|1784809565
|switch|p1b: Archaludon|Archaludon, L50, M|100/100
|switch|p1a: Swampert|Swampert, L50, M|100/100
|turn|3
|
|t:|1784809599
|detailschange|p1a: Swampert|Swampert-Mega, L50, M
|-mega|p1a: Swampert|Swampert|Swampertite
|move|p1b: Archaludon|Protect|p1b: Archaludon
|-singleturn|p1b: Archaludon|Protect
|move|p2b: Excadrill|Earthquake|p1a: Swampert|[spread] p1a
|-activate|p1b: Archaludon|move: Protect
|-immune|p2a: Rotom|[from] ability: Levitate
|-damage|p1a: Swampert|60/100
|move|p2a: Rotom|Hydro Pump|p1a: Swampert
|-crit|p1a: Swampert
|-damage|p1a: Swampert|0 fnt
|faint|p1a: Swampert
|
|-weather|Sandstorm|[upkeep]
|-damage|p2a: Rotom|82/100|[from] Sandstorm
|upkeep
|turn|4
|
|t:|1784809619
|move|p2b: Excadrill|Earthquake|p1b: Archaludon|[spread] p1b
|-immune|p2a: Rotom|[from] ability: Levitate
|-supereffective|p1b: Archaludon|1
|-damage|p1b: Archaludon|28/100
|-ability|p1b: Archaludon|Stamina|boost
|-boost|p1b: Archaludon|def|1
|move|p1b: Archaludon|Draco Meteor|p2a: Rotom
|-damage|p2a: Rotom|5/100
|-unboost|p1b: Archaludon|spa|2
|move|p2a: Rotom|Light Screen|p2a: Rotom
|-sidestart|p2: Nathanlikesfeet|move: Light Screen
|
|-weather|Sandstorm|[upkeep]
|-damage|p2a: Rotom|0 fnt|[from] Sandstorm
|faint|p2a: Rotom
|-heal|p1b: Archaludon|34/100|[from] item: Leftovers
|upkeep
|
|t:|1784809635
|switch|p2a: Tyranitar|Tyranitar, L50, F|100/100
|turn|5
|
|t:|1784809652
|detailschange|p2a: Tyranitar|Tyranitar-Mega, L50, F
|-mega|p2a: Tyranitar|Tyranitar|Tyranitarite
|move|p2b: Excadrill|Earthquake|p1b: Archaludon|[spread] p2a,p1b
|-supereffective|p2a: Tyranitar|1
|-supereffective|p1b: Archaludon|1
|-damage|p2a: Tyranitar|44/100
|-damage|p1b: Archaludon|0 fnt
|faint|p1b: Archaludon
|
|win|Nathanlikesfeet
|l|☆OroRosaXIV
|player|p1|
