|j|☆DeinosFanN1
|j|☆JoshSketch
|html|DeinosFanN1JoshSketch    
|uhtml|bestof|Game 2 of a best-of-3
|t:|1756570258
|gametype|doubles
|player|p1|DeinosFanN1|shadowtriad|1012
|player|p2|JoshSketch|101|1038
|gen|9
|tier|[Gen 9] VGC 2025 Reg H (Bo3)
|rated|
|rule|Species Clause: Limit one of each Pokémon
|rule|Item Clause: Limit 1 of each item
|clearpoke
|poke|p1|Hydreigon, L50, F|
|poke|p1|Whimsicott, L50, F|
|poke|p1|Magmar, L50, M|
|poke|p1|Kingambit, L50, F|
|poke|p1|Rillaboom, L50, F|
|poke|p1|Haxorus, L50, M|
|poke|p2|Gholdengo, L50|
|poke|p2|Archaludon, L50, M|
|poke|p2|Pelipper, L50, M|
|poke|p2|Annihilape, L50, M|
|poke|p2|Maushold, L50|
|poke|p2|Basculegion, L50, M|
|teampreview|4
|showteam|p1|Hydreigon||Leftovers|Levitate|DarkPulse,DracoMeteor,Protect,NastyPlot|||F|||50|,,,,,Stellar]Whimsicott||FocusSash|Prankster|Moonblast,Tailwind,LightScreen,Encore|||F|||50|,,,,,Dark]Magmar||Eviolite|FlameBody|WillOWisp,FollowMe,ClearSmog,HelpingHand|||M|||50|,,,,,Fire]Kingambit||LifeOrb|Defiant|Protect,SwordsDance,SuckerPunch,KowtowCleave|||F|||50|,,,,,Dark]Rillaboom||AssaultVest|GrassySurge|DrumBeating,GrassyGlide,Uturn,FakeOut|||F|||50|,,,,,Fire]Haxorus||LoadedDice|MoldBreaker|Protect,CloseCombat,DragonDance,ScaleShot|||M|||50|,,,,,Steel
|showteam|p2|Gholdengo||LifeOrb|GoodasGold|Protect,NastyPlot,MakeItRain,ShadowBall||||||50|,,,,,Water]Archaludon||AssaultVest|Stamina|BodyPress,ElectroShot,FlashCannon,DracoMeteor|||M|||50|,,,,,Fighting]Pelipper||FocusSash|Drizzle|Tailwind,Hurricane,WeatherBall,Protect|||M|||50|,,,,,Grass]Annihilape||SafetyGoggles|Defiant|RageFist,BulkUp,CloseCombat,Protect|||M|||50|,,,,,Fairy]Maushold||WideLens|FriendGuard|BeatUp,FollowMe,Protect,Taunt||||||50|,,,,,Normal]Basculegion||ChoiceBand|SwiftSwim|WaveCrash,AquaJet,LastRespects,FlipTurn|||M|||50|,,,,,Grass
|inactive|Battle timer is ON: inactive players will automatically lose when time's up. (requested by JoshSketch)
|inactive|DeinosFanN1 has 60 seconds left.
|
|t:|1756570314
|teamsize|p1|4
|teamsize|p2|4
|start
|switch|p1a: Whimsicott|Whimsicott, L50, F|100/100
|switch|p1b: Haxorus|Haxorus, L50, M, shiny|100/100
|switch|p2a: Pelipper|Pelipper, L50, M|100/100
|switch|p2b: Basculegion|Basculegion, L50, M, shiny|100/100
|-weather|RainDance|[from] ability: Drizzle|[of] p2a: Pelipper
|-ability|p1b: Haxorus|Mold Breaker
|turn|1
|
|t:|1756570331
|move|p1a: Whimsicott|Tailwind|p1a: Whimsicott
|-sidestart|p1: DeinosFanN1|move: Tailwind
|move|p2b: Basculegion|Flip Turn|p1a: Whimsicott
|-resisted|p1a: Whimsicott
|-damage|p1a: Whimsicott|57/100
|
|t:|1756570340
|switch|p2b: Annihilape|Annihilape, L50, M|100/100|[from] Flip Turn
|move|p1b: Haxorus|Dragon Dance|p1b: Haxorus
|-boost|p1b: Haxorus|atk|1
|-boost|p1b: Haxorus|spe|1
|move|p2a: Pelipper|Hurricane|p1a: Whimsicott
|-supereffective|p1a: Whimsicott
|-damage|p1a: Whimsicott|0 fnt
|faint|p1a: Whimsicott
|
|-weather|RainDance|[upkeep]
|upkeep
|
|t:|1756570351
|switch|p1a: Rillaboom|Rillaboom, L50, F|100/100
|-fieldstart|move: Grassy Terrain|[from] ability: Grassy Surge|[of] p1a: Rillaboom
|turn|2
|
|t:|1756570368
|move|p2b: Annihilape|Protect|p2b: Annihilape
|-singleturn|p2b: Annihilape|Protect
|move|p2a: Pelipper|Protect|p2a: Pelipper
|-singleturn|p2a: Pelipper|Protect
|move|p1a: Rillaboom|Fake Out|p2a: Pelipper
|-activate|p2a: Pelipper|move: Protect
|move|p1b: Haxorus|Scale Shot|p2b: Annihilape
|-activate|p2b: Annihilape|move: Protect
|
|-weather|RainDance|[upkeep]
|upkeep
|turn|3
|inactive|DeinosFanN1 has 30 seconds left.
|
|t:|1756570402
|-terastallize|p2b: Annihilape|Fairy
|move|p1b: Haxorus|Scale Shot|p2b: Annihilape
|-immune|p2b: Annihilape
|move|p1a: Rillaboom|Drum Beating|p2b: Annihilape
|-damage|p2b: Annihilape|48/100
|-unboost|p2b: Annihilape|spe|1
|-ability|p2b: Annihilape|Defiant|boost
|-boost|p2b: Annihilape|atk|2
|move|p2a: Pelipper|Hurricane|p1a: Rillaboom
|-supereffective|p1a: Rillaboom
|-damage|p1a: Rillaboom|8/100
|move|p2b: Annihilape|Bulk Up|p2b: Annihilape
|-boost|p2b: Annihilape|atk|1
|-boost|p2b: Annihilape|def|1
|
|-weather|RainDance|[upkeep]
|-heal|p1a: Rillaboom|14/100|[from] Grassy Terrain
|-heal|p2b: Annihilape|54/100|[from] Grassy Terrain
|upkeep
|turn|4
|inactive|JoshSketch has 30 seconds left.
|
|t:|1756570427
|move|p1a: Rillaboom|Grassy Glide|p2b: Annihilape
|-damage|p2b: Annihilape|31/100
|move|p1b: Haxorus|Close Combat|p2b: Annihilape
|-resisted|p2b: Annihilape
|-damage|p2b: Annihilape|6/100
|-unboost|p1b: Haxorus|def|1
|-unboost|p1b: Haxorus|spd|1
|move|p2a: Pelipper|Hurricane|p1a: Rillaboom
|-supereffective|p1a: Rillaboom
|-damage|p1a: Rillaboom|0 fnt
|faint|p1a: Rillaboom
|move|p2b: Annihilape|Rage Fist|p1b: Haxorus
|-damage|p1b: Haxorus|0 fnt
|faint|p1b: Haxorus
|
|-weather|RainDance|[upkeep]
|-heal|p2b: Annihilape|12/100|[from] Grassy Terrain
|-sideend|p1: DeinosFanN1|move: Tailwind
|upkeep
|
|t:|1756570437
|switch|p1b: Kingambit|Kingambit, L50, F|100/100
|turn|5
|-message|DeinosFanN1 forfeited.
|
|win|JoshSketch
|raw|DeinosFanN1's rating: 1012 → 1001(-11 for losing)
|raw|JoshSketch's rating: 1038 → 1070(+32 for winning)
|l|☆DeinosFanN1
|player|p1|
