|j|☆edhen
|j|☆MessiahHezekiah
|html|edhenMessiahHezekiah    
|uhtml|bestof|Game 2 of a best-of-3
|t:|1757822552
|gametype|doubles
|player|p1|edhen|clair|1228
|player|p2|MessiahHezekiah|cynthia|1205
|gen|9
|tier|[Gen 9] VGC 2025 Reg H (Bo3)
|rated|
|rule|Species Clause: Limit one of each Pokémon
|rule|Item Clause: Limit 1 of each item
|clearpoke
|poke|p1|Politoed, L50, F|
|poke|p1|Archaludon, L50, M|
|poke|p1|Comfey, L50, M|
|poke|p1|Rillaboom, L50, F|
|poke|p1|Basculegion, L50, M|
|poke|p1|Talonflame, L50, F|
|poke|p2|Indeedee, L50, M|
|poke|p2|Sneasler, L50, F|
|poke|p2|Whimsicott, L50, F|
|poke|p2|Ursaluna-Bloodmoon, L50, M|
|poke|p2|Tatsugiri, L50, F|
|poke|p2|Dondozo, L50, M|
|teampreview|4
|showteam|p1|Politoed||Leftovers|Drizzle|Protect,MuddyWater,Haze,Hypnosis|||F|||50|,,,,,Grass]Archaludon||AssaultVest|Stamina|ElectroShot,BodyPress,FlashCannon,DracoMeteor|||M|||50|,,,,,Grass]Comfey||WikiBerry|Triage|Protect,FloralHealing,DrainingKiss,Taunt|||M|||50|,,,,,Steel]Rillaboom||LoadedDice|GrassySurge|BulletSeed,GrassyGlide,FakeOut,HighHorsepower|||F|||50|,,,,,Fire]Basculegion||ChoiceBand|SwiftSwim|LastRespects,WaveCrash,AquaJet,FlipTurn|||M|||50|,,,,,Water]Talonflame||CovertCloak|GaleWings|Tailwind,WillOWisp,DualWingbeat,FlareBlitz|||F|||50|,,,,,Ghost
|showteam|p2|Indeedee||FocusSash|PsychicSurge|TeraBlast,ExpandingForce,Imprison,TrickRoom|||M|||50|,,,,,Psychic]Sneasler||PsychicSeed|Unburden|DireClaw,CloseCombat,ThroatChop,Protect|||F|||50|,,,,,Dark]Whimsicott||CovertCloak|Prankster|Moonblast,Encore,Tailwind,LightScreen|||F|||50|,,,,,Ghost]Ursaluna-Bloodmoon||LifeOrb|MindsEye|BloodMoon,EarthPower,HyperVoice,Protect|||M|||50|,,,,,Normal]Tatsugiri||SafetyGoggles|Commander|DracoMeteor,MuddyWater,HelpingHand,Protect|||F|||50|,,,,,Normal]Dondozo||Leftovers|Unaware|OrderUp,WaveCrash,Earthquake,Protect|||M|||50|,,,,,Grass
|
|t:|1757822612
|teamsize|p1|4
|teamsize|p2|4
|start
|switch|p1a: Talonflame|Talonflame, L50, F|100/100
|switch|p1b: Rillaboom|Rillaboom, L50, F|100/100
|switch|p2a: Whimsicott|Whimsicott, L50, F|100/100
|switch|p2b: Ursaluna|Ursaluna-Bloodmoon, L50, M|100/100
|-fieldstart|move: Grassy Terrain|[from] ability: Grassy Surge|[of] p1b: Rillaboom
|turn|1
|
|t:|1757822635
|-terastallize|p2a: Whimsicott|Ghost
|move|p1b: Rillaboom|Fake Out|p2b: Ursaluna
|-damage|p2b: Ursaluna|89/100
|move|p1a: Talonflame|Tailwind|p1a: Talonflame
|-sidestart|p1: edhen|move: Tailwind
|move|p2a: Whimsicott|Tailwind|p2a: Whimsicott
|-sidestart|p2: MessiahHezekiah|move: Tailwind
|cant|p2b: Ursaluna|flinch
|
|-heal|p2b: Ursaluna|95/100|[from] Grassy Terrain
|upkeep
|turn|2
|
|t:|1757822654
|move|p1a: Talonflame|Dual Wingbeat|p2b: Ursaluna|[miss]
|-miss|p1a: Talonflame|p2b: Ursaluna
|move|p2a: Whimsicott|Moonblast|p1b: Rillaboom
|-damage|p1b: Rillaboom|56/100
|move|p1b: Rillaboom|Bullet Seed|p2b: Ursaluna
|-supereffective|p2b: Ursaluna
|-damage|p2b: Ursaluna|62/100
|-supereffective|p2b: Ursaluna
|-damage|p2b: Ursaluna|27/100
|-supereffective|p2b: Ursaluna
|-damage|p2b: Ursaluna|0 fnt
|faint|p2b: Ursaluna
|-hitcount|p2: Ursaluna|3
|
|-heal|p1b: Rillaboom|62/100|[from] Grassy Terrain
|upkeep
|
|t:|1757822668
|switch|p2b: Dondozo|Dondozo, L50, M|100/100
|turn|3
|
|t:|1757822677
|move|p2b: Dondozo|Protect|p2b: Dondozo
|-singleturn|p2b: Dondozo|Protect
|move|p1a: Talonflame|Will-O-Wisp|p2b: Dondozo
|-activate|p2b: Dondozo|move: Protect
|move|p2a: Whimsicott|Moonblast|p1b: Rillaboom
|-damage|p1b: Rillaboom|13/100
|move|p1b: Rillaboom|Bullet Seed|p2b: Dondozo
|-activate|p2b: Dondozo|move: Protect
|
|-heal|p1b: Rillaboom|19/100|[from] Grassy Terrain
|upkeep
|turn|4
|
|t:|1757822699
|switch|p1b: Archaludon|Archaludon, L50, M|100/100
|move|p1a: Talonflame|Will-O-Wisp|p2b: Dondozo
|-status|p2b: Dondozo|brn
|move|p2a: Whimsicott|Moonblast|p1b: Archaludon
|-damage|p1b: Archaludon|74/100
|-ability|p1b: Archaludon|Stamina|boost
|-boost|p1b: Archaludon|def|1
|move|p2b: Dondozo|Wave Crash|p1a: Talonflame
|-supereffective|p1a: Talonflame
|-damage|p1a: Talonflame|14/100
|-damage|p2b: Dondozo|81/100 brn|[from] Recoil
|
|-heal|p1b: Archaludon|80/100|[from] Grassy Terrain
|-heal|p2b: Dondozo|87/100 brn|[from] Grassy Terrain
|-heal|p2b: Dondozo|93/100 brn|[from] item: Leftovers
|-damage|p2b: Dondozo|87/100 brn|[from] brn
|-sideend|p2: MessiahHezekiah|move: Tailwind
|-sideend|p1: edhen|move: Tailwind
|upkeep
|turn|5
|
|t:|1757822734
|switch|p1a: Politoed|Politoed, L50, F|100/100
|-weather|RainDance|[from] ability: Drizzle|[of] p1a: Politoed
|switch|p2a: Tatsugiri|Tatsugiri, L50, F|100/100
|-activate|p2a: Tatsugiri|ability: Commander|[of] p2b: Dondozo
|-boost|p2b: Dondozo|atk|2
|-boost|p2b: Dondozo|spa|2
|-boost|p2b: Dondozo|spe|2
|-boost|p2b: Dondozo|def|2
|-boost|p2b: Dondozo|spd|2
|move|p2b: Dondozo|Order Up|p1a: Politoed
|-damage|p1a: Politoed|74/100
|-boost|p2b: Dondozo|atk|1
|move|p1b: Archaludon|Electro Shot||[still]
|-prepare|p1b: Archaludon|Electro Shot
|-boost|p1b: Archaludon|spa|1
|-anim|p1b: Archaludon|Electro Shot|p2b: Dondozo
|-supereffective|p2b: Dondozo
|-damage|p2b: Dondozo|44/100 brn
|
|-weather|RainDance|[upkeep]
|-heal|p2b: Dondozo|50/100 brn|[from] Grassy Terrain
|-heal|p2b: Dondozo|56/100 brn|[from] item: Leftovers
|-heal|p1b: Archaludon|86/100|[from] Grassy Terrain
|-heal|p1a: Politoed|80/100|[from] Grassy Terrain
|-heal|p1a: Politoed|86/100|[from] item: Leftovers
|-damage|p2b: Dondozo|50/100 brn|[from] brn
|-fieldend|move: Grassy Terrain
|upkeep
|turn|6
|
|t:|1757822759
|move|p2b: Dondozo|Earthquake|p1a: Politoed|[spread] p1a,p1b
|-miss|p2b: Dondozo|p2a: Tatsugiri
|-supereffective|p1b: Archaludon
|-damage|p1a: Politoed|60/100
|-damage|p1b: Archaludon|48/100
|-ability|p1b: Archaludon|Stamina|boost
|-boost|p1b: Archaludon|def|1
|move|p1b: Archaludon|Electro Shot||[still]
|-prepare|p1b: Archaludon|Electro Shot
|-boost|p1b: Archaludon|spa|1
|-anim|p1b: Archaludon|Electro Shot|p2b: Dondozo
|-supereffective|p2b: Dondozo
|-damage|p2b: Dondozo|1/100 brn
|move|p1a: Politoed|Haze|p1a: Politoed
|-clearallboost
|
|-weather|RainDance|[upkeep]
|-heal|p1a: Politoed|66/100|[from] item: Leftovers
|-heal|p2b: Dondozo|8/100 brn|[from] item: Leftovers
|-damage|p2b: Dondozo|1/100 brn|[from] brn
|upkeep
|turn|7
|
|t:|1757822784
|move|p2b: Dondozo|Protect|p2b: Dondozo
|-singleturn|p2b: Dondozo|Protect
|move|p1b: Archaludon|Electro Shot||[still]
|-prepare|p1b: Archaludon|Electro Shot
|-boost|p1b: Archaludon|spa|1
|-anim|p1b: Archaludon|Electro Shot|p2b: Dondozo
|-activate|p2b: Dondozo|move: Protect
|move|p1a: Politoed|Muddy Water|p2a: Tatsugiri|[spread] 
|-miss|p1a: Politoed|p2a: Tatsugiri
|-activate|p2b: Dondozo|move: Protect
|
|-weather|RainDance|[upkeep]
|-heal|p1a: Politoed|72/100|[from] item: Leftovers
|-heal|p2b: Dondozo|8/100 brn|[from] item: Leftovers
|-damage|p2b: Dondozo|1/100 brn|[from] brn
|upkeep
|turn|8
|
|t:|1757822801
|move|p1b: Archaludon|Electro Shot||[still]
|-prepare|p1b: Archaludon|Electro Shot
|-boost|p1b: Archaludon|spa|1
|-anim|p1b: Archaludon|Electro Shot|p2b: Dondozo
|-supereffective|p2b: Dondozo
|-damage|p2b: Dondozo|0 fnt
|faint|p2b: Dondozo
|move|p1a: Politoed|Muddy Water|p2a: Tatsugiri
|-resisted|p2a: Tatsugiri
|-damage|p2a: Tatsugiri|85/100
|
|-weather|RainDance|[upkeep]
|-heal|p1a: Politoed|78/100|[from] item: Leftovers
|upkeep
|
|t:|1757822811
|switch|p2b: Whimsicott|Whimsicott, L50, F, tera:Ghost|100/100
|turn|9
|inactive|Battle timer is ON: inactive players will automatically lose when time's up. (requested by MessiahHezekiah)
|
|t:|1757822886
|switch|p1b: Talonflame|Talonflame, L50, F|14/100
|move|p2a: Tatsugiri|Protect|p2a: Tatsugiri
|-singleturn|p2a: Tatsugiri|Protect
|move|p2b: Whimsicott|Moonblast|p1b: Talonflame
|-resisted|p1b: Talonflame
|-damage|p1b: Talonflame|0 fnt
|faint|p1b: Talonflame
|move|p1a: Politoed|Muddy Water|p2a: Tatsugiri|[spread] p2b
|-activate|p2a: Tatsugiri|move: Protect
|-damage|p2b: Whimsicott|43/100
|
|-weather|none
|-heal|p1a: Politoed|84/100|[from] item: Leftovers
|upkeep
|
|t:|1757822901
|switch|p1b: Rillaboom|Rillaboom, L50, F|19/100
|-fieldstart|move: Grassy Terrain|[from] ability: Grassy Surge|[of] p1b: Rillaboom
|turn|10
|
|t:|1757822913
|move|p2a: Tatsugiri|Helping Hand|p2b: Whimsicott
|-singleturn|p2b: Whimsicott|Helping Hand|[of] p2a: Tatsugiri
|move|p1b: Rillaboom|Fake Out|p2a: Tatsugiri
|-damage|p2a: Tatsugiri|57/100
|move|p2b: Whimsicott|Moonblast|p1b: Rillaboom
|-damage|p1b: Rillaboom|0 fnt
|faint|p1b: Rillaboom
|move|p1a: Politoed|Muddy Water|p2b: Whimsicott|[spread] p2a
|-miss|p1a: Politoed|p2b: Whimsicott
|-resisted|p2a: Tatsugiri
|-damage|p2a: Tatsugiri|50/100
|-unboost|p2a: Tatsugiri|accuracy|1
|
|-heal|p2b: Whimsicott|49/100|[from] Grassy Terrain
|-heal|p2a: Tatsugiri|57/100|[from] Grassy Terrain
|-heal|p1a: Politoed|90/100|[from] Grassy Terrain
|-heal|p1a: Politoed|96/100|[from] item: Leftovers
|upkeep
|
|t:|1757822920
|switch|p1b: Archaludon|Archaludon, L50, M|48/100
|turn|11
|inactive|MessiahHezekiah has 30 seconds left.
|
|t:|1757822950
|move|p2b: Whimsicott|Moonblast|p1b: Archaludon
|-damage|p1b: Archaludon|20/100
|-unboost|p1b: Archaludon|spa|1
|-ability|p1b: Archaludon|Stamina|boost
|-boost|p1b: Archaludon|def|1
|move|p2a: Tatsugiri|Draco Meteor|p1b: Archaludon
|-damage|p1b: Archaludon|0 fnt
|-unboost|p2a: Tatsugiri|spa|2
|faint|p1b: Archaludon
|move|p1a: Politoed|Muddy Water|p2a: Tatsugiri|[spread] p2a,p2b
|-resisted|p2a: Tatsugiri
|-damage|p2a: Tatsugiri|50/100
|-damage|p2b: Whimsicott|14/100
|-unboost|p2a: Tatsugiri|accuracy|1
|
|-heal|p2b: Whimsicott|20/100|[from] Grassy Terrain
|-heal|p2a: Tatsugiri|56/100|[from] Grassy Terrain
|-heal|p1a: Politoed|100/100|[from] Grassy Terrain
|upkeep
|turn|12
|inactive|MessiahHezekiah has 30 seconds left.
|
|t:|1757822981
|move|p2b: Whimsicott|Light Screen|p2b: Whimsicott
|-sidestart|p2: MessiahHezekiah|move: Light Screen
|move|p2a: Tatsugiri|Muddy Water|p1a: Politoed|[miss]
|-miss|p2a: Tatsugiri|p1a: Politoed
|move|p1a: Politoed|Muddy Water|p2a: Tatsugiri|[spread] p2b
|-miss|p1a: Politoed|p2a: Tatsugiri
|-damage|p2b: Whimsicott|0 fnt
|faint|p2b: Whimsicott
|
|-heal|p2a: Tatsugiri|62/100|[from] Grassy Terrain
|upkeep
|turn|13
|
|t:|1757822998
|move|p2a: Tatsugiri|Muddy Water|p1a: Politoed
|-resisted|p1a: Politoed
|-damage|p1a: Politoed|91/100
|-unboost|p1a: Politoed|accuracy|1
|move|p1a: Politoed|Muddy Water|p2a: Tatsugiri|[miss]
|-miss|p1a: Politoed|p2a: Tatsugiri
|
|-heal|p2a: Tatsugiri|69/100|[from] Grassy Terrain
|-heal|p1a: Politoed|97/100|[from] Grassy Terrain
|-heal|p1a: Politoed|100/100|[from] item: Leftovers
|upkeep
|turn|14
|
|t:|1757823008
|move|p2a: Tatsugiri|Muddy Water|p1a: Politoed
|-resisted|p1a: Politoed
|-damage|p1a: Politoed|90/100
|-unboost|p1a: Politoed|accuracy|1
|move|p1a: Politoed|Hypnosis|p2a: Tatsugiri|[miss]
|-miss|p1a: Politoed|p2a: Tatsugiri
|
|-heal|p2a: Tatsugiri|75/100|[from] Grassy Terrain
|-heal|p1a: Politoed|96/100|[from] Grassy Terrain
|-heal|p1a: Politoed|100/100|[from] item: Leftovers
|-fieldend|move: Grassy Terrain
|upkeep
|turn|15
|
|t:|1757823017
|move|p2a: Tatsugiri|Muddy Water|p1a: Politoed
|-resisted|p1a: Politoed
|-damage|p1a: Politoed|91/100
|move|p1a: Politoed|Hypnosis|p2a: Tatsugiri
|-status|p2a: Tatsugiri|slp|[from] move: Hypnosis
|
|-heal|p1a: Politoed|97/100|[from] item: Leftovers
|upkeep
|turn|16
|
|t:|1757823024
|cant|p2a: Tatsugiri|slp
|move|p1a: Politoed|Muddy Water|p2a: Tatsugiri|[miss]
|-miss|p1a: Politoed|p2a: Tatsugiri
|
|-heal|p1a: Politoed|100/100|[from] item: Leftovers
|-sideend|p2: MessiahHezekiah|move: Light Screen
|upkeep
|turn|17
|
|t:|1757823030
|cant|p2a: Tatsugiri|slp
|move|p1a: Politoed|Muddy Water|p2a: Tatsugiri|[miss]
|-miss|p1a: Politoed|p2a: Tatsugiri
|
|upkeep
|turn|18
|
|t:|1757823037
|cant|p2a: Tatsugiri|slp
|move|p1a: Politoed|Muddy Water|p2a: Tatsugiri
|-resisted|p2a: Tatsugiri
|-damage|p2a: Tatsugiri|66/100 slp
|-unboost|p2a: Tatsugiri|accuracy|1
|
|upkeep
|turn|19
|c|☆MessiahHezekiah|I win with struggle
|inactive|edhen has 30 seconds left.
|
|t:|1757823065
|-curestatus|p2a: Tatsugiri|slp|[msg]
|move|p2a: Tatsugiri|Protect|p2a: Tatsugiri
|-singleturn|p2a: Tatsugiri|Protect
|move|p1a: Politoed|Muddy Water|p2a: Tatsugiri
|-activate|p2a: Tatsugiri|move: Protect
|
|upkeep
|turn|20
|c|☆MessiahHezekiah|We can play it out if you want but itll be long
|
|t:|1757823078
|move|p2a: Tatsugiri|Muddy Water|p1a: Politoed|[miss]
|-miss|p2a: Tatsugiri|p1a: Politoed
|move|p1a: Politoed|Muddy Water|p2a: Tatsugiri|[miss]
|-miss|p1a: Politoed|p2a: Tatsugiri
|
|upkeep
|turn|21
|c|☆edhen|i think you win before even that
|inactive|edhen has 30 seconds left.
|c|☆edhen|i have to haze at some point
|c|☆MessiahHezekiah|I could miss dracos and im already at -2
|inactive|edhen has 20 seconds left.
|c|☆MessiahHezekiah|Oh yeah true
|-message|edhen forfeited.
|
|win|MessiahHezekiah
||MessiahHezekiah is ready for game 3.
||edhen is ready for game 3.
|uhtml|next|Next: Game 3 of 3
|l|☆MessiahHezekiah
|player|p2|
