|j|☆bingleston iii
|j|☆testdigi
|html|bingleston iiitestdigi    
|uhtml|bestof|Game 3 of a best-of-3
|t:|1785424848
|gametype|doubles
|player|p1|bingleston iii|1|1205
|player|p2|testdigi|169|1139
|gen|9
|tier|[Gen 9 Champions] VGC 2026 Reg M-B (Bo3)
|rated|
|rule|Species Clause: Limit one of each Pokémon
|rule|Item Clause: Limit 1 of each item
|clearpoke
|poke|p1|Charizard, L50, M|
|poke|p1|Glimmora, L50, F|
|poke|p1|Kingambit, L50, F|
|poke|p1|Mamoswine, L50, M|
|poke|p1|Basculegion, L50, M|
|poke|p1|Whimsicott, L50, M|
|poke|p2|Tyranitar, L50, M|
|poke|p2|Excadrill, L50, F|
|poke|p2|Gholdengo, L50, shiny|
|poke|p2|Milotic, L50, M, shiny|
|poke|p2|Sinistcha, L50|
|poke|p2|Staraptor, L50, M|
|teampreview|4
|showteam|p1|Charizard||CharizarditeY|Blaze|HeatWave,WeatherBall,SolarBeam,Protect|Modest||M|||50|]Glimmora||Glimmoranite|ToxicDebris|PowerGem,SludgeBomb,EarthPower,SpikyShield|Timid||F|||50|]Kingambit||ChopleBerry|Defiant|KowtowCleave,SuckerPunch,LowKick,Protect|Adamant||F|||50|]Mamoswine||LifeOrb|Oblivious|IcicleCrash,HighHorsepower,IceShard,Protect|Adamant||M|||50|]Basculegion||MysticWater|Adaptability|WaveCrash,LastRespects,AquaJet,Protect|Adamant||M|||50|]Whimsicott||FocusSash|Prankster|Moonblast,Tailwind,Encore,Protect|Timid||M|||50|
|showteam|p2|Tyranitar||Tyranitarite|SandStream|RockSlide,KnockOff,LowKick,Protect|Adamant||M|||50|]Excadrill||FocusSash|SandRush|HighHorsepower,IronHead,RockTomb,Protect|Adamant||F|||50|]Gholdengo||LifeOrb|GoodasGold|ShadowBall,MakeItRain,NastyPlot,Protect|Modest|||||50|]Milotic||Leftovers|Competitive|Scald,Recover,IcyWind,Protect|Calm||M|||50|]Sinistcha||ColburBerry|Hospitality|MatchaGotcha,ShadowBall,RagePowder,Protect|Relaxed|||||50|]Staraptor||Staraptite|Intimidate|CloseCombat,BraveBird,Tailwind,Protect|Jolly||M|||50|
|
|t:|1785424888
|teamsize|p1|4
|teamsize|p2|4
|start
|switch|p1a: Mamoswine|Mamoswine, L50, M|100/100
|switch|p1b: Glimmora|Glimmora, L50, F|100/100
|switch|p2a: Staraptor|Staraptor, L50, M|100/100
|switch|p2b: Milotic|Milotic, L50, M, shiny|100/100
|-ability|p2a: Staraptor|Intimidate|boost
|-fail|p1a: Mamoswine|unboost|Attack|[from] ability: Oblivious|[of] p1a: Mamoswine
|-unboost|p1b: Glimmora|atk|1
|turn|1
|
|t:|1785424934
|detailschange|p2a: Staraptor|Staraptor-Mega, L50, M
|-mega|p2a: Staraptor|Staraptor|Staraptite
|detailschange|p1b: Glimmora|Glimmora-Mega, L50, F
|-mega|p1b: Glimmora|Glimmora|Glimmoranite
|move|p1a: Mamoswine|Ice Shard|p2a: Staraptor
|-supereffective|p2a: Staraptor|1
|-damage|p2a: Staraptor|42/100
|-damage|p1a: Mamoswine|90/100|[from] item: Life Orb
|move|p2a: Staraptor|Close Combat|p1a: Mamoswine
|-supereffective|p1a: Mamoswine|1
|-damage|p1a: Mamoswine|0 fnt
|-boost|p2a: Staraptor|def|1
|-boost|p2a: Staraptor|spd|1
|faint|p1a: Mamoswine
|move|p1b: Glimmora|Sludge Bomb|p2a: Staraptor
|-damage|p2a: Staraptor|0 fnt
|faint|p2a: Staraptor
|move|p2b: Milotic|Scald|p1b: Glimmora
|-supereffective|p1b: Glimmora|1
|-damage|p1b: Glimmora|38/100
|
|upkeep
|
|t:|1785424945
|switch|p2a: Tyranitar|Tyranitar, L50, M|100/100
|switch|p1a: Whimsicott|Whimsicott, L50, M|100/100
|-weather|Sandstorm|[from] ability: Sand Stream|[of] p2a: Tyranitar
|turn|2
|
|t:|1785424978
|move|p2a: Tyranitar|Protect|p2a: Tyranitar
|-singleturn|p2a: Tyranitar|Protect
|move|p1a: Whimsicott|Moonblast|p2b: Milotic
|-damage|p2b: Milotic|78/100
|move|p1b: Glimmora|Sludge Bomb|p2b: Milotic
|-damage|p2b: Milotic|32/100
|move|p2b: Milotic|Icy Wind|p1b: Glimmora|[spread] p1a
|-miss|p2b: Milotic|p1b: Glimmora
|-supereffective|p1a: Whimsicott|1
|-damage|p1a: Whimsicott|67/100
|-unboost|p1a: Whimsicott|spe|1
|
|-weather|Sandstorm|[upkeep]
|-damage|p1a: Whimsicott|62/100|[from] Sandstorm
|-damage|p2b: Milotic|26/100|[from] Sandstorm
|-heal|p2b: Milotic|32/100|[from] item: Leftovers
|upkeep
|turn|3
|
|t:|1785424998
|switch|p2a: Sinistcha|Sinistcha, L50|100/100
|-heal|p2b: Milotic|56/100|[from] ability: Hospitality|[of] p2a: Sinistcha
|move|p1a: Whimsicott|Tailwind|p1a: Whimsicott
|-sidestart|p1: bingleston iii|move: Tailwind
|move|p1b: Glimmora|Sludge Bomb|p2b: Milotic
|-damage|p2b: Milotic|12/100
|-status|p2b: Milotic|psn
|move|p2b: Milotic|Scald|p1b: Glimmora
|-supereffective|p1b: Glimmora|1
|-damage|p1b: Glimmora|0 fnt
|faint|p1b: Glimmora
|
|-weather|Sandstorm|[upkeep]
|-damage|p1a: Whimsicott|56/100|[from] Sandstorm
|-damage|p2b: Milotic|6/100 psn|[from] Sandstorm
|-damage|p2a: Sinistcha|94/100|[from] Sandstorm
|-heal|p2b: Milotic|12/100 psn|[from] item: Leftovers
|-damage|p2b: Milotic|0 fnt|[from] psn
|faint|p2b: Milotic
|upkeep
|
|t:|1785425004
|switch|p1b: Basculegion|Basculegion, L50, M|100/100
|switch|p2b: Tyranitar|Tyranitar, L50, M|100/100
|turn|4
|
|t:|1785425031
|move|p1b: Basculegion|Protect|p1b: Basculegion
|-singleturn|p1b: Basculegion|Protect
|move|p2a: Sinistcha|Rage Powder|p2a: Sinistcha
|-singleturn|p2a: Sinistcha|move: Rage Powder
|move|p1a: Whimsicott|Moonblast|p2a: Sinistcha
|-damage|p2a: Sinistcha|60/100
|move|p2b: Tyranitar|Knock Off|p1b: Basculegion
|-activate|p1b: Basculegion|move: Protect
|
|-weather|Sandstorm|[upkeep]
|-damage|p1a: Whimsicott|50/100g|[from] Sandstorm
|-damage|p1b: Basculegion|93/100|[from] Sandstorm
|-damage|p2a: Sinistcha|54/100|[from] Sandstorm
|upkeep
|turn|5
|
|t:|1785425050
|move|p1b: Basculegion|Protect||[still]
|-fail|p1b: Basculegion
|move|p2a: Sinistcha|Rage Powder|p2a: Sinistcha
|-singleturn|p2a: Sinistcha|move: Rage Powder
|move|p1a: Whimsicott|Moonblast|p2a: Sinistcha
|-damage|p2a: Sinistcha|18/100
|move|p2b: Tyranitar|Knock Off|p1b: Basculegion
|-supereffective|p1b: Basculegion|1
|-damage|p1b: Basculegion|0 fnt
|-enditem|p1b: Basculegion|Mystic Water|[from] move: Knock Off|[of] p2b: Tyranitar
|faint|p1b: Basculegion
|
|-weather|Sandstorm|[upkeep]
|-damage|p1a: Whimsicott|44/100|[from] Sandstorm
|-damage|p2a: Sinistcha|12/100|[from] Sandstorm
|upkeep
|turn|6
|
|t:|1785425069
|move|p1a: Whimsicott|Moonblast|p2a: Sinistcha
|-damage|p2a: Sinistcha|0 fnt
|faint|p2a: Sinistcha
|move|p2b: Tyranitar|Rock Slide|p1a: Whimsicott
|-damage|p1a: Whimsicott|0 fnt
|faint|p1a: Whimsicott
|
|win|testdigi
|raw|bingleston iii's rating: 1205 → 1175(-30 for losing)
|raw|testdigi's rating: 1139 → 1169(+30 for winning)
|l|☆bingleston iii
|player|p1|
