|j|☆titsydude
|j|☆Imlikewater
|html|titsydudeImlikewater    
|uhtml|bestof|Game 2 of a best-of-3
|t:|1782246330
|gametype|doubles
|player|p1|titsydude|169|1088
|player|p2|Imlikewater|1|1040
|gen|9
|tier|[Gen 9 Champions] VGC 2026 Reg M-B (Bo3)
|rated|
|rule|Species Clause: Limit one of each Pokémon
|rule|Item Clause: Limit 1 of each item
|clearpoke
|poke|p1|Pyroar, L50, F|
|poke|p1|Ninetales, L50, F|
|poke|p1|Whimsicott, L50, M|
|poke|p1|Floette-Eternal, L50, F|
|poke|p1|Basculegion, L50, M|
|poke|p1|Farigiraf, L50, F|
|poke|p2|Sinistcha, L50|
|poke|p2|Raichu, L50, M|
|poke|p2|Archaludon, L50, F|
|poke|p2|Pelipper, L50, M|
|poke|p2|Incineroar, L50, F|
|poke|p2|Meganium, L50, M|
|teampreview|4
|showteam|p1|Pyroar||Pyroarite|Unnerve|HeatWave,Overheat,SolarBeam,Protect|Timid||F|||50|]Ninetales||ChoiceScarf|Drought|HeatWave,Overheat,SolarBeam,FakeTears|Modest||F|||50|]Whimsicott||FocusSash|Prankster|Moonblast,Tailwind,SunnyDay,Protect|Timid||M|||50|]Floette-Eternal||Floettite|FlowerVeil|Moonblast,LightofRuin,DazzlingGleam,Protect|Modest||F|||50|]Basculegion||LifeOrb|Adaptability|WaveCrash,LastRespects,AquaJet,Protect|Adamant||M|||50|]Farigiraf||SitrusBerry|ArmorTail|Psychic,Thunderbolt,TrickRoom,HelpingHand|Bold||F|||50|
|showteam|p2|Sinistcha||KasibBerry|Hospitality|MatchaGotcha,ShadowBall,Protect,RagePowder|Timid|||||50|]Raichu||RaichuniteX|Static|VoltTackle,VoltSwitch,FakeOut,PlayRough|Jolly||M|||50|]Archaludon||Leftovers|Stamina|FlashCannon,DragonPulse,ElectroShot,Protect|Timid||F|||50|]Pelipper||FocusSash|Drizzle|Hurricane,WeatherBall,Tailwind,Protect|Modest||M|||50|]Incineroar||SitrusBerry|Intimidate|FakeOut,FlareBlitz,PartingShot,ThroatChop|Impish||F|||50|]Meganium||Meganiumite|Overgrow|DazzlingGleam,Synthesis,WeatherBall,SolarBeam|Modest||M|||50|
|inactive|Battle timer is ON: inactive players will automatically lose when time's up. (requested by titsydude)
|inactive|titsydude has 60 seconds left.
|inactive|Imlikewater has 60 seconds left.
|
|t:|1782246370
|teamsize|p1|4
|teamsize|p2|4
|start
|switch|p1a: Whimsicott|Whimsicott, L50, M|100/100
|switch|p1b: Pyroar|Pyroar, L50, F|100/100
|switch|p2a: Pelipper|Pelipper, L50, M|100/100
|switch|p2b: Raichu|Raichu, L50, M|100/100
|-ability|p1b: Pyroar|Unnerve
|-weather|RainDance|[from] ability: Drizzle|[of] p2a: Pelipper
|turn|1
|inactive|titsydude has 30 seconds left.
|inactive|Imlikewater has 30 seconds left.
|inactive|titsydude has 20 seconds left.
|inactive|Imlikewater has 20 seconds left.
|inactive|Imlikewater has 15 seconds left.
|inactive|Imlikewater has 10 seconds left.
|
|t:|1782246420
|switch|p1a: Ninetales|Ninetales, L50, F|100/100
|-weather|SunnyDay|[from] ability: Drought|[of] p1a: Ninetales
|detailschange|p1b: Pyroar|Pyroar-Mega, L50, F
|-mega|p1b: Pyroar|Pyroar|Pyroarite
|detailschange|p2b: Raichu|Raichu-Mega-X, L50, M
|-mega|p2b: Raichu|Raichu|Raichunite X
|-fieldstart|move: Electric Terrain|[from] ability: Electric Surge|[of] p2b: Raichu
|move|p2b: Raichu|Fake Out|p1a: Ninetales
|-damage|p1a: Ninetales|79/100
|move|p1b: Pyroar|Heat Wave|p2b: Raichu|[spread] p2a,p2b
|-resisted|p2a: Pelipper|1
|-crit|p2a: Pelipper
|-enditem|p2a: Pelipper|Focus Sash
|-damage|p2a: Pelipper|1/100
|-damage|p2b: Raichu|0 fnt
|-status|p2a: Pelipper|brn
|faint|p2b: Raichu
|move|p2a: Pelipper|Tailwind|p2a: Pelipper
|-sidestart|p2: Imlikewater|move: Tailwind
|
|-weather|SunnyDay|[upkeep]
|-damage|p2a: Pelipper|0 fnt|[from] brn
|faint|p2a: Pelipper
|upkeep
|
|t:|1782246444
|switch|p2b: Archaludon|Archaludon, L50, F|100/100
|switch|p2a: Incineroar|Incineroar, L50, F|100/100
|-ability|p2a: Incineroar|Intimidate|boost
|-unboost|p1a: Ninetales|atk|1
|-unboost|p1b: Pyroar|atk|1
|turn|2
|
|t:|1782246464
|move|p1b: Pyroar|Protect|p1b: Pyroar
|-singleturn|p1b: Pyroar|Protect
|move|p2a: Incineroar|Fake Out|p1b: Pyroar
|-activate|p1b: Pyroar|move: Protect
|move|p2b: Archaludon|Electro Shot||[still]
|-prepare|p2b: Archaludon|Electro Shot
|-boost|p2b: Archaludon|spa|1
|move|p1a: Ninetales|Fake Tears|p2b: Archaludon
|-unboost|p2b: Archaludon|spd|2
|
|-weather|SunnyDay|[upkeep]
|upkeep
|turn|3
|
|t:|1782246481
|switch|p1b: Basculegion|Basculegion, L50, M|100/100
|move|p2b: Archaludon|Electro Shot|p1b: Basculegion|[from] lockedmove
|-supereffective|p1b: Basculegion|1
|-damage|p1b: Basculegion|0 fnt
|faint|p1b: Basculegion
|move|p1a: Ninetales|Fake Tears|p2a: Incineroar
|-unboost|p2a: Incineroar|spd|2
|move|p2a: Incineroar|Throat Chop|p1a: Ninetales
|-damage|p1a: Ninetales|31/100
|-start|p1a: Ninetales|Throat Chop|[silent]
|
|-weather|SunnyDay|[upkeep]
|upkeep
|
|t:|1782246492
|switch|p1b: Pyroar|Pyroar-Mega, L50, F|100/100
|turn|4
|
|t:|1782246504
|move|p2b: Archaludon|Dragon Pulse|p1b: Pyroar
|-damage|p1b: Pyroar|32/100
|move|p1a: Ninetales|Fake Tears|p2a: Incineroar
|-unboost|p2a: Incineroar|spd|2
|move|p1b: Pyroar|Heat Wave|p2b: Archaludon|[spread] p2a,p2b
|-resisted|p2a: Incineroar|1
|-damage|p2a: Incineroar|9/100
|-damage|p2b: Archaludon|0 fnt
|-enditem|p2a: Incineroar|Sitrus Berry|[eat]
|-heal|p2a: Incineroar|34/100|[from] item: Sitrus Berry
|faint|p2b: Archaludon
|move|p2a: Incineroar|Flare Blitz|p1b: Pyroar
|-resisted|p1b: Pyroar|1
|-damage|p1b: Pyroar|0 fnt
|faint|p1b: Pyroar
|-damage|p2a: Incineroar|25/100|[from] Recoil
|
|-weather|SunnyDay|[upkeep]
|-end|p1a: Ninetales|Throat Chop|[silent]
|-sideend|p2: Imlikewater|move: Tailwind
|upkeep
|
|t:|1782246519
|switch|p1b: Whimsicott|Whimsicott, L50, M|100/100
|turn|5
|
|t:|1782246528
|move|p1a: Ninetales|Fake Tears|p2a: Incineroar
|-unboost|p2a: Incineroar|spd|2
|move|p1b: Whimsicott|Moonblast|p2a: Incineroar
|-damage|p2a: Incineroar|0 fnt
|faint|p2a: Incineroar
|
|win|titsydude
|raw|titsydude's rating: 1088 → 1111(+23 for winning)
|raw|Imlikewater's rating: 1040 → 1026(-14 for losing)
