|j|☆DeewompostYT
|j|☆gyu777777
|html|DeewompostYTgyu777777    
|uhtml|bestof|Game 2 of a best-of-3
|t:|1785458334
|gametype|doubles
|player|p1|DeewompostYT|guitarist|1207
|player|p2|gyu777777|102|1059
|gen|9
|tier|[Gen 9 Champions] VGC 2026 Reg M-B (Bo3)
|rated|
|rule|Species Clause: Limit one of each Pokémon
|rule|Item Clause: Limit 1 of each item
|clearpoke
|poke|p1|Whimsicott, L50, F|
|poke|p1|Kommo-o, L50, F|
|poke|p1|Charizard, L50, F|
|poke|p1|Incineroar, L50, F|
|poke|p1|Sylveon, L50, M|
|poke|p1|Basculegion, L50, M|
|poke|p2|Scizor, L50, F|
|poke|p2|Pelipper, L50, F|
|poke|p2|Archaludon, L50, M|
|poke|p2|Sneasler, L50, F|
|poke|p2|Garchomp, L50, M|
|poke|p2|Grimmsnarl, L50, M|
|teampreview|4
|showteam|p1|Whimsicott||FocusSash|Prankster|Tailwind,Moonblast,Encore,Protect|Timid||F|||50|]Kommo-o||LifeOrb|Overcoat|ClangingScales,AuraSphere,VacuumWave,Protect|Modest||F|||50|]Charizard||CharizarditeY|Blaze|HeatWave,SolarBeam,WeatherBall,Protect|Modest||F|||50|]Incineroar||SitrusBerry|Intimidate|FakeOut,FlareBlitz,DarkestLariat,PartingShot|Adamant||F|||50|]Sylveon||FairyFeather|Pixilate|HyperVoice,HyperBeam,QuickAttack,Detect|Modest||M|||50|]Basculegion||MysticWater|SwiftSwim|WaveCrash,LastRespects,AquaJet,Protect|Adamant||M|||50|
|showteam|p2|Scizor||Scizorite|Technician|BulletPunch,DualWingbeat,SwordsDance,Protect|Adamant||F|||50|]Pelipper||FocusSash|Drizzle|WeatherBall,WideGuard,Tailwind,Protect|Modest||F|||50|]Archaludon||Leftovers|Stamina|ElectroShot,FlashCannon,DracoMeteor,Protect|Modest||M|||50|]Sneasler||WhiteHerb|Unburden|DireClaw,CloseCombat,FakeOut,Protect|Adamant||F|||50|]Garchomp||ExpertBelt|RoughSkin|RockSlide,DragonClaw,Protect,EarthPower|Naive||M|||50|]Grimmsnarl||LightClay|Prankster|PartingShot,LightScreen,FakeOut,DrainingKiss|Sassy||M|||50|
|inactive|Battle timer is ON: inactive players will automatically lose when time's up. (requested by gyu777777)
|inactive|DeewompostYT has 60 seconds left.
|
|t:|1785458418
|teamsize|p1|4
|teamsize|p2|4
|start
|switch|p1a: Sylveon|Sylveon, L50, M|100/100
|switch|p1b: Whimsicott|Whimsicott, L50, F|100/100
|switch|p2a: Grimmsnarl|Grimmsnarl, L50, M|100/100
|switch|p2b: Scizor|Scizor, L50, F|100/100
|turn|1
|inactive|DeewompostYT has 30 seconds left.
|inactive|DeewompostYT has 20 seconds left.
|inactive|DeewompostYT has 15 seconds left.
|
|t:|1785458462
|switch|p1a: Charizard|Charizard, L50, F|100/100
|detailschange|p2b: Scizor|Scizor-Mega, L50, F
|-mega|p2b: Scizor|Scizor|Scizorite
|move|p2a: Grimmsnarl|Fake Out|p1b: Whimsicott
|-damage|p1b: Whimsicott|89/100
|cant|p1b: Whimsicott|flinch
|move|p2b: Scizor|Swords Dance|p2b: Scizor
|-boost|p2b: Scizor|atk|2
|
|upkeep
|turn|2
|inactive|gyu777777 has 30 seconds left.
|
|t:|1785458488
|detailschange|p1a: Charizard|Charizard-Mega-Y, L50, F
|-mega|p1a: Charizard|Charizard|Charizardite Y
|-weather|SunnyDay|[from] ability: Drought|[of] p1a: Charizard
|move|p2b: Scizor|Protect|p2b: Scizor
|-singleturn|p2b: Scizor|Protect
|move|p1b: Whimsicott|Encore|p2b: Scizor
|-activate|p2b: Scizor|move: Protect
|move|p2a: Grimmsnarl|Parting Shot|p1a: Charizard
|-unboost|p1a: Charizard|atk|1
|-unboost|p1a: Charizard|spa|1
|
|t:|1785458500
|switch|p2a: Pelipper|Pelipper, L50, F|100/100|[from] Parting Shot
|-weather|RainDance|[from] ability: Drizzle|[of] p2a: Pelipper
|move|p1a: Charizard|Weather Ball|p2b: Scizor
|-activate|p2b: Scizor|move: Protect
|
|-weather|RainDance|[upkeep]
|upkeep
|turn|3
|inactive|DeewompostYT has 30 seconds left.
|
|t:|1785458529
|move|p1b: Whimsicott|Encore|p2b: Scizor
|-start|p2b: Scizor|Encore
|move|p2b: Scizor|Protect||[still]
|-fail|p2b: Scizor
|move|p1a: Charizard|Heat Wave|p2a: Pelipper|[spread] p2a,p2b
|-resisted|p2a: Pelipper|1
|-supereffective|p2b: Scizor|2
|-damage|p2a: Pelipper|86/100
|-damage|p2b: Scizor|35/100
|move|p2a: Pelipper|Tailwind|p2a: Pelipper
|-sidestart|p2: gyu777777|move: Tailwind
|
|-weather|RainDance|[upkeep]
|upkeep
|turn|4
|inactive|DeewompostYT has 30 seconds left.
|
|t:|1785458554
|switch|p1a: Sylveon|Sylveon, L50, M|100/100
|move|p2b: Scizor|Protect|p2b: Scizor
|-singleturn|p2b: Scizor|Protect
|move|p1b: Whimsicott|Encore|p2a: Pelipper
|-start|p2a: Pelipper|Encore
|move|p2a: Pelipper|Tailwind||[still]
|-fail|p2a: Pelipper
|
|-weather|RainDance|[upkeep]
|upkeep
|turn|5
|inactive|gyu777777 has 30 seconds left.
|
|t:|1785458588
|switch|p2a: Grimmsnarl|Grimmsnarl, L50, M|100/100
|switch|p2b: Archaludon|Archaludon, L50, M|100/100
|move|p1b: Whimsicott|Moonblast|p2a: Grimmsnarl
|-supereffective|p2a: Grimmsnarl|1
|-damage|p2a: Grimmsnarl|47/100
|move|p1a: Sylveon|Hyper Voice|p2b: Archaludon|[spread] p2a,p2b
|-supereffective|p2a: Grimmsnarl|1
|-damage|p2a: Grimmsnarl|0 fnt
|-damage|p2b: Archaludon|36/100
|-ability|p2b: Archaludon|Stamina|boost
|-boost|p2b: Archaludon|def|1
|faint|p2a: Grimmsnarl
|
|-weather|RainDance|[upkeep]
|-heal|p2b: Archaludon|42/100|[from] item: Leftovers
|upkeep
|
|t:|1785458597
|switch|p2a: Scizor|Scizor-Mega, L50, F|35/100
|turn|6
|inactive|DeewompostYT has 30 seconds left.
|
|t:|1785458627
|move|p1b: Whimsicott|Protect|p1b: Whimsicott
|-singleturn|p1b: Whimsicott|Protect
|move|p1a: Sylveon|Detect|p1a: Sylveon
|-singleturn|p1a: Sylveon|Protect
|move|p2a: Scizor|Bullet Punch|p1a: Sylveon
|-activate|p1a: Sylveon|move: Protect
|move|p2b: Archaludon|Flash Cannon|p1b: Whimsicott
|-activate|p1b: Whimsicott|move: Protect
|
|-weather|none
|-heal|p2b: Archaludon|48/100|[from] item: Leftovers
|-sideend|p2: gyu777777|move: Tailwind
|upkeep
|turn|7
|
|t:|1785458652
|move|p1b: Whimsicott|Tailwind|p1b: Whimsicott
|-sidestart|p1: DeewompostYT|move: Tailwind
|move|p2a: Scizor|Bullet Punch|p1a: Sylveon
|-supereffective|p1a: Sylveon|1
|-damage|p1a: Sylveon|1/100
|move|p1a: Sylveon|Hyper Voice|p2a: Scizor|[spread] p2a,p2b
|-resisted|p2a: Scizor|1
|-damage|p2a: Scizor|9/100
|-damage|p2b: Archaludon|0 fnt
|faint|p2b: Archaludon
|
|upkeep
|
|t:|1785458663
|switch|p2b: Pelipper|Pelipper, L50, F|86/100
|-weather|RainDance|[from] ability: Drizzle|[of] p2b: Pelipper
|turn|8
|
|t:|1785458680
|move|p2b: Pelipper|Wide Guard|p2b: Pelipper
|-singleturn|p2b: Pelipper|Wide Guard
|move|p2a: Scizor|Bullet Punch|p1b: Whimsicott
|-supereffective|p1b: Whimsicott|1
|-damage|p1b: Whimsicott|13/100
|move|p1b: Whimsicott|Moonblast|p2a: Scizor
|-resisted|p2a: Scizor|1
|-damage|p2a: Scizor|0 fnt
|faint|p2a: Scizor
|move|p1a: Sylveon|Hyper Beam|p2b: Pelipper|[miss]
|-miss|p1a: Sylveon|p2b: Pelipper
|
|-weather|RainDance|[upkeep]
|upkeep
|turn|9
|
|t:|1785458699
|move|p1b: Whimsicott|Encore|p2b: Pelipper
|-start|p2b: Pelipper|Encore
|move|p2b: Pelipper|Wide Guard|p2b: Pelipper
|-singleturn|p2b: Pelipper|Wide Guard
|move|p1a: Sylveon|Hyper Beam|p2b: Pelipper
|-damage|p2b: Pelipper|0 fnt
|-mustrecharge|p1a: Sylveon
|faint|p2b: Pelipper
|
|win|DeewompostYT
|raw|DeewompostYT's rating: 1207 → 1222(+15 for winning)
|raw|gyu777777's rating: 1059 → 1048(-11 for losing)
|l|☆gyu777777
|player|p2|
|c|☆DeewompostYT|gg buddy
