|j|☆lux raymundi
|j|‽Somekidjon
|html|lux raymundiSomekidjon    
|uhtml|bestof|Game 1 of a best-of-3
|t:|1784587967
|gametype|doubles
|player|p1|lux raymundi|101|1325
|player|p2|Somekidjon|scientistf|1227
|gen|9
|tier|[Gen 9 Champions] VGC 2026 Reg M-B (Bo3)
|rated|
|rule|Species Clause: Limit one of each Pokémon
|rule|Item Clause: Limit 1 of each item
|clearpoke
|poke|p1|Sneasler, L50, M|
|poke|p1|Blastoise, L50, M|
|poke|p1|Kingambit, L50, M|
|poke|p1|Incineroar, L50, M|
|poke|p1|Delphox, L50, F|
|poke|p1|Sinistcha, L50|
|poke|p2|Tyranitar, L50, M|
|poke|p2|Excadrill, L50, F|
|poke|p2|Corviknight, L50, F|
|poke|p2|Basculegion, L50, M|
|poke|p2|Wyrdeer, L50, F|
|poke|p2|Falinks, L50|
|teampreview|4
|showteam|p1|Sneasler||FocusSash|PoisonTouch|PoisonJab,CloseCombat,FakeOut,QuickGuard|Jolly||M|||50|]Blastoise||Blastoisinite|RainDish|DarkPulse,WaterSpout,ShellSmash,Protect|Modest||M|||50|]Kingambit||BlackGlasses|Defiant|KowtowCleave,SuckerPunch,SwordsDance,Protect|Adamant||M|||50|]Incineroar||SitrusBerry|Intimidate|FlareBlitz,ThroatChop,PartingShot,FakeOut|Careful||M|||50|]Delphox||Delphoxite|Blaze|HeatWave,NastyPlot,Psychic,Protect|Timid||F|||50|]Sinistcha||KasibBerry|Hospitality|MatchaGotcha,RagePowder,TrickRoom,Protect|Bold|||||50|
|showteam|p2|Tyranitar||Tyranitarite|SandStream|Protect,KnockOff,RockSlide,DragonDance|Adamant||M|||50|]Excadrill||LifeOrb|SandRush|IronHead,Protect,HighHorsepower,RockSlide|Adamant||F|||50|]Corviknight||Leftovers|MirrorArmor|BulkUp,Roost,BraveBird,BodyPress|Careful||F|||50|]Basculegion||ChoiceScarf|Adaptability|AquaJet,LastRespects,WaveCrash,FlipTurn|Adamant||M|||50|]Wyrdeer||SitrusBerry|Intimidate|SkillSwap,PsyshieldBash,Protect,HelpingHand|Careful||F|||50|]Falinks||Falinksite|Defiant|NoRetreat,RockSlide,CloseCombat,Protect|Adamant|||||50|
|
|t:|1784588007
|teamsize|p1|4
|teamsize|p2|4
|start
|switch|p1a: Sneasler|Sneasler, L50, M|100/100
|switch|p1b: Blastoise|Blastoise, L50, M|100/100
|switch|p2a: Falinks|Falinks, L50|100/100
|switch|p2b: Tyranitar|Tyranitar, L50, M|100/100
|-weather|Sandstorm|[from] ability: Sand Stream|[of] p2b: Tyranitar
|turn|1
|
|t:|1784588025
|switch|p2b: Wyrdeer|Wyrdeer, L50, F|100/100
|-ability|p2b: Wyrdeer|Intimidate|boost
|-unboost|p1a: Sneasler|atk|1
|-unboost|p1b: Blastoise|atk|1
|detailschange|p1b: Blastoise|Blastoise-Mega, L50, M
|-mega|p1b: Blastoise|Blastoise|Blastoisinite
|detailschange|p2a: Falinks|Falinks-Mega, L50
|-mega|p2a: Falinks|Falinks|Falinksite
|move|p1a: Sneasler|Fake Out|p2a: Falinks
|-damage|p2a: Falinks|91/100
|cant|p2a: Falinks|flinch
|move|p1b: Blastoise|Shell Smash|p1b: Blastoise
|-unboost|p1b: Blastoise|def|1
|-unboost|p1b: Blastoise|spd|1
|-boost|p1b: Blastoise|atk|2
|-boost|p1b: Blastoise|spa|2
|-boost|p1b: Blastoise|spe|2
|
|-weather|Sandstorm|[upkeep]
|-damage|p1b: Blastoise|94/100|[from] Sandstorm
|-damage|p1a: Sneasler|94/100|[from] Sandstorm
|-damage|p2a: Falinks|85/100|[from] Sandstorm
|-damage|p2b: Wyrdeer|93/100|[from] Sandstorm
|upkeep
|turn|2
|
|t:|1784588049
|move|p2a: Falinks|Protect|p2a: Falinks
|-singleturn|p2a: Falinks|Protect
|move|p1b: Blastoise|Water Spout|p2b: Wyrdeer|[spread] p2b
|-activate|p2a: Falinks|move: Protect
|-damage|p2b: Wyrdeer|0 fnt
|faint|p2b: Wyrdeer
|move|p1a: Sneasler|Poison Jab|p2a: Falinks
|-activate|p2a: Falinks|move: Protect
|
|-weather|Sandstorm|[upkeep]
|-damage|p1b: Blastoise|88/100|[from] Sandstorm
|-damage|p1a: Sneasler|88/100|[from] Sandstorm
|-damage|p2a: Falinks|79/100|[from] Sandstorm
|upkeep
|
|t:|1784588055
|switch|p2b: Basculegion|Basculegion, L50, M|100/100
|turn|3
|
|t:|1784588063
|switch|p1a: Sinistcha|Sinistcha, L50|100/100
|-heal|p1b: Blastoise|100/100|[from] ability: Hospitality|[of] p1a: Sinistcha
|move|p1b: Blastoise|Protect|p1b: Blastoise
|-singleturn|p1b: Blastoise|Protect
|move|p2b: Basculegion|Aqua Jet|p1b: Blastoise
|-activate|p1b: Blastoise|move: Protect
|move|p2a: Falinks|No Retreat|p2a: Falinks
|-boost|p2a: Falinks|atk|1
|-boost|p2a: Falinks|def|1
|-boost|p2a: Falinks|spa|1
|-boost|p2a: Falinks|spd|1
|-boost|p2a: Falinks|spe|1
|-start|p2a: Falinks|move: No Retreat
|
|-weather|Sandstorm|[upkeep]
|-damage|p1b: Blastoise|94/100|[from] Sandstorm
|-damage|p2a: Falinks|73/100|[from] Sandstorm
|-damage|p2b: Basculegion|93/100|[from] Sandstorm
|-damage|p1a: Sinistcha|93/100|[from] Sandstorm
|upkeep
|turn|4
|
|t:|1784588082
|switch|p2b: Tyranitar|Tyranitar, L50, M|100/100
|move|p1a: Sinistcha|Rage Powder|p1a: Sinistcha
|-singleturn|p1a: Sinistcha|move: Rage Powder
|move|p1b: Blastoise|Dark Pulse|p2b: Tyranitar
|-resisted|p2b: Tyranitar|1
|-damage|p2b: Tyranitar|71/100
|move|p2a: Falinks|Rock Slide|p1b: Blastoise|[spread] p1a,p1b
|-crit|p1a: Sinistcha
|-damage|p1a: Sinistcha|53/100
|-damage|p1b: Blastoise|41/100
|
|-weather|Sandstorm|[upkeep]
|-damage|p1b: Blastoise|35/100|[from] Sandstorm
|-damage|p2a: Falinks|67/100|[from] Sandstorm
|-damage|p1a: Sinistcha|47/100|[from] Sandstorm
|upkeep
|turn|5
|
|t:|1784588095
|move|p1a: Sinistcha|Rage Powder|p1a: Sinistcha
|-singleturn|p1a: Sinistcha|move: Rage Powder
|move|p1b: Blastoise|Water Spout|p2a: Falinks|[spread] p2a,p2b
|-supereffective|p2b: Tyranitar|1
|-damage|p2a: Falinks|9/100
|-damage|p2b: Tyranitar|13/100
|move|p2a: Falinks|Rock Slide|p1a: Sinistcha|[spread] p1a,p1b
|-damage|p1a: Sinistcha|17/100
|-damage|p1b: Blastoise|0 fnt
|faint|p1b: Blastoise
|move|p2b: Tyranitar|Dragon Dance|p2b: Tyranitar
|-boost|p2b: Tyranitar|atk|1
|-boost|p2b: Tyranitar|spe|1
|
|-weather|none
|upkeep
|
|t:|1784588102
|switch|p1b: Sneasler|Sneasler, L50, M|88/100
|turn|6
|
|t:|1784588111
|move|p2a: Falinks|Protect|p2a: Falinks
|-singleturn|p2a: Falinks|Protect
|move|p2b: Tyranitar|Protect|p2b: Tyranitar
|-singleturn|p2b: Tyranitar|Protect
|move|p1b: Sneasler|Fake Out|p2a: Falinks
|-activate|p2a: Falinks|move: Protect
|move|p1a: Sinistcha|Matcha Gotcha|p2b: Tyranitar|[spread] 
|-activate|p2a: Falinks|move: Protect
|-activate|p2b: Tyranitar|move: Protect
|
|upkeep
|turn|7
|
|t:|1784588130
|switch|p1a: Incineroar|Incineroar, L50, M|100/100
|-ability|p1a: Incineroar|Intimidate|boost
|-unboost|p2a: Falinks|atk|1
|-ability|p2a: Falinks|Defiant|boost
|-boost|p2a: Falinks|atk|2
|-unboost|p2b: Tyranitar|atk|1
|move|p2a: Falinks|Rock Slide|p1b: Sneasler|[spread] p1a,p1b
|-supereffective|p1a: Incineroar|1
|-resisted|p1b: Sneasler|1
|-damage|p1a: Incineroar|21/100
|-damage|p1b: Sneasler|51/100
|-enditem|p1a: Incineroar|Sitrus Berry|[eat]
|-heal|p1a: Incineroar|46/100|[from] item: Sitrus Berry
|move|p1b: Sneasler|Close Combat|p2b: Tyranitar
|-supereffective|p2b: Tyranitar|2
|-damage|p2b: Tyranitar|0 fnt
|-unboost|p1b: Sneasler|def|1
|-unboost|p1b: Sneasler|spd|1
|faint|p2b: Tyranitar
|
|upkeep
|
|t:|1784588139
|switch|p2b: Basculegion|Basculegion, L50, M|93/100
|turn|8
|
|t:|1784588157
|switch|p1a: Sinistcha|Sinistcha, L50|17/100
|-heal|p1b: Sneasler|76/100|[from] ability: Hospitality|[of] p1a: Sinistcha
|move|p2a: Falinks|Protect|p2a: Falinks
|-singleturn|p2a: Falinks|Protect
|move|p2b: Basculegion|Last Respects|p1b: Sneasler
|-damage|p1b: Sneasler|0 fnt
|faint|p1b: Sneasler
|
|upkeep
|
|t:|1784588163
|switch|p1b: Incineroar|Incineroar, L50, M|46/100
|-ability|p1b: Incineroar|Intimidate|boost
|-unboost|p2a: Falinks|atk|1
|-ability|p2a: Falinks|Defiant|boost
|-boost|p2a: Falinks|atk|2
|-unboost|p2b: Basculegion|atk|1
|turn|9
|
|t:|1784588174
|move|p1b: Incineroar|Fake Out|p2a: Falinks
|-damage|p2a: Falinks|2/100
|cant|p2a: Falinks|flinch
|move|p2b: Basculegion|Last Respects|p1a: Sinistcha
|-supereffective|p1a: Sinistcha|1
|-enditem|p1a: Sinistcha|Kasib Berry|[eat]
|-enditem|p1a: Sinistcha|Kasib Berry|[weaken]
|-damage|p1a: Sinistcha|0 fnt
|faint|p1a: Sinistcha
|
|upkeep
|turn|10
|
|t:|1784588185
|move|p2a: Falinks|Close Combat|p1b: Incineroar
|-supereffective|p1b: Incineroar|1
|-damage|p1b: Incineroar|0 fnt
|-unboost|p2a: Falinks|def|1
|-unboost|p2a: Falinks|spd|1
|faint|p1b: Incineroar
|
|win|Somekidjon
