|j|☆rudy4242
|j|☆lolgz
|html|rudy4242lolgz    
|uhtml|bestof|Game 1 of a best-of-3
|t:|1782432871
|gametype|doubles
|player|p1|rudy4242|giovanni|1204
|player|p2|lolgz|dawn|1165
|gen|9
|tier|[Gen 9 Champions] VGC 2026 Reg M-B (Bo3)
|rated|
|rule|Species Clause: Limit one of each Pokémon
|rule|Item Clause: Limit 1 of each item
|clearpoke
|poke|p1|Mimikyu, L50, F|
|poke|p1|Bellibolt, L50, F|
|poke|p1|Camerupt, L50, F|
|poke|p1|Primarina, L50, M|
|poke|p1|Farigiraf, L50, F|
|poke|p1|Abomasnow, L50, F|
|poke|p2|Mawile, L50, M|
|poke|p2|Sneasler, L50, M|
|poke|p2|Farigiraf, L50, F|
|poke|p2|Ampharos, L50, F|
|poke|p2|Vileplume, L50, M|
|poke|p2|Torkoal, L50, F|
|teampreview|4
|showteam|p1|Mimikyu||MentalHerb|Disguise|PlayRough,TrickRoom,WillOWisp,DestinyBond|Sassy||F|||50|]Bellibolt||SitrusBerry|Electromorphosis|Thunderbolt,ParabolicCharge,MuddyWater,Protect|Quiet||F|||50|]Camerupt||Cameruptite|MagmaArmor|HeatWave,EarthPower,RockSlide,Protect|Quiet||F|||50|]Primarina||Leftovers|LiquidVoice|HyperVoice,Moonblast,CalmMind,Protect|Quiet||M|||50|]Farigiraf||ColburBerry|ArmorTail|TwinBeam,HelpingHand,AllySwitch,TrickRoom|Sassy||F|||50|]Abomasnow||Abomasite|SnowWarning|Blizzard,EnergyBall,EarthPower,AuroraVeil|Quiet||F|||50|
|showteam|p2|Mawile||Mawilite|HyperCutter|PlayRough,SuckerPunch,SwordsDance,Protect|Serious||M|||50|]Sneasler||IronBall|PoisonTouch|FakeOut,DireClaw,CloseCombat,RockTomb|Brave||M|||50|]Farigiraf||SitrusBerry|ArmorTail|TrickRoom,Thunderbolt,Psychic,HelpingHand|Relaxed||F|||50|]Ampharos||Ampharosite|Static|Thunderbolt,DragonPulse,Protect,FocusBlast|Brave||F|||50|]Vileplume||FocusSash|Chlorophyll|SleepPowder,SludgeBomb,EnergyBall,AfterYou|Timid||M|||50|]Torkoal||Charcoal|Drought|Eruption,WeatherBall,EarthPower,Protect|Quiet||F|||50|
|inactive|Battle timer is ON: inactive players will automatically lose when time's up. (requested by lolgz)
|inactive|rudy4242 has 60 seconds left.
|inactive|lolgz has 60 seconds left.
|inactive|rudy4242 has 30 seconds left.
|
|t:|1782432936
|teamsize|p1|4
|teamsize|p2|4
|start
|switch|p1a: Mimikyu|Mimikyu, L50, F|100/100
|switch|p1b: Camerupt|Camerupt, L50, F|100/100
|switch|p2a: Vileplume|Vileplume, L50, M|100/100
|switch|p2b: Torkoal|Torkoal, L50, F|100/100
|-weather|SunnyDay|[from] ability: Drought|[of] p2b: Torkoal
|turn|1
|
|t:|1782432953
|move|p1b: Camerupt|Protect|p1b: Camerupt
|-singleturn|p1b: Camerupt|Protect
|move|p2a: Vileplume|Sleep Powder|p1b: Camerupt
|-activate|p1b: Camerupt|move: Protect
|move|p2b: Torkoal|Weather Ball|p1a: Mimikyu
|-activate|p1a: Mimikyu|ability: Disguise
|-damage|p1a: Mimikyu|100/100
|detailschange|p1a: Mimikyu|Mimikyu-Busted, L50, F
|-damage|p1a: Mimikyu|87/100|[from] pokemon: Mimikyu-Busted
|move|p1a: Mimikyu|Trick Room|p1a: Mimikyu
|-fieldstart|move: Trick Room|[of] p1a: Mimikyu
|
|-weather|SunnyDay|[upkeep]
|upkeep
|turn|2
|inactive|rudy4242 has 30 seconds left.
|inactive|rudy4242 has 20 seconds left.
|
|t:|1782432991
|detailschange|p1b: Camerupt|Camerupt-Mega, L50, F
|-mega|p1b: Camerupt|Camerupt|Cameruptite
|move|p1b: Camerupt|Earth Power|p2b: Torkoal
|-supereffective|p2b: Torkoal|1
|-damage|p2b: Torkoal|0 fnt
|faint|p2b: Torkoal
|move|p1a: Mimikyu|Play Rough|p2a: Vileplume
|-resisted|p2a: Vileplume|1
|-damage|p2a: Vileplume|79/100
|move|p2a: Vileplume|Sleep Powder|p1b: Camerupt
|-status|p1b: Camerupt|slp|[from] move: Sleep Powder
|
|-weather|SunnyDay|[upkeep]
|upkeep
|
|t:|1782432999
|switch|p2b: Sneasler|Sneasler, L50, M|100/100
|turn|3
|
|t:|1782433020
|switch|p1b: Abomasnow|Abomasnow, L50, F|100/100
|-weather|Snowscape|[from] ability: Snow Warning|[of] p1b: Abomasnow
|move|p2b: Sneasler|Close Combat|p1b: Abomasnow
|-supereffective|p1b: Abomasnow|1
|-damage|p1b: Abomasnow|0 fnt
|-unboost|p2b: Sneasler|def|1
|-unboost|p2b: Sneasler|spd|1
|faint|p1b: Abomasnow
|move|p1a: Mimikyu|Will-O-Wisp|p2b: Sneasler
|-status|p2b: Sneasler|brn
|move|p2a: Vileplume|Sludge Bomb|p1a: Mimikyu
|-damage|p1a: Mimikyu|54/100
|
|-weather|Snowscape|[upkeep]
|-damage|p2b: Sneasler|94/100 brn|[from] brn
|upkeep
|
|t:|1782433034
|switch|p1b: Camerupt|Camerupt-Mega, L50, F|100/100 slp
|turn|4
|
|t:|1782433042
|switch|p2b: Mawile|Mawile, L50, M|100/100
|cant|p1b: Camerupt|slp
|move|p1a: Mimikyu|Destiny Bond|p1a: Mimikyu
|-singlemove|p1a: Mimikyu|Destiny Bond
|move|p2a: Vileplume|Sleep Powder|p1a: Mimikyu
|-status|p1a: Mimikyu|slp|[from] move: Sleep Powder
|
|-weather|Snowscape|[upkeep]
|upkeep
|turn|5
|
|t:|1782433059
|detailschange|p2b: Mawile|Mawile-Mega, L50, M
|-mega|p2b: Mawile|Mawile|Mawilite
|-curestatus|p1b: Camerupt|slp|[msg]
|move|p1b: Camerupt|Heat Wave|p2b: Mawile|[spread] p2a,p2b
|-supereffective|p2a: Vileplume|1
|-supereffective|p2b: Mawile|1
|-damage|p2a: Vileplume|0 fnt
|-damage|p2b: Mawile|0 fnt
|faint|p2a: Vileplume
|faint|p2b: Mawile
|cant|p1a: Mimikyu|slp
|
|-weather|Snowscape|[upkeep]
|-fieldend|move: Trick Room
|upkeep
|-message|lolgz forfeited.
|
|win|rudy4242
