|j|☆MrPhoenixGC
|j|☆ossigt
|html|MrPhoenixGCossigt    
|uhtml|bestof|Game 2 of a best-of-3
|t:|1756996206
|gametype|doubles
|player|p1|MrPhoenixGC|steven|1189
|player|p2|ossigt|hilbert-wonderlauncher|1158
|gen|9
|tier|[Gen 9] VGC 2025 Reg H (Bo3)
|rated|
|rule|Species Clause: Limit one of each Pokémon
|rule|Item Clause: Limit 1 of each item
|clearpoke
|poke|p1|Gholdengo, L50|
|poke|p1|Pelipper, L50, F|
|poke|p1|Archaludon, L50, M|
|poke|p1|Ursaluna, L50, F|
|poke|p1|Dragonite, L50, M|
|poke|p1|Sinistcha, L50|
|poke|p2|Kingambit, L50, F|
|poke|p2|Rillaboom, L50, F|
|poke|p2|Electabuzz, L50, M|
|poke|p2|Dragapult, L50, M|
|poke|p2|Volcarona, L50, M|
|poke|p2|Tauros-Paldea-Aqua, L50, M|
|teampreview|4
|showteam|p1|Gholdengo||ChoiceScarf|GoodasGold|MakeItRain,ShadowBall,Trick,Protect||||||50|,,,,,Water]Pelipper||FocusSash|Drizzle|Protect,MuddyWater,Hurricane,WideGuard|||F|||50|,,,,,Ghost]Archaludon||AssaultVest|Stamina|BodyPress,Snarl,ElectroShot,FlashCannon|||M|||50|,,,,,Bug]Ursaluna||FlameOrb|Guts|Protect,Facade,Earthquake,HeadlongRush|||F|||50|,,,,,Ghost]Dragonite||LoadedDice|Multiscale|ScaleShot,Haze,Tailwind,Protect|||M|||50|,,,,,Fairy]Sinistcha||SitrusBerry|Hospitality|TrickRoom,MatchaGotcha,LifeDew,RagePowder||||||50|,,,,,Dark
|showteam|p2|Kingambit||BlackGlasses|Defiant|Protect,KowtowCleave,SuckerPunch,SwordsDance|||F|||50|,,,,,Dark]Rillaboom||AssaultVest|GrassySurge|WoodHammer,GrassyGlide,Uturn,FakeOut|||F|||50|,,,,,Fire]Electabuzz||Eviolite|VitalSpirit|Protect,Thunderbolt,HelpingHand,FollowMe|||M|||50|,,,,,Ghost]Dragapult||ChoiceBand|ClearBody|DragonDarts,PhantomForce,Outrage,Uturn|||M|||50|,,,,,Ghost]Volcarona||CovertCloak|FlameBody|Protect,HeatWave,GigaDrain,QuiverDance|||M|||50|,,,,,Dragon]Tauros-Paldea-Aqua||MirrorHerb|Intimidate|Protect,WaveCrash,CloseCombat,AquaJet|||M|||50|,,,,,Water
|
|t:|1756996241
|teamsize|p1|4
|teamsize|p2|4
|start
|switch|p1a: Pelipper|Pelipper, L50, F|100/100
|switch|p1b: Dragonite|Dragonite, L50, M|100/100
|switch|p2a: Dragapult|Dragapult, L50, M, shiny|100/100
|switch|p2b: Volcarona|Volcarona, L50, M, shiny|100/100
|-weather|RainDance|[from] ability: Drizzle|[of] p1a: Pelipper
|turn|1
|inactive|Battle timer is ON: inactive players will automatically lose when time's up. (requested by ossigt)
|
|t:|1756996279
|-terastallize|p2a: Dragapult|Ghost
|move|p2a: Dragapult|Dragon Darts|p1a: Pelipper
|-damage|p1a: Pelipper|51/100
|-anim|p2a: Dragapult|Dragon Darts|p1b: Dragonite
|-supereffective|p1b: Dragonite
|-damage|p1b: Dragonite|62/100
|move|p2b: Volcarona|Quiver Dance|p2b: Volcarona
|-boost|p2b: Volcarona|spa|1
|-boost|p2b: Volcarona|spd|1
|-boost|p2b: Volcarona|spe|1
|move|p1b: Dragonite|Scale Shot|p2b: Volcarona
|-damage|p2b: Volcarona|83/100
|-damage|p2b: Volcarona|66/100
|-crit|p2b: Volcarona
|-damage|p2b: Volcarona|39/100
|-damage|p2b: Volcarona|20/100
|-hitcount|p2b: Volcarona|4
|-unboost|p1b: Dragonite|def|1
|-boost|p1b: Dragonite|spe|1
|move|p1a: Pelipper|Hurricane|p2b: Volcarona
|-supereffective|p2b: Volcarona
|-damage|p2b: Volcarona|0 fnt
|faint|p2b: Volcarona
|
|-weather|RainDance|[upkeep]
|upkeep
|
|t:|1756996304
|switch|p2b: Tauros|Tauros-Paldea-Aqua, L50, M|100/100
|-ability|p2b: Tauros|Intimidate|boost
|-unboost|p1a: Pelipper|atk|1
|-unboost|p1b: Dragonite|atk|1
|turn|2
|inactive|MrPhoenixGC has 30 seconds left.
|
|t:|1756996338
|-terastallize|p1b: Dragonite|Fairy
|move|p1a: Pelipper|Protect|p1a: Pelipper
|-singleturn|p1a: Pelipper|Protect
|move|p2b: Tauros|Aqua Jet|p1a: Pelipper
|-activate|p1a: Pelipper|move: Protect
|move|p2a: Dragapult|Dragon Darts|p1b: Dragonite
|-immune|p1b: Dragonite
|move|p1b: Dragonite|Scale Shot|p2a: Dragapult
|-damage|p2a: Dragapult|88/100
|-damage|p2a: Dragapult|74/100
|-damage|p2a: Dragapult|60/100
|-damage|p2a: Dragapult|47/100
|-hitcount|p2a: Dragapult|4
|-unboost|p1b: Dragonite|def|1
|-boost|p1b: Dragonite|spe|1
|-enditem|p2b: Tauros|Mirror Herb
|-boost|p2b: Tauros|spe|1|[from] item: Mirror Herb
|
|-weather|RainDance|[upkeep]
|upkeep
|turn|3
|inactive|MrPhoenixGC has 30 seconds left.
|inactive|MrPhoenixGC has 20 seconds left.
|
|t:|1756996374
|switch|p1a: Sinistcha|Sinistcha, L50|100/100
|-heal|p1b: Dragonite|86/100|[from] ability: Hospitality|[of] p1a: Sinistcha
|move|p1b: Dragonite|Scale Shot|p2a: Dragapult
|-damage|p2a: Dragapult|34/100
|-damage|p2a: Dragapult|21/100
|-damage|p2a: Dragapult|8/100
|-damage|p2a: Dragapult|0 fnt
|faint|p2a: Dragapult
|-hitcount|p2: Dragapult|4
|-unboost|p1b: Dragonite|def|1
|-boost|p1b: Dragonite|spe|1
|move|p2b: Tauros|Wave Crash|p1b: Dragonite
|-damage|p1b: Dragonite|0 fnt
|faint|p1b: Dragonite
|-damage|p2b: Tauros|70/100|[from] Recoil
|
|-weather|RainDance|[upkeep]
|upkeep
|
|t:|1756996396
|switch|p2a: Electabuzz|Electabuzz, L50, M, shiny|100/100
|switch|p1b: Archaludon|Archaludon, L50, M|100/100
|turn|4
|
|t:|1756996420
|move|p2a: Electabuzz|Follow Me|p2a: Electabuzz
|-singleturn|p2a: Electabuzz|move: Follow Me
|move|p2b: Tauros|Wave Crash|p1b: Archaludon
|-resisted|p1b: Archaludon
|-damage|p1b: Archaludon|73/100
|-ability|p1b: Archaludon|Stamina|boost
|-boost|p1b: Archaludon|def|1
|-damage|p2b: Tauros|60/100|[from] Recoil
|move|p1b: Archaludon|Body Press|p2a: Electabuzz
|-damage|p2a: Electabuzz|74/100
|move|p1a: Sinistcha|Matcha Gotcha|p2b: Tauros|[spread] p2a,p2b
|-supereffective|p2b: Tauros
|-damage|p2a: Electabuzz|55/100
|-damage|p2b: Tauros|0 fnt
|faint|p2b: Tauros
|
|-weather|RainDance|[upkeep]
|upkeep
|turn|5
|-message|ossigt forfeited.
|
|win|MrPhoenixGC
|raw|MrPhoenixGC's rating: 1189 → 1212(+23 for winning)
|raw|ossigt's rating: 1158 → 1135(-23 for losing)
|l|☆ossigt
|player|p2|
