|j|☆Juiceman19
|j|☆ashwino
|html|Juiceman19ashwino    
|uhtml|bestof|Game 1 of a best-of-3
|t:|1783561359
|gametype|doubles
|player|p1|Juiceman19|102|
|player|p2|ashwino|266|
|gen|9
|tier|[Gen 9 Champions] VGC 2026 Reg M-B (Bo3)
|rule|Species Clause: Limit one of each Pokémon
|rule|Item Clause: Limit 1 of each item
|clearpoke
|poke|p1|Sinistcha, L50|
|poke|p1|Mawile, L50, F|
|poke|p1|Oranguru, L50, F|
|poke|p1|Tyranitar, L50, F|
|poke|p1|Skeledirge, L50, M|
|poke|p1|Rotom-Wash, L50|
|poke|p2|Froslass, L50, F, shiny|
|poke|p2|Kingambit, L50, M|
|poke|p2|Scovillain, L50, M|
|poke|p2|Arcanine-Hisui, L50, M|
|poke|p2|Garchomp, L50, F|
|poke|p2|Gallade, L50, M, shiny|
|teampreview|4
|showteam|p1|Sinistcha||YacheBerry|Hospitality|MatchaGotcha,TrickRoom,RagePowder,Protect|Serious|||||50|]Mawile||Mawilite|HyperCutter|PlayRough,SuckerPunch,IronHead,Protect|Brave||F|||50|]Oranguru||ColburBerry|InnerFocus|Psychic,Instruct,Encore,TrickRoom|Sassy||F|||50|]Tyranitar||Tyranitarite|SandStream|RockSlide,Protect,KnockOff,LowKick|Adamant||F|||50|]Skeledirge||Leftovers|Unaware|TorchSong,ShadowBall,Protect,SlackOff|Relaxed||M|||50|]Rotom-Wash||SitrusBerry|Levitate|Thunderbolt,VoltSwitch,Protect,HydroPump|Modest|||||50|
|showteam|p2|Froslass||Froslassite|CursedBody|Protect,Blizzard,AuroraVeil,ShadowBall|Bold||F|||50|]Kingambit||ChopleBerry|Defiant|KowtowCleave,IronHead,SwordsDance,Protect|Adamant||M|||50|]Scovillain||SitrusBerry|Insomnia|RagePowder,Overheat,WorrySeed,Protect|Bold||M|||50|]Arcanine-Hisui||LifeOrb|Intimidate|FlareBlitz,ExtremeSpeed,RockSlide,Protect|Adamant||M|||50|]Garchomp||Garchompite|RoughSkin|Protect,StompingTantrum,DragonTail,RockSlide|Adamant||F|||50|]Gallade||FocusSash|Sharpness|TrickRoom,Imprison,SacredSword,Protect|Jolly||M|||50|
|
|t:|1783561466
|teamsize|p1|4
|teamsize|p2|4
|start
|switch|p1a: Sinistcha|Sinistcha, L50|100/100
|switch|p1b: Mawile|Mawile, L50, F|100/100
|switch|p2a: Gallade|Gallade, L50, M, shiny|100/100
|switch|p2b: Scovillain|Scovillain, L50, M|100/100
|turn|1
|c|☆ashwino|wait i just realized timer is off lol
|c|☆ashwino|we can start it from next turn
|
|t:|1783561625
|switch|p1b: Skeledirge|Skeledirge, L50, M|100/100
|move|p1a: Sinistcha|Protect|p1a: Sinistcha
|-singleturn|p1a: Sinistcha|Protect
|move|p2a: Gallade|Imprison|p2a: Gallade
|-start|p2a: Gallade|move: Imprison
|move|p2b: Scovillain|Overheat|p1b: Skeledirge
|-resisted|p1b: Skeledirge|1
|-damage|p1b: Skeledirge|74/100
|-unboost|p2b: Scovillain|spa|2
|
|-heal|p1b: Skeledirge|80/100|[from] item: Leftovers
|upkeep
|turn|2
|
|t:|1783561666
|switch|p2b: Arcanine|Arcanine-Hisui, L50, M|100/100
|-ability|p2b: Arcanine|Intimidate|boost
|-unboost|p1a: Sinistcha|atk|1
|-unboost|p1b: Skeledirge|atk|1
|move|p2a: Gallade|Protect|p2a: Gallade
|-singleturn|p2a: Gallade|Protect
|move|p1a: Sinistcha|Rage Powder|p1a: Sinistcha
|-singleturn|p1a: Sinistcha|move: Rage Powder
|move|p1b: Skeledirge|Shadow Ball|p2a: Gallade
|-activate|p2a: Gallade|move: Protect
|
|-heal|p1b: Skeledirge|86/100|[from] item: Leftovers
|upkeep
|turn|3
|
|t:|1783561725
|switch|p2a: Scovillain|Scovillain, L50, M|100/100
|switch|p1a: Oranguru|Oranguru, L50, F|100/100
|move|p2b: Arcanine|Rock Slide|p1a: Oranguru|[spread] p1a,p1b
|-supereffective|p1b: Skeledirge|1
|-damage|p1a: Oranguru|59/100
|-damage|p1b: Skeledirge|37/100
|-damage|p2b: Arcanine|90/100|[from] item: Life Orb
|move|p1b: Skeledirge|Shadow Ball|p2a: Scovillain
|-damage|p2a: Scovillain|58/100
|-unboost|p2a: Scovillain|spd|1
|
|-heal|p1b: Skeledirge|43/100|[from] item: Leftovers
|upkeep
|turn|4
|
|t:|1783561784
|move|p2a: Scovillain|Protect|p2a: Scovillain
|-singleturn|p2a: Scovillain|Protect
|move|p1b: Skeledirge|Protect|p1b: Skeledirge
|-singleturn|p1b: Skeledirge|Protect
|move|p2b: Arcanine|Flare Blitz|p1a: Oranguru
|-damage|p1a: Oranguru|0 fnt
|faint|p1a: Oranguru
|-damage|p2b: Arcanine|70/100|[from] Recoil
|-damage|p2b: Arcanine|60/100|[from] item: Life Orb
|
|-heal|p1b: Skeledirge|49/100|[from] item: Leftovers
|upkeep
|
|t:|1783561807
|switch|p1a: Mawile|Mawile, L50, F|100/100
|turn|5
|
|t:|1783561868
|detailschange|p1a: Mawile|Mawile-Mega, L50, F
|-mega|p1a: Mawile|Mawile|Mawilite
|move|p1a: Mawile|Protect|p1a: Mawile
|-singleturn|p1a: Mawile|Protect
|move|p2a: Scovillain|Rage Powder|p2a: Scovillain
|-singleturn|p2a: Scovillain|move: Rage Powder
|move|p2b: Arcanine|Rock Slide|p1b: Skeledirge|[spread] p1b
|-activate|p1a: Mawile|move: Protect
|-supereffective|p1b: Skeledirge|1
|-damage|p1b: Skeledirge|5/100
|-damage|p2b: Arcanine|50/100g|[from] item: Life Orb
|move|p1b: Skeledirge|Shadow Ball|p2a: Scovillain
|-damage|p2a: Scovillain|15/100
|-enditem|p2a: Scovillain|Sitrus Berry|[eat]
|-heal|p2a: Scovillain|40/100|[from] item: Sitrus Berry
|
|-heal|p1b: Skeledirge|11/100|[from] item: Leftovers
|upkeep
|turn|6
|
|t:|1783561906
|switch|p1a: Sinistcha|Sinistcha, L50|100/100
|-heal|p1b: Skeledirge|36/100|[from] ability: Hospitality|[of] p1a: Sinistcha
|move|p1b: Skeledirge|Protect|p1b: Skeledirge
|-singleturn|p1b: Skeledirge|Protect
|move|p2b: Arcanine|Flare Blitz|p1a: Sinistcha
|-supereffective|p1a: Sinistcha|1
|-damage|p1a: Sinistcha|0 fnt
|faint|p1a: Sinistcha
|-damage|p2b: Arcanine|21/100|[from] Recoil
|-damage|p2b: Arcanine|11/100|[from] item: Life Orb
|move|p2a: Scovillain|Overheat|p1b: Skeledirge
|-activate|p1b: Skeledirge|move: Protect
|
|-heal|p1b: Skeledirge|42/100|[from] item: Leftovers
|upkeep
|
|t:|1783561921
|switch|p1a: Mawile|Mawile-Mega, L50, F|100/100
|turn|7
|
|t:|1783561945
|move|p1a: Mawile|Protect|p1a: Mawile
|-singleturn|p1a: Mawile|Protect
|move|p2a: Scovillain|Rage Powder|p2a: Scovillain
|-singleturn|p2a: Scovillain|move: Rage Powder
|move|p2b: Arcanine|Flare Blitz|p1a: Mawile
|-activate|p1a: Mawile|move: Protect
|move|p1b: Skeledirge|Shadow Ball|p2a: Scovillain
|-damage|p2a: Scovillain|0 fnt
|faint|p2a: Scovillain
|
|-heal|p1b: Skeledirge|48/100|[from] item: Leftovers
|upkeep
|
|t:|1783561958
|switch|p2a: Gallade|Gallade, L50, M, shiny|100/100
|turn|8
|
|t:|1783561983
|move|p1a: Mawile|Sucker Punch|p2b: Arcanine
|-damage|p2b: Arcanine|0 fnt
|faint|p2b: Arcanine
|move|p2a: Gallade|Sacred Sword|p1a: Mawile
|-damage|p1a: Mawile|38/100
|move|p1b: Skeledirge|Shadow Ball|p2a: Gallade
|-supereffective|p2a: Gallade|1
|-damage|p2a: Gallade|29/100
|
|-heal|p1b: Skeledirge|54/100|[from] item: Leftovers
|upkeep
|
|t:|1783561994
|switch|p2b: Froslass|Froslass, L50, F, shiny|100/100
|turn|9
|
|t:|1783562022
|detailschange|p2b: Froslass|Froslass-Mega, L50, F, shiny
|-mega|p2b: Froslass|Froslass|Froslassite
|-weather|Snowscape|[from] ability: Snow Warning|[of] p2b: Froslass
|move|p1a: Mawile|Protect|p1a: Mawile
|-singleturn|p1a: Mawile|Protect
|move|p2a: Gallade|Sacred Sword|p1a: Mawile
|-activate|p1a: Mawile|move: Protect
|move|p2b: Froslass|Shadow Ball|p1b: Skeledirge
|-supereffective|p1b: Skeledirge|1
|-damage|p1b: Skeledirge|0 fnt
|faint|p1b: Skeledirge
|
|-weather|Snowscape|[upkeep]
|upkeep
|turn|10
|
|t:|1783562047
|move|p1a: Mawile|Sucker Punch|p2a: Gallade
|-damage|p2a: Gallade|0 fnt
|faint|p2a: Gallade
|move|p2b: Froslass|Shadow Ball|p1a: Mawile
|-damage|p1a: Mawile|0 fnt
|faint|p1a: Mawile
|
|win|ashwino
|inactive|Juiceman19 has 30 seconds to confirm battle start!
|inactive|ashwino has 30 seconds to confirm battle start!
||Juiceman19 is ready for game 2.
||ashwino is ready for game 2.
|uhtml|next|Next: Game 2 of 3
|l|☆ashwino
|player|p2|
|l|☆Juiceman19
|player|p1|
|j|☆ashwino
|player|p2|ashwino|266|
