|j|☆lolgz
|j|☆Jet Stream Cyber
|html|lolgzJet Stream Cyber    
|uhtml|bestof|Game 1 of a best-of-3
|t:|1783319461
|gametype|doubles
|player|p1|lolgz|dawn|1027
|player|p2|Jet Stream Cyber|red|1064
|gen|9
|tier|[Gen 9 Champions] VGC 2026 Reg M-B (Bo3)
|rated|
|rule|Species Clause: Limit one of each Pokémon
|rule|Item Clause: Limit 1 of each item
|clearpoke
|poke|p1|Scrafty, L50, M|
|poke|p1|Vivillon, L50, M|
|poke|p1|Incineroar, L50, F|
|poke|p1|Sinistcha, L50|
|poke|p1|Rotom-Wash, L50|
|poke|p1|Delphox, L50, F|
|poke|p2|Gengar, L50, M|
|poke|p2|Basculegion, L50, M|
|poke|p2|Whimsicott, L50, F|
|poke|p2|Farigiraf, L50, M|
|poke|p2|Lopunny, L50, M|
|poke|p2|Incineroar, L50, F|
|teampreview|4
|showteam|p1|Scrafty||Scraftinite|Intimidate|DrainPunch,KnockOff,Protect,DragonDance|Jolly||M|||50|]Vivillon||ChoiceScarf|CompoundEyes|SleepPowder,Hurricane,RagePowder,Tailwind|Timid||M|||50|]Incineroar||PasshoBerry|Intimidate|PartingShot,FakeOut,ThroatChop,FlareBlitz|Careful||F|||50|]Sinistcha||KasibBerry|Hospitality|MatchaGotcha,RagePowder,LifeDew,Protect|Serious|||||50|]Rotom-Wash||SitrusBerry|Levitate|HydroPump,WillOWisp,VoltSwitch,LightScreen|Modest|||||50|]Delphox||Delphoxite|Blaze|HeatWave,Psychic,Protect,NastyPlot|Timid||F|||50|
|showteam|p2|Gengar||Gengarite|CursedBody|Protect,SludgeBomb,ShadowBall,Disable|Timid||M|||50|]Basculegion||MysticWater|Adaptability|Protect,WaveCrash,LastRespects,AquaJet|Jolly||M|||50|]Whimsicott||FocusSash|Prankster|Protect,Tailwind,Encore,Moonblast|Timid||F|||50|]Farigiraf||SitrusBerry|ArmorTail|Protect,TrickRoom,Imprison,DazzlingGleam|Modest||M|||50|]Lopunny||Lopunnite|Limber|Protect,CloseCombat,FakeOut,SwordsDance|Jolly||M|||50|]Incineroar||Leftovers|Intimidate|FakeOut,FlareBlitz,PartingShot,Snarl|Adamant||F|||50|
|inactive|Battle timer is ON: inactive players will automatically lose when time's up. (requested by lolgz)
|inactive|Jet Stream Cyber has 60 seconds left.
|
|t:|1783319503
|teamsize|p1|4
|teamsize|p2|4
|start
|switch|p1a: Vivillon|Vivillon, L50, M|100/100
|switch|p1b: Scrafty|Scrafty, L50, M|100/100
|switch|p2a: Incineroar|Incineroar, L50, F|100/100
|switch|p2b: Basculegion|Basculegion, L50, M|100/100
|-ability|p1b: Scrafty|Intimidate|boost
|-unboost|p2a: Incineroar|atk|1
|-unboost|p2b: Basculegion|atk|1
|-ability|p2a: Incineroar|Intimidate|boost
|-unboost|p1a: Vivillon|atk|1
|-unboost|p1b: Scrafty|atk|1
|turn|1
|
|t:|1783319525
|switch|p2b: Lopunny|Lopunny, L50, M|100/100
|detailschange|p1b: Scrafty|Scrafty-Mega, L50, M
|-mega|p1b: Scrafty|Scrafty|Scraftinite
|-ability|p1b: Scrafty|Intimidate|boost
|-unboost|p2a: Incineroar|atk|1
|-unboost|p2b: Lopunny|atk|1
|move|p2a: Incineroar|Fake Out|p1b: Scrafty
|-crit|p1b: Scrafty
|-damage|p1b: Scrafty|84/100
|move|p1a: Vivillon|Sleep Powder|p2b: Lopunny
|-status|p2b: Lopunny|slp|[from] move: Sleep Powder
|cant|p1b: Scrafty|flinch
|
|upkeep
|turn|2
|
|t:|1783319544
|switch|p2b: Whimsicott|Whimsicott, L50, F|100/100
|switch|p2a: Basculegion|Basculegion, L50, M|100/100
|move|p1a: Vivillon|Sleep Powder|p2a: Basculegion
|-status|p2a: Basculegion|slp|[from] move: Sleep Powder
|move|p1b: Scrafty|Dragon Dance|p1b: Scrafty
|-boost|p1b: Scrafty|atk|1
|-boost|p1b: Scrafty|spe|1
|
|upkeep
|turn|3
|
|t:|1783319566
|switch|p1a: Incineroar|Incineroar, L50, F|100/100
|-ability|p1a: Incineroar|Intimidate|boost
|-unboost|p2a: Basculegion|atk|1
|-unboost|p2b: Whimsicott|atk|1
|switch|p2a: Incineroar|Incineroar, L50, F|100/100
|-ability|p2a: Incineroar|Intimidate|boost
|-unboost|p1a: Incineroar|atk|1
|-unboost|p1b: Scrafty|atk|1
|move|p1b: Scrafty|Protect|p1b: Scrafty
|-singleturn|p1b: Scrafty|Protect
|move|p2b: Whimsicott|Encore|p1a: Incineroar
|-hint|Since gen 7, Dark is immune to Prankster moves.
|-immune|p1a: Incineroar
|
|upkeep
|turn|4
|
|t:|1783319584
|switch|p2b: Lopunny|Lopunny, L50, M|100/100 slp
|move|p1a: Incineroar|Fake Out|p2b: Lopunny
|-damage|p2b: Lopunny|89/100 slp
|move|p2a: Incineroar|Fake Out|p1b: Scrafty
|-damage|p1b: Scrafty|73/100
|cant|p1b: Scrafty|flinch
|
|upkeep
|turn|5
|
|t:|1783319602
|detailschange|p2b: Lopunny|Lopunny-Mega, L50, M
|-mega|p2b: Lopunny|Lopunny|Lopunnite
|cant|p2b: Lopunny|slp
|move|p1b: Scrafty|Dragon Dance|p1b: Scrafty
|-boost|p1b: Scrafty|atk|1
|-boost|p1b: Scrafty|spe|1
|move|p1a: Incineroar|Flare Blitz|p2b: Lopunny
|-damage|p2b: Lopunny|48/100 slp
|-damage|p1a: Incineroar|90/100|[from] Recoil
|move|p2a: Incineroar|Parting Shot|p1b: Scrafty
|-unboost|p1b: Scrafty|atk|1
|-unboost|p1b: Scrafty|spa|1
|
|t:|1783319610
|switch|p2a: Basculegion|Basculegion, L50, M|100/100 slp|[from] Parting Shot
|
|upkeep
|turn|6
|
|t:|1783319621
|switch|p2a: Incineroar|Incineroar, L50, F|100/100
|-ability|p2a: Incineroar|Intimidate|boost
|-unboost|p1a: Incineroar|atk|1
|-unboost|p1b: Scrafty|atk|1
|cant|p2b: Lopunny|slp
|move|p1b: Scrafty|Dragon Dance|p1b: Scrafty
|-boost|p1b: Scrafty|atk|1
|-boost|p1b: Scrafty|spe|1
|move|p1a: Incineroar|Flare Blitz|p2b: Lopunny
|-damage|p2b: Lopunny|14/100 slp
|-damage|p1a: Incineroar|82/100|[from] Recoil
|
|upkeep
|turn|7
|
|t:|1783319639
|switch|p1a: Rotom|Rotom-Wash, L50|100/100
|move|p1b: Scrafty|Protect|p1b: Scrafty
|-singleturn|p1b: Scrafty|Protect
|move|p2a: Incineroar|Fake Out|p1b: Scrafty
|-activate|p1b: Scrafty|move: Protect
|-curestatus|p2b: Lopunny|slp|[msg]
|move|p2b: Lopunny|Close Combat|p1a: Rotom
|-damage|p1a: Rotom|30/100
|-unboost|p2b: Lopunny|def|1
|-unboost|p2b: Lopunny|spd|1
|-enditem|p1a: Rotom|Sitrus Berry|[eat]
|-heal|p1a: Rotom|55/100|[from] item: Sitrus Berry
|
|upkeep
|turn|8
|
|t:|1783319661
|switch|p2a: Whimsicott|Whimsicott, L50, F|100/100
|move|p2b: Lopunny|Protect|p2b: Lopunny
|-singleturn|p2b: Lopunny|Protect
|move|p1b: Scrafty|Drain Punch|p2b: Lopunny
|-activate|p2b: Lopunny|move: Protect
|move|p1a: Rotom|Hydro Pump|p2a: Whimsicott
|-resisted|p2a: Whimsicott|1
|-damage|p2a: Whimsicott|60/100
|
|upkeep
|turn|9
|
|t:|1783319681
|move|p1b: Scrafty|Protect|p1b: Scrafty
|-singleturn|p1b: Scrafty|Protect
|move|p2a: Whimsicott|Tailwind|p2a: Whimsicott
|-sidestart|p2: Jet Stream Cyber|move: Tailwind
|move|p2b: Lopunny|Close Combat|p1b: Scrafty
|-activate|p1b: Scrafty|move: Protect
|move|p1a: Rotom|Volt Switch|p2a: Whimsicott
|-resisted|p2a: Whimsicott|1
|-damage|p2a: Whimsicott|35/100
|
|t:|1783319692
|switch|p1a: Incineroar|Incineroar, L50, F|82/100|[from] Volt Switch
|-ability|p1a: Incineroar|Intimidate|boost
|-unboost|p2a: Whimsicott|atk|1
|-fail|p2b: Lopunny|unboost|Attack|[from] ability: Scrappy|[of] p2b: Lopunny
|
|upkeep
|turn|10
|
|t:|1783319705
|move|p1a: Incineroar|Fake Out|p2a: Whimsicott
|-damage|p2a: Whimsicott|19/100
|move|p2b: Lopunny|Close Combat|p1a: Incineroar
|-supereffective|p1a: Incineroar|1
|-damage|p1a: Incineroar|0 fnt
|-unboost|p2b: Lopunny|def|1
|-unboost|p2b: Lopunny|spd|1
|faint|p1a: Incineroar
|cant|p2a: Whimsicott|flinch
|move|p1b: Scrafty|Drain Punch|p2b: Lopunny
|-supereffective|p2b: Lopunny|1
|-damage|p2b: Lopunny|0 fnt
|-heal|p1b: Scrafty|79/100|[from] drain|[of] p2b: Lopunny
|faint|p2b: Lopunny
|
|upkeep
|
|t:|1783319713
|switch|p2b: Incineroar|Incineroar, L50, F|100/100
|switch|p1a: Vivillon|Vivillon, L50, M|100/100
|-ability|p2b: Incineroar|Intimidate|boost
|-unboost|p1a: Vivillon|atk|1
|-unboost|p1b: Scrafty|atk|1
|turn|11
|
|t:|1783319726
|move|p2b: Incineroar|Fake Out|p1b: Scrafty
|-damage|p1b: Scrafty|69/100
|move|p1a: Vivillon|Rage Powder|p1a: Vivillon
|-singleturn|p1a: Vivillon|move: Rage Powder
|move|p2a: Whimsicott|Moonblast|p1b: Scrafty
|-supereffective|p1b: Scrafty|2
|-damage|p1b: Scrafty|0 fnt
|faint|p1b: Scrafty
|
|upkeep
|
|t:|1783319731
|switch|p1b: Rotom|Rotom-Wash, L50|55/100
|turn|12
|-message|lolgz forfeited.
|
|win|Jet Stream Cyber
