|j|☆WASHINGTONGARGACHA
|j|☆arnau3kum
|html|WASHINGTONGARGACHAarnau3kum    
|uhtml|bestof|Game 1 of a best-of-3
|t:|1757767092
|gametype|doubles
|player|p1|WASHINGTONGARGACHA|101|1143
|player|p2|arnau3kum|101|1268
|gen|9
|tier|[Gen 9] VGC 2025 Reg H (Bo3)
|rated|
|rule|Species Clause: Limit one of each Pokémon
|rule|Item Clause: Limit 1 of each item
|clearpoke
|poke|p1|Gholdengo, L50|
|poke|p1|Ursaluna, L50, F|
|poke|p1|Archaludon, L50, M|
|poke|p1|Murkrow, L50, F|
|poke|p1|Indeedee-F, L50, F|
|poke|p1|Sneasler, L50, M|
|poke|p2|Annihilape, L50, F|
|poke|p2|Klefki, L50, M|
|poke|p2|Maushold, L50|
|poke|p2|Ninetales-Alola, L50, F|
|poke|p2|Sinistcha-Masterpiece, L50|
|poke|p2|Ursaluna-Bloodmoon, L50, M|
|teampreview|4
|showteam|p1|Gholdengo||ChoiceSpecs|GoodasGold|ShadowBall,MakeItRain,SteelBeam,PowerGem||||||50|,,,,,Steel]Ursaluna||FlameOrb|Guts|Facade,HeadlongRush,Earthquake,Protect|||F|||50|,,,,,Ghost]Archaludon||PowerHerb|Sturdy|ElectroShot,FlashCannon,DracoMeteor,Protect|||M|||50|,,,,,Grass]Murkrow||Eviolite|Prankster|Tailwind,RainDance,FoulPlay,Haze|||F|||50|,,,,,Dark]Indeedee-F||SitrusBerry|PsychicSurge|FollowMe,TrickRoom,Psychic,Imprison|||F|||50|,,,,,Fire]Sneasler||PsychicSeed|Unburden|CloseCombat,DireClaw,ThroatChop,Protect|||M|||50|,,,,,Dark
|showteam|p2|Annihilape||Leftovers|Defiant|RageFist,DrainPunch,BulkUp,Protect|||F|||50|,,,,,Fire]Klefki||LightClay|Prankster|DazzlingGleam,LightScreen,Reflect,MistyTerrain|||M|||50|,,,,,Ghost]Maushold||CovertCloak|FriendGuard|BeatUp,FollowMe,Taunt,Protect||||||50|,,,,,Grass]Ninetales-Alola||FocusSash|SnowWarning|FreezeDry,Blizzard,Encore,Protect|||F|||50|,,,,,Ghost]Sinistcha-Masterpiece||SitrusBerry|Hospitality|MatchaGotcha,LifeDew,RagePowder,TrickRoom||||||50|,,,,,Water]Ursaluna-Bloodmoon||AssaultVest|MindsEye|BloodMoon,HyperVoice,EarthPower,VacuumWave|||M|||50|,,,,,Water
|inactive|Battle timer is ON: inactive players will automatically lose when time's up. (requested by arnau3kum)
|j| Maybe ALTcom
|l| Maybe ALTcom
|
|t:|1757767140
|teamsize|p1|4
|teamsize|p2|4
|start
|switch|p1a: Indeedee|Indeedee-F, L50, F|100/100
|switch|p1b: Gholdengo|Gholdengo, L50|100/100
|switch|p2a: Annihilape|Annihilape, L50, F|100/100
|switch|p2b: Maushold|Maushold, L50|100/100
|-fieldstart|move: Psychic Terrain|[from] ability: Psychic Surge|[of] p1a: Indeedee
|turn|1
|
|t:|1757767160
|-terastallize|p1b: Gholdengo|Steel
|move|p2b: Maushold|Protect|p2b: Maushold
|-singleturn|p2b: Maushold|Protect
|move|p2a: Annihilape|Protect|p2a: Annihilape
|-singleturn|p2a: Annihilape|Protect
|move|p1a: Indeedee|Follow Me|p1a: Indeedee
|-singleturn|p1a: Indeedee|move: Follow Me
|move|p1b: Gholdengo|Make It Rain|p2a: Annihilape|[spread] 
|-activate|p2a: Annihilape|move: Protect
|-activate|p2b: Maushold|move: Protect
|
|upkeep
|turn|2
|
|t:|1757767177
|switch|p2b: Klefki|Klefki, L50, M|100/100
|-terastallize|p2a: Annihilape|Fire
|move|p1a: Indeedee|Follow Me|p1a: Indeedee
|-singleturn|p1a: Indeedee|move: Follow Me
|move|p2a: Annihilape|Bulk Up|p2a: Annihilape
|-boost|p2a: Annihilape|atk|1
|-boost|p2a: Annihilape|def|1
|move|p1b: Gholdengo|Make It Rain|p2b: Klefki|[spread] p2a,p2b
|-resisted|p2a: Annihilape
|-damage|p2a: Annihilape|62/100
|-damage|p2b: Klefki|0 fnt
|-unboost|p1b: Gholdengo|spa|1
|faint|p2b: Klefki
|
|-heal|p2a: Annihilape|68/100|[from] item: Leftovers
|upkeep
|
|t:|1757767192
|switch|p2b: Sinistcha|Sinistcha-Masterpiece, L50|100/100
|-heal|p2a: Annihilape|93/100|[from] ability: Hospitality|[of] p2b: Sinistcha
|turn|3
|inactive|WASHINGTONGARGACHA has 30 seconds left.
|
|t:|1757767223
|switch|p1b: Sneasler|Sneasler, L50, M|100/100
|-enditem|p1b: Sneasler|Psychic Seed
|-boost|p1b: Sneasler|spd|1|[from] item: Psychic Seed
|move|p2a: Annihilape|Bulk Up|p2a: Annihilape
|-boost|p2a: Annihilape|atk|1
|-boost|p2a: Annihilape|def|1
|move|p1a: Indeedee|Psychic|p2a: Annihilape
|-damage|p2a: Annihilape|62/100
|move|p2b: Sinistcha|Matcha Gotcha|p1a: Indeedee|[spread] p1b
|-miss|p2b: Sinistcha|p1a: Indeedee
|-resisted|p1b: Sneasler
|-damage|p1b: Sneasler|90/100
|
|-heal|p2a: Annihilape|68/100|[from] item: Leftovers
|upkeep
|turn|4
|inactive|arnau3kum has 30 seconds left.
|
|t:|1757767251
|move|p1b: Sneasler|Throat Chop|p2b: Sinistcha
|-supereffective|p2b: Sinistcha
|-damage|p2b: Sinistcha|42/100
|-start|p2b: Sinistcha|Throat Chop|[silent]
|-enditem|p2b: Sinistcha|Sitrus Berry|[eat]
|-heal|p2b: Sinistcha|67/100|[from] item: Sitrus Berry
|move|p2a: Annihilape|Drain Punch|p1a: Indeedee
|-damage|p1a: Indeedee|17/100
|-heal|p2a: Annihilape|100/100|[from] drain|[of] p1a: Indeedee
|-enditem|p1a: Indeedee|Sitrus Berry|[eat]
|-heal|p1a: Indeedee|42/100|[from] item: Sitrus Berry
|move|p1a: Indeedee|Psychic|p2b: Sinistcha
|-damage|p2b: Sinistcha|34/100
|move|p2b: Sinistcha|Life Dew||[still]|[spread] p2a,p2b
|-fail|p2a: Annihilape|heal
|-heal|p2b: Sinistcha|59/100
|
|upkeep
|turn|5
|inactive|arnau3kum has 30 seconds left.
|inactive|arnau3kum has 20 seconds left.
|
|t:|1757767287
|move|p1b: Sneasler|Throat Chop|p2b: Sinistcha
|-supereffective|p2b: Sinistcha
|-damage|p2b: Sinistcha|7/100
|move|p2a: Annihilape|Drain Punch|p1a: Indeedee
|-damage|p1a: Indeedee|0 fnt
|faint|p1a: Indeedee
|move|p2b: Sinistcha|Matcha Gotcha|p1b: Sneasler
|-resisted|p1b: Sneasler
|-damage|p1b: Sneasler|75/100
|-heal|p2b: Sinistcha|13/100|[from] drain|[of] p1b: Sneasler
|
|-end|p2b: Sinistcha|Throat Chop|[silent]
|-fieldend|move: Psychic Terrain
|upkeep
|
|t:|1757767304
|switch|p1a: Gholdengo|Gholdengo, L50, tera:Steel|100/100
|turn|6
|
|t:|1757767326
|move|p2b: Sinistcha|Rage Powder|p2b: Sinistcha
|-singleturn|p2b: Sinistcha|move: Rage Powder
|move|p1b: Sneasler|Close Combat|p2b: Sinistcha
|-immune|p2b: Sinistcha
|move|p2a: Annihilape|Drain Punch|p1a: Gholdengo
|-supereffective|p1a: Gholdengo
|-damage|p1a: Gholdengo|0 fnt
|faint|p1a: Gholdengo
|
|upkeep
|
|t:|1757767334
|switch|p1a: Archaludon|Archaludon, L50, M|100/100
|turn|7
|
|t:|1757767353
|move|p2b: Sinistcha|Rage Powder|p2b: Sinistcha
|-singleturn|p2b: Sinistcha|move: Rage Powder
|move|p1b: Sneasler|Throat Chop|p2b: Sinistcha
|-supereffective|p2b: Sinistcha
|-damage|p2b: Sinistcha|0 fnt
|faint|p2b: Sinistcha
|move|p1a: Archaludon|Draco Meteor|p2a: Annihilape|[miss]
|-miss|p1a: Archaludon|p2a: Annihilape
|move|p2a: Annihilape|Rage Fist|p1b: Sneasler
|-damage|p1b: Sneasler|0 fnt
|faint|p1b: Sneasler
|
|upkeep
|
|t:|1757767358
|switch|p2b: Maushold|Maushold, L50|100/100
|turn|8
|-message|WASHINGTONGARGACHA forfeited.
|
|win|arnau3kum
