|j|‽bleib1
|j|☆RegiSIXSEVEN
|html|bleib1RegiSIXSEVEN    
|uhtml|bestof|Game 2 of a best-of-3
|t:|1784902018
|gametype|doubles
|player|p1|bleib1|170|1073
|player|p2|RegiSIXSEVEN|steven|1195
|gen|9
|tier|[Gen 9 Champions] VGC 2026 Reg M-B (Bo3)
|rated|
|rule|Species Clause: Limit one of each Pokémon
|rule|Item Clause: Limit 1 of each item
|clearpoke
|poke|p1|Metagross, L50|
|poke|p1|Aurorus, L50, M|
|poke|p1|Salazzle, L50, F|
|poke|p1|Sinistcha-Masterpiece, L50|
|poke|p1|Milotic, L50, M|
|poke|p1|Quaquaval, L50, F|
|poke|p2|Gengar, L50, F, shiny|
|poke|p2|Swampert, L50, M, shiny|
|poke|p2|Incineroar, L50, F, shiny|
|poke|p2|Politoed, L50, M, shiny|
|poke|p2|Archaludon, L50, M, shiny|
|poke|p2|Vivillon-Elegant, L50, M, shiny|
|teampreview|4
|showteam|p1|Metagross||Metagrossite|ClearBody|IronHead,PsychicFangs,Protect,BodyPress|Jolly|||||50|]Aurorus||LifeOrb|SnowWarning|Blizzard,AncientPower,Protect,FreezeDry|Modest||M|||50|]Salazzle||FocusSash|Oblivious|Encore,Disable,Overheat,FakeOut|Timid||F|||50|]Sinistcha-Masterpiece||KasibBerry|Hospitality|Protect,RagePowder,TrickRoom,MatchaGotcha|Bold|||||50|]Milotic||Leftovers|Competitive|Coil,Hypnosis,MuddyWater,Protect|Calm||M|||50|]Quaquaval||MysticWater|Moxie|AquaStep,CloseCombat,Detect,AquaJet|Adamant||F|||50|
|showteam|p2|Gengar||Gengarite|CursedBody|ShadowBall,SludgeBomb,PerishSong,Protect|Timid||F|||50|]Swampert||Swampertite|Damp|WaveCrash,Earthquake,IcePunch,Protect|Adamant||M|||50|]Incineroar||PasshoBerry|Intimidate|FakeOut,ThroatChop,PartingShot,Protect|Sassy||F|||50|]Politoed||ZoomLens|Drizzle|HydroPump,Hypnosis,PerishSong,Protect|Calm||M|||50|]Archaludon||Leftovers|Stamina|DragonPulse,FlashCannon,ElectroShot,Protect|Bold||M|||50|]Vivillon-Elegant||FocusSash|CompoundEyes|Hurricane,SleepPowder,RagePowder,Protect|Timid||M|||50|
|inactive|Battle timer is ON: inactive players will automatically lose when time's up. (requested by RegiSIXSEVEN)
|
|t:|1784902037
|teamsize|p1|4
|teamsize|p2|4
|start
|switch|p1a: Aurorus|Aurorus, L50, M|100/100
|switch|p1b: Salazzle|Salazzle, L50, F|100/100
|switch|p2a: Gengar|Gengar, L50, F, shiny|100/100
|switch|p2b: Incineroar|Incineroar, L50, F, shiny|100/100
|-weather|Snowscape|[from] ability: Snow Warning|[of] p1a: Aurorus
|-ability|p2b: Incineroar|Intimidate|boost
|-unboost|p1a: Aurorus|atk|1
|-fail|p1b: Salazzle|unboost|Attack|[from] ability: Oblivious|[of] p1b: Salazzle
|turn|1
|inactive|RegiSIXSEVEN has 30 seconds left.
|
|t:|1784902067
|detailschange|p2a: Gengar|Gengar-Mega, L50, F, shiny
|-mega|p2a: Gengar|Gengar|Gengarite
|move|p1b: Salazzle|Fake Out|p2b: Incineroar
|-damage|p2b: Incineroar|95/100
|cant|p2b: Incineroar|flinch
|move|p2a: Gengar|Perish Song|p2a: Gengar
|-start|p1a: Aurorus|perish3|[silent]
|-start|p1b: Salazzle|perish3|[silent]
|-start|p2a: Gengar|perish3|[silent]
|-start|p2b: Incineroar|perish3|[silent]
|-fieldactivate|move: Perish Song
|move|p1a: Aurorus|Blizzard|p2b: Incineroar|[spread] p2a,p2b
|-resisted|p2b: Incineroar|1
|-damage|p2a: Gengar|50/100g
|-damage|p2b: Incineroar|74/100
|-damage|p1a: Aurorus|90/100|[from] item: Life Orb
|
|-weather|Snowscape|[upkeep]
|-start|p1b: Salazzle|perish3
|-start|p2a: Gengar|perish3
|-start|p1a: Aurorus|perish3
|-start|p2b: Incineroar|perish3
|upkeep
|turn|2
|inactive|bleib1 has 30 seconds left.
|
|t:|1784902094
|switch|p2b: Politoed|Politoed, L50, M, shiny|100/100
|-weather|RainDance|[from] ability: Drizzle|[of] p2b: Politoed
|move|p2a: Gengar|Protect|p2a: Gengar
|-singleturn|p2a: Gengar|Protect
|move|p1b: Salazzle|Encore|p2a: Gengar
|-activate|p2a: Gengar|move: Protect
|move|p1a: Aurorus|Ancient Power|p2b: Politoed
|-damage|p2b: Politoed|71/100
|-damage|p1a: Aurorus|80/100|[from] item: Life Orb
|
|-weather|RainDance|[upkeep]
|-start|p1b: Salazzle|perish2
|-start|p2a: Gengar|perish2
|-start|p1a: Aurorus|perish2
|upkeep
|turn|3
|inactive|bleib1 has 30 seconds left.
|inactive|RegiSIXSEVEN has 30 seconds left.
|
|t:|1784902129
|move|p1b: Salazzle|Encore|p2a: Gengar
|-start|p2a: Gengar|Encore
|move|p2a: Gengar|Protect|p2a: Gengar
|-singleturn|p2a: Gengar|Protect
|move|p2b: Politoed|Hydro Pump|p1a: Aurorus|[miss]
|-miss|p2b: Politoed|p1a: Aurorus
|move|p1a: Aurorus|Blizzard|p2b: Politoed|[spread] p2b
|-activate|p2a: Gengar|move: Protect
|-resisted|p2b: Politoed|1
|-damage|p2b: Politoed|53/100
|-status|p2b: Politoed|frz
|-damage|p1a: Aurorus|71/100|[from] item: Life Orb
|
|-weather|RainDance|[upkeep]
|-start|p1b: Salazzle|perish1
|-start|p2a: Gengar|perish1
|-start|p1a: Aurorus|perish1
|upkeep
|turn|4
|
|t:|1784902151
|switch|p2a: Incineroar|Incineroar, L50, F, shiny|74/100
|-ability|p2a: Incineroar|Intimidate|boost
|-unboost|p1a: Aurorus|atk|1
|-fail|p1b: Salazzle|unboost|Attack|[from] ability: Oblivious|[of] p1b: Salazzle
|cant|p2b: Politoed|frz
|move|p1b: Salazzle|Disable||[still]
|-fail|p1b: Salazzle
|move|p1a: Aurorus|Blizzard|p2a: Incineroar|[spread] p2a
|-miss|p1a: Aurorus|p2b: Politoed
|-resisted|p2a: Incineroar|1
|-crit|p2a: Incineroar
|-damage|p2a: Incineroar|44/100
|-status|p2a: Incineroar|frz
|-damage|p1a: Aurorus|61/100|[from] item: Life Orb
|
|-weather|RainDance|[upkeep]
|-start|p1b: Salazzle|perish0
|-start|p1a: Aurorus|perish0
|upkeep
|faint|p1b: Salazzle
|faint|p1a: Aurorus
|
|t:|1784902163
|switch|p1b: Quaquaval|Quaquaval, L50, F|100/100
|switch|p1a: Metagross|Metagross, L50|100/100
|turn|5
|
|t:|1784902176
|detailschange|p1a: Metagross|Metagross-Mega, L50
|-mega|p1a: Metagross|Metagross|Metagrossite
|-curestatus|p2a: Incineroar|frz|[msg]
|move|p2a: Incineroar|Fake Out|p1b: Quaquaval
|-damage|p1b: Quaquaval|85/100
|move|p1a: Metagross|Psychic Fangs|p2b: Politoed
|-damage|p2b: Politoed|0 fnt
|faint|p2b: Politoed
|cant|p1b: Quaquaval|flinch
|
|-weather|RainDance|[upkeep]
|upkeep
|
|t:|1784902187
|switch|p2b: Gengar|Gengar-Mega, L50, F, shiny|50/100g
|turn|6
|
|t:|1784902197
|move|p2b: Gengar|Protect|p2b: Gengar
|-singleturn|p2b: Gengar|Protect
|move|p1a: Metagross|Psychic Fangs|p2b: Gengar
|-activate|p2b: Gengar|move: Protect
|move|p1b: Quaquaval|Aqua Step|p2a: Incineroar
|-supereffective|p2a: Incineroar|1
|-enditem|p2a: Incineroar|Passho Berry|[eat]
|-enditem|p2a: Incineroar|Passho Berry|[weaken]
|-damage|p2a: Incineroar|0 fnt
|-boost|p1b: Quaquaval|spe|1
|faint|p2a: Incineroar
|-ability|p1b: Quaquaval|Moxie|boost
|-boost|p1b: Quaquaval|atk|1
|
|-weather|none
|upkeep
|-message|RegiSIXSEVEN forfeited.
|raw|bleib1's rating: 1073 → 1112(+39 for winning)
|raw|RegiSIXSEVEN's rating: 1195 → 1162(-33 for losing)
|
|win|bleib1
