|j|☆gundot
|j|☆Maffles
|html|gundotMaffles    
|uhtml|bestof|Game 1 of a best-of-3
|t:|1783514477
|gametype|doubles
|player|p1|gundot|169|1195
|player|p2|Maffles|265|1276
|gen|9
|tier|[Gen 9 Champions] VGC 2026 Reg M-B (Bo3)
|rated|
|rule|Species Clause: Limit one of each Pokémon
|rule|Item Clause: Limit 1 of each item
|clearpoke
|poke|p1|Charizard, L50, F, shiny|
|poke|p1|Whimsicott, L50, F|
|poke|p1|Farigiraf, L50, F, shiny|
|poke|p1|Garchomp, L50, M|
|poke|p1|Mawile, L50, F, shiny|
|poke|p1|Basculegion, L50, M|
|poke|p2|Gengar, L50, M|
|poke|p2|Kingambit, L50, M|
|poke|p2|Ninetales-Alola, L50, M|
|poke|p2|Toxapex, L50, M|
|poke|p2|Basculegion, L50, M|
|poke|p2|Lopunny, L50, M|
|teampreview|4
|showteam|p1|Charizard||CharizarditeY|SolarPower|HeatWave,WeatherBall,SolarBeam,Protect|Modest||F|||50|]Whimsicott||FocusSash|Prankster|Moonblast,Tailwind,Encore,Protect|Timid||F|||50|]Farigiraf||SitrusBerry|ArmorTail|Psychic,Thunderbolt,TrickRoom,HelpingHand|Modest||F|||50|]Garchomp||LifeOrb|RoughSkin|Earthquake,DragonClaw,RockSlide,Protect|Jolly||M|||50|]Mawile||Mawilite|HyperCutter|PlayRough,RockSlide,SuckerPunch,Protect|Adamant||F|||50|]Basculegion||MysticWater|Adaptability|WaveCrash,AquaJet,LastRespects,Protect|Adamant||M|||50|
|showteam|p2|Gengar||Gengarite|CursedBody|SludgeBomb,Disable,PerishSong,Protect|Timid||M|||50|]Kingambit||ChopleBerry|Defiant|KowtowCleave,SuckerPunch,SwordsDance,Protect|Brave||M|||50|]Ninetales-Alola||FocusSash|SnowWarning|Blizzard,Moonblast,Encore,Protect|Timid||M|||50|]Toxapex||Leftovers|Regenerator|Infestation,Toxic,WideGuard,BanefulBunker|Sassy||M|||50|]Basculegion||SitrusBerry|Adaptability|LastRespects,FlipTurn,Soak,Protect|Sassy||M|||50|]Lopunny||Lopunnite|CuteCharm|CloseCombat,FakeOut,Encore,Protect|Jolly||M|||50|
|inactive|Battle timer is ON: inactive players will automatically lose when time's up. (requested by gundot)
|inactive|gundot has 60 seconds left.
|
|t:|1783514523
|teamsize|p1|4
|teamsize|p2|4
|start
|switch|p1a: Farigiraf|Farigiraf, L50, F, shiny|100/100
|switch|p1b: Mawile|Mawile, L50, F, shiny|100/100
|switch|p2a: Gengar|Gengar, L50, M|100/100
|switch|p2b: Lopunny|Lopunny, L50, M|100/100
|turn|1
|
|t:|1783514544
|switch|p2b: Basculegion|Basculegion, L50, M|100/100
|detailschange|p2a: Gengar|Gengar-Mega, L50, M
|-mega|p2a: Gengar|Gengar|Gengarite
|detailschange|p1b: Mawile|Mawile-Mega, L50, F, shiny
|-mega|p1b: Mawile|Mawile|Mawilite
|move|p2a: Gengar|Perish Song|p2a: Gengar
|-start|p1a: Farigiraf|perish3|[silent]
|-start|p1b: Mawile|perish3|[silent]
|-start|p2a: Gengar|perish3|[silent]
|-start|p2b: Basculegion|perish3|[silent]
|-fieldactivate|move: Perish Song
|move|p1b: Mawile|Rock Slide|p2b: Basculegion|[spread] p2a,p2b
|-damage|p2a: Gengar|52/100
|-damage|p2b: Basculegion|65/100
|move|p1a: Farigiraf|Trick Room|p1a: Farigiraf
|-fieldstart|move: Trick Room|[of] p1a: Farigiraf
|
|-start|p1b: Mawile|perish3
|-start|p1a: Farigiraf|perish3
|-start|p2b: Basculegion|perish3
|-start|p2a: Gengar|perish3
|upkeep
|turn|2
|
|t:|1783514565
|move|p2b: Basculegion|Protect|p2b: Basculegion
|-singleturn|p2b: Basculegion|Protect
|move|p2a: Gengar|Protect|p2a: Gengar
|-singleturn|p2a: Gengar|Protect
|move|p1b: Mawile|Play Rough|p2b: Basculegion
|-activate|p2b: Basculegion|move: Protect
|move|p1a: Farigiraf|Psychic|p2a: Gengar
|-activate|p2a: Gengar|move: Protect
|
|-start|p1b: Mawile|perish2
|-start|p1a: Farigiraf|perish2
|-start|p2b: Basculegion|perish2
|-start|p2a: Gengar|perish2
|upkeep
|turn|3
|
|t:|1783514574
|switch|p2a: Lopunny|Lopunny, L50, M|100/100
|move|p1b: Mawile|Play Rough|p2b: Basculegion
|-damage|p2b: Basculegion|0 fnt
|faint|p2b: Basculegion
|move|p1a: Farigiraf|Psychic|p2a: Lopunny
|-damage|p2a: Lopunny|53/100
|
|-start|p1b: Mawile|perish1
|-start|p1a: Farigiraf|perish1
|upkeep
|
|t:|1783514583
|switch|p2b: Gengar|Gengar-Mega, L50, M|52/100
|turn|4
|
|t:|1783514596
|move|p2a: Lopunny|Protect|p2a: Lopunny
|-singleturn|p2a: Lopunny|Protect
|move|p2b: Gengar|Protect|p2b: Gengar
|-singleturn|p2b: Gengar|Protect
|move|p1b: Mawile|Rock Slide|p2a: Lopunny|[spread] 
|-activate|p2a: Lopunny|move: Protect
|-activate|p2b: Gengar|move: Protect
|move|p1a: Farigiraf|Psychic|p2b: Gengar
|-activate|p2b: Gengar|move: Protect
|
|-start|p1b: Mawile|perish0
|-start|p1a: Farigiraf|perish0
|faint|p1b: Mawile
|faint|p1a: Farigiraf
|upkeep
|
|t:|1783514601
|switch|p1b: Basculegion|Basculegion, L50, M|100/100
|switch|p1a: Charizard|Charizard, L50, F, shiny|100/100
|turn|5
|
|t:|1783514613
|move|p2a: Lopunny|Protect||[still]
|-fail|p2a: Lopunny
|move|p2b: Gengar|Protect||[still]
|-fail|p2b: Gengar
|move|p1b: Basculegion|Last Respects|p2b: Gengar
|-supereffective|p2b: Gengar|1
|-damage|p2b: Gengar|0 fnt
|faint|p2b: Gengar
|move|p1a: Charizard|Heat Wave|p2a: Lopunny
|-damage|p2a: Lopunny|0 fnt
|faint|p2a: Lopunny
|
|-fieldend|move: Trick Room
|upkeep
|
|t:|1783514616
|switch|p2b: Ninetales|Ninetales-Alola, L50, M|100/100
|-weather|Snowscape|[from] ability: Snow Warning|[of] p2b: Ninetales
|turn|6
|-message|Maffles forfeited.
|
|win|gundot
