|j|☆andiom123
|j|☆Slowjow
|html|andiom123Slowjow    
|uhtml|bestof|Game 3 of a best-of-3
|t:|1786041114
|gametype|doubles
|player|p1|andiom123|red|1225
|player|p2|Slowjow|1|1249
|gen|9
|tier|[Gen 9 Champions] VGC 2026 Reg M-B (Bo3)
|rated|
|rule|Species Clause: Limit one of each Pokémon
|rule|Item Clause: Limit 1 of each item
|clearpoke
|poke|p1|Incineroar, L50, F|
|poke|p1|Farigiraf, L50, F|
|poke|p1|Sylveon, L50, M|
|poke|p1|Torkoal, L50, M|
|poke|p1|Kangaskhan, L50, F|
|poke|p1|Mudsdale, L50, M|
|poke|p2|Blaziken, L50, M|
|poke|p2|Raichu, L50, M|
|poke|p2|Incineroar, L50, M|
|poke|p2|Milotic, L50, M|
|poke|p2|Tsareena, L50, F|
|poke|p2|Gholdengo, L50|
|teampreview|4
|showteam|p1|Incineroar||MuscleBand|Intimidate|ThroatChop,FlareBlitz,FakeOut,PartingShot|Brave||F|||50|]Farigiraf||SitrusBerry|ArmorTail|FoulPlay,PsychicNoise,TrickRoom,HelpingHand|Relaxed||F|||50|]Sylveon||FairyFeather|Pixilate|HyperVoice,HyperBeam,Yawn,Detect|Modest||M|||50|]Torkoal||Charcoal|Drought|Eruption,EarthPower,Flamethrower,Protect|Quiet||M|||50|]Kangaskhan||Kangaskhanite|Scrappy|DoubleEdge,FakeOut,IcePunch,HammerArm|Brave||F|||50|]Mudsdale||LifeOrb|InnerFocus|HighHorsepower,Earthquake,RockSlide,HeavySlam|Brave||M|||50|
|showteam|p2|Blaziken||Blazikenite|SpeedBoost|CloseCombat,FlareBlitz,RockSlide,Protect|Adamant||M|||50|]Raichu||RaichuniteY|LightningRod|FakeOut,Protect,ZapCannon,FocusBlast|Timid||M|||50|]Incineroar||SitrusBerry|Intimidate|FakeOut,PartingShot,FlareBlitz,DarkestLariat|Careful||M|||50|]Milotic||Leftovers|Competitive|Scald,IceBeam,Recover,Protect|Bold||M|||50|]Tsareena||ExpertBelt|QueenlyMajesty|TropKick,TripleAxel,LowKick,Protect|Adamant||F|||50|]Gholdengo||LifeOrb|GoodasGold|MakeItRain,ShadowBall,NastyPlot,Protect|Modest|||||50|
|inactive|Battle timer is ON: inactive players will automatically lose when time's up. (requested by andiom123)
|inactive|Slowjow has 60 seconds left.
|
|t:|1786041205
|teamsize|p1|4
|teamsize|p2|4
|start
|switch|p1a: Farigiraf|Farigiraf, L50, F|100/100
|switch|p1b: Kangaskhan|Kangaskhan, L50, F|100/100
|switch|p2a: Raichu|Raichu, L50, M|100/100
|switch|p2b: Tsareena|Tsareena, L50, F|100/100
|turn|1
|inactive|Slowjow has 30 seconds left.
|inactive|Slowjow has 20 seconds left.
|inactive|Slowjow has 15 seconds left.
|inactive|Slowjow has 10 seconds left.
|
|t:|1786041251
|detailschange|p1b: Kangaskhan|Kangaskhan-Mega, L50, F
|-mega|p1b: Kangaskhan|Kangaskhan|Kangaskhanite
|move|p2a: Raichu|Protect|p2a: Raichu
|-singleturn|p2a: Raichu|Protect
|move|p1b: Kangaskhan|Double-Edge|p2a: Raichu
|-activate|p2a: Raichu|move: Protect
|move|p2b: Tsareena|Trop Kick|p1b: Kangaskhan
|-damage|p1b: Kangaskhan|64/100
|-unboost|p1b: Kangaskhan|atk|1
|move|p1a: Farigiraf|Trick Room|p1a: Farigiraf
|-fieldstart|move: Trick Room|[of] p1a: Farigiraf
|
|upkeep
|turn|2
|inactive|andiom123 has 30 seconds left.
|inactive|Slowjow has 30 seconds left.
|inactive|andiom123 has 20 seconds left.
|inactive|Slowjow has 20 seconds left.
|inactive|Slowjow has 15 seconds left.
|
|t:|1786041292
|switch|p1a: Torkoal|Torkoal, L50, M|100/100
|-weather|SunnyDay|[from] ability: Drought|[of] p1a: Torkoal
|switch|p2b: Incineroar|Incineroar, L50, M|100/100
|-ability|p2b: Incineroar|Intimidate|boost
|-unboost|p1a: Torkoal|atk|1
|-unboost|p1b: Kangaskhan|atk|1
|detailschange|p2a: Raichu|Raichu-Mega-Y, L50, M
|-mega|p2a: Raichu|Raichu|Raichunite Y
|move|p1b: Kangaskhan|Double-Edge|p2a: Raichu
|-damage|p2a: Raichu|48/100
|-damage|p2a: Raichu|35/100
|-hitcount|p2a: Raichu|2
|-damage|p1b: Kangaskhan|48/100|[from] Recoil
|move|p2a: Raichu|Zap Cannon|p1a: Torkoal
|-damage|p1a: Torkoal|16/100
|-status|p1a: Torkoal|par
|
|-weather|SunnyDay|[upkeep]
|upkeep
|turn|3
|inactive|Slowjow has 30 seconds left.
|
|t:|1786041321
|switch|p1b: Mudsdale|Mudsdale, L50, M|100/100
|move|p2a: Raichu|Protect|p2a: Raichu
|-singleturn|p2a: Raichu|Protect
|cant|p1a: Torkoal|par
|move|p2b: Incineroar|Darkest Lariat|p1a: Torkoal
|-crit|p1a: Torkoal
|-damage|p1a: Torkoal|0 fnt
|faint|p1a: Torkoal
|
|-weather|SunnyDay|[upkeep]
|upkeep
|
|t:|1786041333
|switch|p1a: Kangaskhan|Kangaskhan-Mega, L50, F|48/100
|turn|4
|
|t:|1786041355
|switch|p2b: Tsareena|Tsareena, L50, F|100/100
|switch|p2a: Milotic|Milotic, L50, M|100/100
|move|p1b: Mudsdale|High Horsepower|p2b: Tsareena
|-resisted|p2b: Tsareena|1
|-damage|p2b: Tsareena|67/100
|-damage|p1b: Mudsdale|90/100|[from] item: Life Orb
|move|p1a: Kangaskhan|Double-Edge|p2b: Tsareena
|-damage|p2b: Tsareena|5/100
|-damage|p2b: Tsareena|0 fnt
|faint|p2b: Tsareena
|-hitcount|p2: Tsareena|2
|-damage|p1a: Kangaskhan|29/100|[from] Recoil
|
|-weather|SunnyDay|[upkeep]
|upkeep
|inactive|Slowjow has 30 seconds left.
|
|t:|1786041381
|switch|p2b: Raichu|Raichu-Mega-Y, L50, M|35/100
|turn|5
|
|t:|1786041393
|switch|p1b: Farigiraf|Farigiraf, L50, F|100/100
|move|p2a: Milotic|Protect|p2a: Milotic
|-singleturn|p2a: Milotic|Protect
|move|p2b: Raichu|Protect|p2b: Raichu
|-singleturn|p2b: Raichu|Protect
|move|p1a: Kangaskhan|Double-Edge|p2a: Milotic
|-activate|p2a: Milotic|move: Protect
|
|-weather|SunnyDay|[upkeep]
|-fieldend|move: Trick Room
|upkeep
|turn|6
|inactive|andiom123 has 30 seconds left.
|inactive|Slowjow has 30 seconds left.
|
|t:|1786041424
|switch|p1a: Mudsdale|Mudsdale, L50, M|90/100
|move|p2b: Raichu|Focus Blast|p1a: Mudsdale
|-damage|p1a: Mudsdale|47/100
|move|p2a: Milotic|Scald|p1a: Mudsdale
|-supereffective|p1a: Mudsdale|1
|-crit|p1a: Mudsdale
|-damage|p1a: Mudsdale|9/100
|move|p1b: Farigiraf|Trick Room|p1b: Farigiraf
|-fieldstart|move: Trick Room|[of] p1b: Farigiraf
|
|-weather|none
|upkeep
|turn|7
|inactive|andiom123 has 30 seconds left.
|
|t:|1786041450
|move|p1b: Farigiraf|Helping Hand|p1a: Mudsdale
|-singleturn|p1a: Mudsdale|Helping Hand|[of] p1b: Farigiraf
|move|p2b: Raichu|Protect|p2b: Raichu
|-singleturn|p2b: Raichu|Protect
|move|p1a: Mudsdale|High Horsepower|p2a: Milotic
|-damage|p2a: Milotic|13/100
|-damage|p1a: Mudsdale|0 fnt|[from] item: Life Orb
|faint|p1a: Mudsdale
|move|p2a: Milotic|Scald|p1b: Farigiraf
|-damage|p1b: Farigiraf|71/100
|
|-heal|p2a: Milotic|19/100|[from] item: Leftovers
|upkeep
|
|t:|1786041462
|switch|p1a: Kangaskhan|Kangaskhan-Mega, L50, F|29/100
|turn|8
|
|t:|1786041471
|switch|p2b: Incineroar|Incineroar, L50, M|100/100
|-ability|p2b: Incineroar|Intimidate|boost
|-unboost|p1a: Kangaskhan|atk|1
|-unboost|p1b: Farigiraf|atk|1
|move|p2a: Milotic|Protect|p2a: Milotic
|-singleturn|p2a: Milotic|Protect
|move|p1b: Farigiraf|Psychic Noise|p2a: Milotic
|-activate|p2a: Milotic|move: Protect
|move|p1a: Kangaskhan|Double-Edge|p2b: Incineroar
|-damage|p2b: Incineroar|61/100
|-damage|p2b: Incineroar|52/100
|-hitcount|p2b: Incineroar|2
|-damage|p1a: Kangaskhan|14/100|[from] Recoil
|
|-heal|p2a: Milotic|25/100|[from] item: Leftovers
|upkeep
|turn|9
|inactive|andiom123 has 30 seconds left.
|
|t:|1786041506
|move|p1b: Farigiraf|Psychic Noise|p2a: Milotic
|-damage|p2a: Milotic|8/100
|-start|p2a: Milotic|move: Heal Block
|move|p2b: Incineroar|Flare Blitz|p1a: Kangaskhan
|-damage|p1a: Kangaskhan|0 fnt
|faint|p1a: Kangaskhan
|-damage|p2b: Incineroar|47/100|[from] Recoil
|-enditem|p2b: Incineroar|Sitrus Berry|[eat]
|-heal|p2b: Incineroar|72/100|[from] item: Sitrus Berry
|cant|p2a: Milotic|move: Heal Block|Recover
|
|upkeep
|turn|10
|-message|andiom123 forfeited.
|
|win|Slowjow
|raw|andiom123's rating: 1225 → 1202(-23 for losing)
|raw|Slowjow's rating: 1249 → 1272(+23 for winning)
|l|☆andiom123
|player|p1|
