|j|☆naibot2814
|j|☆exessvgc
|html|naibot2814exessvgc    
|uhtml|bestof|Game 2 of a best-of-3
|t:|1782328169
|gametype|doubles
|player|p1|naibot2814|ghetsis|
|player|p2|exessvgc|lucas|
|gen|9
|tier|[Gen 9 Champions] VGC 2026 Reg M-B (Bo3)
|rule|Species Clause: Limit one of each Pokémon
|rule|Item Clause: Limit 1 of each item
|clearpoke
|poke|p1|Aerodactyl, L50, M|
|poke|p1|Charizard, L50, M|
|poke|p1|Kingambit, L50, M|
|poke|p1|Sylveon, L50, F|
|poke|p1|Garchomp, L50, M, shiny|
|poke|p1|Farigiraf, L50, F|
|poke|p2|Blaziken, L50, F|
|poke|p2|Hydreigon, L50, M|
|poke|p2|Basculegion, L50, M|
|poke|p2|Whimsicott, L50, F|
|poke|p2|Farigiraf, L50, F|
|poke|p2|Metagross, L50|
|teampreview|4
|showteam|p1|Aerodactyl||Aerodactylite|Unnerve|RockSlide,DualWingbeat,IceFang,Tailwind|Jolly||M|||50|]Charizard||CharizarditeY|Blaze|WeatherBall,HeatWave,SolarBeam,Protect|Modest||M|||50|]Kingambit||FocusSash|Defiant|KowtowCleave,SuckerPunch,LowKick,IronHead|Adamant||M|||50|]Sylveon||FairyFeather|Pixilate|HyperVoice,HyperBeam,QuickAttack,Protect|Modest||F|||50|]Garchomp||LifeOrb|SandVeil|DragonClaw,StompingTantrum,Earthquake,Protect|Jolly||M|||50|]Farigiraf||SitrusBerry|ArmorTail|TwinBeam,Thunderbolt,TrickRoom,Roar|Bold||F|||50|
|showteam|p2|Blaziken||Blazikenite|SpeedBoost|Detect,RockSlide,CloseCombat,FlareBlitz|Jolly||F|||50|]Hydreigon||ChoiceScarf|Levitate|DracoMeteor,Snarl,EarthPower,DarkPulse|Timid||M|||50|]Basculegion||LifeOrb|Adaptability|Protect,WaveCrash,LastRespects,AquaJet|Adamant||M|||50|]Whimsicott||FocusSash|Prankster|Protect,Moonblast,EnergyBall,Tailwind|Timid||F|||50|]Farigiraf||SitrusBerry|ArmorTail|Psychic,Thunderbolt,Roar,TrickRoom|Quiet||F|||50|]Metagross||Metagrossite|ClearBody|Protect,PsychicFangs,IronHead,StompingTantrum|Brave|||||50|
|
|t:|1782328195
|teamsize|p1|4
|teamsize|p2|4
|start
|switch|p1a: Aerodactyl|Aerodactyl, L50, M|100/100
|switch|p1b: Farigiraf|Farigiraf, L50, F|100/100
|switch|p2a: Watty|Blaziken, L50, F|100/100
|switch|p2b: Nico|Whimsicott, L50, F|100/100
|-ability|p1a: Aerodactyl|Unnerve
|turn|1
|
|t:|1782328223
|switch|p2a: Uscorp|Farigiraf, L50, F|100/100
|switch|p1b: Kingambit|Kingambit, L50, M|100/100
|detailschange|p1a: Aerodactyl|Aerodactyl-Mega, L50, M
|-mega|p1a: Aerodactyl|Aerodactyl|Aerodactylite
|move|p2b: Nico|Protect|p2b: Nico
|-singleturn|p2b: Nico|Protect
|move|p1a: Aerodactyl|Dual Wingbeat|p2a: Uscorp
|-damage|p2a: Uscorp|73/100
|-damage|p2a: Uscorp|46/100
|-enditem|p2a: Uscorp|Sitrus Berry|[eat]
|-heal|p2a: Uscorp|70/100|[from] item: Sitrus Berry
|-hitcount|p2a: Uscorp|2
|
|upkeep
|turn|2
|
|t:|1782328264
|move|p2b: Nico|Tailwind|p2b: Nico
|-sidestart|p2: exessvgc|move: Tailwind
|move|p1a: Aerodactyl|Tailwind|p1a: Aerodactyl
|-sidestart|p1: naibot2814|move: Tailwind
|move|p1b: Kingambit|Kowtow Cleave|p2a: Uscorp
|-supereffective|p2a: Uscorp|1
|-damage|p2a: Uscorp|0 fnt
|faint|p2a: Uscorp
|
|upkeep
|
|t:|1782328278
|switch|p2a: Watty|Blaziken, L50, F|100/100
|turn|3
|
|t:|1782328293
|switch|p1b: Farigiraf|Farigiraf, L50, F|100/100
|detailschange|p2a: Watty|Blaziken-Mega, L50, F
|-mega|p2a: Watty|Blaziken|Blazikenite
|move|p2b: Nico|Protect|p2b: Nico
|-singleturn|p2b: Nico|Protect
|move|p2a: Watty|Detect|p2a: Watty
|-singleturn|p2a: Watty|Protect
|move|p1a: Aerodactyl|Dual Wingbeat|p2b: Nico
|-activate|p2b: Nico|move: Protect
|
|-ability|p2a: Watty|Speed Boost|boost
|-boost|p2a: Watty|spe|1
|upkeep
|turn|4
|
|t:|1782328328
|move|p2a: Watty|Rock Slide|p1a: Aerodactyl|[spread] p1a,p1b
|-supereffective|p1a: Aerodactyl|1
|-damage|p1a: Aerodactyl|46/100
|-damage|p1b: Farigiraf|80/100
|move|p1a: Aerodactyl|Dual Wingbeat|p2b: Nico
|-supereffective|p2b: Nico|1
|-damage|p2b: Nico|22/100
|-supereffective|p2b: Nico|1
|-damage|p2b: Nico|0 fnt
|faint|p2b: Nico
|-hitcount|p2: Nico|2
|move|p1b: Farigiraf|Roar|p2a: Watty
|drag|p2a: Frank|Basculegion, L50, M|100/100
|
|upkeep
|
|t:|1782328341
|switch|p2b: Watty|Blaziken-Mega, L50, F|100/100
|turn|5
|
|t:|1782328368
|move|p2b: Watty|Detect|p2b: Watty
|-singleturn|p2b: Watty|Protect
|move|p1a: Aerodactyl|Rock Slide|p2a: Frank|[spread] p2a
|-activate|p2b: Watty|move: Protect
|-damage|p2a: Frank|68/100
|cant|p2a: Frank|flinch
|move|p1b: Farigiraf|Trick Room|p1b: Farigiraf
|-fieldstart|move: Trick Room|[of] p1b: Farigiraf
|
|-sideend|p2: exessvgc|move: Tailwind
|-sideend|p1: naibot2814|move: Tailwind
|-ability|p2b: Watty|Speed Boost|boost
|-boost|p2b: Watty|spe|1
|upkeep
|turn|6
|-message|exessvgc forfeited.
|
|win|naibot2814
|l|☆exessvgc
|player|p2|
||naibot2814 is ready for game 3.
||exessvgc is ready for game 3.
|uhtml|next|Next: Game 3 of 3
|l|☆naibot2814
|player|p1|
|j|☆exessvgc
|player|p2|exessvgc|lucas|
