|j|â˜†Someoneofficial
|j|â˜†vilan333
|html|Someoneofficialvilan333    
|uhtml|bestof|Game 3 of a best-of-3
|t:|1782677909
|gametype|doubles
|player|p1|Someoneofficial|gentleman-gen4|1155
|player|p2|vilan333|marshal|1134
|gen|9
|tier|[Gen 9 Champions] VGC 2026 Reg M-B (Bo3)
|rated|
|rule|Species Clause: Limit one of each PokÃ©mon
|rule|Item Clause: Limit 1 of each item
|clearpoke
|poke|p1|Raichu, L50, M|
|poke|p1|Floette-Eternal, L50, F, shiny|
|poke|p1|Mamoswine, L50, M|
|poke|p1|Ceruledge, L50, M|
|poke|p1|Maushold-Four, L50|
|poke|p1|Kingambit, L50, M, shiny|
|poke|p2|Farigiraf, L50, M|
|poke|p2|Torkoal, L50, F|
|poke|p2|Aerodactyl, L50, F|
|poke|p2|Sylveon, L50, M|
|poke|p2|Metagross, L50, shiny|
|poke|p2|Kingambit, L50, F, shiny|
|teampreview|4
|showteam|p1|Raichu||RaichuniteY|LightningRod|FakeOut,Protect,FocusBlast,ZapCannon|Timid||M|||50|]Floette-Eternal||Floettite|FlowerVeil|Protect,DazzlingGleam,CalmMind,Moonblast|Modest||F|||50|]Mamoswine||LifeOrb|Oblivious|HighHorsepower,IceShard,IcicleCrash,Protect|Jolly||M|||50|]Ceruledge||ColburBerry|FlashFire|BitterBlade,ShadowSneak,BulkUp,Protect|Adamant||M|||50|]Maushold-Four||ChopleBerry|FriendGuard|Protect,Feint,FollowMe,HelpingHand|Careful|||||50|]Kingambit||FocusSash|Defiant|IronHead,KowtowCleave,SuckerPunch,LowKick|Adamant||M|||50|
|showteam|p2|Farigiraf||SitrusBerry|ArmorTail|TrickRoom,Protect,Psychic,HelpingHand|Bold||M|||50|]Torkoal||Charcoal|Drought|Eruption,WeatherBall,EarthPower,Protect|Quiet||F|||50|]Aerodactyl||Aerodactylite|Unnerve|Tailwind,RockSlide,IceFang,WideGuard|Jolly||F|||50|]Sylveon||FairyFeather|Pixilate|Detect,HyperVoice,HyperBeam,QuickAttack|Modest||M|||50|]Metagross||Metagrossite|ClearBody|IronHead,PsychicFangs,Protect,StompingTantrum|Jolly|||||50|]Kingambit||FocusSash|Defiant|KowtowCleave,IronHead,SuckerPunch,LowKick|Adamant||F|||50|
|c|â˜†Someoneofficial|YOUDNT TAKE ME TO G3
|
|t:|1782677946
|teamsize|p1|4
|teamsize|p2|4
|start
|switch|p1a: Raichu|Raichu, L50, M|100/100
|switch|p1b: Kingambit|Kingambit, L50, M, shiny|100/100
|switch|p2a: Farigiraf|Farigiraf, L50, M|100/100
|switch|p2b: Sylveon|Sylveon, L50, M|100/100
|turn|1
|inactive|Battle timer is ON: inactive players will automatically lose when time's up. (requested by vilan333)
|
|t:|1782677964
|detailschange|p1a: Raichu|Raichu-Mega-Y, L50, M
|-mega|p1a: Raichu|Raichu|Raichunite Y
|move|p1a: Raichu|Zap Cannon|p2a: Farigiraf
|-damage|p2a: Farigiraf|51/100
|-status|p2a: Farigiraf|par
|move|p1b: Kingambit|Kowtow Cleave|p2a: Farigiraf
|-supereffective|p2a: Farigiraf|1
|-damage|p2a: Farigiraf|0 fnt
|faint|p2a: Farigiraf
|move|p2b: Sylveon|Hyper Voice|p1a: Raichu|[spread] p1a,p1b
|-damage|p1a: Raichu|41/100
|-damage|p1b: Kingambit|43/100
|
|upkeep
|
|t:|1782677978
|switch|p2a: Metagross|Metagross, L50, shiny|100/100
|turn|2
|inactive|Someoneofficial has 30 seconds left.
|
|t:|1782678009
|detailschange|p2a: Metagross|Metagross-Mega, L50, shiny
|-mega|p2a: Metagross|Metagross|Metagrossite
|move|p1a: Raichu|Zap Cannon|p2a: Metagross
|-damage|p2a: Metagross|45/100
|-status|p2a: Metagross|par
|move|p1b: Kingambit|Kowtow Cleave|p2a: Metagross
|-supereffective|p2a: Metagross|1
|-damage|p2a: Metagross|0 fnt
|faint|p2a: Metagross
|move|p2b: Sylveon|Hyper Voice|p1b: Kingambit|[spread] p1a,p1b
|-damage|p1a: Raichu|0 fnt
|-damage|p1b: Kingambit|0 fnt
|faint|p1a: Raichu
|faint|p1b: Kingambit
|
|upkeep
|
|t:|1782678029
|switch|p1a: Ceruledge|Ceruledge, L50, M|100/100
|switch|p2a: Torkoal|Torkoal, L50, F|100/100
|switch|p1b: Maushold|Maushold-Four, L50|100/100
|-weather|SunnyDay|[from] ability: Drought|[of] p2a: Torkoal
|turn|3
|
|t:|1782678054
|move|p1b: Maushold|Follow Me|p1b: Maushold
|-singleturn|p1b: Maushold|move: Follow Me
|move|p1a: Ceruledge|Bitter Blade|p2b: Sylveon
|-damage|p2b: Sylveon|9/100
|move|p2b: Sylveon|Hyper Beam|p1b: Maushold
|-damage|p1b: Maushold|4/100
|-mustrecharge|p2b: Sylveon
|move|p2a: Torkoal|Eruption|p1b: Maushold|[spread] p1b
|-start|p1a: Ceruledge|ability: Flash Fire
|-damage|p1b: Maushold|0 fnt
|faint|p1b: Maushold
|
|-weather|SunnyDay|[upkeep]
|upkeep
|turn|4
|
|t:|1782678072
|move|p1a: Ceruledge|Bitter Blade|p2a: Torkoal
|-resisted|p2a: Torkoal|1
|-damage|p2a: Torkoal|57/100
|cant|p2b: Sylveon|recharge
|move|p2a: Torkoal|Earth Power|p1a: Ceruledge
|-supereffective|p1a: Ceruledge|1
|-damage|p1a: Ceruledge|46/100
|
|-weather|SunnyDay|[upkeep]
|upkeep
|turn|5
|
|t:|1782678090
|move|p1a: Ceruledge|Bitter Blade|p2a: Torkoal
|-resisted|p2a: Torkoal|1
|-damage|p2a: Torkoal|13/100
|-heal|p1a: Ceruledge|68/100|[from] drain|[of] p2a: Torkoal
|move|p2b: Sylveon|Hyper Beam|p1a: Ceruledge
|-resisted|p1a: Ceruledge|1
|-damage|p1a: Ceruledge|13/100
|-mustrecharge|p2b: Sylveon
|move|p2a: Torkoal|Earth Power|p1a: Ceruledge
|-supereffective|p1a: Ceruledge|1
|-crit|p1a: Ceruledge
|-damage|p1a: Ceruledge|0 fnt
|faint|p1a: Ceruledge
|
|win|vilan333
|raw|Someoneofficial's rating: 1155 → 1128(-27 for losing)
|raw|vilan333's rating: 1134 → 1161(+27 for winning)
