|j|☆satyajiitdey
|j|☆toughlogvgc
|html|satyajiitdeytoughlogvgc    
|uhtml|bestof|Game 2 of a best-of-3
|t:|1783784489
|gametype|doubles
|player|p1|satyajiitdey|cynthia-gen4|1069
|player|p2|toughlogvgc|2|1051
|gen|9
|tier|[Gen 9 Champions] VGC 2026 Reg M-B (Bo3)
|rated|
|rule|Species Clause: Limit one of each Pokémon
|rule|Item Clause: Limit 1 of each item
|clearpoke
|poke|p1|Staraptor, L50, F|
|poke|p1|Whimsicott, L50, M|
|poke|p1|Froslass, L50, F|
|poke|p1|Archaludon, L50, F|
|poke|p1|Arcanine, L50, F|
|poke|p1|Primarina, L50, M|
|poke|p2|Charizard, L50, M|
|poke|p2|Garchomp, L50, M|
|poke|p2|Basculegion, L50, M|
|poke|p2|Whimsicott, L50, F|
|poke|p2|Kingambit, L50, F|
|poke|p2|Floette-Eternal, L50, F|
|teampreview|4
|showteam|p1|Staraptor||Staraptite|Intimidate|CloseCombat,BlazeKick,BraveBird,Protect|Adamant||F|||50|]Whimsicott||FocusSash|Prankster|Moonblast,FakeTears,Charm,Tailwind|Timid||M|||50|]Froslass||Froslassite|CursedBody|Blizzard,ShadowBall,Thunderbolt,DestinyBond|Modest||F|||50|]Archaludon||Leftovers|Stamina|ElectroShot,FlashCannon,AuraSphere,DracoMeteor|Quiet||F|||50|]Arcanine||SitrusBerry|Intimidate|FlareBlitz,PlayRough,WildCharge,ExtremeSpeed|Adamant||F|||50|]Primarina||LifeOrb|LiquidVoice|HyperVoice,Moonblast,EnergyBall,Blizzard|Modest||M|||50|
|showteam|p2|Charizard||CharizarditeY|Blaze|HeatWave,SolarBeam,Protect,WeatherBall|Modest||M|||50|]Garchomp||LifeOrb|RoughSkin|DragonClaw,Earthquake,RockSlide,Protect|Jolly||M|||50|]Basculegion||ChoiceScarf|Adaptability|WaveCrash,AquaJet,FlipTurn,LastRespects|Adamant||M|||50|]Whimsicott||FocusSash|Prankster|Moonblast,Tailwind,Protect,Encore|Timid||F|||50|]Kingambit||BlackGlasses|Defiant|IronHead,KowtowCleave,Protect,SuckerPunch|Adamant||F|||50|]Floette-Eternal||Floettite|FlowerVeil|Moonblast,LightofRuin,DazzlingGleam,Protect|Modest||F|||50|
|inactive|Battle timer is ON: inactive players will automatically lose when time's up. (requested by satyajiitdey)
|
|t:|1783784513
|teamsize|p1|4
|teamsize|p2|4
|start
|switch|p1a: Primarina|Primarina, L50, M|100/100
|switch|p1b: Whimsicott|Whimsicott, L50, M|100/100
|switch|p2a: Whimsicott|Whimsicott, L50, F|100/100
|switch|p2b: Charizard|Charizard, L50, M|100/100
|turn|1
|
|t:|1783784527
|detailschange|p2b: Charizard|Charizard-Mega-Y, L50, M
|-mega|p2b: Charizard|Charizard|Charizardite Y
|-weather|SunnyDay|[from] ability: Drought|[of] p2b: Charizard
|move|p2a: Whimsicott|Tailwind|p2a: Whimsicott
|-sidestart|p2: toughlogvgc|move: Tailwind
|move|p2b: Charizard|Solar Beam||[still]
|-prepare|p2b: Charizard|Solar Beam
|-anim|p2b: Charizard|Solar Beam|p1a: Primarina
|-supereffective|p1a: Primarina|1
|-damage|p1a: Primarina|15/100
|move|p1b: Whimsicott|Moonblast|p2a: Whimsicott
|-damage|p2a: Whimsicott|46/100
|move|p1a: Primarina|Hyper Voice|p2b: Charizard|[spread] p2a,p2b
|-resisted|p2a: Whimsicott|1
|-supereffective|p2b: Charizard|1
|-damage|p2a: Whimsicott|28/100
|-damage|p2b: Charizard|51/100
|-damage|p1a: Primarina|6/100|[from] item: Life Orb
|
|-weather|SunnyDay|[upkeep]
|upkeep
|turn|2
|
|t:|1783784550
|move|p1b: Whimsicott|Tailwind|p1b: Whimsicott
|-sidestart|p1: satyajiitdey|move: Tailwind
|move|p2a: Whimsicott|Moonblast|p1b: Whimsicott
|-damage|p1b: Whimsicott|40/100
|move|p2b: Charizard|Heat Wave|p1b: Whimsicott|[spread] p1a,p1b
|-resisted|p1a: Primarina|1
|-supereffective|p1b: Whimsicott|1
|-damage|p1a: Primarina|0 fnt
|-damage|p1b: Whimsicott|0 fnt
|faint|p1a: Primarina
|faint|p1b: Whimsicott
|
|-weather|SunnyDay|[upkeep]
|upkeep
|
|t:|1783784558
|switch|p1b: Arcanine|Arcanine, L50, F|100/100
|switch|p1a: Froslass|Froslass, L50, F|100/100
|-ability|p1b: Arcanine|Intimidate|boost
|-unboost|p2a: Whimsicott|atk|1
|-unboost|p2b: Charizard|atk|1
|turn|3
|
|t:|1783784573
|detailschange|p1a: Froslass|Froslass-Mega, L50, F
|-mega|p1a: Froslass|Froslass|Froslassite
|-weather|Snowscape|[from] ability: Snow Warning|[of] p1a: Froslass
|move|p2b: Charizard|Protect|p2b: Charizard
|-singleturn|p2b: Charizard|Protect
|move|p1b: Arcanine|Extreme Speed|p2a: Whimsicott
|-damage|p2a: Whimsicott|0 fnt
|faint|p2a: Whimsicott
|move|p1a: Froslass|Thunderbolt|p2b: Charizard
|-activate|p2b: Charizard|move: Protect
|
|-weather|Snowscape|[upkeep]
|upkeep
|
|t:|1783784587
|switch|p2a: Kingambit|Kingambit, L50, F|100/100
|turn|4
|
|t:|1783784599
|switch|p2b: Basculegion|Basculegion, L50, M|100/100
|move|p2a: Kingambit|Protect|p2a: Kingambit
|-singleturn|p2a: Kingambit|Protect
|move|p1a: Froslass|Thunderbolt|p2b: Basculegion
|-supereffective|p2b: Basculegion|1
|-damage|p2b: Basculegion|19/100
|move|p1b: Arcanine|Flare Blitz|p2a: Kingambit
|-activate|p2a: Kingambit|move: Protect
|
|-weather|Snowscape|[upkeep]
|-sideend|p2: toughlogvgc|move: Tailwind
|upkeep
|turn|5
|
|t:|1783784622
|move|p2a: Kingambit|Sucker Punch|p1a: Froslass
|-supereffective|p1a: Froslass|1
|-damage|p1a: Froslass|0 fnt
|faint|p1a: Froslass
|move|p1b: Arcanine|Flare Blitz|p2a: Kingambit
|-supereffective|p2a: Kingambit|1
|-damage|p2a: Kingambit|4/100
|-status|p2a: Kingambit|brn
|-damage|p1b: Arcanine|67/100|[from] Recoil
|move|p2b: Basculegion|Wave Crash|p1b: Arcanine
|-supereffective|p1b: Arcanine|1
|-damage|p1b: Arcanine|0 fnt
|faint|p1b: Arcanine
|-damage|p2b: Basculegion|0 fnt|[from] Recoil
|faint|p2b: Basculegion
|
|win|toughlogvgc
|raw|satyajiitdey's rating: 1069 → 1048(-21 for losing)
|raw|toughlogvgc's rating: 1051 → 1085(+34 for winning)
|l|☆satyajiitdey
|player|p1|
