|j|☆mygreat
|j|☆sbhaga34
|html|mygreatsbhaga34    
|uhtml|bestof|Game 1 of a best-of-3
|t:|1784681216
|gametype|doubles
|player|p1|mygreat|lance|1288
|player|p2|sbhaga34|hugh|1327
|gen|9
|tier|[Gen 9 Champions] VGC 2026 Reg M-B (Bo3)
|rated|
|rule|Species Clause: Limit one of each Pokémon
|rule|Item Clause: Limit 1 of each item
|clearpoke
|poke|p1|Floette-Eternal, L50, F|
|poke|p1|Sneasler, L50, F|
|poke|p1|Kingambit, L50, M|
|poke|p1|Incineroar, L50, F|
|poke|p1|Sinistcha, L50|
|poke|p1|Basculegion, L50, M|
|poke|p2|Excadrill, L50, M|
|poke|p2|Tyranitar, L50, F|
|poke|p2|Corviknight, L50, F|
|poke|p2|Rotom-Wash, L50|
|poke|p2|Chandelure, L50, M|
|poke|p2|Scovillain, L50, M|
|teampreview|4
|showteam|p1|Floette-Eternal||Floettite|FlowerVeil|DazzlingGleam,DrainingKiss,CalmMind,Protect|Bold||F|||50|]Sneasler||FocusSash|PoisonTouch|QuickGuard,CloseCombat,PoisonJab,FakeOut|Jolly||F|||50|]Kingambit||BlackGlasses|Defiant|KowtowCleave,SuckerPunch,SwordsDance,Protect|Adamant||M|||50|]Incineroar||SitrusBerry|Intimidate|ThroatChop,PartingShot,FakeOut,Protect|Sassy||F|||50|]Sinistcha||KasibBerry|Hospitality|LifeDew,MatchaGotcha,RagePowder,Protect|Bold|||||50|]Basculegion||ChoiceScarf|Adaptability|WaveCrash,AquaJet,FlipTurn,LastRespects|Jolly||M|||50|
|showteam|p2|Excadrill||FocusSash|SandRush|Earthquake,IronHead,SwordsDance,Protect|Adamant||M|||50|]Tyranitar||Tyranitarite|SandStream|RockSlide,KnockOff,LowKick,Protect|Adamant||F|||50|]Corviknight||SharpBeak|MirrorArmor|BraveBird,Tailwind,BulkUp,Roost|Careful||F|||50|]Rotom-Wash||ChoiceScarf|Levitate|VoltSwitch,Thunderbolt,Electroweb,HydroPump|Timid|||||50|]Chandelure||ShucaBerry|FlashFire|HeatWave,ShadowBall,TrickRoom,Protect|Modest||M|||50|]Scovillain||Scovillainite|Chlorophyll|RagePowder,Overheat,GigaDrain,Protect|Calm||M|||50|
|inactive|Battle timer is ON: inactive players will automatically lose when time's up. (requested by mygreat)
|
|t:|1784681237
|teamsize|p1|4
|teamsize|p2|4
|start
|switch|p1a: Incineroar|Incineroar, L50, F|100/100
|switch|p1b: Basculegion|Basculegion, L50, M|100/100
|switch|p2a: Rotom|Rotom-Wash, L50|100/100
|switch|p2b: Corviknight|Corviknight, L50, F|100/100
|-ability|p1a: Incineroar|Intimidate|boost
|-unboost|p2a: Rotom|atk|1
|-ability|p2b: Corviknight|Mirror Armor
|-unboost|p1a: Incineroar|atk|1
|turn|1
|
|t:|1784681250
|move|p1a: Incineroar|Fake Out|p2b: Corviknight
|-resisted|p2b: Corviknight|1
|-damage|p2b: Corviknight|97/100
|move|p1b: Basculegion|Flip Turn|p2b: Corviknight
|-damage|p2b: Corviknight|67/100
|
|t:|1784681252
|switch|p1b: Floette|Floette-Eternal, L50, F|100/100|[from] Flip Turn
|move|p2a: Rotom|Volt Switch|p1b: Floette
|-damage|p1b: Floette|76/100
|
|t:|1784681265
|switch|p2a: Excadrill|Excadrill, L50, M|100/100|[from] Volt Switch
|cant|p2b: Corviknight|flinch
|
|upkeep
|turn|2
|
|t:|1784681277
|detailschange|p1b: Floette|Floette-Mega, L50, F
|-mega|p1b: Floette|Floette|Floettite
|-ability|p1b: Floette|Fairy Aura
|move|p1b: Floette|Protect|p1b: Floette
|-singleturn|p1b: Floette|Protect
|move|p2a: Excadrill|Swords Dance|p2a: Excadrill
|-boost|p2a: Excadrill|atk|2
|move|p2b: Corviknight|Tailwind|p2b: Corviknight
|-sidestart|p2: sbhaga34|move: Tailwind
|move|p1a: Incineroar|Parting Shot|p2a: Excadrill
|-unboost|p2a: Excadrill|atk|1
|-unboost|p2a: Excadrill|spa|1
|
|t:|1784681285
|switch|p1a: Sinistcha|Sinistcha, L50|100/100|[from] Parting Shot
|-heal|p1b: Floette|100/100|[from] ability: Hospitality|[of] p1a: Sinistcha
|
|upkeep
|turn|3
|
|t:|1784681291
|switch|p1b: Incineroar|Incineroar, L50, F|100/100
|-ability|p1b: Incineroar|Intimidate|boost
|-unboost|p2a: Excadrill|atk|1
|-ability|p2b: Corviknight|Mirror Armor
|-unboost|p1b: Incineroar|atk|1
|move|p2a: Excadrill|Earthquake|p1b: Incineroar|[spread] p1a,p1b
|-immune|p2b: Corviknight
|-resisted|p1a: Sinistcha|1
|-supereffective|p1b: Incineroar|1
|-crit|p1b: Incineroar
|-damage|p1a: Sinistcha|83/100
|-damage|p1b: Incineroar|0 fnt
|faint|p1b: Incineroar
|move|p2b: Corviknight|Brave Bird|p1a: Sinistcha
|-supereffective|p1a: Sinistcha|1
|-damage|p1a: Sinistcha|7/100
|-damage|p2b: Corviknight|45/100|[from] Recoil
|move|p1a: Sinistcha|Matcha Gotcha|p2a: Excadrill|[spread] p2a,p2b
|-resisted|p2b: Corviknight|2
|-damage|p2a: Excadrill|65/100
|-heal|p1a: Sinistcha|25/100|[from] drain|[of] p2a: Excadrill
|-damage|p2b: Corviknight|39/100
|-heal|p1a: Sinistcha|29/100|[from] drain|[of] p2b: Corviknight
|
|upkeep
|
|t:|1784681302
|switch|p1b: Basculegion|Basculegion, L50, M|100/100
|turn|4
|
|t:|1784681317
|switch|p2a: Rotom|Rotom-Wash, L50|100/100
|switch|p1a: Floette|Floette-Mega, L50, F|100/100
|-ability|p1a: Floette|Fairy Aura
|move|p2b: Corviknight|Brave Bird|p1a: Floette
|-damage|p1a: Floette|58/100
|-damage|p2b: Corviknight|27/100|[from] Recoil
|move|p1b: Basculegion|Flip Turn|p2a: Rotom
|-resisted|p2a: Rotom|1
|-damage|p2a: Rotom|77/100
|
|t:|1784681321
|switch|p1b: Sinistcha|Sinistcha, L50|29/100|[from] Flip Turn
|-heal|p1a: Floette|82/100|[from] ability: Hospitality|[of] p1b: Sinistcha
|
|upkeep
|turn|5
|
|t:|1784681341
|switch|p1b: Basculegion|Basculegion, L50, M|100/100
|move|p2a: Rotom|Electroweb|p1a: Floette|[spread] p1a,p1b
|-supereffective|p1b: Basculegion|1
|-damage|p1a: Floette|70/100
|-damage|p1b: Basculegion|60/100
|-unboost|p1a: Floette|spe|1
|-unboost|p1b: Basculegion|spe|1
|move|p2b: Corviknight|Brave Bird|p1b: Basculegion
|-damage|p1b: Basculegion|0 fnt
|faint|p1b: Basculegion
|-damage|p2b: Corviknight|7/100|[from] Recoil
|move|p1a: Floette|Calm Mind|p1a: Floette
|-boost|p1a: Floette|spa|1
|-boost|p1a: Floette|spd|1
|
|-sideend|p2: sbhaga34|move: Tailwind
|upkeep
|
|t:|1784681345
|switch|p1b: Sinistcha|Sinistcha, L50|29/100
|-heal|p1a: Floette|95/100|[from] ability: Hospitality|[of] p1b: Sinistcha
|turn|6
|
|t:|1784681371
|move|p2a: Rotom|Electroweb|p1a: Floette|[spread] p1a,p1b
|-resisted|p1b: Sinistcha|1
|-damage|p1a: Floette|87/100
|-damage|p1b: Sinistcha|21/100
|-unboost|p1a: Floette|spe|1
|-unboost|p1b: Sinistcha|spe|1
|move|p2b: Corviknight|Brave Bird|p1a: Floette
|-damage|p1a: Floette|48/100
|-damage|p2b: Corviknight|0 fnt|[from] Recoil
|faint|p2b: Corviknight
|move|p1a: Floette|Calm Mind|p1a: Floette
|-boost|p1a: Floette|spa|1
|-boost|p1a: Floette|spd|1
|move|p1b: Sinistcha|Matcha Gotcha|p2a: Rotom
|-supereffective|p2a: Rotom|1
|-damage|p2a: Rotom|11/100
|-heal|p1b: Sinistcha|51/100|[from] drain|[of] p2a: Rotom
|
|upkeep
|
|t:|1784681376
|switch|p2b: Tyranitar|Tyranitar, L50, F|100/100
|-weather|Sandstorm|[from] ability: Sand Stream|[of] p2b: Tyranitar
|turn|7
|
|t:|1784681389
|move|p2b: Tyranitar|Protect|p2b: Tyranitar
|-singleturn|p2b: Tyranitar|Protect
|move|p1b: Sinistcha|Protect|p1b: Sinistcha
|-singleturn|p1b: Sinistcha|Protect
|move|p2a: Rotom|Electroweb|p1a: Floette|[spread] p1a
|-activate|p1b: Sinistcha|move: Protect
|-damage|p1a: Floette|43/100
|-unboost|p1a: Floette|spe|1
|move|p1a: Floette|Draining Kiss|p2b: Tyranitar
|-activate|p2b: Tyranitar|move: Protect
|
|-weather|Sandstorm|[upkeep]
|-damage|p2a: Rotom|5/100|[from] Sandstorm
|-damage|p1b: Sinistcha|44/100|[from] Sandstorm
|-damage|p1a: Floette|37/100|[from] Sandstorm
|upkeep
|turn|8
|
|t:|1784681403
|detailschange|p2b: Tyranitar|Tyranitar-Mega, L50, F
|-mega|p2b: Tyranitar|Tyranitar|Tyranitarite
|move|p2a: Rotom|Electroweb|p1b: Sinistcha|[spread] p1a,p1b
|-resisted|p1b: Sinistcha|1
|-damage|p1a: Floette|31/100
|-damage|p1b: Sinistcha|36/100
|-unboost|p1a: Floette|spe|1
|-unboost|p1b: Sinistcha|spe|1
|move|p2b: Tyranitar|Rock Slide|p1a: Floette|[spread] p1a,p1b
|-damage|p1a: Floette|3/100
|-damage|p1b: Sinistcha|11/100
|move|p1b: Sinistcha|Life Dew|p1b: Sinistcha|[spread] p1a,p1b
|-heal|p1a: Floette|28/100
|-heal|p1b: Sinistcha|36/100
|move|p1a: Floette|Draining Kiss|p2b: Tyranitar
|-supereffective|p2b: Tyranitar|1
|-damage|p2b: Tyranitar|35/100
|-heal|p1a: Floette|83/100|[from] drain|[of] p2b: Tyranitar
|
|-weather|Sandstorm|[upkeep]
|-damage|p2a: Rotom|0 fnt|[from] Sandstorm
|-damage|p1b: Sinistcha|30/100|[from] Sandstorm
|-damage|p1a: Floette|77/100|[from] Sandstorm
|faint|p2a: Rotom
|upkeep
|
|t:|1784681418
|switch|p2a: Excadrill|Excadrill, L50, M|65/100
|turn|9
|
|t:|1784681443
|move|p2a: Excadrill|Protect|p2a: Excadrill
|-singleturn|p2a: Excadrill|Protect
|move|p1b: Sinistcha|Rage Powder|p1b: Sinistcha
|-singleturn|p1b: Sinistcha|move: Rage Powder
|move|p2b: Tyranitar|Knock Off|p1b: Sinistcha
|-supereffective|p1b: Sinistcha|1
|-damage|p1b: Sinistcha|0 fnt
|-enditem|p1b: Sinistcha|Kasib Berry|[from] move: Knock Off|[of] p2b: Tyranitar
|faint|p1b: Sinistcha
|move|p1a: Floette|Dazzling Gleam|p2a: Excadrill|[spread] p2b
|-activate|p2a: Excadrill|move: Protect
|-supereffective|p2b: Tyranitar|1
|-damage|p2b: Tyranitar|0 fnt
|faint|p2b: Tyranitar
|
|-weather|Sandstorm|[upkeep]
|-damage|p1a: Floette|71/100|[from] Sandstorm
|upkeep
|turn|10
|
|t:|1784681449
|move|p2a: Excadrill|Iron Head|p1a: Floette
|-supereffective|p1a: Floette|1
|-damage|p1a: Floette|1/100
|move|p1a: Floette|Dazzling Gleam|p2a: Excadrill
|-resisted|p2a: Excadrill|1
|-damage|p2a: Excadrill|0 fnt
|faint|p2a: Excadrill
|
|win|mygreat
