|j|â˜†Starbai
|j|â˜†EastgermanDominanz
|html|StarbaiEastgermanDominanz    
|uhtml|bestof|Game 2 of a best-of-3
|t:|1756748316
|gametype|doubles
|player|p1|Starbai|acetrainer-gen4dp|1238
|player|p2|EastgermanDominanz|psychic-gen4|1270
|gen|9
|tier|[Gen 9] VGC 2025 Reg H (Bo3)
|rated|
|rule|Species Clause: Limit one of each PokÃ©mon
|rule|Item Clause: Limit 1 of each item
|clearpoke
|poke|p1|Dragonite, L50, F|
|poke|p1|Volcarona, L50, M|
|poke|p1|Kingambit, L50, M|
|poke|p1|Sneasler, L50, F|
|poke|p1|Electabuzz, L50, M|
|poke|p1|Rillaboom, L50, M|
|poke|p2|Tyranitar, L50, M|
|poke|p2|Annihilape, L50, F|
|poke|p2|Volcarona, L50, F|
|poke|p2|Sneasler, L50, F|
|poke|p2|Whimsicott, L50, M|
|poke|p2|Gholdengo, L50|
|teampreview|4
|showteam|p1|Dragonite||LoadedDice|Multiscale|ScaleShot,ExtremeSpeed,Haze,Protect|||F|||50|,,,,,Normal]Volcarona||CovertCloak|FlameBody|HeatWave,TeraBlast,QuiverDance,Protect|||M|||50|,,,,,Fairy]Kingambit||BlackGlasses|Defiant|KowtowCleave,SuckerPunch,SwordsDance,Protect|||M|||50|,,,,,Dark]Sneasler||FocusSash|Unburden|CloseCombat,DireClaw,FakeOut,Coaching|||F|||50|,,,,,Stellar]Electabuzz||Eviolite|VitalSpirit|Thunderbolt,FollowMe,Taunt,Protect|||M|||50|,,,,,Ghost]Rillaboom||AssaultVest|GrassySurge|WoodHammer,GrassyGlide,FakeOut,HighHorsepower|||M|||50|,,,,,Fire
|showteam|p2|Tyranitar||AssaultVest|SandStream|RockSlide,KnockOff,TeraBlast,LowKick|||M|||50|,,,,,Flying]Annihilape||SafetyGoggles|Defiant|DrainPunch,RageFist,BulkUp,Protect|||F|||50|,,,,,Water]Volcarona||SitrusBerry|FlameBody|HeatWave,TeraBlast,Protect,QuiverDance|||F|||50|,,,,,Fairy]Sneasler||WhiteHerb|Unburden|FakeOut,CloseCombat,DireClaw,Coaching|||F|||50|,,,,,Dark]Whimsicott||CovertCloak|Prankster|Tailwind,Moonblast,BeatUp,Encore|||M|||50|,,,,,Dark]Gholdengo||LifeOrb|GoodasGold|MakeItRain,ShadowBall,NastyPlot,Protect||||||50|,,,,,Water
|inactive|Battle timer is ON: inactive players will automatically lose when time's up. (requested by EastgermanDominanz)
|inactive|Starbai has 60 seconds left.
|
|t:|1756748355
|teamsize|p1|4
|teamsize|p2|4
|start
|switch|p1a: Sneasler|Sneasler, L50, F|100/100
|switch|p1b: Dragonite|Dragonite, L50, F|100/100
|switch|p2a: Sneasler|Sneasler, L50, F|100/100
|switch|p2b: Tyranitar|Tyranitar, L50, M|100/100
|-weather|Sandstorm|[from] ability: Sand Stream|[of] p2b: Tyranitar
|turn|1
|
|t:|1756748375
|move|p2a: Sneasler|Fake Out|p1a: Sneasler
|-damage|p1a: Sneasler|76/100
|cant|p1a: Sneasler|flinch
|move|p1b: Dragonite|Scale Shot|p2a: Sneasler
|-damage|p2a: Sneasler|77/100
|-damage|p2a: Sneasler|55/100
|-damage|p2a: Sneasler|30/100
|-damage|p2a: Sneasler|5/100
|-damage|p2a: Sneasler|0 fnt
|faint|p2a: Sneasler
|-hitcount|p2: Sneasler|5
|-unboost|p1b: Dragonite|def|1
|-boost|p1b: Dragonite|spe|1
|move|p2b: Tyranitar|Rock Slide|p1a: Sneasler|[spread] p1a,p1b
|-resisted|p1a: Sneasler
|-supereffective|p1b: Dragonite
|-damage|p1a: Sneasler|52/100
|-damage|p1b: Dragonite|47/100
|
|-weather|Sandstorm|[upkeep]
|-damage|p1b: Dragonite|41/100|[from] Sandstorm
|-damage|p1a: Sneasler|46/100|[from] Sandstorm
|upkeep
|
|t:|1756748393
|switch|p2a: Whimsicott|Whimsicott, L50, M|100/100
|turn|2
|inactive|Starbai has 30 seconds left.
|inactive|EastgermanDominanz has 30 seconds left.
|inactive|EastgermanDominanz has 20 seconds left.
|
|t:|1756748428
|-terastallize|p2b: Tyranitar|Flying
|move|p1b: Dragonite|Protect|p1b: Dragonite
|-singleturn|p1b: Dragonite|Protect
|move|p2a: Whimsicott|Tailwind|p2a: Whimsicott
|-sidestart|p2: EastgermanDominanz|move: Tailwind
|move|p1a: Sneasler|Dire Claw|p2a: Whimsicott
|-supereffective|p2a: Whimsicott
|-crit|p2a: Whimsicott
|-damage|p2a: Whimsicott|0 fnt
|faint|p2a: Whimsicott
|move|p2b: Tyranitar|Rock Slide|p1b: Dragonite|[spread] p1a
|-activate|p1b: Dragonite|move: Protect
|-resisted|p1a: Sneasler
|-damage|p1a: Sneasler|21/100
|
|-weather|Sandstorm|[upkeep]
|-damage|p1b: Dragonite|35/100|[from] Sandstorm
|-damage|p1a: Sneasler|15/100|[from] Sandstorm
|-damage|p2b: Tyranitar|95/100|[from] Sandstorm
|upkeep
|
|t:|1756748443
|switch|p2a: Annihilape|Annihilape, L50, F|100/100
|turn|3
|inactive|EastgermanDominanz has 30 seconds left.
|
|t:|1756748473
|switch|p1a: Kingambit|Kingambit, L50, M|100/100
|move|p1b: Dragonite|Extreme Speed|p2b: Tyranitar
|-damage|p2b: Tyranitar|71/100
|move|p2a: Annihilape|Rage Fist|p1b: Dragonite
|-damage|p1b: Dragonite|0 fnt
|faint|p1b: Dragonite
|move|p2b: Tyranitar|Tera Blast|p1a: Kingambit|[anim] Tera Blast Flying
|-resisted|p1a: Kingambit
|-damage|p1a: Kingambit|83/100
|
|-weather|Sandstorm|[upkeep]
|-damage|p2b: Tyranitar|65/100|[from] Sandstorm
|upkeep
|
|t:|1756748483
|switch|p1b: Sneasler|Sneasler, L50, F|15/100
|turn|4
|
|t:|1756748500
|-terastallize|p1a: Kingambit|Dark
|move|p1b: Sneasler|Fake Out|p2b: Tyranitar
|-damage|p2b: Tyranitar|54/100
|move|p2a: Annihilape|Rage Fist|p1b: Sneasler
|-damage|p1b: Sneasler|0 fnt
|faint|p1b: Sneasler
|cant|p2b: Tyranitar|flinch
|move|p1a: Kingambit|Swords Dance|p1a: Kingambit
|-boost|p1a: Kingambit|atk|2
|
|-weather|Sandstorm|[upkeep]
|-damage|p2b: Tyranitar|48/100|[from] Sandstorm
|-damage|p1a: Kingambit|77/100|[from] Sandstorm
|upkeep
|
|t:|1756748504
|switch|p1b: Volcarona|Volcarona, L50, M|100/100
|turn|5
|
|t:|1756748529
|move|p1a: Kingambit|Sucker Punch|p2b: Tyranitar
|-damage|p2b: Tyranitar|0 fnt
|faint|p2b: Tyranitar
|move|p2a: Annihilape|Bulk Up|p2a: Annihilape
|-boost|p2a: Annihilape|atk|1
|-boost|p2a: Annihilape|def|1
|move|p1b: Volcarona|Quiver Dance|p1b: Volcarona
|-boost|p1b: Volcarona|spa|1
|-boost|p1b: Volcarona|spd|1
|-boost|p1b: Volcarona|spe|1
|
|-weather|none
|-sideend|p2: EastgermanDominanz|move: Tailwind
|upkeep
|turn|6
|
|t:|1756748540
|move|p1a: Kingambit|Sucker Punch|p2a: Annihilape
|-damage|p2a: Annihilape|15/100
|move|p1b: Volcarona|Heat Wave|p2a: Annihilape
|-damage|p2a: Annihilape|0 fnt
|faint|p2a: Annihilape
|
|win|Starbai
||Starbai is ready for game 3.
||EastgermanDominanz is ready for game 3.
|uhtml|next|Next: Game 3 of 3
|l|â˜†EastgermanDominanz
|player|p2|
