|j|☆StosMac11
|j|☆tpshame
|html|StosMac11tpshame    
|uhtml|bestof|Game 1 of a best-of-3
|t:|1756923355
|gametype|doubles
|player|p1|StosMac11|265|
|player|p2|tpshame|266|
|gen|9
|tier|[Gen 9] VGC 2025 Reg H (Bo3)
|rule|Species Clause: Limit one of each Pokémon
|rule|Item Clause: Limit 1 of each item
|clearpoke
|poke|p1|Sinistcha, L50|
|poke|p1|Gholdengo, L50|
|poke|p1|Maushold, L50|
|poke|p1|Archaludon, L50, M|
|poke|p1|Armarouge, L50, M|
|poke|p1|Mimikyu, L50, F|
|poke|p2|Archaludon, L50, F|
|poke|p2|Pelipper, L50, M|
|poke|p2|Incineroar, L50, F|
|poke|p2|Amoonguss, L50, F|
|poke|p2|Basculegion, L50, M|
|poke|p2|Gholdengo, L50|
|teampreview|4
|showteam|p1|Sinistcha||SitrusBerry|Hospitality|RagePowder,MatchaGotcha,TrickRoom,Imprison||||||50|,,,,,Normal]Gholdengo||FocusSash|GoodasGold|MakeItRain,Protect,NastyPlot,MetalSound||||||50|,,,,,Fairy]Maushold||WideLens|Technician|PopulationBomb,Protect,FollowMe,BeatUp||||||50|,,,,,Normal]Archaludon||Leftovers|Stamina|Protect,BodyPress,DragonPulse,Snarl|||M|||50|,,,,,Water]Armarouge||WeaknessPolicy|WeakArmor|HeatWave,Taunt,Endure,WideGuard|||M|||50|,,,,,Fire]Mimikyu||MentalHerb|Disguise|TrickRoom,MistyTerrain,ShadowSneak,PlayRough|||F|||50|,,,,,Fairy
|showteam|p2|Archaludon||AssaultVest|Stamina|FlashCannon,ElectroShot,DracoMeteor,BodyPress|||F|||50|,,,,,Grass]Pelipper||FocusSash|Drizzle|WeatherBall,Hurricane,Tailwind,Protect|||M|||50|,,,,,Stellar]Incineroar||SafetyGoggles|Intimidate|KnockOff,WillOWisp,FakeOut,PartingShot|||F|||50|,,,,,Ghost]Amoonguss||SitrusBerry|Regenerator|Spore,RagePowder,PollenPuff,Protect|||F|||50|,,,,,Water]Basculegion||ChoiceBand|SwiftSwim|WaveCrash,FlipTurn,LastRespects,AquaJet|||M|||50|,,,,,Water]Gholdengo||Leftovers|GoodasGold|MakeItRain,ShadowBall,NastyPlot,Protect||||||50|,,,,,Water
|
|t:|1756923428
|teamsize|p1|4
|teamsize|p2|4
|start
|switch|p1a: Mimikyu|Mimikyu, L50, F|100/100
|switch|p1b: Armarouge|Armarouge, L50, M|100/100
|switch|p2a: Buttermilch|Gholdengo, L50|100/100
|switch|p2b: Pudding|Amoonguss, L50, F|100/100
|turn|1
|
|t:|1756923477
|-terastallize|p2a: Buttermilch|Water
|move|p2b: Pudding|Rage Powder|p2b: Pudding
|-singleturn|p2b: Pudding|move: Rage Powder
|move|p2a: Buttermilch|Nasty Plot|p2a: Buttermilch
|-boost|p2a: Buttermilch|spa|2
|move|p1a: Mimikyu|Misty Terrain|p1a: Mimikyu
|-fieldstart|move: Misty Terrain
|move|p1b: Armarouge|Heat Wave|p2b: Pudding|[spread] p2a,p2b
|-resisted|p2a: Buttermilch
|-supereffective|p2b: Pudding
|-damage|p2a: Buttermilch|83/100
|-damage|p2b: Pudding|38/100
|-enditem|p2b: Pudding|Sitrus Berry|[eat]
|-heal|p2b: Pudding|63/100|[from] item: Sitrus Berry
|
|-heal|p2a: Buttermilch|89/100|[from] item: Leftovers
|upkeep
|turn|2
|
|t:|1756923508
|move|p1a: Mimikyu|Shadow Sneak|p1b: Armarouge
|-supereffective|p1b: Armarouge
|-damage|p1b: Armarouge|68/100
|-ability|p1b: Armarouge|Weak Armor|boost
|-unboost|p1b: Armarouge|def|1
|-boost|p1b: Armarouge|spe|2
|-enditem|p1b: Armarouge|Weakness Policy
|-boost|p1b: Armarouge|atk|2|[from] item: Weakness Policy
|-boost|p1b: Armarouge|spa|2|[from] item: Weakness Policy
|move|p1b: Armarouge|Heat Wave|p2b: Pudding|[spread] p2a,p2b
|-resisted|p2a: Buttermilch
|-supereffective|p2b: Pudding
|-damage|p2a: Buttermilch|55/100
|-damage|p2b: Pudding|0 fnt
|faint|p2b: Pudding
|move|p2a: Buttermilch|Nasty Plot|p2a: Buttermilch
|-boost|p2a: Buttermilch|spa|2
|
|-heal|p2a: Buttermilch|62/100|[from] item: Leftovers
|upkeep
|
|t:|1756923532
|switch|p2b: Kefir|Basculegion, L50, M|100/100
|turn|3
|
|t:|1756923596
|move|p1b: Armarouge|Endure|p1b: Armarouge
|-singleturn|p1b: Armarouge|move: Endure
|move|p2a: Buttermilch|Protect|p2a: Buttermilch
|-singleturn|p2a: Buttermilch|Protect
|move|p2b: Kefir|Aqua Jet|p1b: Armarouge
|-supereffective|p1b: Armarouge
|-activate|p1b: Armarouge|move: Endure
|-damage|p1b: Armarouge|1/100
|-ability|p1b: Armarouge|Weak Armor|boost
|-unboost|p1b: Armarouge|def|1
|-boost|p1b: Armarouge|spe|2
|move|p1a: Mimikyu|Play Rough|p2a: Buttermilch
|-activate|p2a: Buttermilch|move: Protect
|
|-heal|p2a: Buttermilch|68/100|[from] item: Leftovers
|upkeep
|turn|4
|
|t:|1756923654
|switch|p1b: Archaludon|Archaludon, L50, M|100/100
|move|p2b: Kefir|Aqua Jet|p1b: Archaludon
|-resisted|p1b: Archaludon
|-damage|p1b: Archaludon|90/100
|-ability|p1b: Archaludon|Stamina|boost
|-boost|p1b: Archaludon|def|1
|move|p2a: Buttermilch|Shadow Ball|p1a: Mimikyu
|-activate|p1a: Mimikyu|ability: Disguise
|-damage|p1a: Mimikyu|100/100
|detailschange|p1a: Mimikyu|Mimikyu-Busted, L50, F
|-damage|p1a: Mimikyu|88/100|[from] pokemon: Mimikyu-Busted
|move|p1a: Mimikyu|Play Rough|p2a: Buttermilch|[miss]
|-miss|p1a: Mimikyu|p2a: Buttermilch
|
|-heal|p2a: Buttermilch|74/100|[from] item: Leftovers
|-heal|p1b: Archaludon|96/100|[from] item: Leftovers
|upkeep
|turn|5
|
|t:|1756923683
|move|p2b: Kefir|Aqua Jet|p1b: Archaludon
|-resisted|p1b: Archaludon
|-damage|p1b: Archaludon|89/100
|-ability|p1b: Archaludon|Stamina|boost
|-boost|p1b: Archaludon|def|1
|move|p2a: Buttermilch|Make It Rain|p1b: Archaludon|[spread] p1a,p1b
|-supereffective|p1a: Mimikyu
|-resisted|p1b: Archaludon
|-damage|p1a: Mimikyu|0 fnt
|-damage|p1b: Archaludon|43/100
|-unboost|p2a: Buttermilch|spa|1
|-ability|p1b: Archaludon|Stamina|boost
|-boost|p1b: Archaludon|def|1
|faint|p1a: Mimikyu
|move|p1b: Archaludon|Snarl|p2a: Buttermilch|[spread] p2a
|-miss|p1b: Archaludon|p2b: Kefir
|-damage|p2a: Buttermilch|62/100
|-unboost|p2a: Buttermilch|spa|1
|
|-heal|p2a: Buttermilch|68/100|[from] item: Leftovers
|-heal|p1b: Archaludon|49/100|[from] item: Leftovers
|-fieldend|Misty Terrain
|upkeep
|
|t:|1756923703
|switch|p1a: Gholdengo|Gholdengo, L50|100/100
|turn|6
|
|t:|1756923731
|switch|p2b: Quark|Pelipper, L50, M, shiny|100/100
|-weather|RainDance|[from] ability: Drizzle|[of] p2b: Quark
|move|p2a: Buttermilch|Protect|p2a: Buttermilch
|-singleturn|p2a: Buttermilch|Protect
|move|p1a: Gholdengo|Protect|p1a: Gholdengo
|-singleturn|p1a: Gholdengo|Protect
|move|p1b: Archaludon|Snarl|p2a: Buttermilch|[spread] 
|-activate|p2a: Buttermilch|move: Protect
|-miss|p1b: Archaludon|p2b: Quark
|
|-weather|RainDance|[upkeep]
|-heal|p2a: Buttermilch|75/100|[from] item: Leftovers
|-heal|p1b: Archaludon|55/100|[from] item: Leftovers
|upkeep
|turn|7
|
|t:|1756923784
|move|p2a: Buttermilch|Shadow Ball|p1b: Archaludon
|-damage|p1b: Archaludon|0 fnt
|faint|p1b: Archaludon
|move|p1a: Gholdengo|Metal Sound|p2a: Buttermilch
|-immune|p2a: Buttermilch|[from] ability: Good as Gold
|move|p2b: Quark|Tailwind|p2b: Quark
|-sidestart|p2: tpshame|move: Tailwind
|
|-weather|RainDance|[upkeep]
|-heal|p2a: Buttermilch|81/100|[from] item: Leftovers
|upkeep
|
|t:|1756923794
|switch|p1b: Armarouge|Armarouge, L50, M|1/100
|turn|8
|
|t:|1756923835
|move|p1b: Armarouge|Endure|p1b: Armarouge
|-singleturn|p1b: Armarouge|move: Endure
|move|p2a: Buttermilch|Make It Rain|p1a: Gholdengo|[spread] p1a,p1b
|-resisted|p1a: Gholdengo
|-resisted|p1b: Armarouge
|-damage|p1a: Gholdengo|51/100
|-activate|p1b: Armarouge|move: Endure
|-damage|p1b: Armarouge|1/100
|-unboost|p2a: Buttermilch|spa|1
|move|p2b: Quark|Weather Ball|p1a: Gholdengo
|-damage|p1a: Gholdengo|0 fnt
|faint|p1a: Gholdengo
|
|-weather|RainDance|[upkeep]
|-heal|p2a: Buttermilch|87/100|[from] item: Leftovers
|upkeep
|turn|9
|
|t:|1756923855
|move|p2a: Buttermilch|Shadow Ball|p1b: Armarouge
|-supereffective|p1b: Armarouge
|-damage|p1b: Armarouge|0 fnt
|faint|p1b: Armarouge
|
|win|tpshame
