|j|☆NoiceDynamite
|j|☆rpr1020
|html|NoiceDynamiterpr1020    
|uhtml|bestof|Game 1 of a best-of-3
|t:|1757773877
|gametype|doubles
|player|p1|NoiceDynamite|cynthia|1075
|player|p2|rpr1020|265|1064
|gen|9
|tier|[Gen 9] VGC 2025 Reg H (Bo3)
|rated|
|rule|Species Clause: Limit one of each Pokémon
|rule|Item Clause: Limit 1 of each item
|clearpoke
|poke|p1|Archaludon, L50, M|
|poke|p1|Pelipper, L50, M|
|poke|p1|Sinistcha, L50|
|poke|p1|Ursaluna, L50, F|
|poke|p1|Dragonite, L50, F|
|poke|p1|Gholdengo, L50|
|poke|p2|Charizard, L50, F|
|poke|p2|Torkoal, L50, F|
|poke|p2|Porygon2, L50|
|poke|p2|Incineroar, L50, M|
|poke|p2|Jumpluff, L50, F|
|poke|p2|Ursaluna, L50, F|
|teampreview|4
|showteam|p1|Archaludon||AssaultVest|Stamina|Snarl,ElectroShot,FlashCannon,BodyPress|||M|||50|,,,,,Fighting]Pelipper||FocusSash|Drizzle|WeatherBall,MuddyWater,Tailwind,WideGuard|||M|||50|,,,,,Ghost]Sinistcha||SitrusBerry|Hospitality|MatchaGotcha,RagePowder,LifeDew,TrickRoom||||||50|,,,,,Dark]Ursaluna||FlameOrb|Guts|Facade,HeadlongRush,Earthquake,Protect|||F|||50|,,,,,Ghost]Dragonite||LoadedDice|Multiscale|Tailwind,Haze,ScaleShot,Protect|||F|||50|,,,,,Fairy]Gholdengo||ChoiceScarf|GoodasGold|MakeItRain,ShadowBall,TeraBlast,Trick||||||50|,,,,,Water
|showteam|p2|Charizard||ChoiceSpecs|SolarPower|HeatWave,Overheat,WeatherBall,AirSlash|||F|||50|,,,,,Ghost]Torkoal||EjectPack|Drought|Eruption,Overheat,HelpingHand,Protect|||F|||50|,,,,,Fire]Porygon2||Eviolite|Download|TeraBlast,IceBeam,Recover,TrickRoom||||||50|,,,,,Fighting]Incineroar||SitrusBerry|Intimidate|FlareBlitz,KnockOff,FakeOut,PartingShot|||M|||50|,,,,,Ghost]Jumpluff||CovertCloak|Chlorophyll|SleepPowder,SunnyDay,RagePowder,Tailwind|||F|||50|,,,,,Water]Ursaluna||FlameOrb|Guts|HeadlongRush,Facade,Earthquake,Protect|||F|||50|,,,,,Ghost
|
|t:|1757773913
|teamsize|p1|4
|teamsize|p2|4
|start
|switch|p1a: Archaludon|Archaludon, L50, M|100/100
|switch|p1b: Ursaluna|Ursaluna, L50, F|100/100
|switch|p2a: Jumpluff|Jumpluff, L50, F|100/100
|switch|p2b: Torkoal|Torkoal, L50, F|100/100
|-weather|SunnyDay|[from] ability: Drought|[of] p2b: Torkoal
|turn|1
|
|t:|1757773945
|-terastallize|p1b: Ursaluna|Ghost
|move|p2a: Jumpluff|Sleep Powder|p1a: Archaludon|[miss]
|-miss|p2a: Jumpluff|p1a: Archaludon
|move|p1a: Archaludon|Snarl|p2a: Jumpluff|[spread] p2a,p2b
|-damage|p2a: Jumpluff|89/100
|-damage|p2b: Torkoal|84/100
|-unboost|p2b: Torkoal|spa|1
|-enditem|p2b: Torkoal|Eject Pack
|
|t:|1757773955
|switch|p2b: Ursaluna|Ursaluna, L50, F|100/100
|move|p1b: Ursaluna|Headlong Rush|p2b: Ursaluna
|-damage|p2b: Ursaluna|45/100
|-unboost|p1b: Ursaluna|def|1
|-unboost|p1b: Ursaluna|spd|1
|
|-weather|SunnyDay|[upkeep]
|-status|p1b: Ursaluna|brn|[from] item: Flame Orb
|-status|p2b: Ursaluna|brn|[from] item: Flame Orb
|upkeep
|turn|2
|
|t:|1757773983
|switch|p1a: Sinistcha|Sinistcha, L50|100/100
|move|p2a: Jumpluff|Tailwind|p2a: Jumpluff
|-sidestart|p2: rpr1020|move: Tailwind
|move|p2b: Ursaluna|Headlong Rush|p1b: Ursaluna
|-damage|p1b: Ursaluna|0 fnt
|-unboost|p2b: Ursaluna|def|1
|-unboost|p2b: Ursaluna|spd|1
|faint|p1b: Ursaluna
|
|-weather|SunnyDay|[upkeep]
|-damage|p2b: Ursaluna|40/100 brn|[from] brn
|upkeep
|
|t:|1757773995
|switch|p1b: Pelipper|Pelipper, L50, M|100/100
|-weather|RainDance|[from] ability: Drizzle|[of] p1b: Pelipper
|turn|3
|
|t:|1757774008
|switch|p2b: Torkoal|Torkoal, L50, F|84/100
|-weather|SunnyDay|[from] ability: Drought|[of] p2b: Torkoal
|move|p2a: Jumpluff|Sleep Powder|p1b: Pelipper|[miss]
|-miss|p2a: Jumpluff|p1b: Pelipper
|move|p1b: Pelipper|Muddy Water|p2a: Jumpluff|[spread] p2a,p2b
|-resisted|p2a: Jumpluff
|-supereffective|p2b: Torkoal
|-damage|p2a: Jumpluff|82/100
|-damage|p2b: Torkoal|43/100
|move|p1a: Sinistcha|Trick Room|p1a: Sinistcha
|-fieldstart|move: Trick Room|[of] p1a: Sinistcha
|
|-weather|SunnyDay|[upkeep]
|upkeep
|turn|4
|
|t:|1757774038
|move|p2b: Torkoal|Overheat|p1a: Sinistcha
|-supereffective|p1a: Sinistcha
|-damage|p1a: Sinistcha|0 fnt
|-unboost|p2b: Torkoal|spa|2
|faint|p1a: Sinistcha
|move|p1b: Pelipper|Weather Ball|p2a: Jumpluff
|-supereffective|p2a: Jumpluff
|-damage|p2a: Jumpluff|0 fnt
|faint|p2a: Jumpluff
|
|-weather|SunnyDay|[upkeep]
|upkeep
|
|t:|1757774053
|switch|p1a: Archaludon|Archaludon, L50, M|100/100
|switch|p2a: Ursaluna|Ursaluna, L50, F|40/100 brn
|turn|5
|
|t:|1757774073
|move|p2a: Ursaluna|Protect|p2a: Ursaluna
|-singleturn|p2a: Ursaluna|Protect
|move|p2b: Torkoal|Overheat|p1b: Pelipper
|-resisted|p1b: Pelipper
|-damage|p1b: Pelipper|66/100
|-unboost|p2b: Torkoal|spa|2
|move|p1a: Archaludon|Body Press|p2a: Ursaluna
|-activate|p2a: Ursaluna|move: Protect
|move|p1b: Pelipper|Muddy Water|p2b: Torkoal|[spread] p2b
|-activate|p2a: Ursaluna|move: Protect
|-supereffective|p2b: Torkoal
|-damage|p2b: Torkoal|6/100
|
|-weather|SunnyDay|[upkeep]
|-damage|p2a: Ursaluna|34/100 brn|[from] brn
|-sideend|p2: rpr1020|move: Tailwind
|upkeep
|turn|6
|
|t:|1757774103
|-terastallize|p2a: Ursaluna|Ghost
|move|p2b: Torkoal|Helping Hand|p2a: Ursaluna
|-singleturn|p2a: Ursaluna|Helping Hand|[of] p2b: Torkoal
|move|p2a: Ursaluna|Headlong Rush|p1a: Archaludon
|-supereffective|p1a: Archaludon
|-crit|p1a: Archaludon
|-damage|p1a: Archaludon|0 fnt
|-unboost|p2a: Ursaluna|def|1
|-unboost|p2a: Ursaluna|spd|1
|faint|p1a: Archaludon
|move|p1b: Pelipper|Muddy Water|p2b: Torkoal|[spread] p2b
|-miss|p1b: Pelipper|p2a: Ursaluna
|-supereffective|p2b: Torkoal
|-damage|p2b: Torkoal|0 fnt
|faint|p2b: Torkoal
|
|-weather|SunnyDay|[upkeep]
|-damage|p2a: Ursaluna|28/100 brn|[from] brn
|upkeep
|
|t:|1757774118
|switch|p2b: Porygon2|Porygon2, L50|100/100
|-ability|p2b: Porygon2|Download|boost
|-boost|p2b: Porygon2|spa|1
|turn|7
|
|t:|1757774123
|move|p2b: Porygon2|Tera Blast|p1b: Pelipper
|-damage|p1b: Pelipper|0 fnt
|faint|p1b: Pelipper
|
|win|rpr1020
||rpr1020 is ready for game 2.
