|j|☆glotis
|j|☆syndra1999
|html|glotissyndra1999    
|uhtml|bestof|Game 2 of a best-of-3
|t:|1757632365
|gametype|doubles
|player|p1|glotis|linebacker|1086
|player|p2|syndra1999|169|1086
|gen|9
|tier|[Gen 9] VGC 2025 Reg H (Bo3)
|rated|
|rule|Species Clause: Limit one of each Pokémon
|rule|Item Clause: Limit 1 of each item
|clearpoke
|poke|p1|Chesnaught, L50, M|
|poke|p1|Blaziken, L50, F|
|poke|p1|Swampert, L50, F|
|poke|p1|Salamence, L50, F|
|poke|p1|Incineroar, L50, F|
|poke|p1|Breloom, L50, M|
|poke|p2|Ursaluna-Bloodmoon, L50, M|
|poke|p2|Dragonite, L50, F|
|poke|p2|Gholdengo, L50|
|poke|p2|Rillaboom, L50, M|
|poke|p2|Ninetales-Alola, L50, F|
|poke|p2|Porygon2, L50|
|teampreview|4
|showteam|p1|Chesnaught||Leftovers|Bulletproof|LeechSeed,KnockOff,Coaching,WideGuard|||M|||50|,,,,,Fire]Blaziken||FocusSash|SpeedBoost|BlazeKick,Coaching,Protect,CloseCombat|||F|||50|,,,,,Dark]Swampert||AssaultVest|Torrent|Waterfall,BodyPress,Earthquake,FlipTurn|||F|||50|,,,,,Water]Salamence||ClearAmulet|Intimidate|Protect,DragonClaw,DualWingbeat,Tailwind|||F|||50|,,,,,Steel]Incineroar||SafetyGoggles|Intimidate|FakeOut,KnockOff,PartingShot,FirePunch|||F|||50|,,,,,Bug]Breloom||SitrusBerry|Technician|BulletSeed,Spore,Protect,SwordsDance|||M|||50|,,,,,Dark
|showteam|p2|Ursaluna-Bloodmoon||AssaultVest|MindsEye|HyperVoice,BloodMoon,EarthPower,VacuumWave|||M|||50|,,,,,Water]Dragonite||LoadedDice|Multiscale|ScaleShot,Tailwind,Haze,Protect|||F|||50|,,,,,Fairy]Gholdengo||LifeOrb|GoodasGold|MakeItRain,ShadowBall,NastyPlot,Protect||||||50|,,,,,Water]Rillaboom||MiracleSeed|GrassySurge|FakeOut,GrassyGlide,WoodHammer,HighHorsepower|||M|||50|,,,,,Grass]Ninetales-Alola||CovertCloak|SnowWarning|AuroraVeil,Blizzard,HelpingHand,FreezeDry|||F|||50|,,,,,Ice]Porygon2||Eviolite|Download|TrickRoom,TeraBlast,Recover,Thunderbolt||||||50|,,,,,Fighting
|inactive|Battle timer is ON: inactive players will automatically lose when time's up. (requested by glotis)
|inactive|glotis has 60 seconds left.
|inactive|syndra1999 has 60 seconds left.
|
|t:|1757632410
|teamsize|p1|4
|teamsize|p2|4
|start
|switch|p1a: Chesnaught|Chesnaught, L50, M|100/100
|switch|p1b: Incineroar|Incineroar, L50, F|100/100
|switch|p2a: Ninetales|Ninetales-Alola, L50, F|100/100
|switch|p2b: Dragonite|Dragonite, L50, F|100/100
|-weather|Snowscape|[from] ability: Snow Warning|[of] p2a: Ninetales
|-ability|p1b: Incineroar|Intimidate|boost
|-unboost|p2a: Ninetales|atk|1
|-unboost|p2b: Dragonite|atk|1
|turn|1
|
|t:|1757632431
|switch|p2b: Rillaboom|Rillaboom, L50, M|100/100
|-fieldstart|move: Grassy Terrain|[from] ability: Grassy Surge|[of] p2b: Rillaboom
|-terastallize|p1a: Chesnaught|Fire
|move|p1b: Incineroar|Fake Out|p2b: Rillaboom
|-damage|p2b: Rillaboom|90/100
|move|p2a: Ninetales|Aurora Veil|p2a: Ninetales
|-sidestart|p2: syndra1999|move: Aurora Veil
|move|p1a: Chesnaught|Leech Seed|p2a: Ninetales|[miss]
|-miss|p1a: Chesnaught|p2a: Ninetales
|
|-weather|Snowscape|[upkeep]
|-heal|p2b: Rillaboom|96/100|[from] Grassy Terrain
|upkeep
|turn|2
|inactive|syndra1999 has 30 seconds left.
|inactive|syndra1999 has 20 seconds left.
|
|t:|1757632471
|move|p2a: Ninetales|Helping Hand|p2b: Rillaboom
|-singleturn|p2b: Rillaboom|Helping Hand|[of] p2a: Ninetales
|move|p2b: Rillaboom|High Horsepower|p1a: Chesnaught
|-supereffective|p1a: Chesnaught
|-damage|p1a: Chesnaught|40/100
|move|p1a: Chesnaught|Knock Off|p2b: Rillaboom
|-damage|p2b: Rillaboom|81/100
|-enditem|p2b: Rillaboom|Miracle Seed|[from] move: Knock Off|[of] p1a: Chesnaught
|move|p1b: Incineroar|Parting Shot|p2a: Ninetales
|-unboost|p2a: Ninetales|atk|1
|-unboost|p2a: Ninetales|spa|1
|
|t:|1757632481
|switch|p1b: Breloom|Breloom, L50, M, shiny|100/100|[from] Parting Shot
|
|-weather|Snowscape|[upkeep]
|-heal|p2b: Rillaboom|86/100|[from] Grassy Terrain
|-heal|p1a: Chesnaught|46/100|[from] Grassy Terrain
|-heal|p1a: Chesnaught|52/100|[from] item: Leftovers
|upkeep
|turn|3
|inactive|syndra1999 has 30 seconds left.
|
|t:|1757632515
|switch|p1b: Incineroar|Incineroar, L50, F|100/100
|-ability|p1b: Incineroar|Intimidate|boost
|-unboost|p2a: Ninetales|atk|1
|-unboost|p2b: Rillaboom|atk|1
|move|p2a: Ninetales|Blizzard|p1b: Incineroar|[spread] p1a,p1b
|-resisted|p1a: Chesnaught
|-resisted|p1b: Incineroar
|-damage|p1a: Chesnaught|40/100
|-damage|p1b: Incineroar|93/100
|move|p2b: Rillaboom|High Horsepower|p1a: Chesnaught
|-supereffective|p1a: Chesnaught
|-damage|p1a: Chesnaught|12/100
|move|p1a: Chesnaught|Leech Seed|p2a: Ninetales
|-start|p2a: Ninetales|move: Leech Seed
|
|-weather|Snowscape|[upkeep]
|-heal|p2b: Rillaboom|92/100|[from] Grassy Terrain
|-heal|p1a: Chesnaught|18/100|[from] Grassy Terrain
|-heal|p1a: Chesnaught|24/100|[from] item: Leftovers
|-heal|p1b: Incineroar|99/100|[from] Grassy Terrain
|-damage|p2a: Ninetales|88/100|[from] Leech Seed|[of] p1a: Chesnaught
|-heal|p1a: Chesnaught|33/100|[silent]
|upkeep
|turn|4
|inactive|syndra1999 has 30 seconds left.
|
|t:|1757632545
|switch|p2a: Dragonite|Dragonite, L50, F|100/100
|switch|p2b: Porygon2|Porygon2, L50|100/100
|-ability|p2b: Porygon2|Download|boost
|-boost|p2b: Porygon2|spa|1
|move|p1b: Incineroar|Fake Out|p2b: Porygon2
|-damage|p2b: Porygon2|95/100
|move|p1a: Chesnaught|Knock Off|p2a: Dragonite
|-damage|p2a: Dragonite|91/100
|-enditem|p2a: Dragonite|Loaded Dice|[from] move: Knock Off|[of] p1a: Chesnaught
|
|-weather|Snowscape|[upkeep]
|-heal|p1a: Chesnaught|39/100|[from] Grassy Terrain
|-heal|p1a: Chesnaught|46/100|[from] item: Leftovers
|-heal|p1b: Incineroar|100/100|[from] Grassy Terrain
|-heal|p2b: Porygon2|100/100|[from] Grassy Terrain
|upkeep
|turn|5
|
|t:|1757632566
|switch|p1a: Breloom|Breloom, L50, M, shiny|100/100
|-terastallize|p2b: Porygon2|Fighting
|move|p2a: Dragonite|Tailwind|p2a: Dragonite
|-sidestart|p2: syndra1999|move: Tailwind
|move|p1b: Incineroar|Parting Shot|p2a: Dragonite
|-unboost|p2a: Dragonite|atk|1
|-unboost|p2a: Dragonite|spa|1
|
|t:|1757632573
|switch|p1b: Chesnaught|Chesnaught, L50, M, tera:Fire|46/100|[from] Parting Shot
|move|p2b: Porygon2|Trick Room|p2b: Porygon2
|-fieldstart|move: Trick Room|[of] p2b: Porygon2
|
|-weather|none
|-heal|p1b: Chesnaught|52/100|[from] Grassy Terrain
|-heal|p1b: Chesnaught|58/100|[from] item: Leftovers
|-sideend|p2: syndra1999|move: Aurora Veil
|-fieldend|move: Grassy Terrain
|upkeep
|turn|6
|c|☆syndra1999|missclick lol
|inactive|syndra1999 has 30 seconds left.
|
|t:|1757632599
|switch|p2b: Rillaboom|Rillaboom, L50, M|92/100
|-fieldstart|move: Grassy Terrain|[from] ability: Grassy Surge|[of] p2b: Rillaboom
|move|p1b: Chesnaught|Leech Seed|p2a: Dragonite
|-start|p2a: Dragonite|move: Leech Seed
|move|p1a: Breloom|Spore|p2b: Rillaboom
|-immune|p2b: Rillaboom
|move|p2a: Dragonite|Scale Shot|p1a: Breloom
|-damage|p1a: Breloom|89/100
|-damage|p1a: Breloom|75/100
|-damage|p1a: Breloom|62/100
|-damage|p1a: Breloom|50/100
|-enditem|p1a: Breloom|Sitrus Berry|[eat]
|-heal|p1a: Breloom|75/100|[from] item: Sitrus Berry
|-hitcount|p1a: Breloom|4
|-unboost|p2a: Dragonite|def|1
|-boost|p2a: Dragonite|spe|1
|
|-heal|p1b: Chesnaught|64/100|[from] Grassy Terrain
|-heal|p1b: Chesnaught|70/100|[from] item: Leftovers
|-heal|p1a: Breloom|80/100|[from] Grassy Terrain
|-heal|p2b: Rillaboom|98/100|[from] Grassy Terrain
|-damage|p2a: Dragonite|79/100|[from] Leech Seed|[of] p1b: Chesnaught
|-heal|p1b: Chesnaught|80/100|[silent]
|upkeep
|turn|7
|inactive|glotis has 30 seconds left.
|inactive|syndra1999 has 30 seconds left.
|
|t:|1757632631
|move|p2a: Dragonite|Protect|p2a: Dragonite
|-singleturn|p2a: Dragonite|Protect
|move|p1b: Chesnaught|Coaching|p1a: Breloom
|-boost|p1a: Breloom|atk|1
|-boost|p1a: Breloom|def|1
|move|p1a: Breloom|Bullet Seed|p2a: Dragonite
|-activate|p2a: Dragonite|move: Protect
|move|p2b: Rillaboom|High Horsepower|p1a: Breloom
|-resisted|p1a: Breloom
|-damage|p1a: Breloom|66/100
|
|-heal|p1b: Chesnaught|87/100|[from] Grassy Terrain
|-heal|p1b: Chesnaught|93/100|[from] item: Leftovers
|-heal|p1a: Breloom|72/100|[from] Grassy Terrain
|-heal|p2b: Rillaboom|100/100|[from] Grassy Terrain
|-damage|p2a: Dragonite|67/100|[from] Leech Seed|[of] p1b: Chesnaught
|-heal|p1b: Chesnaught|100/100|[silent]
|upkeep
|turn|8
|
|t:|1757632653
|switch|p2a: Porygon2|Porygon2, L50, tera:Fighting|100/100
|-ability|p2a: Porygon2|Download|boost
|-boost|p2a: Porygon2|spa|1
|move|p1b: Chesnaught|Coaching|p1a: Breloom
|-boost|p1a: Breloom|atk|1
|-boost|p1a: Breloom|def|1
|move|p1a: Breloom|Bullet Seed|p2a: Porygon2
|-damage|p2a: Porygon2|72/100
|-damage|p2a: Porygon2|45/100
|-damage|p2a: Porygon2|15/100
|-damage|p2a: Porygon2|0 fnt
|faint|p2a: Porygon2
|-hitcount|p2: Porygon2|4
|move|p2b: Rillaboom|High Horsepower|p1b: Chesnaught
|-supereffective|p1b: Chesnaught
|-damage|p1b: Chesnaught|58/100
|
|-heal|p1b: Chesnaught|65/100|[from] Grassy Terrain
|-heal|p1b: Chesnaught|71/100|[from] item: Leftovers
|-heal|p1a: Breloom|78/100|[from] Grassy Terrain
|-sideend|p2: syndra1999|move: Tailwind
|upkeep
|
|t:|1757632674
|switch|p2a: Ninetales|Ninetales-Alola, L50, F|88/100
|-weather|Snowscape|[from] ability: Snow Warning|[of] p2a: Ninetales
|turn|9
|
|t:|1757632691
|move|p2a: Ninetales|Helping Hand|p2b: Rillaboom
|-singleturn|p2b: Rillaboom|Helping Hand|[of] p2a: Ninetales
|move|p1b: Chesnaught|Leech Seed|p2a: Ninetales|[miss]
|-miss|p1b: Chesnaught|p2a: Ninetales
|move|p2b: Rillaboom|High Horsepower|p1b: Chesnaught|[miss]
|-miss|p2b: Rillaboom|p1b: Chesnaught
|move|p1a: Breloom|Bullet Seed|p2a: Ninetales
|-damage|p2a: Ninetales|46/100
|-damage|p2a: Ninetales|3/100
|-damage|p2a: Ninetales|0 fnt
|faint|p2a: Ninetales
|-hitcount|p2: Ninetales|3
|
|-weather|Snowscape|[upkeep]
|-heal|p1b: Chesnaught|77/100|[from] Grassy Terrain
|-heal|p1b: Chesnaught|83/100|[from] item: Leftovers
|-heal|p1a: Breloom|83/100|[from] Grassy Terrain
|-fieldend|move: Trick Room
|upkeep
|
|t:|1757632708
|switch|p2a: Dragonite|Dragonite, L50, F|67/100
|turn|10
|inactive|syndra1999 has 30 seconds left.
|
|t:|1757632742
|move|p2a: Dragonite|Protect|p2a: Dragonite
|-singleturn|p2a: Dragonite|Protect
|move|p1a: Breloom|Protect|p1a: Breloom
|-singleturn|p1a: Breloom|Protect
|move|p2b: Rillaboom|High Horsepower|p1b: Chesnaught
|-supereffective|p1b: Chesnaught
|-damage|p1b: Chesnaught|45/100
|move|p1b: Chesnaught|Leech Seed|p2a: Dragonite
|-activate|p2a: Dragonite|move: Protect
|
|-weather|Snowscape|[upkeep]
|-heal|p1a: Breloom|89/100|[from] Grassy Terrain
|-heal|p1b: Chesnaught|51/100|[from] Grassy Terrain
|-heal|p1b: Chesnaught|57/100|[from] item: Leftovers
|-fieldend|move: Grassy Terrain
|upkeep
|turn|11
|inactive|syndra1999 has 30 seconds left.
|
|t:|1757632769
|switch|p1b: Incineroar|Incineroar, L50, F|100/100
|-ability|p1b: Incineroar|Intimidate|boost
|-unboost|p2a: Dragonite|atk|1
|-unboost|p2b: Rillaboom|atk|1
|move|p2a: Dragonite|Haze|p2a: Dragonite
|-clearallboost
|move|p1a: Breloom|Spore|p2a: Dragonite
|-status|p2a: Dragonite|slp|[from] move: Spore
|move|p2b: Rillaboom|High Horsepower|p1b: Incineroar
|-supereffective|p1b: Incineroar
|-damage|p1b: Incineroar|39/100
|
|-weather|Snowscape|[upkeep]
|upkeep
|turn|12
|
|t:|1757632789
|cant|p2a: Dragonite|slp
|move|p1a: Breloom|Swords Dance|p1a: Breloom
|-boost|p1a: Breloom|atk|2
|move|p2b: Rillaboom|High Horsepower|p1b: Incineroar
|-supereffective|p1b: Incineroar
|-damage|p1b: Incineroar|0 fnt
|faint|p1b: Incineroar
|
|-weather|Snowscape|[upkeep]
|upkeep
|
|t:|1757632793
|switch|p1b: Blaziken|Blaziken, L50, F|100/100
|turn|13
|
|t:|1757632807
|move|p1b: Blaziken|Blaze Kick|p2b: Rillaboom
|-supereffective|p2b: Rillaboom
|-damage|p2b: Rillaboom|33/100
|cant|p2a: Dragonite|slp
|move|p1a: Breloom|Bullet Seed|p2a: Dragonite
|-resisted|p2a: Dragonite
|-damage|p2a: Dragonite|59/100 slp
|-resisted|p2a: Dragonite
|-damage|p2a: Dragonite|50/100 slp
|-resisted|p2a: Dragonite
|-damage|p2a: Dragonite|41/100 slp
|-resisted|p2a: Dragonite
|-damage|p2a: Dragonite|32/100 slp
|-resisted|p2a: Dragonite
|-damage|p2a: Dragonite|24/100 slp
|-hitcount|p2a: Dragonite|5
|move|p2b: Rillaboom|High Horsepower|p1b: Blaziken
|-supereffective|p1b: Blaziken
|-damage|p1b: Blaziken|6/100
|
|-weather|none
|-ability|p1b: Blaziken|Speed Boost|boost
|-boost|p1b: Blaziken|spe|1
|upkeep
|turn|14
|inactive|syndra1999 has 30 seconds left.
|
|t:|1757632834
|move|p1b: Blaziken|Close Combat|p2b: Rillaboom
|-damage|p2b: Rillaboom|0 fnt
|-unboost|p1b: Blaziken|def|1
|-unboost|p1b: Blaziken|spd|1
|faint|p2b: Rillaboom
|cant|p2a: Dragonite|slp
|move|p1a: Breloom|Bullet Seed|p2a: Dragonite
|-resisted|p2a: Dragonite
|-damage|p2a: Dragonite|14/100 slp
|-resisted|p2a: Dragonite
|-crit|p2a: Dragonite
|-damage|p2a: Dragonite|2/100 slp
|-hitcount|p2a: Dragonite|2
|
|-ability|p1b: Blaziken|Speed Boost|boost
|-boost|p1b: Blaziken|spe|1
|upkeep
|turn|15
|
|t:|1757632850
|move|p1b: Blaziken|Close Combat|p2a: Dragonite
|-resisted|p2a: Dragonite
|-damage|p2a: Dragonite|0 fnt
|-unboost|p1b: Blaziken|def|1
|-unboost|p1b: Blaziken|spd|1
|faint|p2a: Dragonite
|
|win|glotis
||syndra1999 is ready for game 3.
||glotis is ready for game 3.
|uhtml|next|Next: Game 3 of 3
|l|☆glotis
|player|p1|
