|j|☆EATSOUL
|j|☆Pelosis
|html|EATSOULPelosis    
|uhtml|bestof|Game 1 of a best-of-3
|t:|1784996287
|gametype|doubles
|player|p1|EATSOUL|102|1042
|player|p2|Pelosis|2|1136
|gen|9
|tier|[Gen 9 Champions] VGC 2026 Reg M-B (Bo3)
|rated|
|rule|Species Clause: Limit one of each Pokémon
|rule|Item Clause: Limit 1 of each item
|clearpoke
|poke|p1|Goodra-Hisui, L50, M|
|poke|p1|Farigiraf, L50, F|
|poke|p1|Serperior, L50, M|
|poke|p1|Pelipper, L50, F|
|poke|p1|Greninja, L50, F|
|poke|p1|Dragalge, L50, F|
|poke|p2|Mawile, L50, F|
|poke|p2|Farigiraf, L50, M|
|poke|p2|Incineroar, L50, M|
|poke|p2|Torkoal, L50, M|
|poke|p2|Venusaur, L50, M|
|poke|p2|Scrafty, L50, M|
|teampreview|4
|showteam|p1|Goodra-Hisui||Leftovers|SapSipper|GyroBall,Curse,DracoMeteor,AcidSpray|Brave||M|||50|]Farigiraf||ExpertBelt|ArmorTail|TrickRoom,TwinBeam,Thunderbolt,EnergyBall|Modest||F|||50|]Serperior||BrightPowder|Contrary|PetalBlizzard,KnockOff,BreakingSwipe,Protect|Adamant||M|||50|]Pelipper||MysticWater|Drizzle|WeatherBall,WideGuard,Hurricane,Protect|Modest||F|||50|]Greninja||Greninjite|Protean|WeatherBall,DarkPulse,HyperBeam,Protect|Modest||F|||50|]Dragalge||LifeOrb|Adaptability|SludgeBomb,DragonPulse,AcidArmor,Protect|Modest||F|||50|
|showteam|p2|Mawile||Mawilite|HyperCutter|Protect,PlayRough,RockSlide,SuckerPunch|Brave||F|||50|]Farigiraf||SitrusBerry|ArmorTail|TrickRoom,TwinBeam,Thunderbolt,HelpingHand|Quiet||M|||50|]Incineroar||WhiteHerb|Intimidate|FakeOut,CloseCombat,FlareBlitz,DarkestLariat|Brave||M|||50|]Torkoal||Charcoal|Drought|HelpingHand,Eruption,HeatWave,WeatherBall|Quiet||M|||50|]Venusaur||FocusSash|Chlorophyll|SleepPowder,EarthPower,EnergyBall,SludgeBomb|Modest||M|||50|]Scrafty||Scraftinite|Intimidate|FakeOut,CloseCombat,KnockOff,IcePunch|Brave||M|||50|
|inactive|Battle timer is ON: inactive players will automatically lose when time's up. (requested by Pelosis)
|inactive|EATSOUL has 60 seconds left.
|inactive|Pelosis has 60 seconds left.
|inactive|EATSOUL has 30 seconds left.
|
|t:|1784996351
|teamsize|p1|4
|teamsize|p2|4
|start
|switch|p1a: Greninja|Greninja, L50, F|100/100
|switch|p1b: Goodra|Goodra-Hisui, L50, M|100/100
|switch|p2a: Farigiraf|Farigiraf, L50, M|100/100
|switch|p2b: Incineroar|Incineroar, L50, M|100/100
|-ability|p2b: Incineroar|Intimidate|boost
|-unboost|p1a: Greninja|atk|1
|-unboost|p1b: Goodra|atk|1
|turn|1
|
|t:|1784996372
|switch|p1a: Farigiraf|Farigiraf, L50, F|100/100
|move|p2b: Incineroar|Fake Out||[still]
|cant|p1a: Farigiraf|ability: Armor Tail|Fake Out|[of] p2b: Incineroar
|move|p1b: Goodra|Curse|p1b: Goodra
|-unboost|p1b: Goodra|spe|1
|-boost|p1b: Goodra|atk|1
|-boost|p1b: Goodra|def|1
|move|p2a: Farigiraf|Trick Room|p2a: Farigiraf
|-fieldstart|move: Trick Room|[of] p2a: Farigiraf
|
|upkeep
|turn|2
|
|t:|1784996397
|switch|p2a: Torkoal|Torkoal, L50, M|100/100
|-weather|SunnyDay|[from] ability: Drought|[of] p2a: Torkoal
|move|p1b: Goodra|Curse|p1b: Goodra
|-unboost|p1b: Goodra|spe|1
|-boost|p1b: Goodra|atk|1
|-boost|p1b: Goodra|def|1
|move|p2b: Incineroar|Flare Blitz|p1b: Goodra
|-damage|p1b: Goodra|56/100
|-damage|p2b: Incineroar|86/100|[from] Recoil
|move|p1a: Farigiraf|Energy Ball|p1b: Goodra
|-ability|p1b: Goodra|Sap Sipper|boost
|-boost|p1b: Goodra|atk|1
|
|-weather|SunnyDay|[upkeep]
|-heal|p1b: Goodra|62/100|[from] item: Leftovers
|upkeep
|turn|3
|inactive|EATSOUL has 30 seconds left.
|inactive|EATSOUL has 20 seconds left.
|
|t:|1784996438
|move|p1b: Goodra|Draco Meteor|p2a: Torkoal
|-damage|p2a: Torkoal|31/100
|-unboost|p1b: Goodra|spa|2
|move|p2a: Torkoal|Eruption|p1a: Farigiraf|[spread] p1a,p1b
|-damage|p1a: Farigiraf|73/100
|-damage|p1b: Goodra|44/100
|move|p2b: Incineroar|Flare Blitz|p1b: Goodra
|-damage|p1b: Goodra|2/100
|-damage|p2b: Incineroar|73/100|[from] Recoil
|move|p1a: Farigiraf|Twin Beam|p2a: Torkoal
|-damage|p2a: Torkoal|5/100
|-damage|p2a: Torkoal|0 fnt
|faint|p2a: Torkoal
|-hitcount|p2: Torkoal|2
|
|-weather|SunnyDay|[upkeep]
|-heal|p1b: Goodra|8/100|[from] item: Leftovers
|upkeep
|
|t:|1784996457
|switch|p2a: Scrafty|Scrafty, L50, M|100/100
|-ability|p2a: Scrafty|Intimidate|boost
|-unboost|p1a: Farigiraf|atk|1
|-unboost|p1b: Goodra|atk|1
|turn|4
|inactive|EATSOUL has 30 seconds left.
|inactive|Pelosis has 30 seconds left.
|inactive|EATSOUL has 20 seconds left.
|inactive|EATSOUL has 15 seconds left.
|
|t:|1784996502
|detailschange|p2a: Scrafty|Scrafty-Mega, L50, M
|-mega|p2a: Scrafty|Scrafty|Scraftinite
|-ability|p2a: Scrafty|Intimidate|boost
|-unboost|p1a: Farigiraf|atk|1
|-unboost|p1b: Goodra|atk|1
|move|p1b: Goodra|Gyro Ball|p2a: Scrafty
|-damage|p2a: Scrafty|78/100
|move|p2b: Incineroar|Close Combat|p1b: Goodra
|-supereffective|p1b: Goodra|1
|-damage|p1b: Goodra|0 fnt
|-unboost|p2b: Incineroar|def|1
|-unboost|p2b: Incineroar|spd|1
|faint|p1b: Goodra
|-enditem|p2b: Incineroar|White Herb
|-clearnegativeboost|p2b: Incineroar|[silent]
|move|p2a: Scrafty|Knock Off|p1a: Farigiraf
|-supereffective|p1a: Farigiraf|1
|-damage|p1a: Farigiraf|0 fnt
|-enditem|p1a: Farigiraf|Expert Belt|[from] move: Knock Off|[of] p2a: Scrafty
|faint|p1a: Farigiraf
|
|-weather|SunnyDay|[upkeep]
|upkeep
|
|t:|1784996519
|switch|p1b: Greninja|Greninja, L50, F|100/100
|switch|p1a: Pelipper|Pelipper, L50, F|100/100
|-weather|RainDance|[from] ability: Drizzle|[of] p1a: Pelipper
|turn|5
|
|t:|1784996542
|move|p1a: Pelipper|Protect|p1a: Pelipper
|-singleturn|p1a: Pelipper|Protect
|move|p1b: Greninja|Protect|p1b: Greninja
|-start|p1b: Greninja|typechange|Normal|[from] ability: Protean
|-singleturn|p1b: Greninja|Protect
|move|p2b: Incineroar|Close Combat|p1b: Greninja
|-activate|p1b: Greninja|move: Protect
|move|p2a: Scrafty|Knock Off|p1a: Pelipper
|-activate|p1a: Pelipper|move: Protect
|
|-weather|RainDance|[upkeep]
|-fieldend|move: Trick Room
|upkeep
|turn|6
|
|t:|1784996560
|switch|p2a: Farigiraf|Farigiraf, L50, M|100/100
|detailschange|p1b: Greninja|Greninja-Mega, L50, F
|-mega|p1b: Greninja|Greninja|Greninjite
|move|p1b: Greninja|Weather Ball|p2b: Incineroar
|-start|p1b: Greninja|typechange|Water|[from] ability: Protean
|-supereffective|p2b: Incineroar|1
|-crit|p2b: Incineroar
|-damage|p2b: Incineroar|0 fnt
|faint|p2b: Incineroar
|move|p1a: Pelipper|Hurricane|p2a: Farigiraf
|-damage|p2a: Farigiraf|58/100
|
|-weather|RainDance|[upkeep]
|upkeep
|
|t:|1784996573
|switch|p2b: Scrafty|Scrafty-Mega, L50, M|78/100
|-ability|p2b: Scrafty|Intimidate|boost
|-unboost|p1a: Pelipper|atk|1
|-unboost|p1b: Greninja|atk|1
|turn|7
|
|t:|1784996590
|move|p2b: Scrafty|Fake Out|p1b: Greninja
|-damage|p1b: Greninja|77/100
|cant|p1b: Greninja|flinch
|move|p1a: Pelipper|Weather Ball|p2a: Farigiraf
|-damage|p2a: Farigiraf|0 fnt
|faint|p2a: Farigiraf
|
|-weather|RainDance|[upkeep]
|upkeep
|turn|8
|
|t:|1784996604
|move|p1b: Greninja|Weather Ball|p2b: Scrafty
|-damage|p2b: Scrafty|13/100
|move|p1a: Pelipper|Hurricane|p2b: Scrafty
|-supereffective|p2b: Scrafty|1
|-damage|p2b: Scrafty|0 fnt
|faint|p2b: Scrafty
|
|win|EATSOUL
||Pelosis is ready for game 2.
||EATSOUL is ready for game 2.
|uhtml|next|Next: Game 2 of 3
