|j|☆Magicalarcher57
|j|☆JXD500
|html|Magicalarcher57JXD500    
|uhtml|bestof|Game 2 of a best-of-3
|t:|1782488265
|gametype|doubles
|player|p1|Magicalarcher57|diantha|1118
|player|p2|JXD500|170|1108
|gen|9
|tier|[Gen 9 Champions] VGC 2026 Reg M-B (Bo3)
|rated|
|rule|Species Clause: Limit one of each Pokémon
|rule|Item Clause: Limit 1 of each item
|clearpoke
|poke|p1|Raichu, L50, F, shiny|
|poke|p1|Garchomp, L50, F, shiny|
|poke|p1|Whimsicott, L50, F, shiny|
|poke|p1|Kingambit, L50, M, shiny|
|poke|p1|Basculegion, L50, M, shiny|
|poke|p1|Charizard, L50, F, shiny|
|poke|p2|Swampert, L50, F|
|poke|p2|Pelipper, L50, M|
|poke|p2|Archaludon, L50, M|
|poke|p2|Rotom-Heat, L50|
|poke|p2|Dragonite, L50, F|
|poke|p2|Incineroar, L50, M|
|teampreview|4
|showteam|p1|Raichu||RaichuniteY|LightningRod|FakeOut,FocusBlast,ZapCannon,Protect|Timid||F|||50|]Garchomp||LifeOrb|RoughSkin|DragonClaw,Earthquake,StompingTantrum,Protect|Jolly||F|||50|]Whimsicott||FocusSash|Prankster|Moonblast,Tailwind,SunnyDay,Encore|Timid||F|||50|]Kingambit||BlackGlasses|Defiant|SuckerPunch,KowtowCleave,IronHead,Protect|Adamant||M|||50|]Basculegion||MysticWater|Adaptability|LastRespects,WaveCrash,Protect,AquaJet|Jolly||M|||50|]Charizard||CharizarditeY|Blaze|WeatherBall,SolarBeam,HeatWave,Protect|Modest||F|||50|
|showteam|p2|Swampert||Swampertite|Torrent|Earthquake,IcePunch,Liquidation,Protect|Adamant||F|||50|]Pelipper||FocusSash|Drizzle|Tailwind,Protect,Hurricane,WeatherBall|Modest||M|||50|]Archaludon||Leftovers|Stamina|ElectroShot,DragonPulse,FlashCannon,Protect|Modest||M|||50|]Rotom-Heat||ChoiceScarf|Levitate|Overheat,Thunder,Trick,WillOWisp|Modest|||||50|]Dragonite||Dragoninite|Multiscale|Hurricane,Tailwind,DragonPulse,Protect|Modest||F|||50|]Incineroar||SitrusBerry|Intimidate|FakeOut,PartingShot,FlareBlitz,ThroatChop|Careful||M|||50|
|inactive|Battle timer is ON: inactive players will automatically lose when time's up. (requested by Magicalarcher57)
|inactive|Magicalarcher57 has 60 seconds left.
|inactive|JXD500 has 60 seconds left.
|
|t:|1782488304
|teamsize|p1|4
|teamsize|p2|4
|start
|switch|p1a: Circe|Whimsicott, L50, F, shiny|100/100
|switch|p1b: Charizard|Charizard, L50, F, shiny|100/100
|switch|p2a: Incineroar|Incineroar, L50, M|100/100
|switch|p2b: Rotom|Rotom-Heat, L50|100/100
|-ability|p2a: Incineroar|Intimidate|boost
|-unboost|p1a: Circe|atk|1
|-unboost|p1b: Charizard|atk|1
|turn|1
|
|t:|1782488320
|detailschange|p1b: Charizard|Charizard-Mega-Y, L50, F, shiny
|-mega|p1b: Charizard|Charizard|Charizardite Y
|-weather|SunnyDay|[from] ability: Drought|[of] p1b: Charizard
|move|p2a: Incineroar|Fake Out|p1a: Circe
|-damage|p1a: Circe|84/100
|cant|p1a: Circe|flinch
|move|p2b: Rotom|Overheat|p1a: Circe
|-supereffective|p1a: Circe|1
|-damage|p1a: Circe|0 fnt
|-unboost|p2b: Rotom|spa|2
|faint|p1a: Circe
|move|p1b: Charizard|Heat Wave|p2b: Rotom|[spread] p2a,p2b
|-resisted|p2a: Incineroar|1
|-resisted|p2b: Rotom|1
|-damage|p2a: Incineroar|74/100
|-damage|p2b: Rotom|61/100
|
|-weather|SunnyDay|[upkeep]
|upkeep
|inactive|Magicalarcher57 has 30 seconds left.
|inactive|Magicalarcher57 has 20 seconds left.
|inactive|Magicalarcher57 has 15 seconds left.
|
|t:|1782488360
|switch|p1a: Athena|Garchomp, L50, F, shiny|100/100
|turn|2
|
|t:|1782488377
|switch|p2a: Dragonite|Dragonite, L50, F|100/100
|move|p2b: Rotom|Overheat|p1a: Athena
|-resisted|p1a: Athena|1
|-damage|p1a: Athena|75/100
|-unboost|p2b: Rotom|spa|2
|move|p1a: Athena|Stomping Tantrum|p2a: Dragonite
|-immune|p2a: Dragonite
|move|p1b: Charizard|Heat Wave|p2a: Dragonite|[spread] p2a,p2b
|-resisted|p2a: Dragonite|1
|-resisted|p2b: Rotom|1
|-damage|p2a: Dragonite|81/100
|-damage|p2b: Rotom|27/100
|
|-weather|SunnyDay|[upkeep]
|upkeep
|turn|3
|inactive|Magicalarcher57 has 30 seconds left.
|inactive|JXD500 has 30 seconds left.
|
|t:|1782488409
|switch|p2b: Pelipper|Pelipper, L50, M|100/100
|-weather|RainDance|[from] ability: Drizzle|[of] p2b: Pelipper
|switch|p2a: Incineroar|Incineroar, L50, M|74/100
|-ability|p2a: Incineroar|Intimidate|boost
|-unboost|p1a: Athena|atk|1
|-unboost|p1b: Charizard|atk|1
|move|p1a: Athena|Dragon Claw|p2a: Incineroar
|-crit|p2a: Incineroar
|-damage|p2a: Incineroar|1/100
|-enditem|p2a: Incineroar|Sitrus Berry|[eat]
|-heal|p2a: Incineroar|26/100|[from] item: Sitrus Berry
|-damage|p1a: Athena|65/100|[from] item: Life Orb
|move|p1b: Charizard|Heat Wave|p2b: Pelipper|[spread] p2a,p2b
|-resisted|p2a: Incineroar|1
|-resisted|p2b: Pelipper|1
|-damage|p2a: Incineroar|17/100
|-damage|p2b: Pelipper|78/100
|-status|p2b: Pelipper|brn
|
|-weather|RainDance|[upkeep]
|-damage|p2b: Pelipper|72/100 brn|[from] brn
|upkeep
|turn|4
|
|t:|1782488433
|move|p1a: Athena|Dragon Claw|p2b: Pelipper
|-damage|p2b: Pelipper|27/100 brn
|-damage|p1a: Athena|56/100|[from] item: Life Orb
|move|p1b: Charizard|Heat Wave|p2b: Pelipper|[spread] p2b
|-miss|p1b: Charizard|p2a: Incineroar
|-resisted|p2b: Pelipper|1
|-crit|p2b: Pelipper
|-damage|p2b: Pelipper|0 fnt
|faint|p2b: Pelipper
|move|p2a: Incineroar|Parting Shot|p1a: Athena
|-unboost|p1a: Athena|atk|1
|-unboost|p1a: Athena|spa|1
|
|t:|1782488450
|switch|p2a: Rotom|Rotom-Heat, L50|27/100|[from] Parting Shot
|
|-weather|RainDance|[upkeep]
|upkeep
|
|t:|1782488454
|switch|p2b: Dragonite|Dragonite, L50, F|81/100
|turn|5
|
|t:|1782488470
|detailschange|p2b: Dragonite|Dragonite-Mega, L50, F
|-mega|p2b: Dragonite|Dragonite|Dragoninite
|move|p2a: Rotom|Thunder|p1b: Charizard
|-supereffective|p1b: Charizard|1
|-damage|p1b: Charizard|0 fnt
|faint|p1b: Charizard
|move|p1a: Athena|Dragon Claw|p2b: Dragonite
|-supereffective|p2b: Dragonite|1
|-damage|p2b: Dragonite|33/100
|-damage|p1a: Athena|46/100|[from] item: Life Orb
|move|p2b: Dragonite|Dragon Pulse|p1a: Athena
|-supereffective|p1a: Athena|1
|-damage|p1a: Athena|0 fnt
|faint|p1a: Athena
|
|-weather|RainDance|[upkeep]
|upkeep
|
|t:|1782488474
|switch|p1b: Basculegion|Basculegion, L50, M, shiny|100/100
|turn|6
|
|t:|1782488483
|switch|p2b: Incineroar|Incineroar, L50, M|17/100
|-ability|p2b: Incineroar|Intimidate|boost
|-unboost|p1b: Basculegion|atk|1
|move|p1b: Basculegion|Protect|p1b: Basculegion
|-singleturn|p1b: Basculegion|Protect
|move|p2a: Rotom|Thunder|p1b: Basculegion
|-activate|p1b: Basculegion|move: Protect
|
|-weather|RainDance|[upkeep]
|upkeep
|turn|7
|
|t:|1782488492
|switch|p2b: Dragonite|Dragonite-Mega, L50, F|33/100
|move|p1b: Basculegion|Aqua Jet|p2a: Rotom
|-supereffective|p2a: Rotom|1
|-crit|p2a: Rotom
|-damage|p2a: Rotom|0 fnt
|faint|p2a: Rotom
|
|-weather|none
|upkeep
|
|t:|1782488497
|switch|p2a: Incineroar|Incineroar, L50, M|17/100
|-ability|p2a: Incineroar|Intimidate|boost
|-unboost|p1b: Basculegion|atk|1
|turn|8
|
|t:|1782488508
|move|p1b: Basculegion|Aqua Jet|p2a: Incineroar
|-supereffective|p2a: Incineroar|1
|-damage|p2a: Incineroar|0 fnt
|faint|p2a: Incineroar
|move|p2b: Dragonite|Dragon Pulse|p1b: Basculegion
|-damage|p1b: Basculegion|40/100
|
|upkeep
|turn|9
|inactive|Magicalarcher57 has 30 seconds left.
|
|t:|1782488537
|move|p2b: Dragonite|Dragon Pulse|p1b: Basculegion
|-damage|p1b: Basculegion|0 fnt
|faint|p1b: Basculegion
|
|win|JXD500
