|j|☆DeewompostYT
|j|☆atmhools1
|html|DeewompostYTatmhools1    
|uhtml|bestof|Game 1 of a best-of-3
|t:|1756749480
|gametype|doubles
|player|p1|DeewompostYT|candice|1154
|player|p2|atmhools1|2|1051
|gen|9
|tier|[Gen 9] VGC 2025 Reg H (Bo3)
|rated|
|rule|Species Clause: Limit one of each Pokémon
|rule|Item Clause: Limit 1 of each item
|clearpoke
|poke|p1|Indeedee, L50, M|
|poke|p1|Sneasler, L50, M|
|poke|p1|Whimsicott, L50, F|
|poke|p1|Ursaluna-Bloodmoon, L50, M|
|poke|p1|Electabuzz, L50, F|
|poke|p1|Dragonite, L50, M|
|poke|p2|Torkoal, L50, M|
|poke|p2|Indeedee-F, L50, F|
|poke|p2|Annihilape, L50, F|
|poke|p2|Amoonguss, L50, F|
|poke|p2|Ursaluna, L50, M|
|poke|p2|Rillaboom, L50, F|
|teampreview|4
|showteam|p1|Indeedee||FocusSash|PsychicSurge|ExpandingForce,TrickRoom,Imprison,Protect|||M|||50|,,,,,Psychic]Sneasler||PsychicSeed|Unburden|DireClaw,CloseCombat,ThroatChop,Protect|||M|||50|,,,,,Stellar]Whimsicott||CovertCloak|Prankster|Tailwind,HelpingHand,Moonblast,Protect|||F|||50|,,,,,Dark]Ursaluna-Bloodmoon||LifeOrb|MindsEye|HyperVoice,EarthPower,BloodMoon,Protect|||M|||50|,,,,,Ghost]Electabuzz||Eviolite|VitalSpirit|FollowMe,Electroweb,Taunt,Protect|||F|||50|,,,,,Grass]Dragonite||LoadedDice|InnerFocus|ScaleShot,Haze,Tailwind,Protect|||M|||50|,,,,,Dragon
|showteam|p2|Torkoal||Charcoal|Drought|Eruption,EarthPower,Flamethrower,Protect|||M|||50|,,,,,Grass]Indeedee-F||PsychicSeed|PsychicSurge|DazzlingGleam,HelpingHand,TrickRoom,FollowMe|||F|||50|,,,,,Flying]Annihilape||SafetyGoggles|Defiant|RageFist,DrainPunch,BulkUp,Protect|||F|||50|,,,,,Fairy]Amoonguss||MentalHerb|Regenerator|PollenPuff,Spore,RagePowder,ClearSmog|||F|||50|,,,,,Dark]Ursaluna||FlameOrb|Guts|Facade,HeadlongRush,BulkUp,Protect|||M|||50|,,,,,Ghost]Rillaboom||AssaultVest|GrassySurge|WoodHammer,GrassyGlide,Uturn,FakeOut|||F|||50|,,,,,Fire
|inactive|Battle timer is ON: inactive players will automatically lose when time's up. (requested by atmhools1)
|inactive|DeewompostYT has 60 seconds left.
|inactive|DeewompostYT has 30 seconds left.
|inactive|DeewompostYT has 20 seconds left.
|inactive|DeewompostYT has 15 seconds left.
|inactive|DeewompostYT has 10 seconds left.
|
|t:|1756749565
|teamsize|p1|4
|teamsize|p2|4
|start
|switch|p1a: Ursaluna|Ursaluna-Bloodmoon, L50, M|100/100
|switch|p1b: Electabuzz|Electabuzz, L50, F|100/100
|switch|p2a: Annihilape|Annihilape, L50, F|100/100
|switch|p2b: Amoonguss|Amoonguss, L50, F|100/100
|turn|1
|inactive|DeewompostYT has 30 seconds left.
|inactive|atmhools1 has 30 seconds left.
|inactive|DeewompostYT has 20 seconds left.
|
|t:|1756749602
|move|p1b: Electabuzz|Follow Me|p1b: Electabuzz
|-singleturn|p1b: Electabuzz|move: Follow Me
|move|p2b: Amoonguss|Rage Powder|p2b: Amoonguss
|-singleturn|p2b: Amoonguss|move: Rage Powder
|move|p2a: Annihilape|Bulk Up|p2a: Annihilape
|-boost|p2a: Annihilape|atk|1
|-boost|p2a: Annihilape|def|1
|move|p1a: Ursaluna|Blood Moon|p2b: Amoonguss
|-damage|p2b: Amoonguss|14/100
|-damage|p1a: Ursaluna|91/100|[from] item: Life Orb
|
|upkeep
|turn|2
|
|t:|1756749622
|switch|p2b: Rillaboom|Rillaboom, L50, F|100/100
|-fieldstart|move: Grassy Terrain|[from] ability: Grassy Surge|[of] p2b: Rillaboom
|move|p2a: Annihilape|Protect|p2a: Annihilape
|-singleturn|p2a: Annihilape|Protect
|move|p1a: Ursaluna|Protect|p1a: Ursaluna
|-singleturn|p1a: Ursaluna|Protect
|move|p1b: Electabuzz|Taunt|p2a: Annihilape
|-activate|p2a: Annihilape|move: Protect
|
|-heal|p1a: Ursaluna|97/100|[from] Grassy Terrain
|upkeep
|turn|3
|inactive|atmhools1 has 30 seconds left.
|inactive|atmhools1 has 20 seconds left.
|
|t:|1756749658
|switch|p2b: Amoonguss|Amoonguss, L50, F|48/100
|-terastallize|p1a: Ursaluna|Ghost
|move|p1b: Electabuzz|Follow Me|p1b: Electabuzz
|-singleturn|p1b: Electabuzz|move: Follow Me
|move|p2a: Annihilape|Bulk Up|p2a: Annihilape
|-boost|p2a: Annihilape|atk|1
|-boost|p2a: Annihilape|def|1
|move|p1a: Ursaluna|Blood Moon|p2a: Annihilape
|-crit|p2a: Annihilape
|-damage|p2a: Annihilape|0 fnt
|faint|p2a: Annihilape
|-damage|p1a: Ursaluna|87/100|[from] item: Life Orb
|
|-heal|p1a: Ursaluna|93/100|[from] Grassy Terrain
|-heal|p2b: Amoonguss|54/100|[from] Grassy Terrain
|upkeep
|
|t:|1756749672
|switch|p2a: Rillaboom|Rillaboom, L50, F|100/100
|turn|4
|inactive|DeewompostYT has 30 seconds left.
|
|t:|1756749702
|move|p1b: Electabuzz|Protect|p1b: Electabuzz
|-singleturn|p1b: Electabuzz|Protect
|move|p1a: Ursaluna|Protect|p1a: Ursaluna
|-singleturn|p1a: Ursaluna|Protect
|move|p2a: Rillaboom|U-turn|p1b: Electabuzz
|-activate|p1b: Electabuzz|move: Protect
|move|p2b: Amoonguss|Spore|p1a: Ursaluna
|-activate|p1a: Ursaluna|move: Protect
|
|-heal|p1a: Ursaluna|99/100|[from] Grassy Terrain
|-heal|p2b: Amoonguss|60/100|[from] Grassy Terrain
|upkeep
|turn|5
|
|t:|1756749716
|move|p1b: Electabuzz|Follow Me|p1b: Electabuzz
|-singleturn|p1b: Electabuzz|move: Follow Me
|move|p2a: Rillaboom|U-turn|p1b: Electabuzz
|-damage|p1b: Electabuzz|82/100
|
|t:|1756749718
|switch|p2a: Ursaluna|Ursaluna, L50, M|100/100|[from] U-turn
|move|p1a: Ursaluna|Hyper Voice|p2a: Ursaluna|[spread] p2a,p2b
|-damage|p2a: Ursaluna|54/100
|-damage|p2b: Amoonguss|23/100
|-damage|p1a: Ursaluna|90/100|[from] item: Life Orb
|move|p2b: Amoonguss|Spore|p1b: Electabuzz
|-immune|p1b: Electabuzz|[from] ability: Vital Spirit
|
|-heal|p1b: Electabuzz|88/100|[from] Grassy Terrain
|-heal|p1a: Ursaluna|96/100|[from] Grassy Terrain
|-heal|p2a: Ursaluna|60/100|[from] Grassy Terrain
|-heal|p2b: Amoonguss|29/100|[from] Grassy Terrain
|-status|p2a: Ursaluna|brn|[from] item: Flame Orb
|upkeep
|turn|6
|
|t:|1756749743
|move|p1a: Ursaluna|Protect|p1a: Ursaluna
|-singleturn|p1a: Ursaluna|Protect
|move|p2b: Amoonguss|Rage Powder|p2b: Amoonguss
|-singleturn|p2b: Amoonguss|move: Rage Powder
|move|p1b: Electabuzz|Taunt|p2b: Amoonguss
|-start|p2b: Amoonguss|move: Taunt
|-enditem|p2b: Amoonguss|Mental Herb
|-end|p2b: Amoonguss|move: Taunt
|move|p2a: Ursaluna|Headlong Rush|p1a: Ursaluna
|-activate|p1a: Ursaluna|move: Protect
|
|-heal|p1b: Electabuzz|94/100|[from] Grassy Terrain
|-heal|p1a: Ursaluna|100/100|[from] Grassy Terrain
|-heal|p2a: Ursaluna|66/100 brn|[from] Grassy Terrain
|-heal|p2b: Amoonguss|35/100|[from] Grassy Terrain
|-damage|p2a: Ursaluna|60/100 brn|[from] brn
|-fieldend|move: Grassy Terrain
|upkeep
|turn|7
|-message|atmhools1 forfeited.
|
|win|DeewompostYT
|l|☆atmhools1
|player|p2|
||atmhools1 is ready for game 2.
|inactive|DeewompostYT has 30 seconds to confirm battle start!
|inactive|DeewompostYT has 20 seconds to confirm battle start!
||DeewompostYT is ready for game 2.
|uhtml|next|Next: Game 2 of 3
