|j|☆DewosZz
|j|☆rusted warrior
|html|DewosZzrusted warrior    
|uhtml|bestof|Game 1 of a best-of-3
|t:|1757629290
|gametype|doubles
|player|p1|DewosZz|170|1127
|player|p2|rusted warrior|miku-ghost|1224
|gen|9
|tier|[Gen 9] VGC 2025 Reg H (Bo3)
|rated|
|rule|Species Clause: Limit one of each Pokémon
|rule|Item Clause: Limit 1 of each item
|clearpoke
|poke|p1|Dragonite, L50, F|
|poke|p1|Gholdengo, L50|
|poke|p1|Maushold, L50|
|poke|p1|Annihilape, L50, M|
|poke|p1|Ursaluna-Bloodmoon, L50, M|
|poke|p1|Rillaboom, L50, F|
|poke|p2|Gholdengo, L50|
|poke|p2|Incineroar, L50, M|
|poke|p2|Amoonguss, L50, F|
|poke|p2|Porygon2, L50|
|poke|p2|Ursaluna, L50, M|
|poke|p2|Dragonite, L50, M|
|teampreview|4
|showteam|p1|Dragonite||LoadedDice|Multiscale|ScaleShot,Tailwind,Haze,Protect|||F|||50|,,,,,Fairy]Gholdengo||LifeOrb|GoodasGold|MakeItRain,ShadowBall,NastyPlot,Protect||||||50|,,,,,Water]Maushold||SafetyGoggles|FriendGuard|FollowMe,Protect,BeatUp,SuperFang||||||50|,,,,,Ghost]Annihilape||Leftovers|Defiant|RageFist,DrainPunch,BulkUp,Protect|||M|||50|,,,,,Fire]Ursaluna-Bloodmoon||AssaultVest|MindsEye|BloodMoon,HyperVoice,EarthPower,VacuumWave|||M|||50|,,,,,Water]Rillaboom||MiracleSeed|GrassySurge|WoodHammer,GrassyGlide,FakeOut,HighHorsepower|||F|||50|,,,,,Fire
|showteam|p2|Gholdengo||LifeOrb|GoodasGold|MakeItRain,ShadowBall,NastyPlot,Protect||||||50|,,,,,Water]Incineroar||SafetyGoggles|Intimidate|KnockOff,FlareBlitz,FakeOut,PartingShot|||M|||50|,,,,,Ghost]Amoonguss||CovertCloak|Regenerator|RagePowder,PollenPuff,Protect,Spore|||F|||50|,,,,,Dark]Porygon2||Eviolite|Download|TeraBlast,IceBeam,TrickRoom,Recover||||||50|,,,,,Fighting]Ursaluna||FlameOrb|Guts|Facade,Earthquake,HeadlongRush,Protect|||M|||50|,,,,,Ghost]Dragonite||LoadedDice|Multiscale|ScaleShot,Tailwind,Protect,Haze|||M|||50|,,,,,Fairy
|
|t:|1757629355
|teamsize|p1|4
|teamsize|p2|4
|start
|switch|p1a: Rillaboom|Rillaboom, L50, F|100/100
|switch|p1b: Annihilape|Annihilape, L50, M|100/100
|switch|p2a: Incineroar|Incineroar, L50, M, shiny|100/100
|switch|p2b: Dragonite|Dragonite, L50, M, shiny|100/100
|-fieldstart|move: Grassy Terrain|[from] ability: Grassy Surge|[of] p1a: Rillaboom
|-ability|p2a: Incineroar|Intimidate|boost
|-unboost|p1a: Rillaboom|atk|1
|-unboost|p1b: Annihilape|atk|1
|-ability|p1b: Annihilape|Defiant|boost
|-boost|p1b: Annihilape|atk|2
|turn|1
|
|t:|1757629375
|move|p1a: Rillaboom|Fake Out|p2b: Dragonite
|-damage|p2b: Dragonite|95/100
|move|p1b: Annihilape|Bulk Up|p1b: Annihilape
|-boost|p1b: Annihilape|atk|1
|-boost|p1b: Annihilape|def|1
|cant|p2b: Dragonite|flinch
|move|p2a: Incineroar|Parting Shot|p1a: Rillaboom
|-unboost|p1a: Rillaboom|atk|1
|-unboost|p1a: Rillaboom|spa|1
|
|t:|1757629384
|switch|p2a: Ursaluna|Ursaluna, L50, M|100/100|[from] Parting Shot
|
|-status|p2a: Ursaluna|brn|[from] item: Flame Orb
|upkeep
|turn|2
|
|t:|1757629456
|-terastallize|p2a: Ursaluna|Ghost
|move|p1b: Annihilape|Rage Fist|p2b: Dragonite
|-damage|p2b: Dragonite|46/100
|move|p2b: Dragonite|Haze|p2b: Dragonite
|-clearallboost
|move|p1a: Rillaboom|Wood Hammer|p2a: Ursaluna
|-damage|p2a: Ursaluna|18/100 brn
|-damage|p1a: Rillaboom|71/100|[from] Recoil
|move|p2a: Ursaluna|Headlong Rush|p1b: Annihilape
|-damage|p1b: Annihilape|0 fnt
|-unboost|p2a: Ursaluna|def|1
|-unboost|p2a: Ursaluna|spd|1
|faint|p1b: Annihilape
|
|-heal|p1a: Rillaboom|77/100|[from] Grassy Terrain
|-heal|p2a: Ursaluna|24/100 brn|[from] Grassy Terrain
|-damage|p2a: Ursaluna|18/100 brn|[from] brn
|upkeep
|
|t:|1757629468
|switch|p1b: Gholdengo|Gholdengo, L50|100/100
|turn|3
|
|t:|1757629482
|switch|p2a: Incineroar|Incineroar, L50, M, shiny|100/100
|-ability|p2a: Incineroar|Intimidate|boost
|-unboost|p1a: Rillaboom|atk|1
|-unboost|p1b: Gholdengo|atk|1
|move|p1a: Rillaboom|Grassy Glide|p2a: Incineroar
|-resisted|p2a: Incineroar
|-damage|p2a: Incineroar|86/100
|move|p1b: Gholdengo|Nasty Plot|p1b: Gholdengo
|-boost|p1b: Gholdengo|spa|2
|move|p2b: Dragonite|Tailwind|p2b: Dragonite
|-sidestart|p2: rusted warrior|move: Tailwind
|
|-heal|p2a: Incineroar|92/100|[from] Grassy Terrain
|-heal|p1a: Rillaboom|82/100|[from] Grassy Terrain
|upkeep
|turn|4
|
|t:|1757629522
|-terastallize|p1b: Gholdengo|Water
|move|p1a: Rillaboom|Grassy Glide|p2a: Incineroar
|-resisted|p2a: Incineroar
|-damage|p2a: Incineroar|78/100
|move|p2b: Dragonite|Haze|p2b: Dragonite
|-clearallboost
|move|p2a: Incineroar|Knock Off|p1b: Gholdengo
|-damage|p1b: Gholdengo|48/100
|-enditem|p1b: Gholdengo|Life Orb|[from] move: Knock Off|[of] p2a: Incineroar
|move|p1b: Gholdengo|Make It Rain|p2b: Dragonite|[spread] p2a,p2b
|-resisted|p2a: Incineroar
|-damage|p2a: Incineroar|57/100
|-damage|p2b: Dragonite|0 fnt
|-unboost|p1b: Gholdengo|spa|1
|faint|p2b: Dragonite
|
|-heal|p2a: Incineroar|63/100|[from] Grassy Terrain
|-heal|p1b: Gholdengo|54/100|[from] Grassy Terrain
|-heal|p1a: Rillaboom|88/100|[from] Grassy Terrain
|upkeep
|
|t:|1757629540
|switch|p2b: Gholdengo|Gholdengo, L50|100/100
|turn|5
|
|t:|1757629548
|switch|p1a: Ursaluna|Ursaluna-Bloodmoon, L50, M|100/100
|move|p1b: Gholdengo|Protect|p1b: Gholdengo
|-singleturn|p1b: Gholdengo|Protect
|move|p2b: Gholdengo|Shadow Ball|p1b: Gholdengo
|-activate|p1b: Gholdengo|move: Protect
|move|p2a: Incineroar|Flare Blitz|p1a: Ursaluna
|-damage|p1a: Ursaluna|66/100
|-damage|p2a: Incineroar|51/100|[from] Recoil
|
|-heal|p2a: Incineroar|57/100|[from] Grassy Terrain
|-heal|p1b: Gholdengo|61/100|[from] Grassy Terrain
|-heal|p1a: Ursaluna|72/100|[from] Grassy Terrain
|-fieldend|move: Grassy Terrain
|upkeep
|turn|6
|
|t:|1757629571
|move|p1b: Gholdengo|Protect||[still]
|-fail|p1b: Gholdengo
|move|p2b: Gholdengo|Shadow Ball|p1b: Gholdengo
|-damage|p1b: Gholdengo|0 fnt
|faint|p1b: Gholdengo
|-damage|p2b: Gholdengo|91/100|[from] item: Life Orb
|move|p2a: Incineroar|Knock Off|p1a: Ursaluna
|-damage|p1a: Ursaluna|45/100
|-enditem|p1a: Ursaluna|Assault Vest|[from] move: Knock Off|[of] p2a: Incineroar
|move|p1a: Ursaluna|Earth Power|p2b: Gholdengo
|-supereffective|p2b: Gholdengo
|-damage|p2b: Gholdengo|0 fnt
|faint|p2b: Gholdengo
|
|-sideend|p2: rusted warrior|move: Tailwind
|upkeep
|
|t:|1757629585
|switch|p1b: Rillaboom|Rillaboom, L50, F|88/100
|switch|p2b: Ursaluna|Ursaluna, L50, M, tera:Ghost|18/100 brn
|-fieldstart|move: Grassy Terrain|[from] ability: Grassy Surge|[of] p1b: Rillaboom
|turn|7
|
|t:|1757629595
|move|p2b: Ursaluna|Protect|p2b: Ursaluna
|-singleturn|p2b: Ursaluna|Protect
|move|p1b: Rillaboom|Fake Out|p2a: Incineroar
|-damage|p2a: Incineroar|42/100
|cant|p2a: Incineroar|flinch
|move|p1a: Ursaluna|Hyper Voice|p2a: Incineroar|[spread] p2a
|-activate|p2b: Ursaluna|move: Protect
|-damage|p2a: Incineroar|9/100
|
|-heal|p1b: Rillaboom|94/100|[from] Grassy Terrain
|-heal|p2a: Incineroar|15/100|[from] Grassy Terrain
|-heal|p2b: Ursaluna|24/100 brn|[from] Grassy Terrain
|-heal|p1a: Ursaluna|50/100|[from] Grassy Terrain
|-damage|p2b: Ursaluna|18/100 brn|[from] brn
|upkeep
|turn|8
|
|t:|1757629610
|move|p2b: Ursaluna|Protect||[still]
|-fail|p2b: Ursaluna
|move|p1b: Rillaboom|Grassy Glide|p2b: Ursaluna
|-damage|p2b: Ursaluna|0 fnt
|faint|p2b: Ursaluna
|move|p1a: Ursaluna|Vacuum Wave|p2a: Incineroar
|-supereffective|p2a: Incineroar
|-damage|p2a: Incineroar|0 fnt
|faint|p2a: Incineroar
|
|win|DewosZz
||DewosZz is ready for game 2.
||rusted warrior is ready for game 2.
|uhtml|next|Next: Game 2 of 3
|l|☆DewosZz
|player|p1|
