|j|☆atarka511
|j|☆Nessa333
|html|atarka511Nessa333    
|uhtml|bestof|Game 3 of a best-of-3
|t:|1756671793
|gametype|doubles
|player|p1|atarka511|volkner|1050
|player|p2|Nessa333|1|1023
|gen|9
|tier|[Gen 9] VGC 2025 Reg H (Bo3)
|rated|
|rule|Species Clause: Limit one of each Pokémon
|rule|Item Clause: Limit 1 of each item
|clearpoke
|poke|p1|Palafin, L50, F|
|poke|p1|Rillaboom, L50, F|
|poke|p1|Incineroar, L50, F|
|poke|p1|Sneasler, L50, F|
|poke|p1|Annihilape, L50, M|
|poke|p1|Sylveon, L50, M|
|poke|p2|Talonflame, L50, M|
|poke|p2|Garchomp, L50, M|
|poke|p2|Primarina, L50, F|
|poke|p2|Sneasler, L50, M|
|poke|p2|Indeedee, L50, M|
|poke|p2|Gholdengo, L50|
|teampreview|4
|showteam|p1|Palafin||MysticWater|ZerotoHero|CloseCombat,FlipTurn,WaveCrash,Protect|||F|||50|,,,,,Grass]Rillaboom||AssaultVest|GrassySurge|FakeOut,Uturn,GrassyGlide,WoodHammer|||F|||50|,,,,,Water]Incineroar||RockyHelmet|Intimidate|FakeOut,FlareBlitz,KnockOff,Uturn|||F|||50|,,,,,Grass]Sneasler||FocusSash|Unburden|CloseCombat,FakeOut,DireClaw,Protect|||F|||50|,,,,,Stellar]Annihilape||Leftovers|Defiant|BulkUp,DrainPunch,Protect,RageFist|||M|||50|,,,,,Grass]Sylveon||ThroatSpray|Pixilate|HyperVoice,Moonblast,TeraBlast,Protect|||M|||50|,,,,,Fire
|showteam|p2|Talonflame||CovertCloak|GaleWings|BraveBird,Tailwind,Taunt,FlareBlitz|||M|||50|,,,,,Ghost]Garchomp||LifeOrb|RoughSkin|Protect,Earthquake,StompingTantrum,ScaleShot|||M|||50|,,,,,Ground]Primarina||ThroatSpray|LiquidVoice|Protect,Haze,HyperVoice,Moonblast|||F|||50|,,,,,Poison]Sneasler||PsychicSeed|Unburden|ThroatChop,CloseCombat,DireClaw,Protect|||M|||50|,,,,,Dark]Indeedee||FocusSash|PsychicSurge|ExpandingForce,TrickRoom,Imprison,Protect|||M|||50|,,,,,Psychic]Gholdengo||ChoiceSpecs|GoodasGold|MakeItRain,ShadowBall,PowerGem,SteelBeam||||||50|,,,,,Steel
|inactive|Battle timer is ON: inactive players will automatically lose when time's up. (requested by atarka511)
|inactive|Nessa333 has 60 seconds left.
|
|t:|1756671854
|teamsize|p1|4
|teamsize|p2|4
|start
|switch|p1a: Annihilape|Annihilape, L50, M|100/100
|switch|p1b: Sneasler|Sneasler, L50, F|100/100
|switch|p2a: Sneasler|Sneasler, L50, M, shiny|100/100
|switch|p2b: Indeedee|Indeedee, L50, M, shiny|100/100
|-fieldstart|move: Psychic Terrain|[from] ability: Psychic Surge|[of] p2b: Indeedee
|-enditem|p2a: Sneasler|Psychic Seed
|-boost|p2a: Sneasler|spd|1|[from] item: Psychic Seed
|turn|1
|inactive|atarka511 has 30 seconds left.
|inactive|Nessa333 has 30 seconds left.
|inactive|Nessa333 has 20 seconds left.
|inactive|Nessa333 has 15 seconds left.
|
|t:|1756671896
|move|p1b: Sneasler|Protect|p1b: Sneasler
|-singleturn|p1b: Sneasler|Protect
|move|p1a: Annihilape|Protect|p1a: Annihilape
|-singleturn|p1a: Annihilape|Protect
|move|p2a: Sneasler|Dire Claw|p1b: Sneasler
|-activate|p1b: Sneasler|move: Protect
|move|p2b: Indeedee|Expanding Force|p1a: Annihilape|[spread] 
|-activate|p1a: Annihilape|move: Protect
|-activate|p1b: Sneasler|move: Protect
|
|upkeep
|turn|2
|inactive|atarka511 has 30 seconds left.
|inactive|Nessa333 has 30 seconds left.
|inactive|atarka511 has 20 seconds left.
|inactive|Nessa333 has 20 seconds left.
|inactive|atarka511 has 15 seconds left.
|inactive|Nessa333 has 15 seconds left.
|
|t:|1756671940
|switch|p1b: Rillaboom|Rillaboom, L50, F|100/100
|-fieldstart|move: Grassy Terrain|[from] ability: Grassy Surge|[of] p1b: Rillaboom
|move|p2a: Sneasler|Close Combat|p1b: Rillaboom
|-damage|p1b: Rillaboom|37/100
|-unboost|p2a: Sneasler|def|1
|-unboost|p2a: Sneasler|spd|1
|move|p2b: Indeedee|Expanding Force|p1b: Rillaboom
|-damage|p1b: Rillaboom|10/100
|move|p1a: Annihilape|Bulk Up|p1a: Annihilape
|-boost|p1a: Annihilape|atk|1
|-boost|p1a: Annihilape|def|1
|
|-heal|p1b: Rillaboom|16/100|[from] Grassy Terrain
|upkeep
|turn|3
|inactive|Nessa333 has 30 seconds left.
|inactive|Nessa333 has 20 seconds left.
|inactive|Nessa333 has 15 seconds left.
|inactive|Nessa333 has 10 seconds left.
|inactive|Nessa333 has 5 seconds left.
|
|t:|1756671996
|move|p1b: Rillaboom|Grassy Glide|p2b: Indeedee
|-damage|p2b: Indeedee|12/100
|move|p2a: Sneasler|Throat Chop|p1a: Annihilape
|-damage|p1a: Annihilape|80/100
|-start|p1a: Annihilape|Throat Chop|[silent]
|move|p2b: Indeedee|Expanding Force|p1a: Annihilape
|-supereffective|p1a: Annihilape
|-damage|p1a: Annihilape|19/100
|move|p1a: Annihilape|Drain Punch|p2b: Indeedee
|-damage|p2b: Indeedee|0 fnt
|-heal|p1a: Annihilape|23/100|[from] drain|[of] p2b: Indeedee
|faint|p2b: Indeedee
|
|-heal|p1a: Annihilape|29/100|[from] Grassy Terrain
|-heal|p1a: Annihilape|35/100|[from] item: Leftovers
|-heal|p1b: Rillaboom|22/100|[from] Grassy Terrain
|upkeep
|
|t:|1756672018
|switch|p2b: Talonflame|Talonflame, L50, M, shiny|100/100
|turn|4
|
|t:|1756672040
|switch|p1b: Incineroar|Incineroar, L50, F|100/100
|-ability|p1b: Incineroar|Intimidate|boost
|-unboost|p2a: Sneasler|atk|1
|-unboost|p2b: Talonflame|atk|1
|move|p1a: Annihilape|Protect|p1a: Annihilape
|-singleturn|p1a: Annihilape|Protect
|move|p2b: Talonflame|Brave Bird|p1a: Annihilape
|-activate|p1a: Annihilape|move: Protect
|move|p2a: Sneasler|Dire Claw|p1b: Incineroar
|-damage|p1b: Incineroar|73/100
|-status|p1b: Incineroar|slp
|-damage|p2a: Sneasler|84/100|[from] item: Rocky Helmet|[of] p1b: Incineroar
|
|-heal|p2a: Sneasler|90/100|[from] Grassy Terrain
|-heal|p1a: Annihilape|41/100|[from] Grassy Terrain
|-heal|p1a: Annihilape|47/100|[from] item: Leftovers
|-heal|p1b: Incineroar|79/100 slp|[from] Grassy Terrain
|-end|p1a: Annihilape|Throat Chop|[silent]
|upkeep
|turn|5
|inactive|atarka511 has 30 seconds left.
|inactive|Nessa333 has 30 seconds left.
|inactive|Nessa333 has 20 seconds left.
|
|t:|1756672078
|move|p2b: Talonflame|Brave Bird|p1a: Annihilape
|-supereffective|p1a: Annihilape
|-damage|p1a: Annihilape|7/100
|-damage|p2b: Talonflame|82/100|[from] Recoil
|move|p2a: Sneasler|Dire Claw|p1a: Annihilape
|-resisted|p1a: Annihilape
|-damage|p1a: Annihilape|0 fnt
|faint|p1a: Annihilape
|cant|p1b: Incineroar|slp
|
|-heal|p2a: Sneasler|95/100|[from] Grassy Terrain
|-heal|p1b: Incineroar|85/100 slp|[from] Grassy Terrain
|upkeep
|
|t:|1756672088
|switch|p1a: Sneasler|Sneasler, L50, F|100/100
|turn|6
|inactive|Nessa333 has 30 seconds left.
|inactive|atarka511 has 30 seconds left.
|inactive|Nessa333 has 20 seconds left.
|inactive|atarka511 has 20 seconds left.
|inactive|Nessa333 has 15 seconds left.
|inactive|Nessa333 has 10 seconds left.
|
|t:|1756672134
|-terastallize|p1a: Sneasler|Stellar
|move|p2a: Sneasler|Protect|p2a: Sneasler
|-singleturn|p2a: Sneasler|Protect
|move|p2b: Talonflame|Brave Bird|p1b: Incineroar
|-damage|p1b: Incineroar|55/100 slp
|-damage|p2b: Talonflame|66/100|[from] item: Rocky Helmet|[of] p1b: Incineroar
|-damage|p2b: Talonflame|53/100|[from] Recoil
|move|p1a: Sneasler|Dire Claw|p2b: Talonflame
|-damage|p2b: Talonflame|0 fnt
|faint|p2b: Talonflame
|-curestatus|p1b: Incineroar|slp|[msg]
|move|p1b: Incineroar|Flare Blitz|p2a: Sneasler
|-activate|p2a: Sneasler|move: Protect
|
|-heal|p2a: Sneasler|100/100|[from] Grassy Terrain
|-heal|p1b: Incineroar|61/100|[from] Grassy Terrain
|-fieldend|move: Grassy Terrain
|upkeep
|
|t:|1756672154
|switch|p2b: Garchomp|Garchomp, L50, M, shiny|100/100
|turn|7
|
|t:|1756672171
|switch|p1b: Rillaboom|Rillaboom, L50, F|22/100
|-fieldstart|move: Grassy Terrain|[from] ability: Grassy Surge|[of] p1b: Rillaboom
|move|p2a: Sneasler|Dire Claw|p1a: Sneasler
|-resisted|p1a: Sneasler
|-damage|p1a: Sneasler|72/100
|-status|p1a: Sneasler|slp
|cant|p1a: Sneasler|slp
|move|p2b: Garchomp|Stomping Tantrum|p1b: Rillaboom
|-resisted|p1b: Rillaboom
|-damage|p1b: Rillaboom|0 fnt
|faint|p1b: Rillaboom
|-damage|p2b: Garchomp|91/100|[from] item: Life Orb
|
|-heal|p1a: Sneasler|78/100 slp|[from] Grassy Terrain
|-heal|p2b: Garchomp|97/100|[from] Grassy Terrain
|upkeep
|c|☆atarka511|holy fuck man
|
|t:|1756672193
|switch|p1b: Incineroar|Incineroar, L50, F|61/100
|-ability|p1b: Incineroar|Intimidate|boost
|-unboost|p2a: Sneasler|atk|1
|-unboost|p2b: Garchomp|atk|1
|turn|8
|inactive|Nessa333 has 30 seconds left.
|
|t:|1756672221
|move|p2a: Sneasler|Protect|p2a: Sneasler
|-singleturn|p2a: Sneasler|Protect
|move|p2b: Garchomp|Protect|p2b: Garchomp
|-singleturn|p2b: Garchomp|Protect
|cant|p1a: Sneasler|slp
|move|p1b: Incineroar|Flare Blitz|p2a: Sneasler
|-activate|p2a: Sneasler|move: Protect
|
|-heal|p1a: Sneasler|84/100 slp|[from] Grassy Terrain
|-heal|p2b: Garchomp|100/100|[from] Grassy Terrain
|-heal|p1b: Incineroar|67/100|[from] Grassy Terrain
|upkeep
|turn|9
|l|☆atarka511
|inactive|atarka511 disconnected and has a minute to reconnect!
|player|p1|
|inactive|atarka511 has 30 seconds left.
|inactive|Nessa333 has 30 seconds left.
|inactive|atarka511 has 20 seconds left.
|inactive|Nessa333 has 20 seconds left.
|j|☆atarka511
|inactive|atarka511 reconnected and has 20 seconds left.
|player|p1|atarka511|volkner|
|inactive|atarka511 has 15 seconds left.
|inactive|Nessa333 has 15 seconds left.
|inactive|atarka511 has 10 seconds left.
|inactive|Nessa333 has 10 seconds left.
|inactive|Nessa333 has 5 seconds left.
|
|t:|1756672271
|move|p2a: Sneasler|Close Combat|p1a: Sneasler
|-resisted|p1a: Sneasler
|-damage|p1a: Sneasler|55/100 slp
|-unboost|p2a: Sneasler|def|1
|-unboost|p2a: Sneasler|spd|1
|cant|p1a: Sneasler|slp
|move|p2b: Garchomp|Stomping Tantrum|p1a: Sneasler
|-supereffective|p1a: Sneasler
|-damage|p1a: Sneasler|0 fnt
|faint|p1a: Sneasler
|-damage|p2b: Garchomp|91/100|[from] item: Life Orb
|move|p1b: Incineroar|Flare Blitz|p2a: Sneasler
|-damage|p2a: Sneasler|0 fnt
|faint|p2a: Sneasler
|-damage|p1b: Incineroar|41/100|[from] Recoil
|
|-heal|p2b: Garchomp|97/100|[from] Grassy Terrain
|-heal|p1b: Incineroar|47/100|[from] Grassy Terrain
|upkeep
|turn|10
|
|t:|1756672293
|move|p2b: Garchomp|Stomping Tantrum|p2: Sneasler|[notarget]
|-fail|p2b: Garchomp
|move|p1b: Incineroar|Knock Off|p2b: Garchomp
|-damage|p2b: Garchomp|53/100
|-damage|p1b: Incineroar|35/100|[from] ability: Rough Skin|[of] p2b: Garchomp
|-enditem|p2b: Garchomp|Life Orb|[from] move: Knock Off|[of] p1b: Incineroar
|
|-heal|p2b: Garchomp|59/100|[from] Grassy Terrain
|-heal|p1b: Incineroar|41/100|[from] Grassy Terrain
|upkeep
|turn|11
|
|t:|1756672310
|move|p2b: Garchomp|Stomping Tantrum|p1b: Incineroar
|-supereffective|p1b: Incineroar
|-damage|p1b: Incineroar|0 fnt
|-damage|p2b: Garchomp|42/100|[from] item: Rocky Helmet|[of] p1b: Incineroar
|faint|p1b: Incineroar
|
|win|Nessa333
|raw|atarka511's rating: 1050 → 1031(-19 for losing)
|raw|Nessa333's rating: 1023 → 1062(+39 for winning)
|l|☆atarka511
|player|p1|
|l|☆Nessa333
|player|p2|
|j|☆Nessa333
|player|p2|Nessa333|1|
