|j|☆defaulttesting
|j|☆sedrav
|html|defaulttestingsedrav    
|uhtml|bestof|Game 2 of a best-of-3
|t:|1757042754
|gametype|doubles
|player|p1|defaulttesting|plasmagrunt-gen5bw|1191
|player|p2|sedrav|hilbert|1219
|gen|9
|tier|[Gen 9] VGC 2025 Reg H (Bo3)
|rated|
|rule|Species Clause: Limit one of each Pokémon
|rule|Item Clause: Limit 1 of each item
|clearpoke
|poke|p1|Volcarona, L50, F|
|poke|p1|Raichu, L50, M|
|poke|p1|Gyarados, L50, F|
|poke|p1|Tyranitar, L50, M|
|poke|p1|Amoonguss, L50, M|
|poke|p1|Excadrill, L50, M|
|poke|p2|Garchomp, L50, M|
|poke|p2|Gholdengo, L50|
|poke|p2|Tyranitar, L50, M|
|poke|p2|Amoonguss, L50, M|
|poke|p2|Kilowattrel, L50, F|
|poke|p2|Incineroar, L50, F|
|teampreview|4
|showteam|p1|Volcarona||WideLens|FlameBody|QuiverDance,GigaDrain,HeatWave,Protect|||F|||50|,,,,,Grass]Raichu||AssaultVest|LightningRod|VoltSwitch,Endeavor,FakeOut,Nuzzle|||M|||50|,,,,,Ghost]Gyarados||SafetyGoggles|Intimidate|ThunderWave,Waterfall,Taunt,Protect|||F|||50|,,,,,Ghost]Tyranitar||ClearAmulet|SandStream|RockSlide,TeraBlast,KnockOff,Protect|||M|||50|,,,,,Flying]Amoonguss||SitrusBerry|Regenerator|RagePowder,PollenPuff,Spore,Protect|||M|||50|,,,,,Fire]Excadrill||LifeOrb|SandRush|HighHorsepower,Earthquake,IronHead,Protect|||M|||50|,,,,,Ground
|showteam|p2|Garchomp||LifeOrb|RoughSkin|DragonClaw,StompingTantrum,Earthquake,Protect|||M|||50|,,,,,Ground]Gholdengo||MetalCoat|GoodasGold|MakeItRain,ShadowBall,NastyPlot,Protect||||||50|,,,,,Flying]Tyranitar||AssaultVest|SandStream|RockSlide,KnockOff,LowKick,TeraBlast|||M|||50|,,,,,Flying]Amoonguss||SitrusBerry|Regenerator|Spore,RagePowder,PollenPuff,Protect|||M|||50|,,,,,Water]Kilowattrel||FocusSash|Competitive|AirSlash,Tailwind,VoltSwitch,Protect|||F|||50|,,,,,Ghost]Incineroar||SafetyGoggles|Intimidate|FakeOut,FlareBlitz,KnockOff,PartingShot|||F|||50|,,,,,Ghost
|inactive|Battle timer is ON: inactive players will automatically lose when time's up. (requested by defaulttesting)
|inactive|sedrav has 60 seconds left.
|
|t:|1757042798
|teamsize|p1|4
|teamsize|p2|4
|start
|switch|p1a: Raichu|Raichu, L50, M|100/100
|switch|p1b: Tyranitar|Tyranitar, L50, M|100/100
|switch|p2a: Kilowattrel|Kilowattrel, L50, F|100/100
|switch|p2b: Garchomp|Garchomp, L50, M|100/100
|-weather|Sandstorm|[from] ability: Sand Stream|[of] p1b: Tyranitar
|turn|1
|inactive|sedrav has 30 seconds left.
|
|t:|1757042824
|move|p2a: Kilowattrel|Protect|p2a: Kilowattrel
|-singleturn|p2a: Kilowattrel|Protect
|move|p2b: Garchomp|Protect|p2b: Garchomp
|-singleturn|p2b: Garchomp|Protect
|move|p1a: Raichu|Fake Out|p2b: Garchomp
|-activate|p2b: Garchomp|move: Protect
|move|p1b: Tyranitar|Rock Slide|p2b: Garchomp|[spread] 
|-activate|p2a: Kilowattrel|move: Protect
|-activate|p2b: Garchomp|move: Protect
|
|-weather|Sandstorm|[upkeep]
|-damage|p2a: Kilowattrel|94/100|[from] Sandstorm
|-damage|p1a: Raichu|94/100|[from] Sandstorm
|upkeep
|turn|2
|inactive|defaulttesting has 30 seconds left.
|inactive|sedrav has 30 seconds left.
|
|t:|1757042859
|switch|p2a: Tyranitar|Tyranitar, L50, M|100/100
|switch|p1a: Gyarados|Gyarados, L50, F|100/100
|-ability|p1a: Gyarados|Intimidate|boost
|-unboost|p2a: Tyranitar|atk|1
|-unboost|p2b: Garchomp|atk|1
|-terastallize|p1b: Tyranitar|Flying
|move|p2b: Garchomp|Stomping Tantrum|p1a: Gyarados
|-immune|p1a: Gyarados
|move|p1b: Tyranitar|Rock Slide|p2a: Tyranitar|[spread] p2b
|-miss|p1b: Tyranitar|p2a: Tyranitar
|-resisted|p2b: Garchomp
|-damage|p2b: Garchomp|85/100
|
|-weather|Sandstorm|[upkeep]
|-damage|p1b: Tyranitar|94/100|[from] Sandstorm
|upkeep
|turn|3
|inactive|defaulttesting has 30 seconds left.
|inactive|sedrav has 30 seconds left.
|inactive|sedrav has 20 seconds left.
|inactive|sedrav has 15 seconds left.
|inactive|sedrav has 10 seconds left.
|inactive|sedrav has 5 seconds left.
|
|t:|1757042910
|switch|p2a: Incineroar|Incineroar, L50, F|100/100
|-ability|p2a: Incineroar|Intimidate|boost
|-unboost|p1a: Gyarados|atk|1
|-fail|p1b: Tyranitar|unboost|[from] item: Clear Amulet|[of] p1b: Tyranitar
|move|p2b: Garchomp|Dragon Claw|p1b: Tyranitar
|-damage|p1b: Tyranitar|64/100
|-damage|p2b: Garchomp|75/100|[from] item: Life Orb
|move|p1a: Gyarados|Thunder Wave|p2a: Incineroar
|-status|p2a: Incineroar|par
|move|p1b: Tyranitar|Knock Off|p2b: Garchomp
|-damage|p2b: Garchomp|16/100
|-damage|p1b: Tyranitar|52/100|[from] ability: Rough Skin|[of] p2b: Garchomp
|-enditem|p2b: Garchomp|Life Orb|[from] move: Knock Off|[of] p1b: Tyranitar
|
|-weather|Sandstorm|[upkeep]
|-damage|p1b: Tyranitar|46/100|[from] Sandstorm
|upkeep
|turn|4
|inactive|defaulttesting has 30 seconds left.
|inactive|sedrav has 30 seconds left.
|
|t:|1757042942
|switch|p2b: Kilowattrel|Kilowattrel, L50, F|94/100
|move|p1a: Gyarados|Protect|p1a: Gyarados
|-singleturn|p1a: Gyarados|Protect
|move|p1b: Tyranitar|Protect|p1b: Tyranitar
|-singleturn|p1b: Tyranitar|Protect
|move|p2a: Incineroar|Fake Out|p1b: Tyranitar
|-activate|p1b: Tyranitar|move: Protect
|
|-weather|Sandstorm|[upkeep]
|-damage|p2b: Kilowattrel|88/100|[from] Sandstorm
|-damage|p1b: Tyranitar|39/100|[from] Sandstorm
|upkeep
|turn|5
|
|t:|1757042966
|switch|p1a: Raichu|Raichu, L50, M|94/100
|move|p2b: Kilowattrel|Air Slash|p1b: Tyranitar
|-damage|p1b: Tyranitar|5/100
|cant|p1b: Tyranitar|flinch
|move|p2a: Incineroar|Parting Shot|p1a: Raichu
|-unboost|p1a: Raichu|atk|1
|-unboost|p1a: Raichu|spa|1
|
|t:|1757042983
|switch|p2a: Garchomp|Garchomp, L50, M|16/100|[from] Parting Shot
|
|-weather|none
|upkeep
|turn|6
|inactive|sedrav has 30 seconds left.
|
|t:|1757043013
|switch|p2b: Tyranitar|Tyranitar, L50, M|100/100
|-weather|Sandstorm|[from] ability: Sand Stream|[of] p2b: Tyranitar
|switch|p1b: Gyarados|Gyarados, L50, F|100/100
|-ability|p1b: Gyarados|Intimidate|boost
|-unboost|p2a: Garchomp|atk|1
|-unboost|p2b: Tyranitar|atk|1
|move|p2a: Garchomp|Protect|p2a: Garchomp
|-singleturn|p2a: Garchomp|Protect
|move|p1a: Raichu|Fake Out|p2a: Garchomp
|-activate|p2a: Garchomp|move: Protect
|
|-weather|Sandstorm|[upkeep]
|-damage|p1a: Raichu|88/100|[from] Sandstorm
|upkeep
|turn|7
|inactive|defaulttesting has 30 seconds left.
|inactive|sedrav has 30 seconds left.
|
|t:|1757043040
|switch|p2a: Incineroar|Incineroar, L50, F|100/100 par
|-ability|p2a: Incineroar|Intimidate|boost
|-unboost|p1a: Raichu|atk|1
|-unboost|p1b: Gyarados|atk|1
|move|p1a: Raichu|Nuzzle|p2b: Tyranitar
|-damage|p2b: Tyranitar|97/100
|-status|p2b: Tyranitar|par
|move|p1b: Gyarados|Waterfall|p2b: Tyranitar
|-supereffective|p2b: Tyranitar
|-damage|p2b: Tyranitar|55/100 par
|move|p2b: Tyranitar|Rock Slide|p1a: Raichu|[spread] p1b
|-miss|p2b: Tyranitar|p1a: Raichu
|-supereffective|p1b: Gyarados
|-damage|p1b: Gyarados|58/100
|
|-weather|Sandstorm|[upkeep]
|-damage|p1a: Raichu|82/100|[from] Sandstorm
|upkeep
|turn|8
|inactive|defaulttesting has 30 seconds left.
|inactive|sedrav has 30 seconds left.
|
|t:|1757043073
|move|p2a: Incineroar|Fake Out|p1b: Gyarados
|-damage|p1b: Gyarados|46/100
|move|p1a: Raichu|Volt Switch|p2b: Tyranitar
|-damage|p2b: Tyranitar|48/100 par
|
|t:|1757043078
|switch|p1a: Volcarona|Volcarona, L50, F|100/100|[from] Volt Switch
|cant|p1b: Gyarados|flinch
|move|p2b: Tyranitar|Rock Slide|p1b: Gyarados|[spread] p1a,p1b
|-supereffective|p1a: Volcarona
|-supereffective|p1b: Gyarados
|-damage|p1a: Volcarona|1/100
|-damage|p1b: Gyarados|3/100
|
|-weather|Sandstorm|[upkeep]
|-damage|p1a: Volcarona|0 fnt|[from] Sandstorm
|faint|p1a: Volcarona
|upkeep
|
|t:|1757043088
|switch|p1a: Tyranitar|Tyranitar, L50, M, tera:Flying|5/100
|turn|9
|
|t:|1757043111
|switch|p2a: Garchomp|Garchomp, L50, M|16/100
|move|p1b: Gyarados|Waterfall|p2b: Tyranitar
|-supereffective|p2b: Tyranitar
|-damage|p2b: Tyranitar|3/100 par
|move|p1a: Tyranitar|Rock Slide|p2a: Garchomp|[spread] p2a,p2b
|-resisted|p2a: Garchomp
|-damage|p2a: Garchomp|0 fnt
|-damage|p2b: Tyranitar|0 fnt
|faint|p2a: Garchomp
|faint|p2b: Tyranitar
|
|-weather|Sandstorm|[upkeep]
|-damage|p1a: Tyranitar|0 fnt|[from] Sandstorm
|faint|p1a: Tyranitar
|upkeep
|
|t:|1757043124
|switch|p2a: Incineroar|Incineroar, L50, F|100/100 par
|switch|p2b: Kilowattrel|Kilowattrel, L50, F|88/100
|switch|p1a: Raichu|Raichu, L50, M|82/100
|-ability|p2a: Incineroar|Intimidate|boost
|-unboost|p1a: Raichu|atk|1
|-unboost|p1b: Gyarados|atk|1
|turn|10
|inactive|defaulttesting has 30 seconds left.
|inactive|defaulttesting has 20 seconds left.
|
|t:|1757043166
|move|p2b: Kilowattrel|Protect|p2b: Kilowattrel
|-singleturn|p2b: Kilowattrel|Protect
|move|p1b: Gyarados|Protect|p1b: Gyarados
|-singleturn|p1b: Gyarados|Protect
|move|p1a: Raichu|Fake Out|p2b: Kilowattrel
|-activate|p2b: Kilowattrel|move: Protect
|cant|p2a: Incineroar|par
|
|-weather|none
|upkeep
|turn|11
|
|t:|1757043190
|move|p2b: Kilowattrel|Air Slash|p1b: Gyarados
|-damage|p1b: Gyarados|0 fnt
|faint|p1b: Gyarados
|move|p1a: Raichu|Volt Switch|p2b: Kilowattrel
|-damage|p2b: Kilowattrel|47/100
|cant|p2a: Incineroar|par
|
|upkeep
|turn|12
|
|t:|1757043200
|move|p2b: Kilowattrel|Air Slash|p1a: Raichu
|-resisted|p1a: Raichu
|-damage|p1a: Raichu|69/100
|move|p1a: Raichu|Volt Switch|p2b: Kilowattrel
|-damage|p2b: Kilowattrel|5/100
|move|p2a: Incineroar|Knock Off|p1a: Raichu
|-crit|p1a: Raichu
|-damage|p1a: Raichu|0 fnt
|-enditem|p1a: Raichu|Assault Vest|[from] move: Knock Off|[of] p2a: Incineroar
|faint|p1a: Raichu
|
|win|sedrav
|raw|defaulttesting's rating: 1191 → 1168(-23 for losing)
|raw|sedrav's rating: 1219 → 1242(+23 for winning)
