|j|☆new mental
|j|☆Russel25
|html|new mentalRussel25    
|uhtml|bestof|Game 3 of a best-of-3
|t:|1783259678
|gametype|doubles
|player|p1|new mental|volkner|1192
|player|p2|Russel25|265|1150
|gen|9
|tier|[Gen 9 Champions] VGC 2026 Reg M-B (Bo3)
|rated|
|rule|Species Clause: Limit one of each Pokémon
|rule|Item Clause: Limit 1 of each item
|clearpoke
|poke|p1|Aerodactyl, L50, M|
|poke|p1|Garchomp, L50, M|
|poke|p1|Kingambit, L50, M|
|poke|p1|Charizard, L50, M|
|poke|p1|Sylveon, L50, F|
|poke|p1|Farigiraf, L50, M|
|poke|p2|Sylveon, L50, M, shiny|
|poke|p2|Incineroar, L50, M, shiny|
|poke|p2|Aerodactyl, L50, M, shiny|
|poke|p2|Charizard, L50, F, shiny|
|poke|p2|Metagross, L50, shiny|
|poke|p2|Garchomp, L50, F, shiny|
|teampreview|4
|showteam|p1|Aerodactyl||Aerodactylite|Unnerve|IceFang,RockSlide,Tailwind,DualWingbeat|Jolly||M|||50|]Garchomp||LifeOrb|RoughSkin|DragonClaw,StompingTantrum,Earthquake,Protect|Jolly||M|||50|]Kingambit||FocusSash|Defiant|SuckerPunch,KowtowCleave,IronHead,LowKick|Adamant||M|||50|]Charizard||CharizarditeY|SolarPower|Protect,HeatWave,SolarBeam,WeatherBall|Timid||M|||50|]Sylveon||FairyFeather|Pixilate|Protect,HyperVoice,HyperBeam,QuickAttack|Modest||F|||50|]Farigiraf||SitrusBerry|ArmorTail|TrickRoom,Thunderbolt,Psychic,Roar|Bold||M|||50|
|showteam|p2|Sylveon||FairyFeather|Pixilate|HyperVoice,HyperBeam,QuickAttack,Detect|Modest||M|||50|]Incineroar||SitrusBerry|Intimidate|FakeOut,DarkestLariat,FlareBlitz,PartingShot|Careful||M|||50|]Aerodactyl||FocusSash|Unnerve|Tailwind,RockSlide,DualWingbeat,Protect|Jolly||M|||50|]Charizard||CharizarditeY|Blaze|HeatWave,WeatherBall,SolarBeam,Protect|Modest||F|||50|]Metagross||Metagrossite|ClearBody|BodyPress,BulletPunch,PsychicFangs,Protect|Adamant|||||50|]Garchomp||LifeOrb|SandVeil|Protect,RockSlide,Earthquake,DragonClaw|Jolly||F|||50|
|
|t:|1783259721
|teamsize|p1|4
|teamsize|p2|4
|start
|switch|p1a: Farigiraf|Farigiraf, L50, M|100/100
|switch|p1b: Sylveon|Sylveon, L50, F|100/100
|switch|p2a: Sylveon|Sylveon, L50, M, shiny|100/100
|switch|p2b: Garchomp|Garchomp, L50, F, shiny|100/100
|turn|1
|
|t:|1783259748
|move|p2b: Garchomp|Earthquake|p1b: Sylveon|[spread] p2a,p1a,p1b
|-damage|p2a: Sylveon|49/100
|-damage|p1a: Farigiraf|62/100
|-damage|p1b: Sylveon|42/100
|-damage|p2b: Garchomp|90/100|[from] item: Life Orb
|move|p2a: Sylveon|Hyper Beam|p1b: Sylveon
|-damage|p1b: Sylveon|0 fnt
|-mustrecharge|p2a: Sylveon
|faint|p1b: Sylveon
|move|p1a: Farigiraf|Trick Room|p1a: Farigiraf
|-fieldstart|move: Trick Room|[of] p1a: Farigiraf
|
|upkeep
|
|t:|1783259774
|switch|p1b: Kingambit|Kingambit, L50, M|100/100
|turn|2
|
|t:|1783259786
|move|p2b: Garchomp|Protect|p2b: Garchomp
|-singleturn|p2b: Garchomp|Protect
|move|p1a: Farigiraf|Psychic|p2a: Sylveon
|-damage|p2a: Sylveon|23/100
|-unboost|p2a: Sylveon|spd|1
|cant|p2a: Sylveon|recharge
|move|p1b: Kingambit|Kowtow Cleave|p2b: Garchomp
|-activate|p2b: Garchomp|move: Protect
|
|upkeep
|turn|3
|
|t:|1783259809
|move|p1a: Farigiraf|Psychic|p2a: Sylveon
|-damage|p2a: Sylveon|0 fnt
|faint|p2a: Sylveon
|move|p1b: Kingambit|Kowtow Cleave|p2b: Garchomp
|-damage|p2b: Garchomp|42/100
|move|p2b: Garchomp|Dragon Claw|p1a: Farigiraf
|-damage|p1a: Farigiraf|23/100
|-enditem|p1a: Farigiraf|Sitrus Berry|[eat]
|-heal|p1a: Farigiraf|48/100|[from] item: Sitrus Berry
|-damage|p2b: Garchomp|32/100|[from] item: Life Orb
|
|upkeep
|
|t:|1783259822
|switch|p2a: Charizard|Charizard, L50, F, shiny|100/100
|turn|4
|
|t:|1783259831
|detailschange|p2a: Charizard|Charizard-Mega-Y, L50, F, shiny
|-mega|p2a: Charizard|Charizard|Charizardite Y
|-weather|SunnyDay|[from] ability: Drought|[of] p2a: Charizard
|move|p1a: Farigiraf|Thunderbolt|p2a: Charizard
|-supereffective|p2a: Charizard|1
|-crit|p2a: Charizard
|-damage|p2a: Charizard|38/100
|-status|p2a: Charizard|par
|move|p2a: Charizard|Heat Wave|p1b: Kingambit|[spread] p1a,p1b
|-supereffective|p1b: Kingambit|1
|-damage|p1a: Farigiraf|0 fnt
|-enditem|p1b: Kingambit|Focus Sash
|-damage|p1b: Kingambit|1/100
|faint|p1a: Farigiraf
|move|p1b: Kingambit|Kowtow Cleave|p2b: Garchomp
|-crit|p2b: Garchomp
|-damage|p2b: Garchomp|0 fnt
|faint|p2b: Garchomp
|
|-weather|SunnyDay|[upkeep]
|upkeep
|
|t:|1783259847
|switch|p1a: Charizard|Charizard, L50, M|100/100
|switch|p2b: Incineroar|Incineroar, L50, M, shiny|100/100
|-ability|p2b: Incineroar|Intimidate|boost
|-unboost|p1a: Charizard|atk|1
|-unboost|p1b: Kingambit|atk|1
|-ability|p1b: Kingambit|Defiant|boost
|-boost|p1b: Kingambit|atk|2
|turn|5
|
|t:|1783259865
|detailschange|p1a: Charizard|Charizard-Mega-Y, L50, M
|-mega|p1a: Charizard|Charizard|Charizardite Y
|move|p2b: Incineroar|Fake Out|p1b: Kingambit
|-resisted|p1b: Kingambit|1
|-crit|p1b: Kingambit
|-damage|p1b: Kingambit|0 fnt
|faint|p1b: Kingambit
|move|p2a: Charizard|Weather Ball|p1a: Charizard
|-resisted|p1a: Charizard|1
|-damage|p1a: Charizard|61/100
|move|p1a: Charizard|Heat Wave|p2a: Charizard|[spread] p2b
|-miss|p1a: Charizard|p2a: Charizard
|-resisted|p2b: Incineroar|1
|-crit|p2b: Incineroar
|-damage|p2b: Incineroar|67/100
|
|-weather|SunnyDay|[upkeep]
|-fieldend|move: Trick Room
|upkeep
|turn|6
|
|t:|1783259885
|move|p1a: Charizard|Heat Wave|p2a: Charizard|[spread] p2a,p2b
|-resisted|p2a: Charizard|1
|-resisted|p2b: Incineroar|1
|-damage|p2a: Charizard|14/100 par
|-damage|p2b: Incineroar|47/100
|-enditem|p2b: Incineroar|Sitrus Berry|[eat]
|-heal|p2b: Incineroar|71/100|[from] item: Sitrus Berry
|move|p2b: Incineroar|Flare Blitz|p1a: Charizard
|-resisted|p1a: Charizard|1
|-damage|p1a: Charizard|30/100
|-damage|p2b: Incineroar|62/100|[from] Recoil
|move|p2a: Charizard|Weather Ball|p1a: Charizard
|-resisted|p1a: Charizard|1
|-damage|p1a: Charizard|0 fnt
|faint|p1a: Charizard
|
|win|Russel25
|raw|new mental's rating: 1192 → 1164(-28 for losing)
|raw|Russel25's rating: 1150 → 1178(+28 for winning)
