|j|☆mikelpoyarzabal
|j|☆VGCPancakes
|html|mikelpoyarzabalVGCPancakes    
|uhtml|bestof|Game 2 of a best-of-3
|t:|1785776051
|gametype|doubles
|player|p1|mikelpoyarzabal|arven-s|1350
|player|p2|VGCPancakes|170|1311
|gen|9
|tier|[Gen 9 Champions] VGC 2026 Reg M-B (Bo3)
|rated|
|rule|Species Clause: Limit one of each Pokémon
|rule|Item Clause: Limit 1 of each item
|clearpoke
|poke|p1|Gengar, L50, F|
|poke|p1|Swampert, L50, M|
|poke|p1|Incineroar, L50, M|
|poke|p1|Politoed, L50, M|
|poke|p1|Vivillon, L50, F|
|poke|p1|Kommo-o, L50, F|
|poke|p2|Garchomp, L50, M|
|poke|p2|Tyranitar, L50, F|
|poke|p2|Floette-Eternal, L50, F|
|poke|p2|Sinistcha, L50|
|poke|p2|Incineroar, L50, M|
|poke|p2|Corviknight, L50, M|
|teampreview|4
|showteam|p1|Gengar||Gengarite|CursedBody|ShadowBall,SludgeBomb,Protect,PerishSong|Timid||F|||50|]Swampert||Swampertite|Torrent|WaveCrash,Earthquake,IcePunch,Protect|Adamant||M|||50|]Incineroar||PasshoBerry|Intimidate|ThroatChop,PartingShot,FakeOut,Protect|Sassy||M|||50|]Politoed||SitrusBerry|Drizzle|WeatherBall,PerishSong,Encore,Protect|Calm||M|||50|]Vivillon||FocusSash|CompoundEyes|Hurricane,SleepPowder,RagePowder,Protect|Timid||F|||50|]Kommo-o||Leftovers|Overcoat|ClangorousSoul,ClangingScales,AuraSphere,Protect|Modest||F|||50|
|showteam|p2|Garchomp||ChoiceScarf|RoughSkin|DragonClaw,RockSlide,RockTomb,StompingTantrum|Adamant||M|||50|]Tyranitar||Tyranitarite|SandStream|Protect,RockSlide,KnockOff,LowKick|Adamant||F|||50|]Floette-Eternal||Floettite|FlowerVeil|Protect,CalmMind,DrainingKiss,DazzlingGleam|Modest||F|||50|]Sinistcha||ColburBerry|Hospitality|MatchaGotcha,TrickRoom,RagePowder,LifeDew|Quiet|||||50|]Incineroar||SitrusBerry|Intimidate|FakeOut,FlareBlitz,Taunt,PartingShot|Adamant||M|||50|]Corviknight||Leftovers|MirrorArmor|Tailwind,IronHead,BulkUp,Protect|Careful||M|||50|
|inactive|Battle timer is ON: inactive players will automatically lose when time's up. (requested by mikelpoyarzabal)
|
|t:|1785776074
|teamsize|p1|4
|teamsize|p2|4
|start
|switch|p1a: Incineroar|Incineroar, L50, M|100/100
|switch|p1b: Gengar|Gengar, L50, F|100/100
|switch|p2a: Buenos|Garchomp, L50, M|100/100
|switch|p2b: Joey|Incineroar, L50, M|100/100
|-ability|p2b: Joey|Intimidate|boost
|-unboost|p1a: Incineroar|atk|1
|-unboost|p1b: Gengar|atk|1
|-ability|p1a: Incineroar|Intimidate|boost
|-unboost|p2a: Buenos|atk|1
|-unboost|p2b: Joey|atk|1
|turn|1
|
|t:|1785776087
|switch|p1a: Vivillon|Vivillon, L50, F|100/100
|detailschange|p1b: Gengar|Gengar-Mega, L50, F
|-mega|p1b: Gengar|Gengar|Gengarite
|move|p1b: Gengar|Protect|p1b: Gengar
|-singleturn|p1b: Gengar|Protect
|move|p2b: Joey|Fake Out|p1a: Vivillon
|-damage|p1a: Vivillon|83/100
|move|p2a: Buenos|Stomping Tantrum|p1b: Gengar
|-activate|p1b: Gengar|move: Protect
|
|upkeep
|turn|2
|inactive|mikelpoyarzabal has 30 seconds left.
|
|t:|1785776119
|move|p1b: Gengar|Protect||[still]
|-fail|p1b: Gengar
|move|p2a: Buenos|Stomping Tantrum|p1b: Gengar
|-supereffective|p1b: Gengar|1
|-damage|p1b: Gengar|34/100
|move|p1a: Vivillon|Sleep Powder|p2a: Buenos
|-status|p2a: Buenos|slp|[from] move: Sleep Powder
|move|p2b: Joey|Taunt|p1a: Vivillon
|-start|p1a: Vivillon|move: Taunt
|
|upkeep
|turn|3
|
|t:|1785776129
|switch|p1b: Incineroar|Incineroar, L50, M|100/100
|-ability|p1b: Incineroar|Intimidate|boost
|-unboost|p2a: Buenos|atk|1
|-unboost|p2b: Joey|atk|1
|cant|p2a: Buenos|slp
|move|p1a: Vivillon|Hurricane|p2b: Joey
|-damage|p2b: Joey|58/100
|move|p2b: Joey|Flare Blitz|p1b: Incineroar
|-resisted|p1b: Incineroar|1
|-damage|p1b: Incineroar|88/100
|-damage|p2b: Joey|54/100|[from] Recoil
|
|upkeep
|turn|4
|
|t:|1785776150
|switch|p1a: Politoed|Politoed, L50, M|100/100
|-weather|RainDance|[from] ability: Drizzle|[of] p1a: Politoed
|switch|p2b: Dias|Tyranitar, L50, F|100/100
|-weather|Sandstorm|[from] ability: Sand Stream|[of] p2b: Dias
|-curestatus|p2a: Buenos|slp|[msg]
|move|p2a: Buenos|Stomping Tantrum|p1b: Incineroar
|-supereffective|p1b: Incineroar|1
|-damage|p1b: Incineroar|16/100
|move|p1b: Incineroar|Parting Shot|p2a: Buenos
|-unboost|p2a: Buenos|atk|1
|-unboost|p2a: Buenos|spa|1
|
|t:|1785776160
|switch|p1b: Vivillon|Vivillon, L50, F|83/100|[from] Parting Shot
|
|-weather|Sandstorm|[upkeep]
|-damage|p1b: Vivillon|77/100|[from] Sandstorm
|-damage|p1a: Politoed|93/100|[from] Sandstorm
|upkeep
|turn|5
|
|t:|1785776175
|switch|p2a: Joey|Incineroar, L50, M|54/100
|-ability|p2a: Joey|Intimidate|boost
|-unboost|p1a: Politoed|atk|1
|-unboost|p1b: Vivillon|atk|1
|switch|p1a: Incineroar|Incineroar, L50, M|16/100
|-ability|p1a: Incineroar|Intimidate|boost
|-unboost|p2a: Joey|atk|1
|-unboost|p2b: Dias|atk|1
|move|p2b: Dias|Protect|p2b: Dias
|-singleturn|p2b: Dias|Protect
|move|p1b: Vivillon|Sleep Powder|p2b: Dias
|-activate|p2b: Dias|move: Protect
|
|-weather|Sandstorm|[upkeep]
|-damage|p1b: Vivillon|71/100|[from] Sandstorm
|-damage|p2a: Joey|48/100|[from] Sandstorm
|-damage|p1a: Incineroar|10/100|[from] Sandstorm
|-enditem|p2a: Joey|Sitrus Berry|[eat]
|-heal|p2a: Joey|73/100|[from] item: Sitrus Berry
|upkeep
|turn|6
|
|t:|1785776188
|switch|p1b: Gengar|Gengar-Mega, L50, F|34/100
|switch|p2b: Pot of Greed|Sinistcha, L50|100/100
|-heal|p2a: Joey|98/100|[from] ability: Hospitality|[of] p2b: Pot of Greed
|switch|p1a: Politoed|Politoed, L50, M|93/100
|-weather|RainDance|[from] ability: Drizzle|[of] p1a: Politoed
|move|p2a: Joey|Flare Blitz|p1b: Gengar
|-damage|p1b: Gengar|16/100
|-damage|p2a: Joey|93/100|[from] Recoil
|
|-weather|RainDance|[upkeep]
|upkeep
|turn|7
|
|t:|1785776203
|switch|p1a: Vivillon|Vivillon, L50, F|71/100
|move|p1b: Gengar|Protect|p1b: Gengar
|-singleturn|p1b: Gengar|Protect
|move|p2b: Pot of Greed|Rage Powder|p2b: Pot of Greed
|-singleturn|p2b: Pot of Greed|move: Rage Powder
|move|p2a: Joey|Parting Shot|p1a: Vivillon
|-unboost|p1a: Vivillon|atk|1
|-unboost|p1a: Vivillon|spa|1
|
|t:|1785776213
|switch|p2a: Dias|Tyranitar, L50, F|100/100|[from] Parting Shot
|-weather|Sandstorm|[from] ability: Sand Stream|[of] p2a: Dias
|
|-weather|Sandstorm|[upkeep]
|-damage|p1b: Gengar|10/100|[from] Sandstorm
|-damage|p1a: Vivillon|65/100|[from] Sandstorm
|-damage|p2b: Pot of Greed|93/100|[from] Sandstorm
|upkeep
|turn|8
|
|t:|1785776226
|move|p2b: Pot of Greed|Rage Powder|p2b: Pot of Greed
|-singleturn|p2b: Pot of Greed|move: Rage Powder
|move|p1b: Gengar|Shadow Ball|p2b: Pot of Greed
|-supereffective|p2b: Pot of Greed|1
|-damage|p2b: Pot of Greed|2/100
|move|p1a: Vivillon|Hurricane|p2b: Pot of Greed
|-supereffective|p2b: Pot of Greed|1
|-damage|p2b: Pot of Greed|0 fnt
|faint|p2b: Pot of Greed
|move|p2a: Dias|Rock Slide|p1b: Gengar|[spread] p1a,p1b
|-supereffective|p1a: Vivillon|2
|-damage|p1a: Vivillon|0 fnt
|-damage|p1b: Gengar|0 fnt
|faint|p1a: Vivillon
|faint|p1b: Gengar
|
|-weather|Sandstorm|[upkeep]
|upkeep
|-message|mikelpoyarzabal forfeited.
|
|win|VGCPancakes
