|j|☆Cyberkevh912
|j|‽dr.lav
|html|Cyberkevh912dr.lav    
|uhtml|bestof|Game 1 of a best-of-3
|t:|1785076867
|gametype|doubles
|player|p1|Cyberkevh912|red|
|player|p2|dr.lav|iris-masters|
|gen|9
|tier|[Gen 9 Champions] VGC 2026 Reg M-B (Bo3)
|rule|Species Clause: Limit one of each Pokémon
|rule|Item Clause: Limit 1 of each item
|clearpoke
|poke|p1|Greninja, L50, M|
|poke|p1|Garchomp, L50, M|
|poke|p1|Aerodactyl, L50, F|
|poke|p1|Infernape, L50, F|
|poke|p1|Sylveon, L50, F|
|poke|p1|Metagross, L50|
|poke|p2|Raichu, L50, M|
|poke|p2|Diggersby, L50, F|
|poke|p2|Sableye, L50, F|
|poke|p2|Goodra-Hisui, L50, F|
|poke|p2|Meowscarada, L50, M|
|poke|p2|Blaziken, L50, F|
|teampreview|4
|showteam|p1|Greninja||Greninjite|Protean|HydroPump,IceBeam,LowKick,Uturn|Hasty||M|||50|]Garchomp||SitrusBerry|RoughSkin|DragonClaw,StompingTantrum,PoisonJab,Protect|Adamant||M|||50|]Aerodactyl||FocusSash|RockHead|RockSlide,DualWingbeat,Tailwind,Protect|Jolly||F|||50|]Infernape||LifeOrb|Blaze|FlareBlitz,CloseCombat,FakeOut,Protect|Jolly||F|||50|]Sylveon||FairyFeather|Pixilate|HyperVoice,HyperBeam,QuickAttack,Protect|Modest||F|||50|]Metagross||LightClay|ClearBody|Reflect,LightScreen,PsychicFangs,IcePunch|Careful|||||50|
|showteam|p2|Raichu||RaichuniteY|LightningRod|FocusBlast,Protect,ZapCannon,FakeOut|Hasty||M|||50|]Diggersby||PasshoBerry|HugePower|Earthquake,RockSlide,BodySlam,GunkShot|Adamant||F|||50|]Sableye||LightClay|Prankster|RainDance,Reflect,LightScreen,ShadowClaw|Impish||F|||50|]Goodra-Hisui||Leftovers|ShellArmor|DragonPulse,FlashCannon,Protect,Shelter|Calm||F|||50|]Meowscarada||BrightPowder|Protean|KnockOff,FlowerTrick,TripleAxel,Uturn|Jolly||M|||50|]Blaziken||WideLens|SpeedBoost|BlazeKick,BrickBreak,RockSlide,Protect|Adamant||F|||50|
|j| UI Rain
|
|t:|1785076918
|teamsize|p1|4
|teamsize|p2|4
|start
|switch|p1a: Garchomp|Garchomp, L50, M|100/100
|switch|p1b: Sylveon|Sylveon, L50, F|100/100
|switch|p2a: Diggersby|Diggersby, L50, F|100/100
|switch|p2b: Raichu|Raichu, L50, M|100/100
|turn|1
|
|t:|1785076929
|move|p2b: Raichu|Protect|p2b: Raichu
|-singleturn|p2b: Raichu|Protect
|move|p1a: Garchomp|Stomping Tantrum|p2b: Raichu
|-activate|p2b: Raichu|move: Protect
|move|p2a: Diggersby|Gunk Shot|p1b: Sylveon|[miss]
|-miss|p2a: Diggersby|p1b: Sylveon
|move|p1b: Sylveon|Hyper Voice|p2a: Diggersby|[spread] p2a
|-activate|p2b: Raichu|move: Protect
|-damage|p2a: Diggersby|47/100
|
|upkeep
|turn|2
|
|t:|1785076976
|switch|p2b: Goodra|Goodra-Hisui, L50, F|100/100
|move|p1a: Garchomp|Stomping Tantrum|p2b: Goodra
|-supereffective|p2b: Goodra|1
|-damage|p2b: Goodra|33/100
|move|p2a: Diggersby|Gunk Shot|p1b: Sylveon
|-supereffective|p1b: Sylveon|1
|-damage|p1b: Sylveon|0 fnt
|faint|p1b: Sylveon
|
|-heal|p2b: Goodra|39/100|[from] item: Leftovers
|upkeep
|
|t:|1785076998
|switch|p1b: Infernape|Infernape, L50, F|100/100
|turn|3
|
|t:|1785077014
|move|p2b: Goodra|Protect|p2b: Goodra
|-singleturn|p2b: Goodra|Protect
|move|p1b: Infernape|Flare Blitz|p2a: Diggersby
|-damage|p2a: Diggersby|0 fnt
|faint|p2a: Diggersby
|-damage|p1b: Infernape|80/100|[from] Recoil
|-damage|p1b: Infernape|70/100|[from] item: Life Orb
|move|p1a: Garchomp|Stomping Tantrum|p2b: Goodra
|-activate|p2b: Goodra|move: Protect
|
|-heal|p2b: Goodra|45/100|[from] item: Leftovers
|upkeep
|
|t:|1785077025
|switch|p2a: Sableye|Sableye, L50, F|100/100
|turn|4
|
|t:|1785077041
|move|p2a: Sableye|Reflect|p2a: Sableye
|-sidestart|p2: dr.lav|Reflect
|move|p1b: Infernape|Flare Blitz|p2a: Sableye
|-damage|p2a: Sableye|53/100
|-damage|p1b: Infernape|54/100|[from] Recoil
|-damage|p1b: Infernape|45/100|[from] item: Life Orb
|move|p1a: Garchomp|Stomping Tantrum|p2b: Goodra
|-supereffective|p2b: Goodra|1
|-damage|p2b: Goodra|2/100
|move|p2b: Goodra|Dragon Pulse|p1a: Garchomp
|-supereffective|p1a: Garchomp|1
|-damage|p1a: Garchomp|31/100
|-enditem|p1a: Garchomp|Sitrus Berry|[eat]
|-heal|p1a: Garchomp|56/100|[from] item: Sitrus Berry
|
|-heal|p2b: Goodra|8/100|[from] item: Leftovers
|upkeep
|turn|5
|
|t:|1785077070
|move|p2b: Goodra|Protect|p2b: Goodra
|-singleturn|p2b: Goodra|Protect
|move|p2a: Sableye|Rain Dance|p2a: Sableye
|-weather|RainDance
|move|p1b: Infernape|Flare Blitz|p2a: Sableye
|-damage|p2a: Sableye|29/100
|-damage|p1b: Infernape|37/100|[from] Recoil
|-damage|p1b: Infernape|27/100|[from] item: Life Orb
|move|p1a: Garchomp|Stomping Tantrum|p2b: Goodra
|-activate|p2b: Goodra|move: Protect
|
|-weather|RainDance|[upkeep]
|-heal|p2b: Goodra|15/100|[from] item: Leftovers
|upkeep
|turn|6
|
|t:|1785077120
|move|p2b: Goodra|Protect||[still]
|-fail|p2b: Goodra
|move|p1b: Infernape|Flare Blitz|p2b: Goodra
|-damage|p2b: Goodra|0 fnt
|faint|p2b: Goodra
|-damage|p1b: Infernape|21/100|[from] Recoil
|-damage|p1b: Infernape|11/100|[from] item: Life Orb
|move|p1a: Garchomp|Stomping Tantrum|p2a: Sableye
|-damage|p2a: Sableye|1/100
|move|p2a: Sableye|Shadow Claw|p1a: Garchomp
|-damage|p1a: Garchomp|40/100
|-damage|p2a: Sableye|0 fnt|[from] ability: Rough Skin|[of] p1a: Garchomp
|faint|p2a: Sableye
|
|-weather|RainDance|[upkeep]
|upkeep
|
|t:|1785077136
|switch|p2a: Raichu|Raichu, L50, M|100/100
|turn|7
|
|t:|1785077152
|move|p2a: Raichu|Fake Out|p1a: Garchomp
|-damage|p1a: Garchomp|32/100
|-damage|p2a: Raichu|88/100|[from] ability: Rough Skin|[of] p1a: Garchomp
|move|p1b: Infernape|Close Combat|p2a: Raichu
|-damage|p2a: Raichu|0 fnt
|-unboost|p1b: Infernape|def|1
|-unboost|p1b: Infernape|spd|1
|faint|p2a: Raichu
|-damage|p1b: Infernape|1/100|[from] item: Life Orb
|
|win|Cyberkevh912
||dr.lav is ready for game 2.
