|j|☆Moonman155
|j|☆themadshow
|html|Moonman155themadshow    
|uhtml|bestof|Game 3 of a best-of-3
|t:|1756749779
|gametype|doubles
|player|p1|Moonman155|170|
|player|p2|themadshow|1|
|gen|9
|tier|[Gen 9] VGC 2025 Reg H (Bo3)
|rule|Species Clause: Limit one of each Pokémon
|rule|Item Clause: Limit 1 of each item
|clearpoke
|poke|p1|Bellibolt, L50, M|
|poke|p1|Pelipper, L50, F|
|poke|p1|Floatzel, L50, F|
|poke|p1|Amoonguss, L50, F|
|poke|p1|Bisharp, L50, M|
|poke|p1|Toxicroak, L50, M|
|poke|p2|Torkoal, L50, F|
|poke|p2|Lilligant-Hisui, L50, F|
|poke|p2|Maushold, L50|
|poke|p2|Zebstrika, L50, F|
|poke|p2|Clefairy, L50, M|
|poke|p2|Gastrodon, L50, F|
|teampreview|4
|showteam|p1|Bellibolt||AssaultVest|Electromorphosis|Thunder,MuddyWater,SuckerPunch,Electroweb|||M|||50|,,,,,Electric]Pelipper||FocusSash|Drizzle|Tailwind,WeatherBall,Hurricane,Protect|||F|||50|,,,,,Grass]Floatzel||ChoiceBand|SwiftSwim|FlipTurn,IceSpinner,WaveCrash,Crunch|||F|||50|,,,,,Water]Amoonguss||RockyHelmet|Regenerator|PollenPuff,RagePowder,Spore,Protect|||F|||50|,,,,,Ghost]Bisharp||Eviolite|Defiant|SuckerPunch,IronHead,Protect,SwordsDance|||M|||50|,,,,,Ghost]Toxicroak||SitrusBerry|DrySkin|FakeOut,DrainPunch,SwordsDance,PoisonJab|||M|||50|,,,,,Dark
|showteam|p2|Torkoal||Charcoal|Drought|Protect,Eruption,HeatWave,EarthPower|||F|||50|,,,,,Fire]Lilligant-Hisui||FocusSash|Chlorophyll|AfterYou,SleepPowder,PetalBlizzard,CloseCombat|||F|||50|,,,,,Ghost]Maushold||WideLens|Technician|PopulationBomb,Bite,Feint,Protect||||||50|,,,,,Normal]Zebstrika||LifeOrb|SapSipper|VoltSwitch,HighHorsepower,WildCharge,FlameCharge|||F|||50|,,,,,Ground]Clefairy||Eviolite|FriendGuard|FollowMe,LifeDew,HelpingHand,Protect|||M|||50|,,,,,Ghost]Gastrodon||Leftovers|StormDrain|ClearSmog,IcyWind,Yawn,Protect|||F|||50|,,,,,Poison
|inactive|Battle timer is ON: inactive players will automatically lose when time's up. (requested by Moonman155)
|inactive|Moonman155 has 60 seconds left.
|inactive|themadshow has 60 seconds left.
|
|t:|1756749837
|teamsize|p1|4
|teamsize|p2|4
|start
|switch|p1a: Toxicroak|Toxicroak, L50, M|100/100
|switch|p1b: Amoonguss|Amoonguss, L50, F|100/100
|switch|p2a: Lilligant|Lilligant-Hisui, L50, F|100/100
|switch|p2b: Torkoal|Torkoal, L50, F|100/100
|-weather|SunnyDay|[from] ability: Drought|[of] p2b: Torkoal
|turn|1
|inactive|Moonman155 has 30 seconds left.
|inactive|themadshow has 30 seconds left.
|inactive|themadshow has 20 seconds left.
|
|t:|1756749875
|move|p2b: Torkoal|Protect|p2b: Torkoal
|-singleturn|p2b: Torkoal|Protect
|move|p1a: Toxicroak|Fake Out|p2b: Torkoal
|-activate|p2b: Torkoal|move: Protect
|move|p2a: Lilligant|Sleep Powder|p1a: Toxicroak
|-status|p1a: Toxicroak|slp|[from] move: Sleep Powder
|move|p1b: Amoonguss|Spore|p2b: Torkoal
|-activate|p2b: Torkoal|move: Protect
|
|-weather|SunnyDay|[upkeep]
|-damage|p1a: Toxicroak|88/100 slp|[from] ability: Dry Skin|[of] p1a: Toxicroak
|upkeep
|turn|2
|
|t:|1756749890
|switch|p1a: Pelipper|Pelipper, L50, F|100/100
|-weather|RainDance|[from] ability: Drizzle|[of] p1a: Pelipper
|-terastallize|p2b: Torkoal|Fire
|move|p2a: Lilligant|After You|p2b: Torkoal
|-activate|p2b: Torkoal|move: After You
|move|p2b: Torkoal|Eruption|p1a: Pelipper|[spread] p1a,p1b
|-resisted|p1a: Pelipper
|-supereffective|p1b: Amoonguss
|-damage|p1a: Pelipper|64/100
|-damage|p1b: Amoonguss|48/100
|move|p1b: Amoonguss|Spore|p2b: Torkoal
|-status|p2b: Torkoal|slp|[from] move: Spore
|
|-weather|RainDance|[upkeep]
|upkeep
|turn|3
|
|t:|1756749909
|switch|p1b: Toxicroak|Toxicroak, L50, M|88/100 slp
|switch|p2b: Zebstrika|Zebstrika, L50, F|100/100
|move|p2a: Lilligant|Petal Blizzard|p1a: Pelipper|[spread] p1a,p1b
|-ability|p2b: Zebstrika|Sap Sipper|boost
|-boost|p2b: Zebstrika|atk|1
|-resisted|p1b: Toxicroak
|-damage|p1a: Pelipper|26/100
|-damage|p1b: Toxicroak|63/100 slp
|move|p1a: Pelipper|Hurricane|p2a: Lilligant
|-supereffective|p2a: Lilligant
|-enditem|p2a: Lilligant|Focus Sash
|-damage|p2a: Lilligant|1/100
|
|-weather|RainDance|[upkeep]
|-heal|p1b: Toxicroak|75/100 slp|[from] ability: Dry Skin
|upkeep
|turn|4
|inactive|Moonman155 has 30 seconds left.
|inactive|themadshow has 30 seconds left.
|
|t:|1756749935
|move|p1a: Pelipper|Protect|p1a: Pelipper
|-singleturn|p1a: Pelipper|Protect
|move|p2a: Lilligant|Petal Blizzard|p1a: Pelipper|[spread] p1b
|-activate|p1a: Pelipper|move: Protect
|-ability|p2b: Zebstrika|Sap Sipper|boost
|-boost|p2b: Zebstrika|atk|1
|-resisted|p1b: Toxicroak
|-damage|p1b: Toxicroak|50/100 slp
|-enditem|p1b: Toxicroak|Sitrus Berry|[eat]
|-heal|p1b: Toxicroak|75/100 slp|[from] item: Sitrus Berry
|move|p2b: Zebstrika|High Horsepower|p1b: Toxicroak
|-supereffective|p1b: Toxicroak
|-damage|p1b: Toxicroak|0 fnt
|faint|p1b: Toxicroak
|-damage|p2b: Zebstrika|90/100|[from] item: Life Orb
|
|-weather|RainDance|[upkeep]
|upkeep
|
|t:|1756749951
|switch|p1b: Floatzel|Floatzel, L50, F|100/100
|turn|5
|inactive|themadshow has 30 seconds left.
|inactive|themadshow has 20 seconds left.
|
|t:|1756749989
|switch|p2a: Gastrodon|Gastrodon, L50, F|100/100
|-terastallize|p1b: Floatzel|Water
|move|p1b: Floatzel|Wave Crash|p2a: Gastrodon
|-activate|p2a: Gastrodon|ability: Storm Drain
|-ability|p2a: Gastrodon|Storm Drain|boost
|-boost|p2a: Gastrodon|spa|1
|move|p2b: Zebstrika|Wild Charge|p1a: Pelipper
|-supereffective|p1a: Pelipper
|-damage|p1a: Pelipper|0 fnt
|faint|p1a: Pelipper
|-damage|p2b: Zebstrika|84/100|[from] Recoil
|-damage|p2b: Zebstrika|74/100|[from] item: Life Orb
|
|-weather|RainDance|[upkeep]
|upkeep
|
|t:|1756749999
|switch|p1a: Amoonguss|Amoonguss, L50, F|81/100
|turn|6
|c|☆Moonman155|gg
|
|t:|1756750019
|move|p1b: Floatzel|Wave Crash|p2a: Gastrodon
|-activate|p2a: Gastrodon|ability: Storm Drain
|-ability|p2a: Gastrodon|Storm Drain|boost
|-boost|p2a: Gastrodon|spa|1
|move|p2b: Zebstrika|Flame Charge|p1a: Amoonguss
|-supereffective|p1a: Amoonguss
|-damage|p1a: Amoonguss|39/100
|-boost|p2b: Zebstrika|spe|1
|-damage|p2b: Zebstrika|58/100|[from] item: Rocky Helmet|[of] p1a: Amoonguss
|-damage|p2b: Zebstrika|48/100|[from] item: Life Orb
|move|p2a: Gastrodon|Yawn|p1a: Amoonguss
|-start|p1a: Amoonguss|move: Yawn|[of] p2a: Gastrodon
|move|p1a: Amoonguss|Spore|p2a: Gastrodon
|-status|p2a: Gastrodon|slp|[from] move: Spore
|
|-weather|none
|upkeep
|turn|7
|-message|Moonman155 forfeited.
|
|win|themadshow
|l|☆Moonman155
|player|p1|
