|j|☆Get flinched on
|j|☆Lloydoo
|html|Get flinched onLloydoo    
|uhtml|bestof|Game 1 of a best-of-3
|t:|1782490917
|gametype|doubles
|player|p1|Get flinched on|clown|1084
|player|p2|Lloydoo|cilan|1000
|gen|9
|tier|[Gen 9 Champions] VGC 2026 Reg M-B (Bo3)
|rated|
|rule|Species Clause: Limit one of each Pokémon
|rule|Item Clause: Limit 1 of each item
|clearpoke
|poke|p1|Whimsicott, L50, F|
|poke|p1|Glimmora, L50, F|
|poke|p1|Charizard, L50, M|
|poke|p1|Garchomp, L50, M|
|poke|p1|Kingambit, L50, F|
|poke|p1|Basculegion, L50, M|
|poke|p2|Starmie, L50|
|poke|p2|Sneasler, L50, F|
|poke|p2|Pelipper, L50, M|
|poke|p2|Garchomp, L50, M|
|poke|p2|Corviknight, L50, M|
|poke|p2|Overqwil, L50, M|
|teampreview|4
|showteam|p1|Whimsicott||FairyFeather|Prankster|Moonblast,Tailwind,Encore,Protect|Timid||F|||50|]Glimmora||FocusSash|ToxicDebris|PowerGem,SludgeBomb,EarthPower,SpikyShield|Timid||F|||50|]Charizard||CharizarditeY|SolarPower|HeatWave,WeatherBall,SolarBeam,Protect|Modest||M|||50|]Garchomp||SitrusBerry|RoughSkin|Earthquake,DragonClaw,PoisonJab,Protect|Adamant||M|||50|]Kingambit||ChopleBerry|Defiant|KowtowCleave,IronHead,SuckerPunch,LowKick|Adamant||F|||50|]Basculegion||MysticWater|Adaptability|WaveCrash,LastRespects,AquaJet,Protect|Adamant||M|||50|
|showteam|p2|Starmie||Starminite|NaturalCure|Protect,Liquidation,PsychoCut,SkillSwap|Adamant|||||50|]Sneasler||ExpertBelt|Unburden|FakeOut,DireClaw,Coaching,SwordsDance|Careful||F|||50|]Pelipper||DampRock|Drizzle|Hurricane,WeatherBall,Uturn,Tailwind|Timid||M|||50|]Garchomp||LumBerry|RoughSkin|DragonClaw,Earthquake,IronHead,Outrage|Adamant||M|||50|]Corviknight||Leftovers|MirrorArmor|BodyPress,Protect,Roost,IronDefense|Impish||M|||50|]Overqwil||LifeOrb|SwiftSwim|GunkShot,Crunch,Liquidation,LashOut|Adamant||M|||50|
|inactive|Battle timer is ON: inactive players will automatically lose when time's up. (requested by Get flinched on)
|
|t:|1782490977
|teamsize|p1|4
|teamsize|p2|4
|start
|switch|p1a: Whimsicott|Whimsicott, L50, F|100/100
|switch|p1b: Charizard|Charizard, L50, M|100/100
|switch|p2a: Starmie|Starmie, L50|100/100
|switch|p2b: Pelipper|Pelipper, L50, M|100/100
|-weather|RainDance|[from] ability: Drizzle|[of] p2b: Pelipper
|turn|1
|
|t:|1782491000
|detailschange|p2a: Starmie|Starmie-Mega, L50
|-mega|p2a: Starmie|Starmie|Starminite
|detailschange|p1b: Charizard|Charizard-Mega-Y, L50, M
|-mega|p1b: Charizard|Charizard|Charizardite Y
|-weather|SunnyDay|[from] ability: Drought|[of] p1b: Charizard
|move|p2a: Starmie|Liquidation|p1b: Charizard
|-supereffective|p1b: Charizard|1
|-damage|p1b: Charizard|17/100
|move|p1a: Whimsicott|Moonblast|p2b: Pelipper
|-damage|p2b: Pelipper|37/100
|move|p1b: Charizard|Heat Wave|p2b: Pelipper|[spread] p2a,p2b
|-resisted|p2a: Starmie|1
|-resisted|p2b: Pelipper|1
|-damage|p2a: Starmie|63/100
|-damage|p2b: Pelipper|0 fnt
|faint|p2b: Pelipper
|
|-weather|SunnyDay|[upkeep]
|upkeep
|
|t:|1782491016
|switch|p2b: Sneasler|Sneasler, L50, F|100/100
|turn|2
|
|t:|1782491024
|move|p2b: Sneasler|Fake Out|p1a: Whimsicott
|-damage|p1a: Whimsicott|85/100
|cant|p1a: Whimsicott|flinch
|move|p2a: Starmie|Liquidation|p1b: Charizard
|-supereffective|p1b: Charizard|1
|-damage|p1b: Charizard|0 fnt
|faint|p1b: Charizard
|
|-weather|SunnyDay|[upkeep]
|upkeep
|
|t:|1782491028
|switch|p1b: Basculegion|Basculegion, L50, M|100/100
|turn|3
|
|t:|1782491050
|move|p2a: Starmie|Protect|p2a: Starmie
|-singleturn|p2a: Starmie|Protect
|move|p1a: Whimsicott|Encore|p2b: Sneasler
|-start|p2b: Sneasler|Encore
|move|p2b: Sneasler|Fake Out||[still]
|-hint|Fake Out only works on your first turn out.
|-fail|p2b: Sneasler
|move|p1b: Basculegion|Last Respects|p2a: Starmie
|-activate|p2a: Starmie|move: Protect
|
|-weather|SunnyDay|[upkeep]
|upkeep
|turn|4
|
|t:|1782491074
|switch|p2a: Garchomp|Garchomp, L50, M|100/100
|move|p1a: Whimsicott|Encore||[still]
|-fail|p1a: Whimsicott
|-activate|p2b: Sneasler|move: Struggle
|move|p2b: Sneasler|Struggle|p1a: Whimsicott
|-damage|p1a: Whimsicott|68/100
|-damage|p2b: Sneasler|74/100|[from] recoil
|move|p1b: Basculegion|Last Respects|p2a: Garchomp
|-damage|p2a: Garchomp|40/100
|
|-weather|SunnyDay|[upkeep]
|upkeep
|turn|5
|inactive|Lloydoo has 30 seconds left.
|
|t:|1782491100
|move|p1a: Whimsicott|Tailwind|p1a: Whimsicott
|-sidestart|p1: Get flinched on|move: Tailwind
|move|p1b: Basculegion|Last Respects|p2a: Garchomp
|-damage|p2a: Garchomp|0 fnt
|faint|p2a: Garchomp
|-activate|p2b: Sneasler|move: Struggle
|move|p2b: Sneasler|Struggle|p1a: Whimsicott
|-damage|p1a: Whimsicott|52/100
|-damage|p2b: Sneasler|49/100|[from] recoil
|
|-weather|none
|-end|p2b: Sneasler|Encore
|upkeep
|-message|Lloydoo forfeited.
|raw|Get flinched on's rating: 1084 → 1105(+21 for winning)
|raw|Lloydoo's rating: 1000 → 1000(+0 for losing)
|
|win|Get flinched on
