|j|☆NightshadeAI
|j|☆keahi
|html|NightshadeAIkeahi    
|uhtml|bestof|Game 3 of a best-of-3
|t:|1783553317
|gametype|doubles
|player|p1|NightshadeAI|265|1120
|player|p2|keahi|giovanni|1168
|gen|9
|tier|[Gen 9 Champions] VGC 2026 Reg M-B (Bo3)
|rated|
|rule|Species Clause: Limit one of each Pokémon
|rule|Item Clause: Limit 1 of each item
|clearpoke
|poke|p1|Whimsicott, L50, F|
|poke|p1|Charizard, L50, M|
|poke|p1|Basculegion, L50, M|
|poke|p1|Garchomp, L50, M|
|poke|p1|Floette-Eternal, L50, F|
|poke|p1|Kingambit, L50, M|
|poke|p2|Scovillain, L50, F, shiny|
|poke|p2|Tyranitar, L50, M|
|poke|p2|Excadrill, L50, M|
|poke|p2|Talonflame, L50, M|
|poke|p2|Sylveon, L50, F, shiny|
|poke|p2|Araquanid, L50, M|
|teampreview|4
|showteam|p1|Whimsicott||FocusSash|Prankster|Moonblast,Tailwind,Encore,Protect|Timid||F|||50|]Charizard||CharizarditeY|Blaze|WeatherBall,SolarBeam,HeatWave,Protect|Modest||M|||50|]Basculegion||MysticWater|Adaptability|LastRespects,WaveCrash,AquaJet,Protect|Adamant||M|||50|]Garchomp||LifeOrb|RoughSkin|DragonClaw,Earthquake,RockSlide,Protect|Adamant||M|||50|]Floette-Eternal||Floettite|FlowerVeil|DazzlingGleam,LightofRuin,Moonblast,Protect|Modest||F|||50|]Kingambit||ChopleBerry|Defiant|KowtowCleave,SuckerPunch,IronHead,LowKick|Adamant||M|||50|
|showteam|p2|Scovillain||Scovillainite|Moody|Protect,GigaDrain,Flamethrower,RagePowder|Bold||F|||50|]Tyranitar||Tyranitarite|SandStream|RockSlide,Protect,Assurance,LowKick|Adamant||M|||50|]Excadrill||FocusSash|SandRush|HighHorsepower,IronHead,Protect,RockSlide|Adamant||M|||50|]Talonflame||SharpBeak|GaleWings|BraveBird,Tailwind,FlareBlitz,Protect|Jolly||M|||50|]Sylveon||FairyFeather|Pixilate|HyperVoice,Detect,QuickAttack,HyperBeam|Modest||F|||50|]Araquanid||MysticWater|WaterBubble|Liquidation,LeechLife,WideGuard,Protect|Careful||M|||50|
|inactive|Battle timer is ON: inactive players will automatically lose when time's up. (requested by NightshadeAI)
|
|t:|1783553340
|teamsize|p1|4
|teamsize|p2|4
|start
|switch|p1a: Garchomp|Garchomp, L50, M|100/100
|switch|p1b: Whimsicott|Whimsicott, L50, F|100/100
|switch|p2a: Scovillain|Scovillain, L50, F, shiny|100/100
|switch|p2b: Sylveon|Sylveon, L50, F, shiny|100/100
|turn|1
|
|t:|1783553345
|move|p1b: Whimsicott|Tailwind|p1b: Whimsicott
|-sidestart|p1: NightshadeAI|move: Tailwind
|move|p1a: Garchomp|Rock Slide|p2a: Scovillain|[spread] p2a,p2b
|-supereffective|p2a: Scovillain|1
|-crit|p2a: Scovillain
|-damage|p2a: Scovillain|4/100
|-damage|p2b: Sylveon|65/100
|-damage|p1a: Garchomp|90/100|[from] item: Life Orb
|cant|p2b: Sylveon|flinch
|cant|p2a: Scovillain|flinch
|
|-ability|p2a: Scovillain|Moody|boost
|-boost|p2a: Scovillain|spa|2
|-unboost|p2a: Scovillain|spe|1
|upkeep
|turn|2
|
|t:|1783553354
|move|p2a: Scovillain|Protect|p2a: Scovillain
|-singleturn|p2a: Scovillain|Protect
|move|p1b: Whimsicott|Moonblast|p2a: Scovillain
|-activate|p2a: Scovillain|move: Protect
|move|p1a: Garchomp|Earthquake|p2a: Scovillain|[spread] p1b,p2b
|-activate|p2a: Scovillain|move: Protect
|-resisted|p1b: Whimsicott|1
|-damage|p1b: Whimsicott|63/100
|-damage|p2b: Sylveon|0 fnt
|faint|p2b: Sylveon
|-damage|p1a: Garchomp|80/100|[from] item: Life Orb
|
|-ability|p2a: Scovillain|Moody|boost
|-boost|p2a: Scovillain|spd|2
|-unboost|p2a: Scovillain|spa|1
|upkeep
|
|t:|1783553364
|switch|p2b: Excadrill|Excadrill, L50, M|100/100
|turn|3
|
|t:|1783553371
|detailschange|p2a: Scovillain|Scovillain-Mega, L50, F, shiny
|-mega|p2a: Scovillain|Scovillain|Scovillainite
|move|p1b: Whimsicott|Protect|p1b: Whimsicott
|-singleturn|p1b: Whimsicott|Protect
|move|p2a: Scovillain|Rage Powder|p2a: Scovillain
|-singleturn|p2a: Scovillain|move: Rage Powder
|move|p1a: Garchomp|Earthquake|p2b: Excadrill|[spread] p2a,p2b
|-activate|p1b: Whimsicott|move: Protect
|-supereffective|p2b: Excadrill|1
|-damage|p2a: Scovillain|0 fnt
|-enditem|p2b: Excadrill|Focus Sash
|-damage|p2b: Excadrill|1/100
|-status|p1a: Garchomp|brn|[from] ability: Spicy Spray|[of] p2a: Scovillain
|faint|p2a: Scovillain
|-damage|p1a: Garchomp|71/100 brn|[from] item: Life Orb
|move|p2b: Excadrill|Iron Head|p1b: Whimsicott
|-activate|p1b: Whimsicott|move: Protect
|
|-damage|p1a: Garchomp|64/100 brn|[from] brn
|upkeep
|
|t:|1783553375
|switch|p2a: Tyranitar|Tyranitar, L50, M|100/100
|-weather|Sandstorm|[from] ability: Sand Stream|[of] p2a: Tyranitar
|turn|4
|
|t:|1783553381
|move|p1b: Whimsicott|Protect|p1b: Whimsicott
|-singleturn|p1b: Whimsicott|Protect
|move|p1a: Garchomp|Earthquake|p2b: Excadrill|[spread] p2a,p2b
|-activate|p1b: Whimsicott|move: Protect
|-supereffective|p2a: Tyranitar|1
|-supereffective|p2b: Excadrill|1
|-damage|p2a: Tyranitar|53/100
|-damage|p2b: Excadrill|0 fnt
|faint|p2b: Excadrill
|-damage|p1a: Garchomp|55/100 brn|[from] item: Life Orb
|move|p2a: Tyranitar|Rock Slide|p1b: Whimsicott|[spread] 
|-activate|p1b: Whimsicott|move: Protect
|-miss|p2a: Tyranitar|p1a: Garchomp
|
|-weather|Sandstorm|[upkeep]
|-damage|p1b: Whimsicott|57/100|[from] Sandstorm
|-damage|p1a: Garchomp|49/100 brn|[from] brn
|-sideend|p1: NightshadeAI|move: Tailwind
|upkeep
|turn|5
|
|t:|1783553385
|move|p1b: Whimsicott|Moonblast|p2a: Tyranitar
|-supereffective|p2a: Tyranitar|1
|-damage|p2a: Tyranitar|18/100
|move|p1a: Garchomp|Earthquake|p2a: Tyranitar|[spread] p1b,p2a
|-resisted|p1b: Whimsicott|1
|-supereffective|p2a: Tyranitar|1
|-damage|p1b: Whimsicott|41/100
|-damage|p2a: Tyranitar|0 fnt
|faint|p2a: Tyranitar
|-damage|p1a: Garchomp|39/100 brn|[from] item: Life Orb
|
|win|NightshadeAI
|raw|NightshadeAI's rating: 1120 → 1148(+28 for winning)
|raw|keahi's rating: 1168 → 1140(-28 for losing)
