|j|☆uglybeast
|j|☆Goodwyn
|html|uglybeastGoodwyn    
|uhtml|bestof|Game 2 of a best-of-3
|t:|1756935945
|gametype|doubles
|player|p1|uglybeast|lucas|1322
|player|p2|Goodwyn|102|1212
|gen|9
|tier|[Gen 9] VGC 2025 Reg H (Bo3)
|rated|
|rule|Species Clause: Limit one of each Pokémon
|rule|Item Clause: Limit 1 of each item
|clearpoke
|poke|p1|Murkrow, L50, M|
|poke|p1|Ursaluna-Bloodmoon, L50, M|
|poke|p1|Sneasler, L50, F|
|poke|p1|Dragapult, L50, F|
|poke|p1|Armarouge, L50, M|
|poke|p1|Indeedee-F, L50, F|
|poke|p2|Indeedee, L50, M|
|poke|p2|Sneasler, L50, F|
|poke|p2|Gholdengo, L50|
|poke|p2|Smeargle, L50, M|
|poke|p2|Volcarona, L50, F|
|poke|p2|Incineroar, L50, F|
|teampreview|4
|showteam|p1|Murkrow||Eviolite|Prankster|Haze,SunnyDay,Tailwind,BraveBird|||M|||50|,,,,,Ghost]Ursaluna-Bloodmoon||LifeOrb|MindsEye|BloodMoon,HyperVoice,Protect,EarthPower|||M|||50|,,,,,Normal]Sneasler||PsychicSeed|Unburden|ThroatChop,DireClaw,CloseCombat,Protect|||F|||50|,,,,,Dark]Dragapult||ChoiceBand|ClearBody|DragonDarts,Outrage,Uturn,PhantomForce|||F|||50|,,,,,Dragon]Armarouge||PowerHerb|FlashFire|HeatWave,MeteorBeam,ExpandingForce,Protect|||M|||50|,,,,,Grass]Indeedee-F||RockyHelmet|PsychicSurge|DazzlingGleam,FollowMe,HelpingHand,TrickRoom|||F|||50|,,,,,Grass
|showteam|p2|Indeedee||ChoiceScarf|PsychicSurge|ExpandingForce,TeraBlast,Trick,Protect|||M|||50|,,,,,Psychic]Sneasler||PsychicSeed|Unburden|ThroatChop,DireClaw,CloseCombat,Protect|||F|||50|,,,,,Dark]Gholdengo||LifeOrb|GoodasGold|MakeItRain,ShadowBall,NastyPlot,Protect||||||50|,,,,,Dragon]Smeargle||FocusSash|Moody|FollowMe,Spore,SaltCure,SpikyShield|||M|||50|,,,,,Grass]Volcarona||Leftovers|FlameBody|TeraBlast,HeatWave,QuiverDance,Protect|||F|||50|,,,,,Water]Incineroar||AssaultVest|Intimidate|FlareBlitz,KnockOff,FakeOut,Uturn|||F|||50|,,,,,Grass
|
|t:|1756935981
|teamsize|p1|4
|teamsize|p2|4
|start
|switch|p1a: Giandam|Armarouge, L50, M|100/100
|switch|p1b: Blade|Indeedee-F, L50, F|100/100
|switch|p2a: Smeargle|Smeargle, L50, M|100/100
|switch|p2b: Gholdengo|Gholdengo, L50|100/100
|-fieldstart|move: Psychic Terrain|[from] ability: Psychic Surge|[of] p1b: Blade
|turn|1
|
|t:|1756936021
|-terastallize|p1b: Blade|Grass
|move|p1b: Blade|Follow Me|p1b: Blade
|-singleturn|p1b: Blade|move: Follow Me
|move|p2b: Gholdengo|Make It Rain|p1a: Giandam|[spread] p1a,p1b
|-resisted|p1a: Giandam
|-damage|p1a: Giandam|60/100
|-damage|p1b: Blade|46/100
|-unboost|p2b: Gholdengo|spa|1
|-damage|p2b: Gholdengo|91/100|[from] item: Life Orb
|move|p2a: Smeargle|Spore|p1b: Blade
|-immune|p1b: Blade
|move|p1a: Giandam|Heat Wave|p2a: Smeargle|[spread] p2a,p2b
|-supereffective|p2b: Gholdengo
|-damage|p2a: Smeargle|22/100
|-damage|p2b: Gholdengo|13/100
|
|-ability|p2a: Smeargle|Moody|boost
|-boost|p2a: Smeargle|spa|2
|-unboost|p2a: Smeargle|def|1
|upkeep
|turn|2
|inactive|Battle timer is ON: inactive players will automatically lose when time's up. (requested by Goodwyn)
|
|t:|1756936081
|move|p1b: Blade|Follow Me|p1b: Blade
|-singleturn|p1b: Blade|move: Follow Me
|move|p2b: Gholdengo|Make It Rain|p1b: Blade|[spread] p1a,p1b
|-resisted|p1a: Giandam
|-damage|p1a: Giandam|34/100
|-damage|p1b: Blade|13/100
|-unboost|p2b: Gholdengo|spa|1
|-damage|p2b: Gholdengo|3/100|[from] item: Life Orb
|move|p1a: Giandam|Meteor Beam||[still]
|-prepare|p1a: Giandam|Meteor Beam
|-boost|p1a: Giandam|spa|1
|-enditem|p1a: Giandam|Power Herb
|-anim|p1a: Giandam|Meteor Beam|p2a: Smeargle
|-damage|p2a: Smeargle|0 fnt
|faint|p2a: Smeargle
|
|upkeep
|
|t:|1756936096
|switch|p2a: Sneasler|Sneasler, L50, F|100/100
|-enditem|p2a: Sneasler|Psychic Seed
|-boost|p2a: Sneasler|spd|1|[from] item: Psychic Seed
|turn|3
|
|t:|1756936108
|move|p1a: Giandam|Protect|p1a: Giandam
|-singleturn|p1a: Giandam|Protect
|move|p2a: Sneasler|Dire Claw|p1b: Blade
|-supereffective|p1b: Blade
|-damage|p1b: Blade|0 fnt
|-damage|p2a: Sneasler|84/100|[from] item: Rocky Helmet|[of] p1b: Blade
|faint|p1b: Blade
|move|p2b: Gholdengo|Shadow Ball|p1a: Giandam
|-activate|p1a: Giandam|move: Protect
|
|upkeep
|
|t:|1756936129
|switch|p1b: Anagnoman|Sneasler, L50, F|100/100
|-enditem|p1b: Anagnoman|Psychic Seed
|-boost|p1b: Anagnoman|spd|1|[from] item: Psychic Seed
|turn|4
|
|t:|1756936154
|switch|p2b: Incineroar|Incineroar, L50, F|100/100
|-ability|p2b: Incineroar|Intimidate|boost
|-unboost|p1a: Giandam|atk|1
|-unboost|p1b: Anagnoman|atk|1
|move|p2a: Sneasler|Throat Chop|p1a: Giandam
|-supereffective|p1a: Giandam
|-damage|p1a: Giandam|0 fnt
|faint|p1a: Giandam
|move|p1b: Anagnoman|Dire Claw|p2a: Sneasler
|-resisted|p2a: Sneasler
|-damage|p2a: Sneasler|59/100
|
|upkeep
|
|t:|1756936164
|switch|p1a: Laz|Dragapult, L50, F|100/100
|turn|5
|
|t:|1756936176
|switch|p2b: Gholdengo|Gholdengo, L50|3/100
|-terastallize|p2a: Sneasler|Dark
|move|p1b: Anagnoman|Dire Claw|p2a: Sneasler
|-damage|p2a: Sneasler|10/100
|-status|p2a: Sneasler|psn
|move|p2a: Sneasler|Throat Chop|p1a: Laz
|-supereffective|p1a: Laz
|-damage|p1a: Laz|0 fnt
|faint|p1a: Laz
|
|-damage|p2a: Sneasler|0 fnt|[from] psn
|faint|p2a: Sneasler
|-fieldend|move: Psychic Terrain
|upkeep
|
|t:|1756936193
|switch|p2a: Incineroar|Incineroar, L50, F|100/100
|-ability|p2a: Incineroar|Intimidate|boost
|-unboost|p1b: Anagnoman|atk|1
|turn|6
|
|t:|1756936211
|move|p1b: Anagnoman|Protect|p1b: Anagnoman
|-singleturn|p1b: Anagnoman|Protect
|move|p2a: Incineroar|Fake Out|p1b: Anagnoman
|-activate|p1b: Anagnoman|move: Protect
|move|p2b: Gholdengo|Make It Rain|p1b: Anagnoman
|-activate|p1b: Anagnoman|move: Protect
|
|upkeep
|turn|7
|
|t:|1756936232
|move|p1b: Anagnoman|Close Combat|p2a: Incineroar
|-supereffective|p2a: Incineroar
|-damage|p2a: Incineroar|41/100
|-unboost|p1b: Anagnoman|def|1
|-unboost|p1b: Anagnoman|spd|1
|move|p2b: Gholdengo|Make It Rain|p1b: Anagnoman
|-damage|p1b: Anagnoman|0 fnt
|-unboost|p2b: Gholdengo|spa|1
|faint|p1b: Anagnoman
|-damage|p2b: Gholdengo|0 fnt|[from] item: Life Orb
|faint|p2b: Gholdengo
|
|win|Goodwyn
|inactive|uglybeast has 30 seconds to confirm battle start!
|inactive|Goodwyn has 30 seconds to confirm battle start!
||uglybeast is ready for game 3.
|inactive|Goodwyn has 20 seconds to confirm battle start!
||Goodwyn is ready for game 3.
|uhtml|next|Next: Game 3 of 3
