|j|☆lets buy packs
|j|☆Novaku
|html|lets buy packsNovaku    
|uhtml|bestof|Game 2 of a best-of-3
|t:|1783893620
|gametype|doubles
|player|p1|lets buy packs|red-masters3|1089
|player|p2|Novaku|volkner|1000
|gen|9
|tier|[Gen 9 Champions] VGC 2026 Reg M-B (Bo3)
|rated|
|rule|Species Clause: Limit one of each Pokémon
|rule|Item Clause: Limit 1 of each item
|clearpoke
|poke|p1|Farigiraf, L50, F|
|poke|p1|Incineroar, L50, F|
|poke|p1|Gardevoir, L50, M, shiny|
|poke|p1|Torkoal, L50, M|
|poke|p1|Mudsdale, L50, M|
|poke|p1|Vivillon-Marine, L50, F|
|poke|p2|Tyranitar, L50, F|
|poke|p2|Milotic, L50, F, shiny|
|poke|p2|Gholdengo, L50|
|poke|p2|Staraptor, L50, M|
|poke|p2|Grimmsnarl, L50, M, shiny|
|poke|p2|Sinistcha, L50|
|teampreview|4
|showteam|p1|Farigiraf||ColburBerry|ArmorTail|Psychic,Thunderbolt,TrickRoom,Protect|Sassy||F|||50|]Incineroar||BlackGlasses|Intimidate|FakeOut,PartingShot,FlareBlitz,DarkestLariat|Adamant||F|||50|]Gardevoir||Gardevoirite|Telepathy|HyperVoice,Psychic,TrickRoom,Protect|Quiet||M|||50|]Torkoal||Charcoal|Drought|Eruption,Flamethrower,SolarBeam,Protect|Quiet||M|||50|]Mudsdale||LifeOrb|InnerFocus|Earthquake,HighHorsepower,RockSlide,HeavySlam|Brave||M|||50|]Vivillon-Marine||FocusSash|CompoundEyes|Hurricane,RagePowder,SleepPowder,Protect|Timid||F|||50|
|showteam|p2|Tyranitar||ChopleBerry|Unnerve|DragonDance,Protect,KnockOff,RockSlide|Jolly||F|||50|]Milotic||Leftovers|MarvelScale|Protect,Coil,Hypnosis,Scald|Bold||F|||50|]Gholdengo||FocusSash|GoodasGold|Protect,DazzlingGleam,ShadowBall,MakeItRain|Modest|||||50|]Staraptor||Staraptite|Intimidate|Protect,Tailwind,CloseCombat,DualWingbeat|Jolly||M|||50|]Grimmsnarl||LightClay|Prankster|Reflect,LightScreen,PartingShot,SpiritBreak|Impish||M|||50|]Sinistcha||OccaBerry|Hospitality|Protect,RagePowder,MatchaGotcha,StrengthSap|Bold|||||50|
|inactive|Battle timer is ON: inactive players will automatically lose when time's up. (requested by lets buy packs)
|inactive|Novaku has 60 seconds left.
|
|t:|1783893660
|teamsize|p1|4
|teamsize|p2|4
|start
|switch|p1a: Gardevoir|Gardevoir, L50, M, shiny|100/100
|switch|p1b: Farigiraf|Farigiraf, L50, F|100/100
|switch|p2a: Grimmsnarl|Grimmsnarl, L50, M, shiny|100/100
|switch|p2b: Gholdengo|Gholdengo, L50|100/100
|turn|1
|
|t:|1783893675
|switch|p1a: Torkoal|Torkoal, L50, M|100/100
|-weather|SunnyDay|[from] ability: Drought|[of] p1a: Torkoal
|move|p2a: Grimmsnarl|Light Screen|p2a: Grimmsnarl
|-sidestart|p2: Novaku|move: Light Screen
|move|p2b: Gholdengo|Shadow Ball|p1a: Torkoal
|-damage|p1a: Torkoal|35/100
|move|p1b: Farigiraf|Trick Room|p1b: Farigiraf
|-fieldstart|move: Trick Room|[of] p1b: Farigiraf
|
|-weather|SunnyDay|[upkeep]
|upkeep
|turn|2
|
|t:|1783893688
|move|p2b: Gholdengo|Protect|p2b: Gholdengo
|-singleturn|p2b: Gholdengo|Protect
|move|p2a: Grimmsnarl|Parting Shot||[still]
|cant|p1b: Farigiraf|ability: Armor Tail|Parting Shot|[of] p2a: Grimmsnarl
|move|p1a: Torkoal|Flamethrower|p2b: Gholdengo
|-activate|p2b: Gholdengo|move: Protect
|move|p1b: Farigiraf|Thunderbolt|p2b: Gholdengo
|-activate|p2b: Gholdengo|move: Protect
|
|-weather|SunnyDay|[upkeep]
|upkeep
|turn|3
|
|t:|1783893707
|switch|p2b: Milotic|Milotic, L50, F, shiny|100/100
|move|p2a: Grimmsnarl|Reflect|p2a: Grimmsnarl
|-sidestart|p2: Novaku|Reflect
|move|p1a: Torkoal|Flamethrower|p2b: Milotic
|-resisted|p2b: Milotic|1
|-damage|p2b: Milotic|81/100
|move|p1b: Farigiraf|Thunderbolt|p2b: Milotic
|-supereffective|p2b: Milotic|1
|-damage|p2b: Milotic|60/100
|
|-weather|SunnyDay|[upkeep]
|-heal|p2b: Milotic|66/100|[from] item: Leftovers
|upkeep
|turn|4
|
|t:|1783893724
|switch|p2a: Sinistcha|Sinistcha, L50|100/100
|-heal|p2b: Milotic|91/100|[from] ability: Hospitality|[of] p2a: Sinistcha
|move|p1a: Torkoal|Solar Beam||[still]
|-prepare|p1a: Torkoal|Solar Beam
|-anim|p1a: Torkoal|Solar Beam|p2b: Milotic
|-supereffective|p2b: Milotic|1
|-damage|p2b: Milotic|59/100
|move|p1b: Farigiraf|Thunderbolt|p2b: Milotic
|-supereffective|p2b: Milotic|1
|-damage|p2b: Milotic|36/100
|-status|p2b: Milotic|par
|move|p2b: Milotic|Coil|p2b: Milotic
|-boost|p2b: Milotic|atk|1
|-boost|p2b: Milotic|def|1
|-boost|p2b: Milotic|accuracy|1
|
|-weather|SunnyDay|[upkeep]
|-heal|p2b: Milotic|42/100 par|[from] item: Leftovers
|upkeep
|turn|5
|inactive|Novaku has 30 seconds left.
|
|t:|1783893751
|move|p2a: Sinistcha|Rage Powder|p2a: Sinistcha
|-singleturn|p2a: Sinistcha|move: Rage Powder
|move|p1a: Torkoal|Flamethrower|p2a: Sinistcha
|-supereffective|p2a: Sinistcha|1
|-enditem|p2a: Sinistcha|Occa Berry|[eat]
|-enditem|p2a: Sinistcha|Occa Berry|[weaken]
|-damage|p2a: Sinistcha|44/100
|move|p2b: Milotic|Hypnosis|p1b: Farigiraf
|-status|p1b: Farigiraf|slp|[from] move: Hypnosis
|cant|p1b: Farigiraf|slp
|
|-weather|none
|-heal|p2b: Milotic|48/100 par|[from] item: Leftovers
|-fieldend|move: Trick Room
|upkeep
|turn|6
|
|t:|1783893771
|switch|p1a: Vivillon|Vivillon-Marine, L50, F|100/100
|move|p2a: Sinistcha|Strength Sap|p1b: Farigiraf
|-unboost|p1b: Farigiraf|atk|1
|-heal|p2a: Sinistcha|100/100
|cant|p1b: Farigiraf|slp
|move|p2b: Milotic|Scald|p1a: Vivillon
|-damage|p1a: Vivillon|28/100
|
|-heal|p2b: Milotic|54/100 par|[from] item: Leftovers
|upkeep
|turn|7
|
|t:|1783893787
|switch|p2a: Grimmsnarl|Grimmsnarl, L50, M, shiny|100/100
|cant|p2b: Milotic|par
|move|p1a: Vivillon|Hurricane|p2a: Grimmsnarl
|-damage|p2a: Grimmsnarl|68/100
|-curestatus|p1b: Farigiraf|slp|[msg]
|move|p1b: Farigiraf|Trick Room|p1b: Farigiraf
|-fieldstart|move: Trick Room|[of] p1b: Farigiraf
|
|-heal|p2b: Milotic|60/100 par|[from] item: Leftovers
|upkeep
|turn|8
|
|t:|1783893810
|switch|p1a: Gardevoir|Gardevoir, L50, M, shiny|100/100
|cant|p2b: Milotic|par
|move|p1b: Farigiraf|Thunderbolt|p2b: Milotic
|-supereffective|p2b: Milotic|1
|-damage|p2b: Milotic|38/100 par
|move|p2a: Grimmsnarl|Spirit Break|p1a: Gardevoir
|-damage|p1a: Gardevoir|57/100
|-unboost|p1a: Gardevoir|spa|1
|
|-heal|p2b: Milotic|44/100 par|[from] item: Leftovers
|-sideend|p2: Novaku|move: Light Screen
|upkeep
|turn|9
|
|t:|1783893833
|detailschange|p1a: Gardevoir|Gardevoir-Mega, L50, M, shiny
|-mega|p1a: Gardevoir|Gardevoir|Gardevoirite
|move|p2b: Milotic|Protect|p2b: Milotic
|-singleturn|p2b: Milotic|Protect
|move|p2a: Grimmsnarl|Light Screen|p2a: Grimmsnarl
|-sidestart|p2: Novaku|move: Light Screen
|move|p1b: Farigiraf|Thunderbolt|p2b: Milotic
|-activate|p2b: Milotic|move: Protect
|move|p1a: Gardevoir|Hyper Voice|p2a: Grimmsnarl|[spread] p2a
|-activate|p2b: Milotic|move: Protect
|-supereffective|p2a: Grimmsnarl|1
|-damage|p2a: Grimmsnarl|22/100
|
|-heal|p2b: Milotic|50/100y par|[from] item: Leftovers
|upkeep
|turn|10
|
|t:|1783893854
|switch|p2a: Sinistcha|Sinistcha, L50|100/100
|-heal|p2b: Milotic|75/100 par|[from] ability: Hospitality|[of] p2a: Sinistcha
|move|p2b: Milotic|Scald|p1a: Gardevoir
|-damage|p1a: Gardevoir|29/100
|move|p1b: Farigiraf|Thunderbolt|p2b: Milotic
|-supereffective|p2b: Milotic|1
|-damage|p2b: Milotic|50/100g par
|move|p1a: Gardevoir|Hyper Voice|p2b: Milotic|[spread] p2a,p2b
|-damage|p2a: Sinistcha|75/100
|-damage|p2b: Milotic|36/100 par
|
|-heal|p2b: Milotic|42/100 par|[from] item: Leftovers
|-sideend|p2: Novaku|Reflect
|upkeep
|turn|11
|
|t:|1783893876
|move|p1a: Gardevoir|Protect|p1a: Gardevoir
|-singleturn|p1a: Gardevoir|Protect
|move|p2b: Milotic|Scald|p1a: Gardevoir
|-activate|p1a: Gardevoir|move: Protect
|move|p1b: Farigiraf|Psychic|p2a: Sinistcha
|-damage|p2a: Sinistcha|48/100
|move|p2a: Sinistcha|Matcha Gotcha|p1b: Farigiraf|[spread] p1b
|-activate|p1a: Gardevoir|move: Protect
|-damage|p1b: Farigiraf|79/100
|-heal|p2a: Sinistcha|61/100|[from] drain|[of] p1b: Farigiraf
|-status|p1b: Farigiraf|brn
|
|-heal|p2b: Milotic|48/100 par|[from] item: Leftovers
|-damage|p1b: Farigiraf|73/100 brn|[from] brn
|-fieldend|move: Trick Room
|upkeep
|turn|12
|
|t:|1783893890
|move|p2a: Sinistcha|Rage Powder|p2a: Sinistcha
|-singleturn|p2a: Sinistcha|move: Rage Powder
|move|p1a: Gardevoir|Hyper Voice|p2a: Sinistcha|[spread] p2a,p2b
|-damage|p2a: Sinistcha|34/100
|-damage|p2b: Milotic|33/100 par
|move|p2b: Milotic|Hypnosis|p1a: Gardevoir
|-status|p1a: Gardevoir|slp|[from] move: Hypnosis
|move|p1b: Farigiraf|Trick Room|p1b: Farigiraf
|-fieldstart|move: Trick Room|[of] p1b: Farigiraf
|
|-heal|p2b: Milotic|39/100 par|[from] item: Leftovers
|-damage|p1b: Farigiraf|67/100 brn|[from] brn
|upkeep
|turn|13
|
|t:|1783893909
|cant|p2b: Milotic|par
|move|p1b: Farigiraf|Psychic|p2a: Sinistcha
|-damage|p2a: Sinistcha|10/100
|move|p2a: Sinistcha|Strength Sap|p1b: Farigiraf
|-unboost|p1b: Farigiraf|atk|1
|-heal|p2a: Sinistcha|51/100
|cant|p1a: Gardevoir|slp
|
|-heal|p2b: Milotic|45/100 par|[from] item: Leftovers
|-damage|p1b: Farigiraf|61/100 brn|[from] brn
|upkeep
|turn|14
|
|t:|1783893929
|move|p2b: Milotic|Scald|p1a: Gardevoir
|-damage|p1a: Gardevoir|0 fnt
|faint|p1a: Gardevoir
|move|p1b: Farigiraf|Psychic|p2a: Sinistcha
|-damage|p2a: Sinistcha|23/100
|-unboost|p2a: Sinistcha|spd|1
|move|p2a: Sinistcha|Strength Sap|p1b: Farigiraf
|-unboost|p1b: Farigiraf|atk|1
|-heal|p2a: Sinistcha|54/100
|
|-heal|p2b: Milotic|51/100 par|[from] item: Leftovers
|-damage|p1b: Farigiraf|55/100 brn|[from] brn
|upkeep
|
|t:|1783893933
|switch|p1a: Torkoal|Torkoal, L50, M|35/100
|-weather|SunnyDay|[from] ability: Drought|[of] p1a: Torkoal
|turn|15
|
|t:|1783893949
|switch|p2b: Gholdengo|Gholdengo, L50|100/100
|move|p2a: Sinistcha|Protect|p2a: Sinistcha
|-singleturn|p2a: Sinistcha|Protect
|move|p1a: Torkoal|Flamethrower|p2a: Sinistcha
|-activate|p2a: Sinistcha|move: Protect
|move|p1b: Farigiraf|Thunderbolt|p2b: Gholdengo
|-crit|p2b: Gholdengo
|-damage|p2b: Gholdengo|65/100
|-status|p2b: Gholdengo|par
|
|-weather|SunnyDay|[upkeep]
|-damage|p1b: Farigiraf|48/100 brn|[from] brn
|upkeep
|turn|16
|
|t:|1783893969
|move|p2a: Sinistcha|Rage Powder|p2a: Sinistcha
|-singleturn|p2a: Sinistcha|move: Rage Powder
|move|p1a: Torkoal|Eruption|p2b: Gholdengo|[spread] p2a,p2b
|-supereffective|p2a: Sinistcha|1
|-supereffective|p2b: Gholdengo|1
|-damage|p2a: Sinistcha|0 fnt
|-damage|p2b: Gholdengo|27/100 par
|faint|p2a: Sinistcha
|move|p2b: Gholdengo|Make It Rain|p1b: Farigiraf|[spread] p1a,p1b
|-resisted|p1a: Torkoal|1
|-damage|p1a: Torkoal|2/100
|-damage|p1b: Farigiraf|6/100 brn
|-unboost|p2b: Gholdengo|spa|2
|move|p1b: Farigiraf|Thunderbolt|p2b: Gholdengo
|-damage|p2b: Gholdengo|13/100 par
|
|-weather|SunnyDay|[upkeep]
|-damage|p1b: Farigiraf|0 fnt|[from] brn
|faint|p1b: Farigiraf
|-sideend|p2: Novaku|move: Light Screen
|-fieldend|move: Trick Room
|upkeep
|
|t:|1783893987
|switch|p2a: Milotic|Milotic, L50, F, shiny|51/100 par
|switch|p1b: Vivillon|Vivillon-Marine, L50, F|28/100
|turn|17
|
|t:|1783894000
|move|p2b: Gholdengo|Protect|p2b: Gholdengo
|-singleturn|p2b: Gholdengo|Protect
|move|p1a: Torkoal|Protect|p1a: Torkoal
|-singleturn|p1a: Torkoal|Protect
|move|p1b: Vivillon|Hurricane|p2b: Gholdengo
|-activate|p2b: Gholdengo|move: Protect
|move|p2a: Milotic|Scald|p1b: Vivillon
|-damage|p1b: Vivillon|0 fnt
|faint|p1b: Vivillon
|
|-weather|SunnyDay|[upkeep]
|-heal|p2a: Milotic|57/100 par|[from] item: Leftovers
|upkeep
|turn|18
|-message|lets buy packs forfeited.
|
|win|Novaku
|raw|lets buy packs's rating: 1089 → 1060(-29 for losing)
|raw|Novaku's rating: 1000 → 1050(+50 for winning)
