|j|☆FreezyPop439
|j|☆failandimprove3
|html|FreezyPop439failandimprove3    
|uhtml|bestof|Game 1 of a best-of-3
|t:|1784024502
|gametype|doubles
|player|p1|FreezyPop439|collector|1358
|player|p2|failandimprove3|2|1442
|gen|9
|tier|[Gen 9 Champions] VGC 2026 Reg M-B (Bo3)
|rated|
|rule|Species Clause: Limit one of each Pokémon
|rule|Item Clause: Limit 1 of each item
|clearpoke
|poke|p1|Raichu, L50, M|
|poke|p1|Gyarados, L50, F|
|poke|p1|Mamoswine, L50, M|
|poke|p1|Ceruledge, L50, F|
|poke|p1|Clefable, L50, F|
|poke|p1|Kingambit, L50, F|
|poke|p2|Charizard, L50, F|
|poke|p2|Floette-Eternal, L50, F|
|poke|p2|Garchomp, L50, M|
|poke|p2|Kingambit, L50, F|
|poke|p2|Basculegion, L50, M|
|poke|p2|Whimsicott, L50, F|
|teampreview|4
|showteam|p1|Raichu||RaichuniteY|LightningRod|ZapCannon,FocusBlast,FakeOut,Protect|Timid||M|||50|]Gyarados||Gyaradosite|Intimidate|Waterfall,PowerWhip,DragonDance,Protect|Adamant||F|||50|]Mamoswine||LifeOrb|Oblivious|HighHorsepower,IceShard,IcicleCrash,Protect|Jolly||M|||50|]Ceruledge||ColburBerry|FlashFire|BitterBlade,ShadowSneak,BulkUp,Protect|Adamant||F|||50|]Clefable||SitrusBerry|Unaware|Moonblast,FollowMe,HelpingHand,Protect|Bold||F|||50|]Kingambit||FocusSash|Defiant|IronHead,KowtowCleave,SuckerPunch,LowKick|Adamant||F|||50|
|showteam|p2|Charizard||CharizarditeY|Blaze|HeatWave,WeatherBall,SolarBeam,Protect|Modest||F|||50|]Floette-Eternal||Floettite|FlowerVeil|Moonblast,DazzlingGleam,LightofRuin,Protect|Timid||F|||50|]Garchomp||LifeOrb|RoughSkin|Earthquake,DragonClaw,RockSlide,Protect|Jolly||M|||50|]Kingambit||OccaBerry|Defiant|KowtowCleave,SuckerPunch,IronHead,LowKick|Adamant||F|||50|]Basculegion||MysticWater|Adaptability|WaveCrash,LastRespects,AquaJet,Protect|Adamant||M|||50|]Whimsicott||FocusSash|Prankster|Moonblast,Tailwind,Encore,Protect|Timid||F|||50|
|inactive|Battle timer is ON: inactive players will automatically lose when time's up. (requested by failandimprove3)
|inactive|FreezyPop439 has 60 seconds left.
|inactive|failandimprove3 has 60 seconds left.
|
|t:|1784024558
|teamsize|p1|4
|teamsize|p2|4
|start
|switch|p1a: Raichu|Raichu, L50, M|100/100
|switch|p1b: Mamoswine|Mamoswine, L50, M|100/100
|switch|p2a: Kingambit|Kingambit, L50, F|100/100
|switch|p2b: Charizard|Charizard, L50, F|100/100
|turn|1
|
|t:|1784024582
|switch|p2a: Whimsicott|Whimsicott, L50, F|100/100
|move|p2b: Charizard|Protect|p2b: Charizard
|-singleturn|p2b: Charizard|Protect
|move|p1a: Raichu|Fake Out|p2b: Charizard
|-activate|p2b: Charizard|move: Protect
|move|p1b: Mamoswine|High Horsepower|p2a: Whimsicott
|-resisted|p2a: Whimsicott|1
|-damage|p2a: Whimsicott|51/100
|-damage|p1b: Mamoswine|90/100|[from] item: Life Orb
|
|upkeep
|turn|2
|inactive|FreezyPop439 has 30 seconds left.
|
|t:|1784024607
|switch|p1a: Gyarados|Gyarados, L50, F|100/100
|-ability|p1a: Gyarados|Intimidate|boost
|-unboost|p2a: Whimsicott|atk|1
|-unboost|p2b: Charizard|atk|1
|detailschange|p2b: Charizard|Charizard-Mega-Y, L50, F
|-mega|p2b: Charizard|Charizard|Charizardite Y
|-weather|SunnyDay|[from] ability: Drought|[of] p2b: Charizard
|move|p2a: Whimsicott|Tailwind|p2a: Whimsicott
|-sidestart|p2: failandimprove3|move: Tailwind
|move|p1b: Mamoswine|Ice Shard|p2a: Whimsicott
|-supereffective|p2a: Whimsicott|1
|-damage|p2a: Whimsicott|0 fnt
|faint|p2a: Whimsicott
|-damage|p1b: Mamoswine|80/100|[from] item: Life Orb
|move|p2b: Charizard|Weather Ball|p1a: Gyarados
|-resisted|p1a: Gyarados|1
|-damage|p1a: Gyarados|54/100
|
|-weather|SunnyDay|[upkeep]
|upkeep
|
|t:|1784024619
|switch|p2a: Kingambit|Kingambit, L50, F|100/100
|turn|3
|
|t:|1784024634
|move|p1a: Gyarados|Protect|p1a: Gyarados
|-singleturn|p1a: Gyarados|Protect
|move|p1b: Mamoswine|Ice Shard|p2b: Charizard
|-damage|p2b: Charizard|70/100
|-damage|p1b: Mamoswine|71/100|[from] item: Life Orb
|move|p2b: Charizard|Heat Wave|p1a: Gyarados|[spread] p1b
|-activate|p1a: Gyarados|move: Protect
|-supereffective|p1b: Mamoswine|1
|-damage|p1b: Mamoswine|0 fnt
|faint|p1b: Mamoswine
|move|p2a: Kingambit|Kowtow Cleave|p1a: Gyarados
|-activate|p1a: Gyarados|move: Protect
|
|-weather|SunnyDay|[upkeep]
|upkeep
|
|t:|1784024646
|switch|p1b: Raichu|Raichu, L50, M|100/100
|turn|4
|inactive|FreezyPop439 has 30 seconds left.
|
|t:|1784024678
|switch|p2b: Garchomp|Garchomp, L50, M|100/100
|move|p1b: Raichu|Fake Out|p2b: Garchomp
|-damage|p2b: Garchomp|91/100
|-damage|p1b: Raichu|87/100|[from] ability: Rough Skin|[of] p2b: Garchomp
|move|p2a: Kingambit|Kowtow Cleave|p1a: Gyarados
|-crit|p1a: Gyarados
|-damage|p1a: Gyarados|0 fnt
|faint|p1a: Gyarados
|
|-weather|SunnyDay|[upkeep]
|upkeep
|
|t:|1784024680
|switch|p1a: Kingambit|Kingambit, L50, F|100/100
|turn|5
|inactive|FreezyPop439 has 30 seconds left.
|inactive|failandimprove3 has 30 seconds left.
|
|t:|1784024713
|move|p1b: Raichu|Protect|p1b: Raichu
|-singleturn|p1b: Raichu|Protect
|move|p2b: Garchomp|Dragon Claw|p1a: Kingambit
|-resisted|p1a: Kingambit|1
|-damage|p1a: Kingambit|77/100
|-damage|p2b: Garchomp|81/100|[from] item: Life Orb
|move|p2a: Kingambit|Low Kick|p1a: Kingambit
|-supereffective|p1a: Kingambit|2
|-damage|p1a: Kingambit|0 fnt
|faint|p1a: Kingambit
|
|-weather|SunnyDay|[upkeep]
|-sideend|p2: failandimprove3|move: Tailwind
|upkeep
|turn|6
|
|t:|1784024721
|detailschange|p1b: Raichu|Raichu-Mega-Y, L50, M
|-mega|p1b: Raichu|Raichu|Raichunite Y
|move|p1b: Raichu|Focus Blast|p2b: Garchomp
|-damage|p2b: Garchomp|35/100
|move|p2b: Garchomp|Dragon Claw|p1b: Raichu
|-damage|p1b: Raichu|19/100
|-damage|p2b: Garchomp|25/100|[from] item: Life Orb
|move|p2a: Kingambit|Kowtow Cleave|p1b: Raichu
|-damage|p1b: Raichu|0 fnt
|faint|p1b: Raichu
|
|win|failandimprove3
||failandimprove3 is ready for game 2.
