|j|☆ferchoxx
|j|☆bagunks
|html|ferchoxxbagunks    
|uhtml|bestof|Game 1 of a best-of-3
|t:|1785716320
|gametype|doubles
|player|p1|ferchoxx|ghetsis|1319
|player|p2|bagunks|sage|1111
|gen|9
|tier|[Gen 9 Champions] VGC 2026 Reg M-B (Bo3)
|rated|
|rule|Species Clause: Limit one of each Pokémon
|rule|Item Clause: Limit 1 of each item
|clearpoke
|poke|p1|Tyranitar, L50, F|
|poke|p1|Staraptor, L50, M|
|poke|p1|Excadrill, L50, F|
|poke|p1|Gholdengo, L50|
|poke|p1|Milotic, L50, M|
|poke|p1|Sinistcha, L50|
|poke|p2|Farigiraf, L50, F|
|poke|p2|Scrafty, L50, M, shiny|
|poke|p2|Staraptor, L50, F|
|poke|p2|Sylveon, L50, F|
|poke|p2|Torkoal, L50, M, shiny|
|poke|p2|Vileplume, L50, F, shiny|
|teampreview|4
|showteam|p1|Tyranitar||Tyranitarite|SandStream|RockSlide,KnockOff,HighHorsepower,Protect|Adamant||F|||50|]Staraptor||Staraptite|Intimidate|BraveBird,CloseCombat,Tailwind,Protect|Jolly||M|||50|]Excadrill||FocusSash|SandRush|HighHorsepower,IronHead,RockSlide,Protect|Jolly||F|||50|]Gholdengo||LifeOrb|GoodasGold|MakeItRain,ShadowBall,NastyPlot,Protect|Timid|||||50|]Milotic||SitrusBerry|Competitive|Protect,IceBeam,Scald,IcyWind|Bold||M|||50|]Sinistcha||ColburBerry|Hospitality|MatchaGotcha,RagePowder,TrickRoom,Protect|Bold|||||50|
|showteam|p2|Farigiraf||SitrusBerry|ArmorTail|HelpingHand,Psychic,Thunderbolt,TrickRoom|Calm||F|||50|]Scrafty||Scraftinite|Intimidate|CloseCombat,FakeOut,IronHead,KnockOff|Brave||M|||50|]Staraptor||ChoiceScarf|Intimidate|BraveBird,CloseCombat,FinalGambit,Uturn|Adamant||F|||50|]Sylveon||FairyFeather|Pixilate|Detect,HyperBeam,HyperVoice,QuickAttack|Modest||F|||50|]Torkoal||Charcoal|Drought|AncientPower,Eruption,HeatWave,Protect|Quiet||M|||50|]Vileplume||FocusSash|Chlorophyll|AfterYou,LeafStorm,SleepPowder,SludgeBomb|Timid||F|||50|
|inactive|Battle timer is ON: inactive players will automatically lose when time's up. (requested by ferchoxx)
|
|t:|1785716361
|teamsize|p1|4
|teamsize|p2|4
|start
|switch|p1a: Excadrill|Excadrill, L50, F|100/100
|switch|p1b: Tyranitar|Tyranitar, L50, F|100/100
|switch|p2a: Farigiraf|Farigiraf, L50, F|100/100
|switch|p2b: Scrafty|Scrafty, L50, M, shiny|100/100
|-weather|Sandstorm|[from] ability: Sand Stream|[of] p1b: Tyranitar
|-ability|p2b: Scrafty|Intimidate|boost
|-unboost|p1a: Excadrill|atk|1
|-unboost|p1b: Tyranitar|atk|1
|turn|1
|inactive|ferchoxx has 30 seconds left.
|inactive|ferchoxx has 20 seconds left.
|
|t:|1785716397
|detailschange|p1b: Tyranitar|Tyranitar-Mega, L50, F
|-mega|p1b: Tyranitar|Tyranitar|Tyranitarite
|move|p1a: Excadrill|Iron Head|p2a: Farigiraf
|-damage|p2a: Farigiraf|70/100
|move|p1b: Tyranitar|Rock Slide|p2b: Scrafty|[spread] p2a,p2b
|-resisted|p2b: Scrafty|1
|-damage|p2a: Farigiraf|48/100
|-damage|p2b: Scrafty|88/100
|-enditem|p2a: Farigiraf|Sitrus Berry|[eat]
|-heal|p2a: Farigiraf|73/100|[from] item: Sitrus Berry
|move|p2b: Scrafty|Close Combat|p1b: Tyranitar
|-supereffective|p1b: Tyranitar|2
|-damage|p1b: Tyranitar|0 fnt
|-unboost|p2b: Scrafty|def|1
|-unboost|p2b: Scrafty|spd|1
|faint|p1b: Tyranitar
|cant|p2a: Farigiraf|flinch
|
|-weather|Sandstorm|[upkeep]
|-damage|p2a: Farigiraf|66/100|[from] Sandstorm
|-damage|p2b: Scrafty|82/100|[from] Sandstorm
|upkeep
|inactive|ferchoxx has 30 seconds left.
|
|t:|1785716423
|switch|p1b: Gholdengo|Gholdengo, L50|100/100
|turn|2
|inactive|ferchoxx has 30 seconds left.
|inactive|bagunks has 30 seconds left.
|inactive|ferchoxx has 20 seconds left.
|
|t:|1785716461
|switch|p2b: Torkoal|Torkoal, L50, M, shiny|100/100
|-weather|SunnyDay|[from] ability: Drought|[of] p2b: Torkoal
|move|p1a: Excadrill|High Horsepower|p2a: Farigiraf
|-damage|p2a: Farigiraf|33/100
|move|p1b: Gholdengo|Make It Rain|p2b: Torkoal|[spread] p2a,p2b
|-resisted|p2b: Torkoal|1
|-damage|p2a: Farigiraf|0 fnt
|-damage|p2b: Torkoal|61/100
|-unboost|p1b: Gholdengo|spa|2
|faint|p2a: Farigiraf
|-damage|p1b: Gholdengo|90/100|[from] item: Life Orb
|
|-weather|SunnyDay|[upkeep]
|upkeep
|
|t:|1785716476
|switch|p2a: Scrafty|Scrafty, L50, M, shiny|82/100
|-ability|p2a: Scrafty|Intimidate|boost
|-unboost|p1a: Excadrill|atk|1
|-unboost|p1b: Gholdengo|atk|1
|turn|3
|inactive|ferchoxx has 30 seconds left.
|
|t:|1785716502
|switch|p1a: Milotic|Milotic, L50, M|100/100
|move|p2a: Scrafty|Fake Out|p1a: Milotic
|-damage|p1a: Milotic|89/100
|move|p1b: Gholdengo|Make It Rain|p2b: Torkoal|[spread] p2a,p2b
|-resisted|p2b: Torkoal|1
|-damage|p2a: Scrafty|56/100
|-damage|p2b: Torkoal|41/100
|-unboost|p1b: Gholdengo|spa|2
|-damage|p1b: Gholdengo|81/100|[from] item: Life Orb
|move|p2b: Torkoal|Heat Wave|p1b: Gholdengo|[spread] p1a,p1b
|-resisted|p1a: Milotic|1
|-supereffective|p1b: Gholdengo|1
|-damage|p1a: Milotic|68/100
|-damage|p1b: Gholdengo|0 fnt
|faint|p1b: Gholdengo
|
|-weather|SunnyDay|[upkeep]
|upkeep
|
|t:|1785716517
|switch|p1b: Excadrill|Excadrill, L50, F|100/100
|turn|4
|
|t:|1785716541
|move|p1b: Excadrill|Iron Head|p2a: Scrafty
|-damage|p2a: Scrafty|20/100y
|move|p1a: Milotic|Ice Beam|p2a: Scrafty
|-damage|p2a: Scrafty|0 fnt
|faint|p2a: Scrafty
|move|p2b: Torkoal|Ancient Power|p1a: Milotic
|-damage|p1a: Milotic|56/100
|
|-weather|SunnyDay|[upkeep]
|upkeep
|
|t:|1785716550
|switch|p2a: Sylveon|Sylveon, L50, F|100/100
|turn|5
|
|t:|1785716565
|move|p1b: Excadrill|Protect|p1b: Excadrill
|-singleturn|p1b: Excadrill|Protect
|move|p1a: Milotic|Protect|p1a: Milotic
|-singleturn|p1a: Milotic|Protect
|move|p2a: Sylveon|Detect|p2a: Sylveon
|-singleturn|p2a: Sylveon|Protect
|move|p2b: Torkoal|Heat Wave|p1b: Excadrill|[spread] 
|-activate|p1a: Milotic|move: Protect
|-activate|p1b: Excadrill|move: Protect
|
|-weather|SunnyDay|[upkeep]
|upkeep
|turn|6
|
|t:|1785716583
|move|p1b: Excadrill|Iron Head|p2a: Sylveon
|-supereffective|p2a: Sylveon|1
|-damage|p2a: Sylveon|0 fnt
|faint|p2a: Sylveon
|move|p1a: Milotic|Ice Beam|p2b: Torkoal
|-resisted|p2b: Torkoal|1
|-damage|p2b: Torkoal|27/100
|move|p2b: Torkoal|Heat Wave|p1b: Excadrill|[spread] p1a,p1b
|-resisted|p1a: Milotic|1
|-supereffective|p1b: Excadrill|1
|-damage|p1a: Milotic|35/100
|-enditem|p1b: Excadrill|Focus Sash
|-damage|p1b: Excadrill|1/100
|-enditem|p1a: Milotic|Sitrus Berry|[eat]
|-heal|p1a: Milotic|60/100|[from] item: Sitrus Berry
|
|-weather|none
|upkeep
|turn|7
|
|t:|1785716599
|move|p2b: Torkoal|Protect|p2b: Torkoal
|-singleturn|p2b: Torkoal|Protect
|move|p1b: Excadrill|High Horsepower|p2b: Torkoal
|-activate|p2b: Torkoal|move: Protect
|move|p1a: Milotic|Scald|p2b: Torkoal
|-activate|p2b: Torkoal|move: Protect
|
|upkeep
|turn|8
|
|t:|1785716611
|move|p1b: Excadrill|High Horsepower|p2b: Torkoal
|-supereffective|p2b: Torkoal|1
|-damage|p2b: Torkoal|0 fnt
|faint|p2b: Torkoal
|
|win|ferchoxx
|l|☆bagunks
|player|p2|
||bagunks is ready for game 2.
