|j|☆gasaivgc
|j|☆YukiLayla
|html|gasaivgcYukiLayla    
|uhtml|bestof|Game 3 of a best-of-3
|t:|1756561170
|gametype|doubles
|player|p1|gasaivgc|plasmagruntf-gen5bw|
|player|p2|YukiLayla|hilda-wonderlauncher|
|gen|9
|tier|[Gen 9] VGC 2025 Reg H (Bo3)
|rule|Species Clause: Limit one of each Pokémon
|rule|Item Clause: Limit 1 of each item
|clearpoke
|poke|p1|Ninetales-Alola, L50, F|
|poke|p1|Farigiraf, L50, F|
|poke|p1|Ursaluna-Bloodmoon, L50, M|
|poke|p1|Annihilape, L50, F|
|poke|p1|Electabuzz, L50, M|
|poke|p1|Dragonite, L50, F|
|poke|p2|Archaludon, L50, F|
|poke|p2|Annihilape, L50, M|
|poke|p2|Basculegion, L50, M|
|poke|p2|Rillaboom, L50, F|
|poke|p2|Whimsicott, L50, M|
|poke|p2|Pelipper, L50, M|
|teampreview|4
|showteam|p1|Ninetales-Alola||LightClay|SnowWarning|Protect,IcicleSpear,AuroraVeil,Blizzard|||F|||50|,,,,,Ghost]Farigiraf||ThroatSpray|ArmorTail|Protect,HyperVoice,Psychic,TrickRoom|||F|||50|,,,,,Grass]Ursaluna-Bloodmoon||LifeOrb|MindsEye|Protect,HyperVoice,BloodMoon,EarthPower|||M|||50|,,,,,Normal]Annihilape||AssaultVest|Defiant|RageFist,DrainPunch,Uturn,RockSlide|||F|||50|,,,,,Water]Electabuzz||Eviolite|VitalSpirit|Electroweb,FollowMe,Thunderbolt,Taunt|||M|||50|,,,,,Bug]Dragonite||Leftovers|InnerFocus|Tailwind,TeraBlast,DragonClaw,ExtremeSpeed|||F|||50|,,,,,Flying
|showteam|p2|Archaludon||AssaultVest|Stamina|ElectroShot,DragonPulse,FlashCannon,BodyPress|||F|||50|,,,,,Bug]Annihilape||SafetyGoggles|Defiant|RageFist,CloseCombat,FinalGambit,Protect|||M|||50|,,,,,Fire]Basculegion||MysticWater|Adaptability|WaveCrash,LastRespects,AquaJet,Protect|||M|||50|,,,,,Water]Rillaboom||LoadedDice|GrassySurge|FakeOut,GrassyGlide,BulletSeed,Protect|||F|||50|,,,,,Fire]Whimsicott||CovertCloak|Prankster|Moonblast,BeatUp,Tailwind,Encore|||M|||50|,,,,,Water]Pelipper||FocusSash|Drizzle|WeatherBall,Hurricane,Tailwind,Protect|||M|||50|,,,,,Stellar
|
|t:|1756561262
|teamsize|p1|4
|teamsize|p2|4
|start
|switch|p1a: Dragonite|Dragonite, L50, F|100/100
|switch|p1b: Annihilape|Annihilape, L50, F|100/100
|switch|p2a: Monke|Rillaboom, L50, F, shiny|100/100
|switch|p2b: Suijin|Basculegion, L50, M|100/100
|-fieldstart|move: Grassy Terrain|[from] ability: Grassy Surge|[of] p2a: Monke
|turn|1
|
|t:|1756561346
|-terastallize|p2b: Suijin|Water
|move|p1a: Dragonite|Tailwind|p1a: Dragonite
|-sidestart|p1: gasaivgc|move: Tailwind
|move|p1b: Annihilape|Rage Fist|p2b: Suijin
|-damage|p2b: Suijin|68/100
|move|p2b: Suijin|Wave Crash|p1a: Dragonite
|-resisted|p1a: Dragonite
|-crit|p1a: Dragonite
|-damage|p1a: Dragonite|5/100
|-damage|p2b: Suijin|41/100|[from] Recoil
|move|p2a: Monke|Bullet Seed|p1b: Annihilape
|-damage|p1b: Annihilape|85/100
|-damage|p1b: Annihilape|69/100
|-damage|p1b: Annihilape|53/100
|-damage|p1b: Annihilape|36/100
|-damage|p1b: Annihilape|21/100
|-hitcount|p1b: Annihilape|5
|
|-heal|p1a: Dragonite|11/100|[from] item: Leftovers
|-heal|p1b: Annihilape|27/100|[from] Grassy Terrain
|-heal|p2b: Suijin|47/100|[from] Grassy Terrain
|upkeep
|turn|2
|
|t:|1756561385
|switch|p1b: Ninetales|Ninetales-Alola, L50, F|100/100
|-weather|Snowscape|[from] ability: Snow Warning|[of] p1b: Ninetales
|move|p2b: Suijin|Protect|p2b: Suijin
|-singleturn|p2b: Suijin|Protect
|move|p1a: Dragonite|Extreme Speed|p2b: Suijin
|-activate|p2b: Suijin|move: Protect
|move|p2a: Monke|Grassy Glide|p1b: Ninetales
|-damage|p1b: Ninetales|71/100
|
|-weather|Snowscape|[upkeep]
|-heal|p1b: Ninetales|77/100|[from] Grassy Terrain
|-heal|p1a: Dragonite|17/100|[from] item: Leftovers
|-heal|p2b: Suijin|53/100|[from] Grassy Terrain
|upkeep
|turn|3
|
|t:|1756561415
|switch|p2a: Pleppy|Pelipper, L50, M|100/100
|-weather|RainDance|[from] ability: Drizzle|[of] p2a: Pleppy
|move|p1a: Dragonite|Extreme Speed|p2b: Suijin
|-damage|p2b: Suijin|11/100
|move|p2b: Suijin|Aqua Jet|p1a: Dragonite
|-resisted|p1a: Dragonite
|-damage|p1a: Dragonite|0 fnt
|faint|p1a: Dragonite
|move|p1b: Ninetales|Aurora Veil||[still]
|-fail|p1b: Ninetales
|
|-weather|RainDance|[upkeep]
|-heal|p1b: Ninetales|83/100|[from] Grassy Terrain
|-heal|p2b: Suijin|17/100|[from] Grassy Terrain
|upkeep
|
|t:|1756561435
|switch|p1a: Annihilape|Annihilape, L50, F|27/100
|turn|4
|
|t:|1756561470
|switch|p1b: Ursaluna|Ursaluna-Bloodmoon, L50, M|100/100
|-terastallize|p1a: Annihilape|Water
|move|p2b: Suijin|Aqua Jet|p1a: Annihilape
|-resisted|p1a: Annihilape
|-damage|p1a: Annihilape|3/100
|move|p1a: Annihilape|Rage Fist|p2b: Suijin
|-damage|p2b: Suijin|0 fnt
|faint|p2b: Suijin
|move|p2a: Pleppy|Weather Ball|p1b: Ursaluna
|-supereffective|p1b: Ursaluna
|-damage|p1b: Ursaluna|0 fnt
|faint|p1b: Ursaluna
|
|-weather|RainDance|[upkeep]
|-heal|p1a: Annihilape|9/100|[from] Grassy Terrain
|-sideend|p1: gasaivgc|move: Tailwind
|upkeep
|
|t:|1756561488
|switch|p2b: Monke|Rillaboom, L50, F, shiny|100/100
|switch|p1b: Ninetales|Ninetales-Alola, L50, F|83/100
|-weather|Snowscape|[from] ability: Snow Warning|[of] p1b: Ninetales
|turn|5
|
|t:|1756561504
|switch|p2a: Millau|Archaludon, L50, F, shiny|100/100
|move|p2b: Monke|Grassy Glide|p1a: Annihilape
|-supereffective|p1a: Annihilape
|-damage|p1a: Annihilape|0 fnt
|faint|p1a: Annihilape
|move|p1b: Ninetales|Blizzard|p2a: Millau|[spread] p2a,p2b
|-supereffective|p2b: Monke
|-damage|p2a: Millau|79/100
|-damage|p2b: Monke|41/100
|-ability|p2a: Millau|Stamina|boost
|-boost|p2a: Millau|def|1
|
|-weather|Snowscape|[upkeep]
|-heal|p1b: Ninetales|89/100|[from] Grassy Terrain
|-heal|p2b: Monke|47/100|[from] Grassy Terrain
|-heal|p2a: Millau|85/100|[from] Grassy Terrain
|-fieldend|move: Grassy Terrain
|upkeep
|turn|6
|
|t:|1756561522
|switch|p2b: Pleppy|Pelipper, L50, M|100/100
|-weather|RainDance|[from] ability: Drizzle|[of] p2b: Pleppy
|move|p1b: Ninetales|Blizzard|p2a: Millau|[spread] p2a,p2b
|-crit|p2b: Pleppy
|-damage|p2a: Millau|64/100
|-damage|p2b: Pleppy|27/100
|-ability|p2a: Millau|Stamina|boost
|-boost|p2a: Millau|def|1
|move|p2a: Millau|Flash Cannon|p1b: Ninetales
|-supereffective|p1b: Ninetales
|-damage|p1b: Ninetales|0 fnt
|faint|p1b: Ninetales
|
|win|YukiLayla
|l|☆gasaivgc
|player|p1|
