|j|☆Advertisementish
|j|☆lucasmalt
|html|Advertisementishlucasmalt    
|uhtml|bestof|Game 1 of a best-of-3
|t:|1785350518
|gametype|doubles
|player|p1|Advertisementish|ghetsis|1322
|player|p2|lucasmalt|266|1396
|gen|9
|tier|[Gen 9 Champions] VGC 2026 Reg M-B (Bo3)
|rated|
|rule|Species Clause: Limit one of each Pokémon
|rule|Item Clause: Limit 1 of each item
|clearpoke
|poke|p1|Pyroar, L50, M|
|poke|p1|Ninetales, L50, F|
|poke|p1|Whimsicott, L50, F|
|poke|p1|Floette-Eternal, L50, F|
|poke|p1|Basculegion, L50, M|
|poke|p1|Farigiraf, L50, M|
|poke|p2|Tyranitar, L50, F, shiny|
|poke|p2|Excadrill, L50, M, shiny|
|poke|p2|Gholdengo, L50|
|poke|p2|Sinistcha, L50, shiny|
|poke|p2|Milotic, L50, F, shiny|
|poke|p2|Staraptor, L50, F, shiny|
|teampreview|4
|showteam|p1|Pyroar||Pyroarite|Unnerve|HeatWave,Overheat,SolarBeam,Protect|Timid||M|||50|]Ninetales||ChoiceScarf|Drought|HeatWave,Overheat,SolarBeam,FakeTears|Modest||F|||50|]Whimsicott||FocusSash|Prankster|Moonblast,Tailwind,SunnyDay,Protect|Timid||F|||50|]Floette-Eternal||Floettite|FlowerVeil|Moonblast,LightofRuin,DazzlingGleam,Protect|Modest||F|||50|]Basculegion||LifeOrb|Adaptability|WaveCrash,LastRespects,AquaJet,Protect|Adamant||M|||50|]Farigiraf||SitrusBerry|ArmorTail|Psychic,Thunderbolt,TrickRoom,HelpingHand|Bold||M|||50|
|showteam|p2|Tyranitar||Tyranitarite|SandStream|RockSlide,KnockOff,LowKick,Protect|Adamant||F|||50|]Excadrill||FocusSash|SandRush|IronHead,HighHorsepower,RockSlide,Protect|Adamant||M|||50|]Gholdengo||LifeOrb|GoodasGold|ShadowBall,MakeItRain,NastyPlot,Protect|Modest|||||50|]Sinistcha||ColburBerry|Hospitality|MatchaGotcha,RagePowder,TrickRoom,Protect|Bold|||||50|]Milotic||SitrusBerry|Competitive|Scald,IceBeam,Recover,Protect|Modest||F|||50|]Staraptor||Staraptite|Intimidate|BraveBird,CloseCombat,Tailwind,Protect|Jolly||F|||50|
|inactive|Battle timer is ON: inactive players will automatically lose when time's up. (requested by Advertisementish)
|inactive|lucasmalt has 60 seconds left.
|
|t:|1785350559
|teamsize|p1|4
|teamsize|p2|4
|start
|switch|p1a: Whimsicott|Whimsicott, L50, F|100/100
|switch|p1b: Basculegion|Basculegion, L50, M|100/100
|switch|p2a: Staraptor|Staraptor, L50, F, shiny|100/100
|switch|p2b: Tyranitar|Tyranitar, L50, F, shiny|100/100
|-ability|p2a: Staraptor|Intimidate|boost
|-unboost|p1a: Whimsicott|atk|1
|-unboost|p1b: Basculegion|atk|1
|-weather|Sandstorm|[from] ability: Sand Stream|[of] p2b: Tyranitar
|turn|1
|inactive|lucasmalt has 30 seconds left.
|
|t:|1785350591
|switch|p2a: Milotic|Milotic, L50, F, shiny|100/100
|move|p1a: Whimsicott|Tailwind|p1a: Whimsicott
|-sidestart|p1: Advertisementish|move: Tailwind
|move|p1b: Basculegion|Wave Crash|p2b: Tyranitar
|-supereffective|p2b: Tyranitar|1
|-damage|p2b: Tyranitar|0 fnt
|faint|p2b: Tyranitar
|-damage|p1b: Basculegion|67/100|[from] Recoil
|-damage|p1b: Basculegion|58/100|[from] item: Life Orb
|
|-weather|Sandstorm|[upkeep]
|-damage|p1a: Whimsicott|94/100|[from] Sandstorm
|-damage|p1b: Basculegion|52/100|[from] Sandstorm
|-damage|p2a: Milotic|94/100|[from] Sandstorm
|upkeep
|
|t:|1785350600
|switch|p2b: Staraptor|Staraptor, L50, F, shiny|100/100
|-ability|p2b: Staraptor|Intimidate|boost
|-unboost|p1a: Whimsicott|atk|1
|-unboost|p1b: Basculegion|atk|1
|turn|2
|inactive|lucasmalt has 30 seconds left.
|inactive|lucasmalt has 20 seconds left.
|inactive|lucasmalt has 15 seconds left.
|inactive|lucasmalt has 10 seconds left.
|
|t:|1785350647
|detailschange|p2b: Staraptor|Staraptor-Mega, L50, F, shiny
|-mega|p2b: Staraptor|Staraptor|Staraptite
|move|p1a: Whimsicott|Moonblast|p2b: Staraptor
|-supereffective|p2b: Staraptor|1
|-damage|p2b: Staraptor|24/100
|move|p1b: Basculegion|Wave Crash|p2b: Staraptor
|-damage|p2b: Staraptor|0 fnt
|faint|p2b: Staraptor
|-damage|p1b: Basculegion|44/100|[from] Recoil
|-damage|p1b: Basculegion|35/100|[from] item: Life Orb
|move|p2a: Milotic|Ice Beam|p1a: Whimsicott
|-supereffective|p1a: Whimsicott|1
|-damage|p1a: Whimsicott|16/100
|
|-weather|Sandstorm|[upkeep]
|-damage|p1a: Whimsicott|10/100|[from] Sandstorm
|-damage|p1b: Basculegion|29/100|[from] Sandstorm
|-damage|p2a: Milotic|88/100|[from] Sandstorm
|upkeep
|
|t:|1785350655
|switch|p2b: Excadrill|Excadrill, L50, M, shiny|100/100
|turn|3
|
|t:|1785350663
|move|p1b: Basculegion|Aqua Jet|p2b: Excadrill
|-supereffective|p2b: Excadrill|1
|-damage|p2b: Excadrill|44/100
|-damage|p1b: Basculegion|19/100|[from] item: Life Orb
|move|p1a: Whimsicott|Moonblast|p2b: Excadrill
|-resisted|p2b: Excadrill|1
|-damage|p2b: Excadrill|20/100y
|move|p2b: Excadrill|Rock Slide|p1a: Whimsicott|[spread] p1b
|-miss|p2b: Excadrill|p1a: Whimsicott
|-damage|p1b: Basculegion|0 fnt
|faint|p1b: Basculegion
|move|p2a: Milotic|Scald|p1a: Whimsicott
|-resisted|p1a: Whimsicott|1
|-damage|p1a: Whimsicott|0 fnt
|faint|p1a: Whimsicott
|
|-weather|Sandstorm|[upkeep]
|-damage|p2a: Milotic|82/100|[from] Sandstorm
|upkeep
|
|t:|1785350667
|switch|p1a: Floette|Floette-Eternal, L50, F|100/100
|switch|p1b: Ninetales|Ninetales, L50, F|100/100
|-weather|SunnyDay|[from] ability: Drought|[of] p1b: Ninetales
|turn|4
|
|t:|1785350675
|detailschange|p1a: Floette|Floette-Mega, L50, F
|-mega|p1a: Floette|Floette|Floettite
|-ability|p1a: Floette|Fairy Aura
|move|p2b: Excadrill|Protect|p2b: Excadrill
|-singleturn|p2b: Excadrill|Protect
|move|p1b: Ninetales|Solar Beam||[still]
|-prepare|p1b: Ninetales|Solar Beam
|-anim|p1b: Ninetales|Solar Beam|p2a: Milotic
|-supereffective|p2a: Milotic|1
|-damage|p2a: Milotic|33/100
|-enditem|p2a: Milotic|Sitrus Berry|[eat]
|-heal|p2a: Milotic|58/100|[from] item: Sitrus Berry
|move|p1a: Floette|Dazzling Gleam|p2b: Excadrill|[spread] p2a
|-activate|p2b: Excadrill|move: Protect
|-damage|p2a: Milotic|19/100
|move|p2a: Milotic|Scald|p1b: Ninetales
|-supereffective|p1b: Ninetales|1
|-damage|p1b: Ninetales|62/100
|
|-weather|SunnyDay|[upkeep]
|-sideend|p1: Advertisementish|move: Tailwind
|upkeep
|turn|5
|
|t:|1785350692
|move|p2a: Milotic|Protect|p2a: Milotic
|-singleturn|p2a: Milotic|Protect
|move|p1b: Ninetales|Solar Beam||[still]
|-prepare|p1b: Ninetales|Solar Beam
|-anim|p1b: Ninetales|Solar Beam|p2a: Milotic
|-activate|p2a: Milotic|move: Protect
|move|p1a: Floette|Dazzling Gleam|p2b: Excadrill|[spread] p2b
|-activate|p2a: Milotic|move: Protect
|-resisted|p2b: Excadrill|1
|-damage|p2b: Excadrill|0 fnt
|faint|p2b: Excadrill
|
|-weather|SunnyDay|[upkeep]
|upkeep
|turn|6
|
|t:|1785350709
|move|p1b: Ninetales|Solar Beam||[still]
|-prepare|p1b: Ninetales|Solar Beam
|-anim|p1b: Ninetales|Solar Beam|p2a: Milotic
|-supereffective|p2a: Milotic|1
|-damage|p2a: Milotic|0 fnt
|faint|p2a: Milotic
|
|win|Advertisementish
||Advertisementish is ready for game 2.
