|j|☆YungDungBeetle
|j|☆chikondi
|html|YungDungBeetlechikondi    
|uhtml|bestof|Game 3 of a best-of-3
|t:|1756294205
|gametype|doubles
|player|p1|YungDungBeetle|n|1121
|player|p2|chikondi|galacticgruntf|1080
|gen|9
|tier|[Gen 9] VGC 2025 Reg H (Bo3)
|rated|
|rule|Species Clause: Limit one of each Pokémon
|rule|Item Clause: Limit 1 of each item
|clearpoke
|poke|p1|Rillaboom, L50, F|
|poke|p1|Arcanine-Hisui, L50, M|
|poke|p1|Baxcalibur, L50, M|
|poke|p1|Volcarona, L50, F|
|poke|p1|Annihilape, L50, M|
|poke|p1|Whimsicott, L50, M|
|poke|p2|Garchomp, L50, M|
|poke|p2|Jumpluff, L50, M|
|poke|p2|Torkoal, L50, F|
|poke|p2|Dragonite, L50, M|
|poke|p2|Kingambit, L50, F|
|poke|p2|Typhlosion-Hisui, L50, M|
|teampreview|4
|showteam|p1|Rillaboom||AssaultVest|GrassySurge|FakeOut,GrassyGlide,DrumBeating,HighHorsepower|||F|||50|,,,,,Fire]Arcanine-Hisui||ClearAmulet|Intimidate|RockSlide,FlareBlitz,ExtremeSpeed,Protect|||M|||50|,,,,,Ghost]Baxcalibur||LoadedDice|ThermalExchange|ScaleShot,IcicleSpear,IceShard,Protect|||M|||50|,,,,,Ghost]Volcarona||GrassySeed|FlameBody|HeatWave,QuiverDance,Protect,GigaDrain|||F|||50|,,,,,Grass]Annihilape||FocusSash|Defiant|CloseCombat,RageFist,Coaching,Taunt|||M|||50|,,,,,Grass]Whimsicott||CovertCloak|Prankster|Tailwind,Moonblast,SunnyDay,WorrySeed|||M|||50|,,,,,Water
|showteam|p2|Garchomp||LifeOrb|RoughSkin|Earthquake,DragonClaw,StompingTantrum,Protect|||M|||50|,,,,,Fire]Jumpluff||CovertCloak|Chlorophyll|LeafStorm,SleepPowder,Encore,Tailwind|||M|||50|,,,,,Poison]Torkoal||EjectPack|Drought|Overheat,BurningJealousy,HelpingHand,Protect|||F|||50|,,,,,Flying]Dragonite||LoadedDice|Multiscale|ScaleShot,ExtremeSpeed,IceSpinner,Protect|||M|||50|,,,,,Fairy]Kingambit||AssaultVest|Defiant|IronHead,SuckerPunch,Assurance,LowKick|||F|||50|,,,,,Flying]Typhlosion-Hisui||ChoiceSpecs|Blaze|Eruption,ShadowBall,HeatWave,Overheat|||M|||50|,,,,,Fire
|inactive|Battle timer is ON: inactive players will automatically lose when time's up. (requested by YungDungBeetle)
|c|☆YungDungBeetle|Good luck have fun
|l|☆YungDungBeetle
|inactive|YungDungBeetle disconnected and has a minute to reconnect!
|player|p1|
|inactive|chikondi has 60 seconds left.
|
|t:|1756294335
|teamsize|p1|4
|teamsize|p2|4
|start
|switch|p1a: Whimsicott|Whimsicott, L50, M|100/100
|switch|p1b: REDRUM|Arcanine-Hisui, L50, M|100/100
|switch|p2a: Garchomp|Garchomp, L50, M|100/100
|switch|p2b: Kingambit|Kingambit, L50, F|100/100
|-ability|p1b: REDRUM|Intimidate|boost
|-unboost|p2a: Garchomp|atk|1
|-unboost|p2b: Kingambit|atk|1
|-ability|p2b: Kingambit|Defiant|boost
|-boost|p2b: Kingambit|atk|2
|turn|1
|j|☆YungDungBeetle
|inactive|YungDungBeetle reconnected and has 55 seconds left.
|player|p1|YungDungBeetle|n|
|inactive|YungDungBeetle has 30 seconds left.
|inactive|chikondi has 30 seconds left.
|inactive|chikondi has 20 seconds left.
|inactive|chikondi has 15 seconds left.
|inactive|chikondi has 10 seconds left.
|
|t:|1756294382
|-terastallize|p2b: Kingambit|Flying
|move|p1b: REDRUM|Protect|p1b: REDRUM
|-singleturn|p1b: REDRUM|Protect
|move|p1a: Whimsicott|Tailwind|p1a: Whimsicott
|-sidestart|p1: YungDungBeetle|move: Tailwind
|move|p2b: Kingambit|Sucker Punch||[still]
|-fail|p2b: Kingambit
|move|p2a: Garchomp|Earthquake|p1a: Whimsicott|[spread] p1a
|-activate|p1b: REDRUM|move: Protect
|-immune|p2b: Kingambit
|-resisted|p1a: Whimsicott
|-damage|p1a: Whimsicott|86/100
|-damage|p2a: Garchomp|91/100|[from] item: Life Orb
|
|upkeep
|turn|2
|
|t:|1756294404
|switch|p1b: Six Wing Steppa|Volcarona, L50, F|100/100
|move|p2b: Kingambit|Sucker Punch||[still]
|-fail|p2b: Kingambit
|move|p1a: Whimsicott|Moonblast|p2a: Garchomp
|-supereffective|p2a: Garchomp
|-damage|p2a: Garchomp|34/100
|-unboost|p2a: Garchomp|spa|1
|move|p2a: Garchomp|Earthquake|p1b: Six Wing Steppa|[spread] p1a,p1b
|-immune|p2b: Kingambit
|-resisted|p1a: Whimsicott
|-damage|p1a: Whimsicott|72/100
|-damage|p1b: Six Wing Steppa|62/100
|-damage|p2a: Garchomp|24/100|[from] item: Life Orb
|
|upkeep
|turn|3
|inactive|YungDungBeetle has 30 seconds left.
|
|t:|1756294435
|move|p2a: Garchomp|Protect|p2a: Garchomp
|-singleturn|p2a: Garchomp|Protect
|move|p1a: Whimsicott|Sunny Day|p1a: Whimsicott
|-weather|SunnyDay
|move|p1b: Six Wing Steppa|Heat Wave|p2a: Garchomp|[spread] p2b
|-activate|p2a: Garchomp|move: Protect
|-damage|p2b: Kingambit|66/100
|move|p2b: Kingambit|Iron Head|p1a: Whimsicott
|-supereffective|p1a: Whimsicott
|-damage|p1a: Whimsicott|0 fnt
|faint|p1a: Whimsicott
|
|-weather|SunnyDay|[upkeep]
|upkeep
|
|t:|1756294445
|switch|p1a: BIG BODY BENZ|Baxcalibur, L50, M|100/100
|turn|4
|inactive|chikondi has 30 seconds left.
|inactive|chikondi has 20 seconds left.
|
|t:|1756294481
|switch|p2a: Torkoal|Torkoal, L50, F|100/100
|-terastallize|p1b: Six Wing Steppa|Grass
|move|p2b: Kingambit|Sucker Punch|p1b: Six Wing Steppa
|-damage|p1b: Six Wing Steppa|0 fnt
|faint|p1b: Six Wing Steppa
|move|p1a: BIG BODY BENZ|Icicle Spear|p2b: Kingambit
|-supereffective|p2b: Kingambit
|-damage|p2b: Kingambit|40/100
|-supereffective|p2b: Kingambit
|-damage|p2b: Kingambit|15/100
|-supereffective|p2b: Kingambit
|-damage|p2b: Kingambit|0 fnt
|faint|p2b: Kingambit
|-hitcount|p2: Kingambit|3
|
|-weather|SunnyDay|[upkeep]
|-sideend|p1: YungDungBeetle|move: Tailwind
|upkeep
|
|t:|1756294502
|switch|p1b: REDRUM|Arcanine-Hisui, L50, M|100/100
|switch|p2b: Jumpluff|Jumpluff, L50, M|100/100
|-ability|p1b: REDRUM|Intimidate|boost
|-unboost|p2a: Torkoal|atk|1
|-unboost|p2b: Jumpluff|atk|1
|-enditem|p2a: Torkoal|Eject Pack
|
|t:|1756294512
|switch|p2a: Garchomp|Garchomp, L50, M|24/100
|turn|5
|inactive|chikondi has 30 seconds left.
|inactive|chikondi has 20 seconds left.
|inactive|chikondi has 15 seconds left.
|inactive|chikondi has 10 seconds left.
|inactive|chikondi has 5 seconds left.
|
|t:|1756294562
|move|p2a: Garchomp|Protect|p2a: Garchomp
|-singleturn|p2a: Garchomp|Protect
|move|p1b: REDRUM|Extreme Speed|p2a: Garchomp
|-activate|p2a: Garchomp|move: Protect
|move|p1a: BIG BODY BENZ|Ice Shard|p2b: Jumpluff
|-supereffective|p2b: Jumpluff
|-damage|p2b: Jumpluff|0 fnt
|faint|p2b: Jumpluff
|
|-weather|SunnyDay|[upkeep]
|upkeep
|
|t:|1756294570
|switch|p2b: Torkoal|Torkoal, L50, F|100/100
|turn|6
|c|☆chikondi|gg
|
|t:|1756294578
|move|p2b: Torkoal|Protect|p2b: Torkoal
|-singleturn|p2b: Torkoal|Protect
|move|p1a: BIG BODY BENZ|Ice Shard|p2a: Garchomp
|-supereffective|p2a: Garchomp
|-damage|p2a: Garchomp|0 fnt
|faint|p2a: Garchomp
|move|p1b: REDRUM|Rock Slide|p2b: Torkoal
|-activate|p2b: Torkoal|move: Protect
|
|-weather|SunnyDay|[upkeep]
|upkeep
|turn|7
|c|☆YungDungBeetle|Gg
|-message|chikondi forfeited.
|
|win|YungDungBeetle
|raw|YungDungBeetle's rating: 1121 → 1143(+22 for winning)
|raw|chikondi's rating: 1080 → 1061(-19 for losing)
|l|☆chikondi
|player|p2|
|c|☆YungDungBeetle|I locked in
