|j|☆Bahamate
|j|☆mamoswinefanboi
|html|Bahamatemamoswinefanboi    
|uhtml|bestof|Game 3 of a best-of-3
|t:|1757911998
|gametype|doubles
|player|p1|Bahamate|grimsley|1378
|player|p2|mamoswinefanboi|preschooler|1445
|gen|9
|tier|[Gen 9] VGC 2025 Reg H (Bo3)
|rated|
|rule|Species Clause: Limit one of each Pokémon
|rule|Item Clause: Limit 1 of each item
|clearpoke
|poke|p1|Ceruledge, L50, M|
|poke|p1|Grimmsnarl, L50, M|
|poke|p1|Annihilape, L50, M|
|poke|p1|Electabuzz, L50, F|
|poke|p1|Rillaboom, L50, M|
|poke|p1|Ursaluna-Bloodmoon, L50, M|
|poke|p2|Rillaboom, L50, M|
|poke|p2|Incineroar, L50, M|
|poke|p2|Ursaluna-Bloodmoon, L50, M|
|poke|p2|Sneasler, L50, F|
|poke|p2|Dondozo, L50, M|
|poke|p2|Gholdengo, L50|
|teampreview|4
|showteam|p1|Ceruledge||AssaultVest|FlashFire|BitterBlade,ShadowSneak,TeraBlast,ClearSmog|||M|||50|,,,,,Grass]Grimmsnarl||LightClay|Prankster|Reflect,LightScreen,FoulPlay,MistyTerrain|||M|||50|,,,,,Ghost]Annihilape||SafetyGoggles|Defiant|RageFist,DrainPunch,BulkUp,Protect|||M|||50|,,,,,Fire]Electabuzz||Eviolite|VitalSpirit|Electroweb,FollowMe,Protect,Taunt|||F|||50|,,,,,Bug]Rillaboom||MiracleSeed|GrassySurge|WoodHammer,GrassyGlide,HighHorsepower,FakeOut|||M|||50|,,,,,Fire]Ursaluna-Bloodmoon||Leftovers|MindsEye|BloodMoon,CalmMind,EarthPower,Protect|||M|||50|,,,,,Electric
|showteam|p2|Rillaboom||MiracleSeed|GrassySurge|WoodHammer,FakeOut,GrassyGlide,HighHorsepower|||M|||50|,,,,,Grass]Incineroar||SafetyGoggles|Intimidate|FakeOut,FlareBlitz,KnockOff,PartingShot|||M|||50|,,,,,Ghost]Ursaluna-Bloodmoon||AssaultVest|MindsEye|BloodMoon,EarthPower,HyperVoice,VacuumWave|||M|||50|,,,,,Electric]Sneasler||GrassySeed|Unburden|CloseCombat,Acrobatics,SwordsDance,Protect|||F|||50|,,,,,Flying]Dondozo||Leftovers|Unaware|Protect,WaveCrash,Fissure,Yawn|||M|||50|,,,,,Bug]Gholdengo||LifeOrb|GoodasGold|MakeItRain,ShadowBall,NastyPlot,Protect||||||50|,,,,,Water
|
|t:|1757912045
|teamsize|p1|4
|teamsize|p2|4
|start
|switch|p1a: Grimmsnarl|Grimmsnarl, L50, M|100/100
|switch|p1b: Ceruledge|Ceruledge, L50, M|100/100
|switch|p2a: Sneasler|Sneasler, L50, F|100/100
|switch|p2b: Rillaboom|Rillaboom, L50, M|100/100
|-fieldstart|move: Grassy Terrain|[from] ability: Grassy Surge|[of] p2b: Rillaboom
|-enditem|p2a: Sneasler|Grassy Seed
|-boost|p2a: Sneasler|def|1|[from] item: Grassy Seed
|turn|1
|
|t:|1757912065
|-terastallize|p2a: Sneasler|Flying
|-terastallize|p1a: Grimmsnarl|Ghost
|move|p2b: Rillaboom|Fake Out|p1a: Grimmsnarl
|-immune|p1a: Grimmsnarl
|move|p1a: Grimmsnarl|Reflect|p1a: Grimmsnarl
|-sidestart|p1: Bahamate|Reflect
|move|p2a: Sneasler|Acrobatics|p1a: Grimmsnarl
|-damage|p1a: Grimmsnarl|55/100
|move|p1b: Ceruledge|Bitter Blade|p2b: Rillaboom
|-supereffective|p2b: Rillaboom
|-damage|p2b: Rillaboom|7/100
|
|-heal|p2b: Rillaboom|13/100|[from] Grassy Terrain
|-heal|p1a: Grimmsnarl|61/100|[from] Grassy Terrain
|upkeep
|turn|2
|
|t:|1757912084
|switch|p2b: Incineroar|Incineroar, L50, M|100/100
|-ability|p2b: Incineroar|Intimidate|boost
|-unboost|p1a: Grimmsnarl|atk|1
|-unboost|p1b: Ceruledge|atk|1
|move|p1b: Ceruledge|Shadow Sneak|p2b: Incineroar
|-resisted|p2b: Incineroar
|-damage|p2b: Incineroar|93/100
|move|p2a: Sneasler|Acrobatics|p1a: Grimmsnarl
|-damage|p1a: Grimmsnarl|9/100
|move|p1a: Grimmsnarl|Foul Play|p2a: Sneasler
|-damage|p2a: Sneasler|42/100
|
|-heal|p2b: Incineroar|99/100|[from] Grassy Terrain
|-heal|p1a: Grimmsnarl|15/100|[from] Grassy Terrain
|upkeep
|turn|3
|
|t:|1757912114
|switch|p1a: Ursaluna|Ursaluna-Bloodmoon, L50, M|100/100
|move|p2a: Sneasler|Acrobatics|p1a: Ursaluna
|-damage|p1a: Ursaluna|70/100
|move|p1b: Ceruledge|Bitter Blade|p2a: Sneasler
|-crit|p2a: Sneasler
|-damage|p2a: Sneasler|0 fnt
|faint|p2a: Sneasler
|move|p2b: Incineroar|Knock Off|p1b: Ceruledge
|-supereffective|p1b: Ceruledge
|-damage|p1b: Ceruledge|26/100
|-enditem|p1b: Ceruledge|Assault Vest|[from] move: Knock Off|[of] p2b: Incineroar
|
|-heal|p1b: Ceruledge|32/100|[from] Grassy Terrain
|-heal|p2b: Incineroar|100/100|[from] Grassy Terrain
|-heal|p1a: Ursaluna|77/100|[from] Grassy Terrain
|-heal|p1a: Ursaluna|83/100|[from] item: Leftovers
|upkeep
|
|t:|1757912125
|switch|p2a: Dondozo|Dondozo, L50, M|100/100
|turn|4
|
|t:|1757912138
|switch|p1b: Grimmsnarl|Grimmsnarl, L50, M, tera:Ghost|15/100
|move|p2b: Incineroar|Knock Off|p1a: Ursaluna
|-damage|p1a: Ursaluna|61/100
|-enditem|p1a: Ursaluna|Leftovers|[from] move: Knock Off|[of] p2b: Incineroar
|move|p1a: Ursaluna|Calm Mind|p1a: Ursaluna
|-boost|p1a: Ursaluna|spa|1
|-boost|p1a: Ursaluna|spd|1
|move|p2a: Dondozo|Wave Crash|p1a: Ursaluna
|-supereffective|p1a: Ursaluna
|-damage|p1a: Ursaluna|17/100
|-damage|p2a: Dondozo|89/100|[from] Recoil
|
|-heal|p1a: Ursaluna|23/100|[from] Grassy Terrain
|-heal|p1b: Grimmsnarl|21/100|[from] Grassy Terrain
|-heal|p2a: Dondozo|95/100|[from] Grassy Terrain
|-heal|p2a: Dondozo|100/100|[from] item: Leftovers
|upkeep
|turn|5
|
|t:|1757912167
|move|p1b: Grimmsnarl|Misty Terrain|p1b: Grimmsnarl
|-fieldstart|move: Misty Terrain
|move|p2b: Incineroar|Flare Blitz|p1a: Ursaluna
|-damage|p1a: Ursaluna|0 fnt
|faint|p1a: Ursaluna
|-damage|p2b: Incineroar|92/100|[from] Recoil
|move|p2a: Dondozo|Yawn|p1b: Grimmsnarl
|-start|p1b: Grimmsnarl|move: Yawn|[of] p2a: Dondozo
|
|upkeep
|
|t:|1757912172
|switch|p1a: Annihilape|Annihilape, L50, M|100/100
|turn|6
|
|t:|1757912182
|switch|p2b: Rillaboom|Rillaboom, L50, M|13/100
|-fieldstart|move: Grassy Terrain|[from] ability: Grassy Surge|[of] p2b: Rillaboom
|move|p1a: Annihilape|Bulk Up|p1a: Annihilape
|-boost|p1a: Annihilape|atk|1
|-boost|p1a: Annihilape|def|1
|move|p1b: Grimmsnarl|Foul Play|p2a: Dondozo
|-damage|p2a: Dondozo|79/100
|move|p2a: Dondozo|Wave Crash|p1b: Grimmsnarl
|-damage|p1b: Grimmsnarl|0 fnt
|faint|p1b: Grimmsnarl
|-damage|p2a: Dondozo|74/100|[from] Recoil
|
|-heal|p2b: Rillaboom|18/100|[from] Grassy Terrain
|-heal|p2a: Dondozo|80/100|[from] Grassy Terrain
|-heal|p2a: Dondozo|86/100|[from] item: Leftovers
|upkeep
|
|t:|1757912187
|switch|p1b: Ceruledge|Ceruledge, L50, M|32/100
|turn|7
|
|t:|1757912197
|move|p2b: Rillaboom|Grassy Glide|p1b: Ceruledge
|-resisted|p1b: Ceruledge
|-damage|p1b: Ceruledge|15/100
|move|p1a: Annihilape|Drain Punch|p2b: Rillaboom
|-damage|p2b: Rillaboom|0 fnt
|faint|p2b: Rillaboom
|move|p1b: Ceruledge|Bitter Blade|p2a: Dondozo
|-resisted|p2a: Dondozo
|-damage|p2a: Dondozo|72/100
|-heal|p1b: Ceruledge|25/100|[from] drain|[of] p2a: Dondozo
|move|p2a: Dondozo|Wave Crash|p1b: Ceruledge
|-supereffective|p1b: Ceruledge
|-damage|p1b: Ceruledge|0 fnt
|faint|p1b: Ceruledge
|-damage|p2a: Dondozo|67/100|[from] Recoil
|
|-heal|p2a: Dondozo|73/100|[from] Grassy Terrain
|-heal|p2a: Dondozo|79/100|[from] item: Leftovers
|upkeep
|
|t:|1757912201
|switch|p2b: Incineroar|Incineroar, L50, M|92/100
|-ability|p2b: Incineroar|Intimidate|boost
|-unboost|p1a: Annihilape|atk|1
|-ability|p1a: Annihilape|Defiant|boost
|-boost|p1a: Annihilape|atk|2
|turn|8
|
|t:|1757912205
|move|p2b: Incineroar|Fake Out|p1a: Annihilape
|-immune|p1a: Annihilape
|move|p1a: Annihilape|Drain Punch|p2b: Incineroar
|-supereffective|p2b: Incineroar
|-damage|p2b: Incineroar|0 fnt
|faint|p2b: Incineroar
|move|p2a: Dondozo|Yawn|p1a: Annihilape
|-start|p1a: Annihilape|move: Yawn|[of] p2a: Dondozo
|
|-heal|p2a: Dondozo|86/100|[from] Grassy Terrain
|-heal|p2a: Dondozo|92/100|[from] item: Leftovers
|-sideend|p1: Bahamate|Reflect
|upkeep
|turn|9
|
|t:|1757912216
|move|p1a: Annihilape|Rage Fist|p2a: Dondozo
|-damage|p2a: Dondozo|80/100
|move|p2a: Dondozo|Fissure|p1a: Annihilape|[miss]
|-miss|p2a: Dondozo|p1a: Annihilape
|
|-heal|p2a: Dondozo|86/100|[from] Grassy Terrain
|-heal|p2a: Dondozo|93/100|[from] item: Leftovers
|-end|p1a: Annihilape|move: Yawn|[silent]
|-status|p1a: Annihilape|slp
|upkeep
|turn|10
|
|t:|1757912221
|cant|p1a: Annihilape|slp
|move|p2a: Dondozo|Fissure|p1a: Annihilape|[miss]
|-miss|p2a: Dondozo|p1a: Annihilape
|
|-heal|p2a: Dondozo|99/100|[from] Grassy Terrain
|-heal|p2a: Dondozo|100/100|[from] item: Leftovers
|-fieldend|move: Grassy Terrain
|upkeep
|turn|11
|
|t:|1757912224
|-curestatus|p1a: Annihilape|slp|[msg]
|move|p1a: Annihilape|Rage Fist|p2a: Dondozo
|-damage|p2a: Dondozo|89/100
|move|p2a: Dondozo|Yawn|p1a: Annihilape
|-start|p1a: Annihilape|move: Yawn|[of] p2a: Dondozo
|
|-heal|p2a: Dondozo|95/100|[from] item: Leftovers
|upkeep
|turn|12
|
|t:|1757912230
|move|p2a: Dondozo|Protect|p2a: Dondozo
|-singleturn|p2a: Dondozo|Protect
|move|p1a: Annihilape|Rage Fist|p2a: Dondozo
|-activate|p2a: Dondozo|move: Protect
|
|-heal|p2a: Dondozo|100/100|[from] item: Leftovers
|-end|p1a: Annihilape|move: Yawn|[silent]
|-status|p1a: Annihilape|slp
|upkeep
|turn|13
|
|t:|1757912233
|cant|p1a: Annihilape|slp
|move|p2a: Dondozo|Fissure|p1a: Annihilape|[miss]
|-miss|p2a: Dondozo|p1a: Annihilape
|
|upkeep
|turn|14
|
|t:|1757912235
|cant|p1a: Annihilape|slp
|move|p2a: Dondozo|Yawn||[still]
|-fail|p2a: Dondozo
|
|upkeep
|turn|15
|
|t:|1757912240
|cant|p1a: Annihilape|slp
|move|p2a: Dondozo|Yawn||[still]
|-fail|p2a: Dondozo
|
|upkeep
|turn|16
|
|t:|1757912243
|-curestatus|p1a: Annihilape|slp|[msg]
|move|p1a: Annihilape|Bulk Up|p1a: Annihilape
|-boost|p1a: Annihilape|atk|1
|-boost|p1a: Annihilape|def|1
|move|p2a: Dondozo|Yawn|p1a: Annihilape
|-start|p1a: Annihilape|move: Yawn|[of] p2a: Dondozo
|
|upkeep
|turn|17
|
|t:|1757912248
|move|p2a: Dondozo|Protect|p2a: Dondozo
|-singleturn|p2a: Dondozo|Protect
|move|p1a: Annihilape|Drain Punch|p2a: Dondozo
|-activate|p2a: Dondozo|move: Protect
|
|-end|p1a: Annihilape|move: Yawn|[silent]
|-status|p1a: Annihilape|slp
|upkeep
|turn|18
|
|t:|1757912252
|cant|p1a: Annihilape|slp
|move|p2a: Dondozo|Fissure|p1a: Annihilape|[miss]
|-miss|p2a: Dondozo|p1a: Annihilape
|
|upkeep
|turn|19
|
|t:|1757912254
|cant|p1a: Annihilape|slp
|move|p2a: Dondozo|Yawn||[still]
|-fail|p2a: Dondozo
|
|upkeep
|turn|20
|
|t:|1757912258
|-curestatus|p1a: Annihilape|slp|[msg]
|move|p1a: Annihilape|Drain Punch|p2a: Dondozo
|-damage|p2a: Dondozo|84/100
|move|p2a: Dondozo|Yawn|p1a: Annihilape
|-start|p1a: Annihilape|move: Yawn|[of] p2a: Dondozo
|
|-heal|p2a: Dondozo|90/100|[from] item: Leftovers
|upkeep
|turn|21
|
|t:|1757912262
|move|p2a: Dondozo|Protect|p2a: Dondozo
|-singleturn|p2a: Dondozo|Protect
|move|p1a: Annihilape|Bulk Up|p1a: Annihilape
|-boost|p1a: Annihilape|atk|1
|-boost|p1a: Annihilape|def|1
|
|-heal|p2a: Dondozo|97/100|[from] item: Leftovers
|-end|p1a: Annihilape|move: Yawn|[silent]
|-status|p1a: Annihilape|slp
|upkeep
|turn|22
|
|t:|1757912267
|cant|p1a: Annihilape|slp
|move|p2a: Dondozo|Fissure|p1a: Annihilape|[miss]
|-miss|p2a: Dondozo|p1a: Annihilape
|
|-heal|p2a: Dondozo|100/100|[from] item: Leftovers
|upkeep
|turn|23
|
|t:|1757912270
|cant|p1a: Annihilape|slp
|move|p2a: Dondozo|Fissure|p1a: Annihilape|[miss]
|-miss|p2a: Dondozo|p1a: Annihilape
|
|upkeep
|turn|24
|
|t:|1757912273
|-curestatus|p1a: Annihilape|slp|[msg]
|move|p1a: Annihilape|Bulk Up|p1a: Annihilape
|-boost|p1a: Annihilape|atk|1
|-boost|p1a: Annihilape|def|1
|move|p2a: Dondozo|Yawn|p1a: Annihilape
|-start|p1a: Annihilape|move: Yawn|[of] p2a: Dondozo
|
|upkeep
|turn|25
|
|t:|1757912276
|move|p2a: Dondozo|Protect|p2a: Dondozo
|-singleturn|p2a: Dondozo|Protect
|move|p1a: Annihilape|Bulk Up|p1a: Annihilape
|-boost|p1a: Annihilape|atk|1
|-boost|p1a: Annihilape|def|1
|
|-end|p1a: Annihilape|move: Yawn|[silent]
|-status|p1a: Annihilape|slp
|upkeep
|turn|26
|
|t:|1757912281
|cant|p1a: Annihilape|slp
|move|p2a: Dondozo|Fissure|p1a: Annihilape
|-damage|p1a: Annihilape|0 fnt
|faint|p1a: Annihilape
|-ohko
|
|win|mamoswinefanboi
|raw|Bahamate's rating: 1378 → 1362(-16 for losing)
|raw|mamoswinefanboi's rating: 1445 → 1461(+16 for winning)
|l|☆Bahamate
|player|p1|
