|j|☆WestyLiam
|j|☆RICHARDHAVOC
|html|WestyLiamRICHARDHAVOC    
|uhtml|bestof|Game 2 of a best-of-3
|t:|1754356290
|gametype|doubles
|player|p1|WestyLiam|265|1302
|player|p2|RICHARDHAVOC|1|1385
|gen|9
|tier|[Gen 9] VGC 2025 Reg H (Bo3)
|rated|
|rule|Species Clause: Limit one of each Pokémon
|rule|Item Clause: Limit 1 of each item
|clearpoke
|poke|p1|Gholdengo, L50|
|poke|p1|Sneasler, L50, M|
|poke|p1|Rillaboom, L50, M|
|poke|p1|Dragonite, L50, M|
|poke|p1|Ninetales-Alola, L50, M|
|poke|p1|Arcanine-Hisui, L50, M|
|poke|p2|Whimsicott, L50, M|
|poke|p2|Garchomp, L50, F|
|poke|p2|Gholdengo, L50|
|poke|p2|Incineroar, L50, M|
|poke|p2|Dragonite, L50, M|
|poke|p2|Sneasler, L50, F|
|teampreview|4
|showteam|p1|Gholdengo||GrassySeed|GoodasGold|Protect,MakeItRain,ShadowBall,NastyPlot||||||50|,,,,,Water]Sneasler||WhiteHerb|Unburden|Protect,CloseCombat,DireClaw,Coaching|||M|||50|,,,,,Ghost]Rillaboom||AssaultVest|GrassySurge|FakeOut,DrumBeating,GrassyGlide,HighHorsepower|||M|||50|,,,,,Fire]Dragonite||LoadedDice|Multiscale|Protect,ScaleShot,StompingTantrum,Tailwind|||M|||50|,,,,,Ground]Ninetales-Alola||FocusSash|SnowWarning|Blizzard,IcyWind,Encore,AuroraVeil|||M|||50|,,,,,Ghost]Arcanine-Hisui||ClearAmulet|Intimidate|Protect,FlareBlitz,ExtremeSpeed,RockSlide|||M|||50|,,,,,Water
|showteam|p2|Whimsicott||FocusSash|Prankster|Moonblast,Tailwind,Encore,Protect|||M|||50|,,,,,Ghost]Garchomp||LifeOrb|RoughSkin|Earthquake,DragonClaw,StompingTantrum,Protect|||F|||50|,,,,,Ground]Gholdengo||ChoiceSpecs|GoodasGold|MakeItRain,ShadowBall,Trick,Protect||||||50|,,,,,Steel]Incineroar||AssaultVest|Intimidate|FakeOut,Uturn,KnockOff,FlareBlitz|||M|||50|,,,,,Water]Dragonite||ChoiceBand|InnerFocus|ExtremeSpeed,Haze,IceSpinner,Outrage|||M|||50|,,,,,Normal]Sneasler||WhiteHerb|Unburden|FakeOut,DireClaw,CloseCombat,Protect|||F|||50|,,,,,Stellar
|
|t:|1754356307
|teamsize|p1|4
|teamsize|p2|4
|start
|switch|p1a: Monkey|Rillaboom, L50, M|100/100
|switch|p1b: Cash Out?|Gholdengo, L50|100/100
|switch|p2a: Gholdengo|Gholdengo, L50|100/100
|switch|p2b: Incineroar|Incineroar, L50, M, shiny|100/100
|-fieldstart|move: Grassy Terrain|[from] ability: Grassy Surge|[of] p1a: Monkey
|-enditem|p1b: Cash Out?|Grassy Seed
|-boost|p1b: Cash Out?|def|1|[from] item: Grassy Seed
|-ability|p2b: Incineroar|Intimidate|boost
|-unboost|p1a: Monkey|atk|1
|-unboost|p1b: Cash Out?|atk|1
|turn|1
|
|t:|1754356341
|-terastallize|p1b: Cash Out?|Water
|move|p1a: Monkey|Fake Out|p2a: Gholdengo
|-immune|p2a: Gholdengo
|move|p2b: Incineroar|Fake Out|p1a: Monkey
|-damage|p1a: Monkey|90/100
|move|p2a: Gholdengo|Shadow Ball|p1b: Cash Out?
|-damage|p1b: Cash Out?|40/100
|-unboost|p1b: Cash Out?|spd|1
|move|p1b: Cash Out?|Nasty Plot|p1b: Cash Out?
|-boost|p1b: Cash Out?|spa|2
|
|-heal|p1a: Monkey|96/100|[from] Grassy Terrain
|-heal|p1b: Cash Out?|46/100|[from] Grassy Terrain
|upkeep
|turn|2
|
|t:|1754356366
|switch|p2a: Dragonite|Dragonite, L50, M, shiny|100/100
|move|p1a: Monkey|Drum Beating|p2a: Dragonite
|-resisted|p2a: Dragonite
|-damage|p2a: Dragonite|92/100
|-unboost|p2a: Dragonite|spe|1
|move|p1b: Cash Out?|Shadow Ball|p2a: Dragonite
|-damage|p2a: Dragonite|20/100
|move|p2b: Incineroar|U-turn|p1b: Cash Out?
|-damage|p1b: Cash Out?|34/100
|
|t:|1754356375
|switch|p2b: Sneasler|Sneasler, L50, F, shiny|100/100|[from] U-turn
|
|-heal|p1a: Monkey|100/100|[from] Grassy Terrain
|-heal|p1b: Cash Out?|40/100|[from] Grassy Terrain
|upkeep
|turn|3
|
|t:|1754356389
|switch|p1a: Bonk!|Arcanine-Hisui, L50, M|100/100
|-ability|p1a: Bonk!|Intimidate|boost
|-fail|p2a: Dragonite|unboost|Attack|[from] ability: Inner Focus|[of] p2a: Dragonite
|-unboost|p2b: Sneasler|atk|1
|-enditem|p2b: Sneasler|White Herb
|-clearnegativeboost|p2b: Sneasler|[silent]
|move|p1b: Cash Out?|Protect|p1b: Cash Out?
|-singleturn|p1b: Cash Out?|Protect
|move|p2b: Sneasler|Fake Out|p1b: Cash Out?
|-activate|p1b: Cash Out?|move: Protect
|move|p2a: Dragonite|Extreme Speed|p1a: Bonk!
|-resisted|p1a: Bonk!
|-damage|p1a: Bonk!|71/100
|
|-heal|p1a: Bonk!|77/100|[from] Grassy Terrain
|-heal|p1b: Cash Out?|46/100|[from] Grassy Terrain
|upkeep
|turn|4
|
|t:|1754356407
|switch|p2a: Incineroar|Incineroar, L50, M, shiny|100/100
|-ability|p2a: Incineroar|Intimidate|boost
|-fail|p1a: Bonk!|unboost|[from] item: Clear Amulet|[of] p1a: Bonk!
|-unboost|p1b: Cash Out?|atk|1
|-terastallize|p2b: Sneasler|Stellar
|move|p1a: Bonk!|Extreme Speed|p2a: Incineroar
|-damage|p2a: Incineroar|82/100
|move|p2b: Sneasler|Close Combat|p1b: Cash Out?
|-damage|p1b: Cash Out?|0 fnt
|-unboost|p2b: Sneasler|def|1
|-unboost|p2b: Sneasler|spd|1
|faint|p1b: Cash Out?
|
|-heal|p1a: Bonk!|83/100|[from] Grassy Terrain
|-heal|p2a: Incineroar|88/100|[from] Grassy Terrain
|upkeep
|
|t:|1754356410
|switch|p1b: Monkey|Rillaboom, L50, M|100/100
|turn|5
|
|t:|1754356427
|switch|p2a: Dragonite|Dragonite, L50, M, shiny|20/100
|move|p2b: Sneasler|Protect|p2b: Sneasler
|-singleturn|p2b: Sneasler|Protect
|move|p1b: Monkey|Fake Out|p2b: Sneasler
|-activate|p2b: Sneasler|move: Protect
|move|p1a: Bonk!|Rock Slide|p2b: Sneasler|[spread] p2a
|-activate|p2b: Sneasler|move: Protect
|-supereffective|p2a: Dragonite
|-damage|p2a: Dragonite|0 fnt
|faint|p2a: Dragonite
|
|-heal|p1a: Bonk!|89/100|[from] Grassy Terrain
|-fieldend|move: Grassy Terrain
|upkeep
|
|t:|1754356435
|switch|p2a: Incineroar|Incineroar, L50, M, shiny|88/100
|-ability|p2a: Incineroar|Intimidate|boost
|-fail|p1a: Bonk!|unboost|[from] item: Clear Amulet|[of] p1a: Bonk!
|-unboost|p1b: Monkey|atk|1
|turn|6
|
|t:|1754356451
|switch|p1a: Ice Cube|Ninetales-Alola, L50, M|100/100
|-weather|Snowscape|[from] ability: Snow Warning|[of] p1a: Ice Cube
|move|p2a: Incineroar|Fake Out|p1a: Ice Cube
|-damage|p1a: Ice Cube|90/100
|move|p2b: Sneasler|Dire Claw|p1b: Monkey
|-supereffective|p1b: Monkey
|-damage|p1b: Monkey|0 fnt
|faint|p1b: Monkey
|
|-weather|Snowscape|[upkeep]
|upkeep
|
|t:|1754356453
|switch|p1b: Bonk!|Arcanine-Hisui, L50, M|89/100
|-ability|p1b: Bonk!|Intimidate|boost
|-unboost|p2a: Incineroar|atk|1
|-unboost|p2b: Sneasler|atk|1
|turn|7
|
|t:|1754356468
|switch|p2b: Gholdengo|Gholdengo, L50|100/100
|move|p1b: Bonk!|Extreme Speed|p2b: Gholdengo
|-immune|p2b: Gholdengo
|move|p1a: Ice Cube|Encore|p2a: Incineroar
|-start|p2a: Incineroar|Encore
|move|p2a: Incineroar|Fake Out||[still]
|-hint|Fake Out only works on your first turn out.
|-fail|p2a: Incineroar
|
|-weather|Snowscape|[upkeep]
|upkeep
|turn|8
|
|t:|1754356491
|switch|p2a: Sneasler|Sneasler, L50, F, shiny, tera:Stellar|100/100
|move|p1a: Ice Cube|Icy Wind|p2b: Gholdengo|[spread] p2a,p2b
|-resisted|p2b: Gholdengo
|-damage|p2a: Sneasler|80/100
|-damage|p2b: Gholdengo|92/100
|-unboost|p2a: Sneasler|spe|1
|-unboost|p2b: Gholdengo|spe|1
|move|p1b: Bonk!|Flare Blitz|p2b: Gholdengo
|-supereffective|p2b: Gholdengo
|-damage|p2b: Gholdengo|0 fnt
|faint|p2b: Gholdengo
|-damage|p1b: Bonk!|60/100|[from] Recoil
|
|-weather|Snowscape|[upkeep]
|upkeep
|
|t:|1754356496
|switch|p2b: Incineroar|Incineroar, L50, M, shiny|88/100
|-ability|p2b: Incineroar|Intimidate|boost
|-unboost|p1a: Ice Cube|atk|1
|-fail|p1b: Bonk!|unboost|[from] item: Clear Amulet|[of] p1b: Bonk!
|turn|9
|
|t:|1754356501
|move|p2b: Incineroar|Fake Out|p1b: Bonk!
|-resisted|p1b: Bonk!
|-damage|p1b: Bonk!|53/100
|move|p1a: Ice Cube|Blizzard|p2a: Sneasler|[spread] p2a,p2b
|-resisted|p2b: Incineroar
|-damage|p2a: Sneasler|37/100
|-damage|p2b: Incineroar|80/100
|cant|p1b: Bonk!|flinch
|move|p2a: Sneasler|Dire Claw|p1a: Ice Cube
|-supereffective|p1a: Ice Cube
|-damage|p1a: Ice Cube|8/100
|
|-weather|Snowscape|[upkeep]
|upkeep
|turn|10
|
|t:|1754356512
|move|p2a: Sneasler|Protect|p2a: Sneasler
|-singleturn|p2a: Sneasler|Protect
|move|p1b: Bonk!|Extreme Speed|p2a: Sneasler
|-activate|p2a: Sneasler|move: Protect
|move|p1a: Ice Cube|Encore|p2b: Incineroar
|-start|p2b: Incineroar|Encore
|move|p2b: Incineroar|Fake Out||[still]
|-hint|Fake Out only works on your first turn out.
|-fail|p2b: Incineroar
|
|-weather|none
|upkeep
|turn|11
|-message|RICHARDHAVOC forfeited.
|
|win|WestyLiam
|raw|WestyLiam's rating: 1302 → 1327(+25 for winning)
|raw|RICHARDHAVOC's rating: 1385 → 1360(-25 for losing)
|l|☆RICHARDHAVOC
|player|p2|
|c|☆WestyLiam|gg
