|j|☆Frankieon
|j|☆HalcyonJon
|html|FrankieonHalcyonJon    
|uhtml|bestof|Game 2 of a best-of-3
|t:|1757649380
|gametype|doubles
|player|p1|Frankieon|acetrainerf-gen4dp|1210
|player|p2|HalcyonJon|pokemonbreeder|1172
|gen|9
|tier|[Gen 9] VGC 2025 Reg H (Bo3)
|rated|
|rule|Species Clause: Limit one of each Pokémon
|rule|Item Clause: Limit 1 of each item
|clearpoke
|poke|p1|Gholdengo, L50|
|poke|p1|Grimmsnarl, L50, M|
|poke|p1|Archaludon, L50, M|
|poke|p1|Pelipper, L50, F|
|poke|p1|Ursaluna, L50, M|
|poke|p1|Sinistcha, L50|
|poke|p2|Espeon, L50, M|
|poke|p2|Indeedee-F, L50, F|
|poke|p2|Glimmora, L50, M|
|poke|p2|Primarina, L50, F|
|poke|p2|Salamence, L50, F|
|poke|p2|Tyranitar, L50, F|
|teampreview|4
|showteam|p1|Gholdengo||Leftovers|GoodasGold|MakeItRain,ShadowBall,NastyPlot,Protect||||||50|,,,,,Water]Grimmsnarl||LightClay|Prankster|LightScreen,Reflect,ThunderWave,SpiritBreak|||M|||50|,,,,,Ghost]Archaludon||AssaultVest|Stamina|DracoMeteor,ElectroShot,BodyPress,FlashCannon|||M|||50|,,,,,Electric]Pelipper||FocusSash|Drizzle|MuddyWater,Hurricane,Tailwind,Protect|||F|||50|,,,,,Ghost]Ursaluna||FlameOrb|Guts|Facade,HeadlongRush,Earthquake,Protect|||M|||50|,,,,,Ghost]Sinistcha||SitrusBerry|Hospitality|TrickRoom,MatchaGotcha,LifeDew,RagePowder||||||50|,,,,,Dark
|showteam|p2|Espeon||FocusSash|MagicBounce|ExpandingForce,TeraBlast,SkillSwap,Detect|||M|||50|,,,,,Ground]Indeedee-F||RockyHelmet|PsychicSurge|Psychic,FollowMe,HelpingHand,TrickRoom|||F|||50|,,,,,Fairy]Glimmora||PowerHerb|ToxicDebris|SludgeBomb,MeteorBeam,StealthRock,SpikyShield|||M|||50|,,,,,Grass]Primarina||SafetyGoggles|LiquidVoice|HyperVoice,Moonblast,Haze,Protect|||F|||50|,,,,,Steel]Salamence||MirrorHerb|Intimidate|Outrage,DualWingbeat,Tailwind,Protect|||F|||50|,,,,,Steel]Tyranitar||AssaultVest|SandStream|KnockOff,RockSlide,TeraBlast,BreakingSwipe|||F|||50|,,,,,Flying
|
|t:|1757649415
|teamsize|p1|4
|teamsize|p2|4
|start
|switch|p1a: Gholdengo|Gholdengo, L50|100/100
|switch|p1b: Grimmsnarl|Grimmsnarl, L50, M|100/100
|switch|p2a: Glimmora|Glimmora, L50, M|100/100
|switch|p2b: Tyranitar|Tyranitar, L50, F|100/100
|-weather|Sandstorm|[from] ability: Sand Stream|[of] p2b: Tyranitar
|turn|1
|
|t:|1757649451
|switch|p2a: Indeedee|Indeedee-F, L50, F|100/100
|-fieldstart|move: Psychic Terrain|[from] ability: Psychic Surge|[of] p2a: Indeedee
|-terastallize|p1a: Gholdengo|Water
|move|p1b: Grimmsnarl|Light Screen|p1b: Grimmsnarl
|-sidestart|p1: Frankieon|move: Light Screen
|move|p1a: Gholdengo|Nasty Plot|p1a: Gholdengo
|-boost|p1a: Gholdengo|spa|2
|move|p2b: Tyranitar|Knock Off|p1a: Gholdengo
|-damage|p1a: Gholdengo|49/100
|-enditem|p1a: Gholdengo|Leftovers|[from] move: Knock Off|[of] p2b: Tyranitar
|
|-weather|Sandstorm|[upkeep]
|-damage|p1a: Gholdengo|43/100|[from] Sandstorm
|-damage|p2a: Indeedee|94/100|[from] Sandstorm
|-damage|p1b: Grimmsnarl|95/100|[from] Sandstorm
|upkeep
|turn|2
|
|t:|1757649503
|switch|p1b: Sinistcha|Sinistcha, L50|100/100
|-heal|p1a: Gholdengo|67/100|[from] ability: Hospitality|[of] p1b: Sinistcha
|-terastallize|p2b: Tyranitar|Flying
|move|p1a: Gholdengo|Make It Rain|p2b: Tyranitar|[spread] p2a,p2b
|-damage|p2a: Indeedee|21/100
|-damage|p2b: Tyranitar|56/100
|-unboost|p1a: Gholdengo|spa|1
|move|p2b: Tyranitar|Tera Blast|p1a: Gholdengo|[anim] Tera Blast Flying
|-damage|p1a: Gholdengo|20/100
|move|p2a: Indeedee|Trick Room|p2a: Indeedee
|-fieldstart|move: Trick Room|[of] p2a: Indeedee
|
|-weather|Sandstorm|[upkeep]
|-damage|p2b: Tyranitar|50/100|[from] Sandstorm
|-damage|p2a: Indeedee|15/100|[from] Sandstorm
|-damage|p1b: Sinistcha|94/100|[from] Sandstorm
|-damage|p1a: Gholdengo|14/100|[from] Sandstorm
|upkeep
|turn|3
|
|t:|1757649561
|switch|p1b: Grimmsnarl|Grimmsnarl, L50, M|95/100
|switch|p1a: Ursaluna|Ursaluna, L50, M|100/100
|move|p2b: Tyranitar|Knock Off|p1b: Grimmsnarl
|-resisted|p1b: Grimmsnarl
|-damage|p1b: Grimmsnarl|79/100
|-enditem|p1b: Grimmsnarl|Light Clay|[from] move: Knock Off|[of] p2b: Tyranitar
|move|p2a: Indeedee|Psychic|p1a: Ursaluna
|-damage|p1a: Ursaluna|73/100
|
|-weather|Sandstorm|[upkeep]
|-damage|p2b: Tyranitar|44/100|[from] Sandstorm
|-damage|p1b: Grimmsnarl|73/100|[from] Sandstorm
|-damage|p2a: Indeedee|8/100|[from] Sandstorm
|-status|p1a: Ursaluna|brn|[from] item: Flame Orb
|upkeep
|turn|4
|inactive|Battle timer is ON: inactive players will automatically lose when time's up. (requested by HalcyonJon)
|
|t:|1757649608
|move|p1a: Ursaluna|Protect|p1a: Ursaluna
|-singleturn|p1a: Ursaluna|Protect
|move|p2a: Indeedee|Follow Me|p2a: Indeedee
|-singleturn|p2a: Indeedee|move: Follow Me
|move|p1b: Grimmsnarl|Reflect|p1b: Grimmsnarl
|-sidestart|p1: Frankieon|Reflect
|move|p2b: Tyranitar|Knock Off|p1a: Ursaluna
|-activate|p1a: Ursaluna|move: Protect
|
|-weather|Sandstorm|[upkeep]
|-damage|p2b: Tyranitar|38/100|[from] Sandstorm
|-damage|p1b: Grimmsnarl|67/100|[from] Sandstorm
|-damage|p2a: Indeedee|2/100|[from] Sandstorm
|-damage|p1a: Ursaluna|67/100 brn|[from] brn
|upkeep
|turn|5
|inactive|Frankieon has 30 seconds left.
|
|t:|1757649641
|move|p2a: Indeedee|Follow Me|p2a: Indeedee
|-singleturn|p2a: Indeedee|move: Follow Me
|move|p2b: Tyranitar|Knock Off|p1a: Ursaluna
|-damage|p1a: Ursaluna|35/100 brn
|-enditem|p1a: Ursaluna|Flame Orb|[from] move: Knock Off|[of] p2b: Tyranitar
|move|p1b: Grimmsnarl|Spirit Break|p2a: Indeedee
|-damage|p2a: Indeedee|0 fnt
|-damage|p1b: Grimmsnarl|50/100|[from] item: Rocky Helmet|[of] p2a: Indeedee
|faint|p2a: Indeedee
|move|p1a: Ursaluna|Facade|p2b: Tyranitar
|-damage|p2b: Tyranitar|0 fnt
|faint|p2b: Tyranitar
|
|-weather|none
|-damage|p1a: Ursaluna|28/100 brn|[from] brn
|-fieldend|move: Psychic Terrain
|upkeep
|
|t:|1757649656
|switch|p2b: Glimmora|Glimmora, L50, M|100/100
|switch|p2a: Primarina|Primarina, L50, F|100/100
|turn|6
|inactive|Frankieon has 30 seconds left.
|
|t:|1757649690
|move|p2a: Primarina|Protect|p2a: Primarina
|-singleturn|p2a: Primarina|Protect
|move|p1a: Ursaluna|Protect|p1a: Ursaluna
|-singleturn|p1a: Ursaluna|Protect
|move|p2b: Glimmora|Spiky Shield|p2b: Glimmora
|-singleturn|p2b: Glimmora|move: Protect
|move|p1b: Grimmsnarl|Thunder Wave|p2b: Glimmora
|-activate|p2b: Glimmora|move: Protect
|
|-damage|p1a: Ursaluna|22/100 brn|[from] brn
|-fieldend|move: Trick Room
|upkeep
|turn|7
|inactive|Frankieon has 30 seconds left.
|inactive|HalcyonJon has 30 seconds left.
|
|t:|1757649725
|move|p1b: Grimmsnarl|Thunder Wave|p2b: Glimmora
|-status|p2b: Glimmora|par
|move|p1a: Ursaluna|Facade|p2a: Primarina
|-damage|p2a: Primarina|0 fnt
|faint|p2a: Primarina
|move|p2b: Glimmora|Sludge Bomb|p1a: Ursaluna
|-resisted|p1a: Ursaluna
|-damage|p1a: Ursaluna|5/100 brn
|
|-damage|p1a: Ursaluna|0 fnt|[from] brn
|faint|p1a: Ursaluna
|upkeep
|
|t:|1757649740
|switch|p1a: Gholdengo|Gholdengo, L50, tera:Water|14/100
|turn|8
|-message|HalcyonJon forfeited.
|
|win|Frankieon
|raw|Frankieon's rating: 1210 → 1232(+22 for winning)
|raw|HalcyonJon's rating: 1172 → 1150(-22 for losing)
|l|☆HalcyonJon
|player|p2|
