|j|☆schshfh
|j|☆XenoVals
|html|schshfhXenoVals    
|uhtml|bestof|Game 1 of a best-of-3
|t:|1783977921
|gametype|doubles
|player|p1|schshfh|lance|1146
|player|p2|XenoVals|red|1064
|gen|9
|tier|[Gen 9 Champions] VGC 2026 Reg M-B (Bo3)
|rated|
|rule|Species Clause: Limit one of each Pokémon
|rule|Item Clause: Limit 1 of each item
|clearpoke
|poke|p1|Aerodactyl, L50, M|
|poke|p1|Sylveon, L50, F|
|poke|p1|Farigiraf, L50, F|
|poke|p1|Charizard, L50, M|
|poke|p1|Garchomp, L50, F|
|poke|p1|Kingambit, L50, F|
|poke|p2|Aggron, L50, M|
|poke|p2|Incineroar, L50, F|
|poke|p2|Sinistcha, L50|
|poke|p2|Ninetales-Alola, L50, F|
|poke|p2|Sneasler, L50, F|
|poke|p2|Sylveon, L50, F|
|teampreview|4
|showteam|p1|Aerodactyl||Aerodactylite|Unnerve|RockSlide,IceFang,Tailwind,DualWingbeat|Jolly||M|||50|]Sylveon||FairyFeather|Pixilate|HyperVoice,HyperBeam,QuickAttack,Detect|Modest||F|||50|]Farigiraf||SitrusBerry|ArmorTail|Psychic,HelpingHand,TrickRoom,Protect|Bold||F|||50|]Charizard||CharizarditeY|Blaze|HeatWave,SolarBeam,WeatherBall,Protect|Modest||M|||50|]Garchomp||LifeOrb|RoughSkin|Earthquake,DragonClaw,StompingTantrum,Protect|Jolly||F|||50|]Kingambit||FocusSash|Defiant|KowtowCleave,IronHead,LowKick,SuckerPunch|Adamant||F|||50|
|showteam|p2|Aggron||Aggronite|HeavyMetal|Protect,IronDefense,BodyPress,HeavySlam|Impish||M|||50|]Incineroar||SitrusBerry|Intimidate|FakeOut,PartingShot,Taunt,FlareBlitz|Jolly||F|||50|]Sinistcha||Leftovers|Hospitality|MatchaGotcha,RagePowder,LifeDew,StrengthSap|Timid|||||50|]Ninetales-Alola||LightClay|SnowWarning|AuroraVeil,Protect,Blizzard,DazzlingGleam|Timid||F|||50|]Sneasler||FocusSash|PoisonTouch|QuickGuard,FakeOut,DireClaw,ThroatChop|Jolly||F|||50|]Sylveon||FairyFeather|Pixilate|HyperVoice,HyperBeam,Yawn,Protect|Calm||F|||50|
|
|t:|1783977998
|teamsize|p1|4
|teamsize|p2|4
|start
|switch|p1a: Farigiraf|Farigiraf, L50, F|100/100
|switch|p1b: Charizard|Charizard, L50, M|100/100
|switch|p2a: Ninetales|Ninetales-Alola, L50, F|100/100
|switch|p2b: Sinistcha|Sinistcha, L50|100/100
|-weather|Snowscape|[from] ability: Snow Warning|[of] p2a: Ninetales
|turn|1
|
|t:|1783978025
|switch|p2a: Sneasler|Sneasler, L50, F|100/100
|detailschange|p1b: Charizard|Charizard-Mega-Y, L50, M
|-mega|p1b: Charizard|Charizard|Charizardite Y
|-weather|SunnyDay|[from] ability: Drought|[of] p1b: Charizard
|move|p1a: Farigiraf|Helping Hand|p1b: Charizard
|-singleturn|p1b: Charizard|Helping Hand|[of] p1a: Farigiraf
|move|p1b: Charizard|Heat Wave|p2a: Sneasler|[spread] p2a,p2b
|-supereffective|p2b: Sinistcha|1
|-crit|p2b: Sinistcha
|-enditem|p2a: Sneasler|Focus Sash
|-damage|p2a: Sneasler|1/100
|-damage|p2b: Sinistcha|0 fnt
|faint|p2b: Sinistcha
|
|-weather|SunnyDay|[upkeep]
|upkeep
|
|t:|1783978042
|switch|p2b: Ninetales|Ninetales-Alola, L50, F|100/100
|-weather|Snowscape|[from] ability: Snow Warning|[of] p2b: Ninetales
|turn|2
|
|t:|1783978072
|move|p1b: Charizard|Protect|p1b: Charizard
|-singleturn|p1b: Charizard|Protect
|move|p2a: Sneasler|Fake Out||[still]
|cant|p1a: Farigiraf|ability: Armor Tail|Fake Out|[of] p2a: Sneasler
|move|p2b: Ninetales|Aurora Veil|p2b: Ninetales
|-sidestart|p2: XenoVals|move: Aurora Veil
|move|p1a: Farigiraf|Psychic|p2a: Sneasler
|-supereffective|p2a: Sneasler|2
|-damage|p2a: Sneasler|0 fnt
|faint|p2a: Sneasler
|
|-weather|Snowscape|[upkeep]
|upkeep
|
|t:|1783978085
|switch|p2a: Aggron|Aggron, L50, M|100/100
|turn|3
|
|t:|1783978111
|switch|p1b: Aerodactyl|Aerodactyl, L50, M|100/100
|-ability|p1b: Aerodactyl|Unnerve
|detailschange|p2a: Aggron|Aggron-Mega, L50, M
|-mega|p2a: Aggron|Aggron|Aggronite
|move|p2b: Ninetales|Blizzard|p1b: Aerodactyl|[spread] p1a,p1b
|-supereffective|p1b: Aerodactyl|1
|-damage|p1a: Farigiraf|70/100
|-damage|p1b: Aerodactyl|17/100
|move|p1a: Farigiraf|Psychic|p2a: Aggron
|-resisted|p2a: Aggron|1
|-crit|p2a: Aggron
|-damage|p2a: Aggron|76/100
|move|p2a: Aggron|Iron Defense|p2a: Aggron
|-boost|p2a: Aggron|def|2
|
|-weather|Snowscape|[upkeep]
|upkeep
|turn|4
|
|t:|1783978133
|move|p1a: Farigiraf|Helping Hand|p1b: Aerodactyl
|-singleturn|p1b: Aerodactyl|Helping Hand|[of] p1a: Farigiraf
|move|p1b: Aerodactyl|Rock Slide|p2a: Aggron|[spread] p2a,p2b
|-resisted|p2a: Aggron|1
|-supereffective|p2b: Ninetales|1
|-damage|p2a: Aggron|74/100
|-damage|p2b: Ninetales|59/100
|cant|p2b: Ninetales|flinch
|move|p2a: Aggron|Body Press|p1a: Farigiraf
|-damage|p1a: Farigiraf|0 fnt
|faint|p1a: Farigiraf
|
|-weather|Snowscape|[upkeep]
|upkeep
|
|t:|1783978169
|switch|p1a: Charizard|Charizard-Mega-Y, L50, M|100/100
|-weather|SunnyDay|[from] ability: Drought|[of] p1a: Charizard
|turn|5
|
|t:|1783978182
|move|p1b: Aerodactyl|Tailwind|p1b: Aerodactyl
|-sidestart|p1: schshfh|move: Tailwind
|move|p1a: Charizard|Weather Ball|p2a: Aggron
|-supereffective|p2a: Aggron|1
|-damage|p2a: Aggron|1/100
|move|p2b: Ninetales|Blizzard|p1a: Charizard|[spread] p1a,p1b
|-supereffective|p1b: Aerodactyl|1
|-damage|p1a: Charizard|69/100
|-damage|p1b: Aerodactyl|0 fnt
|faint|p1b: Aerodactyl
|move|p2a: Aggron|Body Press|p1a: Charizard
|-resisted|p1a: Charizard|1
|-damage|p1a: Charizard|21/100
|
|-weather|SunnyDay|[upkeep]
|upkeep
|
|t:|1783978195
|switch|p1b: Garchomp|Garchomp, L50, F|100/100
|turn|6
|
|t:|1783978203
|move|p2a: Aggron|Protect|p2a: Aggron
|-singleturn|p2a: Aggron|Protect
|move|p1b: Garchomp|Earthquake|p2a: Aggron|[spread] p2b
|-activate|p2a: Aggron|move: Protect
|-immune|p1a: Charizard
|-damage|p2b: Ninetales|7/100
|-damage|p1b: Garchomp|90/100|[from] item: Life Orb
|move|p1a: Charizard|Weather Ball|p2b: Ninetales
|-supereffective|p2b: Ninetales|1
|-damage|p2b: Ninetales|0 fnt
|faint|p2b: Ninetales
|
|-weather|SunnyDay|[upkeep]
|upkeep
|turn|7
|
|t:|1783978221
|move|p1b: Garchomp|Earthquake|p2a: Aggron|[spread] p2a
|-immune|p1a: Charizard
|-supereffective|p2a: Aggron|1
|-damage|p2a: Aggron|0 fnt
|faint|p2a: Aggron
|-damage|p1b: Garchomp|80/100|[from] item: Life Orb
|
|win|schshfh
||schshfh is ready for game 2.
|inactive|XenoVals has 30 seconds to confirm battle start!
||XenoVals is ready for game 2.
|uhtml|next|Next: Game 2 of 3
