|j|☆FruitloopsFL
|j|☆puffinbee
|html|FruitloopsFLpuffinbee    
|uhtml|bestof|Game 1 of a best-of-3
|t:|1783369122
|gametype|doubles
|player|p1|FruitloopsFL|alder|
|player|p2|puffinbee|169|
|gen|9
|tier|[Gen 9 Champions] VGC 2026 Reg M-B (Bo3)
|rule|Species Clause: Limit one of each Pokémon
|rule|Item Clause: Limit 1 of each item
|clearpoke
|poke|p1|Toucannon, L50, M|
|poke|p1|Grimmsnarl, L50, M|
|poke|p1|Raichu, L50, F|
|poke|p1|Garchomp, L50, F|
|poke|p1|Annihilape, L50, M|
|poke|p1|Volcarona, L50, F|
|poke|p2|Mawile, L50, M|
|poke|p2|Incineroar, L50, M|
|poke|p2|Staraptor, L50, F|
|poke|p2|Farigiraf, L50, M|
|poke|p2|Ampharos, L50, F|
|poke|p2|Basculegion, L50, M|
|teampreview|4
|showteam|p1|Toucannon||SilkScarf|SkillLink|Tailwind,BulletSeed,Boomburst,Protect|Impish||M|||50|]Grimmsnarl||LightClay|Prankster|FakeOut,PartingShot,Reflect,LightScreen|Careful||M|||50|]Raichu||RaichuniteY|LightningRod|FakeOut,GrassKnot,FocusBlast,ZapCannon|Hasty||F|||50|]Garchomp||LifeOrb|RoughSkin|RockSlide,Earthquake,DragonClaw,Protect|Jolly||F|||50|]Annihilape||Leftovers|Defiant|IcePunch,RageFist,DrainPunch,Protect|Adamant||M|||50|]Volcarona||ChartiBerry|FlameBody|RagePowder,MorningSun,WillOWisp,HeatWave|Calm||F|||50|
|showteam|p2|Mawile||Mawilite|HyperCutter|IronHead,PlayRough,SuckerPunch,Protect|Brave||M|||50|]Incineroar||Charcoal|Intimidate|FlareBlitz,PartingShot,FakeOut,DarkestLariat|Adamant||M|||50|]Staraptor||ChoiceScarf|Intimidate|BraveBird,CloseCombat,Uturn,FinalGambit|Bashful||F|||50|]Farigiraf||SitrusBerry|ArmorTail|Psychic,GrassKnot,TrickRoom,HelpingHand|Quiet||M|||50|]Ampharos||Ampharosite|Static|Thunderbolt,DragonPulse,FocusBlast,Protect|Quiet||F|||50|]Basculegion||FocusSash|Adaptability|Liquidation,LastRespects,AquaJet,Protect|Adamant||M|||50|
|c|☆FruitloopsFL|glhf
|c|☆puffinbee|gl
|
|t:|1783369270
|teamsize|p1|4
|teamsize|p2|4
|start
|switch|p1a: Toucannon|Toucannon, L50, M|100/100
|switch|p1b: Annihilape|Annihilape, L50, M|100/100
|switch|p2a: Staraptor|Staraptor, L50, F|100/100
|switch|p2b: Farigiraf|Farigiraf, L50, M|100/100
|-ability|p2a: Staraptor|Intimidate|boost
|-unboost|p1a: Toucannon|atk|1
|-unboost|p1b: Annihilape|atk|1
|-ability|p1b: Annihilape|Defiant|boost
|-boost|p1b: Annihilape|atk|2
|turn|1
|
|t:|1783369330
|move|p1b: Annihilape|Protect|p1b: Annihilape
|-singleturn|p1b: Annihilape|Protect
|move|p2a: Staraptor|Brave Bird|p1b: Annihilape
|-activate|p1b: Annihilape|move: Protect
|move|p1a: Toucannon|Boomburst|p2b: Farigiraf|[spread] p2a,p2b
|-activate|p1b: Annihilape|move: Protect
|-crit|p2a: Staraptor
|-damage|p2a: Staraptor|30/100
|-damage|p2b: Farigiraf|65/100
|move|p2b: Farigiraf|Trick Room|p2b: Farigiraf
|-fieldstart|move: Trick Room|[of] p2b: Farigiraf
|
|upkeep
|turn|2
|
|t:|1783369374
|switch|p1b: Volcarona|Volcarona, L50, F|100/100
|move|p2b: Farigiraf|Psychic|p1b: Volcarona
|-damage|p1b: Volcarona|73/100
|move|p1a: Toucannon|Boomburst|p2b: Farigiraf|[spread] p1b,p2a,p2b
|-damage|p1b: Volcarona|52/100
|-damage|p2a: Staraptor|0 fnt
|-damage|p2b: Farigiraf|33/100
|-enditem|p2b: Farigiraf|Sitrus Berry|[eat]
|-heal|p2b: Farigiraf|58/100|[from] item: Sitrus Berry
|faint|p2a: Staraptor
|
|upkeep
|
|t:|1783369385
|switch|p2a: Ampharos|Ampharos, L50, F|100/100
|turn|3
|
|t:|1783369412
|detailschange|p2a: Ampharos|Ampharos-Mega, L50, F
|-mega|p2a: Ampharos|Ampharos|Ampharosite
|-ability|p2a: Ampharos|Mold Breaker
|move|p1a: Toucannon|Protect|p1a: Toucannon
|-singleturn|p1a: Toucannon|Protect
|move|p2a: Ampharos|Thunderbolt|p1a: Toucannon
|-activate|p1a: Toucannon|move: Protect
|move|p2b: Farigiraf|Psychic|p1b: Volcarona
|-damage|p1b: Volcarona|27/100
|move|p1b: Volcarona|Heat Wave|p2a: Ampharos|[spread] p2a,p2b
|-resisted|p2a: Ampharos|1
|-damage|p2a: Ampharos|86/100
|-damage|p2b: Farigiraf|26/100
|-status|p2b: Farigiraf|brn
|
|-damage|p2b: Farigiraf|20/100y brn|[from] brn
|upkeep
|turn|4
|
|t:|1783369444
|move|p1b: Volcarona|Rage Powder|p1b: Volcarona
|-singleturn|p1b: Volcarona|move: Rage Powder
|move|p2a: Ampharos|Thunderbolt|p1b: Volcarona
|-damage|p1b: Volcarona|0 fnt
|faint|p1b: Volcarona
|move|p2b: Farigiraf|Psychic|p1a: Toucannon
|-damage|p1a: Toucannon|49/100
|move|p1a: Toucannon|Boomburst|p2a: Ampharos|[spread] p2a,p2b
|-damage|p2a: Ampharos|59/100
|-damage|p2b: Farigiraf|0 fnt
|faint|p2b: Farigiraf
|
|upkeep
|
|t:|1783369456
|switch|p2b: Incineroar|Incineroar, L50, M|100/100
|switch|p1b: Raichu|Raichu, L50, F|100/100
|-ability|p2b: Incineroar|Intimidate|boost
|-unboost|p1a: Toucannon|atk|1
|-unboost|p1b: Raichu|atk|1
|turn|5
|
|t:|1783369477
|move|p2b: Incineroar|Fake Out|p1a: Toucannon
|-damage|p1a: Toucannon|34/100
|move|p1b: Raichu|Fake Out|p2b: Incineroar
|-damage|p2b: Incineroar|94/100
|move|p2a: Ampharos|Dragon Pulse|p1b: Raichu
|-damage|p1b: Raichu|0 fnt
|faint|p1b: Raichu
|cant|p1a: Toucannon|flinch
|
|-fieldend|move: Trick Room
|upkeep
|
|t:|1783369484
|switch|p1b: Annihilape|Annihilape, L50, M|100/100
|turn|6
|
|t:|1783369519
|move|p2a: Ampharos|Protect|p2a: Ampharos
|-singleturn|p2a: Ampharos|Protect
|move|p1b: Annihilape|Ice Punch|p2a: Ampharos
|-activate|p2a: Ampharos|move: Protect
|move|p1a: Toucannon|Boomburst|p2b: Incineroar|[spread] p2b
|-activate|p2a: Ampharos|move: Protect
|-immune|p1b: Annihilape
|-damage|p2b: Incineroar|62/100
|move|p2b: Incineroar|Flare Blitz|p1b: Annihilape
|-damage|p1b: Annihilape|24/100
|-damage|p2b: Incineroar|36/100|[from] Recoil
|
|-heal|p1b: Annihilape|30/100|[from] item: Leftovers
|upkeep
|turn|7
|
|t:|1783369574
|move|p1b: Annihilape|Drain Punch|p2b: Incineroar
|-supereffective|p2b: Incineroar|1
|-damage|p2b: Incineroar|0 fnt
|-heal|p1b: Annihilape|47/100|[from] drain|[of] p2b: Incineroar
|faint|p2b: Incineroar
|move|p1a: Toucannon|Boomburst|p2a: Ampharos|[spread] p2a
|-immune|p1b: Annihilape
|-damage|p2a: Ampharos|30/100
|move|p2a: Ampharos|Dragon Pulse|p1a: Toucannon
|-damage|p1a: Toucannon|0 fnt
|faint|p1a: Toucannon
|
|-heal|p1b: Annihilape|53/100|[from] item: Leftovers
|upkeep
|turn|8
|
|t:|1783369591
|move|p1b: Annihilape|Ice Punch|p2a: Ampharos
|-supereffective|p2a: Ampharos|1
|-damage|p2a: Ampharos|0 fnt
|faint|p2a: Ampharos
|
|win|FruitloopsFL
|c|☆FruitloopsFL|gg
||FruitloopsFL is ready for game 2.
|inactive|puffinbee has 30 seconds to confirm battle start!
||puffinbee is ready for game 2.
|uhtml|next|Next: Game 2 of 3
