|j|☆Moonlight Flutter
|j|☆zefhkb505
|html|Moonlight Flutterzefhkb505    
|uhtml|bestof|Game 1 of a best-of-3
|t:|1784789217
|gametype|doubles
|player|p1|Moonlight Flutter|miku-flying|
|player|p2|zefhkb505|hilbert|
|gen|9
|tier|[Gen 9 Champions] VGC 2026 Reg M-B (Bo3)
|rule|Species Clause: Limit one of each Pokémon
|rule|Item Clause: Limit 1 of each item
|clearpoke
|poke|p1|Floette-Eternal, L50, F|
|poke|p1|Maushold, L50|
|poke|p1|Pelipper, L50, M|
|poke|p1|Basculegion, L50, M|
|poke|p1|Kingambit, L50, M|
|poke|p1|Armarouge, L50, M|
|poke|p2|Azumarill, L50, M|
|poke|p2|Sinistcha, L50|
|poke|p2|Farigiraf, L50, F|
|poke|p2|Pelipper, L50, M|
|poke|p2|Incineroar, L50, M|
|poke|p2|Raichu, L50, M|
|teampreview|4
|showteam|p1|Floette-Eternal||Floettite|FlowerVeil|Moonblast,DazzlingGleam,CalmMind,Protect|Timid||F|||50|]Maushold||ChopleBerry|FriendGuard|FollowMe,SuperFang,Encore,Protect|Jolly|||||50|]Pelipper||FocusSash|Drizzle|Hurricane,MuddyWater,Tailwind,Protect|Modest||M|||50|]Basculegion||MysticWater|SwiftSwim|LastRespects,WaveCrash,FlipTurn,AquaJet|Adamant||M|||50|]Kingambit||BlackGlasses|Defiant|KowtowCleave,SuckerPunch,SwordsDance,Protect|Adamant||M|||50|]Armarouge||ShucaBerry|FlashFire|ArmorCannon,Psychic,TrickRoom,Protect|Modest||M|||50|
|showteam|p2|Azumarill||SitrusBerry|HugePower|BellyDrum,AquaJet,PlayRough,Protect|Adamant||M|||50|]Sinistcha||CobaBerry|Hospitality|RagePowder,MatchaGotcha,TrickRoom,LifeDew|Relaxed|||||50|]Farigiraf||ColburBerry|ArmorTail|TwinBeam,TrickRoom,LightScreen,HyperVoice|Quiet||F|||50|]Pelipper||LifeOrb|Drizzle|Hurricane,WeatherBall,Roost,WideGuard|Modest||M|||50|]Incineroar||PasshoBerry|Intimidate|FakeOut,FlareBlitz,PartingShot,DarkestLariat|Adamant||M|||50|]Raichu||RaichuniteY|LightningRod|FakeOut,FocusBlast,ZapCannon,Protect|Timid||M|||50|
|c|☆Moonlight Flutter|glhf
|
|t:|1784789255
|teamsize|p1|4
|teamsize|p2|4
|start
|switch|p1a: Maushold|Maushold, L50|100/100
|switch|p1b: Floette|Floette-Eternal, L50, F|100/100
|switch|p2a: Azumarill|Azumarill, L50, M|100/100
|switch|p2b: Raichu|Raichu, L50, M|100/100
|turn|1
|
|t:|1784789279
|detailschange|p2b: Raichu|Raichu-Mega-Y, L50, M
|-mega|p2b: Raichu|Raichu|Raichunite Y
|detailschange|p1b: Floette|Floette-Mega, L50, F
|-mega|p1b: Floette|Floette|Floettite
|-ability|p1b: Floette|Fairy Aura
|move|p2b: Raichu|Zap Cannon|p1a: Maushold
|-damage|p1a: Maushold|15/100
|-status|p1a: Maushold|par
|move|p1b: Floette|Dazzling Gleam|p2b: Raichu|[spread] p2a,p2b
|-damage|p2a: Azumarill|56/100
|-damage|p2b: Raichu|24/100
|move|p1a: Maushold|Super Fang|p2a: Azumarill
|-damage|p2a: Azumarill|28/100
|-enditem|p2a: Azumarill|Sitrus Berry|[eat]
|-heal|p2a: Azumarill|52/100|[from] item: Sitrus Berry
|move|p2a: Azumarill|Play Rough|p1b: Floette
|-damage|p1b: Floette|22/100
|-unboost|p1b: Floette|atk|1
|
|upkeep
|turn|2
|
|t:|1784789306
|move|p1b: Floette|Protect|p1b: Floette
|-singleturn|p1b: Floette|Protect
|move|p1a: Maushold|Follow Me|p1a: Maushold
|-singleturn|p1a: Maushold|move: Follow Me
|move|p2b: Raichu|Zap Cannon|p1a: Maushold
|-damage|p1a: Maushold|0 fnt
|faint|p1a: Maushold
|move|p2a: Azumarill|Play Rough|p1b: Floette
|-activate|p1b: Floette|move: Protect
|
|upkeep
|
|t:|1784789316
|switch|p1a: Basculegion|Basculegion, L50, M|100/100
|turn|3
|
|t:|1784789325
|switch|p1b: Pelipper|Pelipper, L50, M|100/100
|-weather|RainDance|[from] ability: Drizzle|[of] p1b: Pelipper
|move|p2b: Raichu|Protect|p2b: Raichu
|-singleturn|p2b: Raichu|Protect
|move|p1a: Basculegion|Aqua Jet|p2b: Raichu
|-activate|p2b: Raichu|move: Protect
|move|p2a: Azumarill|Aqua Jet|p1b: Pelipper
|-resisted|p1b: Pelipper|1
|-damage|p1b: Pelipper|73/100
|
|-weather|RainDance|[upkeep]
|upkeep
|turn|4
|
|t:|1784789340
|switch|p2b: Incineroar|Incineroar, L50, M|100/100
|-ability|p2b: Incineroar|Intimidate|boost
|-unboost|p1a: Basculegion|atk|1
|-unboost|p1b: Pelipper|atk|1
|move|p1a: Basculegion|Last Respects|p2b: Incineroar
|-resisted|p2b: Incineroar|1
|-damage|p2b: Incineroar|82/100
|move|p1b: Pelipper|Hurricane|p2a: Azumarill
|-damage|p2a: Azumarill|1/100
|-start|p2a: Azumarill|confusion
|-activate|p2a: Azumarill|confusion
|move|p2a: Azumarill|Play Rough|p1a: Basculegion
|-damage|p1a: Basculegion|35/100
|
|-weather|RainDance|[upkeep]
|upkeep
|turn|5
|
|t:|1784789383
|switch|p2a: Sinistcha|Sinistcha, L50|100/100
|-heal|p2b: Incineroar|100/100|[from] ability: Hospitality|[of] p2a: Sinistcha
|move|p1a: Basculegion|Flip Turn|p2a: Sinistcha
|-resisted|p2a: Sinistcha|1
|-damage|p2a: Sinistcha|85/100
|
|t:|1784789387
|switch|p1a: Floette|Floette-Mega, L50, F|22/100|[from] Flip Turn
|-ability|p1a: Floette|Fairy Aura
|move|p1b: Pelipper|Tailwind|p1b: Pelipper
|-sidestart|p1: Moonlight Flutter|move: Tailwind
|move|p2b: Incineroar|Darkest Lariat|p1a: Floette
|-resisted|p1a: Floette|1
|-damage|p1a: Floette|0 fnt
|faint|p1a: Floette
|
|-weather|RainDance|[upkeep]
|upkeep
|
|t:|1784789389
|switch|p1a: Basculegion|Basculegion, L50, M|35/100
|turn|6
|
|t:|1784789403
|move|p1a: Basculegion|Last Respects|p2a: Sinistcha
|-supereffective|p2a: Sinistcha|1
|-damage|p2a: Sinistcha|0 fnt
|faint|p2a: Sinistcha
|move|p1b: Pelipper|Muddy Water|p2b: Incineroar
|-supereffective|p2b: Incineroar|1
|-enditem|p2b: Incineroar|Passho Berry|[eat]
|-enditem|p2b: Incineroar|Passho Berry|[weaken]
|-damage|p2b: Incineroar|50/100g
|-unboost|p2b: Incineroar|accuracy|1
|move|p2b: Incineroar|Darkest Lariat|p1a: Basculegion
|-supereffective|p1a: Basculegion|1
|-damage|p1a: Basculegion|0 fnt
|faint|p1a: Basculegion
|
|-weather|RainDance|[upkeep]
|upkeep
|
|t:|1784789418
|switch|p2a: Raichu|Raichu-Mega-Y, L50, M|24/100
|turn|7
|
|t:|1784789424
|move|p2a: Raichu|Fake Out|p1b: Pelipper
|-damage|p1b: Pelipper|63/100
|cant|p1b: Pelipper|flinch
|move|p2b: Incineroar|Darkest Lariat|p1b: Pelipper
|-damage|p1b: Pelipper|8/100
|
|-weather|none
|upkeep
|turn|8
|
|t:|1784789433
|move|p2a: Raichu|Protect|p2a: Raichu
|-singleturn|p2a: Raichu|Protect
|move|p1b: Pelipper|Muddy Water|p2b: Incineroar|[spread] p2b
|-activate|p2a: Raichu|move: Protect
|-supereffective|p2b: Incineroar|1
|-damage|p2b: Incineroar|3/100
|move|p2b: Incineroar|Flare Blitz|p1b: Pelipper
|-resisted|p1b: Pelipper|1
|-crit|p1b: Pelipper
|-damage|p1b: Pelipper|0 fnt
|faint|p1b: Pelipper
|-damage|p2b: Incineroar|1/100|[from] Recoil
|
|win|zefhkb505
||zefhkb505 is ready for game 2.
||Moonlight Flutter is ready for game 2.
|uhtml|next|Next: Game 2 of 3
|l|☆zefhkb505
|player|p2|
