|j|☆hungry hillo
|j|☆SwaggyMcGoo
|html|hungry hilloSwaggyMcGoo    
|uhtml|bestof|Game 2 of a best-of-3
|t:|1756917236
|gametype|doubles
|player|p1|hungry hillo|n|1117
|player|p2|SwaggyMcGoo|clown|1000
|gen|9
|tier|[Gen 9] VGC 2025 Reg H (Bo3)
|rated|
|rule|Species Clause: Limit one of each Pokémon
|rule|Item Clause: Limit 1 of each item
|clearpoke
|poke|p1|Incineroar, L50, M|
|poke|p1|Kingambit, L50, M|
|poke|p1|Annihilape, L50, F|
|poke|p1|Electabuzz, L50, M|
|poke|p1|Ursaluna-Bloodmoon, L50, M|
|poke|p1|Rillaboom, L50, F|
|poke|p2|Electrode-Hisui, L50|
|poke|p2|Archaludon, L50, M|
|poke|p2|Volcarona, L50, F|
|poke|p2|Pelipper, L50, F|
|poke|p2|Talonflame, L50, F|
|poke|p2|Oricorio-Sensu, L50, F|
|teampreview|4
|showteam|p1|Incineroar||MirrorHerb|Intimidate|FakeOut,KnockOff,PartingShot,FlareBlitz|||M|||50|,,,,,Bug]Kingambit||BlackGlasses|Defiant|SuckerPunch,KowtowCleave,SwordsDance,Protect|||M|||50|,,,,,Dark]Annihilape||SafetyGoggles|Defiant|BulkUp,DrainPunch,RageFist,Protect|||F|||50|,,,,,Fire]Electabuzz||Eviolite|VitalSpirit|Electroweb,FollowMe,Taunt,Protect|||M|||50|,,,,,Ghost]Ursaluna-Bloodmoon||LifeOrb|MindsEye|EarthPower,BloodMoon,HyperVoice,Protect|||M|||50|,,,,,Normal]Rillaboom||AssaultVest|GrassySurge|FakeOut,GrassyGlide,WoodHammer,Uturn|||F|||50|,,,,,Water
|showteam|p2|Electrode-Hisui||LoadedDice|Soundproof|BulletSeed,ThunderWave,Taunt,RainDance||||||50|,,,,,Ghost]Archaludon||AssaultVest|Stamina|ElectroShot,DragonPulse,FlashCannon,BodyPress|||M|||50|,,,,,Grass]Volcarona||Leftovers|FlameBody|FieryDance,QuiverDance,GigaDrain,Protect|||F|||50|,,,,,Water]Pelipper||SafetyGoggles|Drizzle|WeatherBall,Tailwind,WideGuard,Protect|||F|||50|,,,,,Ghost]Talonflame||CovertCloak|GaleWings|DualWingbeat,Tailwind,FlareBlitz,Uturn|||F|||50|,,,,,Flying]Oricorio-Sensu||FocusSash|Dancer|RevelationDance,AirSlash,Protect,AlluringVoice|||F|||50|,,,,,Stellar
|inactive|Battle timer is ON: inactive players will automatically lose when time's up. (requested by SwaggyMcGoo)
|
|t:|1756917259
|teamsize|p1|4
|teamsize|p2|4
|start
|switch|p1a: Bumble bee|Electabuzz, L50, M|100/100
|switch|p1b: Vegeta|Annihilape, L50, F, shiny|100/100
|switch|p2a: Electrode|Electrode-Hisui, L50|100/100
|switch|p2b: Archaludon|Archaludon, L50, M|100/100
|turn|1
|
|t:|1756917278
|move|p1a: Bumble bee|Follow Me|p1a: Bumble bee
|-singleturn|p1a: Bumble bee|move: Follow Me
|move|p2a: Electrode|Bullet Seed|p1a: Bumble bee
|-damage|p1a: Bumble bee|96/100
|-damage|p1a: Bumble bee|91/100
|-damage|p1a: Bumble bee|86/100
|-damage|p1a: Bumble bee|81/100
|-hitcount|p1a: Bumble bee|4
|move|p1b: Vegeta|Bulk Up|p1b: Vegeta
|-boost|p1b: Vegeta|atk|1
|-boost|p1b: Vegeta|def|1
|move|p2b: Archaludon|Body Press|p1a: Bumble bee
|-damage|p1a: Bumble bee|57/100
|
|upkeep
|turn|2
|
|t:|1756917295
|move|p1a: Bumble bee|Follow Me|p1a: Bumble bee
|-singleturn|p1a: Bumble bee|move: Follow Me
|move|p2a: Electrode|Rain Dance|p2a: Electrode
|-weather|RainDance
|move|p1b: Vegeta|Bulk Up|p1b: Vegeta
|-boost|p1b: Vegeta|atk|1
|-boost|p1b: Vegeta|def|1
|move|p2b: Archaludon|Electro Shot||[still]
|-prepare|p2b: Archaludon|Electro Shot
|-boost|p2b: Archaludon|spa|1
|-anim|p2b: Archaludon|Electro Shot|p1a: Bumble bee
|-resisted|p1a: Bumble bee
|-damage|p1a: Bumble bee|35/100
|
|-weather|RainDance|[upkeep]
|upkeep
|turn|3
|inactive|SwaggyMcGoo has 30 seconds left.
|inactive|SwaggyMcGoo has 20 seconds left.
|inactive|SwaggyMcGoo has 15 seconds left.
|
|t:|1756917336
|move|p1a: Bumble bee|Follow Me|p1a: Bumble bee
|-singleturn|p1a: Bumble bee|move: Follow Me
|move|p2a: Electrode|Bullet Seed|p1a: Bumble bee
|-damage|p1a: Bumble bee|28/100
|-damage|p1a: Bumble bee|24/100
|-damage|p1a: Bumble bee|19/100
|-damage|p1a: Bumble bee|14/100
|-hitcount|p1a: Bumble bee|4
|move|p1b: Vegeta|Drain Punch|p2b: Archaludon
|-supereffective|p2b: Archaludon
|-damage|p2b: Archaludon|15/100
|-ability|p2b: Archaludon|Stamina|boost
|-boost|p2b: Archaludon|def|1
|move|p2b: Archaludon|Electro Shot||[still]
|-prepare|p2b: Archaludon|Electro Shot
|-boost|p2b: Archaludon|spa|1
|-anim|p2b: Archaludon|Electro Shot|p1a: Bumble bee
|-resisted|p1a: Bumble bee
|-damage|p1a: Bumble bee|0 fnt
|faint|p1a: Bumble bee
|
|-weather|RainDance|[upkeep]
|upkeep
|
|t:|1756917356
|switch|p1a: Ursaluna|Ursaluna-Bloodmoon, L50, M|100/100
|turn|4
|
|t:|1756917374
|-terastallize|p1a: Ursaluna|Normal
|move|p2a: Electrode|Thunder Wave|p1b: Vegeta
|-status|p1b: Vegeta|par
|move|p2b: Archaludon|Electro Shot||[still]
|-prepare|p2b: Archaludon|Electro Shot
|-boost|p2b: Archaludon|spa|1
|-anim|p2b: Archaludon|Electro Shot|p1b: Vegeta
|-damage|p1b: Vegeta|15/100 par
|move|p1a: Ursaluna|Hyper Voice|p2a: Electrode|[spread] p2b
|-immune|p2a: Electrode|[from] ability: Soundproof
|-resisted|p2b: Archaludon
|-damage|p2b: Archaludon|0 fnt
|faint|p2b: Archaludon
|-damage|p1a: Ursaluna|91/100|[from] item: Life Orb
|cant|p1b: Vegeta|par
|
|-weather|RainDance|[upkeep]
|upkeep
|
|t:|1756917395
|switch|p2b: Volcarona|Volcarona, L50, F|100/100
|turn|5
|
|t:|1756917406
|cant|p1b: Vegeta|par
|move|p2a: Electrode|Thunder Wave|p1a: Ursaluna
|-status|p1a: Ursaluna|par
|move|p2b: Volcarona|Fiery Dance|p1b: Vegeta
|-damage|p1b: Vegeta|0 fnt
|-boost|p2b: Volcarona|spa|1
|faint|p1b: Vegeta
|move|p1a: Ursaluna|Blood Moon|p2b: Volcarona
|-damage|p2b: Volcarona|0 fnt
|faint|p2b: Volcarona
|-damage|p1a: Ursaluna|81/100 par|[from] item: Life Orb
|
|-weather|RainDance|[upkeep]
|upkeep
|
|t:|1756917419
|switch|p1b: Shang chi|Kingambit, L50, M, shiny|100/100
|switch|p2b: Oricorio|Oricorio-Sensu, L50, F|100/100
|turn|6
|
|t:|1756917433
|-terastallize|p2b: Oricorio|Stellar
|move|p1b: Shang chi|Protect|p1b: Shang chi
|-singleturn|p1b: Shang chi|Protect
|move|p2a: Electrode|Thunder Wave|p1b: Shang chi
|-activate|p1b: Shang chi|move: Protect
|move|p2b: Oricorio|Air Slash|p1a: Ursaluna
|-damage|p1a: Ursaluna|33/100 par
|cant|p1a: Ursaluna|par
|
|-weather|none
|upkeep
|turn|7
|inactive|SwaggyMcGoo has 30 seconds left.
|
|t:|1756917459
|cant|p1a: Ursaluna|par
|move|p2a: Electrode|Thunder Wave|p1b: Shang chi
|-status|p1b: Shang chi|par
|move|p2b: Oricorio|Air Slash|p1a: Ursaluna
|-damage|p1a: Ursaluna|0 fnt
|faint|p1a: Ursaluna
|move|p1b: Shang chi|Swords Dance|p1b: Shang chi
|-boost|p1b: Shang chi|atk|2
|-activate|p2b: Oricorio|ability: Dancer
|move|p2b: Oricorio|Swords Dance|p2b: Oricorio|[from] ability: Dancer
|-boost|p2b: Oricorio|atk|2
|
|upkeep
|turn|8
|c|☆SwaggyMcGoo|these hax are insane
|c|☆hungry hillo|They are
|inactive|SwaggyMcGoo has 30 seconds left.
|
|t:|1756917486
|move|p2a: Electrode|Bullet Seed|p1b: Shang chi
|-resisted|p1b: Shang chi
|-damage|p1b: Shang chi|99/100 par
|-resisted|p1b: Shang chi
|-damage|p1b: Shang chi|98/100 par
|-resisted|p1b: Shang chi
|-damage|p1b: Shang chi|96/100 par
|-resisted|p1b: Shang chi
|-damage|p1b: Shang chi|95/100 par
|-hitcount|p1b: Shang chi|4
|move|p2b: Oricorio|Air Slash|p1b: Shang chi
|-resisted|p1b: Shang chi
|-damage|p1b: Shang chi|78/100 par
|cant|p1b: Shang chi|par
|
|upkeep
|turn|9
|
|t:|1756917504
|move|p2a: Electrode|Bullet Seed|p1b: Shang chi
|-resisted|p1b: Shang chi
|-damage|p1b: Shang chi|76/100 par
|-resisted|p1b: Shang chi
|-damage|p1b: Shang chi|74/100 par
|-resisted|p1b: Shang chi
|-damage|p1b: Shang chi|73/100 par
|-resisted|p1b: Shang chi
|-damage|p1b: Shang chi|72/100 par
|-resisted|p1b: Shang chi
|-damage|p1b: Shang chi|70/100 par
|-hitcount|p1b: Shang chi|5
|move|p2b: Oricorio|Air Slash|p1b: Shang chi
|-resisted|p1b: Shang chi
|-damage|p1b: Shang chi|54/100 par
|move|p1b: Shang chi|Kowtow Cleave|p2b: Oricorio
|-supereffective|p2b: Oricorio
|-crit|p2b: Oricorio
|-enditem|p2b: Oricorio|Focus Sash
|-damage|p2b: Oricorio|1/100
|
|upkeep
|turn|10
|
|t:|1756917522
|move|p1b: Shang chi|Sucker Punch|p2b: Oricorio
|-supereffective|p2b: Oricorio
|-damage|p2b: Oricorio|0 fnt
|faint|p2b: Oricorio
|move|p2a: Electrode|Bullet Seed|p1b: Shang chi
|-resisted|p1b: Shang chi
|-damage|p1b: Shang chi|53/100 par
|-resisted|p1b: Shang chi
|-damage|p1b: Shang chi|51/100 par
|-resisted|p1b: Shang chi
|-damage|p1b: Shang chi|49/100 par
|-resisted|p1b: Shang chi
|-damage|p1b: Shang chi|48/100 par
|-resisted|p1b: Shang chi
|-damage|p1b: Shang chi|46/100 par
|-hitcount|p1b: Shang chi|5
|
|upkeep
|turn|11
|c|☆SwaggyMcGoo|gg
|
|t:|1756917536
|move|p2a: Electrode|Bullet Seed|p1b: Shang chi
|-resisted|p1b: Shang chi
|-damage|p1b: Shang chi|45/100 par
|-resisted|p1b: Shang chi
|-damage|p1b: Shang chi|43/100 par
|-resisted|p1b: Shang chi
|-damage|p1b: Shang chi|42/100 par
|-resisted|p1b: Shang chi
|-damage|p1b: Shang chi|41/100 par
|-hitcount|p1b: Shang chi|4
|move|p1b: Shang chi|Kowtow Cleave|p2a: Electrode
|-damage|p2a: Electrode|0 fnt
|faint|p2a: Electrode
|
|win|hungry hillo
|raw|hungry hillo's rating: 1117 → 1134(+17 for winning)
|raw|SwaggyMcGoo's rating: 1000 → 1000(+0 for losing)
|c|☆hungry hillo|Gg
|l|☆SwaggyMcGoo
|player|p2|
