|j|☆daikyh
|j|☆dingle bong
|html|daikyhdingle bong    
|uhtml|bestof|Game 3 of a best-of-3
|t:|1783535247
|gametype|doubles
|player|p1|daikyh|101|1105
|player|p2|dingle bong|265|1119
|gen|9
|tier|[Gen 9 Champions] VGC 2026 Reg M-B (Bo3)
|rated|
|rule|Species Clause: Limit one of each Pokémon
|rule|Item Clause: Limit 1 of each item
|clearpoke
|poke|p1|Charizard, L50, M|
|poke|p1|Garchomp, L50, F, shiny|
|poke|p1|Incineroar, L50, F, shiny|
|poke|p1|Annihilape, L50, F|
|poke|p1|Toxapex, L50, M|
|poke|p1|Venusaur, L50, M|
|poke|p2|Mawile, L50, F|
|poke|p2|Basculegion, L50, M|
|poke|p2|Garchomp, L50, M|
|poke|p2|Whimsicott, L50, M|
|poke|p2|Farigiraf, L50, M|
|poke|p2|Charizard, L50, M|
|teampreview|4
|showteam|p1|Charizard||CharizarditeY|SolarPower|WeatherBall,HeatWave,Protect,HelpingHand|Modest||M|||50|]Garchomp||ChoiceScarf|RoughSkin|RockSlide,Earthquake,StompingTantrum,DragonClaw|Adamant||F|||50|]Incineroar||SitrusBerry|Intimidate|PartingShot,FakeOut,FlareBlitz,ThroatChop|Careful||F|||50|]Annihilape||FocusSash|Defiant|ShadowClaw,Protect,CloseCombat,StoneEdge|Jolly||F|||50|]Toxapex||Leftovers|Regenerator|BanefulBunker,Infestation,Toxic,WideGuard|Bold||M|||50|]Venusaur||LifeOrb|Chlorophyll|LeafStorm,Protect,SludgeBomb,EarthPower|Modest||M|||50|
|showteam|p2|Mawile||Mawilite|HyperCutter|PlayRough,SuckerPunch,IronHead,Protect|Adamant||F|||50|]Basculegion||MysticWater|Adaptability|WaveCrash,LastRespects,AquaJet,Protect|Adamant||M|||50|]Garchomp||LifeOrb|RoughSkin|Earthquake,DragonClaw,RockSlide,Protect|Jolly||M|||50|]Whimsicott||FocusSash|Prankster|Moonblast,Encore,Tailwind,Protect|Timid||M|||50|]Farigiraf||SitrusBerry|ArmorTail|TwinBeam,Thunderbolt,TrickRoom,HelpingHand|Bold||M|||50|]Charizard||CharizarditeY|Blaze|HeatWave,WeatherBall,SolarBeam,Protect|Modest||M|||50|
|inactive|Battle timer is ON: inactive players will automatically lose when time's up. (requested by daikyh)
|
|t:|1783535302
|teamsize|p1|4
|teamsize|p2|4
|start
|switch|p1a: Incineroar|Incineroar, L50, F, shiny|100/100
|switch|p1b: Annihilape|Annihilape, L50, F|100/100
|switch|p2a: Charizard|Charizard, L50, M|100/100
|switch|p2b: Farigiraf|Farigiraf, L50, M|100/100
|-ability|p1a: Incineroar|Intimidate|boost
|-unboost|p2a: Charizard|atk|1
|-unboost|p2b: Farigiraf|atk|1
|turn|1
|
|t:|1783535318
|switch|p2a: Garchomp|Garchomp, L50, M|100/100
|move|p1b: Annihilape|Close Combat|p2b: Farigiraf
|-damage|p2b: Farigiraf|54/100
|-unboost|p1b: Annihilape|def|1
|-unboost|p1b: Annihilape|spd|1
|move|p1a: Incineroar|Throat Chop|p2b: Farigiraf
|-supereffective|p2b: Farigiraf|1
|-damage|p2b: Farigiraf|6/100
|-start|p2b: Farigiraf|Throat Chop|[silent]
|-enditem|p2b: Farigiraf|Sitrus Berry|[eat]
|-heal|p2b: Farigiraf|31/100|[from] item: Sitrus Berry
|move|p2b: Farigiraf|Trick Room|p2b: Farigiraf
|-fieldstart|move: Trick Room|[of] p2b: Farigiraf
|
|upkeep
|turn|2
|inactive|daikyh has 30 seconds left.
|
|t:|1783535348
|move|p1b: Annihilape|Protect|p1b: Annihilape
|-singleturn|p1b: Annihilape|Protect
|move|p2b: Farigiraf|Twin Beam|p1b: Annihilape
|-activate|p1b: Annihilape|move: Protect
|move|p1a: Incineroar|Throat Chop|p2b: Farigiraf
|-supereffective|p2b: Farigiraf|1
|-damage|p2b: Farigiraf|0 fnt
|faint|p2b: Farigiraf
|move|p2a: Garchomp|Dragon Claw|p1a: Incineroar
|-damage|p1a: Incineroar|54/100
|-damage|p2a: Garchomp|90/100|[from] item: Life Orb
|
|upkeep
|
|t:|1783535354
|switch|p2b: Charizard|Charizard, L50, M|100/100
|turn|3
|
|t:|1783535375
|switch|p1b: Charizard|Charizard, L50, M|100/100
|move|p2b: Charizard|Protect|p2b: Charizard
|-singleturn|p2b: Charizard|Protect
|move|p1a: Incineroar|Parting Shot|p2a: Garchomp
|-unboost|p2a: Garchomp|atk|1
|-unboost|p2a: Garchomp|spa|1
|
|t:|1783535391
|switch|p1a: Annihilape|Annihilape, L50, F|100/100|[from] Parting Shot
|move|p2a: Garchomp|Earthquake|p1a: Annihilape|[spread] p1a
|-activate|p2b: Charizard|move: Protect
|-immune|p1b: Charizard
|-crit|p1a: Annihilape
|-damage|p1a: Annihilape|15/100
|-damage|p2a: Garchomp|80/100|[from] item: Life Orb
|
|upkeep
|turn|4
|
|t:|1783535406
|detailschange|p2b: Charizard|Charizard-Mega-Y, L50, M
|-mega|p2b: Charizard|Charizard|Charizardite Y
|-weather|SunnyDay|[from] ability: Drought|[of] p2b: Charizard
|detailschange|p1b: Charizard|Charizard-Mega-Y, L50, M
|-mega|p1b: Charizard|Charizard|Charizardite Y
|move|p1b: Charizard|Protect|p1b: Charizard
|-singleturn|p1b: Charizard|Protect
|move|p1a: Annihilape|Protect|p1a: Annihilape
|-singleturn|p1a: Annihilape|Protect
|move|p2b: Charizard|Heat Wave|p1b: Charizard|[spread] 
|-activate|p1a: Annihilape|move: Protect
|-activate|p1b: Charizard|move: Protect
|move|p2a: Garchomp|Rock Slide|p1b: Charizard|[spread] 
|-activate|p1a: Annihilape|move: Protect
|-activate|p1b: Charizard|move: Protect
|
|-weather|SunnyDay|[upkeep]
|upkeep
|turn|5
|inactive|daikyh has 30 seconds left.
|inactive|dingle bong has 30 seconds left.
|inactive|daikyh has 20 seconds left.
|
|t:|1783535449
|switch|p1b: Incineroar|Incineroar, L50, F, shiny|54/100
|-ability|p1b: Incineroar|Intimidate|boost
|-unboost|p2a: Garchomp|atk|1
|-unboost|p2b: Charizard|atk|1
|move|p2b: Charizard|Heat Wave|p1a: Annihilape|[spread] p1a
|-miss|p2b: Charizard|p1b: Incineroar
|-damage|p1a: Annihilape|0 fnt
|faint|p1a: Annihilape
|move|p2a: Garchomp|Earthquake|p1b: Incineroar|[spread] p1b
|-immune|p2b: Charizard
|-supereffective|p1b: Incineroar|1
|-damage|p1b: Incineroar|7/100
|-enditem|p1b: Incineroar|Sitrus Berry|[eat]
|-heal|p1b: Incineroar|31/100|[from] item: Sitrus Berry
|-damage|p2a: Garchomp|70/100|[from] item: Life Orb
|
|-weather|SunnyDay|[upkeep]
|-fieldend|move: Trick Room
|upkeep
|
|t:|1783535466
|switch|p1a: Charizard|Charizard-Mega-Y, L50, M|100/100
|turn|6
|
|t:|1783535477
|move|p2a: Garchomp|Protect|p2a: Garchomp
|-singleturn|p2a: Garchomp|Protect
|move|p1b: Incineroar|Fake Out|p2a: Garchomp
|-activate|p2a: Garchomp|move: Protect
|move|p1a: Charizard|Heat Wave|p2a: Garchomp|[spread] p2b
|-activate|p2a: Garchomp|move: Protect
|-resisted|p2b: Charizard|1
|-damage|p2b: Charizard|72/100
|move|p2b: Charizard|Weather Ball|p1b: Incineroar
|-resisted|p1b: Incineroar|1
|-damage|p1b: Incineroar|0 fnt
|faint|p1b: Incineroar
|
|-weather|SunnyDay|[upkeep]
|upkeep
|
|t:|1783535492
|switch|p1b: Venusaur|Venusaur, L50, M|100/100
|turn|7
|inactive|dingle bong has 30 seconds left.
|inactive|dingle bong has 20 seconds left.
|inactive|dingle bong has 15 seconds left.
|
|t:|1783535536
|switch|p2a: Basculegion|Basculegion, L50, M|100/100
|move|p1b: Venusaur|Leaf Storm|p2a: Basculegion
|-supereffective|p2a: Basculegion|1
|-crit|p2a: Basculegion
|-damage|p2a: Basculegion|0 fnt
|-unboost|p1b: Venusaur|spa|2
|faint|p2a: Basculegion
|-damage|p1b: Venusaur|90/100|[from] item: Life Orb
|move|p1a: Charizard|Weather Ball|p2b: Charizard
|-resisted|p2b: Charizard|1
|-damage|p2b: Charizard|30/100
|move|p2b: Charizard|Weather Ball|p1b: Venusaur
|-supereffective|p1b: Venusaur|1
|-damage|p1b: Venusaur|0 fnt
|faint|p1b: Venusaur
|
|-weather|SunnyDay|[upkeep]
|upkeep
|
|t:|1783535552
|switch|p2a: Garchomp|Garchomp, L50, M|70/100
|turn|8
|
|t:|1783535559
|move|p2a: Garchomp|Protect|p2a: Garchomp
|-singleturn|p2a: Garchomp|Protect
|move|p2b: Charizard|Protect|p2b: Charizard
|-singleturn|p2b: Charizard|Protect
|move|p1a: Charizard|Heat Wave|p2b: Charizard|[spread] 
|-activate|p2a: Garchomp|move: Protect
|-activate|p2b: Charizard|move: Protect
|
|-weather|none
|upkeep
|turn|9
|
|t:|1783535567
|move|p2a: Garchomp|Rock Slide|p1a: Charizard
|-supereffective|p1a: Charizard|2
|-damage|p1a: Charizard|0 fnt
|faint|p1a: Charizard
|-damage|p2a: Garchomp|61/100|[from] item: Life Orb
|
|win|dingle bong
|raw|daikyh's rating: 1105 → 1081(-24 for losing)
|raw|dingle bong's rating: 1119 → 1143(+24 for winning)
|l|☆daikyh
|player|p1|
