|j|☆ansufati7
|j|☆pinba2
|html|ansufati7pinba2    
|uhtml|bestof|Game 1 of a best-of-3
|t:|1757000661
|gametype|doubles
|player|p1|ansufati7|ethan|1125
|player|p2|pinba2|nate|1010
|gen|9
|tier|[Gen 9] VGC 2025 Reg H (Bo3)
|rated|
|rule|Species Clause: Limit one of each Pokémon
|rule|Item Clause: Limit 1 of each item
|clearpoke
|poke|p1|Ursaluna-Bloodmoon, L50, M|
|poke|p1|Rillaboom, L50, M|
|poke|p1|Gholdengo, L50|
|poke|p1|Incineroar, L50, F|
|poke|p1|Whimsicott, L50, M|
|poke|p1|Dragonite, L50, F|
|poke|p2|Annihilape, L50, F|
|poke|p2|Garchomp, L50, F|
|poke|p2|Incineroar, L50, M|
|poke|p2|Whimsicott, L50, M|
|poke|p2|Rillaboom, L50, M|
|poke|p2|Palafin, L50, F|
|teampreview|4
|showteam|p1|Ursaluna-Bloodmoon||AssaultVest|MindsEye|BloodMoon,VacuumWave,EarthPower,HyperVoice|||M|||50|,,,,,Ghost]Rillaboom||MiracleSeed|GrassySurge|FakeOut,GrassyGlide,Uturn,WoodHammer|||M|||50|,,,,,Fire]Gholdengo||ChoiceScarf|GoodasGold|MakeItRain,ShadowBall,Trick,NastyPlot||||||50|,,,,,Water]Incineroar||SafetyGoggles|Intimidate|FakeOut,KnockOff,PartingShot,WillOWisp|||F|||50|,,,,,Ghost]Whimsicott||CovertCloak|Prankster|Moonblast,Tailwind,SunnyDay,Encore|||M|||50|,,,,,Poison]Dragonite||LoadedDice|Multiscale|ExtremeSpeed,Protect,ScaleShot,Haze|||F|||50|,,,,,Normal
|showteam|p2|Annihilape||ChoiceScarf|Defiant|IcePunch,PoisonJab,RageFist,CloseCombat|||F|||50|,,,,,Dark]Garchomp||FocusSash|RoughSkin|ScaleShot,RockSlide,Earthquake,Protect|||F|||50|,,,,,Ground]Incineroar||CovertCloak|Intimidate|FlareBlitz,SunnyDay,KnockOff,FakeOut|||M|||50|,,,,,Bug]Whimsicott||AbilityShield|Prankster|Encore,Tailwind,DazzlingGleam,TrickRoom|||M|||50|,,,,,Dark]Rillaboom||MiracleSeed|GrassySurge|FakeOut,GrassyGlide,WoodHammer,Taunt|||M|||50|,,,,,Fire]Palafin||MysticWater|ZerotoHero|Haze,WaveCrash,IcePunch,CloseCombat|||F|||50|,,,,,Water
|inactive|Battle timer is ON: inactive players will automatically lose when time's up. (requested by pinba2)
|inactive|ansufati7 has 60 seconds left.
|inactive|pinba2 has 60 seconds left.
|inactive|pinba2 has 30 seconds left.
|inactive|pinba2 has 20 seconds left.
|inactive|pinba2 has 15 seconds left.
|
|t:|1757000744
|teamsize|p1|4
|teamsize|p2|4
|start
|switch|p1a: Whimsicott|Whimsicott, L50, M, shiny|100/100
|switch|p1b: Incineroar|Incineroar, L50, F|100/100
|switch|p2a: Garchomp|Garchomp, L50, F|100/100
|switch|p2b: Whimsicott|Whimsicott, L50, M|100/100
|-ability|p1b: Incineroar|Intimidate|boost
|-unboost|p2a: Garchomp|atk|1
|-unboost|p2b: Whimsicott|atk|1
|turn|1
|inactive|ansufati7 has 30 seconds left.
|inactive|pinba2 has 30 seconds left.
|inactive|pinba2 has 20 seconds left.
|inactive|pinba2 has 15 seconds left.
|inactive|pinba2 has 10 seconds left.
|
|t:|1757000793
|move|p2a: Garchomp|Protect|p2a: Garchomp
|-singleturn|p2a: Garchomp|Protect
|move|p1b: Incineroar|Fake Out|p2b: Whimsicott
|-damage|p2b: Whimsicott|84/100
|cant|p2b: Whimsicott|flinch
|move|p1a: Whimsicott|Tailwind|p1a: Whimsicott
|-sidestart|p1: ansufati7|move: Tailwind
|
|upkeep
|turn|2
|
|t:|1757000820
|-terastallize|p2a: Garchomp|Ground
|move|p1a: Whimsicott|Encore|p2a: Garchomp
|-start|p2a: Garchomp|Encore
|move|p2b: Whimsicott|Encore||[still]
|-fail|p2b: Whimsicott
|move|p2a: Garchomp|Protect|p2a: Garchomp
|-singleturn|p2a: Garchomp|Protect
|move|p1b: Incineroar|Knock Off|p2b: Whimsicott
|-resisted|p2b: Whimsicott
|-damage|p2b: Whimsicott|53/100
|-enditem|p2b: Whimsicott|Ability Shield|[from] move: Knock Off|[of] p1b: Incineroar
|
|upkeep
|turn|3
|inactive|ansufati7 has 30 seconds left.
|inactive|pinba2 has 30 seconds left.
|
|t:|1757000846
|switch|p2a: Incineroar|Incineroar, L50, M|100/100
|-ability|p2a: Incineroar|Intimidate|boost
|-unboost|p1a: Whimsicott|atk|1
|-unboost|p1b: Incineroar|atk|1
|move|p2b: Whimsicott|Tailwind|p2b: Whimsicott
|-sidestart|p2: pinba2|move: Tailwind
|move|p1a: Whimsicott|Moonblast|p2b: Whimsicott
|-damage|p2b: Whimsicott|6/100
|move|p1b: Incineroar|Will-O-Wisp|p2a: Incineroar
|-immune|p2a: Incineroar
|
|upkeep
|turn|4
|inactive|pinba2 has 30 seconds left.
|
|t:|1757000881
|move|p2b: Whimsicott|Encore|p1a: Whimsicott
|-start|p1a: Whimsicott|Encore
|move|p1a: Whimsicott|Moonblast|p2b: Whimsicott
|-damage|p2b: Whimsicott|0 fnt
|faint|p2b: Whimsicott
|move|p2a: Incineroar|Flare Blitz|p1a: Whimsicott
|-supereffective|p1a: Whimsicott
|-damage|p1a: Whimsicott|0 fnt
|faint|p1a: Whimsicott
|-damage|p2a: Incineroar|74/100|[from] Recoil
|move|p1b: Incineroar|Knock Off|p2a: Incineroar
|-resisted|p2a: Incineroar
|-damage|p2a: Incineroar|63/100
|-enditem|p2a: Incineroar|Covert Cloak|[from] move: Knock Off|[of] p1b: Incineroar
|
|-sideend|p1: ansufati7|move: Tailwind
|upkeep
|
|t:|1757000899
|switch|p2b: Annihilape|Annihilape, L50, F|100/100
|switch|p1a: Ursaluna|Ursaluna-Bloodmoon, L50, M|100/100
|turn|5
|inactive|ansufati7 has 30 seconds left.
|
|t:|1757000928
|-terastallize|p1a: Ursaluna|Ghost
|move|p2b: Annihilape|Close Combat|p1b: Incineroar
|-supereffective|p1b: Incineroar
|-damage|p1b: Incineroar|0 fnt
|-unboost|p2b: Annihilape|def|1
|-unboost|p2b: Annihilape|spd|1
|faint|p1b: Incineroar
|move|p2a: Incineroar|Knock Off|p1a: Ursaluna
|-supereffective|p1a: Ursaluna
|-damage|p1a: Ursaluna|24/100
|-enditem|p1a: Ursaluna|Assault Vest|[from] move: Knock Off|[of] p2a: Incineroar
|move|p1a: Ursaluna|Earth Power|p2a: Incineroar
|-supereffective|p2a: Incineroar
|-damage|p2a: Incineroar|0 fnt
|faint|p2a: Incineroar
|
|upkeep
|
|t:|1757000947
|switch|p2a: Garchomp|Garchomp, L50, F, tera:Ground|100/100
|switch|p1b: Gholdengo|Gholdengo, L50|100/100
|turn|6
|
|t:|1757000966
|move|p1a: Ursaluna|Vacuum Wave|p2a: Garchomp
|-damage|p2a: Garchomp|85/100
|move|p2b: Annihilape|Close Combat|p1b: Gholdengo
|-immune|p1b: Gholdengo
|move|p2a: Garchomp|Earthquake|p1b: Gholdengo|[spread] p2b,p1a,p1b
|-supereffective|p1b: Gholdengo
|-damage|p2b: Annihilape|3/100
|-damage|p1a: Ursaluna|0 fnt
|-damage|p1b: Gholdengo|0 fnt
|faint|p1a: Ursaluna
|faint|p1b: Gholdengo
|
|win|pinba2
|inactive|ansufati7 has 30 seconds to confirm battle start!
|inactive|pinba2 has 30 seconds to confirm battle start!
|l|☆ansufati7
|player|p1|
||pinba2 is ready for game 2.
||ansufati7 is ready for game 2.
|uhtml|next|Next: Game 2 of 3
