|j|☆MauryOF
|j|☆wittraid
|html|MauryOFwittraid    
|uhtml|bestof|Game 1 of a best-of-3
|t:|1757233359
|gametype|doubles
|player|p1|MauryOF|clerk|1212
|player|p2|wittraid|2|1327
|gen|9
|tier|[Gen 9] VGC 2025 Reg H (Bo3)
|rated|
|rule|Species Clause: Limit one of each Pokémon
|rule|Item Clause: Limit 1 of each item
|clearpoke
|poke|p1|Gastrodon-East, L50, F|
|poke|p1|Annihilape, L50, F|
|poke|p1|Torkoal, L50, F|
|poke|p1|Indeedee-F, L50, F|
|poke|p1|Exeggutor, L50, F|
|poke|p1|Typhlosion-Hisui, L50, F|
|poke|p2|Pelipper, L50, F|
|poke|p2|Archaludon, L50, F|
|poke|p2|Basculegion, L50, M|
|poke|p2|Incineroar, L50, F|
|poke|p2|Sinistcha-Masterpiece, L50|
|poke|p2|Ursaluna-Bloodmoon, L50, M|
|teampreview|4
|showteam|p1|Gastrodon-East||Leftovers|StormDrain|Recover,Protect,EarthPower,IceBeam|||F|||50|,,,,,Grass]Annihilape||ChoiceScarf|Defiant|FinalGambit,Uturn,ShadowClaw,CloseCombat|||F|||50|,,,,,Fighting]Torkoal||EjectPack|Drought|Overheat,Protect,Eruption,HelpingHand|||F|||50|,,,,,Fire]Indeedee-F||SafetyGoggles|PsychicSurge|FollowMe,HelpingHand,Psychic,TrickRoom|||F|||50|,,,,,Fairy]Exeggutor||LifeOrb|Chlorophyll|ExpandingForce,TrickRoom,GigaDrain,Protect|||F|||50|,,,,,Psychic]Typhlosion-Hisui||Charcoal|Blaze|Eruption,HeatWave,ShadowBall,Protect|||F|||50|,,,,,Fire
|showteam|p2|Pelipper||FocusSash|Drizzle|Tailwind,WideGuard,Hurricane,Protect|||F|||50|,,,,,Ghost]Archaludon||AssaultVest|Stamina|ElectroShot,DragonPulse,BodyPress,Snarl|||F|||50|,,,,,Grass]Basculegion||ChoiceBand|SwiftSwim|WaveCrash,LastRespects,AquaJet,FlipTurn|||M|||50|,,,,,Grass]Incineroar||SafetyGoggles|Intimidate|FakeOut,KnockOff,Taunt,PartingShot|||F|||50|,,,,,Ghost]Sinistcha-Masterpiece||SitrusBerry|Hospitality|RagePowder,MatchaGotcha,TrickRoom,LifeDew||||||50|,,,,,Fairy]Ursaluna-Bloodmoon||LifeOrb|MindsEye|BloodMoon,EarthPower,HyperVoice,Protect|||M|||50|,,,,,Bug
|inactive|Battle timer is ON: inactive players will automatically lose when time's up. (requested by wittraid)
|inactive|MauryOF has 60 seconds left.
|inactive|wittraid has 60 seconds left.
|inactive|wittraid has 30 seconds left.
|inactive|wittraid has 20 seconds left.
|inactive|wittraid has 15 seconds left.
|inactive|wittraid has 10 seconds left.
|inactive|wittraid has 5 seconds left.
|
|t:|1757233447
|teamsize|p1|4
|teamsize|p2|4
|start
|switch|p1a: Annihilape|Annihilape, L50, F|100/100
|switch|p1b: Indeedee|Indeedee-F, L50, F|100/100
|switch|p2a: Pelipper|Pelipper, L50, F|100/100
|switch|p2b: Archaludon|Archaludon, L50, F|100/100
|-fieldstart|move: Psychic Terrain|[from] ability: Psychic Surge|[of] p1b: Indeedee
|-weather|RainDance|[from] ability: Drizzle|[of] p2a: Pelipper
|turn|1
|inactive|MauryOF has 30 seconds left.
|
|t:|1757233473
|switch|p2b: Sinistcha|Sinistcha-Masterpiece, L50|100/100
|move|p1a: Annihilape|Final Gambit|p2b: Sinistcha
|-immune|p2b: Sinistcha
|move|p2a: Pelipper|Hurricane|p1a: Annihilape
|-supereffective|p1a: Annihilape
|-crit|p1a: Annihilape
|-damage|p1a: Annihilape|0 fnt
|faint|p1a: Annihilape
|move|p1b: Indeedee|Trick Room|p1b: Indeedee
|-fieldstart|move: Trick Room|[of] p1b: Indeedee
|
|-weather|RainDance|[upkeep]
|upkeep
|
|t:|1757233487
|switch|p1a: Exeggutor|Exeggutor, L50, F|100/100
|turn|2
|
|t:|1757233512
|switch|p2b: Archaludon|Archaludon, L50, F|100/100
|move|p2a: Pelipper|Wide Guard|p2a: Pelipper
|-singleturn|p2a: Pelipper|Wide Guard
|move|p1b: Indeedee|Psychic|p2a: Pelipper
|-damage|p2a: Pelipper|45/100
|move|p1a: Exeggutor|Giga Drain|p2a: Pelipper
|-damage|p2a: Pelipper|0 fnt
|faint|p2a: Pelipper
|-damage|p1a: Exeggutor|91/100|[from] item: Life Orb
|
|-weather|RainDance|[upkeep]
|upkeep
|
|t:|1757233527
|switch|p2a: Sinistcha|Sinistcha-Masterpiece, L50|100/100
|turn|3
|
|t:|1757233539
|-terastallize|p1a: Exeggutor|Psychic
|move|p1b: Indeedee|Helping Hand|p1a: Exeggutor
|-singleturn|p1a: Exeggutor|Helping Hand|[of] p1b: Indeedee
|move|p2b: Archaludon|Snarl|p1b: Indeedee|[spread] p1a,p1b
|-supereffective|p1a: Exeggutor
|-supereffective|p1b: Indeedee
|-crit|p1b: Indeedee
|-damage|p1a: Exeggutor|59/100
|-damage|p1b: Indeedee|71/100
|-unboost|p1a: Exeggutor|spa|1
|-unboost|p1b: Indeedee|spa|1
|move|p1a: Exeggutor|Expanding Force|p2a: Sinistcha|[spread] p2a,p2b
|-resisted|p2b: Archaludon
|-damage|p2a: Sinistcha|0 fnt
|-damage|p2b: Archaludon|61/100
|-ability|p2b: Archaludon|Stamina|boost
|-boost|p2b: Archaludon|def|1
|faint|p2a: Sinistcha
|-damage|p1a: Exeggutor|49/100|[from] item: Life Orb
|
|-weather|RainDance|[upkeep]
|upkeep
|
|t:|1757233555
|switch|p2a: Ursaluna|Ursaluna-Bloodmoon, L50, M|100/100
|turn|4
|
|t:|1757233574
|switch|p1a: Gastrodon|Gastrodon-East, L50, F|100/100
|move|p2a: Ursaluna|Hyper Voice|p1b: Indeedee|[spread] p1a,p1b
|-damage|p1a: Gastrodon|64/100
|-damage|p1b: Indeedee|26/100
|-damage|p2a: Ursaluna|91/100|[from] item: Life Orb
|move|p1b: Indeedee|Psychic|p2a: Ursaluna
|-damage|p2a: Ursaluna|59/100
|move|p2b: Archaludon|Snarl|p1b: Indeedee|[spread] p1a,p1b
|-supereffective|p1b: Indeedee
|-damage|p1a: Gastrodon|54/100
|-damage|p1b: Indeedee|6/100
|-unboost|p1a: Gastrodon|spa|1
|-unboost|p1b: Indeedee|spa|1
|
|-weather|RainDance|[upkeep]
|-heal|p1a: Gastrodon|60/100|[from] item: Leftovers
|upkeep
|turn|5
|
|t:|1757233599
|move|p1b: Indeedee|Helping Hand|p1a: Gastrodon
|-singleturn|p1a: Gastrodon|Helping Hand|[of] p1b: Indeedee
|move|p2a: Ursaluna|Protect|p2a: Ursaluna
|-singleturn|p2a: Ursaluna|Protect
|move|p1a: Gastrodon|Earth Power|p2b: Archaludon
|-supereffective|p2b: Archaludon
|-damage|p2b: Archaludon|24/100
|-ability|p2b: Archaludon|Stamina|boost
|-boost|p2b: Archaludon|def|1
|move|p2b: Archaludon|Snarl|p1b: Indeedee|[spread] p1a,p1b
|-supereffective|p1b: Indeedee
|-damage|p1a: Gastrodon|51/100
|-damage|p1b: Indeedee|0 fnt
|-unboost|p1a: Gastrodon|spa|1
|faint|p1b: Indeedee
|
|-weather|none
|-heal|p1a: Gastrodon|57/100|[from] item: Leftovers
|-fieldend|move: Trick Room
|-fieldend|move: Psychic Terrain
|upkeep
|
|t:|1757233617
|switch|p1b: Exeggutor|Exeggutor, L50, F, tera:Psychic|49/100
|turn|6
|
|t:|1757233639
|-terastallize|p2a: Ursaluna|Bug
|move|p1b: Exeggutor|Expanding Force|p2a: Ursaluna
|-damage|p2a: Ursaluna|0 fnt
|faint|p2a: Ursaluna
|-damage|p1b: Exeggutor|39/100|[from] item: Life Orb
|move|p2b: Archaludon|Snarl|p1a: Gastrodon|[spread] p1a,p1b
|-supereffective|p1b: Exeggutor
|-damage|p1a: Gastrodon|48/100
|-damage|p1b: Exeggutor|9/100
|-unboost|p1a: Gastrodon|spa|1
|-unboost|p1b: Exeggutor|spa|1
|move|p1a: Gastrodon|Earth Power|p2b: Archaludon
|-supereffective|p2b: Archaludon
|-damage|p2b: Archaludon|9/100
|-ability|p2b: Archaludon|Stamina|boost
|-boost|p2b: Archaludon|def|1
|
|-heal|p1a: Gastrodon|53/100|[from] item: Leftovers
|upkeep
|turn|7
|
|t:|1757233660
|move|p1b: Exeggutor|Expanding Force|p2b: Archaludon
|-resisted|p2b: Archaludon
|-damage|p2b: Archaludon|0 fnt
|faint|p2b: Archaludon
|-damage|p1b: Exeggutor|0 fnt|[from] item: Life Orb
|faint|p1b: Exeggutor
|
|win|MauryOF
||MauryOF is ready for game 2.
||wittraid is ready for game 2.
|uhtml|next|Next: Game 2 of 3
|j| Dust and fidget
|l| Dust and fidget
