|j|☆hugoggg
|j|☆ShukuDeUva
|html|hugogggShukuDeUva    
|uhtml|bestof|Game 1 of a best-of-3
|t:|1784136652
|gametype|doubles
|player|p1|hugoggg|169|
|player|p2|ShukuDeUva|102|
|gen|9
|tier|[Gen 9 Champions] VGC 2026 Reg M-B (Bo3)
|rule|Species Clause: Limit one of each Pokémon
|rule|Item Clause: Limit 1 of each item
|clearpoke
|poke|p1|Delphox, L50, F|
|poke|p1|Garchomp, L50, F|
|poke|p1|Gengar, L50, F|
|poke|p1|Sinistcha, L50|
|poke|p1|Sneasler, L50, F|
|poke|p1|Altaria, L50, F|
|poke|p2|Garchomp, L50, M|
|poke|p2|Venusaur, L50, F|
|poke|p2|Incineroar, L50, M|
|poke|p2|Charizard, L50, M|
|poke|p2|Toxapex, L50, M|
|poke|p2|Annihilape, L50, M|
|teampreview|4
|showteam|p1|Delphox||Delphoxite|Magician|HeatWave,Psychic,NastyPlot,Protect|Timid||F|||50|]Garchomp||ChoiceScarf|RoughSkin|Earthquake,StoneEdge,DragonClaw,StompingTantrum|Adamant||F|||50|]Gengar||Gengarite|CursedBody|ShadowBall,SludgeBomb,Disable,Protect|Timid||F|||50|]Sinistcha||KasibBerry|Hospitality|MatchaGotcha,LifeDew,RagePowder,Protect|Bold|||||50|]Sneasler||LifeOrb|PoisonTouch|FakeOut,CloseCombat,GunkShot,ThroatChop|Adamant||F|||50|]Altaria||SitrusBerry|CloudNine|PerishSong,WillOWisp,PowerSwap,DracoMeteor|Bold||F|||50|
|showteam|p2|Garchomp||ChoiceScarf|RoughSkin|Earthquake,RockSlide,DragonClaw,StompingTantrum|Adamant||M|||50|]Venusaur||LifeOrb|Chlorophyll|SludgeBomb,SolarBeam,EarthPower,Protect|Modest||F|||50|]Incineroar||SitrusBerry|Intimidate|FakeOut,FlareBlitz,ThroatChop,PartingShot|Impish||M|||50|]Charizard||CharizarditeY|Blaze|HeatWave,WeatherBall,Protect,HelpingHand|Modest||M|||50|]Toxapex||Leftovers|Regenerator|Infestation,Toxic,WideGuard,BanefulBunker|Bold||M|||50|]Annihilape||FocusSash|Defiant|CloseCombat,PhantomForce,RockTomb,Protect|Jolly||M|||50|
|c|☆ShukuDeUva|glhf
|c|☆hugoggg|glhf!
|j| hackervgc
|
|t:|1784136724
|teamsize|p1|4
|teamsize|p2|4
|start
|switch|p1a: Sneasler|Sneasler, L50, F|100/100
|switch|p1b: Delphox|Delphox, L50, F|100/100
|switch|p2a: Annihilape|Annihilape, L50, M|100/100
|switch|p2b: Incineroar|Incineroar, L50, M|100/100
|-ability|p2b: Incineroar|Intimidate|boost
|-unboost|p1a: Sneasler|atk|1
|-unboost|p1b: Delphox|atk|1
|turn|1
|
|t:|1784136751
|switch|p2b: Charizard|Charizard, L50, M|100/100
|detailschange|p1b: Delphox|Delphox-Mega, L50, F
|-mega|p1b: Delphox|Delphox|Delphoxite
|move|p1a: Sneasler|Fake Out|p2b: Charizard
|-damage|p2b: Charizard|86/100
|-damage|p1a: Sneasler|90/100|[from] item: Life Orb
|move|p1b: Delphox|Psychic|p2a: Annihilape
|-supereffective|p2a: Annihilape|1
|-enditem|p2a: Annihilape|Focus Sash
|-damage|p2a: Annihilape|1/100
|move|p2a: Annihilape|Phantom Force||[still]
|-prepare|p2a: Annihilape|Phantom Force
|
|upkeep
|turn|2
|
|t:|1784136792
|switch|p1b: Garchomp|Garchomp, L50, F|100/100
|detailschange|p2b: Charizard|Charizard-Mega-Y, L50, M
|-mega|p2b: Charizard|Charizard|Charizardite Y
|-weather|SunnyDay|[from] ability: Drought|[of] p2b: Charizard
|move|p2b: Charizard|Helping Hand|p2a: Annihilape
|-singleturn|p2a: Annihilape|Helping Hand|[of] p2b: Charizard
|move|p1a: Sneasler|Gunk Shot|p2b: Charizard
|-damage|p2b: Charizard|21/100
|-damage|p1a: Sneasler|80/100|[from] item: Life Orb
|move|p2a: Annihilape|Phantom Force|p1b: Garchomp|[from] lockedmove
|-damage|p1b: Garchomp|36/100
|-damage|p2a: Annihilape|0 fnt|[from] ability: Rough Skin|[of] p1b: Garchomp
|faint|p2a: Annihilape
|
|-weather|SunnyDay|[upkeep]
|upkeep
|
|t:|1784136810
|switch|p2a: Incineroar|Incineroar, L50, M|100/100
|-ability|p2a: Incineroar|Intimidate|boost
|-unboost|p1a: Sneasler|atk|1
|-unboost|p1b: Garchomp|atk|1
|turn|3
|l| hackervgc
|
|t:|1784136850
|move|p2b: Charizard|Protect|p2b: Charizard
|-singleturn|p2b: Charizard|Protect
|move|p2a: Incineroar|Fake Out|p1a: Sneasler
|-damage|p1a: Sneasler|63/100
|move|p1b: Garchomp|Dragon Claw|p2b: Charizard
|-activate|p2b: Charizard|move: Protect
|cant|p1a: Sneasler|flinch
|
|-weather|SunnyDay|[upkeep]
|upkeep
|turn|4
|
|t:|1784136886
|switch|p2b: Toxapex|Toxapex, L50, M|100/100
|move|p1b: Garchomp|Dragon Claw|p2b: Toxapex
|-damage|p2b: Toxapex|80/100
|move|p1a: Sneasler|Close Combat|p2a: Incineroar
|-supereffective|p2a: Incineroar|1
|-damage|p2a: Incineroar|30/100
|-unboost|p1a: Sneasler|def|1
|-unboost|p1a: Sneasler|spd|1
|-status|p2a: Incineroar|psn|[from] ability: Poison Touch|[of] p1a: Sneasler
|-enditem|p2a: Incineroar|Sitrus Berry|[eat]
|-heal|p2a: Incineroar|55/100 psn|[from] item: Sitrus Berry
|-damage|p1a: Sneasler|53/100|[from] item: Life Orb
|move|p2a: Incineroar|Flare Blitz|p1a: Sneasler
|-damage|p1a: Sneasler|0 fnt
|faint|p1a: Sneasler
|-damage|p2a: Incineroar|41/100 psn|[from] Recoil
|
|-weather|SunnyDay|[upkeep]
|-heal|p2b: Toxapex|85/100|[from] item: Leftovers
|-damage|p2a: Incineroar|29/100 psn|[from] psn
|upkeep
|
|t:|1784136893
|switch|p1a: Delphox|Delphox-Mega, L50, F|100/100
|turn|5
|
|t:|1784136919
|move|p1a: Delphox|Protect|p1a: Delphox
|-singleturn|p1a: Delphox|Protect
|move|p2b: Toxapex|Baneful Bunker|p2b: Toxapex
|-singleturn|p2b: Toxapex|move: Protect
|move|p1b: Garchomp|Dragon Claw|p2a: Incineroar
|-damage|p2a: Incineroar|6/100 psn
|move|p2a: Incineroar|Parting Shot|p1a: Delphox
|-activate|p1a: Delphox|move: Protect
|
|-weather|SunnyDay|[upkeep]
|-heal|p2b: Toxapex|91/100|[from] item: Leftovers
|-damage|p2a: Incineroar|0 fnt|[from] psn
|faint|p2a: Incineroar
|upkeep
|
|t:|1784136931
|switch|p2a: Charizard|Charizard-Mega-Y, L50, M|21/100
|turn|6
|
|t:|1784136942
|move|p2a: Charizard|Protect|p2a: Charizard
|-singleturn|p2a: Charizard|Protect
|move|p1b: Garchomp|Dragon Claw|p2a: Charizard
|-activate|p2a: Charizard|move: Protect
|move|p1a: Delphox|Psychic|p2b: Toxapex
|-supereffective|p2b: Toxapex|1
|-damage|p2b: Toxapex|21/100
|-unboost|p2b: Toxapex|spd|1
|move|p2b: Toxapex|Toxic|p1a: Delphox
|-status|p1a: Delphox|tox
|
|-weather|none
|-heal|p2b: Toxapex|27/100|[from] item: Leftovers
|-damage|p1a: Delphox|93/100 tox|[from] psn
|upkeep
|turn|7
|
|t:|1784136959
|move|p1b: Garchomp|Dragon Claw|p2a: Charizard
|-damage|p2a: Charizard|0 fnt
|faint|p2a: Charizard
|move|p1a: Delphox|Psychic|p2b: Toxapex
|-supereffective|p2b: Toxapex|1
|-damage|p2b: Toxapex|0 fnt
|faint|p2b: Toxapex
|
|win|hugoggg
||ShukuDeUva is ready for game 2.
||hugoggg is ready for game 2.
|uhtml|next|Next: Game 2 of 3
