|j|☆DocAT8
|j|☆quain4
|html|DocAT8quain4    
|uhtml|bestof|Game 1 of a best-of-3
|t:|1757769875
|gametype|doubles
|player|p1|DocAT8|gentleman-gen4dp|1172
|player|p2|quain4|1|1187
|gen|9
|tier|[Gen 9] VGC 2025 Reg H (Bo3)
|rated|
|rule|Species Clause: Limit one of each Pokémon
|rule|Item Clause: Limit 1 of each item
|clearpoke
|poke|p1|Sneasler, L50, F|
|poke|p1|Rillaboom, L50, M|
|poke|p1|Ursaluna-Bloodmoon, L50, M|
|poke|p1|Kingambit, L50, F|
|poke|p1|Magmar, L50, M|
|poke|p1|Farigiraf, L50, F|
|poke|p2|Zoroark-Hisui, L50, F|
|poke|p2|Kilowattrel, L50, F|
|poke|p2|Gloom, L50, F|
|poke|p2|Mandibuzz, L50, F|
|poke|p2|Mamoswine, L50, F|
|poke|p2|Arcanine-Hisui, L50, M|
|teampreview|4
|showteam|p1|Sneasler||FocusSash|PoisonTouch|Protect,DireClaw,CloseCombat,ThroatChop|||F|||50|,,,,,Stellar]Rillaboom||AssaultVest|GrassySurge|FakeOut,GrassyGlide,WoodHammer,KnockOff|||M|||50|,,,,,Fire]Ursaluna-Bloodmoon||ThroatSpray|MindsEye|Protect,HyperVoice,BloodMoon,EarthPower|||M|||50|,,,,,Ghost]Kingambit||WeaknessPolicy|Defiant|Protect,KowtowCleave,SuckerPunch,SwordsDance|||F|||50|,,,,,Ghost]Magmar||Eviolite|FlameBody|FollowMe,Taunt,WillOWisp,Overheat|||M|||50|,,,,,Dragon]Farigiraf||SafetyGoggles|ArmorTail|Protect,Psychic,FoulPlay,TrickRoom|||F|||50|,,,,,Fairy
|showteam|p2|Zoroark-Hisui||LifeOrb|Illusion|Protect,HyperVoice,NastyPlot,BitterMalice|||F|||50|,,,,,Normal]Kilowattrel||ChoiceSpecs|Competitive|VoltSwitch,Thunderbolt,AirSlash,Discharge|||F|||50|,,,,,Ghost]Gloom||Eviolite|Chlorophyll|SleepPowder,HelpingHand,AcidSpray,LeechSeed|||F|||50|,,,,,Water]Mandibuzz||SitrusBerry|Overcoat|Snarl,Protect,Tailwind,FoulPlay|||F|||50|,,,,,Poison]Mamoswine||FocusSash|Oblivious|IcicleCrash,IceShard,Protect,Earthquake|||F|||50|,,,,,Ice]Arcanine-Hisui||LumBerry|Intimidate|WillOWisp,ExtremeSpeed,FlareBlitz,Protect|||M|||50|,,,,,Psychic
|inactive|Battle timer is ON: inactive players will automatically lose when time's up. (requested by quain4)
|inactive|DocAT8 has 60 seconds left.
|inactive|quain4 has 60 seconds left.
|inactive|DocAT8 has 30 seconds left.
|inactive|DocAT8 has 20 seconds left.
|inactive|DocAT8 has 15 seconds left.
|
|t:|1757769952
|teamsize|p1|4
|teamsize|p2|4
|start
|switch|p1a: Sneasler|Sneasler, L50, F|100/100
|switch|p1b: Magmar|Magmar, L50, M|100/100
|switch|p2a: Kilowattrel|Kilowattrel, L50, F|100/100
|switch|p2b: Arcanine|Arcanine-Hisui, L50, M|100/100
|-ability|p2b: Arcanine|Intimidate|boost
|-unboost|p1a: Sneasler|atk|1
|-unboost|p1b: Magmar|atk|1
|turn|1
|inactive|quain4 has 30 seconds left.
|inactive|DocAT8 has 30 seconds left.
|inactive|quain4 has 20 seconds left.
|
|t:|1757769987
|switch|p2b: Gloom|Gloom, L50, F|100/100
|move|p1b: Magmar|Follow Me|p1b: Magmar
|-singleturn|p1b: Magmar|move: Follow Me
|move|p2a: Kilowattrel|Air Slash|p1b: Magmar
|-damage|p1b: Magmar|66/100
|move|p1a: Sneasler|Close Combat|p2b: Gloom
|-resisted|p2b: Gloom
|-damage|p2b: Gloom|82/100
|-unboost|p1a: Sneasler|def|1
|-unboost|p1a: Sneasler|spd|1
|
|upkeep
|turn|2
|inactive|quain4 has 30 seconds left.
|inactive|quain4 has 20 seconds left.
|inactive|quain4 has 15 seconds left.
|
|t:|1757770030
|switch|p2a: Arcanine|Arcanine-Hisui, L50, M|100/100
|-ability|p2a: Arcanine|Intimidate|boost
|-unboost|p1a: Sneasler|atk|1
|-unboost|p1b: Magmar|atk|1
|move|p1a: Sneasler|Protect|p1a: Sneasler
|-singleturn|p1a: Sneasler|Protect
|move|p1b: Magmar|Overheat|p2b: Gloom
|-supereffective|p2b: Gloom
|-damage|p2b: Gloom|21/100
|-unboost|p1b: Magmar|spa|2
|move|p2b: Gloom|Sleep Powder|p1b: Magmar
|-status|p1b: Magmar|slp|[from] move: Sleep Powder
|
|upkeep
|turn|3
|inactive|DocAT8 has 30 seconds left.
|inactive|quain4 has 30 seconds left.
|
|t:|1757770068
|move|p2a: Arcanine|Extreme Speed|p1a: Sneasler
|-damage|p1a: Sneasler|42/100
|move|p1a: Sneasler|Dire Claw|p2b: Gloom
|-damage|p2b: Gloom|1/100
|cant|p1b: Magmar|slp
|move|p2b: Gloom|Leech Seed|p1b: Magmar
|-start|p1b: Magmar|move: Leech Seed
|
|-damage|p1b: Magmar|53/100 slp|[from] Leech Seed|[of] p2b: Gloom
|-heal|p2b: Gloom|14/100|[silent]
|upkeep
|turn|4
|inactive|quain4 has 30 seconds left.
|
|t:|1757770095
|switch|p1a: Ursaluna|Ursaluna-Bloodmoon, L50, M|100/100
|move|p2b: Gloom|Helping Hand|p2a: Arcanine
|-singleturn|p2a: Arcanine|Helping Hand|[of] p2b: Gloom
|move|p2a: Arcanine|Extreme Speed|p1b: Magmar
|-damage|p1b: Magmar|27/100 slp
|cant|p1b: Magmar|slp
|
|-damage|p1b: Magmar|15/100 slp|[from] Leech Seed|[of] p2b: Gloom
|-heal|p2b: Gloom|26/100|[silent]
|upkeep
|turn|5
|inactive|DocAT8 has 30 seconds left.
|
|t:|1757770123
|-terastallize|p2a: Arcanine|Psychic
|cant|p1b: Magmar|slp
|move|p2a: Arcanine|Flare Blitz|p1a: Ursaluna
|-damage|p1a: Ursaluna|70/100
|-damage|p2a: Arcanine|90/100|[from] Recoil
|move|p2b: Gloom|Sleep Powder|p1a: Ursaluna
|-status|p1a: Ursaluna|slp|[from] move: Sleep Powder
|cant|p1a: Ursaluna|slp
|
|-damage|p1b: Magmar|3/100 slp|[from] Leech Seed|[of] p2b: Gloom
|-heal|p2b: Gloom|39/100|[silent]
|upkeep
|turn|6
|
|t:|1757770144
|move|p2a: Arcanine|Extreme Speed|p1b: Magmar
|-damage|p1b: Magmar|0 fnt
|-status|p2a: Arcanine|brn|[from] ability: Flame Body|[of] p1b: Magmar
|-enditem|p2a: Arcanine|Lum Berry|[eat]
|-curestatus|p2a: Arcanine|brn|[msg]
|faint|p1b: Magmar
|move|p2b: Gloom|Leech Seed|p1a: Ursaluna
|-start|p1a: Ursaluna|move: Leech Seed
|cant|p1a: Ursaluna|slp
|
|-damage|p1a: Ursaluna|58/100 slp|[from] Leech Seed|[of] p2b: Gloom
|-heal|p2b: Gloom|55/100|[silent]
|upkeep
|
|t:|1757770156
|switch|p1b: Sneasler|Sneasler, L50, F|42/100
|turn|7
|
|t:|1757770177
|move|p2b: Gloom|Helping Hand|p2a: Arcanine
|-singleturn|p2a: Arcanine|Helping Hand|[of] p2b: Gloom
|move|p1b: Sneasler|Protect|p1b: Sneasler
|-singleturn|p1b: Sneasler|Protect
|move|p2a: Arcanine|Extreme Speed|p1b: Sneasler
|-activate|p1b: Sneasler|move: Protect
|cant|p1a: Ursaluna|slp
|
|-damage|p1a: Ursaluna|45/100 slp|[from] Leech Seed|[of] p2b: Gloom
|-heal|p2b: Gloom|71/100|[silent]
|upkeep
|turn|8
|
|t:|1757770203
|switch|p1b: Kingambit|Kingambit, L50, F|100/100
|move|p2a: Arcanine|Flare Blitz|p1a: Ursaluna
|-crit|p1a: Ursaluna
|-damage|p1a: Ursaluna|0 fnt
|faint|p1a: Ursaluna
|-damage|p2a: Arcanine|73/100|[from] Recoil
|move|p2b: Gloom|Leech Seed|p1b: Kingambit
|-start|p1b: Kingambit|move: Leech Seed
|
|-damage|p1b: Kingambit|88/100|[from] Leech Seed|[of] p2b: Gloom
|-heal|p2b: Gloom|86/100|[silent]
|upkeep
|
|t:|1757770212
|switch|p1a: Sneasler|Sneasler, L50, F|42/100
|turn|9
|
|t:|1757770235
|-terastallize|p1b: Kingambit|Ghost
|move|p2a: Arcanine|Protect|p2a: Arcanine
|-singleturn|p2a: Arcanine|Protect
|move|p1a: Sneasler|Close Combat|p2a: Arcanine
|-activate|p2a: Arcanine|move: Protect
|move|p2b: Gloom|Sleep Powder|p1b: Kingambit
|-status|p1b: Kingambit|slp|[from] move: Sleep Powder
|cant|p1b: Kingambit|slp
|
|-damage|p1b: Kingambit|76/100 slp|[from] Leech Seed|[of] p2b: Gloom
|-heal|p2b: Gloom|100/100|[silent]
|upkeep
|turn|10
|
|t:|1757770256
|move|p1a: Sneasler|Dire Claw|p2b: Gloom
|-damage|p2b: Gloom|66/100
|move|p2a: Arcanine|Flare Blitz|p1b: Kingambit
|-damage|p1b: Kingambit|40/100 slp
|-damage|p2a: Arcanine|61/100|[from] Recoil
|move|p2b: Gloom|Acid Spray|p1b: Kingambit
|-resisted|p1b: Kingambit
|-damage|p1b: Kingambit|34/100 slp
|-unboost|p1b: Kingambit|spd|2
|-ability|p1b: Kingambit|Defiant|boost
|-boost|p1b: Kingambit|atk|2
|cant|p1b: Kingambit|slp
|
|-damage|p1b: Kingambit|22/100 slp|[from] Leech Seed|[of] p2b: Gloom
|-heal|p2b: Gloom|81/100|[silent]
|upkeep
|turn|11
|
|t:|1757770275
|cant|p1b: Kingambit|slp
|move|p1a: Sneasler|Close Combat|p2b: Gloom
|-resisted|p2b: Gloom
|-damage|p2b: Gloom|51/100
|-unboost|p1a: Sneasler|def|1
|-unboost|p1a: Sneasler|spd|1
|move|p2a: Arcanine|Flare Blitz|p1b: Kingambit
|-damage|p1b: Kingambit|0 fnt
|faint|p1b: Kingambit
|-damage|p2a: Arcanine|53/100|[from] Recoil
|move|p2b: Gloom|Leech Seed|p1a: Sneasler
|-start|p1a: Sneasler|move: Leech Seed
|
|-damage|p1a: Sneasler|30/100|[from] Leech Seed|[of] p2b: Gloom
|-heal|p2b: Gloom|62/100|[silent]
|upkeep
|turn|12
|-message|DocAT8 forfeited.
|
|win|quain4
|l|☆DocAT8
|player|p1|
||DocAT8 is ready for game 2.
||quain4 is ready for game 2.
|uhtml|next|Next: Game 2 of 3
|l|☆quain4
|player|p2|
