|j|☆lure shell
|j|☆nikolasnaiz
|html|lure shellnikolasnaiz    
|uhtml|bestof|Game 2 of a best-of-3
|t:|1754906536
|gametype|doubles
|player|p1|lure shell|steven|1214
|player|p2|nikolasnaiz|larry|1203
|gen|9
|tier|[Gen 9] VGC 2025 Reg H (Bo3)
|rated|
|rule|Species Clause: Limit one of each Pokémon
|rule|Item Clause: Limit 1 of each item
|clearpoke
|poke|p1|Whimsicott, L50, M|
|poke|p1|Dragonite, L50, F|
|poke|p1|Indeedee, L50, M|
|poke|p1|Sneasler, L50, M|
|poke|p1|Ursaluna-Bloodmoon, L50, M|
|poke|p1|Archaludon, L50, M|
|poke|p2|Dragonite, L50, F|
|poke|p2|Ursaluna-Bloodmoon, L50, M|
|poke|p2|Annihilape, L50, F|
|poke|p2|Volcarona, L50, F|
|poke|p2|Rillaboom, L50, M|
|poke|p2|Incineroar, L50, M|
|teampreview|4
|showteam|p1|Whimsicott||CovertCloak|Prankster|Moonblast,Taunt,Tailwind,FakeTears|||M|||50|,,,,,Water]Dragonite||LoadedDice|InnerFocus|ScaleShot,StompingTantrum,Haze,Protect|||F|||50|,,,,,Steel]Indeedee||FocusSash|PsychicSurge|ExpandingForce,TeraBlast,Imprison,TrickRoom|||M|||50|,,,,,Psychic]Sneasler||PsychicSeed|Unburden|CloseCombat,DireClaw,ThroatChop,Protect|||M|||50|,,,,,Dark]Ursaluna-Bloodmoon||LifeOrb|MindsEye|HyperVoice,BloodMoon,EarthPower,Protect|||M|||50|,,,,,Normal]Archaludon||PowerHerb|Stalwart|ElectroShot,DragonPulse,Thunderbolt,Protect|||M|||50|,,,,,Electric
|showteam|p2|Dragonite||LoadedDice|Multiscale|Protect,ScaleShot,Tailwind,Haze|||F|||50|,,,,,Steel]Ursaluna-Bloodmoon||FocusSash|MindsEye|Protect,BloodMoon,EarthPower,HyperVoice|||M|||50|,,,,,Normal]Annihilape||LumBerry|Defiant|Protect,RageFist,CloseCombat,Taunt|||F|||50|,,,,,Fire]Volcarona||CovertCloak|FlameBody|Protect,QuiverDance,HeatWave,TeraBlast|||F|||50|,,,,,Fairy]Rillaboom||AssaultVest|GrassySurge|FakeOut,WoodHammer,GrassyGlide,HighHorsepower|||M|||50|,,,,,Fire]Incineroar||SafetyGoggles|Intimidate|FakeOut,PartingShot,FlareBlitz,KnockOff|||M|||50|,,,,,Ghost
|inactive|Battle timer is ON: inactive players will automatically lose when time's up. (requested by nikolasnaiz)
|
|t:|1754906547
|teamsize|p1|4
|teamsize|p2|4
|start
|switch|p1a: Ursaluna|Ursaluna-Bloodmoon, L50, M|100/100
|switch|p1b: Whimsicott|Whimsicott, L50, M|100/100
|switch|p2a: Ursaluna|Ursaluna-Bloodmoon, L50, M|100/100
|switch|p2b: Dragonite|Dragonite, L50, F, shiny|100/100
|turn|1
|inactive|lure shell has 30 seconds left.
|
|t:|1754906573
|move|p1b: Whimsicott|Moonblast|p2b: Dragonite
|-supereffective|p2b: Dragonite
|-damage|p2b: Dragonite|70/100
|-unboost|p2b: Dragonite|spa|1
|move|p2b: Dragonite|Tailwind|p2b: Dragonite
|-sidestart|p2: nikolasnaiz|move: Tailwind
|move|p2a: Ursaluna|Hyper Voice|p1a: Ursaluna|[spread] p1a,p1b
|-damage|p1a: Ursaluna|56/100
|-damage|p1b: Whimsicott|50/100
|move|p1a: Ursaluna|Hyper Voice|p2b: Dragonite|[spread] p2a,p2b
|-damage|p2a: Ursaluna|34/100
|-damage|p2b: Dragonite|15/100
|-damage|p1a: Ursaluna|46/100|[from] item: Life Orb
|
|upkeep
|turn|2
|
|t:|1754906588
|move|p1b: Whimsicott|Tailwind|p1b: Whimsicott
|-sidestart|p1: lure shell|move: Tailwind
|move|p2b: Dragonite|Scale Shot|p1a: Ursaluna
|-damage|p1a: Ursaluna|34/100
|-damage|p1a: Ursaluna|23/100
|-crit|p1a: Ursaluna
|-damage|p1a: Ursaluna|5/100
|-damage|p1a: Ursaluna|0 fnt
|faint|p1a: Ursaluna
|-hitcount|p1: Ursaluna|4
|-unboost|p2b: Dragonite|def|1
|-boost|p2b: Dragonite|spe|1
|move|p2a: Ursaluna|Hyper Voice|p1b: Whimsicott
|-damage|p1b: Whimsicott|0 fnt
|faint|p1b: Whimsicott
|
|upkeep
|
|t:|1754906593
|switch|p1b: Sneasler|Sneasler, L50, M|100/100
|switch|p1a: Indeedee|Indeedee, L50, M|100/100
|-fieldstart|move: Psychic Terrain|[from] ability: Psychic Surge|[of] p1a: Indeedee
|-enditem|p1b: Sneasler|Psychic Seed
|-boost|p1b: Sneasler|spd|1|[from] item: Psychic Seed
|turn|3
|inactive|lure shell has 30 seconds left.
|
|t:|1754906625
|move|p1b: Sneasler|Protect|p1b: Sneasler
|-singleturn|p1b: Sneasler|Protect
|move|p2b: Dragonite|Protect|p2b: Dragonite
|-singleturn|p2b: Dragonite|Protect
|move|p2a: Ursaluna|Protect|p2a: Ursaluna
|-singleturn|p2a: Ursaluna|Protect
|move|p1a: Indeedee|Expanding Force|p2a: Ursaluna|[spread] 
|-activate|p2a: Ursaluna|move: Protect
|-activate|p2b: Dragonite|move: Protect
|
|upkeep
|turn|4
|inactive|lure shell has 30 seconds left.
|
|t:|1754906656
|switch|p2b: Incineroar|Incineroar, L50, M, shiny|100/100
|-ability|p2b: Incineroar|Intimidate|boost
|-unboost|p1a: Indeedee|atk|1
|-unboost|p1b: Sneasler|atk|1
|switch|p2a: Rillaboom|Rillaboom, L50, M|100/100
|-fieldstart|move: Grassy Terrain|[from] ability: Grassy Surge|[of] p2a: Rillaboom
|move|p1b: Sneasler|Dire Claw|p2b: Incineroar
|-damage|p2b: Incineroar|72/100
|-status|p2b: Incineroar|psn
|move|p1a: Indeedee|Expanding Force|p2a: Rillaboom
|-damage|p2a: Rillaboom|77/100
|
|-heal|p2a: Rillaboom|83/100|[from] Grassy Terrain
|-heal|p2b: Incineroar|78/100 psn|[from] Grassy Terrain
|-damage|p2b: Incineroar|65/100 psn|[from] psn
|-sideend|p2: nikolasnaiz|move: Tailwind
|upkeep
|turn|5
|inactive|lure shell has 30 seconds left.
|inactive|nikolasnaiz has 30 seconds left.
|
|t:|1754906686
|move|p2b: Incineroar|Fake Out|p1b: Sneasler
|-damage|p1b: Sneasler|83/100
|cant|p1b: Sneasler|flinch
|move|p1a: Indeedee|Expanding Force|p2a: Rillaboom
|-damage|p2a: Rillaboom|56/100
|move|p2a: Rillaboom|Wood Hammer|p1a: Indeedee
|-enditem|p1a: Indeedee|Focus Sash
|-damage|p1a: Indeedee|1/100
|-damage|p2a: Rillaboom|33/100|[from] Recoil
|
|-heal|p1b: Sneasler|89/100|[from] Grassy Terrain
|-heal|p1a: Indeedee|7/100|[from] Grassy Terrain
|-heal|p2a: Rillaboom|39/100|[from] Grassy Terrain
|-heal|p2b: Incineroar|71/100 psn|[from] Grassy Terrain
|-damage|p2b: Incineroar|59/100 psn|[from] psn
|-sideend|p1: lure shell|move: Tailwind
|upkeep
|turn|6
|inactive|lure shell has 30 seconds left.
|inactive|lure shell has 20 seconds left.
|inactive|lure shell has 15 seconds left.
|inactive|lure shell has 10 seconds left.
|
|t:|1754906735
|switch|p2b: Dragonite|Dragonite, L50, F, shiny|15/100
|move|p2a: Rillaboom|Grassy Glide|p1a: Indeedee
|-damage|p1a: Indeedee|0 fnt
|faint|p1a: Indeedee
|move|p1b: Sneasler|Close Combat|p2b: Dragonite
|-resisted|p2b: Dragonite
|-damage|p2b: Dragonite|0 fnt
|-unboost|p1b: Sneasler|def|1
|-unboost|p1b: Sneasler|spd|1
|faint|p2b: Dragonite
|
|-heal|p1b: Sneasler|95/100|[from] Grassy Terrain
|-heal|p2a: Rillaboom|45/100|[from] Grassy Terrain
|upkeep
|
|t:|1754906747
|switch|p2b: Incineroar|Incineroar, L50, M, shiny|59/100 psn
|-ability|p2b: Incineroar|Intimidate|boost
|-unboost|p1b: Sneasler|atk|1
|turn|7
|
|t:|1754906751
|switch|p2a: Ursaluna|Ursaluna-Bloodmoon, L50, M|34/100
|move|p1b: Sneasler|Protect|p1b: Sneasler
|-singleturn|p1b: Sneasler|Protect
|move|p2b: Incineroar|Fake Out|p1b: Sneasler
|-activate|p1b: Sneasler|move: Protect
|
|-heal|p1b: Sneasler|100/100|[from] Grassy Terrain
|-heal|p2a: Ursaluna|40/100|[from] Grassy Terrain
|-heal|p2b: Incineroar|65/100 psn|[from] Grassy Terrain
|-damage|p2b: Incineroar|52/100 psn|[from] psn
|upkeep
|turn|8
|
|t:|1754906760
|-terastallize|p2b: Incineroar|Ghost
|move|p2a: Ursaluna|Protect|p2a: Ursaluna
|-singleturn|p2a: Ursaluna|Protect
|move|p1b: Sneasler|Close Combat|p2a: Ursaluna
|-activate|p2a: Ursaluna|move: Protect
|move|p2b: Incineroar|Parting Shot|p1b: Sneasler
|-unboost|p1b: Sneasler|atk|1
|-unboost|p1b: Sneasler|spa|1
|
|t:|1754906766
|switch|p2b: Rillaboom|Rillaboom, L50, M|45/100|[from] Parting Shot
|
|-heal|p2b: Rillaboom|51/100|[from] Grassy Terrain
|-heal|p2a: Ursaluna|46/100|[from] Grassy Terrain
|-fieldend|move: Grassy Terrain
|upkeep
|turn|9
|
|t:|1754906775
|switch|p2a: Incineroar|Incineroar, L50, M, shiny, tera:Ghost|52/100 psn
|-ability|p2a: Incineroar|Intimidate|boost
|-unboost|p1b: Sneasler|atk|1
|move|p2b: Rillaboom|Fake Out|p1b: Sneasler
|-damage|p1b: Sneasler|72/100
|cant|p1b: Sneasler|flinch
|
|-damage|p2a: Incineroar|40/100 psn|[from] psn
|upkeep
|turn|10
|
|t:|1754906784
|move|p1b: Sneasler|Protect|p1b: Sneasler
|-singleturn|p1b: Sneasler|Protect
|move|p2a: Incineroar|Fake Out|p1b: Sneasler
|-activate|p1b: Sneasler|move: Protect
|move|p2b: Rillaboom|High Horsepower|p1b: Sneasler
|-activate|p1b: Sneasler|move: Protect
|
|-damage|p2a: Incineroar|27/100 psn|[from] psn
|upkeep
|turn|11
|
|t:|1754906796
|move|p1b: Sneasler|Dire Claw|p2b: Rillaboom
|-supereffective|p2b: Rillaboom
|-damage|p2b: Rillaboom|24/100
|-status|p2b: Rillaboom|slp
|cant|p2b: Rillaboom|slp
|move|p2a: Incineroar|Flare Blitz|p1b: Sneasler
|-damage|p1b: Sneasler|0 fnt
|faint|p1b: Sneasler
|-damage|p2a: Incineroar|9/100 psn|[from] Recoil
|
|win|nikolasnaiz
|raw|lure shell's rating: 1214 → 1188(-26 for losing)
|raw|nikolasnaiz's rating: 1203 → 1229(+26 for winning)
|l|☆lure shell
|player|p1|
