|j|â˜†artyowls
|j|â˜†CretaceousDraconid
|html|artyowlsCretaceousDraconid    
|uhtml|bestof|Game 1 of a best-of-3
|t:|1756379428
|gametype|doubles
|player|p1|artyowls|plasmagrunt|1094
|player|p2|CretaceousDraconid|zinnia-masters|1098
|gen|9
|tier|[Gen 9] VGC 2025 Reg H (Bo3)
|rated|
|rule|Species Clause: Limit one of each PokÃ©mon
|rule|Item Clause: Limit 1 of each item
|clearpoke
|poke|p1|Archaludon, L50, M|
|poke|p1|Electabuzz, L50, M|
|poke|p1|Rillaboom, L50, M|
|poke|p1|Kingambit, L50, M|
|poke|p1|Pelipper, L50, M|
|poke|p1|Dragapult, L50, M|
|poke|p2|Garchomp, L50, M|
|poke|p2|Tyranitar, L50, F|
|poke|p2|Salamence, L50, F|
|poke|p2|Corviknight, L50, M|
|poke|p2|Milotic, L50, M|
|poke|p2|Volcarona, L50, M|
|teampreview|4
|showteam|p1|Archaludon||AssaultVest|Stamina|BodyPress,ElectroShot,DracoMeteor,FlashCannon|||M|||50|,,,,,Flying]Electabuzz||Eviolite|VitalSpirit|FollowMe,Protect,Taunt,Thunderbolt|||M|||50|,,,,,Fairy]Rillaboom||LoadedDice|GrassySurge|FakeOut,GrassyGlide,BulletSeed,HighHorsepower|||M|||50|,,,,,Water]Kingambit||SafetyGoggles|Defiant|SuckerPunch,SwordsDance,KowtowCleave,Protect|||M|||50|,,,,,Dark]Pelipper||FocusSash|Drizzle|Hurricane,WeatherBall,Protect,Tailwind|||M|||50|,,,,,Stellar]Dragapult||ChoiceBand|ClearBody|DragonDarts,PhantomForce,Outrage,Uturn|||M|||50|,,,,,Dragon
|showteam|p2|Garchomp||LifeOrb|SandVeil|Earthquake,StompingTantrum,Protect,DragonClaw|||M|||50|,,,,,Steel]Tyranitar||AssaultVest|SandStream|RockSlide,KnockOff,LowKick,TeraBlast|||F|||50|,,,,,Flying]Salamence||SafetyGoggles|Intimidate|DracoMeteor,Hurricane,Tailwind,Protect|||F|||50|,,,,,Steel]Corviknight||Leftovers|MirrorArmor|BraveBird,BodyPress,BulkUp,Roost|||M|||50|,,,,,Dragon]Milotic||RockyHelmet|Competitive|Scald,IcyWind,Haze,LifeDew|||M|||50|,,,,,Grass]Volcarona||SitrusBerry|FlameBody|HeatWave,RagePowder,Protect,StruggleBug|||M|||50|,,,,,Water
|inactive|Battle timer is ON: inactive players will automatically lose when time's up. (requested by artyowls)
|
|t:|1756379507
|teamsize|p1|4
|teamsize|p2|4
|start
|switch|p1a: Rillaboom|Rillaboom, L50, M|100/100
|switch|p1b: Dragapult|Dragapult, L50, M|100/100
|switch|p2a: Garchomp|Garchomp, L50, M|100/100
|switch|p2b: Salamence|Salamence, L50, F|100/100
|-ability|p2b: Salamence|Intimidate|boost
|-unboost|p1a: Rillaboom|atk|1
|-fail|p1b: Dragapult|unboost|[from] ability: Clear Body|[of] p1b: Dragapult
|-fieldstart|move: Grassy Terrain|[from] ability: Grassy Surge|[of] p1a: Rillaboom
|turn|1
|inactive|artyowls has 30 seconds left.
|inactive|artyowls has 20 seconds left.
|inactive|artyowls has 15 seconds left.
|inactive|artyowls has 10 seconds left.
|
|t:|1756379555
|-terastallize|p1b: Dragapult|Dragon
|move|p2a: Garchomp|Protect|p2a: Garchomp
|-singleturn|p2a: Garchomp|Protect
|move|p2b: Salamence|Protect|p2b: Salamence
|-singleturn|p2b: Salamence|Protect
|move|p1a: Rillaboom|Fake Out|p2a: Garchomp
|-activate|p2a: Garchomp|move: Protect
|move|p1b: Dragapult|Dragon Darts|p2b: Salamence
|-activate|p2a: Garchomp|move: Protect
|
|upkeep
|turn|2
|inactive|CretaceousDraconid has 30 seconds left.
|
|t:|1756379582
|switch|p2b: Corviknight|Corviknight, L50, M, shiny|100/100
|-terastallize|p2a: Garchomp|Steel
|move|p1b: Dragapult|Dragon Darts|p2b: Corviknight
|-resisted|p2b: Corviknight
|-damage|p2b: Corviknight|85/100
|-anim|p1b: Dragapult|Dragon Darts|p2a: Garchomp
|-resisted|p2a: Garchomp
|-damage|p2a: Garchomp|75/100
|move|p2a: Garchomp|Dragon Claw|p1b: Dragapult
|-supereffective|p1b: Dragapult
|-damage|p1b: Dragapult|0 fnt
|faint|p1b: Dragapult
|-damage|p2a: Garchomp|66/100|[from] item: Life Orb
|move|p1a: Rillaboom|Bullet Seed|p2a: Garchomp
|-resisted|p2a: Garchomp
|-damage|p2a: Garchomp|60/100
|-resisted|p2a: Garchomp
|-damage|p2a: Garchomp|55/100
|-resisted|p2a: Garchomp
|-damage|p2a: Garchomp|49/100
|-resisted|p2a: Garchomp
|-damage|p2a: Garchomp|43/100
|-hitcount|p2a: Garchomp|4
|
|-heal|p2a: Garchomp|49/100|[from] Grassy Terrain
|-heal|p2b: Corviknight|91/100|[from] item: Leftovers
|upkeep
|
|t:|1756379606
|switch|p1b: Pelipper|Pelipper, L50, M|100/100
|-weather|RainDance|[from] ability: Drizzle|[of] p1b: Pelipper
|turn|3
|
|t:|1756379623
|switch|p2b: Tyranitar|Tyranitar, L50, F|100/100
|-weather|Sandstorm|[from] ability: Sand Stream|[of] p2b: Tyranitar
|move|p2a: Garchomp|Dragon Claw|p1b: Pelipper
|-damage|p1b: Pelipper|31/100
|-damage|p2a: Garchomp|40/100|[from] item: Life Orb
|move|p1a: Rillaboom|High Horsepower|p2a: Garchomp
|-supereffective|p2a: Garchomp
|-damage|p2a: Garchomp|0 fnt
|faint|p2a: Garchomp
|move|p1b: Pelipper|Weather Ball|p2b: Tyranitar
|-damage|p2b: Tyranitar|87/100
|
|-weather|Sandstorm|[upkeep]
|-damage|p1a: Rillaboom|94/100|[from] Sandstorm
|-damage|p1b: Pelipper|25/100|[from] Sandstorm
|-heal|p1a: Rillaboom|100/100|[from] Grassy Terrain
|-heal|p2b: Tyranitar|94/100|[from] Grassy Terrain
|upkeep
|
|t:|1756379635
|switch|p2a: Salamence|Salamence, L50, F|100/100
|-ability|p2a: Salamence|Intimidate|boost
|-unboost|p1a: Rillaboom|atk|1
|-unboost|p1b: Pelipper|atk|1
|turn|4
|
|t:|1756379654
|switch|p1a: Archaludon|Archaludon, L50, M|100/100
|switch|p2b: Corviknight|Corviknight, L50, M, shiny|91/100
|move|p1b: Pelipper|Protect|p1b: Pelipper
|-singleturn|p1b: Pelipper|Protect
|move|p2a: Salamence|Hurricane|p1a: Archaludon|[miss]
|-miss|p2a: Salamence|p1a: Archaludon
|
|-weather|Sandstorm|[upkeep]
|-damage|p1b: Pelipper|19/100|[from] Sandstorm
|-heal|p2b: Corviknight|97/100|[from] item: Leftovers
|upkeep
|turn|5
|inactive|artyowls has 30 seconds left.
|
|t:|1756379680
|switch|p1b: Rillaboom|Rillaboom, L50, M|100/100
|move|p2a: Salamence|Protect|p2a: Salamence
|-singleturn|p2a: Salamence|Protect
|move|p1a: Archaludon|Draco Meteor|p2a: Salamence
|-activate|p2a: Salamence|move: Protect
|move|p2b: Corviknight|Body Press|p1a: Archaludon
|-supereffective|p1a: Archaludon
|-damage|p1a: Archaludon|65/100
|-ability|p1a: Archaludon|Stamina|boost
|-boost|p1a: Archaludon|def|1
|
|-weather|Sandstorm|[upkeep]
|-damage|p1b: Rillaboom|94/100|[from] Sandstorm
|-heal|p1b: Rillaboom|100/100|[from] Grassy Terrain
|-heal|p1a: Archaludon|71/100|[from] Grassy Terrain
|-heal|p2b: Corviknight|100/100|[from] item: Leftovers
|-fieldend|move: Grassy Terrain
|upkeep
|turn|6
|inactive|artyowls has 30 seconds left.
|inactive|CretaceousDraconid has 30 seconds left.
|
|t:|1756379714
|switch|p2a: Tyranitar|Tyranitar, L50, F|94/100
|move|p1b: Rillaboom|Fake Out|p2b: Corviknight
|-resisted|p2b: Corviknight
|-damage|p2b: Corviknight|96/100
|move|p1a: Archaludon|Body Press|p2a: Tyranitar
|-supereffective|p2a: Tyranitar
|-damage|p2a: Tyranitar|0 fnt
|faint|p2a: Tyranitar
|cant|p2b: Corviknight|flinch
|
|-weather|Sandstorm|[upkeep]
|-damage|p1b: Rillaboom|94/100|[from] Sandstorm
|-heal|p2b: Corviknight|100/100|[from] item: Leftovers
|upkeep
|
|t:|1756379719
|switch|p2a: Salamence|Salamence, L50, F|100/100
|-ability|p2a: Salamence|Intimidate|boost
|-unboost|p1a: Archaludon|atk|1
|-unboost|p1b: Rillaboom|atk|1
|turn|7
|inactive|artyowls has 30 seconds left.
|
|t:|1756379745
|switch|p1b: Pelipper|Pelipper, L50, M|19/100
|-weather|RainDance|[from] ability: Drizzle|[of] p1b: Pelipper
|move|p2a: Salamence|Draco Meteor|p1a: Archaludon
|-damage|p1a: Archaludon|34/100
|-unboost|p2a: Salamence|spa|2
|-ability|p1a: Archaludon|Stamina|boost
|-boost|p1a: Archaludon|def|1
|move|p1a: Archaludon|Electro Shot||[still]
|-prepare|p1a: Archaludon|Electro Shot
|-boost|p1a: Archaludon|spa|1
|-anim|p1a: Archaludon|Electro Shot|p2b: Corviknight
|-supereffective|p2b: Corviknight
|-damage|p2b: Corviknight|0 fnt
|faint|p2b: Corviknight
|
|-weather|RainDance|[upkeep]
|upkeep
|turn|8
|inactive|artyowls has 30 seconds left.
|
|t:|1756379777
|move|p2a: Salamence|Draco Meteor|p1a: Archaludon
|-damage|p1a: Archaludon|16/100
|-unboost|p2a: Salamence|spa|2
|-ability|p1a: Archaludon|Stamina|boost
|-boost|p1a: Archaludon|def|1
|move|p1b: Pelipper|Weather Ball|p2a: Salamence
|-resisted|p2a: Salamence
|-damage|p2a: Salamence|68/100
|move|p1a: Archaludon|Draco Meteor|p2a: Salamence
|-supereffective|p2a: Salamence
|-damage|p2a: Salamence|0 fnt
|-unboost|p1a: Archaludon|spa|2
|faint|p2a: Salamence
|
|win|artyowls
||CretaceousDraconid is ready for game 2.
|inactive|artyowls has 30 seconds to confirm battle start!
||artyowls is ready for game 2.
|uhtml|next|Next: Game 2 of 3
|l|â˜†CretaceousDraconid
|player|p2|
