|j|☆Basura2U
|j|☆igres17
|html|Basura2Uigres17    
|uhtml|bestof|Game 1 of a best-of-3
|t:|1757761495
|gametype|doubles
|player|p1|Basura2U|lucas|1120
|player|p2|igres17|1|1037
|gen|9
|tier|[Gen 9] VGC 2025 Reg H (Bo3)
|rated|
|rule|Species Clause: Limit one of each Pokémon
|rule|Item Clause: Limit 1 of each item
|clearpoke
|poke|p1|Toxicroak, L50, M|
|poke|p1|Politoed, L50, M|
|poke|p1|Ludicolo, L50, F|
|poke|p1|Indeedee, L50, M|
|poke|p1|Pachirisu, L50, F|
|poke|p1|Kingambit, L50, M|
|poke|p2|Politoed, L50, M|
|poke|p2|Gothitelle, L50, F|
|poke|p2|Incineroar, L50, M|
|poke|p2|Amoonguss, L50, F|
|poke|p2|Kingdra, L50, M|
|poke|p2|Archaludon, L50, M|
|teampreview|4
|showteam|p1|Toxicroak||AssaultVest|DrySkin|GunkShot,FakeOut,CloseCombat,Feint|||M|||50|,,,,,Dark]Politoed||DampRock|Drizzle|RainDance,MuddyWater,HelpingHand,IcyWind|||M|||50|,,,,,Water]Ludicolo||LifeOrb|SwiftSwim|HydroPump,Protect,IceBeam,EnergyBall|||F|||50|,,,,,Water]Indeedee||ChoiceScarf|PsychicSurge|ExpandingForce,DazzlingGleam,ShadowBall,Trick|||M|||50|,,,,,Fairy]Pachirisu||SitrusBerry|VoltAbsorb|FollowMe,HelpingHand,SuperFang,Nuzzle|||F|||50|,,,,,Ghost]Kingambit||BlackGlasses|Defiant|SuckerPunch,KowtowCleave,LowKick,Protect|||M|||50|,,,,,Dark
|showteam|p2|Politoed||Leftovers|Drizzle|Protect,WeatherBall,PerishSong,Encore|||M|||50|,,,,,Grass]Gothitelle||SitrusBerry|ShadowTag|Protect,Psychic,FakeOut,TrickRoom|||F|||50|,,,,,Dark]Incineroar||SafetyGoggles|Intimidate|Protect,KnockOff,FakeOut,PartingShot|||M|||50|,,,,,Ghost]Amoonguss||EjectButton|Regenerator|Protect,RagePowder,PollenPuff,Spore|||F|||50|,,,,,Fairy]Kingdra||LifeOrb|SwiftSwim|Protect,WeatherBall,DracoMeteor,MuddyWater|||M|||50|,,,,,Stellar]Archaludon||PowerHerb|Sturdy|Protect,ElectroShot,DragonPulse,FlashCannon|||M|||50|,,,,,Electric
|inactive|Battle timer is ON: inactive players will automatically lose when time's up. (requested by igres17)
|inactive|Basura2U has 60 seconds left.
|
|t:|1757761563
|teamsize|p1|4
|teamsize|p2|4
|start
|switch|p1a: Kingambit|Kingambit, L50, M|100/100
|switch|p1b: Pachirisu|Pachirisu, L50, F|100/100
|switch|p2a: Politoed|Politoed, L50, M|100/100
|switch|p2b: Incineroar|Incineroar, L50, M|100/100
|-weather|RainDance|[from] ability: Drizzle|[of] p2a: Politoed
|-ability|p2b: Incineroar|Intimidate|boost
|-unboost|p1a: Kingambit|atk|1
|-ability|p1a: Kingambit|Defiant|boost
|-boost|p1a: Kingambit|atk|2
|-unboost|p1b: Pachirisu|atk|1
|turn|1
|inactive|Basura2U has 30 seconds left.
|
|t:|1757761589
|switch|p1b: Indeedee|Indeedee, L50, M|100/100
|-fieldstart|move: Psychic Terrain|[from] ability: Psychic Surge|[of] p1b: Indeedee
|-terastallize|p1a: Kingambit|Dark
|move|p2b: Incineroar|Fake Out|p1a: Kingambit
|-activate|p1a: Kingambit|move: Psychic Terrain
|move|p2a: Politoed|Perish Song|p2a: Politoed
|-start|p1a: Kingambit|perish3|[silent]
|-start|p1b: Indeedee|perish3|[silent]
|-start|p2a: Politoed|perish3|[silent]
|-start|p2b: Incineroar|perish3|[silent]
|-fieldactivate|move: Perish Song
|move|p1a: Kingambit|Kowtow Cleave|p2a: Politoed
|-damage|p2a: Politoed|0 fnt
|faint|p2a: Politoed
|
|-weather|RainDance|[upkeep]
|-start|p1b: Indeedee|perish3
|-start|p1a: Kingambit|perish3
|-start|p2b: Incineroar|perish3
|upkeep
|
|t:|1757761599
|switch|p2a: Gothitelle|Gothitelle, L50, F|100/100
|turn|2
|inactive|Basura2U has 30 seconds left.
|
|t:|1757761625
|move|p2a: Gothitelle|Protect|p2a: Gothitelle
|-singleturn|p2a: Gothitelle|Protect
|move|p2b: Incineroar|Protect|p2b: Incineroar
|-singleturn|p2b: Incineroar|Protect
|move|p1b: Indeedee|Trick|p2a: Gothitelle
|-activate|p2a: Gothitelle|move: Protect
|move|p1a: Kingambit|Low Kick|p2b: Incineroar
|-activate|p2b: Incineroar|move: Protect
|
|-weather|RainDance|[upkeep]
|-start|p1b: Indeedee|perish2
|-start|p1a: Kingambit|perish2
|-start|p2b: Incineroar|perish2
|upkeep
|turn|3
|inactive|igres17 has 30 seconds left.
|
|t:|1757761651
|move|p2a: Gothitelle|Protect||[still]
|-fail|p2a: Gothitelle
|move|p1b: Indeedee|Trick|p2a: Gothitelle
|-activate|p1b: Indeedee|move: Trick|[of] p2a: Gothitelle
|-item|p2a: Gothitelle|Choice Scarf|[from] move: Trick
|-item|p1b: Indeedee|Sitrus Berry|[from] move: Trick
|move|p1a: Kingambit|Kowtow Cleave|p2a: Gothitelle
|-supereffective|p2a: Gothitelle
|-damage|p2a: Gothitelle|0 fnt
|faint|p2a: Gothitelle
|move|p2b: Incineroar|Parting Shot|p1b: Indeedee
|-unboost|p1b: Indeedee|atk|1
|-unboost|p1b: Indeedee|spa|1
|
|t:|1757761658
|switch|p2b: Kingdra|Kingdra, L50, M|100/100|[from] Parting Shot
|
|-weather|RainDance|[upkeep]
|-start|p1b: Indeedee|perish1
|-start|p1a: Kingambit|perish1
|upkeep
|
|t:|1757761661
|switch|p2a: Incineroar|Incineroar, L50, M|100/100
|-ability|p2a: Incineroar|Intimidate|boost
|-unboost|p1a: Kingambit|atk|1
|-ability|p1a: Kingambit|Defiant|boost
|-boost|p1a: Kingambit|atk|2
|-unboost|p1b: Indeedee|atk|1
|turn|4
|inactive|Basura2U has 30 seconds left.
|inactive|Basura2U has 20 seconds left.
|
|t:|1757761698
|switch|p1b: Toxicroak|Toxicroak, L50, M|100/100
|switch|p1a: Pachirisu|Pachirisu, L50, F|100/100
|-terastallize|p2b: Kingdra|Stellar
|move|p2a: Incineroar|Protect|p2a: Incineroar
|-singleturn|p2a: Incineroar|Protect
|move|p2b: Kingdra|Muddy Water|p1b: Toxicroak|[spread] 
|-immune|p1b: Toxicroak|[from] ability: Dry Skin
|-miss|p2b: Kingdra|p1a: Pachirisu
|
|-weather|RainDance|[upkeep]
|upkeep
|turn|5
|c|☆igres17|nah
|c|☆igres17|gg
|-message|igres17 forfeited.
|
|win|Basura2U
||igres17 is ready for game 2.
||Basura2U is ready for game 2.
|uhtml|next|Next: Game 2 of 3
