|j|☆vikaenjoyer
|j|☆Nutchup
|html|vikaenjoyerNutchup    
|uhtml|bestof|Game 2 of a best-of-3
|t:|1757023926
|gametype|doubles
|player|p1|vikaenjoyer|101|1226
|player|p2|Nutchup|janitor|1118
|gen|9
|tier|[Gen 9] VGC 2025 Reg H (Bo3)
|rated|
|rule|Species Clause: Limit one of each Pokémon
|rule|Item Clause: Limit 1 of each item
|clearpoke
|poke|p1|Garchomp, L50, M|
|poke|p1|Gholdengo, L50|
|poke|p1|Incineroar, L50, F|
|poke|p1|Smeargle, L50, M|
|poke|p1|Whimsicott, L50, M|
|poke|p1|Rillaboom, L50, M|
|poke|p2|Glimmora, L50, F|
|poke|p2|Dondozo, L50, F|
|poke|p2|Tatsugiri-Droopy, L50, F|
|poke|p2|Archaludon, L50, F|
|poke|p2|Gholdengo, L50|
|poke|p2|Maushold, L50|
|teampreview|4
|showteam|p1|Garchomp||ClearAmulet|SandVeil|Protect,DragonClaw,StompingTantrum,Earthquake|||M|||50|,,,,,Ground]Gholdengo||MetalCoat|GoodasGold|Protect,MakeItRain,ShadowBall,NastyPlot||||||50|,,,,,Water]Incineroar||SafetyGoggles|Intimidate|FakeOut,FlareBlitz,KnockOff,PartingShot|||F|||50|,,,,,Ghost]Smeargle||FocusSash|Moody|SpikyShield,Spore,FollowMe,Ruination|||M|||50|,,,,,Grass]Whimsicott||CovertCloak|Prankster|Moonblast,Tailwind,Encore,LightScreen|||M|||50|,,,,,Water]Rillaboom||AssaultVest|GrassySurge|FakeOut,WoodHammer,GrassyGlide,HighHorsepower|||M|||50|,,,,,Fire
|showteam|p2|Glimmora||CovertCloak|ToxicDebris|MortalSpin,PowerGem,EarthPower,SpikyShield|||F|||50|,,,,,Bug]Dondozo||Leftovers|Unaware|Earthquake,OrderUp,BodyPress,Protect|||F|||50|,,,,,Grass]Tatsugiri-Droopy||FocusSash|Commander|DracoMeteor,MuddyWater,HelpingHand,Protect|||F|||50|,,,,,Stellar]Archaludon||AssaultVest|Stamina|ElectroShot,FlashCannon,DragonPulse,BodyPress|||F|||50|,,,,,Bug]Gholdengo||ChoiceScarf|GoodasGold|MakeItRain,ShadowBall,DazzlingGleam,Trick||||||50|,,,,,Fairy]Maushold||SafetyGoggles|FriendGuard|BeatUp,Taunt,FollowMe,Protect||||||50|,,,,,Ghost
|inactive|Battle timer is ON: inactive players will automatically lose when time's up. (requested by vikaenjoyer)
|inactive|Nutchup also wants the timer to be on.
|inactive|Nutchup has 60 seconds left.
|
|t:|1757023978
|teamsize|p1|4
|teamsize|p2|4
|start
|switch|p1a: Smeargle|Smeargle, L50, M|100/100
|switch|p1b: Gholdengo|Gholdengo, L50|100/100
|switch|p2a: Matsumoto|Glimmora, L50, F|100/100
|switch|p2b: Urahara|Maushold, L50|100/100
|turn|1
|inactive|vikaenjoyer has 30 seconds left.
|
|t:|1757024007
|-terastallize|p1b: Gholdengo|Water
|move|p1a: Smeargle|Spiky Shield|p1a: Smeargle
|-singleturn|p1a: Smeargle|move: Protect
|move|p2b: Urahara|Taunt|p1a: Smeargle
|-activate|p1a: Smeargle|move: Protect
|move|p1b: Gholdengo|Nasty Plot|p1b: Gholdengo
|-boost|p1b: Gholdengo|spa|2
|move|p2a: Matsumoto|Earth Power|p1b: Gholdengo
|-damage|p1b: Gholdengo|68/100
|
|-ability|p1a: Smeargle|Moody|boost
|-boost|p1a: Smeargle|spd|2
|-unboost|p1a: Smeargle|spa|1
|upkeep
|turn|2
|
|t:|1757024030
|move|p2b: Urahara|Beat Up|p2a: Matsumoto
|-damage|p2a: Matsumoto|99/100
|-activate|p2a: Matsumoto|ability: Toxic Debris
|-sidestart|p1: vikaenjoyer|move: Toxic Spikes
|-damage|p2a: Matsumoto|98/100
|-activate|p2a: Matsumoto|ability: Toxic Debris
|-sidestart|p1: vikaenjoyer|move: Toxic Spikes
|-damage|p2a: Matsumoto|96/100
|-damage|p2a: Matsumoto|95/100
|-hitcount|p2a: Matsumoto|4
|move|p1a: Smeargle|Ruination|p2a: Matsumoto
|-damage|p2a: Matsumoto|48/100
|move|p1b: Gholdengo|Make It Rain|p2b: Urahara|[spread] p2a,p2b
|-supereffective|p2a: Matsumoto
|-damage|p2a: Matsumoto|0 fnt
|-damage|p2b: Urahara|0 fnt
|-unboost|p1b: Gholdengo|spa|1
|faint|p2a: Matsumoto
|faint|p2b: Urahara
|
|-ability|p1a: Smeargle|Moody|boost
|-boost|p1a: Smeargle|def|2
|-unboost|p1a: Smeargle|spa|1
|upkeep
|
|t:|1757024047
|switch|p2b: Kenpachi|Dondozo, L50, F, shiny|100/100
|switch|p2a: Orihime|Tatsugiri-Droopy, L50, F, shiny|100/100
|-activate|p2a: Orihime|ability: Commander|[of] p2b: Kenpachi
|-boost|p2b: Kenpachi|atk|2
|-boost|p2b: Kenpachi|spa|2
|-boost|p2b: Kenpachi|spe|2
|-boost|p2b: Kenpachi|def|2
|-boost|p2b: Kenpachi|spd|2
|turn|3
|
|t:|1757024063
|move|p1a: Smeargle|Spiky Shield|p1a: Smeargle
|-singleturn|p1a: Smeargle|move: Protect
|move|p1b: Gholdengo|Protect|p1b: Gholdengo
|-singleturn|p1b: Gholdengo|Protect
|move|p2b: Kenpachi|Order Up|p1a: Smeargle
|-activate|p1a: Smeargle|move: Protect
|
|-ability|p1a: Smeargle|Moody|boost
|-boost|p1a: Smeargle|spe|2
|-unboost|p1a: Smeargle|atk|1
|upkeep
|turn|4
|
|t:|1757024075
|-terastallize|p2b: Kenpachi|Grass
|move|p1a: Smeargle|Spore|p2b: Kenpachi
|-immune|p2b: Kenpachi
|move|p1b: Gholdengo|Shadow Ball|p2b: Kenpachi
|-damage|p2b: Kenpachi|83/100
|-unboost|p2b: Kenpachi|spd|1
|move|p2b: Kenpachi|Body Press|p1b: Gholdengo
|-damage|p1b: Gholdengo|13/100
|
|-heal|p2b: Kenpachi|89/100|[from] item: Leftovers
|-ability|p1a: Smeargle|Moody|boost
|-boost|p1a: Smeargle|spd|2
|-unboost|p1a: Smeargle|atk|1
|upkeep
|turn|5
|
|t:|1757024089
|move|p1a: Smeargle|Ruination|p2b: Kenpachi
|-damage|p2b: Kenpachi|45/100
|move|p1b: Gholdengo|Make It Rain|p2a: Orihime|[spread] p2b
|-miss|p1b: Gholdengo|p2a: Orihime
|-damage|p2b: Kenpachi|12/100
|-unboost|p1b: Gholdengo|spa|1
|move|p2b: Kenpachi|Order Up|p1a: Smeargle
|-damage|p1a: Smeargle|35/100
|-boost|p2b: Kenpachi|def|1
|
|-heal|p2b: Kenpachi|18/100|[from] item: Leftovers
|-ability|p1a: Smeargle|Moody|boost
|-boost|p1a: Smeargle|atk|2
|-unboost|p1a: Smeargle|def|1
|upkeep
|turn|6
|
|t:|1757024110
|move|p1a: Smeargle|Ruination|p2b: Kenpachi
|-damage|p2b: Kenpachi|10/100
|move|p1b: Gholdengo|Make It Rain|p2b: Kenpachi|[spread] p2b
|-miss|p1b: Gholdengo|p2a: Orihime
|-damage|p2b: Kenpachi|0 fnt
|-unboost|p1b: Gholdengo|spa|1
|faint|p2b: Kenpachi
|
|-ability|p1a: Smeargle|Moody|boost
|-boost|p1a: Smeargle|spd|2
|-unboost|p1a: Smeargle|spe|1
|upkeep
|turn|7
|
|t:|1757024121
|move|p1a: Smeargle|Spore|p2a: Orihime
|-status|p2a: Orihime|slp|[from] move: Spore
|cant|p2a: Orihime|slp
|move|p1b: Gholdengo|Shadow Ball|p2a: Orihime
|-damage|p2a: Orihime|64/100 slp
|
|-ability|p1a: Smeargle|Moody|boost
|-boost|p1a: Smeargle|spe|2
|-unboost|p1a: Smeargle|def|1
|upkeep
|turn|8
|-message|Nutchup forfeited.
|raw|vikaenjoyer's rating: 1226 → 1243(+17 for winning)
|raw|Nutchup's rating: 1118 → 1101(-17 for losing)
|
|win|vikaenjoyer
|l|☆Nutchup
|player|p2|
