|j|☆LeCehlou
|j|☆Bellbottoms
|html|LeCehlouBellbottoms    
|uhtml|bestof|Game 2 of a best-of-3
|t:|1757665593
|gametype|doubles
|player|p1|LeCehlou|rocker-gen3|1534
|player|p2|Bellbottoms|pokemonbreederf-gen4|1476
|gen|9
|tier|[Gen 9] VGC 2025 Reg H (Bo3)
|rated|
|rule|Species Clause: Limit one of each Pokémon
|rule|Item Clause: Limit 1 of each item
|clearpoke
|poke|p1|Whimsicott, L50, M|
|poke|p1|Ursaluna-Bloodmoon, L50, M|
|poke|p1|Archaludon, L50, F|
|poke|p1|Typhlosion-Hisui, L50, F|
|poke|p1|Indeedee-F, L50, F|
|poke|p1|Gallade, L50, M|
|poke|p2|Gholdengo, L50|
|poke|p2|Rillaboom, L50, M|
|poke|p2|Arcanine-Hisui, L50, F|
|poke|p2|Sneasler, L50, M|
|poke|p2|Dragonite, L50, F|
|poke|p2|Ninetales-Alola, L50, F|
|teampreview|4
|showteam|p1|Whimsicott||CovertCloak|Prankster|Tailwind,Moonblast,Encore,SunnyDay|||M|||50|,,,,,Steel]Ursaluna-Bloodmoon||LifeOrb|MindsEye|EarthPower,BloodMoon,HyperVoice,Protect|||M|||50|,,,,,Normal]Archaludon||PowerHerb|Sturdy|ElectroShot,FlashCannon,Protect,DracoMeteor|||F|||50|,,,,,Stellar]Typhlosion-Hisui||ChoiceSpecs|Blaze|Eruption,HeatWave,ShadowBall,Overheat|||F|||50|,,,,,Fire]Indeedee-F||SafetyGoggles|PsychicSurge|TrickRoom,FollowMe,Imprison,Psychic|||F|||50|,,,,,Fairy]Gallade||ClearAmulet|Sharpness|TrickRoom,PsychoCut,SacredSword,WideGuard|||M|||50|,,,,,Grass
|showteam|p2|Gholdengo||GrassySeed|GoodasGold|MakeItRain,NastyPlot,ShadowBall,Protect||||||50|,,,,,Water]Rillaboom||AssaultVest|GrassySurge|DrumBeating,GrassyGlide,FakeOut,HighHorsepower|||M|||50|,,,,,Fire]Arcanine-Hisui||ClearAmulet|Intimidate|RockSlide,FlareBlitz,ExtremeSpeed,Protect|||F|||50|,,,,,Water]Sneasler||WhiteHerb|Unburden|CloseCombat,DireClaw,Coaching,Protect|||M|||50|,,,,,Ghost]Dragonite||LoadedDice|Multiscale|ScaleShot,StompingTantrum,Protect,Tailwind|||F|||50|,,,,,Ground]Ninetales-Alola||FocusSash|SnowWarning|Blizzard,IcyWind,AuroraVeil,Encore|||F|||50|,,,,,Ghost
|
|t:|1757665610
|teamsize|p1|4
|teamsize|p2|4
|start
|switch|p1a: Whimsicott|Whimsicott, L50, M|100/100
|switch|p1b: Typhlosion|Typhlosion-Hisui, L50, F|100/100
|switch|p2a: Nice Nature|Sneasler, L50, M|100/100
|switch|p2b: AgnesTachyon|Dragonite, L50, F, shiny|100/100
|turn|1
|
|t:|1757665626
|-terastallize|p1a: Whimsicott|Steel
|move|p2a: Nice Nature|Protect|p2a: Nice Nature
|-singleturn|p2a: Nice Nature|Protect
|move|p1a: Whimsicott|Sunny Day|p1a: Whimsicott
|-weather|SunnyDay
|move|p1b: Typhlosion|Eruption|p2b: AgnesTachyon|[spread] p2b
|-activate|p2a: Nice Nature|move: Protect
|-resisted|p2b: AgnesTachyon
|-crit|p2b: AgnesTachyon
|-damage|p2b: AgnesTachyon|49/100
|move|p2b: AgnesTachyon|Scale Shot|p1b: Typhlosion
|-damage|p1b: Typhlosion|80/100
|-damage|p1b: Typhlosion|60/100
|-damage|p1b: Typhlosion|39/100
|-damage|p1b: Typhlosion|19/100
|-damage|p1b: Typhlosion|0 fnt
|faint|p1b: Typhlosion
|-hitcount|p1: Typhlosion|5
|-unboost|p2b: AgnesTachyon|def|1
|-boost|p2b: AgnesTachyon|spe|1
|
|-weather|SunnyDay|[upkeep]
|upkeep
|
|t:|1757665640
|switch|p1b: Ursaluna|Ursaluna-Bloodmoon, L50, M|100/100
|turn|2
|
|t:|1757665660
|switch|p2a: Oguri Cap|Ninetales-Alola, L50, F|100/100
|-weather|Snowscape|[from] ability: Snow Warning|[of] p2a: Oguri Cap
|move|p1a: Whimsicott|Tailwind|p1a: Whimsicott
|-sidestart|p1: LeCehlou|move: Tailwind
|move|p1b: Ursaluna|Earth Power|p2a: Oguri Cap
|-crit|p2a: Oguri Cap
|-enditem|p2a: Oguri Cap|Focus Sash
|-damage|p2a: Oguri Cap|1/100
|-damage|p1b: Ursaluna|91/100|[from] item: Life Orb
|move|p2b: AgnesTachyon|Tailwind|p2b: AgnesTachyon
|-sidestart|p2: Bellbottoms|move: Tailwind
|
|-weather|Snowscape|[upkeep]
|upkeep
|turn|3
|
|t:|1757665670
|-terastallize|p2b: AgnesTachyon|Ground
|move|p1a: Whimsicott|Sunny Day|p1a: Whimsicott
|-weather|SunnyDay
|move|p2b: AgnesTachyon|Stomping Tantrum|p1a: Whimsicott
|-supereffective|p1a: Whimsicott
|-damage|p1a: Whimsicott|9/100
|move|p2a: Oguri Cap|Blizzard|p1b: Ursaluna|[spread] p1a,p1b
|-resisted|p1a: Whimsicott
|-supereffective|p1b: Ursaluna
|-damage|p1a: Whimsicott|0 fnt
|-damage|p1b: Ursaluna|20/100
|faint|p1a: Whimsicott
|move|p1b: Ursaluna|Hyper Voice|p2a: Oguri Cap|[spread] p2a,p2b
|-damage|p2a: Oguri Cap|0 fnt
|-damage|p2b: AgnesTachyon|0 fnt
|faint|p2a: Oguri Cap
|faint|p2b: AgnesTachyon
|-damage|p1b: Ursaluna|11/100|[from] item: Life Orb
|
|-weather|SunnyDay|[upkeep]
|upkeep
|
|t:|1757665682
|switch|p2a: Grass Wonder|Rillaboom, L50, M|100/100
|switch|p1a: Archaludon|Archaludon, L50, F|100/100
|switch|p2b: Nice Nature|Sneasler, L50, M|100/100
|-fieldstart|move: Grassy Terrain|[from] ability: Grassy Surge|[of] p2a: Grass Wonder
|turn|4
|
|t:|1757665691
|move|p1a: Archaludon|Protect|p1a: Archaludon
|-singleturn|p1a: Archaludon|Protect
|move|p1b: Ursaluna|Protect|p1b: Ursaluna
|-singleturn|p1b: Ursaluna|Protect
|move|p2a: Grass Wonder|Fake Out|p1a: Archaludon
|-activate|p1a: Archaludon|move: Protect
|move|p2b: Nice Nature|Dire Claw|p1b: Ursaluna
|-activate|p1b: Ursaluna|move: Protect
|
|-weather|SunnyDay|[upkeep]
|-heal|p1b: Ursaluna|16/100|[from] Grassy Terrain
|upkeep
|turn|5
|
|t:|1757665710
|move|p2b: Nice Nature|Protect|p2b: Nice Nature
|-singleturn|p2b: Nice Nature|Protect
|move|p1b: Ursaluna|Protect||[still]
|-fail|p1b: Ursaluna
|move|p2a: Grass Wonder|Grassy Glide|p1b: Ursaluna
|-supereffective|p1b: Ursaluna
|-damage|p1b: Ursaluna|0 fnt
|faint|p1b: Ursaluna
|move|p1a: Archaludon|Electro Shot||[still]
|-prepare|p1a: Archaludon|Electro Shot
|-boost|p1a: Archaludon|spa|1
|-enditem|p1a: Archaludon|Power Herb
|-anim|p1a: Archaludon|Electro Shot|p2b: Nice Nature
|-activate|p2b: Nice Nature|move: Protect
|
|-weather|SunnyDay|[upkeep]
|-sideend|p1: LeCehlou|move: Tailwind
|-sideend|p2: Bellbottoms|move: Tailwind
|upkeep
|turn|6
|
|t:|1757665718
|move|p1a: Archaludon|Protect|p1a: Archaludon
|-singleturn|p1a: Archaludon|Protect
|move|p2b: Nice Nature|Close Combat|p1a: Archaludon
|-activate|p1a: Archaludon|move: Protect
|move|p2a: Grass Wonder|High Horsepower|p1a: Archaludon
|-activate|p1a: Archaludon|move: Protect
|
|-weather|SunnyDay|[upkeep]
|upkeep
|turn|7
|
|t:|1757665730
|move|p2b: Nice Nature|Close Combat|p1a: Archaludon
|-supereffective|p1a: Archaludon
|-ability|p1a: Archaludon|Sturdy
|-damage|p1a: Archaludon|1/100
|-unboost|p2b: Nice Nature|def|1
|-unboost|p2b: Nice Nature|spd|1
|-enditem|p2b: Nice Nature|White Herb
|-clearnegativeboost|p2b: Nice Nature|[silent]
|move|p2a: Grass Wonder|High Horsepower|p1a: Archaludon
|-supereffective|p1a: Archaludon
|-damage|p1a: Archaludon|0 fnt
|faint|p1a: Archaludon
|
|win|Bellbottoms
||LeCehlou is ready for game 3.
||Bellbottoms is ready for game 3.
|uhtml|next|Next: Game 3 of 3
|l|☆Bellbottoms
|player|p2|
