|j|☆Reverber013
|j|☆soymalo1
|html|Reverber013soymalo1    
|uhtml|bestof|Game 1 of a best-of-3
|t:|1785694041
|gametype|doubles
|player|p1|Reverber013|170|1055
|player|p2|soymalo1|2|1061
|gen|9
|tier|[Gen 9 Champions] VGC 2026 Reg M-B (Bo3)
|rated|
|rule|Species Clause: Limit one of each Pokémon
|rule|Item Clause: Limit 1 of each item
|clearpoke
|poke|p1|Goodra-Hisui, L50, M|
|poke|p1|Kleavor, L50, M|
|poke|p1|Venusaur, L50, M|
|poke|p1|Dragonite, L50, F|
|poke|p1|Palafin, L50, M|
|poke|p1|Politoed, L50, F|
|poke|p2|Aerodactyl, L50, M|
|poke|p2|Kingambit, L50, M|
|poke|p2|Sylveon, L50, F|
|poke|p2|Garchomp, L50, M|
|poke|p2|Charizard, L50, M|
|poke|p2|Incineroar, L50, M|
|teampreview|4
|showteam|p1|Goodra-Hisui||ShucaBerry|Gooey|DragonTail,HeavySlam,Protect,IceSpinner|Adamant||M|||50|]Kleavor||ChoiceScarf|Sharpness|StoneAxe,CloseCombat,BrickBreak,NightSlash|Jolly||M|||50|]Venusaur||Venusaurite|Overgrow|EarthPower,GigaDrain,Protect,SludgeBomb|Timid||M|||50|]Dragonite||Dragoninite|Multiscale|Thunder,Hurricane,Protect,DracoMeteor|Modest||F|||50|]Palafin||MysticWater|ZerotoHero|JetPunch,WaveCrash,Protect,FlipTurn|Jolly||M|||50|]Politoed||WacanBerry|Drizzle|Haze,Protect,WeatherBall,IcyWind|Calm||F|||50|
|showteam|p2|Aerodactyl||Aerodactylite|Unnerve|RockSlide,IceFang,Tailwind,WideGuard|Jolly||M|||50|]Kingambit||FocusSash|Defiant|KowtowCleave,SuckerPunch,IronHead,Protect|Adamant||M|||50|]Sylveon||FairyFeather|Pixilate|Detect,HyperVoice,HyperBeam,QuickAttack|Modest||F|||50|]Garchomp||LifeOrb|RoughSkin|Earthquake,DragonClaw,StompingTantrum,Protect|Jolly||M|||50|]Charizard||CharizarditeY|Blaze|Protect,HeatWave,SolarBeam,WeatherBall|Modest||M|||50|]Incineroar||SitrusBerry|Intimidate|DarkestLariat,FlareBlitz,FakeOut,PartingShot|Impish||M|||50|
|inactive|Battle timer is ON: inactive players will automatically lose when time's up. (requested by soymalo1)
|inactive|soymalo1 has 60 seconds left.
|
|t:|1785694076
|teamsize|p1|4
|teamsize|p2|4
|start
|switch|p1a: Goodra|Goodra-Hisui, L50, M|100/100
|switch|p1b: Kleavor|Kleavor, L50, M|100/100
|switch|p2a: Sylveon|Sylveon, L50, F|100/100
|switch|p2b: Incineroar|Incineroar, L50, M|100/100
|-ability|p2b: Incineroar|Intimidate|boost
|-unboost|p1a: Goodra|atk|1
|-unboost|p1b: Kleavor|atk|1
|turn|1
|
|t:|1785694096
|switch|p1b: Politoed|Politoed, L50, F|100/100
|-weather|RainDance|[from] ability: Drizzle|[of] p1b: Politoed
|move|p2b: Incineroar|Fake Out|p1b: Politoed
|-damage|p1b: Politoed|87/100
|move|p2a: Sylveon|Hyper Voice|p1b: Politoed|[spread] p1a,p1b
|-damage|p1a: Goodra|66/100
|-damage|p1b: Politoed|60/100
|move|p1a: Goodra|Heavy Slam|p2a: Sylveon
|-supereffective|p2a: Sylveon|1
|-damage|p2a: Sylveon|10/100
|
|-weather|RainDance|[upkeep]
|upkeep
|turn|2
|
|t:|1785694117
|switch|p1b: Kleavor|Kleavor, L50, M|100/100
|move|p2a: Sylveon|Detect|p2a: Sylveon
|-singleturn|p2a: Sylveon|Protect
|move|p1a: Goodra|Protect|p1a: Goodra
|-singleturn|p1a: Goodra|Protect
|move|p2b: Incineroar|Parting Shot|p1a: Goodra
|-activate|p1a: Goodra|move: Protect
|
|-weather|RainDance|[upkeep]
|upkeep
|turn|3
|
|t:|1785694137
|switch|p2b: Aerodactyl|Aerodactyl, L50, M|100/100
|-ability|p2b: Aerodactyl|Unnerve
|move|p1b: Kleavor|Stone Axe|p2b: Aerodactyl
|-supereffective|p2b: Aerodactyl|1
|-damage|p2b: Aerodactyl|0 fnt
|-sidestart|p2: soymalo1|move: Stealth Rock
|faint|p2b: Aerodactyl
|move|p2a: Sylveon|Hyper Beam|p1a: Goodra
|-damage|p1a: Goodra|2/100
|-mustrecharge|p2a: Sylveon
|move|p1a: Goodra|Heavy Slam|p2a: Sylveon
|-supereffective|p2a: Sylveon|1
|-damage|p2a: Sylveon|0 fnt
|faint|p2a: Sylveon
|
|-weather|RainDance|[upkeep]
|upkeep
|
|t:|1785694149
|switch|p2b: Incineroar|Incineroar, L50, M|100/100
|switch|p2a: Charizard|Charizard, L50, M|100/100
|-damage|p2a: Charizard|50/100g|[from] Stealth Rock
|-damage|p2b: Incineroar|75/100|[from] Stealth Rock
|-ability|p2b: Incineroar|Intimidate|boost
|-unboost|p1a: Goodra|atk|1
|-unboost|p1b: Kleavor|atk|1
|turn|4
|
|t:|1785694164
|move|p2b: Incineroar|Fake Out|p1b: Kleavor
|-resisted|p1b: Kleavor|1
|-damage|p1b: Kleavor|93/100
|cant|p1b: Kleavor|flinch
|move|p2a: Charizard|Weather Ball|p1b: Kleavor
|-supereffective|p1b: Kleavor|1
|-damage|p1b: Kleavor|0 fnt
|faint|p1b: Kleavor
|move|p1a: Goodra|Ice Spinner|p2a: Charizard
|-damage|p2a: Charizard|35/100
|
|-weather|RainDance|[upkeep]
|upkeep
|
|t:|1785694167
|switch|p1b: Venusaur|Venusaur, L50, M|100/100
|turn|5
|
|t:|1785694183
|detailschange|p1b: Venusaur|Venusaur-Mega, L50, M
|-mega|p1b: Venusaur|Venusaur|Venusaurite
|move|p1b: Venusaur|Protect|p1b: Venusaur
|-singleturn|p1b: Venusaur|Protect
|move|p2a: Charizard|Protect|p2a: Charizard
|-singleturn|p2a: Charizard|Protect
|move|p2b: Incineroar|Flare Blitz|p1b: Venusaur
|-activate|p1b: Venusaur|move: Protect
|move|p1a: Goodra|Dragon Tail|p2a: Charizard
|-activate|p2a: Charizard|move: Protect
|
|-weather|none
|upkeep
|turn|6
|
|t:|1785694201
|move|p1b: Venusaur|Earth Power|p2b: Incineroar
|-supereffective|p2b: Incineroar|1
|-damage|p2b: Incineroar|17/100
|-enditem|p2b: Incineroar|Sitrus Berry|[eat]
|-heal|p2b: Incineroar|42/100|[from] item: Sitrus Berry
|move|p2a: Charizard|Heat Wave|p1b: Venusaur|[spread] p1a,p1b
|-supereffective|p1b: Venusaur|1
|-damage|p1a: Goodra|0 fnt
|-damage|p1b: Venusaur|68/100
|faint|p1a: Goodra
|move|p2b: Incineroar|Flare Blitz|p1b: Venusaur
|-supereffective|p1b: Venusaur|1
|-damage|p1b: Venusaur|26/100
|-damage|p2b: Incineroar|31/100|[from] Recoil
|
|upkeep
|
|t:|1785694205
|switch|p1a: Politoed|Politoed, L50, F|60/100
|-weather|RainDance|[from] ability: Drizzle|[of] p1a: Politoed
|turn|7
|
|t:|1785694227
|detailschange|p2a: Charizard|Charizard-Mega-Y, L50, M
|-mega|p2a: Charizard|Charizard|Charizardite Y
|-weather|SunnyDay|[from] ability: Drought|[of] p2a: Charizard
|move|p1b: Venusaur|Protect|p1b: Venusaur
|-singleturn|p1b: Venusaur|Protect
|move|p2a: Charizard|Heat Wave|p1a: Politoed|[spread] p1a
|-activate|p1b: Venusaur|move: Protect
|-resisted|p1a: Politoed|1
|-crit|p1a: Politoed
|-damage|p1a: Politoed|30/100
|move|p1a: Politoed|Icy Wind|p2a: Charizard|[spread] p2a,p2b
|-resisted|p2b: Incineroar|1
|-damage|p2a: Charizard|28/100
|-damage|p2b: Incineroar|27/100
|-unboost|p2a: Charizard|spe|1
|-unboost|p2b: Incineroar|spe|1
|move|p2b: Incineroar|Darkest Lariat|p1a: Politoed
|-damage|p1a: Politoed|0 fnt
|faint|p1a: Politoed
|
|-weather|SunnyDay|[upkeep]
|upkeep
|turn|8
|
|t:|1785694245
|move|p1b: Venusaur|Sludge Bomb|p2a: Charizard
|-damage|p2a: Charizard|0 fnt
|faint|p2a: Charizard
|move|p2b: Incineroar|Flare Blitz|p1b: Venusaur
|-supereffective|p1b: Venusaur|1
|-damage|p1b: Venusaur|0 fnt
|faint|p1b: Venusaur
|-damage|p2b: Incineroar|20/100y|[from] Recoil
|
|win|soymalo1
||Reverber013 is ready for game 2.
||soymalo1 is ready for game 2.
|uhtml|next|Next: Game 2 of 3
|l|☆Reverber013
|player|p1|
