|j|☆impno
|j|☆Anicredible
|html|impnoAnicredible    
|uhtml|bestof|Game 1 of a best-of-3
|t:|1757004566
|gametype|doubles
|player|p1|impno|ethan|1116
|player|p2|Anicredible|hilbert|1144
|gen|9
|tier|[Gen 9] VGC 2025 Reg H (Bo3)
|rated|
|rule|Species Clause: Limit one of each Pokémon
|rule|Item Clause: Limit 1 of each item
|clearpoke
|poke|p1|Indeedee, L50, M|
|poke|p1|Excadrill, L50, M|
|poke|p1|Tyranitar, L50, F|
|poke|p1|Sneasler, L50, F|
|poke|p1|Whimsicott, L50, F|
|poke|p1|Gholdengo, L50|
|poke|p2|Annihilape, L50, F|
|poke|p2|Ursaluna-Bloodmoon, L50, M|
|poke|p2|Farigiraf, L50, M|
|poke|p2|Arcanine-Hisui, L50, M|
|poke|p2|Whimsicott, L50, F|
|poke|p2|Altaria, L50, M|
|teampreview|4
|showteam|p1|Indeedee||ChoiceScarf|PsychicSurge|ExpandingForce,DazzlingGleam,Trick,Protect|||M|||50|,,,,,Psychic]Excadrill||LifeOrb|SandRush|HighHorsepower,IronHead,Earthquake,Protect|||M|||50|,,,,,Ground]Tyranitar||AssaultVest|SandStream|HighHorsepower,KnockOff,StoneEdge,RockSlide|||F|||50|,,,,,Flying]Sneasler||PsychicSeed|Unburden|DireClaw,CloseCombat,Acrobatics,Protect|||F|||50|,,,,,Stellar]Whimsicott||FocusSash|Prankster|Tailwind,Encore,Moonblast,Protect|||F|||50|,,,,,Ghost]Gholdengo||ChoiceSpecs|GoodasGold|MakeItRain,ShadowBall,Trick,Protect||||||50|,,,,,Steel
|showteam|p2|Annihilape||MistySeed|Defiant|Protect,BulkUp,DrainPunch,RageFist|||F|||50|,,,,,Water]Ursaluna-Bloodmoon||LifeOrb|MindsEye|Protect,EarthPower,HyperVoice,BloodMoon|||M|||50|,,,,,Normal]Farigiraf||ThroatSpray|ArmorTail|Protect,TrickRoom,HyperVoice,Psychic|||M|||50|,,,,,Water]Arcanine-Hisui||ChoiceBand|Intimidate|FlareBlitz,RockSlide,ExtremeSpeed,WildCharge|||M|||50|,,,,,Grass]Whimsicott||CovertCloak|Prankster|Tailwind,MistyTerrain,Moonblast,Encore|||F|||50|,,,,,Water]Altaria||SitrusBerry|CloudNine|Protect,Haze,Thief,HelpingHand|||M|||50|,,,,,Fairy
|inactive|Battle timer is ON: inactive players will automatically lose when time's up. (requested by Anicredible)
|inactive|impno has 60 seconds left.
|inactive|Anicredible has 60 seconds left.
|inactive|Anicredible has 30 seconds left.
|inactive|Anicredible has 20 seconds left.
|inactive|Anicredible has 15 seconds left.
|inactive|Anicredible has 10 seconds left.
|inactive|Anicredible has 5 seconds left.
|
|t:|1757004655
|teamsize|p1|4
|teamsize|p2|4
|start
|switch|p1a: Excadrill|Excadrill, L50, M, shiny|100/100
|switch|p1b: Tyranitar|Tyranitar, L50, F, shiny|100/100
|switch|p2a: Cotton Bud|Whimsicott, L50, F|100/100
|switch|p2b: SupaLuna|Ursaluna-Bloodmoon, L50, M|100/100
|-weather|Sandstorm|[from] ability: Sand Stream|[of] p1b: Tyranitar
|turn|1
|inactive|impno has 30 seconds left.
|
|t:|1757004685
|move|p2a: Cotton Bud|Tailwind|p2a: Cotton Bud
|-sidestart|p2: Anicredible|move: Tailwind
|move|p1a: Excadrill|Iron Head|p2a: Cotton Bud
|-supereffective|p2a: Cotton Bud
|-damage|p2a: Cotton Bud|0 fnt
|faint|p2a: Cotton Bud
|-damage|p1a: Excadrill|91/100|[from] item: Life Orb
|move|p2b: SupaLuna|Earth Power|p1a: Excadrill
|-supereffective|p1a: Excadrill
|-damage|p1a: Excadrill|0 fnt
|faint|p1a: Excadrill
|-damage|p2b: SupaLuna|91/100|[from] item: Life Orb
|move|p1b: Tyranitar|Knock Off|p2b: SupaLuna
|-damage|p2b: SupaLuna|51/100
|-enditem|p2b: SupaLuna|Life Orb|[from] move: Knock Off|[of] p1b: Tyranitar
|
|-weather|Sandstorm|[upkeep]
|upkeep
|inactive|impno has 30 seconds left.
|inactive|Anicredible has 30 seconds left.
|
|t:|1757004712
|switch|p2a: K9 Sweeper|Arcanine-Hisui, L50, M|100/100
|switch|p1a: Sneasler|Sneasler, L50, F, shiny|100/100
|-ability|p2a: K9 Sweeper|Intimidate|boost
|-unboost|p1a: Sneasler|atk|1
|-unboost|p1b: Tyranitar|atk|1
|turn|2
|
|t:|1757004736
|move|p1a: Sneasler|Protect|p1a: Sneasler
|-singleturn|p1a: Sneasler|Protect
|move|p2a: K9 Sweeper|Flare Blitz|p1b: Tyranitar
|-resisted|p1b: Tyranitar
|-damage|p1b: Tyranitar|67/100
|-damage|p2a: K9 Sweeper|88/100|[from] Recoil
|move|p2b: SupaLuna|Earth Power|p1b: Tyranitar
|-supereffective|p1b: Tyranitar
|-damage|p1b: Tyranitar|29/100
|move|p1b: Tyranitar|High Horsepower|p2a: K9 Sweeper
|-supereffective|p2a: K9 Sweeper
|-damage|p2a: K9 Sweeper|0 fnt
|faint|p2a: K9 Sweeper
|
|-weather|Sandstorm|[upkeep]
|-damage|p1a: Sneasler|95/100|[from] Sandstorm
|upkeep
|
|t:|1757004748
|switch|p2a: Mr. Long|Farigiraf, L50, M|100/100
|turn|3
|inactive|Anicredible has 30 seconds left.
|inactive|Anicredible has 20 seconds left.
|inactive|Anicredible has 15 seconds left.
|inactive|Anicredible has 10 seconds left.
|inactive|Anicredible has 5 seconds left.
|
|t:|1757004800
|move|p2a: Mr. Long|Psychic|p1a: Sneasler
|-supereffective|p1a: Sneasler
|-crit|p1a: Sneasler
|-damage|p1a: Sneasler|0 fnt
|faint|p1a: Sneasler
|move|p2b: SupaLuna|Blood Moon|p1b: Tyranitar
|-resisted|p1b: Tyranitar
|-damage|p1b: Tyranitar|15/100
|move|p1b: Tyranitar|Knock Off|p2a: Mr. Long
|-supereffective|p2a: Mr. Long
|-damage|p2a: Mr. Long|18/100
|-enditem|p2a: Mr. Long|Throat Spray|[from] move: Knock Off|[of] p1b: Tyranitar
|
|-weather|Sandstorm|[upkeep]
|-damage|p2a: Mr. Long|12/100|[from] Sandstorm
|upkeep
|
|t:|1757004814
|switch|p1a: Gholdengo|Gholdengo, L50, shiny|100/100
|turn|4
|inactive|impno has 30 seconds left.
|
|t:|1757004840
|move|p2a: Mr. Long|Hyper Voice|p1a: Gholdengo|[spread] p1b
|-immune|p1a: Gholdengo
|-resisted|p1b: Tyranitar
|-damage|p1b: Tyranitar|9/100
|move|p2b: SupaLuna|Earth Power|p1a: Gholdengo
|-supereffective|p1a: Gholdengo
|-damage|p1a: Gholdengo|0 fnt
|faint|p1a: Gholdengo
|move|p1b: Tyranitar|High Horsepower|p2b: SupaLuna
|-damage|p2b: SupaLuna|34/100
|
|-weather|Sandstorm|[upkeep]
|-damage|p2a: Mr. Long|6/100|[from] Sandstorm
|-sideend|p2: Anicredible|move: Tailwind
|upkeep
|turn|5
|
|t:|1757004854
|move|p2a: Mr. Long|Hyper Voice|p1b: Tyranitar
|-resisted|p1b: Tyranitar
|-damage|p1b: Tyranitar|2/100
|move|p2b: SupaLuna|Hyper Voice|p1b: Tyranitar
|-resisted|p1b: Tyranitar
|-damage|p1b: Tyranitar|0 fnt
|faint|p1b: Tyranitar
|
|win|Anicredible
|c|☆Anicredible|gg
||impno is ready for game 2.
