|j|☆tavinn_n
|j|☆25th_mang
|html|tavinn_n25th_mang    
|uhtml|bestof|Game 1 of a best-of-3
|t:|1782563447
|gametype|doubles
|player|p1|tavinn_n|ghetsis|1166
|player|p2|25th_mang|ballguy|1127
|gen|9
|tier|[Gen 9 Champions] VGC 2026 Reg M-B (Bo3)
|rated|
|rule|Species Clause: Limit one of each Pokémon
|rule|Item Clause: Limit 1 of each item
|clearpoke
|poke|p1|Swampert, L50, F|
|poke|p1|Grimmsnarl, L50, M|
|poke|p1|Archaludon, L50, M|
|poke|p1|Pelipper, L50, M|
|poke|p1|Sinistcha, L50|
|poke|p1|Metagross, L50|
|poke|p2|Blastoise, L50, F|
|poke|p2|Aerodactyl, L50, F|
|poke|p2|Sinistcha, L50|
|poke|p2|Kingambit, L50, F|
|poke|p2|Tsareena, L50, F|
|poke|p2|Camerupt, L50, M|
|teampreview|4
|showteam|p1|Swampert||Swampertite|Torrent|Protect,WaveCrash,HighHorsepower,IcePunch|Adamant||F|||50|]Grimmsnarl||LightClay|Prankster|LightScreen,Reflect,PartingShot,FoulPlay|Careful||M|||50|]Archaludon||Leftovers|Stamina|Protect,ElectroShot,DragonPulse,FlashCannon|Modest||M|||50|]Pelipper||SitrusBerry|Drizzle|WideGuard,WeatherBall,Hurricane,Tailwind|Modest||M|||50|]Sinistcha||CobaBerry|Hospitality|Protect,MatchaGotcha,TrickRoom,RagePowder|Calm|||||50|]Metagross||Metagrossite|ClearBody|Protect,IronHead,BodyPress,PsychicFangs|Jolly|||||50|
|showteam|p2|Blastoise||Blastoisinite|RainDish|WaterSpout,AuraSphere,DarkPulse,FakeOut|Timid||F|||50|]Aerodactyl||FocusSash|Unnerve|Tailwind,SunnyDay,RockSlide,DualWingbeat|Jolly||F|||50|]Sinistcha||SitrusBerry|Hospitality|LifeDew,MatchaGotcha,TrickRoom,RagePowder|Quiet|||||50|]Kingambit||ChopleBerry|Defiant|KowtowCleave,SuckerPunch,LowKick,IronHead|Adamant||F|||50|]Tsareena||WideLens|QueenlyMajesty|TropKick,LowKick,TripleAxel,HelpingHand|Adamant||F|||50|]Camerupt||Cameruptite|SolidRock|EarthPower,Flamethrower,Protect,AncientPower|Quiet||M|||50|
|inactive|Battle timer is ON: inactive players will automatically lose when time's up. (requested by tavinn_n)
|inactive|25th_mang also wants the timer to be on.
|inactive|tavinn_n has 60 seconds left.
|inactive|25th_mang has 60 seconds left.
|inactive|25th_mang has 30 seconds left.
|
|t:|1782563511
|teamsize|p1|4
|teamsize|p2|4
|start
|switch|p1a: Pelipper|Pelipper, L50, M|100/100
|switch|p1b: Swampert|Swampert, L50, F|100/100
|switch|p2a: Nayeon|Blastoise, L50, F|100/100
|switch|p2b: Sailor|Sinistcha, L50|100/100
|-weather|RainDance|[from] ability: Drizzle|[of] p1a: Pelipper
|turn|1
|inactive|tavinn_n has 30 seconds left.
|
|t:|1782563543
|detailschange|p1b: Swampert|Swampert-Mega, L50, F
|-mega|p1b: Swampert|Swampert|Swampertite
|move|p2a: Nayeon|Fake Out|p1a: Pelipper
|-damage|p1a: Pelipper|91/100
|move|p1b: Swampert|Ice Punch|p2b: Sailor
|-supereffective|p2b: Sailor|1
|-damage|p2b: Sailor|33/100
|-enditem|p2b: Sailor|Sitrus Berry|[eat]
|-heal|p2b: Sailor|58/100|[from] item: Sitrus Berry
|cant|p1a: Pelipper|flinch
|move|p2b: Sailor|Trick Room|p2b: Sailor
|-fieldstart|move: Trick Room|[of] p2b: Sailor
|
|-weather|RainDance|[upkeep]
|upkeep
|turn|2
|inactive|25th_mang has 30 seconds left.
|inactive|25th_mang has 20 seconds left.
|inactive|25th_mang has 15 seconds left.
|
|t:|1782563584
|move|p1b: Swampert|Protect|p1b: Swampert
|-singleturn|p1b: Swampert|Protect
|move|p2b: Sailor|Matcha Gotcha|p1a: Pelipper|[spread] p1a
|-activate|p1b: Swampert|move: Protect
|-damage|p1a: Pelipper|60/100
|-heal|p2b: Sailor|73/100|[from] drain|[of] p1a: Pelipper
|move|p1a: Pelipper|Hurricane|p2b: Sailor
|-supereffective|p2b: Sailor|1
|-damage|p2b: Sailor|0 fnt
|faint|p2b: Sailor
|move|p2a: Nayeon|Dark Pulse|p1a: Pelipper
|-crit|p1a: Pelipper
|-damage|p1a: Pelipper|21/100
|-enditem|p1a: Pelipper|Sitrus Berry|[eat]
|-heal|p1a: Pelipper|46/100|[from] item: Sitrus Berry
|
|-weather|RainDance|[upkeep]
|upkeep
|inactive|25th_mang has 30 seconds left.
|
|t:|1782563612
|switch|p2b: Candyfloss|Kingambit, L50, F|100/100
|turn|3
|inactive|25th_mang has 30 seconds left.
|
|t:|1782563639
|switch|p1a: Grimmsnarl|Grimmsnarl, L50, M|100/100
|detailschange|p2a: Nayeon|Blastoise-Mega, L50, F
|-mega|p2a: Nayeon|Blastoise|Blastoisinite
|move|p2b: Candyfloss|Sucker Punch|p1b: Swampert
|-damage|p1b: Swampert|67/100
|move|p2a: Nayeon|Water Spout|p1a: Grimmsnarl|[spread] p1a,p1b
|-damage|p1a: Grimmsnarl|20/100y
|-damage|p1b: Swampert|0 fnt
|faint|p1b: Swampert
|
|-weather|RainDance|[upkeep]
|upkeep
|
|t:|1782563650
|switch|p1b: Archaludon|Archaludon, L50, M|100/100
|turn|4
|
|t:|1782563671
|switch|p2a: Cherry|Camerupt, L50, M|100/100
|move|p1a: Grimmsnarl|Light Screen|p1a: Grimmsnarl
|-sidestart|p1: tavinn_n|move: Light Screen
|move|p2b: Candyfloss|Iron Head|p1a: Grimmsnarl
|-supereffective|p1a: Grimmsnarl|1
|-damage|p1a: Grimmsnarl|0 fnt
|faint|p1a: Grimmsnarl
|move|p1b: Archaludon|Electro Shot||[still]
|-prepare|p1b: Archaludon|Electro Shot
|-boost|p1b: Archaludon|spa|1
|-anim|p1b: Archaludon|Electro Shot|p2a: Cherry
|-immune|p2a: Cherry
|
|-weather|RainDance|[upkeep]
|upkeep
|
|t:|1782563677
|switch|p1a: Pelipper|Pelipper, L50, M|46/100
|turn|5
|
|t:|1782563693
|move|p2a: Cherry|Ancient Power|p1a: Pelipper
|-supereffective|p1a: Pelipper|1
|-damage|p1a: Pelipper|14/100
|move|p2b: Candyfloss|Kowtow Cleave|p1a: Pelipper
|-damage|p1a: Pelipper|0 fnt
|faint|p1a: Pelipper
|move|p1b: Archaludon|Electro Shot||[still]
|-prepare|p1b: Archaludon|Electro Shot
|-boost|p1b: Archaludon|spa|1
|-anim|p1b: Archaludon|Electro Shot|p2b: Candyfloss
|-damage|p2b: Candyfloss|22/100
|
|-weather|none
|-fieldend|move: Trick Room
|upkeep
|turn|6
|
|t:|1782563717
|move|p1b: Archaludon|Dragon Pulse|p2a: Cherry
|-damage|p2a: Cherry|0 fnt
|faint|p2a: Cherry
|move|p2b: Candyfloss|Low Kick|p1b: Archaludon
|-supereffective|p1b: Archaludon|1
|-damage|p1b: Archaludon|55/100
|-ability|p1b: Archaludon|Stamina|boost
|-boost|p1b: Archaludon|def|1
|
|-heal|p1b: Archaludon|61/100|[from] item: Leftovers
|upkeep
|
|t:|1782563723
|switch|p2a: Nayeon|Blastoise-Mega, L50, F|100/100
|turn|7
|
|t:|1782563736
|move|p1b: Archaludon|Protect|p1b: Archaludon
|-singleturn|p1b: Archaludon|Protect
|move|p2a: Nayeon|Fake Out|p1b: Archaludon
|-activate|p1b: Archaludon|move: Protect
|move|p2b: Candyfloss|Low Kick|p1b: Archaludon
|-activate|p1b: Archaludon|move: Protect
|
|-heal|p1b: Archaludon|67/100|[from] item: Leftovers
|upkeep
|turn|8
|
|t:|1782563744
|move|p2a: Nayeon|Aura Sphere|p1b: Archaludon
|-supereffective|p1b: Archaludon|1
|-damage|p1b: Archaludon|9/100
|-ability|p1b: Archaludon|Stamina|boost
|-boost|p1b: Archaludon|def|1
|move|p1b: Archaludon|Dragon Pulse|p2a: Nayeon
|-damage|p2a: Nayeon|21/100
|move|p2b: Candyfloss|Low Kick|p1b: Archaludon
|-supereffective|p1b: Archaludon|1
|-damage|p1b: Archaludon|0 fnt
|faint|p1b: Archaludon
|
|win|25th_mang
|l|☆tavinn_n
|player|p1|
||tavinn_n is ready for game 2.
|inactive|25th_mang has 30 seconds to confirm battle start!
