|j|☆Como Se Dice Ben
|j|☆dracojackson
|html|Como Se Dice Bendracojackson    
|uhtml|bestof|Game 2 of a best-of-3
|t:|1756749276
|gametype|doubles
|player|p1|Como Se Dice Ben|toddsnap2|
|player|p2|dracojackson|hilbert|
|gen|9
|tier|[Gen 9] VGC 2025 Reg H (Bo3)
|rule|Species Clause: Limit one of each Pokémon
|rule|Item Clause: Limit 1 of each item
|clearpoke
|poke|p1|Weezing-Galar, L50, M|
|poke|p1|Toedscruel, L50, F|
|poke|p1|Annihilape, L50, F|
|poke|p1|Typhlosion-Hisui, L50, F|
|poke|p1|Sneasler, L50, F|
|poke|p1|Corviknight, L50, M|
|poke|p2|Porygon2, L50|
|poke|p2|Incineroar, L50, M|
|poke|p2|Ursaluna, L50, M|
|poke|p2|Amoonguss, L50, F|
|poke|p2|Gholdengo, L50|
|poke|p2|Dragonite, L50, M|
|teampreview|4
|showteam|p1|Weezing-Galar||ChoiceSpecs|NeutralizingGas|DazzlingGleam,SludgeBomb,StrangeSteam,Flamethrower|||M|||50|,,,,,Flying]Toedscruel||CovertCloak|MyceliumMight|Spore,EarthPower,AcidSpray,BulletSeed|||F|||50|,,,,,Water]Annihilape||AssaultVest|Defiant|RageFist,DrainPunch,CloseCombat,FinalGambit|||F|||50|,,,,,Fire]Typhlosion-Hisui||ChoiceScarf|Frisk|Eruption,HeatWave,Overheat,InfernalParade|||F|||50|,,,,,Fire]Sneasler||LifeOrb|PoisonTouch|DireClaw,CloseCombat,ThroatChop,Protect|||F|||50|,,,,,Stellar]Corviknight||SitrusBerry|MirrorArmor|BraveBird,Tailwind,Roost,Protect|||M|||50|,,,,,Dragon
|showteam|p2|Porygon2||Eviolite|Download|TeraBlast,IceBeam,Recover,TrickRoom||||||50|,,,,,Fighting]Incineroar||SafetyGoggles|Intimidate|FakeOut,KnockOff,FlareBlitz,PartingShot|||M|||50|,,,,,Ghost]Ursaluna||FlameOrb|Guts|HeadlongRush,Facade,Earthquake,Protect|||M|||50|,,,,,Ghost]Amoonguss||SitrusBerry|Regenerator|PollenPuff,Spore,RagePowder,Protect|||F|||50|,,,,,Water]Gholdengo||LifeOrb|GoodasGold|MakeItRain,ShadowBall,NastyPlot,Protect||||||50|,,,,,Dragon]Dragonite||LoadedDice|Multiscale|ScaleShot,Haze,Tailwind,Protect|||M|||50|,,,,,Steel
|
|t:|1756749298
|teamsize|p1|4
|teamsize|p2|4
|start
|switch|p1a: Weezing|Weezing-Galar, L50, M|100/100
|switch|p1b: Toedscruel|Toedscruel, L50, F|100/100
|switch|p2a: IGOR|Ursaluna, L50, M, shiny|100/100
|switch|p2b: LaFawnduh|Amoonguss, L50, F, shiny|100/100
|-ability|p1a: Weezing|Neutralizing Gas
|turn|1
|
|t:|1756749320
|move|p2a: IGOR|Protect|p2a: IGOR
|-singleturn|p2a: IGOR|Protect
|move|p2b: LaFawnduh|Protect|p2b: LaFawnduh
|-singleturn|p2b: LaFawnduh|Protect
|move|p1b: Toedscruel|Spore|p2a: IGOR
|-activate|p2a: IGOR|move: Protect
|move|p1a: Weezing|Flamethrower|p2b: LaFawnduh
|-activate|p2b: LaFawnduh|move: Protect
|
|-status|p2a: IGOR|brn|[from] item: Flame Orb
|upkeep
|turn|2
|
|t:|1756749357
|-end|p1a: Weezing|ability: Neutralizing Gas
|switch|p1a: Annihilape|Annihilape, L50, F, shiny|100/100
|switch|p2b: Tomato|Incineroar, L50, M|100/100
|-ability|p2b: Tomato|Intimidate|boost
|-unboost|p1a: Annihilape|atk|1
|-ability|p1a: Annihilape|Defiant|boost
|-boost|p1a: Annihilape|atk|2
|-unboost|p1b: Toedscruel|atk|1
|move|p1b: Toedscruel|Bullet Seed|p1a: Annihilape
|-damage|p1a: Annihilape|96/100
|-damage|p1a: Annihilape|91/100
|-damage|p1a: Annihilape|87/100
|-hitcount|p1a: Annihilape|3
|move|p2a: IGOR|Facade|p1a: Annihilape
|-immune|p1a: Annihilape
|
|-damage|p2a: IGOR|95/100 brn|[from] brn
|upkeep
|turn|3
|
|t:|1756749406
|move|p2a: IGOR|Protect|p2a: IGOR
|-singleturn|p2a: IGOR|Protect
|move|p1b: Toedscruel|Acid Spray|p2b: Tomato
|-damage|p2b: Tomato|92/100
|-unboost|p2b: Tomato|spd|2
|move|p1a: Annihilape|Rage Fist|p2a: IGOR
|-activate|p2a: IGOR|move: Protect
|move|p2b: Tomato|Parting Shot|p1b: Toedscruel
|-unboost|p1b: Toedscruel|atk|1
|-unboost|p1b: Toedscruel|spa|1
|
|t:|1756749415
|switch|p2b: LaFawnduh|Amoonguss, L50, F, shiny|100/100|[from] Parting Shot
|
|-damage|p2a: IGOR|89/100 brn|[from] brn
|upkeep
|turn|4
|
|t:|1756749465
|switch|p1a: Corviknight|Corviknight, L50, M, shiny|100/100
|move|p2b: LaFawnduh|Rage Powder|p2b: LaFawnduh
|-singleturn|p2b: LaFawnduh|move: Rage Powder
|move|p1b: Toedscruel|Acid Spray|p2a: IGOR
|-resisted|p2a: IGOR
|-damage|p2a: IGOR|86/100 brn
|-unboost|p2a: IGOR|spd|2
|move|p2a: IGOR|Headlong Rush|p1a: Corviknight
|-immune|p1a: Corviknight
|
|-damage|p2a: IGOR|80/100 brn|[from] brn
|upkeep
|turn|5
|
|t:|1756749492
|move|p1a: Corviknight|Protect|p1a: Corviknight
|-singleturn|p1a: Corviknight|Protect
|move|p2a: IGOR|Protect|p2a: IGOR
|-singleturn|p2a: IGOR|Protect
|move|p1b: Toedscruel|Earth Power|p2a: IGOR
|-activate|p2a: IGOR|move: Protect
|move|p2b: LaFawnduh|Spore|p1a: Corviknight
|-activate|p1a: Corviknight|move: Protect
|
|-damage|p2a: IGOR|74/100 brn|[from] brn
|upkeep
|turn|6
|
|t:|1756749516
|switch|p2a: Tomato|Incineroar, L50, M|92/100
|-ability|p2a: Tomato|Intimidate|boost
|-ability|p1a: Corviknight|Mirror Armor
|-unboost|p2a: Tomato|atk|1
|-unboost|p1b: Toedscruel|atk|1
|move|p1b: Toedscruel|Earth Power|p2a: Tomato
|-supereffective|p2a: Tomato
|-damage|p2a: Tomato|55/100
|move|p1a: Corviknight|Brave Bird|p2a: Tomato
|-damage|p2a: Tomato|14/100
|-damage|p1a: Corviknight|88/100|[from] Recoil
|move|p2b: LaFawnduh|Spore|p1a: Corviknight
|-status|p1a: Corviknight|slp|[from] move: Spore
|
|upkeep
|turn|7
|
|t:|1756749545
|switch|p1b: Annihilape|Annihilape, L50, F, shiny|87/100
|switch|p2a: IGOR|Ursaluna, L50, M, shiny|74/100 brn
|cant|p1a: Corviknight|slp
|move|p2b: LaFawnduh|Pollen Puff|p2a: IGOR
|-heal|p2a: IGOR|100/100 brn
|
|-damage|p2a: IGOR|95/100 brn|[from] brn
|upkeep
|turn|8
|
|t:|1756749574
|switch|p1a: Weezing|Weezing-Galar, L50, M|100/100
|-ability|p1a: Weezing|Neutralizing Gas
|-terastallize|p2a: IGOR|Ghost
|move|p1b: Annihilape|Rage Fist|p2b: LaFawnduh
|-damage|p2b: LaFawnduh|28/100
|-enditem|p2b: LaFawnduh|Sitrus Berry|[eat]
|-heal|p2b: LaFawnduh|52/100|[from] item: Sitrus Berry
|move|p2a: IGOR|Facade|p1b: Annihilape
|-immune|p1b: Annihilape
|move|p2b: LaFawnduh|Spore|p1b: Annihilape
|-status|p1b: Annihilape|slp|[from] move: Spore
|
|-damage|p2a: IGOR|89/100 brn|[from] brn
|upkeep
|turn|9
|
|t:|1756749631
|switch|p2b: Tomato|Incineroar, L50, M|14/100
|-terastallize|p1a: Weezing|Flying
|cant|p1b: Annihilape|slp
|move|p1a: Weezing|Flamethrower|p2b: Tomato
|-resisted|p2b: Tomato
|-damage|p2b: Tomato|0 fnt
|faint|p2b: Tomato
|move|p2a: IGOR|Headlong Rush|p1b: Annihilape
|-crit|p1b: Annihilape
|-damage|p1b: Annihilape|30/100 slp
|-unboost|p2a: IGOR|def|1
|-unboost|p2a: IGOR|spd|1
|
|-damage|p2a: IGOR|83/100 brn|[from] brn
|upkeep
|
|t:|1756749643
|switch|p2b: Dingus|Gholdengo, L50, shiny|100/100
|turn|10
|
|t:|1756749670
|cant|p1b: Annihilape|slp
|move|p2b: Dingus|Make It Rain|p1a: Weezing|[spread] p1a,p1b
|-damage|p1a: Weezing|19/100
|-damage|p1b: Annihilape|0 fnt
|-unboost|p2b: Dingus|spa|1
|faint|p1b: Annihilape
|-damage|p2b: Dingus|91/100|[from] item: Life Orb
|move|p1a: Weezing|Flamethrower|p2b: Dingus
|-supereffective|p2b: Dingus
|-damage|p2b: Dingus|15/100
|move|p2a: IGOR|Facade|p1a: Weezing
|-damage|p1a: Weezing|0 fnt
|faint|p1a: Weezing
|-end|p1a: Weezing|ability: Neutralizing Gas
|
|-damage|p2a: IGOR|77/100 brn|[from] brn
|upkeep
|
|t:|1756749683
|switch|p1b: Corviknight|Corviknight, L50, M, shiny|88/100 slp
|switch|p1a: Toedscruel|Toedscruel, L50, F|100/100
|turn|11
|
|t:|1756749698
|switch|p2b: LaFawnduh|Amoonguss, L50, F, shiny|52/100
|move|p1a: Toedscruel|Earth Power|p2a: IGOR
|-damage|p2a: IGOR|40/100 brn
|-curestatus|p1b: Corviknight|slp|[msg]
|move|p1b: Corviknight|Brave Bird|p2a: IGOR
|-damage|p2a: IGOR|0 fnt
|faint|p2a: IGOR
|-damage|p1b: Corviknight|74/100|[from] Recoil
|
|upkeep
|
|t:|1756749708
|switch|p2a: Dingus|Gholdengo, L50, shiny|15/100
|turn|12
|
|t:|1756749729
|move|p2a: Dingus|Protect|p2a: Dingus
|-singleturn|p2a: Dingus|Protect
|move|p1b: Corviknight|Protect|p1b: Corviknight
|-singleturn|p1b: Corviknight|Protect
|move|p2b: LaFawnduh|Spore|p1b: Corviknight
|-activate|p1b: Corviknight|move: Protect
|move|p1a: Toedscruel|Spore|p2a: Dingus
|-activate|p2a: Dingus|move: Protect
|
|upkeep
|turn|13
|-message|dracojackson forfeited.
|
|win|Como Se Dice Ben
|c|☆dracojackson|Gg
|c|☆Como Se Dice Ben|ggs <3
|c|☆dracojackson|T1 wake up hurt
|c|☆Como Se Dice Ben|It def did
|c|☆Como Se Dice Ben|I had to fish for that
|c|☆Como Se Dice Ben|Or we were g3 for sure
|c|☆Como Se Dice Ben|I had to play around your Tera on Luna a ton
|c|☆dracojackson|I think I brought the right 4? Not exactly sure
|c|☆Como Se Dice Ben|You def did
|c|☆Como Se Dice Ben|Amoong is scary if I don't focus it down
|c|☆Como Se Dice Ben|Especially with AV Ape over Goggle
|c|☆dracojackson|Ye I was fishing for gambit
|c|☆Como Se Dice Ben|I think I never Gambit the Amoong
|c|☆Como Se Dice Ben|Cuz I have lots of ways to hit it
|c|☆dracojackson|No I mean for incin or luna
|c|☆dracojackson|or Tera demgo
|c|☆Como Se Dice Ben|Hehe either way I don't think I gambit until endgame
|c|☆Como Se Dice Ben|Soooo many Rage Fist stacks
|c|☆dracojackson|ye fs
|c|☆Como Se Dice Ben|Once I baited Tera I just needed to keep Ape alive
|c|☆Como Se Dice Ben|Which I think these two help with a lot
|c|☆dracojackson|Can we run it again? Not for the challonge just for mu prep
|c|☆Como Se Dice Ben|Absolutely, love
|c|☆dracojackson|Bet
|c|☆Como Se Dice Ben|We gotta get you ready for this
|c|☆dracojackson|u got link or me?
|c|☆Como Se Dice Ben|I'll link it
|c|☆dracojackson|Bet
|c|☆Como Se Dice Ben|Lemme snag replays rq
|l|☆dracojackson
|player|p2|
