|j|☆MrMaro
|j|☆gingerlike
|html|MrMarogingerlike    
|uhtml|bestof|Game 1 of a best-of-3
|t:|1782323932
|gametype|doubles
|player|p1|MrMaro|265|
|player|p2|gingerlike|101|
|gen|9
|tier|[Gen 9 Champions] VGC 2026 Reg M-B (Bo3)
|rule|Species Clause: Limit one of each Pokémon
|rule|Item Clause: Limit 1 of each item
|clearpoke
|poke|p1|Staraptor, L50, F|
|poke|p1|Scovillain, L50, M|
|poke|p1|Garchomp, L50, F|
|poke|p1|Basculegion, L50, M|
|poke|p1|Sylveon, L50, M|
|poke|p1|Grimmsnarl, L50, M|
|poke|p2|Metagross, L50|
|poke|p2|Charizard, L50, M|
|poke|p2|Whimsicott, L50, F|
|poke|p2|Annihilape, L50, F|
|poke|p2|Farigiraf, L50, F|
|poke|p2|Grimmsnarl, L50, M|
|teampreview|4
|showteam|p1|Staraptor||Staraptite|Intimidate|BraveBird,CloseCombat,Roost,Protect|Jolly||F|||50|]Scovillain||Scovillainite|Moody|Overheat,LeechSeed,RagePowder,Protect|Bold||M|||50|]Garchomp||LifeOrb|RoughSkin|DragonClaw,Earthquake,RockSlide,Protect|Jolly||F|||50|]Basculegion||ChoiceScarf|Adaptability|LastRespects,WaveCrash,AquaJet,FlipTurn|Jolly||M|||50|]Sylveon||FairyFeather|Pixilate|HyperVoice,QuickAttack,Yawn,Protect|Modest||M|||50|]Grimmsnarl||LightClay|Prankster|FoulPlay,Reflect,LightScreen,PartingShot|Impish||M|||50|
|showteam|p2|Metagross||Metagrossite|ClearBody|IronHead,PsychicFangs,RockTomb,Protect|Jolly|||||50|]Charizard||CharizarditeY|Blaze|WeatherBall,HeatWave,SolarBeam,Protect|Timid||M|||50|]Whimsicott||FocusSash|Prankster|Moonblast,Tailwind,Encore,SunnyDay|Timid||F|||50|]Annihilape||LifeOrb|Defiant|DrainPunch,RageFist,Protect,RockTomb|Jolly||F|||50|]Farigiraf||SitrusBerry|ArmorTail|TwinBeam,Thunderbolt,Roar,TrickRoom|Quiet||F|||50|]Grimmsnarl||LightClay|Prankster|LightScreen,Reflect,SpiritBreak,PartingShot|Careful||M|||50|
|inactive|Battle timer is ON: inactive players will automatically lose when time's up. (requested by gingerlike)
|c|☆gingerlike|glhf
|c|☆MrMaro|gl
|inactive|MrMaro has 60 seconds left.
|inactive|gingerlike has 60 seconds left.
|inactive|gingerlike has 30 seconds left.
|inactive|gingerlike has 20 seconds left.
|inactive|gingerlike has 15 seconds left.
|inactive|gingerlike has 10 seconds left.
|inactive|gingerlike has 5 seconds left.
|
|t:|1782324019
|teamsize|p1|4
|teamsize|p2|4
|start
|switch|p1a: Garchomp|Garchomp, L50, F|100/100
|switch|p1b: Grimmsnarl|Grimmsnarl, L50, M|100/100
|switch|p2a: Annihilape|Annihilape, L50, F|100/100
|switch|p2b: Grimmsnarl|Grimmsnarl, L50, M|100/100
|turn|1
|
|t:|1782324039
|switch|p1a: Sylveon|Sylveon, L50, M|100/100
|move|p1b: Grimmsnarl|Reflect|p1b: Grimmsnarl
|-sidestart|p1: MrMaro|Reflect
|move|p2b: Grimmsnarl|Reflect|p2b: Grimmsnarl
|-sidestart|p2: gingerlike|Reflect
|move|p2a: Annihilape|Rage Fist|p1a: Sylveon
|-damage|p1a: Sylveon|79/100
|-damage|p2a: Annihilape|90/100|[from] item: Life Orb
|
|upkeep
|turn|2
|
|t:|1782324063
|switch|p1b: Scovillain|Scovillain, L50, M|100/100
|move|p2b: Grimmsnarl|Light Screen|p2b: Grimmsnarl
|-sidestart|p2: gingerlike|move: Light Screen
|move|p2a: Annihilape|Rage Fist|p1a: Sylveon
|-damage|p1a: Sylveon|58/100
|-damage|p2a: Annihilape|80/100|[from] item: Life Orb
|move|p1a: Sylveon|Yawn|p2a: Annihilape
|-start|p2a: Annihilape|move: Yawn|[of] p1a: Sylveon
|
|-ability|p1b: Scovillain|Moody|boost
|-boost|p1b: Scovillain|spd|2
|-unboost|p1b: Scovillain|atk|1
|upkeep
|turn|3
|inactive|MrMaro has 30 seconds left.
|inactive|gingerlike has 30 seconds left.
|
|t:|1782324091
|switch|p2a: Charizard|Charizard, L50, M|100/100
|detailschange|p1b: Scovillain|Scovillain-Mega, L50, M
|-mega|p1b: Scovillain|Scovillain|Scovillainite
|move|p1a: Sylveon|Protect|p1a: Sylveon
|-singleturn|p1a: Sylveon|Protect
|move|p1b: Scovillain|Leech Seed|p2b: Grimmsnarl
|-start|p2b: Grimmsnarl|move: Leech Seed
|move|p2b: Grimmsnarl|Spirit Break|p1a: Sylveon
|-activate|p1a: Sylveon|move: Protect
|
|-damage|p2b: Grimmsnarl|87/100|[from] Leech Seed|[of] p1b: Scovillain
|upkeep
|turn|4
|
|t:|1782324109
|detailschange|p2a: Charizard|Charizard-Mega-Y, L50, M
|-mega|p2a: Charizard|Charizard|Charizardite Y
|-weather|SunnyDay|[from] ability: Drought|[of] p2a: Charizard
|move|p2b: Grimmsnarl|Parting Shot|p1a: Sylveon
|-unboost|p1a: Sylveon|atk|1
|-unboost|p1a: Sylveon|spa|1
|
|t:|1782324120
|switch|p2b: Whimsicott|Whimsicott, L50, F|100/100|[from] Parting Shot
|move|p2a: Charizard|Heat Wave|p1b: Scovillain|[spread] p1a,p1b
|-damage|p1a: Sylveon|13/100
|-damage|p1b: Scovillain|59/100
|-immune|p2a: Charizard
|move|p1b: Scovillain|Leech Seed|p2a: Charizard
|-start|p2a: Charizard|move: Leech Seed
|move|p1a: Sylveon|Yawn|p2a: Charizard
|-start|p2a: Charizard|move: Yawn|[of] p1a: Sylveon
|
|-weather|SunnyDay|[upkeep]
|-damage|p2a: Charizard|87/100|[from] Leech Seed|[of] p1b: Scovillain
|-heal|p1b: Scovillain|70/100|[silent]
|upkeep
|turn|5
|
|t:|1782324142
|switch|p2a: Annihilape|Annihilape, L50, F|80/100
|move|p2b: Whimsicott|Moonblast|p1a: Sylveon
|-damage|p1a: Sylveon|0 fnt
|faint|p1a: Sylveon
|move|p1b: Scovillain|Overheat|p2b: Whimsicott
|-supereffective|p2b: Whimsicott|1
|-enditem|p2b: Whimsicott|Focus Sash
|-damage|p2b: Whimsicott|1/100
|-unboost|p1b: Scovillain|spa|2
|
|-weather|SunnyDay|[upkeep]
|upkeep
|
|t:|1782324155
|switch|p1a: Grimmsnarl|Grimmsnarl, L50, M|100/100
|turn|6
|inactive|gingerlike has 30 seconds left.
|
|t:|1782324182
|switch|p2a: Charizard|Charizard-Mega-Y, L50, M|87/100
|move|p2b: Whimsicott|Encore|p1b: Scovillain
|-start|p1b: Scovillain|Encore
|move|p1a: Grimmsnarl|Light Screen|p1a: Grimmsnarl
|-sidestart|p1: MrMaro|move: Light Screen
|move|p1b: Scovillain|Overheat|p2a: Charizard
|-resisted|p2a: Charizard|1
|-damage|p2a: Charizard|72/100
|-unboost|p1b: Scovillain|spa|2
|
|-weather|SunnyDay|[upkeep]
|upkeep
|turn|7
|
|t:|1782324201
|move|p1a: Grimmsnarl|Parting Shot|p2a: Charizard
|-unboost|p2a: Charizard|atk|1
|-unboost|p2a: Charizard|spa|1
|
|t:|1782324205
|switch|p1a: Garchomp|Garchomp, L50, F|100/100|[from] Parting Shot
|move|p2b: Whimsicott|Moonblast|p1a: Garchomp
|-supereffective|p1a: Garchomp|1
|-damage|p1a: Garchomp|43/100
|move|p2a: Charizard|Weather Ball|p1b: Scovillain
|-damage|p1b: Scovillain|48/100
|-immune|p2a: Charizard
|move|p1b: Scovillain|Overheat|p2b: Whimsicott
|-supereffective|p2b: Whimsicott|1
|-damage|p2b: Whimsicott|0 fnt
|-unboost|p1b: Scovillain|spa|2
|faint|p2b: Whimsicott
|
|-weather|SunnyDay|[upkeep]
|upkeep
|inactive|gingerlike has 30 seconds left.
|
|t:|1782324235
|switch|p2b: Annihilape|Annihilape, L50, F|80/100
|turn|8
|
|t:|1782324249
|switch|p2a: Grimmsnarl|Grimmsnarl, L50, M|87/100
|move|p1a: Garchomp|Protect|p1a: Garchomp
|-singleturn|p1a: Garchomp|Protect
|move|p2b: Annihilape|Drain Punch|p1a: Garchomp
|-activate|p1a: Garchomp|move: Protect
|move|p1b: Scovillain|Overheat|p2a: Grimmsnarl
|-damage|p2a: Grimmsnarl|74/100
|
|-weather|none
|-end|p1b: Scovillain|Encore
|-sideend|p1: MrMaro|Reflect
|-sideend|p2: gingerlike|Reflect
|upkeep
|turn|9
|inactive|gingerlike has 30 seconds left.
|inactive|gingerlike has 20 seconds left.
|inactive|gingerlike has 15 seconds left.
|
|t:|1782324289
|switch|p1a: Grimmsnarl|Grimmsnarl, L50, M|100/100
|move|p2a: Grimmsnarl|Reflect|p2a: Grimmsnarl
|-sidestart|p2: gingerlike|Reflect
|move|p2b: Annihilape|Drain Punch|p1a: Grimmsnarl
|-damage|p1a: Grimmsnarl|58/100
|-heal|p2b: Annihilape|100/100|[from] drain|[of] p1a: Grimmsnarl
|-damage|p2b: Annihilape|90/100|[from] item: Life Orb
|move|p1b: Scovillain|Leech Seed|p2a: Grimmsnarl
|-start|p2a: Grimmsnarl|move: Leech Seed
|
|-damage|p2a: Grimmsnarl|61/100|[from] Leech Seed|[of] p1b: Scovillain
|-heal|p1b: Scovillain|62/100|[silent]
|-sideend|p2: gingerlike|move: Light Screen
|upkeep
|turn|10
|inactive|gingerlike has 30 seconds left.
|
|t:|1782324320
|move|p2a: Grimmsnarl|Parting Shot|p1b: Scovillain
|-unboost|p1b: Scovillain|atk|1
|-unboost|p1b: Scovillain|spa|0
|
|t:|1782324324
|switch|p2a: Charizard|Charizard-Mega-Y, L50, M|72/100|[from] Parting Shot
|-weather|SunnyDay|[from] ability: Drought|[of] p2a: Charizard
|move|p1a: Grimmsnarl|Reflect|p1a: Grimmsnarl
|-sidestart|p1: MrMaro|Reflect
|move|p2b: Annihilape|Drain Punch|p1a: Grimmsnarl
|-damage|p1a: Grimmsnarl|31/100
|-heal|p2b: Annihilape|100/100|[from] drain|[of] p1a: Grimmsnarl
|-damage|p2b: Annihilape|90/100|[from] item: Life Orb
|move|p1b: Scovillain|Leech Seed|p2b: Annihilape
|-start|p2b: Annihilape|move: Leech Seed
|
|-weather|SunnyDay|[upkeep]
|-damage|p2b: Annihilape|77/100|[from] Leech Seed|[of] p1b: Scovillain
|-heal|p1b: Scovillain|76/100|[silent]
|upkeep
|turn|11
|inactive|MrMaro has 30 seconds left.
|
|t:|1782324357
|move|p2a: Charizard|Protect|p2a: Charizard
|-singleturn|p2a: Charizard|Protect
|move|p1a: Grimmsnarl|Parting Shot|p2a: Charizard
|-activate|p2a: Charizard|move: Protect
|move|p2b: Annihilape|Drain Punch|p1a: Grimmsnarl
|-damage|p1a: Grimmsnarl|2/100
|-heal|p2b: Annihilape|93/100|[from] drain|[of] p1a: Grimmsnarl
|-damage|p2b: Annihilape|83/100|[from] item: Life Orb
|move|p1b: Scovillain|Leech Seed|p2a: Charizard
|-activate|p2a: Charizard|move: Protect
|
|-weather|SunnyDay|[upkeep]
|-damage|p2b: Annihilape|71/100|[from] Leech Seed|[of] p1b: Scovillain
|-heal|p1b: Scovillain|89/100|[silent]
|upkeep
|turn|12
|
|t:|1782324380
|switch|p2a: Grimmsnarl|Grimmsnarl, L50, M|61/100
|switch|p1a: Garchomp|Garchomp, L50, F|43/100
|move|p2b: Annihilape|Drain Punch|p1a: Garchomp
|-damage|p1a: Garchomp|13/100
|-heal|p2b: Annihilape|86/100|[from] drain|[of] p1a: Garchomp
|-damage|p2b: Annihilape|74/100|[from] ability: Rough Skin|[of] p1a: Garchomp
|-damage|p2b: Annihilape|64/100|[from] item: Life Orb
|move|p1b: Scovillain|Leech Seed|p2a: Grimmsnarl
|-start|p2a: Grimmsnarl|move: Leech Seed
|
|-weather|SunnyDay|[upkeep]
|-damage|p2b: Annihilape|51/100|[from] Leech Seed|[of] p1b: Scovillain
|-heal|p1b: Scovillain|100/100|[silent]
|-damage|p2a: Grimmsnarl|49/100|[from] Leech Seed|[of] p1b: Scovillain
|upkeep
|turn|13
|inactive|MrMaro has 30 seconds left.
|inactive|gingerlike has 30 seconds left.
|
|t:|1782324414
|move|p1b: Scovillain|Rage Powder|p1b: Scovillain
|-singleturn|p1b: Scovillain|move: Rage Powder
|move|p2a: Grimmsnarl|Parting Shot|p1b: Scovillain
|-unboost|p1b: Scovillain|atk|1
|-unboost|p1b: Scovillain|spa|0
|
|t:|1782324419
|switch|p2a: Charizard|Charizard-Mega-Y, L50, M|72/100|[from] Parting Shot
|move|p1a: Garchomp|Dragon Claw|p2b: Annihilape
|-damage|p2b: Annihilape|7/100
|-damage|p1a: Garchomp|3/100|[from] item: Life Orb
|move|p2b: Annihilape|Drain Punch|p1b: Scovillain
|-damage|p1b: Scovillain|73/100
|-heal|p2b: Annihilape|19/100|[from] drain|[of] p1b: Scovillain
|-status|p2b: Annihilape|brn|[from] ability: Spicy Spray|[of] p1b: Scovillain
|-damage|p2b: Annihilape|9/100 brn|[from] item: Life Orb
|
|-weather|SunnyDay|[upkeep]
|-damage|p2b: Annihilape|0 fnt|[from] Leech Seed|[of] p1b: Scovillain
|-heal|p1b: Scovillain|84/100|[silent]
|faint|p2b: Annihilape
|-sideend|p1: MrMaro|move: Light Screen
|upkeep
|
|t:|1782324425
|switch|p2b: Grimmsnarl|Grimmsnarl, L50, M|49/100
|turn|14
|
|t:|1782324451
|move|p1b: Scovillain|Rage Powder|p1b: Scovillain
|-singleturn|p1b: Scovillain|move: Rage Powder
|move|p1a: Garchomp|Rock Slide|p2a: Charizard|[spread] p2a,p2b
|-supereffective|p2a: Charizard|2
|-damage|p2a: Charizard|0 fnt
|-damage|p2b: Grimmsnarl|32/100
|faint|p2a: Charizard
|-damage|p1a: Garchomp|0 fnt|[from] item: Life Orb
|faint|p1a: Garchomp
|move|p2b: Grimmsnarl|Spirit Break|p1b: Scovillain
|-resisted|p1b: Scovillain|1
|-damage|p1b: Scovillain|75/100
|-status|p2b: Grimmsnarl|brn|[from] ability: Spicy Spray|[of] p1b: Scovillain
|
|-weather|none
|-damage|p2b: Grimmsnarl|26/100 brn|[from] brn
|upkeep
|-message|gingerlike forfeited.
|
|win|MrMaro
