|j|☆jANMxRin
|j|☆Cosentino
|html|jANMxRinCosentino    
|uhtml|bestof|Game 2 of a best-of-3
|t:|1756943905
|gametype|doubles
|player|p1|jANMxRin|acerola-masters|1139
|player|p2|Cosentino|clown|1188
|gen|9
|tier|[Gen 9] VGC 2025 Reg H (Bo3)
|rated|
|rule|Species Clause: Limit one of each Pokémon
|rule|Item Clause: Limit 1 of each item
|clearpoke
|poke|p1|Corviknight, L50, M|
|poke|p1|Tyranitar, L50, F|
|poke|p1|Garchomp, L50, F|
|poke|p1|Annihilape, L50, F|
|poke|p1|Indeedee-F, L50, F|
|poke|p1|Armarouge, L50, M|
|poke|p2|Baxcalibur, L50, M|
|poke|p2|Kingambit, L50, F|
|poke|p2|Sneasler, L50, M|
|poke|p2|Farigiraf, L50, F|
|poke|p2|Ursaluna-Bloodmoon, L50, M|
|poke|p2|Rillaboom, L50, F|
|teampreview|4
|showteam|p1|Corviknight||Leftovers|MirrorArmor|BraveBird,BulkUp,Roost,Tailwind|||M|||50|,,,,,Dragon]Tyranitar||AssaultVest|SandStream|RockSlide,KnockOff,LowKick,TeraBlast|||F|||50|,,,,,Flying]Garchomp||LifeOrb|RoughSkin|Protect,DragonClaw,StompingTantrum,Earthquake|||F|||50|,,,,,Ground]Annihilape||SafetyGoggles|Defiant|CloseCombat,FinalGambit,RageFist,Taunt|||F|||50|,,,,,Water]Indeedee-F||FocusSash|PsychicSurge|FollowMe,HelpingHand,DazzlingGleam,Protect|||F|||50|,,,,,Fairy]Armarouge||SitrusBerry|FlashFire|ExpandingForce,HeatWave,ArmorCannon,Protect|||M|||50|,,,,,Grass
|showteam|p2|Baxcalibur||LoadedDice|ThermalExchange|Protect,IcicleSpear,ScaleShot,DragonTail|||M|||50|,,,,,Water]Kingambit||LifeOrb|Defiant|Protect,KowtowCleave,IronHead,SuckerPunch|||F|||50|,,,,,Dark]Sneasler||FocusSash|PoisonTouch|FakeOut,Coaching,CloseCombat,DireClaw|||M|||50|,,,,,Ghost]Farigiraf||SitrusBerry|ArmorTail|Psychic,HelpingHand,TrickRoom,HyperVoice|||F|||50|,,,,,Fire]Ursaluna-Bloodmoon||SilkScarf|MindsEye|EarthPower,BloodMoon,HyperVoice,Protect|||M|||50|,,,,,Ghost]Rillaboom||AssaultVest|GrassySurge|KnockOff,GrassyGlide,WoodHammer,FakeOut|||F|||50|,,,,,Fire
|
|t:|1756943946
|teamsize|p1|4
|teamsize|p2|4
|start
|switch|p1a: Annihilape|Annihilape, L50, F|100/100
|switch|p1b: Armarouge|Armarouge, L50, M|100/100
|switch|p2a: Farigiraf|Farigiraf, L50, F|100/100
|switch|p2b: Sneasler|Sneasler, L50, M|100/100
|turn|1
|
|t:|1756943991
|switch|p1b: Garchomp|Garchomp, L50, F|100/100
|move|p2b: Sneasler|Dire Claw|p1a: Annihilape
|-resisted|p1a: Annihilape
|-damage|p1a: Annihilape|80/100
|-status|p1a: Annihilape|psn|[from] ability: Poison Touch|[of] p2b: Sneasler
|move|p1a: Annihilape|Final Gambit|p2a: Farigiraf
|-damage|p2a: Farigiraf|23/100
|-enditem|p2a: Farigiraf|Sitrus Berry|[eat]
|-heal|p2a: Farigiraf|48/100|[from] item: Sitrus Berry
|faint|p1a: Annihilape
|move|p2a: Farigiraf|Psychic|p1b: Garchomp
|-damage|p1b: Garchomp|59/100
|
|upkeep
|
|t:|1756944008
|switch|p1a: Tyranitar|Tyranitar, L50, F|100/100
|-weather|Sandstorm|[from] ability: Sand Stream|[of] p1a: Tyranitar
|turn|2
|
|t:|1756944042
|-terastallize|p1a: Tyranitar|Flying
|move|p2a: Farigiraf|Helping Hand|p2b: Sneasler
|-singleturn|p2b: Sneasler|Helping Hand|[of] p2a: Farigiraf
|move|p2b: Sneasler|Close Combat|p1b: Garchomp
|-damage|p1b: Garchomp|0 fnt
|-unboost|p2b: Sneasler|def|1
|-unboost|p2b: Sneasler|spd|1
|-damage|p2b: Sneasler|88/100|[from] ability: Rough Skin|[of] p1b: Garchomp
|faint|p1b: Garchomp
|move|p1a: Tyranitar|Knock Off|p2a: Farigiraf
|-supereffective|p2a: Farigiraf
|-damage|p2a: Farigiraf|0 fnt
|faint|p2a: Farigiraf
|
|-weather|Sandstorm|[upkeep]
|-damage|p2b: Sneasler|82/100|[from] Sandstorm
|-damage|p1a: Tyranitar|95/100|[from] Sandstorm
|upkeep
|
|t:|1756944073
|switch|p1b: Armarouge|Armarouge, L50, M|100/100
|switch|p2a: Ursaluna|Ursaluna-Bloodmoon, L50, M|100/100
|turn|3
|
|t:|1756944101
|switch|p2b: Kingambit|Kingambit, L50, F|100/100
|move|p1b: Armarouge|Protect|p1b: Armarouge
|-singleturn|p1b: Armarouge|Protect
|move|p1a: Tyranitar|Knock Off|p2a: Ursaluna
|-damage|p2a: Ursaluna|59/100
|-enditem|p2a: Ursaluna|Silk Scarf|[from] move: Knock Off|[of] p1a: Tyranitar
|move|p2a: Ursaluna|Earth Power|p1b: Armarouge
|-activate|p1b: Armarouge|move: Protect
|
|-weather|Sandstorm|[upkeep]
|-damage|p1b: Armarouge|95/100|[from] Sandstorm
|-damage|p1a: Tyranitar|89/100|[from] Sandstorm
|upkeep
|turn|4
|
|t:|1756944132
|-terastallize|p2a: Ursaluna|Ghost
|move|p1b: Armarouge|Protect||[still]
|-fail|p1b: Armarouge
|move|p2b: Kingambit|Sucker Punch||[still]
|-fail|p2b: Kingambit
|move|p1a: Tyranitar|Low Kick|p2b: Kingambit
|-supereffective|p2b: Kingambit
|-damage|p2b: Kingambit|0 fnt
|faint|p2b: Kingambit
|move|p2a: Ursaluna|Earth Power|p1b: Armarouge
|-supereffective|p1b: Armarouge
|-damage|p1b: Armarouge|0 fnt
|faint|p1b: Armarouge
|
|-weather|Sandstorm|[upkeep]
|-damage|p1a: Tyranitar|83/100|[from] Sandstorm
|-damage|p2a: Ursaluna|53/100|[from] Sandstorm
|upkeep
|
|t:|1756944145
|switch|p2b: Sneasler|Sneasler, L50, M|82/100
|turn|5
|-message|jANMxRin forfeited.
|
|win|Cosentino
