|j|☆zaher birgir
|j|☆RosieAndJim
|html|zaher birgirRosieAndJim    
|uhtml|bestof|Game 1 of a best-of-3
|t:|1756670552
|gametype|doubles
|player|p1|zaher birgir|wallace|1142
|player|p2|RosieAndJim|169|1117
|gen|9
|tier|[Gen 9] VGC 2025 Reg H (Bo3)
|rated|
|rule|Species Clause: Limit one of each Pokémon
|rule|Item Clause: Limit 1 of each item
|clearpoke
|poke|p1|Politoed, L50, F|
|poke|p1|Gothitelle, L50, M|
|poke|p1|Incineroar, L50, F|
|poke|p1|Kingdra, L50, M|
|poke|p1|Sinistcha, L50|
|poke|p1|Dragonite, L50, M|
|poke|p2|Archaludon, L50, F|
|poke|p2|Garchomp, L50, M|
|poke|p2|Incineroar, L50, F|
|poke|p2|Pelipper, L50, F|
|poke|p2|Talonflame, L50, F|
|poke|p2|Hydreigon, L50, F|
|teampreview|4
|showteam|p1|Politoed||SitrusBerry|Drizzle|PerishSong,WeatherBall,Protect,Encore|||F|||50|,,,,,Grass]Gothitelle||AguavBerry|ShadowTag|FakeOut,Protect,Psychic,Taunt|||M|||50|,,,,,Water]Incineroar||SafetyGoggles|Intimidate|FakeOut,PartingShot,Protect,KnockOff|||F|||50|,,,,,Bug]Kingdra||FocusSash|SwiftSwim|Protect,Scald,DracoMeteor,MuddyWater|||M|||50|,,,,,Water]Sinistcha||RockyHelmet|Hospitality|RagePowder,MatchaGotcha,Protect,LifeDew||||||50|,,,,,Grass]Dragonite||LoadedDice|Multiscale|Tailwind,Protect,ScaleShot,Haze|||M|||50|,,,,,Fairy
|showteam|p2|Archaludon||AssaultVest|Stamina|ElectroShot,DragonPulse,BodyPress,Snarl|||F|||50|,,,,,Grass]Garchomp||LifeOrb|RoughSkin|Earthquake,DragonClaw,StompingTantrum,Protect|||M|||50|,,,,,Ground]Incineroar||SafetyGoggles|Intimidate|FlareBlitz,KnockOff,PartingShot,FakeOut|||F|||50|,,,,,Ghost]Pelipper||FocusSash|Drizzle|WeatherBall,Hurricane,Tailwind,Protect|||F|||50|,,,,,Stellar]Talonflame||CovertCloak|GaleWings|BraveBird,Tailwind,Taunt,RainDance|||F|||50|,,,,,Flying]Hydreigon||ChoiceScarf|Levitate|DracoMeteor,DarkPulse,HeatWave,Snarl|||F|||50|,,,,,Fire
|inactive|Battle timer is ON: inactive players will automatically lose when time's up. (requested by zaher birgir)
|inactive|zaher birgir has 60 seconds left.
|inactive|RosieAndJim has 60 seconds left.
|
|t:|1756670606
|teamsize|p1|4
|teamsize|p2|4
|start
|switch|p1a: Politoed|Politoed, L50, F|100/100
|switch|p1b: Gothitelle|Gothitelle, L50, M|100/100
|switch|p2a: Archaludon|Archaludon, L50, F|100/100
|switch|p2b: Hydreigon|Hydreigon, L50, F|100/100
|-weather|RainDance|[from] ability: Drizzle|[of] p1a: Politoed
|turn|1
|inactive|RosieAndJim has 30 seconds left.
|
|t:|1756670636
|-terastallize|p1a: Politoed|Grass
|move|p1b: Gothitelle|Fake Out|p2b: Hydreigon
|-damage|p2b: Hydreigon|95/100
|cant|p2b: Hydreigon|flinch
|move|p2a: Archaludon|Electro Shot||[still]
|-prepare|p2a: Archaludon|Electro Shot
|-boost|p2a: Archaludon|spa|1
|-anim|p2a: Archaludon|Electro Shot|p1a: Politoed
|-resisted|p1a: Politoed
|-damage|p1a: Politoed|71/100
|move|p1a: Politoed|Perish Song|p1a: Politoed
|-start|p1a: Politoed|perish3|[silent]
|-start|p1b: Gothitelle|perish3|[silent]
|-start|p2a: Archaludon|perish3|[silent]
|-start|p2b: Hydreigon|perish3|[silent]
|-fieldactivate|move: Perish Song
|
|-weather|RainDance|[upkeep]
|-start|p2b: Hydreigon|perish3
|-start|p2a: Archaludon|perish3
|-start|p1a: Politoed|perish3
|-start|p1b: Gothitelle|perish3
|upkeep
|turn|2
|
|t:|1756670661
|move|p1b: Gothitelle|Protect|p1b: Gothitelle
|-singleturn|p1b: Gothitelle|Protect
|move|p2b: Hydreigon|Dark Pulse|p1a: Politoed
|-damage|p1a: Politoed|36/100
|-enditem|p1a: Politoed|Sitrus Berry|[eat]
|-heal|p1a: Politoed|60/100|[from] item: Sitrus Berry
|move|p2a: Archaludon|Electro Shot||[still]
|-prepare|p2a: Archaludon|Electro Shot
|-boost|p2a: Archaludon|spa|1
|-anim|p2a: Archaludon|Electro Shot|p1b: Gothitelle
|-activate|p1b: Gothitelle|move: Protect
|move|p1a: Politoed|Weather Ball|p2b: Hydreigon
|-resisted|p2b: Hydreigon
|-damage|p2b: Hydreigon|62/100
|
|-weather|RainDance|[upkeep]
|-start|p2b: Hydreigon|perish2
|-start|p2a: Archaludon|perish2
|-start|p1a: Politoed|perish2
|-start|p1b: Gothitelle|perish2
|upkeep
|turn|3
|inactive|zaher birgir has 30 seconds left.
|
|t:|1756670687
|move|p1b: Gothitelle|Protect||[still]
|-fail|p1b: Gothitelle
|move|p2b: Hydreigon|Dark Pulse|p1b: Gothitelle
|-supereffective|p1b: Gothitelle
|-damage|p1b: Gothitelle|33/100
|move|p2a: Archaludon|Electro Shot||[still]
|-prepare|p2a: Archaludon|Electro Shot
|-boost|p2a: Archaludon|spa|1
|-anim|p2a: Archaludon|Electro Shot|p1b: Gothitelle
|-crit|p1b: Gothitelle
|-damage|p1b: Gothitelle|0 fnt
|faint|p1b: Gothitelle
|move|p1a: Politoed|Weather Ball|p2b: Hydreigon
|-resisted|p2b: Hydreigon
|-crit|p2b: Hydreigon
|-damage|p2b: Hydreigon|13/100
|
|-weather|RainDance|[upkeep]
|-start|p2b: Hydreigon|perish1
|-start|p2a: Archaludon|perish1
|-start|p1a: Politoed|perish1
|upkeep
|
|t:|1756670692
|switch|p1b: Kingdra|Kingdra, L50, M|100/100
|turn|4
|inactive|RosieAndJim has 30 seconds left.
|
|t:|1756670718
|switch|p2b: Pelipper|Pelipper, L50, F|100/100
|switch|p2a: Incineroar|Incineroar, L50, F|100/100
|-ability|p2a: Incineroar|Intimidate|boost
|-unboost|p1a: Politoed|atk|1
|-unboost|p1b: Kingdra|atk|1
|move|p1b: Kingdra|Muddy Water|p2b: Pelipper|[spread] p2a,p2b
|-supereffective|p2a: Incineroar
|-resisted|p2b: Pelipper
|-damage|p2a: Incineroar|28/100
|-damage|p2b: Pelipper|63/100
|-unboost|p2a: Incineroar|accuracy|1
|move|p1a: Politoed|Perish Song|p1a: Politoed
|-start|p1b: Kingdra|perish3|[silent]
|-start|p2a: Incineroar|perish3|[silent]
|-start|p2b: Pelipper|perish3|[silent]
|-fieldactivate|move: Perish Song
|
|-weather|RainDance|[upkeep]
|-start|p1b: Kingdra|perish3
|-start|p2b: Pelipper|perish3
|-start|p1a: Politoed|perish0
|-start|p2a: Incineroar|perish3
|faint|p1a: Politoed
|upkeep
|
|t:|1756670726
|switch|p1a: Sinistcha|Sinistcha, L50|100/100
|turn|5
|inactive|RosieAndJim has 30 seconds left.
|
|t:|1756670755
|move|p1b: Kingdra|Muddy Water|p2a: Incineroar|[spread] p2a,p2b
|-supereffective|p2a: Incineroar
|-resisted|p2b: Pelipper
|-damage|p2a: Incineroar|0 fnt
|-damage|p2b: Pelipper|20/100
|-unboost|p2b: Pelipper|accuracy|1
|faint|p2a: Incineroar
|move|p2b: Pelipper|Hurricane|p1a: Sinistcha
|-supereffective|p1a: Sinistcha
|-damage|p1a: Sinistcha|16/100
|move|p1a: Sinistcha|Matcha Gotcha|p2b: Pelipper
|-damage|p2b: Pelipper|0 fnt
|-heal|p1a: Sinistcha|24/100|[from] drain|[of] p2b: Pelipper
|faint|p2b: Pelipper
|
|-weather|none
|-start|p1b: Kingdra|perish2
|upkeep
|
|t:|1756670771
|switch|p2b: Hydreigon|Hydreigon, L50, F|13/100
|switch|p2a: Archaludon|Archaludon, L50, F|100/100
|turn|6
|
|t:|1756670790
|move|p1a: Sinistcha|Rage Powder|p1a: Sinistcha
|-singleturn|p1a: Sinistcha|move: Rage Powder
|move|p2b: Hydreigon|Dark Pulse|p1a: Sinistcha
|-supereffective|p1a: Sinistcha
|-damage|p1a: Sinistcha|0 fnt
|faint|p1a: Sinistcha
|move|p1b: Kingdra|Muddy Water|p2a: Archaludon|[spread] p2a,p2b
|-resisted|p2a: Archaludon
|-resisted|p2b: Hydreigon
|-damage|p2a: Archaludon|88/100
|-damage|p2b: Hydreigon|0 fnt
|-ability|p2a: Archaludon|Stamina|boost
|-boost|p2a: Archaludon|def|1
|faint|p2b: Hydreigon
|move|p2a: Archaludon|Dragon Pulse|p1b: Kingdra
|-supereffective|p1b: Kingdra
|-damage|p1b: Kingdra|4/100
|
|-start|p1b: Kingdra|perish1
|upkeep
|turn|7
|inactive|RosieAndJim has 30 seconds left.
|
|t:|1756670823
|move|p1b: Kingdra|Draco Meteor|p2a: Archaludon
|-damage|p2a: Archaludon|42/100
|-unboost|p1b: Kingdra|spa|2
|-ability|p2a: Archaludon|Stamina|boost
|-boost|p2a: Archaludon|def|1
|move|p2a: Archaludon|Dragon Pulse|p1b: Kingdra
|-supereffective|p1b: Kingdra
|-damage|p1b: Kingdra|0 fnt
|faint|p1b: Kingdra
|
|win|RosieAndJim
