|j|☆ToastedArt
|j|☆Malgooee
|html|ToastedArtMalgooee    
|uhtml|bestof|Game 1 of a best-of-3
|t:|1784418530
|gametype|doubles
|player|p1|ToastedArt|clemont|1112
|player|p2|Malgooee|170|1193
|gen|9
|tier|[Gen 9 Champions] VGC 2026 Reg M-B (Bo3)
|rated|
|rule|Species Clause: Limit one of each Pokémon
|rule|Item Clause: Limit 1 of each item
|clearpoke
|poke|p1|Falinks, L50, shiny|
|poke|p1|Gholdengo, L50|
|poke|p1|Kingambit, L50, F|
|poke|p1|Sneasler, L50, F|
|poke|p1|Dragonite, L50, F|
|poke|p1|Sinistcha-Masterpiece, L50|
|poke|p2|Alcremie, L50, F|
|poke|p2|Whimsicott, L50, F|
|poke|p2|Garchomp, L50, F|
|poke|p2|Farigiraf, L50, F|
|poke|p2|Scolipede, L50, M|
|poke|p2|Charizard, L50, F|
|teampreview|4
|showteam|p1|Falinks||Falinksite|Defiant|NoRetreat,CloseCombat,RockSlide,Protect|Adamant|||||50|]Gholdengo||SpellTag|GoodasGold|MakeItRain,ShadowBall,NastyPlot,Protect|Modest|||||50|]Kingambit||BlackGlasses|Defiant|KowtowCleave,SuckerPunch,SwordsDance,Protect|Adamant||F|||50|]Sneasler||FocusSash|PoisonTouch|CloseCombat,PoisonJab,Coaching,FakeOut|Jolly||F|||50|]Dragonite||Dragoninite|Multiscale|DragonPulse,HeatWave,Haze,Tailwind|Modest||F|||50|]Sinistcha-Masterpiece||ColburBerry|Hospitality|MatchaGotcha,LifeDew,RagePowder,Protect|Careful|||||50|
|showteam|p2|Alcremie||SitrusBerry|SweetVeil|Encore,Decorate,DazzlingGleam,Protect|Sassy||F|||50|]Whimsicott||FocusSash|Prankster|Protect,Encore,Tailwind,Moonblast|Timid||F|||50|]Garchomp||ChoiceScarf|RoughSkin|DragonClaw,RockSlide,Earthquake,Crunch|Adamant||F|||50|]Farigiraf||Leftovers|ArmorTail|Roar,Psychic,Protect,TrickRoom|Calm||F|||50|]Scolipede||ChartiBerry|SpeedBoost|RockSlide,LeechLife,Protect,StompingTantrum|Jolly||M|||50|]Charizard||CharizarditeY|SolarPower|WeatherBall,HeatWave,SolarBeam,Protect|Timid||F|||50|
|inactive|Battle timer is ON: inactive players will automatically lose when time's up. (requested by ToastedArt)
|inactive|Malgooee also wants the timer to be on.
|inactive|ToastedArt has 60 seconds left.
|inactive|Malgooee has 60 seconds left.
|inactive|Malgooee has 30 seconds left.
|inactive|Malgooee has 20 seconds left.
|inactive|Malgooee has 15 seconds left.
|inactive|Malgooee has 10 seconds left.
|
|t:|1784418615
|teamsize|p1|4
|teamsize|p2|4
|start
|switch|p1a: Dragonite|Dragonite, L50, F|100/100
|switch|p1b: Gholdengo|Gholdengo, L50|100/100
|switch|p2a: Alcremie|Alcremie, L50, F|100/100
|switch|p2b: Charizard|Charizard, L50, F|100/100
|turn|1
|
|t:|1784418638
|detailschange|p2b: Charizard|Charizard-Mega-Y, L50, F
|-mega|p2b: Charizard|Charizard|Charizardite Y
|-weather|SunnyDay|[from] ability: Drought|[of] p2b: Charizard
|detailschange|p1a: Dragonite|Dragonite-Mega, L50, F
|-mega|p1a: Dragonite|Dragonite|Dragoninite
|move|p1b: Gholdengo|Protect|p1b: Gholdengo
|-singleturn|p1b: Gholdengo|Protect
|move|p2b: Charizard|Heat Wave|p1b: Gholdengo|[spread] 
|-activate|p1b: Gholdengo|move: Protect
|-miss|p2b: Charizard|p1a: Dragonite
|move|p1a: Dragonite|Tailwind|p1a: Dragonite
|-sidestart|p1: ToastedArt|move: Tailwind
|move|p2a: Alcremie|Decorate|p2b: Charizard
|-boost|p2b: Charizard|atk|2
|-boost|p2b: Charizard|spa|2
|
|-weather|SunnyDay|[upkeep]
|upkeep
|turn|2
|
|t:|1784418661
|switch|p2a: Garchomp|Garchomp, L50, F|100/100
|move|p1a: Dragonite|Haze|p1a: Dragonite
|-clearallboost
|move|p1b: Gholdengo|Make It Rain|p2b: Charizard|[spread] p2a,p2b
|-resisted|p2b: Charizard|1
|-damage|p2a: Garchomp|40/100
|-damage|p2b: Charizard|72/100
|-unboost|p1b: Gholdengo|spa|2
|move|p2b: Charizard|Heat Wave|p1b: Gholdengo|[spread] p1a,p1b
|-resisted|p1a: Dragonite|1
|-supereffective|p1b: Gholdengo|1
|-damage|p1a: Dragonite|85/100
|-damage|p1b: Gholdengo|0 fnt
|faint|p1b: Gholdengo
|
|-weather|SunnyDay|[upkeep]
|upkeep
|
|t:|1784418669
|switch|p1b: Sinistcha|Sinistcha-Masterpiece, L50|100/100
|-heal|p1a: Dragonite|100/100|[from] ability: Hospitality|[of] p1b: Sinistcha
|turn|3
|
|t:|1784418680
|switch|p2a: Whimsicott|Whimsicott, L50, F|100/100
|move|p1b: Sinistcha|Protect|p1b: Sinistcha
|-singleturn|p1b: Sinistcha|Protect
|move|p1a: Dragonite|Heat Wave|p2b: Charizard|[spread] p2a,p2b
|-supereffective|p2a: Whimsicott|1
|-crit|p2a: Whimsicott
|-resisted|p2b: Charizard|1
|-enditem|p2a: Whimsicott|Focus Sash
|-damage|p2a: Whimsicott|1/100
|-damage|p2b: Charizard|49/100
|move|p2b: Charizard|Heat Wave|p1a: Dragonite|[spread] p1a
|-activate|p1b: Sinistcha|move: Protect
|-resisted|p1a: Dragonite|1
|-damage|p1a: Dragonite|86/100
|
|-weather|SunnyDay|[upkeep]
|upkeep
|turn|4
|inactive|Malgooee has 30 seconds left.
|inactive|ToastedArt has 30 seconds left.
|
|t:|1784418716
|move|p2b: Charizard|Protect|p2b: Charizard
|-singleturn|p2b: Charizard|Protect
|move|p1b: Sinistcha|Rage Powder|p1b: Sinistcha
|-singleturn|p1b: Sinistcha|move: Rage Powder
|move|p2a: Whimsicott|Encore|p1b: Sinistcha
|-start|p1b: Sinistcha|Encore
|move|p1a: Dragonite|Heat Wave|p2a: Whimsicott|[spread] p2a
|-activate|p2b: Charizard|move: Protect
|-supereffective|p2a: Whimsicott|1
|-damage|p2a: Whimsicott|0 fnt
|faint|p2a: Whimsicott
|
|-weather|SunnyDay|[upkeep]
|-sideend|p1: ToastedArt|move: Tailwind
|upkeep
|
|t:|1784418725
|switch|p2a: Alcremie|Alcremie, L50, F|100/100
|turn|5
|
|t:|1784418736
|move|p1b: Sinistcha|Rage Powder|p1b: Sinistcha
|-singleturn|p1b: Sinistcha|move: Rage Powder
|move|p2b: Charizard|Heat Wave|p1b: Sinistcha|[spread] p1a,p1b
|-resisted|p1a: Dragonite|1
|-crit|p1a: Dragonite
|-supereffective|p1b: Sinistcha|1
|-damage|p1a: Dragonite|45/100
|-damage|p1b: Sinistcha|0 fnt
|faint|p1b: Sinistcha
|move|p1a: Dragonite|Dragon Pulse|p2b: Charizard
|-damage|p2b: Charizard|0 fnt
|faint|p2b: Charizard
|move|p2a: Alcremie|Dazzling Gleam|p1a: Dragonite
|-supereffective|p1a: Dragonite|1
|-damage|p1a: Dragonite|0 fnt
|faint|p1a: Dragonite
|
|-weather|none
|upkeep
|
|t:|1784418748
|switch|p2b: Garchomp|Garchomp, L50, F|40/100
|switch|p1b: Sneasler|Sneasler, L50, F|100/100
|turn|6
|inactive|ToastedArt has 30 seconds left.
|
|t:|1784418778
|move|p2b: Garchomp|Dragon Claw|p1b: Sneasler
|-damage|p1b: Sneasler|17/100
|move|p1b: Sneasler|Poison Jab|p2a: Alcremie
|-supereffective|p2a: Alcremie|1
|-damage|p2a: Alcremie|18/100
|-enditem|p2a: Alcremie|Sitrus Berry|[eat]
|-heal|p2a: Alcremie|43/100|[from] item: Sitrus Berry
|move|p2a: Alcremie|Dazzling Gleam|p1b: Sneasler
|-damage|p1b: Sneasler|0 fnt
|faint|p1b: Sneasler
|
|win|Malgooee
