|j|☆Luke693VGC
|j|☆Rickctrl
|html|Luke693VGCRickctrl    
|uhtml|bestof|Game 3 of a best-of-3
|t:|1756235034
|gametype|doubles
|player|p1|Luke693VGC|cyclist-gen4|1000
|player|p2|Rickctrl|1|1000
|gen|9
|tier|[Gen 9] VGC 2025 Reg H (Bo3)
|rated|
|rule|Species Clause: Limit one of each Pokémon
|rule|Item Clause: Limit 1 of each item
|clearpoke
|poke|p1|Pelipper, L50, F|
|poke|p1|Archaludon, L50, M|
|poke|p1|Sinistcha, L50|
|poke|p1|Ursaluna, L50, M|
|poke|p1|Dragonite, L50, F|
|poke|p1|Incineroar, L50, F|
|poke|p2|Bellibolt, L50, M|
|poke|p2|Incineroar, L50, M|
|poke|p2|Ninetales-Alola, L50, F|
|poke|p2|Ursaluna-Bloodmoon, L50, M|
|poke|p2|Whimsicott, L50, F|
|poke|p2|Rillaboom, L50, F|
|teampreview|4
|showteam|p1|Pelipper||FocusSash|Drizzle|MuddyWater,Hurricane,WideGuard,Tailwind|||F|||50|,,,,,Ghost]Archaludon||AssaultVest|Stamina|FlashCannon,BodyPress,ElectroShot,Snarl|||M|||50|,,,,,Fighting]Sinistcha||SitrusBerry|Hospitality|MatchaGotcha,LifeDew,RagePowder,TrickRoom||||||50|,,,,,Dark]Ursaluna||FlameOrb|Guts|Protect,Facade,HeadlongRush,Earthquake|||M|||50|,,,,,Ghost]Dragonite||LoadedDice|Multiscale|Protect,ScaleShot,Haze,Tailwind|||F|||50|,,,,,Fairy]Incineroar||SafetyGoggles|Intimidate|FlareBlitz,KnockOff,FakeOut,PartingShot|||F|||50|,,,,,Ghost
|showteam|p2|Bellibolt||Leftovers|Electromorphosis|MuddyWater,ChargeBeam,ParabolicCharge,Protect|||M|||50|,,,,,Water]Incineroar||SitrusBerry|Intimidate|WillOWisp,KnockOff,FakeOut,PartingShot|||M|||50|,,,,,Grass]Ninetales-Alola||CovertCloak|SnowWarning|AuroraVeil,Blizzard,HelpingHand,Protect|||F|||50|,,,,,Ice]Ursaluna-Bloodmoon||LifeOrb|MindsEye|BloodMoon,HyperVoice,EarthPower,Protect|||M|||50|,,,,,Normal]Whimsicott||FocusSash|Prankster|Taunt,Tailwind,Moonblast,Encore|||F|||50|,,,,,Ghost]Rillaboom||AssaultVest|GrassySurge|FakeOut,WoodHammer,GrassyGlide,HighHorsepower|||F|||50|,,,,,Ghost
|inactive|Battle timer is ON: inactive players will automatically lose when time's up. (requested by Rickctrl)
|
|t:|1756235061
|teamsize|p1|4
|teamsize|p2|4
|start
|switch|p1a: Dragonite|Dragonite, L50, F|100/100
|switch|p1b: Incineroar|Incineroar, L50, F|100/100
|switch|p2a: Ursaluna|Ursaluna-Bloodmoon, L50, M|100/100
|switch|p2b: Whimsicott|Whimsicott, L50, F, shiny|100/100
|-ability|p1b: Incineroar|Intimidate|boost
|-unboost|p2a: Ursaluna|atk|1
|-unboost|p2b: Whimsicott|atk|1
|turn|1
|inactive|Luke693VGC has 30 seconds left.
|inactive|Rickctrl has 30 seconds left.
|inactive|Luke693VGC has 20 seconds left.
|
|t:|1756235097
|move|p1b: Incineroar|Fake Out|p2a: Ursaluna
|-damage|p2a: Ursaluna|91/100
|move|p2b: Whimsicott|Taunt|p1a: Dragonite
|-start|p1a: Dragonite|move: Taunt
|cant|p1a: Dragonite|move: Taunt|Tailwind
|cant|p2a: Ursaluna|flinch
|
|upkeep
|turn|2
|inactive|Luke693VGC has 30 seconds left.
|inactive|Rickctrl has 30 seconds left.
|
|t:|1756235130
|move|p2b: Whimsicott|Tailwind|p2b: Whimsicott
|-sidestart|p2: Rickctrl|move: Tailwind
|move|p2a: Ursaluna|Hyper Voice|p1a: Dragonite|[spread] p1a,p1b
|-damage|p1a: Dragonite|77/100
|-damage|p1b: Incineroar|64/100
|-damage|p2a: Ursaluna|82/100|[from] item: Life Orb
|move|p1a: Dragonite|Scale Shot|p2a: Ursaluna
|-damage|p2a: Ursaluna|71/100
|-damage|p2a: Ursaluna|59/100
|-crit|p2a: Ursaluna
|-damage|p2a: Ursaluna|41/100
|-damage|p2a: Ursaluna|30/100
|-damage|p2a: Ursaluna|19/100
|-hitcount|p2a: Ursaluna|5
|-unboost|p1a: Dragonite|def|1
|-boost|p1a: Dragonite|spe|1
|move|p1b: Incineroar|Knock Off|p2a: Ursaluna
|-damage|p2a: Ursaluna|0 fnt
|-enditem|p2a: Ursaluna|Life Orb|[from] move: Knock Off|[of] p1b: Incineroar
|faint|p2a: Ursaluna
|
|upkeep
|
|t:|1756235152
|switch|p2a: Bellibolt|Bellibolt, L50, M|100/100
|turn|3
|
|t:|1756235168
|move|p2b: Whimsicott|Moonblast|p1a: Dragonite
|-supereffective|p1a: Dragonite
|-damage|p1a: Dragonite|14/100
|move|p1a: Dragonite|Scale Shot|p2b: Whimsicott
|-immune|p2b: Whimsicott
|move|p2a: Bellibolt|Charge Beam|p1b: Incineroar
|-damage|p1b: Incineroar|45/100
|move|p1b: Incineroar|Parting Shot|p2a: Bellibolt
|-unboost|p2a: Bellibolt|atk|1
|-unboost|p2a: Bellibolt|spa|1
|
|t:|1756235180
|switch|p1b: Ursaluna|Ursaluna, L50, M|100/100|[from] Parting Shot
|
|-end|p1a: Dragonite|move: Taunt
|-status|p1b: Ursaluna|brn|[from] item: Flame Orb
|upkeep
|turn|4
|
|t:|1756235201
|-terastallize|p2a: Bellibolt|Water
|move|p1b: Ursaluna|Protect|p1b: Ursaluna
|-singleturn|p1b: Ursaluna|Protect
|move|p2b: Whimsicott|Moonblast|p1a: Dragonite
|-supereffective|p1a: Dragonite
|-damage|p1a: Dragonite|0 fnt
|faint|p1a: Dragonite
|move|p2a: Bellibolt|Muddy Water|p1b: Ursaluna
|-activate|p1b: Ursaluna|move: Protect
|
|-damage|p1b: Ursaluna|95/100 brn|[from] brn
|upkeep
|
|t:|1756235212
|switch|p1a: Pelipper|Pelipper, L50, F|100/100
|-weather|RainDance|[from] ability: Drizzle|[of] p1a: Pelipper
|turn|5
|
|t:|1756235230
|-terastallize|p1a: Pelipper|Ghost
|move|p2b: Whimsicott|Taunt|p1a: Pelipper
|-start|p1a: Pelipper|move: Taunt
|move|p2a: Bellibolt|Charge Beam|p1a: Pelipper
|-damage|p1a: Pelipper|71/100
|-boost|p2a: Bellibolt|spa|1
|cant|p1a: Pelipper|move: Taunt|Tailwind
|move|p1b: Ursaluna|Facade|p2a: Bellibolt
|-damage|p2a: Bellibolt|0 fnt
|faint|p2a: Bellibolt
|
|-weather|RainDance|[upkeep]
|-damage|p1b: Ursaluna|89/100 brn|[from] brn
|-sideend|p2: Rickctrl|move: Tailwind
|upkeep
|
|t:|1756235243
|switch|p2a: Ninetales|Ninetales-Alola, L50, F|100/100
|-weather|Snowscape|[from] ability: Snow Warning|[of] p2a: Ninetales
|turn|6
|
|t:|1756235260
|switch|p1a: Incineroar|Incineroar, L50, F|45/100
|-ability|p1a: Incineroar|Intimidate|boost
|-unboost|p2a: Ninetales|atk|1
|-unboost|p2b: Whimsicott|atk|1
|move|p2b: Whimsicott|Moonblast|p1b: Ursaluna
|-damage|p1b: Ursaluna|59/100 brn
|move|p2a: Ninetales|Blizzard|p1b: Ursaluna|[spread] p1a,p1b
|-resisted|p1a: Incineroar
|-supereffective|p1b: Ursaluna
|-damage|p1a: Incineroar|37/100
|-damage|p1b: Ursaluna|12/100 brn
|move|p1b: Ursaluna|Facade|p2b: Whimsicott
|-enditem|p2b: Whimsicott|Focus Sash
|-damage|p2b: Whimsicott|1/100
|
|-weather|Snowscape|[upkeep]
|-damage|p1b: Ursaluna|6/100 brn|[from] brn
|upkeep
|turn|7
|inactive|Luke693VGC has 30 seconds left.
|inactive|Rickctrl has 30 seconds left.
|
|t:|1756235291
|move|p1a: Incineroar|Fake Out|p2b: Whimsicott
|-damage|p2b: Whimsicott|0 fnt
|faint|p2b: Whimsicott
|move|p2a: Ninetales|Blizzard|p1a: Incineroar|[spread] p1a,p1b
|-resisted|p1a: Incineroar
|-supereffective|p1b: Ursaluna
|-damage|p1a: Incineroar|28/100
|-damage|p1b: Ursaluna|0 fnt
|faint|p1b: Ursaluna
|
|-weather|Snowscape|[upkeep]
|upkeep
|
|t:|1756235300
|switch|p1b: Pelipper|Pelipper, L50, F, tera:Ghost|71/100
|-weather|RainDance|[from] ability: Drizzle|[of] p1b: Pelipper
|turn|8
|
|t:|1756235313
|move|p2a: Ninetales|Blizzard|p1b: Pelipper|[spread] p1b
|-miss|p2a: Ninetales|p1a: Incineroar
|-damage|p1b: Pelipper|28/100
|move|p1b: Pelipper|Hurricane|p2a: Ninetales
|-damage|p2a: Ninetales|51/100
|move|p1a: Incineroar|Flare Blitz|p2a: Ninetales
|-supereffective|p2a: Ninetales
|-damage|p2a: Ninetales|0 fnt
|faint|p2a: Ninetales
|-damage|p1a: Incineroar|13/100|[from] Recoil
|
|win|Luke693VGC
|raw|Luke693VGC's rating: 1000 → 1040(+40 for winning)
|raw|Rickctrl's rating: 1000 → 1000(+0 for losing)
