|j|â˜†RadonVGC
|j|â˜†Flipsicle
|html|RadonVGCFlipsicle    
|uhtml|bestof|Game 1 of a best-of-3
|t:|1783530333
|gametype|doubles
|player|p1|RadonVGC|aaron|
|player|p2|Flipsicle|elesa-masters|
|gen|9
|tier|[Gen 9 Champions] VGC 2026 Reg M-B (Bo3)
|rule|Species Clause: Limit one of each PokÃ©mon
|rule|Item Clause: Limit 1 of each item
|clearpoke
|poke|p1|Venusaur, L50, F|
|poke|p1|Incineroar, L50, M|
|poke|p1|Rotom-Wash, L50|
|poke|p1|Gholdengo, L50|
|poke|p1|Dragonite, L50, M|
|poke|p1|Floette-Eternal, L50, F|
|poke|p2|Delphox, L50, M|
|poke|p2|Blastoise, L50, F|
|poke|p2|Sneasler, L50, F|
|poke|p2|Incineroar, L50, M|
|poke|p2|Kingambit, L50, F|
|poke|p2|Sinistcha, L50|
|teampreview|4
|showteam|p1|Venusaur||Venusaurite|Overgrow|SludgeBomb,GigaDrain,EarthPower,Protect|Modest||F|||50|]Incineroar||ShucaBerry|Intimidate|FakeOut,PartingShot,FlareBlitz,ThroatChop|Impish||M|||50|]Rotom-Wash||SitrusBerry|Levitate|HydroPump,WillOWisp,VoltSwitch,Protect|Modest|||||50|]Gholdengo||LifeOrb|GoodasGold|NastyPlot,MakeItRain,ShadowBall,Protect|Modest|||||50|]Dragonite||DragonFang|Multiscale|DragonClaw,LowKick,Tailwind,Protect|Adamant||M|||50|]Floette-Eternal||Floettite|FlowerVeil|Moonblast,DazzlingGleam,LightofRuin,Protect|Modest||F|||50|
|showteam|p2|Delphox||Delphoxite|Blaze|HeatWave,Psyshock,NastyPlot,Protect|Timid||M|||50|]Blastoise||Blastoisinite|RainDish|WaterSpout,DarkPulse,ShellSmash,Protect|Modest||F|||50|]Sneasler||FocusSash|PoisonTouch|CloseCombat,PoisonJab,QuickGuard,FakeOut|Jolly||F|||50|]Incineroar||SitrusBerry|Intimidate|FakeOut,FlareBlitz,ThroatChop,PartingShot|Impish||M|||50|]Kingambit||BlackGlasses|Defiant|Protect,KowtowCleave,SuckerPunch,SwordsDance|Adamant||F|||50|]Sinistcha||KasibBerry|Hospitality|Protect,MatchaGotcha,TrickRoom,RagePowder|Bold|||||50|
|inactive|Battle timer is ON: inactive players will automatically lose when time's up. (requested by RadonVGC)
|inactiveoff|Battle timer is now OFF.
|c|â˜†Flipsicle|glhf
|c|â˜†RadonVGC|one moment
|c|â˜†RadonVGC|gl
|c|â˜†Flipsicle|yea np
|c|â˜†Flipsicle|you there?
|c|â˜†RadonVGC|yeah i just have to get changed one sec
|c|â˜†Flipsicle|aight
|c|â˜†RadonVGC|alr all done
|c|â˜†RadonVGC|do you want timer?
|c|â˜†Flipsicle|nah
|c|â˜†RadonVGC|sounds good
|
|t:|1783530588
|teamsize|p1|4
|teamsize|p2|4
|start
|switch|p1a: Dragonite|Dragonite, L50, M|100/100
|switch|p1b: Rotom|Rotom-Wash, L50|100/100
|switch|p2a: Delphox|Delphox, L50, M|100/100
|switch|p2b: Incineroar|Incineroar, L50, M|100/100
|-ability|p2b: Incineroar|Intimidate|boost
|-unboost|p1a: Dragonite|atk|1
|-unboost|p1b: Rotom|atk|1
|turn|1
|
|t:|1783530629
|detailschange|p2a: Delphox|Delphox-Mega, L50, M
|-mega|p2a: Delphox|Delphox|Delphoxite
|move|p2b: Incineroar|Fake Out|p1b: Rotom
|-damage|p1b: Rotom|89/100
|move|p2a: Delphox|Nasty Plot|p2a: Delphox
|-boost|p2a: Delphox|spa|2
|move|p1a: Dragonite|Tailwind|p1a: Dragonite
|-sidestart|p1: RadonVGC|move: Tailwind
|cant|p1b: Rotom|flinch
|
|upkeep
|turn|2
|
|t:|1783530644
|switch|p1a: Incineroar|Incineroar, L50, M|100/100
|-ability|p1a: Incineroar|Intimidate|boost
|-unboost|p2a: Delphox|atk|1
|-unboost|p2b: Incineroar|atk|1
|move|p2a: Delphox|Protect|p2a: Delphox
|-singleturn|p2a: Delphox|Protect
|move|p1b: Rotom|Hydro Pump|p2b: Incineroar
|-supereffective|p2b: Incineroar|1
|-damage|p2b: Incineroar|13/100
|-enditem|p2b: Incineroar|Sitrus Berry|[eat]
|-heal|p2b: Incineroar|38/100|[from] item: Sitrus Berry
|move|p2b: Incineroar|Parting Shot|p1b: Rotom
|-unboost|p1b: Rotom|atk|1
|-unboost|p1b: Rotom|spa|1
|
|t:|1783530672
|switch|p2b: Sneasler|Sneasler, L50, F|100/100|[from] Parting Shot
|
|upkeep
|turn|3
|
|t:|1783530689
|move|p1b: Rotom|Protect|p1b: Rotom
|-singleturn|p1b: Rotom|Protect
|move|p2b: Sneasler|Fake Out|p1a: Incineroar
|-damage|p1a: Incineroar|86/100
|move|p2a: Delphox|Psyshock|p1b: Rotom
|-activate|p1b: Rotom|move: Protect
|cant|p1a: Incineroar|flinch
|
|upkeep
|turn|4
|
|t:|1783530778
|switch|p2b: Incineroar|Incineroar, L50, M|38/100
|-ability|p2b: Incineroar|Intimidate|boost
|-unboost|p1a: Incineroar|atk|1
|-unboost|p1b: Rotom|atk|1
|move|p2a: Delphox|Protect|p2a: Delphox
|-singleturn|p2a: Delphox|Protect
|move|p1b: Rotom|Hydro Pump|p2a: Delphox
|-activate|p2a: Delphox|move: Protect
|move|p1a: Incineroar|Parting Shot|p2b: Incineroar
|-unboost|p2b: Incineroar|atk|1
|-unboost|p2b: Incineroar|spa|1
|
|t:|1783530789
|switch|p1a: Dragonite|Dragonite, L50, M|100/100|[from] Parting Shot
|
|-sideend|p1: RadonVGC|move: Tailwind
|upkeep
|turn|5
|
|t:|1783530810
|switch|p1b: Incineroar|Incineroar, L50, M|86/100
|-ability|p1b: Incineroar|Intimidate|boost
|-unboost|p2a: Delphox|atk|1
|-unboost|p2b: Incineroar|atk|1
|switch|p2b: Sneasler|Sneasler, L50, F|100/100
|move|p2a: Delphox|Heat Wave|p1a: Dragonite|[spread] p1a,p1b
|-resisted|p1a: Dragonite|1
|-resisted|p1b: Incineroar|1
|-damage|p1a: Dragonite|80/100
|-damage|p1b: Incineroar|54/100
|move|p1a: Dragonite|Tailwind|p1a: Dragonite
|-sidestart|p1: RadonVGC|move: Tailwind
|
|upkeep
|turn|6
|c|â˜†Flipsicle|alright i'm gonna have to turn on timer if we're gonna take this long every turn
|c|â˜†RadonVGC|ok im sorry im still a little busy
|c|â˜†RadonVGC|ill try to hurry it up
|c|â˜†RadonVGC|its a difficult position asw is the thing
|
|t:|1783530940
|switch|p1b: Floette|Floette-Eternal, L50, F|100/100
|move|p1a: Dragonite|Protect|p1a: Dragonite
|-singleturn|p1a: Dragonite|Protect
|move|p2b: Sneasler|Fake Out|p1b: Floette
|-damage|p1b: Floette|75/100
|-status|p1b: Floette|psn|[from] ability: Poison Touch|[of] p2b: Sneasler
|move|p2a: Delphox|Psyshock|p1a: Dragonite
|-activate|p1a: Dragonite|move: Protect
|
|-damage|p1b: Floette|63/100 psn|[from] psn
|upkeep
|turn|7
|
|t:|1783530967
|switch|p2b: Incineroar|Incineroar, L50, M|38/100
|-ability|p2b: Incineroar|Intimidate|boost
|-unboost|p1a: Dragonite|atk|1
|-unboost|p1b: Floette|atk|1
|detailschange|p1b: Floette|Floette-Mega, L50, F
|-mega|p1b: Floette|Floette|Floettite
|-ability|p1b: Floette|Fairy Aura
|move|p1b: Floette|Dazzling Gleam|p2a: Delphox|[spread] p2a,p2b
|-resisted|p2a: Delphox|1
|-damage|p2a: Delphox|77/100
|-damage|p2b: Incineroar|0 fnt
|faint|p2b: Incineroar
|move|p1a: Dragonite|Dragon Claw|p2a: Delphox
|-damage|p2a: Delphox|30/100
|move|p2a: Delphox|Psyshock|p1a: Dragonite
|-damage|p1a: Dragonite|0 fnt
|faint|p1a: Dragonite
|
|-damage|p1b: Floette|51/100 psn|[from] psn
|upkeep
|
|t:|1783530991
|switch|p1a: Rotom|Rotom-Wash, L50|89/100
|switch|p2b: Sneasler|Sneasler, L50, F|100/100
|turn|8
|
|t:|1783531009
|switch|p1b: Incineroar|Incineroar, L50, M|54/100
|-ability|p1b: Incineroar|Intimidate|boost
|-unboost|p2a: Delphox|atk|1
|-unboost|p2b: Sneasler|atk|1
|switch|p2b: Sinistcha|Sinistcha, L50|100/100
|-heal|p2a: Delphox|55/100|[from] ability: Hospitality|[of] p2b: Sinistcha
|move|p2a: Delphox|Protect|p2a: Delphox
|-singleturn|p2a: Delphox|Protect
|move|p1a: Rotom|Will-O-Wisp|p2b: Sinistcha|[miss]
|-miss|p1a: Rotom|p2b: Sinistcha
|
|-sideend|p1: RadonVGC|move: Tailwind
|upkeep
|turn|9
|
|t:|1783531039
|move|p2b: Sinistcha|Rage Powder|p2b: Sinistcha
|-singleturn|p2b: Sinistcha|move: Rage Powder
|move|p2a: Delphox|Heat Wave|p1b: Incineroar|[spread] p1a,p1b
|-resisted|p1a: Rotom|1
|-resisted|p1b: Incineroar|1
|-damage|p1a: Rotom|40/100
|-damage|p1b: Incineroar|21/100
|-enditem|p1a: Rotom|Sitrus Berry|[eat]
|-heal|p1a: Rotom|65/100|[from] item: Sitrus Berry
|move|p1a: Rotom|Volt Switch|p2b: Sinistcha
|-resisted|p2b: Sinistcha|1
|-damage|p2b: Sinistcha|84/100
|
|t:|1783531045
|switch|p1a: Floette|Floette-Mega, L50, F|51/100 psn|[from] Volt Switch
|-ability|p1a: Floette|Fairy Aura
|move|p1b: Incineroar|Throat Chop|p2b: Sinistcha
|-supereffective|p2b: Sinistcha|1
|-damage|p2b: Sinistcha|32/100
|-start|p2b: Sinistcha|Throat Chop|[silent]
|
|-damage|p1a: Floette|39/100 psn|[from] psn
|upkeep
|turn|10
|
|t:|1783531067
|move|p2a: Delphox|Heat Wave|p1a: Floette|[spread] p1a,p1b
|-resisted|p1b: Incineroar|1
|-damage|p1a: Floette|0 fnt
|-damage|p1b: Incineroar|0 fnt
|faint|p1a: Floette
|faint|p1b: Incineroar
|move|p2b: Sinistcha|Matcha Gotcha|p1: Floette|[notarget]
|-fail|p2b: Sinistcha
|
|-end|p2b: Sinistcha|Throat Chop|[silent]
|upkeep
|c|â˜†RadonVGC|gg
|
|t:|1783531072
|switch|p1b: Rotom|Rotom-Wash, L50|65/100
|turn|11
|c|â˜†Flipsicle|gg
|
|t:|1783531078
|move|p2a: Delphox|Psyshock|p1b: Rotom
|-damage|p1b: Rotom|0 fnt
|faint|p1b: Rotom
|
|win|Flipsicle
||RadonVGC is ready for game 2.
||Flipsicle is ready for game 2.
|uhtml|next|Next: Game 2 of 3
|l|â˜†RadonVGC
|player|p1|
