|j|☆Im_Neutro
|j|☆OdieVGC
|html|Im_NeutroOdieVGC    
|uhtml|bestof|Game 2 of a best-of-3
|t:|1783281463
|gametype|doubles
|player|p1|Im_Neutro|noland|1127
|player|p2|OdieVGC|2|1100
|gen|9
|tier|[Gen 9 Champions] VGC 2026 Reg M-B (Bo3)
|rated|
|rule|Species Clause: Limit one of each Pokémon
|rule|Item Clause: Limit 1 of each item
|clearpoke
|poke|p1|Sylveon, L50, M|
|poke|p1|Farigiraf, L50, F|
|poke|p1|Charizard, L50, F|
|poke|p1|Kingambit, L50, M|
|poke|p1|Aerodactyl, L50, M|
|poke|p1|Garchomp, L50, M|
|poke|p2|Primarina, L50, M|
|poke|p2|Staraptor, L50, F, shiny|
|poke|p2|Delphox, L50, F, shiny|
|poke|p2|Garchomp, L50, F|
|poke|p2|Grimmsnarl, L50, M|
|poke|p2|Sinistcha-Masterpiece, L50, shiny|
|teampreview|4
|showteam|p1|Sylveon||FairyFeather|Pixilate|Protect,QuickAttack,HyperVoice,HyperBeam|Sassy||M|||50|]Farigiraf||SitrusBerry|ArmorTail|TrickRoom,Psychic,Thunderbolt,Roar|Sassy||F|||50|]Charizard||CharizarditeY|Blaze|Protect,HeatWave,WeatherBall,SolarBeam|Timid||F|||50|]Kingambit||BlackGlasses|Defiant|KowtowCleave,SuckerPunch,IronHead,Protect|Adamant||M|||50|]Aerodactyl||Aerodactylite|RockHead|Tailwind,RockSlide,DualWingbeat,IceFang|Jolly||M|||50|]Garchomp||LifeOrb|RoughSkin|DragonClaw,Protect,StompingTantrum,RockSlide|Jolly||M|||50|
|showteam|p2|Primarina||Leftovers|LiquidVoice|Protect,HyperVoice,CalmMind,Moonblast|Modest||M|||50|]Staraptor||Staraptite|Intimidate|Protect,BraveBird,Tailwind,CloseCombat|Jolly||F|||50|]Delphox||Delphoxite|Blaze|Protect,HeatWave,Encore,Psychic|Timid||F|||50|]Garchomp||LifeOrb|RoughSkin|Protect,DragonClaw,RockSlide,StompingTantrum|Jolly||F|||50|]Grimmsnarl||LightClay|Prankster|SpiritBreak,Reflect,LightScreen,PartingShot|Careful||M|||50|]Sinistcha-Masterpiece||KasibBerry|Hospitality|Protect,MatchaGotcha,RagePowder,StrengthSap|Bold|||||50|
|inactive|Battle timer is ON: inactive players will automatically lose when time's up. (requested by Im_Neutro)
|inactive|OdieVGC has 60 seconds left.
|inactive|OdieVGC has 30 seconds left.
|inactive|OdieVGC has 20 seconds left.
|inactive|OdieVGC has 15 seconds left.
|inactive|OdieVGC has 10 seconds left.
|
|t:|1783281548
|teamsize|p1|4
|teamsize|p2|4
|start
|switch|p1a: Charizard|Charizard, L50, F|100/100
|switch|p1b: Farigiraf|Farigiraf, L50, F|100/100
|switch|p2a: Primarina|Primarina, L50, M|100/100
|switch|p2b: Grimmsnarl|Grimmsnarl, L50, M|100/100
|turn|1
|
|t:|1783281572
|detailschange|p1a: Charizard|Charizard-Mega-Y, L50, F
|-mega|p1a: Charizard|Charizard|Charizardite Y
|-weather|SunnyDay|[from] ability: Drought|[of] p1a: Charizard
|move|p2a: Primarina|Protect|p2a: Primarina
|-singleturn|p2a: Primarina|Protect
|move|p2b: Grimmsnarl|Light Screen|p2b: Grimmsnarl
|-sidestart|p2: OdieVGC|move: Light Screen
|move|p1a: Charizard|Solar Beam||[still]
|-prepare|p1a: Charizard|Solar Beam
|-anim|p1a: Charizard|Solar Beam|p2a: Primarina
|-activate|p2a: Primarina|move: Protect
|move|p1b: Farigiraf|Thunderbolt|p2b: Grimmsnarl
|-damage|p2b: Grimmsnarl|85/100
|
|-weather|SunnyDay|[upkeep]
|upkeep
|turn|2
|inactive|OdieVGC has 30 seconds left.
|
|t:|1783281598
|move|p1a: Charizard|Solar Beam||[still]
|-prepare|p1a: Charizard|Solar Beam
|-anim|p1a: Charizard|Solar Beam|p2a: Primarina
|-supereffective|p2a: Primarina|1
|-damage|p2a: Primarina|40/100
|move|p2a: Primarina|Calm Mind|p2a: Primarina
|-boost|p2a: Primarina|spa|1
|-boost|p2a: Primarina|spd|1
|move|p2b: Grimmsnarl|Spirit Break|p1a: Charizard
|-resisted|p1a: Charizard|1
|-damage|p1a: Charizard|76/100
|-unboost|p1a: Charizard|spa|1
|move|p1b: Farigiraf|Thunderbolt|p2a: Primarina
|-supereffective|p2a: Primarina|1
|-damage|p2a: Primarina|22/100
|
|-weather|SunnyDay|[upkeep]
|-heal|p2a: Primarina|28/100|[from] item: Leftovers
|upkeep
|turn|3
|inactive|OdieVGC has 30 seconds left.
|inactive|OdieVGC has 20 seconds left.
|inactive|Im_Neutro has 30 seconds left.
|inactive|OdieVGC has 15 seconds left.
|
|t:|1783281641
|switch|p2b: Sinistcha|Sinistcha-Masterpiece, L50, shiny|100/100
|-heal|p2a: Primarina|53/100|[from] ability: Hospitality|[of] p2b: Sinistcha
|move|p2a: Primarina|Protect|p2a: Primarina
|-singleturn|p2a: Primarina|Protect
|move|p1a: Charizard|Solar Beam||[still]
|-prepare|p1a: Charizard|Solar Beam
|-anim|p1a: Charizard|Solar Beam|p2a: Primarina
|-activate|p2a: Primarina|move: Protect
|move|p1b: Farigiraf|Thunderbolt|p2b: Sinistcha
|-resisted|p2b: Sinistcha|1
|-crit|p2b: Sinistcha
|-damage|p2b: Sinistcha|82/100
|
|-weather|SunnyDay|[upkeep]
|-heal|p2a: Primarina|59/100|[from] item: Leftovers
|upkeep
|turn|4
|inactive|OdieVGC has 30 seconds left.
|inactive|OdieVGC has 20 seconds left.
|inactive|OdieVGC has 15 seconds left.
|
|t:|1783281682
|switch|p2b: Delphox|Delphox, L50, F, shiny|100/100
|move|p1a: Charizard|Protect|p1a: Charizard
|-singleturn|p1a: Charizard|Protect
|move|p2a: Primarina|Hyper Voice|p1b: Farigiraf|[spread] p1b
|-activate|p1a: Charizard|move: Protect
|-damage|p1b: Farigiraf|80/100
|move|p1b: Farigiraf|Roar|p2a: Primarina
|drag|p2a: Grimmsnarl|Grimmsnarl, L50, M|85/100
|
|-weather|SunnyDay|[upkeep]
|upkeep
|turn|5
|inactive|OdieVGC has 30 seconds left.
|inactive|OdieVGC has 20 seconds left.
|
|t:|1783281717
|detailschange|p2b: Delphox|Delphox-Mega, L50, F, shiny
|-mega|p2b: Delphox|Delphox|Delphoxite
|move|p2b: Delphox|Encore|p1a: Charizard
|-start|p1a: Charizard|Encore
|move|p1a: Charizard|Protect||[still]
|-fail|p1a: Charizard
|move|p2a: Grimmsnarl|Spirit Break|p1b: Farigiraf
|-damage|p1b: Farigiraf|48/100
|-unboost|p1b: Farigiraf|spa|1
|-enditem|p1b: Farigiraf|Sitrus Berry|[eat]
|-heal|p1b: Farigiraf|73/100|[from] item: Sitrus Berry
|move|p1b: Farigiraf|Trick Room|p1b: Farigiraf
|-fieldstart|move: Trick Room|[of] p1b: Farigiraf
|
|-weather|none
|upkeep
|turn|6
|
|t:|1783281733
|switch|p2a: Primarina|Primarina, L50, M|59/100
|move|p1a: Charizard|Protect|p1a: Charizard
|-singleturn|p1a: Charizard|Protect
|move|p2b: Delphox|Heat Wave|p1b: Farigiraf|[spread] p1b
|-activate|p1a: Charizard|move: Protect
|-damage|p1b: Farigiraf|46/100
|move|p1b: Farigiraf|Roar|p1a: Charizard
|drag|p1a: Sylveon|Sylveon, L50, M|100/100
|
|-heal|p2a: Primarina|65/100|[from] item: Leftovers
|upkeep
|turn|7
|
|t:|1783281752
|move|p1a: Sylveon|Hyper Voice|p2a: Primarina|[spread] p2a,p2b
|-resisted|p2b: Delphox|1
|-damage|p2a: Primarina|37/100
|-damage|p2b: Delphox|84/100
|move|p2a: Primarina|Calm Mind|p2a: Primarina
|-boost|p2a: Primarina|spa|1
|-boost|p2a: Primarina|spd|1
|move|p2b: Delphox|Heat Wave|p1a: Sylveon|[spread] p1a,p1b
|-damage|p1a: Sylveon|74/100
|-damage|p1b: Farigiraf|18/100
|move|p1b: Farigiraf|Roar|p2b: Delphox
|drag|p2b: Sinistcha|Sinistcha-Masterpiece, L50, shiny|82/100
|-heal|p2a: Primarina|62/100|[from] ability: Hospitality|[of] p2b: Sinistcha
|
|-heal|p2a: Primarina|68/100|[from] item: Leftovers
|upkeep
|turn|8
|inactive|OdieVGC has 30 seconds left.
|
|t:|1783281784
|switch|p2b: Grimmsnarl|Grimmsnarl, L50, M|85/100
|move|p1a: Sylveon|Hyper Beam|p2b: Grimmsnarl
|-supereffective|p2b: Grimmsnarl|1
|-damage|p2b: Grimmsnarl|0 fnt
|-mustrecharge|p1a: Sylveon
|faint|p2b: Grimmsnarl
|move|p2a: Primarina|Hyper Voice|p1a: Sylveon|[spread] p1a,p1b
|-damage|p1a: Sylveon|44/100
|-damage|p1b: Farigiraf|0 fnt
|faint|p1b: Farigiraf
|
|-heal|p2a: Primarina|75/100|[from] item: Leftovers
|-sideend|p2: OdieVGC|move: Light Screen
|upkeep
|
|t:|1783281796
|switch|p1b: Charizard|Charizard-Mega-Y, L50, F|76/100
|switch|p2b: Delphox|Delphox-Mega, L50, F, shiny|84/100
|-weather|SunnyDay|[from] ability: Drought|[of] p1b: Charizard
|turn|9
|
|t:|1783281816
|cant|p1a: Sylveon|recharge
|move|p2a: Primarina|Hyper Voice|p1a: Sylveon|[spread] p1a,p1b
|-supereffective|p1b: Charizard|1
|-damage|p1a: Sylveon|28/100
|-damage|p1b: Charizard|25/100
|move|p1b: Charizard|Heat Wave|p2b: Delphox|[spread] p2a,p2b
|-resisted|p2a: Primarina|1
|-resisted|p2b: Delphox|1
|-damage|p2a: Primarina|55/100
|-damage|p2b: Delphox|56/100
|move|p2b: Delphox|Psychic|p1b: Charizard
|-damage|p1b: Charizard|0 fnt
|faint|p1b: Charizard
|
|-weather|SunnyDay|[upkeep]
|-heal|p2a: Primarina|61/100|[from] item: Leftovers
|-fieldend|move: Trick Room
|upkeep
|
|t:|1783281823
|switch|p1b: Kingambit|Kingambit, L50, M|100/100
|turn|10
|
|t:|1783281843
|move|p2b: Delphox|Protect|p2b: Delphox
|-singleturn|p2b: Delphox|Protect
|move|p1b: Kingambit|Sucker Punch||[still]
|-fail|p1b: Kingambit
|move|p2a: Primarina|Calm Mind|p2a: Primarina
|-boost|p2a: Primarina|spa|1
|-boost|p2a: Primarina|spd|1
|move|p1a: Sylveon|Hyper Beam|p2a: Primarina
|-damage|p2a: Primarina|14/100
|-mustrecharge|p1a: Sylveon
|
|-weather|SunnyDay|[upkeep]
|-heal|p2a: Primarina|20/100y|[from] item: Leftovers
|upkeep
|turn|11
|
|t:|1783281860
|switch|p2b: Sinistcha|Sinistcha-Masterpiece, L50, shiny|82/100
|-heal|p2a: Primarina|45/100|[from] ability: Hospitality|[of] p2b: Sinistcha
|move|p1b: Kingambit|Sucker Punch||[still]
|-fail|p1b: Kingambit
|move|p2a: Primarina|Moonblast|p1b: Kingambit
|-damage|p1b: Kingambit|2/100
|cant|p1a: Sylveon|recharge
|
|-weather|SunnyDay|[upkeep]
|-heal|p2a: Primarina|51/100|[from] item: Leftovers
|upkeep
|turn|12
|
|t:|1783281879
|move|p2b: Sinistcha|Rage Powder|p2b: Sinistcha
|-singleturn|p2b: Sinistcha|move: Rage Powder
|move|p2a: Primarina|Hyper Voice|p1a: Sylveon|[spread] p1a,p1b
|-damage|p1a: Sylveon|8/100
|-damage|p1b: Kingambit|0 fnt
|faint|p1b: Kingambit
|move|p1a: Sylveon|Hyper Beam|p2b: Sinistcha
|-damage|p2b: Sinistcha|0 fnt
|-mustrecharge|p1a: Sylveon
|faint|p2b: Sinistcha
|
|-weather|SunnyDay|[upkeep]
|-heal|p2a: Primarina|57/100|[from] item: Leftovers
|upkeep
|l|☆Im_Neutro
|inactive|Im_Neutro disconnected and has a minute to reconnect!
|player|p1|
|
|t:|1783281889
|switch|p2b: Delphox|Delphox-Mega, L50, F, shiny|56/100
|turn|13
|inactive|Im_Neutro has 30 seconds left.
|inactive|Im_Neutro has 20 seconds left.
|inactive|Im_Neutro has 15 seconds left.
|inactive|Im_Neutro has 10 seconds left.
|inactive|Im_Neutro has 5 seconds left.
|-message|Im_Neutro lost due to inactivity.
|
|win|OdieVGC
|raw|Im_Neutro's rating: 1127 → 1100(-27 for losing)
|raw|OdieVGC's rating: 1100 → 1127(+27 for winning)
