|j|☆sternumsnacker
|j|‽Juaner95
|html|sternumsnackerJuaner95    
|uhtml|bestof|Game 3 of a best-of-3
|t:|1783983746
|gametype|doubles
|player|p1|sternumsnacker|266|1068
|player|p2|Juaner95|ash-hoenn|1123
|gen|9
|tier|[Gen 9 Champions] VGC 2026 Reg M-B (Bo3)
|rated|
|rule|Species Clause: Limit one of each Pokémon
|rule|Item Clause: Limit 1 of each item
|clearpoke
|poke|p1|Scrafty, L50, F|
|poke|p1|Garchomp, L50, M|
|poke|p1|Eelektross, L50, M|
|poke|p1|Scovillain, L50, F|
|poke|p1|Malamar, L50, F|
|poke|p1|Slowking-Galar, L50, M|
|poke|p2|Eelektross, L50, M|
|poke|p2|Ninetales-Alola, L50, F, shiny|
|poke|p2|Talonflame, L50, F|
|poke|p2|Garchomp, L50, M|
|poke|p2|Incineroar, L50, M, shiny|
|poke|p2|Kingambit, L50, M|
|teampreview|4
|showteam|p1|Scrafty||Scraftinite|Intimidate|FakeOut,DragonDance,BrickBreak,Crunch|Adamant||F|||50|]Garchomp||LifeOrb|RoughSkin|RockSlide,Earthquake,DragonClaw,Protect|Jolly||M|||50|]Eelektross||Eelektrossite|Levitate|Discharge,Hex,GigaDrain,DragonPulse|Timid||M|||50|]Scovillain||ExpertBelt|Moody|SeedBomb,GigaDrain,Flamethrower,StompingTantrum|Lonely||F|||50|]Malamar||FocusSash|Contrary|Superpower,RockSlide,TopsyTurvy,StoredPower|Brave||F|||50|]Slowking-Galar||KingsRock|Regenerator|ChillyReception,SludgeBomb,ExpandingForce,Taunt|Modest||M|||50|
|showteam|p2|Eelektross||Eelektrossite|Levitate|SupercellSlam,DrainPunch,Coil,Protect|Adamant||M|||50|]Ninetales-Alola||ChoiceScarf|SnowWarning|Blizzard,FreezeDry,IcyWind,Moonblast|Modest||F|||50|]Talonflame||SharpBeak|GaleWings|BraveBird,FlareBlitz,Tailwind,Protect|Jolly||F|||50|]Garchomp||LifeOrb|RoughSkin|RockSlide,Earthquake,DragonClaw,Protect|Jolly||M|||50|]Incineroar||SitrusBerry|Intimidate|FlareBlitz,ThroatChop,PartingShot,FakeOut|Careful||M|||50|]Kingambit||FocusSash|Defiant|KowtowCleave,SuckerPunch,LowKick,Protect|Adamant||M|||50|
|inactive|Battle timer is ON: inactive players will automatically lose when time's up. (requested by sternumsnacker)
|inactive|Juaner95 has 60 seconds left.
|inactive|Juaner95 has 30 seconds left.
|inactive|Juaner95 has 20 seconds left.
|
|t:|1783983905
|teamsize|p1|4
|teamsize|p2|4
|start
|switch|p1a: Scrafty|Scrafty, L50, F|100/100
|switch|p1b: Garchomp|Garchomp, L50, M|100/100
|switch|p2a: Talonflame|Talonflame, L50, F|100/100
|switch|p2b: Kingambit|Kingambit, L50, M|100/100
|-ability|p1a: Scrafty|Intimidate|boost
|-unboost|p2a: Talonflame|atk|1
|-unboost|p2b: Kingambit|atk|1
|-ability|p2b: Kingambit|Defiant|boost
|-boost|p2b: Kingambit|atk|2
|turn|1
|
|t:|1783983922
|move|p2a: Talonflame|Protect|p2a: Talonflame
|-singleturn|p2a: Talonflame|Protect
|move|p2b: Kingambit|Protect|p2b: Kingambit
|-singleturn|p2b: Kingambit|Protect
|move|p1a: Scrafty|Fake Out|p2b: Kingambit
|-activate|p2b: Kingambit|move: Protect
|move|p1b: Garchomp|Rock Slide|p2b: Kingambit|[spread] 
|-activate|p2a: Talonflame|move: Protect
|-activate|p2b: Kingambit|move: Protect
|
|upkeep
|turn|2
|inactive|Juaner95 has 30 seconds left.
|inactive|Juaner95 has 20 seconds left.
|inactive|Juaner95 has 15 seconds left.
|
|t:|1783983966
|switch|p1a: Slowking|Slowking-Galar, L50, M|100/100
|move|p2a: Talonflame|Tailwind|p2a: Talonflame
|-sidestart|p2: Juaner95|move: Tailwind
|move|p1b: Garchomp|Rock Slide|p2a: Talonflame|[spread] 
|-miss|p1b: Garchomp|p2a: Talonflame
|-miss|p1b: Garchomp|p2b: Kingambit
|move|p2b: Kingambit|Kowtow Cleave|p1b: Garchomp
|-damage|p1b: Garchomp|25/100
|-damage|p2b: Kingambit|87/100|[from] ability: Rough Skin|[of] p1b: Garchomp
|
|upkeep
|turn|3
|
|t:|1783983983
|switch|p2a: Eelektross|Eelektross, L50, M|100/100
|move|p1b: Garchomp|Protect|p1b: Garchomp
|-singleturn|p1b: Garchomp|Protect
|move|p2b: Kingambit|Kowtow Cleave|p1a: Slowking
|-supereffective|p1a: Slowking|1
|-damage|p1a: Slowking|0 fnt
|faint|p1a: Slowking
|
|upkeep
|
|t:|1783983993
|switch|p1a: Scovillain|Scovillain, L50, F|100/100
|turn|4
|
|t:|1783984014
|detailschange|p2a: Eelektross|Eelektross-Mega, L50, M
|-mega|p2a: Eelektross|Eelektross|Eelektrossite
|move|p2a: Eelektross|Coil|p2a: Eelektross
|-boost|p2a: Eelektross|atk|1
|-boost|p2a: Eelektross|def|1
|-boost|p2a: Eelektross|accuracy|1
|move|p1b: Garchomp|Dragon Claw|p2b: Kingambit
|-resisted|p2b: Kingambit|1
|-damage|p2b: Kingambit|66/100
|-damage|p1b: Garchomp|15/100|[from] item: Life Orb
|move|p2b: Kingambit|Kowtow Cleave|p1a: Scovillain
|-damage|p1a: Scovillain|0 fnt
|faint|p1a: Scovillain
|
|upkeep
|
|t:|1783984026
|switch|p1a: Scrafty|Scrafty, L50, F|100/100
|-ability|p1a: Scrafty|Intimidate|boost
|-unboost|p2a: Eelektross|atk|1
|-unboost|p2b: Kingambit|atk|1
|-ability|p2b: Kingambit|Defiant|boost
|-boost|p2b: Kingambit|atk|2
|turn|5
|
|t:|1783984040
|move|p1a: Scrafty|Fake Out|p2a: Eelektross
|-damage|p2a: Eelektross|91/100
|cant|p2a: Eelektross|flinch
|move|p1b: Garchomp|Dragon Claw|p2a: Eelektross
|-damage|p2a: Eelektross|52/100
|-damage|p1b: Garchomp|5/100|[from] item: Life Orb
|move|p2b: Kingambit|Low Kick|p1a: Scrafty
|-supereffective|p1a: Scrafty|1
|-damage|p1a: Scrafty|0 fnt
|faint|p1a: Scrafty
|
|-sideend|p2: Juaner95|move: Tailwind
|upkeep
|turn|6
|-message|sternumsnacker forfeited.
|raw|sternumsnacker's rating: 1068 → 1051(-17 for losing)
|raw|Juaner95's rating: 1123 → 1144(+21 for winning)
|
|win|Juaner95
|l|☆sternumsnacker
|player|p1|
