|j|☆AviDotWav
|j|☆angusgrind13
|html|AviDotWavangusgrind13    
|uhtml|bestof|Game 1 of a best-of-3
|t:|1784814686
|gametype|doubles
|player|p1|AviDotWav|lady-gen4|1209
|player|p2|angusgrind13|steven|1078
|gen|9
|tier|[Gen 9 Champions] VGC 2026 Reg M-B (Bo3)
|rated|
|rule|Species Clause: Limit one of each Pokémon
|rule|Item Clause: Limit 1 of each item
|clearpoke
|poke|p1|Audino, L50, M|
|poke|p1|Kingambit, L50, F|
|poke|p1|Incineroar, L50, M|
|poke|p1|Farigiraf, L50, M|
|poke|p1|Torkoal, L50, M|
|poke|p1|Blastoise, L50, F|
|poke|p2|Primarina, L50, F|
|poke|p2|Kingambit, L50, M|
|poke|p2|Froslass, L50, F|
|poke|p2|Sneasler, L50, F|
|poke|p2|Lycanroc-Dusk, L50, F|
|poke|p2|Dragonite, L50, M|
|teampreview|4
|showteam|p1|Audino||Audinite|Healer|HelpingHand,TrickRoom,LifeDew,DazzlingGleam|Relaxed||M|||50|]Kingambit||BlackGlasses|Defiant|Protect,IronHead,KowtowCleave,SuckerPunch|Brave||F|||50|]Incineroar||SitrusBerry|Intimidate|FakeOut,ThroatChop,PartingShot,FlareBlitz|Adamant||M|||50|]Farigiraf||ColburBerry|ArmorTail|Psyshock,Thunderbolt,TrickRoom,HelpingHand|Relaxed||M|||50|]Torkoal||Charcoal|Drought|Protect,Eruption,WeatherBall,EarthPower|Quiet||M|||50|]Blastoise||Blastoisinite|Torrent|FakeOut,WaterSpout,DarkPulse,AuraSphere|Quiet||F|||50|
|showteam|p2|Primarina||LifeOrb|LiquidVoice|HyperVoice,Moonblast,Haze,Protect|Modest||F|||50|]Kingambit||BlackGlasses|Defiant|KowtowCleave,SuckerPunch,SwordsDance,Protect|Adamant||M|||50|]Froslass||Froslassite|CursedBody|Blizzard,ShadowBall,AuroraVeil,Protect|Timid||F|||50|]Sneasler||WhiteHerb|Unburden|GunkShot,CloseCombat,FakeOut,Protect|Adamant||F|||50|]Lycanroc-Dusk||FocusSash|ToughClaws|RockSlide,Accelerock,CloseCombat,Protect|Adamant||F|||50|]Dragonite||Dragoninite|Multiscale|DragonPulse,Flamethrower,Tailwind,Protect|Modest||M|||50|
|inactive|Battle timer is ON: inactive players will automatically lose when time's up. (requested by AviDotWav)
|inactive|AviDotWav has 60 seconds left.
|inactive|angusgrind13 has 60 seconds left.
|
|t:|1784814727
|teamsize|p1|4
|teamsize|p2|4
|start
|switch|p1a: Farigiraf|Farigiraf, L50, M|100/100
|switch|p1b: Incineroar|Incineroar, L50, M|100/100
|switch|p2a: Froslass|Froslass, L50, F|100/100
|switch|p2b: Primarina|Primarina, L50, F|100/100
|-ability|p1b: Incineroar|Intimidate|boost
|-unboost|p2a: Froslass|atk|1
|-unboost|p2b: Primarina|atk|1
|turn|1
|
|t:|1784814750
|detailschange|p2a: Froslass|Froslass-Mega, L50, F
|-mega|p2a: Froslass|Froslass|Froslassite
|-weather|Snowscape|[from] ability: Snow Warning|[of] p2a: Froslass
|move|p2a: Froslass|Aurora Veil|p2a: Froslass
|-sidestart|p2: angusgrind13|move: Aurora Veil
|move|p2b: Primarina|Hyper Voice|p1b: Incineroar|[spread] p1a,p1b
|-supereffective|p1b: Incineroar|1
|-damage|p1a: Farigiraf|58/100
|-damage|p1b: Incineroar|14/100
|-enditem|p1b: Incineroar|Sitrus Berry|[eat]
|-heal|p1b: Incineroar|39/100|[from] item: Sitrus Berry
|-damage|p2b: Primarina|90/100|[from] item: Life Orb
|move|p1b: Incineroar|Parting Shot|p2b: Primarina
|-unboost|p2b: Primarina|atk|1
|-unboost|p2b: Primarina|spa|1
|
|t:|1784814758
|switch|p1b: Blastoise|Blastoise, L50, F|100/100|[from] Parting Shot
|move|p1a: Farigiraf|Trick Room|p1a: Farigiraf
|-fieldstart|move: Trick Room|[of] p1a: Farigiraf
|
|-weather|Snowscape|[upkeep]
|upkeep
|turn|2
|
|t:|1784814781
|switch|p2b: Kingambit|Kingambit, L50, M|100/100
|switch|p2a: Sneasler|Sneasler, L50, F|100/100
|detailschange|p1b: Blastoise|Blastoise-Mega, L50, F
|-mega|p1b: Blastoise|Blastoise|Blastoisinite
|move|p1a: Farigiraf|Thunderbolt|p2b: Kingambit
|-damage|p2b: Kingambit|84/100
|move|p1b: Blastoise|Dark Pulse|p2a: Sneasler
|-resisted|p2a: Sneasler|1
|-damage|p2a: Sneasler|82/100
|
|-weather|Snowscape|[upkeep]
|upkeep
|turn|3
|
|t:|1784814803
|move|p1a: Farigiraf|Thunderbolt|p2b: Kingambit
|-damage|p2b: Kingambit|68/100
|move|p2b: Kingambit|Kowtow Cleave|p1a: Farigiraf
|-supereffective|p1a: Farigiraf|1
|-enditem|p1a: Farigiraf|Colbur Berry|[eat]
|-enditem|p1a: Farigiraf|Colbur Berry|[weaken]
|-damage|p1a: Farigiraf|10/100
|move|p1b: Blastoise|Water Spout|p2b: Kingambit|[spread] p2a,p2b
|-damage|p2a: Sneasler|30/100
|-damage|p2b: Kingambit|28/100
|move|p2a: Sneasler|Close Combat|p1b: Blastoise
|-damage|p1b: Blastoise|52/100
|-unboost|p2a: Sneasler|def|1
|-unboost|p2a: Sneasler|spd|1
|-enditem|p2a: Sneasler|White Herb
|-clearnegativeboost|p2a: Sneasler|[silent]
|
|-weather|Snowscape|[upkeep]
|upkeep
|turn|4
|
|t:|1784814821
|move|p1a: Farigiraf|Helping Hand|p1b: Blastoise
|-singleturn|p1b: Blastoise|Helping Hand|[of] p1a: Farigiraf
|move|p2a: Sneasler|Protect|p2a: Sneasler
|-singleturn|p2a: Sneasler|Protect
|move|p2b: Kingambit|Kowtow Cleave|p1a: Farigiraf
|-supereffective|p1a: Farigiraf|1
|-damage|p1a: Farigiraf|0 fnt
|faint|p1a: Farigiraf
|move|p1b: Blastoise|Water Spout|p2b: Kingambit|[spread] p2b
|-activate|p2a: Sneasler|move: Protect
|-damage|p2b: Kingambit|0 fnt
|faint|p2b: Kingambit
|
|-weather|Snowscape|[upkeep]
|upkeep
|
|t:|1784814834
|switch|p1a: Incineroar|Incineroar, L50, M|39/100
|switch|p2b: Primarina|Primarina, L50, F|90/100
|-ability|p1a: Incineroar|Intimidate|boost
|-unboost|p2a: Sneasler|atk|1
|-unboost|p2b: Primarina|atk|1
|turn|5
|
|t:|1784814850
|switch|p2a: Froslass|Froslass-Mega, L50, F|100/100
|move|p2b: Primarina|Protect|p2b: Primarina
|-singleturn|p2b: Primarina|Protect
|move|p1a: Incineroar|Throat Chop|p2a: Froslass
|-supereffective|p2a: Froslass|1
|-damage|p2a: Froslass|54/100
|-start|p2a: Froslass|Throat Chop|[silent]
|move|p1b: Blastoise|Dark Pulse|p2a: Froslass
|-supereffective|p2a: Froslass|1
|-damage|p2a: Froslass|0 fnt
|faint|p2a: Froslass
|
|-weather|none
|-sideend|p2: angusgrind13|move: Aurora Veil
|-fieldend|move: Trick Room
|upkeep
|
|t:|1784814859
|switch|p2a: Sneasler|Sneasler, L50, F|30/100
|turn|6
|
|t:|1784814877
|switch|p1a: Kingambit|Kingambit, L50, F|100/100
|move|p2a: Sneasler|Fake Out|p1b: Blastoise
|-damage|p1b: Blastoise|41/100
|move|p2b: Primarina|Hyper Voice|p1a: Kingambit|[spread] p1a,p1b
|-resisted|p1b: Blastoise|1
|-damage|p1a: Kingambit|54/100
|-damage|p1b: Blastoise|18/100
|-damage|p2b: Primarina|80/100|[from] item: Life Orb
|cant|p1b: Blastoise|flinch
|
|upkeep
|turn|7
|inactive|AviDotWav has 30 seconds left.
|inactive|AviDotWav has 20 seconds left.
|
|t:|1784814914
|move|p1a: Kingambit|Sucker Punch|p2a: Sneasler
|-resisted|p2a: Sneasler|1
|-damage|p2a: Sneasler|0 fnt
|faint|p2a: Sneasler
|move|p2b: Primarina|Hyper Voice|p1b: Blastoise|[spread] p1a,p1b
|-resisted|p1b: Blastoise|1
|-damage|p1a: Kingambit|7/100
|-damage|p1b: Blastoise|0 fnt
|faint|p1b: Blastoise
|-damage|p2b: Primarina|71/100|[from] item: Life Orb
|
|upkeep
|
|t:|1784814923
|switch|p1b: Incineroar|Incineroar, L50, M|39/100
|-ability|p1b: Incineroar|Intimidate|boost
|-unboost|p2b: Primarina|atk|1
|turn|8
|inactive|AviDotWav has 30 seconds left.
|inactive|AviDotWav has 20 seconds left.
|
|t:|1784814958
|move|p2b: Primarina|Protect|p2b: Primarina
|-singleturn|p2b: Primarina|Protect
|move|p1b: Incineroar|Fake Out|p2b: Primarina
|-activate|p2b: Primarina|move: Protect
|move|p1a: Kingambit|Iron Head|p2b: Primarina
|-activate|p2b: Primarina|move: Protect
|
|upkeep
|turn|9
|
|t:|1784814967
|move|p2b: Primarina|Hyper Voice|p1b: Incineroar|[spread] p1a,p1b
|-supereffective|p1b: Incineroar|1
|-damage|p1a: Kingambit|0 fnt
|-damage|p1b: Incineroar|0 fnt
|faint|p1a: Kingambit
|faint|p1b: Incineroar
|-damage|p2b: Primarina|61/100|[from] item: Life Orb
|
|win|angusgrind13
||AviDotWav is ready for game 2.
||angusgrind13 is ready for game 2.
|uhtml|next|Next: Game 2 of 3
