|j|☆Citrus12340
|j|☆Vienna Vaporeons
|html|Citrus12340Vienna Vaporeons    
|uhtml|bestof|Game 1 of a best-of-3
|t:|1757666818
|gametype|doubles
|player|p1|Citrus12340|fisherman|1092
|player|p2|Vienna Vaporeons|265|1209
|gen|9
|tier|[Gen 9] VGC 2025 Reg H (Bo3)
|rated|
|rule|Species Clause: Limit one of each Pokémon
|rule|Item Clause: Limit 1 of each item
|clearpoke
|poke|p1|Jolteon, L50, F|
|poke|p1|Amoonguss, L50, F|
|poke|p1|Incineroar, L50, F|
|poke|p1|Gholdengo, L50|
|poke|p1|Ursaluna-Bloodmoon, L50, M|
|poke|p1|Basculegion, L50, M|
|poke|p2|Garganacl, L50, F|
|poke|p2|Incineroar, L50, M|
|poke|p2|Grimmsnarl, L50, M|
|poke|p2|Annihilape, L50, F|
|poke|p2|Sinistcha, L50|
|poke|p2|Gastrodon, L50, M|
|teampreview|4
|showteam|p1|Jolteon||FocusSash|VoltAbsorb|Electroweb,Protect,VoltSwitch,Thunderbolt|||F|||50|,,,,,Ghost]Amoonguss||SitrusBerry|Regenerator|Spore,Protect,SludgeBomb,RagePowder|||F|||50|,,,,,Water]Incineroar||SafetyGoggles|Intimidate|FakeOut,PartingShot,FlareBlitz,KnockOff|||F|||50|,,,,,Ghost]Gholdengo||ChoiceSpecs|GoodasGold|ShadowBall,MakeItRain,PowerGem,Psychic||||||50|,,,,,Steel]Ursaluna-Bloodmoon||AssaultVest|MindsEye|BloodMoon,EarthPower,HyperVoice,VacuumWave|||M|||50|,,,,,Fairy]Basculegion||ChoiceBand|Adaptability|LastRespects,WaveCrash,AquaJet,FlipTurn|||M|||50|,,,,,Water
|showteam|p2|Garganacl||MarangaBerry|PurifyingSalt|SaltCure,StealthRock,Recover,Protect|||F|||50|,,,,,Ghost]Incineroar||AssaultVest|Intimidate|FakeOut,FlareBlitz,KnockOff,Uturn|||M|||50|,,,,,Ghost]Grimmsnarl||LightClay|Prankster|SpiritBreak,Reflect,LightScreen,ThunderWave|||M|||50|,,,,,Steel]Annihilape||SafetyGoggles|Defiant|RageFist,DrainPunch,BulkUp,Protect|||F|||50|,,,,,Fire]Sinistcha||Leftovers|Hospitality|MatchaGotcha,ShadowBall,CalmMind,TrickRoom||||||50|,,,,,Fairy]Gastrodon||SitrusBerry|StickyHold|EarthPower,IceBeam,ClearSmog,Protect|||M|||50|,,,,,Fire
|inactive|Battle timer is ON: inactive players will automatically lose when time's up. (requested by Citrus12340)
|inactive|Citrus12340 has 60 seconds left.
|inactive|Citrus12340 has 30 seconds left.
|inactive|Citrus12340 has 20 seconds left.
|inactive|Citrus12340 has 15 seconds left.
|inactive|Citrus12340 has 10 seconds left.
|
|t:|1757666899
|teamsize|p1|4
|teamsize|p2|4
|start
|switch|p1a: Ursaluna|Ursaluna-Bloodmoon, L50, M|100/100
|switch|p1b: Amoonguss|Amoonguss, L50, F|100/100
|switch|p2a: Garganacl|Garganacl, L50, F, shiny|100/100
|switch|p2b: Grimmsnarl|Grimmsnarl, L50, M, shiny|100/100
|turn|1
|inactive|Citrus12340 has 30 seconds left.
|inactive|Citrus12340 has 20 seconds left.
|inactive|Citrus12340 has 15 seconds left.
|
|t:|1757666941
|-terastallize|p2a: Garganacl|Ghost
|move|p2b: Grimmsnarl|Light Screen|p2b: Grimmsnarl
|-sidestart|p2: Vienna Vaporeons|move: Light Screen
|move|p1a: Ursaluna|Blood Moon|p2b: Grimmsnarl
|-damage|p2b: Grimmsnarl|51/100
|move|p2a: Garganacl|Salt Cure|p1a: Ursaluna
|-resisted|p1a: Ursaluna
|-damage|p1a: Ursaluna|95/100
|-start|p1a: Ursaluna|Salt Cure
|move|p1b: Amoonguss|Spore|p2a: Garganacl
|-immune|p2a: Garganacl|[from] ability: Purifying Salt
|
|-damage|p1a: Ursaluna|82/100|[from] Salt Cure
|upkeep
|turn|2
|inactive|Citrus12340 has 30 seconds left.
|inactive|Citrus12340 has 20 seconds left.
|inactive|Citrus12340 has 15 seconds left.
|
|t:|1757666986
|switch|p2b: Sinistcha|Sinistcha, L50, shiny|100/100
|move|p1a: Ursaluna|Hyper Voice|p2b: Sinistcha|[spread] p2a,p2b
|-damage|p2a: Garganacl|84/100
|-damage|p2b: Sinistcha|71/100
|-enditem|p2a: Garganacl|Maranga Berry|[eat]
|-boost|p2a: Garganacl|spd|1|[from] item: Maranga Berry
|move|p2a: Garganacl|Stealth Rock|p1b: Amoonguss
|-sidestart|p1: Citrus12340|move: Stealth Rock
|move|p1b: Amoonguss|Sludge Bomb|p2b: Sinistcha
|-damage|p2b: Sinistcha|50/100
|
|-heal|p2b: Sinistcha|56/100|[from] item: Leftovers
|-damage|p1a: Ursaluna|70/100|[from] Salt Cure
|upkeep
|turn|3
|inactive|Citrus12340 has 30 seconds left.
|inactive|Citrus12340 has 20 seconds left.
|inactive|Citrus12340 has 15 seconds left.
|
|t:|1757667029
|move|p1a: Ursaluna|Blood Moon|p2b: Sinistcha
|-damage|p2b: Sinistcha|0 fnt
|faint|p2b: Sinistcha
|move|p2a: Garganacl|Salt Cure|p1b: Amoonguss
|-damage|p1b: Amoonguss|86/100
|-start|p1b: Amoonguss|Salt Cure
|move|p1b: Amoonguss|Sludge Bomb|p2a: Garganacl
|-resisted|p2a: Garganacl
|-damage|p2a: Garganacl|79/100
|
|-damage|p1a: Ursaluna|58/100|[from] Salt Cure
|-damage|p1b: Amoonguss|73/100|[from] Salt Cure
|upkeep
|
|t:|1757667040
|switch|p2b: Grimmsnarl|Grimmsnarl, L50, M, shiny|51/100
|turn|4
|
|t:|1757667055
|switch|p1a: Jolteon|Jolteon, L50, F|100/100
|-damage|p1a: Jolteon|88/100|[from] Stealth Rock
|move|p2b: Grimmsnarl|Spirit Break|p1a: Jolteon
|-damage|p1a: Jolteon|28/100
|-unboost|p1a: Jolteon|spa|1
|move|p2a: Garganacl|Recover|p2a: Garganacl
|-heal|p2a: Garganacl|100/100
|move|p1b: Amoonguss|Spore|p2b: Grimmsnarl
|-status|p2b: Grimmsnarl|slp|[from] move: Spore
|
|-damage|p1b: Amoonguss|61/100|[from] Salt Cure
|upkeep
|turn|5
|inactive|Citrus12340 has 30 seconds left.
|inactive|Citrus12340 has 20 seconds left.
|
|t:|1757667093
|switch|p1b: Ursaluna|Ursaluna-Bloodmoon, L50, M|58/100
|-damage|p1b: Ursaluna|52/100|[from] Stealth Rock
|cant|p2b: Grimmsnarl|slp
|move|p1a: Jolteon|Thunderbolt|p2b: Grimmsnarl
|-damage|p2b: Grimmsnarl|32/100 slp
|move|p2a: Garganacl|Salt Cure|p1a: Jolteon
|-damage|p1a: Jolteon|0 fnt
|faint|p1a: Jolteon
|
|upkeep
|
|t:|1757667116
|switch|p1a: Basculegion|Basculegion, L50, M|100/100
|-damage|p1a: Basculegion|88/100|[from] Stealth Rock
|turn|6
|
|t:|1757667123
|switch|p2b: Gastrodon|Gastrodon, L50, M, shiny|100/100
|move|p1a: Basculegion|Last Respects|p2a: Garganacl
|-supereffective|p2a: Garganacl
|-damage|p2a: Garganacl|23/100
|move|p1b: Ursaluna|Blood Moon|p2b: Gastrodon
|-damage|p2b: Gastrodon|54/100
|move|p2a: Garganacl|Salt Cure|p1a: Basculegion
|-damage|p1a: Basculegion|69/100
|-start|p1a: Basculegion|Salt Cure
|
|-damage|p1a: Basculegion|45/100|[from] Salt Cure
|upkeep
|turn|7
|
|t:|1757667141
|switch|p1a: Amoonguss|Amoonguss, L50, F|94/100
|-damage|p1a: Amoonguss|82/100|[from] Stealth Rock
|move|p1b: Ursaluna|Hyper Voice|p2b: Gastrodon|[spread] p2a,p2b
|-crit|p2b: Gastrodon
|-damage|p2a: Garganacl|12/100
|-damage|p2b: Gastrodon|12/100
|-enditem|p2b: Gastrodon|Sitrus Berry|[eat]
|-heal|p2b: Gastrodon|36/100|[from] item: Sitrus Berry
|move|p2b: Gastrodon|Ice Beam|p1b: Ursaluna
|-supereffective|p1b: Ursaluna
|-damage|p1b: Ursaluna|18/100
|move|p2a: Garganacl|Recover|p2a: Garganacl
|-heal|p2a: Garganacl|62/100
|
|upkeep
|turn|8
|inactive|Citrus12340 has 30 seconds left.
|
|t:|1757667166
|move|p2b: Gastrodon|Protect|p2b: Gastrodon
|-singleturn|p2b: Gastrodon|Protect
|move|p1a: Amoonguss|Rage Powder|p1a: Amoonguss
|-singleturn|p1a: Amoonguss|move: Rage Powder
|move|p1b: Ursaluna|Hyper Voice|p2b: Gastrodon|[spread] p2a
|-activate|p2b: Gastrodon|move: Protect
|-damage|p2a: Garganacl|50/100
|move|p2a: Garganacl|Salt Cure|p1a: Amoonguss
|-damage|p1a: Amoonguss|68/100
|-start|p1a: Amoonguss|Salt Cure
|
|-damage|p1a: Amoonguss|56/100|[from] Salt Cure
|-sideend|p2: Vienna Vaporeons|move: Light Screen
|upkeep
|turn|9
|
|t:|1757667177
|move|p1a: Amoonguss|Rage Powder|p1a: Amoonguss
|-singleturn|p1a: Amoonguss|move: Rage Powder
|move|p1b: Ursaluna|Blood Moon|p2b: Gastrodon
|-damage|p2b: Gastrodon|0 fnt
|faint|p2b: Gastrodon
|move|p2a: Garganacl|Recover|p2a: Garganacl
|-heal|p2a: Garganacl|100/100
|
|-damage|p1a: Amoonguss|44/100|[from] Salt Cure
|upkeep
|-enditem|p1a: Amoonguss|Sitrus Berry|[eat]
|-heal|p1a: Amoonguss|69/100|[from] item: Sitrus Berry
|
|t:|1757667182
|switch|p2b: Grimmsnarl|Grimmsnarl, L50, M, shiny|32/100 slp
|turn|10
|
|t:|1757667192
|-curestatus|p2b: Grimmsnarl|slp|[msg]
|move|p2b: Grimmsnarl|Thunder Wave|p1a: Amoonguss
|-status|p1a: Amoonguss|par
|move|p1b: Ursaluna|Hyper Voice|p2a: Garganacl|[spread] p2a,p2b
|-damage|p2a: Garganacl|83/100
|-damage|p2b: Grimmsnarl|0 fnt
|faint|p2b: Grimmsnarl
|move|p2a: Garganacl|Salt Cure|p1b: Ursaluna
|-resisted|p1b: Ursaluna
|-damage|p1b: Ursaluna|13/100
|-start|p1b: Ursaluna|Salt Cure
|cant|p1a: Amoonguss|par
|
|-damage|p1b: Ursaluna|0 fnt|[from] Salt Cure
|faint|p1b: Ursaluna
|-damage|p1a: Amoonguss|57/100 par|[from] Salt Cure
|upkeep
|
|t:|1757667206
|switch|p1b: Basculegion|Basculegion, L50, M|45/100
|-damage|p1b: Basculegion|32/100|[from] Stealth Rock
|turn|11
|-message|Vienna Vaporeons forfeited.
|
|win|Citrus12340
||Vienna Vaporeons is ready for game 2.
||Citrus12340 is ready for game 2.
|uhtml|next|Next: Game 2 of 3
|l|☆Vienna Vaporeons
|player|p2|
|l|☆Citrus12340
|player|p1|
