|j|ŌśåDonpiDavs
|j|Ōśåfcjavic01
|html|DonpiDavsfcjavic01    
|uhtml|bestof|Game 3 of a best-of-3
|t:|1785177587
|gametype|doubles
|player|p1|DonpiDavs|1|1315
|player|p2|fcjavic01|ninjaboy|1438
|gen|9
|tier|[Gen 9 Champions] VGC 2026 Reg M-B (Bo3)
|rated|
|rule|Species Clause: Limit one of each Pok├®mon
|rule|Item Clause: Limit 1 of each item
|clearpoke
|poke|p1|Froslass, L50, F|
|poke|p1|Sneasler, L50, F|
|poke|p1|Kingambit, L50, F|
|poke|p1|Basculegion, L50, M|
|poke|p1|Scovillain, L50, M|
|poke|p1|Lycanroc-Dusk, L50, F|
|poke|p2|Charizard, L50, F|
|poke|p2|Venusaur, L50, M|
|poke|p2|Sinistcha, L50|
|poke|p2|Incineroar, L50, F|
|poke|p2|Floette-Eternal, L50, F|
|poke|p2|Garchomp, L50, F|
|teampreview|4
|showteam|p1|Froslass||Froslassite|CursedBody|Protect,Blizzard,AuroraVeil,ShadowBall|Modest||F|||50|]Sneasler||WhiteHerb|Unburden|Protect,CloseCombat,FakeOut,GunkShot|Adamant||F|||50|]Kingambit||BlackGlasses|Defiant|Protect,KowtowCleave,SwordsDance,SuckerPunch|Adamant||F|||50|]Basculegion||SitrusBerry|Adaptability|Protect,WaveCrash,LastRespects,AquaJet|Adamant||M|||50|]Scovillain||Scovillainite|Moody|Protect,GigaDrain,Overheat,RagePowder|Bold||M|||50|]Lycanroc-Dusk||FocusSash|ToughClaws|Protect,Accelerock,RockSlide,CloseCombat|Adamant||F|||50|
|showteam|p2|Charizard||CharizarditeY|Blaze|Protect,SolarBeam,WeatherBall,HeatWave|Modest||F|||50|]Venusaur||FocusSash|Chlorophyll|SludgeBomb,LeafStorm,Protect,SleepPowder|Timid||M|||50|]Sinistcha||ColburBerry|Hospitality|TrickRoom,Protect,MatchaGotcha,RagePowder|Relaxed|||||50|]Incineroar||SitrusBerry|Intimidate|FakeOut,FlareBlitz,ThroatChop,PartingShot|Impish||F|||50|]Floette-Eternal||Floettite|FlowerVeil|DazzlingGleam,Protect,DrainingKiss,CalmMind|Modest||F|||50|]Garchomp||ChoiceScarf|RoughSkin|Earthquake,RockSlide,DragonClaw,StompingTantrum|Adamant||F|||50|
|inactive|Battle timer is ON: inactive players will automatically lose when time's up. (requested by fcjavic01)
|
|t:|1785177611
|teamsize|p1|4
|teamsize|p2|4
|start
|switch|p1a: Sneasler|Sneasler, L50, F|100/100
|switch|p1b: Kingambit|Kingambit, L50, F|100/100
|switch|p2a: Charizard|Charizard, L50, F|100/100
|switch|p2b: Sinistcha|Sinistcha, L50|100/100
|turn|1
|inactive|fcjavic01 has 30 seconds left.
|
|t:|1785177642
|detailschange|p2a: Charizard|Charizard-Mega-Y, L50, F
|-mega|p2a: Charizard|Charizard|Charizardite Y
|-weather|SunnyDay|[from] ability: Drought|[of] p2a: Charizard
|move|p1a: Sneasler|Fake Out|p2a: Charizard
|-damage|p2a: Charizard|87/100
|cant|p2a: Charizard|flinch
|move|p2b: Sinistcha|Matcha Gotcha|p1a: Sneasler|[spread] p1a,p1b
|-resisted|p1a: Sneasler|1
|-resisted|p1b: Kingambit|1
|-damage|p1a: Sneasler|86/100
|-damage|p1b: Kingambit|88/100
|-status|p1b: Kingambit|brn
|move|p1b: Kingambit|Swords Dance|p1b: Kingambit
|-boost|p1b: Kingambit|atk|2
|
|-weather|SunnyDay|[upkeep]
|-damage|p1b: Kingambit|83/100 brn|[from] brn
|upkeep
|turn|2
|inactive|DonpiDavs has 30 seconds left.
|inactive|DonpiDavs has 20 seconds left.
|inactive|DonpiDavs has 15 seconds left.
|inactive|DonpiDavs has 10 seconds left.
|inactive|fcjavic01 has 30 seconds left.
|inactive|DonpiDavs has 5 seconds left.
|
|t:|1785177697
|move|p1a: Sneasler|Protect|p1a: Sneasler
|-singleturn|p1a: Sneasler|Protect
|move|p1b: Kingambit|Protect|p1b: Kingambit
|-singleturn|p1b: Kingambit|Protect
|move|p2a: Charizard|Heat Wave|p1a: Sneasler|[spread] 
|-activate|p1a: Sneasler|move: Protect
|-activate|p1b: Kingambit|move: Protect
|move|p2b: Sinistcha|Matcha Gotcha|p1b: Kingambit|[spread] 
|-activate|p1a: Sneasler|move: Protect
|-activate|p1b: Kingambit|move: Protect
|
|-weather|SunnyDay|[upkeep]
|-damage|p1b: Kingambit|77/100 brn|[from] brn
|upkeep
|turn|3
|c|ŌśåDonpiDavs|can you stop getting fucking burns man
|c|ŌśåDonpiDavs|wtf is that
|c|Ōśåfcjavic01|bro
|c|ŌśåDonpiDavs|lucky ass
|inactive|fcjavic01 has 30 seconds left.
|c|Ōśåfcjavic01|in g1 and g2 i miss 2 match
|c|Ōśåfcjavic01|shut up
|inactive|fcjavic01 has 20 seconds left.
|
|t:|1785177733
|move|p2b: Sinistcha|Rage Powder|p2b: Sinistcha
|-singleturn|p2b: Sinistcha|move: Rage Powder
|move|p1b: Kingambit|Sucker Punch||[still]
|-fail|p1b: Kingambit
|move|p1a: Sneasler|Close Combat|p2b: Sinistcha
|-immune|p2b: Sinistcha
|move|p2a: Charizard|Heat Wave|p1b: Kingambit|[spread] p1a
|-miss|p2a: Charizard|p1b: Kingambit
|-damage|p1a: Sneasler|12/100
|
|-weather|SunnyDay|[upkeep]
|-damage|p1b: Kingambit|71/100 brn|[from] brn
|upkeep
|turn|4
|
|t:|1785177756
|switch|p1a: Lycanroc|Lycanroc-Dusk, L50, F|100/100
|move|p2b: Sinistcha|Rage Powder|p2b: Sinistcha
|-singleturn|p2b: Sinistcha|move: Rage Powder
|move|p1b: Kingambit|Sucker Punch||[still]
|-fail|p1b: Kingambit
|move|p2a: Charizard|Heat Wave|p1a: Lycanroc|[spread] p1a,p1b
|-resisted|p1a: Lycanroc|1
|-supereffective|p1b: Kingambit|1
|-damage|p1a: Lycanroc|45/100
|-damage|p1b: Kingambit|0 fnt
|faint|p1b: Kingambit
|
|-weather|SunnyDay|[upkeep]
|upkeep
|
|t:|1785177765
|switch|p1b: Basculegion|Basculegion, L50, M|100/100
|turn|5
|
|t:|1785177771
|switch|p2a: Incineroar|Incineroar, L50, F|100/100
|-ability|p2a: Incineroar|Intimidate|boost
|-unboost|p1a: Lycanroc|atk|1
|-unboost|p1b: Basculegion|atk|1
|move|p1a: Lycanroc|Rock Slide|p2b: Sinistcha|[spread] p2a,p2b
|-supereffective|p2a: Incineroar|1
|-damage|p2a: Incineroar|70/100
|-damage|p2b: Sinistcha|81/100
|move|p1b: Basculegion|Last Respects|p2b: Sinistcha
|-supereffective|p2b: Sinistcha|1
|-damage|p2b: Sinistcha|11/100
|cant|p2b: Sinistcha|flinch
|
|-weather|none
|upkeep
|turn|6
|
|t:|1785177795
|switch|p1b: Sneasler|Sneasler, L50, F|12/100
|move|p1a: Lycanroc|Protect|p1a: Lycanroc
|-singleturn|p1a: Lycanroc|Protect
|move|p2a: Incineroar|Throat Chop|p1b: Sneasler
|-resisted|p1b: Sneasler|1
|-damage|p1b: Sneasler|0 fnt
|faint|p1b: Sneasler
|move|p2b: Sinistcha|Matcha Gotcha|p1a: Lycanroc
|-activate|p1a: Lycanroc|move: Protect
|
|upkeep
|
|t:|1785177804
|switch|p1b: Basculegion|Basculegion, L50, M|100/100
|turn|7
|
|t:|1785177822
|switch|p2a: Garchomp|Garchomp, L50, F|100/100
|move|p2b: Sinistcha|Protect|p2b: Sinistcha
|-singleturn|p2b: Sinistcha|Protect
|move|p1a: Lycanroc|Rock Slide|p2a: Garchomp|[spread] 
|-activate|p2b: Sinistcha|move: Protect
|-miss|p1a: Lycanroc|p2a: Garchomp
|move|p1b: Basculegion|Wave Crash|p2a: Garchomp
|-damage|p2a: Garchomp|27/100
|-damage|p1b: Basculegion|87/100|[from] ability: Rough Skin|[of] p2a: Garchomp
|-damage|p1b: Basculegion|67/100|[from] Recoil
|
|upkeep
|turn|8
|inactive|fcjavic01 has 30 seconds left.
|inactive|fcjavic01 has 20 seconds left.
|inactive|fcjavic01 has 15 seconds left.
|
|t:|1785177863
|switch|p2b: Incineroar|Incineroar, L50, F|70/100
|-ability|p2b: Incineroar|Intimidate|boost
|-unboost|p1a: Lycanroc|atk|1
|-unboost|p1b: Basculegion|atk|1
|move|p1a: Lycanroc|Accelerock|p2b: Incineroar
|-supereffective|p2b: Incineroar|1
|-damage|p2b: Incineroar|48/100
|-enditem|p2b: Incineroar|Sitrus Berry|[eat]
|-heal|p2b: Incineroar|73/100|[from] item: Sitrus Berry
|move|p1b: Basculegion|Aqua Jet|p2a: Garchomp
|-damage|p2a: Garchomp|9/100
|-damage|p1b: Basculegion|55/100|[from] ability: Rough Skin|[of] p2a: Garchomp
|move|p2a: Garchomp|Stomping Tantrum|p1a: Lycanroc
|-supereffective|p1a: Lycanroc|1
|-damage|p1a: Lycanroc|0 fnt
|faint|p1a: Lycanroc
|
|upkeep
|turn|9
|c|Ōśåfcjavic01|gg ez
|c|ŌśåDonpiDavs|lucky ass bitch
|c|Ōśåfcjavic01|literally
|inactive|DonpiDavs has 30 seconds left.
|c|ŌśåDonpiDavs|wtf do u mean "ez"
|c|Ōśåfcjavic01|you have luck
|c|Ōśåfcjavic01|but u are so bad so you dont see it
|inactive|DonpiDavs has 20 seconds left.
|inactive|DonpiDavs has 15 seconds left.
|c|ŌśåDonpiDavs|you got lucky and got 2 lucky ass burns
|c|ŌśåDonpiDavs|Bitch ass niga
|inactive|DonpiDavs has 10 seconds left.
|inactive|DonpiDavs has 5 seconds left.
|c|ŌśåDonpiDavs|Stupid bitch
|
|t:|1785177918
|move|p1b: Basculegion|Protect|p1b: Basculegion
|-singleturn|p1b: Basculegion|Protect
|move|p2a: Garchomp|Stomping Tantrum|p1b: Basculegion
|-activate|p1b: Basculegion|move: Protect
|move|p2b: Incineroar|Throat Chop|p1b: Basculegion
|-activate|p1b: Basculegion|move: Protect
|
|upkeep
|turn|10
|inactive|DonpiDavs has 30 seconds left.
|inactive|DonpiDavs has 20 seconds left.
|inactive|DonpiDavs has 15 seconds left.
|inactive|DonpiDavs has 10 seconds left.
|inactive|DonpiDavs has 5 seconds left.
|c|Ōśåfcjavic01|ez ez ez ez
|
|t:|1785177973
|move|p1b: Basculegion|Protect||[still]
|-fail|p1b: Basculegion
|move|p2a: Garchomp|Stomping Tantrum|p1b: Basculegion
|-damage|p1b: Basculegion|14/100
|-enditem|p1b: Basculegion|Sitrus Berry|[eat]
|-heal|p1b: Basculegion|38/100|[from] item: Sitrus Berry
|move|p2b: Incineroar|Throat Chop|p1b: Basculegion
|-supereffective|p1b: Basculegion|1
|-damage|p1b: Basculegion|0 fnt
|faint|p1b: Basculegion
|
|win|fcjavic01
