|j|‽jjavi
|j|☆chiyufluttermain
|html|jjavichiyufluttermain    
|uhtml|bestof|Game 2 of a best-of-3
|t:|1784800226
|gametype|doubles
|player|p1|jjavi|n|1071
|player|p2|chiyufluttermain|265|1040
|gen|9
|tier|[Gen 9 Champions] VGC 2026 Reg M-B (Bo3)
|rated|
|rule|Species Clause: Limit one of each Pokémon
|rule|Item Clause: Limit 1 of each item
|clearpoke
|poke|p1|Staraptor, L50, M|
|poke|p1|Metagross, L50|
|poke|p1|Farigiraf, L50, F|
|poke|p1|Whimsicott, L50, F|
|poke|p1|Garchomp, L50, F|
|poke|p1|Ceruledge, L50, M|
|poke|p2|Dragapult, L50, F|
|poke|p2|Sneasler, L50, F|
|poke|p2|Sinistcha, L50|
|poke|p2|Incineroar, L50, M|
|poke|p2|Ninetales-Alola, L50, F|
|poke|p2|Drampa, L50, F|
|teampreview|4
|showteam|p1|Staraptor||Staraptite|Intimidate|Protect,CloseCombat,BraveBird,Roost|Jolly||M|||50|]Metagross||Metagrossite|ClearBody|Protect,IronHead,PsychicFangs,StompingTantrum|Adamant|||||50|]Farigiraf||SitrusBerry|ArmorTail|HelpingHand,Psychic,Thunderbolt,TrickRoom|Calm||F|||50|]Whimsicott||FocusSash|Prankster|Moonblast,Tailwind,Charm,Encore|Timid||F|||50|]Garchomp||LifeOrb|RoughSkin|Protect,StompingTantrum,RockSlide,DragonClaw|Jolly||F|||50|]Ceruledge||ColburBerry|FlashFire|Protect,ShadowSneak,BulkUp,BitterBlade|Adamant||M|||50|
|showteam|p2|Dragapult||LifeOrb|ClearBody|DragonDarts,PhantomForce,SuckerPunch,Protect|Adamant||F|||50|]Sneasler||FocusSash|Unburden|FakeOut,CloseCombat,DireClaw,Protect|Jolly||F|||50|]Sinistcha||SitrusBerry|Hospitality|MatchaGotcha,RagePowder,TrickRoom,StrengthSap|Calm|||||50|]Incineroar||Charcoal|Intimidate|FakeOut,FlareBlitz,DarkestLariat,PartingShot|Adamant||M|||50|]Ninetales-Alola||NeverMeltIce|SnowWarning|Protect,Blizzard,Encore,Disable|Timid||F|||50|]Drampa||Drampanite|Berserk|HyperVoice,EarthPower,CalmMind,Protect|Modest||F|||50|
|inactive|Battle timer is ON: inactive players will automatically lose when time's up. (requested by jjavi)
|inactive|jjavi has 60 seconds left.
|
|t:|1784800274
|teamsize|p1|4
|teamsize|p2|4
|start
|switch|p1a: Staraptor|Staraptor, L50, M|100/100
|switch|p1b: Whimsicott|Whimsicott, L50, F|100/100
|switch|p2a: Incineroar|Incineroar, L50, M|100/100
|switch|p2b: Dragapult|Dragapult, L50, F|100/100
|-ability|p1a: Staraptor|Intimidate|boost
|-unboost|p2a: Incineroar|atk|1
|-fail|p2b: Dragapult|unboost|[from] ability: Clear Body|[of] p2b: Dragapult
|-ability|p2a: Incineroar|Intimidate|boost
|-unboost|p1a: Staraptor|atk|1
|-unboost|p1b: Whimsicott|atk|1
|turn|1
|inactive|chiyufluttermain has 30 seconds left.
|inactive|chiyufluttermain has 20 seconds left.
|inactive|chiyufluttermain has 15 seconds left.
|inactive|chiyufluttermain has 10 seconds left.
|
|t:|1784800321
|switch|p1b: Farigiraf|Farigiraf, L50, F|100/100
|detailschange|p1a: Staraptor|Staraptor-Mega, L50, M
|-mega|p1a: Staraptor|Staraptor|Staraptite
|move|p2a: Incineroar|Fake Out||[still]
|cant|p1b: Farigiraf|ability: Armor Tail|Fake Out|[of] p2a: Incineroar
|move|p2b: Dragapult|Phantom Force||[still]
|-prepare|p2b: Dragapult|Phantom Force
|move|p1a: Staraptor|Close Combat|p2a: Incineroar
|-supereffective|p2a: Incineroar|1
|-damage|p2a: Incineroar|30/100
|-boost|p1a: Staraptor|def|1
|-boost|p1a: Staraptor|spd|1
|
|upkeep
|turn|2
|inactive|jjavi has 30 seconds left.
|inactive|jjavi has 20 seconds left.
|
|t:|1784800361
|switch|p2a: Sneasler|Sneasler, L50, F|100/100
|move|p2b: Dragapult|Phantom Force|p1a: Staraptor|[from] lockedmove
|-damage|p1a: Staraptor|57/100
|-damage|p2b: Dragapult|90/100|[from] item: Life Orb
|move|p1a: Staraptor|Roost|p1a: Staraptor
|-heal|p1a: Staraptor|100/100
|-singleturn|p1a: Staraptor|move: Roost
|move|p1b: Farigiraf|Trick Room|p1b: Farigiraf
|-fieldstart|move: Trick Room|[of] p1b: Farigiraf
|
|upkeep
|turn|3
|
|t:|1784800384
|move|p1b: Farigiraf|Psychic|p2a: Sneasler
|-supereffective|p2a: Sneasler|2
|-enditem|p2a: Sneasler|Focus Sash
|-damage|p2a: Sneasler|1/100
|move|p1a: Staraptor|Close Combat|p2a: Sneasler
|-resisted|p2a: Sneasler|1
|-damage|p2a: Sneasler|0 fnt
|-boost|p1a: Staraptor|def|1
|-boost|p1a: Staraptor|spd|1
|faint|p2a: Sneasler
|move|p2b: Dragapult|Dragon Darts|p1a: Staraptor
|-damage|p1a: Staraptor|83/100
|-anim|p2b: Dragapult|Dragon Darts|p1b: Farigiraf
|-damage|p1b: Farigiraf|65/100
|-damage|p2b: Dragapult|80/100|[from] item: Life Orb
|
|upkeep
|
|t:|1784800391
|switch|p2a: Drampa|Drampa, L50, F|100/100
|turn|4
|
|t:|1784800410
|detailschange|p2a: Drampa|Drampa-Mega, L50, F
|-mega|p2a: Drampa|Drampa|Drampanite
|move|p2a: Drampa|Hyper Voice|p1a: Staraptor|[spread] p1a,p1b
|-damage|p1a: Staraptor|63/100
|-damage|p1b: Farigiraf|30/100
|-enditem|p1b: Farigiraf|Sitrus Berry|[eat]
|-heal|p1b: Farigiraf|55/100|[from] item: Sitrus Berry
|move|p1a: Staraptor|Close Combat|p2a: Drampa
|-supereffective|p2a: Drampa|1
|-damage|p2a: Drampa|41/100
|-boost|p1a: Staraptor|def|1
|-boost|p1a: Staraptor|spd|1
|-ability|p2a: Drampa|Berserk|boost
|-boost|p2a: Drampa|spa|1
|move|p2b: Dragapult|Dragon Darts|p1a: Staraptor
|-damage|p1a: Staraptor|50/100y
|-anim|p2b: Dragapult|Dragon Darts|p1b: Farigiraf
|-damage|p1b: Farigiraf|24/100
|-damage|p2b: Dragapult|70/100|[from] item: Life Orb
|move|p1b: Farigiraf|Trick Room|p1b: Farigiraf
|-fieldend|move: Trick Room
|
|upkeep
|turn|5
|inactive|jjavi has 30 seconds left.
|inactive|jjavi has 20 seconds left.
|
|t:|1784800446
|move|p1a: Staraptor|Protect|p1a: Staraptor
|-singleturn|p1a: Staraptor|Protect
|move|p2b: Dragapult|Dragon Darts|p1b: Farigiraf
|-damage|p1b: Farigiraf|0 fnt
|faint|p1b: Farigiraf
|-damage|p2b: Dragapult|61/100|[from] item: Life Orb
|move|p2a: Drampa|Hyper Voice|p1a: Staraptor
|-activate|p1a: Staraptor|move: Protect
|
|upkeep
|
|t:|1784800455
|switch|p1b: Whimsicott|Whimsicott, L50, F|100/100
|turn|6
|
|t:|1784800464
|move|p2b: Dragapult|Dragon Darts|p1a: Staraptor
|-damage|p1a: Staraptor|36/100
|-anim|p2b: Dragapult|Dragon Darts|p1a: Staraptor
|-crit|p1a: Staraptor
|-damage|p1a: Staraptor|0 fnt
|faint|p1a: Staraptor
|-damage|p2b: Dragapult|51/100|[from] item: Life Orb
|move|p1b: Whimsicott|Moonblast|p2b: Dragapult
|-supereffective|p2b: Dragapult|1
|-damage|p2b: Dragapult|0 fnt
|faint|p2b: Dragapult
|move|p2a: Drampa|Hyper Voice|p1b: Whimsicott
|-enditem|p1b: Whimsicott|Focus Sash
|-damage|p1b: Whimsicott|1/100
|
|upkeep
|
|t:|1784800475
|switch|p2b: Incineroar|Incineroar, L50, M|30/100
|switch|p1a: Garchomp|Garchomp, L50, F|100/100
|-ability|p2b: Incineroar|Intimidate|boost
|-unboost|p1a: Garchomp|atk|1
|-unboost|p1b: Whimsicott|atk|1
|turn|7
|inactive|jjavi has 30 seconds left.
|
|t:|1784800506
|move|p2b: Incineroar|Fake Out|p1a: Garchomp
|-damage|p1a: Garchomp|85/100
|-damage|p2b: Incineroar|18/100|[from] ability: Rough Skin|[of] p1a: Garchomp
|move|p1b: Whimsicott|Moonblast|p2a: Drampa
|-supereffective|p2a: Drampa|1
|-damage|p2a: Drampa|0 fnt
|faint|p2a: Drampa
|cant|p1a: Garchomp|flinch
|
|upkeep
|turn|8
|
|t:|1784800512
|move|p1b: Whimsicott|Moonblast|p2b: Incineroar
|-damage|p2b: Incineroar|0 fnt
|faint|p2b: Incineroar
|
|win|jjavi
