|j|☆Roncolaenjoyer
|j|☆yurinasaan
|html|Roncolaenjoyeryurinasaan    
|uhtml|bestof|Game 2 of a best-of-3
|t:|1785245566
|gametype|doubles
|player|p1|Roncolaenjoyer|nate|1457
|player|p2|yurinasaan|101|1384
|gen|9
|tier|[Gen 9 Champions] VGC 2026 Reg M-B (Bo3)
|rated|
|rule|Species Clause: Limit one of each Pokémon
|rule|Item Clause: Limit 1 of each item
|clearpoke
|poke|p1|Charizard, L50, F|
|poke|p1|Sylveon, L50, F|
|poke|p1|Farigiraf, L50, M|
|poke|p1|Aerodactyl, L50, M|
|poke|p1|Kingambit, L50, M|
|poke|p1|Garchomp, L50, M|
|poke|p2|Staraptor, L50, M|
|poke|p2|Arcanine-Hisui, L50, F|
|poke|p2|Kingambit, L50, F|
|poke|p2|Raichu, L50, F|
|poke|p2|Farigiraf, L50, F|
|poke|p2|Sylveon, L50, M|
|teampreview|4
|showteam|p1|Charizard||CharizarditeY|SolarPower|Protect,WeatherBall,SolarBeam,HeatWave|Modest||F|||50|]Sylveon||FairyFeather|Pixilate|Detect,HyperVoice,QuickAttack,HyperBeam|Modest||F|||50|]Farigiraf||SitrusBerry|ArmorTail|Thunderbolt,TwinBeam,Roar,TrickRoom|Bold||M|||50|]Aerodactyl||Aerodactylite|Unnerve|RockSlide,DualWingbeat,IceFang,Tailwind|Jolly||M|||50|]Kingambit||FocusSash|Defiant|KowtowCleave,SuckerPunch,IronHead,LowKick|Adamant||M|||50|]Garchomp||LifeOrb|RoughSkin|Earthquake,StompingTantrum,DragonClaw,Protect|Jolly||M|||50|
|showteam|p2|Staraptor||Staraptite|Intimidate|DualWingbeat,CloseCombat,Tailwind,Protect|Jolly||M|||50|]Arcanine-Hisui||FocusSash|RockHead|FlareBlitz,HeadSmash,ExtremeSpeed,Protect|Jolly||F|||50|]Kingambit||LifeOrb|Defiant|KowtowCleave,SuckerPunch,SwordsDance,Protect|Adamant||F|||50|]Raichu||RaichuniteY|Static|ZapCannon,FocusBlast,FakeOut,Protect|Timid||F|||50|]Farigiraf||SitrusBerry|ArmorTail|Psychic,HelpingHand,TrickRoom,Protect|Calm||F|||50|]Sylveon||FairyFeather|Pixilate|HyperVoice,HyperBeam,QuickAttack,Detect|Modest||M|||50|
|inactive|Battle timer is ON: inactive players will automatically lose when time's up. (requested by Roncolaenjoyer)
|inactive|yurinasaan has 60 seconds left.
|
|t:|1785245602
|teamsize|p1|4
|teamsize|p2|4
|start
|switch|p1a: Aerodactyl|Aerodactyl, L50, M|100/100
|switch|p1b: Sylveon|Sylveon, L50, F|100/100
|switch|p2a: Raichu|Raichu, L50, F|100/100
|switch|p2b: Sylveon|Sylveon, L50, M|100/100
|-ability|p1a: Aerodactyl|Unnerve
|turn|1
|inactive|yurinasaan has 30 seconds left.
|
|t:|1785245630
|detailschange|p1a: Aerodactyl|Aerodactyl-Mega, L50, M
|-mega|p1a: Aerodactyl|Aerodactyl|Aerodactylite
|detailschange|p2a: Raichu|Raichu-Mega-Y, L50, F
|-mega|p2a: Raichu|Raichu|Raichunite Y
|move|p2a: Raichu|Fake Out|p1b: Sylveon
|-damage|p1b: Sylveon|88/100
|move|p1a: Aerodactyl|Rock Slide|p2b: Sylveon|[spread] p2a,p2b
|-damage|p2a: Raichu|55/100
|-damage|p2b: Sylveon|70/100
|cant|p1b: Sylveon|flinch
|move|p2b: Sylveon|Hyper Voice|p1b: Sylveon|[spread] p1a,p1b
|-damage|p1a: Aerodactyl|56/100
|-damage|p1b: Sylveon|53/100
|
|upkeep
|turn|2
|
|t:|1785245654
|move|p2a: Raichu|Protect|p2a: Raichu
|-singleturn|p2a: Raichu|Protect
|move|p1a: Aerodactyl|Rock Slide|p2b: Sylveon|[spread] p2b
|-activate|p2a: Raichu|move: Protect
|-damage|p2b: Sylveon|42/100
|move|p1b: Sylveon|Hyper Voice|p2b: Sylveon|[spread] p2b
|-activate|p2a: Raichu|move: Protect
|-damage|p2b: Sylveon|5/100
|cant|p2b: Sylveon|flinch
|
|upkeep
|turn|3
|
|t:|1785245669
|move|p1a: Aerodactyl|Tailwind|p1a: Aerodactyl
|-sidestart|p1: Roncolaenjoyer|move: Tailwind
|move|p2a: Raichu|Zap Cannon|p1b: Sylveon
|-damage|p1b: Sylveon|2/100
|-status|p1b: Sylveon|par
|move|p1b: Sylveon|Hyper Voice|p2a: Raichu|[spread] p2a,p2b
|-damage|p2a: Raichu|0 fnt
|-damage|p2b: Sylveon|0 fnt
|faint|p2a: Raichu
|faint|p2b: Sylveon
|
|upkeep
|
|t:|1785245678
|switch|p2a: Arcanine|Arcanine-Hisui, L50, F|100/100
|switch|p2b: Kingambit|Kingambit, L50, F|100/100
|turn|4
|
|t:|1785245690
|move|p2a: Arcanine|Extreme Speed|p1b: Sylveon
|-damage|p1b: Sylveon|0 fnt
|faint|p1b: Sylveon
|move|p1a: Aerodactyl|Rock Slide|p2b: Kingambit|[spread] p2a
|-miss|p1a: Aerodactyl|p2b: Kingambit
|-supereffective|p2a: Arcanine|1
|-damage|p2a: Arcanine|28/100
|move|p2b: Kingambit|Swords Dance|p2b: Kingambit
|-boost|p2b: Kingambit|atk|2
|
|upkeep
|
|t:|1785245703
|switch|p1b: Kingambit|Kingambit, L50, M|100/100
|turn|5
|
|t:|1785245714
|move|p2a: Arcanine|Protect|p2a: Arcanine
|-singleturn|p2a: Arcanine|Protect
|move|p2b: Kingambit|Protect|p2b: Kingambit
|-singleturn|p2b: Kingambit|Protect
|move|p1a: Aerodactyl|Rock Slide|p2b: Kingambit|[spread] 
|-activate|p2a: Arcanine|move: Protect
|-activate|p2b: Kingambit|move: Protect
|move|p1b: Kingambit|Low Kick|p2b: Kingambit
|-activate|p2b: Kingambit|move: Protect
|
|upkeep
|turn|6
|
|t:|1785245732
|move|p2b: Kingambit|Sucker Punch|p1a: Aerodactyl
|-damage|p1a: Aerodactyl|0 fnt
|faint|p1a: Aerodactyl
|-damage|p2b: Kingambit|90/100|[from] item: Life Orb
|move|p1b: Kingambit|Low Kick|p2b: Kingambit
|-supereffective|p2b: Kingambit|2
|-damage|p2b: Kingambit|0 fnt
|faint|p2b: Kingambit
|move|p2a: Arcanine|Flare Blitz|p1b: Kingambit
|-supereffective|p1b: Kingambit|1
|-enditem|p1b: Kingambit|Focus Sash
|-damage|p1b: Kingambit|1/100
|
|-sideend|p1: Roncolaenjoyer|move: Tailwind
|upkeep
|
|t:|1785245741
|switch|p1a: Garchomp|Garchomp, L50, M|100/100
|turn|7
|
|t:|1785245753
|move|p1b: Kingambit|Sucker Punch|p2a: Arcanine
|-damage|p2a: Arcanine|0 fnt
|faint|p2a: Arcanine
|
|win|Roncolaenjoyer
|raw|Roncolaenjoyer's rating: 1457 → 1473(+16 for winning)
|raw|yurinasaan's rating: 1384 → 1368(-16 for losing)
|l|☆Roncolaenjoyer
|player|p1|
