|j|☆teyvgc
|j|☆onxlaughtvgc
|html|teyvgconxlaughtvgc    
|uhtml|bestof|Game 2 of a best-of-3
|t:|1783204666
|gametype|doubles
|player|p1|teyvgc|1|1256
|player|p2|onxlaughtvgc|veteran|1238
|gen|9
|tier|[Gen 9 Champions] VGC 2026 Reg M-B (Bo3)
|rated|
|rule|Species Clause: Limit one of each Pokémon
|rule|Item Clause: Limit 1 of each item
|clearpoke
|poke|p1|Excadrill, L50, M|
|poke|p1|Tyranitar, L50, F|
|poke|p1|Staraptor, L50, F|
|poke|p1|Sinistcha, L50|
|poke|p1|Milotic, L50, F|
|poke|p1|Gholdengo, L50|
|poke|p2|Swampert, L50, F|
|poke|p2|Pelipper, L50, F|
|poke|p2|Archaludon, L50, M|
|poke|p2|Sinistcha-Masterpiece, L50|
|poke|p2|Incineroar, L50, M|
|poke|p2|Scovillain, L50, M|
|teampreview|4
|showteam|p1|Excadrill||FocusSash|SandRush|HighHorsepower,IronHead,RockSlide,Protect|Adamant||M|||50|]Tyranitar||Tyranitarite|SandStream|RockSlide,KnockOff,DragonDance,Protect|Adamant||F|||50|]Staraptor||Staraptite|Intimidate|BraveBird,CloseCombat,Tailwind,Protect|Jolly||F|||50|]Sinistcha||SitrusBerry|Hospitality|MatchaGotcha,RagePowder,LifeDew,TrickRoom|Calm|||||50|]Milotic||Leftovers|Competitive|Scald,IceBeam,Recover,Protect|Modest||F|||50|]Gholdengo||LifeOrb|GoodasGold|MakeItRain,ShadowBall,NastyPlot,Protect|Modest|||||50|
|showteam|p2|Swampert||Swampertite|Damp|WaveCrash,Earthquake,IcePunch,Protect|Adamant||F|||50|]Pelipper||FocusSash|Drizzle|Tailwind,WideGuard,Hurricane,WeatherBall|Timid||F|||50|]Archaludon||Leftovers|Sturdy|ElectroShot,FlashCannon,DracoMeteor,Protect|Timid||M|||50|]Sinistcha-Masterpiece||SitrusBerry|Hospitality|RagePowder,MatchaGotcha,LifeDew,Protect|Calm|||||50|]Incineroar||ChopleBerry|Intimidate|FakeOut,PartingShot,FlareBlitz,DarkestLariat|Careful||M|||50|]Scovillain||Scovillainite|Moody|RagePowder,GigaDrain,Protect,LeechSeed|Calm||M|||50|
|inactive|Battle timer is ON: inactive players will automatically lose when time's up. (requested by onxlaughtvgc)
|
|t:|1783204704
|teamsize|p1|4
|teamsize|p2|4
|start
|switch|p1a: Staraptor|Staraptor, L50, F|100/100
|switch|p1b: Sinistcha|Sinistcha, L50|100/100
|switch|p2a: Swampert|Swampert, L50, F|100/100
|switch|p2b: Archaludon|Archaludon, L50, M|100/100
|-ability|p1a: Staraptor|Intimidate|boost
|-unboost|p2a: Swampert|atk|1
|-unboost|p2b: Archaludon|atk|1
|turn|1
|inactive|onxlaughtvgc has 30 seconds left.
|
|t:|1783204736
|detailschange|p1a: Staraptor|Staraptor-Mega, L50, F
|-mega|p1a: Staraptor|Staraptor|Staraptite
|detailschange|p2a: Swampert|Swampert-Mega, L50, F
|-mega|p2a: Swampert|Swampert|Swampertite
|move|p1b: Sinistcha|Rage Powder|p1b: Sinistcha
|-singleturn|p1b: Sinistcha|move: Rage Powder
|move|p1a: Staraptor|Close Combat|p2b: Archaludon
|-supereffective|p2b: Archaludon|1
|-ability|p2b: Archaludon|Sturdy
|-damage|p2b: Archaludon|1/100
|-boost|p1a: Staraptor|def|1
|-boost|p1a: Staraptor|spd|1
|move|p2b: Archaludon|Draco Meteor|p1b: Sinistcha
|-damage|p1b: Sinistcha|39/100
|-unboost|p2b: Archaludon|spa|2
|-enditem|p1b: Sinistcha|Sitrus Berry|[eat]
|-heal|p1b: Sinistcha|64/100|[from] item: Sitrus Berry
|move|p2a: Swampert|Ice Punch|p1b: Sinistcha
|-supereffective|p1b: Sinistcha|1
|-damage|p1b: Sinistcha|26/100
|
|-heal|p2b: Archaludon|6/100|[from] item: Leftovers
|upkeep
|turn|2
|inactive|teyvgc has 30 seconds left.
|inactive|teyvgc has 20 seconds left.
|inactive|teyvgc has 15 seconds left.
|inactive|teyvgc has 10 seconds left.
|
|t:|1783204786
|switch|p2a: Pelipper|Pelipper, L50, F|100/100
|-weather|RainDance|[from] ability: Drizzle|[of] p2a: Pelipper
|move|p2b: Archaludon|Protect|p2b: Archaludon
|-singleturn|p2b: Archaludon|Protect
|move|p1b: Sinistcha|Rage Powder|p1b: Sinistcha
|-singleturn|p1b: Sinistcha|move: Rage Powder
|move|p1a: Staraptor|Close Combat|p2a: Pelipper
|-resisted|p2a: Pelipper|1
|-damage|p2a: Pelipper|62/100
|-boost|p1a: Staraptor|def|1
|-boost|p1a: Staraptor|spd|1
|
|-weather|RainDance|[upkeep]
|-heal|p2b: Archaludon|12/100|[from] item: Leftovers
|upkeep
|turn|3
|
|t:|1783204805
|switch|p2b: Sinistcha|Sinistcha-Masterpiece, L50|100/100
|-heal|p2a: Pelipper|87/100|[from] ability: Hospitality|[of] p2b: Sinistcha
|switch|p1b: Tyranitar|Tyranitar, L50, F|100/100
|-weather|Sandstorm|[from] ability: Sand Stream|[of] p1b: Tyranitar
|move|p1a: Staraptor|Close Combat|p2b: Sinistcha
|-immune|p2b: Sinistcha
|move|p2a: Pelipper|Tailwind|p2a: Pelipper
|-sidestart|p2: onxlaughtvgc|move: Tailwind
|
|-weather|Sandstorm|[upkeep]
|-damage|p2a: Pelipper|81/100|[from] Sandstorm
|-damage|p2b: Sinistcha|93/100|[from] Sandstorm
|-damage|p1a: Staraptor|93/100|[from] Sandstorm
|upkeep
|turn|4
|
|t:|1783204823
|switch|p2a: Archaludon|Archaludon, L50, M|12/100
|move|p2b: Sinistcha|Matcha Gotcha|p1b: Tyranitar|[spread] p1b
|-miss|p2b: Sinistcha|p1a: Staraptor
|-supereffective|p1b: Tyranitar|1
|-damage|p1b: Tyranitar|73/100
|-heal|p2b: Sinistcha|100/100|[from] drain|[of] p1b: Tyranitar
|-status|p1b: Tyranitar|brn
|move|p1a: Staraptor|Tailwind|p1a: Staraptor
|-sidestart|p1: teyvgc|move: Tailwind
|move|p1b: Tyranitar|Dragon Dance|p1b: Tyranitar
|-boost|p1b: Tyranitar|atk|1
|-boost|p1b: Tyranitar|spe|1
|
|-weather|Sandstorm|[upkeep]
|-damage|p1a: Staraptor|87/100|[from] Sandstorm
|-damage|p2b: Sinistcha|93/100|[from] Sandstorm
|-heal|p2a: Archaludon|18/100|[from] item: Leftovers
|-damage|p1b: Tyranitar|67/100 brn|[from] brn
|upkeep
|turn|5
|
|t:|1783204847
|switch|p2a: Pelipper|Pelipper, L50, F|81/100
|-weather|RainDance|[from] ability: Drizzle|[of] p2a: Pelipper
|move|p1a: Staraptor|Close Combat|p2a: Pelipper
|-resisted|p2a: Pelipper|1
|-damage|p2a: Pelipper|44/100
|-boost|p1a: Staraptor|def|1
|-boost|p1a: Staraptor|spd|1
|move|p1b: Tyranitar|Knock Off|p2b: Sinistcha
|-supereffective|p2b: Sinistcha|1
|-damage|p2b: Sinistcha|19/100
|-enditem|p2b: Sinistcha|Sitrus Berry|[from] move: Knock Off|[of] p1b: Tyranitar
|move|p2b: Sinistcha|Matcha Gotcha|p1a: Staraptor|[spread] p1a,p1b
|-resisted|p1a: Staraptor|1
|-supereffective|p1b: Tyranitar|1
|-damage|p1a: Staraptor|82/100
|-heal|p2b: Sinistcha|21/100|[from] drain|[of] p1a: Staraptor
|-damage|p1b: Tyranitar|19/100 brn
|-heal|p2b: Sinistcha|48/100|[from] drain|[of] p1b: Tyranitar
|
|-weather|RainDance|[upkeep]
|-damage|p1b: Tyranitar|13/100 brn|[from] brn
|upkeep
|turn|6
|inactive|teyvgc has 30 seconds left.
|inactive|onxlaughtvgc has 30 seconds left.
|
|t:|1783204881
|move|p1a: Staraptor|Brave Bird|p2b: Sinistcha
|-supereffective|p2b: Sinistcha|1
|-damage|p2b: Sinistcha|0 fnt
|faint|p2b: Sinistcha
|-damage|p1a: Staraptor|67/100|[from] Recoil
|move|p1b: Tyranitar|Rock Slide|p2a: Pelipper
|-supereffective|p2a: Pelipper|1
|-damage|p2a: Pelipper|0 fnt
|faint|p2a: Pelipper
|
|-weather|RainDance|[upkeep]
|-damage|p1b: Tyranitar|7/100 brn|[from] brn
|-sideend|p2: onxlaughtvgc|move: Tailwind
|upkeep
|
|t:|1783204895
|switch|p2a: Archaludon|Archaludon, L50, M|18/100
|switch|p2b: Swampert|Swampert-Mega, L50, F|100/100
|turn|7
|inactive|teyvgc has 30 seconds left.
|inactive|teyvgc has 20 seconds left.
|inactive|teyvgc has 15 seconds left.
|
|t:|1783204937
|switch|p1b: Sinistcha|Sinistcha, L50|26/100
|-heal|p1a: Staraptor|92/100|[from] ability: Hospitality|[of] p1b: Sinistcha
|move|p1a: Staraptor|Close Combat|p2a: Archaludon
|-supereffective|p2a: Archaludon|1
|-damage|p2a: Archaludon|0 fnt
|-boost|p1a: Staraptor|def|1
|-boost|p1a: Staraptor|spd|1
|faint|p2a: Archaludon
|move|p2b: Swampert|Wave Crash|p1a: Staraptor
|-damage|p1a: Staraptor|56/100
|-damage|p2b: Swampert|88/100|[from] Recoil
|
|-weather|RainDance|[upkeep]
|-sideend|p1: teyvgc|move: Tailwind
|upkeep
|turn|8
|inactive|teyvgc has 30 seconds left.
|
|t:|1783204969
|move|p2b: Swampert|Wave Crash|p1a: Staraptor
|-damage|p1a: Staraptor|18/100
|-damage|p2b: Swampert|75/100|[from] Recoil
|move|p1a: Staraptor|Close Combat|p2b: Swampert
|-damage|p2b: Swampert|23/100
|-boost|p1a: Staraptor|def|1
|-boost|p1a: Staraptor|spd|1
|move|p1b: Sinistcha|Matcha Gotcha|p2b: Swampert
|-supereffective|p2b: Swampert|2
|-damage|p2b: Swampert|0 fnt
|-heal|p1b: Sinistcha|39/100|[from] drain|[of] p2b: Swampert
|faint|p2b: Swampert
|
|win|teyvgc
|raw|teyvgc's rating: 1256 → 1280(+24 for winning)
|raw|onxlaughtvgc's rating: 1238 → 1214(-24 for losing)
