|j|☆blfuller_4
|j|☆katz0-3worlds
|html|blfuller_4katz0-3worlds    
|uhtml|bestof|Game 3 of a best-of-3
|t:|1755922005
|gametype|doubles
|player|p1|blfuller_4|101|1318
|player|p2|katz0-3worlds|265|1263
|gen|9
|tier|[Gen 9] VGC 2025 Reg H (Bo3)
|rated|
|rule|Species Clause: Limit one of each Pokémon
|rule|Item Clause: Limit 1 of each item
|clearpoke
|poke|p1|Tyranitar, L50, F|
|poke|p1|Excadrill, L50, F|
|poke|p1|Sneasler, L50, F|
|poke|p1|Indeedee, L50, M|
|poke|p1|Gholdengo, L50|
|poke|p1|Whimsicott, L50, M|
|poke|p2|Gholdengo, L50|
|poke|p2|Amoonguss, L50, F|
|poke|p2|Basculegion, L50, M|
|poke|p2|Pelipper, L50, M|
|poke|p2|Incineroar, L50, M|
|poke|p2|Archaludon, L50, F|
|teampreview|4
|showteam|p1|Tyranitar||AssaultVest|SandStream|RockSlide,TeraBlast,KnockOff,LowKick|||F|||50|,,,,,Flying]Excadrill||FocusSash|SandRush|Protect,Earthquake,HighHorsepower,IronHead|||F|||50|,,,,,Stellar]Sneasler||PsychicSeed|Unburden|ThroatChop,Protect,CloseCombat,DireClaw|||F|||50|,,,,,Dark]Indeedee||ChoiceScarf|PsychicSurge|ExpandingForce,DazzlingGleam,ShadowBall,Trick|||M|||50|,,,,,Psychic]Gholdengo||ChoiceSpecs|GoodasGold|MakeItRain,ShadowBall,Thunderbolt,PowerGem||||||50|,,,,,Steel]Whimsicott||CovertCloak|Prankster|Tailwind,Moonblast,Encore,FakeTears|||M|||50|,,,,,Dark
|showteam|p2|Gholdengo||LifeOrb|GoodasGold|MakeItRain,ShadowBall,NastyPlot,Protect||||||50|,,,,,Water]Amoonguss||SitrusBerry|Regenerator|Spore,RagePowder,PollenPuff,Protect|||F|||50|,,,,,Psychic]Basculegion||ChoiceBand|SwiftSwim|WaveCrash,FlipTurn,LastRespects,AquaJet|||M|||50|,,,,,Water]Pelipper||FocusSash|Drizzle|WeatherBall,Hurricane,Tailwind,Protect|||M|||50|,,,,,Ground]Incineroar||SafetyGoggles|Intimidate|FlareBlitz,KnockOff,PartingShot,FakeOut|||M|||50|,,,,,Ghost]Archaludon||AssaultVest|Stamina|ElectroShot,FlashCannon,DracoMeteor,BodyPress|||F|||50|,,,,,Bug
|inactive|Battle timer is ON: inactive players will automatically lose when time's up. (requested by katz0-3worlds)
|
|t:|1755922014
|teamsize|p1|4
|teamsize|p2|4
|start
|switch|p1a: Gholdengo|Gholdengo, L50|100/100
|switch|p1b: Whimsicott|Whimsicott, L50, M|100/100
|switch|p2a: Basculegion|Basculegion, L50, M|100/100
|switch|p2b: Pelipper|Pelipper, L50, M|100/100
|-weather|RainDance|[from] ability: Drizzle|[of] p2b: Pelipper
|turn|1
|j| Lonely1gone
|
|t:|1755922037
|switch|p2a: Incineroar|Incineroar, L50, M|100/100
|-ability|p2a: Incineroar|Intimidate|boost
|-unboost|p1a: Gholdengo|atk|1
|-unboost|p1b: Whimsicott|atk|1
|move|p1b: Whimsicott|Tailwind|p1b: Whimsicott
|-sidestart|p1: blfuller_4|move: Tailwind
|move|p1a: Gholdengo|Thunderbolt|p2a: Incineroar
|-damage|p2a: Incineroar|61/100
|move|p2b: Pelipper|Hurricane|p1b: Whimsicott
|-supereffective|p1b: Whimsicott
|-damage|p1b: Whimsicott|0 fnt
|faint|p1b: Whimsicott
|
|-weather|RainDance|[upkeep]
|upkeep
|
|t:|1755922050
|switch|p1b: Sneasler|Sneasler, L50, F|100/100
|turn|2
|
|t:|1755922065
|move|p2a: Incineroar|Fake Out|p1b: Sneasler
|-damage|p1b: Sneasler|83/100
|cant|p1b: Sneasler|flinch
|move|p1a: Gholdengo|Thunderbolt|p2a: Incineroar
|-damage|p2a: Incineroar|22/100
|move|p2b: Pelipper|Tailwind|p2b: Pelipper
|-sidestart|p2: katz0-3worlds|move: Tailwind
|
|-weather|RainDance|[upkeep]
|upkeep
|turn|3
|
|t:|1755922087
|-terastallize|p1a: Gholdengo|Steel
|-terastallize|p2b: Pelipper|Ground
|move|p1b: Sneasler|Dire Claw|p2b: Pelipper
|-resisted|p2b: Pelipper
|-damage|p2b: Pelipper|72/100
|-status|p2b: Pelipper|slp
|move|p1a: Gholdengo|Thunderbolt|p2b: Pelipper
|-immune|p2b: Pelipper
|cant|p2b: Pelipper|slp
|move|p2a: Incineroar|Knock Off|p1a: Gholdengo
|-damage|p1a: Gholdengo|48/100
|-enditem|p1a: Gholdengo|Choice Specs|[from] move: Knock Off|[of] p2a: Incineroar
|
|-weather|RainDance|[upkeep]
|upkeep
|turn|4
|inactive|blfuller_4 has 30 seconds left.
|
|t:|1755922124
|switch|p2b: Archaludon|Archaludon, L50, F|100/100
|move|p1b: Sneasler|Dire Claw|p2a: Incineroar
|-damage|p2a: Incineroar|0 fnt
|faint|p2a: Incineroar
|move|p1a: Gholdengo|Make It Rain|p2b: Archaludon
|-resisted|p2b: Archaludon
|-damage|p2b: Archaludon|66/100
|-unboost|p1a: Gholdengo|spa|1
|-ability|p2b: Archaludon|Stamina|boost
|-boost|p2b: Archaludon|def|1
|
|-weather|RainDance|[upkeep]
|-sideend|p1: blfuller_4|move: Tailwind
|upkeep
|
|t:|1755922127
|switch|p2a: Basculegion|Basculegion, L50, M|100/100
|turn|5
|inactive|blfuller_4 has 30 seconds left.
|inactive|blfuller_4 has 20 seconds left.
|
|t:|1755922163
|switch|p1a: Indeedee|Indeedee, L50, M|100/100
|-fieldstart|move: Psychic Terrain|[from] ability: Psychic Surge|[of] p1a: Indeedee
|-enditem|p1b: Sneasler|Psychic Seed
|-boost|p1b: Sneasler|spd|1|[from] item: Psychic Seed
|move|p2a: Basculegion|Wave Crash|p1b: Sneasler
|-damage|p1b: Sneasler|0 fnt
|faint|p1b: Sneasler
|-damage|p2a: Basculegion|78/100|[from] Recoil
|move|p2b: Archaludon|Body Press|p1a: Indeedee
|-damage|p1a: Indeedee|25/100
|
|-weather|none
|-sideend|p2: katz0-3worlds|move: Tailwind
|upkeep
|
|t:|1755922176
|switch|p1b: Gholdengo|Gholdengo, L50, tera:Steel|48/100
|turn|6
|
|t:|1755922189
|switch|p2b: Pelipper|Pelipper, L50, M, tera:Ground|72/100 slp
|-weather|RainDance|[from] ability: Drizzle|[of] p2b: Pelipper
|move|p2a: Basculegion|Wave Crash|p1a: Indeedee
|-crit|p1a: Indeedee
|-damage|p1a: Indeedee|0 fnt
|faint|p1a: Indeedee
|-damage|p2a: Basculegion|72/100|[from] Recoil
|move|p1b: Gholdengo|Make It Rain|p2a: Basculegion|[spread] p2a,p2b
|-resisted|p2a: Basculegion
|-damage|p2a: Basculegion|35/100
|-damage|p2b: Pelipper|0 fnt
|-unboost|p1b: Gholdengo|spa|1
|faint|p2b: Pelipper
|
|-weather|RainDance|[upkeep]
|upkeep
|l| Lonely1gone
|
|t:|1755922191
|switch|p2b: Archaludon|Archaludon, L50, F|66/100
|turn|7
|
|t:|1755922206
|move|p2a: Basculegion|Wave Crash|p1b: Gholdengo
|-damage|p1b: Gholdengo|0 fnt
|faint|p1b: Gholdengo
|-damage|p2a: Basculegion|21/100|[from] Recoil
|
|win|katz0-3worlds
|raw|blfuller_4's rating: 1318 → 1295(-23 for losing)
|raw|katz0-3worlds's rating: 1263 → 1292(+29 for winning)
|l|☆katz0-3worlds
|player|p2|
