|j|☆zachlobbed
|j|☆NettoFagundes
|html|zachlobbedNettoFagundes    
|uhtml|bestof|Game 1 of a best-of-3
|t:|1784484076
|gametype|doubles
|player|p1|zachlobbed|brock|1080
|player|p2|NettoFagundes|hugh|1047
|gen|9
|tier|[Gen 9 Champions] VGC 2026 Reg M-B (Bo3)
|rated|
|rule|Species Clause: Limit one of each Pokémon
|rule|Item Clause: Limit 1 of each item
|clearpoke
|poke|p1|Charizard, L50, M|
|poke|p1|Floette-Eternal, L50, F|
|poke|p1|Whimsicott, L50, F|
|poke|p1|Garchomp, L50, M|
|poke|p1|Basculegion, L50, M|
|poke|p1|Kingambit, L50, F|
|poke|p2|Swampert, L50, M|
|poke|p2|Raichu, L50, M|
|poke|p2|Archaludon, L50, M|
|poke|p2|Pelipper, L50, M|
|poke|p2|Basculegion, L50, M|
|poke|p2|Grimmsnarl, L50, M|
|teampreview|4
|showteam|p1|Charizard||CharizarditeY|Blaze|Protect,HeatWave,SolarBeam,WeatherBall|Modest||M|||50|]Floette-Eternal||Floettite|FlowerVeil|Protect,LightofRuin,Moonblast,DazzlingGleam|Timid||F|||50|]Whimsicott||FocusSash|Prankster|Protect,Tailwind,Moonblast,Encore|Timid||F|||50|]Garchomp||LifeOrb|RoughSkin|Protect,DragonClaw,Earthquake,RockSlide|Jolly||M|||50|]Basculegion||MysticWater|Adaptability|Protect,AquaJet,WaveCrash,LastRespects|Adamant||M|||50|]Kingambit||BlackGlasses|Defiant|Protect,LowKick,SuckerPunch,KowtowCleave|Adamant||F|||50|
|showteam|p2|Swampert||Swampertite|Torrent|WaveCrash,Earthquake,FlipTurn,Protect|Adamant||M|||50|]Raichu||RaichuniteY|LightningRod|FakeOut,ZapCannon,FocusBlast,Electroweb|Hasty||M|||50|]Archaludon||Leftovers|Stamina|FlashCannon,DracoMeteor,ElectroShot,Protect|Calm||M|||50|]Pelipper||FocusSash|Drizzle|Hurricane,Protect,HelpingHand,Tailwind|Bold||M|||50|]Basculegion||ChoiceScarf|Adaptability|WaveCrash,AquaJet,LastRespects,FlipTurn|Jolly||M|||50|]Grimmsnarl||LightClay|Prankster|SpiritBreak,Reflect,LightScreen,PartingShot|Careful||M|||50|
|inactive|Battle timer is ON: inactive players will automatically lose when time's up. (requested by zachlobbed)
|
|t:|1784484106
|teamsize|p1|4
|teamsize|p2|4
|start
|switch|p1a: Whimsicott|Whimsicott, L50, F|100/100
|switch|p1b: Basculegion|Basculegion, L50, M|100/100
|switch|p2a: Swampert|Swampert, L50, M|100/100
|switch|p2b: Basculegion|Basculegion, L50, M|100/100
|turn|1
|
|t:|1784484119
|detailschange|p2a: Swampert|Swampert-Mega, L50, M
|-mega|p2a: Swampert|Swampert|Swampertite
|move|p2a: Swampert|Protect|p2a: Swampert
|-singleturn|p2a: Swampert|Protect
|move|p1a: Whimsicott|Tailwind|p1a: Whimsicott
|-sidestart|p1: zachlobbed|move: Tailwind
|move|p1b: Basculegion|Wave Crash|p2a: Swampert
|-activate|p2a: Swampert|move: Protect
|move|p2b: Basculegion|Flip Turn|p1b: Basculegion
|-resisted|p1b: Basculegion|1
|-damage|p1b: Basculegion|76/100
|
|t:|1784484139
|switch|p2b: Archaludon|Archaludon, L50, M|100/100|[from] Flip Turn
|
|upkeep
|turn|2
|
|t:|1784484156
|switch|p1b: Floette|Floette-Eternal, L50, F|100/100
|switch|p2a: Pelipper|Pelipper, L50, M|100/100
|-weather|RainDance|[from] ability: Drizzle|[of] p2a: Pelipper
|move|p1a: Whimsicott|Moonblast|p2b: Archaludon
|-damage|p2b: Archaludon|63/100
|-unboost|p2b: Archaludon|spa|1
|-ability|p2b: Archaludon|Stamina|boost
|-boost|p2b: Archaludon|def|1
|move|p2b: Archaludon|Electro Shot||[still]
|-prepare|p2b: Archaludon|Electro Shot
|-boost|p2b: Archaludon|spa|1
|-anim|p2b: Archaludon|Electro Shot|p1b: Floette
|-damage|p1b: Floette|57/100
|
|-weather|RainDance|[upkeep]
|-heal|p2b: Archaludon|69/100|[from] item: Leftovers
|upkeep
|turn|3
|inactive|NettoFagundes has 30 seconds left.
|
|t:|1784484182
|detailschange|p1b: Floette|Floette-Mega, L50, F
|-mega|p1b: Floette|Floette|Floettite
|-ability|p1b: Floette|Fairy Aura
|move|p1a: Whimsicott|Moonblast|p2a: Pelipper
|-damage|p2a: Pelipper|33/100
|move|p1b: Floette|Dazzling Gleam|p2a: Pelipper|[spread] p2a,p2b
|-damage|p2a: Pelipper|0 fnt
|-damage|p2b: Archaludon|22/100
|-ability|p2b: Archaludon|Stamina|boost
|-boost|p2b: Archaludon|def|1
|faint|p2a: Pelipper
|move|p2b: Archaludon|Electro Shot||[still]
|-prepare|p2b: Archaludon|Electro Shot
|-boost|p2b: Archaludon|spa|1
|-anim|p2b: Archaludon|Electro Shot|p1b: Floette
|-damage|p1b: Floette|7/100
|
|-weather|RainDance|[upkeep]
|-heal|p2b: Archaludon|28/100|[from] item: Leftovers
|upkeep
|
|t:|1784484205
|switch|p2a: Swampert|Swampert-Mega, L50, M|100/100
|turn|4
|
|t:|1784484217
|move|p2a: Swampert|Protect|p2a: Swampert
|-singleturn|p2a: Swampert|Protect
|move|p2b: Archaludon|Protect|p2b: Archaludon
|-singleturn|p2b: Archaludon|Protect
|move|p1a: Whimsicott|Moonblast|p2a: Swampert
|-activate|p2a: Swampert|move: Protect
|move|p1b: Floette|Dazzling Gleam|p2b: Archaludon|[spread] 
|-activate|p2a: Swampert|move: Protect
|-activate|p2b: Archaludon|move: Protect
|
|-weather|RainDance|[upkeep]
|-heal|p2b: Archaludon|34/100|[from] item: Leftovers
|-sideend|p1: zachlobbed|move: Tailwind
|upkeep
|turn|5
|
|t:|1784484236
|move|p1a: Whimsicott|Tailwind|p1a: Whimsicott
|-sidestart|p1: zachlobbed|move: Tailwind
|move|p1b: Floette|Dazzling Gleam|p2a: Swampert|[spread] p2a,p2b
|-damage|p2a: Swampert|66/100
|-damage|p2b: Archaludon|0 fnt
|faint|p2b: Archaludon
|move|p2a: Swampert|Flip Turn|p1b: Floette
|-damage|p1b: Floette|0 fnt
|faint|p1b: Floette
|
|t:|1784484247
|switch|p2a: Basculegion|Basculegion, L50, M|100/100|[from] Flip Turn
|
|-weather|RainDance|[upkeep]
|upkeep
|
|t:|1784484254
|switch|p1b: Kingambit|Kingambit, L50, F|100/100
|switch|p2b: Swampert|Swampert-Mega, L50, M|66/100
|turn|6
|
|t:|1784484262
|move|p2b: Swampert|Protect|p2b: Swampert
|-singleturn|p2b: Swampert|Protect
|move|p1b: Kingambit|Sucker Punch||[still]
|-fail|p1b: Kingambit
|move|p1a: Whimsicott|Moonblast|p2b: Swampert
|-activate|p2b: Swampert|move: Protect
|move|p2a: Basculegion|Last Respects|p1a: Whimsicott
|-enditem|p1a: Whimsicott|Focus Sash
|-damage|p1a: Whimsicott|1/100
|
|-weather|none
|upkeep
|turn|7
|
|t:|1784484280
|move|p1b: Kingambit|Sucker Punch|p2a: Basculegion
|-supereffective|p2a: Basculegion|1
|-damage|p2a: Basculegion|0 fnt
|faint|p2a: Basculegion
|move|p1a: Whimsicott|Moonblast|p2b: Swampert
|-damage|p2b: Swampert|36/100
|move|p2b: Swampert|Earthquake|p1a: Whimsicott|[spread] p1a,p1b
|-resisted|p1a: Whimsicott|1
|-supereffective|p1b: Kingambit|1
|-damage|p1a: Whimsicott|0 fnt
|-damage|p1b: Kingambit|27/100
|faint|p1a: Whimsicott
|
|upkeep
|
|t:|1784484282
|switch|p1a: Basculegion|Basculegion, L50, M|76/100
|turn|8
|
|t:|1784484294
|move|p2b: Swampert|Protect|p2b: Swampert
|-singleturn|p2b: Swampert|Protect
|move|p1b: Kingambit|Sucker Punch||[still]
|-fail|p1b: Kingambit
|move|p1a: Basculegion|Wave Crash|p2b: Swampert
|-activate|p2b: Swampert|move: Protect
|
|-sideend|p1: zachlobbed|move: Tailwind
|upkeep
|turn|9
|
|t:|1784484306
|move|p1a: Basculegion|Aqua Jet|p2b: Swampert
|-damage|p2b: Swampert|6/100
|move|p1b: Kingambit|Sucker Punch|p2b: Swampert
|-damage|p2b: Swampert|0 fnt
|faint|p2b: Swampert
|
|win|zachlobbed
