|j|Ōśåcastoriceball
|j|ŌśåBillie Eiscue
|html|castoriceballBillie Eiscue    
|uhtml|bestof|Game 2 of a best-of-3
|t:|1783724769
|gametype|doubles
|player|p1|castoriceball|miku-flying|
|player|p2|Billie Eiscue|lebanne|
|gen|9
|tier|[Gen 9 Champions] VGC 2026 Reg M-B (Bo3)
|rule|Species Clause: Limit one of each Pok├®mon
|rule|Item Clause: Limit 1 of each item
|clearpoke
|poke|p1|Garchomp, L50, F|
|poke|p1|Floette-Eternal, L50, F|
|poke|p1|Talonflame, L50, F|
|poke|p1|Rotom-Wash, L50, shiny|
|poke|p1|Ceruledge, L50, M|
|poke|p1|Sneasler, L50, F|
|poke|p2|Torkoal, L50, M, shiny|
|poke|p2|Farigiraf, L50, F, shiny|
|poke|p2|Sylveon, L50, M, shiny|
|poke|p2|Kingambit, L50, M|
|poke|p2|Kangaskhan, L50, F|
|poke|p2|Basculegion, L50, M|
|teampreview|4
|showteam|p1|Garchomp||LifeOrb|RoughSkin|DragonClaw,Earthquake,RockSlide,Protect|Adamant||F|||50|]Floette-Eternal||Floettite|FlowerVeil|Moonblast,DazzlingGleam,LightofRuin,Protect|Modest||F|||50|]Talonflame||SharpBeak|GaleWings|Tailwind,DualWingbeat,QuickGuard,Protect|Jolly||F|||50|]Rotom-Wash||Magnet|Levitate|Thunderbolt,HydroPump,Electroweb,Protect|Modest|||||50|]Ceruledge||ColburBerry|FlashFire|Poltergeist,BitterBlade,ShadowSneak,Protect|Adamant||M|||50|]Sneasler||FocusSash|PoisonTouch|FakeOut,CloseCombat,DireClaw,Feint|Adamant||F|||50|
|showteam|p2|Torkoal||Charcoal|Drought|Eruption,HeatWave,WeatherBall,Protect|Quiet||M|||50|]Farigiraf||SitrusBerry|ArmorTail|HyperVoice,Psychic,TrickRoom,Protect|Relaxed||F|||50|]Sylveon||LifeOrb|Pixilate|HyperVoice,HyperBeam,QuickAttack,Protect|Quiet||M|||50|]Kingambit||OccaBerry|Defiant|KowtowCleave,SuckerPunch,LowKick,IronHead|Brave||M|||50|]Kangaskhan||Kangaskhanite|Scrappy|FakeOut,DoubleEdge,LowKick,SuckerPunch|Adamant||F|||50|]Basculegion||ChoiceScarf|Adaptability|WaveCrash,LastRespects,AquaJet,FlipTurn|Adamant||M|||50|
|j| not_a_penguin81
|c|Ōśåcastoriceball|bro Washtom and ceru are such good offmeta picks
|c| not_a_penguin81|ceruledge lwk fucks everything
|c|Ōśåcastoriceball|it's so good
|c|Ōśåcastoriceball|sometimes I wish I had kasib and colbur,
|c|Ōśåcastoriceball|but that'd just be tera dark
|c|ŌśåBillie Eiscue|lost to a low roll
|c|ŌśåBillie Eiscue|rip
|c|Ōśåcastoriceball|rip
|
|t:|1783725011
|teamsize|p1|4
|teamsize|p2|4
|start
|switch|p1a: Snoobler|Sneasler, L50, F|100/100
|switch|p1b: $70 flutter|Floette-Eternal, L50, F|100/100
|switch|p2a: fishing with you|Basculegion, L50, M|100/100
|switch|p2b: Jumpsuit|Farigiraf, L50, F, shiny|100/100
|turn|1
|c| not_a_penguin81|give us tera back smh
|
|t:|1783725022
|detailschange|p1b: $70 flutter|Floette-Mega, L50, F
|-mega|p1b: $70 flutter|Floette|Floettite
|-ability|p1b: $70 flutter|Fairy Aura
|move|p2a: fishing with you|Flip Turn|p1a: Snoobler
|-damage|p1a: Snoobler|31/100
|c|Ōśåcastoriceball|haha read
|
|t:|1783725031
|switch|p2a: Space Girl|Sylveon, L50, M, shiny|100/100|[from] Flip Turn
|move|p1a: Snoobler|Dire Claw|p2b: Jumpsuit
|-damage|p2b: Jumpsuit|65/100
|-status|p2b: Jumpsuit|psn
|move|p1b: $70 flutter|Light of Ruin|p2a: Space Girl|[miss]
|-miss|p1b: $70 flutter|p2a: Space Girl
|move|p2b: Jumpsuit|Trick Room|p2b: Jumpsuit
|-fieldstart|move: Trick Room|[of] p2b: Jumpsuit
|
|-damage|p2b: Jumpsuit|52/100 psn|[from] psn
|upkeep
|turn|2
|c|Ōśåcastoriceball|fuck
|c|ŌśåBillie Eiscue|L
|
|t:|1783725046
|switch|p1a: Swords4Hands|Ceruledge, L50, M|100/100
|move|p2a: Space Girl|Hyper Voice|p1b: $70 flutter|[spread] p1a,p1b
|-resisted|p1a: Swords4Hands|1
|-damage|p1a: Swords4Hands|65/100
|-damage|p1b: $70 flutter|42/100
|-damage|p2a: Space Girl|90/100|[from] item: Life Orb
|move|p2b: Jumpsuit|Psychic|p1b: $70 flutter
|-damage|p1b: $70 flutter|17/100
|move|p1b: $70 flutter|Dazzling Gleam|p2a: Space Girl|[spread] p2a,p2b
|-damage|p2a: Space Girl|55/100
|-damage|p2b: Jumpsuit|7/100 psn
|-enditem|p2b: Jumpsuit|Sitrus Berry|[eat]
|-heal|p2b: Jumpsuit|32/100 psn|[from] item: Sitrus Berry
|
|-damage|p2b: Jumpsuit|20/100y psn|[from] psn
|upkeep
|turn|3
|c|ŌśåBillie Eiscue|L
|c|ŌśåBillie Eiscue|L
|c|ŌśåBillie Eiscue|L
|c|ŌśåBillie Eiscue|L
|c|ŌśåBillie Eiscue|L
|c|ŌśåBillie Eiscue|L
|c|Ōśåcastoriceball|I eat
|c|Ōśåcastoriceball|haha
|c|Ōśåcastoriceball|I'm kinda homeless I needed that
|
|t:|1783725069
|switch|p1b: Snoobler|Sneasler, L50, F|31/100
|move|p2b: Jumpsuit|Psychic|p1b: Snoobler
|-supereffective|p1b: Snoobler|2
|-damage|p1b: Snoobler|0 fnt
|faint|p1b: Snoobler
|move|p2a: Space Girl|Hyper Beam|p1a: Swords4Hands|[miss]
|-miss|p2a: Space Girl|p1a: Swords4Hands
|move|p1a: Swords4Hands|Bitter Blade|p2a: Space Girl
|-damage|p2a: Space Girl|1/100
|-heal|p1a: Swords4Hands|96/100|[from] drain|[of] p2a: Space Girl
|
|-damage|p2b: Jumpsuit|7/100 psn|[from] psn
|upkeep
|c|Ōśåcastoriceball|haha
|c|Ōśåcastoriceball|haha
|c|ŌśåBillie Eiscue|!track guns for hands
|c| Billie Eiscue|/raw Twenty One Pilots - Guns for HandsTwenty One Pilots - Guns for Hands[powered by AudioScrobbler]
|c| not_a_penguin81|LMFAO
|c|Ōśåcastoriceball|I lived probably btw
|c|Ōśåcastoriceball|wait you can play music
|c|Ōśåcastoriceball|on sd
|
|t:|1783725092
|switch|p1b: Laundry List|Rotom-Wash, L50, shiny|100/100
|turn|4
|
|t:|1783725100
|move|p1a: Swords4Hands|Protect|p1a: Swords4Hands
|-singleturn|p1a: Swords4Hands|Protect
|move|p1b: Laundry List|Protect|p1b: Laundry List
|-singleturn|p1b: Laundry List|Protect
|move|p2a: Space Girl|Hyper Beam|p1a: Swords4Hands
|-activate|p1a: Swords4Hands|move: Protect
|move|p2b: Jumpsuit|Psychic|p1a: Swords4Hands
|-activate|p1a: Swords4Hands|move: Protect
|
|-damage|p2b: Jumpsuit|0 fnt|[from] psn
|faint|p2b: Jumpsuit
|upkeep
|
|t:|1783725107
|switch|p2b: Porcelain|Kingambit, L50, M|100/100
|turn|5
|
|t:|1783725117
|move|p2a: Space Girl|Protect|p2a: Space Girl
|-singleturn|p2a: Space Girl|Protect
|move|p1a: Swords4Hands|Shadow Sneak|p2a: Space Girl
|-activate|p2a: Space Girl|move: Protect
|move|p2b: Porcelain|Kowtow Cleave|p1a: Swords4Hands
|-supereffective|p1a: Swords4Hands|1
|-enditem|p1a: Swords4Hands|Colbur Berry|[eat]
|-enditem|p1a: Swords4Hands|Colbur Berry|[weaken]
|-damage|p1a: Swords4Hands|37/100
|move|p1b: Laundry List|Thunderbolt|p2b: Porcelain
|-damage|p2b: Porcelain|46/100
|-status|p2b: Porcelain|par
|
|-fieldend|move: Trick Room
|upkeep
|turn|6
|c|Ōśåcastoriceball|I love my colbur berry
|
|t:|1783725147
|move|p1a: Swords4Hands|Shadow Sneak|p2a: Space Girl
|-damage|p2a: Space Girl|0 fnt
|faint|p2a: Space Girl
|move|p2b: Porcelain|Sucker Punch||[still]
|-fail|p2b: Porcelain
|move|p1b: Laundry List|Thunderbolt|p2b: Porcelain
|-damage|p2b: Porcelain|1/100 par
|
|upkeep
|
|t:|1783725150
|switch|p2a: fishing with you|Basculegion, L50, M|100/100
|turn|7
|
|t:|1783725160
|move|p1a: Swords4Hands|Shadow Sneak|p2b: Porcelain
|-resisted|p2b: Porcelain|1
|-damage|p2b: Porcelain|0 fnt
|faint|p2b: Porcelain
|move|p2a: fishing with you|Last Respects|p1a: Swords4Hands
|-supereffective|p1a: Swords4Hands|1
|-damage|p1a: Swords4Hands|0 fnt
|faint|p1a: Swords4Hands
|move|p1b: Laundry List|Thunderbolt|p2a: fishing with you
|-supereffective|p2a: fishing with you|1
|-damage|p2a: fishing with you|0 fnt
|faint|p2a: fishing with you
|
|win|castoriceball
