|j|☆JuanGuerrero09
|j|☆WHERE IS MY WALLET
|html|JuanGuerrero09WHERE IS MY WALLET    
|uhtml|bestof|Game 1 of a best-of-3
|t:|1756799498
|gametype|doubles
|player|p1|JuanGuerrero09|102|1119
|player|p2|WHERE IS MY WALLET|miku-fire|1202
|gen|9
|tier|[Gen 9] VGC 2025 Reg H (Bo3)
|rated|
|rule|Species Clause: Limit one of each Pokémon
|rule|Item Clause: Limit 1 of each item
|clearpoke
|poke|p1|Excadrill, L50, F|
|poke|p1|Tyranitar, L50, M|
|poke|p1|Sneasler, L50, F|
|poke|p1|Indeedee, L50, M|
|poke|p1|Corviknight, L50, M|
|poke|p1|Annihilape, L50, F|
|poke|p2|Pelipper, L50, M|
|poke|p2|Kingdra, L50, M|
|poke|p2|Electabuzz, L50, M|
|poke|p2|Kingambit, L50, F|
|poke|p2|Rillaboom, L50, M|
|poke|p2|Archaludon, L50, M|
|teampreview|4
|showteam|p1|Excadrill||FocusSash|SandRush|IronHead,HighHorsepower,Earthquake,Protect|||F|||50|,,,,,Stellar]Tyranitar||AssaultVest|SandStream|KnockOff,RockSlide,TeraBlast,LowKick|||M|||50|,,,,,Flying]Sneasler||PsychicSeed|Unburden|DireClaw,CloseCombat,ThroatChop,Protect|||F|||50|,,,,,Dark]Indeedee||ChoiceScarf|PsychicSurge|ExpandingForce,TeraBlast,Protect,Trick|||M|||50|,,,,,Psychic]Corviknight||CovertCloak|MirrorArmor|BraveBird,Roost,Tailwind,Taunt|||M|||50|,,,,,Fire]Annihilape||SafetyGoggles|Defiant|RageFist,CloseCombat,Protect,DrainPunch|||F|||50|,,,,,Water
|showteam|p2|Pelipper||FocusSash|Drizzle|WeatherBall,Hurricane,Tailwind,Protect|||M|||50|,,,,,Ghost]Kingdra||LifeOrb|SwiftSwim|WeatherBall,MuddyWater,DracoMeteor,Protect|||M|||50|,,,,,Stellar]Electabuzz||Eviolite|VitalSpirit|Electroweb,FollowMe,Taunt,Protect|||M|||50|,,,,,Ghost]Kingambit||BlackGlasses|Defiant|KowtowCleave,SuckerPunch,SwordsDance,Protect|||F|||50|,,,,,Dark]Rillaboom||LoadedDice|GrassySurge|FakeOut,BulletSeed,GrassyGlide,HighHorsepower|||M|||50|,,,,,Fire]Archaludon||AssaultVest|Stamina|ElectroShot,DragonPulse,FlashCannon,BodyPress|||M|||50|,,,,,Fairy
|
|t:|1756799560
|teamsize|p1|4
|teamsize|p2|4
|start
|switch|p1a: Tyranitar|Tyranitar, L50, M|100/100
|switch|p1b: Excadrill|Excadrill, L50, F, shiny|100/100
|switch|p2a: Duramente|Kingdra, L50, M|100/100
|switch|p2b: Electric bill|Electabuzz, L50, M, shiny|100/100
|-weather|Sandstorm|[from] ability: Sand Stream|[of] p1a: Tyranitar
|turn|1
|inactive|Battle timer is ON: inactive players will automatically lose when time's up. (requested by WHERE IS MY WALLET)
|
|t:|1756799594
|switch|p2b: Duct tape|Pelipper, L50, M|100/100
|-weather|RainDance|[from] ability: Drizzle|[of] p2b: Duct tape
|-terastallize|p1a: Tyranitar|Flying
|move|p2a: Duramente|Muddy Water|p1a: Tyranitar|[spread] p1a,p1b
|-supereffective|p1b: Excadrill
|-damage|p1a: Tyranitar|65/100
|-enditem|p1b: Excadrill|Focus Sash
|-damage|p1b: Excadrill|1/100
|-unboost|p1a: Tyranitar|accuracy|1
|-damage|p2a: Duramente|91/100|[from] item: Life Orb
|move|p1b: Excadrill|Earthquake|p2b: Duct tape|[spread] p2a
|-immune|p1a: Tyranitar
|-immune|p2b: Duct tape
|-damage|p2a: Duramente|38/100
|move|p1a: Tyranitar|Knock Off|p2b: Duct tape|[miss]
|-miss|p1a: Tyranitar|p2b: Duct tape
|
|-weather|RainDance|[upkeep]
|upkeep
|turn|2
|inactive|JuanGuerrero09 has 30 seconds left.
|inactive|JuanGuerrero09 has 20 seconds left.
|inactive|JuanGuerrero09 has 15 seconds left.
|
|t:|1756799635
|move|p1b: Excadrill|Protect|p1b: Excadrill
|-singleturn|p1b: Excadrill|Protect
|move|p2a: Duramente|Muddy Water|p1a: Tyranitar|[spread] p1a
|-activate|p1b: Excadrill|move: Protect
|-damage|p1a: Tyranitar|29/100
|-unboost|p1a: Tyranitar|accuracy|1
|-damage|p2a: Duramente|28/100|[from] item: Life Orb
|move|p2b: Duct tape|Weather Ball|p1a: Tyranitar
|-damage|p1a: Tyranitar|0 fnt
|faint|p1a: Tyranitar
|
|-weather|RainDance|[upkeep]
|upkeep
|
|t:|1756799648
|switch|p1a: Indeedee|Indeedee, L50, M, shiny|100/100
|-fieldstart|move: Psychic Terrain|[from] ability: Psychic Surge|[of] p1a: Indeedee
|turn|3
|
|t:|1756799657
|move|p2a: Duramente|Muddy Water|p1a: Indeedee|[spread] p1a,p1b
|-supereffective|p1b: Excadrill
|-damage|p1a: Indeedee|13/100
|-damage|p1b: Excadrill|0 fnt
|faint|p1b: Excadrill
|-damage|p2a: Duramente|18/100|[from] item: Life Orb
|move|p1a: Indeedee|Expanding Force|p2a: Duramente|[spread] p2a,p2b
|-crit|p2b: Duct tape
|-damage|p2a: Duramente|0 fnt
|-enditem|p2b: Duct tape|Focus Sash
|-damage|p2b: Duct tape|1/100
|faint|p2a: Duramente
|move|p2b: Duct tape|Tailwind|p2b: Duct tape
|-sidestart|p2: WHERE IS MY WALLET|move: Tailwind
|
|-weather|RainDance|[upkeep]
|upkeep
|
|t:|1756799671
|switch|p1b: Sneasler|Sneasler, L50, F, shiny|100/100
|switch|p2a: JUSTICE|Archaludon, L50, M|100/100
|-enditem|p1b: Sneasler|Psychic Seed
|-boost|p1b: Sneasler|spd|1|[from] item: Psychic Seed
|turn|4
|
|t:|1756799686
|-terastallize|p2a: JUSTICE|Fairy
|move|p1b: Sneasler|Close Combat|p2a: JUSTICE
|-resisted|p2a: JUSTICE
|-damage|p2a: JUSTICE|78/100
|-unboost|p1b: Sneasler|def|1
|-unboost|p1b: Sneasler|spd|1
|-ability|p2a: JUSTICE|Stamina|boost
|-boost|p2a: JUSTICE|def|1
|move|p1a: Indeedee|Expanding Force|p2a: JUSTICE|[spread] p2a,p2b
|-damage|p2a: JUSTICE|38/100
|-damage|p2b: Duct tape|0 fnt
|-ability|p2a: JUSTICE|Stamina|boost
|-boost|p2a: JUSTICE|def|1
|faint|p2b: Duct tape
|move|p2a: JUSTICE|Electro Shot||[still]
|-prepare|p2a: JUSTICE|Electro Shot
|-boost|p2a: JUSTICE|spa|1
|-anim|p2a: JUSTICE|Electro Shot|p1a: Indeedee
|-damage|p1a: Indeedee|0 fnt
|faint|p1a: Indeedee
|
|-weather|RainDance|[upkeep]
|upkeep
|
|t:|1756799691
|switch|p2b: Electric bill|Electabuzz, L50, M, shiny|100/100
|turn|5
|
|t:|1756799716
|move|p2b: Electric bill|Follow Me|p2b: Electric bill
|-singleturn|p2b: Electric bill|move: Follow Me
|move|p1b: Sneasler|Dire Claw|p2b: Electric bill
|-damage|p2b: Electric bill|53/100
|move|p2a: JUSTICE|Electro Shot||[still]
|-prepare|p2a: JUSTICE|Electro Shot
|-boost|p2a: JUSTICE|spa|1
|-anim|p2a: JUSTICE|Electro Shot|p1b: Sneasler
|-damage|p1b: Sneasler|0 fnt
|faint|p1b: Sneasler
|
|win|WHERE IS MY WALLET
