|j|☆Snowball_seer
|j|☆reginalda2nd
|html|Snowball_seerreginalda2nd    
|uhtml|bestof|Game 1 of a best-of-3
|t:|1784376227
|gametype|doubles
|player|p1|Snowball_seer|allister-masters|
|player|p2|reginalda2nd|drayden|
|gen|9
|tier|[Gen 9 Champions] VGC 2026 Reg M-B (Bo3)
|rule|Species Clause: Limit one of each Pokémon
|rule|Item Clause: Limit 1 of each item
|clearpoke
|poke|p1|Kommo-o, L50, M|
|poke|p1|Tinkaton, L50, F|
|poke|p1|Froslass, L50, F, shiny|
|poke|p1|Dragonite, L50, F|
|poke|p1|Raichu-Alola, L50, F|
|poke|p1|Clefable, L50, F|
|poke|p2|Charizard, L50, F|
|poke|p2|Farigiraf, L50, F|
|poke|p2|Aerodactyl, L50, M|
|poke|p2|Venusaur, L50, M|
|poke|p2|Sneasler, L50, F|
|poke|p2|Samurott-Hisui, L50, M|
|teampreview|4
|showteam|p1|Kommo-o||Leftovers|Overcoat|Protect,ClangingScales,AuraSphere,ClangorousSoul|Modest||M|||50|]Tinkaton||OccaBerry|MoldBreaker|GigatonHammer,HelpingHand,Feint,FakeOut|Adamant||F|||50|]Froslass||Froslassite|SnowCloak|Protect,Blizzard,ShadowBall,AuroraVeil|Modest||F|||50|]Dragonite||LifeOrb|InnerFocus|Protect,DragonClaw,ExtremeSpeed,Tailwind|Adamant||F|||50|]Raichu-Alola||FocusSash|SurgeSurfer|FakeOut,Electroweb,VoltSwitch,Protect|Timid||F|||50|]Clefable||Clefablite|CuteCharm|Protect,Moonblast,LifeDew,FollowMe|Relaxed||F|||50|
|showteam|p2|Charizard||CharizarditeY|SolarPower|HeatWave,AirSlash,Protect,WillOWisp|Modest||F|||50|]Farigiraf||SitrusBerry|ArmorTail|HyperVoice,HelpingHand,Psychic,BatonPass|Quiet||F|||50|]Aerodactyl||FocusSash|RockHead|Tailwind,RockSlide,Taunt,DualWingbeat|Jolly||M|||50|]Venusaur||Leftovers|Chlorophyll|SludgeBomb,EarthPower,WeatherBall,SleepPowder|Modest||M|||50|]Sneasler||LifeOrb|PoisonTouch|RockSlide,FakeOut,Protect,DireClaw|Jolly||F|||50|]Samurott-Hisui||MysticWater|Sharpness|SacredSword,SuckerPunch,Protect,AquaCutter|Adamant||M|||50|
|c|☆Snowball_seer|glhf
|c|☆reginalda2nd|glhf!!
|
|t:|1784376284
|teamsize|p1|4
|teamsize|p2|4
|start
|switch|p1a: Tinkaton|Tinkaton, L50, F|100/100
|switch|p1b: Kommo-o|Kommo-o, L50, M|100/100
|switch|p2a: Farigiraf|Farigiraf, L50, F|100/100
|switch|p2b: Aerodactyl|Aerodactyl, L50, M|100/100
|-ability|p1a: Tinkaton|Mold Breaker
|turn|1
|inactive|Battle timer is ON: inactive players will automatically lose when time's up. (requested by Snowball_seer)
|
|t:|1784376316
|move|p1a: Tinkaton|Fake Out|p2b: Aerodactyl
|-resisted|p2b: Aerodactyl|1
|-damage|p2b: Aerodactyl|92/100
|cant|p2b: Aerodactyl|flinch
|move|p1b: Kommo-o|Clangorous Soul|p1b: Kommo-o
|-boost|p1b: Kommo-o|atk|1
|-boost|p1b: Kommo-o|def|1
|-boost|p1b: Kommo-o|spa|1
|-boost|p1b: Kommo-o|spd|1
|-boost|p1b: Kommo-o|spe|1
|-damage|p1b: Kommo-o|67/100
|move|p2a: Farigiraf|Psychic|p1b: Kommo-o
|-supereffective|p1b: Kommo-o|1
|-damage|p1b: Kommo-o|3/100
|
|-heal|p1b: Kommo-o|9/100|[from] item: Leftovers
|upkeep
|turn|2
|inactive|Snowball_seer has 30 seconds left.
|
|t:|1784376350
|move|p1a: Tinkaton|Helping Hand|p1b: Kommo-o
|-singleturn|p1b: Kommo-o|Helping Hand|[of] p1a: Tinkaton
|move|p1b: Kommo-o|Clanging Scales|p2a: Farigiraf|[spread] p2a,p2b
|-damage|p2a: Farigiraf|8/100
|-damage|p2b: Aerodactyl|0 fnt
|-enditem|p2a: Farigiraf|Sitrus Berry|[eat]
|-heal|p2a: Farigiraf|33/100|[from] item: Sitrus Berry
|faint|p2b: Aerodactyl
|-unboost|p1b: Kommo-o|def|1
|move|p2a: Farigiraf|Hyper Voice|p1a: Tinkaton|[spread] p1a,p1b
|-resisted|p1a: Tinkaton|1
|-damage|p1a: Tinkaton|85/100
|-damage|p1b: Kommo-o|0 fnt
|faint|p1b: Kommo-o
|
|upkeep
|inactive|Snowball_seer has 30 seconds left.
|
|t:|1784376376
|switch|p2b: Charizard|Charizard, L50, F|100/100
|switch|p1b: Clefable|Clefable, L50, F|100/100
|turn|3
|inactive|reginalda2nd has 30 seconds left.
|inactive|reginalda2nd has 20 seconds left.
|
|t:|1784376419
|detailschange|p2b: Charizard|Charizard-Mega-Y, L50, F
|-mega|p2b: Charizard|Charizard|Charizardite Y
|-weather|SunnyDay|[from] ability: Drought|[of] p2b: Charizard
|move|p2a: Farigiraf|Helping Hand|p2b: Charizard
|-singleturn|p2b: Charizard|Helping Hand|[of] p2a: Farigiraf
|move|p2b: Charizard|Heat Wave|p1a: Tinkaton|[spread] p1a,p1b
|-supereffective|p1a: Tinkaton|1
|-enditem|p1a: Tinkaton|Occa Berry|[eat]
|-enditem|p1a: Tinkaton|Occa Berry|[weaken]
|-damage|p1a: Tinkaton|0 fnt
|-damage|p1b: Clefable|7/100
|faint|p1a: Tinkaton
|move|p1b: Clefable|Moonblast|p2b: Charizard
|-resisted|p2b: Charizard|1
|-damage|p2b: Charizard|84/100
|
|-weather|SunnyDay|[upkeep]
|upkeep
|
|t:|1784376425
|switch|p1a: Froslass|Froslass, L50, F, shiny|100/100
|turn|4
|inactive|Snowball_seer has 30 seconds left.
|inactive|Snowball_seer has 20 seconds left.
|
|t:|1784376462
|detailschange|p1a: Froslass|Froslass-Mega, L50, F, shiny
|-mega|p1a: Froslass|Froslass|Froslassite
|-weather|Snowscape|[from] ability: Snow Warning|[of] p1a: Froslass
|move|p2a: Farigiraf|Helping Hand|p2b: Charizard
|-singleturn|p2b: Charizard|Helping Hand|[of] p2a: Farigiraf
|move|p1a: Froslass|Blizzard|p2b: Charizard|[spread] p2a,p2b
|-damage|p2a: Farigiraf|0 fnt
|-damage|p2b: Charizard|38/100
|faint|p2a: Farigiraf
|move|p2b: Charizard|Heat Wave|p1a: Froslass|[spread] p1b
|-miss|p2b: Charizard|p1a: Froslass
|-damage|p1b: Clefable|0 fnt
|faint|p1b: Clefable
|
|-weather|Snowscape|[upkeep]
|upkeep
|
|t:|1784376474
|switch|p2a: Sneasler|Sneasler, L50, F|100/100
|turn|5
|
|t:|1784376478
|move|p2a: Sneasler|Rock Slide|p1a: Froslass
|-supereffective|p1a: Froslass|1
|-damage|p1a: Froslass|39/100
|-damage|p2a: Sneasler|90/100|[from] item: Life Orb
|move|p1a: Froslass|Blizzard|p2a: Sneasler|[spread] p2a,p2b
|-damage|p2a: Sneasler|36/100
|-damage|p2b: Charizard|0 fnt
|faint|p2b: Charizard
|
|-weather|Snowscape|[upkeep]
|upkeep
|turn|6
|
|t:|1784376487
|move|p2a: Sneasler|Rock Slide|p1a: Froslass
|-supereffective|p1a: Froslass|1
|-damage|p1a: Froslass|0 fnt
|faint|p1a: Froslass
|-damage|p2a: Sneasler|27/100|[from] item: Life Orb
|
|win|reginalda2nd
||Snowball_seer is ready for game 2.
||reginalda2nd is ready for game 2.
|uhtml|next|Next: Game 2 of 3
|l|☆Snowball_seer
|player|p1|
