|j|☆davidxrt
|j|☆lukashz
|html|davidxrtlukashz    
|uhtml|bestof|Game 1 of a best-of-3
|t:|1783816697
|gametype|doubles
|player|p1|davidxrt|hilbert-wonderlauncher|1209
|player|p2|lukashz|elesa|1437
|gen|9
|tier|[Gen 9 Champions] VGC 2026 Reg M-B (Bo3)
|rated|
|rule|Species Clause: Limit one of each Pokémon
|rule|Item Clause: Limit 1 of each item
|clearpoke
|poke|p1|Gengar, L50, F|
|poke|p1|Pelipper, L50, M|
|poke|p1|Archaludon, L50, F|
|poke|p1|Basculegion, L50, M|
|poke|p1|Floette-Eternal, L50, F|
|poke|p1|Klefki, L50, F|
|poke|p2|Chandelure, L50, F|
|poke|p2|Kangaskhan, L50, F|
|poke|p2|Sylveon, L50, M|
|poke|p2|Tyranitar, L50, F|
|poke|p2|Rotom-Wash, L50|
|poke|p2|Venusaur, L50, M|
|teampreview|4
|showteam|p1|Gengar||Gengarite|CursedBody|Protect,Taunt,Thunder,SludgeWave|Modest||F|||50|]Pelipper||SitrusBerry|Drizzle|Protect,Tailwind,WeatherBall,Hurricane|Modest||M|||50|]Archaludon||QuickClaw|Stamina|Protect,ElectroShot,DracoMeteor,FlashCannon|Modest||F|||50|]Basculegion||LifeOrb|SwiftSwim|AquaJet,FlipTurn,WaveCrash,LastRespects|Adamant||M|||50|]Floette-Eternal||Floettite|FlowerVeil|Protect,DazzlingGleam,Moonblast,LightofRuin|Modest||F|||50|]Klefki||LightClay|Prankster|Reflect,LightScreen,RainDance,Psyshock|Bold||F|||50|
|showteam|p2|Chandelure||FocusSash|FlashFire|HeatWave,ShadowBall,TrickRoom,Taunt|Quiet||F|||50|]Kangaskhan||Kangaskhanite|InnerFocus|FakeOut,DoubleEdge,SuckerPunch,HammerArm|Brave||F|||50|]Sylveon||FairyFeather|Pixilate|HyperVoice,Protect,HyperBeam,HelpingHand|Quiet||M|||50|]Tyranitar||LifeOrb|SandStream|LowKick,RockSlide,Protect,KnockOff|Brave||F|||50|]Rotom-Wash||SitrusBerry|Levitate|ThunderWave,VoltSwitch,HydroPump,Protect|Calm|||||50|]Venusaur||Venusaurite|Chlorophyll|EarthPower,SludgeBomb,GigaDrain,Protect|Modest||M|||50|
|inactive|Battle timer is ON: inactive players will automatically lose when time's up. (requested by davidxrt)
|inactive|davidxrt has 60 seconds left.
|inactive|lukashz has 60 seconds left.
|
|t:|1783816738
|teamsize|p1|4
|teamsize|p2|4
|start
|switch|p1a: Klefki|Klefki, L50, F|100/100
|switch|p1b: Archaludon|Archaludon, L50, F|100/100
|switch|p2a: Rotom|Rotom-Wash, L50|100/100
|switch|p2b: Venusaur|Venusaur, L50, M|100/100
|turn|1
|inactive|lukashz has 30 seconds left.
|
|t:|1783816764
|detailschange|p2b: Venusaur|Venusaur-Mega, L50, M
|-mega|p2b: Venusaur|Venusaur|Venusaurite
|move|p1a: Klefki|Light Screen|p1a: Klefki
|-sidestart|p1: davidxrt|move: Light Screen
|move|p2b: Venusaur|Earth Power|p1b: Archaludon
|-supereffective|p1b: Archaludon|1
|-damage|p1b: Archaludon|63/100
|-ability|p1b: Archaludon|Stamina|boost
|-boost|p1b: Archaludon|def|1
|move|p2a: Rotom|Volt Switch|p1a: Klefki
|-damage|p1a: Klefki|81/100
|
|t:|1783816777
|switch|p2a: Tyranitar|Tyranitar, L50, F|100/100|[from] Volt Switch
|-weather|Sandstorm|[from] ability: Sand Stream|[of] p2a: Tyranitar
|move|p1b: Archaludon|Flash Cannon|p2b: Venusaur
|-damage|p2b: Venusaur|69/100
|
|-weather|Sandstorm|[upkeep]
|-damage|p2b: Venusaur|63/100|[from] Sandstorm
|upkeep
|turn|2
|
|t:|1783816791
|switch|p2a: Rotom|Rotom-Wash, L50|100/100
|move|p1a: Klefki|Rain Dance|p1a: Klefki
|-weather|RainDance
|move|p2b: Venusaur|Earth Power|p1b: Archaludon
|-supereffective|p1b: Archaludon|1
|-damage|p1b: Archaludon|28/100
|-ability|p1b: Archaludon|Stamina|boost
|-boost|p1b: Archaludon|def|1
|move|p1b: Archaludon|Electro Shot||[still]
|-prepare|p1b: Archaludon|Electro Shot
|-boost|p1b: Archaludon|spa|1
|-anim|p1b: Archaludon|Electro Shot|p2b: Venusaur
|-resisted|p2b: Venusaur|1
|-damage|p2b: Venusaur|39/100
|
|-weather|RainDance|[upkeep]
|upkeep
|turn|3
|
|t:|1783816816
|move|p1b: Archaludon|Protect|p1b: Archaludon
|-singleturn|p1b: Archaludon|Protect
|move|p2b: Venusaur|Earth Power|p1b: Archaludon
|-activate|p1b: Archaludon|move: Protect
|move|p2a: Rotom|Hydro Pump|p1a: Klefki|[miss]
|-miss|p2a: Rotom|p1a: Klefki
|move|p1a: Klefki|Psyshock|p2b: Venusaur
|-supereffective|p2b: Venusaur|1
|-damage|p2b: Venusaur|13/100
|
|-weather|RainDance|[upkeep]
|upkeep
|turn|4
|
|t:|1783816831
|move|p1b: Archaludon|Protect||[still]
|-fail|p1b: Archaludon
|move|p2b: Venusaur|Earth Power|p1b: Archaludon
|-supereffective|p1b: Archaludon|1
|-damage|p1b: Archaludon|0 fnt
|faint|p1b: Archaludon
|move|p2a: Rotom|Volt Switch|p1a: Klefki
|-damage|p1a: Klefki|63/100
|
|t:|1783816840
|switch|p2a: Sylveon|Sylveon, L50, M|100/100|[from] Volt Switch
|move|p1a: Klefki|Psyshock|p2b: Venusaur
|-supereffective|p2b: Venusaur|1
|-damage|p2b: Venusaur|0 fnt
|faint|p2b: Venusaur
|
|-weather|RainDance|[upkeep]
|upkeep
|inactive|davidxrt has 30 seconds left.
|
|t:|1783816870
|switch|p2b: Rotom|Rotom-Wash, L50|100/100
|switch|p1b: Basculegion|Basculegion, L50, M|100/100
|turn|5
|inactive|lukashz has 30 seconds left.
|inactive|lukashz has 20 seconds left.
|
|t:|1783816909
|move|p2a: Sylveon|Protect|p2a: Sylveon
|-singleturn|p2a: Sylveon|Protect
|move|p1b: Basculegion|Last Respects|p2b: Rotom
|-damage|p2b: Rotom|30/100
|-enditem|p2b: Rotom|Sitrus Berry|[eat]
|-heal|p2b: Rotom|55/100|[from] item: Sitrus Berry
|-damage|p1b: Basculegion|90/100|[from] item: Life Orb
|move|p2b: Rotom|Volt Switch|p1b: Basculegion
|-supereffective|p1b: Basculegion|1
|-damage|p1b: Basculegion|55/100
|
|t:|1783816920
|switch|p2b: Tyranitar|Tyranitar, L50, F|100/100|[from] Volt Switch
|-weather|Sandstorm|[from] ability: Sand Stream|[of] p2b: Tyranitar
|move|p1a: Klefki|Psyshock|p2a: Sylveon
|-activate|p2a: Sylveon|move: Protect
|
|-weather|Sandstorm|[upkeep]
|-damage|p1b: Basculegion|49/100|[from] Sandstorm
|-damage|p2a: Sylveon|94/100|[from] Sandstorm
|upkeep
|turn|6
|inactive|davidxrt has 30 seconds left.
|
|t:|1783816955
|move|p1a: Klefki|Rain Dance|p1a: Klefki
|-weather|RainDance
|move|p1b: Basculegion|Wave Crash|p2b: Tyranitar
|-supereffective|p2b: Tyranitar|1
|-damage|p2b: Tyranitar|0 fnt
|faint|p2b: Tyranitar
|-damage|p1b: Basculegion|17/100|[from] Recoil
|-damage|p1b: Basculegion|7/100|[from] item: Life Orb
|move|p2a: Sylveon|Hyper Voice|p1a: Klefki|[spread] p1a,p1b
|-resisted|p1a: Klefki|1
|-damage|p1a: Klefki|46/100
|-damage|p1b: Basculegion|0 fnt
|faint|p1b: Basculegion
|
|-weather|RainDance|[upkeep]
|upkeep
|
|t:|1783816965
|switch|p1b: Floette|Floette-Eternal, L50, F|100/100
|switch|p2b: Rotom|Rotom-Wash, L50|55/100
|turn|7
|
|t:|1783816975
|detailschange|p1b: Floette|Floette-Mega, L50, F
|-mega|p1b: Floette|Floette|Floettite
|-ability|p1b: Floette|Fairy Aura
|move|p1b: Floette|Light of Ruin|p2a: Sylveon
|-damage|p2a: Sylveon|19/100
|-damage|p1b: Floette|58/100|[from] Recoil
|move|p2b: Rotom|Thunder Wave|p1b: Floette
|-status|p1b: Floette|par
|move|p1a: Klefki|Psyshock|p2b: Rotom
|-damage|p2b: Rotom|38/100
|move|p2a: Sylveon|Hyper Voice|p1a: Klefki|[spread] p1a,p1b
|-resisted|p1a: Klefki|1
|-damage|p1a: Klefki|24/100
|-damage|p1b: Floette|28/100 par
|
|-weather|RainDance|[upkeep]
|upkeep
|turn|8
|
|t:|1783817000
|move|p2a: Sylveon|Protect|p2a: Sylveon
|-singleturn|p2a: Sylveon|Protect
|move|p2b: Rotom|Hydro Pump|p1a: Klefki
|-damage|p1a: Klefki|0 fnt
|faint|p1a: Klefki
|move|p1b: Floette|Dazzling Gleam|p2a: Sylveon|[spread] p2b
|-activate|p2a: Sylveon|move: Protect
|-damage|p2b: Rotom|6/100
|
|-weather|RainDance|[upkeep]
|-sideend|p1: davidxrt|move: Light Screen
|upkeep
|turn|9
|
|t:|1783817009
|move|p2b: Rotom|Volt Switch|p1b: Floette
|-damage|p1b: Floette|9/100 par
|move|p2a: Sylveon|Hyper Voice|p1b: Floette
|-damage|p1b: Floette|0 fnt
|faint|p1b: Floette
|
|win|lukashz
||lukashz is ready for game 2.
||davidxrt is ready for game 2.
|uhtml|next|Next: Game 2 of 3
