|j|☆chefbenboyrd
|j|☆burrocomsorte
|html|chefbenboyrdburrocomsorte    
|uhtml|bestof|Game 1 of a best-of-3
|t:|1756848182
|gametype|doubles
|player|p1|chefbenboyrd|brawly|1067
|player|p2|burrocomsorte|cheren|1016
|gen|9
|tier|[Gen 9] VGC 2025 Reg H (Bo3)
|rated|
|rule|Species Clause: Limit one of each Pokémon
|rule|Item Clause: Limit 1 of each item
|clearpoke
|poke|p1|Whimsicott, L50, F|
|poke|p1|Hydreigon, L50, F|
|poke|p1|Grimmsnarl, L50, M|
|poke|p1|Incineroar, L50, M|
|poke|p1|Gholdengo, L50|
|poke|p1|Annihilape, L50, M|
|poke|p2|Ursaluna-Bloodmoon, L50, M|
|poke|p2|Porygon2, L50|
|poke|p2|Amoonguss, L50, M|
|poke|p2|Incineroar, L50, F|
|poke|p2|Dragapult, L50, F|
|poke|p2|Sneasler, L50, F|
|teampreview|4
|showteam|p1|Whimsicott||FocusSash|Prankster|SunnyDay,Encore,Tailwind,Moonblast|||F|||50|,,,,,Ghost]Hydreigon||ChoiceSpecs|Levitate|HeatWave,DracoMeteor,Snarl,DarkPulse|||F|||50|,,,,,Fire]Grimmsnarl||LightClay|Prankster|SpiritBreak,Reflect,LightScreen,ThunderWave|||M|||50|,,,,,Steel]Incineroar||SafetyGoggles|Intimidate|KnockOff,FakeOut,PartingShot,FlareBlitz|||M|||50|,,,,,Ghost]Gholdengo||LifeOrb|GoodasGold|Protect,MakeItRain,ShadowBall,NastyPlot||||||50|,,,,,Water]Annihilape||SitrusBerry|Defiant|Protect,Taunt,RageFist,DrainPunch|||M|||50|,,,,,Fairy
|showteam|p2|Ursaluna-Bloodmoon||AssaultVest|MindsEye|BloodMoon,HyperVoice,EarthPower,VacuumWave|||M|||50|,,,,,Normal]Porygon2||Eviolite|Trace|IceBeam,Thunderbolt,Recover,TrickRoom||||||50|,,,,,Ghost]Amoonguss||CovertCloak|Regenerator|Spore,RagePowder,PollenPuff,SludgeBomb|||M|||50|,,,,,Water]Incineroar||SafetyGoggles|Intimidate|KnockOff,FakeOut,PartingShot,FlareBlitz|||F|||50|,,,,,Ghost]Dragapult||ChoiceBand|ClearBody|DragonDarts,Outrage,PhantomForce,Uturn|||F|||50|,,,,,Dragon]Sneasler||FocusSash|PoisonTouch|CloseCombat,DireClaw,ThroatChop,FakeOut|||F|||50|,,,,,Dark
|inactive|Battle timer is ON: inactive players will automatically lose when time's up. (requested by burrocomsorte)
|
|t:|1756848201
|teamsize|p1|4
|teamsize|p2|4
|start
|switch|p1a: Whimsicott|Whimsicott, L50, F|100/100
|switch|p1b: Hydreigon|Hydreigon, L50, F|100/100
|switch|p2a: Porygon2|Porygon2, L50|100/100
|switch|p2b: Sneasler|Sneasler, L50, F|100/100
|-ability|p2a: Porygon2|Prankster|Trace|[from] ability: Trace|[of] p1a: Whimsicott
|turn|1
|inactive|chefbenboyrd has 30 seconds left.
|inactive|burrocomsorte has 30 seconds left.
|
|t:|1756848229
|-terastallize|p1b: Hydreigon|Fire
|move|p2b: Sneasler|Fake Out|p1b: Hydreigon
|-crit|p1b: Hydreigon
|-damage|p1b: Hydreigon|73/100
|move|p1a: Whimsicott|Tailwind|p1a: Whimsicott
|-sidestart|p1: chefbenboyrd|move: Tailwind
|cant|p1b: Hydreigon|flinch
|move|p2a: Porygon2|Trick Room|p2a: Porygon2
|-fieldstart|move: Trick Room|[of] p2a: Porygon2
|
|upkeep
|turn|2
|
|t:|1756848250
|switch|p2b: Ursaluna|Ursaluna-Bloodmoon, L50, M|100/100
|move|p1a: Whimsicott|Encore|p2a: Porygon2
|-start|p2a: Porygon2|Encore
|move|p2a: Porygon2|Trick Room|p2a: Porygon2
|-fieldend|move: Trick Room
|move|p1b: Hydreigon|Heat Wave|p2a: Porygon2|[spread] p2a,p2b
|-damage|p2a: Porygon2|64/100
|-damage|p2b: Ursaluna|61/100
|
|upkeep
|turn|3
|l|☆burrocomsorte
|inactive|burrocomsorte disconnected and has a minute to reconnect!
|player|p2|
|j|☆burrocomsorte
|inactive|burrocomsorte reconnected and has 35 seconds left.
|player|p2|burrocomsorte|cheren|
|inactive|burrocomsorte has 30 seconds left.
|inactive|burrocomsorte has 20 seconds left.
|inactive|burrocomsorte has 15 seconds left.
|inactive|burrocomsorte has 10 seconds left.
|
|t:|1756848299
|move|p1a: Whimsicott|Moonblast|p2b: Ursaluna
|-damage|p2b: Ursaluna|36/100
|-unboost|p2b: Ursaluna|spa|1
|move|p1b: Hydreigon|Heat Wave|p2b: Ursaluna|[spread] p2a,p2b
|-crit|p2a: Porygon2
|-damage|p2a: Porygon2|16/100
|-damage|p2b: Ursaluna|0 fnt
|faint|p2b: Ursaluna
|move|p2a: Porygon2|Trick Room|p2a: Porygon2
|-fieldstart|move: Trick Room|[of] p2a: Porygon2
|
|upkeep
|
|t:|1756848309
|switch|p2b: Sneasler|Sneasler, L50, F|100/100
|turn|4
|
|t:|1756848318
|switch|p1b: Gholdengo|Gholdengo, L50|100/100
|switch|p1a: Incineroar|Incineroar, L50, M|100/100
|-ability|p1a: Incineroar|Intimidate|boost
|-unboost|p2a: Porygon2|atk|1
|-unboost|p2b: Sneasler|atk|1
|move|p2b: Sneasler|Fake Out|p1b: Gholdengo
|-immune|p1b: Gholdengo
|move|p2a: Porygon2|Trick Room|p2a: Porygon2
|-fieldend|move: Trick Room
|
|-end|p2a: Porygon2|Encore
|-sideend|p1: chefbenboyrd|move: Tailwind
|upkeep
|turn|5
|
|t:|1756848340
|switch|p2b: Dragapult|Dragapult, L50, F|100/100
|move|p1a: Incineroar|Fake Out|p2b: Dragapult
|-immune|p2b: Dragapult
|move|p1b: Gholdengo|Make It Rain|p2a: Porygon2|[spread] p2a,p2b
|-damage|p2a: Porygon2|0 fnt
|-damage|p2b: Dragapult|29/100
|-unboost|p1b: Gholdengo|spa|1
|faint|p2a: Porygon2
|-damage|p1b: Gholdengo|91/100|[from] item: Life Orb
|
|upkeep
|
|t:|1756848349
|switch|p2a: Sneasler|Sneasler, L50, F|100/100
|turn|6
|
|t:|1756848372
|-terastallize|p2a: Sneasler|Dark
|move|p1b: Gholdengo|Protect|p1b: Gholdengo
|-singleturn|p1b: Gholdengo|Protect
|move|p2b: Dragapult|Phantom Force||[still]
|-prepare|p2b: Dragapult|Phantom Force
|move|p2a: Sneasler|Throat Chop|p1b: Gholdengo
|-activate|p1b: Gholdengo|move: Protect
|move|p1a: Incineroar|Parting Shot|p2a: Sneasler
|-unboost|p2a: Sneasler|atk|1
|-unboost|p2a: Sneasler|spa|1
|
|t:|1756848382
|switch|p1a: Whimsicott|Whimsicott, L50, F|100/100|[from] Parting Shot
|
|upkeep
|turn|7
|
|t:|1756848394
|switch|p1b: Incineroar|Incineroar, L50, M|100/100
|-ability|p1b: Incineroar|Intimidate|boost
|-unboost|p2a: Sneasler|atk|1
|-fail|p2b: Dragapult|unboost|[from] ability: Clear Body|[of] p2b: Dragapult
|move|p2b: Dragapult|Phantom Force|p1a: Whimsicott|[from] lockedmove
|-enditem|p1a: Whimsicott|Focus Sash
|-damage|p1a: Whimsicott|1/100
|move|p2a: Sneasler|Dire Claw|p1a: Whimsicott
|-supereffective|p1a: Whimsicott
|-damage|p1a: Whimsicott|0 fnt
|faint|p1a: Whimsicott
|
|upkeep
|
|t:|1756848409
|switch|p1a: Gholdengo|Gholdengo, L50|91/100
|turn|8
|
|t:|1756848421
|move|p1a: Gholdengo|Protect|p1a: Gholdengo
|-singleturn|p1a: Gholdengo|Protect
|move|p1b: Incineroar|Fake Out|p2a: Sneasler
|-damage|p2a: Sneasler|81/100
|move|p2b: Dragapult|Phantom Force||[still]
|-prepare|p2b: Dragapult|Phantom Force
|cant|p2a: Sneasler|flinch
|
|upkeep
|turn|9
|
|t:|1756848431
|switch|p1a: Hydreigon|Hydreigon, L50, F, tera:Fire|73/100
|move|p2b: Dragapult|Phantom Force|p1a: Hydreigon|[from] lockedmove
|-damage|p1a: Hydreigon|0 fnt
|faint|p1a: Hydreigon
|move|p2a: Sneasler|Throat Chop|p1b: Incineroar
|-resisted|p1b: Incineroar
|-damage|p1b: Incineroar|92/100
|-start|p1b: Incineroar|Throat Chop|[silent]
|move|p1b: Incineroar|Knock Off|p2b: Dragapult
|-supereffective|p2b: Dragapult
|-damage|p2b: Dragapult|0 fnt
|-enditem|p2b: Dragapult|Choice Band|[from] move: Knock Off|[of] p1b: Incineroar
|faint|p2b: Dragapult
|
|upkeep
|-message|burrocomsorte forfeited.
|raw|chefbenboyrd's rating: 1067 → 1093(+26 for winning)
|raw|burrocomsorte's rating: 1016 → 1005(-11 for losing)
|
|win|chefbenboyrd
|l|☆burrocomsorte
|player|p2|
