|j|☆Chandeliere
|j|☆RafaGt2001
|html|ChandeliereRafaGt2001    
|uhtml|bestof|Game 2 of a best-of-3
|t:|1756626170
|gametype|doubles
|player|p1|Chandeliere|ethan|1104
|player|p2|RafaGt2001|101|1000
|gen|9
|tier|[Gen 9] VGC 2025 Reg H (Bo3)
|rated|
|rule|Species Clause: Limit one of each Pokémon
|rule|Item Clause: Limit 1 of each item
|clearpoke
|poke|p1|Ninetales-Alola, L50, M|
|poke|p1|Gholdengo, L50|
|poke|p1|Garchomp, L50, M|
|poke|p1|Incineroar, L50, M|
|poke|p1|Sneasler, L50, F|
|poke|p1|Corviknight, L50, M|
|poke|p2|Ursaluna, L50, M|
|poke|p2|Sinistcha, L50|
|poke|p2|Archaludon, L50, M|
|poke|p2|Pelipper, L50, M|
|poke|p2|Dragonite, L50, F|
|poke|p2|Incineroar, L50, F|
|teampreview|4
|showteam|p1|Ninetales-Alola||LightClay|SnowWarning|AuroraVeil,Blizzard,FreezeDry,Protect|||M|||50|,,,,,Ghost]Gholdengo||LifeOrb|GoodasGold|MakeItRain,ShadowBall,NastyPlot,Protect||||||50|,,,,,Water]Garchomp||ClearAmulet|RoughSkin|Earthquake,StompingTantrum,DragonClaw,Protect|||M|||50|,,,,,Ground]Incineroar||SafetyGoggles|Intimidate|FakeOut,KnockOff,FlareBlitz,PartingShot|||M|||50|,,,,,Ghost]Sneasler||WhiteHerb|Unburden|Coaching,CloseCombat,DireClaw,Protect|||F|||50|,,,,,Ghost]Corviknight||SitrusBerry|MirrorArmor|BodyPress,BraveBird,Tailwind,Protect|||M|||50|,,,,,Fire
|showteam|p2|Ursaluna||FlameOrb|Guts|HeadlongRush,Earthquake,Facade,Protect|||M|||50|,,,,,Ghost]Sinistcha||Leftovers|Hospitality|MatchaGotcha,LifeDew,TrickRoom,RagePowder||||||50|,,,,,Fire]Archaludon||AssaultVest|Stamina|ElectroShot,BodyPress,DracoMeteor,Snarl|||M|||50|,,,,,Grass]Pelipper||FocusSash|Drizzle|Hurricane,WideGuard,Tailwind,Protect|||M|||50|,,,,,Ghost]Dragonite||LoadedDice|Multiscale|ScaleShot,Tailwind,Haze,Protect|||F|||50|,,,,,Fairy]Incineroar||SafetyGoggles|Intimidate|FlareBlitz,KnockOff,PartingShot,FakeOut|||F|||50|,,,,,Ghost
|inactive|Battle timer is ON: inactive players will automatically lose when time's up. (requested by RafaGt2001)
|
|t:|1756626216
|teamsize|p1|4
|teamsize|p2|4
|start
|switch|p1a: Ninetales|Ninetales-Alola, L50, M|100/100
|switch|p1b: Sneasler|Sneasler, L50, F|100/100
|switch|p2a: Incineroar|Incineroar, L50, F|100/100
|switch|p2b: Ursaluna|Ursaluna, L50, M|100/100
|-weather|Snowscape|[from] ability: Snow Warning|[of] p1a: Ninetales
|-ability|p2a: Incineroar|Intimidate|boost
|-unboost|p1a: Ninetales|atk|1
|-unboost|p1b: Sneasler|atk|1
|-enditem|p1b: Sneasler|White Herb
|-clearnegativeboost|p1b: Sneasler|[silent]
|turn|1
|
|t:|1756626236
|move|p1b: Sneasler|Protect|p1b: Sneasler
|-singleturn|p1b: Sneasler|Protect
|move|p1a: Ninetales|Protect|p1a: Ninetales
|-singleturn|p1a: Ninetales|Protect
|move|p2b: Ursaluna|Protect|p2b: Ursaluna
|-singleturn|p2b: Ursaluna|Protect
|move|p2a: Incineroar|Fake Out|p1b: Sneasler
|-activate|p1b: Sneasler|move: Protect
|
|-weather|Snowscape|[upkeep]
|-status|p2b: Ursaluna|brn|[from] item: Flame Orb
|upkeep
|turn|2
|inactive|RafaGt2001 has 30 seconds left.
|inactive|Chandeliere has 30 seconds left.
|
|t:|1756626268
|-terastallize|p2b: Ursaluna|Ghost
|move|p1b: Sneasler|Close Combat|p2a: Incineroar
|-supereffective|p2a: Incineroar
|-damage|p2a: Incineroar|0 fnt
|-unboost|p1b: Sneasler|def|1
|-unboost|p1b: Sneasler|spd|1
|faint|p2a: Incineroar
|move|p1a: Ninetales|Aurora Veil|p1a: Ninetales
|-sidestart|p1: Chandeliere|move: Aurora Veil
|move|p2b: Ursaluna|Earthquake|p1a: Ninetales|[spread] p1a,p1b
|-supereffective|p1b: Sneasler
|-damage|p1a: Ninetales|70/100
|-damage|p1b: Sneasler|0 fnt
|faint|p1b: Sneasler
|
|-weather|Snowscape|[upkeep]
|-damage|p2b: Ursaluna|95/100 brn|[from] brn
|upkeep
|
|t:|1756626290
|switch|p1b: Corviknight|Corviknight, L50, M|100/100
|switch|p2a: Archaludon|Archaludon, L50, M|100/100
|turn|3
|inactive|Chandeliere has 30 seconds left.
|
|t:|1756626316
|move|p1a: Ninetales|Blizzard|p2a: Archaludon|[spread] p2a,p2b
|-damage|p2a: Archaludon|81/100
|-damage|p2b: Ursaluna|71/100 brn
|-status|p2a: Archaludon|frz
|-ability|p2a: Archaludon|Stamina|boost
|-boost|p2a: Archaludon|def|1
|cant|p2a: Archaludon|frz
|move|p2b: Ursaluna|Facade|p1a: Ninetales
|-damage|p1a: Ninetales|5/100
|move|p1b: Corviknight|Brave Bird|p2b: Ursaluna
|-damage|p2b: Ursaluna|41/100 brn
|-damage|p1b: Corviknight|90/100|[from] Recoil
|
|-weather|Snowscape|[upkeep]
|-damage|p2b: Ursaluna|35/100 brn|[from] brn
|upkeep
|turn|4
|inactive|Chandeliere has 30 seconds left.
|
|t:|1756626348
|move|p1a: Ninetales|Protect|p1a: Ninetales
|-singleturn|p1a: Ninetales|Protect
|-curestatus|p2a: Archaludon|frz|[msg]
|move|p2a: Archaludon|Snarl|p1a: Ninetales|[spread] p1b
|-activate|p1a: Ninetales|move: Protect
|-damage|p1b: Corviknight|81/100
|-ability|p1b: Corviknight|Mirror Armor
|-unboost|p2a: Archaludon|spa|1
|move|p2b: Ursaluna|Facade|p1b: Corviknight
|-resisted|p1b: Corviknight
|-damage|p1b: Corviknight|60/100
|move|p1b: Corviknight|Brave Bird|p2b: Ursaluna
|-damage|p2b: Ursaluna|6/100 brn
|-damage|p1b: Corviknight|49/100|[from] Recoil
|-enditem|p1b: Corviknight|Sitrus Berry|[eat]
|-heal|p1b: Corviknight|74/100|[from] item: Sitrus Berry
|
|-weather|Snowscape|[upkeep]
|-damage|p2b: Ursaluna|0 fnt|[from] brn
|faint|p2b: Ursaluna
|upkeep
|
|t:|1756626365
|switch|p2b: Sinistcha|Sinistcha, L50|100/100
|-heal|p2a: Archaludon|100/100|[from] ability: Hospitality|[of] p2b: Sinistcha
|turn|5
|inactive|Chandeliere has 30 seconds left.
|
|t:|1756626393
|move|p1a: Ninetales|Freeze-Dry|p2b: Sinistcha
|-supereffective|p2b: Sinistcha
|-damage|p2b: Sinistcha|63/100
|-status|p2b: Sinistcha|frz
|move|p2a: Archaludon|Snarl|p1b: Corviknight|[spread] p1a,p1b
|-resisted|p1a: Ninetales
|-damage|p1a: Ninetales|2/100
|-damage|p1b: Corviknight|68/100
|-unboost|p1a: Ninetales|spa|1
|-ability|p1b: Corviknight|Mirror Armor
|-unboost|p2a: Archaludon|spa|1
|-curestatus|p2b: Sinistcha|frz|[from] move: Matcha Gotcha
|move|p2b: Sinistcha|Matcha Gotcha|p1a: Ninetales|[spread] p1a,p1b
|-resisted|p1b: Corviknight
|-crit|p1b: Corviknight
|-damage|p1a: Ninetales|0 fnt
|-heal|p2b: Sinistcha|64/100|[from] drain|[of] p1a: Ninetales
|-damage|p1b: Corviknight|59/100
|-heal|p2b: Sinistcha|69/100|[from] drain|[of] p1b: Corviknight
|faint|p1a: Ninetales
|move|p1b: Corviknight|Brave Bird|p2b: Sinistcha
|-supereffective|p2b: Sinistcha
|-damage|p2b: Sinistcha|0 fnt
|faint|p2b: Sinistcha
|-damage|p1b: Corviknight|39/100|[from] Recoil
|
|-weather|none
|upkeep
|
|t:|1756626417
|switch|p1a: Garchomp|Garchomp, L50, M|100/100
|turn|6
|
|t:|1756626435
|-terastallize|p1a: Garchomp|Ground
|move|p1a: Garchomp|Earthquake|p2a: Archaludon|[spread] p2a
|-immune|p1b: Corviknight
|-supereffective|p2a: Archaludon
|-damage|p2a: Archaludon|49/100
|-ability|p2a: Archaludon|Stamina|boost
|-boost|p2a: Archaludon|def|1
|move|p2a: Archaludon|Body Press|p1a: Garchomp
|-damage|p1a: Garchomp|66/100
|-damage|p2a: Archaludon|37/100|[from] ability: Rough Skin|[of] p1a: Garchomp
|move|p1b: Corviknight|Tailwind|p1b: Corviknight
|-sidestart|p1: Chandeliere|move: Tailwind
|
|upkeep
|turn|7
|
|t:|1756626450
|move|p1a: Garchomp|Earthquake|p2a: Archaludon|[spread] p2a
|-immune|p1b: Corviknight
|-supereffective|p2a: Archaludon
|-damage|p2a: Archaludon|0 fnt
|faint|p2a: Archaludon
|
|win|Chandeliere
|raw|Chandeliere's rating: 1104 → 1122(+18 for winning)
|raw|RafaGt2001's rating: 1000 → 1000(+0 for losing)
|l|☆RafaGt2001
|player|p2|
|c|☆Chandeliere|gg
