|j|☆JMangoes
|j|☆Jxnh
|html|JMangoesJxnh    
|uhtml|bestof|Game 2 of a best-of-3
|t:|1756572974
|gametype|doubles
|player|p1|JMangoes|elesa|1097
|player|p2|Jxnh|170|1172
|gen|9
|tier|[Gen 9] VGC 2025 Reg H (Bo3)
|rated|
|rule|Species Clause: Limit one of each Pokémon
|rule|Item Clause: Limit 1 of each item
|clearpoke
|poke|p1|Rillaboom, L50, F|
|poke|p1|Primarina, L50, F|
|poke|p1|Archaludon, L50, F|
|poke|p1|Dragapult, L50, M|
|poke|p1|Incineroar, L50, F|
|poke|p1|Pelipper, L50, F|
|poke|p2|Corviknight, L50, F|
|poke|p2|Sneasler, L50, M|
|poke|p2|Garchomp, L50, F|
|poke|p2|Incineroar, L50, M|
|poke|p2|Araquanid, L50, M|
|poke|p2|Ursaluna-Bloodmoon, L50, M|
|teampreview|4
|showteam|p1|Rillaboom||AssaultVest|GrassySurge|FakeOut,KnockOff,Uturn,WoodHammer|||F|||50|,,,,,Grass]Primarina||ThroatSpray|LiquidVoice|HyperVoice,DrainingKiss,Moonblast,Protect|||F|||50|,,,,,Water]Archaludon||PowerHerb|Stalwart|ElectroShot,FlashCannon,DragonPulse,Protect|||F|||50|,,,,,Electric]Dragapult||SafetyGoggles|ClearBody|ShadowBall,DragonDarts,Uturn,SuckerPunch|||M|||50|,,,,,Dark]Incineroar||SitrusBerry|Intimidate|FakeOut,FlareBlitz,KnockOff,PartingShot|||F|||50|,,,,,Fire]Pelipper||FocusSash|Drizzle|Tailwind,Hurricane,WeatherBall,Protect|||F|||50|,,,,,Water
|showteam|p2|Corviknight||Leftovers|MirrorArmor|DualWingbeat,BodyPress,IronDefense,Protect|||F|||50|,,,,,Fire]Sneasler||FocusSash|Unburden|DireClaw,CloseCombat,Coaching,Protect|||M|||50|,,,,,Ghost]Garchomp||LoadedDice|RoughSkin|StompingTantrum,Earthquake,ScaleShot,Protect|||F|||50|,,,,,Steel]Incineroar||SitrusBerry|Intimidate|FakeOut,KnockOff,PartingShot,FlareBlitz|||M|||50|,,,,,Ghost]Araquanid||RoomService|WaterBubble|Liquidation,LeechLife,WideGuard,Protect|||M|||50|,,,,,Grass]Ursaluna-Bloodmoon||AssaultVest|MindsEye|HyperVoice,EarthPower,BloodMoon,Snarl|||M|||50|,,,,,Ghost
|j| T-Soro
|
|t:|1756572996
|teamsize|p1|4
|teamsize|p2|4
|start
|switch|p1a: Politoed V2|Pelipper, L50, F, shiny|100/100
|switch|p1b: Wet|Primarina, L50, F, shiny|100/100
|switch|p2a: Garchomp|Garchomp, L50, F|100/100
|switch|p2b: Sneasler|Sneasler, L50, M|100/100
|-weather|RainDance|[from] ability: Drizzle|[of] p1a: Politoed V2
|turn|1
|l| T-Soro
|
|t:|1756573015
|-terastallize|p2a: Garchomp|Steel
|-terastallize|p1b: Wet|Water
|move|p2b: Sneasler|Dire Claw|p1b: Wet
|-damage|p1b: Wet|53/100
|-status|p1b: Wet|slp
|move|p2a: Garchomp|Scale Shot|p1a: Politoed V2
|-damage|p1a: Politoed V2|87/100
|-damage|p1a: Politoed V2|73/100
|-damage|p1a: Politoed V2|58/100
|-damage|p1a: Politoed V2|43/100
|-hitcount|p1a: Politoed V2|4
|-unboost|p2a: Garchomp|def|1
|-boost|p2a: Garchomp|spe|1
|move|p1a: Politoed V2|Tailwind|p1a: Politoed V2
|-sidestart|p1: JMangoes|move: Tailwind
|cant|p1b: Wet|slp
|
|-weather|RainDance|[upkeep]
|upkeep
|turn|2
|c|☆JMangoes|fun
|j| T-Soro
|l| T-Soro
|
|t:|1756573044
|switch|p1a: Diddy Kong|Rillaboom, L50, F, shiny|100/100
|-fieldstart|move: Grassy Terrain|[from] ability: Grassy Surge|[of] p1a: Diddy Kong
|move|p2a: Garchomp|Scale Shot|p1a: Diddy Kong
|-damage|p1a: Diddy Kong|84/100
|-damage|p1a: Diddy Kong|68/100
|-crit|p1a: Diddy Kong
|-damage|p1a: Diddy Kong|46/100
|-damage|p1a: Diddy Kong|31/100
|-hitcount|p1a: Diddy Kong|4
|-unboost|p2a: Garchomp|def|1
|-boost|p2a: Garchomp|spe|1
|move|p2b: Sneasler|Coaching|p2a: Garchomp
|-boost|p2a: Garchomp|atk|1
|-boost|p2a: Garchomp|def|1
|-curestatus|p1b: Wet|slp|[msg]
|move|p1b: Wet|Draining Kiss|p2b: Sneasler
|-damage|p2b: Sneasler|60/100
|-heal|p1b: Wet|79/100|[from] drain|[of] p2b: Sneasler
|
|-weather|RainDance|[upkeep]
|-heal|p1a: Diddy Kong|37/100|[from] Grassy Terrain
|-heal|p2b: Sneasler|66/100|[from] Grassy Terrain
|-heal|p1b: Wet|84/100|[from] Grassy Terrain
|upkeep
|turn|3
|c|☆Jxnh|sorry xd
|
|t:|1756573066
|move|p2a: Garchomp|Protect|p2a: Garchomp
|-singleturn|p2a: Garchomp|Protect
|move|p2b: Sneasler|Protect|p2b: Sneasler
|-singleturn|p2b: Sneasler|Protect
|move|p1a: Diddy Kong|Fake Out|p2a: Garchomp
|-activate|p2a: Garchomp|move: Protect
|move|p1b: Wet|Hyper Voice|p2a: Garchomp|[spread] 
|-activate|p2a: Garchomp|move: Protect
|-activate|p2b: Sneasler|move: Protect
|
|-weather|RainDance|[upkeep]
|-heal|p1a: Diddy Kong|43/100|[from] Grassy Terrain
|-heal|p2b: Sneasler|72/100|[from] Grassy Terrain
|-heal|p1b: Wet|90/100|[from] Grassy Terrain
|upkeep
|turn|4
|
|t:|1756573084
|move|p2a: Garchomp|Scale Shot|p1b: Wet
|-damage|p1b: Wet|65/100
|-damage|p1b: Wet|42/100
|-damage|p1b: Wet|18/100
|-damage|p1b: Wet|0 fnt
|faint|p1b: Wet
|-hitcount|p1: Wet|4
|-unboost|p2a: Garchomp|def|1
|-boost|p2a: Garchomp|spe|1
|move|p1a: Diddy Kong|Knock Off|p2a: Garchomp
|-damage|p2a: Garchomp|33/100
|-damage|p1a: Diddy Kong|31/100|[from] ability: Rough Skin|[of] p2a: Garchomp
|-enditem|p2a: Garchomp|Loaded Dice|[from] move: Knock Off|[of] p1a: Diddy Kong
|move|p2b: Sneasler|Dire Claw|p1a: Diddy Kong
|-supereffective|p1a: Diddy Kong
|-damage|p1a: Diddy Kong|0 fnt
|faint|p1a: Diddy Kong
|
|-weather|RainDance|[upkeep]
|-heal|p2a: Garchomp|39/100|[from] Grassy Terrain
|-heal|p2b: Sneasler|77/100|[from] Grassy Terrain
|-sideend|p1: JMangoes|move: Tailwind
|upkeep
|
|t:|1756573096
|switch|p1a: Low Skill|Dragapult, L50, M|100/100
|switch|p1b: Politoed V2|Pelipper, L50, F, shiny|43/100
|turn|5
|
|t:|1756573115
|move|p2a: Garchomp|Protect|p2a: Garchomp
|-singleturn|p2a: Garchomp|Protect
|move|p1a: Low Skill|Sucker Punch||[still]
|-fail|p1a: Low Skill
|move|p2b: Sneasler|Dire Claw|p1a: Low Skill
|-resisted|p1a: Low Skill
|-damage|p1a: Low Skill|71/100
|move|p1b: Politoed V2|Hurricane|p2b: Sneasler
|-supereffective|p2b: Sneasler
|-damage|p2b: Sneasler|0 fnt
|faint|p2b: Sneasler
|
|-weather|none
|-heal|p2a: Garchomp|45/100|[from] Grassy Terrain
|-heal|p1a: Low Skill|77/100|[from] Grassy Terrain
|upkeep
|
|t:|1756573129
|switch|p2b: Incineroar|Incineroar, L50, M|100/100
|-ability|p2b: Incineroar|Intimidate|boost
|-fail|p1a: Low Skill|unboost|[from] ability: Clear Body|[of] p1a: Low Skill
|-unboost|p1b: Politoed V2|atk|1
|turn|6
|
|t:|1756573141
|move|p2a: Garchomp|Protect|p2a: Garchomp
|-singleturn|p2a: Garchomp|Protect
|move|p1a: Low Skill|Sucker Punch||[still]
|-fail|p1a: Low Skill
|move|p2b: Incineroar|Knock Off|p1a: Low Skill
|-supereffective|p1a: Low Skill
|-damage|p1a: Low Skill|0 fnt
|-enditem|p1a: Low Skill|Safety Goggles|[from] move: Knock Off|[of] p2b: Incineroar
|faint|p1a: Low Skill
|move|p1b: Politoed V2|Hurricane|p2b: Incineroar
|-damage|p2b: Incineroar|70/100
|
|-heal|p2a: Garchomp|51/100|[from] Grassy Terrain
|-heal|p2b: Incineroar|76/100|[from] Grassy Terrain
|-fieldend|move: Grassy Terrain
|upkeep
|turn|7
|-message|JMangoes forfeited.
|
|win|Jxnh
|raw|JMangoes's rating: 1097 → 1078(-19 for losing)
|raw|Jxnh's rating: 1172 → 1192(+20 for winning)
|l|☆JMangoes
|player|p1|
|c|☆Jxnh|gg
|j| T-Soro
|l| T-Soro
