|j|☆Giocostorto
|j|☆AntZim
|html|GiocostortoAntZim    
|uhtml|bestof|Game 2 of a best-of-3
|t:|1756415782
|gametype|doubles
|player|p1|Giocostorto|palmer|1212
|player|p2|AntZim|265|1130
|gen|9
|tier|[Gen 9] VGC 2025 Reg H (Bo3)
|rated|
|rule|Species Clause: Limit one of each Pokémon
|rule|Item Clause: Limit 1 of each item
|clearpoke
|poke|p1|Oricorio-Pom-Pom, L50, M|
|poke|p1|Volcarona, L50, F|
|poke|p1|Maushold, L50|
|poke|p1|Annihilape, L50, F|
|poke|p1|Basculegion, L50, M|
|poke|p1|Farigiraf, L50, F|
|poke|p2|Pincurchin, L50, F|
|poke|p2|Talonflame, L50, F|
|poke|p2|Incineroar, L50, M|
|poke|p2|Gastrodon-East, L50, F|
|poke|p2|Raichu-Alola, L50, M|
|poke|p2|Greninja-*, L50, F|
|teampreview|4
|showteam|p1|Oricorio-Pom-Pom||FocusSash|Dancer|Hurricane,RevelationDance,Tailwind,Protect|||M|||50|,,,,,Ghost]Volcarona||CovertCloak|FlameBody|FieryDance,TeraBlast,QuiverDance,Protect|||F|||50|,,,,,Fairy]Maushold||SafetyGoggles|FriendGuard|BeatUp,Taunt,FollowMe,Protect||||||50|,,,,,Ghost]Annihilape||SitrusBerry|Defiant|Protect,BulkUp,DrainPunch,RageFist|||F|||50|,,,,,Fire]Basculegion||ChoiceScarf|Adaptability|WaveCrash,LastRespects,FlipTurn,AquaJet|||M|||50|,,,,,Water]Farigiraf||ThroatSpray|ArmorTail|Psychic,HyperVoice,TrickRoom,Imprison|||F|||50|,,,,,Fairy
|showteam|p2|Pincurchin||RockyHelmet|ElectricSurge|Acupressure,SupercellSlam,Protect,ThunderWave|||F|||50|,,,,,Grass]Talonflame||LifeOrb|GaleWings|BraveBird,DualWingbeat,FlareBlitz,Protect|||F|||50|,,,,,Ground]Incineroar||AssaultVest|Intimidate|FlareBlitz,Uturn,FakeOut,KnockOff|||M|||50|,,,,,Bug]Gastrodon-East||Leftovers|StormDrain|EarthPower,IceBeam,Recover,Protect|||F|||50|,,,,,Grass]Raichu-Alola||ChoiceSpecs|SurgeSurfer|Psychic,VoltSwitch,AlluringVoice,Thunderbolt|||M|||50|,,,,,Fairy]Greninja||FocusSash|Torrent|Surf,Taunt,Uturn,DarkPulse|||F|||50|,,,,,Ghost
|inactive|Battle timer is ON: inactive players will automatically lose when time's up. (requested by Giocostorto)
|
|t:|1756415806
|teamsize|p1|4
|teamsize|p2|4
|start
|switch|p1a: Maushold|Maushold, L50|100/100
|switch|p1b: Annihilape|Annihilape, L50, F|100/100
|switch|p2a: Pincurchin|Pincurchin, L50, F|100/100
|switch|p2b: Raichu|Raichu-Alola, L50, M|100/100
|-fieldstart|move: Electric Terrain|[from] ability: Electric Surge|[of] p2a: Pincurchin
|turn|1
|inactive|Giocostorto has 30 seconds left.
|inactive|Giocostorto has 20 seconds left.
|inactive|Giocostorto has 15 seconds left.
|inactive|Giocostorto has 10 seconds left.
|
|t:|1756415853
|-terastallize|p1b: Annihilape|Fire
|move|p2b: Raichu|Volt Switch|p1b: Annihilape
|-damage|p1b: Annihilape|61/100
|
|t:|1756415871
|switch|p2b: Greninja|Greninja, L50, F|100/100|[from] Volt Switch
|move|p1a: Maushold|Taunt|p2a: Pincurchin
|-start|p2a: Pincurchin|move: Taunt
|move|p1b: Annihilape|Rage Fist|p2b: Greninja
|-resisted|p2b: Greninja
|-damage|p2b: Greninja|70/100
|cant|p2a: Pincurchin|move: Taunt|Thunder Wave
|
|upkeep
|turn|2
|
|t:|1756415888
|switch|p2a: Gastrodon|Gastrodon-East, L50, F|100/100
|move|p1a: Maushold|Follow Me|p1a: Maushold
|-singleturn|p1a: Maushold|move: Follow Me
|move|p2b: Greninja|Surf|p1b: Annihilape|[spread] p1a,p1b
|-ability|p2a: Gastrodon|Storm Drain|boost
|-boost|p2a: Gastrodon|spa|1
|-crit|p1a: Maushold
|-supereffective|p1b: Annihilape
|-damage|p1a: Maushold|45/100
|-damage|p1b: Annihilape|17/100
|-enditem|p1b: Annihilape|Sitrus Berry|[eat]
|-heal|p1b: Annihilape|42/100|[from] item: Sitrus Berry
|move|p1b: Annihilape|Drain Punch|p2b: Greninja
|-supereffective|p2b: Greninja
|-damage|p2b: Greninja|0 fnt
|-heal|p1b: Annihilape|66/100|[from] drain|[of] p2b: Greninja
|faint|p2b: Greninja
|
|upkeep
|
|t:|1756415904
|switch|p2b: Raichu|Raichu-Alola, L50, M|100/100
|turn|3
|inactive|Giocostorto has 30 seconds left.
|inactive|Giocostorto has 20 seconds left.
|inactive|Giocostorto has 15 seconds left.
|
|t:|1756415945
|move|p1b: Annihilape|Protect|p1b: Annihilape
|-singleturn|p1b: Annihilape|Protect
|move|p2b: Raichu|Volt Switch|p1a: Maushold
|-damage|p1a: Maushold|0 fnt
|faint|p1a: Maushold
|
|t:|1756415952
|switch|p2b: Pincurchin|Pincurchin, L50, F|100/100|[from] Volt Switch
|move|p2a: Gastrodon|Earth Power|p1b: Annihilape
|-activate|p1b: Annihilape|move: Protect
|
|upkeep
|
|t:|1756415958
|switch|p1a: Volcarona|Volcarona, L50, F|100/100
|turn|4
|
|t:|1756415986
|move|p1a: Volcarona|Quiver Dance|p1a: Volcarona
|-boost|p1a: Volcarona|spa|1
|-boost|p1a: Volcarona|spd|1
|-boost|p1a: Volcarona|spe|1
|move|p1b: Annihilape|Rage Fist|p2b: Pincurchin
|-damage|p2b: Pincurchin|44/100
|-damage|p1b: Annihilape|49/100|[from] item: Rocky Helmet|[of] p2b: Pincurchin
|move|p2a: Gastrodon|Earth Power|p1b: Annihilape
|-supereffective|p1b: Annihilape
|-damage|p1b: Annihilape|0 fnt
|faint|p1b: Annihilape
|move|p2b: Pincurchin|Thunder Wave|p1a: Volcarona
|-status|p1a: Volcarona|par
|
|upkeep
|
|t:|1756415998
|switch|p1b: Oricorio|Oricorio-Pom-Pom, L50, M|100/100
|turn|5
|
|t:|1756416007
|move|p1b: Oricorio|Tailwind|p1b: Oricorio
|-sidestart|p1: Giocostorto|move: Tailwind
|move|p1a: Volcarona|Quiver Dance|p1a: Volcarona
|-boost|p1a: Volcarona|spa|1
|-boost|p1a: Volcarona|spd|1
|-boost|p1a: Volcarona|spe|1
|-activate|p1b: Oricorio|ability: Dancer
|move|p1b: Oricorio|Quiver Dance|p1b: Oricorio|[from] ability: Dancer
|-boost|p1b: Oricorio|spa|1
|-boost|p1b: Oricorio|spd|1
|-boost|p1b: Oricorio|spe|1
|move|p2a: Gastrodon|Ice Beam|p1b: Oricorio
|-supereffective|p1b: Oricorio
|-damage|p1b: Oricorio|38/100
|move|p2b: Pincurchin|Supercell Slam|p1b: Oricorio
|-damage|p1b: Oricorio|0 fnt
|faint|p1b: Oricorio
|
|-fieldend|move: Electric Terrain
|upkeep
|turn|6
|
|t:|1756416029
|switch|p2b: Raichu|Raichu-Alola, L50, M|100/100
|move|p1a: Volcarona|Fiery Dance|p2b: Raichu
|-damage|p2b: Raichu|0 fnt
|faint|p2b: Raichu
|move|p2a: Gastrodon|Earth Power|p1a: Volcarona
|-damage|p1a: Volcarona|78/100 par
|
|upkeep
|
|t:|1756416038
|switch|p2b: Pincurchin|Pincurchin, L50, F|44/100
|-fieldstart|move: Electric Terrain|[from] ability: Electric Surge|[of] p2b: Pincurchin
|turn|7
|
|t:|1756416049
|move|p1a: Volcarona|Fiery Dance|p2b: Pincurchin
|-damage|p2b: Pincurchin|0 fnt
|faint|p2b: Pincurchin
|move|p2a: Gastrodon|Earth Power|p1a: Volcarona
|-damage|p1a: Volcarona|55/100 par
|
|upkeep
|turn|8
|
|t:|1756416069
|cant|p1a: Volcarona|par
|move|p2a: Gastrodon|Earth Power|p1a: Volcarona
|-crit|p1a: Volcarona
|-damage|p1a: Volcarona|0 fnt
|faint|p1a: Volcarona
|
|win|AntZim
