|j|☆Riot0
|j|☆Phix_X
|html|Riot0Phix_X    
|uhtml|bestof|Game 2 of a best-of-3
|t:|1784470501
|gametype|doubles
|player|p1|Riot0|266|
|player|p2|Phix_X|raihan|
|gen|9
|tier|[Gen 9 Champions] VGC 2026 Reg M-B (Bo3)
|rule|Species Clause: Limit one of each Pokémon
|rule|Item Clause: Limit 1 of each item
|clearpoke
|poke|p1|Gengar, L50, M|
|poke|p1|Swampert, L50, F|
|poke|p1|Incineroar, L50, F|
|poke|p1|Politoed, L50, M|
|poke|p1|Archaludon, L50, M|
|poke|p1|Vivillon-Marine, L50, F|
|poke|p2|Staraptor, L50, F|
|poke|p2|Grimmsnarl, L50, M|
|poke|p2|Kingambit, L50, M|
|poke|p2|Glimmora, L50, M|
|poke|p2|Basculegion, L50, M|
|poke|p2|Whimsicott, L50, F|
|teampreview|4
|showteam|p1|Gengar||Gengarite|CursedBody|ShadowBall,PerishSong,SludgeBomb,Protect|Timid||M|||50|]Swampert||Swampertite|Torrent|WaveCrash,Earthquake,IcePunch,Protect|Adamant||F|||50|]Incineroar||PasshoBerry|Intimidate|ThroatChop,PartingShot,FakeOut,Protect|Sassy||F|||50|]Politoed||SitrusBerry|Drizzle|WeatherBall,PerishSong,Encore,Protect|Calm||M|||50|]Archaludon||Leftovers|Stamina|DragonPulse,FlashCannon,ElectroShot,Protect|Bold||M|||50|]Vivillon-Marine||FocusSash|CompoundEyes|Hurricane,SleepPowder,RagePowder,Protect|Timid||F|||50|
|showteam|p2|Staraptor||Staraptite|Intimidate|BraveBird,CloseCombat,Protect,Roost|Jolly||F|||50|]Grimmsnarl||LightClay|Prankster|SpiritBreak,LightScreen,Reflect,FakeOut|Adamant||M|||50|]Kingambit||BlackGlasses|Defiant|KowtowCleave,SuckerPunch,SwordsDance,Protect|Adamant||M|||50|]Glimmora||FocusSash|ToxicDebris|SludgeBomb,PowerGem,SpikyShield,EarthPower|Timid||M|||50|]Basculegion||ChoiceScarf|Adaptability|LastRespects,AquaJet,WaveCrash,FlipTurn|Jolly||M|||50|]Whimsicott||FairyFeather|Prankster|Moonblast,Charm,Encore,Tailwind|Timid||F|||50|
|inactive|Battle timer is ON: inactive players will automatically lose when time's up. (requested by Phix_X)
|inactive|Riot0 has 60 seconds left.
|inactive|Riot0 has 30 seconds left.
|
|t:|1784470564
|teamsize|p1|4
|teamsize|p2|4
|start
|switch|p1a: Gengar|Gengar, L50, M|100/100
|switch|p1b: Vivillon|Vivillon-Marine, L50, F|100/100
|switch|p2a: Glimmora|Glimmora, L50, M|100/100
|switch|p2b: Grimmsnarl|Grimmsnarl, L50, M|100/100
|turn|1
|
|t:|1784470580
|detailschange|p1a: Gengar|Gengar-Mega, L50, M
|-mega|p1a: Gengar|Gengar|Gengarite
|move|p1a: Gengar|Protect|p1a: Gengar
|-singleturn|p1a: Gengar|Protect
|move|p1b: Vivillon|Protect|p1b: Vivillon
|-singleturn|p1b: Vivillon|Protect
|move|p2b: Grimmsnarl|Light Screen|p2b: Grimmsnarl
|-sidestart|p2: Phix_X|move: Light Screen
|move|p2a: Glimmora|Power Gem|p1a: Gengar
|-activate|p1a: Gengar|move: Protect
|
|upkeep
|turn|2
|
|t:|1784470590
|move|p1a: Gengar|Perish Song|p1a: Gengar
|-start|p1a: Gengar|perish3|[silent]
|-start|p1b: Vivillon|perish3|[silent]
|-start|p2a: Glimmora|perish3|[silent]
|-start|p2b: Grimmsnarl|perish3|[silent]
|-fieldactivate|move: Perish Song
|move|p1b: Vivillon|Sleep Powder|p2a: Glimmora
|-status|p2a: Glimmora|slp|[from] move: Sleep Powder
|cant|p2a: Glimmora|slp
|move|p2b: Grimmsnarl|Spirit Break|p1b: Vivillon
|-damage|p1b: Vivillon|35/100
|-unboost|p1b: Vivillon|spa|1
|
|-start|p1a: Gengar|perish3
|-start|p1b: Vivillon|perish3
|-start|p2a: Glimmora|perish3
|-start|p2b: Grimmsnarl|perish3
|upkeep
|turn|3
|
|t:|1784470603
|switch|p1b: Incineroar|Incineroar, L50, F|100/100
|-ability|p1b: Incineroar|Intimidate|boost
|-unboost|p2a: Glimmora|atk|1
|-unboost|p2b: Grimmsnarl|atk|1
|move|p1a: Gengar|Protect|p1a: Gengar
|-singleturn|p1a: Gengar|Protect
|cant|p2a: Glimmora|slp
|move|p2b: Grimmsnarl|Spirit Break|p1b: Incineroar
|-damage|p1b: Incineroar|80/100
|-unboost|p1b: Incineroar|spa|1
|
|-start|p1a: Gengar|perish2
|-start|p2a: Glimmora|perish2
|-start|p2b: Grimmsnarl|perish2
|upkeep
|turn|4
|
|t:|1784470623
|switch|p1a: Politoed|Politoed, L50, M|100/100
|-weather|RainDance|[from] ability: Drizzle|[of] p1a: Politoed
|move|p1b: Incineroar|Fake Out|p2a: Glimmora
|-resisted|p2a: Glimmora|1
|-damage|p2a: Glimmora|93/100 slp
|-activate|p2a: Glimmora|ability: Toxic Debris
|-sidestart|p1: Riot0|move: Toxic Spikes
|move|p2b: Grimmsnarl|Reflect|p2b: Grimmsnarl
|-sidestart|p2: Phix_X|Reflect
|-curestatus|p2a: Glimmora|slp|[msg]
|cant|p2a: Glimmora|flinch
|
|-weather|RainDance|[upkeep]
|-start|p2a: Glimmora|perish1
|-start|p2b: Grimmsnarl|perish1
|upkeep
|turn|5
|
|t:|1784470638
|switch|p2a: Staraptor|Staraptor, L50, F|100/100
|-ability|p2a: Staraptor|Intimidate|boost
|-unboost|p1a: Politoed|atk|1
|-unboost|p1b: Incineroar|atk|1
|switch|p2b: Basculegion|Basculegion, L50, M|100/100
|move|p1a: Politoed|Protect|p1a: Politoed
|-singleturn|p1a: Politoed|Protect
|move|p1b: Incineroar|Protect||[still]
|-fail|p1b: Incineroar
|
|-weather|RainDance|[upkeep]
|upkeep
|turn|6
|l|☆Riot0
|inactive|Riot0 disconnected and has 300 seconds to reconnect!
|player|p1|
|
|t:|1784470659
|switch|p1b: Gengar|Gengar-Mega, L50, M|100/100
|-sideend|p1: Riot0|move: Toxic Spikes|[of] p1b: Gengar
|detailschange|p2a: Staraptor|Staraptor-Mega, L50, F
|-mega|p2a: Staraptor|Staraptor|Staraptite
|move|p2b: Basculegion|Wave Crash|p1b: Gengar
|-damage|p1b: Gengar|0 fnt
|faint|p1b: Gengar
|-damage|p2b: Basculegion|72/100|[from] Recoil
|move|p2a: Staraptor|Close Combat|p1a: Politoed
|-damage|p1a: Politoed|43/100
|-boost|p2a: Staraptor|def|1
|-boost|p2a: Staraptor|spd|1
|-enditem|p1a: Politoed|Sitrus Berry|[eat]
|-heal|p1a: Politoed|68/100|[from] item: Sitrus Berry
|move|p1a: Politoed|Perish Song|p1a: Politoed
|-start|p1a: Politoed|perish3|[silent]
|-start|p2a: Staraptor|perish3|[silent]
|-start|p2b: Basculegion|perish3|[silent]
|-fieldactivate|move: Perish Song
|
|-weather|RainDance|[upkeep]
|-start|p2b: Basculegion|perish3
|-start|p2a: Staraptor|perish3
|-start|p1a: Politoed|perish3
|upkeep
|j|☆Riot0
|inactive|Riot0 reconnected and has 55 seconds left.
|player|p1|Riot0|266|
|-message|Riot0 forfeited.
|
|win|Phix_X
|l|☆Riot0
|player|p1|
|c|☆Phix_X|ggs
|l|☆Phix_X
|player|p2|
|j|☆Phix_X
|player|p2|Phix_X|raihan|
|l|☆Phix_X
|player|p2|
|j|☆Phix_X
|player|p2|Phix_X|raihan|
