|j|☆spellbreakvgc
|j|☆Barika12
|html|spellbreakvgcBarika12    
|uhtml|bestof|Game 2 of a best-of-3
|t:|1756797795
|gametype|doubles
|player|p1|spellbreakvgc|lance|1168
|player|p2|Barika12|volkner|1096
|gen|9
|tier|[Gen 9] VGC 2025 Reg H (Bo3)
|rated|
|rule|Species Clause: Limit one of each Pokémon
|rule|Item Clause: Limit 1 of each item
|clearpoke
|poke|p1|Garchomp, L50, M|
|poke|p1|Weezing-Galar, L50, F|
|poke|p1|Archaludon, L50, M|
|poke|p1|Gholdengo, L50|
|poke|p1|Talonflame, L50, F|
|poke|p1|Annihilape, L50, M|
|poke|p2|Sneasler, L50, M|
|poke|p2|Farigiraf, L50, F|
|poke|p2|Amoonguss, L50, F|
|poke|p2|Incineroar, L50, F|
|poke|p2|Ursaluna-Bloodmoon, L50, M|
|poke|p2|Pelipper, L50, M|
|teampreview|4
|showteam|p1|Garchomp||LifeOrb|RoughSkin|DragonClaw,Earthquake,StompingTantrum,Protect|||M|||50|,,,,,Ground]Weezing-Galar||FocusSash|NeutralizingGas|Protect,SludgeBomb,Taunt,StrangeSteam|||F|||50|,,,,,Flying]Archaludon||PowerHerb|Sturdy|ElectroShot,Thunderbolt,DracoMeteor,Protect|||M|||50|,,,,,Electric]Gholdengo||ChoiceSpecs|GoodasGold|ShadowBall,DazzlingGleam,PowerGem,MakeItRain||||||50|,,,,,Fairy]Talonflame||CovertCloak|GaleWings|Tailwind,DualWingbeat,WillOWisp,FlareBlitz|||F|||50|,,,,,Stellar]Annihilape||AssaultVest|Defiant|CloseCombat,RageFist,FinalGambit,IcePunch|||M|||50|,,,,,Grass
|showteam|p2|Sneasler||FocusSash|Unburden|DireClaw,FakeOut,CloseCombat,Protect|||M|||50|,,,,,Fighting]Farigiraf||ThroatSpray|ArmorTail|TrickRoom,HyperVoice,FoulPlay,Psychic|||F|||50|,,,,,Grass]Amoonguss||BlackSludge|Regenerator|Spore,PollenPuff,RagePowder,ClearSmog|||F|||50|,,,,,Water]Incineroar||RockyHelmet|Intimidate|FakeOut,PartingShot,FlareBlitz,KnockOff|||F|||50|,,,,,Water]Ursaluna-Bloodmoon||LifeOrb|MindsEye|BloodMoon,EarthPower,HyperVoice,Moonblast|||M|||50|,,,,,Normal]Pelipper||CovertCloak|Drizzle|Tailwind,Hurricane,WeatherBall,Protect|||M|||50|,,,,,Ground
|inactive|Battle timer is ON: inactive players will automatically lose when time's up. (requested by Barika12)
|inactive|spellbreakvgc also wants the timer to be on.
|
|t:|1756797825
|teamsize|p1|4
|teamsize|p2|4
|start
|switch|p1a: Weezing|Weezing-Galar, L50, F|100/100
|switch|p1b: Annihilape|Annihilape, L50, M|100/100
|switch|p2a: Farigiraf|Farigiraf, L50, F|100/100
|switch|p2b: Incineroar|Incineroar, L50, F|100/100
|-ability|p1a: Weezing|Neutralizing Gas
|turn|1
|
|t:|1756797843
|move|p1a: Weezing|Protect|p1a: Weezing
|-singleturn|p1a: Weezing|Protect
|move|p2b: Incineroar|Fake Out|p1a: Weezing
|-activate|p1a: Weezing|move: Protect
|move|p1b: Annihilape|Final Gambit|p2a: Farigiraf
|-damage|p2a: Farigiraf|0 fnt
|faint|p1b: Annihilape
|faint|p2a: Farigiraf
|
|upkeep
|
|t:|1756797857
|switch|p1b: Garchomp|Garchomp, L50, M|100/100
|switch|p2a: Ursaluna|Ursaluna-Bloodmoon, L50, M|100/100
|turn|2
|
|t:|1756797878
|-terastallize|p1a: Weezing|Flying
|-terastallize|p2a: Ursaluna|Normal
|move|p1b: Garchomp|Earthquake|p2a: Ursaluna|[spread] p2a,p2b
|-immune|p1a: Weezing
|-supereffective|p2b: Incineroar
|-damage|p2a: Ursaluna|63/100
|-damage|p2b: Incineroar|4/100
|-damage|p1b: Garchomp|91/100|[from] item: Life Orb
|move|p1a: Weezing|Sludge Bomb|p2a: Ursaluna
|-damage|p2a: Ursaluna|20/100
|move|p2a: Ursaluna|Blood Moon|p1b: Garchomp
|-damage|p1b: Garchomp|0 fnt
|faint|p1b: Garchomp
|-damage|p2a: Ursaluna|11/100|[from] item: Life Orb
|move|p2b: Incineroar|Parting Shot|p1a: Weezing
|-unboost|p1a: Weezing|atk|1
|-unboost|p1a: Weezing|spa|1
|
|t:|1756797897
|switch|p2b: Amoonguss|Amoonguss, L50, F, shiny|100/100|[from] Parting Shot
|
|upkeep
|
|t:|1756797901
|switch|p1b: Gholdengo|Gholdengo, L50|100/100
|turn|3
|
|t:|1756797921
|move|p1b: Gholdengo|Dazzling Gleam|p2a: Ursaluna|[spread] p2a,p2b
|-resisted|p2b: Amoonguss
|-damage|p2a: Ursaluna|0 fnt
|-damage|p2b: Amoonguss|89/100
|faint|p2a: Ursaluna
|move|p1a: Weezing|Taunt|p2b: Amoonguss
|-start|p2b: Amoonguss|move: Taunt
|move|p2b: Amoonguss|Pollen Puff|p2: Ursaluna|[notarget]
|-fail|p2b: Amoonguss
|
|-heal|p2b: Amoonguss|95/100|[from] item: Black Sludge
|upkeep
|
|t:|1756797931
|switch|p2a: Incineroar|Incineroar, L50, F|4/100
|turn|4
|
|t:|1756797939
|move|p1b: Gholdengo|Dazzling Gleam|p2b: Amoonguss|[spread] p2a,p2b
|-resisted|p2b: Amoonguss
|-damage|p2a: Incineroar|0 fnt
|-damage|p2b: Amoonguss|83/100
|faint|p2a: Incineroar
|move|p1a: Weezing|Sludge Bomb|p2b: Amoonguss
|-damage|p2b: Amoonguss|63/100
|move|p2b: Amoonguss|Pollen Puff|p1b: Gholdengo
|-resisted|p1b: Gholdengo
|-damage|p1b: Gholdengo|96/100
|
|-heal|p2b: Amoonguss|69/100|[from] item: Black Sludge
|upkeep
|turn|5
|inactive|Barika12 has 30 seconds left.
|inactive|Barika12 has 20 seconds left.
|
|t:|1756797976
|move|p1b: Gholdengo|Dazzling Gleam|p2b: Amoonguss
|-resisted|p2b: Amoonguss
|-damage|p2b: Amoonguss|51/100
|move|p1a: Weezing|Sludge Bomb|p2b: Amoonguss
|-damage|p2b: Amoonguss|30/100
|move|p2b: Amoonguss|Pollen Puff|p1a: Weezing
|-resisted|p1a: Weezing
|-damage|p1a: Weezing|83/100
|
|-heal|p2b: Amoonguss|36/100|[from] item: Black Sludge
|-end|p2b: Amoonguss|move: Taunt
|upkeep
|turn|6
|
|t:|1756797989
|move|p1b: Gholdengo|Dazzling Gleam|p2b: Amoonguss
|-resisted|p2b: Amoonguss
|-damage|p2b: Amoonguss|18/100
|move|p1a: Weezing|Sludge Bomb|p2b: Amoonguss
|-damage|p2b: Amoonguss|0 fnt
|faint|p2b: Amoonguss
|
|win|spellbreakvgc
||Barika12 is ready for game 3.
|inactive|spellbreakvgc has 30 seconds to confirm battle start!
|inactive|spellbreakvgc has 20 seconds to confirm battle start!
||spellbreakvgc is ready for game 3.
|uhtml|next|Next: Game 3 of 3
