|j|☆sturmkitten69
|j|☆Stereofloveeee
|html|sturmkitten69Stereofloveeee    
|uhtml|bestof|Game 3 of a best-of-3
|t:|1785908444
|gametype|doubles
|player|p1|sturmkitten69|fisherman-gen4|1188
|player|p2|Stereofloveeee|170|1262
|gen|9
|tier|[Gen 9 Champions] VGC 2026 Reg M-B (Bo3)
|rated|
|rule|Species Clause: Limit one of each Pokémon
|rule|Item Clause: Limit 1 of each item
|clearpoke
|poke|p1|Talonflame, L50, F|
|poke|p1|Chesnaught, L50, M, shiny|
|poke|p1|Incineroar, L50, M, shiny|
|poke|p1|Blastoise, L50, M|
|poke|p1|Sylveon, L50, M|
|poke|p1|Gengar, L50, M|
|poke|p2|Excadrill, L50, M|
|poke|p2|Tyranitar, L50, M, shiny|
|poke|p2|Sinistcha, L50|
|poke|p2|Milotic, L50, M, shiny|
|poke|p2|Gholdengo, L50|
|poke|p2|Staraptor, L50, M, shiny|
|teampreview|4
|showteam|p1|Talonflame||LifeOrb|GaleWings|BraveBird,Overheat,Tailwind,Protect|Naive||F|||50|]Chesnaught||Leftovers|Bulletproof|WideGuard,BodyPress,WoodHammer,SpikyShield|Impish||M|||50|]Incineroar||PasshoBerry|Intimidate|FakeOut,PartingShot,ThroatChop,FlareBlitz|Impish||M|||50|]Blastoise||Blastoisinite|Torrent|AuraSphere,Protect,DarkPulse,WaterSpout|Modest||M|||50|]Sylveon||FairyFeather|Pixilate|HyperVoice,HyperBeam,Protect,QuickAttack|Modest||M|||50|]Gengar||Gengarite|CursedBody|ShadowBall,PerishSong,Disable,Protect|Timid||M|||50|
|showteam|p2|Excadrill||FocusSash|SandRush|HighHorsepower,Protect,RockSlide,IronHead|Adamant||M|||50|]Tyranitar||Tyranitarite|SandStream|RockSlide,KnockOff,Protect,LowKick|Adamant||M|||50|]Sinistcha||SitrusBerry|Hospitality|MatchaGotcha,LifeDew,RagePowder,ShadowBall|Modest|||||50|]Milotic||Leftovers|Competitive|Scald,IceBeam,IcyWind,Protect|Quiet||M|||50|]Gholdengo||LifeOrb|GoodasGold|MakeItRain,NastyPlot,ShadowBall,Protect|Timid|||||50|]Staraptor||Staraptite|Intimidate|BraveBird,CloseCombat,Tailwind,Protect|Jolly||M|||50|
|
|t:|1785908469
|teamsize|p1|4
|teamsize|p2|4
|start
|switch|p1a: Incineroar|Incineroar, L50, M, shiny|100/100
|switch|p1b: Blastoise|Blastoise, L50, M|100/100
|switch|p2a: Tyranitar|Tyranitar, L50, M, shiny|100/100
|switch|p2b: Excadrill|Excadrill, L50, M|100/100
|-weather|Sandstorm|[from] ability: Sand Stream|[of] p2a: Tyranitar
|-ability|p1a: Incineroar|Intimidate|boost
|-unboost|p2a: Tyranitar|atk|1
|-unboost|p2b: Excadrill|atk|1
|turn|1
|
|t:|1785908494
|detailschange|p1b: Blastoise|Blastoise-Mega, L50, M
|-mega|p1b: Blastoise|Blastoise|Blastoisinite
|move|p2b: Excadrill|Protect|p2b: Excadrill
|-singleturn|p2b: Excadrill|Protect
|move|p2a: Tyranitar|Protect|p2a: Tyranitar
|-singleturn|p2a: Tyranitar|Protect
|move|p1a: Incineroar|Fake Out|p2b: Excadrill
|-activate|p2b: Excadrill|move: Protect
|move|p1b: Blastoise|Water Spout|p2b: Excadrill|[spread] 
|-activate|p2a: Tyranitar|move: Protect
|-activate|p2b: Excadrill|move: Protect
|
|-weather|Sandstorm|[upkeep]
|-damage|p1b: Blastoise|93/100|[from] Sandstorm
|-damage|p1a: Incineroar|94/100|[from] Sandstorm
|upkeep
|turn|2
|
|t:|1785908527
|switch|p2a: Staraptor|Staraptor, L50, M, shiny|100/100
|-ability|p2a: Staraptor|Intimidate|boost
|-unboost|p1a: Incineroar|atk|1
|-unboost|p1b: Blastoise|atk|1
|move|p1b: Blastoise|Protect|p1b: Blastoise
|-singleturn|p1b: Blastoise|Protect
|move|p2b: Excadrill|High Horsepower|p1b: Blastoise
|-activate|p1b: Blastoise|move: Protect
|move|p1a: Incineroar|Parting Shot|p2b: Excadrill
|-unboost|p2b: Excadrill|atk|1
|-unboost|p2b: Excadrill|spa|1
|
|t:|1785908540
|switch|p1a: Chesnaught|Chesnaught, L50, M, shiny|100/100|[from] Parting Shot
|
|-weather|Sandstorm|[upkeep]
|-damage|p2a: Staraptor|93/100|[from] Sandstorm
|-damage|p1b: Blastoise|87/100|[from] Sandstorm
|-damage|p1a: Chesnaught|93/100|[from] Sandstorm
|-heal|p1a: Chesnaught|100/100|[from] item: Leftovers
|upkeep
|turn|3
|
|t:|1785908586
|switch|p1a: Incineroar|Incineroar, L50, M, shiny|94/100
|-ability|p1a: Incineroar|Intimidate|boost
|-unboost|p2a: Staraptor|atk|1
|-unboost|p2b: Excadrill|atk|1
|detailschange|p2a: Staraptor|Staraptor-Mega, L50, M, shiny
|-mega|p2a: Staraptor|Staraptor|Staraptite
|move|p2b: Excadrill|Protect|p2b: Excadrill
|-singleturn|p2b: Excadrill|Protect
|move|p2a: Staraptor|Close Combat|p1b: Blastoise
|-damage|p1b: Blastoise|58/100
|-boost|p2a: Staraptor|def|1
|-boost|p2a: Staraptor|spd|1
|move|p1b: Blastoise|Water Spout|p2b: Excadrill|[spread] p2a
|-activate|p2b: Excadrill|move: Protect
|-damage|p2a: Staraptor|67/100
|
|-weather|Sandstorm|[upkeep]
|-damage|p2a: Staraptor|60/100|[from] Sandstorm
|-damage|p1b: Blastoise|52/100|[from] Sandstorm
|-damage|p1a: Incineroar|88/100|[from] Sandstorm
|upkeep
|turn|4
|
|t:|1785908625
|switch|p2b: Gholdengo|Gholdengo, L50|100/100
|move|p2a: Staraptor|Protect|p2a: Staraptor
|-singleturn|p2a: Staraptor|Protect
|move|p1b: Blastoise|Water Spout|p2b: Gholdengo|[spread] p2b
|-activate|p2a: Staraptor|move: Protect
|-damage|p2b: Gholdengo|59/100
|move|p1a: Incineroar|Flare Blitz|p2b: Gholdengo
|-supereffective|p2b: Gholdengo|1
|-damage|p2b: Gholdengo|0 fnt
|faint|p2b: Gholdengo
|-damage|p1a: Incineroar|72/100|[from] Recoil
|
|-weather|Sandstorm|[upkeep]
|-damage|p2a: Staraptor|54/100|[from] Sandstorm
|-damage|p1b: Blastoise|46/100|[from] Sandstorm
|-damage|p1a: Incineroar|66/100|[from] Sandstorm
|upkeep
|
|t:|1785908642
|switch|p2b: Excadrill|Excadrill, L50, M|100/100
|turn|5
|
|t:|1785908658
|switch|p1a: Chesnaught|Chesnaught, L50, M, shiny|100/100
|move|p2b: Excadrill|High Horsepower|p1a: Chesnaught
|-resisted|p1a: Chesnaught|1
|-damage|p1a: Chesnaught|84/100
|move|p2a: Staraptor|Close Combat|p1b: Blastoise
|-damage|p1b: Blastoise|15/100
|-boost|p2a: Staraptor|def|1
|-boost|p2a: Staraptor|spd|1
|move|p1b: Blastoise|Aura Sphere|p2b: Excadrill
|-supereffective|p2b: Excadrill|1
|-enditem|p2b: Excadrill|Focus Sash
|-damage|p2b: Excadrill|1/100
|
|-weather|none
|-heal|p1a: Chesnaught|90/100|[from] item: Leftovers
|upkeep
|turn|6
|
|t:|1785908704
|move|p2b: Excadrill|Protect|p2b: Excadrill
|-singleturn|p2b: Excadrill|Protect
|move|p1a: Chesnaught|Spiky Shield|p1a: Chesnaught
|-singleturn|p1a: Chesnaught|move: Protect
|move|p2a: Staraptor|Close Combat|p1b: Blastoise
|-crit|p1b: Blastoise
|-damage|p1b: Blastoise|0 fnt
|-boost|p2a: Staraptor|def|1
|-boost|p2a: Staraptor|spd|1
|faint|p1b: Blastoise
|
|-heal|p1a: Chesnaught|96/100|[from] item: Leftovers
|upkeep
|
|t:|1785908716
|switch|p1b: Sylveon|Sylveon, L50, M|100/100
|turn|7
|
|t:|1785908739
|switch|p2b: Tyranitar|Tyranitar, L50, M, shiny|100/100
|-weather|Sandstorm|[from] ability: Sand Stream|[of] p2b: Tyranitar
|switch|p1a: Incineroar|Incineroar, L50, M, shiny|66/100
|-ability|p1a: Incineroar|Intimidate|boost
|-boost|p2a: Staraptor|atk|1
|-unboost|p2b: Tyranitar|atk|1
|move|p1b: Sylveon|Quick Attack|p2b: Tyranitar
|-supereffective|p2b: Tyranitar|1
|-damage|p2b: Tyranitar|76/100
|move|p2a: Staraptor|Brave Bird|p1a: Incineroar
|-damage|p1a: Incineroar|25/100
|-damage|p2a: Staraptor|40/100|[from] Recoil
|
|-weather|Sandstorm|[upkeep]
|-damage|p2a: Staraptor|34/100|[from] Sandstorm
|-damage|p1a: Incineroar|19/100|[from] Sandstorm
|-damage|p1b: Sylveon|93/100|[from] Sandstorm
|upkeep
|turn|8
|
|t:|1785908771
|switch|p1a: Chesnaught|Chesnaught, L50, M, shiny|96/100
|move|p2a: Staraptor|Protect|p2a: Staraptor
|-singleturn|p2a: Staraptor|Protect
|move|p2b: Tyranitar|Protect|p2b: Tyranitar
|-singleturn|p2b: Tyranitar|Protect
|move|p1b: Sylveon|Hyper Voice|p2a: Staraptor|[spread] 
|-activate|p2a: Staraptor|move: Protect
|-activate|p2b: Tyranitar|move: Protect
|
|-weather|Sandstorm|[upkeep]
|-damage|p2a: Staraptor|28/100|[from] Sandstorm
|-damage|p1b: Sylveon|87/100|[from] Sandstorm
|-damage|p1a: Chesnaught|90/100|[from] Sandstorm
|-heal|p1a: Chesnaught|96/100|[from] item: Leftovers
|upkeep
|turn|9
|
|t:|1785908799
|move|p1a: Chesnaught|Spiky Shield|p1a: Chesnaught
|-singleturn|p1a: Chesnaught|move: Protect
|move|p2a: Staraptor|Brave Bird|p1b: Sylveon
|-damage|p1b: Sylveon|33/100
|-damage|p2a: Staraptor|9/100|[from] Recoil
|move|p2b: Tyranitar|Rock Slide|p1a: Chesnaught|[spread] p1b
|-activate|p1a: Chesnaught|move: Protect
|-damage|p1b: Sylveon|10/100
|move|p1b: Sylveon|Hyper Voice|p2a: Staraptor|[spread] p2a,p2b
|-supereffective|p2a: Staraptor|1
|-supereffective|p2b: Tyranitar|1
|-damage|p2a: Staraptor|0 fnt
|-damage|p2b: Tyranitar|27/100
|faint|p2a: Staraptor
|
|-weather|Sandstorm|[upkeep]
|-damage|p1b: Sylveon|4/100|[from] Sandstorm
|-damage|p1a: Chesnaught|90/100|[from] Sandstorm
|-heal|p1a: Chesnaught|96/100|[from] item: Leftovers
|upkeep
|
|t:|1785908816
|switch|p2a: Excadrill|Excadrill, L50, M|1/100
|turn|10
|
|t:|1785908835
|switch|p1b: Incineroar|Incineroar, L50, M, shiny|19/100
|-ability|p1b: Incineroar|Intimidate|boost
|-unboost|p2a: Excadrill|atk|1
|-unboost|p2b: Tyranitar|atk|1
|move|p2a: Excadrill|Iron Head|p1b: Incineroar
|-resisted|p1b: Incineroar|1
|-damage|p1b: Incineroar|7/100
|move|p2b: Tyranitar|Rock Slide|p1b: Incineroar|[spread] p1a,p1b
|-resisted|p1a: Chesnaught|1
|-supereffective|p1b: Incineroar|1
|-damage|p1a: Chesnaught|92/100
|-damage|p1b: Incineroar|0 fnt
|faint|p1b: Incineroar
|move|p1a: Chesnaught|Body Press|p2b: Tyranitar
|-supereffective|p2b: Tyranitar|2
|-damage|p2b: Tyranitar|0 fnt
|faint|p2b: Tyranitar
|
|-weather|Sandstorm|[upkeep]
|-damage|p1a: Chesnaught|86/100|[from] Sandstorm
|-heal|p1a: Chesnaught|92/100|[from] item: Leftovers
|upkeep
|
|t:|1785908852
|switch|p1b: Sylveon|Sylveon, L50, M|4/100
|turn|11
|
|t:|1785908859
|move|p1a: Chesnaught|Wide Guard|p1a: Chesnaught
|-singleturn|p1a: Chesnaught|Wide Guard
|move|p1b: Sylveon|Quick Attack|p2a: Excadrill
|-resisted|p2a: Excadrill|1
|-damage|p2a: Excadrill|0 fnt
|faint|p2a: Excadrill
|
|win|sturmkitten69
|raw|sturmkitten69's rating: 1188 → 1218(+30 for winning)
|raw|Stereofloveeee's rating: 1262 → 1232(-30 for losing)
