|j|☆ConnerTEP
|j|☆ExploudGaming
|html|ConnerTEPExploudGaming    
|uhtml|bestof|Game 1 of a best-of-3
|t:|1757823842
|gametype|doubles
|player|p1|ConnerTEP|clair-masters|1350
|player|p2|ExploudGaming|burglar|1454
|gen|9
|tier|[Gen 9] VGC 2025 Reg H (Bo3)
|rated|
|rule|Species Clause: Limit one of each Pokémon
|rule|Item Clause: Limit 1 of each item
|clearpoke
|poke|p1|Weezing-Galar, L50, M|
|poke|p1|Incineroar, L50, F|
|poke|p1|Dondozo, L50, M|
|poke|p1|Tatsugiri, L50, M|
|poke|p1|Garchomp, L50, F|
|poke|p1|Kilowattrel, L50, M|
|poke|p2|Maushold-Four, L50|
|poke|p2|Incineroar, L50, M|
|poke|p2|Pelipper, L50, F|
|poke|p2|Volcarona, L50, M|
|poke|p2|Rillaboom, L50, F|
|poke|p2|Sneasler, L50, M|
|teampreview|4
|showteam|p1|Weezing-Galar||SitrusBerry|NeutralizingGas|StrangeSteam,SludgeBomb,WillOWisp,Protect|||M|||50|,,,,,Flying]Incineroar||AbilityShield|Intimidate|KnockOff,Taunt,PartingShot,FakeOut|||F|||50|,,,,,Grass]Dondozo||Leftovers|Unaware|OrderUp,WaveCrash,Earthquake,Protect|||M|||50|,,,,,Steel]Tatsugiri||ChoiceScarf|Commander|DracoMeteor,MuddyWater,IcyWind,TeraBlast|||M|||50|,,,,,Fairy]Garchomp||LifeOrb|RoughSkin|Earthquake,StompingTantrum,DragonClaw,Protect|||F|||50|,,,,,Steel]Kilowattrel||FocusSash|Competitive|Thunderbolt,AirSlash,Tailwind,Protect|||M|||50|,,,,,Ghost
|showteam|p2|Maushold-Four||WideLens|Technician|Protect,FollowMe,ThunderWave,PopulationBomb||||||50|,,,,,Ghost]Incineroar||SafetyGoggles|Intimidate|PartingShot,Taunt,FakeOut,KnockOff|||M|||50|,,,,,Ghost]Pelipper||FocusSash|Drizzle|Protect,Tailwind,Hurricane,MuddyWater|||F|||50|,,,,,Ghost]Volcarona||GrassySeed|FlameBody|Protect,QuiverDance,TeraBlast,HeatWave|||M|||50|,,,,,Fairy]Rillaboom||MeadowPlate|GrassySurge|FakeOut,GrassyGlide,HighHorsepower,WoodHammer|||F|||50|,,,,,Fire]Sneasler||WhiteHerb|Unburden|Protect,ThroatChop,CloseCombat,DireClaw|||M|||50|,,,,,Stellar
|inactive|Battle timer is ON: inactive players will automatically lose when time's up. (requested by ConnerTEP)
|inactive|ExploudGaming has 60 seconds left.
|
|t:|1757823885
|teamsize|p1|4
|teamsize|p2|4
|start
|switch|p1a: Weezing|Weezing-Galar, L50, M|100/100
|switch|p1b: Incineroar|Incineroar, L50, F|100/100
|switch|p2a: Maushold|Maushold-Four, L50|100/100
|switch|p2b: Volcarona|Volcarona, L50, M|100/100
|-ability|p1a: Weezing|Neutralizing Gas
|-block|p1b: Incineroar|item: Ability Shield
|-ability|p1b: Incineroar|Intimidate|boost
|-unboost|p2a: Maushold|atk|1
|-unboost|p2b: Volcarona|atk|1
|turn|1
|
|t:|1757823900
|switch|p2a: Incineroar|Incineroar, L50, M|100/100
|move|p2b: Volcarona|Quiver Dance|p2b: Volcarona
|-boost|p2b: Volcarona|spa|1
|-boost|p2b: Volcarona|spd|1
|-boost|p2b: Volcarona|spe|1
|move|p1b: Incineroar|Knock Off|p2b: Volcarona
|-damage|p2b: Volcarona|57/100
|-enditem|p2b: Volcarona|Grassy Seed|[from] move: Knock Off|[of] p1b: Incineroar
|move|p1a: Weezing|Sludge Bomb|p2b: Volcarona
|-damage|p2b: Volcarona|38/100
|-status|p2b: Volcarona|psn
|
|-damage|p2b: Volcarona|25/100 psn|[from] psn
|upkeep
|turn|2
|inactive|ExploudGaming has 30 seconds left.
|
|t:|1757823931
|move|p2b: Volcarona|Tera Blast|p1b: Incineroar
|-damage|p1b: Incineroar|68/100
|move|p1b: Incineroar|Parting Shot|p2a: Incineroar
|-unboost|p2a: Incineroar|atk|1
|-unboost|p2a: Incineroar|spa|1
|
|t:|1757823935
|switch|p1b: Dondozo|Dondozo, L50, M|100/100|[from] Parting Shot
|move|p2a: Incineroar|Knock Off|p1a: Weezing
|-resisted|p1a: Weezing
|-damage|p1a: Weezing|89/100
|-enditem|p1a: Weezing|Sitrus Berry|[from] move: Knock Off|[of] p2a: Incineroar
|move|p1a: Weezing|Sludge Bomb|p2a: Incineroar
|-damage|p2a: Incineroar|76/100
|
|-damage|p2b: Volcarona|13/100 psn|[from] psn
|upkeep
|turn|3
|
|t:|1757823952
|-terastallize|p2a: Incineroar|Ghost
|move|p1b: Dondozo|Protect|p1b: Dondozo
|-singleturn|p1b: Dondozo|Protect
|move|p2b: Volcarona|Heat Wave|p1b: Dondozo|[spread] 
|-activate|p1b: Dondozo|move: Protect
|-miss|p2b: Volcarona|p1a: Weezing
|move|p2a: Incineroar|Parting Shot|p1b: Dondozo
|-activate|p1b: Dondozo|move: Protect
|move|p1a: Weezing|Sludge Bomb|p2b: Volcarona
|-damage|p2b: Volcarona|0 fnt
|faint|p2b: Volcarona
|
|upkeep
|
|t:|1757823962
|switch|p2b: Maushold|Maushold-Four, L50|100/100
|turn|4
|
|t:|1757823975
|switch|p2a: Rillaboom|Rillaboom, L50, F|100/100
|-end|p1a: Weezing|ability: Neutralizing Gas
|-fieldstart|move: Grassy Terrain|[from] ability: Grassy Surge|[of] p2a: Rillaboom
|switch|p1a: Tatsugiri|Tatsugiri, L50, M|100/100
|-activate|p1a: Tatsugiri|ability: Commander|[of] p1b: Dondozo
|-boost|p1b: Dondozo|atk|2
|-boost|p1b: Dondozo|spa|2
|-boost|p1b: Dondozo|spe|2
|-boost|p1b: Dondozo|def|2
|-boost|p1b: Dondozo|spd|2
|move|p2b: Maushold|Protect|p2b: Maushold
|-singleturn|p2b: Maushold|Protect
|move|p1b: Dondozo|Order Up|p2a: Rillaboom
|-damage|p2a: Rillaboom|57/100
|-boost|p1b: Dondozo|atk|1
|
|-heal|p2a: Rillaboom|63/100|[from] Grassy Terrain
|upkeep
|turn|5
|
|t:|1757823993
|switch|p2b: Incineroar|Incineroar, L50, M, tera:Ghost|76/100
|-ability|p2b: Incineroar|Intimidate|boost
|-unboost|p1a: Tatsugiri|atk|1
|-unboost|p1b: Dondozo|atk|1
|move|p1b: Dondozo|Protect|p1b: Dondozo
|-singleturn|p1b: Dondozo|Protect
|move|p2a: Rillaboom|Fake Out|p1b: Dondozo
|-activate|p1b: Dondozo|move: Protect
|
|-heal|p2a: Rillaboom|69/100|[from] Grassy Terrain
|-heal|p2b: Incineroar|82/100|[from] Grassy Terrain
|upkeep
|turn|6
|
|t:|1757824013
|-terastallize|p1b: Dondozo|Steel
|move|p2b: Incineroar|Fake Out|p1b: Dondozo
|-resisted|p1b: Dondozo
|-damage|p1b: Dondozo|99/100
|cant|p1b: Dondozo|flinch
|move|p2a: Rillaboom|Wood Hammer|p1b: Dondozo
|-resisted|p1b: Dondozo
|-damage|p1b: Dondozo|81/100
|-damage|p2a: Rillaboom|62/100|[from] Recoil
|
|-heal|p1b: Dondozo|87/100|[from] Grassy Terrain
|-heal|p1b: Dondozo|93/100|[from] item: Leftovers
|-heal|p2a: Rillaboom|68/100|[from] Grassy Terrain
|-heal|p2b: Incineroar|88/100|[from] Grassy Terrain
|upkeep
|turn|7
|
|t:|1757824021
|move|p1b: Dondozo|Wave Crash|p2b: Incineroar
|-damage|p2b: Incineroar|0 fnt
|faint|p2b: Incineroar
|-damage|p1b: Dondozo|69/100|[from] Recoil
|move|p2a: Rillaboom|High Horsepower|p1b: Dondozo
|-supereffective|p1b: Dondozo
|-damage|p1b: Dondozo|46/100
|
|-heal|p1b: Dondozo|52/100|[from] Grassy Terrain
|-heal|p1b: Dondozo|59/100|[from] item: Leftovers
|-heal|p2a: Rillaboom|74/100|[from] Grassy Terrain
|upkeep
|
|t:|1757824023
|switch|p2b: Maushold|Maushold-Four, L50|100/100
|turn|8
|
|t:|1757824030
|move|p2b: Maushold|Population Bomb|p1b: Dondozo
|-resisted|p1b: Dondozo
|-damage|p1b: Dondozo|57/100
|-resisted|p1b: Dondozo
|-damage|p1b: Dondozo|54/100
|-resisted|p1b: Dondozo
|-damage|p1b: Dondozo|52/100
|-resisted|p1b: Dondozo
|-damage|p1b: Dondozo|50/100
|-resisted|p1b: Dondozo
|-damage|p1b: Dondozo|48/100
|-resisted|p1b: Dondozo
|-crit|p1b: Dondozo
|-damage|p1b: Dondozo|43/100
|-resisted|p1b: Dondozo
|-damage|p1b: Dondozo|41/100
|-resisted|p1b: Dondozo
|-damage|p1b: Dondozo|39/100
|-resisted|p1b: Dondozo
|-damage|p1b: Dondozo|37/100
|-resisted|p1b: Dondozo
|-damage|p1b: Dondozo|35/100
|-hitcount|p1b: Dondozo|10
|move|p1b: Dondozo|Wave Crash|p2b: Maushold
|-damage|p2b: Maushold|0 fnt
|faint|p2b: Maushold
|-damage|p1b: Dondozo|15/100|[from] Recoil
|move|p2a: Rillaboom|High Horsepower|p1b: Dondozo|[miss]
|-miss|p2a: Rillaboom|p1b: Dondozo
|
|-heal|p1b: Dondozo|21/100|[from] Grassy Terrain
|-heal|p1b: Dondozo|27/100|[from] item: Leftovers
|-heal|p2a: Rillaboom|80/100|[from] Grassy Terrain
|-fieldend|move: Grassy Terrain
|upkeep
|turn|9
|
|t:|1757824039
|move|p1b: Dondozo|Wave Crash|p2a: Rillaboom
|-resisted|p2a: Rillaboom
|-damage|p2a: Rillaboom|33/100
|-damage|p1b: Dondozo|14/100|[from] Recoil
|move|p2a: Rillaboom|High Horsepower|p1b: Dondozo
|-supereffective|p1b: Dondozo
|-damage|p1b: Dondozo|0 fnt
|faint|p1b: Dondozo
|
|upkeep
|
|t:|1757824045
|switch|p1b: Incineroar|Incineroar, L50, F|68/100
|-ability|p1b: Incineroar|Intimidate|boost
|-unboost|p2a: Rillaboom|atk|1
|turn|10
|
|t:|1757824048
|move|p1a: Tatsugiri|Draco Meteor|p2a: Rillaboom|[miss]
|-miss|p1a: Tatsugiri|p2a: Rillaboom
|move|p1b: Incineroar|Knock Off|p2a: Rillaboom
|-damage|p2a: Rillaboom|0 fnt
|-enditem|p2a: Rillaboom|Meadow Plate|[from] move: Knock Off|[of] p1b: Incineroar
|faint|p2a: Rillaboom
|
|win|ConnerTEP
||ConnerTEP is ready for game 2.
||ExploudGaming is ready for game 2.
|uhtml|next|Next: Game 2 of 3
