|j|☆1OO% Jesus
|j|☆throat chop user
|html|1OO% Jesusthroat chop user    
|uhtml|bestof|Game 1 of a best-of-3
|t:|1783533353
|gametype|doubles
|player|p1|1OO% Jesus|lillie-z|1209
|player|p2|throat chop user|may|1353
|gen|9
|tier|[Gen 9 Champions] VGC 2026 Reg M-B (Bo3)
|rated|
|rule|Species Clause: Limit one of each Pokémon
|rule|Item Clause: Limit 1 of each item
|clearpoke
|poke|p1|Delphox, L50, M|
|poke|p1|Sneasler, L50, M|
|poke|p1|Incineroar, L50, F|
|poke|p1|Sinistcha, L50|
|poke|p1|Maushold-Four, L50|
|poke|p1|Blastoise, L50, M|
|poke|p2|Charizard, L50, F|
|poke|p2|Incineroar, L50, M|
|poke|p2|Sylveon, L50, M|
|poke|p2|Farigiraf, L50, F|
|poke|p2|Garchomp, L50, F|
|poke|p2|Aerodactyl, L50, M|
|teampreview|4
|showteam|p1|Delphox||Delphoxite|Blaze|HeatWave,Psyshock,NastyPlot,Protect|Timid||M|||50|]Sneasler||FocusSash|PoisonTouch|CloseCombat,PoisonJab,FakeOut,QuickGuard|Jolly||M|||50|]Incineroar||SitrusBerry|Intimidate|FlareBlitz,ThroatChop,FakeOut,PartingShot|Impish||F|||50|]Sinistcha||OccaBerry|Hospitality|MatchaGotcha,RagePowder,LifeDew,Protect|Bold|||||50|]Maushold-Four||ChopleBerry|FriendGuard|FollowMe,Feint,HelpingHand,Protect|Impish|||||50|]Blastoise||Blastoisinite|RainDish|WaterSpout,DarkPulse,ShellSmash,Protect|Modest||M|||50|
|showteam|p2|Charizard||CharizarditeY|Blaze|HeatWave,WeatherBall,SolarBeam,Protect|Modest||F|||50|]Incineroar||Charcoal|Intimidate|FlareBlitz,DarkestLariat,FakeOut,PartingShot|Brave||M|||50|]Sylveon||FairyFeather|Pixilate|HyperVoice,Yawn,QuickAttack,Protect|Modest||M|||50|]Farigiraf||SitrusBerry|ArmorTail|Psyshock,HelpingHand,TrickRoom,Protect|Calm||F|||50|]Garchomp||LifeOrb|RoughSkin|Earthquake,Protect,DragonClaw,RockSlide|Jolly||F|||50|]Aerodactyl||FocusSash|Unnerve|RockSlide,Tailwind,WideGuard,Protect|Jolly||M|||50|
|inactive|Battle timer is ON: inactive players will automatically lose when time's up. (requested by 1OO% Jesus)
|
|t:|1783533463
|teamsize|p1|4
|teamsize|p2|4
|start
|switch|p1a: Delphox|Delphox, L50, M|100/100
|switch|p1b: Sneasler|Sneasler, L50, M|100/100
|switch|p2a: Aerodactyl|Aerodactyl, L50, M|100/100
|switch|p2b: Garchomp|Garchomp, L50, F|100/100
|-ability|p2a: Aerodactyl|Unnerve
|turn|1
|inactive|1OO% Jesus has 30 seconds left.
|
|t:|1783533497
|detailschange|p1a: Delphox|Delphox-Mega, L50, M
|-mega|p1a: Delphox|Delphox|Delphoxite
|move|p1b: Sneasler|Fake Out|p2a: Aerodactyl
|-resisted|p2a: Aerodactyl|1
|-damage|p2a: Aerodactyl|89/100
|move|p1a: Delphox|Psyshock|p2b: Garchomp
|-damage|p2b: Garchomp|56/100
|cant|p2a: Aerodactyl|flinch
|move|p2b: Garchomp|Rock Slide|p1b: Sneasler|[spread] p1a,p1b
|-supereffective|p1a: Delphox|1
|-resisted|p1b: Sneasler|1
|-damage|p1a: Delphox|35/100
|-damage|p1b: Sneasler|78/100
|-damage|p2b: Garchomp|46/100|[from] item: Life Orb
|
|upkeep
|turn|2
|inactive|1OO% Jesus has 30 seconds left.
|
|t:|1783533525
|switch|p1b: Incineroar|Incineroar, L50, F|100/100
|-ability|p1b: Incineroar|Intimidate|boost
|-unboost|p2a: Aerodactyl|atk|1
|-unboost|p2b: Garchomp|atk|1
|move|p1a: Delphox|Protect|p1a: Delphox
|-singleturn|p1a: Delphox|Protect
|move|p2a: Aerodactyl|Tailwind|p2a: Aerodactyl
|-sidestart|p2: throat chop user|move: Tailwind
|move|p2b: Garchomp|Earthquake|p1a: Delphox|[spread] p1b
|-activate|p1a: Delphox|move: Protect
|-immune|p2a: Aerodactyl
|-supereffective|p1b: Incineroar|1
|-damage|p1b: Incineroar|50/100y
|-damage|p2b: Garchomp|36/100|[from] item: Life Orb
|
|upkeep
|turn|3
|inactive|1OO% Jesus has 30 seconds left.
|inactive|1OO% Jesus has 20 seconds left.
|inactive|1OO% Jesus has 15 seconds left.
|inactive|1OO% Jesus has 10 seconds left.
|
|t:|1783533572
|switch|p1b: Sinistcha|Sinistcha, L50|100/100
|-heal|p1a: Delphox|60/100|[from] ability: Hospitality|[of] p1b: Sinistcha
|move|p2a: Aerodactyl|Rock Slide|p1a: Delphox|[spread] p1b
|-miss|p2a: Aerodactyl|p1a: Delphox
|-damage|p1b: Sinistcha|88/100
|move|p2b: Garchomp|Rock Slide|p1a: Delphox|[spread] p1a,p1b
|-supereffective|p1a: Delphox|1
|-crit|p1b: Sinistcha
|-damage|p1a: Delphox|19/100
|-damage|p1b: Sinistcha|59/100
|-damage|p2b: Garchomp|27/100|[from] item: Life Orb
|cant|p1a: Delphox|flinch
|
|upkeep
|turn|4
|
|t:|1783533595
|move|p1a: Delphox|Protect|p1a: Delphox
|-singleturn|p1a: Delphox|Protect
|move|p2a: Aerodactyl|Rock Slide|p1a: Delphox|[spread] p1b
|-activate|p1a: Delphox|move: Protect
|-damage|p1b: Sinistcha|47/100
|move|p2b: Garchomp|Rock Slide|p1b: Sinistcha|[spread] p1b
|-activate|p1a: Delphox|move: Protect
|-damage|p1b: Sinistcha|34/100
|-damage|p2b: Garchomp|17/100|[from] item: Life Orb
|move|p1b: Sinistcha|Life Dew|p1b: Sinistcha|[spread] p1a,p1b
|-heal|p1a: Delphox|44/100
|-heal|p1b: Sinistcha|59/100
|
|upkeep
|turn|5
|
|t:|1783533614
|switch|p1b: Incineroar|Incineroar, L50, F|50/100y
|-ability|p1b: Incineroar|Intimidate|boost
|-unboost|p2a: Aerodactyl|atk|1
|-unboost|p2b: Garchomp|atk|1
|move|p2a: Aerodactyl|Rock Slide|p1b: Incineroar|[spread] p1a
|-miss|p2a: Aerodactyl|p1b: Incineroar
|-supereffective|p1a: Delphox|1
|-crit|p1a: Delphox
|-damage|p1a: Delphox|0 fnt
|faint|p1a: Delphox
|move|p2b: Garchomp|Rock Slide|p1b: Incineroar
|-supereffective|p1b: Incineroar|1
|-damage|p1b: Incineroar|21/100
|-damage|p2b: Garchomp|7/100|[from] item: Life Orb
|
|-sideend|p2: throat chop user|move: Tailwind
|upkeep
|
|t:|1783533623
|switch|p1a: Sinistcha|Sinistcha, L50|59/100
|-heal|p1b: Incineroar|46/100|[from] ability: Hospitality|[of] p1a: Sinistcha
|turn|6
|
|t:|1783533637
|switch|p2a: Charizard|Charizard, L50, F|100/100
|-enditem|p1b: Incineroar|Sitrus Berry|[eat]
|-heal|p1b: Incineroar|71/100|[from] item: Sitrus Berry
|switch|p2b: Sylveon|Sylveon, L50, M|100/100
|move|p1b: Incineroar|Fake Out|p2a: Charizard
|-damage|p2a: Charizard|88/100
|move|p1a: Sinistcha|Matcha Gotcha|p2b: Sylveon|[spread] p2a,p2b
|-resisted|p2a: Charizard|2
|-damage|p2a: Charizard|82/100
|-heal|p1a: Sinistcha|62/100|[from] drain|[of] p2a: Charizard
|-damage|p2b: Sylveon|81/100
|-heal|p1a: Sinistcha|73/100|[from] drain|[of] p2b: Sylveon
|
|upkeep
|turn|7
|-message|1OO% Jesus forfeited.
|
|win|throat chop user
||1OO% Jesus is ready for game 2.
||throat chop user is ready for game 2.
|uhtml|next|Next: Game 2 of 3
|l|☆1OO% Jesus
|player|p1|
