|j|☆lettitripppp
|j|☆khe wea
|html|lettitrippppkhe wea    
|uhtml|bestof|Game 2 of a best-of-3
|t:|1784492883
|gametype|doubles
|player|p1|lettitripppp|lucas|1221
|player|p2|khe wea|silver|1093
|gen|9
|tier|[Gen 9 Champions] VGC 2026 Reg M-B (Bo3)
|rated|
|rule|Species Clause: Limit one of each Pokémon
|rule|Item Clause: Limit 1 of each item
|clearpoke
|poke|p1|Charizard, L50, F, shiny|
|poke|p1|Basculegion, L50, M, shiny|
|poke|p1|Pelipper, L50, F|
|poke|p1|Venusaur, L50, F|
|poke|p1|Archaludon, L50, M|
|poke|p1|Grimmsnarl, L50, M, shiny|
|poke|p2|Grimmsnarl, L50, M|
|poke|p2|Staraptor, L50, M|
|poke|p2|Serperior, L50, F|
|poke|p2|Chandelure, L50, F|
|poke|p2|Sinistcha, L50|
|poke|p2|Incineroar, L50, M|
|teampreview|4
|showteam|p1|Charizard||CharizarditeY|Blaze|WeatherBall,SolarBeam,HeatWave,Protect|Modest||F|||50|]Basculegion||ChoiceScarf|Adaptability|LastRespects,WaveCrash,FlipTurn,AquaJet|Jolly||M|||50|]Pelipper||SitrusBerry|Drizzle|WeatherBall,WideGuard,Hurricane,Tailwind|Modest||F|||50|]Venusaur||FocusSash|Chlorophyll|SleepPowder,SludgeBomb,EarthPower,Protect|Modest||F|||50|]Archaludon||Leftovers|Stamina|FlashCannon,DragonPulse,ElectroShot,Protect|Calm||M|||50|]Grimmsnarl||LightClay|Prankster|PartingShot,LightScreen,SpiritBreak,Reflect|Relaxed||M|||50|
|showteam|p2|Grimmsnarl||LightClay|Prankster|PartingShot,FakeTears,Reflect,LightScreen|Bold||M|||50|]Staraptor||Staraptite|Intimidate|CloseCombat,DualWingbeat,Protect,Roost|Adamant||M|||50|]Serperior||ShellBell|Contrary|LeafStorm,DragonPulse,GigaDrain,Protect|Timid||F|||50|]Chandelure||ChoiceScarf|FlashFire|HeatWave,ShadowBall,Overheat,Trick|Modest||F|||50|]Sinistcha||Leftovers|Hospitality|MatchaGotcha,RagePowder,LifeDew,Scald|Calm|||||50|]Incineroar||SitrusBerry|Intimidate|FakeOut,Bulldoze,PartingShot,Snarl|Calm||M|||50|
|inactive|Battle timer is ON: inactive players will automatically lose when time's up. (requested by lettitripppp)
|
|t:|1784492913
|teamsize|p1|4
|teamsize|p2|4
|start
|switch|p1a: AGNI|Charizard, L50, F, shiny|100/100
|switch|p1b: GO JOHAN|Grimmsnarl, L50, M, shiny|100/100
|switch|p2a: Staraptor|Staraptor, L50, M|100/100
|switch|p2b: Grimmsnarl|Grimmsnarl, L50, M|100/100
|-ability|p2a: Staraptor|Intimidate|boost
|-unboost|p1a: AGNI|atk|1
|-unboost|p1b: GO JOHAN|atk|1
|turn|1
|
|t:|1784492921
|detailschange|p1a: AGNI|Charizard-Mega-Y, L50, F, shiny
|-mega|p1a: AGNI|Charizard|Charizardite Y
|-weather|SunnyDay|[from] ability: Drought|[of] p1a: AGNI
|detailschange|p2a: Staraptor|Staraptor-Mega, L50, M
|-mega|p2a: Staraptor|Staraptor|Staraptite
|move|p2b: Grimmsnarl|Light Screen|p2b: Grimmsnarl
|-sidestart|p2: khe wea|move: Light Screen
|move|p1b: GO JOHAN|Reflect|p1b: GO JOHAN
|-sidestart|p1: lettitripppp|Reflect
|move|p1a: AGNI|Heat Wave|p2a: Staraptor|[spread] p2a,p2b
|-damage|p2a: Staraptor|60/100
|-damage|p2b: Grimmsnarl|53/100
|-status|p2a: Staraptor|brn
|move|p2a: Staraptor|Close Combat|p1b: GO JOHAN
|-damage|p1b: GO JOHAN|79/100
|-boost|p2a: Staraptor|def|1
|-boost|p2a: Staraptor|spd|1
|
|-weather|SunnyDay|[upkeep]
|-damage|p2a: Staraptor|54/100 brn|[from] brn
|upkeep
|turn|2
|
|t:|1784492944
|move|p2b: Grimmsnarl|Fake Tears|p2a: Staraptor
|-boost|p2a: Staraptor|spd|2
|move|p1b: GO JOHAN|Light Screen|p1b: GO JOHAN
|-sidestart|p1: lettitripppp|move: Light Screen
|move|p1a: AGNI|Heat Wave|p2a: Staraptor|[spread] p2a,p2b
|-damage|p2a: Staraptor|36/100 brn
|-damage|p2b: Grimmsnarl|9/100
|move|p2a: Staraptor|Roost|p2a: Staraptor
|-heal|p2a: Staraptor|86/100 brn
|-singleturn|p2a: Staraptor|move: Roost
|
|-weather|SunnyDay|[upkeep]
|-damage|p2a: Staraptor|81/100 brn|[from] brn
|upkeep
|turn|3
|inactive|khe wea has 30 seconds left.
|
|t:|1784492972
|move|p1a: AGNI|Protect|p1a: AGNI
|-singleturn|p1a: AGNI|Protect
|move|p2b: Grimmsnarl|Parting Shot|p2a: Staraptor
|-boost|p2a: Staraptor|atk|1
|-boost|p2a: Staraptor|spa|1
|
|t:|1784492978
|switch|p2b: Sinistcha|Sinistcha, L50|100/100|[from] Parting Shot
|-heal|p2a: Staraptor|100/100 brn|[from] ability: Hospitality|[of] p2b: Sinistcha
|move|p2a: Staraptor|Close Combat|p1b: GO JOHAN
|-damage|p1b: GO JOHAN|48/100
|-boost|p2a: Staraptor|def|1
|-boost|p2a: Staraptor|spd|1
|move|p1b: GO JOHAN|Spirit Break|p2b: Sinistcha
|-damage|p2b: Sinistcha|80/100
|-unboost|p2b: Sinistcha|spa|1
|
|-weather|SunnyDay|[upkeep]
|-heal|p2b: Sinistcha|87/100|[from] item: Leftovers
|-damage|p2a: Staraptor|94/100 brn|[from] brn
|upkeep
|turn|4
|
|t:|1784492998
|move|p1b: GO JOHAN|Parting Shot|p2b: Sinistcha
|-unboost|p2b: Sinistcha|atk|1
|-unboost|p2b: Sinistcha|spa|1
|
|t:|1784493001
|switch|p1b: SOFT-SLEEP|Venusaur, L50, F|100/100|[from] Parting Shot
|move|p1a: AGNI|Heat Wave|p2b: Sinistcha|[spread] p2a
|-miss|p1a: AGNI|p2b: Sinistcha
|-damage|p2a: Staraptor|80/100 brn
|move|p2a: Staraptor|Dual Wingbeat|p1a: AGNI
|-damage|p1a: AGNI|88/100
|-damage|p1a: AGNI|76/100
|-hitcount|p1a: AGNI|2
|move|p2b: Sinistcha|Life Dew|p2b: Sinistcha|[spread] p2a,p2b
|-heal|p2a: Staraptor|100/100 brn
|-heal|p2b: Sinistcha|100/100
|
|-weather|SunnyDay|[upkeep]
|-damage|p2a: Staraptor|94/100 brn|[from] brn
|upkeep
|turn|5
|
|t:|1784493024
|move|p1b: SOFT-SLEEP|Sludge Bomb|p2a: Staraptor
|-damage|p2a: Staraptor|84/100 brn
|move|p1a: AGNI|Weather Ball|p2a: Staraptor
|-damage|p2a: Staraptor|63/100 brn
|move|p2a: Staraptor|Dual Wingbeat|p1b: SOFT-SLEEP
|-supereffective|p1b: SOFT-SLEEP|1
|-damage|p1b: SOFT-SLEEP|67/100
|-supereffective|p1b: SOFT-SLEEP|1
|-damage|p1b: SOFT-SLEEP|36/100
|-hitcount|p1b: SOFT-SLEEP|2
|move|p2b: Sinistcha|Scald|p1a: AGNI
|-supereffective|p1a: AGNI|1
|-damage|p1a: AGNI|68/100
|
|-weather|none
|-damage|p2a: Staraptor|57/100 brn|[from] brn
|upkeep
|turn|6
|
|t:|1784493035
|switch|p1a: GO JOHAN|Grimmsnarl, L50, M, shiny|48/100
|move|p1b: SOFT-SLEEP|Protect|p1b: SOFT-SLEEP
|-singleturn|p1b: SOFT-SLEEP|Protect
|move|p2a: Staraptor|Roost|p2a: Staraptor
|-heal|p2a: Staraptor|100/100 brn
|-singleturn|p2a: Staraptor|move: Roost
|move|p2b: Sinistcha|Scald|p2a: Staraptor
|-damage|p2a: Staraptor|97/100 brn
|
|-damage|p2a: Staraptor|91/100 brn|[from] brn
|upkeep
|turn|7
|
|t:|1784493054
|switch|p2b: Grimmsnarl|Grimmsnarl, L50, M|9/100
|move|p1a: GO JOHAN|Parting Shot|p2b: Grimmsnarl
|-hint|Since gen 7, Dark is immune to Prankster moves.
|-immune|p2b: Grimmsnarl
|move|p1b: SOFT-SLEEP|Sludge Bomb|p2b: Grimmsnarl
|-supereffective|p2b: Grimmsnarl|1
|-damage|p2b: Grimmsnarl|0 fnt
|faint|p2b: Grimmsnarl
|move|p2a: Staraptor|Close Combat|p1a: GO JOHAN
|-damage|p1a: GO JOHAN|16/100
|-boost|p2a: Staraptor|def|1
|-boost|p2a: Staraptor|spd|1
|
|-damage|p2a: Staraptor|85/100 brn|[from] brn
|upkeep
|
|t:|1784493065
|switch|p2b: Serperior|Serperior, L50, F|100/100
|turn|8
|
|t:|1784493072
|switch|p1a: GHOSTWAVE|Basculegion, L50, M, shiny|100/100
|move|p2b: Serperior|Leaf Storm|p1a: GHOSTWAVE
|-supereffective|p1a: GHOSTWAVE|1
|-damage|p1a: GHOSTWAVE|33/100
|-boost|p2b: Serperior|spa|2
|move|p1b: SOFT-SLEEP|Sludge Bomb|p2b: Serperior
|-supereffective|p2b: Serperior|1
|-damage|p2b: Serperior|39/100
|move|p2a: Staraptor|Dual Wingbeat|p1b: SOFT-SLEEP
|-supereffective|p1b: SOFT-SLEEP|1
|-crit|p1b: SOFT-SLEEP
|-damage|p1b: SOFT-SLEEP|0 fnt
|faint|p1b: SOFT-SLEEP
|-hitcount|p1: SOFT-SLEEP|1
|
|-damage|p2a: Staraptor|80/100 brn|[from] brn
|-sideend|p1: lettitripppp|Reflect
|-sideend|p2: khe wea|move: Light Screen
|upkeep
|
|t:|1784493085
|switch|p1b: AGNI|Charizard-Mega-Y, L50, F, shiny|68/100
|-weather|SunnyDay|[from] ability: Drought|[of] p1b: AGNI
|turn|9
|
|t:|1784493097
|move|p2b: Serperior|Protect|p2b: Serperior
|-singleturn|p2b: Serperior|Protect
|move|p1a: GHOSTWAVE|Last Respects|p2b: Serperior
|-activate|p2b: Serperior|move: Protect
|move|p1b: AGNI|Weather Ball|p2a: Staraptor
|-crit|p2a: Staraptor
|-damage|p2a: Staraptor|0 fnt
|faint|p2a: Staraptor
|
|-weather|SunnyDay|[upkeep]
|-sideend|p1: lettitripppp|move: Light Screen
|upkeep
|-message|khe wea forfeited.
|raw|lettitripppp's rating: 1221 → 1237(+16 for winning)
|raw|khe wea's rating: 1093 → 1077(-16 for losing)
|
|win|lettitripppp
|l|☆khe wea
|player|p2|
