|j|☆CookieSpark
|j|☆PittsburghSkylines
|html|CookieSparkPittsburghSkylines    
|uhtml|bestof|Game 3 of a best-of-3
|t:|1757821339
|gametype|doubles
|player|p1|CookieSpark|swimmer|1049
|player|p2|PittsburghSkylines|blue|1270
|gen|9
|tier|[Gen 9] VGC 2025 Reg H (Bo3)
|rated|
|rule|Species Clause: Limit one of each Pokémon
|rule|Item Clause: Limit 1 of each item
|clearpoke
|poke|p1|Ursaluna-Bloodmoon, L50, M|
|poke|p1|Gholdengo, L50|
|poke|p1|Grimmsnarl, L50, M|
|poke|p1|Pawmot, L50, F|
|poke|p1|Magmortar, L50, F|
|poke|p1|Ninetales-Alola, L50, M|
|poke|p2|Sneasler, L50, M|
|poke|p2|Whimsicott, L50, M|
|poke|p2|Gholdengo, L50|
|poke|p2|Hydreigon, L50, M|
|poke|p2|Garchomp, L50, M|
|poke|p2|Incineroar, L50, M|
|teampreview|4
|showteam|p1|Ursaluna-Bloodmoon||AssaultVest|MindsEye|HyperVoice,BloodMoon,EarthPower,Moonblast|||M|||50|,,,,,Normal]Gholdengo||ExpertBelt|GoodasGold|MakeItRain,NastyPlot,ShadowBall,Protect||||||50|,,,,,Water]Grimmsnarl||CovertCloak|Prankster|BrickBreak,FoulPlay,Reflect,LightScreen|||M|||50|,,,,,Ghost]Pawmot||FocusSash|IronFist|CloseCombat,FakeOut,DoubleShock,ThunderWave|||F|||50|,,,,,Fighting]Magmortar||Leftovers|FlameBody|ClearSmog,FollowMe,Overheat,Protect|||F|||50|,,,,,Grass]Ninetales-Alola||ChoiceSpecs|SnowWarning|IcyWind,Blizzard,FreezeDry,Moonblast|||M|||50|,,,,,Water
|showteam|p2|Sneasler||WhiteHerb|Unburden|CloseCombat,DireClaw,FakeOut,Protect|||M|||50|,,,,,Stellar]Whimsicott||FocusSash|Prankster|Moonblast,FakeTears,Tailwind,Protect|||M|||50|,,,,,Ghost]Gholdengo||ChoiceSpecs|GoodasGold|MakeItRain,ShadowBall,PowerGem,Trick||||||50|,,,,,Steel]Hydreigon||SitrusBerry|Levitate|DracoMeteor,DarkPulse,Snarl,Protect|||M|||50|,,,,,Ghost]Garchomp||LifeOrb|RoughSkin|Earthquake,StompingTantrum,RockSlide,Protect|||M|||50|,,,,,Ground]Incineroar||AssaultVest|Intimidate|FlareBlitz,KnockOff,Uturn,FakeOut|||M|||50|,,,,,Grass
|
|t:|1757821351
|teamsize|p1|4
|teamsize|p2|4
|start
|switch|p1a: Grimmsnarl|Grimmsnarl, L50, M|100/100
|switch|p1b: Magmortar|Magmortar, L50, F|100/100
|switch|p2a: Whimsicott|Whimsicott, L50, M|100/100
|switch|p2b: Gholdengo|Gholdengo, L50|100/100
|turn|1
|
|t:|1757821366
|switch|p2b: Incineroar|Incineroar, L50, M|100/100
|-ability|p2b: Incineroar|Intimidate|boost
|-unboost|p1a: Grimmsnarl|atk|1
|-unboost|p1b: Magmortar|atk|1
|move|p1a: Grimmsnarl|Light Screen|p1a: Grimmsnarl
|-sidestart|p1: CookieSpark|move: Light Screen
|move|p2a: Whimsicott|Moonblast|p1a: Grimmsnarl
|-supereffective|p1a: Grimmsnarl
|-damage|p1a: Grimmsnarl|67/100
|move|p1b: Magmortar|Overheat|p2b: Incineroar
|-resisted|p2b: Incineroar
|-damage|p2b: Incineroar|79/100
|-unboost|p1b: Magmortar|spa|2
|
|upkeep
|turn|2
|
|t:|1757821398
|switch|p2a: Sneasler|Sneasler, L50, M|100/100
|move|p1b: Magmortar|Follow Me|p1b: Magmortar
|-singleturn|p1b: Magmortar|move: Follow Me
|move|p2b: Incineroar|Knock Off|p1b: Magmortar
|-damage|p1b: Magmortar|26/100
|-enditem|p1b: Magmortar|Leftovers|[from] move: Knock Off|[of] p2b: Incineroar
|move|p1a: Grimmsnarl|Brick Break|p2a: Sneasler
|-resisted|p2a: Sneasler
|-damage|p2a: Sneasler|90/100
|
|upkeep
|turn|3
|
|t:|1757821417
|move|p1b: Magmortar|Protect|p1b: Magmortar
|-singleturn|p1b: Magmortar|Protect
|move|p2a: Sneasler|Fake Out|p1a: Grimmsnarl
|-damage|p1a: Grimmsnarl|47/100
|move|p1a: Grimmsnarl|Reflect|p1a: Grimmsnarl
|-sidestart|p1: CookieSpark|Reflect
|move|p2b: Incineroar|Knock Off|p1b: Magmortar
|-activate|p1b: Magmortar|move: Protect
|
|upkeep
|turn|4
|
|t:|1757821435
|switch|p2a: Gholdengo|Gholdengo, L50|100/100
|switch|p1b: Ninetales|Ninetales-Alola, L50, M|100/100
|-weather|Snowscape|[from] ability: Snow Warning|[of] p1b: Ninetales
|switch|p1a: Gholdengo|Gholdengo, L50|100/100
|move|p2b: Incineroar|Knock Off|p1b: Ninetales
|-resisted|p1b: Ninetales
|-damage|p1b: Ninetales|86/100
|-enditem|p1b: Ninetales|Choice Specs|[from] move: Knock Off|[of] p2b: Incineroar
|
|-weather|Snowscape|[upkeep]
|upkeep
|turn|5
|
|t:|1757821459
|switch|p1b: Magmortar|Magmortar, L50, F|26/100
|-terastallize|p2a: Gholdengo|Steel
|move|p1a: Gholdengo|Nasty Plot|p1a: Gholdengo
|-boost|p1a: Gholdengo|spa|2
|move|p2a: Gholdengo|Make It Rain|p1b: Magmortar|[spread] p1a,p1b
|-resisted|p1a: Gholdengo
|-resisted|p1b: Magmortar
|-damage|p1a: Gholdengo|59/100
|-damage|p1b: Magmortar|0 fnt
|-unboost|p2a: Gholdengo|spa|1
|faint|p1b: Magmortar
|move|p2b: Incineroar|U-turn|p1a: Gholdengo
|-resisted|p1a: Gholdengo
|-damage|p1a: Gholdengo|55/100
|
|t:|1757821473
|switch|p2b: Whimsicott|Whimsicott, L50, M|100/100|[from] U-turn
|
|-weather|Snowscape|[upkeep]
|-sideend|p1: CookieSpark|move: Light Screen
|upkeep
|
|t:|1757821487
|switch|p1b: Grimmsnarl|Grimmsnarl, L50, M|47/100
|turn|6
|
|t:|1757821493
|move|p2b: Whimsicott|Tailwind|p2b: Whimsicott
|-sidestart|p2: PittsburghSkylines|move: Tailwind
|move|p1b: Grimmsnarl|Light Screen|p1b: Grimmsnarl
|-sidestart|p1: CookieSpark|move: Light Screen
|move|p2a: Gholdengo|Make It Rain|p1b: Grimmsnarl|[spread] p1a,p1b
|-resisted|p1a: Gholdengo
|-supereffective|p1b: Grimmsnarl
|-damage|p1a: Gholdengo|27/100
|-damage|p1b: Grimmsnarl|0 fnt
|-unboost|p2a: Gholdengo|spa|1
|faint|p1b: Grimmsnarl
|move|p1a: Gholdengo|Make It Rain|p2b: Whimsicott|[spread] p2a,p2b
|-resisted|p2a: Gholdengo
|-supereffective|p2b: Whimsicott
|-damage|p2a: Gholdengo|50/100
|-enditem|p2b: Whimsicott|Focus Sash
|-damage|p2b: Whimsicott|1/100
|-unboost|p1a: Gholdengo|spa|1
|
|-weather|Snowscape|[upkeep]
|upkeep
|
|t:|1757821500
|switch|p1b: Ninetales|Ninetales-Alola, L50, M|86/100
|turn|7
|
|t:|1757821516
|switch|p2b: Incineroar|Incineroar, L50, M|79/100
|-ability|p2b: Incineroar|Intimidate|boost
|-unboost|p1a: Gholdengo|atk|1
|-unboost|p1b: Ninetales|atk|1
|move|p2a: Gholdengo|Make It Rain|p1b: Ninetales|[spread] p1a,p1b
|-resisted|p1a: Gholdengo
|-supereffective|p1b: Ninetales
|-damage|p1a: Gholdengo|7/100
|-damage|p1b: Ninetales|0 fnt
|-unboost|p2a: Gholdengo|spa|1
|faint|p1b: Ninetales
|move|p1a: Gholdengo|Make It Rain|p2b: Incineroar|[spread] p2a,p2b
|-resisted|p2a: Gholdengo
|-resisted|p2b: Incineroar
|-damage|p2a: Gholdengo|6/100
|-damage|p2b: Incineroar|55/100
|-unboost|p1a: Gholdengo|spa|1
|
|-weather|Snowscape|[upkeep]
|-sideend|p1: CookieSpark|Reflect
|upkeep
|turn|8
|c|☆PittsburghSkylines|ggs
|c|☆CookieSpark|ggs
|
|t:|1757821537
|move|p2a: Gholdengo|Make It Rain|p1a: Gholdengo
|-resisted|p1a: Gholdengo
|-damage|p1a: Gholdengo|0 fnt
|-unboost|p2a: Gholdengo|spa|1
|faint|p1a: Gholdengo
|
|win|PittsburghSkylines
|raw|CookieSpark's rating: 1049 → 1041(-8 for losing)
|raw|PittsburghSkylines's rating: 1270 → 1281(+11 for winning)
