|j|☆Tolozaaa
|j|☆cooledoregon
|html|Tolozaaacooledoregon    
|uhtml|bestof|Game 1 of a best-of-3
|t:|1783351019
|gametype|doubles
|player|p1|Tolozaaa|101|1148
|player|p2|cooledoregon|266|1220
|gen|9
|tier|[Gen 9 Champions] VGC 2026 Reg M-B (Bo3)
|rated|
|rule|Species Clause: Limit one of each Pokémon
|rule|Item Clause: Limit 1 of each item
|clearpoke
|poke|p1|Aerodactyl, L50, F|
|poke|p1|Kingambit, L50, F|
|poke|p1|Charizard, L50, M, shiny|
|poke|p1|Farigiraf, L50, F|
|poke|p1|Sylveon, L50, F|
|poke|p1|Garchomp, L50, M|
|poke|p2|Rotom-Wash, L50|
|poke|p2|Sneasler, L50, M|
|poke|p2|Froslass, L50, F|
|poke|p2|Glimmora, L50, M|
|poke|p2|Garchomp, L50, M|
|poke|p2|Floette-Eternal, L50, F|
|teampreview|4
|showteam|p1|Aerodactyl||Aerodactylite|Unnerve|DualWingbeat,Tailwind,RockSlide,IceFang|Serious||F|||50|]Kingambit||FocusSash|Defiant|KowtowCleave,SuckerPunch,LowKick,IronHead|Adamant||F|||50|]Charizard||CharizarditeY|Blaze|Protect,HeatWave,WeatherBall,SolarBeam|Modest||M|||50|]Farigiraf||SitrusBerry|ArmorTail|Thunderbolt,Psychic,GrassKnot,TrickRoom|Bold||F|||50|]Sylveon||FairyFeather|Pixilate|HyperVoice,HyperBeam,QuickAttack,Protect|Modest||F|||50|]Garchomp||LifeOrb|RoughSkin|Earthquake,RockTomb,DragonClaw,Protect|Jolly||M|||50|
|showteam|p2|Rotom-Wash||ChoiceScarf|Levitate|VoltSwitch,Electroweb,HydroPump,Thunderbolt|Timid|||||50|]Sneasler||WhiteHerb|Unburden|FakeOut,DireClaw,CloseCombat,Protect|Jolly||M|||50|]Froslass||Froslassite|CursedBody|ShadowBall,Blizzard,AuroraVeil,Protect|Timid||F|||50|]Glimmora||FocusSash|ToxicDebris|PowerGem,EarthPower,SludgeBomb,SpikyShield|Timid||M|||50|]Garchomp||LifeOrb|RoughSkin|Earthquake,StompingTantrum,DragonClaw,Protect|Jolly||M|||50|]Floette-Eternal||Floettite|FlowerVeil|DazzlingGleam,LightofRuin,Moonblast,Protect|Timid||F|||50|
|inactive|Battle timer is ON: inactive players will automatically lose when time's up. (requested by cooledoregon)
|inactive|Tolozaaa has 60 seconds left.
|inactive|Tolozaaa has 30 seconds left.
|
|t:|1783351079
|teamsize|p1|4
|teamsize|p2|4
|start
|switch|p1a: Charizard|Charizard, L50, M, shiny|100/100
|switch|p1b: Garchomp|Garchomp, L50, M|100/100
|switch|p2a: Sneasler|Sneasler, L50, M|100/100
|switch|p2b: Rotom|Rotom-Wash, L50|100/100
|turn|1
|inactive|Tolozaaa has 30 seconds left.
|inactive|cooledoregon has 30 seconds left.
|inactive|Tolozaaa has 20 seconds left.
|inactive|cooledoregon has 20 seconds left.
|inactive|cooledoregon has 15 seconds left.
|inactive|cooledoregon has 10 seconds left.
|
|t:|1783351127
|detailschange|p1a: Charizard|Charizard-Mega-Y, L50, M, shiny
|-mega|p1a: Charizard|Charizard|Charizardite Y
|-weather|SunnyDay|[from] ability: Drought|[of] p1a: Charizard
|move|p2a: Sneasler|Protect|p2a: Sneasler
|-singleturn|p2a: Sneasler|Protect
|move|p1a: Charizard|Protect|p1a: Charizard
|-singleturn|p1a: Charizard|Protect
|move|p2b: Rotom|Thunderbolt|p1a: Charizard
|-activate|p1a: Charizard|move: Protect
|move|p1b: Garchomp|Rock Tomb|p2a: Sneasler
|-activate|p2a: Sneasler|move: Protect
|
|-weather|SunnyDay|[upkeep]
|upkeep
|turn|2
|inactive|Tolozaaa has 30 seconds left.
|
|t:|1783351153
|move|p2b: Rotom|Thunderbolt|p1a: Charizard
|-supereffective|p1a: Charizard|1
|-damage|p1a: Charizard|37/100
|move|p2a: Sneasler|Dire Claw|p1a: Charizard
|-damage|p1a: Charizard|0 fnt
|faint|p1a: Charizard
|move|p1b: Garchomp|Earthquake|p2a: Sneasler|[spread] p2a
|-immune|p2b: Rotom|[from] ability: Levitate
|-supereffective|p2a: Sneasler|1
|-damage|p2a: Sneasler|0 fnt
|faint|p2a: Sneasler
|-damage|p1b: Garchomp|90/100|[from] item: Life Orb
|
|-weather|SunnyDay|[upkeep]
|upkeep
|
|t:|1783351169
|switch|p2a: Froslass|Froslass, L50, F|100/100
|switch|p1a: Sylveon|Sylveon, L50, F|100/100
|turn|3
|inactive|cooledoregon has 30 seconds left.
|
|t:|1783351195
|detailschange|p2a: Froslass|Froslass-Mega, L50, F
|-mega|p2a: Froslass|Froslass|Froslassite
|-weather|Snowscape|[from] ability: Snow Warning|[of] p2a: Froslass
|move|p1b: Garchomp|Protect|p1b: Garchomp
|-singleturn|p1b: Garchomp|Protect
|move|p2b: Rotom|Thunderbolt|p1a: Sylveon
|-damage|p1a: Sylveon|71/100
|move|p2a: Froslass|Blizzard|p1b: Garchomp|[spread] p1a
|-activate|p1b: Garchomp|move: Protect
|-damage|p1a: Sylveon|32/100
|move|p1a: Sylveon|Hyper Voice|p2a: Froslass|[spread] p2a,p2b
|-crit|p2b: Rotom
|-damage|p2a: Froslass|34/100
|-damage|p2b: Rotom|17/100
|
|-weather|Snowscape|[upkeep]
|upkeep
|turn|4
|inactive|cooledoregon has 30 seconds left.
|inactive|Tolozaaa has 30 seconds left.
|inactive|Tolozaaa has 20 seconds left.
|
|t:|1783351241
|switch|p2b: Glimmora|Glimmora, L50, M|100/100
|switch|p1b: Kingambit|Kingambit, L50, F|100/100
|move|p1a: Sylveon|Quick Attack|p2b: Glimmora
|-resisted|p2b: Glimmora|1
|-damage|p2b: Glimmora|92/100
|-activate|p2b: Glimmora|ability: Toxic Debris
|-sidestart|p1: Tolozaaa|move: Toxic Spikes
|move|p2a: Froslass|Blizzard|p1a: Sylveon|[spread] p1a,p1b
|-resisted|p1b: Kingambit|1
|-damage|p1a: Sylveon|0 fnt
|-damage|p1b: Kingambit|75/100
|faint|p1a: Sylveon
|
|-weather|Snowscape|[upkeep]
|upkeep
|
|t:|1783351255
|switch|p1a: Garchomp|Garchomp, L50, M|90/100
|-status|p1a: Garchomp|psn
|turn|5
|inactive|cooledoregon has 30 seconds left.
|
|t:|1783351289
|move|p2a: Froslass|Aurora Veil|p2a: Froslass
|-sidestart|p2: cooledoregon|move: Aurora Veil
|move|p2b: Glimmora|Earth Power|p1b: Kingambit
|-supereffective|p1b: Kingambit|1
|-damage|p1b: Kingambit|3/100
|move|p1a: Garchomp|Rock Tomb|p2a: Froslass
|-supereffective|p2a: Froslass|1
|-damage|p2a: Froslass|0 fnt
|faint|p2a: Froslass
|-damage|p1a: Garchomp|80/100 psn|[from] item: Life Orb
|move|p1b: Kingambit|Kowtow Cleave|p2b: Glimmora
|-damage|p2b: Glimmora|55/100
|-activate|p2b: Glimmora|ability: Toxic Debris
|-sidestart|p1: Tolozaaa|move: Toxic Spikes
|
|-weather|Snowscape|[upkeep]
|-damage|p1a: Garchomp|68/100 psn|[from] psn
|upkeep
|
|t:|1783351294
|switch|p2a: Rotom|Rotom-Wash, L50|17/100
|turn|6
|inactive|Tolozaaa has 30 seconds left.
|inactive|cooledoregon has 30 seconds left.
|inactive|cooledoregon has 20 seconds left.
|
|t:|1783351331
|move|p2b: Glimmora|Spiky Shield|p2b: Glimmora
|-singleturn|p2b: Glimmora|move: Protect
|move|p1b: Kingambit|Sucker Punch|p2a: Rotom
|-damage|p2a: Rotom|0 fnt
|faint|p2a: Rotom
|move|p1a: Garchomp|Earthquake|p2b: Glimmora|[spread] p1b
|-activate|p2b: Glimmora|move: Protect
|-supereffective|p1b: Kingambit|1
|-crit|p1b: Kingambit
|-damage|p1b: Kingambit|0 fnt
|faint|p1b: Kingambit
|-damage|p1a: Garchomp|58/100 psn|[from] item: Life Orb
|
|-weather|Snowscape|[upkeep]
|-damage|p1a: Garchomp|46/100 psn|[from] psn
|upkeep
|turn|7
|inactive|Tolozaaa has 30 seconds left.
|
|t:|1783351357
|move|p2b: Glimmora|Earth Power|p1a: Garchomp
|-damage|p1a: Garchomp|10/100 psn
|move|p1a: Garchomp|Earthquake|p2b: Glimmora
|-supereffective|p2b: Glimmora|2
|-damage|p2b: Glimmora|0 fnt
|faint|p2b: Glimmora
|-damage|p1a: Garchomp|1/100 psn|[from] item: Life Orb
|
|win|Tolozaaa
||cooledoregon is ready for game 2.
|l|☆Tolozaaa
|player|p1|
|inactive|Tolozaaa has 30 seconds to confirm battle start!
||Tolozaaa is ready for game 2.
|uhtml|next|Next: Game 2 of 3
