|j|☆pronounced_bilth
|j|☆bil101010
|html|pronounced_bilthbil101010    
|uhtml|bestof|Game 1 of a best-of-3
|t:|1782958053
|gametype|doubles
|player|p1|pronounced_bilth|li|1000
|player|p2|bil101010|101|1000
|gen|9
|tier|[Gen 9 Champions] VGC 2026 Reg M-B (Bo3)
|rated|
|rule|Species Clause: Limit one of each Pokémon
|rule|Item Clause: Limit 1 of each item
|clearpoke
|poke|p1|Raichu, L50, M|
|poke|p1|Jolteon, L50, F|
|poke|p1|Swampert, L50, F|
|poke|p1|Archaludon, L50, F|
|poke|p1|Sinistcha, L50|
|poke|p1|Pelipper, L50, M|
|poke|p2|Malamar, L50, M|
|poke|p2|Scolipede, L50, M|
|poke|p2|Meowstic, L50, M|
|poke|p2|Annihilape, L50, M|
|poke|p2|Sinistcha, L50|
|poke|p2|Incineroar, L50, F|
|teampreview|4
|showteam|p1|Raichu||RaichuniteX|LightningRod|FakeOut,Encore,RisingVoltage,Protect|Timid||M|||50|]Jolteon||FocusSash|VoltAbsorb|Thunder,Discharge,RainDance,Detect|Timid||F|||50|]Swampert||Swampertite|Torrent|WaveCrash,Earthquake,IcePunch,Protect|Adamant||F|||50|]Archaludon||Leftovers|Stamina|ElectroShot,AuraSphere,FlashCannon,DracoMeteor|Timid||F|||50|]Sinistcha||LifeOrb|Hospitality|RagePowder,MatchaGotcha,LifeDew,Imprison|Bold|||||50|]Pelipper||SitrusBerry|Drizzle|Tailwind,Hurricane,WeatherBall,WideGuard|Timid||M|||50|
|showteam|p2|Malamar||Malamarite|Contrary|Superpower,BatonPass,StoredPower,KnockOff|Relaxed||M|||50|]Scolipede||Scolipite|SpeedBoost|Protect,PoisonJab,LeechLife,IronDefense|Careful||M|||50|]Meowstic||FocusSash|Prankster|FakeOut,FakeTears,Tickle,LightScreen|Careful||M|||50|]Annihilape||Leftovers|VitalSpirit|BulkUp,RageFist,DrainPunch,Substitute|Adamant||M|||50|]Sinistcha||SitrusBerry|Hospitality|MatchaGotcha,CalmMind,RagePowder,Protect|Bold|||||50|]Incineroar||Charcoal|Intimidate|FlareBlitz,FakeOut,DarkestLariat,PartingShot|Adamant||F|||50|
|
|t:|1782958089
|teamsize|p1|4
|teamsize|p2|4
|start
|switch|p1a: Raichu|Raichu, L50, M|100/100
|switch|p1b: Jolteon|Jolteon, L50, F|100/100
|switch|p2a: Malamar|Malamar, L50, M|100/100
|switch|p2b: Meowstic|Meowstic, L50, M|100/100
|turn|1
|
|t:|1782958120
|detailschange|p2a: Malamar|Malamar-Mega, L50, M
|-mega|p2a: Malamar|Malamar|Malamarite
|move|p1a: Raichu|Fake Out|p2b: Meowstic
|-damage|p2b: Meowstic|90/100
|cant|p2b: Meowstic|flinch
|move|p1b: Jolteon|Discharge|p2a: Malamar|[spread] p2a,p2b
|-ability|p1a: Raichu|Lightning Rod|boost
|-boost|p1a: Raichu|spa|1
|-damage|p2a: Malamar|77/100
|-damage|p2b: Meowstic|68/100
|-status|p2b: Meowstic|par
|move|p2a: Malamar|Superpower|p1a: Raichu
|-damage|p1a: Raichu|41/100
|-boost|p2a: Malamar|atk|1
|-boost|p2a: Malamar|def|1
|
|upkeep
|turn|2
|
|t:|1782958143
|switch|p1b: Sinistcha|Sinistcha, L50|100/100
|-heal|p1a: Raichu|65/100|[from] ability: Hospitality|[of] p1b: Sinistcha
|detailschange|p1a: Raichu|Raichu-Mega-X, L50, M
|-mega|p1a: Raichu|Raichu|Raichunite X
|-fieldstart|move: Electric Terrain|[from] ability: Electric Surge|[of] p1a: Raichu
|move|p2b: Meowstic|Fake Tears|p2a: Malamar
|-boost|p2a: Malamar|spd|2
|move|p1a: Raichu|Rising Voltage|p2a: Malamar
|-hint|Rising Voltage's BP doubled on grounded target.
|-damage|p2a: Malamar|31/100
|move|p2a: Malamar|Superpower|p1a: Raichu
|-damage|p1a: Raichu|12/100
|-boost|p2a: Malamar|atk|1
|-boost|p2a: Malamar|def|1
|
|upkeep
|turn|3
|
|t:|1782958171
|switch|p2b: Sinistcha|Sinistcha, L50|100/100
|-heal|p2a: Malamar|55/100|[from] ability: Hospitality|[of] p2b: Sinistcha
|move|p1b: Sinistcha|Rage Powder|p1b: Sinistcha
|-singleturn|p1b: Sinistcha|move: Rage Powder
|move|p1a: Raichu|Rising Voltage|p2a: Malamar
|-hint|Rising Voltage's BP doubled on grounded target.
|-damage|p2a: Malamar|7/100
|move|p2a: Malamar|Baton Pass|p2a: Malamar
|
|t:|1782958180
|switch|p2a: Annihilape|Annihilape, L50, M|100/100|[from] Baton Pass
|
|upkeep
|turn|4
|
|t:|1782958193
|move|p1a: Raichu|Protect|p1a: Raichu
|-singleturn|p1a: Raichu|Protect
|move|p2b: Sinistcha|Rage Powder|p2b: Sinistcha
|-singleturn|p2b: Sinistcha|move: Rage Powder
|move|p2a: Annihilape|Substitute|p2a: Annihilape
|-start|p2a: Annihilape|Substitute
|-damage|p2a: Annihilape|75/100
|move|p1b: Sinistcha|Imprison|p1b: Sinistcha
|-start|p1b: Sinistcha|move: Imprison
|
|-heal|p2a: Annihilape|81/100|[from] item: Leftovers
|upkeep
|turn|5
|
|t:|1782958228
|switch|p2b: Meowstic|Meowstic, L50, M|68/100 par
|move|p1a: Raichu|Encore|p2a: Annihilape
|-start|p2a: Annihilape|Encore
|move|p2a: Annihilape|Substitute|p2a: Annihilape
|-fail|p2a: Annihilape|move: Substitute
|move|p1b: Sinistcha|Life Dew||[still]|[spread] p1a,p1b
|-heal|p1a: Raichu|37/100
|-fail|p1b: Sinistcha|heal
|
|-heal|p2a: Annihilape|87/100|[from] item: Leftovers
|upkeep
|turn|6
|
|t:|1782958250
|move|p2b: Meowstic|Light Screen|p2b: Meowstic
|-sidestart|p2: bil101010|move: Light Screen
|move|p1a: Raichu|Rising Voltage|p2b: Meowstic
|-hint|Rising Voltage's BP doubled on grounded target.
|-damage|p2b: Meowstic|8/100 par
|move|p2a: Annihilape|Substitute|p2a: Annihilape
|-fail|p2a: Annihilape|move: Substitute
|move|p1b: Sinistcha|Life Dew||[still]|[spread] p1a,p1b
|-heal|p1a: Raichu|62/100
|-fail|p1b: Sinistcha|heal
|
|-heal|p2a: Annihilape|93/100|[from] item: Leftovers
|-fieldend|move: Electric Terrain
|upkeep
|turn|7
|
|t:|1782958294
|switch|p2b: Sinistcha|Sinistcha, L50|100/100
|-heal|p2a: Annihilape|100/100|[from] ability: Hospitality|[of] p2b: Sinistcha
|move|p1a: Raichu|Rising Voltage|p2b: Sinistcha
|-resisted|p2b: Sinistcha|1
|-damage|p2b: Sinistcha|82/100
|move|p2a: Annihilape|Substitute|p2a: Annihilape
|-fail|p2a: Annihilape|move: Substitute
|move|p1b: Sinistcha|Matcha Gotcha|p2b: Sinistcha|[spread] p2a,p2b
|-activate|p2a: Annihilape|move: Substitute|[damage]
|-resisted|p2b: Sinistcha|1
|-damage|p2b: Sinistcha|69/100
|-damage|p1b: Sinistcha|90/100|[from] item: Life Orb
|
|-end|p2a: Annihilape|Encore
|upkeep
|turn|8
|
|t:|1782958322
|move|p1a: Raichu|Encore|p2a: Annihilape
|-start|p2a: Annihilape|Encore
|move|p2a: Annihilape|Substitute|p2a: Annihilape
|-fail|p2a: Annihilape|move: Substitute
|move|p1b: Sinistcha|Matcha Gotcha|p2b: Sinistcha|[spread] p2a,p2b
|-activate|p2a: Annihilape|move: Substitute|[damage]
|-heal|p1b: Sinistcha|96/100|[from] drain|[of] p2a: Annihilape
|-resisted|p2b: Sinistcha|1
|-damage|p2b: Sinistcha|56/100
|-heal|p1b: Sinistcha|100/100|[from] drain|[of] p2b: Sinistcha
|-damage|p1b: Sinistcha|90/100|[from] item: Life Orb
|move|p2b: Sinistcha|Calm Mind|p2b: Sinistcha
|-boost|p2b: Sinistcha|spa|1
|-boost|p2b: Sinistcha|spd|1
|
|upkeep
|turn|9
|
|t:|1782958349
|move|p2b: Sinistcha|Protect|p2b: Sinistcha
|-singleturn|p2b: Sinistcha|Protect
|move|p1a: Raichu|Rising Voltage|p2b: Sinistcha
|-activate|p2b: Sinistcha|move: Protect
|move|p2a: Annihilape|Substitute|p2a: Annihilape
|-fail|p2a: Annihilape|move: Substitute
|move|p1b: Sinistcha|Matcha Gotcha|p2b: Sinistcha|[spread] p2a
|-activate|p2b: Sinistcha|move: Protect
|-end|p2a: Annihilape|Substitute
|-heal|p1b: Sinistcha|93/100|[from] drain|[of] p2a: Annihilape
|-damage|p1b: Sinistcha|84/100|[from] item: Life Orb
|
|upkeep
|turn|10
|
|t:|1782958375
|move|p1a: Raichu|Encore|p2b: Sinistcha
|-start|p2b: Sinistcha|Encore
|move|p2b: Sinistcha|Protect|p2b: Sinistcha
|-singleturn|p2b: Sinistcha|Protect
|move|p2a: Annihilape|Substitute|p2a: Annihilape
|-start|p2a: Annihilape|Substitute
|-damage|p2a: Annihilape|75/100
|move|p1b: Sinistcha|Matcha Gotcha|p2a: Annihilape|[spread] p2a
|-activate|p2b: Sinistcha|move: Protect
|-activate|p2a: Annihilape|move: Substitute|[damage]
|-heal|p1b: Sinistcha|90/100|[from] drain|[of] p2a: Annihilape
|-damage|p1b: Sinistcha|80/100|[from] item: Life Orb
|
|-heal|p2a: Annihilape|81/100|[from] item: Leftovers
|-end|p2a: Annihilape|Encore
|-sideend|p2: bil101010|move: Light Screen
|upkeep
|turn|11
|
|t:|1782958401
|move|p2b: Sinistcha|Protect||[still]
|-fail|p2b: Sinistcha
|move|p1a: Raichu|Encore|p2a: Annihilape
|-start|p2a: Annihilape|Encore
|move|p2a: Annihilape|Substitute|p2a: Annihilape
|-fail|p2a: Annihilape|move: Substitute
|move|p1b: Sinistcha|Matcha Gotcha|p2a: Annihilape|[spread] p2a,p2b
|-activate|p2a: Annihilape|move: Substitute|[damage]
|-heal|p1b: Sinistcha|89/100|[from] drain|[of] p2a: Annihilape
|-resisted|p2b: Sinistcha|1
|-damage|p2b: Sinistcha|44/100
|-heal|p1b: Sinistcha|96/100|[from] drain|[of] p2b: Sinistcha
|-enditem|p2b: Sinistcha|Sitrus Berry|[eat]
|-heal|p2b: Sinistcha|69/100|[from] item: Sitrus Berry
|-damage|p1b: Sinistcha|86/100|[from] item: Life Orb
|
|-heal|p2a: Annihilape|87/100|[from] item: Leftovers
|upkeep
|turn|12
|
|t:|1782958430
|switch|p1a: Jolteon|Jolteon, L50, F|100/100
|move|p2b: Sinistcha|Protect|p2b: Sinistcha
|-singleturn|p2b: Sinistcha|Protect
|move|p2a: Annihilape|Substitute|p2a: Annihilape
|-fail|p2a: Annihilape|move: Substitute
|move|p1b: Sinistcha|Matcha Gotcha|p2a: Annihilape|[spread] p2a
|-activate|p2b: Sinistcha|move: Protect
|-end|p2a: Annihilape|Substitute
|-heal|p1b: Sinistcha|87/100|[from] drain|[of] p2a: Annihilape
|-damage|p1b: Sinistcha|77/100|[from] item: Life Orb
|
|-heal|p2a: Annihilape|93/100|[from] item: Leftovers
|-end|p2b: Sinistcha|Encore
|upkeep
|turn|13
|
|t:|1782958455
|move|p2b: Sinistcha|Protect||[still]
|-fail|p2b: Sinistcha
|move|p1a: Jolteon|Rain Dance|p1a: Jolteon
|-weather|RainDance
|move|p2a: Annihilape|Substitute|p2a: Annihilape
|-start|p2a: Annihilape|Substitute
|-damage|p2a: Annihilape|68/100
|move|p1b: Sinistcha|Matcha Gotcha|p2a: Annihilape|[spread] p2a,p2b
|-activate|p2a: Annihilape|move: Substitute|[damage]
|-heal|p1b: Sinistcha|87/100|[from] drain|[of] p2a: Annihilape
|-resisted|p2b: Sinistcha|1
|-damage|p2b: Sinistcha|56/100
|-heal|p1b: Sinistcha|94/100|[from] drain|[of] p2b: Sinistcha
|-damage|p1b: Sinistcha|84/100|[from] item: Life Orb
|
|-weather|RainDance|[upkeep]
|-heal|p2a: Annihilape|74/100|[from] item: Leftovers
|-end|p2a: Annihilape|Encore
|upkeep
|turn|14
|
|t:|1782958498
|move|p1a: Jolteon|Discharge|p2b: Sinistcha|[spread] p1b,p2a,p2b
|-crit|p2a: Annihilape
|-end|p2a: Annihilape|Substitute
|-resisted|p1b: Sinistcha|1
|-resisted|p2b: Sinistcha|1
|-damage|p1b: Sinistcha|71/100
|-damage|p2b: Sinistcha|44/100
|move|p2a: Annihilape|Drain Punch|p1a: Jolteon
|-enditem|p1a: Jolteon|Focus Sash
|-damage|p1a: Jolteon|1/100
|-heal|p2a: Annihilape|100/100|[from] drain|[of] p1a: Jolteon
|move|p2b: Sinistcha|Calm Mind|p2b: Sinistcha
|-boost|p2b: Sinistcha|spa|1
|-boost|p2b: Sinistcha|spd|1
|move|p1b: Sinistcha|Matcha Gotcha|p2b: Sinistcha|[spread] p2a,p2b
|-resisted|p2b: Sinistcha|1
|-damage|p2a: Annihilape|85/100
|-heal|p1b: Sinistcha|80/100|[from] drain|[of] p2a: Annihilape
|-damage|p2b: Sinistcha|34/100
|-heal|p1b: Sinistcha|85/100|[from] drain|[of] p2b: Sinistcha
|-damage|p1b: Sinistcha|75/100|[from] item: Life Orb
|
|-weather|RainDance|[upkeep]
|-heal|p2a: Annihilape|91/100|[from] item: Leftovers
|upkeep
|turn|15
|
|t:|1782958528
|move|p2b: Sinistcha|Protect|p2b: Sinistcha
|-singleturn|p2b: Sinistcha|Protect
|move|p1b: Sinistcha|Rage Powder|p1b: Sinistcha
|-singleturn|p1b: Sinistcha|move: Rage Powder
|move|p1a: Jolteon|Thunder|p2a: Annihilape
|-damage|p2a: Annihilape|66/100
|move|p2a: Annihilape|Rage Fist|p1b: Sinistcha
|-supereffective|p1b: Sinistcha|1
|-damage|p1b: Sinistcha|0 fnt
|faint|p1b: Sinistcha
|
|-weather|RainDance|[upkeep]
|-heal|p2a: Annihilape|72/100|[from] item: Leftovers
|upkeep
|
|t:|1782958542
|switch|p1b: Raichu|Raichu-Mega-X, L50, M|62/100
|-fieldstart|move: Electric Terrain|[from] ability: Electric Surge|[of] p1b: Raichu
|turn|16
|
|t:|1782958571
|move|p2b: Sinistcha|Rage Powder|p2b: Sinistcha
|-singleturn|p2b: Sinistcha|move: Rage Powder
|move|p1a: Jolteon|Discharge|p2a: Annihilape|[spread] p1b,p2a,p2b
|-resisted|p1b: Raichu|1
|-resisted|p2b: Sinistcha|1
|-damage|p1b: Raichu|37/100
|-damage|p2a: Annihilape|56/100
|-damage|p2b: Sinistcha|24/100
|move|p1b: Raichu|Rising Voltage|p2b: Sinistcha
|-hint|Rising Voltage's BP doubled on grounded target.
|-resisted|p2b: Sinistcha|1
|-damage|p2b: Sinistcha|1/100
|move|p2a: Annihilape|Drain Punch|p1b: Raichu
|-damage|p1b: Raichu|0 fnt
|-heal|p2a: Annihilape|68/100|[from] drain|[of] p1b: Raichu
|faint|p1b: Raichu
|
|-weather|RainDance|[upkeep]
|-heal|p2a: Annihilape|74/100|[from] item: Leftovers
|upkeep
|
|t:|1782958586
|switch|p1b: Archaludon|Archaludon, L50, F|100/100
|turn|17
|
|t:|1782958606
|switch|p2b: Malamar|Malamar-Mega, L50, M|7/100
|move|p1a: Jolteon|Discharge|p2a: Annihilape|[spread] p1b,p2a,p2b
|-resisted|p1b: Archaludon|1
|-damage|p1b: Archaludon|73/100
|-damage|p2a: Annihilape|58/100
|-damage|p2b: Malamar|0 fnt
|-ability|p1b: Archaludon|Stamina|boost
|-boost|p1b: Archaludon|def|1
|faint|p2b: Malamar
|move|p1b: Archaludon|Electro Shot||[still]
|-prepare|p1b: Archaludon|Electro Shot
|-boost|p1b: Archaludon|spa|1
|-anim|p1b: Archaludon|Electro Shot|p2a: Annihilape
|-damage|p2a: Annihilape|17/100
|move|p2a: Annihilape|Drain Punch|p1b: Archaludon
|-supereffective|p1b: Archaludon|1
|-damage|p1b: Archaludon|0 fnt
|-heal|p2a: Annihilape|47/100|[from] drain|[of] p1b: Archaludon
|faint|p1b: Archaludon
|
|-weather|none
|-heal|p2a: Annihilape|53/100|[from] item: Leftovers
|upkeep
|j| Jmfat
|
|t:|1782958621
|switch|p2b: Meowstic|Meowstic, L50, M|8/100 par
|turn|18
|-message|pronounced_bilth forfeited.
|
|win|bil101010
|l|☆pronounced_bilth
|player|p1|
||pronounced_bilth is ready for game 2.
||bil101010 is ready for game 2.
|uhtml|next|Next: Game 2 of 3
|l| Jmfat
|l|☆bil101010
|player|p2|
|j|☆bil101010
|player|p2|bil101010|101|
