|j|☆wideguard_user
|j|☆Slo-mmo-o
|html|wideguard_userSlo-mmo-o    
|uhtml|bestof|Game 1 of a best-of-3
|t:|1756495644
|gametype|doubles
|player|p1|wideguard_user|102|1278
|player|p2|Slo-mmo-o|lance|1217
|gen|9
|tier|[Gen 9] VGC 2025 Reg H (Bo3)
|rated|
|rule|Species Clause: Limit one of each Pokémon
|rule|Item Clause: Limit 1 of each item
|clearpoke
|poke|p1|Gholdengo, L50|
|poke|p1|Sneasler, L50, F|
|poke|p1|Incineroar, L50, M|
|poke|p1|Amoonguss, L50, F|
|poke|p1|Dragonite, L50, F|
|poke|p1|Ursaluna-Bloodmoon, L50, M|
|poke|p2|Kommo-o, L50, F|
|poke|p2|Ninetales-Alola, L50, F|
|poke|p2|Rillaboom, L50, M|
|poke|p2|Electabuzz, L50, M|
|poke|p2|Annihilape, L50, M|
|poke|p2|Kingambit, L50, F|
|teampreview|4
|showteam|p1|Gholdengo||LifeOrb|GoodasGold|MakeItRain,ShadowBall,NastyPlot,Protect||||||50|,,,,,Water]Sneasler||FocusSash|Unburden|ThroatChop,CloseCombat,DireClaw,Protect|||F|||50|,,,,,Stellar]Incineroar||SafetyGoggles|Intimidate|FakeOut,FlareBlitz,KnockOff,PartingShot|||M|||50|,,,,,Ghost]Amoonguss||SitrusBerry|Regenerator|Spore,RagePowder,SludgeBomb,Protect|||F|||50|,,,,,Water]Dragonite||LoadedDice|Multiscale|ScaleShot,Protect,Tailwind,Haze|||F|||50|,,,,,Steel]Ursaluna-Bloodmoon||AssaultVest|MindsEye|HyperVoice,BloodMoon,EarthPower,VacuumWave|||M|||50|,,,,,Normal
|showteam|p2|Kommo-o||LifeOrb|Soundproof|ClangingScales,AuraSphere,Flamethrower,Protect|||F|||50|,,,,,Fire]Ninetales-Alola||NeverMeltIce|SnowWarning|Blizzard,FreezeDry,Encore,Protect|||F|||50|,,,,,Ice]Rillaboom||AssaultVest|GrassySurge|WoodHammer,GrassyGlide,HighHorsepower,FakeOut|||M|||50|,,,,,Poison]Electabuzz||Eviolite|VitalSpirit|Electroweb,HelpingHand,FollowMe,Protect|||M|||50|,,,,,Ghost]Annihilape||FocusSash|Defiant|CloseCombat,ShadowClaw,FinalGambit,Taunt|||M|||50|,,,,,Stellar]Kingambit||BlackGlasses|Defiant|KowtowCleave,SuckerPunch,SwordsDance,Protect|||F|||50|,,,,,Dark
|inactive|Battle timer is ON: inactive players will automatically lose when time's up. (requested by Slo-mmo-o)
|inactive|wideguard_user has 60 seconds left.
|
|t:|1756495699
|teamsize|p1|4
|teamsize|p2|4
|start
|switch|p1a: Ursaluna|Ursaluna-Bloodmoon, L50, M|100/100
|switch|p1b: Amoonguss|Amoonguss, L50, F|100/100
|switch|p2a: Buzz Lightyear|Electabuzz, L50, M|100/100
|switch|p2b: Kommodo-Moʻo|Kommo-o, L50, F, shiny|100/100
|turn|1
|inactive|wideguard_user has 30 seconds left.
|inactive|wideguard_user has 20 seconds left.
|inactive|wideguard_user has 15 seconds left.
|
|t:|1756495742
|switch|p1b: Dragonite|Dragonite, L50, F|100/100
|move|p2a: Buzz Lightyear|Follow Me|p2a: Buzz Lightyear
|-singleturn|p2a: Buzz Lightyear|move: Follow Me
|move|p2b: Kommodo-Moʻo|Clanging Scales|p1a: Ursaluna|[spread] p1a,p1b
|-supereffective|p1b: Dragonite
|-damage|p1a: Ursaluna|65/100
|-damage|p1b: Dragonite|41/100
|-unboost|p2b: Kommodo-Moʻo|def|1
|-damage|p2b: Kommodo-Moʻo|91/100|[from] item: Life Orb
|move|p1a: Ursaluna|Earth Power|p2a: Buzz Lightyear
|-supereffective|p2a: Buzz Lightyear
|-damage|p2a: Buzz Lightyear|17/100
|
|upkeep
|turn|2
|inactive|wideguard_user has 30 seconds left.
|inactive|wideguard_user has 20 seconds left.
|inactive|wideguard_user has 15 seconds left.
|inactive|wideguard_user has 10 seconds left.
|
|t:|1756495789
|-terastallize|p1a: Ursaluna|Normal
|move|p2a: Buzz Lightyear|Helping Hand|p2b: Kommodo-Moʻo
|-singleturn|p2b: Kommodo-Moʻo|Helping Hand|[of] p2a: Buzz Lightyear
|move|p2b: Kommodo-Moʻo|Clanging Scales|p1a: Ursaluna|[spread] p1a,p1b
|-supereffective|p1b: Dragonite
|-damage|p1a: Ursaluna|18/100
|-damage|p1b: Dragonite|0 fnt
|faint|p1b: Dragonite
|-unboost|p2b: Kommodo-Moʻo|def|1
|-damage|p2b: Kommodo-Moʻo|82/100|[from] item: Life Orb
|move|p1a: Ursaluna|Blood Moon|p2b: Kommodo-Moʻo
|-damage|p2b: Kommodo-Moʻo|0 fnt
|faint|p2b: Kommodo-Moʻo
|
|upkeep
|
|t:|1756495806
|switch|p2b: Queen Goober|Kingambit, L50, F, shiny|100/100
|switch|p1b: Incineroar|Incineroar, L50, M, shiny|100/100
|-ability|p1b: Incineroar|Intimidate|boost
|-unboost|p2a: Buzz Lightyear|atk|1
|-unboost|p2b: Queen Goober|atk|1
|-ability|p2b: Queen Goober|Defiant|boost
|-boost|p2b: Queen Goober|atk|2
|turn|3
|inactive|wideguard_user has 30 seconds left.
|inactive|wideguard_user has 20 seconds left.
|inactive|wideguard_user has 15 seconds left.
|
|t:|1756495848
|switch|p1a: Amoonguss|Amoonguss, L50, F|100/100
|move|p2b: Queen Goober|Protect|p2b: Queen Goober
|-singleturn|p2b: Queen Goober|Protect
|move|p2a: Buzz Lightyear|Electroweb|p1a: Amoonguss|[spread] p1a,p1b
|-resisted|p1a: Amoonguss
|-damage|p1a: Amoonguss|95/100
|-damage|p1b: Incineroar|91/100
|-unboost|p1a: Amoonguss|spe|1
|-unboost|p1b: Incineroar|spe|1
|move|p1b: Incineroar|Flare Blitz|p2b: Queen Goober
|-activate|p2b: Queen Goober|move: Protect
|
|upkeep
|turn|4
|
|t:|1756495870
|-terastallize|p2b: Queen Goober|Dark
|move|p2a: Buzz Lightyear|Electroweb|p1a: Amoonguss|[spread] p1a,p1b
|-resisted|p1a: Amoonguss
|-damage|p1a: Amoonguss|89/100
|-damage|p1b: Incineroar|82/100
|-unboost|p1a: Amoonguss|spe|1
|-unboost|p1b: Incineroar|spe|1
|move|p2b: Queen Goober|Kowtow Cleave|p1a: Amoonguss
|-damage|p1a: Amoonguss|0 fnt
|faint|p1a: Amoonguss
|move|p1b: Incineroar|Knock Off|p2a: Buzz Lightyear
|-damage|p2a: Buzz Lightyear|0 fnt
|-enditem|p2a: Buzz Lightyear|Eviolite|[from] move: Knock Off|[of] p1b: Incineroar
|faint|p2a: Buzz Lightyear
|
|upkeep
|
|t:|1756495882
|switch|p2a: Hobo|Annihilape, L50, M, shiny|100/100
|switch|p1a: Ursaluna|Ursaluna-Bloodmoon, L50, M, tera:Normal|18/100
|turn|5
|
|t:|1756495895
|move|p2b: Queen Goober|Protect|p2b: Queen Goober
|-singleturn|p2b: Queen Goober|Protect
|move|p2a: Hobo|Close Combat|p1a: Ursaluna
|-supereffective|p1a: Ursaluna
|-damage|p1a: Ursaluna|0 fnt
|-unboost|p2a: Hobo|def|1
|-unboost|p2a: Hobo|spd|1
|faint|p1a: Ursaluna
|move|p1b: Incineroar|Flare Blitz|p2a: Hobo
|-damage|p2a: Hobo|24/100
|-damage|p1b: Incineroar|57/100|[from] Recoil
|
|upkeep
|turn|6
|
|t:|1756495904
|move|p2b: Queen Goober|Sucker Punch|p1b: Incineroar
|-resisted|p1b: Incineroar
|-damage|p1b: Incineroar|9/100
|move|p2a: Hobo|Close Combat|p1b: Incineroar
|-supereffective|p1b: Incineroar
|-damage|p1b: Incineroar|0 fnt
|-unboost|p2a: Hobo|def|1
|-unboost|p2a: Hobo|spd|1
|faint|p1b: Incineroar
|
|win|Slo-mmo-o
||wideguard_user is ready for game 2.
