|j|☆ddx9000
|j|☆TheMochiMan
|html|ddx9000TheMochiMan    
|uhtml|bestof|Game 3 of a best-of-3
|t:|1756491260
|gametype|doubles
|player|p1|ddx9000|elesa|1165
|player|p2|TheMochiMan|doctor|1261
|gen|9
|tier|[Gen 9] VGC 2025 Reg H (Bo3)
|rated|
|rule|Species Clause: Limit one of each Pokémon
|rule|Item Clause: Limit 1 of each item
|clearpoke
|poke|p1|Dragonite, L50, M|
|poke|p1|Volcarona, L50, F|
|poke|p1|Sneasler, L50, F|
|poke|p1|Rillaboom, L50, M|
|poke|p1|Electabuzz, L50, M|
|poke|p1|Kingambit, L50, M|
|poke|p2|Ursaluna, L50, F|
|poke|p2|Jumpluff, L50, F|
|poke|p2|Charizard, L50, M|
|poke|p2|Torkoal, L50, F|
|poke|p2|Incineroar, L50, F|
|poke|p2|Porygon2, L50|
|teampreview|4
|showteam|p1|Dragonite||LoadedDice|Multiscale|ScaleShot,ExtremeSpeed,Haze,Protect|||M|||50|,,,,,Fairy]Volcarona||CovertCloak|FlameBody|HeatWave,TeraBlast,QuiverDance,Protect|||F|||50|,,,,,Fairy]Sneasler||FocusSash|Unburden|CloseCombat,DireClaw,Coaching,Protect|||F|||50|,,,,,Stellar]Rillaboom||AssaultVest|GrassySurge|WoodHammer,GrassyGlide,Uturn,FakeOut|||M|||50|,,,,,Water]Electabuzz||Eviolite|VitalSpirit|Electroweb,FollowMe,Taunt,Protect|||M|||50|,,,,,Ghost]Kingambit||BlackGlasses|Defiant|KowtowCleave,SuckerPunch,SwordsDance,Protect|||M|||50|,,,,,Dark
|showteam|p2|Ursaluna||FlameOrb|Guts|HeadlongRush,Facade,Earthquake,Protect|||F|||50|,,,,,Ghost]Jumpluff||CovertCloak|Chlorophyll|SleepPowder,SunnyDay,Tailwind,RagePowder|||F|||50|,,,,,Water]Charizard||ChoiceSpecs|SolarPower|AirSlash,HeatWave,Overheat,WeatherBall|||M|||50|,,,,,Ghost]Torkoal||EjectPack|Drought|HelpingHand,Eruption,Overheat,Protect|||F|||50|,,,,,Fire]Incineroar||SitrusBerry|Intimidate|FlareBlitz,KnockOff,PartingShot,FakeOut|||F|||50|,,,,,Ghost]Porygon2||Eviolite|Download|TeraBlast,IceBeam,Recover,TrickRoom||||||50|,,,,,Fighting
|inactive|Battle timer is ON: inactive players will automatically lose when time's up. (requested by TheMochiMan)
|
|t:|1756491289
|teamsize|p1|4
|teamsize|p2|4
|start
|switch|p1a: Sneasler|Sneasler, L50, F, shiny|100/100
|switch|p1b: Electabuzz|Electabuzz, L50, M|100/100
|switch|p2a: Dandelion|Jumpluff, L50, F|100/100
|switch|p2b: Slow and steady|Torkoal, L50, F|100/100
|-weather|SunnyDay|[from] ability: Drought|[of] p2b: Slow and steady
|turn|1
|j| ZanaaTest
|
|t:|1756491297
|-terastallize|p1a: Sneasler|Stellar
|move|p1b: Electabuzz|Follow Me|p1b: Electabuzz
|-singleturn|p1b: Electabuzz|move: Follow Me
|move|p2a: Dandelion|Tailwind|p2a: Dandelion
|-sidestart|p2: TheMochiMan|move: Tailwind
|move|p1a: Sneasler|Close Combat|p2b: Slow and steady
|-damage|p2b: Slow and steady|42/100
|-unboost|p1a: Sneasler|def|1
|-unboost|p1a: Sneasler|spd|1
|move|p2b: Slow and steady|Overheat|p1b: Electabuzz|[miss]
|-miss|p2b: Slow and steady|p1b: Electabuzz
|
|-weather|SunnyDay|[upkeep]
|upkeep
|turn|2
|inactive|ddx9000 has 30 seconds left.
|
|t:|1756491326
|move|p1b: Electabuzz|Follow Me|p1b: Electabuzz
|-singleturn|p1b: Electabuzz|move: Follow Me
|move|p2a: Dandelion|Sleep Powder|p1b: Electabuzz|[miss]
|-miss|p2a: Dandelion|p1b: Electabuzz
|move|p1a: Sneasler|Dire Claw|p2a: Dandelion
|-supereffective|p2a: Dandelion
|-damage|p2a: Dandelion|0 fnt
|faint|p2a: Dandelion
|move|p2b: Slow and steady|Overheat|p1b: Electabuzz|[miss]
|-miss|p2b: Slow and steady|p1b: Electabuzz
|
|-weather|SunnyDay|[upkeep]
|upkeep
|
|t:|1756491334
|switch|p2a: Gainesville|Charizard, L50, M|100/100
|turn|3
|c|☆TheMochiMan|I hate this game
|c|☆TheMochiMan|4 moves
|
|t:|1756491351
|-terastallize|p2a: Gainesville|Ghost
|move|p2b: Slow and steady|Helping Hand|p2a: Gainesville
|-singleturn|p2a: Gainesville|Helping Hand|[of] p2b: Slow and steady
|move|p1a: Sneasler|Protect|p1a: Sneasler
|-singleturn|p1a: Sneasler|Protect
|move|p1b: Electabuzz|Protect|p1b: Electabuzz
|-singleturn|p1b: Electabuzz|Protect
|move|p2a: Gainesville|Heat Wave|p1a: Sneasler|[spread] 
|-activate|p1a: Sneasler|move: Protect
|-activate|p1b: Electabuzz|move: Protect
|
|-weather|SunnyDay|[upkeep]
|-damage|p2a: Gainesville|88/100|[from] ability: Solar Power|[of] p2a: Gainesville
|upkeep
|turn|4
|
|t:|1756491374
|move|p2a: Gainesville|Heat Wave|p1a: Sneasler|[spread] p1a,p1b
|-enditem|p1a: Sneasler|Focus Sash
|-damage|p1a: Sneasler|1/100
|-damage|p1b: Electabuzz|6/100
|move|p1a: Sneasler|Close Combat|p2b: Slow and steady
|-damage|p2b: Slow and steady|0 fnt
|-unboost|p1a: Sneasler|def|1
|-unboost|p1a: Sneasler|spd|1
|faint|p2b: Slow and steady
|move|p1b: Electabuzz|Electroweb|p2a: Gainesville
|-damage|p2a: Gainesville|66/100
|-unboost|p2a: Gainesville|spe|1
|
|-weather|SunnyDay|[upkeep]
|-damage|p2a: Gainesville|53/100|[from] ability: Solar Power|[of] p2a: Gainesville
|-sideend|p2: TheMochiMan|move: Tailwind
|upkeep
|
|t:|1756491378
|switch|p2b: Brown bear|Ursaluna, L50, F|100/100
|turn|5
|
|t:|1756491385
|move|p1a: Sneasler|Protect|p1a: Sneasler
|-singleturn|p1a: Sneasler|Protect
|move|p1b: Electabuzz|Electroweb|p2a: Gainesville|[spread] p2a
|-immune|p2b: Brown bear
|-damage|p2a: Gainesville|36/100
|-unboost|p2a: Gainesville|spe|1
|move|p2b: Brown bear|Facade|p1a: Sneasler
|-activate|p1a: Sneasler|move: Protect
|move|p2a: Gainesville|Heat Wave|p1a: Sneasler|[spread] p1b
|-activate|p1a: Sneasler|move: Protect
|-damage|p1b: Electabuzz|0 fnt
|faint|p1b: Electabuzz
|
|-weather|none
|-status|p2b: Brown bear|brn|[from] item: Flame Orb
|upkeep
|
|t:|1756491399
|switch|p1b: Kingambit|Kingambit, L50, M|100/100
|turn|6
|
|t:|1756491404
|move|p1b: Kingambit|Sucker Punch|p2a: Gainesville
|-supereffective|p2a: Gainesville
|-damage|p2a: Gainesville|0 fnt
|faint|p2a: Gainesville
|move|p1a: Sneasler|Close Combat|p2b: Brown bear
|-supereffective|p2b: Brown bear
|-damage|p2b: Brown bear|10/100 brn
|-unboost|p1a: Sneasler|def|1
|-unboost|p1a: Sneasler|spd|1
|move|p2b: Brown bear|Earthquake|p1b: Kingambit|[spread] p1a,p1b
|-supereffective|p1a: Sneasler
|-crit|p1a: Sneasler
|-supereffective|p1b: Kingambit
|-damage|p1a: Sneasler|0 fnt
|-damage|p1b: Kingambit|0 fnt
|faint|p1a: Sneasler
|faint|p1b: Kingambit
|
|-damage|p2b: Brown bear|4/100 brn|[from] brn
|upkeep
|
|t:|1756491407
|switch|p1b: Dragonite|Dragonite, L50, M|100/100
|turn|7
|
|t:|1756491412
|move|p1b: Dragonite|Protect|p1b: Dragonite
|-singleturn|p1b: Dragonite|Protect
|move|p2b: Brown bear|Facade|p1b: Dragonite
|-activate|p1b: Dragonite|move: Protect
|
|-damage|p2b: Brown bear|0 fnt|[from] brn
|faint|p2b: Brown bear
|
|win|ddx9000
|raw|ddx9000's rating: 1165 → 1197(+32 for winning)
|raw|TheMochiMan's rating: 1261 → 1229(-32 for losing)
|l|☆TheMochiMan
|player|p2|
|j|☆TheMochiMan
|player|p2|TheMochiMan|doctor|
|l|☆TheMochiMan
|player|p2|
|l| ZanaaTest
