|j|☆bogging
|j|☆ILoveMIR
|html|boggingILoveMIR    
|uhtml|bestof|Game 3 of a best-of-3
|t:|1783712940
|gametype|doubles
|player|p1|bogging|bugcatcher-gen4dp|1497
|player|p2|ILoveMIR|shauntal|1438
|gen|9
|tier|[Gen 9 Champions] VGC 2026 Reg M-B (Bo3)
|rated|
|rule|Species Clause: Limit one of each Pokémon
|rule|Item Clause: Limit 1 of each item
|clearpoke
|poke|p1|Staraptor, L50, F|
|poke|p1|Incineroar, L50, F|
|poke|p1|Whimsicott, L50, F|
|poke|p1|Ceruledge, L50, M|
|poke|p1|Mawile, L50, M|
|poke|p1|Hydreigon, L50, M|
|poke|p2|Blaziken, L50, F|
|poke|p2|Tsareena, L50, F|
|poke|p2|Talonflame, L50, M|
|poke|p2|Ninetales-Alola, L50, F|
|poke|p2|Basculegion, L50, M|
|poke|p2|Gholdengo, L50|
|teampreview|4
|showteam|p1|Staraptor||Staraptite|Intimidate|CloseCombat,BraveBird,Roost,Protect|Jolly||F|||50|]Incineroar||SitrusBerry|Intimidate|DarkestLariat,PartingShot,FakeOut,FlareBlitz|Impish||F|||50|]Whimsicott||FocusSash|Prankster|Moonblast,Protect,Charm,Tailwind|Timid||F|||50|]Ceruledge||ColburBerry|FlashFire|BitterBlade,Protect,BulkUp,ShadowSneak|Adamant||M|||50|]Mawile||Mawilite|HyperCutter|PlayRough,IronHead,SuckerPunch,Protect|Adamant||M|||50|]Hydreigon||ChoiceScarf|Levitate|DarkPulse,DracoMeteor,Snarl,EarthPower|Modest||M|||50|
|showteam|p2|Blaziken||Blazikenite|SpeedBoost|FlareBlitz,CloseCombat,RockSlide,Detect|Adamant||F|||50|]Tsareena||WideLens|QueenlyMajesty|PowerWhip,TripleAxel,LowKick,Taunt|Adamant||F|||50|]Talonflame|||GaleWings|Acrobatics,WillOWisp,Tailwind,Protect|Jolly||M|||50|]Ninetales-Alola||FocusSash|SnowWarning|Blizzard,FreezeDry,Encore,Protect|Timid||F|||50|]Basculegion||ChoiceScarf|Adaptability|WaveCrash,LastRespects,AquaJet,FlipTurn|Jolly||M|||50|]Gholdengo||LifeOrb|GoodasGold|ShadowBall,MakeItRain,PowerGem,Protect|Modest|||||50|
|inactive|Battle timer is ON: inactive players will automatically lose when time's up. (requested by ILoveMIR)
|inactive|ILoveMIR has 60 seconds left.
|
|t:|1783712974
|teamsize|p1|4
|teamsize|p2|4
|start
|switch|p1a: Incineroar|Incineroar, L50, F|100/100
|switch|p1b: Ceruledge|Ceruledge, L50, M|100/100
|switch|p2a: Gholdengo|Gholdengo, L50|100/100
|switch|p2b: Talonflame|Talonflame, L50, M|100/100
|-ability|p1a: Incineroar|Intimidate|boost
|-unboost|p2a: Gholdengo|atk|1
|-unboost|p2b: Talonflame|atk|1
|turn|1
|
|t:|1783712990
|switch|p2b: Blaziken|Blaziken, L50, F|100/100
|switch|p1b: Whimsicott|Whimsicott, L50, F|100/100
|move|p2a: Gholdengo|Protect|p2a: Gholdengo
|-singleturn|p2a: Gholdengo|Protect
|move|p1a: Incineroar|Flare Blitz|p2a: Gholdengo
|-activate|p2a: Gholdengo|move: Protect
|
|upkeep
|turn|2
|
|t:|1783713010
|switch|p2a: Basculegion|Basculegion, L50, M|100/100
|switch|p1a: Ceruledge|Ceruledge, L50, M|100/100
|detailschange|p2b: Blaziken|Blaziken-Mega, L50, F
|-mega|p2b: Blaziken|Blaziken|Blazikenite
|move|p1b: Whimsicott|Tailwind|p1b: Whimsicott
|-sidestart|p1: bogging|move: Tailwind
|move|p2b: Blaziken|Rock Slide|p1b: Whimsicott|[spread] p1a,p1b
|-supereffective|p1a: Ceruledge|1
|-damage|p1a: Ceruledge|49/100
|-damage|p1b: Whimsicott|60/100
|
|-ability|p2b: Blaziken|Speed Boost|boost
|-boost|p2b: Blaziken|spe|1
|upkeep
|turn|3
|inactive|bogging has 30 seconds left.
|inactive|ILoveMIR has 30 seconds left.
|
|t:|1783713039
|switch|p1b: Incineroar|Incineroar, L50, F|100/100
|-ability|p1b: Incineroar|Intimidate|boost
|-unboost|p2a: Basculegion|atk|1
|-unboost|p2b: Blaziken|atk|1
|move|p1a: Ceruledge|Shadow Sneak|p2a: Basculegion
|-supereffective|p2a: Basculegion|1
|-damage|p2a: Basculegion|58/100
|move|p2b: Blaziken|Flare Blitz|p1b: Incineroar
|-resisted|p1b: Incineroar|1
|-damage|p1b: Incineroar|78/100
|-damage|p2b: Blaziken|90/100|[from] Recoil
|move|p2a: Basculegion|Wave Crash|p1a: Ceruledge
|-supereffective|p1a: Ceruledge|1
|-damage|p1a: Ceruledge|0 fnt
|faint|p1a: Ceruledge
|-damage|p2a: Basculegion|44/100|[from] Recoil
|
|-ability|p2b: Blaziken|Speed Boost|boost
|-boost|p2b: Blaziken|spe|1
|upkeep
|
|t:|1783713052
|switch|p1a: Staraptor|Staraptor, L50, F|100/100
|-ability|p1a: Staraptor|Intimidate|boost
|-unboost|p2a: Basculegion|atk|1
|-unboost|p2b: Blaziken|atk|1
|turn|4
|
|t:|1783713075
|detailschange|p1a: Staraptor|Staraptor-Mega, L50, F
|-mega|p1a: Staraptor|Staraptor|Staraptite
|move|p1a: Staraptor|Brave Bird|p2b: Blaziken
|-supereffective|p2b: Blaziken|1
|-damage|p2b: Blaziken|0 fnt
|faint|p2b: Blaziken
|-damage|p1a: Staraptor|73/100|[from] Recoil
|move|p2a: Basculegion|Wave Crash|p1b: Incineroar
|-supereffective|p1b: Incineroar|1
|-damage|p1b: Incineroar|17/100
|-enditem|p1b: Incineroar|Sitrus Berry|[eat]
|-heal|p1b: Incineroar|42/100|[from] item: Sitrus Berry
|-damage|p2a: Basculegion|24/100|[from] Recoil
|move|p1b: Incineroar|Darkest Lariat|p2a: Basculegion
|-supereffective|p2a: Basculegion|1
|-damage|p2a: Basculegion|0 fnt
|faint|p2a: Basculegion
|
|upkeep
|
|t:|1783713084
|switch|p2b: Gholdengo|Gholdengo, L50|100/100
|switch|p2a: Talonflame|Talonflame, L50, M|100/100
|turn|5
|
|t:|1783713098
|move|p2a: Talonflame|Tailwind|p2a: Talonflame
|-sidestart|p2: ILoveMIR|move: Tailwind
|move|p1a: Staraptor|Close Combat|p2a: Talonflame
|-resisted|p2a: Talonflame|1
|-damage|p2a: Talonflame|54/100
|-boost|p1a: Staraptor|def|1
|-boost|p1a: Staraptor|spd|1
|move|p2b: Gholdengo|Power Gem|p1b: Incineroar
|-supereffective|p1b: Incineroar|1
|-damage|p1b: Incineroar|0 fnt
|faint|p1b: Incineroar
|-damage|p2b: Gholdengo|90/100|[from] item: Life Orb
|
|-sideend|p1: bogging|move: Tailwind
|upkeep
|
|t:|1783713106
|switch|p1b: Whimsicott|Whimsicott, L50, F|60/100
|turn|6
|
|t:|1783713128
|move|p1b: Whimsicott|Protect|p1b: Whimsicott
|-singleturn|p1b: Whimsicott|Protect
|move|p1a: Staraptor|Protect|p1a: Staraptor
|-singleturn|p1a: Staraptor|Protect
|move|p2a: Talonflame|Acrobatics|p1b: Whimsicott
|-activate|p1b: Whimsicott|move: Protect
|move|p2b: Gholdengo|Shadow Ball|p1a: Staraptor
|-activate|p1a: Staraptor|move: Protect
|
|upkeep
|turn|7
|
|t:|1783713142
|move|p1b: Whimsicott|Tailwind|p1b: Whimsicott
|-sidestart|p1: bogging|move: Tailwind
|move|p2a: Talonflame|Acrobatics|p1a: Staraptor
|-supereffective|p1a: Staraptor|1
|-damage|p1a: Staraptor|23/100
|move|p1a: Staraptor|Close Combat|p2a: Talonflame
|-resisted|p2a: Talonflame|1
|-damage|p2a: Talonflame|10/100
|-boost|p1a: Staraptor|def|1
|-boost|p1a: Staraptor|spd|1
|move|p2b: Gholdengo|Shadow Ball|p1a: Staraptor
|-damage|p1a: Staraptor|0 fnt
|faint|p1a: Staraptor
|-damage|p2b: Gholdengo|81/100|[from] item: Life Orb
|
|upkeep
|turn|8
|-message|bogging forfeited.
|
|win|ILoveMIR
|raw|bogging's rating: 1497 → 1474(-23 for losing)
|raw|ILoveMIR's rating: 1438 → 1461(+23 for winning)
