|j|☆TrevenantHugger
|j|☆fustor
|html|TrevenantHuggerfustor    
|uhtml|bestof|Game 2 of a best-of-3
|t:|1756554176
|gametype|doubles
|player|p1|TrevenantHugger|266|1174
|player|p2|fustor|170|1105
|gen|9
|tier|[Gen 9] VGC 2025 Reg H (Bo3)
|rated|
|rule|Species Clause: Limit one of each Pokémon
|rule|Item Clause: Limit 1 of each item
|clearpoke
|poke|p1|Incineroar, L50, M|
|poke|p1|Ursaluna, L50, F|
|poke|p1|Annihilape, L50, F|
|poke|p1|Sinistcha-Masterpiece, L50|
|poke|p1|Primarina, L50, F|
|poke|p1|Raichu, L50, M|
|poke|p2|Charizard, L50, F|
|poke|p2|Torkoal, L50, M|
|poke|p2|Porygon2, L50|
|poke|p2|Incineroar, L50, F|
|poke|p2|Jumpluff, L50, M|
|poke|p2|Ursaluna, L50, M|
|teampreview|4
|showteam|p1|Incineroar||AssaultVest|Intimidate|FakeOut,Uturn,FlareBlitz,KnockOff|||M|||50|,,,,,Grass]Ursaluna||FlameOrb|Guts|Protect,Facade,HeadlongRush,Earthquake|||F|||50|,,,,,Dark]Annihilape||Leftovers|Defiant|DrainPunch,RageFist,Protect,BulkUp|||F|||50|,,,,,Fire]Sinistcha-Masterpiece||RockyHelmet|Hospitality|MatchaGotcha,TrickRoom,RagePowder,StrengthSap||||||50|,,,,,Fire]Primarina||SitrusBerry|LiquidVoice|Protect,HyperVoice,Moonblast,CalmMind|||F|||50|,,,,,Fairy]Raichu||FocusSash|LightningRod|FakeOut,VoltSwitch,Encore,Nuzzle|||M|||50|,,,,,Electric
|showteam|p2|Charizard||ChoiceSpecs|SolarPower|HeatWave,Overheat,WeatherBall,AirSlash|||F|||50|,,,,,Ghost]Torkoal||EjectPack|Drought|Eruption,Overheat,HelpingHand,Protect|||M|||50|,,,,,Fire]Porygon2||Eviolite|Download|TeraBlast,IceBeam,Recover,TrickRoom||||||50|,,,,,Fighting]Incineroar||SitrusBerry|Intimidate|FlareBlitz,KnockOff,FakeOut,PartingShot|||F|||50|,,,,,Ghost]Jumpluff||CovertCloak|Chlorophyll|SleepPowder,SunnyDay,RagePowder,Tailwind|||M|||50|,,,,,Water]Ursaluna||FlameOrb|Guts|HeadlongRush,Facade,Earthquake,Protect|||M|||50|,,,,,Ghost
|inactive|Battle timer is ON: inactive players will automatically lose when time's up. (requested by TrevenantHugger)
|
|t:|1756554206
|teamsize|p1|4
|teamsize|p2|4
|start
|switch|p1a: Raichu|Raichu, L50, M|100/100
|switch|p1b: Primarina|Primarina, L50, F|100/100
|switch|p2a: Jumpluff|Jumpluff, L50, M|100/100
|switch|p2b: Charizard|Charizard, L50, F|100/100
|turn|1
|
|t:|1756554220
|-terastallize|p2b: Charizard|Ghost
|move|p1a: Raichu|Nuzzle|p2b: Charizard
|-damage|p2b: Charizard|91/100
|-status|p2b: Charizard|par
|move|p2a: Jumpluff|Sunny Day|p2a: Jumpluff
|-weather|SunnyDay
|move|p2b: Charizard|Heat Wave|p1a: Raichu|[spread] p1a,p1b
|-resisted|p1b: Primarina
|-enditem|p1a: Raichu|Focus Sash
|-damage|p1a: Raichu|1/100
|-damage|p1b: Primarina|58/100
|move|p1b: Primarina|Hyper Voice|p2a: Jumpluff|[spread] p2a,p2b
|-resisted|p2a: Jumpluff
|-crit|p2a: Jumpluff
|-damage|p2a: Jumpluff|89/100
|-damage|p2b: Charizard|67/100 par
|
|-weather|SunnyDay|[upkeep]
|-damage|p2b: Charizard|55/100 par|[from] ability: Solar Power|[of] p2b: Charizard
|upkeep
|turn|2
|
|t:|1756554239
|switch|p1a: Incineroar|Incineroar, L50, M|100/100
|-ability|p1a: Incineroar|Intimidate|boost
|-unboost|p2a: Jumpluff|atk|1
|-unboost|p2b: Charizard|atk|1
|move|p2a: Jumpluff|Sleep Powder|p1b: Primarina
|-status|p1b: Primarina|slp|[from] move: Sleep Powder
|move|p2b: Charizard|Heat Wave|p1b: Primarina|[spread] p1a,p1b
|-resisted|p1a: Incineroar
|-resisted|p1b: Primarina
|-damage|p1a: Incineroar|70/100
|-damage|p1b: Primarina|13/100 slp
|-enditem|p1b: Primarina|Sitrus Berry|[eat]
|-heal|p1b: Primarina|38/100 slp|[from] item: Sitrus Berry
|cant|p1b: Primarina|slp
|
|-weather|SunnyDay|[upkeep]
|-damage|p2b: Charizard|42/100 par|[from] ability: Solar Power|[of] p2b: Charizard
|upkeep
|turn|3
|inactive|fustor has 30 seconds left.
|
|t:|1756554268
|move|p2a: Jumpluff|Sleep Powder|p1a: Incineroar
|-status|p1a: Incineroar|slp|[from] move: Sleep Powder
|cant|p2b: Charizard|par
|cant|p1b: Primarina|slp
|cant|p1a: Incineroar|slp
|
|-weather|SunnyDay|[upkeep]
|-damage|p2b: Charizard|30/100 par|[from] ability: Solar Power|[of] p2b: Charizard
|upkeep
|turn|4
|
|t:|1756554280
|move|p2a: Jumpluff|Tailwind|p2a: Jumpluff
|-sidestart|p2: fustor|move: Tailwind
|move|p2b: Charizard|Heat Wave|p1b: Primarina|[spread] p1a,p1b
|-resisted|p1a: Incineroar
|-resisted|p1b: Primarina
|-damage|p1a: Incineroar|36/100 slp
|-damage|p1b: Primarina|0 fnt
|faint|p1b: Primarina
|-curestatus|p1a: Incineroar|slp|[msg]
|move|p1a: Incineroar|Flare Blitz|p2a: Jumpluff
|-supereffective|p2a: Jumpluff
|-damage|p2a: Jumpluff|0 fnt
|faint|p2a: Jumpluff
|-damage|p1a: Incineroar|10/100|[from] Recoil
|
|-weather|SunnyDay|[upkeep]
|-damage|p2b: Charizard|17/100 par|[from] ability: Solar Power|[of] p2b: Charizard
|upkeep
|
|t:|1756554295
|switch|p2a: Ursaluna|Ursaluna, L50, M|100/100
|switch|p1b: Annihilape|Annihilape, L50, F|100/100
|turn|5
|inactiveoff|Battle timer is now OFF.
|
|t:|1756554319
|switch|p1a: Raichu|Raichu, L50, M|1/100
|move|p2a: Ursaluna|Protect|p2a: Ursaluna
|-singleturn|p2a: Ursaluna|Protect
|move|p1b: Annihilape|Protect|p1b: Annihilape
|-singleturn|p1b: Annihilape|Protect
|move|p2b: Charizard|Heat Wave|p1a: Raichu|[spread] p1a
|-activate|p1b: Annihilape|move: Protect
|-damage|p1a: Raichu|0 fnt
|faint|p1a: Raichu
|
|-weather|none
|-status|p2a: Ursaluna|brn|[from] item: Flame Orb
|upkeep
|
|t:|1756554330
|switch|p1a: Incineroar|Incineroar, L50, M|10/100
|-ability|p1a: Incineroar|Intimidate|boost
|-unboost|p2a: Ursaluna|atk|1
|-unboost|p2b: Charizard|atk|1
|turn|6
|
|t:|1756554340
|switch|p2a: Porygon2|Porygon2, L50|100/100
|-ability|p2a: Porygon2|Download|boost
|-boost|p2a: Porygon2|spa|1
|-terastallize|p1b: Annihilape|Fire
|move|p1a: Incineroar|Fake Out|p2a: Porygon2
|-damage|p2a: Porygon2|93/100
|move|p2b: Charizard|Heat Wave|p1b: Annihilape|[spread] p1a,p1b
|-resisted|p1a: Incineroar
|-resisted|p1b: Annihilape
|-damage|p1a: Incineroar|0 fnt
|-damage|p1b: Annihilape|83/100
|faint|p1a: Incineroar
|move|p1b: Annihilape|Rage Fist|p2b: Charizard
|-supereffective|p2b: Charizard
|-damage|p2b: Charizard|0 fnt
|faint|p2b: Charizard
|
|-heal|p1b: Annihilape|89/100|[from] item: Leftovers
|upkeep
|
|t:|1756554357
|switch|p2b: Ursaluna|Ursaluna, L50, M|100/100 brn
|turn|7
|
|t:|1756554374
|move|p2b: Ursaluna|Headlong Rush|p1b: Annihilape
|-supereffective|p1b: Annihilape
|-damage|p1b: Annihilape|0 fnt
|-unboost|p2b: Ursaluna|def|1
|-unboost|p2b: Ursaluna|spd|1
|faint|p1b: Annihilape
|
|win|fustor
