|j|☆Murkrow17
|j|☆davirru6
|html|Murkrow17davirru6    
|uhtml|bestof|Game 2 of a best-of-3
|t:|1756908682
|gametype|doubles
|player|p1|Murkrow17|grimsley|1132
|player|p2|davirru6|1|1132
|gen|9
|tier|[Gen 9] VGC 2025 Reg H (Bo3)
|rated|
|rule|Species Clause: Limit one of each Pokémon
|rule|Item Clause: Limit 1 of each item
|clearpoke
|poke|p1|Sneasler, L50, M|
|poke|p1|Amoonguss, L50, F|
|poke|p1|Gholdengo, L50|
|poke|p1|Incineroar, L50, M|
|poke|p1|Dragonite, L50, F|
|poke|p1|Ursaluna-Bloodmoon, L50, M|
|poke|p2|Pelipper, L50, F|
|poke|p2|Archaludon, L50, M|
|poke|p2|Basculegion, L50, M|
|poke|p2|Amoonguss, L50, F|
|poke|p2|Gholdengo, L50|
|poke|p2|Incineroar, L50, F|
|teampreview|4
|showteam|p1|Sneasler||FocusSash|Unburden|DireClaw,CloseCombat,Protect,ThroatChop|||M|||50|,,,,,Stellar]Amoonguss||SitrusBerry|Regenerator|RagePowder,Spore,PollenPuff,Protect|||F|||50|,,,,,Water]Gholdengo||LifeOrb|GoodasGold|MakeItRain,ShadowBall,Protect,NastyPlot||||||50|,,,,,Water]Incineroar||SafetyGoggles|Intimidate|FlareBlitz,PartingShot,FakeOut,KnockOff|||M|||50|,,,,,Ghost]Dragonite||LoadedDice|Multiscale|ScaleShot,Tailwind,Protect,Haze|||F|||50|,,,,,Fairy]Ursaluna-Bloodmoon||AssaultVest|MindsEye|BloodMoon,VacuumWave,HyperVoice,EarthPower|||M|||50|,,,,,Water
|showteam|p2|Pelipper||FocusSash|Drizzle|Hurricane,WeatherBall,Tailwind,Protect|||F|||50|,,,,,Stellar]Archaludon||AssaultVest|Stamina|ElectroShot,DracoMeteor,Snarl,BodyPress|||M|||50|,,,,,Grass]Basculegion||ChoiceBand|SwiftSwim|WaveCrash,FlipTurn,AquaJet,LastRespects|||M|||50|,,,,,Water]Amoonguss||SitrusBerry|Regenerator|Spore,PollenPuff,RagePowder,Protect|||F|||50|,,,,,Water]Gholdengo||LifeOrb|GoodasGold|MakeItRain,ShadowBall,NastyPlot,Protect||||||50|,,,,,Water]Incineroar||RockyHelmet|Intimidate|KnockOff,FakeOut,Taunt,PartingShot|||F|||50|,,,,,Ghost
|inactive|Battle timer is ON: inactive players will automatically lose when time's up. (requested by davirru6)
|l|☆Murkrow17
|inactive|Murkrow17 disconnected and has a minute to reconnect!
|player|p1|
|j|☆Murkrow17
|inactive|Murkrow17 reconnected and has 70 seconds left.
|player|p1|Murkrow17|grimsley|
|inactive|Murkrow17 has 60 seconds left.
|
|t:|1756908727
|teamsize|p1|4
|teamsize|p2|4
|start
|switch|p1a: Dragonite|Dragonite, L50, F|100/100
|switch|p1b: Sneasler|Sneasler, L50, M|100/100
|switch|p2a: Pelipper|Pelipper, L50, F|100/100
|switch|p2b: Basculegion|Basculegion, L50, M|100/100
|-weather|RainDance|[from] ability: Drizzle|[of] p2a: Pelipper
|turn|1
|l|☆Murkrow17
|inactive|Murkrow17 disconnected and has a minute to reconnect!
|player|p1|
|j|☆Murkrow17
|inactive|Murkrow17 reconnected and has 35 seconds left.
|player|p1|Murkrow17|grimsley|
|inactive|Murkrow17 has 30 seconds left.
|
|t:|1756908753
|move|p2a: Pelipper|Protect|p2a: Pelipper
|-singleturn|p2a: Pelipper|Protect
|move|p2b: Basculegion|Flip Turn|p1b: Sneasler
|-enditem|p1b: Sneasler|Focus Sash
|-damage|p1b: Sneasler|1/100
|
|t:|1756908759
|switch|p2b: Archaludon|Archaludon, L50, M|100/100|[from] Flip Turn
|move|p1b: Sneasler|Throat Chop|p2b: Archaludon
|-damage|p2b: Archaludon|78/100
|-start|p2b: Archaludon|Throat Chop|[silent]
|-ability|p2b: Archaludon|Stamina|boost
|-boost|p2b: Archaludon|def|1
|move|p1a: Dragonite|Scale Shot|p2b: Archaludon|[miss]
|-miss|p1a: Dragonite|p2b: Archaludon
|
|-weather|RainDance|[upkeep]
|upkeep
|turn|2
|inactive|davirru6 has 30 seconds left.
|inactive|davirru6 has 20 seconds left.
|
|t:|1756908794
|switch|p2a: Amoonguss|Amoonguss, L50, F|100/100
|-terastallize|p1a: Dragonite|Fairy
|-terastallize|p2b: Archaludon|Grass
|move|p1b: Sneasler|Protect|p1b: Sneasler
|-singleturn|p1b: Sneasler|Protect
|move|p1a: Dragonite|Haze|p1a: Dragonite
|-clearallboost
|move|p2b: Archaludon|Electro Shot||[still]
|-prepare|p2b: Archaludon|Electro Shot
|-boost|p2b: Archaludon|spa|1
|-anim|p2b: Archaludon|Electro Shot|p1b: Sneasler
|-activate|p1b: Sneasler|move: Protect
|
|-weather|RainDance|[upkeep]
|-end|p2b: Archaludon|Throat Chop|[silent]
|upkeep
|turn|3
|l|☆Murkrow17
|inactive|Murkrow17 disconnected and has a minute to reconnect!
|player|p1|
|j|☆Murkrow17
|inactive|Murkrow17 reconnected and has 35 seconds left.
|player|p1|Murkrow17|grimsley|
|inactive|Murkrow17 has 30 seconds left.
|
|t:|1756908827
|move|p2a: Amoonguss|Rage Powder|p2a: Amoonguss
|-singleturn|p2a: Amoonguss|move: Rage Powder
|move|p1b: Sneasler|Dire Claw|p2a: Amoonguss
|-damage|p2a: Amoonguss|65/100
|-status|p2a: Amoonguss|par
|move|p1a: Dragonite|Scale Shot|p2a: Amoonguss
|-damage|p2a: Amoonguss|52/100 par
|-crit|p2a: Amoonguss
|-damage|p2a: Amoonguss|35/100 par
|-enditem|p2a: Amoonguss|Sitrus Berry|[eat]
|-heal|p2a: Amoonguss|60/100 par|[from] item: Sitrus Berry
|-damage|p2a: Amoonguss|47/100 par
|-damage|p2a: Amoonguss|36/100 par
|-hitcount|p2a: Amoonguss|4
|-unboost|p1a: Dragonite|def|1
|-boost|p1a: Dragonite|spe|1
|move|p2b: Archaludon|Electro Shot||[still]
|-prepare|p2b: Archaludon|Electro Shot
|-boost|p2b: Archaludon|spa|1
|-anim|p2b: Archaludon|Electro Shot|p1b: Sneasler
|-damage|p1b: Sneasler|0 fnt
|faint|p1b: Sneasler
|
|-weather|RainDance|[upkeep]
|upkeep
|inactive|Murkrow17 has 30 seconds left.
|
|t:|1756908854
|switch|p1b: Ursaluna|Ursaluna-Bloodmoon, L50, M|100/100
|turn|4
|
|t:|1756908872
|move|p1a: Dragonite|Haze|p1a: Dragonite
|-clearallboost
|move|p2b: Archaludon|Body Press|p1b: Ursaluna
|-supereffective|p1b: Ursaluna
|-damage|p1b: Ursaluna|67/100
|move|p1b: Ursaluna|Hyper Voice|p2b: Archaludon|[spread] p2a,p2b
|-damage|p2a: Amoonguss|7/100 par
|-damage|p2b: Archaludon|53/100
|-ability|p2b: Archaludon|Stamina|boost
|-boost|p2b: Archaludon|def|1
|move|p2a: Amoonguss|Spore|p1a: Dragonite
|-status|p1a: Dragonite|slp|[from] move: Spore
|
|-weather|RainDance|[upkeep]
|upkeep
|turn|5
|l|☆Murkrow17
|inactive|Murkrow17 disconnected and has a minute to reconnect!
|player|p1|
|j|☆Murkrow17
|inactive|Murkrow17 reconnected and has 35 seconds left.
|player|p1|Murkrow17|grimsley|
|inactive|Murkrow17 has 30 seconds left.
|
|t:|1756908897
|switch|p1b: Amoonguss|Amoonguss, L50, F|100/100
|cant|p1a: Dragonite|slp
|move|p2b: Archaludon|Body Press|p1b: Amoonguss
|-resisted|p1b: Amoonguss
|-damage|p1b: Amoonguss|86/100
|move|p2a: Amoonguss|Spore|p1b: Amoonguss
|-immune|p1b: Amoonguss
|
|-weather|none
|upkeep
|turn|6
|l|☆Murkrow17
|inactive|Murkrow17 disconnected and has a minute to reconnect!
|player|p1|
|j|☆Murkrow17
|inactive|Murkrow17 reconnected and has 35 seconds left.
|player|p1|Murkrow17|grimsley|
|inactive|Murkrow17 has 30 seconds left.
|
|t:|1756908924
|switch|p2a: Pelipper|Pelipper, L50, F|100/100
|-weather|RainDance|[from] ability: Drizzle|[of] p2a: Pelipper
|cant|p1a: Dragonite|slp
|move|p2b: Archaludon|Electro Shot||[still]
|-prepare|p2b: Archaludon|Electro Shot
|-boost|p2b: Archaludon|spa|1
|-anim|p2b: Archaludon|Electro Shot|p1a: Dragonite
|-damage|p1a: Dragonite|65/100 slp
|move|p1b: Amoonguss|Pollen Puff|p1a: Dragonite
|-heal|p1a: Dragonite|100/100 slp
|
|-weather|RainDance|[upkeep]
|upkeep
|turn|7
|l|☆Murkrow17
|inactive|Murkrow17 disconnected and has a minute to reconnect!
|player|p1|
|j|☆Murkrow17
|inactive|Murkrow17 reconnected and has 35 seconds left.
|player|p1|Murkrow17|grimsley|
|inactive|Murkrow17 has 30 seconds left.
|
|t:|1756908953
|-curestatus|p1a: Dragonite|slp|[msg]
|move|p1a: Dragonite|Haze|p1a: Dragonite
|-clearallboost
|move|p2a: Pelipper|Hurricane|p1b: Amoonguss
|-supereffective|p1b: Amoonguss
|-damage|p1b: Amoonguss|0 fnt
|faint|p1b: Amoonguss
|move|p2b: Archaludon|Electro Shot||[still]
|-prepare|p2b: Archaludon|Electro Shot
|-boost|p2b: Archaludon|spa|1
|-anim|p2b: Archaludon|Electro Shot|p1a: Dragonite
|-damage|p1a: Dragonite|65/100
|
|-weather|RainDance|[upkeep]
|upkeep
|
|t:|1756908961
|switch|p1b: Ursaluna|Ursaluna-Bloodmoon, L50, M|67/100
|turn|8
|
|t:|1756908971
|move|p1a: Dragonite|Tailwind|p1a: Dragonite
|-sidestart|p1: Murkrow17|move: Tailwind
|move|p1b: Ursaluna|Blood Moon|p2a: Pelipper
|-enditem|p2a: Pelipper|Focus Sash
|-damage|p2a: Pelipper|1/100
|move|p2a: Pelipper|Weather Ball|p1b: Ursaluna
|-supereffective|p1b: Ursaluna
|-damage|p1b: Ursaluna|0 fnt
|faint|p1b: Ursaluna
|move|p2b: Archaludon|Electro Shot||[still]
|-prepare|p2b: Archaludon|Electro Shot
|-boost|p2b: Archaludon|spa|1
|-anim|p2b: Archaludon|Electro Shot|p1a: Dragonite
|-damage|p1a: Dragonite|0 fnt
|faint|p1a: Dragonite
|
|win|davirru6
|l|☆Murkrow17
|player|p1|
||Murkrow17 is ready for game 3.
|inactive|davirru6 has 30 seconds to confirm battle start!
||davirru6 is ready for game 3.
|uhtml|next|Next: Game 3 of 3
