|j|â˜†Mobu0_0
|j|â˜†JoltSmash
|html|Mobu0_0JoltSmash    
|uhtml|bestof|Game 1 of a best-of-3
|t:|1784922455
|gametype|doubles
|player|p1|Mobu0_0|miku-psychic|
|player|p2|JoltSmash|harlequin|
|gen|9
|tier|[Gen 9 Champions] VGC 2026 Reg M-B (Bo3)
|rule|Species Clause: Limit one of each PokÃ©mon
|rule|Item Clause: Limit 1 of each item
|clearpoke
|poke|p1|Houndoom, L50, M|
|poke|p1|Chandelure, L50, M|
|poke|p1|Vileplume, L50, F|
|poke|p1|Maushold, L50|
|poke|p1|Armarouge, L50, F|
|poke|p1|Torkoal, L50, M|
|poke|p2|Falinks, L50|
|poke|p2|Audino, L50, F|
|poke|p2|Maushold-Four, L50, shiny|
|poke|p2|Scrafty, L50, F, shiny|
|poke|p2|Archaludon, L50, F|
|poke|p2|Staraptor, L50, F|
|teampreview|4
|showteam|p1|Houndoom||Houndoominite|EarlyBird|Snarl,HelpingHand,SuperFang,WillOWisp|Timid||M|||50|]Chandelure||Chandelurite|FlashFire|HeatWave,Protect,ShadowBall,EnergyBall|Quiet||M|||50|]Vileplume||FocusSash|Chlorophyll|SleepPowder,AfterYou,LeafStorm,StrengthSap|Timid||F|||50|]Maushold||KingsRock|FriendGuard|PopulationBomb,FollowMe,PlayRough,BulletSeed|Jolly|||||50|]Armarouge||ColburBerry|FlashFire|HeatWave,Psychic,WideGuard,TrickRoom|Quiet||F|||50|]Torkoal||HeatRock|Drought|WeatherBall,Eruption,Protect,SolarBeam|Modest||M|||50|
|showteam|p2|Falinks||Falinksite|Defiant|NoRetreat,Protect,RockSlide,HighHorsepower|Adamant|||||50|]Audino||ChoiceScarf|Healer|SimpleBeam,HealPulse,AfterYou,Encore|Timid||F|||50|]Maushold-Four||WideLens|Technician|PopulationBomb,FollowMe,Protect,TidyUp|Jolly|||||50|]Scrafty||Scraftinite|Intimidate|FakeOut,Coaching,KnockOff,DrainPunch|Careful||F|||50|]Archaludon||SitrusBerry|Stamina|ElectroShot,DragonPulse,FlashCannon,AuraSphere|Modest||F|||50|]Staraptor||FocusSash|Intimidate|Tailwind,Uturn,RainDance,GigaImpact|Jolly||F|||50|
|inactive|Battle timer is ON: inactive players will automatically lose when time's up. (requested by Mobu0_0)
|c|â˜†Mobu0_0|Hmm
|c|â˜†JoltSmash|hmmm
|inactive|JoltSmash has 60 seconds left.
|
|t:|1784922512
|teamsize|p1|4
|teamsize|p2|4
|start
|switch|p1a: Maushold|Maushold, L50|100/100
|switch|p1b: Armarouge|Armarouge, L50, F|100/100
|switch|p2a: Kill|Falinks, L50|100/100
|switch|p2b: Dont mega evolve|Audino, L50, F|100/100
|turn|1
|
|t:|1784922530
|detailschange|p2a: Kill|Falinks-Mega, L50
|-mega|p2a: Kill|Falinks|Falinksite
|move|p1a: Maushold|Population Bomb|p2a: Kill
|-damage|p2a: Kill|93/100
|-crit|p2a: Kill
|-damage|p2a: Kill|84/100
|-damage|p2a: Kill|78/100
|-hitcount|p2a: Kill|3
|move|p2b: Dont mega evolve|Simple Beam|p2a: Kill
|-ability|p2a: Kill|Simple|Defiant|[from] move: Simple Beam
|move|p2a: Kill|No Retreat|p2a: Kill
|-boost|p2a: Kill|atk|2
|-boost|p2a: Kill|def|2
|-boost|p2a: Kill|spa|2
|-boost|p2a: Kill|spd|2
|-boost|p2a: Kill|spe|2
|-start|p2a: Kill|move: No Retreat
|move|p1b: Armarouge|Trick Room|p1b: Armarouge
|-fieldstart|move: Trick Room|[of] p1b: Armarouge
|
|upkeep
|turn|2
|inactive|Mobu0_0 has 30 seconds left.
|
|t:|1784922555
|switch|p2b: Dumb idiot|Scrafty, L50, F, shiny|100/100
|-ability|p2b: Dumb idiot|Intimidate|boost
|-unboost|p1a: Maushold|atk|1
|-unboost|p1b: Armarouge|atk|1
|move|p1a: Maushold|Follow Me|p1a: Maushold
|-singleturn|p1a: Maushold|move: Follow Me
|move|p1b: Armarouge|Psychic|p2a: Kill
|-supereffective|p2a: Kill|1
|-damage|p2a: Kill|0 fnt
|faint|p2a: Kill
|
|upkeep
|
|t:|1784922566
|switch|p2a: Dont mega evolve|Audino, L50, F|100/100
|turn|3
|
|t:|1784922590
|switch|p1a: Torkoal|Torkoal, L50, M|100/100
|-weather|SunnyDay|[from] ability: Drought|[of] p1a: Torkoal
|move|p2b: Dumb idiot|Drain Punch|p1a: Torkoal
|-damage|p1a: Torkoal|79/100
|move|p1b: Armarouge|Heat Wave|p2b: Dumb idiot|[spread] p2a,p2b
|-damage|p2a: Dont mega evolve|39/100
|-damage|p2b: Dumb idiot|61/100
|-status|p2a: Dont mega evolve|brn
|move|p2a: Dont mega evolve|Heal Pulse|p2b: Dumb idiot
|-heal|p2b: Dumb idiot|100/100
|
|-weather|SunnyDay|[upkeep]
|-damage|p2a: Dont mega evolve|33/100 brn|[from] brn
|upkeep
|turn|4
|
|t:|1784922610
|move|p1a: Torkoal|Eruption|p2a: Dont mega evolve|[spread] p2a,p2b
|-damage|p2a: Dont mega evolve|0 fnt
|-damage|p2b: Dumb idiot|58/100
|faint|p2a: Dont mega evolve
|move|p2b: Dumb idiot|Knock Off|p1b: Armarouge
|-supereffective|p1b: Armarouge|1
|-enditem|p1b: Armarouge|Colbur Berry|[eat]
|-enditem|p1b: Armarouge|Colbur Berry|[weaken]
|-damage|p1b: Armarouge|71/100
|move|p1b: Armarouge|Heat Wave|p2b: Dumb idiot
|-damage|p2b: Dumb idiot|0 fnt
|faint|p2b: Dumb idiot
|
|-weather|SunnyDay|[upkeep]
|upkeep
|
|t:|1784922615
|switch|p2b: Maushold-Six-Seven|Maushold-Four, L50, shiny|100/100
|turn|5
|
|t:|1784922625
|move|p1a: Torkoal|Eruption|p2b: Maushold-Six-Seven
|-damage|p2b: Maushold-Six-Seven|7/100
|move|p1b: Armarouge|Psychic|p2b: Maushold-Six-Seven
|-damage|p2b: Maushold-Six-Seven|0 fnt
|faint|p2b: Maushold-Six-Seven
|
|win|Mobu0_0
||Mobu0_0 is ready for game 2.
||JoltSmash is ready for game 2.
|uhtml|next|Next: Game 2 of 3
