|j|☆KingDom1992
|j|☆Zeclos
|html|KingDom1992Zeclos    
|uhtml|bestof|Game 3 of a best-of-3
|t:|1756476209
|gametype|doubles
|player|p1|KingDom1992|brock|1196
|player|p2|Zeclos|juan|1139
|gen|9
|tier|[Gen 9] VGC 2025 Reg H (Bo3)
|rated|
|rule|Species Clause: Limit one of each Pokémon
|rule|Item Clause: Limit 1 of each item
|clearpoke
|poke|p1|Gholdengo, L50|
|poke|p1|Sneasler, L50, F|
|poke|p1|Incineroar, L50, F|
|poke|p1|Amoonguss, L50, M|
|poke|p1|Dragonite, L50, M|
|poke|p1|Ursaluna-Bloodmoon, L50, M|
|poke|p2|Torkoal, L50, M|
|poke|p2|Lilligant-Hisui, L50, F|
|poke|p2|Raichu, L50, F|
|poke|p2|Hydreigon, L50, M|
|poke|p2|Braviary, L50, M|
|poke|p2|Goodra-Hisui, L50, F|
|teampreview|4
|showteam|p1|Gholdengo||LifeOrb|GoodasGold|MakeItRain,ShadowBall,NastyPlot,Protect||||||50|,,,,,Water]Sneasler||FocusSash|PoisonTouch|FakeOut,CloseCombat,DireClaw,Protect|||F|||50|,,,,,Stellar]Incineroar||SafetyGoggles|Intimidate|FakeOut,FlareBlitz,KnockOff,PartingShot|||F|||50|,,,,,Ghost]Amoonguss||SitrusBerry|Regenerator|Spore,RagePowder,PollenPuff,Protect|||M|||50|,,,,,Water]Dragonite||LoadedDice|Multiscale|ScaleShot,Haze,Tailwind,ExtremeSpeed|||M|||50|,,,,,Fairy]Ursaluna-Bloodmoon||AssaultVest|MindsEye|HyperVoice,BloodMoon,EarthPower,VacuumWave|||M|||50|,,,,,Normal
|showteam|p2|Torkoal||Charcoal|Drought|Eruption,Yawn,Protect,HeatWave|||M|||50|,,,,,Fire]Lilligant-Hisui||FocusSash|Chlorophyll|AfterYou,CloseCombat,Protect,SleepPowder|||F|||50|,,,,,Ghost]Raichu||SitrusBerry|LightningRod|FakeOut,Nuzzle,Thunderbolt,Electroweb|||F|||50|,,,,,Ghost]Hydreigon||ChoiceSpecs|Levitate|DracoMeteor,DarkPulse,HeatWave,FlashCannon|||M|||50|,,,,,Fire]Braviary||CovertCloak|Defiant|Tailwind,BraveBird,DoubleEdge,Protect|||M|||50|,,,,,Flying]Goodra-Hisui||Leftovers|ShellArmor|AcidArmor,BodyPress,Protect,LifeDew|||F|||50|,,,,,Steel
|inactive|Battle timer is ON: inactive players will automatically lose when time's up. (requested by Zeclos)
|
|t:|1756476227
|teamsize|p1|4
|teamsize|p2|4
|start
|switch|p1a: Sneasler|Sneasler, L50, F, shiny|100/100
|switch|p1b: Dragonite|Dragonite, L50, M|100/100
|switch|p2a: Raichu|Raichu, L50, F|100/100
|switch|p2b: Braviary|Braviary, L50, M|100/100
|turn|1
|
|t:|1756476246
|switch|p1b: Ursaluna|Ursaluna-Bloodmoon, L50, M|100/100
|-terastallize|p2a: Raichu|Ghost
|move|p1a: Sneasler|Dire Claw|p2a: Raichu
|-resisted|p2a: Raichu
|-damage|p2a: Raichu|57/100
|-status|p2a: Raichu|psn
|move|p2a: Raichu|Nuzzle|p1b: Ursaluna
|-immune|p1b: Ursaluna
|move|p2b: Braviary|Tailwind|p2b: Braviary
|-sidestart|p2: Zeclos|move: Tailwind
|
|-damage|p2a: Raichu|45/100 psn|[from] psn
|upkeep
|-enditem|p2a: Raichu|Sitrus Berry|[eat]
|-heal|p2a: Raichu|69/100 psn|[from] item: Sitrus Berry
|turn|2
|
|t:|1756476271
|move|p1a: Sneasler|Protect|p1a: Sneasler
|-singleturn|p1a: Sneasler|Protect
|move|p2a: Raichu|Nuzzle|p1a: Sneasler
|-activate|p1a: Sneasler|move: Protect
|move|p2b: Braviary|Brave Bird|p1b: Ursaluna
|-damage|p1b: Ursaluna|50/100
|-damage|p2b: Braviary|82/100|[from] Recoil
|move|p1b: Ursaluna|Hyper Voice|p2b: Braviary|[spread] p2a,p2b
|-damage|p2a: Raichu|15/100 psn
|-damage|p2b: Braviary|34/100
|
|-damage|p2a: Raichu|3/100 psn|[from] psn
|upkeep
|turn|3
|
|t:|1756476296
|move|p1b: Ursaluna|Vacuum Wave|p2a: Raichu
|-damage|p2a: Raichu|0 fnt
|faint|p2a: Raichu
|move|p2b: Braviary|Brave Bird|p1b: Ursaluna
|-damage|p1b: Ursaluna|0 fnt
|faint|p1b: Ursaluna
|-damage|p2b: Braviary|15/100|[from] Recoil
|move|p1a: Sneasler|Dire Claw|p2b: Braviary
|-damage|p2b: Braviary|0 fnt
|faint|p2b: Braviary
|
|upkeep
|
|t:|1756476308
|switch|p2a: Hydreigon|Hydreigon, L50, M|100/100
|switch|p2b: Lilligant|Lilligant-Hisui, L50, F|100/100
|switch|p1b: Dragonite|Dragonite, L50, M|100/100
|turn|4
|
|t:|1756476326
|switch|p1a: Incineroar|Incineroar, L50, F, shiny|100/100
|-ability|p1a: Incineroar|Intimidate|boost
|-unboost|p2a: Hydreigon|atk|1
|-unboost|p2b: Lilligant|atk|1
|-terastallize|p1b: Dragonite|Fairy
|move|p2b: Lilligant|Sleep Powder|p1a: Incineroar
|-activate|p1a: Incineroar|item: Safety Goggles|Sleep Powder
|move|p2a: Hydreigon|Draco Meteor|p1b: Dragonite
|-immune|p1b: Dragonite
|move|p1b: Dragonite|Scale Shot|p2a: Hydreigon
|-supereffective|p2a: Hydreigon
|-damage|p2a: Hydreigon|65/100
|-supereffective|p2a: Hydreigon
|-damage|p2a: Hydreigon|27/100
|-supereffective|p2a: Hydreigon
|-damage|p2a: Hydreigon|0 fnt
|faint|p2a: Hydreigon
|-hitcount|p2: Hydreigon|3
|-unboost|p1b: Dragonite|def|1
|-boost|p1b: Dragonite|spe|1
|
|-sideend|p2: Zeclos|move: Tailwind
|upkeep
|turn|5
|-message|Zeclos forfeited.
|
|win|KingDom1992
|raw|KingDom1992's rating: 1196 → 1217(+21 for winning)
|raw|Zeclos's rating: 1139 → 1118(-21 for losing)
|l|☆Zeclos
|player|p2|
|l|☆KingDom1992
|player|p1|
|j|☆KingDom1992
|player|p1|KingDom1992|brock|
