|j|☆CaratroncoSun
|j|☆heshade11
|html|CaratroncoSunheshade11    
|uhtml|bestof|Game 3 of a best-of-3
|t:|1782224681
|gametype|doubles
|player|p1|CaratroncoSun|juan|1143
|player|p2|heshade11|169|1054
|gen|9
|tier|[Gen 9 Champions] VGC 2026 Reg M-B (Bo3)
|rated|
|rule|Species Clause: Limit one of each Pokémon
|rule|Item Clause: Limit 1 of each item
|clearpoke
|poke|p1|Overqwil, L50, F, shiny|
|poke|p1|Swampert, L50, M|
|poke|p1|Pelipper, L50, M|
|poke|p1|Metagross, L50, shiny|
|poke|p1|Sneasler, L50, F|
|poke|p1|Sinistcha-Masterpiece, L50|
|poke|p2|Mawile, L50, M|
|poke|p2|Pelipper, L50, M|
|poke|p2|Basculegion, L50, M|
|poke|p2|Archaludon, L50, M|
|poke|p2|Sinistcha, L50|
|poke|p2|Swampert, L50, F|
|teampreview|4
|showteam|p1|Overqwil||LifeOrb|SwiftSwim|Protect,PoisonJab,ThroatChop,Liquidation|Adamant||F|||50|]Swampert||Swampertite|Damp|Protect,WaveCrash,HighHorsepower,IcePunch|Adamant||M|||50|]Pelipper||FocusSash|Drizzle|Protect,Tailwind,Hurricane,WeatherBall|Modest||M|||50|]Metagross||Metagrossite|ClearBody|Protect,PsychicFangs,MeteorMash,IcePunch|Jolly|||||50|]Sneasler||WhiteHerb|Unburden|Coaching,FakeOut,DireClaw,CloseCombat|Jolly||F|||50|]Sinistcha-Masterpiece||SitrusBerry|Hospitality|MatchaGotcha,TrickRoom,LifeDew,RagePowder|Bold|||||50|
|showteam|p2|Mawile||Mawilite|HyperCutter|Protect,PlayRough,BrickBreak,SuckerPunch|Adamant||M|||50|]Pelipper||FocusSash|Drizzle|WeatherBall,Hurricane,Protect,Tailwind|Modest||M|||50|]Basculegion||ChoiceScarf|Adaptability|AquaJet,FlipTurn,LastRespects,WaveCrash|Jolly||M|||50|]Archaludon||Leftovers|Stamina|FlashCannon,Protect,ElectroShot,DragonPulse|Modest||M|||50|]Sinistcha||KasibBerry|Hospitality|MatchaGotcha,RagePowder,TrickRoom,Protect|Bold|||||50|]Swampert||Swampertite|Torrent|HighHorsepower,IcePunch,Protect,WaveCrash|Adamant||F|||50|
|inactive|Battle timer is ON: inactive players will automatically lose when time's up. (requested by heshade11)
|inactive|CaratroncoSun has 60 seconds left.
|inactive|CaratroncoSun has 30 seconds left.
|inactive|CaratroncoSun has 20 seconds left.
|inactive|CaratroncoSun has 15 seconds left.
|
|t:|1782224792
|teamsize|p1|4
|teamsize|p2|4
|start
|switch|p1a: Sneasler|Sneasler, L50, F|100/100
|switch|p1b: Pelipper|Pelipper, L50, M|100/100
|switch|p2a: Sinistcha|Sinistcha, L50|100/100
|switch|p2b: Basculegion|Basculegion, L50, M|100/100
|-weather|RainDance|[from] ability: Drizzle|[of] p1b: Pelipper
|turn|1
|inactive|CaratroncoSun has 30 seconds left.
|inactive|heshade11 has 30 seconds left.
|inactive|CaratroncoSun has 20 seconds left.
|inactive|CaratroncoSun has 15 seconds left.
|
|t:|1782224835
|switch|p1a: Sinistcha|Sinistcha-Masterpiece, L50|100/100
|switch|p2a: Pelipper|Pelipper, L50, M|100/100
|move|p2b: Basculegion|Wave Crash|p1a: Sinistcha
|-resisted|p1a: Sinistcha|1
|-damage|p1a: Sinistcha|51/100
|-damage|p2b: Basculegion|85/100|[from] Recoil
|move|p1b: Pelipper|Hurricane|p2b: Basculegion
|-damage|p2b: Basculegion|29/100
|-start|p2b: Basculegion|confusion
|
|-weather|RainDance|[upkeep]
|upkeep
|turn|2
|inactive|CaratroncoSun has 30 seconds left.
|
|t:|1782224867
|switch|p2b: Swampert|Swampert, L50, F|100/100
|move|p1a: Sinistcha|Rage Powder|p1a: Sinistcha
|-singleturn|p1a: Sinistcha|move: Rage Powder
|move|p2a: Pelipper|Hurricane|p1a: Sinistcha
|-supereffective|p1a: Sinistcha|1
|-damage|p1a: Sinistcha|0 fnt
|faint|p1a: Sinistcha
|move|p1b: Pelipper|Tailwind|p1b: Pelipper
|-sidestart|p1: CaratroncoSun|move: Tailwind
|
|-weather|RainDance|[upkeep]
|upkeep
|
|t:|1782224878
|switch|p1a: Swampert|Swampert, L50, M|100/100
|turn|3
|
|t:|1782224901
|detailschange|p1a: Swampert|Swampert-Mega, L50, M
|-mega|p1a: Swampert|Swampert|Swampertite
|detailschange|p2b: Swampert|Swampert-Mega, L50, F
|-mega|p2b: Swampert|Swampert|Swampertite
|move|p1a: Swampert|Ice Punch|p2a: Pelipper
|-damage|p2a: Pelipper|62/100
|move|p1b: Pelipper|Weather Ball|p2b: Swampert
|-damage|p2b: Swampert|40/100
|move|p2b: Swampert|Ice Punch|p1b: Pelipper
|-damage|p1b: Pelipper|57/100
|move|p2a: Pelipper|Hurricane|p1b: Pelipper
|-damage|p1b: Pelipper|0 fnt
|faint|p1b: Pelipper
|
|-weather|RainDance|[upkeep]
|upkeep
|
|t:|1782224917
|switch|p1b: Sneasler|Sneasler, L50, F|100/100
|turn|4
|inactive|CaratroncoSun has 30 seconds left.
|
|t:|1782224945
|move|p2b: Swampert|Protect|p2b: Swampert
|-singleturn|p2b: Swampert|Protect
|move|p1a: Swampert|Ice Punch|p2a: Pelipper
|-damage|p2a: Pelipper|23/100
|move|p1b: Sneasler|Close Combat|p2b: Swampert
|-activate|p2b: Swampert|move: Protect
|move|p2a: Pelipper|Tailwind|p2a: Pelipper
|-sidestart|p2: heshade11|move: Tailwind
|
|-weather|RainDance|[upkeep]
|upkeep
|turn|5
|
|t:|1782224965
|move|p2a: Pelipper|Protect|p2a: Pelipper
|-singleturn|p2a: Pelipper|Protect
|move|p1a: Swampert|Wave Crash|p2b: Swampert
|-damage|p2b: Swampert|0 fnt
|faint|p2b: Swampert
|-damage|p1a: Swampert|85/100|[from] Recoil
|move|p1b: Sneasler|Close Combat|p2a: Pelipper
|-activate|p2a: Pelipper|move: Protect
|
|-weather|none
|-sideend|p1: CaratroncoSun|move: Tailwind
|upkeep
|
|t:|1782224988
|switch|p2b: Sinistcha|Sinistcha, L50|100/100
|-heal|p2a: Pelipper|48/100|[from] ability: Hospitality|[of] p2b: Sinistcha
|turn|6
|
|t:|1782224997
|move|p1a: Swampert|Protect|p1a: Swampert
|-singleturn|p1a: Swampert|Protect
|move|p2a: Pelipper|Hurricane|p1b: Sneasler|[miss]
|-miss|p2a: Pelipper|p1b: Sneasler
|move|p1b: Sneasler|Dire Claw|p2b: Sinistcha
|-damage|p2b: Sinistcha|70/100
|move|p2b: Sinistcha|Matcha Gotcha|p1b: Sneasler|[spread] 
|-activate|p1a: Swampert|move: Protect
|-miss|p2b: Sinistcha|p1b: Sneasler
|
|upkeep
|turn|7
|
|t:|1782225013
|move|p1a: Swampert|Protect||[still]
|-fail|p1a: Swampert
|move|p2a: Pelipper|Hurricane|p1b: Sneasler|[miss]
|-miss|p2a: Pelipper|p1b: Sneasler
|move|p1b: Sneasler|Dire Claw|p2b: Sinistcha
|-damage|p2b: Sinistcha|40/100
|move|p2b: Sinistcha|Matcha Gotcha|p1a: Swampert|[spread] p1a
|-miss|p2b: Sinistcha|p1b: Sneasler
|-supereffective|p1a: Swampert|2
|-damage|p1a: Swampert|7/100
|-heal|p2b: Sinistcha|78/100|[from] drain|[of] p1a: Swampert
|-status|p1a: Swampert|brn
|
|-damage|p1a: Swampert|1/100 brn|[from] brn
|-sideend|p2: heshade11|move: Tailwind
|upkeep
|turn|8
|c|☆heshade11|gg
|
|t:|1782225038
|move|p2a: Pelipper|Protect|p2a: Pelipper
|-singleturn|p2a: Pelipper|Protect
|move|p2b: Sinistcha|Protect|p2b: Sinistcha
|-singleturn|p2b: Sinistcha|Protect
|move|p1b: Sneasler|Dire Claw|p2b: Sinistcha
|-activate|p2b: Sinistcha|move: Protect
|move|p1a: Swampert|Ice Punch|p2b: Sinistcha
|-activate|p2b: Sinistcha|move: Protect
|
|-damage|p1a: Swampert|0 fnt|[from] brn
|faint|p1a: Swampert
|upkeep
|turn|9
|-message|CaratroncoSun forfeited.
|raw|CaratroncoSun's rating: 1143 → 1112(-31 for losing)
|raw|heshade11's rating: 1054 → 1094(+40 for winning)
|
|win|heshade11
