|j|☆Blu123456789
|j|☆mcgiah
|html|Blu123456789mcgiah    
|uhtml|bestof|Game 2 of a best-of-3
|t:|1757636165
|gametype|doubles
|player|p1|Blu123456789|unknown|1029
|player|p2|mcgiah|gentleman-gen4|1044
|gen|9
|tier|[Gen 9] VGC 2025 Reg H (Bo3)
|rated|
|rule|Species Clause: Limit one of each Pokémon
|rule|Item Clause: Limit 1 of each item
|clearpoke
|poke|p1|Misdreavus, L50, M|
|poke|p1|Gothitelle, L50, M|
|poke|p1|Indeedee-F, L50, F|
|poke|p1|Armarouge, L50, M|
|poke|p1|Amoonguss, L50, M|
|poke|p1|Toxtricity, L50, M|
|poke|p2|Talonflame, L50, F|
|poke|p2|Mismagius, L50, M|
|poke|p2|Rillaboom, L50, F|
|poke|p2|Foongus, L50, F|
|poke|p2|Gastrodon-East, L50, M|
|poke|p2|Excadrill, L50, M|
|teampreview|4
|showteam|p1|Misdreavus||Eviolite|Levitate|HelpingHand,Taunt,Protect,PerishSong|||M|||50|,,,,,Dark]Gothitelle||SitrusBerry|ShadowTag|FakeOut,ExpandingForce,Protect,HealPulse|||M|||50|,,,,,Fairy]Indeedee-F||MentalHerb|PsychicSurge|FollowMe,Protect,TrickRoom,HelpingHand|||F|||50|,,,,,Fairy]Armarouge||PowerHerb|FlashFire|MeteorBeam,ArmorCannon,ExpandingForce,Protect|||M|||50|,,,,,Psychic]Amoonguss||RockyHelmet|Regenerator|SludgeBomb,Spore,PollenPuff,RagePowder|||M|||50|,,,,,Water]Toxtricity||ChoiceSpecs|PunkRock|Boomburst,Overdrive,Protect,VoltSwitch|||M|||50|,,,,,Normal
|showteam|p2|Talonflame||SafetyGoggles|GaleWings|BraveBird,FlareBlitz,Tailwind,Taunt|||F|||50|,,,,,Ghost]Mismagius||FocusSash|Levitate|Taunt,WillOWisp,ShadowBall,Protect|||M|||50|,,,,,Fairy]Rillaboom||AssaultVest|GrassySurge|GrassyGlide,FakeOut,WoodHammer,KnockOff|||F|||50|,,,,,Fire]Foongus||Eviolite|Regenerator|RagePowder,Spore,PollenPuff,Protect|||F|||50|,,,,,Water]Gastrodon-East||Leftovers|StormDrain|EarthPower,IceBeam,Recover,Protect|||M|||50|,,,,,Steel]Excadrill||LifeOrb|MoldBreaker|IronHead,HighHorsepower,RockSlide,Protect|||M|||50|,,,,,Flying
|
|t:|1757636185
|teamsize|p1|4
|teamsize|p2|4
|start
|switch|p1a: Indeedee|Indeedee-F, L50, F, shiny|100/100
|switch|p1b: Armarouge|Armarouge, L50, M, shiny|100/100
|switch|p2a: Foongus|Foongus, L50, F|100/100
|switch|p2b: Gastrodon|Gastrodon-East, L50, M|100/100
|-fieldstart|move: Psychic Terrain|[from] ability: Psychic Surge|[of] p1a: Indeedee
|turn|1
|
|t:|1757636216
|-terastallize|p1b: Armarouge|Psychic
|move|p1b: Armarouge|Expanding Force|p2a: Foongus|[spread] p2a,p2b
|-supereffective|p2a: Foongus
|-damage|p2a: Foongus|0 fnt
|-damage|p2b: Gastrodon|55/100
|faint|p2a: Foongus
|move|p2b: Gastrodon|Earth Power|p1b: Armarouge
|-damage|p1b: Armarouge|67/100
|move|p1a: Indeedee|Trick Room|p1a: Indeedee
|-fieldstart|move: Trick Room|[of] p1a: Indeedee
|
|-heal|p2b: Gastrodon|61/100|[from] item: Leftovers
|upkeep
|
|t:|1757636226
|switch|p2a: Rillaboom|Rillaboom, L50, F|100/100
|-fieldstart|move: Grassy Terrain|[from] ability: Grassy Surge|[of] p2a: Rillaboom
|turn|2
|
|t:|1757636238
|switch|p1a: Amoonguss|Amoonguss, L50, M, shiny|100/100
|move|p1b: Armarouge|Protect|p1b: Armarouge
|-singleturn|p1b: Armarouge|Protect
|move|p2b: Gastrodon|Earth Power|p1b: Armarouge
|-activate|p1b: Armarouge|move: Protect
|move|p2a: Rillaboom|Knock Off|p1b: Armarouge
|-activate|p1b: Armarouge|move: Protect
|
|-heal|p2b: Gastrodon|67/100|[from] Grassy Terrain
|-heal|p2b: Gastrodon|73/100|[from] item: Leftovers
|-heal|p1b: Armarouge|73/100|[from] Grassy Terrain
|upkeep
|turn|3
|
|t:|1757636260
|move|p1a: Amoonguss|Spore|p2b: Gastrodon
|-status|p2b: Gastrodon|slp|[from] move: Spore
|cant|p2b: Gastrodon|slp
|move|p1b: Armarouge|Armor Cannon|p2a: Rillaboom
|-supereffective|p2a: Rillaboom
|-damage|p2a: Rillaboom|28/100
|-unboost|p1b: Armarouge|def|1
|-unboost|p1b: Armarouge|spd|1
|move|p2a: Rillaboom|Knock Off|p1b: Armarouge
|-supereffective|p1b: Armarouge
|-damage|p1b: Armarouge|4/100
|-enditem|p1b: Armarouge|Power Herb|[from] move: Knock Off|[of] p2a: Rillaboom
|
|-heal|p2b: Gastrodon|78/100 slp|[from] Grassy Terrain
|-heal|p2b: Gastrodon|84/100 slp|[from] item: Leftovers
|-heal|p1b: Armarouge|9/100|[from] Grassy Terrain
|-heal|p2a: Rillaboom|34/100|[from] Grassy Terrain
|upkeep
|turn|4
|
|t:|1757636283
|switch|p1a: Indeedee|Indeedee-F, L50, F, shiny|100/100
|-fieldstart|move: Psychic Terrain|[from] ability: Psychic Surge|[of] p1a: Indeedee
|-curestatus|p2b: Gastrodon|slp|[msg]
|move|p2b: Gastrodon|Earth Power|p1a: Indeedee
|-damage|p1a: Indeedee|75/100
|move|p1b: Armarouge|Expanding Force|p2b: Gastrodon|[spread] p2a,p2b
|-damage|p2a: Rillaboom|0 fnt
|-damage|p2b: Gastrodon|39/100
|faint|p2a: Rillaboom
|
|-heal|p2b: Gastrodon|45/100|[from] item: Leftovers
|upkeep
|
|t:|1757636296
|switch|p2a: Talonflame|Talonflame, L50, F|100/100
|turn|5
|
|t:|1757636308
|move|p1a: Indeedee|Follow Me|p1a: Indeedee
|-singleturn|p1a: Indeedee|move: Follow Me
|move|p2a: Talonflame|Brave Bird|p1a: Indeedee
|-activate|p1a: Indeedee|move: Psychic Terrain
|move|p2b: Gastrodon|Recover|p2b: Gastrodon
|-heal|p2b: Gastrodon|95/100
|move|p1b: Armarouge|Expanding Force|p2a: Talonflame|[spread] p2a,p2b
|-damage|p2a: Talonflame|5/100
|-damage|p2b: Gastrodon|44/100
|
|-heal|p2b: Gastrodon|50/100|[from] item: Leftovers
|-fieldend|move: Trick Room
|upkeep
|turn|6
|
|t:|1757636325
|move|p1a: Indeedee|Follow Me|p1a: Indeedee
|-singleturn|p1a: Indeedee|move: Follow Me
|move|p2a: Talonflame|Brave Bird|p1a: Indeedee
|-damage|p1a: Indeedee|27/100
|-damage|p2a: Talonflame|0 fnt|[from] Recoil
|faint|p2a: Talonflame
|move|p1b: Armarouge|Expanding Force|p2b: Gastrodon
|-damage|p2b: Gastrodon|0 fnt
|faint|p2b: Gastrodon
|
|win|Blu123456789
||Blu123456789 is ready for game 3.
|inactive|mcgiah has 30 seconds to confirm battle start!
||mcgiah is ready for game 3.
|uhtml|next|Next: Game 3 of 3
|l|☆mcgiah
|player|p2|
|l|☆Blu123456789
|player|p1|
