|j|‽ajin22
|j|☆kethhhhhh
|html|ajin22kethhhhhh    
|uhtml|bestof|Game 2 of a best-of-3
|t:|1784948563
|gametype|doubles
|player|p1|ajin22|2|1079
|player|p2|kethhhhhh|lady|1043
|gen|9
|tier|[Gen 9 Champions] VGC 2026 Reg M-B (Bo3)
|rated|
|rule|Species Clause: Limit one of each Pokémon
|rule|Item Clause: Limit 1 of each item
|clearpoke
|poke|p1|Raichu, L50, M|
|poke|p1|Gholdengo, L50|
|poke|p1|Garchomp, L50, F|
|poke|p1|Incineroar, L50, M|
|poke|p1|Milotic, L50, F|
|poke|p1|Whimsicott, L50, F|
|poke|p2|Milotic, L50, F|
|poke|p2|Lopunny, L50, F|
|poke|p2|Clefable, L50, M|
|poke|p2|Kingambit, L50, F|
|poke|p2|Meowstic, L50, M|
|poke|p2|Farigiraf, L50, F|
|teampreview|4
|showteam|p1|Raichu||RaichuniteY|LightningRod|ZapCannon,FocusBlast,Protect,FakeOut|Timid||M|||50|]Gholdengo||SpellTag|GoodasGold|NastyPlot,ShadowBall,Protect,MakeItRain|Modest|||||50|]Garchomp||LifeOrb|RoughSkin|Earthquake,RockSlide,Protect,DragonClaw|Adamant||F|||50|]Incineroar||SitrusBerry|Intimidate|FakeOut,FlareBlitz,DarkestLariat,PartingShot|Impish||M|||50|]Milotic||Leftovers|Competitive|Coil,HydroPump,Hypnosis,Recover|Calm||F|||50|]Whimsicott||FocusSash|Prankster|Tailwind,Moonblast,Encore,Protect|Timid||F|||50|
|showteam|p2|Milotic||Leftovers|Competitive|Scald,IceBeam,MuddyWater,Protect|Modest||F|||50|]Lopunny||Lopunnite|Limber|FakeOut,IcePunch,CloseCombat,Protect|Jolly||F|||50|]Clefable||MentalHerb|MagicGuard|StealthRock,FollowMe,HealPulse,Protect|Impish||M|||50|]Kingambit||LifeOrb|Defiant|KowtowCleave,IronHead,SuckerPunch,Protect|Adamant||F|||50|]Meowstic||FocusSash|Prankster|RainDance,ThunderWave,FakeOut,Protect|Timid||M|||50|]Farigiraf||SitrusBerry|ArmorTail|TrickRoom,TwinBeam,Thunderbolt,HelpingHand|Quiet||F|||50|
|
|t:|1784948589
|teamsize|p1|4
|teamsize|p2|4
|start
|switch|p1a: Raichu|Raichu, L50, M|100/100
|switch|p1b: Whimsicott|Whimsicott, L50, F|100/100
|switch|p2a: Lopunny|Lopunny, L50, F|100/100
|switch|p2b: Clefable|Clefable, L50, M|100/100
|turn|1
|
|t:|1784948614
|switch|p2b: Farigiraf|Farigiraf, L50, F|100/100
|detailschange|p1a: Raichu|Raichu-Mega-Y, L50, M
|-mega|p1a: Raichu|Raichu|Raichunite Y
|detailschange|p2a: Lopunny|Lopunny-Mega, L50, F
|-mega|p2a: Lopunny|Lopunny|Lopunnite
|move|p2a: Lopunny|Close Combat|p1a: Raichu
|-damage|p1a: Raichu|0 fnt
|-unboost|p2a: Lopunny|def|1
|-unboost|p2a: Lopunny|spd|1
|faint|p1a: Raichu
|move|p1b: Whimsicott|Moonblast|p2a: Lopunny
|-supereffective|p2a: Lopunny|1
|-crit|p2a: Lopunny
|-damage|p2a: Lopunny|0 fnt
|faint|p2a: Lopunny
|
|upkeep
|
|t:|1784948634
|switch|p2a: Clefable|Clefable, L50, M|100/100
|switch|p1a: Milotic|Milotic, L50, F|100/100
|turn|2
|
|t:|1784948642
|move|p1b: Whimsicott|Moonblast|p2a: Clefable
|-damage|p2a: Clefable|71/100
|move|p1a: Milotic|Coil|p1a: Milotic
|-boost|p1a: Milotic|atk|1
|-boost|p1a: Milotic|def|1
|-boost|p1a: Milotic|accuracy|1
|move|p2a: Clefable|Stealth Rock|p1b: Whimsicott
|-sidestart|p1: ajin22|move: Stealth Rock
|move|p2b: Farigiraf|Thunderbolt|p1a: Milotic
|-supereffective|p1a: Milotic|1
|-damage|p1a: Milotic|68/100
|
|-heal|p1a: Milotic|74/100|[from] item: Leftovers
|upkeep
|turn|3
|
|t:|1784948668
|move|p2a: Clefable|Protect|p2a: Clefable
|-singleturn|p2a: Clefable|Protect
|move|p1b: Whimsicott|Moonblast|p2a: Clefable
|-activate|p2a: Clefable|move: Protect
|move|p1a: Milotic|Coil|p1a: Milotic
|-boost|p1a: Milotic|atk|1
|-boost|p1a: Milotic|def|1
|-boost|p1a: Milotic|accuracy|1
|move|p2b: Farigiraf|Thunderbolt|p1a: Milotic
|-supereffective|p1a: Milotic|1
|-damage|p1a: Milotic|42/100
|
|-heal|p1a: Milotic|48/100|[from] item: Leftovers
|upkeep
|turn|4
|
|t:|1784948683
|move|p2a: Clefable|Follow Me|p2a: Clefable
|-singleturn|p2a: Clefable|move: Follow Me
|move|p1b: Whimsicott|Moonblast|p2a: Clefable
|-damage|p2a: Clefable|42/100
|move|p1a: Milotic|Hypnosis|p2a: Clefable
|-status|p2a: Clefable|slp|[from] move: Hypnosis
|move|p2b: Farigiraf|Thunderbolt|p1a: Milotic
|-supereffective|p1a: Milotic|1
|-damage|p1a: Milotic|18/100
|
|-heal|p1a: Milotic|24/100|[from] item: Leftovers
|upkeep
|turn|5
|
|t:|1784948704
|move|p1b: Whimsicott|Moonblast|p2a: Clefable
|-crit|p2a: Clefable
|-damage|p2a: Clefable|0 fnt
|faint|p2a: Clefable
|move|p1a: Milotic|Hypnosis|p2b: Farigiraf
|-status|p2b: Farigiraf|slp|[from] move: Hypnosis
|cant|p2b: Farigiraf|slp
|
|-heal|p1a: Milotic|30/100|[from] item: Leftovers
|upkeep
|
|t:|1784948709
|switch|p2a: Meowstic|Meowstic, L50, M|100/100
|turn|6
|
|t:|1784948719
|move|p2a: Meowstic|Fake Out|p1a: Milotic
|-damage|p1a: Milotic|28/100
|move|p1b: Whimsicott|Moonblast|p2a: Meowstic
|-damage|p2a: Meowstic|55/100
|cant|p1a: Milotic|flinch
|cant|p2b: Farigiraf|slp
|
|-heal|p1a: Milotic|34/100|[from] item: Leftovers
|upkeep
|turn|7
|-message|kethhhhhh forfeited.
|
|win|ajin22
|l|☆kethhhhhh
|player|p2|
||ajin22 is ready for game 3.
||kethhhhhh is ready for game 3.
|uhtml|next|Next: Game 3 of 3
