|j|☆klatty
|j|☆Senli
|html|klattySenli    
|uhtml|bestof|Game 2 of a best-of-3
|t:|1785931480
|gametype|doubles
|player|p1|klatty|102|1155
|player|p2|Senli|florian-bb|1163
|gen|9
|tier|[Gen 9 Champions] VGC 2026 Reg M-B (Bo3)
|rated|
|rule|Species Clause: Limit one of each Pokémon
|rule|Item Clause: Limit 1 of each item
|clearpoke
|poke|p1|Archaludon, L50, F|
|poke|p1|Grimmsnarl, L50, M|
|poke|p1|Swampert, L50, F|
|poke|p1|Metagross, L50|
|poke|p1|Sinistcha, L50|
|poke|p1|Pelipper, L50, F|
|poke|p2|Raichu, L50, M, shiny|
|poke|p2|Staraptor, L50, M|
|poke|p2|Arcanine-Hisui, L50, M, shiny|
|poke|p2|Farigiraf, L50, F, shiny|
|poke|p2|Sylveon, L50, F|
|poke|p2|Kingambit, L50, M|
|teampreview|4
|showteam|p1|Archaludon||Leftovers|Stamina|ElectroShot,DragonPulse,FlashCannon,Protect|Modest||F|||50|]Grimmsnarl||LightClay|Prankster|Reflect,LightScreen,PartingShot,FoulPlay|Calm||M|||50|]Swampert||Swampertite|Damp|WaveCrash,Earthquake,IcePunch,Protect|Adamant||F|||50|]Metagross||Metagrossite|ClearBody|IronHead,PsychicFangs,BodyPress,Protect|Jolly|||||50|]Sinistcha||CobaBerry|Hospitality|MatchaGotcha,RagePowder,TrickRoom,Protect|Relaxed|||||50|]Pelipper||SitrusBerry|Drizzle|Hurricane,WeatherBall,Tailwind,WideGuard|Modest||F|||50|
|showteam|p2|Raichu||RaichuniteY|LightningRod|ZapCannon,FocusBlast,FakeOut,Protect|Timid||M|||50|]Staraptor||Staraptite|Intimidate|CloseCombat,DualWingbeat,Tailwind,Protect|Jolly||M|||50|]Arcanine-Hisui||FocusSash|RockHead|FlareBlitz,HeadSmash,ExtremeSpeed,Protect|Jolly||M|||50|]Farigiraf||SitrusBerry|ArmorTail|Psychic,HelpingHand,TrickRoom,Protect|Calm||F|||50|]Sylveon||FairyFeather|Pixilate|HyperVoice,QuickAttack,HyperBeam,Detect|Modest||F|||50|]Kingambit||LifeOrb|Defiant|KowtowCleave,SuckerPunch,SwordsDance,Protect|Adamant||M|||50|
|inactive|Battle timer is ON: inactive players will automatically lose when time's up. (requested by Senli)
|
|t:|1785931498
|teamsize|p1|4
|teamsize|p2|4
|start
|switch|p1a: Grimmsnarl|Grimmsnarl, L50, M|100/100
|switch|p1b: Swampert|Swampert, L50, F|100/100
|switch|p2a: Raichu|Raichu, L50, M, shiny|100/100
|switch|p2b: Kingambit|Kingambit, L50, M|100/100
|turn|1
|inactive|klatty has 30 seconds left.
|inactive|Senli has 30 seconds left.
|
|t:|1785931532
|detailschange|p2a: Raichu|Raichu-Mega-Y, L50, M, shiny
|-mega|p2a: Raichu|Raichu|Raichunite Y
|detailschange|p1b: Swampert|Swampert-Mega, L50, F
|-mega|p1b: Swampert|Swampert|Swampertite
|move|p2a: Raichu|Fake Out|p1b: Swampert
|-damage|p1b: Swampert|92/100
|move|p1a: Grimmsnarl|Reflect|p1a: Grimmsnarl
|-sidestart|p1: klatty|Reflect
|cant|p1b: Swampert|flinch
|move|p2b: Kingambit|Swords Dance|p2b: Kingambit
|-boost|p2b: Kingambit|atk|2
|
|upkeep
|turn|2
|
|t:|1785931558
|move|p1a: Grimmsnarl|Parting Shot|p2a: Raichu
|-unboost|p2a: Raichu|atk|1
|-unboost|p2a: Raichu|spa|1
|
|t:|1785931561
|switch|p1a: Pelipper|Pelipper, L50, F|100/100|[from] Parting Shot
|-weather|RainDance|[from] ability: Drizzle|[of] p1a: Pelipper
|move|p2b: Kingambit|Sucker Punch|p1b: Swampert
|-damage|p1b: Swampert|29/100
|-damage|p2b: Kingambit|90/100|[from] item: Life Orb
|move|p1b: Swampert|Earthquake|p2b: Kingambit|[spread] p2a,p2b
|-immune|p1a: Pelipper
|-supereffective|p2a: Raichu|1
|-supereffective|p2b: Kingambit|1
|-damage|p2a: Raichu|0 fnt
|-damage|p2b: Kingambit|23/100
|faint|p2a: Raichu
|
|-weather|RainDance|[upkeep]
|upkeep
|inactive|Senli has 30 seconds left.
|
|t:|1785931592
|switch|p2a: Farigiraf|Farigiraf, L50, F, shiny|100/100
|turn|3
|
|t:|1785931611
|move|p1b: Swampert|Protect|p1b: Swampert
|-singleturn|p1b: Swampert|Protect
|move|p2b: Kingambit|Sucker Punch|p1a: Pelipper
|-damage|p1a: Pelipper|26/100
|-enditem|p1a: Pelipper|Sitrus Berry|[eat]
|-heal|p1a: Pelipper|51/100|[from] item: Sitrus Berry
|-damage|p2b: Kingambit|14/100|[from] item: Life Orb
|move|p1a: Pelipper|Weather Ball|p2b: Kingambit
|-damage|p2b: Kingambit|0 fnt
|faint|p2b: Kingambit
|move|p2a: Farigiraf|Psychic|p1a: Pelipper
|-damage|p1a: Pelipper|13/100
|
|-weather|RainDance|[upkeep]
|upkeep
|
|t:|1785931625
|switch|p2b: Sylveon|Sylveon, L50, F|100/100
|turn|4
|inactive|Senli has 30 seconds left.
|
|t:|1785931650
|move|p1a: Pelipper|Wide Guard|p1a: Pelipper
|-singleturn|p1a: Pelipper|Wide Guard
|move|p2b: Sylveon|Quick Attack|p1a: Pelipper
|-damage|p1a: Pelipper|3/100
|move|p1b: Swampert|Earthquake|p2b: Sylveon|[spread] p2a,p2b
|-activate|p1a: Pelipper|move: Wide Guard
|-damage|p2a: Farigiraf|58/100
|-damage|p2b: Sylveon|50/100g
|move|p2a: Farigiraf|Trick Room|p2a: Farigiraf
|-fieldstart|move: Trick Room|[of] p2a: Farigiraf
|
|-weather|RainDance|[upkeep]
|upkeep
|turn|5
|inactive|klatty has 30 seconds left.
|
|t:|1785931676
|switch|p1a: Grimmsnarl|Grimmsnarl, L50, M|100/100
|move|p2b: Sylveon|Quick Attack|p1b: Swampert
|-damage|p1b: Swampert|22/100
|move|p2a: Farigiraf|Psychic|p1b: Swampert
|-crit|p1b: Swampert
|-damage|p1b: Swampert|0 fnt
|faint|p1b: Swampert
|
|-weather|RainDance|[upkeep]
|upkeep
|
|t:|1785931691
|switch|p1b: Archaludon|Archaludon, L50, F|100/100
|turn|6
|
|t:|1785931711
|move|p2a: Farigiraf|Helping Hand|p2b: Sylveon
|-singleturn|p2b: Sylveon|Helping Hand|[of] p2a: Farigiraf
|move|p1a: Grimmsnarl|Light Screen|p1a: Grimmsnarl
|-sidestart|p1: klatty|move: Light Screen
|move|p2b: Sylveon|Hyper Voice|p1b: Archaludon|[spread] p1a,p1b
|-supereffective|p1a: Grimmsnarl|1
|-damage|p1a: Grimmsnarl|22/100
|-damage|p1b: Archaludon|58/100
|-ability|p1b: Archaludon|Stamina|boost
|-boost|p1b: Archaludon|def|1
|move|p1b: Archaludon|Electro Shot||[still]
|-prepare|p1b: Archaludon|Electro Shot
|-boost|p1b: Archaludon|spa|1
|-anim|p1b: Archaludon|Electro Shot|p2b: Sylveon
|-damage|p2b: Sylveon|7/100
|
|-weather|none
|-heal|p1b: Archaludon|64/100|[from] item: Leftovers
|upkeep
|turn|7
|inactive|klatty has 30 seconds left.
|inactive|klatty has 20 seconds left.
|inactive|klatty has 15 seconds left.
|
|t:|1785931755
|move|p2a: Farigiraf|Psychic|p1b: Archaludon
|-resisted|p1b: Archaludon|1
|-damage|p1b: Archaludon|54/100
|-ability|p1b: Archaludon|Stamina|boost
|-boost|p1b: Archaludon|def|1
|move|p1a: Grimmsnarl|Foul Play|p2b: Sylveon
|-resisted|p2b: Sylveon|1
|-damage|p2b: Sylveon|0 fnt
|faint|p2b: Sylveon
|move|p1b: Archaludon|Flash Cannon|p2a: Farigiraf
|-damage|p2a: Farigiraf|16/100
|-enditem|p2a: Farigiraf|Sitrus Berry|[eat]
|-heal|p2a: Farigiraf|41/100|[from] item: Sitrus Berry
|
|-heal|p1b: Archaludon|60/100|[from] item: Leftovers
|upkeep
|turn|8
|
|t:|1785931773
|move|p1a: Grimmsnarl|Foul Play|p2a: Farigiraf
|-supereffective|p2a: Farigiraf|1
|-damage|p2a: Farigiraf|0 fnt
|faint|p2a: Farigiraf
|
|win|klatty
|raw|klatty's rating: 1155 → 1181(+26 for winning)
|raw|Senli's rating: 1163 → 1137(-26 for losing)
|l|☆klatty
|player|p1|
