|j|☆elbarto95
|j|☆bosilek
|html|elbarto95bosilek    
|uhtml|bestof|Game 1 of a best-of-3
|t:|1756738368
|gametype|doubles
|player|p1|elbarto95|camper|1135
|player|p2|bosilek|hilbert-wonderlauncher|1229
|gen|9
|tier|[Gen 9] VGC 2025 Reg H (Bo3)
|rated|
|rule|Species Clause: Limit one of each Pokémon
|rule|Item Clause: Limit 1 of each item
|clearpoke
|poke|p1|Porygon2, L50|
|poke|p1|Ursaluna, L50, M|
|poke|p1|Grimmsnarl, L50, M|
|poke|p1|Volcarona, L50, M|
|poke|p1|Gholdengo, L50|
|poke|p1|Tyranitar, L50, F|
|poke|p2|Garchomp, L50, F|
|poke|p2|Talonflame, L50, M|
|poke|p2|Gholdengo, L50|
|poke|p2|Ninetales-Alola, L50, M|
|poke|p2|Hydreigon, L50, M|
|poke|p2|Annihilape, L50, M|
|teampreview|4
|showteam|p1|Porygon2||Eviolite|Download|IceBeam,TrickRoom,TeraBlast,Recover||||||50|,,,,,Fighting]Ursaluna||FlameOrb|Guts|HeadlongRush,Earthquake,Facade,Protect|||M|||50|,,,,,Ghost]Grimmsnarl||LightClay|Prankster|SpiritBreak,Reflect,LightScreen,Taunt|||M|||50|,,,,,Ghost]Volcarona||Leftovers|FlameBody|StruggleBug,Overheat,RagePowder,WillOWisp|||M|||50|,,,,,Grass]Gholdengo||LifeOrb|GoodasGold|NastyPlot,Protect,MakeItRain,ShadowBall||||||50|,,,,,Water]Tyranitar||AssaultVest|SandStream|KnockOff,LowKick,RockSlide,TeraBlast|||F|||50|,,,,,Flying
|showteam|p2|Garchomp||LifeOrb|RoughSkin|Protect,Earthquake,DragonClaw,StompingTantrum|||F|||50|,,,,,Steel]Talonflame||CovertCloak|GaleWings|BraveBird,Taunt,WillOWisp,Tailwind|||M|||50|,,,,,Grass]Gholdengo||MetalCoat|GoodasGold|MakeItRain,ShadowBall,Protect,NastyPlot||||||50|,,,,,Water]Ninetales-Alola||FocusSash|SnowWarning|Blizzard,FreezeDry,Encore,Protect|||M|||50|,,,,,Water]Hydreigon||ChoiceSpecs|Levitate|HeatWave,Snarl,EarthPower,DragonPulse|||M|||50|,,,,,Fire]Annihilape||SafetyGoggles|Defiant|FinalGambit,RageFist,CloseCombat,Protect|||M|||50|,,,,,Fire
|
|t:|1756738423
|teamsize|p1|4
|teamsize|p2|4
|start
|switch|p1a: Volcarona|Volcarona, L50, M|100/100
|switch|p1b: Gholdengo|Gholdengo, L50|100/100
|switch|p2a: Talonflame|Talonflame, L50, M|100/100
|switch|p2b: Gholdengo|Gholdengo, L50|100/100
|turn|1
|
|t:|1756738450
|-terastallize|p1b: Gholdengo|Water
|move|p2b: Gholdengo|Protect|p2b: Gholdengo
|-singleturn|p2b: Gholdengo|Protect
|move|p2a: Talonflame|Taunt|p1a: Volcarona
|-start|p1a: Volcarona|move: Taunt
|move|p1a: Volcarona|Struggle Bug|p2a: Talonflame|[spread] p2a
|-activate|p2b: Gholdengo|move: Protect
|-resisted|p2a: Talonflame
|-damage|p2a: Talonflame|93/100
|move|p1b: Gholdengo|Shadow Ball|p2b: Gholdengo
|-activate|p2b: Gholdengo|move: Protect
|
|upkeep
|turn|2
|
|t:|1756738473
|switch|p2b: Hydreigon|Hydreigon, L50, M|100/100
|move|p2a: Talonflame|Brave Bird|p1a: Volcarona
|-supereffective|p1a: Volcarona
|-damage|p1a: Volcarona|13/100
|-damage|p2a: Talonflame|58/100|[from] Recoil
|move|p1a: Volcarona|Struggle Bug|p2b: Hydreigon|[spread] p2a,p2b
|-resisted|p2a: Talonflame
|-supereffective|p2b: Hydreigon
|-damage|p2a: Talonflame|50/100
|-damage|p2b: Hydreigon|60/100
|-unboost|p2b: Hydreigon|spa|1
|move|p1b: Gholdengo|Shadow Ball|p2b: Hydreigon
|-resisted|p2b: Hydreigon
|-damage|p2b: Hydreigon|26/100
|-damage|p1b: Gholdengo|91/100|[from] item: Life Orb
|
|-heal|p1a: Volcarona|19/100|[from] item: Leftovers
|upkeep
|turn|3
|
|t:|1756738497
|move|p1b: Gholdengo|Protect|p1b: Gholdengo
|-singleturn|p1b: Gholdengo|Protect
|move|p2a: Talonflame|Tailwind|p2a: Talonflame
|-sidestart|p2: bosilek|move: Tailwind
|move|p2b: Hydreigon|Snarl|p1b: Gholdengo|[spread] p1a
|-activate|p1b: Gholdengo|move: Protect
|-damage|p1a: Volcarona|2/100
|-unboost|p1a: Volcarona|spa|1
|move|p1a: Volcarona|Struggle Bug|p2b: Hydreigon|[spread] p2a,p2b
|-resisted|p2a: Talonflame
|-supereffective|p2b: Hydreigon
|-damage|p2a: Talonflame|46/100
|-damage|p2b: Hydreigon|0 fnt
|faint|p2b: Hydreigon
|
|-heal|p1a: Volcarona|8/100|[from] item: Leftovers
|-end|p1a: Volcarona|move: Taunt
|upkeep
|
|t:|1756738516
|switch|p2b: Gholdengo|Gholdengo, L50|100/100
|turn|4
|
|t:|1756738525
|switch|p1b: Porygon2|Porygon2, L50|100/100
|-ability|p1b: Porygon2|Download|boost
|-boost|p1b: Porygon2|spa|1
|-terastallize|p2b: Gholdengo|Water
|move|p1a: Volcarona|Rage Powder|p1a: Volcarona
|-singleturn|p1a: Volcarona|move: Rage Powder
|move|p2a: Talonflame|Brave Bird|p1a: Volcarona
|-supereffective|p1a: Volcarona
|-damage|p1a: Volcarona|0 fnt
|faint|p1a: Volcarona
|-damage|p2a: Talonflame|43/100|[from] Recoil
|move|p2b: Gholdengo|Nasty Plot|p2b: Gholdengo
|-boost|p2b: Gholdengo|spa|2
|
|upkeep
|
|t:|1756738544
|switch|p1a: Gholdengo|Gholdengo, L50, tera:Water|91/100
|turn|5
|
|t:|1756738550
|move|p1a: Gholdengo|Protect|p1a: Gholdengo
|-singleturn|p1a: Gholdengo|Protect
|move|p2a: Talonflame|Taunt|p1b: Porygon2
|-start|p1b: Porygon2|move: Taunt
|move|p2b: Gholdengo|Shadow Ball|p1a: Gholdengo
|-activate|p1a: Gholdengo|move: Protect
|cant|p1b: Porygon2|move: Taunt|Trick Room
|
|upkeep
|turn|6
|
|t:|1756738569
|switch|p1a: Tyranitar|Tyranitar, L50, F|100/100
|-weather|Sandstorm|[from] ability: Sand Stream|[of] p1a: Tyranitar
|move|p2a: Talonflame|Brave Bird|p1a: Tyranitar
|-resisted|p1a: Tyranitar
|-damage|p1a: Tyranitar|82/100
|-damage|p2a: Talonflame|34/100|[from] Recoil
|move|p2b: Gholdengo|Shadow Ball|p1a: Tyranitar
|-resisted|p1a: Tyranitar
|-damage|p1a: Tyranitar|67/100
|move|p1b: Porygon2|Tera Blast|p2a: Talonflame
|-damage|p2a: Talonflame|0 fnt
|faint|p2a: Talonflame
|
|-weather|Sandstorm|[upkeep]
|-damage|p2b: Gholdengo|95/100|[from] Sandstorm
|-damage|p1b: Porygon2|95/100|[from] Sandstorm
|-sideend|p2: bosilek|move: Tailwind
|upkeep
|
|t:|1756738587
|switch|p2a: Annihilape|Annihilape, L50, M|100/100
|turn|7
|
|t:|1756738602
|switch|p1b: Gholdengo|Gholdengo, L50, tera:Water|91/100
|move|p2a: Annihilape|Close Combat|p1b: Gholdengo
|-damage|p1b: Gholdengo|46/100
|-unboost|p2a: Annihilape|def|1
|-unboost|p2a: Annihilape|spd|1
|move|p2b: Gholdengo|Make It Rain|p1a: Tyranitar|[spread] p1a,p1b
|-supereffective|p1a: Tyranitar
|-resisted|p1b: Gholdengo
|-damage|p1a: Tyranitar|0 fnt
|-damage|p1b: Gholdengo|0 fnt
|-unboost|p2b: Gholdengo|spa|1
|faint|p1a: Tyranitar
|faint|p1b: Gholdengo
|
|-weather|Sandstorm|[upkeep]
|-damage|p2b: Gholdengo|89/100|[from] Sandstorm
|upkeep
|
|t:|1756738620
|switch|p1b: Porygon2|Porygon2, L50|95/100
|-ability|p1b: Porygon2|Download|boost
|-boost|p1b: Porygon2|atk|1
|turn|8
|-message|elbarto95 forfeited.
|
|win|bosilek
|l|☆elbarto95
|player|p1|
