|j|☆Dkelly1126
|j|☆alecfromkanto
|html|Dkelly1126alecfromkanto    
|uhtml|bestof|Game 1 of a best-of-3
|t:|1756154111
|gametype|doubles
|player|p1|Dkelly1126|blue|1185
|player|p2|alecfromkanto|cynthia-gen4|1261
|gen|9
|tier|[Gen 9] VGC 2025 Reg H (Bo3)
|rated|
|rule|Species Clause: Limit one of each Pokémon
|rule|Item Clause: Limit 1 of each item
|clearpoke
|poke|p1|Talonflame, L50, F|
|poke|p1|Ursaluna-Bloodmoon, L50, M|
|poke|p1|Electabuzz, L50, F|
|poke|p1|Dragonite, L50, F|
|poke|p1|Indeedee, L50, M|
|poke|p1|Sneasler, L50, M|
|poke|p2|Basculegion, L50, M|
|poke|p2|Amoonguss, L50, M|
|poke|p2|Incineroar, L50, F|
|poke|p2|Rillaboom, L50, M|
|poke|p2|Sneasler, L50, F|
|poke|p2|Kilowattrel, L50, F|
|teampreview|4
|showteam|p1|Talonflame||CovertCloak|GaleWings|Tailwind,DualWingbeat,WillOWisp,FlareBlitz|||F|||50|,,,,,Fairy]Ursaluna-Bloodmoon||LifeOrb|MindsEye|BloodMoon,Protect,HyperVoice,EarthPower|||M|||50|,,,,,Normal]Electabuzz||Eviolite|VitalSpirit|FollowMe,Electroweb,Protect,Taunt|||F|||50|,,,,,Ghost]Dragonite||LoadedDice|Multiscale|ScaleShot,StompingTantrum,Haze,Protect|||F|||50|,,,,,Fairy]Indeedee||FocusSash|PsychicSurge|ExpandingForce,TrickRoom,Imprison,HelpingHand|||M|||50|,,,,,Psychic]Sneasler||PsychicSeed|Unburden|DireClaw,CloseCombat,ThroatChop,Protect|||M|||50|,,,,,Dark
|showteam|p2|Basculegion||ChoiceScarf|Adaptability|WaveCrash,LastRespects,FlipTurn,AquaJet|||M|||50|,,,,,Water]Amoonguss||SitrusBerry|Regenerator|PollenPuff,RagePowder,Spore,Protect|||M|||50|,,,,,Water]Incineroar||SafetyGoggles|Intimidate|FakeOut,KnockOff,FlareBlitz,PartingShot|||F|||50|,,,,,Ghost]Rillaboom||AssaultVest|GrassySurge|WoodHammer,GrassyGlide,FakeOut,HighHorsepower|||M|||50|,,,,,Fire]Sneasler||GrassySeed|Unburden|CloseCombat,DireClaw,Acrobatics,Protect|||F|||50|,,,,,Flying]Kilowattrel||FocusSash|Competitive|Thunderbolt,AirSlash,Tailwind,Protect|||F|||50|,,,,,Fairy
|inactive|Battle timer is ON: inactive players will automatically lose when time's up. (requested by alecfromkanto)
|inactive|Dkelly1126 has 60 seconds left.
|inactive|alecfromkanto has 60 seconds left.
|
|t:|1756154183
|teamsize|p1|4
|teamsize|p2|4
|start
|switch|p1a: Electabuzz|Electabuzz, L50, F|100/100
|switch|p1b: Ursaluna|Ursaluna-Bloodmoon, L50, M|100/100
|switch|p2a: Incineroar|Incineroar, L50, F, shiny|100/100
|switch|p2b: Basculegion|Basculegion, L50, M, shiny|100/100
|-ability|p2a: Incineroar|Intimidate|boost
|-unboost|p1a: Electabuzz|atk|1
|-unboost|p1b: Ursaluna|atk|1
|turn|1
|
|t:|1756154204
|switch|p2a: Rillaboom|Rillaboom, L50, M, shiny|100/100
|-fieldstart|move: Grassy Terrain|[from] ability: Grassy Surge|[of] p2a: Rillaboom
|move|p1a: Electabuzz|Protect|p1a: Electabuzz
|-singleturn|p1a: Electabuzz|Protect
|move|p1b: Ursaluna|Protect|p1b: Ursaluna
|-singleturn|p1b: Ursaluna|Protect
|move|p2b: Basculegion|Flip Turn|p1a: Electabuzz
|-activate|p1a: Electabuzz|move: Protect
|
|upkeep
|turn|2
|inactive|alecfromkanto has 30 seconds left.
|inactive|alecfromkanto has 20 seconds left.
|inactive|alecfromkanto has 15 seconds left.
|
|t:|1756154247
|-terastallize|p1b: Ursaluna|Normal
|move|p2a: Rillaboom|Fake Out|p1b: Ursaluna
|-damage|p1b: Ursaluna|89/100
|move|p2b: Basculegion|Flip Turn|p1a: Electabuzz
|-damage|p1a: Electabuzz|72/100
|
|t:|1756154251
|switch|p2b: Incineroar|Incineroar, L50, F, shiny|100/100|[from] Flip Turn
|-ability|p2b: Incineroar|Intimidate|boost
|-unboost|p1a: Electabuzz|atk|1
|-unboost|p1b: Ursaluna|atk|1
|move|p1a: Electabuzz|Electroweb|p2b: Incineroar|[spread] p2a,p2b
|-resisted|p2a: Rillaboom
|-damage|p2a: Rillaboom|96/100
|-damage|p2b: Incineroar|89/100
|-unboost|p2a: Rillaboom|spe|1
|-unboost|p2b: Incineroar|spe|1
|cant|p1b: Ursaluna|flinch
|
|-heal|p1a: Electabuzz|78/100|[from] Grassy Terrain
|-heal|p1b: Ursaluna|95/100|[from] Grassy Terrain
|-heal|p2a: Rillaboom|100/100|[from] Grassy Terrain
|-heal|p2b: Incineroar|95/100|[from] Grassy Terrain
|upkeep
|turn|3
|inactive|alecfromkanto has 30 seconds left.
|
|t:|1756154283
|switch|p2a: Sneasler|Sneasler, L50, F, shiny|100/100
|-enditem|p2a: Sneasler|Grassy Seed
|-boost|p2a: Sneasler|def|1|[from] item: Grassy Seed
|move|p2b: Incineroar|Fake Out|p1b: Ursaluna
|-damage|p1b: Ursaluna|84/100
|move|p1a: Electabuzz|Taunt|p2b: Incineroar
|-start|p2b: Incineroar|move: Taunt
|cant|p1b: Ursaluna|flinch
|
|-heal|p1a: Electabuzz|84/100|[from] Grassy Terrain
|-heal|p1b: Ursaluna|90/100|[from] Grassy Terrain
|-heal|p2b: Incineroar|100/100|[from] Grassy Terrain
|upkeep
|turn|4
|
|t:|1756154305
|switch|p2b: Rillaboom|Rillaboom, L50, M, shiny|100/100
|move|p2a: Sneasler|Protect|p2a: Sneasler
|-singleturn|p2a: Sneasler|Protect
|move|p1a: Electabuzz|Follow Me|p1a: Electabuzz
|-singleturn|p1a: Electabuzz|move: Follow Me
|move|p1b: Ursaluna|Hyper Voice|p2a: Sneasler|[spread] p2b
|-activate|p2a: Sneasler|move: Protect
|-damage|p2b: Rillaboom|58/100
|-damage|p1b: Ursaluna|80/100|[from] item: Life Orb
|
|-heal|p1a: Electabuzz|90/100|[from] Grassy Terrain
|-heal|p1b: Ursaluna|86/100|[from] Grassy Terrain
|-heal|p2b: Rillaboom|64/100|[from] Grassy Terrain
|upkeep
|turn|5
|inactive|alecfromkanto has 30 seconds left.
|
|t:|1756154332
|move|p2b: Rillaboom|Fake Out|p1a: Electabuzz
|-damage|p1a: Electabuzz|79/100
|cant|p1a: Electabuzz|flinch
|move|p2a: Sneasler|Close Combat|p1b: Ursaluna
|-supereffective|p1b: Ursaluna
|-damage|p1b: Ursaluna|0 fnt
|-unboost|p2a: Sneasler|def|1
|-unboost|p2a: Sneasler|spd|1
|faint|p1b: Ursaluna
|
|-heal|p1a: Electabuzz|85/100|[from] Grassy Terrain
|-heal|p2b: Rillaboom|70/100|[from] Grassy Terrain
|-fieldend|move: Grassy Terrain
|upkeep
|
|t:|1756154347
|switch|p1b: Talonflame|Talonflame, L50, F|100/100
|turn|6
|inactive|alecfromkanto has 30 seconds left.
|inactive|alecfromkanto has 20 seconds left.
|inactive|alecfromkanto has 15 seconds left.
|
|t:|1756154389
|switch|p2b: Incineroar|Incineroar, L50, F, shiny|100/100
|-ability|p2b: Incineroar|Intimidate|boost
|-unboost|p1a: Electabuzz|atk|1
|-unboost|p1b: Talonflame|atk|1
|move|p1b: Talonflame|Dual Wingbeat|p2a: Sneasler
|-supereffective|p2a: Sneasler
|-damage|p2a: Sneasler|66/100
|-supereffective|p2a: Sneasler
|-damage|p2a: Sneasler|31/100
|-hitcount|p2a: Sneasler|2
|move|p2a: Sneasler|Dire Claw|p1b: Talonflame
|-damage|p1b: Talonflame|41/100
|move|p1a: Electabuzz|Electroweb|p2a: Sneasler|[spread] p2a,p2b
|-damage|p2a: Sneasler|4/100
|-damage|p2b: Incineroar|88/100
|-unboost|p2a: Sneasler|spe|1
|-unboost|p2b: Incineroar|spe|1
|
|upkeep
|turn|7
|inactive|Dkelly1126 has 30 seconds left.
|inactive|alecfromkanto has 30 seconds left.
|inactive|alecfromkanto has 20 seconds left.
|inactive|alecfromkanto has 15 seconds left.
|inactive|alecfromkanto has 10 seconds left.
|
|t:|1756154435
|switch|p1b: Dragonite|Dragonite, L50, F|100/100
|move|p2b: Incineroar|Fake Out|p1a: Electabuzz
|-damage|p1a: Electabuzz|75/100
|move|p2a: Sneasler|Dire Claw|p1b: Dragonite
|-crit|p1b: Dragonite
|-damage|p1b: Dragonite|63/100
|-status|p1b: Dragonite|psn
|cant|p1a: Electabuzz|flinch
|
|-damage|p1b: Dragonite|51/100 psn|[from] psn
|upkeep
|turn|8
|
|t:|1756154458
|switch|p2b: Rillaboom|Rillaboom, L50, M, shiny|70/100
|-fieldstart|move: Grassy Terrain|[from] ability: Grassy Surge|[of] p2b: Rillaboom
|move|p2a: Sneasler|Dire Claw|p1a: Electabuzz
|-crit|p1a: Electabuzz
|-damage|p1a: Electabuzz|29/100
|move|p1a: Electabuzz|Electroweb|p2a: Sneasler|[spread] p2a,p2b
|-resisted|p2b: Rillaboom
|-damage|p2a: Sneasler|0 fnt
|-damage|p2b: Rillaboom|65/100
|-unboost|p2b: Rillaboom|spe|1
|faint|p2a: Sneasler
|move|p1b: Dragonite|Scale Shot|p2b: Rillaboom|[miss]
|-miss|p1b: Dragonite|p2b: Rillaboom
|
|-heal|p1a: Electabuzz|35/100|[from] Grassy Terrain
|-heal|p2b: Rillaboom|71/100|[from] Grassy Terrain
|-damage|p1b: Dragonite|39/100 psn|[from] psn
|upkeep
|
|t:|1756154468
|switch|p2a: Incineroar|Incineroar, L50, F, shiny|88/100
|-ability|p2a: Incineroar|Intimidate|boost
|-unboost|p1a: Electabuzz|atk|1
|-unboost|p1b: Dragonite|atk|1
|turn|9
|inactive|alecfromkanto has 30 seconds left.
|
|t:|1756154500
|switch|p1b: Talonflame|Talonflame, L50, F|41/100
|move|p1a: Electabuzz|Protect|p1a: Electabuzz
|-singleturn|p1a: Electabuzz|Protect
|move|p2a: Incineroar|Fake Out|p1b: Talonflame
|-damage|p1b: Talonflame|21/100
|move|p2b: Rillaboom|High Horsepower|p1a: Electabuzz
|-activate|p1a: Electabuzz|move: Protect
|
|-heal|p1a: Electabuzz|40/100|[from] Grassy Terrain
|-heal|p2a: Incineroar|94/100|[from] Grassy Terrain
|-heal|p2b: Rillaboom|76/100|[from] Grassy Terrain
|upkeep
|turn|10
|
|t:|1756154520
|move|p1b: Talonflame|Flare Blitz|p2b: Rillaboom
|-supereffective|p2b: Rillaboom
|-damage|p2b: Rillaboom|0 fnt
|faint|p2b: Rillaboom
|-damage|p1b: Talonflame|0 fnt|[from] Recoil
|faint|p1b: Talonflame
|move|p1a: Electabuzz|Electroweb|p2a: Incineroar
|-damage|p2a: Incineroar|77/100
|-unboost|p2a: Incineroar|spe|1
|move|p2a: Incineroar|Knock Off|p1a: Electabuzz
|-damage|p1a: Electabuzz|3/100
|-enditem|p1a: Electabuzz|Eviolite|[from] move: Knock Off|[of] p2a: Incineroar
|
|-heal|p1a: Electabuzz|9/100|[from] Grassy Terrain
|-heal|p2a: Incineroar|83/100|[from] Grassy Terrain
|upkeep
|
|t:|1756154534
|switch|p1b: Dragonite|Dragonite, L50, F|39/100 psn
|switch|p2b: Basculegion|Basculegion, L50, M, shiny|100/100
|turn|11
|
|t:|1756154551
|move|p1a: Electabuzz|Follow Me|p1a: Electabuzz
|-singleturn|p1a: Electabuzz|move: Follow Me
|move|p2b: Basculegion|Last Respects|p1a: Electabuzz
|-damage|p1a: Electabuzz|0 fnt
|faint|p1a: Electabuzz
|move|p1b: Dragonite|Scale Shot|p2b: Basculegion
|-damage|p2b: Basculegion|81/100
|-damage|p2b: Basculegion|62/100
|-damage|p2b: Basculegion|43/100
|-damage|p2b: Basculegion|23/100
|-damage|p2b: Basculegion|3/100
|-hitcount|p2b: Basculegion|5
|-unboost|p1b: Dragonite|def|1
|-boost|p1b: Dragonite|spe|1
|move|p2a: Incineroar|Knock Off|p1b: Dragonite
|-damage|p1b: Dragonite|0 fnt
|-enditem|p1b: Dragonite|Loaded Dice|[from] move: Knock Off|[of] p2a: Incineroar
|faint|p1b: Dragonite
|
|win|alecfromkanto
|inactive|Dkelly1126 has 30 seconds to confirm battle start!
|inactive|alecfromkanto has 30 seconds to confirm battle start!
||alecfromkanto is ready for game 2.
|inactive|Dkelly1126 has 20 seconds to confirm battle start!
||Dkelly1126 is ready for game 2.
|uhtml|next|Next: Game 2 of 3
|l|☆Dkelly1126
|player|p1|
