|j|☆hgjdcghkflj
|j|☆Shaymin frohawk
|html|hgjdcghkfljShaymin frohawk    
|uhtml|bestof|Game 1 of a best-of-3
|t:|1786112923
|gametype|doubles
|player|p1|hgjdcghkflj|2|1000
|player|p2|Shaymin frohawk|101|1000
|gen|9
|tier|[Gen 9 Champions] VGC 2026 Reg M-B (Bo3)
|rated|
|rule|Species Clause: Limit one of each Pokémon
|rule|Item Clause: Limit 1 of each item
|clearpoke
|poke|p1|Blastoise, L50, M|
|poke|p1|Vivillon, L50, F|
|poke|p1|Delphox, L50, M|
|poke|p1|Umbreon, L50, F|
|poke|p1|Whimsicott, L50, F|
|poke|p1|Froslass, L50, F|
|poke|p2|Raichu, L50, M|
|poke|p2|Staraptor, L50, F|
|poke|p2|Arcanine-Hisui, L50, F|
|poke|p2|Sylveon, L50, F|
|poke|p2|Farigiraf, L50, M|
|poke|p2|Kingambit, L50, M|
|teampreview|4
|showteam|p1|Blastoise||WhiteHerb|Torrent|WaterSpout,ShellSmash,DarkPulse,FakeOut|Modest||M|||50|]Vivillon||ChoiceScarf|FriendGuard|PollenPuff,EnergyBall,Hurricane,SleepPowder|Timid||F|||50|]Delphox||Delphoxite|Blaze|PsychicTerrain,ExpandingForce,Protect,HeatWave|Timid||M|||50|]Umbreon||ChopleBerry|InnerFocus|HelpingHand,Detect,Taunt,FoulPlay|Impish||F|||50|]Whimsicott||FocusSash|Prankster|EnergyBall,Tailwind,Moonblast,Encore|Timid||F|||50|]Froslass||Froslassite|CursedBody|Blizzard,ShadowBall,AuroraVeil,Protect|Timid||F|||50|
|showteam|p2|Raichu||RaichuniteY|LightningRod|ZapCannon,FocusBlast,FakeOut,Protect|Hasty||M|||50|]Staraptor||Staraptite|Intimidate|DualWingbeat,CloseCombat,Tailwind,Protect|Jolly||F|||50|]Arcanine-Hisui||FocusSash|RockHead|FlareBlitz,HeadSmash,ExtremeSpeed,Protect|Jolly||F|||50|]Sylveon||FairyFeather|Pixilate|HyperBeam,HyperVoice,QuickAttack,Detect|Modest||F|||50|]Farigiraf||SitrusBerry|ArmorTail|TrickRoom,Protect,Psychic,HelpingHand|Calm||M|||50|]Kingambit||LifeOrb|Defiant|KowtowCleave,SuckerPunch,Protect,SwordsDance|Adamant||M|||50|
|
|t:|1786112962
|teamsize|p1|4
|teamsize|p2|4
|start
|switch|p1a: Delphox|Delphox, L50, M|100/100
|switch|p1b: Umbreon|Umbreon, L50, F|100/100
|switch|p2a: Raichu|Raichu, L50, M|100/100
|switch|p2b: Staraptor|Staraptor, L50, F|100/100
|-ability|p2b: Staraptor|Intimidate|boost
|-unboost|p1a: Delphox|atk|1
|-fail|p1b: Umbreon|unboost|Attack|[from] ability: Inner Focus|[of] p1b: Umbreon
|turn|1
|
|t:|1786113007
|detailschange|p2b: Staraptor|Staraptor-Mega, L50, F
|-mega|p2b: Staraptor|Staraptor|Staraptite
|move|p1a: Delphox|Protect|p1a: Delphox
|-singleturn|p1a: Delphox|Protect
|move|p2a: Raichu|Fake Out|p1a: Delphox
|-activate|p1a: Delphox|move: Protect
|move|p2b: Staraptor|Close Combat|p1b: Umbreon
|-supereffective|p1b: Umbreon|1
|-enditem|p1b: Umbreon|Chople Berry|[eat]
|-enditem|p1b: Umbreon|Chople Berry|[weaken]
|-damage|p1b: Umbreon|59/100
|-boost|p2b: Staraptor|def|1
|-boost|p2b: Staraptor|spd|1
|move|p1b: Umbreon|Foul Play|p2b: Staraptor
|-resisted|p2b: Staraptor|1
|-damage|p2b: Staraptor|83/100
|
|upkeep
|turn|2
|
|t:|1786113035
|detailschange|p1a: Delphox|Delphox-Mega, L50, M
|-mega|p1a: Delphox|Delphox|Delphoxite
|move|p1b: Umbreon|Detect|p1b: Umbreon
|-singleturn|p1b: Umbreon|Protect
|move|p1a: Delphox|Psychic Terrain|p1a: Delphox
|-fieldstart|move: Psychic Terrain
|move|p2b: Staraptor|Close Combat|p1b: Umbreon
|-activate|p1b: Umbreon|move: Protect
|move|p2a: Raichu|Zap Cannon|p1a: Delphox|[miss]
|-miss|p2a: Raichu|p1a: Delphox
|
|upkeep
|turn|3
|
|t:|1786113077
|switch|p2a: Kingambit|Kingambit, L50, M|100/100
|move|p1b: Umbreon|Helping Hand|p1a: Delphox
|-singleturn|p1a: Delphox|Helping Hand|[of] p1b: Umbreon
|move|p2b: Staraptor|Protect|p2b: Staraptor
|-singleturn|p2b: Staraptor|Protect
|move|p1a: Delphox|Expanding Force|p2b: Staraptor
|-activate|p2b: Staraptor|move: Protect
|
|upkeep
|turn|4
|
|t:|1786113095
|move|p1b: Umbreon|Helping Hand|p1a: Delphox
|-singleturn|p1a: Delphox|Helping Hand|[of] p1b: Umbreon
|move|p2a: Kingambit|Sucker Punch|p1a: Delphox
|-hint|Psychic Terrain doesn't affect airborne Pokémon.
|-supereffective|p1a: Delphox|1
|-damage|p1a: Delphox|0 fnt
|faint|p1a: Delphox
|-damage|p2a: Kingambit|90/100|[from] item: Life Orb
|move|p2b: Staraptor|Tailwind|p2b: Staraptor
|-sidestart|p2: Shaymin frohawk|move: Tailwind
|
|upkeep
|
|t:|1786113119
|switch|p1a: Blastoise|Blastoise, L50, M|100/100
|turn|5
|
|t:|1786113132
|move|p1a: Blastoise|Fake Out|p2b: Staraptor
|-hint|Psychic Terrain doesn't affect airborne Pokémon.
|-damage|p2b: Staraptor|77/100
|cant|p2b: Staraptor|flinch
|move|p2a: Kingambit|Swords Dance|p2a: Kingambit
|-boost|p2a: Kingambit|atk|2
|move|p1b: Umbreon|Foul Play|p2a: Kingambit
|-resisted|p2a: Kingambit|1
|-damage|p2a: Kingambit|46/100
|
|upkeep
|turn|6
|
|t:|1786113153
|move|p2b: Staraptor|Close Combat|p1a: Blastoise
|-damage|p1a: Blastoise|46/100
|-boost|p2b: Staraptor|def|1
|-boost|p2b: Staraptor|spd|1
|move|p2a: Kingambit|Kowtow Cleave|p1a: Blastoise
|-damage|p1a: Blastoise|0 fnt
|faint|p1a: Blastoise
|-damage|p2a: Kingambit|37/100|[from] item: Life Orb
|move|p1b: Umbreon|Foul Play|p2a: Kingambit
|-resisted|p2a: Kingambit|1
|-damage|p2a: Kingambit|0 fnt
|faint|p2a: Kingambit
|
|-fieldend|move: Psychic Terrain
|upkeep
|
|t:|1786113167
|switch|p1a: Vivillon|Vivillon, L50, F|100/100
|switch|p2a: Arcanine|Arcanine-Hisui, L50, F|100/100
|turn|7
|
|t:|1786113184
|move|p2b: Staraptor|Dual Wingbeat|p1a: Vivillon
|-supereffective|p1a: Vivillon|1
|-damage|p1a: Vivillon|22/100
|-supereffective|p1a: Vivillon|1
|-damage|p1a: Vivillon|0 fnt
|faint|p1a: Vivillon
|-hitcount|p1: Vivillon|2
|move|p2a: Arcanine|Head Smash|p1b: Umbreon
|-damage|p1b: Umbreon|14/100
|move|p1b: Umbreon|Foul Play|p2a: Arcanine
|-damage|p2a: Arcanine|42/100
|
|-sideend|p2: Shaymin frohawk|move: Tailwind
|upkeep
|turn|8
|
|t:|1786113198
|move|p2a: Arcanine|Extreme Speed|p1b: Umbreon
|-damage|p1b: Umbreon|0 fnt
|faint|p1b: Umbreon
|
|win|Shaymin frohawk
