|j|☆ga sneasler
|j|☆Qicide
|html|ga sneaslerQicide    
|uhtml|bestof|Game 3 of a best-of-3
|t:|1757703779
|gametype|doubles
|player|p1|ga sneasler|170|1362
|player|p2|Qicide|red|1309
|gen|9
|tier|[Gen 9] VGC 2025 Reg H (Bo3)
|rated|
|rule|Species Clause: Limit one of each Pokémon
|rule|Item Clause: Limit 1 of each item
|clearpoke
|poke|p1|Dragapult, L50, M|
|poke|p1|Kingambit, L50, M|
|poke|p1|Electabuzz, L50, F|
|poke|p1|Blaziken, L50, M|
|poke|p1|Primarina, L50, F|
|poke|p1|Rillaboom, L50, M|
|poke|p2|Porygon2, L50|
|poke|p2|Incineroar, L50, F|
|poke|p2|Ursaluna, L50, F|
|poke|p2|Jumpluff, L50, F|
|poke|p2|Charizard, L50, F|
|poke|p2|Torkoal, L50, F|
|teampreview|4
|showteam|p1|Dragapult||ChoiceBand|ClearBody|Outrage,DragonDarts,PhantomForce,Uturn|||M|||50|,,,,,Dragon]Kingambit||SafetyGoggles|Defiant|KowtowCleave,SuckerPunch,SwordsDance,Protect|||M|||50|,,,,,Dark]Electabuzz||Eviolite|VitalSpirit|Thunderbolt,HelpingHand,FollowMe,Protect|||F|||50|,,,,,Ghost]Blaziken||FocusSash|SpeedBoost|HeatWave,AuraSphere,Coaching,Detect|||M|||50|,,,,,Stellar]Primarina||SitrusBerry|LiquidVoice|Moonblast,HyperVoice,Haze,Protect|||F|||50|,,,,,Water]Rillaboom||AssaultVest|GrassySurge|WoodHammer,GrassyGlide,FakeOut,Uturn|||M|||50|,,,,,Fire
|showteam|p2|Porygon2||Eviolite|Download|TeraBlast,IceBeam,TrickRoom,Recover||||||50|,,,,,Fighting]Incineroar||SitrusBerry|Intimidate|FakeOut,KnockOff,FlareBlitz,PartingShot|||F|||50|,,,,,Ghost]Ursaluna||FlameOrb|Guts|HeadlongRush,Facade,Earthquake,Protect|||F|||50|,,,,,Ghost]Jumpluff||CovertCloak|Chlorophyll|RagePowder,SunnyDay,Tailwind,SleepPowder|||F|||50|,,,,,Water]Charizard||ChoiceSpecs|SolarPower|HeatWave,Overheat,WeatherBall,SolarBeam|||F|||50|,,,,,Ghost]Torkoal||EjectPack|Drought|Overheat,Eruption,HelpingHand,Protect|||F|||50|,,,,,Fire
|inactive|Battle timer is ON: inactive players will automatically lose when time's up. (requested by ga sneasler)
|inactive|Qicide also wants the timer to be on.
|
|t:|1757703791
|teamsize|p1|4
|teamsize|p2|4
|start
|switch|p1a: Darts|Dragapult, L50, M|100/100
|switch|p1b: Zap|Electabuzz, L50, F|100/100
|switch|p2a: Porygon2|Porygon2, L50, shiny|100/100
|switch|p2b: Incineroar|Incineroar, L50, F|100/100
|-ability|p2b: Incineroar|Intimidate|boost
|-fail|p1a: Darts|unboost|[from] ability: Clear Body|[of] p1a: Darts
|-unboost|p1b: Zap|atk|1
|-ability|p2a: Porygon2|Download|boost
|-boost|p2a: Porygon2|atk|1
|turn|1
|
|t:|1757703807
|-terastallize|p1a: Darts|Dragon
|move|p1b: Zap|Helping Hand|p1a: Darts
|-singleturn|p1a: Darts|Helping Hand|[of] p1b: Zap
|move|p1a: Darts|Outrage|p2b: Incineroar
|-damage|p2b: Incineroar|0 fnt
|faint|p2b: Incineroar
|move|p2a: Porygon2|Trick Room|p2a: Porygon2
|-fieldstart|move: Trick Room|[of] p2a: Porygon2
|
|upkeep
|
|t:|1757703815
|switch|p2b: Torkoal|Torkoal, L50, F|100/100
|-weather|SunnyDay|[from] ability: Drought|[of] p2b: Torkoal
|turn|2
|
|t:|1757703824
|-terastallize|p2b: Torkoal|Fire
|move|p1b: Zap|Follow Me|p1b: Zap
|-singleturn|p1b: Zap|move: Follow Me
|move|p2b: Torkoal|Eruption|p1a: Darts|[spread] p1a,p1b
|-resisted|p1a: Darts
|-crit|p1a: Darts
|-damage|p1a: Darts|0 fnt
|-damage|p1b: Zap|36/100
|faint|p1a: Darts
|move|p2a: Porygon2|Ice Beam|p1b: Zap
|-damage|p1b: Zap|16/100
|
|-weather|SunnyDay|[upkeep]
|upkeep
|
|t:|1757703833
|switch|p1a: Sing|Primarina, L50, F|100/100
|turn|3
|
|t:|1757703838
|move|p1a: Sing|Protect|p1a: Sing
|-singleturn|p1a: Sing|Protect
|move|p1b: Zap|Protect|p1b: Zap
|-singleturn|p1b: Zap|Protect
|move|p2b: Torkoal|Eruption|p1a: Sing|[spread] 
|-activate|p1a: Sing|move: Protect
|-activate|p1b: Zap|move: Protect
|move|p2a: Porygon2|Tera Blast|p1a: Sing
|-activate|p1a: Sing|move: Protect
|
|-weather|SunnyDay|[upkeep]
|upkeep
|turn|4
|
|t:|1757703847
|move|p1b: Zap|Helping Hand|p1a: Sing
|-singleturn|p1a: Sing|Helping Hand|[of] p1b: Zap
|move|p2b: Torkoal|Eruption|p1b: Zap|[spread] p1a,p1b
|-resisted|p1a: Sing
|-damage|p1a: Sing|60/100
|-damage|p1b: Zap|0 fnt
|faint|p1b: Zap
|move|p2a: Porygon2|Tera Blast|p1a: Sing
|-damage|p1a: Sing|29/100
|-enditem|p1a: Sing|Sitrus Berry|[eat]
|-heal|p1a: Sing|54/100|[from] item: Sitrus Berry
|move|p1a: Sing|Hyper Voice|p2a: Porygon2|[spread] p2a,p2b
|-supereffective|p2b: Torkoal
|-damage|p2a: Porygon2|85/100
|-damage|p2b: Torkoal|33/100
|
|-weather|SunnyDay|[upkeep]
|upkeep
|
|t:|1757703856
|switch|p1b: Check|Kingambit, L50, M|100/100
|turn|5
|inactive|ga sneasler has 30 seconds left.
|
|t:|1757703890
|move|p1b: Check|Protect|p1b: Check
|-singleturn|p1b: Check|Protect
|move|p1a: Sing|Protect|p1a: Sing
|-singleturn|p1a: Sing|Protect
|move|p2b: Torkoal|Overheat|p1a: Sing
|-activate|p1a: Sing|move: Protect
|move|p2a: Porygon2|Tera Blast|p1a: Sing
|-activate|p1a: Sing|move: Protect
|
|-weather|SunnyDay|[upkeep]
|-fieldend|move: Trick Room
|upkeep
|turn|6
|
|t:|1757703902
|move|p2b: Torkoal|Protect|p2b: Torkoal
|-singleturn|p2b: Torkoal|Protect
|move|p1a: Sing|Hyper Voice|p2a: Porygon2|[spread] p2a
|-activate|p2b: Torkoal|move: Protect
|-damage|p2a: Porygon2|75/100
|move|p1b: Check|Swords Dance|p1b: Check
|-boost|p1b: Check|atk|2
|move|p2a: Porygon2|Trick Room|p2a: Porygon2
|-fieldstart|move: Trick Room|[of] p2a: Porygon2
|
|-weather|none
|upkeep
|turn|7
|
|t:|1757703919
|move|p2b: Torkoal|Helping Hand|p2a: Porygon2
|-singleturn|p2a: Porygon2|Helping Hand|[of] p2b: Torkoal
|move|p1b: Check|Sucker Punch||[still]
|-fail|p1b: Check
|move|p2a: Porygon2|Tera Blast|p1a: Sing
|-damage|p1a: Sing|4/100
|move|p1a: Sing|Moonblast|p2a: Porygon2
|-damage|p2a: Porygon2|46/100
|-unboost|p2a: Porygon2|spa|1
|
|upkeep
|turn|8
|
|t:|1757703941
|move|p1a: Sing|Protect|p1a: Sing
|-singleturn|p1a: Sing|Protect
|move|p1b: Check|Sucker Punch|p2b: Torkoal
|-damage|p2b: Torkoal|0 fnt
|faint|p2b: Torkoal
|move|p2a: Porygon2|Recover|p2a: Porygon2
|-heal|p2a: Porygon2|96/100
|
|upkeep
|
|t:|1757703946
|switch|p2b: Ursaluna|Ursaluna, L50, F|100/100
|turn|9
|
|t:|1757703960
|move|p2b: Ursaluna|Protect|p2b: Ursaluna
|-singleturn|p2b: Ursaluna|Protect
|move|p1b: Check|Kowtow Cleave|p2b: Ursaluna
|-activate|p2b: Ursaluna|move: Protect
|move|p2a: Porygon2|Ice Beam|p1a: Sing
|-resisted|p1a: Sing
|-damage|p1a: Sing|0 fnt
|faint|p1a: Sing
|
|-status|p2b: Ursaluna|brn|[from] item: Flame Orb
|upkeep
|turn|10
|
|t:|1757703978
|move|p1b: Check|Kowtow Cleave|p2b: Ursaluna
|-damage|p2b: Ursaluna|19/100 brn
|move|p2a: Porygon2|Ice Beam|p1b: Check
|-resisted|p1b: Check
|-damage|p1b: Check|91/100
|move|p2b: Ursaluna|Headlong Rush|p1b: Check
|-supereffective|p1b: Check
|-damage|p1b: Check|0 fnt
|-unboost|p2b: Ursaluna|def|1
|-unboost|p2b: Ursaluna|spd|1
|faint|p1b: Check
|
|win|Qicide
|raw|ga sneasler's rating: 1362 → 1339(-23 for losing)
|raw|Qicide's rating: 1309 → 1332(+23 for winning)
