|j|☆Prepucio Santos
|j|☆btb0811
|html|Prepucio Santosbtb0811    
|uhtml|bestof|Game 2 of a best-of-3
|t:|1784203794
|gametype|doubles
|player|p1|Prepucio Santos|striker|1343
|player|p2|btb0811|brycenman|1250
|gen|9
|tier|[Gen 9 Champions] VGC 2026 Reg M-B (Bo3)
|rated|
|rule|Species Clause: Limit one of each Pokémon
|rule|Item Clause: Limit 1 of each item
|clearpoke
|poke|p1|Charizard, L50, F|
|poke|p1|Venusaur, L50, F|
|poke|p1|Pelipper, L50, F|
|poke|p1|Grimmsnarl, L50, M|
|poke|p1|Basculegion, L50, M|
|poke|p1|Archaludon, L50, M|
|poke|p2|Gardevoir, L50, M|
|poke|p2|Metagross, L50|
|poke|p2|Maushold, L50|
|poke|p2|Talonflame, L50, F|
|poke|p2|Sneasler, L50, M|
|poke|p2|Hydreigon, L50, F|
|teampreview|4
|showteam|p1|Charizard||CharizarditeY|Blaze|HeatWave,WeatherBall,SolarBeam,Protect|Modest||F|||50|]Venusaur||FocusSash|Chlorophyll|SludgeBomb,EarthPower,SleepPowder,Protect|Modest||F|||50|]Pelipper||SitrusBerry|Drizzle|Hurricane,WeatherBall,WideGuard,Tailwind|Modest||F|||50|]Grimmsnarl||LightClay|Prankster|SpiritBreak,Reflect,LightScreen,PartingShot|Sassy||M|||50|]Basculegion||ChoiceScarf|Adaptability|WaveCrash,LastRespects,FlipTurn,AquaJet|Jolly||M|||50|]Archaludon||Leftovers|Stamina|DragonPulse,FlashCannon,ElectroShot,Protect|Calm||M|||50|
|showteam|p2|Gardevoir||Gardevoirite|Trace|HyperVoice,Psychic,Thunderbolt,Protect|Timid||M|||50|]Metagross||Metagrossite|ClearBody|PsychicFangs,IronHead,BodyPress,Protect|Jolly|||||50|]Maushold||FocusSash|FriendGuard|SuperFang,FollowMe,Taunt,Protect|Timid|||||50|]Talonflame||SharpBeak|GaleWings|DualWingbeat,Tailwind,WillOWisp,Protect|Jolly||F|||50|]Sneasler||WhiteHerb|Unburden|DireClaw,CloseCombat,FakeOut,Protect|Adamant||M|||50|]Hydreigon||ChoiceScarf|Levitate|Snarl,DarkPulse,DracoMeteor,EarthPower|Modest||F|||50|
|inactive|Battle timer is ON: inactive players will automatically lose when time's up. (requested by btb0811)
|
|t:|1784203821
|teamsize|p1|4
|teamsize|p2|4
|start
|switch|p1a: Grimmsnarl|Grimmsnarl, L50, M|100/100
|switch|p1b: Basculegion|Basculegion, L50, M|100/100
|switch|p2a: Gardevoir|Gardevoir, L50, M|100/100
|switch|p2b: Talonflame|Talonflame, L50, F|100/100
|-ability|p2a: Gardevoir|Prankster|Trace|[from] ability: Trace|[of] p1a: Grimmsnarl
|turn|1
|inactive|Prepucio Santos has 30 seconds left.
|inactive|Prepucio Santos has 20 seconds left.
|inactive|Prepucio Santos has 15 seconds left.
|inactive|Prepucio Santos has 10 seconds left.
|
|t:|1784203868
|switch|p2b: Maushold|Maushold, L50|100/100
|detailschange|p2a: Gardevoir|Gardevoir-Mega, L50, M
|-mega|p2a: Gardevoir|Gardevoir|Gardevoirite
|move|p1a: Grimmsnarl|Parting Shot|p2b: Maushold
|-unboost|p2b: Maushold|atk|1
|-unboost|p2b: Maushold|spa|1
|
|t:|1784203874
|switch|p1a: Pelipper|Pelipper, L50, F|100/100|[from] Parting Shot
|-weather|RainDance|[from] ability: Drizzle|[of] p1a: Pelipper
|move|p1b: Basculegion|Flip Turn|p2a: Gardevoir
|-damage|p2a: Gardevoir|35/100
|
|t:|1784203888
|switch|p1b: Charizard|Charizard, L50, F|100/100|[from] Flip Turn
|move|p2a: Gardevoir|Hyper Voice|p1b: Charizard|[spread] p1a,p1b
|-resisted|p1b: Charizard|1
|-damage|p1a: Pelipper|40/100
|-damage|p1b: Charizard|71/100
|-enditem|p1a: Pelipper|Sitrus Berry|[eat]
|-heal|p1a: Pelipper|64/100|[from] item: Sitrus Berry
|
|-weather|RainDance|[upkeep]
|upkeep
|turn|2
|
|t:|1784203910
|switch|p1b: Grimmsnarl|Grimmsnarl, L50, M|100/100
|move|p2b: Maushold|Super Fang|p1b: Grimmsnarl
|-damage|p1b: Grimmsnarl|50/100y
|move|p2a: Gardevoir|Hyper Voice|p1b: Grimmsnarl|[spread] p1a,p1b
|-supereffective|p1b: Grimmsnarl|1
|-damage|p1a: Pelipper|8/100
|-damage|p1b: Grimmsnarl|0 fnt
|faint|p1b: Grimmsnarl
|move|p1a: Pelipper|Weather Ball|p2a: Gardevoir
|-crit|p2a: Gardevoir
|-damage|p2a: Gardevoir|0 fnt
|faint|p2a: Gardevoir
|
|-weather|RainDance|[upkeep]
|upkeep
|
|t:|1784203922
|switch|p2a: Hydreigon|Hydreigon, L50, F|100/100
|switch|p1b: Basculegion|Basculegion, L50, M|100/100
|turn|3
|
|t:|1784203929
|switch|p1b: Charizard|Charizard, L50, F|71/100
|move|p2b: Maushold|Follow Me|p2b: Maushold
|-singleturn|p2b: Maushold|move: Follow Me
|move|p2a: Hydreigon|Snarl|p1a: Pelipper|[spread] p1a,p1b
|-damage|p1a: Pelipper|0 fnt
|-damage|p1b: Charizard|47/100
|-unboost|p1b: Charizard|spa|1
|faint|p1a: Pelipper
|
|-weather|RainDance|[upkeep]
|upkeep
|
|t:|1784203930
|switch|p1a: Basculegion|Basculegion, L50, M|100/100
|turn|4
|
|t:|1784203939
|detailschange|p1b: Charizard|Charizard-Mega-Y, L50, F
|-mega|p1b: Charizard|Charizard|Charizardite Y
|-weather|SunnyDay|[from] ability: Drought|[of] p1b: Charizard
|move|p2b: Maushold|Follow Me|p2b: Maushold
|-singleturn|p2b: Maushold|move: Follow Me
|move|p2a: Hydreigon|Snarl|p1a: Basculegion|[spread] p1a,p1b
|-supereffective|p1a: Basculegion|1
|-damage|p1a: Basculegion|43/100
|-damage|p1b: Charizard|27/100
|-unboost|p1a: Basculegion|spa|1
|-unboost|p1b: Charizard|spa|1
|move|p1a: Basculegion|Last Respects|p2b: Maushold
|-immune|p2b: Maushold
|move|p1b: Charizard|Heat Wave|p2b: Maushold|[spread] p2b
|-miss|p1b: Charizard|p2a: Hydreigon
|-damage|p2b: Maushold|61/100
|
|-weather|SunnyDay|[upkeep]
|upkeep
|turn|5
|-message|Prepucio Santos forfeited.
|
|win|btb0811
