|j|☆RegiSIXSEVEN
|j|☆golden sun boy
|html|RegiSIXSEVENgolden sun boy    
|uhtml|bestof|Game 3 of a best-of-3
|t:|1784804302
|gametype|doubles
|player|p1|RegiSIXSEVEN|steven|1228
|player|p2|golden sun boy|unknown|1127
|gen|9
|tier|[Gen 9 Champions] VGC 2026 Reg M-B (Bo3)
|rated|
|rule|Species Clause: Limit one of each Pokémon
|rule|Item Clause: Limit 1 of each item
|clearpoke
|poke|p1|Garchomp, L50, M, shiny|
|poke|p1|Venusaur, L50, F, shiny|
|poke|p1|Incineroar, L50, M, shiny|
|poke|p1|Charizard, L50, F, shiny|
|poke|p1|Toxapex, L50, M, shiny|
|poke|p1|Annihilape, L50, F, shiny|
|poke|p2|Zoroark-Hisui, L50, F|
|poke|p2|Scovillain, L50, F|
|poke|p2|Raichu, L50, F|
|poke|p2|Whimsicott, L50, M|
|poke|p2|Kommo-o, L50, M|
|poke|p2|Steelix, L50, F|
|teampreview|4
|showteam|p1|Garchomp||ChoiceScarf|RoughSkin|Earthquake,DragonClaw,StompingTantrum,RockSlide|Adamant||M|||50|]Venusaur||LifeOrb|Chlorophyll|SolarBeam,SludgeBomb,EarthPower,Protect|Modest||F|||50|]Incineroar||SitrusBerry|Intimidate|FlareBlitz,ThroatChop,FakeOut,PartingShot|Impish||M|||50|]Charizard||CharizarditeY|Blaze|HeatWave,WeatherBall,HelpingHand,Protect|Modest||F|||50|]Toxapex||Leftovers|Regenerator|Infestation,Toxic,WideGuard,BanefulBunker|Bold||M|||50|]Annihilape||FocusSash|Defiant|CloseCombat,PhantomForce,RockTomb,Protect|Jolly||F|||50|
|showteam|p2|Zoroark-Hisui||LifeOrb|Illusion|HyperBeam,HyperVoice,ShadowBall,Protect|Modest||F|||50|]Scovillain||Scovillainite|Moody|GigaDrain,Overheat,RagePowder,Protect|Modest||F|||50|]Raichu||RaichuniteX|LightningRod|VoltTackle,RisingVoltage,Feint,FakeOut|Adamant||F|||50|]Whimsicott||FocusSash|Prankster|Tailwind,LightScreen,Encore,Moonblast|Timid||M|||50|]Kommo-o||DragonFang|Soundproof|ClangingScales,DracoMeteor,AuraSphere,Protect|Modest||M|||50|]Steelix||MetalCoat|Sturdy|HeavySlam,HighHorsepower,WideGuard,BodyPress|Relaxed||F|||50|
|inactive|Battle timer is ON: inactive players will automatically lose when time's up. (requested by RegiSIXSEVEN)
|inactive|golden sun boy has 60 seconds left.
|
|t:|1784804353
|teamsize|p1|4
|teamsize|p2|4
|start
|switch|p1a: Charizard|Charizard, L50, F, shiny|100/100
|switch|p1b: Garchomp|Garchomp, L50, M, shiny|100/100
|switch|p2a: Kommo-o|Kommo-o, L50, M|100/100
|switch|p2b: Raichu|Raichu, L50, F|100/100
|turn|1
|inactive|golden sun boy has 30 seconds left.
|
|t:|1784804386
|detailschange|p1a: Charizard|Charizard-Mega-Y, L50, F, shiny
|-mega|p1a: Charizard|Charizard|Charizardite Y
|-weather|SunnyDay|[from] ability: Drought|[of] p1a: Charizard
|move|p2a: Kommo-o|Protect|p2a: Kommo-o
|-singleturn|p2a: Kommo-o|Protect
|move|p1b: Garchomp|Earthquake|p2b: Raichu|[spread] p2b
|-activate|p2a: Kommo-o|move: Protect
|-immune|p1a: Charizard
|-damage|p2b: Raichu|15/100
|replace|p2b: Zoroark|Zoroark-Hisui, L50, F
|-end|p2b: Zoroark|Illusion
|move|p2b: Zoroark|Hyper Beam|p1b: Garchomp
|-damage|p1b: Garchomp|0 fnt
|-mustrecharge|p2b: Zoroark
|faint|p1b: Garchomp
|-damage|p2b: Zoroark|6/100|[from] item: Life Orb
|move|p1a: Charizard|Heat Wave|p2b: Zoroark|[spread] 
|-activate|p2a: Kommo-o|move: Protect
|-miss|p1a: Charizard|p2b: Zoroark
|
|-weather|SunnyDay|[upkeep]
|upkeep
|
|t:|1784804402
|switch|p1b: Venusaur|Venusaur, L50, F, shiny|100/100
|turn|2
|
|t:|1784804409
|move|p1b: Venusaur|Sludge Bomb|p2a: Kommo-o
|-damage|p2a: Kommo-o|38/100
|-damage|p1b: Venusaur|90/100|[from] item: Life Orb
|cant|p2b: Zoroark|recharge
|move|p2a: Kommo-o|Clanging Scales|p1a: Charizard|[spread] p1a,p1b
|-damage|p1a: Charizard|61/100
|-damage|p1b: Venusaur|37/100
|-unboost|p2a: Kommo-o|def|1
|move|p1a: Charizard|Heat Wave|p2b: Zoroark|[spread] p2a
|-miss|p1a: Charizard|p2b: Zoroark
|-resisted|p2a: Kommo-o|1
|-damage|p2a: Kommo-o|1/100
|
|-weather|SunnyDay|[upkeep]
|upkeep
|turn|3
|inactive|golden sun boy has 30 seconds left.
|
|t:|1784804436
|move|p2a: Kommo-o|Protect|p2a: Kommo-o
|-singleturn|p2a: Kommo-o|Protect
|move|p1b: Venusaur|Earth Power|p2b: Zoroark
|-damage|p2b: Zoroark|0 fnt
|faint|p2b: Zoroark
|-damage|p1b: Venusaur|27/100|[from] item: Life Orb
|move|p1a: Charizard|Heat Wave|p2a: Kommo-o
|-activate|p2a: Kommo-o|move: Protect
|
|-weather|SunnyDay|[upkeep]
|upkeep
|
|t:|1784804448
|switch|p2b: Raichu|Raichu, L50, F|100/100
|turn|4
|inactive|golden sun boy has 30 seconds left.
|inactive|golden sun boy has 20 seconds left.
|inactive|golden sun boy has 15 seconds left.
|inactive|golden sun boy has 10 seconds left.
|inactive|golden sun boy has 5 seconds left.
|
|t:|1784804503
|move|p1b: Venusaur|Earth Power|p2b: Raichu
|-supereffective|p2b: Raichu|1
|-damage|p2b: Raichu|1/100
|-damage|p1b: Venusaur|18/100|[from] item: Life Orb
|move|p2a: Kommo-o|Clanging Scales|p1a: Charizard|[spread] p1a,p1b
|-damage|p1a: Charizard|22/100
|-damage|p1b: Venusaur|0 fnt
|faint|p1b: Venusaur
|-unboost|p2a: Kommo-o|def|1
|move|p2b: Raichu|Volt Tackle|p1a: Charizard
|-supereffective|p1a: Charizard|1
|-damage|p1a: Charizard|0 fnt
|faint|p1a: Charizard
|-damage|p2b: Raichu|0 fnt|[from] Recoil
|faint|p2b: Raichu
|
|-weather|SunnyDay|[upkeep]
|upkeep
|
|t:|1784804518
|switch|p2b: Steelix|Steelix, L50, F|100/100
|switch|p1b: Incineroar|Incineroar, L50, M, shiny|100/100
|-ability|p1b: Incineroar|Intimidate|boost
|-unboost|p2a: Kommo-o|atk|1
|-unboost|p2b: Steelix|atk|1
|turn|5
|
|t:|1784804534
|move|p2a: Kommo-o|Protect|p2a: Kommo-o
|-singleturn|p2a: Kommo-o|Protect
|move|p1b: Incineroar|Flare Blitz|p2b: Steelix
|-supereffective|p2b: Steelix|1
|-damage|p2b: Steelix|30/100
|-damage|p1b: Incineroar|80/100|[from] Recoil
|move|p2b: Steelix|Body Press|p1b: Incineroar
|-supereffective|p1b: Incineroar|1
|-damage|p1b: Incineroar|26/100
|-enditem|p1b: Incineroar|Sitrus Berry|[eat]
|-heal|p1b: Incineroar|51/100|[from] item: Sitrus Berry
|
|-weather|none
|upkeep
|turn|6
|
|t:|1784804549
|move|p2a: Kommo-o|Aura Sphere|p1b: Incineroar
|-supereffective|p1b: Incineroar|1
|-damage|p1b: Incineroar|0 fnt
|faint|p1b: Incineroar
|
|win|golden sun boy
|raw|RegiSIXSEVEN's rating: 1228 → 1196(-32 for losing)
|raw|golden sun boy's rating: 1127 → 1159(+32 for winning)
