|j|☆gundot
|j|☆lalalaing
|html|gundotlalalaing    
|uhtml|bestof|Game 1 of a best-of-3
|t:|1783554573
|gametype|doubles
|player|p1|gundot|2|1219
|player|p2|lalalaing|chili|1381
|gen|9
|tier|[Gen 9 Champions] VGC 2026 Reg M-B (Bo3)
|rated|
|rule|Species Clause: Limit one of each Pokémon
|rule|Item Clause: Limit 1 of each item
|clearpoke
|poke|p1|Charizard, L50, F, shiny|
|poke|p1|Whimsicott, L50, F|
|poke|p1|Farigiraf, L50, F, shiny|
|poke|p1|Garchomp, L50, M|
|poke|p1|Mawile, L50, F, shiny|
|poke|p1|Basculegion, L50, M|
|poke|p2|Swampert, L50, F|
|poke|p2|Venusaur, L50, F|
|poke|p2|Pelipper, L50, M|
|poke|p2|Archaludon, L50, F|
|poke|p2|Sneasler, L50, F|
|poke|p2|Grimmsnarl, L50, M|
|teampreview|4
|showteam|p1|Charizard||CharizarditeY|SolarPower|HeatWave,WeatherBall,SolarBeam,Protect|Modest||F|||50|]Whimsicott||FocusSash|Prankster|Moonblast,Tailwind,Encore,Protect|Timid||F|||50|]Farigiraf||SitrusBerry|ArmorTail|Psychic,Thunderbolt,TrickRoom,HelpingHand|Modest||F|||50|]Garchomp||LifeOrb|RoughSkin|Earthquake,DragonClaw,RockSlide,Protect|Jolly||M|||50|]Mawile||Mawilite|HyperCutter|PlayRough,RockSlide,SuckerPunch,Protect|Adamant||F|||50|]Basculegion||MysticWater|Adaptability|WaveCrash,AquaJet,LastRespects,Protect|Adamant||M|||50|
|showteam|p2|Swampert||Swampertite|Torrent|WaveCrash,Earthquake,IcePunch,Protect|Adamant||F|||50|]Venusaur||Venusaurite|Overgrow|EnergyBall,SludgeBomb,EarthPower,Protect|Modest||F|||50|]Pelipper||FocusSash|Drizzle|WeatherBall,Hurricane,Tailwind,Protect|Modest||M|||50|]Archaludon||Leftovers|Stamina|ElectroShot,DragonPulse,FlashCannon,Protect|Modest||F|||50|]Sneasler||WhiteHerb|Unburden|DireClaw,CloseCombat,FakeOut,Protect|Adamant||F|||50|]Grimmsnarl||LightClay|Prankster|Reflect,LightScreen,SpiritBreak,PartingShot|Impish||M|||50|
|inactive|Battle timer is ON: inactive players will automatically lose when time's up. (requested by gundot)
|
|t:|1783554594
|teamsize|p1|4
|teamsize|p2|4
|start
|switch|p1a: Whimsicott|Whimsicott, L50, F|100/100
|switch|p1b: Basculegion|Basculegion, L50, M|100/100
|switch|p2a: Swampert|Swampert, L50, F|100/100
|switch|p2b: Sneasler|Sneasler, L50, F|100/100
|turn|1
|
|t:|1783554609
|switch|p1a: Farigiraf|Farigiraf, L50, F, shiny|100/100
|switch|p2a: Archaludon|Archaludon, L50, F|100/100
|move|p2b: Sneasler|Fake Out||[still]
|cant|p1a: Farigiraf|ability: Armor Tail|Fake Out|[of] p2b: Sneasler
|move|p1b: Basculegion|Wave Crash|p2b: Sneasler
|-damage|p2b: Sneasler|0 fnt
|faint|p2b: Sneasler
|-damage|p1b: Basculegion|75/100|[from] Recoil
|
|upkeep
|
|t:|1783554614
|switch|p2b: Pelipper|Pelipper, L50, M|100/100
|-weather|RainDance|[from] ability: Drizzle|[of] p2b: Pelipper
|turn|2
|
|t:|1783554633
|move|p2b: Pelipper|Protect|p2b: Pelipper
|-singleturn|p2b: Pelipper|Protect
|move|p1b: Basculegion|Aqua Jet|p2b: Pelipper
|-activate|p2b: Pelipper|move: Protect
|move|p2a: Archaludon|Electro Shot||[still]
|-prepare|p2a: Archaludon|Electro Shot
|-boost|p2a: Archaludon|spa|1
|-anim|p2a: Archaludon|Electro Shot|p1a: Farigiraf
|-damage|p1a: Farigiraf|32/100
|-enditem|p1a: Farigiraf|Sitrus Berry|[eat]
|-heal|p1a: Farigiraf|57/100|[from] item: Sitrus Berry
|move|p1a: Farigiraf|Thunderbolt|p2b: Pelipper
|-activate|p2b: Pelipper|move: Protect
|
|-weather|RainDance|[upkeep]
|upkeep
|turn|3
|
|t:|1783554653
|move|p1b: Basculegion|Aqua Jet|p2b: Pelipper
|-resisted|p2b: Pelipper|1
|-damage|p2b: Pelipper|65/100
|move|p2a: Archaludon|Electro Shot||[still]
|-prepare|p2a: Archaludon|Electro Shot
|-boost|p2a: Archaludon|spa|1
|-anim|p2a: Archaludon|Electro Shot|p1b: Basculegion
|-supereffective|p1b: Basculegion|1
|-damage|p1b: Basculegion|0 fnt
|faint|p1b: Basculegion
|move|p2b: Pelipper|Weather Ball|p1a: Farigiraf
|-damage|p1a: Farigiraf|0 fnt
|faint|p1a: Farigiraf
|
|-weather|RainDance|[upkeep]
|upkeep
|
|t:|1783554658
|switch|p1b: Charizard|Charizard, L50, F, shiny|100/100
|switch|p1a: Whimsicott|Whimsicott, L50, F|100/100
|turn|4
|
|t:|1783554678
|switch|p2b: Swampert|Swampert, L50, F|100/100
|move|p1a: Whimsicott|Moonblast|p2b: Swampert
|-damage|p2b: Swampert|60/100
|move|p2a: Archaludon|Dragon Pulse|p1b: Charizard
|-damage|p1b: Charizard|7/100
|move|p1b: Charizard|Weather Ball|p2b: Swampert
|-damage|p2b: Swampert|19/100
|
|-weather|RainDance|[upkeep]
|upkeep
|turn|5
|
|t:|1783554697
|move|p2a: Archaludon|Protect|p2a: Archaludon
|-singleturn|p2a: Archaludon|Protect
|move|p1b: Charizard|Protect|p1b: Charizard
|-singleturn|p1b: Charizard|Protect
|move|p2b: Swampert|Protect|p2b: Swampert
|-singleturn|p2b: Swampert|Protect
|move|p1a: Whimsicott|Moonblast|p2b: Swampert
|-activate|p2b: Swampert|move: Protect
|
|-weather|RainDance|[upkeep]
|upkeep
|turn|6
|inactive|lalalaing has 30 seconds left.
|
|t:|1783554726
|detailschange|p2b: Swampert|Swampert-Mega, L50, F
|-mega|p2b: Swampert|Swampert|Swampertite
|move|p1b: Charizard|Protect|p1b: Charizard
|-singleturn|p1b: Charizard|Protect
|move|p1a: Whimsicott|Encore|p2a: Archaludon
|-start|p2a: Archaludon|Encore
|move|p2a: Archaludon|Protect||[still]
|-fail|p2a: Archaludon
|move|p2b: Swampert|Wave Crash|p1b: Charizard
|-activate|p1b: Charizard|move: Protect
|
|-weather|none
|upkeep
|turn|7
|
|t:|1783554747
|detailschange|p1b: Charizard|Charizard-Mega-Y, L50, F, shiny
|-mega|p1b: Charizard|Charizard|Charizardite Y
|-weather|SunnyDay|[from] ability: Drought|[of] p1b: Charizard
|move|p2a: Archaludon|Protect|p2a: Archaludon
|-singleturn|p2a: Archaludon|Protect
|move|p2b: Swampert|Protect|p2b: Swampert
|-singleturn|p2b: Swampert|Protect
|move|p1a: Whimsicott|Moonblast|p2b: Swampert
|-activate|p2b: Swampert|move: Protect
|move|p1b: Charizard|Heat Wave|p2a: Archaludon|[spread] 
|-activate|p2a: Archaludon|move: Protect
|-activate|p2b: Swampert|move: Protect
|
|-weather|SunnyDay|[upkeep]
|upkeep
|turn|8
|
|t:|1783554764
|switch|p2a: Pelipper|Pelipper, L50, M|65/100
|-weather|RainDance|[from] ability: Drizzle|[of] p2a: Pelipper
|move|p1a: Whimsicott|Encore|p2b: Swampert
|-start|p2b: Swampert|Encore
|move|p2b: Swampert|Protect|p2b: Swampert
|-singleturn|p2b: Swampert|Protect
|move|p1b: Charizard|Weather Ball|p2b: Swampert
|-activate|p2b: Swampert|move: Protect
|
|-weather|RainDance|[upkeep]
|upkeep
|turn|9
|inactive|gundot has 30 seconds left.
|
|t:|1783554789
|move|p2b: Swampert|Protect||[still]
|-fail|p2b: Swampert
|move|p1a: Whimsicott|Tailwind|p1a: Whimsicott
|-sidestart|p1: gundot|move: Tailwind
|move|p1b: Charizard|Weather Ball|p2a: Pelipper
|-resisted|p2a: Pelipper|1
|-crit|p2a: Pelipper
|-damage|p2a: Pelipper|0 fnt
|faint|p2a: Pelipper
|
|-weather|RainDance|[upkeep]
|upkeep
|
|t:|1783554796
|switch|p2a: Archaludon|Archaludon, L50, F|100/100
|turn|10
|
|t:|1783554809
|move|p2b: Swampert|Protect|p2b: Swampert
|-singleturn|p2b: Swampert|Protect
|move|p1a: Whimsicott|Moonblast|p2a: Archaludon
|-damage|p2a: Archaludon|56/100
|-unboost|p2a: Archaludon|spa|1
|-ability|p2a: Archaludon|Stamina|boost
|-boost|p2a: Archaludon|def|1
|move|p1b: Charizard|Weather Ball|p2b: Swampert
|-activate|p2b: Swampert|move: Protect
|move|p2a: Archaludon|Electro Shot||[still]
|-prepare|p2a: Archaludon|Electro Shot
|-boost|p2a: Archaludon|spa|1
|-anim|p2a: Archaludon|Electro Shot|p1b: Charizard
|-supereffective|p1b: Charizard|1
|-damage|p1b: Charizard|0 fnt
|faint|p1b: Charizard
|
|-weather|RainDance|[upkeep]
|-heal|p2a: Archaludon|62/100|[from] item: Leftovers
|-end|p2b: Swampert|Encore
|upkeep
|turn|11
|
|t:|1783554820
|move|p1a: Whimsicott|Moonblast|p2b: Swampert
|-damage|p2b: Swampert|0 fnt
|faint|p2b: Swampert
|move|p2a: Archaludon|Flash Cannon|p1a: Whimsicott
|-supereffective|p1a: Whimsicott|1
|-enditem|p1a: Whimsicott|Focus Sash
|-damage|p1a: Whimsicott|1/100
|
|-weather|RainDance|[upkeep]
|-heal|p2a: Archaludon|68/100|[from] item: Leftovers
|upkeep
|turn|12
|
|t:|1783554830
|move|p1a: Whimsicott|Moonblast|p2a: Archaludon
|-damage|p2a: Archaludon|21/100
|-unboost|p2a: Archaludon|spa|1
|-ability|p2a: Archaludon|Stamina|boost
|-boost|p2a: Archaludon|def|1
|move|p2a: Archaludon|Flash Cannon|p1a: Whimsicott
|-supereffective|p1a: Whimsicott|1
|-damage|p1a: Whimsicott|0 fnt
|faint|p1a: Whimsicott
|
|win|lalalaing
