|j|☆Desirety
|j|☆raichuwatch
|html|Desiretyraichuwatch    
|uhtml|bestof|Game 1 of a best-of-3
|t:|1785436999
|gametype|doubles
|player|p1|Desirety|preschooler|1166
|player|p2|raichuwatch|acetrainersnow|1050
|gen|9
|tier|[Gen 9 Champions] VGC 2026 Reg M-B (Bo3)
|rated|
|rule|Species Clause: Limit one of each Pokémon
|rule|Item Clause: Limit 1 of each item
|clearpoke
|poke|p1|Charizard, L50, M|
|poke|p1|Floette-Eternal, L50, F|
|poke|p1|Sinistcha, L50|
|poke|p1|Incineroar, L50, M|
|poke|p1|Kingambit, L50, M, shiny|
|poke|p1|Aerodactyl, L50, F|
|poke|p2|Mawile, L50, M, shiny|
|poke|p2|Glimmora, L50, M, shiny|
|poke|p2|Incineroar, L50, F|
|poke|p2|Garchomp, L50, F|
|poke|p2|Whimsicott, L50, M|
|poke|p2|Milotic, L50, M|
|teampreview|4
|showteam|p1|Charizard||CharizarditeX|Blaze|DragonDance,DragonClaw,Protect,FlareBlitz|Adamant||M|||50|]Floette-Eternal||Floettite|FlowerVeil|DazzlingGleam,DrainingKiss,CalmMind,Protect|Modest||F|||50|]Sinistcha||CobaBerry|Hospitality|MatchaGotcha,TrickRoom,Imprison,RagePowder|Bold|||||50|]Incineroar||SitrusBerry|Intimidate|WillOWisp,PartingShot,DarkestLariat,FakeOut|Adamant||M|||50|]Kingambit||LifeOrb|Defiant|SuckerPunch,KowtowCleave,LowKick,Protect|Adamant||M|||50|]Aerodactyl||WideLens|Unnerve|RockSlide,Tailwind,Taunt,WideGuard|Jolly||F|||50|
|showteam|p2|Mawile||Mawilite|HyperCutter|IronHead,PlayRough,SuckerPunch,Protect|Adamant||M|||50|]Glimmora||Glimmoranite|ToxicDebris|PowerGem,SludgeBomb,DazzlingGleam,Protect|Timid||M|||50|]Incineroar||SitrusBerry|Intimidate|FlareBlitz,PartingShot,FakeOut,Protect|Careful||F|||50|]Garchomp||LifeOrb|RoughSkin|DragonClaw,Earthquake,RockSlide,Protect|Jolly||F|||50|]Whimsicott||FocusSash|Prankster|Moonblast,Taunt,Tailwind,Protect|Bold||M|||50|]Milotic||Leftovers|Competitive|Scald,IceBeam,Recover,Protect|Bold||M|||50|
|
|t:|1785437038
|teamsize|p1|4
|teamsize|p2|4
|start
|switch|p1a: Floette|Floette-Eternal, L50, F|100/100
|switch|p1b: Sinistcha|Sinistcha, L50|100/100
|switch|p2a: Whimsicott|Whimsicott, L50, M|100/100
|switch|p2b: Incineroar|Incineroar, L50, F|100/100
|-ability|p2b: Incineroar|Intimidate|boost
|-unboost|p1a: Floette|atk|1
|-block|p1b: Sinistcha|ability: Flower Veil|[of] p1a: Floette
|turn|1
|
|t:|1785437058
|detailschange|p1a: Floette|Floette-Mega, L50, F
|-mega|p1a: Floette|Floette|Floettite
|-ability|p1a: Floette|Fairy Aura
|move|p2b: Incineroar|Fake Out|p1a: Floette
|-damage|p1a: Floette|89/100
|move|p2a: Whimsicott|Taunt|p1b: Sinistcha
|-start|p1b: Sinistcha|move: Taunt
|cant|p1a: Floette|flinch
|cant|p1b: Sinistcha|move: Taunt|Trick Room
|
|upkeep
|turn|2
|
|t:|1785437075
|switch|p1b: Aerodactyl|Aerodactyl, L50, F|100/100
|-ability|p1b: Aerodactyl|Unnerve
|move|p2a: Whimsicott|Tailwind|p2a: Whimsicott
|-sidestart|p2: raichuwatch|move: Tailwind
|move|p2b: Incineroar|Parting Shot|p1a: Floette
|-unboost|p1a: Floette|atk|1
|-unboost|p1a: Floette|spa|1
|
|t:|1785437085
|switch|p2b: Mawile|Mawile, L50, M, shiny|100/100|[from] Parting Shot
|move|p1a: Floette|Calm Mind|p1a: Floette
|-boost|p1a: Floette|spa|1
|-boost|p1a: Floette|spd|1
|
|upkeep
|turn|3
|
|t:|1785437100
|detailschange|p2b: Mawile|Mawile-Mega, L50, M, shiny
|-mega|p2b: Mawile|Mawile|Mawilite
|move|p2a: Whimsicott|Taunt|p1a: Floette
|-start|p1a: Floette|move: Taunt
|move|p1b: Aerodactyl|Tailwind|p1b: Aerodactyl
|-sidestart|p1: Desirety|move: Tailwind
|move|p1a: Floette|Dazzling Gleam|p2b: Mawile|[spread] p2a,p2b
|-resisted|p2b: Mawile|1
|-damage|p2a: Whimsicott|36/100
|-damage|p2b: Mawile|74/100
|move|p2b: Mawile|Iron Head|p1b: Aerodactyl
|-supereffective|p1b: Aerodactyl|1
|-damage|p1b: Aerodactyl|0 fnt
|faint|p1b: Aerodactyl
|
|upkeep
|
|t:|1785437106
|switch|p1b: Kingambit|Kingambit, L50, M, shiny|100/100
|turn|4
|
|t:|1785437132
|switch|p1a: Sinistcha|Sinistcha, L50|100/100
|move|p2a: Whimsicott|Moonblast|p1b: Kingambit
|-damage|p1b: Kingambit|71/100
|move|p1b: Kingambit|Low Kick|p2b: Mawile
|-damage|p2b: Mawile|55/100
|-damage|p1b: Kingambit|62/100|[from] item: Life Orb
|move|p2b: Mawile|Iron Head|p1a: Sinistcha
|-damage|p1a: Sinistcha|39/100
|
|upkeep
|turn|5
|
|t:|1785437148
|move|p2a: Whimsicott|Moonblast|p1a: Sinistcha
|-damage|p1a: Sinistcha|11/100
|move|p1a: Sinistcha|Matcha Gotcha|p2a: Whimsicott|[spread] p2a,p2b
|-resisted|p2a: Whimsicott|1
|-resisted|p2b: Mawile|1
|-damage|p2a: Whimsicott|20/100y
|-heal|p1a: Sinistcha|19/100|[from] drain|[of] p2a: Whimsicott
|-damage|p2b: Mawile|41/100
|-heal|p1a: Sinistcha|25/100|[from] drain|[of] p2b: Mawile
|-status|p2b: Mawile|brn
|move|p1b: Kingambit|Low Kick|p2b: Mawile
|-damage|p2b: Mawile|22/100 brn
|-damage|p1b: Kingambit|52/100|[from] item: Life Orb
|move|p2b: Mawile|Play Rough|p1b: Kingambit
|-damage|p1b: Kingambit|20/100y
|
|-damage|p2b: Mawile|17/100 brn|[from] brn
|-sideend|p2: raichuwatch|move: Tailwind
|upkeep
|turn|6
|
|t:|1785437182
|move|p1a: Sinistcha|Rage Powder|p1a: Sinistcha
|-singleturn|p1a: Sinistcha|move: Rage Powder
|move|p1b: Kingambit|Kowtow Cleave|p2a: Whimsicott
|-resisted|p2a: Whimsicott|1
|-damage|p2a: Whimsicott|0 fnt
|faint|p2a: Whimsicott
|-damage|p1b: Kingambit|11/100|[from] item: Life Orb
|move|p2b: Mawile|Iron Head|p1a: Sinistcha
|-damage|p1a: Sinistcha|0 fnt
|faint|p1a: Sinistcha
|
|-damage|p2b: Mawile|11/100 brn|[from] brn
|-sideend|p1: Desirety|move: Tailwind
|upkeep
|
|t:|1785437200
|switch|p2a: Glimmora|Glimmora, L50, M, shiny|100/100
|switch|p1a: Floette|Floette-Mega, L50, F|89/100
|-ability|p1a: Floette|Fairy Aura
|turn|7
|
|t:|1785437212
|move|p1b: Kingambit|Sucker Punch|p2b: Mawile
|-resisted|p2b: Mawile|1
|-damage|p2b: Mawile|0 fnt
|faint|p2b: Mawile
|-damage|p1b: Kingambit|1/100|[from] item: Life Orb
|move|p2a: Glimmora|Sludge Bomb|p1a: Floette
|-supereffective|p1a: Floette|1
|-damage|p1a: Floette|19/100
|move|p1a: Floette|Calm Mind|p1a: Floette
|-boost|p1a: Floette|spa|1
|-boost|p1a: Floette|spd|1
|
|upkeep
|
|t:|1785437223
|switch|p2b: Incineroar|Incineroar, L50, F|100/100
|-ability|p2b: Incineroar|Intimidate|boost
|-unboost|p1a: Floette|atk|1
|-unboost|p1b: Kingambit|atk|1
|-ability|p1b: Kingambit|Defiant|boost
|-boost|p1b: Kingambit|atk|2
|turn|8
|
|t:|1785437239
|move|p1a: Floette|Protect|p1a: Floette
|-singleturn|p1a: Floette|Protect
|move|p1b: Kingambit|Protect|p1b: Kingambit
|-singleturn|p1b: Kingambit|Protect
|move|p2b: Incineroar|Fake Out|p1b: Kingambit
|-activate|p1b: Kingambit|move: Protect
|move|p2a: Glimmora|Sludge Bomb|p1a: Floette
|-activate|p1a: Floette|move: Protect
|
|upkeep
|turn|9
|
|t:|1785437255
|move|p1b: Kingambit|Sucker Punch|p2a: Glimmora
|-damage|p2a: Glimmora|9/100
|-activate|p2a: Glimmora|ability: Toxic Debris
|-sidestart|p1: Desirety|move: Toxic Spikes
|-damage|p1b: Kingambit|0 fnt|[from] item: Life Orb
|faint|p1b: Kingambit
|move|p2a: Glimmora|Dazzling Gleam|p1a: Floette
|-damage|p1a: Floette|2/100
|move|p1a: Floette|Draining Kiss|p2b: Incineroar
|-damage|p2b: Incineroar|54/100
|-heal|p1a: Floette|40/100|[from] drain|[of] p2b: Incineroar
|move|p2b: Incineroar|Flare Blitz|p1a: Floette
|-damage|p1a: Floette|0 fnt
|faint|p1a: Floette
|-damage|p2b: Incineroar|43/100|[from] Recoil
|-enditem|p2b: Incineroar|Sitrus Berry|[eat]
|-heal|p2b: Incineroar|67/100|[from] item: Sitrus Berry
|
|win|raichuwatch
|inactive|Desirety has 30 seconds to confirm battle start!
|inactive|raichuwatch has 30 seconds to confirm battle start!
||Desirety is ready for game 2.
|inactive|raichuwatch has 20 seconds to confirm battle start!
||raichuwatch is ready for game 2.
|uhtml|next|Next: Game 2 of 3
|l|☆raichuwatch
|player|p2|
