|j|☆the bags12
|j|☆new mental
|html|the bags12new mental    
|uhtml|bestof|Game 1 of a best-of-3
|t:|1785606662
|gametype|doubles
|player|p1|the bags12|falkner|1271
|player|p2|new mental|volkner|1356
|gen|9
|tier|[Gen 9 Champions] VGC 2026 Reg M-B (Bo3)
|rated|
|rule|Species Clause: Limit one of each Pokémon
|rule|Item Clause: Limit 1 of each item
|clearpoke
|poke|p1|Staraptor, L50, M, shiny|
|poke|p1|Garchomp, L50, M, shiny|
|poke|p1|Basculegion, L50, M, shiny|
|poke|p1|Scizor, L50, M, shiny|
|poke|p1|Grimmsnarl, L50, M, shiny|
|poke|p1|Incineroar, L50, M, shiny|
|poke|p2|Charizard, L50, F|
|poke|p2|Garchomp, L50, F|
|poke|p2|Incineroar, L50, F|
|poke|p2|Venusaur, L50, F|
|poke|p2|Toxapex, L50, M|
|poke|p2|Sylveon, L50, M|
|teampreview|4
|showteam|p1|Staraptor||Staraptite|Intimidate|CloseCombat,DualWingbeat,Roost,Protect|Adamant||M|||50|]Garchomp||LifeOrb|RoughSkin|DragonClaw,Earthquake,IronHead,RockSlide|Adamant||M|||50|]Basculegion||ChoiceScarf|Adaptability|LastRespects,WaveCrash,AquaJet,FlipTurn|Jolly||M|||50|]Scizor||MetalCoat|Technician|Uturn,BulletPunch,KnockOff,CloseCombat|Brave||M|||50|]Grimmsnarl||LightClay|Prankster|PartingShot,ScaryFace,Reflect,LightScreen|Calm||M|||50|]Incineroar||Leftovers|Intimidate|FlareBlitz,PartingShot,FakeOut,DarkestLariat|Adamant||M|||50|
|showteam|p2|Charizard||CharizarditeY|Blaze|WeatherBall,HeatWave,AncientPower,Protect|Modest||F|||50|]Garchomp||ChoiceScarf|RoughSkin|RockSlide,DragonClaw,Earthquake,StompingTantrum|Adamant||F|||50|]Incineroar||SitrusBerry|Intimidate|FlareBlitz,FakeOut,DarkestLariat,PartingShot|Impish||F|||50|]Venusaur||LifeOrb|Chlorophyll|SludgeBomb,LeafStorm,EarthPower,Protect|Modest||F|||50|]Toxapex||Leftovers|Regenerator|Infestation,Toxic,WideGuard,BanefulBunker|Bold||M|||50|]Sylveon||FairyFeather|Pixilate|HyperVoice,QuickAttack,Yawn,Detect|Modest||M|||50|
|inactive|Battle timer is ON: inactive players will automatically lose when time's up. (requested by the bags12)
|inactive|the bags12 has 60 seconds left.
|
|t:|1785606694
|teamsize|p1|4
|teamsize|p2|4
|start
|switch|p1a: Haaland|Grimmsnarl, L50, M, shiny|100/100
|switch|p1b: Mighty Eagle|Staraptor, L50, M, shiny|100/100
|switch|p2a: Charizard|Charizard, L50, F|100/100
|switch|p2b: Toxapex|Toxapex, L50, M|100/100
|-ability|p1b: Mighty Eagle|Intimidate|boost
|-unboost|p2a: Charizard|atk|1
|-unboost|p2b: Toxapex|atk|1
|turn|1
|
|t:|1785606706
|detailschange|p2a: Charizard|Charizard-Mega-Y, L50, F
|-mega|p2a: Charizard|Charizard|Charizardite Y
|-weather|SunnyDay|[from] ability: Drought|[of] p2a: Charizard
|detailschange|p1b: Mighty Eagle|Staraptor-Mega, L50, M, shiny
|-mega|p1b: Mighty Eagle|Staraptor|Staraptite
|move|p1a: Haaland|Scary Face|p1b: Mighty Eagle
|-boost|p1b: Mighty Eagle|spe|2
|move|p1b: Mighty Eagle|Close Combat|p2a: Charizard
|-resisted|p2a: Charizard|1
|-damage|p2a: Charizard|62/100
|-boost|p1b: Mighty Eagle|def|1
|-boost|p1b: Mighty Eagle|spd|1
|move|p2a: Charizard|Heat Wave|p1b: Mighty Eagle|[spread] p1a
|-miss|p2a: Charizard|p1b: Mighty Eagle
|-damage|p1a: Haaland|50/100g
|move|p2b: Toxapex|Toxic|p1b: Mighty Eagle
|-status|p1b: Mighty Eagle|tox
|
|-weather|SunnyDay|[upkeep]
|-damage|p1b: Mighty Eagle|94/100 tox|[from] psn
|upkeep
|turn|2
|
|t:|1785606720
|move|p1a: Haaland|Parting Shot|p1b: Mighty Eagle
|-boost|p1b: Mighty Eagle|atk|1
|-boost|p1b: Mighty Eagle|spa|1
|
|t:|1785606722
|switch|p1a: Incin|Incineroar, L50, M, shiny|100/100|[from] Parting Shot
|-ability|p1a: Incin|Intimidate|boost
|-unboost|p2a: Charizard|atk|1
|-unboost|p2b: Toxapex|atk|1
|move|p1b: Mighty Eagle|Close Combat|p2b: Toxapex
|-resisted|p2b: Toxapex|1
|-damage|p2b: Toxapex|67/100
|-boost|p1b: Mighty Eagle|def|1
|-boost|p1b: Mighty Eagle|spd|1
|move|p2a: Charizard|Heat Wave|p1b: Mighty Eagle|[spread] p1a,p1b
|-resisted|p1a: Incin|1
|-damage|p1a: Incin|70/100
|-damage|p1b: Mighty Eagle|60/100 tox
|move|p2b: Toxapex|Infestation|p1b: Mighty Eagle
|-resisted|p1b: Mighty Eagle|2
|-damage|p1b: Mighty Eagle|60/100 tox
|-activate|p1b: Mighty Eagle|move: Infestation|[of] p2b: Toxapex
|
|-weather|SunnyDay|[upkeep]
|-heal|p1a: Incin|75/100|[from] item: Leftovers
|-heal|p2b: Toxapex|73/100|[from] item: Leftovers
|-damage|p1b: Mighty Eagle|48/100 tox|[from] psn
|-damage|p1b: Mighty Eagle|36/100 tox|[from] move: Infestation|[partiallytrapped]
|upkeep
|turn|3
|
|t:|1785606742
|move|p1a: Incin|Fake Out|p2a: Charizard
|-damage|p2a: Charizard|47/100
|move|p1b: Mighty Eagle|Roost|p1b: Mighty Eagle
|-heal|p1b: Mighty Eagle|86/100 tox
|-singleturn|p1b: Mighty Eagle|move: Roost
|cant|p2a: Charizard|flinch
|move|p2b: Toxapex|Infestation|p1a: Incin
|-damage|p1a: Incin|72/100
|-activate|p1a: Incin|move: Infestation|[of] p2b: Toxapex
|
|-weather|SunnyDay|[upkeep]
|-heal|p1a: Incin|78/100|[from] item: Leftovers
|-heal|p2b: Toxapex|78/100|[from] item: Leftovers
|-damage|p1b: Mighty Eagle|69/100 tox|[from] psn
|-damage|p1b: Mighty Eagle|57/100 tox|[from] move: Infestation|[partiallytrapped]
|-damage|p1a: Incin|66/100|[from] move: Infestation|[partiallytrapped]
|upkeep
|turn|4
|
|t:|1785606764
|move|p1b: Mighty Eagle|Dual Wingbeat|p2b: Toxapex
|-damage|p2b: Toxapex|55/100
|-damage|p2b: Toxapex|30/100
|-hitcount|p2b: Toxapex|2
|move|p2a: Charizard|Weather Ball|p1b: Mighty Eagle
|-damage|p1b: Mighty Eagle|12/100 tox
|move|p1a: Incin|Parting Shot|p1b: Mighty Eagle
|-boost|p1b: Mighty Eagle|atk|1
|-boost|p1b: Mighty Eagle|spa|1
|
|t:|1785606771
|switch|p1a: Haaland|Grimmsnarl, L50, M, shiny|50/100g|[from] Parting Shot
|move|p2b: Toxapex|Toxic|p1a: Haaland
|-status|p1a: Haaland|tox
|
|-weather|SunnyDay|[upkeep]
|-heal|p2b: Toxapex|36/100|[from] item: Leftovers
|-damage|p1b: Mighty Eagle|0 fnt|[from] psn
|faint|p1b: Mighty Eagle
|-damage|p1a: Haaland|45/100 tox|[from] psn
|upkeep
|
|t:|1785606777
|switch|p1b: Incin|Incineroar, L50, M, shiny|66/100
|-ability|p1b: Incin|Intimidate|boost
|-unboost|p2a: Charizard|atk|1
|-unboost|p2b: Toxapex|atk|1
|turn|5
|
|t:|1785606781
|switch|p2a: Incineroar|Incineroar, L50, F|100/100
|-ability|p2a: Incineroar|Intimidate|boost
|-unboost|p1a: Haaland|atk|1
|-unboost|p1b: Incin|atk|1
|move|p1a: Haaland|Light Screen|p1a: Haaland
|-sidestart|p1: the bags12|move: Light Screen
|move|p1b: Incin|Darkest Lariat|p2b: Toxapex
|-damage|p2b: Toxapex|17/100
|move|p2b: Toxapex|Toxic|p1b: Incin
|-status|p1b: Incin|tox
|
|-weather|none
|-heal|p1b: Incin|72/100 tox|[from] item: Leftovers
|-heal|p2b: Toxapex|22/100|[from] item: Leftovers
|-damage|p1a: Haaland|33/100 tox|[from] psn
|-damage|p1b: Incin|66/100 tox|[from] psn
|upkeep
|turn|6
|inactive|the bags12 has 30 seconds left.
|inactive|the bags12 has 20 seconds left.
|inactive|the bags12 has 15 seconds left.
|inactive|the bags12 has 10 seconds left.
|
|t:|1785606827
|-heal|p2b: Toxapex|56/100|[from] ability: Regenerator|[silent]
|switch|p2b: Charizard|Charizard-Mega-Y, L50, F|47/100
|-weather|SunnyDay|[from] ability: Drought|[of] p2b: Charizard
|move|p1a: Haaland|Parting Shot|p2a: Incineroar
|-hint|Since gen 7, Dark is immune to Prankster moves.
|-immune|p2a: Incineroar
|move|p1b: Incin|Darkest Lariat|p2b: Charizard
|-damage|p2b: Charizard|13/100
|move|p2a: Incineroar|Parting Shot|p1b: Incin
|-unboost|p1b: Incin|atk|1
|-unboost|p1b: Incin|spa|1
|
|t:|1785606833
|switch|p2a: Toxapex|Toxapex, L50, M|56/100|[from] Parting Shot
|
|-weather|SunnyDay|[upkeep]
|-heal|p1b: Incin|72/100 tox|[from] item: Leftovers
|-heal|p2a: Toxapex|61/100|[from] item: Leftovers
|-damage|p1b: Incin|60/100 tox|[from] psn
|-damage|p1a: Haaland|15/100 tox|[from] psn
|upkeep
|turn|7
|inactive|the bags12 has 30 seconds left.
|inactive|the bags12 has 20 seconds left.
|inactive|the bags12 has 15 seconds left.
|inactive|the bags12 has 10 seconds left.
|
|t:|1785606882
|move|p1a: Haaland|Reflect|p1a: Haaland
|-sidestart|p1: the bags12|Reflect
|move|p2b: Charizard|Ancient Power|p1b: Incin
|-supereffective|p1b: Incin|1
|-damage|p1b: Incin|28/100 tox
|move|p1b: Incin|Darkest Lariat|p2a: Toxapex
|-damage|p2a: Toxapex|47/100
|move|p2a: Toxapex|Infestation|p1a: Haaland
|-damage|p1a: Haaland|13/100 tox
|-activate|p1a: Haaland|move: Infestation|[of] p2a: Toxapex
|
|-weather|SunnyDay|[upkeep]
|-heal|p1b: Incin|34/100 tox|[from] item: Leftovers
|-heal|p2a: Toxapex|53/100|[from] item: Leftovers
|-damage|p1a: Haaland|0 fnt|[from] psn
|faint|p1a: Haaland
|-damage|p1b: Incin|17/100 tox|[from] psn
|upkeep
|
|t:|1785606895
|switch|p1a: fih|Basculegion, L50, M, shiny|100/100
|turn|8
|
|t:|1785606903
|switch|p2b: Incineroar|Incineroar, L50, F|100/100
|-ability|p2b: Incineroar|Intimidate|boost
|-unboost|p1a: fih|atk|1
|-unboost|p1b: Incin|atk|1
|move|p2a: Toxapex|Baneful Bunker|p2a: Toxapex
|-singleturn|p2a: Toxapex|move: Protect
|move|p1a: fih|Last Respects|p2a: Toxapex
|-activate|p2a: Toxapex|move: Protect
|move|p1b: Incin|Darkest Lariat|p2b: Incineroar
|-resisted|p2b: Incineroar|1
|-damage|p2b: Incineroar|93/100
|
|-weather|SunnyDay|[upkeep]
|-heal|p1b: Incin|23/100 tox|[from] item: Leftovers
|-heal|p2a: Toxapex|59/100|[from] item: Leftovers
|-damage|p1b: Incin|0 fnt|[from] psn
|faint|p1b: Incin
|upkeep
|turn|9
|-message|the bags12 forfeited.
|
|win|new mental
