|j|☆Tyho45
|j|☆imptumnus
|html|Tyho45imptumnus    
|uhtml|bestof|Game 1 of a best-of-3
|t:|1783520924
|gametype|doubles
|player|p1|Tyho45|n|1148
|player|p2|imptumnus|marlon|1077
|gen|9
|tier|[Gen 9 Champions] VGC 2026 Reg M-B (Bo3)
|rated|
|rule|Species Clause: Limit one of each Pokémon
|rule|Item Clause: Limit 1 of each item
|clearpoke
|poke|p1|Incineroar, L50, F|
|poke|p1|Ceruledge, L50, M|
|poke|p1|Sinistcha-Masterpiece, L50|
|poke|p1|Glimmora, L50, F|
|poke|p1|Dragonite, L50, F|
|poke|p1|Ninetales-Alola, L50, M|
|poke|p2|Sneasler, L50, M|
|poke|p2|Blastoise, L50, M|
|poke|p2|Kingambit, L50, M|
|poke|p2|Incineroar, L50, M|
|poke|p2|Delphox, L50, F|
|poke|p2|Sinistcha, L50|
|teampreview|4
|showteam|p1|Incineroar||ChopleBerry|Intimidate|PartingShot,ThroatChop,FlareBlitz,FakeOut|Impish||F|||50|]Ceruledge||ColburBerry|FlashFire|BulkUp,Protect,ShadowSneak,BitterBlade|Adamant||M|||50|]Sinistcha-Masterpiece||SitrusBerry|Hospitality|LifeDew,RagePowder,TrickRoom,MatchaGotcha|Bold|||||50|]Glimmora||Glimmoranite|ToxicDebris|SpikyShield,EarthPower,SludgeBomb,PowerGem|Timid||F|||50|]Dragonite||Dragoninite|Multiscale|DracoMeteor,Thunderbolt,Tailwind,Protect|Calm||F|||50|]Ninetales-Alola||ChoiceScarf|SnowWarning|FreezeDry,Blizzard,IcyWind,Moonblast|Timid||M|||50|
|showteam|p2|Sneasler||FocusSash|PoisonTouch|PoisonJab,CloseCombat,FakeOut,QuickGuard|Jolly||M|||50|]Blastoise||Blastoisinite|RainDish|DarkPulse,WaterSpout,ShellSmash,Protect|Modest||M|||50|]Kingambit||BlackGlasses|Defiant|KowtowCleave,SuckerPunch,SwordsDance,Protect|Adamant||M|||50|]Incineroar||SitrusBerry|Intimidate|FlareBlitz,HelpingHand,PartingShot,FakeOut|Careful||M|||50|]Delphox||Delphoxite|Blaze|HeatWave,NastyPlot,Psyshock,Protect|Modest||F|||50|]Sinistcha||KasibBerry|Hospitality|MatchaGotcha,RagePowder,TrickRoom,Protect|Bold|||||50|
|c|☆imptumnus|glhf
|
|t:|1783520996
|teamsize|p1|4
|teamsize|p2|4
|start
|switch|p1a: Incineroar|Incineroar, L50, F|100/100
|switch|p1b: Dragonite|Dragonite, L50, F|100/100
|switch|p2a: Kingambit|Kingambit, L50, M|100/100
|switch|p2b: Incineroar|Incineroar, L50, M|100/100
|-ability|p2b: Incineroar|Intimidate|boost
|-unboost|p1a: Incineroar|atk|1
|-unboost|p1b: Dragonite|atk|1
|-ability|p1a: Incineroar|Intimidate|boost
|-unboost|p2a: Kingambit|atk|1
|-ability|p2a: Kingambit|Defiant|boost
|-boost|p2a: Kingambit|atk|2
|-unboost|p2b: Incineroar|atk|1
|turn|1
|
|t:|1783521027
|detailschange|p1b: Dragonite|Dragonite-Mega, L50, F
|-mega|p1b: Dragonite|Dragonite|Dragoninite
|move|p2a: Kingambit|Protect|p2a: Kingambit
|-singleturn|p2a: Kingambit|Protect
|move|p2b: Incineroar|Fake Out|p1a: Incineroar
|-crit|p1a: Incineroar
|-damage|p1a: Incineroar|87/100
|move|p1b: Dragonite|Tailwind|p1b: Dragonite
|-sidestart|p1: Tyho45|move: Tailwind
|cant|p1a: Incineroar|flinch
|
|upkeep
|turn|2
|
|t:|1783521053
|switch|p2a: Blastoise|Blastoise, L50, M|100/100
|move|p1b: Dragonite|Thunderbolt|p2a: Blastoise
|-supereffective|p2a: Blastoise|1
|-damage|p2a: Blastoise|34/100
|move|p1a: Incineroar|Flare Blitz|p2a: Blastoise
|-resisted|p2a: Blastoise|1
|-damage|p2a: Blastoise|16/100
|-damage|p1a: Incineroar|83/100|[from] Recoil
|move|p2b: Incineroar|Parting Shot|p1b: Dragonite
|-unboost|p1b: Dragonite|atk|1
|-unboost|p1b: Dragonite|spa|1
|
|t:|1783521066
|switch|p2b: Kingambit|Kingambit, L50, M|100/100|[from] Parting Shot
|
|upkeep
|turn|3
|
|t:|1783521094
|switch|p2a: Incineroar|Incineroar, L50, M|100/100
|-ability|p2a: Incineroar|Intimidate|boost
|-unboost|p1a: Incineroar|atk|1
|-unboost|p1b: Dragonite|atk|1
|move|p2b: Kingambit|Sucker Punch|p1b: Dragonite
|-damage|p1b: Dragonite|85/100
|move|p1b: Dragonite|Thunderbolt|p2b: Kingambit
|-damage|p2b: Kingambit|83/100
|move|p1a: Incineroar|Flare Blitz|p2b: Kingambit
|-supereffective|p2b: Kingambit|1
|-damage|p2b: Kingambit|48/100
|-damage|p1a: Incineroar|71/100|[from] Recoil
|
|upkeep
|turn|4
|
|t:|1783521119
|switch|p1b: Sinistcha|Sinistcha-Masterpiece, L50|100/100
|-heal|p1a: Incineroar|96/100|[from] ability: Hospitality|[of] p1b: Sinistcha
|move|p2b: Kingambit|Protect|p2b: Kingambit
|-singleturn|p2b: Kingambit|Protect
|move|p2a: Incineroar|Fake Out|p1b: Sinistcha
|-immune|p1b: Sinistcha
|move|p1a: Incineroar|Flare Blitz|p2b: Kingambit
|-activate|p2b: Kingambit|move: Protect
|
|-sideend|p1: Tyho45|move: Tailwind
|upkeep
|turn|5
|
|t:|1783521143
|move|p1b: Sinistcha|Rage Powder|p1b: Sinistcha
|-singleturn|p1b: Sinistcha|move: Rage Powder
|move|p2a: Incineroar|Parting Shot|p1b: Sinistcha
|-unboost|p1b: Sinistcha|atk|1
|-unboost|p1b: Sinistcha|spa|1
|
|t:|1783521150
|switch|p2a: Sinistcha|Sinistcha, L50|100/100|[from] Parting Shot
|-heal|p2b: Kingambit|72/100|[from] ability: Hospitality|[of] p2a: Sinistcha
|move|p1a: Incineroar|Flare Blitz|p2b: Kingambit
|-supereffective|p2b: Kingambit|1
|-damage|p2b: Kingambit|41/100
|-damage|p1a: Incineroar|85/100|[from] Recoil
|move|p2b: Kingambit|Swords Dance|p2b: Kingambit
|-boost|p2b: Kingambit|atk|2
|
|upkeep
|turn|6
|
|t:|1783521185
|switch|p1a: Dragonite|Dragonite-Mega, L50, F|85/100
|move|p2b: Kingambit|Protect|p2b: Kingambit
|-singleturn|p2b: Kingambit|Protect
|move|p1b: Sinistcha|Rage Powder|p1b: Sinistcha
|-singleturn|p1b: Sinistcha|move: Rage Powder
|move|p2a: Sinistcha|Trick Room|p2a: Sinistcha
|-fieldstart|move: Trick Room|[of] p2a: Sinistcha
|
|upkeep
|turn|7
|
|t:|1783521215
|move|p2b: Kingambit|Kowtow Cleave|p1a: Dragonite
|-damage|p1a: Dragonite|11/100
|move|p1b: Sinistcha|Life Dew||[still]|[spread] p1a,p1b
|-heal|p1a: Dragonite|36/100
|-fail|p1b: Sinistcha|heal
|move|p2a: Sinistcha|Matcha Gotcha|p1b: Sinistcha|[spread] p1a,p1b
|-resisted|p1a: Dragonite|2
|-resisted|p1b: Sinistcha|1
|-damage|p1a: Dragonite|32/100
|-damage|p1b: Sinistcha|88/100
|move|p1a: Dragonite|Draco Meteor|p2b: Kingambit
|-resisted|p2b: Kingambit|1
|-crit|p2b: Kingambit
|-damage|p2b: Kingambit|4/100
|-unboost|p1a: Dragonite|spa|2
|
|upkeep
|turn|8
|
|t:|1783521236
|switch|p2b: Incineroar|Incineroar, L50, M|100/100
|-ability|p2b: Incineroar|Intimidate|boost
|-unboost|p1a: Dragonite|atk|1
|-unboost|p1b: Sinistcha|atk|1
|move|p1b: Sinistcha|Matcha Gotcha|p2a: Sinistcha|[spread] p2a,p2b
|-resisted|p2a: Sinistcha|1
|-resisted|p2b: Incineroar|1
|-damage|p2a: Sinistcha|93/100
|-heal|p1b: Sinistcha|91/100|[from] drain|[of] p2a: Sinistcha
|-damage|p2b: Incineroar|93/100
|-heal|p1b: Sinistcha|95/100|[from] drain|[of] p2b: Incineroar
|move|p2a: Sinistcha|Matcha Gotcha|p1a: Dragonite|[spread] p1a,p1b
|-resisted|p1a: Dragonite|2
|-resisted|p1b: Sinistcha|1
|-damage|p1a: Dragonite|29/100
|-heal|p2a: Sinistcha|95/100|[from] drain|[of] p1a: Dragonite
|-damage|p1b: Sinistcha|83/100
|-heal|p2a: Sinistcha|100/100|[from] drain|[of] p1b: Sinistcha
|move|p1a: Dragonite|Draco Meteor|p2b: Incineroar
|-damage|p2b: Incineroar|69/100
|-unboost|p1a: Dragonite|spa|2
|
|upkeep
|turn|9
|
|t:|1783521262
|move|p1a: Dragonite|Protect|p1a: Dragonite
|-singleturn|p1a: Dragonite|Protect
|move|p2b: Incineroar|Fake Out|p1a: Dragonite
|-activate|p1a: Dragonite|move: Protect
|move|p1b: Sinistcha|Life Dew|p1b: Sinistcha|[spread] p1a,p1b
|-heal|p1a: Dragonite|54/100
|-heal|p1b: Sinistcha|100/100
|move|p2a: Sinistcha|Matcha Gotcha|p1a: Dragonite|[spread] p1b
|-activate|p1a: Dragonite|move: Protect
|-resisted|p1b: Sinistcha|1
|-damage|p1b: Sinistcha|88/100
|
|upkeep
|turn|10
|
|t:|1783521282
|switch|p1a: Incineroar|Incineroar, L50, F|85/100
|-ability|p1a: Incineroar|Intimidate|boost
|-unboost|p2a: Sinistcha|atk|1
|-unboost|p2b: Incineroar|atk|1
|move|p1b: Sinistcha|Life Dew|p1b: Sinistcha|[spread] p1a,p1b
|-heal|p1a: Incineroar|100/100
|-heal|p1b: Sinistcha|100/100
|move|p2a: Sinistcha|Matcha Gotcha|p1b: Sinistcha|[spread] p1a,p1b
|-resisted|p1a: Incineroar|1
|-resisted|p1b: Sinistcha|1
|-damage|p1a: Incineroar|91/100
|-damage|p1b: Sinistcha|88/100
|move|p2b: Incineroar|Flare Blitz|p1b: Sinistcha
|-supereffective|p1b: Sinistcha|1
|-damage|p1b: Sinistcha|33/100
|-enditem|p1b: Sinistcha|Sitrus Berry|[eat]
|-heal|p1b: Sinistcha|58/100|[from] item: Sitrus Berry
|-damage|p2b: Incineroar|53/100|[from] Recoil
|
|-fieldend|move: Trick Room
|upkeep
|turn|11
|
|t:|1783521315
|switch|p1b: Glimmora|Glimmora, L50, F|100/100
|move|p2a: Sinistcha|Protect|p2a: Sinistcha
|-singleturn|p2a: Sinistcha|Protect
|move|p2b: Incineroar|Parting Shot|p1a: Incineroar
|-unboost|p1a: Incineroar|atk|1
|-unboost|p1a: Incineroar|spa|1
|
|t:|1783521327
|switch|p2b: Blastoise|Blastoise, L50, M|16/100|[from] Parting Shot
|move|p1a: Incineroar|Flare Blitz|p2a: Sinistcha
|-activate|p2a: Sinistcha|move: Protect
|
|upkeep
|turn|12
|inactive|Battle timer is ON: inactive players will automatically lose when time's up. (requested by Tyho45)
|
|t:|1783521355
|detailschange|p2b: Blastoise|Blastoise-Mega, L50, M
|-mega|p2b: Blastoise|Blastoise|Blastoisinite
|move|p1b: Glimmora|Power Gem|p2b: Blastoise
|-damage|p2b: Blastoise|0 fnt
|faint|p2b: Blastoise
|move|p2a: Sinistcha|Matcha Gotcha|p1b: Glimmora|[spread] p1a,p1b
|-resisted|p1a: Incineroar|1
|-damage|p1a: Incineroar|80/100
|-damage|p1b: Glimmora|66/100
|-status|p1b: Glimmora|brn
|move|p1a: Incineroar|Flare Blitz|p2a: Sinistcha
|-supereffective|p2a: Sinistcha|1
|-damage|p2a: Sinistcha|49/100
|-damage|p1a: Incineroar|65/100|[from] Recoil
|
|-damage|p1b: Glimmora|60/100 brn|[from] brn
|upkeep
|
|t:|1783521370
|switch|p2b: Kingambit|Kingambit, L50, M|4/100
|turn|13
|
|t:|1783521383
|move|p2b: Kingambit|Protect|p2b: Kingambit
|-singleturn|p2b: Kingambit|Protect
|move|p1b: Glimmora|Power Gem|p2b: Kingambit
|-activate|p2b: Kingambit|move: Protect
|move|p2a: Sinistcha|Matcha Gotcha|p1a: Incineroar|[spread] p1a,p1b
|-resisted|p1a: Incineroar|1
|-damage|p1a: Incineroar|56/100
|-heal|p2a: Sinistcha|55/100|[from] drain|[of] p1a: Incineroar
|-damage|p1b: Glimmora|26/100 brn
|-heal|p2a: Sinistcha|70/100|[from] drain|[of] p1b: Glimmora
|move|p1a: Incineroar|Flare Blitz|p2a: Sinistcha
|-supereffective|p2a: Sinistcha|1
|-damage|p2a: Sinistcha|11/100
|-damage|p1a: Incineroar|39/100|[from] Recoil
|
|-damage|p1b: Glimmora|20/100y brn|[from] brn
|upkeep
|turn|14
|
|t:|1783521408
|switch|p1b: Sinistcha|Sinistcha-Masterpiece, L50|58/100
|-heal|p1a: Incineroar|64/100|[from] ability: Hospitality|[of] p1b: Sinistcha
|move|p2b: Kingambit|Sucker Punch||[still]
|-fail|p2b: Kingambit
|move|p2a: Sinistcha|Matcha Gotcha|p1b: Sinistcha|[spread] p1a,p1b
|-resisted|p1a: Incineroar|1
|-resisted|p1b: Sinistcha|1
|-damage|p1a: Incineroar|53/100
|-heal|p2a: Sinistcha|17/100|[from] drain|[of] p1a: Incineroar
|-damage|p1b: Sinistcha|47/100
|-heal|p2a: Sinistcha|23/100|[from] drain|[of] p1b: Sinistcha
|move|p1a: Incineroar|Flare Blitz|p2b: Kingambit
|-supereffective|p2b: Kingambit|1
|-damage|p2b: Kingambit|0 fnt
|faint|p2b: Kingambit
|-damage|p1a: Incineroar|52/100|[from] Recoil
|
|upkeep
|
|t:|1783521426
|switch|p2b: Incineroar|Incineroar, L50, M|53/100
|-ability|p2b: Incineroar|Intimidate|boost
|-unboost|p1a: Incineroar|atk|1
|-unboost|p1b: Sinistcha|atk|1
|turn|15
|
|t:|1783521449
|switch|p1b: Glimmora|Glimmora, L50, F|20/100y brn
|move|p2b: Incineroar|Flare Blitz|p1b: Glimmora
|-resisted|p1b: Glimmora|1
|-damage|p1b: Glimmora|0 fnt
|-activate|p1b: Glimmora|ability: Toxic Debris
|-sidestart|p2: imptumnus|move: Toxic Spikes
|faint|p1b: Glimmora
|-damage|p2b: Incineroar|48/100|[from] Recoil
|-enditem|p2b: Incineroar|Sitrus Berry|[eat]
|-heal|p2b: Incineroar|72/100|[from] item: Sitrus Berry
|move|p1a: Incineroar|Parting Shot|p2b: Incineroar
|-unboost|p2b: Incineroar|atk|1
|-unboost|p2b: Incineroar|spa|1
|
|t:|1783521471
|switch|p1a: Dragonite|Dragonite-Mega, L50, F|54/100|[from] Parting Shot
|move|p2a: Sinistcha|Trick Room|p2a: Sinistcha
|-fieldstart|move: Trick Room|[of] p2a: Sinistcha
|
|upkeep
|
|t:|1783521479
|switch|p1b: Incineroar|Incineroar, L50, F|52/100
|-ability|p1b: Incineroar|Intimidate|boost
|-unboost|p2a: Sinistcha|atk|1
|-unboost|p2b: Incineroar|atk|1
|turn|16
|
|t:|1783521489
|move|p2b: Incineroar|Helping Hand|p2a: Sinistcha
|-singleturn|p2a: Sinistcha|Helping Hand|[of] p2b: Incineroar
|move|p1b: Incineroar|Flare Blitz|p2a: Sinistcha
|-supereffective|p2a: Sinistcha|1
|-damage|p2a: Sinistcha|0 fnt
|faint|p2a: Sinistcha
|-damage|p1b: Incineroar|45/100|[from] Recoil
|move|p1a: Dragonite|Draco Meteor|p2b: Incineroar|[miss]
|-miss|p1a: Dragonite|p2b: Incineroar
|
|upkeep
|turn|17
|
|t:|1783521501
|move|p1b: Incineroar|Flare Blitz|p2b: Incineroar
|-resisted|p2b: Incineroar|1
|-damage|p2b: Incineroar|49/100
|-damage|p1b: Incineroar|37/100|[from] Recoil
|move|p2b: Incineroar|Flare Blitz|p1a: Dragonite
|-resisted|p1a: Dragonite|1
|-damage|p1a: Dragonite|45/100
|-damage|p2b: Incineroar|46/100|[from] Recoil
|move|p1a: Dragonite|Draco Meteor|p2b: Incineroar
|-damage|p2b: Incineroar|0 fnt
|-unboost|p1a: Dragonite|spa|2
|faint|p2b: Incineroar
|
|win|Tyho45
||imptumnus is ready for game 2.
|inactive|Tyho45 has 30 seconds to confirm battle start!
|inactive|Tyho45 has 20 seconds to confirm battle start!
||Tyho45 is ready for game 2.
|uhtml|next|Next: Game 2 of 3
|l|☆imptumnus
|player|p2|
