|j|☆Juno48
|j|☆Bhfdhvdtjnb
|html|Juno48Bhfdhvdtjnb    
|uhtml|bestof|Game 1 of a best-of-3
|t:|1785923243
|gametype|doubles
|player|p1|Juno48|1|1084
|player|p2|Bhfdhvdtjnb|scientist-gen4|1018
|gen|9
|tier|[Gen 9 Champions] VGC 2026 Reg M-B (Bo3)
|rated|
|rule|Species Clause: Limit one of each Pokémon
|rule|Item Clause: Limit 1 of each item
|clearpoke
|poke|p1|Aerodactyl, L50, M|
|poke|p1|Kingambit, L50, M|
|poke|p1|Sylveon, L50, M|
|poke|p1|Garchomp, L50, F|
|poke|p1|Charizard, L50, F|
|poke|p1|Incineroar, L50, F|
|poke|p2|Sneasler, L50, F|
|poke|p2|Delphox, L50, F|
|poke|p2|Kingambit, L50, F|
|poke|p2|Sinistcha, L50|
|poke|p2|Incineroar, L50, F|
|poke|p2|Blastoise, L50, F|
|teampreview|4
|showteam|p1|Aerodactyl||Aerodactylite|Unnerve|RockSlide,IceFang,Tailwind,WideGuard|Jolly||M|||50|]Kingambit||FocusSash|Defiant|KowtowCleave,SuckerPunch,IronHead,LowKick|Adamant||M|||50|]Sylveon||FairyFeather|Pixilate|Detect,HyperVoice,HyperBeam,QuickAttack|Modest||M|||50|]Garchomp||LifeOrb|RoughSkin|Earthquake,DragonClaw,StompingTantrum,Protect|Jolly||F|||50|]Charizard||CharizarditeY|Blaze|Protect,HeatWave,SolarBeam,WeatherBall|Modest||F|||50|]Incineroar||SitrusBerry|Intimidate|DarkestLariat,FlareBlitz,FakeOut,PartingShot|Impish||F|||50|
|showteam|p2|Sneasler||FocusSash|PoisonTouch|PoisonJab,QuickGuard,CloseCombat,FakeOut|Jolly||F|||50|]Delphox||Delphoxite|Blaze|HeatWave,Psychic,NastyPlot,Protect|Timid||F|||50|]Kingambit||ExpertBelt|Defiant|KowtowCleave,SuckerPunch,IronHead,Protect|Adamant||F|||50|]Sinistcha||ColburBerry|Hospitality|MatchaGotcha,RagePowder,TrickRoom,Protect|Bold|||||50|]Incineroar||SitrusBerry|Intimidate|FlareBlitz,DarkestLariat,PartingShot,FakeOut|Impish||F|||50|]Blastoise||Blastoisinite|RainDish|WaterSpout,DarkPulse,ShellSmash,Protect|Modest||F|||50|
|
|t:|1785923284
|teamsize|p1|4
|teamsize|p2|4
|start
|switch|p1a: Charizard|Charizard, L50, F|100/100
|switch|p1b: Incineroar|Incineroar, L50, F|100/100
|switch|p2a: Sneasler|Sneasler, L50, F|100/100
|switch|p2b: Blastoise|Blastoise, L50, F|100/100
|-ability|p1b: Incineroar|Intimidate|boost
|-unboost|p2a: Sneasler|atk|1
|-unboost|p2b: Blastoise|atk|1
|turn|1
|inactive|Battle timer is ON: inactive players will automatically lose when time's up. (requested by Juno48)
|
|t:|1785923306
|detailschange|p1a: Charizard|Charizard-Mega-Y, L50, F
|-mega|p1a: Charizard|Charizard|Charizardite Y
|-weather|SunnyDay|[from] ability: Drought|[of] p1a: Charizard
|detailschange|p2b: Blastoise|Blastoise-Mega, L50, F
|-mega|p2b: Blastoise|Blastoise|Blastoisinite
|move|p2a: Sneasler|Fake Out|p1a: Charizard
|-damage|p1a: Charizard|89/100
|-status|p1a: Charizard|psn|[from] ability: Poison Touch|[of] p2a: Sneasler
|move|p1b: Incineroar|Fake Out|p2b: Blastoise
|-damage|p2b: Blastoise|90/100
|cant|p1a: Charizard|flinch
|cant|p2b: Blastoise|flinch
|
|-weather|SunnyDay|[upkeep]
|-damage|p1a: Charizard|77/100 psn|[from] psn
|upkeep
|turn|2
|inactive|Juno48 has 30 seconds left.
|inactive|Juno48 has 20 seconds left.
|inactive|Juno48 has 15 seconds left.
|inactive|Juno48 has 10 seconds left.
|inactive|Bhfdhvdtjnb has 30 seconds left.
|inactive|Juno48 has 5 seconds left.
|inactive|Bhfdhvdtjnb has 20 seconds left.
|inactive|Bhfdhvdtjnb has 15 seconds left.
|inactive|Bhfdhvdtjnb has 10 seconds left.
|
|t:|1785923372
|switch|p2a: Incineroar|Incineroar, L50, F|100/100
|-ability|p2a: Incineroar|Intimidate|boost
|-unboost|p1a: Charizard|atk|1
|-unboost|p1b: Incineroar|atk|1
|move|p2b: Blastoise|Protect|p2b: Blastoise
|-singleturn|p2b: Blastoise|Protect
|move|p1a: Charizard|Solar Beam||[still]
|-prepare|p1a: Charizard|Solar Beam
|-anim|p1a: Charizard|Solar Beam|p2b: Blastoise
|-activate|p2b: Blastoise|move: Protect
|move|p1b: Incineroar|Parting Shot|p2a: Incineroar
|-unboost|p2a: Incineroar|atk|1
|-unboost|p2a: Incineroar|spa|1
|
|t:|1785923387
|switch|p1b: Garchomp|Garchomp, L50, F|100/100|[from] Parting Shot
|
|-weather|SunnyDay|[upkeep]
|-damage|p1a: Charizard|64/100 psn|[from] psn
|upkeep
|turn|3
|
|t:|1785923405
|switch|p2b: Sinistcha|Sinistcha, L50|100/100
|move|p2a: Incineroar|Fake Out|p1a: Charizard
|-damage|p1a: Charizard|57/100 psn
|move|p1b: Garchomp|Dragon Claw|p2b: Sinistcha
|-damage|p2b: Sinistcha|53/100
|-damage|p1b: Garchomp|90/100|[from] item: Life Orb
|cant|p1a: Charizard|flinch
|
|-weather|SunnyDay|[upkeep]
|-damage|p1a: Charizard|44/100 psn|[from] psn
|upkeep
|turn|4
|inactive|Juno48 has 30 seconds left.
|
|t:|1785923432
|switch|p2a: Blastoise|Blastoise-Mega, L50, F|90/100
|move|p2b: Sinistcha|Protect|p2b: Sinistcha
|-singleturn|p2b: Sinistcha|Protect
|move|p1b: Garchomp|Earthquake|p2a: Blastoise|[spread] p2a
|-activate|p2b: Sinistcha|move: Protect
|-immune|p1a: Charizard
|-damage|p2a: Blastoise|41/100
|-damage|p1b: Garchomp|80/100|[from] item: Life Orb
|move|p1a: Charizard|Heat Wave|p2b: Sinistcha|[spread] p2a
|-activate|p2b: Sinistcha|move: Protect
|-resisted|p2a: Blastoise|1
|-damage|p2a: Blastoise|10/100
|
|-weather|SunnyDay|[upkeep]
|-damage|p1a: Charizard|32/100 psn|[from] psn
|upkeep
|turn|5
|inactive|Juno48 has 30 seconds left.
|inactive|Bhfdhvdtjnb has 30 seconds left.
|inactive|Juno48 has 20 seconds left.
|inactive|Juno48 has 15 seconds left.
|
|t:|1785923475
|move|p2b: Sinistcha|Rage Powder|p2b: Sinistcha
|-singleturn|p2b: Sinistcha|move: Rage Powder
|move|p1b: Garchomp|Earthquake|p2a: Blastoise|[spread] p2a,p2b
|-immune|p1a: Charizard
|-resisted|p2b: Sinistcha|1
|-damage|p2a: Blastoise|0 fnt
|-damage|p2b: Sinistcha|32/100
|faint|p2a: Blastoise
|-damage|p1b: Garchomp|70/100|[from] item: Life Orb
|move|p1a: Charizard|Heat Wave|p2b: Sinistcha
|-supereffective|p2b: Sinistcha|1
|-damage|p2b: Sinistcha|0 fnt
|faint|p2b: Sinistcha
|
|-weather|none
|-damage|p1a: Charizard|19/100 psn|[from] psn
|upkeep
|
|t:|1785923490
|switch|p2a: Sneasler|Sneasler, L50, F|100/100
|switch|p2b: Incineroar|Incineroar, L50, F|100/100
|-ability|p2b: Incineroar|Intimidate|boost
|-unboost|p1a: Charizard|atk|1
|-unboost|p1b: Garchomp|atk|1
|turn|6
|
|t:|1785923508
|switch|p1b: Incineroar|Incineroar, L50, F|100/100
|-ability|p1b: Incineroar|Intimidate|boost
|-unboost|p2a: Sneasler|atk|1
|-unboost|p2b: Incineroar|atk|1
|move|p2b: Incineroar|Fake Out|p1a: Charizard
|-crit|p1a: Charizard
|-damage|p1a: Charizard|2/100 psn
|move|p2a: Sneasler|Close Combat|p1b: Incineroar
|-supereffective|p1b: Incineroar|1
|-damage|p1b: Incineroar|46/100
|-unboost|p2a: Sneasler|def|1
|-unboost|p2a: Sneasler|spd|1
|-enditem|p1b: Incineroar|Sitrus Berry|[eat]
|-heal|p1b: Incineroar|71/100|[from] item: Sitrus Berry
|cant|p1a: Charizard|flinch
|
|-damage|p1a: Charizard|0 fnt|[from] psn
|faint|p1a: Charizard
|upkeep
|
|t:|1785923524
|switch|p1a: Garchomp|Garchomp, L50, F|70/100
|turn|7
|
|t:|1785923538
|move|p2a: Sneasler|Quick Guard|p2a: Sneasler
|-singleturn|p2a: Sneasler|Quick Guard
|move|p1b: Incineroar|Fake Out|p2a: Sneasler
|-activate|p2a: Sneasler|move: Quick Guard
|move|p1a: Garchomp|Stomping Tantrum|p2a: Sneasler
|-supereffective|p2a: Sneasler|1
|-enditem|p2a: Sneasler|Focus Sash
|-damage|p2a: Sneasler|1/100
|-damage|p1a: Garchomp|60/100|[from] item: Life Orb
|move|p2b: Incineroar|Parting Shot|p1a: Garchomp
|-unboost|p1a: Garchomp|atk|1
|-unboost|p1a: Garchomp|spa|1
|
|upkeep
|turn|8
|inactive|Bhfdhvdtjnb has 30 seconds left.
|inactive|Juno48 has 30 seconds left.
|l|☆Bhfdhvdtjnb
|inactive|Bhfdhvdtjnb disconnected and has a minute to reconnect!
|player|p2|
|inactive|Bhfdhvdtjnb has 20 seconds left.
|inactive|Bhfdhvdtjnb has 15 seconds left.
|inactive|Bhfdhvdtjnb has 10 seconds left.
|inactive|Bhfdhvdtjnb has 5 seconds left.
|-message|Bhfdhvdtjnb lost due to inactivity.
|
|win|Juno48
||Juno48 is ready for game 2.
|inactive|Bhfdhvdtjnb has 25 seconds to reconnect!
|inactive|Bhfdhvdtjnb has 15 seconds to reconnect!
|inactive|Bhfdhvdtjnb has 5 seconds to reconnect!
|raw|Juno48's rating: 1084 → 1106(+22 for winning)
|raw|Bhfdhvdtjnb's rating: 1018 → 1008(-10 for losing)
