|j|☆Chknadobovgc
|j|☆beewatree
|html|Chknadobovgcbeewatree    
|uhtml|bestof|Game 1 of a best-of-3
|t:|1756716709
|gametype|doubles
|player|p1|Chknadobovgc|2|1195
|player|p2|beewatree|whitney|1044
|gen|9
|tier|[Gen 9] VGC 2025 Reg H (Bo3)
|rated|
|rule|Species Clause: Limit one of each Pokémon
|rule|Item Clause: Limit 1 of each item
|clearpoke
|poke|p1|Indeedee, L50, M|
|poke|p1|Sneasler, L50, F|
|poke|p1|Excadrill, L50, M|
|poke|p1|Annihilape, L50, M|
|poke|p1|Corviknight, L50, F|
|poke|p1|Tyranitar, L50, M|
|poke|p2|Amoonguss, L50, F|
|poke|p2|Gholdengo, L50|
|poke|p2|Ursaluna, L50, M|
|poke|p2|Armarouge, L50, F|
|poke|p2|Indeedee-F, L50, F|
|poke|p2|Araquanid, L50, M|
|teampreview|4
|showteam|p1|Indeedee||ChoiceScarf|PsychicSurge|ExpandingForce,TeraBlast,Trick,Protect|||M|||50|,,,,,Psychic]Sneasler||PsychicSeed|Unburden|CloseCombat,DireClaw,ThroatChop,Protect|||F|||50|,,,,,Dark]Excadrill||FocusSash|SandRush|Earthquake,IronHead,HighHorsepower,Protect|||M|||50|,,,,,Stellar]Annihilape||SafetyGoggles|Defiant|CloseCombat,RageFist,Taunt,FinalGambit|||M|||50|,,,,,Water]Corviknight||Leftovers|MirrorArmor|BodyPress,Tailwind,BulkUp,Roost|||F|||50|,,,,,Dragon]Tyranitar||AssaultVest|SandStream|RockSlide,KnockOff,LowKick,TeraBlast|||M|||50|,,,,,Flying
|showteam|p2|Amoonguss||SitrusBerry|Regenerator|RagePowder,Spore,ClearSmog,Protect|||F|||50|,,,,,Fairy]Gholdengo||ChoiceSpecs|GoodasGold|MakeItRain,ShadowBall,Thunderbolt,Trick||||||50|,,,,,Dragon]Ursaluna||FlameOrb|Guts|Facade,Earthquake,HeadlongRush,Protect|||M|||50|,,,,,Ghost]Armarouge||CovertCloak|FlashFire|ExpandingForce,ArmorCannon,WideGuard,TrickRoom|||F|||50|,,,,,Grass]Indeedee-F||PsychicSeed|PsychicSurge|DazzlingGleam,FollowMe,Protect,TrickRoom|||F|||50|,,,,,Fairy]Araquanid||ClearAmulet|WaterBubble|Liquidation,LeechLife,WideGuard,Protect|||M|||50|,,,,,Water
|inactive|Battle timer is ON: inactive players will automatically lose when time's up. (requested by Chknadobovgc)
|inactiveoff|Battle timer is now OFF.
|
|t:|1756716789
|teamsize|p1|4
|teamsize|p2|4
|start
|switch|p1a: Indeedee|Indeedee, L50, M|100/100
|switch|p1b: Annihilape|Annihilape, L50, M, shiny|100/100
|switch|p2a: Gholdengo|Gholdengo, L50|100/100
|switch|p2b: Armarouge|Armarouge, L50, F|100/100
|-fieldstart|move: Psychic Terrain|[from] ability: Psychic Surge|[of] p1a: Indeedee
|turn|1
|inactive|Battle timer is ON: inactive players will automatically lose when time's up. (requested by beewatree)
|
|t:|1756716849
|switch|p1a: Corviknight|Corviknight, L50, F, shiny|100/100
|move|p1b: Annihilape|Taunt|p2b: Armarouge
|-start|p2b: Armarouge|move: Taunt
|move|p2a: Gholdengo|Make It Rain|p1b: Annihilape|[spread] p1a,p1b
|-resisted|p1a: Corviknight
|-damage|p1a: Corviknight|74/100
|-damage|p1b: Annihilape|43/100
|-unboost|p2a: Gholdengo|spa|1
|cant|p2b: Armarouge|move: Taunt|Trick Room
|
|-heal|p1a: Corviknight|79/100|[from] item: Leftovers
|upkeep
|turn|2
|inactive|Chknadobovgc has 30 seconds left.
|inactive|beewatree has 30 seconds left.
|inactive|Chknadobovgc has 20 seconds left.
|inactive|beewatree has 20 seconds left.
|inactive|Chknadobovgc has 15 seconds left.
|inactive|beewatree has 15 seconds left.
|inactive|Chknadobovgc has 10 seconds left.
|
|t:|1756716895
|switch|p2a: Araquanid|Araquanid, L50, M|100/100
|move|p1b: Annihilape|Rage Fist|p2a: Araquanid
|-damage|p2a: Araquanid|54/100
|move|p1a: Corviknight|Bulk Up|p1a: Corviknight
|-boost|p1a: Corviknight|atk|1
|-boost|p1a: Corviknight|def|1
|move|p2b: Armarouge|Armor Cannon|p1a: Corviknight
|-supereffective|p1a: Corviknight
|-crit|p1a: Corviknight
|-damage|p1a: Corviknight|0 fnt
|-unboost|p2b: Armarouge|def|1
|-unboost|p2b: Armarouge|spd|1
|faint|p1a: Corviknight
|
|upkeep
|
|t:|1756716908
|switch|p1a: Excadrill|Excadrill, L50, M|100/100
|turn|3
|inactive|beewatree has 30 seconds left.
|inactive|beewatree has 20 seconds left.
|inactive|beewatree has 15 seconds left.
|
|t:|1756716948
|move|p1a: Excadrill|Protect|p1a: Excadrill
|-singleturn|p1a: Excadrill|Protect
|move|p1b: Annihilape|Rage Fist|p2b: Armarouge
|-supereffective|p2b: Armarouge
|-crit|p2b: Armarouge
|-damage|p2b: Armarouge|0 fnt
|faint|p2b: Armarouge
|move|p2a: Araquanid|Liquidation|p1a: Excadrill
|-activate|p1a: Excadrill|move: Protect
|
|upkeep
|
|t:|1756716966
|switch|p2b: Amoonguss|Amoonguss, L50, F|100/100
|turn|4
|inactive|Chknadobovgc has 30 seconds left.
|inactive|beewatree has 30 seconds left.
|inactive|beewatree has 20 seconds left.
|inactive|beewatree has 15 seconds left.
|inactive|beewatree has 10 seconds left.
|
|t:|1756717019
|switch|p1a: Indeedee|Indeedee, L50, M|100/100
|move|p1b: Annihilape|Taunt|p2b: Amoonguss
|-start|p2b: Amoonguss|move: Taunt
|move|p2a: Araquanid|Liquidation|p1b: Annihilape
|-damage|p1b: Annihilape|0 fnt
|faint|p1b: Annihilape
|cant|p2b: Amoonguss|move: Taunt|Spore
|
|upkeep
|
|t:|1756717031
|switch|p1b: Excadrill|Excadrill, L50, M|100/100
|turn|5
|
|t:|1756717054
|switch|p2b: Gholdengo|Gholdengo, L50|100/100
|-terastallize|p1a: Indeedee|Psychic
|move|p2a: Araquanid|Protect|p2a: Araquanid
|-singleturn|p2a: Araquanid|Protect
|move|p1a: Indeedee|Tera Blast|p2a: Araquanid|[anim] Tera Blast Psychic
|-activate|p2a: Araquanid|move: Protect
|move|p1b: Excadrill|High Horsepower|p2a: Araquanid
|-activate|p2a: Araquanid|move: Protect
|
|-fieldend|move: Psychic Terrain
|upkeep
|turn|6
|inactive|beewatree has 30 seconds left.
|inactive|beewatree has 20 seconds left.
|inactive|beewatree has 15 seconds left.
|inactive|beewatree has 10 seconds left.
|inactive|beewatree has 5 seconds left.
|
|t:|1756717104
|switch|p2a: Amoonguss|Amoonguss, L50, F|100/100
|-terastallize|p2b: Gholdengo|Dragon
|move|p1a: Indeedee|Tera Blast|p2a: Amoonguss|[anim] Tera Blast Psychic
|-supereffective|p2a: Amoonguss
|-damage|p2a: Amoonguss|19/100
|-enditem|p2a: Amoonguss|Sitrus Berry|[eat]
|-heal|p2a: Amoonguss|44/100|[from] item: Sitrus Berry
|move|p1b: Excadrill|High Horsepower|p2b: Gholdengo
|-damage|p2b: Gholdengo|50/100
|move|p2b: Gholdengo|Shadow Ball|p1b: Excadrill
|-damage|p1b: Excadrill|23/100
|
|upkeep
|turn|7
|inactive|Chknadobovgc has 30 seconds left.
|inactive|beewatree has 30 seconds left.
|inactive|beewatree has 20 seconds left.
|inactive|beewatree has 15 seconds left.
|inactive|beewatree has 10 seconds left.
|inactive|beewatree has 5 seconds left.
|
|t:|1756717155
|switch|p2b: Araquanid|Araquanid, L50, M|54/100
|move|p2a: Amoonguss|Protect|p2a: Amoonguss
|-singleturn|p2a: Amoonguss|Protect
|move|p1a: Indeedee|Tera Blast|p2a: Amoonguss|[anim] Tera Blast Psychic
|-activate|p2a: Amoonguss|move: Protect
|move|p1b: Excadrill|High Horsepower|p2b: Araquanid
|-resisted|p2b: Araquanid
|-damage|p2b: Araquanid|26/100
|
|upkeep
|turn|8
|inactive|Chknadobovgc has 30 seconds left.
|inactive|beewatree has 30 seconds left.
|
|t:|1756717182
|switch|p2a: Gholdengo|Gholdengo, L50, tera:Dragon|50/100
|move|p1a: Indeedee|Tera Blast|p2a: Gholdengo|[anim] Tera Blast Psychic
|-damage|p2a: Gholdengo|0 fnt
|faint|p2a: Gholdengo
|move|p1b: Excadrill|High Horsepower|p2b: Araquanid
|-resisted|p2b: Araquanid
|-damage|p2b: Araquanid|0 fnt
|faint|p2b: Araquanid
|
|upkeep
|
|t:|1756717190
|switch|p2b: Amoonguss|Amoonguss, L50, F|77/100
|turn|9
|
|t:|1756717198
|move|p2b: Amoonguss|Rage Powder|p2b: Amoonguss
|-singleturn|p2b: Amoonguss|move: Rage Powder
|move|p1a: Indeedee|Tera Blast|p2b: Amoonguss|[anim] Tera Blast Psychic
|-supereffective|p2b: Amoonguss
|-damage|p2b: Amoonguss|0 fnt
|faint|p2b: Amoonguss
|
|win|Chknadobovgc
||beewatree is ready for game 2.
||Chknadobovgc is ready for game 2.
|uhtml|next|Next: Game 2 of 3
