|j|☆TobiYume
|j|☆ultraclaw1
|html|TobiYumeultraclaw1    
|uhtml|bestof|Game 1 of a best-of-3
|t:|1785672653
|gametype|doubles
|player|p1|TobiYume|cheren-gen5bw2|1293
|player|p2|ultraclaw1|brycenman|1397
|gen|9
|tier|[Gen 9 Champions] VGC 2026 Reg M-B (Bo3)
|rated|
|rule|Species Clause: Limit one of each Pokémon
|rule|Item Clause: Limit 1 of each item
|clearpoke
|poke|p1|Gyarados, L50, M|
|poke|p1|Raichu, L50, M|
|poke|p1|Garchomp, L50, F|
|poke|p1|Gholdengo, L50|
|poke|p1|Sinistcha, L50|
|poke|p1|Kingambit, L50, F|
|poke|p2|Maushold, L50|
|poke|p2|Kingambit, L50, F|
|poke|p2|Garchomp, L50, M|
|poke|p2|Basculegion, L50, M|
|poke|p2|Talonflame, L50, M|
|poke|p2|Floette-Eternal, L50, F|
|teampreview|4
|showteam|p1|Gyarados||Gyaradosite|Intimidate|Waterfall,Crunch,DragonDance,Protect|Adamant||M|||50|]Raichu||RaichuniteY|LightningRod|FakeOut,ZapCannon,FocusBlast,Protect|Timid||M|||50|]Garchomp||LifeOrb|RoughSkin|DragonClaw,Earthquake,RockSlide,Protect|Jolly||F|||50|]Gholdengo||Leftovers|GoodasGold|MakeItRain,ShadowBall,NastyPlot,Protect|Timid|||||50|]Sinistcha||ColburBerry|Hospitality|MatchaGotcha,RagePowder,TrickRoom,Protect|Calm|||||50|]Kingambit||BlackGlasses|Defiant|KowtowCleave,SuckerPunch,LowKick,Protect|Adamant||F|||50|
|showteam|p2|Maushold||FocusSash|FriendGuard|SuperFang,Taunt,FollowMe,Protect|Timid|||||50|]Kingambit||ChopleBerry|Defiant|KowtowCleave,SuckerPunch,LowKick,IronHead|Adamant||F|||50|]Garchomp||LifeOrb|RoughSkin|RockSlide,Earthquake,DragonClaw,Protect|Jolly||M|||50|]Basculegion||MysticWater|Adaptability|WaveCrash,LastRespects,AquaJet,Protect|Adamant||M|||50|]Talonflame||SharpBeak|GaleWings|QuickGuard,DualWingbeat,Tailwind,Protect|Jolly||M|||50|]Floette-Eternal||Floettite|FlowerVeil|LightofRuin,Protect,Moonblast,DazzlingGleam|Modest||F|||50|
|inactive|Battle timer is ON: inactive players will automatically lose when time's up. (requested by ultraclaw1)
|
|t:|1785672677
|teamsize|p1|4
|teamsize|p2|4
|start
|switch|p1a: Raichu|Raichu, L50, M|100/100
|switch|p1b: Garchomp|Garchomp, L50, F|100/100
|switch|p2a: Floette|Floette-Eternal, L50, F|100/100
|switch|p2b: Talonflame|Talonflame, L50, M|100/100
|turn|1
|inactive|TobiYume has 30 seconds left.
|
|t:|1785672707
|move|p2b: Talonflame|Protect|p2b: Talonflame
|-singleturn|p2b: Talonflame|Protect
|move|p2a: Floette|Protect|p2a: Floette
|-singleturn|p2a: Floette|Protect
|move|p1a: Raichu|Fake Out|p2b: Talonflame
|-activate|p2b: Talonflame|move: Protect
|move|p1b: Garchomp|Rock Slide|p2a: Floette|[spread] 
|-activate|p2a: Floette|move: Protect
|-activate|p2b: Talonflame|move: Protect
|
|upkeep
|turn|2
|
|t:|1785672718
|switch|p1a: Gholdengo|Gholdengo, L50|100/100
|detailschange|p2a: Floette|Floette-Mega, L50, F
|-mega|p2a: Floette|Floette|Floettite
|-ability|p2a: Floette|Fairy Aura
|move|p2b: Talonflame|Tailwind|p2b: Talonflame
|-sidestart|p2: ultraclaw1|move: Tailwind
|move|p2a: Floette|Dazzling Gleam|p1a: Gholdengo|[spread] p1a,p1b
|-resisted|p1a: Gholdengo|1
|-supereffective|p1b: Garchomp|1
|-damage|p1a: Gholdengo|75/100
|-damage|p1b: Garchomp|0 fnt
|faint|p1b: Garchomp
|
|-heal|p1a: Gholdengo|81/100|[from] item: Leftovers
|upkeep
|
|t:|1785672735
|switch|p1b: Raichu|Raichu, L50, M|100/100
|turn|3
|
|t:|1785672746
|switch|p2b: Garchomp|Garchomp, L50, M|100/100
|detailschange|p1b: Raichu|Raichu-Mega-Y, L50, M
|-mega|p1b: Raichu|Raichu|Raichunite Y
|move|p2a: Floette|Protect|p2a: Floette
|-singleturn|p2a: Floette|Protect
|move|p1b: Raichu|Zap Cannon|p2b: Garchomp
|-immune|p2b: Garchomp
|move|p1a: Gholdengo|Nasty Plot|p1a: Gholdengo
|-boost|p1a: Gholdengo|spa|2
|
|-heal|p1a: Gholdengo|87/100|[from] item: Leftovers
|upkeep
|turn|4
|
|t:|1785672756
|switch|p2a: Talonflame|Talonflame, L50, M|100/100
|switch|p1b: Sinistcha|Sinistcha, L50|100/100
|-heal|p1a: Gholdengo|100/100|[from] ability: Hospitality|[of] p1b: Sinistcha
|move|p1a: Gholdengo|Protect|p1a: Gholdengo
|-singleturn|p1a: Gholdengo|Protect
|move|p2b: Garchomp|Earthquake|p1a: Gholdengo|[spread] p1b
|-activate|p1a: Gholdengo|move: Protect
|-immune|p2a: Talonflame
|-resisted|p1b: Sinistcha|1
|-damage|p1b: Sinistcha|76/100
|-damage|p2b: Garchomp|90/100|[from] item: Life Orb
|
|upkeep
|turn|5
|
|t:|1785672771
|move|p1b: Sinistcha|Rage Powder|p1b: Sinistcha
|-singleturn|p1b: Sinistcha|move: Rage Powder
|move|p2a: Talonflame|Dual Wingbeat|p1b: Sinistcha
|-supereffective|p1b: Sinistcha|1
|-damage|p1b: Sinistcha|44/100
|-supereffective|p1b: Sinistcha|1
|-damage|p1b: Sinistcha|14/100
|-hitcount|p1b: Sinistcha|2
|move|p2b: Garchomp|Earthquake|p1a: Gholdengo|[spread] p1a,p1b
|-immune|p2a: Talonflame
|-supereffective|p1a: Gholdengo|1
|-resisted|p1b: Sinistcha|1
|-damage|p1a: Gholdengo|0 fnt
|-damage|p1b: Sinistcha|0 fnt
|faint|p1a: Gholdengo
|faint|p1b: Sinistcha
|-damage|p2b: Garchomp|80/100|[from] item: Life Orb
|
|-sideend|p2: ultraclaw1|move: Tailwind
|upkeep
|
|t:|1785672789
|switch|p1b: Raichu|Raichu-Mega-Y, L50, M|100/100
|turn|6
|-message|TobiYume forfeited.
|
|win|ultraclaw1
||ultraclaw1 is ready for game 2.
||TobiYume is ready for game 2.
|uhtml|next|Next: Game 2 of 3
|l|☆ultraclaw1
|player|p2|
