|j|☆sbhaga34
|j|☆rogerthaAlien
|html|sbhaga34rogerthaAlien    
|uhtml|bestof|Game 2 of a best-of-3
|t:|1757712222
|gametype|doubles
|player|p1|sbhaga34|hugh|1339
|player|p2|rogerthaAlien|blaine|1303
|gen|9
|tier|[Gen 9] VGC 2025 Reg H (Bo3)
|rated|
|rule|Species Clause: Limit one of each Pokémon
|rule|Item Clause: Limit 1 of each item
|clearpoke
|poke|p1|Indeedee-F, L50, F|
|poke|p1|Talonflame, L50, F|
|poke|p1|Tyranitar, L50, M|
|poke|p1|Excadrill, L50, M|
|poke|p1|Gardevoir, L50, F|
|poke|p1|Ursaluna-Bloodmoon, L50, M|
|poke|p2|Porygon2, L50|
|poke|p2|Ursaluna, L50, M|
|poke|p2|Incineroar, L50, M|
|poke|p2|Amoonguss, L50, F|
|poke|p2|Flamigo, L50, F|
|poke|p2|Gholdengo, L50|
|teampreview|4
|showteam|p1|Indeedee-F||SafetyGoggles|PsychicSurge|FollowMe,TrickRoom,HelpingHand,Psychic|||F|||50|,,,,,Fairy]Talonflame||CovertCloak|GaleWings|Tailwind,Taunt,FlareBlitz,BraveBird|||F|||50|,,,,,Grass]Tyranitar||WeaknessPolicy|SandStream|RockSlide,KnockOff,LowKick,Protect|||M|||50|,,,,,Flying]Excadrill||FocusSash|SandRush|Earthquake,IronHead,SwordsDance,Protect|||M|||50|,,,,,Ground]Gardevoir||ChoiceScarf|Telepathy|ExpandingForce,Thunderbolt,Moonblast,IcyWind|||F|||50|,,,,,Psychic]Ursaluna-Bloodmoon||SilkScarf|MindsEye|BloodMoon,HyperVoice,EarthPower,Protect|||M|||50|,,,,,Normal
|showteam|p2|Porygon2||Eviolite|Download|TeraBlast,TrickRoom,Recover,IceBeam||||||50|,,,,,Fighting]Ursaluna||FlameOrb|Guts|HeadlongRush,Facade,Protect,Earthquake|||M|||50|,,,,,Ground]Incineroar||SafetyGoggles|Intimidate|FakeOut,KnockOff,FlareBlitz,PartingShot|||M|||50|,,,,,Ghost]Amoonguss||SitrusBerry|Regenerator|Spore,RagePowder,Protect,ClearSmog|||F|||50|,,,,,Water]Flamigo||FocusSash|Scrappy|BraveBird,CloseCombat,Protect,Tailwind|||F|||50|,,,,,Ghost]Gholdengo||LifeOrb|GoodasGold|MakeItRain,ShadowBall,Protect,NastyPlot||||||50|,,,,,Steel
|inactive|Battle timer is ON: inactive players will automatically lose when time's up. (requested by rogerthaAlien)
|inactive|sbhaga34 has 60 seconds left.
|inactiveoff|Battle timer is now OFF.
|
|t:|1757712283
|teamsize|p1|4
|teamsize|p2|4
|start
|switch|p1a: Talonflame|Talonflame, L50, F|100/100
|switch|p1b: Ursaluna|Ursaluna-Bloodmoon, L50, M|100/100
|switch|p2a: Amoonguss|Amoonguss, L50, F|100/100
|switch|p2b: Porygon2|Porygon2, L50|100/100
|-ability|p2b: Porygon2|Download|boost
|-boost|p2b: Porygon2|spa|1
|turn|1
|
|t:|1757712305
|-terastallize|p1a: Talonflame|Grass
|move|p1b: Ursaluna|Protect|p1b: Ursaluna
|-singleturn|p1b: Ursaluna|Protect
|move|p2a: Amoonguss|Rage Powder|p2a: Amoonguss
|-singleturn|p2a: Amoonguss|move: Rage Powder
|move|p1a: Talonflame|Taunt|p2b: Porygon2
|-start|p2b: Porygon2|move: Taunt
|cant|p2b: Porygon2|move: Taunt|Trick Room
|
|upkeep
|turn|2
|
|t:|1757712333
|switch|p1b: Tyranitar|Tyranitar, L50, M|100/100
|-weather|Sandstorm|[from] ability: Sand Stream|[of] p1b: Tyranitar
|switch|p2a: Incineroar|Incineroar, L50, M|100/100
|-ability|p2a: Incineroar|Intimidate|boost
|-unboost|p1a: Talonflame|atk|1
|-unboost|p1b: Tyranitar|atk|1
|move|p1a: Talonflame|Taunt|p2a: Incineroar
|-start|p2a: Incineroar|move: Taunt
|move|p2b: Porygon2|Ice Beam|p1a: Talonflame
|-supereffective|p1a: Talonflame
|-damage|p1a: Talonflame|10/100
|
|-weather|Sandstorm|[upkeep]
|-damage|p1a: Talonflame|3/100|[from] Sandstorm
|-damage|p2b: Porygon2|94/100|[from] Sandstorm
|upkeep
|turn|3
|
|t:|1757712364
|switch|p1a: Ursaluna|Ursaluna-Bloodmoon, L50, M|100/100
|switch|p2b: Ursaluna|Ursaluna, L50, M|100/100
|move|p2a: Incineroar|Fake Out|p1b: Tyranitar
|-resisted|p1b: Tyranitar
|-damage|p1b: Tyranitar|95/100
|cant|p1b: Tyranitar|flinch
|
|-weather|Sandstorm|[upkeep]
|-status|p2b: Ursaluna|brn|[from] item: Flame Orb
|upkeep
|turn|4
|
|t:|1757712407
|switch|p2a: Amoonguss|Amoonguss, L50, F|100/100
|-terastallize|p2b: Ursaluna|Ground
|move|p1a: Ursaluna|Blood Moon|p2b: Ursaluna
|-damage|p2b: Ursaluna|13/100 brn
|move|p1b: Tyranitar|Knock Off|p2a: Amoonguss
|-damage|p2a: Amoonguss|66/100
|-enditem|p2a: Amoonguss|Sitrus Berry|[from] move: Knock Off|[of] p1b: Tyranitar
|move|p2b: Ursaluna|Headlong Rush|p1b: Tyranitar
|-supereffective|p1b: Tyranitar
|-damage|p1b: Tyranitar|0 fnt
|-unboost|p2b: Ursaluna|def|1
|-unboost|p2b: Ursaluna|spd|1
|faint|p1b: Tyranitar
|
|-weather|Sandstorm|[upkeep]
|-damage|p2a: Amoonguss|60/100|[from] Sandstorm
|-damage|p2b: Ursaluna|7/100 brn|[from] brn
|upkeep
|
|t:|1757712427
|switch|p1b: Excadrill|Excadrill, L50, M, shiny|100/100
|turn|5
|
|t:|1757712442
|move|p2a: Amoonguss|Protect|p2a: Amoonguss
|-singleturn|p2a: Amoonguss|Protect
|move|p1b: Excadrill|Iron Head|p2a: Amoonguss
|-activate|p2a: Amoonguss|move: Protect
|move|p1a: Ursaluna|Hyper Voice|p2a: Amoonguss|[spread] p2b
|-activate|p2a: Amoonguss|move: Protect
|-damage|p2b: Ursaluna|0 fnt
|faint|p2b: Ursaluna
|
|-weather|Sandstorm|[upkeep]
|-damage|p2a: Amoonguss|54/100|[from] Sandstorm
|upkeep
|
|t:|1757712471
|switch|p2b: Porygon2|Porygon2, L50|94/100
|-ability|p2b: Porygon2|Download|boost
|-boost|p2b: Porygon2|spa|1
|turn|6
|
|t:|1757712487
|switch|p2a: Incineroar|Incineroar, L50, M|100/100
|-ability|p2a: Incineroar|Intimidate|boost
|-unboost|p1a: Ursaluna|atk|1
|-unboost|p1b: Excadrill|atk|1
|move|p1b: Excadrill|Iron Head|p2a: Incineroar
|-resisted|p2a: Incineroar
|-damage|p2a: Incineroar|86/100
|move|p1a: Ursaluna|Hyper Voice|p2a: Incineroar|[spread] p2a,p2b
|-damage|p2a: Incineroar|50/100
|-damage|p2b: Porygon2|71/100
|move|p2b: Porygon2|Trick Room|p2b: Porygon2
|-fieldstart|move: Trick Room|[of] p2b: Porygon2
|
|-weather|none
|upkeep
|turn|7
|
|t:|1757712521
|switch|p1b: Talonflame|Talonflame, L50, F, tera:Grass|3/100
|move|p1a: Ursaluna|Protect|p1a: Ursaluna
|-singleturn|p1a: Ursaluna|Protect
|move|p2b: Porygon2|Ice Beam|p1a: Ursaluna
|-activate|p1a: Ursaluna|move: Protect
|move|p2a: Incineroar|Parting Shot|p1a: Ursaluna
|-activate|p1a: Ursaluna|move: Protect
|
|upkeep
|turn|8
|
|t:|1757712540
|move|p2b: Porygon2|Ice Beam|p1b: Talonflame
|-supereffective|p1b: Talonflame
|-damage|p1b: Talonflame|0 fnt
|faint|p1b: Talonflame
|move|p2a: Incineroar|Parting Shot|p1a: Ursaluna
|-unboost|p1a: Ursaluna|atk|1
|-unboost|p1a: Ursaluna|spa|1
|
|t:|1757712547
|switch|p2a: Amoonguss|Amoonguss, L50, F|88/100|[from] Parting Shot
|move|p1a: Ursaluna|Blood Moon|p2b: Porygon2
|-damage|p2b: Porygon2|37/100
|
|upkeep
|
|t:|1757712553
|switch|p1b: Excadrill|Excadrill, L50, M, shiny|100/100
|turn|9
|inactive|Battle timer is ON: inactive players will automatically lose when time's up. (requested by rogerthaAlien)
|
|t:|1757712568
|move|p2a: Amoonguss|Spore|p1b: Excadrill
|-status|p1b: Excadrill|slp|[from] move: Spore
|move|p2b: Porygon2|Ice Beam|p1a: Ursaluna
|-supereffective|p1a: Ursaluna
|-damage|p1a: Ursaluna|11/100
|move|p1a: Ursaluna|Hyper Voice|p2b: Porygon2|[spread] p2a,p2b
|-damage|p2a: Amoonguss|63/100
|-damage|p2b: Porygon2|22/100
|cant|p1b: Excadrill|slp
|
|upkeep
|turn|10
|-message|sbhaga34 forfeited.
|
|win|rogerthaAlien
|l|☆sbhaga34
|player|p1|
||rogerthaAlien is ready for game 3.
||sbhaga34 is ready for game 3.
|uhtml|next|Next: Game 3 of 3
|l|☆rogerthaAlien
|player|p2|
