|j|☆new mental
|j|☆zifisha
|html|new mentalzifisha    
|uhtml|bestof|Game 1 of a best-of-3
|t:|1783423810
|gametype|doubles
|player|p1|new mental|volkner|1348
|player|p2|zifisha|169|1328
|gen|9
|tier|[Gen 9 Champions] VGC 2026 Reg M-B (Bo3)
|rated|
|rule|Species Clause: Limit one of each Pokémon
|rule|Item Clause: Limit 1 of each item
|clearpoke
|poke|p1|Aerodactyl, L50, M|
|poke|p1|Garchomp, L50, F|
|poke|p1|Kingambit, L50, M|
|poke|p1|Charizard, L50, F|
|poke|p1|Sylveon, L50, M|
|poke|p1|Farigiraf, L50, M|
|poke|p2|Raichu, L50, F, shiny|
|poke|p2|Ninetales-Alola, L50, F|
|poke|p2|Kingambit, L50, M|
|poke|p2|Incineroar, L50, M, shiny|
|poke|p2|Gengar, L50, M, shiny|
|poke|p2|Primarina, L50, M|
|teampreview|4
|showteam|p1|Aerodactyl||Aerodactylite|Unnerve|IceFang,RockSlide,Tailwind,DualWingbeat|Jolly||M|||50|]Garchomp||LifeOrb|RoughSkin|DragonClaw,StompingTantrum,Earthquake,Protect|Jolly||F|||50|]Kingambit||FocusSash|Defiant|SuckerPunch,KowtowCleave,IronHead,LowKick|Adamant||M|||50|]Charizard||CharizarditeY|SolarPower|Protect,HeatWave,SolarBeam,WeatherBall|Timid||F|||50|]Sylveon||FairyFeather|Pixilate|Protect,HyperVoice,HyperBeam,QuickAttack|Modest||M|||50|]Farigiraf||SitrusBerry|ArmorTail|TrickRoom,Thunderbolt,Psychic,Roar|Bold||M|||50|
|showteam|p2|Raichu||RaichuniteY|LightningRod|FakeOut,ZapCannon,FocusBlast,Encore|Timid||F|||50|]Ninetales-Alola||FocusSash|SnowWarning|Blizzard,Encore,FreezeDry,Protect|Timid||F|||50|]Kingambit||LifeOrb|Defiant|SuckerPunch,KowtowCleave,SwordsDance,Protect|Adamant||M|||50|]Incineroar||PasshoBerry|Intimidate|FakeOut,FlareBlitz,PartingShot,Protect|Relaxed||M|||50|]Gengar||Gengarite|CursedBody|Disable,ShadowBall,PerishSong,Protect|Timid||M|||50|]Primarina||Leftovers|LiquidVoice|Protect,HyperVoice,DazzlingGleam,CalmMind|Modest||M|||50|
|
|t:|1783423853
|teamsize|p1|4
|teamsize|p2|4
|start
|switch|p1a: Kingambit|Kingambit, L50, M|100/100
|switch|p1b: Charizard|Charizard, L50, F|100/100
|switch|p2a: Raichu|Raichu, L50, F, shiny|100/100
|switch|p2b: Ninetales|Ninetales-Alola, L50, F|100/100
|-weather|Snowscape|[from] ability: Snow Warning|[of] p2b: Ninetales
|turn|1
|
|t:|1783423879
|switch|p1b: Farigiraf|Farigiraf, L50, M|100/100
|detailschange|p2a: Raichu|Raichu-Mega-Y, L50, F, shiny
|-mega|p2a: Raichu|Raichu|Raichunite Y
|move|p2a: Raichu|Focus Blast|p1a: Kingambit
|-supereffective|p1a: Kingambit|2
|-enditem|p1a: Kingambit|Focus Sash
|-damage|p1a: Kingambit|1/100
|move|p2b: Ninetales|Freeze-Dry|p1a: Kingambit
|-resisted|p1a: Kingambit|1
|-damage|p1a: Kingambit|0 fnt
|faint|p1a: Kingambit
|
|-weather|Snowscape|[upkeep]
|upkeep
|
|t:|1783423890
|switch|p1a: Sylveon|Sylveon, L50, M|100/100
|turn|2
|
|t:|1783423900
|move|p2a: Raichu|Zap Cannon|p1b: Farigiraf
|-damage|p1b: Farigiraf|42/100
|-status|p1b: Farigiraf|par
|-enditem|p1b: Farigiraf|Sitrus Berry|[eat]
|-heal|p1b: Farigiraf|67/100 par|[from] item: Sitrus Berry
|move|p2b: Ninetales|Blizzard|p1b: Farigiraf|[spread] p1a,p1b
|-damage|p1a: Sylveon|74/100
|-damage|p1b: Farigiraf|40/100 par
|move|p1a: Sylveon|Hyper Voice|p2a: Raichu|[spread] p2a,p2b
|-damage|p2a: Raichu|27/100
|-damage|p2b: Ninetales|46/100
|move|p1b: Farigiraf|Trick Room|p1b: Farigiraf
|-fieldstart|move: Trick Room|[of] p1b: Farigiraf
|
|-weather|Snowscape|[upkeep]
|upkeep
|turn|3
|
|t:|1783423926
|move|p2b: Ninetales|Protect|p2b: Ninetales
|-singleturn|p2b: Ninetales|Protect
|move|p1b: Farigiraf|Psychic|p2b: Ninetales
|-activate|p2b: Ninetales|move: Protect
|move|p1a: Sylveon|Hyper Voice|p2a: Raichu|[spread] p2a
|-activate|p2b: Ninetales|move: Protect
|-damage|p2a: Raichu|0 fnt
|faint|p2a: Raichu
|
|-weather|Snowscape|[upkeep]
|upkeep
|
|t:|1783423928
|switch|p2a: Kingambit|Kingambit, L50, M|100/100
|turn|4
|
|t:|1783423956
|move|p2b: Ninetales|Protect||[still]
|-fail|p2b: Ninetales
|move|p1b: Farigiraf|Psychic|p2b: Ninetales
|-damage|p2b: Ninetales|6/100
|move|p2a: Kingambit|Swords Dance|p2a: Kingambit
|-boost|p2a: Kingambit|atk|2
|move|p1a: Sylveon|Hyper Voice|p2b: Ninetales|[spread] p2a,p2b
|-damage|p2a: Kingambit|52/100
|-damage|p2b: Ninetales|0 fnt
|faint|p2b: Ninetales
|
|-weather|Snowscape|[upkeep]
|upkeep
|
|t:|1783423958
|switch|p2b: Incineroar|Incineroar, L50, M, shiny|100/100
|-ability|p2b: Incineroar|Intimidate|boost
|-unboost|p1a: Sylveon|atk|1
|-unboost|p1b: Farigiraf|atk|1
|turn|5
|
|t:|1783423973
|move|p1b: Farigiraf|Thunderbolt|p2b: Incineroar
|-crit|p2b: Incineroar
|-damage|p2b: Incineroar|66/100
|move|p2a: Kingambit|Kowtow Cleave|p1b: Farigiraf
|-supereffective|p1b: Farigiraf|1
|-damage|p1b: Farigiraf|0 fnt
|faint|p1b: Farigiraf
|-damage|p2a: Kingambit|42/100|[from] item: Life Orb
|move|p2b: Incineroar|Flare Blitz|p1a: Sylveon
|-damage|p1a: Sylveon|20/100y
|-damage|p2b: Incineroar|50/100g|[from] Recoil
|move|p1a: Sylveon|Hyper Beam|p2a: Kingambit
|-damage|p2a: Kingambit|0 fnt
|-mustrecharge|p1a: Sylveon
|faint|p2a: Kingambit
|
|-weather|none
|upkeep
|
|t:|1783423978
|switch|p1b: Charizard|Charizard, L50, F|100/100
|turn|6
|-message|zifisha forfeited.
|
|win|new mental
|l|☆zifisha
|player|p2|
||new mental is ready for game 2.
||zifisha is ready for game 2.
|uhtml|next|Next: Game 2 of 3
