|j|☆snekr1994
|j|☆liludragonbossetti
|html|snekr1994liludragonbossetti    
|uhtml|bestof|Game 3 of a best-of-3
|t:|1756843949
|gametype|doubles
|player|p1|snekr1994|266|1405
|player|p2|liludragonbossetti|interviewers|1452
|gen|9
|tier|[Gen 9] VGC 2025 Reg H (Bo3)
|rated|
|rule|Species Clause: Limit one of each Pokémon
|rule|Item Clause: Limit 1 of each item
|clearpoke
|poke|p1|Kingambit, L50, M|
|poke|p1|Sneasler, L50, F|
|poke|p1|Electabuzz, L50, M|
|poke|p1|Dragonite, L50, F|
|poke|p1|Volcarona, L50, M|
|poke|p1|Rillaboom, L50, M|
|poke|p2|Gholdengo, L50|
|poke|p2|Sneasler, L50, M|
|poke|p2|Rillaboom, L50, M|
|poke|p2|Dragonite, L50, F|
|poke|p2|Ninetales-Alola, L50, M|
|poke|p2|Arcanine-Hisui, L50, M|
|teampreview|4
|showteam|p1|Kingambit||SafetyGoggles|Defiant|KowtowCleave,SuckerPunch,SwordsDance,Protect|||M|||50|,,,,,Dark]Sneasler||FocusSash|PoisonTouch|DireClaw,CloseCombat,Coaching,FakeOut|||F|||50|,,,,,Stellar]Electabuzz||Eviolite|VitalSpirit|Thunderbolt,FollowMe,Taunt,Protect|||M|||50|,,,,,Dragon]Dragonite||LoadedDice|Multiscale|ScaleShot,ExtremeSpeed,Haze,Protect|||F|||50|,,,,,Steel]Volcarona||CovertCloak|FlameBody|HeatWave,TeraBlast,QuiverDance,Protect|||M|||50|,,,,,Fairy]Rillaboom||AssaultVest|GrassySurge|WoodHammer,GrassyGlide,HighHorsepower,FakeOut|||M|||50|,,,,,Fire
|showteam|p2|Gholdengo||GrassySeed|GoodasGold|NastyPlot,MakeItRain,ShadowBall,Protect||||||50|,,,,,Water]Sneasler||WhiteHerb|Unburden|CloseCombat,DireClaw,Coaching,Protect|||M|||50|,,,,,Ghost]Rillaboom||AssaultVest|GrassySurge|FakeOut,GrassyGlide,DrumBeating,HighHorsepower|||M|||50|,,,,,Fire]Dragonite||LoadedDice|Multiscale|ScaleShot,Haze,StompingTantrum,Protect|||F|||50|,,,,,Ground]Ninetales-Alola||FocusSash|SnowWarning|Blizzard,IcyWind,Encore,AuroraVeil|||M|||50|,,,,,Ghost]Arcanine-Hisui||ClearAmulet|Intimidate|RockSlide,FlareBlitz,ExtremeSpeed,Protect|||M|||50|,,,,,Water
|inactive|Battle timer is ON: inactive players will automatically lose when time's up. (requested by liludragonbossetti)
|inactive|snekr1994 has 60 seconds left.
|inactive|snekr1994 has 30 seconds left.
|
|t:|1756844022
|teamsize|p1|4
|teamsize|p2|4
|start
|switch|p1a: Sneasler|Sneasler, L50, F|100/100
|switch|p1b: Volcarona|Volcarona, L50, M|100/100
|switch|p2a: Sneasler|Sneasler, L50, M|100/100
|switch|p2b: Dragonite|Dragonite, L50, F|100/100
|turn|1
|inactive|liludragonbossetti has 30 seconds left.
|
|t:|1756844050
|move|p1a: Sneasler|Fake Out|p2b: Dragonite
|-damage|p2b: Dragonite|93/100
|move|p2a: Sneasler|Close Combat|p1a: Sneasler
|-resisted|p1a: Sneasler
|-damage|p1a: Sneasler|50/100
|-unboost|p2a: Sneasler|def|1
|-unboost|p2a: Sneasler|spd|1
|-enditem|p2a: Sneasler|White Herb
|-clearnegativeboost|p2a: Sneasler|[silent]
|move|p1b: Volcarona|Quiver Dance|p1b: Volcarona
|-boost|p1b: Volcarona|spa|1
|-boost|p1b: Volcarona|spd|1
|-boost|p1b: Volcarona|spe|1
|cant|p2b: Dragonite|flinch
|
|upkeep
|turn|2
|inactive|snekr1994 has 30 seconds left.
|inactive|liludragonbossetti has 30 seconds left.
|inactive|snekr1994 has 20 seconds left.
|inactive|snekr1994 has 15 seconds left.
|
|t:|1756844092
|-terastallize|p2b: Dragonite|Ground
|move|p2a: Sneasler|Close Combat|p1a: Sneasler
|-resisted|p1a: Sneasler
|-damage|p1a: Sneasler|0 fnt
|-unboost|p2a: Sneasler|def|1
|-unboost|p2a: Sneasler|spd|1
|faint|p1a: Sneasler
|move|p1b: Volcarona|Heat Wave|p2a: Sneasler|[spread] p2a,p2b
|-damage|p2a: Sneasler|0 fnt
|-damage|p2b: Dragonite|39/100
|faint|p2a: Sneasler
|move|p2b: Dragonite|Stomping Tantrum|p1b: Volcarona
|-damage|p1b: Volcarona|0 fnt
|faint|p1b: Volcarona
|
|upkeep
|
|t:|1756844107
|switch|p1a: Kingambit|Kingambit, L50, M|100/100
|switch|p2a: Ninetales|Ninetales-Alola, L50, M|100/100
|switch|p1b: Dragonite|Dragonite, L50, F|100/100
|-weather|Snowscape|[from] ability: Snow Warning|[of] p2a: Ninetales
|turn|3
|inactive|snekr1994 has 30 seconds left.
|
|t:|1756844136
|-terastallize|p1b: Dragonite|Steel
|move|p2b: Dragonite|Protect|p2b: Dragonite
|-singleturn|p2b: Dragonite|Protect
|move|p2a: Ninetales|Aurora Veil|p2a: Ninetales
|-sidestart|p2: liludragonbossetti|move: Aurora Veil
|move|p1b: Dragonite|Scale Shot|p2b: Dragonite
|-activate|p2b: Dragonite|move: Protect
|move|p1a: Kingambit|Swords Dance|p1a: Kingambit
|-boost|p1a: Kingambit|atk|2
|
|-weather|Snowscape|[upkeep]
|upkeep
|turn|4
|inactive|snekr1994 has 30 seconds left.
|inactive|snekr1994 has 20 seconds left.
|inactive|liludragonbossetti has 30 seconds left.
|inactive|snekr1994 has 15 seconds left.
|inactive|snekr1994 has 10 seconds left.
|
|t:|1756844183
|move|p1b: Dragonite|Extreme Speed|p2a: Ninetales
|-damage|p2a: Ninetales|79/100
|move|p1a: Kingambit|Sucker Punch||[still]
|-fail|p1a: Kingambit
|move|p2a: Ninetales|Encore|p1a: Kingambit
|-start|p1a: Kingambit|Encore
|move|p2b: Dragonite|Haze|p2b: Dragonite
|-clearallboost
|
|-weather|Snowscape|[upkeep]
|upkeep
|turn|5
|
|t:|1756844204
|move|p1b: Dragonite|Extreme Speed|p2b: Dragonite
|-damage|p2b: Dragonite|18/100
|move|p1a: Kingambit|Sucker Punch|p2b: Dragonite
|-damage|p2b: Dragonite|0 fnt
|faint|p2b: Dragonite
|move|p2a: Ninetales|Blizzard|p1a: Kingambit|[spread] p1a,p1b
|-resisted|p1a: Kingambit
|-resisted|p1b: Dragonite
|-damage|p1a: Kingambit|84/100
|-damage|p1b: Dragonite|92/100
|
|-weather|Snowscape|[upkeep]
|upkeep
|
|t:|1756844206
|switch|p2b: Arcanine|Arcanine-Hisui, L50, M|100/100
|-ability|p2b: Arcanine|Intimidate|boost
|-unboost|p1a: Kingambit|atk|1
|-ability|p1a: Kingambit|Defiant|boost
|-boost|p1a: Kingambit|atk|2
|-unboost|p1b: Dragonite|atk|1
|turn|6
|inactive|snekr1994 has 30 seconds left.
|
|t:|1756844233
|move|p1a: Kingambit|Sucker Punch|p2b: Arcanine
|-damage|p2b: Arcanine|51/100
|move|p2a: Ninetales|Blizzard|p1a: Kingambit|[spread] p1a,p1b
|-resisted|p1a: Kingambit
|-resisted|p1b: Dragonite
|-damage|p1a: Kingambit|67/100
|-damage|p1b: Dragonite|76/100
|move|p2b: Arcanine|Flare Blitz|p1a: Kingambit
|-supereffective|p1a: Kingambit
|-damage|p1a: Kingambit|0 fnt
|faint|p1a: Kingambit
|-damage|p2b: Arcanine|24/100|[from] Recoil
|move|p1b: Dragonite|Scale Shot|p2b: Arcanine
|-damage|p2b: Arcanine|15/100
|-damage|p2b: Arcanine|7/100
|-damage|p2b: Arcanine|0 fnt
|faint|p2b: Arcanine
|-hitcount|p2: Arcanine|3
|-unboost|p1b: Dragonite|def|1
|-boost|p1b: Dragonite|spe|1
|
|-weather|Snowscape|[upkeep]
|upkeep
|turn|7
|inactive|snekr1994 has 30 seconds left.
|
|t:|1756844263
|move|p1b: Dragonite|Protect|p1b: Dragonite
|-singleturn|p1b: Dragonite|Protect
|move|p2a: Ninetales|Icy Wind|p1b: Dragonite
|-activate|p1b: Dragonite|move: Protect
|
|-weather|none
|-sideend|p2: liludragonbossetti|move: Aurora Veil
|upkeep
|turn|8
|
|t:|1756844281
|move|p1b: Dragonite|Extreme Speed|p2a: Ninetales
|-damage|p2a: Ninetales|46/100
|move|p2a: Ninetales|Blizzard|p1b: Dragonite
|-resisted|p1b: Dragonite
|-damage|p1b: Dragonite|53/100
|
|upkeep
|turn|9
|
|t:|1756844295
|move|p1b: Dragonite|Extreme Speed|p2a: Ninetales
|-damage|p2a: Ninetales|15/100
|move|p2a: Ninetales|Blizzard|p1b: Dragonite
|-resisted|p1b: Dragonite
|-damage|p1b: Dragonite|30/100
|
|upkeep
|turn|10
|
|t:|1756844302
|move|p1b: Dragonite|Extreme Speed|p2a: Ninetales
|-damage|p2a: Ninetales|0 fnt
|faint|p2a: Ninetales
|
|win|snekr1994
|raw|snekr1994's rating: 1405 → 1428(+23 for winning)
|raw|liludragonbossetti's rating: 1452 → 1429(-23 for losing)
|c|☆snekr1994|ggs
|c|☆liludragonbossetti|gg
|l|☆liludragonbossetti
|player|p2|
