|j|â˜†lucrativelom
|j|â˜†anino23
|html|lucrativelomanino23    
|uhtml|bestof|Game 1 of a best-of-3
|t:|1783620378
|gametype|doubles
|player|p1|lucrativelom|102|1016
|player|p2|anino23|266|1047
|gen|9
|tier|[Gen 9 Champions] VGC 2026 Reg M-B (Bo3)
|rated|
|rule|Species Clause: Limit one of each PokÃ©mon
|rule|Item Clause: Limit 1 of each item
|clearpoke
|poke|p1|Sceptile, L50, M|
|poke|p1|Rotom-Heat, L50|
|poke|p1|Metagross, L50|
|poke|p1|Pelipper, L50, F|
|poke|p1|Sneasler, L50, F|
|poke|p1|Garchomp, L50, F|
|poke|p2|Pyroar, L50, F|
|poke|p2|Scrafty, L50, F|
|poke|p2|Mamoswine, L50, M|
|poke|p2|Venusaur, L50, F|
|poke|p2|Torkoal, L50, M|
|poke|p2|Farigiraf, L50, M|
|teampreview|4
|showteam|p1|Sceptile||Sceptilite|Overgrow|EnergyBall,EarthPower,DragonPulse,Protect|Timid||M|||50|]Rotom-Heat||ChoiceScarf|Levitate|Discharge,VoltSwitch,Overheat,WillOWisp|Timid|||||50|]Metagross||Metagrossite|ClearBody|BulletPunch,IronHead,PsychicFangs,Protect|Jolly|||||50|]Pelipper||SitrusBerry|Drizzle|Hurricane,MuddyWater,Tailwind,WideGuard|Bold||F|||50|]Sneasler||FocusSash|Unburden|FakeOut,DireClaw,CloseCombat,Coaching|Jolly||F|||50|]Garchomp||LifeOrb|RoughSkin|DragonClaw,Earthquake,RockSlide,Protect|Jolly||F|||50|
|showteam|p2|Pyroar||Pyroarite|Unnerve|HeatWave,Overheat,Yawn,Protect|Timid||F|||50|]Scrafty||Scraftinite|Intimidate|FakeOut,IcePunch,DrainPunch,KnockOff|Adamant||F|||50|]Mamoswine||FocusSash|Oblivious|IceShard,HighHorsepower,RockSlide,Protect|Jolly||M|||50|]Venusaur||LifeOrb|Chlorophyll|EnergyBall,EarthPower,SludgeBomb,Protect|Modest||F|||50|]Torkoal||HeatRock|Drought|Eruption,HelpingHand,WeatherBall,Protect|Quiet||M|||50|]Farigiraf||SitrusBerry|ArmorTail|Psychic,Thunderbolt,TrickRoom,Protect|Quiet||M|||50|
|inactive|Battle timer is ON: inactive players will automatically lose when time's up. (requested by anino23)
|inactive|anino23 has 60 seconds left.
|
|t:|1783620415
|teamsize|p1|4
|teamsize|p2|4
|start
|switch|p1a: Rotom|Rotom-Heat, L50|100/100
|switch|p1b: Sceptile|Sceptile, L50, M|100/100
|switch|p2a: Farigiraf|Farigiraf, L50, M|100/100
|switch|p2b: Scrafty|Scrafty, L50, F|100/100
|-ability|p2b: Scrafty|Intimidate|boost
|-unboost|p1a: Rotom|atk|1
|-unboost|p1b: Sceptile|atk|1
|turn|1
|inactive|anino23 has 30 seconds left.
|inactive|lucrativelom has 30 seconds left.
|inactive|anino23 has 20 seconds left.
|
|t:|1783620454
|detailschange|p1b: Sceptile|Sceptile-Mega, L50, M
|-mega|p1b: Sceptile|Sceptile|Sceptilite
|move|p2b: Scrafty|Fake Out|p1a: Rotom
|-damage|p1a: Rotom|83/100
|cant|p1a: Rotom|flinch
|move|p1b: Sceptile|Dragon Pulse|p2b: Scrafty
|-damage|p2b: Scrafty|52/100
|move|p2a: Farigiraf|Trick Room|p2a: Farigiraf
|-fieldstart|move: Trick Room|[of] p2a: Farigiraf
|
|upkeep
|turn|2
|inactive|anino23 has 30 seconds left.
|
|t:|1783620489
|switch|p1b: Pelipper|Pelipper, L50, F|100/100
|-weather|RainDance|[from] ability: Drizzle|[of] p1b: Pelipper
|detailschange|p2b: Scrafty|Scrafty-Mega, L50, F
|-mega|p2b: Scrafty|Scrafty|Scraftinite
|-ability|p2b: Scrafty|Intimidate|boost
|-unboost|p1a: Rotom|atk|1
|-unboost|p1b: Pelipper|atk|1
|move|p2a: Farigiraf|Psychic|p1a: Rotom
|-damage|p1a: Rotom|29/100
|move|p2b: Scrafty|Ice Punch|p1b: Pelipper
|-damage|p1b: Pelipper|74/100
|move|p1a: Rotom|Will-O-Wisp|p2b: Scrafty
|-status|p2b: Scrafty|brn
|
|-weather|RainDance|[upkeep]
|-damage|p2b: Scrafty|46/100 brn|[from] brn
|upkeep
|turn|3
|inactive|lucrativelom has 30 seconds left.
|
|t:|1783620518
|switch|p2b: Torkoal|Torkoal, L50, M|100/100
|-weather|SunnyDay|[from] ability: Drought|[of] p2b: Torkoal
|switch|p1a: Garchomp|Garchomp, L50, F|100/100
|move|p2a: Farigiraf|Psychic|p1a: Garchomp
|-damage|p1a: Garchomp|52/100
|move|p1b: Pelipper|Hurricane|p2b: Torkoal
|-damage|p2b: Torkoal|50/100g
|
|-weather|SunnyDay|[upkeep]
|upkeep
|turn|4
|
|t:|1783620539
|switch|p1b: Rotom|Rotom-Heat, L50|29/100
|move|p2b: Torkoal|Helping Hand|p2a: Farigiraf
|-singleturn|p2a: Farigiraf|Helping Hand|[of] p2b: Torkoal
|move|p1a: Garchomp|Protect|p1a: Garchomp
|-singleturn|p1a: Garchomp|Protect
|move|p2a: Farigiraf|Psychic|p1a: Garchomp
|-activate|p1a: Garchomp|move: Protect
|
|-weather|SunnyDay|[upkeep]
|upkeep
|turn|5
|
|t:|1783620560
|switch|p1a: Pelipper|Pelipper, L50, F|74/100
|-weather|RainDance|[from] ability: Drizzle|[of] p1a: Pelipper
|move|p2b: Torkoal|Helping Hand|p2a: Farigiraf
|-singleturn|p2a: Farigiraf|Helping Hand|[of] p2b: Torkoal
|move|p2a: Farigiraf|Psychic|p1a: Pelipper
|-damage|p1a: Pelipper|2/100
|-enditem|p1a: Pelipper|Sitrus Berry|[eat]
|-heal|p1a: Pelipper|27/100|[from] item: Sitrus Berry
|move|p1b: Rotom|Volt Switch|p2a: Farigiraf
|-damage|p2a: Farigiraf|69/100
|
|t:|1783620576
|switch|p1b: Garchomp|Garchomp, L50, F|52/100|[from] Volt Switch
|
|-weather|RainDance|[upkeep]
|-fieldend|move: Trick Room
|upkeep
|turn|6
|
|t:|1783620588
|switch|p2b: Scrafty|Scrafty-Mega, L50, F|46/100 brn
|-ability|p2b: Scrafty|Intimidate|boost
|-unboost|p1a: Pelipper|atk|1
|-unboost|p1b: Garchomp|atk|1
|move|p1b: Garchomp|Earthquake|p2a: Farigiraf|[spread] p2a,p2b
|-immune|p1a: Pelipper
|-damage|p2a: Farigiraf|38/100
|-damage|p2b: Scrafty|19/100 brn
|-enditem|p2a: Farigiraf|Sitrus Berry|[eat]
|-heal|p2a: Farigiraf|63/100|[from] item: Sitrus Berry
|-damage|p1b: Garchomp|42/100|[from] item: Life Orb
|move|p1a: Pelipper|Hurricane|p2a: Farigiraf
|-damage|p2a: Farigiraf|29/100
|-start|p2a: Farigiraf|confusion
|-activate|p2a: Farigiraf|confusion
|-damage|p2a: Farigiraf|21/100|[from] confusion
|
|-weather|RainDance|[upkeep]
|-damage|p2b: Scrafty|13/100 brn|[from] brn
|upkeep
|turn|7
|inactive|anino23 has 30 seconds left.
|inactive|anino23 has 20 seconds left.
|c|â˜†lucrativelom|gg
|inactive|anino23 has 15 seconds left.
|c|â˜†lucrativelom|confusion was lucky
|inactive|anino23 has 10 seconds left.
|
|t:|1783620635
|move|p2b: Scrafty|Fake Out|p1b: Garchomp
|-damage|p1b: Garchomp|35/100
|-damage|p2b: Scrafty|1/100 brn|[from] ability: Rough Skin|[of] p1b: Garchomp
|cant|p1b: Garchomp|flinch
|move|p1a: Pelipper|Muddy Water|p2a: Farigiraf|[spread] p2b
|-miss|p1a: Pelipper|p2a: Farigiraf
|-damage|p2b: Scrafty|0 fnt
|faint|p2b: Scrafty
|-activate|p2a: Farigiraf|confusion
|move|p2a: Farigiraf|Trick Room|p2a: Farigiraf
|-fieldstart|move: Trick Room|[of] p2a: Farigiraf
|
|-weather|RainDance|[upkeep]
|upkeep
|
|t:|1783620646
|switch|p2b: Torkoal|Torkoal, L50, M|50/100g
|-weather|SunnyDay|[from] ability: Drought|[of] p2b: Torkoal
|turn|8
|c|â˜†lucrativelom|welp miss is what i get
|
|t:|1783620666
|move|p1a: Pelipper|Wide Guard|p1a: Pelipper
|-singleturn|p1a: Pelipper|Wide Guard
|move|p2b: Torkoal|Weather Ball|p1a: Pelipper
|-resisted|p1a: Pelipper|1
|-damage|p1a: Pelipper|0 fnt
|faint|p1a: Pelipper
|-activate|p2a: Farigiraf|confusion
|-damage|p2a: Farigiraf|13/100|[from] confusion
|move|p1b: Garchomp|Earthquake|p2a: Farigiraf|[spread] p2a,p2b
|-supereffective|p2b: Torkoal|1
|-damage|p2a: Farigiraf|0 fnt
|-damage|p2b: Torkoal|1/100
|faint|p2a: Farigiraf
|-damage|p1b: Garchomp|25/100|[from] item: Life Orb
|
|-weather|SunnyDay|[upkeep]
|upkeep
|
|t:|1783620687
|switch|p2a: Venusaur|Venusaur, L50, F|100/100
|switch|p1a: Sceptile|Sceptile-Mega, L50, M|100/100
|turn|9
|inactive|lucrativelom has 30 seconds left.
|inactive|lucrativelom has 20 seconds left.
|inactive|lucrativelom has 15 seconds left.
|inactive|lucrativelom has 10 seconds left.
|inactive|lucrativelom has 5 seconds left.
|
|t:|1783620742
|move|p2b: Torkoal|Weather Ball|p1b: Garchomp
|-resisted|p1b: Garchomp|1
|-damage|p1b: Garchomp|0 fnt
|faint|p1b: Garchomp
|move|p1a: Sceptile|Energy Ball|p2b: Torkoal
|-resisted|p2b: Torkoal|1
|-damage|p2b: Torkoal|0 fnt
|faint|p2b: Torkoal
|move|p2a: Venusaur|Sludge Bomb|p1a: Sceptile
|-supereffective|p1a: Sceptile|1
|-damage|p1a: Sceptile|0 fnt
|faint|p1a: Sceptile
|-damage|p2a: Venusaur|90/100|[from] item: Life Orb
|
|-weather|SunnyDay|[upkeep]
|upkeep
|inactive|lucrativelom has 30 seconds left.
|inactive|lucrativelom has 20 seconds left.
|inactive|lucrativelom has 15 seconds left.
|inactive|lucrativelom has 10 seconds left.
|inactive|lucrativelom has 5 seconds left.
|
|t:|1783620797
|switch|p1a: Rotom|Rotom-Heat, L50|29/100
|turn|10
|inactive|lucrativelom has 30 seconds left.
|inactive|lucrativelom has 20 seconds left.
|inactive|lucrativelom has 15 seconds left.
|inactive|lucrativelom has 10 seconds left.
|inactive|lucrativelom has 5 seconds left.
|
|t:|1783620852
|move|p2a: Venusaur|Protect|p2a: Venusaur
|-singleturn|p2a: Venusaur|Protect
|move|p1a: Rotom|Discharge|p2a: Venusaur
|-activate|p2a: Venusaur|move: Protect
|
|-weather|SunnyDay|[upkeep]
|upkeep
|turn|11
|inactive|lucrativelom has 30 seconds left.
|inactive|lucrativelom has 20 seconds left.
|inactive|lucrativelom has 15 seconds left.
|inactive|lucrativelom has 10 seconds left.
|inactive|lucrativelom has 5 seconds left.
|
|t:|1783620907
|move|p1a: Rotom|Discharge|p2a: Venusaur
|-resisted|p2a: Venusaur|1
|-damage|p2a: Venusaur|69/100
|-status|p2a: Venusaur|par
|move|p2a: Venusaur|Sludge Bomb|p1a: Rotom
|-damage|p1a: Rotom|0 fnt
|faint|p1a: Rotom
|-damage|p2a: Venusaur|59/100 par|[from] item: Life Orb
|
|win|anino23
||anino23 is ready for game 2.
|inactive|lucrativelom has 30 seconds to confirm battle start!
|inactive|lucrativelom has 20 seconds to confirm battle start!
|inactive|lucrativelom has 10 seconds to confirm battle start!
|uhtml|next|Next: Game 2 of 3
|l|â˜†lucrativelom
|player|p1|
