|j|☆Mr.FreakingStevens
|j|☆Cyllage Cyclones
|html|Mr.FreakingStevensCyllage Cyclones    
|uhtml|bestof|Game 2 of a best-of-3
|t:|1756247799
|gametype|doubles
|player|p1|Mr.FreakingStevens|gentleman-gen4dp|1000
|player|p2|Cyllage Cyclones|101|1026
|gen|9
|tier|[Gen 9] VGC 2025 Reg H (Bo3)
|rated|
|rule|Species Clause: Limit one of each Pokémon
|rule|Item Clause: Limit 1 of each item
|clearpoke
|poke|p1|Torkoal, L50, F|
|poke|p1|Farigiraf, L50, F|
|poke|p1|Jumpluff, L50, F|
|poke|p1|Charizard, L50, F|
|poke|p1|Ursaluna, L50, M|
|poke|p1|Garganacl, L50, F|
|poke|p2|Electabuzz, L50, M|
|poke|p2|Pelipper, L50, M|
|poke|p2|Rillaboom, L50, M|
|poke|p2|Basculegion, L50, M|
|poke|p2|Kingambit, L50, M|
|poke|p2|Archaludon, L50, M|
|teampreview|4
|showteam|p1|Torkoal||SitrusBerry|Drought|Eruption,Protect,Flamethrower,EarthPower|||F|||50|,,,,,Fire]Farigiraf||SafetyGoggles|ArmorTail|TrickRoom,DazzlingGleam,HelpingHand,Psychic|||F|||50|,,,,,Fairy]Jumpluff||FocusSash|Chlorophyll|Tailwind,Encore,PollenPuff,SleepPowder|||F|||50|,,,,,Grass]Charizard||LifeOrb|SolarPower|HeatWave,AirSlash,SolarBeam,Protect|||F|||50|,,,,,Fire]Ursaluna||FlameOrb|Guts|Facade,HighHorsepower,Protect,PlayRough|||M|||50|,,,,,Ghost]Garganacl||Leftovers|PurifyingSalt|BodyPress,Protect,SaltCure,Recover|||F|||50|,,,,,Water
|showteam|p2|Electabuzz||Eviolite|VitalSpirit|Electroweb,Protect,FollowMe,Taunt|||M|||50|,,,,,Ghost]Pelipper||FocusSash|Drizzle|WeatherBall,Hurricane,Tailwind,Protect|||M|||50|,,,,,Ghost]Rillaboom||LoadedDice|GrassySurge|BulletSeed,GrassyGlide,FakeOut,HighHorsepower|||M|||50|,,,,,Fire]Basculegion||ChoiceBand|SwiftSwim|WaveCrash,LastRespects,FlipTurn,AquaJet|||M|||50|,,,,,Grass]Kingambit||BlackGlasses|Defiant|KowtowCleave,SuckerPunch,Protect,SwordsDance|||M|||50|,,,,,Dark]Archaludon||AssaultVest|Stamina|DracoMeteor,ElectroShot,FlashCannon,BodyPress|||M|||50|,,,,,Fairy
|inactive|Battle timer is ON: inactive players will automatically lose when time's up. (requested by Cyllage Cyclones)
|inactive|Cyllage Cyclones has 60 seconds left.
|
|t:|1756247845
|teamsize|p1|4
|teamsize|p2|4
|start
|switch|p1a: Charizard|Charizard, L50, F|100/100
|switch|p1b: Jumpluff|Jumpluff, L50, F|100/100
|switch|p2a: Pelipper|Pelipper, L50, M|100/100
|switch|p2b: Basculegion|Basculegion, L50, M|100/100
|-weather|RainDance|[from] ability: Drizzle|[of] p2a: Pelipper
|turn|1
|inactive|Cyllage Cyclones has 30 seconds left.
|inactive|Cyllage Cyclones has 20 seconds left.
|inactive|Cyllage Cyclones has 15 seconds left.
|inactive|Cyllage Cyclones has 10 seconds left.
|
|t:|1756247894
|move|p1a: Charizard|Protect|p1a: Charizard
|-singleturn|p1a: Charizard|Protect
|move|p2b: Basculegion|Flip Turn|p1b: Jumpluff
|-resisted|p1b: Jumpluff
|-damage|p1b: Jumpluff|57/100
|
|t:|1756247904
|switch|p2b: Rillaboom|Rillaboom, L50, M|100/100|[from] Flip Turn
|-fieldstart|move: Grassy Terrain|[from] ability: Grassy Surge|[of] p2b: Rillaboom
|move|p1b: Jumpluff|Tailwind|p1b: Jumpluff
|-sidestart|p1: Mr.FreakingStevens|move: Tailwind
|move|p2a: Pelipper|Weather Ball|p1b: Jumpluff
|-resisted|p1b: Jumpluff
|-damage|p1b: Jumpluff|22/100
|
|-weather|RainDance|[upkeep]
|upkeep
|turn|2
|inactive|Mr.FreakingStevens has 30 seconds left.
|inactive|Cyllage Cyclones has 30 seconds left.
|inactive|Cyllage Cyclones has 20 seconds left.
|
|t:|1756247939
|switch|p1b: Torkoal|Torkoal, L50, F|100/100
|-weather|SunnyDay|[from] ability: Drought|[of] p1b: Torkoal
|move|p2b: Rillaboom|Fake Out|p1b: Torkoal
|-damage|p1b: Torkoal|90/100
|move|p1a: Charizard|Heat Wave|p2a: Pelipper|[spread] p2a,p2b
|-resisted|p2a: Pelipper
|-supereffective|p2b: Rillaboom
|-damage|p2a: Pelipper|23/100
|-damage|p2b: Rillaboom|0 fnt
|-status|p2a: Pelipper|brn
|faint|p2b: Rillaboom
|-damage|p1a: Charizard|91/100|[from] item: Life Orb
|move|p2a: Pelipper|Tailwind|p2a: Pelipper
|-sidestart|p2: Cyllage Cyclones|move: Tailwind
|
|-weather|SunnyDay|[upkeep]
|-damage|p1a: Charizard|78/100|[from] ability: Solar Power|[of] p1a: Charizard
|-heal|p1b: Torkoal|96/100|[from] Grassy Terrain
|-damage|p2a: Pelipper|17/100 brn|[from] brn
|upkeep
|
|t:|1756247961
|switch|p2b: Basculegion|Basculegion, L50, M|100/100
|turn|3
|
|t:|1756247978
|switch|p2a: Archaludon|Archaludon, L50, M|100/100
|switch|p1b: Jumpluff|Jumpluff, L50, F|22/100
|move|p1a: Charizard|Solar Beam||[still]
|-prepare|p1a: Charizard|Solar Beam
|-anim|p1a: Charizard|Solar Beam|p2b: Basculegion
|-supereffective|p2b: Basculegion
|-damage|p2b: Basculegion|0 fnt
|faint|p2b: Basculegion
|-damage|p1a: Charizard|68/100|[from] item: Life Orb
|
|-weather|SunnyDay|[upkeep]
|-damage|p1a: Charizard|56/100|[from] ability: Solar Power|[of] p1a: Charizard
|upkeep
|
|t:|1756247991
|switch|p2b: Pelipper|Pelipper, L50, M|17/100 brn
|-weather|RainDance|[from] ability: Drizzle|[of] p2b: Pelipper
|turn|4
|inactive|Cyllage Cyclones has 30 seconds left.
|
|t:|1756248017
|switch|p1b: Torkoal|Torkoal, L50, F|96/100
|-weather|SunnyDay|[from] ability: Drought|[of] p1b: Torkoal
|move|p1a: Charizard|Heat Wave|p2a: Archaludon|[spread] p2a,p2b
|-resisted|p2b: Pelipper
|-damage|p2a: Archaludon|29/100
|-damage|p2b: Pelipper|0 fnt
|-ability|p2a: Archaludon|Stamina|boost
|-boost|p2a: Archaludon|def|1
|faint|p2b: Pelipper
|-damage|p1a: Charizard|46/100|[from] item: Life Orb
|move|p2a: Archaludon|Draco Meteor|p1a: Charizard
|-damage|p1a: Charizard|0 fnt
|-unboost|p2a: Archaludon|spa|2
|faint|p1a: Charizard
|
|-weather|SunnyDay|[upkeep]
|-heal|p2a: Archaludon|35/100|[from] Grassy Terrain
|-heal|p1b: Torkoal|100/100|[from] Grassy Terrain
|-sideend|p1: Mr.FreakingStevens|move: Tailwind
|upkeep
|
|t:|1756248032
|switch|p1a: Jumpluff|Jumpluff, L50, F|22/100
|turn|5
|
|t:|1756248054
|move|p1a: Jumpluff|Encore|p2a: Archaludon
|-start|p2a: Archaludon|Encore
|move|p2a: Archaludon|Draco Meteor|p1a: Jumpluff
|-damage|p1a: Jumpluff|0 fnt
|-unboost|p2a: Archaludon|spa|2
|faint|p1a: Jumpluff
|move|p1b: Torkoal|Flamethrower|p2a: Archaludon
|-damage|p2a: Archaludon|0 fnt
|faint|p2a: Archaludon
|
|win|Mr.FreakingStevens
