|j|☆Tedi2002
|j|☆Nonnyvibrant
|html|Tedi2002Nonnyvibrant    
|uhtml|bestof|Game 2 of a best-of-3
|t:|1784893250
|gametype|doubles
|player|p1|Tedi2002|red|1172
|player|p2|Nonnyvibrant|1|1070
|gen|9
|tier|[Gen 9 Champions] VGC 2026 Reg M-B (Bo3)
|rated|
|rule|Species Clause: Limit one of each Pokémon
|rule|Item Clause: Limit 1 of each item
|clearpoke
|poke|p1|Froslass, L50, F|
|poke|p1|Raichu, L50, M|
|poke|p1|Annihilape, L50, M|
|poke|p1|Ninetales-Alola, L50, F|
|poke|p1|Incineroar, L50, M|
|poke|p1|Basculegion, L50, M|
|poke|p2|Froslass, L50, F|
|poke|p2|Blaziken, L50, M, shiny|
|poke|p2|Kingambit, L50, M, shiny|
|poke|p2|Garchomp, L50, F|
|poke|p2|Whimsicott, L50, F|
|poke|p2|Primarina, L50, M|
|teampreview|4
|showteam|p1|Froslass||Froslassite|SnowCloak|Blizzard,AuroraVeil,ShadowBall,Protect|Timid||F|||50|]Raichu||RaichuniteY|LightningRod|ZapCannon,FocusBlast,FakeOut,Protect|Naive||M|||50|]Annihilape||LifeOrb|Defiant|RageFist,DrainPunch,IcePunch,Protect|Adamant||M|||50|]Ninetales-Alola||NeverMeltIce|SnowWarning|Blizzard,FreezeDry,DazzlingGleam,Protect|Timid||F|||50|]Incineroar||ChopleBerry|Intimidate|DarkestLariat,FlareBlitz,FakeOut,PartingShot|Adamant||M|||50|]Basculegion||ChoiceScarf|SwiftSwim|WaveCrash,FlipTurn,AquaJet,LastRespects|Adamant||M|||50|
|showteam|p2|Froslass||Froslassite|CursedBody|Blizzard,ShadowBall,AuroraVeil,Protect|Modest||F|||50|]Blaziken||Blazikenite|SpeedBoost|CloseCombat,FlareBlitz,RockSlide,Protect|Adamant||M|||50|]Kingambit||OccaBerry|Defiant|KowtowCleave,Protect,IronHead,SuckerPunch|Adamant||M|||50|]Garchomp||LifeOrb|RoughSkin|RockSlide,Earthquake,StompingTantrum,Protect|Adamant||F|||50|]Whimsicott||FairyFeather|Prankster|Protect,Tailwind,Encore,Moonblast|Bold||F|||50|]Primarina||SitrusBerry|LiquidVoice|HyperVoice,Moonblast,CalmMind,Protect|Modest||M|||50|
|inactive|Battle timer is ON: inactive players will automatically lose when time's up. (requested by Tedi2002)
|
|t:|1784893276
|teamsize|p1|4
|teamsize|p2|4
|start
|switch|p1a: Raichu|Raichu, L50, M|100/100
|switch|p1b: Annihilape|Annihilape, L50, M|100/100
|switch|p2a: Blaziken|Blaziken, L50, M, shiny|100/100
|switch|p2b: Kingambit|Kingambit, L50, M, shiny|100/100
|turn|1
|inactive|Nonnyvibrant has 30 seconds left.
|
|t:|1784893308
|detailschange|p1a: Raichu|Raichu-Mega-Y, L50, M
|-mega|p1a: Raichu|Raichu|Raichunite Y
|move|p2a: Blaziken|Protect|p2a: Blaziken
|-singleturn|p2a: Blaziken|Protect
|move|p2b: Kingambit|Protect|p2b: Kingambit
|-singleturn|p2b: Kingambit|Protect
|move|p1a: Raichu|Focus Blast|p2b: Kingambit
|-activate|p2b: Kingambit|move: Protect
|move|p1b: Annihilape|Drain Punch|p2a: Blaziken
|-activate|p2a: Blaziken|move: Protect
|
|-ability|p2a: Blaziken|Speed Boost|boost
|-boost|p2a: Blaziken|spe|1
|upkeep
|turn|2
|inactive|Nonnyvibrant has 30 seconds left.
|
|t:|1784893334
|switch|p2b: Garchomp|Garchomp, L50, F|100/100
|detailschange|p2a: Blaziken|Blaziken-Mega, L50, M, shiny
|-mega|p2a: Blaziken|Blaziken|Blazikenite
|move|p1a: Raichu|Protect|p1a: Raichu
|-singleturn|p1a: Raichu|Protect
|move|p2a: Blaziken|Flare Blitz|p1a: Raichu
|-activate|p1a: Raichu|move: Protect
|move|p1b: Annihilape|Drain Punch|p2b: Garchomp
|-damage|p2b: Garchomp|56/100
|-damage|p1b: Annihilape|87/100|[from] ability: Rough Skin|[of] p2b: Garchomp
|-damage|p1b: Annihilape|78/100|[from] item: Life Orb
|
|-ability|p2a: Blaziken|Speed Boost|boost
|-boost|p2a: Blaziken|spe|1
|upkeep
|turn|3
|inactive|Nonnyvibrant has 30 seconds left.
|
|t:|1784893367
|switch|p1a: Incineroar|Incineroar, L50, M|100/100
|-ability|p1a: Incineroar|Intimidate|boost
|-unboost|p2a: Blaziken|atk|1
|-unboost|p2b: Garchomp|atk|1
|move|p2a: Blaziken|Flare Blitz|p1a: Incineroar
|-resisted|p1a: Incineroar|1
|-damage|p1a: Incineroar|76/100
|-damage|p2a: Blaziken|89/100|[from] Recoil
|move|p2b: Garchomp|Stomping Tantrum|p1a: Incineroar
|-supereffective|p1a: Incineroar|1
|-damage|p1a: Incineroar|9/100
|-damage|p2b: Garchomp|47/100|[from] item: Life Orb
|move|p1b: Annihilape|Ice Punch|p2b: Garchomp
|-supereffective|p2b: Garchomp|2
|-damage|p2b: Garchomp|0 fnt
|-damage|p1b: Annihilape|65/100|[from] ability: Rough Skin|[of] p2b: Garchomp
|faint|p2b: Garchomp
|-damage|p1b: Annihilape|56/100|[from] item: Life Orb
|
|-ability|p2a: Blaziken|Speed Boost|boost
|-boost|p2a: Blaziken|spe|1
|upkeep
|
|t:|1784893386
|switch|p2b: Primarina|Primarina, L50, M|100/100
|turn|4
|
|t:|1784893409
|move|p2a: Blaziken|Protect|p2a: Blaziken
|-singleturn|p2a: Blaziken|Protect
|move|p1a: Incineroar|Fake Out|p2a: Blaziken
|-activate|p2a: Blaziken|move: Protect
|move|p1b: Annihilape|Rage Fist|p2a: Blaziken
|-activate|p2a: Blaziken|move: Protect
|move|p2b: Primarina|Calm Mind|p2b: Primarina
|-boost|p2b: Primarina|spa|1
|-boost|p2b: Primarina|spd|1
|
|-ability|p2a: Blaziken|Speed Boost|boost
|-boost|p2a: Blaziken|spe|1
|upkeep
|turn|5
|
|t:|1784893436
|switch|p1a: Ninetales|Ninetales-Alola, L50, F|100/100
|-weather|Snowscape|[from] ability: Snow Warning|[of] p1a: Ninetales
|move|p2a: Blaziken|Flare Blitz|p1b: Annihilape
|-damage|p1b: Annihilape|7/100
|-damage|p2a: Blaziken|68/100|[from] Recoil
|move|p1b: Annihilape|Rage Fist|p2a: Blaziken
|-damage|p2a: Blaziken|0 fnt
|faint|p2a: Blaziken
|-damage|p1b: Annihilape|0 fnt|[from] item: Life Orb
|faint|p1b: Annihilape
|move|p2b: Primarina|Hyper Voice|p1a: Ninetales
|-damage|p1a: Ninetales|24/100
|
|-weather|Snowscape|[upkeep]
|upkeep
|
|t:|1784893452
|switch|p2a: Kingambit|Kingambit, L50, M, shiny|100/100
|switch|p1b: Incineroar|Incineroar, L50, M|9/100
|-ability|p1b: Incineroar|Intimidate|boost
|-unboost|p2a: Kingambit|atk|1
|-ability|p2a: Kingambit|Defiant|boost
|-boost|p2a: Kingambit|atk|2
|-unboost|p2b: Primarina|atk|1
|turn|6
|inactive|Nonnyvibrant has 30 seconds left.
|
|t:|1784893479
|move|p2b: Primarina|Protect|p2b: Primarina
|-singleturn|p2b: Primarina|Protect
|move|p2a: Kingambit|Protect|p2a: Kingambit
|-singleturn|p2a: Kingambit|Protect
|move|p1b: Incineroar|Fake Out|p2a: Kingambit
|-activate|p2a: Kingambit|move: Protect
|move|p1a: Ninetales|Freeze-Dry|p2b: Primarina
|-activate|p2b: Primarina|move: Protect
|
|-weather|Snowscape|[upkeep]
|upkeep
|turn|7
|
|t:|1784893496
|move|p2a: Kingambit|Sucker Punch|p1a: Ninetales
|-resisted|p1a: Ninetales|1
|-damage|p1a: Ninetales|0 fnt
|faint|p1a: Ninetales
|move|p2b: Primarina|Hyper Voice|p1b: Incineroar
|-supereffective|p1b: Incineroar|1
|-damage|p1b: Incineroar|0 fnt
|faint|p1b: Incineroar
|
|-weather|Snowscape|[upkeep]
|upkeep
|
|t:|1784893502
|switch|p1b: Raichu|Raichu-Mega-Y, L50, M|100/100
|turn|8
|
|t:|1784893515
|move|p2b: Primarina|Protect|p2b: Primarina
|-singleturn|p2b: Primarina|Protect
|move|p1b: Raichu|Focus Blast|p2a: Kingambit
|-supereffective|p2a: Kingambit|2
|-damage|p2a: Kingambit|0 fnt
|faint|p2a: Kingambit
|
|-weather|Snowscape|[upkeep]
|upkeep
|turn|9
|
|t:|1784893525
|move|p1b: Raichu|Zap Cannon|p2b: Primarina
|-supereffective|p2b: Primarina|1
|-damage|p2b: Primarina|33/100
|-status|p2b: Primarina|par
|-enditem|p2b: Primarina|Sitrus Berry|[eat]
|-heal|p2b: Primarina|58/100 par|[from] item: Sitrus Berry
|move|p2b: Primarina|Moonblast|p1b: Raichu
|-damage|p1b: Raichu|0 fnt
|faint|p1b: Raichu
|
|win|Nonnyvibrant
|raw|Tedi2002's rating: 1172 → 1140(-32 for losing)
|raw|Nonnyvibrant's rating: 1070 → 1108(+38 for winning)
