|j|☆mygreat
|j|☆new mental
|html|mygreatnew mental    
|uhtml|bestof|Game 2 of a best-of-3
|t:|1786127320
|gametype|doubles
|player|p1|mygreat|lance|1201
|player|p2|new mental|volkner|1164
|gen|9
|tier|[Gen 9 Champions] VGC 2026 Reg M-B (Bo3)
|rated|
|rule|Species Clause: Limit one of each Pokémon
|rule|Item Clause: Limit 1 of each item
|clearpoke
|poke|p1|Kingambit, L50, F|
|poke|p1|Glimmora, L50, F|
|poke|p1|Whimsicott, L50, M|
|poke|p1|Delphox, L50, M|
|poke|p1|Garchomp, L50, F|
|poke|p1|Staraptor, L50, M|
|poke|p2|Charizard, L50, F|
|poke|p2|Garchomp, L50, F|
|poke|p2|Incineroar, L50, M|
|poke|p2|Venusaur, L50, F|
|poke|p2|Toxapex, L50, F|
|poke|p2|Sylveon, L50, M|
|teampreview|4
|showteam|p1|Kingambit||ChopleBerry|Defiant|SuckerPunch,KowtowCleave,IronHead,LowKick|Adamant||F|||50|]Glimmora||FocusSash|ToxicDebris|SludgeBomb,PowerGem,EarthPower,SpikyShield|Timid||F|||50|]Whimsicott||OccaBerry|Prankster|Moonblast,Tailwind,FakeTears,Tickle|Timid||M|||50|]Delphox||Delphoxite|Blaze|HeatWave,Psyshock,Substitute,Protect|Modest||M|||50|]Garchomp||LifeOrb|RoughSkin|DragonClaw,Earthquake,RockSlide,Protect|Jolly||F|||50|]Staraptor||Staraptite|Intimidate|BraveBird,CloseCombat,Roost,Protect|Jolly||M|||50|
|showteam|p2|Charizard||CharizarditeY|Blaze|WeatherBall,HeatWave,AncientPower,Protect|Modest||F|||50|]Garchomp||ChoiceScarf|RoughSkin|RockSlide,DragonClaw,Earthquake,StompingTantrum|Adamant||F|||50|]Incineroar||SitrusBerry|Intimidate|FlareBlitz,FakeOut,DarkestLariat,PartingShot|Impish||M|||50|]Venusaur||LifeOrb|Chlorophyll|SludgeBomb,LeafStorm,EarthPower,Protect|Modest||F|||50|]Toxapex||Leftovers|Regenerator|Infestation,Toxic,WideGuard,BanefulBunker|Bold||F|||50|]Sylveon||FairyFeather|Pixilate|HyperVoice,QuickAttack,Yawn,Detect|Modest||M|||50|
|inactive|Battle timer is ON: inactive players will automatically lose when time's up. (requested by mygreat)
|
|t:|1786127329
|teamsize|p1|4
|teamsize|p2|4
|start
|switch|p1a: Glimmora|Glimmora, L50, F|100/100
|switch|p1b: Whimsicott|Whimsicott, L50, M|100/100
|switch|p2a: Charizard|Charizard, L50, F|100/100
|switch|p2b: Garchomp|Garchomp, L50, F|100/100
|turn|1
|
|t:|1786127348
|detailschange|p2a: Charizard|Charizard-Mega-Y, L50, F
|-mega|p2a: Charizard|Charizard|Charizardite Y
|-weather|SunnyDay|[from] ability: Drought|[of] p2a: Charizard
|move|p2a: Charizard|Protect|p2a: Charizard
|-singleturn|p2a: Charizard|Protect
|move|p1b: Whimsicott|Tailwind|p1b: Whimsicott
|-sidestart|p1: mygreat|move: Tailwind
|move|p1a: Glimmora|Power Gem|p2a: Charizard
|-activate|p2a: Charizard|move: Protect
|move|p2b: Garchomp|Earthquake|p1a: Glimmora|[spread] p1a,p1b
|-activate|p2a: Charizard|move: Protect
|-supereffective|p1a: Glimmora|2
|-resisted|p1b: Whimsicott|1
|-enditem|p1a: Glimmora|Focus Sash
|-damage|p1a: Glimmora|1/100
|-damage|p1b: Whimsicott|74/100
|-activate|p1a: Glimmora|ability: Toxic Debris
|-sidestart|p2: new mental|move: Toxic Spikes
|
|-weather|SunnyDay|[upkeep]
|upkeep
|turn|2
|
|t:|1786127370
|switch|p2b: Venusaur|Venusaur, L50, F|100/100
|-sideend|p2: new mental|move: Toxic Spikes|[of] p2b: Venusaur
|switch|p2a: Incineroar|Incineroar, L50, M|100/100
|-ability|p2a: Incineroar|Intimidate|boost
|-unboost|p1a: Glimmora|atk|1
|-unboost|p1b: Whimsicott|atk|1
|move|p1b: Whimsicott|Moonblast|p2b: Venusaur
|-resisted|p2b: Venusaur|1
|-damage|p2b: Venusaur|83/100
|move|p1a: Glimmora|Power Gem|p2a: Incineroar
|-supereffective|p2a: Incineroar|1
|-damage|p2a: Incineroar|22/100
|-enditem|p2a: Incineroar|Sitrus Berry|[eat]
|-heal|p2a: Incineroar|47/100|[from] item: Sitrus Berry
|
|-weather|SunnyDay|[upkeep]
|upkeep
|turn|3
|
|t:|1786127392
|switch|p1b: Delphox|Delphox, L50, M|100/100
|move|p1a: Glimmora|Spiky Shield|p1a: Glimmora
|-singleturn|p1a: Glimmora|move: Protect
|move|p2a: Incineroar|Fake Out|p1a: Glimmora
|-activate|p1a: Glimmora|move: Protect
|-damage|p2a: Incineroar|35/100|[from] Spiky Shield|[of] p1a: Glimmora
|move|p2b: Venusaur|Sludge Bomb|p1b: Delphox
|-damage|p1b: Delphox|42/100
|-status|p1b: Delphox|psn
|-damage|p2b: Venusaur|73/100|[from] item: Life Orb
|
|-weather|SunnyDay|[upkeep]
|-damage|p1b: Delphox|30/100 psn|[from] psn
|upkeep
|turn|4
|
|t:|1786127401
|detailschange|p1b: Delphox|Delphox-Mega, L50, M
|-mega|p1b: Delphox|Delphox|Delphoxite
|move|p2b: Venusaur|Protect|p2b: Venusaur
|-singleturn|p2b: Venusaur|Protect
|move|p1b: Delphox|Psyshock|p2b: Venusaur
|-activate|p2b: Venusaur|move: Protect
|move|p1a: Glimmora|Power Gem|p2a: Incineroar
|-supereffective|p2a: Incineroar|1
|-damage|p2a: Incineroar|0 fnt
|faint|p2a: Incineroar
|
|-weather|SunnyDay|[upkeep]
|-damage|p1b: Delphox|18/100 psn|[from] psn
|-sideend|p1: mygreat|move: Tailwind
|upkeep
|
|t:|1786127406
|switch|p2a: Garchomp|Garchomp, L50, F|100/100
|turn|5
|
|t:|1786127419
|switch|p1a: Whimsicott|Whimsicott, L50, M|74/100
|move|p2b: Venusaur|Sludge Bomb|p1a: Whimsicott
|-supereffective|p1a: Whimsicott|2
|-damage|p1a: Whimsicott|0 fnt
|faint|p1a: Whimsicott
|-damage|p2b: Venusaur|64/100|[from] item: Life Orb
|move|p2a: Garchomp|Rock Slide|p1b: Delphox|[miss]
|-miss|p2a: Garchomp|p1b: Delphox
|move|p1b: Delphox|Heat Wave|p2a: Garchomp|[spread] p2a,p2b
|-resisted|p2a: Garchomp|1
|-supereffective|p2b: Venusaur|1
|-damage|p2a: Garchomp|68/100
|-damage|p2b: Venusaur|0 fnt
|faint|p2b: Venusaur
|
|-weather|none
|-damage|p1b: Delphox|5/100 psn|[from] psn
|upkeep
|
|t:|1786127427
|switch|p1a: Garchomp|Garchomp, L50, F|100/100
|switch|p2b: Charizard|Charizard-Mega-Y, L50, F|100/100
|-weather|SunnyDay|[from] ability: Drought|[of] p2b: Charizard
|turn|6
|c|☆new mental|this game hates me
|c|☆new mental|idk
|
|t:|1786127436
|move|p2a: Garchomp|Rock Slide|p1b: Delphox|[spread] p1a,p1b
|-resisted|p1a: Garchomp|1
|-supereffective|p1b: Delphox|1
|-damage|p1a: Garchomp|89/100
|-damage|p1b: Delphox|0 fnt
|faint|p1b: Delphox
|move|p1a: Garchomp|Dragon Claw|p2a: Garchomp
|-supereffective|p2a: Garchomp|1
|-damage|p2a: Garchomp|0 fnt
|-damage|p1a: Garchomp|77/100|[from] ability: Rough Skin|[of] p2a: Garchomp
|faint|p2a: Garchomp
|-damage|p1a: Garchomp|67/100|[from] item: Life Orb
|move|p2b: Charizard|Heat Wave|p1a: Garchomp|[miss]
|-miss|p2b: Charizard|p1a: Garchomp
|
|-weather|SunnyDay|[upkeep]
|upkeep
|
|t:|1786127438
|switch|p1b: Glimmora|Glimmora, L50, F|1/100
|turn|7
|
|t:|1786127449
|move|p1a: Garchomp|Rock Slide|p2b: Charizard
|-supereffective|p2b: Charizard|2
|-damage|p2b: Charizard|0 fnt
|faint|p2b: Charizard
|-damage|p1a: Garchomp|57/100|[from] item: Life Orb
|
|win|mygreat
|raw|mygreat's rating: 1201 → 1223(+22 for winning)
|raw|new mental's rating: 1164 → 1142(-22 for losing)
