|j|☆s!dd_1
|j|☆Marvcolor
|html|s!dd_1Marvcolor    
|uhtml|bestof|Game 1 of a best-of-3
|t:|1784097899
|gametype|doubles
|player|p1|s!dd_1|flannery-gen6|1445
|player|p2|Marvcolor|giovanni|1314
|gen|9
|tier|[Gen 9 Champions] VGC 2026 Reg M-B (Bo3)
|rated|
|rule|Species Clause: Limit one of each Pokémon
|rule|Item Clause: Limit 1 of each item
|clearpoke
|poke|p1|Raichu, L50, M|
|poke|p1|Mamoswine, L50, F|
|poke|p1|Sinistcha, L50|
|poke|p1|Sylveon, L50, F|
|poke|p1|Arcanine-Hisui, L50, F|
|poke|p1|Hydreigon, L50, F|
|poke|p2|Gengar, L50, F, shiny|
|poke|p2|Politoed, L50, F, shiny|
|poke|p2|Archaludon, L50, F, shiny|
|poke|p2|Swampert, L50, M, shiny|
|poke|p2|Incineroar, L50, F, shiny|
|poke|p2|Vivillon, L50, M, shiny|
|teampreview|4
|showteam|p1|Raichu||RaichuniteY|LightningRod|ZapCannon,FocusBlast,FakeOut,Protect|Timid||M|||50|]Mamoswine||LifeOrb|Oblivious|IcicleCrash,IceShard,HighHorsepower,Protect|Adamant||F|||50|]Sinistcha||ColburBerry|Hospitality|MatchaGotcha,RagePowder,TrickRoom,Protect|Relaxed|||||50|]Sylveon||FairyFeather|Pixilate|HyperVoice,HyperBeam,CalmMind,Detect|Modest||F|||50|]Arcanine-Hisui||FocusSash|Intimidate|FlareBlitz,RockSlide,ExtremeSpeed,Protect|Adamant||F|||50|]Hydreigon||ChoiceScarf|Levitate|DracoMeteor,DarkPulse,EarthPower,Snarl|Modest||F|||50|
|showteam|p2|Gengar||Gengarite|CursedBody|ShadowBall,SludgeBomb,PerishSong,Protect|Modest||F|||50|]Politoed||SitrusBerry|Drizzle|WeatherBall,PerishSong,Encore,Protect|Calm||F|||50|]Archaludon||Leftovers|Stamina|ElectroShot,DragonPulse,FlashCannon,Protect|Bold||F|||50|]Swampert||Swampertite|Damp|WaveCrash,Earthquake,IcePunch,Protect|Adamant||M|||50|]Incineroar||PasshoBerry|Intimidate|ThroatChop,PartingShot,Protect,FakeOut|Sassy||F|||50|]Vivillon||FocusSash|CompoundEyes|Hurricane,SleepPowder,RagePowder,Protect|Timid||M|||50|
|inactive|Battle timer is ON: inactive players will automatically lose when time's up. (requested by Marvcolor)
|inactive|s!dd_1 also wants the timer to be on.
|inactive|s!dd_1 has 60 seconds left.
|inactive|Marvcolor has 60 seconds left.
|inactive|s!dd_1 has 30 seconds left.
|
|t:|1784097960
|teamsize|p1|4
|teamsize|p2|4
|start
|switch|p1a: Gipsy Danger|Raichu, L50, M|100/100
|switch|p1b: Atlas|Hydreigon, L50, F|100/100
|switch|p2a: 3R|Swampert, L50, M, shiny|100/100
|switch|p2b: Time Walk|Vivillon, L50, M, shiny|100/100
|turn|1
|
|t:|1784097976
|detailschange|p1a: Gipsy Danger|Raichu-Mega-Y, L50, M
|-mega|p1a: Gipsy Danger|Raichu|Raichunite Y
|detailschange|p2a: 3R|Swampert-Mega, L50, M, shiny
|-mega|p2a: 3R|Swampert|Swampertite
|move|p2b: Time Walk|Protect|p2b: Time Walk
|-singleturn|p2b: Time Walk|Protect
|move|p2a: 3R|Protect|p2a: 3R
|-singleturn|p2a: 3R|Protect
|move|p1a: Gipsy Danger|Fake Out|p2a: 3R
|-activate|p2a: 3R|move: Protect
|move|p1b: Atlas|Dark Pulse|p2b: Time Walk
|-activate|p2b: Time Walk|move: Protect
|
|upkeep
|turn|2
|inactive|Marvcolor has 30 seconds left.
|inactive|Marvcolor has 20 seconds left.
|inactive|Marvcolor has 15 seconds left.
|
|t:|1784098020
|switch|p2b: Connect|Politoed, L50, F, shiny|100/100
|-weather|RainDance|[from] ability: Drizzle|[of] p2b: Connect
|move|p1a: Gipsy Danger|Protect|p1a: Gipsy Danger
|-singleturn|p1a: Gipsy Danger|Protect
|move|p2a: 3R|Earthquake|p1a: Gipsy Danger|[spread] p2b
|-activate|p1a: Gipsy Danger|move: Protect
|-immune|p1b: Atlas|[from] ability: Levitate
|-damage|p2b: Connect|53/100
|move|p1b: Atlas|Dark Pulse|p2b: Connect
|-damage|p2b: Connect|18/100
|-enditem|p2b: Connect|Sitrus Berry|[eat]
|-heal|p2b: Connect|43/100|[from] item: Sitrus Berry
|
|-weather|RainDance|[upkeep]
|upkeep
|turn|3
|
|t:|1784098044
|switch|p1a: Shaolin|Sinistcha, L50|100/100
|move|p2a: 3R|Ice Punch|p1b: Atlas
|-supereffective|p1b: Atlas|1
|-damage|p1b: Atlas|32/100
|move|p1b: Atlas|Dark Pulse|p2b: Connect
|-damage|p2b: Connect|11/100
|move|p2b: Connect|Weather Ball|p1a: Shaolin
|-resisted|p1a: Shaolin|1
|-damage|p1a: Shaolin|76/100
|
|-weather|RainDance|[upkeep]
|upkeep
|turn|4
|inactive|Marvcolor has 30 seconds left.
|
|t:|1784098075
|switch|p1b: Vulcan|Sylveon, L50, F|100/100
|switch|p2b: Centralian|Archaludon, L50, F, shiny|100/100
|move|p2a: 3R|Protect|p2a: 3R
|-singleturn|p2a: 3R|Protect
|move|p1a: Shaolin|Trick Room|p1a: Shaolin
|-fieldstart|move: Trick Room|[of] p1a: Shaolin
|
|-weather|RainDance|[upkeep]
|upkeep
|turn|5
|
|t:|1784098092
|switch|p2a: Time Walk|Vivillon, L50, M, shiny|100/100
|move|p1a: Shaolin|Matcha Gotcha|p2b: Centralian|[spread] p2a,p2b
|-resisted|p2a: Time Walk|2
|-resisted|p2b: Centralian|2
|-damage|p2a: Time Walk|87/100
|-heal|p1a: Shaolin|82/100|[from] drain|[of] p2a: Time Walk
|-damage|p2b: Centralian|94/100
|-heal|p1a: Shaolin|84/100|[from] drain|[of] p2b: Centralian
|-ability|p2b: Centralian|Stamina|boost
|-boost|p2b: Centralian|def|1
|move|p1b: Vulcan|Hyper Voice|p2b: Centralian|[spread] p2a,p2b
|-damage|p2a: Time Walk|0 fnt
|-damage|p2b: Centralian|47/100
|-ability|p2b: Centralian|Stamina|boost
|-boost|p2b: Centralian|def|1
|faint|p2a: Time Walk
|move|p2b: Centralian|Electro Shot||[still]
|-prepare|p2b: Centralian|Electro Shot
|-boost|p2b: Centralian|spa|1
|-anim|p2b: Centralian|Electro Shot|p1b: Vulcan
|-damage|p1b: Vulcan|63/100
|
|-weather|RainDance|[upkeep]
|-heal|p2b: Centralian|54/100|[from] item: Leftovers
|upkeep
|
|t:|1784098114
|switch|p2a: Connect|Politoed, L50, F, shiny|11/100
|turn|6
|
|t:|1784098120
|move|p2a: Connect|Protect|p2a: Connect
|-singleturn|p2a: Connect|Protect
|move|p1a: Shaolin|Matcha Gotcha|p2b: Centralian|[spread] p2b
|-activate|p2a: Connect|move: Protect
|-resisted|p2b: Centralian|2
|-damage|p2b: Centralian|47/100
|-heal|p1a: Shaolin|88/100|[from] drain|[of] p2b: Centralian
|-ability|p2b: Centralian|Stamina|boost
|-boost|p2b: Centralian|def|1
|move|p1b: Vulcan|Hyper Beam|p2b: Centralian
|-damage|p2b: Centralian|0 fnt
|-mustrecharge|p1b: Vulcan
|faint|p2b: Centralian
|
|-weather|none
|upkeep
|
|t:|1784098132
|switch|p2b: 3R|Swampert-Mega, L50, M, shiny|100/100
|turn|7
|-message|Marvcolor forfeited.
|
|win|s!dd_1
|l|☆Marvcolor
|player|p2|
||Marvcolor is ready for game 2.
||s!dd_1 is ready for game 2.
|uhtml|next|Next: Game 2 of 3
|l|☆s!dd_1
|player|p1|
|j|☆Marvcolor
|player|p2|Marvcolor|giovanni|
