|j|☆Noyomi
|j|☆gio0314
|html|Noyomigio0314    
|uhtml|bestof|Game 1 of a best-of-3
|t:|1785114899
|gametype|doubles
|player|p1|Noyomi|pokemonrangerf|
|player|p2|gio0314|102|
|gen|9
|tier|[Gen 9 Champions] VGC 2026 Reg M-B (Bo3)
|rule|Species Clause: Limit one of each Pokémon
|rule|Item Clause: Limit 1 of each item
|clearpoke
|poke|p1|Charizard, L50, F|
|poke|p1|Garchomp, L50, M|
|poke|p1|Sneasler, L50, M|
|poke|p1|Venusaur, L50, M|
|poke|p1|Milotic, L50, M|
|poke|p1|Ampharos, L50, F|
|poke|p2|Lucario, L50, F|
|poke|p2|Sableye, L50, M|
|poke|p2|Lycanroc-Dusk, L50, M|
|poke|p2|Luxray, L50, M|
|poke|p2|Hydreigon, L50, F|
|poke|p2|Talonflame, L50, F|
|teampreview|4
|showteam|p1|Charizard||CharizarditeY|Blaze|HeatWave,SolarBeam,Protect,ScorchingSands|Timid||F|||50|]Garchomp||SitrusBerry|RoughSkin|Earthquake,DragonClaw,Protect,RockSlide|Adamant||M|||50|]Sneasler||WhiteHerb|Unburden|CloseCombat,DireClaw,FakeOut,Protect|Adamant||M|||50|]Venusaur||FocusSash|Chlorophyll|SleepPowder,SludgeBomb,Protect,GigaDrain|Timid||M|||50|]Milotic||Leftovers|Competitive|Scald,IcyWind,Protect,LifeDew|Bold||M|||50|]Ampharos||Ampharosite|Static|DragonPulse,ParabolicCharge,Protect,LightScreen|Modest||F|||50|
|showteam|p2|Lucario||Lucarionite|InnerFocus|CloseCombat,MeteorMash,Protect,Crunch|Jolly||F|||50|]Sableye||SitrusBerry|Prankster|Reflect,KnockOff,Encore,LightScreen|Careful||M|||50|]Lycanroc-Dusk||LifeOrb|ToughClaws|RockSlide,Accelerock,CloseCombat,Protect|Jolly||M|||50|]Luxray||ShucaBerry|Intimidate|Superpower,HelpingHand,Protect,WildCharge|Adamant||M|||50|]Hydreigon||FocusSash|Levitate|EarthPower,DracoMeteor,DarkPulse,Protect|Modest||F|||50|]Talonflame|||GaleWings|Acrobatics,Tailwind,FlareBlitz,Uturn|Jolly||F|||50|
|j| nagc_17
|
|t:|1785114944
|teamsize|p1|4
|teamsize|p2|4
|start
|switch|p1a: Sssssss|Milotic, L50, M|100/100
|switch|p1b: Chi|Ampharos, L50, F|100/100
|switch|p2a: Boyer|Sableye, L50, M|100/100
|switch|p2b: Negreiron|Hydreigon, L50, F|100/100
|turn|1
|
|t:|1785114958
|detailschange|p1b: Chi|Ampharos-Mega, L50, F
|-mega|p1b: Chi|Ampharos|Ampharosite
|-ability|p1b: Chi|Mold Breaker
|move|p2a: Boyer|Light Screen|p2a: Boyer
|-sidestart|p2: gio0314|move: Light Screen
|move|p2b: Negreiron|Earth Power|p1b: Chi
|-supereffective|p1b: Chi|1
|-damage|p1b: Chi|44/100
|move|p1a: Sssssss|Icy Wind|p2a: Boyer|[spread] p2a,p2b
|-supereffective|p2b: Negreiron|1
|-damage|p2a: Boyer|92/100
|-damage|p2b: Negreiron|83/100
|-unboost|p2a: Boyer|spe|1
|-unboost|p2b: Negreiron|spe|1
|move|p1b: Chi|Light Screen|p1b: Chi
|-sidestart|p1: Noyomi|move: Light Screen
|
|upkeep
|turn|2
|
|t:|1785114989
|switch|p1b: Ku-chau|Sneasler, L50, M|100/100
|move|p2a: Boyer|Encore||[still]
|-fail|p2a: Boyer
|move|p1a: Sssssss|Scald|p2a: Boyer
|-damage|p2a: Boyer|70/100
|move|p2b: Negreiron|Earth Power|p1b: Ku-chau
|-supereffective|p1b: Ku-chau|1
|-damage|p1b: Ku-chau|36/100
|
|upkeep
|turn|3
|
|t:|1785115020
|move|p2b: Negreiron|Protect|p2b: Negreiron
|-singleturn|p2b: Negreiron|Protect
|move|p1b: Ku-chau|Close Combat|p2b: Negreiron
|-activate|p2b: Negreiron|move: Protect
|move|p1a: Sssssss|Icy Wind|p2b: Negreiron|[spread] p2a
|-activate|p2b: Negreiron|move: Protect
|-damage|p2a: Boyer|61/100
|-unboost|p2a: Boyer|spe|1
|move|p2a: Boyer|Knock Off|p1a: Sssssss
|-crit|p1a: Sssssss
|-damage|p1a: Sssssss|69/100
|-enditem|p1a: Sssssss|Leftovers|[from] move: Knock Off|[of] p2a: Boyer
|
|upkeep
|turn|4
|
|t:|1785115067
|switch|p1b: Chi|Ampharos-Mega, L50, F|44/100
|-ability|p1b: Chi|Mold Breaker
|move|p1a: Sssssss|Icy Wind|p2a: Boyer|[spread] p2a,p2b
|-supereffective|p2b: Negreiron|1
|-damage|p2a: Boyer|54/100
|-damage|p2b: Negreiron|68/100
|-unboost|p2a: Boyer|spe|1
|-unboost|p2b: Negreiron|spe|1
|move|p2b: Negreiron|Earth Power|p1b: Chi
|-supereffective|p1b: Chi|1
|-damage|p1b: Chi|7/100
|move|p2a: Boyer|Knock Off|p1b: Chi
|-damage|p1b: Chi|0 fnt
|faint|p1b: Chi
|
|upkeep
|
|t:|1785115081
|switch|p1b: Ku-chau|Sneasler, L50, M|36/100
|turn|5
|
|t:|1785115113
|move|p2a: Boyer|Reflect|p2a: Boyer
|-sidestart|p2: gio0314|Reflect
|move|p1b: Ku-chau|Close Combat|p2b: Negreiron
|-supereffective|p2b: Negreiron|1
|-damage|p2b: Negreiron|0 fnt
|-unboost|p1b: Ku-chau|def|1
|-unboost|p1b: Ku-chau|spd|1
|faint|p2b: Negreiron
|-enditem|p1b: Ku-chau|White Herb
|-clearnegativeboost|p1b: Ku-chau|[silent]
|move|p1a: Sssssss|Scald|p2a: Boyer
|-damage|p2a: Boyer|31/100
|-enditem|p2a: Boyer|Sitrus Berry|[eat]
|-heal|p2a: Boyer|56/100|[from] item: Sitrus Berry
|
|-sideend|p2: gio0314|move: Light Screen
|-sideend|p1: Noyomi|move: Light Screen
|upkeep
|
|t:|1785115139
|switch|p2b: Lucyfah|Luxray, L50, M|100/100
|-ability|p2b: Lucyfah|Intimidate|boost
|-unboost|p1a: Sssssss|atk|1
|-ability|p1a: Sssssss|Competitive|boost
|-boost|p1a: Sssssss|spa|2
|-unboost|p1b: Ku-chau|atk|1
|turn|6
|
|t:|1785115169
|move|p2a: Boyer|Light Screen|p2a: Boyer
|-sidestart|p2: gio0314|move: Light Screen
|move|p1b: Ku-chau|Close Combat|p2b: Lucyfah
|-damage|p2b: Lucyfah|65/100
|-unboost|p1b: Ku-chau|def|1
|-unboost|p1b: Ku-chau|spd|1
|move|p1a: Sssssss|Scald|p2a: Boyer
|-damage|p2a: Boyer|7/100
|-status|p2a: Boyer|brn
|move|p2b: Lucyfah|Wild Charge|p1a: Sssssss
|-supereffective|p1a: Sssssss|1
|-damage|p1a: Sssssss|0 fnt
|faint|p1a: Sssssss
|-damage|p2b: Lucyfah|47/100|[from] Recoil
|
|-damage|p2a: Boyer|1/100 brn|[from] brn
|upkeep
|
|t:|1785115184
|switch|p1a: Uy temblaste|Garchomp, L50, M|100/100
|turn|7
|
|t:|1785115257
|move|p1b: Ku-chau|Protect|p1b: Ku-chau
|-singleturn|p1b: Ku-chau|Protect
|move|p1a: Uy temblaste|Protect|p1a: Uy temblaste
|-singleturn|p1a: Uy temblaste|Protect
|move|p2b: Lucyfah|Superpower|p1a: Uy temblaste
|-activate|p1a: Uy temblaste|move: Protect
|move|p2a: Boyer|Knock Off|p1b: Ku-chau
|-activate|p1b: Ku-chau|move: Protect
|
|-damage|p2a: Boyer|0 fnt|[from] brn
|faint|p2a: Boyer
|upkeep
|
|t:|1785115272
|switch|p2a: Lukas|Lucario, L50, F|100/100
|turn|8
|
|t:|1785115299
|detailschange|p2a: Lukas|Lucario-Mega, L50, F
|-mega|p2a: Lukas|Lucario|Lucarionite
|move|p2b: Lucyfah|Helping Hand|p2a: Lukas
|-singleturn|p2a: Lukas|Helping Hand|[of] p2b: Lucyfah
|move|p1b: Ku-chau|Close Combat|p2a: Lukas
|-supereffective|p2a: Lukas|1
|-crit|p2a: Lukas
|-damage|p2a: Lukas|0 fnt
|-unboost|p1b: Ku-chau|def|1
|-unboost|p1b: Ku-chau|spd|1
|faint|p2a: Lukas
|move|p1a: Uy temblaste|Dragon Claw|p2b: Lucyfah
|-damage|p2b: Lucyfah|14/100
|
|upkeep
|turn|9
|
|t:|1785115343
|move|p1b: Ku-chau|Protect|p1b: Ku-chau
|-singleturn|p1b: Ku-chau|Protect
|move|p1a: Uy temblaste|Earthquake|p2b: Lucyfah|[spread] p2b
|-activate|p1b: Ku-chau|move: Protect
|-supereffective|p2b: Lucyfah|1
|-enditem|p2b: Lucyfah|Shuca Berry|[eat]
|-enditem|p2b: Lucyfah|Shuca Berry|[weaken]
|-damage|p2b: Lucyfah|0 fnt
|faint|p2b: Lucyfah
|
|win|Noyomi
