|j|☆Noel42069
|j|☆FarigiBoy
|html|Noel42069FarigiBoy    
|uhtml|bestof|Game 1 of a best-of-3
|t:|1782626671
|gametype|doubles
|player|p1|Noel42069|drayden|1056
|player|p2|FarigiBoy|giovanni|1106
|gen|9
|tier|[Gen 9 Champions] VGC 2026 Reg M-B (Bo3)
|rated|
|rule|Species Clause: Limit one of each Pokémon
|rule|Item Clause: Limit 1 of each item
|clearpoke
|poke|p1|Mawile, L50, F|
|poke|p1|Pelipper, L50, F|
|poke|p1|Basculegion, L50, M|
|poke|p1|Archaludon, L50, M|
|poke|p1|Swampert, L50, F|
|poke|p1|Sinistcha, L50|
|poke|p2|Delphox, L50, F|
|poke|p2|Gholdengo, L50|
|poke|p2|Scrafty, L50, M|
|poke|p2|Garchomp, L50, F|
|poke|p2|Sinistcha-Masterpiece, L50|
|poke|p2|Primarina, L50, F|
|teampreview|4
|showteam|p1|Mawile||Mawilite|HyperCutter|PlayRough,SuckerPunch,Protect,BrickBreak|Adamant||F|||50|]Pelipper||FocusSash|Drizzle|WeatherBall,Hurricane,Protect,Tailwind|Modest||F|||50|]Basculegion||ChoiceScarf|Adaptability|AquaJet,LastRespects,WaveCrash,FlipTurn|Jolly||M|||50|]Archaludon||Leftovers|Stamina|FlashCannon,DragonPulse,ElectroShot,Protect|Modest||M|||50|]Swampert||Swampertite|Torrent|HighHorsepower,Protect,IcePunch,WaveCrash|Adamant||F|||50|]Sinistcha||SitrusBerry|Hospitality|MatchaGotcha,TrickRoom,RagePowder,Protect|Calm|||||50|
|showteam|p2|Delphox||Delphoxite|Blaze|HeatWave,Psychic,Encore,Protect|Timid||F|||50|]Gholdengo||ChoiceScarf|GoodasGold|MakeItRain,ShadowBall,PowerGem,Trick|Timid|||||50|]Scrafty||Scraftinite|Intimidate|DrainPunch,Crunch,BulkUp,FakeOut|Adamant||M|||50|]Garchomp||LifeOrb|RoughSkin|Earthquake,DragonClaw,RockSlide,Protect|Jolly||F|||50|]Sinistcha-Masterpiece||CobaBerry|Hospitality|MatchaGotcha,RagePowder,TrickRoom,Protect|Bold|||||50|]Primarina||Leftovers|LiquidVoice|HyperVoice,Moonblast,CalmMind,Protect|Modest||F|||50|
|
|t:|1782626706
|teamsize|p1|4
|teamsize|p2|4
|start
|switch|p1a: Ñuberu|Pelipper, L50, F|100/100
|switch|p1b: Cuelebre|Archaludon, L50, M|100/100
|switch|p2a: Scrafty|Scrafty, L50, M|100/100
|switch|p2b: Gholdengo|Gholdengo, L50|100/100
|-weather|RainDance|[from] ability: Drizzle|[of] p1a: Ñuberu
|-ability|p2a: Scrafty|Intimidate|boost
|-unboost|p1a: Ñuberu|atk|1
|-unboost|p1b: Cuelebre|atk|1
|turn|1
|
|t:|1782626746
|detailschange|p2a: Scrafty|Scrafty-Mega, L50, M
|-mega|p2a: Scrafty|Scrafty|Scraftinite
|-ability|p2a: Scrafty|Intimidate|boost
|-unboost|p1a: Ñuberu|atk|1
|-unboost|p1b: Cuelebre|atk|1
|move|p2a: Scrafty|Fake Out|p1a: Ñuberu
|-damage|p1a: Ñuberu|81/100
|move|p2b: Gholdengo|Shadow Ball|p1a: Ñuberu
|-damage|p1a: Ñuberu|2/100
|cant|p1a: Ñuberu|flinch
|move|p1b: Cuelebre|Electro Shot||[still]
|-prepare|p1b: Cuelebre|Electro Shot
|-boost|p1b: Cuelebre|spa|1
|-anim|p1b: Cuelebre|Electro Shot|p2b: Gholdengo
|-damage|p2b: Gholdengo|30/100
|
|-weather|RainDance|[upkeep]
|upkeep
|turn|2
|
|t:|1782626770
|move|p1a: Ñuberu|Protect|p1a: Ñuberu
|-singleturn|p1a: Ñuberu|Protect
|move|p2b: Gholdengo|Shadow Ball|p1a: Ñuberu
|-activate|p1a: Ñuberu|move: Protect
|move|p1b: Cuelebre|Electro Shot||[still]
|-prepare|p1b: Cuelebre|Electro Shot
|-boost|p1b: Cuelebre|spa|1
|-anim|p1b: Cuelebre|Electro Shot|p2a: Scrafty
|-damage|p2a: Scrafty|37/100
|move|p2a: Scrafty|Drain Punch|p1b: Cuelebre
|-supereffective|p1b: Cuelebre|1
|-damage|p1b: Cuelebre|31/100
|-heal|p2a: Scrafty|76/100|[from] drain|[of] p1b: Cuelebre
|-ability|p1b: Cuelebre|Stamina|boost
|-boost|p1b: Cuelebre|def|1
|
|-weather|RainDance|[upkeep]
|-heal|p1b: Cuelebre|38/100|[from] item: Leftovers
|upkeep
|turn|3
|
|t:|1782626794
|move|p1b: Cuelebre|Protect|p1b: Cuelebre
|-singleturn|p1b: Cuelebre|Protect
|move|p2b: Gholdengo|Shadow Ball|p1a: Ñuberu
|-damage|p1a: Ñuberu|0 fnt
|faint|p1a: Ñuberu
|move|p2a: Scrafty|Drain Punch|p1b: Cuelebre
|-activate|p1b: Cuelebre|move: Protect
|
|-weather|RainDance|[upkeep]
|-heal|p1b: Cuelebre|44/100|[from] item: Leftovers
|upkeep
|
|t:|1782626808
|switch|p1a: Xana|Mawile, L50, F|100/100
|turn|4
|
|t:|1782626822
|switch|p2b: Garchomp|Garchomp, L50, F|100/100
|switch|p1b: Busgosu|Basculegion, L50, M|100/100
|detailschange|p1a: Xana|Mawile-Mega, L50, F
|-mega|p1a: Xana|Mawile|Mawilite
|move|p1a: Xana|Sucker Punch||[still]
|-fail|p1a: Xana
|move|p2a: Scrafty|Drain Punch|p1b: Busgosu
|-immune|p1b: Busgosu
|
|-weather|RainDance|[upkeep]
|upkeep
|turn|5
|
|t:|1782626845
|move|p1b: Busgosu|Last Respects|p2a: Scrafty
|-resisted|p2a: Scrafty|1
|-damage|p2a: Scrafty|50/100y
|move|p2b: Garchomp|Earthquake|p1b: Busgosu|[spread] p2a,p1a,p1b
|-supereffective|p1a: Xana|1
|-damage|p2a: Scrafty|9/100
|-damage|p1a: Xana|0 fnt
|-damage|p1b: Busgosu|40/100
|faint|p1a: Xana
|-damage|p2b: Garchomp|90/100|[from] item: Life Orb
|move|p2a: Scrafty|Crunch|p1b: Busgosu
|-supereffective|p1b: Busgosu|1
|-damage|p1b: Busgosu|0 fnt
|faint|p1b: Busgosu
|
|-weather|none
|upkeep
|
|t:|1782626863
|switch|p1b: Cuelebre|Archaludon, L50, M|44/100
|turn|6
|
|t:|1782626884
|move|p2b: Garchomp|Dragon Claw|p1b: Cuelebre
|-damage|p1b: Cuelebre|6/100
|-ability|p1b: Cuelebre|Stamina|boost
|-boost|p1b: Cuelebre|def|1
|-damage|p2b: Garchomp|80/100|[from] item: Life Orb
|move|p1b: Cuelebre|Dragon Pulse|p2b: Garchomp
|-supereffective|p2b: Garchomp|1
|-crit|p2b: Garchomp
|-damage|p2b: Garchomp|0 fnt
|faint|p2b: Garchomp
|move|p2a: Scrafty|Drain Punch|p1b: Cuelebre
|-supereffective|p1b: Cuelebre|1
|-damage|p1b: Cuelebre|0 fnt
|-heal|p2a: Scrafty|12/100|[from] drain|[of] p1b: Cuelebre
|faint|p1b: Cuelebre
|
|win|FarigiBoy
|l|☆Noel42069
|player|p1|
||Noel42069 is ready for game 2.
||FarigiBoy is ready for game 2.
|uhtml|next|Next: Game 2 of 3
