|j|☆VenuDaAscoInRain
|j|☆SomeKidJon
|html|VenuDaAscoInRainSomeKidJon    
|uhtml|bestof|Game 2 of a best-of-3
|t:|1783288962
|gametype|doubles
|player|p1|VenuDaAscoInRain|li|1292
|player|p2|SomeKidJon|scientistf|1296
|gen|9
|tier|[Gen 9 Champions] VGC 2026 Reg M-B (Bo3)
|rated|
|rule|Species Clause: Limit one of each Pokémon
|rule|Item Clause: Limit 1 of each item
|clearpoke
|poke|p1|Charizard, L50, M, shiny|
|poke|p1|Farigiraf, L50, M, shiny|
|poke|p1|Kingambit, L50, M, shiny|
|poke|p1|Sylveon, L50, M, shiny|
|poke|p1|Aerodactyl, L50, M, shiny|
|poke|p1|Garchomp, L50, M, shiny|
|poke|p2|Camerupt, L50, F|
|poke|p2|Farigiraf, L50, F|
|poke|p2|Primarina, L50, M|
|poke|p2|Scrafty, L50, M|
|poke|p2|Lopunny, L50, F|
|poke|p2|Hatterene, L50, F|
|teampreview|4
|showteam|p1|Charizard||CharizarditeY|SolarPower|Protect,WeatherBall,HeatWave,SolarBeam|Modest||M|||50|]Farigiraf||ExpertBelt|ArmorTail|HelpingHand,TwinBeam,Thunderbolt,TrickRoom|Bold||M|||50|]Kingambit||FocusSash|Defiant|KowtowCleave,SuckerPunch,IronHead,LowKick|Adamant||M|||50|]Sylveon||FairyFeather|Pixilate|Detect,HyperVoice,HyperBeam,QuickAttack|Modest||M|||50|]Aerodactyl||Aerodactylite|Unnerve|IceFang,RockSlide,DualWingbeat,Tailwind|Jolly||M|||50|]Garchomp||LifeOrb|RoughSkin|Protect,RockSlide,DragonClaw,Earthquake|Adamant||M|||50|
|showteam|p2|Camerupt||Cameruptite|SolidRock|Protect,AncientPower,EarthPower,HeatWave|Quiet||F|||50|]Farigiraf||SitrusBerry|ArmorTail|Protect,HelpingHand,DazzlingGleam,TrickRoom|Bold||F|||50|]Primarina||Leftovers|LiquidVoice|Protect,CalmMind,HyperVoice,Moonblast|Modest||M|||50|]Scrafty||ExpertBelt|Intimidate|FakeOut,ThroatChop,CloseCombat,IronHead|Adamant||M|||50|]Lopunny||Lopunnite|Klutz|FakeOut,AfterYou,CloseCombat,TripleAxel|Jolly||F|||50|]Hatterene||LifeOrb|MagicBounce|Psychic,TrickRoom,Protect,DazzlingGleam|Modest||F|||50|
|inactive|Battle timer is ON: inactive players will automatically lose when time's up. (requested by VenuDaAscoInRain)
|
|t:|1783288992
|teamsize|p1|4
|teamsize|p2|4
|start
|switch|p1a: Aerodactyl|Aerodactyl, L50, M, shiny|100/100
|switch|p1b: Kingambit|Kingambit, L50, M, shiny|100/100
|switch|p2a: Lopunny|Lopunny, L50, F|100/100
|switch|p2b: Primarina|Primarina, L50, M|100/100
|-ability|p1a: Aerodactyl|Unnerve
|turn|1
|
|t:|1783289004
|switch|p1b: Farigiraf|Farigiraf, L50, M, shiny|100/100
|detailschange|p1a: Aerodactyl|Aerodactyl-Mega, L50, M, shiny
|-mega|p1a: Aerodactyl|Aerodactyl|Aerodactylite
|move|p2a: Lopunny|Fake Out||[still]
|cant|p1b: Farigiraf|ability: Armor Tail|Fake Out|[of] p2a: Lopunny
|move|p1a: Aerodactyl|Dual Wingbeat|p2a: Lopunny
|-damage|p2a: Lopunny|63/100
|-damage|p2a: Lopunny|27/100
|-hitcount|p2a: Lopunny|2
|move|p2b: Primarina|Hyper Voice|p1b: Farigiraf|[spread] p1a,p1b
|-supereffective|p1a: Aerodactyl|1
|-damage|p1a: Aerodactyl|26/100
|-damage|p1b: Farigiraf|64/100
|
|upkeep
|turn|2
|
|t:|1783289015
|switch|p2a: Camerupt|Camerupt, L50, F|100/100
|move|p1a: Aerodactyl|Rock Slide|p2a: Camerupt|[spread] p2a,p2b
|-damage|p2a: Camerupt|64/100
|-damage|p2b: Primarina|71/100
|move|p1b: Farigiraf|Thunderbolt|p2b: Primarina
|-supereffective|p2b: Primarina|1
|-damage|p2b: Primarina|22/100
|move|p2b: Primarina|Hyper Voice|p1a: Aerodactyl|[spread] p1a,p1b
|-supereffective|p1a: Aerodactyl|1
|-damage|p1a: Aerodactyl|0 fnt
|-damage|p1b: Farigiraf|30/100
|faint|p1a: Aerodactyl
|
|-heal|p2b: Primarina|28/100|[from] item: Leftovers
|upkeep
|
|t:|1783289021
|switch|p1a: Kingambit|Kingambit, L50, M, shiny|100/100
|turn|3
|
|t:|1783289028
|detailschange|p2a: Camerupt|Camerupt-Mega, L50, F
|-mega|p2a: Camerupt|Camerupt|Cameruptite
|move|p1a: Kingambit|Kowtow Cleave|p2a: Camerupt
|-damage|p2a: Camerupt|10/100
|move|p2b: Primarina|Hyper Voice|p1a: Kingambit|[spread] p1a,p1b
|-damage|p1a: Kingambit|59/100
|-damage|p1b: Farigiraf|0 fnt
|faint|p1b: Farigiraf
|move|p2a: Camerupt|Heat Wave|p1a: Kingambit
|-supereffective|p1a: Kingambit|1
|-damage|p1a: Kingambit|0 fnt
|faint|p1a: Kingambit
|
|-heal|p2b: Primarina|34/100|[from] item: Leftovers
|upkeep
|
|t:|1783289031
|switch|p1b: Garchomp|Garchomp, L50, M, shiny|100/100
|turn|4
|
|t:|1783289036
|move|p2b: Primarina|Protect|p2b: Primarina
|-singleturn|p2b: Primarina|Protect
|move|p1b: Garchomp|Earthquake|p2a: Camerupt|[spread] p2a
|-activate|p2b: Primarina|move: Protect
|-supereffective|p2a: Camerupt|1
|-damage|p2a: Camerupt|0 fnt
|faint|p2a: Camerupt
|-damage|p1b: Garchomp|90/100|[from] item: Life Orb
|
|-heal|p2b: Primarina|40/100|[from] item: Leftovers
|upkeep
|
|t:|1783289039
|switch|p2a: Lopunny|Lopunny, L50, F|27/100
|turn|5
|
|t:|1783289042
|move|p2a: Lopunny|Fake Out|p1b: Garchomp
|-damage|p1b: Garchomp|78/100
|-damage|p2a: Lopunny|15/100|[from] ability: Rough Skin|[of] p1b: Garchomp
|cant|p1b: Garchomp|flinch
|move|p2b: Primarina|Calm Mind|p2b: Primarina
|-boost|p2b: Primarina|spa|1
|-boost|p2b: Primarina|spd|1
|
|-heal|p2b: Primarina|46/100|[from] item: Leftovers
|upkeep
|turn|6
|
|t:|1783289045
|move|p2a: Lopunny|After You|p2b: Primarina
|-activate|p2b: Primarina|move: After You
|move|p2b: Primarina|Moonblast|p1b: Garchomp
|-supereffective|p1b: Garchomp|1
|-damage|p1b: Garchomp|0 fnt
|faint|p1b: Garchomp
|
|win|SomeKidJon
|raw|VenuDaAscoInRain's rating: 1292 → 1267(-25 for losing)
|raw|SomeKidJon's rating: 1296 → 1321(+25 for winning)
