|j|☆BobbySamuel
|j|☆DrXJ13
|html|BobbySamuelDrXJ13    
|uhtml|bestof|Game 2 of a best-of-3
|t:|1756979228
|gametype|doubles
|player|p1|BobbySamuel|benga|1118
|player|p2|DrXJ13|102|1131
|gen|9
|tier|[Gen 9] VGC 2025 Reg H (Bo3)
|rated|
|rule|Species Clause: Limit one of each Pokémon
|rule|Item Clause: Limit 1 of each item
|clearpoke
|poke|p1|Politoed, L50, F|
|poke|p1|Gothitelle, L50, F|
|poke|p1|Kingdra, L50, M|
|poke|p1|Archaludon, L50, M|
|poke|p1|Amoonguss, L50, M|
|poke|p1|Incineroar, L50, F|
|poke|p2|Sinistcha, L50|
|poke|p2|Ursaluna-Bloodmoon, L50, M|
|poke|p2|Incineroar, L50, M|
|poke|p2|Sneasler, L50, F|
|poke|p2|Dragonite, L50, F|
|poke|p2|Corviknight, L50, F|
|teampreview|4
|showteam|p1|Politoed||Leftovers|Drizzle|Protect,PerishSong,WeatherBall,Encore|||F|||50|,,,,,Grass]Gothitelle||SitrusBerry|ShadowTag|Protect,FakeOut,Psychic,TrickRoom|||F|||50|,,,,,Dark]Kingdra||LifeOrb|SwiftSwim|Protect,WeatherBall,DracoMeteor,MuddyWater|||M|||50|,,,,,Stellar]Archaludon||PowerHerb|Sturdy|Protect,ElectroShot,DragonPulse,FlashCannon|||M|||50|,,,,,Electric]Amoonguss||EjectButton|Regenerator|Protect,PollenPuff,RagePowder,Spore|||M|||50|,,,,,Fairy]Incineroar||SafetyGoggles|Intimidate|Protect,FakeOut,KnockOff,PartingShot|||F|||50|,,,,,Ghost
|showteam|p2|Sinistcha||RockyHelmet|Hospitality|MatchaGotcha,ShadowBall,TrickRoom,RagePowder||||||50|,,,,,Water]Ursaluna-Bloodmoon||Leftovers|MindsEye|HyperVoice,EarthPower,CalmMind,Protect|||M|||50|,,,,,Dragon]Incineroar||SafetyGoggles|Intimidate|FakeOut,KnockOff,FlareBlitz,PartingShot|||M|||50|,,,,,Ghost]Sneasler||FocusSash|Unburden|Coaching,DireClaw,CloseCombat,Protect|||F|||50|,,,,,Stellar]Dragonite||LoadedDice|Multiscale|ScaleShot,ExtremeSpeed,Haze,Protect|||F|||50|,,,,,Fairy]Corviknight||CovertCloak|MirrorArmor|DualWingbeat,Tailwind,IronHead,Taunt|||F|||50|,,,,,Dragon
|inactive|Battle timer is ON: inactive players will automatically lose when time's up. (requested by DrXJ13)
|inactive|BobbySamuel also wants the timer to be on.
|
|t:|1756979255
|teamsize|p1|4
|teamsize|p2|4
|start
|switch|p1a: Incineroar|Incineroar, L50, F|100/100
|switch|p1b: Gothitelle|Gothitelle, L50, F|100/100
|switch|p2a: Té (en) tazas|Sinistcha, L50|100/100
|switch|p2b: Toño|Incineroar, L50, M|100/100
|-ability|p2b: Toño|Intimidate|boost
|-unboost|p1a: Incineroar|atk|1
|-unboost|p1b: Gothitelle|atk|1
|-ability|p1a: Incineroar|Intimidate|boost
|-unboost|p2a: Té (en) tazas|atk|1
|-unboost|p2b: Toño|atk|1
|turn|1
|
|t:|1756979277
|move|p2b: Toño|Parting Shot|p1b: Gothitelle
|-unboost|p1b: Gothitelle|atk|1
|-unboost|p1b: Gothitelle|spa|1
|
|t:|1756979285
|switch|p2b: Wellington|Ursaluna-Bloodmoon, L50, M|100/100|[from] Parting Shot
|move|p1a: Incineroar|Knock Off|p2a: Té (en) tazas
|-supereffective|p2a: Té (en) tazas
|-damage|p2a: Té (en) tazas|53/100
|-damage|p1a: Incineroar|84/100|[from] item: Rocky Helmet|[of] p2a: Té (en) tazas
|-enditem|p2a: Té (en) tazas|Rocky Helmet|[from] move: Knock Off|[of] p1a: Incineroar
|move|p2a: Té (en) tazas|Trick Room|p2a: Té (en) tazas
|-fieldstart|move: Trick Room|[of] p2a: Té (en) tazas
|move|p1b: Gothitelle|Trick Room|p1b: Gothitelle
|-fieldend|move: Trick Room
|
|upkeep
|turn|2
|inactive|BobbySamuel has 30 seconds left.
|inactive|BobbySamuel has 20 seconds left.
|inactive|BobbySamuel has 15 seconds left.
|
|t:|1756979326
|switch|p2a: Toño|Incineroar, L50, M|100/100
|-ability|p2a: Toño|Intimidate|boost
|-unboost|p1a: Incineroar|atk|1
|-unboost|p1b: Gothitelle|atk|1
|move|p2b: Wellington|Calm Mind|p2b: Wellington
|-boost|p2b: Wellington|spa|1
|-boost|p2b: Wellington|spd|1
|move|p1b: Gothitelle|Psychic|p2a: Toño
|-immune|p2a: Toño
|move|p1a: Incineroar|Parting Shot|p2b: Wellington
|-unboost|p2b: Wellington|atk|1
|-unboost|p2b: Wellington|spa|1
|
|t:|1756979341
|switch|p1a: Kingdra|Kingdra, L50, M, shiny|100/100|[from] Parting Shot
|
|upkeep
|turn|3
|inactive|BobbySamuel has 30 seconds left.
|inactive|BobbySamuel has 20 seconds left.
|
|t:|1756979376
|switch|p1b: Politoed|Politoed, L50, F|100/100
|-weather|RainDance|[from] ability: Drizzle|[of] p1b: Politoed
|move|p1a: Kingdra|Protect|p1a: Kingdra
|-singleturn|p1a: Kingdra|Protect
|move|p2a: Toño|Fake Out|p1a: Kingdra
|-activate|p1a: Kingdra|move: Protect
|move|p2b: Wellington|Calm Mind|p2b: Wellington
|-boost|p2b: Wellington|spa|1
|-boost|p2b: Wellington|spd|1
|
|-weather|RainDance|[upkeep]
|upkeep
|turn|4
|inactive|BobbySamuel has 30 seconds left.
|inactive|BobbySamuel has 20 seconds left.
|
|t:|1756979412
|switch|p2a: Té (en) tazas|Sinistcha, L50|53/100
|move|p2b: Wellington|Protect|p2b: Wellington
|-singleturn|p2b: Wellington|Protect
|move|p1a: Kingdra|Muddy Water|p2a: Té (en) tazas|[spread] p2a
|-activate|p2b: Wellington|move: Protect
|-resisted|p2a: Té (en) tazas
|-damage|p2a: Té (en) tazas|29/100
|-unboost|p2a: Té (en) tazas|accuracy|1
|-damage|p1a: Kingdra|91/100|[from] item: Life Orb
|move|p1b: Politoed|Encore|p2b: Wellington
|-activate|p2b: Wellington|move: Protect
|
|-weather|RainDance|[upkeep]
|upkeep
|turn|5
|inactive|BobbySamuel has 30 seconds left.
|inactive|BobbySamuel has 20 seconds left.
|inactive|BobbySamuel has 15 seconds left.
|
|t:|1756979452
|-terastallize|p1b: Politoed|Grass
|-terastallize|p2b: Wellington|Dragon
|move|p2a: Té (en) tazas|Rage Powder|p2a: Té (en) tazas
|-singleturn|p2a: Té (en) tazas|move: Rage Powder
|move|p1a: Kingdra|Muddy Water|p2b: Wellington|[spread] p2a,p2b
|-resisted|p2a: Té (en) tazas
|-resisted|p2b: Wellington
|-damage|p2a: Té (en) tazas|2/100
|-damage|p2b: Wellington|88/100
|-unboost|p2a: Té (en) tazas|accuracy|1
|-damage|p1a: Kingdra|81/100|[from] item: Life Orb
|move|p1b: Politoed|Encore|p2b: Wellington
|-start|p2b: Wellington|Encore
|move|p2b: Wellington|Protect||[still]
|-fail|p2b: Wellington
|
|-weather|RainDance|[upkeep]
|-heal|p2b: Wellington|94/100|[from] item: Leftovers
|upkeep
|turn|6
|inactive|BobbySamuel has 30 seconds left.
|
|t:|1756979477
|switch|p2a: Maximiliano|Corviknight, L50, F|100/100
|move|p2b: Wellington|Protect|p2b: Wellington
|-singleturn|p2b: Wellington|Protect
|move|p1a: Kingdra|Weather Ball|p2a: Maximiliano
|-damage|p2a: Maximiliano|9/100
|-damage|p1a: Kingdra|71/100|[from] item: Life Orb
|move|p1b: Politoed|Perish Song|p1b: Politoed
|-start|p1a: Kingdra|perish3|[silent]
|-start|p1b: Politoed|perish3|[silent]
|-start|p2a: Maximiliano|perish3|[silent]
|-start|p2b: Wellington|perish3|[silent]
|-fieldactivate|move: Perish Song
|
|-weather|RainDance|[upkeep]
|-heal|p2b: Wellington|99/100|[from] item: Leftovers
|-start|p1a: Kingdra|perish3
|-start|p2a: Maximiliano|perish3
|-start|p1b: Politoed|perish3
|-start|p2b: Wellington|perish3
|upkeep
|turn|7
|inactive|BobbySamuel has 30 seconds left.
|
|t:|1756979509
|move|p2b: Wellington|Protect||[still]
|-fail|p2b: Wellington
|move|p1a: Kingdra|Weather Ball|p2a: Maximiliano
|-damage|p2a: Maximiliano|0 fnt
|faint|p2a: Maximiliano
|-damage|p1a: Kingdra|61/100|[from] item: Life Orb
|move|p1b: Politoed|Weather Ball|p2b: Wellington
|-resisted|p2b: Wellington
|-damage|p2b: Wellington|88/100
|
|-weather|none
|-heal|p2b: Wellington|94/100|[from] item: Leftovers
|-end|p2b: Wellington|Encore
|-start|p1a: Kingdra|perish2
|-start|p1b: Politoed|perish2
|-start|p2b: Wellington|perish2
|upkeep
|
|t:|1756979521
|switch|p2a: Toño|Incineroar, L50, M|100/100
|-ability|p2a: Toño|Intimidate|boost
|-unboost|p1a: Kingdra|atk|1
|-unboost|p1b: Politoed|atk|1
|turn|8
|inactive|BobbySamuel has 30 seconds left.
|inactive|BobbySamuel has 20 seconds left.
|inactive|BobbySamuel has 15 seconds left.
|inactive|BobbySamuel has 10 seconds left.
|inactive|BobbySamuel has 5 seconds left.
|
|t:|1756979571
|switch|p1a: Incineroar|Incineroar, L50, F|84/100
|-ability|p1a: Incineroar|Intimidate|boost
|-unboost|p2a: Toño|atk|1
|-unboost|p2b: Wellington|atk|1
|switch|p2b: Té (en) tazas|Sinistcha, L50|2/100
|move|p1b: Politoed|Protect|p1b: Politoed
|-singleturn|p1b: Politoed|Protect
|move|p2a: Toño|Parting Shot|p1a: Incineroar
|-unboost|p1a: Incineroar|atk|1
|-unboost|p1a: Incineroar|spa|1
|
|t:|1756979580
|switch|p2a: Wellington|Ursaluna-Bloodmoon, L50, M, tera:Dragon|94/100|[from] Parting Shot
|
|-heal|p2a: Wellington|100/100|[from] item: Leftovers
|-start|p1b: Politoed|perish1
|upkeep
|turn|9
|
|t:|1756979609
|switch|p1b: Gothitelle|Gothitelle, L50, F|100/100
|switch|p2b: Toño|Incineroar, L50, M|100/100
|-ability|p2b: Toño|Intimidate|boost
|-unboost|p1a: Incineroar|atk|1
|-unboost|p1b: Gothitelle|atk|1
|move|p2a: Wellington|Hyper Voice|p1b: Gothitelle|[spread] p1a,p1b
|-damage|p1a: Incineroar|58/100
|-damage|p1b: Gothitelle|73/100
|move|p1a: Incineroar|Knock Off|p2b: Toño
|-resisted|p2b: Toño
|-damage|p2b: Toño|93/100
|-enditem|p2b: Toño|Safety Goggles|[from] move: Knock Off|[of] p1a: Incineroar
|
|upkeep
|turn|10
|inactive|BobbySamuel has 30 seconds left.
|inactive|DrXJ13 has 30 seconds left.
|
|t:|1756979640
|move|p1b: Gothitelle|Protect|p1b: Gothitelle
|-singleturn|p1b: Gothitelle|Protect
|move|p2b: Toño|Knock Off|p1a: Incineroar
|-resisted|p1a: Incineroar
|-damage|p1a: Incineroar|42/100
|-enditem|p1a: Incineroar|Safety Goggles|[from] move: Knock Off|[of] p2b: Toño
|move|p2a: Wellington|Hyper Voice|p1a: Incineroar|[spread] p1a
|-activate|p1b: Gothitelle|move: Protect
|-damage|p1a: Incineroar|15/100
|move|p1a: Incineroar|Parting Shot|p2a: Wellington
|-unboost|p2a: Wellington|atk|1
|-unboost|p2a: Wellington|spa|1
|
|t:|1756979652
|switch|p1a: Kingdra|Kingdra, L50, M, shiny|61/100|[from] Parting Shot
|
|upkeep
|turn|11
|
|t:|1756979674
|switch|p1b: Politoed|Politoed, L50, F, tera:Grass|100/100
|-weather|RainDance|[from] ability: Drizzle|[of] p1b: Politoed
|move|p2a: Wellington|Protect|p2a: Wellington
|-singleturn|p2a: Wellington|Protect
|move|p1a: Kingdra|Weather Ball|p2b: Toño
|-supereffective|p2b: Toño
|-damage|p2b: Toño|0 fnt
|faint|p2b: Toño
|-damage|p1a: Kingdra|51/100|[from] item: Life Orb
|
|-weather|RainDance|[upkeep]
|upkeep
|
|t:|1756979679
|switch|p2b: Té (en) tazas|Sinistcha, L50|2/100
|turn|12
|-message|DrXJ13 forfeited.
|
|win|BobbySamuel
||DrXJ13 is ready for game 3.
||BobbySamuel is ready for game 3.
|uhtml|next|Next: Game 3 of 3
