|j|☆danicruz.music
|j|☆SuperPokeVGC
|html|danicruz.musicSuperPokeVGC    
|uhtml|bestof|Game 1 of a best-of-3
|t:|1756603675
|gametype|doubles
|player|p1|danicruz.music|whitney|1155
|player|p2|SuperPokeVGC|ltsurge|1228
|gen|9
|tier|[Gen 9] VGC 2025 Reg H (Bo3)
|rated|
|rule|Species Clause: Limit one of each Pokémon
|rule|Item Clause: Limit 1 of each item
|clearpoke
|poke|p1|Dondozo, L50, F|
|poke|p1|Tatsugiri, L50, F|
|poke|p1|Pelipper, L50, M|
|poke|p1|Archaludon, L50, M|
|poke|p1|Corviknight, L50, M|
|poke|p1|Rillaboom, L50, M|
|poke|p2|Incineroar, L50, M|
|poke|p2|Rillaboom, L50, F|
|poke|p2|Rotom-Wash, L50|
|poke|p2|Ursaluna-Bloodmoon, L50, M|
|poke|p2|Sneasler, L50, F|
|poke|p2|Dragonite, L50, F|
|teampreview|4
|showteam|p1|Dondozo||Leftovers|Unaware|WaveCrash,Earthquake,OrderUp,Protect|||F|||50|,,,,,Ground]Tatsugiri||FocusSash|Commander|DragonPulse,DracoMeteor,MuddyWater,IcyWind|||F|||50|,,,,,Fairy]Pelipper||CovertCloak|Drizzle|Hurricane,WeatherBall,WideGuard,Tailwind|||M|||50|,,,,,Water]Archaludon||PowerHerb|Stalwart|ElectroShot,MeteorBeam,DracoMeteor,Protect|||M|||50|,,,,,Electric]Corviknight||SitrusBerry|Unnerve|BraveBird,Tailwind,Roost,Protect|||M|||50|,,,,,Flying]Rillaboom||AssaultVest|GrassySurge|GrassyGlide,WoodHammer,FakeOut,Uturn|||M|||50|,,,,,Grass
|showteam|p2|Incineroar||SafetyGoggles|Intimidate|FakeOut,KnockOff,FlareBlitz,PartingShot|||M|||50|,,,,,Ghost]Rillaboom||AssaultVest|GrassySurge|FakeOut,GrassyGlide,WoodHammer,Uturn|||F|||50|,,,,,Fire]Rotom-Wash||ChoiceSpecs|Levitate|HydroPump,Thunderbolt,VoltSwitch,Trick||||||50|,,,,,Steel]Ursaluna-Bloodmoon||Leftovers|MindsEye|BloodMoon,EarthPower,Yawn,Protect|||M|||50|,,,,,Ghost]Sneasler||FocusSash|Unburden|DireClaw,CloseCombat,Coaching,Protect|||F|||50|,,,,,Stellar]Dragonite||LoadedDice|Multiscale|ScaleShot,ExtremeSpeed,LowKick,Protect|||F|||50|,,,,,Fairy
|inactive|Battle timer is ON: inactive players will automatically lose when time's up. (requested by SuperPokeVGC)
|inactive|danicruz.music also wants the timer to be on.
|inactive|SuperPokeVGC has 60 seconds left.
|
|t:|1756603731
|teamsize|p1|4
|teamsize|p2|4
|start
|switch|p1a: Rillaboom|Rillaboom, L50, M|100/100
|switch|p1b: Dondozo|Dondozo, L50, F|100/100
|switch|p2a: Ursaluna|Ursaluna-Bloodmoon, L50, M|100/100
|switch|p2b: Incineroar|Incineroar, L50, M|100/100
|-fieldstart|move: Grassy Terrain|[from] ability: Grassy Surge|[of] p1a: Rillaboom
|-ability|p2b: Incineroar|Intimidate|boost
|-unboost|p1a: Rillaboom|atk|1
|-unboost|p1b: Dondozo|atk|1
|turn|1
|
|t:|1756603752
|switch|p1b: Corviknight|Corviknight, L50, M|100/100
|-ability|p1b: Corviknight|Unnerve
|move|p2a: Ursaluna|Protect|p2a: Ursaluna
|-singleturn|p2a: Ursaluna|Protect
|move|p1a: Rillaboom|Wood Hammer|p2a: Ursaluna
|-activate|p2a: Ursaluna|move: Protect
|move|p2b: Incineroar|Parting Shot|p1b: Corviknight
|-unboost|p1b: Corviknight|atk|1
|-unboost|p1b: Corviknight|spa|1
|
|t:|1756603771
|switch|p2b: Rillaboom|Rillaboom, L50, F|100/100|[from] Parting Shot
|
|upkeep
|turn|2
|
|t:|1756603795
|switch|p2a: Incineroar|Incineroar, L50, M|100/100
|-ability|p2a: Incineroar|Intimidate|boost
|-unboost|p1a: Rillaboom|atk|1
|-unboost|p1b: Corviknight|atk|1
|move|p2b: Rillaboom|Fake Out|p1b: Corviknight
|-resisted|p1b: Corviknight
|-damage|p1b: Corviknight|96/100
|move|p1a: Rillaboom|U-turn|p2b: Rillaboom
|-supereffective|p2b: Rillaboom
|-damage|p2b: Rillaboom|76/100
|
|t:|1756603808
|switch|p1a: Dondozo|Dondozo, L50, F|100/100|[from] U-turn
|cant|p1b: Corviknight|flinch
|
|-heal|p2b: Rillaboom|82/100|[from] Grassy Terrain
|upkeep
|turn|3
|inactive|SuperPokeVGC has 30 seconds left.
|inactive|SuperPokeVGC has 20 seconds left.
|
|t:|1756603844
|switch|p2a: Rotom|Rotom-Wash, L50|100/100
|move|p1a: Dondozo|Protect|p1a: Dondozo
|-singleturn|p1a: Dondozo|Protect
|move|p2b: Rillaboom|U-turn|p1b: Corviknight
|-resisted|p1b: Corviknight
|-damage|p1b: Corviknight|92/100
|
|t:|1756603850
|switch|p2b: Incineroar|Incineroar, L50, M|100/100|[from] U-turn
|-ability|p2b: Incineroar|Intimidate|boost
|-unboost|p1a: Dondozo|atk|1
|-unboost|p1b: Corviknight|atk|1
|move|p1b: Corviknight|Brave Bird|p2b: Incineroar
|-damage|p2b: Incineroar|87/100
|-damage|p1b: Corviknight|88/100|[from] Recoil
|
|-heal|p2b: Incineroar|93/100|[from] Grassy Terrain
|upkeep
|turn|4
|
|t:|1756603867
|switch|p1a: Rillaboom|Rillaboom, L50, M|100/100
|move|p2b: Incineroar|Fake Out|p1a: Rillaboom
|-damage|p1a: Rillaboom|89/100
|move|p2a: Rotom|Volt Switch|p1b: Corviknight
|-supereffective|p1b: Corviknight
|-damage|p1b: Corviknight|0 fnt
|faint|p1b: Corviknight
|
|t:|1756603878
|switch|p2a: Rillaboom|Rillaboom, L50, F|82/100|[from] Volt Switch
|
|-heal|p1a: Rillaboom|95/100|[from] Grassy Terrain
|-heal|p2a: Rillaboom|88/100|[from] Grassy Terrain
|-heal|p2b: Incineroar|99/100|[from] Grassy Terrain
|upkeep
|
|t:|1756603886
|switch|p1b: Tatsugiri|Tatsugiri, L50, F|100/100
|turn|5
|
|t:|1756603897
|move|p1a: Rillaboom|Fake Out|p2b: Incineroar
|-damage|p2b: Incineroar|86/100
|move|p2a: Rillaboom|Fake Out|p1b: Tatsugiri
|-damage|p1b: Tatsugiri|70/100
|cant|p1b: Tatsugiri|flinch
|cant|p2b: Incineroar|flinch
|
|-heal|p1a: Rillaboom|100/100|[from] Grassy Terrain
|-heal|p1b: Tatsugiri|75/100|[from] Grassy Terrain
|-heal|p2a: Rillaboom|94/100|[from] Grassy Terrain
|-heal|p2b: Incineroar|92/100|[from] Grassy Terrain
|-fieldend|move: Grassy Terrain
|upkeep
|turn|6
|inactive|SuperPokeVGC has 30 seconds left.
|-message|danicruz.music forfeited.
|
|win|SuperPokeVGC
||danicruz.music is ready for game 2.
||SuperPokeVGC is ready for game 2.
|uhtml|next|Next: Game 2 of 3
