|j|☆KodeBeast0526
|j|☆azj06
|html|KodeBeast0526azj06    
|uhtml|bestof|Game 1 of a best-of-3
|t:|1783522687
|gametype|doubles
|player|p1|KodeBeast0526|hiker|1152
|player|p2|azj06|169|1162
|gen|9
|tier|[Gen 9 Champions] VGC 2026 Reg M-B (Bo3)
|rated|
|rule|Species Clause: Limit one of each Pokémon
|rule|Item Clause: Limit 1 of each item
|clearpoke
|poke|p1|Garchomp, L50, M, shiny|
|poke|p1|Staraptor, L50, M, shiny|
|poke|p1|Whimsicott, L50, F, shiny|
|poke|p1|Rotom-Heat, L50|
|poke|p1|Incineroar, L50, M, shiny|
|poke|p1|Gholdengo, L50|
|poke|p2|Blastoise, L50, M|
|poke|p2|Incineroar, L50, M|
|poke|p2|Sinistcha, L50|
|poke|p2|Kingambit, L50, M|
|poke|p2|Sneasler, L50, F|
|poke|p2|Floette-Eternal, L50, F|
|teampreview|4
|showteam|p1|Garchomp||LifeOrb|RoughSkin|Earthquake,Protect,RockSlide,DragonClaw|Adamant||M|||50|]Staraptor||Staraptite|Intimidate|BraveBird,CloseCombat,Roost,Protect|Jolly||M|||50|]Whimsicott||FocusSash|Prankster|Moonblast,Tailwind,Tickle,FakeTears|Timid||F|||50|]Rotom-Heat||ChoiceScarf|Levitate|Discharge,Overheat,ShadowBall,Trick|Modest|||||50|]Incineroar||SitrusBerry|Intimidate|FakeOut,PartingShot,FlareBlitz,DarkestLariat|Impish||M|||50|]Gholdengo||WiseGlasses|GoodasGold|Protect,ShadowBall,MakeItRain,NastyPlot|Modest|||||50|
|showteam|p2|Blastoise||Blastoisinite|RainDish|Protect,ShellSmash,WaterSpout,DarkPulse|Modest||M|||50|]Incineroar||SitrusBerry|Intimidate|PartingShot,FlareBlitz,HelpingHand,FakeOut|Impish||M|||50|]Sinistcha||OccaBerry|Hospitality|RagePowder,MatchaGotcha,TrickRoom,Protect|Bold|||||50|]Kingambit||BlackGlasses|Defiant|Protect,SwordsDance,KowtowCleave,SuckerPunch|Adamant||M|||50|]Sneasler||FocusSash|PoisonTouch|CloseCombat,DireClaw,RockTomb,FakeOut|Jolly||F|||50|]Floette-Eternal||Floettite|FlowerVeil|Protect,CalmMind,Moonblast,DazzlingGleam|Modest||F|||50|
|inactive|Battle timer is ON: inactive players will automatically lose when time's up. (requested by azj06)
|inactive|azj06 has 60 seconds left.
|
|t:|1783522728
|teamsize|p1|4
|teamsize|p2|4
|start
|switch|p1a: Garchomp|Garchomp, L50, M, shiny|100/100
|switch|p1b: Rotom|Rotom-Heat, L50|100/100
|switch|p2a: Incineroar|Incineroar, L50, M|100/100
|switch|p2b: Floette|Floette-Eternal, L50, F|100/100
|-ability|p2a: Incineroar|Intimidate|boost
|-unboost|p1a: Garchomp|atk|1
|-unboost|p1b: Rotom|atk|1
|turn|1
|inactive|azj06 has 30 seconds left.
|inactive|azj06 has 20 seconds left.
|
|t:|1783522764
|detailschange|p2b: Floette|Floette-Mega, L50, F
|-mega|p2b: Floette|Floette|Floettite
|-ability|p2b: Floette|Fairy Aura
|move|p2a: Incineroar|Fake Out|p1a: Garchomp
|-damage|p1a: Garchomp|89/100
|-damage|p2a: Incineroar|87/100|[from] ability: Rough Skin|[of] p1a: Garchomp
|move|p1b: Rotom|Discharge|p2a: Incineroar|[spread] p2a,p2b
|-immune|p1a: Garchomp
|-damage|p2a: Incineroar|65/100
|-damage|p2b: Floette|76/100
|move|p2b: Floette|Calm Mind|p2b: Floette
|-boost|p2b: Floette|spa|1
|-boost|p2b: Floette|spd|1
|cant|p1a: Garchomp|flinch
|
|upkeep
|turn|2
|
|t:|1783522784
|move|p1b: Rotom|Discharge|p2b: Floette|[spread] p2a,p2b
|-immune|p1a: Garchomp
|-damage|p2a: Incineroar|44/100
|-damage|p2b: Floette|59/100
|-status|p2a: Incineroar|par
|-enditem|p2a: Incineroar|Sitrus Berry|[eat]
|-heal|p2a: Incineroar|68/100 par|[from] item: Sitrus Berry
|move|p2b: Floette|Dazzling Gleam|p1b: Rotom|[spread] p1a,p1b
|-supereffective|p1a: Garchomp|1
|-resisted|p1b: Rotom|1
|-damage|p1a: Garchomp|0 fnt
|-damage|p1b: Rotom|59/100
|faint|p1a: Garchomp
|move|p2a: Incineroar|Parting Shot|p1b: Rotom
|-unboost|p1b: Rotom|atk|1
|-unboost|p1b: Rotom|spa|1
|
|t:|1783522800
|switch|p2a: Sneasler|Sneasler, L50, F|100/100|[from] Parting Shot
|
|upkeep
|
|t:|1783522812
|switch|p1a: Staraptor|Staraptor, L50, M, shiny|100/100
|-ability|p1a: Staraptor|Intimidate|boost
|-unboost|p2a: Sneasler|atk|1
|-unboost|p2b: Floette|atk|1
|turn|3
|
|t:|1783522832
|switch|p1b: Whimsicott|Whimsicott, L50, F, shiny|100/100
|switch|p2a: Incineroar|Incineroar, L50, M|68/100 par
|-ability|p2a: Incineroar|Intimidate|boost
|-unboost|p1a: Staraptor|atk|1
|-unboost|p1b: Whimsicott|atk|1
|detailschange|p1a: Staraptor|Staraptor-Mega, L50, M, shiny
|-mega|p1a: Staraptor|Staraptor|Staraptite
|move|p1a: Staraptor|Protect|p1a: Staraptor
|-singleturn|p1a: Staraptor|Protect
|move|p2b: Floette|Protect||[still]
|-fail|p2b: Floette
|
|upkeep
|turn|4
|
|t:|1783522856
|switch|p1a: Rotom|Rotom-Heat, L50|59/100
|move|p2a: Incineroar|Fake Out|p1b: Whimsicott
|-damage|p1b: Whimsicott|83/100
|cant|p1b: Whimsicott|flinch
|move|p2b: Floette|Moonblast|p1a: Rotom
|-resisted|p1a: Rotom|1
|-damage|p1a: Rotom|0 fnt
|faint|p1a: Rotom
|
|upkeep
|
|t:|1783522861
|switch|p1a: Staraptor|Staraptor-Mega, L50, M, shiny|100/100
|turn|5
|
|t:|1783522881
|move|p1b: Whimsicott|Tailwind|p1b: Whimsicott
|-sidestart|p1: KodeBeast0526|move: Tailwind
|move|p1a: Staraptor|Close Combat|p2a: Incineroar
|-supereffective|p2a: Incineroar|1
|-damage|p2a: Incineroar|0 fnt
|-boost|p1a: Staraptor|def|1
|-boost|p1a: Staraptor|spd|1
|faint|p2a: Incineroar
|move|p2b: Floette|Moonblast|p1a: Staraptor
|-supereffective|p1a: Staraptor|1
|-damage|p1a: Staraptor|0 fnt
|faint|p1a: Staraptor
|
|upkeep
|-message|KodeBeast0526 forfeited.
|
|win|azj06
|l|☆KodeBeast0526
|player|p1|
|j|☆KodeBeast0526
|player|p1|KodeBeast0526|hiker|
