|j|☆whipq
|j|☆UncAshty
|html|whipqUncAshty    
|uhtml|bestof|Game 3 of a best-of-3
|t:|1785731227
|gametype|doubles
|player|p1|whipq|169|
|player|p2|UncAshty|101|
|gen|9
|tier|[Gen 9 Champions] VGC 2026 Reg M-B (Bo3)
|rule|Species Clause: Limit one of each Pokémon
|rule|Item Clause: Limit 1 of each item
|clearpoke
|poke|p1|Oranguru, L50, M, shiny|
|poke|p1|Aegislash, L50, F, shiny|
|poke|p1|Simipour, L50, F, shiny|
|poke|p1|Chesnaught, L50, F, shiny|
|poke|p1|Snorlax, L50, M, shiny|
|poke|p1|Steelix, L50, M, shiny|
|poke|p2|Palafin, L50, M|
|poke|p2|Pelipper, L50, M|
|poke|p2|Swampert, L50, F|
|poke|p2|Raichu, L50, F|
|poke|p2|Skarmory, L50, M|
|poke|p2|Meganium, L50, M|
|teampreview|4
|showteam|p1|Oranguru||MentalHerb|InnerFocus|Instruct,HyperVoice,Protect,TrickRoom|Sassy||M|||50|]Aegislash||Leftovers|StanceChange|KingsShield,ShadowClaw,IronHead,DestinyBond|Careful||F|||50|]Simipour||SitrusBerry|Gluttony|FlipTurn,FakeOut,GrassKnot,Protect|Hasty||F|||50|]Chesnaught||Chesnaughtite|Bulletproof|DrainPunch,BodyPress,SpikyShield,SeedBomb|Impish||F|||50|]Snorlax||ChestoBerry|ThickFat|Counter,Protect,SupercellSlam,Rest|Careful||M|||50|]Steelix||Steelixite|SheerForce|DrillRun,HeavySlam,FireFang,Protect|Adamant||M|||50|
|showteam|p2|Palafin||MysticWater|ZerotoHero|FlipTurn,JetPunch,DrainPunch,Taunt|Jolly||M|||50|]Pelipper||FocusSash|Drizzle|Tailwind,Protect,WeatherBall,Hurricane|Bold||M|||50|]Swampert||Swampertite|Torrent|Earthquake,WaveCrash,KnockOff,BrickBreak|Adamant||F|||50|]Raichu||RaichuniteY|LightningRod|Thunder,ZapCannon,FocusBlast,FakeOut|Hasty||F|||50|]Skarmory||Leftovers|Sturdy|BraveBird,BodyPress,Spikes,NightSlash|Serious||M|||50|]Meganium||Meganiumite|Overgrow|DazzlingGleam,GigaDrain,WeatherBall,Reflect|Timid||M|||50|
|j| KoopaPlays
|
|t:|1785731302
|teamsize|p1|4
|teamsize|p2|4
|start
|switch|p1a: the goat|Oranguru, L50, M, shiny|100/100
|switch|p1b: Simipour|Simipour, L50, F, shiny|100/100
|switch|p2a: Palafin|Palafin, L50, M|100/100
|switch|p2b: Meganium|Meganium, L50, M|100/100
|turn|1
|
|t:|1785731340
|detailschange|p2b: Meganium|Meganium-Mega, L50, M
|-mega|p2b: Meganium|Meganium|Meganiumite
|move|p1b: Simipour|Fake Out|p2b: Meganium
|-damage|p2b: Meganium|87/100
|move|p2a: Palafin|Flip Turn|p1a: the goat
|-damage|p1a: the goat|70/100
|
|t:|1785731375
|detailschange|p2a: Palafin|Palafin-Hero, L50, M
|switch|p2a: Pelipper|Pelipper, L50, M|100/100|[from] Flip Turn
|-weather|RainDance|[from] ability: Drizzle|[of] p2a: Pelipper
|cant|p2b: Meganium|flinch
|move|p1a: the goat|Trick Room|p1a: the goat
|-fieldstart|move: Trick Room|[of] p1a: the goat
|
|-weather|RainDance|[upkeep]
|upkeep
|turn|2
|
|t:|1785731393
|switch|p1a: Aegislash|Aegislash, L50, F, shiny|100/100
|switch|p1b: Steelix|Steelix, L50, M, shiny|100/100
|move|p2a: Pelipper|Tailwind|p2a: Pelipper
|-sidestart|p2: UncAshty|move: Tailwind
|move|p2b: Meganium|Dazzling Gleam|p1b: Steelix|[spread] p1a,p1b
|-resisted|p1a: Aegislash|1
|-resisted|p1b: Steelix|1
|-damage|p1a: Aegislash|89/100
|-damage|p1b: Steelix|76/100
|
|-weather|RainDance|[upkeep]
|-heal|p1a: Aegislash|95/100|[from] item: Leftovers
|upkeep
|turn|3
|
|t:|1785731436
|detailschange|p1b: Steelix|Steelix-Mega, L50, M, shiny
|-mega|p1b: Steelix|Steelix|Steelixite
|move|p1b: Steelix|Heavy Slam|p2b: Meganium
|-supereffective|p2b: Meganium|1
|-damage|p2b: Meganium|0 fnt
|faint|p2b: Meganium
|-formechange|p1a: Aegislash|Aegislash-Blade|
|move|p1a: Aegislash|Shadow Claw|p2a: Pelipper
|-damage|p2a: Pelipper|74/100
|move|p2a: Pelipper|Weather Ball|p1b: Steelix
|-supereffective|p1b: Steelix|1
|-damage|p1b: Steelix|0 fnt
|faint|p1b: Steelix
|
|-weather|RainDance|[upkeep]
|-heal|p1a: Aegislash|100/100|[from] item: Leftovers
|upkeep
|
|t:|1785731453
|switch|p1b: the goat|Oranguru, L50, M, shiny|70/100
|switch|p2b: Palafin|Palafin-Hero, L50, M|100/100
|-activate|p2b: Palafin|ability: Zero to Hero
|turn|4
|
|t:|1785731478
|-formechange|p1a: Aegislash|Aegislash|
|move|p1a: Aegislash|King's Shield|p1a: Aegislash
|-singleturn|p1a: Aegislash|Protect
|move|p2a: Pelipper|Protect|p2a: Pelipper
|-singleturn|p2a: Pelipper|Protect
|move|p1b: the goat|Hyper Voice|p2a: Pelipper|[spread] p2b
|-activate|p2a: Pelipper|move: Protect
|-damage|p2b: Palafin|77/100
|move|p2b: Palafin|Drain Punch|p1b: the goat
|-damage|p1b: the goat|35/100
|-heal|p2b: Palafin|97/100|[from] drain|[of] p1b: the goat
|
|-weather|RainDance|[upkeep]
|upkeep
|turn|5
|
|t:|1785731508
|move|p2b: Palafin|Jet Punch|p1b: the goat
|-damage|p1b: the goat|0 fnt
|faint|p1b: the goat
|-formechange|p1a: Aegislash|Aegislash-Blade|
|move|p1a: Aegislash|Shadow Claw|p2b: Palafin
|-damage|p2b: Palafin|63/100
|move|p2a: Pelipper|Weather Ball|p1a: Aegislash
|-damage|p1a: Aegislash|40/100
|
|-weather|none
|-heal|p1a: Aegislash|46/100|[from] item: Leftovers
|-sideend|p2: UncAshty|move: Tailwind
|-fieldend|move: Trick Room
|upkeep
|
|t:|1785731510
|switch|p1b: Simipour|Simipour, L50, F, shiny|100/100
|turn|6
|
|t:|1785731549
|-formechange|p1a: Aegislash|Aegislash|
|move|p1a: Aegislash|King's Shield|p1a: Aegislash
|-singleturn|p1a: Aegislash|Protect
|move|p1b: Simipour|Fake Out|p2b: Palafin
|-damage|p2b: Palafin|50/100g
|cant|p2b: Palafin|flinch
|move|p2a: Pelipper|Hurricane|p1b: Simipour
|-damage|p1b: Simipour|36/100
|-start|p1b: Simipour|confusion
|-enditem|p1b: Simipour|Sitrus Berry|[eat]
|-heal|p1b: Simipour|60/100|[from] item: Sitrus Berry
|
|-heal|p1a: Aegislash|52/100|[from] item: Leftovers
|upkeep
|turn|7
|
|t:|1785731571
|-activate|p1b: Simipour|confusion
|move|p1b: Simipour|Grass Knot|p2b: Palafin
|-supereffective|p2b: Palafin|1
|-damage|p2b: Palafin|11/100
|move|p2b: Palafin|Drain Punch|p1b: Simipour
|-damage|p1b: Simipour|1/100
|-heal|p2b: Palafin|37/100|[from] drain|[of] p1b: Simipour
|move|p2a: Pelipper|Hurricane|p1b: Simipour
|-damage|p1b: Simipour|0 fnt
|faint|p1b: Simipour
|move|p1a: Aegislash|Destiny Bond|p1a: Aegislash
|-singlemove|p1a: Aegislash|Destiny Bond
|
|-heal|p1a: Aegislash|58/100|[from] item: Leftovers
|upkeep
|turn|8
|
|t:|1785731596
|move|p2b: Palafin|Jet Punch|p1a: Aegislash
|-crit|p1a: Aegislash
|-damage|p1a: Aegislash|4/100
|move|p2a: Pelipper|Hurricane|p1a: Aegislash
|-resisted|p1a: Aegislash|1
|-damage|p1a: Aegislash|0 fnt
|faint|p1a: Aegislash
|-activate|p1a: Aegislash|move: Destiny Bond
|faint|p2a: Pelipper
|
|win|UncAshty
|l|☆UncAshty
|player|p2|
