|j|☆VyersFGC
|j|☆CrazyComet37
|html|VyersFGCCrazyComet37    
|uhtml|bestof|Game 1 of a best-of-3
|t:|1783482194
|gametype|doubles
|player|p1|VyersFGC|pokemonranger|1188
|player|p2|CrazyComet37|flint|1274
|gen|9
|tier|[Gen 9 Champions] VGC 2026 Reg M-B (Bo3)
|rated|
|rule|Species Clause: Limit one of each Pokémon
|rule|Item Clause: Limit 1 of each item
|clearpoke
|poke|p1|Raichu, L50, M|
|poke|p1|Ninetales-Alola, L50, F|
|poke|p1|Ditto, L50|
|poke|p1|Gyarados, L50, F|
|poke|p1|Sinistcha, L50|
|poke|p1|Talonflame, L50, M|
|poke|p2|Whimsicott, L50, F|
|poke|p2|Garchomp, L50, F|
|poke|p2|Charizard, L50, M|
|poke|p2|Floette-Eternal, L50, F|
|poke|p2|Kingambit, L50, F|
|poke|p2|Basculegion, L50, M|
|teampreview|4
|showteam|p1|Raichu||RaichuniteY|LightningRod|ZapCannon,FakeOut,Protect,FocusBlast|Timid||M|||50|]Ninetales-Alola||LightClay|SnowWarning|Blizzard,Moonblast,AuroraVeil,FreezeDry|Modest||F|||50|]Ditto||WhiteHerb|Imposter|Transform|Serious|||||50|]Gyarados||Leftovers|Intimidate|Waterfall,DragonDance,Crunch,Protect|Adamant||F|||50|]Sinistcha||SitrusBerry|Hospitality|MatchaGotcha,Hex,Protect,RagePowder|Quiet|||||50|]Talonflame||SharpBeak|GaleWings|BraveBird,Tailwind,WillOWisp,Protect|Adamant||M|||50|
|showteam|p2|Whimsicott||FocusSash|Prankster|Protect,Tailwind,Moonblast,Encore|Timid||F|||50|]Garchomp||LifeOrb|RoughSkin|Protect,Earthquake,DragonClaw,RockSlide|Jolly||F|||50|]Charizard||CharizarditeY|Blaze|Protect,HeatWave,WeatherBall,SolarBeam|Modest||M|||50|]Floette-Eternal||Floettite|FlowerVeil|Protect,LightofRuin,DazzlingGleam,Moonblast|Modest||F|||50|]Kingambit||ChopleBerry|Defiant|IronHead,SuckerPunch,KowtowCleave,LowKick|Adamant||F|||50|]Basculegion||MysticWater|Adaptability|Protect,AquaJet,LastRespects,WaveCrash|Adamant||M|||50|
|
|t:|1783482269
|teamsize|p1|4
|teamsize|p2|4
|start
|switch|p1a: Talonflame|Talonflame, L50, M|100/100
|switch|p1b: Raichu|Raichu, L50, M|100/100
|switch|p2a: Basculegion|Basculegion, L50, M|100/100
|switch|p2b: Floette|Floette-Eternal, L50, F|100/100
|turn|1
|inactive|Battle timer is ON: inactive players will automatically lose when time's up. (requested by CrazyComet37)
|
|t:|1783482299
|detailschange|p1b: Raichu|Raichu-Mega-Y, L50, M
|-mega|p1b: Raichu|Raichu|Raichunite Y
|detailschange|p2b: Floette|Floette-Mega, L50, F
|-mega|p2b: Floette|Floette|Floettite
|-ability|p2b: Floette|Fairy Aura
|move|p1b: Raichu|Fake Out|p2b: Floette
|-damage|p2b: Floette|88/100
|move|p2a: Basculegion|Aqua Jet|p1a: Talonflame
|-supereffective|p1a: Talonflame|1
|-damage|p1a: Talonflame|20/100y
|cant|p2b: Floette|flinch
|move|p1a: Talonflame|Will-O-Wisp|p2a: Basculegion
|-status|p2a: Basculegion|brn
|
|-damage|p2a: Basculegion|93/100 brn|[from] brn
|upkeep
|turn|2
|inactive|VyersFGC has 30 seconds left.
|inactive|CrazyComet37 has 30 seconds left.
|inactive|CrazyComet37 has 20 seconds left.
|inactive|CrazyComet37 has 15 seconds left.
|
|t:|1783482342
|move|p2a: Basculegion|Aqua Jet|p1b: Raichu
|-damage|p1b: Raichu|67/100
|move|p1b: Raichu|Zap Cannon|p2b: Floette
|-damage|p2b: Floette|24/100
|-status|p2b: Floette|par
|move|p1a: Talonflame|Brave Bird|p2b: Floette
|-damage|p2b: Floette|0 fnt
|faint|p2b: Floette
|-damage|p1a: Talonflame|14/100|[from] Recoil
|
|-damage|p2a: Basculegion|87/100 brn|[from] brn
|upkeep
|
|t:|1783482356
|switch|p2b: Garchomp|Garchomp, L50, F|100/100
|turn|3
|inactive|CrazyComet37 has 30 seconds left.
|
|t:|1783482384
|move|p1b: Raichu|Protect|p1b: Raichu
|-singleturn|p1b: Raichu|Protect
|move|p2b: Garchomp|Protect|p2b: Garchomp
|-singleturn|p2b: Garchomp|Protect
|move|p1a: Talonflame|Will-O-Wisp|p2b: Garchomp
|-activate|p2b: Garchomp|move: Protect
|move|p2a: Basculegion|Wave Crash|p1b: Raichu
|-activate|p1b: Raichu|move: Protect
|
|-damage|p2a: Basculegion|81/100 brn|[from] brn
|upkeep
|turn|4
|inactive|VyersFGC has 30 seconds left.
|
|t:|1783482410
|move|p1a: Talonflame|Protect|p1a: Talonflame
|-singleturn|p1a: Talonflame|Protect
|move|p2a: Basculegion|Aqua Jet|p1a: Talonflame
|-activate|p1a: Talonflame|move: Protect
|move|p1b: Raichu|Zap Cannon|p2a: Basculegion
|-supereffective|p2a: Basculegion|1
|-damage|p2a: Basculegion|0 fnt
|faint|p2a: Basculegion
|move|p2b: Garchomp|Earthquake|p1b: Raichu|[spread] p1b
|-activate|p1a: Talonflame|move: Protect
|-supereffective|p1b: Raichu|1
|-damage|p1b: Raichu|0 fnt
|faint|p1b: Raichu
|-damage|p2b: Garchomp|90/100|[from] item: Life Orb
|
|upkeep
|
|t:|1783482428
|switch|p1b: Gyarados|Gyarados, L50, F|100/100
|switch|p2a: Whimsicott|Whimsicott, L50, F|100/100
|-ability|p1b: Gyarados|Intimidate|boost
|-unboost|p2a: Whimsicott|atk|1
|-unboost|p2b: Garchomp|atk|1
|turn|5
|
|t:|1783482449
|move|p2a: Whimsicott|Tailwind|p2a: Whimsicott
|-sidestart|p2: CrazyComet37|move: Tailwind
|move|p2b: Garchomp|Rock Slide|p1b: Gyarados|[spread] p1a,p1b
|-supereffective|p1a: Talonflame|2
|-supereffective|p1b: Gyarados|1
|-damage|p1a: Talonflame|0 fnt
|-damage|p1b: Gyarados|65/100
|faint|p1a: Talonflame
|-damage|p2b: Garchomp|80/100|[from] item: Life Orb
|move|p1b: Gyarados|Waterfall|p2b: Garchomp
|-damage|p2b: Garchomp|34/100
|-damage|p1b: Gyarados|52/100|[from] ability: Rough Skin|[of] p2b: Garchomp
|
|-heal|p1b: Gyarados|58/100|[from] item: Leftovers
|upkeep
|
|t:|1783482464
|switch|p1a: Ninetales|Ninetales-Alola, L50, F|100/100
|-weather|Snowscape|[from] ability: Snow Warning|[of] p1a: Ninetales
|turn|6
|
|t:|1783482478
|move|p2b: Garchomp|Protect|p2b: Garchomp
|-singleturn|p2b: Garchomp|Protect
|move|p1b: Gyarados|Protect|p1b: Gyarados
|-singleturn|p1b: Gyarados|Protect
|move|p2a: Whimsicott|Moonblast|p1a: Ninetales
|-damage|p1a: Ninetales|60/100
|move|p1a: Ninetales|Blizzard|p2a: Whimsicott|[spread] p2a
|-activate|p2b: Garchomp|move: Protect
|-supereffective|p2a: Whimsicott|1
|-enditem|p2a: Whimsicott|Focus Sash
|-damage|p2a: Whimsicott|1/100
|
|-weather|Snowscape|[upkeep]
|-heal|p1b: Gyarados|64/100|[from] item: Leftovers
|upkeep
|turn|7
|
|t:|1783482499
|move|p2a: Whimsicott|Moonblast|p1a: Ninetales
|-damage|p1a: Ninetales|23/100
|move|p2b: Garchomp|Rock Slide|p1a: Ninetales|[spread] p1a,p1b
|-supereffective|p1a: Ninetales|1
|-supereffective|p1b: Gyarados|1
|-damage|p1a: Ninetales|0 fnt
|-damage|p1b: Gyarados|30/100
|faint|p1a: Ninetales
|-damage|p2b: Garchomp|24/100|[from] item: Life Orb
|cant|p1b: Gyarados|flinch
|
|-weather|Snowscape|[upkeep]
|-heal|p1b: Gyarados|36/100|[from] item: Leftovers
|upkeep
|turn|8
|
|t:|1783482520
|move|p2a: Whimsicott|Moonblast|p1b: Gyarados
|-damage|p1b: Gyarados|3/100
|move|p2b: Garchomp|Dragon Claw|p1b: Gyarados
|-damage|p1b: Gyarados|0 fnt
|faint|p1b: Gyarados
|-damage|p2b: Garchomp|15/100|[from] item: Life Orb
|
|win|CrazyComet37
||CrazyComet37 is ready for game 2.
||VyersFGC is ready for game 2.
|uhtml|next|Next: Game 2 of 3
