|j|☆mystabloom
|j|☆eevee1ynn
|html|mystabloomeevee1ynn    
|uhtml|bestof|Game 2 of a best-of-3
|t:|1783539883
|gametype|doubles
|player|p1|mystabloom|101|
|player|p2|eevee1ynn|serena-masters3|
|gen|9
|tier|[Gen 9 Champions] VGC 2026 Reg M-B (Bo3)
|rule|Species Clause: Limit one of each Pokémon
|rule|Item Clause: Limit 1 of each item
|clearpoke
|poke|p1|Sneasler, L50, F|
|poke|p1|Blastoise, L50, M|
|poke|p1|Kingambit, L50, M|
|poke|p1|Incineroar, L50, F|
|poke|p1|Delphox, L50, F|
|poke|p1|Sinistcha, L50|
|poke|p2|Scrafty, L50, F, shiny|
|poke|p2|Ceruledge, L50, M|
|poke|p2|Ninetales-Alola, L50, M|
|poke|p2|Sinistcha, L50|
|poke|p2|Dragonite, L50, F|
|poke|p2|Raichu, L50, M|
|teampreview|4
|showteam|p1|Sneasler||FocusSash|PoisonTouch|CloseCombat,PoisonJab,FakeOut,QuickGuard|Jolly||F|||50|]Blastoise||Blastoisinite|RainDish|Protect,WaterSpout,DarkPulse,ShellSmash|Modest||M|||50|]Kingambit||BlackGlasses|Defiant|Protect,KowtowCleave,SuckerPunch,SwordsDance|Adamant||M|||50|]Incineroar||SitrusBerry|Intimidate|FlareBlitz,PartingShot,HelpingHand,FakeOut|Careful||F|||50|]Delphox||Delphoxite|Blaze|Protect,HeatWave,Psyshock,NastyPlot|Modest||F|||50|]Sinistcha||OccaBerry|Hospitality|Protect,MatchaGotcha,RagePowder,TrickRoom|Bold|||||50|
|showteam|p2|Scrafty||Scraftinite|Intimidate|Detect,DrainPunch,KnockOff,FakeOut|Adamant||F|||50|]Ceruledge||ColburBerry|FlashFire|Protect,BitterBlade,ShadowSneak,BulkUp|Adamant||M|||50|]Ninetales-Alola||NeverMeltIce|SnowWarning|Protect,FreezeDry,IcyWind,AuroraVeil|Timid||M|||50|]Sinistcha||FocusSash|Hospitality|Protect,MatchaGotcha,Hex,RagePowder|Modest|||||50|]Dragonite||LifeOrb|InnerFocus|Protect,DragonClaw,RockSlide,ExtremeSpeed|Adamant||F|||50|]Raichu||RaichuniteY|LightningRod|Protect,ZapCannon,FocusBlast,FakeOut|Timid||M|||50|
|
|t:|1783539945
|teamsize|p1|4
|teamsize|p2|4
|start
|switch|p1a: Delphox|Delphox, L50, F|100/100
|switch|p1b: Sneasler|Sneasler, L50, F|100/100
|switch|p2a: Ceruledge|Ceruledge, L50, M|100/100
|switch|p2b: Raichu|Raichu, L50, M|100/100
|turn|1
|
|t:|1783539983
|detailschange|p2b: Raichu|Raichu-Mega-Y, L50, M
|-mega|p2b: Raichu|Raichu|Raichunite Y
|detailschange|p1a: Delphox|Delphox-Mega, L50, F
|-mega|p1a: Delphox|Delphox|Delphoxite
|move|p2b: Raichu|Fake Out|p1a: Delphox
|-damage|p1a: Delphox|86/100
|move|p1b: Sneasler|Close Combat|p2b: Raichu
|-damage|p2b: Raichu|0 fnt
|-unboost|p1b: Sneasler|def|1
|-unboost|p1b: Sneasler|spd|1
|faint|p2b: Raichu
|cant|p1a: Delphox|flinch
|move|p2a: Ceruledge|Bulk Up|p2a: Ceruledge
|-boost|p2a: Ceruledge|atk|1
|-boost|p2a: Ceruledge|def|1
|
|upkeep
|
|t:|1783540000
|switch|p2b: Dragonite|Dragonite, L50, F|100/100
|turn|2
|
|t:|1783540028
|move|p1b: Sneasler|Poison Jab|p2b: Dragonite
|-damage|p2b: Dragonite|56/100
|-status|p2b: Dragonite|psn|[from] ability: Poison Touch|[of] p1b: Sneasler
|move|p1a: Delphox|Nasty Plot|p1a: Delphox
|-boost|p1a: Delphox|spa|2
|move|p2b: Dragonite|Dragon Claw|p1a: Delphox
|-damage|p1a: Delphox|0 fnt
|faint|p1a: Delphox
|-damage|p2b: Dragonite|47/100 psn|[from] item: Life Orb
|move|p2a: Ceruledge|Bulk Up|p2a: Ceruledge
|-boost|p2a: Ceruledge|atk|1
|-boost|p2a: Ceruledge|def|1
|
|-damage|p2b: Dragonite|34/100 psn|[from] psn
|upkeep
|
|t:|1783540045
|switch|p1a: Kingambit|Kingambit, L50, M|100/100
|turn|3
|
|t:|1783540065
|move|p1a: Kingambit|Sucker Punch|p2a: Ceruledge
|-supereffective|p2a: Ceruledge|1
|-enditem|p2a: Ceruledge|Colbur Berry|[eat]
|-enditem|p2a: Ceruledge|Colbur Berry|[weaken]
|-damage|p2a: Ceruledge|74/100
|move|p1b: Sneasler|Poison Jab|p2a: Ceruledge
|-resisted|p2a: Ceruledge|1
|-damage|p2a: Ceruledge|64/100
|move|p2b: Dragonite|Dragon Claw|p1b: Sneasler
|-enditem|p1b: Sneasler|Focus Sash
|-damage|p1b: Sneasler|1/100
|-damage|p2b: Dragonite|25/100 psn|[from] item: Life Orb
|move|p2a: Ceruledge|Bitter Blade|p1b: Sneasler
|-damage|p1b: Sneasler|0 fnt
|-heal|p2a: Ceruledge|65/100|[from] drain|[of] p1b: Sneasler
|faint|p1b: Sneasler
|
|-damage|p2b: Dragonite|13/100 psn|[from] psn
|upkeep
|
|t:|1783540082
|switch|p1b: Sinistcha|Sinistcha, L50|100/100
|turn|4
|
|t:|1783540102
|move|p1a: Kingambit|Protect|p1a: Kingambit
|-singleturn|p1a: Kingambit|Protect
|move|p2b: Dragonite|Dragon Claw|p1b: Sinistcha
|-damage|p1b: Sinistcha|53/100
|-damage|p2b: Dragonite|3/100 psn|[from] item: Life Orb
|move|p2a: Ceruledge|Bitter Blade|p1a: Kingambit
|-activate|p1a: Kingambit|move: Protect
|move|p1b: Sinistcha|Trick Room|p1b: Sinistcha
|-fieldstart|move: Trick Room|[of] p1b: Sinistcha
|
|-damage|p2b: Dragonite|0 fnt|[from] psn
|faint|p2b: Dragonite
|upkeep
|
|t:|1783540111
|switch|p2b: Scrafty|Scrafty, L50, F, shiny|100/100
|-ability|p2b: Scrafty|Intimidate|boost
|-unboost|p1a: Kingambit|atk|1
|-ability|p1a: Kingambit|Defiant|boost
|-boost|p1a: Kingambit|atk|2
|-unboost|p1b: Sinistcha|atk|1
|turn|5
|
|t:|1783540129
|move|p2b: Scrafty|Fake Out|p1a: Kingambit
|-resisted|p1a: Kingambit|1
|-damage|p1a: Kingambit|96/100
|move|p1b: Sinistcha|Rage Powder|p1b: Sinistcha
|-singleturn|p1b: Sinistcha|move: Rage Powder
|cant|p1a: Kingambit|flinch
|move|p2a: Ceruledge|Bitter Blade|p1b: Sinistcha
|-supereffective|p1b: Sinistcha|1
|-enditem|p1b: Sinistcha|Occa Berry|[eat]
|-enditem|p1b: Sinistcha|Occa Berry|[weaken]
|-damage|p1b: Sinistcha|0 fnt
|-heal|p2a: Ceruledge|91/100|[from] drain|[of] p1b: Sinistcha
|faint|p1b: Sinistcha
|
|upkeep
|turn|6
|
|t:|1783540151
|move|p2a: Ceruledge|Protect|p2a: Ceruledge
|-singleturn|p2a: Ceruledge|Protect
|move|p1a: Kingambit|Kowtow Cleave|p2b: Scrafty
|-resisted|p2b: Scrafty|2
|-damage|p2b: Scrafty|78/100
|move|p2b: Scrafty|Drain Punch|p1a: Kingambit
|-supereffective|p1a: Kingambit|2
|-damage|p1a: Kingambit|7/100
|-heal|p2b: Scrafty|100/100|[from] drain|[of] p1a: Kingambit
|
|upkeep
|turn|7
|-message|mystabloom forfeited.
|
|win|eevee1ynn
