|j|☆dambro222
|j|☆eltsurito
|html|dambro222eltsurito    
|uhtml|bestof|Game 1 of a best-of-3
|t:|1757236196
|gametype|doubles
|player|p1|dambro222|ethan|1075
|player|p2|eltsurito|170|1053
|gen|9
|tier|[Gen 9] VGC 2025 Reg H (Bo3)
|rated|
|rule|Species Clause: Limit one of each Pokémon
|rule|Item Clause: Limit 1 of each item
|clearpoke
|poke|p1|Dragonite, L50, M|
|poke|p1|Volcarona, L50, F|
|poke|p1|Sneasler, L50, M|
|poke|p1|Rillaboom, L50, M|
|poke|p1|Electabuzz, L50, M|
|poke|p1|Kingambit, L50, M|
|poke|p2|Sneasler, L50, M|
|poke|p2|Indeedee, L50, M|
|poke|p2|Volcarona, L50, M|
|poke|p2|Ursaluna-Bloodmoon, L50, M|
|poke|p2|Annihilape, L50, M|
|poke|p2|Tyranitar, L50, M|
|teampreview|4
|showteam|p1|Dragonite||LoadedDice|Multiscale|ScaleShot,ExtremeSpeed,Haze,Protect|||M|||50|,,,,,Fairy]Volcarona||CovertCloak|FlameBody|HeatWave,TeraBlast,QuiverDance,Protect|||F|||50|,,,,,Fairy]Sneasler||FocusSash|Unburden|CloseCombat,DireClaw,RainDance,Protect|||M|||50|,,,,,Stellar]Rillaboom||AssaultVest|GrassySurge|WoodHammer,GrassyGlide,HighHorsepower,FakeOut|||M|||50|,,,,,Water]Electabuzz||Eviolite|VitalSpirit|Electroweb,FollowMe,Taunt,Protect|||M|||50|,,,,,Ghost]Kingambit||BlackGlasses|Defiant|KowtowCleave,SuckerPunch,SwordsDance,Protect|||M|||50|,,,,,Dark
|showteam|p2|Sneasler||PsychicSeed|Unburden|CloseCombat,DireClaw,ThroatChop,Protect|||M|||50|,,,,,Dark]Indeedee||ChoiceScarf|PsychicSurge|ExpandingForce,TeraBlast,Trick,Protect|||M|||50|,,,,,Psychic]Volcarona||SitrusBerry|FlameBody|Overheat,StruggleBug,RagePowder,Tailwind|||M|||50|,,,,,Grass]Ursaluna-Bloodmoon||LifeOrb|MindsEye|BloodMoon,HyperVoice,EarthPower,Protect|||M|||50|,,,,,Normal]Annihilape||SafetyGoggles|Defiant|CloseCombat,RageFist,Taunt,FinalGambit|||M|||50|,,,,,Fairy]Tyranitar||AssaultVest|SandStream|RockSlide,KnockOff,TeraBlast,LowKick|||M|||50|,,,,,Flying
|inactive|Battle timer is ON: inactive players will automatically lose when time's up. (requested by eltsurito)
|inactive|dambro222 also wants the timer to be on.
|inactive|eltsurito has 60 seconds left.
|
|t:|1757236245
|teamsize|p1|4
|teamsize|p2|4
|start
|switch|p1a: Sneasler|Sneasler, L50, M|100/100
|switch|p1b: Rillaboom|Rillaboom, L50, M|100/100
|switch|p2a: Sneasler|Sneasler, L50, M|100/100
|switch|p2b: Indeedee|Indeedee, L50, M|100/100
|-fieldstart|move: Psychic Terrain|[from] ability: Psychic Surge|[of] p2b: Indeedee
|-enditem|p2a: Sneasler|Psychic Seed
|-boost|p2a: Sneasler|spd|1|[from] item: Psychic Seed
|-fieldstart|move: Grassy Terrain|[from] ability: Grassy Surge|[of] p1b: Rillaboom
|turn|1
|inactive|dambro222 has 30 seconds left.
|inactive|eltsurito has 30 seconds left.
|
|t:|1757236276
|switch|p2b: Volcarona|Volcarona, L50, M|100/100
|move|p1b: Rillaboom|Fake Out|p2a: Sneasler
|-damage|p2a: Sneasler|77/100
|cant|p2a: Sneasler|flinch
|move|p1a: Sneasler|Dire Claw|p2b: Volcarona
|-damage|p2b: Volcarona|47/100
|-status|p2b: Volcarona|slp
|-enditem|p2b: Volcarona|Sitrus Berry|[eat]
|-heal|p2b: Volcarona|72/100 slp|[from] item: Sitrus Berry
|
|-heal|p2a: Sneasler|83/100|[from] Grassy Terrain
|-heal|p2b: Volcarona|78/100 slp|[from] Grassy Terrain
|upkeep
|turn|2
|
|t:|1757236301
|switch|p2b: Indeedee|Indeedee, L50, M|100/100
|-fieldstart|move: Psychic Terrain|[from] ability: Psychic Surge|[of] p2b: Indeedee
|-terastallize|p1b: Rillaboom|Water
|move|p2a: Sneasler|Dire Claw|p1b: Rillaboom
|-damage|p1b: Rillaboom|55/100
|-status|p1b: Rillaboom|psn
|move|p1a: Sneasler|Dire Claw|p2b: Indeedee
|-damage|p2b: Indeedee|19/100
|-status|p2b: Indeedee|slp
|move|p1b: Rillaboom|High Horsepower|p2a: Sneasler
|-supereffective|p2a: Sneasler
|-damage|p2a: Sneasler|0 fnt
|faint|p2a: Sneasler
|
|-damage|p1b: Rillaboom|43/100 psn|[from] psn
|upkeep
|
|t:|1757236321
|switch|p2a: Tyranitar|Tyranitar, L50, M|100/100
|-weather|Sandstorm|[from] ability: Sand Stream|[of] p2a: Tyranitar
|turn|3
|
|t:|1757236340
|switch|p1b: Kingambit|Kingambit, L50, M, shiny|100/100
|-terastallize|p2a: Tyranitar|Flying
|cant|p2b: Indeedee|slp
|move|p1a: Sneasler|Rain Dance|p1a: Sneasler
|-weather|RainDance
|move|p2a: Tyranitar|Tera Blast|p1a: Sneasler|[anim] Tera Blast Flying
|-supereffective|p1a: Sneasler
|-enditem|p1a: Sneasler|Focus Sash
|-damage|p1a: Sneasler|1/100
|
|-weather|RainDance|[upkeep]
|upkeep
|turn|4
|inactive|dambro222 has 30 seconds left.
|inactive|eltsurito has 30 seconds left.
|inactive|dambro222 has 20 seconds left.
|inactive|eltsurito has 20 seconds left.
|inactive|eltsurito has 15 seconds left.
|inactive|eltsurito has 10 seconds left.
|
|t:|1757236393
|switch|p2b: Volcarona|Volcarona, L50, M|78/100 slp
|move|p1b: Kingambit|Protect|p1b: Kingambit
|-singleturn|p1b: Kingambit|Protect
|move|p1a: Sneasler|Dire Claw|p2a: Tyranitar
|-damage|p2a: Tyranitar|65/100
|move|p2a: Tyranitar|Low Kick|p1b: Kingambit
|-activate|p1b: Kingambit|move: Protect
|
|-weather|RainDance|[upkeep]
|upkeep
|turn|5
|inactive|dambro222 has 30 seconds left.
|
|t:|1757236418
|move|p1b: Kingambit|Sucker Punch|p2a: Tyranitar
|-hint|Psychic Terrain doesn't affect Pokémon immune to Ground.
|-damage|p2a: Tyranitar|25/100
|move|p1a: Sneasler|Dire Claw|p2a: Tyranitar
|-damage|p2a: Tyranitar|0 fnt
|faint|p2a: Tyranitar
|cant|p2b: Volcarona|slp
|
|-weather|RainDance|[upkeep]
|upkeep
|
|t:|1757236426
|switch|p2a: Indeedee|Indeedee, L50, M|19/100 slp
|turn|6
|
|t:|1757236440
|move|p1b: Kingambit|Protect|p1b: Kingambit
|-singleturn|p1b: Kingambit|Protect
|move|p1a: Sneasler|Dire Claw|p2b: Volcarona
|-damage|p2b: Volcarona|31/100 slp
|-status|p1a: Sneasler|brn|[from] ability: Flame Body|[of] p2b: Volcarona
|cant|p2a: Indeedee|slp
|cant|p2b: Volcarona|slp
|
|-weather|RainDance|[upkeep]
|-damage|p1a: Sneasler|0 fnt|[from] brn
|faint|p1a: Sneasler
|-fieldend|move: Psychic Terrain
|upkeep
|
|t:|1757236453
|switch|p1a: Dragonite|Dragonite, L50, M|100/100
|turn|7
|
|t:|1757236467
|move|p1a: Dragonite|Extreme Speed|p2a: Indeedee
|-damage|p2a: Indeedee|0 fnt
|faint|p2a: Indeedee
|move|p1b: Kingambit|Sucker Punch|p2b: Volcarona
|-damage|p2b: Volcarona|0 fnt
|faint|p2b: Volcarona
|
|win|dambro222
||eltsurito is ready for game 2.
||dambro222 is ready for game 2.
|uhtml|next|Next: Game 2 of 3
