|j|☆irongiant9214
|j|☆AdvaiLuffy
|html|irongiant9214AdvaiLuffy    
|uhtml|bestof|Game 1 of a best-of-3
|t:|1785042382
|gametype|doubles
|player|p1|irongiant9214|170|1136
|player|p2|AdvaiLuffy|red|1063
|gen|9
|tier|[Gen 9 Champions] VGC 2026 Reg M-B (Bo3)
|rated|
|rule|Species Clause: Limit one of each Pokémon
|rule|Item Clause: Limit 1 of each item
|clearpoke
|poke|p1|Whimsicott, L50, F, shiny|
|poke|p1|Kingambit, L50, M|
|poke|p1|Garchomp, L50, M, shiny|
|poke|p1|Charizard, L50, F|
|poke|p1|Floette-Eternal, L50, F|
|poke|p1|Basculegion, L50, M|
|poke|p2|Gengar, L50, F|
|poke|p2|Garchomp, L50, M|
|poke|p2|Farigiraf, L50, M|
|poke|p2|Ninetales-Alola, L50, F|
|poke|p2|Maushold-Four, L50|
|poke|p2|Tauros-Paldea-Combat, L50, M|
|teampreview|4
|showteam|p1|Whimsicott||FocusSash|Prankster|Moonblast,Tailwind,Encore,Protect|Timid||F|||50|]Kingambit||BlackGlasses|Defiant|SuckerPunch,LowKick,IronHead,Protect|Adamant||M|||50|]Garchomp||LifeOrb|RoughSkin|RockSlide,DragonClaw,Earthquake,Protect|Jolly||M|||50|]Charizard||CharizarditeY|Blaze|HeatWave,WeatherBall,SolarBeam,Protect|Modest||F|||50|]Floette-Eternal||Floettite|FlowerVeil|DazzlingGleam,Moonblast,LightofRuin,Protect|Timid||F|||50|]Basculegion||MysticWater|SwiftSwim|AquaJet,WaveCrash,LastRespects,Protect|Adamant||M|||50|
|showteam|p2|Gengar||Gengarite|CursedBody|Protect,SludgeBomb,ShadowBall,WillOWisp|Timid||F|||50|]Garchomp||LifeOrb|RoughSkin|Protect,RockSlide,DragonClaw,StompingTantrum|Jolly||M|||50|]Farigiraf||SitrusBerry|ArmorTail|Protect,Roar,GrassKnot,Thunderbolt|Relaxed||M|||50|]Ninetales-Alola||LightClay|SnowWarning|Protect,AuroraVeil,Moonblast,FreezeDry|Timid||F|||50|]Maushold-Four||WideLens|Technician|Protect,PopulationBomb,FollowMe,SuperFang|Adamant|||||50|]Tauros-Paldea-Combat||ExpertBelt|Intimidate|Protect,CloseCombat,ThroatChop,WildCharge|Adamant||M|||50|
|inactive|Battle timer is ON: inactive players will automatically lose when time's up. (requested by AdvaiLuffy)
|inactive|irongiant9214 has 60 seconds left.
|inactive|AdvaiLuffy has 60 seconds left.
|inactive|irongiant9214 has 30 seconds left.
|inactive|irongiant9214 has 20 seconds left.
|inactive|irongiant9214 has 15 seconds left.
|inactive|irongiant9214 has 10 seconds left.
|inactive|irongiant9214 has 5 seconds left.
|
|t:|1785042470
|teamsize|p1|4
|teamsize|p2|4
|start
|switch|p1a: Whimsicott|Whimsicott, L50, F, shiny|100/100
|switch|p1b: Floette|Floette-Eternal, L50, F|100/100
|switch|p2a: Lucifer|Gengar, L50, F|100/100
|switch|p2b: Shark|Garchomp, L50, M|100/100
|turn|1
|inactive|irongiant9214 has 30 seconds left.
|inactive|irongiant9214 has 20 seconds left.
|
|t:|1785042508
|detailschange|p2a: Lucifer|Gengar-Mega, L50, F
|-mega|p2a: Lucifer|Gengar|Gengarite
|detailschange|p1b: Floette|Floette-Mega, L50, F
|-mega|p1b: Floette|Floette|Floettite
|-ability|p1b: Floette|Fairy Aura
|move|p2b: Shark|Protect|p2b: Shark
|-singleturn|p2b: Shark|Protect
|move|p2a: Lucifer|Sludge Bomb|p1b: Floette
|-supereffective|p1b: Floette|1
|-damage|p1b: Floette|25/100
|-status|p1b: Floette|psn
|move|p1a: Whimsicott|Moonblast|p2a: Lucifer
|-resisted|p2a: Lucifer|1
|-damage|p2a: Lucifer|70/100
|move|p1b: Floette|Dazzling Gleam|p2b: Shark|[spread] p2a
|-activate|p2b: Shark|move: Protect
|-resisted|p2a: Lucifer|1
|-damage|p2a: Lucifer|47/100
|
|-damage|p1b: Floette|13/100 psn|[from] psn
|upkeep
|turn|2
|
|t:|1785042528
|switch|p2b: Galactus|Farigiraf, L50, M|100/100
|move|p2a: Lucifer|Protect|p2a: Lucifer
|-singleturn|p2a: Lucifer|Protect
|move|p1a: Whimsicott|Tailwind|p1a: Whimsicott
|-sidestart|p1: irongiant9214|move: Tailwind
|move|p1b: Floette|Dazzling Gleam|p2a: Lucifer|[spread] p2b
|-activate|p2a: Lucifer|move: Protect
|-damage|p2b: Galactus|60/100
|
|-damage|p1b: Floette|1/100 psn|[from] psn
|upkeep
|turn|3
|inactive|irongiant9214 has 30 seconds left.
|
|t:|1785042553
|move|p1a: Whimsicott|Encore||[still]
|cant|p2b: Galactus|ability: Armor Tail|Encore|[of] p1a: Whimsicott
|move|p1b: Floette|Dazzling Gleam|p2a: Lucifer|[spread] p2a,p2b
|-resisted|p2a: Lucifer|1
|-damage|p2a: Lucifer|20/100y
|-damage|p2b: Galactus|22/100
|-enditem|p2b: Galactus|Sitrus Berry|[eat]
|-heal|p2b: Galactus|47/100|[from] item: Sitrus Berry
|move|p2a: Lucifer|Sludge Bomb|p1a: Whimsicott
|-supereffective|p1a: Whimsicott|2
|-enditem|p1a: Whimsicott|Focus Sash
|-damage|p1a: Whimsicott|1/100
|move|p2b: Galactus|Thunderbolt|p1a: Whimsicott
|-resisted|p1a: Whimsicott|1
|-damage|p1a: Whimsicott|0 fnt
|faint|p1a: Whimsicott
|
|-damage|p1b: Floette|0 fnt|[from] psn
|faint|p1b: Floette
|upkeep
|
|t:|1785042560
|switch|p1a: Garchomp|Garchomp, L50, M, shiny|100/100
|switch|p1b: Kingambit|Kingambit, L50, M|100/100
|turn|4
|
|t:|1785042584
|switch|p2b: Ninetales|Ninetales-Alola, L50, F|100/100
|-weather|Snowscape|[from] ability: Snow Warning|[of] p2b: Ninetales
|move|p2a: Lucifer|Protect|p2a: Lucifer
|-singleturn|p2a: Lucifer|Protect
|move|p1b: Kingambit|Protect|p1b: Kingambit
|-singleturn|p1b: Kingambit|Protect
|move|p1a: Garchomp|Earthquake|p2a: Lucifer|[spread] p2b
|-activate|p1b: Kingambit|move: Protect
|-activate|p2a: Lucifer|move: Protect
|-damage|p2b: Ninetales|54/100
|-damage|p1a: Garchomp|90/100|[from] item: Life Orb
|
|-weather|Snowscape|[upkeep]
|upkeep
|turn|5
|inactive|AdvaiLuffy has 30 seconds left.
|
|t:|1785042612
|switch|p2a: Galactus|Farigiraf, L50, M|47/100
|move|p1a: Garchomp|Rock Slide|p2a: Galactus|[spread] p2a,p2b
|-supereffective|p2b: Ninetales|1
|-damage|p2a: Galactus|28/100
|-damage|p2b: Ninetales|9/100
|-damage|p1a: Garchomp|80/100|[from] item: Life Orb
|cant|p2b: Ninetales|flinch
|move|p1b: Kingambit|Iron Head|p2b: Ninetales
|-supereffective|p2b: Ninetales|2
|-damage|p2b: Ninetales|0 fnt
|faint|p2b: Ninetales
|
|-weather|Snowscape|[upkeep]
|-sideend|p1: irongiant9214|move: Tailwind
|upkeep
|
|t:|1785042625
|switch|p2b: Lucifer|Gengar-Mega, L50, F|20/100y
|turn|6
|inactive|irongiant9214 has 30 seconds left.
|inactive|irongiant9214 has 20 seconds left.
|
|t:|1785042661
|move|p2b: Lucifer|Protect|p2b: Lucifer
|-singleturn|p2b: Lucifer|Protect
|move|p1a: Garchomp|Protect|p1a: Garchomp
|-singleturn|p1a: Garchomp|Protect
|move|p2a: Galactus|Protect|p2a: Galactus
|-singleturn|p2a: Galactus|Protect
|move|p1b: Kingambit|Iron Head|p2b: Lucifer
|-activate|p2b: Lucifer|move: Protect
|
|-weather|Snowscape|[upkeep]
|upkeep
|turn|7
|
|t:|1785042677
|move|p1b: Kingambit|Protect|p1b: Kingambit
|-singleturn|p1b: Kingambit|Protect
|move|p2b: Lucifer|Will-O-Wisp|p1a: Garchomp|[miss]
|-miss|p2b: Lucifer|p1a: Garchomp
|move|p1a: Garchomp|Earthquake|p2b: Lucifer|[spread] p2a,p2b
|-activate|p1b: Kingambit|move: Protect
|-supereffective|p2b: Lucifer|1
|-damage|p2a: Galactus|0 fnt
|-damage|p2b: Lucifer|0 fnt
|faint|p2a: Galactus
|faint|p2b: Lucifer
|-damage|p1a: Garchomp|70/100|[from] item: Life Orb
|
|-weather|Snowscape|[upkeep]
|upkeep
|
|t:|1785042690
|switch|p2b: Shark|Garchomp, L50, M|100/100
|turn|8
|
|t:|1785042702
|move|p2b: Shark|Protect|p2b: Shark
|-singleturn|p2b: Shark|Protect
|move|p1a: Garchomp|Protect|p1a: Garchomp
|-singleturn|p1a: Garchomp|Protect
|move|p1b: Kingambit|Sucker Punch||[still]
|-fail|p1b: Kingambit
|
|-weather|none
|upkeep
|turn|9
|inactive|irongiant9214 has 30 seconds left.
|
|t:|1785042732
|move|p2b: Shark|Dragon Claw|p1a: Garchomp
|-supereffective|p1a: Garchomp|1
|-damage|p1a: Garchomp|0 fnt
|-damage|p2b: Shark|87/100|[from] ability: Rough Skin|[of] p1a: Garchomp
|faint|p1a: Garchomp
|-damage|p2b: Shark|77/100|[from] item: Life Orb
|move|p1b: Kingambit|Iron Head|p2b: Shark
|-damage|p2b: Shark|40/100
|-damage|p1b: Kingambit|87/100|[from] ability: Rough Skin|[of] p2b: Shark
|
|upkeep
|turn|10
|
|t:|1785042745
|move|p1b: Kingambit|Sucker Punch|p2b: Shark
|-damage|p2b: Shark|0 fnt
|-damage|p1b: Kingambit|75/100|[from] ability: Rough Skin|[of] p2b: Shark
|faint|p2b: Shark
|
|win|irongiant9214
||irongiant9214 is ready for game 2.
||AdvaiLuffy is ready for game 2.
|uhtml|next|Next: Game 2 of 3
|l|☆irongiant9214
|player|p1|
