|j|☆coolsk34
|html|coolsk34lifdy03036    
|uhtml|bestof|Game 2 of a best-of-3
|t:|1784162630
|gametype|doubles
|player|p1|coolsk34|hilbert|
|player|p2|lifdy03036|1|
|gen|9
|tier|[Gen 9 Champions] VGC 2026 Reg M-B (Bo3)
|rule|Species Clause: Limit one of each Pokémon
|rule|Item Clause: Limit 1 of each item
|clearpoke
|poke|p1|Swampert, L50, M|
|poke|p1|Pelipper, L50, F|
|poke|p1|Archaludon, L50, M|
|poke|p1|Sinistcha, L50|
|poke|p1|Grimmsnarl, L50, M|
|poke|p1|Gallade, L50, M, shiny|
|poke|p2|Gallade, L50, M, shiny|
|poke|p2|Sableye, L50, F|
|poke|p2|Sneasler, L50, M|
|poke|p2|Sinistcha-Masterpiece, L50|
|poke|p2|Gliscor, L50, M|
|poke|p2|Delphox, L50, F|
|teampreview|4
|showteam|p1|Swampert||Swampertite|Torrent|WaveCrash,FlipTurn,HighHorsepower,Protect|Adamant||M|||50|]Pelipper||FocusSash|Drizzle|WeatherBall,Hurricane,WideGuard,Tailwind|Timid||F|||50|]Archaludon||Leftovers|Stamina|FlashCannon,DracoMeteor,ElectroShot,Protect|Modest||M|||50|]Sinistcha||SitrusBerry|Hospitality|MatchaGotcha,RagePowder,LifeDew,TrickRoom|Relaxed|||||50|]Grimmsnarl||LightClay|Prankster|Reflect,LightScreen,FakeOut,SpiritBreak|Serious||M|||50|]Gallade||Galladite|Sharpness|PsychoCut,SacredSword,Protect,TripleAxel|Jolly||M|||50|
|showteam|p2|Gallade||Galladite|Steadfast|CloseCombat,Hypnosis,KnockOff,BrickBreak|Adamant||M|||50|]Sableye||LightClay|Prankster|Gravity,Reflect,LightScreen,Encore|Relaxed||F|||50|]Sneasler||FocusSash|Unburden|Toxic,DireClaw,Coaching,CloseCombat|Jolly||M|||50|]Sinistcha-Masterpiece||SitrusBerry|Hospitality|RagePowder,MatchaGotcha,LifeDew,TrickRoom|Modest|||||50|]Gliscor|||PoisonHeal|Tailwind,HighHorsepower,Acrobatics,Protect|Jolly||M|||50|]Delphox||Delphoxite|Magician|HeatWave,CalmMind,Psychic,Protect|Timid||F|||50|
|j|☆lifdy03036
|player|p2|lifdy03036|1|
|
|t:|1784162879
|teamsize|p1|4
|teamsize|p2|4
|start
|switch|p1a: Masayoshi|Gallade, L50, M, shiny|100/100
|switch|p1b: Krampus|Grimmsnarl, L50, M|100/100
|switch|p2a: Sinistcha|Sinistcha-Masterpiece, L50|100/100
|switch|p2b: Gliscor|Gliscor, L50, M|100/100
|turn|1
|
|t:|1784162939
|detailschange|p1a: Masayoshi|Gallade-Mega, L50, M, shiny
|-mega|p1a: Masayoshi|Gallade|Galladite
|move|p1b: Krampus|Fake Out|p2b: Gliscor
|-damage|p2b: Gliscor|88/100
|move|p2a: Sinistcha|Rage Powder|p2a: Sinistcha
|-singleturn|p2a: Sinistcha|move: Rage Powder
|move|p1a: Masayoshi|Triple Axel|p2a: Sinistcha
|-supereffective|p2a: Sinistcha|1
|-damage|p2a: Sinistcha|83/100
|-supereffective|p2a: Sinistcha|1
|-damage|p2a: Sinistcha|53/100
|-supereffective|p2a: Sinistcha|1
|-damage|p2a: Sinistcha|7/100
|-enditem|p2a: Sinistcha|Sitrus Berry|[eat]
|-heal|p2a: Sinistcha|32/100|[from] item: Sitrus Berry
|-hitcount|p2a: Sinistcha|3
|cant|p2b: Gliscor|flinch
|
|upkeep
|turn|2
|
|t:|1784162968
|move|p1a: Masayoshi|Protect|p1a: Masayoshi
|-singleturn|p1a: Masayoshi|Protect
|move|p2a: Sinistcha|Rage Powder|p2a: Sinistcha
|-singleturn|p2a: Sinistcha|move: Rage Powder
|move|p2b: Gliscor|Acrobatics|p1b: Krampus
|-damage|p1b: Krampus|45/100
|move|p1b: Krampus|Spirit Break|p2a: Sinistcha
|-damage|p2a: Sinistcha|3/100
|-unboost|p2a: Sinistcha|spa|1
|
|upkeep
|turn|3
|
|t:|1784162987
|switch|p1a: Juggernaut|Swampert, L50, M|100/100
|move|p2a: Sinistcha|Rage Powder|p2a: Sinistcha
|-singleturn|p2a: Sinistcha|move: Rage Powder
|move|p2b: Gliscor|Acrobatics|p1a: Juggernaut
|-damage|p1a: Juggernaut|58/100
|move|p1b: Krampus|Spirit Break|p2a: Sinistcha
|-damage|p2a: Sinistcha|0 fnt
|faint|p2a: Sinistcha
|
|upkeep
|
|t:|1784163000
|switch|p2a: Sableye|Sableye, L50, F|100/100
|turn|4
|c|☆coolsk34|Heheh
|
|t:|1784163027
|switch|p1b: Peeko|Pelipper, L50, F|100/100
|-weather|RainDance|[from] ability: Drizzle|[of] p1b: Peeko
|move|p2a: Sableye|Reflect|p2a: Sableye
|-sidestart|p2: lifdy03036|Reflect
|move|p2b: Gliscor|Tailwind|p2b: Gliscor
|-sidestart|p2: lifdy03036|move: Tailwind
|move|p1a: Juggernaut|Wave Crash|p2b: Gliscor
|-supereffective|p2b: Gliscor|1
|-damage|p2b: Gliscor|0 fnt
|faint|p2b: Gliscor
|-damage|p1a: Juggernaut|35/100|[from] Recoil
|
|-weather|RainDance|[upkeep]
|upkeep
|
|t:|1784163042
|switch|p2b: Gallade|Gallade, L50, M, shiny|100/100
|turn|5
|
|t:|1784163058
|detailschange|p2b: Gallade|Gallade-Mega, L50, M, shiny
|-mega|p2b: Gallade|Gallade|Galladite
|move|p1a: Juggernaut|Protect|p1a: Juggernaut
|-singleturn|p1a: Juggernaut|Protect
|move|p2a: Sableye|Gravity|p2a: Sableye
|-fieldstart|move: Gravity
|move|p2b: Gallade|Hypnosis|p1b: Peeko
|-status|p1b: Peeko|slp|[from] move: Hypnosis
|cant|p1b: Peeko|slp
|
|-weather|RainDance|[upkeep]
|upkeep
|turn|6
|
|t:|1784163084
|move|p2a: Sableye|Light Screen|p2a: Sableye
|-sidestart|p2: lifdy03036|move: Light Screen
|move|p2b: Gallade|Brick Break|p1a: Juggernaut
|-damage|p1a: Juggernaut|0 fnt
|faint|p1a: Juggernaut
|cant|p1b: Peeko|slp
|
|-weather|RainDance|[upkeep]
|upkeep
|
|t:|1784163099
|switch|p1a: Krampus|Grimmsnarl, L50, M|45/100
|turn|7
|
|t:|1784163120
|switch|p1a: Masayoshi|Gallade-Mega, L50, M, shiny|100/100
|move|p2a: Sableye|Gravity||[still]
|-fail|p2a: Sableye
|move|p2b: Gallade|Close Combat|p1a: Masayoshi
|-resisted|p1a: Masayoshi|1
|-damage|p1a: Masayoshi|49/100
|-unboost|p2b: Gallade|def|1
|-unboost|p2b: Gallade|spd|1
|-curestatus|p1b: Peeko|slp|[msg]
|move|p1b: Peeko|Tailwind|p1b: Peeko
|-sidestart|p1: coolsk34|move: Tailwind
|
|-weather|RainDance|[upkeep]
|-sideend|p2: lifdy03036|move: Tailwind
|upkeep
|turn|8
|
|t:|1784163149
|move|p2a: Sableye|Encore|p1b: Peeko
|-start|p1b: Peeko|Encore
|move|p1a: Masayoshi|Psycho Cut|p2b: Gallade
|-damage|p2b: Gallade|50/100g
|move|p1b: Peeko|Tailwind||[still]
|-fail|p1b: Peeko
|move|p2b: Gallade|Knock Off|p1a: Masayoshi
|-damage|p1a: Masayoshi|11/100
|
|-weather|none
|upkeep
|turn|9
|
|t:|1784163191
|switch|p1b: Krampus|Grimmsnarl, L50, M|45/100
|move|p2a: Sableye|Encore|p1a: Masayoshi
|-start|p1a: Masayoshi|Encore
|move|p1a: Masayoshi|Psycho Cut|p2b: Gallade
|-damage|p2b: Gallade|3/100
|move|p2b: Gallade|Brick Break|p1a: Masayoshi
|-resisted|p1a: Masayoshi|1
|-damage|p1a: Masayoshi|0 fnt
|faint|p1a: Masayoshi
|
|-fieldend|move: Gravity
|upkeep
|
|t:|1784163204
|switch|p1a: Peeko|Pelipper, L50, F|100/100
|-weather|RainDance|[from] ability: Drizzle|[of] p1a: Peeko
|turn|10
|
|t:|1784163218
|move|p1b: Krampus|Fake Out|p2a: Sableye
|-immune|p2a: Sableye
|move|p2a: Sableye|Gravity|p2a: Sableye
|-fieldstart|move: Gravity
|move|p1a: Peeko|Hurricane|p2b: Gallade
|-supereffective|p2b: Gallade|1
|-damage|p2b: Gallade|0 fnt
|faint|p2b: Gallade
|
|-weather|RainDance|[upkeep]
|-sideend|p1: coolsk34|move: Tailwind
|upkeep
|turn|11
|
|t:|1784163251
|move|p1b: Krampus|Light Screen|p1b: Krampus
|-sidestart|p1: coolsk34|move: Light Screen
|move|p2a: Sableye|Light Screen||[still]
|-fail|p2a: Sableye
|move|p1a: Peeko|Weather Ball|p2a: Sableye
|-damage|p2a: Sableye|46/100
|
|-weather|RainDance|[upkeep]
|-sideend|p2: lifdy03036|Reflect
|upkeep
|turn|12
|inactive|Battle timer is ON: inactive players will automatically lose when time's up. (requested by coolsk34)
|inactive|lifdy03036 has 60 seconds left.
|inactive|lifdy03036 has 30 seconds left.
|inactive|lifdy03036 has 20 seconds left.
|inactive|lifdy03036 has 15 seconds left.
|inactive|lifdy03036 has 10 seconds left.
|inactive|lifdy03036 has 5 seconds left.
|
|t:|1784163561
|move|p2a: Sableye|Gravity||[still]
|-fail|p2a: Sableye
|move|p1a: Peeko|Hurricane|p2a: Sableye
|-damage|p2a: Sableye|7/100
|-start|p2a: Sableye|confusion
|move|p1b: Krampus|Spirit Break|p2a: Sableye
|-supereffective|p2a: Sableye|1
|-damage|p2a: Sableye|0 fnt
|faint|p2a: Sableye
|
|win|coolsk34
|l|☆lifdy03036
|player|p2|
