|j|☆lerry27
|j|☆dgfsas
|html|lerry27dgfsas    
|uhtml|bestof|Game 3 of a best-of-3
|t:|1782558787
|gametype|doubles
|player|p1|lerry27|brycen|1070
|player|p2|dgfsas|cilan|1060
|gen|9
|tier|[Gen 9 Champions] VGC 2026 Reg M-B (Bo3)
|rated|
|rule|Species Clause: Limit one of each Pokémon
|rule|Item Clause: Limit 1 of each item
|clearpoke
|poke|p1|Gengar, L50, M, shiny|
|poke|p1|Maushold-Four, L50|
|poke|p1|Blastoise, L50, F|
|poke|p1|Sinistcha, L50|
|poke|p1|Politoed, L50, M|
|poke|p1|Incineroar, L50, M, shiny|
|poke|p2|Excadrill, L50, F|
|poke|p2|Tyranitar, L50, F|
|poke|p2|Oranguru, L50, M|
|poke|p2|Torkoal, L50, F|
|poke|p2|Whimsicott, L50, M|
|poke|p2|Staraptor, L50, M|
|teampreview|4
|showteam|p1|Gengar||Gengarite|CursedBody|SludgeBomb,PerishSong,ShadowBall,Protect|Modest||M|||50|]Maushold-Four||ChopleBerry|FriendGuard|FollowMe,HelpingHand,Uturn,Protect|Impish|||||50|]Blastoise||Blastoisinite|Torrent|WaterSpout,DarkPulse,ShellSmash,Protect|Modest||F|||50|]Sinistcha||KasibBerry|Hospitality|LifeDew,MatchaGotcha,RagePowder,Protect|Bold|||||50|]Politoed||SitrusBerry|Drizzle|PerishSong,Protect,WeatherBall,IceBeam|Calm||M|||50|]Incineroar||PasshoBerry|Intimidate|FakeOut,ThroatChop,PartingShot,Protect|Careful||M|||50|
|showteam|p2|Excadrill||Leftovers|SandRush|Earthquake,Protect,IronHead,Megahorn|Adamant||F|||50|]Tyranitar||Tyranitarite|SandStream|RockSlide,Protect,KnockOff,ThunderPunch|Brave||F|||50|]Oranguru||MentalHerb|Telepathy|Instruct,TrickRoom,Protect,Thunderbolt|Sassy||M|||50|]Torkoal||Charcoal|Drought|HeatWave,Protect,SolarBeam,EarthPower|Quiet||F|||50|]Whimsicott||FocusSash|Prankster|SunnyDay,Protect,Taunt,Moonblast|Modest||M|||50|]Staraptor||ChoiceScarf|Intimidate|FinalGambit,CloseCombat,BraveBird,Protect|Jolly||M|||50|
|inactive|Battle timer is ON: inactive players will automatically lose when time's up. (requested by dgfsas)
|
|t:|1782558806
|teamsize|p1|4
|teamsize|p2|4
|start
|switch|p1a: Incineroar|Incineroar, L50, M, shiny|100/100
|switch|p1b: Blastoise|Blastoise, L50, F|100/100
|switch|p2a: Tyranitar|Tyranitar, L50, F|100/100
|switch|p2b: Excadrill|Excadrill, L50, F|100/100
|-ability|p1a: Incineroar|Intimidate|boost
|-unboost|p2a: Tyranitar|atk|1
|-unboost|p2b: Excadrill|atk|1
|-weather|Sandstorm|[from] ability: Sand Stream|[of] p2a: Tyranitar
|turn|1
|
|t:|1782558822
|detailschange|p1b: Blastoise|Blastoise-Mega, L50, F
|-mega|p1b: Blastoise|Blastoise|Blastoisinite
|move|p2b: Excadrill|Protect|p2b: Excadrill
|-singleturn|p2b: Excadrill|Protect
|move|p1a: Incineroar|Fake Out|p2b: Excadrill
|-activate|p2b: Excadrill|move: Protect
|move|p1b: Blastoise|Shell Smash|p1b: Blastoise
|-unboost|p1b: Blastoise|def|1
|-unboost|p1b: Blastoise|spd|1
|-boost|p1b: Blastoise|atk|2
|-boost|p1b: Blastoise|spa|2
|-boost|p1b: Blastoise|spe|2
|move|p2a: Tyranitar|Thunder Punch|p1b: Blastoise
|-supereffective|p1b: Blastoise|1
|-damage|p1b: Blastoise|44/100
|
|-weather|Sandstorm|[upkeep]
|-damage|p1b: Blastoise|39/100|[from] Sandstorm
|-damage|p1a: Incineroar|93/100|[from] Sandstorm
|upkeep
|turn|2
|inactive|dgfsas has 30 seconds left.
|
|t:|1782558850
|switch|p2b: Whimsicott|Whimsicott, L50, M|100/100
|switch|p1a: Sinistcha|Sinistcha, L50|100/100
|-heal|p1b: Blastoise|64/100|[from] ability: Hospitality|[of] p1a: Sinistcha
|move|p1b: Blastoise|Protect|p1b: Blastoise
|-singleturn|p1b: Blastoise|Protect
|move|p2a: Tyranitar|Protect||[still]
|-fail|p2a: Tyranitar
|
|-weather|Sandstorm|[upkeep]
|-damage|p1b: Blastoise|58/100|[from] Sandstorm
|-damage|p2b: Whimsicott|94/100|[from] Sandstorm
|-damage|p1a: Sinistcha|93/100|[from] Sandstorm
|upkeep
|turn|3
|inactive|dgfsas has 30 seconds left.
|inactive|dgfsas has 20 seconds left.
|
|t:|1782558894
|move|p1b: Blastoise|Water Spout|p2b: Whimsicott|[spread] p2a,p2b
|-supereffective|p2a: Tyranitar|1
|-resisted|p2b: Whimsicott|1
|-damage|p2a: Tyranitar|6/100
|-damage|p2b: Whimsicott|30/100
|move|p2b: Whimsicott|Moonblast|p1a: Sinistcha
|-damage|p1a: Sinistcha|56/100
|-unboost|p1a: Sinistcha|spa|1
|move|p1a: Sinistcha|Life Dew|p1a: Sinistcha|[spread] p1a,p1b
|-heal|p1a: Sinistcha|81/100
|-heal|p1b: Blastoise|83/100
|move|p2a: Tyranitar|Thunder Punch|p1b: Blastoise
|-supereffective|p1b: Blastoise|1
|-damage|p1b: Blastoise|28/100
|
|-weather|Sandstorm|[upkeep]
|-damage|p1b: Blastoise|22/100|[from] Sandstorm
|-damage|p2b: Whimsicott|24/100|[from] Sandstorm
|-damage|p1a: Sinistcha|75/100|[from] Sandstorm
|upkeep
|turn|4
|inactive|dgfsas has 30 seconds left.
|
|t:|1782558920
|detailschange|p2a: Tyranitar|Tyranitar-Mega, L50, F
|-mega|p2a: Tyranitar|Tyranitar|Tyranitarite
|move|p1b: Blastoise|Protect|p1b: Blastoise
|-singleturn|p1b: Blastoise|Protect
|move|p2b: Whimsicott|Moonblast|p1a: Sinistcha
|-damage|p1a: Sinistcha|38/100
|move|p1a: Sinistcha|Life Dew|p1a: Sinistcha|[spread] p1a,p1b
|-heal|p1a: Sinistcha|63/100
|-heal|p1b: Blastoise|47/100
|move|p2a: Tyranitar|Thunder Punch|p1b: Blastoise
|-activate|p1b: Blastoise|move: Protect
|
|-weather|Sandstorm|[upkeep]
|-damage|p1b: Blastoise|41/100|[from] Sandstorm
|-damage|p2b: Whimsicott|18/100|[from] Sandstorm
|-damage|p1a: Sinistcha|57/100|[from] Sandstorm
|upkeep
|turn|5
|
|t:|1782558939
|switch|p1a: Politoed|Politoed, L50, M|100/100
|-weather|RainDance|[from] ability: Drizzle|[of] p1a: Politoed
|move|p2b: Whimsicott|Taunt|p1a: Politoed
|-start|p1a: Politoed|move: Taunt
|move|p1b: Blastoise|Water Spout|p2a: Tyranitar|[spread] p2a,p2b
|-supereffective|p2a: Tyranitar|1
|-resisted|p2b: Whimsicott|1
|-damage|p2a: Tyranitar|0 fnt
|-damage|p2b: Whimsicott|0 fnt
|faint|p2a: Tyranitar
|faint|p2b: Whimsicott
|
|-weather|RainDance|[upkeep]
|upkeep
|
|t:|1782558950
|switch|p2b: Staraptor|Staraptor, L50, M|100/100
|switch|p2a: Excadrill|Excadrill, L50, F|100/100
|-ability|p2b: Staraptor|Intimidate|boost
|-unboost|p1a: Politoed|atk|1
|-unboost|p1b: Blastoise|atk|1
|turn|6
|
|t:|1782558960
|switch|p1a: Sinistcha|Sinistcha, L50|57/100
|-heal|p1b: Blastoise|66/100|[from] ability: Hospitality|[of] p1a: Sinistcha
|move|p1b: Blastoise|Water Spout|p2a: Excadrill|[spread] p2a,p2b
|-supereffective|p2a: Excadrill|1
|-damage|p2a: Excadrill|0 fnt
|-damage|p2b: Staraptor|0 fnt
|faint|p2a: Excadrill
|faint|p2b: Staraptor
|
|win|lerry27
|raw|lerry27's rating: 1070 → 1099(+29 for winning)
|raw|dgfsas's rating: 1060 → 1042(-18 for losing)
|l|☆dgfsas
|player|p2|
