|j|☆k1ngm3
|j|☆Mclovingods
|html|k1ngm3Mclovingods    
|uhtml|bestof|Game 2 of a best-of-3
|t:|1782449978
|gametype|doubles
|player|p1|k1ngm3|dragontamer|1112
|player|p2|Mclovingods|169|1207
|gen|9
|tier|[Gen 9 Champions] VGC 2026 Reg M-B (Bo3)
|rated|
|rule|Species Clause: Limit one of each Pokémon
|rule|Item Clause: Limit 1 of each item
|clearpoke
|poke|p1|Whimsicott, L50, F|
|poke|p1|Tyranitar, L50, M|
|poke|p1|Ceruledge, L50, F|
|poke|p1|Malamar, L50, F|
|poke|p1|Raichu, L50, F|
|poke|p1|Staraptor, L50, M|
|poke|p2|Delphox, L50, M|
|poke|p2|Basculegion, L50, M|
|poke|p2|Sinistcha, L50|
|poke|p2|Incineroar, L50, M|
|poke|p2|Garchomp, L50, M|
|poke|p2|Staraptor, L50, F|
|teampreview|4
|showteam|p1|Whimsicott||FocusSash|Prankster|Tailwind,Encore,TrickRoom,Moonblast|Bold||F|||50|]Tyranitar||Tyranitarite|SandStream|RockSlide,Superpower,KnockOff,Protect|Adamant||M|||50|]Ceruledge||ChartiBerry|FlashFire|BulkUp,BitterBlade,ShadowSneak,Reflect|Hasty||F|||50|]Malamar||LifeOrb|Contrary|PoisonJab,PsychoCut,Disable,Superpower|Jolly||F|||50|]Raichu||RaichuniteY|LightningRod|FocusBlast,ZapCannon,GrassKnot,FakeOut|Hasty||F|||50|]Staraptor||Staraptite|Intimidate|BlazeKick,CloseCombat,Roost,BraveBird|Adamant||M|||50|
|showteam|p2|Delphox||Delphoxite|Blaze|NastyPlot,HeatWave,Psychic,Protect|Timid||M|||50|]Basculegion||MysticWater|Adaptability|WaveCrash,AquaJet,LastRespects,Protect|Jolly||M|||50|]Sinistcha||CobaBerry|Hospitality|MatchaGotcha,RagePowder,LifeDew,TrickRoom|Calm|||||50|]Incineroar||SitrusBerry|Intimidate|FakeOut,PartingShot,FlareBlitz,DarkestLariat|Careful||M|||50|]Garchomp||LifeOrb|RoughSkin|Earthquake,DragonClaw,RockSlide,Protect|Jolly||M|||50|]Staraptor||Staraptite|Intimidate|CloseCombat,BraveBird,Protect,Roost|Jolly||F|||50|
|
|t:|1782450012
|teamsize|p1|4
|teamsize|p2|4
|start
|switch|p1a: Whimsicott|Whimsicott, L50, F|100/100
|switch|p1b: Staraptor|Staraptor, L50, M|100/100
|switch|p2a: Delphox|Delphox, L50, M|100/100
|switch|p2b: Incineroar|Incineroar, L50, M|100/100
|-ability|p1b: Staraptor|Intimidate|boost
|-unboost|p2a: Delphox|atk|1
|-unboost|p2b: Incineroar|atk|1
|-ability|p2b: Incineroar|Intimidate|boost
|-unboost|p1a: Whimsicott|atk|1
|-unboost|p1b: Staraptor|atk|1
|turn|1
|
|t:|1782450052
|switch|p1a: Raichu|Raichu, L50, F|100/100
|switch|p1b: Ceruledge|Ceruledge, L50, F|100/100
|detailschange|p2a: Delphox|Delphox-Mega, L50, M
|-mega|p2a: Delphox|Delphox|Delphoxite
|move|p2b: Incineroar|Fake Out|p1a: Raichu
|-damage|p1a: Raichu|84/100
|move|p2a: Delphox|Heat Wave|p1a: Raichu|[spread] p1a
|-start|p1b: Ceruledge|ability: Flash Fire
|-damage|p1a: Raichu|13/100
|
|upkeep
|turn|2
|
|t:|1782450085
|switch|p2b: Sinistcha|Sinistcha, L50|100/100
|move|p2a: Delphox|Protect|p2a: Delphox
|-singleturn|p2a: Delphox|Protect
|move|p1a: Raichu|Fake Out|p2a: Delphox
|-activate|p2a: Delphox|move: Protect
|move|p1b: Ceruledge|Bitter Blade|p2a: Delphox
|-activate|p2a: Delphox|move: Protect
|
|upkeep
|turn|3
|
|t:|1782450108
|switch|p1a: Whimsicott|Whimsicott, L50, F|100/100
|switch|p2b: Incineroar|Incineroar, L50, M|100/100
|-ability|p2b: Incineroar|Intimidate|boost
|-unboost|p1a: Whimsicott|atk|1
|-unboost|p1b: Ceruledge|atk|1
|move|p2a: Delphox|Psychic|p1b: Ceruledge
|-damage|p1b: Ceruledge|34/100
|move|p1b: Ceruledge|Bulk Up|p1b: Ceruledge
|-boost|p1b: Ceruledge|atk|1
|-boost|p1b: Ceruledge|def|1
|
|upkeep
|turn|4
|
|t:|1782450126
|move|p2b: Incineroar|Fake Out|p1a: Whimsicott
|-damage|p1a: Whimsicott|89/100
|cant|p1a: Whimsicott|flinch
|move|p2a: Delphox|Psychic|p1b: Ceruledge
|-damage|p1b: Ceruledge|0 fnt
|faint|p1b: Ceruledge
|
|upkeep
|
|t:|1782450141
|switch|p1b: Staraptor|Staraptor, L50, M|100/100
|-ability|p1b: Staraptor|Intimidate|boost
|-unboost|p2a: Delphox|atk|1
|-unboost|p2b: Incineroar|atk|1
|turn|5
|
|t:|1782450154
|detailschange|p1b: Staraptor|Staraptor-Mega, L50, M
|-mega|p1b: Staraptor|Staraptor|Staraptite
|move|p1a: Whimsicott|Tailwind|p1a: Whimsicott
|-sidestart|p1: k1ngm3|move: Tailwind
|move|p1b: Staraptor|Close Combat|p2a: Delphox
|-resisted|p2a: Delphox|1
|-damage|p2a: Delphox|46/100
|-boost|p1b: Staraptor|def|1
|-boost|p1b: Staraptor|spd|1
|move|p2a: Delphox|Psychic|p1b: Staraptor
|-supereffective|p1b: Staraptor|1
|-damage|p1b: Staraptor|22/100
|move|p2b: Incineroar|Flare Blitz|p1a: Whimsicott
|-supereffective|p1a: Whimsicott|1
|-damage|p1a: Whimsicott|32/100
|-damage|p2b: Incineroar|84/100|[from] Recoil
|
|upkeep
|turn|6
|
|t:|1782450192
|switch|p2b: Sinistcha|Sinistcha, L50|100/100
|-heal|p2a: Delphox|71/100|[from] ability: Hospitality|[of] p2b: Sinistcha
|move|p2a: Delphox|Protect|p2a: Delphox
|-singleturn|p2a: Delphox|Protect
|move|p1b: Staraptor|Close Combat|p2b: Sinistcha
|-immune|p2b: Sinistcha
|move|p1a: Whimsicott|Moonblast|p2b: Sinistcha
|-damage|p2b: Sinistcha|75/100
|-unboost|p2b: Sinistcha|spa|1
|
|upkeep
|turn|7
|
|t:|1782450227
|move|p2b: Sinistcha|Rage Powder|p2b: Sinistcha
|-singleturn|p2b: Sinistcha|move: Rage Powder
|move|p1a: Whimsicott|Encore|p2a: Delphox
|-start|p2a: Delphox|Encore
|move|p2a: Delphox|Protect||[still]
|-fail|p2a: Delphox
|move|p1b: Staraptor|Close Combat|p2b: Sinistcha
|-immune|p2b: Sinistcha
|
|upkeep
|turn|8
|
|t:|1782450243
|switch|p2a: Basculegion|Basculegion, L50, M|100/100
|move|p1b: Staraptor|Roost|p1b: Staraptor
|-heal|p1b: Staraptor|72/100
|-singleturn|p1b: Staraptor|move: Roost
|move|p1a: Whimsicott|Moonblast|p2b: Sinistcha
|-damage|p2b: Sinistcha|51/100
|move|p2b: Sinistcha|Trick Room|p2b: Sinistcha
|-fieldstart|move: Trick Room|[of] p2b: Sinistcha
|
|-sideend|p1: k1ngm3|move: Tailwind
|upkeep
|turn|9
|
|t:|1782450270
|move|p2b: Sinistcha|Rage Powder|p2b: Sinistcha
|-singleturn|p2b: Sinistcha|move: Rage Powder
|move|p2a: Basculegion|Wave Crash|p1a: Whimsicott
|-resisted|p1a: Whimsicott|1
|-damage|p1a: Whimsicott|0 fnt
|faint|p1a: Whimsicott
|-damage|p2a: Basculegion|90/100|[from] Recoil
|move|p1b: Staraptor|Brave Bird|p2b: Sinistcha
|-supereffective|p2b: Sinistcha|1
|-enditem|p2b: Sinistcha|Coba Berry|[eat]
|-enditem|p2b: Sinistcha|Coba Berry|[weaken]
|-damage|p2b: Sinistcha|0 fnt
|faint|p2b: Sinistcha
|-damage|p1b: Staraptor|55/100|[from] Recoil
|
|upkeep
|
|t:|1782450283
|switch|p2b: Delphox|Delphox-Mega, L50, M|71/100
|switch|p1a: Raichu|Raichu, L50, F|13/100
|turn|10
|inactive|Battle timer is ON: inactive players will automatically lose when time's up. (requested by Mclovingods)
|
|t:|1782450319
|move|p2b: Delphox|Protect|p2b: Delphox
|-singleturn|p2b: Delphox|Protect
|move|p1a: Raichu|Fake Out|p2b: Delphox
|-activate|p2b: Delphox|move: Protect
|move|p2a: Basculegion|Aqua Jet|p1a: Raichu
|-damage|p1a: Raichu|0 fnt
|faint|p1a: Raichu
|move|p1b: Staraptor|Close Combat|p2b: Delphox
|-activate|p2b: Delphox|move: Protect
|
|upkeep
|turn|11
|
|t:|1782450335
|move|p2a: Basculegion|Wave Crash|p1b: Staraptor
|-damage|p1b: Staraptor|0 fnt
|faint|p1b: Staraptor
|-damage|p2a: Basculegion|73/100|[from] Recoil
|
|win|Mclovingods
|raw|k1ngm3's rating: 1112 → 1094(-18 for losing)
|raw|Mclovingods's rating: 1207 → 1225(+18 for winning)
|c|☆Mclovingods|gg
