|j|☆Lagv
|j|☆MortageAIntFreeman
|html|LagvMortageAIntFreeman    
|uhtml|bestof|Game 3 of a best-of-3
|t:|1785985327
|gametype|doubles
|player|p1|Lagv|1|1079
|player|p2|MortageAIntFreeman|ogreclan|1169
|gen|9
|tier|[Gen 9 Champions] VGC 2026 Reg M-B (Bo3)
|rated|
|rule|Species Clause: Limit one of each Pokémon
|rule|Item Clause: Limit 1 of each item
|clearpoke
|poke|p1|Maushold-Four, L50|
|poke|p1|Sableye, L50, F|
|poke|p1|Dragonite, L50, F|
|poke|p1|Delphox, L50, F|
|poke|p1|Ninetales, L50, F|
|poke|p1|Milotic, L50, M|
|poke|p2|Kingambit, L50, M, shiny|
|poke|p2|Pelipper, L50, F|
|poke|p2|Blastoise, L50, F, shiny|
|poke|p2|Whimsicott, L50, M, shiny|
|poke|p2|Archaludon, L50, F|
|poke|p2|Floette-Eternal, L50, F|
|teampreview|4
|showteam|p1|Maushold-Four||SilkScarf|Technician|PopulationBomb,FollowMe,BulletSeed,Protect|Jolly|||||50|]Sableye||RoseliBerry|Prankster|FakeOut,Encore,Disable,Gravity|Calm||F|||50|]Dragonite||Dragoninite|InnerFocus|Thunder,Blizzard,FocusBlast,Tailwind|Modest||F|||50|]Delphox||Delphoxite|Blaze|HeatWave,ExpandingForce,Hypnosis,NastyPlot|Timid||F|||50|]Ninetales||ChoiceScarf|Drought|SolarBeam,WeatherBall,HeatWave,ShadowBall|Modest||F|||50|]Milotic||Leftovers|Competitive|MuddyWater,Hypnosis,IcyWind,Protect|Bold||M|||50|
|showteam|p2|Kingambit||LifeOrb|Defiant|KowtowCleave,SuckerPunch,SwordsDance,Protect|Adamant||M|||50|]Pelipper||SitrusBerry|Drizzle|Protect,WeatherBall,Hurricane,Tailwind|Modest||F|||50|]Blastoise||Blastoisinite|RainDish|WaterSpout,DarkPulse,AuraSphere,FakeOut|Timid||F|||50|]Whimsicott||FocusSash|Prankster|Moonblast,Tailwind,Encore,Protect|Timid||M|||50|]Archaludon||Leftovers|Stamina|ElectroShot,FlashCannon,DracoMeteor,Protect|Bold||F|||50|]Floette-Eternal||Floettite|FlowerVeil|DrainingKiss,DazzlingGleam,LightofRuin,Protect|Modest||F|||50|
|inactive|Battle timer is ON: inactive players will automatically lose when time's up. (requested by MortageAIntFreeman)
|
|t:|1785985343
|teamsize|p1|4
|teamsize|p2|4
|start
|switch|p1a: Sableye|Sableye, L50, F|100/100
|switch|p1b: Maushold|Maushold-Four, L50|100/100
|switch|p2a: Blastoise|Blastoise, L50, F, shiny|100/100
|switch|p2b: Pelipper|Pelipper, L50, F|100/100
|-weather|RainDance|[from] ability: Drizzle|[of] p2b: Pelipper
|turn|1
|
|t:|1785985360
|switch|p1b: Ninetales|Ninetales, L50, F|100/100
|-weather|SunnyDay|[from] ability: Drought|[of] p1b: Ninetales
|switch|p2a: Archaludon|Archaludon, L50, F|100/100
|move|p2b: Pelipper|Protect|p2b: Pelipper
|-singleturn|p2b: Pelipper|Protect
|move|p1a: Sableye|Fake Out|p2b: Pelipper
|-activate|p2b: Pelipper|move: Protect
|
|-weather|SunnyDay|[upkeep]
|upkeep
|turn|2
|inactive|Lagv has 30 seconds left.
|inactive|Lagv has 20 seconds left.
|
|t:|1785985399
|switch|p1a: Maushold|Maushold-Four, L50|100/100
|move|p2a: Archaludon|Protect|p2a: Archaludon
|-singleturn|p2a: Archaludon|Protect
|move|p1b: Ninetales|Solar Beam||[still]
|-prepare|p1b: Ninetales|Solar Beam
|-anim|p1b: Ninetales|Solar Beam|p2b: Pelipper
|-damage|p2b: Pelipper|54/100
|move|p2b: Pelipper|Tailwind|p2b: Pelipper
|-sidestart|p2: MortageAIntFreeman|move: Tailwind
|
|-weather|SunnyDay|[upkeep]
|upkeep
|turn|3
|inactive|MortageAIntFreeman has 30 seconds left.
|inactive|MortageAIntFreeman has 20 seconds left.
|
|t:|1785985438
|switch|p1b: Sableye|Sableye, L50, F|100/100
|switch|p2b: Kingambit|Kingambit, L50, M, shiny|100/100
|move|p2a: Archaludon|Draco Meteor|p1b: Sableye
|-damage|p1b: Sableye|38/100
|-unboost|p2a: Archaludon|spa|2
|move|p1a: Maushold|Population Bomb|p2b: Kingambit
|-resisted|p2b: Kingambit|1
|-damage|p2b: Kingambit|94/100
|-resisted|p2b: Kingambit|1
|-damage|p2b: Kingambit|89/100
|-resisted|p2b: Kingambit|1
|-damage|p2b: Kingambit|85/100
|-resisted|p2b: Kingambit|1
|-damage|p2b: Kingambit|79/100
|-resisted|p2b: Kingambit|1
|-damage|p2b: Kingambit|74/100
|-resisted|p2b: Kingambit|1
|-damage|p2b: Kingambit|70/100
|-resisted|p2b: Kingambit|1
|-damage|p2b: Kingambit|65/100
|-resisted|p2b: Kingambit|1
|-damage|p2b: Kingambit|59/100
|-resisted|p2b: Kingambit|1
|-damage|p2b: Kingambit|54/100
|-resisted|p2b: Kingambit|1
|-damage|p2b: Kingambit|48/100
|-hitcount|p2b: Kingambit|10
|
|-weather|SunnyDay|[upkeep]
|upkeep
|turn|4
|inactive|Lagv has 30 seconds left.
|inactive|MortageAIntFreeman has 30 seconds left.
|inactive|MortageAIntFreeman has 20 seconds left.
|inactive|MortageAIntFreeman has 15 seconds left.
|
|t:|1785985481
|move|p1b: Sableye|Gravity|p1b: Sableye
|-fieldstart|move: Gravity
|move|p2a: Archaludon|Electro Shot||[still]
|-prepare|p2a: Archaludon|Electro Shot
|-boost|p2a: Archaludon|spa|1
|move|p1a: Maushold|Population Bomb|p2b: Kingambit
|-resisted|p2b: Kingambit|1
|-damage|p2b: Kingambit|43/100
|-resisted|p2b: Kingambit|1
|-damage|p2b: Kingambit|38/100
|-resisted|p2b: Kingambit|1
|-damage|p2b: Kingambit|33/100
|-resisted|p2b: Kingambit|1
|-damage|p2b: Kingambit|28/100
|-resisted|p2b: Kingambit|1
|-damage|p2b: Kingambit|22/100
|-resisted|p2b: Kingambit|1
|-damage|p2b: Kingambit|17/100
|-resisted|p2b: Kingambit|1
|-damage|p2b: Kingambit|11/100
|-resisted|p2b: Kingambit|1
|-damage|p2b: Kingambit|6/100
|-resisted|p2b: Kingambit|1
|-damage|p2b: Kingambit|1/100
|-resisted|p2b: Kingambit|1
|-damage|p2b: Kingambit|0 fnt
|faint|p2b: Kingambit
|-hitcount|p2: Kingambit|10
|
|-weather|SunnyDay|[upkeep]
|upkeep
|
|t:|1785985505
|switch|p2b: Blastoise|Blastoise, L50, F, shiny|100/100
|turn|5
|
|t:|1785985516
|detailschange|p2b: Blastoise|Blastoise-Mega, L50, F, shiny
|-mega|p2b: Blastoise|Blastoise|Blastoisinite
|move|p1a: Maushold|Protect|p1a: Maushold
|-singleturn|p1a: Maushold|Protect
|move|p1b: Sableye|Disable|p2a: Archaludon
|-start|p2a: Archaludon|Disable|Electro Shot
|move|p2b: Blastoise|Water Spout|p1a: Maushold|[spread] p1b
|-activate|p1a: Maushold|move: Protect
|-damage|p1b: Sableye|9/100
|cant|p2a: Archaludon|Disable|Electro Shot
|
|-weather|none
|-sideend|p2: MortageAIntFreeman|move: Tailwind
|upkeep
|turn|6
|
|t:|1785985537
|switch|p2a: Pelipper|Pelipper, L50, F|54/100
|-weather|RainDance|[from] ability: Drizzle|[of] p2a: Pelipper
|move|p1b: Sableye|Encore||[still]
|-fail|p1b: Sableye
|move|p1a: Maushold|Population Bomb|p2b: Blastoise
|-damage|p2b: Blastoise|87/100
|-damage|p2b: Blastoise|75/100
|-damage|p2b: Blastoise|62/100
|-damage|p2b: Blastoise|49/100
|-damage|p2b: Blastoise|35/100
|-damage|p2b: Blastoise|20/100y
|-damage|p2b: Blastoise|8/100
|-damage|p2b: Blastoise|0 fnt
|faint|p2b: Blastoise
|-hitcount|p2: Blastoise|8
|
|-weather|RainDance|[upkeep]
|upkeep
|
|t:|1785985555
|switch|p2b: Archaludon|Archaludon, L50, F|100/100
|turn|7
|
|t:|1785985568
|switch|p1b: Ninetales|Ninetales, L50, F|100/100
|-weather|SunnyDay|[from] ability: Drought|[of] p1b: Ninetales
|move|p1a: Maushold|Population Bomb|p2a: Pelipper
|-damage|p2a: Pelipper|39/100
|-enditem|p2a: Pelipper|Sitrus Berry|[eat]
|-heal|p2a: Pelipper|64/100|[from] item: Sitrus Berry
|-damage|p2a: Pelipper|49/100
|-damage|p2a: Pelipper|35/100
|-damage|p2a: Pelipper|20/100y
|-damage|p2a: Pelipper|5/100
|-damage|p2a: Pelipper|0 fnt
|faint|p2a: Pelipper
|-hitcount|p2: Pelipper|6
|move|p2b: Archaludon|Draco Meteor|p1a: Maushold
|-damage|p1a: Maushold|14/100
|-unboost|p2b: Archaludon|spa|2
|
|-weather|SunnyDay|[upkeep]
|upkeep
|turn|8
|inactive|Lagv has 30 seconds left.
|
|t:|1785985595
|move|p2b: Archaludon|Protect|p2b: Archaludon
|-singleturn|p2b: Archaludon|Protect
|move|p1b: Ninetales|Weather Ball|p2b: Archaludon
|-activate|p2b: Archaludon|move: Protect
|move|p1a: Maushold|Population Bomb|p2b: Archaludon
|-activate|p2b: Archaludon|move: Protect
|
|-weather|SunnyDay|[upkeep]
|-fieldend|move: Gravity
|upkeep
|turn|9
|
|t:|1785985610
|move|p1b: Ninetales|Weather Ball|p2b: Archaludon
|-damage|p2b: Archaludon|36/100
|-ability|p2b: Archaludon|Stamina|boost
|-boost|p2b: Archaludon|def|1
|move|p1a: Maushold|Population Bomb|p2b: Archaludon
|-resisted|p2b: Archaludon|1
|-damage|p2b: Archaludon|32/100
|-ability|p2b: Archaludon|Stamina|boost
|-boost|p2b: Archaludon|def|1
|-hitcount|p2b: Archaludon|1
|move|p2b: Archaludon|Flash Cannon|p1a: Maushold
|-damage|p1a: Maushold|0 fnt
|faint|p1a: Maushold
|
|-weather|SunnyDay|[upkeep]
|-heal|p2b: Archaludon|39/100|[from] item: Leftovers
|upkeep
|
|t:|1785985625
|switch|p1a: Sableye|Sableye, L50, F|9/100
|turn|10
|
|t:|1785985630
|move|p1a: Sableye|Gravity|p1a: Sableye
|-fieldstart|move: Gravity
|move|p1b: Ninetales|Weather Ball|p2b: Archaludon
|-damage|p2b: Archaludon|0 fnt
|faint|p2b: Archaludon
|
|win|Lagv
|raw|Lagv's rating: 1079 → 1114(+35 for winning)
|raw|MortageAIntFreeman's rating: 1169 → 1138(-31 for losing)
|c|☆Lagv|´gg
|c|☆MortageAIntFreeman|gg
|l|☆MortageAIntFreeman
|player|p2|
