|j|☆jayoticnl
|j|☆gaming from toilet
|html|jayoticnlgaming from toilet    
|uhtml|bestof|Game 1 of a best-of-3
|t:|1757773313
|gametype|doubles
|player|p1|jayoticnl|preschooler|1287
|player|p2|gaming from toilet|2|1275
|gen|9
|tier|[Gen 9] VGC 2025 Reg H (Bo3)
|rated|
|rule|Species Clause: Limit one of each Pokémon
|rule|Item Clause: Limit 1 of each item
|clearpoke
|poke|p1|Maushold, L50|
|poke|p1|Annihilape, L50, M|
|poke|p1|Tyranitar, L50, F|
|poke|p1|Garchomp, L50, F|
|poke|p1|Incineroar, L50, M|
|poke|p1|Amoonguss, L50, M|
|poke|p2|Dragonite, L50, F|
|poke|p2|Ursaluna-Bloodmoon, L50, M|
|poke|p2|Gholdengo, L50|
|poke|p2|Maushold-Four, L50|
|poke|p2|Annihilape, L50, F|
|poke|p2|Rillaboom, L50, M|
|teampreview|4
|showteam|p1|Maushold||SitrusBerry|FriendGuard|SuperFang,BeatUp,FollowMe,Protect||||||50|,,,,,Ghost]Annihilape||SafetyGoggles|Defiant|CloseCombat,RageFist,FinalGambit,Protect|||M|||50|,,,,,Fire]Tyranitar||AssaultVest|SandStream|RockSlide,KnockOff,TeraBlast,LowKick|||F|||50|,,,,,Flying]Garchomp||LifeOrb|SandVeil|StompingTantrum,DragonClaw,Earthquake,Protect|||F|||50|,,,,,Ground]Incineroar||RockyHelmet|Intimidate|FlareBlitz,KnockOff,FakeOut,PartingShot|||M|||50|,,,,,Grass]Amoonguss||CovertCloak|Regenerator|Spore,RagePowder,PollenPuff,Protect|||M|||50|,,,,,Psychic
|showteam|p2|Dragonite||LoadedDice|Multiscale|ScaleShot,Tailwind,Haze,Protect|||F|||50|,,,,,Fairy]Ursaluna-Bloodmoon||AssaultVest|MindsEye|BloodMoon,EarthPower,HyperVoice,VacuumWave|||M|||50|,,,,,Water]Gholdengo||LifeOrb|GoodasGold|MakeItRain,ShadowBall,NastyPlot,Protect||||||50|,,,,,Dragon]Maushold-Four||FocusSash|FriendGuard|Taunt,FollowMe,BeatUp,Protect||||||50|,,,,,Ghost]Annihilape||SitrusBerry|Defiant|RageFist,DrainPunch,BulkUp,Protect|||F|||50|,,,,,Fire]Rillaboom||MiracleSeed|GrassySurge|WoodHammer,GrassyGlide,HighHorsepower,FakeOut|||M|||50|,,,,,Fire
|inactive|Battle timer is ON: inactive players will automatically lose when time's up. (requested by gaming from toilet)
|inactive|gaming from toilet has 60 seconds left.
|
|t:|1757773362
|teamsize|p1|4
|teamsize|p2|4
|start
|switch|p1a: Garchomp|Garchomp, L50, F|100/100
|switch|p1b: Amoonguss|Amoonguss, L50, M|100/100
|switch|p2a: Maushold|Maushold-Four, L50|100/100
|switch|p2b: Annihilape|Annihilape, L50, F|100/100
|turn|1
|
|t:|1757773375
|-terastallize|p1a: Garchomp|Ground
|move|p1b: Amoonguss|Protect|p1b: Amoonguss
|-singleturn|p1b: Amoonguss|Protect
|move|p2a: Maushold|Taunt|p1b: Amoonguss
|-activate|p1b: Amoonguss|move: Protect
|move|p1a: Garchomp|Earthquake|p2a: Maushold|[spread] p2a,p2b
|-activate|p1b: Amoonguss|move: Protect
|-damage|p2a: Maushold|24/100
|-damage|p2b: Annihilape|43/100
|-enditem|p2b: Annihilape|Sitrus Berry|[eat]
|-heal|p2b: Annihilape|68/100|[from] item: Sitrus Berry
|-damage|p1a: Garchomp|91/100|[from] item: Life Orb
|move|p2b: Annihilape|Bulk Up|p2b: Annihilape
|-boost|p2b: Annihilape|atk|1
|-boost|p2b: Annihilape|def|1
|
|upkeep
|turn|2
|inactive|gaming from toilet has 30 seconds left.
|inactive|jayoticnl has 30 seconds left.
|
|t:|1757773409
|move|p2a: Maushold|Taunt|p1b: Amoonguss
|-start|p1b: Amoonguss|move: Taunt
|move|p1a: Garchomp|Dragon Claw|p2a: Maushold
|-damage|p2a: Maushold|0 fnt
|faint|p2a: Maushold
|-damage|p1a: Garchomp|81/100|[from] item: Life Orb
|move|p2b: Annihilape|Drain Punch|p1a: Garchomp
|-damage|p1a: Garchomp|36/100
|-heal|p2b: Annihilape|88/100|[from] drain|[of] p1a: Garchomp
|cant|p1b: Amoonguss|move: Taunt|Spore
|
|upkeep
|
|t:|1757773428
|switch|p2a: Ursaluna|Ursaluna-Bloodmoon, L50, M|100/100
|turn|3
|inactive|gaming from toilet has 30 seconds left.
|
|t:|1757773458
|switch|p1b: Tyranitar|Tyranitar, L50, F|100/100
|-weather|Sandstorm|[from] ability: Sand Stream|[of] p1b: Tyranitar
|move|p1a: Garchomp|Protect|p1a: Garchomp
|-singleturn|p1a: Garchomp|Protect
|move|p2b: Annihilape|Drain Punch|p1a: Garchomp
|-activate|p1a: Garchomp|move: Protect
|move|p2a: Ursaluna|Blood Moon|p1b: Tyranitar
|-resisted|p1b: Tyranitar
|-damage|p1b: Tyranitar|86/100
|
|-weather|Sandstorm|[upkeep]
|-damage|p2b: Annihilape|82/100|[from] Sandstorm
|upkeep
|turn|4
|inactive|gaming from toilet has 30 seconds left.
|
|t:|1757773488
|switch|p1b: Amoonguss|Amoonguss, L50, M|100/100
|move|p1a: Garchomp|Earthquake|p2b: Annihilape|[spread] p1b,p2a,p2b
|-damage|p1b: Amoonguss|45/100
|-damage|p2a: Ursaluna|54/100
|-damage|p2b: Annihilape|34/100
|-damage|p1a: Garchomp|27/100|[from] item: Life Orb
|move|p2b: Annihilape|Drain Punch|p1b: Amoonguss
|-resisted|p1b: Amoonguss
|-damage|p1b: Amoonguss|26/100
|-heal|p2b: Annihilape|44/100|[from] drain|[of] p1b: Amoonguss
|move|p2a: Ursaluna|Hyper Voice|p1a: Garchomp|[spread] p1a,p1b
|-damage|p1a: Garchomp|0 fnt
|-damage|p1b: Amoonguss|0 fnt
|faint|p1a: Garchomp
|faint|p1b: Amoonguss
|
|-weather|Sandstorm|[upkeep]
|-damage|p2b: Annihilape|38/100|[from] Sandstorm
|upkeep
|
|t:|1757773493
|switch|p1a: Incineroar|Incineroar, L50, M|100/100
|switch|p1b: Tyranitar|Tyranitar, L50, F|86/100
|-ability|p1a: Incineroar|Intimidate|boost
|-unboost|p2a: Ursaluna|atk|1
|-unboost|p2b: Annihilape|atk|1
|-ability|p2b: Annihilape|Defiant|boost
|-boost|p2b: Annihilape|atk|2
|turn|5
|inactive|gaming from toilet has 30 seconds left.
|inactive|gaming from toilet has 20 seconds left.
|inactive|gaming from toilet has 15 seconds left.
|inactive|gaming from toilet has 10 seconds left.
|
|t:|1757773539
|move|p2b: Annihilape|Drain Punch|p1b: Tyranitar
|-supereffective|p1b: Tyranitar
|-damage|p1b: Tyranitar|0 fnt
|-heal|p2b: Annihilape|81/100|[from] drain|[of] p1b: Tyranitar
|faint|p1b: Tyranitar
|move|p1a: Incineroar|Flare Blitz|p2b: Annihilape
|-damage|p2b: Annihilape|41/100
|-damage|p1a: Incineroar|87/100|[from] Recoil
|move|p2a: Ursaluna|Earth Power|p1a: Incineroar
|-supereffective|p1a: Incineroar
|-damage|p1a: Incineroar|0 fnt
|faint|p1a: Incineroar
|
|win|gaming from toilet
||jayoticnl is ready for game 2.
|inactive|gaming from toilet has 30 seconds to confirm battle start!
||gaming from toilet is ready for game 2.
|uhtml|next|Next: Game 2 of 3
