|j|☆idkmeibee
|j|☆monsoonisbest
|html|idkmeibeemonsoonisbest    
|uhtml|bestof|Game 1 of a best-of-3
|t:|1782983943
|gametype|doubles
|player|p1|idkmeibee|roxie|1120
|player|p2|monsoonisbest|266|1206
|gen|9
|tier|[Gen 9 Champions] VGC 2026 Reg M-B (Bo3)
|rated|
|rule|Species Clause: Limit one of each Pokémon
|rule|Item Clause: Limit 1 of each item
|clearpoke
|poke|p1|Vivillon-Icy Snow, L50, M|
|poke|p1|Scrafty, L50, F|
|poke|p1|Sableye, L50, M|
|poke|p1|Ninetales-Alola, L50, M|
|poke|p1|Gholdengo, L50|
|poke|p1|Primarina, L50, M|
|poke|p2|Pyroar, L50, M|
|poke|p2|Basculegion, L50, M|
|poke|p2|Mawile, L50, M|
|poke|p2|Torkoal, L50, M|
|poke|p2|Oranguru, L50, M|
|poke|p2|Grimmsnarl, L50, M|
|teampreview|4
|showteam|p1|Vivillon-Icy Snow||ChoiceScarf|CompoundEyes|SleepPowder,Hurricane,PollenPuff,Tailwind|Bold||M|||50|]Scrafty||Scraftinite|Intimidate|SwordsDance,DrainPunch,KnockOff,FakeOut|Adamant||F|||50|]Sableye||RoseliBerry|Prankster|Quash,WillOWisp,FoulPlay,LightScreen|Careful||M|||50|]Ninetales-Alola||LightClay|SnowWarning|AuroraVeil,Blizzard,IcyWind,Encore|Calm||M|||50|]Gholdengo||WhiteHerb|GoodasGold|NastyPlot,ShadowBall,MakeItRain,Protect|Modest|||||50|]Primarina||MysticWater|LiquidVoice|HyperVoice,Moonblast,Haze,Protect|Timid||M|||50|
|showteam|p2|Pyroar||Pyroarite|Rivalry|HeatWave,SolarBeam,Overheat,Protect|Timid||M|||50|]Basculegion||ChoiceScarf|Adaptability|WaveCrash,LastRespects,FlipTurn,AquaJet|Jolly||M|||50|]Mawile||Mawilite|HyperCutter|IronHead,PlayRough,SuckerPunch,Protect|Adamant||M|||50|]Torkoal||Charcoal|Drought|Eruption,WeatherBall,HelpingHand,Protect|Quiet||M|||50|]Oranguru||MentalHerb|InnerFocus|Psychic,TrickRoom,Encore,Instruct|Relaxed||M|||50|]Grimmsnarl||SitrusBerry|Prankster|SpiritBreak,FakeOut,LightScreen,PartingShot|Careful||M|||50|
|inactive|Battle timer is ON: inactive players will automatically lose when time's up. (requested by idkmeibee)
|inactive|idkmeibee has 60 seconds left.
|
|t:|1782983990
|teamsize|p1|4
|teamsize|p2|4
|start
|switch|p1a: Vivillon|Vivillon-Icy Snow, L50, M|100/100
|switch|p1b: Sableye|Sableye, L50, M|100/100
|switch|p2a: Pyroar|Pyroar, L50, M|100/100
|switch|p2b: Grimmsnarl|Grimmsnarl, L50, M|100/100
|turn|1
|
|t:|1782984005
|switch|p1a: Primarina|Primarina, L50, M|100/100
|detailschange|p2a: Pyroar|Pyroar-Mega, L50, M
|-mega|p2a: Pyroar|Pyroar|Pyroarite
|move|p2b: Grimmsnarl|Fake Out|p1a: Primarina
|-damage|p1a: Primarina|89/100
|move|p1b: Sableye|Light Screen|p1b: Sableye
|-sidestart|p1: idkmeibee|move: Light Screen
|move|p2a: Pyroar|Heat Wave|p1b: Sableye|[spread] p1a,p1b
|-resisted|p1a: Primarina|1
|-damage|p1a: Primarina|71/100
|-damage|p1b: Sableye|56/100
|
|upkeep
|turn|2
|
|t:|1782984026
|move|p2b: Grimmsnarl|Parting Shot|p1a: Primarina
|-unboost|p1a: Primarina|atk|1
|-unboost|p1a: Primarina|spa|1
|
|t:|1782984030
|switch|p2b: Torkoal|Torkoal, L50, M|100/100|[from] Parting Shot
|-weather|SunnyDay|[from] ability: Drought|[of] p2b: Torkoal
|move|p1b: Sableye|Quash|p2a: Pyroar
|-activate|p2a: Pyroar|move: Quash
|move|p1a: Primarina|Hyper Voice|p2a: Pyroar|[spread] p2a,p2b
|-supereffective|p2a: Pyroar|1
|-supereffective|p2b: Torkoal|1
|-damage|p2a: Pyroar|70/100
|-damage|p2b: Torkoal|66/100
|move|p2a: Pyroar|Solar Beam||[still]
|-prepare|p2a: Pyroar|Solar Beam
|-anim|p2a: Pyroar|Solar Beam|p1a: Primarina
|-supereffective|p1a: Primarina|1
|-damage|p1a: Primarina|25/100
|
|-weather|SunnyDay|[upkeep]
|upkeep
|turn|3
|
|t:|1782984047
|move|p1b: Sableye|Quash|p2a: Pyroar
|-activate|p2a: Pyroar|move: Quash
|move|p1a: Primarina|Hyper Voice|p2a: Pyroar|[spread] p2a,p2b
|-supereffective|p2a: Pyroar|1
|-supereffective|p2b: Torkoal|1
|-crit|p2b: Torkoal
|-damage|p2a: Pyroar|36/100
|-damage|p2b: Torkoal|0 fnt
|faint|p2b: Torkoal
|move|p2a: Pyroar|Solar Beam||[still]
|-prepare|p2a: Pyroar|Solar Beam
|-anim|p2a: Pyroar|Solar Beam|p1a: Primarina
|-supereffective|p1a: Primarina|1
|-damage|p1a: Primarina|0 fnt
|faint|p1a: Primarina
|
|-weather|SunnyDay|[upkeep]
|upkeep
|
|t:|1782984058
|switch|p1a: Vivillon|Vivillon-Icy Snow, L50, M|100/100
|switch|p2b: Mawile|Mawile, L50, M|100/100
|turn|4
|
|t:|1782984069
|move|p2a: Pyroar|Protect|p2a: Pyroar
|-singleturn|p2a: Pyroar|Protect
|move|p1b: Sableye|Will-O-Wisp|p2b: Mawile
|-status|p2b: Mawile|brn
|move|p1a: Vivillon|Sleep Powder|p2a: Pyroar
|-activate|p2a: Pyroar|move: Protect
|move|p2b: Mawile|Play Rough|p1b: Sableye
|-supereffective|p1b: Sableye|1
|-enditem|p1b: Sableye|Roseli Berry|[eat]
|-enditem|p1b: Sableye|Roseli Berry|[weaken]
|-damage|p1b: Sableye|36/100
|
|-weather|SunnyDay|[upkeep]
|-damage|p2b: Mawile|94/100 brn|[from] brn
|upkeep
|turn|5
|
|t:|1782984083
|move|p1a: Vivillon|Sleep Powder|p2a: Pyroar
|-status|p2a: Pyroar|slp|[from] move: Sleep Powder
|cant|p2a: Pyroar|slp
|move|p2b: Mawile|Play Rough|p1b: Sableye
|-supereffective|p1b: Sableye|1
|-damage|p1b: Sableye|0 fnt
|faint|p1b: Sableye
|
|-weather|SunnyDay|[upkeep]
|-damage|p2b: Mawile|88/100 brn|[from] brn
|-sideend|p1: idkmeibee|move: Light Screen
|upkeep
|
|t:|1782984090
|switch|p1b: Scrafty|Scrafty, L50, F|100/100
|-ability|p1b: Scrafty|Intimidate|boost
|-unboost|p2a: Pyroar|atk|1
|-fail|p2b: Mawile|unboost|Attack|[from] ability: Hyper Cutter|[of] p2b: Mawile
|turn|6
|
|t:|1782984105
|switch|p2a: Grimmsnarl|Grimmsnarl, L50, M|100/100
|detailschange|p1b: Scrafty|Scrafty-Mega, L50, F
|-mega|p1b: Scrafty|Scrafty|Scraftinite
|-ability|p1b: Scrafty|Intimidate|boost
|-unboost|p2a: Grimmsnarl|atk|1
|-fail|p2b: Mawile|unboost|Attack|[from] ability: Hyper Cutter|[of] p2b: Mawile
|move|p1a: Vivillon|Sleep Powder|p2a: Grimmsnarl
|-status|p2a: Grimmsnarl|slp|[from] move: Sleep Powder
|move|p1b: Scrafty|Drain Punch|p2b: Mawile
|-damage|p2b: Mawile|27/100 brn
|move|p2b: Mawile|Play Rough|p1b: Scrafty
|-supereffective|p1b: Scrafty|2
|-damage|p1b: Scrafty|36/100
|
|-weather|none
|-damage|p2b: Mawile|21/100 brn|[from] brn
|upkeep
|turn|7
|
|t:|1782984123
|move|p1a: Vivillon|Sleep Powder|p2a: Grimmsnarl
|-fail|p2a: Grimmsnarl|slp
|move|p1b: Scrafty|Drain Punch|p2b: Mawile
|-crit|p2b: Mawile
|-damage|p2b: Mawile|0 fnt
|-heal|p1b: Scrafty|47/100|[from] drain|[of] p2b: Mawile
|faint|p2b: Mawile
|cant|p2a: Grimmsnarl|slp
|
|upkeep
|
|t:|1782984132
|switch|p2b: Pyroar|Pyroar-Mega, L50, M|36/100 slp
|turn|8
|
|t:|1782984140
|move|p1a: Vivillon|Sleep Powder|p2b: Pyroar
|-fail|p2b: Pyroar|slp
|cant|p2b: Pyroar|slp
|move|p1b: Scrafty|Drain Punch|p2b: Pyroar
|-supereffective|p2b: Pyroar|1
|-damage|p2b: Pyroar|0 fnt
|-heal|p1b: Scrafty|67/100|[from] drain|[of] p2b: Pyroar
|faint|p2b: Pyroar
|-curestatus|p2a: Grimmsnarl|slp|[msg]
|move|p2a: Grimmsnarl|Spirit Break|p1b: Scrafty
|-supereffective|p1b: Scrafty|2
|-damage|p1b: Scrafty|0 fnt
|faint|p1b: Scrafty
|
|upkeep
|turn|9
|-message|idkmeibee forfeited.
|
|win|monsoonisbest
