|j|☆Kiyoshit
|j|☆Emboar17
|html|KiyoshitEmboar17    
|uhtml|bestof|Game 1 of a best-of-3
|t:|1756476177
|gametype|doubles
|player|p1|Kiyoshit|alder|1000
|player|p2|Emboar17|acetrainer-gen4dp|1090
|gen|9
|tier|[Gen 9] VGC 2025 Reg H (Bo3)
|rated|
|rule|Species Clause: Limit one of each Pokémon
|rule|Item Clause: Limit 1 of each item
|clearpoke
|poke|p1|Incineroar, L50, M|
|poke|p1|Amoonguss, L50, F|
|poke|p1|Ursaluna-Bloodmoon, L50, M|
|poke|p1|Dragonite, L50, M|
|poke|p1|Sneasler, L50, F|
|poke|p1|Gholdengo, L50|
|poke|p2|Incineroar, L50, M|
|poke|p2|Ursaluna, L50, M|
|poke|p2|Gholdengo, L50|
|poke|p2|Flamigo, L50, M|
|poke|p2|Sneasler, L50, F|
|poke|p2|Farigiraf, L50, F|
|teampreview|4
|showteam|p1|Incineroar||SafetyGoggles|Intimidate|FlareBlitz,KnockOff,FakeOut,PartingShot|||M|||50|,,,,,Ghost]Amoonguss||SitrusBerry|Regenerator|PollenPuff,Spore,RagePowder,Protect|||F|||50|,,,,,Psychic]Ursaluna-Bloodmoon||AssaultVest|MindsEye|HyperVoice,BloodMoon,EarthPower,VacuumWave|||M|||50|,,,,,Water]Dragonite||LoadedDice|Multiscale|ScaleShot,Tailwind,Haze,Protect|||M|||50|,,,,,Fairy]Sneasler||FocusSash|Unburden|CloseCombat,DireClaw,ThroatChop,Protect|||F|||50|,,,,,Stellar]Gholdengo||LifeOrb|GoodasGold|MakeItRain,ShadowBall,NastyPlot,Protect||||||50|,,,,,Water
|showteam|p2|Incineroar||SafetyGoggles|Intimidate|KnockOff,FlareBlitz,PartingShot,FakeOut|||M|||50|,,,,,Ghost]Ursaluna||FlameOrb|Guts|Facade,HeadlongRush,Earthquake,Protect|||M|||50|,,,,,Fairy]Gholdengo||LifeOrb|GoodasGold|MakeItRain,ShadowBall,NastyPlot,Protect||||||50|,,,,,Dragon]Flamigo||FocusSash|Scrappy|CloseCombat,BraveBird,WideGuard,Protect|||M|||50|,,,,,Ghost]Sneasler||WhiteHerb|PoisonTouch|DireClaw,CloseCombat,FakeOut,Protect|||F|||50|,,,,,Stellar]Farigiraf||ThroatSpray|ArmorTail|HyperVoice,TrickRoom,Protect,Psychic|||F|||50|,,,,,Fairy
|j| RamiM50
|inactive|Battle timer is ON: inactive players will automatically lose when time's up. (requested by Emboar17)
|
|t:|1756476291
|teamsize|p1|4
|teamsize|p2|4
|start
|switch|p1a: Gholdengo|Gholdengo, L50|100/100
|switch|p1b: Ursaluna|Ursaluna-Bloodmoon, L50, M|100/100
|switch|p2a: Flamigo|Flamigo, L50, M, shiny|100/100
|switch|p2b: Farigiraf|Farigiraf, L50, F|100/100
|turn|1
|inactive|Emboar17 has 30 seconds left.
|inactive|Emboar17 has 20 seconds left.
|inactive|Emboar17 has 15 seconds left.
|inactive|Emboar17 has 10 seconds left.
|
|t:|1756476339
|move|p2b: Farigiraf|Protect|p2b: Farigiraf
|-singleturn|p2b: Farigiraf|Protect
|move|p2a: Flamigo|Close Combat|p1a: Gholdengo
|-supereffective|p1a: Gholdengo
|-damage|p1a: Gholdengo|0 fnt
|-unboost|p2a: Flamigo|def|1
|-unboost|p2a: Flamigo|spd|1
|faint|p1a: Gholdengo
|move|p1b: Ursaluna|Blood Moon|p2a: Flamigo
|-enditem|p2a: Flamigo|Focus Sash
|-damage|p2a: Flamigo|1/100
|
|upkeep
|
|t:|1756476351
|switch|p1a: Dragonite|Dragonite, L50, M|100/100
|turn|2
|
|t:|1756476377
|move|p1b: Ursaluna|Vacuum Wave||[still]
|cant|p2b: Farigiraf|ability: Armor Tail|Vacuum Wave|[of] p1b: Ursaluna
|move|p2a: Flamigo|Close Combat|p1a: Dragonite
|-resisted|p1a: Dragonite
|-damage|p1a: Dragonite|84/100
|-unboost|p2a: Flamigo|def|1
|-unboost|p2a: Flamigo|spd|1
|move|p1a: Dragonite|Scale Shot|p2b: Farigiraf
|-damage|p2b: Farigiraf|86/100
|-damage|p2b: Farigiraf|71/100
|-crit|p2b: Farigiraf
|-damage|p2b: Farigiraf|49/100
|-damage|p2b: Farigiraf|35/100
|-damage|p2b: Farigiraf|18/100
|-hitcount|p2b: Farigiraf|5
|-unboost|p1a: Dragonite|def|1
|-boost|p1a: Dragonite|spe|1
|move|p2b: Farigiraf|Trick Room|p2b: Farigiraf
|-fieldstart|move: Trick Room|[of] p2b: Farigiraf
|
|upkeep
|turn|3
|inactive|Emboar17 has 30 seconds left.
|inactive|Emboar17 has 20 seconds left.
|inactive|Emboar17 has 15 seconds left.
|inactive|Emboar17 has 10 seconds left.
|
|t:|1756476425
|move|p2a: Flamigo|Wide Guard|p2a: Flamigo
|-singleturn|p2a: Flamigo|Wide Guard
|move|p2b: Farigiraf|Hyper Voice|p1b: Ursaluna|[spread] p1a,p1b
|-damage|p1a: Dragonite|52/100
|-damage|p1b: Ursaluna|81/100
|-enditem|p2b: Farigiraf|Throat Spray
|-boost|p2b: Farigiraf|spa|1|[from] item: Throat Spray
|move|p1b: Ursaluna|Blood Moon|p2a: Flamigo
|-damage|p2a: Flamigo|0 fnt
|faint|p2a: Flamigo
|move|p1a: Dragonite|Scale Shot|p2b: Farigiraf
|-damage|p2b: Farigiraf|4/100
|-damage|p2b: Farigiraf|0 fnt
|faint|p2b: Farigiraf
|-hitcount|p2: Farigiraf|2
|-unboost|p1a: Dragonite|def|1
|-boost|p1a: Dragonite|spe|1
|
|upkeep
|
|t:|1756476438
|switch|p2b: Gholdengo|Gholdengo, L50, shiny|100/100
|switch|p2a: Ursaluna|Ursaluna, L50, M, shiny|100/100
|turn|4
|inactive|Emboar17 has 30 seconds left.
|
|t:|1756476468
|-terastallize|p2b: Gholdengo|Dragon
|move|p1a: Dragonite|Protect|p1a: Dragonite
|-singleturn|p1a: Dragonite|Protect
|move|p2a: Ursaluna|Facade|p1a: Dragonite
|-activate|p1a: Dragonite|move: Protect
|move|p1b: Ursaluna|Earth Power|p2b: Gholdengo
|-damage|p2b: Gholdengo|50/100
|move|p2b: Gholdengo|Nasty Plot|p2b: Gholdengo
|-boost|p2b: Gholdengo|spa|2
|
|-status|p2a: Ursaluna|brn|[from] item: Flame Orb
|upkeep
|turn|5
|inactive|Kiyoshit has 30 seconds left.
|
|t:|1756476501
|move|p2a: Ursaluna|Facade|p1b: Ursaluna
|-damage|p1b: Ursaluna|0 fnt
|faint|p1b: Ursaluna
|move|p2b: Gholdengo|Make It Rain|p1a: Dragonite
|-damage|p1a: Dragonite|0 fnt
|-unboost|p2b: Gholdengo|spa|1
|faint|p1a: Dragonite
|-damage|p2b: Gholdengo|41/100|[from] item: Life Orb
|
|-damage|p2a: Ursaluna|95/100 brn|[from] brn
|upkeep
|-message|Kiyoshit forfeited.
|
|win|Emboar17
|l|☆Kiyoshit
|player|p1|
||Emboar17 is ready for game 2.
||Kiyoshit is ready for game 2.
|uhtml|next|Next: Game 2 of 3
|l| RamiM50
|j| RamiM50
|l|☆Emboar17
|player|p2|
|l| RamiM50
|j|☆Kiyoshit
|player|p1|Kiyoshit|alder|
