|j|☆Graavi
|j|☆Eduard738838
|html|GraaviEduard738838    
|uhtml|bestof|Game 1 of a best-of-3
|t:|1783264417
|gametype|doubles
|player|p1|Graavi|102|1000
|player|p2|Eduard738838|1|1000
|gen|9
|tier|[Gen 9 Champions] VGC 2026 Reg M-B (Bo3)
|rated|
|rule|Species Clause: Limit one of each Pokémon
|rule|Item Clause: Limit 1 of each item
|clearpoke
|poke|p1|Vivillon, L50, F|
|poke|p1|Incineroar, L50, F|
|poke|p1|Gardevoir, L50, F|
|poke|p1|Tsareena, L50, F|
|poke|p1|Lucario, L50, M|
|poke|p1|Arcanine-Hisui, L50, F|
|poke|p2|Delphox, L50, M, shiny|
|poke|p2|Blastoise, L50, M, shiny|
|poke|p2|Incineroar, L50, F, shiny|
|poke|p2|Sinistcha, L50, shiny|
|poke|p2|Sneasler, L50, M, shiny|
|poke|p2|Kingambit, L50, F, shiny|
|teampreview|4
|showteam|p1|Vivillon||FocusSash|FriendGuard|Tailwind,RagePowder,PollenPuff,Protect|Modest||F|||50|]Incineroar||IronBall|Intimidate|FakeOut,PartingShot,DarkestLariat,Taunt|Brave||F|||50|]Gardevoir||Gardevoirite|Trace|HyperVoice,Protect,Psyshock,Psychic|Modest||F|||50|]Tsareena||WideLens|QueenlyMajesty|HighJumpKick,TripleAxel,Protect,PowerWhip|Adamant||F|||50|]Lucario||Lucarionite|InnerFocus|CloseCombat,Earthquake,Crunch,Protect|Jolly||M|||50|]Arcanine-Hisui||Leftovers|Intimidate|RockSlide,FlareBlitz,ExtremeSpeed,Protect|Jolly||F|||50|
|showteam|p2|Delphox||Delphoxite|Blaze|Protect,Psyshock,HeatWave,NastyPlot|Timid||M|||50|]Blastoise||Blastoisinite|RainDish|Protect,ShellSmash,WaterSpout,DarkPulse|Modest||M|||50|]Incineroar||SitrusBerry|Blaze|FakeOut,FlareBlitz,ThroatChop,PartingShot|Impish||F|||50|]Sinistcha||OccaBerry|Hospitality|Protect,MatchaGotcha,RagePowder,TrickRoom|Bold|||||50|]Sneasler||FocusSash|Pressure|FakeOut,DireClaw,QuickGuard,CloseCombat|Jolly||M|||50|]Kingambit||BlackGlasses|Defiant|Protect,KowtowCleave,SuckerPunch,SwordsDance|Brave||F|||50|
|inactive|Battle timer is ON: inactive players will automatically lose when time's up. (requested by Eduard738838)
|
|t:|1783264453
|teamsize|p1|4
|teamsize|p2|4
|start
|switch|p1a: Vivillon|Vivillon, L50, F|100/100
|switch|p1b: Incineroar|Incineroar, L50, F|100/100
|switch|p2a: Incineroar|Incineroar, L50, F, shiny|100/100
|switch|p2b: Kingambit|Kingambit, L50, F, shiny|100/100
|-ability|p1b: Incineroar|Intimidate|boost
|-unboost|p2a: Incineroar|atk|1
|-unboost|p2b: Kingambit|atk|1
|-ability|p2b: Kingambit|Defiant|boost
|-boost|p2b: Kingambit|atk|2
|turn|1
|
|t:|1783264471
|switch|p2b: Delphox|Delphox, L50, M, shiny|100/100
|move|p1b: Incineroar|Fake Out|p2b: Delphox
|-damage|p2b: Delphox|82/100
|move|p1a: Vivillon|Tailwind|p1a: Vivillon
|-sidestart|p1: Graavi|move: Tailwind
|move|p2a: Incineroar|Flare Blitz|p1a: Vivillon
|-supereffective|p1a: Vivillon|1
|-damage|p1a: Vivillon|2/100
|-damage|p2a: Incineroar|70/100|[from] Recoil
|
|upkeep
|turn|2
|
|t:|1783264489
|switch|p2b: Sinistcha|Sinistcha, L50, shiny|100/100
|-heal|p2a: Incineroar|95/100|[from] ability: Hospitality|[of] p2b: Sinistcha
|move|p1a: Vivillon|Protect|p1a: Vivillon
|-singleturn|p1a: Vivillon|Protect
|move|p2a: Incineroar|Parting Shot|p1b: Incineroar
|-unboost|p1b: Incineroar|atk|1
|-unboost|p1b: Incineroar|spa|1
|
|t:|1783264502
|switch|p2a: Delphox|Delphox, L50, M, shiny|82/100|[from] Parting Shot
|move|p1b: Incineroar|Parting Shot|p2b: Sinistcha
|-unboost|p2b: Sinistcha|atk|1
|-unboost|p2b: Sinistcha|spa|1
|
|t:|1783264511
|switch|p1b: Gardevoir|Gardevoir, L50, F|100/100|[from] Parting Shot
|-ability|p1b: Gardevoir|Hospitality|Trace|[from] ability: Trace|[of] p2b: Sinistcha
|-heal|p1a: Vivillon|27/100|[from] ability: Hospitality|[of] p1b: Gardevoir
|
|upkeep
|turn|3
|inactive|Graavi has 30 seconds left.
|
|t:|1783264538
|detailschange|p1b: Gardevoir|Gardevoir-Mega, L50, F
|-mega|p1b: Gardevoir|Gardevoir|Gardevoirite
|detailschange|p2a: Delphox|Delphox-Mega, L50, M, shiny
|-mega|p2a: Delphox|Delphox|Delphoxite
|move|p1a: Vivillon|Rage Powder|p1a: Vivillon
|-singleturn|p1a: Vivillon|move: Rage Powder
|move|p2b: Sinistcha|Rage Powder|p2b: Sinistcha
|-singleturn|p2b: Sinistcha|move: Rage Powder
|move|p1b: Gardevoir|Hyper Voice|p2a: Delphox|[spread] p2a,p2b
|-resisted|p2a: Delphox|1
|-damage|p2a: Delphox|58/100
|-damage|p2b: Sinistcha|48/100
|move|p2a: Delphox|Heat Wave|p1b: Gardevoir|[spread] p1a,p1b
|-supereffective|p1a: Vivillon|1
|-damage|p1a: Vivillon|0 fnt
|-damage|p1b: Gardevoir|70/100
|faint|p1a: Vivillon
|
|upkeep
|
|t:|1783264555
|switch|p1a: Incineroar|Incineroar, L50, F|100/100
|-ability|p1a: Incineroar|Intimidate|boost
|-unboost|p2a: Delphox|atk|1
|-unboost|p2b: Sinistcha|atk|1
|turn|4
|
|t:|1783264566
|move|p2a: Delphox|Protect|p2a: Delphox
|-singleturn|p2a: Delphox|Protect
|move|p2b: Sinistcha|Protect|p2b: Sinistcha
|-singleturn|p2b: Sinistcha|Protect
|move|p1a: Incineroar|Fake Out|p2a: Delphox
|-activate|p2a: Delphox|move: Protect
|move|p1b: Gardevoir|Hyper Voice|p2b: Sinistcha|[spread] 
|-activate|p2a: Delphox|move: Protect
|-activate|p2b: Sinistcha|move: Protect
|
|-sideend|p1: Graavi|move: Tailwind
|upkeep
|turn|5
|
|t:|1783264585
|move|p2b: Sinistcha|Rage Powder|p2b: Sinistcha
|-singleturn|p2b: Sinistcha|move: Rage Powder
|move|p2a: Delphox|Nasty Plot|p2a: Delphox
|-boost|p2a: Delphox|spa|2
|move|p1b: Gardevoir|Hyper Voice|p2a: Delphox|[spread] p2a,p2b
|-resisted|p2a: Delphox|1
|-damage|p2a: Delphox|34/100
|-damage|p2b: Sinistcha|0 fnt
|faint|p2b: Sinistcha
|move|p1a: Incineroar|Darkest Lariat|p2a: Delphox
|-supereffective|p2a: Delphox|1
|-damage|p2a: Delphox|0 fnt
|faint|p2a: Delphox
|
|upkeep
|
|t:|1783264592
|switch|p2a: Incineroar|Incineroar, L50, F, shiny|95/100
|switch|p2b: Kingambit|Kingambit, L50, F, shiny|100/100
|turn|6
|
|t:|1783264610
|move|p1b: Gardevoir|Protect|p1b: Gardevoir
|-singleturn|p1b: Gardevoir|Protect
|move|p2a: Incineroar|Fake Out|p1a: Incineroar
|-damage|p1a: Incineroar|91/100
|move|p2b: Kingambit|Swords Dance|p2b: Kingambit
|-boost|p2b: Kingambit|atk|2
|cant|p1a: Incineroar|flinch
|
|upkeep
|turn|7
|inactive|Graavi has 30 seconds left.
|
|t:|1783264635
|move|p1b: Gardevoir|Hyper Voice|p2b: Kingambit|[spread] p2a,p2b
|-damage|p2a: Incineroar|40/100
|-damage|p2b: Kingambit|42/100
|-enditem|p2a: Incineroar|Sitrus Berry|[eat]
|-heal|p2a: Incineroar|64/100|[from] item: Sitrus Berry
|move|p2a: Incineroar|Parting Shot|p1a: Incineroar
|-unboost|p1a: Incineroar|atk|1
|-unboost|p1a: Incineroar|spa|1
|move|p2b: Kingambit|Kowtow Cleave|p1a: Incineroar
|-resisted|p1a: Incineroar|1
|-damage|p1a: Incineroar|37/100
|move|p1a: Incineroar|Parting Shot|p2b: Kingambit
|-unboost|p2b: Kingambit|atk|1
|-ability|p2b: Kingambit|Defiant|boost
|-boost|p2b: Kingambit|atk|2
|-unboost|p2b: Kingambit|spa|1
|-ability|p2b: Kingambit|Defiant|boost
|-boost|p2b: Kingambit|atk|2
|
|t:|1783264655
|switch|p1a: Tsareena|Tsareena, L50, F|100/100|[from] Parting Shot
|
|upkeep
|turn|8
|
|t:|1783264665
|move|p2b: Kingambit|Protect|p2b: Kingambit
|-singleturn|p2b: Kingambit|Protect
|move|p1b: Gardevoir|Hyper Voice|p2b: Kingambit|[spread] p2a
|-activate|p2b: Kingambit|move: Protect
|-damage|p2a: Incineroar|8/100
|move|p1a: Tsareena|High Jump Kick|p2a: Incineroar
|-supereffective|p2a: Incineroar|1
|-damage|p2a: Incineroar|0 fnt
|faint|p2a: Incineroar
|
|upkeep
|turn|9
|
|t:|1783264680
|move|p1b: Gardevoir|Protect|p1b: Gardevoir
|-singleturn|p1b: Gardevoir|Protect
|move|p1a: Tsareena|High Jump Kick|p2b: Kingambit
|-supereffective|p2b: Kingambit|2
|-damage|p2b: Kingambit|0 fnt
|faint|p2b: Kingambit
|
|win|Graavi
||Eduard738838 is ready for game 2.
||Graavi is ready for game 2.
|uhtml|next|Next: Game 2 of 3
