|j|☆wester7
|j|☆kokomiiiii
|html|wester7kokomiiiii    
|uhtml|bestof|Game 3 of a best-of-3
|t:|1757740707
|gametype|doubles
|player|p1|wester7|1|1166
|player|p2|kokomiiiii|lillie-masters|1068
|gen|9
|tier|[Gen 9] VGC 2025 Reg H (Bo3)
|rated|
|rule|Species Clause: Limit one of each Pokémon
|rule|Item Clause: Limit 1 of each item
|clearpoke
|poke|p1|Orthworm, L50, F|
|poke|p1|Ursaluna, L50, F|
|poke|p1|Dragonite, L50, F|
|poke|p1|Ninetales-Alola, L50, F|
|poke|p1|Incineroar, L50, M|
|poke|p1|Rabsca, L50, M|
|poke|p2|Dragonite, L50, F|
|poke|p2|Sneasler, L50, M|
|poke|p2|Rillaboom, L50, M|
|poke|p2|Volcarona, L50, M|
|poke|p2|Ninetales-Alola, L50, F|
|poke|p2|Incineroar, L50, M|
|teampreview|4
|showteam|p1|Orthworm||SitrusBerry|EarthEater|HeavySlam,ShedTail,BodyPress,Protect|||F|||50|,,,,,Poison]Ursaluna||FlameOrb|Guts|Facade,Earthquake,HeadlongRush,Protect|||F|||50|,,,,,Ghost]Dragonite||LoadedDice|Multiscale|ScaleShot,Tailwind,Haze,Protect|||F|||50|,,,,,Fairy]Ninetales-Alola||FocusSash|SnowWarning|AuroraVeil,Blizzard,Moonblast,Protect|||F|||50|,,,,,Ghost]Incineroar||AssaultVest|Intimidate|FakeOut,FlareBlitz,KnockOff,Uturn|||M|||50|,,,,,Grass]Rabsca||SafetyGoggles|Telepathy|TrickRoom,RevivalBlessing,EarthPower,Psychic|||M|||50|,,,,,Ground
|showteam|p2|Dragonite||LoadedDice|Multiscale|ScaleShot,StompingTantrum,Haze,Protect|||F|||50|,,,,,Fairy]Sneasler||GrassySeed|Unburden|DireClaw,CloseCombat,ThroatChop,Protect|||M|||50|,,,,,Dark]Rillaboom||AssaultVest|GrassySurge|FakeOut,WoodHammer,HighHorsepower,GrassyGlide|||M|||50|,,,,,Fire]Volcarona||Leftovers|FlameBody|HeatWave,TeraBlast,QuiverDance,Protect|||M|||50|,,,,,Fairy]Ninetales-Alola||FocusSash|SnowWarning|IcyWind,AuroraVeil,Blizzard,Encore|||F|||50|,,,,,Ghost]Incineroar||SafetyGoggles|Intimidate|FakeOut,KnockOff,FlareBlitz,PartingShot|||M|||50|,,,,,Ghost
|
|t:|1757740747
|teamsize|p1|4
|teamsize|p2|4
|start
|switch|p1a: Orthworm|Orthworm, L50, F|100/100
|switch|p1b: Incineroar|Incineroar, L50, M|100/100
|switch|p2a: Volcarona|Volcarona, L50, M, shiny|100/100
|switch|p2b: Ninetales|Ninetales-Alola, L50, F, shiny|100/100
|-weather|Snowscape|[from] ability: Snow Warning|[of] p2b: Ninetales
|-ability|p1b: Incineroar|Intimidate|boost
|-unboost|p2a: Volcarona|atk|1
|-unboost|p2b: Ninetales|atk|1
|turn|1
|inactive|Battle timer is ON: inactive players will automatically lose when time's up. (requested by kokomiiiii)
|
|t:|1757740763
|switch|p2b: Rillaboom|Rillaboom, L50, M, shiny|100/100
|-fieldstart|move: Grassy Terrain|[from] ability: Grassy Surge|[of] p2b: Rillaboom
|move|p2a: Volcarona|Quiver Dance|p2a: Volcarona
|-boost|p2a: Volcarona|spa|1
|-boost|p2a: Volcarona|spd|1
|-boost|p2a: Volcarona|spe|1
|move|p1a: Orthworm|Shed Tail|p1a: Orthworm
|-start|p1a: Orthworm|Substitute|[from] move: Shed Tail
|-damage|p1a: Orthworm|50/100
|-enditem|p1a: Orthworm|Sitrus Berry|[eat]
|-heal|p1a: Orthworm|75/100|[from] item: Sitrus Berry
|
|t:|1757740776
|switch|p1a: Ursaluna|Ursaluna, L50, F|100/100|[from] Shed Tail
|move|p1b: Incineroar|Knock Off|p2a: Volcarona
|-damage|p2a: Volcarona|52/100
|-enditem|p2a: Volcarona|Leftovers|[from] move: Knock Off|[of] p1b: Incineroar
|
|-weather|Snowscape|[upkeep]
|-heal|p2a: Volcarona|58/100|[from] Grassy Terrain
|-status|p1a: Ursaluna|brn|[from] item: Flame Orb
|upkeep
|turn|2
|inactive|wester7 has 30 seconds left.
|inactive|kokomiiiii has 30 seconds left.
|
|t:|1757740803
|-terastallize|p1a: Ursaluna|Ghost
|move|p2a: Volcarona|Protect|p2a: Volcarona
|-singleturn|p2a: Volcarona|Protect
|move|p2b: Rillaboom|Wood Hammer|p1a: Ursaluna
|-end|p1a: Ursaluna|Substitute
|-damage|p2b: Rillaboom|93/100|[from] Recoil|[of] p1a: Ursaluna
|move|p1b: Incineroar|U-turn|p2b: Rillaboom
|-supereffective|p2b: Rillaboom
|-damage|p2b: Rillaboom|59/100
|
|t:|1757740816
|switch|p1b: Ninetales|Ninetales-Alola, L50, F|100/100|[from] U-turn
|move|p1a: Ursaluna|Facade|p2b: Rillaboom
|-damage|p2b: Rillaboom|0 fnt
|faint|p2b: Rillaboom
|
|-weather|Snowscape|[upkeep]
|-heal|p2a: Volcarona|65/100|[from] Grassy Terrain
|-damage|p1a: Ursaluna|94/100 brn|[from] brn
|upkeep
|
|t:|1757740825
|switch|p2b: Midcineroar|Incineroar, L50, M, shiny|100/100
|-ability|p2b: Midcineroar|Intimidate|boost
|-unboost|p1a: Ursaluna|atk|1
|-unboost|p1b: Ninetales|atk|1
|turn|3
|
|t:|1757740839
|switch|p1b: Incineroar|Incineroar, L50, M|100/100
|-ability|p1b: Incineroar|Intimidate|boost
|-unboost|p2a: Volcarona|atk|1
|-unboost|p2b: Midcineroar|atk|1
|move|p2b: Midcineroar|Fake Out|p1b: Incineroar
|-damage|p1b: Incineroar|94/100
|move|p2a: Volcarona|Heat Wave|p1a: Ursaluna|[spread] p1a,p1b
|-resisted|p1b: Incineroar
|-damage|p1a: Ursaluna|49/100 brn
|-damage|p1b: Incineroar|77/100
|move|p1a: Ursaluna|Facade|p2a: Volcarona
|-damage|p2a: Volcarona|0 fnt
|faint|p2a: Volcarona
|
|-weather|Snowscape|[upkeep]
|-heal|p1b: Incineroar|83/100|[from] Grassy Terrain
|-heal|p1a: Ursaluna|55/100 brn|[from] Grassy Terrain
|-damage|p1a: Ursaluna|49/100 brn|[from] brn
|upkeep
|
|t:|1757740855
|switch|p2a: Ninetales|Ninetales-Alola, L50, F, shiny|100/100
|turn|4
|
|t:|1757740879
|switch|p1a: Orthworm|Orthworm, L50, F|75/100
|-terastallize|p2b: Midcineroar|Ghost
|move|p2a: Ninetales|Blizzard|p1b: Incineroar|[spread] p1a,p1b
|-resisted|p1a: Orthworm
|-resisted|p1b: Incineroar
|-damage|p1a: Orthworm|58/100
|-damage|p1b: Incineroar|74/100
|move|p2b: Midcineroar|Knock Off|p1a: Orthworm
|-damage|p1a: Orthworm|46/100
|move|p1b: Incineroar|U-turn|p2a: Ninetales
|-resisted|p2a: Ninetales
|-damage|p2a: Ninetales|91/100
|
|t:|1757740899
|switch|p1b: Ursaluna|Ursaluna, L50, F, tera:Ghost|49/100 brn|[from] U-turn
|
|-weather|Snowscape|[upkeep]
|-heal|p2a: Ninetales|97/100|[from] Grassy Terrain
|-heal|p1a: Orthworm|52/100|[from] Grassy Terrain
|-heal|p1b: Ursaluna|55/100 brn|[from] Grassy Terrain
|-damage|p1b: Ursaluna|49/100 brn|[from] brn
|upkeep
|turn|5
|
|t:|1757740911
|move|p2a: Ninetales|Blizzard|p1b: Ursaluna|[spread] p1a,p1b
|-resisted|p1a: Orthworm
|-damage|p1a: Orthworm|35/100
|-damage|p1b: Ursaluna|22/100 brn
|move|p2b: Midcineroar|Flare Blitz|p1a: Orthworm
|-supereffective|p1a: Orthworm
|-damage|p1a: Orthworm|0 fnt
|faint|p1a: Orthworm
|-damage|p2b: Midcineroar|90/100|[from] Recoil
|move|p1b: Ursaluna|Earthquake|p2b: Midcineroar|[spread] p2a,p2b
|-damage|p2a: Ninetales|65/100
|-damage|p2b: Midcineroar|57/100
|
|-weather|none
|-heal|p2a: Ninetales|71/100|[from] Grassy Terrain
|-heal|p2b: Midcineroar|63/100|[from] Grassy Terrain
|-heal|p1b: Ursaluna|28/100 brn|[from] Grassy Terrain
|-damage|p1b: Ursaluna|22/100 brn|[from] brn
|-fieldend|move: Grassy Terrain
|upkeep
|
|t:|1757740925
|switch|p1a: Incineroar|Incineroar, L50, M|74/100
|-ability|p1a: Incineroar|Intimidate|boost
|-unboost|p2a: Ninetales|atk|1
|-unboost|p2b: Midcineroar|atk|1
|turn|6
|
|t:|1757740938
|move|p2a: Ninetales|Icy Wind|p1a: Incineroar|[spread] p1a,p1b
|-resisted|p1a: Incineroar
|-damage|p1a: Incineroar|70/100
|-damage|p1b: Ursaluna|7/100 brn
|-unboost|p1a: Incineroar|spe|1
|-unboost|p1b: Ursaluna|spe|1
|move|p2b: Midcineroar|Knock Off|p1b: Ursaluna
|-supereffective|p1b: Ursaluna
|-damage|p1b: Ursaluna|0 fnt
|-enditem|p1b: Ursaluna|Flame Orb|[from] move: Knock Off|[of] p2b: Midcineroar
|faint|p1b: Ursaluna
|move|p1a: Incineroar|Knock Off|p2b: Midcineroar
|-supereffective|p2b: Midcineroar
|-damage|p2b: Midcineroar|0 fnt
|-enditem|p2b: Midcineroar|Safety Goggles|[from] move: Knock Off|[of] p1a: Incineroar
|faint|p2b: Midcineroar
|
|upkeep
|
|t:|1757740946
|switch|p1b: Ninetales|Ninetales-Alola, L50, F|100/100
|-weather|Snowscape|[from] ability: Snow Warning|[of] p1b: Ninetales
|turn|7
|
|t:|1757740952
|move|p1b: Ninetales|Moonblast|p2a: Ninetales
|-damage|p2a: Ninetales|29/100
|move|p2a: Ninetales|Blizzard|p1b: Ninetales|[spread] p1a,p1b
|-resisted|p1a: Incineroar
|-resisted|p1b: Ninetales
|-damage|p1a: Incineroar|60/100
|-damage|p1b: Ninetales|80/100
|move|p1a: Incineroar|Flare Blitz|p2a: Ninetales
|-supereffective|p2a: Ninetales
|-damage|p2a: Ninetales|0 fnt
|faint|p2a: Ninetales
|-damage|p1a: Incineroar|53/100|[from] Recoil
|
|win|wester7
|raw|wester7's rating: 1166 → 1184(+18 for winning)
|raw|kokomiiiii's rating: 1068 → 1053(-15 for losing)
