|j|☆MrManlyMeep
|j|☆rennui-
|html|MrManlyMeeprennui-    
|uhtml|bestof|Game 3 of a best-of-3
|t:|1785008128
|gametype|doubles
|player|p1|MrManlyMeep|1|1170
|player|p2|rennui-|cheryl|1114
|gen|9
|tier|[Gen 9 Champions] VGC 2026 Reg M-B (Bo3)
|rated|
|rule|Species Clause: Limit one of each Pokémon
|rule|Item Clause: Limit 1 of each item
|clearpoke
|poke|p1|Clefable, L50, F|
|poke|p1|Tyranitar, L50, F|
|poke|p1|Gholdengo, L50|
|poke|p1|Ceruledge, L50, F|
|poke|p1|Lucario, L50, F|
|poke|p1|Hydreigon, L50, M|
|poke|p2|Kingambit, L50, M, shiny|
|poke|p2|Charizard, L50, M, shiny|
|poke|p2|Aerodactyl, L50, F|
|poke|p2|Farigiraf, L50, F, shiny|
|poke|p2|Garchomp, L50, M|
|poke|p2|Sylveon, L50, F|
|teampreview|4
|showteam|p1|Clefable||Clefablite|Unaware|FollowMe,CalmMind,Moonblast,Protect|Bold||F|||50|]Tyranitar||LumBerry|SandStream|StealthRock,KnockOff,RockSlide,Protect|Careful||F|||50|]Gholdengo||LifeOrb|GoodasGold|NastyPlot,MakeItRain,ShadowBall,Protect|Modest|||||50|]Ceruledge||ShucaBerry|FlashFire|BitterBlade,DragonClaw,ShadowSneak,Protect|Adamant||F|||50|]Lucario||Lucarionite|InnerFocus|AuraSphere,VacuumWave,FlashCannon,Protect|Timid||F|||50|]Hydreigon||ChoiceScarf|Levitate|DracoMeteor,DarkPulse,EarthPower,Snarl|Timid||M|||50|
|showteam|p2|Kingambit||FocusSash|Defiant|KowtowCleave,IronHead,SuckerPunch,LowKick|Adamant||M|||50|]Charizard||CharizarditeY|Blaze|HeatWave,SolarBeam,WeatherBall,Protect|Modest||M|||50|]Aerodactyl||Aerodactylite|Unnerve|RockSlide,DualWingbeat,IceFang,Tailwind|Jolly||F|||50|]Farigiraf||SitrusBerry|ArmorTail|TwinBeam,HelpingHand,TrickRoom,Protect|Bold||F|||50|]Garchomp||LifeOrb|RoughSkin|RockTomb,DragonClaw,StompingTantrum,Protect|Jolly||M|||50|]Sylveon||FairyFeather|Pixilate|HyperVoice,HyperBeam,QuickAttack,Protect|Modest||F|||50|
|inactive|Battle timer is ON: inactive players will automatically lose when time's up. (requested by rennui-)
|inactive|MrManlyMeep has 60 seconds left.
|
|t:|1785008160
|teamsize|p1|4
|teamsize|p2|4
|start
|switch|p1a: Ceruledge|Ceruledge, L50, F|100/100
|switch|p1b: Hydreigon|Hydreigon, L50, M|100/100
|switch|p2a: Charizard|Charizard, L50, M, shiny|100/100
|switch|p2b: Garchomp|Garchomp, L50, M|100/100
|turn|1
|
|t:|1785008181
|switch|p2b: Sylveon|Sylveon, L50, F|100/100
|move|p2a: Charizard|Protect|p2a: Charizard
|-singleturn|p2a: Charizard|Protect
|move|p1b: Hydreigon|Snarl|p2a: Charizard|[spread] p2b
|-activate|p2a: Charizard|move: Protect
|-resisted|p2b: Sylveon|1
|-damage|p2b: Sylveon|92/100
|-unboost|p2b: Sylveon|spa|1
|move|p1a: Ceruledge|Dragon Claw|p2b: Sylveon
|-immune|p2b: Sylveon
|
|upkeep
|turn|2
|
|t:|1785008192
|switch|p2a: Kingambit|Kingambit, L50, M, shiny|100/100
|move|p1b: Hydreigon|Snarl|p2b: Sylveon|[spread] p2a,p2b
|-resisted|p2a: Kingambit|1
|-resisted|p2b: Sylveon|1
|-damage|p2a: Kingambit|88/100
|-damage|p2b: Sylveon|83/100
|-unboost|p2a: Kingambit|spa|1
|-ability|p2a: Kingambit|Defiant|boost
|-boost|p2a: Kingambit|atk|2
|-unboost|p2b: Sylveon|spa|1
|move|p1a: Ceruledge|Bitter Blade|p2b: Sylveon
|-damage|p2b: Sylveon|21/100
|move|p2b: Sylveon|Hyper Voice|p1b: Hydreigon|[spread] p1a,p1b
|-resisted|p1a: Ceruledge|1
|-supereffective|p1b: Hydreigon|2
|-damage|p1a: Ceruledge|88/100
|-damage|p1b: Hydreigon|0 fnt
|faint|p1b: Hydreigon
|
|upkeep
|
|t:|1785008197
|switch|p1b: Lucario|Lucario, L50, F|100/100
|turn|3
|
|t:|1785008216
|switch|p2b: Garchomp|Garchomp, L50, M|100/100
|detailschange|p1b: Lucario|Lucario-Mega, L50, F
|-mega|p1b: Lucario|Lucario|Lucarionite
|move|p1a: Ceruledge|Shadow Sneak|p2b: Garchomp
|-damage|p2b: Garchomp|78/100
|-damage|p1a: Ceruledge|76/100|[from] ability: Rough Skin|[of] p2b: Garchomp
|move|p2a: Kingambit|Sucker Punch||[still]
|-fail|p2a: Kingambit
|move|p1b: Lucario|Aura Sphere|p2a: Kingambit
|-supereffective|p2a: Kingambit|2
|-damage|p2a: Kingambit|0 fnt
|faint|p2a: Kingambit
|
|upkeep
|
|t:|1785008223
|switch|p2a: Charizard|Charizard, L50, M, shiny|100/100
|turn|4
|
|t:|1785008234
|detailschange|p2a: Charizard|Charizard-Mega-Y, L50, M, shiny
|-mega|p2a: Charizard|Charizard|Charizardite Y
|-weather|SunnyDay|[from] ability: Drought|[of] p2a: Charizard
|move|p1b: Lucario|Protect|p1b: Lucario
|-singleturn|p1b: Lucario|Protect
|move|p2b: Garchomp|Stomping Tantrum|p1a: Ceruledge
|-supereffective|p1a: Ceruledge|1
|-enditem|p1a: Ceruledge|Shuca Berry|[eat]
|-enditem|p1a: Ceruledge|Shuca Berry|[weaken]
|-damage|p1a: Ceruledge|12/100
|-damage|p2b: Garchomp|68/100|[from] item: Life Orb
|move|p2a: Charizard|Weather Ball|p1b: Lucario
|-activate|p1b: Lucario|move: Protect
|move|p1a: Ceruledge|Dragon Claw|p2b: Garchomp
|-supereffective|p2b: Garchomp|1
|-damage|p2b: Garchomp|11/100
|-damage|p1a: Ceruledge|0 fnt|[from] ability: Rough Skin|[of] p2b: Garchomp
|faint|p1a: Ceruledge
|
|-weather|SunnyDay|[upkeep]
|upkeep
|
|t:|1785008248
|switch|p1a: Tyranitar|Tyranitar, L50, F|100/100
|-weather|Sandstorm|[from] ability: Sand Stream|[of] p1a: Tyranitar
|turn|5
|
|t:|1785008272
|switch|p2a: Sylveon|Sylveon, L50, F|21/100
|move|p2b: Garchomp|Protect|p2b: Garchomp
|-singleturn|p2b: Garchomp|Protect
|move|p1b: Lucario|Flash Cannon|p2b: Garchomp
|-activate|p2b: Garchomp|move: Protect
|move|p1a: Tyranitar|Rock Slide|p2b: Garchomp|[spread] p2a
|-activate|p2b: Garchomp|move: Protect
|-damage|p2a: Sylveon|0 fnt
|faint|p2a: Sylveon
|
|-weather|Sandstorm|[upkeep]
|upkeep
|
|t:|1785008276
|switch|p2a: Charizard|Charizard-Mega-Y, L50, M, shiny|100/100
|-weather|SunnyDay|[from] ability: Drought|[of] p2a: Charizard
|turn|6
|
|t:|1785008293
|move|p1b: Lucario|Aura Sphere|p2b: Garchomp
|-damage|p2b: Garchomp|0 fnt
|faint|p2b: Garchomp
|move|p2a: Charizard|Solar Beam||[still]
|-prepare|p2a: Charizard|Solar Beam
|-anim|p2a: Charizard|Solar Beam|p1a: Tyranitar
|-supereffective|p1a: Tyranitar|1
|-damage|p1a: Tyranitar|42/100
|move|p1a: Tyranitar|Rock Slide|p2a: Charizard
|-supereffective|p2a: Charizard|2
|-damage|p2a: Charizard|0 fnt
|faint|p2a: Charizard
|
|win|MrManlyMeep
|raw|MrManlyMeep's rating: 1170 → 1191(+21 for winning)
|raw|rennui-'s rating: 1114 → 1093(-21 for losing)
