|j|☆PsiqueSpamEnjoyer
|j|☆new mental
|html|PsiqueSpamEnjoyernew mental    
|uhtml|bestof|Game 2 of a best-of-3
|t:|1785326204
|gametype|doubles
|player|p1|PsiqueSpamEnjoyer|2|1132
|player|p2|new mental|volkner|1286
|gen|9
|tier|[Gen 9 Champions] VGC 2026 Reg M-B (Bo3)
|rated|
|rule|Species Clause: Limit one of each Pokémon
|rule|Item Clause: Limit 1 of each item
|clearpoke
|poke|p1|Tyranitar, L50, M|
|poke|p1|Excadrill, L50, F|
|poke|p1|Sneasler, L50, F|
|poke|p1|Basculegion, L50, M|
|poke|p1|Floette-Eternal, L50, F|
|poke|p1|Talonflame, L50, F|
|poke|p2|Charizard, L50, F|
|poke|p2|Garchomp, L50, M|
|poke|p2|Incineroar, L50, M|
|poke|p2|Venusaur, L50, M|
|poke|p2|Toxapex, L50, F|
|poke|p2|Sylveon, L50, M|
|teampreview|4
|showteam|p1|Tyranitar||Tyranitarite|SandStream|Protect,RockSlide,KnockOff,Superpower|Adamant||M|||50|]Excadrill||FocusSash|SandRush|Protect,RockSlide,IronHead,Earthquake|Jolly||F|||50|]Sneasler||WhiteHerb|Unburden|CloseCombat,DireClaw,FakeOut,Protect|Adamant||F|||50|]Basculegion||ChoiceScarf|Adaptability|AquaJet,LastRespects,WaveCrash,FlipTurn|Jolly||M|||50|]Floette-Eternal||Floettite|FlowerVeil|Protect,DazzlingGleam,CalmMind,LightofRuin|Timid||F|||50|]Talonflame||SharpBeak|GaleWings|DualWingbeat,WillOWisp,Tailwind,Protect|Jolly||F|||50|
|showteam|p2|Charizard||CharizarditeY|SolarPower|WeatherBall,HeatWave,AncientPower,Protect|Modest||F|||50|]Garchomp||ChoiceScarf|RoughSkin|RockSlide,DragonClaw,Earthquake,StompingTantrum|Adamant||M|||50|]Incineroar||SitrusBerry|Intimidate|FlareBlitz,FakeOut,DarkestLariat,PartingShot|Impish||M|||50|]Venusaur||LifeOrb|Chlorophyll|SludgeBomb,LeafStorm,EarthPower,Protect|Modest||M|||50|]Toxapex||Leftovers|Regenerator|Infestation,Toxic,WideGuard,BanefulBunker|Bold||F|||50|]Sylveon||FairyFeather|Pixilate|HyperVoice,QuickAttack,Yawn,Detect|Modest||M|||50|
|inactive|Battle timer is ON: inactive players will automatically lose when time's up. (requested by PsiqueSpamEnjoyer)
|
|t:|1785326218
|teamsize|p1|4
|teamsize|p2|4
|start
|switch|p1a: Tyranitar|Tyranitar, L50, M|100/100
|switch|p1b: Excadrill|Excadrill, L50, F|100/100
|switch|p2a: Charizard|Charizard, L50, F|100/100
|switch|p2b: Toxapex|Toxapex, L50, F|100/100
|-weather|Sandstorm|[from] ability: Sand Stream|[of] p1a: Tyranitar
|turn|1
|
|t:|1785326233
|switch|p1a: Sneasler|Sneasler, L50, F|100/100
|detailschange|p2a: Charizard|Charizard-Mega-Y, L50, F
|-mega|p2a: Charizard|Charizard|Charizardite Y
|-weather|SunnyDay|[from] ability: Drought|[of] p2a: Charizard
|move|p1b: Excadrill|Protect|p1b: Excadrill
|-singleturn|p1b: Excadrill|Protect
|move|p2a: Charizard|Protect|p2a: Charizard
|-singleturn|p2a: Charizard|Protect
|move|p2b: Toxapex|Baneful Bunker||[still]
|-fail|p2b: Toxapex
|
|-weather|SunnyDay|[upkeep]
|upkeep
|turn|2
|
|t:|1785326247
|switch|p1a: Tyranitar|Tyranitar, L50, M|100/100
|-weather|Sandstorm|[from] ability: Sand Stream|[of] p1a: Tyranitar
|move|p2b: Toxapex|Wide Guard|p2b: Toxapex
|-singleturn|p2b: Toxapex|Wide Guard
|move|p1b: Excadrill|Rock Slide|p2b: Toxapex|[spread] 
|-activate|p2a: Charizard|move: Wide Guard
|-activate|p2b: Toxapex|move: Wide Guard
|move|p2a: Charizard|Heat Wave|p1b: Excadrill|[spread] p1a,p1b
|-resisted|p1a: Tyranitar|1
|-supereffective|p1b: Excadrill|1
|-damage|p1a: Tyranitar|90/100
|-enditem|p1b: Excadrill|Focus Sash
|-damage|p1b: Excadrill|1/100
|
|-weather|Sandstorm|[upkeep]
|-damage|p2a: Charizard|94/100|[from] Sandstorm
|-damage|p2b: Toxapex|94/100|[from] Sandstorm
|-heal|p2b: Toxapex|100/100|[from] item: Leftovers
|upkeep
|turn|3
|
|t:|1785326264
|switch|p2a: Incineroar|Incineroar, L50, M|100/100
|-ability|p2a: Incineroar|Intimidate|boost
|-unboost|p1a: Tyranitar|atk|1
|-unboost|p1b: Excadrill|atk|1
|move|p1b: Excadrill|Iron Head|p2b: Toxapex
|-resisted|p2b: Toxapex|1
|-damage|p2b: Toxapex|90/100
|move|p1a: Tyranitar|Knock Off|p2b: Toxapex
|-damage|p2b: Toxapex|68/100
|-enditem|p2b: Toxapex|Leftovers|[from] move: Knock Off|[of] p1a: Tyranitar
|move|p2b: Toxapex|Infestation|p1b: Excadrill
|-resisted|p1b: Excadrill|1
|-damage|p1b: Excadrill|0 fnt
|faint|p1b: Excadrill
|
|-weather|Sandstorm|[upkeep]
|-damage|p2a: Incineroar|94/100|[from] Sandstorm
|-damage|p2b: Toxapex|63/100|[from] Sandstorm
|upkeep
|
|t:|1785326275
|switch|p1b: Sneasler|Sneasler, L50, F|100/100
|turn|4
|
|t:|1785326280
|switch|p1a: Floette|Floette-Eternal, L50, F|100/100
|move|p2a: Incineroar|Fake Out|p1a: Floette
|-damage|p1a: Floette|83/100
|move|p1b: Sneasler|Close Combat|p2a: Incineroar
|-supereffective|p2a: Incineroar|1
|-damage|p2a: Incineroar|0 fnt
|-unboost|p1b: Sneasler|def|1
|-unboost|p1b: Sneasler|spd|1
|faint|p2a: Incineroar
|-enditem|p1b: Sneasler|White Herb
|-clearnegativeboost|p1b: Sneasler|[silent]
|move|p2b: Toxapex|Toxic|p1a: Floette
|-status|p1a: Floette|tox
|
|-weather|Sandstorm|[upkeep]
|-damage|p1b: Sneasler|94/100|[from] Sandstorm
|-damage|p1a: Floette|78/100 tox|[from] Sandstorm
|-damage|p2b: Toxapex|57/100|[from] Sandstorm
|-damage|p1a: Floette|72/100 tox|[from] psn
|upkeep
|
|t:|1785326284
|switch|p2a: Charizard|Charizard-Mega-Y, L50, F|94/100
|-weather|SunnyDay|[from] ability: Drought|[of] p2a: Charizard
|turn|5
|
|t:|1785326291
|switch|p1a: Tyranitar|Tyranitar, L50, M|90/100
|-weather|Sandstorm|[from] ability: Sand Stream|[of] p1a: Tyranitar
|move|p1b: Sneasler|Close Combat|p2b: Toxapex
|-resisted|p2b: Toxapex|1
|-damage|p2b: Toxapex|34/100
|-unboost|p1b: Sneasler|def|1
|-unboost|p1b: Sneasler|spd|1
|move|p2a: Charizard|Heat Wave|p1b: Sneasler|[spread] p1a,p1b
|-resisted|p1a: Tyranitar|1
|-damage|p1a: Tyranitar|81/100
|-damage|p1b: Sneasler|5/100
|move|p2b: Toxapex|Infestation|p1b: Sneasler
|-resisted|p1b: Sneasler|2
|-damage|p1b: Sneasler|4/100
|-activate|p1b: Sneasler|move: Infestation|[of] p2b: Toxapex
|
|-weather|Sandstorm|[upkeep]
|-damage|p1b: Sneasler|0 fnt|[from] Sandstorm
|-damage|p2a: Charizard|88/100|[from] Sandstorm
|-damage|p2b: Toxapex|28/100|[from] Sandstorm
|faint|p1b: Sneasler
|upkeep
|
|t:|1785326298
|switch|p1b: Floette|Floette-Eternal, L50, F|72/100 tox
|turn|6
|
|t:|1785326308
|detailschange|p1b: Floette|Floette-Mega, L50, F
|-mega|p1b: Floette|Floette|Floettite
|-ability|p1b: Floette|Fairy Aura
|move|p1a: Tyranitar|Protect|p1a: Tyranitar
|-singleturn|p1a: Tyranitar|Protect
|move|p2b: Toxapex|Wide Guard|p2b: Toxapex
|-singleturn|p2b: Toxapex|Wide Guard
|move|p1b: Floette|Light of Ruin|p2b: Toxapex
|-resisted|p2b: Toxapex|1
|-damage|p2b: Toxapex|0 fnt
|faint|p2b: Toxapex
|-damage|p1b: Floette|57/100 tox|[from] Recoil
|move|p2a: Charizard|Heat Wave|p1b: Floette|[spread] 
|-activate|p1a: Tyranitar|move: Protect
|-miss|p2a: Charizard|p1b: Floette
|
|-weather|Sandstorm|[upkeep]
|-damage|p1b: Floette|51/100 tox|[from] Sandstorm
|-damage|p2a: Charizard|82/100|[from] Sandstorm
|-damage|p1b: Floette|45/100 tox|[from] psn
|upkeep
|
|t:|1785326310
|switch|p2b: Garchomp|Garchomp, L50, M|100/100
|turn|7
|
|t:|1785326322
|move|p2b: Garchomp|Earthquake|p1b: Floette|[spread] p1a,p1b
|-immune|p2a: Charizard
|-supereffective|p1a: Tyranitar|1
|-damage|p1a: Tyranitar|16/100
|-damage|p1b: Floette|0 fnt
|faint|p1b: Floette
|move|p2a: Charizard|Heat Wave|p1a: Tyranitar
|-resisted|p1a: Tyranitar|1
|-damage|p1a: Tyranitar|2/100
|move|p1a: Tyranitar|Rock Slide|p2a: Charizard|[spread] p2a,p2b
|-supereffective|p2a: Charizard|2
|-resisted|p2b: Garchomp|1
|-damage|p2a: Charizard|0 fnt
|-damage|p2b: Garchomp|86/100
|faint|p2a: Charizard
|
|-weather|Sandstorm|[upkeep]
|upkeep
|turn|8
|
|t:|1785326332
|move|p2b: Garchomp|Earthquake|p1a: Tyranitar
|-supereffective|p1a: Tyranitar|1
|-damage|p1a: Tyranitar|0 fnt
|faint|p1a: Tyranitar
|
|win|new mental
|raw|PsiqueSpamEnjoyer's rating: 1132 → 1117(-15 for losing)
|raw|new mental's rating: 1286 → 1301(+15 for winning)
