|j|☆Sherogenzzz
|j|☆Jakobtc
|html|SherogenzzzJakobtc    
|uhtml|bestof|Game 2 of a best-of-3
|t:|1756758363
|gametype|doubles
|player|p1|Sherogenzzz|101|1049
|player|p2|Jakobtc|riley|1147
|gen|9
|tier|[Gen 9] VGC 2025 Reg H (Bo3)
|rated|
|rule|Species Clause: Limit one of each Pokémon
|rule|Item Clause: Limit 1 of each item
|clearpoke
|poke|p1|Baxcalibur, L50, F|
|poke|p1|Ninetales-Alola, L50, M|
|poke|p1|Politoed, L50, M|
|poke|p1|Gothitelle, L50, F|
|poke|p1|Archaludon, L50, M|
|poke|p1|Smeargle, L50, M|
|poke|p2|Gholdengo, L50|
|poke|p2|Incineroar, L50, F|
|poke|p2|Ursaluna, L50, F|
|poke|p2|Porygon2, L50|
|poke|p2|Kilowattrel, L50, F|
|poke|p2|Sneasler, L50, F|
|teampreview|4
|showteam|p1|Baxcalibur||AssaultVest|IceBody|GlaiveRush,IceShard,IronHead,IcicleCrash|||F|||50|,,,,,Fairy]Ninetales-Alola||IcyRock|SnowWarning|Protect,AuroraVeil,IcyWind,HelpingHand|||M|||50|,,,,,Steel]Politoed||Leftovers|Drizzle|Protect,PerishSong,WeatherBall,HyperVoice|||M|||50|,,,,,Grass]Gothitelle||SitrusBerry|ShadowTag|Protect,FakeOut,HealPulse,Psychic|||F|||50|,,,,,Water]Archaludon||PowerHerb|Sturdy|Protect,ElectroShot,DracoMeteor,FlashCannon|||M|||50|,,,,,Electric]Smeargle||FocusSash|Moody|FollowMe,FakeOut,Protect,Tailwind|||M|||50|,,,,,Grass
|showteam|p2|Gholdengo||LifeOrb|GoodasGold|MakeItRain,ShadowBall,NastyPlot,Protect||||||50|,,,,,Dragon]Incineroar||SafetyGoggles|Intimidate|FakeOut,FlareBlitz,KnockOff,PartingShot|||F|||50|,,,,,Bug]Ursaluna||FlameOrb|Guts|Facade,HeadlongRush,Earthquake,Protect|||F|||50|,,,,,Ghost]Porygon2||Eviolite|Download|TeraBlast,IceBeam,Recover,TrickRoom||||||50|,,,,,Fighting]Kilowattrel||FocusSash|Competitive|AirSlash,Thunderbolt,Tailwind,Protect|||F|||50|,,,,,Ghost]Sneasler||WhiteHerb|Unburden|DireClaw,CloseCombat,Taunt,Protect|||F|||50|,,,,,Stellar
|
|t:|1756758383
|teamsize|p1|4
|teamsize|p2|4
|start
|switch|p1a: Archaludon|Archaludon, L50, M|100/100
|switch|p1b: Politoed|Politoed, L50, M|100/100
|switch|p2a: Gholdengo|Gholdengo, L50|100/100
|switch|p2b: Incineroar|Incineroar, L50, F|100/100
|-weather|RainDance|[from] ability: Drizzle|[of] p1b: Politoed
|-ability|p2b: Incineroar|Intimidate|boost
|-unboost|p1a: Archaludon|atk|1
|-unboost|p1b: Politoed|atk|1
|turn|1
|
|t:|1756758414
|move|p2a: Gholdengo|Protect|p2a: Gholdengo
|-singleturn|p2a: Gholdengo|Protect
|move|p1a: Archaludon|Protect|p1a: Archaludon
|-singleturn|p1a: Archaludon|Protect
|move|p1b: Politoed|Weather Ball|p2b: Incineroar
|-supereffective|p2b: Incineroar
|-damage|p2b: Incineroar|22/100
|move|p2b: Incineroar|Parting Shot|p1a: Archaludon
|-activate|p1a: Archaludon|move: Protect
|
|-weather|RainDance|[upkeep]
|upkeep
|turn|2
|
|t:|1756758480
|-terastallize|p1a: Archaludon|Electric
|move|p2a: Gholdengo|Shadow Ball|p1a: Archaludon
|-damage|p1a: Archaludon|28/100
|-damage|p2a: Gholdengo|91/100|[from] item: Life Orb
|move|p1a: Archaludon|Electro Shot||[still]
|-prepare|p1a: Archaludon|Electro Shot
|-boost|p1a: Archaludon|spa|1
|-anim|p1a: Archaludon|Electro Shot|p2a: Gholdengo
|-damage|p2a: Gholdengo|2/100
|move|p1b: Politoed|Weather Ball|p2b: Incineroar
|-supereffective|p2b: Incineroar
|-damage|p2b: Incineroar|0 fnt
|faint|p2b: Incineroar
|
|-weather|RainDance|[upkeep]
|upkeep
|
|t:|1756758507
|switch|p2b: Sneasler|Sneasler, L50, F|100/100
|turn|3
|
|t:|1756758531
|move|p1a: Archaludon|Protect|p1a: Archaludon
|-singleturn|p1a: Archaludon|Protect
|move|p2b: Sneasler|Close Combat|p1a: Archaludon
|-activate|p1a: Archaludon|move: Protect
|move|p2a: Gholdengo|Shadow Ball|p1b: Politoed
|-damage|p1b: Politoed|55/100
|-damage|p2a: Gholdengo|0 fnt|[from] item: Life Orb
|faint|p2a: Gholdengo
|move|p1b: Politoed|Weather Ball|p2b: Sneasler
|-damage|p2b: Sneasler|40/100
|
|-weather|RainDance|[upkeep]
|-heal|p1b: Politoed|61/100|[from] item: Leftovers
|upkeep
|
|t:|1756758544
|switch|p2a: Ursaluna|Ursaluna, L50, F|100/100
|turn|4
|
|t:|1756758581
|switch|p1a: Smeargle|Smeargle, L50, M|100/100
|move|p2b: Sneasler|Taunt|p1b: Politoed
|-start|p1b: Politoed|move: Taunt
|cant|p1b: Politoed|move: Taunt|Perish Song
|move|p2a: Ursaluna|Facade|p1a: Smeargle
|-damage|p1a: Smeargle|15/100
|
|-weather|RainDance|[upkeep]
|-heal|p1b: Politoed|67/100|[from] item: Leftovers
|-ability|p1a: Smeargle|Moody|boost
|-boost|p1a: Smeargle|atk|2
|-unboost|p1a: Smeargle|def|1
|-status|p2a: Ursaluna|brn|[from] item: Flame Orb
|upkeep
|turn|5
|
|t:|1756758606
|-terastallize|p2a: Ursaluna|Ghost
|move|p2b: Sneasler|Protect|p2b: Sneasler
|-singleturn|p2b: Sneasler|Protect
|move|p1a: Smeargle|Fake Out|p2b: Sneasler
|-activate|p2b: Sneasler|move: Protect
|move|p1b: Politoed|Weather Ball|p2a: Ursaluna
|-damage|p2a: Ursaluna|64/100 brn
|move|p2a: Ursaluna|Earthquake|p1a: Smeargle|[spread] p1a,p1b
|-activate|p2b: Sneasler|move: Protect
|-damage|p1a: Smeargle|0 fnt
|-damage|p1b: Politoed|14/100
|faint|p1a: Smeargle
|
|-weather|none
|-heal|p1b: Politoed|20/100|[from] item: Leftovers
|-damage|p2a: Ursaluna|58/100 brn|[from] brn
|upkeep
|
|t:|1756758622
|switch|p1a: Gothitelle|Gothitelle, L50, F|100/100
|turn|6
|
|t:|1756758682
|switch|p1b: Archaludon|Archaludon, L50, M, tera:Electric|28/100
|move|p1a: Gothitelle|Fake Out|p2b: Sneasler
|-damage|p2b: Sneasler|32/100
|cant|p2b: Sneasler|flinch
|move|p2a: Ursaluna|Facade|p1b: Archaludon
|-damage|p1b: Archaludon|0 fnt
|faint|p1b: Archaludon
|
|-damage|p2a: Ursaluna|52/100 brn|[from] brn
|upkeep
|
|t:|1756758693
|switch|p1b: Politoed|Politoed, L50, M|20/100
|-weather|RainDance|[from] ability: Drizzle|[of] p1b: Politoed
|turn|7
|
|t:|1756758708
|move|p2b: Sneasler|Protect|p2b: Sneasler
|-singleturn|p2b: Sneasler|Protect
|move|p1b: Politoed|Protect|p1b: Politoed
|-singleturn|p1b: Politoed|Protect
|move|p2a: Ursaluna|Protect|p2a: Ursaluna
|-singleturn|p2a: Ursaluna|Protect
|move|p1a: Gothitelle|Psychic|p2b: Sneasler
|-activate|p2b: Sneasler|move: Protect
|
|-weather|RainDance|[upkeep]
|-heal|p1b: Politoed|26/100|[from] item: Leftovers
|-damage|p2a: Ursaluna|45/100 brn|[from] brn
|upkeep
|turn|8
|
|t:|1756758731
|move|p2b: Sneasler|Close Combat|p1b: Politoed
|-damage|p1b: Politoed|0 fnt
|-unboost|p2b: Sneasler|def|1
|-unboost|p2b: Sneasler|spd|1
|faint|p1b: Politoed
|-enditem|p2b: Sneasler|White Herb
|-clearnegativeboost|p2b: Sneasler|[silent]
|move|p2a: Ursaluna|Facade|p1a: Gothitelle
|-damage|p1a: Gothitelle|0 fnt
|faint|p1a: Gothitelle
|
|win|Jakobtc
|raw|Sherogenzzz's rating: 1049 → 1036(-13 for losing)
|raw|Jakobtc's rating: 1147 → 1165(+18 for winning)
