|j|☆The Tera-ble
|j|☆bogging
|html|The Tera-blebogging    
|uhtml|bestof|Game 2 of a best-of-3
|t:|1755299084
|gametype|doubles
|player|p1|The Tera-ble|169|1137
|player|p2|bogging|bugcatcher-gen4dp|1233
|gen|9
|tier|[Gen 9] VGC 2025 Reg H (Bo3)
|rated|
|rule|Species Clause: Limit one of each Pokémon
|rule|Item Clause: Limit 1 of each item
|clearpoke
|poke|p1|Lycanroc, L50, M|
|poke|p1|Tyranitar, L50, M|
|poke|p1|Incineroar, L50, M|
|poke|p1|Pelipper, L50, M|
|poke|p1|Archaludon, L50, F|
|poke|p1|Amoonguss, L50, M|
|poke|p2|Volcarona, L50, F|
|poke|p2|Rillaboom, L50, F|
|poke|p2|Incineroar, L50, F|
|poke|p2|Kingambit, L50, M|
|poke|p2|Electabuzz, L50, M|
|poke|p2|Basculegion, L50, M|
|teampreview|4
|showteam|p1|Lycanroc||FocusSash|SandRush|RockSlide,CloseCombat,Endeavor,Protect|||M|||50|,,,,,Ghost]Tyranitar||AssaultVest|SandStream|RockSlide,KnockOff,TeraBlast,LowKick|||M|||50|,,,,,Flying]Incineroar||SafetyGoggles|Intimidate|FakeOut,PartingShot,FlareBlitz,Taunt|||M|||50|,,,,,Water]Pelipper||CovertCloak|Drizzle|WeatherBall,Tailwind,WideGuard,Hurricane|||M|||50|,,,,,Fairy]Archaludon||PowerHerb|Sturdy|ElectroShot,Thunderbolt,DragonPulse,Protect|||F|||50|,,,,,Electric]Amoonguss||RockyHelmet|Regenerator|Spore,RagePowder,SludgeBomb,PollenPuff|||M|||50|,,,,,Water
|showteam|p2|Volcarona||Leftovers|FlameBody|QuiverDance,Flamethrower,TeraBlast,Protect|||F|||50|,,,,,Fairy]Rillaboom||AssaultVest|GrassySurge|WoodHammer,GrassyGlide,Uturn,FakeOut|||F|||50|,,,,,Poison]Incineroar||SafetyGoggles|Intimidate|KnockOff,PartingShot,FakeOut,FlareBlitz|||F|||50|,,,,,Ghost]Kingambit||BlackGlasses|Defiant|KowtowCleave,SuckerPunch,SwordsDance,Protect|||M|||50|,,,,,Dark]Electabuzz||Eviolite|VitalSpirit|Electroweb,Taunt,FollowMe,KnockOff|||M|||50|,,,,,Dragon]Basculegion||ChoiceScarf|Adaptability|WaveCrash,FlipTurn,LastRespects,TeraBlast|||M|||50|,,,,,Fighting
|
|t:|1755299098
|teamsize|p1|4
|teamsize|p2|4
|start
|switch|p1a: Lycanroc|Lycanroc, L50, M|100/100
|switch|p1b: Archaludon|Archaludon, L50, F|100/100
|switch|p2a: Rillaboom|Rillaboom, L50, F|100/100
|switch|p2b: Kingambit|Kingambit, L50, M|100/100
|-fieldstart|move: Grassy Terrain|[from] ability: Grassy Surge|[of] p2a: Rillaboom
|turn|1
|
|t:|1755299112
|-terastallize|p1a: Lycanroc|Ghost
|move|p2b: Kingambit|Protect|p2b: Kingambit
|-singleturn|p2b: Kingambit|Protect
|move|p1a: Lycanroc|Close Combat|p2b: Kingambit
|-activate|p2b: Kingambit|move: Protect
|move|p1b: Archaludon|Electro Shot||[still]
|-prepare|p1b: Archaludon|Electro Shot
|-boost|p1b: Archaludon|spa|1
|-enditem|p1b: Archaludon|Power Herb
|-anim|p1b: Archaludon|Electro Shot|p2b: Kingambit
|-activate|p2b: Kingambit|move: Protect
|move|p2a: Rillaboom|U-turn|p1a: Lycanroc
|-resisted|p1a: Lycanroc
|-damage|p1a: Lycanroc|82/100
|
|t:|1755299123
|switch|p2a: Electabuzz|Electabuzz, L50, M|100/100|[from] U-turn
|
|-heal|p1a: Lycanroc|88/100|[from] Grassy Terrain
|upkeep
|turn|2
|
|t:|1755299132
|move|p1a: Lycanroc|Protect|p1a: Lycanroc
|-singleturn|p1a: Lycanroc|Protect
|move|p2a: Electabuzz|Follow Me|p2a: Electabuzz
|-singleturn|p2a: Electabuzz|move: Follow Me
|move|p1b: Archaludon|Dragon Pulse|p2a: Electabuzz
|-damage|p2a: Electabuzz|51/100
|move|p2b: Kingambit|Swords Dance|p2b: Kingambit
|-boost|p2b: Kingambit|atk|2
|
|-heal|p1a: Lycanroc|94/100|[from] Grassy Terrain
|-heal|p2a: Electabuzz|57/100|[from] Grassy Terrain
|upkeep
|turn|3
|
|t:|1755299159
|move|p2a: Electabuzz|Follow Me|p2a: Electabuzz
|-singleturn|p2a: Electabuzz|move: Follow Me
|move|p1a: Lycanroc|Endeavor|p2a: Electabuzz
|-immune|p2a: Electabuzz
|move|p1b: Archaludon|Dragon Pulse|p2a: Electabuzz
|-damage|p2a: Electabuzz|7/100
|move|p2b: Kingambit|Kowtow Cleave|p1b: Archaludon
|-damage|p1b: Archaludon|6/100
|
|-heal|p1a: Lycanroc|100/100|[from] Grassy Terrain
|-heal|p1b: Archaludon|12/100|[from] Grassy Terrain
|-heal|p2a: Electabuzz|13/100|[from] Grassy Terrain
|upkeep
|turn|4
|
|t:|1755299179
|-terastallize|p2b: Kingambit|Dark
|move|p2a: Electabuzz|Follow Me|p2a: Electabuzz
|-singleturn|p2a: Electabuzz|move: Follow Me
|move|p1a: Lycanroc|Close Combat|p2a: Electabuzz
|-damage|p2a: Electabuzz|0 fnt
|-unboost|p1a: Lycanroc|def|1
|-unboost|p1a: Lycanroc|spd|1
|faint|p2a: Electabuzz
|move|p1b: Archaludon|Dragon Pulse|p2b: Kingambit
|-damage|p2b: Kingambit|41/100
|move|p2b: Kingambit|Kowtow Cleave|p1a: Lycanroc
|-supereffective|p1a: Lycanroc
|-enditem|p1a: Lycanroc|Focus Sash
|-damage|p1a: Lycanroc|1/100
|
|-heal|p1a: Lycanroc|7/100|[from] Grassy Terrain
|-heal|p1b: Archaludon|18/100|[from] Grassy Terrain
|-heal|p2b: Kingambit|48/100|[from] Grassy Terrain
|upkeep
|
|t:|1755299190
|switch|p2a: Basculegion|Basculegion, L50, M|100/100
|turn|5
|
|t:|1755299201
|switch|p1b: Tyranitar|Tyranitar, L50, M|100/100
|-weather|Sandstorm|[from] ability: Sand Stream|[of] p1b: Tyranitar
|move|p2b: Kingambit|Sucker Punch|p1a: Lycanroc
|-supereffective|p1a: Lycanroc
|-damage|p1a: Lycanroc|0 fnt
|faint|p1a: Lycanroc
|move|p2a: Basculegion|Last Respects|p1b: Tyranitar
|-resisted|p1b: Tyranitar
|-damage|p1b: Tyranitar|73/100
|
|-weather|Sandstorm|[upkeep]
|-damage|p2a: Basculegion|94/100|[from] Sandstorm
|-damage|p2b: Kingambit|41/100|[from] Sandstorm
|-heal|p2a: Basculegion|100/100|[from] Grassy Terrain
|-heal|p1b: Tyranitar|79/100|[from] Grassy Terrain
|-heal|p2b: Kingambit|48/100|[from] Grassy Terrain
|-fieldend|move: Grassy Terrain
|upkeep
|
|t:|1755299216
|switch|p1a: Amoonguss|Amoonguss, L50, M|100/100
|turn|6
|
|t:|1755299250
|switch|p2a: Rillaboom|Rillaboom, L50, F|100/100
|-fieldstart|move: Grassy Terrain|[from] ability: Grassy Surge|[of] p2a: Rillaboom
|move|p2b: Kingambit|Protect|p2b: Kingambit
|-singleturn|p2b: Kingambit|Protect
|move|p1b: Tyranitar|Knock Off|p2a: Rillaboom
|-damage|p2a: Rillaboom|56/100
|-enditem|p2a: Rillaboom|Assault Vest|[from] move: Knock Off|[of] p1b: Tyranitar
|move|p1a: Amoonguss|Sludge Bomb|p2a: Rillaboom
|-supereffective|p2a: Rillaboom
|-damage|p2a: Rillaboom|6/100
|-status|p2a: Rillaboom|psn
|
|-weather|Sandstorm|[upkeep]
|-damage|p2a: Rillaboom|0 fnt|[from] Sandstorm
|-damage|p2b: Kingambit|41/100|[from] Sandstorm
|-damage|p1a: Amoonguss|95/100|[from] Sandstorm
|faint|p2a: Rillaboom
|-heal|p1b: Tyranitar|84/100|[from] Grassy Terrain
|-heal|p2b: Kingambit|48/100|[from] Grassy Terrain
|-heal|p1a: Amoonguss|100/100|[from] Grassy Terrain
|upkeep
|
|t:|1755299259
|switch|p2a: Basculegion|Basculegion, L50, M|100/100
|turn|7
|
|t:|1755299279
|move|p1a: Amoonguss|Rage Powder|p1a: Amoonguss
|-singleturn|p1a: Amoonguss|move: Rage Powder
|move|p2a: Basculegion|Wave Crash|p1a: Amoonguss
|-resisted|p1a: Amoonguss
|-damage|p1a: Amoonguss|69/100
|-damage|p2a: Basculegion|84/100|[from] item: Rocky Helmet|[of] p1a: Amoonguss
|-damage|p2a: Basculegion|72/100|[from] Recoil
|move|p1b: Tyranitar|Low Kick|p2b: Kingambit
|-supereffective|p2b: Kingambit
|-damage|p2b: Kingambit|0 fnt
|faint|p2b: Kingambit
|
|-weather|Sandstorm|[upkeep]
|-damage|p2a: Basculegion|66/100|[from] Sandstorm
|-damage|p1a: Amoonguss|63/100|[from] Sandstorm
|-heal|p2a: Basculegion|72/100|[from] Grassy Terrain
|-heal|p1b: Tyranitar|90/100|[from] Grassy Terrain
|-heal|p1a: Amoonguss|69/100|[from] Grassy Terrain
|upkeep
|turn|8
|-message|bogging forfeited.
|
|win|The Tera-ble
|raw|The Tera-ble's rating: 1137 → 1169(+32 for winning)
|raw|bogging's rating: 1233 → 1201(-32 for losing)
|l|☆bogging
|player|p2|
|c|☆The Tera-ble|gg
