|j|☆pink spoon
|j|☆zen077
|html|pink spoonzen077    
|uhtml|bestof|Game 2 of a best-of-3
|t:|1784752908
|gametype|doubles
|player|p1|pink spoon|parasollady|
|player|p2|zen077|266|
|gen|9
|tier|[Gen 9 Champions] VGC 2026 Reg M-B (Bo3)
|rule|Species Clause: Limit one of each Pokémon
|rule|Item Clause: Limit 1 of each item
|clearpoke
|poke|p1|Pinsir, L50, M|
|poke|p1|Garchomp, L50, M|
|poke|p1|Talonflame, L50, F|
|poke|p1|Kingambit, L50, F|
|poke|p1|Incineroar, L50, M|
|poke|p1|Raichu, L50, M|
|poke|p2|Basculegion, L50, M|
|poke|p2|Sneasler, L50, M|
|poke|p2|Meganium, L50, F|
|poke|p2|Aerodactyl, L50, F|
|poke|p2|Kingambit, L50, F|
|poke|p2|Farigiraf, L50, M|
|teampreview|4
|showteam|p1|Pinsir||Pinsirite|HyperCutter|BodySlam,Feint,SwordsDance,Protect|Adamant||M|||50|]Garchomp||LifeOrb|RoughSkin|Earthquake,DragonClaw,StompingTantrum,Protect|Jolly||M|||50|]Talonflame||SharpBeak|GaleWings|BraveBird,FlareBlitz,Tailwind,Protect|Jolly||F|||50|]Kingambit||BlackGlasses|Defiant|KowtowCleave,SuckerPunch,SwordsDance,Protect|Adamant||F|||50|]Incineroar||SitrusBerry|Intimidate|FlareBlitz,ThroatChop,FakeOut,PartingShot|Careful||M|||50|]Raichu||RaichuniteY|LightningRod|ZapCannon,FocusBlast,FakeOut,Protect|Timid||M|||50|
|showteam|p2|Basculegion||ChoiceScarf|Adaptability|WaveCrash,LastRespects,FlipTurn,AquaJet|Jolly||M|||50|]Sneasler||WhiteHerb|Unburden|Protect,FakeOut,CloseCombat,DireClaw|Adamant||M|||50|]Meganium||Meganiumite|LeafGuard|Protect,SolarBeam,DazzlingGleam,WeatherBall|Modest||F|||50|]Aerodactyl||FocusSash|Unnerve|Protect,RockSlide,DualWingbeat,Tailwind|Jolly||F|||50|]Kingambit||ChopleBerry|Defiant|LowKick,IronHead,KowtowCleave,SuckerPunch|Adamant||F|||50|]Farigiraf||SitrusBerry|ArmorTail|TrickRoom,AllySwitch,Psychic,HyperVoice|Quiet||M|||50|
|inactive|Battle timer is ON: inactive players will automatically lose when time's up. (requested by zen077)
|j| othunder21
|inactive|zen077 has 60 seconds left.
|
|t:|1784752949
|teamsize|p1|4
|teamsize|p2|4
|start
|switch|p1a: Garchomp|Garchomp, L50, M|100/100
|switch|p1b: Talonflame|Talonflame, L50, F|100/100
|switch|p2a: Basculegion|Basculegion, L50, M|100/100
|switch|p2b: Farigiraf|Farigiraf, L50, M|100/100
|turn|1
|inactive|pink spoon has 30 seconds left.
|inactive|zen077 has 30 seconds left.
|inactive|pink spoon has 20 seconds left.
|inactive|zen077 has 20 seconds left.
|inactive|pink spoon has 15 seconds left.
|inactive|zen077 has 15 seconds left.
|inactive|pink spoon has 10 seconds left.
|
|t:|1784752995
|switch|p1b: Incineroar|Incineroar, L50, M|100/100
|-ability|p1b: Incineroar|Intimidate|boost
|-unboost|p2a: Basculegion|atk|1
|-unboost|p2b: Farigiraf|atk|1
|move|p2a: Basculegion|Flip Turn|p1b: Incineroar
|-supereffective|p1b: Incineroar|1
|-damage|p1b: Incineroar|56/100
|
|t:|1784753007
|switch|p2a: Meganium|Meganium, L50, F|100/100|[from] Flip Turn
|move|p1a: Garchomp|Dragon Claw|p2b: Farigiraf
|-damage|p2b: Farigiraf|51/100
|-damage|p1a: Garchomp|90/100|[from] item: Life Orb
|move|p2b: Farigiraf|Trick Room|p2b: Farigiraf
|-fieldstart|move: Trick Room|[of] p2b: Farigiraf
|
|upkeep
|turn|2
|inactive|zen077 has 30 seconds left.
|inactive|pink spoon has 30 seconds left.
|
|t:|1784753042
|switch|p1a: Talonflame|Talonflame, L50, F|100/100
|detailschange|p2a: Meganium|Meganium-Mega, L50, F
|-mega|p2a: Meganium|Meganium|Meganiumite
|move|p2b: Farigiraf|Hyper Voice|p1b: Incineroar|[spread] p1a,p1b
|-damage|p1a: Talonflame|60/100
|-damage|p1b: Incineroar|32/100
|-enditem|p1b: Incineroar|Sitrus Berry|[eat]
|-heal|p1b: Incineroar|57/100|[from] item: Sitrus Berry
|move|p2a: Meganium|Dazzling Gleam|p1a: Talonflame|[spread] p1a,p1b
|-resisted|p1a: Talonflame|1
|-damage|p1a: Talonflame|30/100
|-damage|p1b: Incineroar|24/100
|move|p1b: Incineroar|Flare Blitz|p2a: Meganium
|-supereffective|p2a: Meganium|1
|-damage|p2a: Meganium|21/100
|-damage|p1b: Incineroar|1/100|[from] Recoil
|
|upkeep
|turn|3
|inactive|pink spoon has 30 seconds left.
|inactive|zen077 has 30 seconds left.
|inactive|pink spoon has 20 seconds left.
|inactive|zen077 has 20 seconds left.
|inactive|pink spoon has 15 seconds left.
|inactive|zen077 has 15 seconds left.
|
|t:|1784753084
|switch|p2b: Kingambit|Kingambit, L50, F|100/100
|move|p2a: Meganium|Dazzling Gleam|p1a: Talonflame|[spread] p1a,p1b
|-resisted|p1a: Talonflame|1
|-damage|p1a: Talonflame|1/100
|-damage|p1b: Incineroar|0 fnt
|faint|p1b: Incineroar
|move|p1a: Talonflame|Flare Blitz|p2b: Kingambit
|-supereffective|p2b: Kingambit|1
|-damage|p2b: Kingambit|37/100
|-damage|p1a: Talonflame|0 fnt|[from] Recoil
|faint|p1a: Talonflame
|
|upkeep
|
|t:|1784753095
|switch|p1b: Garchomp|Garchomp, L50, M|90/100
|switch|p1a: Pinsir|Pinsir, L50, M|100/100
|turn|4
|
|t:|1784753117
|detailschange|p1a: Pinsir|Pinsir-Mega, L50, M
|-mega|p1a: Pinsir|Pinsir|Pinsirite
|move|p1b: Garchomp|Protect|p1b: Garchomp
|-singleturn|p1b: Garchomp|Protect
|move|p2b: Kingambit|Kowtow Cleave|p1b: Garchomp
|-activate|p1b: Garchomp|move: Protect
|move|p2a: Meganium|Weather Ball|p1a: Pinsir
|-supereffective|p1a: Pinsir|1
|-damage|p1a: Pinsir|0 fnt
|faint|p1a: Pinsir
|
|upkeep
|turn|5
|
|t:|1784753130
|move|p1b: Garchomp|Protect||[still]
|-fail|p1b: Garchomp
|move|p2b: Kingambit|Kowtow Cleave|p1b: Garchomp
|-damage|p1b: Garchomp|37/100
|-damage|p2b: Kingambit|25/100|[from] ability: Rough Skin|[of] p1b: Garchomp
|move|p2a: Meganium|Dazzling Gleam|p1b: Garchomp
|-supereffective|p1b: Garchomp|1
|-damage|p1b: Garchomp|0 fnt
|faint|p1b: Garchomp
|
|win|zen077
