|j|☆iwassilverfish
|j|☆an attack child
|html|iwassilverfishan attack child    
|uhtml|bestof|Game 2 of a best-of-3
|t:|1754520250
|gametype|doubles
|player|p1|iwassilverfish|benga|1363
|player|p2|an attack child|musician|1276
|gen|9
|tier|[Gen 9] VGC 2025 Reg H (Bo3)
|rated|
|rule|Species Clause: Limit one of each Pokémon
|rule|Item Clause: Limit 1 of each item
|clearpoke
|poke|p1|Incineroar, L50, F|
|poke|p1|Porygon2, L50|
|poke|p1|Gholdengo, L50|
|poke|p1|Hydreigon, L50, F|
|poke|p1|Amoonguss, L50, F|
|poke|p1|Ursaluna, L50, M|
|poke|p2|Sneasler, L50, M|
|poke|p2|Kommo-o, L50, F|
|poke|p2|Gholdengo, L50|
|poke|p2|Rillaboom, L50, M|
|poke|p2|Dondozo, L50, M|
|poke|p2|Electabuzz, L50, F|
|teampreview|4
|showteam|p1|Incineroar||AssaultVest|Intimidate|FlareBlitz,KnockOff,Uturn,FakeOut|||F|||50|,,,,,Ghost]Porygon2||Eviolite|Download|TeraBlast,IceBeam,Recover,TrickRoom||||||50|,,,,,Fighting]Gholdengo||LifeOrb|GoodasGold|MakeItRain,ShadowBall,NastyPlot,Protect||||||50|,,,,,Water]Hydreigon||SafetyGoggles|Levitate|DracoMeteor,Snarl,Tailwind,Protect|||F|||50|,,,,,Ghost]Amoonguss||SitrusBerry|Regenerator|Spore,RagePowder,PollenPuff,Protect|||F|||50|,,,,,Fairy]Ursaluna||FlameOrb|Guts|Facade,Earthquake,HeadlongRush,Protect|||M|||50|,,,,,Ghost
|showteam|p2|Sneasler||FocusSash|Unburden|FakeOut,DireClaw,CloseCombat,Protect|||M|||50|,,,,,Stellar]Kommo-o||ThroatSpray|Soundproof|ClangorousSoul,ClangingScales,Flamethrower,Protect|||F|||50|,,,,,Fire]Gholdengo||ChoiceSpecs|GoodasGold|MakeItRain,ShadowBall,DazzlingGleam,PowerGem||||||50|,,,,,Fairy]Rillaboom||AssaultVest|GrassySurge|FakeOut,WoodHammer,GrassyGlide,HighHorsepower|||M|||50|,,,,,Fire]Dondozo||Leftovers|Unaware|WaveCrash,Fissure,Yawn,Protect|||M|||50|,,,,,Flying]Electabuzz||Eviolite|VitalSpirit|Electroweb,FollowMe,HelpingHand,Protect|||F|||50|,,,,,Grass
|inactive|Battle timer is ON: inactive players will automatically lose when time's up. (requested by iwassilverfish)
|inactive|iwassilverfish has 60 seconds left.
|inactive|an attack child has 60 seconds left.
|
|t:|1754520284
|teamsize|p1|4
|teamsize|p2|4
|start
|switch|p1a: Incineroar|Incineroar, L50, F|100/100
|switch|p1b: Ursaluna|Ursaluna, L50, M|100/100
|switch|p2a: Dondozo|Dondozo, L50, M|100/100
|switch|p2b: Kommo-o|Kommo-o, L50, F|100/100
|-ability|p1a: Incineroar|Intimidate|boost
|-unboost|p2a: Dondozo|atk|1
|-unboost|p2b: Kommo-o|atk|1
|turn|1
|
|t:|1754520303
|-terastallize|p1b: Ursaluna|Ghost
|move|p2b: Kommo-o|Clanging Scales|p1b: Ursaluna|[spread] p1a,p1b
|-damage|p1a: Incineroar|75/100
|-damage|p1b: Ursaluna|69/100
|-unboost|p2b: Kommo-o|def|1
|-enditem|p2b: Kommo-o|Throat Spray
|-boost|p2b: Kommo-o|spa|1|[from] item: Throat Spray
|move|p1a: Incineroar|Knock Off|p2a: Dondozo
|-damage|p2a: Dondozo|81/100
|-enditem|p2a: Dondozo|Leftovers|[from] move: Knock Off|[of] p1a: Incineroar
|move|p1b: Ursaluna|Headlong Rush|p2a: Dondozo
|-damage|p2a: Dondozo|48/100
|-unboost|p1b: Ursaluna|def|1
|-unboost|p1b: Ursaluna|spd|1
|move|p2a: Dondozo|Yawn|p1a: Incineroar
|-start|p1a: Incineroar|move: Yawn|[of] p2a: Dondozo
|
|-status|p1b: Ursaluna|brn|[from] item: Flame Orb
|upkeep
|turn|2
|inactive|iwassilverfish has 30 seconds left.
|
|t:|1754520337
|switch|p1b: Porygon2|Porygon2, L50|100/100
|-ability|p1b: Porygon2|Download|boost
|-boost|p1b: Porygon2|spa|1
|move|p2b: Kommo-o|Clanging Scales|p1a: Incineroar|[spread] p1a,p1b
|-damage|p1a: Incineroar|38/100
|-damage|p1b: Porygon2|68/100
|-unboost|p2b: Kommo-o|def|1
|move|p1a: Incineroar|U-turn|p2b: Kommo-o
|-resisted|p2b: Kommo-o
|-damage|p2b: Kommo-o|83/100
|
|t:|1754520349
|switch|p1a: Gholdengo|Gholdengo, L50|100/100|[from] U-turn
|move|p2a: Dondozo|Yawn|p1a: Gholdengo
|-immune|p1a: Gholdengo|[from] ability: Good as Gold
|
|upkeep
|turn|3
|
|t:|1754520370
|switch|p1a: Incineroar|Incineroar, L50, F|38/100
|-ability|p1a: Incineroar|Intimidate|boost
|-unboost|p2a: Dondozo|atk|1
|-unboost|p2b: Kommo-o|atk|1
|move|p2b: Kommo-o|Clanging Scales|p1a: Incineroar|[spread] p1a,p1b
|-damage|p1a: Incineroar|5/100
|-damage|p1b: Porygon2|30/100
|-unboost|p2b: Kommo-o|def|1
|move|p1b: Porygon2|Tera Blast|p2b: Kommo-o
|-damage|p2b: Kommo-o|32/100
|move|p2a: Dondozo|Yawn|p1b: Porygon2
|-start|p1b: Porygon2|move: Yawn|[of] p2a: Dondozo
|
|upkeep
|turn|4
|inactive|iwassilverfish has 30 seconds left.
|
|t:|1754520400
|switch|p1b: Gholdengo|Gholdengo, L50|100/100
|move|p1a: Incineroar|Fake Out|p2b: Kommo-o
|-damage|p2b: Kommo-o|5/100
|cant|p2b: Kommo-o|flinch
|move|p2a: Dondozo|Fissure|p1b: Gholdengo
|-damage|p1b: Gholdengo|0 fnt
|faint|p1b: Gholdengo
|-ohko
|
|upkeep
|c|☆an attack child|bruh
|c|☆an attack child|i feel dirty
|c|☆iwassilverfish|5/5 no miss is wild
|c|☆an attack child|yea
|inactive|iwassilverfish has 30 seconds left.
|
|t:|1754520429
|switch|p1b: Ursaluna|Ursaluna, L50, M, tera:Ghost|69/100 brn
|turn|5
|
|t:|1754520450
|switch|p2a: Rillaboom|Rillaboom, L50, M|100/100
|-fieldstart|move: Grassy Terrain|[from] ability: Grassy Surge|[of] p2a: Rillaboom
|move|p2b: Kommo-o|Clanging Scales|p1b: Ursaluna|[spread] p1a,p1b
|-damage|p1a: Incineroar|0 fnt
|-damage|p1b: Ursaluna|18/100 brn
|faint|p1a: Incineroar
|-unboost|p2b: Kommo-o|def|1
|move|p1b: Ursaluna|Earthquake|p2a: Rillaboom|[spread] p2a,p2b
|-resisted|p2a: Rillaboom
|-crit|p2b: Kommo-o
|-damage|p2a: Rillaboom|85/100
|-damage|p2b: Kommo-o|0 fnt
|faint|p2b: Kommo-o
|
|-heal|p2a: Rillaboom|91/100|[from] Grassy Terrain
|-heal|p1b: Ursaluna|24/100 brn|[from] Grassy Terrain
|-damage|p1b: Ursaluna|18/100 brn|[from] brn
|upkeep
|
|t:|1754520456
|switch|p2b: Gholdengo|Gholdengo, L50|100/100
|switch|p1a: Porygon2|Porygon2, L50|30/100
|-ability|p1a: Porygon2|Download|boost
|-boost|p1a: Porygon2|spa|1
|turn|6
|
|t:|1754520465
|move|p2a: Rillaboom|Fake Out|p1a: Porygon2
|-damage|p1a: Porygon2|21/100
|move|p2b: Gholdengo|Make It Rain|p1a: Porygon2|[spread] p1a,p1b
|-damage|p1a: Porygon2|0 fnt
|-damage|p1b: Ursaluna|0 fnt
|-unboost|p2b: Gholdengo|spa|1
|faint|p1a: Porygon2
|faint|p1b: Ursaluna
|
|win|an attack child
|raw|iwassilverfish's rating: 1363 → 1338(-25 for losing)
|raw|an attack child's rating: 1276 → 1307(+31 for winning)
|l|☆iwassilverfish
|player|p1|
|j|☆iwassilverfish
|player|p1|iwassilverfish|benga|
|l|☆an attack child
|player|p2|
