|j|☆Brendu04
|j|☆Gaspar8
|html|Brendu04Gaspar8    
|uhtml|bestof|Game 1 of a best-of-3
|t:|1757797684
|gametype|doubles
|player|p1|Brendu04|hilbert|1362
|player|p2|Gaspar8|170|1411
|gen|9
|tier|[Gen 9] VGC 2025 Reg H (Bo3)
|rated|
|rule|Species Clause: Limit one of each Pokémon
|rule|Item Clause: Limit 1 of each item
|clearpoke
|poke|p1|Sneasler, L50, M|
|poke|p1|Baxcalibur, L50, M|
|poke|p1|Volcarona, L50, M|
|poke|p1|Rillaboom, L50, F|
|poke|p1|Kingambit, L50, F|
|poke|p1|Dondozo, L50, F|
|poke|p2|Pelipper, L50, M|
|poke|p2|Archaludon, L50, M|
|poke|p2|Amoonguss, L50, M|
|poke|p2|Incineroar, L50, M|
|poke|p2|Basculegion, L50, M|
|poke|p2|Gholdengo, L50|
|teampreview|4
|showteam|p1|Sneasler||FocusSash|Unburden|FakeOut,CloseCombat,DireClaw,Coaching|||M|||50|,,,,,Ghost]Baxcalibur||LoadedDice|ThermalExchange|Protect,IceShard,ScaleShot,IcicleSpear|||M|||50|,,,,,Ghost]Volcarona||CovertCloak|FlameBody|QuiverDance,HeatWave,TeraBlast,RagePowder|||M|||50|,,,,,Fairy]Rillaboom||AssaultVest|GrassySurge|GrassyGlide,FakeOut,HighHorsepower,WoodHammer|||F|||50|,,,,,Fire]Kingambit||SafetyGoggles|Defiant|Protect,SwordsDance,SuckerPunch,KowtowCleave|||F|||50|,,,,,Dark]Dondozo||Leftovers|Unaware|WaveCrash,Fissure,Yawn,Protect|||F|||50|,,,,,Grass
|showteam|p2|Pelipper||FocusSash|Drizzle|Hurricane,WeatherBall,Tailwind,Protect|||M|||50|,,,,,Ghost]Archaludon||AssaultVest|Stamina|ElectroShot,DragonPulse,Snarl,BodyPress|||M|||50|,,,,,Bug]Amoonguss||RockyHelmet|Regenerator|PollenPuff,Spore,RagePowder,Protect|||M|||50|,,,,,Fairy]Incineroar||SitrusBerry|Intimidate|FlareBlitz,KnockOff,FakeOut,PartingShot|||M|||50|,,,,,Ghost]Basculegion||ChoiceBand|SwiftSwim|WaveCrash,LastRespects,FlipTurn,AquaJet|||M|||50|,,,,,Water]Gholdengo||LifeOrb|GoodasGold|MakeItRain,ShadowBall,NastyPlot,Protect||||||50|,,,,,Water
|inactive|Battle timer is ON: inactive players will automatically lose when time's up. (requested by Gaspar8)
|inactive|Brendu04 has 60 seconds left.
|
|t:|1757797747
|teamsize|p1|4
|teamsize|p2|4
|start
|switch|p1a: Kingambit|Kingambit, L50, F|100/100
|switch|p1b: Sneasler|Sneasler, L50, M|100/100
|switch|p2a: Pelipper|Pelipper, L50, M, shiny|100/100
|switch|p2b: Basculegion|Basculegion, L50, M, shiny|100/100
|-weather|RainDance|[from] ability: Drizzle|[of] p2a: Pelipper
|turn|1
|j| T-Soro
|
|t:|1757797769
|-terastallize|p2b: Basculegion|Water
|move|p1b: Sneasler|Fake Out|p2a: Pelipper
|-damage|p2a: Pelipper|86/100
|move|p2b: Basculegion|Wave Crash|p1a: Kingambit
|-damage|p1a: Kingambit|0 fnt
|faint|p1a: Kingambit
|-damage|p2b: Basculegion|66/100|[from] Recoil
|cant|p2a: Pelipper|flinch
|
|-weather|RainDance|[upkeep]
|upkeep
|
|t:|1757797773
|switch|p1a: Dondozo|Dondozo, L50, F|100/100
|turn|2
|l| T-Soro
|
|t:|1757797795
|move|p2b: Basculegion|Wave Crash|p1a: Dondozo
|-resisted|p1a: Dondozo
|-damage|p1a: Dondozo|45/100
|-damage|p2b: Basculegion|42/100|[from] Recoil
|move|p1b: Sneasler|Coaching|p1a: Dondozo
|-boost|p1a: Dondozo|atk|1
|-boost|p1a: Dondozo|def|1
|move|p2a: Pelipper|Hurricane|p1a: Dondozo
|-damage|p1a: Dondozo|13/100
|move|p1a: Dondozo|Wave Crash|p2a: Pelipper
|-resisted|p2a: Pelipper
|-damage|p2a: Pelipper|31/100
|-damage|p1a: Dondozo|2/100|[from] Recoil
|
|-weather|RainDance|[upkeep]
|-heal|p1a: Dondozo|8/100|[from] item: Leftovers
|upkeep
|turn|3
|
|t:|1757797816
|switch|p2a: Incineroar|Incineroar, L50, M, shiny|100/100
|-ability|p2a: Incineroar|Intimidate|boost
|-unboost|p1a: Dondozo|atk|1
|-unboost|p1b: Sneasler|atk|1
|move|p1a: Dondozo|Protect|p1a: Dondozo
|-singleturn|p1a: Dondozo|Protect
|move|p2b: Basculegion|Wave Crash|p1b: Sneasler
|-enditem|p1b: Sneasler|Focus Sash
|-damage|p1b: Sneasler|1/100
|-damage|p2b: Basculegion|15/100|[from] Recoil
|move|p1b: Sneasler|Dire Claw|p2a: Incineroar
|-damage|p2a: Incineroar|79/100
|
|-weather|RainDance|[upkeep]
|-heal|p1a: Dondozo|14/100|[from] item: Leftovers
|upkeep
|turn|4
|j| T-Soro
|
|t:|1757797837
|-terastallize|p1b: Sneasler|Ghost
|move|p2a: Incineroar|Fake Out|p1b: Sneasler
|-immune|p1b: Sneasler
|move|p1b: Sneasler|Dire Claw|p2b: Basculegion
|-damage|p2b: Basculegion|0 fnt
|faint|p2b: Basculegion
|move|p1a: Dondozo|Wave Crash|p2a: Incineroar
|-supereffective|p2a: Incineroar
|-damage|p2a: Incineroar|0 fnt
|faint|p2a: Incineroar
|-damage|p1a: Dondozo|0 fnt|[from] Recoil
|faint|p1a: Dondozo
|
|-weather|RainDance|[upkeep]
|upkeep
|
|t:|1757797857
|switch|p2b: Archaludon|Archaludon, L50, M, shiny|100/100
|switch|p2a: Pelipper|Pelipper, L50, M, shiny|31/100
|switch|p1a: Volcarona|Volcarona, L50, M|100/100
|turn|5
|
|t:|1757797865
|move|p1b: Sneasler|Dire Claw|p2a: Pelipper
|-damage|p2a: Pelipper|2/100
|-status|p2a: Pelipper|slp
|move|p1a: Volcarona|Quiver Dance|p1a: Volcarona
|-boost|p1a: Volcarona|spa|1
|-boost|p1a: Volcarona|spd|1
|-boost|p1a: Volcarona|spe|1
|move|p2b: Archaludon|Snarl|p1a: Volcarona|[spread] p1a,p1b
|-supereffective|p1b: Sneasler
|-damage|p1a: Volcarona|93/100
|-damage|p1b: Sneasler|0 fnt
|faint|p1b: Sneasler
|cant|p2a: Pelipper|slp
|
|-weather|none
|upkeep
|turn|6
|
|t:|1757797886
|move|p1a: Volcarona|Tera Blast|p2a: Pelipper
|-damage|p2a: Pelipper|0 fnt
|faint|p2a: Pelipper
|move|p2b: Archaludon|Dragon Pulse|p1a: Volcarona
|-damage|p1a: Volcarona|71/100
|
|upkeep
|turn|7
|
|t:|1757797896
|move|p1a: Volcarona|Heat Wave|p2b: Archaludon
|-damage|p2b: Archaludon|56/100
|-ability|p2b: Archaludon|Stamina|boost
|-boost|p2b: Archaludon|def|1
|move|p2b: Archaludon|Dragon Pulse|p1a: Volcarona
|-damage|p1a: Volcarona|49/100
|
|upkeep
|turn|8
|
|t:|1757797904
|move|p1a: Volcarona|Heat Wave|p2b: Archaludon
|-damage|p2b: Archaludon|11/100
|-ability|p2b: Archaludon|Stamina|boost
|-boost|p2b: Archaludon|def|1
|move|p2b: Archaludon|Body Press|p1a: Volcarona
|-resisted|p1a: Volcarona
|-damage|p1a: Volcarona|22/100
|-status|p2b: Archaludon|brn|[from] ability: Flame Body|[of] p1a: Volcarona
|
|-damage|p2b: Archaludon|5/100 brn|[from] brn
|upkeep
|turn|9
|
|t:|1757797918
|move|p1a: Volcarona|Tera Blast|p2b: Archaludon
|-resisted|p2b: Archaludon
|-damage|p2b: Archaludon|0 fnt
|faint|p2b: Archaludon
|
|win|Brendu04
||Brendu04 is ready for game 2.
|l|☆Gaspar8
|player|p2|
||Gaspar8 is ready for game 2.
|uhtml|next|Next: Game 2 of 3
