|j|☆Kennedywuzhere
|j|‽EDJPP
|html|KennedywuzhereEDJPP    
|uhtml|bestof|Game 2 of a best-of-3
|t:|1785876069
|gametype|doubles
|player|p1|Kennedywuzhere|101|1096
|player|p2|EDJPP|volkner|1156
|gen|9
|tier|[Gen 9 Champions] VGC 2026 Reg M-B (Bo3)
|rated|
|rule|Species Clause: Limit one of each Pokémon
|rule|Item Clause: Limit 1 of each item
|clearpoke
|poke|p1|Floette-Eternal, L50, F|
|poke|p1|Scizor, L50, M, shiny|
|poke|p1|Espathra, L50, F|
|poke|p1|Whimsicott, L50, F|
|poke|p1|Milotic, L50, M|
|poke|p1|Annihilape, L50, F, shiny|
|poke|p2|Froslass, L50, F|
|poke|p2|Lycanroc-Dusk, L50, M|
|poke|p2|Sneasler, L50, F|
|poke|p2|Corviknight, L50, M|
|poke|p2|Garchomp, L50, M|
|poke|p2|Tsareena, L50, F|
|teampreview|4
|showteam|p1|Floette-Eternal||Floettite|FlowerVeil|DrainingKiss,LightofRuin,Protect,CalmMind|Modest||F|||50|]Scizor||ShellBell|Technician|KnockOff,SwordsDance,BulletPunch,CloseCombat|Adamant||M|||50|]Espathra||MentalHerb|SpeedBoost|BatonPass,CalmMind,LuminaCrash,Protect|Bold||F|||50|]Whimsicott||FocusSash|Prankster|Encore,Endeavor,LightScreen,Tailwind|Bold||F|||50|]Milotic||Leftovers|Competitive|DrainingKiss,Protect,MuddyWater,IceBeam|Bold||M|||50|]Annihilape||LifeOrb|Defiant|BulkUp,DrainPunch,RageFist,PoisonJab|Adamant||F|||50|
|showteam|p2|Froslass||Froslassite|SnowCloak|Blizzard,Protect,ShadowBall,AuroraVeil|Timid||F|||50|]Lycanroc-Dusk||ExpertBelt|ToughClaws|Accelerock,CloseCombat,RockSlide,Protect|Adamant||M|||50|]Sneasler||WhiteHerb|Unburden|CloseCombat,FakeOut,DireClaw,Protect|Jolly||F|||50|]Corviknight||Leftovers|MirrorArmor|BraveBird,Tailwind,IronHead,Roost|Adamant||M|||50|]Garchomp||ChoiceScarf|RoughSkin|StompingTantrum,DragonClaw,RockTomb,IronHead|Jolly||M|||50|]Tsareena||WideLens|QueenlyMajesty|Taunt,HighJumpKick,PowerWhip,Protect|Jolly||F|||50|
|inactive|Battle timer is ON: inactive players will automatically lose when time's up. (requested by EDJPP)
|
|t:|1785876096
|teamsize|p1|4
|teamsize|p2|4
|start
|switch|p1a: Scizor|Scizor, L50, M, shiny|100/100
|switch|p1b: Annihilape|Annihilape, L50, F, shiny|100/100
|switch|p2a: Corviknight|Corviknight, L50, M|100/100
|switch|p2b: Froslass|Froslass, L50, F|100/100
|turn|1
|
|t:|1785876116
|detailschange|p2b: Froslass|Froslass-Mega, L50, F
|-mega|p2b: Froslass|Froslass|Froslassite
|-weather|Snowscape|[from] ability: Snow Warning|[of] p2b: Froslass
|move|p2b: Froslass|Aurora Veil|p2b: Froslass
|-sidestart|p2: EDJPP|move: Aurora Veil
|move|p1b: Annihilape|Rage Fist|p2b: Froslass
|-supereffective|p2b: Froslass|1
|-damage|p2b: Froslass|50/100g
|-damage|p1b: Annihilape|90/100|[from] item: Life Orb
|move|p1a: Scizor|Swords Dance|p1a: Scizor
|-boost|p1a: Scizor|atk|2
|move|p2a: Corviknight|Brave Bird|p1b: Annihilape
|-supereffective|p1b: Annihilape|1
|-damage|p1b: Annihilape|0 fnt
|faint|p1b: Annihilape
|-damage|p2a: Corviknight|72/100|[from] Recoil
|
|-weather|Snowscape|[upkeep]
|-heal|p2a: Corviknight|78/100|[from] item: Leftovers
|upkeep
|
|t:|1785876138
|switch|p1b: Espathra|Espathra, L50, F|100/100
|turn|2
|
|t:|1785876154
|switch|p2b: Garchomp|Garchomp, L50, M|100/100
|move|p1a: Scizor|Bullet Punch|p2b: Garchomp
|-damage|p2b: Garchomp|57/100
|-damage|p1a: Scizor|87/100|[from] ability: Rough Skin|[of] p2b: Garchomp
|-heal|p1a: Scizor|93/100|[from] item: Shell Bell|[of] p2b: Garchomp
|move|p1b: Espathra|Calm Mind|p1b: Espathra
|-boost|p1b: Espathra|spa|1
|-boost|p1b: Espathra|spd|1
|move|p2a: Corviknight|Brave Bird|p1a: Scizor
|-damage|p1a: Scizor|36/100
|-damage|p2a: Corviknight|64/100|[from] Recoil
|
|-weather|Snowscape|[upkeep]
|-heal|p2a: Corviknight|70/100|[from] item: Leftovers
|-ability|p1b: Espathra|Speed Boost|boost
|-boost|p1b: Espathra|spe|1
|upkeep
|turn|3
|inactive|Kennedywuzhere has 30 seconds left.
|
|t:|1785876186
|switch|p2b: Sneasler|Sneasler, L50, F|100/100
|move|p1a: Scizor|Bullet Punch|p2b: Sneasler
|-damage|p2b: Sneasler|16/100
|-heal|p1a: Scizor|47/100|[from] item: Shell Bell|[of] p2b: Sneasler
|move|p1b: Espathra|Lumina Crash|p2b: Sneasler
|-supereffective|p2b: Sneasler|2
|-crit|p2b: Sneasler
|-damage|p2b: Sneasler|0 fnt
|faint|p2b: Sneasler
|move|p2a: Corviknight|Tailwind|p2a: Corviknight
|-sidestart|p2: EDJPP|move: Tailwind
|
|-weather|Snowscape|[upkeep]
|-heal|p2a: Corviknight|76/100|[from] item: Leftovers
|-ability|p1b: Espathra|Speed Boost|boost
|-boost|p1b: Espathra|spe|1
|upkeep
|inactive|EDJPP has 30 seconds left.
|
|t:|1785876217
|switch|p2b: Garchomp|Garchomp, L50, M|57/100
|turn|4
|
|t:|1785876238
|move|p2b: Garchomp|Stomping Tantrum|p1a: Scizor
|-damage|p1a: Scizor|3/100
|move|p1b: Espathra|Lumina Crash|p2b: Garchomp
|-damage|p2b: Garchomp|22/100
|-unboost|p2b: Garchomp|spd|2
|move|p2a: Corviknight|Brave Bird|p1a: Scizor
|-damage|p1a: Scizor|0 fnt
|faint|p1a: Scizor
|-damage|p2a: Corviknight|75/100|[from] Recoil
|
|-weather|Snowscape|[upkeep]
|-heal|p2a: Corviknight|81/100|[from] item: Leftovers
|-ability|p1b: Espathra|Speed Boost|boost
|-boost|p1b: Espathra|spe|1
|upkeep
|
|t:|1785876256
|switch|p1a: Milotic|Milotic, L50, M|100/100
|turn|5
|
|t:|1785876279
|move|p2b: Garchomp|Stomping Tantrum|p1b: Espathra
|-crit|p1b: Espathra
|-damage|p1b: Espathra|32/100
|move|p1b: Espathra|Lumina Crash|p2b: Garchomp
|-damage|p2b: Garchomp|0 fnt
|faint|p2b: Garchomp
|move|p2a: Corviknight|Brave Bird|p1b: Espathra
|-damage|p1b: Espathra|0 fnt
|faint|p1b: Espathra
|-damage|p2a: Corviknight|72/100|[from] Recoil
|move|p1a: Milotic|Ice Beam|p2a: Corviknight
|-damage|p2a: Corviknight|57/100
|
|-weather|none
|-heal|p2a: Corviknight|62/100|[from] item: Leftovers
|-sideend|p2: EDJPP|move: Aurora Veil
|upkeep
|
|t:|1785876283
|switch|p2b: Froslass|Froslass-Mega, L50, F|50/100g
|-weather|Snowscape|[from] ability: Snow Warning|[of] p2b: Froslass
|turn|6
|
|t:|1785876303
|move|p2b: Froslass|Shadow Ball|p1a: Milotic
|-damage|p1a: Milotic|65/100
|-unboost|p1a: Milotic|spd|1
|-ability|p1a: Milotic|Competitive|boost
|-boost|p1a: Milotic|spa|2
|move|p2a: Corviknight|Brave Bird|p1a: Milotic
|-damage|p1a: Milotic|28/100
|-damage|p2a: Corviknight|51/100|[from] Recoil
|move|p1a: Milotic|Ice Beam|p2a: Corviknight
|-damage|p2a: Corviknight|11/100
|
|-weather|Snowscape|[upkeep]
|-heal|p2a: Corviknight|17/100|[from] item: Leftovers
|-heal|p1a: Milotic|33/100|[from] item: Leftovers
|-sideend|p2: EDJPP|move: Tailwind
|upkeep
|turn|7
|inactive|EDJPP has 30 seconds left.
|
|t:|1785876329
|move|p2b: Froslass|Shadow Ball|p1a: Milotic
|-damage|p1a: Milotic|0 fnt
|faint|p1a: Milotic
|
|win|EDJPP
|raw|Kennedywuzhere's rating: 1096 → 1076(-20 for losing)
|raw|EDJPP's rating: 1156 → 1177(+21 for winning)
