|j|☆mista_b00ze
|j|☆RegiSIXSEVEN
|html|mista_b00zeRegiSIXSEVEN    
|uhtml|bestof|Game 1 of a best-of-3
|t:|1784793535
|gametype|doubles
|player|p1|mista_b00ze|blue|1069
|player|p2|RegiSIXSEVEN|steven|1195
|gen|9
|tier|[Gen 9 Champions] VGC 2026 Reg M-B (Bo3)
|rated|
|rule|Species Clause: Limit one of each Pokémon
|rule|Item Clause: Limit 1 of each item
|clearpoke
|poke|p1|Gengar, L50, M|
|poke|p1|Swampert, L50, F|
|poke|p1|Incineroar, L50, M|
|poke|p1|Politoed, L50, M|
|poke|p1|Archaludon, L50, F|
|poke|p1|Vivillon, L50, F|
|poke|p2|Gengar, L50, M, shiny|
|poke|p2|Swampert, L50, F, shiny|
|poke|p2|Incineroar, L50, M, shiny|
|poke|p2|Politoed, L50, F, shiny|
|poke|p2|Archaludon, L50, F, shiny|
|poke|p2|Vivillon-Elegant, L50, F, shiny|
|teampreview|4
|showteam|p1|Gengar||Gengarite|CursedBody|ShadowBall,PerishSong,SludgeBomb,Protect|Modest||M|||50|]Swampert||Swampertite|Torrent|WaveCrash,Earthquake,IcePunch,Protect|Adamant||F|||50|]Incineroar||PasshoBerry|Intimidate|ThroatChop,PartingShot,FakeOut,Protect|Sassy||M|||50|]Politoed||SitrusBerry|Drizzle|WeatherBall,PerishSong,IceBeam,Protect|Calm||M|||50|]Archaludon||Leftovers|Stamina|DragonPulse,FlashCannon,ElectroShot,Protect|Serious||F|||50|]Vivillon||FocusSash|CompoundEyes|Hurricane,SleepPowder,RagePowder,Protect|Timid||F|||50|
|showteam|p2|Gengar||Gengarite|CursedBody|ShadowBall,SludgeBomb,PerishSong,Protect|Timid||M|||50|]Swampert||Swampertite|Damp|WaveCrash,Earthquake,IcePunch,Protect|Adamant||F|||50|]Incineroar||PasshoBerry|Intimidate|FakeOut,ThroatChop,PartingShot,Protect|Sassy||M|||50|]Politoed||SitrusBerry|Drizzle|WeatherBall,Encore,PerishSong,Protect|Calm||F|||50|]Archaludon||Leftovers|Stamina|DragonPulse,FlashCannon,ElectroShot,Protect|Bold||F|||50|]Vivillon-Elegant||FocusSash|CompoundEyes|Hurricane,SleepPowder,RagePowder,Protect|Timid||F|||50|
|inactive|Battle timer is ON: inactive players will automatically lose when time's up. (requested by RegiSIXSEVEN)
|c|☆mista_b00ze|wow
|c|☆RegiSIXSEVEN|oh no
|inactive|mista_b00ze has 60 seconds left.
|inactive|RegiSIXSEVEN has 60 seconds left.
|c|☆RegiSIXSEVEN|This mirror is a living hell
|c|☆mista_b00ze|on god
|
|t:|1784793593
|teamsize|p1|4
|teamsize|p2|4
|start
|switch|p1a: Incineroar|Incineroar, L50, M|100/100
|switch|p1b: Vivillon|Vivillon, L50, F|100/100
|switch|p2a: Swampert|Swampert, L50, F, shiny|100/100
|switch|p2b: Vivillon|Vivillon-Elegant, L50, F, shiny|100/100
|-ability|p1a: Incineroar|Intimidate|boost
|-unboost|p2a: Swampert|atk|1
|-unboost|p2b: Vivillon|atk|1
|turn|1
|
|t:|1784793616
|detailschange|p2a: Swampert|Swampert-Mega, L50, F, shiny
|-mega|p2a: Swampert|Swampert|Swampertite
|move|p1a: Incineroar|Fake Out|p2b: Vivillon
|-damage|p2b: Vivillon|77/100
|move|p1b: Vivillon|Sleep Powder|p2a: Swampert
|-status|p2a: Swampert|slp|[from] move: Sleep Powder
|cant|p2b: Vivillon|flinch
|cant|p2a: Swampert|slp
|
|upkeep
|turn|2
|
|t:|1784793629
|move|p2b: Vivillon|Sleep Powder|p1b: Vivillon
|-status|p1b: Vivillon|slp|[from] move: Sleep Powder
|cant|p1b: Vivillon|slp
|-curestatus|p2a: Swampert|slp|[msg]
|move|p2a: Swampert|Ice Punch|p1b: Vivillon
|-supereffective|p1b: Vivillon|1
|-damage|p1b: Vivillon|23/100 slp
|move|p1a: Incineroar|Parting Shot|p2a: Swampert
|-unboost|p2a: Swampert|atk|1
|-unboost|p2a: Swampert|spa|1
|
|t:|1784793643
|switch|p1a: Swampert|Swampert, L50, F|100/100|[from] Parting Shot
|
|upkeep
|turn|3
|
|t:|1784793657
|detailschange|p1a: Swampert|Swampert-Mega, L50, F
|-mega|p1a: Swampert|Swampert|Swampertite
|-curestatus|p1b: Vivillon|slp|[msg]
|move|p1b: Vivillon|Rage Powder|p1b: Vivillon
|-singleturn|p1b: Vivillon|move: Rage Powder
|move|p2b: Vivillon|Sleep Powder|p1b: Vivillon
|-status|p1b: Vivillon|slp|[from] move: Sleep Powder
|move|p1a: Swampert|Wave Crash|p2a: Swampert
|-damage|p2a: Swampert|27/100
|-damage|p1a: Swampert|75/100|[from] Recoil
|move|p2a: Swampert|Ice Punch|p1b: Vivillon
|-supereffective|p1b: Vivillon|1
|-damage|p1b: Vivillon|0 fnt
|faint|p1b: Vivillon
|
|upkeep
|
|t:|1784793668
|switch|p1b: Incineroar|Incineroar, L50, M|100/100
|-ability|p1b: Incineroar|Intimidate|boost
|-unboost|p2a: Swampert|atk|1
|-unboost|p2b: Vivillon|atk|1
|turn|4
|
|t:|1784793676
|switch|p2a: Incineroar|Incineroar, L50, M, shiny|100/100
|-ability|p2a: Incineroar|Intimidate|boost
|-unboost|p1a: Swampert|atk|1
|-unboost|p1b: Incineroar|atk|1
|move|p2b: Vivillon|Protect|p2b: Vivillon
|-singleturn|p2b: Vivillon|Protect
|move|p1b: Incineroar|Fake Out|p2b: Vivillon
|-activate|p2b: Vivillon|move: Protect
|move|p1a: Swampert|Wave Crash|p2a: Incineroar
|-supereffective|p2a: Incineroar|1
|-crit|p2a: Incineroar
|-enditem|p2a: Incineroar|Passho Berry|[eat]
|-enditem|p2a: Incineroar|Passho Berry|[weaken]
|-damage|p2a: Incineroar|0 fnt
|faint|p2a: Incineroar
|-damage|p1a: Swampert|37/100|[from] Recoil
|
|upkeep
|
|t:|1784793683
|switch|p2a: Swampert|Swampert-Mega, L50, F, shiny|27/100
|turn|5
|
|t:|1784793700
|move|p1a: Swampert|Protect|p1a: Swampert
|-singleturn|p1a: Swampert|Protect
|move|p2b: Vivillon|Sleep Powder|p1b: Incineroar
|-status|p1b: Incineroar|slp|[from] move: Sleep Powder
|move|p2a: Swampert|Earthquake|p1b: Incineroar|[spread] p1b
|-activate|p1a: Swampert|move: Protect
|-immune|p2b: Vivillon
|-supereffective|p1b: Incineroar|1
|-damage|p1b: Incineroar|13/100 slp
|cant|p1b: Incineroar|slp
|
|upkeep
|turn|6
|
|t:|1784793716
|switch|p1b: Politoed|Politoed, L50, M|100/100
|-weather|RainDance|[from] ability: Drizzle|[of] p1b: Politoed
|move|p1a: Swampert|Wave Crash|p2b: Vivillon
|-damage|p2b: Vivillon|0 fnt
|faint|p2b: Vivillon
|-damage|p1a: Swampert|15/100|[from] Recoil
|move|p2a: Swampert|Earthquake|p1b: Politoed|[spread] p1a,p1b
|-damage|p1a: Swampert|0 fnt
|-damage|p1b: Politoed|50/100g
|faint|p1a: Swampert
|
|-weather|RainDance|[upkeep]
|upkeep
|
|t:|1784793725
|switch|p2b: Archaludon|Archaludon, L50, F, shiny|100/100
|switch|p1a: Incineroar|Incineroar, L50, M|13/100 slp
|-ability|p1a: Incineroar|Intimidate|boost
|-unboost|p2a: Swampert|atk|1
|-unboost|p2b: Archaludon|atk|1
|turn|7
|
|t:|1784793748
|cant|p1a: Incineroar|slp
|move|p2a: Swampert|Earthquake|p1a: Incineroar|[spread] p2b,p1a,p1b
|-supereffective|p2b: Archaludon|1
|-supereffective|p1a: Incineroar|1
|-damage|p2b: Archaludon|57/100
|-damage|p1a: Incineroar|0 fnt
|-damage|p1b: Politoed|17/100
|-ability|p2b: Archaludon|Stamina|boost
|-boost|p2b: Archaludon|def|1
|-enditem|p1b: Politoed|Sitrus Berry|[eat]
|-heal|p1b: Politoed|42/100|[from] item: Sitrus Berry
|faint|p1a: Incineroar
|move|p2b: Archaludon|Electro Shot||[still]
|-prepare|p2b: Archaludon|Electro Shot
|-boost|p2b: Archaludon|spa|1
|-anim|p2b: Archaludon|Electro Shot|p1b: Politoed
|-supereffective|p1b: Politoed|1
|-damage|p1b: Politoed|0 fnt
|faint|p1b: Politoed
|
|win|RegiSIXSEVEN
