|j|☆3ChrisTresTigres
|j|☆Weare17
|html|3ChrisTresTigresWeare17    
|uhtml|bestof|Game 1 of a best-of-3
|t:|1784200553
|gametype|doubles
|player|p1|3ChrisTresTigres|flannery|1153
|player|p2|Weare17|1|1320
|gen|9
|tier|[Gen 9 Champions] VGC 2026 Reg M-B (Bo3)
|rated|
|rule|Species Clause: Limit one of each Pokémon
|rule|Item Clause: Limit 1 of each item
|clearpoke
|poke|p1|Blastoise, L50, M|
|poke|p1|Delphox, L50, M, shiny|
|poke|p1|Incineroar, L50, M|
|poke|p1|Sneasler, L50, M|
|poke|p1|Sinistcha, L50|
|poke|p1|Kingambit, L50, M|
|poke|p2|Ninetales-Alola, L50, F|
|poke|p2|Delphox, L50, M|
|poke|p2|Milotic, L50, F|
|poke|p2|Malamar, L50, F|
|poke|p2|Mawile, L50, F|
|poke|p2|Aerodactyl, L50, M|
|teampreview|4
|showteam|p1|Blastoise||Blastoisinite|RainDish|WaterSpout,DarkPulse,ShellSmash,Protect|Modest||M|||50|]Delphox||Delphoxite|Blaze|HeatWave,Psyshock,NastyPlot,Protect|Timid||M|||50|]Incineroar||SitrusBerry|Intimidate|FakeOut,FlareBlitz,ThroatChop,PartingShot|Impish||M|||50|]Sneasler||FocusSash|PoisonTouch|FakeOut,CloseCombat,DireClaw,QuickGuard|Jolly||M|||50|]Sinistcha||KasibBerry|Hospitality|MatchaGotcha,LifeDew,RagePowder,Protect|Bold|||||50|]Kingambit||BlackGlasses|Defiant|KowtowCleave,SuckerPunch,LowSweep,IronHead|Adamant||M|||50|
|showteam|p2|Ninetales-Alola||LightClay|SnowWarning|Protect,Encore,AuroraVeil,Blizzard|Timid||F|||50|]Delphox||Delphoxite|Magician|Protect,NastyPlot,HeatWave,Psychic|Timid||M|||50|]Milotic||Leftovers|Competitive|Coil,MuddyWater,Hypnosis,IcyWind|Bold||F|||50|]Malamar||RoseliBerry|Contrary|Protect,Superpower,KnockOff,TrickRoom|Adamant||F|||50|]Mawile||Mawilite|Intimidate|Protect,SuckerPunch,PlayRough,IronHead|Brave||F|||50|]Aerodactyl||FocusSash|Unnerve|Tailwind,WideGuard,RockSlide,DualWingbeat|Jolly||M|||50|
|
|t:|1784200596
|teamsize|p1|4
|teamsize|p2|4
|start
|switch|p1a: Blastoise|Blastoise, L50, M|100/100
|switch|p1b: Sinistcha|Sinistcha, L50|100/100
|switch|p2a: Delphox|Delphox, L50, M|100/100
|switch|p2b: Milotic|Milotic, L50, F|100/100
|turn|1
|inactive|Battle timer is ON: inactive players will automatically lose when time's up. (requested by Weare17)
|
|t:|1784200613
|detailschange|p2a: Delphox|Delphox-Mega, L50, M
|-mega|p2a: Delphox|Delphox|Delphoxite
|detailschange|p1a: Blastoise|Blastoise-Mega, L50, M
|-mega|p1a: Blastoise|Blastoise|Blastoisinite
|move|p2a: Delphox|Heat Wave|p1b: Sinistcha|[spread] p1a,p1b
|-resisted|p1a: Blastoise|1
|-supereffective|p1b: Sinistcha|1
|-damage|p1a: Blastoise|78/100
|-damage|p1b: Sinistcha|19/100
|move|p1a: Blastoise|Shell Smash|p1a: Blastoise
|-unboost|p1a: Blastoise|def|1
|-unboost|p1a: Blastoise|spd|1
|-boost|p1a: Blastoise|atk|2
|-boost|p1a: Blastoise|spa|2
|-boost|p1a: Blastoise|spe|2
|move|p2b: Milotic|Coil|p2b: Milotic
|-boost|p2b: Milotic|atk|1
|-boost|p2b: Milotic|def|1
|-boost|p2b: Milotic|accuracy|1
|move|p1b: Sinistcha|Matcha Gotcha|p2a: Delphox|[spread] p2a,p2b
|-resisted|p2a: Delphox|1
|-supereffective|p2b: Milotic|1
|-damage|p2a: Delphox|87/100
|-heal|p1b: Sinistcha|24/100|[from] drain|[of] p2a: Delphox
|-damage|p2b: Milotic|64/100
|-heal|p1b: Sinistcha|44/100|[from] drain|[of] p2b: Milotic
|
|-heal|p2b: Milotic|70/100|[from] item: Leftovers
|upkeep
|turn|2
|inactive|3ChrisTresTigres has 30 seconds left.
|
|t:|1784200644
|move|p1a: Blastoise|Protect|p1a: Blastoise
|-singleturn|p1a: Blastoise|Protect
|move|p2a: Delphox|Protect|p2a: Delphox
|-singleturn|p2a: Delphox|Protect
|move|p1b: Sinistcha|Protect|p1b: Sinistcha
|-singleturn|p1b: Sinistcha|Protect
|move|p2b: Milotic|Hypnosis|p1a: Blastoise
|-activate|p1a: Blastoise|move: Protect
|
|-heal|p2b: Milotic|76/100|[from] item: Leftovers
|upkeep
|turn|3
|
|t:|1784200660
|switch|p2a: Ninetales|Ninetales-Alola, L50, F|100/100
|-weather|Snowscape|[from] ability: Snow Warning|[of] p2a: Ninetales
|move|p1b: Sinistcha|Rage Powder|p1b: Sinistcha
|-singleturn|p1b: Sinistcha|move: Rage Powder
|move|p1a: Blastoise|Water Spout|p2b: Milotic|[spread] p2a,p2b
|-resisted|p2b: Milotic|1
|-damage|p2a: Ninetales|0 fnt
|-damage|p2b: Milotic|41/100
|faint|p2a: Ninetales
|move|p2b: Milotic|Icy Wind|p1b: Sinistcha|[spread] p1a,p1b
|-resisted|p1a: Blastoise|1
|-supereffective|p1b: Sinistcha|1
|-damage|p1a: Blastoise|70/100
|-damage|p1b: Sinistcha|25/100
|-unboost|p1a: Blastoise|spe|1
|-unboost|p1b: Sinistcha|spe|1
|
|-weather|Snowscape|[upkeep]
|-heal|p2b: Milotic|47/100|[from] item: Leftovers
|upkeep
|
|t:|1784200675
|switch|p2a: Malamar|Malamar, L50, F|100/100
|turn|4
|
|t:|1784200682
|move|p1a: Blastoise|Water Spout|p2b: Milotic|[spread] p2a,p2b
|-resisted|p2b: Milotic|1
|-damage|p2a: Malamar|3/100
|-damage|p2b: Milotic|17/100
|move|p2b: Milotic|Icy Wind|p1b: Sinistcha|[spread] p1a,p1b
|-resisted|p1a: Blastoise|1
|-supereffective|p1b: Sinistcha|1
|-damage|p1a: Blastoise|64/100
|-damage|p1b: Sinistcha|6/100
|-unboost|p1a: Blastoise|spe|1
|-unboost|p1b: Sinistcha|spe|1
|move|p2a: Malamar|Superpower|p1a: Blastoise
|-damage|p1a: Blastoise|21/100
|-boost|p2a: Malamar|atk|1
|-boost|p2a: Malamar|def|1
|move|p1b: Sinistcha|Life Dew|p1b: Sinistcha|[spread] p1a,p1b
|-heal|p1a: Blastoise|46/100
|-heal|p1b: Sinistcha|32/100
|
|-weather|Snowscape|[upkeep]
|-heal|p2b: Milotic|23/100|[from] item: Leftovers
|upkeep
|turn|5
|
|t:|1784200706
|move|p1a: Blastoise|Water Spout|p2a: Malamar|[spread] p2a,p2b
|-resisted|p2b: Milotic|1
|-damage|p2a: Malamar|0 fnt
|-damage|p2b: Milotic|3/100
|faint|p2a: Malamar
|move|p2b: Milotic|Icy Wind|p1a: Blastoise|[spread] p1a,p1b
|-resisted|p1a: Blastoise|1
|-supereffective|p1b: Sinistcha|1
|-damage|p1a: Blastoise|39/100
|-damage|p1b: Sinistcha|14/100
|-unboost|p1a: Blastoise|spe|1
|-unboost|p1b: Sinistcha|spe|1
|move|p1b: Sinistcha|Life Dew|p1b: Sinistcha|[spread] p1a,p1b
|-heal|p1a: Blastoise|64/100
|-heal|p1b: Sinistcha|39/100
|
|-weather|Snowscape|[upkeep]
|-heal|p2b: Milotic|9/100|[from] item: Leftovers
|upkeep
|
|t:|1784200717
|switch|p2a: Delphox|Delphox-Mega, L50, M|87/100
|turn|6
|
|t:|1784200730
|move|p2a: Delphox|Protect|p2a: Delphox
|-singleturn|p2a: Delphox|Protect
|move|p1a: Blastoise|Protect|p1a: Blastoise
|-singleturn|p1a: Blastoise|Protect
|move|p1b: Sinistcha|Protect|p1b: Sinistcha
|-singleturn|p1b: Sinistcha|Protect
|move|p2b: Milotic|Hypnosis|p1b: Sinistcha
|-activate|p1b: Sinistcha|move: Protect
|
|-weather|Snowscape|[upkeep]
|-heal|p2b: Milotic|15/100|[from] item: Leftovers
|upkeep
|turn|7
|
|t:|1784200745
|move|p1b: Sinistcha|Rage Powder|p1b: Sinistcha
|-singleturn|p1b: Sinistcha|move: Rage Powder
|move|p2a: Delphox|Heat Wave|p1a: Blastoise|[spread] p1a,p1b
|-resisted|p1a: Blastoise|1
|-supereffective|p1b: Sinistcha|1
|-damage|p1a: Blastoise|31/100
|-damage|p1b: Sinistcha|0 fnt
|faint|p1b: Sinistcha
|move|p2b: Milotic|Hypnosis|p1a: Blastoise|[miss]
|-miss|p2b: Milotic|p1a: Blastoise
|move|p1a: Blastoise|Dark Pulse|p2a: Delphox
|-supereffective|p2a: Delphox|1
|-damage|p2a: Delphox|0 fnt
|faint|p2a: Delphox
|
|-weather|none
|-heal|p2b: Milotic|21/100|[from] item: Leftovers
|upkeep
|
|t:|1784200758
|switch|p1b: Kingambit|Kingambit, L50, M|100/100
|turn|8
|
|t:|1784200764
|move|p2b: Milotic|Muddy Water|p1a: Blastoise|[spread] p1a,p1b
|-resisted|p1a: Blastoise|1
|-crit|p1b: Kingambit
|-damage|p1a: Blastoise|15/100
|-damage|p1b: Kingambit|63/100
|move|p1a: Blastoise|Dark Pulse|p2b: Milotic
|-damage|p2b: Milotic|0 fnt
|faint|p2b: Milotic
|
|win|3ChrisTresTigres
||Weare17 is ready for game 2.
||3ChrisTresTigres is ready for game 2.
|uhtml|next|Next: Game 2 of 3
