|j|☆Champ.Braeden
|j|☆Gamma_90
|html|Champ.BraedenGamma_90    
|uhtml|bestof|Game 2 of a best-of-3
|t:|1756670009
|gametype|doubles
|player|p1|Champ.Braeden|hoopster|1114
|player|p2|Gamma_90|1|1121
|gen|9
|tier|[Gen 9] VGC 2025 Reg H (Bo3)
|rated|
|rule|Species Clause: Limit one of each Pokémon
|rule|Item Clause: Limit 1 of each item
|clearpoke
|poke|p1|Dragonite, L50, M|
|poke|p1|Pelipper, L50, F|
|poke|p1|Archaludon, L50, F|
|poke|p1|Basculegion, L50, M|
|poke|p1|Incineroar, L50, M|
|poke|p1|Farigiraf, L50, F|
|poke|p2|Meowscarada, L50, F|
|poke|p2|Volcarona, L50, M|
|poke|p2|Primarina, L50, F|
|poke|p2|Gholdengo, L50|
|poke|p2|Ursaluna, L50, M|
|poke|p2|Porygon2, L50|
|teampreview|4
|showteam|p1|Dragonite||LoadedDice|InnerFocus|ScaleShot,LowKick,Haze,Protect|||M|||50|,,,,,Fairy]Pelipper||FocusSash|Drizzle|MuddyWater,Hurricane,Tailwind,Protect|||F|||50|,,,,,Dark]Archaludon||AssaultVest|Stamina|ElectroShot,DracoMeteor,FlashCannon,BodyPress|||F|||50|,,,,,Fighting]Basculegion||LifeOrb|SwiftSwim|WaveCrash,LastRespects,AquaJet,Protect|||M|||50|,,,,,Water]Incineroar||SafetyGoggles|Intimidate|KnockOff,Taunt,FakeOut,PartingShot|||M|||50|,,,,,Ghost]Farigiraf||ThroatSpray|ArmorTail|HyperVoice,Imprison,TrickRoom,PsychicNoise|||F|||50|,,,,,Dark
|showteam|p2|Meowscarada||ChoiceBand|Protean|FlowerTrick,KnockOff,LowKick,Uturn|||F|||50|,,,,,Ghost]Volcarona||SitrusBerry|FlameBody|Overheat,Tailwind,RagePowder,Protect|||M|||50|,,,,,Dragon]Primarina||LifeOrb|LiquidVoice|HyperVoice,Moonblast,Haze,Protect|||F|||50|,,,,,Grass]Gholdengo||MetalCoat|GoodasGold|MakeItRain,ShadowBall,NastyPlot,Protect||||||50|,,,,,Water]Ursaluna||FlameOrb|Guts|Facade,HeadlongRush,Earthquake,Protect|||M|||50|,,,,,Ghost]Porygon2||Eviolite|Download|TeraBlast,TrickRoom,Recover,IceBeam||||||50|,,,,,Fighting
|inactive|Battle timer is ON: inactive players will automatically lose when time's up. (requested by Gamma_90)
|
|t:|1756670017
|teamsize|p1|4
|teamsize|p2|4
|start
|switch|p1a: Farigiraf|Farigiraf, L50, F|100/100
|switch|p1b: Pelipper|Pelipper, L50, F|100/100
|switch|p2a: Meowscarada|Meowscarada, L50, F|100/100
|switch|p2b: Porygon2|Porygon2, L50|100/100
|-weather|RainDance|[from] ability: Drizzle|[of] p1b: Pelipper
|-ability|p2b: Porygon2|Download|boost
|-boost|p2b: Porygon2|spa|1
|turn|1
|l|☆Champ.Braeden
|inactive|Champ.Braeden disconnected and has a minute to reconnect!
|player|p1|
|j|☆Champ.Braeden
|inactive|Champ.Braeden reconnected and has 45 seconds left.
|player|p1|Champ.Braeden|hoopster|
|inactive|Champ.Braeden has 30 seconds left.
|
|t:|1756670049
|switch|p1a: Archaludon|Archaludon, L50, F|100/100
|move|p2a: Meowscarada|U-turn|p1a: Archaludon
|-start|p2a: Meowscarada|typechange|Bug|[from] ability: Protean
|-resisted|p1a: Archaludon
|-damage|p1a: Archaludon|82/100
|-ability|p1a: Archaludon|Stamina|boost
|-boost|p1a: Archaludon|def|1
|
|t:|1756670058
|switch|p2a: Ursaluna|Ursaluna, L50, M|100/100|[from] U-turn
|move|p1b: Pelipper|Muddy Water|p2a: Ursaluna|[spread] p2a,p2b
|-supereffective|p2a: Ursaluna
|-damage|p2a: Ursaluna|19/100
|-damage|p2b: Porygon2|72/100
|move|p2b: Porygon2|Trick Room|p2b: Porygon2
|-fieldstart|move: Trick Room|[of] p2b: Porygon2
|
|-weather|RainDance|[upkeep]
|-status|p2a: Ursaluna|brn|[from] item: Flame Orb
|upkeep
|turn|2
|l|☆Champ.Braeden
|inactive|Champ.Braeden disconnected and has a minute to reconnect!
|player|p1|
|j|☆Champ.Braeden
|inactive|Champ.Braeden reconnected and has 50 seconds left.
|player|p1|Champ.Braeden|hoopster|
|inactive|Champ.Braeden has 30 seconds left.
|inactive|Gamma_90 has 30 seconds left.
|
|t:|1756670087
|-terastallize|p1a: Archaludon|Fighting
|move|p2a: Ursaluna|Protect|p2a: Ursaluna
|-singleturn|p2a: Ursaluna|Protect
|move|p2b: Porygon2|Tera Blast|p1b: Pelipper
|-damage|p1b: Pelipper|8/100
|move|p1b: Pelipper|Muddy Water|p2a: Ursaluna|[spread] p2b
|-activate|p2a: Ursaluna|move: Protect
|-damage|p2b: Porygon2|42/100
|move|p1a: Archaludon|Body Press|p2b: Porygon2
|-supereffective|p2b: Porygon2
|-damage|p2b: Porygon2|0 fnt
|faint|p2b: Porygon2
|
|-weather|RainDance|[upkeep]
|-damage|p2a: Ursaluna|13/100 brn|[from] brn
|upkeep
|
|t:|1756670093
|switch|p2b: Primarina|Primarina, L50, F|100/100
|turn|3
|inactive|Gamma_90 has 30 seconds left.
|
|t:|1756670123
|move|p1b: Pelipper|Protect|p1b: Pelipper
|-singleturn|p1b: Pelipper|Protect
|move|p2a: Ursaluna|Facade|p1a: Archaludon
|-damage|p1a: Archaludon|21/100
|-ability|p1a: Archaludon|Stamina|boost
|-boost|p1a: Archaludon|def|1
|move|p2b: Primarina|Hyper Voice|p1b: Pelipper|[spread] p1a
|-activate|p1b: Pelipper|move: Protect
|-damage|p1a: Archaludon|0 fnt
|faint|p1a: Archaludon
|-damage|p2b: Primarina|91/100|[from] item: Life Orb
|
|-weather|RainDance|[upkeep]
|-damage|p2a: Ursaluna|7/100 brn|[from] brn
|upkeep
|
|t:|1756670139
|switch|p1a: Basculegion|Basculegion, L50, M|100/100
|turn|4
|
|t:|1756670150
|switch|p1b: Farigiraf|Farigiraf, L50, F|100/100
|move|p2a: Ursaluna|Protect|p2a: Ursaluna
|-singleturn|p2a: Ursaluna|Protect
|move|p1a: Basculegion|Aqua Jet|p2a: Ursaluna
|-activate|p2a: Ursaluna|move: Protect
|move|p2b: Primarina|Hyper Voice|p1a: Basculegion|[spread] p1a,p1b
|-resisted|p1a: Basculegion
|-damage|p1a: Basculegion|63/100
|-damage|p1b: Farigiraf|35/100
|-damage|p2b: Primarina|81/100|[from] item: Life Orb
|
|-weather|RainDance|[upkeep]
|-damage|p2a: Ursaluna|1/100 brn|[from] brn
|upkeep
|turn|5
|
|t:|1756670172
|move|p1a: Basculegion|Protect|p1a: Basculegion
|-singleturn|p1a: Basculegion|Protect
|move|p2a: Ursaluna|Facade|p1b: Farigiraf
|-damage|p1b: Farigiraf|0 fnt
|faint|p1b: Farigiraf
|move|p2b: Primarina|Hyper Voice|p1a: Basculegion
|-activate|p1a: Basculegion|move: Protect
|
|-weather|none
|-damage|p2a: Ursaluna|0 fnt|[from] brn
|faint|p2a: Ursaluna
|-fieldend|move: Trick Room
|upkeep
|
|t:|1756670181
|switch|p1b: Pelipper|Pelipper, L50, F|8/100
|switch|p2a: Meowscarada|Meowscarada, L50, F|100/100
|-weather|RainDance|[from] ability: Drizzle|[of] p1b: Pelipper
|turn|6
|
|t:|1756670197
|move|p1a: Basculegion|Wave Crash|p2a: Meowscarada
|-resisted|p2a: Meowscarada
|-damage|p2a: Meowscarada|6/100
|-damage|p1a: Basculegion|39/100|[from] Recoil
|-damage|p1a: Basculegion|30/100|[from] item: Life Orb
|move|p2a: Meowscarada|Flower Trick|p1a: Basculegion
|-start|p2a: Meowscarada|typechange|Grass|[from] ability: Protean
|-supereffective|p1a: Basculegion
|-crit|p1a: Basculegion
|-damage|p1a: Basculegion|0 fnt
|faint|p1a: Basculegion
|move|p1b: Pelipper|Hurricane|p2b: Primarina
|-damage|p2b: Primarina|42/100
|move|p2b: Primarina|Hyper Voice|p1b: Pelipper
|-resisted|p1b: Pelipper
|-damage|p1b: Pelipper|0 fnt
|faint|p1b: Pelipper
|-damage|p2b: Primarina|33/100|[from] item: Life Orb
|
|win|Gamma_90
||Champ.Braeden is ready for game 3.
|inactive|Gamma_90 has 30 seconds to confirm battle start!
||Gamma_90 is ready for game 3.
|uhtml|next|Next: Game 3 of 3
|l|☆Champ.Braeden
|player|p1|
