|j|☆sum1dum
|j|☆TheRealEmilyRose
|html|sum1dumTheRealEmilyRose    
|uhtml|bestof|Game 3 of a best-of-3
|t:|1783111510
|gametype|doubles
|player|p1|sum1dum|rosa|1151
|player|p2|TheRealEmilyRose|dawn|1140
|gen|9
|tier|[Gen 9 Champions] VGC 2026 Reg M-B (Bo3)
|rated|
|rule|Species Clause: Limit one of each Pokémon
|rule|Item Clause: Limit 1 of each item
|clearpoke
|poke|p1|Gliscor, L50, F|
|poke|p1|Primarina, L50, M|
|poke|p1|Metagross, L50|
|poke|p1|Ninetales-Alola, L50, F|
|poke|p1|Incineroar, L50, F|
|poke|p1|Sinistcha, L50|
|poke|p2|Grimmsnarl, L50, M|
|poke|p2|Charizard, L50, F|
|poke|p2|Garchomp, L50, F|
|poke|p2|Gholdengo, L50|
|poke|p2|Kingambit, L50, M|
|poke|p2|Sneasler, L50, M|
|teampreview|4
|showteam|p1|Gliscor||LifeOrb|HyperCutter|DualWingbeat,HighHorsepower,Protect,RockSlide|Jolly||F|||50|]Primarina||Leftovers|LiquidVoice|CalmMind,HyperVoice,Moonblast,Protect|Modest||M|||50|]Metagross||Metagrossite|ClearBody|BulletPunch,IronHead,Protect,PsychicFangs|Jolly|||||50|]Ninetales-Alola||LightClay|SnowWarning|AuroraVeil,FreezeDry,Moonblast,Protect|Timid||F|||50|]Incineroar||ChopleBerry|Intimidate|FakeOut,FlareBlitz,DarkestLariat,PartingShot|Impish||F|||50|]Sinistcha||SitrusBerry|Hospitality|MatchaGotcha,Protect,LifeDew,RagePowder|Bold|||||50|
|showteam|p2|Grimmsnarl||IronBall|Prankster|SpiritBreak,Reflect,LightScreen,Trick|Careful||M|||50|]Charizard||CharizarditeY|Blaze|HeatWave,WeatherBall,SolarBeam,Protect|Modest||F|||50|]Garchomp||LifeOrb|RoughSkin|Earthquake,DragonClaw,RockSlide,Protect|Jolly||F|||50|]Gholdengo||ChoiceScarf|GoodasGold|MakeItRain,ShadowBall,PowerGem,Psychic|Modest|||||50|]Kingambit||BlackGlasses|Defiant|KowtowCleave,SuckerPunch,SwordsDance,Protect|Adamant||M|||50|]Sneasler||FocusSash|PoisonTouch|FakeOut,DireClaw,CloseCombat,Protect|Jolly||M|||50|
|inactive|Battle timer is ON: inactive players will automatically lose when time's up. (requested by sum1dum)
|inactive|TheRealEmilyRose also wants the timer to be on.
|inactive|sum1dum has 60 seconds left.
|
|t:|1783111543
|teamsize|p1|4
|teamsize|p2|4
|start
|switch|p1a: Bravery|Gliscor, L50, F|100/100
|switch|p1b: Justice|Incineroar, L50, F|100/100
|switch|p2a: Grimmsnarl|Grimmsnarl, L50, M|100/100
|switch|p2b: Gholdengo|Gholdengo, L50|100/100
|-ability|p1b: Justice|Intimidate|boost
|-unboost|p2a: Grimmsnarl|atk|1
|-unboost|p2b: Gholdengo|atk|1
|turn|1
|inactive|TheRealEmilyRose has 30 seconds left.
|
|t:|1783111570
|move|p1b: Justice|Fake Out|p2a: Grimmsnarl
|-damage|p2a: Grimmsnarl|86/100
|cant|p2a: Grimmsnarl|flinch
|move|p2b: Gholdengo|Power Gem|p1b: Justice
|-supereffective|p1b: Justice|1
|-damage|p1b: Justice|51/100
|move|p1a: Bravery|High Horsepower|p2b: Gholdengo
|-supereffective|p2b: Gholdengo|1
|-damage|p2b: Gholdengo|0 fnt
|faint|p2b: Gholdengo
|-damage|p1a: Bravery|90/100|[from] item: Life Orb
|
|upkeep
|
|t:|1783111584
|switch|p2b: Garchomp|Garchomp, L50, F|100/100
|turn|2
|
|t:|1783111598
|switch|p1b: Patience|Primarina, L50, M|100/100
|move|p1a: Bravery|Protect|p1a: Bravery
|-singleturn|p1a: Bravery|Protect
|move|p2a: Grimmsnarl|Trick|p1a: Bravery
|-activate|p1a: Bravery|move: Protect
|move|p2b: Garchomp|Rock Slide|p1a: Bravery|[spread] p1b
|-activate|p1a: Bravery|move: Protect
|-damage|p1b: Patience|73/100
|-damage|p2b: Garchomp|90/100|[from] item: Life Orb
|
|-heal|p1b: Patience|79/100|[from] item: Leftovers
|upkeep
|turn|3
|
|t:|1783111618
|switch|p1a: Justice|Incineroar, L50, F|51/100
|-ability|p1a: Justice|Intimidate|boost
|-unboost|p2a: Grimmsnarl|atk|1
|-unboost|p2b: Garchomp|atk|1
|move|p2b: Garchomp|Protect|p2b: Garchomp
|-singleturn|p2b: Garchomp|Protect
|move|p1b: Patience|Protect|p1b: Patience
|-singleturn|p1b: Patience|Protect
|move|p2a: Grimmsnarl|Trick|p1b: Patience
|-activate|p1b: Patience|move: Protect
|
|-heal|p1b: Patience|85/100|[from] item: Leftovers
|upkeep
|turn|4
|inactive|TheRealEmilyRose has 30 seconds left.
|
|t:|1783111647
|switch|p2a: Charizard|Charizard, L50, F|100/100
|move|p1a: Justice|Fake Out|p2a: Charizard
|-damage|p2a: Charizard|83/100
|move|p2b: Garchomp|Earthquake|p1a: Justice|[spread] p1a,p1b
|-immune|p2a: Charizard
|-supereffective|p1a: Justice|1
|-damage|p1a: Justice|0 fnt
|-damage|p1b: Patience|50/100g
|faint|p1a: Justice
|-damage|p2b: Garchomp|80/100|[from] item: Life Orb
|move|p1b: Patience|Moonblast|p2a: Charizard
|-resisted|p2a: Charizard|1
|-damage|p2a: Charizard|50/100g
|
|-heal|p1b: Patience|56/100|[from] item: Leftovers
|upkeep
|
|t:|1783111650
|switch|p1a: Bravery|Gliscor, L50, F|90/100
|turn|5
|
|t:|1783111675
|detailschange|p2a: Charizard|Charizard-Mega-Y, L50, F
|-mega|p2a: Charizard|Charizard|Charizardite Y
|-weather|SunnyDay|[from] ability: Drought|[of] p2a: Charizard
|move|p2b: Garchomp|Dragon Claw|p1a: Bravery
|-damage|p1a: Bravery|55/100
|-damage|p2b: Garchomp|70/100|[from] item: Life Orb
|move|p1a: Bravery|Rock Slide|p2b: Garchomp|[spread] p2a,p2b
|-supereffective|p2a: Charizard|2
|-resisted|p2b: Garchomp|1
|-damage|p2a: Charizard|0 fnt
|-damage|p2b: Garchomp|59/100
|faint|p2a: Charizard
|-damage|p1a: Bravery|45/100|[from] item: Life Orb
|move|p1b: Patience|Moonblast|p2b: Garchomp
|-supereffective|p2b: Garchomp|1
|-damage|p2b: Garchomp|0 fnt
|faint|p2b: Garchomp
|
|-weather|SunnyDay|[upkeep]
|-heal|p1b: Patience|62/100|[from] item: Leftovers
|upkeep
|
|t:|1783111693
|switch|p2a: Grimmsnarl|Grimmsnarl, L50, M|86/100
|turn|6
|
|t:|1783111699
|move|p1a: Bravery|High Horsepower|p2a: Grimmsnarl
|-damage|p2a: Grimmsnarl|30/100
|-damage|p1a: Bravery|35/100|[from] item: Life Orb
|move|p1b: Patience|Moonblast|p2a: Grimmsnarl
|-supereffective|p2a: Grimmsnarl|1
|-crit|p2a: Grimmsnarl
|-damage|p2a: Grimmsnarl|0 fnt
|faint|p2a: Grimmsnarl
|
|win|sum1dum
|raw|sum1dum's rating: 1151 → 1175(+24 for winning)
|raw|TheRealEmilyRose's rating: 1140 → 1116(-24 for losing)
