|j|‽Poly67
|j|☆Someoneofficial
|html|Poly67Someoneofficial    
|uhtml|bestof|Game 1 of a best-of-3
|t:|1783047349
|gametype|doubles
|player|p1|Poly67|striker|1000
|player|p2|Someoneofficial|gentleman-gen4|1092
|gen|9
|tier|[Gen 9 Champions] VGC 2026 Reg M-B (Bo3)
|rated|
|rule|Species Clause: Limit one of each Pokémon
|rule|Item Clause: Limit 1 of each item
|clearpoke
|poke|p1|Sceptile, L50, M, shiny|
|poke|p1|Toxapex, L50, F, shiny|
|poke|p1|Pelipper, L50, M, shiny|
|poke|p1|Beartic, L50, F|
|poke|p1|Primarina, L50, M|
|poke|p1|Jolteon, L50, M|
|poke|p2|Raichu, L50, M, shiny|
|poke|p2|Floette-Eternal, L50, F, shiny|
|poke|p2|Mamoswine, L50, M, shiny|
|poke|p2|Ceruledge, L50, M, shiny|
|poke|p2|Maushold-Four, L50, shiny|
|poke|p2|Kingambit, L50, M, shiny|
|teampreview|4
|showteam|p1|Sceptile||Sceptilite|Overgrow|EnergyBall,DragonPulse,EarthPower,Detect|Timid||M|||50|]Toxapex||Leftovers|Regenerator|Toxic,Stockpile,Recover,BanefulBunker|Calm||F|||50|]Pelipper||FocusSash|Drizzle|Hurricane,WeatherBall,WideGuard,Protect|Modest||M|||50|]Beartic||LifeOrb|SwiftSwim|IcicleCrash,CloseCombat,AquaJet,Protect|Adamant||F|||50|]Primarina||MysticWater|LiquidVoice|HyperVoice,Moonblast,CalmMind,Protect|Modest||M|||50|]Jolteon||Magnet|VoltAbsorb|Discharge,Thunder,VoltSwitch,Detect|Timid||M|||50|
|showteam|p2|Raichu||RaichuniteY|LightningRod|FakeOut,Protect,FocusBlast,ZapCannon|Timid||M|||50|]Floette-Eternal||Floettite|FlowerVeil|Protect,DazzlingGleam,CalmMind,Moonblast|Modest||F|||50|]Mamoswine||LifeOrb|Oblivious|HighHorsepower,IceShard,IcicleCrash,Protect|Jolly||M|||50|]Ceruledge||ColburBerry|FlashFire|BitterBlade,ShadowSneak,BulkUp,Protect|Adamant||M|||50|]Maushold-Four||ChopleBerry|FriendGuard|Protect,Feint,FollowMe,HelpingHand|Careful|||||50|]Kingambit||FocusSash|Defiant|IronHead,KowtowCleave,SuckerPunch,LowKick|Adamant||M|||50|
|inactive|Battle timer is ON: inactive players will automatically lose when time's up. (requested by Someoneofficial)
|
|t:|1783047443
|teamsize|p1|4
|teamsize|p2|4
|start
|switch|p1a: Pelipper|Pelipper, L50, M, shiny|100/100
|switch|p1b: Primarina|Primarina, L50, M|100/100
|switch|p2a: Raichu|Raichu, L50, M, shiny|100/100
|switch|p2b: Mamoswine|Mamoswine, L50, M, shiny|100/100
|-weather|RainDance|[from] ability: Drizzle|[of] p1a: Pelipper
|turn|1
|
|t:|1783047460
|switch|p2b: Kingambit|Kingambit, L50, M, shiny|100/100
|detailschange|p2a: Raichu|Raichu-Mega-Y, L50, M, shiny
|-mega|p2a: Raichu|Raichu|Raichunite Y
|move|p1a: Pelipper|Protect|p1a: Pelipper
|-singleturn|p1a: Pelipper|Protect
|move|p1b: Primarina|Protect|p1b: Primarina
|-singleturn|p1b: Primarina|Protect
|move|p2a: Raichu|Fake Out|p1a: Pelipper
|-activate|p1a: Pelipper|move: Protect
|
|-weather|RainDance|[upkeep]
|upkeep
|turn|2
|
|t:|1783047483
|switch|p1b: Sceptile|Sceptile, L50, M, shiny|100/100
|move|p2a: Raichu|Zap Cannon|p1b: Sceptile
|-resisted|p1b: Sceptile|1
|-damage|p1b: Sceptile|55/100
|-status|p1b: Sceptile|par
|move|p2b: Kingambit|Kowtow Cleave|p1a: Pelipper
|-crit|p1a: Pelipper
|-damage|p1a: Pelipper|19/100
|move|p1a: Pelipper|Weather Ball|p2b: Kingambit
|-damage|p2b: Kingambit|23/100
|
|-weather|RainDance|[upkeep]
|upkeep
|turn|3
|
|t:|1783047507
|detailschange|p1b: Sceptile|Sceptile-Mega, L50, M, shiny
|-mega|p1b: Sceptile|Sceptile|Sceptilite
|move|p2a: Raichu|Focus Blast|p1a: Pelipper
|-resisted|p1a: Pelipper|1
|-damage|p1a: Pelipper|0 fnt
|faint|p1a: Pelipper
|move|p1b: Sceptile|Earth Power|p2b: Kingambit
|-supereffective|p2b: Kingambit|1
|-damage|p2b: Kingambit|0 fnt
|faint|p2b: Kingambit
|
|-weather|RainDance|[upkeep]
|upkeep
|
|t:|1783047517
|switch|p2b: Mamoswine|Mamoswine, L50, M, shiny|100/100
|switch|p1a: Beartic|Beartic, L50, F|100/100
|turn|4
|
|t:|1783047529
|switch|p2b: Maushold|Maushold-Four, L50, shiny|100/100
|move|p1a: Beartic|Close Combat|p2b: Maushold
|-supereffective|p2b: Maushold|1
|-enditem|p2b: Maushold|Chople Berry|[eat]
|-enditem|p2b: Maushold|Chople Berry|[weaken]
|-damage|p2b: Maushold|26/100
|-unboost|p1a: Beartic|def|1
|-unboost|p1a: Beartic|spd|1
|-damage|p1a: Beartic|90/100|[from] item: Life Orb
|move|p2a: Raichu|Focus Blast|p1a: Beartic
|-supereffective|p1a: Beartic|1
|-damage|p1a: Beartic|0 fnt
|faint|p1a: Beartic
|move|p1b: Sceptile|Earth Power|p2a: Raichu
|-supereffective|p2a: Raichu|1
|-damage|p2a: Raichu|36/100
|
|-weather|RainDance|[upkeep]
|upkeep
|
|t:|1783047544
|switch|p1a: Primarina|Primarina, L50, M|100/100
|turn|5
|
|t:|1783047558
|move|p2a: Raichu|Protect|p2a: Raichu
|-singleturn|p2a: Raichu|Protect
|move|p2b: Maushold|Protect|p2b: Maushold
|-singleturn|p2b: Maushold|Protect
|move|p1b: Sceptile|Earth Power|p2a: Raichu
|-activate|p2a: Raichu|move: Protect
|move|p1a: Primarina|Hyper Voice|p2a: Raichu|[spread] 
|-activate|p2a: Raichu|move: Protect
|-activate|p2b: Maushold|move: Protect
|
|-weather|none
|upkeep
|turn|6
|
|t:|1783047573
|move|p1a: Primarina|Protect|p1a: Primarina
|-singleturn|p1a: Primarina|Protect
|move|p2b: Maushold|Feint|p1b: Sceptile
|-damage|p1b: Sceptile|42/100 par
|move|p2a: Raichu|Focus Blast|p1b: Sceptile
|-damage|p1b: Sceptile|0 fnt
|faint|p1b: Sceptile
|
|upkeep
|turn|7
|
|t:|1783047584
|move|p2b: Maushold|Helping Hand|p2a: Raichu
|-singleturn|p2a: Raichu|Helping Hand|[of] p2b: Maushold
|move|p2a: Raichu|Zap Cannon|p1a: Primarina
|-supereffective|p1a: Primarina|1
|-crit|p1a: Primarina
|-damage|p1a: Primarina|0 fnt
|faint|p1a: Primarina
|
|win|Someoneofficial
||Poly67 is ready for game 2.
||Someoneofficial is ready for game 2.
|uhtml|next|Next: Game 2 of 3
