|j|☆xXBMillsXx7
|j|☆ShoukoKun
|html|xXBMillsXx7ShoukoKun    
|uhtml|bestof|Game 2 of a best-of-3
|t:|1785979772
|gametype|doubles
|player|p1|xXBMillsXx7|gambler|
|player|p2|ShoukoKun|veteranf|
|gen|9
|tier|[Gen 9 Champions] VGC 2026 Reg M-B (Bo3)
|rule|Species Clause: Limit one of each Pokémon
|rule|Item Clause: Limit 1 of each item
|clearpoke
|poke|p1|Delphox, L50, M|
|poke|p1|Maushold-Four, L50|
|poke|p1|Annihilape, L50, M|
|poke|p1|Glimmora, L50, F|
|poke|p1|Incineroar, L50, M|
|poke|p1|Dragonite, L50, F|
|poke|p2|Charizard, L50, M, shiny|
|poke|p2|Farigiraf, L50, F|
|poke|p2|Venusaur, L50, M|
|poke|p2|Garchomp, L50, M|
|poke|p2|Incineroar, L50, F|
|poke|p2|Sylveon, L50, M|
|teampreview|4
|showteam|p1|Delphox||Delphoxite|Blaze|HeatWave,Psyshock,GrassKnot,Protect|Timid||M|||50|]Maushold-Four||FocusSash|FriendGuard|SuperFang,BeatUp,FollowMe,Protect|Jolly|||||50|]Annihilape||Leftovers|Defiant|RageFist,DrainPunch,BulkUp,Protect|Adamant||M|||50|]Glimmora||Glimmoranite|ToxicDebris|SludgeBomb,PowerGem,EarthPower,SpikyShield|Timid||F|||50|]Incineroar||ShucaBerry|Intimidate|FlareBlitz,ThroatChop,PartingShot,FakeOut|Careful||M|||50|]Dragonite||WhiteHerb|Multiscale|ScaleShot,LowKick,Tailwind,Protect|Jolly||F|||50|
|showteam|p2|Charizard||CharizarditeY|Blaze|HeatWave,WeatherBall,SolarBeam,Protect|Modest||M|||50|]Farigiraf||ColburBerry|ArmorTail|Psychic,Thunderbolt,HelpingHand,TrickRoom|Modest||F|||50|]Venusaur||FocusSash|Chlorophyll|LeafStorm,SludgeBomb,SleepPowder,Protect|Modest||M|||50|]Garchomp||LifeOrb|RoughSkin|RockSlide,DragonClaw,Earthquake,Protect|Jolly||M|||50|]Incineroar||SitrusBerry|Intimidate|FakeOut,DarkestLariat,FlareBlitz,PartingShot|Careful||F|||50|]Sylveon||FairyFeather|Pixilate|HyperVoice,HyperBeam,QuickAttack,Protect|Modest||M|||50|
|inactive|Battle timer is ON: inactive players will automatically lose when time's up. (requested by xXBMillsXx7)
|inactiveoff|Battle timer is now OFF.
|
|t:|1785979806
|teamsize|p1|4
|teamsize|p2|4
|start
|switch|p1a: Delphox|Delphox, L50, M|100/100
|switch|p1b: Incineroar|Incineroar, L50, M|100/100
|switch|p2a: Charizard|Charizard, L50, M, shiny|100/100
|switch|p2b: Venusaur|Venusaur, L50, M|100/100
|-ability|p1b: Incineroar|Intimidate|boost
|-unboost|p2a: Charizard|atk|1
|-unboost|p2b: Venusaur|atk|1
|turn|1
|
|t:|1785979836
|switch|p2b: Garchomp|Garchomp, L50, M|100/100
|detailschange|p1a: Delphox|Delphox-Mega, L50, M
|-mega|p1a: Delphox|Delphox|Delphoxite
|move|p2a: Charizard|Protect|p2a: Charizard
|-singleturn|p2a: Charizard|Protect
|move|p1a: Delphox|Heat Wave|p2b: Garchomp|[spread] p2b
|-activate|p2a: Charizard|move: Protect
|-resisted|p2b: Garchomp|1
|-damage|p2b: Garchomp|76/100
|move|p1b: Incineroar|Parting Shot|p2a: Charizard
|-activate|p2a: Charizard|move: Protect
|
|upkeep
|turn|2
|
|t:|1785979879
|switch|p1b: Dragonite|Dragonite, L50, F|100/100
|detailschange|p2a: Charizard|Charizard-Mega-Y, L50, M, shiny
|-mega|p2a: Charizard|Charizard|Charizardite Y
|-weather|SunnyDay|[from] ability: Drought|[of] p2a: Charizard
|move|p1a: Delphox|Psyshock|p2b: Garchomp
|-damage|p2b: Garchomp|33/100
|move|p2b: Garchomp|Rock Slide|p1b: Dragonite|[spread] p1a,p1b
|-supereffective|p1a: Delphox|1
|-supereffective|p1b: Dragonite|1
|-damage|p1a: Delphox|34/100
|-damage|p1b: Dragonite|80/100
|-damage|p2b: Garchomp|23/100|[from] item: Life Orb
|move|p2a: Charizard|Heat Wave|p1b: Dragonite|[spread] p1a,p1b
|-resisted|p1a: Delphox|1
|-resisted|p1b: Dragonite|1
|-damage|p1a: Delphox|2/100
|-damage|p1b: Dragonite|50/100g
|
|-weather|SunnyDay|[upkeep]
|upkeep
|turn|3
|
|t:|1785979925
|move|p2b: Garchomp|Protect|p2b: Garchomp
|-singleturn|p2b: Garchomp|Protect
|move|p1a: Delphox|Psyshock|p2b: Garchomp
|-activate|p2b: Garchomp|move: Protect
|move|p1b: Dragonite|Scale Shot|p2a: Charizard
|-damage|p2a: Charizard|85/100
|-damage|p2a: Charizard|72/100
|-damage|p2a: Charizard|59/100
|-damage|p2a: Charizard|46/100
|-hitcount|p2a: Charizard|4
|-unboost|p1b: Dragonite|def|1
|-boost|p1b: Dragonite|spe|1
|-enditem|p1b: Dragonite|White Herb
|-clearnegativeboost|p1b: Dragonite|[silent]
|move|p2a: Charizard|Heat Wave|p1b: Dragonite|[spread] p1a,p1b
|-resisted|p1a: Delphox|1
|-resisted|p1b: Dragonite|1
|-damage|p1a: Delphox|0 fnt
|-damage|p1b: Dragonite|18/100
|faint|p1a: Delphox
|
|-weather|SunnyDay|[upkeep]
|upkeep
|
|t:|1785979955
|switch|p1a: Incineroar|Incineroar, L50, M|100/100
|-ability|p1a: Incineroar|Intimidate|boost
|-unboost|p2a: Charizard|atk|1
|-unboost|p2b: Garchomp|atk|1
|turn|4
|
|t:|1785979972
|switch|p2b: Venusaur|Venusaur, L50, M|100/100
|switch|p1a: Annihilape|Annihilape, L50, M|100/100
|move|p2a: Charizard|Protect|p2a: Charizard
|-singleturn|p2a: Charizard|Protect
|move|p1b: Dragonite|Tailwind|p1b: Dragonite
|-sidestart|p1: xXBMillsXx7|move: Tailwind
|
|-weather|SunnyDay|[upkeep]
|upkeep
|turn|5
|
|t:|1785979992
|move|p1b: Dragonite|Scale Shot|p2a: Charizard
|-damage|p2a: Charizard|31/100
|-damage|p2a: Charizard|17/100
|-hitcount|p2a: Charizard|2
|-unboost|p1b: Dragonite|def|1
|-boost|p1b: Dragonite|spe|1
|move|p1a: Annihilape|Bulk Up|p1a: Annihilape
|-boost|p1a: Annihilape|atk|1
|-boost|p1a: Annihilape|def|1
|move|p2b: Venusaur|Leaf Storm|p1a: Annihilape
|-damage|p1a: Annihilape|48/100
|-unboost|p2b: Venusaur|spa|2
|move|p2a: Charizard|Heat Wave|p1a: Annihilape|[spread] p1a,p1b
|-resisted|p1b: Dragonite|1
|-damage|p1a: Annihilape|0 fnt
|-damage|p1b: Dragonite|0 fnt
|faint|p1a: Annihilape
|faint|p1b: Dragonite
|
|-weather|SunnyDay|[upkeep]
|upkeep
|
|t:|1785980006
|switch|p1b: Incineroar|Incineroar, L50, M|100/100
|-ability|p1b: Incineroar|Intimidate|boost
|-unboost|p2a: Charizard|atk|1
|-unboost|p2b: Venusaur|atk|1
|turn|6
|
|t:|1785980029
|switch|p2a: Sylveon|Sylveon, L50, M|100/100
|move|p1b: Incineroar|Fake Out|p2b: Venusaur
|-damage|p2b: Venusaur|84/100
|cant|p2b: Venusaur|flinch
|
|-weather|none
|upkeep
|turn|7
|
|t:|1785980047
|switch|p2b: Garchomp|Garchomp, L50, M|23/100
|move|p1b: Incineroar|Flare Blitz|p2b: Garchomp
|-resisted|p2b: Garchomp|1
|-damage|p2b: Garchomp|2/100
|-damage|p1b: Incineroar|87/100|[from] ability: Rough Skin|[of] p2b: Garchomp
|-damage|p1b: Incineroar|80/100|[from] Recoil
|move|p2a: Sylveon|Hyper Beam|p1b: Incineroar
|-damage|p1b: Incineroar|7/100
|-mustrecharge|p2a: Sylveon
|
|-sideend|p1: xXBMillsXx7|move: Tailwind
|upkeep
|turn|8
|
|t:|1785980061
|move|p2b: Garchomp|Dragon Claw|p1b: Incineroar
|-crit|p1b: Incineroar
|-damage|p1b: Incineroar|0 fnt
|faint|p1b: Incineroar
|-damage|p2b: Garchomp|0 fnt|[from] item: Life Orb
|faint|p2b: Garchomp
|
|win|ShoukoKun
||xXBMillsXx7 is ready for game 3.
||ShoukoKun is ready for game 3.
|uhtml|next|Next: Game 3 of 3
