|j|☆mb gang
|j|‽Gerald Hoppy
|html|mb gangGerald Hoppy    
|uhtml|bestof|Game 1 of a best-of-3
|t:|1785856356
|gametype|doubles
|player|p1|mb gang|skier|1357
|player|p2|Gerald Hoppy|102|1405
|gen|9
|tier|[Gen 9 Champions] VGC 2026 Reg M-B (Bo3)
|rated|
|rule|Species Clause: Limit one of each Pokémon
|rule|Item Clause: Limit 1 of each item
|clearpoke
|poke|p1|Drampa, L50, M|
|poke|p1|Kingambit, L50, F|
|poke|p1|Delphox, L50, F|
|poke|p1|Sinistcha, L50|
|poke|p1|Sneasler, L50, M|
|poke|p1|Tauros-Paldea-Aqua, L50, M|
|poke|p2|Basculegion, L50, M|
|poke|p2|Farigiraf, L50, F|
|poke|p2|Glimmora, L50, F|
|poke|p2|Scrafty, L50, M|
|poke|p2|Sylveon, L50, M|
|poke|p2|Talonflame, L50, M|
|teampreview|4
|showteam|p1|Drampa||HabanBerry|CloudNine|LightScreen,Protect,HelpingHand,DracoMeteor|Sassy||M|||50|]Kingambit||BlackGlasses|Defiant|KowtowCleave,SuckerPunch,IronHead,Protect|Brave||F|||50|]Delphox||Delphoxite|Blaze|HeatWave,Psychic,CalmMind,Protect|Timid||F|||50|]Sinistcha||SitrusBerry|Hospitality|MatchaGotcha,Protect,RagePowder,TrickRoom|Relaxed|||||50|]Sneasler||FocusSash|PoisonTouch|PoisonJab,CloseCombat,FakeOut,Protect|Jolly||M|||50|]Tauros-Paldea-Aqua||ChoiceScarf|Intimidate|CloseCombat,RockSlide,WaveCrash,AquaJet|Jolly||M|||50|
|showteam|p2|Basculegion||LifeOrb|Adaptability|Protect,WaveCrash,LastRespects,AquaJet|Jolly||M|||50|]Farigiraf||SitrusBerry|ArmorTail|TwinBeam,Thunderbolt,HelpingHand,TrickRoom|Bold||F|||50|]Glimmora||Glimmoranite|ToxicDebris|SpikyShield,PowerGem,SludgeBomb,EarthPower|Timid||F|||50|]Scrafty||Scraftinite|Intimidate|CloseCombat,KnockOff,IronHead,FakeOut|Brave||M|||50|]Sylveon||FairyFeather|Pixilate|Protect,HyperVoice,HyperBeam,QuickAttack|Modest||M|||50|]Talonflame||SharpBeak|GaleWings|Protect,FlareBlitz,DualWingbeat,Tailwind|Jolly||M|||50|
|inactive|Battle timer is ON: inactive players will automatically lose when time's up. (requested by mb gang)
|inactive|mb gang has 60 seconds left.
|inactive|Gerald Hoppy has 60 seconds left.
|
|t:|1785856404
|teamsize|p1|4
|teamsize|p2|4
|start
|switch|p1a: Delphox|Delphox, L50, F|100/100
|switch|p1b: Sneasler|Sneasler, L50, M|100/100
|switch|p2a: Talonflame|Talonflame, L50, M|100/100
|switch|p2b: Glimmora|Glimmora, L50, F|100/100
|turn|1
|
|t:|1785856423
|detailschange|p1a: Delphox|Delphox-Mega, L50, F
|-mega|p1a: Delphox|Delphox|Delphoxite
|detailschange|p2b: Glimmora|Glimmora-Mega, L50, F
|-mega|p2b: Glimmora|Glimmora|Glimmoranite
|move|p2a: Talonflame|Protect|p2a: Talonflame
|-singleturn|p2a: Talonflame|Protect
|move|p1b: Sneasler|Fake Out|p2a: Talonflame
|-activate|p2a: Talonflame|move: Protect
|move|p1a: Delphox|Psychic|p2b: Glimmora
|-supereffective|p2b: Glimmora|1
|-damage|p2b: Glimmora|0 fnt
|faint|p2b: Glimmora
|
|upkeep
|
|t:|1785856437
|switch|p2b: Basculegion|Basculegion, L50, M|100/100
|turn|2
|
|t:|1785856457
|switch|p1a: Sinistcha|Sinistcha, L50|100/100
|switch|p1b: Kingambit|Kingambit, L50, F|100/100
|move|p2a: Talonflame|Dual Wingbeat|p1b: Kingambit
|-resisted|p1b: Kingambit|1
|-crit|p1b: Kingambit
|-damage|p1b: Kingambit|89/100
|-resisted|p1b: Kingambit|1
|-damage|p1b: Kingambit|83/100
|-hitcount|p1b: Kingambit|2
|move|p2b: Basculegion|Last Respects|p1a: Sinistcha
|-supereffective|p1a: Sinistcha|1
|-damage|p1a: Sinistcha|0 fnt
|faint|p1a: Sinistcha
|-damage|p2b: Basculegion|90/100|[from] item: Life Orb
|
|upkeep
|
|t:|1785856479
|switch|p1a: Sneasler|Sneasler, L50, M|100/100
|turn|3
|
|t:|1785856491
|switch|p2b: Sylveon|Sylveon, L50, M|100/100
|move|p2a: Talonflame|Protect|p2a: Talonflame
|-singleturn|p2a: Talonflame|Protect
|move|p1a: Sneasler|Fake Out|p2a: Talonflame
|-activate|p2a: Talonflame|move: Protect
|move|p1b: Kingambit|Kowtow Cleave|p2b: Sylveon
|-resisted|p2b: Sylveon|1
|-damage|p2b: Sylveon|54/100
|
|upkeep
|turn|4
|
|t:|1785856508
|switch|p1b: Delphox|Delphox-Mega, L50, F|100/100
|move|p1a: Sneasler|Protect|p1a: Sneasler
|-singleturn|p1a: Sneasler|Protect
|move|p2a: Talonflame|Dual Wingbeat|p1a: Sneasler
|-activate|p1a: Sneasler|move: Protect
|move|p2b: Sylveon|Hyper Beam|p1b: Delphox
|-resisted|p1b: Delphox|1
|-damage|p1b: Delphox|52/100
|-mustrecharge|p2b: Sylveon
|
|upkeep
|turn|5
|
|t:|1785856526
|switch|p1a: Kingambit|Kingambit, L50, F|83/100
|move|p2a: Talonflame|Dual Wingbeat|p1a: Kingambit
|-resisted|p1a: Kingambit|1
|-damage|p1a: Kingambit|76/100
|-resisted|p1a: Kingambit|1
|-damage|p1a: Kingambit|70/100
|-hitcount|p1a: Kingambit|2
|move|p1b: Delphox|Psychic|p2a: Talonflame
|-damage|p2a: Talonflame|13/100
|cant|p2b: Sylveon|recharge
|
|upkeep
|turn|6
|
|t:|1785856550
|switch|p1a: Sneasler|Sneasler, L50, M|100/100
|move|p2b: Sylveon|Protect|p2b: Sylveon
|-singleturn|p2b: Sylveon|Protect
|move|p1b: Delphox|Heat Wave|p2b: Sylveon|[spread] p2a
|-activate|p2b: Sylveon|move: Protect
|-resisted|p2a: Talonflame|1
|-damage|p2a: Talonflame|0 fnt
|faint|p2a: Talonflame
|
|upkeep
|
|t:|1785856564
|switch|p2a: Basculegion|Basculegion, L50, M|90/100
|turn|7
|
|t:|1785856587
|move|p2b: Sylveon|Protect||[still]
|-fail|p2b: Sylveon
|move|p1b: Delphox|Psychic|p2b: Sylveon
|-damage|p2b: Sylveon|7/100
|move|p1a: Sneasler|Poison Jab|p2b: Sylveon
|-supereffective|p2b: Sylveon|1
|-damage|p2b: Sylveon|0 fnt
|faint|p2b: Sylveon
|move|p2a: Basculegion|Wave Crash|p1a: Sneasler
|-enditem|p1a: Sneasler|Focus Sash
|-damage|p1a: Sneasler|1/100
|-damage|p2a: Basculegion|64/100|[from] Recoil
|-damage|p2a: Basculegion|54/100|[from] item: Life Orb
|
|upkeep
|turn|8
|-message|Gerald Hoppy forfeited.
|
|win|mb gang
|l|‽Gerald Hoppy
|player|p2|
||Gerald Hoppy is ready for game 2.
