|j|☆I am the Sweeper
|j|☆pinkey569
|html|I am the Sweeperpinkey569    
|uhtml|bestof|Game 2 of a best-of-3
|t:|1756753672
|gametype|doubles
|player|p1|I am the Sweeper|janitor|
|player|p2|pinkey569|170|
|gen|9
|tier|[Gen 9] VGC 2025 Reg H (Bo3)
|rule|Species Clause: Limit one of each Pokémon
|rule|Item Clause: Limit 1 of each item
|clearpoke
|poke|p1|Maushold, L50|
|poke|p1|Annihilape, L50, F|
|poke|p1|Grimmsnarl, L50, M|
|poke|p1|Gholdengo, L50|
|poke|p1|Dragonite, L50, M|
|poke|p1|Garchomp, L50, F|
|poke|p2|Tyranitar, L50, M|
|poke|p2|Dragonite, L50, M|
|poke|p2|Excadrill, L50, M|
|poke|p2|Volcarona, L50, M|
|poke|p2|Kilowattrel, L50, M|
|poke|p2|Indeedee, L50, M|
|teampreview|4
|showteam|p1|Maushold||WideLens|FriendGuard|PopulationBomb,BeatUp,Protect,FollowMe||||||50|,,,,,Ghost]Annihilape||SafetyGoggles|Defiant|RageFist,DrainPunch,Protect,BulkUp|||F|||50|,,,,,Fire]Grimmsnarl||LightClay|Prankster|ThunderWave,LightScreen,SpiritBreak,Reflect|||M|||50|,,,,,Ghost]Gholdengo||Leftovers|GoodasGold|MakeItRain,ShadowBall,Protect,NastyPlot||||||50|,,,,,Water]Dragonite||LoadedDice|Multiscale|ScaleShot,Tailwind,Protect,Haze|||M|||50|,,,,,Fairy]Garchomp||LifeOrb|RoughSkin|StompingTantrum,Earthquake,Protect,DragonClaw|||F|||50|,,,,,Ground
|showteam|p2|Tyranitar||AssaultVest|SandStream|RockSlide,KnockOff,TeraBlast,LowKick|||M|||50|,,,,,Flying]Dragonite||LoadedDice|Multiscale|Protect,ThunderWave,Haze,ScaleShot|||M|||50|,,,,,Fairy]Excadrill||LifeOrb|SandRush|Protect,Earthquake,IronHead,TeraBlast|||M|||50|,,,,,Fairy]Volcarona||SitrusBerry|FlameBody|Tailwind,RagePowder,Overheat,StruggleBug|||M|||50|,,,,,Grass]Kilowattrel||ChoiceSpecs|Competitive|Thunderbolt,Discharge,AirSlash,WeatherBall|||M|||50|,,,,,Ghost]Indeedee||FocusSash|PsychicSurge|TrickRoom,Imprison,ExpandingForce,TeraBlast|||M|||50|,,,,,Fighting
|
|t:|1756753788
|teamsize|p1|4
|teamsize|p2|4
|start
|switch|p1a: Maushold|Maushold, L50|100/100
|switch|p1b: Annihilape|Annihilape, L50, F|100/100
|switch|p2a: Tyranitar|Tyranitar, L50, M|100/100
|switch|p2b: Excadrill|Excadrill, L50, M|100/100
|-weather|Sandstorm|[from] ability: Sand Stream|[of] p2a: Tyranitar
|turn|1
|
|t:|1756753912
|-terastallize|p2a: Tyranitar|Flying
|move|p1a: Maushold|Follow Me|p1a: Maushold
|-singleturn|p1a: Maushold|move: Follow Me
|move|p2b: Excadrill|Iron Head|p1a: Maushold
|-damage|p1a: Maushold|4/100
|-damage|p2b: Excadrill|91/100|[from] item: Life Orb
|move|p1b: Annihilape|Drain Punch|p2b: Excadrill
|-supereffective|p2b: Excadrill
|-damage|p2b: Excadrill|7/100
|move|p2a: Tyranitar|Tera Blast|p1a: Maushold|[anim] Tera Blast Flying
|-damage|p1a: Maushold|0 fnt
|faint|p1a: Maushold
|
|-weather|Sandstorm|[upkeep]
|-damage|p2a: Tyranitar|94/100|[from] Sandstorm
|upkeep
|
|t:|1756753948
|switch|p1a: Garchomp|Garchomp, L50, F|100/100
|turn|2
|
|t:|1756754000
|switch|p2b: Volcarona|Volcarona, L50, M|100/100
|move|p1b: Annihilape|Protect|p1b: Annihilape
|-singleturn|p1b: Annihilape|Protect
|move|p1a: Garchomp|Earthquake|p2b: Volcarona|[spread] p2b
|-activate|p1b: Annihilape|move: Protect
|-immune|p2a: Tyranitar
|-damage|p2b: Volcarona|46/100
|-enditem|p2b: Volcarona|Sitrus Berry|[eat]
|-heal|p2b: Volcarona|71/100|[from] item: Sitrus Berry
|-damage|p1a: Garchomp|91/100|[from] item: Life Orb
|move|p2a: Tyranitar|Knock Off|p1a: Garchomp
|-damage|p1a: Garchomp|35/100
|-damage|p2a: Tyranitar|82/100|[from] ability: Rough Skin|[of] p1a: Garchomp
|-enditem|p1a: Garchomp|Life Orb|[from] move: Knock Off|[of] p2a: Tyranitar
|
|-weather|Sandstorm|[upkeep]
|-damage|p2b: Volcarona|65/100|[from] Sandstorm
|-damage|p2a: Tyranitar|76/100|[from] Sandstorm
|upkeep
|turn|3
|
|t:|1756754049
|move|p1a: Garchomp|Dragon Claw|p2b: Volcarona
|-damage|p2b: Volcarona|21/100
|move|p1b: Annihilape|Rage Fist|p2b: Volcarona
|-damage|p2b: Volcarona|0 fnt
|faint|p2b: Volcarona
|move|p2a: Tyranitar|Tera Blast|p1b: Annihilape|[anim] Tera Blast Flying
|-supereffective|p1b: Annihilape
|-damage|p1b: Annihilape|19/100
|
|-weather|Sandstorm|[upkeep]
|-damage|p2a: Tyranitar|70/100|[from] Sandstorm
|upkeep
|
|t:|1756754061
|switch|p2b: Excadrill|Excadrill, L50, M|7/100
|turn|4
|
|t:|1756754210
|switch|p1b: Dragonite|Dragonite, L50, M|100/100
|switch|p2a: Kilowattrel|Kilowattrel, L50, M|100/100
|move|p1a: Garchomp|Protect|p1a: Garchomp
|-singleturn|p1a: Garchomp|Protect
|move|p2b: Excadrill|Earthquake|p1a: Garchomp|[spread] 
|-activate|p1a: Garchomp|move: Protect
|-immune|p2a: Kilowattrel
|-immune|p1b: Dragonite
|
|-weather|Sandstorm|[upkeep]
|-damage|p2a: Kilowattrel|94/100|[from] Sandstorm
|-damage|p1b: Dragonite|95/100|[from] Sandstorm
|upkeep
|turn|5
|
|t:|1756754245
|move|p1b: Dragonite|Protect|p1b: Dragonite
|-singleturn|p1b: Dragonite|Protect
|move|p2b: Excadrill|Earthquake|p1b: Dragonite|[spread] p1a
|-activate|p1b: Dragonite|move: Protect
|-immune|p2a: Kilowattrel
|-damage|p1a: Garchomp|0 fnt
|faint|p1a: Garchomp
|-damage|p2b: Excadrill|0 fnt|[from] item: Life Orb
|faint|p2b: Excadrill
|move|p2a: Kilowattrel|Weather Ball|p1b: Dragonite
|-activate|p1b: Dragonite|move: Protect
|
|-weather|none
|upkeep
|
|t:|1756754259
|switch|p1a: Annihilape|Annihilape, L50, F|19/100
|switch|p2b: Tyranitar|Tyranitar, L50, M, tera:Flying|70/100
|-weather|Sandstorm|[from] ability: Sand Stream|[of] p2b: Tyranitar
|turn|6
|
|t:|1756754353
|-terastallize|p1b: Dragonite|Fairy
|move|p2a: Kilowattrel|Weather Ball|p1b: Dragonite
|-damage|p1b: Dragonite|38/100
|move|p1a: Annihilape|Rage Fist|p2a: Kilowattrel
|-damage|p2a: Kilowattrel|28/100
|move|p1b: Dragonite|Scale Shot|p2a: Kilowattrel
|-damage|p2a: Kilowattrel|0 fnt
|faint|p2a: Kilowattrel
|-hitcount|p2: Kilowattrel|1
|-unboost|p1b: Dragonite|def|1
|-boost|p1b: Dragonite|spe|1
|move|p2b: Tyranitar|Rock Slide|p1a: Annihilape|[spread] p1a,p1b
|-resisted|p1a: Annihilape
|-damage|p1a: Annihilape|6/100
|-damage|p1b: Dragonite|0 fnt
|faint|p1b: Dragonite
|
|-weather|Sandstorm|[upkeep]
|-damage|p2b: Tyranitar|64/100|[from] Sandstorm
|upkeep
|turn|7
|
|t:|1756754375
|move|p1a: Annihilape|Rage Fist|p2b: Tyranitar
|-damage|p2b: Tyranitar|16/100
|move|p2b: Tyranitar|Knock Off|p1a: Annihilape
|-damage|p1a: Annihilape|0 fnt
|-enditem|p1a: Annihilape|Safety Goggles|[from] move: Knock Off|[of] p2b: Tyranitar
|faint|p1a: Annihilape
|
|win|pinkey569
||I am the Sweeper is ready for game 3.
|inactive|pinkey569 has 30 seconds to confirm battle start!
||pinkey569 is ready for game 3.
|uhtml|next|Next: Game 3 of 3
