|j|☆setheeswag
|j|☆geardox
|html|setheeswaggeardox    
|uhtml|bestof|Game 2 of a best-of-3
|t:|1757088941
|gametype|doubles
|player|p1|setheeswag|169|1258
|player|p2|geardox|266|1192
|gen|9
|tier|[Gen 9] VGC 2025 Reg H (Bo3)
|rated|
|rule|Species Clause: Limit one of each Pokémon
|rule|Item Clause: Limit 1 of each item
|clearpoke
|poke|p1|Charizard, L50, F|
|poke|p1|Torkoal, L50, F|
|poke|p1|Porygon2, L50|
|poke|p1|Incineroar, L50, F|
|poke|p1|Jumpluff, L50, M|
|poke|p1|Ursaluna, L50, F|
|poke|p2|Sneasler, L50, M|
|poke|p2|Garchomp, L50, M|
|poke|p2|Corviknight, L50, M|
|poke|p2|Archaludon, L50, M|
|poke|p2|Amoonguss, L50, F|
|poke|p2|Incineroar, L50, M|
|teampreview|4
|showteam|p1|Charizard||ChoiceSpecs|SolarPower|HeatWave,Overheat,WeatherBall,AirSlash|||F|||50|,,,,,Ghost]Torkoal||EjectPack|Drought|Eruption,Overheat,HelpingHand,Protect|||F|||50|,,,,,Fire]Porygon2||Eviolite|Download|TeraBlast,IceBeam,Recover,TrickRoom||||||50|,,,,,Fighting]Incineroar||SitrusBerry|Intimidate|FlareBlitz,KnockOff,FakeOut,PartingShot|||F|||50|,,,,,Ghost]Jumpluff||CovertCloak|Chlorophyll|SleepPowder,SunnyDay,RagePowder,Tailwind|||M|||50|,,,,,Water]Ursaluna||FlameOrb|Guts|HeadlongRush,Facade,Earthquake,Protect|||F|||50|,,,,,Ghost
|showteam|p2|Sneasler||FocusSash|Unburden|DireClaw,CloseCombat,ThroatChop,Coaching|||M|||50|,,,,,Ghost]Garchomp||LifeOrb|RoughSkin|Protect,Earthquake,DragonClaw,StompingTantrum|||M|||50|,,,,,Ground]Corviknight||SitrusBerry|MirrorArmor|BraveBird,Tailwind,Roost,IronHead|||M|||50|,,,,,Fire]Archaludon||PowerHerb|Stamina|Protect,DracoMeteor,FlashCannon,ElectroShot|||M|||50|,,,,,Dragon]Amoonguss||RockyHelmet|Regenerator|ClearSmog,RagePowder,Spore,PollenPuff|||F|||50|,,,,,Water]Incineroar||AssaultVest|Intimidate|KnockOff,FlareBlitz,FakeOut,Uturn|||M|||50|,,,,,Ghost
|inactive|Battle timer is ON: inactive players will automatically lose when time's up. (requested by setheeswag)
|
|t:|1757088969
|teamsize|p1|4
|teamsize|p2|4
|start
|switch|p1a: Porygon2|Porygon2, L50|100/100
|switch|p1b: Incineroar|Incineroar, L50, F|100/100
|switch|p2a: Big Mo|Archaludon, L50, M|100/100
|switch|p2b: Incineroar|Incineroar, L50, M|100/100
|-ability|p1b: Incineroar|Intimidate|boost
|-unboost|p2a: Big Mo|atk|1
|-unboost|p2b: Incineroar|atk|1
|-ability|p2b: Incineroar|Intimidate|boost
|-unboost|p1a: Porygon2|atk|1
|-unboost|p1b: Incineroar|atk|1
|-ability|p1a: Porygon2|Download|boost
|-boost|p1a: Porygon2|spa|1
|turn|1
|inactive|setheeswag has 30 seconds left.
|inactive|geardox has 30 seconds left.
|
|t:|1757088997
|move|p1b: Incineroar|Fake Out|p2b: Incineroar
|-damage|p2b: Incineroar|92/100
|cant|p2b: Incineroar|flinch
|move|p2a: Big Mo|Electro Shot||[still]
|-prepare|p2a: Big Mo|Electro Shot
|-boost|p2a: Big Mo|spa|1
|-enditem|p2a: Big Mo|Power Herb
|-anim|p2a: Big Mo|Electro Shot|p1a: Porygon2
|-damage|p1a: Porygon2|61/100
|move|p1a: Porygon2|Trick Room|p1a: Porygon2
|-fieldstart|move: Trick Room|[of] p1a: Porygon2
|
|upkeep
|turn|2
|
|t:|1757089021
|move|p1a: Porygon2|Recover|p1a: Porygon2
|-heal|p1a: Porygon2|100/100
|move|p2b: Incineroar|Knock Off|p1a: Porygon2
|-damage|p1a: Porygon2|80/100
|-enditem|p1a: Porygon2|Eviolite|[from] move: Knock Off|[of] p2b: Incineroar
|move|p1b: Incineroar|Parting Shot|p2a: Big Mo
|-unboost|p2a: Big Mo|atk|1
|-unboost|p2a: Big Mo|spa|1
|
|t:|1757089030
|switch|p1b: Ursaluna|Ursaluna, L50, F|100/100|[from] Parting Shot
|move|p2a: Big Mo|Flash Cannon|p1a: Porygon2
|-damage|p1a: Porygon2|39/100
|-unboost|p1a: Porygon2|spd|1
|
|-status|p1b: Ursaluna|brn|[from] item: Flame Orb
|upkeep
|turn|3
|inactive|setheeswag has 30 seconds left.
|
|t:|1757089055
|switch|p1a: Incineroar|Incineroar, L50, F|100/100
|-ability|p1a: Incineroar|Intimidate|boost
|-unboost|p2a: Big Mo|atk|1
|-unboost|p2b: Incineroar|atk|1
|move|p2a: Big Mo|Protect|p2a: Big Mo
|-singleturn|p2a: Big Mo|Protect
|move|p1b: Ursaluna|Headlong Rush|p2a: Big Mo
|-activate|p2a: Big Mo|move: Protect
|move|p2b: Incineroar|Knock Off|p1b: Ursaluna
|-crit|p1b: Ursaluna
|-damage|p1b: Ursaluna|51/100 brn
|-enditem|p1b: Ursaluna|Flame Orb|[from] move: Knock Off|[of] p2b: Incineroar
|
|-damage|p1b: Ursaluna|45/100 brn|[from] brn
|upkeep
|turn|4
|
|t:|1757089079
|switch|p2b: Amoonguss|Amoonguss, L50, F, shiny|100/100
|move|p2a: Big Mo|Protect||[still]
|-fail|p2a: Big Mo
|move|p1a: Incineroar|Fake Out|p2b: Amoonguss
|-damage|p2b: Amoonguss|90/100
|-damage|p1a: Incineroar|84/100|[from] item: Rocky Helmet|[of] p2b: Amoonguss
|move|p1b: Ursaluna|Headlong Rush|p2a: Big Mo
|-supereffective|p2a: Big Mo
|-damage|p2a: Big Mo|0 fnt
|-unboost|p1b: Ursaluna|def|1
|-unboost|p1b: Ursaluna|spd|1
|faint|p2a: Big Mo
|
|-damage|p1b: Ursaluna|39/100 brn|[from] brn
|upkeep
|
|t:|1757089094
|switch|p2a: Incineroar|Incineroar, L50, M|92/100
|-ability|p2a: Incineroar|Intimidate|boost
|-unboost|p1a: Incineroar|atk|1
|-unboost|p1b: Ursaluna|atk|1
|turn|5
|inactive|setheeswag has 30 seconds left.
|inactive|geardox has 30 seconds left.
|inactive|setheeswag has 20 seconds left.
|
|t:|1757089130
|-terastallize|p2b: Amoonguss|Water
|move|p2b: Amoonguss|Rage Powder|p2b: Amoonguss
|-singleturn|p2b: Amoonguss|move: Rage Powder
|move|p1b: Ursaluna|Earthquake|p2b: Amoonguss|[spread] p1a,p2a,p2b
|-supereffective|p1a: Incineroar
|-supereffective|p2a: Incineroar
|-damage|p1a: Incineroar|0 fnt
|-damage|p2a: Incineroar|2/100
|-damage|p2b: Amoonguss|55/100
|faint|p1a: Incineroar
|move|p2a: Incineroar|Knock Off|p1b: Ursaluna
|-damage|p1b: Ursaluna|3/100 brn
|
|-damage|p1b: Ursaluna|0 fnt|[from] brn
|faint|p1b: Ursaluna
|-fieldend|move: Trick Room
|upkeep
|
|t:|1757089141
|switch|p1a: Porygon2|Porygon2, L50|39/100
|switch|p1b: Torkoal|Torkoal, L50, F|100/100
|-ability|p1a: Porygon2|Download|boost
|-boost|p1a: Porygon2|spa|1
|-weather|SunnyDay|[from] ability: Drought|[of] p1b: Torkoal
|turn|6
|inactive|geardox has 30 seconds left.
|
|t:|1757089172
|move|p1b: Torkoal|Protect|p1b: Torkoal
|-singleturn|p1b: Torkoal|Protect
|move|p2a: Incineroar|Knock Off|p1b: Torkoal
|-activate|p1b: Torkoal|move: Protect
|move|p2b: Amoonguss|Spore|p1b: Torkoal
|-activate|p1b: Torkoal|move: Protect
|move|p1a: Porygon2|Trick Room|p1a: Porygon2
|-fieldstart|move: Trick Room|[of] p1a: Porygon2
|
|-weather|SunnyDay|[upkeep]
|upkeep
|turn|7
|
|t:|1757089196
|move|p1b: Torkoal|Eruption|p2b: Amoonguss|[spread] p2a,p2b
|-resisted|p2a: Incineroar
|-resisted|p2b: Amoonguss
|-damage|p2a: Incineroar|0 fnt
|-damage|p2b: Amoonguss|23/100
|faint|p2a: Incineroar
|move|p2b: Amoonguss|Spore|p1a: Porygon2
|-status|p1a: Porygon2|slp|[from] move: Spore
|cant|p1a: Porygon2|slp
|
|-weather|SunnyDay|[upkeep]
|upkeep
|
|t:|1757089205
|switch|p2a: Stinky Pete|Garchomp, L50, M|100/100
|turn|8
|inactive|geardox has 30 seconds left.
|
|t:|1757089235
|-terastallize|p1b: Torkoal|Fire
|move|p1b: Torkoal|Eruption|p2a: Stinky Pete|[spread] p2a,p2b
|-resisted|p2a: Stinky Pete
|-resisted|p2b: Amoonguss
|-damage|p2a: Stinky Pete|47/100
|-damage|p2b: Amoonguss|0 fnt
|faint|p2b: Amoonguss
|-curestatus|p1a: Porygon2|slp|[msg]
|move|p1a: Porygon2|Ice Beam|p2a: Stinky Pete
|-supereffective|p2a: Stinky Pete
|-damage|p2a: Stinky Pete|0 fnt
|faint|p2a: Stinky Pete
|
|win|setheeswag
|raw|setheeswag's rating: 1258 → 1278(+20 for winning)
|raw|geardox's rating: 1192 → 1172(-20 for losing)
