|j|☆MYSEEMBENTON
|j|☆axcoquette
|html|MYSEEMBENTONaxcoquette    
|uhtml|bestof|Game 1 of a best-of-3
|t:|1782428193
|gametype|doubles
|player|p1|MYSEEMBENTON|2|1164
|player|p2|axcoquette|maid|1141
|gen|9
|tier|[Gen 9 Champions] VGC 2026 Reg M-B (Bo3)
|rated|
|rule|Species Clause: Limit one of each Pokémon
|rule|Item Clause: Limit 1 of each item
|clearpoke
|poke|p1|Archaludon, L50, M|
|poke|p1|Dragonite, L50, M|
|poke|p1|Pelipper, L50, M|
|poke|p1|Basculegion, L50, M|
|poke|p1|Sneasler, L50, F|
|poke|p1|Grimmsnarl, L50, M|
|poke|p2|Charizard, L50, F|
|poke|p2|Floette-Eternal, L50, F|
|poke|p2|Basculegion, L50, M|
|poke|p2|Kingambit, L50, F|
|poke|p2|Garchomp, L50, M|
|poke|p2|Whimsicott, L50, F|
|teampreview|4
|showteam|p1|Archaludon||Leftovers|Stamina|FlashCannon,DracoMeteor,ElectroShot,Protect|Modest||M|||50|]Dragonite||Dragoninite|Multiscale|DracoMeteor,IceBeam,Protect,Hurricane|Modest||M|||50|]Pelipper||FocusSash|Drizzle|Hurricane,Protect,MuddyWater,Tailwind|Modest||M|||50|]Basculegion||ChoiceScarf|Adaptability|IceFang,LastRespects,WaveCrash,FlipTurn|Adamant||M|||50|]Sneasler||WhiteHerb|Unburden|Uturn,CloseCombat,FakeOut,DireClaw|Adamant||F|||50|]Grimmsnarl||LightClay|Prankster|SpiritBreak,SuckerPunch,PartingShot,LightScreen|Adamant||M|||50|
|showteam|p2|Charizard||CharizarditeY|Blaze|HeatWave,WeatherBall,SolarBeam,Protect|Modest||F|||50|]Floette-Eternal||Floettite|FlowerVeil|DazzlingGleam,Moonblast,LightofRuin,Protect|Timid||F|||50|]Basculegion||MysticWater|Adaptability|WaveCrash,LastRespects,AquaJet,Protect|Adamant||M|||50|]Kingambit||BlackGlasses|Defiant|KowtowCleave,IronHead,SuckerPunch,Protect|Lonely||F|||50|]Garchomp||SitrusBerry|RoughSkin|DragonClaw,Earthquake,RockSlide,Protect|Jolly||M|||50|]Whimsicott||FocusSash|Prankster|Tailwind,Moonblast,Encore,Protect|Timid||F|||50|
|inactive|Battle timer is ON: inactive players will automatically lose when time's up. (requested by axcoquette)
|inactive|MYSEEMBENTON has 60 seconds left.
|inactive|axcoquette has 60 seconds left.
|
|t:|1782428242
|teamsize|p1|4
|teamsize|p2|4
|start
|switch|p1a: Sneasler|Sneasler, L50, F|100/100
|switch|p1b: Basculegion|Basculegion, L50, M|100/100
|switch|p2a: Kingambit|Kingambit, L50, F|100/100
|switch|p2b: Whimsicott|Whimsicott, L50, F|100/100
|turn|1
|
|t:|1782428262
|switch|p1b: Pelipper|Pelipper, L50, M|100/100
|-weather|RainDance|[from] ability: Drizzle|[of] p1b: Pelipper
|move|p2b: Whimsicott|Protect|p2b: Whimsicott
|-singleturn|p2b: Whimsicott|Protect
|move|p2a: Kingambit|Protect|p2a: Kingambit
|-singleturn|p2a: Kingambit|Protect
|move|p1a: Sneasler|Fake Out|p2b: Whimsicott
|-activate|p2b: Whimsicott|move: Protect
|
|-weather|RainDance|[upkeep]
|upkeep
|turn|2
|inactive|axcoquette has 30 seconds left.
|
|t:|1782428288
|switch|p1a: Dragonite|Dragonite, L50, M|100/100
|move|p2b: Whimsicott|Encore||[still]
|-fail|p2b: Whimsicott
|move|p1b: Pelipper|Muddy Water|p2b: Whimsicott|[spread] p2a,p2b
|-resisted|p2b: Whimsicott|1
|-damage|p2a: Kingambit|55/100
|-damage|p2b: Whimsicott|61/100
|move|p2a: Kingambit|Kowtow Cleave|p1b: Pelipper
|-damage|p1b: Pelipper|42/100
|
|-weather|RainDance|[upkeep]
|upkeep
|turn|3
|inactive|MYSEEMBENTON has 30 seconds left.
|
|t:|1782428322
|detailschange|p1a: Dragonite|Dragonite-Mega, L50, M
|-mega|p1a: Dragonite|Dragonite|Dragoninite
|move|p1b: Pelipper|Protect|p1b: Pelipper
|-singleturn|p1b: Pelipper|Protect
|move|p2b: Whimsicott|Tailwind|p2b: Whimsicott
|-sidestart|p2: axcoquette|move: Tailwind
|move|p1a: Dragonite|Hurricane|p2b: Whimsicott
|-supereffective|p2b: Whimsicott|1
|-damage|p2b: Whimsicott|0 fnt
|faint|p2b: Whimsicott
|move|p2a: Kingambit|Kowtow Cleave|p1a: Dragonite
|-damage|p1a: Dragonite|74/100
|
|-weather|RainDance|[upkeep]
|upkeep
|
|t:|1782428334
|switch|p2b: Floette|Floette-Eternal, L50, F|100/100
|turn|4
|
|t:|1782428352
|detailschange|p2b: Floette|Floette-Mega, L50, F
|-mega|p2b: Floette|Floette|Floettite
|-ability|p2b: Floette|Fairy Aura
|move|p1a: Dragonite|Protect|p1a: Dragonite
|-singleturn|p1a: Dragonite|Protect
|move|p2b: Floette|Light of Ruin|p1a: Dragonite
|-activate|p1a: Dragonite|move: Protect
|move|p2a: Kingambit|Kowtow Cleave|p1b: Pelipper
|-damage|p1b: Pelipper|0 fnt
|faint|p1b: Pelipper
|
|-weather|RainDance|[upkeep]
|upkeep
|
|t:|1782428366
|switch|p1b: Sneasler|Sneasler, L50, F|100/100
|turn|5
|inactive|MYSEEMBENTON has 30 seconds left.
|
|t:|1782428400
|switch|p2a: Garchomp|Garchomp, L50, M|100/100
|move|p2b: Floette|Protect|p2b: Floette
|-singleturn|p2b: Floette|Protect
|move|p1b: Sneasler|Fake Out|p2a: Garchomp
|-damage|p2a: Garchomp|85/100
|-damage|p1b: Sneasler|87/100|[from] ability: Rough Skin|[of] p2a: Garchomp
|move|p1a: Dragonite|Draco Meteor|p2a: Garchomp
|-supereffective|p2a: Garchomp|1
|-damage|p2a: Garchomp|0 fnt
|-unboost|p1a: Dragonite|spa|2
|faint|p2a: Garchomp
|
|-weather|none
|upkeep
|
|t:|1782428413
|switch|p2a: Kingambit|Kingambit, L50, F|55/100
|turn|6
|
|t:|1782428423
|switch|p1b: Basculegion|Basculegion, L50, M|100/100
|move|p1a: Dragonite|Protect|p1a: Dragonite
|-singleturn|p1a: Dragonite|Protect
|move|p2b: Floette|Light of Ruin|p1a: Dragonite
|-activate|p1a: Dragonite|move: Protect
|move|p2a: Kingambit|Iron Head|p1b: Basculegion
|-resisted|p1b: Basculegion|1
|-crit|p1b: Basculegion
|-damage|p1b: Basculegion|60/100
|
|-sideend|p2: axcoquette|move: Tailwind
|upkeep
|turn|7
|inactive|MYSEEMBENTON has 30 seconds left.
|
|t:|1782428454
|switch|p1b: Sneasler|Sneasler, L50, F|87/100
|move|p2a: Kingambit|Sucker Punch||[still]
|-fail|p2a: Kingambit
|move|p2b: Floette|Moonblast|p1a: Dragonite
|-supereffective|p1a: Dragonite|1
|-damage|p1a: Dragonite|0 fnt
|faint|p1a: Dragonite
|
|upkeep
|
|t:|1782428461
|switch|p1a: Basculegion|Basculegion, L50, M|60/100
|turn|8
|
|t:|1782428481
|move|p2a: Kingambit|Sucker Punch|p1a: Basculegion
|-supereffective|p1a: Basculegion|1
|-damage|p1a: Basculegion|0 fnt
|faint|p1a: Basculegion
|move|p1b: Sneasler|Close Combat|p2a: Kingambit
|-supereffective|p2a: Kingambit|2
|-damage|p2a: Kingambit|0 fnt
|-unboost|p1b: Sneasler|def|1
|-unboost|p1b: Sneasler|spd|1
|faint|p2a: Kingambit
|-enditem|p1b: Sneasler|White Herb
|-clearnegativeboost|p1b: Sneasler|[silent]
|move|p2b: Floette|Light of Ruin|p1b: Sneasler
|-damage|p1b: Sneasler|0 fnt
|faint|p1b: Sneasler
|-damage|p2b: Floette|54/100|[from] Recoil
|
|win|axcoquette
|inactive|MYSEEMBENTON has 30 seconds to confirm battle start!
|inactive|axcoquette has 30 seconds to confirm battle start!
||axcoquette is ready for game 2.
|l|☆MYSEEMBENTON
|player|p1|
|inactive|MYSEEMBENTON has 20 seconds to confirm battle start!
||MYSEEMBENTON is ready for game 2.
|uhtml|next|Next: Game 2 of 3
