|j|☆ranagasu22
|j|☆Pelosis
|html|ranagasu22Pelosis    
|uhtml|bestof|Game 2 of a best-of-3
|t:|1783954264
|gametype|doubles
|player|p1|ranagasu22|riley|1061
|player|p2|Pelosis|265|1050
|gen|9
|tier|[Gen 9 Champions] VGC 2026 Reg M-B (Bo3)
|rated|
|rule|Species Clause: Limit one of each Pokémon
|rule|Item Clause: Limit 1 of each item
|clearpoke
|poke|p1|Charizard, L50, F, shiny|
|poke|p1|Garchomp, L50, M|
|poke|p1|Sneasler, L50, F|
|poke|p1|Grimmsnarl, L50, M|
|poke|p1|Aerodactyl, L50, F|
|poke|p1|Farigiraf, L50, M|
|poke|p2|Mawile, L50, F|
|poke|p2|Farigiraf, L50, M|
|poke|p2|Incineroar, L50, M|
|poke|p2|Torkoal, L50, F|
|poke|p2|Venusaur, L50, M|
|poke|p2|Scrafty, L50, F|
|teampreview|4
|showteam|p1|Charizard||CharizarditeY|Blaze|Protect,SolarBeam,HeatWave,AirSlash|Timid||F|||50|]Garchomp||ChoiceScarf|RoughSkin|Earthquake,IronHead,RockSlide,Outrage|Adamant||M|||50|]Sneasler||FocusSash|PoisonTouch|FakeOut,CloseCombat,DireClaw,Protect|Jolly||F|||50|]Grimmsnarl||LightClay|Prankster|Reflect,FakeOut,SpiritBreak,Taunt|Careful||M|||50|]Aerodactyl||Aerodactylite|RockHead|Tailwind,Protect,Earthquake,RockSlide|Jolly||F|||50|]Farigiraf||SitrusBerry|ArmorTail|TrickRoom,Wish,Psychic,Protect|Calm||M|||50|
|showteam|p2|Mawile||Mawilite|HyperCutter|Protect,PlayRough,RockSlide,SuckerPunch|Brave||F|||50|]Farigiraf||SitrusBerry|ArmorTail|TrickRoom,TwinBeam,Thunderbolt,HelpingHand|Quiet||M|||50|]Incineroar||WhiteHerb|Intimidate|FakeOut,CloseCombat,FlareBlitz,ThroatChop|Brave||M|||50|]Torkoal||Charcoal|Drought|Protect,Eruption,HeatWave,WeatherBall|Quiet||F|||50|]Venusaur||FocusSash|Chlorophyll|SleepPowder,EarthPower,EnergyBall,SludgeBomb|Modest||M|||50|]Scrafty||Scraftinite|Intimidate|FakeOut,CloseCombat,KnockOff,IcePunch|Brave||F|||50|
|inactive|Battle timer is ON: inactive players will automatically lose when time's up. (requested by Pelosis)
|
|t:|1783954318
|teamsize|p1|4
|teamsize|p2|4
|start
|switch|p1a: Farigiraf|Farigiraf, L50, M|100/100
|switch|p1b: Aerodactyl|Aerodactyl, L50, F|100/100
|switch|p2a: Torkoal|Torkoal, L50, F|100/100
|switch|p2b: Venusaur|Venusaur, L50, M|100/100
|-weather|SunnyDay|[from] ability: Drought|[of] p2a: Torkoal
|turn|1
|inactive|Pelosis has 30 seconds left.
|
|t:|1783954348
|move|p2b: Venusaur|Sleep Powder|p1b: Aerodactyl|[miss]
|-miss|p2b: Venusaur|p1b: Aerodactyl
|move|p1b: Aerodactyl|Rock Slide|p2b: Venusaur|[spread] p2a,p2b
|-supereffective|p2a: Torkoal|1
|-damage|p2a: Torkoal|62/100
|-damage|p2b: Venusaur|66/100
|move|p1a: Farigiraf|Psychic|p2b: Venusaur
|-supereffective|p2b: Venusaur|1
|-damage|p2b: Venusaur|0 fnt
|faint|p2b: Venusaur
|move|p2a: Torkoal|Eruption|p1a: Farigiraf|[spread] p1a,p1b
|-resisted|p1b: Aerodactyl|1
|-damage|p1a: Farigiraf|56/100
|-damage|p1b: Aerodactyl|63/100
|
|-weather|SunnyDay|[upkeep]
|upkeep
|
|t:|1783954362
|switch|p2b: Farigiraf|Farigiraf, L50, M|100/100
|turn|2
|
|t:|1783954369
|switch|p2b: Mawile|Mawile, L50, F|100/100
|move|p1b: Aerodactyl|Rock Slide|p2a: Torkoal|[spread] p2b
|-miss|p1b: Aerodactyl|p2a: Torkoal
|-resisted|p2b: Mawile|1
|-damage|p2b: Mawile|84/100
|move|p1a: Farigiraf|Wish|p1a: Farigiraf
|move|p2a: Torkoal|Heat Wave|p1a: Farigiraf|[spread] p1a,p1b
|-resisted|p1b: Aerodactyl|1
|-damage|p1a: Farigiraf|12/100
|-damage|p1b: Aerodactyl|20/100y
|-enditem|p1a: Farigiraf|Sitrus Berry|[eat]
|-heal|p1a: Farigiraf|36/100|[from] item: Sitrus Berry
|
|-weather|SunnyDay|[upkeep]
|upkeep
|turn|3
|
|t:|1783954396
|switch|p2a: Farigiraf|Farigiraf, L50, M|100/100
|detailschange|p2b: Mawile|Mawile-Mega, L50, F
|-mega|p2b: Mawile|Mawile|Mawilite
|move|p1b: Aerodactyl|Protect|p1b: Aerodactyl
|-singleturn|p1b: Aerodactyl|Protect
|move|p1a: Farigiraf|Protect|p1a: Farigiraf
|-singleturn|p1a: Farigiraf|Protect
|move|p2b: Mawile|Sucker Punch||[still]
|cant|p1a: Farigiraf|ability: Armor Tail|Sucker Punch|[of] p2b: Mawile
|
|-weather|SunnyDay|[upkeep]
|-heal|p1a: Farigiraf|86/100|[from] move: Wish|[wisher] Farigiraf
|upkeep
|turn|4
|
|t:|1783954420
|move|p1b: Aerodactyl|Rock Slide|p2b: Mawile|[spread] p2a,p2b
|-crit|p2a: Farigiraf
|-resisted|p2b: Mawile|1
|-damage|p2a: Farigiraf|64/100
|-damage|p2b: Mawile|72/100
|move|p1a: Farigiraf|Wish|p1a: Farigiraf
|cant|p2b: Mawile|flinch
|cant|p2a: Farigiraf|flinch
|
|-weather|SunnyDay|[upkeep]
|upkeep
|turn|5
|
|t:|1783954443
|move|p1b: Aerodactyl|Rock Slide|p2b: Mawile|[spread] p2a,p2b
|-resisted|p2b: Mawile|1
|-damage|p2a: Farigiraf|41/100
|-damage|p2b: Mawile|60/100
|-enditem|p2a: Farigiraf|Sitrus Berry|[eat]
|-heal|p2a: Farigiraf|66/100|[from] item: Sitrus Berry
|move|p1a: Farigiraf|Psychic|p2a: Farigiraf
|-resisted|p2a: Farigiraf|1
|-damage|p2a: Farigiraf|50/100g
|move|p2b: Mawile|Rock Slide|p1a: Farigiraf|[spread] p1a,p1b
|-supereffective|p1b: Aerodactyl|1
|-crit|p1b: Aerodactyl
|-damage|p1a: Farigiraf|51/100
|-damage|p1b: Aerodactyl|0 fnt
|faint|p1b: Aerodactyl
|cant|p2a: Farigiraf|flinch
|
|-weather|none
|-heal|p1a: Farigiraf|100/100|[from] move: Wish|[wisher] Farigiraf
|upkeep
|inactive|ranagasu22 has 30 seconds left.
|
|t:|1783954468
|switch|p1b: Charizard|Charizard, L50, F, shiny|100/100
|turn|6
|inactive|Pelosis has 30 seconds left.
|
|t:|1783954495
|switch|p2b: Torkoal|Torkoal, L50, F|62/100
|-weather|SunnyDay|[from] ability: Drought|[of] p2b: Torkoal
|detailschange|p1b: Charizard|Charizard-Mega-Y, L50, F, shiny
|-mega|p1b: Charizard|Charizard|Charizardite Y
|move|p1b: Charizard|Heat Wave|p2b: Torkoal|[spread] p2a,p2b
|-resisted|p2b: Torkoal|1
|-damage|p2a: Farigiraf|0 fnt
|-damage|p2b: Torkoal|23/100
|faint|p2a: Farigiraf
|move|p1a: Farigiraf|Psychic|p2b: Torkoal
|-damage|p2b: Torkoal|0 fnt
|faint|p2b: Torkoal
|
|-weather|SunnyDay|[upkeep]
|upkeep
|c|☆Pelosis|too much hax u had
|c|☆Pelosis|fak
|inactive|Pelosis has 30 seconds left.
|c|☆ranagasu22|Yeah
|
|t:|1783954522
|switch|p2b: Mawile|Mawile-Mega, L50, F|60/100
|turn|7
|c|☆ranagasu22|This game was ass
|c|☆Pelosis|sleep powder, double flinch.. D:
|c|☆Pelosis|ggs see u
|
|t:|1783954542
|move|p2b: Mawile|Sucker Punch||[still]
|cant|p1a: Farigiraf|ability: Armor Tail|Sucker Punch|[of] p2b: Mawile
|move|p1b: Charizard|Heat Wave|p2b: Mawile
|-supereffective|p2b: Mawile|1
|-damage|p2b: Mawile|0 fnt
|faint|p2b: Mawile
|
|win|ranagasu22
|raw|ranagasu22's rating: 1061 → 1091(+30 for winning)
|raw|Pelosis's rating: 1050 → 1033(-17 for losing)
