|j|☆PaniniWeenie
|j|☆stevie.bot
|html|PaniniWeeniestevie.bot    
|uhtml|bestof|Game 2 of a best-of-3
|t:|1756934597
|gametype|doubles
|player|p1|PaniniWeenie|pokemaniac|1484
|player|p2|stevie.bot|liza|1393
|gen|9
|tier|[Gen 9] VGC 2025 Reg H (Bo3)
|rated|
|rule|Species Clause: Limit one of each Pokémon
|rule|Item Clause: Limit 1 of each item
|clearpoke
|poke|p1|Sneasler, L50, M|
|poke|p1|Volcarona, L50, M|
|poke|p1|Dragonite, L50, M|
|poke|p1|Rillaboom, L50, F|
|poke|p1|Electabuzz, L50, M|
|poke|p1|Kingambit, L50, M|
|poke|p2|Sneasler, L50, F|
|poke|p2|Dragapult, L50, M|
|poke|p2|Primarina, L50, F|
|poke|p2|Rillaboom, L50, F|
|poke|p2|Kingambit, L50, M|
|poke|p2|Magmar, L50, F|
|teampreview|4
|showteam|p1|Sneasler||FocusSash|Unburden|DireClaw,CloseCombat,FakeOut,Coaching|||M|||50|,,,,,Ghost]Volcarona||Leftovers|FlameBody|HeatWave,QuiverDance,Protect,TeraBlast|||M|||50|,,,,,Fairy]Dragonite||LoadedDice|Multiscale|ScaleShot,ExtremeSpeed,Haze,Protect|||M|||50|,,,,,Steel]Rillaboom||AssaultVest|GrassySurge|WoodHammer,GrassyGlide,HighHorsepower,FakeOut|||F|||50|,,,,,Fire]Electabuzz||Eviolite|VitalSpirit|FollowMe,Thunderbolt,Taunt,Protect|||M|||50|,,,,,Ghost]Kingambit||BlackGlasses|Defiant|KowtowCleave,SuckerPunch,SwordsDance,Protect|||M|||50|,,,,,Dark
|showteam|p2|Sneasler||FocusSash|PoisonTouch|CloseCombat,DireClaw,FakeOut,Protect|||F|||50|,,,,,Stellar]Dragapult||ChoiceBand|ClearBody|DragonDarts,TeraBlast,PhantomForce,Uturn|||M|||50|,,,,,Ghost]Primarina||SitrusBerry|LiquidVoice|HyperVoice,Moonblast,Haze,Protect|||F|||50|,,,,,Water]Rillaboom||AssaultVest|GrassySurge|WoodHammer,GrassyGlide,HighHorsepower,FakeOut|||F|||50|,,,,,Fire]Kingambit||BlackGlasses|Defiant|KowtowCleave,SuckerPunch,SwordsDance,Protect|||M|||50|,,,,,Ghost]Magmar||Eviolite|VitalSpirit|Overheat,WillOWisp,FollowMe,Protect|||F|||50|,,,,,Fairy
|inactive|Battle timer is ON: inactive players will automatically lose when time's up. (requested by PaniniWeenie)
|inactive|stevie.bot has 60 seconds left.
|
|t:|1756934646
|teamsize|p1|4
|teamsize|p2|4
|start
|switch|p1a: Electabuzz|Electabuzz, L50, M|100/100
|switch|p1b: Volcarona|Volcarona, L50, M|100/100
|switch|p2a: Kingambit|Kingambit, L50, M|100/100
|switch|p2b: Primarina|Primarina, L50, F|100/100
|turn|1
|
|t:|1756934659
|-terastallize|p1b: Volcarona|Fairy
|-terastallize|p2a: Kingambit|Ghost
|move|p2b: Primarina|Protect|p2b: Primarina
|-singleturn|p2b: Primarina|Protect
|move|p1b: Volcarona|Heat Wave|p2b: Primarina|[spread] p2a
|-activate|p2b: Primarina|move: Protect
|-damage|p2a: Kingambit|71/100
|move|p1a: Electabuzz|Thunderbolt|p2b: Primarina
|-activate|p2b: Primarina|move: Protect
|move|p2a: Kingambit|Swords Dance|p2a: Kingambit
|-boost|p2a: Kingambit|atk|2
|
|upkeep
|turn|2
|
|t:|1756934676
|move|p1b: Volcarona|Protect|p1b: Volcarona
|-singleturn|p1b: Volcarona|Protect
|move|p1a: Electabuzz|Thunderbolt|p2a: Kingambit
|-damage|p2a: Kingambit|42/100
|-status|p2a: Kingambit|par
|move|p2b: Primarina|Hyper Voice|p1b: Volcarona|[spread] p1a
|-activate|p1b: Volcarona|move: Protect
|-damage|p1a: Electabuzz|74/100
|move|p2a: Kingambit|Kowtow Cleave|p1a: Electabuzz
|-damage|p1a: Electabuzz|0 fnt
|faint|p1a: Electabuzz
|
|upkeep
|
|t:|1756934686
|switch|p1a: Rillaboom|Rillaboom, L50, F|100/100
|-fieldstart|move: Grassy Terrain|[from] ability: Grassy Surge|[of] p1a: Rillaboom
|turn|3
|
|t:|1756934697
|switch|p2b: Magmar|Magmar, L50, F, shiny|100/100
|move|p2a: Kingambit|Sucker Punch||[still]
|-fail|p2a: Kingambit
|move|p1b: Volcarona|Quiver Dance|p1b: Volcarona
|-boost|p1b: Volcarona|spa|1
|-boost|p1b: Volcarona|spd|1
|-boost|p1b: Volcarona|spe|1
|move|p1a: Rillaboom|Wood Hammer|p2b: Magmar
|-resisted|p2b: Magmar
|-damage|p2b: Magmar|66/100
|-damage|p1a: Rillaboom|90/100|[from] Recoil
|
|-heal|p2b: Magmar|71/100|[from] Grassy Terrain
|-heal|p1a: Rillaboom|96/100|[from] Grassy Terrain
|-heal|p2a: Kingambit|48/100 par|[from] Grassy Terrain
|upkeep
|turn|4
|
|t:|1756934709
|cant|p2a: Kingambit|par
|move|p1b: Volcarona|Heat Wave|p2b: Magmar|[spread] p2a,p2b
|-resisted|p2b: Magmar
|-damage|p2a: Kingambit|3/100 par
|-damage|p2b: Magmar|49/100
|move|p2b: Magmar|Will-O-Wisp|p1a: Rillaboom
|-status|p1a: Rillaboom|brn
|move|p1a: Rillaboom|High Horsepower|p2b: Magmar
|-supereffective|p2b: Magmar
|-damage|p2b: Magmar|21/100
|
|-heal|p2b: Magmar|27/100|[from] Grassy Terrain
|-heal|p1a: Rillaboom|100/100 brn|[from] Grassy Terrain
|-heal|p2a: Kingambit|9/100 par|[from] Grassy Terrain
|-damage|p1a: Rillaboom|94/100 brn|[from] brn
|upkeep
|turn|5
|
|t:|1756934727
|move|p1b: Volcarona|Protect|p1b: Volcarona
|-singleturn|p1b: Volcarona|Protect
|move|p2b: Magmar|Protect|p2b: Magmar
|-singleturn|p2b: Magmar|Protect
|move|p2a: Kingambit|Sucker Punch|p1a: Rillaboom
|-damage|p1a: Rillaboom|0 fnt
|faint|p1a: Rillaboom
|
|-heal|p2b: Magmar|32/100|[from] Grassy Terrain
|-heal|p2a: Kingambit|15/100 par|[from] Grassy Terrain
|upkeep
|
|t:|1756934732
|switch|p1a: Kingambit|Kingambit, L50, M|100/100
|turn|6
|
|t:|1756934740
|move|p1a: Kingambit|Sucker Punch|p2a: Kingambit
|-supereffective|p2a: Kingambit
|-damage|p2a: Kingambit|0 fnt
|faint|p2a: Kingambit
|move|p1b: Volcarona|Heat Wave|p2b: Magmar
|-resisted|p2b: Magmar
|-damage|p2b: Magmar|1/100
|move|p2b: Magmar|Will-O-Wisp|p1a: Kingambit
|-status|p1a: Kingambit|brn
|
|-heal|p2b: Magmar|7/100|[from] Grassy Terrain
|-damage|p1a: Kingambit|95/100 brn|[from] brn
|upkeep
|
|t:|1756934754
|switch|p2a: Primarina|Primarina, L50, F|100/100
|turn|7
|
|t:|1756934764
|move|p2b: Magmar|Protect|p2b: Magmar
|-singleturn|p2b: Magmar|Protect
|move|p1b: Volcarona|Heat Wave|p2b: Magmar|[spread] p2a
|-activate|p2b: Magmar|move: Protect
|-resisted|p2a: Primarina
|-damage|p2a: Primarina|79/100
|move|p2a: Primarina|Haze|p2a: Primarina
|-clearallboost
|move|p1a: Kingambit|Kowtow Cleave|p2a: Primarina
|-resisted|p2a: Primarina
|-crit|p2a: Primarina
|-damage|p2a: Primarina|55/100
|
|-heal|p2b: Magmar|13/100|[from] Grassy Terrain
|-heal|p2a: Primarina|61/100|[from] Grassy Terrain
|-heal|p1a: Kingambit|100/100 brn|[from] Grassy Terrain
|-damage|p1a: Kingambit|95/100 brn|[from] brn
|-fieldend|move: Grassy Terrain
|upkeep
|turn|8
|
|t:|1756934777
|move|p2b: Magmar|Follow Me|p2b: Magmar
|-singleturn|p2b: Magmar|move: Follow Me
|move|p1b: Volcarona|Heat Wave|p2a: Primarina|[spread] p2a,p2b
|-resisted|p2a: Primarina
|-resisted|p2b: Magmar
|-damage|p2a: Primarina|47/100
|-damage|p2b: Magmar|0 fnt
|-enditem|p2a: Primarina|Sitrus Berry|[eat]
|-heal|p2a: Primarina|72/100|[from] item: Sitrus Berry
|faint|p2b: Magmar
|move|p2a: Primarina|Hyper Voice|p1b: Volcarona|[spread] p1a,p1b
|-damage|p1a: Kingambit|61/100 brn
|-damage|p1b: Volcarona|68/100
|move|p1a: Kingambit|Kowtow Cleave|p2a: Primarina
|-resisted|p2a: Primarina
|-damage|p2a: Primarina|55/100
|
|-heal|p1b: Volcarona|74/100|[from] item: Leftovers
|-damage|p1a: Kingambit|55/100 brn|[from] brn
|upkeep
|
|t:|1756934782
|switch|p2b: Sneasler|Sneasler, L50, F|100/100
|turn|9
|
|t:|1756934791
|move|p1b: Volcarona|Protect|p1b: Volcarona
|-singleturn|p1b: Volcarona|Protect
|move|p1a: Kingambit|Sucker Punch|p2b: Sneasler
|-resisted|p2b: Sneasler
|-damage|p2b: Sneasler|81/100
|move|p2b: Sneasler|Dire Claw|p1b: Volcarona
|-activate|p1b: Volcarona|move: Protect
|move|p2a: Primarina|Hyper Voice|p1a: Kingambit|[spread] p1a
|-activate|p1b: Volcarona|move: Protect
|-damage|p1a: Kingambit|23/100 brn
|
|-heal|p1b: Volcarona|81/100|[from] item: Leftovers
|-damage|p1a: Kingambit|17/100 brn|[from] brn
|upkeep
|turn|10
|
|t:|1756934802
|move|p2b: Sneasler|Dire Claw|p1b: Volcarona
|-supereffective|p1b: Volcarona
|-damage|p1b: Volcarona|0 fnt
|faint|p1b: Volcarona
|move|p2a: Primarina|Hyper Voice|p1a: Kingambit
|-damage|p1a: Kingambit|0 fnt
|faint|p1a: Kingambit
|
|win|stevie.bot
||PaniniWeenie is ready for game 3.
|inactive|stevie.bot has 30 seconds to confirm battle start!
||stevie.bot is ready for game 3.
|uhtml|next|Next: Game 3 of 3
|l|☆stevie.bot
|player|p2|
