|j|☆J.Arch
|j|☆krispycloud
|html|J.Archkrispycloud    
|uhtml|bestof|Game 2 of a best-of-3
|t:|1756699754
|gametype|doubles
|player|p1|J.Arch|blue|1127
|player|p2|krispycloud|flint|1101
|gen|9
|tier|[Gen 9] VGC 2025 Reg H (Bo3)
|rated|
|rule|Species Clause: Limit one of each Pokémon
|rule|Item Clause: Limit 1 of each item
|clearpoke
|poke|p1|Annihilape, L50, M|
|poke|p1|Archaludon, L50, M|
|poke|p1|Farigiraf, L50, M|
|poke|p1|Incineroar, L50, M|
|poke|p1|Rillaboom, L50, F|
|poke|p1|Pelipper, L50, M|
|poke|p2|Amoonguss, L50, M|
|poke|p2|Sneasler, L50, M|
|poke|p2|Gholdengo, L50|
|poke|p2|Incineroar, L50, M|
|poke|p2|Ursaluna-Bloodmoon, L50, M|
|poke|p2|Dragonite, L50, M|
|teampreview|4
|showteam|p1|Annihilape||ChoiceScarf|Defiant|FinalGambit,RageFist,Coaching,Uturn|||M|||50|,,,,,Grass]Archaludon||AssaultVest|Stamina|DragonPulse,ElectroShot,BodyPress,FlashCannon|||M|||50|,,,,,Bug]Farigiraf||ThroatSpray|ArmorTail|TrickRoom,Uproar,Psychic,HelpingHand|||M|||50|,,,,,Fairy]Incineroar||SitrusBerry|Intimidate|KnockOff,FakeOut,FlareBlitz,PartingShot|||M|||50|,,,,,Water]Rillaboom||LoadedDice|GrassySurge|GrassyGlide,FakeOut,BulletSeed,HighHorsepower|||F|||50|,,,,,Grass]Pelipper||FocusSash|Drizzle|Tailwind,Hurricane,WeatherBall,IcyWind|||M|||50|,,,,,Ghost
|showteam|p2|Amoonguss||SitrusBerry|Regenerator|RagePowder,Spore,PollenPuff,Protect|||M|||50|,,,,,Psychic]Sneasler||FocusSash|Unburden|Protect,DireClaw,CloseCombat,ThroatChop|||M|||50|,,,,,Stellar]Gholdengo||LifeOrb|GoodasGold|Protect,MakeItRain,ShadowBall,NastyPlot||||||50|,,,,,Water]Incineroar||SafetyGoggles|Intimidate|KnockOff,PartingShot,FlareBlitz,FakeOut|||M|||50|,,,,,Ghost]Ursaluna-Bloodmoon||AssaultVest|MindsEye|BloodMoon,EarthPower,VacuumWave,HyperVoice|||M|||50|,,,,,Water]Dragonite||LoadedDice|Multiscale|ScaleShot,Tailwind,Haze,Protect|||M|||50|,,,,,Fairy
|inactive|Battle timer is ON: inactive players will automatically lose when time's up. (requested by J.Arch)
|inactive|krispycloud has 60 seconds left.
|inactive|krispycloud has 30 seconds left.
|
|t:|1756699863
|teamsize|p1|4
|teamsize|p2|4
|start
|switch|p1a: Pelipper|Pelipper, L50, M|100/100
|switch|p1b: Archaludon|Archaludon, L50, M|100/100
|switch|p2a: Gholdengo|Gholdengo, L50|100/100
|switch|p2b: Amoonguss|Amoonguss, L50, M|100/100
|-weather|RainDance|[from] ability: Drizzle|[of] p1a: Pelipper
|turn|1
|inactive|J.Arch has 30 seconds left.
|inactive|krispycloud has 30 seconds left.
|inactive|J.Arch has 20 seconds left.
|inactive|krispycloud has 20 seconds left.
|inactive|J.Arch has 15 seconds left.
|inactive|krispycloud has 15 seconds left.
|inactive|J.Arch has 10 seconds left.
|inactive|krispycloud has 10 seconds left.
|inactive|J.Arch has 5 seconds left.
|inactive|krispycloud has 5 seconds left.
|
|t:|1756699918
|move|p2b: Amoonguss|Rage Powder|p2b: Amoonguss
|-singleturn|p2b: Amoonguss|move: Rage Powder
|move|p2a: Gholdengo|Nasty Plot|p2a: Gholdengo
|-boost|p2a: Gholdengo|spa|2
|move|p1a: Pelipper|Tailwind|p1a: Pelipper
|-sidestart|p1: J.Arch|move: Tailwind
|move|p1b: Archaludon|Dragon Pulse|p2b: Amoonguss
|-crit|p2b: Amoonguss
|-damage|p2b: Amoonguss|45/100
|-enditem|p2b: Amoonguss|Sitrus Berry|[eat]
|-heal|p2b: Amoonguss|70/100|[from] item: Sitrus Berry
|
|-weather|RainDance|[upkeep]
|upkeep
|turn|2
|inactive|krispycloud has 30 seconds left.
|
|t:|1756699951
|move|p2a: Gholdengo|Protect|p2a: Gholdengo
|-singleturn|p2a: Gholdengo|Protect
|move|p2b: Amoonguss|Protect|p2b: Amoonguss
|-singleturn|p2b: Amoonguss|Protect
|move|p1a: Pelipper|Hurricane|p2b: Amoonguss
|-activate|p2b: Amoonguss|move: Protect
|move|p1b: Archaludon|Electro Shot||[still]
|-prepare|p1b: Archaludon|Electro Shot
|-boost|p1b: Archaludon|spa|1
|-anim|p1b: Archaludon|Electro Shot|p2a: Gholdengo
|-activate|p2a: Gholdengo|move: Protect
|
|-weather|RainDance|[upkeep]
|upkeep
|turn|3
|inactive|krispycloud has 30 seconds left.
|inactive|krispycloud has 20 seconds left.
|inactive|krispycloud has 15 seconds left.
|inactive|krispycloud has 10 seconds left.
|
|t:|1756699998
|move|p2b: Amoonguss|Rage Powder|p2b: Amoonguss
|-singleturn|p2b: Amoonguss|move: Rage Powder
|move|p1a: Pelipper|Hurricane|p2b: Amoonguss
|-supereffective|p2b: Amoonguss
|-damage|p2b: Amoonguss|0 fnt
|faint|p2b: Amoonguss
|move|p1b: Archaludon|Dragon Pulse|p2a: Gholdengo
|-resisted|p2a: Gholdengo
|-damage|p2a: Gholdengo|70/100
|move|p2a: Gholdengo|Shadow Ball|p1b: Archaludon
|-damage|p1b: Archaludon|19/100
|-ability|p1b: Archaludon|Stamina|boost
|-boost|p1b: Archaludon|def|1
|-damage|p2a: Gholdengo|61/100|[from] item: Life Orb
|
|-weather|RainDance|[upkeep]
|upkeep
|
|t:|1756700009
|switch|p2b: Sneasler|Sneasler, L50, M|100/100
|turn|4
|
|t:|1756700029
|switch|p1a: Incineroar|Incineroar, L50, M|100/100
|-ability|p1a: Incineroar|Intimidate|boost
|-unboost|p2a: Gholdengo|atk|1
|-unboost|p2b: Sneasler|atk|1
|move|p2b: Sneasler|Protect|p2b: Sneasler
|-singleturn|p2b: Sneasler|Protect
|move|p2a: Gholdengo|Protect|p2a: Gholdengo
|-singleturn|p2a: Gholdengo|Protect
|move|p1b: Archaludon|Electro Shot||[still]
|-prepare|p1b: Archaludon|Electro Shot
|-boost|p1b: Archaludon|spa|1
|-anim|p1b: Archaludon|Electro Shot|p2a: Gholdengo
|-activate|p2a: Gholdengo|move: Protect
|
|-weather|RainDance|[upkeep]
|-sideend|p1: J.Arch|move: Tailwind
|upkeep
|turn|5
|inactive|krispycloud has 30 seconds left.
|
|t:|1756700059
|switch|p2b: Ursaluna|Ursaluna-Bloodmoon, L50, M|100/100
|-terastallize|p2a: Gholdengo|Water
|move|p1a: Incineroar|Fake Out|p2b: Ursaluna
|-damage|p2b: Ursaluna|91/100
|move|p2a: Gholdengo|Make It Rain|p1b: Archaludon|[spread] p1a,p1b
|-resisted|p1a: Incineroar
|-crit|p1a: Incineroar
|-resisted|p1b: Archaludon
|-damage|p1a: Incineroar|28/100
|-damage|p1b: Archaludon|0 fnt
|-unboost|p2a: Gholdengo|spa|1
|-enditem|p1a: Incineroar|Sitrus Berry|[eat]
|-heal|p1a: Incineroar|53/100|[from] item: Sitrus Berry
|faint|p1b: Archaludon
|-damage|p2a: Gholdengo|51/100|[from] item: Life Orb
|
|-weather|none
|upkeep
|
|t:|1756700068
|switch|p1b: Pelipper|Pelipper, L50, M|100/100
|-weather|RainDance|[from] ability: Drizzle|[of] p1b: Pelipper
|turn|6
|inactive|krispycloud has 30 seconds left.
|inactive|krispycloud has 20 seconds left.
|inactive|krispycloud has 15 seconds left.
|
|t:|1756700113
|move|p2a: Gholdengo|Make It Rain|p1a: Incineroar|[spread] p1a,p1b
|-resisted|p1a: Incineroar
|-crit|p1a: Incineroar
|-resisted|p1b: Pelipper
|-damage|p1a: Incineroar|3/100
|-damage|p1b: Pelipper|23/100
|-unboost|p2a: Gholdengo|spa|1
|-damage|p2a: Gholdengo|42/100|[from] item: Life Orb
|move|p1b: Pelipper|Tailwind|p1b: Pelipper
|-sidestart|p1: J.Arch|move: Tailwind
|move|p1a: Incineroar|Knock Off|p2a: Gholdengo
|-damage|p2a: Gholdengo|0 fnt
|-enditem|p2a: Gholdengo|Life Orb|[from] move: Knock Off|[of] p1a: Incineroar
|faint|p2a: Gholdengo
|move|p2b: Ursaluna|Hyper Voice|p1a: Incineroar|[spread] p1a,p1b
|-damage|p1a: Incineroar|0 fnt
|-damage|p1b: Pelipper|0 fnt
|faint|p1a: Incineroar
|faint|p1b: Pelipper
|
|-weather|RainDance|[upkeep]
|upkeep
|
|t:|1756700128
|switch|p2a: Sneasler|Sneasler, L50, M|100/100
|switch|p1b: Annihilape|Annihilape, L50, M|100/100
|turn|7
|inactive|krispycloud has 30 seconds left.
|c|☆J.Arch|gg
|
|t:|1756700158
|move|p1b: Annihilape|U-turn|p2b: Ursaluna
|-damage|p2b: Ursaluna|76/100
|move|p2a: Sneasler|Dire Claw|p1b: Annihilape
|-resisted|p1b: Annihilape
|-damage|p1b: Annihilape|81/100
|-status|p1b: Annihilape|slp
|move|p2b: Ursaluna|Blood Moon|p1b: Annihilape
|-damage|p1b: Annihilape|8/100 slp
|
|-weather|RainDance|[upkeep]
|upkeep
|turn|8
|-message|J.Arch forfeited.
|
|win|krispycloud
|raw|J.Arch's rating: 1127 → 1100(-27 for losing)
|raw|krispycloud's rating: 1101 → 1128(+27 for winning)
|l|☆J.Arch
|player|p1|
