|j|☆testdigi
|j|‽gdog6969
|html|testdigigdog6969    
|uhtml|bestof|Game 1 of a best-of-3
|t:|1785417623
|gametype|doubles
|player|p1|testdigi|169|1085
|player|p2|gdog6969|2|1000
|gen|9
|tier|[Gen 9 Champions] VGC 2026 Reg M-B (Bo3)
|rated|
|rule|Species Clause: Limit one of each Pokémon
|rule|Item Clause: Limit 1 of each item
|clearpoke
|poke|p1|Tyranitar, L50, M|
|poke|p1|Excadrill, L50, F|
|poke|p1|Gholdengo, L50, shiny|
|poke|p1|Milotic, L50, F, shiny|
|poke|p1|Sinistcha, L50|
|poke|p1|Staraptor, L50, M|
|poke|p2|Whimsicott, L50, F|
|poke|p2|Grimmsnarl, L50, M|
|poke|p2|Maushold-Four, L50|
|poke|p2|Annihilape, L50, F|
|poke|p2|Scovillain, L50, F|
|poke|p2|Sinistcha-Masterpiece, L50|
|teampreview|4
|showteam|p1|Tyranitar||Tyranitarite|SandStream|RockSlide,KnockOff,LowKick,Protect|Adamant||M|||50|]Excadrill||FocusSash|SandRush|HighHorsepower,IronHead,RockTomb,Protect|Adamant||F|||50|]Gholdengo||LifeOrb|GoodasGold|ShadowBall,MakeItRain,NastyPlot,Protect|Modest|||||50|]Milotic||Leftovers|Competitive|Scald,Recover,IcyWind,Protect|Calm||F|||50|]Sinistcha||ColburBerry|Hospitality|MatchaGotcha,ShadowBall,RagePowder,Protect|Relaxed|||||50|]Staraptor||Staraptite|Intimidate|CloseCombat,BraveBird,Tailwind,Protect|Jolly||M|||50|
|showteam|p2|Whimsicott||FocusSash|Prankster|Tailwind,Charm,Encore,Moonblast|Timid||F|||50|]Grimmsnarl||LightClay|Prankster|FakeOut,Reflect,LightScreen,PartingShot|Careful||M|||50|]Maushold-Four||ChopleBerry|FriendGuard|SuperFang,BeatUp,FollowMe,Feint|Timid|||||50|]Annihilape||SitrusBerry|Defiant|Protect,BulkUp,DrainPunch,RageFist|Brave||F|||50|]Scovillain||Scovillainite|Moody|Protect,LeechSeed,GigaDrain,RagePowder|Bold||F|||50|]Sinistcha-Masterpiece||CobaBerry|Hospitality|LifeDew,RagePowder,TrickRoom,MatchaGotcha|Relaxed|||||50|
|inactive|Battle timer is ON: inactive players will automatically lose when time's up. (requested by testdigi)
|
|t:|1785417683
|teamsize|p1|4
|teamsize|p2|4
|start
|switch|p1a: Milotic|Milotic, L50, F, shiny|100/100
|switch|p1b: Gholdengo|Gholdengo, L50, shiny|100/100
|switch|p2a: Grimmsnarl|Grimmsnarl, L50, M|100/100
|switch|p2b: Scovillain|Scovillain, L50, F|100/100
|turn|1
|inactive|testdigi has 30 seconds left.
|
|t:|1785417710
|move|p2a: Grimmsnarl|Light Screen|p2a: Grimmsnarl
|-sidestart|p2: gdog6969|move: Light Screen
|move|p1b: Gholdengo|Nasty Plot|p1b: Gholdengo
|-boost|p1b: Gholdengo|spa|2
|move|p1a: Milotic|Icy Wind|p2b: Scovillain|[spread] p2b
|-miss|p1a: Milotic|p2a: Grimmsnarl
|-damage|p2b: Scovillain|92/100
|-unboost|p2b: Scovillain|spe|1
|move|p2b: Scovillain|Leech Seed|p1a: Milotic
|-start|p1a: Milotic|move: Leech Seed
|
|-damage|p1a: Milotic|87/100|[from] Leech Seed|[of] p2b: Scovillain
|-heal|p2b: Scovillain|100/100|[silent]
|-ability|p2b: Scovillain|Moody|boost
|-boost|p2b: Scovillain|atk|2
|-unboost|p2b: Scovillain|spe|1
|upkeep
|turn|2
|
|t:|1785417732
|switch|p2a: Sinistcha|Sinistcha-Masterpiece, L50|100/100
|move|p1b: Gholdengo|Nasty Plot|p1b: Gholdengo
|-boost|p1b: Gholdengo|spa|2
|move|p1a: Milotic|Scald|p2b: Scovillain
|-damage|p2b: Scovillain|80/100
|move|p2b: Scovillain|Giga Drain|p1a: Milotic
|-supereffective|p1a: Milotic|1
|-damage|p1a: Milotic|53/100
|-heal|p2b: Scovillain|100/100|[from] drain|[of] p1a: Milotic
|
|-heal|p1a: Milotic|59/100|[from] item: Leftovers
|-damage|p1a: Milotic|47/100|[from] Leech Seed|[of] p2b: Scovillain
|-ability|p2b: Scovillain|Moody|boost
|-boost|p2b: Scovillain|spa|2
|-unboost|p2b: Scovillain|spe|1
|upkeep
|turn|3
|inactive|gdog6969 has 30 seconds left.
|inactive|testdigi has 30 seconds left.
|inactive|gdog6969 has 20 seconds left.
|inactive|gdog6969 has 15 seconds left.
|inactive|gdog6969 has 10 seconds left.
|inactive|gdog6969 has 5 seconds left.
|
|t:|1785417787
|move|p2b: Scovillain|Protect|p2b: Scovillain
|-singleturn|p2b: Scovillain|Protect
|move|p1b: Gholdengo|Shadow Ball|p2a: Sinistcha
|-supereffective|p2a: Sinistcha|1
|-damage|p2a: Sinistcha|0 fnt
|faint|p2a: Sinistcha
|-damage|p1b: Gholdengo|90/100|[from] item: Life Orb
|move|p1a: Milotic|Scald|p2b: Scovillain
|-activate|p2b: Scovillain|move: Protect
|
|-heal|p1a: Milotic|53/100|[from] item: Leftovers
|-damage|p1a: Milotic|41/100|[from] Leech Seed|[of] p2b: Scovillain
|-ability|p2b: Scovillain|Moody|boost
|-boost|p2b: Scovillain|spa|2
|-unboost|p2b: Scovillain|spe|1
|upkeep
|inactive|gdog6969 has 30 seconds left.
|inactive|gdog6969 has 20 seconds left.
|inactive|gdog6969 has 15 seconds left.
|inactive|gdog6969 has 10 seconds left.
|inactive|gdog6969 has 5 seconds left.
|
|t:|1785417842
|switch|p2a: Annihilape|Annihilape, L50, F|100/100
|turn|4
|inactive|gdog6969 has 30 seconds left.
|inactive|gdog6969 has 20 seconds left.
|inactive|gdog6969 has 15 seconds left.
|inactive|gdog6969 has 10 seconds left.
|inactive|gdog6969 has 5 seconds left.
|
|t:|1785417897
|switch|p1a: Tyranitar|Tyranitar, L50, M|100/100
|-weather|Sandstorm|[from] ability: Sand Stream|[of] p1a: Tyranitar
|move|p2a: Annihilape|Protect|p2a: Annihilape
|-singleturn|p2a: Annihilape|Protect
|move|p2b: Scovillain|Protect||[still]
|-fail|p2b: Scovillain
|move|p1b: Gholdengo|Shadow Ball|p2a: Annihilape
|-activate|p2a: Annihilape|move: Protect
|
|-weather|Sandstorm|[upkeep]
|-damage|p2a: Annihilape|94/100|[from] Sandstorm
|-damage|p2b: Scovillain|94/100|[from] Sandstorm
|-ability|p2b: Scovillain|Moody|boost
|-boost|p2b: Scovillain|spe|2
|-unboost|p2b: Scovillain|spd|1
|upkeep
|turn|5
|inactive|testdigi has 30 seconds left.
|inactive|gdog6969 has 30 seconds left.
|inactive|testdigi has 20 seconds left.
|inactive|gdog6969 has 20 seconds left.
|inactive|testdigi has 15 seconds left.
|inactive|gdog6969 has 15 seconds left.
|inactive|testdigi has 10 seconds left.
|inactive|gdog6969 has 10 seconds left.
|inactive|gdog6969 has 5 seconds left.
|
|t:|1785417952
|move|p1a: Tyranitar|Protect|p1a: Tyranitar
|-singleturn|p1a: Tyranitar|Protect
|move|p2a: Annihilape|Protect||[still]
|-fail|p2a: Annihilape
|move|p2b: Scovillain|Protect|p2b: Scovillain
|-singleturn|p2b: Scovillain|Protect
|move|p1b: Gholdengo|Shadow Ball|p2a: Annihilape
|-supereffective|p2a: Annihilape|1
|-damage|p2a: Annihilape|0 fnt
|faint|p2a: Annihilape
|-damage|p1b: Gholdengo|81/100|[from] item: Life Orb
|
|-weather|Sandstorm|[upkeep]
|-damage|p2b: Scovillain|88/100|[from] Sandstorm
|-ability|p2b: Scovillain|Moody|boost
|-boost|p2b: Scovillain|spa|2
|-unboost|p2b: Scovillain|spe|1
|upkeep
|inactive|gdog6969 has 30 seconds left.
|inactive|gdog6969 has 20 seconds left.
|inactive|gdog6969 has 15 seconds left.
|inactive|gdog6969 has 10 seconds left.
|inactive|gdog6969 has 5 seconds left.
|
|t:|1785418007
|switch|p2a: Grimmsnarl|Grimmsnarl, L50, M|100/100
|turn|6
|inactive|gdog6969 has 30 seconds left.
|inactive|gdog6969 has 20 seconds left.
|inactive|gdog6969 has 15 seconds left.
|inactive|gdog6969 has 10 seconds left.
|inactive|gdog6969 has 5 seconds left.
|
|t:|1785418062
|detailschange|p1a: Tyranitar|Tyranitar-Mega, L50, M
|-mega|p1a: Tyranitar|Tyranitar|Tyranitarite
|move|p2b: Scovillain|Protect|p2b: Scovillain
|-singleturn|p2b: Scovillain|Protect
|move|p2a: Grimmsnarl|Fake Out|p1b: Gholdengo
|-immune|p1b: Gholdengo
|move|p1b: Gholdengo|Make It Rain|p2a: Grimmsnarl|[spread] p2a
|-activate|p2b: Scovillain|move: Protect
|-supereffective|p2a: Grimmsnarl|1
|-damage|p2a: Grimmsnarl|0 fnt
|-unboost|p1b: Gholdengo|spa|2
|faint|p2a: Grimmsnarl
|-damage|p1b: Gholdengo|71/100|[from] item: Life Orb
|move|p1a: Tyranitar|Rock Slide|p2b: Scovillain
|-activate|p2b: Scovillain|move: Protect
|
|-weather|Sandstorm|[upkeep]
|-damage|p2b: Scovillain|82/100|[from] Sandstorm
|-ability|p2b: Scovillain|Moody|boost
|-boost|p2b: Scovillain|spd|2
|-unboost|p2b: Scovillain|def|1
|upkeep
|turn|7
|inactive|gdog6969 has 30 seconds left.
|inactive|gdog6969 has 20 seconds left.
|inactive|gdog6969 has 15 seconds left.
|inactive|gdog6969 has 10 seconds left.
|inactive|gdog6969 has 5 seconds left.
|
|t:|1785418117
|move|p2b: Scovillain|Protect||[still]
|-fail|p2b: Scovillain
|move|p1b: Gholdengo|Shadow Ball|p2b: Scovillain
|-damage|p2b: Scovillain|23/100
|-damage|p1b: Gholdengo|62/100|[from] item: Life Orb
|move|p1a: Tyranitar|Rock Slide|p2b: Scovillain
|-supereffective|p2b: Scovillain|1
|-damage|p2b: Scovillain|0 fnt
|faint|p2b: Scovillain
|
|win|testdigi
|inactive|testdigi has 30 seconds to confirm battle start!
|inactive|gdog6969 has 30 seconds to confirm battle start!
|inactive|testdigi has 20 seconds to confirm battle start!
|inactive|gdog6969 has 20 seconds to confirm battle start!
|inactive|testdigi has 10 seconds to confirm battle start!
|inactive|gdog6969 has 10 seconds to confirm battle start!
|uhtml|next|Next: Game 2 of 3
