|j|☆dirt_goop
|j|☆ROCKkss
|html|dirt_goopROCKkss    
|uhtml|bestof|Game 2 of a best-of-3
|t:|1757773435
|gametype|doubles
|player|p1|dirt_goop|steven|
|player|p2|ROCKkss|266|
|gen|9
|tier|[Gen 9] VGC 2025 Reg H (Bo3)
|rule|Species Clause: Limit one of each Pokémon
|rule|Item Clause: Limit 1 of each item
|clearpoke
|poke|p1|Typhlosion-Hisui, L50, F|
|poke|p1|Whimsicott, L50, F|
|poke|p1|Indeedee-F, L50, F|
|poke|p1|Ursaluna, L50, F|
|poke|p1|Volcarona, L50, F|
|poke|p1|Gallade, L50, M|
|poke|p2|Talonflame, L50, M|
|poke|p2|Ninetales-Alola, L50, M|
|poke|p2|Garchomp, L50, F|
|poke|p2|Gholdengo, L50|
|poke|p2|Hydreigon, L50, F|
|poke|p2|Amoonguss, L50, M|
|teampreview|4
|showteam|p1|Typhlosion-Hisui||ChoiceSpecs|Frisk|Eruption,HeatWave,ShadowBall,Flamethrower|||F|||50|,,,,,Fire]Whimsicott||CovertCloak|Prankster|HelpingHand,Moonblast,Tailwind,SunnyDay|||F|||50|,,,,,Dark]Indeedee-F||SafetyGoggles|PsychicSurge|TrickRoom,FollowMe,Psychic,Protect|||F|||50|,,,,,Grass]Ursaluna||FlameOrb|Guts|Earthquake,HeadlongRush,Facade,Protect|||F|||50|,,,,,Ghost]Volcarona||Leftovers|FlameBody|GigaDrain,RagePowder,FieryDance,QuiverDance|||F|||50|,,,,,Grass]Gallade||ClearAmulet|Sharpness|PsychoCut,AquaCutter,WideGuard,SacredSword|||M|||50|,,,,,Steel
|showteam|p2|Talonflame||CovertCloak|GaleWings|BraveBird,Tailwind,Taunt,QuickGuard|||M|||50|,,,,,Flying]Ninetales-Alola||FocusSash|SnowWarning|Blizzard,FreezeDry,Moonblast,Protect|||M|||50|,,,,,Ice]Garchomp||ClearAmulet|RoughSkin|Earthquake,DragonClaw,RockSlide,Protect|||F|||50|,,,,,Rock]Gholdengo||LifeOrb|GoodasGold|MakeItRain,ShadowBall,NastyPlot,Protect||||||50|,,,,,Water]Hydreigon||ChoiceSpecs|Levitate|Snarl,DarkPulse,DracoMeteor,HeatWave|||F|||50|,,,,,Fire]Amoonguss||SitrusBerry|Regenerator|SludgeBomb,RagePowder,Spore,Protect|||M|||50|,,,,,Water
|inactive|Battle timer is ON: inactive players will automatically lose when time's up. (requested by dirt_goop)
|inactive|dirt_goop has 60 seconds left.
|inactive|ROCKkss has 60 seconds left.
|
|t:|1757773474
|teamsize|p1|4
|teamsize|p2|4
|start
|switch|p1a: Typhlosion|Typhlosion-Hisui, L50, F|100/100
|switch|p1b: Indeedee|Indeedee-F, L50, F|100/100
|switch|p2a: Talonflame|Talonflame, L50, M|100/100
|switch|p2b: Hydreigon|Hydreigon, L50, F|100/100
|-item|p2a: Talonflame|Covert Cloak|[from] ability: Frisk|[of] p1a: Typhlosion
|-item|p2b: Hydreigon|Choice Specs|[from] ability: Frisk|[of] p1a: Typhlosion
|-fieldstart|move: Psychic Terrain|[from] ability: Psychic Surge|[of] p1b: Indeedee
|turn|1
|inactive|ROCKkss has 30 seconds left.
|
|t:|1757773499
|-terastallize|p1a: Typhlosion|Fire
|move|p1b: Indeedee|Follow Me|p1b: Indeedee
|-singleturn|p1b: Indeedee|move: Follow Me
|move|p2a: Talonflame|Taunt|p1b: Indeedee
|-start|p1b: Indeedee|move: Taunt
|move|p2b: Hydreigon|Snarl|p1a: Typhlosion|[spread] p1a,p1b
|-supereffective|p1b: Indeedee
|-damage|p1a: Typhlosion|62/100
|-damage|p1b: Indeedee|56/100
|-unboost|p1a: Typhlosion|spa|1
|-unboost|p1b: Indeedee|spa|1
|move|p1a: Typhlosion|Heat Wave|p2a: Talonflame|[spread] p2b
|-miss|p1a: Typhlosion|p2a: Talonflame
|-resisted|p2b: Hydreigon
|-damage|p2b: Hydreigon|72/100
|-status|p2b: Hydreigon|brn
|
|-damage|p2b: Hydreigon|66/100 brn|[from] brn
|upkeep
|turn|2
|
|t:|1757773523
|switch|p1a: Volcarona|Volcarona, L50, F|100/100
|move|p2a: Talonflame|Brave Bird|p1a: Volcarona
|-activate|p1a: Volcarona|move: Psychic Terrain
|move|p2b: Hydreigon|Snarl|p1a: Volcarona|[spread] p1a,p1b
|-supereffective|p1b: Indeedee
|-damage|p1a: Volcarona|68/100
|-damage|p1b: Indeedee|8/100
|-unboost|p1a: Volcarona|spa|1
|-unboost|p1b: Indeedee|spa|1
|move|p1b: Indeedee|Psychic|p2a: Talonflame
|-damage|p2a: Talonflame|69/100
|
|-heal|p1a: Volcarona|74/100|[from] item: Leftovers
|-damage|p2b: Hydreigon|60/100 brn|[from] brn
|upkeep
|turn|3
|inactive|dirt_goop has 30 seconds left.
|inactive|dirt_goop has 20 seconds left.
|inactive|dirt_goop has 15 seconds left.
|
|t:|1757773564
|move|p2a: Talonflame|Brave Bird|p1a: Volcarona
|-supereffective|p1a: Volcarona
|-damage|p1a: Volcarona|0 fnt
|faint|p1a: Volcarona
|-damage|p2a: Talonflame|43/100|[from] Recoil
|move|p2b: Hydreigon|Snarl|p1b: Indeedee
|-supereffective|p1b: Indeedee
|-damage|p1b: Indeedee|0 fnt
|faint|p1b: Indeedee
|
|-damage|p2b: Hydreigon|54/100 brn|[from] brn
|upkeep
|
|t:|1757773575
|switch|p1a: Typhlosion|Typhlosion-Hisui, L50, F, tera:Fire|62/100
|switch|p1b: Whimsicott|Whimsicott, L50, F|100/100
|-item|p2a: Talonflame|Covert Cloak|[from] ability: Frisk|[of] p1a: Typhlosion
|-item|p2b: Hydreigon|Choice Specs|[from] ability: Frisk|[of] p1a: Typhlosion
|turn|4
|
|t:|1757773588
|move|p1b: Whimsicott|Tailwind|p1b: Whimsicott
|-sidestart|p1: dirt_goop|move: Tailwind
|move|p1a: Typhlosion|Heat Wave|p2b: Hydreigon|[spread] p2a,p2b
|-resisted|p2a: Talonflame
|-resisted|p2b: Hydreigon
|-damage|p2a: Talonflame|0 fnt
|-damage|p2b: Hydreigon|14/100 brn
|faint|p2a: Talonflame
|move|p2b: Hydreigon|Snarl|p1b: Whimsicott|[spread] p1a,p1b
|-resisted|p1b: Whimsicott
|-damage|p1a: Typhlosion|15/100
|-damage|p1b: Whimsicott|80/100
|-unboost|p1a: Typhlosion|spa|1
|
|-damage|p2b: Hydreigon|8/100 brn|[from] brn
|upkeep
|
|t:|1757773603
|switch|p2a: Garchomp|Garchomp, L50, F|100/100
|turn|5
|
|t:|1757773613
|-terastallize|p2a: Garchomp|Rock
|move|p1b: Whimsicott|Moonblast|p2a: Garchomp
|-damage|p2a: Garchomp|73/100
|move|p1a: Typhlosion|Heat Wave|p2b: Hydreigon|[spread] p2a,p2b
|-resisted|p2a: Garchomp
|-resisted|p2b: Hydreigon
|-damage|p2a: Garchomp|46/100
|-damage|p2b: Hydreigon|0 fnt
|-status|p2a: Garchomp|brn
|faint|p2b: Hydreigon
|move|p2a: Garchomp|Rock Slide|p1b: Whimsicott|[spread] p1a,p1b
|-supereffective|p1a: Typhlosion
|-damage|p1a: Typhlosion|0 fnt
|-damage|p1b: Whimsicott|62/100
|faint|p1a: Typhlosion
|
|-damage|p2a: Garchomp|40/100 brn|[from] brn
|-fieldend|move: Psychic Terrain
|upkeep
|
|t:|1757773629
|switch|p2b: Ninetales|Ninetales-Alola, L50, M|100/100
|-weather|Snowscape|[from] ability: Snow Warning|[of] p2b: Ninetales
|turn|6
|
|t:|1757773646
|move|p1b: Whimsicott|Sunny Day|p1b: Whimsicott
|-weather|SunnyDay
|move|p2b: Ninetales|Blizzard|p1b: Whimsicott
|-supereffective|p1b: Whimsicott
|-damage|p1b: Whimsicott|0 fnt
|faint|p1b: Whimsicott
|
|win|ROCKkss
