|j|☆Soratami
|j|☆Sedrav
|html|SoratamiSedrav    
|uhtml|bestof|Game 1 of a best-of-3
|t:|1756946053
|gametype|doubles
|player|p1|Soratami|ethan|1169
|player|p2|Sedrav|265|1145
|gen|9
|tier|[Gen 9] VGC 2025 Reg H (Bo3)
|rated|
|rule|Species Clause: Limit one of each Pokémon
|rule|Item Clause: Limit 1 of each item
|clearpoke
|poke|p1|Torkoal, L50, F|
|poke|p1|Vileplume, L50, F|
|poke|p1|Hatterene, L50, F|
|poke|p1|Indeedee-F, L50, F|
|poke|p1|Gallade, L50, M|
|poke|p1|Ursaluna, L50, M|
|poke|p2|Garchomp, L50, F|
|poke|p2|Talonflame, L50, F|
|poke|p2|Gholdengo, L50|
|poke|p2|Tyranitar, L50, M|
|poke|p2|Amoonguss, L50, F|
|poke|p2|Milotic, L50, M|
|teampreview|4
|showteam|p1|Torkoal||Charcoal|Drought|Eruption,HeatWave,ClearSmog,Protect|||F|||50|,,,,,Fire]Vileplume||FocusSash|Chlorophyll|SleepPowder,LeafStorm,Protect,AfterYou|||F|||50|,,,,,Water]Hatterene||LifeOrb|MagicBounce|DazzlingGleam,ExpandingForce,TrickRoom,Protect|||F|||50|,,,,,Psychic]Indeedee-F||PsychicSeed|PsychicSurge|Psychic,FollowMe,HelpingHand,TrickRoom|||F|||50|,,,,,Psychic]Gallade||ClearAmulet|Sharpness|PsychoCut,SacredSword,TrickRoom,WideGuard|||M|||50|,,,,,Fire]Ursaluna||FlameOrb|Guts|HeadlongRush,Facade,Earthquake,Protect|||M|||50|,,,,,Ghost
|showteam|p2|Garchomp||LifeOrb|RoughSkin|DragonClaw,StompingTantrum,Earthquake,Protect|||F|||50|,,,,,Fairy]Talonflame||CovertCloak|GaleWings|BraveBird,Tailwind,WillOWisp,Taunt|||F|||50|,,,,,Grass]Gholdengo||MetalCoat|GoodasGold|MakeItRain,ShadowBall,NastyPlot,Protect||||||50|,,,,,Flying]Tyranitar||AssaultVest|SandStream|RockSlide,KnockOff,LowKick,TeraBlast|||M|||50|,,,,,Flying]Amoonguss||SitrusBerry|Regenerator|Spore,RagePowder,PollenPuff,Protect|||F|||50|,,,,,Water]Milotic||SafetyGoggles|Competitive|Scald,IcyWind,Haze,Protect|||M|||50|,,,,,Dragon
|inactive|Battle timer is ON: inactive players will automatically lose when time's up. (requested by Soratami)
|inactive|Soratami has 60 seconds left.
|inactive|Sedrav has 60 seconds left.
|inactive|Sedrav has 30 seconds left.
|inactive|Sedrav has 20 seconds left.
|inactive|Sedrav has 15 seconds left.
|inactive|Sedrav has 10 seconds left.
|inactive|Sedrav has 5 seconds left.
|
|t:|1756946139
|teamsize|p1|4
|teamsize|p2|4
|start
|switch|p1a: Indeedee|Indeedee-F, L50, F|100/100
|switch|p1b: Shura|Gallade, L50, M|100/100
|switch|p2a: Garchomp|Garchomp, L50, F|100/100
|switch|p2b: Gholdengo|Gholdengo, L50|100/100
|-fieldstart|move: Psychic Terrain|[from] ability: Psychic Surge|[of] p1a: Indeedee
|-enditem|p1a: Indeedee|Psychic Seed
|-boost|p1a: Indeedee|spd|1|[from] item: Psychic Seed
|turn|1
|inactive|Sedrav has 30 seconds left.
|
|t:|1756946167
|move|p1a: Indeedee|Follow Me|p1a: Indeedee
|-singleturn|p1a: Indeedee|move: Follow Me
|move|p2a: Garchomp|Dragon Claw|p1a: Indeedee
|-damage|p1a: Indeedee|46/100
|-damage|p2a: Garchomp|91/100|[from] item: Life Orb
|move|p2b: Gholdengo|Nasty Plot|p2b: Gholdengo
|-boost|p2b: Gholdengo|spa|2
|move|p1b: Shura|Trick Room|p1b: Shura
|-fieldstart|move: Trick Room|[of] p1b: Shura
|
|upkeep
|turn|2
|inactive|Soratami has 30 seconds left.
|inactive|Soratami has 20 seconds left.
|
|t:|1756946207
|-terastallize|p1b: Shura|Fire
|-terastallize|p2b: Gholdengo|Flying
|move|p1a: Indeedee|Follow Me|p1a: Indeedee
|-singleturn|p1a: Indeedee|move: Follow Me
|move|p1b: Shura|Psycho Cut|p2b: Gholdengo
|-damage|p2b: Gholdengo|22/100
|move|p2b: Gholdengo|Make It Rain|p1b: Shura|[spread] p1a,p1b
|-resisted|p1b: Shura
|-damage|p1a: Indeedee|0 fnt
|-damage|p1b: Shura|54/100
|-unboost|p2b: Gholdengo|spa|1
|faint|p1a: Indeedee
|move|p2a: Garchomp|Earthquake|p1b: Shura|[spread] p1b
|-immune|p2b: Gholdengo
|-supereffective|p1b: Shura
|-damage|p1b: Shura|0 fnt
|faint|p1b: Shura
|-damage|p2a: Garchomp|81/100|[from] item: Life Orb
|
|upkeep
|
|t:|1756946224
|switch|p1b: Torkoal|Torkoal, L50, F|100/100
|switch|p1a: PsychoMantis|Hatterene, L50, F|100/100
|-weather|SunnyDay|[from] ability: Drought|[of] p1b: Torkoal
|turn|3
|inactive|Sedrav has 30 seconds left.
|
|t:|1756946252
|switch|p2b: Tyranitar|Tyranitar, L50, M|100/100
|-weather|Sandstorm|[from] ability: Sand Stream|[of] p2b: Tyranitar
|move|p2a: Garchomp|Protect|p2a: Garchomp
|-singleturn|p2a: Garchomp|Protect
|move|p1b: Torkoal|Eruption|p2a: Garchomp|[spread] p2b
|-activate|p2a: Garchomp|move: Protect
|-resisted|p2b: Tyranitar
|-damage|p2b: Tyranitar|90/100
|move|p1a: PsychoMantis|Dazzling Gleam|p2b: Tyranitar|[spread] p2b
|-activate|p2a: Garchomp|move: Protect
|-supereffective|p2b: Tyranitar
|-damage|p2b: Tyranitar|53/100
|-damage|p1a: PsychoMantis|91/100|[from] item: Life Orb
|
|-weather|Sandstorm|[upkeep]
|-damage|p1b: Torkoal|94/100|[from] Sandstorm
|-damage|p1a: PsychoMantis|85/100|[from] Sandstorm
|upkeep
|turn|4
|inactive|Soratami has 30 seconds left.
|inactive|Sedrav has 30 seconds left.
|
|t:|1756946283
|switch|p2a: Amoonguss|Amoonguss, L50, F|100/100
|move|p1b: Torkoal|Heat Wave|p2a: Amoonguss|[spread] p2a
|-miss|p1b: Torkoal|p2b: Tyranitar
|-supereffective|p2a: Amoonguss
|-damage|p2a: Amoonguss|40/100
|-enditem|p2a: Amoonguss|Sitrus Berry|[eat]
|-heal|p2a: Amoonguss|65/100|[from] item: Sitrus Berry
|move|p1a: PsychoMantis|Dazzling Gleam|p2b: Tyranitar|[spread] p2a,p2b
|-resisted|p2a: Amoonguss
|-supereffective|p2b: Tyranitar
|-damage|p2a: Amoonguss|45/100
|-damage|p2b: Tyranitar|19/100
|-damage|p1a: PsychoMantis|75/100|[from] item: Life Orb
|move|p2b: Tyranitar|Rock Slide|p1a: PsychoMantis|[spread] p1a
|-miss|p2b: Tyranitar|p1b: Torkoal
|-damage|p1a: PsychoMantis|42/100
|
|-weather|Sandstorm|[upkeep]
|-damage|p1b: Torkoal|88/100|[from] Sandstorm
|-damage|p1a: PsychoMantis|36/100|[from] Sandstorm
|-damage|p2a: Amoonguss|39/100|[from] Sandstorm
|upkeep
|turn|5
|inactive|Soratami has 30 seconds left.
|
|t:|1756946317
|move|p2a: Amoonguss|Protect|p2a: Amoonguss
|-singleturn|p2a: Amoonguss|Protect
|move|p1b: Torkoal|Eruption|p2b: Tyranitar|[spread] p2b
|-activate|p2a: Amoonguss|move: Protect
|-resisted|p2b: Tyranitar
|-damage|p2b: Tyranitar|8/100
|move|p1a: PsychoMantis|Expanding Force|p2a: Amoonguss|[spread] 
|-activate|p2a: Amoonguss|move: Protect
|-immune|p2b: Tyranitar
|move|p2b: Tyranitar|Rock Slide|p1a: PsychoMantis|[spread] p1a,p1b
|-supereffective|p1b: Torkoal
|-damage|p1a: PsychoMantis|1/100
|-damage|p1b: Torkoal|43/100
|
|-weather|Sandstorm|[upkeep]
|-damage|p1b: Torkoal|37/100|[from] Sandstorm
|-damage|p1a: PsychoMantis|0 fnt|[from] Sandstorm
|-damage|p2a: Amoonguss|33/100|[from] Sandstorm
|faint|p1a: PsychoMantis
|-fieldend|move: Trick Room
|-fieldend|move: Psychic Terrain
|upkeep
|turn|6
|c|☆Soratami|Lol
|-message|Soratami forfeited.
|
|win|Sedrav
||Soratami is ready for game 2.
