|j|☆Kampfstube
|j|☆marcusquinn
|html|Kampfstubemarcusquinn    
|uhtml|bestof|Game 2 of a best-of-3
|t:|1757650363
|gametype|doubles
|player|p1|Kampfstube|n|1203
|player|p2|marcusquinn|hilbert-wonderlauncher|1136
|gen|9
|tier|[Gen 9] VGC 2025 Reg H (Bo3)
|rated|
|rule|Species Clause: Limit one of each Pokémon
|rule|Item Clause: Limit 1 of each item
|clearpoke
|poke|p1|Grimmsnarl, L50, M|
|poke|p1|Volcarona, L50, F|
|poke|p1|Annihilape, L50, M|
|poke|p1|Ursaluna-Bloodmoon, L50, M|
|poke|p1|Sneasler, L50, F|
|poke|p1|Dragonite, L50, M|
|poke|p2|Archaludon, L50, F|
|poke|p2|Porygon2, L50|
|poke|p2|Incineroar, L50, M|
|poke|p2|Ursaluna, L50, M|
|poke|p2|Sneasler, L50, M|
|poke|p2|Dragonite, L50, F|
|teampreview|4
|showteam|p1|Grimmsnarl||CovertCloak|Prankster|SpiritBreak,LightScreen,Reflect,ThunderWave|||M|||50|,,,,,Steel]Volcarona||SitrusBerry|FlameBody|GigaDrain,QuiverDance,FieryDance,Protect|||F|||50|,,,,,Grass]Annihilape||SafetyGoggles|Defiant|BulkUp,DrainPunch,Protect,RageFist|||M|||50|,,,,,Fire]Ursaluna-Bloodmoon||AssaultVest|MindsEye|EarthPower,BloodMoon,HyperVoice,VacuumWave|||M|||50|,,,,,Water]Sneasler||FocusSash|Unburden|FakeOut,Coaching,CloseCombat,DireClaw|||F|||50|,,,,,Ghost]Dragonite||LoadedDice|Multiscale|ScaleShot,Protect,Haze,ExtremeSpeed|||M|||50|,,,,,Steel
|showteam|p2|Archaludon||PowerHerb|Sturdy|Protect,ElectroShot,DracoMeteor,FlashCannon|||F|||50|,,,,,Electric]Porygon2||Eviolite|Download|TeraBlast,IceBeam,Recover,TrickRoom||||||50|,,,,,Fighting]Incineroar||SafetyGoggles|Intimidate|FlareBlitz,KnockOff,FakeOut,PartingShot|||M|||50|,,,,,Ghost]Ursaluna||FlameOrb|Guts|HeadlongRush,Facade,Earthquake,Protect|||M|||50|,,,,,Ghost]Sneasler||FocusSash|Unburden|Protect,CloseCombat,DireClaw,ThroatChop|||M|||50|,,,,,Stellar]Dragonite||LoadedDice|Multiscale|ScaleShot,Tailwind,Haze,Protect|||F|||50|,,,,,Fairy
|inactive|Battle timer is ON: inactive players will automatically lose when time's up. (requested by marcusquinn)
|inactive|Kampfstube also wants the timer to be on.
|
|t:|1757650392
|teamsize|p1|4
|teamsize|p2|4
|start
|switch|p1a: Sneasler|Sneasler, L50, F, shiny|100/100
|switch|p1b: Annihilape|Annihilape, L50, M|100/100
|switch|p2a: Ursaluna|Ursaluna, L50, M|100/100
|switch|p2b: Dragonite|Dragonite, L50, F, shiny|100/100
|turn|1
|
|t:|1757650409
|move|p2b: Dragonite|Protect|p2b: Dragonite
|-singleturn|p2b: Dragonite|Protect
|move|p2a: Ursaluna|Protect|p2a: Ursaluna
|-singleturn|p2a: Ursaluna|Protect
|move|p1a: Sneasler|Fake Out|p2b: Dragonite
|-activate|p2b: Dragonite|move: Protect
|move|p1b: Annihilape|Bulk Up|p1b: Annihilape
|-boost|p1b: Annihilape|atk|1
|-boost|p1b: Annihilape|def|1
|
|-status|p2a: Ursaluna|brn|[from] item: Flame Orb
|upkeep
|turn|2
|inactive|Kampfstube has 30 seconds left.
|
|t:|1757650444
|switch|p1a: Grimmsnarl|Grimmsnarl, L50, M|100/100
|-terastallize|p2a: Ursaluna|Ghost
|move|p1b: Annihilape|Protect|p1b: Annihilape
|-singleturn|p1b: Annihilape|Protect
|move|p2b: Dragonite|Scale Shot|p1a: Grimmsnarl
|-immune|p1a: Grimmsnarl
|move|p2a: Ursaluna|Earthquake|p1a: Grimmsnarl|[spread] p1a
|-activate|p1b: Annihilape|move: Protect
|-immune|p2b: Dragonite
|-damage|p1a: Grimmsnarl|40/100
|
|-damage|p2a: Ursaluna|95/100 brn|[from] brn
|upkeep
|turn|3
|
|t:|1757650468
|move|p1a: Grimmsnarl|Reflect|p1a: Grimmsnarl
|-sidestart|p1: Kampfstube|Reflect
|move|p2b: Dragonite|Scale Shot|p1b: Annihilape
|-damage|p1b: Annihilape|95/100
|-damage|p1b: Annihilape|89/100
|-damage|p1b: Annihilape|83/100
|-damage|p1b: Annihilape|77/100
|-damage|p1b: Annihilape|70/100
|-hitcount|p1b: Annihilape|5
|-unboost|p2b: Dragonite|def|1
|-boost|p2b: Dragonite|spe|1
|move|p1b: Annihilape|Rage Fist|p2a: Ursaluna
|-supereffective|p2a: Ursaluna
|-damage|p2a: Ursaluna|0 fnt
|faint|p2a: Ursaluna
|
|upkeep
|
|t:|1757650484
|switch|p2a: Sneasler|Sneasler, L50, M|100/100
|turn|4
|j| redshoes7
|l| redshoes7
|inactive|Kampfstube has 30 seconds left.
|
|t:|1757650511
|move|p1a: Grimmsnarl|Thunder Wave|p2b: Dragonite
|-status|p2b: Dragonite|par
|move|p2a: Sneasler|Dire Claw|p1b: Annihilape
|-resisted|p1b: Annihilape
|-damage|p1b: Annihilape|62/100
|-status|p1b: Annihilape|slp
|cant|p1b: Annihilape|slp
|cant|p2b: Dragonite|par
|
|upkeep
|turn|5
|
|t:|1757650525
|move|p1a: Grimmsnarl|Thunder Wave|p2a: Sneasler
|-status|p2a: Sneasler|par
|-curestatus|p1b: Annihilape|slp|[msg]
|move|p1b: Annihilape|Bulk Up|p1b: Annihilape
|-boost|p1b: Annihilape|atk|1
|-boost|p1b: Annihilape|def|1
|cant|p2b: Dragonite|par
|move|p2a: Sneasler|Throat Chop|p1b: Annihilape
|-damage|p1b: Annihilape|53/100
|-start|p1b: Annihilape|Throat Chop|[silent]
|
|upkeep
|turn|6
|
|t:|1757650545
|move|p1b: Annihilape|Drain Punch|p2a: Sneasler
|-resisted|p2a: Sneasler
|-damage|p2a: Sneasler|44/100 par
|-heal|p1b: Annihilape|74/100|[from] drain|[of] p2a: Sneasler
|move|p2b: Dragonite|Scale Shot|p1b: Annihilape
|-damage|p1b: Annihilape|69/100
|-damage|p1b: Annihilape|64/100
|-damage|p1b: Annihilape|59/100
|-damage|p1b: Annihilape|54/100
|-damage|p1b: Annihilape|48/100
|-hitcount|p1b: Annihilape|5
|-unboost|p2b: Dragonite|def|1
|-boost|p2b: Dragonite|spe|1
|cant|p2a: Sneasler|par
|move|p1a: Grimmsnarl|Spirit Break|p2b: Dragonite
|-supereffective|p2b: Dragonite
|-damage|p2b: Dragonite|36/100 par
|-unboost|p2b: Dragonite|spa|1
|
|-end|p1b: Annihilape|Throat Chop|[silent]
|upkeep
|turn|7
|-message|marcusquinn forfeited.
|
|win|Kampfstube
|l|☆marcusquinn
|player|p2|
||marcusquinn is ready for game 3.
||marcusquinn is ready for game 3.
||Kampfstube is ready for game 3.
|uhtml|next|Next: Game 3 of 3
|l|☆Kampfstube
|player|p1|
|j|☆marcusquinn
|player|p2|marcusquinn|hilbert-wonderlauncher|
