|j|☆fanman64
|j|☆Cristante terabug
|html|fanman64Cristante terabug    
|uhtml|bestof|Game 1 of a best-of-3
|t:|1756235549
|gametype|doubles
|player|p1|fanman64|266|1126
|player|p2|Cristante terabug|kieran-champion|1190
|gen|9
|tier|[Gen 9] VGC 2025 Reg H (Bo3)
|rated|
|rule|Species Clause: Limit one of each Pokémon
|rule|Item Clause: Limit 1 of each item
|clearpoke
|poke|p1|Tauros-Paldea-Blaze, L50, M|
|poke|p1|Rillaboom, L50, M|
|poke|p1|Tyranitar, L50, F|
|poke|p1|Kommo-o, L50, M|
|poke|p1|Basculegion, L50, M|
|poke|p1|Magmar, L50, M|
|poke|p2|Kommo-o, L50, M|
|poke|p2|Gholdengo, L50|
|poke|p2|Sneasler, L50, M|
|poke|p2|Rillaboom, L50, F|
|poke|p2|Dondozo, L50, M|
|poke|p2|Electabuzz, L50, F|
|teampreview|4
|showteam|p1|Tauros-Paldea-Blaze||ClearAmulet|Intimidate|RagingBull,CloseCombat,Protect,WillOWisp|||M|||50|,,,,,Grass]Rillaboom||MiracleSeed|GrassySurge|WoodHammer,GrassyGlide,Uturn,FakeOut|||M|||50|,,,,,Grass]Tyranitar||AssaultVest|SandStream|KnockOff,RockSlide,LowKick,TeraBlast|||F|||50|,,,,,Flying]Kommo-o||ThroatSpray|Soundproof|ClangingScales,Flamethrower,Protect,ClangorousSoul|||M|||50|,,,,,Fire]Basculegion||ChoiceScarf|Adaptability|WaveCrash,LastRespects,FlipTurn,AquaJet|||M|||50|,,,,,Water]Magmar||Eviolite|VitalSpirit|Overheat,ClearSmog,FollowMe,Protect|||M|||50|,,,,,Fairy
|showteam|p2|Kommo-o||ThroatSpray|Soundproof|ClangorousSoul,ClangingScales,Flamethrower,Protect|||M|||50|,,,,,Fire]Gholdengo||ChoiceSpecs|GoodasGold|MakeItRain,ShadowBall,DazzlingGleam,PowerGem||||||50|,,,,,Fairy]Sneasler||FocusSash|Unburden|FakeOut,DireClaw,CloseCombat,Protect|||M|||50|,,,,,Stellar]Rillaboom||AssaultVest|GrassySurge|FakeOut,WoodHammer,GrassyGlide,HighHorsepower|||F|||50|,,,,,Fire]Dondozo||Leftovers|Unaware|WaveCrash,Fissure,Yawn,Protect|||M|||50|,,,,,Flying]Electabuzz||Eviolite|VitalSpirit|Electroweb,FollowMe,HelpingHand,Protect|||F|||50|,,,,,Grass
|inactive|Battle timer is ON: inactive players will automatically lose when time's up. (requested by Cristante terabug)
|inactive|fanman64 has 60 seconds left.
|inactive|Cristante terabug has 60 seconds left.
|inactive|fanman64 has 30 seconds left.
|inactive|fanman64 has 20 seconds left.
|inactive|fanman64 has 15 seconds left.
|inactive|fanman64 has 10 seconds left.
|
|t:|1756235635
|teamsize|p1|4
|teamsize|p2|4
|start
|switch|p1a: Kommo-o|Kommo-o, L50, M|100/100
|switch|p1b: Rillaboom|Rillaboom, L50, M|100/100
|switch|p2a: Electabuzz|Electabuzz, L50, F|100/100
|switch|p2b: Kommo-o|Kommo-o, L50, M|100/100
|-fieldstart|move: Grassy Terrain|[from] ability: Grassy Surge|[of] p1b: Rillaboom
|turn|1
|
|t:|1756235659
|-terastallize|p2b: Kommo-o|Fire
|move|p1b: Rillaboom|Fake Out|p2a: Electabuzz
|-crit|p2a: Electabuzz
|-damage|p2a: Electabuzz|79/100
|cant|p2a: Electabuzz|flinch
|move|p2b: Kommo-o|Clangorous Soul|p2b: Kommo-o
|-boost|p2b: Kommo-o|atk|1
|-boost|p2b: Kommo-o|def|1
|-boost|p2b: Kommo-o|spa|1
|-boost|p2b: Kommo-o|spd|1
|-boost|p2b: Kommo-o|spe|1
|-damage|p2b: Kommo-o|68/100
|-enditem|p2b: Kommo-o|Throat Spray
|-boost|p2b: Kommo-o|spa|1|[from] item: Throat Spray
|move|p1a: Kommo-o|Clangorous Soul|p1a: Kommo-o
|-boost|p1a: Kommo-o|atk|1
|-boost|p1a: Kommo-o|def|1
|-boost|p1a: Kommo-o|spa|1
|-boost|p1a: Kommo-o|spd|1
|-boost|p1a: Kommo-o|spe|1
|-damage|p1a: Kommo-o|68/100
|-enditem|p1a: Kommo-o|Throat Spray
|-boost|p1a: Kommo-o|spa|1|[from] item: Throat Spray
|
|-heal|p2b: Kommo-o|74/100|[from] Grassy Terrain
|-heal|p1a: Kommo-o|74/100|[from] Grassy Terrain
|-heal|p2a: Electabuzz|85/100|[from] Grassy Terrain
|upkeep
|turn|2
|inactive|fanman64 has 30 seconds left.
|inactive|Cristante terabug has 30 seconds left.
|inactive|fanman64 has 20 seconds left.
|inactive|fanman64 has 15 seconds left.
|
|t:|1756235702
|-terastallize|p1a: Kommo-o|Fire
|move|p2a: Electabuzz|Helping Hand|p2b: Kommo-o
|-singleturn|p2b: Kommo-o|Helping Hand|[of] p2a: Electabuzz
|move|p1b: Rillaboom|Grassy Glide|p2a: Electabuzz
|-damage|p2a: Electabuzz|44/100
|move|p2b: Kommo-o|Clanging Scales|p1b: Rillaboom|[spread] p1b
|-immune|p1a: Kommo-o|[from] ability: Soundproof
|-damage|p1b: Rillaboom|0 fnt
|faint|p1b: Rillaboom
|-unboost|p2b: Kommo-o|def|1
|move|p1a: Kommo-o|Flamethrower|p2a: Electabuzz
|-damage|p2a: Electabuzz|0 fnt
|faint|p2a: Electabuzz
|
|-heal|p2b: Kommo-o|79/100|[from] Grassy Terrain
|-heal|p1a: Kommo-o|80/100|[from] Grassy Terrain
|upkeep
|
|t:|1756235725
|switch|p2a: Dondozo|Dondozo, L50, M|100/100
|switch|p1b: Magmar|Magmar, L50, M|100/100
|turn|3
|inactive|fanman64 has 30 seconds left.
|inactive|fanman64 has 20 seconds left.
|
|t:|1756235763
|move|p2b: Kommo-o|Protect|p2b: Kommo-o
|-singleturn|p2b: Kommo-o|Protect
|move|p1a: Kommo-o|Protect|p1a: Kommo-o
|-singleturn|p1a: Kommo-o|Protect
|move|p1b: Magmar|Clear Smog|p2b: Kommo-o
|-activate|p2b: Kommo-o|move: Protect
|move|p2a: Dondozo|Wave Crash|p1b: Magmar
|-supereffective|p1b: Magmar
|-damage|p1b: Magmar|10/100
|-damage|p2a: Dondozo|79/100|[from] Recoil
|
|-heal|p2b: Kommo-o|85/100|[from] Grassy Terrain
|-heal|p1a: Kommo-o|86/100|[from] Grassy Terrain
|-heal|p1b: Magmar|16/100|[from] Grassy Terrain
|-heal|p2a: Dondozo|85/100|[from] Grassy Terrain
|-heal|p2a: Dondozo|92/100|[from] item: Leftovers
|upkeep
|turn|4
|
|t:|1756235788
|move|p1b: Magmar|Protect|p1b: Magmar
|-singleturn|p1b: Magmar|Protect
|move|p2b: Kommo-o|Clanging Scales|p1a: Kommo-o|[spread] 
|-activate|p1b: Magmar|move: Protect
|-immune|p1a: Kommo-o|[from] ability: Soundproof
|move|p1a: Kommo-o|Flamethrower|p2a: Dondozo
|-resisted|p2a: Dondozo
|-crit|p2a: Dondozo
|-damage|p2a: Dondozo|70/100
|move|p2a: Dondozo|Yawn|p1a: Kommo-o
|-start|p1a: Kommo-o|move: Yawn|[of] p2a: Dondozo
|
|-heal|p2b: Kommo-o|91/100|[from] Grassy Terrain
|-heal|p1a: Kommo-o|93/100|[from] Grassy Terrain
|-heal|p1b: Magmar|21/100|[from] Grassy Terrain
|-heal|p2a: Dondozo|76/100|[from] Grassy Terrain
|-heal|p2a: Dondozo|83/100|[from] item: Leftovers
|upkeep
|turn|5
|inactive|fanman64 has 30 seconds left.
|
|t:|1756235817
|switch|p1b: Tauros|Tauros-Paldea-Blaze, L50, M|100/100
|-ability|p1b: Tauros|Intimidate|boost
|-unboost|p2a: Dondozo|atk|1
|-unboost|p2b: Kommo-o|atk|1
|move|p2b: Kommo-o|Clanging Scales|p1b: Tauros|[spread] p1b
|-immune|p1a: Kommo-o|[from] ability: Soundproof
|-damage|p1b: Tauros|21/100
|-unboost|p2b: Kommo-o|def|1
|move|p1a: Kommo-o|Clanging Scales|p2b: Kommo-o|[spread] p2a
|-immune|p2b: Kommo-o|[from] ability: Soundproof
|-damage|p2a: Dondozo|57/100
|-unboost|p1a: Kommo-o|def|1
|move|p2a: Dondozo|Yawn|p1b: Tauros
|-start|p1b: Tauros|move: Yawn|[of] p2a: Dondozo
|
|-heal|p2b: Kommo-o|96/100|[from] Grassy Terrain
|-heal|p1a: Kommo-o|99/100|[from] Grassy Terrain
|-heal|p1b: Tauros|27/100|[from] Grassy Terrain
|-heal|p2a: Dondozo|63/100|[from] Grassy Terrain
|-heal|p2a: Dondozo|70/100|[from] item: Leftovers
|-end|p1a: Kommo-o|move: Yawn|[silent]
|-status|p1a: Kommo-o|slp
|-fieldend|move: Grassy Terrain
|upkeep
|turn|6
|inactive|fanman64 has 30 seconds left.
|
|t:|1756235843
|switch|p1b: Magmar|Magmar, L50, M|21/100
|move|p2b: Kommo-o|Clanging Scales|p1a: Kommo-o|[spread] p1b
|-immune|p1a: Kommo-o|[from] ability: Soundproof
|-damage|p1b: Magmar|0 fnt
|faint|p1b: Magmar
|-unboost|p2b: Kommo-o|def|1
|cant|p1a: Kommo-o|slp
|move|p2a: Dondozo|Wave Crash|p1a: Kommo-o
|-supereffective|p1a: Kommo-o
|-damage|p1a: Kommo-o|44/100 slp
|-damage|p2a: Dondozo|56/100|[from] Recoil
|
|-heal|p2a: Dondozo|63/100|[from] item: Leftovers
|upkeep
|
|t:|1756235857
|switch|p1b: Tauros|Tauros-Paldea-Blaze, L50, M|27/100
|-ability|p1b: Tauros|Intimidate|boost
|-unboost|p2a: Dondozo|atk|1
|-unboost|p2b: Kommo-o|atk|1
|turn|7
|
|t:|1756235863
|move|p2b: Kommo-o|Flamethrower|p1a: Kommo-o
|-resisted|p1a: Kommo-o
|-damage|p1a: Kommo-o|22/100 slp
|cant|p1a: Kommo-o|slp
|move|p1b: Tauros|Will-O-Wisp|p2a: Dondozo
|-status|p2a: Dondozo|brn
|move|p2a: Dondozo|Wave Crash|p1a: Kommo-o
|-supereffective|p1a: Kommo-o
|-damage|p1a: Kommo-o|1/100 slp
|-damage|p2a: Dondozo|58/100 brn|[from] Recoil
|
|-heal|p2a: Dondozo|64/100 brn|[from] item: Leftovers
|-damage|p2a: Dondozo|58/100 brn|[from] brn
|upkeep
|turn|8
|
|t:|1756235880
|cant|p1a: Kommo-o|slp
|move|p2b: Kommo-o|Flamethrower|p1a: Kommo-o
|-resisted|p1a: Kommo-o
|-damage|p1a: Kommo-o|0 fnt
|faint|p1a: Kommo-o
|move|p1b: Tauros|Close Combat|p2b: Kommo-o
|-damage|p2b: Kommo-o|0 fnt
|-unboost|p1b: Tauros|def|1
|-unboost|p1b: Tauros|spd|1
|faint|p2b: Kommo-o
|move|p2a: Dondozo|Wave Crash|p1b: Tauros
|-supereffective|p1b: Tauros
|-damage|p1b: Tauros|3/100
|-damage|p2a: Dondozo|51/100 brn|[from] Recoil
|
|-heal|p2a: Dondozo|58/100 brn|[from] item: Leftovers
|-damage|p2a: Dondozo|51/100 brn|[from] brn
|upkeep
|
|t:|1756235883
|switch|p2b: Sneasler|Sneasler, L50, M|100/100
|turn|9
|
|t:|1756235906
|move|p2b: Sneasler|Dire Claw|p1b: Tauros
|-damage|p1b: Tauros|0 fnt
|faint|p1b: Tauros
|
|win|Cristante terabug
