|j|☆gruby_2
|j|☆sorecruiser
|html|gruby_2sorecruiser    
|uhtml|bestof|Game 3 of a best-of-3
|t:|1757689331
|gametype|doubles
|player|p1|gruby_2|medium|1066
|player|p2|sorecruiser|furisodegirl-black|1098
|gen|9
|tier|[Gen 9] VGC 2025 Reg H (Bo3)
|rated|
|rule|Species Clause: Limit one of each Pokémon
|rule|Item Clause: Limit 1 of each item
|clearpoke
|poke|p1|Amoonguss, L50, M|
|poke|p1|Archaludon, L50, M|
|poke|p1|Basculegion, L50, M|
|poke|p1|Salamence, L50, M|
|poke|p1|Kingambit, L50, M|
|poke|p1|Pelipper, L50, M|
|poke|p2|Gholdengo, L50|
|poke|p2|Whimsicott, L50, M|
|poke|p2|Sneasler, L50, M|
|poke|p2|Rillaboom, L50, F|
|poke|p2|Hydreigon, L50, F|
|poke|p2|Magmar, L50, M|
|teampreview|4
|showteam|p1|Amoonguss||SitrusBerry|Regenerator|PollenPuff,RagePowder,Protect,Spore|||M|||50|,,,,,Dark]Archaludon||AssaultVest|Stamina|ElectroShot,DracoMeteor,BodyPress,Snarl|||M|||50|,,,,,Ghost]Basculegion||ChoiceBand|SwiftSwim|WaveCrash,LastRespects,TeraBlast,FlipTurn|||M|||50|,,,,,Grass]Salamence||LifeOrb|Intimidate|DracoMeteor,Hurricane,Tailwind,Protect|||M|||50|,,,,,Flying]Kingambit||BlackGlasses|Defiant|KowtowCleave,SuckerPunch,SwordsDance,Protect|||M|||50|,,,,,Dark]Pelipper||FocusSash|Drizzle|Hurricane,WeatherBall,WideGuard,Protect|||M|||50|,,,,,Water
|showteam|p2|Gholdengo||MetalCoat|GoodasGold|MakeItRain,ShadowBall,NastyPlot,Protect||||||50|,,,,,Water]Whimsicott||CovertCloak|Prankster|Tailwind,Encore,SunnyDay,Moonblast|||M|||50|,,,,,Dark]Sneasler||WhiteHerb|Unburden|DireClaw,CloseCombat,ThroatChop,Protect|||M|||50|,,,,,Dark]Rillaboom||AssaultVest|GrassySurge|GrassyGlide,WoodHammer,HighHorsepower,FakeOut|||F|||50|,,,,,Fire]Hydreigon||ChoiceSpecs|Levitate|DarkPulse,DracoMeteor,Snarl,HeatWave|||F|||50|,,,,,Fairy]Magmar||Eviolite|VitalSpirit|FollowMe,HeatWave,Taunt,Protect|||M|||50|,,,,,Ghost
|inactive|Battle timer is ON: inactive players will automatically lose when time's up. (requested by gruby_2)
|
|t:|1757689351
|teamsize|p1|4
|teamsize|p2|4
|start
|switch|p1a: Salamence|Salamence, L50, M|100/100
|switch|p1b: Pelipper|Pelipper, L50, M|100/100
|switch|p2a: Whimsicott|Whimsicott, L50, M|100/100
|switch|p2b: Hydreigon|Hydreigon, L50, F|100/100
|-ability|p1a: Salamence|Intimidate|boost
|-unboost|p2a: Whimsicott|atk|1
|-unboost|p2b: Hydreigon|atk|1
|-weather|RainDance|[from] ability: Drizzle|[of] p1b: Pelipper
|turn|1
|
|t:|1757689372
|-terastallize|p2b: Hydreigon|Fairy
|move|p1a: Salamence|Protect|p1a: Salamence
|-singleturn|p1a: Salamence|Protect
|move|p2a: Whimsicott|Sunny Day|p2a: Whimsicott
|-weather|SunnyDay
|move|p2b: Hydreigon|Draco Meteor|p1a: Salamence
|-activate|p1a: Salamence|move: Protect
|move|p1b: Pelipper|Weather Ball|p2a: Whimsicott
|-supereffective|p2a: Whimsicott
|-damage|p2a: Whimsicott|5/100
|
|-weather|SunnyDay|[upkeep]
|upkeep
|turn|2
|inactive|gruby_2 has 30 seconds left.
|inactive|gruby_2 has 20 seconds left.
|inactive|gruby_2 has 15 seconds left.
|
|t:|1757689415
|move|p2a: Whimsicott|Tailwind|p2a: Whimsicott
|-sidestart|p2: sorecruiser|move: Tailwind
|move|p2b: Hydreigon|Draco Meteor|p1a: Salamence
|-supereffective|p1a: Salamence
|-damage|p1a: Salamence|0 fnt
|-unboost|p2b: Hydreigon|spa|2
|faint|p1a: Salamence
|move|p1b: Pelipper|Weather Ball|p2a: Whimsicott
|-supereffective|p2a: Whimsicott
|-damage|p2a: Whimsicott|0 fnt
|faint|p2a: Whimsicott
|
|-weather|SunnyDay|[upkeep]
|upkeep
|
|t:|1757689424
|switch|p1a: Basculegion|Basculegion, L50, M|100/100
|switch|p2a: Sneasler|Sneasler, L50, M|100/100
|turn|3
|
|t:|1757689438
|switch|p1a: Archaludon|Archaludon, L50, M|100/100
|move|p2a: Sneasler|Throat Chop|p1a: Archaludon
|-damage|p1a: Archaludon|77/100
|-start|p1a: Archaludon|Throat Chop|[silent]
|-ability|p1a: Archaludon|Stamina|boost
|-boost|p1a: Archaludon|def|1
|move|p2b: Hydreigon|Draco Meteor|p1a: Archaludon
|-damage|p1a: Archaludon|23/100
|-unboost|p2b: Hydreigon|spa|2
|-ability|p1a: Archaludon|Stamina|boost
|-boost|p1a: Archaludon|def|1
|move|p1b: Pelipper|Hurricane|p2a: Sneasler|[miss]
|-miss|p1b: Pelipper|p2a: Sneasler
|
|-weather|SunnyDay|[upkeep]
|upkeep
|turn|4
|inactive|gruby_2 has 30 seconds left.
|
|t:|1757689468
|switch|p1a: Basculegion|Basculegion, L50, M|100/100
|move|p2a: Sneasler|Dire Claw|p1b: Pelipper
|-damage|p1b: Pelipper|49/100
|move|p2b: Hydreigon|Draco Meteor|p1a: Basculegion
|-damage|p1a: Basculegion|64/100
|-unboost|p2b: Hydreigon|spa|2
|move|p1b: Pelipper|Hurricane|p2a: Sneasler
|-supereffective|p2a: Sneasler
|-damage|p2a: Sneasler|0 fnt
|faint|p2a: Sneasler
|
|-weather|SunnyDay|[upkeep]
|upkeep
|
|t:|1757689478
|switch|p2a: Rillaboom|Rillaboom, L50, F|100/100
|-fieldstart|move: Grassy Terrain|[from] ability: Grassy Surge|[of] p2a: Rillaboom
|turn|5
|
|t:|1757689497
|switch|p1b: Archaludon|Archaludon, L50, M|23/100
|-terastallize|p1a: Basculegion|Grass
|move|p2a: Rillaboom|Grassy Glide|p1a: Basculegion
|-resisted|p1a: Basculegion
|-damage|p1a: Basculegion|42/100
|move|p2b: Hydreigon|Draco Meteor|p1b: Archaludon
|-damage|p1b: Archaludon|0 fnt
|faint|p1b: Archaludon
|move|p1a: Basculegion|Wave Crash|p2b: Hydreigon
|-damage|p2b: Hydreigon|51/100
|-damage|p1a: Basculegion|29/100|[from] Recoil
|
|-weather|none
|-heal|p1a: Basculegion|36/100|[from] Grassy Terrain
|-sideend|p2: sorecruiser|move: Tailwind
|upkeep
|
|t:|1757689509
|switch|p1b: Pelipper|Pelipper, L50, M|49/100
|-weather|RainDance|[from] ability: Drizzle|[of] p1b: Pelipper
|turn|6
|
|t:|1757689518
|move|p1b: Pelipper|Protect|p1b: Pelipper
|-singleturn|p1b: Pelipper|Protect
|move|p2a: Rillaboom|Grassy Glide|p1b: Pelipper
|-activate|p1b: Pelipper|move: Protect
|move|p1a: Basculegion|Wave Crash|p2b: Hydreigon
|-damage|p2b: Hydreigon|0 fnt
|faint|p2b: Hydreigon
|-damage|p1a: Basculegion|22/100|[from] Recoil
|
|-weather|RainDance|[upkeep]
|-heal|p1a: Basculegion|28/100|[from] Grassy Terrain
|upkeep
|turn|7
|
|t:|1757689531
|move|p2a: Rillaboom|Grassy Glide|p1b: Pelipper
|-damage|p1b: Pelipper|0 fnt
|faint|p1b: Pelipper
|move|p1a: Basculegion|Wave Crash|p2a: Rillaboom
|-resisted|p2a: Rillaboom
|-damage|p2a: Rillaboom|38/100
|-damage|p1a: Basculegion|8/100|[from] Recoil
|
|-weather|RainDance|[upkeep]
|-heal|p1a: Basculegion|14/100|[from] Grassy Terrain
|-heal|p2a: Rillaboom|44/100|[from] Grassy Terrain
|upkeep
|turn|8
|
|t:|1757689541
|move|p2a: Rillaboom|Grassy Glide|p1a: Basculegion
|-resisted|p1a: Basculegion
|-damage|p1a: Basculegion|0 fnt
|faint|p1a: Basculegion
|
|win|sorecruiser
|raw|gruby_2's rating: 1066 → 1048(-18 for losing)
|raw|sorecruiser's rating: 1098 → 1121(+23 for winning)
|c|☆gruby_2|gg wp
|c|☆sorecruiser|ggw p
