|j|☆PutoLen33
|j|☆ze gabo
|html|PutoLen33ze gabo    
|uhtml|bestof|Game 3 of a best-of-3
|t:|1754589059
|gametype|doubles
|player|p1|PutoLen33|265|1195
|player|p2|ze gabo|benga|1149
|gen|9
|tier|[Gen 9] VGC 2025 Reg H (Bo3)
|rated|
|rule|Species Clause: Limit one of each Pokémon
|rule|Item Clause: Limit 1 of each item
|clearpoke
|poke|p1|Whimsicott, L50, F|
|poke|p1|Gholdengo, L50|
|poke|p1|Tatsugiri, L50, F|
|poke|p1|Annihilape, L50, F|
|poke|p1|Dondozo, L50, M|
|poke|p1|Perrserker, L50, M|
|poke|p2|Kingambit, L50, F|
|poke|p2|Primarina, L50, F|
|poke|p2|Sneasler, L50, M|
|poke|p2|Magmar, L50, M|
|poke|p2|Rillaboom, L50, M|
|poke|p2|Dragapult, L50, M|
|teampreview|4
|showteam|p1|Whimsicott||CovertCloak|Prankster|Tailwind,Taunt,BeatUp,Encore|||F|||50|,,,,,Poison]Gholdengo||ChoiceSpecs|GoodasGold|MakeItRain,ShadowBall,SteelBeam,Trick||||||50|,,,,,Steel]Tatsugiri||ChoiceScarf|Commander|SleepTalk,MuddyWater,DracoMeteor,IcyWind|||F|||50|,,,,,Water]Annihilape||AssaultVest|Defiant|FinalGambit,DrainPunch,RageFist,CloseCombat|||F|||50|,,,,,Fairy]Dondozo||Leftovers|Unaware|Protect,WaveCrash,Substitute,OrderUp|||M|||50|,,,,,Dragon]Perrserker||FocusSash|SteelySpirit|FakeOut,IronHead,Taunt,Uturn|||M|||50|,,,,,Ghost
|showteam|p2|Kingambit||BlackGlasses|Defiant|KowtowCleave,SuckerPunch,SwordsDance,Protect|||F|||50|,,,,,Dark]Primarina||SitrusBerry|LiquidVoice|HyperVoice,Moonblast,Haze,Protect|||F|||50|,,,,,Poison]Sneasler||FocusSash|PoisonTouch|CloseCombat,DireClaw,FakeOut,Protect|||M|||50|,,,,,Ghost]Magmar||Eviolite|VitalSpirit|Overheat,WillOWisp,FollowMe,Protect|||M|||50|,,,,,Ghost]Rillaboom||AssaultVest|GrassySurge|WoodHammer,GrassyGlide,HighHorsepower,FakeOut|||M|||50|,,,,,Fire]Dragapult||ChoiceBand|ClearBody|DragonDarts,PhantomForce,Outrage,Uturn|||M|||50|,,,,,Dragon
|inactive|Battle timer is ON: inactive players will automatically lose when time's up. (requested by ze gabo)
|inactive|PutoLen33 has 60 seconds left.
|inactive|ze gabo has 60 seconds left.
|inactive|PutoLen33 has 30 seconds left.
|inactive|PutoLen33 has 20 seconds left.
|inactive|PutoLen33 has 15 seconds left.
|inactive|PutoLen33 has 10 seconds left.
|
|t:|1754589140
|teamsize|p1|4
|teamsize|p2|4
|start
|switch|p1a: Whimsicott|Whimsicott, L50, F, shiny|100/100
|switch|p1b: Annihilape|Annihilape, L50, F|100/100
|switch|p2a: Primarina|Primarina, L50, F|100/100
|switch|p2b: Magmar|Magmar, L50, M|100/100
|turn|1
|inactive|PutoLen33 has 30 seconds left.
|
|t:|1754589167
|switch|p1b: Gholdengo|Gholdengo, L50|100/100
|move|p2b: Magmar|Follow Me|p2b: Magmar
|-singleturn|p2b: Magmar|move: Follow Me
|move|p1a: Whimsicott|Tailwind|p1a: Whimsicott
|-sidestart|p1: PutoLen33|move: Tailwind
|move|p2a: Primarina|Hyper Voice|p1b: Gholdengo|[spread] p1a,p1b
|-resisted|p1a: Whimsicott
|-damage|p1a: Whimsicott|80/100
|-damage|p1b: Gholdengo|67/100
|
|upkeep
|turn|2
|inactive|PutoLen33 has 30 seconds left.
|inactive|ze gabo has 30 seconds left.
|
|t:|1754589194
|move|p1a: Whimsicott|Encore|p2b: Magmar
|-start|p2b: Magmar|Encore
|move|p1b: Gholdengo|Make It Rain|p2a: Primarina|[spread] p2a,p2b
|-resisted|p2b: Magmar
|-damage|p2a: Primarina|35/100
|-damage|p2b: Magmar|73/100
|-unboost|p1b: Gholdengo|spa|1
|-enditem|p2a: Primarina|Sitrus Berry|[eat]
|-heal|p2a: Primarina|60/100|[from] item: Sitrus Berry
|move|p2b: Magmar|Follow Me|p2b: Magmar
|-singleturn|p2b: Magmar|move: Follow Me
|move|p2a: Primarina|Hyper Voice|p1a: Whimsicott|[spread] p1a,p1b
|-resisted|p1a: Whimsicott
|-damage|p1a: Whimsicott|60/100
|-damage|p1b: Gholdengo|35/100
|
|upkeep
|turn|3
|
|t:|1754589206
|switch|p1a: Perrserker|Perrserker, L50, M|100/100
|move|p2b: Magmar|Follow Me|p2b: Magmar
|-singleturn|p2b: Magmar|move: Follow Me
|move|p1b: Gholdengo|Make It Rain|p2b: Magmar|[spread] p2a,p2b
|-resisted|p2b: Magmar
|-damage|p2a: Primarina|0 fnt
|-damage|p2b: Magmar|42/100
|-unboost|p1b: Gholdengo|spa|1
|faint|p2a: Primarina
|
|upkeep
|
|t:|1754589219
|switch|p2a: Kingambit|Kingambit, L50, F|100/100
|turn|4
|inactive|PutoLen33 has 30 seconds left.
|inactive|ze gabo has 30 seconds left.
|
|t:|1754589245
|switch|p1b: Annihilape|Annihilape, L50, F|100/100
|switch|p2b: Rillaboom|Rillaboom, L50, M|100/100
|-fieldstart|move: Grassy Terrain|[from] ability: Grassy Surge|[of] p2b: Rillaboom
|move|p1a: Perrserker|Fake Out|p2a: Kingambit
|-resisted|p2a: Kingambit
|-damage|p2a: Kingambit|96/100
|cant|p2a: Kingambit|flinch
|
|-heal|p2a: Kingambit|100/100|[from] Grassy Terrain
|-sideend|p1: PutoLen33|move: Tailwind
|upkeep
|turn|5
|inactive|PutoLen33 has 30 seconds left.
|inactive|ze gabo has 30 seconds left.
|inactive|PutoLen33 has 20 seconds left.
|inactive|ze gabo has 20 seconds left.
|inactive|PutoLen33 has 15 seconds left.
|inactive|PutoLen33 has 10 seconds left.
|
|t:|1754589295
|-terastallize|p1b: Annihilape|Fairy
|move|p2a: Kingambit|Protect|p2a: Kingambit
|-singleturn|p2a: Kingambit|Protect
|move|p1b: Annihilape|Close Combat|p2a: Kingambit
|-activate|p2a: Kingambit|move: Protect
|move|p2b: Rillaboom|Wood Hammer|p1b: Annihilape
|-damage|p1b: Annihilape|12/100
|-damage|p2b: Rillaboom|70/100|[from] Recoil
|move|p1a: Perrserker|U-turn|p2b: Rillaboom
|-supereffective|p2b: Rillaboom
|-damage|p2b: Rillaboom|27/100
|
|t:|1754589307
|switch|p1a: Whimsicott|Whimsicott, L50, F, shiny|60/100|[from] U-turn
|
|-heal|p1a: Whimsicott|66/100|[from] Grassy Terrain
|-heal|p1b: Annihilape|18/100|[from] Grassy Terrain
|-heal|p2b: Rillaboom|33/100|[from] Grassy Terrain
|upkeep
|turn|6
|inactive|PutoLen33 has 30 seconds left.
|inactive|ze gabo has 30 seconds left.
|
|t:|1754589342
|switch|p1b: Gholdengo|Gholdengo, L50|35/100
|move|p1a: Whimsicott|Encore|p2b: Rillaboom
|-start|p2b: Rillaboom|Encore
|move|p2b: Rillaboom|Wood Hammer|p1a: Whimsicott
|-resisted|p1a: Whimsicott
|-damage|p1a: Whimsicott|14/100
|-damage|p2b: Rillaboom|19/100|[from] Recoil
|move|p2a: Kingambit|Kowtow Cleave|p1b: Gholdengo
|-supereffective|p1b: Gholdengo
|-damage|p1b: Gholdengo|0 fnt
|faint|p1b: Gholdengo
|
|-heal|p1a: Whimsicott|20/100|[from] Grassy Terrain
|-heal|p2b: Rillaboom|25/100|[from] Grassy Terrain
|upkeep
|
|t:|1754589357
|switch|p1b: Perrserker|Perrserker, L50, M|100/100
|turn|7
|inactive|ze gabo has 30 seconds left.
|
|t:|1754589388
|switch|p2b: Magmar|Magmar, L50, M|42/100
|move|p2a: Kingambit|Protect|p2a: Kingambit
|-singleturn|p2a: Kingambit|Protect
|move|p1a: Whimsicott|Beat Up|p2b: Magmar
|-damage|p2b: Magmar|41/100
|-damage|p2b: Magmar|38/100
|-damage|p2b: Magmar|35/100
|-hitcount|p2b: Magmar|3
|move|p1b: Perrserker|Iron Head|p2a: Kingambit
|-activate|p2a: Kingambit|move: Protect
|
|-heal|p1a: Whimsicott|26/100|[from] Grassy Terrain
|-heal|p2b: Magmar|41/100|[from] Grassy Terrain
|upkeep
|turn|8
|
|t:|1754589411
|switch|p1b: Annihilape|Annihilape, L50, F, tera:Fairy|18/100
|switch|p2a: Rillaboom|Rillaboom, L50, M|25/100
|move|p1a: Whimsicott|Taunt|p2b: Magmar
|-start|p2b: Magmar|move: Taunt
|cant|p2b: Magmar|move: Taunt|Will-O-Wisp
|
|-heal|p1a: Whimsicott|32/100|[from] Grassy Terrain
|-heal|p1b: Annihilape|24/100|[from] Grassy Terrain
|-heal|p2b: Magmar|46/100|[from] Grassy Terrain
|-heal|p2a: Rillaboom|31/100|[from] Grassy Terrain
|-fieldend|move: Grassy Terrain
|upkeep
|turn|9
|inactive|PutoLen33 has 30 seconds left.
|
|t:|1754589439
|move|p2a: Rillaboom|Fake Out|p1b: Annihilape
|-damage|p1b: Annihilape|9/100
|move|p1a: Whimsicott|Encore||[still]
|-fail|p1a: Whimsicott
|cant|p1b: Annihilape|flinch
|move|p2b: Magmar|Overheat|p1b: Annihilape
|-damage|p1b: Annihilape|0 fnt
|-unboost|p2b: Magmar|spa|2
|faint|p1b: Annihilape
|
|upkeep
|inactive|PutoLen33 has 30 seconds left.
|
|t:|1754589466
|switch|p1b: Perrserker|Perrserker, L50, M|100/100
|turn|10
|-message|PutoLen33 forfeited.
|
|win|ze gabo
|raw|PutoLen33's rating: 1195 → 1167(-28 for losing)
|raw|ze gabo's rating: 1149 → 1177(+28 for winning)
|l|☆PutoLen33
|player|p1|
