|j|☆panqueca25
|j|☆PikaTROD
|html|panqueca25PikaTROD    
|uhtml|bestof|Game 3 of a best-of-3
|t:|1757710970
|gametype|doubles
|player|p1|panqueca25|102|1333
|player|p2|PikaTROD|266|1513
|gen|9
|tier|[Gen 9] VGC 2025 Reg H (Bo3)
|rated|
|rule|Species Clause: Limit one of each Pokémon
|rule|Item Clause: Limit 1 of each item
|clearpoke
|poke|p1|Porygon2, L50|
|poke|p1|Dragonite, L50, F|
|poke|p1|Incineroar, L50, F|
|poke|p1|Ursaluna, L50, F|
|poke|p1|Amoonguss, L50, F|
|poke|p1|Gholdengo, L50|
|poke|p2|Kingambit, L50, F|
|poke|p2|Primarina, L50, F|
|poke|p2|Sneasler, L50, M|
|poke|p2|Magmar, L50, M|
|poke|p2|Rillaboom, L50, F|
|poke|p2|Dragapult, L50, M|
|teampreview|4
|showteam|p1|Porygon2||Eviolite|Download|TeraBlast,IceBeam,Recover,TrickRoom||||||50|,,,,,Fighting]Dragonite||LoadedDice|InnerFocus|ExtremeSpeed,ScaleShot,Haze,Protect|||F|||50|,,,,,Normal]Incineroar||SafetyGoggles|Intimidate|FlareBlitz,KnockOff,PartingShot,FakeOut|||F|||50|,,,,,Ghost]Ursaluna||FlameOrb|Guts|Facade,HeadlongRush,Earthquake,Protect|||F|||50|,,,,,Ghost]Amoonguss||RockyHelmet|Regenerator|Spore,RagePowder,ClearSmog,PollenPuff|||F|||50|,,,,,Water]Gholdengo||LifeOrb|GoodasGold|MakeItRain,ShadowBall,NastyPlot,Protect||||||50|,,,,,Water
|showteam|p2|Kingambit||BlackGlasses|Defiant|KowtowCleave,SuckerPunch,SwordsDance,Protect|||F|||50|,,,,,Dark]Primarina||SitrusBerry|LiquidVoice|HyperVoice,Moonblast,Haze,Protect|||F|||50|,,,,,Water]Sneasler||FocusSash|Unburden|CloseCombat,DireClaw,FakeOut,Protect|||M|||50|,,,,,Stellar]Magmar||Eviolite|VitalSpirit|Overheat,SunnyDay,FollowMe,Protect|||M|||50|,,,,,Ghost]Rillaboom||AssaultVest|GrassySurge|WoodHammer,GrassyGlide,HighHorsepower,FakeOut|||F|||50|,,,,,Fire]Dragapult||ChoiceBand|ClearBody|DragonDarts,PhantomForce,Outrage,Uturn|||M|||50|,,,,,Dragon
|inactive|Battle timer is ON: inactive players will automatically lose when time's up. (requested by panqueca25)
|
|t:|1757710984
|teamsize|p1|4
|teamsize|p2|4
|start
|switch|p1a: Porygon2|Porygon2, L50, shiny|100/100
|switch|p1b: Ursaluna|Ursaluna, L50, F|100/100
|switch|p2a: Kingambit|Kingambit, L50, F|100/100
|switch|p2b: Magmar|Magmar, L50, M|100/100
|-ability|p1a: Porygon2|Download|boost
|-boost|p1a: Porygon2|spa|1
|turn|1
|inactive|PikaTROD has 30 seconds left.
|
|t:|1757711009
|switch|p2b: Rillaboom|Rillaboom, L50, F|100/100
|-fieldstart|move: Grassy Terrain|[from] ability: Grassy Surge|[of] p2b: Rillaboom
|-terastallize|p2a: Kingambit|Dark
|move|p2a: Kingambit|Kowtow Cleave|p1b: Ursaluna
|-damage|p1b: Ursaluna|44/100
|move|p1b: Ursaluna|Headlong Rush|p2a: Kingambit
|-damage|p2a: Kingambit|47/100
|-unboost|p1b: Ursaluna|def|1
|-unboost|p1b: Ursaluna|spd|1
|move|p1a: Porygon2|Trick Room|p1a: Porygon2
|-fieldstart|move: Trick Room|[of] p1a: Porygon2
|
|-heal|p1b: Ursaluna|50/100|[from] Grassy Terrain
|-heal|p2a: Kingambit|53/100|[from] Grassy Terrain
|-status|p1b: Ursaluna|brn|[from] item: Flame Orb
|upkeep
|turn|2
|
|t:|1757711034
|switch|p1b: Amoonguss|Amoonguss, L50, F, shiny|100/100
|switch|p2a: Primarina|Primarina, L50, F|100/100
|-terastallize|p1a: Porygon2|Fighting
|move|p2b: Rillaboom|Grassy Glide|p1b: Amoonguss
|-resisted|p1b: Amoonguss
|-damage|p1b: Amoonguss|93/100
|-damage|p2b: Rillaboom|84/100|[from] item: Rocky Helmet|[of] p1b: Amoonguss
|move|p1a: Porygon2|Tera Blast|p2a: Primarina|[anim] Tera Blast Fighting
|-resisted|p2a: Primarina
|-damage|p2a: Primarina|81/100
|
|-heal|p1b: Amoonguss|99/100|[from] Grassy Terrain
|-heal|p2a: Primarina|87/100|[from] Grassy Terrain
|-heal|p2b: Rillaboom|90/100|[from] Grassy Terrain
|upkeep
|turn|3
|
|t:|1757711050
|switch|p2b: Magmar|Magmar, L50, M|100/100
|move|p2a: Primarina|Protect|p2a: Primarina
|-singleturn|p2a: Primarina|Protect
|move|p1b: Amoonguss|Spore|p2a: Primarina
|-activate|p2a: Primarina|move: Protect
|move|p1a: Porygon2|Ice Beam|p2b: Magmar
|-resisted|p2b: Magmar
|-damage|p2b: Magmar|88/100
|
|-heal|p1b: Amoonguss|100/100|[from] Grassy Terrain
|-heal|p2a: Primarina|93/100|[from] Grassy Terrain
|-heal|p2b: Magmar|94/100|[from] Grassy Terrain
|upkeep
|turn|4
|
|t:|1757711072
|switch|p1a: Gholdengo|Gholdengo, L50|100/100
|move|p2b: Magmar|Follow Me|p2b: Magmar
|-singleturn|p2b: Magmar|move: Follow Me
|move|p1b: Amoonguss|Spore|p2b: Magmar
|-immune|p2b: Magmar|[from] ability: Vital Spirit
|move|p2a: Primarina|Hyper Voice|p1a: Gholdengo|[spread] p1a,p1b
|-resisted|p1b: Amoonguss
|-damage|p1a: Gholdengo|68/100
|-damage|p1b: Amoonguss|87/100
|
|-heal|p1b: Amoonguss|93/100|[from] Grassy Terrain
|-heal|p2a: Primarina|99/100|[from] Grassy Terrain
|-heal|p2b: Magmar|99/100|[from] Grassy Terrain
|-heal|p1a: Gholdengo|74/100|[from] Grassy Terrain
|upkeep
|turn|5
|
|t:|1757711086
|move|p2a: Primarina|Protect|p2a: Primarina
|-singleturn|p2a: Primarina|Protect
|move|p1b: Amoonguss|Spore|p2a: Primarina
|-activate|p2a: Primarina|move: Protect
|move|p2b: Magmar|Overheat|p1a: Gholdengo
|-supereffective|p1a: Gholdengo
|-damage|p1a: Gholdengo|0 fnt
|-unboost|p2b: Magmar|spa|2
|faint|p1a: Gholdengo
|
|-heal|p1b: Amoonguss|99/100|[from] Grassy Terrain
|-heal|p2a: Primarina|100/100|[from] Grassy Terrain
|-heal|p2b: Magmar|100/100|[from] Grassy Terrain
|-fieldend|move: Trick Room
|-fieldend|move: Grassy Terrain
|upkeep
|
|t:|1757711092
|switch|p1a: Ursaluna|Ursaluna, L50, F|50/100 brn
|turn|6
|
|t:|1757711100
|move|p2b: Magmar|Follow Me|p2b: Magmar
|-singleturn|p2b: Magmar|move: Follow Me
|move|p2a: Primarina|Hyper Voice|p1a: Ursaluna|[spread] p1a,p1b
|-supereffective|p1a: Ursaluna
|-resisted|p1b: Amoonguss
|-damage|p1a: Ursaluna|0 fnt
|-damage|p1b: Amoonguss|84/100
|faint|p1a: Ursaluna
|move|p1b: Amoonguss|Spore|p2b: Magmar
|-immune|p2b: Magmar|[from] ability: Vital Spirit
|
|upkeep
|-message|panqueca25 forfeited.
|
|win|PikaTROD
|raw|panqueca25's rating: 1333 → 1323(-10 for losing)
|raw|PikaTROD's rating: 1513 → 1523(+10 for winning)
|l|☆panqueca25
|player|p1|
