|j|☆edwarthdf
|j|☆robby w
|html|edwarthdfrobby w    
|uhtml|bestof|Game 2 of a best-of-3
|t:|1756770789
|gametype|doubles
|player|p1|edwarthdf|acetrainer-gen4dp|1067
|player|p2|robby w|pokefan-gen4|1113
|gen|9
|tier|[Gen 9] VGC 2025 Reg H (Bo3)
|rated|
|rule|Species Clause: Limit one of each Pokémon
|rule|Item Clause: Limit 1 of each item
|clearpoke
|poke|p1|Gholdengo, L50|
|poke|p1|Sneasler, L50, F|
|poke|p1|Rillaboom, L50, M|
|poke|p1|Ninetales-Alola, L50, F|
|poke|p1|Dragonite, L50, M|
|poke|p1|Arcanine-Hisui, L50, M|
|poke|p2|Dondozo, L50, M|
|poke|p2|Tatsugiri, L50, M|
|poke|p2|Sneasler, L50, F|
|poke|p2|Whimsicott, L50, M|
|poke|p2|Indeedee, L50, M|
|poke|p2|Hydreigon, L50, F|
|teampreview|4
|showteam|p1|Gholdengo||GrassySeed|GoodasGold|NastyPlot,MakeItRain,ShadowBall,Protect||||||50|,,,,,Water]Sneasler||WhiteHerb|Unburden|CloseCombat,DireClaw,Coaching,Protect|||F|||50|,,,,,Ghost]Rillaboom||AssaultVest|GrassySurge|FakeOut,GrassyGlide,DrumBeating,HighHorsepower|||M|||50|,,,,,Fire]Ninetales-Alola||FocusSash|SnowWarning|Blizzard,IcyWind,Encore,AuroraVeil|||F|||50|,,,,,Ghost]Dragonite||LoadedDice|Multiscale|ScaleShot,StompingTantrum,Tailwind,Protect|||M|||50|,,,,,Ground]Arcanine-Hisui||ClearAmulet|Intimidate|RockSlide,FlareBlitz,ExtremeSpeed,Protect|||M|||50|,,,,,Water
|showteam|p2|Dondozo||Leftovers|Unaware|Protect,WaveCrash,Earthquake,OrderUp|||M|||50|,,,,,Grass]Tatsugiri||ChoiceScarf|Commander|DragonPulse,IcyWind,DracoMeteor,MuddyWater|||M|||50|,,,,,Stellar]Sneasler||PsychicSeed|Unburden|DireClaw,CloseCombat,Protect,ThroatChop|||F|||50|,,,,,Dark]Whimsicott||CovertCloak|Prankster|Tailwind,Moonblast,Taunt,HelpingHand|||M|||50|,,,,,Dark]Indeedee||FocusSash|PsychicSurge|ExpandingForce,TrickRoom,DazzlingGleam,Protect|||M|||50|,,,,,Fairy]Hydreigon||LifeOrb|Levitate|DracoMeteor,Snarl,HeatWave,Protect|||F|||50|,,,,,Steel
|inactive|Battle timer is ON: inactive players will automatically lose when time's up. (requested by robby w)
|
|t:|1756770822
|teamsize|p1|4
|teamsize|p2|4
|start
|switch|p1a: Gholdengo|Gholdengo, L50|100/100
|switch|p1b: Ninetales|Ninetales-Alola, L50, F, shiny|100/100
|switch|p2a: Dondozo|Dondozo, L50, M, shiny|100/100
|switch|p2b: Sneasler|Sneasler, L50, F|100/100
|-weather|Snowscape|[from] ability: Snow Warning|[of] p1b: Ninetales
|turn|1
|inactive|edwarthdf has 30 seconds left.
|
|t:|1756770856
|switch|p2b: Tatsugiri|Tatsugiri, L50, M|100/100
|-activate|p2b: Tatsugiri|ability: Commander|[of] p2a: Dondozo
|-boost|p2a: Dondozo|atk|2
|-boost|p2a: Dondozo|spa|2
|-boost|p2a: Dondozo|spe|2
|-boost|p2a: Dondozo|def|2
|-boost|p2a: Dondozo|spd|2
|switch|p1a: Arcanine|Arcanine-Hisui, L50, M, shiny|100/100
|-ability|p1a: Arcanine|Intimidate|boost
|-unboost|p2a: Dondozo|atk|1
|-unboost|p2b: Tatsugiri|atk|1
|move|p1b: Ninetales|Aurora Veil|p1b: Ninetales
|-sidestart|p1: edwarthdf|move: Aurora Veil
|move|p2a: Dondozo|Wave Crash|p1b: Ninetales
|-damage|p1b: Ninetales|44/100
|-damage|p2a: Dondozo|88/100|[from] Recoil
|
|-weather|Snowscape|[upkeep]
|-heal|p2a: Dondozo|94/100|[from] item: Leftovers
|upkeep
|turn|2
|inactive|edwarthdf has 30 seconds left.
|
|t:|1756770889
|switch|p1b: Rillaboom|Rillaboom, L50, M, shiny|100/100
|-fieldstart|move: Grassy Terrain|[from] ability: Grassy Surge|[of] p1b: Rillaboom
|-terastallize|p1a: Arcanine|Water
|move|p2a: Dondozo|Earthquake|p1a: Arcanine|[spread] p1a,p1b
|-miss|p2a: Dondozo|p2b: Tatsugiri
|-resisted|p1b: Rillaboom
|-damage|p1a: Arcanine|85/100
|-damage|p1b: Rillaboom|94/100
|move|p1a: Arcanine|Rock Slide|p2b: Tatsugiri|[spread] p2a
|-miss|p1a: Arcanine|p2b: Tatsugiri
|-damage|p2a: Dondozo|85/100
|
|-weather|Snowscape|[upkeep]
|-heal|p2a: Dondozo|91/100|[from] Grassy Terrain
|-heal|p2a: Dondozo|97/100|[from] item: Leftovers
|-heal|p1a: Arcanine|91/100|[from] Grassy Terrain
|-heal|p1b: Rillaboom|99/100|[from] Grassy Terrain
|upkeep
|turn|3
|inactive|edwarthdf has 30 seconds left.
|
|t:|1756770919
|switch|p1a: Gholdengo|Gholdengo, L50|100/100
|-enditem|p1a: Gholdengo|Grassy Seed
|-boost|p1a: Gholdengo|def|1|[from] item: Grassy Seed
|move|p2a: Dondozo|Protect|p2a: Dondozo
|-singleturn|p2a: Dondozo|Protect
|move|p1b: Rillaboom|Drum Beating|p2a: Dondozo
|-activate|p2a: Dondozo|move: Protect
|
|-weather|Snowscape|[upkeep]
|-heal|p2a: Dondozo|100/100|[from] Grassy Terrain
|-heal|p1b: Rillaboom|100/100|[from] Grassy Terrain
|upkeep
|turn|4
|
|t:|1756770936
|switch|p1a: Arcanine|Arcanine-Hisui, L50, M, shiny, tera:Water|91/100
|-ability|p1a: Arcanine|Intimidate|boost
|-unboost|p2a: Dondozo|atk|1
|-unboost|p2b: Tatsugiri|atk|1
|-terastallize|p2a: Dondozo|Grass
|move|p2a: Dondozo|Order Up|p1b: Rillaboom
|-damage|p1b: Rillaboom|83/100
|-boost|p2a: Dondozo|atk|1
|move|p1b: Rillaboom|Drum Beating|p2a: Dondozo
|-resisted|p2a: Dondozo
|-damage|p2a: Dondozo|93/100
|-unboost|p2a: Dondozo|spe|1
|
|-weather|Snowscape|[upkeep]
|-heal|p1a: Arcanine|96/100|[from] Grassy Terrain
|-heal|p1b: Rillaboom|89/100|[from] Grassy Terrain
|-heal|p2a: Dondozo|99/100|[from] Grassy Terrain
|-heal|p2a: Dondozo|100/100|[from] item: Leftovers
|upkeep
|turn|5
|
|t:|1756770960
|move|p1a: Arcanine|Rock Slide|p2b: Tatsugiri|[spread] p2a
|-miss|p1a: Arcanine|p2b: Tatsugiri
|-damage|p2a: Dondozo|91/100
|move|p1b: Rillaboom|Drum Beating|p2a: Dondozo
|-resisted|p2a: Dondozo
|-damage|p2a: Dondozo|83/100
|-unboost|p2a: Dondozo|spe|1
|move|p2a: Dondozo|Order Up|p1b: Rillaboom
|-damage|p1b: Rillaboom|62/100
|-boost|p2a: Dondozo|atk|1
|
|-weather|none
|-heal|p1a: Arcanine|100/100|[from] Grassy Terrain
|-heal|p1b: Rillaboom|68/100|[from] Grassy Terrain
|-heal|p2a: Dondozo|89/100|[from] Grassy Terrain
|-heal|p2a: Dondozo|96/100|[from] item: Leftovers
|-sideend|p1: edwarthdf|move: Aurora Veil
|upkeep
|turn|6
|
|t:|1756770984
|switch|p1b: Ninetales|Ninetales-Alola, L50, F, shiny|44/100
|-weather|Snowscape|[from] ability: Snow Warning|[of] p1b: Ninetales
|move|p1a: Arcanine|Flare Blitz|p2a: Dondozo
|-supereffective|p2a: Dondozo
|-damage|p2a: Dondozo|52/100
|-damage|p1a: Arcanine|82/100|[from] Recoil
|move|p2a: Dondozo|Order Up|p1a: Arcanine
|-damage|p1a: Arcanine|19/100
|-boost|p2a: Dondozo|atk|1
|
|-weather|Snowscape|[upkeep]
|-heal|p1b: Ninetales|50/100|[from] Grassy Terrain
|-heal|p1a: Arcanine|25/100|[from] Grassy Terrain
|-heal|p2a: Dondozo|58/100|[from] Grassy Terrain
|-heal|p2a: Dondozo|65/100|[from] item: Leftovers
|-fieldend|move: Grassy Terrain
|upkeep
|turn|7
|inactive|robby w has 30 seconds left.
|inactive|edwarthdf has 30 seconds left.
|inactive|robby w has 20 seconds left.
|
|t:|1756771023
|move|p1b: Ninetales|Aurora Veil|p1b: Ninetales
|-sidestart|p1: edwarthdf|move: Aurora Veil
|move|p1a: Arcanine|Flare Blitz|p2a: Dondozo
|-supereffective|p2a: Dondozo
|-damage|p2a: Dondozo|24/100
|-damage|p1a: Arcanine|8/100|[from] Recoil
|move|p2a: Dondozo|Order Up|p1a: Arcanine
|-damage|p1a: Arcanine|0 fnt
|faint|p1a: Arcanine
|-boost|p2a: Dondozo|atk|1
|
|-weather|Snowscape|[upkeep]
|-heal|p2a: Dondozo|30/100|[from] item: Leftovers
|upkeep
|
|t:|1756771037
|switch|p1a: Gholdengo|Gholdengo, L50|100/100
|turn|8
|
|t:|1756771048
|move|p1b: Ninetales|Blizzard|p2a: Dondozo|[spread] p2a
|-miss|p1b: Ninetales|p2b: Tatsugiri
|-supereffective|p2a: Dondozo
|-damage|p2a: Dondozo|0 fnt
|faint|p2a: Dondozo
|move|p1a: Gholdengo|Make It Rain|p2b: Tatsugiri
|-resisted|p2b: Tatsugiri
|-damage|p2b: Tatsugiri|61/100
|-unboost|p1a: Gholdengo|spa|1
|
|-weather|Snowscape|[upkeep]
|upkeep
|
|t:|1756771070
|switch|p2a: Sneasler|Sneasler, L50, F|100/100
|turn|9
|
|t:|1756771085
|move|p2b: Tatsugiri|Muddy Water|p1a: Gholdengo|[spread] p1a,p1b
|-damage|p1a: Gholdengo|78/100
|-damage|p1b: Ninetales|26/100
|move|p1b: Ninetales|Blizzard|p2a: Sneasler|[spread] p2a,p2b
|-damage|p2a: Sneasler|57/100
|-damage|p2b: Tatsugiri|22/100
|move|p2a: Sneasler|Dire Claw|p1b: Ninetales
|-supereffective|p1b: Ninetales
|-damage|p1b: Ninetales|0 fnt
|faint|p1b: Ninetales
|move|p1a: Gholdengo|Nasty Plot|p1a: Gholdengo
|-boost|p1a: Gholdengo|spa|2
|
|-weather|Snowscape|[upkeep]
|upkeep
|
|t:|1756771100
|switch|p1b: Rillaboom|Rillaboom, L50, M, shiny|68/100
|-fieldstart|move: Grassy Terrain|[from] ability: Grassy Surge|[of] p1b: Rillaboom
|turn|10
|inactive|robby w has 30 seconds left.
|inactive|edwarthdf has 30 seconds left.
|inactive|edwarthdf has 20 seconds left.
|
|t:|1756771150
|switch|p2b: Indeedee|Indeedee, L50, M|100/100
|-fieldstart|move: Psychic Terrain|[from] ability: Psychic Surge|[of] p2b: Indeedee
|-enditem|p2a: Sneasler|Psychic Seed
|-boost|p2a: Sneasler|spd|1|[from] item: Psychic Seed
|move|p1b: Rillaboom|Fake Out|p2a: Sneasler
|-activate|p2a: Sneasler|move: Psychic Terrain
|move|p2a: Sneasler|Throat Chop|p1a: Gholdengo
|-supereffective|p1a: Gholdengo
|-damage|p1a: Gholdengo|36/100
|-start|p1a: Gholdengo|Throat Chop|[silent]
|move|p1a: Gholdengo|Make It Rain|p2b: Indeedee|[spread] p2a,p2b
|-crit|p2a: Sneasler
|-damage|p2a: Sneasler|0 fnt
|-damage|p2b: Indeedee|9/100
|-unboost|p1a: Gholdengo|spa|1
|faint|p2a: Sneasler
|
|-weather|none
|upkeep
|inactive|robby w has 30 seconds left.
|
|t:|1756771180
|switch|p2a: Tatsugiri|Tatsugiri, L50, M|22/100
|turn|11
|inactive|edwarthdf has 30 seconds left.
|inactive|edwarthdf has 20 seconds left.
|inactive|edwarthdf has 15 seconds left.
|
|t:|1756771223
|move|p2a: Tatsugiri|Draco Meteor|p1a: Gholdengo
|-resisted|p1a: Gholdengo
|-damage|p1a: Gholdengo|14/100
|-unboost|p2a: Tatsugiri|spa|2
|move|p2b: Indeedee|Expanding Force|p1b: Rillaboom|[spread] p1a,p1b
|-resisted|p1a: Gholdengo
|-damage|p1a: Gholdengo|0 fnt
|-damage|p1b: Rillaboom|40/100
|faint|p1a: Gholdengo
|move|p1b: Rillaboom|Drum Beating|p2b: Indeedee
|-damage|p2b: Indeedee|0 fnt
|faint|p2b: Indeedee
|
|-sideend|p1: edwarthdf|move: Aurora Veil
|upkeep
|turn|12
|inactive|robby w has 30 seconds left.
|inactive|robby w has 20 seconds left.
|inactive|robby w has 15 seconds left.
|
|t:|1756771264
|move|p2a: Tatsugiri|Draco Meteor|p1b: Rillaboom
|-damage|p1b: Rillaboom|14/100
|-unboost|p2a: Tatsugiri|spa|2
|move|p1b: Rillaboom|Drum Beating|p2a: Tatsugiri
|-damage|p2a: Tatsugiri|0 fnt
|faint|p2a: Tatsugiri
|
|win|edwarthdf
|raw|edwarthdf's rating: 1067 → 1101(+34 for winning)
|raw|robby w's rating: 1113 → 1085(-28 for losing)
|c|☆edwarthdf|Gg
