|j|☆ENDERTYTAR
|j|☆avaiugg
|html|ENDERTYTARavaiugg    
|uhtml|bestof|Game 2 of a best-of-3
|t:|1785946933
|gametype|doubles
|player|p1|ENDERTYTAR|170|1048
|player|p2|avaiugg|266|1056
|gen|9
|tier|[Gen 9 Champions] VGC 2026 Reg M-B (Bo3)
|rated|
|rule|Species Clause: Limit one of each Pokémon
|rule|Item Clause: Limit 1 of each item
|clearpoke
|poke|p1|Charizard, L50, F|
|poke|p1|Milotic, L50, F|
|poke|p1|Grimmsnarl, L50, M|
|poke|p1|Sinistcha, L50|
|poke|p1|Incineroar, L50, M|
|poke|p1|Floette-Eternal, L50, F|
|poke|p2|Torkoal, L50, M|
|poke|p2|Typhlosion-Hisui, L50, M|
|poke|p2|Incineroar, L50, F|
|poke|p2|Lopunny, L50, M|
|poke|p2|Vivillon, L50, F|
|poke|p2|Farigiraf, L50, F|
|teampreview|4
|showteam|p1|Charizard||CharizarditeX|Blaze|Protect,DragonRush,FlareBlitz,DragonDance|Adamant||F|||50|]Milotic||Leftovers|Competitive|Coil,MuddyWater,Hypnosis,Protect|Calm||F|||50|]Grimmsnarl||LightClay|Prankster|LightScreen,Reflect,SpiritBreak,PartingShot|Impish||M|||50|]Sinistcha||ColburBerry|Hospitality|MatchaGotcha,TrickRoom,RagePowder,Protect|Calm|||||50|]Incineroar||SitrusBerry|Intimidate|FakeOut,FlareBlitz,PartingShot,ThroatChop|Adamant||M|||50|]Floette-Eternal||Floettite|FlowerVeil|Protect,Moonblast,DazzlingGleam,CalmMind|Modest||F|||50|
|showteam|p2|Torkoal||Charcoal|Drought|WeatherBall,Eruption,Protect,HelpingHand|Quiet||M|||50|]Typhlosion-Hisui||ChoiceScarf|Frisk|Eruption,ShadowBall,Overheat,HeatWave|Timid||M|||50|]Incineroar||SitrusBerry|Intimidate|PartingShot,FakeOut,FlareBlitz,ThroatChop|Adamant||F|||50|]Lopunny||Lopunnite|Limber|AfterYou,CloseCombat,IcePunch,FakeOut|Jolly||M|||50|]Vivillon||FocusSash|CompoundEyes|SleepPowder,Hurricane,Tailwind,RagePowder|Timid||F|||50|]Farigiraf||ColburBerry|ArmorTail|HyperVoice,Psychic,TrickRoom,HelpingHand|Quiet||F|||50|
|
|t:|1785946954
|teamsize|p1|4
|teamsize|p2|4
|start
|switch|p1a: Milotic|Milotic, L50, F|100/100
|switch|p1b: Grimmsnarl|Grimmsnarl, L50, M|100/100
|switch|p2a: Typhlosion|Typhlosion-Hisui, L50, M|100/100
|switch|p2b: Vivillon|Vivillon, L50, F|100/100
|-item|p1a: Milotic|Leftovers|[from] ability: Frisk|[of] p2a: Typhlosion
|-item|p1b: Grimmsnarl|Light Clay|[from] ability: Frisk|[of] p2a: Typhlosion
|turn|1
|inactive|Battle timer is ON: inactive players will automatically lose when time's up. (requested by ENDERTYTAR)
|
|t:|1785946998
|move|p1b: Grimmsnarl|Light Screen|p1b: Grimmsnarl
|-sidestart|p1: ENDERTYTAR|move: Light Screen
|move|p2a: Typhlosion|Eruption|p1b: Grimmsnarl|[spread] p1a,p1b
|-resisted|p1a: Milotic|1
|-damage|p1a: Milotic|89/100
|-damage|p1b: Grimmsnarl|63/100
|move|p2b: Vivillon|Sleep Powder|p1a: Milotic
|-status|p1a: Milotic|slp|[from] move: Sleep Powder
|cant|p1a: Milotic|slp
|
|-heal|p1a: Milotic|95/100 slp|[from] item: Leftovers
|upkeep
|turn|2
|inactive|avaiugg has 30 seconds left.
|
|t:|1785947024
|move|p1b: Grimmsnarl|Parting Shot|p2a: Typhlosion
|-unboost|p2a: Typhlosion|atk|1
|-unboost|p2a: Typhlosion|spa|1
|
|t:|1785947038
|switch|p1b: Charizard|Charizard, L50, F|100/100|[from] Parting Shot
|move|p2a: Typhlosion|Eruption|p1b: Charizard|[spread] p1a,p1b
|-resisted|p1a: Milotic|1
|-resisted|p1b: Charizard|1
|-damage|p1a: Milotic|87/100 slp
|-damage|p1b: Charizard|85/100
|move|p2b: Vivillon|Sleep Powder|p1b: Charizard
|-status|p1b: Charizard|slp|[from] move: Sleep Powder
|-curestatus|p1a: Milotic|slp|[msg]
|move|p1a: Milotic|Coil|p1a: Milotic
|-boost|p1a: Milotic|atk|1
|-boost|p1a: Milotic|def|1
|-boost|p1a: Milotic|accuracy|1
|
|-heal|p1a: Milotic|93/100|[from] item: Leftovers
|upkeep
|turn|3
|
|t:|1785947061
|switch|p2a: Farigiraf|Farigiraf, L50, F|100/100
|detailschange|p1b: Charizard|Charizard-Mega-X, L50, F
|-mega|p1b: Charizard|Charizard|Charizardite X
|move|p2b: Vivillon|Sleep Powder|p1a: Milotic
|-status|p1a: Milotic|slp|[from] move: Sleep Powder
|cant|p1b: Charizard|slp
|cant|p1a: Milotic|slp
|
|-heal|p1a: Milotic|99/100 slp|[from] item: Leftovers
|upkeep
|turn|4
|
|t:|1785947084
|move|p2b: Vivillon|Hurricane|p1b: Charizard
|-damage|p1b: Charizard|49/100 slp
|cant|p1b: Charizard|slp
|cant|p1a: Milotic|slp
|move|p2a: Farigiraf|Psychic|p1b: Charizard
|-damage|p1b: Charizard|16/100 slp
|-unboost|p1b: Charizard|spd|1
|
|-heal|p1a: Milotic|100/100 slp|[from] item: Leftovers
|upkeep
|turn|5
|
|t:|1785947101
|switch|p1b: Grimmsnarl|Grimmsnarl, L50, M|63/100
|move|p2b: Vivillon|Hurricane|p1a: Milotic
|-damage|p1a: Milotic|79/100 slp
|-start|p1a: Milotic|confusion
|-curestatus|p1a: Milotic|slp|[msg]
|-activate|p1a: Milotic|confusion
|move|p1a: Milotic|Hypnosis|p2b: Vivillon
|-status|p2b: Vivillon|slp|[from] move: Hypnosis
|move|p2a: Farigiraf|Psychic|p1b: Grimmsnarl
|-immune|p1b: Grimmsnarl
|
|-heal|p1a: Milotic|85/100|[from] item: Leftovers
|upkeep
|turn|6
|inactive|avaiugg has 30 seconds left.
|inactive|avaiugg has 20 seconds left.
|
|t:|1785947139
|cant|p2b: Vivillon|slp
|-end|p1a: Milotic|confusion
|move|p1a: Milotic|Muddy Water|p2b: Vivillon|[spread] p2a,p2b
|-damage|p2a: Farigiraf|75/100
|-damage|p2b: Vivillon|52/100 slp
|move|p1b: Grimmsnarl|Spirit Break|p2b: Vivillon
|-damage|p2b: Vivillon|0 fnt
|faint|p2b: Vivillon
|move|p2a: Farigiraf|Hyper Voice|p1b: Grimmsnarl|[spread] p1a,p1b
|-damage|p1a: Milotic|69/100
|-damage|p1b: Grimmsnarl|43/100
|
|-heal|p1a: Milotic|75/100|[from] item: Leftovers
|upkeep
|
|t:|1785947150
|switch|p2b: Typhlosion|Typhlosion-Hisui, L50, M|100/100
|-item|p1a: Milotic|Leftovers|[from] ability: Frisk|[of] p2b: Typhlosion
|-item|p1b: Grimmsnarl|Light Clay|[from] ability: Frisk|[of] p2b: Typhlosion
|turn|7
|
|t:|1785947164
|move|p2a: Farigiraf|Helping Hand|p2b: Typhlosion
|-singleturn|p2b: Typhlosion|Helping Hand|[of] p2a: Farigiraf
|move|p2b: Typhlosion|Eruption|p1a: Milotic|[spread] p1a,p1b
|-resisted|p1a: Milotic|1
|-damage|p1a: Milotic|56/100
|-damage|p1b: Grimmsnarl|0 fnt
|faint|p1b: Grimmsnarl
|move|p1a: Milotic|Hypnosis|p2b: Typhlosion
|-status|p2b: Typhlosion|slp|[from] move: Hypnosis
|
|-heal|p1a: Milotic|62/100|[from] item: Leftovers
|upkeep
|
|t:|1785947167
|switch|p1b: Sinistcha|Sinistcha, L50|100/100
|-heal|p1a: Milotic|87/100|[from] ability: Hospitality|[of] p1b: Sinistcha
|turn|8
|
|t:|1785947172
|cant|p2b: Typhlosion|slp
|move|p1a: Milotic|Muddy Water|p2b: Typhlosion|[spread] p2a,p2b
|-supereffective|p2b: Typhlosion|1
|-damage|p2a: Farigiraf|48/100
|-damage|p2b: Typhlosion|35/100 slp
|-unboost|p2a: Farigiraf|accuracy|1
|move|p1b: Sinistcha|Matcha Gotcha|p2a: Farigiraf|[spread] p2a,p2b
|-resisted|p2b: Typhlosion|1
|-damage|p2a: Farigiraf|23/100
|-damage|p2b: Typhlosion|19/100 slp
|move|p2a: Farigiraf|Trick Room|p2a: Farigiraf
|-fieldstart|move: Trick Room|[of] p2a: Farigiraf
|
|-heal|p1a: Milotic|93/100|[from] item: Leftovers
|-sideend|p1: ENDERTYTAR|move: Light Screen
|upkeep
|turn|9
|
|t:|1785947186
|move|p2a: Farigiraf|Helping Hand|p2b: Typhlosion
|-singleturn|p2b: Typhlosion|Helping Hand|[of] p2a: Farigiraf
|move|p1a: Milotic|Muddy Water|p2a: Farigiraf|[spread] p2a,p2b
|-supereffective|p2b: Typhlosion|1
|-damage|p2a: Farigiraf|0 fnt
|-damage|p2b: Typhlosion|0 fnt
|faint|p2a: Farigiraf
|faint|p2b: Typhlosion
|move|p1b: Sinistcha|Trick Room|p1b: Sinistcha
|-fieldend|move: Trick Room
|
|-heal|p1a: Milotic|99/100|[from] item: Leftovers
|upkeep
|-message|avaiugg forfeited.
|
|win|ENDERTYTAR
|raw|ENDERTYTAR's rating: 1048 → 1082(+34 for winning)
|raw|avaiugg's rating: 1056 → 1037(-19 for losing)
|l|☆avaiugg
|player|p2|
