|j|☆somebirdgal
|j|☆ameliabees
|html|somebirdgalameliabees    
|uhtml|bestof|Game 2 of a best-of-3
|t:|1786074141
|gametype|doubles
|player|p1|somebirdgal|caitlin|
|player|p2|ameliabees|nurse|
|gen|9
|tier|[Gen 9 Champions] VGC 2026 Reg M-B (Bo3)
|rule|Species Clause: Limit one of each Pokémon
|rule|Item Clause: Limit 1 of each item
|clearpoke
|poke|p1|Delphox, L50, F|
|poke|p1|Tsareena, L50, F|
|poke|p1|Garchomp, L50, M|
|poke|p1|Kingambit, L50, M|
|poke|p1|Whimsicott, L50, M|
|poke|p1|Rotom-Wash, L50|
|poke|p2|Staraptor, L50, M|
|poke|p2|Garchomp, L50, M|
|poke|p2|Whimsicott, L50, M|
|poke|p2|Delphox, L50, M|
|poke|p2|Glimmora, L50, M|
|poke|p2|Kingambit, L50, M|
|teampreview|4
|showteam|p1|Delphox||Delphoxite|Blaze|HeatWave,Psyshock,Protect,Substitute|Timid||F|||50|]Tsareena||WideLens|QueenlyMajesty|TropKick,HighJumpKick,Protect,TripleAxel|Jolly||F|||50|]Garchomp||LifeOrb|RoughSkin|RockSlide,DragonClaw,Protect,Earthquake|Jolly||M|||50|]Kingambit||ChopleBerry|Defiant|KowtowCleave,SuckerPunch,IronHead,LowKick|Adamant||M|||50|]Whimsicott||FocusSash|Prankster|Moonblast,Encore,Protect,Tailwind|Timid||M|||50|]Rotom-Wash||ChoiceScarf|Levitate|HydroPump,Thunderbolt,Discharge,VoltSwitch|Timid|||||50|
|showteam|p2|Staraptor||Staraptite|Intimidate|Protect,Roost,CloseCombat,BraveBird|Jolly||M|||50|]Garchomp||LifeOrb|RoughSkin|Protect,RockSlide,Earthquake,DragonClaw|Jolly||M|||50|]Whimsicott||OccaBerry|Prankster|Moonblast,Tailwind,Charm,LightScreen|Timid||M|||50|]Delphox||Delphoxite|Magician|Protect,Psychic,HeatWave,Substitute|Timid||M|||50|]Glimmora||FocusSash|ToxicDebris|SpikyShield,SludgeBomb,EarthPower,PowerGem|Timid||M|||50|]Kingambit||ChopleBerry|Defiant|SuckerPunch,LowKick,IronHead,KowtowCleave|Adamant||M|||50|
|j| catpotatt
|
|t:|1786074183
|teamsize|p1|4
|teamsize|p2|4
|start
|switch|p1a: Whimsicott|Whimsicott, L50, M|100/100
|switch|p1b: Rotom|Rotom-Wash, L50|100/100
|switch|p2a: Glimmora|Glimmora, L50, M|100/100
|switch|p2b: Kingambit|Kingambit, L50, M|100/100
|turn|1
|
|t:|1786074202
|move|p2a: Glimmora|Spiky Shield|p2a: Glimmora
|-singleturn|p2a: Glimmora|move: Protect
|move|p1a: Whimsicott|Tailwind|p1a: Whimsicott
|-sidestart|p1: somebirdgal|move: Tailwind
|move|p1b: Rotom|Hydro Pump|p2a: Glimmora
|-activate|p2a: Glimmora|move: Protect
|move|p2b: Kingambit|Iron Head|p1a: Whimsicott
|-supereffective|p1a: Whimsicott|1
|-enditem|p1a: Whimsicott|Focus Sash
|-damage|p1a: Whimsicott|1/100
|
|upkeep
|turn|2
|
|t:|1786074532
|move|p2b: Kingambit|Sucker Punch|p1b: Rotom
|-damage|p1b: Rotom|57/100
|move|p1b: Rotom|Hydro Pump|p2a: Glimmora
|-supereffective|p2a: Glimmora|1
|-enditem|p2a: Glimmora|Focus Sash
|-damage|p2a: Glimmora|1/100
|move|p1a: Whimsicott|Moonblast|p2a: Glimmora
|-resisted|p2a: Glimmora|1
|-damage|p2a: Glimmora|0 fnt
|faint|p2a: Glimmora
|
|upkeep
|
|t:|1786074548
|switch|p2a: Delphox|Delphox, L50, M|100/100
|turn|3
|
|t:|1786074583
|detailschange|p2a: Delphox|Delphox-Mega, L50, M
|-mega|p2a: Delphox|Delphox|Delphoxite
|move|p2a: Delphox|Protect|p2a: Delphox
|-singleturn|p2a: Delphox|Protect
|move|p1b: Rotom|Hydro Pump|p2a: Delphox
|-activate|p2a: Delphox|move: Protect
|move|p1a: Whimsicott|Moonblast|p2b: Kingambit
|-damage|p2b: Kingambit|67/100
|move|p2b: Kingambit|Kowtow Cleave|p1b: Rotom
|-damage|p1b: Rotom|2/100
|
|upkeep
|turn|4
|
|t:|1786074602
|move|p1a: Whimsicott|Encore|p2a: Delphox
|-start|p2a: Delphox|Encore
|move|p2a: Delphox|Protect||[still]
|-fail|p2a: Delphox
|move|p2b: Kingambit|Sucker Punch|p1b: Rotom
|-damage|p1b: Rotom|0 fnt
|faint|p1b: Rotom
|
|-sideend|p1: somebirdgal|move: Tailwind
|upkeep
|
|t:|1786074608
|switch|p1b: Delphox|Delphox, L50, F|100/100
|turn|5
|
|t:|1786074623
|detailschange|p1b: Delphox|Delphox-Mega, L50, F
|-mega|p1b: Delphox|Delphox|Delphoxite
|move|p2a: Delphox|Protect|p2a: Delphox
|-singleturn|p2a: Delphox|Protect
|move|p1a: Whimsicott|Tailwind|p1a: Whimsicott
|-sidestart|p1: somebirdgal|move: Tailwind
|move|p2b: Kingambit|Sucker Punch||[still]
|-fail|p2b: Kingambit
|move|p1b: Delphox|Substitute|p1b: Delphox
|-start|p1b: Delphox|Substitute
|-damage|p1b: Delphox|75/100
|
|upkeep
|turn|6
|
|t:|1786074641
|switch|p1a: Garchomp|Garchomp, L50, M|100/100
|move|p2a: Delphox|Protect||[still]
|-fail|p2a: Delphox
|move|p2b: Kingambit|Sucker Punch|p1b: Delphox
|-supereffective|p1b: Delphox|1
|-end|p1b: Delphox|Substitute
|move|p1b: Delphox|Heat Wave|p2b: Kingambit|[spread] p2a,p2b
|-resisted|p2a: Delphox|1
|-supereffective|p2b: Kingambit|1
|-damage|p2a: Delphox|79/100
|-damage|p2b: Kingambit|0 fnt
|faint|p2b: Kingambit
|
|-end|p2a: Delphox|Encore
|upkeep
|
|t:|1786074650
|switch|p2b: Staraptor|Staraptor, L50, M|100/100
|-ability|p2b: Staraptor|Intimidate|boost
|-unboost|p1a: Garchomp|atk|1
|-unboost|p1b: Delphox|atk|1
|turn|7
|
|t:|1786074668
|move|p1b: Delphox|Psyshock|p2b: Staraptor
|-damage|p2b: Staraptor|42/100
|move|p1a: Garchomp|Rock Slide|p2a: Delphox|[spread] p2a,p2b
|-supereffective|p2a: Delphox|1
|-supereffective|p2b: Staraptor|1
|-damage|p2a: Delphox|39/100
|-damage|p2b: Staraptor|3/100
|-damage|p1a: Garchomp|90/100|[from] item: Life Orb
|move|p2a: Delphox|Heat Wave|p1b: Delphox|[spread] p1a,p1b
|-resisted|p1a: Garchomp|1
|-resisted|p1b: Delphox|1
|-damage|p1a: Garchomp|70/100
|-damage|p1b: Delphox|56/100
|cant|p2b: Staraptor|flinch
|
|upkeep
|turn|8
|
|t:|1786074697
|move|p2a: Delphox|Protect|p2a: Delphox
|-singleturn|p2a: Delphox|Protect
|move|p2b: Staraptor|Protect|p2b: Staraptor
|-singleturn|p2b: Staraptor|Protect
|move|p1b: Delphox|Heat Wave|p2a: Delphox|[spread] 
|-activate|p2a: Delphox|move: Protect
|-activate|p2b: Staraptor|move: Protect
|move|p1a: Garchomp|Rock Slide|p2b: Staraptor|[spread] 
|-activate|p2a: Delphox|move: Protect
|-activate|p2b: Staraptor|move: Protect
|
|-sideend|p1: somebirdgal|move: Tailwind
|upkeep
|turn|9
|
|t:|1786074717
|move|p1b: Delphox|Heat Wave|p2b: Staraptor|[spread] p2a,p2b
|-resisted|p2a: Delphox|1
|-damage|p2a: Delphox|21/100
|-damage|p2b: Staraptor|0 fnt
|faint|p2b: Staraptor
|move|p2a: Delphox|Psychic|p1a: Garchomp
|-damage|p1a: Garchomp|20/100y
|move|p1a: Garchomp|Rock Slide|p2a: Delphox
|-supereffective|p2a: Delphox|1
|-damage|p2a: Delphox|0 fnt
|faint|p2a: Delphox
|-damage|p1a: Garchomp|10/100|[from] item: Life Orb
|
|win|somebirdgal
