|j|☆idkvgc45
|j|☆caevz027
|html|idkvgc45caevz027    
|uhtml|bestof|Game 2 of a best-of-3
|t:|1756847864
|gametype|doubles
|player|p1|idkvgc45|ethan|1027
|player|p2|caevz027|170|1086
|gen|9
|tier|[Gen 9] VGC 2025 Reg H (Bo3)
|rated|
|rule|Species Clause: Limit one of each Pokémon
|rule|Item Clause: Limit 1 of each item
|clearpoke
|poke|p1|Indeedee, L50, M|
|poke|p1|Sneasler, L50, F|
|poke|p1|Excadrill, L50, M|
|poke|p1|Tyranitar, L50, F|
|poke|p1|Annihilape, L50, M|
|poke|p1|Corviknight, L50, M|
|poke|p2|Ninetales-Alola, L50, F|
|poke|p2|Annihilape, L50, M|
|poke|p2|Sinistcha-Masterpiece, L50|
|poke|p2|Klefki, L50, F|
|poke|p2|Ursaluna-Bloodmoon, L50, M|
|poke|p2|Maushold-Four, L50|
|teampreview|4
|showteam|p1|Indeedee||ChoiceScarf|PsychicSurge|ExpandingForce,Trick,Protect,TeraBlast|||M|||50|,,,,,Psychic]Sneasler||PsychicSeed|Unburden|DireClaw,CloseCombat,ThroatChop,Protect|||F|||50|,,,,,Dark]Excadrill||FocusSash|SandRush|HighHorsepower,Earthquake,IronHead,Protect|||M|||50|,,,,,Stellar]Tyranitar||AssaultVest|SandStream|RockSlide,LowKick,KnockOff,TeraBlast|||F|||50|,,,,,Flying]Annihilape||SafetyGoggles|Defiant|CloseCombat,RageFist,FinalGambit,Taunt|||M|||50|,,,,,Water]Corviknight||SitrusBerry|MirrorArmor|BraveBird,Roost,Tailwind,BulkUp|||M|||50|,,,,,Dragon
|showteam|p2|Ninetales-Alola||FocusSash|SnowWarning|IcyWind,Encore,Protect,FreezeDry|||F|||50|,,,,,Ghost]Annihilape||SafetyGoggles|Defiant|Protect,DrainPunch,RageFist,BulkUp|||M|||50|,,,,,Fire]Sinistcha-Masterpiece||SitrusBerry|Hospitality|MatchaGotcha,RagePowder,LifeDew,TrickRoom||||||50|,,,,,Water]Klefki||LightClay|Prankster|DazzlingGleam,Reflect,LightScreen,MistyTerrain|||F|||50|,,,,,Ghost]Ursaluna-Bloodmoon||AssaultVest|MindsEye|HyperVoice,BloodMoon,EarthPower,VacuumWave|||M|||50|,,,,,Normal]Maushold-Four||WideLens|Technician|PopulationBomb,FollowMe,Protect,BeatUp||||||50|,,,,,Ghost
|
|t:|1756847875
|teamsize|p1|4
|teamsize|p2|4
|start
|switch|p1a: Indeedee|Indeedee, L50, M|100/100
|switch|p1b: Sneasler|Sneasler, L50, F|100/100
|switch|p2a: Klefki|Klefki, L50, F|100/100
|switch|p2b: Annihilape|Annihilape, L50, M, shiny|100/100
|-fieldstart|move: Psychic Terrain|[from] ability: Psychic Surge|[of] p1a: Indeedee
|-enditem|p1b: Sneasler|Psychic Seed
|-boost|p1b: Sneasler|spd|1|[from] item: Psychic Seed
|turn|1
|inactive|Battle timer is ON: inactive players will automatically lose when time's up. (requested by caevz027)
|inactive|idkvgc45 has 60 seconds left.
|
|t:|1756847913
|-terastallize|p1a: Indeedee|Psychic
|move|p2b: Annihilape|Protect|p2b: Annihilape
|-singleturn|p2b: Annihilape|Protect
|move|p2a: Klefki|Light Screen|p2a: Klefki
|-sidestart|p2: caevz027|move: Light Screen
|move|p1b: Sneasler|Close Combat|p2a: Klefki
|-damage|p2a: Klefki|41/100
|-unboost|p1b: Sneasler|def|1
|-unboost|p1b: Sneasler|spd|1
|move|p1a: Indeedee|Expanding Force|p2b: Annihilape|[spread] p2a
|-activate|p2b: Annihilape|move: Protect
|-resisted|p2a: Klefki
|-damage|p2a: Klefki|14/100
|
|upkeep
|turn|2
|inactive|caevz027 has 30 seconds left.
|
|t:|1756847938
|move|p2a: Klefki|Misty Terrain|p2a: Klefki
|-fieldstart|move: Misty Terrain
|move|p1b: Sneasler|Close Combat|p2b: Annihilape
|-immune|p2b: Annihilape
|move|p1a: Indeedee|Expanding Force|p2b: Annihilape
|-supereffective|p2b: Annihilape
|-damage|p2b: Annihilape|36/100
|move|p2b: Annihilape|Rage Fist|p1b: Sneasler
|-damage|p1b: Sneasler|0 fnt
|faint|p1b: Sneasler
|
|upkeep
|
|t:|1756847956
|switch|p1b: Corviknight|Corviknight, L50, M|100/100
|turn|3
|
|t:|1756847966
|move|p2b: Annihilape|Protect|p2b: Annihilape
|-singleturn|p2b: Annihilape|Protect
|move|p2a: Klefki|Reflect|p2a: Klefki
|-sidestart|p2: caevz027|Reflect
|move|p1a: Indeedee|Expanding Force|p2a: Klefki
|-resisted|p2a: Klefki
|-damage|p2a: Klefki|0 fnt
|faint|p2a: Klefki
|move|p1b: Corviknight|Brave Bird|p2b: Annihilape
|-activate|p2b: Annihilape|move: Protect
|
|upkeep
|
|t:|1756847978
|switch|p2a: Ursaluna|Ursaluna-Bloodmoon, L50, M|100/100
|turn|4
|inactive|idkvgc45 has 30 seconds left.
|
|t:|1756848005
|-terastallize|p2b: Annihilape|Fire
|move|p1a: Indeedee|Expanding Force|p2b: Annihilape
|-damage|p2b: Annihilape|5/100
|move|p2b: Annihilape|Drain Punch|p1a: Indeedee
|-resisted|p1a: Indeedee
|-damage|p1a: Indeedee|70/100
|-heal|p2b: Annihilape|15/100|[from] drain|[of] p1a: Indeedee
|move|p1b: Corviknight|Bulk Up|p1b: Corviknight
|-boost|p1b: Corviknight|atk|1
|-boost|p1b: Corviknight|def|1
|move|p2a: Ursaluna|Blood Moon|p1b: Corviknight
|-resisted|p1b: Corviknight
|-damage|p1b: Corviknight|65/100
|
|upkeep
|turn|5
|inactive|idkvgc45 has 30 seconds left.
|
|t:|1756848033
|move|p2b: Annihilape|Protect|p2b: Annihilape
|-singleturn|p2b: Annihilape|Protect
|move|p1a: Indeedee|Expanding Force|p2b: Annihilape
|-activate|p2b: Annihilape|move: Protect
|move|p1b: Corviknight|Bulk Up|p1b: Corviknight
|-boost|p1b: Corviknight|atk|1
|-boost|p1b: Corviknight|def|1
|move|p2a: Ursaluna|Hyper Voice|p1a: Indeedee|[spread] p1a,p1b
|-resisted|p1b: Corviknight
|-damage|p1a: Indeedee|17/100
|-damage|p1b: Corviknight|49/100
|-enditem|p1b: Corviknight|Sitrus Berry|[eat]
|-heal|p1b: Corviknight|74/100|[from] item: Sitrus Berry
|
|upkeep
|turn|6
|inactive|idkvgc45 has 30 seconds left.
|
|t:|1756848063
|move|p2a: Ursaluna|Vacuum Wave|p1a: Indeedee
|-resisted|p1a: Indeedee
|-damage|p1a: Indeedee|6/100
|move|p1a: Indeedee|Expanding Force|p2b: Annihilape
|-damage|p2b: Annihilape|0 fnt
|faint|p2b: Annihilape
|move|p1b: Corviknight|Brave Bird|p2a: Ursaluna
|-damage|p2a: Ursaluna|58/100
|-damage|p1b: Corviknight|59/100|[from] Recoil
|
|-fieldend|Misty Terrain
|upkeep
|
|t:|1756848073
|switch|p2b: Ninetales|Ninetales-Alola, L50, F|100/100
|-weather|Snowscape|[from] ability: Snow Warning|[of] p2b: Ninetales
|turn|7
|inactive|idkvgc45 has 30 seconds left.
|inactive|idkvgc45 has 20 seconds left.
|inactive|idkvgc45 has 15 seconds left.
|
|t:|1756848114
|move|p1a: Indeedee|Expanding Force|p2a: Ursaluna
|-damage|p2a: Ursaluna|33/100
|move|p2b: Ninetales|Icy Wind|p1a: Indeedee|[spread] p1a,p1b
|-damage|p1a: Indeedee|0 fnt
|-damage|p1b: Corviknight|43/100
|-ability|p1b: Corviknight|Mirror Armor
|-unboost|p2b: Ninetales|spe|1
|faint|p1a: Indeedee
|move|p1b: Corviknight|Brave Bird|p2a: Ursaluna
|-damage|p2a: Ursaluna|0 fnt
|faint|p2a: Ursaluna
|-damage|p1b: Corviknight|32/100|[from] Recoil
|
|-weather|Snowscape|[upkeep]
|upkeep
|
|t:|1756848120
|switch|p1a: Annihilape|Annihilape, L50, M|100/100
|turn|8
|
|t:|1756848133
|move|p2b: Ninetales|Protect|p2b: Ninetales
|-singleturn|p2b: Ninetales|Protect
|move|p1a: Annihilape|Rage Fist|p2b: Ninetales
|-activate|p2b: Ninetales|move: Protect
|move|p1b: Corviknight|Roost|p1b: Corviknight
|-heal|p1b: Corviknight|82/100
|-singleturn|p1b: Corviknight|move: Roost
|
|-weather|Snowscape|[upkeep]
|-sideend|p2: caevz027|move: Light Screen
|upkeep
|turn|9
|-message|caevz027 forfeited.
|
|win|idkvgc45
|raw|idkvgc45's rating: 1027 → 1069(+42 for winning)
|raw|caevz027's rating: 1086 → 1059(-27 for losing)
|l|☆caevz027
|player|p2|
