|j|☆Nekrez
|j|☆TheRealMyan
|html|NekrezTheRealMyan    
|uhtml|bestof|Game 1 of a best-of-3
|t:|1782652122
|gametype|doubles
|player|p1|Nekrez|burglar|1000
|player|p2|TheRealMyan|266|1015
|gen|9
|tier|[Gen 9 Champions] VGC 2026 Reg M-B (Bo3)
|rated|
|rule|Species Clause: Limit one of each Pokémon
|rule|Item Clause: Limit 1 of each item
|clearpoke
|poke|p1|Sceptile, L50, M|
|poke|p1|Rotom-Heat, L50|
|poke|p1|Incineroar, L50, F|
|poke|p1|Kingambit, L50, M|
|poke|p1|Primarina, L50, F|
|poke|p1|Whimsicott, L50, M|
|poke|p2|Mawile, L50, F|
|poke|p2|Farigiraf, L50, M|
|poke|p2|Incineroar, L50, M|
|poke|p2|Hydreigon, L50, F|
|poke|p2|Excadrill, L50, M|
|poke|p2|Tyranitar, L50, M|
|teampreview|4
|showteam|p1|Sceptile||Sceptilite|Overgrow|LeafStorm,DragonPulse,Protect,FocusBlast|Timid||M|||50|]Rotom-Heat||ChoiceScarf|Levitate|Discharge,Overheat,VoltSwitch,Trick|Timid|||||50|]Incineroar||SitrusBerry|Intimidate|FakeOut,FlareBlitz,PartingShot,DarkestLariat|Careful||F|||50|]Kingambit||BlackGlasses|SupremeOverlord|KowtowCleave,IronHead,SuckerPunch,Protect|Adamant||M|||50|]Primarina||Leftovers|Torrent|Moonblast,HydroPump,IceBeam,Protect|Modest||F|||50|]Whimsicott||FocusSash|Prankster|Tailwind,Moonblast,Encore,Protect|Timid||M|||50|
|showteam|p2|Mawile||Mawilite|HyperCutter|PlayRough,IronHead,Protect,SuckerPunch|Brave||F|||50|]Farigiraf||ColburBerry|ArmorTail|Psychic,TrickRoom,HelpingHand,Thunderbolt|Calm||M|||50|]Incineroar||PasshoBerry|Intimidate|ThroatChop,PartingShot,FakeOut,FlareBlitz|Careful||M|||50|]Hydreigon||RoseliBerry|Levitate|DarkPulse,DracoMeteor,Tailwind,Protect|Modest||F|||50|]Excadrill||FocusSash|SandRush|Earthquake,IronHead,RockSlide,Protect|Adamant||M|||50|]Tyranitar||Tyranitarite|SandStream|KnockOff,LowKick,Protect,RockSlide|Adamant||M|||50|
|
|t:|1782652177
|teamsize|p1|4
|teamsize|p2|4
|start
|switch|p1a: Sceptile|Sceptile, L50, M|100/100
|switch|p1b: Rotom|Rotom-Heat, L50|100/100
|switch|p2a: Hydreigon|Hydreigon, L50, F|100/100
|switch|p2b: Excadrill|Excadrill, L50, M|100/100
|turn|1
|l|☆Nekrez
|player|p1|
|inactive|Battle timer is ON: inactive players will automatically lose when time's up. (requested by TheRealMyan)
|j|☆Nekrez
|inactive|Nekrez reconnected and has 85 seconds left.
|player|p1|Nekrez|burglar|
|
|t:|1782652223
|detailschange|p1a: Sceptile|Sceptile-Mega, L50, M
|-mega|p1a: Sceptile|Sceptile|Sceptilite
|move|p1b: Rotom|Discharge|p2a: Hydreigon|[spread] p2a
|-ability|p1a: Sceptile|Lightning Rod|boost
|-boost|p1a: Sceptile|spa|1
|-immune|p2b: Excadrill
|-resisted|p2a: Hydreigon|1
|-damage|p2a: Hydreigon|84/100
|move|p1a: Sceptile|Dragon Pulse|p2a: Hydreigon
|-supereffective|p2a: Hydreigon|1
|-damage|p2a: Hydreigon|0 fnt
|faint|p2a: Hydreigon
|move|p2b: Excadrill|Rock Slide|p1b: Rotom|[spread] p1b
|-miss|p2b: Excadrill|p1a: Sceptile
|-supereffective|p1b: Rotom|1
|-damage|p1b: Rotom|44/100
|
|upkeep
|
|t:|1782652242
|switch|p2a: Tyranitar|Tyranitar, L50, M|100/100
|-weather|Sandstorm|[from] ability: Sand Stream|[of] p2a: Tyranitar
|turn|2
|inactive|TheRealMyan has 30 seconds left.
|
|t:|1782652276
|switch|p1b: Primarina|Primarina, L50, F|100/100
|detailschange|p2a: Tyranitar|Tyranitar-Mega, L50, M
|-mega|p2a: Tyranitar|Tyranitar|Tyranitarite
|move|p2b: Excadrill|Iron Head|p1a: Sceptile
|-damage|p1a: Sceptile|26/100
|move|p1a: Sceptile|Leaf Storm|p2a: Tyranitar
|-supereffective|p2a: Tyranitar|1
|-damage|p2a: Tyranitar|0 fnt
|-unboost|p1a: Sceptile|spa|2
|faint|p2a: Tyranitar
|
|-weather|Sandstorm|[upkeep]
|-damage|p1a: Sceptile|20/100y|[from] Sandstorm
|-damage|p1b: Primarina|94/100|[from] Sandstorm
|-heal|p1b: Primarina|100/100|[from] item: Leftovers
|upkeep
|
|t:|1782652297
|switch|p2a: Farigiraf|Farigiraf, L50, M|100/100
|turn|3
|
|t:|1782652315
|switch|p1a: Kingambit|Kingambit, L50, M|100/100
|move|p1b: Primarina|Protect|p1b: Primarina
|-singleturn|p1b: Primarina|Protect
|move|p2b: Excadrill|Rock Slide|p1a: Kingambit|[spread] p1a
|-activate|p1b: Primarina|move: Protect
|-resisted|p1a: Kingambit|1
|-damage|p1a: Kingambit|92/100
|move|p2a: Farigiraf|Thunderbolt|p1b: Primarina
|-activate|p1b: Primarina|move: Protect
|
|-weather|Sandstorm|[upkeep]
|-damage|p2a: Farigiraf|93/100|[from] Sandstorm
|-damage|p1b: Primarina|94/100|[from] Sandstorm
|-heal|p1b: Primarina|100/100|[from] item: Leftovers
|upkeep
|turn|4
|inactive|Nekrez has 30 seconds left.
|inactive|TheRealMyan has 30 seconds left.
|
|t:|1782652350
|move|p2a: Farigiraf|Helping Hand|p2b: Excadrill
|-singleturn|p2b: Excadrill|Helping Hand|[of] p2a: Farigiraf
|move|p1a: Kingambit|Protect|p1a: Kingambit
|-singleturn|p1a: Kingambit|Protect
|move|p2b: Excadrill|Earthquake|p1a: Kingambit|[spread] p2a,p1b
|-activate|p1a: Kingambit|move: Protect
|-damage|p2a: Farigiraf|39/100
|-damage|p1b: Primarina|22/100
|move|p1b: Primarina|Hydro Pump|p2b: Excadrill
|-supereffective|p2b: Excadrill|1
|-enditem|p2b: Excadrill|Focus Sash
|-damage|p2b: Excadrill|1/100
|
|-weather|Sandstorm|[upkeep]
|-damage|p1b: Primarina|16/100|[from] Sandstorm
|-damage|p2a: Farigiraf|33/100|[from] Sandstorm
|-heal|p1b: Primarina|22/100|[from] item: Leftovers
|upkeep
|turn|5
|inactive|TheRealMyan has 30 seconds left.
|inactive|TheRealMyan has 20 seconds left.
|inactive|TheRealMyan has 15 seconds left.
|
|t:|1782652394
|move|p1b: Primarina|Protect|p1b: Primarina
|-singleturn|p1b: Primarina|Protect
|move|p1a: Kingambit|Sucker Punch||[still]
|cant|p2a: Farigiraf|ability: Armor Tail|Sucker Punch|[of] p1a: Kingambit
|move|p2b: Excadrill|Iron Head|p1b: Primarina
|-activate|p1b: Primarina|move: Protect
|move|p2a: Farigiraf|Thunderbolt|p1b: Primarina
|-activate|p1b: Primarina|move: Protect
|
|-weather|Sandstorm|[upkeep]
|-damage|p2a: Farigiraf|27/100|[from] Sandstorm
|-damage|p1b: Primarina|16/100|[from] Sandstorm
|-heal|p1b: Primarina|22/100|[from] item: Leftovers
|upkeep
|turn|6
|inactive|Nekrez has 30 seconds left.
|inactive|Nekrez has 20 seconds left.
|inactive|Nekrez has 15 seconds left.
|
|t:|1782652438
|move|p1b: Primarina|Protect|p1b: Primarina
|-singleturn|p1b: Primarina|Protect
|move|p1a: Kingambit|Sucker Punch||[still]
|cant|p2a: Farigiraf|ability: Armor Tail|Sucker Punch|[of] p1a: Kingambit
|move|p2b: Excadrill|Earthquake|p1b: Primarina|[spread] p2a,p1a
|-activate|p1b: Primarina|move: Protect
|-supereffective|p1a: Kingambit|1
|-damage|p2a: Farigiraf|0 fnt
|-damage|p1a: Kingambit|31/100
|faint|p2a: Farigiraf
|
|-weather|none
|-heal|p1b: Primarina|28/100|[from] item: Leftovers
|upkeep
|turn|7
|-message|TheRealMyan forfeited.
|
|win|Nekrez
