|j|☆T1guel
|j|☆mew mew season 2
|html|T1guelmew mew season 2    
|uhtml|bestof|Game 2 of a best-of-3
|t:|1782645220
|gametype|doubles
|player|p1|T1guel|hilbert|1109
|player|p2|mew mew season 2|miku-psychic|1227
|gen|9
|tier|[Gen 9 Champions] VGC 2026 Reg M-B (Bo3)
|rated|
|rule|Species Clause: Limit one of each Pokémon
|rule|Item Clause: Limit 1 of each item
|clearpoke
|poke|p1|Aggron, L50, F|
|poke|p1|Cofagrigus, L50, F|
|poke|p1|Sinistcha, L50|
|poke|p1|Tyranitar, L50, M|
|poke|p1|Incineroar, L50, M|
|poke|p1|Farigiraf, L50, F|
|poke|p2|Floette-Eternal, L50, F|
|poke|p2|Delphox, L50, M|
|poke|p2|Kingambit, L50, F|
|poke|p2|Sneasler, L50, F|
|poke|p2|Sinistcha, L50|
|poke|p2|Incineroar, L50, F|
|teampreview|4
|showteam|p1|Aggron||Aggronite|Sturdy|BodyPress,HeavySlam,Protect,IronDefense|Sassy||F|||50|]Cofagrigus||ColburBerry|Mummy|ShadowBall,DestinyBond,Protect,TrickRoom|Sassy||F|||50|]Sinistcha||Leftovers|Hospitality|MatchaGotcha,ShadowBall,Protect,LifeDew|Calm|||||50|]Tyranitar||Tyranitarite|SandStream|RockSlide,KnockOff,Protect,IcePunch|Adamant||M|||50|]Incineroar||SitrusBerry|Intimidate|FakeOut,FlareBlitz,PartingShot,DarkestLariat|Adamant||M|||50|]Farigiraf||LumBerry|ArmorTail|Psychic,MeanLook,Protect,TrickRoom|Relaxed||F|||50|
|showteam|p2|Floette-Eternal||Floettite|FlowerVeil|Protect,CalmMind,DazzlingGleam,DrainingKiss|Modest||F|||50|]Delphox||Delphoxite|Blaze|HeatWave,Psychic,NastyPlot,Protect|Timid||M|||50|]Kingambit||BlackGlasses|Defiant|SuckerPunch,KowtowCleave,SwordsDance,Protect|Adamant||F|||50|]Sneasler||FocusSash|PoisonTouch|FakeOut,PoisonJab,CloseCombat,QuickGuard|Jolly||F|||50|]Sinistcha||KasibBerry|Hospitality|MatchaGotcha,RagePowder,LifeDew,TrickRoom|Calm|||||50|]Incineroar||SitrusBerry|Intimidate|FakeOut,FlareBlitz,ThroatChop,PartingShot|Bold||F|||50|
|inactive|Battle timer is ON: inactive players will automatically lose when time's up. (requested by T1guel)
|
|t:|1782645249
|teamsize|p1|4
|teamsize|p2|4
|start
|switch|p1a: Aggron|Aggron, L50, F|100/100
|switch|p1b: Farigiraf|Farigiraf, L50, F|100/100
|switch|p2a: Delphox|Delphox, L50, M|100/100
|switch|p2b: Incineroar|Incineroar, L50, F|100/100
|-ability|p2b: Incineroar|Intimidate|boost
|-unboost|p1a: Aggron|atk|1
|-unboost|p1b: Farigiraf|atk|1
|turn|1
|inactive|T1guel has 30 seconds left.
|inactive|T1guel has 20 seconds left.
|inactive|T1guel has 15 seconds left.
|inactive|T1guel has 10 seconds left.
|
|t:|1782645297
|switch|p1b: Tyranitar|Tyranitar, L50, M|100/100
|-weather|Sandstorm|[from] ability: Sand Stream|[of] p1b: Tyranitar
|detailschange|p2a: Delphox|Delphox-Mega, L50, M
|-mega|p2a: Delphox|Delphox|Delphoxite
|move|p2a: Delphox|Nasty Plot|p2a: Delphox
|-boost|p2a: Delphox|spa|2
|move|p2b: Incineroar|Parting Shot|p1b: Tyranitar
|-unboost|p1b: Tyranitar|atk|1
|-unboost|p1b: Tyranitar|spa|1
|
|t:|1782645309
|switch|p2b: Sinistcha|Sinistcha, L50|100/100|[from] Parting Shot
|move|p1a: Aggron|Body Press|p2b: Sinistcha
|-immune|p2b: Sinistcha
|
|-weather|Sandstorm|[upkeep]
|-damage|p2a: Delphox|93/100|[from] Sandstorm
|-damage|p2b: Sinistcha|93/100|[from] Sandstorm
|upkeep
|turn|2
|
|t:|1782645332
|switch|p2b: Incineroar|Incineroar, L50, F|100/100
|-ability|p2b: Incineroar|Intimidate|boost
|-unboost|p1a: Aggron|atk|1
|-unboost|p1b: Tyranitar|atk|1
|detailschange|p1b: Tyranitar|Tyranitar-Mega, L50, M
|-mega|p1b: Tyranitar|Tyranitar|Tyranitarite
|move|p2a: Delphox|Heat Wave|p1a: Aggron|[spread] p1a,p1b
|-resisted|p1b: Tyranitar|1
|-damage|p1a: Aggron|48/100
|-damage|p1b: Tyranitar|82/100
|-status|p1b: Tyranitar|brn
|move|p1b: Tyranitar|Knock Off|p2b: Incineroar
|-resisted|p2b: Incineroar|1
|-damage|p2b: Incineroar|94/100
|-enditem|p2b: Incineroar|Sitrus Berry|[from] move: Knock Off|[of] p1b: Tyranitar
|move|p1a: Aggron|Heavy Slam|p2b: Incineroar
|-resisted|p2b: Incineroar|1
|-damage|p2b: Incineroar|87/100
|
|-weather|Sandstorm|[upkeep]
|-damage|p2a: Delphox|87/100|[from] Sandstorm
|-damage|p2b: Incineroar|81/100|[from] Sandstorm
|-damage|p1b: Tyranitar|76/100 brn|[from] brn
|upkeep
|turn|3
|inactive|mew mew season 2 has 30 seconds left.
|
|t:|1782645362
|move|p1b: Tyranitar|Protect|p1b: Tyranitar
|-singleturn|p1b: Tyranitar|Protect
|move|p2a: Delphox|Heat Wave|p1b: Tyranitar|[spread] p1a
|-activate|p1b: Tyranitar|move: Protect
|-damage|p1a: Aggron|0 fnt
|faint|p1a: Aggron
|move|p2b: Incineroar|Parting Shot|p1b: Tyranitar
|-activate|p1b: Tyranitar|move: Protect
|
|-weather|Sandstorm|[upkeep]
|-damage|p2a: Delphox|81/100|[from] Sandstorm
|-damage|p2b: Incineroar|75/100|[from] Sandstorm
|-damage|p1b: Tyranitar|70/100 brn|[from] brn
|upkeep
|
|t:|1782645366
|switch|p1a: Farigiraf|Farigiraf, L50, F|100/100
|turn|4
|
|t:|1782645374
|switch|p1b: Girfkri|Sinistcha, L50|100/100
|move|p2a: Delphox|Heat Wave|p1a: Farigiraf|[spread] p1b
|-miss|p2a: Delphox|p1a: Farigiraf
|-supereffective|p1b: Girfkri|1
|-damage|p1b: Girfkri|0 fnt
|faint|p1b: Girfkri
|move|p2b: Incineroar|Parting Shot|p1a: Farigiraf
|-unboost|p1a: Farigiraf|atk|1
|-unboost|p1a: Farigiraf|spa|1
|
|t:|1782645386
|switch|p2b: Sinistcha|Sinistcha, L50|93/100|[from] Parting Shot
|-heal|p2a: Delphox|100/100|[from] ability: Hospitality|[of] p2b: Sinistcha
|move|p1a: Farigiraf|Trick Room|p1a: Farigiraf
|-fieldstart|move: Trick Room|[of] p1a: Farigiraf
|
|-weather|Sandstorm|[upkeep]
|-damage|p1a: Farigiraf|93/100|[from] Sandstorm
|-damage|p2b: Sinistcha|87/100|[from] Sandstorm
|-damage|p2a: Delphox|93/100|[from] Sandstorm
|upkeep
|
|t:|1782645388
|switch|p1b: Tyranitar|Tyranitar-Mega, L50, M|70/100 brn
|turn|5
|
|t:|1782645397
|switch|p2b: Incineroar|Incineroar, L50, F|75/100
|-ability|p2b: Incineroar|Intimidate|boost
|-unboost|p1a: Farigiraf|atk|1
|-unboost|p1b: Tyranitar|atk|1
|move|p1a: Farigiraf|Mean Look|p2a: Delphox
|-activate|p2a: Delphox|trapped
|move|p1b: Tyranitar|Rock Slide|p2a: Delphox|[spread] p2a,p2b
|-supereffective|p2a: Delphox|1
|-supereffective|p2b: Incineroar|1
|-damage|p2a: Delphox|65/100
|-damage|p2b: Incineroar|56/100
|move|p2a: Delphox|Heat Wave|p1a: Farigiraf|[spread] p1a,p1b
|-resisted|p1b: Tyranitar|1
|-damage|p1a: Farigiraf|15/100
|-damage|p1b: Tyranitar|52/100 brn
|
|-weather|none
|-damage|p1b: Tyranitar|46/100 brn|[from] brn
|upkeep
|turn|6
|c|☆T1guel|gg
|
|t:|1782645415
|move|p1a: Farigiraf|Psychic|p2a: Delphox
|-resisted|p2a: Delphox|1
|-damage|p2a: Delphox|53/100
|move|p2b: Incineroar|Parting Shot|p1b: Tyranitar
|-unboost|p1b: Tyranitar|atk|1
|-unboost|p1b: Tyranitar|spa|1
|
|t:|1782645419
|switch|p2b: Sinistcha|Sinistcha, L50|87/100|[from] Parting Shot
|-heal|p2a: Delphox|78/100|[from] ability: Hospitality|[of] p2b: Sinistcha
|move|p1b: Tyranitar|Rock Slide|p2b: Sinistcha|[spread] p2a,p2b
|-supereffective|p2a: Delphox|1
|-damage|p2a: Delphox|56/100
|-damage|p2b: Sinistcha|79/100
|move|p2a: Delphox|Psychic|p1a: Farigiraf
|-resisted|p1a: Farigiraf|1
|-damage|p1a: Farigiraf|0 fnt
|faint|p1a: Farigiraf
|
|-damage|p1b: Tyranitar|41/100 brn|[from] brn
|upkeep
|turn|7
|c|☆mew mew season 2|ggs
|
|t:|1782645435
|move|p2b: Sinistcha|Rage Powder|p2b: Sinistcha
|-singleturn|p2b: Sinistcha|move: Rage Powder
|move|p1b: Tyranitar|Knock Off|p2b: Sinistcha
|-supereffective|p2b: Sinistcha|1
|-damage|p2b: Sinistcha|48/100
|-enditem|p2b: Sinistcha|Kasib Berry|[from] move: Knock Off|[of] p1b: Tyranitar
|move|p2a: Delphox|Heat Wave|p1b: Tyranitar
|-resisted|p1b: Tyranitar|1
|-damage|p1b: Tyranitar|4/100 brn
|
|-damage|p1b: Tyranitar|0 fnt|[from] brn
|faint|p1b: Tyranitar
|
|win|mew mew season 2
|raw|T1guel's rating: 1109 → 1092(-17 for losing)
|raw|mew mew season 2's rating: 1227 → 1244(+17 for winning)
