|j|☆KirkGPT
|j|☆MugiwaraLux
|html|KirkGPTMugiwaraLux    
|uhtml|bestof|Game 1 of a best-of-3
|t:|1785835343
|gametype|doubles
|player|p1|KirkGPT|169|1335
|player|p2|MugiwaraLux|cynthia-masters4|1349
|gen|9
|tier|[Gen 9 Champions] VGC 2026 Reg M-B (Bo3)
|rated|
|rule|Species Clause: Limit one of each Pokémon
|rule|Item Clause: Limit 1 of each item
|clearpoke
|poke|p1|Charizard, L50, M|
|poke|p1|Annihilape, L50, F, shiny|
|poke|p1|Toxapex, L50, M, shiny|
|poke|p1|Incineroar, L50, M|
|poke|p1|Venusaur, L50, M|
|poke|p1|Garchomp, L50, M|
|poke|p2|Garchomp, L50, F|
|poke|p2|Venusaur, L50, M|
|poke|p2|Incineroar, L50, M|
|poke|p2|Charizard, L50, M|
|poke|p2|Toxapex, L50, M|
|poke|p2|Annihilape, L50, M|
|teampreview|4
|showteam|p1|Charizard||CharizarditeY|Blaze|WeatherBall,HeatWave,HelpingHand,Protect|Modest||M|||50|]Annihilape||FocusSash|Defiant|CloseCombat,PhantomForce,RockTomb,Protect|Jolly||F|||50|]Toxapex||Leftovers|Regenerator|Infestation,Toxic,WideGuard,BanefulBunker|Relaxed||M|||50|]Incineroar||SitrusBerry|Intimidate|FlareBlitz,ThroatChop,PartingShot,FakeOut|Impish||M|||50|]Venusaur||LifeOrb|Chlorophyll|LeafStorm,SludgeBomb,EarthPower,Protect|Modest||M|||50|]Garchomp||ChoiceScarf|RoughSkin|Earthquake,DragonClaw,StompingTantrum,RockSlide|Adamant||M|||50|
|showteam|p2|Garchomp||ChoiceScarf|RoughSkin|Earthquake,RockSlide,DragonClaw,StompingTantrum|Adamant||F|||50|]Venusaur||LifeOrb|Chlorophyll|SludgeBomb,LeafStorm,EarthPower,Protect|Modest||M|||50|]Incineroar||SitrusBerry|Intimidate|FakeOut,FlareBlitz,ThroatChop,PartingShot|Impish||M|||50|]Charizard||CharizarditeY|Blaze|HeatWave,WeatherBall,Protect,HelpingHand|Modest||M|||50|]Toxapex||Leftovers|Regenerator|Infestation,Toxic,WideGuard,BanefulBunker|Impish||M|||50|]Annihilape||FocusSash|Defiant|CloseCombat,PhantomForce,RockTomb,Protect|Jolly||M|||50|
|inactive|Battle timer is ON: inactive players will automatically lose when time's up. (requested by MugiwaraLux)
|inactive|KirkGPT has 60 seconds left.
|inactive|MugiwaraLux has 60 seconds left.
|inactive|MugiwaraLux has 30 seconds left.
|inactive|MugiwaraLux has 20 seconds left.
|inactive|MugiwaraLux has 15 seconds left.
|inactive|MugiwaraLux has 10 seconds left.
|
|t:|1785835423
|teamsize|p1|4
|teamsize|p2|4
|start
|switch|p1a: Charizard|Charizard, L50, M|100/100
|switch|p1b: Annihilape|Annihilape, L50, F, shiny|100/100
|switch|p2a: Venusaur|Venusaur, L50, M|100/100
|switch|p2b: Charizard|Charizard, L50, M|100/100
|turn|1
|
|t:|1785835443
|switch|p2b: Toxapex|Toxapex, L50, M|100/100
|detailschange|p1a: Charizard|Charizard-Mega-Y, L50, M
|-mega|p1a: Charizard|Charizard|Charizardite Y
|-weather|SunnyDay|[from] ability: Drought|[of] p1a: Charizard
|move|p2a: Venusaur|Sludge Bomb|p1b: Annihilape
|-resisted|p1b: Annihilape|1
|-damage|p1b: Annihilape|69/100
|-status|p1b: Annihilape|psn
|-damage|p2a: Venusaur|90/100|[from] item: Life Orb
|move|p1b: Annihilape|Rock Tomb|p2b: Toxapex
|-damage|p2b: Toxapex|87/100
|-unboost|p2b: Toxapex|spe|1
|move|p1a: Charizard|Heat Wave|p2a: Venusaur|[spread] p2b
|-miss|p1a: Charizard|p2a: Venusaur
|-resisted|p2b: Toxapex|1
|-damage|p2b: Toxapex|64/100
|
|-weather|SunnyDay|[upkeep]
|-heal|p2b: Toxapex|70/100|[from] item: Leftovers
|-damage|p1b: Annihilape|57/100 psn|[from] psn
|upkeep
|turn|2
|inactive|KirkGPT has 30 seconds left.
|inactive|MugiwaraLux has 30 seconds left.
|inactive|MugiwaraLux has 20 seconds left.
|inactive|KirkGPT has 20 seconds left.
|
|t:|1785835486
|move|p2a: Venusaur|Leaf Storm|p1b: Annihilape
|-damage|p1b: Annihilape|0 fnt
|-unboost|p2a: Venusaur|spa|2
|faint|p1b: Annihilape
|-damage|p2a: Venusaur|81/100|[from] item: Life Orb
|move|p1a: Charizard|Weather Ball|p2a: Venusaur
|-supereffective|p2a: Venusaur|1
|-damage|p2a: Venusaur|0 fnt
|faint|p2a: Venusaur
|move|p2b: Toxapex|Infestation|p1a: Charizard
|-resisted|p1a: Charizard|2
|-damage|p1a: Charizard|99/100
|-activate|p1a: Charizard|move: Infestation|[of] p2b: Toxapex
|
|-weather|SunnyDay|[upkeep]
|-heal|p2b: Toxapex|75/100|[from] item: Leftovers
|-damage|p1a: Charizard|87/100|[from] move: Infestation|[partiallytrapped]
|upkeep
|
|t:|1785835493
|switch|p1b: Garchomp|Garchomp, L50, M|100/100
|switch|p2a: Garchomp|Garchomp, L50, F|100/100
|turn|3
|
|t:|1785835503
|move|p1a: Charizard|Helping Hand|p1b: Garchomp
|-singleturn|p1b: Garchomp|Helping Hand|[of] p1a: Charizard
|move|p2a: Garchomp|Dragon Claw|p1b: Garchomp
|-supereffective|p1b: Garchomp|1
|-damage|p1b: Garchomp|19/100
|-damage|p2a: Garchomp|87/100|[from] ability: Rough Skin|[of] p1b: Garchomp
|move|p1b: Garchomp|Dragon Claw|p2a: Garchomp
|-supereffective|p2a: Garchomp|1
|-damage|p2a: Garchomp|0 fnt
|-damage|p1b: Garchomp|7/100|[from] ability: Rough Skin|[of] p2a: Garchomp
|faint|p2a: Garchomp
|move|p2b: Toxapex|Toxic|p1a: Charizard
|-status|p1a: Charizard|tox
|
|-weather|SunnyDay|[upkeep]
|-heal|p2b: Toxapex|81/100|[from] item: Leftovers
|-damage|p1a: Charizard|81/100 tox|[from] psn
|-damage|p1a: Charizard|69/100 tox|[from] move: Infestation|[partiallytrapped]
|upkeep
|
|t:|1785835508
|switch|p2a: Charizard|Charizard, L50, M|100/100
|turn|4
|
|t:|1785835526
|move|p2a: Charizard|Protect|p2a: Charizard
|-singleturn|p2a: Charizard|Protect
|move|p1b: Garchomp|Dragon Claw|p2b: Toxapex
|-damage|p2b: Toxapex|50/100g
|move|p1a: Charizard|Weather Ball|p2b: Toxapex
|-resisted|p2b: Toxapex|1
|-damage|p2b: Toxapex|15/100
|move|p2b: Toxapex|Toxic|p1b: Garchomp
|-status|p1b: Garchomp|tox
|
|-weather|SunnyDay|[upkeep]
|-heal|p2b: Toxapex|21/100|[from] item: Leftovers
|-damage|p1b: Garchomp|1/100 tox|[from] psn
|-damage|p1a: Charizard|57/100 tox|[from] psn
|-damage|p1a: Charizard|45/100 tox|[from] move: Infestation|[partiallytrapped]
|upkeep
|turn|5
|
|t:|1785835541
|detailschange|p2a: Charizard|Charizard-Mega-Y, L50, M
|-mega|p2a: Charizard|Charizard|Charizardite Y
|move|p2b: Toxapex|Baneful Bunker|p2b: Toxapex
|-singleturn|p2b: Toxapex|move: Protect
|move|p1b: Garchomp|Dragon Claw|p2a: Charizard
|-damage|p2a: Charizard|53/100
|move|p2a: Charizard|Weather Ball|p1a: Charizard
|-resisted|p1a: Charizard|1
|-damage|p1a: Charizard|9/100 tox
|move|p1a: Charizard|Weather Ball|p2a: Charizard
|-resisted|p2a: Charizard|1
|-damage|p2a: Charizard|11/100
|
|-weather|none
|-heal|p2b: Toxapex|27/100|[from] item: Leftovers
|-damage|p1b: Garchomp|0 fnt|[from] psn
|faint|p1b: Garchomp
|-damage|p1a: Charizard|0 fnt|[from] psn
|faint|p1a: Charizard
|upkeep
|
|t:|1785835550
|switch|p1b: Venusaur|Venusaur, L50, M|100/100
|turn|6
|
|t:|1785835557
|move|p2a: Charizard|Heat Wave|p1b: Venusaur
|-supereffective|p1b: Venusaur|1
|-damage|p1b: Venusaur|0 fnt
|faint|p1b: Venusaur
|
|win|MugiwaraLux
||MugiwaraLux is ready for game 2.
||KirkGPT is ready for game 2.
|uhtml|next|Next: Game 2 of 3
