|j|☆Not_Paint
|j|☆void25o
|html|Not_Paintvoid25o    
|uhtml|bestof|Game 1 of a best-of-3
|t:|1786069082
|gametype|doubles
|player|p1|Not_Paint|yellow|1194
|player|p2|void25o|miku-ghost|1179
|gen|9
|tier|[Gen 9 Champions] VGC 2026 Reg M-B (Bo3)
|rated|
|rule|Species Clause: Limit one of each Pokémon
|rule|Item Clause: Limit 1 of each item
|clearpoke
|poke|p1|Maushold, L50|
|poke|p1|Annihilape, L50, M|
|poke|p1|Archaludon, L50, M|
|poke|p1|Pelipper, L50, M|
|poke|p1|Swampert, L50, M|
|poke|p1|Sylveon, L50, M|
|poke|p2|Garchomp, L50, M|
|poke|p2|Whimsicott, L50, F|
|poke|p2|Delphox, L50, F|
|poke|p2|Tsareena, L50, F, shiny|
|poke|p2|Basculegion, L50, M|
|poke|p2|Raichu, L50, F|
|teampreview|4
|showteam|p1|Maushold||SitrusBerry|FriendGuard|BeatUp,SuperFang,FollowMe,Protect|Timid|||||50|]Annihilape||Leftovers|Defiant|DrainPunch,RageFist,BulkUp,Protect|Adamant||M|||50|]Archaludon||WhiteHerb|Stamina|DracoMeteor,ElectroShot,FlashCannon,Protect|Modest||M|||50|]Pelipper||FocusSash|Drizzle|Tailwind,Protect,WeatherBall,Hurricane|Timid||M|||50|]Swampert||Swampertite|Torrent|WaveCrash,Earthquake,Protect,FlipTurn|Jolly||M|||50|]Sylveon||FairyFeather|Pixilate|HyperVoice,HyperBeam,Protect,QuickAttack|Modest||M|||50|
|showteam|p2|Garchomp||LifeOrb|RoughSkin|DragonClaw,Earthquake,RockSlide,Protect|Jolly||M|||50|]Whimsicott||FocusSash|Prankster|Moonblast,Encore,Tailwind,Protect|Timid||F|||50|]Delphox||Delphoxite|Blaze|HeatWave,Psychic,Encore,Protect|Timid||F|||50|]Tsareena||WideLens|QueenlyMajesty|PowerWhip,HighJumpKick,TripleAxel,Protect|Adamant||F|||50|]Basculegion||MysticWater|Adaptability|WaveCrash,LastRespects,AquaJet,Protect|Adamant||M|||50|]Raichu||RaichuniteY|LightningRod|FakeOut,ZapCannon,FocusBlast,Protect|Timid||F|||50|
|inactive|Battle timer is ON: inactive players will automatically lose when time's up. (requested by Not_Paint)
|
|t:|1786069138
|teamsize|p1|4
|teamsize|p2|4
|start
|switch|p1a: Archaludon|Archaludon, L50, M|100/100
|switch|p1b: Pelipper|Pelipper, L50, M|100/100
|switch|p2a: Jawn|Whimsicott, L50, F|100/100
|switch|p2b: Raichu|Raichu, L50, F|100/100
|-weather|RainDance|[from] ability: Drizzle|[of] p1b: Pelipper
|turn|1
|
|t:|1786069153
|switch|p1b: Swampert|Swampert, L50, M|100/100
|move|p2b: Raichu|Fake Out|p1b: Swampert
|-damage|p1b: Swampert|92/100
|move|p2a: Jawn|Tailwind|p2a: Jawn
|-sidestart|p2: void25o|move: Tailwind
|move|p1a: Archaludon|Draco Meteor|p2b: Raichu
|-damage|p2b: Raichu|0 fnt
|-unboost|p1a: Archaludon|spa|2
|faint|p2b: Raichu
|-enditem|p1a: Archaludon|White Herb
|-clearnegativeboost|p1a: Archaludon|[silent]
|
|-weather|RainDance|[upkeep]
|upkeep
|
|t:|1786069162
|switch|p2b: Koroleva|Tsareena, L50, F, shiny|100/100
|turn|2
|
|t:|1786069169
|move|p1b: Swampert|Protect|p1b: Swampert
|-singleturn|p1b: Swampert|Protect
|move|p2a: Jawn|Encore|p1a: Archaludon
|-start|p1a: Archaludon|Encore
|move|p2b: Koroleva|Power Whip|p1b: Swampert
|-activate|p1b: Swampert|move: Protect
|move|p1a: Archaludon|Draco Meteor|p2a: Jawn
|-immune|p2a: Jawn
|
|-weather|RainDance|[upkeep]
|upkeep
|turn|3
|
|t:|1786069175
|switch|p1b: Pelipper|Pelipper, L50, M|100/100
|move|p2a: Jawn|Encore||[still]
|-fail|p2a: Jawn
|move|p2b: Koroleva|High Jump Kick|p1a: Archaludon
|-supereffective|p1a: Archaludon|1
|-crit|p1a: Archaludon
|-damage|p1a: Archaludon|0 fnt
|faint|p1a: Archaludon
|
|-weather|RainDance|[upkeep]
|upkeep
|
|t:|1786069186
|switch|p1a: Swampert|Swampert, L50, M|92/100
|turn|4
|
|t:|1786069190
|move|p1a: Swampert|Protect|p1a: Swampert
|-singleturn|p1a: Swampert|Protect
|move|p2a: Jawn|Moonblast|p1b: Pelipper
|-damage|p1b: Pelipper|33/100
|move|p2b: Koroleva|Power Whip|p1b: Pelipper|[miss]
|-miss|p2b: Koroleva|p1b: Pelipper
|move|p1b: Pelipper|Hurricane|p2a: Jawn
|-supereffective|p2a: Jawn|1
|-enditem|p2a: Jawn|Focus Sash
|-damage|p2a: Jawn|1/100
|
|-weather|RainDance|[upkeep]
|-sideend|p2: void25o|move: Tailwind
|upkeep
|turn|5
|
|t:|1786069209
|switch|p1a: Annihilape|Annihilape, L50, M|100/100
|move|p2a: Jawn|Tailwind|p2a: Jawn
|-sidestart|p2: void25o|move: Tailwind
|move|p2b: Koroleva|Power Whip|p1a: Annihilape
|-damage|p1a: Annihilape|38/100
|move|p1b: Pelipper|Hurricane|p2b: Koroleva
|-supereffective|p2b: Koroleva|1
|-crit|p2b: Koroleva
|-damage|p2b: Koroleva|0 fnt
|faint|p2b: Koroleva
|
|-weather|none
|-heal|p1a: Annihilape|44/100|[from] item: Leftovers
|upkeep
|
|t:|1786069211
|switch|p2b: Jaun|Basculegion, L50, M|100/100
|turn|6
|
|t:|1786069215
|move|p2a: Jawn|Moonblast|p1b: Pelipper
|-damage|p1b: Pelipper|0 fnt
|faint|p1b: Pelipper
|move|p2b: Jaun|Last Respects|p1a: Annihilape
|-supereffective|p1a: Annihilape|1
|-damage|p1a: Annihilape|0 fnt
|faint|p1a: Annihilape
|
|upkeep
|
|t:|1786069218
|switch|p1b: Swampert|Swampert, L50, M|92/100
|turn|7
|
|t:|1786069226
|detailschange|p1b: Swampert|Swampert-Mega, L50, M
|-mega|p1b: Swampert|Swampert|Swampertite
|move|p2a: Jawn|Moonblast|p1b: Swampert
|-damage|p1b: Swampert|58/100
|move|p2b: Jaun|Last Respects|p1b: Swampert
|-damage|p1b: Swampert|0 fnt
|faint|p1b: Swampert
|
|win|void25o
||Not_Paint is ready for game 2.
||void25o is ready for game 2.
|uhtml|next|Next: Game 2 of 3
|l|☆Not_Paint
|player|p1|
