|j|â˜†Zhang21
|j|â˜†FastForwardMyGame
|html|Zhang21FastForwardMyGame    
|uhtml|bestof|Game 1 of a best-of-3
|t:|1757814350
|gametype|doubles
|player|p1|Zhang21|170|1136
|player|p2|FastForwardMyGame|cyclist|1123
|gen|9
|tier|[Gen 9] VGC 2025 Reg H (Bo3)
|rated|
|rule|Species Clause: Limit one of each PokÃ©mon
|rule|Item Clause: Limit 1 of each item
|clearpoke
|poke|p1|Ninetales-Alola, L50, M|
|poke|p1|Frosmoth, L50, M|
|poke|p1|Incineroar, L50, M|
|poke|p1|Rillaboom, L50, M|
|poke|p1|Palafin, L50, M|
|poke|p1|Sneasler, L50, M|
|poke|p2|Hatterene, L50, F|
|poke|p2|Sunflora, L50, F|
|poke|p2|Indeedee-F, L50, F|
|poke|p2|Torkoal, L50, F|
|poke|p2|Gallade, L50, M|
|poke|p2|Ursaluna, L50, M|
|teampreview|4
|showteam|p1|Ninetales-Alola||CovertCloak|SnowWarning|Blizzard,Moonblast,AuroraVeil,Protect|||M|||50|,,,,,Water]Frosmoth||MentalHerb|IceScales|IceBeam,GigaDrain,QuiverDance,Protect|||M|||50|,,,,,Ice]Incineroar||SafetyGoggles|Intimidate|FakeOut,FlareBlitz,KnockOff,PartingShot|||M|||50|,,,,,Ghost]Rillaboom||AssaultVest|GrassySurge|FakeOut,WoodHammer,HighHorsepower,Uturn|||M|||50|,,,,,Fire]Palafin||ClearAmulet|ZerotoHero|WaveCrash,JetPunch,FlipTurn,Protect|||M|||50|,,,,,Water]Sneasler||GrassySeed|Unburden|DireClaw,CloseCombat,Acrobatics,Protect|||M|||50|,,,,,Flying
|showteam|p2|Hatterene||CovertCloak|MagicBounce|TrickRoom,ExpandingForce,DazzlingGleam,Protect|||F|||50|,,,,,Water]Sunflora||LifeOrb|SolarPower|EarthPower,WeatherBall,EnergyBall,Protect|||F|||50|,,,,,Fire]Indeedee-F||EjectButton|PsychicSurge|FollowMe,HelpingHand,TrickRoom,TeraBlast|||F|||50|,,,,,Dark]Torkoal||EjectPack|Drought|Eruption,HelpingHand,SunnyDay,Overheat|||F|||50|,,,,,Grass]Gallade||PsychicSeed|Sharpness|TrickRoom,SacredSword,PsychoCut,WideGuard|||M|||50|,,,,,Fire]Ursaluna||FlameOrb|Guts|Facade,HeadlongRush,Protect,Crunch|||M|||50|,,,,,Ghost
|inactive|Battle timer is ON: inactive players will automatically lose when time's up. (requested by FastForwardMyGame)
|
|t:|1757814399
|teamsize|p1|4
|teamsize|p2|4
|start
|switch|p1a: Palafin|Palafin, L50, M|100/100
|switch|p1b: Sneasler|Sneasler, L50, M|100/100
|switch|p2a: Queen Virgo|Hatterene, L50, F, shiny|100/100
|switch|p2b: Amiable|Indeedee-F, L50, F|100/100
|-fieldstart|move: Psychic Terrain|[from] ability: Psychic Surge|[of] p2b: Amiable
|turn|1
|inactive|Zhang21 has 30 seconds left.
|inactive|FastForwardMyGame has 30 seconds left.
|inactive|Zhang21 has 20 seconds left.
|
|t:|1757814437
|move|p2b: Amiable|Follow Me|p2b: Amiable
|-singleturn|p2b: Amiable|move: Follow Me
|move|p1a: Palafin|Flip Turn|p2b: Amiable
|-damage|p2b: Amiable|82/100
|-enditem|p2b: Amiable|Eject Button
|
|t:|1757814443
|switch|p2b: Anger|Torkoal, L50, F|100/100
|-weather|SunnyDay|[from] ability: Drought|[of] p2b: Anger
|move|p1b: Sneasler|Dire Claw|p2a: Queen Virgo
|-supereffective|p2a: Queen Virgo
|-damage|p2a: Queen Virgo|15/100
|move|p2a: Queen Virgo|Trick Room|p2a: Queen Virgo
|-fieldstart|move: Trick Room|[of] p2a: Queen Virgo
|
|-weather|SunnyDay|[upkeep]
|upkeep
|turn|2
|inactive|Zhang21 has 30 seconds left.
|
|t:|1757814469
|detailschange|p1a: Palafin|Palafin-Hero, L50, M
|switch|p1a: Incineroar|Incineroar, L50, M|100/100
|-ability|p1a: Incineroar|Intimidate|boost
|-unboost|p2a: Queen Virgo|atk|1
|-unboost|p2b: Anger|atk|1
|-enditem|p2b: Anger|Eject Pack
|
|t:|1757814476
|switch|p2b: Goatflora|Sunflora, L50, F|100/100
|move|p1b: Sneasler|Protect|p1b: Sneasler
|-singleturn|p1b: Sneasler|Protect
|move|p2a: Queen Virgo|Expanding Force|p1b: Sneasler|[spread] 
|-activate|p1b: Sneasler|move: Protect
|-immune|p1a: Incineroar
|
|-weather|SunnyDay|[upkeep]
|-damage|p2b: Goatflora|88/100|[from] ability: Solar Power|[of] p2b: Goatflora
|upkeep
|turn|3
|inactive|Zhang21 has 30 seconds left.
|
|t:|1757814507
|switch|p1b: Ninetales|Ninetales-Alola, L50, M|100/100
|-weather|Snowscape|[from] ability: Snow Warning|[of] p1b: Ninetales
|move|p2a: Queen Virgo|Expanding Force|p1a: Incineroar|[spread] p1b
|-immune|p1a: Incineroar
|-damage|p1b: Ninetales|44/100
|move|p2b: Goatflora|Earth Power|p1a: Incineroar
|-supereffective|p1a: Incineroar
|-damage|p1a: Incineroar|32/100
|-unboost|p1a: Incineroar|spd|1
|-damage|p2b: Goatflora|79/100|[from] item: Life Orb
|move|p1a: Incineroar|Knock Off|p2a: Queen Virgo
|-damage|p2a: Queen Virgo|0 fnt
|-enditem|p2a: Queen Virgo|Covert Cloak|[from] move: Knock Off|[of] p1a: Incineroar
|faint|p2a: Queen Virgo
|
|-weather|Snowscape|[upkeep]
|upkeep
|
|t:|1757814520
|switch|p2a: Anger|Torkoal, L50, F|100/100
|-weather|SunnyDay|[from] ability: Drought|[of] p2a: Anger
|turn|4
|inactive|Zhang21 has 30 seconds left.
|
|t:|1757814549
|switch|p1b: Sneasler|Sneasler, L50, M|100/100
|move|p2a: Anger|Eruption|p1b: Sneasler|[spread] p1a,p1b
|-resisted|p1a: Incineroar
|-damage|p1a: Incineroar|0 fnt
|-damage|p1b: Sneasler|18/100
|faint|p1a: Incineroar
|move|p2b: Goatflora|Energy Ball|p1b: Sneasler
|-resisted|p1b: Sneasler
|-damage|p1b: Sneasler|0 fnt
|faint|p1b: Sneasler
|-damage|p2b: Goatflora|69/100|[from] item: Life Orb
|
|-weather|SunnyDay|[upkeep]
|-damage|p2b: Goatflora|57/100|[from] ability: Solar Power|[of] p2b: Goatflora
|upkeep
|
|t:|1757814551
|switch|p1a: Ninetales|Ninetales-Alola, L50, M|44/100
|switch|p1b: Palafin|Palafin-Hero, L50, M|100/100
|-activate|p1b: Palafin|ability: Zero to Hero
|-weather|Snowscape|[from] ability: Snow Warning|[of] p1a: Ninetales
|turn|5
|
|t:|1757814568
|switch|p2b: Amiable|Indeedee-F, L50, F|82/100
|move|p1b: Palafin|Protect|p1b: Palafin
|-singleturn|p1b: Palafin|Protect
|move|p1a: Ninetales|Protect|p1a: Ninetales
|-singleturn|p1a: Ninetales|Protect
|move|p2a: Anger|Sunny Day|p2a: Anger
|-weather|SunnyDay
|
|-weather|SunnyDay|[upkeep]
|-fieldend|move: Trick Room
|-fieldend|move: Psychic Terrain
|upkeep
|turn|6
|-message|Zhang21 forfeited.
|
|win|FastForwardMyGame
|l|â˜†Zhang21
|player|p1|
||FastForwardMyGame is ready for game 2.
||Zhang21 is ready for game 2.
|uhtml|next|Next: Game 2 of 3
