|j|☆higigig
|j|☆fgyhung
|html|higigigfgyhung    
|uhtml|bestof|Game 2 of a best-of-3
|t:|1756201052
|gametype|doubles
|player|p1|higigig|sisandbro|1169
|player|p2|fgyhung|2|1197
|gen|9
|tier|[Gen 9] VGC 2025 Reg H (Bo3)
|rated|
|rule|Species Clause: Limit one of each Pokémon
|rule|Item Clause: Limit 1 of each item
|clearpoke
|poke|p1|Sneasler, L50, M|
|poke|p1|Gholdengo, L50|
|poke|p1|Farigiraf, L50, F|
|poke|p1|Ursaluna-Bloodmoon, L50, M|
|poke|p1|Amoonguss, L50, F|
|poke|p1|Altaria, L50, F|
|poke|p2|Murkrow, L50, F|
|poke|p2|Typhlosion-Hisui, L50, M|
|poke|p2|Archaludon, L50, M|
|poke|p2|Rillaboom, L50, M|
|poke|p2|Mamoswine, L50, M|
|poke|p2|Electabuzz, L50, M|
|teampreview|4
|showteam|p1|Sneasler||FocusSash|PoisonTouch|FakeOut,CloseCombat,DireClaw,Protect|||M|||50|,,,,,Dark]Gholdengo||ChoiceSpecs|GoodasGold|MakeItRain,ShadowBall,PowerGem,Trick||||||50|,,,,,Steel]Farigiraf||MentalHerb|ArmorTail|Psychic,Imprison,HelpingHand,TrickRoom|||F|||50|,,,,,Grass]Ursaluna-Bloodmoon||ThroatSpray|MindsEye|HyperVoice,EarthPower,BloodMoon,Protect|||M|||50|,,,,,Normal]Amoonguss||SitrusBerry|Regenerator|SludgeBomb,PollenPuff,Spore,RagePowder|||F|||50|,,,,,Water]Altaria||CovertCloak|CloudNine|BreakingSwipe,HelpingHand,Haze,Tailwind|||F|||50|,,,,,Water
|showteam|p2|Murkrow||FocusSash|Prankster|SunnyDay,Tailwind,Haze,FoulPlay|||F|||50|,,,,,Ghost]Typhlosion-Hisui||ChoiceSpecs|Blaze|Eruption,HeatWave,ShadowBall,Overheat|||M|||50|,,,,,Fire]Archaludon||PowerHerb|Sturdy|ElectroShot,Thunderbolt,DragonPulse,Protect|||M|||50|,,,,,Electric]Rillaboom||AssaultVest|GrassySurge|FakeOut,GrassyGlide,WoodHammer,KnockOff|||M|||50|,,,,,Fire]Mamoswine||LoadedDice|Oblivious|IcicleSpear,Protect,HighHorsepower,IceShard|||M|||50|,,,,,Fire]Electabuzz||Eviolite|VitalSpirit|FollowMe,Electroweb,Taunt,Protect|||M|||50|,,,,,Ghost
|inactive|Battle timer is ON: inactive players will automatically lose when time's up. (requested by higigig)
|
|t:|1756201074
|teamsize|p1|4
|teamsize|p2|4
|start
|switch|p1a: Altaria|Altaria, L50, F|100/100
|switch|p1b: Sneasler|Sneasler, L50, M|100/100
|switch|p2a: Mamoswine|Mamoswine, L50, M|100/100
|switch|p2b: Murkrow|Murkrow, L50, F|100/100
|-ability|p1a: Altaria|Cloud Nine
|turn|1
|
|t:|1756201099
|-terastallize|p2a: Mamoswine|Fire
|move|p1b: Sneasler|Fake Out|p2a: Mamoswine
|-damage|p2a: Mamoswine|86/100
|move|p2b: Murkrow|Foul Play|p1b: Sneasler
|-resisted|p1b: Sneasler
|-damage|p1b: Sneasler|60/100
|move|p1a: Altaria|Tailwind|p1a: Altaria
|-sidestart|p1: higigig|move: Tailwind
|cant|p2a: Mamoswine|flinch
|
|upkeep
|turn|2
|
|t:|1756201119
|move|p2b: Murkrow|Tailwind|p2b: Murkrow
|-sidestart|p2: fgyhung|move: Tailwind
|move|p1b: Sneasler|Dire Claw|p2b: Murkrow
|-damage|p2b: Murkrow|8/100
|move|p1a: Altaria|Breaking Swipe|p2b: Murkrow|[spread] p2a,p2b
|-damage|p2a: Mamoswine|74/100
|-damage|p2b: Murkrow|0 fnt
|-unboost|p2a: Mamoswine|atk|1
|faint|p2b: Murkrow
|move|p2a: Mamoswine|Icicle Spear|p1a: Altaria
|-supereffective|p1a: Altaria
|-damage|p1a: Altaria|52/100
|-supereffective|p1a: Altaria
|-damage|p1a: Altaria|10/100
|-supereffective|p1a: Altaria
|-damage|p1a: Altaria|0 fnt
|faint|p1a: Altaria
|-hitcount|p1: Altaria|3
|
|upkeep
|
|t:|1756201140
|switch|p2b: Rillaboom|Rillaboom, L50, M|100/100
|switch|p1a: Ursaluna|Ursaluna-Bloodmoon, L50, M|100/100
|-fieldstart|move: Grassy Terrain|[from] ability: Grassy Surge|[of] p2b: Rillaboom
|turn|3
|
|t:|1756201165
|move|p1b: Sneasler|Protect|p1b: Sneasler
|-singleturn|p1b: Sneasler|Protect
|move|p1a: Ursaluna|Protect|p1a: Ursaluna
|-singleturn|p1a: Ursaluna|Protect
|move|p2b: Rillaboom|Fake Out|p1b: Sneasler
|-activate|p1b: Sneasler|move: Protect
|move|p2a: Mamoswine|High Horsepower|p1b: Sneasler
|-activate|p1b: Sneasler|move: Protect
|
|-heal|p1b: Sneasler|66/100|[from] Grassy Terrain
|-heal|p2a: Mamoswine|80/100|[from] Grassy Terrain
|upkeep
|turn|4
|
|t:|1756201183
|-terastallize|p1a: Ursaluna|Normal
|move|p1b: Sneasler|Dire Claw|p2b: Rillaboom
|-supereffective|p2b: Rillaboom
|-damage|p2b: Rillaboom|19/100
|-status|p2b: Rillaboom|psn
|move|p2a: Mamoswine|High Horsepower|p1b: Sneasler
|-supereffective|p1b: Sneasler
|-damage|p1b: Sneasler|0 fnt
|faint|p1b: Sneasler
|move|p2b: Rillaboom|Wood Hammer|p1a: Ursaluna
|-damage|p1a: Ursaluna|45/100
|-damage|p2b: Rillaboom|0 fnt|[from] Recoil
|faint|p2b: Rillaboom
|move|p1a: Ursaluna|Hyper Voice|p2a: Mamoswine
|-damage|p2a: Mamoswine|0 fnt
|faint|p2a: Mamoswine
|-enditem|p1a: Ursaluna|Throat Spray
|-boost|p1a: Ursaluna|spa|1|[from] item: Throat Spray
|
|-heal|p1a: Ursaluna|51/100|[from] Grassy Terrain
|-sideend|p1: higigig|move: Tailwind
|upkeep
|
|t:|1756201198
|switch|p1b: Gholdengo|Gholdengo, L50|100/100
|switch|p2b: Archaludon|Archaludon, L50, M|100/100
|turn|5
|inactive|higigig has 30 seconds left.
|
|t:|1756201225
|move|p2b: Archaludon|Electro Shot||[still]
|-prepare|p2b: Archaludon|Electro Shot
|-boost|p2b: Archaludon|spa|1
|-enditem|p2b: Archaludon|Power Herb
|-anim|p2b: Archaludon|Electro Shot|p1a: Ursaluna
|-damage|p1a: Ursaluna|0 fnt
|faint|p1a: Ursaluna
|move|p1b: Gholdengo|Shadow Ball|p2b: Archaludon
|-ability|p2b: Archaludon|Sturdy
|-damage|p2b: Archaludon|1/100
|-unboost|p2b: Archaludon|spd|1
|
|-heal|p2b: Archaludon|7/100|[from] Grassy Terrain
|-sideend|p2: fgyhung|move: Tailwind
|upkeep
|turn|6
|
|t:|1756201237
|move|p2b: Archaludon|Thunderbolt|p1b: Gholdengo
|-crit|p1b: Gholdengo
|-damage|p1b: Gholdengo|23/100
|move|p1b: Gholdengo|Shadow Ball|p2b: Archaludon
|-damage|p2b: Archaludon|0 fnt
|faint|p2b: Archaludon
|
|win|higigig
