|j|☆Navarrian
|j|☆The_One_Orlox
|html|NavarrianThe_One_Orlox    
|uhtml|bestof|Game 1 of a best-of-3
|t:|1757738653
|gametype|doubles
|player|p1|Navarrian|hoopster|
|player|p2|The_One_Orlox|lance|
|gen|9
|tier|[Gen 9] VGC 2025 Reg H (Bo3)
|rule|Species Clause: Limit one of each Pokémon
|rule|Item Clause: Limit 1 of each item
|clearpoke
|poke|p1|Ninetales-Alola, L50, F|
|poke|p1|Sneasler, L50, M|
|poke|p1|Baxcalibur, L50, M|
|poke|p1|Amoonguss, L50, M|
|poke|p1|Kingambit, L50, M|
|poke|p1|Armarouge, L50, M|
|poke|p2|Salamence, L50, M|
|poke|p2|Archaludon, L50, M|
|poke|p2|Amoonguss, L50, F|
|poke|p2|Pelipper, L50, M|
|poke|p2|Kingambit, L50, M|
|poke|p2|Basculegion, L50, M|
|teampreview|4
|showteam|p1|Ninetales-Alola||LightClay|SnowWarning|AuroraVeil,Blizzard,FreezeDry,Protect|||F|||50|,,,,,Water]Sneasler||FocusSash|Unburden|Coaching,CloseCombat,DireClaw,Protect|||M|||50|,,,,,Ghost]Baxcalibur||LoadedDice|ThermalExchange|ScaleShot,IcicleSpear,IceShard,Protect|||M|||50|,,,,,Fire]Amoonguss||RockyHelmet|Regenerator|Spore,RagePowder,PollenPuff,ClearSmog|||M|||50|,,,,,Water]Kingambit||AssaultVest|Defiant|KowtowCleave,IronHead,SuckerPunch,LowKick|||M|||50|,,,,,Ghost]Armarouge||PowerHerb|FlashFire|ArmorCannon,MeteorBeam,Taunt,Protect|||M|||50|,,,,,Grass
|showteam|p2|Salamence||SafetyGoggles|Intimidate|Hurricane,DracoMeteor,Tailwind,Protect|||M|||50|,,,,,Flying]Archaludon||AssaultVest|Stamina|DracoMeteor,ElectroShot,BodyPress,FlashCannon|||M|||50|,,,,,Grass]Amoonguss||SitrusBerry|Regenerator|RagePowder,Spore,PollenPuff,ClearSmog|||F|||50|,,,,,Fairy]Pelipper||FocusSash|Drizzle|Hurricane,WeatherBall,WideGuard,Protect|||M|||50|,,,,,Stellar]Kingambit||BlackGlasses|Defiant|KowtowCleave,SuckerPunch,SwordsDance,Protect|||M|||50|,,,,,Dark]Basculegion||ChoiceBand|SwiftSwim|WaveCrash,FlipTurn,AquaJet,LastRespects|||M|||50|,,,,,Grass
|
|t:|1757738670
|teamsize|p1|4
|teamsize|p2|4
|start
|switch|p1a: David Goggins|Sneasler, L50, M|100/100
|switch|p1b: Toad|Amoonguss, L50, M|100/100
|switch|p2a: Pelipper|Pelipper, L50, M|100/100
|switch|p2b: Salamence|Salamence, L50, M|100/100
|-ability|p2b: Salamence|Intimidate|boost
|-unboost|p1a: David Goggins|atk|1
|-unboost|p1b: Toad|atk|1
|-weather|RainDance|[from] ability: Drizzle|[of] p2a: Pelipper
|turn|1
|
|t:|1757738690
|switch|p2a: Archaludon|Archaludon, L50, M|100/100
|switch|p1b: Yukihana|Ninetales-Alola, L50, F, shiny|100/100
|-weather|Snowscape|[from] ability: Snow Warning|[of] p1b: Yukihana
|move|p1a: David Goggins|Protect|p1a: David Goggins
|-singleturn|p1a: David Goggins|Protect
|move|p2b: Salamence|Tailwind|p2b: Salamence
|-sidestart|p2: The_One_Orlox|move: Tailwind
|
|-weather|Snowscape|[upkeep]
|upkeep
|turn|2
|
|t:|1757738732
|switch|p1b: Toad|Amoonguss, L50, M|100/100
|move|p2b: Salamence|Hurricane|p1a: David Goggins
|-supereffective|p1a: David Goggins
|-enditem|p1a: David Goggins|Focus Sash
|-damage|p1a: David Goggins|1/100
|-start|p1a: David Goggins|confusion
|-activate|p1a: David Goggins|confusion
|move|p1a: David Goggins|Close Combat|p2a: Archaludon
|-supereffective|p2a: Archaludon
|-crit|p2a: Archaludon
|-damage|p2a: Archaludon|0 fnt
|-unboost|p1a: David Goggins|def|1
|-unboost|p1a: David Goggins|spd|1
|faint|p2a: Archaludon
|
|-weather|Snowscape|[upkeep]
|upkeep
|
|t:|1757738746
|switch|p2a: Pelipper|Pelipper, L50, M|100/100
|-weather|RainDance|[from] ability: Drizzle|[of] p2a: Pelipper
|turn|3
|
|t:|1757738761
|-terastallize|p1b: Toad|Water
|-activate|p1a: David Goggins|confusion
|-damage|p1a: David Goggins|0 fnt|[from] confusion
|faint|p1a: David Goggins
|move|p2b: Salamence|Hurricane|p1b: Toad
|-damage|p1b: Toad|53/100
|-start|p1b: Toad|confusion
|move|p2a: Pelipper|Hurricane|p1b: Toad
|-damage|p1b: Toad|16/100
|-activate|p1b: Toad|confusion
|move|p1b: Toad|Spore|p2a: Pelipper
|-status|p2a: Pelipper|slp|[from] move: Spore
|
|-weather|RainDance|[upkeep]
|upkeep
|
|t:|1757738774
|switch|p1a: Yukihana|Ninetales-Alola, L50, F, shiny|100/100
|-weather|Snowscape|[from] ability: Snow Warning|[of] p1a: Yukihana
|turn|4
|
|t:|1757738789
|switch|p2a: Amoonguss|Amoonguss, L50, F|100/100
|switch|p1b: Thorfinn|Baxcalibur, L50, M|100/100
|move|p2b: Salamence|Protect|p2b: Salamence
|-singleturn|p2b: Salamence|Protect
|move|p1a: Yukihana|Blizzard|p2b: Salamence|[spread] p2a
|-activate|p2b: Salamence|move: Protect
|-supereffective|p2a: Amoonguss
|-crit|p2a: Amoonguss
|-damage|p2a: Amoonguss|26/100
|-enditem|p2a: Amoonguss|Sitrus Berry|[eat]
|-heal|p2a: Amoonguss|51/100|[from] item: Sitrus Berry
|
|-weather|Snowscape|[upkeep]
|-sideend|p2: The_One_Orlox|move: Tailwind
|upkeep
|turn|5
|
|t:|1757738841
|-terastallize|p2b: Salamence|Flying
|move|p1b: Thorfinn|Ice Shard|p2b: Salamence
|-supereffective|p2b: Salamence
|-damage|p2b: Salamence|37/100
|move|p1a: Yukihana|Blizzard|p2a: Amoonguss|[spread] p2a,p2b
|-supereffective|p2a: Amoonguss
|-supereffective|p2b: Salamence
|-damage|p2a: Amoonguss|0 fnt
|-damage|p2b: Salamence|0 fnt
|faint|p2a: Amoonguss
|faint|p2b: Salamence
|
|-weather|Snowscape|[upkeep]
|upkeep
|
|t:|1757738863
|switch|p2b: Pelipper|Pelipper, L50, M|100/100 slp
|-weather|RainDance|[from] ability: Drizzle|[of] p2b: Pelipper
|turn|6
|
|t:|1757738878
|move|p1a: Yukihana|Freeze-Dry|p2b: Pelipper
|-supereffective|p2b: Pelipper
|-enditem|p2b: Pelipper|Focus Sash
|-damage|p2b: Pelipper|1/100 slp
|move|p1b: Thorfinn|Icicle Spear|p2b: Pelipper
|-damage|p2b: Pelipper|0 fnt
|faint|p2b: Pelipper
|-hitcount|p2: Pelipper|1
|
|win|Navarrian
|inactive|Navarrian has 30 seconds to confirm battle start!
|inactive|The_One_Orlox has 30 seconds to confirm battle start!
||Navarrian is ready for game 2.
||The_One_Orlox is ready for game 2.
|uhtml|next|Next: Game 2 of 3
