|j|☆AquamarineVGC
|j|☆Radlars
|html|AquamarineVGCRadlars    
|uhtml|bestof|Game 1 of a best-of-3
|t:|1784529513
|gametype|doubles
|player|p1|AquamarineVGC|unknown|1119
|player|p2|Radlars|169|1114
|gen|9
|tier|[Gen 9 Champions] VGC 2026 Reg M-B (Bo3)
|rated|
|rule|Species Clause: Limit one of each Pokémon
|rule|Item Clause: Limit 1 of each item
|clearpoke
|poke|p1|Pelipper, L50, M|
|poke|p1|Archaludon, L50, M|
|poke|p1|Staraptor, L50, M|
|poke|p1|Glimmora, L50, F|
|poke|p1|Clefable, L50, F|
|poke|p1|Grimmsnarl, L50, M|
|poke|p2|Scizor, L50, M|
|poke|p2|Pelipper, L50, F|
|poke|p2|Grimmsnarl, L50, M|
|poke|p2|Milotic, L50, F|
|poke|p2|Swampert, L50, F|
|poke|p2|Archaludon, L50, F|
|teampreview|4
|showteam|p1|Pelipper||QuickClaw|Drizzle|Hurricane,WeatherBall,Tailwind,WideGuard|Modest||M|||50|]Archaludon||Leftovers|Stamina|FlashCannon,DragonPulse,ElectroShot,Protect|Modest||M|||50|]Staraptor||Staraptite|Intimidate|BraveBird,CloseCombat,Roost,Protect|Adamant||M|||50|]Glimmora||Glimmoranite|ToxicDebris|PowerGem,SludgeBomb,AcidSpray,SpikyShield|Timid||F|||50|]Clefable||SitrusBerry|Unaware|Moonblast,FollowMe,LifeDew,Protect|Bold||F|||50|]Grimmsnarl||LightClay|Prankster|FoulPlay,Reflect,LightScreen,PartingShot|Calm||M|||50|
|showteam|p2|Scizor||Scizorite|Technician|BulletPunch,Protect,SwordsDance,BugBite|Adamant||M|||50|]Pelipper||SitrusBerry|KeenEye|WeatherBall,Hurricane,Tailwind,Protect|Modest||F|||50|]Grimmsnarl||LightClay|Prankster|LightScreen,FakeOut,PartingShot,ThroatChop|Impish||M|||50|]Milotic||ZoomLens|Competitive|Coil,MuddyWater,Hypnosis,LifeDew|Calm||F|||50|]Swampert||Swampertite|Torrent|WaveCrash,IcePunch,Protect,Earthquake|Adamant||F|||50|]Archaludon||Leftovers|Stamina|FlashCannon,ElectroShot,DragonPulse,Protect|Modest||F|||50|
|c|☆AquamarineVGC|GLHF
|c|☆Radlars|glhf
|inactive|Battle timer is ON: inactive players will automatically lose when time's up. (requested by AquamarineVGC)
|
|t:|1784529616
|teamsize|p1|4
|teamsize|p2|4
|start
|switch|p1a: Grimmsnarl|Grimmsnarl, L50, M|100/100
|switch|p1b: Archaludon|Archaludon, L50, M|100/100
|switch|p2a: Milotic|Milotic, L50, F|100/100
|switch|p2b: Swampert|Swampert, L50, F|100/100
|turn|1
|inactive|AquamarineVGC has 30 seconds left.
|inactive|Radlars has 30 seconds left.
|inactive|Radlars has 20 seconds left.
|inactive|Radlars has 15 seconds left.
|inactive|Radlars has 10 seconds left.
|
|t:|1784529662
|detailschange|p2b: Swampert|Swampert-Mega, L50, F
|-mega|p2b: Swampert|Swampert|Swampertite
|move|p1b: Archaludon|Protect|p1b: Archaludon
|-singleturn|p1b: Archaludon|Protect
|move|p1a: Grimmsnarl|Reflect|p1a: Grimmsnarl
|-sidestart|p1: AquamarineVGC|Reflect
|move|p2a: Milotic|Coil|p2a: Milotic
|-boost|p2a: Milotic|atk|1
|-boost|p2a: Milotic|def|1
|-boost|p2a: Milotic|accuracy|1
|move|p2b: Swampert|Wave Crash|p1a: Grimmsnarl
|-damage|p1a: Grimmsnarl|45/100
|-damage|p2b: Swampert|82/100|[from] Recoil
|
|upkeep
|turn|2
|inactive|Radlars has 30 seconds left.
|inactive|AquamarineVGC has 30 seconds left.
|inactive|Radlars has 20 seconds left.
|
|t:|1784529698
|move|p2b: Swampert|Protect|p2b: Swampert
|-singleturn|p2b: Swampert|Protect
|move|p1a: Grimmsnarl|Parting Shot|p2b: Swampert
|-activate|p2b: Swampert|move: Protect
|move|p1b: Archaludon|Electro Shot||[still]
|-prepare|p1b: Archaludon|Electro Shot
|-boost|p1b: Archaludon|spa|1
|move|p2a: Milotic|Hypnosis|p1b: Archaludon
|-status|p1b: Archaludon|slp|[from] move: Hypnosis
|
|upkeep
|turn|3
|
|t:|1784529715
|move|p1a: Grimmsnarl|Parting Shot|p2b: Swampert
|-unboost|p2b: Swampert|atk|1
|-unboost|p2b: Swampert|spa|1
|
|t:|1784529728
|switch|p1a: Pelipper|Pelipper, L50, M|100/100|[from] Parting Shot
|-weather|RainDance|[from] ability: Drizzle|[of] p1a: Pelipper
|move|p2b: Swampert|Earthquake|p1b: Archaludon|[spread] p2a,p1b
|-immune|p1a: Pelipper
|-supereffective|p1b: Archaludon|1
|-damage|p2a: Milotic|82/100
|-damage|p1b: Archaludon|73/100 slp
|-ability|p1b: Archaludon|Stamina|boost
|-boost|p1b: Archaludon|def|1
|cant|p1b: Archaludon|slp
|move|p2a: Milotic|Coil|p2a: Milotic
|-boost|p2a: Milotic|atk|1
|-boost|p2a: Milotic|def|1
|-boost|p2a: Milotic|accuracy|1
|
|-weather|RainDance|[upkeep]
|-heal|p1b: Archaludon|79/100 slp|[from] item: Leftovers
|upkeep
|turn|4
|inactive|Radlars has 30 seconds left.
|
|t:|1784529760
|switch|p2b: Grimmsnarl|Grimmsnarl, L50, M|100/100
|-curestatus|p1b: Archaludon|slp|[msg]
|move|p1b: Archaludon|Electro Shot||[still]
|-prepare|p1b: Archaludon|Electro Shot
|-boost|p1b: Archaludon|spa|1
|-anim|p1b: Archaludon|Electro Shot|p2a: Milotic
|-supereffective|p2a: Milotic|1
|-damage|p2a: Milotic|0 fnt
|faint|p2a: Milotic
|move|p1a: Pelipper|Hurricane|p2b: Grimmsnarl
|-damage|p2b: Grimmsnarl|50/100g
|
|-weather|RainDance|[upkeep]
|-heal|p1b: Archaludon|85/100|[from] item: Leftovers
|upkeep
|
|t:|1784529774
|switch|p2a: Swampert|Swampert-Mega, L50, F|82/100
|turn|5
|inactive|Radlars has 30 seconds left.
|inactive|Radlars has 20 seconds left.
|inactive|Radlars has 15 seconds left.
|
|t:|1784529818
|switch|p1a: Staraptor|Staraptor, L50, M|100/100
|-ability|p1a: Staraptor|Intimidate|boost
|-unboost|p2a: Swampert|atk|1
|-unboost|p2b: Grimmsnarl|atk|1
|move|p2b: Grimmsnarl|Parting Shot|p1a: Staraptor
|-unboost|p1a: Staraptor|atk|1
|-unboost|p1a: Staraptor|spa|1
|
|t:|1784529825
|switch|p2b: Pelipper|Pelipper, L50, F|100/100|[from] Parting Shot
|move|p2a: Swampert|Earthquake|p1a: Staraptor|[spread] p1b
|-immune|p2b: Pelipper
|-immune|p1a: Staraptor
|-supereffective|p1b: Archaludon|1
|-damage|p1b: Archaludon|66/100
|-ability|p1b: Archaludon|Stamina|boost
|-boost|p1b: Archaludon|def|1
|move|p1b: Archaludon|Electro Shot||[still]
|-prepare|p1b: Archaludon|Electro Shot
|-boost|p1b: Archaludon|spa|1
|-anim|p1b: Archaludon|Electro Shot|p2b: Pelipper
|-supereffective|p2b: Pelipper|2
|-damage|p2b: Pelipper|0 fnt
|faint|p2b: Pelipper
|
|-weather|RainDance|[upkeep]
|-heal|p1b: Archaludon|73/100|[from] item: Leftovers
|upkeep
|
|t:|1784529841
|switch|p2b: Grimmsnarl|Grimmsnarl, L50, M|50/100g
|turn|6
|
|t:|1784529862
|switch|p1a: Grimmsnarl|Grimmsnarl, L50, M|45/100
|move|p1b: Archaludon|Protect|p1b: Archaludon
|-singleturn|p1b: Archaludon|Protect
|move|p2b: Grimmsnarl|Fake Out|p1a: Grimmsnarl
|-damage|p1a: Grimmsnarl|37/100
|move|p2a: Swampert|Wave Crash|p1a: Grimmsnarl
|-damage|p1a: Grimmsnarl|0 fnt
|faint|p1a: Grimmsnarl
|-damage|p2a: Swampert|70/100|[from] Recoil
|
|-weather|RainDance|[upkeep]
|-heal|p1b: Archaludon|79/100|[from] item: Leftovers
|upkeep
|
|t:|1784529871
|switch|p1a: Staraptor|Staraptor, L50, M|100/100
|-ability|p1a: Staraptor|Intimidate|boost
|-unboost|p2a: Swampert|atk|1
|-unboost|p2b: Grimmsnarl|atk|1
|turn|7
|
|t:|1784529887
|detailschange|p1a: Staraptor|Staraptor-Mega, L50, M
|-mega|p1a: Staraptor|Staraptor|Staraptite
|move|p2b: Grimmsnarl|Light Screen|p2b: Grimmsnarl
|-sidestart|p2: Radlars|move: Light Screen
|move|p2a: Swampert|Earthquake|p1b: Archaludon|[spread] p2b,p1b
|-immune|p1a: Staraptor
|-supereffective|p1b: Archaludon|1
|-damage|p2b: Grimmsnarl|31/100
|-damage|p1b: Archaludon|68/100
|-ability|p1b: Archaludon|Stamina|boost
|-boost|p1b: Archaludon|def|1
|move|p1a: Staraptor|Close Combat|p2b: Grimmsnarl
|-damage|p2b: Grimmsnarl|0 fnt
|-boost|p1a: Staraptor|def|1
|-boost|p1a: Staraptor|spd|1
|faint|p2b: Grimmsnarl
|move|p1b: Archaludon|Electro Shot||[still]
|-prepare|p1b: Archaludon|Electro Shot
|-boost|p1b: Archaludon|spa|1
|-anim|p1b: Archaludon|Electro Shot|p2a: Swampert
|-immune|p2a: Swampert
|
|-weather|none
|-heal|p1b: Archaludon|75/100|[from] item: Leftovers
|upkeep
|turn|8
|
|t:|1784529910
|move|p1a: Staraptor|Close Combat|p2a: Swampert
|-damage|p2a: Swampert|7/100
|-boost|p1a: Staraptor|def|1
|-boost|p1a: Staraptor|spd|1
|move|p1b: Archaludon|Dragon Pulse|p2a: Swampert
|-damage|p2a: Swampert|0 fnt
|faint|p2a: Swampert
|
|win|AquamarineVGC
||AquamarineVGC is ready for game 2.
||Radlars is ready for game 2.
|uhtml|next|Next: Game 2 of 3
