|j|☆KptainFr
|j|☆r4ka
|html|KptainFrr4ka    
|uhtml|bestof|Game 1 of a best-of-3
|t:|1756749470
|gametype|doubles
|player|p1|KptainFr|steven|1027
|player|p2|r4ka|2|1035
|gen|9
|tier|[Gen 9] VGC 2025 Reg H (Bo3)
|rated|
|rule|Species Clause: Limit one of each Pokémon
|rule|Item Clause: Limit 1 of each item
|clearpoke
|poke|p1|Annihilape, L50, M|
|poke|p1|Maushold-Four, L50|
|poke|p1|Ursaluna-Bloodmoon, L50, M|
|poke|p1|Volcarona, L50, M|
|poke|p1|Sinistcha, L50|
|poke|p1|Rillaboom, L50, M|
|poke|p2|Rillaboom, L50, F|
|poke|p2|Dragonite, L50, F|
|poke|p2|Sneasler, L50, F|
|poke|p2|Kingambit, L50, F|
|poke|p2|Electabuzz, L50, M|
|poke|p2|Volcarona, L50, M|
|teampreview|4
|showteam|p1|Annihilape||Leftovers|Defiant|RageFist,DrainPunch,BulkUp,Protect|||M|||50|,,,,,Fire]Maushold-Four||RockyHelmet|FriendGuard|BeatUp,Taunt,HelpingHand,FollowMe||||||50|,,,,,Ghost]Ursaluna-Bloodmoon||LifeOrb|MindsEye|BloodMoon,HyperVoice,EarthPower,Protect|||M|||50|,,,,,Normal]Volcarona||SafetyGoggles|FlameBody|Overheat,StruggleBug,Tailwind,RagePowder|||M|||50|,,,,,Water]Sinistcha||SitrusBerry|Hospitality|MatchaGotcha,LifeDew,RagePowder,TrickRoom||||||50|,,,,,Water]Rillaboom||AssaultVest|GrassySurge|WoodHammer,GrassyGlide,HighHorsepower,FakeOut|||M|||50|,,,,,Fire
|showteam|p2|Rillaboom||AssaultVest|GrassySurge|FakeOut,HighHorsepower,WoodHammer,GrassyGlide|||F|||50|,,,,,Fire]Dragonite||LoadedDice|Multiscale|ExtremeSpeed,ScaleShot,Protect,Haze|||F|||50|,,,,,Steel]Sneasler||FocusSash|Unburden|DireClaw,CloseCombat,FakeOut,Protect|||F|||50|,,,,,Stellar]Kingambit||SafetyGoggles|Defiant|KowtowCleave,SuckerPunch,SwordsDance,Protect|||F|||50|,,,,,Dark]Electabuzz||Eviolite|VitalSpirit|Thunderbolt,Taunt,FollowMe,Protect|||M|||50|,,,,,Ghost]Volcarona||Leftovers|FlameBody|HeatWave,TeraBlast,QuiverDance,Protect|||M|||50|,,,,,Fairy
|inactive|Battle timer is ON: inactive players will automatically lose when time's up. (requested by KptainFr)
|inactive|KptainFr has 60 seconds left.
|inactive|r4ka has 60 seconds left.
|
|t:|1756749527
|teamsize|p1|4
|teamsize|p2|4
|start
|switch|p1a: Volcarona|Volcarona, L50, M|100/100
|switch|p1b: Annihilape|Annihilape, L50, M|100/100
|switch|p2a: Sneasler|Sneasler, L50, F|100/100
|switch|p2b: Volcarona|Volcarona, L50, M|100/100
|turn|1
|inactive|r4ka has 30 seconds left.
|inactive|r4ka has 20 seconds left.
|
|t:|1756749565
|-terastallize|p1b: Annihilape|Fire
|move|p2a: Sneasler|Dire Claw|p1a: Volcarona
|-crit|p1a: Volcarona
|-damage|p1a: Volcarona|37/100
|move|p2b: Volcarona|Quiver Dance|p2b: Volcarona
|-boost|p2b: Volcarona|spa|1
|-boost|p2b: Volcarona|spd|1
|-boost|p2b: Volcarona|spe|1
|move|p1a: Volcarona|Struggle Bug|p2b: Volcarona|[spread] p2a,p2b
|-resisted|p2a: Sneasler
|-resisted|p2b: Volcarona
|-damage|p2a: Sneasler|94/100
|-damage|p2b: Volcarona|95/100
|-unboost|p2a: Sneasler|spa|1
|-unboost|p2b: Volcarona|spa|1
|move|p1b: Annihilape|Bulk Up|p1b: Annihilape
|-boost|p1b: Annihilape|atk|1
|-boost|p1b: Annihilape|def|1
|
|-heal|p2b: Volcarona|100/100|[from] item: Leftovers
|upkeep
|turn|2
|
|t:|1756749585
|-terastallize|p2a: Sneasler|Stellar
|move|p2b: Volcarona|Heat Wave|p1b: Annihilape|[spread] p1a,p1b
|-resisted|p1b: Annihilape
|-damage|p1a: Volcarona|4/100
|-damage|p1b: Annihilape|85/100
|move|p2a: Sneasler|Dire Claw|p1b: Annihilape
|-damage|p1b: Annihilape|49/100
|-status|p1b: Annihilape|par
|move|p1a: Volcarona|Tailwind|p1a: Volcarona
|-sidestart|p1: KptainFr|move: Tailwind
|cant|p1b: Annihilape|par
|
|-heal|p1b: Annihilape|55/100 par|[from] item: Leftovers
|upkeep
|turn|3
|
|t:|1756749605
|move|p1a: Volcarona|Struggle Bug|p2a: Sneasler|[spread] p2a,p2b
|-resisted|p2a: Sneasler
|-resisted|p2b: Volcarona
|-damage|p2a: Sneasler|88/100
|-damage|p2b: Volcarona|94/100
|-unboost|p2a: Sneasler|spa|1
|-unboost|p2b: Volcarona|spa|1
|move|p2b: Volcarona|Heat Wave|p1b: Annihilape|[spread] p1a,p1b
|-resisted|p1b: Annihilape
|-damage|p1a: Volcarona|0 fnt
|-damage|p1b: Annihilape|45/100 par
|faint|p1a: Volcarona
|move|p2a: Sneasler|Dire Claw|p1b: Annihilape
|-damage|p1b: Annihilape|17/100 par
|move|p1b: Annihilape|Rage Fist|p2b: Volcarona
|-damage|p2b: Volcarona|0 fnt
|faint|p2b: Volcarona
|
|-heal|p1b: Annihilape|24/100 par|[from] item: Leftovers
|upkeep
|
|t:|1756749625
|switch|p2b: Rillaboom|Rillaboom, L50, F|100/100
|switch|p1a: Sinistcha|Sinistcha, L50|100/100
|-fieldstart|move: Grassy Terrain|[from] ability: Grassy Surge|[of] p2b: Rillaboom
|-heal|p1b: Annihilape|49/100 par|[from] ability: Hospitality|[of] p1a: Sinistcha
|turn|4
|
|t:|1756749646
|move|p2a: Sneasler|Protect|p2a: Sneasler
|-singleturn|p2a: Sneasler|Protect
|move|p1b: Annihilape|Protect|p1b: Annihilape
|-singleturn|p1b: Annihilape|Protect
|move|p1a: Sinistcha|Matcha Gotcha|p2a: Sneasler|[spread] p2b
|-activate|p2a: Sneasler|move: Protect
|-resisted|p2b: Rillaboom
|-crit|p2b: Rillaboom
|-damage|p2b: Rillaboom|79/100
|move|p2b: Rillaboom|High Horsepower|p1b: Annihilape
|-activate|p1b: Annihilape|move: Protect
|
|-heal|p2a: Sneasler|93/100|[from] Grassy Terrain
|-heal|p2b: Rillaboom|85/100|[from] Grassy Terrain
|-heal|p1b: Annihilape|55/100 par|[from] Grassy Terrain
|-heal|p1b: Annihilape|61/100 par|[from] item: Leftovers
|upkeep
|turn|5
|
|t:|1756749668
|move|p2a: Sneasler|Dire Claw|p1b: Annihilape
|-damage|p1b: Annihilape|35/100 par
|move|p1a: Sinistcha|Matcha Gotcha|p2a: Sneasler|[spread] p2a,p2b
|-resisted|p2a: Sneasler
|-resisted|p2b: Rillaboom
|-damage|p2a: Sneasler|66/100
|-damage|p2b: Rillaboom|71/100
|-status|p2a: Sneasler|brn
|move|p1b: Annihilape|Rage Fist|p2b: Rillaboom
|-damage|p2b: Rillaboom|0 fnt
|faint|p2b: Rillaboom
|
|-heal|p2a: Sneasler|71/100 brn|[from] Grassy Terrain
|-heal|p1b: Annihilape|41/100 par|[from] Grassy Terrain
|-heal|p1b: Annihilape|48/100 par|[from] item: Leftovers
|-damage|p2a: Sneasler|66/100 brn|[from] brn
|-sideend|p1: KptainFr|move: Tailwind
|upkeep
|
|t:|1756749685
|switch|p2b: Dragonite|Dragonite, L50, F|100/100
|turn|6
|
|t:|1756749696
|move|p1b: Annihilape|Protect|p1b: Annihilape
|-singleturn|p1b: Annihilape|Protect
|move|p2a: Sneasler|Dire Claw|p1a: Sinistcha
|-damage|p1a: Sinistcha|80/100
|-status|p1a: Sinistcha|psn
|move|p2b: Dragonite|Scale Shot|p1b: Annihilape
|-activate|p1b: Annihilape|move: Protect
|move|p1a: Sinistcha|Trick Room|p1a: Sinistcha
|-fieldstart|move: Trick Room|[of] p1a: Sinistcha
|
|-heal|p1b: Annihilape|54/100 par|[from] Grassy Terrain
|-heal|p1b: Annihilape|60/100 par|[from] item: Leftovers
|-heal|p1a: Sinistcha|86/100 psn|[from] Grassy Terrain
|-heal|p2a: Sneasler|71/100 brn|[from] Grassy Terrain
|-damage|p1a: Sinistcha|74/100 psn|[from] psn
|-damage|p2a: Sneasler|66/100 brn|[from] brn
|upkeep
|turn|7
|
|t:|1756749717
|move|p1b: Annihilape|Rage Fist|p2a: Sneasler
|-damage|p2a: Sneasler|0 fnt
|faint|p2a: Sneasler
|move|p1a: Sinistcha|Life Dew|p1a: Sinistcha|[spread] p1a,p1b
|-heal|p1a: Sinistcha|99/100 psn
|-heal|p1b: Annihilape|85/100 par
|move|p2b: Dragonite|Scale Shot|p1b: Annihilape
|-damage|p1b: Annihilape|76/100 par
|-damage|p1b: Annihilape|66/100 par
|-damage|p1b: Annihilape|57/100 par
|-damage|p1b: Annihilape|48/100 par
|-hitcount|p1b: Annihilape|4
|-unboost|p2b: Dragonite|def|1
|-boost|p2b: Dragonite|spe|1
|
|-heal|p1b: Annihilape|54/100 par|[from] Grassy Terrain
|-heal|p1b: Annihilape|60/100 par|[from] item: Leftovers
|-heal|p1a: Sinistcha|100/100 psn|[from] Grassy Terrain
|-damage|p1a: Sinistcha|88/100 psn|[from] psn
|upkeep
|turn|8
|
|t:|1756749739
|cant|p1b: Annihilape|par
|move|p1a: Sinistcha|Matcha Gotcha|p2b: Dragonite
|-resisted|p2b: Dragonite
|-damage|p2b: Dragonite|95/100
|-heal|p1a: Sinistcha|91/100 psn|[from] drain|[of] p2b: Dragonite
|move|p2b: Dragonite|Scale Shot|p1b: Annihilape|[miss]
|-miss|p2b: Dragonite|p1b: Annihilape
|
|-heal|p1b: Annihilape|66/100 par|[from] Grassy Terrain
|-heal|p1b: Annihilape|73/100 par|[from] item: Leftovers
|-heal|p1a: Sinistcha|97/100 psn|[from] Grassy Terrain
|-damage|p1a: Sinistcha|85/100 psn|[from] psn
|-fieldend|move: Grassy Terrain
|upkeep
|turn|9
|
|t:|1756749754
|move|p2b: Dragonite|Protect|p2b: Dragonite
|-singleturn|p2b: Dragonite|Protect
|move|p1b: Annihilape|Rage Fist|p2b: Dragonite
|-activate|p2b: Dragonite|move: Protect
|move|p1a: Sinistcha|Matcha Gotcha|p2b: Dragonite
|-activate|p2b: Dragonite|move: Protect
|
|-heal|p1b: Annihilape|79/100 par|[from] item: Leftovers
|-damage|p1a: Sinistcha|72/100 psn|[from] psn
|upkeep
|turn|10
|
|t:|1756749766
|move|p1b: Annihilape|Rage Fist|p2b: Dragonite
|-damage|p2b: Dragonite|0 fnt
|faint|p2b: Dragonite
|
|win|KptainFr
||r4ka is ready for game 2.
||KptainFr is ready for game 2.
|uhtml|next|Next: Game 2 of 3
