|j|☆RosieMilo
|j|☆onxlaughtvgc
|html|RosieMiloonxlaughtvgc    
|uhtml|bestof|Game 1 of a best-of-3
|t:|1757859422
|gametype|doubles
|player|p1|RosieMilo|169|1085
|player|p2|onxlaughtvgc|veteran|1129
|gen|9
|tier|[Gen 9] VGC 2025 Reg H (Bo3)
|rated|
|rule|Species Clause: Limit one of each Pokémon
|rule|Item Clause: Limit 1 of each item
|clearpoke
|poke|p1|Ursaluna-Bloodmoon, L50, M|
|poke|p1|Dragonite, L50, F|
|poke|p1|Rillaboom, L50, M|
|poke|p1|Maushold, L50|
|poke|p1|Annihilape, L50, M|
|poke|p1|Gholdengo, L50|
|poke|p2|Kleavor, L50, F|
|poke|p2|Tyranitar, L50, F|
|poke|p2|Excadrill, L50, F|
|poke|p2|Garchomp, L50, F|
|poke|p2|Klefki, L50, M|
|poke|p2|Clodsire, L50, M|
|teampreview|4
|showteam|p1|Ursaluna-Bloodmoon||AssaultVest|MindsEye|BloodMoon,VacuumWave,EarthPower,HyperVoice|||M|||50|,,,,,Water]Dragonite||LoadedDice|Multiscale|ScaleShot,Tailwind,Haze,Protect|||F|||50|,,,,,Fairy]Rillaboom||MiracleSeed|GrassySurge|GrassyGlide,WoodHammer,HighHorsepower,FakeOut|||M|||50|,,,,,Fire]Maushold||FocusSash|FriendGuard|SuperFang,BeatUp,FollowMe,Protect||||||50|,,,,,Ghost]Annihilape||SitrusBerry|Defiant|RageFist,DrainPunch,BulkUp,Protect|||M|||50|,,,,,Fire]Gholdengo||LifeOrb|GoodasGold|MakeItRain,ShadowBall,NastyPlot,Protect||||||50|,,,,,Water
|showteam|p2|Kleavor||ChoiceBand|Sharpness|StoneAxe,AerialAce,NightSlash,CloseCombat|||F|||50|,,,,,Ghost]Tyranitar||AssaultVest|SandStream|RockSlide,KnockOff,LowKick,TeraBlast|||F|||50|,,,,,Flying]Excadrill||FocusSash|SandRush|Earthquake,RockSlide,IronHead,Protect|||F|||50|,,,,,Ground]Garchomp||BrightPowder|SandVeil|StompingTantrum,RockSlide,SwordsDance,Protect|||F|||50|,,,,,Fire]Klefki||LightClay|Prankster|Reflect,ThunderWave,DrainingKiss,LightScreen|||M|||50|,,,,,Water]Clodsire||Leftovers|WaterAbsorb|StompingTantrum,PoisonJab,Protect,Recover|||M|||50|,,,,,Poison
|inactive|Battle timer is ON: inactive players will automatically lose when time's up. (requested by onxlaughtvgc)
|inactive|RosieMilo has 60 seconds left.
|inactive|onxlaughtvgc has 60 seconds left.
|inactive|onxlaughtvgc has 30 seconds left.
|
|t:|1757859494
|teamsize|p1|4
|teamsize|p2|4
|start
|switch|p1a: Maushold|Maushold, L50|100/100
|switch|p1b: Annihilape|Annihilape, L50, M|100/100
|switch|p2a: Kleavor|Kleavor, L50, F|100/100
|switch|p2b: Klefki|Klefki, L50, M|100/100
|turn|1
|inactive|RosieMilo has 30 seconds left.
|inactive|onxlaughtvgc has 30 seconds left.
|inactive|onxlaughtvgc has 20 seconds left.
|
|t:|1757859530
|move|p1a: Maushold|Follow Me|p1a: Maushold
|-singleturn|p1a: Maushold|move: Follow Me
|move|p2b: Klefki|Thunder Wave|p1a: Maushold
|-status|p1a: Maushold|par
|move|p1b: Annihilape|Bulk Up|p1b: Annihilape
|-boost|p1b: Annihilape|atk|1
|-boost|p1b: Annihilape|def|1
|move|p2a: Kleavor|Stone Axe|p1a: Maushold|[miss]
|-miss|p2a: Kleavor|p1a: Maushold
|
|upkeep
|turn|2
|
|t:|1757859545
|move|p2b: Klefki|Thunder Wave|p1b: Annihilape
|-status|p1b: Annihilape|par
|move|p2a: Kleavor|Stone Axe|p1a: Maushold
|-enditem|p1a: Maushold|Focus Sash
|-damage|p1a: Maushold|1/100 par
|-sidestart|p1: RosieMilo|move: Stealth Rock
|move|p1a: Maushold|Beat Up|p1b: Annihilape
|-damage|p1b: Annihilape|99/100 par
|-damage|p1b: Annihilape|96/100 par
|-damage|p1b: Annihilape|94/100 par
|-hitcount|p1b: Annihilape|3
|move|p1b: Annihilape|Rage Fist|p2b: Klefki
|-damage|p2b: Klefki|0 fnt
|faint|p2b: Klefki
|
|upkeep
|
|t:|1757859570
|switch|p2b: Tyranitar|Tyranitar, L50, F|100/100
|-weather|Sandstorm|[from] ability: Sand Stream|[of] p2b: Tyranitar
|turn|3
|
|t:|1757859590
|switch|p2a: Excadrill|Excadrill, L50, F|100/100
|-terastallize|p2b: Tyranitar|Flying
|move|p1a: Maushold|Follow Me|p1a: Maushold
|-singleturn|p1a: Maushold|move: Follow Me
|move|p2b: Tyranitar|Rock Slide|p1b: Annihilape|[spread] p1a,p1b
|-resisted|p1b: Annihilape
|-damage|p1a: Maushold|0 fnt
|-damage|p1b: Annihilape|87/100 par
|faint|p1a: Maushold
|move|p1b: Annihilape|Bulk Up|p1b: Annihilape
|-boost|p1b: Annihilape|atk|1
|-boost|p1b: Annihilape|def|1
|
|-weather|Sandstorm|[upkeep]
|-damage|p2b: Tyranitar|95/100|[from] Sandstorm
|-damage|p1b: Annihilape|81/100 par|[from] Sandstorm
|upkeep
|
|t:|1757859606
|switch|p1a: Rillaboom|Rillaboom, L50, M|100/100
|-damage|p1a: Rillaboom|88/100|[from] Stealth Rock
|-fieldstart|move: Grassy Terrain|[from] ability: Grassy Surge|[of] p1a: Rillaboom
|turn|4
|
|t:|1757859629
|move|p1a: Rillaboom|Fake Out|p2a: Excadrill
|-resisted|p2a: Excadrill
|-damage|p2a: Excadrill|89/100
|cant|p2a: Excadrill|flinch
|move|p2b: Tyranitar|Tera Blast|p1a: Rillaboom|[anim] Tera Blast Flying
|-supereffective|p1a: Rillaboom
|-damage|p1a: Rillaboom|0 fnt
|faint|p1a: Rillaboom
|move|p1b: Annihilape|Rage Fist|p2b: Tyranitar
|-damage|p2b: Tyranitar|0 fnt
|faint|p2b: Tyranitar
|
|-weather|Sandstorm|[upkeep]
|-damage|p1b: Annihilape|75/100 par|[from] Sandstorm
|-heal|p2a: Excadrill|95/100|[from] Grassy Terrain
|-heal|p1b: Annihilape|81/100 par|[from] Grassy Terrain
|upkeep
|
|t:|1757859647
|switch|p1a: Ursaluna|Ursaluna-Bloodmoon, L50, M|100/100
|switch|p2b: Kleavor|Kleavor, L50, F|100/100
|-damage|p1a: Ursaluna|95/100|[from] Stealth Rock
|turn|5
|
|t:|1757859668
|move|p1b: Annihilape|Protect|p1b: Annihilape
|-singleturn|p1b: Annihilape|Protect
|move|p2a: Excadrill|Iron Head|p1a: Ursaluna
|-damage|p1a: Ursaluna|59/100
|move|p2b: Kleavor|Close Combat|p1a: Ursaluna
|-supereffective|p1a: Ursaluna
|-damage|p1a: Ursaluna|0 fnt
|-unboost|p2b: Kleavor|def|1
|-unboost|p2b: Kleavor|spd|1
|faint|p1a: Ursaluna
|
|-weather|Sandstorm|[upkeep]
|-damage|p1b: Annihilape|75/100 par|[from] Sandstorm
|-heal|p2a: Excadrill|100/100|[from] Grassy Terrain
|-heal|p1b: Annihilape|81/100 par|[from] Grassy Terrain
|upkeep
|turn|6
|
|t:|1757859688
|move|p2a: Excadrill|Iron Head|p1b: Annihilape
|-damage|p1b: Annihilape|57/100 par
|move|p2b: Kleavor|Close Combat|p1b: Annihilape
|-immune|p1b: Annihilape
|cant|p1b: Annihilape|par
|
|-weather|Sandstorm|[upkeep]
|-damage|p1b: Annihilape|51/100 par|[from] Sandstorm
|-heal|p1b: Annihilape|57/100 par|[from] Grassy Terrain
|upkeep
|turn|7
|
|t:|1757859701
|move|p2a: Excadrill|Iron Head|p1b: Annihilape
|-damage|p1b: Annihilape|35/100 par
|-enditem|p1b: Annihilape|Sitrus Berry|[eat]
|-heal|p1b: Annihilape|60/100 par|[from] item: Sitrus Berry
|move|p2b: Kleavor|Close Combat|p1b: Annihilape
|-immune|p1b: Annihilape
|move|p1b: Annihilape|Drain Punch|p2a: Excadrill
|-supereffective|p2a: Excadrill
|-enditem|p2a: Excadrill|Focus Sash
|-damage|p2a: Excadrill|1/100
|-heal|p1b: Annihilape|100/100 par|[from] drain|[of] p2a: Excadrill
|
|-weather|none
|-heal|p2a: Excadrill|7/100|[from] Grassy Terrain
|upkeep
|turn|8
|
|t:|1757859719
|move|p2b: Kleavor|Close Combat|p1b: Annihilape
|-immune|p1b: Annihilape
|move|p2a: Excadrill|Iron Head|p1b: Annihilape
|-damage|p1b: Annihilape|77/100 par
|cant|p1b: Annihilape|flinch
|
|-heal|p2a: Excadrill|13/100|[from] Grassy Terrain
|-heal|p1b: Annihilape|83/100 par|[from] Grassy Terrain
|-fieldend|move: Grassy Terrain
|upkeep
|turn|9
|
|t:|1757859732
|move|p2b: Kleavor|Close Combat|p1b: Annihilape
|-immune|p1b: Annihilape
|move|p2a: Excadrill|Iron Head|p1b: Annihilape
|-damage|p1b: Annihilape|59/100 par
|cant|p1b: Annihilape|flinch
|
|upkeep
|turn|10
|
|t:|1757859742
|move|p2b: Kleavor|Close Combat|p1b: Annihilape
|-immune|p1b: Annihilape
|move|p2a: Excadrill|Iron Head|p1b: Annihilape
|-damage|p1b: Annihilape|36/100 par
|cant|p1b: Annihilape|flinch
|
|upkeep
|turn|11
|
|t:|1757859753
|move|p2b: Kleavor|Close Combat|p1b: Annihilape
|-immune|p1b: Annihilape
|move|p2a: Excadrill|Iron Head|p1b: Annihilape
|-damage|p1b: Annihilape|15/100 par
|move|p1b: Annihilape|Drain Punch|p2a: Excadrill
|-supereffective|p2a: Excadrill
|-damage|p2a: Excadrill|0 fnt
|-heal|p1b: Annihilape|20/100 par|[from] drain|[of] p2a: Excadrill
|faint|p2a: Excadrill
|
|upkeep
|turn|12
|
|t:|1757859767
|move|p2b: Kleavor|Close Combat|p1b: Annihilape
|-immune|p1b: Annihilape
|cant|p1b: Annihilape|par
|
|upkeep
|turn|13
|
|t:|1757859773
|-activate|p2b: Kleavor|move: Struggle
|move|p2b: Kleavor|Struggle|p1b: Annihilape
|-damage|p1b: Annihilape|7/100 par
|-damage|p2b: Kleavor|75/100|[from] recoil
|cant|p1b: Annihilape|par
|
|upkeep
|turn|14
|
|t:|1757859784
|-activate|p2b: Kleavor|move: Struggle
|move|p2b: Kleavor|Struggle|p1b: Annihilape
|-damage|p1b: Annihilape|0 fnt
|faint|p1b: Annihilape
|-damage|p2b: Kleavor|50/100|[from] recoil
|
|win|onxlaughtvgc
||RosieMilo is ready for game 2.
||onxlaughtvgc is ready for game 2.
|uhtml|next|Next: Game 2 of 3
