|j|☆GuardianGamer101
|j|☆bananamandoge420
|html|GuardianGamer101bananamandoge420    
|uhtml|bestof|Game 1 of a best-of-3
|t:|1783308330
|gametype|doubles
|player|p1|GuardianGamer101|lass-gen4dp|
|player|p2|bananamandoge420|102|
|gen|9
|tier|[Gen 9 Champions] VGC 2026 Reg M-B (Bo3)
|rule|Species Clause: Limit one of each Pokémon
|rule|Item Clause: Limit 1 of each item
|clearpoke
|poke|p1|Scovillain, L50, F|
|poke|p1|Feraligatr, L50, F|
|poke|p1|Sylveon, L50, F|
|poke|p1|Kingambit, L50, M|
|poke|p1|Ceruledge, L50, M, shiny|
|poke|p1|Aerodactyl, L50, F|
|poke|p2|Sinistcha, L50|
|poke|p2|Farigiraf, L50, M|
|poke|p2|Kingambit, L50, M|
|poke|p2|Skarmory, L50, F, shiny|
|poke|p2|Dragonite, L50, M|
|poke|p2|Pelipper, L50, M|
|teampreview|4
|showteam|p1|Scovillain||Scovillainite|Moody|Overheat,LeechSeed,RagePowder,Protect|Calm||F|||50|]Feraligatr||LifeOrb|SheerForce|Liquidation,RockSlide,DragonDance,Protect|Adamant||F|||50|]Sylveon||FairyFeather|Pixilate|HyperVoice,HyperBeam,QuickAttack,Detect|Modest||F|||50|]Kingambit||ChopleBerry|Defiant|SuckerPunch,KowtowCleave,IronHead,Protect|Adamant||M|||50|]Ceruledge||Charcoal|FlashFire|BitterBlade,ThroatChop,BulkUp,Protect|Adamant||M|||50|]Aerodactyl||FocusSash|Unnerve|RockSlide,DualWingbeat,Tailwind,WideGuard|Jolly||F|||50|
|showteam|p2|Sinistcha||Leftovers|Hospitality|MatchaGotcha,ShadowBall,RagePowder,Protect|Quiet|||||50|]Farigiraf||SitrusBerry|ArmorTail|TwinBeam,Protect,TrickRoom,HelpingHand|Sassy||M|||50|]Kingambit||FocusSash|SupremeOverlord|SuckerPunch,LowKick,ThroatChop,IronHead|Brave||M|||50|]Skarmory||Skarmorite|KeenEye|Protect,BraveBird,BodyPress,IronHead|Adamant||F|||50|]Dragonite||IronBall|Multiscale|Fling,DragonRush,ExtremeSpeed,LightScreen|Adamant||M|||50|]Pelipper||LifeOrb|Drizzle|Hurricane,WeatherBall,Tailwind,Uturn|Modest||M|||50|
|inactive|Battle timer is ON: inactive players will automatically lose when time's up. (requested by GuardianGamer101)
|inactiveoff|Battle timer is now OFF.
|j| Diglett1
|c| Diglett1|whore
|c| Diglett1|slut
|c| Diglett1|fuck
|c| Diglett1|shit
|c| Diglett1|racist
|j| ShmebKing
|
|t:|1783308467
|teamsize|p1|4
|teamsize|p2|4
|start
|switch|p1a: Basc at home|Feraligatr, L50, F|100/100
|switch|p1b: Scovillain|Scovillain, L50, F|100/100
|switch|p2a: Figga|Farigiraf, L50, M|100/100
|switch|p2b: MegaSkar|Skarmory, L50, F, shiny|100/100
|turn|1
|
|t:|1783308501
|detailschange|p1b: Scovillain|Scovillain-Mega, L50, F
|-mega|p1b: Scovillain|Scovillain|Scovillainite
|detailschange|p2b: MegaSkar|Skarmory-Mega, L50, F, shiny
|-mega|p2b: MegaSkar|Skarmory|Skarmorite
|move|p2b: MegaSkar|Brave Bird|p1b: Scovillain
|-supereffective|p1b: Scovillain|1
|-damage|p1b: Scovillain|0 fnt
|-status|p2b: MegaSkar|brn|[from] ability: Spicy Spray|[of] p1b: Scovillain
|faint|p1b: Scovillain
|-damage|p2b: MegaSkar|64/100 brn|[from] Recoil
|move|p1a: Basc at home|Dragon Dance|p1a: Basc at home
|-boost|p1a: Basc at home|atk|1
|-boost|p1a: Basc at home|spe|1
|move|p2a: Figga|Trick Room|p2a: Figga
|-fieldstart|move: Trick Room|[of] p2a: Figga
|
|-damage|p2b: MegaSkar|58/100 brn|[from] brn
|upkeep
|c| Diglett1|BOOOOOOOOOOOOOOOOOOOOOOOOO
|c| Diglett1|BOOOOOOOOOOOOOOOOOOOOOOOOO
|c| Diglett1|BOOOOOOOOOOOOOOOOOOOOOOOOOOOOOOOO
|
|t:|1783308516
|switch|p1b: Kingambit|Kingambit, L50, M|100/100
|turn|2
|j| D1 Oricorio Hater
|
|t:|1783308538
|move|p2a: Figga|Protect|p2a: Figga
|-singleturn|p2a: Figga|Protect
|move|p1b: Kingambit|Kowtow Cleave|p2a: Figga
|-activate|p2a: Figga|move: Protect
|move|p2b: MegaSkar|Body Press|p1b: Kingambit
|-supereffective|p1b: Kingambit|2
|-enditem|p1b: Kingambit|Chople Berry|[eat]
|-enditem|p1b: Kingambit|Chople Berry|[weaken]
|-damage|p1b: Kingambit|83/100
|move|p1a: Basc at home|Dragon Dance|p1a: Basc at home
|-boost|p1a: Basc at home|atk|1
|-boost|p1a: Basc at home|spe|1
|
|-damage|p2b: MegaSkar|52/100 brn|[from] brn
|upkeep
|turn|3
|l| ShmebKing
|j| ShmebKing
|
|t:|1783308606
|switch|p2a: Queen's Gambit|Kingambit, L50, M|100/100
|move|p1b: Kingambit|Kowtow Cleave|p2a: Queen's Gambit
|-resisted|p2a: Queen's Gambit|1
|-damage|p2a: Queen's Gambit|82/100
|move|p2b: MegaSkar|Body Press|p1b: Kingambit
|-supereffective|p1b: Kingambit|2
|-damage|p1b: Kingambit|50/100g
|move|p1a: Basc at home|Rock Slide|p2b: MegaSkar|[spread] p2a,p2b
|-resisted|p2a: Queen's Gambit|1
|-damage|p2a: Queen's Gambit|61/100
|-damage|p2b: MegaSkar|0 fnt
|faint|p2b: MegaSkar
|
|upkeep
|
|t:|1783308620
|switch|p2b: T-Bag|Sinistcha, L50|100/100
|-heal|p2a: Queen's Gambit|86/100|[from] ability: Hospitality|[of] p2b: T-Bag
|turn|4
|
|t:|1783308728
|switch|p1b: Sylveon|Sylveon, L50, F|100/100
|move|p2a: Queen's Gambit|Low Kick|p1b: Sylveon
|-resisted|p1b: Sylveon|1
|-damage|p1b: Sylveon|89/100
|move|p2b: T-Bag|Matcha Gotcha|p1a: Basc at home|[spread] p1a,p1b
|-supereffective|p1a: Basc at home|1
|-damage|p1a: Basc at home|16/100
|-damage|p1b: Sylveon|66/100
|-status|p1a: Basc at home|brn
|move|p1a: Basc at home|Rock Slide|p2a: Queen's Gambit|[spread] p2b
|-miss|p1a: Basc at home|p2a: Queen's Gambit
|-damage|p2b: T-Bag|68/100
|
|-heal|p2b: T-Bag|74/100|[from] item: Leftovers
|-damage|p1a: Basc at home|10/100 brn|[from] brn
|upkeep
|turn|5
|
|t:|1783308753
|move|p1b: Sylveon|Detect|p1b: Sylveon
|-singleturn|p1b: Sylveon|Protect
|move|p1a: Basc at home|Protect|p1a: Basc at home
|-singleturn|p1a: Basc at home|Protect
|move|p2a: Queen's Gambit|Iron Head|p1b: Sylveon
|-activate|p1b: Sylveon|move: Protect
|move|p2b: T-Bag|Matcha Gotcha|p1b: Sylveon|[spread] 
|-activate|p1a: Basc at home|move: Protect
|-activate|p1b: Sylveon|move: Protect
|
|-heal|p2b: T-Bag|80/100|[from] item: Leftovers
|-damage|p1a: Basc at home|5/100 brn|[from] brn
|-fieldend|move: Trick Room
|upkeep
|turn|6
|
|t:|1783308799
|-end|p2a: Queen's Gambit|fallenundefined|[silent]
|switch|p2a: Figga|Farigiraf, L50, M|100/100
|move|p1a: Basc at home|Dragon Dance|p1a: Basc at home
|-boost|p1a: Basc at home|atk|1
|-boost|p1a: Basc at home|spe|1
|move|p1b: Sylveon|Hyper Beam|p2a: Figga
|-damage|p2a: Figga|8/100
|-mustrecharge|p1b: Sylveon
|-enditem|p2a: Figga|Sitrus Berry|[eat]
|-heal|p2a: Figga|33/100|[from] item: Sitrus Berry
|move|p2b: T-Bag|Shadow Ball|p1b: Sylveon
|-damage|p1b: Sylveon|33/100
|
|-heal|p2b: T-Bag|87/100|[from] item: Leftovers
|-damage|p1a: Basc at home|0 fnt|[from] brn
|faint|p1a: Basc at home
|upkeep
|
|t:|1783308813
|switch|p1a: Kingambit|Kingambit, L50, M|50/100g
|turn|7
|
|t:|1783308851
|cant|p1b: Sylveon|recharge
|move|p2b: T-Bag|Matcha Gotcha|p1a: Kingambit|[spread] p1a,p1b
|-resisted|p1a: Kingambit|1
|-damage|p1a: Kingambit|34/100
|-heal|p2b: T-Bag|96/100|[from] drain|[of] p1a: Kingambit
|-damage|p1b: Sylveon|9/100
|-heal|p2b: T-Bag|100/100|[from] drain|[of] p1b: Sylveon
|move|p2a: Figga|Twin Beam|p1b: Sylveon
|-damage|p1b: Sylveon|0 fnt
|faint|p1b: Sylveon
|-hitcount|p1: Sylveon|1
|move|p1a: Kingambit|Kowtow Cleave|p2b: T-Bag
|-supereffective|p2b: T-Bag|1
|-damage|p2b: T-Bag|7/100
|
|-heal|p2b: T-Bag|14/100|[from] item: Leftovers
|upkeep
|turn|8
|
|t:|1783308891
|move|p2a: Figga|Helping Hand|p2b: T-Bag
|-singleturn|p2b: T-Bag|Helping Hand|[of] p2a: Figga
|move|p1a: Kingambit|Sucker Punch||[still]
|cant|p2a: Figga|ability: Armor Tail|Sucker Punch|[of] p1a: Kingambit
|move|p2b: T-Bag|Shadow Ball|p1a: Kingambit
|-resisted|p1a: Kingambit|1
|-damage|p1a: Kingambit|4/100
|
|-heal|p2b: T-Bag|20/100y|[from] item: Leftovers
|upkeep
|turn|9
|
|t:|1783308914
|switch|p2a: Queen's Gambit|Kingambit, L50, M|86/100
|-activate|p2a: Queen's Gambit|ability: Supreme Overlord
|-start|p2a: Queen's Gambit|fallen1|[silent]
|move|p1a: Kingambit|Protect|p1a: Kingambit
|-singleturn|p1a: Kingambit|Protect
|move|p2b: T-Bag|Shadow Ball|p1a: Kingambit
|-activate|p1a: Kingambit|move: Protect
|
|-heal|p2b: T-Bag|26/100|[from] item: Leftovers
|upkeep
|turn|10
|
|t:|1783308927
|move|p2b: T-Bag|Rage Powder|p2b: T-Bag
|-singleturn|p2b: T-Bag|move: Rage Powder
|move|p1a: Kingambit|Sucker Punch||[still]
|-fail|p1a: Kingambit
|move|p2a: Queen's Gambit|Sucker Punch||[still]
|-fail|p2a: Queen's Gambit
|
|-heal|p2b: T-Bag|32/100|[from] item: Leftovers
|upkeep
|turn|11
|
|t:|1783308939
|move|p2a: Queen's Gambit|Sucker Punch|p1a: Kingambit
|-resisted|p1a: Kingambit|1
|-damage|p1a: Kingambit|0 fnt
|faint|p1a: Kingambit
|
|win|bananamandoge420
|inactive|GuardianGamer101 has 30 seconds to confirm battle start!
|inactive|bananamandoge420 has 30 seconds to confirm battle start!
|l|☆GuardianGamer101
|player|p1|
|l|☆bananamandoge420
|player|p2|
|inactive|GuardianGamer101 has 20 seconds to confirm battle start!
|inactive|bananamandoge420 has 20 seconds to confirm battle start!
||bananamandoge420 is ready for game 2.
||GuardianGamer101 is ready for game 2.
|uhtml|next|Next: Game 2 of 3
|l| Diglett1
|j| Diglett1
|l| Diglett1
|l| ShmebKing
|j| ShmebKing
