|j|☆gladland
|j|‽Gejeknf
|html|gladlandGejeknf    
|uhtml|bestof|Game 1 of a best-of-3
|t:|1757823670
|gametype|doubles
|player|p1|gladland|2|1061
|player|p2|Gejeknf|170|1088
|gen|9
|tier|[Gen 9] VGC 2025 Reg H (Bo3)
|rated|
|rule|Species Clause: Limit one of each Pokémon
|rule|Item Clause: Limit 1 of each item
|clearpoke
|poke|p1|Kingambit, L50, F|
|poke|p1|Delphox, L50, M|
|poke|p1|Pelipper, L50, M|
|poke|p1|Archaludon, L50, F|
|poke|p1|Indeedee, L50, M|
|poke|p1|Sneasler, L50, M|
|poke|p2|Dragapult, L50, F|
|poke|p2|Whimsicott, L50, M|
|poke|p2|Gholdengo, L50|
|poke|p2|Rillaboom, L50, M|
|poke|p2|Sneasler, L50, M|
|poke|p2|Ursaluna, L50, M|
|teampreview|4
|showteam|p1|Kingambit||LifeOrb|SupremeOverlord|LowKick,IronHead,KowtowCleave,SuckerPunch|||F|||50|,,,,,Ghost]Delphox||FocusSash|Magician|ExpandingForce,DazzlingGleam,Flamethrower,Protect|||M|||50|,,,,,Fairy]Pelipper||SitrusBerry|Drizzle|Tailwind,Hurricane,Surf,RainDance|||M|||50|,,,,,Ground]Archaludon||AssaultVest|Stamina|ElectroShot,DracoMeteor,BodyPress,FlashCannon|||F|||50|,,,,,Electric]Indeedee||ChoiceScarf|PsychicSurge|ExpandingForce,HelpingHand,Protect,HyperVoice|||M|||50|,,,,,Steel]Sneasler||PsychicSeed|Unburden|DireClaw,CloseCombat,ThroatChop,Protect|||M|||50|,,,,,Dark
|showteam|p2|Dragapult||FocusSash|ClearBody|DragonDarts,Protect,TeraBlast,WillOWisp|||F|||50|,,,,,Ghost]Whimsicott||CovertCloak|Prankster|Tailwind,Taunt,Encore,Moonblast|||M|||50|,,,,,Dark]Gholdengo||GrassySeed|GoodasGold|MakeItRain,NastyPlot,ShadowBall,Protect||||||50|,,,,,Steel]Rillaboom||AssaultVest|GrassySurge|FakeOut,GrassyGlide,HighHorsepower,DrumBeating|||M|||50|,,,,,Grass]Sneasler||WhiteHerb|Unburden|DireClaw,CloseCombat,Coaching,Protect|||M|||50|,,,,,Stellar]Ursaluna||ClearAmulet|Bulletproof|BulkUp,Facade,StompingTantrum,DrainPunch|||M|||50|,,,,,Ghost
|inactive|Battle timer is ON: inactive players will automatically lose when time's up. (requested by Gejeknf)
|
|t:|1757823701
|teamsize|p1|4
|teamsize|p2|4
|start
|switch|p1a: Archaludon|Archaludon, L50, F|100/100
|switch|p1b: Pelipper|Pelipper, L50, M|100/100
|switch|p2a: Dragapult|Dragapult, L50, F|100/100
|switch|p2b: Whimsicott|Whimsicott, L50, M|100/100
|-weather|RainDance|[from] ability: Drizzle|[of] p1b: Pelipper
|turn|1
|
|t:|1757823721
|move|p2b: Whimsicott|Taunt|p1b: Pelipper
|-start|p1b: Pelipper|move: Taunt
|move|p2a: Dragapult|Will-O-Wisp|p1a: Archaludon
|-status|p1a: Archaludon|brn
|cant|p1b: Pelipper|move: Taunt|Tailwind
|move|p1a: Archaludon|Flash Cannon|p2b: Whimsicott
|-supereffective|p2b: Whimsicott
|-damage|p2b: Whimsicott|0 fnt
|faint|p2b: Whimsicott
|
|-weather|RainDance|[upkeep]
|-damage|p1a: Archaludon|94/100 brn|[from] brn
|upkeep
|
|t:|1757823744
|switch|p2b: Rillaboom|Rillaboom, L50, M|100/100
|-fieldstart|move: Grassy Terrain|[from] ability: Grassy Surge|[of] p2b: Rillaboom
|turn|2
|
|t:|1757823756
|move|p2a: Dragapult|Will-O-Wisp|p1b: Pelipper
|-status|p1b: Pelipper|brn
|move|p2b: Rillaboom|High Horsepower|p1a: Archaludon
|-supereffective|p1a: Archaludon
|-damage|p1a: Archaludon|46/100 brn
|-ability|p1a: Archaludon|Stamina|boost
|-boost|p1a: Archaludon|def|1
|move|p1b: Pelipper|Hurricane|p2b: Rillaboom
|-supereffective|p2b: Rillaboom
|-damage|p2b: Rillaboom|43/100
|move|p1a: Archaludon|Draco Meteor|p2a: Dragapult
|-supereffective|p2a: Dragapult
|-enditem|p2a: Dragapult|Focus Sash
|-damage|p2a: Dragapult|1/100
|-unboost|p1a: Archaludon|spa|2
|
|-weather|RainDance|[upkeep]
|-heal|p2a: Dragapult|7/100|[from] Grassy Terrain
|-heal|p2b: Rillaboom|49/100|[from] Grassy Terrain
|-heal|p1a: Archaludon|52/100 brn|[from] Grassy Terrain
|-damage|p1b: Pelipper|95/100 brn|[from] brn
|-damage|p1a: Archaludon|46/100 brn|[from] brn
|upkeep
|turn|3
|inactive|Gejeknf has 30 seconds left.
|
|t:|1757823785
|switch|p2a: Gholdengo|Gholdengo, L50|100/100
|-enditem|p2a: Gholdengo|Grassy Seed
|-boost|p2a: Gholdengo|def|1|[from] item: Grassy Seed
|move|p2b: Rillaboom|Drum Beating|p1b: Pelipper
|-damage|p1b: Pelipper|38/100 brn
|-unboost|p1b: Pelipper|spe|1
|-enditem|p1b: Pelipper|Sitrus Berry|[eat]
|-heal|p1b: Pelipper|63/100 brn|[from] item: Sitrus Berry
|move|p1a: Archaludon|Body Press|p2b: Rillaboom
|-damage|p2b: Rillaboom|29/100
|move|p1b: Pelipper|Surf|p2a: Gholdengo|[spread] p1a,p2a,p2b
|-resisted|p1a: Archaludon
|-resisted|p2b: Rillaboom
|-damage|p1a: Archaludon|31/100 brn
|-damage|p2a: Gholdengo|63/100
|-damage|p2b: Rillaboom|14/100
|-ability|p1a: Archaludon|Stamina|boost
|-boost|p1a: Archaludon|def|1
|
|-weather|RainDance|[upkeep]
|-heal|p2b: Rillaboom|20/100|[from] Grassy Terrain
|-heal|p2a: Gholdengo|69/100|[from] Grassy Terrain
|-heal|p1a: Archaludon|38/100 brn|[from] Grassy Terrain
|-damage|p1a: Archaludon|31/100 brn|[from] brn
|-damage|p1b: Pelipper|57/100 brn|[from] brn
|-end|p1b: Pelipper|move: Taunt
|upkeep
|turn|4
|inactive|gladland has 30 seconds left.
|inactive|Gejeknf has 30 seconds left.
|inactive|Gejeknf has 20 seconds left.
|inactive|Gejeknf has 15 seconds left.
|
|t:|1757823826
|-terastallize|p2a: Gholdengo|Steel
|move|p2b: Rillaboom|Drum Beating|p1b: Pelipper
|-damage|p1b: Pelipper|5/100 brn
|-unboost|p1b: Pelipper|spe|1
|move|p2a: Gholdengo|Make It Rain|p1b: Pelipper|[spread] p1a,p1b
|-resisted|p1a: Archaludon
|-resisted|p1b: Pelipper
|-damage|p1a: Archaludon|7/100 brn
|-damage|p1b: Pelipper|0 fnt
|-unboost|p2a: Gholdengo|spa|1
|-ability|p1a: Archaludon|Stamina|boost
|-boost|p1a: Archaludon|def|1
|faint|p1b: Pelipper
|move|p1a: Archaludon|Body Press|p2b: Rillaboom
|-damage|p2b: Rillaboom|0 fnt
|faint|p2b: Rillaboom
|
|-weather|RainDance|[upkeep]
|-heal|p2a: Gholdengo|75/100|[from] Grassy Terrain
|-heal|p1a: Archaludon|13/100 brn|[from] Grassy Terrain
|-damage|p1a: Archaludon|7/100 brn|[from] brn
|upkeep
|
|t:|1757823845
|switch|p2b: Dragapult|Dragapult, L50, F|7/100
|switch|p1b: Sneasler|Sneasler, L50, M|100/100
|turn|5
|
|t:|1757823856
|move|p1b: Sneasler|Protect|p1b: Sneasler
|-singleturn|p1b: Sneasler|Protect
|move|p2b: Dragapult|Will-O-Wisp|p1b: Sneasler
|-activate|p1b: Sneasler|move: Protect
|move|p2a: Gholdengo|Make It Rain|p1b: Sneasler|[spread] p1a
|-activate|p1b: Sneasler|move: Protect
|-resisted|p1a: Archaludon
|-damage|p1a: Archaludon|0 fnt
|-unboost|p2a: Gholdengo|spa|1
|faint|p1a: Archaludon
|
|-weather|none
|-heal|p2b: Dragapult|13/100|[from] Grassy Terrain
|-heal|p2a: Gholdengo|81/100|[from] Grassy Terrain
|upkeep
|
|t:|1757823870
|switch|p1a: Indeedee|Indeedee, L50, M|100/100
|-fieldstart|move: Psychic Terrain|[from] ability: Psychic Surge|[of] p1a: Indeedee
|-enditem|p1b: Sneasler|Psychic Seed
|-boost|p1b: Sneasler|spd|1|[from] item: Psychic Seed
|turn|6
|-message|Gejeknf forfeited.
|
|win|gladland
|l|‽Gejeknf
|player|p2|
|l|☆gladland
|player|p1|
||Gejeknf is ready for game 2.
||gladland is ready for game 2.
|uhtml|next|Next: Game 2 of 3
