|j|☆KodeBeast0526
|j|‽redpkmntrainer14
|html|KodeBeast0526redpkmntrainer14    
|uhtml|bestof|Game 2 of a best-of-3
|t:|1784814385
|gametype|doubles
|player|p1|KodeBeast0526|hiker|1195
|player|p2|redpkmntrainer14|guitarist|1060
|gen|9
|tier|[Gen 9 Champions] VGC 2026 Reg M-B (Bo3)
|rated|
|rule|Species Clause: Limit one of each Pokémon
|rule|Item Clause: Limit 1 of each item
|clearpoke
|poke|p1|Tyranitar, L50, F|
|poke|p1|Excadrill, L50, F|
|poke|p1|Milotic, L50, M|
|poke|p1|Sinistcha, L50|
|poke|p1|Staraptor, L50, F|
|poke|p1|Gholdengo, L50|
|poke|p2|Charizard, L50, F|
|poke|p2|Sinistcha, L50|
|poke|p2|Sneasler, L50, M|
|poke|p2|Kingambit, L50, F|
|poke|p2|Scizor, L50, F, shiny|
|poke|p2|Glimmora, L50, F|
|teampreview|4
|showteam|p1|Tyranitar||Tyranitarite|SandStream|KnockOff,RockSlide,HighHorsepower,Protect|Jolly||F|||50|]Excadrill||FocusSash|SandRush|Earthquake,IronHead,RockSlide,Protect|Adamant||F|||50|]Milotic||SitrusBerry|Competitive|Scald,IcyWind,Haze,Protect|Calm||M|||50|]Sinistcha||ColburBerry|Hospitality|MatchaGotcha,ShadowBall,Protect,RagePowder|Bold|||||50|]Staraptor||Staraptite|Intimidate|CloseCombat,BraveBird,Tailwind,Protect|Jolly||F|||50|]Gholdengo||LifeOrb|GoodasGold|MakeItRain,ShadowBall,NastyPlot,Protect|Modest|||||50|
|showteam|p2|Charizard||CharizarditeX|Blaze|BellyDrum,BreakingSwipe,FlareBlitz,Protect|Jolly||F|||50|]Sinistcha||SitrusBerry|Hospitality|RagePowder,MatchaGotcha,LifeDew,StrengthSap|Modest|||||50|]Sneasler||FocusSash|PoisonTouch|DireClaw,Uturn,CloseCombat,FakeOut|Adamant||M|||50|]Kingambit||LifeOrb|SupremeOverlord|Protect,KowtowCleave,IronHead,SuckerPunch|Adamant||F|||50|]Scizor||Scizorite|Technician|BulletPunch,CloseCombat,SwordsDance,BugBite|Adamant||F|||50|]Glimmora||ShucaBerry|ToxicDebris|DazzlingGleam,EarthPower,PowerGem,SludgeBomb|Modest||F|||50|
|
|t:|1784814441
|teamsize|p1|4
|teamsize|p2|4
|start
|switch|p1a: Tyranitar|Tyranitar, L50, F|100/100
|switch|p1b: Excadrill|Excadrill, L50, F|100/100
|switch|p2a: Glimmora|Glimmora, L50, F|100/100
|switch|p2b: Charizard|Charizard, L50, F|100/100
|-weather|Sandstorm|[from] ability: Sand Stream|[of] p1a: Tyranitar
|turn|1
|
|t:|1784814465
|detailschange|p1a: Tyranitar|Tyranitar-Mega, L50, F
|-mega|p1a: Tyranitar|Tyranitar|Tyranitarite
|move|p1b: Excadrill|Rock Slide|p2a: Glimmora|[spread] p2a,p2b
|-supereffective|p2b: Charizard|2
|-damage|p2a: Glimmora|79/100
|-damage|p2b: Charizard|0 fnt
|-activate|p2a: Glimmora|ability: Toxic Debris
|-sidestart|p1: KodeBeast0526|move: Toxic Spikes
|faint|p2b: Charizard
|move|p1a: Tyranitar|High Horsepower|p2a: Glimmora
|-supereffective|p2a: Glimmora|2
|-enditem|p2a: Glimmora|Shuca Berry|[eat]
|-enditem|p2a: Glimmora|Shuca Berry|[weaken]
|-damage|p2a: Glimmora|3/100
|-activate|p2a: Glimmora|ability: Toxic Debris
|-sidestart|p1: KodeBeast0526|move: Toxic Spikes
|move|p2a: Glimmora|Earth Power|p1b: Excadrill
|-supereffective|p1b: Excadrill|1
|-damage|p1b: Excadrill|1/100
|
|-weather|Sandstorm|[upkeep]
|upkeep
|
|t:|1784814480
|switch|p2b: Sneasler|Sneasler, L50, M|100/100
|turn|2
|
|t:|1784814496
|move|p1b: Excadrill|Protect|p1b: Excadrill
|-singleturn|p1b: Excadrill|Protect
|move|p1a: Tyranitar|Protect|p1a: Tyranitar
|-singleturn|p1a: Tyranitar|Protect
|move|p2b: Sneasler|U-turn|p1b: Excadrill
|-activate|p1b: Excadrill|move: Protect
|move|p2a: Glimmora|Dazzling Gleam|p1b: Excadrill|[spread] 
|-activate|p1a: Tyranitar|move: Protect
|-activate|p1b: Excadrill|move: Protect
|
|-weather|Sandstorm|[upkeep]
|-damage|p2b: Sneasler|94/100|[from] Sandstorm
|upkeep
|turn|3
|
|t:|1784814517
|switch|p2a: Sinistcha|Sinistcha, L50|100/100
|-heal|p2b: Sneasler|100/100|[from] ability: Hospitality|[of] p2a: Sinistcha
|move|p1b: Excadrill|Iron Head|p2a: Sinistcha
|-damage|p2a: Sinistcha|56/100
|move|p2b: Sneasler|Close Combat|p1a: Tyranitar
|-supereffective|p1a: Tyranitar|2
|-damage|p1a: Tyranitar|0 fnt
|-unboost|p2b: Sneasler|def|1
|-unboost|p2b: Sneasler|spd|1
|faint|p1a: Tyranitar
|
|-weather|Sandstorm|[upkeep]
|-damage|p2b: Sneasler|94/100|[from] Sandstorm
|-damage|p2a: Sinistcha|50/100g|[from] Sandstorm
|upkeep
|
|t:|1784814528
|switch|p1a: Staraptor|Staraptor, L50, F|100/100
|-ability|p1a: Staraptor|Intimidate|boost
|-unboost|p2a: Sinistcha|atk|1
|-unboost|p2b: Sneasler|atk|1
|turn|4
|
|t:|1784814549
|switch|p2b: Glimmora|Glimmora, L50, F|3/100
|move|p1b: Excadrill|Earthquake|p2a: Sinistcha|[spread] p2a,p2b
|-immune|p1a: Staraptor
|-resisted|p2a: Sinistcha|1
|-supereffective|p2b: Glimmora|2
|-damage|p2a: Sinistcha|30/100
|-damage|p2b: Glimmora|0 fnt
|-enditem|p2a: Sinistcha|Sitrus Berry|[eat]
|-heal|p2a: Sinistcha|55/100|[from] item: Sitrus Berry
|faint|p2b: Glimmora
|move|p1a: Staraptor|Brave Bird|p2a: Sinistcha
|-supereffective|p2a: Sinistcha|1
|-damage|p2a: Sinistcha|0 fnt
|faint|p2a: Sinistcha
|-damage|p1a: Staraptor|85/100|[from] Recoil
|
|-weather|Sandstorm|[upkeep]
|-damage|p1a: Staraptor|79/100|[from] Sandstorm
|upkeep
|
|t:|1784814561
|switch|p2b: Sneasler|Sneasler, L50, M|94/100
|turn|5
|
|t:|1784814566
|move|p2b: Sneasler|Fake Out|p1b: Excadrill
|-resisted|p1b: Excadrill|1
|-crit|p1b: Excadrill
|-damage|p1b: Excadrill|0 fnt
|faint|p1b: Excadrill
|move|p1a: Staraptor|Brave Bird|p2b: Sneasler
|-supereffective|p2b: Sneasler|1
|-damage|p2b: Sneasler|0 fnt
|faint|p2b: Sneasler
|-damage|p1a: Staraptor|54/100|[from] Recoil
|
|win|KodeBeast0526
|raw|KodeBeast0526's rating: 1195 → 1211(+16 for winning)
|raw|redpkmntrainer14's rating: 1060 → 1048(-12 for losing)
|l|‽redpkmntrainer14
|player|p2|
