|j|☆Siddharth42c
|j|☆Alecat
|html|Siddharth42cAlecat    
|uhtml|bestof|Game 1 of a best-of-3
|t:|1757837371
|gametype|doubles
|player|p1|Siddharth42c|102|1186
|player|p2|Alecat|scientistf|1099
|gen|9
|tier|[Gen 9] VGC 2025 Reg H (Bo3)
|rated|
|rule|Species Clause: Limit one of each Pokémon
|rule|Item Clause: Limit 1 of each item
|clearpoke
|poke|p1|Sneasler, L50, F|
|poke|p1|Dondozo, L50, F|
|poke|p1|Tatsugiri, L50, F|
|poke|p1|Annihilape, L50, M|
|poke|p1|Indeedee, L50, M|
|poke|p1|Magmar, L50, M|
|poke|p2|Sneasler, L50, F|
|poke|p2|Magmar, L50, M|
|poke|p2|Rillaboom, L50, M|
|poke|p2|Espathra, L50, F|
|poke|p2|Kingambit, L50, F|
|poke|p2|Arcanine-Hisui, L50, M|
|teampreview|4
|showteam|p1|Sneasler||PsychicSeed|Unburden|CloseCombat,DireClaw,ThroatChop,Protect|||F|||50|,,,,,Stellar]Dondozo||Leftovers|Unaware|Protect,WaveCrash,Earthquake,OrderUp|||F|||50|,,,,,Steel]Tatsugiri||FocusSash|Commander|DracoMeteor,MuddyWater,IcyWind,DragonPulse|||F|||50|,,,,,Ghost]Annihilape||ChoiceScarf|Defiant|CloseCombat,FinalGambit,Uturn,Coaching|||M|||50|,,,,,Grass]Indeedee||RockyHelmet|PsychicSurge|ExpandingForce,TrickRoom,Protect,HelpingHand|||M|||50|,,,,,Psychic]Magmar||Eviolite|VitalSpirit|Overheat,WillOWisp,FollowMe,Protect|||M|||50|,,,,,Ghost
|showteam|p2|Sneasler||FocusSash|Unburden|FakeOut,CloseCombat,DireClaw,Coaching|||F|||50|,,,,,Ghost]Magmar||Eviolite|VitalSpirit|FollowMe,HeatWave,Taunt,Protect|||M|||50|,,,,,Dragon]Rillaboom||AssaultVest|GrassySurge|FakeOut,WoodHammer,GrassyGlide,HighHorsepower|||M|||50|,,,,,Fire]Espathra||GrassySeed|SpeedBoost|StoredPower,TeraBlast,CalmMind,Protect|||F|||50|,,,,,Fighting]Kingambit||SafetyGoggles|Defiant|KowtowCleave,SuckerPunch,SwordsDance,Protect|||F|||50|,,,,,Dark]Arcanine-Hisui||LoadedDice|Intimidate|FlareBlitz,RockBlast,ExtremeSpeed,Protect|||M|||50|,,,,,Ghost
|inactive|Battle timer is ON: inactive players will automatically lose when time's up. (requested by Alecat)
|inactive|Siddharth42c also wants the timer to be on.
|inactive|Siddharth42c has 60 seconds left.
|inactive|Alecat has 60 seconds left.
|
|t:|1757837425
|teamsize|p1|4
|teamsize|p2|4
|start
|switch|p1a: Indeedee|Indeedee, L50, M|100/100
|switch|p1b: Sneasler|Sneasler, L50, F|100/100
|switch|p2a: Magmar|Magmar, L50, M|100/100
|switch|p2b: Espathra|Espathra, L50, F, shiny|100/100
|-fieldstart|move: Psychic Terrain|[from] ability: Psychic Surge|[of] p1a: Indeedee
|-enditem|p1b: Sneasler|Psychic Seed
|-boost|p1b: Sneasler|spd|1|[from] item: Psychic Seed
|turn|1
|
|t:|1757837441
|switch|p2a: Rillaboom|Rillaboom, L50, M|100/100
|-fieldstart|move: Grassy Terrain|[from] ability: Grassy Surge|[of] p2a: Rillaboom
|-enditem|p2b: Espathra|Grassy Seed
|-boost|p2b: Espathra|def|1|[from] item: Grassy Seed
|move|p2b: Espathra|Protect|p2b: Espathra
|-singleturn|p2b: Espathra|Protect
|move|p1b: Sneasler|Dire Claw|p2a: Rillaboom
|-supereffective|p2a: Rillaboom
|-damage|p2a: Rillaboom|21/100
|-status|p2a: Rillaboom|psn
|move|p1a: Indeedee|Expanding Force|p2a: Rillaboom
|-damage|p2a: Rillaboom|0 fnt
|faint|p2a: Rillaboom
|
|-ability|p2b: Espathra|Speed Boost|boost
|-boost|p2b: Espathra|spe|1
|upkeep
|
|t:|1757837458
|switch|p2a: Magmar|Magmar, L50, M|100/100
|turn|2
|
|t:|1757837468
|switch|p1a: Magmar|Magmar, L50, M|100/100
|move|p1b: Sneasler|Protect|p1b: Sneasler
|-singleturn|p1b: Sneasler|Protect
|move|p2b: Espathra|Calm Mind|p2b: Espathra
|-boost|p2b: Espathra|spa|1
|-boost|p2b: Espathra|spd|1
|move|p2a: Magmar|Taunt|p1a: Magmar
|-start|p1a: Magmar|move: Taunt
|
|-ability|p2b: Espathra|Speed Boost|boost
|-boost|p2b: Espathra|spe|1
|upkeep
|turn|3
|
|t:|1757837485
|switch|p1a: Indeedee|Indeedee, L50, M|100/100
|-fieldstart|move: Psychic Terrain|[from] ability: Psychic Surge|[of] p1a: Indeedee
|-terastallize|p1b: Sneasler|Stellar
|move|p2a: Magmar|Follow Me|p2a: Magmar
|-singleturn|p2a: Magmar|move: Follow Me
|move|p1b: Sneasler|Throat Chop|p2a: Magmar
|-damage|p2a: Magmar|60/100
|-start|p2a: Magmar|Throat Chop|[silent]
|move|p2b: Espathra|Calm Mind|p2b: Espathra
|-boost|p2b: Espathra|spa|1
|-boost|p2b: Espathra|spd|1
|
|-ability|p2b: Espathra|Speed Boost|boost
|-boost|p2b: Espathra|spe|1
|upkeep
|turn|4
|
|t:|1757837507
|move|p1b: Sneasler|Throat Chop|p2b: Espathra
|-supereffective|p2b: Espathra
|-damage|p2b: Espathra|55/100
|-start|p2b: Espathra|Throat Chop|[silent]
|move|p2b: Espathra|Stored Power|p1b: Sneasler
|-supereffective|p1b: Sneasler
|-damage|p1b: Sneasler|0 fnt
|faint|p1b: Sneasler
|move|p1a: Indeedee|Expanding Force|p2a: Magmar|[spread] p2a,p2b
|-resisted|p2b: Espathra
|-crit|p2b: Espathra
|-damage|p2a: Magmar|20/100
|-damage|p2b: Espathra|0 fnt
|faint|p2b: Espathra
|move|p2a: Magmar|Taunt|p1a: Indeedee
|-start|p1a: Indeedee|move: Taunt
|
|-end|p2a: Magmar|Throat Chop|[silent]
|upkeep
|
|t:|1757837520
|switch|p1b: Annihilape|Annihilape, L50, M|100/100
|switch|p2b: Arcanine|Arcanine-Hisui, L50, M, shiny|100/100
|-ability|p2b: Arcanine|Intimidate|boost
|-unboost|p1a: Indeedee|atk|1
|-unboost|p1b: Annihilape|atk|1
|-ability|p1b: Annihilape|Defiant|boost
|-boost|p1b: Annihilape|atk|2
|turn|5
|
|t:|1757837539
|-terastallize|p2b: Arcanine|Ghost
|move|p2a: Magmar|Protect|p2a: Magmar
|-singleturn|p2a: Magmar|Protect
|move|p1b: Annihilape|Final Gambit|p2b: Arcanine
|-immune|p2b: Arcanine
|move|p1a: Indeedee|Expanding Force|p2a: Magmar|[spread] p2b
|-activate|p2a: Magmar|move: Protect
|-damage|p2b: Arcanine|31/100
|move|p2b: Arcanine|Rock Blast|p1a: Indeedee
|-damage|p1a: Indeedee|74/100
|-damage|p1a: Indeedee|49/100
|-damage|p1a: Indeedee|20/100
|-damage|p1a: Indeedee|0 fnt
|faint|p1a: Indeedee
|-hitcount|p1: Indeedee|4
|
|upkeep
|
|t:|1757837551
|switch|p1a: Magmar|Magmar, L50, M|100/100
|turn|6
|
|t:|1757837565
|move|p2a: Magmar|Follow Me|p2a: Magmar
|-singleturn|p2a: Magmar|move: Follow Me
|move|p1b: Annihilape|Final Gambit|p2a: Magmar
|-damage|p2a: Magmar|0 fnt
|faint|p1b: Annihilape
|faint|p2a: Magmar
|move|p2b: Arcanine|Rock Blast|p1a: Magmar
|-supereffective|p1a: Magmar
|-damage|p1a: Magmar|80/100
|-supereffective|p1a: Magmar
|-damage|p1a: Magmar|59/100
|-supereffective|p1a: Magmar
|-damage|p1a: Magmar|37/100
|-supereffective|p1a: Magmar
|-damage|p1a: Magmar|16/100
|-supereffective|p1a: Magmar
|-damage|p1a: Magmar|0 fnt
|faint|p1a: Magmar
|-hitcount|p1: Magmar|5
|
|win|Alecat
|inactive|Siddharth42c has 30 seconds to confirm battle start!
|inactive|Alecat has 30 seconds to confirm battle start!
||Siddharth42c is ready for game 2.
