|j|☆fjdjhdhdhd
|j|☆breloomb01
|html|fjdjhdhdhdbreloomb01    
|uhtml|bestof|Game 1 of a best-of-3
|t:|1785352245
|gametype|doubles
|player|p1|fjdjhdhdhd|102|1090
|player|p2|breloomb01|roughneck|1157
|gen|9
|tier|[Gen 9 Champions] VGC 2026 Reg M-B (Bo3)
|rated|
|rule|Species Clause: Limit one of each Pokémon
|rule|Item Clause: Limit 1 of each item
|clearpoke
|poke|p1|Raichu, L50, M|
|poke|p1|Floette-Eternal, L50, F|
|poke|p1|Palafin, L50, F|
|poke|p1|Incineroar, L50, F|
|poke|p1|Mamoswine, L50, M|
|poke|p1|Corviknight, L50, M|
|poke|p2|Floette-Eternal, L50, F|
|poke|p2|Incineroar, L50, M|
|poke|p2|Sinistcha, L50|
|poke|p2|Garchomp, L50, F|
|poke|p2|Sneasler, L50, M|
|poke|p2|Rotom-Wash, L50|
|teampreview|4
|showteam|p1|Raichu||RaichuniteY|Static|ZapCannon,FocusBlast,FakeOut,Protect|Timid||M|||50|]Floette-Eternal||Floettite|FlowerVeil|DazzlingGleam,LightofRuin,Protect,CalmMind|Timid||F|||50|]Palafin||MysticWater|ZerotoHero|WaveCrash,JetPunch,Protect,DrainPunch|Adamant||F|||50|]Incineroar||SitrusBerry|Intimidate|FlareBlitz,FakeOut,PartingShot,DarkestLariat|Adamant||F|||50|]Mamoswine||NeverMeltIce|ThickFat|HighHorsepower,IceShard,Protect,IceFang|Serious||M|||50|]Corviknight||OccaBerry|MirrorArmor|BraveBird,IronHead,Tailwind,Protect|Jolly||M|||50|
|showteam|p2|Floette-Eternal||Floettite|FlowerVeil|DrainingKiss,DazzlingGleam,CalmMind,Protect|Modest||F|||50|]Incineroar||SitrusBerry|Intimidate|FakeOut,FlareBlitz,ThroatChop,PartingShot|Careful||M|||50|]Sinistcha||KasibBerry|Hospitality|Protect,RagePowder,MatchaGotcha,TrickRoom|Calm|||||50|]Garchomp||LifeOrb|RoughSkin|Earthquake,DragonClaw,RockSlide,Protect|Jolly||F|||50|]Sneasler||FocusSash|PoisonTouch|FakeOut,DireClaw,CloseCombat,Protect|Jolly||M|||50|]Rotom-Wash||Leftovers|Levitate|HydroPump,Protect,WillOWisp,Electroweb|Bold|||||50|
|
|t:|1785352293
|teamsize|p1|4
|teamsize|p2|4
|start
|switch|p1a: Palafin|Palafin, L50, F|100/100
|switch|p1b: Corviknight|Corviknight, L50, M|100/100
|switch|p2a: Rotom|Rotom-Wash, L50|100/100
|switch|p2b: Garchomp|Garchomp, L50, F|100/100
|turn|1
|
|t:|1785352310
|detailschange|p1a: Palafin|Palafin-Hero, L50, F
|switch|p1a: Mamoswine|Mamoswine, L50, M|100/100
|move|p2b: Garchomp|Rock Slide|p1a: Mamoswine|[spread] p1a,p1b
|-damage|p1a: Mamoswine|75/100
|-damage|p1b: Corviknight|78/100
|-damage|p2b: Garchomp|90/100|[from] item: Life Orb
|cant|p1b: Corviknight|flinch
|move|p2a: Rotom|Will-O-Wisp|p1b: Corviknight
|-status|p1b: Corviknight|brn
|
|-damage|p1b: Corviknight|72/100 brn|[from] brn
|upkeep
|turn|2
|
|t:|1785352330
|move|p1a: Mamoswine|Ice Shard|p2b: Garchomp
|-supereffective|p2b: Garchomp|2
|-damage|p2b: Garchomp|0 fnt
|faint|p2b: Garchomp
|move|p1b: Corviknight|Tailwind|p1b: Corviknight
|-sidestart|p1: fjdjhdhdhd|move: Tailwind
|move|p2a: Rotom|Hydro Pump|p1a: Mamoswine
|-supereffective|p1a: Mamoswine|1
|-damage|p1a: Mamoswine|0 fnt
|faint|p1a: Mamoswine
|
|-damage|p1b: Corviknight|66/100 brn|[from] brn
|upkeep
|
|t:|1785352345
|switch|p2b: Floette|Floette-Eternal, L50, F|100/100
|switch|p1a: Floette|Floette-Eternal, L50, F|100/100
|turn|3
|
|t:|1785352356
|detailschange|p1a: Floette|Floette-Mega, L50, F
|-mega|p1a: Floette|Floette|Floettite
|-ability|p1a: Floette|Fairy Aura
|detailschange|p2b: Floette|Floette-Mega, L50, F
|-mega|p2b: Floette|Floette|Floettite
|-ability|p2b: Floette|Fairy Aura
|move|p1a: Floette|Dazzling Gleam|p2a: Rotom|[spread] p2a,p2b
|-damage|p2a: Rotom|56/100
|-damage|p2b: Floette|63/100
|move|p1b: Corviknight|Brave Bird|p2a: Rotom
|-resisted|p2a: Rotom|1
|-damage|p2a: Rotom|48/100
|-damage|p1b: Corviknight|64/100 brn|[from] Recoil
|move|p2b: Floette|Calm Mind|p2b: Floette
|-boost|p2b: Floette|spa|1
|-boost|p2b: Floette|spd|1
|move|p2a: Rotom|Electroweb|p1a: Floette|[spread] p1a,p1b
|-supereffective|p1b: Corviknight|1
|-damage|p1a: Floette|87/100
|-damage|p1b: Corviknight|38/100 brn
|-unboost|p1a: Floette|spe|1
|-ability|p1b: Corviknight|Mirror Armor
|-unboost|p2a: Rotom|spe|1
|
|-heal|p2a: Rotom|54/100|[from] item: Leftovers
|-damage|p1b: Corviknight|32/100 brn|[from] brn
|upkeep
|turn|4
|
|t:|1785352393
|move|p1b: Corviknight|Iron Head|p2a: Rotom
|-resisted|p2a: Rotom|2
|-damage|p2a: Rotom|51/100
|move|p1a: Floette|Light of Ruin|p2b: Floette
|-damage|p2b: Floette|10/100
|-damage|p1a: Floette|55/100|[from] Recoil
|move|p2b: Floette|Draining Kiss|p1a: Floette
|-damage|p1a: Floette|5/100
|-heal|p2b: Floette|41/100|[from] drain|[of] p1a: Floette
|move|p2a: Rotom|Electroweb|p1b: Corviknight|[spread] p1a,p1b
|-crit|p1a: Floette
|-supereffective|p1b: Corviknight|1
|-damage|p1a: Floette|0 fnt
|-damage|p1b: Corviknight|5/100 brn
|-ability|p1b: Corviknight|Mirror Armor
|-unboost|p2a: Rotom|spe|1
|faint|p1a: Floette
|
|-heal|p2a: Rotom|57/100|[from] item: Leftovers
|-damage|p1b: Corviknight|0 fnt|[from] brn
|faint|p1b: Corviknight
|upkeep
|
|t:|1785352415
|switch|p1b: Palafin|Palafin-Hero, L50, F|100/100
|-activate|p1b: Palafin|ability: Zero to Hero
|turn|5
|
|t:|1785352423
|move|p2b: Floette|Protect|p2b: Floette
|-singleturn|p2b: Floette|Protect
|move|p1b: Palafin|Wave Crash|p2b: Floette
|-activate|p2b: Floette|move: Protect
|move|p2a: Rotom|Will-O-Wisp|p1b: Palafin|[miss]
|-miss|p2a: Rotom|p1b: Palafin
|
|-heal|p2a: Rotom|63/100|[from] item: Leftovers
|-sideend|p1: fjdjhdhdhd|move: Tailwind
|upkeep
|turn|6
|
|t:|1785352439
|move|p2b: Floette|Draining Kiss|p1b: Palafin
|-damage|p1b: Palafin|34/100
|-heal|p2b: Floette|98/100|[from] drain|[of] p1b: Palafin
|move|p1b: Palafin|Wave Crash|p2b: Floette
|-damage|p2b: Floette|0 fnt
|faint|p2b: Floette
|-damage|p1b: Palafin|5/100|[from] Recoil
|move|p2a: Rotom|Will-O-Wisp|p1b: Palafin
|-status|p1b: Palafin|brn
|
|-heal|p2a: Rotom|69/100|[from] item: Leftovers
|-damage|p1b: Palafin|0 fnt|[from] brn
|faint|p1b: Palafin
|
|win|breloomb01
||breloomb01 is ready for game 2.
|raw|fjdjhdhdhd's rating: 1090 → 1071(-19 for losing)
|raw|breloomb01's rating: 1157 → 1177(+20 for winning)
|l|☆fjdjhdhdhd
|player|p1|
