|j|☆arm fire
|j|☆impurities2
|html|arm fireimpurities2    
|uhtml|bestof|Game 2 of a best-of-3
|t:|1756584593
|gametype|doubles
|player|p1|arm fire|flannery|1211
|player|p2|impurities2|miku-ghost|1267
|gen|9
|tier|[Gen 9] VGC 2025 Reg H (Bo3)
|rated|
|rule|Species Clause: Limit one of each Pokémon
|rule|Item Clause: Limit 1 of each item
|clearpoke
|poke|p1|Garchomp, L50, F|
|poke|p1|Gholdengo, L50|
|poke|p1|Incineroar, L50, F|
|poke|p1|Amoonguss, L50, M|
|poke|p1|Kilowattrel, L50, F|
|poke|p1|Tyranitar, L50, M|
|poke|p2|Archaludon, L50, F|
|poke|p2|Rillaboom, L50, F|
|poke|p2|Basculegion, L50, M|
|poke|p2|Kingambit, L50, F|
|poke|p2|Pelipper, L50, M|
|poke|p2|Electabuzz, L50, M|
|teampreview|4
|showteam|p1|Garchomp||LifeOrb|SandVeil|DragonClaw,StompingTantrum,Earthquake,Protect|||F|||50|,,,,,Ground]Gholdengo||MetalCoat|GoodasGold|MakeItRain,ShadowBall,NastyPlot,Protect||||||50|,,,,,Flying]Incineroar||MirrorHerb|Intimidate|FakeOut,FlareBlitz,KnockOff,PartingShot|||F|||50|,,,,,Ghost]Amoonguss||SitrusBerry|Regenerator|Protect,PollenPuff,Spore,RagePowder|||M|||50|,,,,,Fairy]Kilowattrel||FocusSash|Competitive|Electroweb,VoltSwitch,AirSlash,Tailwind|||F|||50|,,,,,Ghost]Tyranitar||AssaultVest|SandStream|RockSlide,KnockOff,LowKick,TeraBlast|||M|||50|,,,,,Flying
|showteam|p2|Archaludon||AssaultVest|Stamina|ElectroShot,DracoMeteor,FlashCannon,BodyPress|||F|||50|,,,,,Fairy]Rillaboom||LoadedDice|GrassySurge|BulletSeed,GrassyGlide,FakeOut,HighHorsepower|||F|||50|,,,,,Fire]Basculegion||ChoiceBand|SwiftSwim|WaveCrash,LastRespects,FlipTurn,AquaJet|||M|||50|,,,,,Grass]Kingambit||BlackGlasses|Defiant|KowtowCleave,SuckerPunch,SwordsDance,Protect|||F|||50|,,,,,Dark]Pelipper||FocusSash|Drizzle|WeatherBall,Hurricane,Tailwind,Protect|||M|||50|,,,,,Ghost]Electabuzz||Eviolite|VitalSpirit|Electroweb,Taunt,FollowMe,Protect|||M|||50|,,,,,Ghost
|inactive|Battle timer is ON: inactive players will automatically lose when time's up. (requested by arm fire)
|
|t:|1756584615
|teamsize|p1|4
|teamsize|p2|4
|start
|switch|p1a: Incineroar|Incineroar, L50, F|100/100
|switch|p1b: Amoonguss|Amoonguss, L50, M|100/100
|switch|p2a: Rillaboom|Rillaboom, L50, F|100/100
|switch|p2b: Kingambit|Kingambit, L50, F|100/100
|-fieldstart|move: Grassy Terrain|[from] ability: Grassy Surge|[of] p2a: Rillaboom
|-ability|p1a: Incineroar|Intimidate|boost
|-unboost|p2a: Rillaboom|atk|1
|-unboost|p2b: Kingambit|atk|1
|-ability|p2b: Kingambit|Defiant|boost
|-boost|p2b: Kingambit|atk|2
|-enditem|p1a: Incineroar|Mirror Herb
|-boost|p1a: Incineroar|atk|2|[from] item: Mirror Herb
|turn|1
|l|☆arm fire
|inactive|arm fire disconnected and has a minute to reconnect!
|player|p1|
|inactive|arm fire has 30 seconds left.
|inactive|arm fire has 20 seconds left.
|inactive|arm fire has 15 seconds left.
|inactive|arm fire has 10 seconds left.
|inactive|arm fire has 5 seconds left.
|j|☆arm fire
|inactive|arm fire reconnected and has 5 seconds left.
|player|p1|arm fire|flannery|
|
|t:|1756584671
|switch|p2b: Basculegion|Basculegion, L50, M|100/100
|move|p1b: Amoonguss|Protect|p1b: Amoonguss
|-singleturn|p1b: Amoonguss|Protect
|move|p2a: Rillaboom|Fake Out|p1b: Amoonguss
|-activate|p1b: Amoonguss|move: Protect
|move|p1a: Incineroar|Fake Out|p2b: Basculegion
|-immune|p2b: Basculegion
|
|upkeep
|turn|2
|
|t:|1756584688
|switch|p2a: Pelipper|Pelipper, L50, M|100/100
|-weather|RainDance|[from] ability: Drizzle|[of] p2a: Pelipper
|-terastallize|p2b: Basculegion|Grass
|move|p1b: Amoonguss|Rage Powder|p1b: Amoonguss
|-singleturn|p1b: Amoonguss|move: Rage Powder
|move|p2b: Basculegion|Wave Crash|p1a: Incineroar
|-supereffective|p1a: Incineroar
|-damage|p1a: Incineroar|0 fnt
|faint|p1a: Incineroar
|-damage|p2b: Basculegion|66/100|[from] Recoil
|
|-weather|RainDance|[upkeep]
|-heal|p2b: Basculegion|72/100|[from] Grassy Terrain
|upkeep
|
|t:|1756584697
|switch|p1a: Kilowattrel|Kilowattrel, L50, F|100/100
|turn|3
|
|t:|1756584710
|switch|p2a: Rillaboom|Rillaboom, L50, F|100/100
|move|p1b: Amoonguss|Rage Powder|p1b: Amoonguss
|-singleturn|p1b: Amoonguss|move: Rage Powder
|move|p2b: Basculegion|Wave Crash|p1a: Kilowattrel
|-enditem|p1a: Kilowattrel|Focus Sash
|-damage|p1a: Kilowattrel|1/100
|-damage|p2b: Basculegion|48/100|[from] Recoil
|move|p1a: Kilowattrel|Air Slash|p2b: Basculegion
|-supereffective|p2b: Basculegion
|-damage|p2b: Basculegion|0 fnt
|faint|p2b: Basculegion
|
|-weather|RainDance|[upkeep]
|upkeep
|
|t:|1756584720
|switch|p2b: Kingambit|Kingambit, L50, F|100/100
|turn|4
|
|t:|1756584728
|-terastallize|p1a: Kilowattrel|Ghost
|move|p2a: Rillaboom|Fake Out|p1b: Amoonguss
|-damage|p1b: Amoonguss|90/100
|cant|p1b: Amoonguss|flinch
|move|p1a: Kilowattrel|Volt Switch|p2b: Kingambit
|-damage|p2b: Kingambit|68/100
|
|t:|1756584737
|switch|p1a: Garchomp|Garchomp, L50, F|100/100|[from] Volt Switch
|move|p2b: Kingambit|Swords Dance|p2b: Kingambit
|-boost|p2b: Kingambit|atk|2
|
|-weather|RainDance|[upkeep]
|-heal|p2b: Kingambit|74/100|[from] Grassy Terrain
|-heal|p1b: Amoonguss|96/100|[from] Grassy Terrain
|upkeep
|turn|5
|
|t:|1756584748
|switch|p2a: Pelipper|Pelipper, L50, M|100/100
|move|p1a: Garchomp|Protect|p1a: Garchomp
|-singleturn|p1a: Garchomp|Protect
|move|p2b: Kingambit|Protect|p2b: Kingambit
|-singleturn|p2b: Kingambit|Protect
|move|p1b: Amoonguss|Spore|p2b: Kingambit
|-activate|p2b: Kingambit|move: Protect
|
|-weather|RainDance|[upkeep]
|-heal|p2b: Kingambit|80/100|[from] Grassy Terrain
|-heal|p1b: Amoonguss|100/100|[from] Grassy Terrain
|-fieldend|move: Grassy Terrain
|upkeep
|turn|6
|
|t:|1756584765
|switch|p2b: Rillaboom|Rillaboom, L50, F|100/100
|-fieldstart|move: Grassy Terrain|[from] ability: Grassy Surge|[of] p2b: Rillaboom
|move|p1b: Amoonguss|Rage Powder|p1b: Amoonguss
|-singleturn|p1b: Amoonguss|move: Rage Powder
|move|p1a: Garchomp|Stomping Tantrum|p2b: Rillaboom
|-resisted|p2b: Rillaboom
|-damage|p2b: Rillaboom|77/100
|-damage|p1a: Garchomp|91/100|[from] item: Life Orb
|move|p2a: Pelipper|Hurricane|p1b: Amoonguss
|-supereffective|p1b: Amoonguss
|-damage|p1b: Amoonguss|12/100
|-enditem|p1b: Amoonguss|Sitrus Berry|[eat]
|-heal|p1b: Amoonguss|37/100|[from] item: Sitrus Berry
|
|-weather|none
|-heal|p1a: Garchomp|97/100|[from] Grassy Terrain
|-heal|p2b: Rillaboom|83/100|[from] Grassy Terrain
|-heal|p1b: Amoonguss|43/100|[from] Grassy Terrain
|upkeep
|turn|7
|
|t:|1756584790
|switch|p2a: Kingambit|Kingambit, L50, F|80/100
|move|p2b: Rillaboom|Fake Out|p1b: Amoonguss
|-damage|p1b: Amoonguss|32/100
|move|p1a: Garchomp|Dragon Claw|p2b: Rillaboom
|-damage|p2b: Rillaboom|28/100
|-damage|p1a: Garchomp|87/100|[from] item: Life Orb
|cant|p1b: Amoonguss|flinch
|
|-heal|p1a: Garchomp|93/100|[from] Grassy Terrain
|-heal|p2b: Rillaboom|34/100|[from] Grassy Terrain
|-heal|p2a: Kingambit|85/100|[from] Grassy Terrain
|-heal|p1b: Amoonguss|38/100|[from] Grassy Terrain
|upkeep
|turn|8
|
|t:|1756584812
|switch|p2b: Pelipper|Pelipper, L50, M|100/100
|-weather|RainDance|[from] ability: Drizzle|[of] p2b: Pelipper
|move|p2a: Kingambit|Protect|p2a: Kingambit
|-singleturn|p2a: Kingambit|Protect
|move|p1b: Amoonguss|Protect|p1b: Amoonguss
|-singleturn|p1b: Amoonguss|Protect
|move|p1a: Garchomp|Stomping Tantrum|p2a: Kingambit
|-activate|p2a: Kingambit|move: Protect
|
|-weather|RainDance|[upkeep]
|-heal|p1a: Garchomp|99/100|[from] Grassy Terrain
|-heal|p2a: Kingambit|91/100|[from] Grassy Terrain
|-heal|p1b: Amoonguss|44/100|[from] Grassy Terrain
|upkeep
|turn|9
|
|t:|1756584829
|switch|p2a: Rillaboom|Rillaboom, L50, F|34/100
|move|p1b: Amoonguss|Protect|p1b: Amoonguss
|-singleturn|p1b: Amoonguss|Protect
|move|p1a: Garchomp|Stomping Tantrum|p2a: Rillaboom
|-resisted|p2a: Rillaboom
|-damage|p2a: Rillaboom|10/100
|-damage|p1a: Garchomp|89/100|[from] item: Life Orb
|move|p2b: Pelipper|Hurricane|p1b: Amoonguss
|-activate|p1b: Amoonguss|move: Protect
|
|-weather|RainDance|[upkeep]
|-heal|p1a: Garchomp|95/100|[from] Grassy Terrain
|-heal|p2a: Rillaboom|16/100|[from] Grassy Terrain
|-heal|p1b: Amoonguss|50/100|[from] Grassy Terrain
|upkeep
|turn|10
|
|t:|1756584848
|move|p1b: Amoonguss|Protect||[still]
|-fail|p1b: Amoonguss
|move|p2a: Rillaboom|Fake Out|p1a: Garchomp
|-damage|p1a: Garchomp|82/100
|cant|p1a: Garchomp|flinch
|move|p2b: Pelipper|Hurricane|p1b: Amoonguss
|-supereffective|p1b: Amoonguss
|-damage|p1b: Amoonguss|0 fnt
|faint|p1b: Amoonguss
|
|-weather|RainDance|[upkeep]
|-heal|p1a: Garchomp|88/100|[from] Grassy Terrain
|-heal|p2a: Rillaboom|22/100|[from] Grassy Terrain
|-fieldend|move: Grassy Terrain
|upkeep
|
|t:|1756584851
|switch|p1b: Kilowattrel|Kilowattrel, L50, F, tera:Ghost|1/100
|turn|11
|
|t:|1756584866
|switch|p2a: Kingambit|Kingambit, L50, F|91/100
|move|p2b: Pelipper|Protect|p2b: Pelipper
|-singleturn|p2b: Pelipper|Protect
|move|p1b: Kilowattrel|Electroweb|p2a: Kingambit|[spread] p2a
|-activate|p2b: Pelipper|move: Protect
|-damage|p2a: Kingambit|74/100
|-unboost|p2a: Kingambit|spe|1
|-ability|p2a: Kingambit|Defiant|boost
|-boost|p2a: Kingambit|atk|2
|move|p1a: Garchomp|Dragon Claw|p2b: Pelipper
|-activate|p2b: Pelipper|move: Protect
|
|-weather|RainDance|[upkeep]
|upkeep
|turn|12
|
|t:|1756584879
|move|p2a: Kingambit|Sucker Punch|p1a: Garchomp
|-crit|p1a: Garchomp
|-damage|p1a: Garchomp|0 fnt
|faint|p1a: Garchomp
|move|p1b: Kilowattrel|Electroweb|p2a: Kingambit|[spread] p2a,p2b
|-supereffective|p2b: Pelipper
|-damage|p2a: Kingambit|54/100
|-enditem|p2b: Pelipper|Focus Sash
|-damage|p2b: Pelipper|1/100
|-unboost|p2a: Kingambit|spe|1
|-ability|p2a: Kingambit|Defiant|boost
|-boost|p2a: Kingambit|atk|2
|-unboost|p2b: Pelipper|spe|1
|move|p2b: Pelipper|Weather Ball|p1b: Kilowattrel
|-damage|p1b: Kilowattrel|0 fnt
|faint|p1b: Kilowattrel
|
|win|impurities2
|raw|arm fire's rating: 1211 → 1190(-21 for losing)
|raw|impurities2's rating: 1267 → 1288(+21 for winning)
