|j|☆clavicularvgc
|j|☆SleepD2
|html|clavicularvgcSleepD2    
|uhtml|bestof|Game 1 of a best-of-3
|t:|1785779189
|gametype|doubles
|player|p1|clavicularvgc|266|1317
|player|p2|SleepD2|102|1393
|gen|9
|tier|[Gen 9 Champions] VGC 2026 Reg M-B (Bo3)
|rated|
|rule|Species Clause: Limit one of each Pokémon
|rule|Item Clause: Limit 1 of each item
|clearpoke
|poke|p1|Kommo-o, L50, M|
|poke|p1|Incineroar, L50, M|
|poke|p1|Tyranitar, L50, F|
|poke|p1|Gholdengo, L50|
|poke|p1|Scovillain, L50, F|
|poke|p1|Sinistcha, L50|
|poke|p2|Glimmora, L50, M|
|poke|p2|Whimsicott, L50, F|
|poke|p2|Weavile, L50, M|
|poke|p2|Basculegion, L50, M|
|poke|p2|Kommo-o, L50, F|
|poke|p2|Charizard, L50, M|
|teampreview|4
|showteam|p1|Kommo-o||Leftovers|Overcoat|ClangorousSoul,ClangingScales,Protect,AuraSphere|Modest||M|||50|]Incineroar||ShucaBerry|Intimidate|FakeOut,FlareBlitz,PartingShot,ThroatChop|Adamant||M|||50|]Tyranitar||Tyranitarite|SandStream|RockSlide,DragonDance,KnockOff,Protect|Adamant||F|||50|]Gholdengo||SitrusBerry|GoodasGold|NastyPlot,MakeItRain,ShadowBall,Protect|Modest|||||50|]Scovillain||Scovillainite|Chlorophyll|RagePowder,Overheat,GigaDrain,Protect|Modest||F|||50|]Sinistcha||KasibBerry|Hospitality|TrickRoom,LifeDew,RagePowder,MatchaGotcha|Relaxed|||||50|
|showteam|p2|Glimmora||Glimmoranite|ToxicDebris|EarthPower,SludgeBomb,PowerGem,SpikyShield|Modest||M|||50|]Whimsicott||OccaBerry|Prankster|Moonblast,Encore,Tailwind,Protect|Bold||F|||50|]Weavile||FocusSash|Pickpocket|IcicleCrash,KnockOff,Taunt,FakeOut|Adamant||M|||50|]Basculegion||SitrusBerry|Adaptability|LastRespects,WaveCrash,AquaJet,Protect|Adamant||M|||50|]Kommo-o||LifeOrb|Overcoat|ClangingScales,AuraSphere,VacuumWave,Protect|Modest||F|||50|]Charizard||CharizarditeY|Blaze|Protect,WeatherBall,HeatWave,SolarBeam|Modest||M|||50|
|inactive|Battle timer is ON: inactive players will automatically lose when time's up. (requested by SleepD2)
|inactive|clavicularvgc has 60 seconds left.
|
|t:|1785779288
|teamsize|p1|4
|teamsize|p2|4
|start
|switch|p1a: Incineroar|Incineroar, L50, M|100/100
|switch|p1b: Kommo-o|Kommo-o, L50, M|100/100
|switch|p2a: Kommo-o|Kommo-o, L50, F|100/100
|switch|p2b: Glimmora|Glimmora, L50, M|100/100
|-ability|p1a: Incineroar|Intimidate|boost
|-unboost|p2a: Kommo-o|atk|1
|-unboost|p2b: Glimmora|atk|1
|turn|1
|
|t:|1785779300
|switch|p2a: Whimsicott|Whimsicott, L50, F|100/100
|move|p1a: Incineroar|Fake Out|p2a: Whimsicott
|-crit|p2a: Whimsicott
|-damage|p2a: Whimsicott|78/100
|move|p2b: Glimmora|Power Gem|p1a: Incineroar
|-supereffective|p1a: Incineroar|1
|-damage|p1a: Incineroar|21/100
|move|p1b: Kommo-o|Clangorous Soul|p1b: Kommo-o
|-boost|p1b: Kommo-o|atk|1
|-boost|p1b: Kommo-o|def|1
|-boost|p1b: Kommo-o|spa|1
|-boost|p1b: Kommo-o|spd|1
|-boost|p1b: Kommo-o|spe|1
|-damage|p1b: Kommo-o|67/100
|
|-heal|p1b: Kommo-o|73/100|[from] item: Leftovers
|upkeep
|turn|2
|inactive|clavicularvgc has 30 seconds left.
|inactive|clavicularvgc has 20 seconds left.
|inactive|clavicularvgc has 15 seconds left.
|
|t:|1785779344
|switch|p1a: Scovillain|Scovillain, L50, F|100/100
|detailschange|p2b: Glimmora|Glimmora-Mega, L50, M
|-mega|p2b: Glimmora|Glimmora|Glimmoranite
|move|p1b: Kommo-o|Protect|p1b: Kommo-o
|-singleturn|p1b: Kommo-o|Protect
|move|p2a: Whimsicott|Encore|p1b: Kommo-o
|-activate|p1b: Kommo-o|move: Protect
|move|p2b: Glimmora|Power Gem|p1a: Scovillain
|-supereffective|p1a: Scovillain|1
|-crit|p1a: Scovillain
|-damage|p1a: Scovillain|0 fnt
|faint|p1a: Scovillain
|
|-heal|p1b: Kommo-o|79/100|[from] item: Leftovers
|upkeep
|
|t:|1785779345
|switch|p1a: Incineroar|Incineroar, L50, M|21/100
|-ability|p1a: Incineroar|Intimidate|boost
|-unboost|p2a: Whimsicott|atk|1
|-unboost|p2b: Glimmora|atk|1
|turn|3
|
|t:|1785779366
|move|p2a: Whimsicott|Protect|p2a: Whimsicott
|-singleturn|p2a: Whimsicott|Protect
|move|p2b: Glimmora|Spiky Shield|p2b: Glimmora
|-singleturn|p2b: Glimmora|move: Protect
|move|p1a: Incineroar|Fake Out|p2a: Whimsicott
|-activate|p2a: Whimsicott|move: Protect
|move|p1b: Kommo-o|Clanging Scales|p2a: Whimsicott|[spread] 
|-activate|p2a: Whimsicott|move: Protect
|-activate|p2b: Glimmora|move: Protect
|
|-heal|p1b: Kommo-o|85/100|[from] item: Leftovers
|upkeep
|turn|4
|
|t:|1785779376
|move|p2a: Whimsicott|Encore|p1b: Kommo-o
|-start|p1b: Kommo-o|Encore
|move|p1b: Kommo-o|Clanging Scales|p2a: Whimsicott|[spread] p2b
|-immune|p2a: Whimsicott
|-damage|p2b: Glimmora|44/100
|-unboost|p1b: Kommo-o|def|1
|move|p2b: Glimmora|Power Gem|p1a: Incineroar
|-supereffective|p1a: Incineroar|1
|-damage|p1a: Incineroar|0 fnt
|faint|p1a: Incineroar
|
|-heal|p1b: Kommo-o|91/100|[from] item: Leftovers
|upkeep
|
|t:|1785779377
|switch|p1a: Tyranitar|Tyranitar, L50, F|100/100
|-weather|Sandstorm|[from] ability: Sand Stream|[of] p1a: Tyranitar
|turn|5
|
|t:|1785779389
|detailschange|p1a: Tyranitar|Tyranitar-Mega, L50, F
|-mega|p1a: Tyranitar|Tyranitar|Tyranitarite
|move|p2a: Whimsicott|Tailwind|p2a: Whimsicott
|-sidestart|p2: SleepD2|move: Tailwind
|move|p2b: Glimmora|Earth Power|p1a: Tyranitar
|-supereffective|p1a: Tyranitar|1
|-damage|p1a: Tyranitar|60/100
|-unboost|p1a: Tyranitar|spd|1
|move|p1b: Kommo-o|Clanging Scales|p2b: Glimmora|[spread] p2b
|-immune|p2a: Whimsicott
|-damage|p2b: Glimmora|8/100
|-unboost|p1b: Kommo-o|def|1
|move|p1a: Tyranitar|Rock Slide|p2a: Whimsicott|[spread] p2a,p2b
|-crit|p2b: Glimmora
|-damage|p2a: Whimsicott|41/100
|-damage|p2b: Glimmora|0 fnt
|faint|p2b: Glimmora
|
|-weather|Sandstorm|[upkeep]
|-damage|p2a: Whimsicott|35/100|[from] Sandstorm
|-heal|p1b: Kommo-o|97/100|[from] item: Leftovers
|upkeep
|
|t:|1785779396
|switch|p2b: Basculegion|Basculegion, L50, M|100/100
|turn|6
|inactive|clavicularvgc has 30 seconds left.
|inactive|clavicularvgc has 20 seconds left.
|inactive|clavicularvgc has 15 seconds left.
|inactive|clavicularvgc has 10 seconds left.
|inactive|clavicularvgc has 5 seconds left.
|
|t:|1785779451
|move|p2a: Whimsicott|Moonblast|p1b: Kommo-o
|-supereffective|p1b: Kommo-o|2
|-damage|p1b: Kommo-o|31/100
|move|p2b: Basculegion|Wave Crash|p1a: Tyranitar
|-supereffective|p1a: Tyranitar|1
|-damage|p1a: Tyranitar|0 fnt
|faint|p1a: Tyranitar
|-damage|p2b: Basculegion|81/100|[from] Recoil
|move|p1b: Kommo-o|Clanging Scales|p2b: Basculegion|[spread] p2b
|-immune|p2a: Whimsicott
|-damage|p2b: Basculegion|17/100
|-enditem|p2b: Basculegion|Sitrus Berry|[eat]
|-heal|p2b: Basculegion|42/100|[from] item: Sitrus Berry
|-unboost|p1b: Kommo-o|def|1
|
|-weather|Sandstorm|[upkeep]
|-damage|p2a: Whimsicott|29/100|[from] Sandstorm
|-damage|p2b: Basculegion|36/100|[from] Sandstorm
|-heal|p1b: Kommo-o|37/100|[from] item: Leftovers
|-end|p1b: Kommo-o|Encore
|upkeep
|turn|7
|-message|clavicularvgc forfeited.
|
|win|SleepD2
||clavicularvgc is ready for game 2.
||SleepD2 is ready for game 2.
|uhtml|next|Next: Game 2 of 3
|l|☆SleepD2
|player|p2|
|j|☆SleepD2
|player|p2|SleepD2|102|
