|j|☆Uniursh
|j|☆weefus
|html|Uniurshweefus    
|uhtml|bestof|Game 1 of a best-of-3
|t:|1757108942
|gametype|doubles
|player|p1|Uniursh|170|
|player|p2|weefus|cynthia-gen4|
|gen|9
|tier|[Gen 9] VGC 2025 Reg H (Bo3)
|rule|Species Clause: Limit one of each Pokémon
|rule|Item Clause: Limit 1 of each item
|clearpoke
|poke|p1|Lilligant-Hisui, L50, F|
|poke|p1|Umbreon, L50, M|
|poke|p1|Volcarona, L50, F|
|poke|p1|Ninetales, L50, M|
|poke|p1|Jumpluff, L50, F|
|poke|p1|Ursaluna-Bloodmoon, L50, M|
|poke|p2|Malamar, L50, F|
|poke|p2|Sinistcha-Masterpiece, L50|
|poke|p2|Pelipper, L50, F|
|poke|p2|Archaludon, L50, F|
|poke|p2|Incineroar, L50, M|
|poke|p2|Basculegion, L50, M|
|teampreview|4
|showteam|p1|Lilligant-Hisui||WideLens|Chlorophyll|SolarBlade,CloseCombat,SleepPowder,TripleAxel|||F|||50|,,,,,Ghost]Umbreon||Leftovers|InnerFocus|FoulPlay,Snarl,Taunt,SkillSwap|||M|||50|,,,,,Water]Volcarona||SafetyGoggles|FlameBody|QuiverDance,FieryDance,BugBuzz,Protect|||F|||50|,,,,,Ghost]Ninetales||BlunderPolicy|Drought|WillOWisp,SolarBeam,HeatWave,SunnyDay|||M|||50|,,,,,Grass]Jumpluff||CovertCloak|Chlorophyll|Tailwind,SleepPowder,RagePowder,Encore|||F|||50|,,,,,Dark]Ursaluna-Bloodmoon||AssaultVest|MindsEye|EarthPower,BloodMoon,HyperVoice,VacuumWave|||M|||50|,,,,,Normal
|showteam|p2|Malamar||SitrusBerry|Contrary|Superpower,ThroatChop,SkillSwap,Protect|||F|||50|,,,,,Steel]Sinistcha-Masterpiece||RockyHelmet|Hospitality|MatchaGotcha,StrengthSap,RagePowder,LeafStorm||||||50|,,,,,Water]Pelipper||FocusSash|Drizzle|WeatherBall,Hurricane,WideGuard,Tailwind|||F|||50|,,,,,Ghost]Archaludon||PowerHerb|Stamina|ElectroShot,DracoMeteor,FlashCannon,Protect|||F|||50|,,,,,Electric]Incineroar||SafetyGoggles|Intimidate|FakeOut,KnockOff,FlareBlitz,PartingShot|||M|||50|,,,,,Ghost]Basculegion||ChoiceBand|SwiftSwim|WaveCrash,FlipTurn,AquaJet,LastRespects|||M|||50|,,,,,Water
|
|t:|1757109035
|teamsize|p1|4
|teamsize|p2|4
|start
|switch|p1a: Miles|Ninetales, L50, M|100/100
|switch|p1b: Carnifax|Umbreon, L50, M|100/100
|switch|p2a: Pelipper|Pelipper, L50, F|100/100
|switch|p2b: Basculegion|Basculegion, L50, M|100/100
|-weather|SunnyDay|[from] ability: Drought|[of] p1a: Miles
|-weather|RainDance|[from] ability: Drizzle|[of] p2a: Pelipper
|turn|1
|
|t:|1757109077
|-terastallize|p2b: Basculegion|Water
|-terastallize|p1a: Miles|Grass
|move|p2b: Basculegion|Aqua Jet|p1a: Miles
|-resisted|p1a: Miles
|-damage|p1a: Miles|63/100
|move|p1a: Miles|Will-O-Wisp|p2b: Basculegion
|-status|p2b: Basculegion|brn
|move|p2a: Pelipper|Tailwind|p2a: Pelipper
|-sidestart|p2: weefus|move: Tailwind
|move|p1b: Carnifax|Skill Swap|p1a: Miles
|-activate|p1b: Carnifax|move: Skill Swap|||[of] p1a: Miles
|-weather|SunnyDay|[from] ability: Drought|[of] p1b: Carnifax
|
|-weather|SunnyDay|[upkeep]
|-damage|p2b: Basculegion|94/100 brn|[from] brn
|upkeep
|turn|2
|
|t:|1757109137
|switch|p2b: Archaludon|Archaludon, L50, F|100/100
|move|p2a: Pelipper|Hurricane|p1a: Miles
|-supereffective|p1a: Miles
|-crit|p1a: Miles
|-damage|p1a: Miles|0 fnt
|faint|p1a: Miles
|move|p1b: Carnifax|Taunt|p2a: Pelipper
|-start|p2a: Pelipper|move: Taunt
|
|-weather|SunnyDay|[upkeep]
|upkeep
|
|t:|1757109153
|switch|p1a: Benadryl|Jumpluff, L50, F|100/100
|turn|3
|
|t:|1757109171
|move|p1a: Benadryl|Tailwind|p1a: Benadryl
|-sidestart|p1: Uniursh|move: Tailwind
|move|p2a: Pelipper|Weather Ball|p1a: Benadryl
|-supereffective|p1a: Benadryl
|-crit|p1a: Benadryl
|-damage|p1a: Benadryl|0 fnt
|faint|p1a: Benadryl
|move|p2b: Archaludon|Electro Shot||[still]
|-prepare|p2b: Archaludon|Electro Shot
|-boost|p2b: Archaludon|spa|1
|-enditem|p2b: Archaludon|Power Herb
|-anim|p2b: Archaludon|Electro Shot|p1b: Carnifax
|-damage|p1b: Carnifax|54/100
|move|p1b: Carnifax|Skill Swap|p1: Benadryl|[notarget]
|-fail|p1b: Carnifax
|
|-weather|SunnyDay|[upkeep]
|-heal|p1b: Carnifax|60/100|[from] item: Leftovers
|upkeep
|
|t:|1757109185
|switch|p1a: FullMetalAlchemist|Ursaluna-Bloodmoon, L50, M|100/100
|turn|4
|
|t:|1757109239
|switch|p2a: Malamar|Malamar, L50, F|100/100
|move|p2b: Archaludon|Protect|p2b: Archaludon
|-singleturn|p2b: Archaludon|Protect
|move|p1b: Carnifax|Snarl|p2b: Archaludon|[spread] p2a
|-activate|p2b: Archaludon|move: Protect
|-damage|p2a: Malamar|91/100
|-boost|p2a: Malamar|spa|1
|move|p1a: FullMetalAlchemist|Earth Power|p2b: Archaludon
|-activate|p2b: Archaludon|move: Protect
|
|-weather|SunnyDay|[upkeep]
|-heal|p1b: Carnifax|66/100|[from] item: Leftovers
|-sideend|p2: weefus|move: Tailwind
|upkeep
|turn|5
|
|t:|1757109270
|switch|p2b: Pelipper|Pelipper, L50, F|100/100
|-weather|RainDance|[from] ability: Drizzle|[of] p2b: Pelipper
|move|p1b: Carnifax|Skill Swap|p2b: Pelipper
|-activate|p1b: Carnifax|move: Skill Swap|Drizzle|Drought|[of] p2b: Pelipper
|-weather|SunnyDay|[from] ability: Drought|[of] p2b: Pelipper
|move|p1a: FullMetalAlchemist|Earth Power|p2b: Pelipper
|-immune|p2b: Pelipper
|move|p2a: Malamar|Superpower|p1a: FullMetalAlchemist
|-supereffective|p1a: FullMetalAlchemist
|-damage|p1a: FullMetalAlchemist|63/100
|-boost|p2a: Malamar|atk|1
|-boost|p2a: Malamar|def|1
|
|-weather|SunnyDay|[upkeep]
|-heal|p1b: Carnifax|72/100|[from] item: Leftovers
|upkeep
|turn|6
|
|t:|1757109322
|move|p1b: Carnifax|Taunt|p2b: Pelipper
|-start|p2b: Pelipper|move: Taunt
|move|p1a: FullMetalAlchemist|Hyper Voice|p2a: Malamar|[spread] p2a,p2b
|-damage|p2a: Malamar|57/100
|-damage|p2b: Pelipper|37/100
|cant|p2b: Pelipper|move: Taunt|Tailwind
|move|p2a: Malamar|Skill Swap|p1b: Carnifax
|-activate|p2a: Malamar|move: Skill Swap|Drizzle|Contrary|[of] p1b: Carnifax
|-weather|RainDance|[from] ability: Drizzle|[of] p2a: Malamar
|
|-weather|RainDance|[upkeep]
|-heal|p1b: Carnifax|78/100|[from] item: Leftovers
|-sideend|p1: Uniursh|move: Tailwind
|upkeep
|turn|7
|
|t:|1757109345
|switch|p2b: Archaludon|Archaludon, L50, F|100/100
|move|p2a: Malamar|Superpower|p1b: Carnifax
|-supereffective|p1b: Carnifax
|-damage|p1b: Carnifax|26/100
|-unboost|p2a: Malamar|atk|1
|-unboost|p2a: Malamar|def|1
|move|p1b: Carnifax|Skill Swap|p2b: Archaludon
|-activate|p1b: Carnifax|move: Skill Swap|Stamina|Contrary|[of] p2b: Archaludon
|move|p1a: FullMetalAlchemist|Hyper Voice|p2a: Malamar|[spread] p2a,p2b
|-resisted|p2b: Archaludon
|-damage|p2a: Malamar|26/100
|-damage|p2b: Archaludon|80/100
|-enditem|p2a: Malamar|Sitrus Berry|[eat]
|-heal|p2a: Malamar|51/100|[from] item: Sitrus Berry
|
|-weather|RainDance|[upkeep]
|-heal|p1b: Carnifax|32/100|[from] item: Leftovers
|upkeep
|turn|8
|
|t:|1757109386
|move|p2a: Malamar|Superpower|p1b: Carnifax
|-supereffective|p1b: Carnifax
|-damage|p1b: Carnifax|0 fnt
|-unboost|p2a: Malamar|atk|1
|-unboost|p2a: Malamar|def|1
|faint|p1b: Carnifax
|move|p2b: Archaludon|Draco Meteor|p1a: FullMetalAlchemist
|-damage|p1a: FullMetalAlchemist|11/100
|-boost|p2b: Archaludon|spa|2
|move|p1a: FullMetalAlchemist|Earth Power|p2b: Archaludon
|-supereffective|p2b: Archaludon
|-damage|p2b: Archaludon|0 fnt
|faint|p2b: Archaludon
|
|-weather|RainDance|[upkeep]
|upkeep
|
|t:|1757109400
|switch|p2b: Basculegion|Basculegion, L50, M, tera:Water|94/100 brn
|turn|9
|
|t:|1757109408
|move|p2b: Basculegion|Aqua Jet|p1a: FullMetalAlchemist
|-supereffective|p1a: FullMetalAlchemist
|-damage|p1a: FullMetalAlchemist|0 fnt
|faint|p1a: FullMetalAlchemist
|
|win|weefus
||Uniursh is ready for game 2.
||weefus is ready for game 2.
|uhtml|next|Next: Game 2 of 3
|l|☆weefus
|player|p2|
|j|☆weefus
|player|p2|weefus|cynthia-gen4|
