|j|☆The Bradicus
|j|☆elpurole
|html|The Bradicuselpurole    
|uhtml|bestof|Game 2 of a best-of-3
|t:|1784069674
|gametype|doubles
|player|p1|The Bradicus|richboy-gen6xy|1222
|player|p2|elpurole|koga|1085
|gen|9
|tier|[Gen 9 Champions] VGC 2026 Reg M-B (Bo3)
|rated|
|rule|Species Clause: Limit one of each Pokémon
|rule|Item Clause: Limit 1 of each item
|clearpoke
|poke|p1|Annihilape, L50, M|
|poke|p1|Incineroar, L50, F|
|poke|p1|Glimmora, L50, F|
|poke|p1|Whimsicott, L50, M|
|poke|p1|Metagross, L50|
|poke|p1|Sinistcha-Masterpiece, L50|
|poke|p2|Gengar, L50, M|
|poke|p2|Incineroar, L50, M|
|poke|p2|Sylveon, L50, M|
|poke|p2|Sneasler, L50, M|
|poke|p2|Swampert, L50, F|
|poke|p2|Politoed, L50, M|
|teampreview|4
|showteam|p1|Annihilape||ChoiceScarf|Defiant|CloseCombat,ShadowClaw,Coaching,Uturn|Adamant||M|||50|]Incineroar||SitrusBerry|Intimidate|FlareBlitz,DarkestLariat,FakeOut,PartingShot|Impish||F|||50|]Glimmora||Glimmoranite|ToxicDebris|SludgeBomb,PowerGem,DazzlingGleam,SpikyShield|Timid||F|||50|]Whimsicott||FocusSash|Prankster|Moonblast,Encore,Tailwind,Protect|Timid||M|||50|]Metagross||Metagrossite|ClearBody|PsychicFangs,IronHead,IcePunch,Protect|Jolly|||||50|]Sinistcha-Masterpiece||Leftovers|Hospitality|MatchaGotcha,RagePowder,TrickRoom,Protect|Calm|||||50|
|showteam|p2|Gengar||Gengarite|CursedBody|PerishSong,ShadowBall,Protect,SludgeWave|Timid||M|||50|]Incineroar||ChopleBerry|Intimidate|FakeOut,DarkestLariat,PartingShot,Protect|Calm||M|||50|]Sylveon||LifeOrb|Pixilate|QuickAttack,HyperBeam,HyperVoice,Protect|Modest||M|||50|]Sneasler||WhiteHerb|Unburden|FakeOut,CloseCombat,DireClaw,Protect|Jolly||M|||50|]Swampert||Swampertite|Torrent|WaveCrash,HighHorsepower,KnockOff,Protect|Adamant||F|||50|]Politoed||SitrusBerry|Drizzle|PerishSong,WeatherBall,IceBeam,Protect|Modest||M|||50|
|inactive|Battle timer is ON: inactive players will automatically lose when time's up. (requested by The Bradicus)
|
|t:|1784069685
|teamsize|p1|4
|teamsize|p2|4
|start
|switch|p1a: Annihilape|Annihilape, L50, M|100/100
|switch|p1b: Incineroar|Incineroar, L50, F|100/100
|switch|p2a: Swampert|Swampert, L50, F|100/100
|switch|p2b: Politoed|Politoed, L50, M|100/100
|-weather|RainDance|[from] ability: Drizzle|[of] p2b: Politoed
|-ability|p1b: Incineroar|Intimidate|boost
|-unboost|p2a: Swampert|atk|1
|-unboost|p2b: Politoed|atk|1
|turn|1
|inactive|The Bradicus has 30 seconds left.
|
|t:|1784069710
|switch|p2a: Sylveon|Sylveon, L50, M|100/100
|move|p1b: Incineroar|Fake Out|p2a: Sylveon
|-damage|p2a: Sylveon|83/100
|move|p1a: Annihilape|Close Combat|p2b: Politoed
|-damage|p2b: Politoed|26/100
|-unboost|p1a: Annihilape|def|1
|-unboost|p1a: Annihilape|spd|1
|-enditem|p2b: Politoed|Sitrus Berry|[eat]
|-heal|p2b: Politoed|51/100|[from] item: Sitrus Berry
|move|p2b: Politoed|Weather Ball|p1b: Incineroar
|-supereffective|p1b: Incineroar|1
|-damage|p1b: Incineroar|0 fnt
|faint|p1b: Incineroar
|
|-weather|RainDance|[upkeep]
|upkeep
|
|t:|1784069714
|switch|p1b: Sinistcha|Sinistcha-Masterpiece, L50|100/100
|turn|2
|
|t:|1784069732
|switch|p1a: Metagross|Metagross, L50|100/100
|switch|p2b: Incineroar|Incineroar, L50, M|100/100
|-ability|p2b: Incineroar|Intimidate|boost
|-fail|p1a: Metagross|unboost|[from] ability: Clear Body|[of] p1a: Metagross
|-unboost|p1b: Sinistcha|atk|1
|move|p1b: Sinistcha|Matcha Gotcha|p2a: Sylveon|[spread] p2b
|-miss|p1b: Sinistcha|p2a: Sylveon
|-resisted|p2b: Incineroar|1
|-damage|p2b: Incineroar|90/100
|move|p2a: Sylveon|Hyper Voice|p1b: Sinistcha|[spread] p1a,p1b
|-resisted|p1a: Metagross|1
|-damage|p1a: Metagross|68/100
|-damage|p1b: Sinistcha|53/100
|-damage|p2a: Sylveon|73/100|[from] item: Life Orb
|
|-weather|RainDance|[upkeep]
|-heal|p1b: Sinistcha|60/100|[from] item: Leftovers
|upkeep
|turn|3
|
|t:|1784069754
|move|p1a: Metagross|Protect|p1a: Metagross
|-singleturn|p1a: Metagross|Protect
|move|p1b: Sinistcha|Protect|p1b: Sinistcha
|-singleturn|p1b: Sinistcha|Protect
|move|p2b: Incineroar|Fake Out|p1a: Metagross
|-activate|p1a: Metagross|move: Protect
|move|p2a: Sylveon|Hyper Voice|p1a: Metagross|[spread] 
|-activate|p1a: Metagross|move: Protect
|-activate|p1b: Sinistcha|move: Protect
|
|-weather|RainDance|[upkeep]
|-heal|p1b: Sinistcha|66/100|[from] item: Leftovers
|upkeep
|turn|4
|
|t:|1784069767
|detailschange|p1a: Metagross|Metagross-Mega, L50
|-mega|p1a: Metagross|Metagross|Metagrossite
|move|p1a: Metagross|Iron Head|p2a: Sylveon
|-supereffective|p2a: Sylveon|1
|-crit|p2a: Sylveon
|-damage|p2a: Sylveon|0 fnt
|faint|p2a: Sylveon
|move|p1b: Sinistcha|Matcha Gotcha|p2b: Incineroar
|-resisted|p2b: Incineroar|1
|-damage|p2b: Incineroar|77/100
|-heal|p1b: Sinistcha|72/100|[from] drain|[of] p2b: Incineroar
|move|p2b: Incineroar|Darkest Lariat|p1a: Metagross
|-supereffective|p1a: Metagross|1
|-damage|p1a: Metagross|20/100y
|
|-weather|RainDance|[upkeep]
|-heal|p1b: Sinistcha|78/100|[from] item: Leftovers
|upkeep
|
|t:|1784069783
|switch|p2a: Swampert|Swampert, L50, F|100/100
|turn|5
|
|t:|1784069797
|detailschange|p2a: Swampert|Swampert-Mega, L50, F
|-mega|p2a: Swampert|Swampert|Swampertite
|move|p2a: Swampert|Protect|p2a: Swampert
|-singleturn|p2a: Swampert|Protect
|move|p1a: Metagross|Protect|p1a: Metagross
|-singleturn|p1a: Metagross|Protect
|move|p1b: Sinistcha|Protect|p1b: Sinistcha
|-singleturn|p1b: Sinistcha|Protect
|move|p2b: Incineroar|Protect||[still]
|-fail|p2b: Incineroar
|
|-weather|none
|-heal|p1b: Sinistcha|84/100|[from] item: Leftovers
|upkeep
|turn|6
|inactive|The Bradicus has 30 seconds left.
|inactive|elpurole has 30 seconds left.
|
|t:|1784069844
|switch|p2b: Politoed|Politoed, L50, M|51/100
|-weather|RainDance|[from] ability: Drizzle|[of] p2b: Politoed
|move|p2a: Swampert|Wave Crash|p1a: Metagross
|-damage|p1a: Metagross|0 fnt
|faint|p1a: Metagross
|-damage|p2a: Swampert|93/100|[from] Recoil
|move|p1b: Sinistcha|Matcha Gotcha|p2a: Swampert|[spread] p2a,p2b
|-supereffective|p2a: Swampert|2
|-supereffective|p2b: Politoed|1
|-damage|p2a: Swampert|0 fnt
|-heal|p1b: Sinistcha|100/100|[from] drain|[of] p2a: Swampert
|-damage|p2b: Politoed|10/100
|faint|p2a: Swampert
|
|-weather|RainDance|[upkeep]
|upkeep
|
|t:|1784069854
|switch|p1a: Annihilape|Annihilape, L50, M|100/100
|switch|p2a: Incineroar|Incineroar, L50, M|77/100
|-ability|p2a: Incineroar|Intimidate|boost
|-unboost|p1a: Annihilape|atk|1
|-ability|p1a: Annihilape|Defiant|boost
|-boost|p1a: Annihilape|atk|2
|-unboost|p1b: Sinistcha|atk|1
|turn|7
|
|t:|1784069869
|move|p1b: Sinistcha|Rage Powder|p1b: Sinistcha
|-singleturn|p1b: Sinistcha|move: Rage Powder
|move|p1a: Annihilape|Close Combat|p2a: Incineroar
|-supereffective|p2a: Incineroar|1
|-enditem|p2a: Incineroar|Chople Berry|[eat]
|-enditem|p2a: Incineroar|Chople Berry|[weaken]
|-damage|p2a: Incineroar|1/100
|-unboost|p1a: Annihilape|def|1
|-unboost|p1a: Annihilape|spd|1
|move|p2b: Politoed|Weather Ball|p1b: Sinistcha
|-resisted|p1b: Sinistcha|1
|-damage|p1b: Sinistcha|71/100
|move|p2a: Incineroar|Darkest Lariat|p1b: Sinistcha
|-supereffective|p1b: Sinistcha|1
|-damage|p1b: Sinistcha|20/100y
|
|-weather|RainDance|[upkeep]
|-heal|p1b: Sinistcha|26/100|[from] item: Leftovers
|upkeep
|turn|8
|
|t:|1784069882
|move|p1a: Annihilape|Close Combat|p2b: Politoed
|-damage|p2b: Politoed|0 fnt
|-unboost|p1a: Annihilape|def|1
|-unboost|p1a: Annihilape|spd|1
|faint|p2b: Politoed
|move|p1b: Sinistcha|Matcha Gotcha|p2a: Incineroar
|-resisted|p2a: Incineroar|1
|-damage|p2a: Incineroar|0 fnt
|-heal|p1b: Sinistcha|27/100|[from] drain|[of] p2a: Incineroar
|faint|p2a: Incineroar
|
|win|The Bradicus
|raw|The Bradicus's rating: 1222 → 1238(+16 for winning)
|raw|elpurole's rating: 1085 → 1071(-14 for losing)
|l|☆elpurole
|player|p2|
