|j|☆vikaenjoyer
|j|☆Notaplaceofhonor
|html|vikaenjoyerNotaplaceofhonor    
|uhtml|bestof|Game 1 of a best-of-3
|t:|1756276583
|gametype|doubles
|player|p1|vikaenjoyer|101|1119
|player|p2|Notaplaceofhonor|juan-gen3|1166
|gen|9
|tier|[Gen 9] VGC 2025 Reg H (Bo3)
|rated|
|rule|Species Clause: Limit one of each Pokémon
|rule|Item Clause: Limit 1 of each item
|clearpoke
|poke|p1|Gholdengo, L50|
|poke|p1|Magmar, L50, F|
|poke|p1|Rillaboom, L50, F|
|poke|p1|Altaria, L50, F|
|poke|p1|Primarina, L50, M|
|poke|p1|Sneasler, L50, M|
|poke|p2|Ursaluna, L50, M|
|poke|p2|Incineroar, L50, M|
|poke|p2|Porygon2, L50|
|poke|p2|Jumpluff, L50, F|
|poke|p2|Gholdengo, L50|
|poke|p2|Sneasler, L50, M|
|teampreview|4
|showteam|p1|Gholdengo||LifeOrb|GoodasGold|Protect,MakeItRain,ShadowBall,NastyPlot||||||50|,,,,,Water]Magmar||Eviolite|VitalSpirit|Psychic,HeatWave,WillOWisp,FollowMe|||F|||50|,,,,,Ghost]Rillaboom||AssaultVest|GrassySurge|FakeOut,WoodHammer,GrassyGlide,Uturn|||F|||50|,,,,,Fire]Altaria||RockyHelmet|CloudNine|Protect,Tailwind,HelpingHand,Moonblast|||F|||50|,,,,,Fairy]Primarina||SitrusBerry|LiquidVoice|Protect,HyperVoice,Moonblast,Haze|||M|||50|,,,,,Water]Sneasler||WhiteHerb|Unburden|Protect,DireClaw,CloseCombat,ThroatChop|||M|||50|,,,,,Dark
|showteam|p2|Ursaluna||FlameOrb|Guts|Protect,Facade,Earthquake,HeadlongRush|||M|||50|,,,,,Ghost]Incineroar||SafetyGoggles|Intimidate|FlareBlitz,FakeOut,KnockOff,PartingShot|||M|||50|,,,,,Ghost]Porygon2||Eviolite|Download|Recover,TeraBlast,IceBeam,TrickRoom||||||50|,,,,,Fighting]Jumpluff||CovertCloak|Chlorophyll|SleepPowder,Tailwind,PollenPuff,RagePowder|||F|||50|,,,,,Water]Gholdengo||LifeOrb|GoodasGold|Protect,NastyPlot,MakeItRain,ShadowBall||||||50|,,,,,Steel]Sneasler||FocusSash|Unburden|Protect,CloseCombat,DireClaw,ThroatChop|||M|||50|,,,,,Stellar
|inactive|Battle timer is ON: inactive players will automatically lose when time's up. (requested by vikaenjoyer)
|inactive|vikaenjoyer has 60 seconds left.
|
|t:|1756276640
|teamsize|p1|4
|teamsize|p2|4
|start
|switch|p1a: Sneasler|Sneasler, L50, M|100/100
|switch|p1b: Rillaboom|Rillaboom, L50, F|100/100
|switch|p2a: Jumpluff|Jumpluff, L50, F|100/100
|switch|p2b: Sneasler|Sneasler, L50, M|100/100
|-fieldstart|move: Grassy Terrain|[from] ability: Grassy Surge|[of] p1b: Rillaboom
|turn|1
|inactive|Notaplaceofhonor has 30 seconds left.
|
|t:|1756276671
|switch|p2b: Gholdengo|Gholdengo, L50|100/100
|move|p1b: Rillaboom|Fake Out|p2b: Gholdengo
|-immune|p2b: Gholdengo
|move|p2a: Jumpluff|Sleep Powder|p1a: Sneasler
|-status|p1a: Sneasler|slp|[from] move: Sleep Powder
|cant|p1a: Sneasler|slp
|
|upkeep
|turn|2
|
|t:|1756276686
|move|p2a: Jumpluff|Tailwind|p2a: Jumpluff
|-sidestart|p2: Notaplaceofhonor|move: Tailwind
|move|p2b: Gholdengo|Nasty Plot|p2b: Gholdengo
|-boost|p2b: Gholdengo|spa|2
|cant|p1a: Sneasler|slp
|move|p1b: Rillaboom|U-turn|p2b: Gholdengo
|-resisted|p2b: Gholdengo
|-damage|p2b: Gholdengo|94/100
|
|t:|1756276691
|switch|p1b: Magmar|Magmar, L50, F|100/100|[from] U-turn
|
|-heal|p2b: Gholdengo|99/100|[from] Grassy Terrain
|upkeep
|turn|3
|
|t:|1756276709
|-terastallize|p2b: Gholdengo|Steel
|move|p2a: Jumpluff|Rage Powder|p2a: Jumpluff
|-singleturn|p2a: Jumpluff|move: Rage Powder
|move|p2b: Gholdengo|Make It Rain|p1a: Sneasler|[spread] p1a,p1b
|-resisted|p1b: Magmar
|-damage|p1a: Sneasler|0 fnt
|-damage|p1b: Magmar|29/100
|-unboost|p2b: Gholdengo|spa|1
|faint|p1a: Sneasler
|-damage|p2b: Gholdengo|90/100|[from] item: Life Orb
|move|p1b: Magmar|Heat Wave|p2a: Jumpluff|[spread] p2a,p2b
|-supereffective|p2a: Jumpluff
|-supereffective|p2b: Gholdengo
|-damage|p2a: Jumpluff|48/100
|-damage|p2b: Gholdengo|35/100
|
|-heal|p2b: Gholdengo|41/100|[from] Grassy Terrain
|-heal|p1b: Magmar|34/100|[from] Grassy Terrain
|upkeep
|
|t:|1756276725
|switch|p1a: Gholdengo|Gholdengo, L50|100/100
|turn|4
|inactive|vikaenjoyer has 30 seconds left.
|
|t:|1756276752
|-terastallize|p1a: Gholdengo|Water
|move|p2a: Jumpluff|Pollen Puff|p2b: Gholdengo
|-heal|p2b: Gholdengo|91/100
|move|p2b: Gholdengo|Make It Rain|p1a: Gholdengo|[spread] p1a,p1b
|-resisted|p1a: Gholdengo
|-resisted|p1b: Magmar
|-damage|p1a: Gholdengo|32/100
|-damage|p1b: Magmar|0 fnt
|-unboost|p2b: Gholdengo|spa|1
|faint|p1b: Magmar
|-damage|p2b: Gholdengo|81/100|[from] item: Life Orb
|move|p1a: Gholdengo|Nasty Plot|p1a: Gholdengo
|-boost|p1a: Gholdengo|spa|2
|
|-heal|p2b: Gholdengo|87/100|[from] Grassy Terrain
|-heal|p1a: Gholdengo|38/100|[from] Grassy Terrain
|upkeep
|
|t:|1756276757
|switch|p1b: Rillaboom|Rillaboom, L50, F|100/100
|turn|5
|inactive|Notaplaceofhonor has 30 seconds left.
|inactive|Notaplaceofhonor has 20 seconds left.
|inactive|Notaplaceofhonor has 15 seconds left.
|
|t:|1756276798
|move|p1b: Rillaboom|Fake Out|p2b: Gholdengo
|-resisted|p2b: Gholdengo
|-damage|p2b: Gholdengo|79/100
|move|p2a: Jumpluff|Rage Powder|p2a: Jumpluff
|-singleturn|p2a: Jumpluff|move: Rage Powder
|cant|p2b: Gholdengo|flinch
|move|p1a: Gholdengo|Make It Rain|p2b: Gholdengo|[spread] p2a,p2b
|-resisted|p2b: Gholdengo
|-damage|p2a: Jumpluff|0 fnt
|-damage|p2b: Gholdengo|15/100
|-unboost|p1a: Gholdengo|spa|1
|faint|p2a: Jumpluff
|-damage|p1a: Gholdengo|28/100|[from] item: Life Orb
|
|-heal|p2b: Gholdengo|21/100|[from] Grassy Terrain
|-heal|p1a: Gholdengo|35/100|[from] Grassy Terrain
|-sideend|p2: Notaplaceofhonor|move: Tailwind
|-fieldend|move: Grassy Terrain
|upkeep
|
|t:|1756276807
|switch|p2a: Sneasler|Sneasler, L50, M|100/100
|turn|6
|
|t:|1756276824
|move|p2a: Sneasler|Dire Claw|p1b: Rillaboom
|-supereffective|p1b: Rillaboom
|-damage|p1b: Rillaboom|16/100
|move|p2b: Gholdengo|Shadow Ball|p1a: Gholdengo
|-damage|p1a: Gholdengo|0 fnt
|faint|p1a: Gholdengo
|-damage|p2b: Gholdengo|12/100|[from] item: Life Orb
|move|p1b: Rillaboom|Wood Hammer|p2b: Gholdengo
|-resisted|p2b: Gholdengo
|-damage|p2b: Gholdengo|0 fnt
|faint|p2b: Gholdengo
|-damage|p1b: Rillaboom|13/100|[from] Recoil
|
|upkeep
|
|t:|1756276835
|switch|p2b: Ursaluna|Ursaluna, L50, M|100/100
|turn|7
|
|t:|1756276840
|move|p2a: Sneasler|Dire Claw|p1b: Rillaboom
|-supereffective|p1b: Rillaboom
|-damage|p1b: Rillaboom|0 fnt
|faint|p1b: Rillaboom
|
|win|Notaplaceofhonor
