|j|☆aboc2399
|j|☆JaviiRiva_
|html|aboc2399JaviiRiva_    
|uhtml|bestof|Game 2 of a best-of-3
|t:|1785115741
|gametype|doubles
|player|p1|aboc2399|winona|
|player|p2|JaviiRiva_|lucas|
|gen|9
|tier|[Gen 9 Champions] VGC 2026 Reg M-B (Bo3)
|rule|Species Clause: Limit one of each Pokémon
|rule|Item Clause: Limit 1 of each item
|clearpoke
|poke|p1|Maushold-Four, L50, shiny|
|poke|p1|Delphox, L50, F|
|poke|p1|Mamoswine, L50, F|
|poke|p1|Meowscarada, L50, F, shiny|
|poke|p1|Goodra-Hisui, L50, F|
|poke|p1|Annihilape, L50, F, shiny|
|poke|p2|Gallade, L50, M|
|poke|p2|Arcanine-Hisui, L50, F|
|poke|p2|Milotic, L50, F|
|poke|p2|Serperior, L50, M|
|poke|p2|Tinkaton, L50, F|
|poke|p2|Aegislash, L50, M|
|teampreview|4
|showteam|p1|Maushold-Four||ChopleBerry|FriendGuard|Protect,Feint,HelpingHand,FollowMe|Impish|||||50|]Delphox||Delphoxite|Magician|HeatWave,Psyshock,NastyPlot,Protect|Modest||F|||50|]Mamoswine||FocusSash|Oblivious|HighHorsepower,IceShard,IcicleCrash,Protect|Jolly||F|||50|]Meowscarada||LifeOrb|Overgrow|FlowerTrick,KnockOff,PlayRough,Protect|Jolly||F|||50|]Goodra-Hisui||Leftovers|ShellArmor|LifeDew,Shelter,BodyPress,Protect|Impish||F|||50|]Annihilape||KasibBerry|Defiant|BulkUp,DrainPunch,RageFist,Protect|Careful||F|||50|
|showteam|p2|Gallade||Galladite|Steadfast|PsychoCut,SacredSword,SwordsDance,Protect|Adamant||M|||50|]Arcanine-Hisui||FocusSash|Intimidate|RockSlide,FlareBlitz,StealthRock,Protect|Jolly||F|||50|]Milotic||Leftovers|Competitive|IceBeam,Scald,Recover,LightScreen|Calm||F|||50|]Serperior||WideLens|Contrary|LeafStorm,Reflect,CalmMind,Protect|Timid||M|||50|]Tinkaton||LifeOrb|MoldBreaker|GigatonHammer,PlayRough,FakeOut,Substitute|Adamant||F|||50|]Aegislash||ExpertBelt|StanceChange|KingsShield,Poltergeist,ShadowBall,IronHead|Brave||M|||50|
|j| EGG_dude
|j| PorygonTheBot
|c| PorygonTheBot|I hope I win!
|
|t:|1785115884
|teamsize|p1|4
|teamsize|p2|4
|start
|switch|p1a: Annihilape|Annihilape, L50, F, shiny|100/100
|switch|p1b: Maushold|Maushold-Four, L50, shiny|100/100
|switch|p2a: Milotic|Milotic, L50, F|100/100
|switch|p2b: Aegislash|Aegislash, L50, M|100/100
|turn|1
|
|t:|1785115997
|move|p2b: Aegislash|King's Shield|p2b: Aegislash
|-singleturn|p2b: Aegislash|Protect
|move|p1b: Maushold|Follow Me|p1b: Maushold
|-singleturn|p1b: Maushold|move: Follow Me
|move|p1a: Annihilape|Bulk Up|p1a: Annihilape
|-boost|p1a: Annihilape|atk|1
|-boost|p1a: Annihilape|def|1
|move|p2a: Milotic|Scald|p1b: Maushold
|-damage|p1b: Maushold|68/100
|-status|p1b: Maushold|brn
|
|-damage|p1b: Maushold|62/100 brn|[from] brn
|upkeep
|turn|2
|
|t:|1785116030
|move|p1b: Maushold|Helping Hand|p1a: Annihilape
|-singleturn|p1a: Annihilape|Helping Hand|[of] p1b: Maushold
|move|p1a: Annihilape|Rage Fist|p2b: Aegislash
|-supereffective|p2b: Aegislash|1
|-damage|p2b: Aegislash|13/100
|move|p2a: Milotic|Scald|p1a: Annihilape
|-damage|p1a: Annihilape|81/100
|-formechange|p2b: Aegislash|Aegislash-Blade|
|move|p2b: Aegislash|Shadow Ball|p1a: Annihilape
|-supereffective|p1a: Annihilape|1
|-enditem|p1a: Annihilape|Kasib Berry|[eat]
|-enditem|p1a: Annihilape|Kasib Berry|[weaken]
|-damage|p1a: Annihilape|54/100
|-unboost|p1a: Annihilape|spd|1
|-ability|p1a: Annihilape|Defiant|boost
|-boost|p1a: Annihilape|atk|2
|
|-damage|p1b: Maushold|56/100 brn|[from] brn
|upkeep
|turn|3
|
|t:|1785116110
|-formechange|p2b: Aegislash|Aegislash|
|move|p2b: Aegislash|King's Shield|p2b: Aegislash
|-singleturn|p2b: Aegislash|Protect
|move|p1b: Maushold|Follow Me|p1b: Maushold
|-singleturn|p1b: Maushold|move: Follow Me
|move|p1a: Annihilape|Rage Fist|p2b: Aegislash
|-activate|p2b: Aegislash|move: Protect
|-unboost|p1a: Annihilape|atk|1
|-ability|p1a: Annihilape|Defiant|boost
|-boost|p1a: Annihilape|atk|2
|move|p2a: Milotic|Scald|p1b: Maushold
|-damage|p1b: Maushold|28/100 brn
|
|-damage|p1b: Maushold|22/100 brn|[from] brn
|upkeep
|turn|4
|
|t:|1785116238
|move|p1b: Maushold|Helping Hand|p1a: Annihilape
|-singleturn|p1a: Annihilape|Helping Hand|[of] p1b: Maushold
|move|p1a: Annihilape|Rage Fist|p2a: Milotic
|-damage|p2a: Milotic|0 fnt
|faint|p2a: Milotic
|-formechange|p2b: Aegislash|Aegislash-Blade|
|move|p2b: Aegislash|Shadow Ball|p1a: Annihilape
|-supereffective|p1a: Annihilape|1
|-damage|p1a: Annihilape|0 fnt
|faint|p1a: Annihilape
|
|-damage|p1b: Maushold|16/100 brn|[from] brn
|upkeep
|
|t:|1785116315
|switch|p1a: Delphox|Delphox, L50, F|100/100
|switch|p2a: Gallade|Gallade, L50, M|100/100
|turn|5
|
|t:|1785116398
|detailschange|p1a: Delphox|Delphox-Mega, L50, F
|-mega|p1a: Delphox|Delphox|Delphoxite
|detailschange|p2a: Gallade|Gallade-Mega, L50, M
|-mega|p2a: Gallade|Gallade|Galladite
|move|p1b: Maushold|Helping Hand|p1a: Delphox
|-singleturn|p1a: Delphox|Helping Hand|[of] p1b: Maushold
|-formechange|p2b: Aegislash|Aegislash|
|move|p2b: Aegislash|King's Shield|p2b: Aegislash
|-singleturn|p2b: Aegislash|Protect
|move|p1a: Delphox|Psyshock|p2a: Gallade
|-damage|p2a: Gallade|6/100
|move|p2a: Gallade|Psycho Cut|p1a: Delphox
|-resisted|p1a: Delphox|1
|-crit|p1a: Delphox
|-damage|p1a: Delphox|57/100
|
|-damage|p1b: Maushold|9/100 brn|[from] brn
|upkeep
|turn|6
|
|t:|1785116497
|move|p2b: Aegislash|King's Shield|p2b: Aegislash
|-singleturn|p2b: Aegislash|Protect
|move|p1b: Maushold|Follow Me|p1b: Maushold
|-singleturn|p1b: Maushold|move: Follow Me
|move|p1a: Delphox|Heat Wave|p2a: Gallade|[spread] p2a
|-activate|p2b: Aegislash|move: Protect
|-damage|p2a: Gallade|0 fnt
|faint|p2a: Gallade
|
|-damage|p1b: Maushold|3/100 brn|[from] brn
|upkeep
|
|t:|1785116512
|switch|p2a: Serperior|Serperior, L50, M|100/100
|turn|7
|
|t:|1785116617
|move|p2a: Serperior|Protect|p2a: Serperior
|-singleturn|p2a: Serperior|Protect
|move|p2b: Aegislash|King's Shield||[still]
|-fail|p2b: Aegislash
|move|p1b: Maushold|Follow Me|p1b: Maushold
|-singleturn|p1b: Maushold|move: Follow Me
|move|p1a: Delphox|Heat Wave|p2a: Serperior|[spread] p2b
|-activate|p2a: Serperior|move: Protect
|-supereffective|p2b: Aegislash|1
|-damage|p2b: Aegislash|0 fnt
|faint|p2b: Aegislash
|
|-damage|p1b: Maushold|0 fnt|[from] brn
|faint|p1b: Maushold
|upkeep
|
|t:|1785116632
|switch|p1b: Meowscarada|Meowscarada, L50, F, shiny|100/100
|turn|8
|
|t:|1785116646
|move|p1b: Meowscarada|Knock Off|p2a: Serperior
|-damage|p2a: Serperior|32/100
|-enditem|p2a: Serperior|Wide Lens|[from] move: Knock Off|[of] p1b: Meowscarada
|-damage|p1b: Meowscarada|90/100|[from] item: Life Orb
|move|p1a: Delphox|Heat Wave|p2a: Serperior
|-supereffective|p2a: Serperior|1
|-damage|p2a: Serperior|0 fnt
|faint|p2a: Serperior
|
|win|aboc2399
