|j|Ōśåbig electric fan
|j|Ōśåsbhaga34
|html|big electric fansbhaga34    
|uhtml|bestof|Game 2 of a best-of-3
|t:|1784247770
|gametype|doubles
|player|p1|big electric fan|liza|1277
|player|p2|sbhaga34|hugh|1311
|gen|9
|tier|[Gen 9 Champions] VGC 2026 Reg M-B (Bo3)
|rated|
|rule|Species Clause: Limit one of each Pok├®mon
|rule|Item Clause: Limit 1 of each item
|clearpoke
|poke|p1|Scrafty, L50, F|
|poke|p1|Metagross, L50|
|poke|p1|Mamoswine, L50, F|
|poke|p1|Toxapex, L50, F|
|poke|p1|Dragonite, L50, F|
|poke|p1|Charizard, L50, F|
|poke|p2|Excadrill, L50, F|
|poke|p2|Tyranitar, L50, F|
|poke|p2|Corviknight, L50, F|
|poke|p2|Rotom-Wash, L50|
|poke|p2|Chandelure, L50, M|
|poke|p2|Clefable, L50, M|
|teampreview|4
|showteam|p1|Scrafty||Scraftinite|Intimidate|ThroatChop,DrainPunch,FakeOut,Protect|Impish||F|||50|]Metagross||MetalCoat|ClearBody|MeteorMash,PsychicFangs,BulletPunch,Protect|Adamant|||||50|]Mamoswine||FocusSash|Oblivious|Earthquake,IcicleCrash,IceShard,Protect|Adamant||F|||50|]Toxapex||Leftovers|Regenerator|Infestation,Toxic,WideGuard,BanefulBunker|Bold||F|||50|]Dragonite||DragonFang|Multiscale|DragonClaw,ExtremeSpeed,FirePunch,Protect|Adamant||F|||50|]Charizard||CharizarditeY|Blaze|HeatWave,SolarBeam,WeatherBall,Protect|Timid||F|||50|
|showteam|p2|Excadrill||FocusSash|SandRush|Earthquake,IronHead,SwordsDance,Protect|Adamant||F|||50|]Tyranitar||Tyranitarite|SandStream|RockSlide,KnockOff,LowKick,Protect|Adamant||F|||50|]Corviknight||SharpBeak|MirrorArmor|BraveBird,Tailwind,BulkUp,Roost|Careful||F|||50|]Rotom-Wash||ChoiceScarf|Levitate|VoltSwitch,Thunderbolt,Electroweb,HydroPump|Timid|||||50|]Chandelure||ShucaBerry|FlashFire|HeatWave,ShadowBall,TrickRoom,Protect|Modest||M|||50|]Clefable||Clefablite|MagicGuard|FollowMe,Moonblast,HealPulse,Protect|Modest||M|||50|
|inactive|Battle timer is ON: inactive players will automatically lose when time's up. (requested by big electric fan)
|inactive|sbhaga34 has 60 seconds left.
|
|t:|1784247840
|teamsize|p1|4
|teamsize|p2|4
|start
|switch|p1a: Charizard|Charizard, L50, F|100/100
|switch|p1b: Scrafty|Scrafty, L50, F|100/100
|switch|p2a: Chandelure|Chandelure, L50, M|100/100
|switch|p2b: Rotom|Rotom-Wash, L50|100/100
|-ability|p1b: Scrafty|Intimidate|boost
|-unboost|p2a: Chandelure|atk|1
|-unboost|p2b: Rotom|atk|1
|turn|1
|inactive|sbhaga34 has 30 seconds left.
|
|t:|1784247872
|detailschange|p1a: Charizard|Charizard-Mega-Y, L50, F
|-mega|p1a: Charizard|Charizard|Charizardite Y
|-weather|SunnyDay|[from] ability: Drought|[of] p1a: Charizard
|move|p1b: Scrafty|Fake Out|p2b: Rotom
|-damage|p2b: Rotom|90/100
|cant|p2b: Rotom|flinch
|move|p1a: Charizard|Solar Beam||[still]
|-prepare|p1a: Charizard|Solar Beam
|-anim|p1a: Charizard|Solar Beam|p2b: Rotom
|-supereffective|p2b: Rotom|1
|-damage|p2b: Rotom|5/100
|move|p2a: Chandelure|Heat Wave|p1a: Charizard|[spread] p1a
|-miss|p2a: Chandelure|p1b: Scrafty
|-resisted|p1a: Charizard|1
|-damage|p1a: Charizard|71/100
|
|-weather|SunnyDay|[upkeep]
|upkeep
|turn|2
|
|t:|1784247895
|switch|p1b: Toxapex|Toxapex, L50, F|100/100
|move|p2b: Rotom|Volt Switch|p1b: Toxapex
|-supereffective|p1b: Toxapex|1
|-damage|p1b: Toxapex|60/100
|
|t:|1784247909
|switch|p2b: Tyranitar|Tyranitar, L50, F|100/100|[from] Volt Switch
|-weather|Sandstorm|[from] ability: Sand Stream|[of] p2b: Tyranitar
|move|p1a: Charizard|Solar Beam||[still]
|-prepare|p1a: Charizard|Solar Beam
|move|p2a: Chandelure|Heat Wave|p1b: Toxapex|[spread] p1a,p1b
|-resisted|p1a: Charizard|1
|-resisted|p1b: Toxapex|1
|-damage|p1a: Charizard|53/100
|-damage|p1b: Toxapex|45/100
|
|-weather|Sandstorm|[upkeep]
|-damage|p1a: Charizard|47/100|[from] Sandstorm
|-damage|p2a: Chandelure|94/100|[from] Sandstorm
|-damage|p1b: Toxapex|39/100|[from] Sandstorm
|-heal|p1b: Toxapex|45/100|[from] item: Leftovers
|upkeep
|turn|3
|
|t:|1784247927
|-heal|p1b: Toxapex|78/100|[from] ability: Regenerator|[silent]
|switch|p1b: Scrafty|Scrafty, L50, F|100/100
|-ability|p1b: Scrafty|Intimidate|boost
|-unboost|p2a: Chandelure|atk|1
|-unboost|p2b: Tyranitar|atk|1
|move|p2b: Tyranitar|Protect|p2b: Tyranitar
|-singleturn|p2b: Tyranitar|Protect
|move|p1a: Charizard|Solar Beam|p2b: Tyranitar|[from] lockedmove
|-activate|p2b: Tyranitar|move: Protect
|move|p2a: Chandelure|Shadow Ball|p1a: Charizard
|-damage|p1a: Charizard|4/100
|
|-weather|Sandstorm|[upkeep]
|-damage|p1a: Charizard|0 fnt|[from] Sandstorm
|-damage|p2a: Chandelure|88/100|[from] Sandstorm
|-damage|p1b: Scrafty|94/100|[from] Sandstorm
|faint|p1a: Charizard
|upkeep
|
|t:|1784247938
|switch|p1a: Mamoswine|Mamoswine, L50, F|100/100
|turn|4
|inactive|sbhaga34 has 30 seconds left.
|
|t:|1784247972
|switch|p2b: Clefable|Clefable, L50, M|100/100
|move|p1a: Mamoswine|Icicle Crash|p2b: Clefable
|-damage|p2b: Clefable|44/100
|move|p2a: Chandelure|Heat Wave|p1b: Scrafty|[spread] p1a,p1b
|-supereffective|p1a: Mamoswine|1
|-enditem|p1a: Mamoswine|Focus Sash
|-damage|p1a: Mamoswine|1/100
|-damage|p1b: Scrafty|58/100
|-status|p1a: Mamoswine|brn
|move|p1b: Scrafty|Throat Chop|p2a: Chandelure
|-supereffective|p2a: Chandelure|1
|-damage|p2a: Chandelure|32/100
|-start|p2a: Chandelure|Throat Chop|[silent]
|
|-weather|Sandstorm|[upkeep]
|-damage|p2a: Chandelure|26/100|[from] Sandstorm
|-damage|p1b: Scrafty|52/100|[from] Sandstorm
|-damage|p1a: Mamoswine|0 fnt|[from] brn
|faint|p1a: Mamoswine
|upkeep
|
|t:|1784247984
|switch|p1a: Toxapex|Toxapex, L50, F|78/100
|turn|5
|c|Ōśåsbhaga34|yo
|c|Ōśåsbhaga34|im sorry
|c|Ōśåsbhaga34|burn both games
|c|Ōśåsbhaga34|im sorry
|c|Ōśåbig electric fan|all g
|c|Ōśåbig electric fan|u played well regardless
|c|Ōśåsbhaga34|lol thx
|inactive|big electric fan has 30 seconds left.
|inactive|sbhaga34 has 30 seconds left.
|inactive|sbhaga34 has 20 seconds left.
|inactive|sbhaga34 has 15 seconds left.
|
|t:|1784248028
|move|p2a: Chandelure|Heat Wave|p1b: Scrafty|[spread] p1a,p1b
|-resisted|p1a: Toxapex|1
|-damage|p1a: Toxapex|63/100
|-damage|p1b: Scrafty|19/100
|move|p2b: Clefable|Heal Pulse|p2a: Chandelure
|-heal|p2a: Chandelure|77/100
|move|p1b: Scrafty|Throat Chop|p2a: Chandelure
|-supereffective|p2a: Chandelure|1
|-damage|p2a: Chandelure|18/100
|move|p1a: Toxapex|Infestation|p2b: Clefable
|-resisted|p2b: Clefable|1
|-damage|p2b: Clefable|43/100
|-activate|p2b: Clefable|move: Infestation|[of] p1a: Toxapex
|
|-weather|Sandstorm|[upkeep]
|-damage|p2a: Chandelure|12/100|[from] Sandstorm
|-damage|p1b: Scrafty|13/100|[from] Sandstorm
|-damage|p1a: Toxapex|57/100|[from] Sandstorm
|-heal|p1a: Toxapex|63/100|[from] item: Leftovers
|-end|p2a: Chandelure|Throat Chop|[silent]
|upkeep
|turn|6
|-message|big electric fan forfeited.
|
|win|sbhaga34
|raw|big electric fan's rating: 1277 → 1254(-23 for losing)
|raw|sbhaga34's rating: 1311 → 1329(+18 for winning)
