|j|☆ekiizz91
|j|☆lolgz
|html|ekiizz91lolgz    
|uhtml|bestof|Game 1 of a best-of-3
|t:|1783072616
|gametype|doubles
|player|p1|ekiizz91|benga|1073
|player|p2|lolgz|dawn|1135
|gen|9
|tier|[Gen 9 Champions] VGC 2026 Reg M-B (Bo3)
|rated|
|rule|Species Clause: Limit one of each Pokémon
|rule|Item Clause: Limit 1 of each item
|clearpoke
|poke|p1|Garchomp, L50, F|
|poke|p1|Charizard, L50, F|
|poke|p1|Metagross, L50|
|poke|p1|Basculegion, L50, M|
|poke|p1|Sylveon, L50, F|
|poke|p1|Farigiraf, L50, M|
|poke|p2|Scrafty, L50, F|
|poke|p2|Vivillon, L50, M|
|poke|p2|Incineroar, L50, M|
|poke|p2|Sinistcha, L50|
|poke|p2|Raichu, L50, M|
|poke|p2|Delphox, L50, F|
|teampreview|4
|showteam|p1|Garchomp||LifeOrb|RoughSkin|DragonClaw,Protect,Earthquake,RockSlide|Adamant||F|||50|]Charizard||CharizarditeY|Blaze|Protect,WeatherBall,SolarBeam,AncientPower|Modest||F|||50|]Metagross||Metagrossite|ClearBody|BodyPress,BulletPunch,GrassKnot,PsychicFangs|Adamant|||||50|]Basculegion||ChoiceScarf|Adaptability|LastRespects,FlipTurn,Protect,WaveCrash|Adamant||M|||50|]Sylveon||FairyFeather|Pixilate|Detect,HyperVoice,HyperBeam,QuickAttack|Quiet||F|||50|]Farigiraf||ColburBerry|ArmorTail|GrassKnot,Protect,TrickRoom,Psychic|Modest||M|||50|
|showteam|p2|Scrafty||Scraftinite|Intimidate|DrainPunch,KnockOff,Protect,DragonDance|Jolly||F|||50|]Vivillon||ChoiceScarf|CompoundEyes|SleepPowder,Hurricane,RagePowder,Tailwind|Timid||M|||50|]Incineroar||PasshoBerry|Intimidate|PartingShot,FakeOut,ThroatChop,FlareBlitz|Careful||M|||50|]Sinistcha||KasibBerry|Hospitality|MatchaGotcha,RagePowder,LifeDew,Protect|Serious|||||50|]Raichu||FocusSash|LightningRod|FakeOut,Electroweb,Endeavor,UpperHand|Timid||M|||50|]Delphox||Delphoxite|Blaze|HeatWave,Psychic,Protect,NastyPlot|Timid||F|||50|
|inactive|Battle timer is ON: inactive players will automatically lose when time's up. (requested by lolgz)
|
|t:|1783072642
|teamsize|p1|4
|teamsize|p2|4
|start
|switch|p1a: Sylveon|Sylveon, L50, F|100/100
|switch|p1b: Charizard|Charizard, L50, F|100/100
|switch|p2a: Vivillon|Vivillon, L50, M|100/100
|switch|p2b: Delphox|Delphox, L50, F|100/100
|turn|1
|
|t:|1783072653
|detailschange|p2b: Delphox|Delphox-Mega, L50, F
|-mega|p2b: Delphox|Delphox|Delphoxite
|detailschange|p1b: Charizard|Charizard-Mega-Y, L50, F
|-mega|p1b: Charizard|Charizard|Charizardite Y
|-weather|SunnyDay|[from] ability: Drought|[of] p1b: Charizard
|move|p2a: Vivillon|Sleep Powder|p1b: Charizard
|-status|p1b: Charizard|slp|[from] move: Sleep Powder
|move|p2b: Delphox|Nasty Plot|p2b: Delphox
|-boost|p2b: Delphox|spa|2
|cant|p1b: Charizard|slp
|move|p1a: Sylveon|Hyper Voice|p2a: Vivillon|[spread] p2a,p2b
|-resisted|p2b: Delphox|1
|-damage|p2a: Vivillon|10/100
|-damage|p2b: Delphox|78/100
|
|-weather|SunnyDay|[upkeep]
|upkeep
|turn|2
|
|t:|1783072661
|cant|p1b: Charizard|slp
|move|p2a: Vivillon|Sleep Powder|p1a: Sylveon
|-status|p1a: Sylveon|slp|[from] move: Sleep Powder
|move|p2b: Delphox|Nasty Plot|p2b: Delphox
|-boost|p2b: Delphox|spa|2
|cant|p1a: Sylveon|slp
|
|-weather|SunnyDay|[upkeep]
|upkeep
|turn|3
|
|t:|1783072668
|switch|p2a: Raichu|Raichu, L50, M|100/100
|-curestatus|p1b: Charizard|slp|[msg]
|move|p1b: Charizard|Protect|p1b: Charizard
|-singleturn|p1b: Charizard|Protect
|move|p2b: Delphox|Psychic|p1b: Charizard
|-activate|p1b: Charizard|move: Protect
|cant|p1a: Sylveon|slp
|
|-weather|SunnyDay|[upkeep]
|upkeep
|turn|4
|
|t:|1783072681
|switch|p1b: Garchomp|Garchomp, L50, F|100/100
|-curestatus|p1a: Sylveon|slp|[msg]
|move|p1a: Sylveon|Quick Attack|p2a: Raichu
|-damage|p2a: Raichu|74/100
|move|p2b: Delphox|Heat Wave|p1b: Garchomp|[spread] p1a,p1b
|-resisted|p1b: Garchomp|1
|-damage|p1a: Sylveon|0 fnt
|-damage|p1b: Garchomp|5/100
|faint|p1a: Sylveon
|move|p2a: Raichu|Electroweb|p1b: Garchomp
|-immune|p1b: Garchomp
|
|-weather|SunnyDay|[upkeep]
|upkeep
|
|t:|1783072693
|switch|p1a: Basculegion|Basculegion, L50, M|100/100
|turn|5
|
|t:|1783072698
|move|p2b: Delphox|Protect|p2b: Delphox
|-singleturn|p2b: Delphox|Protect
|move|p1a: Basculegion|Protect|p1a: Basculegion
|-singleturn|p1a: Basculegion|Protect
|move|p1b: Garchomp|Protect|p1b: Garchomp
|-singleturn|p1b: Garchomp|Protect
|move|p2a: Raichu|Electroweb|p1a: Basculegion|[spread] 
|-activate|p1a: Basculegion|move: Protect
|-activate|p1b: Garchomp|move: Protect
|
|-weather|none
|upkeep
|turn|6
|
|t:|1783072718
|switch|p1a: Charizard|Charizard-Mega-Y, L50, F|100/100
|-weather|SunnyDay|[from] ability: Drought|[of] p1a: Charizard
|move|p2b: Delphox|Heat Wave|p1a: Charizard|[spread] p1a,p1b
|-resisted|p1a: Charizard|1
|-resisted|p1b: Garchomp|1
|-damage|p1a: Charizard|14/100
|-damage|p1b: Garchomp|0 fnt
|faint|p1b: Garchomp
|move|p2a: Raichu|Electroweb|p1a: Charizard
|-supereffective|p1a: Charizard|1
|-damage|p1a: Charizard|0 fnt
|faint|p1a: Charizard
|
|-weather|SunnyDay|[upkeep]
|upkeep
|-message|ekiizz91 forfeited.
|
|win|lolgz
