|j|☆sbhaga34
|j|☆alexander1111
|html|sbhaga34alexander1111    
|uhtml|bestof|Game 2 of a best-of-3
|t:|1784671305
|gametype|doubles
|player|p1|sbhaga34|hugh|1361
|player|p2|alexander1111|preschooler|1383
|gen|9
|tier|[Gen 9 Champions] VGC 2026 Reg M-B (Bo3)
|rated|
|rule|Species Clause: Limit one of each Pokémon
|rule|Item Clause: Limit 1 of each item
|clearpoke
|poke|p1|Excadrill, L50, M|
|poke|p1|Tyranitar, L50, F|
|poke|p1|Corviknight, L50, F|
|poke|p1|Rotom-Wash, L50|
|poke|p1|Chandelure, L50, M|
|poke|p1|Scovillain, L50, F|
|poke|p2|Milotic, L50, M|
|poke|p2|Maushold-Four, L50|
|poke|p2|Charizard, L50, M, shiny|
|poke|p2|Whimsicott, L50, F, shiny|
|poke|p2|Kingambit, L50, M|
|poke|p2|Garchomp, L50, F|
|teampreview|4
|showteam|p1|Excadrill||FocusSash|SandRush|Earthquake,IronHead,SwordsDance,Protect|Adamant||M|||50|]Tyranitar||Tyranitarite|SandStream|RockSlide,KnockOff,LowKick,Protect|Adamant||F|||50|]Corviknight||SharpBeak|MirrorArmor|BraveBird,Tailwind,BulkUp,Roost|Careful||F|||50|]Rotom-Wash||ChoiceScarf|Levitate|VoltSwitch,Thunderbolt,Electroweb,HydroPump|Timid|||||50|]Chandelure||ShucaBerry|FlashFire|HeatWave,ShadowBall,TrickRoom,Protect|Modest||M|||50|]Scovillain||Scovillainite|Chlorophyll|RagePowder,Overheat,GigaDrain,Protect|Calm||F|||50|
|showteam|p2|Milotic||SitrusBerry|Competitive|Scald,IceBeam,HelpingHand,Protect|Modest||M|||50|]Maushold-Four||WideLens|Technician|PopulationBomb,FollowMe,Protect,SunnyDay|Jolly|||||50|]Charizard||CharizarditeY|Blaze|SolarBeam,HeatWave,WeatherBall,Protect|Timid||M|||50|]Whimsicott||FocusSash|Prankster|Tailwind,Moonblast,Protect,Encore|Timid||F|||50|]Kingambit||ChopleBerry|Defiant|KowtowCleave,SuckerPunch,IronHead,LowKick|Adamant||M|||50|]Garchomp||LifeOrb|RoughSkin|RockSlide,Earthquake,DragonClaw,Protect|Jolly||F|||50|
|inactive|Battle timer is ON: inactive players will automatically lose when time's up. (requested by sbhaga34)
|
|t:|1784671349
|teamsize|p1|4
|teamsize|p2|4
|start
|switch|p1a: Scovillain|Scovillain, L50, F|100/100
|switch|p1b: Chandelure|Chandelure, L50, M|100/100
|switch|p2a: Milotic|Milotic, L50, M|100/100
|switch|p2b: Garchomp|Garchomp, L50, F|100/100
|turn|1
|
|t:|1784671359
|detailschange|p1a: Scovillain|Scovillain-Mega, L50, F
|-mega|p1a: Scovillain|Scovillain|Scovillainite
|move|p1b: Chandelure|Protect|p1b: Chandelure
|-singleturn|p1b: Chandelure|Protect
|move|p2a: Milotic|Protect|p2a: Milotic
|-singleturn|p2a: Milotic|Protect
|move|p2b: Garchomp|Rock Slide|p1b: Chandelure|[spread] p1a
|-activate|p1b: Chandelure|move: Protect
|-supereffective|p1a: Scovillain|1
|-damage|p1a: Scovillain|48/100
|-status|p2b: Garchomp|brn|[from] ability: Spicy Spray|[of] p1a: Scovillain
|-damage|p2b: Garchomp|90/100 brn|[from] item: Life Orb
|move|p1a: Scovillain|Giga Drain|p2a: Milotic
|-activate|p2a: Milotic|move: Protect
|
|-damage|p2b: Garchomp|84/100 brn|[from] brn
|upkeep
|turn|2
|inactive|sbhaga34 has 30 seconds left.
|
|t:|1784671391
|switch|p1b: Corviknight|Corviknight, L50, F|100/100
|move|p2b: Garchomp|Rock Slide|p1a: Scovillain|[spread] p1a,p1b
|-supereffective|p1a: Scovillain|1
|-damage|p1a: Scovillain|24/100
|-damage|p1b: Corviknight|90/100
|-damage|p2b: Garchomp|74/100 brn|[from] item: Life Orb
|move|p2a: Milotic|Scald|p1a: Scovillain
|-damage|p1a: Scovillain|0 fnt
|-status|p2a: Milotic|brn|[from] ability: Spicy Spray|[of] p1a: Scovillain
|faint|p1a: Scovillain
|
|-damage|p2b: Garchomp|68/100 brn|[from] brn
|-damage|p2a: Milotic|94/100 brn|[from] brn
|upkeep
|
|t:|1784671402
|switch|p1a: Tyranitar|Tyranitar, L50, F|100/100
|-weather|Sandstorm|[from] ability: Sand Stream|[of] p1a: Tyranitar
|turn|3
|
|t:|1784671419
|move|p1a: Tyranitar|Protect|p1a: Tyranitar
|-singleturn|p1a: Tyranitar|Protect
|move|p2a: Milotic|Protect|p2a: Milotic
|-singleturn|p2a: Milotic|Protect
|move|p2b: Garchomp|Earthquake|p1b: Corviknight|[spread] 
|-activate|p2a: Milotic|move: Protect
|-activate|p1a: Tyranitar|move: Protect
|-immune|p1b: Corviknight
|move|p1b: Corviknight|Tailwind|p1b: Corviknight
|-sidestart|p1: sbhaga34|move: Tailwind
|
|-weather|Sandstorm|[upkeep]
|-damage|p2a: Milotic|88/100 brn|[from] Sandstorm
|-damage|p2b: Garchomp|62/100 brn|[from] brn
|-damage|p2a: Milotic|82/100 brn|[from] brn
|upkeep
|turn|4
|
|t:|1784671440
|move|p1b: Corviknight|Brave Bird|p2a: Milotic
|-damage|p2a: Milotic|35/100 brn
|-enditem|p2a: Milotic|Sitrus Berry|[eat]
|-heal|p2a: Milotic|60/100 brn|[from] item: Sitrus Berry
|-damage|p1b: Corviknight|75/100|[from] Recoil
|move|p1a: Tyranitar|Knock Off|p2a: Milotic
|-damage|p2a: Milotic|28/100 brn
|move|p2b: Garchomp|Rock Slide|p1a: Tyranitar|[spread] p1a,p1b
|-damage|p1a: Tyranitar|90/100
|-damage|p1b: Corviknight|64/100
|-damage|p2b: Garchomp|52/100 brn|[from] item: Life Orb
|move|p2a: Milotic|Scald|p1b: Corviknight
|-damage|p1b: Corviknight|35/100
|
|-weather|Sandstorm|[upkeep]
|-damage|p2a: Milotic|22/100 brn|[from] Sandstorm
|-damage|p2b: Garchomp|47/100 brn|[from] brn
|-damage|p2a: Milotic|16/100 brn|[from] brn
|upkeep
|turn|5
|inactive|alexander1111 has 30 seconds left.
|inactive|alexander1111 has 20 seconds left.
|inactive|alexander1111 has 15 seconds left.
|inactive|alexander1111 has 10 seconds left.
|
|t:|1784671490
|move|p2a: Milotic|Protect|p2a: Milotic
|-singleturn|p2a: Milotic|Protect
|move|p1b: Corviknight|Roost|p1b: Corviknight
|-heal|p1b: Corviknight|85/100
|-singleturn|p1b: Corviknight|move: Roost
|move|p1a: Tyranitar|Rock Slide|p2a: Milotic|[spread] p2b
|-activate|p2a: Milotic|move: Protect
|-resisted|p2b: Garchomp|1
|-damage|p2b: Garchomp|34/100 brn
|cant|p2b: Garchomp|flinch
|
|-weather|Sandstorm|[upkeep]
|-damage|p2a: Milotic|10/100 brn|[from] Sandstorm
|-damage|p2b: Garchomp|28/100 brn|[from] brn
|-damage|p2a: Milotic|4/100 brn|[from] brn
|upkeep
|turn|6
|inactive|sbhaga34 has 30 seconds left.
|
|t:|1784671515
|move|p2a: Milotic|Helping Hand|p2b: Garchomp
|-singleturn|p2b: Garchomp|Helping Hand|[of] p2a: Milotic
|move|p1b: Corviknight|Bulk Up|p1b: Corviknight
|-boost|p1b: Corviknight|atk|1
|-boost|p1b: Corviknight|def|1
|move|p1a: Tyranitar|Rock Slide|p2b: Garchomp|[spread] p2a,p2b
|-resisted|p2b: Garchomp|1
|-damage|p2a: Milotic|0 fnt
|-damage|p2b: Garchomp|14/100 brn
|faint|p2a: Milotic
|move|p2b: Garchomp|Earthquake|p1a: Tyranitar|[spread] p1a
|-immune|p1b: Corviknight
|-supereffective|p1a: Tyranitar|1
|-damage|p1a: Tyranitar|37/100
|-damage|p2b: Garchomp|4/100 brn|[from] item: Life Orb
|
|-weather|Sandstorm|[upkeep]
|-damage|p2b: Garchomp|0 fnt|[from] brn
|faint|p2b: Garchomp
|-sideend|p1: sbhaga34|move: Tailwind
|upkeep
|
|t:|1784671523
|switch|p2b: Whimsicott|Whimsicott, L50, F, shiny|100/100
|switch|p2a: Kingambit|Kingambit, L50, M|100/100
|turn|7
|inactive|alexander1111 has 30 seconds left.
|
|t:|1784671552
|switch|p1a: Chandelure|Chandelure, L50, M|100/100
|move|p2b: Whimsicott|Encore|p1b: Corviknight
|-start|p1b: Corviknight|Encore
|move|p1b: Corviknight|Bulk Up|p1b: Corviknight
|-boost|p1b: Corviknight|atk|1
|-boost|p1b: Corviknight|def|1
|move|p2a: Kingambit|Low Kick|p1a: Chandelure
|-immune|p1a: Chandelure
|
|-weather|none
|upkeep
|turn|8
|
|t:|1784671576
|switch|p1b: Tyranitar|Tyranitar, L50, F|37/100
|-weather|Sandstorm|[from] ability: Sand Stream|[of] p1b: Tyranitar
|move|p1a: Chandelure|Protect|p1a: Chandelure
|-singleturn|p1a: Chandelure|Protect
|move|p2b: Whimsicott|Tailwind|p2b: Whimsicott
|-sidestart|p2: alexander1111|move: Tailwind
|move|p2a: Kingambit|Kowtow Cleave|p1a: Chandelure
|-activate|p1a: Chandelure|move: Protect
|
|-weather|Sandstorm|[upkeep]
|-damage|p2b: Whimsicott|94/100|[from] Sandstorm
|-damage|p1a: Chandelure|94/100|[from] Sandstorm
|upkeep
|turn|9
|
|t:|1784671591
|switch|p1a: Corviknight|Corviknight, L50, F|85/100
|move|p2b: Whimsicott|Encore||[still]
|-fail|p2b: Whimsicott
|move|p2a: Kingambit|Iron Head|p1b: Tyranitar
|-supereffective|p1b: Tyranitar|1
|-damage|p1b: Tyranitar|0 fnt
|faint|p1b: Tyranitar
|
|-weather|Sandstorm|[upkeep]
|-damage|p2b: Whimsicott|88/100|[from] Sandstorm
|upkeep
|-message|sbhaga34 forfeited.
|
|win|alexander1111
|raw|sbhaga34's rating: 1361 → 1342(-19 for losing)
|raw|alexander1111's rating: 1383 → 1402(+19 for winning)
