|j|☆shiroblast
|j|☆kbcao
|html|shiroblastkbcao    
|uhtml|bestof|Game 1 of a best-of-3
|t:|1786044631
|gametype|doubles
|player|p1|shiroblast|benga|
|player|p2|kbcao|101|
|gen|9
|tier|[Gen 9 Champions] VGC 2026 Reg M-B (Bo3)
|rule|Species Clause: Limit one of each Pokémon
|rule|Item Clause: Limit 1 of each item
|clearpoke
|poke|p1|Swampert, L50, F|
|poke|p1|Archaludon, L50, F|
|poke|p1|Tyranitar, L50, M|
|poke|p1|Pelipper, L50, M|
|poke|p1|Mawile, L50, F|
|poke|p1|Sinistcha-Masterpiece, L50|
|poke|p2|Staraptor, L50, M|
|poke|p2|Garchomp, L50, M|
|poke|p2|Delphox, L50, M|
|poke|p2|Primarina, L50, F|
|poke|p2|Kingambit, L50, F|
|poke|p2|Sinistcha, L50|
|teampreview|4
|showteam|p1|Swampert||Swampertite|Torrent|WaveCrash,IcePunch,Earthquake,Protect|Adamant||F|||50|]Archaludon||Leftovers|Stamina|DragonPulse,ElectroShot,FlashCannon,Protect|Calm||F|||50|]Tyranitar||LifeOrb|SandStream|KnockOff,RockSlide,StompingTantrum,Protect|Jolly||M|||50|]Pelipper||FocusSash|Drizzle|Hurricane,HelpingHand,Tailwind,WideGuard|Timid||M|||50|]Mawile||Mawilite|Intimidate|SuckerPunch,PlayRough,SwordsDance,Protect|Adamant||F|||50|]Sinistcha-Masterpiece||CobaBerry|Hospitality|RagePowder,MatchaGotcha,TrickRoom,Protect|Calm|||||50|
|showteam|p2|Staraptor||Staraptite|Intimidate|Protect,Tailwind,CloseCombat,BraveBird|Jolly||M|||50|]Garchomp||LifeOrb|RoughSkin|Protect,RockSlide,Earthquake,DragonClaw|Jolly||M|||50|]Delphox||Delphoxite|Magician|Protect,Psychic,HeatWave,Substitute|Timid||M|||50|]Primarina||Leftovers|LiquidVoice|Moonblast,HyperVoice,Protect,CalmMind|Modest||F|||50|]Kingambit||BlackGlasses|Defiant|SuckerPunch,KowtowCleave,IronHead,Protect|Adamant||F|||50|]Sinistcha||SitrusBerry|Hospitality|MatchaGotcha,RagePowder,Protect,TrickRoom|Bold|||||50|
|
|t:|1786044703
|teamsize|p1|4
|teamsize|p2|4
|start
|switch|p1a: Pelipper|Pelipper, L50, M|100/100
|switch|p1b: Swampert|Swampert, L50, F|100/100
|switch|p2a: Staraptor|Staraptor, L50, M|100/100
|switch|p2b: Sinistcha|Sinistcha, L50|100/100
|-ability|p2a: Staraptor|Intimidate|boost
|-unboost|p1a: Pelipper|atk|1
|-unboost|p1b: Swampert|atk|1
|-weather|RainDance|[from] ability: Drizzle|[of] p1a: Pelipper
|turn|1
|
|t:|1786044726
|detailschange|p2a: Staraptor|Staraptor-Mega, L50, M
|-mega|p2a: Staraptor|Staraptor|Staraptite
|detailschange|p1b: Swampert|Swampert-Mega, L50, F
|-mega|p1b: Swampert|Swampert|Swampertite
|move|p1b: Swampert|Protect|p1b: Swampert
|-singleturn|p1b: Swampert|Protect
|move|p2b: Sinistcha|Rage Powder|p2b: Sinistcha
|-singleturn|p2b: Sinistcha|move: Rage Powder
|move|p2a: Staraptor|Tailwind|p2a: Staraptor
|-sidestart|p2: kbcao|move: Tailwind
|move|p1a: Pelipper|Hurricane|p2b: Sinistcha
|-supereffective|p2b: Sinistcha|1
|-damage|p2b: Sinistcha|15/100
|-enditem|p2b: Sinistcha|Sitrus Berry|[eat]
|-heal|p2b: Sinistcha|40/100|[from] item: Sitrus Berry
|
|-weather|RainDance|[upkeep]
|upkeep
|turn|2
|
|t:|1786044768
|switch|p2b: Primarina|Primarina, L50, F|100/100
|move|p1a: Pelipper|Wide Guard|p1a: Pelipper
|-singleturn|p1a: Pelipper|Wide Guard
|move|p2a: Staraptor|Close Combat|p1b: Swampert
|-damage|p1b: Swampert|46/100
|-boost|p2a: Staraptor|def|1
|-boost|p2a: Staraptor|spd|1
|move|p1b: Swampert|Wave Crash|p2a: Staraptor
|-damage|p2a: Staraptor|47/100
|-damage|p1b: Swampert|27/100|[from] Recoil
|
|-weather|RainDance|[upkeep]
|upkeep
|turn|3
|
|t:|1786044811
|switch|p1b: Sinistcha|Sinistcha-Masterpiece, L50|100/100
|move|p2a: Staraptor|Protect|p2a: Staraptor
|-singleturn|p2a: Staraptor|Protect
|move|p2b: Primarina|Calm Mind|p2b: Primarina
|-boost|p2b: Primarina|spa|1
|-boost|p2b: Primarina|spd|1
|move|p1a: Pelipper|Hurricane|p2a: Staraptor
|-activate|p2a: Staraptor|move: Protect
|
|-weather|RainDance|[upkeep]
|upkeep
|turn|4
|
|t:|1786044868
|move|p1b: Sinistcha|Protect|p1b: Sinistcha
|-singleturn|p1b: Sinistcha|Protect
|move|p1a: Pelipper|Wide Guard|p1a: Pelipper
|-singleturn|p1a: Pelipper|Wide Guard
|move|p2a: Staraptor|Brave Bird|p1a: Pelipper
|-damage|p1a: Pelipper|20/100y
|-damage|p2a: Staraptor|28/100|[from] Recoil
|move|p2b: Primarina|Moonblast|p1a: Pelipper
|-damage|p1a: Pelipper|0 fnt
|faint|p1a: Pelipper
|
|-weather|RainDance|[upkeep]
|-sideend|p2: kbcao|move: Tailwind
|upkeep
|
|t:|1786044880
|switch|p1a: Tyranitar|Tyranitar, L50, M|100/100
|-weather|Sandstorm|[from] ability: Sand Stream|[of] p1a: Tyranitar
|turn|5
|
|t:|1786044905
|move|p1b: Sinistcha|Rage Powder|p1b: Sinistcha
|-singleturn|p1b: Sinistcha|move: Rage Powder
|move|p2a: Staraptor|Brave Bird|p1b: Sinistcha
|-supereffective|p1b: Sinistcha|1
|-enditem|p1b: Sinistcha|Coba Berry|[eat]
|-enditem|p1b: Sinistcha|Coba Berry|[weaken]
|-damage|p1b: Sinistcha|46/100
|-damage|p2a: Staraptor|11/100|[from] Recoil
|move|p1a: Tyranitar|Rock Slide|p2b: Primarina|[spread] p2b
|-miss|p1a: Tyranitar|p2a: Staraptor
|-crit|p2b: Primarina
|-damage|p2b: Primarina|46/100
|-damage|p1a: Tyranitar|90/100|[from] item: Life Orb
|cant|p2b: Primarina|flinch
|
|-weather|Sandstorm|[upkeep]
|-damage|p2a: Staraptor|5/100|[from] Sandstorm
|-damage|p1b: Sinistcha|40/100|[from] Sandstorm
|-damage|p2b: Primarina|40/100|[from] Sandstorm
|-heal|p2b: Primarina|46/100|[from] item: Leftovers
|upkeep
|turn|6
|
|t:|1786044939
|switch|p2a: Sinistcha|Sinistcha, L50|40/100
|-heal|p2b: Primarina|71/100|[from] ability: Hospitality|[of] p2a: Sinistcha
|move|p1a: Tyranitar|Protect|p1a: Tyranitar
|-singleturn|p1a: Tyranitar|Protect
|move|p2b: Primarina|Protect|p2b: Primarina
|-singleturn|p2b: Primarina|Protect
|move|p1b: Sinistcha|Trick Room|p1b: Sinistcha
|-fieldstart|move: Trick Room|[of] p1b: Sinistcha
|
|-weather|Sandstorm|[upkeep]
|-damage|p2b: Primarina|65/100|[from] Sandstorm
|-damage|p1b: Sinistcha|34/100|[from] Sandstorm
|-damage|p2a: Sinistcha|34/100|[from] Sandstorm
|-heal|p2b: Primarina|71/100|[from] item: Leftovers
|upkeep
|turn|7
|
|t:|1786044961
|move|p2a: Sinistcha|Rage Powder|p2a: Sinistcha
|-singleturn|p2a: Sinistcha|move: Rage Powder
|move|p1b: Sinistcha|Matcha Gotcha|p2b: Primarina|[spread] p2a,p2b
|-resisted|p2a: Sinistcha|1
|-supereffective|p2b: Primarina|1
|-damage|p2a: Sinistcha|23/100
|-heal|p1b: Sinistcha|40/100|[from] drain|[of] p2a: Sinistcha
|-damage|p2b: Primarina|43/100
|-heal|p1b: Sinistcha|54/100|[from] drain|[of] p2b: Primarina
|move|p2b: Primarina|Moonblast|p1a: Tyranitar
|-supereffective|p1a: Tyranitar|1
|-damage|p1a: Tyranitar|5/100
|-unboost|p1a: Tyranitar|spa|1
|move|p1a: Tyranitar|Rock Slide|p2a: Sinistcha|[spread] p2a,p2b
|-crit|p2b: Primarina
|-damage|p2a: Sinistcha|0 fnt
|-damage|p2b: Primarina|0 fnt
|faint|p2a: Sinistcha
|faint|p2b: Primarina
|-damage|p1a: Tyranitar|0 fnt|[from] item: Life Orb
|faint|p1a: Tyranitar
|
|-weather|Sandstorm|[upkeep]
|-damage|p1b: Sinistcha|48/100|[from] Sandstorm
|upkeep
|
|t:|1786044988
|switch|p2b: Kingambit|Kingambit, L50, F|100/100
|switch|p2a: Staraptor|Staraptor-Mega, L50, M|5/100
|switch|p1a: Swampert|Swampert-Mega, L50, F|27/100
|turn|8
|
|t:|1786045018
|move|p1a: Swampert|Protect|p1a: Swampert
|-singleturn|p1a: Swampert|Protect
|move|p2b: Kingambit|Kowtow Cleave|p1b: Sinistcha
|-supereffective|p1b: Sinistcha|1
|-damage|p1b: Sinistcha|0 fnt
|faint|p1b: Sinistcha
|move|p2a: Staraptor|Brave Bird|p1a: Swampert
|-activate|p1a: Swampert|move: Protect
|
|-weather|Sandstorm|[upkeep]
|-damage|p2a: Staraptor|0 fnt|[from] Sandstorm
|faint|p2a: Staraptor
|upkeep
|turn|9
|
|t:|1786045046
|move|p2b: Kingambit|Kowtow Cleave|p1a: Swampert
|-damage|p1a: Swampert|0 fnt
|faint|p1a: Swampert
|
|win|kbcao
||shiroblast is ready for game 2.
|inactive|kbcao has 30 seconds to confirm battle start!
||kbcao is ready for game 2.
|uhtml|next|Next: Game 2 of 3
