|j|☆Balester
|j|☆saboyita
|html|Balestersaboyita    
|uhtml|bestof|Game 1 of a best-of-3
|t:|1756422866
|gametype|doubles
|player|p1|Balester|colress|1099
|player|p2|saboyita|grimsley|1116
|gen|9
|tier|[Gen 9] VGC 2025 Reg H (Bo3)
|rated|
|rule|Species Clause: Limit one of each Pokémon
|rule|Item Clause: Limit 1 of each item
|clearpoke
|poke|p1|Frosmoth, L50, F|
|poke|p1|Ninetales-Alola, L50, F|
|poke|p1|Garchomp, L50, M|
|poke|p1|Incineroar, L50, M|
|poke|p1|Rillaboom, L50, M|
|poke|p1|Mandibuzz, L50, F|
|poke|p2|Amoonguss, L50, F|
|poke|p2|Hydreigon, L50, F|
|poke|p2|Whimsicott, L50, M|
|poke|p2|Maushold-Four, L50|
|poke|p2|Annihilape, L50, M|
|poke|p2|Ursaluna-Bloodmoon, L50, M|
|teampreview|4
|showteam|p1|Frosmoth||Leftovers|IceScales|QuiverDance,Blizzard,TeraBlast,WideGuard|||F|||50|,,,,,Water]Ninetales-Alola||LifeOrb|SnowWarning|FreezeDry,IcyWind,Moonblast,AuroraVeil|||F|||50|,,,,,Ghost]Garchomp||ClearAmulet|RoughSkin|StompingTantrum,BreakingSwipe,RockSlide,Protect|||M|||50|,,,,,Fire]Incineroar||SitrusBerry|Intimidate|FakeOut,FlareBlitz,KnockOff,PartingShot|||M|||50|,,,,,Ghost]Rillaboom||AssaultVest|GrassySurge|FakeOut,WoodHammer,GrassyGlide,HighHorsepower|||M|||50|,,,,,Fire]Mandibuzz||RockyHelmet|Overcoat|Tailwind,Snarl,FoulPlay,Taunt|||F|||50|,,,,,Dark
|showteam|p2|Amoonguss||MentalHerb|Regenerator|ClearSmog,Spore,RagePowder,Protect|||F|||50|,,,,,Water]Hydreigon||ChoiceSpecs|Levitate|Snarl,HeatWave,DarkPulse,DracoMeteor|||F|||50|,,,,,Ghost]Whimsicott||CovertCloak|Prankster|BeatUp,Encore,HelpingHand,Tailwind|||M|||50|,,,,,Dark]Maushold-Four||WideLens|Technician|PopulationBomb,Taunt,FollowMe,Protect||||||50|,,,,,Ghost]Annihilape||Leftovers|Defiant|RageFist,CloseCombat,FinalGambit,Protect|||M|||50|,,,,,Fire]Ursaluna-Bloodmoon||LifeOrb|MindsEye|HyperVoice,EarthPower,BloodMoon,Protect|||M|||50|,,,,,Water
|inactive|Battle timer is ON: inactive players will automatically lose when time's up. (requested by saboyita)
|inactive|Balester has 60 seconds left.
|inactive|saboyita has 60 seconds left.
|
|t:|1756422920
|teamsize|p1|4
|teamsize|p2|4
|start
|switch|p1a: Ninetales|Ninetales-Alola, L50, F|100/100
|switch|p1b: Frosmoth|Frosmoth, L50, F|100/100
|switch|p2a: Whimsicott|Whimsicott, L50, M|100/100
|switch|p2b: Annihilape|Annihilape, L50, M|100/100
|-weather|Snowscape|[from] ability: Snow Warning|[of] p1a: Ninetales
|turn|1
|inactive|Balester has 30 seconds left.
|inactive|saboyita has 30 seconds left.
|inactive|Balester has 20 seconds left.
|
|t:|1756422955
|-terastallize|p2b: Annihilape|Fire
|move|p2a: Whimsicott|Beat Up|p2b: Annihilape
|-damage|p2b: Annihilape|98/100
|-damage|p2b: Annihilape|96/100
|-damage|p2b: Annihilape|93/100
|-damage|p2b: Annihilape|91/100
|-hitcount|p2b: Annihilape|4
|move|p1a: Ninetales|Aurora Veil|p1a: Ninetales
|-sidestart|p1: Balester|move: Aurora Veil
|move|p2b: Annihilape|Rage Fist|p1b: Frosmoth
|-damage|p1b: Frosmoth|51/100
|move|p1b: Frosmoth|Blizzard|p2a: Whimsicott|[spread] p2a,p2b
|-supereffective|p2a: Whimsicott
|-resisted|p2b: Annihilape
|-damage|p2a: Whimsicott|9/100
|-damage|p2b: Annihilape|75/100
|
|-weather|Snowscape|[upkeep]
|-heal|p2b: Annihilape|81/100|[from] item: Leftovers
|-heal|p1b: Frosmoth|58/100|[from] item: Leftovers
|upkeep
|turn|2
|inactive|saboyita has 30 seconds left.
|
|t:|1756422987
|switch|p1b: Incineroar|Incineroar, L50, M|100/100
|-ability|p1b: Incineroar|Intimidate|boost
|-unboost|p2a: Whimsicott|atk|1
|-unboost|p2b: Annihilape|atk|1
|-ability|p2b: Annihilape|Defiant|boost
|-boost|p2b: Annihilape|atk|2
|move|p2a: Whimsicott|Encore|p1a: Ninetales
|-start|p1a: Ninetales|Encore
|move|p1a: Ninetales|Aurora Veil||[still]
|-fail|p1a: Ninetales
|move|p2b: Annihilape|Rage Fist|p1b: Incineroar
|-resisted|p1b: Incineroar
|-damage|p1b: Incineroar|31/100
|-enditem|p1b: Incineroar|Sitrus Berry|[eat]
|-heal|p1b: Incineroar|55/100|[from] item: Sitrus Berry
|
|-weather|Snowscape|[upkeep]
|-heal|p2b: Annihilape|87/100|[from] item: Leftovers
|upkeep
|turn|3
|inactive|saboyita has 30 seconds left.
|
|t:|1756423014
|switch|p2a: Maushold|Maushold-Four, L50|100/100
|switch|p1a: Frosmoth|Frosmoth, L50, F|58/100
|move|p1b: Incineroar|Fake Out|p2b: Annihilape
|-damage|p2b: Annihilape|76/100
|cant|p2b: Annihilape|flinch
|
|-weather|Snowscape|[upkeep]
|-heal|p2b: Annihilape|83/100|[from] item: Leftovers
|-heal|p1a: Frosmoth|64/100|[from] item: Leftovers
|upkeep
|turn|4
|
|t:|1756423029
|-terastallize|p1a: Frosmoth|Water
|move|p2a: Maushold|Population Bomb|p1a: Frosmoth
|-damage|p1a: Frosmoth|56/100
|-damage|p1a: Frosmoth|49/100
|-damage|p1a: Frosmoth|42/100
|-damage|p1a: Frosmoth|34/100
|-damage|p1a: Frosmoth|26/100
|-damage|p1a: Frosmoth|20/100
|-damage|p1a: Frosmoth|12/100
|-damage|p1a: Frosmoth|5/100
|-damage|p1a: Frosmoth|0 fnt
|faint|p1a: Frosmoth
|-hitcount|p1: Frosmoth|9
|move|p2b: Annihilape|Rage Fist|p1b: Incineroar
|-resisted|p1b: Incineroar
|-damage|p1b: Incineroar|0 fnt
|faint|p1b: Incineroar
|
|-weather|Snowscape|[upkeep]
|-heal|p2b: Annihilape|89/100|[from] item: Leftovers
|upkeep
|
|t:|1756423046
|switch|p1a: Rillaboom|Rillaboom, L50, M|100/100
|switch|p1b: Ninetales|Ninetales-Alola, L50, F|100/100
|-fieldstart|move: Grassy Terrain|[from] ability: Grassy Surge|[of] p1a: Rillaboom
|turn|5
|
|t:|1756423063
|move|p2b: Annihilape|Protect|p2b: Annihilape
|-singleturn|p2b: Annihilape|Protect
|move|p2a: Maushold|Population Bomb|p1a: Rillaboom
|-damage|p1a: Rillaboom|93/100
|-damage|p1a: Rillaboom|86/100
|-damage|p1a: Rillaboom|79/100
|-damage|p1a: Rillaboom|72/100
|-damage|p1a: Rillaboom|64/100
|-damage|p1a: Rillaboom|57/100
|-damage|p1a: Rillaboom|49/100
|-damage|p1a: Rillaboom|42/100
|-damage|p1a: Rillaboom|33/100
|-damage|p1a: Rillaboom|26/100
|-hitcount|p1a: Rillaboom|10
|move|p1b: Ninetales|Moonblast|p2b: Annihilape
|-activate|p2b: Annihilape|move: Protect
|move|p1a: Rillaboom|High Horsepower|p2b: Annihilape
|-activate|p2b: Annihilape|move: Protect
|
|-weather|none
|-heal|p2b: Annihilape|95/100|[from] Grassy Terrain
|-heal|p2b: Annihilape|100/100|[from] item: Leftovers
|-heal|p1a: Rillaboom|31/100|[from] Grassy Terrain
|-sideend|p1: Balester|move: Aurora Veil
|upkeep
|turn|6
|-message|Balester forfeited.
|
|win|saboyita
||Balester is ready for game 2.
|inactive|saboyita has 30 seconds to confirm battle start!
