|j|☆Garmas
|j|☆ladderingwithcalys
|html|Garmasladderingwithcalys    
|uhtml|bestof|Game 1 of a best-of-3
|t:|1756897237
|gametype|doubles
|player|p1|Garmas|ethan|1212
|player|p2|ladderingwithcalys|101|1260
|gen|9
|tier|[Gen 9] VGC 2025 Reg H (Bo3)
|rated|
|rule|Species Clause: Limit one of each Pokémon
|rule|Item Clause: Limit 1 of each item
|clearpoke
|poke|p1|Incineroar, L50, F|
|poke|p1|Amoonguss, L50, F|
|poke|p1|Ursaluna-Bloodmoon, L50, M|
|poke|p1|Sneasler, L50, M|
|poke|p1|Gholdengo, L50|
|poke|p1|Dragonite, L50, F|
|poke|p2|Archaludon, L50, M|
|poke|p2|Pelipper, L50, F|
|poke|p2|Kingdra, L50, M|
|poke|p2|Toedscruel, L50, M|
|poke|p2|Comfey, L50, M|
|poke|p2|Weezing-Galar, L50, M|
|teampreview|4
|showteam|p1|Incineroar||SafetyGoggles|Intimidate|FlareBlitz,KnockOff,PartingShot,FakeOut|||F|||50|,,,,,Ghost]Amoonguss||SitrusBerry|Regenerator|Spore,RagePowder,PollenPuff,Protect|||F|||50|,,,,,Psychic]Ursaluna-Bloodmoon||AssaultVest|MindsEye|HyperVoice,BloodMoon,EarthPower,VacuumWave|||M|||50|,,,,,Water]Sneasler||FocusSash|Unburden|CloseCombat,DireClaw,ThroatChop,Protect|||M|||50|,,,,,Stellar]Gholdengo||LifeOrb|GoodasGold|MakeItRain,ShadowBall,NastyPlot,Protect||||||50|,,,,,Water]Dragonite||LoadedDice|Multiscale|ScaleShot,Tailwind,Haze,Protect|||F|||50|,,,,,Fairy
|showteam|p2|Archaludon||AssaultVest|Stamina|ElectroShot,BodyPress,FlashCannon,Snarl|||M|||50|,,,,,Grass]Pelipper||ChoiceScarf|Drizzle|Tailwind,Hurricane,WeatherBall,Uturn|||F|||50|,,,,,Ghost]Kingdra||LifeOrb|SwiftSwim|Protect,WeatherBall,DracoMeteor,Surf|||M|||50|,,,,,Stellar]Toedscruel||CovertCloak|MyceliumMight|Spore,EarthPower,BulletSeed,RagePowder|||M|||50|,,,,,Water]Comfey||SafetyGoggles|Triage|DrainingKiss,FloralHealing,LightScreen,Protect|||M|||50|,,,,,Steel]Weezing-Galar||ChoiceSpecs|NeutralizingGas|AromaticMist,SludgeBomb,ClearSmog,DazzlingGleam|||M|||50|,,,,,Ghost
|
|t:|1756897305
|teamsize|p1|4
|teamsize|p2|4
|start
|switch|p1a: Incineroar|Incineroar, L50, F|100/100
|switch|p1b: Amoonguss|Amoonguss, L50, F|100/100
|switch|p2a: Pelipper|Pelipper, L50, F|100/100
|switch|p2b: Kingdra|Kingdra, L50, M, shiny|100/100
|-weather|RainDance|[from] ability: Drizzle|[of] p2a: Pelipper
|-ability|p1a: Incineroar|Intimidate|boost
|-unboost|p2a: Pelipper|atk|1
|-unboost|p2b: Kingdra|atk|1
|turn|1
|
|t:|1756897351
|move|p1a: Incineroar|Fake Out|p2b: Kingdra
|-damage|p2b: Kingdra|88/100
|cant|p2b: Kingdra|flinch
|move|p2a: Pelipper|Hurricane|p1b: Amoonguss
|-supereffective|p1b: Amoonguss
|-damage|p1b: Amoonguss|21/100
|-enditem|p1b: Amoonguss|Sitrus Berry|[eat]
|-heal|p1b: Amoonguss|46/100|[from] item: Sitrus Berry
|move|p1b: Amoonguss|Spore|p2a: Pelipper
|-status|p2a: Pelipper|slp|[from] move: Spore
|
|-weather|RainDance|[upkeep]
|upkeep
|turn|2
|
|t:|1756897372
|-terastallize|p1a: Incineroar|Ghost
|move|p2b: Kingdra|Surf|p1b: Amoonguss|[spread] p2a,p1a,p1b
|-resisted|p2a: Pelipper
|-resisted|p1b: Amoonguss
|-damage|p2a: Pelipper|49/100 slp
|-damage|p1a: Incineroar|50/100
|-damage|p1b: Amoonguss|21/100
|-damage|p2b: Kingdra|79/100|[from] item: Life Orb
|cant|p2a: Pelipper|slp
|move|p1a: Incineroar|Knock Off|p2b: Kingdra
|-damage|p2b: Kingdra|35/100
|-enditem|p2b: Kingdra|Life Orb|[from] move: Knock Off|[of] p1a: Incineroar
|move|p1b: Amoonguss|Spore|p2b: Kingdra
|-status|p2b: Kingdra|slp|[from] move: Spore
|
|-weather|RainDance|[upkeep]
|upkeep
|turn|3
|
|t:|1756897393
|switch|p1b: Gholdengo|Gholdengo, L50|100/100
|cant|p2b: Kingdra|slp
|cant|p2a: Pelipper|slp
|move|p1a: Incineroar|Knock Off|p2a: Pelipper
|-damage|p2a: Pelipper|0 fnt
|-enditem|p2a: Pelipper|Choice Scarf|[from] move: Knock Off|[of] p1a: Incineroar
|faint|p2a: Pelipper
|
|-weather|RainDance|[upkeep]
|upkeep
|
|t:|1756897401
|switch|p2a: Archaludon|Archaludon, L50, M|100/100
|turn|4
|
|t:|1756897412
|cant|p2b: Kingdra|slp
|move|p1b: Gholdengo|Nasty Plot|p1b: Gholdengo
|-boost|p1b: Gholdengo|spa|2
|move|p2a: Archaludon|Snarl|p1a: Incineroar|[spread] p1a,p1b
|-supereffective|p1a: Incineroar
|-supereffective|p1b: Gholdengo
|-crit|p1b: Gholdengo
|-damage|p1a: Incineroar|29/100
|-damage|p1b: Gholdengo|62/100
|-unboost|p1a: Incineroar|spa|1
|-unboost|p1b: Gholdengo|spa|1
|move|p1a: Incineroar|Knock Off|p2a: Archaludon
|-damage|p2a: Archaludon|71/100
|-ability|p2a: Archaludon|Stamina|boost
|-boost|p2a: Archaludon|def|1
|-enditem|p2a: Archaludon|Assault Vest|[from] move: Knock Off|[of] p1a: Incineroar
|
|-weather|RainDance|[upkeep]
|upkeep
|turn|5
|
|t:|1756897446
|switch|p2b: Comfey|Comfey, L50, M|100/100
|move|p1b: Gholdengo|Protect|p1b: Gholdengo
|-singleturn|p1b: Gholdengo|Protect
|move|p2a: Archaludon|Snarl|p1a: Incineroar|[spread] p1a
|-activate|p1b: Gholdengo|move: Protect
|-supereffective|p1a: Incineroar
|-damage|p1a: Incineroar|10/100
|-unboost|p1a: Incineroar|spa|1
|move|p1a: Incineroar|Parting Shot|p2a: Archaludon
|-unboost|p2a: Archaludon|atk|1
|-unboost|p2a: Archaludon|spa|1
|
|t:|1756897459
|switch|p1a: Sneasler|Sneasler, L50, M|100/100|[from] Parting Shot
|
|-weather|none
|upkeep
|turn|6
|
|t:|1756897521
|-terastallize|p2a: Archaludon|Grass
|move|p2b: Comfey|Floral Healing|p2a: Archaludon
|-heal|p2a: Archaludon|100/100
|move|p1a: Sneasler|Close Combat|p2a: Archaludon
|-damage|p2a: Archaludon|72/100
|-unboost|p1a: Sneasler|def|1
|-unboost|p1a: Sneasler|spd|1
|-ability|p2a: Archaludon|Stamina|boost
|-boost|p2a: Archaludon|def|1
|move|p1b: Gholdengo|Shadow Ball|p2a: Archaludon
|-damage|p2a: Archaludon|0 fnt
|faint|p2a: Archaludon
|-damage|p1b: Gholdengo|52/100|[from] item: Life Orb
|
|upkeep
|
|t:|1756897523
|switch|p2a: Kingdra|Kingdra, L50, M, shiny|35/100 slp
|turn|7
|
|t:|1756897543
|switch|p1a: Amoonguss|Amoonguss, L50, F|55/100
|move|p2b: Comfey|Floral Healing|p2a: Kingdra
|-heal|p2a: Kingdra|86/100 slp
|move|p1b: Gholdengo|Make It Rain|p2b: Comfey|[spread] p2a,p2b
|-resisted|p2a: Kingdra
|-supereffective|p2b: Comfey
|-damage|p2a: Kingdra|32/100 slp
|-damage|p2b: Comfey|0 fnt
|-unboost|p1b: Gholdengo|spa|1
|faint|p2b: Comfey
|-damage|p1b: Gholdengo|43/100|[from] item: Life Orb
|-curestatus|p2a: Kingdra|slp|[msg]
|move|p2a: Kingdra|Surf|p1a: Amoonguss|[spread] p1a,p1b
|-resisted|p1a: Amoonguss
|-damage|p1a: Amoonguss|42/100
|-damage|p1b: Gholdengo|12/100
|
|upkeep
|turn|8
|l|☆ladderingwithcalys
|player|p2|
|j|☆ladderingwithcalys
|player|p2|ladderingwithcalys|101|
|
|t:|1756897592
|move|p1b: Gholdengo|Shadow Ball|p2a: Kingdra
|-damage|p2a: Kingdra|0 fnt
|faint|p2a: Kingdra
|-damage|p1b: Gholdengo|2/100|[from] item: Life Orb
|
|win|Garmas
