|j|☆castoriceball
|j|☆manikman
|html|castoriceballmanikman    
|uhtml|bestof|Game 2 of a best-of-3
|t:|1783811818
|gametype|doubles
|player|p1|castoriceball|miku-flying|1343
|player|p2|manikman|steven|1220
|gen|9
|tier|[Gen 9 Champions] VGC 2026 Reg M-B (Bo3)
|rated|
|rule|Species Clause: Limit one of each Pokémon
|rule|Item Clause: Limit 1 of each item
|clearpoke
|poke|p1|Garchomp, L50, F|
|poke|p1|Floette-Eternal, L50, F|
|poke|p1|Talonflame, L50, F|
|poke|p1|Rotom-Wash, L50, shiny|
|poke|p1|Glimmora, L50, F|
|poke|p1|Sinistcha, L50|
|poke|p2|Scolipede, L50, M|
|poke|p2|Raichu, L50, M|
|poke|p2|Sinistcha, L50|
|poke|p2|Weavile, L50, M|
|poke|p2|Ceruledge, L50, F|
|poke|p2|Milotic, L50, F|
|teampreview|4
|showteam|p1|Garchomp||LifeOrb|RoughSkin|DragonClaw,Earthquake,RockSlide,Protect|Adamant||F|||50|]Floette-Eternal||Floettite|FlowerVeil|Moonblast,DazzlingGleam,LightofRuin,Protect|Modest||F|||50|]Talonflame||SharpBeak|GaleWings|Tailwind,DualWingbeat,QuickGuard,Protect|Jolly||F|||50|]Rotom-Wash||Magnet|Levitate|Thunderbolt,HydroPump,Electroweb,Protect|Modest|||||50|]Glimmora||Glimmoranite|ToxicDebris|PowerGem,SludgeBomb,EarthPower,Protect|Modest||F|||50|]Sinistcha||OccaBerry|Hospitality|TrickRoom,ShadowBall,RagePowder,MatchaGotcha|Calm|||||50|
|showteam|p2|Scolipede||Scolipite|SpeedBoost|LeechLife,PoisonJab,SwordsDance,Protect|Jolly||M|||50|]Raichu||RaichuniteY|LightningRod|ZapCannon,FocusBlast,Protect,FakeOut|Timid||M|||50|]Sinistcha||KasibBerry|Hospitality|MatchaGotcha,LifeDew,Protect,RagePowder|Relaxed|||||50|]Weavile||FocusSash|Pickpocket|KnockOff,TripleAxel,LowKick,FakeOut|Jolly||M|||50|]Ceruledge||ColburBerry|FlashFire|BitterBlade,ShadowSneak,Protect,BulkUp|Adamant||F|||50|]Milotic||Leftovers|Competitive|MuddyWater,Coil,Protect,Hypnosis|Calm||F|||50|
|inactive|Battle timer is ON: inactive players will automatically lose when time's up. (requested by manikman)
|inactive|manikman has 60 seconds left.
|inactive|manikman has 30 seconds left.
|inactive|manikman has 20 seconds left.
|inactive|manikman has 15 seconds left.
|
|t:|1783811896
|teamsize|p1|4
|teamsize|p2|4
|start
|switch|p1a: BIRDD|Talonflame, L50, F|100/100
|switch|p1b: $70 flutter|Floette-Eternal, L50, F|100/100
|switch|p2a: Scolipede|Scolipede, L50, M|100/100
|switch|p2b: Weavile|Weavile, L50, M|100/100
|turn|1
|
|t:|1783811913
|detailschange|p1b: $70 flutter|Floette-Mega, L50, F
|-mega|p1b: $70 flutter|Floette|Floettite
|-ability|p1b: $70 flutter|Fairy Aura
|move|p2b: Weavile|Fake Out|p1a: BIRDD
|-damage|p1a: BIRDD|78/100
|cant|p1a: BIRDD|flinch
|move|p2a: Scolipede|Swords Dance|p2a: Scolipede
|-boost|p2a: Scolipede|atk|2
|move|p1b: $70 flutter|Dazzling Gleam|p2b: Weavile|[spread] p2a,p2b
|-resisted|p2a: Scolipede|1
|-supereffective|p2b: Weavile|1
|-damage|p2a: Scolipede|63/100
|-enditem|p2b: Weavile|Focus Sash
|-damage|p2b: Weavile|1/100
|
|-ability|p2a: Scolipede|Speed Boost|boost
|-boost|p2a: Scolipede|spe|1
|upkeep
|turn|2
|inactive|castoriceball has 30 seconds left.
|inactive|manikman has 30 seconds left.
|inactive|castoriceball has 20 seconds left.
|inactive|manikman has 20 seconds left.
|inactive|castoriceball has 15 seconds left.
|inactive|manikman has 15 seconds left.
|
|t:|1783811956
|switch|p1a: jarchomp|Garchomp, L50, F|100/100
|move|p2a: Scolipede|Protect|p2a: Scolipede
|-singleturn|p2a: Scolipede|Protect
|move|p2b: Weavile|Knock Off|p1a: jarchomp
|-damage|p1a: jarchomp|52/100
|-damage|p2b: Weavile|0 fnt|[from] ability: Rough Skin|[of] p1a: jarchomp
|-enditem|p1a: jarchomp|Life Orb|[from] move: Knock Off|[of] p2b: Weavile
|faint|p2b: Weavile
|move|p1b: $70 flutter|Dazzling Gleam|p2a: Scolipede
|-activate|p2a: Scolipede|move: Protect
|
|-ability|p2a: Scolipede|Speed Boost|boost
|-boost|p2a: Scolipede|spe|1
|upkeep
|
|t:|1783811963
|switch|p2b: Sinistcha|Sinistcha, L50|100/100
|-heal|p2a: Scolipede|88/100|[from] ability: Hospitality|[of] p2b: Sinistcha
|turn|3
|
|t:|1783811979
|detailschange|p2a: Scolipede|Scolipede-Mega, L50, M
|-mega|p2a: Scolipede|Scolipede|Scolipite
|move|p1a: jarchomp|Protect|p1a: jarchomp
|-singleturn|p1a: jarchomp|Protect
|move|p2a: Scolipede|Leech Life|p1a: jarchomp
|-activate|p1a: jarchomp|move: Protect
|move|p1b: $70 flutter|Light of Ruin|p2b: Sinistcha
|-damage|p2b: Sinistcha|0 fnt
|faint|p2b: Sinistcha
|-damage|p1b: $70 flutter|43/100|[from] Recoil
|
|upkeep
|
|t:|1783811985
|switch|p2b: Milotic|Milotic, L50, F|100/100
|turn|4
|
|t:|1783811994
|move|p2a: Scolipede|Leech Life|p1a: jarchomp
|-damage|p1a: jarchomp|0 fnt
|-heal|p2a: Scolipede|100/100|[from] drain|[of] p1a: jarchomp
|-damage|p2a: Scolipede|88/100|[from] ability: Rough Skin|[of] p1a: jarchomp
|faint|p1a: jarchomp
|move|p1b: $70 flutter|Light of Ruin|p2b: Milotic
|-crit|p2b: Milotic
|-damage|p2b: Milotic|0 fnt
|faint|p2b: Milotic
|-damage|p1b: $70 flutter|0 fnt|[from] Recoil
|faint|p1b: $70 flutter
|
|upkeep
|
|t:|1783812004
|switch|p1b: Laundry List|Rotom-Wash, L50, shiny|100/100
|switch|p1a: BIRDD|Talonflame, L50, F|78/100
|turn|5
|inactive|castoriceball has 30 seconds left.
|
|t:|1783812032
|move|p1a: BIRDD|Protect|p1a: BIRDD
|-singleturn|p1a: BIRDD|Protect
|move|p2a: Scolipede|Poison Jab|p1a: BIRDD
|-activate|p1a: BIRDD|move: Protect
|move|p1b: Laundry List|Electroweb|p2a: Scolipede
|-damage|p2a: Scolipede|52/100
|-unboost|p2a: Scolipede|spe|1
|
|upkeep
|turn|6
|
|t:|1783812042
|move|p1a: BIRDD|Tailwind|p1a: BIRDD
|-sidestart|p1: castoriceball|move: Tailwind
|move|p1b: Laundry List|Thunderbolt|p2a: Scolipede
|-damage|p2a: Scolipede|0 fnt
|faint|p2a: Scolipede
|
|win|castoriceball
