|j|☆Advertisementish
|j|☆Traindelpivgc
|html|AdvertisementishTraindelpivgc    
|uhtml|bestof|Game 1 of a best-of-3
|t:|1756213119
|gametype|doubles
|player|p1|Advertisementish|n|1166
|player|p2|Traindelpivgc|hilbert-wonderlauncher|1118
|gen|9
|tier|[Gen 9] VGC 2025 Reg H (Bo3)
|rated|
|rule|Species Clause: Limit one of each Pokémon
|rule|Item Clause: Limit 1 of each item
|clearpoke
|poke|p1|Dragonite, L50, F|
|poke|p1|Tatsugiri-Droopy, L50, M|
|poke|p1|Dondozo, L50, M|
|poke|p1|Glimmora, L50, M|
|poke|p1|Gholdengo, L50|
|poke|p1|Talonflame, L50, M|
|poke|p2|Incineroar, L50, M|
|poke|p2|Amoonguss, L50, F|
|poke|p2|Ursaluna-Bloodmoon, L50, M|
|poke|p2|Sneasler, L50, M|
|poke|p2|Gholdengo, L50|
|poke|p2|Dragonite, L50, F|
|teampreview|4
|showteam|p1|Dragonite||ChoiceBand|InnerFocus|IceSpinner,ExtremeSpeed,Earthquake,Outrage|||F|||50|,,,,,Normal]Tatsugiri-Droopy||FocusSash|Commander|MuddyWater,Protect,DracoMeteor,IcyWind|||M|||50|,,,,,Steel]Dondozo||Leftovers|Unaware|Crunch,OrderUp,Protect,BodyPress|||M|||50|,,,,,Grass]Glimmora||AssaultVest|ToxicDebris|EarthPower,PowerGem,MortalSpin,EnergyBall|||M|||50|,,,,,Grass]Gholdengo||ChoiceSpecs|GoodasGold|MakeItRain,ShadowBall,Thunderbolt,PowerGem||||||50|,,,,,Steel]Talonflame||CovertCloak|GaleWings|DualWingbeat,WillOWisp,Taunt,Tailwind|||M|||50|,,,,,Flying
|showteam|p2|Incineroar||SafetyGoggles|Intimidate|FlareBlitz,KnockOff,PartingShot,FakeOut|||M|||50|,,,,,Ghost]Amoonguss||SitrusBerry|Regenerator|Spore,RagePowder,PollenPuff,Protect|||F|||50|,,,,,Psychic]Ursaluna-Bloodmoon||AssaultVest|MindsEye|HyperVoice,BloodMoon,EarthPower,VacuumWave|||M|||50|,,,,,Water]Sneasler||FocusSash|Unburden|CloseCombat,DireClaw,ThroatChop,Protect|||M|||50|,,,,,Stellar]Gholdengo||LifeOrb|GoodasGold|MakeItRain,ShadowBall,NastyPlot,Protect||||||50|,,,,,Water]Dragonite||LoadedDice|Multiscale|ScaleShot,Tailwind,Haze,Protect|||F|||50|,,,,,Fairy
|inactive|Battle timer is ON: inactive players will automatically lose when time's up. (requested by Advertisementish)
|inactive|Traindelpivgc has 60 seconds left.
|inactive|Traindelpivgc has 30 seconds left.
|inactive|Traindelpivgc has 20 seconds left.
|inactive|Traindelpivgc has 15 seconds left.
|inactive|Traindelpivgc has 10 seconds left.
|inactive|Traindelpivgc has 5 seconds left.
|
|t:|1756213208
|teamsize|p1|4
|teamsize|p2|4
|start
|switch|p1a: Dragonite|Dragonite, L50, F|100/100
|switch|p1b: Glimmora|Glimmora, L50, M|100/100
|switch|p2a: Ursaluna|Ursaluna-Bloodmoon, L50, M|100/100
|switch|p2b: Sneasler|Sneasler, L50, M|100/100
|turn|1
|inactive|Traindelpivgc has 30 seconds left.
|inactive|Traindelpivgc has 20 seconds left.
|inactive|Traindelpivgc has 15 seconds left.
|inactive|Traindelpivgc has 10 seconds left.
|
|t:|1756213257
|move|p2b: Sneasler|Dire Claw|p1a: Dragonite
|-damage|p1a: Dragonite|64/100
|move|p1b: Glimmora|Mortal Spin|p2a: Ursaluna|[spread] p2a,p2b
|-resisted|p2a: Ursaluna
|-crit|p2a: Ursaluna
|-resisted|p2b: Sneasler
|-damage|p2a: Ursaluna|98/100
|-damage|p2b: Sneasler|97/100
|-status|p2a: Ursaluna|psn
|move|p1a: Dragonite|Outrage|p2b: Sneasler
|-damage|p2b: Sneasler|0 fnt
|faint|p2b: Sneasler
|move|p2a: Ursaluna|Earth Power|p1b: Glimmora
|-supereffective|p1b: Glimmora
|-damage|p1b: Glimmora|0 fnt
|faint|p1b: Glimmora
|
|-damage|p2a: Ursaluna|86/100 psn|[from] psn
|upkeep
|
|t:|1756213279
|switch|p2b: Incineroar|Incineroar, L50, M|100/100
|switch|p1b: Dondozo|Dondozo, L50, M|100/100
|-ability|p2b: Incineroar|Intimidate|boost
|-fail|p1a: Dragonite|unboost|Attack|[from] ability: Inner Focus|[of] p1a: Dragonite
|-unboost|p1b: Dondozo|atk|1
|turn|2
|inactive|Traindelpivgc has 30 seconds left.
|
|t:|1756213308
|move|p1b: Dondozo|Protect|p1b: Dondozo
|-singleturn|p1b: Dondozo|Protect
|move|p2b: Incineroar|Fake Out|p1b: Dondozo
|-activate|p1b: Dondozo|move: Protect
|move|p1a: Dragonite|Outrage|p2b: Incineroar|[from] lockedmove
|-damage|p2b: Incineroar|9/100
|-start|p1a: Dragonite|confusion|[fatigue]
|move|p2a: Ursaluna|Hyper Voice|p1b: Dondozo|[spread] p1a
|-activate|p1b: Dondozo|move: Protect
|-damage|p1a: Dragonite|33/100
|
|-damage|p2a: Ursaluna|73/100 psn|[from] psn
|upkeep
|turn|3
|inactive|Traindelpivgc has 30 seconds left.
|
|t:|1756213333
|switch|p1a: Tatsugiri|Tatsugiri-Droopy, L50, M, shiny|100/100
|-activate|p1a: Tatsugiri|ability: Commander|[of] p1b: Dondozo
|-boost|p1b: Dondozo|atk|2
|-boost|p1b: Dondozo|spa|2
|-boost|p1b: Dondozo|spe|2
|-boost|p1b: Dondozo|def|2
|-boost|p1b: Dondozo|spd|2
|-terastallize|p2a: Ursaluna|Water
|move|p1b: Dondozo|Body Press|p2a: Ursaluna
|-damage|p2a: Ursaluna|32/100 psn
|move|p2b: Incineroar|Parting Shot|p1b: Dondozo
|-unboost|p1b: Dondozo|atk|1
|-unboost|p1b: Dondozo|spa|1
|
|t:|1756213345
|switch|p2b: Dragonite|Dragonite, L50, F|100/100|[from] Parting Shot
|move|p2a: Ursaluna|Blood Moon|p1b: Dondozo
|-damage|p1b: Dondozo|69/100
|
|-heal|p1b: Dondozo|75/100|[from] item: Leftovers
|-damage|p2a: Ursaluna|20/100 psn|[from] psn
|upkeep
|turn|4
|inactive|Traindelpivgc has 30 seconds left.
|
|t:|1756213375
|switch|p2a: Incineroar|Incineroar, L50, M|9/100
|-ability|p2a: Incineroar|Intimidate|boost
|-unboost|p1a: Tatsugiri|atk|1
|-unboost|p1b: Dondozo|atk|1
|move|p1b: Dondozo|Order Up|p2a: Incineroar
|-damage|p2a: Incineroar|0 fnt
|faint|p2a: Incineroar
|-boost|p1b: Dondozo|def|1
|move|p2b: Dragonite|Haze|p2b: Dragonite
|-clearallboost
|
|-heal|p1b: Dondozo|81/100|[from] item: Leftovers
|upkeep
|
|t:|1756213390
|switch|p2a: Ursaluna|Ursaluna-Bloodmoon, L50, M, tera:Water|20/100 psn
|turn|5
|
|t:|1756213402
|move|p1b: Dondozo|Protect|p1b: Dondozo
|-singleturn|p1b: Dondozo|Protect
|move|p2b: Dragonite|Tailwind|p2b: Dragonite
|-sidestart|p2: Traindelpivgc|move: Tailwind
|move|p2a: Ursaluna|Blood Moon|p1b: Dondozo
|-activate|p1b: Dondozo|move: Protect
|
|-heal|p1b: Dondozo|87/100|[from] item: Leftovers
|-damage|p2a: Ursaluna|8/100 psn|[from] psn
|upkeep
|turn|6
|
|t:|1756213419
|move|p2b: Dragonite|Scale Shot|p1b: Dondozo
|-damage|p1b: Dondozo|79/100
|-damage|p1b: Dondozo|71/100
|-damage|p1b: Dondozo|63/100
|-damage|p1b: Dondozo|54/100
|-damage|p1b: Dondozo|47/100
|-hitcount|p1b: Dondozo|5
|-unboost|p2b: Dragonite|def|1
|-boost|p2b: Dragonite|spe|1
|move|p2a: Ursaluna|Hyper Voice|p1a: Tatsugiri|[spread] p1b
|-miss|p2a: Ursaluna|p1a: Tatsugiri
|-damage|p1b: Dondozo|12/100
|move|p1b: Dondozo|Order Up|p2b: Dragonite
|-supereffective|p2b: Dragonite
|-damage|p2b: Dragonite|79/100
|-boost|p1b: Dondozo|def|1
|
|-heal|p1b: Dondozo|18/100|[from] item: Leftovers
|-damage|p2a: Ursaluna|0 fnt|[from] psn
|faint|p2a: Ursaluna
|upkeep
|turn|7
|-message|Traindelpivgc forfeited.
|
|win|Advertisementish
||Advertisementish is ready for game 2.
||Traindelpivgc is ready for game 2.
|uhtml|next|Next: Game 2 of 3
|l|☆Advertisementish
|player|p1|
