|j|☆tamer763
|j|☆komsu
|html|tamer763komsu    
|uhtml|bestof|Game 3 of a best-of-3
|t:|1783856258
|gametype|doubles
|player|p1|tamer763|roughneck-gen4|1275
|player|p2|komsu|gambler|1205
|gen|9
|tier|[Gen 9 Champions] VGC 2026 Reg M-B (Bo3)
|rated|
|rule|Species Clause: Limit one of each Pokémon
|rule|Item Clause: Limit 1 of each item
|clearpoke
|poke|p1|Charizard, L50, M|
|poke|p1|Garchomp, L50, F|
|poke|p1|Milotic, L50, M|
|poke|p1|Whimsicott, L50, M|
|poke|p1|Gholdengo, L50|
|poke|p1|Raichu, L50, F|
|poke|p2|Kingambit, L50, M|
|poke|p2|Charizard, L50, M|
|poke|p2|Aerodactyl, L50, M|
|poke|p2|Farigiraf, L50, M|
|poke|p2|Garchomp, L50, M|
|poke|p2|Sylveon, L50, M|
|teampreview|4
|showteam|p1|Charizard||CharizarditeY|Blaze|WeatherBall,HeatWave,SolarBeam,Protect|Timid||M|||50|]Garchomp||HabanBerry|RoughSkin|Earthquake,DragonClaw,StompingTantrum,Protect|Jolly||F|||50|]Milotic||Leftovers|Competitive|Hypnosis,Scald,Coil,Protect|Modest||M|||50|]Whimsicott||FocusSash|Prankster|Tailwind,EnergyBall,Encore,Protect|Timid||M|||50|]Gholdengo||LifeOrb|GoodasGold|MakeItRain,ShadowBall,NastyPlot,Protect|Modest|||||50|]Raichu||RaichuniteY|LightningRod|FakeOut,ZapCannon,FocusBlast,Protect|Timid||F|||50|
|showteam|p2|Kingambit||FocusSash|Defiant|KowtowCleave,IronHead,SuckerPunch,LowKick|Adamant||M|||50|]Charizard||CharizarditeY|Blaze|HeatWave,SolarBeam,WeatherBall,Protect|Modest||M|||50|]Aerodactyl||Aerodactylite|Unnerve|RockSlide,DualWingbeat,IceFang,Tailwind|Jolly||M|||50|]Farigiraf||SitrusBerry|ArmorTail|Psychic,Thunderbolt,TrickRoom,Protect|Bold||M|||50|]Garchomp||LifeOrb|RoughSkin|Earthquake,DragonClaw,RockSlide,Protect|Jolly||M|||50|]Sylveon||FairyFeather|Pixilate|HyperVoice,HyperBeam,QuickAttack,Protect|Modest||M|||50|
|inactive|Battle timer is ON: inactive players will automatically lose when time's up. (requested by tamer763)
|
|t:|1783856282
|teamsize|p1|4
|teamsize|p2|4
|start
|switch|p1a: Milotic|Milotic, L50, M|100/100
|switch|p1b: Gholdengo|Gholdengo, L50|100/100
|switch|p2a: Farigiraf|Farigiraf, L50, M|100/100
|switch|p2b: Kingambit|Kingambit, L50, M|100/100
|turn|1
|
|t:|1783856298
|move|p1b: Gholdengo|Protect|p1b: Gholdengo
|-singleturn|p1b: Gholdengo|Protect
|move|p1a: Milotic|Hypnosis|p2a: Farigiraf|[miss]
|-miss|p1a: Milotic|p2a: Farigiraf
|move|p2b: Kingambit|Kowtow Cleave|p1b: Gholdengo
|-activate|p1b: Gholdengo|move: Protect
|move|p2a: Farigiraf|Trick Room|p2a: Farigiraf
|-fieldstart|move: Trick Room|[of] p2a: Farigiraf
|
|upkeep
|turn|2
|inactive|tamer763 has 30 seconds left.
|inactive|tamer763 has 20 seconds left.
|
|t:|1783856334
|switch|p1b: Garchomp|Garchomp, L50, F|100/100
|move|p2a: Farigiraf|Thunderbolt|p1a: Milotic
|-supereffective|p1a: Milotic|1
|-damage|p1a: Milotic|65/100
|move|p2b: Kingambit|Kowtow Cleave|p1b: Garchomp
|-damage|p1b: Garchomp|46/100
|-damage|p2b: Kingambit|87/100|[from] ability: Rough Skin|[of] p1b: Garchomp
|move|p1a: Milotic|Scald|p2b: Kingambit
|-damage|p2b: Kingambit|41/100
|
|-heal|p1a: Milotic|71/100|[from] item: Leftovers
|upkeep
|turn|3
|
|t:|1783856358
|move|p1b: Garchomp|Protect|p1b: Garchomp
|-singleturn|p1b: Garchomp|Protect
|move|p2a: Farigiraf|Thunderbolt|p1a: Milotic
|-supereffective|p1a: Milotic|1
|-damage|p1a: Milotic|38/100
|-status|p1a: Milotic|par
|move|p1a: Milotic|Scald|p2b: Kingambit
|-damage|p2b: Kingambit|0 fnt
|faint|p2b: Kingambit
|
|-heal|p1a: Milotic|44/100 par|[from] item: Leftovers
|upkeep
|
|t:|1783856370
|switch|p2b: Sylveon|Sylveon, L50, M|100/100
|turn|4
|
|t:|1783856388
|switch|p2a: Charizard|Charizard, L50, M|100/100
|move|p1a: Milotic|Hypnosis|p2b: Sylveon|[miss]
|-miss|p1a: Milotic|p2b: Sylveon
|move|p2b: Sylveon|Hyper Voice|p1a: Milotic|[spread] p1a,p1b
|-supereffective|p1b: Garchomp|1
|-damage|p1a: Milotic|6/100 par
|-damage|p1b: Garchomp|0 fnt
|faint|p1b: Garchomp
|
|-heal|p1a: Milotic|12/100 par|[from] item: Leftovers
|upkeep
|
|t:|1783856402
|switch|p1b: Raichu|Raichu, L50, F|100/100
|turn|5
|
|t:|1783856425
|detailschange|p1b: Raichu|Raichu-Mega-Y, L50, F
|-mega|p1b: Raichu|Raichu|Raichunite Y
|move|p2b: Sylveon|Protect|p2b: Sylveon
|-singleturn|p2b: Sylveon|Protect
|move|p2a: Charizard|Protect|p2a: Charizard
|-singleturn|p2a: Charizard|Protect
|move|p1b: Raichu|Fake Out|p2a: Charizard
|-activate|p2a: Charizard|move: Protect
|move|p1a: Milotic|Hypnosis|p2b: Sylveon
|-activate|p2b: Sylveon|move: Protect
|
|-heal|p1a: Milotic|18/100 par|[from] item: Leftovers
|-fieldend|move: Trick Room
|upkeep
|turn|6
|inactive|tamer763 has 30 seconds left.
|inactive|tamer763 has 20 seconds left.
|inactive|tamer763 has 15 seconds left.
|
|t:|1783856467
|switch|p2a: Farigiraf|Farigiraf, L50, M|100/100
|move|p1b: Raichu|Zap Cannon|p2a: Farigiraf
|-crit|p2a: Farigiraf
|-damage|p2a: Farigiraf|0 fnt
|faint|p2a: Farigiraf
|move|p2b: Sylveon|Hyper Beam|p1b: Raichu
|-damage|p1b: Raichu|0 fnt
|-mustrecharge|p2b: Sylveon
|faint|p1b: Raichu
|move|p1a: Milotic|Hypnosis|p2b: Sylveon
|-status|p2b: Sylveon|slp|[from] move: Hypnosis
|
|-heal|p1a: Milotic|24/100 par|[from] item: Leftovers
|upkeep
|
|t:|1783856482
|switch|p1b: Gholdengo|Gholdengo, L50|100/100
|switch|p2a: Charizard|Charizard, L50, M|100/100
|turn|7
|
|t:|1783856506
|detailschange|p2a: Charizard|Charizard-Mega-Y, L50, M
|-mega|p2a: Charizard|Charizard|Charizardite Y
|-weather|SunnyDay|[from] ability: Drought|[of] p2a: Charizard
|move|p1b: Gholdengo|Protect|p1b: Gholdengo
|-singleturn|p1b: Gholdengo|Protect
|move|p2a: Charizard|Heat Wave|p1a: Milotic|[spread] p1a
|-activate|p1b: Gholdengo|move: Protect
|-resisted|p1a: Milotic|1
|-damage|p1a: Milotic|2/100 par
|cant|p2b: Sylveon|recharge
|cant|p1a: Milotic|par
|
|-weather|SunnyDay|[upkeep]
|-heal|p1a: Milotic|8/100 par|[from] item: Leftovers
|upkeep
|turn|8
|-message|tamer763 forfeited.
|
|win|komsu
|raw|tamer763's rating: 1275 → 1245(-30 for losing)
|raw|komsu's rating: 1205 → 1235(+30 for winning)
|l|☆tamer763
|player|p1|
