|j|☆CJ Zeke
|j|☆ClumbsyLilBeach
|html|CJ ZekeClumbsyLilBeach    
|uhtml|bestof|Game 1 of a best-of-3
|t:|1785622821
|gametype|doubles
|player|p1|CJ Zeke|266|1000
|player|p2|ClumbsyLilBeach|jasmine|1066
|gen|9
|tier|[Gen 9 Champions] VGC 2026 Reg M-B (Bo3)
|rated|
|rule|Species Clause: Limit one of each Pokémon
|rule|Item Clause: Limit 1 of each item
|clearpoke
|poke|p1|Farigiraf, L50, M|
|poke|p1|Blastoise, L50, F|
|poke|p1|Sylveon, L50, M|
|poke|p1|Drampa, L50, M|
|poke|p1|Blaziken, L50, M|
|poke|p1|Maushold, L50|
|poke|p2|Swampert, L50, M|
|poke|p2|Pelipper, L50, F|
|poke|p2|Basculegion, L50, M|
|poke|p2|Slowbro, L50, F|
|poke|p2|Blastoise, L50, F|
|poke|p2|Milotic, L50, M|
|teampreview|4
|showteam|p1|Farigiraf||ColburBerry|ArmorTail|Psychic,HyperVoice,TrickRoom,Protect|Quiet||M|||50|]Blastoise||Blastoisinite|RainDish|WaterSpout,AuraSphere,DarkPulse,FakeOut|Quiet||F|||50|]Sylveon||FairyFeather|Pixilate|HyperVoice,HyperBeam,QuickAttack,MysticalFire|Quiet||M|||50|]Drampa||LifeOrb|CloudNine|DracoMeteor,HyperVoice,HeatWave,EnergyBall|Quiet||M|||50|]Blaziken||Blazikenite|SpeedBoost|FlareBlitz,CloseCombat,RockSlide,Detect|Adamant||M|||50|]Maushold||WideLens|Technician|FollowMe,Feint,PopulationBomb,Taunt|Adamant|||||50|
|showteam|p2|Swampert||Swampertite|Damp|Earthquake,Waterfall,BulkUp,Protect|Jolly||M|||50|]Pelipper||FocusSash|Drizzle|WideGuard,Tailwind,Hurricane,WeatherBall|Timid||F|||50|]Basculegion||ChoiceScarf|Adaptability|LastRespects,WaveCrash,FlipTurn,AquaJet|Jolly||M|||50|]Slowbro||Leftovers|Oblivious|TrickRoom,HealPulse,RainDance,Psychic|Relaxed||F|||50|]Blastoise||Blastoisinite|RainDish|FakeOut,Protect,WaterSpout,WaterPulse|Quiet||F|||50|]Milotic||SitrusBerry|Competitive|Protect,Scald,IceBeam,IcyWind|Modest||M|||50|
|inactive|Battle timer is ON: inactive players will automatically lose when time's up. (requested by ClumbsyLilBeach)
|inactive|CJ Zeke has 60 seconds left.
|
|t:|1785622865
|teamsize|p1|4
|teamsize|p2|4
|start
|switch|p1a: Farigiraf|Farigiraf, L50, M|100/100
|switch|p1b: Blastoise|Blastoise, L50, F|100/100
|switch|p2a: Pelipper|Pelipper, L50, F|100/100
|switch|p2b: Basculegion|Basculegion, L50, M|100/100
|-weather|RainDance|[from] ability: Drizzle|[of] p2a: Pelipper
|turn|1
|
|t:|1785622882
|switch|p2a: Milotic|Milotic, L50, M|100/100
|move|p1b: Blastoise|Fake Out|p2a: Milotic
|-damage|p2a: Milotic|92/100
|move|p2b: Basculegion|Wave Crash|p1a: Farigiraf
|-damage|p1a: Farigiraf|0 fnt
|faint|p1a: Farigiraf
|-damage|p2b: Basculegion|71/100|[from] Recoil
|
|-weather|RainDance|[upkeep]
|upkeep
|
|t:|1785622892
|switch|p1a: Maushold|Maushold, L50|100/100
|turn|2
|
|t:|1785622905
|detailschange|p1b: Blastoise|Blastoise-Mega, L50, F
|-mega|p1b: Blastoise|Blastoise|Blastoisinite
|move|p2b: Basculegion|Wave Crash|p1a: Maushold
|-damage|p1a: Maushold|0 fnt
|faint|p1a: Maushold
|-damage|p2b: Basculegion|48/100|[from] Recoil
|move|p2a: Milotic|Icy Wind|p1b: Blastoise
|-resisted|p1b: Blastoise|1
|-damage|p1b: Blastoise|91/100
|-unboost|p1b: Blastoise|spe|1
|move|p1b: Blastoise|Water Spout|p2a: Milotic|[spread] p2a,p2b
|-resisted|p2a: Milotic|1
|-resisted|p2b: Basculegion|1
|-damage|p2a: Milotic|65/100
|-damage|p2b: Basculegion|13/100
|
|-weather|RainDance|[upkeep]
|upkeep
|
|t:|1785622922
|switch|p1a: Sylveon|Sylveon, L50, M|100/100
|turn|3
|
|t:|1785622933
|move|p2b: Basculegion|Wave Crash|p1a: Sylveon
|-damage|p1a: Sylveon|0 fnt
|faint|p1a: Sylveon
|-damage|p2b: Basculegion|0 fnt|[from] Recoil
|faint|p2b: Basculegion
|move|p2a: Milotic|Scald|p1b: Blastoise
|-resisted|p1b: Blastoise|1
|-damage|p1b: Blastoise|66/100
|move|p1b: Blastoise|Dark Pulse|p2a: Milotic
|-damage|p2a: Milotic|38/100
|-enditem|p2a: Milotic|Sitrus Berry|[eat]
|-heal|p2a: Milotic|63/100|[from] item: Sitrus Berry
|
|-weather|RainDance|[upkeep]
|upkeep
|
|t:|1785622950
|switch|p2b: Swampert|Swampert, L50, M|100/100
|turn|4
|
|t:|1785622958
|detailschange|p2b: Swampert|Swampert-Mega, L50, M
|-mega|p2b: Swampert|Swampert|Swampertite
|move|p2b: Swampert|Bulk Up|p2b: Swampert
|-boost|p2b: Swampert|atk|1
|-boost|p2b: Swampert|def|1
|move|p2a: Milotic|Scald|p1b: Blastoise
|-resisted|p1b: Blastoise|1
|-damage|p1b: Blastoise|37/100
|move|p1b: Blastoise|Aura Sphere|p2a: Milotic
|-damage|p2a: Milotic|33/100
|
|-weather|RainDance|[upkeep]
|upkeep
|turn|5
|
|t:|1785622975
|move|p2b: Swampert|Waterfall|p1b: Blastoise
|-resisted|p1b: Blastoise|1
|-damage|p1b: Blastoise|0 fnt
|faint|p1b: Blastoise
|
|win|ClumbsyLilBeach
||CJ Zeke is ready for game 2.
