|j|☆Olciax34
|j|☆G3N13
|html|Olciax34G3N13    
|uhtml|bestof|Game 1 of a best-of-3
|t:|1784713160
|gametype|doubles
|player|p1|Olciax34|clair|1300
|player|p2|G3N13|n|1214
|gen|9
|tier|[Gen 9 Champions] VGC 2026 Reg M-B (Bo3)
|rated|
|rule|Species Clause: Limit one of each Pokémon
|rule|Item Clause: Limit 1 of each item
|clearpoke
|poke|p1|Charizard, L50, F|
|poke|p1|Whimsicott, L50, M|
|poke|p1|Garchomp, L50, M|
|poke|p1|Basculegion, L50, M|
|poke|p1|Floette-Eternal, L50, F|
|poke|p1|Kingambit, L50, F|
|poke|p2|Ninetales-Alola, L50, M|
|poke|p2|Gholdengo, L50|
|poke|p2|Garchomp, L50, M|
|poke|p2|Scovillain, L50, M|
|poke|p2|Sneasler, L50, M|
|poke|p2|Aerodactyl, L50, M|
|teampreview|4
|showteam|p1|Charizard||CharizarditeY|SolarPower|HeatWave,WeatherBall,SolarBeam,Protect|Modest||F|||50|]Whimsicott||FocusSash|Prankster|Moonblast,Tailwind,Encore,Protect|Timid||M|||50|]Garchomp||LifeOrb|RoughSkin|Earthquake,DragonClaw,RockSlide,Protect|Jolly||M|||50|]Basculegion||ChoiceScarf|Adaptability|WaveCrash,FlipTurn,LastRespects,AquaJet|Jolly||M|||50|]Floette-Eternal||Floettite|FlowerVeil|DrainingKiss,Moonblast,CalmMind,Protect|Modest||F|||50|]Kingambit||ChopleBerry|Defiant|KowtowCleave,SuckerPunch,IronHead,LowKick|Adamant||F|||50|
|showteam|p2|Ninetales-Alola||LightClay|SnowWarning|Moonblast,Protect,FreezeDry,AuroraVeil|Modest||M|||50|]Gholdengo||LifeOrb|GoodasGold|MakeItRain,ShadowBall,NastyPlot,Protect|Modest|||||50|]Garchomp||HabanBerry|RoughSkin|Earthquake,DragonClaw,Protect,RockSlide|Jolly||M|||50|]Scovillain||Scovillainite|Moody|Overheat,RagePowder,Protect,GigaDrain|Bold||M|||50|]Sneasler||WhiteHerb|Unburden|CloseCombat,DireClaw,FakeOut,Protect|Adamant||M|||50|]Aerodactyl||Aerodactylite|RockHead|Tailwind,RockSlide,DualWingbeat,Protect|Jolly||M|||50|
|inactive|Battle timer is ON: inactive players will automatically lose when time's up. (requested by Olciax34)
|inactive|Olciax34 has 60 seconds left.
|inactive|G3N13 has 60 seconds left.
|
|t:|1784713216
|teamsize|p1|4
|teamsize|p2|4
|start
|switch|p1a: Basculegion|Basculegion, L50, M|100/100
|switch|p1b: Whimsicott|Whimsicott, L50, M|100/100
|switch|p2a: Garchomp|Garchomp, L50, M|100/100
|switch|p2b: Scovillain|Scovillain, L50, M|100/100
|turn|1
|inactive|Olciax34 has 30 seconds left.
|
|t:|1784713246
|switch|p1a: Floette|Floette-Eternal, L50, F|100/100
|detailschange|p2b: Scovillain|Scovillain-Mega, L50, M
|-mega|p2b: Scovillain|Scovillain|Scovillainite
|move|p2b: Scovillain|Rage Powder|p2b: Scovillain
|-singleturn|p2b: Scovillain|move: Rage Powder
|move|p1b: Whimsicott|Tailwind|p1b: Whimsicott
|-sidestart|p1: Olciax34|move: Tailwind
|move|p2a: Garchomp|Dragon Claw|p1a: Floette
|-immune|p1a: Floette
|
|upkeep
|turn|2
|inactive|G3N13 has 30 seconds left.
|inactive|G3N13 has 20 seconds left.
|
|t:|1784713284
|detailschange|p1a: Floette|Floette-Mega, L50, F
|-mega|p1a: Floette|Floette|Floettite
|-ability|p1a: Floette|Fairy Aura
|move|p2b: Scovillain|Rage Powder|p2b: Scovillain
|-singleturn|p2b: Scovillain|move: Rage Powder
|move|p1b: Whimsicott|Encore|p2a: Garchomp
|-start|p2a: Garchomp|Encore
|move|p1a: Floette|Calm Mind|p1a: Floette
|-boost|p1a: Floette|spa|1
|-boost|p1a: Floette|spd|1
|move|p2a: Garchomp|Dragon Claw|p1b: Whimsicott
|-immune|p1b: Whimsicott
|
|upkeep
|turn|3
|
|t:|1784713307
|switch|p2a: Gholdengo|Gholdengo, L50|100/100
|move|p1b: Whimsicott|Protect|p1b: Whimsicott
|-singleturn|p1b: Whimsicott|Protect
|move|p2b: Scovillain|Rage Powder|p2b: Scovillain
|-singleturn|p2b: Scovillain|move: Rage Powder
|move|p1a: Floette|Moonblast|p2b: Scovillain
|-resisted|p2b: Scovillain|1
|-damage|p2b: Scovillain|50/100y
|-status|p1a: Floette|brn|[from] ability: Spicy Spray|[of] p2b: Scovillain
|
|-damage|p1a: Floette|94/100 brn|[from] brn
|upkeep
|turn|4
|
|t:|1784713330
|switch|p2b: Ninetales|Ninetales-Alola, L50, M|100/100
|-weather|Snowscape|[from] ability: Snow Warning|[of] p2b: Ninetales
|move|p1b: Whimsicott|Moonblast|p2a: Gholdengo
|-resisted|p2a: Gholdengo|1
|-damage|p2a: Gholdengo|78/100
|-unboost|p2a: Gholdengo|spa|1
|move|p1a: Floette|Moonblast|p2a: Gholdengo
|-resisted|p2a: Gholdengo|1
|-damage|p2a: Gholdengo|26/100
|move|p2a: Gholdengo|Make It Rain|p1a: Floette|[spread] p1a,p1b
|-supereffective|p1a: Floette|1
|-supereffective|p1b: Whimsicott|1
|-damage|p1a: Floette|52/100 brn
|-enditem|p1b: Whimsicott|Focus Sash
|-damage|p1b: Whimsicott|1/100
|-unboost|p2a: Gholdengo|spa|2
|-damage|p2a: Gholdengo|16/100|[from] item: Life Orb
|
|-weather|Snowscape|[upkeep]
|-damage|p1a: Floette|46/100 brn|[from] brn
|-sideend|p1: Olciax34|move: Tailwind
|upkeep
|turn|5
|
|t:|1784713354
|move|p2a: Gholdengo|Protect|p2a: Gholdengo
|-singleturn|p2a: Gholdengo|Protect
|move|p1b: Whimsicott|Tailwind|p1b: Whimsicott
|-sidestart|p1: Olciax34|move: Tailwind
|move|p1a: Floette|Draining Kiss|p2b: Ninetales
|-damage|p2b: Ninetales|35/100
|-heal|p1a: Floette|95/100 brn|[from] drain|[of] p2b: Ninetales
|move|p2b: Ninetales|Moonblast|p1a: Floette
|-damage|p1a: Floette|72/100 brn
|
|-weather|Snowscape|[upkeep]
|-damage|p1a: Floette|66/100 brn|[from] brn
|upkeep
|turn|6
|
|t:|1784713374
|move|p2b: Ninetales|Protect|p2b: Ninetales
|-singleturn|p2b: Ninetales|Protect
|move|p1b: Whimsicott|Moonblast|p2a: Gholdengo
|-resisted|p2a: Gholdengo|1
|-damage|p2a: Gholdengo|0 fnt
|faint|p2a: Gholdengo
|move|p1a: Floette|Draining Kiss|p2b: Ninetales
|-activate|p2b: Ninetales|move: Protect
|
|-weather|Snowscape|[upkeep]
|-damage|p1a: Floette|60/100 brn|[from] brn
|upkeep
|
|t:|1784713396
|switch|p2a: Garchomp|Garchomp, L50, M|100/100
|turn|7
|
|t:|1784713407
|move|p1b: Whimsicott|Moonblast|p2b: Ninetales
|-damage|p2b: Ninetales|0 fnt
|faint|p2b: Ninetales
|move|p1a: Floette|Draining Kiss|p2a: Garchomp
|-supereffective|p2a: Garchomp|1
|-damage|p2a: Garchomp|0 fnt
|-heal|p1a: Floette|100/100 brn|[from] drain|[of] p2a: Garchomp
|-damage|p1a: Floette|88/100 brn|[from] ability: Rough Skin|[of] p2a: Garchomp
|faint|p2a: Garchomp
|
|-weather|Snowscape|[upkeep]
|-damage|p1a: Floette|82/100 brn|[from] brn
|upkeep
|inactive|G3N13 has 30 seconds left.
|
|t:|1784713433
|switch|p2b: Scovillain|Scovillain-Mega, L50, M|50/100y
|turn|8
|
|t:|1784713436
|move|p1b: Whimsicott|Moonblast|p2b: Scovillain
|-resisted|p2b: Scovillain|1
|-damage|p2b: Scovillain|26/100
|-status|p1b: Whimsicott|brn|[from] ability: Spicy Spray|[of] p2b: Scovillain
|move|p1a: Floette|Moonblast|p2b: Scovillain
|-resisted|p2b: Scovillain|1
|-damage|p2b: Scovillain|0 fnt
|faint|p2b: Scovillain
|
|win|Olciax34
||Olciax34 is ready for game 2.
|inactive|G3N13 has 30 seconds to confirm battle start!
||G3N13 is ready for game 2.
|uhtml|next|Next: Game 2 of 3
