|j|☆UnicornGrinder
|j|☆Divine Monkey King
|html|UnicornGrinderDivine Monkey King    
|uhtml|bestof|Game 1 of a best-of-3
|t:|1782623334
|gametype|doubles
|player|p1|UnicornGrinder|sabrina|1009
|player|p2|Divine Monkey King|1|1074
|gen|9
|tier|[Gen 9 Champions] VGC 2026 Reg M-B (Bo3)
|rated|
|rule|Species Clause: Limit one of each Pokémon
|rule|Item Clause: Limit 1 of each item
|clearpoke
|poke|p1|Bellibolt, L50, F|
|poke|p1|Jolteon, L50, F|
|poke|p1|Pikachu, L50, F|
|poke|p1|Raichu, L50, M|
|poke|p1|Rhyperior, L50, F|
|poke|p1|Sceptile, L50, M|
|poke|p2|Whimsicott, L50, F, shiny|
|poke|p2|Lucario, L50, M, shiny|
|poke|p2|Pelipper, L50, M, shiny|
|poke|p2|Beedrill, L50, M, shiny|
|poke|p2|Annihilape, L50, M, shiny|
|poke|p2|Basculegion, L50, M, shiny|
|teampreview|4
|showteam|p1|Bellibolt||ShellBell|Electromorphosis|ParabolicCharge,Protect,LightScreen,Reflect|Sassy||F|||50|]Jolteon||ShucaBerry|VoltAbsorb|Protect,WeatherBall,Discharge,Wish|Modest||F|||50|]Pikachu||LightBall|LightningRod|Thunder,FakeOut,GrassKnot,Discharge|Modest||F|||50|]Raichu||RaichuniteX|LightningRod|RisingVoltage,DrainPunch,FakeOut,PlayRough|Hasty||M|||50|]Rhyperior||QuickClaw|LightningRod|EarthPower,Thunder,Blizzard,FireBlast|Quiet||F|||50|]Sceptile||Sceptilite|Overgrow|DragonPulse,EarthPower,LeafStorm,GigaDrain|Timid||M|||50|
|showteam|p2|Whimsicott||FocusSash|Prankster|Moonblast,Protect,Tailwind,BeatUp|Timid||F|||50|]Lucario||Lucarionite|Justified|Crunch,DrainPunch,PoisonJab,Protect|Jolly||M|||50|]Pelipper||SitrusBerry|Drizzle|Hurricane,IceBeam,Protect,WeatherBall|Timid||M|||50|]Beedrill||Beedrillite|Sniper|DrillRun,PoisonJab,Protect,FellStinger|Jolly||M|||50|]Annihilape||Leftovers|Defiant|BulkUp,DrainPunch,RageFist,RockSlide|Adamant||M|||50|]Basculegion||MysticWater|SwiftSwim|AquaJet,FlipTurn,LastRespects,Protect|Adamant||M|||50|
|
|t:|1782623424
|teamsize|p1|4
|teamsize|p2|4
|start
|switch|p1a: Jolteon|Jolteon, L50, F|100/100
|switch|p1b: Sceptile|Sceptile, L50, M|100/100
|switch|p2a: Pelipper|Pelipper, L50, M, shiny|100/100
|switch|p2b: Basculegion|Basculegion, L50, M, shiny|100/100
|-weather|RainDance|[from] ability: Drizzle|[of] p2a: Pelipper
|turn|1
|
|t:|1782623452
|detailschange|p1b: Sceptile|Sceptile-Mega, L50, M
|-mega|p1b: Sceptile|Sceptile|Sceptilite
|move|p2b: Basculegion|Flip Turn|p1a: Jolteon
|-damage|p1a: Jolteon|0 fnt
|faint|p1a: Jolteon
|
|t:|1782623460
|switch|p2b: Whimsicott|Whimsicott, L50, F, shiny|100/100|[from] Flip Turn
|move|p1b: Sceptile|Giga Drain|p2b: Whimsicott
|-resisted|p2b: Whimsicott|1
|-damage|p2b: Whimsicott|64/100
|move|p2a: Pelipper|Ice Beam|p1b: Sceptile
|-supereffective|p1b: Sceptile|2
|-damage|p1b: Sceptile|0 fnt
|faint|p1b: Sceptile
|
|-weather|RainDance|[upkeep]
|upkeep
|
|t:|1782623472
|switch|p1b: Bellibolt|Bellibolt, L50, F|100/100
|switch|p1a: Rhyperior|Rhyperior, L50, F|100/100
|turn|2
|-activate|p1a: Rhyperior|item: Quick Claw
|
|t:|1782623529
|move|p2b: Whimsicott|Tailwind|p2b: Whimsicott
|-sidestart|p2: Divine Monkey King|move: Tailwind
|move|p1a: Rhyperior|Thunder|p2a: Pelipper
|-supereffective|p2a: Pelipper|2
|-damage|p2a: Pelipper|0 fnt
|faint|p2a: Pelipper
|move|p1b: Bellibolt|Reflect|p1b: Bellibolt
|-sidestart|p1: UnicornGrinder|Reflect
|
|-weather|RainDance|[upkeep]
|upkeep
|
|t:|1782623543
|switch|p2a: Basculegion|Basculegion, L50, M, shiny|100/100
|turn|3
|
|t:|1782623558
|move|p2a: Basculegion|Aqua Jet|p1a: Rhyperior
|-supereffective|p1a: Rhyperior|2
|-damage|p1a: Rhyperior|32/100
|move|p2b: Whimsicott|Moonblast|p1a: Rhyperior
|-damage|p1a: Rhyperior|0 fnt
|faint|p1a: Rhyperior
|move|p1b: Bellibolt|Parabolic Charge|p2b: Whimsicott|[spread] p2a,p2b
|-supereffective|p2a: Basculegion|1
|-resisted|p2b: Whimsicott|1
|-damage|p2a: Basculegion|50/100g
|-damage|p2b: Whimsicott|45/100
|
|-weather|RainDance|[upkeep]
|upkeep
|turn|4
|
|t:|1782623575
|move|p2a: Basculegion|Flip Turn|p1b: Bellibolt
|-damage|p1b: Bellibolt|63/100
|-start|p1b: Bellibolt|Charge|Flip Turn|[from] ability: Electromorphosis
|
|t:|1782623580
|switch|p2a: Lucario|Lucario, L50, M, shiny|100/100|[from] Flip Turn
|move|p2b: Whimsicott|Moonblast|p1b: Bellibolt
|-damage|p1b: Bellibolt|34/100
|-start|p1b: Bellibolt|Charge|Moonblast|[from] ability: Electromorphosis
|move|p1b: Bellibolt|Reflect||[still]
|-fail|p1b: Bellibolt
|
|-weather|RainDance|[upkeep]
|upkeep
|turn|5
|
|t:|1782623594
|move|p2b: Whimsicott|Beat Up|p2a: Lucario
|-resisted|p2a: Lucario|1
|-damage|p2a: Lucario|97/100
|-ability|p2a: Lucario|Justified|boost
|-boost|p2a: Lucario|atk|1
|-resisted|p2a: Lucario|1
|-damage|p2a: Lucario|96/100
|-ability|p2a: Lucario|Justified|boost
|-boost|p2a: Lucario|atk|1
|-resisted|p2a: Lucario|1
|-crit|p2a: Lucario
|-damage|p2a: Lucario|93/100
|-ability|p2a: Lucario|Justified|boost
|-boost|p2a: Lucario|atk|1
|-hitcount|p2a: Lucario|3
|move|p2a: Lucario|Drain Punch|p1b: Bellibolt
|-damage|p1b: Bellibolt|0 fnt
|-heal|p2a: Lucario|100/100|[from] drain|[of] p1b: Bellibolt
|faint|p1b: Bellibolt
|
|win|Divine Monkey King
|inactive|UnicornGrinder has 30 seconds to confirm battle start!
|inactive|Divine Monkey King has 30 seconds to confirm battle start!
||UnicornGrinder is ready for game 2.
|inactive|Divine Monkey King has 20 seconds to confirm battle start!
||Divine Monkey King is ready for game 2.
|uhtml|next|Next: Game 2 of 3
