|j|☆LanternComic
|j|☆Lorido
|html|LanternComicLorido    
|uhtml|bestof|Game 2 of a best-of-3
|t:|1785177883
|gametype|doubles
|player|p1|LanternComic|silver-masters|1250
|player|p2|Lorido|266|1290
|gen|9
|tier|[Gen 9 Champions] VGC 2026 Reg M-B (Bo3)
|rated|
|rule|Species Clause: Limit one of each Pokémon
|rule|Item Clause: Limit 1 of each item
|clearpoke
|poke|p1|Staraptor, L50, F, shiny|
|poke|p1|Delphox, L50, F|
|poke|p1|Whimsicott, L50, M|
|poke|p1|Garchomp, L50, F|
|poke|p1|Kingambit, L50, M, shiny|
|poke|p1|Glimmora, L50, F|
|poke|p2|Delphox, L50, F|
|poke|p2|Incineroar, L50, F|
|poke|p2|Floette-Eternal, L50, F|
|poke|p2|Kingambit, L50, F|
|poke|p2|Sinistcha, L50|
|poke|p2|Sneasler, L50, M|
|teampreview|4
|showteam|p1|Staraptor||Staraptite|Intimidate|BraveBird,CloseCombat,Roost,Protect|Adamant||F|||50|]Delphox||Delphoxite|Blaze|HeatWave,Psychic,Substitute,Protect|Timid||F|||50|]Whimsicott||OccaBerry|Prankster|Moonblast,Charm,Tailwind,LightScreen|Timid||M|||50|]Garchomp||LifeOrb|RoughSkin|StompingTantrum,DragonClaw,Earthquake,Protect|Jolly||F|||50|]Kingambit||ChopleBerry|Defiant|KowtowCleave,SuckerPunch,IronHead,LowKick|Adamant||M|||50|]Glimmora||FocusSash|ToxicDebris|PowerGem,SludgeBomb,EarthPower,SpikyShield|Timid||F|||50|
|showteam|p2|Delphox||Delphoxite|Blaze|HeatWave,Psychic,NastyPlot,Protect|Timid||F|||50|]Incineroar||SitrusBerry|Intimidate|FlareBlitz,DarkestLariat,FakeOut,PartingShot|Careful||F|||50|]Floette-Eternal||Floettite|FlowerVeil|DazzlingGleam,DrainingKiss,CalmMind,Protect|Bold||F|||50|]Kingambit||BlackGlasses|Defiant|KowtowCleave,SuckerPunch,SwordsDance,Protect|Adamant||F|||50|]Sinistcha||OccaBerry|Hospitality|MatchaGotcha,RagePowder,TrickRoom,Protect|Bold|||||50|]Sneasler||FocusSash|PoisonTouch|CloseCombat,PoisonJab,FakeOut,QuickGuard|Jolly||M|||50|
|inactive|Battle timer is ON: inactive players will automatically lose when time's up. (requested by LanternComic)
|
|t:|1785177919
|teamsize|p1|4
|teamsize|p2|4
|start
|switch|p1a: Staraptor|Staraptor, L50, F, shiny|100/100
|switch|p1b: Whimsicott|Whimsicott, L50, M|100/100
|switch|p2a: Floette|Floette-Eternal, L50, F|100/100
|switch|p2b: Incineroar|Incineroar, L50, F|100/100
|-ability|p1a: Staraptor|Intimidate|boost
|-unboost|p2a: Floette|atk|1
|-unboost|p2b: Incineroar|atk|1
|-ability|p2b: Incineroar|Intimidate|boost
|-unboost|p1a: Staraptor|atk|1
|-unboost|p1b: Whimsicott|atk|1
|turn|1
|
|t:|1785177937
|detailschange|p1a: Staraptor|Staraptor-Mega, L50, F, shiny
|-mega|p1a: Staraptor|Staraptor|Staraptite
|move|p2b: Incineroar|Fake Out|p1a: Staraptor
|-damage|p1a: Staraptor|92/100
|move|p1b: Whimsicott|Light Screen|p1b: Whimsicott
|-sidestart|p1: LanternComic|move: Light Screen
|cant|p1a: Staraptor|flinch
|move|p2a: Floette|Calm Mind|p2a: Floette
|-boost|p2a: Floette|spa|1
|-boost|p2a: Floette|spd|1
|
|upkeep
|turn|2
|inactive|Lorido has 30 seconds left.
|
|t:|1785177968
|detailschange|p2a: Floette|Floette-Mega, L50, F
|-mega|p2a: Floette|Floette|Floettite
|-ability|p2a: Floette|Fairy Aura
|move|p1b: Whimsicott|Charm|p1a: Staraptor
|-boost|p1a: Staraptor|atk|2
|move|p1a: Staraptor|Close Combat|p2b: Incineroar
|-supereffective|p2b: Incineroar|1
|-damage|p2b: Incineroar|0 fnt
|-boost|p1a: Staraptor|def|1
|-boost|p1a: Staraptor|spd|1
|faint|p2b: Incineroar
|move|p2a: Floette|Dazzling Gleam|p1a: Staraptor|[spread] p1a,p1b
|-supereffective|p1a: Staraptor|1
|-crit|p1b: Whimsicott
|-damage|p1a: Staraptor|32/100
|-damage|p1b: Whimsicott|0 fnt
|faint|p1b: Whimsicott
|
|upkeep
|inactive|Lorido has 30 seconds left.
|
|t:|1785177995
|switch|p1b: Garchomp|Garchomp, L50, F|100/100
|switch|p2b: Sinistcha|Sinistcha, L50|100/100
|turn|3
|
|t:|1785178018
|move|p2a: Floette|Protect|p2a: Floette
|-singleturn|p2a: Floette|Protect
|move|p1b: Garchomp|Earthquake|p2b: Sinistcha|[spread] p2b
|-activate|p2a: Floette|move: Protect
|-immune|p1a: Staraptor
|-resisted|p2b: Sinistcha|1
|-damage|p2b: Sinistcha|78/100
|-damage|p1b: Garchomp|90/100|[from] item: Life Orb
|move|p1a: Staraptor|Brave Bird|p2a: Floette
|-activate|p2a: Floette|move: Protect
|move|p2b: Sinistcha|Trick Room|p2b: Sinistcha
|-fieldstart|move: Trick Room|[of] p2b: Sinistcha
|
|upkeep
|turn|4
|
|t:|1785178041
|move|p2b: Sinistcha|Matcha Gotcha|p1b: Garchomp|[spread] p1a
|-miss|p2b: Sinistcha|p1b: Garchomp
|-resisted|p1a: Staraptor|1
|-damage|p1a: Staraptor|26/100
|-heal|p2b: Sinistcha|81/100|[from] drain|[of] p1a: Staraptor
|-status|p1a: Staraptor|brn
|move|p2a: Floette|Dazzling Gleam|p1a: Staraptor|[spread] p1a,p1b
|-supereffective|p1a: Staraptor|1
|-supereffective|p1b: Garchomp|1
|-damage|p1a: Staraptor|0 fnt
|-damage|p1b: Garchomp|0 fnt
|faint|p1a: Staraptor
|faint|p1b: Garchomp
|
|upkeep
|
|t:|1785178051
|switch|p1b: Glimmora|Glimmora, L50, F|100/100
|turn|5
|
|t:|1785178059
|switch|p2b: Kingambit|Kingambit, L50, F|100/100
|move|p2a: Floette|Dazzling Gleam|p1b: Glimmora
|-resisted|p1b: Glimmora|1
|-crit|p1b: Glimmora
|-damage|p1b: Glimmora|23/100
|move|p1b: Glimmora|Sludge Bomb|p2a: Floette
|-supereffective|p2a: Floette|1
|-damage|p2a: Floette|57/100
|
|-sideend|p1: LanternComic|move: Light Screen
|upkeep
|turn|6
|-message|LanternComic forfeited.
|
|win|Lorido
