|j|☆5NitesAtTrickRoom
|j|☆marcosdeltasena31
|html|5NitesAtTrickRoommarcosdeltasena31    
|uhtml|bestof|Game 2 of a best-of-3
|t:|1757817471
|gametype|doubles
|player|p1|5NitesAtTrickRoom|hilbert|1317
|player|p2|marcosdeltasena31|hilbert|1373
|gen|9
|tier|[Gen 9] VGC 2025 Reg H (Bo3)
|rated|
|rule|Species Clause: Limit one of each Pokémon
|rule|Item Clause: Limit 1 of each item
|clearpoke
|poke|p1|Pelipper, L50, F|
|poke|p1|Archaludon, L50, M|
|poke|p1|Sinistcha-Masterpiece, L50|
|poke|p1|Maushold, L50|
|poke|p1|Basculegion, L50, M|
|poke|p1|Incineroar, L50, M|
|poke|p2|Dragonite, L50, F|
|poke|p2|Sneasler, L50, F|
|poke|p2|Volcarona, L50, M|
|poke|p2|Rillaboom, L50, M|
|poke|p2|Kingambit, L50, F|
|poke|p2|Electabuzz, L50, F|
|teampreview|4
|showteam|p1|Pelipper||FocusSash|Drizzle|WeatherBall,Hurricane,Tailwind,Protect|||F|||50|,,,,,Grass]Archaludon||AssaultVest|Stamina|FlashCannon,BodyPress,ElectroShot,Snarl|||M|||50|,,,,,Fighting]Sinistcha-Masterpiece||SitrusBerry|Hospitality|RagePowder,MatchaGotcha,TrickRoom,LifeDew||||||50|,,,,,Water]Maushold||WideLens|Technician|Protect,Taunt,PopulationBomb,FollowMe||||||50|,,,,,Ghost]Basculegion||ChoiceScarf|Adaptability|WaveCrash,LastRespects,AquaJet,FlipTurn|||M|||50|,,,,,Water]Incineroar||SafetyGoggles|Intimidate|FakeOut,FlareBlitz,KnockOff,PartingShot|||M|||50|,,,,,Ghost
|showteam|p2|Dragonite||LoadedDice|Multiscale|ScaleShot,ExtremeSpeed,Haze,Protect|||F|||50|,,,,,Fairy]Sneasler||FocusSash|PoisonTouch|DireClaw,CloseCombat,FakeOut,Coaching|||F|||50|,,,,,Ghost]Volcarona||CovertCloak|FlameBody|HeatWave,TeraBlast,QuiverDance,Protect|||M|||50|,,,,,Fairy]Rillaboom||AssaultVest|GrassySurge|WoodHammer,FakeOut,GrassyGlide,HighHorsepower|||M|||50|,,,,,Fire]Kingambit||BlackGlasses|Defiant|KowtowCleave,SwordsDance,SuckerPunch,Protect|||F|||50|,,,,,Dark]Electabuzz||Eviolite|VitalSpirit|Thunderbolt,FollowMe,Taunt,Protect|||F|||50|,,,,,Ghost
|
|t:|1757817498
|teamsize|p1|4
|teamsize|p2|4
|start
|switch|p1a: Basculegion|Basculegion, L50, M|100/100
|switch|p1b: Maushold|Maushold, L50|100/100
|switch|p2a: Dragonite|Dragonite, L50, F|100/100
|switch|p2b: Electabuzz|Electabuzz, L50, F|100/100
|turn|1
|
|t:|1757817513
|move|p1b: Maushold|Protect|p1b: Maushold
|-singleturn|p1b: Maushold|Protect
|move|p2b: Electabuzz|Follow Me|p2b: Electabuzz
|-singleturn|p2b: Electabuzz|move: Follow Me
|move|p1a: Basculegion|Flip Turn|p2b: Electabuzz
|-damage|p2b: Electabuzz|70/100
|
|t:|1757817521
|switch|p1a: Archaludon|Archaludon, L50, M|100/100|[from] Flip Turn
|move|p2a: Dragonite|Scale Shot|p1a: Archaludon
|-damage|p1a: Archaludon|91/100
|-ability|p1a: Archaludon|Stamina|boost
|-boost|p1a: Archaludon|def|1
|-damage|p1a: Archaludon|84/100
|-ability|p1a: Archaludon|Stamina|boost
|-boost|p1a: Archaludon|def|1
|-damage|p1a: Archaludon|79/100
|-ability|p1a: Archaludon|Stamina|boost
|-boost|p1a: Archaludon|def|1
|-damage|p1a: Archaludon|74/100
|-ability|p1a: Archaludon|Stamina|boost
|-boost|p1a: Archaludon|def|1
|-damage|p1a: Archaludon|71/100
|-ability|p1a: Archaludon|Stamina|boost
|-boost|p1a: Archaludon|def|1
|-hitcount|p1a: Archaludon|5
|-unboost|p2a: Dragonite|def|1
|-boost|p2a: Dragonite|spe|1
|
|upkeep
|turn|2
|
|t:|1757817565
|move|p2b: Electabuzz|Protect|p2b: Electabuzz
|-singleturn|p2b: Electabuzz|Protect
|move|p2a: Dragonite|Scale Shot|p1b: Maushold
|-damage|p1b: Maushold|78/100
|-damage|p1b: Maushold|56/100
|-damage|p1b: Maushold|31/100
|-damage|p1b: Maushold|8/100
|-hitcount|p1b: Maushold|4
|-unboost|p2a: Dragonite|def|1
|-boost|p2a: Dragonite|spe|1
|move|p1b: Maushold|Taunt|p2b: Electabuzz
|-activate|p2b: Electabuzz|move: Protect
|move|p1a: Archaludon|Snarl|p2b: Electabuzz|[spread] p2a
|-activate|p2b: Electabuzz|move: Protect
|-crit|p2a: Dragonite
|-damage|p2a: Dragonite|92/100
|-unboost|p2a: Dragonite|spa|1
|
|upkeep
|turn|3
|
|t:|1757817587
|move|p1b: Maushold|Protect|p1b: Maushold
|-singleturn|p1b: Maushold|Protect
|move|p2b: Electabuzz|Follow Me|p2b: Electabuzz
|-singleturn|p2b: Electabuzz|move: Follow Me
|move|p2a: Dragonite|Scale Shot|p1b: Maushold
|-activate|p1b: Maushold|move: Protect
|move|p1a: Archaludon|Snarl|p2a: Dragonite|[spread] p2a,p2b
|-damage|p2a: Dragonite|79/100
|-damage|p2b: Electabuzz|62/100
|-unboost|p2a: Dragonite|spa|1
|-unboost|p2b: Electabuzz|spa|1
|
|upkeep
|turn|4
|
|t:|1757817614
|move|p2b: Electabuzz|Follow Me|p2b: Electabuzz
|-singleturn|p2b: Electabuzz|move: Follow Me
|move|p2a: Dragonite|Scale Shot|p1b: Maushold
|-damage|p1b: Maushold|0 fnt
|faint|p1b: Maushold
|-hitcount|p1: Maushold|1
|-unboost|p2a: Dragonite|def|1
|-boost|p2a: Dragonite|spe|1
|move|p1a: Archaludon|Body Press|p2b: Electabuzz
|-damage|p2b: Electabuzz|0 fnt
|faint|p2b: Electabuzz
|
|upkeep
|
|t:|1757817628
|switch|p1b: Pelipper|Pelipper, L50, F, shiny|100/100
|switch|p2b: Kingambit|Kingambit, L50, F|100/100
|-weather|RainDance|[from] ability: Drizzle|[of] p1b: Pelipper
|turn|5
|
|t:|1757817674
|-terastallize|p1a: Archaludon|Fighting
|-terastallize|p2b: Kingambit|Dark
|move|p2a: Dragonite|Haze|p2a: Dragonite
|-clearallboost
|move|p1b: Pelipper|Hurricane|p2a: Dragonite
|-damage|p2a: Dragonite|25/100
|move|p1a: Archaludon|Body Press|p2a: Dragonite
|-resisted|p2a: Dragonite
|-damage|p2a: Dragonite|2/100
|move|p2b: Kingambit|Kowtow Cleave|p1a: Archaludon
|-resisted|p1a: Archaludon
|-damage|p1a: Archaludon|46/100
|-ability|p1a: Archaludon|Stamina|boost
|-boost|p1a: Archaludon|def|1
|
|-weather|RainDance|[upkeep]
|upkeep
|turn|6
|
|t:|1757817695
|move|p2b: Kingambit|Protect|p2b: Kingambit
|-singleturn|p2b: Kingambit|Protect
|move|p2a: Dragonite|Scale Shot|p1b: Pelipper
|-damage|p1b: Pelipper|80/100
|-damage|p1b: Pelipper|60/100
|-damage|p1b: Pelipper|40/100
|-damage|p1b: Pelipper|20/100
|-hitcount|p1b: Pelipper|4
|-unboost|p2a: Dragonite|def|1
|-boost|p2a: Dragonite|spe|1
|move|p1b: Pelipper|Tailwind|p1b: Pelipper
|-sidestart|p1: 5NitesAtTrickRoom|move: Tailwind
|move|p1a: Archaludon|Body Press|p2b: Kingambit
|-activate|p2b: Kingambit|move: Protect
|
|-weather|RainDance|[upkeep]
|upkeep
|turn|7
|
|t:|1757817717
|switch|p2b: Volcarona|Volcarona, L50, M|100/100
|move|p1b: Pelipper|Protect|p1b: Pelipper
|-singleturn|p1b: Pelipper|Protect
|move|p2a: Dragonite|Extreme Speed|p1b: Pelipper
|-activate|p1b: Pelipper|move: Protect
|move|p1a: Archaludon|Electro Shot||[still]
|-prepare|p1a: Archaludon|Electro Shot
|-boost|p1a: Archaludon|spa|1
|-anim|p1a: Archaludon|Electro Shot|p2a: Dragonite
|-damage|p2a: Dragonite|0 fnt
|faint|p2a: Dragonite
|
|-weather|RainDance|[upkeep]
|upkeep
|
|t:|1757817733
|switch|p2a: Kingambit|Kingambit, L50, F, tera:Dark|100/100
|turn|8
|
|t:|1757817758
|move|p2a: Kingambit|Sucker Punch|p1b: Pelipper
|-damage|p1b: Pelipper|0 fnt
|faint|p1b: Pelipper
|move|p1a: Archaludon|Body Press|p2a: Kingambit
|-supereffective|p2a: Kingambit
|-damage|p2a: Kingambit|15/100
|move|p2b: Volcarona|Quiver Dance|p2b: Volcarona
|-boost|p2b: Volcarona|spa|1
|-boost|p2b: Volcarona|spd|1
|-boost|p2b: Volcarona|spe|1
|
|-weather|RainDance|[upkeep]
|upkeep
|
|t:|1757817763
|switch|p1b: Basculegion|Basculegion, L50, M|100/100
|turn|9
|
|t:|1757817769
|move|p2b: Volcarona|Protect|p2b: Volcarona
|-singleturn|p2b: Volcarona|Protect
|move|p2a: Kingambit|Protect|p2a: Kingambit
|-singleturn|p2a: Kingambit|Protect
|move|p1b: Basculegion|Aqua Jet|p2b: Volcarona
|-activate|p2b: Volcarona|move: Protect
|move|p1a: Archaludon|Body Press|p2a: Kingambit
|-activate|p2a: Kingambit|move: Protect
|
|-weather|none
|-sideend|p1: 5NitesAtTrickRoom|move: Tailwind
|upkeep
|turn|10
|
|t:|1757817783
|move|p1b: Basculegion|Aqua Jet|p2b: Volcarona
|-supereffective|p2b: Volcarona
|-damage|p2b: Volcarona|17/100
|-status|p1b: Basculegion|brn|[from] ability: Flame Body|[of] p2b: Volcarona
|move|p2a: Kingambit|Sucker Punch|p1a: Archaludon
|-resisted|p1a: Archaludon
|-damage|p1a: Archaludon|33/100
|-ability|p1a: Archaludon|Stamina|boost
|-boost|p1a: Archaludon|def|1
|move|p2b: Volcarona|Heat Wave|p1a: Archaludon|[spread] p1a,p1b
|-resisted|p1b: Basculegion
|-damage|p1a: Archaludon|0 fnt
|-damage|p1b: Basculegion|67/100 brn
|faint|p1a: Archaludon
|
|-damage|p1b: Basculegion|61/100 brn|[from] brn
|upkeep
|turn|11
|
|t:|1757817793
|move|p1b: Basculegion|Aqua Jet|p2a: Kingambit
|-damage|p2a: Kingambit|5/100
|move|p2b: Volcarona|Heat Wave|p1b: Basculegion
|-resisted|p1b: Basculegion
|-damage|p1b: Basculegion|18/100 brn
|move|p2a: Kingambit|Kowtow Cleave|p1b: Basculegion
|-supereffective|p1b: Basculegion
|-damage|p1b: Basculegion|0 fnt
|faint|p1b: Basculegion
|
|win|marcosdeltasena31
