|j|☆sspssp
|j|☆Freudianbreath
|html|sspsspFreudianbreath    
|uhtml|bestof|Game 2 of a best-of-3
|t:|1756954451
|gametype|doubles
|player|p1|sspssp|steven|1009
|player|p2|Freudianbreath|102|1062
|gen|9
|tier|[Gen 9] VGC 2025 Reg H (Bo3)
|rated|
|rule|Species Clause: Limit one of each Pokémon
|rule|Item Clause: Limit 1 of each item
|clearpoke
|poke|p1|Charizard, L50, F|
|poke|p1|Torkoal, L50, M|
|poke|p1|Porygon2, L50|
|poke|p1|Incineroar, L50, F|
|poke|p1|Jumpluff, L50, M|
|poke|p1|Ursaluna, L50, M|
|poke|p2|Incineroar, L50, M|
|poke|p2|Rillaboom, L50, F|
|poke|p2|Palafin, L50, M|
|poke|p2|Pelipper, L50, M|
|poke|p2|Amoonguss, L50, M|
|poke|p2|Primarina, L50, F|
|teampreview|4
|showteam|p1|Charizard||ChoiceSpecs|SolarPower|HeatWave,Overheat,WeatherBall,AirSlash|||F|||50|,,,,,Ghost]Torkoal||EjectPack|Drought|Eruption,Overheat,HelpingHand,Protect|||M|||50|,,,,,Fire]Porygon2||Eviolite|Download|IceBeam,TeraBlast,TrickRoom,Discharge||||||50|,,,,,Fighting]Incineroar||SitrusBerry|Intimidate|FlareBlitz,KnockOff,FakeOut,PartingShot|||F|||50|,,,,,Ghost]Jumpluff||CovertCloak|Chlorophyll|SleepPowder,SunnyDay,RagePowder,Tailwind|||M|||50|,,,,,Water]Ursaluna||FlameOrb|Guts|HeadlongRush,Facade,Earthquake,Protect|||M|||50|,,,,,Ghost
|showteam|p2|Incineroar||SafetyGoggles|Intimidate|FakeOut,KnockOff,WillOWisp,FlareBlitz|||M|||50|,,,,,Ghost]Rillaboom||AssaultVest|GrassySurge|WoodHammer,GrassyGlide,FakeOut,Uturn|||F|||50|,,,,,Fire]Palafin||Leftovers|ZerotoHero|BulkUp,JetPunch,DrainPunch,Protect|||M|||50|,,,,,Grass]Pelipper||FocusSash|Drizzle|Hurricane,WeatherBall,Tailwind,Protect|||M|||50|,,,,,Stellar]Amoonguss||RockyHelmet|Regenerator|PollenPuff,Spore,RagePowder,Protect|||M|||50|,,,,,Fairy]Primarina||ThroatSpray|LiquidVoice|HyperVoice,Moonblast,Haze,Protect|||F|||50|,,,,,Grass
|inactive|Battle timer is ON: inactive players will automatically lose when time's up. (requested by sspssp)
|inactive|Freudianbreath has 60 seconds left.
|
|t:|1756954510
|teamsize|p1|4
|teamsize|p2|4
|start
|switch|p1a: Torkoal|Torkoal, L50, M|100/100
|switch|p1b: Jumpluff|Jumpluff, L50, M|100/100
|switch|p2a: Rillaboom|Rillaboom, L50, F|100/100
|switch|p2b: Primarina|Primarina, L50, F|100/100
|-fieldstart|move: Grassy Terrain|[from] ability: Grassy Surge|[of] p2a: Rillaboom
|-weather|SunnyDay|[from] ability: Drought|[of] p1a: Torkoal
|turn|1
|inactive|Freudianbreath has 30 seconds left.
|
|t:|1756954540
|switch|p1a: Porygon2|Porygon2, L50|100/100
|-ability|p1a: Porygon2|Download|boost
|-boost|p1a: Porygon2|atk|1
|move|p2b: Primarina|Protect|p2b: Primarina
|-singleturn|p2b: Primarina|Protect
|move|p2a: Rillaboom|Fake Out|p1a: Porygon2
|-damage|p1a: Porygon2|93/100
|move|p1b: Jumpluff|Tailwind|p1b: Jumpluff
|-sidestart|p1: sspssp|move: Tailwind
|
|-weather|SunnyDay|[upkeep]
|-heal|p1a: Porygon2|99/100|[from] Grassy Terrain
|upkeep
|turn|2
|inactive|sspssp has 30 seconds left.
|inactive|Freudianbreath has 30 seconds left.
|inactive|Freudianbreath has 20 seconds left.
|inactive|Freudianbreath has 15 seconds left.
|inactive|Freudianbreath has 10 seconds left.
|inactive|Freudianbreath has 5 seconds left.
|
|t:|1756954591
|-terastallize|p2b: Primarina|Grass
|move|p1b: Jumpluff|Sleep Powder|p2b: Primarina
|-immune|p2b: Primarina
|move|p1a: Porygon2|Ice Beam|p2b: Primarina
|-supereffective|p2b: Primarina
|-damage|p2b: Primarina|55/100
|move|p2a: Rillaboom|U-turn|p1b: Jumpluff
|-damage|p1b: Jumpluff|74/100
|
|t:|1756954600
|switch|p2a: Incineroar|Incineroar, L50, M|100/100|[from] U-turn
|-ability|p2a: Incineroar|Intimidate|boost
|-unboost|p1a: Porygon2|atk|1
|-unboost|p1b: Jumpluff|atk|1
|move|p2b: Primarina|Moonblast|p1a: Porygon2
|-damage|p1a: Porygon2|71/100
|
|-weather|SunnyDay|[upkeep]
|-heal|p1a: Porygon2|77/100|[from] Grassy Terrain
|-heal|p2b: Primarina|61/100|[from] Grassy Terrain
|upkeep
|turn|3
|inactive|sspssp has 30 seconds left.
|
|t:|1756954629
|move|p2b: Primarina|Protect|p2b: Primarina
|-singleturn|p2b: Primarina|Protect
|move|p1b: Jumpluff|Rage Powder|p1b: Jumpluff
|-singleturn|p1b: Jumpluff|move: Rage Powder
|move|p1a: Porygon2|Ice Beam|p2b: Primarina
|-activate|p2b: Primarina|move: Protect
|move|p2a: Incineroar|Knock Off|p1a: Porygon2
|-damage|p1a: Porygon2|53/100
|-enditem|p1a: Porygon2|Eviolite|[from] move: Knock Off|[of] p2a: Incineroar
|
|-weather|SunnyDay|[upkeep]
|-heal|p1a: Porygon2|59/100|[from] Grassy Terrain
|-heal|p2b: Primarina|67/100|[from] Grassy Terrain
|upkeep
|turn|4
|inactive|Freudianbreath has 30 seconds left.
|
|t:|1756954661
|switch|p1b: Charizard|Charizard, L50, F|100/100
|switch|p2a: Pelipper|Pelipper, L50, M|100/100
|-weather|RainDance|[from] ability: Drizzle|[of] p2a: Pelipper
|move|p1a: Porygon2|Ice Beam|p2b: Primarina
|-supereffective|p2b: Primarina
|-damage|p2b: Primarina|24/100
|move|p2b: Primarina|Hyper Voice|p1a: Porygon2|[spread] p1a,p1b
|-supereffective|p1b: Charizard
|-damage|p1a: Porygon2|8/100
|-damage|p1b: Charizard|0 fnt
|faint|p1b: Charizard
|-enditem|p2b: Primarina|Throat Spray
|-boost|p2b: Primarina|spa|1|[from] item: Throat Spray
|
|-weather|RainDance|[upkeep]
|-heal|p1a: Porygon2|14/100|[from] Grassy Terrain
|-heal|p2b: Primarina|30/100|[from] Grassy Terrain
|-sideend|p1: sspssp|move: Tailwind
|upkeep
|
|t:|1756954672
|switch|p1b: Torkoal|Torkoal, L50, M|100/100
|-weather|SunnyDay|[from] ability: Drought|[of] p1b: Torkoal
|turn|5
|inactive|Freudianbreath has 30 seconds left.
|
|t:|1756954701
|move|p2a: Pelipper|Weather Ball|p1a: Porygon2
|-damage|p1a: Porygon2|0 fnt
|faint|p1a: Porygon2
|move|p2b: Primarina|Hyper Voice|p1b: Torkoal
|-supereffective|p1b: Torkoal
|-damage|p1b: Torkoal|11/100
|move|p1b: Torkoal|Eruption|p2b: Primarina|[spread] p2a,p2b
|-resisted|p2a: Pelipper
|-crit|p2a: Pelipper
|-supereffective|p2b: Primarina
|-damage|p2a: Pelipper|89/100
|-damage|p2b: Primarina|17/100
|
|-weather|SunnyDay|[upkeep]
|-heal|p2b: Primarina|23/100|[from] Grassy Terrain
|-heal|p1b: Torkoal|17/100|[from] Grassy Terrain
|-fieldend|move: Grassy Terrain
|upkeep
|
|t:|1756954715
|switch|p1a: Jumpluff|Jumpluff, L50, M|74/100
|turn|6
|
|t:|1756954730
|move|p2b: Primarina|Protect|p2b: Primarina
|-singleturn|p2b: Primarina|Protect
|move|p1a: Jumpluff|Sleep Powder|p2a: Pelipper
|-status|p2a: Pelipper|slp|[from] move: Sleep Powder
|cant|p2a: Pelipper|slp
|move|p1b: Torkoal|Overheat|p2a: Pelipper
|-resisted|p2a: Pelipper
|-damage|p2a: Pelipper|10/100 slp
|-unboost|p1b: Torkoal|spa|2
|
|-weather|SunnyDay|[upkeep]
|upkeep
|turn|7
|inactive|sspssp has 30 seconds left.
|inactive|sspssp has 20 seconds left.
|inactive|sspssp has 15 seconds left.
|inactive|sspssp has 10 seconds left.
|inactive|sspssp has 5 seconds left.
|
|t:|1756954785
|move|p1a: Jumpluff|Sleep Powder|p2a: Pelipper
|-fail|p2a: Pelipper|slp
|cant|p2a: Pelipper|slp
|move|p2b: Primarina|Hyper Voice|p1a: Jumpluff|[spread] p1a,p1b
|-resisted|p1a: Jumpluff
|-supereffective|p1b: Torkoal
|-damage|p1a: Jumpluff|60/100
|-damage|p1b: Torkoal|0 fnt
|faint|p1b: Torkoal
|
|-weather|SunnyDay|[upkeep]
|upkeep
|turn|8
|inactive|sspssp has 30 seconds left.
|inactive|sspssp has 20 seconds left.
|inactive|sspssp has 15 seconds left.
|inactive|sspssp has 10 seconds left.
|inactive|sspssp has 5 seconds left.
|
|t:|1756954840
|move|p1a: Jumpluff|Sleep Powder|p2a: Pelipper|[miss]
|-miss|p1a: Jumpluff|p2a: Pelipper
|cant|p2a: Pelipper|slp
|move|p2b: Primarina|Moonblast|p1a: Jumpluff
|-damage|p1a: Jumpluff|0 fnt
|faint|p1a: Jumpluff
|
|win|Freudianbreath
|raw|sspssp's rating: 1009 → 1000(-9 for losing)
|raw|Freudianbreath's rating: 1062 → 1088(+26 for winning)
