|j|☆sig.kire
|j|☆Pokeventurer
|html|sig.kirePokeventurer    
|uhtml|bestof|Game 3 of a best-of-3
|t:|1757836921
|gametype|doubles
|player|p1|sig.kire|sailor|1245
|player|p2|Pokeventurer|102|1123
|gen|9
|tier|[Gen 9] VGC 2025 Reg H (Bo3)
|rated|
|rule|Species Clause: Limit one of each Pokémon
|rule|Item Clause: Limit 1 of each item
|clearpoke
|poke|p1|Corviknight, L50, F|
|poke|p1|Garchomp, L50, M|
|poke|p1|Tyranitar, L50, M|
|poke|p1|Volcarona, L50, F|
|poke|p1|Indeedee, L50, M|
|poke|p1|Sneasler, L50, F|
|poke|p2|Incineroar, L50, M|
|poke|p2|Ursaluna-Bloodmoon, L50, M|
|poke|p2|Gholdengo, L50|
|poke|p2|Dragonite, L50, F|
|poke|p2|Sneasler, L50, F|
|poke|p2|Amoonguss, L50, F|
|teampreview|4
|showteam|p1|Corviknight||SitrusBerry|MirrorArmor|BraveBird,BodyPress,BulkUp,Roost|||F|||50|,,,,,Fire]Garchomp||LifeOrb|RoughSkin|DragonClaw,StompingTantrum,Earthquake,Protect|||M|||50|,,,,,Ground]Tyranitar||AssaultVest|SandStream|RockSlide,KnockOff,TeraBlast,LowKick|||M|||50|,,,,,Flying]Volcarona||SafetyGoggles|FlameBody|Overheat,Protect,RagePowder,Tailwind|||F|||50|,,,,,Fairy]Indeedee||ChoiceScarf|PsychicSurge|ExpandingForce,HelpingHand,Trick,TrickRoom|||M|||50|,,,,,Psychic]Sneasler||PsychicSeed|Unburden|DireClaw,CloseCombat,ThroatChop,Protect|||F|||50|,,,,,Dark
|showteam|p2|Incineroar||SafetyGoggles|Intimidate|FlareBlitz,KnockOff,PartingShot,FakeOut|||M|||50|,,,,,Ghost]Ursaluna-Bloodmoon||AssaultVest|MindsEye|HyperVoice,BloodMoon,EarthPower,VacuumWave|||M|||50|,,,,,Water]Gholdengo||LifeOrb|GoodasGold|MakeItRain,ShadowBall,NastyPlot,Protect||||||50|,,,,,Water]Dragonite||LoadedDice|InnerFocus|ScaleShot,Tailwind,Haze,ExtremeSpeed|||F|||50|,,,,,Fairy]Sneasler||FocusSash|Unburden|CloseCombat,DireClaw,FakeOut,Feint|||F|||50|,,,,,Stellar]Amoonguss||CovertCloak|Regenerator|PollenPuff,RagePowder,Spore,Protect|||F|||50|,,,,,Water
|inactive|Battle timer is ON: inactive players will automatically lose when time's up. (requested by Pokeventurer)
|j| 1#MiraidonHater
|inactive|Pokeventurer has 60 seconds left.
|
|t:|1757836968
|teamsize|p1|4
|teamsize|p2|4
|start
|switch|p1a: Indeedee|Indeedee, L50, M|100/100
|switch|p1b: Sneasler|Sneasler, L50, F|100/100
|switch|p2a: Incineroar|Incineroar, L50, M|100/100
|switch|p2b: Gholdengo|Gholdengo, L50|100/100
|-fieldstart|move: Psychic Terrain|[from] ability: Psychic Surge|[of] p1a: Indeedee
|-enditem|p1b: Sneasler|Psychic Seed
|-boost|p1b: Sneasler|spd|1|[from] item: Psychic Seed
|-ability|p2a: Incineroar|Intimidate|boost
|-unboost|p1a: Indeedee|atk|1
|-unboost|p1b: Sneasler|atk|1
|turn|1
|
|t:|1757836990
|switch|p1b: Corviknight|Corviknight, L50, F|100/100
|-terastallize|p2a: Incineroar|Ghost
|move|p1a: Indeedee|Expanding Force|p2b: Gholdengo|[spread] p2a,p2b
|-resisted|p2b: Gholdengo
|-damage|p2a: Incineroar|55/100
|-damage|p2b: Gholdengo|73/100
|move|p2b: Gholdengo|Make It Rain|p1b: Corviknight|[spread] p1a,p1b
|-resisted|p1b: Corviknight
|-damage|p1a: Indeedee|17/100
|-damage|p1b: Corviknight|73/100
|-unboost|p2b: Gholdengo|spa|1
|-damage|p2b: Gholdengo|64/100|[from] item: Life Orb
|move|p2a: Incineroar|Knock Off|p1a: Indeedee
|-supereffective|p1a: Indeedee
|-damage|p1a: Indeedee|0 fnt
|-enditem|p1a: Indeedee|Choice Scarf|[from] move: Knock Off|[of] p2a: Incineroar
|faint|p1a: Indeedee
|
|upkeep
|
|t:|1757837003
|switch|p1a: Sneasler|Sneasler, L50, F|100/100
|turn|2
|
|t:|1757837015
|switch|p2a: Sneasler|Sneasler, L50, F|100/100
|move|p1a: Sneasler|Throat Chop|p2a: Sneasler
|-resisted|p2a: Sneasler
|-damage|p2a: Sneasler|78/100
|-start|p2a: Sneasler|Throat Chop|[silent]
|move|p2b: Gholdengo|Make It Rain|p1a: Sneasler|[spread] p1a,p1b
|-resisted|p1b: Corviknight
|-damage|p1a: Sneasler|44/100
|-damage|p1b: Corviknight|54/100
|-unboost|p2b: Gholdengo|spa|1
|-damage|p2b: Gholdengo|54/100|[from] item: Life Orb
|move|p1b: Corviknight|Bulk Up|p1b: Corviknight
|-boost|p1b: Corviknight|atk|1
|-boost|p1b: Corviknight|def|1
|
|upkeep
|turn|3
|
|t:|1757837030
|move|p1a: Sneasler|Protect|p1a: Sneasler
|-singleturn|p1a: Sneasler|Protect
|move|p2a: Sneasler|Close Combat|p1b: Corviknight
|-damage|p1b: Corviknight|15/100
|-unboost|p2a: Sneasler|def|1
|-unboost|p2a: Sneasler|spd|1
|-enditem|p1b: Corviknight|Sitrus Berry|[eat]
|-heal|p1b: Corviknight|40/100|[from] item: Sitrus Berry
|move|p2b: Gholdengo|Shadow Ball|p1b: Corviknight
|-damage|p1b: Corviknight|15/100
|-damage|p2b: Gholdengo|45/100|[from] item: Life Orb
|move|p1b: Corviknight|Brave Bird|p2a: Sneasler
|-supereffective|p2a: Sneasler
|-damage|p2a: Sneasler|0 fnt
|faint|p2a: Sneasler
|-damage|p1b: Corviknight|0 fnt|[from] Recoil
|faint|p1b: Corviknight
|
|upkeep
|
|t:|1757837047
|switch|p2a: Incineroar|Incineroar, L50, M, tera:Ghost|55/100
|switch|p1b: Volcarona|Volcarona, L50, F|100/100
|-ability|p2a: Incineroar|Intimidate|boost
|-unboost|p1a: Sneasler|atk|1
|-unboost|p1b: Volcarona|atk|1
|turn|4
|
|t:|1757837060
|switch|p2b: Dragonite|Dragonite, L50, F|100/100
|move|p1a: Sneasler|Throat Chop|p2b: Dragonite
|-damage|p2b: Dragonite|78/100
|-start|p2b: Dragonite|Throat Chop|[silent]
|move|p1b: Volcarona|Overheat|p2a: Incineroar
|-damage|p2a: Incineroar|5/100
|-unboost|p1b: Volcarona|spa|2
|move|p2a: Incineroar|Flare Blitz|p1a: Sneasler
|-damage|p1a: Sneasler|0 fnt
|faint|p1a: Sneasler
|-damage|p2a: Incineroar|0 fnt|[from] Recoil
|faint|p2a: Incineroar
|
|upkeep
|
|t:|1757837071
|switch|p2a: Gholdengo|Gholdengo, L50|45/100
|turn|5
|c|☆Pokeventurer|gg wp
|
|t:|1757837081
|-terastallize|p1b: Volcarona|Fairy
|move|p2a: Gholdengo|Shadow Ball|p1b: Volcarona
|-damage|p1b: Volcarona|55/100
|-damage|p2a: Gholdengo|35/100|[from] item: Life Orb
|move|p2b: Dragonite|Scale Shot|p1b: Volcarona
|-immune|p1b: Volcarona
|move|p1b: Volcarona|Overheat|p2a: Gholdengo
|-supereffective|p2a: Gholdengo
|-damage|p2a: Gholdengo|0 fnt
|-unboost|p1b: Volcarona|spa|2
|faint|p2a: Gholdengo
|
|-end|p2b: Dragonite|Throat Chop|[silent]
|-fieldend|move: Psychic Terrain
|upkeep
|turn|6
|
|t:|1757837095
|move|p2b: Dragonite|Extreme Speed|p1b: Volcarona
|-damage|p1b: Volcarona|24/100
|-status|p2b: Dragonite|brn|[from] ability: Flame Body|[of] p1b: Volcarona
|move|p1b: Volcarona|Overheat|p2b: Dragonite
|-resisted|p2b: Dragonite
|-damage|p2b: Dragonite|68/100 brn
|-unboost|p1b: Volcarona|spa|2
|
|-damage|p2b: Dragonite|62/100 brn|[from] brn
|upkeep
|turn|7
|
|t:|1757837105
|move|p1b: Volcarona|Protect|p1b: Volcarona
|-singleturn|p1b: Volcarona|Protect
|move|p2b: Dragonite|Extreme Speed|p1b: Volcarona
|-activate|p1b: Volcarona|move: Protect
|
|-damage|p2b: Dragonite|56/100 brn|[from] brn
|upkeep
|turn|8
|
|t:|1757837112
|move|p1b: Volcarona|Protect||[still]
|-fail|p1b: Volcarona
|move|p2b: Dragonite|Extreme Speed|p1b: Volcarona
|-damage|p1b: Volcarona|8/100
|
|-damage|p2b: Dragonite|50/100 brn|[from] brn
|upkeep
|turn|9
|
|t:|1757837120
|move|p1b: Volcarona|Protect|p1b: Volcarona
|-singleturn|p1b: Volcarona|Protect
|move|p2b: Dragonite|Extreme Speed|p1b: Volcarona
|-activate|p1b: Volcarona|move: Protect
|
|-damage|p2b: Dragonite|44/100 brn|[from] brn
|upkeep
|turn|10
|
|t:|1757837123
|move|p1b: Volcarona|Protect||[still]
|-fail|p1b: Volcarona
|move|p2b: Dragonite|Extreme Speed|p1b: Volcarona
|-damage|p1b: Volcarona|0 fnt
|faint|p1b: Volcarona
|
|win|Pokeventurer
|raw|sig.kire's rating: 1245 → 1212(-33 for losing)
|raw|Pokeventurer's rating: 1123 → 1156(+33 for winning)
