|j|☆MrGardnHose
|j|☆thenachox1987
|html|MrGardnHosethenachox1987    
|uhtml|bestof|Game 2 of a best-of-3
|t:|1782244561
|gametype|doubles
|player|p1|MrGardnHose|jasmine-masters2|1122
|player|p2|thenachox1987|101|1035
|gen|9
|tier|[Gen 9 Champions] VGC 2026 Reg M-B (Bo3)
|rated|
|rule|Species Clause: Limit one of each Pokémon
|rule|Item Clause: Limit 1 of each item
|clearpoke
|poke|p1|Whimsicott, L50, F|
|poke|p1|Swampert, L50, M|
|poke|p1|Pelipper, L50, F|
|poke|p1|Archaludon, L50, M|
|poke|p1|Basculegion, L50, M|
|poke|p1|Floette-Eternal, L50, F|
|poke|p2|Floette-Eternal, L50, F, shiny|
|poke|p2|Basculegion, L50, M, shiny|
|poke|p2|Talonflame, L50, M, shiny|
|poke|p2|Sneasler, L50, F, shiny|
|poke|p2|Maushold, L50, shiny|
|poke|p2|Garchomp, L50, F|
|teampreview|4
|showteam|p1|Whimsicott||CobaBerry|Prankster|Moonblast,Tailwind,Encore,Protect|Bold||F|||50|]Swampert||Swampertite|Torrent|WaveCrash,Earthquake,IcePunch,Protect|Adamant||M|||50|]Pelipper||LifeOrb|Drizzle|WeatherBall,Hurricane,Tailwind,Protect|Modest||F|||50|]Archaludon||Leftovers|Stamina|DracoMeteor,FlashCannon,ElectroShot,Protect|Modest||M|||50|]Basculegion||FocusSash|Adaptability|Liquidation,LastRespects,AquaJet,Protect|Adamant||M|||50|]Floette-Eternal||Floettite|FlowerVeil|Moonblast,DazzlingGleam,LightofRuin,Protect|Modest||F|||50|
|showteam|p2|Floette-Eternal||Floettite|FlowerVeil|Moonblast,DazzlingGleam,CalmMind,Protect|Modest||F|||50|]Basculegion||ChoiceScarf|Adaptability|AquaJet,LastRespects,WaveCrash,Protect|Adamant||M|||50|]Talonflame||SharpBeak|GaleWings|Tailwind,FlareBlitz,BraveBird,Protect|Adamant||M|||50|]Sneasler||WhiteHerb|Unburden|Protect,DireClaw,CloseCombat,FakeOut|Adamant||F|||50|]Maushold||FocusSash|FriendGuard|FollowMe,SuperFang,HelpingHand,Protect|Jolly|||||50|]Garchomp||HabanBerry|RoughSkin|DragonClaw,Earthquake,StompingTantrum,RockSlide|Adamant||F|||50|
|
|t:|1782244577
|teamsize|p1|4
|teamsize|p2|4
|start
|switch|p1a: Basculegion|Basculegion, L50, M|100/100
|switch|p1b: Whimsicott|Whimsicott, L50, F|100/100
|switch|p2a: Basculegion|Basculegion, L50, M, shiny|100/100
|switch|p2b: Sneasler|Sneasler, L50, F, shiny|100/100
|turn|1
|
|t:|1782244600
|move|p1b: Whimsicott|Tailwind|p1b: Whimsicott
|-sidestart|p1: MrGardnHose|move: Tailwind
|move|p1a: Basculegion|Last Respects|p2a: Basculegion
|-supereffective|p2a: Basculegion|1
|-damage|p2a: Basculegion|16/100
|move|p2a: Basculegion|Last Respects|p1a: Basculegion
|-supereffective|p1a: Basculegion|1
|-damage|p1a: Basculegion|13/100
|move|p2b: Sneasler|Dire Claw|p1a: Basculegion
|-resisted|p1a: Basculegion|1
|-damage|p1a: Basculegion|0 fnt
|faint|p1a: Basculegion
|
|upkeep
|
|t:|1782244607
|switch|p1a: Swampert|Swampert, L50, M|100/100
|turn|2
|
|t:|1782244620
|switch|p1b: Pelipper|Pelipper, L50, F|100/100
|-weather|RainDance|[from] ability: Drizzle|[of] p1b: Pelipper
|detailschange|p1a: Swampert|Swampert-Mega, L50, M
|-mega|p1a: Swampert|Swampert|Swampertite
|move|p1a: Swampert|Earthquake|p2a: Basculegion|[spread] p2a,p2b
|-immune|p1b: Pelipper
|-supereffective|p2b: Sneasler|1
|-damage|p2a: Basculegion|0 fnt
|-damage|p2b: Sneasler|0 fnt
|faint|p2a: Basculegion
|faint|p2b: Sneasler
|
|-weather|RainDance|[upkeep]
|upkeep
|
|t:|1782244630
|switch|p2b: Maushold|Maushold, L50, shiny|100/100
|switch|p2a: Floette|Floette-Eternal, L50, F, shiny|100/100
|turn|3
|
|t:|1782244637
|detailschange|p2a: Floette|Floette-Mega, L50, F, shiny
|-mega|p2a: Floette|Floette|Floettite
|-ability|p2a: Floette|Fairy Aura
|move|p2b: Maushold|Follow Me|p2b: Maushold
|-singleturn|p2b: Maushold|move: Follow Me
|move|p1a: Swampert|Earthquake|p2b: Maushold|[spread] p2a,p2b
|-immune|p1b: Pelipper
|-damage|p2a: Floette|50/100g
|-damage|p2b: Maushold|33/100
|move|p1b: Pelipper|Weather Ball|p2b: Maushold
|-damage|p2b: Maushold|0 fnt
|faint|p2b: Maushold
|-damage|p1b: Pelipper|90/100|[from] item: Life Orb
|move|p2a: Floette|Dazzling Gleam|p1b: Pelipper|[spread] p1a,p1b
|-damage|p1a: Swampert|54/100
|-damage|p1b: Pelipper|10/100
|
|-weather|RainDance|[upkeep]
|upkeep
|turn|4
|
|t:|1782244657
|move|p2a: Floette|Protect|p2a: Floette
|-singleturn|p2a: Floette|Protect
|move|p1a: Swampert|Wave Crash|p2a: Floette
|-activate|p2a: Floette|move: Protect
|move|p1b: Pelipper|Weather Ball|p2a: Floette
|-activate|p2a: Floette|move: Protect
|
|-weather|RainDance|[upkeep]
|-sideend|p1: MrGardnHose|move: Tailwind
|upkeep
|turn|5
|
|t:|1782244663
|move|p1a: Swampert|Wave Crash|p2a: Floette
|-damage|p2a: Floette|0 fnt
|faint|p2a: Floette
|-damage|p1a: Swampert|42/100|[from] Recoil
|
|win|MrGardnHose
|raw|MrGardnHose's rating: 1122 → 1141(+19 for winning)
|raw|thenachox1987's rating: 1035 → 1023(-12 for losing)
