|j|☆ghjk09
|j|☆winda claudia
|html|ghjk09winda claudia    
|uhtml|bestof|Game 1 of a best-of-3
|t:|1785008762
|gametype|doubles
|player|p1|ghjk09|hilbert|1100
|player|p2|winda claudia|1|1198
|gen|9
|tier|[Gen 9 Champions] VGC 2026 Reg M-B (Bo3)
|rated|
|rule|Species Clause: Limit one of each Pokémon
|rule|Item Clause: Limit 1 of each item
|clearpoke
|poke|p1|Audino, L50, F|
|poke|p1|Chandelure, L50, M|
|poke|p1|Zoroark-Hisui, L50, M|
|poke|p1|Whimsicott, L50, F|
|poke|p1|Overqwil, L50, M|
|poke|p1|Sableye, L50, F|
|poke|p2|Delphox, L50, F|
|poke|p2|Incineroar, L50, M|
|poke|p2|Sneasler, L50, M|
|poke|p2|Sinistcha, L50|
|poke|p2|Blastoise, L50, M|
|poke|p2|Maushold-Four, L50|
|teampreview|4
|showteam|p1|Audino||MentalHerb|Healer|SimpleBeam,HealPulse,Protect,TrickRoom|Serious||F|||50|]Chandelure||SitrusBerry|FlashFire|AcidArmor,CalmMind,Flamethrower,Minimize|Bold||M|||50|]Zoroark-Hisui||ChoiceScarf|Illusion|WillOWisp,Memento,RainDance,Taunt|Jolly||M|||50|]Whimsicott||LifeOrb|Prankster|Memento,GrassKnot,LightScreen,SunnyDay|Modest||F|||50|]Overqwil||Leftovers|Intimidate|ThroatChop,SwordsDance,Minimize,Stockpile|Sassy||M|||50|]Sableye||Sablenite|Prankster|Recover,PsychUp,DrainPunch,ThroatChop|Impish||F|||50|
|showteam|p2|Delphox||Delphoxite|Blaze|HeatWave,Psychic,NastyPlot,Protect|Timid||F|||50|]Incineroar||SitrusBerry|Intimidate|FakeOut,PartingShot,FlareBlitz,ThroatChop|Impish||M|||50|]Sneasler||FocusSash|PoisonTouch|CloseCombat,DireClaw,QuickGuard,FakeOut|Jolly||M|||50|]Sinistcha||KasibBerry|Hospitality|Protect,MatchaGotcha,LifeDew,RagePowder|Bold|||||50|]Blastoise||Blastoisinite|RainDish|Protect,WaterSpout,DarkPulse,ShellSmash|Modest||M|||50|]Maushold-Four||ChopleBerry|FriendGuard|Feint,HelpingHand,Protect,FollowMe|Impish|||||50|
|inactive|Battle timer is ON: inactive players will automatically lose when time's up. (requested by winda claudia)
|inactive|ghjk09 has 60 seconds left.
|inactive|winda claudia has 60 seconds left.
|inactive|ghjk09 has 30 seconds left.
|inactive|winda claudia has 30 seconds left.
|
|t:|1785008832
|teamsize|p1|4
|teamsize|p2|4
|start
|switch|p1a: Whimsicott|Whimsicott, L50, F|100/100
|switch|p1b: Audino|Audino, L50, F|100/100
|switch|p2a: Blastoise|Blastoise, L50, M|100/100
|switch|p2b: Sneasler|Sneasler, L50, M|100/100
|turn|1
|
|t:|1785008850
|detailschange|p2a: Blastoise|Blastoise-Mega, L50, M
|-mega|p2a: Blastoise|Blastoise|Blastoisinite
|move|p1a: Whimsicott|Memento|p2a: Blastoise
|-unboost|p2a: Blastoise|atk|2
|-unboost|p2a: Blastoise|spa|2
|faint|p1a: Whimsicott
|move|p2b: Sneasler|Dire Claw|p1b: Audino
|-damage|p1b: Audino|57/100
|move|p2a: Blastoise|Shell Smash|p2a: Blastoise
|-unboost|p2a: Blastoise|def|1
|-unboost|p2a: Blastoise|spd|1
|-boost|p2a: Blastoise|atk|2
|-boost|p2a: Blastoise|spa|2
|-boost|p2a: Blastoise|spe|2
|move|p1b: Audino|Trick Room|p1b: Audino
|-fieldstart|move: Trick Room|[of] p1b: Audino
|
|upkeep
|
|t:|1785008870
|switch|p1a: Overqwil|Overqwil, L50, M|100/100
|-ability|p1a: Overqwil|Intimidate|boost
|-unboost|p2a: Blastoise|atk|1
|-unboost|p2b: Sneasler|atk|1
|turn|2
|
|t:|1785008881
|move|p1b: Audino|Simple Beam|p1a: Overqwil
|-ability|p1a: Overqwil|Simple|Intimidate|[from] move: Simple Beam
|move|p1a: Overqwil|Minimize|p1a: Overqwil
|-boost|p1a: Overqwil|evasion|4
|move|p2b: Sneasler|Close Combat|p1a: Overqwil|[miss]
|-miss|p2b: Sneasler|p1a: Overqwil
|move|p2a: Blastoise|Water Spout|p1a: Overqwil|[spread] p1b
|-miss|p2a: Blastoise|p1a: Overqwil
|-damage|p1b: Audino|0 fnt
|faint|p1b: Audino
|
|upkeep
|
|t:|1785008898
|switch|p1b: Sableye|Sableye, L50, F|100/100
|turn|3
|
|t:|1785008910
|detailschange|p1b: Sableye|Sableye-Mega, L50, F
|-mega|p1b: Sableye|Sableye|Sablenite
|move|p1b: Sableye|Psych Up|p1a: Overqwil
|-copyboost|p1b: Sableye|p1a: Overqwil|[from] move: Psych Up
|move|p1a: Overqwil|Stockpile|p1a: Overqwil
|-start|p1a: Overqwil|stockpile1
|-boost|p1a: Overqwil|def|2
|-boost|p1a: Overqwil|spd|2
|move|p2b: Sneasler|Close Combat|p1a: Overqwil
|-damage|p1a: Overqwil|77/100
|-unboost|p2b: Sneasler|def|1
|-unboost|p2b: Sneasler|spd|1
|move|p2a: Blastoise|Water Spout|p1b: Sableye|[spread] 
|-miss|p2a: Blastoise|p1a: Overqwil
|-miss|p2a: Blastoise|p1b: Sableye
|
|-heal|p1a: Overqwil|83/100|[from] item: Leftovers
|upkeep
|turn|4
|inactive|ghjk09 has 30 seconds left.
|
|t:|1785008938
|switch|p2b: Incineroar|Incineroar, L50, M|100/100
|-ability|p2b: Incineroar|Intimidate|boost
|-unboost|p1a: Overqwil|atk|2
|-unboost|p1b: Sableye|atk|1
|move|p1b: Sableye|Recover||[still]
|-fail|p1b: Sableye|heal
|move|p1a: Overqwil|Throat Chop|p2a: Blastoise
|-damage|p2a: Blastoise|78/100
|-start|p2a: Blastoise|Throat Chop|[silent]
|move|p2a: Blastoise|Water Spout|p1b: Sableye|[spread] p1a,p1b
|-damage|p1a: Overqwil|61/100
|-damage|p1b: Sableye|48/100
|
|-heal|p1a: Overqwil|67/100|[from] item: Leftovers
|upkeep
|turn|5
|inactive|ghjk09 has 30 seconds left.
|
|t:|1785008965
|move|p2b: Incineroar|Fake Out|p1a: Overqwil|[miss]
|-miss|p2b: Incineroar|p1a: Overqwil
|move|p1b: Sableye|Recover|p1b: Sableye
|-heal|p1b: Sableye|98/100
|move|p1a: Overqwil|Stockpile|p1a: Overqwil
|-start|p1a: Overqwil|stockpile2
|-boost|p1a: Overqwil|def|2
|-boost|p1a: Overqwil|spd|2
|move|p2a: Blastoise|Shell Smash|p2a: Blastoise
|-unboost|p2a: Blastoise|def|1
|-unboost|p2a: Blastoise|spd|1
|-boost|p2a: Blastoise|atk|2
|-boost|p2a: Blastoise|spa|2
|-boost|p2a: Blastoise|spe|2
|
|-heal|p1a: Overqwil|73/100|[from] item: Leftovers
|-end|p2a: Blastoise|Throat Chop|[silent]
|-fieldend|move: Trick Room
|upkeep
|turn|6
|
|t:|1785008989
|move|p2a: Blastoise|Shell Smash|p2a: Blastoise
|-unboost|p2a: Blastoise|def|1
|-unboost|p2a: Blastoise|spd|1
|-boost|p2a: Blastoise|atk|2
|-boost|p2a: Blastoise|spa|2
|-boost|p2a: Blastoise|spe|2
|move|p1a: Overqwil|Stockpile|p1a: Overqwil
|-start|p1a: Overqwil|stockpile3
|-boost|p1a: Overqwil|def|2
|-boost|p1a: Overqwil|spd|2
|move|p2b: Incineroar|Parting Shot|p1a: Overqwil
|-unboost|p1a: Overqwil|atk|2
|-unboost|p1a: Overqwil|spa|2
|
|t:|1785008999
|switch|p2b: Sneasler|Sneasler, L50, M|100/100|[from] Parting Shot
|move|p1b: Sableye|Psych Up|p1a: Overqwil
|-copyboost|p1b: Sableye|p1a: Overqwil|[from] move: Psych Up
|
|-heal|p1a: Overqwil|80/100|[from] item: Leftovers
|upkeep
|turn|7
|
|t:|1785009020
|move|p2b: Sneasler|Fake Out|p1a: Overqwil
|-damage|p1a: Overqwil|76/100
|move|p2a: Blastoise|Shell Smash|p2a: Blastoise
|-unboost|p2a: Blastoise|def|1
|-unboost|p2a: Blastoise|spd|1
|-boost|p2a: Blastoise|atk|2
|-boost|p2a: Blastoise|spa|2
|-boost|p2a: Blastoise|spe|0
|cant|p1a: Overqwil|flinch
|move|p1b: Sableye|Throat Chop|p2a: Blastoise
|-damage|p2a: Blastoise|53/100
|-start|p2a: Blastoise|Throat Chop|[silent]
|
|-heal|p1a: Overqwil|82/100|[from] item: Leftovers
|upkeep
|turn|8
|inactive|ghjk09 has 30 seconds left.
|
|t:|1785009048
|switch|p2b: Incineroar|Incineroar, L50, M|100/100
|-ability|p2b: Incineroar|Intimidate|boost
|-unboost|p1a: Overqwil|atk|2
|-unboost|p1b: Sableye|atk|1
|move|p2a: Blastoise|Water Spout|p1b: Sableye|[spread] p1a,p1b
|-damage|p1a: Overqwil|51/100
|-damage|p1b: Sableye|66/100
|move|p1a: Overqwil|Swords Dance|p1a: Overqwil
|-boost|p1a: Overqwil|atk|4
|move|p1b: Sableye|Throat Chop|p2a: Blastoise
|-damage|p2a: Blastoise|31/100
|
|-heal|p1a: Overqwil|57/100|[from] item: Leftovers
|-end|p2a: Blastoise|Throat Chop|[silent]
|upkeep
|turn|9
|inactive|ghjk09 has 30 seconds left.
|
|t:|1785009076
|move|p2b: Incineroar|Fake Out|p1a: Overqwil|[miss]
|-miss|p2b: Incineroar|p1a: Overqwil
|move|p2a: Blastoise|Dark Pulse|p1b: Sableye|[miss]
|-miss|p2a: Blastoise|p1b: Sableye
|move|p1a: Overqwil|Swords Dance|p1a: Overqwil
|-boost|p1a: Overqwil|atk|4
|move|p1b: Sableye|Recover|p1b: Sableye
|-heal|p1b: Sableye|100/100
|
|-heal|p1a: Overqwil|63/100|[from] item: Leftovers
|upkeep
|turn|10
|
|t:|1785009094
|move|p2a: Blastoise|Dark Pulse|p1b: Sableye|[miss]
|-miss|p2a: Blastoise|p1b: Sableye
|move|p1a: Overqwil|Throat Chop|p2a: Blastoise
|-damage|p2a: Blastoise|0 fnt
|faint|p2a: Blastoise
|move|p2b: Incineroar|Parting Shot|p1a: Overqwil
|-unboost|p1a: Overqwil|atk|2
|-unboost|p1a: Overqwil|spa|2
|
|t:|1785009103
|switch|p2b: Sneasler|Sneasler, L50, M|100/100|[from] Parting Shot
|move|p1b: Sableye|Psych Up|p1a: Overqwil
|-copyboost|p1b: Sableye|p1a: Overqwil|[from] move: Psych Up
|
|-heal|p1a: Overqwil|69/100|[from] item: Leftovers
|upkeep
|
|t:|1785009110
|switch|p2a: Incineroar|Incineroar, L50, M|100/100
|-ability|p2a: Incineroar|Intimidate|boost
|-unboost|p1a: Overqwil|atk|2
|-unboost|p1b: Sableye|atk|1
|turn|11
|
|t:|1785009129
|move|p2b: Sneasler|Close Combat|p1a: Overqwil
|-damage|p1a: Overqwil|52/100
|-unboost|p2b: Sneasler|def|1
|-unboost|p2b: Sneasler|spd|1
|move|p1a: Overqwil|Minimize|p1a: Overqwil
|-boost|p1a: Overqwil|evasion|2
|move|p2a: Incineroar|Parting Shot|p1a: Overqwil|[miss]
|-miss|p2a: Incineroar|p1a: Overqwil
|move|p1b: Sableye|Drain Punch|p2a: Incineroar
|-supereffective|p2a: Incineroar|1
|-damage|p2a: Incineroar|85/100
|
|-heal|p1a: Overqwil|58/100|[from] item: Leftovers
|upkeep
|turn|12
|inactive|ghjk09 has 30 seconds left.
|inactive|ghjk09 has 20 seconds left.
|inactive|ghjk09 has 15 seconds left.
|
|t:|1785009170
|move|p2b: Sneasler|Close Combat|p1a: Overqwil
|-damage|p1a: Overqwil|42/100
|-unboost|p2b: Sneasler|def|1
|-unboost|p2b: Sneasler|spd|1
|move|p1a: Overqwil|Swords Dance|p1a: Overqwil
|-boost|p1a: Overqwil|atk|4
|move|p2a: Incineroar|Parting Shot|p1a: Overqwil
|-unboost|p1a: Overqwil|atk|2
|-unboost|p1a: Overqwil|spa|2
|
|t:|1785009180
|switch|p2a: Maushold|Maushold-Four, L50|100/100|[from] Parting Shot
|move|p1b: Sableye|Psych Up|p1a: Overqwil
|-copyboost|p1b: Sableye|p1a: Overqwil|[from] move: Psych Up
|
|-heal|p1a: Overqwil|48/100|[from] item: Leftovers
|upkeep
|turn|13
|
|t:|1785009193
|move|p2a: Maushold|Helping Hand|p2b: Sneasler
|-singleturn|p2b: Sneasler|Helping Hand|[of] p2a: Maushold
|move|p2b: Sneasler|Close Combat|p1a: Overqwil
|-damage|p1a: Overqwil|25/100
|-unboost|p2b: Sneasler|def|1
|-unboost|p2b: Sneasler|spd|1
|move|p1a: Overqwil|Throat Chop|p2a: Maushold
|-damage|p2a: Maushold|56/100
|-start|p2a: Maushold|Throat Chop|[silent]
|move|p1b: Sableye|Drain Punch|p2a: Maushold
|-supereffective|p2a: Maushold|1
|-enditem|p2a: Maushold|Chople Berry|[eat]
|-enditem|p2a: Maushold|Chople Berry|[weaken]
|-damage|p2a: Maushold|35/100
|
|-heal|p1a: Overqwil|31/100|[from] item: Leftovers
|upkeep
|turn|14
|inactive|ghjk09 has 30 seconds left.
|
|t:|1785009220
|move|p2a: Maushold|Helping Hand|p2b: Sneasler
|-singleturn|p2b: Sneasler|Helping Hand|[of] p2a: Maushold
|move|p2b: Sneasler|Close Combat|p1a: Overqwil|[miss]
|-miss|p2b: Sneasler|p1a: Overqwil
|move|p1a: Overqwil|Throat Chop|p2b: Sneasler
|-resisted|p2b: Sneasler|1
|-damage|p2b: Sneasler|49/100
|-start|p2b: Sneasler|Throat Chop|[silent]
|move|p1b: Sableye|Throat Chop|p2b: Sneasler
|-resisted|p2b: Sneasler|1
|-damage|p2b: Sneasler|14/100
|
|-heal|p1a: Overqwil|38/100|[from] item: Leftovers
|-end|p2a: Maushold|Throat Chop|[silent]
|upkeep
|turn|15
|
|t:|1785009240
|switch|p2b: Incineroar|Incineroar, L50, M|85/100
|-ability|p2b: Incineroar|Intimidate|boost
|-unboost|p1a: Overqwil|atk|2
|-unboost|p1b: Sableye|atk|1
|move|p2a: Maushold|Protect|p2a: Maushold
|-singleturn|p2a: Maushold|Protect
|move|p1a: Overqwil|Throat Chop|p2b: Incineroar
|-resisted|p2b: Incineroar|1
|-damage|p2b: Incineroar|81/100
|-start|p2b: Incineroar|Throat Chop|[silent]
|move|p1b: Sableye|Throat Chop|p2b: Incineroar
|-resisted|p2b: Incineroar|1
|-damage|p2b: Incineroar|76/100
|
|-heal|p1a: Overqwil|44/100|[from] item: Leftovers
|upkeep
|turn|16
|
|t:|1785009259
|move|p2a: Maushold|Helping Hand|p2b: Incineroar
|-singleturn|p2b: Incineroar|Helping Hand|[of] p2a: Maushold
|move|p1a: Overqwil|Swords Dance|p1a: Overqwil
|-boost|p1a: Overqwil|atk|4
|move|p2b: Incineroar|Flare Blitz|p1a: Overqwil
|-damage|p1a: Overqwil|28/100
|-damage|p2b: Incineroar|71/100|[from] Recoil
|move|p1b: Sableye|Drain Punch|p2b: Incineroar
|-supereffective|p2b: Incineroar|1
|-damage|p2b: Incineroar|60/100
|
|-heal|p1a: Overqwil|34/100|[from] item: Leftovers
|-end|p2b: Incineroar|Throat Chop|[silent]
|upkeep
|turn|17
|
|t:|1785009283
|move|p2a: Maushold|Helping Hand|p2b: Incineroar
|-singleturn|p2b: Incineroar|Helping Hand|[of] p2a: Maushold
|move|p1a: Overqwil|Swords Dance|p1a: Overqwil
|-boost|p1a: Overqwil|atk|4
|move|p2b: Incineroar|Flare Blitz|p1a: Overqwil|[miss]
|-miss|p2b: Incineroar|p1a: Overqwil
|move|p1b: Sableye|Psych Up|p1a: Overqwil
|-copyboost|p1b: Sableye|p1a: Overqwil|[from] move: Psych Up
|
|-heal|p1a: Overqwil|40/100|[from] item: Leftovers
|upkeep
|turn|18
|-message|winda claudia forfeited.
|
|win|ghjk09
|l|☆winda claudia
|player|p2|
||winda claudia is ready for game 2.
