|j|☆joyfulwizard
|j|☆Bazilvts
|html|joyfulwizardBazilvts    
|uhtml|bestof|Game 1 of a best-of-3
|t:|1785183009
|gametype|doubles
|player|p1|joyfulwizard|cheren-gen5bw2|1253
|player|p2|Bazilvts|266|1241
|gen|9
|tier|[Gen 9 Champions] VGC 2026 Reg M-B (Bo3)
|rated|
|rule|Species Clause: Limit one of each Pokémon
|rule|Item Clause: Limit 1 of each item
|clearpoke
|poke|p1|Charizard, L50, M|
|poke|p1|Glimmora, L50, M|
|poke|p1|Whimsicott, L50, F|
|poke|p1|Ninetales-Alola, L50, F|
|poke|p1|Kingambit, L50, M|
|poke|p1|Kommo-o, L50, M|
|poke|p2|Blaziken, L50, M|
|poke|p2|Meowscarada, L50, M|
|poke|p2|Gholdengo, L50|
|poke|p2|Dragonite, L50, M|
|poke|p2|Sylveon, L50, M|
|poke|p2|Mudsdale, L50, M|
|teampreview|4
|showteam|p1|Charizard||CharizarditeY|Blaze|HeatWave,WeatherBall,SolarBeam,Protect|Modest||M|||50|]Glimmora||Glimmoranite|ToxicDebris|SludgeBomb,PowerGem,EarthPower,SpikyShield|Modest||M|||50|]Whimsicott||FocusSash|Prankster|Moonblast,Tailwind,Encore,Protect|Timid||F|||50|]Ninetales-Alola||NeverMeltIce|SnowWarning|Blizzard,FreezeDry,Disable,Protect|Timid||F|||50|]Kingambit||BlackGlasses|Defiant|KowtowCleave,SuckerPunch,IronHead,Protect|Adamant||M|||50|]Kommo-o||LifeOrb|Overcoat|ClangingScales,AuraSphere,VacuumWave,Protect|Modest||M|||50|
|showteam|p2|Blaziken||Blazikenite|Blaze|CloseCombat,FlareBlitz,RockSlide,Protect|Jolly||M|||50|]Meowscarada||LifeOrb|Overgrow|FlowerTrick,TripleAxel,SuckerPunch,Protect|Jolly||M|||50|]Gholdengo||ChoiceScarf|GoodasGold|MakeItRain,ShadowBall,PowerGem,FocusBlast|Modest|||||50|]Dragonite||WhiteHerb|Multiscale|ScaleShot,Superpower,ExtremeSpeed,Protect|Adamant||M|||50|]Sylveon||FocusSash|Pixilate|HyperVoice,QuickAttack,Yawn,Detect|Timid||M|||50|]Mudsdale||SitrusBerry|InnerFocus|Earthquake,HeavySlam,Protect,Curse|Brave||M|||50|
|
|t:|1785183033
|teamsize|p1|4
|teamsize|p2|4
|start
|switch|p1a: Whimsicott|Whimsicott, L50, F|100/100
|switch|p1b: Glimmora|Glimmora, L50, M|100/100
|switch|p2a: Gholdengo|Gholdengo, L50|100/100
|switch|p2b: Sylveon|Sylveon, L50, M|100/100
|turn|1
|
|t:|1785183056
|move|p1b: Glimmora|Spiky Shield|p1b: Glimmora
|-singleturn|p1b: Glimmora|move: Protect
|move|p1a: Whimsicott|Tailwind|p1a: Whimsicott
|-sidestart|p1: joyfulwizard|move: Tailwind
|move|p2a: Gholdengo|Make It Rain|p1a: Whimsicott|[spread] p1a
|-activate|p1b: Glimmora|move: Protect
|-supereffective|p1a: Whimsicott|1
|-enditem|p1a: Whimsicott|Focus Sash
|-damage|p1a: Whimsicott|1/100
|-unboost|p2a: Gholdengo|spa|2
|move|p2b: Sylveon|Hyper Voice|p1a: Whimsicott|[spread] p1a
|-activate|p1b: Glimmora|move: Protect
|-damage|p1a: Whimsicott|0 fnt
|faint|p1a: Whimsicott
|
|upkeep
|
|t:|1785183071
|switch|p1a: Kingambit|Kingambit, L50, M|100/100
|turn|2
|inactive|Battle timer is ON: inactive players will automatically lose when time's up. (requested by joyfulwizard)
|
|t:|1785183092
|switch|p2a: Meowscarada|Meowscarada, L50, M|100/100
|detailschange|p1b: Glimmora|Glimmora-Mega, L50, M
|-mega|p1b: Glimmora|Glimmora|Glimmoranite
|move|p1b: Glimmora|Sludge Bomb|p2b: Sylveon
|-supereffective|p2b: Sylveon|1
|-enditem|p2b: Sylveon|Focus Sash
|-damage|p2b: Sylveon|1/100
|move|p1a: Kingambit|Kowtow Cleave|p2a: Meowscarada
|-resisted|p2a: Meowscarada|1
|-damage|p2a: Meowscarada|56/100
|move|p2b: Sylveon|Yawn|p1b: Glimmora
|-start|p1b: Glimmora|move: Yawn|[of] p2b: Sylveon
|
|upkeep
|turn|3
|
|t:|1785183114
|switch|p1b: Ninetales|Ninetales-Alola, L50, F|100/100
|-weather|Snowscape|[from] ability: Snow Warning|[of] p1b: Ninetales
|move|p2a: Meowscarada|Protect|p2a: Meowscarada
|-singleturn|p2a: Meowscarada|Protect
|move|p1a: Kingambit|Iron Head|p2a: Meowscarada
|-activate|p2a: Meowscarada|move: Protect
|move|p2b: Sylveon|Hyper Voice|p1a: Kingambit|[spread] p1a,p1b
|-damage|p1a: Kingambit|59/100
|-damage|p1b: Ninetales|51/100
|
|-weather|Snowscape|[upkeep]
|upkeep
|turn|4
|
|t:|1785183135
|switch|p1a: Glimmora|Glimmora-Mega, L50, M|100/100
|switch|p2a: Blaziken|Blaziken, L50, M|100/100
|switch|p2b: Gholdengo|Gholdengo, L50|100/100
|move|p1b: Ninetales|Blizzard|p2b: Gholdengo|[spread] p2a,p2b
|-resisted|p2a: Blaziken|1
|-resisted|p2b: Gholdengo|1
|-damage|p2a: Blaziken|71/100
|-damage|p2b: Gholdengo|79/100
|
|-weather|Snowscape|[upkeep]
|-sideend|p1: joyfulwizard|move: Tailwind
|upkeep
|turn|5
|
|t:|1785183159
|detailschange|p2a: Blaziken|Blaziken-Mega, L50, M
|-mega|p2a: Blaziken|Blaziken|Blazikenite
|move|p2a: Blaziken|Protect|p2a: Blaziken
|-singleturn|p2a: Blaziken|Protect
|move|p1a: Glimmora|Spiky Shield|p1a: Glimmora
|-singleturn|p1a: Glimmora|move: Protect
|move|p2b: Gholdengo|Make It Rain|p1a: Glimmora|[spread] p1b
|-activate|p1a: Glimmora|move: Protect
|-supereffective|p1b: Ninetales|2
|-damage|p1b: Ninetales|0 fnt
|-unboost|p2b: Gholdengo|spa|2
|faint|p1b: Ninetales
|
|-weather|Snowscape|[upkeep]
|-ability|p2a: Blaziken|Speed Boost|boost
|-boost|p2a: Blaziken|spe|1
|upkeep
|
|t:|1785183161
|switch|p1b: Kingambit|Kingambit, L50, M|59/100
|turn|6
|inactive|Bazilvts has 30 seconds left.
|
|t:|1785183189
|move|p1b: Kingambit|Protect|p1b: Kingambit
|-singleturn|p1b: Kingambit|Protect
|move|p2a: Blaziken|Close Combat|p1a: Glimmora
|-damage|p1a: Glimmora|18/100
|-unboost|p2a: Blaziken|def|1
|-unboost|p2a: Blaziken|spd|1
|move|p2b: Gholdengo|Make It Rain|p1b: Kingambit|[spread] p1a
|-activate|p1b: Kingambit|move: Protect
|-supereffective|p1a: Glimmora|1
|-damage|p1a: Glimmora|0 fnt
|-unboost|p2b: Gholdengo|spa|2
|faint|p1a: Glimmora
|
|-weather|Snowscape|[upkeep]
|-ability|p2a: Blaziken|Speed Boost|boost
|-boost|p2a: Blaziken|spe|1
|upkeep
|turn|7
|-message|joyfulwizard forfeited.
|
|win|Bazilvts
||joyfulwizard is ready for game 2.
||Bazilvts is ready for game 2.
|uhtml|next|Next: Game 2 of 3
|l|☆Bazilvts
|player|p2|
