|j|☆robby w
|j|☆Filippo1226
|html|robby wFilippo1226    
|uhtml|bestof|Game 2 of a best-of-3
|t:|1756661377
|gametype|doubles
|player|p1|robby w|pokefan-gen4|1304
|player|p2|Filippo1226|dragontamer|1308
|gen|9
|tier|[Gen 9] VGC 2025 Reg H (Bo3)
|rated|
|rule|Species Clause: Limit one of each Pokémon
|rule|Item Clause: Limit 1 of each item
|clearpoke
|poke|p1|Dondozo, L50, M|
|poke|p1|Tatsugiri, L50, M|
|poke|p1|Sneasler, L50, F|
|poke|p1|Indeedee, L50, M|
|poke|p1|Archaludon, L50, M|
|poke|p1|Pelipper, L50, F|
|poke|p2|Talonflame, L50, F|
|poke|p2|Kommo-o, L50, M|
|poke|p2|Mamoswine, L50, F|
|poke|p2|Gholdengo, L50|
|poke|p2|Persian-Alola, L50, M|
|poke|p2|Gallade, L50, M|
|teampreview|4
|showteam|p1|Dondozo||Leftovers|Unaware|Protect,WaveCrash,Earthquake,OrderUp|||M|||50|,,,,,Grass]Tatsugiri||ChoiceScarf|Commander|DragonPulse,IcyWind,DracoMeteor,MuddyWater|||M|||50|,,,,,Stellar]Sneasler||PsychicSeed|Unburden|DireClaw,CloseCombat,Protect,ThroatChop|||F|||50|,,,,,Dark]Indeedee||FocusSash|PsychicSurge|DazzlingGleam,HelpingHand,ExpandingForce,Protect|||M|||50|,,,,,Fairy]Archaludon||AssaultVest|Stamina|BodyPress,FlashCannon,ElectroShot,DracoMeteor|||M|||50|,,,,,Fighting]Pelipper||CovertCloak|Drizzle|Tailwind,WeatherBall,Protect,Hurricane|||F|||50|,,,,,Water
|showteam|p2|Talonflame||CovertCloak|GaleWings|BraveBird,FlareBlitz,Tailwind,QuickGuard|||F|||50|,,,,,Stellar]Kommo-o||ChoiceSpecs|Bulletproof|ClangingScales,Flamethrower,AuraSphere,DracoMeteor|||M|||50|,,,,,Dragon]Mamoswine||LoadedDice|Oblivious|IcicleSpear,Earthquake,HighHorsepower,Protect|||F|||50|,,,,,Ground]Gholdengo||LifeOrb|GoodasGold|MakeItRain,ShadowBall,NastyPlot,Protect||||||50|,,,,,Water]Persian-Alola||AssaultVest|FurCoat|FoulPlay,FakeOut,IcyWind,Uturn|||M|||50|,,,,,Bug]Gallade||SitrusBerry|Sharpness|SacredSword,Imprison,TrickRoom,PsychoCut|||M|||50|,,,,,Dark
|inactive|Battle timer is ON: inactive players will automatically lose when time's up. (requested by Filippo1226)
|
|t:|1756661412
|teamsize|p1|4
|teamsize|p2|4
|start
|switch|p1a: Sneasler|Sneasler, L50, F|100/100
|switch|p1b: Indeedee|Indeedee, L50, M|100/100
|switch|p2a: Talonflame|Talonflame, L50, F|100/100
|switch|p2b: Persian|Persian-Alola, L50, M|100/100
|-fieldstart|move: Psychic Terrain|[from] ability: Psychic Surge|[of] p1b: Indeedee
|-enditem|p1a: Sneasler|Psychic Seed
|-boost|p1a: Sneasler|spd|1|[from] item: Psychic Seed
|turn|1
|inactive|robby w has 30 seconds left.
|
|t:|1756661444
|-terastallize|p2b: Persian|Bug
|move|p2a: Talonflame|Tailwind|p2a: Talonflame
|-sidestart|p2: Filippo1226|move: Tailwind
|move|p1a: Sneasler|Close Combat|p2b: Persian
|-resisted|p2b: Persian
|-damage|p2b: Persian|77/100
|-unboost|p1a: Sneasler|def|1
|-unboost|p1a: Sneasler|spd|1
|move|p2b: Persian|Icy Wind|p1b: Indeedee|[spread] p1a,p1b
|-damage|p1a: Sneasler|91/100
|-damage|p1b: Indeedee|92/100
|-unboost|p1a: Sneasler|spe|1
|-unboost|p1b: Indeedee|spe|1
|move|p1b: Indeedee|Expanding Force|p2a: Talonflame|[spread] p2a,p2b
|-damage|p2a: Talonflame|20/100
|-damage|p2b: Persian|27/100
|
|upkeep
|turn|2
|
|t:|1756661461
|switch|p1a: Dondozo|Dondozo, L50, M, shiny|100/100
|switch|p1b: Tatsugiri|Tatsugiri, L50, M|100/100
|-activate|p1b: Tatsugiri|ability: Commander|[of] p1a: Dondozo
|-boost|p1a: Dondozo|atk|2
|-boost|p1a: Dondozo|spa|2
|-boost|p1a: Dondozo|spe|2
|-boost|p1a: Dondozo|def|2
|-boost|p1a: Dondozo|spd|2
|move|p2a: Talonflame|Brave Bird|p1a: Dondozo
|-damage|p1a: Dondozo|84/100
|-damage|p2a: Talonflame|12/100|[from] Recoil
|move|p2b: Persian|U-turn|p1b: Tatsugiri|[miss]
|-miss|p2b: Persian|p1b: Tatsugiri
|
|-heal|p1a: Dondozo|90/100|[from] item: Leftovers
|upkeep
|turn|3
|inactive|robby w has 30 seconds left.
|
|t:|1756661489
|switch|p2a: Kommo-o|Kommo-o, L50, M|100/100
|move|p2b: Persian|Foul Play|p1a: Dondozo
|-damage|p1a: Dondozo|75/100
|move|p1a: Dondozo|Order Up|p2b: Persian
|-damage|p2b: Persian|0 fnt
|faint|p2b: Persian
|-boost|p1a: Dondozo|atk|1
|
|-heal|p1a: Dondozo|81/100|[from] item: Leftovers
|upkeep
|
|t:|1756661505
|switch|p2b: Gholdengo|Gholdengo, L50|100/100
|turn|4
|
|t:|1756661514
|switch|p2b: Talonflame|Talonflame, L50, F|12/100
|move|p1a: Dondozo|Protect|p1a: Dondozo
|-singleturn|p1a: Dondozo|Protect
|move|p2a: Kommo-o|Draco Meteor|p1a: Dondozo
|-activate|p1a: Dondozo|move: Protect
|
|-heal|p1a: Dondozo|88/100|[from] item: Leftovers
|-sideend|p2: Filippo1226|move: Tailwind
|upkeep
|turn|5
|
|t:|1756661529
|move|p2b: Talonflame|Tailwind|p2b: Talonflame
|-sidestart|p2: Filippo1226|move: Tailwind
|move|p2a: Kommo-o|Draco Meteor|p1a: Dondozo
|-damage|p1a: Dondozo|37/100
|-unboost|p2a: Kommo-o|spa|2
|move|p1a: Dondozo|Order Up|p2a: Kommo-o
|-supereffective|p2a: Kommo-o
|-damage|p2a: Kommo-o|0 fnt
|faint|p2a: Kommo-o
|-boost|p1a: Dondozo|atk|1
|
|-heal|p1a: Dondozo|43/100|[from] item: Leftovers
|-fieldend|move: Psychic Terrain
|upkeep
|
|t:|1756661535
|switch|p2a: Gholdengo|Gholdengo, L50|100/100
|turn|6
|
|t:|1756661549
|move|p2b: Talonflame|Brave Bird|p1a: Dondozo
|-damage|p1a: Dondozo|27/100
|-damage|p2b: Talonflame|4/100|[from] Recoil
|move|p2a: Gholdengo|Shadow Ball|p1a: Dondozo
|-damage|p1a: Dondozo|0 fnt
|faint|p1a: Dondozo
|-damage|p2a: Gholdengo|91/100|[from] item: Life Orb
|
|upkeep
|
|t:|1756661561
|switch|p1a: Sneasler|Sneasler, L50, F|91/100
|turn|7
|inactive|Filippo1226 has 30 seconds left.
|
|t:|1756661591
|switch|p1b: Indeedee|Indeedee, L50, M|92/100
|-fieldstart|move: Psychic Terrain|[from] ability: Psychic Surge|[of] p1b: Indeedee
|-terastallize|p1a: Sneasler|Dark
|move|p2b: Talonflame|Brave Bird|p1b: Indeedee
|-damage|p1b: Indeedee|3/100
|-damage|p2b: Talonflame|0 fnt|[from] Recoil
|faint|p2b: Talonflame
|move|p2a: Gholdengo|Make It Rain|p1b: Indeedee|[spread] p1a,p1b
|-damage|p1a: Sneasler|4/100
|-damage|p1b: Indeedee|0 fnt
|-unboost|p2a: Gholdengo|spa|1
|faint|p1b: Indeedee
|-damage|p2a: Gholdengo|81/100|[from] item: Life Orb
|move|p1a: Sneasler|Throat Chop|p2a: Gholdengo
|-supereffective|p2a: Gholdengo
|-damage|p2a: Gholdengo|0 fnt
|faint|p2a: Gholdengo
|
|win|robby w
|raw|robby w's rating: 1304 → 1324(+20 for winning)
|raw|Filippo1226's rating: 1308 → 1288(-20 for losing)
|l|☆Filippo1226
|player|p2|
