|j|☆pressinblades
|j|☆Klakierowski
|html|pressinbladesKlakierowski    
|uhtml|bestof|Game 1 of a best-of-3
|t:|1756743319
|gametype|doubles
|player|p1|pressinblades|steven|1000
|player|p2|Klakierowski|bugcatcher-gen4dp|1044
|gen|9
|tier|[Gen 9] VGC 2025 Reg H (Bo3)
|rated|
|rule|Species Clause: Limit one of each Pokémon
|rule|Item Clause: Limit 1 of each item
|clearpoke
|poke|p1|Talonflame, L50, F|
|poke|p1|Kingambit, L50, M|
|poke|p1|Garchomp, L50, F|
|poke|p1|Torkoal, L50, M|
|poke|p1|Farigiraf, L50, F|
|poke|p1|Conkeldurr, L50, M|
|poke|p2|Sneasler, L50, F|
|poke|p2|Kingambit, L50, M|
|poke|p2|Rillaboom, L50, F|
|poke|p2|Primarina, L50, M|
|poke|p2|Incineroar, L50, F|
|poke|p2|Grimmsnarl, L50, M|
|teampreview|4
|showteam|p1|Talonflame||ExpertBelt|GaleWings|Tailwind,DualWingbeat,Overheat,Taunt|||F|||50|,,,,,Ghost]Kingambit||AssaultVest|Defiant|LowKick,Assurance,SuckerPunch,TeraBlast|||M|||50|,,,,,Fire]Garchomp||LifeOrb|RoughSkin|Protect,SwordsDance,StompingTantrum,RockSlide|||F|||50|,,,,,Fire]Torkoal||EjectPack|Drought|Protect,Overheat,EarthPower,HelpingHand|||M|||50|,,,,,Flying]Farigiraf||SitrusBerry|ArmorTail|TrickRoom,Psychic,FoulPlay,SkillSwap|||F|||50|,,,,,Water]Conkeldurr||FlameOrb|Guts|Protect,DrainPunch,MachPunch,KnockOff|||M|||50|,,,,,Steel
|showteam|p2|Sneasler||GrassySeed|Unburden|Protect,CloseCombat,DireClaw,FakeOut|||F|||50|,,,,,Dark]Kingambit||SafetyGoggles|Defiant|KowtowCleave,SwordsDance,SuckerPunch,IronHead|||M|||50|,,,,,Dark]Rillaboom||AssaultVest|GrassySurge|FakeOut,WoodHammer,GrassyGlide,Uturn|||F|||50|,,,,,Fire]Primarina||LifeOrb|LiquidVoice|HyperVoice,IcyWind,DrainingKiss,Protect|||M|||50|,,,,,Water]Incineroar||SitrusBerry|Intimidate|FlareBlitz,PartingShot,FakeOut,KnockOff|||F|||50|,,,,,Ghost]Grimmsnarl||CovertCloak|Prankster|FakeOut,SpiritBreak,Taunt,ThunderWave|||M|||50|,,,,,Dark
|inactive|Battle timer is ON: inactive players will automatically lose when time's up. (requested by pressinblades)
|
|t:|1756743379
|teamsize|p1|4
|teamsize|p2|4
|start
|switch|p1a: Kingambit|Kingambit, L50, M, shiny|100/100
|switch|p1b: Garchomp|Garchomp, L50, F, shiny|100/100
|switch|p2a: Incineroar|Incineroar, L50, F|100/100
|switch|p2b: Kingambit|Kingambit, L50, M|100/100
|-ability|p2a: Incineroar|Intimidate|boost
|-unboost|p1a: Kingambit|atk|1
|-ability|p1a: Kingambit|Defiant|boost
|-boost|p1a: Kingambit|atk|2
|-unboost|p1b: Garchomp|atk|1
|turn|1
|inactive|pressinblades has 30 seconds left.
|inactive|Klakierowski has 30 seconds left.
|inactive|pressinblades has 20 seconds left.
|inactive|Klakierowski has 20 seconds left.
|inactive|Klakierowski has 15 seconds left.
|
|t:|1756743420
|switch|p1b: Farigiraf|Farigiraf, L50, F|100/100
|move|p2a: Incineroar|Fake Out||[still]
|cant|p1b: Farigiraf|ability: Armor Tail|Fake Out|[of] p2a: Incineroar
|move|p2b: Kingambit|Swords Dance|p2b: Kingambit
|-boost|p2b: Kingambit|atk|2
|move|p1a: Kingambit|Low Kick|p2a: Incineroar
|-supereffective|p2a: Incineroar
|-damage|p2a: Incineroar|10/100
|-enditem|p2a: Incineroar|Sitrus Berry|[eat]
|-heal|p2a: Incineroar|35/100|[from] item: Sitrus Berry
|
|upkeep
|turn|2
|inactive|pressinblades has 30 seconds left.
|inactive|Klakierowski has 30 seconds left.
|inactive|pressinblades has 20 seconds left.
|inactive|Klakierowski has 20 seconds left.
|inactive|pressinblades has 15 seconds left.
|inactive|Klakierowski has 15 seconds left.
|
|t:|1756743462
|-terastallize|p1a: Kingambit|Fire
|move|p2a: Incineroar|Flare Blitz|p1a: Kingambit
|-resisted|p1a: Kingambit
|-damage|p1a: Kingambit|77/100
|-damage|p2a: Incineroar|27/100|[from] Recoil
|move|p1a: Kingambit|Tera Blast|p2b: Kingambit|[anim] Tera Blast Fire
|-supereffective|p2b: Kingambit
|-damage|p2b: Kingambit|1/100
|move|p2b: Kingambit|Kowtow Cleave|p1b: Farigiraf
|-supereffective|p1b: Farigiraf
|-damage|p1b: Farigiraf|0 fnt
|faint|p1b: Farigiraf
|
|upkeep
|
|t:|1756743475
|switch|p1b: Conkeldurr|Conkeldurr, L50, M, shiny|100/100
|turn|3
|
|t:|1756743495
|move|p2b: Kingambit|Sucker Punch|p1a: Kingambit
|-damage|p1a: Kingambit|17/100
|move|p1b: Conkeldurr|Mach Punch|p2b: Kingambit
|-supereffective|p2b: Kingambit
|-damage|p2b: Kingambit|0 fnt
|faint|p2b: Kingambit
|move|p2a: Incineroar|Knock Off|p1a: Kingambit
|-damage|p1a: Kingambit|0 fnt
|-enditem|p1a: Kingambit|Assault Vest|[from] move: Knock Off|[of] p2a: Incineroar
|faint|p1a: Kingambit
|
|-status|p1b: Conkeldurr|brn|[from] item: Flame Orb
|upkeep
|inactive|pressinblades has 30 seconds left.
|inactive|Klakierowski has 30 seconds left.
|inactive|pressinblades has 20 seconds left.
|inactive|Klakierowski has 20 seconds left.
|inactive|pressinblades has 15 seconds left.
|inactive|Klakierowski has 15 seconds left.
|inactive|pressinblades has 10 seconds left.
|inactive|Klakierowski has 10 seconds left.
|
|t:|1756743544
|switch|p2b: Sneasler|Sneasler, L50, F|100/100
|switch|p1a: Garchomp|Garchomp, L50, F, shiny|100/100
|turn|4
|
|t:|1756743567
|switch|p2a: Rillaboom|Rillaboom, L50, F|100/100
|-fieldstart|move: Grassy Terrain|[from] ability: Grassy Surge|[of] p2a: Rillaboom
|-enditem|p2b: Sneasler|Grassy Seed
|-boost|p2b: Sneasler|def|1|[from] item: Grassy Seed
|move|p2b: Sneasler|Fake Out|p1a: Garchomp
|-damage|p1a: Garchomp|86/100
|-damage|p2b: Sneasler|88/100|[from] ability: Rough Skin|[of] p1a: Garchomp
|cant|p1a: Garchomp|flinch
|move|p1b: Conkeldurr|Drain Punch|p2b: Sneasler
|-resisted|p2b: Sneasler
|-damage|p2b: Sneasler|50/100
|
|-heal|p2b: Sneasler|56/100|[from] Grassy Terrain
|-heal|p1a: Garchomp|92/100|[from] Grassy Terrain
|-damage|p1b: Conkeldurr|95/100 brn|[from] brn
|upkeep
|turn|5
|inactive|pressinblades has 30 seconds left.
|inactive|Klakierowski has 30 seconds left.
|inactive|Klakierowski has 20 seconds left.
|c|☆Klakierowski|!weak garchomp
|c| Klakierowski|/raw Garchomp (ignoring abilities):Weaknesses: Dragon, Fairy, IceResistances: Fire, Poison, RockImmunities: Electric, Sandstorm damage
|inactive|Klakierowski has 15 seconds left.
|
|t:|1756743611
|move|p2b: Sneasler|Close Combat|p1a: Garchomp
|-damage|p1a: Garchomp|27/100
|-unboost|p2b: Sneasler|def|1
|-unboost|p2b: Sneasler|spd|1
|-damage|p2b: Sneasler|44/100|[from] ability: Rough Skin|[of] p1a: Garchomp
|move|p1a: Garchomp|Stomping Tantrum|p2b: Sneasler
|-supereffective|p2b: Sneasler
|-damage|p2b: Sneasler|0 fnt
|faint|p2b: Sneasler
|-damage|p1a: Garchomp|17/100|[from] item: Life Orb
|move|p2a: Rillaboom|Wood Hammer|p1a: Garchomp
|-damage|p1a: Garchomp|0 fnt
|-damage|p2a: Rillaboom|88/100|[from] ability: Rough Skin|[of] p1a: Garchomp
|faint|p1a: Garchomp
|-damage|p2a: Rillaboom|83/100|[from] Recoil
|move|p1b: Conkeldurr|Knock Off|p2a: Rillaboom
|-damage|p2a: Rillaboom|23/100
|-enditem|p2a: Rillaboom|Assault Vest|[from] move: Knock Off|[of] p1b: Conkeldurr
|
|-heal|p2a: Rillaboom|28/100|[from] Grassy Terrain
|-heal|p1b: Conkeldurr|100/100 brn|[from] Grassy Terrain
|-damage|p1b: Conkeldurr|95/100 brn|[from] brn
|upkeep
|
|t:|1756743626
|switch|p2b: Incineroar|Incineroar, L50, F|27/100
|-ability|p2b: Incineroar|Intimidate|boost
|-unboost|p1b: Conkeldurr|atk|1
|turn|6
|
|t:|1756743647
|move|p1b: Conkeldurr|Protect|p1b: Conkeldurr
|-singleturn|p1b: Conkeldurr|Protect
|move|p2b: Incineroar|Fake Out|p1b: Conkeldurr
|-activate|p1b: Conkeldurr|move: Protect
|move|p2a: Rillaboom|Wood Hammer|p1b: Conkeldurr
|-activate|p1b: Conkeldurr|move: Protect
|
|-heal|p2a: Rillaboom|34/100|[from] Grassy Terrain
|-heal|p2b: Incineroar|33/100|[from] Grassy Terrain
|-heal|p1b: Conkeldurr|100/100 brn|[from] Grassy Terrain
|-damage|p1b: Conkeldurr|95/100 brn|[from] brn
|upkeep
|turn|7
|inactive|Klakierowski has 30 seconds left.
|
|t:|1756743674
|-terastallize|p2b: Incineroar|Ghost
|move|p1b: Conkeldurr|Mach Punch|p2a: Rillaboom
|-damage|p2a: Rillaboom|10/100
|move|p2a: Rillaboom|Wood Hammer|p1b: Conkeldurr
|-damage|p1b: Conkeldurr|22/100 brn
|-damage|p2a: Rillaboom|0 fnt|[from] Recoil
|faint|p2a: Rillaboom
|move|p2b: Incineroar|Flare Blitz|p1b: Conkeldurr
|-damage|p1b: Conkeldurr|0 fnt
|faint|p1b: Conkeldurr
|-damage|p2b: Incineroar|26/100|[from] Recoil
|
|win|Klakierowski
||pressinblades is ready for game 2.
