|j|☆C.Num8
|j|☆PaniniWeenie
|html|C.Num8PaniniWeenie    
|uhtml|bestof|Game 1 of a best-of-3
|t:|1757089854
|gametype|doubles
|player|p1|C.Num8|shadowtriad|1267
|player|p2|PaniniWeenie|169|1464
|gen|9
|tier|[Gen 9] VGC 2025 Reg H (Bo3)
|rated|
|rule|Species Clause: Limit one of each Pokémon
|rule|Item Clause: Limit 1 of each item
|clearpoke
|poke|p1|Archaludon, L50, M|
|poke|p1|Pelipper, L50, M|
|poke|p1|Gholdengo, L50|
|poke|p1|Basculegion, L50, M|
|poke|p1|Amoonguss, L50, F|
|poke|p1|Annihilape, L50, M|
|poke|p2|Sneasler, L50, M|
|poke|p2|Volcarona, L50, M|
|poke|p2|Dragonite, L50, F|
|poke|p2|Rillaboom, L50, F|
|poke|p2|Electabuzz, L50, F|
|poke|p2|Kingambit, L50, M|
|teampreview|4
|showteam|p1|Archaludon||AssaultVest|Stamina|DragonPulse,ElectroShot,BodyPress,Snarl|||M|||50|,,,,,Bug]Pelipper||FocusSash|Drizzle|WeatherBall,Hurricane,Tailwind,Protect|||M|||50|,,,,,Ghost]Gholdengo||LifeOrb|GoodasGold|MakeItRain,ShadowBall,NastyPlot,Protect||||||50|,,,,,Water]Basculegion||ChoiceBand|SwiftSwim|AquaJet,WaveCrash,LastRespects,FlipTurn|||M|||50|,,,,,Water]Amoonguss||SitrusBerry|Regenerator|RagePowder,Spore,PollenPuff,Protect|||F|||50|,,,,,Fairy]Annihilape||SafetyGoggles|Defiant|RageFist,CloseCombat,FinalGambit,Taunt|||M|||50|,,,,,Fire
|showteam|p2|Sneasler||FocusSash|PoisonTouch|DireClaw,CloseCombat,FakeOut,Coaching|||M|||50|,,,,,Stellar]Volcarona||Leftovers|FlameBody|HeatWave,QuiverDance,Protect,TeraBlast|||M|||50|,,,,,Fairy]Dragonite||LoadedDice|Multiscale|ScaleShot,ExtremeSpeed,Haze,Protect|||F|||50|,,,,,Steel]Rillaboom||AssaultVest|GrassySurge|WoodHammer,GrassyGlide,HighHorsepower,FakeOut|||F|||50|,,,,,Fire]Electabuzz||Eviolite|VitalSpirit|FollowMe,Thunderbolt,Taunt,Protect|||F|||50|,,,,,Ghost]Kingambit||BlackGlasses|Defiant|KowtowCleave,SuckerPunch,SwordsDance,Protect|||M|||50|,,,,,Dark
|inactive|Battle timer is ON: inactive players will automatically lose when time's up. (requested by PaniniWeenie)
|
|t:|1757089898
|teamsize|p1|4
|teamsize|p2|4
|start
|switch|p1a: Pelipper|Pelipper, L50, M|100/100
|switch|p1b: Archaludon|Archaludon, L50, M|100/100
|switch|p2a: Electabuzz|Electabuzz, L50, F|100/100
|switch|p2b: Volcarona|Volcarona, L50, M|100/100
|-weather|RainDance|[from] ability: Drizzle|[of] p1a: Pelipper
|turn|1
|inactive|C.Num8 has 30 seconds left.
|inactive|C.Num8 has 20 seconds left.
|inactive|C.Num8 has 15 seconds left.
|inactive|C.Num8 has 10 seconds left.
|
|t:|1757089947
|move|p2a: Electabuzz|Follow Me|p2a: Electabuzz
|-singleturn|p2a: Electabuzz|move: Follow Me
|move|p2b: Volcarona|Quiver Dance|p2b: Volcarona
|-boost|p2b: Volcarona|spa|1
|-boost|p2b: Volcarona|spd|1
|-boost|p2b: Volcarona|spe|1
|move|p1a: Pelipper|Weather Ball|p2a: Electabuzz
|-damage|p2a: Electabuzz|51/100
|move|p1b: Archaludon|Snarl|p2a: Electabuzz|[spread] p2a,p2b
|-damage|p2a: Electabuzz|39/100
|-damage|p2b: Volcarona|91/100
|-unboost|p2a: Electabuzz|spa|1
|-unboost|p2b: Volcarona|spa|1
|
|-weather|RainDance|[upkeep]
|-heal|p2b: Volcarona|98/100|[from] item: Leftovers
|upkeep
|turn|2
|
|t:|1757089964
|-terastallize|p2b: Volcarona|Fairy
|move|p2b: Volcarona|Quiver Dance|p2b: Volcarona
|-boost|p2b: Volcarona|spa|1
|-boost|p2b: Volcarona|spd|1
|-boost|p2b: Volcarona|spe|1
|move|p2a: Electabuzz|Thunderbolt|p1a: Pelipper
|-supereffective|p1a: Pelipper
|-enditem|p1a: Pelipper|Focus Sash
|-damage|p1a: Pelipper|1/100
|move|p1a: Pelipper|Weather Ball|p2b: Volcarona
|-damage|p2b: Volcarona|68/100
|move|p1b: Archaludon|Snarl|p2b: Volcarona|[spread] p2a,p2b
|-resisted|p2b: Volcarona
|-damage|p2a: Electabuzz|29/100
|-damage|p2b: Volcarona|65/100
|-unboost|p2a: Electabuzz|spa|1
|-unboost|p2b: Volcarona|spa|1
|
|-weather|RainDance|[upkeep]
|-heal|p2b: Volcarona|72/100|[from] item: Leftovers
|upkeep
|turn|3
|inactive|C.Num8 has 30 seconds left.
|
|t:|1757089990
|switch|p1a: Annihilape|Annihilape, L50, M|100/100
|move|p2a: Electabuzz|Protect|p2a: Electabuzz
|-singleturn|p2a: Electabuzz|Protect
|move|p2b: Volcarona|Quiver Dance|p2b: Volcarona
|-boost|p2b: Volcarona|spa|1
|-boost|p2b: Volcarona|spd|1
|-boost|p2b: Volcarona|spe|1
|move|p1b: Archaludon|Electro Shot||[still]
|-prepare|p1b: Archaludon|Electro Shot
|-boost|p1b: Archaludon|spa|1
|-anim|p1b: Archaludon|Electro Shot|p2a: Electabuzz
|-activate|p2a: Electabuzz|move: Protect
|
|-weather|RainDance|[upkeep]
|-heal|p2b: Volcarona|78/100|[from] item: Leftovers
|upkeep
|turn|4
|inactive|PaniniWeenie has 30 seconds left.
|
|t:|1757090017
|move|p2a: Electabuzz|Follow Me|p2a: Electabuzz
|-singleturn|p2a: Electabuzz|move: Follow Me
|move|p2b: Volcarona|Quiver Dance|p2b: Volcarona
|-boost|p2b: Volcarona|spa|1
|-boost|p2b: Volcarona|spd|1
|-boost|p2b: Volcarona|spe|1
|move|p1a: Annihilape|Taunt|p2a: Electabuzz
|-start|p2a: Electabuzz|move: Taunt
|move|p1b: Archaludon|Snarl|p2b: Volcarona|[spread] p2a,p2b
|-resisted|p2b: Volcarona
|-damage|p2a: Electabuzz|13/100
|-damage|p2b: Volcarona|75/100
|-unboost|p2a: Electabuzz|spa|1
|-unboost|p2b: Volcarona|spa|1
|
|-weather|RainDance|[upkeep]
|-heal|p2b: Volcarona|81/100|[from] item: Leftovers
|upkeep
|turn|5
|inactive|C.Num8 has 30 seconds left.
|inactive|PaniniWeenie has 30 seconds left.
|
|t:|1757090045
|switch|p2a: Rillaboom|Rillaboom, L50, F|100/100
|-fieldstart|move: Grassy Terrain|[from] ability: Grassy Surge|[of] p2a: Rillaboom
|-terastallize|p1a: Annihilape|Fire
|move|p2b: Volcarona|Tera Blast|p1a: Annihilape|[anim] Tera Blast Fairy
|-resisted|p1a: Annihilape
|-damage|p1a: Annihilape|73/100
|move|p1a: Annihilape|Final Gambit|p2b: Volcarona
|-damage|p2b: Volcarona|0 fnt
|faint|p1a: Annihilape
|faint|p2b: Volcarona
|move|p1b: Archaludon|Snarl|p2a: Rillaboom
|-damage|p2a: Rillaboom|80/100
|-unboost|p2a: Rillaboom|spa|1
|
|-weather|none
|-heal|p2a: Rillaboom|86/100|[from] Grassy Terrain
|upkeep
|inactive|PaniniWeenie has 30 seconds left.
|
|t:|1757090070
|switch|p1a: Pelipper|Pelipper, L50, M|1/100
|switch|p2b: Sneasler|Sneasler, L50, M|100/100
|-weather|RainDance|[from] ability: Drizzle|[of] p1a: Pelipper
|turn|6
|
|t:|1757090093
|switch|p1b: Amoonguss|Amoonguss, L50, F|100/100
|move|p2a: Rillaboom|Grassy Glide|p1a: Pelipper
|-damage|p1a: Pelipper|0 fnt
|faint|p1a: Pelipper
|move|p2b: Sneasler|Close Combat|p1b: Amoonguss
|-resisted|p1b: Amoonguss
|-damage|p1b: Amoonguss|73/100
|-unboost|p2b: Sneasler|def|1
|-unboost|p2b: Sneasler|spd|1
|
|-weather|RainDance|[upkeep]
|-heal|p2a: Rillaboom|93/100|[from] Grassy Terrain
|-heal|p1b: Amoonguss|79/100|[from] Grassy Terrain
|upkeep
|
|t:|1757090099
|switch|p1a: Archaludon|Archaludon, L50, M|100/100
|turn|7
|
|t:|1757090114
|switch|p2a: Electabuzz|Electabuzz, L50, F|13/100
|move|p1b: Amoonguss|Rage Powder|p1b: Amoonguss
|-singleturn|p1b: Amoonguss|move: Rage Powder
|move|p2b: Sneasler|Dire Claw|p1b: Amoonguss
|-damage|p1b: Amoonguss|45/100
|-enditem|p1b: Amoonguss|Sitrus Berry|[eat]
|-heal|p1b: Amoonguss|70/100|[from] item: Sitrus Berry
|move|p1a: Archaludon|Electro Shot||[still]
|-prepare|p1a: Archaludon|Electro Shot
|-boost|p1a: Archaludon|spa|1
|-anim|p1a: Archaludon|Electro Shot|p2b: Sneasler
|-enditem|p2b: Sneasler|Focus Sash
|-damage|p2b: Sneasler|1/100
|
|-weather|RainDance|[upkeep]
|-heal|p2b: Sneasler|7/100|[from] Grassy Terrain
|-heal|p2a: Electabuzz|19/100|[from] Grassy Terrain
|-heal|p1b: Amoonguss|76/100|[from] Grassy Terrain
|upkeep
|turn|8
|inactive|PaniniWeenie has 30 seconds left.
|inactive|C.Num8 has 30 seconds left.
|
|t:|1757090148
|move|p1b: Amoonguss|Protect|p1b: Amoonguss
|-singleturn|p1b: Amoonguss|Protect
|move|p2a: Electabuzz|Follow Me|p2a: Electabuzz
|-singleturn|p2a: Electabuzz|move: Follow Me
|move|p2b: Sneasler|Dire Claw|p1b: Amoonguss
|-activate|p1b: Amoonguss|move: Protect
|move|p1a: Archaludon|Snarl|p2b: Sneasler|[spread] p2a,p2b
|-resisted|p2b: Sneasler
|-damage|p2a: Electabuzz|1/100
|-damage|p2b: Sneasler|0 fnt
|-unboost|p2a: Electabuzz|spa|1
|faint|p2b: Sneasler
|
|-weather|RainDance|[upkeep]
|-heal|p2a: Electabuzz|7/100|[from] Grassy Terrain
|-heal|p1b: Amoonguss|82/100|[from] Grassy Terrain
|upkeep
|
|t:|1757090159
|switch|p2b: Rillaboom|Rillaboom, L50, F|93/100
|turn|9
|
|t:|1757090173
|move|p2a: Electabuzz|Follow Me|p2a: Electabuzz
|-singleturn|p2a: Electabuzz|move: Follow Me
|move|p1a: Archaludon|Electro Shot||[still]
|-prepare|p1a: Archaludon|Electro Shot
|-boost|p1a: Archaludon|spa|1
|-anim|p1a: Archaludon|Electro Shot|p2a: Electabuzz
|-resisted|p2a: Electabuzz
|-damage|p2a: Electabuzz|0 fnt
|faint|p2a: Electabuzz
|move|p2b: Rillaboom|High Horsepower|p1a: Archaludon
|-supereffective|p1a: Archaludon
|-damage|p1a: Archaludon|54/100
|-ability|p1a: Archaludon|Stamina|boost
|-boost|p1a: Archaludon|def|1
|move|p1b: Amoonguss|Pollen Puff|p2b: Rillaboom
|-supereffective|p2b: Rillaboom
|-damage|p2b: Rillaboom|66/100
|
|-weather|RainDance|[upkeep]
|-heal|p1a: Archaludon|60/100|[from] Grassy Terrain
|-heal|p2b: Rillaboom|72/100|[from] Grassy Terrain
|-heal|p1b: Amoonguss|88/100|[from] Grassy Terrain
|-fieldend|move: Grassy Terrain
|upkeep
|turn|10
|
|t:|1757090184
|move|p1a: Archaludon|Dragon Pulse|p2b: Rillaboom
|-damage|p2b: Rillaboom|3/100
|move|p2b: Rillaboom|High Horsepower|p1a: Archaludon
|-supereffective|p1a: Archaludon
|-damage|p1a: Archaludon|23/100
|-ability|p1a: Archaludon|Stamina|boost
|-boost|p1a: Archaludon|def|1
|move|p1b: Amoonguss|Pollen Puff|p1a: Archaludon
|-heal|p1a: Archaludon|73/100
|
|-weather|none
|upkeep
|turn|11
|
|t:|1757090191
|move|p1a: Archaludon|Dragon Pulse|p2b: Rillaboom
|-damage|p2b: Rillaboom|0 fnt
|faint|p2b: Rillaboom
|
|win|C.Num8
||PaniniWeenie is ready for game 2.
||C.Num8 is ready for game 2.
|uhtml|next|Next: Game 2 of 3
|l|☆PaniniWeenie
|player|p2|
