|j|☆W/\TSON
|j|☆condret
|html|W/\TSONcondret    
|uhtml|bestof|Game 1 of a best-of-3
|t:|1783727970
|gametype|doubles
|player|p1|W/\TSON|steven|1107
|player|p2|condret|1|1000
|gen|9
|tier|[Gen 9 Champions] VGC 2026 Reg M-B (Bo3)
|rated|
|rule|Species Clause: Limit one of each Pokémon
|rule|Item Clause: Limit 1 of each item
|clearpoke
|poke|p1|Incineroar, L50, F|
|poke|p1|Raichu, L50, F|
|poke|p1|Pelipper, L50, F|
|poke|p1|Gyarados, L50, F|
|poke|p1|Charizard, L50, F|
|poke|p1|Venusaur, L50, F|
|poke|p2|Garchomp, L50, F|
|poke|p2|Aegislash, L50, M|
|poke|p2|Tyranitar, L50, M|
|poke|p2|Glimmora, L50, M|
|poke|p2|Milotic, L50, M|
|poke|p2|Incineroar, L50, F|
|teampreview|4
|showteam|p1|Incineroar||SitrusBerry|Intimidate|FakeOut,FlareBlitz,PartingShot,HelpingHand|Relaxed||F|||50|]Raichu||FocusSash|LightningRod|FakeOut,Nuzzle,KnockOff,Thunderbolt|Hasty||F|||50|]Pelipper||DampRock|Drizzle|WideGuard,Hurricane,Tailwind,Uturn|Bold||F|||50|]Gyarados||Gyaradosite|Intimidate|Protect,Waterfall,Crunch,DragonDance|Adamant||F|||50|]Charizard||CharizarditeY|Blaze|HeatWave,Protect,AirSlash,HelpingHand|Modest||F|||50|]Venusaur||LifeOrb|Chlorophyll|AcidSpray,SludgeBomb,EnergyBall,EarthPower|Modest||F|||50|
|showteam|p2|Garchomp||BrightPowder|SandVeil|StompingTantrum,DragonRush,Protect,Substitute|Jolly||F|||50|]Aegislash||ScopeLens|StanceChange|KingsShield,ShadowClaw,WideGuard,SacredSword|Careful||M|||50|]Tyranitar||Tyranitarite|SandStream|KnockOff,RockSlide,FirePunch,Protect|Adamant||M|||50|]Glimmora||Glimmoranite|ToxicDebris|SludgeBomb,Substitute,SpikyShield,PowerGem|Timid||M|||50|]Milotic||Leftovers|Competitive|MuddyWater,IcyWind,Recover,Scald|Bold||M|||50|]Incineroar||SitrusBerry|Intimidate|FakeOut,PartingShot,FlareBlitz,Substitute|Careful||F|||50|
|inactive|Battle timer is ON: inactive players will automatically lose when time's up. (requested by W/\TSON)
|inactive|condret has 60 seconds left.
|
|t:|1783728038
|teamsize|p1|4
|teamsize|p2|4
|start
|switch|p1a: Raichu|Raichu, L50, F|100/100
|switch|p1b: Pelipper|Pelipper, L50, F|100/100
|switch|p2a: Tyranitar|Tyranitar, L50, M|100/100
|switch|p2b: Milotic|Milotic, L50, M|100/100
|-weather|RainDance|[from] ability: Drizzle|[of] p1b: Pelipper
|-weather|Sandstorm|[from] ability: Sand Stream|[of] p2a: Tyranitar
|turn|1
|inactive|condret has 30 seconds left.
|
|t:|1783728066
|switch|p2b: Garchomp|Garchomp, L50, F|100/100
|move|p1a: Raichu|Fake Out|p2a: Tyranitar
|-resisted|p2a: Tyranitar|1
|-damage|p2a: Tyranitar|95/100
|move|p1b: Pelipper|U-turn|p2a: Tyranitar
|-supereffective|p2a: Tyranitar|1
|-damage|p2a: Tyranitar|80/100
|
|t:|1783728083
|switch|p1b: Gyarados|Gyarados, L50, F|100/100|[from] U-turn
|-ability|p1b: Gyarados|Intimidate|boost
|-unboost|p2a: Tyranitar|atk|1
|-unboost|p2b: Garchomp|atk|1
|cant|p2a: Tyranitar|flinch
|
|-weather|Sandstorm|[upkeep]
|-damage|p1a: Raichu|94/100|[from] Sandstorm
|-damage|p1b: Gyarados|93/100|[from] Sandstorm
|upkeep
|turn|2
|inactive|W/\TSON has 30 seconds left.
|inactive|condret has 30 seconds left.
|
|t:|1783728112
|switch|p2a: Incineroar|Incineroar, L50, F|100/100
|-ability|p2a: Incineroar|Intimidate|boost
|-unboost|p1a: Raichu|atk|1
|-unboost|p1b: Gyarados|atk|1
|detailschange|p1b: Gyarados|Gyarados-Mega, L50, F
|-mega|p1b: Gyarados|Gyarados|Gyaradosite
|-ability|p1b: Gyarados|Mold Breaker
|move|p1a: Raichu|Knock Off|p2b: Garchomp
|-damage|p2b: Garchomp|85/100
|-enditem|p2b: Garchomp|Bright Powder|[from] move: Knock Off|[of] p1a: Raichu
|move|p2b: Garchomp|Dragon Rush|p1b: Gyarados
|-damage|p1b: Gyarados|67/100
|cant|p1b: Gyarados|flinch
|
|-weather|Sandstorm|[upkeep]
|-damage|p1a: Raichu|88/100|[from] Sandstorm
|-damage|p1b: Gyarados|61/100|[from] Sandstorm
|-damage|p2a: Incineroar|94/100|[from] Sandstorm
|upkeep
|turn|3
|inactive|W/\TSON has 30 seconds left.
|inactive|W/\TSON has 20 seconds left.
|inactive|W/\TSON has 15 seconds left.
|
|t:|1783728156
|move|p1b: Gyarados|Protect|p1b: Gyarados
|-singleturn|p1b: Gyarados|Protect
|move|p2a: Incineroar|Fake Out|p1b: Gyarados
|-activate|p1b: Gyarados|move: Protect
|move|p1a: Raichu|Knock Off|p2a: Incineroar
|-resisted|p2a: Incineroar|1
|-damage|p2a: Incineroar|87/100
|-enditem|p2a: Incineroar|Sitrus Berry|[from] move: Knock Off|[of] p1a: Raichu
|move|p2b: Garchomp|Substitute|p2b: Garchomp
|-start|p2b: Garchomp|Substitute
|-damage|p2b: Garchomp|61/100
|
|-weather|Sandstorm|[upkeep]
|-damage|p1a: Raichu|82/100|[from] Sandstorm
|-damage|p1b: Gyarados|55/100|[from] Sandstorm
|-damage|p2a: Incineroar|81/100|[from] Sandstorm
|upkeep
|turn|4
|inactive|condret has 30 seconds left.
|inactive|condret has 20 seconds left.
|
|t:|1783728193
|switch|p1b: Incineroar|Incineroar, L50, F|100/100
|-ability|p1b: Incineroar|Intimidate|boost
|-unboost|p2a: Incineroar|atk|1
|-immune|p2b: Garchomp
|switch|p2a: Milotic|Milotic, L50, M|100/100
|move|p1a: Raichu|Thunderbolt|p2a: Milotic
|-supereffective|p2a: Milotic|1
|-damage|p2a: Milotic|40/100
|move|p2b: Garchomp|Stomping Tantrum|p1a: Raichu
|-supereffective|p1a: Raichu|1
|-damage|p1a: Raichu|0 fnt
|faint|p1a: Raichu
|
|-weather|Sandstorm|[upkeep]
|-damage|p2a: Milotic|34/100|[from] Sandstorm
|-damage|p1b: Incineroar|93/100|[from] Sandstorm
|-heal|p2a: Milotic|40/100|[from] item: Leftovers
|upkeep
|
|t:|1783728213
|switch|p1a: Gyarados|Gyarados-Mega, L50, F|55/100
|-ability|p1a: Gyarados|Mold Breaker
|turn|5
|inactive|condret has 30 seconds left.
|
|t:|1783728241
|switch|p2a: Incineroar|Incineroar, L50, F|81/100
|-ability|p2a: Incineroar|Intimidate|boost
|-unboost|p1a: Gyarados|atk|1
|-unboost|p1b: Incineroar|atk|1
|move|p1b: Incineroar|Fake Out|p2a: Incineroar
|-damage|p2a: Incineroar|73/100
|move|p2b: Garchomp|Dragon Rush|p1a: Gyarados
|-damage|p1a: Gyarados|27/100
|cant|p1a: Gyarados|flinch
|
|-weather|none
|upkeep
|turn|6
|inactive|condret has 30 seconds left.
|
|t:|1783728273
|switch|p1a: Pelipper|Pelipper, L50, F|100/100
|-weather|RainDance|[from] ability: Drizzle|[of] p1a: Pelipper
|move|p2a: Incineroar|Fake Out|p1a: Pelipper
|-damage|p1a: Pelipper|89/100
|move|p2b: Garchomp|Stomping Tantrum|p1b: Incineroar
|-supereffective|p1b: Incineroar|1
|-damage|p1b: Incineroar|47/100
|-enditem|p1b: Incineroar|Sitrus Berry|[eat]
|-heal|p1b: Incineroar|72/100|[from] item: Sitrus Berry
|move|p1b: Incineroar|Flare Blitz|p2b: Garchomp
|-resisted|p2b: Garchomp|1
|-activate|p2b: Garchomp|move: Substitute|[damage]
|-damage|p1b: Incineroar|70/100|[from] Recoil|[of] p2b: Garchomp
|
|-weather|RainDance|[upkeep]
|upkeep
|turn|7
|inactive|condret has 30 seconds left.
|inactive|condret has 20 seconds left.
|
|t:|1783728309
|move|p2b: Garchomp|Protect|p2b: Garchomp
|-singleturn|p2b: Garchomp|Protect
|move|p1a: Pelipper|Tailwind|p1a: Pelipper
|-sidestart|p1: W/\TSON|move: Tailwind
|move|p1b: Incineroar|Flare Blitz|p2b: Garchomp
|-activate|p2b: Garchomp|move: Protect
|move|p2a: Incineroar|Parting Shot|p1a: Pelipper
|-unboost|p1a: Pelipper|atk|1
|-unboost|p1a: Pelipper|spa|1
|
|t:|1783728318
|switch|p2a: Tyranitar|Tyranitar, L50, M|80/100|[from] Parting Shot
|-weather|Sandstorm|[from] ability: Sand Stream|[of] p2a: Tyranitar
|
|-weather|Sandstorm|[upkeep]
|-damage|p1a: Pelipper|83/100|[from] Sandstorm
|-damage|p1b: Incineroar|64/100|[from] Sandstorm
|upkeep
|turn|8
|inactive|condret has 30 seconds left.
|
|t:|1783728345
|move|p1a: Pelipper|U-turn|p2b: Garchomp
|-activate|p2b: Garchomp|move: Substitute|[damage]
|
|t:|1783728356
|switch|p1a: Gyarados|Gyarados-Mega, L50, F|27/100|[from] U-turn
|-ability|p1a: Gyarados|Mold Breaker
|move|p1b: Incineroar|Parting Shot|p2a: Tyranitar
|-unboost|p2a: Tyranitar|atk|1
|-unboost|p2a: Tyranitar|spa|1
|
|t:|1783728363
|switch|p1b: Pelipper|Pelipper, L50, F|83/100|[from] Parting Shot
|-weather|RainDance|[from] ability: Drizzle|[of] p1b: Pelipper
|move|p2b: Garchomp|Dragon Rush|p1b: Pelipper
|-damage|p1b: Pelipper|52/100
|move|p2a: Tyranitar|Rock Slide|p1a: Gyarados|[spread] p1a,p1b
|-supereffective|p1b: Pelipper|1
|-damage|p1a: Gyarados|9/100
|-damage|p1b: Pelipper|13/100
|
|-weather|RainDance|[upkeep]
|upkeep
|turn|9
|inactive|condret has 30 seconds left.
|
|t:|1783728390
|detailschange|p2a: Tyranitar|Tyranitar-Mega, L50, M
|-mega|p2a: Tyranitar|Tyranitar|Tyranitarite
|-weather|Sandstorm|[from] ability: Sand Stream|[of] p2a: Tyranitar
|move|p2a: Tyranitar|Protect|p2a: Tyranitar
|-singleturn|p2a: Tyranitar|Protect
|move|p1a: Gyarados|Waterfall|p2a: Tyranitar
|-activate|p2a: Tyranitar|move: Protect
|move|p1b: Pelipper|Hurricane|p2b: Garchomp|[miss]
|-miss|p1b: Pelipper|p2b: Garchomp
|move|p2b: Garchomp|Dragon Rush|p1a: Gyarados
|-damage|p1a: Gyarados|0 fnt
|faint|p1a: Gyarados
|
|-weather|Sandstorm|[upkeep]
|-damage|p1b: Pelipper|7/100|[from] Sandstorm
|upkeep
|-message|W/\TSON forfeited.
|
|win|condret
|l|☆W/\TSON
|player|p1|
||W/\TSON is ready for game 2.
|inactive|condret has 30 seconds to confirm battle start!
||condret is ready for game 2.
|uhtml|next|Next: Game 2 of 3
