|j|☆pitoune901
|j|☆Latario
|html|pitoune901Latario    
|uhtml|bestof|Game 2 of a best-of-3
|t:|1785856846
|gametype|doubles
|player|p1|pitoune901|canari|1115
|player|p2|Latario|169|1190
|gen|9
|tier|[Gen 9 Champions] VGC 2026 Reg M-B (Bo3)
|rated|
|rule|Species Clause: Limit one of each Pokémon
|rule|Item Clause: Limit 1 of each item
|clearpoke
|poke|p1|Metagross, L50|
|poke|p1|Sableye, L50, F|
|poke|p1|Quaquaval, L50, M, shiny|
|poke|p1|Delphox, L50, M, shiny|
|poke|p1|Raichu, L50, M|
|poke|p1|Sneasler, L50, M|
|poke|p2|Gengar, L50, M|
|poke|p2|Incineroar, L50, M|
|poke|p2|Ninetales-Alola, L50, F|
|poke|p2|Volcarona, L50, M|
|poke|p2|Kommo-o, L50, M|
|poke|p2|Lycanroc-Dusk, L50, M|
|teampreview|4
|showteam|p1|Metagross||LifeOrb|ClearBody|Protect,Explosion,MeteorMash,BulletPunch|Adamant|||||50|]Sableye||LightClay|Prankster|Reflect,LightScreen,Disable,Protect|Bold||F|||50|]Quaquaval||SitrusBerry|Moxie|AquaStep,CloseCombat,TripleAxel,Protect|Jolly||M|||50|]Delphox||Delphoxite|Blaze|Protect,HeatWave,FocusBlast,Psyshock|Timid||M|||50|]Raichu||RaichuniteY|Static|ZapCannon,FocusBlast,GrassKnot,Protect|Timid||M|||50|]Sneasler||WhiteHerb|Unburden|CloseCombat,DireClaw,FakeOut,Acrobatics|Adamant||M|||50|
|showteam|p2|Gengar||Gengarite|CursedBody|PerishSong,ShadowBall,Disable,Protect|Bold||M|||50|]Incineroar||SitrusBerry|Intimidate|FakeOut,PartingShot,DarkestLariat,Protect|Relaxed||M|||50|]Ninetales-Alola||NeverMeltIce|SnowWarning|Blizzard,Encore,FreezeDry,Protect|Timid||F|||50|]Volcarona||PasshoBerry|FlameBody|Flamethrower,RagePowder,WillOWisp,Protect|Bold||M|||50|]Kommo-o||Leftovers|Soundproof|ClangingScales,AuraSphere,ClangorousSoul,Protect|Modest||M|||50|]Lycanroc-Dusk||FocusSash|ToughClaws|RockSlide,Accelerock,CloseCombat,Protect|Adamant||M|||50|
|inactive|Battle timer is ON: inactive players will automatically lose when time's up. (requested by pitoune901)
|
|t:|1785856853
|teamsize|p1|4
|teamsize|p2|4
|start
|switch|p1a: Delphox|Delphox, L50, M, shiny|100/100
|switch|p1b: Metagross|Metagross, L50|100/100
|switch|p2a: Gengar|Gengar, L50, M|100/100
|switch|p2b: Volcarona|Volcarona, L50, M|100/100
|turn|1
|
|t:|1785856869
|switch|p2a: Incineroar|Incineroar, L50, M|100/100
|-ability|p2a: Incineroar|Intimidate|boost
|-unboost|p1a: Delphox|atk|1
|-fail|p1b: Metagross|unboost|[from] ability: Clear Body|[of] p1b: Metagross
|detailschange|p1a: Delphox|Delphox-Mega, L50, M, shiny
|-mega|p1a: Delphox|Delphox|Delphoxite
|move|p1a: Delphox|Protect|p1a: Delphox
|-singleturn|p1a: Delphox|Protect
|move|p2b: Volcarona|Flamethrower|p1b: Metagross
|-supereffective|p1b: Metagross|1
|-damage|p1b: Metagross|18/100
|move|p1b: Metagross|Explosion|p2b: Volcarona|[spread] p2a,p2b
|-activate|p1a: Delphox|move: Protect
|-damage|p2a: Incineroar|27/100
|-damage|p2b: Volcarona|22/100
|-enditem|p2a: Incineroar|Sitrus Berry|[eat]
|-heal|p2a: Incineroar|52/100|[from] item: Sitrus Berry
|faint|p1b: Metagross
|
|upkeep
|
|t:|1785856889
|switch|p1b: Sneasler|Sneasler, L50, M|100/100
|turn|2
|
|t:|1785856903
|move|p2a: Incineroar|Protect|p2a: Incineroar
|-singleturn|p2a: Incineroar|Protect
|move|p1b: Sneasler|Fake Out|p2a: Incineroar
|-activate|p2a: Incineroar|move: Protect
|move|p1a: Delphox|Psyshock|p2b: Volcarona
|-damage|p2b: Volcarona|0 fnt
|faint|p2b: Volcarona
|
|upkeep
|
|t:|1785856914
|switch|p2b: Kommo-o|Kommo-o, L50, M|100/100
|turn|3
|
|t:|1785856934
|switch|p2a: Gengar|Gengar, L50, M|100/100
|move|p2b: Kommo-o|Protect|p2b: Kommo-o
|-singleturn|p2b: Kommo-o|Protect
|move|p1a: Delphox|Psyshock|p2b: Kommo-o
|-activate|p2b: Kommo-o|move: Protect
|move|p1b: Sneasler|Close Combat|p2a: Gengar
|-immune|p2a: Gengar
|
|upkeep
|turn|4
|
|t:|1785856958
|switch|p1b: Quaquaval|Quaquaval, L50, M, shiny|100/100
|detailschange|p2a: Gengar|Gengar-Mega, L50, M
|-mega|p2a: Gengar|Gengar|Gengarite
|move|p1a: Delphox|Psyshock|p2b: Kommo-o
|-supereffective|p2b: Kommo-o|1
|-damage|p2b: Kommo-o|20/100y
|move|p2a: Gengar|Disable|p1a: Delphox
|-start|p1a: Delphox|Disable|Psyshock
|move|p2b: Kommo-o|Clangorous Soul||[still]
|-fail|p2b: Kommo-o
|
|-heal|p2b: Kommo-o|26/100|[from] item: Leftovers
|upkeep
|turn|5
|
|t:|1785856976
|switch|p2a: Incineroar|Incineroar, L50, M|52/100
|-ability|p2a: Incineroar|Intimidate|boost
|-unboost|p1a: Delphox|atk|1
|-unboost|p1b: Quaquaval|atk|1
|move|p2b: Kommo-o|Protect|p2b: Kommo-o
|-singleturn|p2b: Kommo-o|Protect
|move|p1a: Delphox|Heat Wave|p2b: Kommo-o|[spread] p2a
|-activate|p2b: Kommo-o|move: Protect
|-resisted|p2a: Incineroar|1
|-damage|p2a: Incineroar|34/100
|move|p1b: Quaquaval|Aqua Step|p2a: Incineroar
|-supereffective|p2a: Incineroar|1
|-damage|p2a: Incineroar|0 fnt
|-boost|p1b: Quaquaval|spe|1
|faint|p2a: Incineroar
|-ability|p1b: Quaquaval|Moxie|boost
|-boost|p1b: Quaquaval|atk|1
|
|-heal|p2b: Kommo-o|32/100|[from] item: Leftovers
|upkeep
|
|t:|1785856979
|switch|p2a: Gengar|Gengar-Mega, L50, M|100/100
|turn|6
|inactive|pitoune901 has 30 seconds left.
|
|t:|1785857011
|move|p1b: Quaquaval|Triple Axel|p2b: Kommo-o
|-supereffective|p2b: Kommo-o|1
|-damage|p2b: Kommo-o|21/100
|-supereffective|p2b: Kommo-o|1
|-damage|p2b: Kommo-o|0 fnt
|faint|p2b: Kommo-o
|-ability|p1b: Quaquaval|Moxie|boost
|-boost|p1b: Quaquaval|atk|1
|-hitcount|p2: Kommo-o|2
|move|p1a: Delphox|Heat Wave|p2a: Gengar
|-damage|p2a: Gengar|33/100
|move|p2a: Gengar|Shadow Ball|p1a: Delphox
|-supereffective|p1a: Delphox|1
|-damage|p1a: Delphox|15/100
|-unboost|p1a: Delphox|spd|1
|
|upkeep
|turn|7
|-message|Latario forfeited.
|
|win|pitoune901
|l|☆Latario
|player|p2|
||Latario is ready for game 3.
||pitoune901 is ready for game 3.
|uhtml|next|Next: Game 3 of 3
