|j|☆I am the Sweeper
|j|☆Hackervgc
|html|I am the SweeperHackervgc    
|uhtml|bestof|Game 1 of a best-of-3
|t:|1756231165
|gametype|doubles
|player|p1|I am the Sweeper|janitor|
|player|p2|Hackervgc|gentleman-gen4|
|gen|9
|tier|[Gen 9] VGC 2025 Reg H (Bo3)
|rule|Species Clause: Limit one of each Pokémon
|rule|Item Clause: Limit 1 of each item
|clearpoke
|poke|p1|Garganacl, L50, F|
|poke|p1|Dondozo, L50, M|
|poke|p1|Sneasler, L50, M|
|poke|p1|Gholdengo, L50|
|poke|p1|Ninetales-Alola, L50, F|
|poke|p1|Incineroar, L50, M|
|poke|p2|Kingambit, L50, M|
|poke|p2|Rillaboom, L50, F|
|poke|p2|Dragonite, L50, F|
|poke|p2|Sneasler, L50, F|
|poke|p2|Ursaluna-Bloodmoon, L50, M|
|poke|p2|Porygon2, L50|
|teampreview|4
|showteam|p1|Garganacl||MarangaBerry|PurifyingSalt|SaltCure,StealthRock,Protect,Recover|||F|||50|,,,,,Flying]Dondozo||Leftovers|Unaware|Liquidation,Yawn,Curse,Protect|||M|||50|,,,,,Poison]Sneasler||FocusSash|PoisonTouch|DireClaw,CloseCombat,Coaching,Protect|||M|||50|,,,,,Ghost]Gholdengo||ChoiceScarf|GoodasGold|MakeItRain,ShadowBall,Trick,PowerGem||||||50|,,,,,Steel]Ninetales-Alola||NeverMeltIce|SnowWarning|Blizzard,FreezeDry,Protect,AuroraVeil|||F|||50|,,,,,Ice]Incineroar||AssaultVest|Intimidate|FlareBlitz,KnockOff,FakeOut,DrainPunch|||M|||50|,,,,,Grass
|showteam|p2|Kingambit||BlackGlasses|Defiant|KowtowCleave,SuckerPunch,Protect,SwordsDance|||M|||50|,,,,,Dark]Rillaboom||AssaultVest|GrassySurge|HighHorsepower,WoodHammer,GrassyGlide,FakeOut|||F|||50|,,,,,Fire]Dragonite||LoadedDice|Multiscale|ScaleShot,Protect,Haze,Tailwind|||F|||50|,,,,,Fairy]Sneasler||FocusSash|Unburden|ThroatChop,DireClaw,CloseCombat,Protect|||F|||50|,,,,,Dark]Ursaluna-Bloodmoon||LifeOrb|MindsEye|BloodMoon,Protect,EarthPower,HyperVoice|||M|||50|,,,,,Ghost]Porygon2||Eviolite|Download|TeraBlast,IceBeam,Recover,TrickRoom||||||50|,,,,,Fighting
|
|t:|1756231222
|teamsize|p1|4
|teamsize|p2|4
|start
|switch|p1a: Garganacl|Garganacl, L50, F|100/100
|switch|p1b: Sneasler|Sneasler, L50, M|100/100
|switch|p2a: holy Sneasler|Sneasler, L50, F|100/100
|switch|p2b: Kingambit|Kingambit, L50, M|100/100
|turn|1
|
|t:|1756231267
|-terastallize|p1a: Garganacl|Flying
|move|p2b: Kingambit|Protect|p2b: Kingambit
|-singleturn|p2b: Kingambit|Protect
|move|p2a: holy Sneasler|Close Combat|p1b: Sneasler
|-resisted|p1b: Sneasler
|-damage|p1b: Sneasler|52/100
|-unboost|p2a: holy Sneasler|def|1
|-unboost|p2a: holy Sneasler|spd|1
|move|p1b: Sneasler|Coaching|p1a: Garganacl
|-boost|p1a: Garganacl|atk|1
|-boost|p1a: Garganacl|def|1
|move|p1a: Garganacl|Salt Cure|p2b: Kingambit
|-activate|p2b: Kingambit|move: Protect
|
|upkeep
|turn|2
|
|t:|1756231294
|switch|p2b: Dragonita|Dragonite, L50, F|100/100
|move|p1b: Sneasler|Close Combat|p2b: Dragonita
|-resisted|p2b: Dragonita
|-damage|p2b: Dragonita|84/100
|-unboost|p1b: Sneasler|def|1
|-unboost|p1b: Sneasler|spd|1
|-status|p2b: Dragonita|psn|[from] ability: Poison Touch|[of] p1b: Sneasler
|move|p2a: holy Sneasler|Close Combat|p1b: Sneasler
|-resisted|p1b: Sneasler
|-damage|p1b: Sneasler|0 fnt
|-unboost|p2a: holy Sneasler|def|1
|-unboost|p2a: holy Sneasler|spd|1
|faint|p1b: Sneasler
|move|p1a: Garganacl|Salt Cure|p2a: holy Sneasler
|-resisted|p2a: holy Sneasler
|-damage|p2a: holy Sneasler|64/100
|-start|p2a: holy Sneasler|Salt Cure
|
|-damage|p2b: Dragonita|71/100 psn|[from] psn
|-damage|p2a: holy Sneasler|51/100|[from] Salt Cure
|upkeep
|
|t:|1756231314
|switch|p1b: Incineroar|Incineroar, L50, M|100/100
|-ability|p1b: Incineroar|Intimidate|boost
|-unboost|p2a: holy Sneasler|atk|1
|-unboost|p2b: Dragonita|atk|1
|turn|3
|
|t:|1756231327
|move|p1b: Incineroar|Fake Out|p2a: holy Sneasler
|-damage|p2a: holy Sneasler|4/100
|cant|p2a: holy Sneasler|flinch
|move|p2b: Dragonita|Haze|p2b: Dragonita
|-clearallboost
|move|p1a: Garganacl|Salt Cure|p2b: Dragonita
|-supereffective|p2b: Dragonita
|-damage|p2b: Dragonita|40/100 psn
|-start|p2b: Dragonita|Salt Cure
|
|-damage|p2b: Dragonita|27/100 psn|[from] psn
|-damage|p2a: holy Sneasler|0 fnt|[from] Salt Cure
|faint|p2a: holy Sneasler
|-damage|p2b: Dragonita|15/100 psn|[from] Salt Cure
|upkeep
|
|t:|1756231336
|switch|p2a: Kingambit|Kingambit, L50, M|100/100
|turn|4
|
|t:|1756231375
|-terastallize|p2a: Kingambit|Dark
|move|p2b: Dragonita|Scale Shot|p1a: Garganacl
|-crit|p1a: Garganacl
|-damage|p1a: Garganacl|86/100
|-damage|p1a: Garganacl|76/100
|-damage|p1a: Garganacl|67/100
|-damage|p1a: Garganacl|58/100
|-hitcount|p1a: Garganacl|4
|-unboost|p2b: Dragonita|def|1
|-boost|p2b: Dragonita|spe|1
|move|p1b: Incineroar|Flare Blitz|p2a: Kingambit
|-damage|p2a: Kingambit|62/100
|-damage|p1b: Incineroar|87/100|[from] Recoil
|move|p2a: Kingambit|Swords Dance|p2a: Kingambit
|-boost|p2a: Kingambit|atk|2
|move|p1a: Garganacl|Salt Cure|p2a: Kingambit
|-damage|p2a: Kingambit|51/100
|-start|p2a: Kingambit|Salt Cure
|
|-damage|p2b: Dragonita|3/100 psn|[from] psn
|-damage|p2b: Dragonita|0 fnt|[from] Salt Cure
|faint|p2b: Dragonita
|-damage|p2a: Kingambit|39/100|[from] Salt Cure
|upkeep
|
|t:|1756231391
|switch|p2b: Rillaboom|Rillaboom, L50, F|100/100
|-fieldstart|move: Grassy Terrain|[from] ability: Grassy Surge|[of] p2b: Rillaboom
|turn|5
|
|t:|1756231430
|move|p2b: Rillaboom|Fake Out|p1b: Incineroar
|-damage|p1b: Incineroar|75/100
|cant|p1b: Incineroar|flinch
|move|p2a: Kingambit|Kowtow Cleave|p1b: Incineroar
|-resisted|p1b: Incineroar
|-damage|p1b: Incineroar|0 fnt
|faint|p1b: Incineroar
|move|p1a: Garganacl|Salt Cure|p2b: Rillaboom
|-damage|p2b: Rillaboom|87/100
|-start|p2b: Rillaboom|Salt Cure
|
|-heal|p2b: Rillaboom|93/100|[from] Grassy Terrain
|-heal|p2a: Kingambit|45/100|[from] Grassy Terrain
|-damage|p2b: Rillaboom|81/100|[from] Salt Cure
|-damage|p2a: Kingambit|33/100|[from] Salt Cure
|upkeep
|
|t:|1756231445
|switch|p1b: Gholdengo|Gholdengo, L50|100/100
|turn|6
|
|t:|1756231480
|move|p1a: Garganacl|Protect|p1a: Garganacl
|-singleturn|p1a: Garganacl|Protect
|move|p1b: Gholdengo|Make It Rain|p2b: Rillaboom|[spread] p2a,p2b
|-crit|p2b: Rillaboom
|-damage|p2a: Kingambit|0 fnt
|-damage|p2b: Rillaboom|35/100
|-unboost|p1b: Gholdengo|spa|1
|faint|p2a: Kingambit
|move|p2b: Rillaboom|High Horsepower|p1b: Gholdengo|[miss]
|-miss|p2b: Rillaboom|p1b: Gholdengo
|
|-heal|p2b: Rillaboom|41/100|[from] Grassy Terrain
|-damage|p2b: Rillaboom|29/100|[from] Salt Cure
|upkeep
|turn|7
|
|t:|1756231496
|move|p1b: Gholdengo|Make It Rain|p2b: Rillaboom
|-damage|p2b: Rillaboom|0 fnt
|-unboost|p1b: Gholdengo|spa|1
|faint|p2b: Rillaboom
|
|win|I am the Sweeper
||I am the Sweeper is ready for game 2.
||Hackervgc is ready for game 2.
|uhtml|next|Next: Game 2 of 3
