|j|☆capacete5
|j|☆ChrisJHall12
|html|capacete5ChrisJHall12    
|uhtml|bestof|Game 1 of a best-of-3
|t:|1782428114
|gametype|doubles
|player|p1|capacete5|byron|1072
|player|p2|ChrisJHall12|1|1184
|gen|9
|tier|[Gen 9 Champions] VGC 2026 Reg M-B (Bo3)
|rated|
|rule|Species Clause: Limit one of each Pokémon
|rule|Item Clause: Limit 1 of each item
|clearpoke
|poke|p1|Aerodactyl, L50, F|
|poke|p1|Garchomp, L50, M|
|poke|p1|Kingambit, L50, M|
|poke|p1|Farigiraf, L50, F|
|poke|p1|Sylveon, L50, M|
|poke|p1|Charizard, L50, F|
|poke|p2|Mawile, L50, M|
|poke|p2|Farigiraf, L50, M|
|poke|p2|Basculegion, L50, M|
|poke|p2|Charizard, L50, F|
|poke|p2|Garchomp, L50, F|
|poke|p2|Whimsicott, L50, M|
|teampreview|4
|showteam|p1|Aerodactyl||Aerodactylite|Unnerve|RockSlide,Protect,DualWingbeat,Tailwind|Jolly||F|||50|]Garchomp||LifeOrb|RoughSkin|Protect,DragonClaw,Earthquake,StompingTantrum|Adamant||M|||50|]Kingambit||FocusSash|Defiant|LowKick,IronHead,SuckerPunch,Protect|Adamant||M|||50|]Farigiraf||SitrusBerry|ArmorTail|Roar,TwinBeam,TrickRoom,EnergyBall|Bold||F|||50|]Sylveon||FairyFeather|Pixilate|HyperVoice,Protect,HyperBeam,QuickAttack|Bold||M|||50|]Charizard||CharizarditeY|Blaze|HeatWave,WeatherBall,SolarBeam,Protect|Modest||F|||50|
|showteam|p2|Mawile||Mawilite|HyperCutter|BrickBreak,PlayRough,SuckerPunch,Protect|Adamant||M|||50|]Farigiraf||SitrusBerry|ArmorTail|TrickRoom,TwinBeam,Thunderbolt,Protect|Bold||M|||50|]Basculegion||MysticWater|Adaptability|WaveCrash,AquaJet,LastRespects,Protect|Adamant||M|||50|]Charizard||CharizarditeY|Blaze|WeatherBall,HeatWave,SolarBeam,Protect|Modest||F|||50|]Garchomp||LifeOrb|RoughSkin|RockSlide,DragonClaw,Earthquake,Protect|Adamant||F|||50|]Whimsicott||FocusSash|Prankster|Encore,Moonblast,Tailwind,Protect|Timid||M|||50|
|inactive|Battle timer is ON: inactive players will automatically lose when time's up. (requested by capacete5)
|inactive|capacete5 has 60 seconds left.
|inactive|ChrisJHall12 has 60 seconds left.
|inactive|capacete5 has 30 seconds left.
|inactive|capacete5 has 20 seconds left.
|inactive|capacete5 has 15 seconds left.
|inactive|capacete5 has 10 seconds left.
|inactive|capacete5 has 5 seconds left.
|
|t:|1782428204
|teamsize|p1|4
|teamsize|p2|4
|start
|switch|p1a: Kingambit|Kingambit, L50, M|100/100
|switch|p1b: Farigiraf|Farigiraf, L50, F|100/100
|switch|p2a: Garchomp|Garchomp, L50, F|100/100
|switch|p2b: Whimsicott|Whimsicott, L50, M|100/100
|turn|1
|
|t:|1782428227
|move|p1a: Kingambit|Sucker Punch|p2a: Garchomp
|-damage|p2a: Garchomp|65/100
|-damage|p1a: Kingambit|87/100|[from] ability: Rough Skin|[of] p2a: Garchomp
|move|p2b: Whimsicott|Moonblast|p1b: Farigiraf
|-damage|p1b: Farigiraf|64/100
|move|p2a: Garchomp|Earthquake|p1a: Kingambit|[spread] p2b,p1a,p1b
|-resisted|p2b: Whimsicott|1
|-supereffective|p1a: Kingambit|1
|-damage|p2b: Whimsicott|64/100
|-damage|p1a: Kingambit|0 fnt
|-damage|p1b: Farigiraf|23/100
|-enditem|p1b: Farigiraf|Sitrus Berry|[eat]
|-heal|p1b: Farigiraf|48/100|[from] item: Sitrus Berry
|faint|p1a: Kingambit
|-damage|p2a: Garchomp|55/100|[from] item: Life Orb
|move|p1b: Farigiraf|Trick Room|p1b: Farigiraf
|-fieldstart|move: Trick Room|[of] p1b: Farigiraf
|
|upkeep
|
|t:|1782428241
|switch|p1a: Sylveon|Sylveon, L50, M|100/100
|turn|2
|
|t:|1782428258
|switch|p2a: Mawile|Mawile, L50, M|100/100
|move|p2b: Whimsicott|Protect|p2b: Whimsicott
|-singleturn|p2b: Whimsicott|Protect
|move|p1b: Farigiraf|Twin Beam|p2b: Whimsicott
|-activate|p2b: Whimsicott|move: Protect
|move|p1a: Sylveon|Hyper Voice|p2a: Mawile|[spread] p2a
|-activate|p2b: Whimsicott|move: Protect
|-resisted|p2a: Mawile|1
|-crit|p2a: Mawile
|-damage|p2a: Mawile|38/100
|
|upkeep
|turn|3
|inactive|capacete5 has 30 seconds left.
|inactive|capacete5 has 20 seconds left.
|inactive|capacete5 has 15 seconds left.
|
|t:|1782428300
|detailschange|p2a: Mawile|Mawile-Mega, L50, M
|-mega|p2a: Mawile|Mawile|Mawilite
|move|p1a: Sylveon|Protect|p1a: Sylveon
|-singleturn|p1a: Sylveon|Protect
|move|p2a: Mawile|Play Rough|p1a: Sylveon
|-activate|p1a: Sylveon|move: Protect
|move|p1b: Farigiraf|Twin Beam|p2a: Mawile
|-resisted|p2a: Mawile|1
|-damage|p2a: Mawile|28/100
|-resisted|p2a: Mawile|1
|-damage|p2a: Mawile|18/100
|-hitcount|p2a: Mawile|2
|move|p2b: Whimsicott|Moonblast|p1a: Sylveon
|-activate|p1a: Sylveon|move: Protect
|
|upkeep
|turn|4
|inactive|capacete5 has 30 seconds left.
|inactive|capacete5 has 20 seconds left.
|inactive|capacete5 has 15 seconds left.
|
|t:|1782428341
|move|p1a: Sylveon|Protect|p1a: Sylveon
|-singleturn|p1a: Sylveon|Protect
|move|p2a: Mawile|Play Rough|p1a: Sylveon
|-activate|p1a: Sylveon|move: Protect
|move|p2b: Whimsicott|Moonblast|p1a: Sylveon
|-activate|p1a: Sylveon|move: Protect
|move|p1b: Farigiraf|Roar|p2a: Mawile
|drag|p2a: Garchomp|Garchomp, L50, F|55/100
|
|upkeep
|turn|5
|
|t:|1782428362
|move|p2b: Whimsicott|Protect|p2b: Whimsicott
|-singleturn|p2b: Whimsicott|Protect
|move|p2a: Garchomp|Protect|p2a: Garchomp
|-singleturn|p2a: Garchomp|Protect
|move|p1b: Farigiraf|Twin Beam|p2b: Whimsicott
|-activate|p2b: Whimsicott|move: Protect
|move|p1a: Sylveon|Hyper Voice|p2b: Whimsicott|[spread] 
|-activate|p2a: Garchomp|move: Protect
|-activate|p2b: Whimsicott|move: Protect
|
|-fieldend|move: Trick Room
|upkeep
|turn|6
|inactive|ChrisJHall12 has 30 seconds left.
|
|t:|1782428390
|move|p2b: Whimsicott|Moonblast|p1b: Farigiraf
|-damage|p1b: Farigiraf|9/100
|move|p2a: Garchomp|Earthquake|p1b: Farigiraf|[spread] p2b,p1a,p1b
|-resisted|p2b: Whimsicott|1
|-damage|p2b: Whimsicott|24/100
|-damage|p1a: Sylveon|42/100
|-damage|p1b: Farigiraf|0 fnt
|faint|p1b: Farigiraf
|-damage|p2a: Garchomp|46/100|[from] item: Life Orb
|move|p1a: Sylveon|Hyper Voice|p2b: Whimsicott|[spread] p2a,p2b
|-supereffective|p2a: Garchomp|1
|-damage|p2a: Garchomp|0 fnt
|-damage|p2b: Whimsicott|0 fnt
|faint|p2a: Garchomp
|faint|p2b: Whimsicott
|
|upkeep
|
|t:|1782428402
|switch|p2b: Basculegion|Basculegion, L50, M|100/100
|switch|p2a: Mawile|Mawile-Mega, L50, M|18/100
|switch|p1b: Garchomp|Garchomp, L50, M|100/100
|turn|7
|
|t:|1782428416
|move|p1a: Sylveon|Protect|p1a: Sylveon
|-singleturn|p1a: Sylveon|Protect
|move|p2a: Mawile|Protect|p2a: Mawile
|-singleturn|p2a: Mawile|Protect
|move|p1b: Garchomp|Earthquake|p2a: Mawile|[spread] p2b
|-activate|p1a: Sylveon|move: Protect
|-activate|p2a: Mawile|move: Protect
|-damage|p2b: Basculegion|39/100
|-damage|p1b: Garchomp|90/100|[from] item: Life Orb
|move|p2b: Basculegion|Last Respects|p1a: Sylveon
|-activate|p1a: Sylveon|move: Protect
|
|upkeep
|turn|8
|inactive|capacete5 has 30 seconds left.
|inactive|capacete5 has 20 seconds left.
|inactive|capacete5 has 15 seconds left.
|inactive|capacete5 has 10 seconds left.
|inactive|capacete5 has 5 seconds left.
|
|t:|1782428467
|move|p2b: Basculegion|Aqua Jet|p1a: Sylveon
|-damage|p1a: Sylveon|9/100
|move|p1a: Sylveon|Quick Attack|p2a: Mawile
|-resisted|p2a: Mawile|1
|-damage|p2a: Mawile|10/100
|move|p1b: Garchomp|Earthquake|p2a: Mawile|[spread] p1a,p2a,p2b
|-supereffective|p2a: Mawile|1
|-crit|p2a: Mawile
|-damage|p1a: Sylveon|0 fnt
|-damage|p2a: Mawile|0 fnt
|-damage|p2b: Basculegion|0 fnt
|faint|p1a: Sylveon
|faint|p2a: Mawile
|faint|p2b: Basculegion
|-damage|p1b: Garchomp|80/100|[from] item: Life Orb
|
|win|capacete5
