|j|☆berto777
|j|☆ground tera
|html|berto777ground tera    
|uhtml|bestof|Game 1 of a best-of-3
|t:|1784316988
|gametype|doubles
|player|p1|berto777|1|1166
|player|p2|ground tera|2|1214
|gen|9
|tier|[Gen 9 Champions] VGC 2026 Reg M-B (Bo3)
|rated|
|rule|Species Clause: Limit one of each Pokémon
|rule|Item Clause: Limit 1 of each item
|clearpoke
|poke|p1|Ceruledge, L50, M|
|poke|p1|Tinkaton, L50, F|
|poke|p1|Incineroar, L50, M|
|poke|p1|Venusaur, L50, F|
|poke|p1|Milotic, L50, F|
|poke|p1|Aerodactyl, L50, M|
|poke|p2|Garchomp, L50, F|
|poke|p2|Venusaur, L50, F|
|poke|p2|Incineroar, L50, M|
|poke|p2|Charizard, L50, M|
|poke|p2|Toxapex, L50, F|
|poke|p2|Annihilape, L50, M|
|teampreview|4
|showteam|p1|Ceruledge||ColburBerry|FlashFire|SwordsDance,BitterBlade,ShadowSneak,Protect|Adamant||M|||50|]Tinkaton||ShucaBerry|MoldBreaker|FakeOut,GigatonHammer,Feint,Protect|Jolly||F|||50|]Incineroar||SitrusBerry|Intimidate|FakeOut,PartingShot,DarkestLariat,FlareBlitz|Careful||M|||50|]Venusaur||Venusaurite|Chlorophyll|SludgeBomb,EnergyBall,EarthPower,Protect|Modest||F|||50|]Milotic||Leftovers|Competitive|IcyWind,MuddyWater,Coil,Hypnosis|Timid||F|||50|]Aerodactyl||Aerodactylite|Unnerve|Tailwind,IceFang,RockSlide,WideGuard|Serious||M|||50|
|showteam|p2|Garchomp||ChoiceScarf|RoughSkin|Earthquake,DragonClaw,StompingTantrum,RockSlide|Adamant||F|||50|]Venusaur||LifeOrb|Chlorophyll|SolarBeam,SludgeBomb,EarthPower,Protect|Modest||F|||50|]Incineroar||SitrusBerry|Intimidate|FlareBlitz,ThroatChop,FakeOut,PartingShot|Impish||M|||50|]Charizard||CharizarditeY|Blaze|HeatWave,WeatherBall,HelpingHand,Protect|Modest||M|||50|]Toxapex||Leftovers|Regenerator|Infestation,Toxic,WideGuard,BanefulBunker|Bold||F|||50|]Annihilape||FocusSash|Defiant|CloseCombat,PhantomForce,RockTomb,Protect|Jolly||M|||50|
|inactive|Battle timer is ON: inactive players will automatically lose when time's up. (requested by ground tera)
|inactive|berto777 also wants the timer to be on.
|inactive|ground tera has 60 seconds left.
|
|t:|1784317034
|teamsize|p1|4
|teamsize|p2|4
|start
|switch|p1a: Milotic|Milotic, L50, F|100/100
|switch|p1b: Aerodactyl|Aerodactyl, L50, M|100/100
|switch|p2a: Toxapex|Toxapex, L50, F|100/100
|switch|p2b: Annihilape|Annihilape, L50, M|100/100
|-ability|p1b: Aerodactyl|Unnerve
|turn|1
|
|t:|1784317056
|switch|p1b: Tinkaton|Tinkaton, L50, F|100/100
|-ability|p1b: Tinkaton|Mold Breaker
|move|p2b: Annihilape|Phantom Force||[still]
|-prepare|p2b: Annihilape|Phantom Force
|move|p1a: Milotic|Coil|p1a: Milotic
|-boost|p1a: Milotic|atk|1
|-boost|p1a: Milotic|def|1
|-boost|p1a: Milotic|accuracy|1
|move|p2a: Toxapex|Toxic|p1a: Milotic
|-status|p1a: Milotic|tox
|
|-damage|p1a: Milotic|94/100 tox|[from] psn
|upkeep
|turn|2
|
|t:|1784317075
|move|p1b: Tinkaton|Fake Out|p2a: Toxapex
|-damage|p2a: Toxapex|93/100
|move|p2b: Annihilape|Phantom Force|p1b: Tinkaton|[from] lockedmove
|-damage|p1b: Tinkaton|55/100
|move|p1a: Milotic|Hypnosis|p2b: Annihilape|[miss]
|-miss|p1a: Milotic|p2b: Annihilape
|cant|p2a: Toxapex|flinch
|
|-heal|p1a: Milotic|100/100 tox|[from] item: Leftovers
|-heal|p2a: Toxapex|99/100|[from] item: Leftovers
|-damage|p1a: Milotic|88/100 tox|[from] psn
|upkeep
|turn|3
|
|t:|1784317088
|switch|p1b: Aerodactyl|Aerodactyl, L50, M|100/100
|-ability|p1b: Aerodactyl|Unnerve
|move|p2b: Annihilape|Close Combat|p1b: Aerodactyl
|-damage|p1b: Aerodactyl|27/100
|-unboost|p2b: Annihilape|def|1
|-unboost|p2b: Annihilape|spd|1
|move|p1a: Milotic|Hypnosis|p2b: Annihilape
|-status|p2b: Annihilape|slp|[from] move: Hypnosis
|move|p2a: Toxapex|Infestation|p1a: Milotic
|-damage|p1a: Milotic|85/100 tox
|-activate|p1a: Milotic|move: Infestation|[of] p2a: Toxapex
|
|-heal|p1a: Milotic|91/100 tox|[from] item: Leftovers
|-heal|p2a: Toxapex|100/100|[from] item: Leftovers
|-damage|p1a: Milotic|73/100 tox|[from] psn
|-damage|p1a: Milotic|61/100 tox|[from] move: Infestation|[partiallytrapped]
|upkeep
|turn|4
|
|t:|1784317109
|move|p1b: Aerodactyl|Tailwind|p1b: Aerodactyl
|-sidestart|p1: berto777|move: Tailwind
|move|p1a: Milotic|Muddy Water|p2a: Toxapex|[spread] p2a,p2b
|-resisted|p2a: Toxapex|1
|-damage|p2a: Toxapex|91/100
|-damage|p2b: Annihilape|60/100 slp
|cant|p2b: Annihilape|slp
|move|p2a: Toxapex|Infestation|p1b: Aerodactyl
|-resisted|p1b: Aerodactyl|1
|-damage|p1b: Aerodactyl|26/100
|-activate|p1b: Aerodactyl|move: Infestation|[of] p2a: Toxapex
|
|-heal|p1a: Milotic|67/100 tox|[from] item: Leftovers
|-heal|p2a: Toxapex|97/100|[from] item: Leftovers
|-damage|p1a: Milotic|43/100 tox|[from] psn
|-damage|p1b: Aerodactyl|14/100|[from] move: Infestation|[partiallytrapped]
|-damage|p1a: Milotic|31/100 tox|[from] move: Infestation|[partiallytrapped]
|upkeep
|turn|5
|
|t:|1784317128
|-curestatus|p2b: Annihilape|slp|[msg]
|move|p2b: Annihilape|Protect|p2b: Annihilape
|-singleturn|p2b: Annihilape|Protect
|move|p2a: Toxapex|Baneful Bunker|p2a: Toxapex
|-singleturn|p2a: Toxapex|move: Protect
|move|p1b: Aerodactyl|Rock Slide|p2b: Annihilape|[spread] 
|-activate|p2a: Toxapex|move: Protect
|-activate|p2b: Annihilape|move: Protect
|move|p1a: Milotic|Hypnosis|p2a: Toxapex
|-activate|p2a: Toxapex|move: Protect
|
|-heal|p1a: Milotic|37/100 tox|[from] item: Leftovers
|-heal|p2a: Toxapex|100/100|[from] item: Leftovers
|-damage|p1a: Milotic|7/100 tox|[from] psn
|-damage|p1b: Aerodactyl|2/100|[from] move: Infestation|[partiallytrapped]
|-damage|p1a: Milotic|0 fnt|[from] move: Infestation|[partiallytrapped]
|faint|p1a: Milotic
|upkeep
|
|t:|1784317139
|switch|p1a: Ceruledge|Ceruledge, L50, M|100/100
|turn|6
|
|t:|1784317158
|switch|p2b: Incineroar|Incineroar, L50, M|100/100
|-ability|p2b: Incineroar|Intimidate|boost
|-unboost|p1a: Ceruledge|atk|1
|-unboost|p1b: Aerodactyl|atk|1
|detailschange|p1b: Aerodactyl|Aerodactyl-Mega, L50, M
|-mega|p1b: Aerodactyl|Aerodactyl|Aerodactylite
|move|p1b: Aerodactyl|Rock Slide|p2b: Incineroar|[spread] p2a,p2b
|-supereffective|p2b: Incineroar|1
|-damage|p2a: Toxapex|88/100
|-damage|p2b: Incineroar|75/100
|move|p1a: Ceruledge|Swords Dance|p1a: Ceruledge
|-boost|p1a: Ceruledge|atk|2
|cant|p2a: Toxapex|flinch
|
|-heal|p2a: Toxapex|94/100|[from] item: Leftovers
|-damage|p1b: Aerodactyl|0 fnt|[from] move: Infestation|[partiallytrapped]
|faint|p1b: Aerodactyl
|upkeep
|
|t:|1784317163
|switch|p1b: Tinkaton|Tinkaton, L50, F|55/100
|-ability|p1b: Tinkaton|Mold Breaker
|turn|7
|
|t:|1784317178
|move|p1b: Tinkaton|Fake Out|p2b: Incineroar
|-damage|p2b: Incineroar|68/100
|move|p1a: Ceruledge|Swords Dance|p1a: Ceruledge
|-boost|p1a: Ceruledge|atk|2
|cant|p2b: Incineroar|flinch
|move|p2a: Toxapex|Toxic|p1a: Ceruledge
|-status|p1a: Ceruledge|tox
|
|-heal|p2a: Toxapex|100/100|[from] item: Leftovers
|-damage|p1a: Ceruledge|93/100 tox|[from] psn
|-sideend|p1: berto777|move: Tailwind
|upkeep
|turn|8
|
|t:|1784317185
|move|p1b: Tinkaton|Feint|p2a: Toxapex
|-damage|p2a: Toxapex|95/100
|move|p1a: Ceruledge|Bitter Blade|p2a: Toxapex
|-resisted|p2a: Toxapex|1
|-damage|p2a: Toxapex|57/100
|-heal|p1a: Ceruledge|100/100 tox|[from] drain|[of] p2a: Toxapex
|move|p2b: Incineroar|Parting Shot|p1a: Ceruledge
|-unboost|p1a: Ceruledge|atk|1
|-unboost|p1a: Ceruledge|spa|1
|
|t:|1784317193
|switch|p2b: Annihilape|Annihilape, L50, M|60/100|[from] Parting Shot
|move|p2a: Toxapex|Infestation|p1a: Ceruledge
|-resisted|p1a: Ceruledge|2
|-damage|p1a: Ceruledge|99/100 tox
|-activate|p1a: Ceruledge|move: Infestation|[of] p2a: Toxapex
|
|-heal|p2a: Toxapex|63/100|[from] item: Leftovers
|-damage|p1a: Ceruledge|87/100 tox|[from] psn
|-damage|p1a: Ceruledge|75/100 tox|[from] move: Infestation|[partiallytrapped]
|upkeep
|turn|9
|
|t:|1784317203
|move|p2b: Annihilape|Protect|p2b: Annihilape
|-singleturn|p2b: Annihilape|Protect
|move|p2a: Toxapex|Baneful Bunker|p2a: Toxapex
|-singleturn|p2a: Toxapex|move: Protect
|move|p1a: Ceruledge|Shadow Sneak|p2b: Annihilape
|-activate|p2b: Annihilape|move: Protect
|move|p1b: Tinkaton|Gigaton Hammer|p2a: Toxapex
|-activate|p2a: Toxapex|move: Protect
|
|-heal|p2a: Toxapex|69/100|[from] item: Leftovers
|-damage|p1a: Ceruledge|57/100 tox|[from] psn
|-damage|p1a: Ceruledge|45/100 tox|[from] move: Infestation|[partiallytrapped]
|upkeep
|turn|10
|
|t:|1784317221
|move|p1b: Tinkaton|Feint|p2a: Toxapex
|-damage|p2a: Toxapex|64/100
|move|p2b: Annihilape|Close Combat|p1b: Tinkaton
|-damage|p1b: Tinkaton|0 fnt
|-unboost|p2b: Annihilape|def|1
|-unboost|p2b: Annihilape|spd|1
|faint|p1b: Tinkaton
|move|p1a: Ceruledge|Bitter Blade|p2b: Annihilape
|-damage|p2b: Annihilape|0 fnt
|-heal|p1a: Ceruledge|75/100 tox|[from] drain|[of] p2b: Annihilape
|faint|p2b: Annihilape
|move|p2a: Toxapex|Infestation|p1a: Ceruledge
|-resisted|p1a: Ceruledge|2
|-damage|p1a: Ceruledge|75/100 tox
|
|-heal|p2a: Toxapex|70/100|[from] item: Leftovers
|-damage|p1a: Ceruledge|51/100 tox|[from] psn
|-damage|p1a: Ceruledge|39/100 tox|[from] move: Infestation|[partiallytrapped]
|upkeep
|
|t:|1784317227
|switch|p2b: Incineroar|Incineroar, L50, M|68/100
|-ability|p2b: Incineroar|Intimidate|boost
|-unboost|p1a: Ceruledge|atk|1
|turn|11
|-message|berto777 forfeited.
|
|win|ground tera
|l|☆berto777
|player|p1|
||berto777 is ready for game 2.
