|j|☆Colonelpaco
|j|☆viatles
|html|Colonelpacoviatles    
|uhtml|bestof|Game 3 of a best-of-3
|t:|1757629810
|gametype|doubles
|player|p1|Colonelpaco|266|1035
|player|p2|viatles|hiker|1031
|gen|9
|tier|[Gen 9] VGC 2025 Reg H (Bo3)
|rated|
|rule|Species Clause: Limit one of each Pokémon
|rule|Item Clause: Limit 1 of each item
|clearpoke
|poke|p1|Sneasler, L50, F|
|poke|p1|Dragapult, L50, M|
|poke|p1|Primarina, L50, M|
|poke|p1|Rillaboom, L50, M|
|poke|p1|Kingambit, L50, M|
|poke|p1|Magmar, L50, F|
|poke|p2|Scizor, L50, M|
|poke|p2|Talonflame, L50, M|
|poke|p2|Rillaboom, L50, F|
|poke|p2|Garchomp, L50, F|
|poke|p2|Kilowattrel, L50, M|
|poke|p2|Garganacl, L50, M|
|teampreview|4
|showteam|p1|Sneasler||FocusSash|Unburden|CloseCombat,DireClaw,FakeOut,Protect|||F|||50|,,,,,Stellar]Dragapult||ChoiceBand|ClearBody|DragonDarts,TeraBlast,PhantomForce,Uturn|||M|||50|,,,,,Ghost]Primarina||SitrusBerry|LiquidVoice|HyperVoice,Moonblast,Haze,Protect|||M|||50|,,,,,Water]Rillaboom||AssaultVest|GrassySurge|WoodHammer,GrassyGlide,HighHorsepower,FakeOut|||M|||50|,,,,,Fire]Kingambit||BlackGlasses|Defiant|KowtowCleave,SuckerPunch,SwordsDance,Protect|||M|||50|,,,,,Ghost]Magmar||Eviolite|VitalSpirit|Overheat,WillOWisp,FollowMe,Protect|||F|||50|,,,,,Ghost
|showteam|p2|Scizor||LifeOrb|Technician|BulletPunch,BugBite,DualWingbeat,Protect|||M|||50|,,,,,Fire]Talonflame||CovertCloak|GaleWings|DualWingbeat,Tailwind,Taunt,FlareBlitz|||M|||50|,,,,,Flying]Rillaboom||AssaultVest|GrassySurge|FakeOut,GrassyGlide,Uturn,WoodHammer|||F|||50|,,,,,Fairy]Garchomp||ClearAmulet|RoughSkin|IronHead,Earthquake,DragonClaw,Protect|||F|||50|,,,,,Steel]Kilowattrel||FocusSash|Competitive|Discharge,AirSlash,Tailwind,Protect|||M|||50|,,,,,Fairy]Garganacl||Leftovers|PurifyingSalt|SaltCure,Recover,Protect,RockSlide|||M|||50|,,,,,Grass
|inactive|Battle timer is ON: inactive players will automatically lose when time's up. (requested by Colonelpaco)
|
|t:|1757629831
|teamsize|p1|4
|teamsize|p2|4
|start
|switch|p1a: Primarina|Primarina, L50, M|100/100
|switch|p1b: Kingambit|Kingambit, L50, M|100/100
|switch|p2a: Talonflame|Talonflame, L50, M|100/100
|switch|p2b: Garchomp|Garchomp, L50, F|100/100
|turn|1
|
|t:|1757629848
|-terastallize|p1a: Primarina|Water
|move|p1b: Kingambit|Protect|p1b: Kingambit
|-singleturn|p1b: Kingambit|Protect
|move|p2a: Talonflame|Tailwind|p2a: Talonflame
|-sidestart|p2: viatles|move: Tailwind
|move|p2b: Garchomp|Earthquake|p1b: Kingambit|[spread] p1a
|-activate|p1b: Kingambit|move: Protect
|-immune|p2a: Talonflame
|-damage|p1a: Primarina|55/100
|move|p1a: Primarina|Hyper Voice|p2a: Talonflame|[spread] p2a,p2b
|-supereffective|p2a: Talonflame
|-damage|p2a: Talonflame|0 fnt
|-damage|p2b: Garchomp|56/100
|faint|p2a: Talonflame
|
|upkeep
|
|t:|1757629865
|switch|p2a: Garganacl|Garganacl, L50, M|100/100
|turn|2
|
|t:|1757629880
|switch|p1b: Magmar|Magmar, L50, F|100/100
|-terastallize|p2a: Garganacl|Grass
|move|p2b: Garchomp|Dragon Claw|p1a: Primarina
|-damage|p1a: Primarina|9/100
|-enditem|p1a: Primarina|Sitrus Berry|[eat]
|-heal|p1a: Primarina|34/100|[from] item: Sitrus Berry
|move|p2a: Garganacl|Salt Cure|p1b: Magmar
|-supereffective|p1b: Magmar
|-damage|p1b: Magmar|78/100
|-start|p1b: Magmar|Salt Cure
|move|p1a: Primarina|Moonblast|p2b: Garchomp
|-supereffective|p2b: Garchomp
|-damage|p2b: Garchomp|0 fnt
|faint|p2b: Garchomp
|
|-damage|p1b: Magmar|66/100|[from] Salt Cure
|upkeep
|
|t:|1757629896
|switch|p2b: Scizor|Scizor, L50, M|100/100
|turn|3
|
|t:|1757629908
|move|p2b: Scizor|Protect|p2b: Scizor
|-singleturn|p2b: Scizor|Protect
|move|p1a: Primarina|Protect|p1a: Primarina
|-singleturn|p1a: Primarina|Protect
|move|p1b: Magmar|Overheat|p2b: Scizor
|-activate|p2b: Scizor|move: Protect
|move|p2a: Garganacl|Rock Slide|p1a: Primarina|[spread] p1b
|-activate|p1a: Primarina|move: Protect
|-supereffective|p1b: Magmar
|-damage|p1b: Magmar|34/100
|
|-damage|p1b: Magmar|21/100|[from] Salt Cure
|upkeep
|turn|4
|
|t:|1757629932
|move|p2b: Scizor|Bullet Punch|p1a: Primarina
|-resisted|p1a: Primarina
|-damage|p1a: Primarina|12/100
|-damage|p2b: Scizor|91/100|[from] item: Life Orb
|move|p1b: Magmar|Overheat|p2b: Scizor
|-supereffective|p2b: Scizor
|-damage|p2b: Scizor|0 fnt
|-unboost|p1b: Magmar|spa|2
|faint|p2b: Scizor
|move|p2a: Garganacl|Salt Cure|p1a: Primarina
|-damage|p1a: Primarina|0 fnt
|faint|p1a: Primarina
|
|-damage|p1b: Magmar|9/100|[from] Salt Cure
|-sideend|p2: viatles|move: Tailwind
|upkeep
|
|t:|1757629945
|switch|p1a: Kingambit|Kingambit, L50, M|100/100
|turn|5
|
|t:|1757629955
|move|p1b: Magmar|Follow Me|p1b: Magmar
|-singleturn|p1b: Magmar|move: Follow Me
|move|p1a: Kingambit|Kowtow Cleave|p2a: Garganacl
|-damage|p2a: Garganacl|61/100
|move|p2a: Garganacl|Salt Cure|p1b: Magmar
|-supereffective|p1b: Magmar
|-damage|p1b: Magmar|0 fnt
|faint|p1b: Magmar
|
|-heal|p2a: Garganacl|67/100|[from] item: Leftovers
|upkeep
|
|t:|1757629964
|switch|p1b: Sneasler|Sneasler, L50, F|100/100
|turn|6
|c|☆viatles|gg
|
|t:|1757629974
|move|p1b: Sneasler|Fake Out|p2a: Garganacl
|-damage|p2a: Garganacl|57/100
|move|p1a: Kingambit|Kowtow Cleave|p2a: Garganacl
|-damage|p2a: Garganacl|16/100
|cant|p2a: Garganacl|flinch
|
|-heal|p2a: Garganacl|22/100|[from] item: Leftovers
|upkeep
|turn|7
|c|☆Colonelpaco|gg
|
|t:|1757629986
|move|p1b: Sneasler|Dire Claw|p2a: Garganacl
|-supereffective|p2a: Garganacl
|-damage|p2a: Garganacl|0 fnt
|faint|p2a: Garganacl
|
|win|Colonelpaco
|raw|Colonelpaco's rating: 1035 → 1069(+34 for winning)
|raw|viatles's rating: 1031 → 1017(-14 for losing)
|l|☆viatles
|player|p2|
