|j|☆Lstdnce
|j|☆Skyline67
|html|LstdnceSkyline67    
|uhtml|bestof|Game 3 of a best-of-3
|t:|1756228551
|gametype|doubles
|player|p1|Lstdnce|101|1278
|player|p2|Skyline67|cynthia|1250
|gen|9
|tier|[Gen 9] VGC 2025 Reg H (Bo3)
|rated|
|rule|Species Clause: Limit one of each Pokémon
|rule|Item Clause: Limit 1 of each item
|clearpoke
|poke|p1|Ursaluna-Bloodmoon, L50, M|
|poke|p1|Farigiraf, L50, M|
|poke|p1|Arcanine-Hisui, L50, M|
|poke|p1|Basculegion, L50, M|
|poke|p1|Electabuzz, L50, M|
|poke|p1|Rillaboom, L50, M|
|poke|p2|Volcarona, L50, M|
|poke|p2|Rillaboom, L50, F|
|poke|p2|Kingambit, L50, F|
|poke|p2|Electabuzz, L50, M|
|poke|p2|Dragonite, L50, F|
|poke|p2|Sneasler, L50, M|
|teampreview|4
|showteam|p1|Ursaluna-Bloodmoon||LifeOrb|MindsEye|Protect,BloodMoon,HyperVoice,EarthPower|||M|||50|,,,,,Normal]Farigiraf||SafetyGoggles|ArmorTail|Uproar,PsychicNoise,HelpingHand,TrickRoom|||M|||50|,,,,,Water]Arcanine-Hisui||ChoiceBand|RockHead|ExtremeSpeed,FlareBlitz,RockSlide,HeadSmash|||M|||50|,,,,,Normal]Basculegion||ChoiceScarf|Adaptability|FlipTurn,WaveCrash,LastRespects,AquaJet|||M|||50|,,,,,Water]Electabuzz||Eviolite|VitalSpirit|Protect,Electroweb,Taunt,FollowMe|||M|||50|,,,,,Ghost]Rillaboom||AssaultVest|GrassySurge|GrassyGlide,WoodHammer,FakeOut,Uturn|||M|||50|,,,,,Fire
|showteam|p2|Volcarona||CovertCloak|FlameBody|QuiverDance,HeatWave,TeraBlast,Protect|||M|||50|,,,,,Fairy]Rillaboom||AssaultVest|GrassySurge|FakeOut,DrumBeating,GrassyGlide,HighHorsepower|||F|||50|,,,,,Fire]Kingambit||BlackGlasses|Defiant|KowtowCleave,SuckerPunch,Protect,SwordsDance|||F|||50|,,,,,Dark]Electabuzz||Eviolite|VitalSpirit|FollowMe,Thunderbolt,Protect,Taunt|||M|||50|,,,,,Ghost]Dragonite||LoadedDice|Multiscale|ScaleShot,Haze,LowKick,Protect|||F|||50|,,,,,Steel]Sneasler||FocusSash|Unburden|CloseCombat,Coaching,Protect,DireClaw|||M|||50|,,,,,Stellar
|inactive|Battle timer is ON: inactive players will automatically lose when time's up. (requested by Lstdnce)
|inactive|Skyline67 has 60 seconds left.
|
|t:|1756228611
|teamsize|p1|4
|teamsize|p2|4
|start
|switch|p1a: Electabuzz|Electabuzz, L50, M|100/100
|switch|p1b: Arcanine|Arcanine-Hisui, L50, M|100/100
|switch|p2a: Rillaboom|Rillaboom, L50, F|100/100
|switch|p2b: Kingambit|Kingambit, L50, F|100/100
|-fieldstart|move: Grassy Terrain|[from] ability: Grassy Surge|[of] p2a: Rillaboom
|turn|1
|
|t:|1756228631
|-terastallize|p2b: Kingambit|Dark
|move|p2a: Rillaboom|Fake Out|p1b: Arcanine
|-resisted|p1b: Arcanine
|-damage|p1b: Arcanine|92/100
|move|p1a: Electabuzz|Follow Me|p1a: Electabuzz
|-singleturn|p1a: Electabuzz|move: Follow Me
|cant|p1b: Arcanine|flinch
|move|p2b: Kingambit|Kowtow Cleave|p1a: Electabuzz
|-damage|p1a: Electabuzz|40/100
|
|-heal|p1b: Arcanine|98/100|[from] Grassy Terrain
|-heal|p1a: Electabuzz|46/100|[from] Grassy Terrain
|upkeep
|turn|2
|inactive|Skyline67 has 30 seconds left.
|
|t:|1756228657
|switch|p2a: Electabuzz|Electabuzz, L50, M|100/100
|move|p2b: Kingambit|Protect|p2b: Kingambit
|-singleturn|p2b: Kingambit|Protect
|move|p1a: Electabuzz|Follow Me|p1a: Electabuzz
|-singleturn|p1a: Electabuzz|move: Follow Me
|move|p1b: Arcanine|Head Smash|p2a: Electabuzz|[miss]
|-miss|p1b: Arcanine|p2a: Electabuzz
|
|-heal|p1b: Arcanine|100/100|[from] Grassy Terrain
|-heal|p1a: Electabuzz|52/100|[from] Grassy Terrain
|upkeep
|turn|3
|
|t:|1756228679
|move|p2a: Electabuzz|Follow Me|p2a: Electabuzz
|-singleturn|p2a: Electabuzz|move: Follow Me
|move|p1b: Arcanine|Head Smash|p2a: Electabuzz
|-damage|p2a: Electabuzz|0 fnt
|faint|p2a: Electabuzz
|move|p1a: Electabuzz|Taunt|p2b: Kingambit
|-start|p2b: Kingambit|move: Taunt
|move|p2b: Kingambit|Kowtow Cleave|p1a: Electabuzz
|-damage|p1a: Electabuzz|0 fnt
|faint|p1a: Electabuzz
|
|upkeep
|
|t:|1756228694
|switch|p2a: Rillaboom|Rillaboom, L50, F|100/100
|switch|p1a: Rillaboom|Rillaboom, L50, M|100/100
|turn|4
|inactive|Lstdnce has 30 seconds left.
|inactive|Skyline67 has 30 seconds left.
|
|t:|1756228724
|move|p1a: Rillaboom|Fake Out|p2b: Kingambit
|-damage|p2b: Kingambit|90/100
|move|p1b: Arcanine|Head Smash|p2b: Kingambit
|-damage|p2b: Kingambit|11/100
|move|p2a: Rillaboom|High Horsepower|p1b: Arcanine
|-supereffective|p1b: Arcanine
|-damage|p1b: Arcanine|0 fnt
|faint|p1b: Arcanine
|cant|p2b: Kingambit|flinch
|
|-heal|p2b: Kingambit|17/100|[from] Grassy Terrain
|upkeep
|
|t:|1756228732
|switch|p1b: Basculegion|Basculegion, L50, M|100/100
|turn|5
|
|t:|1756228754
|move|p1a: Rillaboom|Grassy Glide|p2b: Kingambit
|-damage|p2b: Kingambit|0 fnt
|faint|p2b: Kingambit
|move|p1b: Basculegion|Last Respects|p2a: Rillaboom
|-damage|p2a: Rillaboom|2/100
|move|p2a: Rillaboom|Drum Beating|p1b: Basculegion
|-supereffective|p1b: Basculegion
|-damage|p1b: Basculegion|0 fnt
|faint|p1b: Basculegion
|
|-heal|p2a: Rillaboom|8/100|[from] Grassy Terrain
|-fieldend|move: Grassy Terrain
|upkeep
|
|t:|1756228766
|switch|p2b: Sneasler|Sneasler, L50, M|100/100
|turn|6
|
|t:|1756228777
|-terastallize|p1a: Rillaboom|Fire
|move|p2b: Sneasler|Dire Claw|p1a: Rillaboom
|-damage|p1a: Rillaboom|59/100
|move|p2a: Rillaboom|Drum Beating|p1a: Rillaboom
|-resisted|p1a: Rillaboom
|-damage|p1a: Rillaboom|41/100
|-unboost|p1a: Rillaboom|spe|1
|move|p1a: Rillaboom|U-turn|p2a: Rillaboom
|-supereffective|p2a: Rillaboom
|-damage|p2a: Rillaboom|0 fnt
|faint|p2a: Rillaboom
|
|upkeep
|turn|7
|
|t:|1756228789
|move|p2b: Sneasler|Close Combat|p1a: Rillaboom
|-damage|p1a: Rillaboom|0 fnt
|-unboost|p2b: Sneasler|def|1
|-unboost|p2b: Sneasler|spd|1
|faint|p1a: Rillaboom
|
|win|Skyline67
|raw|Lstdnce's rating: 1278 → 1251(-27 for losing)
|raw|Skyline67's rating: 1250 → 1277(+27 for winning)
|l|☆Lstdnce
|player|p1|
