|j|☆s4m1_jaw3d
|j|☆HikerTrash
|html|s4m1_jaw3dHikerTrash    
|uhtml|bestof|Game 2 of a best-of-3
|t:|1785264198
|gametype|doubles
|player|p1|s4m1_jaw3d|volkner|
|player|p2|HikerTrash|169|
|gen|9
|tier|[Gen 9 Champions] VGC 2026 Reg M-B (Bo3)
|rule|Species Clause: Limit one of each Pokémon
|rule|Item Clause: Limit 1 of each item
|clearpoke
|poke|p1|Charizard, L50, F|
|poke|p1|Noivern, L50, M|
|poke|p1|Kingambit, L50, F|
|poke|p1|Vileplume, L50, F|
|poke|p1|Weavile, L50, F|
|poke|p1|Wyrdeer, L50, M|
|poke|p2|Charizard, L50, M|
|poke|p2|Dragapult, L50, F|
|poke|p2|Toxapex, L50, M|
|poke|p2|Sableye, L50, M|
|poke|p2|Venusaur, L50, M|
|poke|p2|Kingambit, L50, M|
|teampreview|4
|showteam|p1|Charizard||CharizarditeY|Blaze|WeatherBall,Protect,SolarBeam,HeatWave|Timid||F|||50|]Noivern||FocusSash|Infiltrator|Tailwind,DracoMeteor,BreakingSwipe,AirSlash|Hasty||M|||50|]Kingambit||BlackGlasses|SupremeOverlord|Protect,LowKick,SuckerPunch,KowtowCleave|Adamant||F|||50|]Vileplume||ChoiceScarf|Chlorophyll|WeatherBall,StrengthSap,SludgeBomb,Protect|Modest||F|||50|]Weavile||LifeOrb|Pressure|KnockOff,TripleAxel,PoisonJab,BrickBreak|Jolly||F|||50|]Wyrdeer||Magnet|SapSipper|WildCharge,TrickRoom,PsyshieldBash,Protect|Adamant||M|||50|
|showteam|p2|Charizard||CharizarditeY|Blaze|HeatWave,WeatherBall,AirSlash,Protect|Modest||M|||50|]Dragapult||FocusSash|ClearBody|Protect,Disable,ThunderWave,DragonDarts|Jolly||F|||50|]Toxapex||Leftovers|Regenerator|BanefulBunker,Toxic,Infestation,Recover|Calm||M|||50|]Sableye||Sablenite|Prankster|FoulPlay,LightScreen,Encore,Disable|Calm||M|||50|]Venusaur||OccaBerry|Chlorophyll|Protect,SolarBeam,SludgeBomb,EarthPower|Modest||M|||50|]Kingambit||BlackGlasses|SupremeOverlord|Protect,SuckerPunch,KowtowCleave,IronHead|Brave||M|||50|
|
|t:|1785264226
|teamsize|p1|4
|teamsize|p2|4
|start
|switch|p1a: Wyrdeer|Wyrdeer, L50, M|100/100
|switch|p1b: Noivern|Noivern, L50, M|100/100
|switch|p2a: Sableye|Sableye, L50, M|100/100
|switch|p2b: Charizard|Charizard, L50, M|100/100
|turn|1
|
|t:|1785264242
|detailschange|p2b: Charizard|Charizard-Mega-Y, L50, M
|-mega|p2b: Charizard|Charizard|Charizardite Y
|-weather|SunnyDay|[from] ability: Drought|[of] p2b: Charizard
|move|p2a: Sableye|Light Screen|p2a: Sableye
|-sidestart|p2: HikerTrash|move: Light Screen
|move|p1b: Noivern|Tailwind|p1b: Noivern
|-sidestart|p1: s4m1_jaw3d|move: Tailwind
|move|p1a: Wyrdeer|Wild Charge|p2b: Charizard
|-supereffective|p2b: Charizard|1
|-damage|p2b: Charizard|17/100
|-damage|p1a: Wyrdeer|78/100|[from] Recoil
|move|p2b: Charizard|Heat Wave|p1b: Noivern|[spread] p1a,p1b
|-resisted|p1b: Noivern|1
|-damage|p1a: Wyrdeer|12/100
|-damage|p1b: Noivern|57/100
|
|-weather|SunnyDay|[upkeep]
|upkeep
|turn|2
|
|t:|1785264267
|switch|p1b: Kingambit|Kingambit, L50, F|100/100
|move|p2b: Charizard|Protect|p2b: Charizard
|-singleturn|p2b: Charizard|Protect
|move|p2a: Sableye|Encore|p1b: Kingambit
|-hint|Since gen 7, Dark is immune to Prankster moves.
|-immune|p1b: Kingambit
|move|p1a: Wyrdeer|Wild Charge|p2b: Charizard
|-activate|p2b: Charizard|move: Protect
|
|-weather|SunnyDay|[upkeep]
|upkeep
|turn|3
|
|t:|1785264289
|switch|p2b: Kingambit|Kingambit, L50, M|100/100
|move|p1a: Wyrdeer|Wild Charge|p2b: Kingambit
|-damage|p2b: Kingambit|73/100
|-damage|p1a: Wyrdeer|4/100|[from] Recoil
|move|p1b: Kingambit|Kowtow Cleave|p2a: Sableye
|-damage|p2a: Sableye|29/100
|move|p2a: Sableye|Foul Play|p1a: Wyrdeer
|-supereffective|p1a: Wyrdeer|1
|-damage|p1a: Wyrdeer|0 fnt
|faint|p1a: Wyrdeer
|
|-weather|SunnyDay|[upkeep]
|upkeep
|
|t:|1785264293
|switch|p1a: Charizard|Charizard, L50, F|100/100
|turn|4
|
|t:|1785264344
|detailschange|p1a: Charizard|Charizard-Mega-Y, L50, F
|-mega|p1a: Charizard|Charizard|Charizardite Y
|move|p2b: Kingambit|Protect|p2b: Kingambit
|-singleturn|p2b: Kingambit|Protect
|move|p1a: Charizard|Heat Wave|p2a: Sableye|[spread] p2a
|-activate|p2b: Kingambit|move: Protect
|-damage|p2a: Sableye|0 fnt
|faint|p2a: Sableye
|move|p1b: Kingambit|Low Kick|p2b: Kingambit
|-activate|p2b: Kingambit|move: Protect
|
|-weather|SunnyDay|[upkeep]
|-sideend|p1: s4m1_jaw3d|move: Tailwind
|upkeep
|
|t:|1785264361
|switch|p2a: Charizard|Charizard-Mega-Y, L50, M|17/100
|turn|5
|
|t:|1785264376
|move|p1b: Kingambit|Sucker Punch|p2a: Charizard
|-damage|p2a: Charizard|0 fnt
|faint|p2a: Charizard
|move|p2b: Kingambit|Sucker Punch|p1a: Charizard
|-damage|p1a: Charizard|31/100
|move|p1a: Charizard|Weather Ball|p2b: Kingambit
|-supereffective|p2b: Kingambit|1
|-damage|p2b: Kingambit|0 fnt
|faint|p2b: Kingambit
|-end|p2b: Kingambit|fallenundefined|[silent]
|
|-weather|none
|-sideend|p2: HikerTrash|move: Light Screen
|upkeep
|c|☆s4m1_jaw3d|GGS
|c|☆HikerTrash|ggs
|
|t:|1785264393
|switch|p2b: Toxapex|Toxapex, L50, M|100/100
|turn|6
|
|t:|1785264404
|switch|p1a: Noivern|Noivern, L50, M|57/100
|move|p1b: Kingambit|Kowtow Cleave|p2b: Toxapex
|-damage|p2b: Toxapex|63/100
|move|p2b: Toxapex|Infestation|p1a: Noivern
|-resisted|p1a: Noivern|1
|-damage|p1a: Noivern|55/100
|-activate|p1a: Noivern|move: Infestation|[of] p2b: Toxapex
|
|-heal|p2b: Toxapex|68/100|[from] item: Leftovers
|-damage|p1a: Noivern|42/100|[from] move: Infestation|[partiallytrapped]
|upkeep
|turn|7
|
|t:|1785264416
|move|p1a: Noivern|Draco Meteor|p2b: Toxapex|[miss]
|-miss|p1a: Noivern|p2b: Toxapex
|move|p1b: Kingambit|Kowtow Cleave|p2b: Toxapex
|-damage|p2b: Toxapex|30/100
|move|p2b: Toxapex|Infestation|p1b: Kingambit
|-damage|p1b: Kingambit|97/100
|-activate|p1b: Kingambit|move: Infestation|[of] p2b: Toxapex
|
|-heal|p2b: Toxapex|36/100|[from] item: Leftovers
|-damage|p1a: Noivern|30/100|[from] move: Infestation|[partiallytrapped]
|-damage|p1b: Kingambit|85/100|[from] move: Infestation|[partiallytrapped]
|upkeep
|turn|8
|
|t:|1785264428
|move|p2b: Toxapex|Baneful Bunker|p2b: Toxapex
|-singleturn|p2b: Toxapex|move: Protect
|move|p1a: Noivern|Draco Meteor|p2b: Toxapex
|-activate|p2b: Toxapex|move: Protect
|move|p1b: Kingambit|Kowtow Cleave|p2b: Toxapex
|-activate|p2b: Toxapex|move: Protect
|
|-heal|p2b: Toxapex|42/100|[from] item: Leftovers
|-damage|p1a: Noivern|18/100|[from] move: Infestation|[partiallytrapped]
|-damage|p1b: Kingambit|73/100|[from] move: Infestation|[partiallytrapped]
|upkeep
|turn|9
|
|t:|1785264440
|move|p1a: Noivern|Draco Meteor|p2b: Toxapex
|-damage|p2b: Toxapex|5/100
|-unboost|p1a: Noivern|spa|2
|move|p1b: Kingambit|Kowtow Cleave|p2b: Toxapex
|-damage|p2b: Toxapex|0 fnt
|faint|p2b: Toxapex
|
|win|s4m1_jaw3d
