|j|☆ToastedArt
|j|☆J4yz1lla
|html|ToastedArtJ4yz1lla    
|uhtml|bestof|Game 2 of a best-of-3
|t:|1786158053
|gametype|doubles
|player|p1|ToastedArt|iris|1145
|player|p2|J4yz1lla|riley|1253
|gen|9
|tier|[Gen 9 Champions] VGC 2026 Reg M-B (Bo3)
|rated|
|rule|Species Clause: Limit one of each Pokémon
|rule|Item Clause: Limit 1 of each item
|clearpoke
|poke|p1|Staraptor, L50, F|
|poke|p1|Whimsicott, L50, F|
|poke|p1|Gholdengo, L50|
|poke|p1|Zoroark-Hisui, L50, M|
|poke|p1|Kingambit, L50, M|
|poke|p1|Kommo-o, L50, F|
|poke|p2|Tyranitar, L50, F|
|poke|p2|Farigiraf, L50, F|
|poke|p2|Rotom-Wash, L50|
|poke|p2|Annihilape, L50, F|
|poke|p2|Aerodactyl, L50, M|
|poke|p2|Scovillain, L50, M|
|teampreview|4
|showteam|p1|Staraptor||Staraptite|Intimidate|CloseCombat,BraveBird,Roost,Protect|Jolly||F|||50|]Whimsicott||OccaBerry|Prankster|Encore,Tailwind,Charm,TrickRoom|Timid||F|||50|]Gholdengo||ExpertBelt|GoodasGold|MakeItRain,ShadowBall,NastyPlot,Protect|Modest|||||50|]Zoroark-Hisui||SpellTag|Illusion|ShadowBall,IcyWind,WillOWisp,FakeTears|Timid||M|||50|]Kingambit||ChopleBerry|Defiant|KowtowCleave,SuckerPunch,IronHead,LowKick|Adamant||M|||50|]Kommo-o||LifeOrb|Overcoat|ClangingScales,AuraSphere,VacuumWave,Protect|Serious||F|||50|
|showteam|p2|Tyranitar||Tyranitarite|SandStream|KnockOff,Earthquake,Protect,RockSlide|Adamant||F|||50|]Farigiraf||SitrusBerry|ArmorTail|TrickRoom,CalmMind,Psychic,HyperVoice|Quiet||F|||50|]Rotom-Wash||Magnet|Levitate|LightScreen,Thunderbolt,WillOWisp,HydroPump|Calm|||||50|]Annihilape||Leftovers|Defiant|BulkUp,Protect,DrainPunch,RageFist|Adamant||F|||50|]Aerodactyl||FocusSash|Unnerve|StealthRock,Tailwind,DualWingbeat,WideGuard|Jolly||M|||50|]Scovillain||Scovillainite|Moody|RagePowder,LeechSeed,Protect,Overheat|Bold||M|||50|
|inactive|Battle timer is ON: inactive players will automatically lose when time's up. (requested by ToastedArt)
|inactive|J4yz1lla has 60 seconds left.
|
|t:|1786158097
|teamsize|p1|4
|teamsize|p2|4
|start
|switch|p1a: Staraptor|Staraptor, L50, F|100/100
|switch|p1b: Whimsicott|Whimsicott, L50, F|100/100
|switch|p2a: Aerodactyl|Aerodactyl, L50, M|100/100
|switch|p2b: Scovillain|Scovillain, L50, M|100/100
|-ability|p2a: Aerodactyl|Unnerve
|-ability|p1a: Staraptor|Intimidate|boost
|-unboost|p2a: Aerodactyl|atk|1
|-unboost|p2b: Scovillain|atk|1
|turn|1
|inactive|ToastedArt has 30 seconds left.
|
|t:|1786158131
|detailschange|p1a: Staraptor|Staraptor-Mega, L50, F
|-mega|p1a: Staraptor|Staraptor|Staraptite
|detailschange|p2b: Scovillain|Scovillain-Mega, L50, M
|-mega|p2b: Scovillain|Scovillain|Scovillainite
|move|p1b: Whimsicott|Charm|p1a: Staraptor
|-boost|p1a: Staraptor|atk|2
|move|p2a: Aerodactyl|Dual Wingbeat|p1b: Whimsicott
|-supereffective|p1b: Whimsicott|1
|-crit|p1b: Whimsicott
|-damage|p1b: Whimsicott|34/100
|-supereffective|p1b: Whimsicott|1
|-damage|p1b: Whimsicott|4/100
|-hitcount|p1b: Whimsicott|2
|move|p1a: Staraptor|Close Combat|p2a: Aerodactyl
|-enditem|p2a: Aerodactyl|Focus Sash
|-damage|p2a: Aerodactyl|1/100
|-boost|p1a: Staraptor|def|1
|-boost|p1a: Staraptor|spd|1
|move|p2b: Scovillain|Overheat|p1b: Whimsicott
|-supereffective|p1b: Whimsicott|1
|-damage|p1b: Whimsicott|0 fnt
|-unboost|p2b: Scovillain|spa|2
|faint|p1b: Whimsicott
|
|upkeep
|
|t:|1786158155
|switch|p1b: Kommo-o|Kommo-o, L50, F|100/100
|turn|2
|
|t:|1786158173
|move|p1a: Staraptor|Protect|p1a: Staraptor
|-singleturn|p1a: Staraptor|Protect
|move|p2b: Scovillain|Rage Powder|p2b: Scovillain
|-singleturn|p2b: Scovillain|move: Rage Powder
|move|p2a: Aerodactyl|Dual Wingbeat|p1b: Kommo-o
|-supereffective|p1b: Kommo-o|1
|-damage|p1b: Kommo-o|76/100
|-supereffective|p1b: Kommo-o|1
|-crit|p1b: Kommo-o
|-damage|p1b: Kommo-o|23/100
|-hitcount|p1b: Kommo-o|2
|move|p1b: Kommo-o|Clanging Scales|p2b: Scovillain|[spread] p2a,p2b
|-damage|p2a: Aerodactyl|0 fnt
|-damage|p2b: Scovillain|44/100
|-status|p1b: Kommo-o|brn|[from] ability: Spicy Spray|[of] p2b: Scovillain
|faint|p2a: Aerodactyl
|-unboost|p1b: Kommo-o|def|1
|-damage|p1b: Kommo-o|13/100 brn|[from] item: Life Orb
|
|-damage|p1b: Kommo-o|7/100 brn|[from] brn
|upkeep
|
|t:|1786158179
|switch|p2a: Rotom|Rotom-Wash, L50|100/100
|turn|3
|inactive|J4yz1lla has 30 seconds left.
|
|t:|1786158205
|move|p1a: Staraptor|Protect|p1a: Staraptor
|-singleturn|p1a: Staraptor|Protect
|move|p2b: Scovillain|Protect|p2b: Scovillain
|-singleturn|p2b: Scovillain|Protect
|move|p1b: Kommo-o|Clanging Scales|p2b: Scovillain|[spread] p2a
|-activate|p2b: Scovillain|move: Protect
|-damage|p2a: Rotom|44/100
|-unboost|p1b: Kommo-o|def|1
|-damage|p1b: Kommo-o|0 fnt|[from] item: Life Orb
|faint|p1b: Kommo-o
|move|p2a: Rotom|Will-O-Wisp|p1a: Staraptor
|-activate|p1a: Staraptor|move: Protect
|
|upkeep
|
|t:|1786158223
|switch|p1b: Kingambit|Kingambit, L50, M|100/100
|turn|4
|
|t:|1786158237
|switch|p2b: Annihilape|Annihilape, L50, F|100/100
|move|p1a: Staraptor|Brave Bird|p2b: Annihilape
|-supereffective|p2b: Annihilape|1
|-damage|p2b: Annihilape|0 fnt
|faint|p2b: Annihilape
|-damage|p1a: Staraptor|63/100|[from] Recoil
|move|p2a: Rotom|Will-O-Wisp|p1a: Staraptor
|-status|p1a: Staraptor|brn
|move|p1b: Kingambit|Kowtow Cleave|p2a: Rotom
|-damage|p2a: Rotom|0 fnt
|faint|p2a: Rotom
|
|-damage|p1a: Staraptor|57/100 brn|[from] brn
|upkeep
|
|t:|1786158247
|switch|p2b: Scovillain|Scovillain-Mega, L50, M|44/100
|turn|5
|
|t:|1786158251
|move|p2b: Scovillain|Protect|p2b: Scovillain
|-singleturn|p2b: Scovillain|Protect
|move|p1a: Staraptor|Brave Bird|p2b: Scovillain
|-activate|p2b: Scovillain|move: Protect
|move|p1b: Kingambit|Kowtow Cleave|p2b: Scovillain
|-activate|p2b: Scovillain|move: Protect
|
|-damage|p1a: Staraptor|51/100 brn|[from] brn
|upkeep
|turn|6
|
|t:|1786158258
|move|p1b: Kingambit|Sucker Punch||[still]
|-fail|p1b: Kingambit
|move|p1a: Staraptor|Brave Bird|p2b: Scovillain
|-supereffective|p2b: Scovillain|1
|-damage|p2b: Scovillain|0 fnt
|faint|p2b: Scovillain
|-damage|p1a: Staraptor|38/100 brn|[from] Recoil
|
|win|ToastedArt
|raw|ToastedArt's rating: 1145 → 1178(+33 for winning)
|raw|J4yz1lla's rating: 1253 → 1220(-33 for losing)
