|j|☆whohackedmebruh
|j|☆stinkygiraffetow
|html|whohackedmebruhstinkygiraffetow    
|uhtml|bestof|Game 2 of a best-of-3
|t:|1782304138
|gametype|doubles
|player|p1|whohackedmebruh|102|1045
|player|p2|stinkygiraffetow|1|1049
|gen|9
|tier|[Gen 9 Champions] VGC 2026 Reg M-B (Bo3)
|rated|
|rule|Species Clause: Limit one of each Pokémon
|rule|Item Clause: Limit 1 of each item
|clearpoke
|poke|p1|Froslass, L50, F, shiny|
|poke|p1|Kingambit, L50, M, shiny|
|poke|p1|Glimmora, L50, F, shiny|
|poke|p1|Garchomp, L50, F, shiny|
|poke|p1|Incineroar, L50, F, shiny|
|poke|p1|Whimsicott, L50, F, shiny|
|poke|p2|Vivillon-Pokeball, L50, F|
|poke|p2|Gliscor, L50, F|
|poke|p2|Orthworm, L50, F|
|poke|p2|Sinistcha, L50|
|poke|p2|Incineroar, L50, F|
|poke|p2|Grimmsnarl, L50, M|
|teampreview|4
|showteam|p1|Froslass||Froslassite|CursedBody|AuroraVeil,Blizzard,ShadowBall,Protect|Modest||F|||50|]Kingambit||BlackGlasses|Defiant|SwordsDance,KowtowCleave,SuckerPunch,Protect|Adamant||M|||50|]Glimmora||FocusSash|ToxicDebris|PowerGem,SpikyShield,SludgeBomb,EarthPower|Timid||F|||50|]Garchomp||DragonFang|SandVeil|RockSlide,DragonClaw,StompingTantrum,Protect|Adamant||F|||50|]Incineroar||SitrusBerry|Intimidate|FakeOut,PartingShot,FlareBlitz,ThroatChop|Adamant||F|||50|]Whimsicott||FairyFeather|Prankster|Tailwind,Encore,Protect,Moonblast|Modest||F|||50|
|showteam|p2|Vivillon-Pokeball||FocusSash|CompoundEyes|Tailwind,PoisonPowder,SleepPowder,Protect|Timid||F|||50|]Gliscor||Leftovers|PoisonHeal|Earthquake,SwordsDance,Facade,Protect|Careful||F|||50|]Orthworm||BlackBelt|EarthEater|IronDefense,BodyPress,HelpingHand,Protect|Careful||F|||50|]Sinistcha||LightClay|Hospitality|Reflect,FoulPlay,LifeDew,Protect|Careful|||||50|]Incineroar||SitrusBerry|Intimidate|FakeOut,PartingShot,WillOWisp,Protect|Calm||F|||50|]Grimmsnarl||MentalHerb|Prankster|LightScreen,PartingShot,Taunt,Protect|Timid||M|||50|
|inactive|Battle timer is ON: inactive players will automatically lose when time's up. (requested by whohackedmebruh)
|
|t:|1782304177
|teamsize|p1|4
|teamsize|p2|4
|start
|switch|p1a: Froslass|Froslass, L50, F, shiny|100/100
|switch|p1b: Incineroar|Incineroar, L50, F, shiny|100/100
|switch|p2a: Incineroar|Incineroar, L50, F|100/100
|switch|p2b: Grimmsnarl|Grimmsnarl, L50, M|100/100
|-ability|p2a: Incineroar|Intimidate|boost
|-unboost|p1a: Froslass|atk|1
|-unboost|p1b: Incineroar|atk|1
|-ability|p1b: Incineroar|Intimidate|boost
|-unboost|p2a: Incineroar|atk|1
|-unboost|p2b: Grimmsnarl|atk|1
|turn|1
|inactive|stinkygiraffetow has 30 seconds left.
|
|t:|1782304210
|detailschange|p1a: Froslass|Froslass-Mega, L50, F, shiny
|-mega|p1a: Froslass|Froslass|Froslassite
|-weather|Snowscape|[from] ability: Snow Warning|[of] p1a: Froslass
|move|p1b: Incineroar|Fake Out|p2b: Grimmsnarl
|-damage|p2b: Grimmsnarl|90/100
|cant|p2b: Grimmsnarl|flinch
|move|p1a: Froslass|Aurora Veil|p1a: Froslass
|-sidestart|p1: whohackedmebruh|move: Aurora Veil
|move|p2a: Incineroar|Will-O-Wisp|p1a: Froslass
|-status|p1a: Froslass|brn
|
|-weather|Snowscape|[upkeep]
|-damage|p1a: Froslass|94/100 brn|[from] brn
|upkeep
|turn|2
|inactive|whohackedmebruh has 30 seconds left.
|inactive|whohackedmebruh has 20 seconds left.
|inactive|whohackedmebruh has 15 seconds left.
|inactive|whohackedmebruh has 10 seconds left.
|
|t:|1782304260
|switch|p1a: Glimmora|Glimmora, L50, F, shiny|100/100
|switch|p1b: Whimsicott|Whimsicott, L50, F, shiny|100/100
|move|p2b: Grimmsnarl|Parting Shot|p1a: Glimmora
|-unboost|p1a: Glimmora|atk|1
|-unboost|p1a: Glimmora|spa|1
|
|t:|1782304271
|switch|p2b: Orthworm|Orthworm, L50, F|100/100|[from] Parting Shot
|move|p2a: Incineroar|Parting Shot|p1a: Glimmora
|-unboost|p1a: Glimmora|atk|1
|-unboost|p1a: Glimmora|spa|1
|
|t:|1782304278
|switch|p2a: Grimmsnarl|Grimmsnarl, L50, M|90/100|[from] Parting Shot
|
|-weather|Snowscape|[upkeep]
|upkeep
|turn|3
|
|t:|1782304296
|switch|p1a: Incineroar|Incineroar, L50, F, shiny|100/100
|-ability|p1a: Incineroar|Intimidate|boost
|-unboost|p2a: Grimmsnarl|atk|1
|-unboost|p2b: Orthworm|atk|1
|move|p2a: Grimmsnarl|Taunt|p1b: Whimsicott
|-start|p1b: Whimsicott|move: Taunt
|move|p1b: Whimsicott|Moonblast|p2a: Grimmsnarl
|-supereffective|p2a: Grimmsnarl|1
|-damage|p2a: Grimmsnarl|9/100
|move|p2b: Orthworm|Body Press|p1a: Incineroar
|-supereffective|p1a: Incineroar|1
|-damage|p1a: Incineroar|60/100
|
|-weather|Snowscape|[upkeep]
|upkeep
|turn|4
|
|t:|1782304318
|move|p2a: Grimmsnarl|Protect|p2a: Grimmsnarl
|-singleturn|p2a: Grimmsnarl|Protect
|move|p1b: Whimsicott|Moonblast|p2a: Grimmsnarl
|-activate|p2a: Grimmsnarl|move: Protect
|move|p2b: Orthworm|Iron Defense|p2b: Orthworm
|-boost|p2b: Orthworm|def|2
|move|p1a: Incineroar|Flare Blitz|p2b: Orthworm
|-supereffective|p2b: Orthworm|1
|-damage|p2b: Orthworm|61/100
|-damage|p1a: Incineroar|50/100y|[from] Recoil
|-enditem|p1a: Incineroar|Sitrus Berry|[eat]
|-heal|p1a: Incineroar|75/100|[from] item: Sitrus Berry
|
|-weather|Snowscape|[upkeep]
|upkeep
|turn|5
|
|t:|1782304342
|move|p2a: Grimmsnarl|Parting Shot|p1a: Incineroar
|-hint|Since gen 7, Dark is immune to Prankster moves.
|-immune|p1a: Incineroar
|move|p1b: Whimsicott|Moonblast|p2a: Grimmsnarl
|-supereffective|p2a: Grimmsnarl|1
|-damage|p2a: Grimmsnarl|0 fnt
|faint|p2a: Grimmsnarl
|move|p2b: Orthworm|Body Press|p1b: Whimsicott
|-resisted|p1b: Whimsicott|1
|-damage|p1b: Whimsicott|75/100
|move|p1a: Incineroar|Flare Blitz|p2b: Orthworm
|-supereffective|p2b: Orthworm|1
|-damage|p2b: Orthworm|19/100
|-damage|p1a: Incineroar|64/100|[from] Recoil
|
|-weather|none
|-end|p1b: Whimsicott|move: Taunt
|-sideend|p1: whohackedmebruh|move: Aurora Veil
|upkeep
|c|☆stinkygiraffetow|i fogor
|c|☆whohackedmebruh|frf
|c|☆whohackedmebruh|fr
|
|t:|1782304358
|switch|p2a: Incineroar|Incineroar, L50, F|100/100
|-ability|p2a: Incineroar|Intimidate|boost
|-unboost|p1a: Incineroar|atk|1
|-unboost|p1b: Whimsicott|atk|1
|turn|6
|
|t:|1782304370
|switch|p2a: Gliscor|Gliscor, L50, F|100/100
|move|p2b: Orthworm|Protect|p2b: Orthworm
|-singleturn|p2b: Orthworm|Protect
|move|p1b: Whimsicott|Tailwind|p1b: Whimsicott
|-sidestart|p1: whohackedmebruh|move: Tailwind
|move|p1a: Incineroar|Parting Shot|p2b: Orthworm
|-activate|p2b: Orthworm|move: Protect
|
|upkeep
|turn|7
|
|t:|1782304392
|switch|p1b: Froslass|Froslass-Mega, L50, F, shiny|94/100 brn
|-weather|Snowscape|[from] ability: Snow Warning|[of] p1b: Froslass
|switch|p2b: Incineroar|Incineroar, L50, F|100/100
|-ability|p2b: Incineroar|Intimidate|boost
|-unboost|p1a: Incineroar|atk|1
|-unboost|p1b: Froslass|atk|1
|move|p1a: Incineroar|Flare Blitz|p2b: Incineroar
|-resisted|p2b: Incineroar|1
|-damage|p2b: Incineroar|88/100
|-damage|p1a: Incineroar|60/100|[from] Recoil
|move|p2a: Gliscor|Swords Dance|p2a: Gliscor
|-boost|p2a: Gliscor|atk|2
|
|-weather|Snowscape|[upkeep]
|-damage|p1b: Froslass|88/100 brn|[from] brn
|upkeep
|turn|8
|
|t:|1782304412
|switch|p2b: Orthworm|Orthworm, L50, F|19/100
|move|p1b: Froslass|Blizzard|p2a: Gliscor|[spread] p2a,p2b
|-supereffective|p2a: Gliscor|2
|-resisted|p2b: Orthworm|1
|-damage|p2a: Gliscor|0 fnt
|-damage|p2b: Orthworm|0 fnt
|faint|p2a: Gliscor
|faint|p2b: Orthworm
|move|p1a: Incineroar|Parting Shot|p2: Gliscor|[notarget]
|-fail|p1a: Incineroar
|
|-weather|Snowscape|[upkeep]
|-damage|p1b: Froslass|82/100 brn|[from] brn
|upkeep
|n|!stinkygiraffetow|stinkygiraffetow
|inactive|stinkygiraffetow has 30 seconds left.
|-message|stinkygiraffetow forfeited.
|
|win|whohackedmebruh
