|j|☆jeanryupr
|j|☆ChebyshevSG
|html|jeanryuprChebyshevSG    
|uhtml|bestof|Game 2 of a best-of-3
|t:|1785894056
|gametype|doubles
|player|p1|jeanryupr|169|1184
|player|p2|ChebyshevSG|cynthia-gen4|1248
|gen|9
|tier|[Gen 9 Champions] VGC 2026 Reg M-B (Bo3)
|rated|
|rule|Species Clause: Limit one of each Pokémon
|rule|Item Clause: Limit 1 of each item
|clearpoke
|poke|p1|Staraptor, L50, M|
|poke|p1|Glimmora, L50, F|
|poke|p1|Whimsicott, L50, F|
|poke|p1|Kingambit, L50, M|
|poke|p1|Garchomp, L50, M|
|poke|p1|Raichu, L50, M|
|poke|p2|Gengar, L50, M|
|poke|p2|Archaludon, L50, F|
|poke|p2|Politoed, L50, F|
|poke|p2|Swampert, L50, M|
|poke|p2|Vivillon, L50, F|
|poke|p2|Incineroar, L50, M|
|teampreview|4
|showteam|p1|Staraptor||Staraptite|Intimidate|CloseCombat,BraveBird,Roost,Protect|Jolly||M|||50|]Glimmora||FocusSash|ToxicDebris|PowerGem,SludgeBomb,EarthPower,SpikyShield|Modest||F|||50|]Whimsicott||OccaBerry|Prankster|Tailwind,Moonblast,Charm,LightScreen|Timid||F|||50|]Kingambit||ChopleBerry|Defiant|KowtowCleave,IronHead,LowKick,SuckerPunch|Adamant||M|||50|]Garchomp||LifeOrb|RoughSkin|Protect,DragonClaw,RockSlide,StompingTantrum|Adamant||M|||50|]Raichu||RaichuniteY|LightningRod|ZapCannon,FocusBlast,FakeOut,Protect|Timid||M|||50|
|showteam|p2|Gengar||Gengarite|CursedBody|ShadowBall,SludgeBomb,PerishSong,Protect|Modest||M|||50|]Archaludon||Leftovers|Stamina|ElectroShot,DragonPulse,FlashCannon,Protect|Bold||F|||50|]Politoed||SitrusBerry|Drizzle|WeatherBall,Hypnosis,PerishSong,Protect|Calm||F|||50|]Swampert||Swampertite|Torrent|WaveCrash,Earthquake,IcePunch,Protect|Adamant||M|||50|]Vivillon||FocusSash|CompoundEyes|Hurricane,SleepPowder,RagePowder,Protect|Timid||F|||50|]Incineroar||PasshoBerry|Intimidate|ThroatChop,FakeOut,PartingShot,Protect|Impish||M|||50|
|inactive|Battle timer is ON: inactive players will automatically lose when time's up. (requested by ChebyshevSG)
|inactive|jeanryupr has 60 seconds left.
|
|t:|1785894088
|teamsize|p1|4
|teamsize|p2|4
|start
|switch|p1a: Garchomp|Garchomp, L50, M|100/100
|switch|p1b: Raichu|Raichu, L50, M|100/100
|switch|p2a: Gengar|Gengar, L50, M|100/100
|switch|p2b: Vivillon|Vivillon, L50, F|100/100
|turn|1
|inactive|ChebyshevSG has 30 seconds left.
|
|t:|1785894118
|switch|p2b: Archaludon|Archaludon, L50, F|100/100
|detailschange|p2a: Gengar|Gengar-Mega, L50, M
|-mega|p2a: Gengar|Gengar|Gengarite
|move|p1b: Raichu|Fake Out|p2b: Archaludon
|-resisted|p2b: Archaludon|1
|-damage|p2b: Archaludon|97/100
|-ability|p2b: Archaludon|Stamina|boost
|-boost|p2b: Archaludon|def|1
|move|p2a: Gengar|Shadow Ball|p1b: Raichu
|-damage|p1b: Raichu|40/100
|move|p1a: Garchomp|Stomping Tantrum|p2a: Gengar
|-supereffective|p2a: Gengar|1
|-damage|p2a: Gengar|0 fnt
|faint|p2a: Gengar
|-damage|p1a: Garchomp|90/100|[from] item: Life Orb
|
|-heal|p2b: Archaludon|100/100|[from] item: Leftovers
|upkeep
|
|t:|1785894133
|switch|p2a: Vivillon|Vivillon, L50, F|100/100
|turn|2
|
|t:|1785894144
|detailschange|p1b: Raichu|Raichu-Mega-Y, L50, M
|-mega|p1b: Raichu|Raichu|Raichunite Y
|move|p1b: Raichu|Focus Blast|p2b: Archaludon
|-supereffective|p2b: Archaludon|1
|-damage|p2b: Archaludon|13/100
|-ability|p2b: Archaludon|Stamina|boost
|-boost|p2b: Archaludon|def|1
|move|p2a: Vivillon|Sleep Powder|p1a: Garchomp
|-status|p1a: Garchomp|slp|[from] move: Sleep Powder
|cant|p1a: Garchomp|slp
|move|p2b: Archaludon|Dragon Pulse|p1b: Raichu
|-damage|p1b: Raichu|0 fnt
|faint|p1b: Raichu
|
|-heal|p2b: Archaludon|19/100|[from] item: Leftovers
|upkeep
|
|t:|1785894154
|switch|p1b: Whimsicott|Whimsicott, L50, F|100/100
|turn|3
|
|t:|1785894167
|move|p1b: Whimsicott|Moonblast|p2b: Archaludon
|-damage|p2b: Archaludon|0 fnt
|faint|p2b: Archaludon
|move|p2a: Vivillon|Hurricane|p1b: Whimsicott
|-supereffective|p1b: Whimsicott|1
|-damage|p1b: Whimsicott|0 fnt
|faint|p1b: Whimsicott
|-curestatus|p1a: Garchomp|slp|[msg]
|move|p1a: Garchomp|Rock Slide|p2a: Vivillon
|-supereffective|p2a: Vivillon|2
|-enditem|p2a: Vivillon|Focus Sash
|-damage|p2a: Vivillon|1/100
|-damage|p1a: Garchomp|80/100|[from] item: Life Orb
|
|upkeep
|
|t:|1785894172
|switch|p1b: Glimmora|Glimmora, L50, F|100/100
|switch|p2b: Politoed|Politoed, L50, F|100/100
|-weather|RainDance|[from] ability: Drizzle|[of] p2b: Politoed
|turn|4
|
|t:|1785894186
|move|p2a: Vivillon|Protect|p2a: Vivillon
|-singleturn|p2a: Vivillon|Protect
|move|p1a: Garchomp|Rock Slide|p2b: Politoed|[spread] p2b
|-activate|p2a: Vivillon|move: Protect
|-damage|p2b: Politoed|73/100
|-damage|p1a: Garchomp|70/100|[from] item: Life Orb
|move|p1b: Glimmora|Sludge Bomb|p2b: Politoed
|-damage|p2b: Politoed|36/100
|-enditem|p2b: Politoed|Sitrus Berry|[eat]
|-heal|p2b: Politoed|61/100|[from] item: Sitrus Berry
|move|p2b: Politoed|Weather Ball|p1b: Glimmora
|-supereffective|p1b: Glimmora|1
|-enditem|p1b: Glimmora|Focus Sash
|-damage|p1b: Glimmora|1/100
|
|-weather|RainDance|[upkeep]
|upkeep
|turn|5
|inactive|jeanryupr has 30 seconds left.
|
|t:|1785894212
|move|p2a: Vivillon|Sleep Powder|p1a: Garchomp
|-status|p1a: Garchomp|slp|[from] move: Sleep Powder
|cant|p1a: Garchomp|slp
|move|p1b: Glimmora|Sludge Bomb|p2b: Politoed
|-damage|p2b: Politoed|21/100
|move|p2b: Politoed|Weather Ball|p1b: Glimmora
|-supereffective|p1b: Glimmora|1
|-damage|p1b: Glimmora|0 fnt
|faint|p1b: Glimmora
|
|-weather|RainDance|[upkeep]
|upkeep
|turn|6
|
|t:|1785894222
|move|p2a: Vivillon|Hurricane|p1a: Garchomp
|-damage|p1a: Garchomp|26/100 slp
|cant|p1a: Garchomp|slp
|move|p2b: Politoed|Weather Ball|p1a: Garchomp
|-damage|p1a: Garchomp|0 fnt
|faint|p1a: Garchomp
|
|win|ChebyshevSG
