|j|☆KodeBeast0526
|j|☆Jess(ie)a
|html|KodeBeast0526Jess(ie)a    
|uhtml|bestof|Game 1 of a best-of-3
|t:|1783471093
|gametype|doubles
|player|p1|KodeBeast0526|sailor|1154
|player|p2|Jess(ie)a|2|1097
|gen|9
|tier|[Gen 9 Champions] VGC 2026 Reg M-B (Bo3)
|rated|
|rule|Species Clause: Limit one of each Pokémon
|rule|Item Clause: Limit 1 of each item
|clearpoke
|poke|p1|Gengar, L50, M, shiny|
|poke|p1|Swampert, L50, F, shiny|
|poke|p1|Incineroar, L50, M, shiny|
|poke|p1|Politoed, L50, F, shiny|
|poke|p1|Archaludon, L50, M|
|poke|p1|Vivillon-Ocean, L50, M|
|poke|p2|Mawile, L50, M|
|poke|p2|Farigiraf, L50, F|
|poke|p2|Whimsicott, L50, F|
|poke|p2|Eelektross, L50, F|
|poke|p2|Orthworm, L50, F|
|poke|p2|Tinkaton, L50, F|
|teampreview|4
|showteam|p1|Gengar||Gengarite|CursedBody|ShadowBall,PerishSong,SludgeBomb,Protect|Timid||M|||50|]Swampert||Swampertite|Torrent|WaveCrash,Earthquake,IcePunch,Protect|Adamant||F|||50|]Incineroar||PasshoBerry|Intimidate|ThroatChop,PartingShot,FakeOut,Protect|Sassy||M|||50|]Politoed||SitrusBerry|Drizzle|WeatherBall,PerishSong,Encore,Protect|Calm||F|||50|]Archaludon||Leftovers|Stamina|DragonPulse,FlashCannon,ElectroShot,Protect|Bold||M|||50|]Vivillon-Ocean||FocusSash|CompoundEyes|Hurricane,SleepPowder,RagePowder,Protect|Timid||M|||50|
|showteam|p2|Mawile||Mawilite|Intimidate|IronHead,Protect,PlayRough,KnockOff|Brave||M|||50|]Farigiraf||MentalHerb|ArmorTail|TrickRoom,TwinBeam,AllySwitch,HelpingHand|Relaxed||F|||50|]Whimsicott||FocusSash|Prankster|TrickRoom,Tailwind,Protect,Moonblast|Timid||F|||50|]Eelektross||Eelektrossite|Levitate|Coil,SupercellSlam,DragonClaw,Protect|Adamant||F|||50|]Orthworm||SitrusBerry|EarthEater|ShedTail,HeavySlam,BodyPress,HighHorsepower|Careful||F|||50|]Tinkaton||OccaBerry|MoldBreaker|FakeOut,GigatonHammer,Feint,KnockOff|Jolly||F|||50|
|inactive|Battle timer is ON: inactive players will automatically lose when time's up. (requested by Jess(ie)a)
|inactive|Jess(ie)a has 60 seconds left.
|
|t:|1783471133
|teamsize|p1|4
|teamsize|p2|4
|start
|switch|p1a: Archaludon|Archaludon, L50, M|100/100
|switch|p1b: Politoed|Politoed, L50, F, shiny|100/100
|switch|p2a: Farigiraf|Farigiraf, L50, F|100/100
|switch|p2b: Orthworm|Orthworm, L50, F|100/100
|-weather|RainDance|[from] ability: Drizzle|[of] p1b: Politoed
|turn|1
|inactive|Jess(ie)a has 30 seconds left.
|
|t:|1783471161
|move|p1a: Archaludon|Electro Shot||[still]
|-prepare|p1a: Archaludon|Electro Shot
|-boost|p1a: Archaludon|spa|1
|-anim|p1a: Archaludon|Electro Shot|p2b: Orthworm
|-damage|p2b: Orthworm|36/100
|-enditem|p2b: Orthworm|Sitrus Berry|[eat]
|-heal|p2b: Orthworm|61/100|[from] item: Sitrus Berry
|move|p1b: Politoed|Weather Ball|p2b: Orthworm
|-damage|p2b: Orthworm|4/100
|move|p2b: Orthworm|Shed Tail|p2b: Orthworm
|-fail|p2b: Orthworm|move: Shed Tail|[weak]
|move|p2a: Farigiraf|Trick Room|p2a: Farigiraf
|-fieldstart|move: Trick Room|[of] p2a: Farigiraf
|
|-weather|RainDance|[upkeep]
|upkeep
|turn|2
|
|t:|1783471177
|move|p2a: Farigiraf|Helping Hand|p2b: Orthworm
|-singleturn|p2b: Orthworm|Helping Hand|[of] p2a: Farigiraf
|move|p2b: Orthworm|High Horsepower|p1a: Archaludon
|-supereffective|p1a: Archaludon|1
|-damage|p1a: Archaludon|59/100
|-ability|p1a: Archaludon|Stamina|boost
|-boost|p1a: Archaludon|def|1
|move|p1b: Politoed|Weather Ball|p2a: Farigiraf
|-damage|p2a: Farigiraf|56/100
|move|p1a: Archaludon|Electro Shot||[still]
|-prepare|p1a: Archaludon|Electro Shot
|-boost|p1a: Archaludon|spa|1
|-anim|p1a: Archaludon|Electro Shot|p2a: Farigiraf
|-damage|p2a: Farigiraf|0 fnt
|faint|p2a: Farigiraf
|
|-weather|RainDance|[upkeep]
|-heal|p1a: Archaludon|65/100|[from] item: Leftovers
|upkeep
|
|t:|1783471195
|switch|p2a: Mawile|Mawile, L50, M|100/100
|-ability|p2a: Mawile|Intimidate|boost
|-unboost|p1a: Archaludon|atk|1
|-unboost|p1b: Politoed|atk|1
|turn|3
|
|t:|1783471211
|detailschange|p2a: Mawile|Mawile-Mega, L50, M
|-mega|p2a: Mawile|Mawile|Mawilite
|move|p1a: Archaludon|Protect|p1a: Archaludon
|-singleturn|p1a: Archaludon|Protect
|move|p2a: Mawile|Play Rough|p1a: Archaludon
|-activate|p1a: Archaludon|move: Protect
|move|p2b: Orthworm|Body Press|p1a: Archaludon
|-activate|p1a: Archaludon|move: Protect
|move|p1b: Politoed|Weather Ball|p2b: Orthworm
|-damage|p2b: Orthworm|0 fnt
|faint|p2b: Orthworm
|
|-weather|RainDance|[upkeep]
|-heal|p1a: Archaludon|71/100|[from] item: Leftovers
|upkeep
|
|t:|1783471225
|switch|p2b: Tinkaton|Tinkaton, L50, F|100/100
|-ability|p2b: Tinkaton|Mold Breaker
|turn|4
|
|t:|1783471241
|switch|p1b: Vivillon|Vivillon-Ocean, L50, M|100/100
|move|p2b: Tinkaton|Fake Out|p1b: Vivillon
|-damage|p1b: Vivillon|81/100
|move|p2a: Mawile|Play Rough|p1a: Archaludon
|-damage|p1a: Archaludon|35/100
|-ability|p1a: Archaludon|Stamina|boost
|-boost|p1a: Archaludon|def|1
|move|p1a: Archaludon|Electro Shot||[still]
|-prepare|p1a: Archaludon|Electro Shot
|-boost|p1a: Archaludon|spa|1
|-anim|p1a: Archaludon|Electro Shot|p2a: Mawile
|-damage|p2a: Mawile|1/100
|
|-weather|RainDance|[upkeep]
|-heal|p1a: Archaludon|41/100|[from] item: Leftovers
|upkeep
|turn|5
|
|t:|1783471259
|move|p1a: Archaludon|Protect|p1a: Archaludon
|-singleturn|p1a: Archaludon|Protect
|move|p2b: Tinkaton|Feint|p1a: Archaludon
|-activate|p1a: Archaludon|move: Feint
|-resisted|p1a: Archaludon|1
|-damage|p1a: Archaludon|39/100
|-ability|p1a: Archaludon|Stamina|boost
|-boost|p1a: Archaludon|def|1
|move|p2a: Mawile|Play Rough|p1a: Archaludon
|-damage|p1a: Archaludon|16/100
|-ability|p1a: Archaludon|Stamina|boost
|-boost|p1a: Archaludon|def|1
|move|p1b: Vivillon|Hurricane|p2b: Tinkaton
|-resisted|p2b: Tinkaton|1
|-damage|p2b: Tinkaton|75/100
|-start|p2b: Tinkaton|confusion
|
|-weather|none
|-heal|p1a: Archaludon|22/100|[from] item: Leftovers
|-fieldend|move: Trick Room
|upkeep
|turn|6
|inactive|Jess(ie)a has 30 seconds left.
|
|t:|1783471284
|switch|p1b: Politoed|Politoed, L50, F, shiny|100/100
|-weather|RainDance|[from] ability: Drizzle|[of] p1b: Politoed
|-activate|p2b: Tinkaton|confusion
|move|p2b: Tinkaton|Feint|p1b: Politoed
|-damage|p1b: Politoed|92/100
|move|p1a: Archaludon|Flash Cannon|p2b: Tinkaton
|-damage|p2b: Tinkaton|0 fnt
|faint|p2b: Tinkaton
|move|p2a: Mawile|Play Rough|p1a: Archaludon
|-damage|p1a: Archaludon|1/100
|-ability|p1a: Archaludon|Stamina|boost
|-boost|p1a: Archaludon|def|1
|
|-weather|RainDance|[upkeep]
|-heal|p1a: Archaludon|7/100|[from] item: Leftovers
|upkeep
|turn|7
|
|t:|1783471301
|move|p1a: Archaludon|Flash Cannon|p2a: Mawile
|-damage|p2a: Mawile|0 fnt
|faint|p2a: Mawile
|
|win|KodeBeast0526
