|j|☆FwBug_Arsenal
|j|☆icemanwasfire
|html|FwBug_Arsenalicemanwasfire    
|uhtml|bestof|Game 2 of a best-of-3
|t:|1782277900
|gametype|doubles
|player|p1|FwBug_Arsenal|2|
|player|p2|icemanwasfire|maid|
|gen|9
|tier|[Gen 9 Champions] VGC 2026 Reg M-B (Bo3)
|rule|Species Clause: Limit one of each Pokémon
|rule|Item Clause: Limit 1 of each item
|clearpoke
|poke|p1|Ampharos, L50, F|
|poke|p1|Excadrill, L50, F|
|poke|p1|Raichu, L50, F|
|poke|p1|Azumarill, L50, M|
|poke|p1|Venusaur, L50, M|
|poke|p1|Armarouge, L50, F|
|poke|p2|Ceruledge, L50, F|
|poke|p2|Meowscarada, L50, F|
|poke|p2|Empoleon, L50, F, shiny|
|poke|p2|Glimmora, L50, M|
|poke|p2|Corviknight, L50, M, shiny|
|poke|p2|Forretress, L50, M|
|teampreview|4
|showteam|p1|Ampharos||Ampharosite|Static|RisingVoltage,DragonPulse,Protect,ParabolicCharge|Modest||F|||50|]Excadrill||Leftovers|SandForce|HighHorsepower,IronHead,Protect,RockSlide|Adamant||F|||50|]Raichu||IronBall|LightningRod|FakeOut,ElectricTerrain,VoltSwitch,Protect|Relaxed||F|||50|]Azumarill||WacanBerry|HugePower|Liquidation,PlayRough,Protect,HelpingHand|Adamant||M|||50|]Venusaur||Venusaurite|Chlorophyll|EarthPower,GigaDrain,SludgeBomb,Protect|Modest||M|||50|]Armarouge||FocusSash|FlashFire|HeatWave,Psychic,Protect,TrickRoom|Modest||F|||50|
|showteam|p2|Ceruledge||Charcoal|WeakArmor|BitterBlade,BulkUp,CloseCombat,QuickGuard|Jolly||F|||50|]Meowscarada||FocusSash|Protean|FlowerTrick,TrickRoom,PowerGem,Uturn|Jolly||F|||50|]Empoleon||ShellBell|Competitive|FlashCannon,Roar,Surf,IceBeam|Modest||F|||50|]Glimmora||Glimmoranite|ToxicDebris|SludgeWave,PowerGem,Reflect,Protect|Timid||M|||50|]Corviknight||Leftovers|MirrorArmor|Tailwind,FakeTears,DualWingbeat,IronDefense|Careful||M|||50|]Forretress||WhiteHerb|Sturdy|Substitute,GyroBall,EarthPower,VoltSwitch|Relaxed||M|||50|
|inactive|Battle timer is ON: inactive players will automatically lose when time's up. (requested by FwBug_Arsenal)
|
|t:|1782277913
|teamsize|p1|4
|teamsize|p2|4
|start
|switch|p1a: Raichu|Raichu, L50, F|100/100
|switch|p1b: Blood Vessel|Armarouge, L50, F|100/100
|switch|p2a: lotus|Ceruledge, L50, F|100/100
|switch|p2b: brucedoubleduece|Glimmora, L50, M|100/100
|turn|1
|inactive|FwBug_Arsenal has 30 seconds left.
|inactive|icemanwasfire has 30 seconds left.
|inactive|icemanwasfire has 20 seconds left.
|inactive|icemanwasfire has 15 seconds left.
|
|t:|1782277953
|detailschange|p2b: brucedoubleduece|Glimmora-Mega, L50, M
|-mega|p2b: brucedoubleduece|Glimmora|Glimmoranite
|move|p2a: lotus|Quick Guard|p2a: lotus
|-singleturn|p2a: lotus|Quick Guard
|move|p1a: Raichu|Fake Out|p2b: brucedoubleduece
|-activate|p2b: brucedoubleduece|move: Quick Guard
|move|p2b: brucedoubleduece|Power Gem|p1b: Blood Vessel
|-supereffective|p1b: Blood Vessel|1
|-enditem|p1b: Blood Vessel|Focus Sash
|-damage|p1b: Blood Vessel|1/100
|move|p1b: Blood Vessel|Trick Room|p1b: Blood Vessel
|-fieldstart|move: Trick Room|[of] p1b: Blood Vessel
|
|upkeep
|turn|2
|
|t:|1782277969
|move|p2b: brucedoubleduece|Protect|p2b: brucedoubleduece
|-singleturn|p2b: brucedoubleduece|Protect
|move|p1a: Raichu|Electric Terrain|p1a: Raichu
|-fieldstart|move: Electric Terrain
|move|p1b: Blood Vessel|Psychic|p2b: brucedoubleduece
|-activate|p2b: brucedoubleduece|move: Protect
|move|p2a: lotus|Bulk Up|p2a: lotus
|-boost|p2a: lotus|atk|1
|-boost|p2a: lotus|def|1
|
|upkeep
|turn|3
|c|☆FwBug_Arsenal|nice
|
|t:|1782277987
|move|p1a: Raichu|Volt Switch|p2a: lotus
|-damage|p2a: lotus|61/100
|
|t:|1782277996
|switch|p1a: Hoei|Ampharos, L50, F|100/100|[from] Volt Switch
|move|p1b: Blood Vessel|Psychic|p2b: brucedoubleduece
|-supereffective|p2b: brucedoubleduece|1
|-damage|p2b: brucedoubleduece|0 fnt
|faint|p2b: brucedoubleduece
|move|p2a: lotus|Close Combat|p1a: Hoei
|-damage|p1a: Hoei|43/100
|-unboost|p2a: lotus|def|1
|-unboost|p2a: lotus|spd|1
|-status|p2a: lotus|par|[from] ability: Static|[of] p1a: Hoei
|
|upkeep
|
|t:|1782278008
|switch|p2b: lolz|Corviknight, L50, M, shiny|100/100
|turn|4
|inactive|FwBug_Arsenal has 30 seconds left.
|
|t:|1782278033
|detailschange|p1a: Hoei|Ampharos-Mega, L50, F
|-mega|p1a: Hoei|Ampharos|Ampharosite
|-ability|p1a: Hoei|Mold Breaker
|move|p1b: Blood Vessel|Protect|p1b: Blood Vessel
|-singleturn|p1b: Blood Vessel|Protect
|move|p1a: Hoei|Parabolic Charge|p2b: lolz|[spread] p2a,p2b
|-activate|p1b: Blood Vessel|move: Protect
|-supereffective|p2b: lolz|1
|-damage|p2a: lotus|0 fnt
|-heal|p1a: Hoei|68/100|[from] drain|[of] p2a: lotus
|-damage|p2b: lolz|41/100
|-heal|p1a: Hoei|98/100|[from] drain|[of] p2b: lolz
|faint|p2a: lotus
|move|p2b: lolz|Dual Wingbeat|p1a: Hoei
|-resisted|p1a: Hoei|1
|-damage|p1a: Hoei|92/100
|-resisted|p1a: Hoei|1
|-damage|p1a: Hoei|87/100
|-hitcount|p1a: Hoei|2
|
|-heal|p2b: lolz|47/100|[from] item: Leftovers
|upkeep
|
|t:|1782278050
|switch|p2a: yuya|Meowscarada, L50, F|100/100
|turn|5
|
|t:|1782278059
|move|p1a: Hoei|Rising Voltage|p2a: yuya
|-hint|Rising Voltage's BP doubled on grounded target.
|-resisted|p2a: yuya|1
|-enditem|p2a: yuya|Focus Sash
|-damage|p2a: yuya|1/100
|move|p2b: lolz|Dual Wingbeat|p1b: Blood Vessel
|-damage|p1b: Blood Vessel|0 fnt
|faint|p1b: Blood Vessel
|-hitcount|p1: Blood Vessel|1
|move|p2a: yuya|Power Gem|p1a: Hoei
|-start|p2a: yuya|typechange|Rock|[from] ability: Protean
|-damage|p1a: Hoei|70/100
|
|-heal|p2b: lolz|53/100|[from] item: Leftovers
|-fieldend|move: Trick Room
|upkeep
|
|t:|1782278070
|switch|p1b: Excadrill|Excadrill, L50, F|100/100
|turn|6
|
|t:|1782278077
|move|p2a: yuya|Flower Trick|p1b: Excadrill
|-crit|p1b: Excadrill
|-damage|p1b: Excadrill|60/100
|move|p1b: Excadrill|Rock Slide|p2a: yuya|[spread] p2a,p2b
|-damage|p2a: yuya|0 fnt
|-damage|p2b: lolz|33/100
|faint|p2a: yuya
|cant|p2b: lolz|flinch
|move|p1a: Hoei|Parabolic Charge|p2b: lolz|[spread] p2b
|-immune|p1b: Excadrill
|-supereffective|p2b: lolz|1
|-damage|p2b: lolz|0 fnt
|-heal|p1a: Hoei|87/100|[from] drain|[of] p2b: lolz
|faint|p2b: lolz
|
|win|FwBug_Arsenal
|l|☆icemanwasfire
|player|p2|
|c|☆FwBug_Arsenal|ggs
