|j|☆giby0520
|j|☆marcosdeltasena31
|html|giby0520marcosdeltasena31    
|uhtml|bestof|Game 1 of a best-of-3
|t:|1786147740
|gametype|doubles
|player|p1|giby0520|benga|1237
|player|p2|marcosdeltasena31|hilbert|1338
|gen|9
|tier|[Gen 9 Champions] VGC 2026 Reg M-B (Bo3)
|rated|
|rule|Species Clause: Limit one of each Pokémon
|rule|Item Clause: Limit 1 of each item
|clearpoke
|poke|p1|Staraptor, L50, M|
|poke|p1|Garchomp, L50, M|
|poke|p1|Whimsicott, L50, M|
|poke|p1|Delphox, L50, M|
|poke|p1|Glimmora, L50, M|
|poke|p1|Kingambit, L50, M|
|poke|p2|Staraptor, L50, M|
|poke|p2|Delphox, L50, F|
|poke|p2|Whimsicott, L50, F|
|poke|p2|Glimmora, L50, F|
|poke|p2|Garchomp, L50, M|
|poke|p2|Kingambit, L50, F|
|teampreview|4
|showteam|p1|Staraptor||Staraptite|Intimidate|Protect,Roost,CloseCombat,BraveBird|Jolly||M|||50|]Garchomp||LifeOrb|RoughSkin|Protect,RockSlide,Earthquake,DragonClaw|Jolly||M|||50|]Whimsicott||OccaBerry|Prankster|Moonblast,Tailwind,Charm,LightScreen|Timid||M|||50|]Delphox||Delphoxite|Blaze|Protect,Psychic,HeatWave,Substitute|Timid||M|||50|]Glimmora||FocusSash|ToxicDebris|SpikyShield,SludgeBomb,EarthPower,PowerGem|Timid||M|||50|]Kingambit||ChopleBerry|Defiant|SuckerPunch,LowKick,IronHead,KowtowCleave|Adamant||M|||50|
|showteam|p2|Staraptor||Staraptite|Intimidate|Protect,Roost,CloseCombat,BraveBird|Jolly||M|||50|]Delphox||Delphoxite|Magician|Protect,Psychic,HeatWave,Substitute|Timid||F|||50|]Whimsicott||OccaBerry|Prankster|Moonblast,Tailwind,Charm,LightScreen|Timid||F|||50|]Glimmora||FocusSash|ToxicDebris|SpikyShield,SludgeBomb,EarthPower,PowerGem|Timid||F|||50|]Garchomp||LifeOrb|RoughSkin|Protect,RockSlide,Earthquake,DragonClaw|Jolly||M|||50|]Kingambit||ChopleBerry|Defiant|SuckerPunch,LowKick,IronHead,KowtowCleave|Adamant||F|||50|
|inactive|Battle timer is ON: inactive players will automatically lose when time's up. (requested by giby0520)
|inactive|giby0520 has 60 seconds left.
|
|t:|1786147786
|teamsize|p1|4
|teamsize|p2|4
|start
|switch|p1a: Whimsicott|Whimsicott, L50, M|100/100
|switch|p1b: Staraptor|Staraptor, L50, M|100/100
|switch|p2a: Delphox|Delphox, L50, F|100/100
|switch|p2b: Whimsicott|Whimsicott, L50, F|100/100
|-ability|p1b: Staraptor|Intimidate|boost
|-unboost|p2a: Delphox|atk|1
|-unboost|p2b: Whimsicott|atk|1
|turn|1
|
|t:|1786147800
|detailschange|p2a: Delphox|Delphox-Mega, L50, F
|-mega|p2a: Delphox|Delphox|Delphoxite
|move|p1a: Whimsicott|Light Screen|p1a: Whimsicott
|-sidestart|p1: giby0520|move: Light Screen
|move|p2b: Whimsicott|Tailwind|p2b: Whimsicott
|-sidestart|p2: marcosdeltasena31|move: Tailwind
|move|p2a: Delphox|Heat Wave|p1a: Whimsicott|[spread] p1a,p1b
|-supereffective|p1a: Whimsicott|1
|-enditem|p1a: Whimsicott|Occa Berry|[eat]
|-enditem|p1a: Whimsicott|Occa Berry|[weaken]
|-damage|p1a: Whimsicott|60/100
|-damage|p1b: Staraptor|62/100
|move|p1b: Staraptor|Brave Bird|p2b: Whimsicott
|-supereffective|p2b: Whimsicott|1
|-damage|p2b: Whimsicott|0 fnt
|faint|p2b: Whimsicott
|-damage|p1b: Staraptor|33/100|[from] Recoil
|
|upkeep
|
|t:|1786147812
|switch|p2b: Garchomp|Garchomp, L50, M|100/100
|turn|2
|
|t:|1786147834
|switch|p1b: Glimmora|Glimmora, L50, M|100/100
|move|p1a: Whimsicott|Tailwind|p1a: Whimsicott
|-sidestart|p1: giby0520|move: Tailwind
|move|p2a: Delphox|Heat Wave|p1a: Whimsicott|[spread] p1a,p1b
|-supereffective|p1a: Whimsicott|1
|-crit|p1a: Whimsicott
|-resisted|p1b: Glimmora|1
|-damage|p1a: Whimsicott|0 fnt
|-damage|p1b: Glimmora|81/100
|faint|p1a: Whimsicott
|move|p2b: Garchomp|Rock Slide|p1b: Glimmora|[miss]
|-miss|p2b: Garchomp|p1b: Glimmora
|
|upkeep
|
|t:|1786147845
|switch|p1a: Staraptor|Staraptor, L50, M|33/100
|-ability|p1a: Staraptor|Intimidate|boost
|-unboost|p2a: Delphox|atk|1
|-unboost|p2b: Garchomp|atk|1
|turn|3
|
|t:|1786147855
|detailschange|p1a: Staraptor|Staraptor-Mega, L50, M
|-mega|p1a: Staraptor|Staraptor|Staraptite
|move|p2a: Delphox|Psychic|p1a: Staraptor
|-supereffective|p1a: Staraptor|1
|-damage|p1a: Staraptor|0 fnt
|faint|p1a: Staraptor
|move|p2b: Garchomp|Earthquake|p1b: Glimmora|[spread] p1b
|-immune|p2a: Delphox|[from] ability: Levitate
|-supereffective|p1b: Glimmora|2
|-damage|p1b: Glimmora|0 fnt
|-activate|p1b: Glimmora|ability: Toxic Debris
|-sidestart|p2: marcosdeltasena31|move: Toxic Spikes
|faint|p1b: Glimmora
|-damage|p2b: Garchomp|90/100|[from] item: Life Orb
|
|upkeep
|
|t:|1786147862
|switch|p1b: Garchomp|Garchomp, L50, M|100/100
|turn|4
|
|t:|1786147868
|move|p2a: Delphox|Psychic|p1b: Garchomp
|-damage|p1b: Garchomp|63/100
|move|p1b: Garchomp|Rock Slide|p2b: Garchomp|[spread] p2a,p2b
|-supereffective|p2a: Delphox|1
|-resisted|p2b: Garchomp|1
|-damage|p2a: Delphox|36/100
|-damage|p2b: Garchomp|77/100
|-damage|p1b: Garchomp|54/100|[from] item: Life Orb
|cant|p2b: Garchomp|flinch
|
|-sideend|p2: marcosdeltasena31|move: Tailwind
|upkeep
|turn|5
|
|t:|1786147877
|move|p1b: Garchomp|Dragon Claw|p2b: Garchomp
|-supereffective|p2b: Garchomp|1
|-damage|p2b: Garchomp|0 fnt
|-damage|p1b: Garchomp|42/100|[from] ability: Rough Skin|[of] p2b: Garchomp
|faint|p2b: Garchomp
|-damage|p1b: Garchomp|32/100|[from] item: Life Orb
|move|p2a: Delphox|Psychic|p1b: Garchomp
|-damage|p1b: Garchomp|0 fnt
|faint|p1b: Garchomp
|
|win|marcosdeltasena31
||giby0520 is ready for game 2.
||marcosdeltasena31 is ready for game 2.
|uhtml|next|Next: Game 2 of 3
|l|☆marcosdeltasena31
|player|p2|
