|j|☆EnzoPS
|j|☆cybearaze
|html|EnzoPScybearaze    
|uhtml|bestof|Game 1 of a best-of-3
|t:|1757784578
|gametype|doubles
|player|p1|EnzoPS|cynthia-gen4|1113
|player|p2|cybearaze|266|1030
|gen|9
|tier|[Gen 9] VGC 2025 Reg H (Bo3)
|rated|
|rule|Species Clause: Limit one of each Pokémon
|rule|Item Clause: Limit 1 of each item
|clearpoke
|poke|p1|Pelipper, L50, M|
|poke|p1|Amoonguss, L50, F|
|poke|p1|Archaludon, L50, M|
|poke|p1|Basculegion, L50, M|
|poke|p1|Gholdengo, L50|
|poke|p1|Incineroar, L50, F|
|poke|p2|Hippowdon, L50, F|
|poke|p2|Tyranitar, L50, F|
|poke|p2|Excadrill, L50, F|
|poke|p2|Kilowattrel, L50, M|
|poke|p2|Garchomp, L50, F|
|poke|p2|Gardevoir, L50, M|
|teampreview|4
|showteam|p1|Pelipper||FocusSash|Drizzle|Protect,WeatherBall,Hurricane,Tailwind|||M|||50|,,,,,Ground]Amoonguss||SitrusBerry|Regenerator|Protect,Spore,RagePowder,PollenPuff|||F|||50|,,,,,Water]Archaludon||AssaultVest|Stamina|DragonPulse,ElectroShot,FlashCannon,BodyPress|||M|||50|,,,,,Grass]Basculegion||ChoiceBand|SwiftSwim|FlipTurn,WaveCrash,AquaJet,LastRespects|||M|||50|,,,,,Grass]Gholdengo||LifeOrb|GoodasGold|Protect,MakeItRain,ShadowBall,NastyPlot||||||50|,,,,,Water]Incineroar||SafetyGoggles|Intimidate|FlareBlitz,KnockOff,PartingShot,FakeOut|||F|||50|,,,,,Ghost
|showteam|p2|Hippowdon||Leftovers|SandStream|Earthquake,Yawn,BodyPress,SlackOff|||F|||50|,,,,,Rock]Tyranitar||AssaultVest|SandStream|RockBlast,KnockOff,Earthquake,IronHead|||F|||50|,,,,,Ghost]Excadrill||FocusSash|SandRush|Earthquake,SwordsDance,IronHead,Protect|||F|||50|,,,,,Ground]Kilowattrel||SafetyGoggles|WindPower|Discharge,Tailwind,VoltSwitch,AirSlash|||M|||50|,,,,,Electric]Garchomp||BrightPowder|SandVeil|Earthquake,DragonClaw,RockSlide,PoisonJab|||F|||50|,,,,,Dragon]Gardevoir||ChoiceScarf|Telepathy|DazzlingGleam,Moonblast,MysticalFire,Psychic|||M|||50|,,,,,Fairy
|
|t:|1757784609
|teamsize|p1|4
|teamsize|p2|4
|start
|switch|p1a: Pelipper|Pelipper, L50, M, shiny|100/100
|switch|p1b: Basculegion|Basculegion, L50, M|100/100
|switch|p2a: Tyranitar|Tyranitar, L50, F|100/100
|switch|p2b: Kilowattrel|Kilowattrel, L50, M|100/100
|-weather|RainDance|[from] ability: Drizzle|[of] p1a: Pelipper
|-weather|Sandstorm|[from] ability: Sand Stream|[of] p2a: Tyranitar
|turn|1
|
|t:|1757784630
|switch|p1b: Amoonguss|Amoonguss, L50, F|100/100
|switch|p1a: Archaludon|Archaludon, L50, M|100/100
|move|p2b: Kilowattrel|Discharge|p1b: Amoonguss|[spread] p2a,p1a,p1b
|-resisted|p1a: Archaludon
|-crit|p1a: Archaludon
|-resisted|p1b: Amoonguss
|-damage|p2a: Tyranitar|90/100
|-damage|p1a: Archaludon|84/100
|-damage|p1b: Amoonguss|90/100
|-status|p1a: Archaludon|par
|-status|p1b: Amoonguss|par
|-ability|p1a: Archaludon|Stamina|boost
|-boost|p1a: Archaludon|def|1
|move|p2a: Tyranitar|Earthquake|p1a: Archaludon|[spread] p1a,p1b
|-immune|p2b: Kilowattrel
|-supereffective|p1a: Archaludon
|-damage|p1a: Archaludon|63/100 par
|-damage|p1b: Amoonguss|73/100 par
|-ability|p1a: Archaludon|Stamina|boost
|-boost|p1a: Archaludon|def|1
|
|-weather|Sandstorm|[upkeep]
|-damage|p1b: Amoonguss|67/100 par|[from] Sandstorm
|upkeep
|turn|2
|c|☆EnzoPS|ah
|
|t:|1757784690
|move|p1b: Amoonguss|Protect|p1b: Amoonguss
|-singleturn|p1b: Amoonguss|Protect
|move|p2b: Kilowattrel|Air Slash|p1b: Amoonguss
|-activate|p1b: Amoonguss|move: Protect
|move|p2a: Tyranitar|Knock Off|p1b: Amoonguss
|-activate|p1b: Amoonguss|move: Protect
|move|p1a: Archaludon|Body Press|p2a: Tyranitar
|-supereffective|p2a: Tyranitar
|-damage|p2a: Tyranitar|0 fnt
|faint|p2a: Tyranitar
|
|-weather|Sandstorm|[upkeep]
|-damage|p1b: Amoonguss|61/100 par|[from] Sandstorm
|upkeep
|
|t:|1757784704
|switch|p2a: Excadrill|Excadrill, L50, F|100/100
|turn|3
|
|t:|1757784717
|switch|p1b: Pelipper|Pelipper, L50, M, shiny|100/100
|-weather|RainDance|[from] ability: Drizzle|[of] p1b: Pelipper
|-terastallize|p1a: Archaludon|Grass
|move|p2b: Kilowattrel|Air Slash|p1b: Pelipper
|-damage|p1b: Pelipper|44/100
|move|p2a: Excadrill|Swords Dance|p2a: Excadrill
|-boost|p2a: Excadrill|atk|2
|move|p1a: Archaludon|Electro Shot||[still]
|-prepare|p1a: Archaludon|Electro Shot
|-boost|p1a: Archaludon|spa|1
|-anim|p1a: Archaludon|Electro Shot|p2b: Kilowattrel
|-damage|p2b: Kilowattrel|14/100
|
|-weather|RainDance|[upkeep]
|upkeep
|turn|4
|
|t:|1757784740
|switch|p1a: Amoonguss|Amoonguss, L50, F|94/100 par
|move|p1b: Pelipper|Protect|p1b: Pelipper
|-singleturn|p1b: Pelipper|Protect
|move|p2b: Kilowattrel|Discharge|p1b: Pelipper|[spread] p1a
|-activate|p1b: Pelipper|move: Protect
|-immune|p2a: Excadrill
|-resisted|p1a: Amoonguss
|-damage|p1a: Amoonguss|83/100 par
|move|p2a: Excadrill|Earthquake|p1a: Amoonguss|[spread] p1a
|-activate|p1b: Pelipper|move: Protect
|-immune|p2b: Kilowattrel
|-damage|p1a: Amoonguss|18/100 par
|-enditem|p1a: Amoonguss|Sitrus Berry|[eat]
|-heal|p1a: Amoonguss|43/100 par|[from] item: Sitrus Berry
|
|-weather|RainDance|[upkeep]
|upkeep
|turn|5
|
|t:|1757784766
|switch|p1b: Archaludon|Archaludon, L50, M, tera:Grass|63/100 par
|move|p2b: Kilowattrel|Discharge|p1a: Amoonguss|[spread] p1a,p1b
|-immune|p2a: Excadrill
|-resisted|p1a: Amoonguss
|-resisted|p1b: Archaludon
|-damage|p1a: Amoonguss|32/100 par
|-damage|p1b: Archaludon|52/100 par
|-ability|p1b: Archaludon|Stamina|boost
|-boost|p1b: Archaludon|def|1
|move|p2a: Excadrill|Swords Dance|p2a: Excadrill
|-boost|p2a: Excadrill|atk|2
|move|p1a: Amoonguss|Spore|p2a: Excadrill
|-status|p2a: Excadrill|slp|[from] move: Spore
|
|-weather|RainDance|[upkeep]
|upkeep
|turn|6
|
|t:|1757784788
|move|p1a: Amoonguss|Protect|p1a: Amoonguss
|-singleturn|p1a: Amoonguss|Protect
|move|p2b: Kilowattrel|Air Slash|p1b: Archaludon
|-supereffective|p1b: Archaludon
|-damage|p1b: Archaludon|4/100 par
|-ability|p1b: Archaludon|Stamina|boost
|-boost|p1b: Archaludon|def|1
|cant|p2a: Excadrill|slp
|cant|p1b: Archaludon|par
|
|-weather|RainDance|[upkeep]
|upkeep
|turn|7
|
|t:|1757784801
|move|p2b: Kilowattrel|Air Slash|p1b: Archaludon
|-supereffective|p1b: Archaludon
|-damage|p1b: Archaludon|0 fnt
|faint|p1b: Archaludon
|cant|p2a: Excadrill|slp
|cant|p1a: Amoonguss|par
|
|-weather|none
|upkeep
|
|t:|1757784808
|switch|p1b: Basculegion|Basculegion, L50, M|100/100
|turn|8
|
|t:|1757784817
|switch|p1a: Pelipper|Pelipper, L50, M, shiny|44/100
|-weather|RainDance|[from] ability: Drizzle|[of] p1a: Pelipper
|move|p1b: Basculegion|Flip Turn|p2a: Excadrill
|-supereffective|p2a: Excadrill
|-enditem|p2a: Excadrill|Focus Sash
|-damage|p2a: Excadrill|1/100 slp
|
|t:|1757784825
|switch|p1b: Amoonguss|Amoonguss, L50, F|65/100 par|[from] Flip Turn
|move|p2b: Kilowattrel|Discharge|p1b: Amoonguss|[spread] p1a,p1b
|-immune|p2a: Excadrill
|-supereffective|p1a: Pelipper
|-resisted|p1b: Amoonguss
|-damage|p1a: Pelipper|0 fnt
|-damage|p1b: Amoonguss|55/100 par
|faint|p1a: Pelipper
|-curestatus|p2a: Excadrill|slp|[msg]
|move|p2a: Excadrill|Earthquake|p1b: Amoonguss|[spread] p1b
|-immune|p2b: Kilowattrel
|-damage|p1b: Amoonguss|0 fnt
|faint|p1b: Amoonguss
|
|-weather|RainDance|[upkeep]
|upkeep
|
|t:|1757784831
|switch|p1a: Basculegion|Basculegion, L50, M|100/100
|turn|9
|
|t:|1757784845
|move|p1a: Basculegion|Last Respects|p2b: Kilowattrel
|-damage|p2b: Kilowattrel|0 fnt
|faint|p2b: Kilowattrel
|move|p2a: Excadrill|Earthquake|p1a: Basculegion
|-damage|p1a: Basculegion|0 fnt
|faint|p1a: Basculegion
|
|win|cybearaze
||EnzoPS is ready for game 2.
||cybearaze is ready for game 2.
|uhtml|next|Next: Game 2 of 3
