|j|☆Andrewx98
|j|☆hungry hillo
|html|Andrewx98hungry hillo    
|uhtml|bestof|Game 1 of a best-of-3
|t:|1756967893
|gametype|doubles
|player|p1|Andrewx98|youngster-gen4dp|1045
|player|p2|hungry hillo|n|1099
|gen|9
|tier|[Gen 9] VGC 2025 Reg H (Bo3)
|rated|
|rule|Species Clause: Limit one of each Pokémon
|rule|Item Clause: Limit 1 of each item
|clearpoke
|poke|p1|Slowking, L50, M|
|poke|p1|Toxicroak, L50, F|
|poke|p1|Kingdra, L50, F|
|poke|p1|Bronzong, L50|
|poke|p1|Pelipper, L50, M|
|poke|p1|Amoonguss, L50, M|
|poke|p2|Kingambit, L50, M|
|poke|p2|Electabuzz, L50, M|
|poke|p2|Ursaluna-Bloodmoon, L50, M|
|poke|p2|Incineroar, L50, F|
|poke|p2|Whimsicott, L50, F|
|poke|p2|Annihilape, L50, F|
|teampreview|4
|showteam|p1|Slowking||Leftovers|Oblivious|TrickRoom,Surf,Protect,Psychic|||M|||50|,,,,,Psychic]Toxicroak||ClearAmulet|DrySkin|SuckerPunch,FakeOut,PoisonJab,CloseCombat|||F|||50|,,,,,Dark]Kingdra||ChoiceBand|SwiftSwim|FlipTurn,WaveCrash,Outrage,IronHead|||F|||50|,,,,,Water]Bronzong||MentalHerb|Levitate|BodyPress,IronDefense,TrickRoom,GyroBall||||||50|,,,,,Grass]Pelipper||SafetyGoggles|Drizzle|Hurricane,WideGuard,RainDance,WeatherBall|||M|||50|,,,,,Water]Amoonguss||RockyHelmet|Regenerator|RagePowder,PollenPuff,ClearSmog,Spore|||M|||50|,,,,,Fire
|showteam|p2|Kingambit||BlackGlasses|Defiant|SuckerPunch,KowtowCleave,SwordsDance,Protect|||M|||50|,,,,,Flying]Electabuzz||Eviolite|VitalSpirit|Electroweb,FollowMe,Taunt,Protect|||M|||50|,,,,,Ghost]Ursaluna-Bloodmoon||LifeOrb|MindsEye|EarthPower,BloodMoon,HyperVoice,Protect|||M|||50|,,,,,Normal]Incineroar||AssaultVest|Intimidate|KnockOff,FlareBlitz,Uturn,FakeOut|||F|||50|,,,,,Bug]Whimsicott||CovertCloak|Prankster|Tailwind,BeatUp,Moonblast,SunnyDay|||F|||50|,,,,,Dark]Annihilape||Leftovers|Defiant|RageFist,DrainPunch,BulkUp,Protect|||F|||50|,,,,,Fire
|
|t:|1756967929
|teamsize|p1|4
|teamsize|p2|4
|start
|switch|p1a: Slowking|Slowking, L50, M|100/100
|switch|p1b: Toxicroak|Toxicroak, L50, F|100/100
|switch|p2a: Whimsicott|Whimsicott, L50, F|100/100
|switch|p2b: Annihilape|Annihilape, L50, F|100/100
|turn|1
|inactive|Battle timer is ON: inactive players will automatically lose when time's up. (requested by Andrewx98)
|inactive|Andrewx98 has 60 seconds left.
|
|t:|1756967969
|-terastallize|p2b: Annihilape|Fire
|-terastallize|p1b: Toxicroak|Dark
|move|p1a: Slowking|Protect|p1a: Slowking
|-singleturn|p1a: Slowking|Protect
|move|p2a: Whimsicott|Tailwind|p2a: Whimsicott
|-sidestart|p2: hungry hillo|move: Tailwind
|move|p2b: Annihilape|Bulk Up|p2b: Annihilape
|-boost|p2b: Annihilape|atk|1
|-boost|p2b: Annihilape|def|1
|move|p1b: Toxicroak|Poison Jab|p2a: Whimsicott
|-supereffective|p2a: Whimsicott
|-damage|p2a: Whimsicott|0 fnt
|faint|p2a: Whimsicott
|
|upkeep
|
|t:|1756967985
|switch|p2a: Shang chi|Kingambit, L50, M, shiny|100/100
|turn|2
|
|t:|1756968008
|switch|p1a: Pepe|Pelipper, L50, M, shiny|100/100
|-weather|RainDance|[from] ability: Drizzle|[of] p1a: Pepe
|move|p2b: Annihilape|Drain Punch|p1b: Toxicroak
|-supereffective|p1b: Toxicroak
|-damage|p1b: Toxicroak|0 fnt
|faint|p1b: Toxicroak
|move|p2a: Shang chi|Kowtow Cleave|p1a: Pepe
|-crit|p1a: Pepe
|-damage|p1a: Pepe|9/100
|
|-weather|RainDance|[upkeep]
|upkeep
|
|t:|1756968020
|switch|p1b: Kingdra|Kingdra, L50, F|100/100
|turn|3
|inactive|Andrewx98 has 30 seconds left.
|inactive|Andrewx98 has 20 seconds left.
|inactive|Andrewx98 has 15 seconds left.
|
|t:|1756968062
|move|p2a: Shang chi|Sucker Punch|p1b: Kingdra
|-damage|p1b: Kingdra|54/100
|move|p2b: Annihilape|Drain Punch|p1b: Kingdra
|-damage|p1b: Kingdra|9/100
|move|p1b: Kingdra|Flip Turn|p2b: Annihilape
|-supereffective|p2b: Annihilape
|-crit|p2b: Annihilape
|-damage|p2b: Annihilape|0 fnt
|faint|p2b: Annihilape
|
|t:|1756968073
|switch|p1b: Slowking|Slowking, L50, M|100/100|[from] Flip Turn
|move|p1a: Pepe|Weather Ball|p2a: Shang chi
|-damage|p2a: Shang chi|45/100
|
|-weather|RainDance|[upkeep]
|upkeep
|
|t:|1756968081
|switch|p2b: Bumble bee|Electabuzz, L50, M|100/100
|turn|4
|
|t:|1756968098
|move|p1a: Pepe|Wide Guard|p1a: Pepe
|-singleturn|p1a: Pepe|Wide Guard
|move|p2b: Bumble bee|Electroweb|p1a: Pepe|[spread] 
|-activate|p1a: Pepe|move: Wide Guard
|-activate|p1b: Slowking|move: Wide Guard
|move|p2a: Shang chi|Swords Dance|p2a: Shang chi
|-boost|p2a: Shang chi|atk|2
|move|p1b: Slowking|Surf|p2a: Shang chi|[spread] p2a,p2b
|-activate|p1a: Pepe|move: Wide Guard
|-damage|p2a: Shang chi|1/100
|-damage|p2b: Bumble bee|62/100
|
|-weather|RainDance|[upkeep]
|-sideend|p2: hungry hillo|move: Tailwind
|upkeep
|turn|5
|inactive|Andrewx98 has 30 seconds left.
|inactive|Andrewx98 has 20 seconds left.
|
|t:|1756968136
|move|p2a: Shang chi|Protect|p2a: Shang chi
|-singleturn|p2a: Shang chi|Protect
|move|p2b: Bumble bee|Taunt|p1a: Pepe
|-start|p1a: Pepe|move: Taunt
|move|p1a: Pepe|Weather Ball|p2a: Shang chi
|-activate|p2a: Shang chi|move: Protect
|move|p1b: Slowking|Psychic|p2b: Bumble bee
|-damage|p2b: Bumble bee|28/100
|
|-weather|RainDance|[upkeep]
|upkeep
|turn|6
|inactive|Andrewx98 has 30 seconds left.
|inactive|hungry hillo has 30 seconds left.
|
|t:|1756968166
|move|p2a: Shang chi|Sucker Punch|p1b: Slowking
|-supereffective|p1b: Slowking
|-damage|p1b: Slowking|0 fnt
|faint|p1b: Slowking
|move|p2b: Bumble bee|Electroweb|p1a: Pepe
|-supereffective|p1a: Pepe
|-damage|p1a: Pepe|0 fnt
|faint|p1a: Pepe
|
|-weather|none
|upkeep
|
|t:|1756968178
|switch|p1b: Kingdra|Kingdra, L50, F|9/100
|turn|7
|
|t:|1756968186
|move|p2b: Bumble bee|Follow Me|p2b: Bumble bee
|-singleturn|p2b: Bumble bee|move: Follow Me
|move|p2a: Shang chi|Sucker Punch|p1b: Kingdra
|-damage|p1b: Kingdra|0 fnt
|faint|p1b: Kingdra
|
|win|hungry hillo
||hungry hillo is ready for game 2.
|inactive|Andrewx98 has 30 seconds to confirm battle start!
||Andrewx98 is ready for game 2.
|uhtml|next|Next: Game 2 of 3
|l|☆hungry hillo
|player|p2|
|j|☆hungry hillo
|player|p2|hungry hillo|n|
|l|☆Andrewx98
|player|p1|
