|j|☆randomguy1114s
|j|☆PursatiEvol
|html|randomguy1114sPursatiEvol    
|uhtml|bestof|Game 2 of a best-of-3
|t:|1756956374
|gametype|doubles
|player|p1|randomguy1114s|lillie-masters|1152
|player|p2|PursatiEvol|101|1249
|gen|9
|tier|[Gen 9] VGC 2025 Reg H (Bo3)
|rated|
|rule|Species Clause: Limit one of each Pokémon
|rule|Item Clause: Limit 1 of each item
|clearpoke
|poke|p1|Talonflame, L50, F|
|poke|p1|Garchomp, L50, F|
|poke|p1|Ursaluna-Bloodmoon, L50, M|
|poke|p1|Tyranitar, L50, M|
|poke|p1|Incineroar, L50, M|
|poke|p1|Sinistcha, L50|
|poke|p2|Sneasler, L50, F|
|poke|p2|Dragapult, L50, M|
|poke|p2|Primarina, L50, F|
|poke|p2|Rillaboom, L50, F|
|poke|p2|Kingambit, L50, F|
|poke|p2|Magmar, L50, F|
|teampreview|4
|showteam|p1|Talonflame||SafetyGoggles|GaleWings|Tailwind,FlareBlitz,BraveBird,WillOWisp|||F|||50|,,,,,Ghost]Garchomp||ClearAmulet|SandVeil|Earthquake,DragonClaw,StompingTantrum,Protect|||F|||50|,,,,,Steel]Ursaluna-Bloodmoon||LifeOrb|MindsEye|BloodMoon,HyperVoice,EarthPower,Protect|||M|||50|,,,,,Normal]Tyranitar||AssaultVest|SandStream|RockSlide,KnockOff,TeraBlast,LowKick|||M|||50|,,,,,Flying]Incineroar||SitrusBerry|Intimidate|FakeOut,KnockOff,Taunt,PartingShot|||M|||50|,,,,,Ghost]Sinistcha||MentalHerb|Hospitality|RagePowder,TrickRoom,MatchaGotcha,Protect||||||50|,,,,,Water
|showteam|p2|Sneasler||FocusSash|PoisonTouch|CloseCombat,DireClaw,FakeOut,Protect|||F|||50|,,,,,Stellar]Dragapult||ChoiceBand|ClearBody|DragonDarts,TeraBlast,PhantomForce,Uturn|||M|||50|,,,,,Ghost]Primarina||SitrusBerry|LiquidVoice|HyperVoice,Moonblast,Haze,Protect|||F|||50|,,,,,Water]Rillaboom||AssaultVest|GrassySurge|WoodHammer,GrassyGlide,HighHorsepower,FakeOut|||F|||50|,,,,,Fire]Kingambit||BlackGlasses|Defiant|KowtowCleave,SuckerPunch,SwordsDance,Protect|||F|||50|,,,,,Ghost]Magmar||Eviolite|VitalSpirit|Overheat,WillOWisp,FollowMe,Protect|||F|||50|,,,,,Ghost
|
|t:|1756956402
|teamsize|p1|4
|teamsize|p2|4
|start
|switch|p1a: BIRDD|Talonflame, L50, F, shiny|100/100
|switch|p1b: DINOOOO|Tyranitar, L50, M, shiny|100/100
|switch|p2a: Rillaboom|Rillaboom, L50, F|100/100
|switch|p2b: Primarina|Primarina, L50, F|100/100
|-fieldstart|move: Grassy Terrain|[from] ability: Grassy Surge|[of] p2a: Rillaboom
|-weather|Sandstorm|[from] ability: Sand Stream|[of] p1b: DINOOOO
|turn|1
|
|t:|1756956415
|-terastallize|p1b: DINOOOO|Flying
|move|p2a: Rillaboom|Fake Out|p1a: BIRDD
|-damage|p1a: BIRDD|76/100
|cant|p1a: BIRDD|flinch
|move|p1b: DINOOOO|Tera Blast|p2a: Rillaboom|[anim] Tera Blast Flying
|-supereffective|p2a: Rillaboom
|-damage|p2a: Rillaboom|15/100
|move|p2b: Primarina|Hyper Voice|p1a: BIRDD|[spread] p1a,p1b
|-supereffective|p1a: BIRDD
|-damage|p1a: BIRDD|0 fnt
|-damage|p1b: DINOOOO|79/100
|faint|p1a: BIRDD
|
|-weather|Sandstorm|[upkeep]
|-damage|p2a: Rillaboom|9/100|[from] Sandstorm
|-damage|p1b: DINOOOO|74/100|[from] Sandstorm
|-damage|p2b: Primarina|95/100|[from] Sandstorm
|-heal|p2a: Rillaboom|15/100|[from] Grassy Terrain
|-heal|p2b: Primarina|100/100|[from] Grassy Terrain
|upkeep
|
|t:|1756956427
|switch|p1a: Shatcinis|Sinistcha, L50, shiny|100/100
|-heal|p1b: DINOOOO|98/100|[from] ability: Hospitality|[of] p1a: Shatcinis
|turn|2
|
|t:|1756956447
|move|p2a: Rillaboom|Wood Hammer|p1a: Shatcinis
|-resisted|p1a: Shatcinis
|-damage|p1a: Shatcinis|64/100
|-damage|p2a: Rillaboom|5/100|[from] Recoil
|move|p1b: DINOOOO|Rock Slide|p2a: Rillaboom|[spread] p2a,p2b
|-damage|p2a: Rillaboom|0 fnt
|-damage|p2b: Primarina|66/100
|faint|p2a: Rillaboom
|cant|p2b: Primarina|flinch
|move|p1a: Shatcinis|Matcha Gotcha|p2b: Primarina|[miss]
|-miss|p1a: Shatcinis|p2b: Primarina
|
|-weather|Sandstorm|[upkeep]
|-damage|p1b: DINOOOO|93/100|[from] Sandstorm
|-damage|p2b: Primarina|60/100|[from] Sandstorm
|-damage|p1a: Shatcinis|58/100|[from] Sandstorm
|-heal|p2b: Primarina|66/100|[from] Grassy Terrain
|-heal|p1a: Shatcinis|64/100|[from] Grassy Terrain
|upkeep
|
|t:|1756956492
|switch|p2a: Sneasler|Sneasler, L50, F|100/100
|turn|3
|
|t:|1756956503
|-terastallize|p2a: Sneasler|Stellar
|move|p2a: Sneasler|Dire Claw|p1a: Shatcinis
|-damage|p1a: Shatcinis|16/100
|-status|p1a: Shatcinis|psn
|move|p1b: DINOOOO|Rock Slide|p2a: Sneasler|[spread] p2a,p2b
|-resisted|p2a: Sneasler
|-damage|p2a: Sneasler|72/100
|-damage|p2b: Primarina|36/100
|-enditem|p2b: Primarina|Sitrus Berry|[eat]
|-heal|p2b: Primarina|61/100|[from] item: Sitrus Berry
|move|p2b: Primarina|Hyper Voice|p1a: Shatcinis|[spread] p1a,p1b
|-resisted|p1a: Shatcinis
|-damage|p1a: Shatcinis|0 fnt
|-damage|p1b: DINOOOO|72/100
|faint|p1a: Shatcinis
|
|-weather|Sandstorm|[upkeep]
|-damage|p2a: Sneasler|66/100|[from] Sandstorm
|-damage|p1b: DINOOOO|66/100|[from] Sandstorm
|-damage|p2b: Primarina|55/100|[from] Sandstorm
|-heal|p2a: Sneasler|72/100|[from] Grassy Terrain
|-heal|p2b: Primarina|61/100|[from] Grassy Terrain
|upkeep
|
|t:|1756956517
|switch|p1a: BEARRRRRR|Ursaluna-Bloodmoon, L50, M|100/100
|turn|4
|
|t:|1756956531
|move|p2a: Sneasler|Protect|p2a: Sneasler
|-singleturn|p2a: Sneasler|Protect
|move|p1a: BEARRRRRR|Protect|p1a: BEARRRRRR
|-singleturn|p1a: BEARRRRRR|Protect
|move|p1b: DINOOOO|Tera Blast|p2a: Sneasler|[anim] Tera Blast Flying
|-activate|p2a: Sneasler|move: Protect
|move|p2b: Primarina|Moonblast|p1b: DINOOOO
|-damage|p1b: DINOOOO|36/100
|-unboost|p1b: DINOOOO|spa|1
|
|-weather|Sandstorm|[upkeep]
|-damage|p2a: Sneasler|66/100|[from] Sandstorm
|-damage|p1b: DINOOOO|30/100|[from] Sandstorm
|-damage|p2b: Primarina|55/100|[from] Sandstorm
|-heal|p2a: Sneasler|72/100|[from] Grassy Terrain
|-heal|p2b: Primarina|61/100|[from] Grassy Terrain
|upkeep
|turn|5
|
|t:|1756956550
|move|p1a: BEARRRRRR|Protect|p1a: BEARRRRRR
|-singleturn|p1a: BEARRRRRR|Protect
|move|p2a: Sneasler|Close Combat|p1a: BEARRRRRR
|-activate|p1a: BEARRRRRR|move: Protect
|move|p1b: DINOOOO|Tera Blast|p2a: Sneasler|[anim] Tera Blast Flying
|-supereffective|p2a: Sneasler
|-damage|p2a: Sneasler|0 fnt
|faint|p2a: Sneasler
|move|p2b: Primarina|Moonblast|p1b: DINOOOO
|-damage|p1b: DINOOOO|2/100
|
|-weather|none
|-heal|p2b: Primarina|67/100|[from] Grassy Terrain
|-fieldend|move: Grassy Terrain
|upkeep
|
|t:|1756956565
|switch|p2a: Dragapult|Dragapult, L50, M|100/100
|turn|6
|
|t:|1756956578
|move|p2a: Dragapult|Dragon Darts|p1a: BEARRRRRR
|-damage|p1a: BEARRRRRR|70/100
|-anim|p2a: Dragapult|Dragon Darts|p1b: DINOOOO
|-damage|p1b: DINOOOO|0 fnt
|faint|p1b: DINOOOO
|move|p1a: BEARRRRRR|Blood Moon|p2b: Primarina
|-damage|p2b: Primarina|0 fnt
|faint|p2b: Primarina
|-damage|p1a: BEARRRRRR|61/100|[from] item: Life Orb
|
|upkeep
|turn|7
|
|t:|1756956589
|move|p1a: BEARRRRRR|Protect|p1a: BEARRRRRR
|-singleturn|p1a: BEARRRRRR|Protect
|move|p2a: Dragapult|Dragon Darts|p1a: BEARRRRRR
|-activate|p1a: BEARRRRRR|move: Protect
|
|upkeep
|turn|8
|
|t:|1756956595
|move|p2a: Dragapult|Dragon Darts|p1a: BEARRRRRR
|-damage|p1a: BEARRRRRR|32/100
|-anim|p2a: Dragapult|Dragon Darts|p1a: BEARRRRRR
|-damage|p1a: BEARRRRRR|2/100
|move|p1a: BEARRRRRR|Blood Moon|p2a: Dragapult
|-damage|p2a: Dragapult|0 fnt
|faint|p2a: Dragapult
|-damage|p1a: BEARRRRRR|0 fnt|[from] item: Life Orb
|faint|p1a: BEARRRRRR
|
|win|randomguy1114s
||PursatiEvol is ready for game 3.
