|j|☆wlejunc
|j|☆Refanner
|html|wlejuncRefanner    
|uhtml|bestof|Game 2 of a best-of-3
|t:|1782734827
|gametype|doubles
|player|p1|wlejunc|1|1104
|player|p2|Refanner|102|1000
|gen|9
|tier|[Gen 9 Champions] VGC 2026 Reg M-B (Bo3)
|rated|
|rule|Species Clause: Limit one of each Pokémon
|rule|Item Clause: Limit 1 of each item
|clearpoke
|poke|p1|Starmie, L50|
|poke|p1|Raichu, L50, M|
|poke|p1|Sableye, L50, M|
|poke|p1|Incineroar, L50, F|
|poke|p1|Pelipper, L50, M|
|poke|p1|Tsareena, L50, F|
|poke|p2|Staraptor, L50, M|
|poke|p2|Raichu, L50, M|
|poke|p2|Sinistcha-Masterpiece, L50|
|poke|p2|Incineroar, L50, M|
|poke|p2|Metagross, L50|
|poke|p2|Hydreigon, L50, F|
|teampreview|4
|showteam|p1|Starmie||Starminite|NaturalCure|Liquidation,IceSpinner,FlipTurn,Protect|Adamant|||||50|]Raichu||RaichuniteY|LightningRod|ZapCannon,FocusBlast,VoltSwitch,Protect|Modest||M|||50|]Sableye||RoseliBerry|Prankster|FoulPlay,FakeOut,RainDance,ThunderWave|Sassy||M|||50|]Incineroar||SitrusBerry|Intimidate|DarkestLariat,FakeOut,Roar,PartingShot|Careful||F|||50|]Pelipper||Leftovers|Drizzle|Hurricane,Uturn,Tailwind,Protect|Sassy||M|||50|]Tsareena||MiracleSeed|QueenlyMajesty|TropKick,Uturn,HelpingHand,Protect|Sassy||F|||50|
|showteam|p2|Staraptor||Staraptite|Intimidate|CloseCombat,BraveBird,Roost,Protect|Adamant||M|||50|]Raichu||RaichuniteX|Static|VoltTackle,VoltSwitch,PlayRough,FakeOut|Hasty||M|||50|]Sinistcha-Masterpiece||KasibBerry|Hospitality|MatchaGotcha,RagePowder,TrickRoom,Protect|Bold|||||50|]Incineroar||SitrusBerry|Intimidate|FlareBlitz,FakeOut,DarkestLariat,PartingShot|Adamant||M|||50|]Metagross||MetalCoat|ClearBody|IronHead,PsychicFangs,StompingTantrum,Protect|Adamant|||||50|]Hydreigon||ChoiceScarf|Levitate|DarkPulse,Snarl,DracoMeteor,EarthPower|Timid||F|||50|
|
|t:|1782734859
|teamsize|p1|4
|teamsize|p2|4
|start
|switch|p1a: Raichu|Raichu, L50, M|100/100
|switch|p1b: Incineroar|Incineroar, L50, F|100/100
|switch|p2a: Staraptor|Staraptor, L50, M|100/100
|switch|p2b: Raichu|Raichu, L50, M|100/100
|-ability|p2a: Staraptor|Intimidate|boost
|-unboost|p1a: Raichu|atk|1
|-unboost|p1b: Incineroar|atk|1
|-ability|p1b: Incineroar|Intimidate|boost
|-unboost|p2a: Staraptor|atk|1
|-unboost|p2b: Raichu|atk|1
|turn|1
|
|t:|1782734910
|switch|p1b: Pelipper|Pelipper, L50, M|100/100
|-weather|RainDance|[from] ability: Drizzle|[of] p1b: Pelipper
|detailschange|p2a: Staraptor|Staraptor-Mega, L50, M
|-mega|p2a: Staraptor|Staraptor|Staraptite
|move|p1a: Raichu|Protect|p1a: Raichu
|-singleturn|p1a: Raichu|Protect
|move|p2b: Raichu|Fake Out|p1a: Raichu
|-activate|p1a: Raichu|move: Protect
|move|p2a: Staraptor|Close Combat|p1a: Raichu
|-activate|p1a: Raichu|move: Protect
|
|-weather|RainDance|[upkeep]
|upkeep
|turn|2
|
|t:|1782734933
|switch|p1b: Starmie|Starmie, L50|100/100
|detailschange|p1a: Raichu|Raichu-Mega-Y, L50, M
|-mega|p1a: Raichu|Raichu|Raichunite Y
|move|p1a: Raichu|Zap Cannon|p2a: Staraptor
|-supereffective|p2a: Staraptor|1
|-damage|p2a: Staraptor|0 fnt
|faint|p2a: Staraptor
|move|p2b: Raichu|Volt Switch|p1b: Starmie
|-supereffective|p1b: Starmie|1
|-damage|p1b: Starmie|24/100
|
|t:|1782734945
|switch|p2b: Sinistcha|Sinistcha-Masterpiece, L50|100/100|[from] Volt Switch
|
|-weather|RainDance|[upkeep]
|upkeep
|
|t:|1782734948
|switch|p2a: Raichu|Raichu, L50, M|100/100
|turn|3
|
|t:|1782734990
|switch|p1b: Incineroar|Incineroar, L50, F|100/100
|-ability|p1b: Incineroar|Intimidate|boost
|-unboost|p2a: Raichu|atk|1
|-unboost|p2b: Sinistcha|atk|1
|move|p1a: Raichu|Protect|p1a: Raichu
|-singleturn|p1a: Raichu|Protect
|move|p2a: Raichu|Fake Out|p1a: Raichu
|-activate|p1a: Raichu|move: Protect
|move|p2b: Sinistcha|Trick Room|p2b: Sinistcha
|-fieldstart|move: Trick Room|[of] p2b: Sinistcha
|
|-weather|RainDance|[upkeep]
|upkeep
|turn|4
|
|t:|1782735029
|move|p1b: Incineroar|Fake Out|p2a: Raichu
|-damage|p2a: Raichu|75/100
|move|p2b: Sinistcha|Matcha Gotcha|p1a: Raichu|[spread] p1a,p1b
|-resisted|p1b: Incineroar|1
|-damage|p1a: Raichu|62/100
|-damage|p1b: Incineroar|89/100
|cant|p2a: Raichu|flinch
|move|p1a: Raichu|Zap Cannon|p2b: Sinistcha
|-resisted|p2b: Sinistcha|1
|-damage|p2b: Sinistcha|66/100
|-status|p2b: Sinistcha|par
|
|-weather|RainDance|[upkeep]
|upkeep
|turn|5
|
|t:|1782735047
|switch|p2a: Incineroar|Incineroar, L50, M|100/100
|-ability|p2a: Incineroar|Intimidate|boost
|-unboost|p1a: Raichu|atk|1
|-unboost|p1b: Incineroar|atk|1
|move|p1a: Raichu|Protect|p1a: Raichu
|-singleturn|p1a: Raichu|Protect
|move|p2b: Sinistcha|Matcha Gotcha|p1a: Raichu|[spread] p1b
|-activate|p1a: Raichu|move: Protect
|-resisted|p1b: Incineroar|1
|-damage|p1b: Incineroar|80/100
|-heal|p2b: Sinistcha|71/100 par|[from] drain|[of] p1b: Incineroar
|move|p1b: Incineroar|Darkest Lariat|p2b: Sinistcha
|-supereffective|p2b: Sinistcha|1
|-damage|p2b: Sinistcha|34/100 par
|
|-weather|none
|upkeep
|turn|6
|
|t:|1782735068
|switch|p1a: Pelipper|Pelipper, L50, M|100/100
|-weather|RainDance|[from] ability: Drizzle|[of] p1a: Pelipper
|move|p2a: Incineroar|Fake Out|p1b: Incineroar
|-damage|p1b: Incineroar|68/100
|move|p2b: Sinistcha|Matcha Gotcha|p1b: Incineroar|[spread] p1a,p1b
|-resisted|p1b: Incineroar|1
|-damage|p1a: Pelipper|74/100
|-heal|p2b: Sinistcha|47/100 par|[from] drain|[of] p1a: Pelipper
|-damage|p1b: Incineroar|58/100
|-heal|p2b: Sinistcha|53/100 par|[from] drain|[of] p1b: Incineroar
|cant|p1b: Incineroar|flinch
|
|-weather|RainDance|[upkeep]
|-heal|p1a: Pelipper|80/100|[from] item: Leftovers
|upkeep
|turn|7
|
|t:|1782735087
|move|p2b: Sinistcha|Matcha Gotcha|p1a: Pelipper|[spread] p1b
|-miss|p2b: Sinistcha|p1a: Pelipper
|-resisted|p1b: Incineroar|1
|-damage|p1b: Incineroar|49/100
|-heal|p2b: Sinistcha|58/100 par|[from] drain|[of] p1b: Incineroar
|-enditem|p1b: Incineroar|Sitrus Berry|[eat]
|-heal|p1b: Incineroar|73/100|[from] item: Sitrus Berry
|move|p1a: Pelipper|Hurricane|p2b: Sinistcha
|-supereffective|p2b: Sinistcha|1
|-damage|p2b: Sinistcha|0 fnt
|faint|p2b: Sinistcha
|move|p2a: Incineroar|Parting Shot|p1a: Pelipper
|-unboost|p1a: Pelipper|atk|1
|-unboost|p1a: Pelipper|spa|1
|
|t:|1782735097
|switch|p2a: Raichu|Raichu, L50, M|75/100|[from] Parting Shot
|move|p1b: Incineroar|Parting Shot|p2a: Raichu
|-unboost|p2a: Raichu|atk|1
|-unboost|p2a: Raichu|spa|1
|
|t:|1782735102
|switch|p1b: Raichu|Raichu-Mega-Y, L50, M|62/100|[from] Parting Shot
|
|-weather|RainDance|[upkeep]
|-heal|p1a: Pelipper|86/100|[from] item: Leftovers
|-fieldend|move: Trick Room
|upkeep
|-message|Refanner forfeited.
|
|win|wlejunc
||Refanner is ready for game 3.
||wlejunc is ready for game 3.
|uhtml|next|Next: Game 3 of 3
|l|☆wlejunc
|player|p1|
