|j|☆Oscarm92
|j|☆JvinsVGC
|html|Oscarm92JvinsVGC    
|uhtml|bestof|Game 2 of a best-of-3
|t:|1783012984
|gametype|doubles
|player|p1|Oscarm92|170|1312
|player|p2|JvinsVGC|2|1377
|gen|9
|tier|[Gen 9 Champions] VGC 2026 Reg M-B (Bo3)
|rated|
|rule|Species Clause: Limit one of each Pokémon
|rule|Item Clause: Limit 1 of each item
|clearpoke
|poke|p1|Charizard, L50, F, shiny|
|poke|p1|Aerodactyl, L50, F|
|poke|p1|Garchomp, L50, M, shiny|
|poke|p1|Kingambit, L50, F|
|poke|p1|Sylveon, L50, M|
|poke|p1|Farigiraf, L50, M|
|poke|p2|Staraptor, L50, F|
|poke|p2|Grimmsnarl, L50, M|
|poke|p2|Arcanine-Hisui, L50, F|
|poke|p2|Garchomp, L50, M|
|poke|p2|Gholdengo, L50|
|poke|p2|Maushold-Four, L50|
|teampreview|4
|showteam|p1|Charizard||CharizarditeY|Blaze|HeatWave,WeatherBall,SolarBeam,Protect|Modest||F|||50|]Aerodactyl||Aerodactylite|RockHead|IceFang,RockSlide,Tailwind,DualWingbeat|Jolly||F|||50|]Garchomp||LifeOrb|RoughSkin|DragonClaw,StompingTantrum,Earthquake,Protect|Jolly||M|||50|]Kingambit||FocusSash|Defiant|SuckerPunch,KowtowCleave,IronHead,LowKick|Adamant||F|||50|]Sylveon||FairyFeather|Pixilate|QuickAttack,HyperVoice,HyperBeam,Protect|Modest||M|||50|]Farigiraf||SitrusBerry|ArmorTail|TrickRoom,Thunderbolt,GrassKnot,TwinBeam|Bold||M|||50|
|showteam|p2|Staraptor||Staraptite|Intimidate|CloseCombat,BraveBird,Tailwind,Roost|Adamant||F|||50|]Grimmsnarl||LightClay|Prankster|LightScreen,Reflect,SpiritBreak,PartingShot|Careful||M|||50|]Arcanine-Hisui||HardStone|RockHead|FlareBlitz,RockSlide,HeadSmash,Protect|Adamant||F|||50|]Garchomp||SoftSand|RoughSkin|Earthquake,DragonClaw,SwordsDance,Protect|Adamant||M|||50|]Gholdengo||SitrusBerry|GoodasGold|MakeItRain,ShadowBall,NastyPlot,Protect|Modest|||||50|]Maushold-Four||FocusSash|FriendGuard|FollowMe,SuperFang,Charm,Protect|Timid|||||50|
|j| Woops I Choked
|inactive|Battle timer is ON: inactive players will automatically lose when time's up. (requested by JvinsVGC)
|j| elbau1129
|l| elbau1129
|
|t:|1783013058
|teamsize|p1|4
|teamsize|p2|4
|start
|switch|p1a: Garchomp|Garchomp, L50, M, shiny|100/100
|switch|p1b: Kingambit|Kingambit, L50, F|100/100
|switch|p2a: Arcanine|Arcanine-Hisui, L50, F|100/100
|switch|p2b: Grimmsnarl|Grimmsnarl, L50, M|100/100
|turn|1
|inactive|Oscarm92 has 30 seconds left.
|
|t:|1783013092
|switch|p2a: Staraptor|Staraptor, L50, F|100/100
|-ability|p2a: Staraptor|Intimidate|boost
|-unboost|p1a: Garchomp|atk|1
|-unboost|p1b: Kingambit|atk|1
|-ability|p1b: Kingambit|Defiant|boost
|-boost|p1b: Kingambit|atk|2
|move|p2b: Grimmsnarl|Reflect|p2b: Grimmsnarl
|-sidestart|p2: JvinsVGC|Reflect
|move|p1a: Garchomp|Stomping Tantrum|p2a: Staraptor
|-immune|p2a: Staraptor
|move|p1b: Kingambit|Iron Head|p2b: Grimmsnarl
|-supereffective|p2b: Grimmsnarl|1
|-damage|p2b: Grimmsnarl|4/100
|
|upkeep
|turn|2
|inactive|Oscarm92 has 30 seconds left.
|
|t:|1783013123
|detailschange|p2a: Staraptor|Staraptor-Mega, L50, F
|-mega|p2a: Staraptor|Staraptor|Staraptite
|move|p2b: Grimmsnarl|Parting Shot|p1a: Garchomp
|-unboost|p1a: Garchomp|atk|1
|-unboost|p1a: Garchomp|spa|1
|
|t:|1783013129
|switch|p2b: Garchomp|Garchomp, L50, M|100/100|[from] Parting Shot
|move|p1a: Garchomp|Dragon Claw|p2a: Staraptor
|-damage|p2a: Staraptor|83/100
|-damage|p1a: Garchomp|90/100|[from] item: Life Orb
|move|p2a: Staraptor|Close Combat|p1b: Kingambit
|-supereffective|p1b: Kingambit|2
|-enditem|p1b: Kingambit|Focus Sash
|-damage|p1b: Kingambit|1/100
|-boost|p2a: Staraptor|def|1
|-boost|p2a: Staraptor|spd|1
|move|p1b: Kingambit|Kowtow Cleave|p2a: Staraptor
|-resisted|p2a: Staraptor|1
|-damage|p2a: Staraptor|69/100
|
|upkeep
|turn|3
|inactive|Oscarm92 has 30 seconds left.
|inactive|JvinsVGC has 30 seconds left.
|
|t:|1783013163
|move|p1a: Garchomp|Protect|p1a: Garchomp
|-singleturn|p1a: Garchomp|Protect
|move|p1b: Kingambit|Sucker Punch|p2b: Garchomp
|-damage|p2b: Garchomp|65/100
|-damage|p1b: Kingambit|0 fnt|[from] ability: Rough Skin|[of] p2b: Garchomp
|faint|p1b: Kingambit
|move|p2b: Garchomp|Earthquake|p1a: Garchomp|[spread] 
|-activate|p1a: Garchomp|move: Protect
|-immune|p2a: Staraptor
|move|p2a: Staraptor|Tailwind|p2a: Staraptor
|-sidestart|p2: JvinsVGC|move: Tailwind
|
|upkeep
|
|t:|1783013181
|switch|p1b: Aerodactyl|Aerodactyl, L50, F|100/100
|turn|4
|
|t:|1783013195
|detailschange|p1b: Aerodactyl|Aerodactyl-Mega, L50, F
|-mega|p1b: Aerodactyl|Aerodactyl|Aerodactylite
|move|p2b: Garchomp|Dragon Claw|p1b: Aerodactyl
|-damage|p1b: Aerodactyl|50/100g
|move|p2a: Staraptor|Close Combat|p1b: Aerodactyl
|-damage|p1b: Aerodactyl|0 fnt
|-boost|p2a: Staraptor|def|1
|-boost|p2a: Staraptor|spd|1
|faint|p1b: Aerodactyl
|move|p1a: Garchomp|Dragon Claw|p2b: Garchomp
|-supereffective|p2b: Garchomp|1
|-damage|p2b: Garchomp|31/100
|-damage|p1a: Garchomp|78/100|[from] ability: Rough Skin|[of] p2b: Garchomp
|-damage|p1a: Garchomp|68/100|[from] item: Life Orb
|
|upkeep
|
|t:|1783013198
|switch|p1b: Charizard|Charizard, L50, F, shiny|100/100
|turn|5
|inactive|JvinsVGC has 30 seconds left.
|
|t:|1783013228
|move|p2b: Garchomp|Dragon Claw|p1a: Garchomp
|-supereffective|p1a: Garchomp|1
|-damage|p1a: Garchomp|0 fnt
|-damage|p2b: Garchomp|19/100|[from] ability: Rough Skin|[of] p1a: Garchomp
|faint|p1a: Garchomp
|move|p2a: Staraptor|Close Combat|p1b: Charizard
|-resisted|p1b: Charizard|1
|-damage|p1b: Charizard|72/100
|-boost|p2a: Staraptor|def|1
|-boost|p2a: Staraptor|spd|1
|move|p1b: Charizard|Heat Wave|p2a: Staraptor|[spread] p2b
|-miss|p1b: Charizard|p2a: Staraptor
|-resisted|p2b: Garchomp|1
|-damage|p2b: Garchomp|5/100
|
|upkeep
|turn|6
|
|t:|1783013246
|move|p2b: Garchomp|Dragon Claw|p1b: Charizard
|-damage|p1b: Charizard|32/100
|move|p2a: Staraptor|Close Combat|p1b: Charizard
|-resisted|p1b: Charizard|1
|-damage|p1b: Charizard|5/100
|-boost|p2a: Staraptor|def|1
|-boost|p2a: Staraptor|spd|1
|move|p1b: Charizard|Heat Wave|p2a: Staraptor|[spread] p2a,p2b
|-resisted|p2b: Garchomp|1
|-damage|p2a: Staraptor|54/100
|-damage|p2b: Garchomp|0 fnt
|faint|p2b: Garchomp
|
|-sideend|p2: JvinsVGC|move: Tailwind
|upkeep
|
|t:|1783013258
|switch|p2b: Arcanine|Arcanine-Hisui, L50, F|100/100
|turn|7
|-message|Oscarm92 forfeited.
|
|win|JvinsVGC
|raw|Oscarm92's rating: 1312 → 1296(-16 for losing)
|raw|JvinsVGC's rating: 1377 → 1393(+16 for winning)
|l|☆JvinsVGC
|player|p2|
|l|☆Oscarm92
|player|p1|
|j|☆Oscarm92
|player|p1|Oscarm92|170|
