|j|☆superbigmariofan1
|j|☆2-3 Drop Man
|html|superbigmariofan12-3 Drop Man    
|uhtml|bestof|Game 2 of a best-of-3
|t:|1757187704
|gametype|doubles
|player|p1|superbigmariofan1|266|1045
|player|p2|2-3 Drop Man|benga|1000
|gen|9
|tier|[Gen 9] VGC 2025 Reg H (Bo3)
|rated|
|rule|Species Clause: Limit one of each Pokémon
|rule|Item Clause: Limit 1 of each item
|clearpoke
|poke|p1|Porygon2, L50|
|poke|p1|Ursaluna, L50, F|
|poke|p1|Gholdengo, L50|
|poke|p1|Incineroar, L50, F|
|poke|p1|Amoonguss, L50, F|
|poke|p1|Talonflame, L50, M|
|poke|p2|Gholdengo, L50|
|poke|p2|Dragonite, L50, M|
|poke|p2|Sneasler, L50, F|
|poke|p2|Incineroar, L50, F|
|poke|p2|Indeedee, L50, M|
|poke|p2|Ninetales-Alola, L50, M|
|teampreview|4
|showteam|p1|Porygon2||Eviolite|Download|TeraBlast,IceBeam,TrickRoom,Recover||||||50|,,,,,Fighting]Ursaluna||FlameOrb|Guts|HeadlongRush,Facade,Roar,Protect|||F|||50|,,,,,Ghost]Gholdengo||ChoiceSpecs|GoodasGold|MakeItRain,ShadowBall,PowerGem,Trick||||||50|,,,,,Steel]Incineroar||SafetyGoggles|Intimidate|FlareBlitz,KnockOff,PartingShot,FakeOut|||F|||50|,,,,,Grass]Amoonguss||MentalHerb|Regenerator|Spore,Protect,RagePowder,PollenPuff|||F|||50|,,,,,Psychic]Talonflame||CovertCloak|GaleWings|BraveBird,Tailwind,FlareBlitz,Taunt|||M|||50|,,,,,Ghost
|showteam|p2|Gholdengo||LifeOrb|GoodasGold|Protect,MakeItRain,ShadowBall,NastyPlot||||||50|,,,,,Water]Dragonite||LoadedDice|Multiscale|ScaleShot,Tailwind,Haze,Protect|||M|||50|,,,,,Fairy]Sneasler||PsychicSeed|Unburden|Protect,DireClaw,CloseCombat,ThroatChop|||F|||50|,,,,,Dark]Incineroar||SafetyGoggles|Intimidate|KnockOff,PartingShot,FlareBlitz,FakeOut|||F|||50|,,,,,Ghost]Indeedee||ChoiceScarf|PsychicSurge|Protect,Trick,TeraBlast,ExpandingForce|||M|||50|,,,,,Psychic]Ninetales-Alola||FocusSash|SnowWarning|Blizzard,IcyWind,Encore,AuroraVeil|||M|||50|,,,,,Ghost
|inactive|Battle timer is ON: inactive players will automatically lose when time's up. (requested by superbigmariofan1)
|inactive|superbigmariofan1 has 60 seconds left.
|inactive|2-3 Drop Man has 60 seconds left.
|
|t:|1757187754
|teamsize|p1|4
|teamsize|p2|4
|start
|switch|p1a: Porygon2|Porygon2, L50, shiny|100/100
|switch|p1b: Incineroar|Incineroar, L50, F|100/100
|switch|p2a: Incineroar|Incineroar, L50, F|100/100
|switch|p2b: Gholdengo|Gholdengo, L50|100/100
|-ability|p1b: Incineroar|Intimidate|boost
|-unboost|p2a: Incineroar|atk|1
|-unboost|p2b: Gholdengo|atk|1
|-ability|p1a: Porygon2|Download|boost
|-boost|p1a: Porygon2|atk|1
|-ability|p2a: Incineroar|Intimidate|boost
|-unboost|p1a: Porygon2|atk|1
|-unboost|p1b: Incineroar|atk|1
|turn|1
|inactive|superbigmariofan1 has 30 seconds left.
|inactive|2-3 Drop Man has 30 seconds left.
|inactive|superbigmariofan1 has 20 seconds left.
|inactive|superbigmariofan1 has 15 seconds left.
|
|t:|1757187799
|switch|p1b: Ursaluna|Ursaluna, L50, F, shiny|100/100
|-terastallize|p2b: Gholdengo|Water
|move|p2a: Incineroar|Fake Out|p1a: Porygon2
|-damage|p1a: Porygon2|96/100
|move|p2b: Gholdengo|Nasty Plot|p2b: Gholdengo
|-boost|p2b: Gholdengo|spa|2
|cant|p1a: Porygon2|flinch
|
|-status|p1b: Ursaluna|brn|[from] item: Flame Orb
|upkeep
|turn|2
|inactive|superbigmariofan1 has 30 seconds left.
|inactive|2-3 Drop Man has 30 seconds left.
|inactive|superbigmariofan1 has 20 seconds left.
|j| RealAthenaCykes
|inactive|superbigmariofan1 has 15 seconds left.
|inactive|superbigmariofan1 has 10 seconds left.
|
|t:|1757187845
|switch|p1a: Incineroar|Incineroar, L50, F|100/100
|-ability|p1a: Incineroar|Intimidate|boost
|-unboost|p2a: Incineroar|atk|1
|-unboost|p2b: Gholdengo|atk|1
|move|p1b: Ursaluna|Protect|p1b: Ursaluna
|-singleturn|p1b: Ursaluna|Protect
|move|p2b: Gholdengo|Make It Rain|p1a: Incineroar|[spread] p1a
|-activate|p1b: Ursaluna|move: Protect
|-resisted|p1a: Incineroar
|-damage|p1a: Incineroar|53/100
|-unboost|p2b: Gholdengo|spa|1
|-damage|p2b: Gholdengo|91/100|[from] item: Life Orb
|move|p2a: Incineroar|Knock Off|p1a: Incineroar
|-resisted|p1a: Incineroar
|-damage|p1a: Incineroar|45/100
|-enditem|p1a: Incineroar|Safety Goggles|[from] move: Knock Off|[of] p2a: Incineroar
|
|-damage|p1b: Ursaluna|95/100 brn|[from] brn
|upkeep
|turn|3
|inactive|superbigmariofan1 has 30 seconds left.
|inactive|2-3 Drop Man has 30 seconds left.
|inactive|superbigmariofan1 has 20 seconds left.
|inactive|superbigmariofan1 has 15 seconds left.
|inactive|superbigmariofan1 has 10 seconds left.
|inactive|superbigmariofan1 has 5 seconds left.
|
|t:|1757187898
|switch|p2a: Dragonite|Dragonite, L50, M|100/100
|move|p2b: Gholdengo|Protect|p2b: Gholdengo
|-singleturn|p2b: Gholdengo|Protect
|move|p1b: Ursaluna|Facade|p2b: Gholdengo
|-activate|p2b: Gholdengo|move: Protect
|move|p1a: Incineroar|Knock Off|p2b: Gholdengo
|-activate|p2b: Gholdengo|move: Protect
|
|-damage|p1b: Ursaluna|89/100 brn|[from] brn
|upkeep
|turn|4
|inactive|2-3 Drop Man has 30 seconds left.
|
|t:|1757187923
|move|p1b: Ursaluna|Protect|p1b: Ursaluna
|-singleturn|p1b: Ursaluna|Protect
|move|p2b: Gholdengo|Make It Rain|p1b: Ursaluna|[spread] p1a
|-activate|p1b: Ursaluna|move: Protect
|-resisted|p1a: Incineroar
|-damage|p1a: Incineroar|8/100
|-unboost|p2b: Gholdengo|spa|1
|-damage|p2b: Gholdengo|82/100|[from] item: Life Orb
|move|p2a: Dragonite|Scale Shot|p1a: Incineroar|[miss]
|-miss|p2a: Dragonite|p1a: Incineroar
|move|p1a: Incineroar|Parting Shot|p2a: Dragonite
|-unboost|p2a: Dragonite|atk|1
|-unboost|p2a: Dragonite|spa|1
|
|t:|1757187927
|switch|p1a: Porygon2|Porygon2, L50, shiny|96/100|[from] Parting Shot
|-ability|p1a: Porygon2|Download|boost
|-boost|p1a: Porygon2|atk|1
|
|-damage|p1b: Ursaluna|83/100 brn|[from] brn
|upkeep
|turn|5
|inactive|superbigmariofan1 has 30 seconds left.
|inactive|2-3 Drop Man has 30 seconds left.
|inactive|superbigmariofan1 has 20 seconds left.
|inactive|superbigmariofan1 has 15 seconds left.
|inactive|2-3 Drop Man has 20 seconds left.
|inactive|2-3 Drop Man has 15 seconds left.
|inactive|superbigmariofan1 has 10 seconds left.
|
|t:|1757187983
|switch|p2a: Incineroar|Incineroar, L50, F|100/100
|-ability|p2a: Incineroar|Intimidate|boost
|-unboost|p1a: Porygon2|atk|1
|-unboost|p1b: Ursaluna|atk|1
|switch|p1b: Incineroar|Incineroar, L50, F|8/100
|-ability|p1b: Incineroar|Intimidate|boost
|-unboost|p2a: Incineroar|atk|1
|-unboost|p2b: Gholdengo|atk|1
|move|p2b: Gholdengo|Nasty Plot|p2b: Gholdengo
|-boost|p2b: Gholdengo|spa|2
|move|p1a: Porygon2|Trick Room|p1a: Porygon2
|-fieldstart|move: Trick Room|[of] p1a: Porygon2
|
|upkeep
|turn|6
|inactive|2-3 Drop Man has 30 seconds left.
|
|t:|1757188012
|move|p2a: Incineroar|Knock Off|p1a: Porygon2
|-damage|p1a: Porygon2|81/100
|-enditem|p1a: Porygon2|Eviolite|[from] move: Knock Off|[of] p2a: Incineroar
|move|p1a: Porygon2|Tera Blast|p2b: Gholdengo
|-damage|p2b: Gholdengo|49/100
|move|p1b: Incineroar|Knock Off|p2a: Incineroar
|-resisted|p2a: Incineroar
|-damage|p2a: Incineroar|84/100
|-enditem|p2a: Incineroar|Safety Goggles|[from] move: Knock Off|[of] p1b: Incineroar
|move|p2b: Gholdengo|Make It Rain|p1b: Incineroar|[spread] p1a,p1b
|-resisted|p1b: Incineroar
|-damage|p1a: Porygon2|0 fnt
|-damage|p1b: Incineroar|0 fnt
|-unboost|p2b: Gholdengo|spa|1
|faint|p1a: Porygon2
|faint|p1b: Incineroar
|-damage|p2b: Gholdengo|40/100|[from] item: Life Orb
|
|upkeep
|
|t:|1757188018
|switch|p1a: Amoonguss|Amoonguss, L50, F, shiny|100/100
|switch|p1b: Ursaluna|Ursaluna, L50, F, shiny|83/100 brn
|turn|7
|
|t:|1757188037
|switch|p2a: Dragonite|Dragonite, L50, M|100/100
|move|p2b: Gholdengo|Protect|p2b: Gholdengo
|-singleturn|p2b: Gholdengo|Protect
|move|p1a: Amoonguss|Spore|p2a: Dragonite
|-status|p2a: Dragonite|slp|[from] move: Spore
|move|p1b: Ursaluna|Facade|p2b: Gholdengo
|-activate|p2b: Gholdengo|move: Protect
|
|-damage|p1b: Ursaluna|77/100 brn|[from] brn
|upkeep
|turn|8
|inactive|superbigmariofan1 has 30 seconds left.
|inactive|2-3 Drop Man has 30 seconds left.
|inactive|superbigmariofan1 has 20 seconds left.
|inactive|2-3 Drop Man has 20 seconds left.
|
|t:|1757188076
|move|p1a: Amoonguss|Pollen Puff|p1b: Ursaluna
|-heal|p1b: Ursaluna|100/100 brn
|move|p1b: Ursaluna|Facade|p2b: Gholdengo
|-damage|p2b: Gholdengo|0 fnt
|faint|p2b: Gholdengo
|cant|p2a: Dragonite|slp
|
|-damage|p1b: Ursaluna|95/100 brn|[from] brn
|upkeep
|
|t:|1757188089
|switch|p2b: Incineroar|Incineroar, L50, F|84/100
|-ability|p2b: Incineroar|Intimidate|boost
|-unboost|p1a: Amoonguss|atk|1
|-unboost|p1b: Ursaluna|atk|1
|turn|9
|inactive|superbigmariofan1 has 30 seconds left.
|
|t:|1757188115
|move|p2b: Incineroar|Fake Out|p1b: Ursaluna
|-damage|p1b: Ursaluna|86/100 brn
|move|p1a: Amoonguss|Spore|p2b: Incineroar
|-status|p2b: Incineroar|slp|[from] move: Spore
|cant|p1b: Ursaluna|flinch
|-curestatus|p2a: Dragonite|slp|[msg]
|move|p2a: Dragonite|Scale Shot|p1a: Amoonguss
|-damage|p1a: Amoonguss|88/100
|-damage|p1a: Amoonguss|73/100
|-damage|p1a: Amoonguss|59/100
|-damage|p1a: Amoonguss|45/100
|-damage|p1a: Amoonguss|30/100
|-hitcount|p1a: Amoonguss|5
|-unboost|p2a: Dragonite|def|1
|-boost|p2a: Dragonite|spe|1
|
|-damage|p1b: Ursaluna|80/100 brn|[from] brn
|-fieldend|move: Trick Room
|upkeep
|turn|10
|
|t:|1757188137
|move|p2a: Dragonite|Protect|p2a: Dragonite
|-singleturn|p2a: Dragonite|Protect
|move|p1a: Amoonguss|Protect|p1a: Amoonguss
|-singleturn|p1a: Amoonguss|Protect
|move|p1b: Ursaluna|Facade|p2a: Dragonite
|-activate|p2a: Dragonite|move: Protect
|cant|p2b: Incineroar|slp
|
|-damage|p1b: Ursaluna|74/100 brn|[from] brn
|upkeep
|turn|11
|
|t:|1757188154
|move|p2a: Dragonite|Scale Shot|p1a: Amoonguss
|-damage|p1a: Amoonguss|16/100
|-damage|p1a: Amoonguss|4/100
|-damage|p1a: Amoonguss|0 fnt
|faint|p1a: Amoonguss
|-hitcount|p1: Amoonguss|3
|-unboost|p2a: Dragonite|def|1
|-boost|p2a: Dragonite|spe|1
|move|p1b: Ursaluna|Facade|p2a: Dragonite
|-damage|p2a: Dragonite|10/100
|-curestatus|p2b: Incineroar|slp|[msg]
|move|p2b: Incineroar|Knock Off|p1b: Ursaluna
|-damage|p1b: Ursaluna|42/100 brn
|-enditem|p1b: Ursaluna|Flame Orb|[from] move: Knock Off|[of] p2b: Incineroar
|
|-damage|p1b: Ursaluna|36/100 brn|[from] brn
|upkeep
|turn|12
|-message|superbigmariofan1 forfeited.
|
|win|2-3 Drop Man
