|j|☆powergo
|j|☆runeking6573
|html|powergoruneking6573    
|uhtml|bestof|Game 3 of a best-of-3
|t:|1784657847
|gametype|doubles
|player|p1|powergo|hassel|
|player|p2|runeking6573|bugcatcher-gen4dp|
|gen|9
|tier|[Gen 9 Champions] VGC 2026 Reg M-B (Bo3)
|rule|Species Clause: Limit one of each Pokémon
|rule|Item Clause: Limit 1 of each item
|clearpoke
|poke|p1|Gengar, L50, M|
|poke|p1|Archaludon, L50, M, shiny|
|poke|p1|Politoed, L50, F|
|poke|p1|Swampert, L50, M|
|poke|p1|Vivillon-Marine, L50, F|
|poke|p1|Incineroar, L50, M, shiny|
|poke|p2|Excadrill, L50, F|
|poke|p2|Tyranitar, L50, F|
|poke|p2|Staraptor, L50, M|
|poke|p2|Milotic, L50, F|
|poke|p2|Sinistcha, L50|
|poke|p2|Gholdengo, L50|
|teampreview|4
|showteam|p1|Gengar||Gengarite|CursedBody|ShadowBall,SludgeBomb,PerishSong,Protect|Modest||M|||50|]Archaludon||Leftovers|Stamina|ElectroShot,DragonPulse,FlashCannon,Protect|Bold||M|||50|]Politoed||SitrusBerry|Drizzle|WeatherBall,Hypnosis,PerishSong,Protect|Calm||F|||50|]Swampert||Swampertite|Torrent|WaveCrash,Earthquake,IcePunch,Protect|Adamant||M|||50|]Vivillon-Marine||FocusSash|CompoundEyes|Hurricane,RagePowder,SleepPowder,Protect|Timid||F|||50|]Incineroar||PasshoBerry|Intimidate|ThroatChop,FakeOut,PartingShot,Protect|Impish||M|||50|
|showteam|p2|Excadrill||FocusSash|SandRush|Earthquake,IronHead,RockSlide,Protect|Adamant||F|||50|]Tyranitar||Tyranitarite|SandStream|RockSlide,KnockOff,HighHorsepower,Protect|Adamant||F|||50|]Staraptor||Staraptite|Intimidate|Protect,BraveBird,CloseCombat,Tailwind|Jolly||M|||50|]Milotic||SitrusBerry|Competitive|Protect,Haze,IcyWind,Scald|Calm||F|||50|]Sinistcha||ColburBerry|Hospitality|Protect,RagePowder,MatchaGotcha,ShadowBall|Bold|||||50|]Gholdengo||LifeOrb|GoodasGold|Protect,ShadowBall,MakeItRain,NastyPlot|Modest|||||50|
|inactive|Battle timer is ON: inactive players will automatically lose when time's up. (requested by runeking6573)
|j| The_AG_Is_Real
|j| KrisKiwii
|inactive|powergo has 60 seconds left.
|j| iiFWM
|inactive|powergo has 30 seconds left.
|inactive|powergo has 20 seconds left.
|
|t:|1784657921
|teamsize|p1|4
|teamsize|p2|4
|start
|switch|p1a: Incineroar|Incineroar, L50, M, shiny|100/100
|switch|p1b: Gengar|Gengar, L50, M|100/100
|switch|p2a: Staraptor|Staraptor, L50, M|100/100
|switch|p2b: Milotic|Milotic, L50, F|100/100
|-ability|p2a: Staraptor|Intimidate|boost
|-unboost|p1a: Incineroar|atk|1
|-unboost|p1b: Gengar|atk|1
|-ability|p1a: Incineroar|Intimidate|boost
|-unboost|p2a: Staraptor|atk|1
|-unboost|p2b: Milotic|atk|1
|-ability|p2b: Milotic|Competitive|boost
|-boost|p2b: Milotic|spa|2
|turn|1
|inactive|powergo has 30 seconds left.
|inactive|runeking6573 has 30 seconds left.
|
|t:|1784657955
|detailschange|p2a: Staraptor|Staraptor-Mega, L50, M
|-mega|p2a: Staraptor|Staraptor|Staraptite
|detailschange|p1b: Gengar|Gengar-Mega, L50, M
|-mega|p1b: Gengar|Gengar|Gengarite
|move|p1a: Incineroar|Fake Out|p2b: Milotic
|-damage|p2b: Milotic|93/100
|move|p2a: Staraptor|Brave Bird|p1b: Gengar
|-damage|p1b: Gengar|43/100
|-damage|p2a: Staraptor|80/100|[from] Recoil
|move|p1b: Gengar|Sludge Bomb|p2a: Staraptor
|-damage|p2a: Staraptor|20/100y
|cant|p2b: Milotic|flinch
|
|upkeep
|turn|2
|inactive|powergo has 30 seconds left.
|inactive|powergo has 20 seconds left.
|inactive|powergo has 15 seconds left.
|inactive|powergo has 10 seconds left.
|inactive|powergo has 5 seconds left.
|
|t:|1784658007
|switch|p1a: Archaludon|Archaludon, L50, M, shiny|100/100
|move|p2a: Staraptor|Tailwind|p2a: Staraptor
|-sidestart|p2: runeking6573|move: Tailwind
|move|p2b: Milotic|Scald|p1a: Archaludon
|-resisted|p1a: Archaludon|1
|-damage|p1a: Archaludon|72/100
|-ability|p1a: Archaludon|Stamina|boost
|-boost|p1a: Archaludon|def|1
|move|p1b: Gengar|Sludge Bomb|p2a: Staraptor
|-damage|p2a: Staraptor|0 fnt
|faint|p2a: Staraptor
|
|-heal|p1a: Archaludon|78/100|[from] item: Leftovers
|upkeep
|
|t:|1784658021
|switch|p2a: Tyranitar|Tyranitar, L50, F|100/100
|-weather|Sandstorm|[from] ability: Sand Stream|[of] p2a: Tyranitar
|turn|3
|
|t:|1784658039
|move|p2a: Tyranitar|Protect|p2a: Tyranitar
|-singleturn|p2a: Tyranitar|Protect
|move|p1b: Gengar|Protect|p1b: Gengar
|-singleturn|p1b: Gengar|Protect
|move|p1a: Archaludon|Protect|p1a: Archaludon
|-singleturn|p1a: Archaludon|Protect
|move|p2b: Milotic|Scald|p1b: Gengar
|-activate|p1b: Gengar|move: Protect
|
|-weather|Sandstorm|[upkeep]
|-damage|p2b: Milotic|87/100|[from] Sandstorm
|-damage|p1b: Gengar|37/100|[from] Sandstorm
|-heal|p1a: Archaludon|84/100|[from] item: Leftovers
|upkeep
|turn|4
|
|t:|1784658060
|switch|p1b: Politoed|Politoed, L50, F|100/100
|-weather|RainDance|[from] ability: Drizzle|[of] p1b: Politoed
|move|p2b: Milotic|Scald|p1b: Politoed
|-resisted|p1b: Politoed|1
|-damage|p1b: Politoed|68/100
|move|p2a: Tyranitar|High Horsepower|p1a: Archaludon
|-supereffective|p1a: Archaludon|1
|-damage|p1a: Archaludon|55/100
|-ability|p1a: Archaludon|Stamina|boost
|-boost|p1a: Archaludon|def|1
|move|p1a: Archaludon|Electro Shot||[still]
|-prepare|p1a: Archaludon|Electro Shot
|-boost|p1a: Archaludon|spa|1
|-anim|p1a: Archaludon|Electro Shot|p2b: Milotic
|-supereffective|p2b: Milotic|1
|-damage|p2b: Milotic|12/100
|-enditem|p2b: Milotic|Sitrus Berry|[eat]
|-heal|p2b: Milotic|37/100|[from] item: Sitrus Berry
|
|-weather|RainDance|[upkeep]
|-heal|p1a: Archaludon|61/100|[from] item: Leftovers
|upkeep
|turn|5
|inactive|powergo has 30 seconds left.
|inactive|runeking6573 has 30 seconds left.
|inactive|powergo has 20 seconds left.
|
|t:|1784658097
|switch|p2b: Sinistcha|Sinistcha, L50|100/100
|move|p2a: Tyranitar|Knock Off|p1a: Archaludon
|-damage|p1a: Archaludon|42/100
|-ability|p1a: Archaludon|Stamina|boost
|-boost|p1a: Archaludon|def|1
|-enditem|p1a: Archaludon|Leftovers|[from] move: Knock Off|[of] p2a: Tyranitar
|move|p1a: Archaludon|Electro Shot||[still]
|-prepare|p1a: Archaludon|Electro Shot
|-boost|p1a: Archaludon|spa|1
|-anim|p1a: Archaludon|Electro Shot|p2b: Sinistcha
|-resisted|p2b: Sinistcha|1
|-damage|p2b: Sinistcha|64/100
|move|p1b: Politoed|Weather Ball|p2a: Tyranitar
|-supereffective|p2a: Tyranitar|1
|-damage|p2a: Tyranitar|18/100
|
|-weather|RainDance|[upkeep]
|-sideend|p2: runeking6573|move: Tailwind
|upkeep
|turn|6
|inactive|powergo has 30 seconds left.
|
|t:|1784658130
|switch|p1b: Incineroar|Incineroar, L50, M, shiny|100/100
|-ability|p1b: Incineroar|Intimidate|boost
|-unboost|p2a: Tyranitar|atk|1
|-unboost|p2b: Sinistcha|atk|1
|move|p2a: Tyranitar|Protect|p2a: Tyranitar
|-singleturn|p2a: Tyranitar|Protect
|move|p1a: Archaludon|Dragon Pulse|p2a: Tyranitar
|-activate|p2a: Tyranitar|move: Protect
|move|p2b: Sinistcha|Matcha Gotcha|p1b: Incineroar|[spread] p1a,p1b
|-resisted|p1a: Archaludon|2
|-resisted|p1b: Incineroar|1
|-damage|p1a: Archaludon|37/100
|-heal|p2b: Sinistcha|67/100|[from] drain|[of] p1a: Archaludon
|-damage|p1b: Incineroar|89/100
|-heal|p2b: Sinistcha|73/100|[from] drain|[of] p1b: Incineroar
|-ability|p1a: Archaludon|Stamina|boost
|-boost|p1a: Archaludon|def|1
|
|-weather|RainDance|[upkeep]
|upkeep
|turn|7
|inactive|powergo has 30 seconds left.
|inactive|runeking6573 has 30 seconds left.
|inactive|powergo has 20 seconds left.
|inactive|runeking6573 has 20 seconds left.
|inactive|powergo has 15 seconds left.
|inactive|runeking6573 has 15 seconds left.
|
|t:|1784658172
|switch|p2a: Milotic|Milotic, L50, F|37/100
|move|p1b: Incineroar|Fake Out|p2a: Milotic
|-damage|p2a: Milotic|28/100
|move|p1a: Archaludon|Dragon Pulse|p2a: Milotic
|-damage|p2a: Milotic|0 fnt
|faint|p2a: Milotic
|move|p2b: Sinistcha|Shadow Ball|p1a: Archaludon
|-damage|p1a: Archaludon|6/100
|-ability|p1a: Archaludon|Stamina|boost
|-boost|p1a: Archaludon|def|1
|
|-weather|RainDance|[upkeep]
|upkeep
|
|t:|1784658184
|switch|p2a: Tyranitar|Tyranitar, L50, F|18/100
|-weather|Sandstorm|[from] ability: Sand Stream|[of] p2a: Tyranitar
|turn|8
|
|t:|1784658208
|switch|p1b: Politoed|Politoed, L50, F|68/100
|-weather|RainDance|[from] ability: Drizzle|[of] p1b: Politoed
|move|p1a: Archaludon|Protect|p1a: Archaludon
|-singleturn|p1a: Archaludon|Protect
|move|p2a: Tyranitar|Protect|p2a: Tyranitar
|-singleturn|p2a: Tyranitar|Protect
|move|p2b: Sinistcha|Shadow Ball|p1a: Archaludon
|-activate|p1a: Archaludon|move: Protect
|
|-weather|RainDance|[upkeep]
|upkeep
|turn|9
|inactive|powergo has 30 seconds left.
|
|t:|1784658239
|move|p2a: Tyranitar|Protect||[still]
|-fail|p2a: Tyranitar
|move|p1a: Archaludon|Dragon Pulse|p2a: Tyranitar
|-crit|p2a: Tyranitar
|-damage|p2a: Tyranitar|0 fnt
|faint|p2a: Tyranitar
|move|p2b: Sinistcha|Matcha Gotcha|p1b: Politoed|[spread] p1a,p1b
|-resisted|p1a: Archaludon|2
|-supereffective|p1b: Politoed|1
|-damage|p1a: Archaludon|1/100
|-heal|p2b: Sinistcha|76/100|[from] drain|[of] p1a: Archaludon
|-damage|p1b: Politoed|28/100
|-heal|p2b: Sinistcha|98/100|[from] drain|[of] p1b: Politoed
|-ability|p1a: Archaludon|Stamina|boost
|-boost|p1a: Archaludon|def|1
|-enditem|p1b: Politoed|Sitrus Berry|[eat]
|-heal|p1b: Politoed|53/100|[from] item: Sitrus Berry
|move|p1b: Politoed|Weather Ball|p2b: Sinistcha
|-resisted|p2b: Sinistcha|1
|-damage|p2b: Sinistcha|73/100
|
|-weather|RainDance|[upkeep]
|upkeep
|turn|10
|
|t:|1784658262
|move|p1a: Archaludon|Flash Cannon|p2b: Sinistcha
|-damage|p2b: Sinistcha|6/100
|-unboost|p2b: Sinistcha|spd|1
|move|p2b: Sinistcha|Matcha Gotcha|p1a: Archaludon|[spread] p1a,p1b
|-resisted|p1a: Archaludon|2
|-supereffective|p1b: Politoed|1
|-damage|p1a: Archaludon|0 fnt
|-heal|p2b: Sinistcha|6/100|[from] drain|[of] p1a: Archaludon
|-damage|p1b: Politoed|15/100
|-heal|p2b: Sinistcha|27/100|[from] drain|[of] p1b: Politoed
|faint|p1a: Archaludon
|move|p1b: Politoed|Weather Ball|p2b: Sinistcha
|-resisted|p2b: Sinistcha|1
|-damage|p2b: Sinistcha|0 fnt
|faint|p2b: Sinistcha
|
|win|powergo
|c|☆powergo|ggs
|c|☆runeking6573|wpgg
|l|☆runeking6573
|player|p2|
|l| The_AG_Is_Real
