|j|☆Witcher_Bozydar
|j|☆porygon-epilepz
|html|Witcher_Bozydarporygon-epilepz    
|uhtml|bestof|Game 1 of a best-of-3
|t:|1756918281
|gametype|doubles
|player|p1|Witcher_Bozydar|102|1058
|player|p2|porygon-epilepz|ghetsis-gen5bw|1095
|gen|9
|tier|[Gen 9] VGC 2025 Reg H (Bo3)
|rated|
|rule|Species Clause: Limit one of each Pokémon
|rule|Item Clause: Limit 1 of each item
|clearpoke
|poke|p1|Incineroar, L50, F|
|poke|p1|Archaludon, L50, F|
|poke|p1|Pelipper, L50, M|
|poke|p1|Arbok, L50, F|
|poke|p1|Blaziken, L50, M|
|poke|p1|Sylveon, L50, M|
|poke|p2|Farigiraf, L50, F|
|poke|p2|Incineroar, L50, M|
|poke|p2|Sneasler, L50, F|
|poke|p2|Pelipper, L50, F|
|poke|p2|Archaludon, L50, M|
|poke|p2|Porygon-Z, L50|
|teampreview|4
|showteam|p1|Incineroar||SafetyGoggles|Intimidate|KnockOff,FakeOut,PartingShot,FlareBlitz|||F|||50|,,,,,Ghost]Archaludon||ClearAmulet|Stamina|BodyPress,DracoMeteor,ElectroShot,Protect|||F|||50|,,,,,Flying]Pelipper||CovertCloak|Drizzle|Tailwind,Hurricane,WeatherBall,Protect|||M|||50|,,,,,Ground]Arbok||FocusSash|Intimidate|Glare,Protect,PoisonJab,ToxicSpikes|||F|||50|,,,,,Dark]Blaziken||Leftovers|SpeedBoost|Protect,CloseCombat,FlareBlitz,SwordsDance|||M|||50|,,,,,Steel]Sylveon||LifeOrb|Pixilate|Protect,DazzlingGleam,DrainingKiss,Psychic|||M|||50|,,,,,Fairy
|showteam|p2|Farigiraf||ThroatSpray|ArmorTail|TrickRoom,HyperVoice,Psychic,HelpingHand|||F|||50|,,,,,Fairy]Incineroar||SafetyGoggles|Intimidate|FakeOut,KnockOff,PartingShot,Taunt|||M|||50|,,,,,Ghost]Sneasler||WhiteHerb|Unburden|DireClaw,CloseCombat,ThroatChop,FakeOut|||F|||50|,,,,,Dark]Pelipper||FocusSash|Drizzle|Hurricane,WeatherBall,Tailwind,Protect|||F|||50|,,,,,Grass]Archaludon||AssaultVest|Stamina|ElectroShot,FlashCannon,DracoMeteor,BodyPress|||M|||50|,,,,,Bug]Porygon-Z||ChoiceScarf|Adaptability|TeraBlast,HyperBeam,ShadowBall,IceBeam||||||50|,,,,,Fairy
|
|t:|1756918358
|teamsize|p1|4
|teamsize|p2|4
|start
|switch|p1a: kolo|Pelipper, L50, M|100/100
|switch|p1b: Kladka na wiśle|Archaludon, L50, F|100/100
|switch|p2a: Sneasler|Sneasler, L50, F|100/100
|switch|p2b: Archaludon|Archaludon, L50, M|100/100
|-weather|RainDance|[from] ability: Drizzle|[of] p1a: kolo
|turn|1
|
|t:|1756918379
|move|p1b: Kladka na wiśle|Protect|p1b: Kladka na wiśle
|-singleturn|p1b: Kladka na wiśle|Protect
|move|p2a: Sneasler|Close Combat|p1b: Kladka na wiśle
|-activate|p1b: Kladka na wiśle|move: Protect
|move|p1a: kolo|Hurricane|p2a: Sneasler
|-supereffective|p2a: Sneasler
|-damage|p2a: Sneasler|0 fnt
|faint|p2a: Sneasler
|move|p2b: Archaludon|Electro Shot||[still]
|-prepare|p2b: Archaludon|Electro Shot
|-boost|p2b: Archaludon|spa|1
|-anim|p2b: Archaludon|Electro Shot|p1a: kolo
|-supereffective|p1a: kolo
|-damage|p1a: kolo|0 fnt
|faint|p1a: kolo
|
|-weather|RainDance|[upkeep]
|upkeep
|
|t:|1756918395
|switch|p2a: Farigiraf|Farigiraf, L50, F|100/100
|switch|p1a: Murderer|Incineroar, L50, F|100/100
|-ability|p1a: Murderer|Intimidate|boost
|-unboost|p2a: Farigiraf|atk|1
|-unboost|p2b: Archaludon|atk|1
|turn|2
|
|t:|1756918410
|move|p2a: Farigiraf|Helping Hand|p2b: Archaludon
|-singleturn|p2b: Archaludon|Helping Hand|[of] p2a: Farigiraf
|move|p1a: Murderer|Fake Out||[still]
|cant|p2a: Farigiraf|ability: Armor Tail|Fake Out|[of] p1a: Murderer
|move|p1b: Kladka na wiśle|Body Press|p2b: Archaludon
|-supereffective|p2b: Archaludon
|-damage|p2b: Archaludon|67/100
|-ability|p2b: Archaludon|Stamina|boost
|-boost|p2b: Archaludon|def|1
|move|p2b: Archaludon|Electro Shot||[still]
|-prepare|p2b: Archaludon|Electro Shot
|-boost|p2b: Archaludon|spa|1
|-anim|p2b: Archaludon|Electro Shot|p1a: Murderer
|-damage|p1a: Murderer|0 fnt
|faint|p1a: Murderer
|
|-weather|RainDance|[upkeep]
|upkeep
|
|t:|1756918424
|switch|p1a: Sylveon|Sylveon, L50, M|100/100
|turn|3
|
|t:|1756918437
|-terastallize|p2b: Archaludon|Bug
|move|p2a: Farigiraf|Helping Hand|p2b: Archaludon
|-singleturn|p2b: Archaludon|Helping Hand|[of] p2a: Farigiraf
|move|p1b: Kladka na wiśle|Draco Meteor|p2b: Archaludon
|-damage|p2b: Archaludon|24/100
|-unboost|p1b: Kladka na wiśle|spa|2
|-ability|p2b: Archaludon|Stamina|boost
|-boost|p2b: Archaludon|def|1
|move|p1a: Sylveon|Dazzling Gleam|p2a: Farigiraf|[spread] p2a,p2b
|-damage|p2a: Farigiraf|71/100
|-damage|p2b: Archaludon|2/100
|-ability|p2b: Archaludon|Stamina|boost
|-boost|p2b: Archaludon|def|1
|-damage|p1a: Sylveon|90/100|[from] item: Life Orb
|move|p2b: Archaludon|Flash Cannon|p1a: Sylveon
|-supereffective|p1a: Sylveon
|-crit|p1a: Sylveon
|-damage|p1a: Sylveon|0 fnt
|faint|p1a: Sylveon
|
|-weather|RainDance|[upkeep]
|upkeep
|turn|4
|
|t:|1756918473
|switch|p2b: Pelipper|Pelipper, L50, F|100/100
|move|p1b: Kladka na wiśle|Electro Shot||[still]
|-prepare|p1b: Kladka na wiśle|Electro Shot
|-boost|p1b: Kladka na wiśle|spa|1
|-anim|p1b: Kladka na wiśle|Electro Shot|p2b: Pelipper
|-supereffective|p2b: Pelipper
|-enditem|p2b: Pelipper|Focus Sash
|-damage|p2b: Pelipper|1/100
|move|p2a: Farigiraf|Psychic|p1b: Kladka na wiśle
|-resisted|p1b: Kladka na wiśle
|-damage|p1b: Kladka na wiśle|78/100
|-ability|p1b: Kladka na wiśle|Stamina|boost
|-boost|p1b: Kladka na wiśle|def|1
|
|-weather|RainDance|[upkeep]
|upkeep
|turn|5
|
|t:|1756918505
|move|p2b: Pelipper|Protect|p2b: Pelipper
|-singleturn|p2b: Pelipper|Protect
|move|p1b: Kladka na wiśle|Electro Shot||[still]
|-prepare|p1b: Kladka na wiśle|Electro Shot
|-boost|p1b: Kladka na wiśle|spa|1
|-anim|p1b: Kladka na wiśle|Electro Shot|p2b: Pelipper
|-activate|p2b: Pelipper|move: Protect
|move|p2a: Farigiraf|Trick Room|p2a: Farigiraf
|-fieldstart|move: Trick Room|[of] p2a: Farigiraf
|
|-weather|none
|upkeep
|turn|6
|
|t:|1756918537
|move|p2a: Farigiraf|Psychic|p1b: Kladka na wiśle
|-resisted|p1b: Kladka na wiśle
|-damage|p1b: Kladka na wiśle|56/100
|-ability|p1b: Kladka na wiśle|Stamina|boost
|-boost|p1b: Kladka na wiśle|def|1
|move|p2b: Pelipper|Hurricane|p1b: Kladka na wiśle
|-resisted|p1b: Kladka na wiśle
|-damage|p1b: Kladka na wiśle|28/100
|-ability|p1b: Kladka na wiśle|Stamina|boost
|-boost|p1b: Kladka na wiśle|def|1
|move|p1b: Kladka na wiśle|Electro Shot||[still]
|-prepare|p1b: Kladka na wiśle|Electro Shot
|-boost|p1b: Kladka na wiśle|spa|1
|
|upkeep
|turn|7
|
|t:|1756918551
|move|p2a: Farigiraf|Psychic|p1b: Kladka na wiśle
|-resisted|p1b: Kladka na wiśle
|-crit|p1b: Kladka na wiśle
|-damage|p1b: Kladka na wiśle|0 fnt
|faint|p1b: Kladka na wiśle
|
|win|porygon-epilepz
