|j|☆nickbattlesmons
|j|☆spodermees
|html|nickbattlesmonsspodermees    
|uhtml|bestof|Game 1 of a best-of-3
|t:|1785100052
|gametype|doubles
|player|p1|nickbattlesmons|101|1232
|player|p2|spodermees|sailor|1242
|gen|9
|tier|[Gen 9 Champions] VGC 2026 Reg M-B (Bo3)
|rated|
|rule|Species Clause: Limit one of each Pokémon
|rule|Item Clause: Limit 1 of each item
|clearpoke
|poke|p1|Floette-Eternal, L50, F|
|poke|p1|Grimmsnarl, L50, M|
|poke|p1|Sinistcha, L50|
|poke|p1|Delphox, L50, F|
|poke|p1|Incineroar, L50, F|
|poke|p1|Garchomp, L50, F|
|poke|p2|Charizard, L50, M|
|poke|p2|Staraptor, L50, M|
|poke|p2|Whimsicott, L50, M|
|poke|p2|Basculegion, L50, M|
|poke|p2|Garchomp, L50, M|
|poke|p2|Tsareena, L50, F|
|teampreview|4
|showteam|p1|Floette-Eternal||Floettite|FlowerVeil|Protect,DrainingKiss,DazzlingGleam,CalmMind|Modest||F|||50|]Grimmsnarl||LightClay|Prankster|FakeOut,Reflect,LightScreen,SpiritBreak|Careful||M|||50|]Sinistcha||KasibBerry|Hospitality|Protect,MatchaGotcha,LifeDew,RagePowder|Calm|||||50|]Delphox||Delphoxite|Blaze|Protect,Psyshock,HeatWave,NastyPlot|Timid||F|||50|]Incineroar||SitrusBerry|Intimidate|FakeOut,PartingShot,FlareBlitz,ThroatChop|Impish||F|||50|]Garchomp||LifeOrb|RoughSkin|Protect,StompingTantrum,DragonClaw,RockSlide|Jolly||F|||50|
|showteam|p2|Charizard||CharizarditeY|Blaze|HeatWave,WeatherBall,SolarBeam,Protect|Modest||M|||50|]Staraptor||Staraptite|Intimidate|CloseCombat,BraveBird,Roost,Protect|Jolly||M|||50|]Whimsicott||FocusSash|Prankster|Moonblast,Tickle,Tailwind,Encore|Timid||M|||50|]Basculegion||MysticWater|Adaptability|WaveCrash,LastRespects,AquaJet,Protect|Jolly||M|||50|]Garchomp||LifeOrb|RoughSkin|Protect,Earthquake,RockSlide,DragonClaw|Jolly||M|||50|]Tsareena||MiracleSeed|QueenlyMajesty|TropKick,Protect,TripleAxel,LowKick|Adamant||F|||50|
|inactive|Battle timer is ON: inactive players will automatically lose when time's up. (requested by spodermees)
|inactive|nickbattlesmons has 60 seconds left.
|inactive|spodermees has 60 seconds left.
|
|t:|1785100093
|teamsize|p1|4
|teamsize|p2|4
|start
|switch|p1a: Incineroar|Incineroar, L50, F|100/100
|switch|p1b: Delphox|Delphox, L50, F|100/100
|switch|p2a: Charizard|Charizard, L50, M|100/100
|switch|p2b: Basculegion|Basculegion, L50, M|100/100
|-ability|p1a: Incineroar|Intimidate|boost
|-unboost|p2a: Charizard|atk|1
|-unboost|p2b: Basculegion|atk|1
|turn|1
|
|t:|1785100109
|switch|p2a: Tsareena|Tsareena, L50, F|100/100
|detailschange|p1b: Delphox|Delphox-Mega, L50, F
|-mega|p1b: Delphox|Delphox|Delphoxite
|move|p1b: Delphox|Protect|p1b: Delphox
|-singleturn|p1b: Delphox|Protect
|move|p2b: Basculegion|Wave Crash|p1a: Incineroar
|-supereffective|p1a: Incineroar|1
|-damage|p1a: Incineroar|0 fnt
|faint|p1a: Incineroar
|-damage|p2b: Basculegion|65/100|[from] Recoil
|
|upkeep
|
|t:|1785100120
|switch|p1a: Sinistcha|Sinistcha, L50|100/100
|turn|2
|
|t:|1785100131
|switch|p2a: Garchomp|Garchomp, L50, M|100/100
|move|p2b: Basculegion|Protect|p2b: Basculegion
|-singleturn|p2b: Basculegion|Protect
|move|p1a: Sinistcha|Rage Powder|p1a: Sinistcha
|-singleturn|p1a: Sinistcha|move: Rage Powder
|move|p1b: Delphox|Nasty Plot|p1b: Delphox
|-boost|p1b: Delphox|spa|2
|
|upkeep
|turn|3
|
|t:|1785100142
|switch|p2b: Charizard|Charizard, L50, M|100/100
|move|p1b: Delphox|Protect|p1b: Delphox
|-singleturn|p1b: Delphox|Protect
|move|p2a: Garchomp|Rock Slide|p1b: Delphox|[spread] p1a
|-activate|p1b: Delphox|move: Protect
|-damage|p1a: Sinistcha|78/100
|-damage|p2a: Garchomp|90/100|[from] item: Life Orb
|move|p1a: Sinistcha|Matcha Gotcha|p2a: Garchomp|[spread] p2a,p2b
|-resisted|p2b: Charizard|2
|-damage|p2a: Garchomp|64/100
|-heal|p1a: Sinistcha|91/100|[from] drain|[of] p2a: Garchomp
|-damage|p2b: Charizard|91/100
|-heal|p1a: Sinistcha|95/100|[from] drain|[of] p2b: Charizard
|
|upkeep
|turn|4
|j| gibranizm
|
|t:|1785100163
|move|p1a: Sinistcha|Protect|p1a: Sinistcha
|-singleturn|p1a: Sinistcha|Protect
|move|p1b: Delphox|Psyshock|p2a: Garchomp
|-damage|p2a: Garchomp|0 fnt
|faint|p2a: Garchomp
|move|p2b: Charizard|Heat Wave|p1a: Sinistcha|[spread] p1b
|-activate|p1a: Sinistcha|move: Protect
|-resisted|p1b: Delphox|1
|-damage|p1b: Delphox|84/100
|
|upkeep
|
|t:|1785100170
|switch|p2a: Basculegion|Basculegion, L50, M|65/100
|turn|5
|inactive|nickbattlesmons has 30 seconds left.
|
|t:|1785100199
|switch|p1a: Garchomp|Garchomp, L50, F|100/100
|detailschange|p2b: Charizard|Charizard-Mega-Y, L50, M
|-mega|p2b: Charizard|Charizard|Charizardite Y
|-weather|SunnyDay|[from] ability: Drought|[of] p2b: Charizard
|move|p2a: Basculegion|Protect|p2a: Basculegion
|-singleturn|p2a: Basculegion|Protect
|move|p1b: Delphox|Psyshock|p2a: Basculegion
|-activate|p2a: Basculegion|move: Protect
|move|p2b: Charizard|Heat Wave|p1b: Delphox|[spread] p1a,p1b
|-resisted|p1a: Garchomp|1
|-resisted|p1b: Delphox|1
|-damage|p1a: Garchomp|58/100
|-damage|p1b: Delphox|54/100
|
|-weather|SunnyDay|[upkeep]
|upkeep
|turn|6
|inactive|nickbattlesmons has 30 seconds left.
|inactive|nickbattlesmons has 20 seconds left.
|
|t:|1785100234
|move|p1b: Delphox|Heat Wave|p2a: Basculegion|[spread] p2a,p2b
|-resisted|p2a: Basculegion|1
|-resisted|p2b: Charizard|1
|-damage|p2a: Basculegion|0 fnt
|-damage|p2b: Charizard|26/100
|faint|p2a: Basculegion
|move|p1a: Garchomp|Dragon Claw|p2b: Charizard
|-damage|p2b: Charizard|0 fnt
|faint|p2b: Charizard
|-damage|p1a: Garchomp|49/100|[from] item: Life Orb
|
|-weather|SunnyDay|[upkeep]
|upkeep
|
|t:|1785100238
|switch|p2b: Tsareena|Tsareena, L50, F|100/100
|turn|7
|-message|spodermees forfeited.
|
|win|nickbattlesmons
