|j|☆jebward1234
|j|☆gundnub
|html|jebward1234gundnub    
|uhtml|bestof|Game 1 of a best-of-3
|t:|1783473689
|gametype|doubles
|player|p1|jebward1234|ethan|
|player|p2|gundnub|pokemonranger-gen4|
|gen|9
|tier|[Gen 9 Champions] VGC 2026 Reg M-B (Bo3)
|rule|Species Clause: Limit one of each Pokémon
|rule|Item Clause: Limit 1 of each item
|clearpoke
|poke|p1|Altaria, L50, F|
|poke|p1|Skeledirge, L50, F|
|poke|p1|Empoleon, L50, F|
|poke|p1|Wyrdeer, L50, M|
|poke|p1|Gliscor, L50, F|
|poke|p1|Toxicroak, L50, M|
|poke|p2|Pidgeot, L50, F|
|poke|p2|Krookodile, L50, M|
|poke|p2|Floette-Eternal, L50, F|
|poke|p2|Toxicroak, L50, M|
|poke|p2|Chandelure, L50, M|
|poke|p2|Vaporeon, L50, M|
|teampreview|4
|showteam|p1|Altaria||Altarianite|NaturalCure|HyperVoice,Moonblast,Tailwind,Protect|Modest||F|||50|]Skeledirge||Leftovers|Unaware|TorchSong,ShadowBall,SlackOff,Protect|Modest||F|||50|]Empoleon||LifeOrb|Competitive|HydroPump,FlashCannon,IceBeam,Protect|Modest||F|||50|]Wyrdeer||SitrusBerry|Intimidate|PsyshieldBash,Hypnosis,Gravity,TrickRoom|Adamant||M|||50|]Gliscor||ExpertBelt|HyperCutter|HighHorsepower,DualWingbeat,SwordsDance,Protect|Adamant||F|||50|]Toxicroak||FocusSash|PoisonTouch|FakeOut,CloseCombat,PoisonJab,Protect|Adamant||M|||50|
|showteam|p2|Pidgeot||Pidgeotite|BigPecks|Protect,Hurricane,HeatWave,Tailwind|Timid||F|||50|]Krookodile||PasshoBerry|Intimidate|Protect,HighHorsepower,LashOut,Earthquake|Adamant||M|||50|]Floette-Eternal||FairyFeather|FlowerVeil|Protect,Moonblast,DazzlingGleam,LightofRuin|Modest||F|||50|]Toxicroak||FocusSash|DrySkin|Protect,PoisonJab,CloseCombat,FakeOut|Jolly||M|||50|]Chandelure||Chandelurite|FlashFire|HeatWave,ShadowBall,EnergyBall,TrickRoom|Modest||M|||50|]Vaporeon||Leftovers|WaterAbsorb|Protect,MuddyWater,AlluringVoice,CalmMind|Modest||M|||50|
|inactive|Battle timer is ON: inactive players will automatically lose when time's up. (requested by gundnub)
|inactive|jebward1234 has 60 seconds left.
|inactive|gundnub has 60 seconds left.
|inactive|jebward1234 has 30 seconds left.
|inactive|jebward1234 has 20 seconds left.
|inactive|jebward1234 has 15 seconds left.
|inactive|jebward1234 has 10 seconds left.
|
|t:|1783473774
|teamsize|p1|4
|teamsize|p2|4
|start
|switch|p1a: Gliscor|Gliscor, L50, F|100/100
|switch|p1b: Wyrdeer|Wyrdeer, L50, M|100/100
|switch|p2a: Pidgeot|Pidgeot, L50, F|100/100
|switch|p2b: Floette|Floette-Eternal, L50, F|100/100
|-ability|p1b: Wyrdeer|Intimidate|boost
|-unboost|p2a: Pidgeot|atk|1
|-unboost|p2b: Floette|atk|1
|turn|1
|inactive|jebward1234 has 30 seconds left.
|inactive|gundnub has 30 seconds left.
|inactive|gundnub has 20 seconds left.
|inactive|gundnub has 15 seconds left.
|inactive|gundnub has 10 seconds left.
|
|t:|1783473820
|switch|p1a: Skeledirge|Skeledirge, L50, F|100/100
|detailschange|p2a: Pidgeot|Pidgeot-Mega, L50, F
|-mega|p2a: Pidgeot|Pidgeot|Pidgeotite
|move|p2a: Pidgeot|Hurricane|p1b: Wyrdeer
|-damage|p1b: Wyrdeer|60/100
|move|p2b: Floette|Moonblast|p1b: Wyrdeer
|-damage|p1b: Wyrdeer|10/100
|-enditem|p1b: Wyrdeer|Sitrus Berry|[eat]
|-heal|p1b: Wyrdeer|34/100|[from] item: Sitrus Berry
|move|p1b: Wyrdeer|Trick Room|p1b: Wyrdeer
|-fieldstart|move: Trick Room|[of] p1b: Wyrdeer
|
|upkeep
|turn|2
|inactive|jebward1234 has 30 seconds left.
|inactive|gundnub has 30 seconds left.
|inactive|jebward1234 has 20 seconds left.
|inactive|gundnub has 20 seconds left.
|inactive|jebward1234 has 15 seconds left.
|
|t:|1783473862
|switch|p2b: Krookodile|Krookodile, L50, M|100/100
|-ability|p2b: Krookodile|Intimidate|boost
|-unboost|p1a: Skeledirge|atk|1
|-unboost|p1b: Wyrdeer|atk|1
|move|p1b: Wyrdeer|Gravity|p1b: Wyrdeer
|-fieldstart|move: Gravity
|move|p1a: Skeledirge|Torch Song|p2a: Pidgeot
|-damage|p2a: Pidgeot|58/100
|-boost|p1a: Skeledirge|spa|1
|move|p2a: Pidgeot|Hurricane|p1b: Wyrdeer
|-damage|p1b: Wyrdeer|0 fnt
|faint|p1b: Wyrdeer
|
|upkeep
|
|t:|1783473884
|switch|p1b: Toxicroak|Toxicroak, L50, M|100/100
|turn|3
|
|t:|1783473912
|switch|p2b: Toxicroak|Toxicroak, L50, M|100/100
|move|p2a: Pidgeot|Protect|p2a: Pidgeot
|-singleturn|p2a: Pidgeot|Protect
|move|p1b: Toxicroak|Fake Out|p2b: Toxicroak
|-damage|p2b: Toxicroak|78/100
|move|p1a: Skeledirge|Torch Song|p2a: Pidgeot
|-activate|p2a: Pidgeot|move: Protect
|
|upkeep
|turn|4
|
|t:|1783473935
|switch|p1b: Gliscor|Gliscor, L50, F|100/100
|move|p2b: Toxicroak|Fake Out|p1b: Gliscor
|-damage|p1b: Gliscor|89/100
|move|p1a: Skeledirge|Torch Song|p2a: Pidgeot
|-damage|p2a: Pidgeot|0 fnt
|-boost|p1a: Skeledirge|spa|1
|faint|p2a: Pidgeot
|
|upkeep
|
|t:|1783473957
|switch|p2a: Floette|Floette-Eternal, L50, F|100/100
|turn|5
|
|t:|1783473975
|switch|p1b: Toxicroak|Toxicroak, L50, M|100/100
|move|p1a: Skeledirge|Torch Song|p2b: Toxicroak
|-damage|p2b: Toxicroak|0 fnt
|-boost|p1a: Skeledirge|spa|1
|faint|p2b: Toxicroak
|move|p2a: Floette|Light of Ruin|p1b: Toxicroak
|-enditem|p1b: Toxicroak|Focus Sash
|-damage|p1b: Toxicroak|1/100
|-damage|p2a: Floette|49/100|[from] Recoil
|
|-fieldend|move: Trick Room
|upkeep
|
|t:|1783473980
|switch|p2b: Krookodile|Krookodile, L50, M|100/100
|-ability|p2b: Krookodile|Intimidate|boost
|-unboost|p1a: Skeledirge|atk|1
|-unboost|p1b: Toxicroak|atk|1
|turn|6
|
|t:|1783474000
|move|p1b: Toxicroak|Fake Out|p2b: Krookodile
|-damage|p2b: Krookodile|89/100
|move|p2a: Floette|Dazzling Gleam|p1a: Skeledirge|[spread] p1a,p1b
|-resisted|p1a: Skeledirge|1
|-damage|p1a: Skeledirge|83/100
|-damage|p1b: Toxicroak|0 fnt
|faint|p1b: Toxicroak
|cant|p2b: Krookodile|flinch
|move|p1a: Skeledirge|Torch Song|p2a: Floette
|-damage|p2a: Floette|0 fnt
|-boost|p1a: Skeledirge|spa|1
|faint|p2a: Floette
|
|-heal|p1a: Skeledirge|89/100|[from] item: Leftovers
|-fieldend|move: Gravity
|upkeep
|
|t:|1783474013
|switch|p1b: Gliscor|Gliscor, L50, F|89/100
|turn|7
|-message|gundnub forfeited.
|
|win|jebward1234
||gundnub is ready for game 2.
||jebward1234 is ready for game 2.
|uhtml|next|Next: Game 2 of 3
|l|☆jebward1234
|player|p1|
