|j|☆DibraldinhoVGC
|j|☆MajinFlavio
|html|DibraldinhoVGCMajinFlavio    
|uhtml|bestof|Game 3 of a best-of-3
|t:|1782394922
|gametype|doubles
|player|p1|DibraldinhoVGC|2|1080
|player|p2|MajinFlavio|palmer|1190
|gen|9
|tier|[Gen 9 Champions] VGC 2026 Reg M-B (Bo3)
|rated|
|rule|Species Clause: Limit one of each Pokémon
|rule|Item Clause: Limit 1 of each item
|clearpoke
|poke|p1|Staraptor, L50, F|
|poke|p1|Typhlosion-Hisui, L50, F|
|poke|p1|Gholdengo, L50|
|poke|p1|Whimsicott, L50, F|
|poke|p1|Garchomp, L50, M|
|poke|p1|Farigiraf, L50, F|
|poke|p2|Sableye, L50, M|
|poke|p2|Malamar, L50, M|
|poke|p2|Grimmsnarl, L50, M|
|poke|p2|Ceruledge, L50, M|
|poke|p2|Sinistcha, L50|
|poke|p2|Sneasler, L50, M|
|teampreview|4
|showteam|p1|Staraptor||Staraptite|Intimidate|BraveBird,CloseCombat,Roost,Protect|Jolly||F|||50|]Typhlosion-Hisui||ChoiceScarf|Frisk|Eruption,ShadowBall,BurnUp,HeatWave|Modest||F|||50|]Gholdengo||ExpertBelt|GoodasGold|MakeItRain,ShadowBall,PowerGem,Protect|Timid|||||50|]Whimsicott||FocusSash|Prankster|Moonblast,Tailwind,Encore,FakeTears|Timid||F|||50|]Garchomp||LifeOrb|RoughSkin|DragonClaw,Earthquake,RockSlide,Protect|Jolly||M|||50|]Farigiraf||SitrusBerry|ArmorTail|Psychic,HelpingHand,TrickRoom,Protect|Bold||F|||50|
|showteam|p2|Sableye||FocusSash|Prankster|WillOWisp,Encore,Disable,SunnyDay|Impish||M|||50|]Malamar||Malamarite|Contrary|Superpower,PsychoCut,KnockOff,Protect|Adamant||M|||50|]Grimmsnarl||LightClay|Prankster|FakeOut,LightScreen,PartingShot,ScaryFace|Impish||M|||50|]Ceruledge||ColburBerry|FlashFire|BitterBlade,ShadowSneak,BulkUp,Protect|Adamant||M|||50|]Sinistcha||KasibBerry|Hospitality|MatchaGotcha,RagePowder,StrengthSap,LifeDew|Calm|||||50|]Sneasler||WhiteHerb|Unburden|FakeOut,CloseCombat,DireClaw,Protect|Adamant||M|||50|
|
|t:|1782394991
|teamsize|p1|4
|teamsize|p2|4
|start
|switch|p1a: Typhlosion|Typhlosion-Hisui, L50, F|100/100
|switch|p1b: Whimsicott|Whimsicott, L50, F|100/100
|switch|p2a: Grimmsnarl|Grimmsnarl, L50, M|100/100
|switch|p2b: Malamar|Malamar, L50, M|100/100
|-item|p2a: Grimmsnarl|Light Clay|[from] ability: Frisk|[of] p1a: Typhlosion
|-item|p2b: Malamar|Malamarite|[from] ability: Frisk|[of] p1a: Typhlosion
|turn|1
|inactive|Battle timer is ON: inactive players will automatically lose when time's up. (requested by DibraldinhoVGC)
|inactive|DibraldinhoVGC has 60 seconds left.
|inactive|MajinFlavio has 60 seconds left.
|
|t:|1782395052
|detailschange|p2b: Malamar|Malamar-Mega, L50, M
|-mega|p2b: Malamar|Malamar|Malamarite
|move|p2b: Malamar|Protect|p2b: Malamar
|-singleturn|p2b: Malamar|Protect
|move|p2a: Grimmsnarl|Light Screen|p2a: Grimmsnarl
|-sidestart|p2: MajinFlavio|move: Light Screen
|move|p1a: Typhlosion|Shadow Ball|p2a: Grimmsnarl
|-resisted|p2a: Grimmsnarl|1
|-damage|p2a: Grimmsnarl|85/100
|-unboost|p2a: Grimmsnarl|spd|1
|move|p1b: Whimsicott|Moonblast|p2b: Malamar
|-activate|p2b: Malamar|move: Protect
|
|upkeep
|turn|2
|inactive|MajinFlavio has 30 seconds left.
|inactive|MajinFlavio has 20 seconds left.
|inactive|MajinFlavio has 15 seconds left.
|
|t:|1782395093
|move|p2a: Grimmsnarl|Scary Face|p2b: Malamar
|-boost|p2b: Malamar|spe|2
|move|p2b: Malamar|Superpower|p1b: Whimsicott
|-resisted|p1b: Whimsicott|1
|-damage|p1b: Whimsicott|70/100
|-boost|p2b: Malamar|atk|1
|-boost|p2b: Malamar|def|1
|move|p1a: Typhlosion|Shadow Ball|p2b: Malamar
|-damage|p2b: Malamar|75/100
|move|p1b: Whimsicott|Moonblast|p2b: Malamar
|-supereffective|p2b: Malamar|1
|-damage|p2b: Malamar|38/100
|-boost|p2b: Malamar|spa|1
|
|upkeep
|turn|3
|inactive|DibraldinhoVGC has 30 seconds left.
|inactive|MajinFlavio has 30 seconds left.
|
|t:|1782395124
|move|p2b: Malamar|Protect|p2b: Malamar
|-singleturn|p2b: Malamar|Protect
|move|p1b: Whimsicott|Tailwind|p1b: Whimsicott
|-sidestart|p1: DibraldinhoVGC|move: Tailwind
|move|p2a: Grimmsnarl|Parting Shot|p1b: Whimsicott
|-unboost|p1b: Whimsicott|atk|1
|-unboost|p1b: Whimsicott|spa|1
|
|t:|1782395131
|switch|p2a: Sinistcha|Sinistcha, L50|100/100|[from] Parting Shot
|-heal|p2b: Malamar|63/100|[from] ability: Hospitality|[of] p2a: Sinistcha
|move|p1a: Typhlosion|Shadow Ball|p2b: Malamar
|-activate|p2b: Malamar|move: Protect
|
|upkeep
|turn|4
|
|t:|1782395149
|move|p2a: Sinistcha|Rage Powder|p2a: Sinistcha
|-singleturn|p2a: Sinistcha|move: Rage Powder
|move|p1a: Typhlosion|Shadow Ball|p2a: Sinistcha
|-supereffective|p2a: Sinistcha|1
|-enditem|p2a: Sinistcha|Kasib Berry|[eat]
|-enditem|p2a: Sinistcha|Kasib Berry|[weaken]
|-damage|p2a: Sinistcha|74/100
|move|p1b: Whimsicott|Moonblast|p2b: Malamar
|-supereffective|p2b: Malamar|1
|-damage|p2b: Malamar|38/100
|move|p2b: Malamar|Psycho Cut|p1b: Whimsicott
|-damage|p1b: Whimsicott|0 fnt
|faint|p1b: Whimsicott
|
|upkeep
|inactive|DibraldinhoVGC has 30 seconds left.
|inactive|DibraldinhoVGC has 20 seconds left.
|
|t:|1782395189
|switch|p1b: Gholdengo|Gholdengo, L50|100/100
|turn|5
|inactive|DibraldinhoVGC has 30 seconds left.
|
|t:|1782395216
|switch|p2a: Grimmsnarl|Grimmsnarl, L50, M|85/100
|move|p2b: Malamar|Protect|p2b: Malamar
|-singleturn|p2b: Malamar|Protect
|move|p1a: Typhlosion|Shadow Ball|p2a: Grimmsnarl
|-resisted|p2a: Grimmsnarl|1
|-damage|p2a: Grimmsnarl|70/100
|move|p1b: Gholdengo|Shadow Ball|p2a: Grimmsnarl
|-resisted|p2a: Grimmsnarl|1
|-damage|p2a: Grimmsnarl|56/100
|-unboost|p2a: Grimmsnarl|spd|1
|
|upkeep
|turn|6
|inactive|MajinFlavio has 30 seconds left.
|
|t:|1782395250
|move|p2a: Grimmsnarl|Parting Shot|p1a: Typhlosion
|-unboost|p1a: Typhlosion|atk|1
|-unboost|p1a: Typhlosion|spa|1
|
|t:|1782395253
|switch|p2a: Sinistcha|Sinistcha, L50|74/100|[from] Parting Shot
|-heal|p2b: Malamar|63/100|[from] ability: Hospitality|[of] p2a: Sinistcha
|move|p1a: Typhlosion|Shadow Ball|p2b: Malamar
|-damage|p2b: Malamar|46/100
|move|p1b: Gholdengo|Make It Rain|p2b: Malamar|[spread] p2a,p2b
|-damage|p2a: Sinistcha|46/100
|-damage|p2b: Malamar|21/100
|-unboost|p1b: Gholdengo|spa|2
|move|p2b: Malamar|Knock Off|p1b: Gholdengo
|-supereffective|p1b: Gholdengo|1
|-damage|p1b: Gholdengo|0 fnt
|-enditem|p1b: Gholdengo|Expert Belt|[from] move: Knock Off|[of] p2b: Malamar
|faint|p1b: Gholdengo
|
|-sideend|p1: DibraldinhoVGC|move: Tailwind
|upkeep
|
|t:|1782395266
|switch|p1b: Staraptor|Staraptor, L50, F|100/100
|-ability|p1b: Staraptor|Intimidate|boost
|-unboost|p2a: Sinistcha|atk|1
|-boost|p2b: Malamar|atk|1
|turn|7
|
|t:|1782395287
|detailschange|p1b: Staraptor|Staraptor-Mega, L50, F
|-mega|p1b: Staraptor|Staraptor|Staraptite
|move|p2a: Sinistcha|Rage Powder|p2a: Sinistcha
|-singleturn|p2a: Sinistcha|move: Rage Powder
|move|p2b: Malamar|Psycho Cut|p1b: Staraptor
|-supereffective|p1b: Staraptor|1
|-damage|p1b: Staraptor|0 fnt
|faint|p1b: Staraptor
|move|p1a: Typhlosion|Shadow Ball|p2a: Sinistcha
|-supereffective|p2a: Sinistcha|1
|-damage|p2a: Sinistcha|10/100
|
|upkeep
|turn|8
|
|t:|1782395300
|move|p2a: Sinistcha|Rage Powder|p2a: Sinistcha
|-singleturn|p2a: Sinistcha|move: Rage Powder
|move|p2b: Malamar|Knock Off|p1a: Typhlosion
|-supereffective|p1a: Typhlosion|1
|-damage|p1a: Typhlosion|0 fnt
|-enditem|p1a: Typhlosion|Choice Scarf|[from] move: Knock Off|[of] p2b: Malamar
|faint|p1a: Typhlosion
|
|win|MajinFlavio
|raw|DibraldinhoVGC's rating: 1080 → 1065(-15 for losing)
|raw|MajinFlavio's rating: 1190 → 1207(+17 for winning)
|c|☆MajinFlavio|gg
|c|☆DibraldinhoVGC|gg
|l|☆MajinFlavio
|player|p2|
