|j|☆patback0
|j|☆soulslayer9029
|html|patback0soulslayer9029    
|uhtml|bestof|Game 1 of a best-of-3
|t:|1757736697
|gametype|doubles
|player|p1|patback0|265|1059
|player|p2|soulslayer9029|170|1008
|gen|9
|tier|[Gen 9] VGC 2025 Reg H (Bo3)
|rated|
|rule|Species Clause: Limit one of each Pokémon
|rule|Item Clause: Limit 1 of each item
|clearpoke
|poke|p1|Porygon2, L50|
|poke|p1|Torkoal, L50, F|
|poke|p1|Charizard, L50, M|
|poke|p1|Jumpluff, L50, M|
|poke|p1|Ursaluna, L50, M|
|poke|p1|Incineroar, L50, M|
|poke|p2|Archaludon, L50, F|
|poke|p2|Kingdra, L50, M|
|poke|p2|Politoed, L50, M|
|poke|p2|Incineroar, L50, M|
|poke|p2|Gothitelle, L50, M|
|poke|p2|Amoonguss, L50, F|
|teampreview|4
|showteam|p1|Porygon2||Eviolite|Download|TeraBlast,IceBeam,TrickRoom,Recover||||||50|,,,,,Fighting]Torkoal||EjectPack|Drought|Eruption,Overheat,HelpingHand,Protect|||F|||50|,,,,,Fire]Charizard||ChoiceSpecs|SolarPower|HeatWave,WeatherBall,Overheat,DragonPulse|||M|||50|,,,,,Ghost]Jumpluff||CovertCloak|Chlorophyll|RagePowder,SunnyDay,Tailwind,SleepPowder|||M|||50|,,,,,Fire]Ursaluna||FlameOrb|Guts|HeadlongRush,Facade,Earthquake,Protect|||M|||50|,,,,,Ghost]Incineroar||SitrusBerry|Intimidate|FakeOut,KnockOff,FlareBlitz,PartingShot|||M|||50|,,,,,Ghost
|showteam|p2|Archaludon||PowerHerb|Stamina|Protect,ElectroShot,FlashCannon,DragonPulse|||F|||50|,,,,,Steel]Kingdra||LifeOrb|SwiftSwim|Protect,WeatherBall,MuddyWater,DracoMeteor|||M|||50|,,,,,Water]Politoed||Leftovers|Drizzle|Protect,WeatherBall,PerishSong,Encore|||M|||50|,,,,,Water]Incineroar||SafetyGoggles|Intimidate|FakeOut,PartingShot,Protect,FlareBlitz|||M|||50|,,,,,Fire]Gothitelle||SitrusBerry|ShadowTag|FakeOut,Psychic,Taunt,Protect|||M|||50|,,,,,Psychic]Amoonguss||EjectButton|Regenerator|Protect,PollenPuff,SludgeBomb,Spore|||F|||50|,,,,,Grass
|
|t:|1757736717
|teamsize|p1|4
|teamsize|p2|4
|start
|switch|p1a: Torkoal|Torkoal, L50, F|100/100
|switch|p1b: Jumpluff|Jumpluff, L50, M|100/100
|switch|p2a: Politoed|Politoed, L50, M|100/100
|switch|p2b: Kingdra|Kingdra, L50, M|100/100
|-weather|RainDance|[from] ability: Drizzle|[of] p2a: Politoed
|-weather|SunnyDay|[from] ability: Drought|[of] p1a: Torkoal
|turn|1
|
|t:|1757736754
|switch|p2a: Incineroar|Incineroar, L50, M|100/100
|-ability|p2a: Incineroar|Intimidate|boost
|-unboost|p1a: Torkoal|atk|1
|-unboost|p1b: Jumpluff|atk|1
|-enditem|p1a: Torkoal|Eject Pack
|
|t:|1757736761
|switch|p1a: Charizard|Charizard, L50, M|100/100
|move|p1b: Jumpluff|Sleep Powder|p2b: Kingdra
|-status|p2b: Kingdra|slp|[from] move: Sleep Powder
|cant|p2b: Kingdra|slp
|
|-weather|SunnyDay|[upkeep]
|-damage|p1a: Charizard|88/100|[from] ability: Solar Power|[of] p1a: Charizard
|upkeep
|turn|2
|inactive|Battle timer is ON: inactive players will automatically lose when time's up. (requested by soulslayer9029)
|
|t:|1757736801
|-terastallize|p1a: Charizard|Ghost
|move|p2a: Incineroar|Fake Out|p1a: Charizard
|-immune|p1a: Charizard
|move|p1b: Jumpluff|Tailwind|p1b: Jumpluff
|-sidestart|p1: patback0|move: Tailwind
|move|p1a: Charizard|Heat Wave|p2b: Kingdra|[spread] p2a,p2b
|-resisted|p2a: Incineroar
|-resisted|p2b: Kingdra
|-damage|p2a: Incineroar|64/100
|-damage|p2b: Kingdra|65/100 slp
|cant|p2b: Kingdra|slp
|
|-weather|SunnyDay|[upkeep]
|-damage|p1a: Charizard|76/100|[from] ability: Solar Power|[of] p1a: Charizard
|upkeep
|turn|3
|inactive|patback0 has 30 seconds left.
|inactive|patback0 has 20 seconds left.
|
|t:|1757736837
|switch|p1b: Torkoal|Torkoal, L50, F|100/100
|move|p2a: Incineroar|Protect|p2a: Incineroar
|-singleturn|p2a: Incineroar|Protect
|move|p1a: Charizard|Heat Wave|p2a: Incineroar|[spread] p2b
|-activate|p2a: Incineroar|move: Protect
|-resisted|p2b: Kingdra
|-damage|p2b: Kingdra|30/100 slp
|cant|p2b: Kingdra|slp
|
|-weather|SunnyDay|[upkeep]
|-damage|p1a: Charizard|63/100|[from] ability: Solar Power|[of] p1a: Charizard
|upkeep
|turn|4
|
|t:|1757736860
|move|p1b: Torkoal|Helping Hand|p1a: Charizard
|-singleturn|p1a: Charizard|Helping Hand|[of] p1b: Torkoal
|move|p1a: Charizard|Heat Wave|p2a: Incineroar|[spread] p2b
|-miss|p1a: Charizard|p2a: Incineroar
|-resisted|p2b: Kingdra
|-damage|p2b: Kingdra|0 fnt
|faint|p2b: Kingdra
|move|p2a: Incineroar|Parting Shot|p1b: Torkoal
|-unboost|p1b: Torkoal|atk|1
|-unboost|p1b: Torkoal|spa|1
|
|t:|1757736871
|switch|p2a: Politoed|Politoed, L50, M|100/100|[from] Parting Shot
|-weather|RainDance|[from] ability: Drizzle|[of] p2a: Politoed
|
|-weather|RainDance|[upkeep]
|upkeep
|
|t:|1757736877
|switch|p2b: Gothitelle|Gothitelle, L50, M|100/100
|turn|5
|
|t:|1757736902
|switch|p1a: Jumpluff|Jumpluff, L50, M|100/100
|move|p1b: Torkoal|Protect|p1b: Torkoal
|-singleturn|p1b: Torkoal|Protect
|move|p2a: Politoed|Weather Ball|p1b: Torkoal
|-activate|p1b: Torkoal|move: Protect
|move|p2b: Gothitelle|Psychic|p1a: Jumpluff
|-damage|p1a: Jumpluff|69/100
|
|-weather|RainDance|[upkeep]
|-sideend|p1: patback0|move: Tailwind
|upkeep
|turn|6
|
|t:|1757736925
|move|p1a: Jumpluff|Sunny Day|p1a: Jumpluff
|-weather|SunnyDay
|move|p2a: Politoed|Weather Ball|p1b: Torkoal
|-resisted|p1b: Torkoal
|-damage|p1b: Torkoal|78/100
|move|p2b: Gothitelle|Taunt|p1a: Jumpluff
|-start|p1a: Jumpluff|move: Taunt
|move|p1b: Torkoal|Eruption|p2b: Gothitelle|[spread] p2a,p2b
|-resisted|p2a: Politoed
|-damage|p2a: Politoed|85/100
|-damage|p2b: Gothitelle|75/100
|
|-weather|SunnyDay|[upkeep]
|-heal|p2a: Politoed|91/100|[from] item: Leftovers
|upkeep
|turn|7
|inactive|patback0 has 30 seconds left.
|
|t:|1757736950
|-activate|p1a: Jumpluff|move: Struggle
|move|p1a: Jumpluff|Struggle|p2b: Gothitelle
|-damage|p2b: Gothitelle|69/100
|-damage|p1a: Jumpluff|44/100|[from] recoil
|move|p2a: Politoed|Weather Ball|p1a: Jumpluff
|-supereffective|p1a: Jumpluff
|-damage|p1a: Jumpluff|0 fnt
|faint|p1a: Jumpluff
|move|p2b: Gothitelle|Psychic|p1b: Torkoal
|-damage|p1b: Torkoal|40/100
|move|p1b: Torkoal|Eruption|p2b: Gothitelle|[spread] p2a,p2b
|-resisted|p2a: Politoed
|-damage|p2a: Politoed|84/100
|-damage|p2b: Gothitelle|57/100
|
|-weather|SunnyDay|[upkeep]
|-heal|p2a: Politoed|90/100|[from] item: Leftovers
|upkeep
|
|t:|1757736967
|switch|p1a: Charizard|Charizard, L50, M, tera:Ghost|63/100
|turn|8
|
|t:|1757736979
|move|p1b: Torkoal|Helping Hand|p1a: Charizard
|-singleturn|p1a: Charizard|Helping Hand|[of] p1b: Torkoal
|move|p1a: Charizard|Heat Wave|p2b: Gothitelle|[spread] p2a,p2b
|-resisted|p2a: Politoed
|-damage|p2a: Politoed|25/100
|-damage|p2b: Gothitelle|0 fnt
|faint|p2b: Gothitelle
|move|p2a: Politoed|Weather Ball|p1a: Charizard
|-damage|p1a: Charizard|24/100
|
|-weather|SunnyDay|[upkeep]
|-damage|p1a: Charizard|12/100|[from] ability: Solar Power|[of] p1a: Charizard
|-heal|p2a: Politoed|31/100|[from] item: Leftovers
|upkeep
|
|t:|1757736991
|switch|p2b: Incineroar|Incineroar, L50, M|64/100
|-ability|p2b: Incineroar|Intimidate|boost
|-unboost|p1a: Charizard|atk|1
|-unboost|p1b: Torkoal|atk|1
|turn|9
|
|t:|1757737003
|move|p1b: Torkoal|Helping Hand|p1a: Charizard
|-singleturn|p1a: Charizard|Helping Hand|[of] p1b: Torkoal
|move|p2a: Politoed|Protect|p2a: Politoed
|-singleturn|p2a: Politoed|Protect
|move|p2b: Incineroar|Protect|p2b: Incineroar
|-singleturn|p2b: Incineroar|Protect
|move|p1a: Charizard|Heat Wave|p2a: Politoed|[spread] 
|-activate|p2a: Politoed|move: Protect
|-activate|p2b: Incineroar|move: Protect
|
|-weather|SunnyDay|[upkeep]
|-damage|p1a: Charizard|0 fnt|[from] ability: Solar Power|[of] p1a: Charizard
|faint|p1a: Charizard
|-heal|p2a: Politoed|37/100|[from] item: Leftovers
|upkeep
|
|t:|1757737017
|switch|p1a: Ursaluna|Ursaluna, L50, M|100/100
|turn|10
|
|t:|1757737038
|move|p1a: Ursaluna|Protect|p1a: Ursaluna
|-singleturn|p1a: Ursaluna|Protect
|move|p1b: Torkoal|Protect|p1b: Torkoal
|-singleturn|p1b: Torkoal|Protect
|move|p2a: Politoed|Perish Song|p2a: Politoed
|-start|p1a: Ursaluna|perish3|[silent]
|-start|p1b: Torkoal|perish3|[silent]
|-start|p2a: Politoed|perish3|[silent]
|-start|p2b: Incineroar|perish3|[silent]
|-fieldactivate|move: Perish Song
|move|p2b: Incineroar|Parting Shot|p1a: Ursaluna
|-activate|p1a: Ursaluna|move: Protect
|
|-weather|none
|-heal|p2a: Politoed|43/100|[from] item: Leftovers
|-start|p2a: Politoed|perish3
|-start|p1a: Ursaluna|perish3
|-start|p2b: Incineroar|perish3
|-start|p1b: Torkoal|perish3
|-status|p1a: Ursaluna|brn|[from] item: Flame Orb
|upkeep
|turn|11
|inactive|patback0 has 30 seconds left.
|inactive|patback0 has 20 seconds left.
|inactive|patback0 has 15 seconds left.
|
|t:|1757737080
|move|p1b: Torkoal|Helping Hand|p1a: Ursaluna
|-singleturn|p1a: Ursaluna|Helping Hand|[of] p1b: Torkoal
|move|p2a: Politoed|Protect|p2a: Politoed
|-singleturn|p2a: Politoed|Protect
|move|p2b: Incineroar|Protect|p2b: Incineroar
|-singleturn|p2b: Incineroar|Protect
|move|p1a: Ursaluna|Earthquake|p2a: Politoed|[spread] p1b
|-activate|p2a: Politoed|move: Protect
|-activate|p2b: Incineroar|move: Protect
|-supereffective|p1b: Torkoal
|-damage|p1b: Torkoal|0 fnt
|faint|p1b: Torkoal
|
|-heal|p2a: Politoed|49/100|[from] item: Leftovers
|-damage|p1a: Ursaluna|95/100 brn|[from] brn
|-start|p2a: Politoed|perish2
|-start|p1a: Ursaluna|perish2
|-start|p2b: Incineroar|perish2
|upkeep
|turn|12
|inactive|soulslayer9029 has 30 seconds left.
|
|t:|1757737111
|move|p2a: Politoed|Protect||[still]
|-fail|p2a: Politoed
|move|p2b: Incineroar|Protect|p2b: Incineroar
|-singleturn|p2b: Incineroar|Protect
|move|p1a: Ursaluna|Facade|p2a: Politoed
|-crit|p2a: Politoed
|-damage|p2a: Politoed|0 fnt
|faint|p2a: Politoed
|
|-damage|p1a: Ursaluna|89/100 brn|[from] brn
|-start|p1a: Ursaluna|perish1
|-start|p2b: Incineroar|perish1
|upkeep
|turn|13
|
|t:|1757737130
|move|p1a: Ursaluna|Headlong Rush|p2b: Incineroar
|-supereffective|p2b: Incineroar
|-damage|p2b: Incineroar|0 fnt
|-unboost|p1a: Ursaluna|def|1
|-unboost|p1a: Ursaluna|spd|1
|faint|p2b: Incineroar
|
|win|patback0
||patback0 is ready for game 2.
||soulslayer9029 is ready for game 2.
|uhtml|next|Next: Game 2 of 3
