|badge|p2|silver|gen9monotype|30-6
|uhtml|medal-msg|Curious what those medals under the avatar are? PS now has Ladder Seasons! For more information, check out the thread on Smogon.
|j|☆teamthief420
|j|☆DreamPrince
|html|teamthief420DreamPrince    
|uhtml|bestof|Game 2 of a best-of-3
|t:|1754970332
|gametype|doubles
|player|p1|teamthief420|scientist-gen4dp|1260
|player|p2|DreamPrince|dahlia|1224
|gen|9
|tier|[Gen 9] VGC 2025 Reg H (Bo3)
|rated|
|rule|Species Clause: Limit one of each Pokémon
|rule|Item Clause: Limit 1 of each item
|clearpoke
|poke|p1|Gholdengo, L50|
|poke|p1|Incineroar, L50, F|
|poke|p1|Ursaluna-Bloodmoon, L50, M|
|poke|p1|Whimsicott, L50, F|
|poke|p1|Porygon2, L50|
|poke|p1|Sneasler, L50, M|
|poke|p2|Ninetales-Alola, L50, F|
|poke|p2|Kommo-o, L50, M|
|poke|p2|Glaceon, L50, F|
|poke|p2|Greninja-*, L50, M|
|poke|p2|Milotic, L50, F|
|poke|p2|Talonflame, L50, M|
|teampreview|4
|showteam|p1|Gholdengo||MetalCoat|GoodasGold|MakeItRain,ShadowBall,NastyPlot,Protect||||||50|,,,,,Dragon]Incineroar||SafetyGoggles|Intimidate|FlareBlitz,KnockOff,FakeOut,PartingShot|||F|||50|,,,,,Ghost]Ursaluna-Bloodmoon||LifeOrb|MindsEye|HyperVoice,EarthPower,BloodMoon,Protect|||M|||50|,,,,,Normal]Whimsicott||FocusSash|Prankster|Moonblast,Tailwind,Encore,Protect|||F|||50|,,,,,Ghost]Porygon2||Eviolite|Download|TeraBlast,IceBeam,TrickRoom,Recover||||||50|,,,,,Ground]Sneasler||WhiteHerb|Unburden|DireClaw,CloseCombat,ThroatChop,Protect|||M|||50|,,,,,Dark
|showteam|p2|Ninetales-Alola||LightClay|SnowWarning|AuroraVeil,Blizzard,Moonblast,Encore|||F|||50|,,,,,Water]Kommo-o||Leftovers|Bulletproof|IronDefense,BodyPress,Flamethrower,Protect|||M|||50|,,,,,Steel]Glaceon||LifeOrb|SnowCloak|Blizzard,FreezeDry,WaterPulse,Detect|||F|||50|,,,,,Water]Greninja||ChoiceSpecs|Protean|Blizzard,HydroPump,DarkPulse,GrassKnot|||M|||50|,,,,,Ice]Milotic||SitrusBerry|Competitive|Coil,Hypnosis,MuddyWater,Recover|||F|||50|,,,,,Dragon]Talonflame||ExpertBelt|GaleWings|QuickGuard,DualWingbeat,Tailwind,FlareBlitz|||M|||50|,,,,,Fire
|
|t:|1754970394
|teamsize|p1|4
|teamsize|p2|4
|start
|switch|p1a: Porygon2|Porygon2, L50|100/100
|switch|p1b: Incineroar|Incineroar, L50, F|100/100
|switch|p2a: Ninetales|Ninetales-Alola, L50, F|100/100
|switch|p2b: Milotic|Milotic, L50, F|100/100
|-weather|Snowscape|[from] ability: Snow Warning|[of] p2a: Ninetales
|-ability|p1b: Incineroar|Intimidate|boost
|-unboost|p2a: Ninetales|atk|1
|-unboost|p2b: Milotic|atk|1
|-ability|p2b: Milotic|Competitive|boost
|-boost|p2b: Milotic|spa|2
|-ability|p1a: Porygon2|Download|boost
|-boost|p1a: Porygon2|atk|1
|turn|1
|
|t:|1754970425
|move|p1b: Incineroar|Fake Out|p2b: Milotic
|-damage|p2b: Milotic|88/100
|move|p2a: Ninetales|Aurora Veil|p2a: Ninetales
|-sidestart|p2: DreamPrince|move: Aurora Veil
|cant|p2b: Milotic|flinch
|move|p1a: Porygon2|Trick Room|p1a: Porygon2
|-fieldstart|move: Trick Room|[of] p1a: Porygon2
|
|-weather|Snowscape|[upkeep]
|upkeep
|turn|2
|
|t:|1754970445
|move|p1a: Porygon2|Tera Blast|p2b: Milotic
|-damage|p2b: Milotic|73/100
|move|p1b: Incineroar|Knock Off|p2b: Milotic
|-damage|p2b: Milotic|43/100
|-enditem|p2b: Milotic|Sitrus Berry|[from] move: Knock Off|[of] p1b: Incineroar
|move|p2b: Milotic|Coil|p2b: Milotic
|-boost|p2b: Milotic|atk|1
|-boost|p2b: Milotic|def|1
|-boost|p2b: Milotic|accuracy|1
|move|p2a: Ninetales|Encore|p1a: Porygon2
|-start|p1a: Porygon2|Encore
|
|-weather|Snowscape|[upkeep]
|upkeep
|turn|3
|
|t:|1754970481
|move|p1a: Porygon2|Tera Blast|p2b: Milotic
|-damage|p2b: Milotic|29/100
|move|p1b: Incineroar|Parting Shot|p2a: Ninetales
|-unboost|p2a: Ninetales|atk|1
|-unboost|p2a: Ninetales|spa|1
|
|t:|1754970491
|switch|p1b: Sneasler|Sneasler, L50, M|100/100|[from] Parting Shot
|move|p2b: Milotic|Recover|p2b: Milotic
|-heal|p2b: Milotic|80/100
|move|p2a: Ninetales|Blizzard|p1b: Sneasler|[spread] p1a,p1b
|-damage|p1a: Porygon2|89/100
|-damage|p1b: Sneasler|75/100
|
|-weather|Snowscape|[upkeep]
|upkeep
|turn|4
|
|t:|1754970504
|switch|p2a: Kommo-o|Kommo-o, L50, M|100/100
|move|p1a: Porygon2|Tera Blast|p2a: Kommo-o
|-damage|p2a: Kommo-o|82/100
|move|p2b: Milotic|Muddy Water|p1b: Sneasler|[spread] p1a,p1b
|-damage|p1a: Porygon2|65/100
|-damage|p1b: Sneasler|23/100
|move|p1b: Sneasler|Dire Claw|p2a: Kommo-o
|-damage|p2a: Kommo-o|62/100
|-status|p2a: Kommo-o|slp
|
|-weather|Snowscape|[upkeep]
|-heal|p2a: Kommo-o|69/100 slp|[from] item: Leftovers
|upkeep
|turn|5
|
|t:|1754970531
|move|p1b: Sneasler|Protect|p1b: Sneasler
|-singleturn|p1b: Sneasler|Protect
|move|p1a: Porygon2|Tera Blast|p2b: Milotic
|-damage|p2b: Milotic|65/100
|move|p2b: Milotic|Coil|p2b: Milotic
|-boost|p2b: Milotic|atk|1
|-boost|p2b: Milotic|def|1
|-boost|p2b: Milotic|accuracy|1
|cant|p2a: Kommo-o|slp
|
|-weather|none
|-heal|p2a: Kommo-o|75/100 slp|[from] item: Leftovers
|-end|p1a: Porygon2|Encore
|-fieldend|move: Trick Room
|upkeep
|turn|6
|
|t:|1754970547
|switch|p1a: Gholdengo|Gholdengo, L50|100/100
|move|p1b: Sneasler|Dire Claw|p2b: Milotic
|-damage|p2b: Milotic|50/100
|-status|p2b: Milotic|psn
|cant|p2a: Kommo-o|slp
|move|p2b: Milotic|Muddy Water|p1b: Sneasler|[spread] p1a,p1b
|-damage|p1a: Gholdengo|53/100
|-damage|p1b: Sneasler|0 fnt
|faint|p1b: Sneasler
|
|-heal|p2a: Kommo-o|81/100 slp|[from] item: Leftovers
|-damage|p2b: Milotic|37/100 psn|[from] psn
|upkeep
|
|t:|1754970557
|switch|p1b: Porygon2|Porygon2, L50|65/100
|-ability|p1b: Porygon2|Download|boost
|-boost|p1b: Porygon2|spa|1
|turn|7
|
|t:|1754970596
|cant|p2a: Kommo-o|slp
|move|p2b: Milotic|Hypnosis|p1b: Porygon2
|-status|p1b: Porygon2|slp|[from] move: Hypnosis
|move|p1a: Gholdengo|Nasty Plot|p1a: Gholdengo
|-boost|p1a: Gholdengo|spa|2
|cant|p1b: Porygon2|slp
|
|-heal|p2a: Kommo-o|87/100 slp|[from] item: Leftovers
|-damage|p2b: Milotic|25/100 psn|[from] psn
|upkeep
|turn|8
|
|t:|1754970635
|-terastallize|p2a: Kommo-o|Steel
|-terastallize|p1a: Gholdengo|Dragon
|-curestatus|p2a: Kommo-o|slp|[msg]
|move|p2a: Kommo-o|Body Press|p1b: Porygon2
|-supereffective|p1b: Porygon2
|-damage|p1b: Porygon2|21/100 slp
|move|p2b: Milotic|Muddy Water|p1a: Gholdengo|[spread] p1a,p1b
|-resisted|p1a: Gholdengo
|-crit|p1a: Gholdengo
|-damage|p1a: Gholdengo|23/100
|-damage|p1b: Porygon2|0 fnt
|faint|p1b: Porygon2
|move|p1a: Gholdengo|Make It Rain|p2b: Milotic|[spread] p2a,p2b
|-resisted|p2a: Kommo-o
|-resisted|p2b: Milotic
|-damage|p2a: Kommo-o|57/100
|-damage|p2b: Milotic|2/100 psn
|-unboost|p1a: Gholdengo|spa|1
|
|-heal|p2a: Kommo-o|63/100|[from] item: Leftovers
|-damage|p2b: Milotic|0 fnt|[from] psn
|faint|p2b: Milotic
|-sideend|p2: DreamPrince|move: Aurora Veil
|upkeep
|
|t:|1754970649
|switch|p2b: Ninetales|Ninetales-Alola, L50, F|100/100
|switch|p1b: Incineroar|Incineroar, L50, F|100/100
|-weather|Snowscape|[from] ability: Snow Warning|[of] p2b: Ninetales
|-ability|p1b: Incineroar|Intimidate|boost
|-unboost|p2a: Kommo-o|atk|1
|-unboost|p2b: Ninetales|atk|1
|turn|9
|
|t:|1754970660
|move|p1b: Incineroar|Fake Out|p2b: Ninetales
|-damage|p2b: Ninetales|89/100
|cant|p2b: Ninetales|flinch
|move|p2a: Kommo-o|Body Press|p1a: Gholdengo
|-damage|p1a: Gholdengo|0 fnt
|faint|p1a: Gholdengo
|
|-weather|Snowscape|[upkeep]
|-heal|p2a: Kommo-o|69/100|[from] item: Leftovers
|upkeep
|turn|10
|-message|teamthief420 forfeited.
|
|win|DreamPrince
|raw|teamthief420's rating: 1260 → 1232(-28 for losing)
|raw|DreamPrince's rating: 1224 → 1252(+28 for winning)
