|j|☆musse67
|j|☆Krowl3x
|html|musse67Krowl3x    
|uhtml|bestof|Game 2 of a best-of-3
|t:|1784743424
|gametype|doubles
|player|p1|musse67|skier|1090
|player|p2|Krowl3x|lucas|1039
|gen|9
|tier|[Gen 9 Champions] VGC 2026 Reg M-B (Bo3)
|rated|
|rule|Species Clause: Limit one of each Pokémon
|rule|Item Clause: Limit 1 of each item
|clearpoke
|poke|p1|Farigiraf, L50, F|
|poke|p1|Tyranitar, L50, F|
|poke|p1|Steelix, L50, F|
|poke|p1|Sinistcha-Masterpiece, L50|
|poke|p1|Rotom-Wash, L50|
|poke|p1|Talonflame, L50, M|
|poke|p2|Tyranitar, L50, F|
|poke|p2|Excadrill, L50, M|
|poke|p2|Milotic, L50, M|
|poke|p2|Sinistcha, L50|
|poke|p2|Staraptor, L50, M|
|poke|p2|Gholdengo, L50|
|teampreview|4
|showteam|p1|Farigiraf||ColburBerry|ArmorTail|TrickRoom,Psychic,Thunderbolt,Protect|Bold||F|||50|]Tyranitar||Tyranitarite|SandStream|RockSlide,KnockOff,LowKick,Protect|Jolly||F|||50|]Steelix||Steelixite|Sturdy|HeavySlam,HighHorsepower,WideGuard,Protect|Brave||F|||50|]Sinistcha-Masterpiece||SitrusBerry|Hospitality|TrickRoom,MatchaGotcha,RagePowder,Protect|Relaxed|||||50|]Rotom-Wash||Leftovers|Levitate|HydroPump,Thunderbolt,WillOWisp,Protect|Calm|||||50|]Talonflame||FocusSash|GaleWings|Tailwind,FlareBlitz,BraveBird,Taunt|Jolly||M|||50|
|showteam|p2|Tyranitar||Tyranitarite|SandStream|RockSlide,KnockOff,HighHorsepower,Protect|Jolly||F|||50|]Excadrill||FocusSash|SandRush|IronHead,Earthquake,RockSlide,Protect|Jolly||M|||50|]Milotic||SitrusBerry|Competitive|Scald,IcyWind,Haze,Protect|Calm||M|||50|]Sinistcha||ColburBerry|Hospitality|MatchaGotcha,ShadowBall,Protect,RagePowder|Bold|||||50|]Staraptor||Staraptite|Intimidate|CloseCombat,BraveBird,Tailwind,Protect|Jolly||M|||50|]Gholdengo||LifeOrb|GoodasGold|ShadowBall,MakeItRain,NastyPlot,Protect|Modest|||||50|
|
|t:|1784743434
|teamsize|p1|4
|teamsize|p2|4
|start
|switch|p1a: Farigiraf|Farigiraf, L50, F|100/100
|switch|p1b: Tyranitar|Tyranitar, L50, F|100/100
|switch|p2a: Staraptor|Staraptor, L50, M|100/100
|switch|p2b: Gholdengo|Gholdengo, L50|100/100
|-ability|p2a: Staraptor|Intimidate|boost
|-unboost|p1a: Farigiraf|atk|1
|-unboost|p1b: Tyranitar|atk|1
|-weather|Sandstorm|[from] ability: Sand Stream|[of] p1b: Tyranitar
|turn|1
|inactive|Battle timer is ON: inactive players will automatically lose when time's up. (requested by musse67)
|
|t:|1784743453
|detailschange|p2a: Staraptor|Staraptor-Mega, L50, M
|-mega|p2a: Staraptor|Staraptor|Staraptite
|move|p1b: Tyranitar|Protect|p1b: Tyranitar
|-singleturn|p1b: Tyranitar|Protect
|move|p2a: Staraptor|Close Combat|p1b: Tyranitar
|-activate|p1b: Tyranitar|move: Protect
|move|p2b: Gholdengo|Nasty Plot|p2b: Gholdengo
|-boost|p2b: Gholdengo|spa|2
|move|p1a: Farigiraf|Trick Room|p1a: Farigiraf
|-fieldstart|move: Trick Room|[of] p1a: Farigiraf
|
|-weather|Sandstorm|[upkeep]
|-damage|p1a: Farigiraf|93/100|[from] Sandstorm
|-damage|p2a: Staraptor|94/100|[from] Sandstorm
|upkeep
|turn|2
|
|t:|1784743474
|move|p2a: Staraptor|Protect|p2a: Staraptor
|-singleturn|p2a: Staraptor|Protect
|move|p1a: Farigiraf|Thunderbolt|p2a: Staraptor
|-activate|p2a: Staraptor|move: Protect
|move|p1b: Tyranitar|Knock Off|p2b: Gholdengo
|-supereffective|p2b: Gholdengo|1
|-damage|p2b: Gholdengo|49/100
|-enditem|p2b: Gholdengo|Life Orb|[from] move: Knock Off|[of] p1b: Tyranitar
|move|p2b: Gholdengo|Make It Rain|p1a: Farigiraf|[spread] p1a,p1b
|-supereffective|p1b: Tyranitar|1
|-damage|p1a: Farigiraf|13/100
|-damage|p1b: Tyranitar|0 fnt
|-unboost|p2b: Gholdengo|spa|2
|faint|p1b: Tyranitar
|
|-weather|Sandstorm|[upkeep]
|-damage|p1a: Farigiraf|7/100|[from] Sandstorm
|-damage|p2a: Staraptor|88/100|[from] Sandstorm
|upkeep
|
|t:|1784743490
|switch|p1b: Steelix|Steelix, L50, F|100/100
|turn|3
|
|t:|1784743507
|detailschange|p1b: Steelix|Steelix-Mega, L50, F
|-mega|p1b: Steelix|Steelix|Steelixite
|move|p1b: Steelix|Heavy Slam|p2a: Staraptor
|-damage|p2a: Staraptor|2/100
|move|p1a: Farigiraf|Psychic|p2a: Staraptor
|-supereffective|p2a: Staraptor|1
|-damage|p2a: Staraptor|0 fnt
|faint|p2a: Staraptor
|move|p2b: Gholdengo|Nasty Plot|p2b: Gholdengo
|-boost|p2b: Gholdengo|spa|2
|
|-weather|Sandstorm|[upkeep]
|-damage|p1a: Farigiraf|1/100|[from] Sandstorm
|upkeep
|
|t:|1784743518
|switch|p2a: Excadrill|Excadrill, L50, M|100/100
|turn|4
|
|t:|1784743530
|move|p2b: Gholdengo|Protect|p2b: Gholdengo
|-singleturn|p2b: Gholdengo|Protect
|move|p1b: Steelix|High Horsepower|p2a: Excadrill
|-supereffective|p2a: Excadrill|1
|-enditem|p2a: Excadrill|Focus Sash
|-damage|p2a: Excadrill|1/100
|move|p1a: Farigiraf|Thunderbolt|p2b: Gholdengo
|-activate|p2b: Gholdengo|move: Protect
|move|p2a: Excadrill|Earthquake|p1a: Farigiraf|[spread] p1a,p1b
|-activate|p2b: Gholdengo|move: Protect
|-supereffective|p1b: Steelix|1
|-damage|p1a: Farigiraf|0 fnt
|-damage|p1b: Steelix|60/100
|faint|p1a: Farigiraf
|
|-weather|Sandstorm|[upkeep]
|upkeep
|
|t:|1784743536
|switch|p1a: Talonflame|Talonflame, L50, M|100/100
|turn|5
|
|t:|1784743551
|move|p1a: Talonflame|Tailwind|p1a: Talonflame
|-sidestart|p1: musse67|move: Tailwind
|move|p1b: Steelix|High Horsepower|p2b: Gholdengo
|-supereffective|p2b: Gholdengo|1
|-damage|p2b: Gholdengo|0 fnt
|faint|p2b: Gholdengo
|move|p2a: Excadrill|Rock Slide|p1a: Talonflame|[spread] p1a,p1b
|-supereffective|p1a: Talonflame|2
|-resisted|p1b: Steelix|2
|-enditem|p1a: Talonflame|Focus Sash
|-damage|p1a: Talonflame|1/100
|-damage|p1b: Steelix|58/100
|
|-weather|none
|-fieldend|move: Trick Room
|upkeep
|
|t:|1784743562
|switch|p2b: Sinistcha|Sinistcha, L50|100/100
|-heal|p2a: Excadrill|25/100|[from] ability: Hospitality|[of] p2b: Sinistcha
|turn|6
|
|t:|1784743577
|move|p2a: Excadrill|Protect|p2a: Excadrill
|-singleturn|p2a: Excadrill|Protect
|move|p1a: Talonflame|Brave Bird|p2b: Sinistcha
|-supereffective|p2b: Sinistcha|1
|-damage|p2b: Sinistcha|31/100
|-damage|p1a: Talonflame|0 fnt|[from] Recoil
|faint|p1a: Talonflame
|move|p1b: Steelix|High Horsepower|p2a: Excadrill
|-activate|p2a: Excadrill|move: Protect
|move|p2b: Sinistcha|Shadow Ball|p1b: Steelix
|-damage|p1b: Steelix|25/100
|
|upkeep
|turn|7
|
|t:|1784743596
|move|p2a: Excadrill|Earthquake|p1b: Steelix|[spread] p2b,p1b
|-resisted|p2b: Sinistcha|1
|-supereffective|p1b: Steelix|1
|-crit|p1b: Steelix
|-damage|p2b: Sinistcha|14/100
|-damage|p1b: Steelix|0 fnt
|faint|p1b: Steelix
|
|win|Krowl3x
|raw|musse67's rating: 1090 → 1063(-27 for losing)
|raw|Krowl3x's rating: 1039 → 1078(+39 for winning)
|l|☆musse67
|player|p1|
