|j|☆ThisIsAnOutsider
|j|☆liv&large27
|html|ThisIsAnOutsiderliv&large27    
|uhtml|bestof|Game 2 of a best-of-3
|t:|1757700047
|gametype|doubles
|player|p1|ThisIsAnOutsider|1|1270
|player|p2|liv&large27|n|1325
|gen|9
|tier|[Gen 9] VGC 2025 Reg H (Bo3)
|rated|
|rule|Species Clause: Limit one of each Pokémon
|rule|Item Clause: Limit 1 of each item
|clearpoke
|poke|p1|Ninetales-Alola, L50, F|
|poke|p1|Annihilape, L50, M|
|poke|p1|Magmar, L50, M|
|poke|p1|Dragonite, L50, M|
|poke|p1|Gholdengo, L50|
|poke|p1|Ursaluna-Bloodmoon, L50, M|
|poke|p2|Blastoise, L50, F|
|poke|p2|Sneasler, L50, M|
|poke|p2|Whimsicott, L50, M|
|poke|p2|Ursaluna, L50, M|
|poke|p2|Dragonite, L50, M|
|poke|p2|Annihilape, L50, F|
|teampreview|4
|showteam|p1|Ninetales-Alola||LightClay|SnowWarning|Blizzard,IcyWind,AuroraVeil,Encore|||F|||50|,,,,,Ghost]Annihilape||SafetyGoggles|Defiant|RageFist,DrainPunch,BulkUp,Protect|||M|||50|,,,,,Fire]Magmar||Eviolite|FlameBody|Flamethrower,ClearSmog,FollowMe,Protect|||M|||50|,,,,,Grass]Dragonite||LoadedDice|Multiscale|ScaleShot,ExtremeSpeed,IceSpinner,Protect|||M|||50|,,,,,Steel]Gholdengo||Leftovers|GoodasGold|MakeItRain,ShadowBall,NastyPlot,Protect||||||50|,,,,,Dragon]Ursaluna-Bloodmoon||LifeOrb|MindsEye|HyperVoice,BloodMoon,EarthPower,Protect|||M|||50|,,,,,Normal
|showteam|p2|Blastoise||ChoiceSpecs|Torrent|WaterSpout,MuddyWater,IceBeam,WaterPledge|||F|||50|,,,,,Water]Sneasler||LifeOrb|PoisonTouch|FakeOut,DireClaw,CloseCombat,ThroatChop|||M|||50|,,,,,Stellar]Whimsicott||FocusSash|Prankster|TrickRoom,Moonblast,Encore,Tailwind|||M|||50|,,,,,Ghost]Ursaluna||FlameOrb|Guts|Facade,Earthquake,Protect,HeadlongRush|||M|||50|,,,,,Ghost]Dragonite||AssaultVest|InnerFocus|DragonClaw,TeraBlast,ExtremeSpeed,FirePunch|||M|||50|,,,,,Flying]Annihilape||SafetyGoggles|Defiant|RageFist,FinalGambit,CloseCombat,Coaching|||F|||50|,,,,,Water
|inactive|Battle timer is ON: inactive players will automatically lose when time's up. (requested by ThisIsAnOutsider)
|
|t:|1757700063
|teamsize|p1|4
|teamsize|p2|4
|start
|switch|p1a: Ninetales|Ninetales-Alola, L50, F, shiny|100/100
|switch|p1b: Annihilape|Annihilape, L50, M, shiny|100/100
|switch|p2a: Whimsicott|Whimsicott, L50, M|100/100
|switch|p2b: Blastoise|Blastoise, L50, F|100/100
|-weather|Snowscape|[from] ability: Snow Warning|[of] p1a: Ninetales
|turn|1
|
|t:|1757700073
|-terastallize|p2b: Blastoise|Water
|move|p2a: Whimsicott|Tailwind|p2a: Whimsicott
|-sidestart|p2: liv&large27|move: Tailwind
|move|p2b: Blastoise|Water Spout|p1a: Ninetales|[spread] p1a,p1b
|-damage|p1a: Ninetales|0 fnt
|-damage|p1b: Annihilape|22/100
|faint|p1a: Ninetales
|move|p1b: Annihilape|Rage Fist|p2b: Blastoise
|-damage|p2b: Blastoise|66/100
|
|-weather|Snowscape|[upkeep]
|upkeep
|
|t:|1757700085
|switch|p1a: Gholdengo|Gholdengo, L50, shiny|100/100
|turn|2
|
|t:|1757700101
|switch|p1b: Dragonite|Dragonite, L50, M, shiny|100/100
|move|p2a: Whimsicott|Moonblast|p1a: Gholdengo
|-resisted|p1a: Gholdengo
|-damage|p1a: Gholdengo|81/100
|move|p2b: Blastoise|Water Spout|p1a: Gholdengo|[spread] p1a,p1b
|-resisted|p1b: Dragonite
|-damage|p1a: Gholdengo|23/100
|-damage|p1b: Dragonite|86/100
|move|p1a: Gholdengo|Make It Rain|p2b: Blastoise|[spread] p2a,p2b
|-supereffective|p2a: Whimsicott
|-resisted|p2b: Blastoise
|-enditem|p2a: Whimsicott|Focus Sash
|-damage|p2a: Whimsicott|1/100
|-damage|p2b: Blastoise|47/100
|-unboost|p1a: Gholdengo|spa|1
|
|-weather|Snowscape|[upkeep]
|-heal|p1a: Gholdengo|29/100|[from] item: Leftovers
|upkeep
|turn|3
|
|t:|1757700121
|switch|p2a: Annihilape|Annihilape, L50, F|100/100
|move|p1a: Gholdengo|Protect|p1a: Gholdengo
|-singleturn|p1a: Gholdengo|Protect
|move|p1b: Dragonite|Extreme Speed|p2a: Annihilape
|-immune|p2a: Annihilape
|move|p2b: Blastoise|Water Spout|p1a: Gholdengo|[spread] p1b
|-activate|p1a: Gholdengo|move: Protect
|-resisted|p1b: Dragonite
|-crit|p1b: Dragonite
|-damage|p1b: Dragonite|53/100
|
|-weather|Snowscape|[upkeep]
|-heal|p1a: Gholdengo|35/100|[from] item: Leftovers
|upkeep
|turn|4
|
|t:|1757700131
|move|p1b: Dragonite|Extreme Speed|p2b: Blastoise
|-damage|p2b: Blastoise|15/100
|move|p2a: Annihilape|Rage Fist|p1a: Gholdengo
|-supereffective|p1a: Gholdengo
|-damage|p1a: Gholdengo|0 fnt
|faint|p1a: Gholdengo
|move|p2b: Blastoise|Water Spout|p1b: Dragonite
|-resisted|p1b: Dragonite
|-damage|p1b: Dragonite|39/100
|
|-weather|Snowscape|[upkeep]
|-sideend|p2: liv&large27|move: Tailwind
|upkeep
|
|t:|1757700137
|switch|p1a: Annihilape|Annihilape, L50, M, shiny|22/100
|turn|5
|
|t:|1757700149
|switch|p2b: Dragonite|Dragonite, L50, M|100/100
|-terastallize|p1a: Annihilape|Fire
|move|p1b: Dragonite|Extreme Speed|p2b: Dragonite
|-damage|p2b: Dragonite|68/100
|move|p2a: Annihilape|Final Gambit|p1b: Dragonite
|-damage|p1b: Dragonite|0 fnt
|faint|p2a: Annihilape
|faint|p1b: Dragonite
|move|p1a: Annihilape|Rage Fist|p2b: Dragonite
|-damage|p2b: Dragonite|32/100
|
|-weather|none
|upkeep
|
|t:|1757700159
|switch|p2a: Whimsicott|Whimsicott, L50, M|1/100
|turn|6
|
|t:|1757700168
|move|p2a: Whimsicott|Tailwind|p2a: Whimsicott
|-sidestart|p2: liv&large27|move: Tailwind
|move|p2b: Dragonite|Dragon Claw|p1a: Annihilape
|-damage|p1a: Annihilape|0 fnt
|faint|p1a: Annihilape
|
|win|liv&large27
||ThisIsAnOutsider is ready for game 3.
||liv&large27 is ready for game 3.
|uhtml|next|Next: Game 3 of 3
|l|☆ThisIsAnOutsider
|player|p1|
|l|☆liv&large27
|player|p2|
