|j|☆breloomb01
|j|☆KingZeusVGC
|html|breloomb01KingZeusVGC    
|uhtml|bestof|Game 2 of a best-of-3
|t:|1785280222
|gametype|doubles
|player|p1|breloomb01|roughneck|1142
|player|p2|KingZeusVGC|blackbelt-gen4dp|1093
|gen|9
|tier|[Gen 9 Champions] VGC 2026 Reg M-B (Bo3)
|rated|
|rule|Species Clause: Limit one of each Pokémon
|rule|Item Clause: Limit 1 of each item
|clearpoke
|poke|p1|Venusaur, L50, M|
|poke|p1|Garchomp, L50, F|
|poke|p1|Sneasler, L50, F|
|poke|p1|Talonflame, L50, M|
|poke|p1|Rotom-Wash, L50|
|poke|p1|Kingambit, L50, M|
|poke|p2|Farigiraf, L50, F|
|poke|p2|Rhyperior, L50, M|
|poke|p2|Blastoise, L50, M|
|poke|p2|Hatterene, L50, F|
|poke|p2|Pelipper, L50, M|
|poke|p2|Sinistcha, L50|
|teampreview|4
|showteam|p1|Venusaur||Venusaurite|Chlorophyll|SludgeBomb,GigaDrain,EarthPower,Protect|Modest||M|||50|]Garchomp||LifeOrb|RoughSkin|Protect,RockSlide,Earthquake,DragonClaw|Jolly||F|||50|]Sneasler||WhiteHerb|Unburden|FakeOut,CloseCombat,DireClaw,Protect|Jolly||F|||50|]Talonflame||SharpBeak|GaleWings|BraveBird,FlareBlitz,Tailwind,Protect|Jolly||M|||50|]Rotom-Wash||SitrusBerry|Levitate|HydroPump,VoltSwitch,WillOWisp,Thunderbolt|Timid|||||50|]Kingambit||BlackGlasses|Defiant|KowtowCleave,SuckerPunch,IronHead,Protect|Adamant||M|||50|
|showteam|p2|Farigiraf||MentalHerb|ArmorTail|TrickRoom,Thunderbolt,TwinBeam,LightScreen|Relaxed||F|||50|]Rhyperior||LifeOrb|LightningRod|Protect,RockSlide,HighHorsepower,PoisonJab|Brave||M|||50|]Blastoise||Blastoisinite|RainDish|WaterSpout,FakeOut,DarkPulse,AuraSphere|Quiet||M|||50|]Hatterene||FocusSash|MagicBounce|TrickRoom,Psychic,DazzlingGleam,Protect|Quiet||F|||50|]Pelipper||SitrusBerry|Drizzle|Hurricane,WeatherBall,KnockOff,WideGuard|Quiet||M|||50|]Sinistcha||MiracleSeed|Hospitality|MatchaGotcha,ShadowBall,RagePowder,TrickRoom|Quiet|||||50|
|
|t:|1785280259
|teamsize|p1|4
|teamsize|p2|4
|start
|switch|p1a: Kingambit|Kingambit, L50, M|100/100
|switch|p1b: Venusaur|Venusaur, L50, M|100/100
|switch|p2a: Blastoise|Blastoise, L50, M|100/100
|switch|p2b: Hatterene|Hatterene, L50, F|100/100
|turn|1
|inactive|Battle timer is ON: inactive players will automatically lose when time's up. (requested by KingZeusVGC)
|
|t:|1785280282
|detailschange|p1b: Venusaur|Venusaur-Mega, L50, M
|-mega|p1b: Venusaur|Venusaur|Venusaurite
|detailschange|p2a: Blastoise|Blastoise-Mega, L50, M
|-mega|p2a: Blastoise|Blastoise|Blastoisinite
|move|p2a: Blastoise|Fake Out|p1a: Kingambit
|-resisted|p1a: Kingambit|1
|-damage|p1a: Kingambit|96/100
|move|p1b: Venusaur|Giga Drain|p2a: Blastoise
|-supereffective|p2a: Blastoise|1
|-damage|p2a: Blastoise|40/100
|cant|p1a: Kingambit|flinch
|move|p2b: Hatterene|Trick Room|p2b: Hatterene
|-fieldstart|move: Trick Room|[of] p2b: Hatterene
|
|upkeep
|turn|2
|inactive|KingZeusVGC has 30 seconds left.
|
|t:|1785280309
|switch|p1a: Sneasler|Sneasler, L50, F|100/100
|move|p2b: Hatterene|Protect|p2b: Hatterene
|-singleturn|p2b: Hatterene|Protect
|move|p2a: Blastoise|Aura Sphere|p1a: Sneasler
|-resisted|p1a: Sneasler|1
|-damage|p1a: Sneasler|69/100
|move|p1b: Venusaur|Sludge Bomb|p2b: Hatterene
|-activate|p2b: Hatterene|move: Protect
|
|upkeep
|turn|3
|
|t:|1785280317
|switch|p2a: Farigiraf|Farigiraf, L50, F|100/100
|move|p2b: Hatterene|Psychic|p1b: Venusaur
|-supereffective|p1b: Venusaur|1
|-damage|p1b: Venusaur|9/100
|move|p1b: Venusaur|Sludge Bomb|p2b: Hatterene
|-supereffective|p2b: Hatterene|1
|-damage|p2b: Hatterene|10/100
|move|p1a: Sneasler|Dire Claw|p2b: Hatterene
|-supereffective|p2b: Hatterene|1
|-damage|p2b: Hatterene|0 fnt
|faint|p2b: Hatterene
|
|upkeep
|
|t:|1785280335
|switch|p2b: Pelipper|Pelipper, L50, M|100/100
|-weather|RainDance|[from] ability: Drizzle|[of] p2b: Pelipper
|turn|4
|
|t:|1785280345
|switch|p1a: Rotom|Rotom-Wash, L50|100/100
|move|p1b: Venusaur|Protect|p1b: Venusaur
|-singleturn|p1b: Venusaur|Protect
|move|p2a: Farigiraf|Twin Beam|p1b: Venusaur
|-activate|p1b: Venusaur|move: Protect
|move|p2b: Pelipper|Weather Ball|p1a: Rotom
|-resisted|p1a: Rotom|1
|-damage|p1a: Rotom|59/100
|
|-weather|RainDance|[upkeep]
|upkeep
|turn|5
|
|t:|1785280367
|switch|p1b: Kingambit|Kingambit, L50, M|96/100
|move|p2a: Farigiraf|Thunderbolt|p1a: Rotom
|-damage|p1a: Rotom|29/100
|-enditem|p1a: Rotom|Sitrus Berry|[eat]
|-heal|p1a: Rotom|54/100|[from] item: Sitrus Berry
|move|p2b: Pelipper|Weather Ball|p1a: Rotom
|-resisted|p1a: Rotom|1
|-damage|p1a: Rotom|9/100
|move|p1a: Rotom|Volt Switch|p2b: Pelipper
|-supereffective|p2b: Pelipper|2
|-damage|p2b: Pelipper|0 fnt
|faint|p2b: Pelipper
|
|t:|1785280378
|switch|p1a: Venusaur|Venusaur-Mega, L50, M|9/100|[from] Volt Switch
|
|-weather|RainDance|[upkeep]
|-fieldend|move: Trick Room
|upkeep
|
|t:|1785280382
|switch|p2b: Blastoise|Blastoise-Mega, L50, M|40/100
|turn|6
|
|t:|1785280392
|move|p2b: Blastoise|Fake Out|p1a: Venusaur
|-damage|p1a: Venusaur|1/100
|cant|p1a: Venusaur|flinch
|move|p1b: Kingambit|Kowtow Cleave|p2b: Blastoise
|-damage|p2b: Blastoise|0 fnt
|faint|p2b: Blastoise
|move|p2a: Farigiraf|Trick Room|p2a: Farigiraf
|-fieldstart|move: Trick Room|[of] p2a: Farigiraf
|
|-weather|RainDance|[upkeep]
|upkeep
|turn|7
|
|t:|1785280398
|move|p1b: Kingambit|Kowtow Cleave|p2a: Farigiraf
|-supereffective|p2a: Farigiraf|1
|-damage|p2a: Farigiraf|14/100
|move|p2a: Farigiraf|Twin Beam|p1a: Venusaur
|-supereffective|p1a: Venusaur|1
|-damage|p1a: Venusaur|0 fnt
|faint|p1a: Venusaur
|-hitcount|p1: Venusaur|1
|
|-weather|RainDance|[upkeep]
|upkeep
|
|t:|1785280402
|switch|p1a: Sneasler|Sneasler, L50, F|69/100
|turn|8
|
|t:|1785280406
|move|p1a: Sneasler|Protect|p1a: Sneasler
|-singleturn|p1a: Sneasler|Protect
|move|p1b: Kingambit|Kowtow Cleave|p2a: Farigiraf
|-supereffective|p2a: Farigiraf|1
|-damage|p2a: Farigiraf|0 fnt
|faint|p2a: Farigiraf
|
|win|breloomb01
|raw|breloomb01's rating: 1142 → 1163(+21 for winning)
|raw|KingZeusVGC's rating: 1093 → 1072(-21 for losing)
