|j|☆MobbingVGC
|j|☆GliscorSandwich
|html|MobbingVGCGliscorSandwich    
|uhtml|bestof|Game 3 of a best-of-3
|t:|1782181661
|gametype|doubles
|player|p1|MobbingVGC|2|1040
|player|p2|GliscorSandwich|yancy|1162
|gen|9
|tier|[Gen 9 Champions] VGC 2026 Reg M-B (Bo3)
|rated|
|rule|Species Clause: Limit one of each Pokémon
|rule|Item Clause: Limit 1 of each item
|clearpoke
|poke|p1|Swampert, L50, F|
|poke|p1|Venusaur, L50, F|
|poke|p1|Sableye, L50, F|
|poke|p1|Pelipper, L50, F|
|poke|p1|Basculegion, L50, M|
|poke|p1|Archaludon, L50, M|
|poke|p2|Altaria, L50, F|
|poke|p2|Farigiraf, L50, M|
|poke|p2|Incineroar, L50, M|
|poke|p2|Gholdengo, L50|
|poke|p2|Sinistcha-Masterpiece, L50|
|poke|p2|Staraptor, L50, M|
|teampreview|4
|showteam|p1|Swampert||Swampertite|Torrent|WaveCrash,FlipTurn,HighHorsepower,Protect|Adamant||F|||50|]Venusaur||Venusaurite|Chlorophyll|GigaDrain,SludgeBomb,EarthPower,Protect|Bold||F|||50|]Sableye||RoseliBerry|Prankster|Reflect,LightScreen,RainDance,WillOWisp|Careful||F|||50|]Pelipper||FocusSash|Drizzle|Hurricane,WeatherBall,Protect,Tailwind|Modest||F|||50|]Basculegion||ChoiceScarf|Adaptability|AquaJet,WaveCrash,FlipTurn,LastRespects|Jolly||M|||50|]Archaludon||Leftovers|Stamina|FlashCannon,DragonPulse,ElectroShot,Protect|Bold||M|||50|
|showteam|p2|Altaria||Altarianite|CloudNine|HyperVoice,DragonPulse,Flamethrower,Protect|Modest||F|||50|]Farigiraf||ColburBerry|ArmorTail|Protect,HelpingHand,TrickRoom,HyperVoice|Sassy||M|||50|]Incineroar||SitrusBerry|Intimidate|FakeOut,DarkestLariat,FlareBlitz,PartingShot|Adamant||M|||50|]Gholdengo||MetalCoat|GoodasGold|NastyPlot,Protect,ShadowBall,MakeItRain|Timid|||||50|]Sinistcha-Masterpiece||MentalHerb|Hospitality|MatchaGotcha,RagePowder,ShadowBall,Protect|Bold|||||50|]Staraptor||Staraptite|Intimidate|CloseCombat,BraveBird,Roost,Protect|Jolly||M|||50|
|j| ratbite
|
|t:|1782181691
|teamsize|p1|4
|teamsize|p2|4
|start
|switch|p1a: Pelipper|Pelipper, L50, F|100/100
|switch|p1b: Basculegion|Basculegion, L50, M|100/100
|switch|p2a: Altaria|Altaria, L50, F|100/100
|switch|p2b: Farigiraf|Farigiraf, L50, M|100/100
|-weather|RainDance|[from] ability: Drizzle|[of] p1a: Pelipper
|-ability|p2a: Altaria|Cloud Nine
|turn|1
|
|t:|1782181723
|move|p2a: Altaria|Protect|p2a: Altaria
|-singleturn|p2a: Altaria|Protect
|move|p1b: Basculegion|Flip Turn|p2b: Farigiraf
|-damage|p2b: Farigiraf|69/100
|
|t:|1782181730
|switch|p1b: Venusaur|Venusaur, L50, F|100/100|[from] Flip Turn
|move|p1a: Pelipper|Weather Ball|p2b: Farigiraf
|-damage|p2b: Farigiraf|57/100
|move|p2b: Farigiraf|Trick Room|p2b: Farigiraf
|-fieldstart|move: Trick Room|[of] p2b: Farigiraf
|
|-weather|RainDance|[upkeep]
|upkeep
|turn|2
|
|t:|1782181748
|detailschange|p1b: Venusaur|Venusaur-Mega, L50, F
|-mega|p1b: Venusaur|Venusaur|Venusaurite
|move|p2b: Farigiraf|Hyper Voice|p1a: Pelipper|[spread] p1a,p1b
|-damage|p1a: Pelipper|55/100
|-damage|p1b: Venusaur|79/100
|move|p2a: Altaria|Dragon Pulse|p1b: Venusaur
|-damage|p1b: Venusaur|53/100
|move|p1b: Venusaur|Sludge Bomb|p2a: Altaria
|-damage|p2a: Altaria|67/100
|-status|p2a: Altaria|psn
|move|p1a: Pelipper|Hurricane|p2b: Farigiraf|[miss]
|-miss|p1a: Pelipper|p2b: Farigiraf
|
|-weather|RainDance|[upkeep]
|-damage|p2a: Altaria|54/100 psn|[from] psn
|upkeep
|turn|3
|
|t:|1782181764
|detailschange|p2a: Altaria|Altaria-Mega, L50, F
|-mega|p2a: Altaria|Altaria|Altarianite
|move|p1b: Venusaur|Protect|p1b: Venusaur
|-singleturn|p1b: Venusaur|Protect
|move|p1a: Pelipper|Protect|p1a: Pelipper
|-singleturn|p1a: Pelipper|Protect
|move|p2b: Farigiraf|Hyper Voice|p1a: Pelipper|[spread] 
|-activate|p1a: Pelipper|move: Protect
|-activate|p1b: Venusaur|move: Protect
|move|p2a: Altaria|Dragon Pulse|p1b: Venusaur
|-activate|p1b: Venusaur|move: Protect
|
|-weather|RainDance|[upkeep]
|-damage|p2a: Altaria|42/100 psn|[from] psn
|upkeep
|turn|4
|
|t:|1782181782
|move|p2b: Farigiraf|Hyper Voice|p1a: Pelipper|[spread] p1a,p1b
|-damage|p1a: Pelipper|11/100
|-damage|p1b: Venusaur|33/100
|move|p2a: Altaria|Dragon Pulse|p1b: Venusaur
|-damage|p1b: Venusaur|1/100
|move|p1b: Venusaur|Sludge Bomb|p2a: Altaria
|-supereffective|p2a: Altaria|1
|-damage|p2a: Altaria|0 fnt
|faint|p2a: Altaria
|move|p1a: Pelipper|Hurricane|p2b: Farigiraf
|-damage|p2b: Farigiraf|21/100
|-start|p2b: Farigiraf|confusion
|
|-weather|RainDance|[upkeep]
|upkeep
|
|t:|1782181786
|switch|p2a: Sinistcha|Sinistcha-Masterpiece, L50|100/100
|-heal|p2b: Farigiraf|45/100|[from] ability: Hospitality|[of] p2a: Sinistcha
|turn|5
|
|t:|1782181803
|move|p1b: Venusaur|Protect|p1b: Venusaur
|-singleturn|p1b: Venusaur|Protect
|move|p1a: Pelipper|Protect|p1a: Pelipper
|-singleturn|p1a: Pelipper|Protect
|-activate|p2b: Farigiraf|confusion
|move|p2b: Farigiraf|Hyper Voice|p1a: Pelipper|[spread] 
|-activate|p1a: Pelipper|move: Protect
|-activate|p1b: Venusaur|move: Protect
|move|p2a: Sinistcha|Matcha Gotcha|p1b: Venusaur|[spread] 
|-activate|p1a: Pelipper|move: Protect
|-activate|p1b: Venusaur|move: Protect
|
|-weather|none
|-fieldend|move: Trick Room
|upkeep
|turn|6
|
|t:|1782181827
|move|p2a: Sinistcha|Rage Powder|p2a: Sinistcha
|-singleturn|p2a: Sinistcha|move: Rage Powder
|move|p1a: Pelipper|Hurricane|p2a: Sinistcha
|-supereffective|p2a: Sinistcha|1
|-damage|p2a: Sinistcha|0 fnt
|faint|p2a: Sinistcha
|move|p1b: Venusaur|Sludge Bomb|p2b: Farigiraf
|-damage|p2b: Farigiraf|18/100
|-status|p2b: Farigiraf|psn
|-end|p2b: Farigiraf|confusion
|move|p2b: Farigiraf|Trick Room|p2b: Farigiraf
|-fieldstart|move: Trick Room|[of] p2b: Farigiraf
|
|-damage|p2b: Farigiraf|5/100 psn|[from] psn
|upkeep
|
|t:|1782181831
|switch|p2a: Incineroar|Incineroar, L50, M|100/100
|-ability|p2a: Incineroar|Intimidate|boost
|-unboost|p1a: Pelipper|atk|1
|-unboost|p1b: Venusaur|atk|1
|turn|7
|
|t:|1782181844
|move|p1b: Venusaur|Protect|p1b: Venusaur
|-singleturn|p1b: Venusaur|Protect
|move|p1a: Pelipper|Protect|p1a: Pelipper
|-singleturn|p1a: Pelipper|Protect
|move|p2b: Farigiraf|Hyper Voice|p1b: Venusaur|[spread] 
|-activate|p1a: Pelipper|move: Protect
|-activate|p1b: Venusaur|move: Protect
|move|p2a: Incineroar|Darkest Lariat|p1a: Pelipper
|-activate|p1a: Pelipper|move: Protect
|
|-damage|p2b: Farigiraf|0 fnt|[from] psn
|faint|p2b: Farigiraf
|upkeep
|turn|8
|l| ratbite
|
|t:|1782181866
|move|p2a: Incineroar|Darkest Lariat|p1b: Venusaur
|-damage|p1b: Venusaur|0 fnt
|faint|p1b: Venusaur
|move|p1a: Pelipper|Hurricane|p2a: Incineroar
|-damage|p2a: Incineroar|50/100g
|
|upkeep
|
|t:|1782181877
|switch|p1b: Sableye|Sableye, L50, F|100/100
|turn|9
|
|t:|1782181884
|move|p1b: Sableye|Rain Dance|p1b: Sableye
|-weather|RainDance
|move|p2a: Incineroar|Darkest Lariat|p1b: Sableye
|-damage|p1b: Sableye|36/100
|move|p1a: Pelipper|Weather Ball|p2a: Incineroar
|-supereffective|p2a: Incineroar|1
|-damage|p2a: Incineroar|0 fnt
|faint|p2a: Incineroar
|
|win|MobbingVGC
|raw|MobbingVGC's rating: 1040 → 1085(+45 for winning)
|raw|GliscorSandwich's rating: 1162 → 1129(-33 for losing)
|l|☆GliscorSandwich
|player|p2|
