|j|☆myosophia
|j|☆Ake295
|html|myosophiaAke295    
|uhtml|bestof|Game 3 of a best-of-3
|t:|1756842793
|gametype|doubles
|player|p1|myosophia|dawn-gen4pt|1079
|player|p2|Ake295|2|1044
|gen|9
|tier|[Gen 9] VGC 2025 Reg H (Bo3)
|rated|
|rule|Species Clause: Limit one of each Pokémon
|rule|Item Clause: Limit 1 of each item
|clearpoke
|poke|p1|Ursaluna, L50, F|
|poke|p1|Jumpluff, L50, F|
|poke|p1|Salamence, L50, F|
|poke|p1|Charizard, L50, M|
|poke|p1|Ninetales, L50, F|
|poke|p1|Sneasler, L50, F|
|poke|p2|Archaludon, L50, M|
|poke|p2|Rillaboom, L50, M|
|poke|p2|Basculegion, L50, M|
|poke|p2|Kingambit, L50, F|
|poke|p2|Pelipper, L50, F|
|poke|p2|Electabuzz, L50, M|
|teampreview|4
|showteam|p1|Ursaluna||FlameOrb|Guts|Facade,Protect,Earthquake,HeadlongRush|||F|||50|,,,,,Ghost]Jumpluff||CovertCloak|Chlorophyll|SunnyDay,Tailwind,SleepPowder,RagePowder|||F|||50|,,,,,Water]Salamence||LifeOrb|Intimidate|Tailwind,Protect,Flamethrower,DracoMeteor|||F|||50|,,,,,Fairy]Charizard||ChoiceSpecs|SolarPower|HeatWave,Overheat,DragonPulse,SolarBeam|||M|||50|,,,,,Fire]Ninetales||EjectPack|Drought|Overheat,WillOWisp,Encore,Protect|||F|||50|,,,,,Water]Sneasler||FocusSash|Unburden|DireClaw,FakeOut,CloseCombat,Protect|||F|||50|,,,,,Fighting
|showteam|p2|Archaludon||AssaultVest|Stamina|ElectroShot,DracoMeteor,FlashCannon,BodyPress|||M|||50|,,,,,Fairy]Rillaboom||LoadedDice|GrassySurge|BulletSeed,GrassyGlide,FakeOut,HighHorsepower|||M|||50|,,,,,Fire]Basculegion||ChoiceBand|SwiftSwim|WaveCrash,LastRespects,FlipTurn,AquaJet|||M|||50|,,,,,Grass]Kingambit||BlackGlasses|Defiant|KowtowCleave,SuckerPunch,SwordsDance,Protect|||F|||50|,,,,,Dark]Pelipper||FocusSash|Drizzle|WeatherBall,Hurricane,Tailwind,Protect|||F|||50|,,,,,Stellar]Electabuzz||Eviolite|VitalSpirit|Electroweb,Taunt,FollowMe,Protect|||M|||50|,,,,,Ghost
|inactive|Battle timer is ON: inactive players will automatically lose when time's up. (requested by Ake295)
|
|t:|1756842822
|teamsize|p1|4
|teamsize|p2|4
|start
|switch|p1a: Jumpluff|Jumpluff, L50, F|100/100
|switch|p1b: Ursaluna|Ursaluna, L50, F|100/100
|switch|p2a: Electabuzz|Electabuzz, L50, M|100/100
|switch|p2b: Kingambit|Kingambit, L50, F|100/100
|turn|1
|
|t:|1756842840
|move|p2a: Electabuzz|Follow Me|p2a: Electabuzz
|-singleturn|p2a: Electabuzz|move: Follow Me
|move|p1a: Jumpluff|Tailwind|p1a: Jumpluff
|-sidestart|p1: myosophia|move: Tailwind
|move|p1b: Ursaluna|Earthquake|p2a: Electabuzz|[spread] p2a,p2b
|-immune|p1a: Jumpluff
|-supereffective|p2a: Electabuzz
|-supereffective|p2b: Kingambit
|-damage|p2a: Electabuzz|41/100
|-damage|p2b: Kingambit|35/100
|move|p2b: Kingambit|Swords Dance|p2b: Kingambit
|-boost|p2b: Kingambit|atk|2
|
|-status|p1b: Ursaluna|brn|[from] item: Flame Orb
|upkeep
|turn|2
|inactive|myosophia has 30 seconds left.
|
|t:|1756842871
|move|p2a: Electabuzz|Protect|p2a: Electabuzz
|-singleturn|p2a: Electabuzz|Protect
|move|p2b: Kingambit|Protect|p2b: Kingambit
|-singleturn|p2b: Kingambit|Protect
|move|p1a: Jumpluff|Rage Powder|p1a: Jumpluff
|-singleturn|p1a: Jumpluff|move: Rage Powder
|move|p1b: Ursaluna|Earthquake|p2b: Kingambit|[spread] 
|-activate|p2a: Electabuzz|move: Protect
|-activate|p2b: Kingambit|move: Protect
|-immune|p1a: Jumpluff
|
|-damage|p1b: Ursaluna|95/100 brn|[from] brn
|upkeep
|turn|3
|inactive|Ake295 has 30 seconds left.
|inactive|Ake295 has 20 seconds left.
|
|t:|1756842910
|switch|p2b: Pelipper|Pelipper, L50, F|100/100
|-weather|RainDance|[from] ability: Drizzle|[of] p2b: Pelipper
|move|p1a: Jumpluff|Rage Powder|p1a: Jumpluff
|-singleturn|p1a: Jumpluff|move: Rage Powder
|move|p1b: Ursaluna|Earthquake|p2a: Electabuzz|[spread] p2a
|-immune|p1a: Jumpluff
|-immune|p2b: Pelipper
|-supereffective|p2a: Electabuzz
|-damage|p2a: Electabuzz|0 fnt
|faint|p2a: Electabuzz
|
|-weather|RainDance|[upkeep]
|-damage|p1b: Ursaluna|89/100 brn|[from] brn
|upkeep
|
|t:|1756842923
|switch|p2a: Archaludon|Archaludon, L50, M|100/100
|turn|4
|inactive|myosophia has 30 seconds left.
|inactive|myosophia has 20 seconds left.
|
|t:|1756842959
|-terastallize|p1b: Ursaluna|Ghost
|-terastallize|p2a: Archaludon|Fairy
|move|p1a: Jumpluff|Sunny Day|p1a: Jumpluff
|-weather|SunnyDay
|move|p1b: Ursaluna|Headlong Rush|p2a: Archaludon
|-damage|p2a: Archaludon|38/100
|-unboost|p1b: Ursaluna|def|1
|-unboost|p1b: Ursaluna|spd|1
|-ability|p2a: Archaludon|Stamina|boost
|-boost|p2a: Archaludon|def|1
|move|p2a: Archaludon|Electro Shot||[still]
|-prepare|p2a: Archaludon|Electro Shot
|-boost|p2a: Archaludon|spa|1
|move|p2b: Pelipper|Tailwind|p2b: Pelipper
|-sidestart|p2: Ake295|move: Tailwind
|
|-weather|SunnyDay|[upkeep]
|-damage|p1b: Ursaluna|83/100 brn|[from] brn
|-sideend|p1: myosophia|move: Tailwind
|upkeep
|turn|5
|inactive|myosophia has 30 seconds left.
|inactive|myosophia has 20 seconds left.
|inactive|myosophia has 15 seconds left.
|
|t:|1756843000
|move|p1b: Ursaluna|Protect|p1b: Ursaluna
|-singleturn|p1b: Ursaluna|Protect
|move|p1a: Jumpluff|Sleep Powder|p2b: Pelipper
|-status|p2b: Pelipper|slp|[from] move: Sleep Powder
|move|p2a: Archaludon|Electro Shot|p1a: Jumpluff|[from] lockedmove
|-damage|p1a: Jumpluff|42/100
|cant|p2b: Pelipper|slp
|
|-weather|SunnyDay|[upkeep]
|-damage|p1b: Ursaluna|77/100 brn|[from] brn
|upkeep
|turn|6
|inactive|Ake295 has 30 seconds left.
|
|t:|1756843029
|move|p1a: Jumpluff|Rage Powder|p1a: Jumpluff
|-singleturn|p1a: Jumpluff|move: Rage Powder
|move|p2a: Archaludon|Draco Meteor|p1a: Jumpluff
|-damage|p1a: Jumpluff|0 fnt
|-unboost|p2a: Archaludon|spa|2
|faint|p1a: Jumpluff
|cant|p2b: Pelipper|slp
|move|p1b: Ursaluna|Facade|p2a: Archaludon
|-damage|p2a: Archaludon|0 fnt
|faint|p2a: Archaludon
|
|-weather|SunnyDay|[upkeep]
|-damage|p1b: Ursaluna|71/100 brn|[from] brn
|upkeep
|
|t:|1756843045
|switch|p1a: Charizard|Charizard, L50, M, shiny|100/100
|switch|p2a: Kingambit|Kingambit, L50, F|35/100
|turn|7
|inactive|myosophia has 30 seconds left.
|inactive|myosophia has 20 seconds left.
|inactive|myosophia has 15 seconds left.
|inactive|myosophia has 10 seconds left.
|inactive|myosophia has 5 seconds left.
|
|t:|1756843096
|move|p2a: Kingambit|Sucker Punch|p1b: Ursaluna
|-supereffective|p1b: Ursaluna
|-damage|p1b: Ursaluna|0 fnt
|faint|p1b: Ursaluna
|cant|p2b: Pelipper|slp
|move|p1a: Charizard|Heat Wave|p2b: Pelipper|[spread] p2a
|-miss|p1a: Charizard|p2b: Pelipper
|-supereffective|p2a: Kingambit
|-damage|p2a: Kingambit|0 fnt
|faint|p2a: Kingambit
|
|-weather|SunnyDay|[upkeep]
|-damage|p1a: Charizard|88/100|[from] ability: Solar Power|[of] p1a: Charizard
|-sideend|p2: Ake295|move: Tailwind
|upkeep
|
|t:|1756843108
|switch|p1b: Ninetales|Ninetales, L50, F, shiny|100/100
|turn|8
|
|t:|1756843123
|move|p1a: Charizard|Heat Wave|p2b: Pelipper
|-resisted|p2b: Pelipper
|-enditem|p2b: Pelipper|Focus Sash
|-damage|p2b: Pelipper|1/100 slp
|move|p1b: Ninetales|Overheat|p2b: Pelipper
|-resisted|p2b: Pelipper
|-damage|p2b: Pelipper|0 fnt
|-unboost|p1b: Ninetales|spa|2
|faint|p2b: Pelipper
|
|win|myosophia
|raw|myosophia's rating: 1079 → 1104(+25 for winning)
|raw|Ake295's rating: 1044 → 1029(-15 for losing)
|l|☆Ake295
|player|p2|
