|j|☆Low Tier Goodra
|j|☆rokesaurio
|html|Low Tier Goodrarokesaurio    
|uhtml|bestof|Game 1 of a best-of-3
|t:|1757789674
|gametype|doubles
|player|p1|Low Tier Goodra|jasmine|1363
|player|p2|rokesaurio|265|1448
|gen|9
|tier|[Gen 9] VGC 2025 Reg H (Bo3)
|rated|
|rule|Species Clause: Limit one of each Pokémon
|rule|Item Clause: Limit 1 of each item
|clearpoke
|poke|p1|Armarouge, L50, F|
|poke|p1|Torkoal, L50, M|
|poke|p1|Sinistcha-Masterpiece, L50|
|poke|p1|Rillaboom, L50, M|
|poke|p1|Ursaluna, L50, M|
|poke|p1|Incineroar, L50, M|
|poke|p2|Dragonite, L50, M|
|poke|p2|Gholdengo, L50|
|poke|p2|Ursaluna-Bloodmoon, L50, M|
|poke|p2|Annihilape, L50, F|
|poke|p2|Maushold-Four, L50|
|poke|p2|Rillaboom, L50, F|
|teampreview|4
|showteam|p1|Armarouge||MentalHerb|FlashFire|ArmorCannon,ExpandingForce,TrickRoom,Protect|||F|||50|,,,,,Grass]Torkoal||Leftovers|Drought|Eruption,WeatherBall,EarthPower,Protect|||M|||50|,,,,,Fire]Sinistcha-Masterpiece||GrassySeed|Heatproof|MatchaGotcha,ShadowBall,CalmMind,TrickRoom||||||50|,,,,,Fairy]Rillaboom||CovertCloak|GrassySurge|WoodHammer,Uturn,Taunt,FakeOut|||M|||50|,,,,,Water]Ursaluna||FlameOrb|Guts|HeadlongRush,Facade,Substitute,Protect|||M|||50|,,,,,Ghost]Incineroar||SafetyGoggles|Intimidate|FlareBlitz,KnockOff,Taunt,FakeOut|||M|||50|,,,,,Ghost
|showteam|p2|Dragonite||LoadedDice|Multiscale|ScaleShot,Tailwind,Haze,Protect|||M|||50|,,,,,Fairy]Gholdengo||LifeOrb|GoodasGold|MakeItRain,ShadowBall,NastyPlot,Protect||||||50|,,,,,Water]Ursaluna-Bloodmoon||AssaultVest|MindsEye|BloodMoon,EarthPower,HyperVoice,VacuumWave|||M|||50|,,,,,Water]Annihilape||SitrusBerry|Defiant|DrainPunch,RageFist,BulkUp,Protect|||F|||50|,,,,,Fire]Maushold-Four||FocusSash|FriendGuard|SuperFang,BeatUp,FollowMe,Protect||||||50|,,,,,Ghost]Rillaboom||MiracleSeed|GrassySurge|WoodHammer,GrassyGlide,HighHorsepower,FakeOut|||F|||50|,,,,,Fire
|inactive|Battle timer is ON: inactive players will automatically lose when time's up. (requested by rokesaurio)
|inactive|rokesaurio has 60 seconds left.
|
|t:|1757789711
|teamsize|p1|4
|teamsize|p2|4
|start
|switch|p1a: Rillaboom|Rillaboom, L50, M|100/100
|switch|p1b: Armarouge|Armarouge, L50, F|100/100
|switch|p2a: Dragonite|Dragonite, L50, M|100/100
|switch|p2b: Ursaluna|Ursaluna-Bloodmoon, L50, M|100/100
|-fieldstart|move: Grassy Terrain|[from] ability: Grassy Surge|[of] p1a: Rillaboom
|turn|1
|inactive|Low Tier Goodra has 30 seconds left.
|
|t:|1757789736
|move|p2a: Dragonite|Scale Shot|p1b: Armarouge
|-damage|p1b: Armarouge|87/100
|-damage|p1b: Armarouge|73/100
|-damage|p1b: Armarouge|58/100
|-damage|p1b: Armarouge|45/100
|-hitcount|p1b: Armarouge|4
|-unboost|p2a: Dragonite|def|1
|-boost|p2a: Dragonite|spe|1
|move|p1a: Rillaboom|Wood Hammer|p2b: Ursaluna
|-supereffective|p2b: Ursaluna
|-damage|p2b: Ursaluna|0 fnt
|faint|p2b: Ursaluna
|-damage|p1a: Rillaboom|64/100|[from] Recoil
|move|p1b: Armarouge|Trick Room|p1b: Armarouge
|-fieldstart|move: Trick Room|[of] p1b: Armarouge
|
|-heal|p1b: Armarouge|52/100|[from] Grassy Terrain
|-heal|p1a: Rillaboom|70/100|[from] Grassy Terrain
|upkeep
|
|t:|1757789754
|switch|p2b: Rillaboom|Rillaboom, L50, F|100/100
|turn|2
|
|t:|1757789772
|move|p2b: Rillaboom|Fake Out|p1b: Armarouge
|-damage|p1b: Armarouge|37/100
|cant|p1b: Armarouge|flinch
|move|p1a: Rillaboom|U-turn|p2a: Dragonite
|-resisted|p2a: Dragonite
|-damage|p2a: Dragonite|91/100
|
|t:|1757789781
|switch|p1a: Ursaluna|Ursaluna, L50, M|100/100|[from] U-turn
|move|p2a: Dragonite|Scale Shot|p1a: Ursaluna
|-damage|p1a: Ursaluna|89/100
|-damage|p1a: Ursaluna|79/100
|-damage|p1a: Ursaluna|68/100
|-damage|p1a: Ursaluna|58/100
|-damage|p1a: Ursaluna|47/100
|-hitcount|p1a: Ursaluna|5
|-unboost|p2a: Dragonite|def|1
|-boost|p2a: Dragonite|spe|1
|
|-heal|p1a: Ursaluna|53/100|[from] Grassy Terrain
|-heal|p1b: Armarouge|44/100|[from] Grassy Terrain
|-status|p1a: Ursaluna|brn|[from] item: Flame Orb
|upkeep
|turn|3
|
|t:|1757789796
|move|p1a: Ursaluna|Protect|p1a: Ursaluna
|-singleturn|p1a: Ursaluna|Protect
|move|p2b: Rillaboom|Grassy Glide|p1a: Ursaluna
|-activate|p1a: Ursaluna|move: Protect
|move|p1b: Armarouge|Armor Cannon|p2b: Rillaboom
|-supereffective|p2b: Rillaboom
|-damage|p2b: Rillaboom|0 fnt
|-unboost|p1b: Armarouge|def|1
|-unboost|p1b: Armarouge|spd|1
|faint|p2b: Rillaboom
|move|p2a: Dragonite|Scale Shot|p1b: Armarouge
|-damage|p1b: Armarouge|21/100
|-damage|p1b: Armarouge|0 fnt
|faint|p1b: Armarouge
|-hitcount|p1: Armarouge|2
|-unboost|p2a: Dragonite|def|1
|-boost|p2a: Dragonite|spe|1
|
|-heal|p1a: Ursaluna|59/100 brn|[from] Grassy Terrain
|-damage|p1a: Ursaluna|53/100 brn|[from] brn
|upkeep
|
|t:|1757789818
|switch|p1b: Sinistcha|Sinistcha-Masterpiece, L50|100/100
|switch|p2b: Gholdengo|Gholdengo, L50|100/100
|-enditem|p1b: Sinistcha|Grassy Seed
|-boost|p1b: Sinistcha|def|1|[from] item: Grassy Seed
|turn|4
|
|t:|1757789836
|-terastallize|p2b: Gholdengo|Water
|move|p2a: Dragonite|Protect|p2a: Dragonite
|-singleturn|p2a: Dragonite|Protect
|move|p1a: Ursaluna|Facade|p2a: Dragonite
|-activate|p2a: Dragonite|move: Protect
|move|p1b: Sinistcha|Calm Mind|p1b: Sinistcha
|-boost|p1b: Sinistcha|spa|1
|-boost|p1b: Sinistcha|spd|1
|move|p2b: Gholdengo|Make It Rain|p1b: Sinistcha|[spread] p1a,p1b
|-damage|p1a: Ursaluna|2/100 brn
|-damage|p1b: Sinistcha|56/100
|-unboost|p2b: Gholdengo|spa|1
|-damage|p2b: Gholdengo|91/100|[from] item: Life Orb
|
|-heal|p1a: Ursaluna|8/100 brn|[from] Grassy Terrain
|-heal|p1b: Sinistcha|62/100|[from] Grassy Terrain
|-heal|p2b: Gholdengo|97/100|[from] Grassy Terrain
|-damage|p1a: Ursaluna|2/100 brn|[from] brn
|upkeep
|turn|5
|
|t:|1757789856
|move|p2b: Gholdengo|Protect|p2b: Gholdengo
|-singleturn|p2b: Gholdengo|Protect
|move|p2a: Dragonite|Protect||[still]
|-fail|p2a: Dragonite
|move|p1a: Ursaluna|Facade|p2a: Dragonite
|-damage|p2a: Dragonite|0 fnt
|faint|p2a: Dragonite
|move|p1b: Sinistcha|Calm Mind|p1b: Sinistcha
|-boost|p1b: Sinistcha|spa|1
|-boost|p1b: Sinistcha|spd|1
|
|-heal|p1a: Ursaluna|8/100 brn|[from] Grassy Terrain
|-heal|p1b: Sinistcha|68/100|[from] Grassy Terrain
|-heal|p2b: Gholdengo|100/100|[from] Grassy Terrain
|-damage|p1a: Ursaluna|2/100 brn|[from] brn
|-fieldend|move: Trick Room
|-fieldend|move: Grassy Terrain
|upkeep
|turn|6
|
|t:|1757789870
|move|p2b: Gholdengo|Make It Rain|p1a: Ursaluna|[spread] p1a,p1b
|-damage|p1a: Ursaluna|0 fnt
|-damage|p1b: Sinistcha|44/100
|-unboost|p2b: Gholdengo|spa|1
|faint|p1a: Ursaluna
|-damage|p2b: Gholdengo|91/100|[from] item: Life Orb
|move|p1b: Sinistcha|Matcha Gotcha|p2b: Gholdengo
|-supereffective|p2b: Gholdengo
|-damage|p2b: Gholdengo|0 fnt
|-heal|p1b: Sinistcha|89/100|[from] drain|[of] p2b: Gholdengo
|faint|p2b: Gholdengo
|
|win|Low Tier Goodra
||rokesaurio is ready for game 2.
||Low Tier Goodra is ready for game 2.
|uhtml|next|Next: Game 2 of 3
