|j|☆TheDesertedKing
|j|☆andiom123
|html|TheDesertedKingandiom123    
|uhtml|bestof|Game 2 of a best-of-3
|t:|1783479891
|gametype|doubles
|player|p1|TheDesertedKing|giovanni|1124
|player|p2|andiom123|red|1190
|gen|9
|tier|[Gen 9 Champions] VGC 2026 Reg M-B (Bo3)
|rated|
|rule|Species Clause: Limit one of each Pokémon
|rule|Item Clause: Limit 1 of each item
|clearpoke
|poke|p1|Pelipper, L50, F|
|poke|p1|Basculegion, L50, M|
|poke|p1|Politoed, L50, F|
|poke|p1|Blastoise, L50, M|
|poke|p1|Raichu, L50, M|
|poke|p1|Toxicroak, L50, F|
|poke|p2|Incineroar, L50, M|
|poke|p2|Farigiraf, L50, M|
|poke|p2|Sylveon, L50, F|
|poke|p2|Torkoal, L50, M|
|poke|p2|Kangaskhan, L50, F|
|poke|p2|Mawile, L50, F|
|teampreview|4
|showteam|p1|Pelipper||DampRock|Drizzle|Tailwind,WeatherBall,Hurricane,Protect|Modest||F|||50|]Basculegion||LifeOrb|SwiftSwim|AquaJet,LastRespects,WaveCrash,FlipTurn|Adamant||M|||50|]Politoed||FocusSash|Drizzle|FocusBlast,Protect,Encore,WeatherBall|Serious||F|||50|]Blastoise||Blastoisinite|RainDish|ShellSmash,AuraSphere,WaterSpout,FakeOut|Modest||M|||50|]Raichu||RaichuniteY|LightningRod|Thunder,FakeOut,Protect,GrassKnot|Modest||M|||50|]Toxicroak||PayapaBerry|DrySkin|FakeOut,Earthquake,PoisonJab,DrainPunch|Adamant||F|||50|
|showteam|p2|Incineroar||MuscleBand|Intimidate|ThroatChop,FlareBlitz,FakeOut,PartingShot|Brave||M|||50|]Farigiraf||SitrusBerry|ArmorTail|FoulPlay,PsychicNoise,TrickRoom,HelpingHand|Relaxed||M|||50|]Sylveon||LifeOrb|Pixilate|HyperVoice,HyperBeam,QuickAttack,Detect|Modest||F|||50|]Torkoal||Charcoal|Drought|Eruption,EarthPower,Flamethrower,Protect|Quiet||M|||50|]Kangaskhan||Kangaskhanite|Scrappy|DoubleEdge,FakeOut,IcePunch,HammerArm|Brave||F|||50|]Mawile||Mawilite|HyperCutter|RockSlide,PlayRough,SuckerPunch,Protect|Brave||F|||50|
|
|t:|1783479937
|teamsize|p1|4
|teamsize|p2|4
|start
|switch|p1a: Blastoise|Blastoise, L50, M|100/100
|switch|p1b: Pelipper|Pelipper, L50, F|100/100
|switch|p2a: Farigiraf|Farigiraf, L50, M|100/100
|switch|p2b: Kangaskhan|Kangaskhan, L50, F|100/100
|-weather|RainDance|[from] ability: Drizzle|[of] p1b: Pelipper
|turn|1
|
|t:|1783479991
|detailschange|p1a: Blastoise|Blastoise-Mega, L50, M
|-mega|p1a: Blastoise|Blastoise|Blastoisinite
|detailschange|p2b: Kangaskhan|Kangaskhan-Mega, L50, F
|-mega|p2b: Kangaskhan|Kangaskhan|Kangaskhanite
|move|p2b: Kangaskhan|Fake Out|p1a: Blastoise
|-damage|p1a: Blastoise|76/100
|-crit|p1a: Blastoise
|-damage|p1a: Blastoise|69/100
|-hitcount|p1a: Blastoise|2
|cant|p1a: Blastoise|flinch
|move|p1b: Pelipper|Hurricane|p2b: Kangaskhan
|-damage|p2b: Kangaskhan|68/100
|move|p2a: Farigiraf|Trick Room|p2a: Farigiraf
|-fieldstart|move: Trick Room|[of] p2a: Farigiraf
|
|-weather|RainDance|[upkeep]
|upkeep
|turn|2
|
|t:|1783480025
|move|p2a: Farigiraf|Psychic Noise|p1b: Pelipper
|-damage|p1b: Pelipper|63/100
|-start|p1b: Pelipper|move: Heal Block
|move|p1b: Pelipper|Weather Ball|p2b: Kangaskhan
|-damage|p2b: Kangaskhan|21/100
|move|p2b: Kangaskhan|Double-Edge|p1a: Blastoise
|-damage|p1a: Blastoise|0 fnt
|faint|p1a: Blastoise
|-damage|p2b: Kangaskhan|4/100|[from] Recoil
|
|-weather|RainDance|[upkeep]
|upkeep
|
|t:|1783480040
|switch|p1a: Basculegion|Basculegion, L50, M|100/100
|turn|3
|
|t:|1783480085
|move|p2a: Farigiraf|Foul Play|p1a: Basculegion
|-supereffective|p1a: Basculegion|1
|-damage|p1a: Basculegion|11/100
|move|p1b: Pelipper|Hurricane|p2b: Kangaskhan
|-damage|p2b: Kangaskhan|0 fnt
|faint|p2b: Kangaskhan
|move|p1a: Basculegion|Wave Crash|p2a: Farigiraf
|-damage|p2a: Farigiraf|14/100
|-enditem|p2a: Farigiraf|Sitrus Berry|[eat]
|-heal|p2a: Farigiraf|39/100|[from] item: Sitrus Berry
|-damage|p1a: Basculegion|0 fnt|[from] Recoil
|faint|p1a: Basculegion
|
|-weather|RainDance|[upkeep]
|-end|p1b: Pelipper|move: Heal Block
|upkeep
|
|t:|1783480101
|switch|p2b: Sylveon|Sylveon, L50, F|100/100
|switch|p1a: Politoed|Politoed, L50, F|100/100
|turn|4
|
|t:|1783480116
|move|p2a: Farigiraf|Helping Hand|p2b: Sylveon
|-singleturn|p2b: Sylveon|Helping Hand|[of] p2a: Farigiraf
|move|p1b: Pelipper|Protect|p1b: Pelipper
|-singleturn|p1b: Pelipper|Protect
|move|p2b: Sylveon|Hyper Voice|p1b: Pelipper|[spread] p1a
|-activate|p1b: Pelipper|move: Protect
|-damage|p1a: Politoed|32/100
|-damage|p2b: Sylveon|90/100|[from] item: Life Orb
|move|p1a: Politoed|Focus Blast|p2a: Farigiraf
|-crit|p2a: Farigiraf
|-damage|p2a: Farigiraf|0 fnt
|faint|p2a: Farigiraf
|
|-weather|RainDance|[upkeep]
|upkeep
|
|t:|1783480129
|switch|p2a: Mawile|Mawile, L50, F|100/100
|turn|5
|inactive|Battle timer is ON: inactive players will automatically lose when time's up. (requested by andiom123)
|
|t:|1783480183
|move|p2a: Mawile|Rock Slide|p1b: Pelipper|[spread] p1a,p1b
|-supereffective|p1b: Pelipper|1
|-damage|p1a: Politoed|15/100
|-damage|p1b: Pelipper|29/100
|move|p2b: Sylveon|Hyper Voice|p1b: Pelipper|[spread] p1a,p1b
|-damage|p1a: Politoed|0 fnt
|-damage|p1b: Pelipper|0 fnt
|faint|p1a: Politoed
|faint|p1b: Pelipper
|-damage|p2b: Sylveon|80/100|[from] item: Life Orb
|
|win|andiom123
|raw|TheDesertedKing's rating: 1124 → 1104(-20 for losing)
|raw|andiom123's rating: 1190 → 1210(+20 for winning)
|l|☆TheDesertedKing
|player|p1|
