|j|☆psychic system
|j|☆panqueca25
|html|psychic systempanqueca25    
|uhtml|bestof|Game 2 of a best-of-3
|t:|1757688319
|gametype|doubles
|player|p1|psychic system|dawn|1328
|player|p2|panqueca25|101|1342
|gen|9
|tier|[Gen 9] VGC 2025 Reg H (Bo3)
|rated|
|rule|Species Clause: Limit one of each Pokémon
|rule|Item Clause: Limit 1 of each item
|clearpoke
|poke|p1|Incineroar, L50, M|
|poke|p1|Florges, L50, F|
|poke|p1|Amoonguss, L50, F|
|poke|p1|Pelipper, L50, F|
|poke|p1|Garchomp, L50, M|
|poke|p1|Rillaboom, L50, F|
|poke|p2|Murkrow, L50, F|
|poke|p2|Gholdengo, L50|
|poke|p2|Dondozo, L50, M|
|poke|p2|Tatsugiri, L50, F|
|poke|p2|Clefable, L50, F|
|poke|p2|Incineroar, L50, F|
|teampreview|4
|showteam|p1|Incineroar||SafetyGoggles|Intimidate|FakeOut,KnockOff,FlareBlitz,PartingShot|||M|||50|,,,,,Ghost]Florges||Leftovers|FlowerVeil|Moonblast,DazzlingGleam,CalmMind,Protect|||F|||50|,,,,,Poison]Amoonguss||SitrusBerry|Regenerator|ClearSmog,Spore,PollenPuff,RagePowder|||F|||50|,,,,,Water]Pelipper||ChoiceScarf|Drizzle|MuddyWater,Hurricane,IcyWind,WeatherBall|||F|||50|,,,,,Water]Garchomp||ClearAmulet|RoughSkin|StompingTantrum,DragonClaw,SwordsDance,Protect|||M|||50|,,,,,Poison]Rillaboom||AssaultVest|GrassySurge|DrumBeating,GrassyGlide,HighHorsepower,FakeOut|||F|||50|,,,,,Fire
|showteam|p2|Murkrow||Eviolite|Prankster|Tailwind,FoulPlay,Taunt,Haze|||F|||50|,,,,,Ghost]Gholdengo||ChoiceSpecs|GoodasGold|MakeItRain,PowerGem,ShadowBall,Thunderbolt||||||50|,,,,,Steel]Dondozo||Leftovers|Unaware|WaveCrash,Earthquake,OrderUp,Protect|||M|||50|,,,,,Grass]Tatsugiri||FocusSash|Commander|DracoMeteor,IcyWind,MuddyWater,Protect|||F|||50|,,,,,Stellar]Clefable||RockyHelmet|Unaware|Moonblast,FollowMe,Encore,Protect|||F|||50|,,,,,Ghost]Incineroar||SafetyGoggles|Intimidate|FlareBlitz,KnockOff,PartingShot,FakeOut|||F|||50|,,,,,Ghost
|inactive|Battle timer is ON: inactive players will automatically lose when time's up. (requested by panqueca25)
|
|t:|1757688337
|teamsize|p1|4
|teamsize|p2|4
|start
|switch|p1a: Rillaboom|Rillaboom, L50, F|100/100
|switch|p1b: Incineroar|Incineroar, L50, M|100/100
|switch|p2a: Gholdengo|Gholdengo, L50|100/100
|switch|p2b: Incineroar|Incineroar, L50, F|100/100
|-fieldstart|move: Grassy Terrain|[from] ability: Grassy Surge|[of] p1a: Rillaboom
|-ability|p1b: Incineroar|Intimidate|boost
|-unboost|p2a: Gholdengo|atk|1
|-unboost|p2b: Incineroar|atk|1
|-ability|p2b: Incineroar|Intimidate|boost
|-unboost|p1a: Rillaboom|atk|1
|-unboost|p1b: Incineroar|atk|1
|turn|1
|inactive|psychic system has 30 seconds left.
|inactive|psychic system has 20 seconds left.
|
|t:|1757688376
|move|p2b: Incineroar|Fake Out|p1a: Rillaboom
|-damage|p1a: Rillaboom|94/100
|move|p2a: Gholdengo|Power Gem|p1b: Incineroar
|-supereffective|p1b: Incineroar
|-damage|p1b: Incineroar|18/100
|cant|p1a: Rillaboom|flinch
|move|p1b: Incineroar|Knock Off|p2a: Gholdengo
|-supereffective|p2a: Gholdengo
|-damage|p2a: Gholdengo|30/100
|-enditem|p2a: Gholdengo|Choice Specs|[from] move: Knock Off|[of] p1b: Incineroar
|
|-heal|p2a: Gholdengo|36/100|[from] Grassy Terrain
|-heal|p1a: Rillaboom|99/100|[from] Grassy Terrain
|-heal|p1b: Incineroar|24/100|[from] Grassy Terrain
|upkeep
|turn|2
|inactive|psychic system has 30 seconds left.
|
|t:|1757688403
|move|p2a: Gholdengo|Make It Rain|p1b: Incineroar|[spread] p1a,p1b
|-resisted|p1b: Incineroar
|-damage|p1a: Rillaboom|67/100
|-damage|p1b: Incineroar|0 fnt
|-unboost|p2a: Gholdengo|spa|1
|faint|p1b: Incineroar
|move|p1a: Rillaboom|High Horsepower|p2a: Gholdengo
|-supereffective|p2a: Gholdengo
|-damage|p2a: Gholdengo|0 fnt
|faint|p2a: Gholdengo
|move|p2b: Incineroar|Flare Blitz|p1a: Rillaboom
|-supereffective|p1a: Rillaboom
|-damage|p1a: Rillaboom|5/100
|-damage|p2b: Incineroar|80/100|[from] Recoil
|
|-heal|p1a: Rillaboom|11/100|[from] Grassy Terrain
|-heal|p2b: Incineroar|86/100|[from] Grassy Terrain
|upkeep
|
|t:|1757688422
|switch|p2a: Dondozo|Dondozo, L50, M|100/100
|switch|p1b: Florges|Florges, L50, F|100/100
|turn|3
|
|t:|1757688440
|switch|p1b: Amoonguss|Amoonguss, L50, F|100/100
|move|p1a: Rillaboom|Drum Beating|p2a: Dondozo
|-supereffective|p2a: Dondozo
|-crit|p2a: Dondozo
|-damage|p2a: Dondozo|0 fnt
|faint|p2a: Dondozo
|move|p2b: Incineroar|Knock Off|p1b: Amoonguss
|-damage|p1b: Amoonguss|78/100
|-enditem|p1b: Amoonguss|Sitrus Berry|[from] move: Knock Off|[of] p2b: Incineroar
|
|-heal|p1a: Rillaboom|17/100|[from] Grassy Terrain
|-heal|p2b: Incineroar|92/100|[from] Grassy Terrain
|-heal|p1b: Amoonguss|84/100|[from] Grassy Terrain
|upkeep
|
|t:|1757688449
|switch|p2a: Tatsugiri|Tatsugiri, L50, F|100/100
|turn|4
|
|t:|1757688465
|switch|p1a: Florges|Florges, L50, F|100/100
|-terastallize|p1b: Amoonguss|Water
|move|p2a: Tatsugiri|Protect|p2a: Tatsugiri
|-singleturn|p2a: Tatsugiri|Protect
|move|p2b: Incineroar|Knock Off|p1a: Florges
|-resisted|p1a: Florges
|-damage|p1a: Florges|85/100
|-enditem|p1a: Florges|Leftovers|[from] move: Knock Off|[of] p2b: Incineroar
|move|p1b: Amoonguss|Spore|p2a: Tatsugiri
|-activate|p2a: Tatsugiri|move: Protect
|
|-heal|p1a: Florges|91/100|[from] Grassy Terrain
|-heal|p2b: Incineroar|98/100|[from] Grassy Terrain
|-heal|p1b: Amoonguss|90/100|[from] Grassy Terrain
|upkeep
|turn|5
|
|t:|1757688489
|move|p2a: Tatsugiri|Icy Wind|p1a: Florges|[spread] p1a,p1b
|-resisted|p1b: Amoonguss
|-damage|p1a: Florges|82/100
|-damage|p1b: Amoonguss|84/100
|-unboost|p1a: Florges|spe|1
|-unboost|p1b: Amoonguss|spe|1
|move|p2b: Incineroar|Flare Blitz|p1a: Florges
|-damage|p1a: Florges|49/100
|-damage|p2b: Incineroar|88/100|[from] Recoil
|move|p1a: Florges|Dazzling Gleam|p2a: Tatsugiri|[spread] p2a,p2b
|-supereffective|p2a: Tatsugiri
|-damage|p2a: Tatsugiri|36/100
|-damage|p2b: Incineroar|66/100
|move|p1b: Amoonguss|Spore|p2a: Tatsugiri
|-status|p2a: Tatsugiri|slp|[from] move: Spore
|
|-heal|p2a: Tatsugiri|42/100 slp|[from] Grassy Terrain
|-heal|p2b: Incineroar|72/100|[from] Grassy Terrain
|-heal|p1a: Florges|55/100|[from] Grassy Terrain
|-heal|p1b: Amoonguss|90/100|[from] Grassy Terrain
|-fieldend|move: Grassy Terrain
|upkeep
|turn|6
|inactive|psychic system has 30 seconds left.
|
|t:|1757688516
|cant|p2a: Tatsugiri|slp
|move|p2b: Incineroar|Flare Blitz|p1a: Florges
|-crit|p1a: Florges
|-damage|p1a: Florges|0 fnt
|faint|p1a: Florges
|-damage|p2b: Incineroar|56/100|[from] Recoil
|move|p1b: Amoonguss|Pollen Puff|p1: Florges|[notarget]
|-fail|p1b: Amoonguss
|
|upkeep
|
|t:|1757688522
|switch|p1a: Rillaboom|Rillaboom, L50, F|17/100
|-fieldstart|move: Grassy Terrain|[from] ability: Grassy Surge|[of] p1a: Rillaboom
|turn|7
|
|t:|1757688539
|-curestatus|p2a: Tatsugiri|slp|[msg]
|move|p2a: Tatsugiri|Protect|p2a: Tatsugiri
|-singleturn|p2a: Tatsugiri|Protect
|move|p1a: Rillaboom|Fake Out|p2b: Incineroar
|-damage|p2b: Incineroar|44/100
|cant|p2b: Incineroar|flinch
|move|p1b: Amoonguss|Pollen Puff|p1a: Rillaboom
|-heal|p1a: Rillaboom|67/100
|
|-heal|p2a: Tatsugiri|47/100|[from] Grassy Terrain
|-heal|p1a: Rillaboom|72/100|[from] Grassy Terrain
|-heal|p2b: Incineroar|50/100|[from] Grassy Terrain
|-heal|p1b: Amoonguss|96/100|[from] Grassy Terrain
|upkeep
|turn|8
|
|t:|1757688558
|-terastallize|p2a: Tatsugiri|Stellar
|move|p2a: Tatsugiri|Icy Wind|p1a: Rillaboom|[spread] p1a,p1b
|-supereffective|p1a: Rillaboom
|-resisted|p1b: Amoonguss
|-damage|p1a: Rillaboom|53/100
|-damage|p1b: Amoonguss|89/100
|-unboost|p1a: Rillaboom|spe|1
|-unboost|p1b: Amoonguss|spe|1
|move|p2b: Incineroar|Flare Blitz|p1a: Rillaboom
|-supereffective|p1a: Rillaboom
|-damage|p1a: Rillaboom|0 fnt
|faint|p1a: Rillaboom
|-damage|p2b: Incineroar|32/100|[from] Recoil
|move|p1b: Amoonguss|Pollen Puff|p1: Rillaboom|[notarget]
|-fail|p1b: Amoonguss
|
|-heal|p2a: Tatsugiri|53/100|[from] Grassy Terrain
|-heal|p2b: Incineroar|38/100|[from] Grassy Terrain
|-heal|p1b: Amoonguss|95/100|[from] Grassy Terrain
|upkeep
|turn|9
|
|t:|1757688570
|move|p2a: Tatsugiri|Protect|p2a: Tatsugiri
|-singleturn|p2a: Tatsugiri|Protect
|move|p2b: Incineroar|Knock Off|p1b: Amoonguss
|-damage|p1b: Amoonguss|81/100
|move|p1b: Amoonguss|Spore|p2a: Tatsugiri
|-activate|p2a: Tatsugiri|move: Protect
|
|-heal|p2a: Tatsugiri|59/100|[from] Grassy Terrain
|-heal|p2b: Incineroar|44/100|[from] Grassy Terrain
|-heal|p1b: Amoonguss|87/100|[from] Grassy Terrain
|upkeep
|turn|10
|
|t:|1757688579
|move|p2a: Tatsugiri|Draco Meteor|p1b: Amoonguss
|-damage|p1b: Amoonguss|16/100
|-unboost|p2a: Tatsugiri|spa|2
|move|p2b: Incineroar|Parting Shot|p1b: Amoonguss
|-unboost|p1b: Amoonguss|atk|1
|-unboost|p1b: Amoonguss|spa|1
|move|p1b: Amoonguss|Spore|p2a: Tatsugiri
|-status|p2a: Tatsugiri|slp|[from] move: Spore
|
|-heal|p2a: Tatsugiri|64/100 slp|[from] Grassy Terrain
|-heal|p2b: Incineroar|50/100|[from] Grassy Terrain
|-heal|p1b: Amoonguss|22/100|[from] Grassy Terrain
|upkeep
|turn|11
|
|t:|1757688589
|cant|p2a: Tatsugiri|slp
|move|p2b: Incineroar|Flare Blitz|p1b: Amoonguss
|-resisted|p1b: Amoonguss
|-damage|p1b: Amoonguss|7/100
|-damage|p2b: Incineroar|45/100|[from] Recoil
|move|p1b: Amoonguss|Pollen Puff|p2b: Incineroar
|-damage|p2b: Incineroar|34/100
|
|-heal|p2a: Tatsugiri|70/100 slp|[from] Grassy Terrain
|-heal|p2b: Incineroar|40/100|[from] Grassy Terrain
|-heal|p1b: Amoonguss|13/100|[from] Grassy Terrain
|-fieldend|move: Grassy Terrain
|upkeep
|turn|12
|
|t:|1757688593
|cant|p2a: Tatsugiri|slp
|move|p2b: Incineroar|Flare Blitz|p1b: Amoonguss
|-resisted|p1b: Amoonguss
|-damage|p1b: Amoonguss|0 fnt
|faint|p1b: Amoonguss
|-damage|p2b: Incineroar|35/100|[from] Recoil
|
|win|panqueca25
||psychic system is ready for game 3.
||panqueca25 is ready for game 3.
|uhtml|next|Next: Game 3 of 3
