|j|☆MiamiButcher
|j|☆Delacruso
|html|MiamiButcherDelacruso    
|uhtml|bestof|Game 1 of a best-of-3
|t:|1783442350
|gametype|doubles
|player|p1|MiamiButcher|giovanni|1070
|player|p2|Delacruso|red|1073
|gen|9
|tier|[Gen 9 Champions] VGC 2026 Reg M-B (Bo3)
|rated|
|rule|Species Clause: Limit one of each Pokémon
|rule|Item Clause: Limit 1 of each item
|clearpoke
|poke|p1|Lucario, L50, F|
|poke|p1|Pelipper, L50, F|
|poke|p1|Whimsicott, L50, F|
|poke|p1|Incineroar, L50, F|
|poke|p1|Archaludon, L50, F|
|poke|p1|Basculegion, L50, M|
|poke|p2|Swampert, L50, M|
|poke|p2|Grimmsnarl, L50, M, shiny|
|poke|p2|Archaludon, L50, F|
|poke|p2|Pelipper, L50, F|
|poke|p2|Sinistcha, L50|
|poke|p2|Staraptor, L50, M, shiny|
|teampreview|4
|showteam|p1|Lucario||Lucarionite|InnerFocus|AuraSphere,VacuumWave,CloseCombat,MeteorMash|Naive||F|||50|]Pelipper||SitrusBerry|Drizzle|WideGuard,Tailwind,Hurricane,WeatherBall|Modest||F|||50|]Whimsicott||FocusSash|Infiltrator|Moonblast,Taunt,Tailwind,Encore|Timid||F|||50|]Incineroar||Leftovers|Intimidate|PartingShot,FlareBlitz,FakeOut,DarkestLariat|Careful||F|||50|]Archaludon||WhiteHerb|Stalwart|FlashCannon,DragonPulse,ElectroShot,Protect|Timid||F|||50|]Basculegion||MysticWater|Adaptability|LastRespects,Protect,WaveCrash,AquaJet|Adamant||M|||50|
|showteam|p2|Swampert||Swampertite|Damp|WaveCrash,Earthquake,IcePunch,Protect|Adamant||M|||50|]Grimmsnarl||LightClay|Prankster|FoulPlay,PartingShot,LightScreen,Reflect|Careful||M|||50|]Archaludon||Leftovers|Stamina|ElectroShot,DragonPulse,FlashCannon,Protect|Modest||F|||50|]Pelipper||FocusSash|Drizzle|Hurricane,WeatherBall,Tailwind,WideGuard|Modest||F|||50|]Sinistcha||SitrusBerry|Hospitality|MatchaGotcha,RagePowder,Protect,TrickRoom|Serious|||||50|]Staraptor||Staraptite|Intimidate|CloseCombat,BraveBird,Roost,Protect|Adamant||M|||50|
|inactive|Battle timer is ON: inactive players will automatically lose when time's up. (requested by Delacruso)
|inactive|MiamiButcher also wants the timer to be on.
|inactive|Delacruso has 60 seconds left.
|inactive|Delacruso has 30 seconds left.
|
|t:|1783442413
|teamsize|p1|4
|teamsize|p2|4
|start
|switch|p1a: Lucario|Lucario, L50, F|100/100
|switch|p1b: Whimsicott|Whimsicott, L50, F|100/100
|switch|p2a: Grimmsnarl|Grimmsnarl, L50, M, shiny|100/100
|switch|p2b: Staraptor|Staraptor, L50, M, shiny|100/100
|-ability|p2b: Staraptor|Intimidate|boost
|-fail|p1a: Lucario|unboost|Attack|[from] ability: Inner Focus|[of] p1a: Lucario
|-unboost|p1b: Whimsicott|atk|1
|turn|1
|inactive|Delacruso has 30 seconds left.
|inactive|Delacruso has 20 seconds left.
|
|t:|1783442450
|detailschange|p1a: Lucario|Lucario-Mega, L50, F
|-mega|p1a: Lucario|Lucario|Lucarionite
|detailschange|p2b: Staraptor|Staraptor-Mega, L50, M, shiny
|-mega|p2b: Staraptor|Staraptor|Staraptite
|move|p2a: Grimmsnarl|Parting Shot|p2b: Staraptor
|-boost|p2b: Staraptor|atk|1
|-boost|p2b: Staraptor|spa|1
|
|t:|1783442457
|switch|p2a: Pelipper|Pelipper, L50, F|100/100|[from] Parting Shot
|-weather|RainDance|[from] ability: Drizzle|[of] p2a: Pelipper
|move|p1b: Whimsicott|Tailwind|p1b: Whimsicott
|-sidestart|p1: MiamiButcher|move: Tailwind
|move|p1a: Lucario|Meteor Mash|p2a: Pelipper
|-resisted|p2a: Pelipper|1
|-damage|p2a: Pelipper|62/100
|move|p2b: Staraptor|Close Combat|p1a: Lucario
|-supereffective|p1a: Lucario|1
|-crit|p1a: Lucario
|-damage|p1a: Lucario|0 fnt
|-boost|p2b: Staraptor|def|1
|-boost|p2b: Staraptor|spd|1
|faint|p1a: Lucario
|
|-weather|RainDance|[upkeep]
|upkeep
|
|t:|1783442472
|switch|p1a: Archaludon|Archaludon, L50, F|100/100
|turn|2
|inactive|Delacruso has 30 seconds left.
|inactive|Delacruso has 20 seconds left.
|
|t:|1783442511
|move|p1b: Whimsicott|Moonblast|p2b: Staraptor
|-supereffective|p2b: Staraptor|1
|-damage|p2b: Staraptor|62/100
|move|p1a: Archaludon|Electro Shot||[still]
|-prepare|p1a: Archaludon|Electro Shot
|-boost|p1a: Archaludon|spa|1
|-anim|p1a: Archaludon|Electro Shot|p2b: Staraptor
|-supereffective|p2b: Staraptor|1
|-damage|p2b: Staraptor|0 fnt
|faint|p2b: Staraptor
|move|p2a: Pelipper|Weather Ball|p1a: Archaludon
|-resisted|p1a: Archaludon|1
|-damage|p1a: Archaludon|48/100
|
|-weather|RainDance|[upkeep]
|upkeep
|
|t:|1783442530
|switch|p2b: Grimmsnarl|Grimmsnarl, L50, M, shiny|100/100
|turn|3
|
|t:|1783442546
|move|p2b: Grimmsnarl|Parting Shot|p1a: Archaludon
|-unboost|p1a: Archaludon|atk|1
|-unboost|p1a: Archaludon|spa|1
|
|t:|1783442555
|switch|p2b: Sinistcha|Sinistcha, L50|100/100|[from] Parting Shot
|-enditem|p1a: Archaludon|White Herb
|-clearnegativeboost|p1a: Archaludon|[silent]
|-heal|p2a: Pelipper|87/100|[from] ability: Hospitality|[of] p2b: Sinistcha
|move|p1b: Whimsicott|Taunt|p2b: Sinistcha
|-start|p2b: Sinistcha|move: Taunt
|move|p1a: Archaludon|Electro Shot||[still]
|-prepare|p1a: Archaludon|Electro Shot
|-boost|p1a: Archaludon|spa|1
|-anim|p1a: Archaludon|Electro Shot|p2a: Pelipper
|-supereffective|p2a: Pelipper|2
|-damage|p2a: Pelipper|0 fnt
|faint|p2a: Pelipper
|
|-weather|RainDance|[upkeep]
|upkeep
|
|t:|1783442572
|switch|p2a: Grimmsnarl|Grimmsnarl, L50, M, shiny|100/100
|turn|4
|
|t:|1783442588
|move|p1b: Whimsicott|Taunt|p2a: Grimmsnarl
|-start|p2a: Grimmsnarl|move: Taunt
|move|p1a: Archaludon|Electro Shot||[still]
|-prepare|p1a: Archaludon|Electro Shot
|-boost|p1a: Archaludon|spa|1
|-anim|p1a: Archaludon|Electro Shot|p2a: Grimmsnarl
|-damage|p2a: Grimmsnarl|29/100
|move|p2b: Sinistcha|Matcha Gotcha|p1b: Whimsicott|[spread] p1a,p1b
|-resisted|p1a: Archaludon|2
|-resisted|p1b: Whimsicott|1
|-damage|p1a: Archaludon|38/100
|-damage|p1b: Whimsicott|85/100
|move|p2a: Grimmsnarl|Foul Play|p1a: Archaludon
|-damage|p1a: Archaludon|13/100
|
|-weather|RainDance|[upkeep]
|-sideend|p1: MiamiButcher|move: Tailwind
|upkeep
|turn|5
|
|t:|1783442609
|move|p1b: Whimsicott|Tailwind|p1b: Whimsicott
|-sidestart|p1: MiamiButcher|move: Tailwind
|move|p1a: Archaludon|Electro Shot||[still]
|-prepare|p1a: Archaludon|Electro Shot
|-boost|p1a: Archaludon|spa|1
|-anim|p1a: Archaludon|Electro Shot|p2a: Grimmsnarl
|-damage|p2a: Grimmsnarl|0 fnt
|faint|p2a: Grimmsnarl
|move|p2b: Sinistcha|Matcha Gotcha|p1a: Archaludon|[spread] p1a,p1b
|-resisted|p1a: Archaludon|2
|-resisted|p1b: Whimsicott|1
|-damage|p1a: Archaludon|3/100
|-damage|p1b: Whimsicott|68/100
|
|-weather|none
|-end|p2b: Sinistcha|move: Taunt
|upkeep
|turn|6
|-message|Delacruso forfeited.
|
|win|MiamiButcher
