|j|☆lux raymundi
|j|☆Kennedywuzhere
|html|lux raymundiKennedywuzhere    
|uhtml|bestof|Game 3 of a best-of-3
|t:|1786160368
|gametype|doubles
|player|p1|lux raymundi|169|1245
|player|p2|Kennedywuzhere|101|1139
|gen|9
|tier|[Gen 9 Champions] VGC 2026 Reg M-B (Bo3)
|rated|
|rule|Species Clause: Limit one of each Pokémon
|rule|Item Clause: Limit 1 of each item
|clearpoke
|poke|p1|Staraptor, L50, M|
|poke|p1|Arcanine-Hisui, L50, F|
|poke|p1|Kingambit, L50, F|
|poke|p1|Raichu, L50, F|
|poke|p1|Farigiraf, L50, F|
|poke|p1|Sylveon, L50, M|
|poke|p2|Annihilape, L50, M, shiny|
|poke|p2|Charizard, L50, F, shiny|
|poke|p2|Sinistcha-Masterpiece, L50, shiny|
|poke|p2|Staraptor, L50, M|
|poke|p2|Sneasler, L50, F, shiny|
|poke|p2|Umbreon, L50, M, shiny|
|teampreview|4
|showteam|p1|Staraptor||Staraptite|Intimidate|DualWingbeat,CloseCombat,Tailwind,Protect|Jolly||M|||50|]Arcanine-Hisui||FocusSash|RockHead|FlareBlitz,HeadSmash,ExtremeSpeed,Protect|Jolly||F|||50|]Kingambit||LifeOrb|Defiant|KowtowCleave,SuckerPunch,SwordsDance,Protect|Adamant||F|||50|]Raichu||RaichuniteY|LightningRod|ZapCannon,FocusBlast,FakeOut,Protect|Timid||F|||50|]Farigiraf||SitrusBerry|ArmorTail|Psychic,HelpingHand,TrickRoom,Protect|Calm||F|||50|]Sylveon||FairyFeather|Pixilate|HyperVoice,HyperBeam,QuickAttack,Detect|Modest||M|||50|
|showteam|p2|Annihilape||ChoiceScarf|Defiant|Earthquake,DrainPunch,RageFist,PoisonJab|Adamant||M|||50|]Charizard||CharizarditeY|Blaze|HeatWave,FocusBlast,Protect,IronTail|Timid||F|||50|]Sinistcha-Masterpiece||KingsRock|Hospitality|MatchaGotcha,RagePowder,Protect,ShadowBall|Timid|||||50|]Staraptor||Staraptite|Intimidate|CloseCombat,Protect,DualWingbeat,Roost|Adamant||M|||50|]Sneasler||WhiteHerb|Unburden|CloseCombat,DireClaw,FakeOut,Toxic|Careful||F|||50|]Umbreon||Leftovers|Synchronize|Wish,Yawn,Charm,Snarl|Bold||M|||50|
|
|t:|1786160391
|teamsize|p1|4
|teamsize|p2|4
|start
|switch|p1a: Staraptor|Staraptor, L50, M|100/100
|switch|p1b: Raichu|Raichu, L50, F|100/100
|switch|p2a: Umbreon|Umbreon, L50, M, shiny|100/100
|switch|p2b: Sneasler|Sneasler, L50, F, shiny|100/100
|-ability|p1a: Staraptor|Intimidate|boost
|-unboost|p2a: Umbreon|atk|1
|-unboost|p2b: Sneasler|atk|1
|-enditem|p2b: Sneasler|White Herb
|-clearnegativeboost|p2b: Sneasler|[silent]
|turn|1
|
|t:|1786160419
|detailschange|p1b: Raichu|Raichu-Mega-Y, L50, F
|-mega|p1b: Raichu|Raichu|Raichunite Y
|move|p2b: Sneasler|Fake Out|p1a: Staraptor
|-damage|p1a: Staraptor|84/100
|move|p1b: Raichu|Fake Out|p2b: Sneasler
|-damage|p2b: Sneasler|87/100
|cant|p1a: Staraptor|flinch
|move|p2a: Umbreon|Yawn|p1b: Raichu
|-start|p1b: Raichu|move: Yawn|[of] p2a: Umbreon
|
|upkeep
|turn|2
|
|t:|1786160460
|switch|p1b: Arcanine|Arcanine-Hisui, L50, F|100/100
|move|p2b: Sneasler|Close Combat|p1b: Arcanine
|-supereffective|p1b: Arcanine|1
|-enditem|p1b: Arcanine|Focus Sash
|-damage|p1b: Arcanine|1/100
|-unboost|p2b: Sneasler|def|1
|-unboost|p2b: Sneasler|spd|1
|move|p1a: Staraptor|Dual Wingbeat|p2b: Sneasler
|-supereffective|p2b: Sneasler|1
|-damage|p2b: Sneasler|20/100y
|-supereffective|p2b: Sneasler|1
|-damage|p2b: Sneasler|0 fnt
|faint|p2b: Sneasler
|-hitcount|p2: Sneasler|2
|move|p2a: Umbreon|Yawn|p1a: Staraptor
|-start|p1a: Staraptor|move: Yawn|[of] p2a: Umbreon
|
|upkeep
|
|t:|1786160479
|switch|p2b: Annihilape|Annihilape, L50, M, shiny|100/100
|turn|3
|
|t:|1786160512
|switch|p1a: Sylveon|Sylveon, L50, M|100/100
|move|p2b: Annihilape|Drain Punch|p1b: Arcanine
|-supereffective|p1b: Arcanine|1
|-damage|p1b: Arcanine|0 fnt
|faint|p1b: Arcanine
|move|p2a: Umbreon|Yawn|p1a: Sylveon
|-start|p1a: Sylveon|move: Yawn|[of] p2a: Umbreon
|
|upkeep
|
|t:|1786160517
|switch|p1b: Staraptor|Staraptor, L50, M|84/100
|-ability|p1b: Staraptor|Intimidate|boost
|-unboost|p2a: Umbreon|atk|1
|-unboost|p2b: Annihilape|atk|1
|-ability|p2b: Annihilape|Defiant|boost
|-boost|p2b: Annihilape|atk|2
|turn|4
|
|t:|1786160534
|move|p2b: Annihilape|Drain Punch|p1a: Sylveon
|-resisted|p1a: Sylveon|1
|-damage|p1a: Sylveon|66/100
|move|p1b: Staraptor|Tailwind|p1b: Staraptor
|-sidestart|p1: lux raymundi|move: Tailwind
|move|p1a: Sylveon|Hyper Voice|p2a: Umbreon|[spread] p2a,p2b
|-supereffective|p2a: Umbreon|1
|-supereffective|p2b: Annihilape|1
|-damage|p2a: Umbreon|34/100
|-damage|p2b: Annihilape|14/100
|move|p2a: Umbreon|Yawn|p1b: Staraptor
|-start|p1b: Staraptor|move: Yawn|[of] p2a: Umbreon
|
|-heal|p2a: Umbreon|40/100|[from] item: Leftovers
|-end|p1a: Sylveon|move: Yawn|[silent]
|-status|p1a: Sylveon|slp
|upkeep
|turn|5
|
|t:|1786160560
|switch|p2a: Staraptor|Staraptor, L50, M|100/100
|-ability|p2a: Staraptor|Intimidate|boost
|-unboost|p1a: Sylveon|atk|1
|-unboost|p1b: Staraptor|atk|1
|move|p1b: Staraptor|Dual Wingbeat|p2b: Annihilape|[miss]
|-miss|p1b: Staraptor|p2b: Annihilape
|cant|p1a: Sylveon|slp
|move|p2b: Annihilape|Drain Punch|p1a: Sylveon
|-resisted|p1a: Sylveon|1
|-damage|p1a: Sylveon|32/100 slp
|-heal|p2b: Annihilape|30/100|[from] drain|[of] p1a: Sylveon
|
|-end|p1b: Staraptor|move: Yawn|[silent]
|-status|p1b: Staraptor|slp
|upkeep
|turn|6
|
|t:|1786160581
|detailschange|p2a: Staraptor|Staraptor-Mega, L50, M
|-mega|p2a: Staraptor|Staraptor|Staraptite
|cant|p1b: Staraptor|slp
|cant|p1a: Sylveon|slp
|move|p2b: Annihilape|Drain Punch|p1a: Sylveon
|-resisted|p1a: Sylveon|1
|-damage|p1a: Sylveon|1/100 slp
|-heal|p2b: Annihilape|45/100|[from] drain|[of] p1a: Sylveon
|move|p2a: Staraptor|Close Combat|p1b: Staraptor
|-damage|p1b: Staraptor|0 fnt
|-boost|p2a: Staraptor|def|1
|-boost|p2a: Staraptor|spd|1
|faint|p1b: Staraptor
|
|upkeep
|
|t:|1786160592
|switch|p1b: Raichu|Raichu-Mega-Y, L50, F|100/100
|turn|7
|
|t:|1786160603
|move|p2a: Staraptor|Protect|p2a: Staraptor
|-singleturn|p2a: Staraptor|Protect
|move|p1b: Raichu|Zap Cannon|p2a: Staraptor
|-activate|p2a: Staraptor|move: Protect
|-curestatus|p1a: Sylveon|slp|[msg]
|move|p1a: Sylveon|Hyper Voice|p2a: Staraptor|[spread] p2b
|-activate|p2a: Staraptor|move: Protect
|-supereffective|p2b: Annihilape|1
|-damage|p2b: Annihilape|0 fnt
|faint|p2b: Annihilape
|
|-sideend|p1: lux raymundi|move: Tailwind
|upkeep
|
|t:|1786160615
|switch|p2b: Umbreon|Umbreon, L50, M, shiny|40/100
|turn|8
|
|t:|1786160636
|move|p1b: Raichu|Zap Cannon|p2a: Staraptor
|-supereffective|p2a: Staraptor|1
|-damage|p2a: Staraptor|14/100
|-status|p2a: Staraptor|par
|move|p1a: Sylveon|Hyper Voice|p2a: Staraptor|[spread] p2a,p2b
|-supereffective|p2a: Staraptor|1
|-supereffective|p2b: Umbreon|1
|-damage|p2a: Staraptor|0 fnt
|-damage|p2b: Umbreon|0 fnt
|faint|p2a: Staraptor
|faint|p2b: Umbreon
|
|win|lux raymundi
|raw|lux raymundi's rating: 1245 → 1263(+18 for winning)
|raw|Kennedywuzhere's rating: 1139 → 1121(-18 for losing)
