|j|☆po1510
|j|☆8787878i
|html|po15108787878i    
|uhtml|bestof|Game 1 of a best-of-3
|t:|1785948901
|gametype|doubles
|player|p1|po1510|liko|1350
|player|p2|8787878i|tuberf|1332
|gen|9
|tier|[Gen 9 Champions] VGC 2026 Reg M-B (Bo3)
|rated|
|rule|Species Clause: Limit one of each Pokémon
|rule|Item Clause: Limit 1 of each item
|clearpoke
|poke|p1|Farigiraf, L50, F|
|poke|p1|Blaziken, L50, M|
|poke|p1|Basculegion, L50, M|
|poke|p1|Venusaur, L50, M|
|poke|p1|Kingambit, L50, M|
|poke|p1|Ninetales-Alola, L50, M|
|poke|p2|Froslass, L50, F|
|poke|p2|Sneasler, L50, F|
|poke|p2|Kingambit, L50, M|
|poke|p2|Basculegion, L50, M|
|poke|p2|Scovillain, L50, M|
|poke|p2|Lycanroc-Dusk, L50, M|
|teampreview|4
|showteam|p1|Farigiraf||SitrusBerry|ArmorTail|HelpingHand,Psychic,Thunderbolt,TrickRoom|Bold||F|||50|]Blaziken||Blazikenite|SpeedBoost|CloseCombat,Detect,FlareBlitz,RockSlide|Adamant||M|||50|]Basculegion||LifeOrb|Adaptability|Protect,WaveCrash,LastRespects,AquaJet|Adamant||M|||50|]Venusaur||Venusaurite|Chlorophyll|Protect,SludgeBomb,EarthPower,GigaDrain|Modest||M|||50|]Kingambit||ChopleBerry|Defiant|KowtowCleave,IronHead,SuckerPunch,LowKick|Adamant||M|||50|]Ninetales-Alola||LightClay|SnowWarning|Blizzard,AuroraVeil,Encore,Protect|Timid||M|||50|
|showteam|p2|Froslass||Froslassite|CursedBody|Protect,Blizzard,AuroraVeil,ShadowBall|Modest||F|||50|]Sneasler||WhiteHerb|Unburden|Protect,CloseCombat,FakeOut,GunkShot|Adamant||F|||50|]Kingambit||LifeOrb|Defiant|KowtowCleave,SuckerPunch,SwordsDance,Protect|Adamant||M|||50|]Basculegion||SitrusBerry|Adaptability|Protect,WaveCrash,LastRespects,AquaJet|Adamant||M|||50|]Scovillain||Scovillainite|Moody|Protect,GigaDrain,Overheat,RagePowder|Bold||M|||50|]Lycanroc-Dusk||FocusSash|ToughClaws|Protect,Accelerock,RockSlide,CloseCombat|Adamant||M|||50|
|inactive|Battle timer is ON: inactive players will automatically lose when time's up. (requested by po1510)
|inactive|po1510 has 60 seconds left.
|inactive|8787878i has 60 seconds left.
|inactive|8787878i has 30 seconds left.
|inactive|8787878i has 20 seconds left.
|inactive|8787878i has 15 seconds left.
|inactive|8787878i has 10 seconds left.
|
|t:|1785948985
|teamsize|p1|4
|teamsize|p2|4
|start
|switch|p1a: Venusaur|Venusaur, L50, M|100/100
|switch|p1b: Ninetales|Ninetales-Alola, L50, M|100/100
|switch|p2a: Sneasler|Sneasler, L50, F|100/100
|switch|p2b: Nella|Froslass, L50, F|100/100
|-weather|Snowscape|[from] ability: Snow Warning|[of] p1b: Ninetales
|turn|1
|
|t:|1785948994
|detailschange|p2b: Nella|Froslass-Mega, L50, F
|-mega|p2b: Nella|Froslass|Froslassite
|detailschange|p1a: Venusaur|Venusaur-Mega, L50, M
|-mega|p1a: Venusaur|Venusaur|Venusaurite
|move|p1b: Ninetales|Aurora Veil|p1b: Ninetales
|-sidestart|p1: po1510|move: Aurora Veil
|move|p2b: Nella|Blizzard|p1a: Venusaur|[spread] p1a,p1b
|-supereffective|p1a: Venusaur|1
|-resisted|p1b: Ninetales|1
|-damage|p1a: Venusaur|74/100
|-damage|p1b: Ninetales|83/100
|move|p2a: Sneasler|Gunk Shot|p1a: Venusaur
|-damage|p1a: Venusaur|45/100
|move|p1a: Venusaur|Earth Power|p2a: Sneasler
|-supereffective|p2a: Sneasler|1
|-damage|p2a: Sneasler|12/100
|
|-weather|Snowscape|[upkeep]
|upkeep
|turn|2
|
|t:|1785949011
|switch|p2a: Basculegion|Basculegion, L50, M|100/100
|move|p1b: Ninetales|Blizzard|p2a: Basculegion|[spread] p2a,p2b
|-resisted|p2a: Basculegion|1
|-resisted|p2b: Nella|1
|-damage|p2a: Basculegion|87/100
|-damage|p2b: Nella|85/100
|move|p2b: Nella|Blizzard|p1b: Ninetales|[spread] p1a,p1b
|-supereffective|p1a: Venusaur|1
|-resisted|p1b: Ninetales|1
|-damage|p1a: Venusaur|21/100
|-damage|p1b: Ninetales|69/100
|move|p1a: Venusaur|Giga Drain|p2b: Nella
|-damage|p2b: Nella|46/100
|-heal|p1a: Venusaur|39/100|[from] drain|[of] p2b: Nella
|
|-weather|Snowscape|[upkeep]
|upkeep
|turn|3
|
|t:|1785949024
|move|p1b: Ninetales|Blizzard|p2a: Basculegion|[spread] p2a,p2b
|-resisted|p2a: Basculegion|1
|-resisted|p2b: Nella|1
|-damage|p2a: Basculegion|73/100
|-damage|p2b: Nella|32/100
|move|p2b: Nella|Aurora Veil|p2b: Nella
|-sidestart|p2: 8787878i|move: Aurora Veil
|move|p1a: Venusaur|Giga Drain|p2a: Basculegion
|-supereffective|p2a: Basculegion|1
|-damage|p2a: Basculegion|18/100
|-heal|p1a: Venusaur|72/100|[from] drain|[of] p2a: Basculegion
|-enditem|p2a: Basculegion|Sitrus Berry|[eat]
|-heal|p2a: Basculegion|43/100|[from] item: Sitrus Berry
|move|p2a: Basculegion|Last Respects|p1a: Venusaur
|-damage|p1a: Venusaur|55/100
|
|-weather|Snowscape|[upkeep]
|upkeep
|turn|4
|
|t:|1785949042
|switch|p2a: Kingambit|Kingambit, L50, M|100/100
|move|p1b: Ninetales|Blizzard|p2a: Kingambit|[spread] p2a,p2b
|-resisted|p2a: Kingambit|1
|-resisted|p2b: Nella|1
|-damage|p2a: Kingambit|91/100
|-damage|p2b: Nella|23/100
|move|p2b: Nella|Blizzard|p1b: Ninetales|[spread] p1a,p1b
|-supereffective|p1a: Venusaur|1
|-resisted|p1b: Ninetales|1
|-damage|p1a: Venusaur|31/100
|-damage|p1b: Ninetales|53/100
|move|p1a: Venusaur|Giga Drain|p2a: Kingambit
|-resisted|p2a: Kingambit|1
|-damage|p2a: Kingambit|81/100
|-heal|p1a: Venusaur|37/100|[from] drain|[of] p2a: Kingambit
|
|-weather|Snowscape|[upkeep]
|upkeep
|turn|5
|inactive|po1510 has 30 seconds left.
|inactive|8787878i has 30 seconds left.
|
|t:|1785949071
|switch|p1b: Kingambit|Kingambit, L50, M|100/100
|move|p2b: Nella|Shadow Ball|p1b: Kingambit
|-resisted|p1b: Kingambit|1
|-damage|p1b: Kingambit|85/100
|-unboost|p1b: Kingambit|spd|1
|-ability|p1b: Kingambit|Defiant|boost
|-boost|p1b: Kingambit|atk|2
|move|p1a: Venusaur|Earth Power|p2a: Kingambit
|-supereffective|p2a: Kingambit|1
|-damage|p2a: Kingambit|46/100
|move|p2a: Kingambit|Kowtow Cleave|p1b: Kingambit
|-resisted|p1b: Kingambit|1
|-damage|p1b: Kingambit|70/100
|-damage|p2a: Kingambit|37/100|[from] item: Life Orb
|
|-weather|none
|upkeep
|turn|6
|-message|8787878i forfeited.
|
|win|po1510
