|j|☆Zero_BlazeVGC
|j|☆chalizhou
|html|Zero_BlazeVGCchalizhou    
|uhtml|bestof|Game 1 of a best-of-3
|t:|1756738561
|gametype|doubles
|player|p1|Zero_BlazeVGC|flint|1245
|player|p2|chalizhou|rosa|1210
|gen|9
|tier|[Gen 9] VGC 2025 Reg H (Bo3)
|rated|
|rule|Species Clause: Limit one of each Pokémon
|rule|Item Clause: Limit 1 of each item
|clearpoke
|poke|p1|Gholdengo, L50|
|poke|p1|Pelipper, L50, M|
|poke|p1|Basculegion, L50, M|
|poke|p1|Amoonguss, L50, F|
|poke|p1|Archaludon, L50, M|
|poke|p1|Incineroar, L50, M|
|poke|p2|Incineroar, L50, M|
|poke|p2|Rillaboom, L50, M|
|poke|p2|Tatsugiri, L50, M|
|poke|p2|Dondozo, L50, M|
|poke|p2|Dragonite, L50, F|
|poke|p2|Sableye, L50, F|
|teampreview|4
|showteam|p1|Gholdengo||LifeOrb|GoodasGold|Protect,NastyPlot,MakeItRain,ShadowBall||||||50|,,,,,Water]Pelipper||FocusSash|Drizzle|Protect,Tailwind,MuddyWater,Hurricane|||M|||50|,,,,,Stellar]Basculegion||ChoiceBand|SwiftSwim|AquaJet,WaveCrash,FlipTurn,LastRespects|||M|||50|,,,,,Fairy]Amoonguss||SitrusBerry|Regenerator|PollenPuff,Spore,RagePowder,Protect|||F|||50|,,,,,Fairy]Archaludon||AssaultVest|Stamina|ElectroShot,Snarl,FlashCannon,BodyPress|||M|||50|,,,,,Bug]Incineroar||SafetyGoggles|Intimidate|FakeOut,KnockOff,PartingShot,Taunt|||M|||50|,,,,,Ghost
|showteam|p2|Incineroar||AssaultVest|Intimidate|FakeOut,FlareBlitz,KnockOff,Uturn|||M|||50|,,,,,Water]Rillaboom||MiracleSeed|GrassySurge|WoodHammer,FakeOut,Protect,GrassyGlide|||M|||50|,,,,,Grass]Tatsugiri||ChoiceSpecs|Commander|MuddyWater,DracoMeteor,ChillingWater,IcyWind|||M|||50|,,,,,Dragon]Dondozo||Leftovers|Unaware|OrderUp,Protect,WaveCrash,RockSlide|||M|||50|,,,,,Steel]Dragonite||LoadedDice|Multiscale|Roost,Tailwind,ScaleShot,Haze|||F|||50|,,,,,Dragon]Sableye||SitrusBerry|Prankster|Recover,Taunt,Reflect,LightScreen|||F|||50|,,,,,Dark
|
|t:|1756738609
|teamsize|p1|4
|teamsize|p2|4
|start
|switch|p1a: Metalman|Archaludon, L50, M|100/100
|switch|p1b: Incineroar|Incineroar, L50, M|100/100
|switch|p2a: Incineroar|Incineroar, L50, M, shiny|100/100
|switch|p2b: Tatsugiri|Tatsugiri, L50, M|100/100
|-ability|p1b: Incineroar|Intimidate|boost
|-unboost|p2a: Incineroar|atk|1
|-unboost|p2b: Tatsugiri|atk|1
|-ability|p2a: Incineroar|Intimidate|boost
|-unboost|p1a: Metalman|atk|1
|-unboost|p1b: Incineroar|atk|1
|turn|1
|inactive|Battle timer is ON: inactive players will automatically lose when time's up. (requested by Zero_BlazeVGC)
|inactive|Zero_BlazeVGC has 60 seconds left.
|
|t:|1756738646
|move|p1b: Incineroar|Fake Out|p2a: Incineroar
|-damage|p2a: Incineroar|94/100
|cant|p2a: Incineroar|flinch
|move|p1a: Metalman|Flash Cannon|p2b: Tatsugiri
|-resisted|p2b: Tatsugiri
|-damage|p2b: Tatsugiri|78/100
|move|p2b: Tatsugiri|Draco Meteor|p1a: Metalman
|-damage|p1a: Metalman|18/100
|-unboost|p2b: Tatsugiri|spa|2
|-ability|p1a: Metalman|Stamina|boost
|-boost|p1a: Metalman|def|1
|
|upkeep
|turn|2
|inactive|Zero_BlazeVGC has 30 seconds left.
|inactive|chalizhou has 30 seconds left.
|inactive|Zero_BlazeVGC has 20 seconds left.
|inactive|chalizhou has 20 seconds left.
|inactive|Zero_BlazeVGC has 15 seconds left.
|inactive|chalizhou has 15 seconds left.
|inactive|chalizhou has 10 seconds left.
|
|t:|1756738694
|switch|p1a: Benadryl|Amoonguss, L50, F|100/100
|switch|p2b: Rillaboom|Rillaboom, L50, M|100/100
|-fieldstart|move: Grassy Terrain|[from] ability: Grassy Surge|[of] p2b: Rillaboom
|move|p1b: Incineroar|Parting Shot|p2a: Incineroar
|-unboost|p2a: Incineroar|atk|1
|-unboost|p2a: Incineroar|spa|1
|
|t:|1756738704
|switch|p1b: Metalman|Archaludon, L50, M|18/100|[from] Parting Shot
|move|p2a: Incineroar|U-turn|p1a: Benadryl
|-damage|p1a: Benadryl|92/100
|
|t:|1756738713
|switch|p2a: Tatsugiri|Tatsugiri, L50, M|78/100|[from] U-turn
|
|-heal|p1b: Metalman|24/100|[from] Grassy Terrain
|-heal|p2a: Tatsugiri|84/100|[from] Grassy Terrain
|-heal|p1a: Benadryl|98/100|[from] Grassy Terrain
|upkeep
|turn|3
|
|t:|1756738731
|switch|p1b: Incineroar|Incineroar, L50, M|100/100
|-ability|p1b: Incineroar|Intimidate|boost
|-unboost|p2a: Tatsugiri|atk|1
|-unboost|p2b: Rillaboom|atk|1
|move|p2b: Rillaboom|Fake Out|p1a: Benadryl
|-damage|p1a: Benadryl|89/100
|move|p2a: Tatsugiri|Draco Meteor|p1b: Incineroar
|-damage|p1b: Incineroar|9/100
|-unboost|p2a: Tatsugiri|spa|2
|cant|p1a: Benadryl|flinch
|
|-heal|p2a: Tatsugiri|90/100|[from] Grassy Terrain
|-heal|p1b: Incineroar|15/100|[from] Grassy Terrain
|-heal|p1a: Benadryl|95/100|[from] Grassy Terrain
|upkeep
|turn|4
|inactive|Zero_BlazeVGC has 30 seconds left.
|inactive|chalizhou has 30 seconds left.
|inactive|Zero_BlazeVGC has 20 seconds left.
|inactive|chalizhou has 20 seconds left.
|inactive|Zero_BlazeVGC has 15 seconds left.
|
|t:|1756738775
|switch|p2b: Incineroar|Incineroar, L50, M, shiny|94/100
|-ability|p2b: Incineroar|Intimidate|boost
|-unboost|p1a: Benadryl|atk|1
|-unboost|p1b: Incineroar|atk|1
|move|p1b: Incineroar|Fake Out|p2b: Incineroar
|-damage|p2b: Incineroar|87/100
|move|p2a: Tatsugiri|Draco Meteor|p1b: Incineroar|[miss]
|-miss|p2a: Tatsugiri|p1b: Incineroar
|move|p1a: Benadryl|Spore|p2a: Tatsugiri
|-status|p2a: Tatsugiri|slp|[from] move: Spore
|
|-heal|p2a: Tatsugiri|96/100 slp|[from] Grassy Terrain
|-heal|p1b: Incineroar|21/100|[from] Grassy Terrain
|-heal|p2b: Incineroar|93/100|[from] Grassy Terrain
|-heal|p1a: Benadryl|100/100|[from] Grassy Terrain
|upkeep
|turn|5
|inactive|chalizhou has 30 seconds left.
|
|t:|1756738803
|cant|p2a: Tatsugiri|slp
|move|p1b: Incineroar|Parting Shot|p2b: Incineroar
|-unboost|p2b: Incineroar|atk|1
|-unboost|p2b: Incineroar|spa|1
|
|t:|1756738808
|switch|p1b: Metalman|Archaludon, L50, M|24/100|[from] Parting Shot
|move|p2b: Incineroar|U-turn|p1b: Metalman
|-resisted|p1b: Metalman
|-damage|p1b: Metalman|19/100
|-ability|p1b: Metalman|Stamina|boost
|-boost|p1b: Metalman|def|1
|
|t:|1756738817
|switch|p2b: Rillaboom|Rillaboom, L50, M|100/100|[from] U-turn
|move|p1a: Benadryl|Pollen Puff|p1b: Metalman
|-heal|p1b: Metalman|69/100
|
|-heal|p1b: Metalman|75/100|[from] Grassy Terrain
|-heal|p2a: Tatsugiri|100/100 slp|[from] Grassy Terrain
|upkeep
|turn|6
|
|t:|1756738839
|switch|p1a: Berry Delite|Pelipper, L50, M|100/100
|-weather|RainDance|[from] ability: Drizzle|[of] p1a: Berry Delite
|move|p2b: Rillaboom|Fake Out|p1b: Metalman
|-resisted|p1b: Metalman
|-damage|p1b: Metalman|71/100
|-ability|p1b: Metalman|Stamina|boost
|-boost|p1b: Metalman|def|1
|cant|p1b: Metalman|flinch
|cant|p2a: Tatsugiri|slp
|
|-weather|RainDance|[upkeep]
|-heal|p1b: Metalman|77/100|[from] Grassy Terrain
|-fieldend|move: Grassy Terrain
|upkeep
|turn|7
|inactive|Zero_BlazeVGC has 30 seconds left.
|inactive|chalizhou has 30 seconds left.
|inactive|Zero_BlazeVGC has 20 seconds left.
|inactive|Zero_BlazeVGC has 15 seconds left.
|
|t:|1756738880
|switch|p2b: Dondozo|Dondozo, L50, M, shiny|100/100
|-activate|p2a: Tatsugiri|ability: Commander|[of] p2b: Dondozo
|-boost|p2b: Dondozo|atk|2
|-boost|p2b: Dondozo|spa|2
|-boost|p2b: Dondozo|spe|2
|-boost|p2b: Dondozo|def|2
|-boost|p2b: Dondozo|spd|2
|move|p1b: Metalman|Electro Shot||[still]
|-prepare|p1b: Metalman|Electro Shot
|-boost|p1b: Metalman|spa|1
|-anim|p1b: Metalman|Electro Shot|p2b: Dondozo
|-supereffective|p2b: Dondozo
|-damage|p2b: Dondozo|70/100
|move|p1a: Berry Delite|Muddy Water|p2b: Dondozo|[spread] p2b
|-miss|p1a: Berry Delite|p2a: Tatsugiri
|-resisted|p2b: Dondozo
|-damage|p2b: Dondozo|61/100
|
|-weather|RainDance|[upkeep]
|-heal|p2b: Dondozo|67/100|[from] item: Leftovers
|upkeep
|turn|8
|inactive|Zero_BlazeVGC has 30 seconds left.
|inactive|chalizhou has 30 seconds left.
|
|t:|1756738913
|move|p2b: Dondozo|Protect|p2b: Dondozo
|-singleturn|p2b: Dondozo|Protect
|move|p1b: Metalman|Electro Shot||[still]
|-prepare|p1b: Metalman|Electro Shot
|-boost|p1b: Metalman|spa|1
|-anim|p1b: Metalman|Electro Shot|p2b: Dondozo
|-activate|p2b: Dondozo|move: Protect
|move|p1a: Berry Delite|Hurricane|p2b: Dondozo
|-activate|p2b: Dondozo|move: Protect
|
|-weather|RainDance|[upkeep]
|-heal|p2b: Dondozo|73/100|[from] item: Leftovers
|upkeep
|turn|9
|inactive|Zero_BlazeVGC has 30 seconds left.
|
|t:|1756738941
|switch|p1a: Benadryl|Amoonguss, L50, F|100/100
|-terastallize|p2b: Dondozo|Steel
|move|p1b: Metalman|Electro Shot||[still]
|-prepare|p1b: Metalman|Electro Shot
|-boost|p1b: Metalman|spa|1
|-anim|p1b: Metalman|Electro Shot|p2b: Dondozo
|-damage|p2b: Dondozo|57/100
|move|p2b: Dondozo|Order Up|p1b: Metalman
|-damage|p1b: Metalman|36/100
|-ability|p1b: Metalman|Stamina|boost
|-boost|p1b: Metalman|def|1
|-boost|p2b: Dondozo|atk|1
|
|-weather|RainDance|[upkeep]
|-heal|p2b: Dondozo|63/100|[from] item: Leftovers
|upkeep
|turn|10
|inactive|Zero_BlazeVGC has 30 seconds left.
|inactive|Zero_BlazeVGC has 20 seconds left.
|
|t:|1756738981
|switch|p1b: Incineroar|Incineroar, L50, M|21/100
|-ability|p1b: Incineroar|Intimidate|boost
|-unboost|p2a: Tatsugiri|atk|1
|-unboost|p2b: Dondozo|atk|1
|move|p2b: Dondozo|Protect|p2b: Dondozo
|-singleturn|p2b: Dondozo|Protect
|move|p1a: Benadryl|Spore|p2b: Dondozo
|-activate|p2b: Dondozo|move: Protect
|
|-weather|none
|-heal|p2b: Dondozo|69/100|[from] item: Leftovers
|upkeep
|turn|11
|
|t:|1756738997
|move|p2b: Dondozo|Protect|p2b: Dondozo
|-singleturn|p2b: Dondozo|Protect
|move|p1b: Incineroar|Fake Out|p2b: Dondozo
|-activate|p2b: Dondozo|move: Protect
|move|p1a: Benadryl|Spore|p2b: Dondozo
|-activate|p2b: Dondozo|move: Protect
|
|-heal|p2b: Dondozo|75/100|[from] item: Leftovers
|upkeep
|turn|12
|inactive|Zero_BlazeVGC has 30 seconds left.
|
|t:|1756739024
|switch|p1b: Berry Delite|Pelipper, L50, M|100/100
|-weather|RainDance|[from] ability: Drizzle|[of] p1b: Berry Delite
|move|p2b: Dondozo|Order Up|p1b: Berry Delite
|-damage|p1b: Berry Delite|33/100
|-boost|p2b: Dondozo|atk|1
|move|p1a: Benadryl|Spore|p2b: Dondozo
|-status|p2b: Dondozo|slp|[from] move: Spore
|
|-weather|RainDance|[upkeep]
|-heal|p2b: Dondozo|82/100 slp|[from] item: Leftovers
|upkeep
|turn|13
|
|t:|1756739043
|switch|p1b: Incineroar|Incineroar, L50, M|21/100
|-ability|p1b: Incineroar|Intimidate|boost
|-unboost|p2a: Tatsugiri|atk|1
|-unboost|p2b: Dondozo|atk|1
|cant|p2b: Dondozo|slp
|move|p1a: Benadryl|Pollen Puff|p1b: Incineroar
|-heal|p1b: Incineroar|71/100
|
|-weather|RainDance|[upkeep]
|-heal|p2b: Dondozo|88/100 slp|[from] item: Leftovers
|upkeep
|turn|14
|inactive|Zero_BlazeVGC has 30 seconds left.
|
|t:|1756739068
|move|p1a: Benadryl|Rage Powder|p1a: Benadryl
|-singleturn|p1a: Benadryl|move: Rage Powder
|move|p1b: Incineroar|Knock Off|p2b: Dondozo
|-damage|p2b: Dondozo|75/100 slp
|-enditem|p2b: Dondozo|Leftovers|[from] move: Knock Off|[of] p1b: Incineroar
|cant|p2b: Dondozo|slp
|
|-weather|RainDance|[upkeep]
|upkeep
|turn|15
|
|t:|1756739085
|move|p1a: Benadryl|Rage Powder|p1a: Benadryl
|-singleturn|p1a: Benadryl|move: Rage Powder
|move|p1b: Incineroar|Parting Shot|p2b: Dondozo
|-unboost|p2b: Dondozo|atk|1
|-unboost|p2b: Dondozo|spa|1
|
|t:|1756739089
|switch|p1b: Metalman|Archaludon, L50, M|36/100|[from] Parting Shot
|cant|p2b: Dondozo|slp
|
|-weather|RainDance|[upkeep]
|upkeep
|turn|16
|
|t:|1756739112
|switch|p1b: Incineroar|Incineroar, L50, M|71/100
|-ability|p1b: Incineroar|Intimidate|boost
|-unboost|p2a: Tatsugiri|atk|1
|-unboost|p2b: Dondozo|atk|1
|-curestatus|p2b: Dondozo|slp|[msg]
|move|p2b: Dondozo|Order Up|p1b: Incineroar
|-damage|p1b: Incineroar|50/100
|-boost|p2b: Dondozo|atk|1
|move|p1a: Benadryl|Spore|p2b: Dondozo
|-status|p2b: Dondozo|slp|[from] move: Spore
|
|-weather|none
|upkeep
|turn|17
|
|t:|1756739129
|cant|p2b: Dondozo|slp
|move|p1b: Incineroar|Parting Shot|p2b: Dondozo
|-unboost|p2b: Dondozo|atk|1
|-unboost|p2b: Dondozo|spa|1
|
|t:|1756739134
|switch|p1b: Metalman|Archaludon, L50, M|36/100|[from] Parting Shot
|move|p1a: Benadryl|Pollen Puff|p1b: Metalman
|-heal|p1b: Metalman|86/100
|
|upkeep
|turn|18
|inactive|Zero_BlazeVGC has 30 seconds left.
|inactive|Zero_BlazeVGC has 20 seconds left.
|inactive|Zero_BlazeVGC has 15 seconds left.
|
|t:|1756739159
|move|p1b: Metalman|Body Press|p2b: Dondozo
|-supereffective|p2b: Dondozo
|-damage|p2b: Dondozo|59/100 slp
|cant|p2b: Dondozo|slp
|move|p1a: Benadryl|Pollen Puff|p1b: Metalman
|-heal|p1b: Metalman|100/100
|
|upkeep
|turn|19
|inactive|Zero_BlazeVGC has 15 seconds left this turn.
|inactive|Zero_BlazeVGC has 10 seconds left.
|
|t:|1756739172
|switch|p1a: Incineroar|Incineroar, L50, M|50/100
|-ability|p1a: Incineroar|Intimidate|boost
|-unboost|p2a: Tatsugiri|atk|1
|-unboost|p2b: Dondozo|atk|1
|move|p1b: Metalman|Body Press|p2b: Dondozo
|-supereffective|p2b: Dondozo
|-damage|p2b: Dondozo|44/100 slp
|-curestatus|p2b: Dondozo|slp|[msg]
|move|p2b: Dondozo|Order Up|p1b: Metalman
|-damage|p1b: Metalman|86/100
|-ability|p1b: Metalman|Stamina|boost
|-boost|p1b: Metalman|def|1
|-boost|p2b: Dondozo|atk|1
|
|upkeep
|turn|20
|inactive|Zero_BlazeVGC has 10 seconds left this turn.
|
|t:|1756739179
|move|p2b: Dondozo|Protect|p2b: Dondozo
|-singleturn|p2b: Dondozo|Protect
|move|p1a: Incineroar|Fake Out|p2b: Dondozo
|-activate|p2b: Dondozo|move: Protect
|move|p1b: Metalman|Body Press|p2b: Dondozo
|-activate|p2b: Dondozo|move: Protect
|
|upkeep
|turn|21
|inactive|Zero_BlazeVGC has 10 seconds left this turn.
|
|t:|1756739190
|move|p1b: Metalman|Body Press|p2b: Dondozo
|-supereffective|p2b: Dondozo
|-damage|p2b: Dondozo|29/100
|move|p1a: Incineroar|Parting Shot|p2b: Dondozo
|-unboost|p2b: Dondozo|atk|1
|-unboost|p2b: Dondozo|spa|1
|inactive|Zero_BlazeVGC has 10 seconds left this turn.
|
|t:|1756739192
|switch|p1a: Benadryl|Amoonguss, L50, F|100/100|[from] Parting Shot
|move|p2b: Dondozo|Order Up|p1b: Metalman
|-damage|p1b: Metalman|73/100
|-ability|p1b: Metalman|Stamina|boost
|-boost|p1b: Metalman|def|1
|-boost|p2b: Dondozo|atk|1
|
|upkeep
|turn|22
|inactive|Zero_BlazeVGC has 10 seconds left this turn.
|-message|chalizhou forfeited.
|
|win|Zero_BlazeVGC
|l|☆chalizhou
|player|p2|
||chalizhou is ready for game 2.
|inactive|Zero_BlazeVGC has 30 seconds to confirm battle start!
|inactive|Zero_BlazeVGC has 20 seconds to confirm battle start!
||Zero_BlazeVGC is ready for game 2.
|uhtml|next|Next: Game 2 of 3
