|j|☆Anxqaii
|j|☆meihkingit
|html|Anxqaiimeihkingit    
|uhtml|bestof|Game 3 of a best-of-3
|t:|1786154939
|gametype|doubles
|player|p1|Anxqaii|170|1007
|player|p2|meihkingit|266|1082
|gen|9
|tier|[Gen 9 Champions] VGC 2026 Reg M-B (Bo3)
|rated|
|rule|Species Clause: Limit one of each Pokémon
|rule|Item Clause: Limit 1 of each item
|clearpoke
|poke|p1|Kingambit, L50, M|
|poke|p1|Sneasler, L50, F|
|poke|p1|Lycanroc-Dusk, L50, M|
|poke|p1|Scovillain, L50, M|
|poke|p1|Basculegion, L50, M|
|poke|p1|Froslass, L50, F|
|poke|p2|Alakazam, L50, M|
|poke|p2|Meowstic, L50, M|
|poke|p2|Kingambit, L50, F|
|poke|p2|Sneasler, L50, M|
|poke|p2|Talonflame, L50, M|
|poke|p2|Vanilluxe, L50, F|
|teampreview|4
|showteam|p1|Kingambit||BlackGlasses|Defiant|Protect,KowtowCleave,SuckerPunch,SwordsDance|Adamant||M|||50|]Sneasler||WhiteHerb|Unburden|Protect,CloseCombat,GunkShot,FakeOut|Jolly||F|||50|]Lycanroc-Dusk||FocusSash|ToughClaws|Protect,Accelerock,RockSlide,CloseCombat|Adamant||M|||50|]Scovillain||Scovillainite|Moody|Protect,Overheat,GigaDrain,RagePowder|Bold||M|||50|]Basculegion||SitrusBerry|Adaptability|Protect,WaveCrash,LastRespects,AquaJet|Adamant||M|||50|]Froslass||Froslassite|CursedBody|Protect,Blizzard,ShadowBall,AuroraVeil|Serious||F|||50|
|showteam|p2|Alakazam||Alakazite|InnerFocus|NastyPlot,ExpandingForce,DazzlingGleam,Protect|Timid||M|||50|]Meowstic||FocusSash|Prankster|FakeOut,ExpandingForce,PsychicTerrain,Protect|Timid||M|||50|]Kingambit||LifeOrb|Defiant|SuckerPunch,KowtowCleave,IronHead,Protect|Adamant||F|||50|]Sneasler||WhiteHerb|Unburden|FakeOut,DireClaw,CloseCombat,Feint|Adamant||M|||50|]Talonflame||WideLens|GaleWings|Tailwind,DualWingbeat,FlareBlitz,QuickGuard|Adamant||M|||50|]Vanilluxe||Leftovers|SnowWarning|FreezeDry,Blizzard,AllySwitch,AuroraVeil|Timid||F|||50|
|inactive|Battle timer is ON: inactive players will automatically lose when time's up. (requested by meihkingit)
|
|t:|1786154958
|teamsize|p1|4
|teamsize|p2|4
|start
|switch|p1a: Kingambit|Kingambit, L50, M|100/100
|switch|p1b: Basculegion|Basculegion, L50, M|100/100
|switch|p2a: Kingambit|Kingambit, L50, F|100/100
|switch|p2b: Sneasler|Sneasler, L50, M|100/100
|turn|1
|inactive|Anxqaii has 30 seconds left.
|
|t:|1786154992
|switch|p2b: Meowstic|Meowstic, L50, M|100/100
|switch|p1a: Froslass|Froslass, L50, F|100/100
|move|p1b: Basculegion|Protect|p1b: Basculegion
|-singleturn|p1b: Basculegion|Protect
|move|p2a: Kingambit|Kowtow Cleave|p1b: Basculegion
|-activate|p1b: Basculegion|move: Protect
|
|upkeep
|turn|2
|
|t:|1786155014
|switch|p1b: Sneasler|Sneasler, L50, F|100/100
|detailschange|p1a: Froslass|Froslass-Mega, L50, F
|-mega|p1a: Froslass|Froslass|Froslassite
|-weather|Snowscape|[from] ability: Snow Warning|[of] p1a: Froslass
|move|p2b: Meowstic|Psychic Terrain|p2b: Meowstic
|-fieldstart|move: Psychic Terrain
|move|p1a: Froslass|Aurora Veil|p1a: Froslass
|-sidestart|p1: Anxqaii|move: Aurora Veil
|move|p2a: Kingambit|Kowtow Cleave|p1b: Sneasler
|-resisted|p1b: Sneasler|1
|-damage|p1b: Sneasler|76/100
|-damage|p2a: Kingambit|90/100|[from] item: Life Orb
|
|-weather|Snowscape|[upkeep]
|upkeep
|turn|3
|
|t:|1786155037
|switch|p2a: Sneasler|Sneasler, L50, M|100/100
|move|p1b: Sneasler|Fake Out|p2a: Sneasler
|-activate|p2a: Sneasler|move: Psychic Terrain
|move|p2b: Meowstic|Expanding Force|p1b: Sneasler|[spread] p1a,p1b
|-supereffective|p1b: Sneasler|2
|-damage|p1a: Froslass|75/100
|-damage|p1b: Sneasler|0 fnt
|faint|p1b: Sneasler
|move|p1a: Froslass|Shadow Ball|p2b: Meowstic
|-supereffective|p2b: Meowstic|1
|-enditem|p2b: Meowstic|Focus Sash
|-damage|p2b: Meowstic|1/100
|
|-weather|Snowscape|[upkeep]
|upkeep
|
|t:|1786155050
|switch|p1b: Kingambit|Kingambit, L50, M|100/100
|turn|4
|
|t:|1786155062
|switch|p1b: Basculegion|Basculegion, L50, M|100/100
|move|p1a: Froslass|Protect|p1a: Froslass
|-singleturn|p1a: Froslass|Protect
|move|p2a: Sneasler|Dire Claw|p1a: Froslass
|-activate|p1a: Froslass|move: Protect
|move|p2b: Meowstic|Expanding Force|p1b: Basculegion|[spread] p1b
|-activate|p1a: Froslass|move: Protect
|-damage|p1b: Basculegion|76/100
|
|-weather|Snowscape|[upkeep]
|upkeep
|turn|5
|
|t:|1786155082
|switch|p2b: Kingambit|Kingambit, L50, F|90/100
|move|p1b: Basculegion|Aqua Jet|p2b: Kingambit
|-activate|p2b: Kingambit|move: Psychic Terrain
|move|p2a: Sneasler|Dire Claw|p1b: Basculegion
|-resisted|p1b: Basculegion|1
|-damage|p1b: Basculegion|57/100
|move|p1a: Froslass|Blizzard|p2a: Sneasler|[spread] p2a,p2b
|-resisted|p2b: Kingambit|1
|-damage|p2a: Sneasler|40/100
|-damage|p2b: Kingambit|67/100
|
|-weather|Snowscape|[upkeep]
|upkeep
|turn|6
|inactive|Anxqaii has 30 seconds left.
|
|t:|1786155108
|move|p1b: Basculegion|Protect|p1b: Basculegion
|-singleturn|p1b: Basculegion|Protect
|move|p2a: Sneasler|Dire Claw|p1a: Froslass
|-resisted|p1a: Froslass|1
|-damage|p1a: Froslass|62/100
|move|p1a: Froslass|Blizzard|p2b: Kingambit|[spread] p2a,p2b
|-resisted|p2b: Kingambit|1
|-damage|p2a: Sneasler|0 fnt
|-damage|p2b: Kingambit|45/100
|-status|p2b: Kingambit|frz
|faint|p2a: Sneasler
|-curestatus|p2b: Kingambit|frz|[msg]
|move|p2b: Kingambit|Kowtow Cleave|p1b: Basculegion
|-activate|p1b: Basculegion|move: Protect
|
|-weather|none
|-sideend|p1: Anxqaii|move: Aurora Veil
|-fieldend|move: Psychic Terrain
|upkeep
|
|t:|1786155117
|switch|p2a: Alakazam|Alakazam, L50, M|100/100
|turn|7
|
|t:|1786155134
|switch|p1a: Kingambit|Kingambit, L50, M|100/100
|detailschange|p2a: Alakazam|Alakazam-Mega, L50, M
|-mega|p2a: Alakazam|Alakazam|Alakazite
|-ability|p2a: Alakazam|Adaptability|Trace|[from] ability: Trace|[of] p1b: Basculegion
|move|p2a: Alakazam|Expanding Force|p1a: Kingambit
|-immune|p1a: Kingambit
|move|p1b: Basculegion|Wave Crash|p2b: Kingambit
|-damage|p2b: Kingambit|0 fnt
|faint|p2b: Kingambit
|-damage|p1b: Basculegion|43/100|[from] Recoil
|-enditem|p1b: Basculegion|Sitrus Berry|[eat]
|-heal|p1b: Basculegion|68/100|[from] item: Sitrus Berry
|
|upkeep
|
|t:|1786155144
|switch|p2b: Meowstic|Meowstic, L50, M|1/100
|turn|8
|
|t:|1786155162
|move|p2b: Meowstic|Fake Out|p1a: Kingambit
|-resisted|p1a: Kingambit|1
|-damage|p1a: Kingambit|98/100
|move|p1b: Basculegion|Aqua Jet|p2b: Meowstic
|-damage|p2b: Meowstic|0 fnt
|faint|p2b: Meowstic
|move|p2a: Alakazam|Nasty Plot|p2a: Alakazam
|-boost|p2a: Alakazam|spa|2
|cant|p1a: Kingambit|flinch
|
|upkeep
|turn|9
|c|☆meihkingit|gg
|
|t:|1786155181
|move|p2a: Alakazam|Dazzling Gleam|p1b: Basculegion|[spread] p1a,p1b
|-damage|p1a: Kingambit|52/100
|-damage|p1b: Basculegion|26/100
|move|p1b: Basculegion|Last Respects|p2a: Alakazam
|-supereffective|p2a: Alakazam|1
|-damage|p2a: Alakazam|0 fnt
|faint|p2a: Alakazam
|
|win|Anxqaii
|raw|Anxqaii's rating: 1007 → 1054(+47 for winning)
|raw|meihkingit's rating: 1082 → 1055(-27 for losing)
|c|☆Anxqaii|ggas
