|j|☆uPinhuu
|html|royalroyalpooppiruPinhuu    
|uhtml|bestof|Game 3 of a best-of-3
|t:|1785447781
|gametype|doubles
|player|p1|royalroyalpooppir|169|1277
|player|p2|uPinhuu|266|1077
|gen|9
|tier|[Gen 9 Champions] VGC 2026 Reg M-B (Bo3)
|rated|
|rule|Species Clause: Limit one of each Pokémon
|rule|Item Clause: Limit 1 of each item
|clearpoke
|poke|p1|Glimmora, L50, F|
|poke|p1|Gyarados, L50, F|
|poke|p1|Meganium, L50, M|
|poke|p1|Hydreigon, L50, F|
|poke|p1|Gholdengo, L50|
|poke|p1|Talonflame, L50, F|
|poke|p2|Aerodactyl, L50, F|
|poke|p2|Kangaskhan, L50, F|
|poke|p2|Sylveon, L50, M|
|poke|p2|Farigiraf, L50, M|
|poke|p2|Torkoal, L50, F, shiny|
|poke|p2|Kingambit, L50, F, shiny|
|teampreview|4
|showteam|p1|Glimmora||Glimmoranite|ToxicDebris|SludgeBomb,PowerGem,SpikyShield,EarthPower|Timid||F|||50|]Gyarados||SitrusBerry|Intimidate|Waterfall,IcyWind,Taunt,Protect|Careful||F|||50|]Meganium||Meganiumite|LeafGuard|SolarBeam,DazzlingGleam,Protect,WeatherBall|Modest||M|||50|]Hydreigon||ChoiceScarf|Levitate|DracoMeteor,DarkPulse,Snarl,EarthPower|Modest||F|||50|]Gholdengo||LifeOrb|GoodasGold|MakeItRain,ShadowBall,NastyPlot,Protect|Modest|||||50|]Talonflame||SharpBeak|GaleWings|DualWingbeat,Tailwind,Protect,WillOWisp|Jolly||F|||50|
|showteam|p2|Aerodactyl||Aerodactylite|Unnerve|RockSlide,DualWingbeat,Tailwind,Protect|Adamant||F|||50|]Kangaskhan||Kangaskhanite|Scrappy|DoubleEdge,LowKick,IcePunch,FakeOut|Adamant||F|||50|]Sylveon||FairyFeather|Pixilate|HyperVoice,HyperBeam,QuickAttack,Detect|Modest||M|||50|]Farigiraf||SitrusBerry|ArmorTail|Psychic,Thunderbolt,TrickRoom,HelpingHand|Sassy||M|||50|]Torkoal||Charcoal|Drought|Eruption,HeatWave,WeatherBall,Protect|Modest||F|||50|]Kingambit||FocusSash|Defiant|KowtowCleave,IronHead,SuckerPunch,LowKick|Adamant||F|||50|
|j|☆royalroyalpooppir
|player|p1|royalroyalpooppir|169|
|inactive|Battle timer is ON: inactive players will automatically lose when time's up. (requested by uPinhuu)
|inactiveoff|Battle timer is now OFF.
|
|t:|1785447847
|teamsize|p1|4
|teamsize|p2|4
|start
|switch|p1a: Meganium|Meganium, L50, M|100/100
|switch|p1b: Hydreigon|Hydreigon, L50, F|100/100
|switch|p2a: Kingambit|Kingambit, L50, F, shiny|100/100
|switch|p2b: Farigiraf|Farigiraf, L50, M|100/100
|turn|1
|
|t:|1785447863
|detailschange|p1a: Meganium|Meganium-Mega, L50, M
|-mega|p1a: Meganium|Meganium|Meganiumite
|move|p1b: Hydreigon|Dark Pulse|p2b: Farigiraf
|-supereffective|p2b: Farigiraf|1
|-damage|p2b: Farigiraf|29/100
|-enditem|p2b: Farigiraf|Sitrus Berry|[eat]
|-heal|p2b: Farigiraf|54/100|[from] item: Sitrus Berry
|move|p1a: Meganium|Solar Beam||[still]
|-prepare|p1a: Meganium|Solar Beam
|-activate|p1a: Meganium|ability: Mega Sol
|-anim|p1a: Meganium|Solar Beam|p2b: Farigiraf
|-damage|p2b: Farigiraf|0 fnt
|faint|p2b: Farigiraf
|move|p2a: Kingambit|Low Kick|p1b: Hydreigon
|-supereffective|p1b: Hydreigon|1
|-crit|p1b: Hydreigon
|-damage|p1b: Hydreigon|0 fnt
|faint|p1b: Hydreigon
|
|upkeep
|
|t:|1785447882
|switch|p1b: Gholdengo|Gholdengo, L50|100/100
|switch|p2b: Kangaskhan|Kangaskhan, L50, F|100/100
|turn|2
|
|t:|1785447892
|move|p2b: Kangaskhan|Fake Out|p1b: Gholdengo
|-resisted|p1b: Gholdengo|1
|-damage|p1b: Gholdengo|91/100
|cant|p1b: Gholdengo|flinch
|move|p1a: Meganium|Dazzling Gleam|p2a: Kingambit|[spread] p2a,p2b
|-damage|p2a: Kingambit|55/100
|-damage|p2b: Kangaskhan|61/100
|move|p2a: Kingambit|Iron Head|p1a: Meganium
|-supereffective|p1a: Meganium|1
|-damage|p1a: Meganium|20/100r
|
|upkeep
|turn|3
|
|t:|1785447911
|detailschange|p2b: Kangaskhan|Kangaskhan-Mega, L50, F
|-mega|p2b: Kangaskhan|Kangaskhan|Kangaskhanite
|move|p1a: Meganium|Protect|p1a: Meganium
|-singleturn|p1a: Meganium|Protect
|move|p2a: Kingambit|Sucker Punch|p1b: Gholdengo
|-supereffective|p1b: Gholdengo|1
|-damage|p1b: Gholdengo|13/100
|move|p2b: Kangaskhan|Ice Punch|p1a: Meganium
|-activate|p1a: Meganium|move: Protect
|move|p1b: Gholdengo|Make It Rain|p2b: Kangaskhan|[spread] p2a,p2b
|-resisted|p2a: Kingambit|1
|-damage|p2a: Kingambit|16/100
|-damage|p2b: Kangaskhan|4/100
|-unboost|p1b: Gholdengo|spa|2
|-damage|p1b: Gholdengo|3/100|[from] item: Life Orb
|
|upkeep
|turn|4
|
|t:|1785447933
|switch|p1a: Gyarados|Gyarados, L50, F|100/100
|-ability|p1a: Gyarados|Intimidate|boost
|-unboost|p2a: Kingambit|atk|1
|-ability|p2a: Kingambit|Defiant|boost
|-boost|p2a: Kingambit|atk|2
|-unboost|p2b: Kangaskhan|atk|1
|move|p2a: Kingambit|Sucker Punch||[still]
|-fail|p2a: Kingambit
|move|p2b: Kangaskhan|Ice Punch|p1b: Gholdengo
|-resisted|p1b: Gholdengo|1
|-damage|p1b: Gholdengo|0 fnt
|faint|p1b: Gholdengo
|
|upkeep
|
|t:|1785447941
|switch|p1b: Meganium|Meganium-Mega, L50, M|20/100r
|turn|5
|
|t:|1785447973
|move|p1b: Meganium|Protect|p1b: Meganium
|-singleturn|p1b: Meganium|Protect
|move|p2a: Kingambit|Sucker Punch||[still]
|-fail|p2a: Kingambit
|move|p2b: Kangaskhan|Double-Edge|p1a: Gyarados
|-damage|p1a: Gyarados|58/100
|-damage|p1a: Gyarados|49/100
|-enditem|p1a: Gyarados|Sitrus Berry|[eat]
|-heal|p1a: Gyarados|73/100|[from] item: Sitrus Berry
|-hitcount|p1a: Gyarados|2
|-damage|p2b: Kangaskhan|0 fnt|[from] Recoil
|faint|p2b: Kangaskhan
|move|p1a: Gyarados|Waterfall|p2a: Kingambit
|-damage|p2a: Kingambit|0 fnt
|faint|p2a: Kingambit
|
|upkeep
|
|t:|1785447993
|switch|p2b: Torkoal|Torkoal, L50, F, shiny|100/100
|-weather|SunnyDay|[from] ability: Drought|[of] p2b: Torkoal
|turn|6
|
|t:|1785447998
|move|p1b: Meganium|Weather Ball|p2b: Torkoal
|-resisted|p2b: Torkoal|1
|-damage|p2b: Torkoal|57/100
|move|p1a: Gyarados|Waterfall|p2b: Torkoal
|-supereffective|p2b: Torkoal|1
|-damage|p2b: Torkoal|29/100
|move|p2b: Torkoal|Heat Wave|p1b: Meganium|[spread] p1a,p1b
|-resisted|p1a: Gyarados|1
|-supereffective|p1b: Meganium|1
|-damage|p1a: Gyarados|53/100
|-damage|p1b: Meganium|0 fnt
|faint|p1b: Meganium
|
|-weather|SunnyDay|[upkeep]
|upkeep
|turn|7
|
|t:|1785448016
|move|p1a: Gyarados|Waterfall|p2b: Torkoal
|-supereffective|p2b: Torkoal|1
|-damage|p2b: Torkoal|5/100
|move|p2b: Torkoal|Weather Ball|p1a: Gyarados
|-resisted|p1a: Gyarados|1
|-damage|p1a: Gyarados|26/100
|
|-weather|SunnyDay|[upkeep]
|upkeep
|turn|8
|
|t:|1785448027
|move|p1a: Gyarados|Waterfall|p2b: Torkoal
|-supereffective|p2b: Torkoal|1
|-damage|p2b: Torkoal|0 fnt
|faint|p2b: Torkoal
|
|win|royalroyalpooppir
|raw|royalroyalpooppir's rating: 1277 → 1289(+12 for winning)
|raw|uPinhuu's rating: 1077 → 1067(-10 for losing)
|l|☆royalroyalpooppir
|player|p1|
|l|☆uPinhuu
|player|p2|
|j|☆uPinhuu
|player|p2|uPinhuu|266|
