|j|☆Mateadelvgc
|j|☆Agesilao
|html|MateadelvgcAgesilao    
|uhtml|bestof|Game 1 of a best-of-3
|t:|1756157337
|gametype|doubles
|player|p1|Mateadelvgc|giovanni|1235
|player|p2|Agesilao|palmer|1272
|gen|9
|tier|[Gen 9] VGC 2025 Reg H (Bo3)
|rated|
|rule|Species Clause: Limit one of each Pokémon
|rule|Item Clause: Limit 1 of each item
|clearpoke
|poke|p1|Rillaboom, L50, M|
|poke|p1|Maushold-Four, L50|
|poke|p1|Dragonite, L50, M|
|poke|p1|Gholdengo, L50|
|poke|p1|Ursaluna-Bloodmoon, L50, M|
|poke|p1|Annihilape, L50, M|
|poke|p2|Dondozo, L50, M|
|poke|p2|Tatsugiri, L50, M|
|poke|p2|Indeedee, L50, M|
|poke|p2|Sneasler, L50, M|
|poke|p2|Murkrow, L50, M|
|poke|p2|Gholdengo, L50|
|teampreview|4
|showteam|p1|Rillaboom||MiracleSeed|GrassySurge|WoodHammer,GrassyGlide,FakeOut,HighHorsepower|||M|||50|,,,,,Fire]Maushold-Four||WideLens|Technician|PopulationBomb,FollowMe,BeatUp,Protect||||||50|,,,,,Ghost]Dragonite||LoadedDice|Multiscale|Tailwind,ExtremeSpeed,Protect,ScaleShot|||M|||50|,,,,,Steel]Gholdengo||LifeOrb|GoodasGold|MakeItRain,ShadowBall,NastyPlot,Protect||||||50|,,,,,Water]Ursaluna-Bloodmoon||AssaultVest|MindsEye|VacuumWave,BloodMoon,HyperVoice,EarthPower|||M|||50|,,,,,Poison]Annihilape||SafetyGoggles|Defiant|DrainPunch,RageFist,BulkUp,Protect|||M|||50|,,,,,Fire
|showteam|p2|Dondozo||SafetyGoggles|Unaware|WaveCrash,Earthquake,OrderUp,Protect|||M|||50|,,,,,Steel]Tatsugiri||ChoiceScarf|Commander|MuddyWater,DracoMeteor,DragonPulse,IcyWind|||M|||50|,,,,,Ghost]Indeedee||FocusSash|PsychicSurge|ExpandingForce,Imprison,TrickRoom,HelpingHand|||M|||50|,,,,,Psychic]Sneasler||PsychicSeed|Unburden|CloseCombat,DireClaw,ThroatChop,Protect|||M|||50|,,,,,Dark]Murkrow||Eviolite|Prankster|FoulPlay,Tailwind,Haze,SunnyDay|||M|||50|,,,,,Ghost]Gholdengo||ChoiceSpecs|GoodasGold|MakeItRain,ShadowBall,PowerGem,Trick||||||50|,,,,,Steel
|inactive|Battle timer is ON: inactive players will automatically lose when time's up. (requested by Mateadelvgc)
|inactive|Mateadelvgc has 60 seconds left.
|inactive|Agesilao has 60 seconds left.
|
|t:|1756157406
|teamsize|p1|4
|teamsize|p2|4
|start
|switch|p1a: Rillaboom|Rillaboom, L50, M, shiny|100/100
|switch|p1b: Gholdengo|Gholdengo, L50, shiny|100/100
|switch|p2a: Murkrow|Murkrow, L50, M|100/100
|switch|p2b: Gholdengo|Gholdengo, L50|100/100
|-fieldstart|move: Grassy Terrain|[from] ability: Grassy Surge|[of] p1a: Rillaboom
|turn|1
|inactive|Mateadelvgc has 30 seconds left.
|inactive|Agesilao has 30 seconds left.
|inactive|Mateadelvgc has 20 seconds left.
|
|t:|1756157443
|-terastallize|p1b: Gholdengo|Water
|move|p1a: Rillaboom|Fake Out|p2a: Murkrow
|-damage|p2a: Murkrow|88/100
|cant|p2a: Murkrow|flinch
|move|p1b: Gholdengo|Shadow Ball|p2b: Gholdengo
|-supereffective|p2b: Gholdengo
|-damage|p2b: Gholdengo|0 fnt
|faint|p2b: Gholdengo
|-damage|p1b: Gholdengo|91/100|[from] item: Life Orb
|
|-heal|p1b: Gholdengo|97/100|[from] Grassy Terrain
|upkeep
|
|t:|1756157456
|switch|p2b: Dondozo|Dondozo, L50, M|100/100
|turn|2
|
|t:|1756157474
|switch|p2a: Tatsugiri|Tatsugiri, L50, M|100/100
|-activate|p2a: Tatsugiri|ability: Commander|[of] p2b: Dondozo
|-boost|p2b: Dondozo|atk|2
|-boost|p2b: Dondozo|spa|2
|-boost|p2b: Dondozo|spe|2
|-boost|p2b: Dondozo|def|2
|-boost|p2b: Dondozo|spd|2
|-terastallize|p2b: Dondozo|Steel
|move|p2b: Dondozo|Order Up|p1b: Gholdengo
|-damage|p1b: Gholdengo|48/100
|-boost|p2b: Dondozo|atk|1
|move|p1b: Gholdengo|Shadow Ball|p2b: Dondozo
|-damage|p2b: Dondozo|70/100
|-damage|p1b: Gholdengo|38/100|[from] item: Life Orb
|move|p1a: Rillaboom|High Horsepower|p2b: Dondozo
|-supereffective|p2b: Dondozo
|-damage|p2b: Dondozo|44/100
|
|-heal|p2b: Dondozo|50/100|[from] Grassy Terrain
|-heal|p1b: Gholdengo|44/100|[from] Grassy Terrain
|upkeep
|turn|3
|c|☆Agesilao|el fenomeno
|
|t:|1756157499
|move|p2b: Dondozo|Protect|p2b: Dondozo
|-singleturn|p2b: Dondozo|Protect
|move|p1b: Gholdengo|Shadow Ball|p2b: Dondozo
|-activate|p2b: Dondozo|move: Protect
|move|p1a: Rillaboom|High Horsepower|p2b: Dondozo
|-activate|p2b: Dondozo|move: Protect
|
|-heal|p2b: Dondozo|56/100|[from] Grassy Terrain
|-heal|p1b: Gholdengo|50/100|[from] Grassy Terrain
|upkeep
|turn|4
|
|t:|1756157517
|move|p1b: Gholdengo|Protect|p1b: Gholdengo
|-singleturn|p1b: Gholdengo|Protect
|move|p2b: Dondozo|Order Up|p1b: Gholdengo
|-activate|p1b: Gholdengo|move: Protect
|move|p1a: Rillaboom|High Horsepower|p2b: Dondozo
|-supereffective|p2b: Dondozo
|-damage|p2b: Dondozo|31/100
|
|-heal|p2b: Dondozo|37/100|[from] Grassy Terrain
|-heal|p1b: Gholdengo|56/100|[from] Grassy Terrain
|upkeep
|turn|5
|inactive|Mateadelvgc has 30 seconds left.
|
|t:|1756157543
|switch|p1b: Annihilape|Annihilape, L50, M, shiny|100/100
|move|p2b: Dondozo|Order Up|p1b: Annihilape
|-damage|p1b: Annihilape|41/100
|-boost|p2b: Dondozo|atk|1
|move|p1a: Rillaboom|High Horsepower|p2b: Dondozo
|-supereffective|p2b: Dondozo
|-damage|p2b: Dondozo|14/100
|
|-heal|p2b: Dondozo|20/100|[from] Grassy Terrain
|-heal|p1b: Annihilape|48/100|[from] Grassy Terrain
|-fieldend|move: Grassy Terrain
|upkeep
|turn|6
|inactive|Mateadelvgc has 30 seconds left.
|
|t:|1756157568
|move|p2b: Dondozo|Earthquake|p1b: Annihilape|[spread] p1a,p1b
|-miss|p2b: Dondozo|p2a: Tatsugiri
|-resisted|p1a: Rillaboom
|-damage|p1a: Rillaboom|72/100
|-damage|p1b: Annihilape|0 fnt
|faint|p1b: Annihilape
|move|p1a: Rillaboom|High Horsepower|p2b: Dondozo
|-supereffective|p2b: Dondozo
|-damage|p2b: Dondozo|0 fnt
|faint|p2b: Dondozo
|
|upkeep
|
|t:|1756157587
|switch|p1b: Maushold|Maushold-Four, L50, shiny|100/100
|switch|p2b: Murkrow|Murkrow, L50, M|88/100
|turn|7
|
|t:|1756157602
|move|p2a: Tatsugiri|Muddy Water|p1b: Maushold|[spread] p1a,p1b
|-resisted|p1a: Rillaboom
|-damage|p1a: Rillaboom|51/100
|-damage|p1b: Maushold|48/100
|-unboost|p1b: Maushold|accuracy|1
|move|p1b: Maushold|Population Bomb|p2b: Murkrow
|-damage|p2b: Murkrow|77/100
|-damage|p2b: Murkrow|68/100
|-hitcount|p2b: Murkrow|2
|move|p1a: Rillaboom|Wood Hammer|p2a: Tatsugiri
|-damage|p2a: Tatsugiri|0 fnt
|faint|p2a: Tatsugiri
|-damage|p1a: Rillaboom|27/100|[from] Recoil
|move|p2b: Murkrow|Foul Play|p1a: Rillaboom
|-damage|p1a: Rillaboom|0 fnt
|faint|p1a: Rillaboom
|
|upkeep
|
|t:|1756157618
|switch|p1a: Gholdengo|Gholdengo, L50, shiny, tera:Water|56/100
|turn|8
|
|t:|1756157634
|move|p1b: Maushold|Population Bomb|p2b: Murkrow
|-damage|p2b: Murkrow|58/100
|-hitcount|p2b: Murkrow|1
|move|p1a: Gholdengo|Make It Rain|p2b: Murkrow
|-damage|p2b: Murkrow|0 fnt
|-unboost|p1a: Gholdengo|spa|1
|faint|p2b: Murkrow
|-damage|p1a: Gholdengo|47/100|[from] item: Life Orb
|
|win|Mateadelvgc
||Agesilao is ready for game 2.
|inactive|Mateadelvgc has 30 seconds to confirm battle start!
