|j|☆ToastedArt
|j|☆Zero Kfz
|html|ToastedArtZero Kfz    
|uhtml|bestof|Game 3 of a best-of-3
|t:|1784391566
|gametype|doubles
|player|p1|ToastedArt|iris|1149
|player|p2|Zero Kfz|170|1040
|gen|9
|tier|[Gen 9 Champions] VGC 2026 Reg M-B (Bo3)
|rated|
|rule|Species Clause: Limit one of each Pokémon
|rule|Item Clause: Limit 1 of each item
|clearpoke
|poke|p1|Sinistcha, L50, shiny|
|poke|p1|Hydreigon, L50, M, shiny|
|poke|p1|Sneasler, L50, F|
|poke|p1|Incineroar, L50, M|
|poke|p1|Falinks, L50, shiny|
|poke|p1|Gholdengo, L50|
|poke|p2|Gardevoir, L50, F, shiny|
|poke|p2|Whimsicott, L50, M|
|poke|p2|Arcanine-Hisui, L50, M|
|poke|p2|Rotom-Wash, L50|
|poke|p2|Sinistcha, L50|
|poke|p2|Kingambit, L50, M|
|teampreview|4
|showteam|p1|Sinistcha||CobaBerry|Hospitality|MatchaGotcha,RagePowder,LifeDew,Protect|Calm|||||50|]Hydreigon||LifeOrb|Levitate|Snarl,DarkPulse,EarthPower,DracoMeteor|Modest||M|||50|]Sneasler||FocusSash|PoisonTouch|FakeOut,PoisonJab,CloseCombat,QuickGuard|Jolly||F|||50|]Incineroar||SitrusBerry|Intimidate|FakeOut,FlareBlitz,ThroatChop,PartingShot|Careful||M|||50|]Falinks||Falinksite|Defiant|NoRetreat,SwordsDance,CloseCombat,Protect|Adamant|||||50|]Gholdengo||SpellTag|GoodasGold|ShadowBall,MakeItRain,NastyPlot,Protect|Timid|||||50|
|showteam|p2|Gardevoir||Gardevoirite|Synchronize|HyperVoice,Psyshock,HyperBeam,Protect|Modest||F|||50|]Whimsicott||FocusSash|Prankster|Moonblast,Protect,Tailwind,Encore|Timid||M|||50|]Arcanine-Hisui||LifeOrb|RockHead|FlareBlitz,RockSlide,ExtremeSpeed,Protect|Adamant||M|||50|]Rotom-Wash||SitrusBerry|Levitate|VoltSwitch,HydroPump,WillOWisp,Protect|Calm|||||50|]Sinistcha||Leftovers|Hospitality|MatchaGotcha,TrickRoom,RagePowder,LifeDew|Relaxed|||||50|]Kingambit||BlackGlasses|Defiant|KowtowCleave,SuckerPunch,IronHead,Protect|Adamant||M|||50|
|inactive|Battle timer is ON: inactive players will automatically lose when time's up. (requested by ToastedArt)
|inactive|Zero Kfz has 60 seconds left.
|
|t:|1784391599
|teamsize|p1|4
|teamsize|p2|4
|start
|switch|p1a: Falinks|Falinks, L50, shiny|100/100
|switch|p1b: Sneasler|Sneasler, L50, F|100/100
|switch|p2a: Sinistcha|Sinistcha, L50|100/100
|switch|p2b: Rotom|Rotom-Wash, L50|100/100
|turn|1
|
|t:|1784391624
|switch|p1a: Gholdengo|Gholdengo, L50|100/100
|move|p1b: Sneasler|Poison Jab|p2a: Sinistcha
|-damage|p2a: Sinistcha|69/100
|-status|p2a: Sinistcha|psn|[from] ability: Poison Touch|[of] p1b: Sneasler
|move|p2b: Rotom|Will-O-Wisp|p1b: Sneasler
|-status|p1b: Sneasler|brn
|move|p2a: Sinistcha|Trick Room|p2a: Sinistcha
|-fieldstart|move: Trick Room|[of] p2a: Sinistcha
|
|-heal|p2a: Sinistcha|75/100 psn|[from] item: Leftovers
|-damage|p2a: Sinistcha|63/100 psn|[from] psn
|-damage|p1b: Sneasler|94/100 brn|[from] brn
|upkeep
|turn|2
|inactive|Zero Kfz has 30 seconds left.
|
|t:|1784391653
|switch|p1b: Incineroar|Incineroar, L50, M|100/100
|-ability|p1b: Incineroar|Intimidate|boost
|-unboost|p2a: Sinistcha|atk|1
|-unboost|p2b: Rotom|atk|1
|move|p2a: Sinistcha|Matcha Gotcha|p1a: Gholdengo|[spread] p1a
|-miss|p2a: Sinistcha|p1b: Incineroar
|-resisted|p1a: Gholdengo|1
|-damage|p1a: Gholdengo|85/100
|-heal|p2a: Sinistcha|70/100 psn|[from] drain|[of] p1a: Gholdengo
|move|p2b: Rotom|Hydro Pump|p1b: Incineroar|[miss]
|-miss|p2b: Rotom|p1b: Incineroar
|move|p1a: Gholdengo|Nasty Plot|p1a: Gholdengo
|-boost|p1a: Gholdengo|spa|2
|
|-heal|p2a: Sinistcha|76/100 psn|[from] item: Leftovers
|-damage|p2a: Sinistcha|64/100 psn|[from] psn
|upkeep
|turn|3
|inactive|Zero Kfz has 30 seconds left.
|
|t:|1784391682
|switch|p2b: Kingambit|Kingambit, L50, M|100/100
|move|p1b: Incineroar|Fake Out|p2b: Kingambit
|-resisted|p2b: Kingambit|1
|-damage|p2b: Kingambit|96/100
|move|p2a: Sinistcha|Matcha Gotcha|p1a: Gholdengo|[spread] p1a,p1b
|-resisted|p1a: Gholdengo|1
|-resisted|p1b: Incineroar|1
|-crit|p1b: Incineroar
|-damage|p1a: Gholdengo|71/100
|-heal|p2a: Sinistcha|70/100 psn|[from] drain|[of] p1a: Gholdengo
|-damage|p1b: Incineroar|84/100
|-heal|p2a: Sinistcha|79/100 psn|[from] drain|[of] p1b: Incineroar
|move|p1a: Gholdengo|Nasty Plot|p1a: Gholdengo
|-boost|p1a: Gholdengo|spa|2
|
|-heal|p2a: Sinistcha|85/100 psn|[from] item: Leftovers
|-damage|p2a: Sinistcha|73/100 psn|[from] psn
|upkeep
|turn|4
|inactive|Zero Kfz has 30 seconds left.
|
|t:|1784391709
|switch|p1b: Sneasler|Sneasler, L50, F|94/100 brn
|move|p1a: Gholdengo|Protect|p1a: Gholdengo
|-singleturn|p1a: Gholdengo|Protect
|move|p2a: Sinistcha|Rage Powder|p2a: Sinistcha
|-singleturn|p2a: Sinistcha|move: Rage Powder
|move|p2b: Kingambit|Kowtow Cleave|p1b: Sneasler
|-resisted|p1b: Sneasler|1
|-damage|p1b: Sneasler|46/100 brn
|
|-heal|p2a: Sinistcha|79/100 psn|[from] item: Leftovers
|-damage|p2a: Sinistcha|67/100 psn|[from] psn
|-damage|p1b: Sneasler|40/100 brn|[from] brn
|upkeep
|turn|5
|
|t:|1784391727
|move|p1b: Sneasler|Fake Out|p2b: Kingambit
|-resisted|p2b: Kingambit|1
|-damage|p2b: Kingambit|93/100
|move|p2a: Sinistcha|Rage Powder|p2a: Sinistcha
|-singleturn|p2a: Sinistcha|move: Rage Powder
|cant|p2b: Kingambit|flinch
|move|p1a: Gholdengo|Make It Rain|p2b: Kingambit|[spread] p2a,p2b
|-resisted|p2b: Kingambit|1
|-damage|p2a: Sinistcha|0 fnt
|-damage|p2b: Kingambit|25/100
|-unboost|p1a: Gholdengo|spa|2
|faint|p2a: Sinistcha
|
|-damage|p1b: Sneasler|34/100 brn|[from] brn
|-fieldend|move: Trick Room
|upkeep
|inactive|Zero Kfz has 30 seconds left.
|inactive|Zero Kfz has 20 seconds left.
|inactive|Zero Kfz has 15 seconds left.
|inactive|Zero Kfz has 10 seconds left.
|inactive|Zero Kfz has 5 seconds left.
|
|t:|1784391780
|switch|p2a: Gardevoir|Gardevoir, L50, F, shiny|100/100
|turn|6
|
|t:|1784391798
|detailschange|p2a: Gardevoir|Gardevoir-Mega, L50, F, shiny
|-mega|p2a: Gardevoir|Gardevoir|Gardevoirite
|move|p1a: Gholdengo|Protect|p1a: Gholdengo
|-singleturn|p1a: Gholdengo|Protect
|move|p2b: Kingambit|Protect|p2b: Kingambit
|-singleturn|p2b: Kingambit|Protect
|move|p1b: Sneasler|Poison Jab|p2a: Gardevoir
|-supereffective|p2a: Gardevoir|1
|-damage|p2a: Gardevoir|35/100
|-status|p2a: Gardevoir|psn
|move|p2a: Gardevoir|Hyper Voice|p1b: Sneasler|[spread] p1b
|-activate|p1a: Gholdengo|move: Protect
|-damage|p1b: Sneasler|0 fnt
|faint|p1b: Sneasler
|
|-damage|p2a: Gardevoir|23/100 psn|[from] psn
|upkeep
|
|t:|1784391814
|switch|p1b: Falinks|Falinks, L50, shiny|100/100
|turn|7
|
|t:|1784391827
|switch|p1a: Incineroar|Incineroar, L50, M|84/100
|-ability|p1a: Incineroar|Intimidate|boost
|-unboost|p2a: Gardevoir|atk|1
|-unboost|p2b: Kingambit|atk|1
|-ability|p2b: Kingambit|Defiant|boost
|-boost|p2b: Kingambit|atk|2
|detailschange|p1b: Falinks|Falinks-Mega, L50, shiny
|-mega|p1b: Falinks|Falinks|Falinksite
|move|p2b: Kingambit|Sucker Punch||[still]
|-fail|p2b: Kingambit
|move|p2a: Gardevoir|Hyper Beam|p1b: Falinks
|-supereffective|p1b: Falinks|1
|-damage|p1b: Falinks|0 fnt
|-mustrecharge|p2a: Gardevoir
|faint|p1b: Falinks
|
|-damage|p2a: Gardevoir|10/100 psn|[from] psn
|upkeep
|
|t:|1784391841
|switch|p1b: Gholdengo|Gholdengo, L50|71/100
|turn|8
|
|t:|1784391860
|move|p2b: Kingambit|Protect|p2b: Kingambit
|-singleturn|p2b: Kingambit|Protect
|cant|p2a: Gardevoir|recharge
|move|p1b: Gholdengo|Nasty Plot|p1b: Gholdengo
|-boost|p1b: Gholdengo|spa|2
|move|p1a: Incineroar|Flare Blitz|p2b: Kingambit
|-activate|p2b: Kingambit|move: Protect
|
|-damage|p2a: Gardevoir|0 fnt|[from] psn
|faint|p2a: Gardevoir
|upkeep
|
|t:|1784391871
|switch|p2a: Rotom|Rotom-Wash, L50|100/100
|turn|9
|
|t:|1784391885
|move|p1b: Gholdengo|Protect|p1b: Gholdengo
|-singleturn|p1b: Gholdengo|Protect
|move|p2b: Kingambit|Sucker Punch|p1a: Incineroar
|-resisted|p1a: Incineroar|1
|-damage|p1a: Incineroar|51/100
|move|p2a: Rotom|Hydro Pump|p1a: Incineroar
|-supereffective|p1a: Incineroar|1
|-damage|p1a: Incineroar|0 fnt
|faint|p1a: Incineroar
|
|upkeep
|turn|10
|-message|ToastedArt forfeited.
|
|win|Zero Kfz
|raw|ToastedArt's rating: 1149 → 1116(-33 for losing)
|raw|Zero Kfz's rating: 1040 → 1084(+44 for winning)
