|j|☆Thinking Charizard
|j|☆bighamsterbaseball
|html|Thinking Charizardbighamsterbaseball    
|uhtml|bestof|Game 2 of a best-of-3
|t:|1784756331
|gametype|doubles
|player|p1|Thinking Charizard|colress|1176
|player|p2|bighamsterbaseball|pokemaniac|1264
|gen|9
|tier|[Gen 9 Champions] VGC 2026 Reg M-B (Bo3)
|rated|
|rule|Species Clause: Limit one of each Pokémon
|rule|Item Clause: Limit 1 of each item
|clearpoke
|poke|p1|Raichu, L50, M|
|poke|p1|Pelipper, L50, M|
|poke|p1|Archaludon, L50, M|
|poke|p1|Sinistcha, L50|
|poke|p1|Grimmsnarl, L50, M|
|poke|p1|Metagross, L50, shiny|
|poke|p2|Pyroar, L50, M|
|poke|p2|Scrafty, L50, F|
|poke|p2|Torkoal, L50, M|
|poke|p2|Venusaur, L50, M|
|poke|p2|Basculegion, L50, M|
|poke|p2|Malamar, L50, F|
|teampreview|4
|showteam|p1|Raichu||RaichuniteY|Static|ZapCannon,FocusBlast,FakeOut,Protect|Timid||M|||50|]Pelipper||SitrusBerry|Drizzle|Tailwind,WideGuard,WeatherBall,Hurricane|Modest||M|||50|]Archaludon||Leftovers|Stamina|ElectroShot,FlashCannon,DragonPulse,Protect|Calm||M|||50|]Sinistcha||ColburBerry|Hospitality|RagePowder,MatchaGotcha,TrickRoom,LifeDew|Calm|||||50|]Grimmsnarl||LightClay|Prankster|LightScreen,Reflect,PartingShot,SpiritBreak|Careful||M|||50|]Metagross||Metagrossite|ClearBody|IronHead,PsychicFangs,BodyPress,Protect|Jolly|||||50|
|showteam|p2|Pyroar||Pyroarite|Unnerve|HeatWave,Overheat,SolarBeam,Protect|Timid||M|||50|]Scrafty||Scraftinite|Intimidate|FakeOut,DrainPunch,KnockOff,IcePunch|Adamant||F|||50|]Torkoal||Leftovers|Drought|HeatWave,Yawn,HelpingHand,Protect|Relaxed||M|||50|]Venusaur||LifeOrb|Chlorophyll|LeafStorm,SludgeBomb,EarthPower,Protect|Modest||M|||50|]Basculegion||ChoiceScarf|Adaptability|WaveCrash,LastRespects,AquaJet,FlipTurn|Adamant||M|||50|]Malamar||SitrusBerry|Contrary|Superpower,RockSlide,TrickRoom,TopsyTurvy|Careful||F|||50|
|
|t:|1784756394
|teamsize|p1|4
|teamsize|p2|4
|start
|switch|p1a: Raichu|Raichu, L50, M|100/100
|switch|p1b: Grimmsnarl|Grimmsnarl, L50, M|100/100
|switch|p2a: Torkoal|Torkoal, L50, M|100/100
|switch|p2b: Venusaur|Venusaur, L50, M|100/100
|-weather|SunnyDay|[from] ability: Drought|[of] p2a: Torkoal
|turn|1
|
|t:|1784756450
|detailschange|p1a: Raichu|Raichu-Mega-Y, L50, M
|-mega|p1a: Raichu|Raichu|Raichunite Y
|move|p1a: Raichu|Fake Out|p2b: Venusaur
|-damage|p2b: Venusaur|87/100
|move|p1b: Grimmsnarl|Light Screen|p1b: Grimmsnarl
|-sidestart|p1: Thinking Charizard|move: Light Screen
|cant|p2b: Venusaur|flinch
|move|p2a: Torkoal|Yawn|p1a: Raichu
|-start|p1a: Raichu|move: Yawn|[of] p2a: Torkoal
|
|-weather|SunnyDay|[upkeep]
|upkeep
|turn|2
|
|t:|1784756466
|switch|p1a: Archaludon|Archaludon, L50, M|100/100
|move|p1b: Grimmsnarl|Parting Shot|p2b: Venusaur
|-unboost|p2b: Venusaur|atk|1
|-unboost|p2b: Venusaur|spa|1
|
|t:|1784756471
|switch|p1b: Pelipper|Pelipper, L50, M|100/100|[from] Parting Shot
|-weather|RainDance|[from] ability: Drizzle|[of] p1b: Pelipper
|move|p2b: Venusaur|Sludge Bomb|p1b: Pelipper
|-damage|p1b: Pelipper|67/100
|-damage|p2b: Venusaur|78/100|[from] item: Life Orb
|move|p2a: Torkoal|Yawn|p1b: Pelipper
|-start|p1b: Pelipper|move: Yawn|[of] p2a: Torkoal
|
|-weather|RainDance|[upkeep]
|upkeep
|turn|3
|
|t:|1784756491
|switch|p1b: Grimmsnarl|Grimmsnarl, L50, M|100/100
|move|p2b: Venusaur|Protect|p2b: Venusaur
|-singleturn|p2b: Venusaur|Protect
|move|p2a: Torkoal|Protect|p2a: Torkoal
|-singleturn|p2a: Torkoal|Protect
|move|p1a: Archaludon|Electro Shot||[still]
|-prepare|p1a: Archaludon|Electro Shot
|-boost|p1a: Archaludon|spa|1
|-anim|p1a: Archaludon|Electro Shot|p2a: Torkoal
|-activate|p2a: Torkoal|move: Protect
|
|-weather|RainDance|[upkeep]
|upkeep
|turn|4
|
|t:|1784756513
|switch|p2b: Scrafty|Scrafty, L50, F|100/100
|-ability|p2b: Scrafty|Intimidate|boost
|-unboost|p1a: Archaludon|atk|1
|-unboost|p1b: Grimmsnarl|atk|1
|move|p1b: Grimmsnarl|Parting Shot|p2b: Scrafty
|-hint|Since gen 7, Dark is immune to Prankster moves.
|-immune|p2b: Scrafty
|move|p1a: Archaludon|Electro Shot||[still]
|-prepare|p1a: Archaludon|Electro Shot
|-boost|p1a: Archaludon|spa|1
|-anim|p1a: Archaludon|Electro Shot|p2a: Torkoal
|-damage|p2a: Torkoal|19/100
|move|p2a: Torkoal|Yawn|p1a: Archaludon
|-start|p1a: Archaludon|move: Yawn|[of] p2a: Torkoal
|
|-weather|RainDance|[upkeep]
|-heal|p2a: Torkoal|25/100|[from] item: Leftovers
|upkeep
|turn|5
|
|t:|1784756550
|switch|p1a: Raichu|Raichu-Mega-Y, L50, M|100/100
|switch|p2a: Venusaur|Venusaur, L50, M|78/100
|detailschange|p2b: Scrafty|Scrafty-Mega, L50, F
|-mega|p2b: Scrafty|Scrafty|Scraftinite
|-ability|p2b: Scrafty|Intimidate|boost
|-unboost|p1a: Raichu|atk|1
|-unboost|p1b: Grimmsnarl|atk|1
|move|p2b: Scrafty|Drain Punch|p1a: Raichu
|-damage|p1a: Raichu|37/100
|move|p1b: Grimmsnarl|Spirit Break|p2b: Scrafty
|-supereffective|p2b: Scrafty|2
|-damage|p2b: Scrafty|42/100
|-unboost|p2b: Scrafty|spa|1
|
|-weather|RainDance|[upkeep]
|upkeep
|turn|6
|
|t:|1784756586
|switch|p2b: Malamar|Malamar, L50, F|100/100
|move|p2a: Venusaur|Protect|p2a: Venusaur
|-singleturn|p2a: Venusaur|Protect
|move|p1a: Raichu|Fake Out|p2a: Venusaur
|-activate|p2a: Venusaur|move: Protect
|move|p1b: Grimmsnarl|Spirit Break|p2b: Malamar
|-supereffective|p2b: Malamar|1
|-damage|p2b: Malamar|68/100
|-boost|p2b: Malamar|spa|1
|
|-weather|none
|upkeep
|turn|7
|
|t:|1784756609
|switch|p2b: Torkoal|Torkoal, L50, M|25/100
|-weather|SunnyDay|[from] ability: Drought|[of] p2b: Torkoal
|move|p1b: Grimmsnarl|Parting Shot|p2a: Venusaur
|-unboost|p2a: Venusaur|atk|1
|-unboost|p2a: Venusaur|spa|1
|
|t:|1784756616
|switch|p1b: Pelipper|Pelipper, L50, M|67/100|[from] Parting Shot
|-weather|RainDance|[from] ability: Drizzle|[of] p1b: Pelipper
|move|p1a: Raichu|Zap Cannon|p2b: Torkoal
|-damage|p2b: Torkoal|0 fnt
|faint|p2b: Torkoal
|move|p2a: Venusaur|Earth Power|p1a: Raichu
|-supereffective|p1a: Raichu|1
|-damage|p1a: Raichu|0 fnt
|faint|p1a: Raichu
|-damage|p2a: Venusaur|68/100|[from] item: Life Orb
|
|-weather|RainDance|[upkeep]
|upkeep
|
|t:|1784756631
|switch|p1a: Archaludon|Archaludon, L50, M|100/100
|switch|p2b: Malamar|Malamar, L50, F|68/100
|turn|8
|
|t:|1784756656
|move|p2a: Venusaur|Leaf Storm|p1b: Pelipper
|-damage|p1b: Pelipper|11/100
|-unboost|p2a: Venusaur|spa|2
|-enditem|p1b: Pelipper|Sitrus Berry|[eat]
|-heal|p1b: Pelipper|36/100|[from] item: Sitrus Berry
|-damage|p2a: Venusaur|59/100|[from] item: Life Orb
|move|p1a: Archaludon|Electro Shot||[still]
|-prepare|p1a: Archaludon|Electro Shot
|-boost|p1a: Archaludon|spa|1
|-anim|p1a: Archaludon|Electro Shot|p2b: Malamar
|-damage|p2b: Malamar|24/100
|-enditem|p2b: Malamar|Sitrus Berry|[eat]
|-heal|p2b: Malamar|49/100|[from] item: Sitrus Berry
|move|p2b: Malamar|Rock Slide|p1b: Pelipper|[spread] p1a,p1b
|-resisted|p1a: Archaludon|1
|-supereffective|p1b: Pelipper|1
|-crit|p1b: Pelipper
|-damage|p1a: Archaludon|94/100
|-damage|p1b: Pelipper|0 fnt
|-ability|p1a: Archaludon|Stamina|boost
|-boost|p1a: Archaludon|def|1
|faint|p1b: Pelipper
|
|-weather|RainDance|[upkeep]
|-heal|p1a: Archaludon|100/100|[from] item: Leftovers
|-sideend|p1: Thinking Charizard|move: Light Screen
|upkeep
|
|t:|1784756662
|switch|p1b: Grimmsnarl|Grimmsnarl, L50, M|100/100
|turn|9
|
|t:|1784756679
|switch|p2a: Scrafty|Scrafty-Mega, L50, F|42/100
|-ability|p2a: Scrafty|Intimidate|boost
|-unboost|p1a: Archaludon|atk|1
|-unboost|p1b: Grimmsnarl|atk|1
|move|p1b: Grimmsnarl|Light Screen|p1b: Grimmsnarl
|-sidestart|p1: Thinking Charizard|move: Light Screen
|move|p1a: Archaludon|Flash Cannon|p2a: Scrafty
|-damage|p2a: Scrafty|0 fnt
|faint|p2a: Scrafty
|move|p2b: Malamar|Topsy-Turvy|p1a: Archaludon
|-invertboost|p1a: Archaludon|[from] move: Topsy-Turvy
|
|-weather|RainDance|[upkeep]
|upkeep
|
|t:|1784756683
|switch|p2a: Venusaur|Venusaur, L50, M|59/100
|turn|10
|
|t:|1784756714
|move|p1b: Grimmsnarl|Parting Shot|p2a: Venusaur
|-unboost|p2a: Venusaur|atk|1
|-unboost|p2a: Venusaur|spa|1
|move|p2a: Venusaur|Sludge Bomb|p1b: Grimmsnarl
|-supereffective|p1b: Grimmsnarl|1
|-damage|p1b: Grimmsnarl|63/100
|-damage|p2a: Venusaur|49/100|[from] item: Life Orb
|move|p1a: Archaludon|Electro Shot||[still]
|-prepare|p1a: Archaludon|Electro Shot
|-boost|p1a: Archaludon|spa|1
|-anim|p1a: Archaludon|Electro Shot|p2b: Malamar
|-damage|p2b: Malamar|17/100
|move|p2b: Malamar|Superpower|p1b: Grimmsnarl
|-damage|p1b: Grimmsnarl|29/100
|-boost|p2b: Malamar|atk|1
|-boost|p2b: Malamar|def|1
|
|-weather|RainDance|[upkeep]
|upkeep
|turn|11
|
|t:|1784756742
|move|p1b: Grimmsnarl|Parting Shot|p2a: Venusaur
|-unboost|p2a: Venusaur|atk|1
|-unboost|p2a: Venusaur|spa|1
|move|p2a: Venusaur|Sludge Bomb|p1b: Grimmsnarl
|-supereffective|p1b: Grimmsnarl|1
|-damage|p1b: Grimmsnarl|1/100
|-damage|p2a: Venusaur|40/100|[from] item: Life Orb
|move|p1a: Archaludon|Electro Shot||[still]
|-prepare|p1a: Archaludon|Electro Shot
|-boost|p1a: Archaludon|spa|1
|-anim|p1a: Archaludon|Electro Shot|p2b: Malamar
|-damage|p2b: Malamar|0 fnt
|faint|p2b: Malamar
|
|-weather|none
|upkeep
|turn|12
|-message|bighamsterbaseball forfeited.
|
|win|Thinking Charizard
|l|☆bighamsterbaseball
|player|p2|
||bighamsterbaseball is ready for game 3.
|c|☆Thinking Charizard|gg
|inactive|Thinking Charizard has 30 seconds to confirm battle start!
||Thinking Charizard is ready for game 3.
|uhtml|next|Next: Game 3 of 3
