|j|☆CaldoDePatas
|j|☆importarcade
|html|CaldoDePatasimportarcade    
|uhtml|bestof|Game 1 of a best-of-3
|t:|1785098310
|gametype|doubles
|player|p1|CaldoDePatas|sage|1141
|player|p2|importarcade|ethan|1085
|gen|9
|tier|[Gen 9 Champions] VGC 2026 Reg M-B (Bo3)
|rated|
|rule|Species Clause: Limit one of each Pokémon
|rule|Item Clause: Limit 1 of each item
|clearpoke
|poke|p1|Dragonite, L50, F|
|poke|p1|Whimsicott, L50, M, shiny|
|poke|p1|Kingambit, L50, F|
|poke|p1|Incineroar, L50, F|
|poke|p1|Basculegion, L50, M|
|poke|p1|Tsareena, L50, F|
|poke|p2|Sneasler, L50, M|
|poke|p2|Blastoise, L50, M|
|poke|p2|Kingambit, L50, M|
|poke|p2|Incineroar, L50, M|
|poke|p2|Delphox, L50, F|
|poke|p2|Sinistcha, L50|
|teampreview|4
|showteam|p1|Dragonite||Dragoninite|Multiscale|DragonPulse,Thunderbolt,ExtremeSpeed,Protect|Quiet||F|||50|]Whimsicott||FairyFeather|Prankster|Moonblast,Encore,Protect,Tailwind|Modest||M|||50|]Kingambit||OccaBerry|Defiant|KowtowCleave,SuckerPunch,IronHead,Protect|Brave||F|||50|]Incineroar||SitrusBerry|Intimidate|FlareBlitz,FakeOut,PartingShot,ThroatChop|Relaxed||F|||50|]Basculegion||ChoiceScarf|Adaptability|WaveCrash,LastRespects,AquaJet,FlipTurn|Adamant||M|||50|]Tsareena||FocusSash|QueenlyMajesty|TropKick,LowSweep,HelpingHand,Protect|Adamant||F|||50|
|showteam|p2|Sneasler||FocusSash|PoisonTouch|PoisonJab,CloseCombat,FakeOut,QuickGuard|Jolly||M|||50|]Blastoise||Blastoisinite|RainDish|DarkPulse,WaterSpout,ShellSmash,Protect|Modest||M|||50|]Kingambit||BlackGlasses|Defiant|KowtowCleave,SuckerPunch,SwordsDance,Protect|Adamant||M|||50|]Incineroar||SitrusBerry|Intimidate|FlareBlitz,HelpingHand,PartingShot,FakeOut|Careful||M|||50|]Delphox||Delphoxite|Blaze|HeatWave,NastyPlot,Psyshock,Protect|Modest||F|||50|]Sinistcha||KasibBerry|Hospitality|MatchaGotcha,RagePowder,TrickRoom,Protect|Bold|||||50|
|
|t:|1785098369
|teamsize|p1|4
|teamsize|p2|4
|start
|switch|p1a: Whimsicott|Whimsicott, L50, M, shiny|100/100
|switch|p1b: Tsareena|Tsareena, L50, F|100/100
|switch|p2a: Delphox|Delphox, L50, F|100/100
|switch|p2b: Incineroar|Incineroar, L50, M|100/100
|-ability|p2b: Incineroar|Intimidate|boost
|-unboost|p1a: Whimsicott|atk|1
|-unboost|p1b: Tsareena|atk|1
|turn|1
|
|t:|1785098397
|detailschange|p2a: Delphox|Delphox-Mega, L50, F
|-mega|p2a: Delphox|Delphox|Delphoxite
|move|p1a: Whimsicott|Protect|p1a: Whimsicott
|-singleturn|p1a: Whimsicott|Protect
|move|p2a: Delphox|Heat Wave|p1b: Tsareena|[spread] p1b
|-activate|p1a: Whimsicott|move: Protect
|-supereffective|p1b: Tsareena|1
|-damage|p1b: Tsareena|6/100
|move|p1b: Tsareena|Trop Kick|p2b: Incineroar
|-resisted|p2b: Incineroar|1
|-damage|p2b: Incineroar|85/100
|-unboost|p2b: Incineroar|atk|1
|move|p2b: Incineroar|Flare Blitz|p1b: Tsareena
|-supereffective|p1b: Tsareena|1
|-damage|p1b: Tsareena|0 fnt
|faint|p1b: Tsareena
|-damage|p2b: Incineroar|83/100|[from] Recoil
|
|upkeep
|
|t:|1785098419
|switch|p1b: Basculegion|Basculegion, L50, M|100/100
|turn|2
|
|t:|1785098441
|switch|p2a: Sinistcha|Sinistcha, L50|100/100
|-heal|p2b: Incineroar|100/100|[from] ability: Hospitality|[of] p2a: Sinistcha
|move|p1a: Whimsicott|Encore||[still]
|-fail|p1a: Whimsicott
|move|p1b: Basculegion|Wave Crash|p2b: Incineroar
|-supereffective|p2b: Incineroar|1
|-damage|p2b: Incineroar|0 fnt
|faint|p2b: Incineroar
|-damage|p1b: Basculegion|65/100|[from] Recoil
|
|upkeep
|
|t:|1785098451
|switch|p2b: Kingambit|Kingambit, L50, M|100/100
|turn|3
|
|t:|1785098472
|switch|p1b: Dragonite|Dragonite, L50, F|100/100
|move|p2a: Sinistcha|Protect|p2a: Sinistcha
|-singleturn|p2a: Sinistcha|Protect
|move|p1a: Whimsicott|Tailwind|p1a: Whimsicott
|-sidestart|p1: CaldoDePatas|move: Tailwind
|move|p2b: Kingambit|Kowtow Cleave|p1b: Dragonite
|-crit|p1b: Dragonite
|-damage|p1b: Dragonite|61/100
|
|upkeep
|turn|4
|
|t:|1785098521
|switch|p2a: Delphox|Delphox-Mega, L50, F|100/100
|detailschange|p1b: Dragonite|Dragonite-Mega, L50, F
|-mega|p1b: Dragonite|Dragonite|Dragoninite
|move|p1a: Whimsicott|Moonblast|p2b: Kingambit
|-damage|p2b: Kingambit|66/100
|move|p1b: Dragonite|Thunderbolt|p2b: Kingambit
|-damage|p2b: Kingambit|36/100
|move|p2b: Kingambit|Kowtow Cleave|p1a: Whimsicott
|-resisted|p1a: Whimsicott|1
|-damage|p1a: Whimsicott|69/100
|
|upkeep
|turn|5
|inactive|Battle timer is ON: inactive players will automatically lose when time's up. (requested by CaldoDePatas)
|
|t:|1785098561
|move|p1a: Whimsicott|Protect|p1a: Whimsicott
|-singleturn|p1a: Whimsicott|Protect
|move|p2b: Kingambit|Sucker Punch|p1b: Dragonite
|-damage|p1b: Dragonite|27/100
|move|p1b: Dragonite|Thunderbolt|p2b: Kingambit
|-damage|p2b: Kingambit|9/100
|move|p2a: Delphox|Heat Wave|p1b: Dragonite|[spread] p1b
|-activate|p1a: Whimsicott|move: Protect
|-resisted|p1b: Dragonite|1
|-damage|p1b: Dragonite|11/100
|
|upkeep
|turn|6
|
|t:|1785098586
|move|p1b: Dragonite|Extreme Speed|p2b: Kingambit
|-resisted|p2b: Kingambit|1
|-damage|p2b: Kingambit|1/100
|move|p1a: Whimsicott|Encore|p2a: Delphox
|-start|p2a: Delphox|Encore
|move|p2b: Kingambit|Sucker Punch||[still]
|-fail|p2b: Kingambit
|move|p2a: Delphox|Heat Wave|p1b: Dragonite|[spread] p1a
|-miss|p2a: Delphox|p1b: Dragonite
|-supereffective|p1a: Whimsicott|1
|-damage|p1a: Whimsicott|0 fnt
|faint|p1a: Whimsicott
|
|-sideend|p1: CaldoDePatas|move: Tailwind
|upkeep
|
|t:|1785098591
|switch|p1a: Basculegion|Basculegion, L50, M|65/100
|turn|7
|
|t:|1785098614
|switch|p2a: Sinistcha|Sinistcha, L50|100/100
|-heal|p2b: Kingambit|25/100|[from] ability: Hospitality|[of] p2a: Sinistcha
|move|p2b: Kingambit|Protect|p2b: Kingambit
|-singleturn|p2b: Kingambit|Protect
|move|p1b: Dragonite|Extreme Speed|p2b: Kingambit
|-activate|p2b: Kingambit|move: Protect
|move|p1a: Basculegion|Last Respects|p2a: Sinistcha
|-supereffective|p2a: Sinistcha|1
|-enditem|p2a: Sinistcha|Kasib Berry|[eat]
|-enditem|p2a: Sinistcha|Kasib Berry|[weaken]
|-damage|p2a: Sinistcha|12/100
|
|upkeep
|turn|8
|inactive|CaldoDePatas has 30 seconds left.
|inactive|importarcade has 30 seconds left.
|
|t:|1785098644
|move|p2a: Sinistcha|Protect|p2a: Sinistcha
|-singleturn|p2a: Sinistcha|Protect
|move|p1b: Dragonite|Extreme Speed|p2b: Kingambit
|-resisted|p2b: Kingambit|1
|-damage|p2b: Kingambit|16/100
|move|p1a: Basculegion|Last Respects|p2a: Sinistcha
|-activate|p2a: Sinistcha|move: Protect
|move|p2b: Kingambit|Kowtow Cleave|p1a: Basculegion
|-supereffective|p1a: Basculegion|1
|-damage|p1a: Basculegion|0 fnt
|faint|p1a: Basculegion
|
|upkeep
|turn|9
|-message|CaldoDePatas forfeited.
|
|win|importarcade
|l|☆CaldoDePatas
|player|p1|
|j|☆CaldoDePatas
|player|p1|CaldoDePatas|sage|
||CaldoDePatas is ready for game 2.
||importarcade is ready for game 2.
|uhtml|next|Next: Game 2 of 3
|l|☆CaldoDePatas
|player|p1|
