|j|☆CretaceousDraconid
|j|☆wester7
|html|CretaceousDraconidwester7    
|uhtml|bestof|Game 1 of a best-of-3
|t:|1757746877
|gametype|doubles
|player|p1|CretaceousDraconid|zinnia-masters|1259
|player|p2|wester7|1|1220
|gen|9
|tier|[Gen 9] VGC 2025 Reg H (Bo3)
|rated|
|rule|Species Clause: Limit one of each Pokémon
|rule|Item Clause: Limit 1 of each item
|clearpoke
|poke|p1|Whimsicott, L50, F|
|poke|p1|Incineroar, L50, F|
|poke|p1|Salamence, L50, F|
|poke|p1|Garchomp, L50, M|
|poke|p1|Sneasler, L50, M|
|poke|p1|Decidueye-Hisui, L50, M|
|poke|p2|Orthworm, L50, F|
|poke|p2|Ursaluna, L50, F|
|poke|p2|Dragonite, L50, M|
|poke|p2|Ninetales-Alola, L50, F|
|poke|p2|Incineroar, L50, M|
|poke|p2|Rabsca, L50, F|
|teampreview|4
|showteam|p1|Whimsicott||CovertCloak|Prankster|Tailwind,Moonblast,Encore,Taunt|||F|||50|,,,,,Water]Incineroar||SafetyGoggles|Intimidate|FakeOut,Taunt,PartingShot,KnockOff|||F|||50|,,,,,Ghost]Salamence||ChoiceSpecs|Intimidate|Hurricane,HeatWave,DracoMeteor,HydroPump|||F|||50|,,,,,Fire]Garchomp||LoadedDice|RoughSkin|StompingTantrum,Earthquake,ScaleShot,Protect|||M|||50|,,,,,Ghost]Sneasler||FocusSash|PoisonTouch|DireClaw,CloseCombat,Coaching,Protect|||M|||50|,,,,,Fairy]Decidueye-Hisui||ScopeLens|Scrappy|TripleArrows,Protect,LeafBlade,DualWingbeat|||M|||50|,,,,,Flying
|showteam|p2|Orthworm||SitrusBerry|EarthEater|HeavySlam,ShedTail,BodyPress,Protect|||F|||50|,,,,,Poison]Ursaluna||FlameOrb|Guts|Facade,Earthquake,HeadlongRush,Protect|||F|||50|,,,,,Ghost]Dragonite||LoadedDice|Multiscale|ScaleShot,Tailwind,Haze,Protect|||M|||50|,,,,,Fairy]Ninetales-Alola||FocusSash|SnowWarning|AuroraVeil,Blizzard,Moonblast,Protect|||F|||50|,,,,,Ghost]Incineroar||AssaultVest|Intimidate|FakeOut,FlareBlitz,KnockOff,Uturn|||M|||50|,,,,,Grass]Rabsca||SafetyGoggles|Telepathy|TrickRoom,RevivalBlessing,EarthPower,Psychic|||F|||50|,,,,,Ground
|inactive|Battle timer is ON: inactive players will automatically lose when time's up. (requested by CretaceousDraconid)
|
|t:|1757746967
|teamsize|p1|4
|teamsize|p2|4
|start
|switch|p1a: Incineroar|Incineroar, L50, F|100/100
|switch|p1b: Decidueye|Decidueye-Hisui, L50, M|100/100
|switch|p2a: Orthworm|Orthworm, L50, F|100/100
|switch|p2b: Ninetales|Ninetales-Alola, L50, F|100/100
|-weather|Snowscape|[from] ability: Snow Warning|[of] p2b: Ninetales
|-ability|p1a: Incineroar|Intimidate|boost
|-unboost|p2a: Orthworm|atk|1
|-unboost|p2b: Ninetales|atk|1
|turn|1
|inactive|wester7 has 30 seconds left.
|inactive|wester7 has 20 seconds left.
|inactive|wester7 has 15 seconds left.
|
|t:|1757747008
|switch|p2b: Incineroar|Incineroar, L50, M|100/100
|-ability|p2b: Incineroar|Intimidate|boost
|-unboost|p1a: Incineroar|atk|1
|-fail|p1b: Decidueye|unboost|Attack|[from] ability: Scrappy|[of] p1b: Decidueye
|move|p1b: Decidueye|Protect|p1b: Decidueye
|-singleturn|p1b: Decidueye|Protect
|move|p2a: Orthworm|Protect|p2a: Orthworm
|-singleturn|p2a: Orthworm|Protect
|move|p1a: Incineroar|Taunt|p2a: Orthworm
|-activate|p2a: Orthworm|move: Protect
|
|-weather|Snowscape|[upkeep]
|upkeep
|turn|2
|
|t:|1757747033
|-terastallize|p1a: Incineroar|Ghost
|move|p2b: Incineroar|Fake Out|p1b: Decidueye
|-damage|p1b: Decidueye|86/100
|move|p1a: Incineroar|Taunt|p2a: Orthworm
|-start|p2a: Orthworm|move: Taunt
|cant|p1b: Decidueye|flinch
|cant|p2a: Orthworm|move: Taunt|Shed Tail
|
|-weather|Snowscape|[upkeep]
|upkeep
|turn|3
|
|t:|1757747054
|-terastallize|p2b: Incineroar|Grass
|move|p1a: Incineroar|Knock Off|p2a: Orthworm
|-damage|p2a: Orthworm|83/100
|-enditem|p2a: Orthworm|Sitrus Berry|[from] move: Knock Off|[of] p1a: Incineroar
|move|p1b: Decidueye|Triple Arrows|p2b: Incineroar
|-damage|p2b: Incineroar|62/100
|move|p2a: Orthworm|Body Press|p1b: Decidueye
|-damage|p1b: Decidueye|47/100
|cant|p2b: Incineroar|flinch
|
|-weather|Snowscape|[upkeep]
|upkeep
|turn|4
|inactive|wester7 has 30 seconds left.
|
|t:|1757747085
|switch|p2a: Rabsca|Rabsca, L50, F|100/100
|move|p1a: Incineroar|Parting Shot|p2b: Incineroar
|-unboost|p2b: Incineroar|atk|1
|-unboost|p2b: Incineroar|spa|1
|
|t:|1757747090
|switch|p1a: TheFuckYouGuy|Sneasler, L50, M|100/100|[from] Parting Shot
|move|p1b: Decidueye|Triple Arrows|p2a: Rabsca
|-resisted|p2a: Rabsca
|-damage|p2a: Rabsca|89/100
|move|p2b: Incineroar|Flare Blitz|p1b: Decidueye
|-supereffective|p1b: Decidueye
|-damage|p1b: Decidueye|0 fnt
|faint|p1b: Decidueye
|-damage|p2b: Incineroar|50/100|[from] Recoil
|
|-weather|Snowscape|[upkeep]
|upkeep
|
|t:|1757747097
|switch|p1b: Incineroar|Incineroar, L50, F, tera:Ghost|100/100
|-ability|p1b: Incineroar|Intimidate|boost
|-unboost|p2a: Rabsca|atk|1
|-unboost|p2b: Incineroar|atk|1
|turn|5
|inactive|wester7 has 30 seconds left.
|
|t:|1757747128
|move|p1b: Incineroar|Fake Out|p2a: Rabsca
|-crit|p2a: Rabsca
|-damage|p2a: Rabsca|74/100
|move|p1a: TheFuckYouGuy|Close Combat|p2b: Incineroar
|-damage|p2b: Incineroar|0 fnt
|-unboost|p1a: TheFuckYouGuy|def|1
|-unboost|p1a: TheFuckYouGuy|spd|1
|faint|p2b: Incineroar
|cant|p2a: Rabsca|flinch
|
|-weather|none
|upkeep
|
|t:|1757747144
|switch|p2b: Ninetales|Ninetales-Alola, L50, F|100/100
|-weather|Snowscape|[from] ability: Snow Warning|[of] p2b: Ninetales
|turn|6
|
|t:|1757747172
|move|p1a: TheFuckYouGuy|Protect|p1a: TheFuckYouGuy
|-singleturn|p1a: TheFuckYouGuy|Protect
|move|p2b: Ninetales|Aurora Veil|p2b: Ninetales
|-sidestart|p2: wester7|move: Aurora Veil
|move|p1b: Incineroar|Knock Off|p2b: Ninetales
|-resisted|p2b: Ninetales
|-damage|p2b: Ninetales|88/100
|-enditem|p2b: Ninetales|Focus Sash|[from] move: Knock Off|[of] p1b: Incineroar
|move|p2a: Rabsca|Psychic|p1a: TheFuckYouGuy
|-activate|p1a: TheFuckYouGuy|move: Protect
|
|-weather|Snowscape|[upkeep]
|upkeep
|turn|7
|inactive|wester7 has 30 seconds left.
|inactive|wester7 has 20 seconds left.
|inactive|wester7 has 15 seconds left.
|inactive|wester7 has 10 seconds left.
|
|t:|1757747219
|switch|p2b: Orthworm|Orthworm, L50, F|83/100
|move|p1a: TheFuckYouGuy|Dire Claw|p2b: Orthworm
|-immune|p2b: Orthworm
|move|p1b: Incineroar|Knock Off|p2b: Orthworm
|-crit|p2b: Orthworm
|-damage|p2b: Orthworm|56/100
|move|p2a: Rabsca|Psychic|p1a: TheFuckYouGuy
|-supereffective|p1a: TheFuckYouGuy
|-enditem|p1a: TheFuckYouGuy|Focus Sash
|-damage|p1a: TheFuckYouGuy|1/100
|
|-weather|Snowscape|[upkeep]
|upkeep
|turn|8
|inactive|wester7 has 30 seconds left.
|
|t:|1757747250
|move|p1a: TheFuckYouGuy|Close Combat|p2b: Orthworm
|-supereffective|p2b: Orthworm
|-damage|p2b: Orthworm|0 fnt
|-unboost|p1a: TheFuckYouGuy|def|1
|-unboost|p1a: TheFuckYouGuy|spd|1
|faint|p2b: Orthworm
|move|p1b: Incineroar|Knock Off|p2a: Rabsca
|-supereffective|p2a: Rabsca
|-damage|p2a: Rabsca|23/100
|-enditem|p2a: Rabsca|Safety Goggles|[from] move: Knock Off|[of] p1b: Incineroar
|move|p2a: Rabsca|Revival Blessing|p2a: Rabsca
|
|t:|1757747257
|-heal|p2: Incineroar|50/100|[from] move: Revival Blessing
|
|-weather|Snowscape|[upkeep]
|upkeep
|
|t:|1757747264
|switch|p2b: Incineroar|Incineroar, L50, M|50/100
|-ability|p2b: Incineroar|Intimidate|boost
|-unboost|p1a: TheFuckYouGuy|atk|1
|-unboost|p1b: Incineroar|atk|1
|turn|9
|inactive|wester7 has 30 seconds left.
|
|t:|1757747294
|move|p1a: TheFuckYouGuy|Protect|p1a: TheFuckYouGuy
|-singleturn|p1a: TheFuckYouGuy|Protect
|move|p1b: Incineroar|Taunt|p2a: Rabsca
|-start|p2a: Rabsca|move: Taunt
|move|p2b: Incineroar|Knock Off|p1b: Incineroar
|-supereffective|p1b: Incineroar
|-damage|p1b: Incineroar|23/100
|-enditem|p1b: Incineroar|Safety Goggles|[from] move: Knock Off|[of] p2b: Incineroar
|move|p2a: Rabsca|Psychic|p1b: Incineroar
|-damage|p1b: Incineroar|0 fnt
|faint|p1b: Incineroar
|
|-weather|Snowscape|[upkeep]
|upkeep
|
|t:|1757747301
|switch|p1b: Garchomp|Garchomp, L50, M|100/100
|turn|10
|
|t:|1757747323
|move|p1a: TheFuckYouGuy|Close Combat|p2b: Incineroar
|-supereffective|p2b: Incineroar
|-damage|p2b: Incineroar|6/100
|-unboost|p1a: TheFuckYouGuy|def|1
|-unboost|p1a: TheFuckYouGuy|spd|1
|-status|p2b: Incineroar|psn|[from] ability: Poison Touch|[of] p1a: TheFuckYouGuy
|move|p1b: Garchomp|Scale Shot|p2a: Rabsca|[miss]
|-miss|p1b: Garchomp|p2a: Rabsca
|move|p2b: Incineroar|U-turn|p1a: TheFuckYouGuy
|-resisted|p1a: TheFuckYouGuy
|-damage|p1a: TheFuckYouGuy|0 fnt
|faint|p1a: TheFuckYouGuy
|
|t:|1757747333
|switch|p2b: Ninetales|Ninetales-Alola, L50, F|88/100|[from] U-turn
|move|p2a: Rabsca|Psychic|p1b: Garchomp
|-damage|p1b: Garchomp|54/100
|
|-weather|none
|-sideend|p2: wester7|move: Aurora Veil
|upkeep
|turn|11
|-message|CretaceousDraconid forfeited.
|
|win|wester7
||CretaceousDraconid is ready for game 2.
||wester7 is ready for game 2.
|uhtml|next|Next: Game 2 of 3
