|j|☆VenuDaAscoInRain
|j|☆ner0_05
|html|VenuDaAscoInRainner0_05    
|uhtml|bestof|Game 1 of a best-of-3
|t:|1783066252
|gametype|doubles
|player|p1|VenuDaAscoInRain|li|1160
|player|p2|ner0_05|102|1185
|gen|9
|tier|[Gen 9 Champions] VGC 2026 Reg M-B (Bo3)
|rated|
|rule|Species Clause: Limit one of each Pokémon
|rule|Item Clause: Limit 1 of each item
|clearpoke
|poke|p1|Pelipper, L50, M, shiny|
|poke|p1|Swampert, L50, M|
|poke|p1|Archaludon, L50, M, shiny|
|poke|p1|Grimmsnarl, L50, M, shiny|
|poke|p1|Venusaur, L50, M, shiny|
|poke|p1|Sneasler, L50, M, shiny|
|poke|p2|Swampert, L50, M|
|poke|p2|Sinistcha, L50|
|poke|p2|Archaludon, L50, M|
|poke|p2|Pelipper, L50, F|
|poke|p2|Dragalge, L50, M|
|poke|p2|Grimmsnarl, L50, M|
|teampreview|4
|showteam|p1|Pelipper||FocusSash|Drizzle|WeatherBall,Hurricane,Tailwind,Protect|Modest||M|||50|]Swampert||Swampertite|Torrent|WaveCrash,IcePunch,HighHorsepower,Protect|Adamant||M|||50|]Archaludon||Leftovers|Stamina|ElectroShot,FlashCannon,DragonPulse,Protect|Modest||M|||50|]Grimmsnarl||RoseliBerry|Prankster|SpiritBreak,PartingShot,Reflect,LightScreen|Careful||M|||50|]Venusaur||Venusaurite|Chlorophyll|SludgeBomb,GigaDrain,EarthPower,SleepPowder|Modest||M|||50|]Sneasler||WhiteHerb|Unburden|DireClaw,CloseCombat,FakeOut,RockTomb|Jolly||M|||50|
|showteam|p2|Swampert||Swampertite|Torrent|Protect,WaveCrash,Earthquake,KnockOff|Adamant||M|||50|]Sinistcha||SitrusBerry|Hospitality|Protect,MatchaGotcha,TrickRoom,RagePowder|Bold|||||50|]Archaludon||Leftovers|Stamina|Protect,ElectroShot,FlashCannon,AuraSphere|Modest||M|||50|]Pelipper||LifeOrb|Drizzle|WeatherBall,Hurricane,WideGuard,Protect|Modest||F|||50|]Dragalge||Dragalgite|Adaptability|Protect,SludgeBomb,DracoMeteor,SludgeWave|Calm||M|||50|]Grimmsnarl||LightClay|Prankster|Reflect,LightScreen,PartingShot,SpiritBreak|Careful||M|||50|
|inactive|Battle timer is ON: inactive players will automatically lose when time's up. (requested by VenuDaAscoInRain)
|inactive|VenuDaAscoInRain has 60 seconds left.
|inactive|ner0_05 has 60 seconds left.
|
|t:|1783066291
|teamsize|p1|4
|teamsize|p2|4
|start
|switch|p1a: Venusaur|Venusaur, L50, M, shiny|100/100
|switch|p1b: Archaludon|Archaludon, L50, M, shiny|100/100
|switch|p2a: Swampert|Swampert, L50, M|100/100
|switch|p2b: Grimmsnarl|Grimmsnarl, L50, M|100/100
|turn|1
|inactive|ner0_05 has 30 seconds left.
|
|t:|1783066319
|detailschange|p1a: Venusaur|Venusaur-Mega, L50, M, shiny
|-mega|p1a: Venusaur|Venusaur|Venusaurite
|detailschange|p2a: Swampert|Swampert-Mega, L50, M
|-mega|p2a: Swampert|Swampert|Swampertite
|move|p2a: Swampert|Protect|p2a: Swampert
|-singleturn|p2a: Swampert|Protect
|move|p1b: Archaludon|Protect|p1b: Archaludon
|-singleturn|p1b: Archaludon|Protect
|move|p2b: Grimmsnarl|Light Screen|p2b: Grimmsnarl
|-sidestart|p2: ner0_05|move: Light Screen
|move|p1a: Venusaur|Sleep Powder|p2b: Grimmsnarl|[miss]
|-miss|p1a: Venusaur|p2b: Grimmsnarl
|
|upkeep
|turn|2
|inactive|ner0_05 has 30 seconds left.
|
|t:|1783066349
|switch|p1b: Grimmsnarl|Grimmsnarl, L50, M, shiny|100/100
|move|p2b: Grimmsnarl|Parting Shot|p1a: Venusaur
|-unboost|p1a: Venusaur|atk|1
|-unboost|p1a: Venusaur|spa|1
|
|t:|1783066353
|switch|p2b: Pelipper|Pelipper, L50, F|100/100|[from] Parting Shot
|-weather|RainDance|[from] ability: Drizzle|[of] p2b: Pelipper
|move|p2a: Swampert|Earthquake|p1a: Venusaur|[spread] p1a,p1b
|-immune|p2b: Pelipper
|-damage|p1a: Venusaur|66/100
|-damage|p1b: Grimmsnarl|46/100
|move|p1a: Venusaur|Sleep Powder|p2a: Swampert
|-status|p2a: Swampert|slp|[from] move: Sleep Powder
|
|-weather|RainDance|[upkeep]
|upkeep
|turn|3
|inactive|ner0_05 has 30 seconds left.
|
|t:|1783066381
|switch|p2a: Archaludon|Archaludon, L50, M|100/100
|switch|p1a: Archaludon|Archaludon, L50, M, shiny|100/100
|move|p1b: Grimmsnarl|Light Screen|p1b: Grimmsnarl
|-sidestart|p1: VenuDaAscoInRain|move: Light Screen
|move|p2b: Pelipper|Hurricane|p1a: Archaludon
|-resisted|p1a: Archaludon|1
|-damage|p1a: Archaludon|79/100
|-ability|p1a: Archaludon|Stamina|boost
|-boost|p1a: Archaludon|def|1
|-damage|p2b: Pelipper|90/100|[from] item: Life Orb
|
|-weather|RainDance|[upkeep]
|-heal|p1a: Archaludon|85/100|[from] item: Leftovers
|upkeep
|turn|4
|
|t:|1783066405
|switch|p2b: Swampert|Swampert-Mega, L50, M|100/100 slp
|move|p1b: Grimmsnarl|Parting Shot|p2a: Archaludon
|-unboost|p2a: Archaludon|atk|1
|-unboost|p2a: Archaludon|spa|1
|
|t:|1783066409
|switch|p1b: Venusaur|Venusaur-Mega, L50, M, shiny|66/100|[from] Parting Shot
|move|p2a: Archaludon|Electro Shot||[still]
|-prepare|p2a: Archaludon|Electro Shot
|-boost|p2a: Archaludon|spa|1
|-anim|p2a: Archaludon|Electro Shot|p1a: Archaludon
|-resisted|p1a: Archaludon|1
|-crit|p1a: Archaludon
|-damage|p1a: Archaludon|54/100
|-ability|p1a: Archaludon|Stamina|boost
|-boost|p1a: Archaludon|def|1
|move|p1a: Archaludon|Electro Shot||[still]
|-prepare|p1a: Archaludon|Electro Shot
|-boost|p1a: Archaludon|spa|1
|-anim|p1a: Archaludon|Electro Shot|p2b: Swampert
|-immune|p2b: Swampert
|
|-weather|RainDance|[upkeep]
|-heal|p1a: Archaludon|60/100|[from] item: Leftovers
|upkeep
|turn|5
|inactive|ner0_05 has 30 seconds left.
|
|t:|1783066435
|switch|p2b: Grimmsnarl|Grimmsnarl, L50, M|100/100
|move|p2a: Archaludon|Electro Shot||[still]
|-prepare|p2a: Archaludon|Electro Shot
|-boost|p2a: Archaludon|spa|1
|-anim|p2a: Archaludon|Electro Shot|p1b: Venusaur
|-resisted|p1b: Venusaur|1
|-damage|p1b: Venusaur|50/100g
|move|p1a: Archaludon|Dragon Pulse|p2b: Grimmsnarl
|-immune|p2b: Grimmsnarl
|move|p1b: Venusaur|Giga Drain|p2b: Grimmsnarl
|-damage|p2b: Grimmsnarl|79/100
|-heal|p1b: Venusaur|61/100|[from] drain|[of] p2b: Grimmsnarl
|
|-weather|RainDance|[upkeep]
|-heal|p1a: Archaludon|67/100|[from] item: Leftovers
|upkeep
|turn|6
|inactive|ner0_05 has 30 seconds left.
|inactive|ner0_05 has 20 seconds left.
|inactive|ner0_05 has 15 seconds left.
|inactive|ner0_05 has 10 seconds left.
|
|t:|1783066484
|move|p2b: Grimmsnarl|Parting Shot|p1a: Archaludon
|-unboost|p1a: Archaludon|atk|1
|-unboost|p1a: Archaludon|spa|1
|
|t:|1783066488
|switch|p2b: Swampert|Swampert-Mega, L50, M|100/100 slp|[from] Parting Shot
|move|p2a: Archaludon|Electro Shot||[still]
|-prepare|p2a: Archaludon|Electro Shot
|-boost|p2a: Archaludon|spa|1
|-anim|p2a: Archaludon|Electro Shot|p1b: Venusaur
|-resisted|p1b: Venusaur|1
|-damage|p1b: Venusaur|38/100
|move|p1a: Archaludon|Electro Shot||[still]
|-prepare|p1a: Archaludon|Electro Shot
|-boost|p1a: Archaludon|spa|1
|-anim|p1a: Archaludon|Electro Shot|p2b: Swampert
|-immune|p2b: Swampert
|move|p1b: Venusaur|Sleep Powder|p2a: Archaludon
|-status|p2a: Archaludon|slp|[from] move: Sleep Powder
|
|-weather|none
|-heal|p1a: Archaludon|73/100|[from] item: Leftovers
|upkeep
|turn|7
|inactive|ner0_05 has 30 seconds left.
|inactive|ner0_05 has 20 seconds left.
|
|t:|1783066527
|switch|p2b: Grimmsnarl|Grimmsnarl, L50, M|79/100
|cant|p2a: Archaludon|slp
|move|p1a: Archaludon|Electro Shot||[still]
|-prepare|p1a: Archaludon|Electro Shot
|-boost|p1a: Archaludon|spa|1
|move|p1b: Venusaur|Giga Drain|p2b: Grimmsnarl
|-damage|p2b: Grimmsnarl|58/100
|-heal|p1b: Venusaur|50/100g|[from] drain|[of] p2b: Grimmsnarl
|
|-heal|p1a: Archaludon|79/100|[from] item: Leftovers
|-sideend|p1: VenuDaAscoInRain|move: Light Screen
|upkeep
|turn|8
|inactive|ner0_05 has 30 seconds left.
|inactive|VenuDaAscoInRain has 30 seconds left.
|
|t:|1783066568
|move|p2b: Grimmsnarl|Parting Shot|p1b: Venusaur
|-unboost|p1b: Venusaur|atk|1
|-unboost|p1b: Venusaur|spa|1
|
|t:|1783066571
|switch|p2b: Swampert|Swampert-Mega, L50, M|100/100 slp|[from] Parting Shot
|-curestatus|p2a: Archaludon|slp|[msg]
|move|p2a: Archaludon|Aura Sphere|p1a: Archaludon
|-supereffective|p1a: Archaludon|1
|-crit|p1a: Archaludon
|-damage|p1a: Archaludon|0 fnt
|faint|p1a: Archaludon
|move|p1b: Venusaur|Giga Drain|p2b: Swampert
|-supereffective|p2b: Swampert|2
|-damage|p2b: Swampert|40/100 slp
|-heal|p1b: Venusaur|80/100|[from] drain|[of] p2b: Swampert
|
|-sideend|p2: ner0_05|move: Light Screen
|upkeep
|
|t:|1783066578
|switch|p1a: Grimmsnarl|Grimmsnarl, L50, M, shiny|46/100
|turn|9
|
|t:|1783066594
|switch|p2b: Grimmsnarl|Grimmsnarl, L50, M|58/100
|move|p2a: Archaludon|Protect|p2a: Archaludon
|-singleturn|p2a: Archaludon|Protect
|move|p1a: Grimmsnarl|Parting Shot|p2a: Archaludon
|-activate|p2a: Archaludon|move: Protect
|move|p1b: Venusaur|Giga Drain|p2b: Grimmsnarl
|-damage|p2b: Grimmsnarl|38/100
|-heal|p1b: Venusaur|90/100|[from] drain|[of] p2b: Grimmsnarl
|
|upkeep
|turn|10
|
|t:|1783066611
|move|p2b: Grimmsnarl|Light Screen|p2b: Grimmsnarl
|-sidestart|p2: ner0_05|move: Light Screen
|move|p2a: Archaludon|Flash Cannon|p1b: Venusaur
|-damage|p1b: Venusaur|29/100
|move|p1b: Venusaur|Sleep Powder|p2a: Archaludon
|-status|p2a: Archaludon|slp|[from] move: Sleep Powder
|move|p1a: Grimmsnarl|Spirit Break|p2b: Grimmsnarl
|-supereffective|p2b: Grimmsnarl|1
|-damage|p2b: Grimmsnarl|0 fnt
|faint|p2b: Grimmsnarl
|
|upkeep
|
|t:|1783066624
|switch|p2b: Swampert|Swampert-Mega, L50, M|40/100 slp
|turn|11
|
|t:|1783066630
|cant|p2b: Swampert|slp
|move|p1a: Grimmsnarl|Parting Shot|p2a: Archaludon
|-unboost|p2a: Archaludon|atk|1
|-unboost|p2a: Archaludon|spa|1
|
|t:|1783066634
|switch|p1a: Pelipper|Pelipper, L50, M, shiny|100/100|[from] Parting Shot
|-weather|RainDance|[from] ability: Drizzle|[of] p1a: Pelipper
|cant|p2a: Archaludon|slp
|move|p1b: Venusaur|Giga Drain|p2b: Swampert
|-supereffective|p2b: Swampert|2
|-damage|p2b: Swampert|0 fnt
|-heal|p1b: Venusaur|50/100g|[from] drain|[of] p2b: Swampert
|faint|p2b: Swampert
|
|-weather|RainDance|[upkeep]
|upkeep
|
|t:|1783066641
|switch|p2b: Pelipper|Pelipper, L50, F|90/100
|turn|12
|inactive|ner0_05 has 30 seconds left.
|
|t:|1783066667
|move|p2b: Pelipper|Protect|p2b: Pelipper
|-singleturn|p2b: Pelipper|Protect
|move|p1a: Pelipper|Tailwind|p1a: Pelipper
|-sidestart|p1: VenuDaAscoInRain|move: Tailwind
|move|p1b: Venusaur|Sleep Powder|p2b: Pelipper
|-activate|p2b: Pelipper|move: Protect
|cant|p2a: Archaludon|slp
|
|-weather|RainDance|[upkeep]
|upkeep
|turn|13
|
|t:|1783066680
|switch|p1b: Grimmsnarl|Grimmsnarl, L50, M, shiny|46/100
|move|p1a: Pelipper|Hurricane|p2b: Pelipper
|-damage|p2b: Pelipper|43/100
|-curestatus|p2a: Archaludon|slp|[msg]
|move|p2a: Archaludon|Flash Cannon|p1b: Grimmsnarl
|-supereffective|p1b: Grimmsnarl|1
|-crit|p1b: Grimmsnarl
|-damage|p1b: Grimmsnarl|0 fnt
|faint|p1b: Grimmsnarl
|move|p2b: Pelipper|Hurricane|p1a: Pelipper
|-enditem|p1a: Pelipper|Focus Sash
|-damage|p1a: Pelipper|1/100
|-start|p1a: Pelipper|confusion
|-damage|p2b: Pelipper|33/100|[from] item: Life Orb
|
|-weather|RainDance|[upkeep]
|upkeep
|
|t:|1783066688
|switch|p1b: Venusaur|Venusaur-Mega, L50, M, shiny|50/100g
|turn|14
|
|t:|1783066697
|move|p2b: Pelipper|Protect|p2b: Pelipper
|-singleturn|p2b: Pelipper|Protect
|-activate|p1a: Pelipper|confusion
|move|p1a: Pelipper|Hurricane|p2b: Pelipper
|-activate|p2b: Pelipper|move: Protect
|move|p1b: Venusaur|Sleep Powder|p2a: Archaludon
|-status|p2a: Archaludon|slp|[from] move: Sleep Powder
|cant|p2a: Archaludon|slp
|
|-weather|RainDance|[upkeep]
|upkeep
|turn|15
|
|t:|1783066711
|-activate|p1a: Pelipper|confusion
|-damage|p1a: Pelipper|0 fnt|[from] confusion
|faint|p1a: Pelipper
|move|p1b: Venusaur|Earth Power|p2a: Archaludon
|-supereffective|p2a: Archaludon|1
|-damage|p2a: Archaludon|59/100 slp
|-ability|p2a: Archaludon|Stamina|boost
|-boost|p2a: Archaludon|def|1
|cant|p2a: Archaludon|slp
|move|p2b: Pelipper|Hurricane|p1b: Venusaur
|-supereffective|p1b: Venusaur|1
|-damage|p1b: Venusaur|0 fnt
|faint|p1b: Venusaur
|-damage|p2b: Pelipper|23/100|[from] item: Life Orb
|
|win|ner0_05
