|j|☆viatles
|j|☆Phx5.0
|html|viatlesPhx5.0    
|uhtml|bestof|Game 2 of a best-of-3
|t:|1785723584
|gametype|doubles
|player|p1|viatles|hiker|1098
|player|p2|Phx5.0|interviewers|1000
|gen|9
|tier|[Gen 9 Champions] VGC 2026 Reg M-B (Bo3)
|rated|
|rule|Species Clause: Limit one of each Pokémon
|rule|Item Clause: Limit 1 of each item
|clearpoke
|poke|p1|Beedrill, L50, F, shiny|
|poke|p1|Milotic, L50, F, shiny|
|poke|p1|Farigiraf, L50, F|
|poke|p1|Palafin, L50, M|
|poke|p1|Sableye, L50, M|
|poke|p1|Raichu, L50, F|
|poke|p2|Talonflame, L50, F|
|poke|p2|Garchomp, L50, F|
|poke|p2|Basculegion, L50, M|
|poke|p2|Rotom-Mow, L50|
|poke|p2|Farigiraf, L50, F|
|poke|p2|Raichu, L50, M|
|teampreview|4
|showteam|p1|Beedrill||Beedrillite|Swarm|Uturn,DrillRun,PoisonJab,Protect|Jolly||F|||50|]Milotic||Leftovers|Competitive|IceBeam,Scald,Protect,Recover|Bold||F|||50|]Farigiraf||SitrusBerry|ArmorTail|TrickRoom,Thunderbolt,TwinBeam,RainDance|Bold||F|||50|]Palafin||MysticWater|ZerotoHero|JetPunch,WaveCrash,Protect,DrainPunch|Adamant||M|||50|]Sableye||RoseliBerry|Prankster|FakeOut,FoulPlay,RainDance,Quash|Sassy||M|||50|]Raichu||RaichuniteY|LightningRod|FakeOut,ZapCannon,FocusBlast,Protect|Timid||F|||50|
|showteam|p2|Talonflame||WideLens|GaleWings|BraveBird,Tailwind,FlareBlitz,WillOWisp|Jolly||F|||50|]Garchomp||LifeOrb|RoughSkin|Earthquake,StompingTantrum,DragonClaw,Protect|Jolly||F|||50|]Basculegion||ChoiceScarf|Adaptability|WaveCrash,LastRespects,FlipTurn,AquaJet|Jolly||M|||50|]Rotom-Mow||WhiteHerb|Levitate|Discharge,Thunderbolt,LeafStorm,Protect|Serious|||||50|]Farigiraf||LumBerry|ArmorTail|Psychic,HyperVoice,NastyPlot,Protect|Serious||F|||50|]Raichu||RaichuniteY|Static|ZapCannon,FocusBlast,Protect,FakeOut|Timid||M|||50|
|inactive|Battle timer is ON: inactive players will automatically lose when time's up. (requested by viatles)
|inactive|viatles has 60 seconds left.
|inactive|Phx5.0 has 60 seconds left.
|inactive|Phx5.0 has 30 seconds left.
|
|t:|1785723655
|teamsize|p1|4
|teamsize|p2|4
|start
|switch|p1a: Raichu|Raichu, L50, F|100/100
|switch|p1b: Sableye|Sableye, L50, M|100/100
|switch|p2a: Basculegion|Basculegion, L50, M|100/100
|switch|p2b: Garchomp|Garchomp, L50, F|100/100
|turn|1
|inactive|Phx5.0 has 30 seconds left.
|inactive|Phx5.0 has 20 seconds left.
|
|t:|1785723691
|move|p1a: Raichu|Fake Out|p2b: Garchomp
|-damage|p2b: Garchomp|92/100
|-damage|p1a: Raichu|88/100|[from] ability: Rough Skin|[of] p2b: Garchomp
|move|p2a: Basculegion|Wave Crash|p1a: Raichu
|-damage|p1a: Raichu|0 fnt
|faint|p1a: Raichu
|-damage|p2a: Basculegion|74/100|[from] Recoil
|cant|p2b: Garchomp|flinch
|move|p1b: Sableye|Foul Play|p2a: Basculegion
|-supereffective|p2a: Basculegion|1
|-damage|p2a: Basculegion|0 fnt
|faint|p2a: Basculegion
|
|upkeep
|
|t:|1785723714
|switch|p1a: Wife's favorite|Palafin, L50, M|100/100
|switch|p2a: Raichu|Raichu, L50, M|100/100
|turn|2
|
|t:|1785723734
|detailschange|p2a: Raichu|Raichu-Mega-Y, L50, M
|-mega|p2a: Raichu|Raichu|Raichunite Y
|move|p1a: Wife's favorite|Protect|p1a: Wife's favorite
|-singleturn|p1a: Wife's favorite|Protect
|move|p2a: Raichu|Zap Cannon|p1a: Wife's favorite
|-activate|p1a: Wife's favorite|move: Protect
|move|p2b: Garchomp|Dragon Claw|p1b: Sableye
|-damage|p1b: Sableye|22/100
|-damage|p2b: Garchomp|82/100|[from] item: Life Orb
|move|p1b: Sableye|Foul Play|p2a: Raichu
|-damage|p2a: Raichu|43/100
|
|upkeep
|turn|3
|inactive|viatles has 30 seconds left.
|
|t:|1785723760
|move|p1b: Sableye|Quash|p2a: Raichu
|-activate|p2a: Raichu|move: Quash
|move|p2b: Garchomp|Dragon Claw|p1b: Sableye
|-damage|p1b: Sableye|0 fnt
|faint|p1b: Sableye
|-damage|p2b: Garchomp|72/100|[from] item: Life Orb
|move|p1a: Wife's favorite|Wave Crash|p2a: Raichu
|-damage|p2a: Raichu|0 fnt
|faint|p2a: Raichu
|-damage|p1a: Wife's favorite|90/100|[from] Recoil
|
|upkeep
|
|t:|1785723774
|switch|p2a: Rotom|Rotom-Mow, L50|100/100
|switch|p1b: Pentious|Milotic, L50, F, shiny|100/100
|turn|4
|
|t:|1785723787
|move|p1a: Wife's favorite|Jet Punch|p2a: Rotom
|-resisted|p2a: Rotom|1
|-damage|p2a: Rotom|81/100
|move|p2b: Garchomp|Earthquake|p1a: Wife's favorite|[spread] p1a,p1b
|-immune|p2a: Rotom|[from] ability: Levitate
|-damage|p1a: Wife's favorite|35/100
|-damage|p1b: Pentious|56/100
|-damage|p2b: Garchomp|62/100|[from] item: Life Orb
|move|p2a: Rotom|Discharge|p1b: Pentious|[spread] p1a,p1b
|-immune|p2b: Garchomp
|-supereffective|p1a: Wife's favorite|1
|-supereffective|p1b: Pentious|1
|-damage|p1a: Wife's favorite|0 fnt
|-damage|p1b: Pentious|16/100
|faint|p1a: Wife's favorite
|move|p1b: Pentious|Ice Beam|p2a: Rotom
|-supereffective|p2a: Rotom|1
|-damage|p2a: Rotom|21/100
|-status|p2a: Rotom|frz
|
|-heal|p1b: Pentious|22/100|[from] item: Leftovers
|upkeep
|turn|5
|inactive|Phx5.0 has 30 seconds left.
|inactive|Phx5.0 has 20 seconds left.
|
|t:|1785723824
|move|p1b: Pentious|Protect|p1b: Pentious
|-singleturn|p1b: Pentious|Protect
|move|p2b: Garchomp|Stomping Tantrum|p1b: Pentious
|-activate|p1b: Pentious|move: Protect
|cant|p2a: Rotom|frz
|
|-heal|p1b: Pentious|28/100|[from] item: Leftovers
|upkeep
|turn|6
|
|t:|1785723840
|move|p2b: Garchomp|Stomping Tantrum|p1b: Pentious
|-damage|p1b: Pentious|0 fnt
|faint|p1b: Pentious
|-damage|p2b: Garchomp|53/100|[from] item: Life Orb
|
|win|Phx5.0
|raw|viatles's rating: 1098 → 1067(-31 for losing)
|raw|Phx5.0's rating: 1000 → 1051(+51 for winning)
|c|☆viatles|ggs wp
