|j|‚ėÜtiaole123
|j|‚ėÜRiceOverNight
|html|tiaole123RiceOverNight    
|uhtml|bestof|Game 1 of a best-of-3
|t:|1785334842
|gametype|doubles
|player|p1|tiaole123|#smogonxnpa2026draftee2|
|player|p2|RiceOverNight|1|
|gen|9
|tier|[Gen 9 Champions] VGC 2026 Reg M-B (Bo3)
|rule|Species Clause: Limit one of each Pok√©mon
|rule|Item Clause: Limit 1 of each item
|clearpoke
|poke|p1|Tyranitar, L50, M|
|poke|p1|Excadrill, L50, F|
|poke|p1|Gholdengo, L50|
|poke|p1|Sinistcha, L50|
|poke|p1|Milotic, L50, F|
|poke|p1|Staraptor, L50, M|
|poke|p2|Venusaur, L50, M|
|poke|p2|Charizard, L50, M|
|poke|p2|Grimmsnarl, L50, M|
|poke|p2|Archaludon, L50, F|
|poke|p2|Basculegion, L50, M|
|poke|p2|Pelipper, L50, F|
|teampreview|4
|showteam|p1|Tyranitar||Tyranitarite|SandStream|RockSlide,KnockOff,LowKick,Protect|Jolly||M|||50|]Excadrill||FocusSash|SandRush|IronHead,HighHorsepower,RockSlide,Protect|Adamant||F|||50|]Gholdengo||LifeOrb|GoodasGold|ShadowBall,MakeItRain,NastyPlot,Protect|Modest|||||50|]Sinistcha||ColburBerry|Hospitality|MatchaGotcha,RagePowder,TrickRoom,Protect|Bold|||||50|]Milotic||SitrusBerry|Competitive|Scald,IcyWind,IceBeam,Protect|Calm||F|||50|]Staraptor||Staraptite|Intimidate|BraveBird,CloseCombat,Tailwind,Protect|Jolly||M|||50|
|showteam|p2|Venusaur||FocusSash|Chlorophyll|SludgeBomb,EarthPower,SleepPowder,Protect|Modest||M|||50|]Charizard||CharizarditeY|Blaze|Protect,HeatWave,SolarBeam,WeatherBall|Modest||M|||50|]Grimmsnarl||LightClay|Prankster|SpiritBreak,LightScreen,Reflect,PartingShot|Sassy||M|||50|]Archaludon||Leftovers|Stamina|ElectroShot,DragonPulse,FlashCannon,Protect|Calm||F|||50|]Basculegion||ChoiceScarf|Adaptability|WaveCrash,LastRespects,AquaJet,FlipTurn|Jolly||M|||50|]Pelipper||SitrusBerry|Drizzle|Hurricane,WeatherBall,Tailwind,WideGuard|Modest||F|||50|
|j| r1111111111
|c|‚ėÜRiceOverNight|OK
|c|‚ėÜRiceOverNight|ťĖčŚõČ?
|j| Haewonlove
|c|‚ėÜtiaole123|ťÉĹŤ°Ć
|inactive|Battle timer is ON: inactive players will automatically lose when time's up. (requested by RiceOverNight)
|
|t:|1785334938
|teamsize|p1|4
|teamsize|p2|4
|start
|switch|p1a: Staraptor|Staraptor, L50, M|100/100
|switch|p1b: Gholdengo|Gholdengo, L50|100/100
|switch|p2a: Charizard|Charizard, L50, M|100/100
|switch|p2b: Venusaur|Venusaur, L50, M|100/100
|-ability|p1a: Staraptor|Intimidate|boost
|-unboost|p2a: Charizard|atk|1
|-unboost|p2b: Venusaur|atk|1
|turn|1
|inactive|RiceOverNight has 30 seconds left.
|
|t:|1785334963
|detailschange|p1a: Staraptor|Staraptor-Mega, L50, M
|-mega|p1a: Staraptor|Staraptor|Staraptite
|detailschange|p2a: Charizard|Charizard-Mega-Y, L50, M
|-mega|p2a: Charizard|Charizard|Charizardite Y
|-weather|SunnyDay|[from] ability: Drought|[of] p2a: Charizard
|move|p1a: Staraptor|Protect|p1a: Staraptor
|-singleturn|p1a: Staraptor|Protect
|move|p1b: Gholdengo|Protect|p1b: Gholdengo
|-singleturn|p1b: Gholdengo|Protect
|move|p2b: Venusaur|Sleep Powder|p1a: Staraptor
|-activate|p1a: Staraptor|move: Protect
|move|p2a: Charizard|Heat Wave|p1a: Staraptor|[spread] 
|-activate|p1a: Staraptor|move: Protect
|-activate|p1b: Gholdengo|move: Protect
|
|-weather|SunnyDay|[upkeep]
|upkeep
|turn|2
|inactive|RiceOverNight has 30 seconds left.
|inactive|RiceOverNight has 20 seconds left.
|
|t:|1785335002
|switch|p2a: Archaludon|Archaludon, L50, F|100/100
|switch|p1b: Tyranitar|Tyranitar, L50, M|100/100
|-weather|Sandstorm|[from] ability: Sand Stream|[of] p1b: Tyranitar
|move|p1a: Staraptor|Close Combat|p2a: Archaludon
|-supereffective|p2a: Archaludon|1
|-damage|p2a: Archaludon|10/100
|-boost|p1a: Staraptor|def|1
|-boost|p1a: Staraptor|spd|1
|-ability|p2a: Archaludon|Stamina|boost
|-boost|p2a: Archaludon|def|1
|move|p2b: Venusaur|Sleep Powder|p1a: Staraptor
|-status|p1a: Staraptor|slp|[from] move: Sleep Powder
|
|-weather|Sandstorm|[upkeep]
|-damage|p1a: Staraptor|93/100 slp|[from] Sandstorm
|-damage|p2b: Venusaur|94/100|[from] Sandstorm
|-heal|p2a: Archaludon|16/100|[from] item: Leftovers
|upkeep
|turn|3
|inactive|tiaole123 has 30 seconds left.
|inactive|RiceOverNight has 30 seconds left.
|
|t:|1785335033
|switch|p2b: Pelipper|Pelipper, L50, F|100/100
|-weather|RainDance|[from] ability: Drizzle|[of] p2b: Pelipper
|switch|p1b: Gholdengo|Gholdengo, L50|100/100
|cant|p1a: Staraptor|slp
|move|p2a: Archaludon|Electro Shot||[still]
|-prepare|p2a: Archaludon|Electro Shot
|-boost|p2a: Archaludon|spa|1
|-anim|p2a: Archaludon|Electro Shot|p1a: Staraptor
|-supereffective|p1a: Staraptor|1
|-damage|p1a: Staraptor|20/100y slp
|
|-weather|RainDance|[upkeep]
|-heal|p2a: Archaludon|22/100|[from] item: Leftovers
|upkeep
|turn|4
|inactive|tiaole123 has 30 seconds left.
|inactive|RiceOverNight has 30 seconds left.
|
|t:|1785335058
|switch|p2a: Venusaur|Venusaur, L50, M|94/100
|cant|p1a: Staraptor|slp
|move|p1b: Gholdengo|Shadow Ball|p2a: Venusaur
|-damage|p2a: Venusaur|28/100
|-unboost|p2a: Venusaur|spd|1
|-damage|p1b: Gholdengo|90/100|[from] item: Life Orb
|move|p2b: Pelipper|Weather Ball|p1a: Staraptor
|-damage|p1a: Staraptor|0 fnt
|faint|p1a: Staraptor
|
|-weather|RainDance|[upkeep]
|upkeep
|
|t:|1785335075
|switch|p1a: Tyranitar|Tyranitar, L50, M|100/100
|-weather|Sandstorm|[from] ability: Sand Stream|[of] p1a: Tyranitar
|turn|5
|inactive|RiceOverNight has 30 seconds left.
|inactive|tiaole123 has 30 seconds left.
|inactive|tiaole123 has 20 seconds left.
|inactive|tiaole123 has 15 seconds left.
|inactive|tiaole123 has 10 seconds left.
|
|t:|1785335125
|switch|p1a: Sinistcha|Sinistcha, L50|100/100
|-heal|p1b: Gholdengo|100/100|[from] ability: Hospitality|[of] p1a: Sinistcha
|move|p2b: Pelipper|Wide Guard|p2b: Pelipper
|-singleturn|p2b: Pelipper|Wide Guard
|move|p1b: Gholdengo|Shadow Ball|p2a: Venusaur
|-damage|p2a: Venusaur|0 fnt
|faint|p2a: Venusaur
|-damage|p1b: Gholdengo|90/100|[from] item: Life Orb
|
|-weather|Sandstorm|[upkeep]
|-damage|p2b: Pelipper|94/100|[from] Sandstorm
|-damage|p1a: Sinistcha|93/100|[from] Sandstorm
|upkeep
|
|t:|1785335138
|switch|p2a: Charizard|Charizard-Mega-Y, L50, M|100/100
|-weather|SunnyDay|[from] ability: Drought|[of] p2a: Charizard
|turn|6
|inactive|tiaole123 has 30 seconds left.
|inactive|RiceOverNight has 30 seconds left.
|inactive|tiaole123 has 20 seconds left.
|inactive|RiceOverNight has 20 seconds left.
|inactive|RiceOverNight has 15 seconds left.
|
|t:|1785335183
|switch|p1b: Tyranitar|Tyranitar, L50, M|100/100
|-weather|Sandstorm|[from] ability: Sand Stream|[of] p1b: Tyranitar
|move|p1a: Sinistcha|Protect|p1a: Sinistcha
|-singleturn|p1a: Sinistcha|Protect
|move|p2a: Charizard|Heat Wave|p1a: Sinistcha|[spread] p1b
|-activate|p1a: Sinistcha|move: Protect
|-resisted|p1b: Tyranitar|1
|-damage|p1b: Tyranitar|87/100
|move|p2b: Pelipper|Weather Ball|p1a: Sinistcha
|-activate|p1a: Sinistcha|move: Protect
|
|-weather|Sandstorm|[upkeep]
|-damage|p2a: Charizard|93/100|[from] Sandstorm
|-damage|p2b: Pelipper|88/100|[from] Sandstorm
|-damage|p1a: Sinistcha|87/100|[from] Sandstorm
|upkeep
|turn|7
|inactive|RiceOverNight has 30 seconds left.
|inactive|RiceOverNight has 20 seconds left.
|inactive|RiceOverNight has 15 seconds left.
|inactive|RiceOverNight has 10 seconds left.
|
|t:|1785335230
|switch|p2a: Archaludon|Archaludon, L50, F|22/100
|move|p1b: Tyranitar|Knock Off|p2b: Pelipper
|-damage|p2b: Pelipper|37/100
|-enditem|p2b: Pelipper|Sitrus Berry|[from] move: Knock Off|[of] p1b: Tyranitar
|move|p2b: Pelipper|Hurricane|p1a: Sinistcha
|-supereffective|p1a: Sinistcha|1
|-damage|p1a: Sinistcha|0 fnt
|faint|p1a: Sinistcha
|
|-weather|Sandstorm|[upkeep]
|-damage|p2b: Pelipper|31/100|[from] Sandstorm
|-heal|p2a: Archaludon|28/100|[from] item: Leftovers
|upkeep
|
|t:|1785335241
|switch|p1a: Gholdengo|Gholdengo, L50|90/100
|turn|8
|
|t:|1785335262
|move|p2a: Archaludon|Protect|p2a: Archaludon
|-singleturn|p2a: Archaludon|Protect
|move|p1a: Gholdengo|Shadow Ball|p2b: Pelipper
|-damage|p2b: Pelipper|0 fnt
|faint|p2b: Pelipper
|-damage|p1a: Gholdengo|81/100|[from] item: Life Orb
|move|p1b: Tyranitar|Knock Off|p2a: Archaludon
|-activate|p2a: Archaludon|move: Protect
|
|-weather|Sandstorm|[upkeep]
|-heal|p2a: Archaludon|35/100|[from] item: Leftovers
|upkeep
|
|t:|1785335273
|switch|p2b: Charizard|Charizard-Mega-Y, L50, M|93/100
|-weather|SunnyDay|[from] ability: Drought|[of] p2b: Charizard
|turn|9
|j| haxy0692
|
|t:|1785335293
|move|p1b: Tyranitar|Protect|p1b: Tyranitar
|-singleturn|p1b: Tyranitar|Protect
|move|p2b: Charizard|Heat Wave|p1a: Gholdengo|[spread] p1a
|-activate|p1b: Tyranitar|move: Protect
|-supereffective|p1a: Gholdengo|1
|-damage|p1a: Gholdengo|0 fnt
|faint|p1a: Gholdengo
|move|p2a: Archaludon|Flash Cannon|p1b: Tyranitar
|-activate|p1b: Tyranitar|move: Protect
|
|-weather|SunnyDay|[upkeep]
|-heal|p2a: Archaludon|41/100|[from] item: Leftovers
|upkeep
|turn|10
|
|t:|1785335308
|move|p2b: Charizard|Solar Beam||[still]
|-prepare|p2b: Charizard|Solar Beam
|-anim|p2b: Charizard|Solar Beam|p1b: Tyranitar
|-supereffective|p1b: Tyranitar|1
|-damage|p1b: Tyranitar|2/100
|move|p1b: Tyranitar|Rock Slide|p2b: Charizard|[spread] p2a,p2b
|-resisted|p2a: Archaludon|1
|-supereffective|p2b: Charizard|2
|-damage|p2a: Archaludon|30/100
|-damage|p2b: Charizard|0 fnt
|-ability|p2a: Archaludon|Stamina|boost
|-boost|p2a: Archaludon|def|1
|faint|p2b: Charizard
|cant|p2a: Archaludon|flinch
|
|-weather|SunnyDay|[upkeep]
|-heal|p2a: Archaludon|36/100|[from] item: Leftovers
|upkeep
|turn|11
|
|t:|1785335328
|move|p1b: Tyranitar|Low Kick|p2a: Archaludon
|-supereffective|p2a: Archaludon|1
|-damage|p2a: Archaludon|8/100
|-ability|p2a: Archaludon|Stamina|boost
|-boost|p2a: Archaludon|def|1
|move|p2a: Archaludon|Flash Cannon|p1b: Tyranitar
|-supereffective|p1b: Tyranitar|1
|-damage|p1b: Tyranitar|0 fnt
|faint|p1b: Tyranitar
|
|win|RiceOverNight
||tiaole123 is ready for game 2.
||RiceOverNight is ready for game 2.
|uhtml|next|Next: Game 2 of 3
|l| r1111111111
|l| Haewonlove
|j| Littlepak3
