|j|☆lofiandchil
|j|☆chamoy-pt2
|html|lofiandchilchamoy-pt2    
|uhtml|bestof|Game 3 of a best-of-3
|t:|1756491554
|gametype|doubles
|player|p1|lofiandchil|iris|1169
|player|p2|chamoy-pt2|riley|1110
|gen|9
|tier|[Gen 9] VGC 2025 Reg H (Bo3)
|rated|
|rule|Species Clause: Limit one of each Pokémon
|rule|Item Clause: Limit 1 of each item
|clearpoke
|poke|p1|Sneasler, L50, F|
|poke|p1|Baxcalibur, L50, M|
|poke|p1|Rillaboom, L50, M|
|poke|p1|Basculegion, L50, M|
|poke|p1|Volcarona, L50, M|
|poke|p1|Kingambit, L50, M|
|poke|p2|Incineroar, L50, M|
|poke|p2|Dragapult, L50, M|
|poke|p2|Whimsicott, L50, M|
|poke|p2|Typhlosion-Hisui, L50, M|
|poke|p2|Annihilape, L50, M|
|poke|p2|Indeedee, L50, M|
|teampreview|4
|showteam|p1|Sneasler||FocusSash|Unburden|CloseCombat,DireClaw,Coaching,FakeOut|||F|||50|,,,,,Stellar]Baxcalibur||LoadedDice|ThermalExchange|IcicleSpear,ScaleShot,IceShard,Protect|||M|||50|,,,,,Ghost]Rillaboom||MiracleSeed|GrassySurge|WoodHammer,GrassyGlide,Taunt,FakeOut|||M|||50|,,,,,Fire]Basculegion||ChoiceScarf|Adaptability|WaveCrash,FlipTurn,LastRespects,TeraBlast|||M|||50|,,,,,Fairy]Volcarona||CovertCloak|FlameBody|HeatWave,TeraBlast,QuiverDance,Protect|||M|||50|,,,,,Fairy]Kingambit||AssaultVest|Defiant|KowtowCleave,SuckerPunch,IronHead,LowKick|||M|||50|,,,,,Ghost
|showteam|p2|Incineroar||SafetyGoggles|Intimidate|FakeOut,PartingShot,KnockOff,FlareBlitz|||M|||50|,,,,,Water]Dragapult||ChoiceBand|ClearBody|DragonDarts,PhantomForce,SuckerPunch,Uturn|||M|||50|,,,,,Dragon]Whimsicott||CovertCloak|Prankster|Tailwind,Moonblast,SunnyDay,BeatUp|||M|||50|,,,,,Water]Typhlosion-Hisui||ChoiceSpecs|Blaze|Eruption,HeatWave,ShadowBall,Overheat|||M|||50|,,,,,Fire]Annihilape||SitrusBerry|Defiant|RageFist,DrainPunch,BulkUp,Protect|||M|||50|,,,,,Fire]Indeedee||FocusSash|PsychicSurge|ExpandingForce,HyperVoice,Imprison,Protect|||M|||50|,,,,,Psychic
|inactive|Battle timer is ON: inactive players will automatically lose when time's up. (requested by chamoy-pt2)
|inactive|lofiandchil has 60 seconds left.
|
|t:|1756491631
|teamsize|p1|4
|teamsize|p2|4
|start
|switch|p1a: Kingambit|Kingambit, L50, M|100/100
|switch|p1b: Volcarona|Volcarona, L50, M|100/100
|switch|p2a: Whimsicott|Whimsicott, L50, M|100/100
|switch|p2b: Typhlosion|Typhlosion-Hisui, L50, M|100/100
|turn|1
|
|t:|1756491655
|switch|p2a: Indeedee|Indeedee, L50, M|100/100
|-fieldstart|move: Psychic Terrain|[from] ability: Psychic Surge|[of] p2a: Indeedee
|-terastallize|p2b: Typhlosion|Fire
|move|p1a: Kingambit|Sucker Punch|p2b: Typhlosion
|-activate|p2b: Typhlosion|move: Psychic Terrain
|move|p1b: Volcarona|Quiver Dance|p1b: Volcarona
|-boost|p1b: Volcarona|spa|1
|-boost|p1b: Volcarona|spd|1
|-boost|p1b: Volcarona|spe|1
|move|p2b: Typhlosion|Eruption|p1a: Kingambit|[spread] p1a,p1b
|-supereffective|p1a: Kingambit
|-damage|p1a: Kingambit|0 fnt
|-damage|p1b: Volcarona|33/100
|faint|p1a: Kingambit
|
|upkeep
|
|t:|1756491659
|switch|p1a: Rillaboom|Rillaboom, L50, M|100/100
|-fieldstart|move: Grassy Terrain|[from] ability: Grassy Surge|[of] p1a: Rillaboom
|turn|2
|
|t:|1756491683
|switch|p2b: Incineroar|Incineroar, L50, M|100/100
|-ability|p2b: Incineroar|Intimidate|boost
|-unboost|p1a: Rillaboom|atk|1
|-unboost|p1b: Volcarona|atk|1
|move|p2a: Indeedee|Protect|p2a: Indeedee
|-singleturn|p2a: Indeedee|Protect
|move|p1a: Rillaboom|Fake Out|p2b: Incineroar
|-damage|p2b: Incineroar|93/100
|move|p1b: Volcarona|Heat Wave|p2b: Incineroar|[spread] p2b
|-activate|p2a: Indeedee|move: Protect
|-resisted|p2b: Incineroar
|-damage|p2b: Incineroar|71/100
|
|-heal|p1b: Volcarona|39/100|[from] Grassy Terrain
|-heal|p2b: Incineroar|77/100|[from] Grassy Terrain
|upkeep
|turn|3
|inactive|chamoy-pt2 has 30 seconds left.
|
|t:|1756491709
|switch|p1a: Baxcalibur|Baxcalibur, L50, M|100/100
|move|p1b: Volcarona|Protect|p1b: Volcarona
|-singleturn|p1b: Volcarona|Protect
|move|p2a: Indeedee|Hyper Voice|p1a: Baxcalibur|[spread] p1a
|-activate|p1b: Volcarona|move: Protect
|-crit|p1a: Baxcalibur
|-damage|p1a: Baxcalibur|57/100
|move|p2b: Incineroar|Flare Blitz|p1b: Volcarona
|-activate|p1b: Volcarona|move: Protect
|
|-heal|p1b: Volcarona|45/100|[from] Grassy Terrain
|-heal|p1a: Baxcalibur|63/100|[from] Grassy Terrain
|-heal|p2b: Incineroar|83/100|[from] Grassy Terrain
|upkeep
|turn|4
|inactive|lofiandchil has 30 seconds left.
|inactive|chamoy-pt2 has 30 seconds left.
|
|t:|1756491738
|-terastallize|p1b: Volcarona|Fairy
|move|p1b: Volcarona|Tera Blast|p2b: Incineroar|[anim] Tera Blast Fairy
|-damage|p2b: Incineroar|32/100
|move|p2a: Indeedee|Hyper Voice|p1a: Baxcalibur|[spread] p1a,p1b
|-damage|p1a: Baxcalibur|33/100
|-damage|p1b: Volcarona|28/100
|move|p1a: Baxcalibur|Scale Shot|p2b: Incineroar
|-damage|p2b: Incineroar|18/100
|-damage|p2b: Incineroar|6/100
|-damage|p2b: Incineroar|0 fnt
|faint|p2b: Incineroar
|-hitcount|p2: Incineroar|3
|-unboost|p1a: Baxcalibur|def|1
|-boost|p1a: Baxcalibur|spe|1
|
|-heal|p1b: Volcarona|34/100|[from] Grassy Terrain
|-heal|p1a: Baxcalibur|39/100|[from] Grassy Terrain
|upkeep
|
|t:|1756491750
|switch|p2b: Whimsicott|Whimsicott, L50, M|100/100
|turn|5
|
|t:|1756491762
|move|p1a: Baxcalibur|Ice Shard|p2a: Indeedee
|-damage|p2a: Indeedee|45/100
|move|p2b: Whimsicott|Tailwind|p2b: Whimsicott
|-sidestart|p2: chamoy-pt2|move: Tailwind
|move|p2a: Indeedee|Hyper Voice|p1a: Baxcalibur|[spread] p1a,p1b
|-damage|p1a: Baxcalibur|10/100
|-damage|p1b: Volcarona|17/100
|move|p1b: Volcarona|Heat Wave|p2b: Whimsicott|[spread] p2a,p2b
|-supereffective|p2b: Whimsicott
|-damage|p2a: Indeedee|0 fnt
|-damage|p2b: Whimsicott|0 fnt
|faint|p2a: Indeedee
|faint|p2b: Whimsicott
|
|-heal|p1b: Volcarona|23/100|[from] Grassy Terrain
|-heal|p1a: Baxcalibur|17/100|[from] Grassy Terrain
|upkeep
|
|t:|1756491774
|switch|p2b: Typhlosion|Typhlosion-Hisui, L50, M, tera:Fire|100/100
|turn|6
|
|t:|1756491780
|move|p1a: Baxcalibur|Protect|p1a: Baxcalibur
|-singleturn|p1a: Baxcalibur|Protect
|move|p2b: Typhlosion|Heat Wave|p1b: Volcarona|[spread] p1b
|-activate|p1a: Baxcalibur|move: Protect
|-damage|p1b: Volcarona|0 fnt
|faint|p1b: Volcarona
|
|-heal|p1a: Baxcalibur|23/100|[from] Grassy Terrain
|-fieldend|move: Grassy Terrain
|upkeep
|
|t:|1756491786
|switch|p1b: Rillaboom|Rillaboom, L50, M|100/100
|-fieldstart|move: Grassy Terrain|[from] ability: Grassy Surge|[of] p1b: Rillaboom
|turn|7
|
|t:|1756491790
|move|p1b: Rillaboom|Fake Out|p2b: Typhlosion
|-damage|p2b: Typhlosion|81/100
|cant|p2b: Typhlosion|flinch
|move|p1a: Baxcalibur|Scale Shot|p2b: Typhlosion
|-damage|p2b: Typhlosion|59/100
|-damage|p2b: Typhlosion|39/100
|-damage|p2b: Typhlosion|17/100
|-damage|p2b: Typhlosion|0 fnt
|faint|p2b: Typhlosion
|-hitcount|p2: Typhlosion|4
|
|win|lofiandchil
|raw|lofiandchil's rating: 1169 → 1190(+21 for winning)
|raw|chamoy-pt2's rating: 1110 → 1089(-21 for losing)
