|j|☆davirru5
|j|☆banovgc
|html|davirru5banovgc    
|uhtml|bestof|Game 2 of a best-of-3
|t:|1756748067
|gametype|doubles
|player|p1|davirru5|ghetsis|1194
|player|p2|banovgc|102|1157
|gen|9
|tier|[Gen 9] VGC 2025 Reg H (Bo3)
|rated|
|rule|Species Clause: Limit one of each Pokémon
|rule|Item Clause: Limit 1 of each item
|clearpoke
|poke|p1|Sneasler, L50, M|
|poke|p1|Rillaboom, L50, M|
|poke|p1|Electabuzz, L50, M|
|poke|p1|Dragonite, L50, F|
|poke|p1|Volcarona, L50, M|
|poke|p1|Kingambit, L50, M|
|poke|p2|Whimsicott, L50, M|
|poke|p2|Hydreigon, L50, M|
|poke|p2|Garchomp, L50, M|
|poke|p2|Gholdengo, L50|
|poke|p2|Clefable, L50, F|
|poke|p2|Annihilape, L50, M|
|teampreview|4
|showteam|p1|Sneasler||FocusSash|PoisonTouch|CloseCombat,DireClaw,Coaching,FakeOut|||M|||50|,,,,,Ghost]Rillaboom||AssaultVest|GrassySurge|WoodHammer,GrassyGlide,HighHorsepower,FakeOut|||M|||50|,,,,,Water]Electabuzz||Eviolite|VitalSpirit|Thunderbolt,FollowMe,Taunt,Protect|||M|||50|,,,,,Ghost]Dragonite||LoadedDice|Multiscale|ScaleShot,ExtremeSpeed,Haze,Protect|||F|||50|,,,,,Fairy]Volcarona||CovertCloak|FlameBody|HeatWave,TeraBlast,QuiverDance,Protect|||M|||50|,,,,,Fairy]Kingambit||BlackGlasses|Defiant|KowtowCleave,SuckerPunch,SwordsDance,Protect|||M|||50|,,,,,Dark
|showteam|p2|Whimsicott||CovertCloak|Prankster|Encore,SunnyDay,Tailwind,Moonblast|||M|||50|,,,,,Fairy]Hydreigon||ChoiceSpecs|Levitate|HeatWave,DracoMeteor,Snarl,DarkPulse|||M|||50|,,,,,Fire]Garchomp||LifeOrb|RoughSkin|Protect,StompingTantrum,DragonClaw,Earthquake|||M|||50|,,,,,Steel]Gholdengo||IronPlate|GoodasGold|MakeItRain,NastyPlot,ShadowBall,Protect||||||50|,,,,,Steel]Clefable||SitrusBerry|Unaware|FollowMe,Moonblast,Protect,MistyTerrain|||F|||50|,,,,,Water]Annihilape||Leftovers|Defiant|RageFist,DrainPunch,BulkUp,Protect|||M|||50|,,,,,Water
|inactive|Battle timer is ON: inactive players will automatically lose when time's up. (requested by davirru5)
|inactive|davirru5 has 60 seconds left.
|inactive|banovgc has 60 seconds left.
|
|t:|1756748102
|teamsize|p1|4
|teamsize|p2|4
|start
|switch|p1a: Electabuzz|Electabuzz, L50, M|100/100
|switch|p1b: Volcarona|Volcarona, L50, M|100/100
|switch|p2a: Whimsicott|Whimsicott, L50, M|100/100
|switch|p2b: Hydreigon|Hydreigon, L50, M|100/100
|turn|1
|
|t:|1756748118
|-terastallize|p2b: Hydreigon|Fire
|-terastallize|p1b: Volcarona|Fairy
|move|p2a: Whimsicott|Tailwind|p2a: Whimsicott
|-sidestart|p2: banovgc|move: Tailwind
|move|p2b: Hydreigon|Heat Wave|p1a: Electabuzz|[spread] p1a
|-miss|p2b: Hydreigon|p1b: Volcarona
|-damage|p1a: Electabuzz|54/100
|move|p1a: Electabuzz|Taunt|p2a: Whimsicott
|-start|p2a: Whimsicott|move: Taunt
|move|p1b: Volcarona|Quiver Dance|p1b: Volcarona
|-boost|p1b: Volcarona|spa|1
|-boost|p1b: Volcarona|spd|1
|-boost|p1b: Volcarona|spe|1
|
|upkeep
|turn|2
|c|☆banovgc|oof
|
|t:|1756748140
|move|p1a: Electabuzz|Protect|p1a: Electabuzz
|-singleturn|p1a: Electabuzz|Protect
|move|p2b: Hydreigon|Heat Wave|p1b: Volcarona|[spread] p1b
|-activate|p1a: Electabuzz|move: Protect
|-damage|p1b: Volcarona|69/100
|move|p2a: Whimsicott|Moonblast|p1a: Electabuzz
|-activate|p1a: Electabuzz|move: Protect
|move|p1b: Volcarona|Heat Wave|p2b: Hydreigon|[spread] p2a,p2b
|-supereffective|p2a: Whimsicott
|-resisted|p2b: Hydreigon
|-damage|p2a: Whimsicott|0 fnt
|-damage|p2b: Hydreigon|72/100
|faint|p2a: Whimsicott
|
|upkeep
|inactive|banovgc has 30 seconds left.
|
|t:|1756748170
|switch|p2a: Garchomp|Garchomp, L50, M|100/100
|turn|3
|
|t:|1756748188
|move|p1b: Volcarona|Protect|p1b: Volcarona
|-singleturn|p1b: Volcarona|Protect
|move|p2a: Garchomp|Earthquake|p1b: Volcarona|[spread] p1a
|-activate|p1b: Volcarona|move: Protect
|-immune|p2b: Hydreigon|[from] ability: Levitate
|-supereffective|p1a: Electabuzz
|-damage|p1a: Electabuzz|0 fnt
|faint|p1a: Electabuzz
|-damage|p2a: Garchomp|91/100|[from] item: Life Orb
|move|p2b: Hydreigon|Heat Wave|p1b: Volcarona
|-activate|p1b: Volcarona|move: Protect
|
|upkeep
|
|t:|1756748192
|switch|p1a: Dragonite|Dragonite, L50, F|100/100
|turn|4
|inactive|banovgc has 30 seconds left.
|
|t:|1756748223
|switch|p2a: Clefable|Clefable, L50, F|100/100
|move|p2b: Hydreigon|Heat Wave|p1a: Dragonite|[spread] p1a,p1b
|-resisted|p1a: Dragonite
|-damage|p1a: Dragonite|86/100
|-damage|p1b: Volcarona|36/100
|move|p1b: Volcarona|Tera Blast|p2a: Clefable|[anim] Tera Blast Fairy
|-damage|p2a: Clefable|60/100
|move|p1a: Dragonite|Scale Shot|p2b: Hydreigon
|-damage|p2b: Hydreigon|54/100
|-damage|p2b: Hydreigon|37/100
|-damage|p2b: Hydreigon|19/100
|-damage|p2b: Hydreigon|3/100
|-damage|p2b: Hydreigon|0 fnt
|faint|p2b: Hydreigon
|-hitcount|p2: Hydreigon|5
|-unboost|p1a: Dragonite|def|1
|-boost|p1a: Dragonite|spe|1
|
|-sideend|p2: banovgc|move: Tailwind
|upkeep
|
|t:|1756748237
|switch|p2b: Garchomp|Garchomp, L50, M|91/100
|turn|5
|
|t:|1756748249
|move|p1a: Dragonite|Extreme Speed|p2a: Clefable
|-damage|p2a: Clefable|37/100
|-enditem|p2a: Clefable|Sitrus Berry|[eat]
|-heal|p2a: Clefable|62/100|[from] item: Sitrus Berry
|move|p2a: Clefable|Follow Me|p2a: Clefable
|-singleturn|p2a: Clefable|move: Follow Me
|move|p1b: Volcarona|Tera Blast|p2a: Clefable|[anim] Tera Blast Fairy
|-damage|p2a: Clefable|26/100
|move|p2b: Garchomp|Dragon Claw|p1a: Dragonite
|-supereffective|p1a: Dragonite
|-damage|p1a: Dragonite|0 fnt
|faint|p1a: Dragonite
|-damage|p2b: Garchomp|81/100|[from] item: Life Orb
|
|upkeep
|
|t:|1756748258
|switch|p1a: Kingambit|Kingambit, L50, M|100/100
|turn|6
|
|t:|1756748285
|move|p2a: Clefable|Follow Me|p2a: Clefable
|-singleturn|p2a: Clefable|move: Follow Me
|move|p1b: Volcarona|Tera Blast|p2a: Clefable|[anim] Tera Blast Fairy
|-damage|p2a: Clefable|0 fnt
|faint|p2a: Clefable
|move|p2b: Garchomp|Earthquake|p1a: Kingambit|[spread] p1a,p1b
|-supereffective|p1a: Kingambit
|-damage|p1a: Kingambit|20/100
|-damage|p1b: Volcarona|0 fnt
|faint|p1b: Volcarona
|-damage|p2b: Garchomp|71/100|[from] item: Life Orb
|move|p1a: Kingambit|Kowtow Cleave|p2b: Garchomp
|-damage|p2b: Garchomp|7/100
|-damage|p1a: Kingambit|7/100|[from] ability: Rough Skin|[of] p2b: Garchomp
|
|upkeep
|turn|7
|
|t:|1756748309
|move|p1a: Kingambit|Sucker Punch|p2b: Garchomp
|-damage|p2b: Garchomp|0 fnt
|-damage|p1a: Kingambit|0 fnt|[from] ability: Rough Skin|[of] p2b: Garchomp
|faint|p2b: Garchomp
|faint|p1a: Kingambit
|
|win|davirru5
|raw|davirru5's rating: 1194 → 1216(+22 for winning)
|raw|banovgc's rating: 1157 → 1135(-22 for losing)
