|j|☆new mental
|j|☆al.fo1234
|html|new mentalal.fo1234    
|uhtml|bestof|Game 1 of a best-of-3
|t:|1783513246
|gametype|doubles
|player|p1|new mental|volkner|1283
|player|p2|al.fo1234|acetrainer-gen4dp|1163
|gen|9
|tier|[Gen 9 Champions] VGC 2026 Reg M-B (Bo3)
|rated|
|rule|Species Clause: Limit one of each Pokémon
|rule|Item Clause: Limit 1 of each item
|clearpoke
|poke|p1|Charizard, L50, F|
|poke|p1|Kingambit, L50, M|
|poke|p1|Sylveon, L50, M|
|poke|p1|Garchomp, L50, M|
|poke|p1|Aerodactyl, L50, F|
|poke|p1|Farigiraf, L50, M|
|poke|p2|Charizard, L50, M, shiny|
|poke|p2|Venusaur, L50, F|
|poke|p2|Sylveon, L50, M|
|poke|p2|Farigiraf, L50, M|
|poke|p2|Incineroar, L50, M|
|poke|p2|Garchomp, L50, M|
|teampreview|4
|showteam|p1|Charizard||CharizarditeY|SolarPower|Protect,HeatWave,SolarBeam,WeatherBall|Modest||F|||50|]Kingambit||FocusSash|Defiant|IronHead,SuckerPunch,KowtowCleave,LowKick|Adamant||M|||50|]Sylveon||FairyFeather|Pixilate|Detect,HyperVoice,HyperBeam,QuickAttack|Modest||M|||50|]Garchomp||LifeOrb|RoughSkin|Protect,DragonClaw,Earthquake,RockSlide|Jolly||M|||50|]Aerodactyl||Aerodactylite|Unnerve|IceFang,RockSlide,Tailwind,DualWingbeat|Jolly||F|||50|]Farigiraf||SitrusBerry|ArmorTail|TrickRoom,Psychic,Thunderbolt,Protect|Bold||M|||50|
|showteam|p2|Charizard||CharizarditeY|Blaze|Protect,WeatherBall,HeatWave,SolarBeam|Serious||M|||50|]Venusaur||FocusSash|Chlorophyll|SludgeBomb,EnergyBall,SleepPowder,Protect|Modest||F|||50|]Sylveon||FairyFeather|Pixilate|Protect,HyperBeam,HyperVoice,Yawn|Modest||M|||50|]Farigiraf||ColburBerry|ArmorTail|TrickRoom,Thunderbolt,Psychic,HelpingHand|Quiet||M|||50|]Incineroar||Charcoal|Intimidate|PartingShot,FlareBlitz,ThroatChop,FakeOut|Brave||M|||50|]Garchomp||LifeOrb|RoughSkin|Protect,Earthquake,RockSlide,DragonClaw|Jolly||M|||50|
|
|t:|1783513274
|teamsize|p1|4
|teamsize|p2|4
|start
|switch|p1a: Charizard|Charizard, L50, F|100/100
|switch|p1b: Aerodactyl|Aerodactyl, L50, F|100/100
|switch|p2a: Farigiraf|Farigiraf, L50, M|100/100
|switch|p2b: Incineroar|Incineroar, L50, M|100/100
|-ability|p1b: Aerodactyl|Unnerve
|-ability|p2b: Incineroar|Intimidate|boost
|-unboost|p1a: Charizard|atk|1
|-unboost|p1b: Aerodactyl|atk|1
|turn|1
|inactive|Battle timer is ON: inactive players will automatically lose when time's up. (requested by new mental)
|
|t:|1783513297
|switch|p1a: Kingambit|Kingambit, L50, M|100/100
|move|p2b: Incineroar|Fake Out|p1b: Aerodactyl
|-resisted|p1b: Aerodactyl|1
|-damage|p1b: Aerodactyl|90/100
|cant|p1b: Aerodactyl|flinch
|move|p2a: Farigiraf|Trick Room|p2a: Farigiraf
|-fieldstart|move: Trick Room|[of] p2a: Farigiraf
|
|upkeep
|turn|2
|
|t:|1783513309
|switch|p1b: Sylveon|Sylveon, L50, M|100/100
|move|p2a: Farigiraf|Thunderbolt|p1b: Sylveon
|-damage|p1b: Sylveon|76/100
|move|p2b: Incineroar|Flare Blitz|p1a: Kingambit
|-supereffective|p1a: Kingambit|1
|-enditem|p1a: Kingambit|Focus Sash
|-damage|p1a: Kingambit|1/100
|-damage|p2b: Incineroar|71/100|[from] Recoil
|move|p1a: Kingambit|Low Kick|p2b: Incineroar
|-supereffective|p2b: Incineroar|1
|-damage|p2b: Incineroar|11/100
|
|upkeep
|turn|3
|
|t:|1783513331
|switch|p1a: Charizard|Charizard, L50, F|100/100
|move|p2b: Incineroar|Parting Shot|p1b: Sylveon
|-unboost|p1b: Sylveon|atk|1
|-unboost|p1b: Sylveon|spa|1
|
|t:|1783513337
|switch|p2b: Sylveon|Sylveon, L50, M|100/100|[from] Parting Shot
|move|p2a: Farigiraf|Thunderbolt|p1a: Charizard
|-supereffective|p1a: Charizard|1
|-damage|p1a: Charizard|43/100
|move|p1b: Sylveon|Hyper Voice|p2b: Sylveon|[spread] p2a,p2b
|-damage|p2a: Farigiraf|72/100
|-damage|p2b: Sylveon|77/100
|
|upkeep
|turn|4
|
|t:|1783513353
|detailschange|p1a: Charizard|Charizard-Mega-Y, L50, F
|-mega|p1a: Charizard|Charizard|Charizardite Y
|-weather|SunnyDay|[from] ability: Drought|[of] p1a: Charizard
|move|p1a: Charizard|Protect|p1a: Charizard
|-singleturn|p1a: Charizard|Protect
|move|p2a: Farigiraf|Thunderbolt|p1a: Charizard
|-activate|p1a: Charizard|move: Protect
|move|p2b: Sylveon|Hyper Voice|p1b: Sylveon|[spread] p1b
|-activate|p1a: Charizard|move: Protect
|-damage|p1b: Sylveon|41/100
|move|p1b: Sylveon|Hyper Beam|p2b: Sylveon
|-damage|p2b: Sylveon|26/100
|-mustrecharge|p1b: Sylveon
|
|-weather|SunnyDay|[upkeep]
|upkeep
|turn|5
|inactive|al.fo1234 has 30 seconds left.
|
|t:|1783513383
|switch|p1a: Kingambit|Kingambit, L50, M|1/100
|move|p2a: Farigiraf|Thunderbolt|p1a: Kingambit
|-damage|p1a: Kingambit|0 fnt
|faint|p1a: Kingambit
|move|p2b: Sylveon|Hyper Voice|p1b: Sylveon
|-damage|p1b: Sylveon|0 fnt
|faint|p1b: Sylveon
|
|-weather|SunnyDay|[upkeep]
|-fieldend|move: Trick Room
|upkeep
|
|t:|1783513388
|switch|p1a: Aerodactyl|Aerodactyl, L50, F|90/100
|switch|p1b: Charizard|Charizard-Mega-Y, L50, F|43/100
|-ability|p1a: Aerodactyl|Unnerve
|turn|6
|
|t:|1783513412
|switch|p2a: Incineroar|Incineroar, L50, M|11/100
|-ability|p2a: Incineroar|Intimidate|boost
|-unboost|p1a: Aerodactyl|atk|1
|-unboost|p1b: Charizard|atk|1
|move|p2b: Sylveon|Protect|p2b: Sylveon
|-singleturn|p2b: Sylveon|Protect
|move|p1a: Aerodactyl|Rock Slide|p2b: Sylveon|[spread] p2a
|-activate|p2b: Sylveon|move: Protect
|-supereffective|p2a: Incineroar|1
|-damage|p2a: Incineroar|0 fnt
|faint|p2a: Incineroar
|move|p1b: Charizard|Weather Ball|p2b: Sylveon
|-activate|p2b: Sylveon|move: Protect
|
|-weather|SunnyDay|[upkeep]
|upkeep
|
|t:|1783513431
|switch|p2a: Farigiraf|Farigiraf, L50, M|72/100
|turn|7
|
|t:|1783513449
|move|p1a: Aerodactyl|Rock Slide|p2a: Farigiraf|[spread] p2a,p2b
|-damage|p2a: Farigiraf|60/100
|-damage|p2b: Sylveon|10/100
|move|p1b: Charizard|Heat Wave|p2b: Sylveon|[spread] p2a,p2b
|-damage|p2a: Farigiraf|3/100
|-damage|p2b: Sylveon|0 fnt
|faint|p2b: Sylveon
|cant|p2a: Farigiraf|flinch
|
|-weather|SunnyDay|[upkeep]
|upkeep
|-message|al.fo1234 forfeited.
|
|win|new mental
|l|☆al.fo1234
|player|p2|
||al.fo1234 is ready for game 2.
||new mental is ready for game 2.
|uhtml|next|Next: Game 2 of 3
