|j|☆Jakobtc
|j|☆victorlien
|html|Jakobtcvictorlien    
|uhtml|bestof|Game 1 of a best-of-3
|t:|1756701594
|gametype|doubles
|player|p1|Jakobtc|riley|1184
|player|p2|victorlien|blaine|1295
|gen|9
|tier|[Gen 9] VGC 2025 Reg H (Bo3)
|rated|
|rule|Species Clause: Limit one of each Pokémon
|rule|Item Clause: Limit 1 of each item
|clearpoke
|poke|p1|Archaludon, L50, M|
|poke|p1|Incineroar, L50, F|
|poke|p1|Porygon2, L50|
|poke|p1|Ursaluna, L50, M|
|poke|p1|Sneasler, L50, F|
|poke|p1|Kilowattrel, L50, M|
|poke|p2|Gholdengo, L50|
|poke|p2|Amoonguss, L50, F|
|poke|p2|Porygon2, L50|
|poke|p2|Ursaluna, L50, M|
|poke|p2|Kilowattrel, L50, M|
|poke|p2|Incineroar, L50, M|
|teampreview|4
|showteam|p1|Archaludon||PowerHerb|Stalwart|ElectroShot,DragonPulse,Thunderbolt,Protect|||M|||50|,,,,,Electric]Incineroar||SafetyGoggles|Intimidate|FakeOut,FlareBlitz,KnockOff,PartingShot|||F|||50|,,,,,Bug]Porygon2||Eviolite|Download|TeraBlast,IceBeam,Recover,TrickRoom||||||50|,,,,,Flying]Ursaluna||FlameOrb|Guts|Facade,HeadlongRush,Earthquake,Protect|||M|||50|,,,,,Ghost]Sneasler||WhiteHerb|Unburden|DireClaw,CloseCombat,Taunt,Protect|||F|||50|,,,,,Stellar]Kilowattrel||FocusSash|Competitive|Thunderbolt,AirSlash,Tailwind,Protect|||M|||50|,,,,,Ghost
|showteam|p2|Gholdengo||LifeOrb|GoodasGold|MakeItRain,ShadowBall,NastyPlot,Protect||||||50|,,,,,Water]Amoonguss||RockyHelmet|Regenerator|Spore,PollenPuff,RagePowder,Protect|||F|||50|,,,,,Water]Porygon2||Eviolite|Download|TrickRoom,IceBeam,TeraBlast,Recover||||||50|,,,,,Fighting]Ursaluna||FlameOrb|Guts|Facade,HeadlongRush,Earthquake,Protect|||M|||50|,,,,,Ghost]Kilowattrel||SafetyGoggles|Competitive|Protect,VoltSwitch,Hurricane,Tailwind|||M|||50|,,,,,Electric]Incineroar||AssaultVest|Intimidate|FlareBlitz,KnockOff,FakeOut,Uturn|||M|||50|,,,,,Bug
|c|☆Jakobtc|glhf
|inactive|Battle timer is ON: inactive players will automatically lose when time's up. (requested by Jakobtc)
|
|t:|1756701661
|teamsize|p1|4
|teamsize|p2|4
|start
|switch|p1a: Porygon2|Porygon2, L50, shiny|100/100
|switch|p1b: Kilowattrel|Kilowattrel, L50, M|100/100
|switch|p2a: Gholdengo|Gholdengo, L50, shiny|100/100
|switch|p2b: Kilowattrel|Kilowattrel, L50, M|100/100
|-ability|p1a: Porygon2|Download|boost
|-boost|p1a: Porygon2|atk|1
|turn|1
|inactive|Jakobtc has 30 seconds left.
|inactive|victorlien has 30 seconds left.
|inactive|victorlien has 20 seconds left.
|
|t:|1756701700
|switch|p1b: Ursaluna|Ursaluna, L50, M|100/100
|move|p2b: Kilowattrel|Volt Switch|p1b: Ursaluna
|-immune|p1b: Ursaluna
|move|p2a: Gholdengo|Nasty Plot|p2a: Gholdengo
|-boost|p2a: Gholdengo|spa|2
|move|p1a: Porygon2|Trick Room|p1a: Porygon2
|-fieldstart|move: Trick Room|[of] p1a: Porygon2
|
|-status|p1b: Ursaluna|brn|[from] item: Flame Orb
|upkeep
|turn|2
|inactive|Jakobtc has 30 seconds left.
|inactive|victorlien has 30 seconds left.
|
|t:|1756701728
|switch|p2b: Incineroar|Incineroar, L50, M|100/100
|-ability|p2b: Incineroar|Intimidate|boost
|-unboost|p1a: Porygon2|atk|1
|-unboost|p1b: Ursaluna|atk|1
|-terastallize|p2a: Gholdengo|Water
|move|p1b: Ursaluna|Headlong Rush|p2a: Gholdengo
|-damage|p2a: Gholdengo|39/100
|-unboost|p1b: Ursaluna|def|1
|-unboost|p1b: Ursaluna|spd|1
|move|p1a: Porygon2|Ice Beam|p2a: Gholdengo
|-resisted|p2a: Gholdengo
|-damage|p2a: Gholdengo|28/100
|move|p2a: Gholdengo|Make It Rain|p1a: Porygon2|[spread] p1a,p1b
|-damage|p1a: Porygon2|31/100
|-damage|p1b: Ursaluna|0 fnt
|-unboost|p2a: Gholdengo|spa|1
|faint|p1b: Ursaluna
|-damage|p2a: Gholdengo|18/100|[from] item: Life Orb
|
|upkeep
|
|t:|1756701747
|switch|p1b: Incineroar|Incineroar, L50, F|100/100
|-ability|p1b: Incineroar|Intimidate|boost
|-unboost|p2a: Gholdengo|atk|1
|-unboost|p2b: Incineroar|atk|1
|turn|3
|inactive|victorlien has 30 seconds left.
|inactive|victorlien has 20 seconds left.
|
|t:|1756701787
|move|p2a: Gholdengo|Protect|p2a: Gholdengo
|-singleturn|p2a: Gholdengo|Protect
|move|p1b: Incineroar|Fake Out|p2b: Incineroar
|-damage|p2b: Incineroar|88/100
|move|p1a: Porygon2|Recover|p1a: Porygon2
|-heal|p1a: Porygon2|81/100
|cant|p2b: Incineroar|flinch
|
|upkeep
|turn|4
|inactive|victorlien has 30 seconds left.
|inactive|victorlien has 20 seconds left.
|
|t:|1756701824
|switch|p2a: Amoonguss|Amoonguss, L50, F|100/100
|move|p1b: Incineroar|Knock Off|p2a: Amoonguss
|-damage|p2a: Amoonguss|64/100
|-damage|p1b: Incineroar|84/100|[from] item: Rocky Helmet|[of] p2a: Amoonguss
|-enditem|p2a: Amoonguss|Rocky Helmet|[from] move: Knock Off|[of] p1b: Incineroar
|move|p1a: Porygon2|Tera Blast|p2a: Amoonguss
|-damage|p2a: Amoonguss|37/100
|move|p2b: Incineroar|Knock Off|p1a: Porygon2
|-damage|p1a: Porygon2|59/100
|-enditem|p1a: Porygon2|Eviolite|[from] move: Knock Off|[of] p2b: Incineroar
|
|upkeep
|turn|5
|inactive|victorlien has 30 seconds left.
|
|t:|1756701851
|move|p2a: Amoonguss|Spore|p1a: Porygon2
|-status|p1a: Porygon2|slp|[from] move: Spore
|move|p1b: Incineroar|Flare Blitz|p2a: Amoonguss
|-supereffective|p2a: Amoonguss
|-damage|p2a: Amoonguss|0 fnt
|faint|p2a: Amoonguss
|-damage|p1b: Incineroar|71/100|[from] Recoil
|cant|p1a: Porygon2|slp
|move|p2b: Incineroar|U-turn|p1b: Incineroar
|-damage|p1b: Incineroar|55/100
|
|t:|1756701863
|switch|p2b: Gholdengo|Gholdengo, L50, shiny, tera:Water|18/100|[from] U-turn
|
|-fieldend|move: Trick Room
|upkeep
|
|t:|1756701870
|switch|p2a: Kilowattrel|Kilowattrel, L50, M|100/100
|turn|6
|
|t:|1756701889
|move|p2a: Kilowattrel|Volt Switch|p1b: Incineroar
|-damage|p1b: Incineroar|29/100
|
|t:|1756701892
|switch|p2a: Incineroar|Incineroar, L50, M|88/100|[from] Volt Switch
|-ability|p2a: Incineroar|Intimidate|boost
|-unboost|p1a: Porygon2|atk|1
|-unboost|p1b: Incineroar|atk|1
|move|p2b: Gholdengo|Make It Rain|p1a: Porygon2|[spread] p1a,p1b
|-resisted|p1b: Incineroar
|-damage|p1a: Porygon2|5/100 slp
|-damage|p1b: Incineroar|3/100
|-unboost|p2b: Gholdengo|spa|1
|-damage|p2b: Gholdengo|9/100|[from] item: Life Orb
|cant|p1a: Porygon2|slp
|move|p1b: Incineroar|Knock Off|p2b: Gholdengo
|-damage|p2b: Gholdengo|0 fnt
|-enditem|p2b: Gholdengo|Life Orb|[from] move: Knock Off|[of] p1b: Incineroar
|faint|p2b: Gholdengo
|
|upkeep
|
|t:|1756701911
|switch|p2b: Kilowattrel|Kilowattrel, L50, M|100/100
|turn|7
|
|t:|1756701927
|switch|p1a: Kilowattrel|Kilowattrel, L50, M|100/100
|move|p2b: Kilowattrel|Volt Switch|p1b: Incineroar
|-damage|p1b: Incineroar|0 fnt
|faint|p1b: Incineroar
|move|p2a: Incineroar|Knock Off|p1a: Kilowattrel
|-damage|p1a: Kilowattrel|14/100
|-enditem|p1a: Kilowattrel|Focus Sash|[from] move: Knock Off|[of] p2a: Incineroar
|
|upkeep
|
|t:|1756701936
|switch|p1b: Porygon2|Porygon2, L50, shiny|5/100 slp
|-ability|p1b: Porygon2|Download|boost
|-boost|p1b: Porygon2|atk|1
|turn|8
|
|t:|1756701953
|move|p1a: Kilowattrel|Tailwind|p1a: Kilowattrel
|-sidestart|p1: Jakobtc|move: Tailwind
|cant|p1b: Porygon2|slp
|move|p2b: Kilowattrel|Volt Switch|p1b: Porygon2
|-damage|p1b: Porygon2|0 fnt
|faint|p1b: Porygon2
|move|p2a: Incineroar|Flare Blitz|p1a: Kilowattrel
|-damage|p1a: Kilowattrel|0 fnt
|faint|p1a: Kilowattrel
|-damage|p2a: Incineroar|85/100|[from] Recoil
|
|win|victorlien
|inactive|Jakobtc has 30 seconds to confirm battle start!
|inactive|victorlien has 30 seconds to confirm battle start!
