|j|☆the gong lady
|j|☆plaidhaxx
|html|the gong ladyplaidhaxx    
|uhtml|bestof|Game 1 of a best-of-3
|t:|1756934081
|gametype|doubles
|player|p1|the gong lady|1|
|player|p2|plaidhaxx|shadowtriad|
|gen|9
|tier|[Gen 9] VGC 2025 Reg H (Bo3)
|rule|Species Clause: Limit one of each Pokémon
|rule|Item Clause: Limit 1 of each item
|clearpoke
|poke|p1|Torkoal, L50, F|
|poke|p1|Lilligant-Hisui, L50, F|
|poke|p1|Ursaluna-Bloodmoon, L50, M|
|poke|p1|Oranguru, L50, M|
|poke|p1|Indeedee-F, L50, F|
|poke|p1|Kingambit, L50, F|
|poke|p2|Sneasler, L50, M|
|poke|p2|Dragapult, L50, F|
|poke|p2|Primarina, L50, F|
|poke|p2|Rillaboom, L50, M|
|poke|p2|Kingambit, L50, F|
|poke|p2|Magmar, L50, F|
|teampreview|4
|showteam|p1|Torkoal||Charcoal|Drought|Eruption,SolarBeam,HeatWave,Protect|||F|||50|,,,,,Grass]Lilligant-Hisui||FocusSash|Chlorophyll|AfterYou,LeafBlade,CloseCombat,SleepPowder|||F|||50|,,,,,Ghost]Ursaluna-Bloodmoon||LifeOrb|MindsEye|BloodMoon,EarthPower,HyperVoice,Protect|||M|||50|,,,,,Ghost]Oranguru||MentalHerb|InnerFocus|Encore,Instruct,Protect,TrickRoom|||M|||50|,,,,,Fire]Indeedee-F||SafetyGoggles|PsychicSurge|Psychic,HelpingHand,FollowMe,TrickRoom|||F|||50|,,,,,Dark]Kingambit||BlackGlasses|Defiant|KowtowCleave,SuckerPunch,IronHead,Protect|||F|||50|,,,,,Water
|showteam|p2|Sneasler||FocusSash|PoisonTouch|CloseCombat,DireClaw,FakeOut,Protect|||M|||50|,,,,,Stellar]Dragapult||ChoiceBand|ClearBody|DragonDarts,TeraBlast,PhantomForce,Uturn|||F|||50|,,,,,Ghost]Primarina||SitrusBerry|LiquidVoice|HyperVoice,Moonblast,Haze,Protect|||F|||50|,,,,,Water]Rillaboom||AssaultVest|GrassySurge|WoodHammer,GrassyGlide,HighHorsepower,FakeOut|||M|||50|,,,,,Fire]Kingambit||BlackGlasses|Defiant|KowtowCleave,SuckerPunch,SwordsDance,Protect|||F|||50|,,,,,Ghost]Magmar||Eviolite|VitalSpirit|Overheat,WillOWisp,FollowMe,Protect|||F|||50|,,,,,Ghost
|
|t:|1756934232
|teamsize|p1|4
|teamsize|p2|4
|start
|switch|p1a: Torkoal|Torkoal, L50, F|100/100
|switch|p1b: Lilligant|Lilligant-Hisui, L50, F|100/100
|switch|p2a: Dragapult|Dragapult, L50, F|100/100
|switch|p2b: Magmar|Magmar, L50, F|100/100
|-weather|SunnyDay|[from] ability: Drought|[of] p1a: Torkoal
|turn|1
|
|t:|1756934302
|move|p2b: Magmar|Follow Me|p2b: Magmar
|-singleturn|p2b: Magmar|move: Follow Me
|move|p1b: Lilligant|Sleep Powder|p2b: Magmar
|-immune|p2b: Magmar|[from] ability: Vital Spirit
|move|p2a: Dragapult|Dragon Darts|p1b: Lilligant
|-damage|p1b: Lilligant|42/100
|-anim|p2a: Dragapult|Dragon Darts|p1a: Torkoal
|-damage|p1a: Torkoal|72/100
|move|p1a: Torkoal|Eruption|p2b: Magmar|[spread] p2a,p2b
|-resisted|p2a: Dragapult
|-crit|p2a: Dragapult
|-resisted|p2b: Magmar
|-damage|p2a: Dragapult|34/100
|-damage|p2b: Magmar|78/100
|
|-weather|SunnyDay|[upkeep]
|upkeep
|turn|2
|
|t:|1756934360
|move|p1b: Lilligant|After You|p1a: Torkoal
|-activate|p1a: Torkoal|move: After You
|move|p1a: Torkoal|Eruption|p2b: Magmar|[spread] p2a,p2b
|-resisted|p2a: Dragapult
|-resisted|p2b: Magmar
|-damage|p2a: Dragapult|0 fnt
|-damage|p2b: Magmar|55/100
|faint|p2a: Dragapult
|move|p2b: Magmar|Overheat|p1a: Torkoal
|-resisted|p1a: Torkoal
|-damage|p1a: Torkoal|21/100
|-unboost|p2b: Magmar|spa|2
|
|-weather|SunnyDay|[upkeep]
|upkeep
|
|t:|1756934388
|switch|p2a: Kingambit|Kingambit, L50, F|100/100
|turn|3
|
|t:|1756934414
|switch|p1a: Ursaluna|Ursaluna-Bloodmoon, L50, M|100/100
|move|p2b: Magmar|Follow Me|p2b: Magmar
|-singleturn|p2b: Magmar|move: Follow Me
|move|p2a: Kingambit|Sucker Punch||[still]
|-fail|p2a: Kingambit
|move|p1b: Lilligant|Close Combat|p2b: Magmar
|-damage|p2b: Magmar|8/100
|-unboost|p1b: Lilligant|def|1
|-unboost|p1b: Lilligant|spd|1
|
|-weather|SunnyDay|[upkeep]
|upkeep
|turn|4
|
|t:|1756934473
|move|p2b: Magmar|Follow Me|p2b: Magmar
|-singleturn|p2b: Magmar|move: Follow Me
|move|p2a: Kingambit|Sucker Punch|p1b: Lilligant
|-resisted|p1b: Lilligant
|-damage|p1b: Lilligant|0 fnt
|faint|p1b: Lilligant
|move|p1a: Ursaluna|Earth Power|p2b: Magmar
|-supereffective|p2b: Magmar
|-damage|p2b: Magmar|0 fnt
|faint|p2b: Magmar
|-damage|p1a: Ursaluna|90/100|[from] item: Life Orb
|
|-weather|SunnyDay|[upkeep]
|upkeep
|
|t:|1756934484
|switch|p1b: Indeedee|Indeedee-F, L50, F|100/100
|switch|p2b: Sneasler|Sneasler, L50, M|100/100
|-fieldstart|move: Psychic Terrain|[from] ability: Psychic Surge|[of] p1b: Indeedee
|turn|5
|
|t:|1756934561
|move|p2b: Sneasler|Protect|p2b: Sneasler
|-singleturn|p2b: Sneasler|Protect
|move|p2a: Kingambit|Protect|p2a: Kingambit
|-singleturn|p2a: Kingambit|Protect
|move|p1a: Ursaluna|Earth Power|p2b: Sneasler
|-activate|p2b: Sneasler|move: Protect
|move|p1b: Indeedee|Trick Room|p1b: Indeedee
|-fieldstart|move: Trick Room|[of] p1b: Indeedee
|
|-weather|none
|upkeep
|turn|6
|
|t:|1756934626
|-terastallize|p2a: Kingambit|Ghost
|move|p1a: Ursaluna|Earth Power|p2a: Kingambit
|-damage|p2a: Kingambit|39/100
|-damage|p1a: Ursaluna|80/100|[from] item: Life Orb
|move|p2a: Kingambit|Kowtow Cleave|p1b: Indeedee
|-supereffective|p1b: Indeedee
|-damage|p1b: Indeedee|0 fnt
|faint|p1b: Indeedee
|move|p2b: Sneasler|Dire Claw|p1a: Ursaluna
|-resisted|p1a: Ursaluna
|-crit|p1a: Ursaluna
|-damage|p1a: Ursaluna|60/100
|
|upkeep
|
|t:|1756934639
|switch|p1b: Torkoal|Torkoal, L50, F|21/100
|-weather|SunnyDay|[from] ability: Drought|[of] p1b: Torkoal
|turn|7
|
|t:|1756934668
|move|p2a: Kingambit|Protect|p2a: Kingambit
|-singleturn|p2a: Kingambit|Protect
|move|p1b: Torkoal|Heat Wave|p2b: Sneasler|[spread] p2b
|-activate|p2a: Kingambit|move: Protect
|-damage|p2b: Sneasler|29/100
|move|p1a: Ursaluna|Earth Power|p2b: Sneasler
|-supereffective|p2b: Sneasler
|-damage|p2b: Sneasler|0 fnt
|faint|p2b: Sneasler
|-damage|p1a: Ursaluna|50/100|[from] item: Life Orb
|
|-weather|SunnyDay|[upkeep]
|upkeep
|turn|8
|
|t:|1756934684
|move|p1b: Torkoal|Heat Wave|p2a: Kingambit
|-damage|p2a: Kingambit|0 fnt
|faint|p2a: Kingambit
|
|win|the gong lady
||plaidhaxx is ready for game 2.
|inactive|the gong lady has 30 seconds to confirm battle start!
||the gong lady is ready for game 2.
|uhtml|next|Next: Game 2 of 3
|l|☆plaidhaxx
|player|p2|
