|j|☆Squashies1234
|j|☆Get flinched on
|html|Squashies1234Get flinched on    
|uhtml|bestof|Game 2 of a best-of-3
|t:|1782558626
|gametype|doubles
|player|p1|Squashies1234|169|1040
|player|p2|Get flinched on|clown|1146
|gen|9
|tier|[Gen 9 Champions] VGC 2026 Reg M-B (Bo3)
|rated|
|rule|Species Clause: Limit one of each Pokémon
|rule|Item Clause: Limit 1 of each item
|clearpoke
|poke|p1|Blaziken, L50, F|
|poke|p1|Morpeko, L50, F|
|poke|p1|Sinistcha-Masterpiece, L50|
|poke|p1|Drampa, L50, F|
|poke|p1|Gholdengo, L50|
|poke|p1|Clawitzer, L50, M|
|poke|p2|Whimsicott, L50, F|
|poke|p2|Glimmora, L50, F|
|poke|p2|Charizard, L50, M|
|poke|p2|Garchomp, L50, F|
|poke|p2|Kingambit, L50, M|
|poke|p2|Basculegion, L50, M|
|teampreview|4
|showteam|p1|Blaziken||Blazikenite|SpeedBoost|CloseCombat,FlareBlitz,ThunderPunch,Protect|Adamant||F|||50|]Morpeko||FocusSash|HungerSwitch|FakeOut,PartingShot,AuraWheel,SeedBomb|Jolly||F|||50|]Sinistcha-Masterpiece||SitrusBerry|Hospitality|RagePowder,TrickRoom,MatchaGotcha,StrengthSap|Relaxed|||||50|]Drampa||Drampanite|CloudNine|DracoMeteor,HyperVoice,EarthPower,Protect|Quiet||F|||50|]Gholdengo||ChoiceScarf|GoodasGold|DazzlingGleam,MakeItRain,ShadowBall,Thunderbolt|Modest|||||50|]Clawitzer||LifeOrb|MegaLauncher|AuraSphere,DarkPulse,SludgeBomb,WaterPulse|Quiet||M|||50|
|showteam|p2|Whimsicott||FairyFeather|Prankster|Moonblast,Tailwind,Encore,Protect|Timid||F|||50|]Glimmora||FocusSash|ToxicDebris|PowerGem,SludgeBomb,EarthPower,SpikyShield|Timid||F|||50|]Charizard||CharizarditeY|SolarPower|HeatWave,WeatherBall,SolarBeam,Protect|Modest||M|||50|]Garchomp||SitrusBerry|RoughSkin|Earthquake,DragonClaw,PoisonJab,Protect|Adamant||F|||50|]Kingambit||ChopleBerry|Defiant|KowtowCleave,IronHead,SuckerPunch,LowKick|Adamant||M|||50|]Basculegion||MysticWater|Adaptability|WaveCrash,LastRespects,AquaJet,Protect|Adamant||M|||50|
|inactive|Battle timer is ON: inactive players will automatically lose when time's up. (requested by Get flinched on)
|
|t:|1782558655
|teamsize|p1|4
|teamsize|p2|4
|start
|switch|p1a: Blaziken|Blaziken, L50, F|100/100
|switch|p1b: Morpeko|Morpeko, L50, F|100/100
|switch|p2a: Whimsicott|Whimsicott, L50, F|100/100
|switch|p2b: Charizard|Charizard, L50, M|100/100
|turn|1
|
|t:|1782558670
|detailschange|p1a: Blaziken|Blaziken-Mega, L50, F
|-mega|p1a: Blaziken|Blaziken|Blazikenite
|move|p2b: Charizard|Protect|p2b: Charizard
|-singleturn|p2b: Charizard|Protect
|move|p1b: Morpeko|Fake Out|p2a: Whimsicott
|-damage|p2a: Whimsicott|88/100
|cant|p2a: Whimsicott|flinch
|move|p1a: Blaziken|Flare Blitz|p2a: Whimsicott
|-supereffective|p2a: Whimsicott|1
|-damage|p2a: Whimsicott|0 fnt
|faint|p2a: Whimsicott
|-damage|p1a: Blaziken|70/100|[from] Recoil
|
|-ability|p1a: Blaziken|Speed Boost|boost
|-boost|p1a: Blaziken|spe|1
|-formechange|p1b: Morpeko|Morpeko-Hangry|
|upkeep
|
|t:|1782558676
|switch|p2a: Garchomp|Garchomp, L50, F|100/100
|turn|2
|inactive|Squashies1234 has 30 seconds left.
|
|t:|1782558707
|detailschange|p2b: Charizard|Charizard-Mega-Y, L50, M
|-mega|p2b: Charizard|Charizard|Charizardite Y
|-weather|SunnyDay|[from] ability: Drought|[of] p2b: Charizard
|move|p1a: Blaziken|Protect|p1a: Blaziken
|-singleturn|p1a: Blaziken|Protect
|move|p1b: Morpeko|Aura Wheel|p2b: Charizard
|-crit|p2b: Charizard
|-damage|p2b: Charizard|20/100y
|-boost|p1b: Morpeko|spe|1
|move|p2a: Garchomp|Earthquake|p1a: Blaziken|[spread] p1b
|-activate|p1a: Blaziken|move: Protect
|-immune|p2b: Charizard
|-supereffective|p1b: Morpeko|1
|-enditem|p1b: Morpeko|Focus Sash
|-damage|p1b: Morpeko|1/100
|move|p2b: Charizard|Heat Wave|p1b: Morpeko|[spread] p1b
|-activate|p1a: Blaziken|move: Protect
|-damage|p1b: Morpeko|0 fnt
|faint|p1b: Morpeko
|
|-weather|SunnyDay|[upkeep]
|-ability|p1a: Blaziken|Speed Boost|boost
|-boost|p1a: Blaziken|spe|1
|upkeep
|inactive|Squashies1234 has 30 seconds left.
|inactive|Squashies1234 has 20 seconds left.
|
|t:|1782558745
|switch|p1b: Drampa|Drampa, L50, F|100/100
|-ability|p1b: Drampa|Cloud Nine
|turn|3
|
|t:|1782558760
|move|p2b: Charizard|Protect|p2b: Charizard
|-singleturn|p2b: Charizard|Protect
|move|p1a: Blaziken|Close Combat|p2a: Garchomp
|-damage|p2a: Garchomp|25/100
|-unboost|p1a: Blaziken|def|1
|-unboost|p1a: Blaziken|spd|1
|-damage|p1a: Blaziken|57/100|[from] ability: Rough Skin|[of] p2a: Garchomp
|-enditem|p2a: Garchomp|Sitrus Berry|[eat]
|-heal|p2a: Garchomp|50/100g|[from] item: Sitrus Berry
|move|p2a: Garchomp|Earthquake|p1a: Blaziken|[spread] p1a,p1b
|-activate|p2b: Charizard|move: Protect
|-supereffective|p1a: Blaziken|1
|-damage|p1a: Blaziken|0 fnt
|-damage|p1b: Drampa|57/100
|faint|p1a: Blaziken
|move|p1b: Drampa|Hyper Voice|p2b: Charizard|[spread] p2a
|-activate|p2b: Charizard|move: Protect
|-damage|p2a: Garchomp|12/100
|
|-weather|SunnyDay|[upkeep]
|upkeep
|
|t:|1782558773
|switch|p1a: Sinistcha|Sinistcha-Masterpiece, L50|100/100
|-heal|p1b: Drampa|82/100|[from] ability: Hospitality|[of] p1a: Sinistcha
|turn|4
|
|t:|1782558788
|move|p1b: Drampa|Protect|p1b: Drampa
|-singleturn|p1b: Drampa|Protect
|move|p2a: Garchomp|Earthquake|p1b: Drampa|[spread] p1a
|-activate|p1b: Drampa|move: Protect
|-immune|p2b: Charizard
|-resisted|p1a: Sinistcha|1
|-damage|p1a: Sinistcha|86/100
|move|p2b: Charizard|Heat Wave|p1b: Drampa|[spread] 
|-activate|p1b: Drampa|move: Protect
|-miss|p2b: Charizard|p1a: Sinistcha
|move|p1a: Sinistcha|Trick Room|p1a: Sinistcha
|-fieldstart|move: Trick Room|[of] p1a: Sinistcha
|
|-weather|SunnyDay|[upkeep]
|upkeep
|turn|5
|
|t:|1782558805
|switch|p2b: Kingambit|Kingambit, L50, M|100/100
|move|p2a: Garchomp|Protect|p2a: Garchomp
|-singleturn|p2a: Garchomp|Protect
|move|p1b: Drampa|Hyper Voice|p2b: Kingambit|[spread] p2b
|-activate|p2a: Garchomp|move: Protect
|-resisted|p2b: Kingambit|1
|-damage|p2b: Kingambit|79/100
|move|p1a: Sinistcha|Matcha Gotcha|p2b: Kingambit|[spread] p2b
|-activate|p2a: Garchomp|move: Protect
|-resisted|p2b: Kingambit|1
|-damage|p2b: Kingambit|67/100
|-heal|p1a: Sinistcha|93/100|[from] drain|[of] p2b: Kingambit
|-status|p2b: Kingambit|brn
|
|-weather|SunnyDay|[upkeep]
|-damage|p2b: Kingambit|61/100 brn|[from] brn
|upkeep
|turn|6
|inactive|Squashies1234 has 30 seconds left.
|
|t:|1782558834
|switch|p2a: Charizard|Charizard-Mega-Y, L50, M|20/100y
|move|p1b: Drampa|Earth Power|p2b: Kingambit
|-supereffective|p2b: Kingambit|1
|-damage|p2b: Kingambit|0 fnt
|faint|p2b: Kingambit
|move|p1a: Sinistcha|Matcha Gotcha|p2a: Charizard
|-resisted|p2a: Charizard|2
|-damage|p2a: Charizard|13/100
|-heal|p1a: Sinistcha|97/100|[from] drain|[of] p2a: Charizard
|
|-weather|none
|upkeep
|-message|Get flinched on forfeited.
|
|win|Squashies1234
|l|☆Get flinched on
|player|p2|
|l|☆Squashies1234
|player|p1|
||Squashies1234 is ready for game 3.
|j|☆Get flinched on
|player|p2|Get flinched on|clown|
