|j|☆Lorido
|j|☆mega feraligatr xd
|html|Loridomega feraligatr xd    
|uhtml|bestof|Game 1 of a best-of-3
|t:|1785490784
|gametype|doubles
|player|p1|Lorido|102|1238
|player|p2|mega feraligatr xd|ash|1088
|gen|9
|tier|[Gen 9 Champions] VGC 2026 Reg M-B (Bo3)
|rated|
|rule|Species Clause: Limit one of each Pokémon
|rule|Item Clause: Limit 1 of each item
|clearpoke
|poke|p1|Delphox, L50, M|
|poke|p1|Incineroar, L50, F|
|poke|p1|Floette-Eternal, L50, F|
|poke|p1|Kingambit, L50, M|
|poke|p1|Sinistcha, L50|
|poke|p1|Sneasler, L50, F|
|poke|p2|Feraligatr, L50, M, shiny|
|poke|p2|Sableye, L50, M, shiny|
|poke|p2|Pelipper, L50, M|
|poke|p2|Sneasler, L50, F, shiny|
|poke|p2|Basculegion, L50, M, shiny|
|poke|p2|Archaludon, L50, M, shiny|
|teampreview|4
|showteam|p1|Delphox||Delphoxite|Blaze|HeatWave,Psychic,NastyPlot,Protect|Timid||M|||50|]Incineroar||SitrusBerry|Intimidate|FlareBlitz,DarkestLariat,FakeOut,PartingShot|Careful||F|||50|]Floette-Eternal||Floettite|FlowerVeil|DazzlingGleam,DrainingKiss,CalmMind,Protect|Bold||F|||50|]Kingambit||BlackGlasses|Defiant|KowtowCleave,SuckerPunch,SwordsDance,Protect|Adamant||M|||50|]Sinistcha||OccaBerry|Hospitality|MatchaGotcha,RagePowder,TrickRoom,Protect|Bold|||||50|]Sneasler||FocusSash|PoisonTouch|CloseCombat,PoisonJab,FakeOut,QuickGuard|Jolly||F|||50|
|showteam|p2|Feraligatr||Feraligite|Torrent|Liquidation,Facade,Protect,DragonDance|Adamant||M|||50|]Sableye||RoseliBerry|Prankster|FakeOut,Quash,WillOWisp,Encore|Calm||M|||50|]Pelipper||FocusSash|Drizzle|Tailwind,Protect,WeatherBall,Hurricane|Timid||M|||50|]Sneasler||WhiteHerb|Unburden|CloseCombat,Protect,DireClaw,FakeOut|Jolly||F|||50|]Basculegion||ChoiceScarf|Adaptability|WaveCrash,LastRespects,FlipTurn,HeadSmash|Adamant||M|||50|]Archaludon||SitrusBerry|Stamina|ElectroShot,Protect,DracoMeteor,FlashCannon|Calm||M|||50|
|inactive|Battle timer is ON: inactive players will automatically lose when time's up. (requested by mega feraligatr xd)
|inactive|Lorido has 60 seconds left.
|c|☆mega feraligatr xd|!data facade
|c|☆mega feraligatr xd|/raw Facade  Power70 Accuracy100% PP20 Power doubles if user is burn/poison/paralyzed. 

|c|☆mega feraligatr xd|!data dragonize
|c|☆mega feraligatr xd|/raw Dragonize This Pokemon's Normal-type moves become Dragon type and have 1.2x power. 

|c|☆mega feraligatr xd|!data burn
|error|'burn' has no exact match. Too many approximate matches: Genesect-Burn, Blast Burn, Burn Up, Ice Burn, Burn Drive
|inactive|Lorido has 30 seconds left.
|
|t:|1785490853
|teamsize|p1|4
|teamsize|p2|4
|start
|switch|p1a: Sinistcha|Sinistcha, L50|100/100
|switch|p1b: Floette|Floette-Eternal, L50, F|100/100
|switch|p2a: Sableye|Sableye, L50, M, shiny|100/100
|switch|p2b: Pelipper|Pelipper, L50, M|100/100
|-weather|RainDance|[from] ability: Drizzle|[of] p2b: Pelipper
|turn|1
|
|t:|1785490866
|move|p1b: Floette|Protect|p1b: Floette
|-singleturn|p1b: Floette|Protect
|move|p2a: Sableye|Fake Out|p1b: Floette
|-activate|p1b: Floette|move: Protect
|move|p2b: Pelipper|Hurricane|p1a: Sinistcha
|-supereffective|p1a: Sinistcha|1
|-damage|p1a: Sinistcha|11/100
|move|p1a: Sinistcha|Matcha Gotcha|p2a: Sableye|[spread] p2a,p2b
|-damage|p2a: Sableye|71/100
|-heal|p1a: Sinistcha|24/100|[from] drain|[of] p2a: Sableye
|-damage|p2b: Pelipper|54/100
|-heal|p1a: Sinistcha|41/100|[from] drain|[of] p2b: Pelipper
|
|-weather|RainDance|[upkeep]
|upkeep
|turn|2
|
|t:|1785490884
|switch|p1a: Kingambit|Kingambit, L50, M|100/100
|detailschange|p1b: Floette|Floette-Mega, L50, F
|-mega|p1b: Floette|Floette|Floettite
|-ability|p1b: Floette|Fairy Aura
|move|p2a: Sableye|Encore|p1b: Floette
|-start|p1b: Floette|Encore
|move|p1b: Floette|Protect||[still]
|-fail|p1b: Floette
|move|p2b: Pelipper|Hurricane|p1a: Kingambit
|-resisted|p1a: Kingambit|1
|-crit|p1a: Kingambit
|-damage|p1a: Kingambit|73/100
|-start|p1a: Kingambit|confusion
|
|-weather|RainDance|[upkeep]
|upkeep
|turn|3
|
|t:|1785490905
|switch|p1b: Sinistcha|Sinistcha, L50|41/100
|-heal|p1a: Kingambit|98/100|[from] ability: Hospitality|[of] p1b: Sinistcha
|move|p2a: Sableye|Will-O-Wisp|p1b: Sinistcha
|-status|p1b: Sinistcha|brn
|move|p2b: Pelipper|Tailwind|p2b: Pelipper
|-sidestart|p2: mega feraligatr xd|move: Tailwind
|-activate|p1a: Kingambit|confusion
|move|p1a: Kingambit|Kowtow Cleave|p2b: Pelipper
|-damage|p2b: Pelipper|0 fnt
|faint|p2b: Pelipper
|
|-weather|RainDance|[upkeep]
|-damage|p1b: Sinistcha|35/100 brn|[from] brn
|upkeep
|
|t:|1785490918
|switch|p2b: Feraligatr|Feraligatr, L50, M, shiny|100/100
|turn|4
|
|t:|1785490937
|switch|p1b: Incineroar|Incineroar, L50, F|100/100
|-ability|p1b: Incineroar|Intimidate|boost
|-unboost|p2a: Sableye|atk|1
|-unboost|p2b: Feraligatr|atk|1
|detailschange|p2b: Feraligatr|Feraligatr-Mega, L50, M, shiny
|-mega|p2b: Feraligatr|Feraligatr|Feraligite
|-activate|p1a: Kingambit|confusion
|move|p1a: Kingambit|Protect|p1a: Kingambit
|-singleturn|p1a: Kingambit|Protect
|move|p2a: Sableye|Will-O-Wisp|p2b: Feraligatr
|-status|p2b: Feraligatr|brn
|move|p2b: Feraligatr|Facade|p1b: Incineroar
|-damage|p1b: Incineroar|40/100
|-enditem|p1b: Incineroar|Sitrus Berry|[eat]
|-heal|p1b: Incineroar|65/100|[from] item: Sitrus Berry
|
|-weather|RainDance|[upkeep]
|-damage|p2b: Feraligatr|93/100 brn|[from] brn
|upkeep
|turn|5
|inactive|Lorido has 30 seconds left.
|
|t:|1785490962
|switch|p2a: Sneasler|Sneasler, L50, F, shiny|100/100
|move|p1b: Incineroar|Fake Out|p2b: Feraligatr
|-damage|p2b: Feraligatr|83/100 brn
|cant|p2b: Feraligatr|flinch
|-activate|p1a: Kingambit|confusion
|move|p1a: Kingambit|Kowtow Cleave|p2a: Sneasler
|-resisted|p2a: Sneasler|1
|-damage|p2a: Sneasler|54/100
|
|-weather|none
|-damage|p2b: Feraligatr|77/100 brn|[from] brn
|upkeep
|turn|6
|
|t:|1785490981
|switch|p1b: Sinistcha|Sinistcha, L50|35/100 brn
|-heal|p1a: Kingambit|100/100|[from] ability: Hospitality|[of] p1b: Sinistcha
|-end|p1a: Kingambit|confusion
|move|p1a: Kingambit|Protect|p1a: Kingambit
|-singleturn|p1a: Kingambit|Protect
|move|p2a: Sneasler|Fake Out|p1b: Sinistcha
|-immune|p1b: Sinistcha
|move|p2b: Feraligatr|Dragon Dance|p2b: Feraligatr
|-boost|p2b: Feraligatr|atk|1
|-boost|p2b: Feraligatr|spe|1
|
|-damage|p2b: Feraligatr|71/100 brn|[from] brn
|-damage|p1b: Sinistcha|29/100 brn|[from] brn
|-sideend|p2: mega feraligatr xd|move: Tailwind
|upkeep
|turn|7
|inactive|Lorido has 30 seconds left.
|
|t:|1785491008
|switch|p1b: Incineroar|Incineroar, L50, F|65/100
|-ability|p1b: Incineroar|Intimidate|boost
|-unboost|p2a: Sneasler|atk|1
|-unboost|p2b: Feraligatr|atk|1
|-enditem|p2a: Sneasler|White Herb
|-clearnegativeboost|p2a: Sneasler|[silent]
|move|p2a: Sneasler|Protect|p2a: Sneasler
|-singleturn|p2a: Sneasler|Protect
|move|p2b: Feraligatr|Facade|p1b: Incineroar
|-damage|p1b: Incineroar|0 fnt
|faint|p1b: Incineroar
|move|p1a: Kingambit|Kowtow Cleave|p2b: Feraligatr
|-damage|p2b: Feraligatr|21/100 brn
|
|-damage|p2b: Feraligatr|15/100 brn|[from] brn
|upkeep
|
|t:|1785491025
|switch|p1b: Floette|Floette-Mega, L50, F|100/100
|-ability|p1b: Floette|Fairy Aura
|turn|8
|
|t:|1785491048
|move|p2b: Feraligatr|Protect|p2b: Feraligatr
|-singleturn|p2b: Feraligatr|Protect
|move|p1a: Kingambit|Sucker Punch||[still]
|-fail|p1a: Kingambit
|move|p2a: Sneasler|Dire Claw|p1b: Floette
|-supereffective|p1b: Floette|1
|-damage|p1b: Floette|24/100
|move|p1b: Floette|Draining Kiss|p2a: Sneasler
|-damage|p2a: Sneasler|3/100
|-heal|p1b: Floette|58/100|[from] drain|[of] p2a: Sneasler
|
|-damage|p2b: Feraligatr|9/100 brn|[from] brn
|upkeep
|turn|9
|c|☆mega feraligatr xd|!data rillaboom
|c|☆mega feraligatr xd|/raw Illegal  Rillaboom  OvergrowGrassy SurgeHP100 Atk125 Def90 SpA60 SpD70 Spe85 BST530 

|
|t:|1785491062
|move|p1b: Floette|Protect|p1b: Floette
|-singleturn|p1b: Floette|Protect
|move|p1a: Kingambit|Protect|p1a: Kingambit
|-singleturn|p1a: Kingambit|Protect
|move|p2a: Sneasler|Dire Claw|p1b: Floette
|-activate|p1b: Floette|move: Protect
|move|p2b: Feraligatr|Dragon Dance|p2b: Feraligatr
|-boost|p2b: Feraligatr|atk|1
|-boost|p2b: Feraligatr|spe|1
|
|-damage|p2b: Feraligatr|3/100 brn|[from] brn
|upkeep
|turn|10
|inactive|Lorido has 30 seconds left.
|
|t:|1785491093
|move|p2a: Sneasler|Dire Claw|p1b: Floette
|-supereffective|p1b: Floette|1
|-damage|p1b: Floette|0 fnt
|faint|p1b: Floette
|move|p2b: Feraligatr|Facade|p1a: Kingambit
|-resisted|p1a: Kingambit|1
|-damage|p1a: Kingambit|56/100
|move|p1a: Kingambit|Kowtow Cleave|p2a: Sneasler
|-resisted|p2a: Sneasler|1
|-crit|p2a: Sneasler
|-damage|p2a: Sneasler|0 fnt
|faint|p2a: Sneasler
|
|-damage|p2b: Feraligatr|0 fnt|[from] brn
|faint|p2b: Feraligatr
|upkeep
|l|☆mega feraligatr xd
|inactive|mega feraligatr xd disconnected and has a minute to reconnect!
|player|p2|
|inactive|mega feraligatr xd has 30 seconds left.
|inactive|mega feraligatr xd has 20 seconds left.
|inactive|mega feraligatr xd has 15 seconds left.
|inactive|mega feraligatr xd has 10 seconds left.
|inactive|mega feraligatr xd has 5 seconds left.
|-message|mega feraligatr xd lost due to inactivity.
|
|win|Lorido
