|j|☆dracojackson
|j|☆kojay
|html|dracojacksonkojay    
|uhtml|bestof|Game 3 of a best-of-3
|t:|1756754271
|gametype|doubles
|player|p1|dracojackson|hilbert|
|player|p2|kojay|kamado-armor|
|gen|9
|tier|[Gen 9] VGC 2025 Reg H (Bo3)
|rule|Species Clause: Limit one of each Pokémon
|rule|Item Clause: Limit 1 of each item
|clearpoke
|poke|p1|Porygon2, L50|
|poke|p1|Incineroar, L50, M|
|poke|p1|Ursaluna, L50, F|
|poke|p1|Amoonguss, L50, F|
|poke|p1|Gholdengo, L50|
|poke|p1|Dragonite, L50, M|
|poke|p2|Garchomp, L50, F|
|poke|p2|Sneasler, L50, M|
|poke|p2|Incineroar, L50, M|
|poke|p2|Dragonite, L50, F|
|poke|p2|Gholdengo, L50|
|poke|p2|Vivillon, L50, M|
|teampreview|4
|showteam|p1|Porygon2||Eviolite|Download|TeraBlast,IceBeam,Recover,TrickRoom||||||50|,,,,,Fighting]Incineroar||SafetyGoggles|Intimidate|FakeOut,KnockOff,FlareBlitz,PartingShot|||M|||50|,,,,,Ghost]Ursaluna||FlameOrb|Guts|HeadlongRush,Facade,Earthquake,Protect|||F|||50|,,,,,Ghost]Amoonguss||SitrusBerry|Regenerator|PollenPuff,Spore,RagePowder,Protect|||F|||50|,,,,,Water]Gholdengo||LifeOrb|GoodasGold|MakeItRain,ShadowBall,NastyPlot,Protect||||||50|,,,,,Dragon]Dragonite||LoadedDice|Multiscale|ScaleShot,Haze,Tailwind,Protect|||M|||50|,,,,,Steel
|showteam|p2|Garchomp||LifeOrb|RoughSkin|Earthquake,DragonClaw,StompingTantrum,Protect|||F|||50|,,,,,Ground]Sneasler||WhiteHerb|Unburden|Coaching,Protect,DireClaw,CloseCombat|||M|||50|,,,,,Ghost]Incineroar||SafetyGoggles|Intimidate|FakeOut,FlareBlitz,KnockOff,PartingShot|||M|||50|,,,,,Ghost]Dragonite||LoadedDice|InnerFocus|TeraBlast,ScaleShot,Tailwind,Protect|||F|||50|,,,,,Flying]Gholdengo||ChoiceScarf|GoodasGold|MakeItRain,ShadowBall,Trick,Thunderbolt||||||50|,,,,,Steel]Vivillon||FocusSash|CompoundEyes|Hurricane,SleepPowder,RagePowder,Protect|||M|||50|,,,,,Ghost
|
|t:|1756754308
|teamsize|p1|4
|teamsize|p2|4
|start
|switch|p1a: Tomato|Incineroar, L50, M|100/100
|switch|p1b: Clanker|Porygon2, L50|100/100
|switch|p2a: Vivillon|Vivillon, L50, M|100/100
|switch|p2b: Dragonite|Dragonite, L50, F, shiny|100/100
|-ability|p1a: Tomato|Intimidate|boost
|-unboost|p2a: Vivillon|atk|1
|-fail|p2b: Dragonite|unboost|Attack|[from] ability: Inner Focus|[of] p2b: Dragonite
|-ability|p1b: Clanker|Download|boost
|-boost|p1b: Clanker|atk|1
|turn|1
|j| Como Se Dice Ben
|c| Como Se Dice Ben|Ben
|
|t:|1756754328
|-terastallize|p2b: Dragonite|Flying
|move|p1a: Tomato|Fake Out|p2a: Vivillon
|-damage|p2a: Vivillon|73/100
|cant|p2a: Vivillon|flinch
|move|p2b: Dragonite|Tera Blast|p1b: Clanker|[anim] Tera Blast Flying
|-damage|p1b: Clanker|60/100
|move|p1b: Clanker|Trick Room|p1b: Clanker
|-fieldstart|move: Trick Room|[of] p1b: Clanker
|
|upkeep
|turn|2
|
|t:|1756754366
|switch|p1b: LaFawnduh|Amoonguss, L50, F, shiny|100/100
|move|p2a: Vivillon|Protect|p2a: Vivillon
|-singleturn|p2a: Vivillon|Protect
|move|p1a: Tomato|Knock Off|p2a: Vivillon
|-activate|p2a: Vivillon|move: Protect
|move|p2b: Dragonite|Tera Blast|p1a: Tomato|[anim] Tera Blast Flying
|-damage|p1a: Tomato|37/100
|
|upkeep
|turn|3
|
|t:|1756754380
|switch|p2b: Gholdengo|Gholdengo, L50|100/100
|switch|p2a: Dalinar|Incineroar, L50, M, shiny|100/100
|-ability|p2a: Dalinar|Intimidate|boost
|-unboost|p1a: Tomato|atk|1
|-unboost|p1b: LaFawnduh|atk|1
|move|p1b: LaFawnduh|Pollen Puff|p1a: Tomato
|-heal|p1a: Tomato|87/100
|move|p1a: Tomato|Parting Shot|p2a: Dalinar
|-unboost|p2a: Dalinar|atk|1
|-unboost|p2a: Dalinar|spa|1
|
|t:|1756754391
|switch|p1a: IGOR|Ursaluna, L50, F, shiny|100/100|[from] Parting Shot
|
|-status|p1a: IGOR|brn|[from] item: Flame Orb
|upkeep
|turn|4
|
|t:|1756754428
|switch|p2b: Vivillon|Vivillon, L50, M|73/100
|-terastallize|p1a: IGOR|Ghost
|move|p1b: LaFawnduh|Spore|p2a: Dalinar
|-activate|p2a: Dalinar|item: Safety Goggles|Spore
|move|p2a: Dalinar|Parting Shot|p1a: IGOR
|-unboost|p1a: IGOR|atk|1
|-unboost|p1a: IGOR|spa|1
|
|t:|1756754439
|switch|p2a: Dragonite|Dragonite, L50, F, shiny, tera:Flying|100/100|[from] Parting Shot
|move|p1a: IGOR|Earthquake|p2b: Vivillon|[spread] p1b
|-immune|p2a: Dragonite
|-immune|p2b: Vivillon
|-damage|p1b: LaFawnduh|68/100
|
|-damage|p1a: IGOR|95/100 brn|[from] brn
|upkeep
|turn|5
|
|t:|1756754466
|switch|p1a: Clanker|Porygon2, L50|60/100
|-ability|p1a: Clanker|Download|boost
|-boost|p1a: Clanker|atk|1
|move|p2b: Vivillon|Protect|p2b: Vivillon
|-singleturn|p2b: Vivillon|Protect
|move|p1b: LaFawnduh|Pollen Puff|p1a: Clanker
|-heal|p1a: Clanker|100/100
|move|p2a: Dragonite|Tera Blast|p1b: LaFawnduh|[anim] Tera Blast Flying
|-supereffective|p1b: LaFawnduh
|-damage|p1b: LaFawnduh|0 fnt
|faint|p1b: LaFawnduh
|
|-fieldend|move: Trick Room
|upkeep
|
|t:|1756754476
|switch|p1b: Tomato|Incineroar, L50, M|87/100
|-ability|p1b: Tomato|Intimidate|boost
|-fail|p2a: Dragonite|unboost|Attack|[from] ability: Inner Focus|[of] p2a: Dragonite
|-unboost|p2b: Vivillon|atk|1
|turn|6
|
|t:|1756754499
|move|p1b: Tomato|Fake Out|p2b: Vivillon
|-damage|p2b: Vivillon|49/100
|cant|p2b: Vivillon|flinch
|move|p2a: Dragonite|Tera Blast|p1b: Tomato|[anim] Tera Blast Flying
|-damage|p1b: Tomato|23/100
|move|p1a: Clanker|Trick Room|p1a: Clanker
|-fieldstart|move: Trick Room|[of] p1a: Clanker
|
|upkeep
|turn|7
|
|t:|1756754513
|move|p2a: Dragonite|Protect|p2a: Dragonite
|-singleturn|p2a: Dragonite|Protect
|move|p2b: Vivillon|Protect|p2b: Vivillon
|-singleturn|p2b: Vivillon|Protect
|move|p1a: Clanker|Ice Beam|p2a: Dragonite
|-activate|p2a: Dragonite|move: Protect
|move|p1b: Tomato|Knock Off|p2a: Dragonite
|-activate|p2a: Dragonite|move: Protect
|
|upkeep
|turn|8
|
|t:|1756754551
|move|p2b: Vivillon|Rage Powder|p2b: Vivillon
|-singleturn|p2b: Vivillon|move: Rage Powder
|move|p1a: Clanker|Ice Beam|p2b: Vivillon
|-supereffective|p2b: Vivillon
|-damage|p2b: Vivillon|0 fnt
|faint|p2b: Vivillon
|move|p1b: Tomato|Parting Shot|p2a: Dragonite
|-unboost|p2a: Dragonite|atk|1
|-unboost|p2a: Dragonite|spa|1
|
|t:|1756754555
|switch|p1b: IGOR|Ursaluna, L50, F, shiny, tera:Ghost|95/100 brn|[from] Parting Shot
|move|p2a: Dragonite|Tera Blast|p1b: IGOR|[anim] Tera Blast Flying
|-damage|p1b: IGOR|67/100 brn
|
|-damage|p1b: IGOR|61/100 brn|[from] brn
|upkeep
|
|t:|1756754568
|switch|p2b: Dalinar|Incineroar, L50, M, shiny|100/100
|-ability|p2b: Dalinar|Intimidate|boost
|-unboost|p1a: Clanker|atk|1
|-unboost|p1b: IGOR|atk|1
|turn|9
|
|t:|1756754610
|switch|p2a: Gholdengo|Gholdengo, L50|100/100
|move|p1b: IGOR|Protect|p1b: IGOR
|-singleturn|p1b: IGOR|Protect
|move|p1a: Clanker|Ice Beam|p2a: Gholdengo
|-resisted|p2a: Gholdengo
|-damage|p2a: Gholdengo|85/100
|move|p2b: Dalinar|Knock Off|p1b: IGOR
|-activate|p1b: IGOR|move: Protect
|
|-damage|p1b: IGOR|55/100 brn|[from] brn
|upkeep
|turn|10
|
|t:|1756754663
|switch|p1a: Tomato|Incineroar, L50, M|23/100
|-ability|p1a: Tomato|Intimidate|boost
|-unboost|p2a: Gholdengo|atk|1
|-unboost|p2b: Dalinar|atk|1
|move|p2b: Dalinar|Knock Off|p1b: IGOR
|-supereffective|p1b: IGOR
|-damage|p1b: IGOR|11/100 brn
|-enditem|p1b: IGOR|Flame Orb|[from] move: Knock Off|[of] p2b: Dalinar
|move|p1b: IGOR|Headlong Rush|p2a: Gholdengo
|-supereffective|p2a: Gholdengo
|-damage|p2a: Gholdengo|0 fnt
|-unboost|p1b: IGOR|def|1
|-unboost|p1b: IGOR|spd|1
|faint|p2a: Gholdengo
|
|-damage|p1b: IGOR|5/100 brn|[from] brn
|-fieldend|move: Trick Room
|upkeep
|
|t:|1756754673
|switch|p2a: Dragonite|Dragonite, L50, F, shiny, tera:Flying|100/100
|turn|11
|
|t:|1756754711
|switch|p1b: Clanker|Porygon2, L50|100/100
|-ability|p1b: Clanker|Download|boost
|-boost|p1b: Clanker|atk|1
|move|p1a: Tomato|Fake Out|p2b: Dalinar
|-damage|p2b: Dalinar|89/100
|move|p2a: Dragonite|Tera Blast|p1b: Clanker|[anim] Tera Blast Flying
|-damage|p1b: Clanker|58/100
|cant|p2b: Dalinar|flinch
|
|upkeep
|turn|12
|
|t:|1756754729
|move|p2a: Dragonite|Tera Blast|p1b: Clanker|[anim] Tera Blast Flying
|-damage|p1b: Clanker|16/100
|move|p1a: Tomato|Flare Blitz|p2a: Dragonite
|-damage|p2a: Dragonite|38/100
|-damage|p1a: Tomato|5/100|[from] Recoil
|move|p2b: Dalinar|Flare Blitz|p1b: Clanker
|-damage|p1b: Clanker|0 fnt
|faint|p1b: Clanker
|-damage|p2b: Dalinar|84/100|[from] Recoil
|
|upkeep
|c|☆dracojackson|Wtf
|c|☆dracojackson|is ur incin
|c|☆kojay|fun set
|c|☆dracojackson|ur faster than p2
|c|☆dracojackson|slower than ursa
|c|☆dracojackson|wtf
|
|t:|1756754764
|switch|p1b: IGOR|Ursaluna, L50, F, shiny, tera:Ghost|5/100 brn
|turn|13
|c| Como Se Dice Ben|lmao benjamin
|c| Como Se Dice Ben|great set, lads
|
|t:|1756754780
|move|p2a: Dragonite|Protect|p2a: Dragonite
|-singleturn|p2a: Dragonite|Protect
|move|p1a: Tomato|Flare Blitz|p2a: Dragonite
|-activate|p2a: Dragonite|move: Protect
|move|p1b: IGOR|Facade|p2b: Dalinar
|-damage|p2b: Dalinar|0 fnt
|faint|p2b: Dalinar
|
|-damage|p1b: IGOR|0 fnt|[from] brn
|faint|p1b: IGOR
|upkeep
|turn|14
|
|t:|1756754788
|move|p2a: Dragonite|Tera Blast|p1a: Tomato|[anim] Tera Blast Flying
|-damage|p1a: Tomato|0 fnt
|faint|p1a: Tomato
|
|win|kojay
|c|☆dracojackson|Ggs
|c|☆kojay|ggs
|c|☆dracojackson|I hate ur cat
|c|☆dracojackson|Is that specifically for p2luna
|c|☆kojay|lol i forgot to update it
|c|☆kojay|its what ive been running all reg yeah, 84
|c|☆dracojackson|Ew
