|j|☆14#coder9
|j|☆thorfraiowa
|html|14#coder9thorfraiowa    
|uhtml|bestof|Game 2 of a best-of-3
|t:|1785865405
|gametype|doubles
|player|p1|14#coder9|unknown|1149
|player|p2|thorfraiowa|palmer|1076
|gen|9
|tier|[Gen 9 Champions] VGC 2026 Reg M-B (Bo3)
|rated|
|rule|Species Clause: Limit one of each Pokémon
|rule|Item Clause: Limit 1 of each item
|clearpoke
|poke|p1|Charizard, L50, M, shiny|
|poke|p1|Whimsicott, L50, F, shiny|
|poke|p1|Incineroar, L50, F|
|poke|p1|Garchomp, L50, M, shiny|
|poke|p1|Rotom-Wash, L50|
|poke|p1|Staraptor, L50, M|
|poke|p2|Mawile, L50, F|
|poke|p2|Zoroark-Hisui, L50, F|
|poke|p2|Farigiraf, L50, M|
|poke|p2|Heracross, L50, F|
|poke|p2|Sinistcha-Masterpiece, L50|
|poke|p2|Samurott-Hisui, L50, F|
|teampreview|4
|showteam|p1|Charizard||CharizarditeY|Blaze|HeatWave,Overheat,SolarBeam,Protect|Modest||M|||50|]Whimsicott||FocusSash|Prankster|SunnyDay,Tailwind,Moonblast,Encore|Timid||F|||50|]Incineroar||ChopleBerry|Intimidate|FlareBlitz,PartingShot,FakeOut,ThroatChop|Careful||F|||50|]Garchomp||LifeOrb|RoughSkin|RockSlide,DragonClaw,Earthquake,Protect|Jolly||M|||50|]Rotom-Wash||SitrusBerry|Levitate|HydroPump,VoltSwitch,WillOWisp,Electroweb|Bold|||||50|]Staraptor||Staraptite|Intimidate|Protect,CloseCombat,BraveBird,Roost|Jolly||M|||50|
|showteam|p2|Mawile||Mawilite|HyperCutter|PlayRough,RockSlide,SuckerPunch,Protect|Adamant||F|||50|]Zoroark-Hisui||FocusSash|Illusion|BitterMalice,HyperVoice,Snarl,Protect|Hasty||F|||50|]Farigiraf||ColburBerry|ArmorTail|TrickRoom,Thunderbolt,PsychicNoise,Reflect|Sassy||M|||50|]Heracross||Heracronite|Swarm|PinMissile,RockBlast,CloseCombat,Detect|Brave||F|||50|]Sinistcha-Masterpiece||SitrusBerry|Hospitality|TrickRoom,RagePowder,MatchaGotcha,Protect|Sassy|||||50|]Samurott-Hisui||LifeOrb|Sharpness|ThroatChop,SuckerPunch,FlipTurn,Protect|Adamant||F|||50|
|inactive|Battle timer is ON: inactive players will automatically lose when time's up. (requested by 14#coder9)
|inactive|thorfraiowa has 60 seconds left.
|
|t:|1785865440
|teamsize|p1|4
|teamsize|p2|4
|start
|switch|p1a: Rotom|Rotom-Wash, L50|100/100
|switch|p1b: Charizard|Charizard, L50, M, shiny|100/100
|switch|p2a: Samurott|Samurott-Hisui, L50, F|100/100
|switch|p2b: Farigiraf|Farigiraf, L50, M|100/100
|turn|1
|
|t:|1785865464
|detailschange|p1b: Charizard|Charizard-Mega-Y, L50, M, shiny
|-mega|p1b: Charizard|Charizard|Charizardite Y
|-weather|SunnyDay|[from] ability: Drought|[of] p1b: Charizard
|move|p2a: Samurott|Snarl|p1b: Charizard|[spread] p1a,p1b
|-damage|p1a: Rotom|85/100
|-damage|p1b: Charizard|87/100
|-unboost|p1a: Rotom|spa|1
|-unboost|p1b: Charizard|spa|1
|move|p1b: Charizard|Overheat|p2b: Farigiraf
|-damage|p2b: Farigiraf|37/100
|-unboost|p1b: Charizard|spa|2
|move|p1a: Rotom|Volt Switch|p2b: Farigiraf
|-damage|p2b: Farigiraf|23/100
|
|t:|1785865477
|switch|p1a: Whimsicott|Whimsicott, L50, F, shiny|100/100|[from] Volt Switch
|move|p2b: Farigiraf|Reflect|p2b: Farigiraf
|-sidestart|p2: thorfraiowa|Reflect
|
|-weather|SunnyDay|[upkeep]
|upkeep
|turn|2
|
|t:|1785865498
|switch|p1b: Rotom|Rotom-Wash, L50|85/100
|switch|p2b: Mawile|Mawile, L50, F|100/100
|move|p1a: Whimsicott|Encore||[still]
|-fail|p1a: Whimsicott
|move|p2a: Samurott|Hyper Voice|p1a: Whimsicott|[spread] p1a,p1b
|-damage|p1a: Whimsicott|62/100
|-damage|p1b: Rotom|49/100
|-enditem|p1b: Rotom|Sitrus Berry|[eat]
|-heal|p1b: Rotom|74/100|[from] item: Sitrus Berry
|
|-weather|SunnyDay|[upkeep]
|upkeep
|turn|3
|inactive|thorfraiowa has 30 seconds left.
|
|t:|1785865524
|switch|p1a: Incineroar|Incineroar, L50, F|100/100
|-ability|p1a: Incineroar|Intimidate|boost
|-unboost|p2a: Samurott|atk|1
|-fail|p2b: Mawile|unboost|Attack|[from] ability: Hyper Cutter|[of] p2b: Mawile
|detailschange|p2b: Mawile|Mawile-Mega, L50, F
|-mega|p2b: Mawile|Mawile|Mawilite
|move|p2a: Samurott|Snarl|p1a: Incineroar|[spread] p1a,p1b
|-resisted|p1a: Incineroar|1
|-damage|p1a: Incineroar|94/100
|-damage|p1b: Rotom|60/100
|-unboost|p1a: Incineroar|spa|1
|-unboost|p1b: Rotom|spa|1
|move|p1b: Rotom|Will-O-Wisp|p2b: Mawile
|-status|p2b: Mawile|brn
|move|p2b: Mawile|Rock Slide|p1a: Incineroar|[spread] p1a,p1b
|-supereffective|p1a: Incineroar|1
|-damage|p1a: Incineroar|60/100
|-damage|p1b: Rotom|43/100
|
|-weather|SunnyDay|[upkeep]
|-damage|p2b: Mawile|94/100 brn|[from] brn
|upkeep
|turn|4
|inactive|14#coder9 has 30 seconds left.
|inactive|thorfraiowa has 30 seconds left.
|
|t:|1785865558
|move|p2b: Mawile|Protect|p2b: Mawile
|-singleturn|p2b: Mawile|Protect
|move|p2a: Samurott|Hyper Voice|p1b: Rotom|[spread] p1a,p1b
|-damage|p1a: Incineroar|32/100
|-damage|p1b: Rotom|7/100
|move|p1b: Rotom|Volt Switch|p2a: Samurott
|-damage|p2a: Samurott|64/100
|replace|p2a: Zoroark|Zoroark-Hisui, L50, F
|-end|p2a: Zoroark|Illusion
|
|t:|1785865569
|switch|p1b: Charizard|Charizard-Mega-Y, L50, M, shiny|87/100|[from] Volt Switch
|move|p1a: Incineroar|Parting Shot|p2a: Zoroark
|-unboost|p2a: Zoroark|atk|1
|-unboost|p2a: Zoroark|spa|1
|
|t:|1785865575
|switch|p1a: Whimsicott|Whimsicott, L50, F, shiny|62/100|[from] Parting Shot
|
|-weather|SunnyDay|[upkeep]
|-damage|p2b: Mawile|88/100 brn|[from] brn
|upkeep
|turn|5
|
|t:|1785865590
|switch|p2b: Samurott|Samurott-Hisui, L50, F|100/100
|move|p1a: Whimsicott|Tailwind|p1a: Whimsicott
|-sidestart|p1: 14#coder9|move: Tailwind
|move|p1b: Charizard|Heat Wave|p2b: Samurott|[spread] p2a,p2b
|-resisted|p2b: Samurott|1
|-damage|p2a: Zoroark|0 fnt
|-damage|p2b: Samurott|60/100
|faint|p2a: Zoroark
|
|-weather|none
|-sideend|p2: thorfraiowa|Reflect
|upkeep
|
|t:|1785865598
|switch|p2a: Farigiraf|Farigiraf, L50, M|23/100
|turn|6
|inactive|thorfraiowa has 30 seconds left.
|
|t:|1785865631
|move|p1a: Whimsicott|Sunny Day|p1a: Whimsicott
|-weather|SunnyDay
|move|p1b: Charizard|Solar Beam||[still]
|-prepare|p1b: Charizard|Solar Beam
|-anim|p1b: Charizard|Solar Beam|p2b: Samurott
|-supereffective|p2b: Samurott|1
|-damage|p2b: Samurott|0 fnt
|faint|p2b: Samurott
|move|p2a: Farigiraf|Trick Room|p2a: Farigiraf
|-fieldstart|move: Trick Room|[of] p2a: Farigiraf
|
|-weather|SunnyDay|[upkeep]
|upkeep
|
|t:|1785865636
|switch|p2b: Mawile|Mawile-Mega, L50, F|88/100 brn
|turn|7
|
|t:|1785865645
|switch|p1b: Incineroar|Incineroar, L50, F|32/100
|-ability|p1b: Incineroar|Intimidate|boost
|-unboost|p2a: Farigiraf|atk|1
|-unboost|p2b: Mawile|atk|1
|move|p1a: Whimsicott|Encore||[still]
|cant|p2a: Farigiraf|ability: Armor Tail|Encore|[of] p1a: Whimsicott
|move|p2b: Mawile|Rock Slide|p1a: Whimsicott|[spread] p1a,p1b
|-supereffective|p1b: Incineroar|1
|-damage|p1a: Whimsicott|49/100
|-damage|p1b: Incineroar|8/100
|move|p2a: Farigiraf|Psychic Noise|p1a: Whimsicott
|-damage|p1a: Whimsicott|13/100
|-start|p1a: Whimsicott|move: Heal Block
|
|-weather|SunnyDay|[upkeep]
|-damage|p2b: Mawile|83/100 brn|[from] brn
|upkeep
|turn|8
|
|t:|1785865668
|switch|p1b: Rotom|Rotom-Wash, L50|7/100
|move|p2b: Mawile|Rock Slide|p1a: Whimsicott|[spread] p1a,p1b
|-damage|p1a: Whimsicott|1/100
|-damage|p1b: Rotom|0 fnt
|faint|p1b: Rotom
|move|p2a: Farigiraf|Thunderbolt|p1a: Whimsicott
|-resisted|p1a: Whimsicott|1
|-damage|p1a: Whimsicott|0 fnt
|faint|p1a: Whimsicott
|
|-weather|SunnyDay|[upkeep]
|-damage|p2b: Mawile|77/100 brn|[from] brn
|-sideend|p1: 14#coder9|move: Tailwind
|upkeep
|
|t:|1785865680
|switch|p1b: Charizard|Charizard-Mega-Y, L50, M, shiny|87/100
|switch|p1a: Incineroar|Incineroar, L50, F|8/100
|-ability|p1a: Incineroar|Intimidate|boost
|-unboost|p2a: Farigiraf|atk|1
|-unboost|p2b: Mawile|atk|1
|turn|9
|
|t:|1785865688
|move|p2b: Mawile|Rock Slide|p1a: Incineroar|[spread] p1a,p1b
|-supereffective|p1a: Incineroar|1
|-supereffective|p1b: Charizard|2
|-damage|p1a: Incineroar|0 fnt
|-damage|p1b: Charizard|46/100
|faint|p1a: Incineroar
|move|p2a: Farigiraf|Thunderbolt|p1b: Charizard
|-supereffective|p1b: Charizard|1
|-damage|p1b: Charizard|9/100
|move|p1b: Charizard|Heat Wave|p2b: Mawile|[spread] p2a,p2b
|-crit|p2a: Farigiraf
|-supereffective|p2b: Mawile|1
|-damage|p2a: Farigiraf|0 fnt
|-damage|p2b: Mawile|0 fnt
|faint|p2a: Farigiraf
|faint|p2b: Mawile
|
|win|14#coder9
|raw|14#coder9's rating: 1149 → 1169(+20 for winning)
|raw|thorfraiowa's rating: 1076 → 1059(-17 for losing)
|c|☆14#coder9|gg
|c|☆thorfraiowa|Wp
|l|☆thorfraiowa
|player|p2|
