|j|☆ELIAS TRESCIENTOS
|j|☆Refanner
|html|ELIAS TRESCIENTOSRefanner    
|uhtml|bestof|Game 1 of a best-of-3
|t:|1782737686
|gametype|doubles
|player|p1|ELIAS TRESCIENTOS|1|1223
|player|p2|Refanner|102|1120
|gen|9
|tier|[Gen 9 Champions] VGC 2026 Reg M-B (Bo3)
|rated|
|rule|Species Clause: Limit one of each Pokémon
|rule|Item Clause: Limit 1 of each item
|clearpoke
|poke|p1|Gengar, L50, F|
|poke|p1|Scrafty, L50, M|
|poke|p1|Incineroar, L50, F|
|poke|p1|Snorlax, L50, F|
|poke|p1|Ninetales-Alola, L50, F|
|poke|p1|Dragonite, L50, M|
|poke|p2|Staraptor, L50, M|
|poke|p2|Raichu, L50, M|
|poke|p2|Sinistcha-Masterpiece, L50|
|poke|p2|Incineroar, L50, M|
|poke|p2|Metagross, L50|
|poke|p2|Hydreigon, L50, M|
|teampreview|4
|showteam|p1|Gengar||Gengarite|CursedBody|SludgeBomb,ShadowBall,Protect,PerishSong|Modest||F|||50|]Scrafty||Scraftinite|Intimidate|FakeOut,CloseCombat,KnockOff,Detect|Careful||M|||50|]Incineroar||SitrusBerry|Intimidate|Protect,FakeOut,PartingShot,FlareBlitz|Impish||F|||50|]Snorlax||Leftovers|ThickFat|Protect,Yawn,DoubleEdge,Fissure|Relaxed||F|||50|]Ninetales-Alola||FocusSash|SnowWarning|Protect,Encore,Disable,Blizzard|Timid||F|||50|]Dragonite||DragonFang|Multiscale|DragonClaw,LowKick,ExtremeSpeed,Protect|Adamant||M|||50|
|showteam|p2|Staraptor||Staraptite|Intimidate|CloseCombat,BraveBird,Roost,Protect|Adamant||M|||50|]Raichu||RaichuniteX|LightningRod|VoltTackle,VoltSwitch,PlayRough,FakeOut|Hasty||M|||50|]Sinistcha-Masterpiece||KasibBerry|Hospitality|MatchaGotcha,RagePowder,TrickRoom,Protect|Bold|||||50|]Incineroar||SitrusBerry|Intimidate|FlareBlitz,FakeOut,DarkestLariat,PartingShot|Adamant||M|||50|]Metagross||MetalCoat|ClearBody|IronHead,PsychicFangs,StompingTantrum,Protect|Adamant|||||50|]Hydreigon||ChoiceScarf|Levitate|DarkPulse,Snarl,DracoMeteor,EarthPower|Timid||M|||50|
|inactive|Battle timer is ON: inactive players will automatically lose when time's up. (requested by ELIAS TRESCIENTOS)
|
|t:|1782737732
|teamsize|p1|4
|teamsize|p2|4
|start
|switch|p1a: Gengar|Gengar, L50, F|100/100
|switch|p1b: Incineroar|Incineroar, L50, F|100/100
|switch|p2a: Incineroar|Incineroar, L50, M|100/100
|switch|p2b: Raichu|Raichu, L50, M|100/100
|-ability|p1b: Incineroar|Intimidate|boost
|-unboost|p2a: Incineroar|atk|1
|-unboost|p2b: Raichu|atk|1
|-ability|p2a: Incineroar|Intimidate|boost
|-unboost|p1a: Gengar|atk|1
|-unboost|p1b: Incineroar|atk|1
|turn|1
|inactive|ELIAS TRESCIENTOS has 30 seconds left.
|
|t:|1782737760
|switch|p1a: Scrafty|Scrafty, L50, M|100/100
|-ability|p1a: Scrafty|Intimidate|boost
|-unboost|p2a: Incineroar|atk|1
|-unboost|p2b: Raichu|atk|1
|detailschange|p2b: Raichu|Raichu-Mega-X, L50, M
|-mega|p2b: Raichu|Raichu|Raichunite X
|-fieldstart|move: Electric Terrain|[from] ability: Electric Surge|[of] p2b: Raichu
|move|p1b: Incineroar|Protect|p1b: Incineroar
|-singleturn|p1b: Incineroar|Protect
|move|p2b: Raichu|Fake Out|p1b: Incineroar
|-activate|p1b: Incineroar|move: Protect
|move|p2a: Incineroar|Darkest Lariat|p1a: Scrafty
|-resisted|p1a: Scrafty|2
|-damage|p1a: Scrafty|95/100
|
|upkeep
|turn|2
|
|t:|1782737779
|move|p1a: Scrafty|Fake Out|p2b: Raichu
|-damage|p2b: Raichu|86/100
|cant|p2b: Raichu|flinch
|move|p1b: Incineroar|Flare Blitz|p2b: Raichu
|-damage|p2b: Raichu|40/100
|-damage|p1b: Incineroar|89/100|[from] Recoil
|move|p2a: Incineroar|Parting Shot|p1a: Scrafty
|-unboost|p1a: Scrafty|atk|1
|-unboost|p1a: Scrafty|spa|1
|
|t:|1782737790
|switch|p2a: Hydreigon|Hydreigon, L50, M|100/100|[from] Parting Shot
|
|upkeep
|turn|3
|inactive|Refanner has 30 seconds left.
|inactive|Refanner has 20 seconds left.
|inactive|Refanner has 15 seconds left.
|
|t:|1782737831
|switch|p2a: Incineroar|Incineroar, L50, M|100/100
|-ability|p2a: Incineroar|Intimidate|boost
|-unboost|p1a: Scrafty|atk|1
|-unboost|p1b: Incineroar|atk|1
|move|p1a: Scrafty|Detect|p1a: Scrafty
|-singleturn|p1a: Scrafty|Protect
|move|p2b: Raichu|Volt Switch|p1a: Scrafty
|-activate|p1a: Scrafty|move: Protect
|move|p1b: Incineroar|Parting Shot|p2a: Incineroar
|-unboost|p2a: Incineroar|atk|1
|-unboost|p2a: Incineroar|spa|1
|
|t:|1782737846
|switch|p1b: Ninetales|Ninetales-Alola, L50, F|100/100|[from] Parting Shot
|-weather|Snowscape|[from] ability: Snow Warning|[of] p1b: Ninetales
|
|-weather|Snowscape|[upkeep]
|upkeep
|turn|4
|
|t:|1782737870
|switch|p1b: Incineroar|Incineroar, L50, F|89/100
|-ability|p1b: Incineroar|Intimidate|boost
|-unboost|p2a: Incineroar|atk|1
|-unboost|p2b: Raichu|atk|1
|move|p2b: Raichu|Volt Switch|p1a: Scrafty
|-damage|p1a: Scrafty|71/100
|
|t:|1782737877
|switch|p2b: Metagross|Metagross, L50|100/100|[from] Volt Switch
|move|p2a: Incineroar|Flare Blitz|p1b: Incineroar
|-resisted|p1b: Incineroar|1
|-damage|p1b: Incineroar|79/100
|-damage|p2a: Incineroar|96/100|[from] Recoil
|move|p1a: Scrafty|Close Combat|p2a: Incineroar
|-supereffective|p2a: Incineroar|1
|-damage|p2a: Incineroar|56/100
|-unboost|p1a: Scrafty|def|1
|-unboost|p1a: Scrafty|spd|1
|
|-weather|Snowscape|[upkeep]
|upkeep
|turn|5
|
|t:|1782737901
|move|p1b: Incineroar|Fake Out|p2a: Incineroar
|-damage|p2a: Incineroar|46/100
|-enditem|p2a: Incineroar|Sitrus Berry|[eat]
|-heal|p2a: Incineroar|71/100|[from] item: Sitrus Berry
|move|p2b: Metagross|Iron Head|p1a: Scrafty
|-damage|p1a: Scrafty|0 fnt
|faint|p1a: Scrafty
|cant|p2a: Incineroar|flinch
|
|-weather|Snowscape|[upkeep]
|-fieldend|move: Electric Terrain
|upkeep
|
|t:|1782737911
|switch|p1a: Gengar|Gengar, L50, F|100/100
|turn|6
|
|t:|1782737919
|detailschange|p1a: Gengar|Gengar-Mega, L50, F
|-mega|p1a: Gengar|Gengar|Gengarite
|move|p1a: Gengar|Shadow Ball|p2b: Metagross
|-supereffective|p2b: Metagross|1
|-damage|p2b: Metagross|8/100
|move|p2b: Metagross|Psychic Fangs|p1a: Gengar
|-supereffective|p1a: Gengar|1
|-damage|p1a: Gengar|0 fnt
|faint|p1a: Gengar
|move|p1b: Incineroar|Parting Shot|p2a: Incineroar
|-unboost|p2a: Incineroar|atk|1
|-unboost|p2a: Incineroar|spa|1
|
|t:|1782737925
|switch|p1b: Ninetales|Ninetales-Alola, L50, F|100/100|[from] Parting Shot
|move|p2a: Incineroar|Darkest Lariat|p1b: Ninetales
|-resisted|p1b: Ninetales|1
|-damage|p1b: Ninetales|91/100
|
|-weather|Snowscape|[upkeep]
|upkeep
|
|t:|1782737926
|switch|p1a: Incineroar|Incineroar, L50, F|79/100
|-ability|p1a: Incineroar|Intimidate|boost
|-unboost|p2a: Incineroar|atk|1
|-fail|p2b: Metagross|unboost|[from] ability: Clear Body|[of] p2b: Metagross
|turn|7
|
|t:|1782737938
|move|p2b: Metagross|Protect|p2b: Metagross
|-singleturn|p2b: Metagross|Protect
|move|p1a: Incineroar|Fake Out|p2a: Incineroar
|-damage|p2a: Incineroar|61/100
|move|p1b: Ninetales|Blizzard|p2a: Incineroar|[spread] p2a
|-activate|p2b: Metagross|move: Protect
|-resisted|p2a: Incineroar|1
|-damage|p2a: Incineroar|48/100
|cant|p2a: Incineroar|flinch
|
|-weather|none
|upkeep
|turn|8
|
|t:|1782737948
|switch|p2b: Hydreigon|Hydreigon, L50, M|100/100
|move|p1b: Ninetales|Blizzard|p2b: Hydreigon|[spread] p2b
|-miss|p1b: Ninetales|p2a: Incineroar
|-supereffective|p2b: Hydreigon|1
|-damage|p2b: Hydreigon|21/100
|move|p1a: Incineroar|Flare Blitz|p2a: Incineroar
|-resisted|p2a: Incineroar|1
|-damage|p2a: Incineroar|24/100
|-damage|p1a: Incineroar|71/100|[from] Recoil
|move|p2a: Incineroar|Parting Shot|p1b: Ninetales
|-unboost|p1b: Ninetales|atk|1
|-unboost|p1b: Ninetales|spa|1
|
|t:|1782737963
|switch|p2a: Raichu|Raichu-Mega-X, L50, M|40/100|[from] Parting Shot
|-fieldstart|move: Electric Terrain|[from] ability: Electric Surge|[of] p2a: Raichu
|
|upkeep
|turn|9
|inactive|Refanner has 30 seconds left.
|
|t:|1782737989
|move|p1b: Ninetales|Protect|p1b: Ninetales
|-singleturn|p1b: Ninetales|Protect
|move|p1a: Incineroar|Protect|p1a: Incineroar
|-singleturn|p1a: Incineroar|Protect
|move|p2b: Hydreigon|Earth Power|p1b: Ninetales
|-activate|p1b: Ninetales|move: Protect
|move|p2a: Raichu|Volt Tackle|p1a: Incineroar
|-activate|p1a: Incineroar|move: Protect
|
|upkeep
|turn|10
|
|t:|1782738000
|move|p2b: Hydreigon|Earth Power|p1b: Ninetales
|-damage|p1b: Ninetales|55/100
|move|p2a: Raichu|Volt Tackle|p1a: Incineroar
|-damage|p1a: Incineroar|12/100
|-enditem|p1a: Incineroar|Sitrus Berry|[eat]
|-heal|p1a: Incineroar|37/100|[from] item: Sitrus Berry
|-damage|p2a: Raichu|12/100|[from] Recoil
|move|p1b: Ninetales|Disable|p2b: Hydreigon
|-start|p2b: Hydreigon|Disable|Earth Power
|move|p1a: Incineroar|Flare Blitz|p2a: Raichu
|-crit|p2a: Raichu
|-damage|p2a: Raichu|0 fnt
|faint|p2a: Raichu
|-damage|p1a: Incineroar|34/100|[from] Recoil
|
|upkeep
|
|t:|1782738019
|switch|p2a: Metagross|Metagross, L50|8/100
|turn|11
|
|t:|1782738028
|move|p2a: Metagross|Protect|p2a: Metagross
|-singleturn|p2a: Metagross|Protect
|-activate|p2b: Hydreigon|move: Struggle
|move|p2b: Hydreigon|Struggle|p1b: Ninetales
|-damage|p1b: Ninetales|39/100
|-damage|p2b: Hydreigon|0 fnt|[from] recoil
|faint|p2b: Hydreigon
|move|p1b: Ninetales|Blizzard|p2a: Metagross
|-activate|p2a: Metagross|move: Protect
|move|p1a: Incineroar|Flare Blitz|p2a: Metagross
|-activate|p2a: Metagross|move: Protect
|
|upkeep
|
|t:|1782738036
|switch|p2b: Incineroar|Incineroar, L50, M|24/100
|-ability|p2b: Incineroar|Intimidate|boost
|-unboost|p1a: Incineroar|atk|1
|-unboost|p1b: Ninetales|atk|1
|turn|12
|
|t:|1782738050
|move|p1b: Ninetales|Protect|p1b: Ninetales
|-singleturn|p1b: Ninetales|Protect
|move|p1a: Incineroar|Protect|p1a: Incineroar
|-singleturn|p1a: Incineroar|Protect
|move|p2b: Incineroar|Fake Out|p1b: Ninetales
|-activate|p1b: Ninetales|move: Protect
|move|p2a: Metagross|Stomping Tantrum|p1a: Incineroar
|-activate|p1a: Incineroar|move: Protect
|
|-fieldend|move: Electric Terrain
|upkeep
|turn|13
|
|t:|1782738067
|move|p1b: Ninetales|Encore|p2b: Incineroar
|-start|p2b: Incineroar|Encore
|move|p2b: Incineroar|Fake Out||[still]
|-hint|Fake Out only works on your first turn out.
|-fail|p2b: Incineroar
|move|p2a: Metagross|Stomping Tantrum|p1a: Incineroar
|-supereffective|p1a: Incineroar|1
|-damage|p1a: Incineroar|0 fnt
|faint|p1a: Incineroar
|
|upkeep
|turn|14
|
|t:|1782738079
|move|p1b: Ninetales|Blizzard|p2a: Metagross|[spread] p2a,p2b
|-resisted|p2a: Metagross|1
|-crit|p2a: Metagross
|-resisted|p2b: Incineroar|1
|-damage|p2a: Metagross|0 fnt
|-damage|p2b: Incineroar|15/100
|faint|p2a: Metagross
|-activate|p2b: Incineroar|move: Struggle
|move|p2b: Incineroar|Struggle|p1b: Ninetales
|-damage|p1b: Ninetales|16/100
|-damage|p2b: Incineroar|0 fnt|[from] recoil
|faint|p2b: Incineroar
|
|win|ELIAS TRESCIENTOS
||Refanner is ready for game 2.
|inactive|ELIAS TRESCIENTOS has 30 seconds to confirm battle start!
|inactive|ELIAS TRESCIENTOS has 20 seconds to confirm battle start!
||ELIAS TRESCIENTOS is ready for game 2.
|uhtml|next|Next: Game 2 of 3
|l|☆ELIAS TRESCIENTOS
|player|p1|
