|j|☆Crystneel
|j|☆KingNoahC17
|html|CrystneelKingNoahC17    
|uhtml|bestof|Game 1 of a best-of-3
|t:|1757155131
|gametype|doubles
|player|p1|Crystneel|ethan|1134
|player|p2|KingNoahC17|alec-anime|1092
|gen|9
|tier|[Gen 9] VGC 2025 Reg H (Bo3)
|rated|
|rule|Species Clause: Limit one of each Pokémon
|rule|Item Clause: Limit 1 of each item
|clearpoke
|poke|p1|Volcarona, L50, F|
|poke|p1|Electabuzz, L50, F|
|poke|p1|Sneasler, L50, M|
|poke|p1|Rillaboom, L50, F|
|poke|p1|Dragonite, L50, M|
|poke|p1|Ursaluna-Bloodmoon, L50, M|
|poke|p2|Volcarona, L50, M|
|poke|p2|Rillaboom, L50, M|
|poke|p2|Sneasler, L50, M|
|poke|p2|Annihilape, L50, M|
|poke|p2|Ninetales-Alola, L50, F|
|poke|p2|Dragonite, L50, M|
|teampreview|4
|showteam|p1|Volcarona||Leftovers|FlameBody|FieryDance,QuiverDance,GigaDrain,Protect|||F|||50|,,,,,Water]Electabuzz||Eviolite|Static|FollowMe,Electroweb,VoltSwitch,Taunt|||F|||50|,,,,,Fairy]Sneasler||GrassySeed|Unburden|DireClaw,CloseCombat,ThroatChop,Protect|||M|||50|,,,,,Dark]Rillaboom||AssaultVest|GrassySurge|FakeOut,GrassyGlide,WoodHammer,Uturn|||F|||50|,,,,,Fire]Dragonite||LoadedDice|Multiscale|ExtremeSpeed,ScaleShot,IceSpinner,LowKick|||M|||50|,,,,,Normal]Ursaluna-Bloodmoon||ThroatSpray|MindsEye|BloodMoon,HyperVoice,EarthPower,Protect|||M|||50|,,,,,Poison
|showteam|p2|Volcarona||CovertCloak|FlameBody|HeatWave,QuiverDance,Protect,TeraBlast|||M|||50|,,,,,Fairy]Rillaboom||AssaultVest|GrassySurge|FakeOut,GrassyGlide,WoodHammer,HighHorsepower|||M|||50|,,,,,Fire]Sneasler||GrassySeed|Unburden|ThroatChop,Protect,DireClaw,CloseCombat|||M|||50|,,,,,Dark]Annihilape||SafetyGoggles|Defiant|BulkUp,DrainPunch,Protect,RageFist|||M|||50|,,,,,Fire]Ninetales-Alola||FocusSash|SnowWarning|IcyWind,AuroraVeil,Encore,Blizzard|||F|||50|,,,,,Ghost]Dragonite||LoadedDice|Multiscale|ScaleShot,ExtremeSpeed,Tailwind,Protect|||M|||50|,,,,,Fairy
|inactive|Battle timer is ON: inactive players will automatically lose when time's up. (requested by KingNoahC17)
|c|☆KingNoahC17|glhf
|inactive|Crystneel has 60 seconds left.
|inactive|KingNoahC17 has 60 seconds left.
|inactive|KingNoahC17 has 30 seconds left.
|inactive|KingNoahC17 has 20 seconds left.
|inactive|KingNoahC17 has 15 seconds left.
|inactive|KingNoahC17 has 10 seconds left.
|
|t:|1757155213
|teamsize|p1|4
|teamsize|p2|4
|start
|switch|p1a: Volcarona|Volcarona, L50, F|100/100
|switch|p1b: Electabuzz|Electabuzz, L50, F|100/100
|switch|p2a: Volcarona|Volcarona, L50, M|100/100
|switch|p2b: Rillaboom|Rillaboom, L50, M|100/100
|-fieldstart|move: Grassy Terrain|[from] ability: Grassy Surge|[of] p2b: Rillaboom
|turn|1
|
|t:|1757155234
|move|p2b: Rillaboom|Fake Out|p1b: Electabuzz
|-damage|p1b: Electabuzz|88/100
|-status|p2b: Rillaboom|par|[from] ability: Static|[of] p1b: Electabuzz
|move|p1a: Volcarona|Quiver Dance|p1a: Volcarona
|-boost|p1a: Volcarona|spa|1
|-boost|p1a: Volcarona|spd|1
|-boost|p1a: Volcarona|spe|1
|move|p2a: Volcarona|Quiver Dance|p2a: Volcarona
|-boost|p2a: Volcarona|spa|1
|-boost|p2a: Volcarona|spd|1
|-boost|p2a: Volcarona|spe|1
|cant|p1b: Electabuzz|flinch
|
|-heal|p1b: Electabuzz|94/100|[from] Grassy Terrain
|upkeep
|turn|2
|
|t:|1757155247
|move|p1a: Volcarona|Fiery Dance|p2b: Rillaboom
|-supereffective|p2b: Rillaboom
|-damage|p2b: Rillaboom|34/100 par
|move|p2a: Volcarona|Heat Wave|p1a: Volcarona|[spread] p1a,p1b
|-damage|p1a: Volcarona|72/100
|-damage|p1b: Electabuzz|59/100
|move|p1b: Electabuzz|Taunt|p2a: Volcarona
|-start|p2a: Volcarona|move: Taunt
|move|p2b: Rillaboom|Wood Hammer|p1b: Electabuzz
|-damage|p1b: Electabuzz|0 fnt
|faint|p1b: Electabuzz
|-damage|p2b: Rillaboom|18/100 par|[from] Recoil
|
|-heal|p1a: Volcarona|77/100|[from] Grassy Terrain
|-heal|p1a: Volcarona|83/100|[from] item: Leftovers
|-heal|p2b: Rillaboom|24/100 par|[from] Grassy Terrain
|upkeep
|
|t:|1757155259
|switch|p1b: Sneasler|Sneasler, L50, M|100/100
|-enditem|p1b: Sneasler|Grassy Seed
|-boost|p1b: Sneasler|def|1|[from] item: Grassy Seed
|turn|3
|
|t:|1757155267
|move|p1b: Sneasler|Dire Claw|p2b: Rillaboom
|-supereffective|p2b: Rillaboom
|-damage|p2b: Rillaboom|0 fnt
|faint|p2b: Rillaboom
|move|p1a: Volcarona|Fiery Dance|p2a: Volcarona
|-damage|p2a: Volcarona|69/100
|-boost|p1a: Volcarona|spa|1
|move|p2a: Volcarona|Heat Wave|p1b: Sneasler|[spread] p1a,p1b
|-damage|p1a: Volcarona|53/100
|-damage|p1b: Sneasler|26/100
|
|-heal|p1b: Sneasler|32/100|[from] Grassy Terrain
|-heal|p1a: Volcarona|59/100|[from] Grassy Terrain
|-heal|p1a: Volcarona|64/100|[from] item: Leftovers
|-heal|p2a: Volcarona|75/100|[from] Grassy Terrain
|upkeep
|
|t:|1757155273
|switch|p2b: Sneasler|Sneasler, L50, M|100/100
|-enditem|p2b: Sneasler|Grassy Seed
|-boost|p2b: Sneasler|def|1|[from] item: Grassy Seed
|turn|4
|
|t:|1757155293
|move|p1b: Sneasler|Dire Claw|p2a: Volcarona
|-damage|p2a: Volcarona|25/100
|-status|p1b: Sneasler|brn|[from] ability: Flame Body|[of] p2a: Volcarona
|move|p2b: Sneasler|Dire Claw|p1a: Volcarona
|-damage|p1a: Volcarona|17/100
|-status|p2b: Sneasler|brn|[from] ability: Flame Body|[of] p1a: Volcarona
|move|p1a: Volcarona|Fiery Dance|p2b: Sneasler
|-damage|p2b: Sneasler|10/100 brn
|-boost|p1a: Volcarona|spa|1
|move|p2a: Volcarona|Heat Wave|p1b: Sneasler|[spread] p1a,p1b
|-damage|p1a: Volcarona|0 fnt
|-damage|p1b: Sneasler|0 fnt
|faint|p1a: Volcarona
|faint|p1b: Sneasler
|
|-heal|p2b: Sneasler|16/100 brn|[from] Grassy Terrain
|-heal|p2a: Volcarona|32/100|[from] Grassy Terrain
|-damage|p2b: Sneasler|10/100 brn|[from] brn
|upkeep
|
|t:|1757155309
|switch|p1b: Ursaluna|Ursaluna-Bloodmoon, L50, M|100/100
|turn|5
|
|t:|1757155324
|-terastallize|p1b: Ursaluna|Poison
|move|p2b: Sneasler|Dire Claw|p1b: Ursaluna
|-resisted|p1b: Ursaluna
|-damage|p1b: Ursaluna|94/100
|move|p2a: Volcarona|Heat Wave|p1b: Ursaluna
|-crit|p1b: Ursaluna
|-damage|p1b: Ursaluna|0 fnt
|faint|p1b: Ursaluna
|
|win|KingNoahC17
