|j|☆Schmixed_007
|j|☆davidxrt
|html|Schmixed_007davidxrt    
|uhtml|bestof|Game 2 of a best-of-3
|t:|1782343298
|gametype|doubles
|player|p1|Schmixed_007|101|1205
|player|p2|davidxrt|hilbert-wonderlauncher|1165
|gen|9
|tier|[Gen 9 Champions] VGC 2026 Reg M-B (Bo3)
|rated|
|rule|Species Clause: Limit one of each Pokémon
|rule|Item Clause: Limit 1 of each item
|clearpoke
|poke|p1|Swampert, L50, F, shiny|
|poke|p1|Pelipper, L50, M|
|poke|p1|Floette-Eternal, L50, F|
|poke|p1|Sinistcha, L50|
|poke|p1|Archaludon, L50, F|
|poke|p1|Grimmsnarl, L50, M|
|poke|p2|Charizard, L50, M|
|poke|p2|Rotom-Wash, L50|
|poke|p2|Glimmora, L50, F|
|poke|p2|Kingambit, L50, M|
|poke|p2|Basculegion, L50, M|
|poke|p2|Vileplume, L50, M|
|teampreview|4
|showteam|p1|Swampert||Swampertite|Torrent|WaveCrash,Earthquake,IcePunch,Protect|Adamant||F|||50|]Pelipper||SitrusBerry|Drizzle|Tailwind,WeatherBall,WideGuard,Hurricane|Modest||M|||50|]Floette-Eternal||Floettite|FlowerVeil|DazzlingGleam,Moonblast,CalmMind,Protect|Modest||F|||50|]Sinistcha||ColburBerry|Hospitality|RagePowder,MatchaGotcha,TrickRoom,Protect|Bold|||||50|]Archaludon||Leftovers|Stamina|ElectroShot,DragonPulse,FlashCannon,Protect|Modest||F|||50|]Grimmsnarl||LightClay|Prankster|PartingShot,LightScreen,Reflect,FoulPlay|Calm||M|||50|
|showteam|p2|Charizard||CharizarditeY|Blaze|Protect,WeatherBall,HeatWave,SolarBeam|Modest||M|||50|]Rotom-Wash||SitrusBerry|Levitate|HydroPump,LightScreen,Electroweb,WillOWisp|Bold|||||50|]Glimmora||FocusSash|ToxicDebris|SpikyShield,EarthPower,SludgeBomb,PowerGem|Timid||F|||50|]Kingambit||ChopleBerry|Defiant|Protect,SuckerPunch,KowtowCleave,LowKick|Adamant||M|||50|]Basculegion||ChoiceScarf|Adaptability|FlipTurn,AquaJet,WaveCrash,LastRespects|Jolly||M|||50|]Vileplume||Leftovers|Chlorophyll|Protect,SolarBeam,WeatherBall,Venoshock|Modest||M|||50|
|
|t:|1782343338
|teamsize|p1|4
|teamsize|p2|4
|start
|switch|p1a: Grimmsnarl|Grimmsnarl, L50, M|100/100
|switch|p1b: Swampert|Swampert, L50, F, shiny|100/100
|switch|p2a: Charizard|Charizard, L50, M|100/100
|switch|p2b: Vileplume|Vileplume, L50, M|100/100
|turn|1
|
|t:|1782343368
|detailschange|p1b: Swampert|Swampert-Mega, L50, F, shiny
|-mega|p1b: Swampert|Swampert|Swampertite
|move|p2a: Charizard|Protect|p2a: Charizard
|-singleturn|p2a: Charizard|Protect
|move|p1b: Swampert|Protect|p1b: Swampert
|-singleturn|p1b: Swampert|Protect
|move|p1a: Grimmsnarl|Light Screen|p1a: Grimmsnarl
|-sidestart|p1: Schmixed_007|move: Light Screen
|move|p2b: Vileplume|Solar Beam||[still]
|-prepare|p2b: Vileplume|Solar Beam
|
|upkeep
|turn|2
|
|t:|1782343412
|switch|p2a: Glimmora|Glimmora, L50, F|100/100
|switch|p1b: Pelipper|Pelipper, L50, M|100/100
|-weather|RainDance|[from] ability: Drizzle|[of] p1b: Pelipper
|move|p1a: Grimmsnarl|Parting Shot|p2a: Glimmora
|-unboost|p2a: Glimmora|atk|1
|-unboost|p2a: Glimmora|spa|1
|
|t:|1782343421
|switch|p1a: Swampert|Swampert-Mega, L50, F, shiny|100/100|[from] Parting Shot
|move|p2b: Vileplume|Solar Beam|p1a: Swampert|[from] lockedmove
|-supereffective|p1a: Swampert|2
|-damage|p1a: Swampert|23/100
|
|-weather|RainDance|[upkeep]
|upkeep
|turn|3
|
|t:|1782343438
|switch|p1b: Sinistcha|Sinistcha, L50|100/100
|-heal|p1a: Swampert|48/100|[from] ability: Hospitality|[of] p1b: Sinistcha
|move|p2b: Vileplume|Protect|p2b: Vileplume
|-singleturn|p2b: Vileplume|Protect
|move|p1a: Swampert|Earthquake|p2a: Glimmora|[spread] p1b,p2a
|-activate|p2b: Vileplume|move: Protect
|-resisted|p1b: Sinistcha|1
|-supereffective|p2a: Glimmora|2
|-damage|p1b: Sinistcha|79/100
|-enditem|p2a: Glimmora|Focus Sash
|-damage|p2a: Glimmora|1/100
|-activate|p2a: Glimmora|ability: Toxic Debris
|-sidestart|p1: Schmixed_007|move: Toxic Spikes
|move|p2a: Glimmora|Earth Power|p1a: Swampert
|-crit|p1a: Swampert
|-damage|p1a: Swampert|4/100
|
|-weather|RainDance|[upkeep]
|upkeep
|turn|4
|
|t:|1782343465
|move|p1a: Swampert|Earthquake|p2b: Vileplume|[spread] p1b,p2a,p2b
|-resisted|p1b: Sinistcha|1
|-supereffective|p2a: Glimmora|2
|-damage|p1b: Sinistcha|59/100
|-damage|p2a: Glimmora|0 fnt
|-damage|p2b: Vileplume|40/100
|-activate|p2a: Glimmora|ability: Toxic Debris
|-sidestart|p1: Schmixed_007|move: Toxic Spikes
|faint|p2a: Glimmora
|move|p2b: Vileplume|Weather Ball|p1a: Swampert
|-damage|p1a: Swampert|0 fnt
|faint|p1a: Swampert
|move|p1b: Sinistcha|Trick Room|p1b: Sinistcha
|-fieldstart|move: Trick Room|[of] p1b: Sinistcha
|
|-weather|RainDance|[upkeep]
|-heal|p2b: Vileplume|46/100|[from] item: Leftovers
|upkeep
|
|t:|1782343479
|switch|p1a: Grimmsnarl|Grimmsnarl, L50, M|100/100
|switch|p2a: Charizard|Charizard, L50, M|100/100
|-status|p1a: Grimmsnarl|tox
|turn|5
|
|t:|1782343489
|move|p1a: Grimmsnarl|Parting Shot|p2a: Charizard
|-unboost|p2a: Charizard|atk|1
|-unboost|p2a: Charizard|spa|1
|
|t:|1782343492
|switch|p1a: Pelipper|Pelipper, L50, M|100/100|[from] Parting Shot
|move|p2b: Vileplume|Venoshock|p1a: Pelipper
|-damage|p1a: Pelipper|62/100
|move|p1b: Sinistcha|Matcha Gotcha|p2a: Charizard|[spread] p2b
|-miss|p1b: Sinistcha|p2a: Charizard
|-resisted|p2b: Vileplume|2
|-damage|p2b: Vileplume|40/100
|-heal|p1b: Sinistcha|62/100|[from] drain|[of] p2b: Vileplume
|move|p2a: Charizard|Heat Wave|p1b: Sinistcha|[spread] p1a,p1b
|-resisted|p1a: Pelipper|1
|-supereffective|p1b: Sinistcha|1
|-damage|p1a: Pelipper|56/100
|-damage|p1b: Sinistcha|46/100
|
|-weather|RainDance|[upkeep]
|-heal|p2b: Vileplume|46/100|[from] item: Leftovers
|upkeep
|turn|6
|
|t:|1782343512
|switch|p1b: Grimmsnarl|Grimmsnarl, L50, M|100/100 tox
|detailschange|p2a: Charizard|Charizard-Mega-Y, L50, M
|-mega|p2a: Charizard|Charizard|Charizardite Y
|-weather|SunnyDay|[from] ability: Drought|[of] p2a: Charizard
|move|p1a: Pelipper|Weather Ball|p2b: Vileplume
|-supereffective|p2b: Vileplume|1
|-damage|p2b: Vileplume|0 fnt
|faint|p2b: Vileplume
|move|p2a: Charizard|Heat Wave|p1a: Pelipper|[spread] p1a,p1b
|-resisted|p1a: Pelipper|1
|-damage|p1a: Pelipper|31/100
|-damage|p1b: Grimmsnarl|76/100 tox
|-enditem|p1a: Pelipper|Sitrus Berry|[eat]
|-heal|p1a: Pelipper|56/100|[from] item: Sitrus Berry
|
|-weather|SunnyDay|[upkeep]
|-damage|p1b: Grimmsnarl|70/100 tox|[from] psn
|upkeep
|
|t:|1782343528
|switch|p2b: Basculegion|Basculegion, L50, M|100/100
|turn|7
|
|t:|1782343549
|switch|p1a: Sinistcha|Sinistcha, L50|46/100
|-status|p1a: Sinistcha|tox
|-heal|p1b: Grimmsnarl|95/100 tox|[from] ability: Hospitality|[of] p1a: Sinistcha
|move|p1b: Grimmsnarl|Foul Play|p2b: Basculegion
|-supereffective|p2b: Basculegion|1
|-damage|p2b: Basculegion|0 fnt
|faint|p2b: Basculegion
|move|p2a: Charizard|Weather Ball|p1b: Grimmsnarl
|-crit|p1b: Grimmsnarl
|-damage|p1b: Grimmsnarl|0 fnt
|faint|p1b: Grimmsnarl
|
|-weather|SunnyDay|[upkeep]
|-damage|p1a: Sinistcha|40/100 tox|[from] psn
|upkeep
|
|t:|1782343559
|switch|p1b: Pelipper|Pelipper, L50, M|56/100
|-weather|RainDance|[from] ability: Drizzle|[of] p1b: Pelipper
|turn|8
|
|t:|1782343565
|move|p2a: Charizard|Protect|p2a: Charizard
|-singleturn|p2a: Charizard|Protect
|move|p1a: Sinistcha|Matcha Gotcha|p2a: Charizard
|-activate|p2a: Charizard|move: Protect
|move|p1b: Pelipper|Weather Ball|p2a: Charizard
|-activate|p2a: Charizard|move: Protect
|
|-weather|RainDance|[upkeep]
|-damage|p1a: Sinistcha|29/100 tox|[from] psn
|-sideend|p1: Schmixed_007|move: Light Screen
|-fieldend|move: Trick Room
|upkeep
|turn|9
|
|t:|1782343577
|move|p1a: Sinistcha|Rage Powder|p1a: Sinistcha
|-singleturn|p1a: Sinistcha|move: Rage Powder
|move|p2a: Charizard|Weather Ball|p1a: Sinistcha
|-resisted|p1a: Sinistcha|1
|-damage|p1a: Sinistcha|6/100 tox
|move|p1b: Pelipper|Weather Ball|p2a: Charizard
|-supereffective|p2a: Charizard|1
|-damage|p2a: Charizard|0 fnt
|faint|p2a: Charizard
|
|win|Schmixed_007
|raw|Schmixed_007's rating: 1205 → 1227(+22 for winning)
|raw|davidxrt's rating: 1165 → 1143(-22 for losing)
