|j|☆NBZ-H
|j|☆importarcade
|html|NBZ-Himportarcade    
|uhtml|bestof|Game 2 of a best-of-3
|t:|1784476323
|gametype|doubles
|player|p1|NBZ-H|169|1133
|player|p2|importarcade|ethan|1083
|gen|9
|tier|[Gen 9 Champions] VGC 2026 Reg M-B (Bo3)
|rated|
|rule|Species Clause: Limit one of each Pokémon
|rule|Item Clause: Limit 1 of each item
|clearpoke
|poke|p1|Blastoise, L50, F|
|poke|p1|Incineroar, L50, F|
|poke|p1|Sinistcha, L50|
|poke|p1|Quaquaval, L50, M|
|poke|p1|Raichu, L50, F|
|poke|p1|Sylveon, L50, F|
|poke|p2|Venusaur, L50, M|
|poke|p2|Charizard, L50, M|
|poke|p2|Grimmsnarl, L50, M|
|poke|p2|Archaludon, L50, F|
|poke|p2|Basculegion, L50, M|
|poke|p2|Pelipper, L50, F|
|teampreview|4
|showteam|p1|Blastoise||Blastoisinite|Torrent|WaterSpout,ShellSmash,AuraSphere,WaterPulse|Modest||F|||50|]Incineroar||ChopleBerry|Intimidate|FakeOut,FlareBlitz,PartingShot,DarkestLariat|Adamant||F|||50|]Sinistcha||OccaBerry|Hospitality|ShadowBall,MatchaGotcha,RagePowder,TrickRoom|Modest|||||50|]Quaquaval||LifeOrb|Moxie|AquaStep,AquaJet,CloseCombat,TripleAxel|Jolly||M|||50|]Raichu||RaichuniteY|LightningRod|FakeOut,ZapCannon,FocusBlast,VoltSwitch|Hasty||F|||50|]Sylveon||FairyFeather|Pixilate|HyperVoice,QuickAttack,MysticalFire,Protect|Sassy||F|||50|
|showteam|p2|Venusaur||FocusSash|Chlorophyll|SludgeBomb,EarthPower,SleepPowder,Protect|Modest||M|||50|]Charizard||CharizarditeY|Blaze|Protect,HeatWave,SolarBeam,WeatherBall|Modest||M|||50|]Grimmsnarl||LightClay|Prankster|SpiritBreak,LightScreen,Reflect,PartingShot|Sassy||M|||50|]Archaludon||Leftovers|Stamina|ElectroShot,DragonPulse,FlashCannon,Protect|Calm||F|||50|]Basculegion||ChoiceScarf|Adaptability|WaveCrash,LastRespects,AquaJet,FlipTurn|Jolly||M|||50|]Pelipper||SitrusBerry|Drizzle|Hurricane,WeatherBall,Tailwind,WideGuard|Modest||F|||50|
|inactive|Battle timer is ON: inactive players will automatically lose when time's up. (requested by NBZ-H)
|
|t:|1784476360
|teamsize|p1|4
|teamsize|p2|4
|start
|switch|p1a: Incineroar|Incineroar, L50, F|100/100
|switch|p1b: Raichu|Raichu, L50, F|100/100
|switch|p2a: Grimmsnarl|Grimmsnarl, L50, M|100/100
|switch|p2b: Archaludon|Archaludon, L50, F|100/100
|-ability|p1a: Incineroar|Intimidate|boost
|-unboost|p2a: Grimmsnarl|atk|1
|-unboost|p2b: Archaludon|atk|1
|turn|1
|
|t:|1784476384
|detailschange|p1b: Raichu|Raichu-Mega-Y, L50, F
|-mega|p1b: Raichu|Raichu|Raichunite Y
|move|p2b: Archaludon|Protect|p2b: Archaludon
|-singleturn|p2b: Archaludon|Protect
|move|p1a: Incineroar|Fake Out|p2a: Grimmsnarl
|-damage|p2a: Grimmsnarl|84/100
|cant|p2a: Grimmsnarl|flinch
|move|p1b: Raichu|Focus Blast|p2b: Archaludon
|-activate|p2b: Archaludon|move: Protect
|
|upkeep
|turn|2
|inactive|importarcade has 30 seconds left.
|inactive|importarcade has 20 seconds left.
|inactive|importarcade has 15 seconds left.
|
|t:|1784476427
|move|p1b: Raichu|Zap Cannon|p2b: Archaludon
|-resisted|p2b: Archaludon|1
|-damage|p2b: Archaludon|67/100
|-status|p2b: Archaludon|par
|-ability|p2b: Archaludon|Stamina|boost
|-boost|p2b: Archaludon|def|1
|move|p1a: Incineroar|Flare Blitz|p2a: Grimmsnarl
|-damage|p2a: Grimmsnarl|16/100
|-damage|p1a: Incineroar|77/100|[from] Recoil
|move|p2a: Grimmsnarl|Spirit Break|p1b: Raichu
|-damage|p1b: Raichu|54/100
|-unboost|p1b: Raichu|spa|1
|move|p2b: Archaludon|Dragon Pulse|p1b: Raichu
|-crit|p1b: Raichu
|-damage|p1b: Raichu|0 fnt
|faint|p1b: Raichu
|
|-heal|p2b: Archaludon|73/100 par|[from] item: Leftovers
|upkeep
|
|t:|1784476445
|switch|p1b: Quaquaval|Quaquaval, L50, M|100/100
|turn|3
|
|t:|1784476467
|move|p2a: Grimmsnarl|Reflect|p2a: Grimmsnarl
|-sidestart|p2: importarcade|Reflect
|move|p1b: Quaquaval|Close Combat|p2b: Archaludon
|-supereffective|p2b: Archaludon|1
|-damage|p2b: Archaludon|24/100 par
|-unboost|p1b: Quaquaval|def|1
|-unboost|p1b: Quaquaval|spd|1
|-ability|p2b: Archaludon|Stamina|boost
|-boost|p2b: Archaludon|def|1
|-damage|p1b: Quaquaval|90/100|[from] item: Life Orb
|move|p1a: Incineroar|Flare Blitz|p2a: Grimmsnarl
|-damage|p2a: Grimmsnarl|0 fnt
|faint|p2a: Grimmsnarl
|-damage|p1a: Incineroar|71/100|[from] Recoil
|move|p2b: Archaludon|Dragon Pulse|p1b: Quaquaval
|-damage|p1b: Quaquaval|11/100
|
|-heal|p2b: Archaludon|30/100 par|[from] item: Leftovers
|upkeep
|
|t:|1784476486
|switch|p2a: Charizard|Charizard, L50, M|100/100
|turn|4
|inactive|importarcade has 30 seconds left.
|
|t:|1784476515
|detailschange|p2a: Charizard|Charizard-Mega-Y, L50, M
|-mega|p2a: Charizard|Charizard|Charizardite Y
|-weather|SunnyDay|[from] ability: Drought|[of] p2a: Charizard
|move|p1b: Quaquaval|Aqua Jet|p2a: Charizard
|-supereffective|p2a: Charizard|1
|-damage|p2a: Charizard|81/100
|-damage|p1b: Quaquaval|1/100|[from] item: Life Orb
|move|p2a: Charizard|Heat Wave|p1a: Incineroar|[spread] p1a,p1b
|-resisted|p1a: Incineroar|1
|-resisted|p1b: Quaquaval|1
|-damage|p1a: Incineroar|41/100
|-damage|p1b: Quaquaval|0 fnt
|faint|p1b: Quaquaval
|move|p1a: Incineroar|Flare Blitz|p2b: Archaludon
|-damage|p2b: Archaludon|7/100 par
|-ability|p2b: Archaludon|Stamina|boost
|-boost|p2b: Archaludon|def|1
|-damage|p1a: Incineroar|33/100|[from] Recoil
|move|p2b: Archaludon|Dragon Pulse|p1a: Incineroar
|-damage|p1a: Incineroar|1/100
|
|-weather|SunnyDay|[upkeep]
|-heal|p2b: Archaludon|13/100 par|[from] item: Leftovers
|upkeep
|
|t:|1784476529
|switch|p1b: Sinistcha|Sinistcha, L50|100/100
|-heal|p1a: Incineroar|25/100|[from] ability: Hospitality|[of] p1b: Sinistcha
|turn|5
|
|t:|1784476541
|move|p2b: Archaludon|Protect|p2b: Archaludon
|-singleturn|p2b: Archaludon|Protect
|move|p2a: Charizard|Heat Wave|p1a: Incineroar|[spread] p1a,p1b
|-resisted|p1a: Incineroar|1
|-supereffective|p1b: Sinistcha|1
|-enditem|p1b: Sinistcha|Occa Berry|[eat]
|-enditem|p1b: Sinistcha|Occa Berry|[weaken]
|-damage|p1a: Incineroar|0 fnt
|-damage|p1b: Sinistcha|27/100
|faint|p1a: Incineroar
|move|p1b: Sinistcha|Shadow Ball|p2a: Charizard
|-damage|p2a: Charizard|47/100
|
|-weather|SunnyDay|[upkeep]
|-heal|p2b: Archaludon|19/100 par|[from] item: Leftovers
|upkeep
|turn|6
|
|t:|1784476557
|move|p2a: Charizard|Heat Wave|p1b: Sinistcha
|-supereffective|p1b: Sinistcha|1
|-crit|p1b: Sinistcha
|-damage|p1b: Sinistcha|0 fnt
|faint|p1b: Sinistcha
|
|win|importarcade
||importarcade is ready for game 3.
||NBZ-H is ready for game 3.
|uhtml|next|Next: Game 3 of 3
|l|☆NBZ-H
|player|p1|
