|j|☆kutump
|j|☆darthmorton
|html|kutumpdarthmorton    
|uhtml|bestof|Game 2 of a best-of-3
|t:|1784048943
|gametype|doubles
|player|p1|kutump|2|1035
|player|p2|darthmorton|dragontamer|1134
|gen|9
|tier|[Gen 9 Champions] VGC 2026 Reg M-B (Bo3)
|rated|
|rule|Species Clause: Limit one of each Pokémon
|rule|Item Clause: Limit 1 of each item
|clearpoke
|poke|p1|Aggron, L50, F|
|poke|p1|Sableye, L50, F|
|poke|p1|Clefable, L50, F|
|poke|p1|Ceruledge, L50, M|
|poke|p1|Milotic, L50, M|
|poke|p1|Ninetales-Alola, L50, M|
|poke|p2|Sneasler, L50, F|
|poke|p2|Sinistcha, L50|
|poke|p2|Incineroar, L50, F|
|poke|p2|Charizard, L50, M|
|poke|p2|Floette-Eternal, L50, F|
|poke|p2|Kingambit, L50, F|
|teampreview|4
|showteam|p1|Aggron||Aggronite|Sturdy|BodyPress,IronDefense,HeavySlam,Protect|Careful||F|||50|]Sableye||LightClay|Prankster|LightScreen,Quash,FakeOut,RainDance|Careful||F|||50|]Clefable||SitrusBerry|Unaware|Moonblast,FollowMe,HealPulse,Protect|Calm||F|||50|]Ceruledge||ColburBerry|FlashFire|BulkUp,BitterBlade,ShadowSneak,Protect|Jolly||M|||50|]Milotic||Leftovers|Competitive|LifeDew,IceBeam,Scald,Haze|Bold||M|||50|]Ninetales-Alola||FocusSash|SnowWarning|AuroraVeil,Blizzard,FreezeDry,Protect|Timid||M|||50|
|showteam|p2|Sneasler||FocusSash|PoisonTouch|FakeOut,GunkShot,CloseCombat,Coaching|Jolly||F|||50|]Sinistcha||SitrusBerry|Hospitality|MatchaGotcha,RagePowder,TrickRoom,Protect|Bold|||||50|]Incineroar||ChopleBerry|Intimidate|FlareBlitz,HelpingHand,PartingShot,FakeOut|Impish||F|||50|]Charizard||CharizarditeX|Blaze|FlareBlitz,DragonClaw,DragonDance,Protect|Adamant||M|||50|]Floette-Eternal||Floettite|FlowerVeil|Moonblast,CalmMind,DazzlingGleam,Protect|Modest||F|||50|]Kingambit||BlackGlasses|Defiant|KowtowCleave,SuckerPunch,SwordsDance,Protect|Adamant||F|||50|
|inactive|Battle timer is ON: inactive players will automatically lose when time's up. (requested by darthmorton)
|inactive|darthmorton has 60 seconds left.
|
|t:|1784048976
|teamsize|p1|4
|teamsize|p2|4
|start
|switch|p1a: Aggron|Aggron, L50, F|100/100
|switch|p1b: Sableye|Sableye, L50, F|100/100
|switch|p2a: Sneasler|Sneasler, L50, F|100/100
|switch|p2b: Kingambit|Kingambit, L50, F|100/100
|turn|1
|inactive|kutump has 30 seconds left.
|
|t:|1784049003
|detailschange|p1a: Aggron|Aggron-Mega, L50, F
|-mega|p1a: Aggron|Aggron|Aggronite
|move|p2b: Kingambit|Protect|p2b: Kingambit
|-singleturn|p2b: Kingambit|Protect
|move|p1a: Aggron|Protect|p1a: Aggron
|-singleturn|p1a: Aggron|Protect
|move|p1b: Sableye|Fake Out|p2b: Kingambit
|-activate|p2b: Kingambit|move: Protect
|move|p2a: Sneasler|Coaching|p2b: Kingambit
|-boost|p2b: Kingambit|atk|1
|-boost|p2b: Kingambit|def|1
|
|upkeep
|turn|2
|
|t:|1784049018
|switch|p1b: Milotic|Milotic, L50, M|100/100
|move|p2a: Sneasler|Coaching|p2b: Kingambit
|-boost|p2b: Kingambit|atk|1
|-boost|p2b: Kingambit|def|1
|move|p2b: Kingambit|Kowtow Cleave|p1b: Milotic
|-damage|p1b: Milotic|16/100
|move|p1a: Aggron|Body Press|p2b: Kingambit
|-supereffective|p2b: Kingambit|2
|-damage|p2b: Kingambit|39/100
|
|-heal|p1b: Milotic|22/100|[from] item: Leftovers
|upkeep
|turn|3
|
|t:|1784049039
|move|p1a: Aggron|Protect|p1a: Aggron
|-singleturn|p1a: Aggron|Protect
|move|p2a: Sneasler|Gunk Shot|p1b: Milotic
|-damage|p1b: Milotic|0 fnt
|faint|p1b: Milotic
|move|p2b: Kingambit|Kowtow Cleave|p1a: Aggron
|-activate|p1a: Aggron|move: Protect
|
|upkeep
|
|t:|1784049045
|switch|p1b: Ceruledge|Ceruledge, L50, M|100/100
|turn|4
|
|t:|1784049061
|switch|p2a: Sinistcha|Sinistcha, L50|100/100
|-heal|p2b: Kingambit|64/100|[from] ability: Hospitality|[of] p2a: Sinistcha
|move|p1b: Ceruledge|Bitter Blade|p2b: Kingambit
|-supereffective|p2b: Kingambit|1
|-damage|p2b: Kingambit|28/100
|move|p2b: Kingambit|Kowtow Cleave|p1b: Ceruledge
|-supereffective|p1b: Ceruledge|1
|-enditem|p1b: Ceruledge|Colbur Berry|[eat]
|-enditem|p1b: Ceruledge|Colbur Berry|[weaken]
|-damage|p1b: Ceruledge|0 fnt
|faint|p1b: Ceruledge
|move|p1a: Aggron|Iron Defense|p1a: Aggron
|-boost|p1a: Aggron|def|2
|
|upkeep
|
|t:|1784049075
|switch|p1b: Sableye|Sableye, L50, F|100/100
|turn|5
|
|t:|1784049098
|switch|p2a: Sneasler|Sneasler, L50, F|100/100
|move|p2b: Kingambit|Protect|p2b: Kingambit
|-singleturn|p2b: Kingambit|Protect
|move|p1b: Sableye|Fake Out|p2b: Kingambit
|-activate|p2b: Kingambit|move: Protect
|move|p1a: Aggron|Heavy Slam|p2a: Sneasler
|-damage|p2a: Sneasler|1/100
|
|upkeep
|turn|6
|
|t:|1784049114
|move|p2a: Sneasler|Fake Out|p1a: Aggron
|-resisted|p1a: Aggron|1
|-damage|p1a: Aggron|98/100
|move|p1b: Sableye|Quash||[still]
|-fail|p1b: Sableye
|move|p2b: Kingambit|Kowtow Cleave|p1b: Sableye
|-damage|p1b: Sableye|0 fnt
|faint|p1b: Sableye
|cant|p1a: Aggron|flinch
|
|upkeep
|turn|7
|
|t:|1784049126
|move|p2a: Sneasler|Close Combat|p1a: Aggron
|-supereffective|p1a: Aggron|1
|-damage|p1a: Aggron|74/100
|-unboost|p2a: Sneasler|def|1
|-unboost|p2a: Sneasler|spd|1
|move|p2b: Kingambit|Kowtow Cleave|p1a: Aggron
|-damage|p1a: Aggron|46/100
|move|p1a: Aggron|Heavy Slam|p2a: Sneasler
|-crit|p2a: Sneasler
|-damage|p2a: Sneasler|0 fnt
|faint|p2a: Sneasler
|
|upkeep
|
|t:|1784049135
|switch|p2a: Sinistcha|Sinistcha, L50|100/100
|-heal|p2b: Kingambit|53/100|[from] ability: Hospitality|[of] p2a: Sinistcha
|turn|8
|
|t:|1784049142
|move|p2b: Kingambit|Kowtow Cleave|p1a: Aggron
|-damage|p1a: Aggron|15/100
|move|p2a: Sinistcha|Matcha Gotcha|p1a: Aggron
|-resisted|p1a: Aggron|1
|-damage|p1a: Aggron|1/100
|move|p1a: Aggron|Heavy Slam|p2a: Sinistcha
|-damage|p2a: Sinistcha|64/100
|
|upkeep
|turn|9
|-message|kutump forfeited.
|
|win|darthmorton
