|j|☆SuperPokeVGC
|j|‽Moitamo
|html|SuperPokeVGCMoitamo    
|uhtml|bestof|Game 2 of a best-of-3
|t:|1756311719
|gametype|doubles
|player|p1|SuperPokeVGC|ltsurge|1112
|player|p2|Moitamo|flint|1080
|gen|9
|tier|[Gen 9] VGC 2025 Reg H (Bo3)
|rated|
|rule|Species Clause: Limit one of each Pokémon
|rule|Item Clause: Limit 1 of each item
|clearpoke
|poke|p1|Tyranitar, L50, M|
|poke|p1|Garchomp, L50, F|
|poke|p1|Gholdengo, L50|
|poke|p1|Sinistcha, L50|
|poke|p1|Yanmega, L50, F|
|poke|p1|Arcanine, L50, M|
|poke|p2|Salamence, L50, M|
|poke|p2|Metagross, L50|
|poke|p2|Politoed, L50, M|
|poke|p2|Gothitelle, L50, F|
|poke|p2|Amoonguss, L50, M|
|poke|p2|Annihilape, L50, F|
|teampreview|4
|showteam|p1|Tyranitar||LifeOrb|SandStream|KnockOff,RockSlide,TeraBlast,Protect|||M|||50|,,,,,Flying]Garchomp||ClearAmulet|SandVeil|DragonClaw,StompingTantrum,Earthquake,Protect|||F|||50|,,,,,Fire]Gholdengo||Leftovers|GoodasGold|MakeItRain,ShadowBall,NastyPlot,Protect||||||50|,,,,,Water]Sinistcha||SitrusBerry|Hospitality|RagePowder,MatchaGotcha,TrickRoom,Protect||||||50|,,,,,Water]Yanmega||FocusSash|SpeedBoost|Tailwind,AirSlash,BugBuzz,Detect|||F|||50|,,,,,Ghost]Arcanine||MirrorHerb|Intimidate|ExtremeSpeed,FlareBlitz,WillOWisp,Protect|||M|||50|,,,,,Normal
|showteam|p2|Salamence||CovertCloak|Intimidate|Protect,Bulldoze,Tailwind,DragonPulse|||M|||50|,,,,,Steel]Metagross||WeaknessPolicy|ClearBody|Earthquake,BulletPunch,PsychicFangs,Protect||||||50|,,,,,Poison]Politoed||SafetyGoggles|Drizzle|Encore,PerishSong,WeatherBall,Protect|||M|||50|,,,,,Grass]Gothitelle||SitrusBerry|ShadowTag|Psychic,Protect,TrickRoom,FakeOut|||F|||50|,,,,,Dark]Amoonguss||EjectButton|Regenerator|RagePowder,Protect,PollenPuff,Spore|||M|||50|,,,,,Water]Annihilape||ChoiceScarf|Defiant|CloseCombat,FinalGambit,Uturn,PhantomForce|||F|||50|,,,,,Grass
|inactive|Battle timer is ON: inactive players will automatically lose when time's up. (requested by SuperPokeVGC)
|inactive|Moitamo also wants the timer to be on.
|
|t:|1756311735
|teamsize|p1|4
|teamsize|p2|4
|start
|switch|p1a: Yanmega|Yanmega, L50, F, shiny|100/100
|switch|p1b: Gholdengo|Gholdengo, L50|100/100
|switch|p2a: Metagross|Metagross, L50|100/100
|switch|p2b: Salamence|Salamence, L50, M|100/100
|-ability|p2b: Salamence|Intimidate|boost
|-unboost|p1a: Yanmega|atk|1
|-unboost|p1b: Gholdengo|atk|1
|turn|1
|inactive|SuperPokeVGC has 30 seconds left.
|inactive|SuperPokeVGC has 20 seconds left.
|inactive|SuperPokeVGC has 15 seconds left.
|inactive|SuperPokeVGC has 10 seconds left.
|
|t:|1756311781
|move|p1b: Gholdengo|Protect|p1b: Gholdengo
|-singleturn|p1b: Gholdengo|Protect
|move|p2b: Salamence|Tailwind|p2b: Salamence
|-sidestart|p2: Moitamo|move: Tailwind
|move|p2a: Metagross|Earthquake|p1a: Yanmega|[spread] 
|-activate|p1b: Gholdengo|move: Protect
|-immune|p2b: Salamence
|-immune|p1a: Yanmega
|move|p1a: Yanmega|Tailwind|p1a: Yanmega
|-sidestart|p1: SuperPokeVGC|move: Tailwind
|
|-ability|p1a: Yanmega|Speed Boost|boost
|-boost|p1a: Yanmega|spe|1
|upkeep
|turn|2
|inactive|SuperPokeVGC has 30 seconds left.
|inactive|SuperPokeVGC has 20 seconds left.
|inactive|SuperPokeVGC has 15 seconds left.
|
|t:|1756311821
|-terastallize|p1b: Gholdengo|Water
|move|p1a: Yanmega|Air Slash|p2b: Salamence
|-damage|p2b: Salamence|58/100
|move|p2b: Salamence|Bulldoze|p1a: Yanmega|[spread] p2a,p1b
|-immune|p1a: Yanmega
|-supereffective|p2a: Metagross
|-damage|p2a: Metagross|83/100
|-damage|p1b: Gholdengo|90/100
|-unboost|p1b: Gholdengo|spe|1
|-enditem|p2a: Metagross|Weakness Policy
|-boost|p2a: Metagross|atk|2|[from] item: Weakness Policy
|-boost|p2a: Metagross|spa|2|[from] item: Weakness Policy
|move|p2a: Metagross|Earthquake|p1a: Yanmega|[spread] p1b
|-immune|p2b: Salamence
|-immune|p1a: Yanmega
|-damage|p1b: Gholdengo|36/100
|move|p1b: Gholdengo|Shadow Ball|p2a: Metagross
|-supereffective|p2a: Metagross
|-damage|p2a: Metagross|0 fnt
|faint|p2a: Metagross
|
|-heal|p1b: Gholdengo|42/100|[from] item: Leftovers
|-ability|p1a: Yanmega|Speed Boost|boost
|-boost|p1a: Yanmega|spe|1
|upkeep
|
|t:|1756311835
|switch|p2a: Gothitelle|Gothitelle, L50, F|100/100
|turn|3
|inactive|SuperPokeVGC has 30 seconds left.
|
|t:|1756311867
|move|p1a: Yanmega|Detect|p1a: Yanmega
|-singleturn|p1a: Yanmega|Protect
|move|p1b: Gholdengo|Protect|p1b: Gholdengo
|-singleturn|p1b: Gholdengo|Protect
|move|p2a: Gothitelle|Fake Out|p1a: Yanmega
|-activate|p1a: Yanmega|move: Protect
|move|p2b: Salamence|Dragon Pulse|p1b: Gholdengo
|-activate|p1b: Gholdengo|move: Protect
|
|-heal|p1b: Gholdengo|48/100|[from] item: Leftovers
|-ability|p1a: Yanmega|Speed Boost|boost
|-boost|p1a: Yanmega|spe|1
|upkeep
|turn|4
|inactive|SuperPokeVGC has 30 seconds left.
|inactive|SuperPokeVGC has 20 seconds left.
|
|t:|1756311905
|-terastallize|p2a: Gothitelle|Dark
|move|p2b: Salamence|Protect|p2b: Salamence
|-singleturn|p2b: Salamence|Protect
|move|p1a: Yanmega|Air Slash|p2b: Salamence
|-activate|p2b: Salamence|move: Protect
|move|p1b: Gholdengo|Make It Rain|p2a: Gothitelle|[spread] p2a
|-activate|p2b: Salamence|move: Protect
|-damage|p2a: Gothitelle|67/100
|-unboost|p1b: Gholdengo|spa|1
|move|p2a: Gothitelle|Psychic|p1b: Gholdengo
|-damage|p1b: Gholdengo|17/100
|
|-heal|p1b: Gholdengo|23/100|[from] item: Leftovers
|-sideend|p2: Moitamo|move: Tailwind
|-sideend|p1: SuperPokeVGC|move: Tailwind
|-ability|p1a: Yanmega|Speed Boost|boost
|-boost|p1a: Yanmega|spe|1
|upkeep
|turn|5
|
|t:|1756311920
|switch|p2b: Politoed|Politoed, L50, M|100/100
|-weather|RainDance|[from] ability: Drizzle|[of] p2b: Politoed
|move|p1a: Yanmega|Tailwind|p1a: Yanmega
|-sidestart|p1: SuperPokeVGC|move: Tailwind
|move|p1b: Gholdengo|Nasty Plot|p1b: Gholdengo
|-boost|p1b: Gholdengo|spa|2
|move|p2a: Gothitelle|Trick Room|p2a: Gothitelle
|-fieldstart|move: Trick Room|[of] p2a: Gothitelle
|
|-weather|RainDance|[upkeep]
|-heal|p1b: Gholdengo|29/100|[from] item: Leftovers
|-ability|p1a: Yanmega|Speed Boost|boost
|-boost|p1a: Yanmega|spe|1
|upkeep
|turn|6
|
|t:|1756311944
|move|p1b: Gholdengo|Protect|p1b: Gholdengo
|-singleturn|p1b: Gholdengo|Protect
|move|p2a: Gothitelle|Psychic|p1b: Gholdengo
|-activate|p1b: Gholdengo|move: Protect
|move|p2b: Politoed|Encore|p1a: Yanmega
|-start|p1a: Yanmega|Encore
|move|p1a: Yanmega|Tailwind||[still]
|-fail|p1a: Yanmega
|
|-weather|RainDance|[upkeep]
|-heal|p1b: Gholdengo|35/100|[from] item: Leftovers
|-ability|p1a: Yanmega|Speed Boost|boost
|-boost|p1a: Yanmega|spe|1
|upkeep
|turn|7
|
|t:|1756311956
|move|p2a: Gothitelle|Psychic|p1b: Gholdengo
|-damage|p1b: Gholdengo|8/100
|move|p2b: Politoed|Weather Ball|p1b: Gholdengo
|-resisted|p1b: Gholdengo
|-damage|p1b: Gholdengo|0 fnt
|faint|p1b: Gholdengo
|move|p1a: Yanmega|Tailwind||[still]
|-fail|p1a: Yanmega
|
|-weather|RainDance|[upkeep]
|upkeep
|
|t:|1756311964
|switch|p1b: Tyranitar|Tyranitar, L50, M|100/100
|-weather|Sandstorm|[from] ability: Sand Stream|[of] p1b: Tyranitar
|turn|8
|
|t:|1756311979
|move|p2a: Gothitelle|Psychic|p1a: Yanmega
|-damage|p1a: Yanmega|52/100
|move|p2b: Politoed|Weather Ball|p1a: Yanmega
|-supereffective|p1a: Yanmega
|-damage|p1a: Yanmega|0 fnt
|faint|p1a: Yanmega
|move|p1b: Tyranitar|Rock Slide|p2b: Politoed|[spread] p2a,p2b
|-damage|p2a: Gothitelle|26/100
|-damage|p2b: Politoed|61/100
|-enditem|p2a: Gothitelle|Sitrus Berry|[eat]
|-heal|p2a: Gothitelle|51/100|[from] item: Sitrus Berry
|-damage|p1b: Tyranitar|90/100|[from] item: Life Orb
|
|-weather|Sandstorm|[upkeep]
|-damage|p2a: Gothitelle|45/100|[from] Sandstorm
|-sideend|p1: SuperPokeVGC|move: Tailwind
|upkeep
|
|t:|1756311985
|switch|p1a: Sinistcha|Sinistcha, L50|100/100
|-heal|p1b: Tyranitar|100/100|[from] ability: Hospitality|[of] p1a: Sinistcha
|turn|9
|
|t:|1756312009
|switch|p2a: Salamence|Salamence, L50, M|58/100
|-ability|p2a: Salamence|Intimidate|boost
|-unboost|p1a: Sinistcha|atk|1
|-unboost|p1b: Tyranitar|atk|1
|move|p2b: Politoed|Perish Song|p2b: Politoed
|-start|p1a: Sinistcha|perish3|[silent]
|-start|p1b: Tyranitar|perish3|[silent]
|-start|p2a: Salamence|perish3|[silent]
|-start|p2b: Politoed|perish3|[silent]
|-fieldactivate|move: Perish Song
|move|p1b: Tyranitar|Rock Slide|p2a: Salamence|[spread] p2a,p2b
|-supereffective|p2a: Salamence
|-damage|p2a: Salamence|7/100
|-damage|p2b: Politoed|30/100
|-damage|p1b: Tyranitar|90/100|[from] item: Life Orb
|move|p1a: Sinistcha|Matcha Gotcha|p2a: Salamence|[spread] p2a,p2b
|-resisted|p2a: Salamence
|-supereffective|p2b: Politoed
|-damage|p2a: Salamence|0 fnt
|-damage|p2b: Politoed|0 fnt
|faint|p2a: Salamence
|faint|p2b: Politoed
|
|-weather|Sandstorm|[upkeep]
|-damage|p1a: Sinistcha|94/100|[from] Sandstorm
|-start|p1a: Sinistcha|perish3
|-start|p1b: Tyranitar|perish3
|-fieldend|move: Trick Room
|upkeep
|
|t:|1756312023
|switch|p2b: Gothitelle|Gothitelle, L50, F, tera:Dark|45/100
|turn|10
|
|t:|1756312032
|move|p2b: Gothitelle|Protect|p2b: Gothitelle
|-singleturn|p2b: Gothitelle|Protect
|move|p1a: Sinistcha|Matcha Gotcha|p2b: Gothitelle
|-activate|p2b: Gothitelle|move: Protect
|move|p1b: Tyranitar|Rock Slide|p2b: Gothitelle
|-activate|p2b: Gothitelle|move: Protect
|
|-weather|Sandstorm|[upkeep]
|-damage|p1a: Sinistcha|88/100|[from] Sandstorm
|-damage|p2b: Gothitelle|39/100|[from] Sandstorm
|-start|p1b: Tyranitar|perish2
|-start|p1a: Sinistcha|perish2
|upkeep
|turn|11
|
|t:|1756312036
|move|p2b: Gothitelle|Protect|p2b: Gothitelle
|-singleturn|p2b: Gothitelle|Protect
|move|p1a: Sinistcha|Matcha Gotcha|p2b: Gothitelle
|-activate|p2b: Gothitelle|move: Protect
|move|p1b: Tyranitar|Rock Slide|p2b: Gothitelle
|-activate|p2b: Gothitelle|move: Protect
|
|-weather|Sandstorm|[upkeep]
|-damage|p1a: Sinistcha|82/100|[from] Sandstorm
|-damage|p2b: Gothitelle|33/100|[from] Sandstorm
|-start|p1a: Sinistcha|perish1
|-start|p1b: Tyranitar|perish1
|upkeep
|turn|12
|
|t:|1756312043
|move|p2b: Gothitelle|Protect||[still]
|-fail|p2b: Gothitelle
|move|p1a: Sinistcha|Matcha Gotcha|p2b: Gothitelle
|-damage|p2b: Gothitelle|7/100
|-heal|p1a: Sinistcha|95/100|[from] drain|[of] p2b: Gothitelle
|move|p1b: Tyranitar|Rock Slide|p2b: Gothitelle
|-damage|p2b: Gothitelle|0 fnt
|faint|p2b: Gothitelle
|-damage|p1b: Tyranitar|80/100|[from] item: Life Orb
|
|win|SuperPokeVGC
|raw|SuperPokeVGC's rating: 1112 → 1135(+23 for winning)
|raw|Moitamo's rating: 1080 → 1060(-20 for losing)
|l|‽Moitamo
|player|p2|
|j|‽Moitamo
|player|p2|Moitamo|flint|
