|j|☆GirlGamerNL
|j|☆MAEXLE
|html|GirlGamerNLMAEXLE    
|uhtml|bestof|Game 2 of a best-of-3
|t:|1757065122
|gametype|doubles
|player|p1|GirlGamerNL|169|1019
|player|p2|MAEXLE|101|1099
|gen|9
|tier|[Gen 9] VGC 2025 Reg H (Bo3)
|rated|
|rule|Species Clause: Limit one of each Pokémon
|rule|Item Clause: Limit 1 of each item
|clearpoke
|poke|p1|Rillaboom, L50, F|
|poke|p1|Kingambit, L50, M|
|poke|p1|Sneasler, L50, F|
|poke|p1|Dragonite, L50, M|
|poke|p1|Gastrodon, L50, F|
|poke|p1|Ceruledge, L50, M|
|poke|p2|Ursaluna, L50, F|
|poke|p2|Jumpluff, L50, F|
|poke|p2|Charizard, L50, F|
|poke|p2|Torkoal, L50, F|
|poke|p2|Incineroar, L50, F|
|poke|p2|Porygon2, L50|
|teampreview|4
|showteam|p1|Rillaboom||MiracleSeed|GrassySurge|WoodHammer,GrassyGlide,FakeOut,HighHorsepower|||F|||50|,,,,,Fire]Kingambit||AssaultVest|Defiant|KowtowCleave,SuckerPunch,TeraBlast,IronHead|||M|||50|,,,,,Flying]Sneasler||FocusSash|Unburden|DireClaw,CloseCombat,Coaching,FakeOut|||F|||50|,,,,,Ghost]Dragonite||LoadedDice|Multiscale|ExtremeSpeed,ScaleShot,LowKick,Protect|||M|||50|,,,,,Fairy]Gastrodon||SitrusBerry|StormDrain|EarthPower,IceBeam,ClearSmog,Protect|||F|||50|,,,,,Poison]Ceruledge||Leftovers|FlashFire|BitterBlade,ShadowSneak,BulkUp,Protect|||M|||50|,,,,,Grass
|showteam|p2|Ursaluna||FlameOrb|Guts|HeadlongRush,Facade,Earthquake,Protect|||F|||50|,,,,,Ghost]Jumpluff||CovertCloak|Chlorophyll|SleepPowder,SunnyDay,Tailwind,RagePowder|||F|||50|,,,,,Fire]Charizard||ChoiceSpecs|SolarPower|AirSlash,HeatWave,SolarBeam,WeatherBall|||F|||50|,,,,,Ghost]Torkoal||EjectPack|Drought|ClearSmog,Eruption,Overheat,Protect|||F|||50|,,,,,Fire]Incineroar||SafetyGoggles|Intimidate|FakeOut,FlareBlitz,KnockOff,PartingShot|||F|||50|,,,,,Ghost]Porygon2||Eviolite|Download|TeraBlast,IceBeam,Recover,TrickRoom||||||50|,,,,,Fighting
|inactive|Battle timer is ON: inactive players will automatically lose when time's up. (requested by GirlGamerNL)
|
|t:|1757065145
|teamsize|p1|4
|teamsize|p2|4
|start
|switch|p1a: Sneasler|Sneasler, L50, F|100/100
|switch|p1b: Rillaboom|Rillaboom, L50, F|100/100
|switch|p2a: Incineroar|Incineroar, L50, F|100/100
|switch|p2b: Porygon2|Porygon2, L50|100/100
|-fieldstart|move: Grassy Terrain|[from] ability: Grassy Surge|[of] p1b: Rillaboom
|-ability|p2a: Incineroar|Intimidate|boost
|-unboost|p1a: Sneasler|atk|1
|-unboost|p1b: Rillaboom|atk|1
|-ability|p2b: Porygon2|Download|boost
|-boost|p2b: Porygon2|atk|1
|turn|1
|inactive|MAEXLE has 30 seconds left.
|inactive|MAEXLE has 20 seconds left.
|
|t:|1757065184
|-terastallize|p1a: Sneasler|Ghost
|-terastallize|p2b: Porygon2|Fighting
|move|p1b: Rillaboom|Fake Out|p2b: Porygon2
|-damage|p2b: Porygon2|95/100
|move|p1a: Sneasler|Dire Claw|p2a: Incineroar
|-damage|p2a: Incineroar|72/100
|-status|p2a: Incineroar|psn
|move|p2a: Incineroar|Flare Blitz|p1b: Rillaboom
|-supereffective|p1b: Rillaboom
|-damage|p1b: Rillaboom|7/100
|-damage|p2a: Incineroar|40/100 psn|[from] Recoil
|cant|p2b: Porygon2|flinch
|
|-heal|p1b: Rillaboom|13/100|[from] Grassy Terrain
|-heal|p2a: Incineroar|46/100 psn|[from] Grassy Terrain
|-heal|p2b: Porygon2|100/100|[from] Grassy Terrain
|-damage|p2a: Incineroar|34/100 psn|[from] psn
|upkeep
|turn|2
|inactive|MAEXLE has 30 seconds left.
|
|t:|1757065219
|move|p1a: Sneasler|Dire Claw|p2b: Porygon2
|-damage|p2b: Porygon2|85/100
|-status|p2b: Porygon2|par
|move|p1b: Rillaboom|High Horsepower|p2a: Incineroar
|-supereffective|p2a: Incineroar
|-damage|p2a: Incineroar|0 fnt
|faint|p2a: Incineroar
|cant|p2b: Porygon2|par
|
|-heal|p1b: Rillaboom|19/100|[from] Grassy Terrain
|-heal|p2b: Porygon2|91/100 par|[from] Grassy Terrain
|upkeep
|
|t:|1757065241
|switch|p2a: Torkoal|Torkoal, L50, F|100/100
|-weather|SunnyDay|[from] ability: Drought|[of] p2a: Torkoal
|turn|3
|
|t:|1757065250
|move|p2a: Torkoal|Protect|p2a: Torkoal
|-singleturn|p2a: Torkoal|Protect
|move|p1a: Sneasler|Dire Claw|p2a: Torkoal
|-activate|p2a: Torkoal|move: Protect
|move|p1b: Rillaboom|High Horsepower|p2a: Torkoal
|-activate|p2a: Torkoal|move: Protect
|cant|p2b: Porygon2|par
|
|-weather|SunnyDay|[upkeep]
|-heal|p1b: Rillaboom|24/100|[from] Grassy Terrain
|-heal|p2b: Porygon2|97/100 par|[from] Grassy Terrain
|upkeep
|turn|4
|
|t:|1757065268
|switch|p2a: Ursaluna|Ursaluna, L50, F|100/100
|move|p1a: Sneasler|Dire Claw|p2a: Ursaluna
|-resisted|p2a: Ursaluna
|-damage|p2a: Ursaluna|91/100
|-status|p2a: Ursaluna|psn
|move|p1b: Rillaboom|High Horsepower|p2a: Ursaluna
|-damage|p2a: Ursaluna|75/100 psn
|move|p2b: Porygon2|Trick Room|p2b: Porygon2
|-fieldstart|move: Trick Room|[of] p2b: Porygon2
|
|-weather|SunnyDay|[upkeep]
|-heal|p2b: Porygon2|100/100 par|[from] Grassy Terrain
|-heal|p2a: Ursaluna|81/100 psn|[from] Grassy Terrain
|-heal|p1b: Rillaboom|30/100|[from] Grassy Terrain
|-damage|p2a: Ursaluna|69/100 psn|[from] psn
|upkeep
|turn|5
|
|t:|1757065289
|switch|p2a: Torkoal|Torkoal, L50, F|100/100
|move|p1b: Rillaboom|Grassy Glide|p2a: Torkoal
|-resisted|p2a: Torkoal
|-damage|p2a: Torkoal|90/100
|move|p2b: Porygon2|Ice Beam|p1b: Rillaboom
|-supereffective|p1b: Rillaboom
|-damage|p1b: Rillaboom|0 fnt
|faint|p1b: Rillaboom
|move|p1a: Sneasler|Dire Claw|p2b: Porygon2
|-damage|p2b: Porygon2|83/100 par
|
|-weather|SunnyDay|[upkeep]
|-heal|p2a: Torkoal|96/100|[from] Grassy Terrain
|-heal|p2b: Porygon2|90/100 par|[from] Grassy Terrain
|-fieldend|move: Grassy Terrain
|upkeep
|
|t:|1757065292
|switch|p1b: Gastrodon|Gastrodon, L50, F|100/100
|turn|6
|inactive|MAEXLE has 30 seconds left.
|inactive|MAEXLE has 20 seconds left.
|inactive|MAEXLE has 15 seconds left.
|
|t:|1757065337
|move|p2a: Torkoal|Overheat|p1a: Sneasler
|-enditem|p1a: Sneasler|Focus Sash
|-damage|p1a: Sneasler|1/100
|-unboost|p2a: Torkoal|spa|2
|-enditem|p2a: Torkoal|Eject Pack
|
|t:|1757065345
|switch|p2a: Ursaluna|Ursaluna, L50, F|69/100 psn
|move|p2b: Porygon2|Tera Blast|p1b: Gastrodon|[anim] Tera Blast Fighting
|-damage|p1b: Gastrodon|67/100
|move|p1b: Gastrodon|Earth Power|p2a: Ursaluna
|-damage|p2a: Ursaluna|36/100 psn
|move|p1a: Sneasler|Dire Claw|p2a: Ursaluna
|-resisted|p2a: Ursaluna
|-damage|p2a: Ursaluna|25/100 psn
|
|-weather|SunnyDay|[upkeep]
|-damage|p2a: Ursaluna|12/100 psn|[from] psn
|upkeep
|turn|7
|inactive|MAEXLE has 30 seconds left.
|inactive|MAEXLE has 20 seconds left.
|inactive|MAEXLE has 15 seconds left.
|
|t:|1757065386
|move|p2b: Porygon2|Tera Blast|p1b: Gastrodon|[anim] Tera Blast Fighting
|-damage|p1b: Gastrodon|35/100
|-enditem|p1b: Gastrodon|Sitrus Berry|[eat]
|-heal|p1b: Gastrodon|60/100|[from] item: Sitrus Berry
|move|p1b: Gastrodon|Earth Power|p2a: Ursaluna
|-damage|p2a: Ursaluna|0 fnt
|faint|p2a: Ursaluna
|move|p1a: Sneasler|Dire Claw|p2b: Porygon2
|-damage|p2b: Porygon2|74/100 par
|
|-weather|none
|upkeep
|
|t:|1757065400
|switch|p2a: Torkoal|Torkoal, L50, F|96/100
|-weather|SunnyDay|[from] ability: Drought|[of] p2a: Torkoal
|turn|8
|
|t:|1757065411
|move|p2a: Torkoal|Eruption|p1b: Gastrodon|[spread] p1a,p1b
|-resisted|p1b: Gastrodon
|-damage|p1a: Sneasler|0 fnt
|-damage|p1b: Gastrodon|28/100
|faint|p1a: Sneasler
|cant|p2b: Porygon2|par
|move|p1b: Gastrodon|Earth Power|p2a: Torkoal
|-supereffective|p2a: Torkoal
|-damage|p2a: Torkoal|0 fnt
|faint|p2a: Torkoal
|
|-weather|SunnyDay|[upkeep]
|-fieldend|move: Trick Room
|upkeep
|
|t:|1757065419
|switch|p1a: Ceruledge|Ceruledge, L50, M|100/100
|turn|9
|c|☆MAEXLE|son of a bit*h
|inactive|MAEXLE has 30 seconds left.
|c|☆GirlGamerNL|u oke?
|
|t:|1757065448
|move|p1a: Ceruledge|Bitter Blade|p2b: Porygon2
|-damage|p2b: Porygon2|31/100 par
|move|p1b: Gastrodon|Earth Power|p2b: Porygon2
|-damage|p2b: Porygon2|11/100 par
|move|p2b: Porygon2|Tera Blast|p1b: Gastrodon|[anim] Tera Blast Fighting
|-damage|p1b: Gastrodon|0 fnt
|faint|p1b: Gastrodon
|
|-weather|SunnyDay|[upkeep]
|upkeep
|turn|10
|c|☆GirlGamerNL|gg
|
|t:|1757065469
|move|p1a: Ceruledge|Bitter Blade|p2b: Porygon2
|-damage|p2b: Porygon2|0 fnt
|faint|p2b: Porygon2
|
|win|GirlGamerNL
