|j|☆irondingus
|j|☆Il Mule
|html|irondingusIl Mule    
|uhtml|bestof|Game 1 of a best-of-3
|t:|1783524387
|gametype|doubles
|player|p1|irondingus|lady-gen4|1451
|player|p2|Il Mule|salvatore|1585
|gen|9
|tier|[Gen 9 Champions] VGC 2026 Reg M-B (Bo3)
|rated|
|rule|Species Clause: Limit one of each Pokémon
|rule|Item Clause: Limit 1 of each item
|clearpoke
|poke|p1|Floette-Eternal, L50, F|
|poke|p1|Sneasler, L50, F|
|poke|p1|Incineroar, L50, F|
|poke|p1|Delphox, L50, M|
|poke|p1|Kingambit, L50, F, shiny|
|poke|p1|Sinistcha, L50, shiny|
|poke|p2|Excadrill, L50, F|
|poke|p2|Tyranitar, L50, M|
|poke|p2|Sneasler, L50, F|
|poke|p2|Incineroar, L50, M|
|poke|p2|Froslass, L50, F|
|poke|p2|Sinistcha, L50|
|teampreview|4
|showteam|p1|Floette-Eternal||Floettite|FlowerVeil|DazzlingGleam,DrainingKiss,CalmMind,Protect|Bold||F|||50|]Sneasler||FocusSash|PoisonTouch|CloseCombat,PoisonJab,FakeOut,QuickGuard|Jolly||F|||50|]Incineroar||SitrusBerry|Intimidate|FlareBlitz,DarkestLariat,FakeOut,PartingShot|Careful||F|||50|]Delphox||Delphoxite|Blaze|NastyPlot,Psyshock,HeatWave,Protect|Timid||M|||50|]Kingambit||BlackGlasses|Defiant|KowtowCleave,SwordsDance,SuckerPunch,Protect|Adamant||F|||50|]Sinistcha||OccaBerry|Hospitality|MatchaGotcha,TrickRoom,RagePowder,Protect|Bold|||||50|
|showteam|p2|Excadrill||FocusSash|SandRush|HighHorsepower,RockSlide,IronHead,Protect|Adamant||F|||50|]Tyranitar||Tyranitarite|SandStream|KnockOff,RockSlide,DragonDance,Protect|Adamant||M|||50|]Sneasler||WhiteHerb|Unburden|CloseCombat,DireClaw,Coaching,FakeOut|Jolly||F|||50|]Incineroar||SitrusBerry|Intimidate|FlareBlitz,HelpingHand,PartingShot,FakeOut|Impish||M|||50|]Froslass||Froslassite|CursedBody|Blizzard,ShadowBall,NastyPlot,Protect|Timid||F|||50|]Sinistcha||ColburBerry|Hospitality|MatchaGotcha,ShadowBall,RagePowder,Protect|Bold|||||50|
|inactive|Battle timer is ON: inactive players will automatically lose when time's up. (requested by irondingus)
|
|t:|1783524432
|teamsize|p1|4
|teamsize|p2|4
|start
|switch|p1a: Sneasler|Sneasler, L50, F|100/100
|switch|p1b: Floette|Floette-Eternal, L50, F|100/100
|switch|p2a: Gervasoni|Excadrill, L50, F|100/100
|switch|p2b: Quando provo|Tyranitar, L50, M|100/100
|-weather|Sandstorm|[from] ability: Sand Stream|[of] p2b: Quando provo
|turn|1
|
|t:|1783524446
|switch|p2b: Sidy|Incineroar, L50, M|100/100
|-ability|p2b: Sidy|Intimidate|boost
|-unboost|p1a: Sneasler|atk|1
|-unboost|p1b: Floette|atk|1
|detailschange|p1b: Floette|Floette-Mega, L50, F
|-mega|p1b: Floette|Floette|Floettite
|-ability|p1b: Floette|Fairy Aura
|move|p2a: Gervasoni|Protect|p2a: Gervasoni
|-singleturn|p2a: Gervasoni|Protect
|move|p1a: Sneasler|Fake Out|p2a: Gervasoni
|-activate|p2a: Gervasoni|move: Protect
|move|p1b: Floette|Calm Mind|p1b: Floette
|-boost|p1b: Floette|spa|1
|-boost|p1b: Floette|spd|1
|
|-weather|Sandstorm|[upkeep]
|-damage|p1a: Sneasler|94/100|[from] Sandstorm
|-damage|p1b: Floette|94/100|[from] Sandstorm
|-damage|p2b: Sidy|94/100|[from] Sandstorm
|upkeep
|turn|2
|
|t:|1783524467
|switch|p1a: Incineroar|Incineroar, L50, F|100/100
|-ability|p1a: Incineroar|Intimidate|boost
|-unboost|p2a: Gervasoni|atk|1
|-unboost|p2b: Sidy|atk|1
|move|p1b: Floette|Protect|p1b: Floette
|-singleturn|p1b: Floette|Protect
|move|p2a: Gervasoni|Iron Head|p1b: Floette
|-activate|p1b: Floette|move: Protect
|move|p2b: Sidy|Parting Shot|p1a: Incineroar
|-unboost|p1a: Incineroar|atk|1
|-unboost|p1a: Incineroar|spa|1
|
|t:|1783524472
|switch|p2b: Sabotage|Sneasler, L50, F|100/100|[from] Parting Shot
|
|-weather|Sandstorm|[upkeep]
|-damage|p2b: Sabotage|93/100|[from] Sandstorm
|-damage|p1b: Floette|88/100|[from] Sandstorm
|-damage|p1a: Incineroar|94/100|[from] Sandstorm
|upkeep
|turn|3
|
|t:|1783524486
|move|p2b: Sabotage|Fake Out|p1a: Incineroar
|-damage|p1a: Incineroar|84/100
|cant|p1a: Incineroar|flinch
|move|p2a: Gervasoni|Iron Head|p1b: Floette
|-supereffective|p1b: Floette|1
|-damage|p1b: Floette|32/100
|move|p1b: Floette|Draining Kiss|p2b: Sabotage
|-damage|p2b: Sabotage|32/100
|-heal|p1b: Floette|80/100|[from] drain|[of] p2b: Sabotage
|
|-weather|Sandstorm|[upkeep]
|-damage|p2b: Sabotage|25/100|[from] Sandstorm
|-damage|p1b: Floette|74/100|[from] Sandstorm
|-damage|p1a: Incineroar|78/100|[from] Sandstorm
|upkeep
|turn|4
|
|t:|1783524497
|switch|p1a: Sinistcha|Sinistcha, L50, shiny|100/100
|-heal|p1b: Floette|99/100|[from] ability: Hospitality|[of] p1a: Sinistcha
|move|p1b: Floette|Protect|p1b: Floette
|-singleturn|p1b: Floette|Protect
|move|p2a: Gervasoni|High Horsepower|p1a: Sinistcha|[miss]
|-miss|p2a: Gervasoni|p1a: Sinistcha
|move|p2b: Sabotage|Coaching|p2a: Gervasoni
|-boost|p2a: Gervasoni|atk|1
|-boost|p2a: Gervasoni|def|1
|
|-weather|Sandstorm|[upkeep]
|-damage|p2b: Sabotage|19/100|[from] Sandstorm
|-damage|p1b: Floette|93/100|[from] Sandstorm
|-damage|p1a: Sinistcha|93/100|[from] Sandstorm
|upkeep
|turn|5
|
|t:|1783524509
|move|p2a: Gervasoni|Iron Head|p1b: Floette
|-supereffective|p1b: Floette|1
|-damage|p1b: Floette|10/100
|move|p2b: Sabotage|Coaching|p2a: Gervasoni
|-boost|p2a: Gervasoni|atk|1
|-boost|p2a: Gervasoni|def|1
|move|p1b: Floette|Dazzling Gleam|p2a: Gervasoni|[spread] p2a,p2b
|-resisted|p2a: Gervasoni|1
|-damage|p2a: Gervasoni|60/100
|-damage|p2b: Sabotage|0 fnt
|faint|p2b: Sabotage
|move|p1a: Sinistcha|Matcha Gotcha|p2a: Gervasoni
|-damage|p2a: Gervasoni|14/100
|-heal|p1a: Sinistcha|100/100|[from] drain|[of] p2a: Gervasoni
|
|-weather|none
|upkeep
|
|t:|1783524518
|switch|p2b: Quando provo|Tyranitar, L50, M|100/100
|-weather|Sandstorm|[from] ability: Sand Stream|[of] p2b: Quando provo
|turn|6
|
|t:|1783524526
|switch|p1b: Incineroar|Incineroar, L50, F|78/100
|-ability|p1b: Incineroar|Intimidate|boost
|-unboost|p2a: Gervasoni|atk|1
|-unboost|p2b: Quando provo|atk|1
|detailschange|p2b: Quando provo|Tyranitar-Mega, L50, M
|-mega|p2b: Quando provo|Tyranitar|Tyranitarite
|move|p2a: Gervasoni|Rock Slide|p1b: Incineroar|[spread] p1a,p1b
|-supereffective|p1b: Incineroar|1
|-damage|p1a: Sinistcha|82/100
|-damage|p1b: Incineroar|39/100
|-enditem|p1b: Incineroar|Sitrus Berry|[eat]
|-heal|p1b: Incineroar|63/100|[from] item: Sitrus Berry
|move|p2b: Quando provo|Dragon Dance|p2b: Quando provo
|-boost|p2b: Quando provo|atk|1
|-boost|p2b: Quando provo|spe|1
|cant|p1a: Sinistcha|flinch
|
|-weather|Sandstorm|[upkeep]
|-damage|p1a: Sinistcha|75/100|[from] Sandstorm
|-damage|p1b: Incineroar|57/100|[from] Sandstorm
|upkeep
|turn|7
|
|t:|1783524544
|move|p1b: Incineroar|Fake Out|p2b: Quando provo
|-resisted|p2b: Quando provo|1
|-damage|p2b: Quando provo|97/100
|move|p2a: Gervasoni|Rock Slide|p1b: Incineroar|[spread] p1a,p1b
|-supereffective|p1b: Incineroar|1
|-damage|p1a: Sinistcha|58/100
|-damage|p1b: Incineroar|20/100y
|cant|p2b: Quando provo|flinch
|move|p1a: Sinistcha|Trick Room|p1a: Sinistcha
|-fieldstart|move: Trick Room|[of] p1a: Sinistcha
|
|-weather|Sandstorm|[upkeep]
|-damage|p1b: Incineroar|14/100|[from] Sandstorm
|-damage|p1a: Sinistcha|52/100|[from] Sandstorm
|upkeep
|turn|8
|
|t:|1783524561
|move|p1b: Incineroar|Parting Shot|p2b: Quando provo
|-unboost|p2b: Quando provo|atk|1
|-unboost|p2b: Quando provo|spa|1
|
|t:|1783524564
|switch|p1b: Sneasler|Sneasler, L50, F|94/100|[from] Parting Shot
|move|p1a: Sinistcha|Matcha Gotcha|p2b: Quando provo|[spread] p2a,p2b
|-supereffective|p2b: Quando provo|1
|-damage|p2a: Gervasoni|0 fnt
|-heal|p1a: Sinistcha|60/100|[from] drain|[of] p2a: Gervasoni
|-damage|p2b: Quando provo|70/100
|-heal|p1a: Sinistcha|75/100|[from] drain|[of] p2b: Quando provo
|faint|p2a: Gervasoni
|move|p2b: Quando provo|Knock Off|p1a: Sinistcha
|-supereffective|p1a: Sinistcha|1
|-damage|p1a: Sinistcha|10/100
|-enditem|p1a: Sinistcha|Occa Berry|[from] move: Knock Off|[of] p2b: Quando provo
|
|-weather|Sandstorm|[upkeep]
|-damage|p1a: Sinistcha|3/100|[from] Sandstorm
|-damage|p1b: Sneasler|88/100|[from] Sandstorm
|upkeep
|
|t:|1783524575
|switch|p2a: Sidy|Incineroar, L50, M|94/100
|-ability|p2a: Sidy|Intimidate|boost
|-unboost|p1a: Sinistcha|atk|1
|-unboost|p1b: Sneasler|atk|1
|turn|9
|
|t:|1783524583
|switch|p1b: Incineroar|Incineroar, L50, F|14/100
|-ability|p1b: Incineroar|Intimidate|boost
|-unboost|p2a: Sidy|atk|1
|-unboost|p2b: Quando provo|atk|1
|move|p2a: Sidy|Fake Out|p1b: Incineroar
|-damage|p1b: Incineroar|8/100
|move|p1a: Sinistcha|Matcha Gotcha|p2a: Sidy|[spread] p2a,p2b
|-resisted|p2a: Sidy|1
|-supereffective|p2b: Quando provo|1
|-damage|p2a: Sidy|83/100
|-heal|p1a: Sinistcha|10/100|[from] drain|[of] p2a: Sidy
|-damage|p2b: Quando provo|43/100
|-heal|p1a: Sinistcha|25/100|[from] drain|[of] p2b: Quando provo
|move|p2b: Quando provo|Knock Off|p1b: Incineroar
|-resisted|p1b: Incineroar|1
|-damage|p1b: Incineroar|0 fnt
|faint|p1b: Incineroar
|
|-weather|Sandstorm|[upkeep]
|-damage|p2a: Sidy|77/100|[from] Sandstorm
|-damage|p1a: Sinistcha|19/100|[from] Sandstorm
|upkeep
|
|t:|1783524592
|switch|p1b: Sneasler|Sneasler, L50, F|88/100
|turn|10
|
|t:|1783524596
|move|p1a: Sinistcha|Rage Powder|p1a: Sinistcha
|-singleturn|p1a: Sinistcha|move: Rage Powder
|move|p2a: Sidy|Flare Blitz|p1a: Sinistcha
|-supereffective|p1a: Sinistcha|1
|-damage|p1a: Sinistcha|0 fnt
|faint|p1a: Sinistcha
|-damage|p2a: Sidy|71/100|[from] Recoil
|move|p2b: Quando provo|Rock Slide|p1b: Sneasler
|-resisted|p1b: Sneasler|1
|-damage|p1b: Sneasler|70/100
|cant|p1b: Sneasler|flinch
|
|-weather|none
|upkeep
|
|t:|1783524600
|switch|p1a: Floette|Floette-Mega, L50, F|10/100
|-ability|p1a: Floette|Fairy Aura
|turn|11
|
|t:|1783524634
|move|p1a: Floette|Protect|p1a: Floette
|-singleturn|p1a: Floette|Protect
|move|p2a: Sidy|Flare Blitz|p1b: Sneasler
|-damage|p1b: Sneasler|20/100y
|-damage|p2a: Sidy|58/100|[from] Recoil
|move|p2b: Quando provo|Rock Slide|p1b: Sneasler|[spread] p1b
|-activate|p1a: Floette|move: Protect
|-resisted|p1b: Sneasler|1
|-damage|p1b: Sneasler|6/100
|cant|p1b: Sneasler|flinch
|
|-fieldend|move: Trick Room
|upkeep
|turn|12
|inactive|Il Mule has 30 seconds left.
|
|t:|1783524669
|move|p1b: Sneasler|Close Combat|p2a: Sidy
|-supereffective|p2a: Sidy|1
|-damage|p2a: Sidy|0 fnt
|-unboost|p1b: Sneasler|def|1
|-unboost|p1b: Sneasler|spd|1
|faint|p2a: Sidy
|move|p2b: Quando provo|Rock Slide|p1b: Sneasler|[spread] p1a,p1b
|-resisted|p1b: Sneasler|1
|-damage|p1a: Floette|0 fnt
|-damage|p1b: Sneasler|0 fnt
|faint|p1a: Floette
|faint|p1b: Sneasler
|
|win|Il Mule
||irondingus is ready for game 2.
||irondingus is ready for game 2.
||irondingus is ready for game 2.
||Il Mule is ready for game 2.
|uhtml|next|Next: Game 2 of 3
|j| kelso shrug
|j| estupinanthepuledr
