|j|☆Gaspar8
|j|☆Lightoz V
|html|Gaspar8Lightoz V    
|uhtml|bestof|Game 2 of a best-of-3
|t:|1757237461
|gametype|doubles
|player|p1|Gaspar8|2|1445
|player|p2|Lightoz V|blue-gen2|1469
|gen|9
|tier|[Gen 9] VGC 2025 Reg H (Bo3)
|rated|
|rule|Species Clause: Limit one of each Pokémon
|rule|Item Clause: Limit 1 of each item
|clearpoke
|poke|p1|Pelipper, L50, M|
|poke|p1|Archaludon, L50, F|
|poke|p1|Amoonguss, L50, F|
|poke|p1|Incineroar, L50, M|
|poke|p1|Basculegion, L50, M|
|poke|p1|Gholdengo, L50|
|poke|p2|Incineroar, L50, M|
|poke|p2|Annihilape, L50, F|
|poke|p2|Dragonite, L50, F|
|poke|p2|Volcarona, L50, M|
|poke|p2|Rillaboom, L50, F|
|poke|p2|Basculegion, L50, M|
|teampreview|4
|showteam|p1|Pelipper||FocusSash|Drizzle|Hurricane,WeatherBall,Tailwind,Protect|||M|||50|,,,,,Ghost]Archaludon||AssaultVest|Stamina|ElectroShot,FlashCannon,Snarl,BodyPress|||F|||50|,,,,,Bug]Amoonguss||RockyHelmet|Regenerator|PollenPuff,Spore,RagePowder,Protect|||F|||50|,,,,,Fairy]Incineroar||SitrusBerry|Intimidate|FlareBlitz,KnockOff,FakeOut,PartingShot|||M|||50|,,,,,Ghost]Basculegion||ChoiceBand|SwiftSwim|WaveCrash,LastRespects,FlipTurn,AquaJet|||M|||50|,,,,,Water]Gholdengo||LifeOrb|GoodasGold|MakeItRain,ShadowBall,NastyPlot,Protect||||||50|,,,,,Water
|showteam|p2|Incineroar||SitrusBerry|Intimidate|FlareBlitz,KnockOff,FakeOut,PartingShot|||M|||50|,,,,,Ghost]Annihilape||SafetyGoggles|Defiant|CloseCombat,RageFist,Coaching,FinalGambit|||F|||50|,,,,,Water]Dragonite||LoadedDice|Multiscale|ScaleShot,SunnyDay,Haze,Protect|||F|||50|,,,,,Fairy]Volcarona||Leftovers|FlameBody|HeatWave,TeraBlast,QuiverDance,Protect|||M|||50|,,,,,Fairy]Rillaboom||AssaultVest|GrassySurge|WoodHammer,GrassyGlide,HighHorsepower,FakeOut|||F|||50|,,,,,Fire]Basculegion||ChoiceScarf|Adaptability|WaveCrash,LastRespects,FlipTurn,AquaJet|||M|||50|,,,,,Water
|inactive|Battle timer is ON: inactive players will automatically lose when time's up. (requested by Gaspar8)
|inactive|Lightoz V has 60 seconds left.
|
|t:|1757237502
|teamsize|p1|4
|teamsize|p2|4
|start
|switch|p1a: Pelipper|Pelipper, L50, M, shiny|100/100
|switch|p1b: Archaludon|Archaludon, L50, F, shiny|100/100
|switch|p2a: Dragonite|Dragonite, L50, F|100/100
|switch|p2b: Annihilape|Annihilape, L50, F, shiny|100/100
|-weather|RainDance|[from] ability: Drizzle|[of] p1a: Pelipper
|turn|1
|
|t:|1757237520
|switch|p1b: Incineroar|Incineroar, L50, M|100/100
|-ability|p1b: Incineroar|Intimidate|boost
|-unboost|p2a: Dragonite|atk|1
|-unboost|p2b: Annihilape|atk|1
|-ability|p2b: Annihilape|Defiant|boost
|-boost|p2b: Annihilape|atk|2
|move|p2b: Annihilape|Final Gambit|p1b: Incineroar
|-damage|p1b: Incineroar|0 fnt
|faint|p2b: Annihilape
|faint|p1b: Incineroar
|move|p2a: Dragonite|Sunny Day|p2a: Dragonite
|-weather|SunnyDay
|move|p1a: Pelipper|Hurricane|p2a: Dragonite|[miss]
|-miss|p1a: Pelipper|p2a: Dragonite
|
|-weather|SunnyDay|[upkeep]
|upkeep
|
|t:|1757237539
|switch|p2b: Volcarona|Volcarona, L50, M|100/100
|switch|p1b: Basculegion|Basculegion, L50, M|100/100
|turn|2
|inactive|Lightoz V has 30 seconds left.
|
|t:|1757237568
|switch|p2b: Rillaboom|Rillaboom, L50, F, shiny|100/100
|-fieldstart|move: Grassy Terrain|[from] ability: Grassy Surge|[of] p2b: Rillaboom
|switch|p1a: Archaludon|Archaludon, L50, F, shiny|100/100
|move|p2a: Dragonite|Scale Shot|p1b: Basculegion
|-damage|p1b: Basculegion|88/100
|-damage|p1b: Basculegion|74/100
|-damage|p1b: Basculegion|62/100
|-damage|p1b: Basculegion|48/100
|-damage|p1b: Basculegion|34/100
|-hitcount|p1b: Basculegion|5
|-unboost|p2a: Dragonite|def|1
|-boost|p2a: Dragonite|spe|1
|move|p1b: Basculegion|Flip Turn|p2b: Rillaboom
|-resisted|p2b: Rillaboom
|-damage|p2b: Rillaboom|89/100
|
|t:|1757237587
|switch|p1b: Pelipper|Pelipper, L50, M, shiny|100/100|[from] Flip Turn
|-weather|RainDance|[from] ability: Drizzle|[of] p1b: Pelipper
|
|-weather|RainDance|[upkeep]
|-heal|p2b: Rillaboom|95/100|[from] Grassy Terrain
|upkeep
|turn|3
|
|t:|1757237612
|move|p2b: Rillaboom|Grassy Glide|p1b: Pelipper
|-damage|p1b: Pelipper|63/100
|move|p2a: Dragonite|Sunny Day|p2a: Dragonite
|-weather|SunnyDay
|move|p1a: Archaludon|Electro Shot||[still]
|-prepare|p1a: Archaludon|Electro Shot
|-boost|p1a: Archaludon|spa|1
|move|p1b: Pelipper|Tailwind|p1b: Pelipper
|-sidestart|p1: Gaspar8|move: Tailwind
|
|-weather|SunnyDay|[upkeep]
|-heal|p2b: Rillaboom|100/100|[from] Grassy Terrain
|upkeep
|turn|4
|inactive|Lightoz V has 30 seconds left.
|
|t:|1757237644
|move|p2a: Dragonite|Protect|p2a: Dragonite
|-singleturn|p2a: Dragonite|Protect
|move|p1a: Archaludon|Electro Shot|p2a: Dragonite|[from] lockedmove
|-activate|p2a: Dragonite|move: Protect
|move|p1b: Pelipper|Weather Ball|p2b: Rillaboom
|-supereffective|p2b: Rillaboom
|-damage|p2b: Rillaboom|39/100
|move|p2b: Rillaboom|Wood Hammer|p1b: Pelipper
|-damage|p1b: Pelipper|0 fnt
|faint|p1b: Pelipper
|-damage|p2b: Rillaboom|23/100|[from] Recoil
|
|-weather|SunnyDay|[upkeep]
|-heal|p2b: Rillaboom|29/100|[from] Grassy Terrain
|upkeep
|
|t:|1757237662
|switch|p1b: Basculegion|Basculegion, L50, M|34/100
|turn|5
|
|t:|1757237681
|move|p1b: Basculegion|Aqua Jet|p2a: Dragonite
|-resisted|p2a: Dragonite
|-damage|p2a: Dragonite|95/100
|move|p2b: Rillaboom|Grassy Glide|p1b: Basculegion
|-supereffective|p1b: Basculegion
|-damage|p1b: Basculegion|0 fnt
|faint|p1b: Basculegion
|move|p1a: Archaludon|Flash Cannon|p2a: Dragonite
|-damage|p2a: Dragonite|38/100
|move|p2a: Dragonite|Haze|p2a: Dragonite
|-clearallboost
|
|-weather|SunnyDay|[upkeep]
|-heal|p2b: Rillaboom|35/100|[from] Grassy Terrain
|upkeep
|turn|6
|
|t:|1757237698
|switch|p2b: Volcarona|Volcarona, L50, M|100/100
|move|p2a: Dragonite|Protect|p2a: Dragonite
|-singleturn|p2a: Dragonite|Protect
|move|p1a: Archaludon|Flash Cannon|p2a: Dragonite
|-activate|p2a: Dragonite|move: Protect
|
|-weather|SunnyDay|[upkeep]
|-sideend|p1: Gaspar8|move: Tailwind
|-fieldend|move: Grassy Terrain
|upkeep
|turn|7
|
|t:|1757237709
|switch|p2a: Rillaboom|Rillaboom, L50, F, shiny|35/100
|-fieldstart|move: Grassy Terrain|[from] ability: Grassy Surge|[of] p2a: Rillaboom
|move|p2b: Volcarona|Quiver Dance|p2b: Volcarona
|-boost|p2b: Volcarona|spa|1
|-boost|p2b: Volcarona|spd|1
|-boost|p2b: Volcarona|spe|1
|move|p1a: Archaludon|Flash Cannon|p2a: Rillaboom
|-damage|p2a: Rillaboom|11/100
|
|-weather|none
|-heal|p2a: Rillaboom|17/100|[from] Grassy Terrain
|upkeep
|turn|8
|-message|Gaspar8 forfeited.
|
|win|Lightoz V
|raw|Gaspar8's rating: 1445 → 1426(-19 for losing)
|raw|Lightoz V's rating: 1469 → 1488(+19 for winning)
|l|☆Gaspar8
|player|p1|
