|j|☆bighamsterbaseball
|j|☆teal_knight
|html|bighamsterbaseballteal_knight    
|uhtml|bestof|Game 2 of a best-of-3
|t:|1783209306
|gametype|doubles
|player|p1|bighamsterbaseball|pokemaniac|1128
|player|p2|teal_knight|169|1036
|gen|9
|tier|[Gen 9 Champions] VGC 2026 Reg M-B (Bo3)
|rated|
|rule|Species Clause: Limit one of each Pokémon
|rule|Item Clause: Limit 1 of each item
|clearpoke
|poke|p1|Pyroar, L50, M|
|poke|p1|Scrafty, L50, F|
|poke|p1|Torkoal, L50, M|
|poke|p1|Farigiraf, L50, M|
|poke|p1|Venusaur, L50, F|
|poke|p1|Mamoswine, L50, F|
|poke|p2|Charizard, L50, M|
|poke|p2|Whimsicott, L50, M|
|poke|p2|Garchomp, L50, F|
|poke|p2|Aerodactyl, L50, F|
|poke|p2|Basculegion, L50, M|
|poke|p2|Sylveon, L50, M|
|teampreview|4
|showteam|p1|Pyroar||Pyroarite|Unnerve|HeatWave,Overheat,Yawn,Protect|Timid||M|||50|]Scrafty||Scraftinite|Intimidate|FakeOut,DrainPunch,KnockOff,IcePunch|Adamant||F|||50|]Torkoal||HeatRock|Drought|Eruption,WeatherBall,HelpingHand,Protect|Quiet||M|||50|]Farigiraf||SitrusBerry|ArmorTail|Psychic,Thunderbolt,TrickRoom,Protect|Quiet||M|||50|]Venusaur||LifeOrb|Chlorophyll|LeafStorm,SludgeBomb,EarthPower,Protect|Modest||F|||50|]Mamoswine||FocusSash|Oblivious|IceShard,HighHorsepower,RockSlide,Protect|Adamant||F|||50|
|showteam|p2|Charizard||CharizarditeY|SolarPower|HeatWave,Protect,WeatherBall,SolarBeam|Modest||M|||50|]Whimsicott||FocusSash|Prankster|Moonblast,Protect,Tailwind,Encore|Timid||M|||50|]Garchomp||LifeOrb|RoughSkin|Earthquake,Protect,DragonClaw,RockSlide|Adamant||F|||50|]Aerodactyl||Aerodactylite|Unnerve|RockSlide,Protect,Tailwind,DualWingbeat|Jolly||F|||50|]Basculegion||ChoiceScarf|Adaptability|WaveCrash,LastRespects,FlipTurn,AquaJet|Jolly||M|||50|]Sylveon||FairyFeather|Pixilate|HyperVoice,Protect,HyperBeam,QuickAttack|Modest||M|||50|
|inactive|Battle timer is ON: inactive players will automatically lose when time's up. (requested by teal_knight)
|inactive|bighamsterbaseball has 60 seconds left.
|
|t:|1783209397
|teamsize|p1|4
|teamsize|p2|4
|start
|switch|p1a: Mamoswine|Mamoswine, L50, F|100/100
|switch|p1b: Scrafty|Scrafty, L50, F|100/100
|switch|p2a: Garchomp|Garchomp, L50, F|100/100
|switch|p2b: Aerodactyl|Aerodactyl, L50, F|100/100
|-ability|p2b: Aerodactyl|Unnerve
|-ability|p1b: Scrafty|Intimidate|boost
|-unboost|p2a: Garchomp|atk|1
|-unboost|p2b: Aerodactyl|atk|1
|turn|1
|
|t:|1783209416
|move|p2b: Aerodactyl|Protect|p2b: Aerodactyl
|-singleturn|p2b: Aerodactyl|Protect
|move|p2a: Garchomp|Protect|p2a: Garchomp
|-singleturn|p2a: Garchomp|Protect
|move|p1a: Mamoswine|Ice Shard|p2b: Aerodactyl
|-activate|p2b: Aerodactyl|move: Protect
|move|p1b: Scrafty|Ice Punch|p2a: Garchomp
|-activate|p2a: Garchomp|move: Protect
|
|upkeep
|turn|2
|
|t:|1783209429
|switch|p2a: Basculegion|Basculegion, L50, M|100/100
|detailschange|p2b: Aerodactyl|Aerodactyl-Mega, L50, F
|-mega|p2b: Aerodactyl|Aerodactyl|Aerodactylite
|move|p1a: Mamoswine|Ice Shard|p2a: Basculegion
|-resisted|p2a: Basculegion|1
|-damage|p2a: Basculegion|84/100
|move|p2b: Aerodactyl|Tailwind|p2b: Aerodactyl
|-sidestart|p2: teal_knight|move: Tailwind
|move|p1b: Scrafty|Ice Punch|p2b: Aerodactyl
|-supereffective|p2b: Aerodactyl|1
|-damage|p2b: Aerodactyl|51/100
|
|upkeep
|turn|3
|inactive|bighamsterbaseball has 30 seconds left.
|
|t:|1783209464
|move|p1a: Mamoswine|Protect|p1a: Mamoswine
|-singleturn|p1a: Mamoswine|Protect
|move|p2b: Aerodactyl|Rock Slide|p1a: Mamoswine|[spread] p1b
|-activate|p1a: Mamoswine|move: Protect
|-resisted|p1b: Scrafty|1
|-damage|p1b: Scrafty|91/100
|move|p2a: Basculegion|Wave Crash|p1b: Scrafty
|-damage|p1b: Scrafty|15/100
|-damage|p2a: Basculegion|62/100|[from] Recoil
|cant|p1b: Scrafty|flinch
|
|upkeep
|turn|4
|
|t:|1783209484
|switch|p1b: Torkoal|Torkoal, L50, M|100/100
|-weather|SunnyDay|[from] ability: Drought|[of] p1b: Torkoal
|move|p2b: Aerodactyl|Dual Wingbeat|p1b: Torkoal
|-damage|p1b: Torkoal|87/100
|-damage|p1b: Torkoal|75/100
|-hitcount|p1b: Torkoal|2
|move|p2a: Basculegion|Wave Crash|p1a: Mamoswine
|-supereffective|p1a: Mamoswine|1
|-damage|p1a: Mamoswine|12/100
|-damage|p2a: Basculegion|35/100|[from] Recoil
|move|p1a: Mamoswine|Rock Slide|p2a: Basculegion|[spread] p2a,p2b
|-supereffective|p2b: Aerodactyl|1
|-crit|p2b: Aerodactyl
|-damage|p2a: Basculegion|6/100
|-damage|p2b: Aerodactyl|0 fnt
|faint|p2b: Aerodactyl
|
|-weather|SunnyDay|[upkeep]
|upkeep
|inactive|teal_knight has 30 seconds left.
|
|t:|1783209510
|switch|p2b: Garchomp|Garchomp, L50, F|100/100
|turn|5
|inactive|bighamsterbaseball has 30 seconds left.
|
|t:|1783209536
|switch|p1b: Scrafty|Scrafty, L50, F|15/100
|-ability|p1b: Scrafty|Intimidate|boost
|-unboost|p2a: Basculegion|atk|1
|-unboost|p2b: Garchomp|atk|1
|move|p1a: Mamoswine|Protect|p1a: Mamoswine
|-singleturn|p1a: Mamoswine|Protect
|move|p2a: Basculegion|Wave Crash|p1b: Scrafty
|-damage|p1b: Scrafty|0 fnt
|faint|p1b: Scrafty
|-damage|p2a: Basculegion|2/100|[from] Recoil
|move|p2b: Garchomp|Rock Slide|p1a: Mamoswine
|-activate|p1a: Mamoswine|move: Protect
|
|-weather|SunnyDay|[upkeep]
|-sideend|p2: teal_knight|move: Tailwind
|upkeep
|
|t:|1783209542
|switch|p1b: Pyroar|Pyroar, L50, M|100/100
|-ability|p1b: Pyroar|Unnerve
|turn|6
|
|t:|1783209564
|detailschange|p1b: Pyroar|Pyroar-Mega, L50, M
|-mega|p1b: Pyroar|Pyroar|Pyroarite
|move|p1a: Mamoswine|Ice Shard|p2b: Garchomp
|-supereffective|p2b: Garchomp|2
|-damage|p2b: Garchomp|1/100
|move|p2a: Basculegion|Wave Crash|p1b: Pyroar
|-supereffective|p1b: Pyroar|1
|-damage|p1b: Pyroar|45/100
|-damage|p2a: Basculegion|0 fnt|[from] Recoil
|faint|p2a: Basculegion
|move|p1b: Pyroar|Heat Wave|p2b: Garchomp
|-resisted|p2b: Garchomp|1
|-damage|p2b: Garchomp|0 fnt
|faint|p2b: Garchomp
|
|-weather|SunnyDay|[upkeep]
|upkeep
|
|t:|1783209575
|switch|p2b: Whimsicott|Whimsicott, L50, M|100/100
|turn|7
|
|t:|1783209584
|move|p1a: Mamoswine|Ice Shard|p2b: Whimsicott
|-supereffective|p2b: Whimsicott|1
|-damage|p2b: Whimsicott|25/100
|move|p1b: Pyroar|Heat Wave|p2b: Whimsicott|[miss]
|-miss|p1b: Pyroar|p2b: Whimsicott
|move|p2b: Whimsicott|Moonblast|p1a: Mamoswine
|-damage|p1a: Mamoswine|0 fnt
|faint|p1a: Mamoswine
|
|-weather|SunnyDay|[upkeep]
|upkeep
|
|t:|1783209587
|switch|p1a: Torkoal|Torkoal, L50, M|75/100
|turn|8
|
|t:|1783209594
|move|p1b: Pyroar|Overheat|p2b: Whimsicott
|-supereffective|p2b: Whimsicott|1
|-damage|p2b: Whimsicott|0 fnt
|-unboost|p1b: Pyroar|spa|2
|faint|p2b: Whimsicott
|
|win|bighamsterbaseball
|inactive|bighamsterbaseball has 30 seconds to confirm battle start!
|inactive|teal_knight has 30 seconds to confirm battle start!
||bighamsterbaseball is ready for game 3.
||teal_knight is ready for game 3.
|uhtml|next|Next: Game 3 of 3
|l|☆teal_knight
|player|p2|
|l|☆bighamsterbaseball
|player|p1|
|j|☆bighamsterbaseball
|player|p1|bighamsterbaseball|pokemaniac|
