|j|☆swooshcel
|j|☆roacchin
|html|swooshcelroacchin    
|uhtml|bestof|Game 2 of a best-of-3
|t:|1784509624
|gametype|doubles
|player|p1|swooshcel|101|
|player|p2|roacchin|cynthia-gen4|
|gen|9
|tier|[Gen 9 Champions] VGC 2026 Reg M-B (Bo3)
|rule|Species Clause: Limit one of each Pokémon
|rule|Item Clause: Limit 1 of each item
|clearpoke
|poke|p1|Sinistcha-Masterpiece, L50|
|poke|p1|Basculegion, L50, M|
|poke|p1|Corviknight, L50, F|
|poke|p1|Glimmora, L50, F|
|poke|p1|Aurorus, L50, F|
|poke|p1|Froslass, L50, F|
|poke|p2|Charizard, L50, F|
|poke|p2|Grimmsnarl, L50, M|
|poke|p2|Kingambit, L50, M|
|poke|p2|Trevenant, L50, F|
|poke|p2|Meowstic, L50, M|
|poke|p2|Venusaur, L50, F|
|teampreview|4
|showteam|p1|Sinistcha-Masterpiece||SitrusBerry|Hospitality|MatchaGotcha,Scald,ShadowBall,RagePowder|Timid|||||50|]Basculegion||ChoiceScarf|Adaptability|IceFang,WaveCrash,LastRespects,FlipTurn|Jolly||M|||50|]Corviknight||FocusSash|Pressure|BraveBird,BodyPress,Tailwind,IronDefense|Impish||F|||50|]Glimmora||Glimmoranite|ToxicDebris|PowerGem,Protect,SludgeWave,Explosion|Modest||F|||50|]Aurorus||LightClay|SnowWarning|AuroraVeil,Blizzard,FlashCannon,Encore|Bold||F|||50|]Froslass||Froslassite|SnowCloak|Blizzard,Protect,NastyPlot,ShadowBall|Modest||F|||50|
|showteam|p2|Charizard||CharizarditeY|Blaze|HeatWave,WeatherBall,Protect,SolarBeam|Modest||F|||50|]Grimmsnarl||MentalHerb|Prankster|BrickBreak,FoulPlay,LightScreen,FakeOut|Adamant||M|||50|]Kingambit||LifeOrb|Defiant|SuckerPunch,KowtowCleave,Protect,LowKick|Naughty||M|||50|]Trevenant||SitrusBerry|Frisk|HornLeech,KnockOff,Poltergeist,RockSlide|Adamant||F|||50|]Meowstic||ExpertBelt|Prankster|FakeOut,Thunderbolt,ShadowBall,AlluringVoice|Timid||M|||50|]Venusaur||FocusSash|Chlorophyll|Protect,EnergyBall,EarthPower,WeatherBall|Modest||F|||50|
|
|t:|1784509692
|teamsize|p1|4
|teamsize|p2|4
|start
|switch|p1a: tailwind slave|Corviknight, L50, F|100/100
|switch|p1b: roland|Basculegion, L50, M|100/100
|switch|p2a: Charizard|Charizard, L50, F|100/100
|switch|p2b: Grimmsnarl|Grimmsnarl, L50, M|100/100
|-ability|p1a: tailwind slave|Pressure
|turn|1
|
|t:|1784509715
|move|p2a: Charizard|Protect|p2a: Charizard
|-singleturn|p2a: Charizard|Protect
|move|p2b: Grimmsnarl|Fake Out|p1a: tailwind slave
|-resisted|p1a: tailwind slave|1
|-damage|p1a: tailwind slave|95/100
|move|p1b: roland|Wave Crash|p2a: Charizard
|-activate|p2a: Charizard|move: Protect
|cant|p1a: tailwind slave|flinch
|
|upkeep
|turn|2
|
|t:|1784509727
|switch|p2a: Kingambit|Kingambit, L50, M|100/100
|move|p1b: roland|Wave Crash|p2a: Kingambit
|-damage|p2a: Kingambit|44/100
|-damage|p1b: roland|83/100|[from] Recoil
|move|p1a: tailwind slave|Tailwind|p1a: tailwind slave
|-sidestart|p1: swooshcel|move: Tailwind
|move|p2b: Grimmsnarl|Foul Play|p1b: roland
|-supereffective|p1b: roland|1
|-damage|p1b: roland|0 fnt
|faint|p1b: roland
|
|upkeep
|
|t:|1784509741
|switch|p1b: train neck|Glimmora, L50, F|100/100
|turn|3
|
|t:|1784509755
|detailschange|p1b: train neck|Glimmora-Mega, L50, F
|-mega|p1b: train neck|Glimmora|Glimmoranite
|move|p2a: Kingambit|Protect|p2a: Kingambit
|-singleturn|p2a: Kingambit|Protect
|move|p1b: train neck|Sludge Wave|p2b: Grimmsnarl|[spread] p2b
|-activate|p2a: Kingambit|move: Protect
|-immune|p1a: tailwind slave
|-supereffective|p2b: Grimmsnarl|1
|-damage|p2b: Grimmsnarl|0 fnt
|faint|p2b: Grimmsnarl
|move|p1a: tailwind slave|Body Press|p2a: Kingambit
|-activate|p2a: Kingambit|move: Protect
|
|upkeep
|
|t:|1784509765
|switch|p2b: Charizard|Charizard, L50, F|100/100
|turn|4
|
|t:|1784509792
|move|p2b: Charizard|Protect|p2b: Charizard
|-singleturn|p2b: Charizard|Protect
|move|p2a: Kingambit|Sucker Punch|p1a: tailwind slave
|-damage|p1a: tailwind slave|64/100
|-damage|p2a: Kingambit|35/100|[from] item: Life Orb
|move|p1b: train neck|Power Gem|p2b: Charizard
|-activate|p2b: Charizard|move: Protect
|move|p1a: tailwind slave|Body Press|p2a: Kingambit
|-supereffective|p2a: Kingambit|2
|-damage|p2a: Kingambit|0 fnt
|faint|p2a: Kingambit
|
|upkeep
|
|t:|1784509796
|switch|p2a: Venusaur|Venusaur, L50, F|100/100
|turn|5
|
|t:|1784509810
|detailschange|p2b: Charizard|Charizard-Mega-Y, L50, F
|-mega|p2b: Charizard|Charizard|Charizardite Y
|-weather|SunnyDay|[from] ability: Drought|[of] p2b: Charizard
|move|p1b: train neck|Power Gem|p2b: Charizard
|-supereffective|p2b: Charizard|2
|-damage|p2b: Charizard|0 fnt
|faint|p2b: Charizard
|move|p2a: Venusaur|Earth Power|p1b: train neck
|-supereffective|p1b: train neck|2
|-damage|p1b: train neck|0 fnt
|faint|p1b: train neck
|move|p1a: tailwind slave|Brave Bird|p2a: Venusaur
|-supereffective|p2a: Venusaur|1
|-damage|p2a: Venusaur|7/100
|-damage|p1a: tailwind slave|40/100|[from] Recoil
|
|-weather|SunnyDay|[upkeep]
|-sideend|p1: swooshcel|move: Tailwind
|upkeep
|
|t:|1784509823
|switch|p1b: jarona|Sinistcha-Masterpiece, L50|100/100
|-heal|p1a: tailwind slave|65/100|[from] ability: Hospitality|[of] p1b: jarona
|turn|6
|
|t:|1784509834
|move|p2a: Venusaur|Weather Ball|p1a: tailwind slave
|-supereffective|p1a: tailwind slave|1
|-damage|p1a: tailwind slave|0 fnt
|faint|p1a: tailwind slave
|move|p1b: jarona|Shadow Ball|p2a: Venusaur
|-damage|p2a: Venusaur|0 fnt
|faint|p2a: Venusaur
|
|win|swooshcel
||roacchin is ready for game 3.
||swooshcel is ready for game 3.
|uhtml|next|Next: Game 3 of 3
|l|☆swooshcel
|player|p1|
