|j|☆Andrea Pirlo 2
|j|☆la fabbrica
|html|Andrea Pirlo 2la fabbrica    
|uhtml|bestof|Game 2 of a best-of-3
|t:|1782246487
|gametype|doubles
|player|p1|Andrea Pirlo 2|volkner|
|player|p2|la fabbrica|volkner|
|gen|9
|tier|[Gen 9 Champions] VGC 2026 Reg M-B (Bo3)
|rule|Species Clause: Limit one of each Pokémon
|rule|Item Clause: Limit 1 of each item
|clearpoke
|poke|p1|Pelipper, L50, F|
|poke|p1|Swampert, L50, F|
|poke|p1|Basculegion, L50, M|
|poke|p1|Archaludon, L50, M|
|poke|p1|Floette-Eternal, L50, F|
|poke|p1|Whimsicott, L50, F|
|poke|p2|Swampert, L50, F|
|poke|p2|Pelipper, L50, F|
|poke|p2|Archaludon, L50, M|
|poke|p2|Sinistcha, L50|
|poke|p2|Maushold-Four, L50|
|poke|p2|Gholdengo, L50|
|teampreview|4
|showteam|p1|Pelipper||LifeOrb|Drizzle|WeatherBall,Hurricane,Tailwind,Protect|Modest||F|||50|]Swampert||Swampertite|Torrent|WaveCrash,HighHorsepower,IcePunch,Protect|Adamant||F|||50|]Basculegion||FocusSash|Adaptability|Liquidation,LastRespects,AquaJet,Protect|Adamant||M|||50|]Archaludon||Leftovers|Stamina|ElectroShot,DragonPulse,FlashCannon,Protect|Modest||M|||50|]Floette-Eternal||Floettite|FlowerVeil|LightofRuin,Moonblast,DazzlingGleam,Protect|Modest||F|||50|]Whimsicott||CobaBerry|Prankster|Moonblast,Tailwind,Encore,Protect|Bold||F|||50|
|showteam|p2|Swampert||Swampertite|Torrent|WaveCrash,HighHorsepower,IcePunch,Protect|Adamant||F|||50|]Pelipper||SitrusBerry|Drizzle|WeatherBall,Hurricane,Tailwind,WideGuard|Modest||F|||50|]Archaludon||Leftovers|Stamina|ElectroShot,DragonPulse,FlashCannon,Protect|Calm||M|||50|]Sinistcha||KasibBerry|Hospitality|RagePowder,MatchaGotcha,TrickRoom,Protect|Bold|||||50|]Maushold-Four||FocusSash|FriendGuard|FollowMe,SuperFang,RainDance,Protect|Timid|||||50|]Gholdengo||LifeOrb|GoodasGold|MakeItRain,ShadowBall,NastyPlot,Protect|Modest|||||50|
|j| RNGinyuV7
|j| no rain no game
|
|t:|1782246530
|teamsize|p1|4
|teamsize|p2|4
|start
|switch|p1a: Swampert|Swampert, L50, F|100/100
|switch|p1b: Pelipper|Pelipper, L50, F|100/100
|switch|p2a: Swampert|Swampert, L50, F|100/100
|switch|p2b: Maushold|Maushold-Four, L50|100/100
|-weather|RainDance|[from] ability: Drizzle|[of] p1b: Pelipper
|turn|1
|c| RNGinyuV7|Dov'è EQ quando serve?
|
|t:|1782246553
|detailschange|p2a: Swampert|Swampert-Mega, L50, F
|-mega|p2a: Swampert|Swampert|Swampertite
|detailschange|p1a: Swampert|Swampert-Mega, L50, F
|-mega|p1a: Swampert|Swampert|Swampertite
|move|p2a: Swampert|Wave Crash|p1a: Swampert
|-damage|p1a: Swampert|4/100
|-damage|p2a: Swampert|68/100|[from] Recoil
|move|p1a: Swampert|High Horsepower|p2b: Maushold
|-damage|p2b: Maushold|16/100
|move|p2b: Maushold|Super Fang|p1b: Pelipper
|-damage|p1b: Pelipper|50/100g
|move|p1b: Pelipper|Tailwind|p1b: Pelipper
|-sidestart|p1: Andrea Pirlo 2|move: Tailwind
|
|-weather|RainDance|[upkeep]
|upkeep
|turn|2
|
|t:|1782246576
|move|p2a: Swampert|Protect|p2a: Swampert
|-singleturn|p2a: Swampert|Protect
|move|p2b: Maushold|Protect|p2b: Maushold
|-singleturn|p2b: Maushold|Protect
|move|p1a: Swampert|Wave Crash|p2a: Swampert
|-activate|p2a: Swampert|move: Protect
|move|p1b: Pelipper|Weather Ball|p2b: Maushold
|-activate|p2b: Maushold|move: Protect
|
|-weather|RainDance|[upkeep]
|upkeep
|turn|3
|c| RNGinyuV7|Acqua Porca = Muddy Water?
|
|t:|1782246595
|move|p2b: Maushold|Follow Me|p2b: Maushold
|-singleturn|p2b: Maushold|move: Follow Me
|move|p1a: Swampert|Wave Crash|p2b: Maushold
|-damage|p2b: Maushold|0 fnt
|faint|p2b: Maushold
|-damage|p1a: Swampert|0 fnt|[from] Recoil
|faint|p1a: Swampert
|move|p2a: Swampert|Ice Punch|p1b: Pelipper
|-damage|p1b: Pelipper|15/100
|move|p1b: Pelipper|Weather Ball|p2a: Swampert
|-damage|p2a: Swampert|0 fnt
|faint|p2a: Swampert
|-damage|p1b: Pelipper|6/100|[from] item: Life Orb
|
|-weather|RainDance|[upkeep]
|upkeep
|
|t:|1782246610
|switch|p2b: Sinistcha|Sinistcha, L50|100/100
|switch|p2a: Gholdengo|Gholdengo, L50|100/100
|switch|p1a: Archaludon|Archaludon, L50, M|100/100
|turn|4
|c| RNGinyuV7|Pelippo Orbo non scherza
|
|t:|1782246618
|move|p2a: Gholdengo|Protect|p2a: Gholdengo
|-singleturn|p2a: Gholdengo|Protect
|move|p2b: Sinistcha|Protect|p2b: Sinistcha
|-singleturn|p2b: Sinistcha|Protect
|move|p1a: Archaludon|Electro Shot||[still]
|-prepare|p1a: Archaludon|Electro Shot
|-boost|p1a: Archaludon|spa|1
|-anim|p1a: Archaludon|Electro Shot|p2a: Gholdengo
|-activate|p2a: Gholdengo|move: Protect
|move|p1b: Pelipper|Hurricane|p2b: Sinistcha
|-activate|p2b: Sinistcha|move: Protect
|
|-weather|RainDance|[upkeep]
|-sideend|p1: Andrea Pirlo 2|move: Tailwind
|upkeep
|turn|5
|
|t:|1782246666
|move|p2a: Gholdengo|Shadow Ball|p1b: Pelipper
|-damage|p1b: Pelipper|0 fnt
|faint|p1b: Pelipper
|-damage|p2a: Gholdengo|90/100|[from] item: Life Orb
|move|p1a: Archaludon|Electro Shot||[still]
|-prepare|p1a: Archaludon|Electro Shot
|-boost|p1a: Archaludon|spa|1
|-anim|p1a: Archaludon|Electro Shot|p2a: Gholdengo
|-damage|p2a: Gholdengo|11/100
|move|p2b: Sinistcha|Trick Room|p2b: Sinistcha
|-fieldstart|move: Trick Room|[of] p2b: Sinistcha
|
|-weather|none
|upkeep
|
|t:|1782246676
|switch|p1b: Basculegion|Basculegion, L50, M|100/100
|turn|6
|
|t:|1782246695
|move|p2a: Gholdengo|Protect|p2a: Gholdengo
|-singleturn|p2a: Gholdengo|Protect
|move|p2b: Sinistcha|Matcha Gotcha|p1a: Archaludon|[spread] p1a,p1b
|-resisted|p1a: Archaludon|2
|-crit|p1a: Archaludon
|-supereffective|p1b: Basculegion|1
|-damage|p1a: Archaludon|91/100
|-damage|p1b: Basculegion|44/100
|-ability|p1a: Archaludon|Stamina|boost
|-boost|p1a: Archaludon|def|1
|move|p1a: Archaludon|Dragon Pulse|p2a: Gholdengo
|-activate|p2a: Gholdengo|move: Protect
|move|p1b: Basculegion|Last Respects|p2b: Sinistcha
|-supereffective|p2b: Sinistcha|1
|-enditem|p2b: Sinistcha|Kasib Berry|[eat]
|-enditem|p2b: Sinistcha|Kasib Berry|[weaken]
|-damage|p2b: Sinistcha|12/100
|
|-heal|p1a: Archaludon|97/100|[from] item: Leftovers
|upkeep
|turn|7
|
|t:|1782246717
|move|p1b: Basculegion|Protect|p1b: Basculegion
|-singleturn|p1b: Basculegion|Protect
|move|p2b: Sinistcha|Matcha Gotcha|p1a: Archaludon|[spread] p1a
|-activate|p1b: Basculegion|move: Protect
|-resisted|p1a: Archaludon|2
|-damage|p1a: Archaludon|92/100
|-heal|p2b: Sinistcha|15/100|[from] drain|[of] p1a: Archaludon
|-ability|p1a: Archaludon|Stamina|boost
|-boost|p1a: Archaludon|def|1
|move|p1a: Archaludon|Dragon Pulse|p2a: Gholdengo
|-resisted|p2a: Gholdengo|1
|-damage|p2a: Gholdengo|0 fnt
|faint|p2a: Gholdengo
|
|-heal|p1a: Archaludon|98/100|[from] item: Leftovers
|upkeep
|turn|8
|-message|la fabbrica forfeited.
|
|win|Andrea Pirlo 2
