|j|☆OroRosaXIV
|j|☆Noir-Grey
|html|OroRosaXIVNoir-Grey    
|uhtml|bestof|Game 1 of a best-of-3
|t:|1784366013
|gametype|doubles
|player|p1|OroRosaXIV|cynthia-gen4|
|player|p2|Noir-Grey|bellelba|
|gen|9
|tier|[Gen 9 Champions] VGC 2026 Reg M-B (Bo3)
|rule|Species Clause: Limit one of each Pokémon
|rule|Item Clause: Limit 1 of each item
|clearpoke
|poke|p1|Glalie, L50, F|
|poke|p1|Sableye, L50, M|
|poke|p1|Swampert, L50, F|
|poke|p1|Archaludon, L50, F|
|poke|p1|Zoroark-Hisui, L50, M|
|poke|p1|Lycanroc-Dusk, L50, F|
|poke|p2|Gardevoir, L50, F, shiny|
|poke|p2|Hatterene, L50, F|
|poke|p2|Mawile, L50, F|
|poke|p2|Tsareena, L50, F|
|poke|p2|Leafeon, L50, F|
|poke|p2|Primarina, L50, F|
|teampreview|4
|showteam|p1|Glalie||Glalitite|Moody|Explosion,BodySlam,Earthquake,Protect|Jolly||F|||50|]Sableye||MentalHerb|Prankster|ThunderWave,RainDance,FakeOut,Quash|Bold||M|||50|]Swampert||Swampertite|Torrent|WaveCrash,Earthquake,HammerArm,Protect|Adamant||F|||50|]Archaludon||ChoiceScarf|Stamina|DracoMeteor,ElectroShot,SteelBeam,FlashCannon|Modest||F|||50|]Zoroark-Hisui||FocusSash|Illusion|IcyWind,Protect,ShadowBall,FakeTears|Timid||M|||50|]Lycanroc-Dusk||LifeOrb|ToughClaws|Accelerock,RockSlide,CloseCombat,Protect|Jolly||F|||50|
|showteam|p2|Gardevoir||Gardevoirite|Trace|Psychic,Thunderbolt,Protect,TrickRoom|Quiet||F|||50|]Hatterene||LifeOrb|MagicBounce|DazzlingGleam,ExpandingForce,TrickRoom,Protect|Quiet||F|||50|]Mawile||Leftovers|HyperCutter|PlayRough,IronHead,SuckerPunch,Protect|Adamant||F|||50|]Tsareena||SitrusBerry|QueenlyMajesty|PowerWhip,Uturn,TripleAxel,Taunt|Adamant||F|||50|]Leafeon||KingsRock|LeafGuard|LeafBlade,KnockOff,DoubleEdge,Synthesis|Serious||F|||50|]Primarina||FairyFeather|LiquidVoice|HyperVoice,Moonblast,Haze,Protect|Modest||F|||50|
|
|t:|1784366027
|teamsize|p1|4
|teamsize|p2|4
|start
|switch|p1a: Glalie|Glalie, L50, F|100/100
|switch|p1b: Sableye|Sableye, L50, M|100/100
|switch|p2a: Hatterene|Hatterene, L50, F|100/100
|switch|p2b: Mawile|Mawile, L50, F|100/100
|turn|1
|c|☆OroRosaXIV|!dt hyper cutter
|c|☆OroRosaXIV|/raw Hyper Cutter Prevents other Pokemon from lowering this Pokemon's Attack stat stage. 
|c|☆OroRosaXIV|/raw Gen: 3 |  ✓ Ignored by Mold Breaker

|
|t:|1784366058
|move|p1b: Sableye|Fake Out|p2a: Hatterene
|-damage|p2a: Hatterene|92/100
|move|p1a: Glalie|Earthquake|p2a: Hatterene|[spread] p1b,p2a,p2b
|-supereffective|p2b: Mawile|1
|-damage|p1b: Sableye|82/100
|-damage|p2a: Hatterene|72/100
|-damage|p2b: Mawile|51/100
|move|p2b: Mawile|Iron Head|p1a: Glalie
|-supereffective|p1a: Glalie|1
|-damage|p1a: Glalie|1/100
|cant|p2a: Hatterene|flinch
|
|-heal|p2b: Mawile|57/100|[from] item: Leftovers
|-ability|p1a: Glalie|Moody|boost
|-boost|p1a: Glalie|def|2
|-unboost|p1a: Glalie|spa|1
|upkeep
|turn|2
|
|t:|1784366082
|move|p1a: Glalie|Protect|p1a: Glalie
|-singleturn|p1a: Glalie|Protect
|move|p2b: Mawile|Protect|p2b: Mawile
|-singleturn|p2b: Mawile|Protect
|move|p1b: Sableye|Thunder Wave|p2b: Mawile
|-activate|p2b: Mawile|move: Protect
|move|p2a: Hatterene|Trick Room|p2a: Hatterene
|-fieldstart|move: Trick Room|[of] p2a: Hatterene
|
|-heal|p2b: Mawile|64/100|[from] item: Leftovers
|-ability|p1a: Glalie|Moody|boost
|-boost|p1a: Glalie|atk|2
|-unboost|p1a: Glalie|spe|1
|upkeep
|turn|3
|
|t:|1784366110
|detailschange|p1a: Glalie|Glalie-Mega, L50, F
|-mega|p1a: Glalie|Glalie|Glalitite
|move|p1b: Sableye|Thunder Wave|p1a: Glalie
|-status|p1a: Glalie|par
|move|p2a: Hatterene|Dazzling Gleam|p1a: Glalie|[spread] p1a,p1b
|-supereffective|p1b: Sableye|1
|-damage|p1a: Glalie|0 fnt
|-damage|p1b: Sableye|0 fnt
|faint|p1a: Glalie
|faint|p1b: Sableye
|-damage|p2a: Hatterene|62/100|[from] item: Life Orb
|move|p2b: Mawile|Play Rough|p1: Glalie|[notarget]
|-fail|p2b: Mawile
|
|-heal|p2b: Mawile|70/100|[from] item: Leftovers
|upkeep
|
|t:|1784366123
|switch|p1b: Archaludon|Archaludon, L50, F|100/100
|switch|p1a: Swampert|Swampert, L50, F|100/100
|turn|4
|
|t:|1784366152
|move|p2a: Hatterene|Protect|p2a: Hatterene
|-singleturn|p2a: Hatterene|Protect
|move|p2b: Mawile|Play Rough|p1b: Archaludon
|-damage|p1b: Archaludon|64/100
|-ability|p1b: Archaludon|Stamina|boost
|-boost|p1b: Archaludon|def|1
|move|p1a: Swampert|Wave Crash|p2b: Mawile
|-damage|p2b: Mawile|0 fnt
|faint|p2b: Mawile
|-damage|p1a: Swampert|83/100|[from] Recoil
|move|p1b: Archaludon|Flash Cannon|p2a: Hatterene
|-activate|p2a: Hatterene|move: Protect
|
|upkeep
|
|t:|1784366173
|switch|p2b: Tsareena|Tsareena, L50, F|100/100
|turn|5
|
|t:|1784366187
|move|p1a: Swampert|Protect|p1a: Swampert
|-singleturn|p1a: Swampert|Protect
|move|p2a: Hatterene|Dazzling Gleam|p1b: Archaludon|[spread] p1b
|-activate|p1a: Swampert|move: Protect
|-damage|p1b: Archaludon|0 fnt
|faint|p1b: Archaludon
|-damage|p2a: Hatterene|53/100|[from] item: Life Orb
|move|p2b: Tsareena|Power Whip|p1a: Swampert
|-activate|p1a: Swampert|move: Protect
|
|upkeep
|turn|6
|
|t:|1784366201
|move|p1a: Swampert|Protect||[still]
|-fail|p1a: Swampert
|move|p2a: Hatterene|Dazzling Gleam|p1a: Swampert
|-damage|p1a: Swampert|23/100
|-damage|p2a: Hatterene|43/100|[from] item: Life Orb
|move|p2b: Tsareena|Power Whip|p1a: Swampert
|-supereffective|p1a: Swampert|2
|-damage|p1a: Swampert|0 fnt
|faint|p1a: Swampert
|
|win|Noir-Grey
||OroRosaXIV is ready for game 2.
|inactive|Noir-Grey has 30 seconds to confirm battle start!
|l|☆Noir-Grey
|player|p2|
|inactive|Noir-Grey has 20 seconds to confirm battle start!
||Noir-Grey is ready for game 2.
|uhtml|next|Next: Game 2 of 3
|j| Tearamizuu
|l|☆OroRosaXIV
|player|p1|
