|j|☆lucellos
|j|☆ilbudellodituma
|html|lucellosilbudellodituma    
|uhtml|bestof|Game 1 of a best-of-3
|t:|1757100081
|gametype|doubles
|player|p1|lucellos|youngcouple-gen4dp|1104
|player|p2|ilbudellodituma|169|1076
|gen|9
|tier|[Gen 9] VGC 2025 Reg H (Bo3)
|rated|
|rule|Species Clause: Limit one of each Pokémon
|rule|Item Clause: Limit 1 of each item
|clearpoke
|poke|p1|Volcarona, L50, F|
|poke|p1|Rillaboom, L50, F|
|poke|p1|Ursaluna-Bloodmoon, L50, M|
|poke|p1|Kingambit, L50, M|
|poke|p1|Ceruledge, L50, M|
|poke|p1|Electabuzz, L50, F|
|poke|p2|Ceruledge, L50, M|
|poke|p2|Electabuzz, L50, M|
|poke|p2|Kommo-o, L50, F|
|poke|p2|Grimmsnarl, L50, M|
|poke|p2|Primarina, L50, M|
|poke|p2|Rillaboom, L50, M|
|teampreview|4
|showteam|p1|Volcarona||GrassySeed|FlameBody|Protect,QuiverDance,HeatWave,GigaDrain|||F|||50|,,,,,Grass]Rillaboom||MiracleSeed|GrassySurge|FakeOut,WoodHammer,GrassyGlide,Uturn|||F|||50|,,,,,Fire]Ursaluna-Bloodmoon||AssaultVest|MindsEye|Moonblast,HyperVoice,BloodMoon,EarthPower|||M|||50|,,,,,Fairy]Kingambit||BlackGlasses|Defiant|Protect,SwordsDance,SuckerPunch,KowtowCleave|||M|||50|,,,,,Dark]Ceruledge||Charcoal|FlashFire|SunnyDay,AllySwitch,BitterBlade,Protect|||M|||50|,,,,,Grass]Electabuzz||Eviolite|VitalSpirit|Electroweb,FollowMe,Psychic,Protect|||F|||50|,,,,,Flying
|showteam|p2|Ceruledge||ClearAmulet|FlashFire|BitterBlade,CloseCombat,BulkUp,Protect|||M|||50|,,,,,Grass]Electabuzz||Eviolite|VitalSpirit|Electroweb,Taunt,FollowMe,Feint|||M|||50|,,,,,Fairy]Kommo-o||ThroatSpray|Overcoat|ClangingScales,ClangorousSoul,Protect,FlashCannon|||F|||50|,,,,,Steel]Grimmsnarl||LightClay|Prankster|Reflect,LightScreen,SpiritBreak,ThunderWave|||M|||50|,,,,,Water]Primarina||Leftovers|LiquidVoice|HyperVoice,Moonblast,Haze,Protect|||M|||50|,,,,,Grass]Rillaboom||AssaultVest|GrassySurge|FakeOut,WoodHammer,GrassyGlide,LowKick|||M|||50|,,,,,Fire
|inactive|Battle timer is ON: inactive players will automatically lose when time's up. (requested by lucellos)
|inactive|lucellos has 60 seconds left.
|inactive|ilbudellodituma has 60 seconds left.
|
|t:|1757100139
|teamsize|p1|4
|teamsize|p2|4
|start
|switch|p1a: Rillaboom|Rillaboom, L50, F|100/100
|switch|p1b: Ursaluna|Ursaluna-Bloodmoon, L50, M|100/100
|switch|p2a: Grimmsnarl|Grimmsnarl, L50, M|100/100
|switch|p2b: Ceruledge|Ceruledge, L50, M|100/100
|-fieldstart|move: Grassy Terrain|[from] ability: Grassy Surge|[of] p1a: Rillaboom
|turn|1
|inactive|lucellos has 30 seconds left.
|
|t:|1757100168
|move|p2b: Ceruledge|Protect|p2b: Ceruledge
|-singleturn|p2b: Ceruledge|Protect
|move|p1a: Rillaboom|Fake Out|p2a: Grimmsnarl
|-damage|p2a: Grimmsnarl|87/100
|cant|p2a: Grimmsnarl|flinch
|move|p1b: Ursaluna|Moonblast|p2a: Grimmsnarl
|-supereffective|p2a: Grimmsnarl
|-damage|p2a: Grimmsnarl|9/100
|
|-heal|p2a: Grimmsnarl|15/100|[from] Grassy Terrain
|upkeep
|turn|2
|
|t:|1757100190
|switch|p2a: Electabuzz|Electabuzz, L50, M|100/100
|-terastallize|p2b: Ceruledge|Grass
|-terastallize|p1a: Rillaboom|Fire
|move|p1a: Rillaboom|Grassy Glide|p2a: Electabuzz
|-damage|p2a: Electabuzz|68/100
|move|p2b: Ceruledge|Bulk Up|p2b: Ceruledge
|-boost|p2b: Ceruledge|atk|1
|-boost|p2b: Ceruledge|def|1
|move|p1b: Ursaluna|Earth Power|p2b: Ceruledge
|-resisted|p2b: Ceruledge
|-damage|p2b: Ceruledge|72/100
|
|-heal|p2a: Electabuzz|74/100|[from] Grassy Terrain
|-heal|p2b: Ceruledge|79/100|[from] Grassy Terrain
|upkeep
|turn|3
|inactive|lucellos has 30 seconds left.
|inactive|ilbudellodituma has 30 seconds left.
|
|t:|1757100223
|move|p2a: Electabuzz|Feint|p1b: Ursaluna
|-damage|p1b: Ursaluna|96/100
|move|p1a: Rillaboom|U-turn|p2b: Ceruledge
|-supereffective|p2b: Ceruledge
|-damage|p2b: Ceruledge|40/100
|
|t:|1757100229
|switch|p1a: Ceruledge|Ceruledge, L50, M|100/100|[from] U-turn
|move|p2b: Ceruledge|Close Combat|p1b: Ursaluna
|-supereffective|p1b: Ursaluna
|-damage|p1b: Ursaluna|0 fnt
|-unboost|p2b: Ceruledge|def|1
|-unboost|p2b: Ceruledge|spd|1
|faint|p1b: Ursaluna
|
|-heal|p2a: Electabuzz|80/100|[from] Grassy Terrain
|-heal|p2b: Ceruledge|46/100|[from] Grassy Terrain
|upkeep
|
|t:|1757100244
|switch|p1b: Volcarona|Volcarona, L50, F|100/100
|-enditem|p1b: Volcarona|Grassy Seed
|-boost|p1b: Volcarona|def|1|[from] item: Grassy Seed
|turn|4
|
|t:|1757100265
|move|p2a: Electabuzz|Taunt|p1a: Ceruledge
|-start|p1a: Ceruledge|move: Taunt
|move|p1a: Ceruledge|Bitter Blade|p2a: Electabuzz
|-damage|p2a: Electabuzz|44/100
|move|p2b: Ceruledge|Bulk Up|p2b: Ceruledge
|-boost|p2b: Ceruledge|atk|1
|-boost|p2b: Ceruledge|def|1
|move|p1b: Volcarona|Quiver Dance|p1b: Volcarona
|-boost|p1b: Volcarona|spa|1
|-boost|p1b: Volcarona|spd|1
|-boost|p1b: Volcarona|spe|1
|
|-heal|p2a: Electabuzz|50/100|[from] Grassy Terrain
|-heal|p2b: Ceruledge|52/100|[from] Grassy Terrain
|upkeep
|turn|5
|inactive|lucellos has 30 seconds left.
|
|t:|1757100292
|move|p2a: Electabuzz|Follow Me|p2a: Electabuzz
|-singleturn|p2a: Electabuzz|move: Follow Me
|move|p1b: Volcarona|Giga Drain|p2a: Electabuzz
|-damage|p2a: Electabuzz|8/100
|move|p1a: Ceruledge|Bitter Blade|p2a: Electabuzz
|-damage|p2a: Electabuzz|0 fnt
|faint|p2a: Electabuzz
|move|p2b: Ceruledge|Bitter Blade|p1b: Volcarona
|-damage|p1b: Volcarona|32/100
|-heal|p2b: Ceruledge|88/100|[from] drain|[of] p1b: Volcarona
|
|-heal|p1b: Volcarona|38/100|[from] Grassy Terrain
|-heal|p2b: Ceruledge|94/100|[from] Grassy Terrain
|-fieldend|move: Grassy Terrain
|upkeep
|
|t:|1757100308
|switch|p2a: Kommo-o|Kommo-o, L50, F|100/100
|turn|6
|-message|lucellos forfeited.
|
|win|ilbudellodituma
|l|☆lucellos
|player|p1|
||lucellos is ready for game 2.
|inactive|ilbudellodituma has 30 seconds to confirm battle start!
|inactive|ilbudellodituma has 20 seconds to confirm battle start!
|inactive|ilbudellodituma has 10 seconds to confirm battle start!
||ilbudellodituma is ready for game 2.
|uhtml|next|Next: Game 2 of 3
