|j|☆eklyst
|j|☆theghostgymleader
|html|eklysttheghostgymleader    
|uhtml|bestof|Game 1 of a best-of-3
|t:|1783196790
|gametype|doubles
|player|p1|eklyst|pokemaniac|1101
|player|p2|theghostgymleader|169|1000
|gen|9
|tier|[Gen 9 Champions] VGC 2026 Reg M-B (Bo3)
|rated|
|rule|Species Clause: Limit one of each Pokémon
|rule|Item Clause: Limit 1 of each item
|clearpoke
|poke|p1|Metagross, L50|
|poke|p1|Floette-Eternal, L50, F|
|poke|p1|Garchomp, L50, F|
|poke|p1|Aerodactyl, L50, F|
|poke|p1|Sinistcha, L50|
|poke|p1|Incineroar, L50, M|
|poke|p2|Gengar, L50, M, shiny|
|poke|p2|Froslass, L50, F|
|poke|p2|Decidueye, L50, M, shiny|
|poke|p2|Skeledirge, L50, F, shiny|
|poke|p2|Basculegion, L50, M, shiny|
|poke|p2|Sableye, L50, F|
|teampreview|4
|showteam|p1|Metagross||Metagrossite|ClearBody|IronHead,BulletPunch,PsychicFangs,Protect|Adamant|||||50|]Floette-Eternal||Floettite|FlowerVeil|Moonblast,DazzlingGleam,CalmMind,Protect|Modest||F|||50|]Garchomp||LifeOrb|RoughSkin|RockSlide,StompingTantrum,DragonClaw,Protect|Jolly||F|||50|]Aerodactyl||FocusSash|Unnerve|RockSlide,DualWingbeat,Tailwind,Protect|Jolly||F|||50|]Sinistcha||KasibBerry|Hospitality|MatchaGotcha,TrickRoom,RagePowder,Protect|Relaxed|||||50|]Incineroar||SitrusBerry|Intimidate|FakeOut,FlareBlitz,ThroatChop,PartingShot|Adamant||M|||50|
|showteam|p2|Gengar||Gengarite|CursedBody|ShadowBall,SludgeBomb,Thunder,FocusBlast|Serious||M|||50|]Froslass||Froslassite|CursedBody|Blizzard,DestinyBond,ShadowBall,AuroraVeil|Timid||F|||50|]Decidueye||FocusSash|LongReach|Tailwind,LeafBlade,SuckerPunch,BraveBird|Adamant||M|||50|]Skeledirge||Leftovers|Unaware|TorchSong,WillOWisp,Hex,SlackOff|Bold||F|||50|]Basculegion||ChoiceScarf|Adaptability|Crunch,LastRespects,WaveCrash,FlipTurn|Adamant||M|||50|]Sableye||RoseliBerry|Prankster|Quash,Disable,Encore,WillOWisp|Calm||F|||50|
|inactive|Battle timer is ON: inactive players will automatically lose when time's up. (requested by eklyst)
|inactive|eklyst has 60 seconds left.
|inactive|theghostgymleader has 60 seconds left.
|inactive|eklyst has 30 seconds left.
|inactive|theghostgymleader has 30 seconds left.
|inactive|theghostgymleader has 20 seconds left.
|inactive|eklyst has 20 seconds left.
|
|t:|1783196866
|teamsize|p1|4
|teamsize|p2|4
|start
|switch|p1a: Aerodactyl|Aerodactyl, L50, F|100/100
|switch|p1b: Floette|Floette-Eternal, L50, F|100/100
|switch|p2a: Yuki-onna|Froslass, L50, F|100/100
|switch|p2b: Legion|Basculegion, L50, M, shiny|100/100
|-ability|p1a: Aerodactyl|Unnerve
|turn|1
|
|t:|1783196887
|detailschange|p2a: Yuki-onna|Froslass-Mega, L50, F
|-mega|p2a: Yuki-onna|Froslass|Froslassite
|-weather|Snowscape|[from] ability: Snow Warning|[of] p2a: Yuki-onna
|detailschange|p1b: Floette|Floette-Mega, L50, F
|-mega|p1b: Floette|Floette|Floettite
|-ability|p1b: Floette|Fairy Aura
|move|p1a: Aerodactyl|Tailwind|p1a: Aerodactyl
|-sidestart|p1: eklyst|move: Tailwind
|move|p1b: Floette|Calm Mind|p1b: Floette
|-boost|p1b: Floette|spa|1
|-boost|p1b: Floette|spd|1
|move|p2b: Legion|Wave Crash|p1a: Aerodactyl
|-supereffective|p1a: Aerodactyl|1
|-enditem|p1a: Aerodactyl|Focus Sash
|-damage|p1a: Aerodactyl|1/100
|-damage|p2b: Legion|74/100|[from] Recoil
|move|p2a: Yuki-onna|Blizzard|p1a: Aerodactyl|[spread] p1a,p1b
|-supereffective|p1a: Aerodactyl|1
|-damage|p1a: Aerodactyl|0 fnt
|-damage|p1b: Floette|80/100
|faint|p1a: Aerodactyl
|
|-weather|Snowscape|[upkeep]
|upkeep
|
|t:|1783196904
|switch|p1a: Sinistcha|Sinistcha, L50|100/100
|-heal|p1b: Floette|100/100|[from] ability: Hospitality|[of] p1a: Sinistcha
|turn|2
|
|t:|1783196914
|switch|p2b: Elegy|Skeledirge, L50, F, shiny|100/100
|move|p1a: Sinistcha|Rage Powder|p1a: Sinistcha
|-singleturn|p1a: Sinistcha|move: Rage Powder
|move|p1b: Floette|Dazzling Gleam|p2b: Elegy|[spread] p2a,p2b
|-resisted|p2b: Elegy|1
|-damage|p2a: Yuki-onna|19/100
|-damage|p2b: Elegy|74/100
|move|p2a: Yuki-onna|Aurora Veil|p2a: Yuki-onna
|-sidestart|p2: theghostgymleader|move: Aurora Veil
|
|-weather|Snowscape|[upkeep]
|-heal|p2b: Elegy|80/100|[from] item: Leftovers
|upkeep
|turn|3
|
|t:|1783196935
|switch|p1a: Incineroar|Incineroar, L50, M|100/100
|-ability|p1a: Incineroar|Intimidate|boost
|-unboost|p2a: Yuki-onna|atk|1
|-unboost|p2b: Elegy|atk|1
|move|p1b: Floette|Dazzling Gleam|p2a: Yuki-onna|[spread] p2a,p2b
|-resisted|p2b: Elegy|1
|-damage|p2a: Yuki-onna|0 fnt
|-damage|p2b: Elegy|64/100
|faint|p2a: Yuki-onna
|move|p2b: Elegy|Torch Song|p1a: Incineroar
|-resisted|p1a: Incineroar|1
|-damage|p1a: Incineroar|86/100
|-boost|p2b: Elegy|spa|1
|
|-weather|Snowscape|[upkeep]
|-heal|p2b: Elegy|70/100|[from] item: Leftovers
|upkeep
|
|t:|1783196954
|switch|p2a: Legion|Basculegion, L50, M, shiny|74/100
|turn|4
|
|t:|1783196968
|move|p1b: Floette|Dazzling Gleam|p2b: Elegy|[spread] p2a,p2b
|-resisted|p2b: Elegy|1
|-damage|p2a: Legion|20/100y
|-damage|p2b: Elegy|53/100
|move|p2a: Legion|Wave Crash|p1a: Incineroar
|-supereffective|p1a: Incineroar|1
|-damage|p1a: Incineroar|0 fnt
|faint|p1a: Incineroar
|-damage|p2a: Legion|0 fnt|[from] Recoil
|faint|p2a: Legion
|move|p2b: Elegy|Torch Song|p1b: Floette
|-damage|p1b: Floette|66/100
|-boost|p2b: Elegy|spa|1
|
|-weather|Snowscape|[upkeep]
|-heal|p2b: Elegy|59/100|[from] item: Leftovers
|-sideend|p1: eklyst|move: Tailwind
|upkeep
|
|t:|1783196983
|switch|p2a: Nymph|Sableye, L50, F|100/100
|switch|p1a: Sinistcha|Sinistcha, L50|100/100
|-heal|p1b: Floette|91/100|[from] ability: Hospitality|[of] p1a: Sinistcha
|turn|5
|
|t:|1783197002
|move|p1a: Sinistcha|Protect|p1a: Sinistcha
|-singleturn|p1a: Sinistcha|Protect
|move|p2a: Nymph|Disable|p1b: Floette
|-start|p1b: Floette|Disable|Dazzling Gleam
|cant|p1b: Floette|Disable|Dazzling Gleam
|move|p2b: Elegy|Slack Off|p2b: Elegy
|-heal|p2b: Elegy|100/100
|
|-weather|none
|upkeep
|turn|6
|
|t:|1783197017
|move|p1a: Sinistcha|Rage Powder|p1a: Sinistcha
|-singleturn|p1a: Sinistcha|move: Rage Powder
|move|p2a: Nymph|Encore|p1a: Sinistcha
|-start|p1a: Sinistcha|Encore
|move|p1b: Floette|Moonblast|p2a: Nymph
|-supereffective|p2a: Nymph|1
|-enditem|p2a: Nymph|Roseli Berry|[eat]
|-enditem|p2a: Nymph|Roseli Berry|[weaken]
|-damage|p2a: Nymph|12/100
|-unboost|p2a: Nymph|spa|1
|move|p2b: Elegy|Torch Song|p1a: Sinistcha
|-supereffective|p1a: Sinistcha|1
|-damage|p1a: Sinistcha|0 fnt
|-boost|p2b: Elegy|spa|1
|faint|p1a: Sinistcha
|
|-sideend|p2: theghostgymleader|move: Aurora Veil
|upkeep
|turn|7
|inactive|theghostgymleader has 30 seconds left.
|
|t:|1783197050
|move|p2a: Nymph|Quash|p1b: Floette
|-activate|p1b: Floette|move: Quash
|move|p2b: Elegy|Will-O-Wisp|p1b: Floette
|-status|p1b: Floette|brn
|move|p1b: Floette|Moonblast|p2b: Elegy
|-resisted|p2b: Elegy|1
|-damage|p2b: Elegy|58/100
|
|-heal|p2b: Elegy|64/100|[from] item: Leftovers
|-damage|p1b: Floette|85/100 brn|[from] brn
|upkeep
|turn|8
|inactive|eklyst has 30 seconds left.
|
|t:|1783197080
|move|p2a: Nymph|Quash|p1b: Floette
|-activate|p1b: Floette|move: Quash
|move|p2b: Elegy|Hex|p1b: Floette
|-damage|p1b: Floette|2/100 brn
|move|p1b: Floette|Moonblast|p2b: Elegy
|-resisted|p2b: Elegy|1
|-damage|p2b: Elegy|24/100
|
|-heal|p2b: Elegy|30/100|[from] item: Leftovers
|-damage|p1b: Floette|0 fnt|[from] brn
|faint|p1b: Floette
|
|win|theghostgymleader
||eklyst is ready for game 2.
|inactive|theghostgymleader has 30 seconds to confirm battle start!
||theghostgymleader is ready for game 2.
|uhtml|next|Next: Game 2 of 3
