|j|☆AnriVGC
|j|☆Falenaegenerale
|html|AnriVGCFalenaegenerale    
|uhtml|bestof|Game 1 of a best-of-3
|t:|1756498260
|gametype|doubles
|player|p1|AnriVGC|hilda-masters3|1123
|player|p2|Falenaegenerale|ghetsis|1114
|gen|9
|tier|[Gen 9] VGC 2025 Reg H (Bo3)
|rated|
|rule|Species Clause: Limit one of each Pokémon
|rule|Item Clause: Limit 1 of each item
|clearpoke
|poke|p1|Gholdengo, L50|
|poke|p1|Sneasler, L50, F|
|poke|p1|Rillaboom, L50, M|
|poke|p1|Dragonite, L50, F|
|poke|p1|Ninetales-Alola, L50, F|
|poke|p1|Arcanine-Hisui, L50, F|
|poke|p2|Kingambit, L50, M|
|poke|p2|Sneasler, L50, M|
|poke|p2|Rillaboom, L50, F|
|poke|p2|Dragonite, L50, F|
|poke|p2|Electabuzz, L50, M|
|poke|p2|Volcarona, L50, M|
|teampreview|4
|showteam|p1|Gholdengo||GrassySeed|GoodasGold|NastyPlot,MakeItRain,ShadowBall,Protect||||||50|,,,,,Water]Sneasler||FocusSash|Unburden|CloseCombat,DireClaw,Coaching,FakeOut|||F|||50|,,,,,Ghost]Rillaboom||AssaultVest|GrassySurge|FakeOut,DrumBeating,HighHorsepower,GrassyGlide|||M|||50|,,,,,Fire]Dragonite||LoadedDice|Multiscale|ScaleShot,StompingTantrum,Haze,Protect|||F|||50|,,,,,Steel]Ninetales-Alola||LightClay|SnowWarning|IcyWind,Blizzard,Moonblast,AuroraVeil|||F|||50|,,,,,Water]Arcanine-Hisui||ClearAmulet|Intimidate|RockSlide,FlareBlitz,ExtremeSpeed,Protect|||F|||50|,,,,,Grass
|showteam|p2|Kingambit||BlackGlasses|Defiant|KowtowCleave,SuckerPunch,SwordsDance,Protect|||M|||50|,,,,,Dark]Sneasler||FocusSash|Unburden|FakeOut,CloseCombat,DireClaw,Coaching|||M|||50|,,,,,Ghost]Rillaboom||AssaultVest|GrassySurge|FakeOut,WoodHammer,GrassyGlide,HighHorsepower|||F|||50|,,,,,Fire]Dragonite||LoadedDice|Multiscale|ScaleShot,ExtremeSpeed,Haze,Protect|||F|||50|,,,,,Steel]Electabuzz||Eviolite|VitalSpirit|Electroweb,FollowMe,Taunt,Protect|||M|||50|,,,,,Dragon]Volcarona||Leftovers|FlameBody|HeatWave,TeraBlast,QuiverDance,Protect|||M|||50|,,,,,Fairy
|inactive|Battle timer is ON: inactive players will automatically lose when time's up. (requested by Falenaegenerale)
|inactive|AnriVGC has 60 seconds left.
|
|t:|1756498358
|teamsize|p1|4
|teamsize|p2|4
|start
|switch|p1a: Sneasler|Sneasler, L50, F|100/100
|switch|p1b: Arcanine|Arcanine-Hisui, L50, F|100/100
|switch|p2a: Shōgun|Kingambit, L50, M, shiny|100/100
|switch|p2b: Nightmare|Sneasler, L50, M|100/100
|-ability|p1b: Arcanine|Intimidate|boost
|-unboost|p2a: Shōgun|atk|1
|-ability|p2a: Shōgun|Defiant|boost
|-boost|p2a: Shōgun|atk|2
|-unboost|p2b: Nightmare|atk|1
|turn|1
|inactive|Falenaegenerale has 30 seconds left.
|inactive|Falenaegenerale has 20 seconds left.
|inactive|Falenaegenerale has 15 seconds left.
|
|t:|1756498404
|switch|p2b: 1000 volt|Electabuzz, L50, M|100/100
|move|p2a: Shōgun|Protect|p2a: Shōgun
|-singleturn|p2a: Shōgun|Protect
|move|p1a: Sneasler|Fake Out|p2a: Shōgun
|-activate|p2a: Shōgun|move: Protect
|move|p1b: Arcanine|Extreme Speed|p2b: 1000 volt
|-damage|p2b: 1000 volt|82/100
|
|upkeep
|turn|2
|inactive|AnriVGC has 30 seconds left.
|
|t:|1756498439
|move|p1b: Arcanine|Protect|p1b: Arcanine
|-singleturn|p1b: Arcanine|Protect
|move|p2b: 1000 volt|Follow Me|p2b: 1000 volt
|-singleturn|p2b: 1000 volt|move: Follow Me
|move|p1a: Sneasler|Dire Claw|p2b: 1000 volt
|-damage|p2b: 1000 volt|48/100
|move|p2a: Shōgun|Kowtow Cleave|p1a: Sneasler
|-resisted|p1a: Sneasler
|-damage|p1a: Sneasler|33/100
|
|upkeep
|turn|3
|inactive|AnriVGC has 30 seconds left.
|inactive|Falenaegenerale has 30 seconds left.
|inactive|Falenaegenerale has 20 seconds left.
|inactive|Falenaegenerale has 15 seconds left.
|
|t:|1756498479
|move|p2b: 1000 volt|Follow Me|p2b: 1000 volt
|-singleturn|p2b: 1000 volt|move: Follow Me
|move|p2a: Shōgun|Sucker Punch||[still]
|-fail|p2a: Shōgun
|move|p1a: Sneasler|Coaching|p1b: Arcanine
|-boost|p1b: Arcanine|atk|1
|-boost|p1b: Arcanine|def|1
|move|p1b: Arcanine|Rock Slide|p2b: 1000 volt|[spread] p2a,p2b
|-resisted|p2a: Shōgun
|-damage|p2a: Shōgun|86/100
|-damage|p2b: 1000 volt|19/100
|
|upkeep
|turn|4
|
|t:|1756498496
|move|p2b: 1000 volt|Follow Me|p2b: 1000 volt
|-singleturn|p2b: 1000 volt|move: Follow Me
|move|p2a: Shōgun|Sucker Punch||[still]
|-fail|p2a: Shōgun
|move|p1a: Sneasler|Coaching|p1b: Arcanine
|-boost|p1b: Arcanine|atk|1
|-boost|p1b: Arcanine|def|1
|move|p1b: Arcanine|Flare Blitz|p2b: 1000 volt
|-damage|p2b: 1000 volt|0 fnt
|faint|p2b: 1000 volt
|-damage|p1b: Arcanine|94/100|[from] Recoil
|
|upkeep
|
|t:|1756498503
|switch|p2b: Kong|Rillaboom, L50, F|100/100
|-fieldstart|move: Grassy Terrain|[from] ability: Grassy Surge|[of] p2b: Kong
|turn|5
|
|t:|1756498521
|switch|p1a: Gholdengo|Gholdengo, L50|100/100
|-enditem|p1a: Gholdengo|Grassy Seed
|-boost|p1a: Gholdengo|def|1|[from] item: Grassy Seed
|-terastallize|p2a: Shōgun|Dark
|move|p2b: Kong|Grassy Glide|p1a: Gholdengo
|-resisted|p1a: Gholdengo
|-damage|p1a: Gholdengo|89/100
|move|p1b: Arcanine|Flare Blitz|p2b: Kong
|-supereffective|p2b: Kong
|-damage|p2b: Kong|0 fnt
|faint|p2b: Kong
|-damage|p1b: Arcanine|56/100|[from] Recoil
|move|p2a: Shōgun|Kowtow Cleave|p1b: Arcanine
|-damage|p1b: Arcanine|0 fnt
|faint|p1b: Arcanine
|
|-heal|p1a: Gholdengo|95/100|[from] Grassy Terrain
|-heal|p2a: Shōgun|92/100|[from] Grassy Terrain
|upkeep
|
|t:|1756498538
|switch|p1b: Sneasler|Sneasler, L50, F|33/100
|switch|p2b: Nightmare|Sneasler, L50, M|100/100
|turn|6
|inactive|Falenaegenerale has 30 seconds left.
|inactive|Falenaegenerale has 20 seconds left.
|inactive|Falenaegenerale has 15 seconds left.
|inactive|Falenaegenerale has 10 seconds left.
|inactive|Falenaegenerale has 5 seconds left.
|
|t:|1756498588
|-terastallize|p1a: Gholdengo|Water
|move|p2b: Nightmare|Fake Out|p1b: Sneasler
|-damage|p1b: Sneasler|9/100
|cant|p1b: Sneasler|flinch
|move|p1a: Gholdengo|Nasty Plot|p1a: Gholdengo
|-boost|p1a: Gholdengo|spa|2
|move|p2a: Shōgun|Kowtow Cleave|p1a: Gholdengo
|-damage|p1a: Gholdengo|23/100
|
|-heal|p1b: Sneasler|15/100|[from] Grassy Terrain
|-heal|p1a: Gholdengo|29/100|[from] Grassy Terrain
|-heal|p2a: Shōgun|98/100|[from] Grassy Terrain
|upkeep
|turn|7
|
|t:|1756498607
|move|p1a: Gholdengo|Protect|p1a: Gholdengo
|-singleturn|p1a: Gholdengo|Protect
|move|p2a: Shōgun|Sucker Punch|p1b: Sneasler
|-resisted|p1b: Sneasler
|-damage|p1b: Sneasler|0 fnt
|faint|p1b: Sneasler
|move|p2b: Nightmare|Close Combat|p1a: Gholdengo
|-activate|p1a: Gholdengo|move: Protect
|
|-heal|p1a: Gholdengo|35/100|[from] Grassy Terrain
|-heal|p2a: Shōgun|100/100|[from] Grassy Terrain
|upkeep
|
|t:|1756498614
|switch|p1b: Dragonite|Dragonite, L50, F|100/100
|turn|8
|inactive|Falenaegenerale has 30 seconds left.
|
|t:|1756498640
|move|p1a: Gholdengo|Protect||[still]
|-fail|p1a: Gholdengo
|move|p2a: Shōgun|Sucker Punch||[still]
|-fail|p2a: Shōgun
|move|p2b: Nightmare|Close Combat|p1a: Gholdengo
|-damage|p1a: Gholdengo|0 fnt
|-unboost|p2b: Nightmare|def|1
|-unboost|p2b: Nightmare|spd|1
|faint|p1a: Gholdengo
|move|p1b: Dragonite|Scale Shot|p2b: Nightmare
|-damage|p2b: Nightmare|65/100
|-damage|p2b: Nightmare|28/100
|-damage|p2b: Nightmare|0 fnt
|faint|p2b: Nightmare
|-hitcount|p2: Nightmare|3
|-unboost|p1b: Dragonite|def|1
|-boost|p1b: Dragonite|spe|1
|
|upkeep
|turn|9
|
|t:|1756498653
|move|p1b: Dragonite|Scale Shot|p2a: Shōgun
|-damage|p2a: Shōgun|90/100
|-damage|p2a: Shōgun|80/100
|-damage|p2a: Shōgun|70/100
|-damage|p2a: Shōgun|59/100
|-hitcount|p2a: Shōgun|4
|-unboost|p1b: Dragonite|def|1
|-boost|p1b: Dragonite|spe|1
|move|p2a: Shōgun|Kowtow Cleave|p1b: Dragonite
|-damage|p1b: Dragonite|0 fnt
|faint|p1b: Dragonite
|
|win|Falenaegenerale
||Falenaegenerale is ready for game 2.
|inactive|AnriVGC has 30 seconds to confirm battle start!
