|j|☆rgangel
|j|☆Welwitchia
|html|rgangelWelwitchia    
|uhtml|bestof|Game 2 of a best-of-3
|t:|1784154715
|gametype|doubles
|player|p1|rgangel|cynthia|1109
|player|p2|Welwitchia|pokemonbreeder-gen4|1014
|gen|9
|tier|[Gen 9 Champions] VGC 2026 Reg M-B (Bo3)
|rated|
|rule|Species Clause: Limit one of each Pokémon
|rule|Item Clause: Limit 1 of each item
|clearpoke
|poke|p1|Sneasler, L50, M|
|poke|p1|Garchomp, L50, F|
|poke|p1|Froslass, L50, F|
|poke|p1|Glimmora, L50, M|
|poke|p1|Incineroar, L50, M|
|poke|p1|Rotom-Mow, L50|
|poke|p2|Spiritomb, L50, F, shiny|
|poke|p2|Corviknight, L50, M|
|poke|p2|Pyroar, L50, F, shiny|
|poke|p2|Meganium, L50, M|
|poke|p2|Clawitzer, L50, F, shiny|
|poke|p2|Slowking-Galar, L50, M|
|teampreview|4
|showteam|p1|Sneasler||FocusSash|PoisonTouch|FakeOut,CloseCombat,Protect,DireClaw|Jolly||M|||50|]Garchomp||LifeOrb|RoughSkin|StompingTantrum,RockSlide,DragonClaw,Protect|Jolly||F|||50|]Froslass||Froslassite|SnowCloak|Blizzard,ShadowBall,AuroraVeil,Protect|Modest||F|||50|]Glimmora||Glimmoranite|ToxicDebris|PowerGem,SpikyShield,EarthPower,SludgeBomb|Timid||M|||50|]Incineroar||SitrusBerry|Intimidate|PartingShot,FlareBlitz,Roar,FakeOut|Careful||M|||50|]Rotom-Mow||OccaBerry|Levitate|Thunderbolt,LeafStorm,WillOWisp,Protect|Modest|||||50|
|showteam|p2|Spiritomb||LeppaBerry|Pressure|Curse,PainSplit,Spite,FoulPlay|Calm||F|||50|]Corviknight||Leftovers|Pressure|Spite,IronHead,Roost,Protect|Impish||M|||50|]Pyroar||Pyroarite|Rivalry|Trailblaze,MudSlap,Entrainment,Flamethrower|Timid||F|||50|]Meganium||Meganiumite|LeafGuard|LeechSeed,Counter,WeatherBall,SolarBeam|Timid||M|||50|]Clawitzer||MysticWater|MegaLauncher|HealPulse,AuraSphere,Protect,WaterPulse|Calm||F|||50|]Slowking-Galar||ColburBerry|CuriousMedicine|SkillSwap,ThunderWave,EerieSpell,TrickRoom|Sassy||M|||50|
|inactive|Battle timer is ON: inactive players will automatically lose when time's up. (requested by rgangel)
|
|t:|1784154739
|teamsize|p1|4
|teamsize|p2|4
|start
|switch|p1a: Garchomp|Garchomp, L50, F|100/100
|switch|p1b: Incineroar|Incineroar, L50, M|100/100
|switch|p2a: Spiritomb|Spiritomb, L50, F, shiny|100/100
|switch|p2b: Corviknight|Corviknight, L50, M|100/100
|-ability|p2b: Corviknight|Pressure
|-ability|p1b: Incineroar|Intimidate|boost
|-unboost|p2a: Spiritomb|atk|1
|-unboost|p2b: Corviknight|atk|1
|-ability|p2a: Spiritomb|Pressure
|turn|1
|
|t:|1784154757
|move|p2b: Corviknight|Protect|p2b: Corviknight
|-singleturn|p2b: Corviknight|Protect
|move|p1a: Garchomp|Rock Slide|p2b: Corviknight|[spread] p2a
|-activate|p2b: Corviknight|move: Protect
|-damage|p2a: Spiritomb|73/100
|-damage|p1a: Garchomp|90/100|[from] item: Life Orb
|move|p1b: Incineroar|Flare Blitz|p2b: Corviknight
|-activate|p2b: Corviknight|move: Protect
|move|p2a: Spiritomb|Spite|p1a: Garchomp
|-activate|p1a: Garchomp|move: Spite|Rock Slide|4
|
|upkeep
|turn|2
|
|t:|1784154780
|move|p1a: Garchomp|Stomping Tantrum|p2a: Spiritomb
|-damage|p2a: Spiritomb|23/100
|-damage|p1a: Garchomp|80/100|[from] item: Life Orb
|move|p2b: Corviknight|Spite|p1b: Incineroar
|-activate|p1b: Incineroar|move: Spite|Flare Blitz|4
|move|p1b: Incineroar|Flare Blitz|p2a: Spiritomb
|-damage|p2a: Spiritomb|0 fnt
|faint|p2a: Spiritomb
|-damage|p1b: Incineroar|94/100|[from] Recoil
|
|upkeep
|
|t:|1784154794
|switch|p2a: Slowking|Slowking-Galar, L50, M|100/100
|-clearboost|p2b: Corviknight|[from] ability: Curious Medicine|[of] p2a: Slowking
|turn|3
|
|t:|1784154807
|move|p1a: Garchomp|Stomping Tantrum|p2a: Slowking
|-supereffective|p2a: Slowking|1
|-damage|p2a: Slowking|0 fnt
|faint|p2a: Slowking
|-damage|p1a: Garchomp|71/100|[from] item: Life Orb
|move|p2b: Corviknight|Spite|p1a: Garchomp
|-activate|p1a: Garchomp|move: Spite|Stomping Tantrum|4
|move|p1b: Incineroar|Flare Blitz|p2b: Corviknight
|-supereffective|p2b: Corviknight|1
|-damage|p2b: Corviknight|47/100
|-damage|p1b: Incineroar|76/100|[from] Recoil
|
|-heal|p2b: Corviknight|53/100|[from] item: Leftovers
|upkeep
|
|t:|1784154819
|switch|p2a: Pyroar|Pyroar, L50, F, shiny|100/100
|turn|4
|inactive|Welwitchia has 30 seconds left.
|inactive|Welwitchia has 20 seconds left.
|
|t:|1784154855
|move|p2a: Pyroar|Entrainment|p1a: Garchomp
|-ability|p1a: Garchomp|Rivalry|Rough Skin|[from] move: Entrainment|[of] p2a: Pyroar
|move|p1a: Garchomp|Stomping Tantrum|p2a: Pyroar
|-supereffective|p2a: Pyroar|1
|-damage|p2a: Pyroar|0 fnt
|faint|p2a: Pyroar
|-damage|p1a: Garchomp|61/100|[from] item: Life Orb
|move|p2b: Corviknight|Roost|p2b: Corviknight
|-heal|p2b: Corviknight|100/100
|-singleturn|p2b: Corviknight|move: Roost
|move|p1b: Incineroar|Flare Blitz|p2b: Corviknight
|-supereffective|p2b: Corviknight|1
|-damage|p2b: Corviknight|43/100
|-damage|p1b: Incineroar|57/100|[from] Recoil
|
|-heal|p2b: Corviknight|49/100|[from] item: Leftovers
|upkeep
|turn|5
|
|t:|1784154874
|move|p2b: Corviknight|Protect|p2b: Corviknight
|-singleturn|p2b: Corviknight|Protect
|move|p1a: Garchomp|Rock Slide|p2b: Corviknight
|-activate|p2b: Corviknight|move: Protect
|move|p1b: Incineroar|Flare Blitz|p2b: Corviknight
|-activate|p2b: Corviknight|move: Protect
|
|-heal|p2b: Corviknight|55/100|[from] item: Leftovers
|upkeep
|turn|6
|
|t:|1784154887
|move|p1a: Garchomp|Rock Slide|p2b: Corviknight|[miss]
|-miss|p1a: Garchomp|p2b: Corviknight
|move|p2b: Corviknight|Roost|p2b: Corviknight
|-heal|p2b: Corviknight|100/100
|-singleturn|p2b: Corviknight|move: Roost
|move|p1b: Incineroar|Flare Blitz|p2b: Corviknight
|-supereffective|p2b: Corviknight|1
|-damage|p2b: Corviknight|37/100
|-damage|p1b: Incineroar|36/100|[from] Recoil
|-enditem|p1b: Incineroar|Sitrus Berry|[eat]
|-heal|p1b: Incineroar|61/100|[from] item: Sitrus Berry
|
|-heal|p2b: Corviknight|43/100|[from] item: Leftovers
|upkeep
|turn|7
|
|t:|1784154904
|switch|p1b: Glimmora|Glimmora, L50, M|100/100
|move|p2b: Corviknight|Protect|p2b: Corviknight
|-singleturn|p2b: Corviknight|Protect
|move|p1a: Garchomp|Dragon Claw|p2b: Corviknight
|-activate|p2b: Corviknight|move: Protect
|
|-heal|p2b: Corviknight|49/100|[from] item: Leftovers
|upkeep
|turn|8
|
|t:|1784154916
|detailschange|p1b: Glimmora|Glimmora-Mega, L50, M
|-mega|p1b: Glimmora|Glimmora|Glimmoranite
|move|p1a: Garchomp|Rock Slide|p2b: Corviknight
|-damage|p2b: Corviknight|33/100
|-damage|p1a: Garchomp|52/100|[from] item: Life Orb
|move|p1b: Glimmora|Power Gem|p2b: Corviknight
|-damage|p2b: Corviknight|0 fnt
|faint|p2b: Corviknight
|
|win|rgangel
|raw|rgangel's rating: 1109 → 1127(+18 for winning)
|raw|Welwitchia's rating: 1014 → 1005(-9 for losing)
|l|☆rgangel
|player|p1|
