|j|☆Wendiigo
|j|☆fool720
|html|Wendiigofool720    
|uhtml|bestof|Game 1 of a best-of-3
|t:|1784930960
|gametype|doubles
|player|p1|Wendiigo|hilbert-wonderlauncher|
|player|p2|fool720|266|
|gen|9
|tier|[Gen 9 Champions] VGC 2026 Reg M-B (Bo3)
|rule|Species Clause: Limit one of each Pokémon
|rule|Item Clause: Limit 1 of each item
|clearpoke
|poke|p1|Tyranitar, L50, F, shiny|
|poke|p1|Excadrill, L50, M, shiny|
|poke|p1|Reuniclus, L50, M, shiny|
|poke|p1|Clefable, L50, M|
|poke|p1|Rotom, L50|
|poke|p1|Infernape, L50, F, shiny|
|poke|p2|Pelipper, L50, M|
|poke|p2|Archaludon, L50, F|
|poke|p2|Swampert, L50, F|
|poke|p2|Rotom-Mow, L50|
|poke|p2|Sableye, L50, M|
|poke|p2|Diggersby, L50, F|
|teampreview|4
|showteam|p1|Tyranitar||ChopleBerry|SandStream|EarthPower,PowerGem,Taunt,Protect|Modest||F|||50|]Excadrill||Excadrite|SandRush|Earthquake,IronHead,Megahorn,Protect|Adamant||M|||50|]Reuniclus||LifeOrb|MagicGuard|EnergyBall,FocusBlast,TrickRoom,Protect|Quiet||M|||50|]Clefable||Clefablite|MagicGuard|Moonblast,Thunderbolt,FollowMe,Protect|Quiet||M|||50|]Rotom||ChoiceScarf|Levitate|ShadowBall,Electroweb,Thunderbolt,Trick|Timid|||||50|]Infernape||FocusSash|Blaze|FakeOut,AuraSphere,Flamethrower,Protect|Modest||F|||50|
|showteam|p2|Pelipper||FocusSash|Drizzle|Hurricane,Tailwind,WeatherBall,WideGuard|Timid||M|||50|]Archaludon||Leftovers|Stamina|ElectroShot,FlashCannon,Protect,AuraSphere|Timid||F|||50|]Swampert||Swampertite|Torrent|WaveCrash,RockSlide,Earthquake,Protect|Adamant||F|||50|]Rotom-Mow||ChoiceScarf|Levitate|LeafStorm,Thunderbolt,VoltSwitch,ShadowBall|Timid|||||50|]Sableye||LightClay|Prankster|Encore,LightScreen,Reflect,FakeOut|Sassy||M|||50|]Diggersby||LifeOrb|HugePower|IronHead,FirePunch,GigaImpact,Earthquake|Adamant||F|||50|
|
|t:|1784931018
|teamsize|p1|4
|teamsize|p2|4
|start
|switch|p1a: Reuniclus|Reuniclus, L50, M, shiny|100/100
|switch|p1b: Clefable|Clefable, L50, M|100/100
|switch|p2a: Swampert|Swampert, L50, F|100/100
|switch|p2b: Pelipper|Pelipper, L50, M|100/100
|-weather|RainDance|[from] ability: Drizzle|[of] p2b: Pelipper
|turn|1
|
|t:|1784931064
|switch|p2b: Sableye|Sableye, L50, M|100/100
|detailschange|p1b: Clefable|Clefable-Mega, L50, M
|-mega|p1b: Clefable|Clefable|Clefablite
|move|p1b: Clefable|Follow Me|p1b: Clefable
|-singleturn|p1b: Clefable|move: Follow Me
|move|p2a: Swampert|Wave Crash|p1b: Clefable
|-damage|p1b: Clefable|19/100
|-damage|p2a: Swampert|69/100|[from] Recoil
|move|p1a: Reuniclus|Trick Room|p1a: Reuniclus
|-fieldstart|move: Trick Room|[of] p1a: Reuniclus
|
|-weather|RainDance|[upkeep]
|upkeep
|turn|2
|
|t:|1784931110
|move|p1a: Reuniclus|Protect|p1a: Reuniclus
|-singleturn|p1a: Reuniclus|Protect
|move|p2b: Sableye|Encore|p1b: Clefable
|move|p1b: Clefable|Encore||[from] ability: Magic Bounce|[still]
|-fail|p1b: Clefable
|move|p1b: Clefable|Moonblast|p2b: Sableye
|-supereffective|p2b: Sableye|1
|-damage|p2b: Sableye|0 fnt
|faint|p2b: Sableye
|move|p2a: Swampert|Rock Slide|p1a: Reuniclus|[spread] 
|-activate|p1a: Reuniclus|move: Protect
|-miss|p2a: Swampert|p1b: Clefable
|
|-weather|RainDance|[upkeep]
|upkeep
|
|t:|1784931125
|switch|p2b: Archaludon|Archaludon, L50, F|100/100
|turn|3
|
|t:|1784931164
|switch|p1b: Amy|Tyranitar, L50, F, shiny|100/100
|-weather|Sandstorm|[from] ability: Sand Stream|[of] p1b: Amy
|detailschange|p2a: Swampert|Swampert-Mega, L50, F
|-mega|p2a: Swampert|Swampert|Swampertite
|move|p1a: Reuniclus|Energy Ball|p2a: Swampert
|-supereffective|p2a: Swampert|2
|-damage|p2a: Swampert|0 fnt
|faint|p2a: Swampert
|move|p2b: Archaludon|Flash Cannon|p1a: Reuniclus
|-damage|p1a: Reuniclus|64/100
|
|-weather|Sandstorm|[upkeep]
|upkeep
|
|t:|1784931176
|switch|p2a: Pelipper|Pelipper, L50, M|100/100
|-weather|RainDance|[from] ability: Drizzle|[of] p2a: Pelipper
|turn|4
|
|t:|1784931192
|move|p1a: Reuniclus|Focus Blast|p2b: Archaludon|[miss]
|-miss|p1a: Reuniclus|p2b: Archaludon
|move|p1b: Amy|Power Gem|p2a: Pelipper
|-supereffective|p2a: Pelipper|1
|-enditem|p2a: Pelipper|Focus Sash
|-damage|p2a: Pelipper|1/100
|move|p2a: Pelipper|Weather Ball|p1b: Amy
|-supereffective|p1b: Amy|1
|-damage|p1b: Amy|0 fnt
|faint|p1b: Amy
|move|p2b: Archaludon|Flash Cannon|p1a: Reuniclus
|-damage|p1a: Reuniclus|26/100
|
|-weather|RainDance|[upkeep]
|upkeep
|
|t:|1784931231
|switch|p1b: Clefable|Clefable-Mega, L50, M|19/100
|turn|5
|
|t:|1784931245
|move|p2b: Archaludon|Protect|p2b: Archaludon
|-singleturn|p2b: Archaludon|Protect
|move|p1a: Reuniclus|Focus Blast|p2b: Archaludon
|-activate|p2b: Archaludon|move: Protect
|move|p1b: Clefable|Thunderbolt|p2a: Pelipper
|-supereffective|p2a: Pelipper|2
|-damage|p2a: Pelipper|0 fnt
|faint|p2a: Pelipper
|
|-weather|RainDance|[upkeep]
|-fieldend|move: Trick Room
|upkeep
|turn|6
|
|t:|1784931267
|move|p1b: Clefable|Follow Me|p1b: Clefable
|-singleturn|p1b: Clefable|move: Follow Me
|move|p2b: Archaludon|Electro Shot||[still]
|-prepare|p2b: Archaludon|Electro Shot
|-boost|p2b: Archaludon|spa|1
|-anim|p2b: Archaludon|Electro Shot|p1b: Clefable
|-supereffective|p1b: Clefable|1
|-damage|p1b: Clefable|0 fnt
|faint|p1b: Clefable
|move|p1a: Reuniclus|Focus Blast|p2b: Archaludon
|-supereffective|p2b: Archaludon|1
|-damage|p2b: Archaludon|0 fnt
|faint|p2b: Archaludon
|
|win|Wendiigo
|inactive|Wendiigo has 30 seconds to confirm battle start!
|inactive|fool720 has 30 seconds to confirm battle start!
||fool720 is ready for game 2.
||Wendiigo is ready for game 2.
|uhtml|next|Next: Game 2 of 3
