|j|☆mayorga9099
|j|☆Welosethose!
|html|mayorga9099Welosethose!    
|uhtml|bestof|Game 3 of a best-of-3
|t:|1756584254
|gametype|doubles
|player|p1|mayorga9099|ethan|1137
|player|p2|Welosethose!|hilbert|1121
|gen|9
|tier|[Gen 9] VGC 2025 Reg H (Bo3)
|rated|
|rule|Species Clause: Limit one of each Pokémon
|rule|Item Clause: Limit 1 of each item
|clearpoke
|poke|p1|Incineroar, L50, M|
|poke|p1|Dragapult, L50, M|
|poke|p1|Gastrodon, L50, F|
|poke|p1|Farigiraf, L50, F|
|poke|p1|Gholdengo, L50|
|poke|p1|Ursaluna-Bloodmoon, L50, M|
|poke|p2|Gholdengo, L50|
|poke|p2|Incineroar, L50, F|
|poke|p2|Archaludon, L50, M|
|poke|p2|Amoonguss, L50, M|
|poke|p2|Whimsicott, L50, F|
|poke|p2|Dragapult, L50, F|
|teampreview|4
|showteam|p1|Incineroar||AssaultVest|Intimidate|FlareBlitz,KnockOff,FakeOut,Uturn|||M|||50|,,,,,Water]Dragapult||FocusSash|ClearBody|PhantomForce,BreakingSwipe,Disable,ThunderWave|||M|||50|,,,,,Ghost]Gastrodon||Leftovers|StormDrain|EarthPower,IcyWind,Protect,Yawn|||F|||50|,,,,,Fairy]Farigiraf||SitrusBerry|ArmorTail|DazzlingGleam,PsychicNoise,HelpingHand,TrickRoom|||F|||50|,,,,,Fairy]Gholdengo||MetalCoat|GoodasGold|MakeItRain,ShadowBall,NastyPlot,Protect||||||50|,,,,,Water]Ursaluna-Bloodmoon||LifeOrb|MindsEye|BloodMoon,HyperVoice,EarthPower,Protect|||M|||50|,,,,,Normal
|showteam|p2|Gholdengo||Leftovers|GoodasGold|MakeItRain,DazzlingGleam,NastyPlot,Protect||||||50|,,,,,Fairy]Incineroar||AssaultVest|Intimidate|FakeOut,Uturn,FlareBlitz,KnockOff|||F|||50|,,,,,Grass]Archaludon||PowerHerb|Stalwart|ElectroShot,DracoMeteor,Thunderbolt,Protect|||M|||50|,,,,,Electric]Amoonguss||SitrusBerry|Regenerator|RagePowder,Spore,ClearSmog,Protect|||M|||50|,,,,,Psychic]Whimsicott||FocusSash|Prankster|Tailwind,Moonblast,Endeavor,Encore|||F|||50|,,,,,Ghost]Dragapult||ChoiceBand|ClearBody|DragonDarts,Outrage,TeraBlast,Uturn|||F|||50|,,,,,Ghost
|
|t:|1756584280
|teamsize|p1|4
|teamsize|p2|4
|start
|switch|p1a: Farigiraf|Farigiraf, L50, F|100/100
|switch|p1b: Ursaluna|Ursaluna-Bloodmoon, L50, M|100/100
|switch|p2a: Dragapult|Dragapult, L50, F|100/100
|switch|p2b: Incineroar|Incineroar, L50, F|100/100
|-ability|p2b: Incineroar|Intimidate|boost
|-unboost|p1a: Farigiraf|atk|1
|-unboost|p1b: Ursaluna|atk|1
|turn|1
|
|t:|1756584312
|-terastallize|p1a: Farigiraf|Fairy
|move|p2a: Dragapult|U-turn|p1a: Farigiraf
|-resisted|p1a: Farigiraf
|-damage|p1a: Farigiraf|85/100
|
|t:|1756584318
|switch|p2a: Gholdengo|Gholdengo, L50|100/100|[from] U-turn
|move|p2b: Incineroar|U-turn|p1a: Farigiraf
|-resisted|p1a: Farigiraf
|-damage|p1a: Farigiraf|76/100
|
|t:|1756584324
|switch|p2b: Amoonguss|Amoonguss, L50, M|100/100|[from] U-turn
|move|p1a: Farigiraf|Psychic Noise|p2a: Gholdengo
|-resisted|p2a: Gholdengo
|-damage|p2a: Gholdengo|86/100
|-start|p2a: Gholdengo|move: Heal Block
|move|p1b: Ursaluna|Hyper Voice|p2b: Amoonguss|[spread] p2a,p2b
|-resisted|p2a: Gholdengo
|-damage|p2a: Gholdengo|61/100
|-damage|p2b: Amoonguss|59/100
|-damage|p1b: Ursaluna|91/100|[from] item: Life Orb
|
|upkeep
|turn|2
|
|t:|1756584360
|switch|p1a: Incineroar|Incineroar, L50, M|100/100
|-ability|p1a: Incineroar|Intimidate|boost
|-unboost|p2a: Gholdengo|atk|1
|-unboost|p2b: Amoonguss|atk|1
|move|p2b: Amoonguss|Rage Powder|p2b: Amoonguss
|-singleturn|p2b: Amoonguss|move: Rage Powder
|move|p2a: Gholdengo|Make It Rain|p1a: Incineroar|[spread] p1a,p1b
|-resisted|p1a: Incineroar
|-damage|p1a: Incineroar|86/100
|-damage|p1b: Ursaluna|43/100
|-unboost|p2a: Gholdengo|spa|1
|move|p1b: Ursaluna|Blood Moon|p2b: Amoonguss
|-damage|p2b: Amoonguss|0 fnt
|faint|p2b: Amoonguss
|-damage|p1b: Ursaluna|33/100|[from] item: Life Orb
|
|-end|p2a: Gholdengo|move: Heal Block
|upkeep
|
|t:|1756584366
|switch|p2b: Dragapult|Dragapult, L50, F|100/100
|turn|3
|
|t:|1756584418
|-terastallize|p2a: Gholdengo|Fairy
|move|p1b: Ursaluna|Protect|p1b: Ursaluna
|-singleturn|p1b: Ursaluna|Protect
|move|p2b: Dragapult|Dragon Darts|p1a: Incineroar
|-damage|p1a: Incineroar|54/100
|-anim|p2b: Dragapult|Dragon Darts|p1a: Incineroar
|-damage|p1a: Incineroar|20/100
|move|p2a: Gholdengo|Dazzling Gleam|p1b: Ursaluna|[spread] p1a
|-activate|p1b: Ursaluna|move: Protect
|-damage|p1a: Incineroar|6/100
|move|p1a: Incineroar|Knock Off|p2a: Gholdengo
|-resisted|p2a: Gholdengo
|-damage|p2a: Gholdengo|40/100
|-enditem|p2a: Gholdengo|Leftovers|[from] move: Knock Off|[of] p1a: Incineroar
|
|upkeep
|turn|4
|
|t:|1756584443
|switch|p1a: Farigiraf|Farigiraf, L50, F, tera:Fairy|76/100
|switch|p1b: Gastrodon|Gastrodon, L50, F|100/100
|move|p2b: Dragapult|Dragon Darts|p1b: Gastrodon
|-damage|p1b: Gastrodon|71/100
|-anim|p2b: Dragapult|Dragon Darts|p1b: Gastrodon
|-crit|p1b: Gastrodon
|-damage|p1b: Gastrodon|27/100
|move|p2a: Gholdengo|Dazzling Gleam|p1b: Gastrodon|[spread] p1a,p1b
|-damage|p1a: Farigiraf|57/100
|-damage|p1b: Gastrodon|6/100
|
|-heal|p1b: Gastrodon|12/100|[from] item: Leftovers
|upkeep
|turn|5
|
|t:|1756584467
|move|p2b: Dragapult|Dragon Darts|p1b: Gastrodon
|-damage|p1b: Gastrodon|0 fnt
|faint|p1b: Gastrodon
|move|p2a: Gholdengo|Make It Rain|p1a: Farigiraf
|-supereffective|p1a: Farigiraf
|-damage|p1a: Farigiraf|0 fnt
|-unboost|p2a: Gholdengo|spa|1
|faint|p1a: Farigiraf
|
|upkeep
|
|t:|1756584473
|switch|p1a: Incineroar|Incineroar, L50, M|6/100
|switch|p1b: Ursaluna|Ursaluna-Bloodmoon, L50, M|33/100
|-ability|p1a: Incineroar|Intimidate|boost
|-unboost|p2a: Gholdengo|atk|1
|-fail|p2b: Dragapult|unboost|[from] ability: Clear Body|[of] p2b: Dragapult
|turn|6
|
|t:|1756584480
|switch|p2a: Incineroar|Incineroar, L50, F|100/100
|-ability|p2a: Incineroar|Intimidate|boost
|-unboost|p1a: Incineroar|atk|1
|-unboost|p1b: Ursaluna|atk|1
|move|p2b: Dragapult|Dragon Darts|p1b: Ursaluna
|-damage|p1b: Ursaluna|8/100
|-anim|p2b: Dragapult|Dragon Darts|p1a: Incineroar
|-damage|p1a: Incineroar|0 fnt
|faint|p1a: Incineroar
|move|p1b: Ursaluna|Hyper Voice|p2b: Dragapult|[spread] p2a,p2b
|-damage|p2a: Incineroar|68/100
|-damage|p2b: Dragapult|36/100
|-damage|p1b: Ursaluna|0 fnt|[from] item: Life Orb
|faint|p1b: Ursaluna
|
|win|Welosethose!
|raw|mayorga9099's rating: 1137 → 1111(-26 for losing)
|raw|Welosethose!'s rating: 1121 → 1147(+26 for winning)
|c|☆mayorga9099|Ggs
|c|☆Welosethose!|gg
|l|☆mayorga9099
|player|p1|
