|j|☆DerCroczisst
|j|☆aceopacifico
|html|DerCroczisstaceopacifico    
|uhtml|bestof|Game 3 of a best-of-3
|t:|1783456653
|gametype|doubles
|player|p1|DerCroczisst|doubleteam|1044
|player|p2|aceopacifico|266|1044
|gen|9
|tier|[Gen 9 Champions] VGC 2026 Reg M-B (Bo3)
|rated|
|rule|Species Clause: Limit one of each Pokémon
|rule|Item Clause: Limit 1 of each item
|clearpoke
|poke|p1|Archaludon, L50, F|
|poke|p1|Pelipper, L50, F|
|poke|p1|Grimmsnarl, L50, M|
|poke|p1|Sinistcha, L50|
|poke|p1|Swampert, L50, M|
|poke|p1|Lopunny, L50, M|
|poke|p2|Leafeon, L50, F|
|poke|p2|Charizard, L50, M|
|poke|p2|Garchomp, L50, F|
|poke|p2|Milotic, L50, F|
|poke|p2|Maushold-Four, L50|
|poke|p2|Ceruledge, L50, M|
|teampreview|4
|showteam|p1|Archaludon||Leftovers|Stamina|DragonPulse,ElectroShot,FlashCannon,Protect|Modest||F|||50|]Pelipper||SitrusBerry|Drizzle|WideGuard,Tailwind,WeatherBall,Hurricane|Modest||F|||50|]Grimmsnarl||LightClay|Prankster|FoulPlay,PartingShot,LightScreen,Reflect|Calm||M|||50|]Sinistcha||CobaBerry|Hospitality|RagePowder,MatchaGotcha,TrickRoom,Protect|Relaxed|||||50|]Swampert||Swampertite|Torrent|WaveCrash,Earthquake,IcePunch,Protect|Adamant||M|||50|]Lopunny||Lopunnite|CuteCharm|FakeOut,CloseCombat,Uturn,Protect|Jolly||M|||50|
|showteam|p2|Leafeon||ExpertBelt|Chlorophyll|SolarBlade,Protect,KnockOff,SwordsDance|Serious||F|||50|]Charizard||CharizarditeY|Blaze|Protect,HeatWave,SolarBeam,AirSlash|Modest||M|||50|]Garchomp||LifeOrb|RoughSkin|Earthquake,Protect,DragonClaw,RockSlide|Jolly||F|||50|]Milotic||Leftovers|Competitive|Scald,Protect,Haze,DrainingKiss|Modest||F|||50|]Maushold-Four||SitrusBerry|FriendGuard|FollowMe,Protect,SuperFang,HelpingHand|Timid|||||50|]Ceruledge||ChoiceScarf|FlashFire|BitterBlade,CloseCombat,Poltergeist,PoisonJab|Jolly||M|||50|
|
|t:|1783456711
|teamsize|p1|4
|teamsize|p2|4
|start
|switch|p1a: Archaludon|Archaludon, L50, F|100/100
|switch|p1b: Lopunny|Lopunny, L50, M|100/100
|switch|p2a: Ceruledge|Ceruledge, L50, M|100/100
|switch|p2b: Maushold|Maushold-Four, L50|100/100
|turn|1
|
|t:|1783456751
|detailschange|p1b: Lopunny|Lopunny-Mega, L50, M
|-mega|p1b: Lopunny|Lopunny|Lopunnite
|move|p1b: Lopunny|Fake Out|p2a: Ceruledge
|-damage|p2a: Ceruledge|76/100
|move|p2b: Maushold|Follow Me|p2b: Maushold
|-singleturn|p2b: Maushold|move: Follow Me
|cant|p2a: Ceruledge|flinch
|move|p1a: Archaludon|Dragon Pulse|p2b: Maushold
|-damage|p2b: Maushold|41/100
|-enditem|p2b: Maushold|Sitrus Berry|[eat]
|-heal|p2b: Maushold|66/100|[from] item: Sitrus Berry
|
|upkeep
|turn|2
|
|t:|1783456777
|switch|p1b: Pelipper|Pelipper, L50, F|100/100
|-weather|RainDance|[from] ability: Drizzle|[of] p1b: Pelipper
|move|p2b: Maushold|Helping Hand|p2a: Ceruledge
|-singleturn|p2a: Ceruledge|Helping Hand|[of] p2b: Maushold
|move|p1a: Archaludon|Protect|p1a: Archaludon
|-singleturn|p1a: Archaludon|Protect
|move|p2a: Ceruledge|Close Combat|p1a: Archaludon
|-activate|p1a: Archaludon|move: Protect
|
|-weather|RainDance|[upkeep]
|upkeep
|turn|3
|
|t:|1783456849
|switch|p2a: Garchomp|Garchomp, L50, F|100/100
|switch|p1a: Sinistcha|Sinistcha, L50|100/100
|move|p2b: Maushold|Super Fang|p1a: Sinistcha
|-immune|p1a: Sinistcha
|move|p1b: Pelipper|Tailwind|p1b: Pelipper
|-sidestart|p1: DerCroczisst|move: Tailwind
|
|-weather|RainDance|[upkeep]
|upkeep
|turn|4
|
|t:|1783456880
|switch|p1a: Archaludon|Archaludon, L50, F|100/100
|move|p2b: Maushold|Follow Me|p2b: Maushold
|-singleturn|p2b: Maushold|move: Follow Me
|move|p1b: Pelipper|Weather Ball|p2b: Maushold
|-crit|p2b: Maushold
|-damage|p2b: Maushold|0 fnt
|faint|p2b: Maushold
|move|p2a: Garchomp|Rock Slide|p1b: Pelipper|[spread] p1a,p1b
|-resisted|p1a: Archaludon|1
|-supereffective|p1b: Pelipper|1
|-damage|p1a: Archaludon|90/100
|-damage|p1b: Pelipper|43/100
|-ability|p1a: Archaludon|Stamina|boost
|-boost|p1a: Archaludon|def|1
|-enditem|p1b: Pelipper|Sitrus Berry|[eat]
|-heal|p1b: Pelipper|68/100|[from] item: Sitrus Berry
|-damage|p2a: Garchomp|90/100|[from] item: Life Orb
|
|-weather|RainDance|[upkeep]
|-heal|p1a: Archaludon|96/100|[from] item: Leftovers
|upkeep
|
|t:|1783456909
|switch|p2b: Ceruledge|Ceruledge, L50, M|76/100
|turn|5
|
|t:|1783456950
|move|p1a: Archaludon|Dragon Pulse|p2a: Garchomp
|-supereffective|p2a: Garchomp|1
|-damage|p2a: Garchomp|0 fnt
|faint|p2a: Garchomp
|move|p2b: Ceruledge|Close Combat|p1a: Archaludon
|-supereffective|p1a: Archaludon|1
|-damage|p1a: Archaludon|53/100
|-unboost|p2b: Ceruledge|def|1
|-unboost|p2b: Ceruledge|spd|1
|-ability|p1a: Archaludon|Stamina|boost
|-boost|p1a: Archaludon|def|1
|move|p1b: Pelipper|Weather Ball|p2b: Ceruledge
|-supereffective|p2b: Ceruledge|1
|-damage|p2b: Ceruledge|0 fnt
|faint|p2b: Ceruledge
|
|-weather|RainDance|[upkeep]
|-heal|p1a: Archaludon|59/100|[from] item: Leftovers
|upkeep
|c|☆DerCroczisst|gg
|-message|aceopacifico forfeited.
|raw|DerCroczisst's rating: 1044 → 1077(+33 for winning)
|raw|aceopacifico's rating: 1044 → 1027(-17 for losing)
|
|win|DerCroczisst
|c|☆DerCroczisst|hax are so terrible for this competitive mode
|l|☆aceopacifico
|player|p2|
