|j|☆edhen
|j|☆Mikandoer
|html|edhenMikandoer    
|uhtml|bestof|Game 1 of a best-of-3
|t:|1757653063
|gametype|doubles
|player|p1|edhen|clair|1167
|player|p2|Mikandoer|169|1083
|gen|9
|tier|[Gen 9] VGC 2025 Reg H (Bo3)
|rated|
|rule|Species Clause: Limit one of each Pokémon
|rule|Item Clause: Limit 1 of each item
|clearpoke
|poke|p1|Politoed, L50, M|
|poke|p1|Archaludon, L50, M|
|poke|p1|Comfey, L50, M|
|poke|p1|Rillaboom, L50, M|
|poke|p1|Basculegion, L50, M|
|poke|p1|Talonflame, L50, F|
|poke|p2|Maushold-Four, L50|
|poke|p2|Annihilape, L50, M|
|poke|p2|Incineroar, L50, M|
|poke|p2|Kilowattrel, L50, F|
|poke|p2|Amoonguss, L50, M|
|poke|p2|Primarina, L50, M|
|teampreview|4
|showteam|p1|Politoed||Leftovers|Drizzle|Protect,MuddyWater,Haze,Hypnosis|||M|||50|,,,,,Grass]Archaludon||AssaultVest|Stamina|ElectroShot,BodyPress,FlashCannon,DragonPulse|||M|||50|,,,,,Grass]Comfey||WikiBerry|Triage|Protect,FloralHealing,DrainingKiss,Taunt|||M|||50|,,,,,Steel]Rillaboom||LoadedDice|GrassySurge|BulletSeed,GrassyGlide,FakeOut,HighHorsepower|||M|||50|,,,,,Fire]Basculegion||ChoiceBand|SwiftSwim|LastRespects,WaveCrash,AquaJet,FlipTurn|||M|||50|,,,,,Water]Talonflame||CovertCloak|GaleWings|Tailwind,WillOWisp,DualWingbeat,FlareBlitz|||F|||50|,,,,,Ghost
|showteam|p2|Maushold-Four||CovertCloak|FriendGuard|BeatUp,FollowMe,Protect,PopulationBomb||||||50|,,,,,Ghost]Annihilape||Leftovers|Defiant|RageFist,Protect,DrainPunch,BulkUp|||M|||50|,,,,,Poison]Incineroar||RockyHelmet|Intimidate|FakeOut,KnockOff,PartingShot,FlareBlitz|||M|||50|,,,,,Fire]Kilowattrel||FocusSash|WindPower|Tailwind,VoltSwitch,Thunderbolt,ThunderWave|||F|||50|,,,,,Electric]Amoonguss||SitrusBerry|Regenerator|RagePowder,Spore,Protect,PollenPuff|||M|||50|,,,,,Grass]Primarina||ChoiceSpecs|LiquidVoice|HyperVoice,Moonblast,IceBeam,Psychic|||M|||50|,,,,,Water
|l|☆Mikandoer
|player|p2|
|j|☆Mikandoer
|player|p2|Mikandoer|169|
|inactive|Battle timer is ON: inactive players will automatically lose when time's up. (requested by Mikandoer)
|
|t:|1757653108
|teamsize|p1|4
|teamsize|p2|4
|start
|switch|p1a: Talonflame|Talonflame, L50, F|100/100
|switch|p1b: Archaludon|Archaludon, L50, M|100/100
|switch|p2a: Annihilape|Annihilape, L50, M|100/100
|switch|p2b: Maushold|Maushold-Four, L50|100/100
|turn|1
|
|t:|1757653127
|move|p1a: Talonflame|Will-O-Wisp|p2a: Annihilape
|-status|p2a: Annihilape|brn
|move|p2b: Maushold|Beat Up|p2a: Annihilape
|-damage|p2a: Annihilape|98/100 brn
|-damage|p2a: Annihilape|96/100 brn
|-damage|p2a: Annihilape|94/100 brn
|-hitcount|p2a: Annihilape|3
|move|p2a: Annihilape|Rage Fist|p1b: Archaludon
|-damage|p1b: Archaludon|68/100
|-ability|p1b: Archaludon|Stamina|boost
|-boost|p1b: Archaludon|def|1
|move|p1b: Archaludon|Body Press|p2b: Maushold
|-supereffective|p2b: Maushold
|-damage|p2b: Maushold|4/100
|
|-heal|p2a: Annihilape|100/100 brn|[from] item: Leftovers
|-damage|p2a: Annihilape|94/100 brn|[from] brn
|upkeep
|turn|2
|inactive|Mikandoer has 30 seconds left.
|inactive|Mikandoer has 20 seconds left.
|inactive|Mikandoer has 15 seconds left.
|inactive|Mikandoer has 10 seconds left.
|
|t:|1757653174
|switch|p2b: Primarina|Primarina, L50, M|100/100
|move|p2a: Annihilape|Protect|p2a: Annihilape
|-singleturn|p2a: Annihilape|Protect
|move|p1a: Talonflame|Dual Wingbeat|p1b: Archaludon
|-resisted|p1b: Archaludon
|-damage|p1b: Archaludon|64/100
|-ability|p1b: Archaludon|Stamina|boost
|-boost|p1b: Archaludon|def|1
|-resisted|p1b: Archaludon
|-damage|p1b: Archaludon|61/100
|-ability|p1b: Archaludon|Stamina|boost
|-boost|p1b: Archaludon|def|1
|-hitcount|p1b: Archaludon|2
|move|p1b: Archaludon|Dragon Pulse|p2a: Annihilape
|-activate|p2a: Annihilape|move: Protect
|
|-heal|p2a: Annihilape|100/100 brn|[from] item: Leftovers
|-damage|p2a: Annihilape|94/100 brn|[from] brn
|upkeep
|turn|3
|inactive|Mikandoer has 30 seconds left.
|
|t:|1757653204
|switch|p1a: Rillaboom|Rillaboom, L50, M|100/100
|-fieldstart|move: Grassy Terrain|[from] ability: Grassy Surge|[of] p1a: Rillaboom
|switch|p2a: Amoonguss|Amoonguss, L50, M|100/100
|move|p2b: Primarina|Hyper Voice|p1b: Archaludon|[spread] p1a,p1b
|-resisted|p1a: Rillaboom
|-resisted|p1b: Archaludon
|-damage|p1a: Rillaboom|68/100
|-damage|p1b: Archaludon|44/100
|-ability|p1b: Archaludon|Stamina|boost
|-boost|p1b: Archaludon|def|1
|move|p1b: Archaludon|Flash Cannon|p2b: Primarina
|-damage|p2b: Primarina|62/100
|
|-heal|p1a: Rillaboom|74/100|[from] Grassy Terrain
|-heal|p2b: Primarina|68/100|[from] Grassy Terrain
|-heal|p1b: Archaludon|50/100|[from] Grassy Terrain
|upkeep
|turn|4
|
|t:|1757653224
|switch|p2b: Annihilape|Annihilape, L50, M|94/100 brn
|-terastallize|p1b: Archaludon|Grass
|move|p2a: Amoonguss|Protect|p2a: Amoonguss
|-singleturn|p2a: Amoonguss|Protect
|move|p1a: Rillaboom|Bullet Seed|p2b: Annihilape
|-damage|p2b: Annihilape|77/100 brn
|-damage|p2b: Annihilape|58/100 brn
|-damage|p2b: Annihilape|39/100 brn
|-damage|p2b: Annihilape|19/100 brn
|-damage|p2b: Annihilape|2/100 brn
|-hitcount|p2b: Annihilape|5
|move|p1b: Archaludon|Body Press|p2b: Annihilape
|-immune|p2b: Annihilape
|
|-heal|p1a: Rillaboom|80/100|[from] Grassy Terrain
|-heal|p2b: Annihilape|8/100 brn|[from] Grassy Terrain
|-heal|p2b: Annihilape|14/100 brn|[from] item: Leftovers
|-heal|p1b: Archaludon|56/100|[from] Grassy Terrain
|-damage|p2b: Annihilape|8/100 brn|[from] brn
|upkeep
|turn|5
|inactive|Mikandoer has 30 seconds left.
|
|t:|1757653259
|switch|p1a: Talonflame|Talonflame, L50, F|100/100
|switch|p2a: Primarina|Primarina, L50, M|68/100
|move|p2b: Annihilape|Rage Fist|p1a: Talonflame
|-damage|p1a: Talonflame|0 fnt
|faint|p1a: Talonflame
|move|p1b: Archaludon|Dragon Pulse|p2a: Primarina
|-immune|p2a: Primarina
|
|-heal|p2b: Annihilape|14/100 brn|[from] Grassy Terrain
|-heal|p2b: Annihilape|21/100 brn|[from] item: Leftovers
|-heal|p2a: Primarina|73/100|[from] Grassy Terrain
|-heal|p1b: Archaludon|62/100|[from] Grassy Terrain
|-damage|p2b: Annihilape|14/100 brn|[from] brn
|upkeep
|
|t:|1757653269
|switch|p1a: Comfey|Comfey, L50, M|100/100
|turn|6
|
|t:|1757653294
|switch|p2b: Maushold|Maushold-Four, L50|4/100
|move|p1a: Comfey|Draining Kiss|p2b: Maushold
|-damage|p2b: Maushold|0 fnt
|faint|p2b: Maushold
|move|p2a: Primarina|Ice Beam|p1b: Archaludon
|-supereffective|p1b: Archaludon
|-crit|p1b: Archaludon
|-damage|p1b: Archaludon|0 fnt
|faint|p1b: Archaludon
|
|-heal|p2a: Primarina|79/100|[from] Grassy Terrain
|upkeep
|
|t:|1757653309
|switch|p2b: Annihilape|Annihilape, L50, M|14/100 brn
|switch|p1b: Rillaboom|Rillaboom, L50, M|80/100
|turn|7
|inactive|Mikandoer has 30 seconds left.
|
|t:|1757653342
|switch|p2a: Amoonguss|Amoonguss, L50, M|100/100
|-terastallize|p2b: Annihilape|Poison
|move|p1a: Comfey|Draining Kiss|p2b: Annihilape
|-resisted|p2b: Annihilape
|-damage|p2b: Annihilape|8/100 brn
|move|p1b: Rillaboom|Bullet Seed|p2a: Amoonguss
|-resisted|p2a: Amoonguss
|-damage|p2a: Amoonguss|96/100
|-resisted|p2a: Amoonguss
|-damage|p2a: Amoonguss|92/100
|-resisted|p2a: Amoonguss
|-damage|p2a: Amoonguss|88/100
|-resisted|p2a: Amoonguss
|-damage|p2a: Amoonguss|85/100
|-hitcount|p2a: Amoonguss|4
|move|p2b: Annihilape|Rage Fist|p1a: Comfey
|-damage|p1a: Comfey|18/100
|-enditem|p1a: Comfey|Wiki Berry|[eat]
|-heal|p1a: Comfey|51/100|[from] item: Wiki Berry
|
|-heal|p1b: Rillaboom|86/100|[from] Grassy Terrain
|-heal|p2b: Annihilape|14/100 brn|[from] Grassy Terrain
|-heal|p2b: Annihilape|21/100 brn|[from] item: Leftovers
|-heal|p1a: Comfey|57/100|[from] Grassy Terrain
|-heal|p2a: Amoonguss|91/100|[from] Grassy Terrain
|-damage|p2b: Annihilape|14/100 brn|[from] brn
|-fieldend|move: Grassy Terrain
|upkeep
|turn|8
|
|t:|1757653366
|move|p2b: Annihilape|Protect|p2b: Annihilape
|-singleturn|p2b: Annihilape|Protect
|move|p1a: Comfey|Protect|p1a: Comfey
|-singleturn|p1a: Comfey|Protect
|move|p1b: Rillaboom|Bullet Seed|p2b: Annihilape
|-activate|p2b: Annihilape|move: Protect
|move|p2a: Amoonguss|Spore|p1a: Comfey
|-activate|p1a: Comfey|move: Protect
|
|-heal|p2b: Annihilape|21/100 brn|[from] item: Leftovers
|-damage|p2b: Annihilape|14/100 brn|[from] brn
|upkeep
|turn|9
|
|t:|1757653381
|move|p1b: Rillaboom|Bullet Seed|p2b: Annihilape
|-resisted|p2b: Annihilape
|-damage|p2b: Annihilape|7/100 brn
|-resisted|p2b: Annihilape
|-damage|p2b: Annihilape|0 fnt
|faint|p2b: Annihilape
|-hitcount|p2: Annihilape|2
|move|p1a: Comfey|Taunt|p2a: Amoonguss
|-start|p2a: Amoonguss|move: Taunt
|cant|p2a: Amoonguss|move: Taunt|Spore
|
|upkeep
|
|t:|1757653398
|switch|p2b: Primarina|Primarina, L50, M|79/100
|turn|10
|
|t:|1757653408
|move|p1a: Comfey|Draining Kiss|p2b: Primarina
|-damage|p2b: Primarina|63/100
|-heal|p1a: Comfey|69/100|[from] drain|[of] p2b: Primarina
|move|p1b: Rillaboom|Bullet Seed|p2b: Primarina
|-supereffective|p2b: Primarina
|-damage|p2b: Primarina|20/100
|-supereffective|p2b: Primarina
|-damage|p2b: Primarina|0 fnt
|faint|p2b: Primarina
|-hitcount|p2: Primarina|2
|move|p2a: Amoonguss|Pollen Puff|p2: Primarina|[notarget]
|-fail|p2a: Amoonguss
|
|upkeep
|turn|11
|-message|Mikandoer forfeited.
|
|win|edhen
||edhen is ready for game 2.
||Mikandoer is ready for game 2.
|uhtml|next|Next: Game 2 of 3
|l|☆edhen
|player|p1|
