|j|☆WishMkrLucy
|j|☆chikn dinnr
|html|WishMkrLucychikn dinnr    
|uhtml|bestof|Game 2 of a best-of-3
|t:|1756334687
|gametype|doubles
|player|p1|WishMkrLucy|battlegirl-gen4|1113
|player|p2|chikn dinnr|youngster-gen4dp|1226
|gen|9
|tier|[Gen 9] VGC 2025 Reg H (Bo3)
|rated|
|rule|Species Clause: Limit one of each Pokémon
|rule|Item Clause: Limit 1 of each item
|clearpoke
|poke|p1|Gholdengo, L50|
|poke|p1|Garchomp, L50, F|
|poke|p1|Dragonite, L50, F|
|poke|p1|Murkrow, L50, F|
|poke|p1|Indeedee, L50, M|
|poke|p1|Sneasler, L50, M|
|poke|p2|Kingambit, L50, F|
|poke|p2|Ninetales-Alola, L50, M|
|poke|p2|Rillaboom, L50, M|
|poke|p2|Volcarona, L50, M|
|poke|p2|Tauros-Paldea-Aqua, L50, M|
|poke|p2|Electabuzz, L50, M|
|teampreview|4
|showteam|p1|Gholdengo||Leftovers|GoodasGold|MakeItRain,ShadowBall,NastyPlot,Protect||||||50|,,,,,Dragon]Garchomp||ClearAmulet|RoughSkin|Earthquake,RockSlide,DragonClaw,Protect|||F|||50|,,,,,Fairy]Dragonite||AssaultVest|InnerFocus|ExtremeSpeed,GigaImpact,BrickBreak,StompingTantrum|||F|||50|,,,,,Normal]Murkrow||FocusSash|Prankster|Tailwind,Haze,ThunderWave,FoulPlay|||F|||50|,,,,,Ghost]Indeedee||ChoiceScarf|PsychicSurge|ExpandingForce,TeraBlast,TrickRoom,Imprison|||M|||50|,,,,,Fighting]Sneasler||PsychicSeed|Unburden|CloseCombat,DireClaw,ThroatChop,Protect|||M|||50|,,,,,Dark
|showteam|p2|Kingambit||BlackGlasses|Defiant|SuckerPunch,KowtowCleave,SwordsDance,Protect|||F|||50|,,,,,Ghost]Ninetales-Alola||FocusSash|SnowWarning|Moonblast,FreezeDry,Encore,Protect|||M|||50|,,,,,Ghost]Rillaboom||AssaultVest|GrassySurge|FakeOut,GrassyGlide,WoodHammer,HighHorsepower|||M|||50|,,,,,Fire]Volcarona||CovertCloak|FlameBody|QuiverDance,HeatWave,GigaDrain,Protect|||M|||50|,,,,,Grass]Tauros-Paldea-Aqua||GrassySeed|Intimidate|WaveCrash,BodyPress,Protect,AquaJet|||M|||50|,,,,,Fire]Electabuzz||Eviolite|VitalSpirit|FollowMe,Electroweb,HelpingHand,Protect|||M|||50|,,,,,Ghost
|
|t:|1756334713
|teamsize|p1|4
|teamsize|p2|4
|start
|switch|p1a: Sneasler|Sneasler, L50, M|100/100
|switch|p1b: Gholdengo|Gholdengo, L50|100/100
|switch|p2a: Kingambit|Kingambit, L50, F|100/100
|switch|p2b: Ninetales|Ninetales-Alola, L50, M|100/100
|-weather|Snowscape|[from] ability: Snow Warning|[of] p2b: Ninetales
|turn|1
|
|t:|1756334734
|-terastallize|p2a: Kingambit|Ghost
|move|p2b: Ninetales|Protect|p2b: Ninetales
|-singleturn|p2b: Ninetales|Protect
|move|p1b: Gholdengo|Protect|p1b: Gholdengo
|-singleturn|p1b: Gholdengo|Protect
|move|p1a: Sneasler|Dire Claw|p2b: Ninetales
|-activate|p2b: Ninetales|move: Protect
|move|p2a: Kingambit|Kowtow Cleave|p1b: Gholdengo
|-activate|p1b: Gholdengo|move: Protect
|
|-weather|Snowscape|[upkeep]
|upkeep
|turn|2
|
|t:|1756334755
|-terastallize|p1a: Sneasler|Dark
|move|p2a: Kingambit|Sucker Punch||[still]
|-fail|p2a: Kingambit
|move|p2b: Ninetales|Moonblast|p1a: Sneasler
|-supereffective|p1a: Sneasler
|-damage|p1a: Sneasler|6/100
|move|p1a: Sneasler|Throat Chop|p2a: Kingambit
|-supereffective|p2a: Kingambit
|-damage|p2a: Kingambit|27/100
|-start|p2a: Kingambit|Throat Chop|[silent]
|move|p1b: Gholdengo|Nasty Plot|p1b: Gholdengo
|-boost|p1b: Gholdengo|spa|2
|
|-weather|Snowscape|[upkeep]
|upkeep
|turn|3
|
|t:|1756334775
|switch|p1a: Indeedee|Indeedee, L50, M|100/100
|-fieldstart|move: Psychic Terrain|[from] ability: Psychic Surge|[of] p1a: Indeedee
|move|p2a: Kingambit|Sucker Punch|p1b: Gholdengo
|-activate|p1b: Gholdengo|move: Psychic Terrain
|move|p2b: Ninetales|Freeze-Dry|p1a: Indeedee
|-damage|p1a: Indeedee|62/100
|-status|p1a: Indeedee|frz
|move|p1b: Gholdengo|Make It Rain|p2b: Ninetales|[spread] p2a,p2b
|-supereffective|p2b: Ninetales
|-crit|p2b: Ninetales
|-damage|p2a: Kingambit|0 fnt
|-enditem|p2b: Ninetales|Focus Sash
|-damage|p2b: Ninetales|1/100
|-unboost|p1b: Gholdengo|spa|1
|faint|p2a: Kingambit
|
|-weather|Snowscape|[upkeep]
|upkeep
|
|t:|1756334793
|switch|p2a: Volcarona|Volcarona, L50, M|100/100
|turn|4
|
|t:|1756334800
|move|p2b: Ninetales|Protect|p2b: Ninetales
|-singleturn|p2b: Ninetales|Protect
|cant|p1a: Indeedee|frz
|move|p1b: Gholdengo|Make It Rain|p2b: Ninetales|[spread] p2a
|-activate|p2b: Ninetales|move: Protect
|-resisted|p2a: Volcarona
|-damage|p2a: Volcarona|71/100
|-unboost|p1b: Gholdengo|spa|1
|move|p2a: Volcarona|Quiver Dance|p2a: Volcarona
|-boost|p2a: Volcarona|spa|1
|-boost|p2a: Volcarona|spd|1
|-boost|p2a: Volcarona|spe|1
|
|-weather|Snowscape|[upkeep]
|upkeep
|turn|5
|
|t:|1756334820
|cant|p1a: Indeedee|frz
|move|p2a: Volcarona|Heat Wave|p1a: Indeedee|[spread] p1a,p1b
|-supereffective|p1b: Gholdengo
|-damage|p1a: Indeedee|0 fnt
|-damage|p1b: Gholdengo|0 fnt
|faint|p1a: Indeedee
|faint|p1b: Gholdengo
|move|p2b: Ninetales|Freeze-Dry|p1: Indeedee|[notarget]
|-fail|p2b: Ninetales
|
|-weather|none
|upkeep
|
|t:|1756334829
|switch|p1a: Sneasler|Sneasler, L50, M, tera:Dark|6/100
|switch|p1b: Garchomp|Garchomp, L50, F|100/100
|-enditem|p1a: Sneasler|Psychic Seed
|-boost|p1a: Sneasler|spd|1|[from] item: Psychic Seed
|turn|6
|
|t:|1756334838
|switch|p2b: Rillaboom|Rillaboom, L50, M|100/100
|-fieldstart|move: Grassy Terrain|[from] ability: Grassy Surge|[of] p2b: Rillaboom
|move|p1a: Sneasler|Dire Claw|p2b: Rillaboom
|-supereffective|p2b: Rillaboom
|-damage|p2b: Rillaboom|9/100
|-status|p2b: Rillaboom|par
|move|p2a: Volcarona|Heat Wave|p1b: Garchomp|[spread] p1a,p1b
|-resisted|p1b: Garchomp
|-crit|p1b: Garchomp
|-damage|p1a: Sneasler|0 fnt
|-damage|p1b: Garchomp|62/100
|faint|p1a: Sneasler
|move|p1b: Garchomp|Rock Slide|p2b: Rillaboom|[spread] p2a,p2b
|-supereffective|p2a: Volcarona
|-damage|p2a: Volcarona|0 fnt
|-damage|p2b: Rillaboom|0 fnt
|faint|p2a: Volcarona
|faint|p2b: Rillaboom
|
|-heal|p1b: Garchomp|68/100|[from] Grassy Terrain
|upkeep
|
|t:|1756334857
|switch|p2a: Ninetales|Ninetales-Alola, L50, M|1/100
|-weather|Snowscape|[from] ability: Snow Warning|[of] p2a: Ninetales
|turn|7
|
|t:|1756334862
|move|p2a: Ninetales|Freeze-Dry|p1b: Garchomp
|-supereffective|p1b: Garchomp
|-damage|p1b: Garchomp|0 fnt
|faint|p1b: Garchomp
|
|win|chikn dinnr
||chikn dinnr is ready for game 3.
||WishMkrLucy is ready for game 3.
|uhtml|next|Next: Game 3 of 3
