|j|☆klaustrophob97
|j|☆Tonypajamas17
|html|klaustrophob97Tonypajamas17    
|uhtml|bestof|Game 3 of a best-of-3
|t:|1756847316
|gametype|doubles
|player|p1|klaustrophob97|266|1074
|player|p2|Tonypajamas17|266|1153
|gen|9
|tier|[Gen 9] VGC 2025 Reg H (Bo3)
|rated|
|rule|Species Clause: Limit one of each Pokémon
|rule|Item Clause: Limit 1 of each item
|clearpoke
|poke|p1|Archaludon, L50, M|
|poke|p1|Pelipper, L50, M|
|poke|p1|Incineroar, L50, M|
|poke|p1|Basculegion, L50, M|
|poke|p1|Amoonguss, L50, F|
|poke|p1|Gholdengo, L50|
|poke|p2|Tyranitar, L50, M|
|poke|p2|Excadrill, L50, M|
|poke|p2|Indeedee, L50, M|
|poke|p2|Sneasler, L50, F|
|poke|p2|Volcarona, L50, F|
|poke|p2|Amoonguss, L50, M|
|teampreview|4
|showteam|p1|Archaludon||AssaultVest|Stamina|ElectroShot,FlashCannon,DracoMeteor,BodyPress|||M|||50|,,,,,Grass]Pelipper||FocusSash|Drizzle|WeatherBall,Hurricane,Tailwind,Protect|||M|||50|,,,,,Ghost]Incineroar||SafetyGoggles|Intimidate|KnockOff,FlareBlitz,FakeOut,PartingShot|||M|||50|,,,,,Ghost]Basculegion||ChoiceBand|SwiftSwim|WaveCrash,LastRespects,FlipTurn,AquaJet|||M|||50|,,,,,Water]Amoonguss||SitrusBerry|Regenerator|PollenPuff,Spore,RagePowder,Protect|||F|||50|,,,,,Fairy]Gholdengo||LifeOrb|GoodasGold|MakeItRain,ShadowBall,NastyPlot,Protect||||||50|,,,,,Water
|showteam|p2|Tyranitar||AssaultVest|SandStream|RockSlide,TeraBlast,LowKick,KnockOff|||M|||50|,,,,,Flying]Excadrill||FocusSash|SandRush|Earthquake,IronHead,Protect,HighHorsepower|||M|||50|,,,,,Water]Indeedee||ChoiceScarf|PsychicSurge|ExpandingForce,HyperVoice,Trick,ShadowBall|||M|||50|,,,,,Psychic]Sneasler||PsychicSeed|Unburden|CloseCombat,Protect,ThroatChop,DireClaw|||F|||50|,,,,,Stellar]Volcarona||CovertCloak|FlameBody|QuiverDance,HeatWave,TeraBlast,Protect|||F|||50|,,,,,Fairy]Amoonguss||Leftovers|Regenerator|Spore,RagePowder,PollenPuff,Protect|||M|||50|,,,,,Water
|inactive|Battle timer is ON: inactive players will automatically lose when time's up. (requested by klaustrophob97)
|
|t:|1756847412
|teamsize|p1|4
|teamsize|p2|4
|start
|switch|p1a: Basculegion|Basculegion, L50, M|100/100
|switch|p1b: Incineroar|Incineroar, L50, M|100/100
|switch|p2a: Indeedee|Indeedee, L50, M|100/100
|switch|p2b: Sneasler|Sneasler, L50, F|100/100
|-fieldstart|move: Psychic Terrain|[from] ability: Psychic Surge|[of] p2a: Indeedee
|-enditem|p2b: Sneasler|Psychic Seed
|-boost|p2b: Sneasler|spd|1|[from] item: Psychic Seed
|-ability|p1b: Incineroar|Intimidate|boost
|-unboost|p2a: Indeedee|atk|1
|-unboost|p2b: Sneasler|atk|1
|turn|1
|inactive|klaustrophob97 has 30 seconds left.
|inactive|klaustrophob97 has 20 seconds left.
|
|t:|1756847451
|switch|p2a: Excadrill|Excadrill, L50, M|100/100
|switch|p1b: Pelipper|Pelipper, L50, M|100/100
|-weather|RainDance|[from] ability: Drizzle|[of] p1b: Pelipper
|-terastallize|p1a: Basculegion|Water
|move|p2b: Sneasler|Dire Claw|p1a: Basculegion
|-damage|p1a: Basculegion|64/100
|-status|p1a: Basculegion|par
|cant|p1a: Basculegion|par
|
|-weather|RainDance|[upkeep]
|upkeep
|turn|2
|inactive|klaustrophob97 has 30 seconds left.
|inactive|Tonypajamas17 has 30 seconds left.
|inactive|klaustrophob97 has 20 seconds left.
|inactive|Tonypajamas17 has 20 seconds left.
|inactive|Tonypajamas17 has 15 seconds left.
|inactive|Tonypajamas17 has 10 seconds left.
|
|t:|1756847498
|switch|p2b: Tyranitar|Tyranitar, L50, M, shiny|100/100
|-weather|Sandstorm|[from] ability: Sand Stream|[of] p2b: Tyranitar
|switch|p1a: Incineroar|Incineroar, L50, M|100/100
|-ability|p1a: Incineroar|Intimidate|boost
|-unboost|p2a: Excadrill|atk|1
|-unboost|p2b: Tyranitar|atk|1
|move|p2a: Excadrill|High Horsepower|p1a: Incineroar
|-supereffective|p1a: Incineroar
|-damage|p1a: Incineroar|34/100
|move|p1b: Pelipper|Tailwind|p1b: Pelipper
|-sidestart|p1: klaustrophob97|move: Tailwind
|
|-weather|Sandstorm|[upkeep]
|-damage|p1b: Pelipper|95/100|[from] Sandstorm
|upkeep
|turn|3
|
|t:|1756847523
|switch|p1b: Archaludon|Archaludon, L50, M|100/100
|-terastallize|p2b: Tyranitar|Flying
|move|p2a: Excadrill|Earthquake|p1a: Incineroar|[spread] p1a,p1b
|-immune|p2b: Tyranitar
|-supereffective|p1a: Incineroar
|-supereffective|p1b: Archaludon
|-damage|p1a: Incineroar|0 fnt
|-damage|p1b: Archaludon|54/100
|-ability|p1b: Archaludon|Stamina|boost
|-boost|p1b: Archaludon|def|1
|faint|p1a: Incineroar
|move|p2b: Tyranitar|Rock Slide|p1b: Archaludon
|-resisted|p1b: Archaludon
|-damage|p1b: Archaludon|47/100
|-ability|p1b: Archaludon|Stamina|boost
|-boost|p1b: Archaludon|def|1
|
|-weather|Sandstorm|[upkeep]
|-damage|p2b: Tyranitar|95/100|[from] Sandstorm
|upkeep
|
|t:|1756847539
|switch|p1a: Pelipper|Pelipper, L50, M|95/100
|-weather|RainDance|[from] ability: Drizzle|[of] p1a: Pelipper
|turn|4
|inactive|klaustrophob97 has 30 seconds left.
|
|t:|1756847564
|switch|p1a: Basculegion|Basculegion, L50, M, tera:Water|64/100 par
|switch|p2b: Sneasler|Sneasler, L50, F|100/100
|move|p2a: Excadrill|Protect|p2a: Excadrill
|-singleturn|p2a: Excadrill|Protect
|move|p1b: Archaludon|Body Press|p2b: Sneasler
|-resisted|p2b: Sneasler
|-damage|p2b: Sneasler|60/100
|
|-weather|RainDance|[upkeep]
|upkeep
|turn|5
|inactive|klaustrophob97 has 30 seconds left.
|inactive|Tonypajamas17 has 30 seconds left.
|inactive|Tonypajamas17 has 20 seconds left.
|
|t:|1756847602
|switch|p1b: Pelipper|Pelipper, L50, M|95/100
|move|p1a: Basculegion|Flip Turn|p2a: Excadrill
|-supereffective|p2a: Excadrill
|-enditem|p2a: Excadrill|Focus Sash
|-damage|p2a: Excadrill|1/100
|
|t:|1756847609
|switch|p1a: Archaludon|Archaludon, L50, M|47/100|[from] Flip Turn
|move|p2b: Sneasler|Close Combat|p1b: Pelipper
|-resisted|p1b: Pelipper
|-damage|p1b: Pelipper|46/100
|-unboost|p2b: Sneasler|def|1
|-unboost|p2b: Sneasler|spd|1
|move|p2a: Excadrill|High Horsepower|p1b: Pelipper
|-immune|p1b: Pelipper
|
|-weather|RainDance|[upkeep]
|-sideend|p1: klaustrophob97|move: Tailwind
|-fieldend|move: Psychic Terrain
|upkeep
|turn|6
|inactive|klaustrophob97 has 30 seconds left.
|
|t:|1756847638
|move|p2b: Sneasler|Dire Claw|p1b: Pelipper
|-damage|p1b: Pelipper|0 fnt
|faint|p1b: Pelipper
|move|p1a: Archaludon|Body Press|p2b: Sneasler
|-resisted|p2b: Sneasler
|-damage|p2b: Sneasler|31/100
|move|p2a: Excadrill|High Horsepower|p1a: Archaludon
|-supereffective|p1a: Archaludon
|-crit|p1a: Archaludon
|-damage|p1a: Archaludon|0 fnt
|faint|p1a: Archaludon
|
|-weather|RainDance|[upkeep]
|upkeep
|-message|klaustrophob97 forfeited.
|
|win|Tonypajamas17
|raw|klaustrophob97's rating: 1074 → 1058(-16 for losing)
|raw|Tonypajamas17's rating: 1153 → 1172(+19 for winning)
|l|☆klaustrophob97
|player|p1|
