|j|☆v_meili
|j|☆karissel
|html|v_meilikarissel    
|uhtml|bestof|Game 1 of a best-of-3
|t:|1785729131
|gametype|doubles
|player|p1|v_meili|elesa|1373
|player|p2|karissel|burgh-masters|1274
|gen|9
|tier|[Gen 9 Champions] VGC 2026 Reg M-B (Bo3)
|rated|
|rule|Species Clause: Limit one of each Pokémon
|rule|Item Clause: Limit 1 of each item
|clearpoke
|poke|p1|Charizard, L50, M|
|poke|p1|Aerodactyl, L50, F|
|poke|p1|Incineroar, L50, M|
|poke|p1|Sylveon, L50, M|
|poke|p1|Farigiraf, L50, F|
|poke|p1|Garchomp, L50, F|
|poke|p2|Arcanine-Hisui, L50, M|
|poke|p2|Staraptor, L50, M|
|poke|p2|Farigiraf, L50, F|
|poke|p2|Sylveon, L50, F|
|poke|p2|Kingambit, L50, M|
|poke|p2|Raichu, L50, F|
|teampreview|4
|showteam|p1|Charizard||CharizarditeY|Blaze|HeatWave,Protect,WeatherBall,SolarBeam|Modest||M|||50|]Aerodactyl||Aerodactylite|RockHead|Tailwind,WideGuard,IceFang,RockSlide|Jolly||F|||50|]Incineroar||SitrusBerry|Intimidate|FakeOut,DarkestLariat,PartingShot,FlareBlitz|Bold||M|||50|]Sylveon||FairyFeather|Pixilate|QuickAttack,Detect,HyperVoice,HyperBeam|Modest||M|||50|]Farigiraf||LumBerry|ArmorTail|Imprison,Psychic,TrickRoom,Protect|Modest||F|||50|]Garchomp||ChoiceScarf|RoughSkin|RockSlide,StompingTantrum,Earthquake,DragonClaw|Jolly||F|||50|
|showteam|p2|Arcanine-Hisui||FocusSash|RockHead|Protect,ExtremeSpeed,HeadSmash,FlareBlitz|Jolly||M|||50|]Staraptor||Staraptite|Intimidate|Tailwind,DualWingbeat,CloseCombat,Protect|Jolly||M|||50|]Farigiraf||SitrusBerry|ArmorTail|Protect,Psychic,TrickRoom,HelpingHand|Calm||F|||50|]Sylveon||FairyFeather|Pixilate|Protect,HyperVoice,HyperBeam,QuickAttack|Modest||F|||50|]Kingambit||LifeOrb|Defiant|SwordsDance,KowtowCleave,SuckerPunch,Protect|Adamant||M|||50|]Raichu||RaichuniteY|LightningRod|Protect,ZapCannon,FakeOut,FocusBlast|Hasty||F|||50|
|inactive|Battle timer is ON: inactive players will automatically lose when time's up. (requested by karissel)
|inactive|karissel has 60 seconds left.
|
|t:|1785729189
|teamsize|p1|4
|teamsize|p2|4
|start
|switch|p1a: Garchomp|Garchomp, L50, F|100/100
|switch|p1b: Charizard|Charizard, L50, M|100/100
|switch|p2a: Staraptor|Staraptor, L50, M|100/100
|switch|p2b: Arcanine|Arcanine-Hisui, L50, M|100/100
|-ability|p2a: Staraptor|Intimidate|boost
|-unboost|p1a: Garchomp|atk|1
|-unboost|p1b: Charizard|atk|1
|turn|1
|
|t:|1785729210
|switch|p1b: Incineroar|Incineroar, L50, M|100/100
|-ability|p1b: Incineroar|Intimidate|boost
|-unboost|p2a: Staraptor|atk|1
|-unboost|p2b: Arcanine|atk|1
|detailschange|p2a: Staraptor|Staraptor-Mega, L50, M
|-mega|p2a: Staraptor|Staraptor|Staraptite
|move|p2b: Arcanine|Protect|p2b: Arcanine
|-singleturn|p2b: Arcanine|Protect
|move|p1a: Garchomp|Stomping Tantrum|p2b: Arcanine
|-activate|p2b: Arcanine|move: Protect
|move|p2a: Staraptor|Close Combat|p1a: Garchomp
|-damage|p1a: Garchomp|61/100
|-boost|p2a: Staraptor|def|1
|-boost|p2a: Staraptor|spd|1
|-damage|p2a: Staraptor|87/100|[from] ability: Rough Skin|[of] p1a: Garchomp
|
|upkeep
|turn|2
|inactive|v_meili has 30 seconds left.
|inactive|karissel has 30 seconds left.
|inactive|karissel has 20 seconds left.
|
|t:|1785729246
|switch|p2b: Sylveon|Sylveon, L50, F|100/100
|move|p1b: Incineroar|Fake Out|p2b: Sylveon
|-damage|p2b: Sylveon|87/100
|move|p1a: Garchomp|Stomping Tantrum|p2b: Sylveon
|-damage|p2b: Sylveon|59/100
|move|p2a: Staraptor|Tailwind|p2a: Staraptor
|-sidestart|p2: karissel|move: Tailwind
|
|upkeep
|turn|3
|
|t:|1785729266
|switch|p1a: Farigiraf|Farigiraf, L50, F|100/100
|move|p2a: Staraptor|Close Combat|p1b: Incineroar
|-supereffective|p1b: Incineroar|1
|-damage|p1b: Incineroar|34/100
|-boost|p2a: Staraptor|def|1
|-boost|p2a: Staraptor|spd|1
|-enditem|p1b: Incineroar|Sitrus Berry|[eat]
|-heal|p1b: Incineroar|59/100|[from] item: Sitrus Berry
|move|p2b: Sylveon|Hyper Voice|p1b: Incineroar|[spread] p1a,p1b
|-damage|p1a: Farigiraf|59/100
|-damage|p1b: Incineroar|11/100
|move|p1b: Incineroar|Flare Blitz|p2b: Sylveon
|-damage|p2b: Sylveon|0 fnt
|faint|p2b: Sylveon
|-damage|p1b: Incineroar|0 fnt|[from] Recoil
|faint|p1b: Incineroar
|
|upkeep
|
|t:|1785729285
|switch|p1b: Garchomp|Garchomp, L50, F|61/100
|switch|p2b: Arcanine|Arcanine-Hisui, L50, M|100/100
|turn|4
|inactive|v_meili has 30 seconds left.
|
|t:|1785729313
|move|p2a: Staraptor|Close Combat|p1b: Garchomp
|-damage|p1b: Garchomp|28/100
|-boost|p2a: Staraptor|def|1
|-boost|p2a: Staraptor|spd|1
|-damage|p2a: Staraptor|75/100|[from] ability: Rough Skin|[of] p1b: Garchomp
|move|p2b: Arcanine|Flare Blitz|p1a: Farigiraf
|-damage|p1a: Farigiraf|11/100
|move|p1b: Garchomp|Stomping Tantrum|p2b: Arcanine
|-supereffective|p2b: Arcanine|2
|-enditem|p2b: Arcanine|Focus Sash
|-damage|p2b: Arcanine|1/100
|move|p1a: Farigiraf|Trick Room|p1a: Farigiraf
|-fieldstart|move: Trick Room|[of] p1a: Farigiraf
|
|upkeep
|turn|5
|inactive|v_meili has 30 seconds left.
|
|t:|1785729343
|switch|p1b: Charizard|Charizard, L50, M|100/100
|switch|p2b: Farigiraf|Farigiraf, L50, F|100/100
|move|p2a: Staraptor|Protect|p2a: Staraptor
|-singleturn|p2a: Staraptor|Protect
|move|p1a: Farigiraf|Psychic|p2a: Staraptor
|-activate|p2a: Staraptor|move: Protect
|
|-sideend|p2: karissel|move: Tailwind
|upkeep
|turn|6
|inactive|karissel has 30 seconds left.
|
|t:|1785729368
|detailschange|p1b: Charizard|Charizard-Mega-Y, L50, M
|-mega|p1b: Charizard|Charizard|Charizardite Y
|-weather|SunnyDay|[from] ability: Drought|[of] p1b: Charizard
|move|p2b: Farigiraf|Psychic|p1a: Farigiraf
|-resisted|p1a: Farigiraf|1
|-damage|p1a: Farigiraf|0 fnt
|faint|p1a: Farigiraf
|move|p1b: Charizard|Weather Ball|p2a: Staraptor
|-damage|p2a: Staraptor|41/100
|move|p2a: Staraptor|Dual Wingbeat|p1b: Charizard
|-damage|p1b: Charizard|87/100
|-damage|p1b: Charizard|73/100
|-hitcount|p1b: Charizard|2
|
|-weather|SunnyDay|[upkeep]
|upkeep
|
|t:|1785729379
|switch|p1a: Garchomp|Garchomp, L50, F|28/100
|turn|7
|inactive|v_meili has 30 seconds left.
|
|t:|1785729404
|move|p2b: Farigiraf|Protect|p2b: Farigiraf
|-singleturn|p2b: Farigiraf|Protect
|move|p2a: Staraptor|Protect|p2a: Staraptor
|-singleturn|p2a: Staraptor|Protect
|move|p1b: Charizard|Heat Wave|p2b: Farigiraf|[spread] 
|-activate|p2a: Staraptor|move: Protect
|-activate|p2b: Farigiraf|move: Protect
|move|p1a: Garchomp|Dragon Claw|p2b: Farigiraf
|-activate|p2b: Farigiraf|move: Protect
|
|-weather|SunnyDay|[upkeep]
|upkeep
|turn|8
|
|t:|1785729420
|move|p2b: Farigiraf|Psychic|p1a: Garchomp
|-damage|p1a: Garchomp|0 fnt
|faint|p1a: Garchomp
|move|p1b: Charizard|Heat Wave|p2a: Staraptor|[spread] p2a,p2b
|-damage|p2a: Staraptor|14/100
|-damage|p2b: Farigiraf|53/100
|move|p2a: Staraptor|Close Combat|p1b: Charizard
|-resisted|p1b: Charizard|1
|-damage|p1b: Charizard|53/100
|-boost|p2a: Staraptor|def|1
|-boost|p2a: Staraptor|spd|1
|
|-weather|SunnyDay|[upkeep]
|-fieldend|move: Trick Room
|upkeep
|turn|9
|
|t:|1785729431
|move|p2a: Staraptor|Dual Wingbeat|p1b: Charizard
|-damage|p1b: Charizard|39/100
|-damage|p1b: Charizard|27/100
|-hitcount|p1b: Charizard|2
|move|p1b: Charizard|Heat Wave|p2b: Farigiraf|[spread] p2a,p2b
|-damage|p2a: Staraptor|0 fnt
|-damage|p2b: Farigiraf|3/100
|-enditem|p2b: Farigiraf|Sitrus Berry|[eat]
|-heal|p2b: Farigiraf|27/100|[from] item: Sitrus Berry
|faint|p2a: Staraptor
|move|p2b: Farigiraf|Psychic|p1b: Charizard
|-damage|p1b: Charizard|0 fnt
|faint|p1b: Charizard
|
|win|karissel
