|j|☆DawsonChris
|j|☆SamKagami
|html|DawsonChrisSamKagami    
|uhtml|bestof|Game 2 of a best-of-3
|t:|1756995478
|gametype|doubles
|player|p1|DawsonChris|artist-gen4|
|player|p2|SamKagami|unknown|
|gen|9
|tier|[Gen 9] VGC 2025 Reg H (Bo3)
|rule|Species Clause: Limit one of each Pokémon
|rule|Item Clause: Limit 1 of each item
|clearpoke
|poke|p1|Ursaluna-Bloodmoon, L50, M|
|poke|p1|Electabuzz, L50, M|
|poke|p1|Sneasler, L50, M|
|poke|p1|Indeedee, L50, M|
|poke|p1|Whimsicott, L50, F|
|poke|p1|Typhlosion-Hisui, L50, M|
|poke|p2|Rillaboom, L50, F|
|poke|p2|Sneasler, L50, M|
|poke|p2|Dragonite, L50, F|
|poke|p2|Ceruledge, L50, M|
|poke|p2|Electabuzz, L50, F|
|poke|p2|Primarina, L50, F|
|teampreview|4
|showteam|p1|Ursaluna-Bloodmoon||LifeOrb|MindsEye|Protect,BloodMoon,EarthPower,HyperVoice|||M|||50|,,,,,Normal]Electabuzz||Eviolite|VitalSpirit|FollowMe,Taunt,Electroweb,Protect|||M|||50|,,,,,Dragon]Sneasler||PsychicSeed|Unburden|ThroatChop,DireClaw,CloseCombat,Protect|||M|||50|,,,,,Dark]Indeedee||FocusSash|PsychicSurge|ExpandingForce,TrickRoom,HelpingHand,Protect|||M|||50|,,,,,Psychic]Whimsicott||CovertCloak|Prankster|Tailwind,Moonblast,Encore,SunnyDay|||F|||50|,,,,,Ghost]Typhlosion-Hisui||ChoiceSpecs|Blaze|Eruption,ShadowBall,HeatWave,Flamethrower|||M|||50|,,,,,Fire
|showteam|p2|Rillaboom||AssaultVest|GrassySurge|FakeOut,WoodHammer,HighHorsepower,Uturn|||F|||50|,,,,,Fire]Sneasler||GrassySeed|Unburden|Coaching,DireClaw,CloseCombat,Protect|||M|||50|,,,,,Stellar]Dragonite||LoadedDice|InnerFocus|Protect,Haze,ScaleShot,ExtremeSpeed|||F|||50|,,,,,Fairy]Ceruledge||ClearAmulet|FlashFire|Protect,BitterBlade,BulkUp,ShadowSneak|||M|||50|,,,,,Grass]Electabuzz||Eviolite|VitalSpirit|Electroweb,FollowMe,Protect,Taunt|||F|||50|,,,,,Ghost]Primarina||Leftovers|LiquidVoice|CalmMind,HyperVoice,Moonblast,Protect|||F|||50|,,,,,Poison
|c|☆SamKagami|Do I report now or later?
|inactive|Battle timer is ON: inactive players will automatically lose when time's up. (requested by DawsonChris)
|c|☆SamKagami|I clicked game 1 loss
|c|☆DawsonChris|that's fine . normally we do it as we go
|c|☆SamKagami|aight
|inactive|SamKagami has 60 seconds left.
|
|t:|1756995530
|teamsize|p1|4
|teamsize|p2|4
|start
|switch|p1a: Electabuzz|Electabuzz, L50, M|100/100
|switch|p1b: Ursaluna|Ursaluna-Bloodmoon, L50, M|100/100
|switch|p2a: Electabuzz|Electabuzz, L50, F|100/100
|switch|p2b: Primarina|Primarina, L50, F|100/100
|turn|1
|
|t:|1756995554
|move|p1b: Ursaluna|Protect|p1b: Ursaluna
|-singleturn|p1b: Ursaluna|Protect
|move|p2b: Primarina|Protect|p2b: Primarina
|-singleturn|p2b: Primarina|Protect
|move|p1a: Electabuzz|Taunt|p2a: Electabuzz
|-start|p2a: Electabuzz|move: Taunt
|cant|p2a: Electabuzz|move: Taunt|Taunt
|
|upkeep
|turn|2
|inactive|DawsonChris has 30 seconds left.
|inactive|SamKagami has 30 seconds left.
|
|t:|1756995588
|switch|p2b: Rillaboom|Rillaboom, L50, F|100/100
|-fieldstart|move: Grassy Terrain|[from] ability: Grassy Surge|[of] p2b: Rillaboom
|-terastallize|p1b: Ursaluna|Normal
|move|p1a: Electabuzz|Electroweb|p2a: Electabuzz|[spread] p2a,p2b
|-resisted|p2a: Electabuzz
|-resisted|p2b: Rillaboom
|-damage|p2a: Electabuzz|95/100
|-damage|p2b: Rillaboom|96/100
|-unboost|p2a: Electabuzz|spe|1
|-unboost|p2b: Rillaboom|spe|1
|move|p1b: Ursaluna|Blood Moon|p2b: Rillaboom
|-damage|p2b: Rillaboom|0 fnt
|faint|p2b: Rillaboom
|-damage|p1b: Ursaluna|91/100|[from] item: Life Orb
|move|p2a: Electabuzz|Electroweb|p1a: Electabuzz|[spread] p1a,p1b
|-resisted|p1a: Electabuzz
|-damage|p1a: Electabuzz|95/100
|-damage|p1b: Ursaluna|73/100
|-unboost|p1a: Electabuzz|spe|1
|-unboost|p1b: Ursaluna|spe|1
|
|-heal|p1a: Electabuzz|100/100|[from] Grassy Terrain
|-heal|p2a: Electabuzz|100/100|[from] Grassy Terrain
|-heal|p1b: Ursaluna|79/100|[from] Grassy Terrain
|upkeep
|inactive|SamKagami has 30 seconds left.
|inactive|SamKagami has 20 seconds left.
|
|t:|1756995629
|switch|p2b: Ceruledge|Ceruledge, L50, M|100/100
|turn|3
|
|t:|1756995652
|move|p1a: Electabuzz|Follow Me|p1a: Electabuzz
|-singleturn|p1a: Electabuzz|move: Follow Me
|move|p2b: Ceruledge|Bitter Blade|p1a: Electabuzz
|-damage|p1a: Electabuzz|56/100
|move|p2a: Electabuzz|Electroweb|p1b: Ursaluna|[spread] p1a,p1b
|-resisted|p1a: Electabuzz
|-damage|p1a: Electabuzz|51/100
|-damage|p1b: Ursaluna|61/100
|-unboost|p1a: Electabuzz|spe|1
|-unboost|p1b: Ursaluna|spe|1
|move|p1b: Ursaluna|Hyper Voice|p2a: Electabuzz|[spread] p2a,p2b
|-damage|p2a: Electabuzz|47/100
|-damage|p2b: Ceruledge|43/100
|-damage|p1b: Ursaluna|51/100|[from] item: Life Orb
|
|-heal|p2b: Ceruledge|49/100|[from] Grassy Terrain
|-heal|p2a: Electabuzz|54/100|[from] Grassy Terrain
|-heal|p1a: Electabuzz|56/100|[from] Grassy Terrain
|-heal|p1b: Ursaluna|57/100|[from] Grassy Terrain
|-end|p2a: Electabuzz|move: Taunt
|upkeep
|turn|4
|inactive|SamKagami has 30 seconds left.
|
|t:|1756995682
|move|p2b: Ceruledge|Protect|p2b: Ceruledge
|-singleturn|p2b: Ceruledge|Protect
|move|p1a: Electabuzz|Follow Me|p1a: Electabuzz
|-singleturn|p1a: Electabuzz|move: Follow Me
|move|p2a: Electabuzz|Electroweb|p1b: Ursaluna|[spread] p1b
|-miss|p2a: Electabuzz|p1a: Electabuzz
|-damage|p1b: Ursaluna|39/100
|-unboost|p1b: Ursaluna|spe|1
|move|p1b: Ursaluna|Earth Power|p2a: Electabuzz
|-supereffective|p2a: Electabuzz
|-damage|p2a: Electabuzz|0 fnt
|faint|p2a: Electabuzz
|-damage|p1b: Ursaluna|29/100|[from] item: Life Orb
|
|-heal|p2b: Ceruledge|55/100|[from] Grassy Terrain
|-heal|p1a: Electabuzz|62/100|[from] Grassy Terrain
|-heal|p1b: Ursaluna|35/100|[from] Grassy Terrain
|upkeep
|
|t:|1756995692
|switch|p2a: Primarina|Primarina, L50, F|100/100
|turn|5
|inactive|DawsonChris has 30 seconds left.
|
|t:|1756995719
|switch|p1b: Indeedee|Indeedee, L50, M|100/100
|-fieldstart|move: Psychic Terrain|[from] ability: Psychic Surge|[of] p1b: Indeedee
|move|p2b: Ceruledge|Bitter Blade|p1a: Electabuzz
|-damage|p1a: Electabuzz|18/100
|-heal|p2b: Ceruledge|75/100|[from] drain|[of] p1a: Electabuzz
|move|p2a: Primarina|Hyper Voice|p1a: Electabuzz|[spread] p1a,p1b
|-damage|p1a: Electabuzz|0 fnt
|-damage|p1b: Indeedee|56/100
|faint|p1a: Electabuzz
|
|upkeep
|
|t:|1756995732
|switch|p1a: Sneasler|Sneasler, L50, M|100/100
|-enditem|p1a: Sneasler|Psychic Seed
|-boost|p1a: Sneasler|spd|1|[from] item: Psychic Seed
|turn|6
|inactive|SamKagami has 30 seconds left.
|inactive|SamKagami has 20 seconds left.
|inactive|SamKagami has 15 seconds left.
|
|t:|1756995775
|move|p1a: Sneasler|Dire Claw|p2b: Ceruledge
|-resisted|p2b: Ceruledge
|-damage|p2b: Ceruledge|49/100
|move|p1b: Indeedee|Expanding Force|p2b: Ceruledge|[spread] p2a,p2b
|-damage|p2a: Primarina|50/100
|-damage|p2b: Ceruledge|4/100
|move|p2b: Ceruledge|Bitter Blade|p1a: Sneasler
|-damage|p1a: Sneasler|22/100
|-heal|p2b: Ceruledge|38/100|[from] drain|[of] p1a: Sneasler
|move|p2a: Primarina|Hyper Voice|p1a: Sneasler|[spread] p1a,p1b
|-damage|p1a: Sneasler|0 fnt
|-damage|p1b: Indeedee|9/100
|faint|p1a: Sneasler
|
|-heal|p2a: Primarina|57/100|[from] item: Leftovers
|upkeep
|
|t:|1756995790
|switch|p1a: Ursaluna|Ursaluna-Bloodmoon, L50, M, tera:Normal|35/100
|turn|7
|inactive|SamKagami has 30 seconds left.
|
|t:|1756995820
|move|p2b: Ceruledge|Protect|p2b: Ceruledge
|-singleturn|p2b: Ceruledge|Protect
|move|p2a: Primarina|Protect|p2a: Primarina
|-singleturn|p2a: Primarina|Protect
|move|p1b: Indeedee|Expanding Force|p2a: Primarina|[spread] 
|-activate|p2a: Primarina|move: Protect
|-activate|p2b: Ceruledge|move: Protect
|move|p1a: Ursaluna|Hyper Voice|p2a: Primarina|[spread] 
|-activate|p2a: Primarina|move: Protect
|-activate|p2b: Ceruledge|move: Protect
|
|-heal|p2a: Primarina|63/100|[from] item: Leftovers
|upkeep
|turn|8
|inactive|SamKagami has 30 seconds left.
|
|t:|1756995845
|move|p1b: Indeedee|Expanding Force|p2a: Primarina|[spread] p2a,p2b
|-damage|p2a: Primarina|17/100
|-damage|p2b: Ceruledge|0 fnt
|faint|p2b: Ceruledge
|move|p1a: Ursaluna|Blood Moon|p2a: Primarina
|-damage|p2a: Primarina|0 fnt
|faint|p2a: Primarina
|-damage|p1a: Ursaluna|25/100|[from] item: Life Orb
|
|win|DawsonChris
|c|☆SamKagami|ggs
|c|☆DawsonChris|ggs
