|j|☆heartsrepeating
|j|☆StrawPizza
|html|heartsrepeatingStrawPizza    
|uhtml|bestof|Game 3 of a best-of-3
|t:|1783547472
|gametype|doubles
|player|p1|heartsrepeating|parasollady|1229
|player|p2|StrawPizza|102|1282
|gen|9
|tier|[Gen 9 Champions] VGC 2026 Reg M-B (Bo3)
|rated|
|rule|Species Clause: Limit one of each Pokémon
|rule|Item Clause: Limit 1 of each item
|clearpoke
|poke|p1|Dragalge, L50, F, shiny|
|poke|p1|Incineroar, L50, M|
|poke|p1|Sinistcha, L50, shiny|
|poke|p1|Basculegion, L50, M, shiny|
|poke|p1|Kingambit, L50, M, shiny|
|poke|p1|Floette-Eternal, L50, F|
|poke|p2|Charizard, L50, M|
|poke|p2|Venusaur, L50, M|
|poke|p2|Mamoswine, L50, M|
|poke|p2|Garchomp, L50, F|
|poke|p2|Incineroar, L50, M|
|poke|p2|Toxapex, L50, M|
|teampreview|4
|showteam|p1|Dragalge||Dragalgite|Adaptability|SludgeBomb,DracoMeteor,FlipTurn,Protect|Quiet||F|||50|]Incineroar||SitrusBerry|Intimidate|FlareBlitz,FakeOut,ThroatChop,PartingShot|Impish||M|||50|]Sinistcha||KasibBerry|Hospitality|MatchaGotcha,RagePowder,TrickRoom,Protect|Bold|||||50|]Basculegion||ChoiceScarf|Adaptability|WaveCrash,FlipTurn,LastRespects,AquaJet|Adamant||M|||50|]Kingambit||BlackGlasses|Defiant|SuckerPunch,KowtowCleave,SwordsDance,Protect|Adamant||M|||50|]Floette-Eternal||Floettite|FlowerVeil|Moonblast,DazzlingGleam,CalmMind,Protect|Modest||F|||50|
|showteam|p2|Charizard||CharizarditeY|Blaze|HeatWave,WeatherBall,SolarBeam,Protect|Modest||M|||50|]Venusaur||LifeOrb|Chlorophyll|LeafStorm,SludgeBomb,EarthPower,Protect|Modest||M|||50|]Mamoswine||FocusSash|Oblivious|HighHorsepower,RockTomb,IceShard,Protect|Jolly||M|||50|]Garchomp||ChoiceScarf|RoughSkin|DragonClaw,Earthquake,RockSlide,StompingTantrum|Adamant||F|||50|]Incineroar||SitrusBerry|Intimidate|FlareBlitz,ThroatChop,PartingShot,FakeOut|Impish||M|||50|]Toxapex||Leftovers|Regenerator|Toxic,Infestation,WideGuard,BanefulBunker|Bold||M|||50|
|inactive|Battle timer is ON: inactive players will automatically lose when time's up. (requested by StrawPizza)
|inactive|heartsrepeating has 60 seconds left.
|
|t:|1783547513
|teamsize|p1|4
|teamsize|p2|4
|start
|switch|p1a: Lili <3|Dragalge, L50, F, shiny|100/100
|switch|p1b: Carmine|Sinistcha, L50, shiny|100/100
|switch|p2a: Charizard|Charizard, L50, M|100/100
|switch|p2b: Incineroar|Incineroar, L50, M|100/100
|-ability|p2b: Incineroar|Intimidate|boost
|-unboost|p1a: Lili <3|atk|1
|-unboost|p1b: Carmine|atk|1
|turn|1
|inactive|heartsrepeating has 30 seconds left.
|inactive|StrawPizza has 30 seconds left.
|
|t:|1783547551
|switch|p2b: Garchomp|Garchomp, L50, F|100/100
|detailschange|p2a: Charizard|Charizard-Mega-Y, L50, M
|-mega|p2a: Charizard|Charizard|Charizardite Y
|-weather|SunnyDay|[from] ability: Drought|[of] p2a: Charizard
|detailschange|p1a: Lili <3|Dragalge-Mega, L50, F, shiny
|-mega|p1a: Lili <3|Dragalge|Dragalgite
|move|p1b: Carmine|Protect|p1b: Carmine
|-singleturn|p1b: Carmine|Protect
|move|p2a: Charizard|Heat Wave|p1a: Lili <3|[spread] p1a
|-activate|p1b: Carmine|move: Protect
|-resisted|p1a: Lili <3|1
|-damage|p1a: Lili <3|79/100
|move|p1a: Lili <3|Draco Meteor|p2a: Charizard|[miss]
|-miss|p1a: Lili <3|p2a: Charizard
|
|-weather|SunnyDay|[upkeep]
|upkeep
|turn|2
|inactive|heartsrepeating has 30 seconds left.
|
|t:|1783547579
|switch|p1b: Mega Chimecho|Incineroar, L50, M|100/100
|-ability|p1b: Mega Chimecho|Intimidate|boost
|-unboost|p2a: Charizard|atk|1
|-unboost|p2b: Garchomp|atk|1
|move|p1a: Lili <3|Protect|p1a: Lili <3
|-singleturn|p1a: Lili <3|Protect
|move|p2b: Garchomp|Earthquake|p1b: Mega Chimecho|[spread] p1b
|-activate|p1a: Lili <3|move: Protect
|-immune|p2a: Charizard
|-supereffective|p1b: Mega Chimecho|1
|-damage|p1b: Mega Chimecho|55/100
|move|p2a: Charizard|Heat Wave|p1b: Mega Chimecho|[spread] 
|-activate|p1a: Lili <3|move: Protect
|-miss|p2a: Charizard|p1b: Mega Chimecho
|
|-weather|SunnyDay|[upkeep]
|upkeep
|turn|3
|inactive|heartsrepeating has 30 seconds left.
|inactive|StrawPizza has 30 seconds left.
|
|t:|1783547609
|move|p1b: Mega Chimecho|Fake Out|p2b: Garchomp
|-damage|p2b: Garchomp|89/100
|-damage|p1b: Mega Chimecho|43/100|[from] ability: Rough Skin|[of] p2b: Garchomp
|-enditem|p1b: Mega Chimecho|Sitrus Berry|[eat]
|-heal|p1b: Mega Chimecho|68/100|[from] item: Sitrus Berry
|cant|p2b: Garchomp|flinch
|move|p2a: Charizard|Weather Ball|p1b: Mega Chimecho
|-resisted|p1b: Mega Chimecho|1
|-damage|p1b: Mega Chimecho|23/100
|move|p1a: Lili <3|Sludge Bomb|p2a: Charizard
|-damage|p2a: Charizard|53/100
|
|-weather|SunnyDay|[upkeep]
|upkeep
|turn|4
|inactive|heartsrepeating has 30 seconds left.
|inactive|heartsrepeating has 20 seconds left.
|
|t:|1783547648
|-heal|p1a: Lili <3|100/100|[from] ability: Regenerator|[silent]
|switch|p1a: Carmine|Sinistcha, L50, shiny|100/100
|-heal|p1b: Mega Chimecho|48/100|[from] ability: Hospitality|[of] p1a: Carmine
|move|p2b: Garchomp|Earthquake|p1a: Carmine|[spread] p1a,p1b
|-immune|p2a: Charizard
|-resisted|p1a: Carmine|1
|-supereffective|p1b: Mega Chimecho|1
|-damage|p1a: Carmine|89/100
|-damage|p1b: Mega Chimecho|4/100
|move|p2a: Charizard|Heat Wave|p1b: Mega Chimecho|[spread] p1a,p1b
|-supereffective|p1a: Carmine|1
|-resisted|p1b: Mega Chimecho|1
|-damage|p1a: Carmine|0 fnt
|-damage|p1b: Mega Chimecho|0 fnt
|faint|p1a: Carmine
|faint|p1b: Mega Chimecho
|
|-weather|SunnyDay|[upkeep]
|upkeep
|
|t:|1783547660
|switch|p1a: Lili <3|Dragalge-Mega, L50, F, shiny|100/100
|switch|p1b: RAINFXLL!|Basculegion, L50, M, shiny|100/100
|turn|5
|
|t:|1783547676
|switch|p2a: Venusaur|Venusaur, L50, M|100/100
|move|p1a: Lili <3|Protect|p1a: Lili <3
|-singleturn|p1a: Lili <3|Protect
|move|p2b: Garchomp|Earthquake|p1b: RAINFXLL!|[spread] p2a,p1b
|-activate|p1a: Lili <3|move: Protect
|-damage|p2a: Venusaur|63/100
|-damage|p1b: RAINFXLL!|67/100
|move|p1b: RAINFXLL!|Last Respects|p2a: Venusaur
|-damage|p2a: Venusaur|0 fnt
|faint|p2a: Venusaur
|
|-weather|none
|upkeep
|
|t:|1783547697
|switch|p2a: Charizard|Charizard-Mega-Y, L50, M|53/100
|-weather|SunnyDay|[from] ability: Drought|[of] p2a: Charizard
|turn|6
|inactive|StrawPizza has 30 seconds left.
|inactive|StrawPizza has 20 seconds left.
|
|t:|1783547737
|move|p2b: Garchomp|Earthquake|p1a: Lili <3|[spread] p1a,p1b
|-immune|p2a: Charizard
|-supereffective|p1a: Lili <3|1
|-damage|p1a: Lili <3|39/100
|-damage|p1b: RAINFXLL!|36/100
|move|p1b: RAINFXLL!|Last Respects|p2b: Garchomp
|-damage|p2b: Garchomp|0 fnt
|faint|p2b: Garchomp
|move|p2a: Charizard|Weather Ball|p1a: Lili <3
|-resisted|p1a: Lili <3|1
|-damage|p1a: Lili <3|9/100
|move|p1a: Lili <3|Sludge Bomb|p2a: Charizard
|-damage|p2a: Charizard|4/100
|
|-weather|SunnyDay|[upkeep]
|upkeep
|
|t:|1783547748
|switch|p2b: Incineroar|Incineroar, L50, M|100/100
|-ability|p2b: Incineroar|Intimidate|boost
|-unboost|p1a: Lili <3|atk|1
|-unboost|p1b: RAINFXLL!|atk|1
|turn|7
|
|t:|1783547773
|move|p2a: Charizard|Protect|p2a: Charizard
|-singleturn|p2a: Charizard|Protect
|move|p1b: RAINFXLL!|Last Respects|p2a: Charizard
|-activate|p2a: Charizard|move: Protect
|move|p2b: Incineroar|Throat Chop|p1b: RAINFXLL!
|-supereffective|p1b: RAINFXLL!|1
|-damage|p1b: RAINFXLL!|0 fnt
|faint|p1b: RAINFXLL!
|move|p1a: Lili <3|Draco Meteor|p2b: Incineroar
|-damage|p2b: Incineroar|34/100
|-unboost|p1a: Lili <3|spa|2
|-enditem|p2b: Incineroar|Sitrus Berry|[eat]
|-heal|p2b: Incineroar|59/100|[from] item: Sitrus Berry
|
|-weather|SunnyDay|[upkeep]
|upkeep
|turn|8
|
|t:|1783547794
|move|p2a: Charizard|Weather Ball|p1a: Lili <3
|-resisted|p1a: Lili <3|1
|-damage|p1a: Lili <3|0 fnt
|faint|p1a: Lili <3
|
|win|StrawPizza
|raw|heartsrepeating's rating: 1229 → 1208(-21 for losing)
|raw|StrawPizza's rating: 1282 → 1303(+21 for winning)
|c|☆StrawPizza|Gg
|c|☆heartsrepeating|gg
