|j|☆csh72c
|j|☆itssobeak
|html|csh72citssobeak    
|uhtml|bestof|Game 2 of a best-of-3
|t:|1784324112
|gametype|doubles
|player|p1|csh72c|cynthia|1143
|player|p2|itssobeak|birdkeeper|1108
|gen|9
|tier|[Gen 9 Champions] VGC 2026 Reg M-B (Bo3)
|rated|
|rule|Species Clause: Limit one of each Pokémon
|rule|Item Clause: Limit 1 of each item
|clearpoke
|poke|p1|Charizard, L50, F, shiny|
|poke|p1|Whimsicott, L50, M, shiny|
|poke|p1|Lycanroc-Dusk, L50, M, shiny|
|poke|p1|Zoroark-Hisui, L50, M|
|poke|p1|Kangaskhan, L50, F|
|poke|p1|Gengar, L50, M|
|poke|p2|Staraptor, L50, M|
|poke|p2|Weavile, L50, F|
|poke|p2|Whimsicott, L50, F|
|poke|p2|Glimmora, L50, F|
|poke|p2|Kingambit, L50, M|
|poke|p2|Sinistcha, L50|
|teampreview|4
|showteam|p1|Charizard||CharizarditeY|SolarPower|HeatWave,WeatherBall,ScorchingSands,AirSlash|Modest||F|||50|]Whimsicott||FocusSash|Prankster|Tailwind,Protect,Moonblast,Endeavor|Timid||M|||50|]Lycanroc-Dusk||ChoiceScarf|ToughClaws|RockSlide,ThroatChop,Accelerock,CloseCombat|Adamant||M|||50|]Zoroark-Hisui||LifeOrb|Illusion|ShadowBall,HyperVoice,FoulPlay,DarkPulse|Timid||M|||50|]Kangaskhan||SilkScarf|Scrappy|FakeOut,LastResort|Adamant||F|||50|]Gengar||Gengarite|CursedBody|Protect,PerishSong,SludgeBomb,ShadowBall|Modest||M|||50|
|showteam|p2|Staraptor||Staraptite|Intimidate|BraveBird,CloseCombat,Uturn,Protect|Jolly||M|||50|]Weavile||WideLens|Pressure|KnockOff,TripleAxel,Taunt,FakeOut|Jolly||F|||50|]Whimsicott||FocusSash|Prankster|Moonblast,Tailwind,Encore,Tickle|Timid||F|||50|]Glimmora||Glimmoranite|ToxicDebris|PowerGem,SludgeBomb,EarthPower,SpikyShield|Timid||F|||50|]Kingambit||BlackGlasses|Defiant|KowtowCleave,SuckerPunch,SwordsDance,Protect|Adamant||M|||50|]Sinistcha||CobaBerry|Hospitality|MatchaGotcha,RagePowder,LifeDew,Protect|Bold|||||50|
|inactive|Battle timer is ON: inactive players will automatically lose when time's up. (requested by csh72c)
|inactive|itssobeak has 60 seconds left.
|
|t:|1784324144
|teamsize|p1|4
|teamsize|p2|4
|start
|switch|p1a: Whimsicott|Whimsicott, L50, M, shiny|100/100
|switch|p1b: Charizard|Charizard, L50, F, shiny|100/100
|switch|p2a: Weavile|Weavile, L50, F|100/100
|switch|p2b: Kingambit|Kingambit, L50, M|100/100
|-ability|p2a: Weavile|Pressure
|turn|1
|
|t:|1784324163
|move|p2a: Weavile|Fake Out|p1b: Charizard
|-immune|p1b: Charizard
|move|p1a: Whimsicott|Moonblast|p2a: Weavile
|-supereffective|p2a: Weavile|1
|-damage|p2a: Weavile|6/100
|-unboost|p2a: Weavile|spa|1
|move|p1b: Charizard|Hyper Voice|p2a: Weavile|[spread] p2a,p2b
|-resisted|p2b: Kingambit|1
|-damage|p2a: Weavile|0 fnt
|-damage|p2b: Kingambit|76/100
|faint|p2a: Weavile
|-damage|p1b: Charizard|90/100|[from] item: Life Orb
|move|p2b: Kingambit|Swords Dance|p2b: Kingambit
|-boost|p2b: Kingambit|atk|2
|
|upkeep
|
|t:|1784324170
|switch|p2a: Whimsicott|Whimsicott, L50, F|100/100
|turn|2
|inactive|itssobeak has 30 seconds left.
|inactive|itssobeak has 20 seconds left.
|
|t:|1784324209
|move|p1a: Whimsicott|Tailwind|p1a: Whimsicott
|-sidestart|p1: csh72c|move: Tailwind
|move|p2a: Whimsicott|Tailwind|p2a: Whimsicott
|-sidestart|p2: itssobeak|move: Tailwind
|move|p1b: Charizard|Foul Play|p2b: Kingambit
|-resisted|p2b: Kingambit|1
|-damage|p2b: Kingambit|40/100
|-damage|p1b: Charizard|80/100|[from] item: Life Orb
|move|p2b: Kingambit|Kowtow Cleave|p1a: Whimsicott
|-resisted|p1a: Whimsicott|1
|-damage|p1a: Whimsicott|7/100
|
|upkeep
|turn|3
|
|t:|1784324230
|move|p2b: Kingambit|Sucker Punch|p1b: Charizard
|-supereffective|p1b: Charizard|1
|-damage|p1b: Charizard|0 fnt
|replace|p1b: Zoroark|Zoroark-Hisui, L50, M
|-end|p1b: Zoroark|Illusion
|faint|p1b: Zoroark
|move|p2a: Whimsicott|Moonblast|p1a: Whimsicott
|-damage|p1a: Whimsicott|0 fnt
|faint|p1a: Whimsicott
|
|upkeep
|
|t:|1784324237
|switch|p1a: Lycanroc|Lycanroc-Dusk, L50, M, shiny|100/100
|switch|p1b: Charizard|Charizard, L50, F, shiny|100/100
|turn|4
|inactive|itssobeak has 30 seconds left.
|inactive|itssobeak has 20 seconds left.
|inactive|itssobeak has 15 seconds left.
|
|t:|1784324279
|detailschange|p1b: Charizard|Charizard-Mega-Y, L50, F, shiny
|-mega|p1b: Charizard|Charizard|Charizardite Y
|-weather|SunnyDay|[from] ability: Drought|[of] p1b: Charizard
|move|p2b: Kingambit|Protect|p2b: Kingambit
|-singleturn|p2b: Kingambit|Protect
|move|p2a: Whimsicott|Tickle|p1b: Charizard
|-unboost|p1b: Charizard|atk|1
|-unboost|p1b: Charizard|def|1
|move|p1a: Lycanroc|Rock Slide|p2a: Whimsicott|[spread] p2a
|-activate|p2b: Kingambit|move: Protect
|-damage|p2a: Whimsicott|57/100
|move|p1b: Charizard|Heat Wave|p2b: Kingambit|[spread] p2a
|-activate|p2b: Kingambit|move: Protect
|-supereffective|p2a: Whimsicott|1
|-damage|p2a: Whimsicott|0 fnt
|faint|p2a: Whimsicott
|
|-weather|SunnyDay|[upkeep]
|upkeep
|
|t:|1784324288
|switch|p2a: Glimmora|Glimmora, L50, F|100/100
|turn|5
|
|t:|1784324300
|detailschange|p2a: Glimmora|Glimmora-Mega, L50, F
|-mega|p2a: Glimmora|Glimmora|Glimmoranite
|move|p2b: Kingambit|Sucker Punch|p1a: Lycanroc
|-damage|p1a: Lycanroc|0 fnt
|faint|p1a: Lycanroc
|move|p2a: Glimmora|Power Gem|p1b: Charizard
|-supereffective|p1b: Charizard|2
|-damage|p1b: Charizard|0 fnt
|faint|p1b: Charizard
|
|win|itssobeak
|raw|csh72c's rating: 1143 → 1115(-28 for losing)
|raw|itssobeak's rating: 1108 → 1136(+28 for winning)
