|j|☆trevyah
|j|☆private eyeZ
|html|trevyahprivate eyeZ    
|uhtml|bestof|Game 1 of a best-of-3
|t:|1786037659
|gametype|doubles
|player|p1|trevyah|trevor|1372
|player|p2|private eyeZ|lass-gen4dp|1510
|gen|9
|tier|[Gen 9 Champions] VGC 2026 Reg M-B (Bo3)
|rated|
|rule|Species Clause: Limit one of each Pokémon
|rule|Item Clause: Limit 1 of each item
|clearpoke
|poke|p1|Charizard, L50, M|
|poke|p1|Garchomp, L50, F|
|poke|p1|Basculegion, L50, M|
|poke|p1|Kingambit, L50, M|
|poke|p1|Whimsicott, L50, F|
|poke|p1|Floette-Eternal, L50, F|
|poke|p2|Excadrill, L50, F|
|poke|p2|Corviknight, L50, M|
|poke|p2|Tyranitar, L50, F|
|poke|p2|Arcanine-Hisui, L50, M|
|poke|p2|Hydreigon, L50, F|
|poke|p2|Froslass, L50, F|
|teampreview|4
|showteam|p1|Charizard||CharizarditeY|Blaze|WeatherBall,HeatWave,SolarBeam,Protect|Modest||M|||50|]Garchomp||LifeOrb|RoughSkin|Earthquake,DragonClaw,RockSlide,Protect|Jolly||F|||50|]Basculegion||MysticWater|Adaptability|WaveCrash,LastRespects,AquaJet,Protect|Adamant||M|||50|]Kingambit||BlackGlasses|Defiant|KowtowCleave,LowKick,SuckerPunch,IronHead|Adamant||M|||50|]Whimsicott||FocusSash|Prankster|Moonblast,Encore,Tailwind,Protect|Timid||F|||50|]Floette-Eternal||Floettite|FlowerVeil|Moonblast,DazzlingGleam,LightofRuin,Protect|Modest||F|||50|
|showteam|p2|Excadrill||LifeOrb|SandRush|IronHead,HighHorsepower,RockSlide,Protect|Adamant||F|||50|]Corviknight||OccaBerry|MirrorArmor|IronHead,Protect,BraveBird,Tailwind|Adamant||M|||50|]Tyranitar||Tyranitarite|SandStream|RockSlide,KnockOff,LowKick,Protect|Adamant||F|||50|]Arcanine-Hisui||FocusSash|RockHead|HeadSmash,FlareBlitz,Protect,ExtremeSpeed|Jolly||M|||50|]Hydreigon||HabanBerry|Levitate|DarkPulse,DracoMeteor,Protect,EarthPower|Timid||F|||50|]Froslass||Froslassite|CursedBody|Blizzard,ShadowBall,IcyWind,Protect|Timid||F|||50|
|
|t:|1786037707
|teamsize|p1|4
|teamsize|p2|4
|start
|switch|p1a: Basculegion|Basculegion, L50, M|100/100
|switch|p1b: Whimsicott|Whimsicott, L50, F|100/100
|switch|p2a: Tyranitar|Tyranitar, L50, F|100/100
|switch|p2b: Excadrill|Excadrill, L50, F|100/100
|-weather|Sandstorm|[from] ability: Sand Stream|[of] p2a: Tyranitar
|turn|1
|
|t:|1786037725
|detailschange|p2a: Tyranitar|Tyranitar-Mega, L50, F
|-mega|p2a: Tyranitar|Tyranitar|Tyranitarite
|move|p1b: Whimsicott|Tailwind|p1b: Whimsicott
|-sidestart|p1: trevyah|move: Tailwind
|move|p2b: Excadrill|Iron Head|p1b: Whimsicott
|-supereffective|p1b: Whimsicott|1
|-enditem|p1b: Whimsicott|Focus Sash
|-damage|p1b: Whimsicott|1/100
|-damage|p2b: Excadrill|90/100|[from] item: Life Orb
|move|p1a: Basculegion|Wave Crash|p2b: Excadrill
|-supereffective|p2b: Excadrill|1
|-damage|p2b: Excadrill|0 fnt
|faint|p2b: Excadrill
|-damage|p1a: Basculegion|73/100|[from] Recoil
|move|p2a: Tyranitar|Knock Off|p1a: Basculegion
|-supereffective|p1a: Basculegion|1
|-damage|p1a: Basculegion|0 fnt
|-enditem|p1a: Basculegion|Mystic Water|[from] move: Knock Off|[of] p2a: Tyranitar
|faint|p1a: Basculegion
|
|-weather|Sandstorm|[upkeep]
|-damage|p1b: Whimsicott|0 fnt|[from] Sandstorm
|faint|p1b: Whimsicott
|upkeep
|
|t:|1786037736
|switch|p1b: Floette|Floette-Eternal, L50, F|100/100
|switch|p2b: Corviknight|Corviknight, L50, M|100/100
|switch|p1a: Kingambit|Kingambit, L50, M|100/100
|turn|2
|
|t:|1786037751
|detailschange|p1b: Floette|Floette-Mega, L50, F
|-mega|p1b: Floette|Floette|Floettite
|-ability|p1b: Floette|Fairy Aura
|move|p2a: Tyranitar|Protect|p2a: Tyranitar
|-singleturn|p2a: Tyranitar|Protect
|move|p2b: Corviknight|Protect|p2b: Corviknight
|-singleturn|p2b: Corviknight|Protect
|move|p1b: Floette|Light of Ruin|p2b: Corviknight
|-activate|p2b: Corviknight|move: Protect
|move|p1a: Kingambit|Kowtow Cleave|p2b: Corviknight
|-activate|p2b: Corviknight|move: Protect
|
|-weather|Sandstorm|[upkeep]
|-damage|p1b: Floette|94/100|[from] Sandstorm
|upkeep
|turn|3
|
|t:|1786037770
|switch|p2a: Hydreigon|Hydreigon, L50, F|100/100
|move|p1b: Floette|Protect|p1b: Floette
|-singleturn|p1b: Floette|Protect
|move|p1a: Kingambit|Low Kick|p2a: Hydreigon
|-supereffective|p2a: Hydreigon|1
|-damage|p2a: Hydreigon|20/100y
|move|p2b: Corviknight|Iron Head|p1b: Floette
|-activate|p1b: Floette|move: Protect
|
|-weather|Sandstorm|[upkeep]
|-damage|p1b: Floette|88/100|[from] Sandstorm
|-damage|p2a: Hydreigon|14/100|[from] Sandstorm
|upkeep
|turn|4
|
|t:|1786037784
|move|p2b: Corviknight|Protect|p2b: Corviknight
|-singleturn|p2b: Corviknight|Protect
|move|p1b: Floette|Light of Ruin|p2b: Corviknight
|-activate|p2b: Corviknight|move: Protect
|move|p1a: Kingambit|Kowtow Cleave|p2b: Corviknight
|-activate|p2b: Corviknight|move: Protect
|move|p2a: Hydreigon|Earth Power|p1a: Kingambit
|-supereffective|p1a: Kingambit|1
|-damage|p1a: Kingambit|41/100
|-unboost|p1a: Kingambit|spd|1
|-ability|p1a: Kingambit|Defiant|boost
|-boost|p1a: Kingambit|atk|2
|
|-weather|Sandstorm|[upkeep]
|-damage|p1b: Floette|82/100|[from] Sandstorm
|-damage|p2a: Hydreigon|8/100|[from] Sandstorm
|-sideend|p1: trevyah|move: Tailwind
|upkeep
|turn|5
|
|t:|1786037798
|move|p1a: Kingambit|Sucker Punch||[still]
|-fail|p1a: Kingambit
|move|p2a: Hydreigon|Earth Power|p1a: Kingambit
|-supereffective|p1a: Kingambit|1
|-damage|p1a: Kingambit|0 fnt
|faint|p1a: Kingambit
|move|p1b: Floette|Dazzling Gleam|p2a: Hydreigon|[spread] p2a,p2b
|-supereffective|p2a: Hydreigon|2
|-resisted|p2b: Corviknight|1
|-damage|p2a: Hydreigon|0 fnt
|-damage|p2b: Corviknight|74/100
|faint|p2a: Hydreigon
|move|p2b: Corviknight|Tailwind|p2b: Corviknight
|-sidestart|p2: private eyeZ|move: Tailwind
|
|-weather|none
|upkeep
|
|t:|1786037804
|switch|p2a: Tyranitar|Tyranitar-Mega, L50, F|100/100
|-weather|Sandstorm|[from] ability: Sand Stream|[of] p2a: Tyranitar
|turn|6
|
|t:|1786037812
|move|p2a: Tyranitar|Knock Off|p1b: Floette
|-resisted|p1b: Floette|1
|-damage|p1b: Floette|60/100
|move|p2b: Corviknight|Iron Head|p1b: Floette
|-supereffective|p1b: Floette|1
|-damage|p1b: Floette|0 fnt
|faint|p1b: Floette
|
|win|private eyeZ
||trevyah is ready for game 2.
||private eyeZ is ready for game 2.
|uhtml|next|Next: Game 2 of 3
|l|☆trevyah
|player|p1|
