|j|☆KilamanolaVGC
|j|☆LastHorzion
|html|KilamanolaVGCLastHorzion    
|uhtml|bestof|Game 2 of a best-of-3
|t:|1755192552
|gametype|doubles
|player|p1|KilamanolaVGC|265|1204
|player|p2|LastHorzion|steven|1284
|gen|9
|tier|[Gen 9] VGC 2025 Reg H (Bo3)
|rated|
|rule|Species Clause: Limit one of each Pokémon
|rule|Item Clause: Limit 1 of each item
|clearpoke
|poke|p1|Weezing-Galar, L50, F|
|poke|p1|Slaking, L50, M|
|poke|p1|Garchomp, L50, M|
|poke|p1|Corviknight, L50, M|
|poke|p1|Typhlosion-Hisui, L50, M|
|poke|p1|Kilowattrel, L50, M|
|poke|p2|Sneasler, L50, F|
|poke|p2|Indeedee, L50, M|
|poke|p2|Ursaluna-Bloodmoon, L50, M|
|poke|p2|Whimsicott, L50, M|
|poke|p2|Typhlosion-Hisui, L50, F|
|poke|p2|Dragonite, L50, F|
|teampreview|4
|showteam|p1|Weezing-Galar||CovertCloak|NeutralizingGas|StrangeSteam,WillOWisp,Taunt,Protect|||F|||50|,,,,,Water]Slaking||LifeOrb|Truant|DoubleEdge,SuckerPunch,HighHorsepower,Protect|||M|||50|,,,,,Ghost]Garchomp||ClearAmulet|RoughSkin|Earthquake,StompingTantrum,DragonClaw,Protect|||M|||50|,,,,,Ground]Corviknight||SitrusBerry|MirrorArmor|BraveBird,Tailwind,Roost,Protect|||M|||50|,,,,,Dragon]Typhlosion-Hisui||ChoiceScarf|Blaze|Eruption,HeatWave,ShadowBall,SleepTalk|||M|||50|,,,,,Fire]Kilowattrel||ChoiceSpecs|Competitive|Thunderbolt,AirSlash,ElectroBall,VoltSwitch|||M|||50|,,,,,Ghost
|showteam|p2|Sneasler||PsychicSeed|Unburden|CloseCombat,DireClaw,ThroatChop,Protect|||F|||50|,,,,,Dark]Indeedee||FocusSash|PsychicSurge|ExpandingForce,TeraBlast,Imprison,TrickRoom|||M|||50|,,,,,Ground]Ursaluna-Bloodmoon||LifeOrb|MindsEye|BloodMoon,EarthPower,HyperVoice,Protect|||M|||50|,,,,,Normal]Whimsicott||CovertCloak|Prankster|Tailwind,Moonblast,Encore,SunnyDay|||M|||50|,,,,,Water]Typhlosion-Hisui||ChoiceScarf|Blaze|Eruption,Curse,HeatWave,ShadowBall|||F|||50|,,,,,Fire]Dragonite||LoadedDice|Multiscale|ScaleShot,StompingTantrum,Haze,Protect|||F|||50|,,,,,Fairy
|inactive|Battle timer is ON: inactive players will automatically lose when time's up. (requested by KilamanolaVGC)
|inactive|LastHorzion also wants the timer to be on.
|inactive|LastHorzion has 60 seconds left.
|
|t:|1755192596
|teamsize|p1|4
|teamsize|p2|4
|start
|switch|p1a: Slaking|Slaking, L50, M, shiny|100/100
|switch|p1b: Weezing|Weezing-Galar, L50, F, shiny|100/100
|switch|p2a: Indeedee|Indeedee, L50, M, shiny|100/100
|switch|p2b: Typhlosion|Typhlosion-Hisui, L50, F|100/100
|-ability|p1b: Weezing|Neutralizing Gas
|turn|1
|inactive|LastHorzion has 30 seconds left.
|inactive|KilamanolaVGC has 30 seconds left.
|inactive|LastHorzion has 20 seconds left.
|
|t:|1755192636
|-terastallize|p1b: Weezing|Water
|move|p1a: Slaking|Sucker Punch|p2b: Typhlosion
|-supereffective|p2b: Typhlosion
|-damage|p2b: Typhlosion|0 fnt
|faint|p2b: Typhlosion
|-damage|p1a: Slaking|91/100|[from] item: Life Orb
|move|p1b: Weezing|Will-O-Wisp|p2a: Indeedee
|-status|p2a: Indeedee|brn
|move|p2a: Indeedee|Trick Room|p2a: Indeedee
|-fieldstart|move: Trick Room|[of] p2a: Indeedee
|
|-damage|p2a: Indeedee|95/100 brn|[from] brn
|upkeep
|
|t:|1755192649
|switch|p2b: Ursaluna|Ursaluna-Bloodmoon, L50, M|100/100
|turn|2
|
|t:|1755192665
|-terastallize|p2b: Ursaluna|Normal
|move|p1a: Slaking|Protect|p1a: Slaking
|-singleturn|p1a: Slaking|Protect
|move|p1b: Weezing|Taunt|p2a: Indeedee
|-start|p2a: Indeedee|move: Taunt
|move|p2b: Ursaluna|Hyper Voice|p1a: Slaking|[spread] p1b
|-activate|p1a: Slaking|move: Protect
|-damage|p1b: Weezing|28/100
|-damage|p2b: Ursaluna|91/100|[from] item: Life Orb
|move|p2a: Indeedee|Expanding Force|p1b: Weezing
|-damage|p1b: Weezing|0 fnt
|faint|p1b: Weezing
|-end|p1b: Weezing|ability: Neutralizing Gas
|-fieldstart|move: Psychic Terrain|[from] ability: Psychic Surge|[of] p2a: Indeedee
|
|-damage|p2a: Indeedee|89/100 brn|[from] brn
|upkeep
|
|t:|1755192677
|switch|p1b: Corviknight|Corviknight, L50, M, shiny|100/100
|turn|3
|
|t:|1755192697
|move|p1b: Corviknight|Brave Bird|p2b: Ursaluna
|-damage|p2b: Ursaluna|58/100
|-damage|p1b: Corviknight|90/100|[from] Recoil
|move|p2b: Ursaluna|Hyper Voice|p1b: Corviknight|[spread] p1a,p1b
|-resisted|p1b: Corviknight
|-damage|p1a: Slaking|20/100
|-damage|p1b: Corviknight|61/100
|-damage|p2b: Ursaluna|48/100|[from] item: Life Orb
|cant|p1a: Slaking|ability: Truant
|move|p2a: Indeedee|Expanding Force|p1b: Corviknight|[spread] p1a,p1b
|-resisted|p1b: Corviknight
|-damage|p1a: Slaking|0 fnt
|-damage|p1b: Corviknight|40/100
|-enditem|p1b: Corviknight|Sitrus Berry|[eat]
|-heal|p1b: Corviknight|64/100|[from] item: Sitrus Berry
|faint|p1a: Slaking
|
|-damage|p2a: Indeedee|83/100 brn|[from] brn
|upkeep
|
|t:|1755192704
|switch|p1a: Garchomp|Garchomp, L50, M, shiny|100/100
|turn|4
|inactive|LastHorzion has 30 seconds left.
|inactive|KilamanolaVGC has 30 seconds left.
|
|t:|1755192740
|move|p1a: Garchomp|Protect|p1a: Garchomp
|-singleturn|p1a: Garchomp|Protect
|move|p2b: Ursaluna|Blood Moon|p1b: Corviknight
|-resisted|p1b: Corviknight
|-crit|p1b: Corviknight
|-damage|p1b: Corviknight|0 fnt
|faint|p1b: Corviknight
|-damage|p2b: Ursaluna|39/100|[from] item: Life Orb
|move|p2a: Indeedee|Expanding Force|p1a: Garchomp
|-activate|p1a: Garchomp|move: Protect
|
|-damage|p2a: Indeedee|77/100 brn|[from] brn
|-end|p2a: Indeedee|move: Taunt
|upkeep
|turn|5
|c|☆KilamanolaVGC|cheater
|-message|KilamanolaVGC forfeited.
|raw|KilamanolaVGC's rating: 1204 → 1185(-19 for losing)
|raw|LastHorzion's rating: 1284 → 1303(+19 for winning)
|
|win|LastHorzion
|l|☆KilamanolaVGC
|player|p1|
