|j|☆SunshineTufo
|j|☆pokeplaygg
|html|SunshineTufopokeplaygg    
|uhtml|bestof|Game 3 of a best-of-3
|t:|1785266476
|gametype|doubles
|player|p1|SunshineTufo|li|1167
|player|p2|pokeplaygg|265|1247
|gen|9
|tier|[Gen 9 Champions] VGC 2026 Reg M-B (Bo3)
|rated|
|rule|Species Clause: Limit one of each Pokémon
|rule|Item Clause: Limit 1 of each item
|clearpoke
|poke|p1|Grimmsnarl, L50, M|
|poke|p1|Pelipper, L50, F|
|poke|p1|Archaludon, L50, M|
|poke|p1|Tyranitar, L50, M|
|poke|p1|Excadrill, L50, F|
|poke|p1|Staraptor, L50, M|
|poke|p2|Farigiraf, L50, F|
|poke|p2|Aerodactyl, L50, M|
|poke|p2|Charizard, L50, F|
|poke|p2|Kingambit, L50, M|
|poke|p2|Garchomp, L50, M|
|poke|p2|Sylveon, L50, F|
|teampreview|4
|showteam|p1|Grimmsnarl||LightClay|Prankster|SpiritBreak,Reflect,LightScreen,PartingShot|Sassy||M|||50|]Pelipper||SitrusBerry|Drizzle|Hurricane,WeatherBall,Tailwind,WideGuard|Modest||F|||50|]Archaludon||Leftovers|Stamina|Protect,ElectroShot,DragonPulse,FlashCannon|Calm||M|||50|]Tyranitar||Tyranitarite|SandStream|RockSlide,KnockOff,IcePunch,Protect|Adamant||M|||50|]Excadrill||FocusSash|SandRush|Earthquake,IronHead,RockSlide,Protect|Adamant||F|||50|]Staraptor||Staraptite|Intimidate|Protect,Roost,CloseCombat,BraveBird|Jolly||M|||50|
|showteam|p2|Farigiraf||SitrusBerry|ArmorTail|TwinBeam,TrickRoom,Roar,Thunderbolt|Bold||F|||50|]Aerodactyl||Aerodactylite|Unnerve|Protect,DualWingbeat,RockSlide,Tailwind|Jolly||M|||50|]Charizard||CharizarditeY|Blaze|Protect,HeatWave,WeatherBall,SolarBeam|Modest||F|||50|]Kingambit||FocusSash|Defiant|LowKick,SuckerPunch,KowtowCleave,IronHead|Adamant||M|||50|]Garchomp||LifeOrb|RoughSkin|Protect,Earthquake,DragonClaw,RockSlide|Adamant||M|||50|]Sylveon||FairyFeather|Pixilate|Protect,HyperBeam,QuickAttack,HyperVoice|Quiet||F|||50|
|inactive|Battle timer is ON: inactive players will automatically lose when time's up. (requested by SunshineTufo)
|
|t:|1785266498
|teamsize|p1|4
|teamsize|p2|4
|start
|switch|p1a: Grimmsnarl|Grimmsnarl, L50, M|100/100
|switch|p1b: Archaludon|Archaludon, L50, M|100/100
|switch|p2a: Garchomp|Garchomp, L50, M|100/100
|switch|p2b: Kingambit|Kingambit, L50, M|100/100
|turn|1
|
|t:|1785266514
|switch|p2b: Charizard|Charizard, L50, F|100/100
|move|p1a: Grimmsnarl|Reflect|p1a: Grimmsnarl
|-sidestart|p1: SunshineTufo|Reflect
|move|p2a: Garchomp|Earthquake|p1a: Grimmsnarl|[spread] p1a,p1b
|-immune|p2b: Charizard
|-supereffective|p1b: Archaludon|1
|-damage|p1a: Grimmsnarl|62/100
|-damage|p1b: Archaludon|47/100
|-ability|p1b: Archaludon|Stamina|boost
|-boost|p1b: Archaludon|def|1
|-damage|p2a: Garchomp|90/100|[from] item: Life Orb
|move|p1b: Archaludon|Dragon Pulse|p2a: Garchomp
|-supereffective|p2a: Garchomp|1
|-damage|p2a: Garchomp|11/100
|
|-heal|p1b: Archaludon|53/100|[from] item: Leftovers
|upkeep
|turn|2
|
|t:|1785266530
|move|p1b: Archaludon|Protect|p1b: Archaludon
|-singleturn|p1b: Archaludon|Protect
|move|p1a: Grimmsnarl|Light Screen|p1a: Grimmsnarl
|-sidestart|p1: SunshineTufo|move: Light Screen
|move|p2a: Garchomp|Earthquake|p1a: Grimmsnarl|[spread] p1a
|-activate|p1b: Archaludon|move: Protect
|-immune|p2b: Charizard
|-damage|p1a: Grimmsnarl|27/100
|-damage|p2a: Garchomp|1/100|[from] item: Life Orb
|move|p2b: Charizard|Heat Wave|p1b: Archaludon|[spread] 
|-activate|p1b: Archaludon|move: Protect
|-miss|p2b: Charizard|p1a: Grimmsnarl
|
|-heal|p1b: Archaludon|59/100|[from] item: Leftovers
|upkeep
|turn|3
|
|t:|1785266548
|switch|p2b: Kingambit|Kingambit, L50, M|100/100
|move|p2a: Garchomp|Protect|p2a: Garchomp
|-singleturn|p2a: Garchomp|Protect
|move|p1a: Grimmsnarl|Parting Shot|p2a: Garchomp
|-activate|p2a: Garchomp|move: Protect
|move|p1b: Archaludon|Electro Shot||[still]
|-prepare|p1b: Archaludon|Electro Shot
|-boost|p1b: Archaludon|spa|1
|
|-heal|p1b: Archaludon|66/100|[from] item: Leftovers
|upkeep
|turn|4
|inactive|pokeplaygg has 30 seconds left.
|inactive|pokeplaygg has 20 seconds left.
|
|t:|1785266586
|switch|p2b: Sylveon|Sylveon, L50, F|100/100
|move|p1a: Grimmsnarl|Parting Shot|p2a: Garchomp
|-unboost|p2a: Garchomp|atk|1
|-unboost|p2a: Garchomp|spa|1
|
|t:|1785266591
|switch|p1a: Staraptor|Staraptor, L50, M|100/100|[from] Parting Shot
|-ability|p1a: Staraptor|Intimidate|boost
|-unboost|p2a: Garchomp|atk|1
|-unboost|p2b: Sylveon|atk|1
|move|p2a: Garchomp|Rock Slide|p1b: Archaludon|[spread] p1a,p1b
|-supereffective|p1a: Staraptor|1
|-resisted|p1b: Archaludon|1
|-damage|p1a: Staraptor|77/100
|-damage|p1b: Archaludon|64/100
|-ability|p1b: Archaludon|Stamina|boost
|-boost|p1b: Archaludon|def|1
|-damage|p2a: Garchomp|0 fnt|[from] item: Life Orb
|faint|p2a: Garchomp
|move|p1b: Archaludon|Electro Shot|p2b: Sylveon|[from] lockedmove
|-damage|p2b: Sylveon|63/100
|
|-heal|p1b: Archaludon|70/100|[from] item: Leftovers
|upkeep
|
|t:|1785266608
|switch|p2a: Charizard|Charizard, L50, F|100/100
|turn|5
|
|t:|1785266618
|detailschange|p1a: Staraptor|Staraptor-Mega, L50, M
|-mega|p1a: Staraptor|Staraptor|Staraptite
|move|p1a: Staraptor|Roost|p1a: Staraptor
|-heal|p1a: Staraptor|100/100
|-singleturn|p1a: Staraptor|move: Roost
|move|p2a: Charizard|Heat Wave|p1b: Archaludon|[spread] p1a,p1b
|-damage|p1a: Staraptor|75/100
|-damage|p1b: Archaludon|48/100
|-ability|p1b: Archaludon|Stamina|boost
|-boost|p1b: Archaludon|def|1
|move|p1b: Archaludon|Flash Cannon|p2b: Sylveon
|-supereffective|p2b: Sylveon|1
|-damage|p2b: Sylveon|0 fnt
|faint|p2b: Sylveon
|
|-heal|p1b: Archaludon|55/100|[from] item: Leftovers
|upkeep
|
|t:|1785266631
|switch|p2b: Kingambit|Kingambit, L50, M|100/100
|turn|6
|
|t:|1785266636
|move|p1b: Archaludon|Protect|p1b: Archaludon
|-singleturn|p1b: Archaludon|Protect
|move|p1a: Staraptor|Close Combat|p2b: Kingambit
|-supereffective|p2b: Kingambit|2
|-enditem|p2b: Kingambit|Focus Sash
|-damage|p2b: Kingambit|1/100
|-boost|p1a: Staraptor|def|1
|-boost|p1a: Staraptor|spd|1
|move|p2a: Charizard|Heat Wave|p1b: Archaludon|[spread] p1a
|-activate|p1b: Archaludon|move: Protect
|-damage|p1a: Staraptor|61/100
|move|p2b: Kingambit|Iron Head|p1a: Staraptor
|-damage|p1a: Staraptor|41/100
|
|-heal|p1b: Archaludon|61/100|[from] item: Leftovers
|upkeep
|turn|7
|l|☆pokeplaygg
|inactive|pokeplaygg disconnected and has a minute to reconnect!
|player|p2|
|inactive|SunshineTufo has 30 seconds left.
|inactive|pokeplaygg has 30 seconds left.
|inactive|pokeplaygg has 20 seconds left.
|inactive|pokeplaygg has 15 seconds left.
|inactive|pokeplaygg has 10 seconds left.
|inactive|pokeplaygg has 5 seconds left.
|-message|pokeplaygg lost due to inactivity.
|
|win|SunshineTufo
|raw|SunshineTufo's rating: 1167 → 1198(+31 for winning)
|raw|pokeplaygg's rating: 1247 → 1216(-31 for losing)
