|j|☆Crying Flurmels
|j|☆joaennavgc
|html|Crying Flurmelsjoaennavgc    
|uhtml|bestof|Game 2 of a best-of-3
|t:|1756406047
|gametype|doubles
|player|p1|Crying Flurmels|102|
|player|p2|joaennavgc|pokemonbreederf-gen4|
|gen|9
|tier|[Gen 9] VGC 2025 Reg H (Bo3)
|rule|Species Clause: Limit one of each Pokémon
|rule|Item Clause: Limit 1 of each item
|clearpoke
|poke|p1|Murkrow, L50, M|
|poke|p1|Volcarona, L50, F|
|poke|p1|Sneasler, L50, M|
|poke|p1|Kingambit, L50, M|
|poke|p1|Dragonite, L50, F|
|poke|p1|Rillaboom, L50, F|
|poke|p2|Torkoal, L50, M|
|poke|p2|Oranguru, L50, F|
|poke|p2|Typhlosion-Hisui, L50, F|
|poke|p2|Whimsicott, L50, F|
|poke|p2|Ursaluna, L50, F|
|poke|p2|Dragonite, L50, F|
|teampreview|4
|showteam|p1|Murkrow||Eviolite|Prankster|FoulPlay,Tailwind,Haze,Taunt|||M|||50|,,,,,Ghost]Volcarona||CovertCloak|FlameBody|HeatWave,TeraBlast,QuiverDance,Protect|||F|||50|,,,,,Water]Sneasler||GrassySeed|Unburden|DireClaw,CloseCombat,Protect,Coaching|||M|||50|,,,,,Stellar]Kingambit||BlackGlasses|Defiant|KowtowCleave,SuckerPunch,SwordsDance,Protect|||M|||50|,,,,,Dark]Dragonite||ChoiceBand|InnerFocus|Outrage,StompingTantrum,LowKick,ExtremeSpeed|||F|||50|,,,,,Normal]Rillaboom||MiracleSeed|GrassySurge|WoodHammer,GrassyGlide,Uturn,FakeOut|||F|||50|,,,,,Fire
|showteam|p2|Torkoal||EjectPack|Drought|Overheat,HeatWave,HelpingHand,Protect|||M|||50|,,,,,Fire]Oranguru||SitrusBerry|Telepathy|TrickRoom,Psychic,Instruct,Protect|||F|||50|,,,,,Dark]Typhlosion-Hisui||ChoiceSpecs|Blaze|HeatWave,Eruption,ShadowBall,TeraBlast|||F|||50|,,,,,Electric]Whimsicott||FocusSash|Prankster|Tailwind,Moonblast,SunnyDay,Protect|||F|||50|,,,,,Ghost]Ursaluna||FlameOrb|Guts|Facade,HeadlongRush,Earthquake,Protect|||F|||50|,,,,,Ghost]Dragonite||ChoiceBand|InnerFocus|ExtremeSpeed,IceSpinner,DragonClaw,LowKick|||F|||50|,,,,,Normal
|
|t:|1756406078
|teamsize|p1|4
|teamsize|p2|4
|start
|switch|p1a: Murkrow|Murkrow, L50, M|100/100
|switch|p1b: Kingambit|Kingambit, L50, M|100/100
|switch|p2a: Ursaluna|Ursaluna, L50, F|100/100
|switch|p2b: Oranguru|Oranguru, L50, F|100/100
|turn|1
|
|t:|1756406103
|-terastallize|p1b: Kingambit|Dark
|-terastallize|p2b: Oranguru|Dark
|move|p1a: Murkrow|Foul Play|p2a: Ursaluna
|-damage|p2a: Ursaluna|57/100
|move|p1b: Kingambit|Swords Dance|p1b: Kingambit
|-boost|p1b: Kingambit|atk|2
|move|p2a: Ursaluna|Headlong Rush|p1b: Kingambit
|-damage|p1b: Kingambit|45/100
|-unboost|p2a: Ursaluna|def|1
|-unboost|p2a: Ursaluna|spd|1
|move|p2b: Oranguru|Trick Room|p2b: Oranguru
|-fieldstart|move: Trick Room|[of] p2b: Oranguru
|
|-status|p2a: Ursaluna|brn|[from] item: Flame Orb
|upkeep
|turn|2
|
|t:|1756406143
|switch|p2a: Torkoal|Torkoal, L50, M|100/100
|-weather|SunnyDay|[from] ability: Drought|[of] p2a: Torkoal
|switch|p1a: Dragonite|Dragonite, L50, F|100/100
|move|p2b: Oranguru|Protect|p2b: Oranguru
|-singleturn|p2b: Oranguru|Protect
|move|p1b: Kingambit|Sucker Punch||[still]
|-fail|p1b: Kingambit
|
|-weather|SunnyDay|[upkeep]
|upkeep
|turn|3
|
|t:|1756406160
|move|p1a: Dragonite|Extreme Speed|p2a: Torkoal
|-damage|p2a: Torkoal|64/100
|move|p1b: Kingambit|Sucker Punch|p2a: Torkoal
|-damage|p2a: Torkoal|0 fnt
|faint|p2a: Torkoal
|move|p2b: Oranguru|Instruct|p2: Torkoal|[notarget]
|-fail|p2b: Oranguru
|
|-weather|SunnyDay|[upkeep]
|upkeep
|
|t:|1756406169
|switch|p2a: Dragonite|Dragonite, L50, F|100/100
|turn|4
|
|t:|1756406194
|move|p1b: Kingambit|Protect|p1b: Kingambit
|-singleturn|p1b: Kingambit|Protect
|move|p2a: Dragonite|Extreme Speed|p1b: Kingambit
|-activate|p1b: Kingambit|move: Protect
|move|p1a: Dragonite|Extreme Speed|p2a: Dragonite
|-damage|p2a: Dragonite|56/100
|move|p2b: Oranguru|Instruct|p2a: Dragonite
|-singleturn|p2a: Dragonite|move: Instruct|[of] p2b: Oranguru
|move|p2a: Dragonite|Extreme Speed|p1b: Kingambit
|-activate|p1b: Kingambit|move: Protect
|
|-weather|SunnyDay|[upkeep]
|upkeep
|turn|5
|
|t:|1756406215
|switch|p2a: Ursaluna|Ursaluna, L50, F|57/100 brn
|move|p1a: Dragonite|Extreme Speed|p2a: Ursaluna
|-damage|p2a: Ursaluna|25/100 brn
|move|p1b: Kingambit|Sucker Punch||[still]
|-fail|p1b: Kingambit
|move|p2b: Oranguru|Psychic|p1a: Dragonite
|-damage|p1a: Dragonite|66/100
|
|-weather|SunnyDay|[upkeep]
|-damage|p2a: Ursaluna|19/100 brn|[from] brn
|-fieldend|move: Trick Room
|upkeep
|turn|6
|
|t:|1756406242
|move|p1a: Dragonite|Extreme Speed|p2a: Ursaluna
|-damage|p2a: Ursaluna|0 fnt
|faint|p2a: Ursaluna
|move|p1b: Kingambit|Kowtow Cleave|p2b: Oranguru
|-resisted|p2b: Oranguru
|-damage|p2b: Oranguru|39/100
|-enditem|p2b: Oranguru|Sitrus Berry|[eat]
|-heal|p2b: Oranguru|64/100|[from] item: Sitrus Berry
|move|p2b: Oranguru|Psychic|p1a: Dragonite
|-damage|p1a: Dragonite|34/100
|
|-weather|none
|upkeep
|
|t:|1756406253
|switch|p2a: Dragonite|Dragonite, L50, F|56/100
|turn|7
|
|t:|1756406261
|move|p1b: Kingambit|Protect|p1b: Kingambit
|-singleturn|p1b: Kingambit|Protect
|move|p1a: Dragonite|Extreme Speed|p2a: Dragonite
|-damage|p2a: Dragonite|9/100
|move|p2a: Dragonite|Extreme Speed|p1a: Dragonite
|-damage|p1a: Dragonite|0 fnt
|faint|p1a: Dragonite
|move|p2b: Oranguru|Instruct|p2a: Dragonite
|-singleturn|p2a: Dragonite|move: Instruct|[of] p2b: Oranguru
|move|p2a: Dragonite|Extreme Speed|p1b: Kingambit
|-activate|p1b: Kingambit|move: Protect
|
|upkeep
|
|t:|1756406272
|switch|p1a: Volcarona|Volcarona, L50, F|100/100
|turn|8
|
|t:|1756406280
|move|p2a: Dragonite|Extreme Speed|p1b: Kingambit
|-crit|p1b: Kingambit
|-damage|p1b: Kingambit|0 fnt
|faint|p1b: Kingambit
|move|p1a: Volcarona|Heat Wave|p2b: Oranguru|[spread] p2a,p2b
|-resisted|p2a: Dragonite
|-damage|p2a: Dragonite|0 fnt
|-damage|p2b: Oranguru|33/100
|faint|p2a: Dragonite
|move|p2b: Oranguru|Instruct|p2: Dragonite|[notarget]
|-fail|p2b: Oranguru
|
|upkeep
|
|t:|1756406289
|switch|p1b: Murkrow|Murkrow, L50, M|100/100
|turn|9
|-message|joaennavgc forfeited.
|
|win|Crying Flurmels
|c|☆joaennavgc|gg
|l|☆joaennavgc
|player|p2|
