|j|☆bampu401
|j|☆a123as
|html|bampu401a123as    
|uhtml|bestof|Game 1 of a best-of-3
|t:|1785267848
|gametype|doubles
|player|p1|bampu401|swimmerf|
|player|p2|a123as|266|
|gen|9
|tier|[Gen 9 Champions] VGC 2026 Reg M-B (Bo3)
|rule|Species Clause: Limit one of each Pokémon
|rule|Item Clause: Limit 1 of each item
|clearpoke
|poke|p1|Sneasler, L50, F|
|poke|p1|Sinistcha, L50, shiny|
|poke|p1|Incineroar, L50, F, shiny|
|poke|p1|Charizard, L50, M, shiny|
|poke|p1|Floette-Eternal, L50, F|
|poke|p1|Kingambit, L50, M, shiny|
|poke|p2|Garchomp, L50, M|
|poke|p2|Venusaur, L50, M|
|poke|p2|Incineroar, L50, F|
|poke|p2|Charizard, L50, M|
|poke|p2|Toxapex, L50, M|
|poke|p2|Annihilape, L50, M|
|teampreview|4
|showteam|p1|Sneasler||FocusSash|PoisonTouch|FakeOut,PoisonJab,CloseCombat,Coaching|Jolly||F|||50|]Sinistcha||SitrusBerry|Hospitality|MatchaGotcha,RagePowder,TrickRoom,Protect|Bold|||||50|]Incineroar||ChopleBerry|Intimidate|FlareBlitz,HelpingHand,PartingShot,FakeOut|Impish||F|||50|]Charizard||CharizarditeX|Blaze|FlareBlitz,DragonClaw,DragonDance,Protect|Adamant||M|||50|]Floette-Eternal||Floettite|FlowerVeil|Moonblast,CalmMind,DazzlingGleam,Protect|Modest||F|||50|]Kingambit||BlackGlasses|Defiant|KowtowCleave,SuckerPunch,SwordsDance,Protect|Adamant||M|||50|
|showteam|p2|Garchomp||ChoiceScarf|RoughSkin|Earthquake,RockSlide,DragonClaw,StompingTantrum|Adamant||M|||50|]Venusaur||LifeOrb|Chlorophyll|SludgeBomb,SolarBeam,EarthPower,Protect|Modest||M|||50|]Incineroar||SitrusBerry|Intimidate|FakeOut,FlareBlitz,ThroatChop,PartingShot|Impish||F|||50|]Charizard||CharizarditeY|Blaze|HeatWave,WeatherBall,Protect,HelpingHand|Modest||M|||50|]Toxapex||Leftovers|Regenerator|Infestation,Toxic,WideGuard,BanefulBunker|Impish||M|||50|]Annihilape||FocusSash|Defiant|CloseCombat,PhantomForce,RockTomb,Protect|Jolly||M|||50|
|inactive|Battle timer is ON: inactive players will automatically lose when time's up. (requested by a123as)
|c|☆a123as|same back as well??
|c|☆bampu401|nah nah
|
|t:|1785267877
|teamsize|p1|4
|teamsize|p2|4
|start
|switch|p1a: Sticky|Sneasler, L50, F|100/100
|switch|p1b: Arya|Floette-Eternal, L50, F|100/100
|switch|p2a: Garchomp|Garchomp, L50, M|100/100
|switch|p2b: Annihilape|Annihilape, L50, M|100/100
|turn|1
|c|☆bampu401|anything
|c|☆a123as|Bro wtf you changed up
|c|☆bampu401|Yeah, we'll go aghain?
|inactive|bampu401 has 30 seconds left.
|inactive|a123as has 30 seconds left.
|c|☆a123as|nah let me try
|inactive|bampu401 has 20 seconds left.
|inactive|a123as has 20 seconds left.
|inactive|bampu401 has 15 seconds left.
|inactive|bampu401 has 10 seconds left.
|
|t:|1785267927
|switch|p2a: Incineroar|Incineroar, L50, F|100/100
|-ability|p2a: Incineroar|Intimidate|boost
|-unboost|p1a: Sticky|atk|1
|-unboost|p1b: Arya|atk|1
|detailschange|p1b: Arya|Floette-Mega, L50, F
|-mega|p1b: Arya|Floette|Floettite
|-ability|p1b: Arya|Fairy Aura
|move|p1a: Sticky|Coaching|p1b: Arya
|-boost|p1b: Arya|atk|1
|-boost|p1b: Arya|def|1
|move|p2b: Annihilape|Rock Tomb|p1b: Arya
|-damage|p1b: Arya|86/100
|-unboost|p1b: Arya|spe|1
|move|p1b: Arya|Dazzling Gleam|p2b: Annihilape|[spread] p2a,p2b
|-supereffective|p2b: Annihilape|1
|-damage|p2a: Incineroar|61/100
|-damage|p2b: Annihilape|9/100
|
|upkeep
|turn|2
|inactive|bampu401 has 30 seconds left.
|inactive|a123as has 30 seconds left.
|inactive|a123as has 20 seconds left.
|inactive|a123as has 15 seconds left.
|
|t:|1785267976
|switch|p1a: Bhaiya 2 cup chai|Sinistcha, L50, shiny|100/100
|-heal|p1b: Arya|100/100|[from] ability: Hospitality|[of] p1a: Bhaiya 2 cup chai
|switch|p2b: Toxapex|Toxapex, L50, M|100/100
|move|p2a: Incineroar|Fake Out|p1a: Bhaiya 2 cup chai
|-immune|p1a: Bhaiya 2 cup chai
|move|p1b: Arya|Dazzling Gleam|p2b: Toxapex|[spread] p2a,p2b
|-resisted|p2b: Toxapex|1
|-damage|p2a: Incineroar|21/100
|-damage|p2b: Toxapex|82/100
|-enditem|p2a: Incineroar|Sitrus Berry|[eat]
|-heal|p2a: Incineroar|46/100|[from] item: Sitrus Berry
|
|-heal|p2b: Toxapex|88/100|[from] item: Leftovers
|upkeep
|turn|3
|inactive|bampu401 has 30 seconds left.
|
|t:|1785268003
|move|p2b: Toxapex|Wide Guard|p2b: Toxapex
|-singleturn|p2b: Toxapex|Wide Guard
|move|p1a: Bhaiya 2 cup chai|Rage Powder|p1a: Bhaiya 2 cup chai
|-singleturn|p1a: Bhaiya 2 cup chai|move: Rage Powder
|move|p1b: Arya|Calm Mind|p1b: Arya
|-boost|p1b: Arya|spa|1
|-boost|p1b: Arya|spd|1
|move|p2a: Incineroar|Throat Chop|p1a: Bhaiya 2 cup chai
|-supereffective|p1a: Bhaiya 2 cup chai|1
|-damage|p1a: Bhaiya 2 cup chai|52/100
|-start|p1a: Bhaiya 2 cup chai|Throat Chop|[silent]
|
|-heal|p2b: Toxapex|94/100|[from] item: Leftovers
|upkeep
|turn|4
|inactive|bampu401 has 30 seconds left.
|inactive|a123as has 30 seconds left.
|
|t:|1785268035
|move|p1b: Arya|Dazzling Gleam|p2b: Toxapex|[spread] p2a,p2b
|-resisted|p2b: Toxapex|1
|-damage|p2a: Incineroar|0 fnt
|-damage|p2b: Toxapex|67/100
|faint|p2a: Incineroar
|move|p1a: Bhaiya 2 cup chai|Matcha Gotcha|p2b: Toxapex
|-damage|p2b: Toxapex|42/100
|-heal|p1a: Bhaiya 2 cup chai|64/100|[from] drain|[of] p2b: Toxapex
|move|p2b: Toxapex|Toxic|p1b: Arya
|-status|p1b: Arya|tox
|
|-heal|p2b: Toxapex|47/100|[from] item: Leftovers
|-damage|p1b: Arya|94/100 tox|[from] psn
|-end|p1a: Bhaiya 2 cup chai|Throat Chop|[silent]
|upkeep
|
|t:|1785268047
|switch|p2a: Annihilape|Annihilape, L50, M|9/100
|turn|5
|
|t:|1785268069
|move|p2b: Toxapex|Wide Guard|p2b: Toxapex
|-singleturn|p2b: Toxapex|Wide Guard
|move|p2a: Annihilape|Phantom Force||[still]
|-prepare|p2a: Annihilape|Phantom Force
|move|p1b: Arya|Moonblast|p2b: Toxapex
|-resisted|p2b: Toxapex|1
|-damage|p2b: Toxapex|4/100
|move|p1a: Bhaiya 2 cup chai|Matcha Gotcha|p2a: Annihilape|[spread] 
|-miss|p1a: Bhaiya 2 cup chai|p2a: Annihilape
|-activate|p2b: Toxapex|move: Wide Guard
|
|-heal|p2b: Toxapex|10/100|[from] item: Leftovers
|-damage|p1b: Arya|83/100 tox|[from] psn
|upkeep
|turn|6
|
|t:|1785268091
|switch|p1a: Galbatorix|Kingambit, L50, M, shiny|100/100
|move|p2b: Toxapex|Baneful Bunker|p2b: Toxapex
|-singleturn|p2b: Toxapex|move: Protect
|move|p2a: Annihilape|Phantom Force|p1a: Galbatorix|[from] lockedmove
|-resisted|p1a: Galbatorix|1
|-damage|p1a: Galbatorix|80/100
|move|p1b: Arya|Dazzling Gleam|p2a: Annihilape|[spread] p2a
|-activate|p2b: Toxapex|move: Protect
|-supereffective|p2a: Annihilape|1
|-damage|p2a: Annihilape|0 fnt
|faint|p2a: Annihilape
|
|-heal|p2b: Toxapex|15/100|[from] item: Leftovers
|-damage|p1b: Arya|66/100 tox|[from] psn
|upkeep
|
|t:|1785268100
|switch|p2a: Garchomp|Garchomp, L50, M|100/100
|turn|7
|inactive|bampu401 has 30 seconds left.
|
|t:|1785268127
|switch|p1a: Bhaiya 2 cup chai|Sinistcha, L50, shiny|64/100
|-heal|p1b: Arya|90/100 tox|[from] ability: Hospitality|[of] p1a: Bhaiya 2 cup chai
|move|p2b: Toxapex|Wide Guard|p2b: Toxapex
|-singleturn|p2b: Toxapex|Wide Guard
|move|p2a: Garchomp|Earthquake|p1a: Bhaiya 2 cup chai|[spread] p1a,p1b
|-activate|p2b: Toxapex|move: Wide Guard
|-resisted|p1a: Bhaiya 2 cup chai|1
|-damage|p1a: Bhaiya 2 cup chai|50/100g
|-damage|p1b: Arya|62/100 tox
|move|p1b: Arya|Moonblast|p2a: Garchomp
|-supereffective|p2a: Garchomp|1
|-damage|p2a: Garchomp|0 fnt
|faint|p2a: Garchomp
|
|-heal|p2b: Toxapex|21/100|[from] item: Leftovers
|-damage|p1b: Arya|39/100 tox|[from] psn
|upkeep
|turn|8
|
|t:|1785268150
|move|p2b: Toxapex|Wide Guard|p2b: Toxapex
|-singleturn|p2b: Toxapex|Wide Guard
|move|p1b: Arya|Moonblast|p2b: Toxapex
|-resisted|p2b: Toxapex|1
|-damage|p2b: Toxapex|0 fnt
|faint|p2b: Toxapex
|
|win|bampu401
||a123as is ready for game 2.
|c|☆bampu401|mb
||bampu401 is ready for game 2.
|uhtml|next|Next: Game 2 of 3
|l|☆bampu401
|player|p1|
|j| soulmoonvgc
