|j|☆shrithegreat
|j|☆fly butterfly fly
|html|shrithegreatfly butterfly fly    
|uhtml|bestof|Game 1 of a best-of-3
|t:|1782359189
|gametype|doubles
|player|p1|shrithegreat|102|1076
|player|p2|fly butterfly fly|101|1140
|gen|9
|tier|[Gen 9 Champions] VGC 2026 Reg M-B (Bo3)
|rated|
|rule|Species Clause: Limit one of each Pokémon
|rule|Item Clause: Limit 1 of each item
|clearpoke
|poke|p1|Gengar, L50, M|
|poke|p1|Incineroar, L50, M|
|poke|p1|Whimsicott, L50, M|
|poke|p1|Politoed, L50, M|
|poke|p1|Floette-Eternal, L50, F|
|poke|p1|Archaludon, L50, F|
|poke|p2|Kangaskhan, L50, F|
|poke|p2|Farigiraf, L50, M|
|poke|p2|Torkoal, L50, F|
|poke|p2|Vileplume, L50, M|
|poke|p2|Kommo-o, L50, F|
|poke|p2|Pyroar, L50, F|
|teampreview|4
|showteam|p1|Gengar||Gengarite|CursedBody|Protect,SludgeBomb,ShadowBall,PerishSong|Modest||M|||50|]Incineroar||Leftovers|Intimidate|FakeOut,Protect,PartingShot,DarkestLariat|Sassy||M|||50|]Whimsicott||FocusSash|Prankster|Protect,Tailwind,Moonblast,Encore|Timid||M|||50|]Politoed||SitrusBerry|Drizzle|Protect,PerishSong,WeatherBall,HelpingHand|Calm||M|||50|]Floette-Eternal||Floettite|Symbiosis|Protect,Moonblast,DazzlingGleam,LightofRuin|Timid||F|||50|]Archaludon||Magnet|Sturdy|Protect,ElectroShot,FlashCannon,DragonPulse|Timid||F|||50|
|showteam|p2|Kangaskhan||SilkScarf|Scrappy|FakeOut,LastResort|Adamant||F|||50|]Farigiraf||ColburBerry|ArmorTail|Psychic,Thunderbolt,Protect,TrickRoom|Bold||M|||50|]Torkoal||Charcoal|Drought|Eruption,WeatherBall,HelpingHand,Protect|Quiet||F|||50|]Vileplume||FocusSash|Chlorophyll|SleepPowder,EnergyBall,SludgeBomb,AfterYou|Timid||M|||50|]Kommo-o||HabanBerry|Overcoat|ClangingScales,AuraSphere,ClangorousSoul,Protect|Modest||F|||50|]Pyroar||Pyroarite|Unnerve|HeatWave,Overheat,ScorchingSands,Protect|Timid||F|||50|
|inactive|Battle timer is ON: inactive players will automatically lose when time's up. (requested by shrithegreat)
|inactive|fly butterfly fly has 60 seconds left.
|
|t:|1782359231
|teamsize|p1|4
|teamsize|p2|4
|start
|switch|p1a: Gengar|Gengar, L50, M|100/100
|switch|p1b: Incineroar|Incineroar, L50, M|100/100
|switch|p2a: Kangaskhan|Kangaskhan, L50, F|100/100
|switch|p2b: Farigiraf|Farigiraf, L50, M|100/100
|-ability|p1b: Incineroar|Intimidate|boost
|-fail|p2a: Kangaskhan|unboost|Attack|[from] ability: Scrappy|[of] p2a: Kangaskhan
|-unboost|p2b: Farigiraf|atk|1
|turn|1
|
|t:|1782359254
|detailschange|p1a: Gengar|Gengar-Mega, L50, M
|-mega|p1a: Gengar|Gengar|Gengarite
|move|p2a: Kangaskhan|Fake Out|p1a: Gengar
|-damage|p1a: Gengar|62/100
|cant|p1a: Gengar|flinch
|move|p1b: Incineroar|Darkest Lariat|p2b: Farigiraf
|-supereffective|p2b: Farigiraf|1
|-enditem|p2b: Farigiraf|Colbur Berry|[eat]
|-enditem|p2b: Farigiraf|Colbur Berry|[weaken]
|-damage|p2b: Farigiraf|72/100
|move|p2b: Farigiraf|Trick Room|p2b: Farigiraf
|-fieldstart|move: Trick Room|[of] p2b: Farigiraf
|
|upkeep
|turn|2
|
|t:|1782359272
|move|p1b: Incineroar|Parting Shot|p2a: Kangaskhan
|-unboost|p2a: Kangaskhan|atk|1
|-unboost|p2a: Kangaskhan|spa|1
|
|t:|1782359276
|switch|p1b: Politoed|Politoed, L50, M|100/100|[from] Parting Shot
|-weather|RainDance|[from] ability: Drizzle|[of] p1b: Politoed
|move|p2b: Farigiraf|Thunderbolt|p1b: Politoed
|-supereffective|p1b: Politoed|1
|-damage|p1b: Politoed|67/100
|move|p2a: Kangaskhan|Last Resort|p1a: Gengar
|-damage|p1a: Gengar|0 fnt
|faint|p1a: Gengar
|
|-weather|RainDance|[upkeep]
|upkeep
|
|t:|1782359288
|switch|p1a: Archaludon|Archaludon, L50, F|100/100
|turn|3
|inactive|fly butterfly fly has 30 seconds left.
|
|t:|1782359313
|move|p1b: Politoed|Helping Hand|p1a: Archaludon
|-singleturn|p1a: Archaludon|Helping Hand|[of] p1b: Politoed
|move|p2b: Farigiraf|Thunderbolt|p1b: Politoed
|-supereffective|p1b: Politoed|1
|-damage|p1b: Politoed|31/100
|-enditem|p1b: Politoed|Sitrus Berry|[eat]
|-heal|p1b: Politoed|56/100|[from] item: Sitrus Berry
|move|p2a: Kangaskhan|Last Resort|p1b: Politoed
|-damage|p1b: Politoed|4/100
|move|p1a: Archaludon|Electro Shot||[still]
|-prepare|p1a: Archaludon|Electro Shot
|-boost|p1a: Archaludon|spa|1
|-anim|p1a: Archaludon|Electro Shot|p2a: Kangaskhan
|-damage|p2a: Kangaskhan|0 fnt
|faint|p2a: Kangaskhan
|
|-weather|RainDance|[upkeep]
|upkeep
|
|t:|1782359329
|switch|p2a: Torkoal|Torkoal, L50, F|100/100
|-weather|SunnyDay|[from] ability: Drought|[of] p2a: Torkoal
|turn|4
|
|t:|1782359338
|switch|p2b: Kommo-o|Kommo-o, L50, F|100/100
|switch|p1b: Incineroar|Incineroar, L50, M|100/100
|-ability|p1b: Incineroar|Intimidate|boost
|-unboost|p2a: Torkoal|atk|1
|-unboost|p2b: Kommo-o|atk|1
|move|p1a: Archaludon|Protect|p1a: Archaludon
|-singleturn|p1a: Archaludon|Protect
|move|p2a: Torkoal|Eruption|p1a: Archaludon|[spread] p1b
|-activate|p1a: Archaludon|move: Protect
|-resisted|p1b: Incineroar|1
|-damage|p1b: Incineroar|65/100
|
|-weather|SunnyDay|[upkeep]
|-heal|p1b: Incineroar|71/100|[from] item: Leftovers
|upkeep
|turn|5
|
|t:|1782359357
|switch|p2a: Farigiraf|Farigiraf, L50, M|72/100
|switch|p1b: Politoed|Politoed, L50, M|4/100
|-weather|RainDance|[from] ability: Drizzle|[of] p1b: Politoed
|move|p2b: Kommo-o|Clangorous Soul|p2b: Kommo-o
|-boost|p2b: Kommo-o|atk|1
|-boost|p2b: Kommo-o|def|1
|-boost|p2b: Kommo-o|spa|1
|-boost|p2b: Kommo-o|spd|1
|-boost|p2b: Kommo-o|spe|1
|-damage|p2b: Kommo-o|67/100
|move|p1a: Archaludon|Dragon Pulse|p2b: Kommo-o
|-supereffective|p2b: Kommo-o|1
|-enditem|p2b: Kommo-o|Haban Berry|[eat]
|-enditem|p2b: Kommo-o|Haban Berry|[weaken]
|-damage|p2b: Kommo-o|16/100
|
|-weather|RainDance|[upkeep]
|-fieldend|move: Trick Room
|upkeep
|turn|6
|inactive|fly butterfly fly has 30 seconds left.
|inactive|shrithegreat has 30 seconds left.
|
|t:|1782359392
|move|p2b: Kommo-o|Clanging Scales|p1b: Politoed|[spread] p1a,p1b
|-damage|p1a: Archaludon|29/100
|-damage|p1b: Politoed|0 fnt
|faint|p1b: Politoed
|-unboost|p2b: Kommo-o|def|1
|move|p1a: Archaludon|Dragon Pulse|p2b: Kommo-o
|-supereffective|p2b: Kommo-o|1
|-damage|p2b: Kommo-o|0 fnt
|faint|p2b: Kommo-o
|move|p2a: Farigiraf|Thunderbolt|p1a: Archaludon
|-resisted|p1a: Archaludon|1
|-damage|p1a: Archaludon|11/100
|
|-weather|RainDance|[upkeep]
|upkeep
|
|t:|1782359403
|switch|p2b: Torkoal|Torkoal, L50, F|100/100
|switch|p1b: Incineroar|Incineroar, L50, M|71/100
|-ability|p1b: Incineroar|Intimidate|boost
|-unboost|p2a: Farigiraf|atk|1
|-unboost|p2b: Torkoal|atk|1
|-weather|SunnyDay|[from] ability: Drought|[of] p2b: Torkoal
|turn|7
|inactive|shrithegreat has 30 seconds left.
|inactive|fly butterfly fly has 30 seconds left.
|inactive|shrithegreat has 20 seconds left.
|
|t:|1782359441
|move|p1a: Archaludon|Dragon Pulse|p2b: Torkoal
|-damage|p2b: Torkoal|16/100
|move|p2a: Farigiraf|Thunderbolt|p1a: Archaludon
|-resisted|p1a: Archaludon|1
|-damage|p1a: Archaludon|0 fnt
|faint|p1a: Archaludon
|move|p1b: Incineroar|Darkest Lariat|p2a: Farigiraf
|-supereffective|p2a: Farigiraf|1
|-crit|p2a: Farigiraf
|-damage|p2a: Farigiraf|0 fnt
|faint|p2a: Farigiraf
|move|p2b: Torkoal|Weather Ball|p1b: Incineroar
|-resisted|p1b: Incineroar|1
|-damage|p1b: Incineroar|43/100
|
|-weather|SunnyDay|[upkeep]
|-heal|p1b: Incineroar|49/100|[from] item: Leftovers
|upkeep
|turn|8
|
|t:|1782359458
|move|p2b: Torkoal|Helping Hand|p2: Farigiraf|[notarget]
|-fail|p2b: Torkoal
|move|p1b: Incineroar|Darkest Lariat|p2b: Torkoal
|-damage|p2b: Torkoal|0 fnt
|faint|p2b: Torkoal
|
|win|shrithegreat
