|j|☆ayegeemode
|j|☆robinrambles
|html|ayegeemoderobinrambles    
|uhtml|bestof|Game 3 of a best-of-3
|t:|1783813154
|gametype|doubles
|player|p1|ayegeemode|101|1025
|player|p2|robinrambles|dawn-gen4pt|1008
|gen|9
|tier|[Gen 9 Champions] VGC 2026 Reg M-B (Bo3)
|rated|
|rule|Species Clause: Limit one of each Pokémon
|rule|Item Clause: Limit 1 of each item
|clearpoke
|poke|p1|Espathra, L50, F|
|poke|p1|Sinistcha-Masterpiece, L50|
|poke|p1|Raichu, L50, F|
|poke|p1|Corviknight, L50, M, shiny|
|poke|p1|Whimsicott, L50, F, shiny|
|poke|p1|Garchomp, L50, M|
|poke|p2|Eelektross, L50, F|
|poke|p2|Sinistcha, L50|
|poke|p2|Farigiraf, L50, M|
|poke|p2|Aggron, L50, M|
|poke|p2|Sylveon, L50, F|
|poke|p2|Kingambit, L50, F|
|teampreview|4
|showteam|p1|Espathra||FocusSash|SpeedBoost|Protect,StoredPower,CalmMind,BatonPass|Modest||F|||50|]Sinistcha-Masterpiece||Leftovers|Hospitality|MatchaGotcha,Protect,RagePowder,ShadowBall|Bold|||||50|]Raichu||RaichuniteY|LightningRod|FocusBlast,ZapCannon,FakeOut,Protect|Timid||F|||50|]Corviknight||MentalHerb|MirrorArmor|Tailwind,Uturn,BodyPress,IronDefense|Impish||M|||50|]Whimsicott||BrightPowder|Prankster|Tailwind,Encore,Moonblast,Taunt|Bold||F|||50|]Garchomp||LifeOrb|RoughSkin|DragonClaw,StompingTantrum,BreakingSwipe,SwordsDance|Jolly||M|||50|
|showteam|p2|Eelektross||Eelektrossite|Levitate|Protect,Thunderbolt,Flamethrower,GigaDrain|Quiet||F|||50|]Sinistcha||SitrusBerry|Hospitality|MatchaGotcha,RagePowder,ShadowBall,TrickRoom|Bold|||||50|]Farigiraf||ColburBerry|ArmorTail|HyperVoice,Psychic,TrickRoom,Protect|Sassy||M|||50|]Aggron||Aggronite|Sturdy|BodyPress,HeavySlam,IronDefense,Protect|Impish||M|||50|]Sylveon||FairyFeather|Pixilate|HyperVoice,DrainingKiss,HyperBeam,Protect|Quiet||F|||50|]Kingambit||BlackGlasses|Defiant|IronHead,KowtowCleave,SuckerPunch,Protect|Brave||F|||50|
|
|t:|1783813182
|teamsize|p1|4
|teamsize|p2|4
|start
|switch|p1a: Raichu|Raichu, L50, F|100/100
|switch|p1b: Garchomp|Garchomp, L50, M|100/100
|switch|p2a: Aggron|Aggron, L50, M|100/100
|switch|p2b: Sinistcha|Sinistcha, L50|100/100
|turn|1
|
|t:|1783813203
|detailschange|p1a: Raichu|Raichu-Mega-Y, L50, F
|-mega|p1a: Raichu|Raichu|Raichunite Y
|move|p2a: Aggron|Protect|p2a: Aggron
|-singleturn|p2a: Aggron|Protect
|move|p1a: Raichu|Fake Out|p2a: Aggron
|-activate|p2a: Aggron|move: Protect
|move|p1b: Garchomp|Swords Dance|p1b: Garchomp
|-boost|p1b: Garchomp|atk|2
|move|p2b: Sinistcha|Trick Room|p2b: Sinistcha
|-fieldstart|move: Trick Room|[of] p2b: Sinistcha
|
|upkeep
|turn|2
|
|t:|1783813232
|switch|p1a: Sinistcha|Sinistcha-Masterpiece, L50|100/100
|move|p2b: Sinistcha|Rage Powder|p2b: Sinistcha
|-singleturn|p2b: Sinistcha|move: Rage Powder
|move|p2a: Aggron|Iron Defense|p2a: Aggron
|-boost|p2a: Aggron|def|2
|move|p1b: Garchomp|Stomping Tantrum|p2b: Sinistcha
|-resisted|p2b: Sinistcha|1
|-damage|p2b: Sinistcha|54/100
|-damage|p1b: Garchomp|90/100|[from] item: Life Orb
|
|upkeep
|turn|3
|
|t:|1783813253
|move|p1a: Sinistcha|Rage Powder|p1a: Sinistcha
|-singleturn|p1a: Sinistcha|move: Rage Powder
|move|p2a: Aggron|Body Press|p1a: Sinistcha
|-immune|p1a: Sinistcha
|move|p2b: Sinistcha|Shadow Ball|p1a: Sinistcha
|-supereffective|p1a: Sinistcha|1
|-damage|p1a: Sinistcha|14/100
|move|p1b: Garchomp|Dragon Claw|p2b: Sinistcha
|-damage|p2b: Sinistcha|0 fnt
|faint|p2b: Sinistcha
|-damage|p1b: Garchomp|80/100|[from] item: Life Orb
|
|-heal|p1a: Sinistcha|20/100y|[from] item: Leftovers
|upkeep
|
|t:|1783813267
|switch|p2b: Sylveon|Sylveon, L50, F|100/100
|turn|4
|
|t:|1783813282
|move|p2a: Aggron|Protect|p2a: Aggron
|-singleturn|p2a: Aggron|Protect
|move|p1a: Sinistcha|Rage Powder|p1a: Sinistcha
|-singleturn|p1a: Sinistcha|move: Rage Powder
|move|p2b: Sylveon|Hyper Voice|p1b: Garchomp|[spread] p1a,p1b
|-supereffective|p1b: Garchomp|1
|-damage|p1a: Sinistcha|0 fnt
|-damage|p1b: Garchomp|0 fnt
|faint|p1a: Sinistcha
|faint|p1b: Garchomp
|
|upkeep
|
|t:|1783813286
|switch|p1a: Espathra|Espathra, L50, F|100/100
|switch|p1b: Raichu|Raichu-Mega-Y, L50, F|100/100
|turn|5
|
|t:|1783813310
|detailschange|p2a: Aggron|Aggron-Mega, L50, M
|-mega|p2a: Aggron|Aggron|Aggronite
|move|p1a: Espathra|Protect|p1a: Espathra
|-singleturn|p1a: Espathra|Protect
|move|p2a: Aggron|Body Press|p1b: Raichu
|-damage|p1b: Raichu|0 fnt
|faint|p1b: Raichu
|move|p2b: Sylveon|Hyper Voice|p1a: Espathra
|-activate|p1a: Espathra|move: Protect
|
|-fieldend|move: Trick Room
|-ability|p1a: Espathra|Speed Boost|boost
|-boost|p1a: Espathra|spe|1
|upkeep
|turn|6
|
|t:|1783813323
|move|p1a: Espathra|Calm Mind|p1a: Espathra
|-boost|p1a: Espathra|spa|1
|-boost|p1a: Espathra|spd|1
|move|p2b: Sylveon|Hyper Beam|p1a: Espathra
|-enditem|p1a: Espathra|Focus Sash
|-damage|p1a: Espathra|1/100
|-mustrecharge|p2b: Sylveon
|move|p2a: Aggron|Heavy Slam|p1a: Espathra
|-damage|p1a: Espathra|0 fnt
|faint|p1a: Espathra
|
|win|robinrambles
|raw|ayegeemode's rating: 1025 → 1011(-14 for losing)
|raw|robinrambles's rating: 1008 → 1049(+41 for winning)
|l|☆ayegeemode
|player|p1|
