|j|☆vrocehpalon
|j|☆Kardeas
|html|vrocehpalonKardeas    
|uhtml|bestof|Game 1 of a best-of-3
|t:|1783868659
|gametype|doubles
|player|p1|vrocehpalon|gambler|
|player|p2|Kardeas|clerkf|
|gen|9
|tier|[Gen 9 Champions] VGC 2026 Reg M-B (Bo3)
|rule|Species Clause: Limit one of each Pokémon
|rule|Item Clause: Limit 1 of each item
|clearpoke
|poke|p1|Charizard, L50, M|
|poke|p1|Garchomp, L50, F|
|poke|p1|Sylveon, L50, M|
|poke|p1|Aerodactyl, L50, F|
|poke|p1|Farigiraf, L50, M|
|poke|p1|Kingambit, L50, M|
|poke|p2|Swampert, L50, M|
|poke|p2|Sableye, L50, M|
|poke|p2|Pelipper, L50, F|
|poke|p2|Archaludon, L50, F|
|poke|p2|Venusaur, L50, F|
|poke|p2|Gholdengo, L50|
|teampreview|4
|showteam|p1|Charizard||CharizarditeY|Blaze|HeatWave,WeatherBall,SolarBeam,Protect|Modest||M|||50|]Garchomp||LifeOrb|RoughSkin|StompingTantrum,DragonClaw,RockSlide,Protect|Jolly||F|||50|]Sylveon||FairyFeather|Pixilate|HyperVoice,HyperBeam,QuickAttack,Detect|Modest||M|||50|]Aerodactyl||Aerodactylite|Unnerve|DualWingbeat,Tailwind,RockSlide,IceFang|Jolly||F|||50|]Farigiraf||SitrusBerry|ArmorTail|Psychic,Thunderbolt,Roar,TrickRoom|Bold||M|||50|]Kingambit||FocusSash|Defiant|KowtowCleave,SuckerPunch,IronHead,LowKick|Adamant||M|||50|
|showteam|p2|Swampert||Swampertite|Torrent|WaveCrash,HighHorsepower,IcePunch,Protect|Adamant||M|||50|]Sableye||RoseliBerry|Prankster|Encore,LightScreen,Reflect,RainDance|Sassy||M|||50|]Pelipper||SitrusBerry|Drizzle|Hurricane,WeatherBall,Tailwind,WideGuard|Modest||F|||50|]Archaludon||Leftovers|Stamina|DragonPulse,ElectroShot,FlashCannon,Protect|Calm||F|||50|]Venusaur||Venusaurite|Chlorophyll|SludgeBomb,GigaDrain,EarthPower,Protect|Modest||F|||50|]Gholdengo||LifeOrb|GoodasGold|MakeItRain,ShadowBall,NastyPlot,Protect|Modest|||||50|
|inactive|Battle timer is ON: inactive players will automatically lose when time's up. (requested by vrocehpalon)
|j| triziateam
|inactive|vrocehpalon has 60 seconds left.
|inactive|Kardeas has 60 seconds left.
|inactive|vrocehpalon has 30 seconds left.
|inactive|vrocehpalon has 20 seconds left.
|inactive|vrocehpalon has 15 seconds left.
|
|t:|1783868737
|teamsize|p1|4
|teamsize|p2|4
|start
|switch|p1a: Charizard|Charizard, L50, M|100/100
|switch|p1b: Farigiraf|Farigiraf, L50, M|100/100
|switch|p2a: Ororo|Pelipper, L50, F|100/100
|switch|p2b: Peynado|Archaludon, L50, F|100/100
|-weather|RainDance|[from] ability: Drizzle|[of] p2a: Ororo
|turn|1
|j| zardytailwindguy
|l| zardytailwindguy
|j| 5-3 merchant
|
|t:|1783868761
|switch|p2a: Top G|Sableye, L50, M|100/100
|detailschange|p1a: Charizard|Charizard-Mega-Y, L50, M
|-mega|p1a: Charizard|Charizard|Charizardite Y
|-weather|SunnyDay|[from] ability: Drought|[of] p1a: Charizard
|move|p2b: Peynado|Protect|p2b: Peynado
|-singleturn|p2b: Peynado|Protect
|move|p1a: Charizard|Weather Ball|p2b: Peynado
|-activate|p2b: Peynado|move: Protect
|move|p1b: Farigiraf|Trick Room|p1b: Farigiraf
|-fieldstart|move: Trick Room|[of] p1b: Farigiraf
|
|-weather|SunnyDay|[upkeep]
|upkeep
|turn|2
|n| othunder21|othunder21
|
|t:|1783868780
|switch|p1a: Sylveon|Sylveon, L50, M|100/100
|move|p2a: Top G|Rain Dance|p2a: Top G
|-weather|RainDance
|move|p1b: Farigiraf|Thunderbolt|p2a: Top G
|-damage|p2a: Top G|75/100
|move|p2b: Peynado|Electro Shot||[still]
|-prepare|p2b: Peynado|Electro Shot
|-boost|p2b: Peynado|spa|1
|-anim|p2b: Peynado|Electro Shot|p1a: Sylveon
|-damage|p1a: Sylveon|58/100
|
|-weather|RainDance|[upkeep]
|upkeep
|turn|3
|j| RamlethalVGC
|j| thacrow
|
|t:|1783868794
|move|p2a: Top G|Light Screen|p2a: Top G
|-sidestart|p2: Kardeas|move: Light Screen
|move|p1b: Farigiraf|Psychic|p2b: Peynado
|-resisted|p2b: Peynado|1
|-damage|p2b: Peynado|90/100
|-ability|p2b: Peynado|Stamina|boost
|-boost|p2b: Peynado|def|1
|move|p1a: Sylveon|Hyper Voice|p2b: Peynado|[spread] p2a,p2b
|-supereffective|p2a: Top G|1
|-enditem|p2a: Top G|Roseli Berry|[eat]
|-enditem|p2a: Top G|Roseli Berry|[weaken]
|-damage|p2a: Top G|35/100
|-damage|p2b: Peynado|57/100
|-ability|p2b: Peynado|Stamina|boost
|-boost|p2b: Peynado|def|1
|move|p2b: Peynado|Electro Shot||[still]
|-prepare|p2b: Peynado|Electro Shot
|-boost|p2b: Peynado|spa|1
|-anim|p2b: Peynado|Electro Shot|p1a: Sylveon
|-damage|p1a: Sylveon|0 fnt
|faint|p1a: Sylveon
|
|-weather|RainDance|[upkeep]
|-heal|p2b: Peynado|63/100|[from] item: Leftovers
|upkeep
|
|t:|1783868803
|switch|p1a: Kingambit|Kingambit, L50, M|100/100
|turn|4
|
|t:|1783868824
|move|p2a: Top G|Reflect|p2a: Top G
|-sidestart|p2: Kardeas|Reflect
|move|p1a: Kingambit|Iron Head|p2a: Top G
|-damage|p2a: Top G|0 fnt
|faint|p2a: Top G
|move|p2b: Peynado|Electro Shot||[still]
|-prepare|p2b: Peynado|Electro Shot
|-boost|p2b: Peynado|spa|1
|-anim|p2b: Peynado|Electro Shot|p1a: Kingambit
|-damage|p1a: Kingambit|2/100
|move|p1b: Farigiraf|Roar|p2b: Peynado
|drag|p2b: Ororo|Pelipper, L50, F|100/100
|
|-weather|RainDance|[upkeep]
|upkeep
|
|t:|1783868837
|switch|p2a: Peynado|Archaludon, L50, F|63/100
|turn|5
|
|t:|1783868848
|switch|p2b: Chad|Swampert, L50, M|100/100
|move|p1b: Farigiraf|Thunderbolt|p2b: Chad
|-immune|p2b: Chad
|move|p1a: Kingambit|Kowtow Cleave|p2b: Chad
|-damage|p2b: Chad|62/100
|move|p2a: Peynado|Dragon Pulse|p1a: Kingambit
|-resisted|p1a: Kingambit|1
|-damage|p1a: Kingambit|0 fnt
|faint|p1a: Kingambit
|
|-weather|RainDance|[upkeep]
|-heal|p2a: Peynado|69/100|[from] item: Leftovers
|-fieldend|move: Trick Room
|upkeep
|
|t:|1783868851
|switch|p1a: Charizard|Charizard-Mega-Y, L50, M|100/100
|-weather|SunnyDay|[from] ability: Drought|[of] p1a: Charizard
|turn|6
|j| Skwovetboi
|
|t:|1783868868
|switch|p2b: Ororo|Pelipper, L50, F|100/100
|-weather|RainDance|[from] ability: Drizzle|[of] p2b: Ororo
|move|p1a: Charizard|Weather Ball|p2a: Peynado
|-resisted|p2a: Peynado|1
|-damage|p2a: Peynado|51/100
|-ability|p2a: Peynado|Stamina|boost
|-boost|p2a: Peynado|def|1
|move|p2a: Peynado|Electro Shot||[still]
|-prepare|p2a: Peynado|Electro Shot
|-boost|p2a: Peynado|spa|1
|-anim|p2a: Peynado|Electro Shot|p1a: Charizard
|-supereffective|p1a: Charizard|1
|-damage|p1a: Charizard|1/100
|move|p1b: Farigiraf|Psychic|p2a: Peynado
|-resisted|p2a: Peynado|1
|-damage|p2a: Peynado|42/100
|-ability|p2a: Peynado|Stamina|boost
|-boost|p2a: Peynado|def|1
|
|-weather|RainDance|[upkeep]
|-heal|p2a: Peynado|48/100|[from] item: Leftovers
|upkeep
|turn|7
|inactive|Kardeas has 30 seconds left.
|
|t:|1783868903
|move|p1a: Charizard|Heat Wave|p2b: Ororo|[spread] p2a,p2b
|-resisted|p2b: Ororo|1
|-damage|p2a: Peynado|35/100
|-damage|p2b: Ororo|93/100
|-ability|p2a: Peynado|Stamina|boost
|-boost|p2a: Peynado|def|1
|move|p2a: Peynado|Electro Shot||[still]
|-prepare|p2a: Peynado|Electro Shot
|-boost|p2a: Peynado|spa|1
|-anim|p2a: Peynado|Electro Shot|p1b: Farigiraf
|-crit|p1b: Farigiraf
|-damage|p1b: Farigiraf|3/100
|-enditem|p1b: Farigiraf|Sitrus Berry|[eat]
|-heal|p1b: Farigiraf|28/100|[from] item: Sitrus Berry
|move|p2b: Ororo|Weather Ball|p1a: Charizard
|-supereffective|p1a: Charizard|1
|-crit|p1a: Charizard
|-damage|p1a: Charizard|0 fnt
|faint|p1a: Charizard
|move|p1b: Farigiraf|Thunderbolt|p2b: Ororo
|-supereffective|p2b: Ororo|2
|-damage|p2b: Ororo|28/100
|-enditem|p2b: Ororo|Sitrus Berry|[eat]
|-heal|p2b: Ororo|53/100|[from] item: Sitrus Berry
|
|-weather|RainDance|[upkeep]
|-heal|p2a: Peynado|41/100|[from] item: Leftovers
|-sideend|p2: Kardeas|move: Light Screen
|upkeep
|turn|8
|inactive|Kardeas has 30 seconds left.
|
|t:|1783868929
|move|p2a: Peynado|Electro Shot||[still]
|-prepare|p2a: Peynado|Electro Shot
|-boost|p2a: Peynado|spa|1
|-anim|p2a: Peynado|Electro Shot|p1b: Farigiraf
|-damage|p1b: Farigiraf|0 fnt
|faint|p1b: Farigiraf
|
|win|Kardeas
||Kardeas is ready for game 2.
