|j|☆ugiiiiii
|j|☆Jakobtc
|html|ugiiiiiiJakobtc    
|uhtml|bestof|Game 1 of a best-of-3
|t:|1756701136
|gametype|doubles
|player|p1|ugiiiiii|winona|1165
|player|p2|Jakobtc|riley|1159
|gen|9
|tier|[Gen 9] VGC 2025 Reg H (Bo3)
|rated|
|rule|Species Clause: Limit one of each Pokémon
|rule|Item Clause: Limit 1 of each item
|clearpoke
|poke|p1|Incineroar, L50, M|
|poke|p1|Ursaluna, L50, F|
|poke|p1|Indeedee-F, L50, F|
|poke|p1|Armarouge, L50, F|
|poke|p1|Smeargle, L50, F|
|poke|p1|Annihilape, L50, F|
|poke|p2|Archaludon, L50, M|
|poke|p2|Incineroar, L50, M|
|poke|p2|Porygon2, L50|
|poke|p2|Ursaluna, L50, M|
|poke|p2|Sneasler, L50, M|
|poke|p2|Kilowattrel, L50, M|
|teampreview|4
|showteam|p1|Incineroar||SafetyGoggles|Intimidate|PartingShot,FakeOut,KnockOff,Taunt|||M|||50|,,,,,Ghost]Ursaluna||FlameOrb|Guts|Facade,Earthquake,HeadlongRush,Protect|||F|||50|,,,,,Ghost]Indeedee-F||MentalHerb|PsychicSurge|TrickRoom,HelpingHand,FollowMe,ShadowBall|||F|||50|,,,,,Fairy]Armarouge||WeaknessPolicy|FlashFire|ArmorCannon,ExpandingForce,Protect,TrickRoom|||F|||50|,,,,,Psychic]Smeargle||FocusSash|Moody|Decorate,Protect,FollowMe,Spore|||F|||50|,,,,,Ghost]Annihilape||ChoiceScarf|Defiant|CloseCombat,RageFist,Coaching,FinalGambit|||F|||50|,,,,,Fighting
|showteam|p2|Archaludon||PowerHerb|Stalwart|ElectroShot,DragonPulse,Thunderbolt,Protect|||M|||50|,,,,,Electric]Incineroar||SafetyGoggles|Intimidate|FakeOut,FlareBlitz,KnockOff,PartingShot|||M|||50|,,,,,Bug]Porygon2||Eviolite|Download|TeraBlast,IceBeam,Recover,TrickRoom||||||50|,,,,,Flying]Ursaluna||FlameOrb|Guts|Facade,HeadlongRush,Earthquake,Protect|||M|||50|,,,,,Ghost]Sneasler||WhiteHerb|Unburden|DireClaw,CloseCombat,Taunt,Protect|||M|||50|,,,,,Stellar]Kilowattrel||FocusSash|Competitive|Thunderbolt,AirSlash,Tailwind,Protect|||M|||50|,,,,,Ghost
|c|☆Jakobtc|glhf
|inactive|Battle timer is ON: inactive players will automatically lose when time's up. (requested by Jakobtc)
|
|t:|1756701189
|teamsize|p1|4
|teamsize|p2|4
|start
|switch|p1a: Indeedee|Indeedee-F, L50, F|100/100
|switch|p1b: Annihilape|Annihilape, L50, F|100/100
|switch|p2a: Kilowattrel|Kilowattrel, L50, M|100/100
|switch|p2b: Sneasler|Sneasler, L50, M|100/100
|-fieldstart|move: Psychic Terrain|[from] ability: Psychic Surge|[of] p1a: Indeedee
|turn|1
|inactive|ugiiiiii has 30 seconds left.
|inactive|Jakobtc has 30 seconds left.
|
|t:|1756701224
|-terastallize|p2a: Kilowattrel|Ghost
|move|p2b: Sneasler|Protect|p2b: Sneasler
|-singleturn|p2b: Sneasler|Protect
|move|p1b: Annihilape|Final Gambit|p2b: Sneasler
|-activate|p2b: Sneasler|move: Protect
|move|p2a: Kilowattrel|Air Slash|p1b: Annihilape
|-supereffective|p1b: Annihilape
|-damage|p1b: Annihilape|40/100
|move|p1a: Indeedee|Trick Room|p1a: Indeedee
|-fieldstart|move: Trick Room|[of] p1a: Indeedee
|
|upkeep
|turn|2
|
|t:|1756701243
|switch|p1b: Ursaluna|Ursaluna, L50, F|100/100
|move|p1a: Indeedee|Follow Me|p1a: Indeedee
|-singleturn|p1a: Indeedee|move: Follow Me
|move|p2b: Sneasler|Dire Claw|p1a: Indeedee
|-damage|p1a: Indeedee|61/100
|-status|p1a: Indeedee|psn
|move|p2a: Kilowattrel|Thunderbolt|p1a: Indeedee
|-damage|p1a: Indeedee|20/100 psn
|
|-damage|p1a: Indeedee|8/100 psn|[from] psn
|-status|p1b: Ursaluna|brn|[from] item: Flame Orb
|upkeep
|turn|3
|inactive|ugiiiiii has 30 seconds left.
|inactive|Jakobtc has 30 seconds left.
|inactive|ugiiiiii has 20 seconds left.
|inactive|ugiiiiii has 15 seconds left.
|
|t:|1756701283
|switch|p2b: Incineroar|Incineroar, L50, M|100/100
|-ability|p2b: Incineroar|Intimidate|boost
|-unboost|p1a: Indeedee|atk|1
|-unboost|p1b: Ursaluna|atk|1
|-terastallize|p1b: Ursaluna|Ghost
|move|p1b: Ursaluna|Headlong Rush|p2a: Kilowattrel
|-enditem|p2a: Kilowattrel|Focus Sash
|-damage|p2a: Kilowattrel|1/100
|-unboost|p1b: Ursaluna|def|1
|-unboost|p1b: Ursaluna|spd|1
|move|p1a: Indeedee|Shadow Ball|p2a: Kilowattrel
|-supereffective|p2a: Kilowattrel
|-damage|p2a: Kilowattrel|0 fnt
|faint|p2a: Kilowattrel
|
|-damage|p1a: Indeedee|0 fnt|[from] psn
|faint|p1a: Indeedee
|-damage|p1b: Ursaluna|95/100 brn|[from] brn
|upkeep
|inactive|Jakobtc has 30 seconds left.
|
|t:|1756701308
|switch|p1a: Smeargle|Smeargle, L50, F|100/100
|switch|p2a: Sneasler|Sneasler, L50, M|100/100
|turn|4
|inactive|ugiiiiii has 30 seconds left.
|
|t:|1756701336
|move|p1a: Smeargle|Protect|p1a: Smeargle
|-singleturn|p1a: Smeargle|Protect
|move|p2a: Sneasler|Protect|p2a: Sneasler
|-singleturn|p2a: Sneasler|Protect
|move|p1b: Ursaluna|Earthquake|p2b: Incineroar|[spread] p2b
|-activate|p1a: Smeargle|move: Protect
|-activate|p2a: Sneasler|move: Protect
|-supereffective|p2b: Incineroar
|-damage|p2b: Incineroar|14/100
|move|p2b: Incineroar|Knock Off|p1b: Ursaluna
|-supereffective|p1b: Ursaluna
|-damage|p1b: Ursaluna|0 fnt
|-enditem|p1b: Ursaluna|Flame Orb|[from] move: Knock Off|[of] p2b: Incineroar
|faint|p1b: Ursaluna
|
|-ability|p1a: Smeargle|Moody|boost
|-boost|p1a: Smeargle|spe|2
|-unboost|p1a: Smeargle|atk|1
|upkeep
|
|t:|1756701356
|switch|p1b: Annihilape|Annihilape, L50, F|40/100
|turn|5
|inactive|ugiiiiii has 30 seconds left.
|
|t:|1756701390
|move|p1a: Smeargle|Follow Me|p1a: Smeargle
|-singleturn|p1a: Smeargle|move: Follow Me
|move|p2b: Incineroar|Flare Blitz|p1a: Smeargle
|-damage|p1a: Smeargle|11/100
|-damage|p2b: Incineroar|0 fnt|[from] Recoil
|faint|p2b: Incineroar
|move|p2a: Sneasler|Dire Claw|p1a: Smeargle
|-damage|p1a: Smeargle|0 fnt
|faint|p1a: Smeargle
|move|p1b: Annihilape|Close Combat|p2a: Sneasler
|-resisted|p2a: Sneasler
|-damage|p2a: Sneasler|65/100
|-unboost|p1b: Annihilape|def|1
|-unboost|p1b: Annihilape|spd|1
|
|-fieldend|move: Trick Room
|-fieldend|move: Psychic Terrain
|upkeep
|
|t:|1756701404
|switch|p2b: Archaludon|Archaludon, L50, M, shiny|100/100
|turn|6
|-message|ugiiiiii forfeited.
|
|win|Jakobtc
|l|☆ugiiiiii
|player|p1|
