|j|☆leisurecapekermit
|j|☆LChallenger
|html|leisurecapekermitLChallenger    
|uhtml|bestof|Game 1 of a best-of-3
|t:|1785122563
|gametype|doubles
|player|p1|leisurecapekermit|266|
|player|p2|LChallenger|169|
|gen|9
|tier|[Gen 9 Champions] VGC 2026 Reg M-B (Bo3)
|rule|Species Clause: Limit one of each Pokémon
|rule|Item Clause: Limit 1 of each item
|clearpoke
|poke|p1|Vivillon-Fancy, L50, M|
|poke|p1|Farigiraf, L50, F|
|poke|p1|Sceptile, L50, F|
|poke|p1|Kommo-o, L50, F|
|poke|p1|Mawile, L50, F|
|poke|p1|Weavile, L50, M|
|poke|p2|Archaludon, L50, M|
|poke|p2|Sinistcha, L50|
|poke|p2|Slurpuff, L50, F|
|poke|p2|Gengar, L50, F|
|poke|p2|Mamoswine, L50, F|
|poke|p2|Annihilape, L50, F|
|teampreview|4
|showteam|p1|Vivillon-Fancy||FocusSash|CompoundEyes|Hurricane,Tailwind,SleepPowder,Protect|Timid||M|||50|]Farigiraf||SitrusBerry|ArmorTail|Thunderbolt,HelpingHand,TrickRoom,Protect|Relaxed||F|||50|]Sceptile||Sceptilite|Overgrow|DragonPulse,EnergyBall,EarthPower,Detect|Modest||F|||50|]Kommo-o||Leftovers|Soundproof|AuraSphere,ClangingScales,ClangorousSoul,Protect|Modest||F|||50|]Mawile||Mawilite|Intimidate|IronHead,PlayRough,SuckerPunch,Protect|Adamant||F|||50|]Weavile||LifeOrb|Pressure|IcicleSpear,KnockOff,SwordsDance,Protect|Jolly||M|||50|
|showteam|p2|Archaludon||LightClay|Stamina|BreakingSwipe,Reflect,LightScreen,FlashCannon|Relaxed||M|||50|]Sinistcha||SitrusBerry|Hospitality|MatchaGotcha,RagePowder,TrickRoom,LifeDew|Relaxed|||||50|]Slurpuff||FocusSash|SweetVeil|Endeavor,DazzlingGleam,Protect,MistyExplosion|Timid||F|||50|]Gengar||Gengarite|CursedBody|SludgeWave,Protect,Taunt,ShadowBall|Modest||F|||50|]Mamoswine||LifeOrb|Oblivious|IceShard,Earthquake,RockSlide,Protect|Brave||F|||50|]Annihilape||Leftovers|VitalSpirit|PhantomForce,Protect,RockSlide,DrainPunch|Adamant||F|||50|
|j| UI Rain
|l| UI Rain
|
|t:|1785122624
|teamsize|p1|4
|teamsize|p2|4
|start
|switch|p1a: Vivillon|Vivillon-Fancy, L50, M|100/100
|switch|p1b: Weavile|Weavile, L50, M|100/100
|switch|p2a: Gengar|Gengar, L50, F|100/100
|switch|p2b: Slurpuff|Slurpuff, L50, F|100/100
|-ability|p1b: Weavile|Pressure
|turn|1
|j| UI Rain
|
|t:|1785122645
|detailschange|p2a: Gengar|Gengar-Mega, L50, F
|-mega|p2a: Gengar|Gengar|Gengarite
|move|p2a: Gengar|Protect|p2a: Gengar
|-singleturn|p2a: Gengar|Protect
|move|p1b: Weavile|Knock Off|p2a: Gengar
|-activate|p2a: Gengar|move: Protect
|move|p1a: Vivillon|Sleep Powder|p2b: Slurpuff
|-block|p2b: Slurpuff|ability: Sweet Veil|[of] p2b: Slurpuff
|move|p2b: Slurpuff|Dazzling Gleam|p1a: Vivillon|[spread] p1a,p1b
|-supereffective|p1b: Weavile|1
|-damage|p1a: Vivillon|61/100
|-damage|p1b: Weavile|37/100
|
|upkeep
|turn|2
|
|t:|1785122664
|switch|p2a: Archaludon|Archaludon, L50, M|100/100
|move|p1a: Vivillon|Protect|p1a: Vivillon
|-singleturn|p1a: Vivillon|Protect
|move|p1b: Weavile|Knock Off|p2a: Archaludon
|-damage|p2a: Archaludon|66/100
|-ability|p2a: Archaludon|Stamina|boost
|-boost|p2a: Archaludon|def|1
|-enditem|p2a: Archaludon|Light Clay|[from] move: Knock Off|[of] p1b: Weavile
|-damage|p1b: Weavile|27/100|[from] item: Life Orb
|move|p2b: Slurpuff|Dazzling Gleam|p1a: Vivillon|[spread] p1b
|-activate|p1a: Vivillon|move: Protect
|-supereffective|p1b: Weavile|1
|-damage|p1b: Weavile|0 fnt
|faint|p1b: Weavile
|
|upkeep
|
|t:|1785122684
|switch|p1b: Mawile|Mawile, L50, F|100/100
|-ability|p1b: Mawile|Intimidate|boost
|-unboost|p2a: Archaludon|atk|1
|-unboost|p2b: Slurpuff|atk|1
|turn|3
|
|t:|1785122697
|detailschange|p1b: Mawile|Mawile-Mega, L50, F
|-mega|p1b: Mawile|Mawile|Mawilite
|move|p1a: Vivillon|Sleep Powder|p2a: Archaludon
|-block|p2a: Archaludon|ability: Sweet Veil|[of] p2b: Slurpuff
|move|p2b: Slurpuff|Dazzling Gleam|p1b: Mawile|[spread] p1a,p1b
|-resisted|p1b: Mawile|1
|-damage|p1a: Vivillon|24/100
|-damage|p1b: Mawile|84/100
|move|p2a: Archaludon|Flash Cannon|p1b: Mawile
|-damage|p1b: Mawile|47/100
|move|p1b: Mawile|Iron Head|p2b: Slurpuff
|-supereffective|p2b: Slurpuff|1
|-enditem|p2b: Slurpuff|Focus Sash
|-damage|p2b: Slurpuff|1/100
|
|upkeep
|turn|4
|
|t:|1785122730
|switch|p1a: Farigiraf|Farigiraf, L50, F|100/100
|move|p2b: Slurpuff|Protect|p2b: Slurpuff
|-singleturn|p2b: Slurpuff|Protect
|move|p1b: Mawile|Sucker Punch||[still]
|-fail|p1b: Mawile
|move|p2a: Archaludon|Flash Cannon|p1b: Mawile
|-damage|p1b: Mawile|9/100
|
|upkeep
|turn|5
|
|t:|1785122747
|switch|p1b: Vivillon|Vivillon-Fancy, L50, M|24/100
|move|p2b: Slurpuff|Dazzling Gleam|p1a: Farigiraf|[spread] p1a,p1b
|-damage|p1a: Farigiraf|75/100
|-damage|p1b: Vivillon|0 fnt
|faint|p1b: Vivillon
|move|p2a: Archaludon|Light Screen|p2a: Archaludon
|-sidestart|p2: LChallenger|move: Light Screen
|move|p1a: Farigiraf|Trick Room|p1a: Farigiraf
|-fieldstart|move: Trick Room|[of] p1a: Farigiraf
|
|upkeep
|
|t:|1785122755
|switch|p1b: Mawile|Mawile-Mega, L50, F|9/100
|turn|6
|
|t:|1785122763
|move|p1b: Mawile|Protect|p1b: Mawile
|-singleturn|p1b: Mawile|Protect
|move|p1a: Farigiraf|Thunderbolt|p2b: Slurpuff
|-damage|p2b: Slurpuff|0 fnt
|faint|p2b: Slurpuff
|move|p2a: Archaludon|Flash Cannon|p1b: Mawile
|-activate|p1b: Mawile|move: Protect
|
|upkeep
|
|t:|1785122775
|switch|p2b: Gengar|Gengar-Mega, L50, F|100/100
|turn|7
|
|t:|1785122807
|move|p2b: Gengar|Protect|p2b: Gengar
|-singleturn|p2b: Gengar|Protect
|move|p1b: Mawile|Sucker Punch||[still]
|-fail|p1b: Mawile
|move|p1a: Farigiraf|Thunderbolt|p2a: Archaludon
|-resisted|p2a: Archaludon|1
|-damage|p2a: Archaludon|55/100
|-ability|p2a: Archaludon|Stamina|boost
|-boost|p2a: Archaludon|def|1
|move|p2a: Archaludon|Flash Cannon|p1b: Mawile
|-damage|p1b: Mawile|0 fnt
|faint|p1b: Mawile
|
|upkeep
|turn|8
|-message|leisurecapekermit forfeited.
|
|win|LChallenger
||LChallenger is ready for game 2.
||leisurecapekermit is ready for game 2.
|uhtml|next|Next: Game 2 of 3
|l| UI Rain
