|j|☆failandimprove2
|j|☆capspungo
|html|failandimprove2capspungo    
|uhtml|bestof|Game 1 of a best-of-3
|t:|1783454333
|gametype|doubles
|player|p1|failandimprove2|169|1466
|player|p2|capspungo|pokefan-gen4|1409
|gen|9
|tier|[Gen 9 Champions] VGC 2026 Reg M-B (Bo3)
|rated|
|rule|Species Clause: Limit one of each Pokémon
|rule|Item Clause: Limit 1 of each item
|clearpoke
|poke|p1|Charizard, L50, M|
|poke|p1|Floette-Eternal, L50, F|
|poke|p1|Whimsicott, L50, F|
|poke|p1|Basculegion, L50, M|
|poke|p1|Kingambit, L50, F|
|poke|p1|Garchomp, L50, M|
|poke|p2|Charizard, L50, F|
|poke|p2|Kingambit, L50, F|
|poke|p2|Farigiraf, L50, M|
|poke|p2|Aerodactyl, L50, F|
|poke|p2|Garchomp, L50, F|
|poke|p2|Sylveon, L50, M|
|teampreview|4
|showteam|p1|Charizard||CharizarditeY|Blaze|HeatWave,WeatherBall,SolarBeam,Protect|Modest||M|||50|]Floette-Eternal||Floettite|FlowerVeil|Moonblast,DazzlingGleam,LightofRuin,Protect|Timid||F|||50|]Whimsicott||FocusSash|Prankster|Moonblast,Tailwind,Encore,Protect|Timid||F|||50|]Basculegion||MysticWater|Adaptability|WaveCrash,LastRespects,AquaJet,Protect|Adamant||M|||50|]Kingambit||ChopleBerry|Defiant|KowtowCleave,SuckerPunch,IronHead,LowKick|Adamant||F|||50|]Garchomp||LifeOrb|RoughSkin|Earthquake,RockSlide,DragonClaw,Protect|Jolly||M|||50|
|showteam|p2|Charizard||CharizarditeY|SolarPower|HeatWave,WeatherBall,SolarBeam,Protect|Modest||F|||50|]Kingambit||FocusSash|Defiant|SuckerPunch,KowtowCleave,IronHead,LowKick|Adamant||F|||50|]Farigiraf||SitrusBerry|ArmorTail|PsychicFangs,Thunderbolt,TrickRoom,SunnyDay|Relaxed||M|||50|]Aerodactyl||Aerodactylite|Unnerve|RockSlide,DualWingbeat,IceFang,Tailwind|Jolly||F|||50|]Garchomp||LifeOrb|RoughSkin|RockSlide,Earthquake,StompingTantrum,DragonClaw|Jolly||F|||50|]Sylveon||FairyFeather|Pixilate|HyperVoice,HyperBeam,QuickAttack,Detect|Modest||M|||50|
|inactive|Battle timer is ON: inactive players will automatically lose when time's up. (requested by failandimprove2)
|inactive|failandimprove2 has 60 seconds left.
|
|t:|1783454388
|teamsize|p1|4
|teamsize|p2|4
|start
|switch|p1a: Garchomp|Garchomp, L50, M|100/100
|switch|p1b: Whimsicott|Whimsicott, L50, F|100/100
|switch|p2a: Aerodactyl|Aerodactyl, L50, F|100/100
|switch|p2b: Kingambit|Kingambit, L50, F|100/100
|-ability|p2a: Aerodactyl|Unnerve
|turn|1
|
|t:|1783454399
|detailschange|p2a: Aerodactyl|Aerodactyl-Mega, L50, F
|-mega|p2a: Aerodactyl|Aerodactyl|Aerodactylite
|move|p1b: Whimsicott|Tailwind|p1b: Whimsicott
|-sidestart|p1: failandimprove2|move: Tailwind
|move|p1a: Garchomp|Rock Slide|p2a: Aerodactyl|[spread] p2a,p2b
|-supereffective|p2a: Aerodactyl|1
|-resisted|p2b: Kingambit|1
|-damage|p2a: Aerodactyl|44/100
|-damage|p2b: Kingambit|89/100
|-damage|p1a: Garchomp|90/100|[from] item: Life Orb
|move|p2a: Aerodactyl|Ice Fang|p1a: Garchomp
|-supereffective|p1a: Garchomp|2
|-damage|p1a: Garchomp|0 fnt
|-damage|p2a: Aerodactyl|31/100|[from] ability: Rough Skin|[of] p1a: Garchomp
|faint|p1a: Garchomp
|move|p2b: Kingambit|Iron Head|p1b: Whimsicott
|-supereffective|p1b: Whimsicott|1
|-enditem|p1b: Whimsicott|Focus Sash
|-damage|p1b: Whimsicott|1/100
|
|upkeep
|
|t:|1783454410
|switch|p1a: Charizard|Charizard, L50, M|100/100
|turn|2
|
|t:|1783454433
|switch|p1b: Kingambit|Kingambit, L50, F|100/100
|detailschange|p1a: Charizard|Charizard-Mega-Y, L50, M
|-mega|p1a: Charizard|Charizard|Charizardite Y
|-weather|SunnyDay|[from] ability: Drought|[of] p1a: Charizard
|move|p2b: Kingambit|Sucker Punch|p1a: Charizard
|-damage|p1a: Charizard|61/100
|move|p1a: Charizard|Heat Wave|p2b: Kingambit|[spread] p2a
|-miss|p1a: Charizard|p2b: Kingambit
|-resisted|p2a: Aerodactyl|1
|-damage|p2a: Aerodactyl|0 fnt
|faint|p2a: Aerodactyl
|
|-weather|SunnyDay|[upkeep]
|upkeep
|
|t:|1783454445
|switch|p2a: Farigiraf|Farigiraf, L50, M|100/100
|turn|3
|
|t:|1783454465
|move|p2b: Kingambit|Sucker Punch|p1a: Charizard
|-damage|p1a: Charizard|26/100
|move|p1a: Charizard|Heat Wave|p2b: Kingambit|[spread] p2a,p2b
|-supereffective|p2b: Kingambit|1
|-damage|p2a: Farigiraf|43/100
|-damage|p2b: Kingambit|0 fnt
|-enditem|p2a: Farigiraf|Sitrus Berry|[eat]
|-heal|p2a: Farigiraf|68/100|[from] item: Sitrus Berry
|faint|p2b: Kingambit
|move|p1b: Kingambit|Kowtow Cleave|p2a: Farigiraf
|-supereffective|p2a: Farigiraf|1
|-damage|p2a: Farigiraf|0 fnt
|faint|p2a: Farigiraf
|
|-weather|SunnyDay|[upkeep]
|upkeep
|
|t:|1783454477
|switch|p2b: Sylveon|Sylveon, L50, M|100/100
|turn|4
|
|t:|1783454482
|switch|p1a: Whimsicott|Whimsicott, L50, F|1/100
|move|p2b: Sylveon|Detect|p2b: Sylveon
|-singleturn|p2b: Sylveon|Protect
|move|p1b: Kingambit|Iron Head|p2b: Sylveon
|-activate|p2b: Sylveon|move: Protect
|
|-weather|SunnyDay|[upkeep]
|-sideend|p1: failandimprove2|move: Tailwind
|upkeep
|turn|5
|
|t:|1783454492
|move|p1a: Whimsicott|Encore|p2b: Sylveon
|-start|p2b: Sylveon|Encore
|move|p2b: Sylveon|Detect|p2b: Sylveon
|-singleturn|p2b: Sylveon|Protect
|move|p1b: Kingambit|Iron Head|p2b: Sylveon
|-activate|p2b: Sylveon|move: Protect
|
|-weather|SunnyDay|[upkeep]
|upkeep
|turn|6
|-message|capspungo forfeited.
|
|win|failandimprove2
|l|☆capspungo
|player|p2|
