|j|☆d1mo22
|j|☆Fcjavic67
|html|d1mo22Fcjavic67    
|uhtml|bestof|Game 1 of a best-of-3
|t:|1784292786
|gametype|doubles
|player|p1|d1mo22|skier|1306
|player|p2|Fcjavic67|265|1376
|gen|9
|tier|[Gen 9 Champions] VGC 2026 Reg M-B (Bo3)
|rated|
|rule|Species Clause: Limit one of each Pokémon
|rule|Item Clause: Limit 1 of each item
|clearpoke
|poke|p1|Raichu, L50, F|
|poke|p1|Gyarados, L50, M, shiny|
|poke|p1|Mamoswine, L50, F|
|poke|p1|Ceruledge, L50, M|
|poke|p1|Sinistcha, L50|
|poke|p1|Kingambit, L50, F, shiny|
|poke|p2|Floette-Eternal, L50, F|
|poke|p2|Charizard, L50, M|
|poke|p2|Basculegion, L50, M|
|poke|p2|Garchomp, L50, M|
|poke|p2|Whimsicott, L50, F|
|poke|p2|Kingambit, L50, M|
|teampreview|4
|showteam|p1|Raichu||RaichuniteY|LightningRod|FakeOut,Encore,ZapCannon,FocusBlast|Timid||F|||50|]Gyarados||Gyaradosite|Intimidate|LashOut,Waterfall,DragonDance,Protect|Adamant||M|||50|]Mamoswine||LifeOrb|Oblivious|Protect,IcicleCrash,IceShard,HighHorsepower|Jolly||F|||50|]Ceruledge||ColburBerry|FlashFire|BitterBlade,ShadowSneak,BulkUp,Protect|Adamant||M|||50|]Sinistcha||SitrusBerry|Hospitality|Protect,RagePowder,MatchaGotcha,LifeDew|Bold|||||50|]Kingambit||FocusSash|Defiant|Protect,SuckerPunch,KowtowCleave,IronHead|Adamant||F|||50|
|showteam|p2|Floette-Eternal||Floettite|FlowerVeil|DazzlingGleam,Protect,Moonblast,LightofRuin|Modest||F|||50|]Charizard||CharizarditeY|SolarPower|Protect,SolarBeam,WeatherBall,HeatWave|Modest||M|||50|]Basculegion||ChoiceScarf|Adaptability|FlipTurn,WaveCrash,LastRespects,AquaJet|Jolly||M|||50|]Garchomp||LifeOrb|RoughSkin|Protect,Earthquake,DragonClaw,RockSlide|Jolly||M|||50|]Whimsicott||FocusSash|Prankster|Moonblast,Encore,Protect,Tailwind|Timid||F|||50|]Kingambit||BlackGlasses|Defiant|Protect,KowtowCleave,IronHead,SuckerPunch|Adamant||M|||50|
|inactive|Battle timer is ON: inactive players will automatically lose when time's up. (requested by d1mo22)
|inactive|d1mo22 has 60 seconds left.
|inactive|Fcjavic67 has 60 seconds left.
|inactive|d1mo22 has 30 seconds left.
|
|t:|1784292849
|teamsize|p1|4
|teamsize|p2|4
|start
|switch|p1a: Raichu|Raichu, L50, F|100/100
|switch|p1b: Kingambit|Kingambit, L50, F, shiny|100/100
|switch|p2a: Whimsicott|Whimsicott, L50, F|100/100
|switch|p2b: Kingambit|Kingambit, L50, M|100/100
|turn|1
|inactive|d1mo22 has 30 seconds left.
|inactive|Fcjavic67 has 30 seconds left.
|inactive|Fcjavic67 has 20 seconds left.
|
|t:|1784292886
|detailschange|p1a: Raichu|Raichu-Mega-Y, L50, F
|-mega|p1a: Raichu|Raichu|Raichunite Y
|move|p2a: Whimsicott|Protect|p2a: Whimsicott
|-singleturn|p2a: Whimsicott|Protect
|move|p1a: Raichu|Focus Blast|p2b: Kingambit
|-supereffective|p2b: Kingambit|2
|-damage|p2b: Kingambit|0 fnt
|faint|p2b: Kingambit
|move|p1b: Kingambit|Iron Head|p2a: Whimsicott
|-activate|p2a: Whimsicott|move: Protect
|
|upkeep
|
|t:|1784292893
|switch|p2b: Floette|Floette-Eternal, L50, F|100/100
|turn|2
|
|t:|1784292912
|move|p2b: Floette|Protect|p2b: Floette
|-singleturn|p2b: Floette|Protect
|move|p1b: Kingambit|Protect|p1b: Kingambit
|-singleturn|p1b: Kingambit|Protect
|move|p2a: Whimsicott|Tailwind|p2a: Whimsicott
|-sidestart|p2: Fcjavic67|move: Tailwind
|move|p1a: Raichu|Zap Cannon|p2b: Floette
|-activate|p2b: Floette|move: Protect
|
|upkeep
|turn|3
|
|t:|1784292931
|detailschange|p2b: Floette|Floette-Mega, L50, F
|-mega|p2b: Floette|Floette|Floettite
|-ability|p2b: Floette|Fairy Aura
|move|p2a: Whimsicott|Moonblast|p1b: Kingambit
|-damage|p1b: Kingambit|47/100
|move|p2b: Floette|Dazzling Gleam|p1b: Kingambit|[spread] p1a,p1b
|-crit|p1a: Raichu
|-damage|p1a: Raichu|6/100
|-damage|p1b: Kingambit|0 fnt
|faint|p1b: Kingambit
|move|p1a: Raichu|Zap Cannon|p2b: Floette
|-crit|p2b: Floette
|-damage|p2b: Floette|30/100
|-status|p2b: Floette|par
|
|upkeep
|
|t:|1784292946
|switch|p1b: Mamoswine|Mamoswine, L50, F|100/100
|turn|4
|
|t:|1784292966
|switch|p1a: Gyarados|Gyarados, L50, M, shiny|100/100
|-ability|p1a: Gyarados|Intimidate|boost
|-unboost|p2a: Whimsicott|atk|1
|-unboost|p2b: Floette|atk|1
|move|p1b: Mamoswine|Ice Shard|p2a: Whimsicott
|-supereffective|p2a: Whimsicott|1
|-crit|p2a: Whimsicott
|-enditem|p2a: Whimsicott|Focus Sash
|-damage|p2a: Whimsicott|1/100
|-damage|p1b: Mamoswine|90/100|[from] item: Life Orb
|move|p2a: Whimsicott|Moonblast|p1a: Gyarados
|-damage|p1a: Gyarados|60/100
|move|p2b: Floette|Moonblast|p1b: Mamoswine
|-damage|p1b: Mamoswine|0 fnt
|faint|p1b: Mamoswine
|
|upkeep
|
|t:|1784292976
|switch|p1b: Raichu|Raichu-Mega-Y, L50, F|6/100
|turn|5
|inactive|d1mo22 has 30 seconds left.
|inactive|d1mo22 has 20 seconds left.
|
|t:|1784293012
|move|p2a: Whimsicott|Protect|p2a: Whimsicott
|-singleturn|p2a: Whimsicott|Protect
|move|p1b: Raichu|Fake Out|p2a: Whimsicott
|-activate|p2a: Whimsicott|move: Protect
|cant|p2b: Floette|par
|move|p1a: Gyarados|Waterfall|p2b: Floette
|-damage|p2b: Floette|0 fnt
|faint|p2b: Floette
|
|-sideend|p2: Fcjavic67|move: Tailwind
|upkeep
|
|t:|1784293019
|switch|p2b: Garchomp|Garchomp, L50, M|100/100
|turn|6
|
|t:|1784293032
|move|p2a: Whimsicott|Tailwind|p2a: Whimsicott
|-sidestart|p2: Fcjavic67|move: Tailwind
|move|p2b: Garchomp|Rock Slide|p1a: Gyarados|[spread] p1a,p1b
|-supereffective|p1a: Gyarados|1
|-damage|p1a: Gyarados|10/100
|-damage|p1b: Raichu|0 fnt
|faint|p1b: Raichu
|-damage|p2b: Garchomp|90/100|[from] item: Life Orb
|move|p1a: Gyarados|Waterfall|p2b: Garchomp
|-damage|p2b: Garchomp|48/100
|-damage|p1a: Gyarados|0 fnt|[from] ability: Rough Skin|[of] p2b: Garchomp
|faint|p1a: Gyarados
|
|win|Fcjavic67
