|j|☆sandy ghost 5
|j|☆realslim19
|html|sandy ghost 5realslim19    
|uhtml|bestof|Game 1 of a best-of-3
|t:|1756921303
|gametype|doubles
|player|p1|sandy ghost 5|baker|1282
|player|p2|realslim19|richboy-gen4|1355
|gen|9
|tier|[Gen 9] VGC 2025 Reg H (Bo3)
|rated|
|rule|Species Clause: Limit one of each Pokémon
|rule|Item Clause: Limit 1 of each item
|clearpoke
|poke|p1|Tyranitar, L50, M|
|poke|p1|Excadrill, L50, M|
|poke|p1|Sinistcha-Masterpiece, L50|
|poke|p1|Salamence, L50, F|
|poke|p1|Blaziken, L50, M|
|poke|p1|Bruxish, L50, M|
|poke|p2|Porygon2, L50|
|poke|p2|Incineroar, L50, M|
|poke|p2|Ursaluna, L50, M|
|poke|p2|Jumpluff, L50, F|
|poke|p2|Charizard, L50, F|
|poke|p2|Torkoal, L50, M|
|teampreview|4
|showteam|p1|Tyranitar||ClearAmulet|SandStream|RockSlide,KnockOff,DragonDance,Protect|||M|||50|,,,,,Grass]Excadrill||AssaultVest|SandRush|Earthquake,IronHead,HighHorsepower,RockSlide|||M|||50|,,,,,Ghost]Sinistcha-Masterpiece||SitrusBerry|Hospitality|ShadowBall,MatchaGotcha,RagePowder,Protect||||||50|,,,,,Dark]Salamence||LifeOrb|Intimidate|DracoMeteor,AirSlash,Protect,Tailwind|||F|||50|,,,,,Ghost]Blaziken||CovertCloak|SpeedBoost|AuraSphere,HeatWave,Coaching,WillOWisp|||M|||50|,,,,,Dragon]Bruxish||ChoiceScarf|Dazzling|PsychicFangs,FlipTurn,WaveCrash,SuperFang|||M|||50|,,,,,Water
|showteam|p2|Porygon2||Eviolite|Download|TeraBlast,IceBeam,TrickRoom,Recover||||||50|,,,,,Fighting]Incineroar||AssaultVest|Intimidate|FakeOut,KnockOff,FlareBlitz,Uturn|||M|||50|,,,,,Grass]Ursaluna||FlameOrb|Guts|HeadlongRush,Facade,Earthquake,Protect|||M|||50|,,,,,Ghost]Jumpluff||CovertCloak|Chlorophyll|RagePowder,SunnyDay,Tailwind,SleepPowder|||F|||50|,,,,,Fire]Charizard||ChoiceSpecs|SolarPower|WeatherBall,HeatWave,BlastBurn,DragonPulse|||F|||50|,,,,,Ghost]Torkoal||EjectPack|Drought|Overheat,Eruption,HelpingHand,Protect|||M|||50|,,,,,Fire
|inactive|Battle timer is ON: inactive players will automatically lose when time's up. (requested by realslim19)
|inactive|sandy ghost 5 has 60 seconds left.
|inactive|realslim19 has 60 seconds left.
|inactive|realslim19 has 30 seconds left.
|inactive|realslim19 has 20 seconds left.
|inactive|realslim19 has 15 seconds left.
|
|t:|1756921379
|teamsize|p1|4
|teamsize|p2|4
|start
|switch|p1a: Excadrill|Excadrill, L50, M|100/100
|switch|p1b: Salamence|Salamence, L50, F|100/100
|switch|p2a: Jumpluff|Jumpluff, L50, F|100/100
|switch|p2b: Ursaluna|Ursaluna, L50, M|100/100
|-ability|p1b: Salamence|Intimidate|boost
|-unboost|p2a: Jumpluff|atk|1
|-unboost|p2b: Ursaluna|atk|1
|turn|1
|inactive|realslim19 has 30 seconds left.
|
|t:|1756921412
|switch|p1a: Puppet|Sinistcha-Masterpiece, L50|100/100
|switch|p2b: Torkoal|Torkoal, L50, M|100/100
|-weather|SunnyDay|[from] ability: Drought|[of] p2b: Torkoal
|move|p2a: Jumpluff|Sleep Powder|p1a: Puppet
|-immune|p1a: Puppet
|move|p1b: Salamence|Air Slash|p2a: Jumpluff|[miss]
|-miss|p1b: Salamence|p2a: Jumpluff
|
|-weather|SunnyDay|[upkeep]
|upkeep
|turn|2
|inactive|sandy ghost 5 has 30 seconds left.
|inactive|realslim19 has 30 seconds left.
|
|t:|1756921438
|switch|p1a: Tyranitar|Tyranitar, L50, M|100/100
|-weather|Sandstorm|[from] ability: Sand Stream|[of] p1a: Tyranitar
|move|p2a: Jumpluff|Sleep Powder|p1b: Salamence|[miss]
|-miss|p2a: Jumpluff|p1b: Salamence
|move|p1b: Salamence|Air Slash|p2a: Jumpluff
|-supereffective|p2a: Jumpluff
|-damage|p2a: Jumpluff|13/100
|-damage|p1b: Salamence|91/100|[from] item: Life Orb
|move|p2b: Torkoal|Overheat|p1a: Tyranitar
|-resisted|p1a: Tyranitar
|-damage|p1a: Tyranitar|82/100
|-unboost|p2b: Torkoal|spa|2
|-enditem|p2b: Torkoal|Eject Pack
|
|t:|1756921452
|switch|p2b: Ursaluna|Ursaluna, L50, M|100/100
|
|-weather|Sandstorm|[upkeep]
|-damage|p2a: Jumpluff|7/100|[from] Sandstorm
|-damage|p1b: Salamence|85/100|[from] Sandstorm
|-status|p2b: Ursaluna|brn|[from] item: Flame Orb
|upkeep
|turn|3
|
|t:|1756921467
|switch|p1a: Puppet|Sinistcha-Masterpiece, L50|100/100
|-heal|p1b: Salamence|100/100|[from] ability: Hospitality|[of] p1a: Puppet
|move|p1b: Salamence|Protect|p1b: Salamence
|-singleturn|p1b: Salamence|Protect
|move|p2a: Jumpluff|Tailwind|p2a: Jumpluff
|-sidestart|p2: realslim19|move: Tailwind
|move|p2b: Ursaluna|Facade|p1b: Salamence
|-activate|p1b: Salamence|move: Protect
|
|-weather|Sandstorm|[upkeep]
|-damage|p2a: Jumpluff|1/100|[from] Sandstorm
|-damage|p1b: Salamence|95/100|[from] Sandstorm
|-damage|p1a: Puppet|94/100|[from] Sandstorm
|-damage|p2b: Ursaluna|95/100 brn|[from] brn
|upkeep
|turn|4
|inactive|realslim19 has 30 seconds left.
|inactive|realslim19 has 20 seconds left.
|
|t:|1756921506
|switch|p2a: Torkoal|Torkoal, L50, M|100/100
|-weather|SunnyDay|[from] ability: Drought|[of] p2a: Torkoal
|move|p1a: Puppet|Rage Powder|p1a: Puppet
|-singleturn|p1a: Puppet|move: Rage Powder
|move|p2b: Ursaluna|Headlong Rush|p1a: Puppet
|-resisted|p1a: Puppet
|-damage|p1a: Puppet|47/100
|-unboost|p2b: Ursaluna|def|1
|-unboost|p2b: Ursaluna|spd|1
|-enditem|p1a: Puppet|Sitrus Berry|[eat]
|-heal|p1a: Puppet|72/100|[from] item: Sitrus Berry
|move|p1b: Salamence|Draco Meteor|p2b: Ursaluna
|-damage|p2b: Ursaluna|0 fnt
|-unboost|p1b: Salamence|spa|2
|faint|p2b: Ursaluna
|-damage|p1b: Salamence|85/100|[from] item: Life Orb
|
|-weather|SunnyDay|[upkeep]
|upkeep
|
|t:|1756921523
|switch|p2b: Charizard|Charizard, L50, F|100/100
|turn|5
|inactive|sandy ghost 5 has 30 seconds left.
|inactive|sandy ghost 5 has 20 seconds left.
|inactive|sandy ghost 5 has 15 seconds left.
|
|t:|1756921566
|switch|p1a: Tyranitar|Tyranitar, L50, M|82/100
|-weather|Sandstorm|[from] ability: Sand Stream|[of] p1a: Tyranitar
|switch|p2a: Jumpluff|Jumpluff, L50, F|1/100
|move|p1b: Salamence|Protect|p1b: Salamence
|-singleturn|p1b: Salamence|Protect
|move|p2b: Charizard|Heat Wave|p1a: Tyranitar|[spread] p1a
|-activate|p1b: Salamence|move: Protect
|-resisted|p1a: Tyranitar
|-damage|p1a: Tyranitar|65/100
|
|-weather|Sandstorm|[upkeep]
|-damage|p2a: Jumpluff|0 fnt|[from] Sandstorm
|-damage|p2b: Charizard|95/100|[from] Sandstorm
|-damage|p1b: Salamence|79/100|[from] Sandstorm
|faint|p2a: Jumpluff
|upkeep
|
|t:|1756921577
|switch|p2a: Torkoal|Torkoal, L50, M|100/100
|-weather|SunnyDay|[from] ability: Drought|[of] p2a: Torkoal
|turn|6
|
|t:|1756921601
|switch|p1b: Puppet|Sinistcha-Masterpiece, L50|72/100
|-heal|p1a: Tyranitar|90/100|[from] ability: Hospitality|[of] p1b: Puppet
|move|p2a: Torkoal|Helping Hand|p2b: Charizard
|-singleturn|p2b: Charizard|Helping Hand|[of] p2a: Torkoal
|move|p2b: Charizard|Heat Wave|p1b: Puppet|[spread] p1a,p1b
|-resisted|p1a: Tyranitar
|-supereffective|p1b: Puppet
|-damage|p1a: Tyranitar|4/100
|-damage|p1b: Puppet|0 fnt
|faint|p1b: Puppet
|move|p1a: Tyranitar|Rock Slide|p2b: Charizard|[spread] p2a,p2b
|-supereffective|p2a: Torkoal
|-supereffective|p2b: Charizard
|-damage|p2a: Torkoal|53/100
|-damage|p2b: Charizard|0 fnt
|faint|p2b: Charizard
|
|-weather|SunnyDay|[upkeep]
|-sideend|p2: realslim19|move: Tailwind
|upkeep
|-message|realslim19 forfeited.
|
|win|sandy ghost 5
|l|☆realslim19
|player|p2|
||realslim19 is ready for game 2.
||sandy ghost 5 is ready for game 2.
|uhtml|next|Next: Game 2 of 3
