|j|☆MrTedno
|j|☆Perish Blossom
|html|MrTednoPerish Blossom    
|uhtml|bestof|Game 2 of a best-of-3
|t:|1784101479
|gametype|doubles
|player|p1|MrTedno|2|1151
|player|p2|Perish Blossom|cynthia-gen4|1236
|gen|9
|tier|[Gen 9 Champions] VGC 2026 Reg M-B (Bo3)
|rated|
|rule|Species Clause: Limit one of each Pokémon
|rule|Item Clause: Limit 1 of each item
|clearpoke
|poke|p1|Archaludon, L50, M|
|poke|p1|Samurott-Hisui, L50, F|
|poke|p1|Garchomp, L50, F|
|poke|p1|Pelipper, L50, F|
|poke|p1|Venusaur, L50, F|
|poke|p1|Incineroar, L50, F|
|poke|p2|Gengar, L50, M|
|poke|p2|Politoed, L50, M|
|poke|p2|Incineroar, L50, M|
|poke|p2|Farigiraf, L50, F|
|poke|p2|Mawile, L50, F|
|poke|p2|Basculegion, L50, M|
|teampreview|4
|showteam|p1|Archaludon||Leftovers|Stamina|ElectroShot,DragonPulse,FlashCannon,Protect|Modest||M|||50|]Samurott-Hisui||FocusSash|Sharpness|AquaCutter,NightSlash,SacredSword,Protect|Jolly||F|||50|]Garchomp||LifeOrb|RoughSkin|DragonClaw,StompingTantrum,RockSlide,Protect|Jolly||F|||50|]Pelipper||SitrusBerry|Drizzle|Tailwind,WeatherBall,Hurricane,Protect|Modest||F|||50|]Venusaur||Venusaurite|Chlorophyll|GigaDrain,SludgeBomb,EarthPower,Protect|Modest||F|||50|]Incineroar||ChopleBerry|Intimidate|FakeOut,ThroatChop,PartingShot,FlareBlitz|Careful||F|||50|
|showteam|p2|Gengar||Gengarite|CursedBody|ShadowBall,Protect,PerishSong,Disable|Timid||M|||50|]Politoed||Leftovers|Drizzle|MuddyWater,PerishSong,Protect,Encore|Calm||M|||50|]Incineroar||ExpertBelt|Intimidate|FakeOut,FlareBlitz,Protect,PartingShot|Adamant||M|||50|]Farigiraf||SitrusBerry|ArmorTail|TrickRoom,HyperVoice,Thunderbolt,Protect|Quiet||F|||50|]Mawile||Mawilite|Intimidate|PlayRough,SuckerPunch,SwordsDance,Protect|Adamant||F|||50|]Basculegion||LifeOrb|SwiftSwim|WaveCrash,LastRespects,AquaJet,Protect|Adamant||M|||50|
|
|t:|1784101507
|teamsize|p1|4
|teamsize|p2|4
|start
|switch|p1a: Miss Piggy|Incineroar, L50, F|100/100
|switch|p1b: Gonzo|Samurott-Hisui, L50, F|100/100
|switch|p2a: Incineroar|Incineroar, L50, M|100/100
|switch|p2b: Farigiraf|Farigiraf, L50, F|100/100
|-ability|p1a: Miss Piggy|Intimidate|boost
|-unboost|p2a: Incineroar|atk|1
|-unboost|p2b: Farigiraf|atk|1
|-ability|p2a: Incineroar|Intimidate|boost
|-unboost|p1a: Miss Piggy|atk|1
|-unboost|p1b: Gonzo|atk|1
|turn|1
|
|t:|1784101543
|switch|p1b: Animal|Garchomp, L50, F|100/100
|switch|p2a: Politoed|Politoed, L50, M|100/100
|-weather|RainDance|[from] ability: Drizzle|[of] p2a: Politoed
|move|p2b: Farigiraf|Protect|p2b: Farigiraf
|-singleturn|p2b: Farigiraf|Protect
|move|p1a: Miss Piggy|Parting Shot|p2b: Farigiraf
|-activate|p2b: Farigiraf|move: Protect
|
|-weather|RainDance|[upkeep]
|upkeep
|turn|2
|
|t:|1784101578
|move|p1b: Animal|Stomping Tantrum|p2b: Farigiraf
|-damage|p2b: Farigiraf|46/100
|-enditem|p2b: Farigiraf|Sitrus Berry|[eat]
|-heal|p2b: Farigiraf|71/100|[from] item: Sitrus Berry
|-damage|p1b: Animal|90/100|[from] item: Life Orb
|move|p1a: Miss Piggy|Parting Shot|p2a: Politoed
|-unboost|p2a: Politoed|atk|1
|-unboost|p2a: Politoed|spa|1
|
|t:|1784101587
|switch|p1a: Kermit|Venusaur, L50, F|100/100|[from] Parting Shot
|move|p2a: Politoed|Muddy Water|p1b: Animal|[spread] p1a
|-miss|p2a: Politoed|p1b: Animal
|-resisted|p1a: Kermit|1
|-damage|p1a: Kermit|90/100
|move|p2b: Farigiraf|Trick Room|p2b: Farigiraf
|-fieldstart|move: Trick Room|[of] p2b: Farigiraf
|
|-weather|RainDance|[upkeep]
|upkeep
|turn|3
|
|t:|1784101609
|detailschange|p1a: Kermit|Venusaur-Mega, L50, F
|-mega|p1a: Kermit|Venusaur|Venusaurite
|move|p2a: Politoed|Protect|p2a: Politoed
|-singleturn|p2a: Politoed|Protect
|move|p2b: Farigiraf|Hyper Voice|p1a: Kermit|[spread] p1a,p1b
|-damage|p1a: Kermit|69/100
|-damage|p1b: Animal|61/100
|move|p1a: Kermit|Giga Drain|p2a: Politoed
|-activate|p2a: Politoed|move: Protect
|move|p1b: Animal|Stomping Tantrum|p2b: Farigiraf
|-damage|p2b: Farigiraf|22/100
|-damage|p1b: Animal|51/100|[from] item: Life Orb
|
|-weather|RainDance|[upkeep]
|upkeep
|turn|4
|
|t:|1784101629
|switch|p2a: Incineroar|Incineroar, L50, M|100/100
|-ability|p2a: Incineroar|Intimidate|boost
|-unboost|p1a: Kermit|atk|1
|-unboost|p1b: Animal|atk|1
|move|p1b: Animal|Protect|p1b: Animal
|-singleturn|p1b: Animal|Protect
|move|p2b: Farigiraf|Hyper Voice|p1b: Animal|[spread] p1a
|-activate|p1b: Animal|move: Protect
|-damage|p1a: Kermit|47/100
|move|p1a: Kermit|Giga Drain|p2a: Incineroar
|-resisted|p2a: Incineroar|1
|-damage|p2a: Incineroar|83/100
|-heal|p1a: Kermit|57/100|[from] drain|[of] p2a: Incineroar
|
|-weather|RainDance|[upkeep]
|upkeep
|turn|5
|
|t:|1784101659
|switch|p1b: Miss Piggy|Incineroar, L50, F|100/100
|-ability|p1b: Miss Piggy|Intimidate|boost
|-unboost|p2a: Incineroar|atk|1
|-unboost|p2b: Farigiraf|atk|1
|move|p2b: Farigiraf|Hyper Voice|p1a: Kermit|[spread] p1a,p1b
|-damage|p1a: Kermit|37/100
|-damage|p1b: Miss Piggy|75/100
|move|p2a: Incineroar|Parting Shot|p1b: Miss Piggy
|-unboost|p1b: Miss Piggy|atk|1
|-unboost|p1b: Miss Piggy|spa|1
|
|t:|1784101668
|switch|p2a: Mawile|Mawile, L50, F|100/100|[from] Parting Shot
|-ability|p2a: Mawile|Intimidate|boost
|-unboost|p1a: Kermit|atk|1
|-unboost|p1b: Miss Piggy|atk|1
|move|p1a: Kermit|Giga Drain|p2b: Farigiraf
|-damage|p2b: Farigiraf|0 fnt
|-heal|p1a: Kermit|51/100|[from] drain|[of] p2b: Farigiraf
|faint|p2b: Farigiraf
|
|-weather|none
|upkeep
|
|t:|1784101677
|switch|p2b: Incineroar|Incineroar, L50, M|83/100
|-ability|p2b: Incineroar|Intimidate|boost
|-unboost|p1a: Kermit|atk|1
|-unboost|p1b: Miss Piggy|atk|1
|turn|6
|
|t:|1784101703
|detailschange|p2a: Mawile|Mawile-Mega, L50, F
|-mega|p2a: Mawile|Mawile|Mawilite
|move|p2b: Incineroar|Fake Out|p1a: Kermit
|-damage|p1a: Kermit|38/100
|move|p2a: Mawile|Swords Dance|p2a: Mawile
|-boost|p2a: Mawile|atk|2
|move|p1b: Miss Piggy|Parting Shot|p2a: Mawile
|-unboost|p2a: Mawile|atk|1
|-unboost|p2a: Mawile|spa|1
|
|t:|1784101740
|switch|p1b: Gonzo|Samurott-Hisui, L50, F|100/100|[from] Parting Shot
|cant|p1a: Kermit|flinch
|
|-fieldend|move: Trick Room
|upkeep
|turn|7
|
|t:|1784101754
|switch|p1b: Miss Piggy|Incineroar, L50, F|75/100
|-ability|p1b: Miss Piggy|Intimidate|boost
|-unboost|p2a: Mawile|atk|1
|-unboost|p2b: Incineroar|atk|1
|switch|p2b: Politoed|Politoed, L50, M|100/100
|-weather|RainDance|[from] ability: Drizzle|[of] p2b: Politoed
|move|p2a: Mawile|Protect|p2a: Mawile
|-singleturn|p2a: Mawile|Protect
|move|p1a: Kermit|Earth Power|p2a: Mawile
|-activate|p2a: Mawile|move: Protect
|
|-weather|RainDance|[upkeep]
|upkeep
|turn|8
|
|t:|1784101779
|switch|p2a: Incineroar|Incineroar, L50, M|83/100
|-ability|p2a: Incineroar|Intimidate|boost
|-unboost|p1a: Kermit|atk|1
|-unboost|p1b: Miss Piggy|atk|1
|move|p1b: Miss Piggy|Fake Out|p2a: Incineroar
|-damage|p2a: Incineroar|76/100
|move|p1a: Kermit|Earth Power|p2a: Incineroar
|-supereffective|p2a: Incineroar|1
|-damage|p2a: Incineroar|21/100
|move|p2b: Politoed|Muddy Water|p1b: Miss Piggy|[spread] p1a,p1b
|-resisted|p1a: Kermit|1
|-supereffective|p1b: Miss Piggy|1
|-damage|p1a: Kermit|25/100
|-damage|p1b: Miss Piggy|25/100
|
|-weather|RainDance|[upkeep]
|upkeep
|turn|9
|
|t:|1784101795
|switch|p1b: Animal|Garchomp, L50, F|51/100
|move|p1a: Kermit|Protect|p1a: Kermit
|-singleturn|p1a: Kermit|Protect
|move|p2a: Incineroar|Fake Out|p1a: Kermit
|-activate|p1a: Kermit|move: Protect
|move|p2b: Politoed|Muddy Water|p1b: Animal|[spread] p1b
|-activate|p1a: Kermit|move: Protect
|-damage|p1b: Animal|17/100
|-unboost|p1b: Animal|accuracy|1
|
|-weather|RainDance|[upkeep]
|upkeep
|turn|10
|
|t:|1784101815
|move|p2a: Incineroar|Protect|p2a: Incineroar
|-singleturn|p2a: Incineroar|Protect
|move|p1b: Animal|Stomping Tantrum|p2a: Incineroar
|-activate|p2a: Incineroar|move: Protect
|move|p1a: Kermit|Giga Drain|p2b: Politoed
|-supereffective|p2b: Politoed|1
|-damage|p2b: Politoed|48/100
|-heal|p1a: Kermit|53/100|[from] drain|[of] p2b: Politoed
|move|p2b: Politoed|Muddy Water|p1a: Kermit|[spread] 
|-miss|p2b: Politoed|p1a: Kermit
|-miss|p2b: Politoed|p1b: Animal
|
|-weather|RainDance|[upkeep]
|-heal|p2b: Politoed|54/100|[from] item: Leftovers
|upkeep
|turn|11
|
|t:|1784101831
|move|p1b: Animal|Protect|p1b: Animal
|-singleturn|p1b: Animal|Protect
|move|p1a: Kermit|Giga Drain|p2b: Politoed
|-supereffective|p2b: Politoed|1
|-damage|p2b: Politoed|1/100
|-heal|p1a: Kermit|81/100|[from] drain|[of] p2b: Politoed
|move|p2b: Politoed|Muddy Water|p1a: Kermit|[spread] p1a
|-activate|p1b: Animal|move: Protect
|-resisted|p1a: Kermit|1
|-damage|p1a: Kermit|68/100
|-unboost|p1a: Kermit|accuracy|1
|move|p2a: Incineroar|Flare Blitz|p1a: Kermit
|-supereffective|p1a: Kermit|1
|-damage|p1a: Kermit|36/100
|-damage|p2a: Incineroar|11/100|[from] Recoil
|
|-weather|none
|-heal|p2b: Politoed|7/100|[from] item: Leftovers
|upkeep
|turn|12
|
|t:|1784101853
|move|p2b: Politoed|Protect|p2b: Politoed
|-singleturn|p2b: Politoed|Protect
|move|p1b: Animal|Stomping Tantrum|p2a: Incineroar
|-supereffective|p2a: Incineroar|1
|-damage|p2a: Incineroar|0 fnt
|faint|p2a: Incineroar
|-damage|p1b: Animal|7/100|[from] item: Life Orb
|move|p1a: Kermit|Sludge Bomb|p2b: Politoed
|-activate|p2b: Politoed|move: Protect
|
|-heal|p2b: Politoed|13/100|[from] item: Leftovers
|upkeep
|
|t:|1784101859
|switch|p2a: Mawile|Mawile-Mega, L50, F|100/100
|turn|13
|
|t:|1784101866
|move|p1b: Animal|Stomping Tantrum|p2a: Mawile|[miss]
|-miss|p1b: Animal|p2a: Mawile
|move|p1a: Kermit|Giga Drain|p2b: Politoed|[miss]
|-miss|p1a: Kermit|p2b: Politoed
|move|p2b: Politoed|Muddy Water|p1b: Animal|[spread] p1a,p1b
|-resisted|p1a: Kermit|1
|-damage|p1a: Kermit|29/100
|-damage|p1b: Animal|0 fnt
|-unboost|p1a: Kermit|accuracy|1
|faint|p1b: Animal
|move|p2a: Mawile|Swords Dance|p2a: Mawile
|-boost|p2a: Mawile|atk|2
|
|-heal|p2b: Politoed|19/100|[from] item: Leftovers
|upkeep
|
|t:|1784101880
|switch|p1b: Gonzo|Samurott-Hisui, L50, F|100/100
|turn|14
|
|t:|1784101897
|switch|p1a: Miss Piggy|Incineroar, L50, F|25/100
|-ability|p1a: Miss Piggy|Intimidate|boost
|-unboost|p2a: Mawile|atk|1
|-unboost|p2b: Politoed|atk|1
|move|p1b: Gonzo|Night Slash|p2b: Politoed
|-damage|p2b: Politoed|0 fnt
|faint|p2b: Politoed
|move|p2a: Mawile|Play Rough|p1b: Gonzo
|-supereffective|p1b: Gonzo|1
|-enditem|p1b: Gonzo|Focus Sash
|-damage|p1b: Gonzo|1/100
|
|upkeep
|turn|15
|
|t:|1784101925
|switch|p1a: Kermit|Venusaur-Mega, L50, F|29/100
|move|p1b: Gonzo|Protect|p1b: Gonzo
|-singleturn|p1b: Gonzo|Protect
|move|p2a: Mawile|Protect||[still]
|-fail|p2a: Mawile
|
|upkeep
|turn|16
|
|t:|1784101943
|switch|p1b: Miss Piggy|Incineroar, L50, F|25/100
|-ability|p1b: Miss Piggy|Intimidate|boost
|-unboost|p2a: Mawile|atk|1
|move|p1a: Kermit|Earth Power|p2a: Mawile
|-supereffective|p2a: Mawile|1
|-damage|p2a: Mawile|28/100
|move|p2a: Mawile|Play Rough|p1b: Miss Piggy
|-damage|p1b: Miss Piggy|0 fnt
|faint|p1b: Miss Piggy
|
|upkeep
|
|t:|1784101950
|switch|p1b: Gonzo|Samurott-Hisui, L50, F|1/100
|turn|17
|
|t:|1784101956
|move|p2a: Mawile|Protect|p2a: Mawile
|-singleturn|p2a: Mawile|Protect
|move|p1b: Gonzo|Aqua Cutter|p2a: Mawile
|-activate|p2a: Mawile|move: Protect
|move|p1a: Kermit|Earth Power|p2a: Mawile
|-activate|p2a: Mawile|move: Protect
|
|upkeep
|turn|18
|
|t:|1784101959
|move|p2a: Mawile|Sucker Punch|p1a: Kermit
|-damage|p1a: Kermit|0 fnt
|faint|p1a: Kermit
|move|p1b: Gonzo|Aqua Cutter|p2a: Mawile
|-damage|p2a: Mawile|0 fnt
|faint|p2a: Mawile
|
|win|MrTedno
|raw|MrTedno's rating: 1151 → 1182(+31 for winning)
|raw|Perish Blossom's rating: 1236 → 1205(-31 for losing)
|l|☆Perish Blossom
|player|p2|
|l|☆MrTedno
|player|p1|
|j|☆MrTedno
|player|p1|MrTedno|2|
|l|☆MrTedno
|player|p1|
|j|☆MrTedno
|player|p1|MrTedno|2|
