|j|☆Cwisbt
|j|☆joey
|html|Cwisbtjoey    
|uhtml|bestof|Game 2 of a best-of-3
|t:|1784431681
|gametype|doubles
|player|p1|Cwisbt|170|
|player|p2|joey|#gcplgrapes|
|gen|9
|tier|[Gen 9 Champions] VGC 2026 Reg M-B (Bo3)
|rule|Species Clause: Limit one of each Pokémon
|rule|Item Clause: Limit 1 of each item
|clearpoke
|poke|p1|Raichu, L50, M|
|poke|p1|Mamoswine, L50, M|
|poke|p1|Gholdengo, L50|
|poke|p1|Sylveon, L50, M|
|poke|p1|Talonflame, L50, F|
|poke|p1|Froslass, L50, F|
|poke|p2|Charizard, L50, F|
|poke|p2|Maushold, L50|
|poke|p2|Annihilape, L50, F|
|poke|p2|Simipour, L50, M, shiny|
|poke|p2|Venusaur, L50, M|
|poke|p2|Skarmory, L50, M|
|teampreview|4
|showteam|p1|Raichu||RaichuniteY|LightningRod|Protect,ZapCannon,FocusBlast,Encore|Timid||M|||50|]Mamoswine||FocusSash|Oblivious|Protect,IcicleCrash,IceShard,HighHorsepower|Adamant||M|||50|]Gholdengo||LifeOrb|GoodasGold|Protect,MakeItRain,ShadowBall,PowerGem|Modest|||||50|]Sylveon||FairyFeather|Pixilate|Protect,HyperVoice,HyperBeam,QuickAttack|Modest||M|||50|]Talonflame||SharpBeak|GaleWings|QuickGuard,DualWingbeat,SunnyDay,Tailwind|Jolly||F|||50|]Froslass||Froslassite|CursedBody|Protect,Blizzard,ShadowBall,Taunt|Timid||F|||50|
|showteam|p2|Charizard||CharizarditeY|Blaze|HeatWave,WeatherBall,SolarBeam,Protect|Timid||F|||50|]Maushold||WideLens|FriendGuard|BeatUp,PopulationBomb,FollowMe,Protect|Jolly|||||50|]Annihilape||RoseliBerry|Defiant|RageFist,DrainPunch,BulkUp,Protect|Adamant||F|||50|]Simipour||FocusSash|Torrent|FakeOut,Scald,IcyWind,Protect|Timid||M|||50|]Venusaur||LifeOrb|Chlorophyll|SludgeBomb,GigaDrain,EarthPower,Protect|Modest||M|||50|]Skarmory||Skarmorite|KeenEye|IronHead,BraveBird,SwordsDance,Protect|Jolly||M|||50|
|inactive|Battle timer is ON: inactive players will automatically lose when time's up. (requested by joey)
|inactive|Cwisbt also wants the timer to be on.
|inactive|Cwisbt no longer wants the timer on, but the timer is staying on because joey still does.
|inactiveoff|Battle timer is now OFF.
|
|t:|1784431706
|teamsize|p1|4
|teamsize|p2|4
|start
|switch|p1a: Raichu|Raichu, L50, M|100/100
|switch|p1b: Talonflame|Talonflame, L50, F|100/100
|switch|p2a: Maustudio|Maushold, L50|100/100
|switch|p2b: Determinate|Annihilape, L50, F|100/100
|turn|1
|
|t:|1784431734
|detailschange|p1a: Raichu|Raichu-Mega-Y, L50, M
|-mega|p1a: Raichu|Raichu|Raichunite Y
|move|p2b: Determinate|Protect|p2b: Determinate
|-singleturn|p2b: Determinate|Protect
|move|p1b: Talonflame|Tailwind|p1b: Talonflame
|-sidestart|p1: Cwisbt|move: Tailwind
|move|p1a: Raichu|Focus Blast|p2a: Maustudio
|-supereffective|p2a: Maustudio|1
|-damage|p2a: Maustudio|0 fnt
|faint|p2a: Maustudio
|
|upkeep
|
|t:|1784431742
|switch|p2a: Rizz God|Charizard, L50, F|100/100
|turn|2
|
|t:|1784431754
|detailschange|p2a: Rizz God|Charizard-Mega-Y, L50, F
|-mega|p2a: Rizz God|Charizard|Charizardite Y
|-weather|SunnyDay|[from] ability: Drought|[of] p2a: Rizz God
|move|p2a: Rizz God|Protect|p2a: Rizz God
|-singleturn|p2a: Rizz God|Protect
|move|p1b: Talonflame|Dual Wingbeat|p2a: Rizz God
|-activate|p2a: Rizz God|move: Protect
|move|p1a: Raichu|Encore|p2b: Determinate
|-start|p2b: Determinate|Encore
|move|p2b: Determinate|Protect||[still]
|-fail|p2b: Determinate
|
|-weather|SunnyDay|[upkeep]
|upkeep
|turn|3
|
|t:|1784431776
|switch|p2b: Vileplumе|Venusaur, L50, M|100/100
|move|p1b: Talonflame|Dual Wingbeat|p2b: Vileplumе
|-supereffective|p2b: Vileplumе|1
|-damage|p2b: Vileplumе|46/100
|-supereffective|p2b: Vileplumе|1
|-damage|p2b: Vileplumе|0 fnt
|faint|p2b: Vileplumе
|-hitcount|p2: Vileplumе|2
|move|p1a: Raichu|Encore|p2a: Rizz God
|-start|p2a: Rizz God|Encore
|move|p2a: Rizz God|Protect||[still]
|-fail|p2a: Rizz God
|
|-weather|SunnyDay|[upkeep]
|upkeep
|
|t:|1784431782
|switch|p2b: Determinate|Annihilape, L50, F|100/100
|turn|4
|
|t:|1784431791
|move|p2a: Rizz God|Protect|p2a: Rizz God
|-singleturn|p2a: Rizz God|Protect
|move|p1b: Talonflame|Dual Wingbeat|p2b: Determinate
|-supereffective|p2b: Determinate|1
|-damage|p2b: Determinate|61/100
|-supereffective|p2b: Determinate|1
|-damage|p2b: Determinate|25/100
|-hitcount|p2b: Determinate|2
|move|p1a: Raichu|Zap Cannon|p2b: Determinate
|-damage|p2b: Determinate|0 fnt
|faint|p2b: Determinate
|
|-weather|SunnyDay|[upkeep]
|-sideend|p1: Cwisbt|move: Tailwind
|upkeep
|turn|5
|
|t:|1784431801
|move|p2a: Rizz God|Protect||[still]
|-fail|p2a: Rizz God
|move|p1b: Talonflame|Tailwind|p1b: Talonflame
|-sidestart|p1: Cwisbt|move: Tailwind
|move|p1a: Raichu|Zap Cannon|p2a: Rizz God
|-supereffective|p2a: Rizz God|1
|-damage|p2a: Rizz God|0 fnt
|faint|p2a: Rizz God
|
|win|Cwisbt
|c|☆joey|gg
|c|☆Cwisbt|Ggs
|c|☆joey|i knew from team preview that raichu + talonflame would just destroy my team lmao
|c|☆Cwisbt|Super underrated pair I love them so much
