|j|☆unbrokenduck2
|j|☆gettingwickedblow
|html|unbrokenduck2gettingwickedblow    
|uhtml|bestof|Game 2 of a best-of-3
|t:|1784696493
|gametype|doubles
|player|p1|unbrokenduck2|swimmerf-gen4dp|1043
|player|p2|gettingwickedblow|n|1092
|gen|9
|tier|[Gen 9 Champions] VGC 2026 Reg M-B (Bo3)
|rated|
|rule|Species Clause: Limit one of each Pokémon
|rule|Item Clause: Limit 1 of each item
|clearpoke
|poke|p1|Falinks, L50, shiny|
|poke|p1|Whimsicott, L50, F|
|poke|p1|Gholdengo, L50|
|poke|p1|Rotom-Wash, L50|
|poke|p1|Blaziken, L50, M|
|poke|p1|Garchomp, L50, F|
|poke|p2|Venusaur, L50, M|
|poke|p2|Charizard, L50, F, shiny|
|poke|p2|Garchomp, L50, F|
|poke|p2|Annihilape, L50, M, shiny|
|poke|p2|Incineroar, L50, M|
|poke|p2|Toxapex, L50, M, shiny|
|teampreview|4
|showteam|p1|Falinks||Falinksite|Defiant|FirstImpression,Protect,CloseCombat,IronHead|Jolly|||||50|]Whimsicott||FocusSash|Prankster|Tailwind,Moonblast,GigaDrain,Protect|Timid||F|||50|]Gholdengo||ChoiceScarf|GoodasGold|MakeItRain,ShadowBall,Psychic,Thunderbolt|Modest|||||50|]Rotom-Wash||LifeOrb|Levitate|VoltSwitch,HydroPump,ShadowBall,Thunderbolt|Modest|||||50|]Blaziken||Blazikenite|SpeedBoost|BlazeKick,CloseCombat,Protect,RockSlide|Adamant||M|||50|]Garchomp||SoftSand|RoughSkin|StompingTantrum,DragonClaw,PoisonJab,Protect|Jolly||F|||50|
|showteam|p2|Venusaur||LifeOrb|Chlorophyll|SolarBeam,SludgeBomb,EarthPower,Protect|Modest||M|||50|]Charizard||CharizarditeY|Blaze|HeatWave,WeatherBall,HelpingHand,Protect|Bold||F|||50|]Garchomp||ChoiceScarf|RoughSkin|RockSlide,DragonClaw,Earthquake,StompingTantrum|Adamant||F|||50|]Annihilape||FocusSash|Defiant|PhantomForce,CloseCombat,RockTomb,Protect|Jolly||M|||50|]Incineroar||SitrusBerry|Intimidate|FlareBlitz,ThroatChop,PartingShot,FakeOut|Impish||M|||50|]Toxapex||Leftovers|Regenerator|Infestation,Toxic,WideGuard,BanefulBunker|Impish||M|||50|
|inactive|Battle timer is ON: inactive players will automatically lose when time's up. (requested by unbrokenduck2)
|inactive|gettingwickedblow also wants the timer to be on.
|inactive|unbrokenduck2 has 60 seconds left.
|inactive|gettingwickedblow has 60 seconds left.
|inactive|gettingwickedblow has 30 seconds left.
|inactive|gettingwickedblow has 20 seconds left.
|inactive|gettingwickedblow has 15 seconds left.
|
|t:|1784696572
|teamsize|p1|4
|teamsize|p2|4
|start
|switch|p1a: Blaziken|Blaziken, L50, M|100/100
|switch|p1b: Gholdengo|Gholdengo, L50|100/100
|switch|p2a: Charizard|Charizard, L50, F, shiny|100/100
|switch|p2b: Toxapex|Toxapex, L50, M, shiny|100/100
|turn|1
|inactive|unbrokenduck2 has 30 seconds left.
|inactive|gettingwickedblow has 30 seconds left.
|inactive|gettingwickedblow has 20 seconds left.
|inactive|gettingwickedblow has 15 seconds left.
|inactive|gettingwickedblow has 10 seconds left.
|
|t:|1784696630
|detailschange|p2a: Charizard|Charizard-Mega-Y, L50, F, shiny
|-mega|p2a: Charizard|Charizard|Charizardite Y
|-weather|SunnyDay|[from] ability: Drought|[of] p2a: Charizard
|detailschange|p1a: Blaziken|Blaziken-Mega, L50, M
|-mega|p1a: Blaziken|Blaziken|Blazikenite
|move|p2b: Toxapex|Wide Guard|p2b: Toxapex
|-singleturn|p2b: Toxapex|Wide Guard
|move|p1b: Gholdengo|Thunderbolt|p2b: Toxapex
|-supereffective|p2b: Toxapex|1
|-damage|p2b: Toxapex|47/100
|move|p1a: Blaziken|Rock Slide|p2b: Toxapex|[spread] 
|-activate|p2a: Charizard|move: Wide Guard
|-activate|p2b: Toxapex|move: Wide Guard
|move|p2a: Charizard|Heat Wave|p1a: Blaziken|[spread] p1b
|-miss|p2a: Charizard|p1a: Blaziken
|-supereffective|p1b: Gholdengo|1
|-damage|p1b: Gholdengo|0 fnt
|faint|p1b: Gholdengo
|
|-weather|SunnyDay|[upkeep]
|-heal|p2b: Toxapex|53/100|[from] item: Leftovers
|-ability|p1a: Blaziken|Speed Boost|boost
|-boost|p1a: Blaziken|spe|1
|upkeep
|
|t:|1784696651
|switch|p1b: Rotom|Rotom-Wash, L50|100/100
|turn|2
|inactive|unbrokenduck2 has 30 seconds left.
|inactive|unbrokenduck2 has 20 seconds left.
|
|t:|1784696687
|-heal|p2b: Toxapex|86/100|[from] ability: Regenerator|[silent]
|switch|p2b: Incineroar|Incineroar, L50, M|100/100
|-ability|p2b: Incineroar|Intimidate|boost
|-unboost|p1a: Blaziken|atk|1
|-unboost|p1b: Rotom|atk|1
|move|p2a: Charizard|Protect|p2a: Charizard
|-singleturn|p2a: Charizard|Protect
|move|p1a: Blaziken|Blaze Kick|p2a: Charizard
|-activate|p2a: Charizard|move: Protect
|move|p1b: Rotom|Volt Switch|p2b: Incineroar
|-damage|p2b: Incineroar|59/100
|-damage|p1b: Rotom|90/100|[from] item: Life Orb
|
|t:|1784696701
|switch|p1b: Whimsicott|Whimsicott, L50, F|100/100|[from] Volt Switch
|
|-weather|SunnyDay|[upkeep]
|-ability|p1a: Blaziken|Speed Boost|boost
|-boost|p1a: Blaziken|spe|1
|upkeep
|turn|3
|
|t:|1784696715
|switch|p2a: Toxapex|Toxapex, L50, M, shiny|86/100
|move|p1b: Whimsicott|Tailwind|p1b: Whimsicott
|-sidestart|p1: unbrokenduck2|move: Tailwind
|move|p1a: Blaziken|Rock Slide|p2b: Incineroar|[spread] p2a
|-miss|p1a: Blaziken|p2b: Incineroar
|-damage|p2a: Toxapex|75/100
|move|p2b: Incineroar|Parting Shot|p1a: Blaziken
|-unboost|p1a: Blaziken|atk|1
|-unboost|p1a: Blaziken|spa|1
|
|t:|1784696736
|switch|p2b: Charizard|Charizard-Mega-Y, L50, F, shiny|100/100|[from] Parting Shot
|
|-weather|SunnyDay|[upkeep]
|-heal|p2a: Toxapex|80/100|[from] item: Leftovers
|-ability|p1a: Blaziken|Speed Boost|boost
|-boost|p1a: Blaziken|spe|1
|upkeep
|turn|4
|inactive|gettingwickedblow has 30 seconds left.
|
|t:|1784696766
|switch|p1a: Rotom|Rotom-Wash, L50|90/100
|move|p1b: Whimsicott|Protect|p1b: Whimsicott
|-singleturn|p1b: Whimsicott|Protect
|move|p2b: Charizard|Protect|p2b: Charizard
|-singleturn|p2b: Charizard|Protect
|move|p2a: Toxapex|Infestation|p1a: Rotom
|-damage|p1a: Rotom|86/100
|-activate|p1a: Rotom|move: Infestation|[of] p2a: Toxapex
|
|-weather|SunnyDay|[upkeep]
|-heal|p2a: Toxapex|86/100|[from] item: Leftovers
|-damage|p1a: Rotom|74/100|[from] move: Infestation|[partiallytrapped]
|upkeep
|turn|5
|inactive|unbrokenduck2 has 30 seconds left.
|inactive|gettingwickedblow has 30 seconds left.
|inactive|gettingwickedblow has 20 seconds left.
|
|t:|1784696805
|switch|p2b: Venusaur|Venusaur, L50, M|100/100
|move|p1b: Whimsicott|Giga Drain|p2a: Toxapex
|-damage|p2a: Toxapex|63/100
|move|p1a: Rotom|Thunderbolt|p2b: Venusaur
|-resisted|p2b: Venusaur|1
|-damage|p2b: Venusaur|69/100
|-damage|p1a: Rotom|64/100|[from] item: Life Orb
|move|p2a: Toxapex|Toxic|p1a: Rotom
|-status|p1a: Rotom|tox
|
|-weather|none
|-heal|p2a: Toxapex|68/100|[from] item: Leftovers
|-damage|p1a: Rotom|59/100 tox|[from] psn
|-damage|p1a: Rotom|47/100 tox|[from] move: Infestation|[partiallytrapped]
|upkeep
|turn|6
|inactive|unbrokenduck2 has 30 seconds left.
|inactive|gettingwickedblow has 30 seconds left.
|inactive|gettingwickedblow has 20 seconds left.
|inactive|gettingwickedblow has 15 seconds left.
|inactive|gettingwickedblow has 10 seconds left.
|
|t:|1784696850
|switch|p1b: Blaziken|Blaziken-Mega, L50, M|100/100
|move|p2b: Venusaur|Protect|p2b: Venusaur
|-singleturn|p2b: Venusaur|Protect
|move|p2a: Toxapex|Baneful Bunker|p2a: Toxapex
|-singleturn|p2a: Toxapex|move: Protect
|move|p1a: Rotom|Thunderbolt|p2a: Toxapex
|-activate|p2a: Toxapex|move: Protect
|
|-heal|p2a: Toxapex|74/100|[from] item: Leftovers
|-damage|p1a: Rotom|36/100 tox|[from] psn
|-damage|p1a: Rotom|24/100 tox|[from] move: Infestation|[partiallytrapped]
|-sideend|p1: unbrokenduck2|move: Tailwind
|upkeep
|turn|7
|inactive|unbrokenduck2 has 30 seconds left.
|inactive|gettingwickedblow has 30 seconds left.
|inactive|gettingwickedblow has 20 seconds left.
|inactive|gettingwickedblow has 15 seconds left.
|inactive|gettingwickedblow has 10 seconds left.
|inactive|gettingwickedblow has 5 seconds left.
|
|t:|1784696901
|-heal|p2a: Toxapex|100/100|[from] ability: Regenerator|[silent]
|switch|p2a: Charizard|Charizard-Mega-Y, L50, F, shiny|100/100
|-weather|SunnyDay|[from] ability: Drought|[of] p2a: Charizard
|move|p2b: Venusaur|Solar Beam||[still]
|-prepare|p2b: Venusaur|Solar Beam
|-anim|p2b: Venusaur|Solar Beam|p1a: Rotom
|-supereffective|p1a: Rotom|1
|-damage|p1a: Rotom|0 fnt
|faint|p1a: Rotom
|-damage|p2b: Venusaur|60/100|[from] item: Life Orb
|move|p1b: Blaziken|Close Combat|p2a: Charizard
|-resisted|p2a: Charizard|1
|-damage|p2a: Charizard|67/100
|-unboost|p1b: Blaziken|def|1
|-unboost|p1b: Blaziken|spd|1
|
|-weather|SunnyDay|[upkeep]
|-ability|p1b: Blaziken|Speed Boost|boost
|-boost|p1b: Blaziken|spe|1
|upkeep
|
|t:|1784696917
|switch|p1a: Whimsicott|Whimsicott, L50, F|100/100
|turn|8
|
|t:|1784696932
|switch|p2b: Toxapex|Toxapex, L50, M, shiny|100/100
|switch|p2a: Incineroar|Incineroar, L50, M|59/100
|-ability|p2a: Incineroar|Intimidate|boost
|-unboost|p1a: Whimsicott|atk|1
|-unboost|p1b: Blaziken|atk|1
|move|p1a: Whimsicott|Protect|p1a: Whimsicott
|-singleturn|p1a: Whimsicott|Protect
|move|p1b: Blaziken|Rock Slide|p2b: Toxapex|[spread] p2a
|-miss|p1b: Blaziken|p2b: Toxapex
|-supereffective|p2a: Incineroar|1
|-damage|p2a: Incineroar|32/100
|-enditem|p2a: Incineroar|Sitrus Berry|[eat]
|-heal|p2a: Incineroar|57/100|[from] item: Sitrus Berry
|
|-weather|SunnyDay|[upkeep]
|-ability|p1b: Blaziken|Speed Boost|boost
|-boost|p1b: Blaziken|spe|1
|upkeep
|turn|9
|
|t:|1784696955
|move|p1b: Blaziken|Protect|p1b: Blaziken
|-singleturn|p1b: Blaziken|Protect
|move|p2a: Incineroar|Fake Out|p1a: Whimsicott
|-crit|p1a: Whimsicott
|-damage|p1a: Whimsicott|75/100
|cant|p1a: Whimsicott|flinch
|move|p2b: Toxapex|Toxic|p1b: Blaziken
|-activate|p1b: Blaziken|move: Protect
|
|-weather|SunnyDay|[upkeep]
|-ability|p1b: Blaziken|Speed Boost|boost
|-boost|p1b: Blaziken|spe|1
|upkeep
|turn|10
|
|t:|1784696976
|switch|p2a: Charizard|Charizard-Mega-Y, L50, F, shiny|67/100
|move|p1b: Blaziken|Close Combat|p2a: Charizard
|-resisted|p2a: Charizard|1
|-damage|p2a: Charizard|45/100
|-unboost|p1b: Blaziken|def|1
|-unboost|p1b: Blaziken|spd|1
|move|p1a: Whimsicott|Giga Drain|p2b: Toxapex
|-crit|p2b: Toxapex
|-damage|p2b: Toxapex|66/100
|-heal|p1a: Whimsicott|94/100|[from] drain|[of] p2b: Toxapex
|move|p2b: Toxapex|Toxic|p1b: Blaziken
|-status|p1b: Blaziken|tox
|
|-weather|SunnyDay|[upkeep]
|-heal|p2b: Toxapex|72/100|[from] item: Leftovers
|-damage|p1b: Blaziken|94/100 tox|[from] psn
|-ability|p1b: Blaziken|Speed Boost|boost
|-boost|p1b: Blaziken|spe|1
|upkeep
|turn|11
|inactive|gettingwickedblow has 30 seconds left.
|
|t:|1784697005
|switch|p2a: Incineroar|Incineroar, L50, M|57/100
|-ability|p2a: Incineroar|Intimidate|boost
|-unboost|p1a: Whimsicott|atk|1
|-unboost|p1b: Blaziken|atk|1
|move|p1b: Blaziken|Rock Slide|p2b: Toxapex|[spread] p2a,p2b
|-supereffective|p2a: Incineroar|1
|-damage|p2a: Incineroar|39/100
|-damage|p2b: Toxapex|63/100
|move|p1a: Whimsicott|Giga Drain|p2b: Toxapex
|-damage|p2b: Toxapex|39/100
|-heal|p1a: Whimsicott|100/100|[from] drain|[of] p2b: Toxapex
|move|p2b: Toxapex|Infestation|p1b: Blaziken
|-resisted|p1b: Blaziken|2
|-damage|p1b: Blaziken|92/100 tox
|-activate|p1b: Blaziken|move: Infestation|[of] p2b: Toxapex
|
|-weather|none
|-heal|p2b: Toxapex|45/100|[from] item: Leftovers
|-damage|p1b: Blaziken|81/100 tox|[from] psn
|-damage|p1b: Blaziken|69/100 tox|[from] move: Infestation|[partiallytrapped]
|-ability|p1b: Blaziken|Speed Boost|boost
|-boost|p1b: Blaziken|spe|1
|upkeep
|turn|12
|-message|unbrokenduck2 forfeited.
|
|win|gettingwickedblow
|raw|unbrokenduck2's rating: 1043 → 1029(-14 for losing)
|raw|gettingwickedblow's rating: 1092 → 1115(+23 for winning)
|l|☆unbrokenduck2
|player|p1|
