|j|☆Garden Monke
|j|☆schickiniki
|html|Garden Monkeschickiniki    
|uhtml|bestof|Game 1 of a best-of-3
|t:|1784499456
|gametype|doubles
|player|p1|Garden Monke|giacomo|1170
|player|p2|schickiniki|psychic-gen4|1380
|gen|9
|tier|[Gen 9 Champions] VGC 2026 Reg M-B (Bo3)
|rated|
|rule|Species Clause: Limit one of each Pokémon
|rule|Item Clause: Limit 1 of each item
|clearpoke
|poke|p1|Incineroar, L50, F|
|poke|p1|Sinistcha, L50|
|poke|p1|Gengar, L50, M|
|poke|p1|Swampert, L50, F|
|poke|p1|Politoed, L50, F|
|poke|p1|Archaludon, L50, M|
|poke|p2|Dragonite, L50, M|
|poke|p2|Archaludon, L50, M|
|poke|p2|Pelipper, L50, M, shiny|
|poke|p2|Basculegion, L50, M|
|poke|p2|Metagross, L50, shiny|
|poke|p2|Meowscarada, L50, M|
|teampreview|4
|showteam|p1|Incineroar||PasshoBerry|Intimidate|ThroatChop,FakeOut,PartingShot,Protect|Sassy||F|||50|]Sinistcha||ColburBerry|Hospitality|MatchaGotcha,RagePowder,TrickRoom,Protect|Calm|||||50|]Gengar||Gengarite|CursedBody|ShadowBall,Disable,PerishSong,Protect|Timid||M|||50|]Swampert||Swampertite|Damp|WaveCrash,HighHorsepower,IcePunch,Protect|Adamant||F|||50|]Politoed||SitrusBerry|Drizzle|WeatherBall,Encore,PerishSong,Protect|Calm||F|||50|]Archaludon||Leftovers|Stamina|ElectroShot,DragonPulse,FlashCannon,Protect|Modest||M|||50|
|showteam|p2|Dragonite||Dragoninite|Multiscale|Protect,DragonPulse,Hurricane,Flamethrower|Modest||M|||50|]Archaludon||Leftovers|Stamina|Protect,ElectroShot,DragonPulse,AuraSphere|Modest||M|||50|]Pelipper||SitrusBerry|Drizzle|WideGuard,Tailwind,WeatherBall,Hurricane|Bold||M|||50|]Basculegion||LifeOrb|Adaptability|Protect,WaveCrash,LastRespects,AquaJet|Jolly||M|||50|]Metagross||Metagrossite|ClearBody|Protect,BulletPunch,PsychicFangs,BrickBreak|Adamant|||||50|]Meowscarada||FocusSash|Overgrow|Protect,FlowerTrick,SuckerPunch,TripleAxel|Adamant||M|||50|
|inactive|Battle timer is ON: inactive players will automatically lose when time's up. (requested by schickiniki)
|inactive|Garden Monke also wants the timer to be on.
|inactive|schickiniki has 60 seconds left.
|c|☆Garden Monke|Glhf
|inactive|schickiniki has 30 seconds left.
|inactive|schickiniki has 20 seconds left.
|inactive|schickiniki has 15 seconds left.
|inactive|schickiniki has 10 seconds left.
|
|t:|1784499538
|teamsize|p1|4
|teamsize|p2|4
|start
|switch|p1a: Gengar|Gengar, L50, M|100/100
|switch|p1b: Incineroar|Incineroar, L50, F|100/100
|switch|p2a: Dragonite|Dragonite, L50, M|100/100
|switch|p2b: Archaludon|Archaludon, L50, M|100/100
|-ability|p1b: Incineroar|Intimidate|boost
|-unboost|p2a: Dragonite|atk|1
|-unboost|p2b: Archaludon|atk|1
|turn|1
|
|t:|1784499554
|switch|p2a: Pelipper|Pelipper, L50, M, shiny|100/100
|-weather|RainDance|[from] ability: Drizzle|[of] p2a: Pelipper
|switch|p2b: Basculegion|Basculegion, L50, M|100/100
|detailschange|p1a: Gengar|Gengar-Mega, L50, M
|-mega|p1a: Gengar|Gengar|Gengarite
|move|p1b: Incineroar|Fake Out|p2b: Basculegion
|-immune|p2b: Basculegion
|move|p1a: Gengar|Perish Song|p1a: Gengar
|-start|p1a: Gengar|perish3|[silent]
|-start|p1b: Incineroar|perish3|[silent]
|-start|p2a: Pelipper|perish3|[silent]
|-start|p2b: Basculegion|perish3|[silent]
|-fieldactivate|move: Perish Song
|
|-weather|RainDance|[upkeep]
|-start|p1a: Gengar|perish3
|-start|p2b: Basculegion|perish3
|-start|p2a: Pelipper|perish3
|-start|p1b: Incineroar|perish3
|upkeep
|turn|2
|
|t:|1784499571
|switch|p1a: Sinistcha|Sinistcha, L50|100/100
|move|p2b: Basculegion|Protect|p2b: Basculegion
|-singleturn|p2b: Basculegion|Protect
|move|p2a: Pelipper|Tailwind|p2a: Pelipper
|-sidestart|p2: schickiniki|move: Tailwind
|move|p1b: Incineroar|Parting Shot|p2b: Basculegion
|-activate|p2b: Basculegion|move: Protect
|
|-weather|RainDance|[upkeep]
|-start|p2b: Basculegion|perish2
|-start|p2a: Pelipper|perish2
|-start|p1b: Incineroar|perish2
|upkeep
|turn|3
|inactive|schickiniki has 30 seconds left.
|inactive|schickiniki has 20 seconds left.
|inactive|schickiniki has 15 seconds left.
|
|t:|1784499612
|switch|p2a: Archaludon|Archaludon, L50, M|100/100
|switch|p1b: Archaludon|Archaludon, L50, M|100/100
|move|p1a: Sinistcha|Protect|p1a: Sinistcha
|-singleturn|p1a: Sinistcha|Protect
|move|p2b: Basculegion|Wave Crash|p1b: Archaludon
|-resisted|p1b: Archaludon|1
|-crit|p1b: Archaludon
|-damage|p1b: Archaludon|16/100
|-ability|p1b: Archaludon|Stamina|boost
|-boost|p1b: Archaludon|def|1
|-damage|p2b: Basculegion|73/100|[from] Recoil
|-damage|p2b: Basculegion|63/100|[from] item: Life Orb
|
|-weather|RainDance|[upkeep]
|-heal|p1b: Archaludon|22/100|[from] item: Leftovers
|-start|p2b: Basculegion|perish1
|upkeep
|turn|4
|
|t:|1784499636
|switch|p2b: Dragonite|Dragonite, L50, M|100/100
|switch|p1a: Incineroar|Incineroar, L50, F|100/100
|-ability|p1a: Incineroar|Intimidate|boost
|-unboost|p2a: Archaludon|atk|1
|-unboost|p2b: Dragonite|atk|1
|move|p2a: Archaludon|Electro Shot||[still]
|-prepare|p2a: Archaludon|Electro Shot
|-boost|p2a: Archaludon|spa|1
|-anim|p2a: Archaludon|Electro Shot|p1b: Archaludon
|-resisted|p1b: Archaludon|1
|-damage|p1b: Archaludon|0 fnt
|faint|p1b: Archaludon
|
|-weather|RainDance|[upkeep]
|upkeep
|
|t:|1784499651
|switch|p1b: Gengar|Gengar-Mega, L50, M|100/100
|turn|5
|
|t:|1784499663
|detailschange|p2b: Dragonite|Dragonite-Mega, L50, M
|-mega|p2b: Dragonite|Dragonite|Dragoninite
|move|p1a: Incineroar|Fake Out|p2a: Archaludon
|-resisted|p2a: Archaludon|1
|-damage|p2a: Archaludon|96/100
|-ability|p2a: Archaludon|Stamina|boost
|-boost|p2a: Archaludon|def|1
|move|p2b: Dragonite|Hurricane|p1b: Gengar
|-damage|p1b: Gengar|31/100
|-start|p1b: Gengar|confusion
|cant|p2a: Archaludon|flinch
|-activate|p1b: Gengar|confusion
|-damage|p1b: Gengar|23/100|[from] confusion
|
|-weather|none
|-heal|p2a: Archaludon|100/100|[from] item: Leftovers
|-sideend|p2: schickiniki|move: Tailwind
|upkeep
|turn|6
|inactive|schickiniki has 30 seconds left.
|
|t:|1784499693
|-activate|p1b: Gengar|confusion
|move|p1b: Gengar|Protect|p1b: Gengar
|-singleturn|p1b: Gengar|Protect
|move|p1a: Incineroar|Protect|p1a: Incineroar
|-singleturn|p1a: Incineroar|Protect
|move|p2b: Dragonite|Dragon Pulse|p1a: Incineroar
|-activate|p1a: Incineroar|move: Protect
|move|p2a: Archaludon|Dragon Pulse|p1b: Gengar
|-activate|p1b: Gengar|move: Protect
|
|upkeep
|turn|7
|inactive|Garden Monke has 30 seconds left.
|
|t:|1784499723
|switch|p1b: Sinistcha|Sinistcha, L50|100/100
|move|p2b: Dragonite|Dragon Pulse|p1b: Sinistcha
|-damage|p1b: Sinistcha|50/100g
|move|p2a: Archaludon|Dragon Pulse|p1b: Sinistcha
|-damage|p1b: Sinistcha|0 fnt
|faint|p1b: Sinistcha
|move|p1a: Incineroar|Parting Shot|p1: Sinistcha|[notarget]
|-fail|p1a: Incineroar
|
|upkeep
|
|t:|1784499735
|switch|p1b: Gengar|Gengar-Mega, L50, M|23/100
|turn|8
|inactive|Garden Monke has 30 seconds left.
|-message|Garden Monke forfeited.
|
|win|schickiniki
||schickiniki is ready for game 2.
||Garden Monke is ready for game 2.
|uhtml|next|Next: Game 2 of 3
|l|☆schickiniki
|player|p2|
