|j|☆dracojackson
|j|☆ildrarVGC
|html|dracojacksonildrarVGC    
|uhtml|bestof|Game 3 of a best-of-3
|t:|1754324290
|gametype|doubles
|player|p1|dracojackson|veteranf|1305
|player|p2|ildrarVGC|steven|1309
|gen|9
|tier|[Gen 9] VGC 2025 Reg H (Bo3)
|rated|
|rule|Species Clause: Limit one of each Pokémon
|rule|Item Clause: Limit 1 of each item
|clearpoke
|poke|p1|Kommo-o, L50, M|
|poke|p1|Rillaboom, L50, F|
|poke|p1|Clefairy, L50, F|
|poke|p1|Gyarados, L50, M|
|poke|p1|Kingambit, L50, F|
|poke|p1|Sneasler, L50, F|
|poke|p2|Garchomp, L50, F|
|poke|p2|Jumpluff, L50, M|
|poke|p2|Torkoal, L50, F|
|poke|p2|Dragonite, L50, M|
|poke|p2|Kingambit, L50, F|
|poke|p2|Typhlosion-Hisui, L50, F|
|teampreview|4
|showteam|p1|Kommo-o||ThroatSpray|Overcoat|Protect,ClangingScales,ClangorousSoul,Flamethrower|||M|||50|,,,,,Fire]Rillaboom||AssaultVest|GrassySurge|FakeOut,WoodHammer,GrassyGlide,Uturn|||F|||50|,,,,,Fire]Clefairy||Eviolite|FriendGuard|FollowMe,HelpingHand,Protect,LifeDew|||F|||50|,,,,,Grass]Gyarados||CovertCloak|Intimidate|Waterfall,Taunt,IronHead,ThunderWave|||M|||50|,,,,,Fairy]Kingambit||BlackGlasses|Defiant|KowtowCleave,SuckerPunch,IronHead,Protect|||F|||50|,,,,,Ghost]Sneasler||GrassySeed|Unburden|FakeOut,CloseCombat,DireClaw,Coaching|||F|||50|,,,,,Ghost
|showteam|p2|Garchomp||LifeOrb|RoughSkin|DragonClaw,StompingTantrum,Earthquake,Protect|||F|||50|,,,,,Steel]Jumpluff||CovertCloak|Chlorophyll|LeafStorm,SleepPowder,Encore,Tailwind|||M|||50|,,,,,Dark]Torkoal||EjectPack|Drought|Overheat,BurningJealousy,HelpingHand,Protect|||F|||50|,,,,,Flying]Dragonite||LumBerry|Multiscale|ExtremeSpeed,StompingTantrum,IceSpinner,Protect|||M|||50|,,,,,Normal]Kingambit||AssaultVest|Defiant|IronHead,SuckerPunch,Assurance,LowKick|||F|||50|,,,,,Flying]Typhlosion-Hisui||ChoiceSpecs|Blaze|Eruption,ShadowBall,HeatWave,Overheat|||F|||50|,,,,,Fire
|
|t:|1754324315
|teamsize|p1|4
|teamsize|p2|4
|start
|switch|p1a: Seam|Clefairy, L50, F, shiny|100/100
|switch|p1b: Jackson|Kingambit, L50, F|100/100
|switch|p2a: Jumpluff|Jumpluff, L50, M|100/100
|switch|p2b: Typhlosion|Typhlosion-Hisui, L50, F|100/100
|turn|1
|inactive|Battle timer is ON: inactive players will automatically lose when time's up. (requested by dracojackson)
|
|t:|1754324376
|switch|p2b: Torkoal|Torkoal, L50, F|100/100
|-weather|SunnyDay|[from] ability: Drought|[of] p2b: Torkoal
|move|p1a: Seam|Helping Hand|p1b: Jackson
|-singleturn|p1b: Jackson|Helping Hand|[of] p1a: Seam
|move|p1b: Jackson|Sucker Punch||[still]
|-fail|p1b: Jackson
|move|p2a: Jumpluff|Sleep Powder|p1b: Jackson
|-status|p1b: Jackson|slp|[from] move: Sleep Powder
|
|-weather|SunnyDay|[upkeep]
|upkeep
|turn|2
|
|t:|1754324400
|move|p1a: Seam|Protect|p1a: Seam
|-singleturn|p1a: Seam|Protect
|move|p2a: Jumpluff|Sleep Powder|p1a: Seam
|-activate|p1a: Seam|move: Protect
|cant|p1b: Jackson|slp
|move|p2b: Torkoal|Overheat|p1b: Jackson
|-supereffective|p1b: Jackson
|-damage|p1b: Jackson|0 fnt
|-unboost|p2b: Torkoal|spa|2
|faint|p1b: Jackson
|-enditem|p2b: Torkoal|Eject Pack
|
|t:|1754324413
|switch|p2b: Typhlosion|Typhlosion-Hisui, L50, F|100/100
|
|-weather|SunnyDay|[upkeep]
|upkeep
|
|t:|1754324421
|switch|p1b: Blake|Kommo-o, L50, M, shiny|100/100
|turn|3
|
|t:|1754324444
|-terastallize|p2b: Typhlosion|Fire
|move|p1a: Seam|Helping Hand|p1b: Blake
|-singleturn|p1b: Blake|Helping Hand|[of] p1a: Seam
|move|p2a: Jumpluff|Tailwind|p2a: Jumpluff
|-sidestart|p2: ildrarVGC|move: Tailwind
|move|p2b: Typhlosion|Eruption|p1a: Seam|[spread] p1a,p1b
|-resisted|p1b: Blake
|-damage|p1a: Seam|0 fnt
|-damage|p1b: Blake|30/100
|faint|p1a: Seam
|move|p1b: Blake|Clanging Scales|p2a: Jumpluff|[spread] p2a,p2b
|-damage|p2a: Jumpluff|46/100
|-damage|p2b: Typhlosion|23/100
|-unboost|p1b: Blake|def|1
|-enditem|p1b: Blake|Throat Spray
|-boost|p1b: Blake|spa|1|[from] item: Throat Spray
|
|-weather|SunnyDay|[upkeep]
|upkeep
|
|t:|1754324453
|switch|p1a: AJ|Rillaboom, L50, F, shiny|100/100
|-fieldstart|move: Grassy Terrain|[from] ability: Grassy Surge|[of] p1a: AJ
|turn|4
|inactive|ildrarVGC has 30 seconds left.
|inactive|ildrarVGC has 20 seconds left.
|inactive|ildrarVGC has 15 seconds left.
|
|t:|1754324495
|switch|p2b: Torkoal|Torkoal, L50, F|100/100
|move|p2a: Jumpluff|Encore|p1b: Blake
|-start|p1b: Blake|Encore
|move|p1b: Blake|Clanging Scales|p2a: Jumpluff|[spread] p2a,p2b
|-damage|p2a: Jumpluff|0 fnt
|-damage|p2b: Torkoal|34/100
|faint|p2a: Jumpluff
|-unboost|p1b: Blake|def|1
|move|p1a: AJ|Wood Hammer|p2b: Torkoal
|-resisted|p2b: Torkoal
|-damage|p2b: Torkoal|3/100
|-damage|p1a: AJ|92/100|[from] Recoil
|
|-weather|SunnyDay|[upkeep]
|-heal|p1b: Blake|36/100|[from] Grassy Terrain
|-heal|p1a: AJ|98/100|[from] Grassy Terrain
|-heal|p2b: Torkoal|10/100|[from] Grassy Terrain
|upkeep
|
|t:|1754324515
|switch|p2a: Garchomp|Garchomp, L50, F|100/100
|turn|5
|
|t:|1754324534
|-terastallize|p1a: AJ|Fire
|move|p2a: Garchomp|Dragon Claw|p1b: Blake
|-supereffective|p1b: Blake
|-damage|p1b: Blake|0 fnt
|faint|p1b: Blake
|-damage|p2a: Garchomp|91/100|[from] item: Life Orb
|move|p1a: AJ|Wood Hammer|p2a: Garchomp
|-damage|p2a: Garchomp|9/100
|-damage|p1a: AJ|86/100|[from] ability: Rough Skin|[of] p2a: Garchomp
|-damage|p1a: AJ|61/100|[from] Recoil
|move|p2b: Torkoal|Overheat|p1a: AJ
|-resisted|p1a: AJ
|-damage|p1a: AJ|29/100
|-unboost|p2b: Torkoal|spa|2
|
|-weather|none
|-heal|p2a: Garchomp|15/100|[from] Grassy Terrain
|-heal|p1a: AJ|35/100|[from] Grassy Terrain
|-heal|p2b: Torkoal|16/100|[from] Grassy Terrain
|upkeep
|turn|6
|inactive|dracojackson has 30 seconds left.
|inactive|ildrarVGC has 30 seconds left.
|inactive|dracojackson has 20 seconds left.
|
|t:|1754324578
|move|p2a: Garchomp|Protect|p2a: Garchomp
|-singleturn|p2a: Garchomp|Protect
|move|p2b: Torkoal|Protect|p2b: Torkoal
|-singleturn|p2b: Torkoal|Protect
|move|p1a: AJ|Grassy Glide|p2b: Torkoal
|-activate|p2b: Torkoal|move: Protect
|
|-heal|p2a: Garchomp|21/100|[from] Grassy Terrain
|-heal|p1a: AJ|41/100|[from] Grassy Terrain
|-heal|p2b: Torkoal|22/100|[from] Grassy Terrain
|-sideend|p2: ildrarVGC|move: Tailwind
|upkeep
|turn|7
|
|t:|1754324596
|switch|p2a: Typhlosion|Typhlosion-Hisui, L50, F, tera:Fire|23/100
|move|p1a: AJ|Grassy Glide|p2a: Typhlosion
|-resisted|p2a: Typhlosion
|-damage|p2a: Typhlosion|0 fnt
|faint|p2a: Typhlosion
|move|p2b: Torkoal|Overheat|p1a: AJ
|-resisted|p1a: AJ
|-damage|p1a: AJ|30/100
|-unboost|p2b: Torkoal|spa|2
|
|-heal|p1a: AJ|36/100|[from] Grassy Terrain
|-heal|p2b: Torkoal|28/100|[from] Grassy Terrain
|upkeep
|
|t:|1754324605
|switch|p2a: Garchomp|Garchomp, L50, F|21/100
|turn|8
|
|t:|1754324613
|move|p2a: Garchomp|Protect|p2a: Garchomp
|-singleturn|p2a: Garchomp|Protect
|move|p1a: AJ|Grassy Glide|p2a: Garchomp
|-activate|p2a: Garchomp|move: Protect
|move|p2b: Torkoal|Overheat|p1a: AJ|[miss]
|-miss|p2b: Torkoal|p1a: AJ
|
|-heal|p2a: Garchomp|27/100|[from] Grassy Terrain
|-heal|p1a: AJ|42/100|[from] Grassy Terrain
|-heal|p2b: Torkoal|34/100|[from] Grassy Terrain
|-fieldend|move: Grassy Terrain
|upkeep
|turn|9
|
|t:|1754324627
|move|p2b: Torkoal|Helping Hand|p2a: Garchomp
|-singleturn|p2a: Garchomp|Helping Hand|[of] p2b: Torkoal
|move|p2a: Garchomp|Stomping Tantrum|p1a: AJ
|-supereffective|p1a: AJ
|-damage|p1a: AJ|0 fnt
|faint|p1a: AJ
|-damage|p2a: Garchomp|17/100|[from] item: Life Orb
|
|win|ildrarVGC
|raw|dracojackson's rating: 1305 → 1285(-20 for losing)
|raw|ildrarVGC's rating: 1309 → 1329(+20 for winning)
|c|☆ildrarVGC|gg
|l|☆ildrarVGC
|player|p2|
