|j|☆FALL3N_DWN
|j|☆CrmsnDrgn
|html|FALL3N_DWNCrmsnDrgn    
|uhtml|bestof|Game 2 of a best-of-3
|t:|1756939834
|gametype|doubles
|player|p1|FALL3N_DWN|carmine-festival|1125
|player|p2|CrmsnDrgn|cynthia|1073
|gen|9
|tier|[Gen 9] VGC 2025 Reg H (Bo3)
|rated|
|rule|Species Clause: Limit one of each Pokémon
|rule|Item Clause: Limit 1 of each item
|clearpoke
|poke|p1|Electabuzz, L50, M|
|poke|p1|Kingambit, L50, F|
|poke|p1|Volcarona, L50, F|
|poke|p1|Dragonite, L50, M|
|poke|p1|Sneasler, L50, F|
|poke|p1|Rillaboom, L50, M|
|poke|p2|Clawitzer, L50, F|
|poke|p2|Farigiraf, L50, F|
|poke|p2|Incineroar, L50, M|
|poke|p2|Ursaluna, L50, M|
|poke|p2|Dragapult, L50, F|
|poke|p2|Tsareena, L50, F|
|teampreview|4
|showteam|p1|Electabuzz||Eviolite|VitalSpirit|FollowMe,Thunderbolt,Taunt,Protect|||M|||50|,,,,,Ghost]Kingambit||BlackGlasses|Defiant|KowtowCleave,SuckerPunch,SwordsDance,Protect|||F|||50|,,,,,Dark]Volcarona||Leftovers|FlameBody|HeatWave,TeraBlast,QuiverDance,Protect|||F|||50|,,,,,Fairy]Dragonite||LoadedDice|Multiscale|ScaleShot,ExtremeSpeed,Haze,Protect|||M|||50|,,,,,Fairy]Sneasler||FocusSash|Unburden|DireClaw,CloseCombat,Coaching,FakeOut|||F|||50|,,,,,Stellar]Rillaboom||AssaultVest|GrassySurge|FakeOut,WoodHammer,GrassyGlide,HighHorsepower|||M|||50|,,,,,Fire
|showteam|p2|Clawitzer||LifeOrb|MegaLauncher|DarkPulse,DragonPulse,AuraSphere,WaterPulse|||F|||50|,,,,,Steel]Farigiraf||ThroatSpray|ArmorTail|TrickRoom,HyperVoice,Psychic,Protect|||F|||50|,,,,,Steel]Incineroar||SafetyGoggles|Intimidate|PartingShot,KnockOff,FlareBlitz,FakeOut|||M|||50|,,,,,Water]Ursaluna||FlameOrb|Guts|Facade,HeadlongRush,Earthquake,Protect|||M|||50|,,,,,Ghost]Dragapult||ChoiceBand|ClearBody|DragonDarts,Outrage,Uturn,PhantomForce|||F|||50|,,,,,Fairy]Tsareena||WideLens|QueenlyMajesty|TripleAxel,PowerWhip,HelpingHand,Protect|||F|||50|,,,,,Ground
|inactive|Battle timer is ON: inactive players will automatically lose when time's up. (requested by CrmsnDrgn)
|
|t:|1756939891
|teamsize|p1|4
|teamsize|p2|4
|start
|switch|p1a: Kingambit|Kingambit, L50, F|100/100
|switch|p1b: Sneasler|Sneasler, L50, F|100/100
|switch|p2a: Incineroar|Incineroar, L50, M|100/100
|switch|p2b: Dragapult|Dragapult, L50, F|100/100
|-ability|p2a: Incineroar|Intimidate|boost
|-unboost|p1a: Kingambit|atk|1
|-ability|p1a: Kingambit|Defiant|boost
|-boost|p1a: Kingambit|atk|2
|-unboost|p1b: Sneasler|atk|1
|turn|1
|inactive|FALL3N_DWN has 30 seconds left.
|inactive|CrmsnDrgn has 30 seconds left.
|inactive|FALL3N_DWN has 20 seconds left.
|inactive|CrmsnDrgn has 20 seconds left.
|inactive|FALL3N_DWN has 15 seconds left.
|inactive|FALL3N_DWN has 10 seconds left.
|inactive|FALL3N_DWN has 5 seconds left.
|
|t:|1756939944
|switch|p2a: Tsareena|Tsareena, L50, F|100/100
|-terastallize|p2b: Dragapult|Fairy
|move|p2b: Dragapult|Dragon Darts|p1b: Sneasler
|-damage|p1b: Sneasler|36/100
|-anim|p2b: Dragapult|Dragon Darts|p1a: Kingambit
|-resisted|p1a: Kingambit
|-damage|p1a: Kingambit|86/100
|move|p1b: Sneasler|Coaching|p1a: Kingambit
|-boost|p1a: Kingambit|atk|1
|-boost|p1a: Kingambit|def|1
|move|p1a: Kingambit|Kowtow Cleave|p2b: Dragapult
|-resisted|p2b: Dragapult
|-crit|p2b: Dragapult
|-damage|p2b: Dragapult|0 fnt
|faint|p2b: Dragapult
|
|upkeep
|
|t:|1756939962
|switch|p2b: Ursaluna|Ursaluna, L50, M|100/100
|turn|2
|inactive|FALL3N_DWN has 30 seconds left.
|inactive|FALL3N_DWN has 20 seconds left.
|
|t:|1756939998
|move|p2a: Tsareena|Protect|p2a: Tsareena
|-singleturn|p2a: Tsareena|Protect
|move|p1a: Kingambit|Protect|p1a: Kingambit
|-singleturn|p1a: Kingambit|Protect
|move|p2b: Ursaluna|Protect|p2b: Ursaluna
|-singleturn|p2b: Ursaluna|Protect
|move|p1b: Sneasler|Dire Claw|p2a: Tsareena
|-activate|p2a: Tsareena|move: Protect
|
|-status|p2b: Ursaluna|brn|[from] item: Flame Orb
|upkeep
|turn|3
|inactive|FALL3N_DWN has 30 seconds left.
|inactive|CrmsnDrgn has 30 seconds left.
|inactive|FALL3N_DWN has 20 seconds left.
|inactive|FALL3N_DWN has 15 seconds left.
|
|t:|1756940038
|-terastallize|p1b: Sneasler|Stellar
|move|p2a: Tsareena|Helping Hand|p2b: Ursaluna
|-singleturn|p2b: Ursaluna|Helping Hand|[of] p2a: Tsareena
|move|p1b: Sneasler|Close Combat|p2b: Ursaluna
|-supereffective|p2b: Ursaluna
|-damage|p2b: Ursaluna|16/100 brn
|-unboost|p1b: Sneasler|def|1
|-unboost|p1b: Sneasler|spd|1
|move|p1a: Kingambit|Kowtow Cleave|p2a: Tsareena
|-damage|p2a: Tsareena|0 fnt
|faint|p2a: Tsareena
|move|p2b: Ursaluna|Earthquake|p1a: Kingambit|[spread] p1a,p1b
|-supereffective|p1a: Kingambit
|-supereffective|p1b: Sneasler
|-damage|p1a: Kingambit|0 fnt
|-damage|p1b: Sneasler|0 fnt
|faint|p1a: Kingambit
|faint|p1b: Sneasler
|
|-damage|p2b: Ursaluna|10/100 brn|[from] brn
|upkeep
|
|t:|1756940059
|switch|p1b: Electabuzz|Electabuzz, L50, M|100/100
|switch|p2a: Incineroar|Incineroar, L50, M|100/100
|switch|p1a: Dragonite|Dragonite, L50, M|100/100
|-ability|p2a: Incineroar|Intimidate|boost
|-unboost|p1a: Dragonite|atk|1
|-unboost|p1b: Electabuzz|atk|1
|turn|4
|inactive|FALL3N_DWN has 30 seconds left.
|
|t:|1756940084
|move|p1b: Electabuzz|Protect|p1b: Electabuzz
|-singleturn|p1b: Electabuzz|Protect
|move|p1a: Dragonite|Protect|p1a: Dragonite
|-singleturn|p1a: Dragonite|Protect
|move|p2a: Incineroar|Fake Out|p1a: Dragonite
|-activate|p1a: Dragonite|move: Protect
|move|p2b: Ursaluna|Facade|p1a: Dragonite
|-activate|p1a: Dragonite|move: Protect
|
|-damage|p2b: Ursaluna|4/100 brn|[from] brn
|upkeep
|turn|5
|inactive|CrmsnDrgn has 30 seconds left.
|
|t:|1756940118
|move|p1b: Electabuzz|Follow Me|p1b: Electabuzz
|-singleturn|p1b: Electabuzz|move: Follow Me
|move|p1a: Dragonite|Extreme Speed|p2b: Ursaluna
|-damage|p2b: Ursaluna|0 fnt
|faint|p2b: Ursaluna
|move|p2a: Incineroar|Knock Off|p1b: Electabuzz
|-damage|p1b: Electabuzz|63/100
|-enditem|p1b: Electabuzz|Eviolite|[from] move: Knock Off|[of] p2a: Incineroar
|
|upkeep
|turn|6
|inactive|FALL3N_DWN has 30 seconds left.
|
|t:|1756940145
|move|p1b: Electabuzz|Thunderbolt|p2a: Incineroar
|-damage|p2a: Incineroar|72/100
|move|p1a: Dragonite|Haze|p1a: Dragonite
|-clearallboost
|move|p2a: Incineroar|Knock Off|p1a: Dragonite
|-damage|p1a: Dragonite|73/100
|-enditem|p1a: Dragonite|Loaded Dice|[from] move: Knock Off|[of] p2a: Incineroar
|
|upkeep
|turn|7
|inactive|CrmsnDrgn has 30 seconds left.
|
|t:|1756940171
|move|p1a: Dragonite|Extreme Speed|p2a: Incineroar
|-damage|p2a: Incineroar|43/100
|move|p1b: Electabuzz|Thunderbolt|p2a: Incineroar
|-damage|p2a: Incineroar|14/100
|move|p2a: Incineroar|Flare Blitz|p1a: Dragonite
|-resisted|p1a: Dragonite
|-damage|p1a: Dragonite|35/100
|-damage|p2a: Incineroar|3/100|[from] Recoil
|
|upkeep
|turn|8
|
|t:|1756940193
|move|p1a: Dragonite|Extreme Speed|p2a: Incineroar
|-damage|p2a: Incineroar|0 fnt
|faint|p2a: Incineroar
|
|win|FALL3N_DWN
|raw|FALL3N_DWN's rating: 1125 → 1146(+21 for winning)
|raw|CrmsnDrgn's rating: 1073 → 1055(-18 for losing)
|l|☆CrmsnDrgn
|player|p2|
