|j|☆phoenix burner
|j|☆mocha gob
|html|phoenix burnermocha gob    
|uhtml|bestof|Game 1 of a best-of-3
|t:|1785026447
|gametype|doubles
|player|p1|phoenix burner|101|1121
|player|p2|mocha gob|hiker|1214
|gen|9
|tier|[Gen 9 Champions] VGC 2026 Reg M-B (Bo3)
|rated|
|rule|Species Clause: Limit one of each Pokémon
|rule|Item Clause: Limit 1 of each item
|clearpoke
|poke|p1|Camerupt, L50, M, shiny|
|poke|p1|Kingambit, L50, M, shiny|
|poke|p1|Basculegion, L50, M, shiny|
|poke|p1|Kangaskhan, L50, F, shiny|
|poke|p1|Glimmora, L50, M, shiny|
|poke|p1|Farigiraf, L50, F, shiny|
|poke|p2|Glimmora, L50, F|
|poke|p2|Staraptor, L50, M|
|poke|p2|Whimsicott, L50, M|
|poke|p2|Weavile, L50, F|
|poke|p2|Incineroar, L50, F|
|poke|p2|Skeledirge, L50, M|
|teampreview|4
|showteam|p1|Camerupt||Cameruptite|SolidRock|HeatWave,EarthPower,Protect,AncientPower|Quiet||M|||50|]Kingambit||BlackGlasses|Defiant|KowtowCleave,IronHead,Protect,SuckerPunch|Adamant||M|||50|]Basculegion||MysticWater|Adaptability|WaveCrash,LastRespects,Protect,AquaJet|Adamant||M|||50|]Kangaskhan||LifeOrb|Scrappy|DoubleEdge,LowKick,IcePunch,FakeOut|Adamant||F|||50|]Glimmora||FocusSash|ToxicDebris|PowerGem,SludgeBomb,SpikyShield,EarthPower|Modest||M|||50|]Farigiraf||SitrusBerry|ArmorTail|Psychic,HyperVoice,TrickRoom,HelpingHand|Bold||F|||50|
|showteam|p2|Glimmora||Glimmoranite|ToxicDebris|PowerGem,EarthPower,SludgeBomb,SpikyShield|Modest||F|||50|]Staraptor||Staraptite|Intimidate|CloseCombat,BraveBird,Roost,Protect|Adamant||M|||50|]Whimsicott||MentalHerb|Prankster|Tailwind,SunnyDay,Moonblast,Charm|Bold||M|||50|]Weavile||FocusSash|Pressure|FakeOut,IceSpinner,KnockOff,IceShard|Jolly||F|||50|]Incineroar||SitrusBerry|Intimidate|FakeOut,FlareBlitz,DarkestLariat,PartingShot|Adamant||F|||50|]Skeledirge||Leftovers|Unaware|TorchSong,HeatWave,ShadowBall,Protect|Serious||M|||50|
|inactive|Battle timer is ON: inactive players will automatically lose when time's up. (requested by mocha gob)
|inactive|phoenix burner has 60 seconds left.
|
|t:|1785026499
|teamsize|p1|4
|teamsize|p2|4
|start
|switch|p1a: Kangaskhan|Kangaskhan, L50, F, shiny|100/100
|switch|p1b: Farigiraf|Farigiraf, L50, F, shiny|100/100
|switch|p2a: Staraptor|Staraptor, L50, M|100/100
|switch|p2b: Whimsicott|Whimsicott, L50, M|100/100
|-ability|p2a: Staraptor|Intimidate|boost
|-fail|p1a: Kangaskhan|unboost|Attack|[from] ability: Scrappy|[of] p1a: Kangaskhan
|-unboost|p1b: Farigiraf|atk|1
|turn|1
|
|t:|1785026518
|detailschange|p2a: Staraptor|Staraptor-Mega, L50, M
|-mega|p2a: Staraptor|Staraptor|Staraptite
|move|p1a: Kangaskhan|Fake Out|p2a: Staraptor
|-damage|p2a: Staraptor|79/100
|-damage|p1a: Kangaskhan|90/100|[from] item: Life Orb
|move|p2b: Whimsicott|Charm|p2a: Staraptor
|-boost|p2a: Staraptor|atk|2
|cant|p2a: Staraptor|flinch
|move|p1b: Farigiraf|Trick Room|p1b: Farigiraf
|-fieldstart|move: Trick Room|[of] p1b: Farigiraf
|
|upkeep
|turn|2
|
|t:|1785026536
|switch|p2b: Skeledirge|Skeledirge, L50, M|100/100
|move|p1b: Farigiraf|Psychic|p2a: Staraptor
|-supereffective|p2a: Staraptor|1
|-damage|p2a: Staraptor|8/100
|move|p1a: Kangaskhan|Double-Edge|p2b: Skeledirge
|-damage|p2b: Skeledirge|41/100
|-damage|p1a: Kangaskhan|72/100|[from] Recoil
|-damage|p1a: Kangaskhan|62/100|[from] item: Life Orb
|move|p2a: Staraptor|Close Combat|p1b: Farigiraf
|-damage|p1b: Farigiraf|0 fnt
|-boost|p2a: Staraptor|def|1
|-boost|p2a: Staraptor|spd|1
|faint|p1b: Farigiraf
|
|-heal|p2b: Skeledirge|47/100|[from] item: Leftovers
|upkeep
|
|t:|1785026552
|switch|p1b: Camerupt|Camerupt, L50, M, shiny|100/100
|turn|3
|
|t:|1785026566
|detailschange|p1b: Camerupt|Camerupt-Mega, L50, M, shiny
|-mega|p1b: Camerupt|Camerupt|Cameruptite
|move|p2b: Skeledirge|Protect|p2b: Skeledirge
|-singleturn|p2b: Skeledirge|Protect
|move|p2a: Staraptor|Protect|p2a: Staraptor
|-singleturn|p2a: Staraptor|Protect
|move|p1b: Camerupt|Earth Power|p2b: Skeledirge
|-activate|p2b: Skeledirge|move: Protect
|move|p1a: Kangaskhan|Double-Edge|p2a: Staraptor
|-activate|p2a: Staraptor|move: Protect
|
|-heal|p2b: Skeledirge|53/100|[from] item: Leftovers
|upkeep
|turn|4
|
|t:|1785026587
|switch|p2a: Whimsicott|Whimsicott, L50, M|100/100
|move|p1b: Camerupt|Earth Power|p2b: Skeledirge
|-supereffective|p2b: Skeledirge|1
|-damage|p2b: Skeledirge|0 fnt
|faint|p2b: Skeledirge
|move|p1a: Kangaskhan|Ice Punch|p2a: Whimsicott
|-supereffective|p2a: Whimsicott|1
|-damage|p2a: Whimsicott|34/100
|-damage|p1a: Kangaskhan|53/100|[from] item: Life Orb
|
|upkeep
|
|t:|1785026597
|switch|p2b: Weavile|Weavile, L50, F|100/100
|-ability|p2b: Weavile|Pressure
|turn|5
|
|t:|1785026604
|switch|p1a: Kingambit|Kingambit, L50, M, shiny|100/100
|move|p2b: Weavile|Fake Out|p1b: Camerupt
|-damage|p1b: Camerupt|85/100
|move|p2a: Whimsicott|Charm|p1a: Kingambit
|-hint|Since gen 7, Dark is immune to Prankster moves.
|-immune|p1a: Kingambit
|cant|p1b: Camerupt|flinch
|
|-fieldend|move: Trick Room
|upkeep
|turn|6
|
|t:|1785026624
|move|p1a: Kingambit|Sucker Punch|p2b: Weavile
|-resisted|p2b: Weavile|1
|-damage|p2b: Weavile|57/100
|move|p2b: Weavile|Ice Spinner|p1b: Camerupt
|-damage|p1b: Camerupt|49/100
|move|p2a: Whimsicott|Moonblast|p1a: Kingambit
|-damage|p1a: Kingambit|69/100
|move|p1b: Camerupt|Heat Wave|p2a: Whimsicott|[spread] p2a,p2b
|-supereffective|p2a: Whimsicott|1
|-supereffective|p2b: Weavile|1
|-damage|p2a: Whimsicott|0 fnt
|-damage|p2b: Weavile|0 fnt
|faint|p2a: Whimsicott
|faint|p2b: Weavile
|
|upkeep
|
|t:|1785026635
|switch|p2b: Staraptor|Staraptor-Mega, L50, M|8/100
|turn|7
|
|t:|1785026640
|move|p1a: Kingambit|Sucker Punch|p2b: Staraptor
|-resisted|p2b: Staraptor|1
|-damage|p2b: Staraptor|0 fnt
|faint|p2b: Staraptor
|
|win|phoenix burner
||mocha gob is ready for game 2.
||phoenix burner is ready for game 2.
|uhtml|next|Next: Game 2 of 3
|l|☆mocha gob
|player|p2|
