|j|☆tajinvgc
|j|☆kigokigo
|html|tajinvgckigokigo    
|uhtml|bestof|Game 3 of a best-of-3
|t:|1784245076
|gametype|doubles
|player|p1|tajinvgc|palmer|1077
|player|p2|kigokigo|1|1102
|gen|9
|tier|[Gen 9 Champions] VGC 2026 Reg M-B (Bo3)
|rated|
|rule|Species Clause: Limit one of each Pokémon
|rule|Item Clause: Limit 1 of each item
|clearpoke
|poke|p1|Venusaur, L50, M, shiny|
|poke|p1|Charizard, L50, M, shiny|
|poke|p1|Pelipper, L50, F, shiny|
|poke|p1|Grimmsnarl, L50, M, shiny|
|poke|p1|Archaludon, L50, F, shiny|
|poke|p1|Basculegion, L50, M|
|poke|p2|Whimsicott, L50, M|
|poke|p2|Gholdengo, L50|
|poke|p2|Grimmsnarl, L50, M|
|poke|p2|Incineroar, L50, M|
|poke|p2|Klefki, L50, F|
|poke|p2|Staraptor, L50, F|
|teampreview|4
|showteam|p1|Venusaur||FocusSash|Chlorophyll|Protect,SludgeBomb,EarthPower,SleepPowder|Modest||M|||50|]Charizard||CharizarditeY|Blaze|Protect,HeatWave,WeatherBall,SolarBeam|Modest||M|||50|]Pelipper||SitrusBerry|Drizzle|Hurricane,Tailwind,WeatherBall,WideGuard|Modest||F|||50|]Grimmsnarl||LightClay|Prankster|SpiritBreak,Reflect,LightScreen,PartingShot|Sassy||M|||50|]Archaludon||Leftovers|Stamina|ElectroShot,Protect,DragonPulse,FlashCannon|Calm||F|||50|]Basculegion||ChoiceScarf|Adaptability|WaveCrash,AquaJet,FlipTurn,LastRespects|Jolly||M|||50|
|showteam|p2|Whimsicott||FocusSash|Prankster|Charm,Encore,FakeTears,Protect|Bold||M|||50|]Gholdengo||LifeOrb|GoodasGold|MakeItRain,Protect,NastyPlot,ShadowBall|Timid|||||50|]Grimmsnarl||LightClay|Prankster|LightScreen,Reflect,PartingShot,FakeOut|Calm||M|||50|]Incineroar||ChopleBerry|Intimidate|FakeOut,PartingShot,FlareBlitz,DarkestLariat|Impish||M|||50|]Klefki||ChoiceScarf|Prankster|FlashCannon,Switcheroo,MistyTerrain,MetalSound|Calm||F|||50|]Staraptor||Staraptite|Intimidate|CloseCombat,BraveBird,Roost,Protect|Jolly||F|||50|
|inactive|Battle timer is ON: inactive players will automatically lose when time's up. (requested by tajinvgc)
|inactive|tajinvgc has 60 seconds left.
|
|t:|1784245115
|teamsize|p1|4
|teamsize|p2|4
|start
|switch|p1a: Pelipper|Pelipper, L50, F, shiny|100/100
|switch|p1b: Archaludon|Archaludon, L50, F, shiny|100/100
|switch|p2a: Whimsicott|Whimsicott, L50, M|100/100
|switch|p2b: Staraptor|Staraptor, L50, F|100/100
|-ability|p2b: Staraptor|Intimidate|boost
|-unboost|p1a: Pelipper|atk|1
|-unboost|p1b: Archaludon|atk|1
|-weather|RainDance|[from] ability: Drizzle|[of] p1a: Pelipper
|turn|1
|inactive|tajinvgc has 30 seconds left.
|
|t:|1784245142
|switch|p1b: Basculegion|Basculegion, L50, M|100/100
|detailschange|p2b: Staraptor|Staraptor-Mega, L50, F
|-mega|p2b: Staraptor|Staraptor|Staraptite
|move|p2a: Whimsicott|Charm|p2b: Staraptor
|-boost|p2b: Staraptor|atk|2
|move|p2b: Staraptor|Brave Bird|p1a: Pelipper
|-crit|p1a: Pelipper
|-damage|p1a: Pelipper|0 fnt
|faint|p1a: Pelipper
|-damage|p2b: Staraptor|71/100|[from] Recoil
|
|-weather|RainDance|[upkeep]
|upkeep
|
|t:|1784245154
|switch|p1a: Venusaur|Venusaur, L50, M, shiny|100/100
|turn|2
|
|t:|1784245175
|move|p2b: Staraptor|Protect|p2b: Staraptor
|-singleturn|p2b: Staraptor|Protect
|move|p2a: Whimsicott|Charm|p1b: Basculegion
|-unboost|p1b: Basculegion|atk|2
|move|p1b: Basculegion|Wave Crash|p2a: Whimsicott
|-resisted|p2a: Whimsicott|1
|-damage|p2a: Whimsicott|73/100
|-damage|p1b: Basculegion|92/100|[from] Recoil
|move|p1a: Venusaur|Sludge Bomb|p2a: Whimsicott
|-supereffective|p2a: Whimsicott|2
|-damage|p2a: Whimsicott|0 fnt
|faint|p2a: Whimsicott
|
|-weather|RainDance|[upkeep]
|upkeep
|
|t:|1784245186
|switch|p2a: Incineroar|Incineroar, L50, M|100/100
|-ability|p2a: Incineroar|Intimidate|boost
|-unboost|p1a: Venusaur|atk|1
|-unboost|p1b: Basculegion|atk|1
|turn|3
|
|t:|1784245195
|switch|p1b: Archaludon|Archaludon, L50, F, shiny|100/100
|move|p1a: Venusaur|Protect|p1a: Venusaur
|-singleturn|p1a: Venusaur|Protect
|move|p2a: Incineroar|Fake Out|p1a: Venusaur
|-activate|p1a: Venusaur|move: Protect
|move|p2b: Staraptor|Brave Bird|p1a: Venusaur
|-activate|p1a: Venusaur|move: Protect
|
|-weather|RainDance|[upkeep]
|upkeep
|turn|4
|
|t:|1784245214
|move|p1b: Archaludon|Protect|p1b: Archaludon
|-singleturn|p1b: Archaludon|Protect
|move|p2b: Staraptor|Close Combat|p1b: Archaludon
|-activate|p1b: Archaludon|move: Protect
|move|p1a: Venusaur|Sleep Powder|p2a: Incineroar
|-status|p2a: Incineroar|slp|[from] move: Sleep Powder
|cant|p2a: Incineroar|slp
|
|-weather|RainDance|[upkeep]
|upkeep
|turn|5
|
|t:|1784245230
|switch|p1b: Basculegion|Basculegion, L50, M|92/100
|switch|p2a: Grimmsnarl|Grimmsnarl, L50, M|100/100
|move|p2b: Staraptor|Brave Bird|p1a: Venusaur
|-supereffective|p1a: Venusaur|1
|-enditem|p1a: Venusaur|Focus Sash
|-damage|p1a: Venusaur|1/100
|-damage|p2b: Staraptor|44/100|[from] Recoil
|move|p1a: Venusaur|Sleep Powder|p2b: Staraptor
|-status|p2b: Staraptor|slp|[from] move: Sleep Powder
|
|-weather|none
|upkeep
|turn|6
|inactive|tajinvgc has 30 seconds left.
|
|t:|1784245256
|switch|p1a: Archaludon|Archaludon, L50, F, shiny|100/100
|switch|p2a: Incineroar|Incineroar, L50, M|100/100 slp
|-ability|p2a: Incineroar|Intimidate|boost
|-unboost|p1a: Archaludon|atk|1
|-unboost|p1b: Basculegion|atk|1
|move|p1b: Basculegion|Wave Crash|p2b: Staraptor
|-damage|p2b: Staraptor|0 fnt
|faint|p2b: Staraptor
|-damage|p1b: Basculegion|77/100|[from] Recoil
|
|upkeep
|l|☆kigokigo
|inactive|kigokigo disconnected and has a minute to reconnect!
|player|p2|
|c|☆tajinvgc|gg
|inactive|kigokigo has 30 seconds left.
|inactive|kigokigo has 20 seconds left.
|inactive|kigokigo has 15 seconds left.
|inactive|kigokigo has 10 seconds left.
|inactive|kigokigo has 5 seconds left.
|-message|kigokigo lost due to inactivity.
|
|win|tajinvgc
|raw|tajinvgc's rating: 1077 → 1107(+30 for winning)
|raw|kigokigo's rating: 1102 → 1075(-27 for losing)
