|j|☆YungDungBeetle
|j|☆MolluskVGC
|html|YungDungBeetleMolluskVGC    
|uhtml|bestof|Game 1 of a best-of-3
|t:|1756658113
|gametype|doubles
|player|p1|YungDungBeetle|n|
|player|p2|MolluskVGC|hiker-gen4|
|gen|9
|tier|[Gen 9] VGC 2025 Reg H (Bo3)
|rule|Species Clause: Limit one of each Pokémon
|rule|Item Clause: Limit 1 of each item
|clearpoke
|poke|p1|Rillaboom, L50, F|
|poke|p1|Baxcalibur, L50, M|
|poke|p1|Volcarona, L50, F|
|poke|p1|Whimsicott, L50, F|
|poke|p1|Smeargle, L50, F|
|poke|p1|Annihilape, L50, F|
|poke|p2|Dragonite, L50, F|
|poke|p2|Ursaluna-Bloodmoon, L50, M|
|poke|p2|Gholdengo, L50|
|poke|p2|Electabuzz, L50, M|
|poke|p2|Sneasler, L50, M|
|poke|p2|Indeedee, L50, M|
|teampreview|4
|showteam|p1|Rillaboom||AssaultVest|GrassySurge|FakeOut,GrassyGlide,DrumBeating,HighHorsepower|||F|||50|,,,,,Fire]Baxcalibur||LoadedDice|ThermalExchange|ScaleShot,IcicleSpear,IceShard,Protect|||M|||50|,,,,,Ghost]Volcarona||GrassySeed|FlameBody|FieryDance,QuiverDance,Protect,GigaDrain|||F|||50|,,,,,Grass]Whimsicott||CovertCloak|Prankster|Tailwind,Moonblast,WorrySeed,SunnyDay|||F|||50|,,,,,Water]Smeargle||FocusSash|Moody|FollowMe,Decorate,Haze,Spore|||F|||50|,,,,,Ghost]Annihilape||SafetyGoggles|Defiant|Coaching,RageFist,CloseCombat,Taunt|||F|||50|,,,,,Water
|showteam|p2|Dragonite||LoadedDice|Multiscale|ScaleShot,Tailwind,Haze,Protect|||F|||50|,,,,,Fairy]Ursaluna-Bloodmoon||LifeOrb|MindsEye|HyperVoice,EarthPower,BloodMoon,Protect|||M|||50|,,,,,Normal]Gholdengo||MetalCoat|GoodasGold|MakeItRain,ShadowBall,NastyPlot,Protect||||||50|,,,,,Water]Electabuzz||Eviolite|VitalSpirit|Electroweb,FollowMe,Taunt,Protect|||M|||50|,,,,,Ghost]Sneasler||PsychicSeed|Unburden|DireClaw,CloseCombat,ThroatChop,Protect|||M|||50|,,,,,Dark]Indeedee||FocusSash|PsychicSurge|ExpandingForce,Imprison,TrickRoom,Protect|||M|||50|,,,,,Psychic
|inactive|Battle timer is ON: inactive players will automatically lose when time's up. (requested by YungDungBeetle)
|inactive|MolluskVGC has 60 seconds left.
|c|☆YungDungBeetle|Glhf
|
|t:|1756658163
|teamsize|p1|4
|teamsize|p2|4
|start
|switch|p1a: BIG BODY BENZ|Baxcalibur, L50, M|100/100
|switch|p1b: Annihilape|Annihilape, L50, F|100/100
|switch|p2a: Gholdengo|Gholdengo, L50|100/100
|switch|p2b: Sneasler|Sneasler, L50, M|100/100
|turn|1
|l|☆YungDungBeetle
|inactive|YungDungBeetle disconnected and has 300 seconds to reconnect!
|player|p1|
|j|☆YungDungBeetle
|inactive|YungDungBeetle reconnected and has 45 seconds left.
|player|p1|YungDungBeetle|n|
|
|t:|1756658196
|-terastallize|p2a: Gholdengo|Water
|move|p2b: Sneasler|Protect|p2b: Sneasler
|-singleturn|p2b: Sneasler|Protect
|move|p1a: BIG BODY BENZ|Ice Shard|p1b: Annihilape
|-damage|p1b: Annihilape|76/100
|move|p1b: Annihilape|Rage Fist|p2a: Gholdengo
|-damage|p2a: Gholdengo|59/100
|move|p2a: Gholdengo|Nasty Plot|p2a: Gholdengo
|-boost|p2a: Gholdengo|spa|2
|
|upkeep
|turn|2
|inactive|YungDungBeetle has 30 seconds left.
|inactive|MolluskVGC has 30 seconds left.
|
|t:|1756658226
|switch|p2b: Electabuzz|Electabuzz, L50, M|100/100
|-terastallize|p1a: BIG BODY BENZ|Ghost
|move|p2a: Gholdengo|Protect|p2a: Gholdengo
|-singleturn|p2a: Gholdengo|Protect
|move|p1b: Annihilape|Coaching|p1a: BIG BODY BENZ
|-boost|p1a: BIG BODY BENZ|atk|1
|-boost|p1a: BIG BODY BENZ|def|1
|move|p1a: BIG BODY BENZ|Scale Shot|p2a: Gholdengo
|-activate|p2a: Gholdengo|move: Protect
|
|upkeep
|turn|3
|
|t:|1756658240
|move|p1a: BIG BODY BENZ|Protect|p1a: BIG BODY BENZ
|-singleturn|p1a: BIG BODY BENZ|Protect
|move|p2b: Electabuzz|Follow Me|p2b: Electabuzz
|-singleturn|p2b: Electabuzz|move: Follow Me
|move|p1b: Annihilape|Taunt|p2b: Electabuzz
|-start|p2b: Electabuzz|move: Taunt
|move|p2a: Gholdengo|Make It Rain|p1b: Annihilape|[spread] p1b
|-activate|p1a: BIG BODY BENZ|move: Protect
|-damage|p1b: Annihilape|0 fnt
|-unboost|p2a: Gholdengo|spa|1
|faint|p1b: Annihilape
|
|upkeep
|j| HyphyJavi
|
|t:|1756658250
|switch|p1b: Six Wing Steppa|Volcarona, L50, F|100/100
|turn|4
|
|t:|1756658270
|move|p2a: Gholdengo|Protect|p2a: Gholdengo
|-singleturn|p2a: Gholdengo|Protect
|move|p1b: Six Wing Steppa|Quiver Dance|p1b: Six Wing Steppa
|-boost|p1b: Six Wing Steppa|spa|1
|-boost|p1b: Six Wing Steppa|spd|1
|-boost|p1b: Six Wing Steppa|spe|1
|move|p1a: BIG BODY BENZ|Scale Shot|p2b: Electabuzz
|-damage|p2b: Electabuzz|81/100
|-damage|p2b: Electabuzz|63/100
|-damage|p2b: Electabuzz|46/100
|-damage|p2b: Electabuzz|28/100
|-hitcount|p2b: Electabuzz|4
|-unboost|p1a: BIG BODY BENZ|def|1
|-boost|p1a: BIG BODY BENZ|spe|1
|move|p2b: Electabuzz|Electroweb|p1a: BIG BODY BENZ|[spread] p1a,p1b
|-damage|p1a: BIG BODY BENZ|85/100
|-damage|p1b: Six Wing Steppa|92/100
|-unboost|p1a: BIG BODY BENZ|spe|1
|-unboost|p1b: Six Wing Steppa|spe|1
|
|upkeep
|turn|5
|c|☆YungDungBeetle|Damn I’m on my alt account
|inactive|MolluskVGC has 30 seconds left.
|c|☆YungDungBeetle|Just now realized
|
|t:|1756658297
|move|p1b: Six Wing Steppa|Giga Drain|p2a: Gholdengo
|-supereffective|p2a: Gholdengo
|-damage|p2a: Gholdengo|0 fnt
|-heal|p1b: Six Wing Steppa|100/100|[from] drain|[of] p2a: Gholdengo
|faint|p2a: Gholdengo
|move|p1a: BIG BODY BENZ|Scale Shot|p2b: Electabuzz
|-damage|p2b: Electabuzz|9/100
|-damage|p2b: Electabuzz|0 fnt
|faint|p2b: Electabuzz
|-hitcount|p2: Electabuzz|2
|-unboost|p1a: BIG BODY BENZ|def|1
|-boost|p1a: BIG BODY BENZ|spe|1
|
|upkeep
|
|t:|1756658309
|switch|p2b: Indeedee|Indeedee, L50, M|100/100
|switch|p2a: Sneasler|Sneasler, L50, M|100/100
|-fieldstart|move: Psychic Terrain|[from] ability: Psychic Surge|[of] p2b: Indeedee
|-enditem|p2a: Sneasler|Psychic Seed
|-boost|p2a: Sneasler|spd|1|[from] item: Psychic Seed
|turn|6
|c| HyphyJavi|I was gonna say who is YUNG DUNG
|c|☆YungDungBeetle|Lmfaoo
|inactive|YungDungBeetle has 30 seconds left.
|
|t:|1756658343
|move|p2a: Sneasler|Throat Chop|p1a: BIG BODY BENZ
|-supereffective|p1a: BIG BODY BENZ
|-damage|p1a: BIG BODY BENZ|0 fnt
|faint|p1a: BIG BODY BENZ
|move|p2b: Indeedee|Expanding Force|p1b: Six Wing Steppa
|-damage|p1b: Six Wing Steppa|54/100
|move|p1b: Six Wing Steppa|Fiery Dance|p2a: Sneasler
|-damage|p2a: Sneasler|52/100
|
|upkeep
|
|t:|1756658346
|switch|p1a: Notorious SMG|Smeargle, L50, F|100/100
|turn|7
|
|t:|1756658363
|move|p2a: Sneasler|Protect|p2a: Sneasler
|-singleturn|p2a: Sneasler|Protect
|move|p2b: Indeedee|Expanding Force|p1b: Six Wing Steppa|[spread] p1a,p1b
|-enditem|p1a: Notorious SMG|Focus Sash
|-damage|p1a: Notorious SMG|1/100
|-damage|p1b: Six Wing Steppa|22/100
|move|p1b: Six Wing Steppa|Quiver Dance|p1b: Six Wing Steppa
|-boost|p1b: Six Wing Steppa|spa|1
|-boost|p1b: Six Wing Steppa|spd|1
|-boost|p1b: Six Wing Steppa|spe|1
|move|p1a: Notorious SMG|Spore|p2a: Sneasler
|-activate|p2a: Sneasler|move: Protect
|
|-ability|p1a: Notorious SMG|Moody|boost
|-boost|p1a: Notorious SMG|def|2
|-unboost|p1a: Notorious SMG|spa|1
|upkeep
|turn|8
|
|t:|1756658380
|move|p1a: Notorious SMG|Follow Me|p1a: Notorious SMG
|-singleturn|p1a: Notorious SMG|move: Follow Me
|move|p2a: Sneasler|Dire Claw|p1a: Notorious SMG
|-damage|p1a: Notorious SMG|0 fnt
|faint|p1a: Notorious SMG
|move|p1b: Six Wing Steppa|Fiery Dance|p2b: Indeedee
|-enditem|p2b: Indeedee|Focus Sash
|-damage|p2b: Indeedee|1/100
|-boost|p1b: Six Wing Steppa|spa|1
|move|p2b: Indeedee|Expanding Force|p1b: Six Wing Steppa
|-damage|p1b: Six Wing Steppa|0 fnt
|faint|p1b: Six Wing Steppa
|
|win|MolluskVGC
||YungDungBeetle is ready for game 2.
|inactive|MolluskVGC has 30 seconds to confirm battle start!
|c|☆MolluskVGC|gg
||MolluskVGC is ready for game 2.
|uhtml|next|Next: Game 2 of 3
