|j|☆Aeon_Twins
|j|☆dandetheheartless
|html|Aeon_Twinsdandetheheartless    
|uhtml|bestof|Game 2 of a best-of-3
|t:|1782515230
|gametype|doubles
|player|p1|Aeon_Twins|n|1320
|player|p2|dandetheheartless|winona|1260
|gen|9
|tier|[Gen 9 Champions] VGC 2026 Reg M-B (Bo3)
|rated|
|rule|Species Clause: Limit one of each Pokémon
|rule|Item Clause: Limit 1 of each item
|clearpoke
|poke|p1|Torkoal, L50, F|
|poke|p1|Farigiraf, L50, F|
|poke|p1|Pyroar, L50, F|
|poke|p1|Venusaur, L50, F|
|poke|p1|Sylveon, L50, F|
|poke|p1|Scrafty, L50, F|
|poke|p2|Kingambit, L50, M|
|poke|p2|Delphox, L50, F|
|poke|p2|Sneasler, L50, M|
|poke|p2|Garchomp, L50, M|
|poke|p2|Clefable, L50, F|
|poke|p2|Basculegion, L50, M|
|teampreview|4
|showteam|p1|Torkoal||Charcoal|Drought|Eruption,HeatWave,HelpingHand,Protect|Quiet||F|||50|]Farigiraf||ColburBerry|ArmorTail|Psychic,Thunderbolt,TrickRoom,HelpingHand|Sassy||F|||50|]Pyroar||Pyroarite|Rivalry|Overheat,HyperVoice,HeatWave,Protect|Timid||F|||50|]Venusaur||LifeOrb|Chlorophyll|GigaDrain,EarthPower,SleepPowder,Protect|Timid||F|||50|]Sylveon||FairyFeather|Pixilate|HyperBeam,HyperVoice,WeatherBall,Protect|Modest||F|||50|]Scrafty||Scraftinite|Intimidate|FakeOut,CloseCombat,KnockOff,Protect|Brave||F|||50|
|showteam|p2|Kingambit||FocusSash|Defiant|IronHead,LowKick,SuckerPunch,Protect|Adamant||M|||50|]Delphox||Delphoxite|Blaze|HeatWave,Psyshock,NastyPlot,Protect|Modest||F|||50|]Sneasler||WhiteHerb|Unburden|GunkShot,FakeOut,CloseCombat,Protect|Adamant||M|||50|]Garchomp||LifeOrb|RoughSkin|Earthquake,RockSlide,DragonClaw,Protect|Jolly||M|||50|]Clefable||SitrusBerry|Unaware|Moonblast,FollowMe,HelpingHand,Protect|Bold||F|||50|]Basculegion||ChoiceScarf|Adaptability|AquaJet,FlipTurn,LastRespects,WaveCrash|Jolly||M|||50|
|inactive|Battle timer is ON: inactive players will automatically lose when time's up. (requested by dandetheheartless)
|inactive|Aeon_Twins has 60 seconds left.
|
|t:|1782515289
|teamsize|p1|4
|teamsize|p2|4
|start
|switch|p1a: Pyroar|Pyroar, L50, F|100/100
|switch|p1b: Torkoal|Torkoal, L50, F|100/100
|switch|p2a: Delphox|Delphox, L50, F|100/100
|switch|p2b: Clefable|Clefable, L50, F|100/100
|-weather|SunnyDay|[from] ability: Drought|[of] p1b: Torkoal
|turn|1
|inactive|dandetheheartless has 30 seconds left.
|
|t:|1782515320
|detailschange|p1a: Pyroar|Pyroar-Mega, L50, F
|-mega|p1a: Pyroar|Pyroar|Pyroarite
|detailschange|p2a: Delphox|Delphox-Mega, L50, F
|-mega|p2a: Delphox|Delphox|Delphoxite
|move|p1b: Torkoal|Helping Hand|p1a: Pyroar
|-singleturn|p1a: Pyroar|Helping Hand|[of] p1b: Torkoal
|move|p2b: Clefable|Protect|p2b: Clefable
|-singleturn|p2b: Clefable|Protect
|move|p1a: Pyroar|Heat Wave|p2b: Clefable|[spread] p2a
|-activate|p2b: Clefable|move: Protect
|-resisted|p2a: Delphox|1
|-damage|p2a: Delphox|52/100
|move|p2a: Delphox|Heat Wave|p1a: Pyroar|[spread] p1a,p1b
|-resisted|p1a: Pyroar|1
|-resisted|p1b: Torkoal|1
|-damage|p1a: Pyroar|59/100
|-damage|p1b: Torkoal|61/100
|
|-weather|SunnyDay|[upkeep]
|upkeep
|turn|2
|
|t:|1782515339
|move|p1b: Torkoal|Helping Hand|p1a: Pyroar
|-singleturn|p1a: Pyroar|Helping Hand|[of] p1b: Torkoal
|move|p2b: Clefable|Follow Me|p2b: Clefable
|-singleturn|p2b: Clefable|move: Follow Me
|move|p1a: Pyroar|Heat Wave|p2b: Clefable|[spread] p2a,p2b
|-resisted|p2a: Delphox|1
|-damage|p2a: Delphox|1/100
|-damage|p2b: Clefable|0 fnt
|faint|p2b: Clefable
|move|p2a: Delphox|Heat Wave|p1a: Pyroar|[spread] p1a,p1b
|-resisted|p1a: Pyroar|1
|-resisted|p1b: Torkoal|1
|-damage|p1a: Pyroar|18/100
|-damage|p1b: Torkoal|24/100
|
|-weather|SunnyDay|[upkeep]
|upkeep
|
|t:|1782515348
|switch|p2b: Garchomp|Garchomp, L50, M|100/100
|turn|3
|
|t:|1782515356
|move|p1b: Torkoal|Helping Hand|p1a: Pyroar
|-singleturn|p1a: Pyroar|Helping Hand|[of] p1b: Torkoal
|move|p1a: Pyroar|Overheat|p2b: Garchomp
|-resisted|p2b: Garchomp|1
|-damage|p2b: Garchomp|0 fnt
|-unboost|p1a: Pyroar|spa|2
|faint|p2b: Garchomp
|move|p2a: Delphox|Nasty Plot|p2a: Delphox
|-boost|p2a: Delphox|spa|2
|
|-weather|SunnyDay|[upkeep]
|upkeep
|
|t:|1782515358
|switch|p2b: Kingambit|Kingambit, L50, M|100/100
|turn|4
|
|t:|1782515379
|move|p1a: Pyroar|Protect|p1a: Pyroar
|-singleturn|p1a: Pyroar|Protect
|move|p2b: Kingambit|Sucker Punch||[still]
|-fail|p2b: Kingambit
|move|p2a: Delphox|Heat Wave|p1a: Pyroar|[spread] p1b
|-activate|p1a: Pyroar|move: Protect
|-resisted|p1b: Torkoal|1
|-damage|p1b: Torkoal|0 fnt
|faint|p1b: Torkoal
|
|-weather|SunnyDay|[upkeep]
|upkeep
|
|t:|1782515386
|switch|p1b: Sylveon|Sylveon, L50, F|100/100
|turn|5
|
|t:|1782515400
|move|p2a: Delphox|Protect|p2a: Delphox
|-singleturn|p2a: Delphox|Protect
|move|p2b: Kingambit|Protect|p2b: Kingambit
|-singleturn|p2b: Kingambit|Protect
|move|p1b: Sylveon|Protect|p1b: Sylveon
|-singleturn|p1b: Sylveon|Protect
|move|p1a: Pyroar|Heat Wave|p2b: Kingambit|[spread] 
|-activate|p2a: Delphox|move: Protect
|-activate|p2b: Kingambit|move: Protect
|
|-weather|none
|upkeep
|turn|6
|
|t:|1782515412
|move|p2b: Kingambit|Sucker Punch|p1a: Pyroar
|-damage|p1a: Pyroar|0 fnt
|faint|p1a: Pyroar
|move|p2a: Delphox|Psyshock|p1b: Sylveon
|-damage|p1b: Sylveon|0 fnt
|faint|p1b: Sylveon
|
|upkeep
|
|t:|1782515418
|switch|p1b: Scrafty|Scrafty, L50, F|100/100
|-ability|p1b: Scrafty|Intimidate|boost
|-unboost|p2a: Delphox|atk|1
|-unboost|p2b: Kingambit|atk|1
|-ability|p2b: Kingambit|Defiant|boost
|-boost|p2b: Kingambit|atk|2
|turn|7
|
|t:|1782515426
|move|p2a: Delphox|Protect|p2a: Delphox
|-singleturn|p2a: Delphox|Protect
|move|p2b: Kingambit|Protect|p2b: Kingambit
|-singleturn|p2b: Kingambit|Protect
|move|p1b: Scrafty|Protect||[still]
|-fail|p1b: Scrafty
|
|upkeep
|turn|8
|
|t:|1782515435
|move|p2a: Delphox|Heat Wave|p1b: Scrafty
|-damage|p1b: Scrafty|10/100
|move|p2b: Kingambit|Iron Head|p1b: Scrafty
|-damage|p1b: Scrafty|0 fnt
|faint|p1b: Scrafty
|
|win|dandetheheartless
