|j|☆dycheball
|j|☆nenu18
|html|dycheballnenu18    
|uhtml|bestof|Game 2 of a best-of-3
|t:|1756248749
|gametype|doubles
|player|p1|dycheball|cyrus|1316
|player|p2|nenu18|102|1223
|gen|9
|tier|[Gen 9] VGC 2025 Reg H (Bo3)
|rated|
|rule|Species Clause: Limit one of each Pokémon
|rule|Item Clause: Limit 1 of each item
|clearpoke
|poke|p1|Maushold, L50|
|poke|p1|Sinistcha, L50|
|poke|p1|Pelipper, L50, F|
|poke|p1|Annihilape, L50, F|
|poke|p1|Basculegion, L50, M|
|poke|p1|Archaludon, L50, M|
|poke|p2|Electabuzz, L50, M|
|poke|p2|Kingambit, L50, M|
|poke|p2|Volcarona, L50, M|
|poke|p2|Dragonite, L50, F|
|poke|p2|Sneasler, L50, F|
|poke|p2|Rillaboom, L50, F|
|teampreview|4
|showteam|p1|Maushold||SafetyGoggles|FriendGuard|BeatUp,FollowMe,Taunt,Protect||||||50|,,,,,Ghost]Sinistcha||SitrusBerry|Hospitality|MatchaGotcha,LifeDew,RagePowder,TrickRoom||||||50|,,,,,Fairy]Pelipper||FocusSash|Drizzle|WeatherBall,Hurricane,Tailwind,Protect|||F|||50|,,,,,Ground]Annihilape||Leftovers|Defiant|DrainPunch,RageFist,BulkUp,Protect|||F|||50|,,,,,Fire]Basculegion||ChoiceBand|SwiftSwim|WaveCrash,AquaJet,LastRespects,FlipTurn|||M|||50|,,,,,Grass]Archaludon||AssaultVest|Stamina|BodyPress,DracoMeteor,ElectroShot,FlashCannon|||M|||50|,,,,,Grass
|showteam|p2|Electabuzz||Eviolite|VitalSpirit|FollowMe,Thunderbolt,Taunt,Protect|||M|||50|,,,,,Ghost]Kingambit||BlackGlasses|Defiant|KowtowCleave,SuckerPunch,SwordsDance,Protect|||M|||50|,,,,,Ghost]Volcarona||LifeOrb|FlameBody|HeatWave,TeraBlast,QuiverDance,Protect|||M|||50|,,,,,Fairy]Dragonite||LoadedDice|Multiscale|ScaleShot,ExtremeSpeed,Haze,Protect|||F|||50|,,,,,Fairy]Sneasler||FocusSash|Unburden|DireClaw,CloseCombat,Coaching,FakeOut|||F|||50|,,,,,Stellar]Rillaboom||AssaultVest|GrassySurge|FakeOut,WoodHammer,GrassyGlide,HighHorsepower|||F|||50|,,,,,Fire
|inactive|Battle timer is ON: inactive players will automatically lose when time's up. (requested by dycheball)
|inactive|dycheball has 60 seconds left.
|inactive|dycheball has 30 seconds left.
|inactive|dycheball has 20 seconds left.
|inactive|dycheball has 15 seconds left.
|inactive|dycheball has 10 seconds left.
|
|t:|1756248834
|teamsize|p1|4
|teamsize|p2|4
|start
|switch|p1a: Maushold|Maushold, L50|100/100
|switch|p1b: Annihilape|Annihilape, L50, F|100/100
|switch|p2a: Volcarona|Volcarona, L50, M|100/100
|switch|p2b: Electabuzz|Electabuzz, L50, M|100/100
|turn|1
|
|t:|1756248850
|-terastallize|p1b: Annihilape|Fire
|move|p2b: Electabuzz|Follow Me|p2b: Electabuzz
|-singleturn|p2b: Electabuzz|move: Follow Me
|move|p1a: Maushold|Taunt|p2b: Electabuzz
|-start|p2b: Electabuzz|move: Taunt
|move|p1b: Annihilape|Bulk Up|p1b: Annihilape
|-boost|p1b: Annihilape|atk|1
|-boost|p1b: Annihilape|def|1
|move|p2a: Volcarona|Quiver Dance|p2a: Volcarona
|-boost|p2a: Volcarona|spa|1
|-boost|p2a: Volcarona|spd|1
|-boost|p2a: Volcarona|spe|1
|
|upkeep
|turn|2
|
|t:|1756248865
|move|p2a: Volcarona|Heat Wave|p1a: Maushold|[spread] p1a,p1b
|-resisted|p1b: Annihilape
|-damage|p1a: Maushold|17/100
|-damage|p1b: Annihilape|75/100
|-status|p1a: Maushold|brn
|-damage|p2a: Volcarona|91/100|[from] item: Life Orb
|move|p1a: Maushold|Beat Up|p1b: Annihilape
|-damage|p1b: Annihilape|75/100
|-crit|p1b: Annihilape
|-damage|p1b: Annihilape|73/100
|-damage|p1b: Annihilape|72/100
|-damage|p1b: Annihilape|72/100
|-hitcount|p1b: Annihilape|4
|move|p1b: Annihilape|Rage Fist|p2a: Volcarona
|-damage|p2a: Volcarona|0 fnt
|faint|p2a: Volcarona
|move|p2b: Electabuzz|Thunderbolt|p1b: Annihilape
|-damage|p1b: Annihilape|50/100
|
|-heal|p1b: Annihilape|56/100|[from] item: Leftovers
|-damage|p1a: Maushold|10/100 brn|[from] brn
|upkeep
|
|t:|1756248870
|switch|p2a: Dragonite|Dragonite, L50, F|100/100
|turn|3
|
|t:|1756248891
|-terastallize|p2b: Electabuzz|Ghost
|move|p1a: Maushold|Taunt|p2a: Dragonite
|-start|p2a: Dragonite|move: Taunt
|move|p1b: Annihilape|Rage Fist|p2b: Electabuzz
|-supereffective|p2b: Electabuzz
|-damage|p2b: Electabuzz|0 fnt
|faint|p2b: Electabuzz
|move|p2a: Dragonite|Scale Shot|p1b: Annihilape
|-damage|p1b: Annihilape|48/100
|-damage|p1b: Annihilape|40/100
|-crit|p1b: Annihilape
|-damage|p1b: Annihilape|24/100
|-crit|p1b: Annihilape
|-damage|p1b: Annihilape|8/100
|-damage|p1b: Annihilape|0 fnt
|faint|p1b: Annihilape
|-hitcount|p1: Annihilape|5
|-unboost|p2a: Dragonite|def|1
|-boost|p2a: Dragonite|spe|1
|
|-damage|p1a: Maushold|4/100 brn|[from] brn
|upkeep
|
|t:|1756248910
|switch|p1b: Pelipper|Pelipper, L50, F|100/100
|switch|p2b: Kingambit|Kingambit, L50, M|100/100
|-weather|RainDance|[from] ability: Drizzle|[of] p1b: Pelipper
|turn|4
|
|t:|1756248931
|move|p1a: Maushold|Follow Me|p1a: Maushold
|-singleturn|p1a: Maushold|move: Follow Me
|move|p2a: Dragonite|Scale Shot|p1a: Maushold
|-damage|p1a: Maushold|0 fnt
|faint|p1a: Maushold
|-hitcount|p1: Maushold|1
|-unboost|p2a: Dragonite|def|1
|-boost|p2a: Dragonite|spe|1
|move|p1b: Pelipper|Weather Ball|p2b: Kingambit
|-damage|p2b: Kingambit|33/100
|move|p2b: Kingambit|Swords Dance|p2b: Kingambit
|-boost|p2b: Kingambit|atk|2
|
|-weather|RainDance|[upkeep]
|upkeep
|
|t:|1756248942
|switch|p1a: Archaludon|Archaludon, L50, M|100/100
|turn|5
|
|t:|1756248953
|move|p2b: Kingambit|Sucker Punch|p1a: Archaludon
|-damage|p1a: Archaludon|33/100
|-ability|p1a: Archaludon|Stamina|boost
|-boost|p1a: Archaludon|def|1
|move|p2a: Dragonite|Scale Shot|p1a: Archaludon
|-damage|p1a: Archaludon|26/100
|-ability|p1a: Archaludon|Stamina|boost
|-boost|p1a: Archaludon|def|1
|-damage|p1a: Archaludon|21/100
|-ability|p1a: Archaludon|Stamina|boost
|-boost|p1a: Archaludon|def|1
|-damage|p1a: Archaludon|18/100
|-ability|p1a: Archaludon|Stamina|boost
|-boost|p1a: Archaludon|def|1
|-damage|p1a: Archaludon|14/100
|-ability|p1a: Archaludon|Stamina|boost
|-boost|p1a: Archaludon|def|1
|-hitcount|p1a: Archaludon|4
|-unboost|p2a: Dragonite|def|1
|-boost|p2a: Dragonite|spe|1
|move|p1a: Archaludon|Body Press|p2b: Kingambit
|-supereffective|p2b: Kingambit
|-damage|p2b: Kingambit|0 fnt
|faint|p2b: Kingambit
|move|p1b: Pelipper|Hurricane|p2a: Dragonite
|-damage|p2a: Dragonite|72/100
|
|-weather|RainDance|[upkeep]
|-end|p2a: Dragonite|move: Taunt
|upkeep
|turn|6
|inactive|dycheball has 30 seconds left.
|
|t:|1756248980
|move|p2a: Dragonite|Scale Shot|p1a: Archaludon
|-damage|p1a: Archaludon|11/100
|-ability|p1a: Archaludon|Stamina|boost
|-boost|p1a: Archaludon|def|1
|-damage|p1a: Archaludon|8/100
|-damage|p1a: Archaludon|5/100
|-damage|p1a: Archaludon|2/100
|-damage|p1a: Archaludon|0 fnt
|faint|p1a: Archaludon
|-hitcount|p1: Archaludon|5
|-unboost|p2a: Dragonite|def|1
|-boost|p2a: Dragonite|spe|1
|move|p1b: Pelipper|Hurricane|p2a: Dragonite
|-damage|p2a: Dragonite|20/100
|
|-weather|RainDance|[upkeep]
|upkeep
|turn|7
|
|t:|1756248997
|move|p2a: Dragonite|Scale Shot|p1b: Pelipper
|-damage|p1b: Pelipper|82/100
|-damage|p1b: Pelipper|63/100
|-damage|p1b: Pelipper|43/100
|-crit|p1b: Pelipper
|-damage|p1b: Pelipper|10/100
|-damage|p1b: Pelipper|0 fnt
|faint|p1b: Pelipper
|-hitcount|p1: Pelipper|5
|
|win|nenu18
