|j|☆5minutestolive
|j|☆certified urgl
|html|5minutestolivecertified urgl    
|uhtml|bestof|Game 1 of a best-of-3
|t:|1756491826
|gametype|doubles
|player|p1|5minutestolive|winona|1285
|player|p2|certified urgl|102|1323
|gen|9
|tier|[Gen 9] VGC 2025 Reg H (Bo3)
|rated|
|rule|Species Clause: Limit one of each Pokémon
|rule|Item Clause: Limit 1 of each item
|clearpoke
|poke|p1|Ninetales-Alola, L50, M|
|poke|p1|Ursaluna-Bloodmoon, L50, M|
|poke|p1|Gholdengo, L50|
|poke|p1|Amoonguss, L50, M|
|poke|p1|Annihilape, L50, F|
|poke|p1|Dragonite, L50, F|
|poke|p2|Gholdengo, L50|
|poke|p2|Sneasler, L50, M|
|poke|p2|Rillaboom, L50, F|
|poke|p2|Dragonite, L50, M|
|poke|p2|Ninetales-Alola, L50, M|
|poke|p2|Arcanine-Hisui, L50, M|
|teampreview|4
|showteam|p1|Ninetales-Alola||CovertCloak|SnowWarning|IcyWind,Blizzard,AuroraVeil,IcicleSpear|||M|||50|,,,,,Water]Ursaluna-Bloodmoon||AssaultVest|MindsEye|BloodMoon,EarthPower,HyperVoice,VacuumWave|||M|||50|,,,,,Water]Gholdengo||LifeOrb|GoodasGold|Protect,NastyPlot,MakeItRain,ShadowBall||||||50|,,,,,Water]Amoonguss||SitrusBerry|Regenerator|Spore,RagePowder,PollenPuff,Protect|||M|||50|,,,,,Psychic]Annihilape||SafetyGoggles|Defiant|RageFist,BulkUp,DrainPunch,Protect|||F|||50|,,,,,Fire]Dragonite||LoadedDice|Multiscale|ScaleShot,Tailwind,Haze,Protect|||F|||50|,,,,,Fairy
|showteam|p2|Gholdengo||GrassySeed|GoodasGold|NastyPlot,MakeItRain,ShadowBall,Protect||||||50|,,,,,Water]Sneasler||WhiteHerb|Unburden|CloseCombat,DireClaw,Coaching,Protect|||M|||50|,,,,,Ghost]Rillaboom||AssaultVest|GrassySurge|FakeOut,GrassyGlide,DrumBeating,HighHorsepower|||F|||50|,,,,,Fire]Dragonite||LoadedDice|Multiscale|ScaleShot,StompingTantrum,Tailwind,Protect|||M|||50|,,,,,Ground]Ninetales-Alola||FocusSash|SnowWarning|Blizzard,IcyWind,Encore,AuroraVeil|||M|||50|,,,,,Ghost]Arcanine-Hisui||ClearAmulet|Intimidate|RockSlide,FlareBlitz,ExtremeSpeed,Protect|||M|||50|,,,,,Water
|inactive|Battle timer is ON: inactive players will automatically lose when time's up. (requested by certified urgl)
|
|t:|1756491873
|teamsize|p1|4
|teamsize|p2|4
|start
|switch|p1a: Ninetales|Ninetales-Alola, L50, M, shiny|100/100
|switch|p1b: Annihilape|Annihilape, L50, F|100/100
|switch|p2a: Sneasler|Sneasler, L50, M|100/100
|switch|p2b: Dragonite|Dragonite, L50, M|100/100
|-weather|Snowscape|[from] ability: Snow Warning|[of] p1a: Ninetales
|turn|1
|inactive|5minutestolive has 30 seconds left.
|inactive|certified urgl has 30 seconds left.
|
|t:|1756491906
|switch|p2b: Ninetales|Ninetales-Alola, L50, M|100/100
|move|p1b: Annihilape|Protect|p1b: Annihilape
|-singleturn|p1b: Annihilape|Protect
|move|p1a: Ninetales|Icy Wind|p2b: Ninetales|[spread] p2a,p2b
|-resisted|p2b: Ninetales
|-damage|p2a: Sneasler|86/100
|-damage|p2b: Ninetales|93/100
|-unboost|p2a: Sneasler|spe|1
|-unboost|p2b: Ninetales|spe|1
|-enditem|p2a: Sneasler|White Herb
|-clearnegativeboost|p2a: Sneasler|[silent]
|move|p2a: Sneasler|Dire Claw|p1a: Ninetales
|-supereffective|p1a: Ninetales
|-damage|p1a: Ninetales|33/100
|
|-weather|Snowscape|[upkeep]
|upkeep
|turn|2
|inactive|certified urgl has 30 seconds left.
|
|t:|1756491933
|-terastallize|p1b: Annihilape|Fire
|move|p2a: Sneasler|Dire Claw|p1a: Ninetales
|-supereffective|p1a: Ninetales
|-damage|p1a: Ninetales|0 fnt
|faint|p1a: Ninetales
|move|p1b: Annihilape|Rage Fist|p2a: Sneasler
|-damage|p2a: Sneasler|59/100
|move|p2b: Ninetales|Aurora Veil|p2b: Ninetales
|-sidestart|p2: certified urgl|move: Aurora Veil
|
|-weather|Snowscape|[upkeep]
|upkeep
|
|t:|1756491948
|switch|p1a: Gholdengo|Gholdengo, L50|100/100
|turn|3
|
|t:|1756491959
|move|p2a: Sneasler|Dire Claw|p1b: Annihilape
|-damage|p1b: Annihilape|62/100
|-status|p1b: Annihilape|par
|move|p1a: Gholdengo|Nasty Plot|p1a: Gholdengo
|-boost|p1a: Gholdengo|spa|2
|move|p2b: Ninetales|Blizzard|p1a: Gholdengo|[spread] p1a,p1b
|-resisted|p1a: Gholdengo
|-resisted|p1b: Annihilape
|-damage|p1a: Gholdengo|83/100
|-damage|p1b: Annihilape|49/100 par
|cant|p1b: Annihilape|par
|
|-weather|Snowscape|[upkeep]
|upkeep
|turn|4
|
|t:|1756491981
|move|p2a: Sneasler|Protect|p2a: Sneasler
|-singleturn|p2a: Sneasler|Protect
|move|p1a: Gholdengo|Protect|p1a: Gholdengo
|-singleturn|p1a: Gholdengo|Protect
|move|p2b: Ninetales|Blizzard|p1a: Gholdengo|[spread] p1b
|-activate|p1a: Gholdengo|move: Protect
|-resisted|p1b: Annihilape
|-damage|p1b: Annihilape|36/100 par
|move|p1b: Annihilape|Rage Fist|p2b: Ninetales
|-damage|p2b: Ninetales|31/100
|
|-weather|Snowscape|[upkeep]
|upkeep
|turn|5
|
|t:|1756492002
|switch|p2a: Dragonite|Dragonite, L50, M|100/100
|cant|p1b: Annihilape|par
|move|p1a: Gholdengo|Make It Rain|p2a: Dragonite|[spread] p2a,p2b
|-supereffective|p2b: Ninetales
|-damage|p2a: Dragonite|62/100
|-damage|p2b: Ninetales|0 fnt
|-unboost|p1a: Gholdengo|spa|1
|faint|p2b: Ninetales
|-damage|p1a: Gholdengo|74/100|[from] item: Life Orb
|
|-weather|none
|upkeep
|
|t:|1756492012
|switch|p2b: Arcanine|Arcanine-Hisui, L50, M|100/100
|-ability|p2b: Arcanine|Intimidate|boost
|-unboost|p1a: Gholdengo|atk|1
|-unboost|p1b: Annihilape|atk|1
|-ability|p1b: Annihilape|Defiant|boost
|-boost|p1b: Annihilape|atk|2
|turn|6
|
|t:|1756492028
|move|p2b: Arcanine|Flare Blitz|p1a: Gholdengo
|-supereffective|p1a: Gholdengo
|-damage|p1a: Gholdengo|0 fnt
|faint|p1a: Gholdengo
|-damage|p2b: Arcanine|75/100|[from] Recoil
|move|p2a: Dragonite|Stomping Tantrum|p1b: Annihilape
|-supereffective|p1b: Annihilape
|-crit|p1b: Annihilape
|-damage|p1b: Annihilape|0 fnt
|faint|p1b: Annihilape
|
|-sideend|p2: certified urgl|move: Aurora Veil
|upkeep
|-message|5minutestolive forfeited.
|
|win|certified urgl
||5minutestolive is ready for game 2.
||certified urgl is ready for game 2.
|uhtml|next|Next: Game 2 of 3
