|j|☆Nusssack
|j|☆KodeBeast0526
|html|NusssackKodeBeast0526    
|uhtml|bestof|Game 1 of a best-of-3
|t:|1783607985
|gametype|doubles
|player|p1|Nusssack|falkner|1038
|player|p2|KodeBeast0526|hiker|1037
|gen|9
|tier|[Gen 9 Champions] VGC 2026 Reg M-B (Bo3)
|rated|
|rule|Species Clause: Limit one of each Pokémon
|rule|Item Clause: Limit 1 of each item
|clearpoke
|poke|p1|Milotic, L50, F, shiny|
|poke|p1|Zoroark-Hisui, L50, F|
|poke|p1|Drampa, L50, F, shiny|
|poke|p1|Metagross, L50, shiny|
|poke|p1|Blaziken, L50, F|
|poke|p1|Eelektross, L50, M|
|poke|p2|Aerodactyl, L50, M|
|poke|p2|Kingambit, L50, M|
|poke|p2|Sylveon, L50, M|
|poke|p2|Garchomp, L50, M|
|poke|p2|Charizard, L50, M|
|poke|p2|Incineroar, L50, M|
|teampreview|4
|showteam|p1|Milotic||Leftovers|Competitive|IcyWind,Hypnosis,Coil,Protect|Bold||F|||50|]Zoroark-Hisui||FocusSash|Illusion|BitterMalice,WillOWisp,Taunt,Protect|Timid||F|||50|]Drampa||SitrusBerry|CloudNine|IceBeam,EnergyBall,Snarl,Protect|Bold||F|||50|]Metagross||MetalCoat|ClearBody|MeteorMash,StompingTantrum,PsychUp,Protect|Jolly|||||50|]Blaziken||Blazikenite|SpeedBoost|CloseCombat,FlareBlitz,SwordsDance,Protect|Jolly||F|||50|]Eelektross||Eelektrossite|Levitate|ThunderPunch,DrainPunch,Coil,Protect|Adamant||M|||50|
|showteam|p2|Aerodactyl||Aerodactylite|Unnerve|RockSlide,IceFang,Tailwind,WideGuard|Jolly||M|||50|]Kingambit||FocusSash|Defiant|KowtowCleave,SuckerPunch,IronHead,Protect|Adamant||M|||50|]Sylveon||FairyFeather|Pixilate|Detect,HyperVoice,HyperBeam,QuickAttack|Modest||M|||50|]Garchomp||LifeOrb|RoughSkin|Earthquake,DragonClaw,StompingTantrum,Protect|Jolly||M|||50|]Charizard||CharizarditeY|Blaze|Protect,HeatWave,SolarBeam,WeatherBall|Modest||M|||50|]Incineroar||SitrusBerry|Intimidate|DarkestLariat,FlareBlitz,FakeOut,PartingShot|Impish||M|||50|
|inactive|Battle timer is ON: inactive players will automatically lose when time's up. (requested by Nusssack)
|inactive|KodeBeast0526 has 60 seconds left.
|inactive|KodeBeast0526 has 30 seconds left.
|
|t:|1783608054
|teamsize|p1|4
|teamsize|p2|4
|start
|switch|p1a: Sirene|Milotic, L50, F, shiny|100/100
|switch|p1b: Snakeman|Eelektross, L50, M|100/100
|switch|p2a: Charizard|Charizard, L50, M|100/100
|switch|p2b: Garchomp|Garchomp, L50, M|100/100
|turn|1
|
|t:|1783608074
|switch|p1b: Dranma|Drampa, L50, F, shiny|100/100
|-ability|p1b: Dranma|Cloud Nine
|detailschange|p2a: Charizard|Charizard-Mega-Y, L50, M
|-mega|p2a: Charizard|Charizard|Charizardite Y
|-weather|SunnyDay|[from] ability: Drought|[of] p2a: Charizard
|move|p2b: Garchomp|Dragon Claw|p1b: Dranma
|-supereffective|p1b: Dranma|1
|-damage|p1b: Dranma|18/100
|-enditem|p1b: Dranma|Sitrus Berry|[eat]
|-heal|p1b: Dranma|43/100|[from] item: Sitrus Berry
|-damage|p2b: Garchomp|90/100|[from] item: Life Orb
|move|p2a: Charizard|Solar Beam||[still]
|-prepare|p2a: Charizard|Solar Beam
|move|p1a: Sirene|Icy Wind|p2b: Garchomp|[spread] p2a
|-miss|p1a: Sirene|p2b: Garchomp
|-damage|p2a: Charizard|90/100
|-unboost|p2a: Charizard|spe|1
|
|-weather|SunnyDay|[upkeep]
|upkeep
|turn|2
|inactive|Nusssack has 30 seconds left.
|
|t:|1783608101
|move|p1a: Sirene|Protect|p1a: Sirene
|-singleturn|p1a: Sirene|Protect
|move|p1b: Dranma|Protect|p1b: Dranma
|-singleturn|p1b: Dranma|Protect
|move|p2b: Garchomp|Dragon Claw|p1b: Dranma
|-activate|p1b: Dranma|move: Protect
|move|p2a: Charizard|Solar Beam|p1a: Sirene|[from] lockedmove
|-activate|p1a: Sirene|move: Protect
|
|-weather|SunnyDay|[upkeep]
|upkeep
|turn|3
|
|t:|1783608118
|switch|p1b: Snakeman|Eelektross, L50, M|100/100
|move|p2a: Charizard|Protect|p2a: Charizard
|-singleturn|p2a: Charizard|Protect
|move|p2b: Garchomp|Dragon Claw|p1b: Snakeman
|-enditem|p1b: Snakeman|Focus Sash
|-damage|p1b: Snakeman|1/100
|replace|p1b: Zoroark|Zoroark-Hisui, L50, F
|-end|p1b: Zoroark|Illusion
|-damage|p2b: Garchomp|80/100|[from] item: Life Orb
|move|p1a: Sirene|Icy Wind|p2b: Garchomp|[spread] p2b
|-activate|p2a: Charizard|move: Protect
|-supereffective|p2b: Garchomp|2
|-damage|p2b: Garchomp|38/100
|-unboost|p2b: Garchomp|spe|1
|
|-weather|SunnyDay|[upkeep]
|upkeep
|turn|4
|inactive|Nusssack has 30 seconds left.
|
|t:|1783608143
|switch|p2b: Kingambit|Kingambit, L50, M|100/100
|move|p1b: Zoroark|Protect|p1b: Zoroark
|-singleturn|p1b: Zoroark|Protect
|move|p1a: Sirene|Icy Wind|p2b: Kingambit|[spread] p2a,p2b
|-resisted|p2b: Kingambit|1
|-damage|p2a: Charizard|82/100
|-damage|p2b: Kingambit|95/100
|-unboost|p2a: Charizard|spe|1
|-unboost|p2b: Kingambit|spe|1
|-ability|p2b: Kingambit|Defiant|boost
|-boost|p2b: Kingambit|atk|2
|move|p2a: Charizard|Heat Wave|p1a: Sirene|[spread] 
|-activate|p1b: Zoroark|move: Protect
|-miss|p2a: Charizard|p1a: Sirene
|
|-weather|SunnyDay|[upkeep]
|upkeep
|turn|5
|
|t:|1783608161
|move|p2b: Kingambit|Sucker Punch||[still]
|-fail|p2b: Kingambit
|move|p1b: Zoroark|Will-O-Wisp|p2b: Kingambit
|-status|p2b: Kingambit|brn
|move|p1a: Sirene|Coil|p1a: Sirene
|-boost|p1a: Sirene|atk|1
|-boost|p1a: Sirene|def|1
|-boost|p1a: Sirene|accuracy|1
|move|p2a: Charizard|Solar Beam||[still]
|-prepare|p2a: Charizard|Solar Beam
|-anim|p2a: Charizard|Solar Beam|p1a: Sirene
|-supereffective|p1a: Sirene|1
|-damage|p1a: Sirene|12/100
|
|-weather|none
|-heal|p1a: Sirene|17/100|[from] item: Leftovers
|-damage|p2b: Kingambit|89/100 brn|[from] brn
|upkeep
|turn|6
|inactive|Nusssack has 30 seconds left.
|
|t:|1783608190
|switch|p1b: Dranma|Drampa, L50, F, shiny|43/100
|-ability|p1b: Dranma|Cloud Nine
|move|p1a: Sirene|Hypnosis||[still]
|-fail|p1a: Sirene
|move|p2a: Charizard|Heat Wave|p1a: Sirene|[spread] p1a,p1b
|-resisted|p1a: Sirene|1
|-resisted|p1b: Dranma|1
|-damage|p1a: Sirene|1/100
|-damage|p1b: Dranma|20/100y
|-status|p1b: Dranma|brn
|move|p2b: Kingambit|Kowtow Cleave|p1b: Dranma
|-damage|p1b: Dranma|0 fnt
|faint|p1b: Dranma
|
|-heal|p1a: Sirene|6/100|[from] item: Leftovers
|-damage|p2b: Kingambit|83/100 brn|[from] brn
|upkeep
|
|t:|1783608207
|switch|p1b: Snakeman|Eelektross, L50, M|100/100
|turn|7
|
|t:|1783608214
|switch|p2a: Incineroar|Incineroar, L50, M|100/100
|-ability|p2a: Incineroar|Intimidate|boost
|-unboost|p1a: Sirene|atk|1
|-ability|p1a: Sirene|Competitive|boost
|-boost|p1a: Sirene|spa|2
|-unboost|p1b: Snakeman|atk|1
|detailschange|p1b: Snakeman|Eelektross-Mega, L50, M
|-mega|p1b: Snakeman|Eelektross|Eelektrossite
|move|p1b: Snakeman|Coil|p1b: Snakeman
|-boost|p1b: Snakeman|atk|1
|-boost|p1b: Snakeman|def|1
|-boost|p1b: Snakeman|accuracy|1
|move|p1a: Sirene|Hypnosis|p2a: Incineroar
|-status|p2a: Incineroar|slp|[from] move: Hypnosis
|move|p2b: Kingambit|Kowtow Cleave|p1a: Sirene
|-damage|p1a: Sirene|0 fnt
|faint|p1a: Sirene
|
|-damage|p2b: Kingambit|77/100 brn|[from] brn
|upkeep
|
|t:|1783608231
|switch|p1a: Snakeman|Eelektross-Mega, L50, M|1/100
|turn|8
|inactive|Nusssack has 30 seconds left.
|inactive|KodeBeast0526 has 30 seconds left.
|
|t:|1783608262
|cant|p2a: Incineroar|slp
|move|p1a: Snakeman|Bitter Malice|p2a: Incineroar
|-resisted|p2a: Incineroar|1
|-damage|p2a: Incineroar|83/100 slp
|-unboost|p2a: Incineroar|atk|1
|move|p1b: Snakeman|Drain Punch|p2b: Kingambit
|-supereffective|p2b: Kingambit|2
|-damage|p2b: Kingambit|0 fnt
|faint|p2b: Kingambit
|-ability|p1b: Snakeman|Eelevate|boost
|-boost|p1b: Snakeman|atk|1
|
|upkeep
|
|t:|1783608269
|switch|p2b: Charizard|Charizard-Mega-Y, L50, M|82/100
|-weather|SunnyDay|[from] ability: Drought|[of] p2b: Charizard
|turn|9
|
|t:|1783608284
|switch|p2a: Garchomp|Garchomp, L50, M|38/100
|move|p1a: Snakeman|Taunt|p2a: Garchomp
|-start|p2a: Garchomp|move: Taunt
|move|p2b: Charizard|Heat Wave|p1a: Snakeman|[spread] p1a,p1b
|-damage|p1a: Snakeman|0 fnt
|-damage|p1b: Snakeman|43/100
|-status|p1b: Snakeman|brn
|replace|p1a: Zoroark|Zoroark-Hisui, L50, F
|-end|p1a: Zoroark|Illusion
|faint|p1a: Zoroark
|move|p1b: Snakeman|Thunder Punch|p2b: Charizard
|-supereffective|p2b: Charizard|1
|-damage|p2b: Charizard|24/100
|
|-weather|SunnyDay|[upkeep]
|-damage|p1b: Snakeman|37/100 brn|[from] brn
|upkeep
|turn|10
|-message|Nusssack forfeited.
|
|win|KodeBeast0526
|l|☆Nusssack
|player|p1|
||Nusssack is ready for game 2.
|inactive|KodeBeast0526 has 30 seconds to confirm battle start!
||KodeBeast0526 is ready for game 2.
|uhtml|next|Next: Game 2 of 3
