|j|☆LostInCalabria
|j|☆ivanpexa
|html|LostInCalabriaivanpexa    
|uhtml|bestof|Game 1 of a best-of-3
|t:|1786186574
|gametype|doubles
|player|p1|LostInCalabria|shadowtriad|1111
|player|p2|ivanpexa|170|1099
|gen|9
|tier|[Gen 9 Champions] VGC 2026 Reg M-B (Bo3)
|rated|
|rule|Species Clause: Limit one of each Pokémon
|rule|Item Clause: Limit 1 of each item
|clearpoke
|poke|p1|Delphox, L50, M|
|poke|p1|Clefable, L50, F|
|poke|p1|Meowscarada, L50, F|
|poke|p1|Staraptor, L50, F|
|poke|p1|Araquanid, L50, F|
|poke|p1|Luxray, L50, F|
|poke|p2|Sinistcha, L50|
|poke|p2|Kingambit, L50, M|
|poke|p2|Sneasler, L50, M|
|poke|p2|Floette-Eternal, L50, F|
|poke|p2|Delphox, L50, M|
|poke|p2|Incineroar, L50, M|
|teampreview|4
|showteam|p1|Delphox||Delphoxite|Blaze|Psyshock,HeatWave,CalmMind,Protect|Timid||M|||50|]Clefable||SitrusBerry|Unaware|AlluringVoice,FollowMe,LifeDew,Protect|Bold||F|||50|]Meowscarada||ChoiceScarf|Protean|Uturn,FlowerTrick,LowKick,TripleAxel|Jolly||F|||50|]Staraptor||Staraptite|Intimidate|CloseCombat,BraveBird,Tailwind,Protect|Jolly||F|||50|]Araquanid||Leftovers|WaterBubble|Liquidation,Protect,IcyWind,WideGuard|Sassy||F|||50|]Luxray||ShucaBerry|Intimidate|WildCharge,HelpingHand,BabyDollEyes,Protect|Adamant||F|||50|
|showteam|p2|Sinistcha||KasibBerry|Hospitality|MatchaGotcha,RagePowder,TrickRoom,Protect|Relaxed|||||50|]Kingambit||BlackGlasses|Defiant|KowtowCleave,SuckerPunch,SwordsDance,Protect|Adamant||M|||50|]Sneasler||FocusSash|PoisonTouch|FakeOut,CloseCombat,DireClaw,QuickGuard|Jolly||M|||50|]Floette-Eternal||Floettite|FlowerVeil|Moonblast,DazzlingGleam,CalmMind,Protect|Modest||F|||50|]Delphox||Delphoxite|Blaze|HeatWave,Psyshock,NastyPlot,Protect|Timid||M|||50|]Incineroar||SitrusBerry|Intimidate|FlareBlitz,FakeOut,PartingShot,ThroatChop|Careful||M|||50|
|inactive|Battle timer is ON: inactive players will automatically lose when time's up. (requested by ivanpexa)
|inactive|LostInCalabria has 60 seconds left.
|
|t:|1786186642
|teamsize|p1|4
|teamsize|p2|4
|start
|switch|p1a: Delphox|Delphox, L50, M|100/100
|switch|p1b: Araquanid|Araquanid, L50, F|100/100
|switch|p2a: Floette|Floette-Eternal, L50, F|100/100
|switch|p2b: Incineroar|Incineroar, L50, M|100/100
|-ability|p2b: Incineroar|Intimidate|boost
|-unboost|p1a: Delphox|atk|1
|-unboost|p1b: Araquanid|atk|1
|turn|1
|inactive|LostInCalabria has 30 seconds left.
|
|t:|1786186675
|detailschange|p1a: Delphox|Delphox-Mega, L50, M
|-mega|p1a: Delphox|Delphox|Delphoxite
|move|p1a: Delphox|Protect|p1a: Delphox
|-singleturn|p1a: Delphox|Protect
|move|p2b: Incineroar|Fake Out|p1b: Araquanid
|-damage|p1b: Araquanid|89/100
|move|p2a: Floette|Calm Mind|p2a: Floette
|-boost|p2a: Floette|spa|1
|-boost|p2a: Floette|spd|1
|cant|p1b: Araquanid|flinch
|
|-heal|p1b: Araquanid|95/100|[from] item: Leftovers
|upkeep
|turn|2
|inactive|LostInCalabria has 30 seconds left.
|inactive|ivanpexa has 30 seconds left.
|inactive|LostInCalabria has 20 seconds left.
|inactive|ivanpexa has 20 seconds left.
|inactive|LostInCalabria has 15 seconds left.
|inactive|ivanpexa has 15 seconds left.
|inactive|LostInCalabria has 10 seconds left.
|inactive|ivanpexa has 10 seconds left.
|
|t:|1786186721
|detailschange|p2a: Floette|Floette-Mega, L50, F
|-mega|p2a: Floette|Floette|Floettite
|-ability|p2a: Floette|Fairy Aura
|move|p1b: Araquanid|Wide Guard|p1b: Araquanid
|-singleturn|p1b: Araquanid|Wide Guard
|move|p1a: Delphox|Psyshock|p2a: Floette
|-damage|p2a: Floette|37/100
|move|p2a: Floette|Moonblast|p1b: Araquanid
|-damage|p1b: Araquanid|19/100
|move|p2b: Incineroar|Throat Chop|p1a: Delphox
|-supereffective|p1a: Delphox|1
|-damage|p1a: Delphox|22/100
|-start|p1a: Delphox|Throat Chop|[silent]
|
|-heal|p1b: Araquanid|25/100|[from] item: Leftovers
|upkeep
|turn|3
|inactive|LostInCalabria has 30 seconds left.
|inactive|ivanpexa has 30 seconds left.
|
|t:|1786186754
|move|p2a: Floette|Protect|p2a: Floette
|-singleturn|p2a: Floette|Protect
|move|p1b: Araquanid|Wide Guard|p1b: Araquanid
|-singleturn|p1b: Araquanid|Wide Guard
|move|p1a: Delphox|Psyshock|p2a: Floette
|-activate|p2a: Floette|move: Protect
|move|p2b: Incineroar|Parting Shot|p1b: Araquanid
|-unboost|p1b: Araquanid|atk|1
|-unboost|p1b: Araquanid|spa|1
|
|t:|1786186762
|switch|p2b: Sinistcha|Sinistcha, L50|100/100|[from] Parting Shot
|-heal|p2a: Floette|62/100|[from] ability: Hospitality|[of] p2b: Sinistcha
|
|-heal|p1b: Araquanid|30/100|[from] item: Leftovers
|-end|p1a: Delphox|Throat Chop|[silent]
|upkeep
|turn|4
|inactive|LostInCalabria has 30 seconds left.
|inactive|LostInCalabria has 20 seconds left.
|inactive|LostInCalabria has 15 seconds left.
|inactive|LostInCalabria has 10 seconds left.
|
|t:|1786186811
|move|p1a: Delphox|Protect|p1a: Delphox
|-singleturn|p1a: Delphox|Protect
|move|p2b: Sinistcha|Protect|p2b: Sinistcha
|-singleturn|p2b: Sinistcha|Protect
|move|p2a: Floette|Moonblast|p1a: Delphox
|-activate|p1a: Delphox|move: Protect
|move|p1b: Araquanid|Icy Wind|p2b: Sinistcha|[spread] p2a
|-activate|p2b: Sinistcha|move: Protect
|-damage|p2a: Floette|60/100
|-unboost|p2a: Floette|spe|1
|
|-heal|p1b: Araquanid|36/100|[from] item: Leftovers
|upkeep
|turn|5
|inactive|LostInCalabria has 30 seconds left.
|inactive|LostInCalabria has 20 seconds left.
|inactive|LostInCalabria has 15 seconds left.
|
|t:|1786186852
|switch|p2b: Incineroar|Incineroar, L50, M|100/100
|-ability|p2b: Incineroar|Intimidate|boost
|-unboost|p1a: Delphox|atk|1
|-unboost|p1b: Araquanid|atk|1
|switch|p1b: Clefable|Clefable, L50, F|100/100
|move|p2a: Floette|Protect|p2a: Floette
|-singleturn|p2a: Floette|Protect
|move|p1a: Delphox|Heat Wave|p2b: Incineroar|[spread] p2b
|-activate|p2a: Floette|move: Protect
|-resisted|p2b: Incineroar|1
|-damage|p2b: Incineroar|80/100
|
|upkeep
|turn|6
|
|t:|1786186870
|move|p1a: Delphox|Protect|p1a: Delphox
|-singleturn|p1a: Delphox|Protect
|move|p2b: Incineroar|Fake Out|p1a: Delphox
|-activate|p1a: Delphox|move: Protect
|move|p2a: Floette|Dazzling Gleam|p1b: Clefable|[spread] p1b
|-activate|p1a: Delphox|move: Protect
|-damage|p1b: Clefable|61/100
|move|p1b: Clefable|Life Dew|p1b: Clefable|[spread] p1a,p1b
|-heal|p1a: Delphox|47/100
|-heal|p1b: Clefable|86/100
|
|upkeep
|turn|7
|inactive|LostInCalabria has 30 seconds left.
|inactive|LostInCalabria has 20 seconds left.
|
|t:|1786186909
|switch|p1a: Araquanid|Araquanid, L50, F|36/100
|move|p2a: Floette|Calm Mind|p2a: Floette
|-boost|p2a: Floette|spa|1
|-boost|p2a: Floette|spd|1
|move|p1b: Clefable|Alluring Voice|p2b: Incineroar
|-damage|p2b: Incineroar|42/100
|-enditem|p2b: Incineroar|Sitrus Berry|[eat]
|-heal|p2b: Incineroar|67/100|[from] item: Sitrus Berry
|move|p2b: Incineroar|Throat Chop|p1a: Araquanid
|-crit|p1a: Araquanid
|-damage|p1a: Araquanid|0 fnt
|faint|p1a: Araquanid
|
|upkeep
|
|t:|1786186921
|switch|p1a: Delphox|Delphox-Mega, L50, M|47/100
|turn|8
|
|t:|1786186935
|move|p2a: Floette|Protect|p2a: Floette
|-singleturn|p2a: Floette|Protect
|move|p1b: Clefable|Follow Me|p1b: Clefable
|-singleturn|p1b: Clefable|move: Follow Me
|move|p1a: Delphox|Psyshock|p2a: Floette
|-activate|p2a: Floette|move: Protect
|move|p2b: Incineroar|Throat Chop|p1b: Clefable
|-resisted|p1b: Clefable|1
|-damage|p1b: Clefable|72/100
|-start|p1b: Clefable|Throat Chop|[silent]
|
|upkeep
|turn|9
|
|t:|1786186953
|move|p1b: Clefable|Follow Me|p1b: Clefable
|-singleturn|p1b: Clefable|move: Follow Me
|move|p1a: Delphox|Psyshock|p2a: Floette
|-damage|p2a: Floette|0 fnt
|faint|p2a: Floette
|move|p2b: Incineroar|Flare Blitz|p1b: Clefable
|-damage|p1b: Clefable|35/100
|-enditem|p1b: Clefable|Sitrus Berry|[eat]
|-heal|p1b: Clefable|60/100|[from] item: Sitrus Berry
|-damage|p2b: Incineroar|53/100|[from] Recoil
|
|-end|p1b: Clefable|Throat Chop|[silent]
|upkeep
|
|t:|1786186963
|switch|p2a: Sneasler|Sneasler, L50, M|100/100
|turn|10
|
|t:|1786186979
|move|p1a: Delphox|Protect|p1a: Delphox
|-singleturn|p1a: Delphox|Protect
|move|p2a: Sneasler|Fake Out|p1a: Delphox
|-activate|p1a: Delphox|move: Protect
|move|p2b: Incineroar|Parting Shot|p1a: Delphox
|-activate|p1a: Delphox|move: Protect
|move|p1b: Clefable|Life Dew|p1b: Clefable|[spread] p1a,p1b
|-heal|p1a: Delphox|72/100
|-heal|p1b: Clefable|85/100
|
|upkeep
|turn|11
|
|t:|1786186999
|move|p1b: Clefable|Follow Me|p1b: Clefable
|-singleturn|p1b: Clefable|move: Follow Me
|move|p1a: Delphox|Calm Mind|p1a: Delphox
|-boost|p1a: Delphox|spa|1
|-boost|p1a: Delphox|spd|1
|move|p2a: Sneasler|Dire Claw|p1b: Clefable
|-supereffective|p1b: Clefable|1
|-damage|p1b: Clefable|32/100
|move|p2b: Incineroar|Throat Chop|p1b: Clefable
|-resisted|p1b: Clefable|1
|-damage|p1b: Clefable|20/100y
|-start|p1b: Clefable|Throat Chop|[silent]
|
|upkeep
|turn|12
|
|t:|1786187022
|move|p1b: Clefable|Follow Me|p1b: Clefable
|-singleturn|p1b: Clefable|move: Follow Me
|move|p1a: Delphox|Calm Mind|p1a: Delphox
|-boost|p1a: Delphox|spa|1
|-boost|p1a: Delphox|spd|1
|move|p2a: Sneasler|Dire Claw|p1b: Clefable
|-supereffective|p1b: Clefable|1
|-damage|p1b: Clefable|0 fnt
|faint|p1b: Clefable
|move|p2b: Incineroar|Throat Chop|p1a: Delphox
|-supereffective|p1a: Delphox|1
|-damage|p1a: Delphox|0 fnt
|faint|p1a: Delphox
|
|upkeep
|
|t:|1786187038
|switch|p1a: Meowscarada|Meowscarada, L50, F|100/100
|turn|13
|
|t:|1786187049
|move|p1a: Meowscarada|Low Kick|p2b: Incineroar
|-start|p1a: Meowscarada|typechange|Fighting|[from] ability: Protean
|-supereffective|p2b: Incineroar|1
|-damage|p2b: Incineroar|0 fnt
|faint|p2b: Incineroar
|move|p2a: Sneasler|Dire Claw|p1a: Meowscarada
|-damage|p1a: Meowscarada|64/100
|
|upkeep
|
|t:|1786187053
|switch|p2b: Sinistcha|Sinistcha, L50|100/100
|turn|14
|-message|LostInCalabria forfeited.
|
|win|ivanpexa
