|j|☆entei enthusiast
|j|☆martharia
|html|entei enthusiastmartharia    
|uhtml|bestof|Game 2 of a best-of-3
|t:|1783025915
|gametype|doubles
|player|p1|entei enthusiast|kamado-armor|1085
|player|p2|martharia|101|1197
|gen|9
|tier|[Gen 9 Champions] VGC 2026 Reg M-B (Bo3)
|rated|
|rule|Species Clause: Limit one of each Pokémon
|rule|Item Clause: Limit 1 of each item
|clearpoke
|poke|p1|Gyarados, L50, F, shiny|
|poke|p1|Floette-Eternal, L50, F|
|poke|p1|Sneasler, L50, F|
|poke|p1|Sinistcha, L50|
|poke|p1|Garchomp, L50, F|
|poke|p1|Incineroar, L50, F|
|poke|p2|Delphox, L50, F, shiny|
|poke|p2|Meowscarada, L50, F|
|poke|p2|Quaquaval, L50, F|
|poke|p2|Talonflame, L50, F|
|poke|p2|Zoroark-Hisui, L50, F, shiny|
|poke|p2|Mawile, L50, F|
|teampreview|4
|showteam|p1|Gyarados||Gyaradosite|Intimidate|Waterfall,LashOut,DragonDance,Protect|Adamant||F|||50|]Floette-Eternal||Floettite|FlowerVeil|DrainingKiss,DazzlingGleam,CalmMind,Protect|Timid||F|||50|]Sneasler||FocusSash|PoisonTouch|CloseCombat,DireClaw,FakeOut,Coaching|Jolly||F|||50|]Sinistcha||SitrusBerry|Hospitality|MatchaGotcha,LifeDew,RagePowder,Protect|Calm|||||50|]Garchomp||LifeOrb|RoughSkin|DragonClaw,RockSlide,Earthquake,Protect|Jolly||F|||50|]Incineroar||PasshoBerry|Intimidate|FlareBlitz,FakeOut,PartingShot,Taunt|Careful||F|||50|
|showteam|p2|Delphox||Delphoxite|Blaze|HeatWave,Psychic,NastyPlot,Protect|Timid||F|||50|]Meowscarada||LifeOrb|Protean|FlowerTrick,ThroatChop,ThunderPunch,Protect|Jolly||F|||50|]Quaquaval||ExpertBelt|Moxie|AquaStep,CloseCombat,IceSpinner,Protect|Jolly||F|||50|]Talonflame||ChartiBerry|GaleWings|BraveBird,FeatherDance,Tailwind,QuickGuard|Jolly||F|||50|]Zoroark-Hisui||FocusSash|Illusion|BitterMalice,IcyWind,Roar,Protect|Timid||F|||50|]Mawile||Mawilite|HyperCutter|RockSlide,PlayRough,SuckerPunch,Protect|Adamant||F|||50|
|inactive|Battle timer is ON: inactive players will automatically lose when time's up. (requested by entei enthusiast)
|inactive|entei enthusiast has 60 seconds left.
|
|t:|1783025953
|teamsize|p1|4
|teamsize|p2|4
|start
|switch|p1a: Floette|Floette-Eternal, L50, F|100/100
|switch|p1b: Incineroar|Incineroar, L50, F|100/100
|switch|p2a: Quaquaval|Quaquaval, L50, F|100/100
|switch|p2b: Talonflame|Talonflame, L50, F|100/100
|-ability|p1b: Incineroar|Intimidate|boost
|-unboost|p2a: Quaquaval|atk|1
|-unboost|p2b: Talonflame|atk|1
|turn|1
|
|t:|1783025975
|switch|p1b: Sinistcha|Sinistcha, L50|100/100
|detailschange|p1a: Floette|Floette-Mega, L50, F
|-mega|p1a: Floette|Floette|Floettite
|-ability|p1a: Floette|Fairy Aura
|move|p1a: Floette|Calm Mind|p1a: Floette
|-boost|p1a: Floette|spa|1
|-boost|p1a: Floette|spd|1
|move|p2a: Quaquaval|Close Combat|p1b: Sinistcha
|-immune|p1b: Sinistcha
|move|p2b: Talonflame|Roar|p1a: Floette
|drag|p1a: Incineroar|Incineroar, L50, F|100/100
|-ability|p1a: Incineroar|Intimidate|boost
|-unboost|p2a: Quaquaval|atk|1
|-unboost|p2b: Talonflame|atk|1
|
|upkeep
|turn|2
|
|t:|1783026000
|switch|p2a: Mawile|Mawile, L50, F|100/100
|move|p2b: Talonflame|Protect|p2b: Talonflame
|-singleturn|p2b: Talonflame|Protect
|move|p1a: Incineroar|Flare Blitz|p2b: Talonflame
|-activate|p2b: Talonflame|move: Protect
|move|p1b: Sinistcha|Matcha Gotcha|p2a: Mawile|[spread] p2a
|-activate|p2b: Talonflame|move: Protect
|-resisted|p2a: Mawile|1
|-damage|p2a: Mawile|78/100
|
|upkeep
|turn|3
|
|t:|1783026018
|detailschange|p2a: Mawile|Mawile-Mega, L50, F
|-mega|p2a: Mawile|Mawile|Mawilite
|move|p2b: Talonflame|Bitter Malice|p1a: Incineroar
|-resisted|p1a: Incineroar|1
|-damage|p1a: Incineroar|83/100
|-unboost|p1a: Incineroar|atk|1
|move|p1a: Incineroar|Flare Blitz|p2a: Mawile
|-supereffective|p2a: Mawile|1
|-damage|p2a: Mawile|11/100
|-damage|p1a: Incineroar|66/100|[from] Recoil
|move|p1b: Sinistcha|Matcha Gotcha|p2a: Mawile|[spread] p2a,p2b
|-resisted|p2a: Mawile|1
|-damage|p2a: Mawile|0 fnt
|-damage|p2b: Talonflame|54/100
|-status|p2b: Talonflame|brn
|replace|p2b: Zoroark|Zoroark-Hisui, L50, F, shiny
|-end|p2b: Zoroark|Illusion
|faint|p2a: Mawile
|
|-damage|p2b: Zoroark|48/100 brn|[from] brn
|upkeep
|
|t:|1783026030
|switch|p2a: Talonflame|Talonflame, L50, F|100/100
|turn|4
|
|t:|1783026051
|switch|p1a: Floette|Floette-Mega, L50, F|100/100
|-ability|p1a: Floette|Fairy Aura
|move|p2a: Talonflame|Brave Bird|p1b: Sinistcha
|-supereffective|p1b: Sinistcha|1
|-damage|p1b: Sinistcha|8/100
|-enditem|p1b: Sinistcha|Sitrus Berry|[eat]
|-heal|p1b: Sinistcha|33/100|[from] item: Sitrus Berry
|-damage|p2a: Talonflame|66/100|[from] Recoil
|move|p1b: Sinistcha|Matcha Gotcha|p2b: Zoroark|[spread] p2a,p2b
|-resisted|p2a: Talonflame|2
|-damage|p2a: Talonflame|58/100
|-heal|p1b: Sinistcha|37/100|[from] drain|[of] p2a: Talonflame
|-damage|p2b: Zoroark|0 fnt
|-heal|p1b: Sinistcha|55/100|[from] drain|[of] p2b: Zoroark
|faint|p2b: Zoroark
|
|upkeep
|
|t:|1783026063
|switch|p2b: Quaquaval|Quaquaval, L50, F|100/100
|turn|5
|
|t:|1783026076
|switch|p1b: Incineroar|Incineroar, L50, F|66/100
|-ability|p1b: Incineroar|Intimidate|boost
|-unboost|p2a: Talonflame|atk|1
|-unboost|p2b: Quaquaval|atk|1
|move|p2a: Talonflame|Brave Bird|p1b: Incineroar
|-damage|p1b: Incineroar|36/100
|-damage|p2a: Talonflame|46/100|[from] Recoil
|move|p1a: Floette|Draining Kiss|p2b: Quaquaval
|-supereffective|p2b: Quaquaval|1
|-damage|p2b: Quaquaval|7/100
|move|p2b: Quaquaval|Aqua Step|p1a: Floette
|-damage|p1a: Floette|71/100
|-boost|p2b: Quaquaval|spe|1
|
|upkeep
|turn|6
|
|t:|1783026091
|switch|p1b: Sinistcha|Sinistcha, L50|55/100
|-heal|p1a: Floette|96/100|[from] ability: Hospitality|[of] p1b: Sinistcha
|move|p2b: Quaquaval|Protect|p2b: Quaquaval
|-singleturn|p2b: Quaquaval|Protect
|move|p2a: Talonflame|Brave Bird|p1a: Floette
|-damage|p1a: Floette|65/100
|-damage|p2a: Talonflame|35/100|[from] Recoil
|move|p1a: Floette|Dazzling Gleam|p2b: Quaquaval|[spread] p2a
|-activate|p2b: Quaquaval|move: Protect
|-resisted|p2a: Talonflame|1
|-crit|p2a: Talonflame
|-damage|p2a: Talonflame|0 fnt
|faint|p2a: Talonflame
|
|upkeep
|turn|7
|
|t:|1783026095
|move|p1b: Sinistcha|Rage Powder|p1b: Sinistcha
|-singleturn|p1b: Sinistcha|move: Rage Powder
|move|p2b: Quaquaval|Aqua Step|p1b: Sinistcha
|-resisted|p1b: Sinistcha|1
|-damage|p1b: Sinistcha|43/100
|-boost|p2b: Quaquaval|spe|1
|move|p1a: Floette|Draining Kiss|p2b: Quaquaval
|-supereffective|p2b: Quaquaval|1
|-damage|p2b: Quaquaval|0 fnt
|-heal|p1a: Floette|70/100|[from] drain|[of] p2b: Quaquaval
|faint|p2b: Quaquaval
|
|win|entei enthusiast
||entei enthusiast is ready for game 3.
||martharia is ready for game 3.
|uhtml|next|Next: Game 3 of 3
|l|☆martharia
|player|p2|
