|j|â˜†GWLucari0
|j|â˜†ClumbsyLilBeach
|html|GWLucari0ClumbsyLilBeach    
|uhtml|bestof|Game 3 of a best-of-3
|t:|1785444296
|gametype|doubles
|player|p1|GWLucari0|steven|1094
|player|p2|ClumbsyLilBeach|102|1106
|gen|9
|tier|[Gen 9 Champions] VGC 2026 Reg M-B (Bo3)
|rated|
|rule|Species Clause: Limit one of each PokÃ©mon
|rule|Item Clause: Limit 1 of each item
|clearpoke
|poke|p1|Steelix, L50, M, shiny|
|poke|p1|Sinistcha-Masterpiece, L50|
|poke|p1|Sneasler, L50, M|
|poke|p1|Tyranitar, L50, M|
|poke|p1|Cofagrigus, L50, M|
|poke|p1|Sableye, L50, M|
|poke|p2|Charizard, L50, F|
|poke|p2|Talonflame, L50, M|
|poke|p2|Pelipper, L50, F|
|poke|p2|Gliscor, L50, M, shiny|
|poke|p2|Gyarados, L50, F|
|poke|p2|Corviknight, L50, M|
|teampreview|4
|showteam|p1|Steelix||Steelixite|Sturdy|HighHorsepower,HeavySlam,WideGuard,Protect|Adamant||M|||50|]Sinistcha-Masterpiece||BigRoot|Hospitality|MatchaGotcha,StrengthSap,RagePowder,TrickRoom|Modest|||||50|]Sneasler||WhiteHerb|Unburden|CloseCombat,DireClaw,FakeOut,Acrobatics|Adamant||M|||50|]Tyranitar||SmoothRock|SandStream|KnockOff,RockSlide,DragonDance,Protect|Adamant||M|||50|]Cofagrigus||Leftovers|Mummy|TrickRoom,WillOWisp,Protect,ShadowBall|Quiet||M|||50|]Sableye||LightClay|Prankster|Recover,LightScreen,Reflect,Encore|Impish||M|||50|
|showteam|p2|Charizard||CharizarditeY|Blaze|Protect,WeatherBall,HeatWave,SolarBeam|Bold||F|||50|]Talonflame||FocusSash|GaleWings|DualWingbeat,Tailwind,QuickGuard,Taunt|Jolly||M|||50|]Pelipper||SitrusBerry|Drizzle|WideGuard,Hurricane,Tailwind,WeatherBall|Modest||F|||50|]Gliscor||ChoiceScarf|HyperCutter|HighHorsepower,RockSlide,Uturn,PoisonJab|Jolly||M|||50|]Gyarados||Gyaradosite|Intimidate|Protect,Waterfall,Crunch,Earthquake|Adamant||F|||50|]Corviknight||Leftovers|MirrorArmor|BodyPress,IronHead,IronDefense,Protect|Impish||M|||50|
|inactive|Battle timer is ON: inactive players will automatically lose when time's up. (requested by GWLucari0)
|
|t:|1785444315
|teamsize|p1|4
|teamsize|p2|4
|start
|switch|p1a: Tyranitar|Tyranitar, L50, M|100/100
|switch|p1b: Steelix|Steelix, L50, M, shiny|100/100
|switch|p2a: Talonflame|Talonflame, L50, M|100/100
|switch|p2b: Charizard|Charizard, L50, F|100/100
|-weather|Sandstorm|[from] ability: Sand Stream|[of] p1a: Tyranitar
|turn|1
|
|t:|1785444338
|detailschange|p2b: Charizard|Charizard-Mega-Y, L50, F
|-mega|p2b: Charizard|Charizard|Charizardite Y
|-weather|SunnyDay|[from] ability: Drought|[of] p2b: Charizard
|move|p2b: Charizard|Protect|p2b: Charizard
|-singleturn|p2b: Charizard|Protect
|move|p1b: Steelix|Protect|p1b: Steelix
|-singleturn|p1b: Steelix|Protect
|move|p2a: Talonflame|Taunt|p1a: Tyranitar
|-start|p1a: Tyranitar|move: Taunt
|move|p1a: Tyranitar|Rock Slide|p2b: Charizard|[spread] p2a
|-activate|p2b: Charizard|move: Protect
|-supereffective|p2a: Talonflame|2
|-enditem|p2a: Talonflame|Focus Sash
|-damage|p2a: Talonflame|1/100
|
|-weather|SunnyDay|[upkeep]
|upkeep
|turn|2
|inactive|ClumbsyLilBeach has 30 seconds left.
|inactive|ClumbsyLilBeach has 20 seconds left.
|
|t:|1785444374
|switch|p2a: Corviknight|Corviknight, L50, M|100/100
|switch|p1b: Cofagrigus|Cofagrigus, L50, M|100/100
|move|p2b: Charizard|Weather Ball|p1b: Cofagrigus
|-damage|p1b: Cofagrigus|27/100
|move|p1a: Tyranitar|Rock Slide|p2b: Charizard|[spread] p2a,p2b
|-supereffective|p2b: Charizard|2
|-damage|p2a: Corviknight|73/100
|-damage|p2b: Charizard|0 fnt
|faint|p2b: Charizard
|
|-weather|SunnyDay|[upkeep]
|-heal|p2a: Corviknight|79/100|[from] item: Leftovers
|-heal|p1b: Cofagrigus|33/100|[from] item: Leftovers
|upkeep
|
|t:|1785444388
|switch|p2b: Gliscor|Gliscor, L50, M, shiny|100/100
|turn|3
|inactive|ClumbsyLilBeach has 30 seconds left.
|inactive|ClumbsyLilBeach has 20 seconds left.
|
|t:|1785444425
|switch|p1a: Steelix|Steelix, L50, M, shiny|100/100
|move|p2b: Gliscor|High Horsepower|p1b: Cofagrigus
|-damage|p1b: Cofagrigus|1/100
|-activate|p1b: Cofagrigus|ability: Mummy|p2b: Gliscor|[ability] Hyper Cutter
|move|p2a: Corviknight|Iron Head|p1b: Cofagrigus
|-damage|p1b: Cofagrigus|0 fnt
|-activate|p1b: Cofagrigus|ability: Mummy|p2a: Corviknight|[ability] Mirror Armor
|faint|p1b: Cofagrigus
|
|-weather|SunnyDay|[upkeep]
|-heal|p2a: Corviknight|85/100|[from] item: Leftovers
|upkeep
|
|t:|1785444440
|switch|p1b: Tyranitar|Tyranitar, L50, M|100/100
|-weather|Sandstorm|[from] ability: Sand Stream|[of] p1b: Tyranitar
|turn|4
|inactive|ClumbsyLilBeach has 30 seconds left.
|inactive|ClumbsyLilBeach has 20 seconds left.
|inactive|ClumbsyLilBeach has 15 seconds left.
|
|t:|1785444481
|detailschange|p1a: Steelix|Steelix-Mega, L50, M, shiny
|-mega|p1a: Steelix|Steelix|Steelixite
|move|p1b: Tyranitar|Protect|p1b: Tyranitar
|-singleturn|p1b: Tyranitar|Protect
|move|p2b: Gliscor|High Horsepower|p1a: Steelix
|-supereffective|p1a: Steelix|1
|-damage|p1a: Steelix|59/100
|move|p2a: Corviknight|Body Press|p1b: Tyranitar
|-activate|p1b: Tyranitar|move: Protect
|move|p1a: Steelix|Heavy Slam|p2b: Gliscor
|-damage|p2b: Gliscor|23/100
|-activate|p2b: Gliscor|ability: Mummy|p1a: Steelix|[ability] Sand Force
|
|-weather|Sandstorm|[upkeep]
|-heal|p2a: Corviknight|91/100|[from] item: Leftovers
|upkeep
|turn|5
|inactive|GWLucari0 has 30 seconds left.
|inactive|GWLucari0 has 20 seconds left.
|inactive|GWLucari0 has 15 seconds left.
|inactive|GWLucari0 has 10 seconds left.
|inactive|GWLucari0 has 5 seconds left.
|
|t:|1785444532
|move|p1a: Steelix|Protect|p1a: Steelix
|-singleturn|p1a: Steelix|Protect
|move|p2b: Gliscor|High Horsepower|p1a: Steelix
|-activate|p1a: Steelix|move: Protect
|move|p1b: Tyranitar|Dragon Dance|p1b: Tyranitar
|-boost|p1b: Tyranitar|atk|1
|-boost|p1b: Tyranitar|spe|1
|move|p2a: Corviknight|Body Press|p1a: Steelix
|-activate|p1a: Steelix|move: Protect
|
|-weather|Sandstorm|[upkeep]
|-heal|p2a: Corviknight|97/100|[from] item: Leftovers
|upkeep
|turn|6
|
|t:|1785444554
|move|p2b: Gliscor|High Horsepower|p1b: Tyranitar
|-supereffective|p1b: Tyranitar|1
|-damage|p1b: Tyranitar|18/100
|move|p1b: Tyranitar|Rock Slide|p2a: Corviknight|[spread] p2b
|-miss|p1b: Tyranitar|p2a: Corviknight
|-damage|p2b: Gliscor|0 fnt
|faint|p2b: Gliscor
|move|p2a: Corviknight|Iron Defense|p2a: Corviknight
|-boost|p2a: Corviknight|def|2
|move|p1a: Steelix|Heavy Slam|p2a: Corviknight
|-resisted|p2a: Corviknight|1
|-damage|p2a: Corviknight|85/100
|
|-weather|Sandstorm|[upkeep]
|-heal|p2a: Corviknight|91/100|[from] item: Leftovers
|upkeep
|
|t:|1785444569
|switch|p2b: Talonflame|Talonflame, L50, M|1/100
|turn|7
|
|t:|1785444591
|move|p2b: Talonflame|Tailwind|p2b: Talonflame
|-sidestart|p2: ClumbsyLilBeach|move: Tailwind
|move|p2a: Corviknight|Iron Head|p1b: Tyranitar
|-supereffective|p1b: Tyranitar|1
|-damage|p1b: Tyranitar|0 fnt
|faint|p1b: Tyranitar
|move|p1a: Steelix|Heavy Slam|p2b: Talonflame
|-resisted|p2b: Talonflame|1
|-damage|p2b: Talonflame|0 fnt
|faint|p2b: Talonflame
|
|-weather|Sandstorm|[upkeep]
|-heal|p2a: Corviknight|97/100|[from] item: Leftovers
|upkeep
|
|t:|1785444603
|switch|p1b: Sableye|Sableye, L50, M|100/100
|turn|8
|
|t:|1785444615
|move|p1a: Steelix|Protect|p1a: Steelix
|-singleturn|p1a: Steelix|Protect
|move|p1b: Sableye|Reflect|p1b: Sableye
|-sidestart|p1: GWLucari0|Reflect
|move|p2a: Corviknight|Iron Head|p1b: Sableye
|-damage|p1b: Sableye|83/100
|
|-weather|Sandstorm|[upkeep]
|-damage|p1b: Sableye|77/100|[from] Sandstorm
|-heal|p2a: Corviknight|100/100|[from] item: Leftovers
|upkeep
|turn|9
|
|t:|1785444638
|move|p1b: Sableye|Encore|p2a: Corviknight
|-start|p2a: Corviknight|Encore
|move|p2a: Corviknight|Iron Head|p1b: Sableye
|-damage|p1b: Sableye|61/100
|move|p1a: Steelix|Heavy Slam|p2a: Corviknight
|-resisted|p2a: Corviknight|1
|-damage|p2a: Corviknight|86/100
|
|-weather|Sandstorm|[upkeep]
|-damage|p1b: Sableye|56/100|[from] Sandstorm
|-heal|p2a: Corviknight|92/100|[from] item: Leftovers
|upkeep
|turn|10
|
|t:|1785444655
|move|p1b: Sableye|Reflect||[still]
|-fail|p1b: Sableye
|move|p2a: Corviknight|Iron Head|p1b: Sableye
|-damage|p1b: Sableye|37/100
|move|p1a: Steelix|Heavy Slam|p2a: Corviknight
|-resisted|p2a: Corviknight|1
|-damage|p2a: Corviknight|79/100
|
|-weather|Sandstorm|[upkeep]
|-damage|p1b: Sableye|31/100|[from] Sandstorm
|-heal|p2a: Corviknight|85/100|[from] item: Leftovers
|-sideend|p2: ClumbsyLilBeach|move: Tailwind
|upkeep
|turn|11
|
|t:|1785444675
|move|p1a: Steelix|Protect|p1a: Steelix
|-singleturn|p1a: Steelix|Protect
|move|p1b: Sableye|Recover|p1b: Sableye
|-heal|p1b: Sableye|82/100
|move|p2a: Corviknight|Iron Head|p1b: Sableye
|-damage|p1b: Sableye|63/100
|
|-weather|none
|-heal|p2a: Corviknight|91/100|[from] item: Leftovers
|-end|p2a: Corviknight|Encore
|upkeep
|turn|12
|inactive|GWLucari0 has 30 seconds left.
|inactive|GWLucari0 has 20 seconds left.
|inactive|GWLucari0 has 15 seconds left.
|
|t:|1785444715
|move|p1b: Sableye|Encore|p2a: Corviknight
|-start|p2a: Corviknight|Encore
|move|p2a: Corviknight|Iron Head|p1b: Sableye
|-damage|p1b: Sableye|45/100
|move|p1a: Steelix|Heavy Slam|p2a: Corviknight
|-resisted|p2a: Corviknight|1
|-damage|p2a: Corviknight|77/100
|
|-heal|p2a: Corviknight|83/100|[from] item: Leftovers
|upkeep
|turn|13
|
|t:|1785444735
|move|p1b: Sableye|Recover|p1b: Sableye
|-heal|p1b: Sableye|95/100
|move|p2a: Corviknight|Iron Head|p1b: Sableye
|-damage|p1b: Sableye|78/100
|move|p1a: Steelix|Heavy Slam|p2a: Corviknight
|-resisted|p2a: Corviknight|1
|-damage|p2a: Corviknight|69/100
|
|-heal|p2a: Corviknight|75/100|[from] item: Leftovers
|upkeep
|turn|14
|
|t:|1785444748
|move|p1b: Sableye|Recover|p1b: Sableye
|-heal|p1b: Sableye|100/100
|move|p2a: Corviknight|Iron Head|p1b: Sableye
|-damage|p1b: Sableye|82/100
|move|p1a: Steelix|Heavy Slam|p2a: Corviknight
|-resisted|p2a: Corviknight|1
|-damage|p2a: Corviknight|62/100
|
|-heal|p2a: Corviknight|69/100|[from] item: Leftovers
|-end|p2a: Corviknight|Encore
|upkeep
|turn|15
|
|t:|1785444763
|move|p1b: Sableye|Encore|p2a: Corviknight
|-start|p2a: Corviknight|Encore
|move|p2a: Corviknight|Iron Head|p1b: Sableye
|-damage|p1b: Sableye|64/100
|move|p1a: Steelix|Heavy Slam|p2a: Corviknight
|-resisted|p2a: Corviknight|1
|-damage|p2a: Corviknight|56/100
|
|-heal|p2a: Corviknight|62/100|[from] item: Leftovers
|-sideend|p1: GWLucari0|Reflect
|upkeep
|turn|16
|
|t:|1785444775
|move|p1b: Sableye|Recover|p1b: Sableye
|-heal|p1b: Sableye|100/100
|move|p2a: Corviknight|Iron Head|p1b: Sableye
|-damage|p1b: Sableye|73/100
|move|p1a: Steelix|Heavy Slam|p2a: Corviknight
|-resisted|p2a: Corviknight|1
|-damage|p2a: Corviknight|49/100
|
|-heal|p2a: Corviknight|55/100|[from] item: Leftovers
|upkeep
|turn|17
|
|t:|1785444788
|move|p1b: Sableye|Recover|p1b: Sableye
|-heal|p1b: Sableye|100/100
|move|p2a: Corviknight|Iron Head|p1b: Sableye
|-damage|p1b: Sableye|74/100
|move|p1a: Steelix|Heavy Slam|p2a: Corviknight
|-resisted|p2a: Corviknight|1
|-crit|p2a: Corviknight
|-damage|p2a: Corviknight|17/100
|
|-heal|p2a: Corviknight|23/100|[from] item: Leftovers
|-end|p2a: Corviknight|Encore
|upkeep
|turn|18
|
|t:|1785444806
|move|p1b: Sableye|Encore|p2a: Corviknight
|-start|p2a: Corviknight|Encore
|move|p2a: Corviknight|Iron Head|p1b: Sableye
|-damage|p1b: Sableye|49/100
|move|p1a: Steelix|Heavy Slam|p2a: Corviknight
|-resisted|p2a: Corviknight|1
|-damage|p2a: Corviknight|9/100
|
|-heal|p2a: Corviknight|15/100|[from] item: Leftovers
|upkeep
|turn|19
|
|t:|1785444821
|move|p1a: Steelix|Wide Guard|p1a: Steelix
|-singleturn|p1a: Steelix|Wide Guard
|move|p1b: Sableye|Recover|p1b: Sableye
|-heal|p1b: Sableye|99/100
|move|p2a: Corviknight|Iron Head|p1b: Sableye
|-damage|p1b: Sableye|74/100
|
|-heal|p2a: Corviknight|21/100|[from] item: Leftovers
|upkeep
|turn|20
|
|t:|1785444837
|move|p1a: Steelix|Wide Guard|p1a: Steelix
|-singleturn|p1a: Steelix|Wide Guard
|move|p1b: Sableye|Reflect|p1b: Sableye
|-sidestart|p1: GWLucari0|Reflect
|move|p2a: Corviknight|Iron Head|p1b: Sableye
|-damage|p1b: Sableye|57/100
|
|-heal|p2a: Corviknight|27/100|[from] item: Leftovers
|-end|p2a: Corviknight|Encore
|upkeep
|turn|21
|
|t:|1785444849
|move|p1a: Steelix|Wide Guard|p1a: Steelix
|-singleturn|p1a: Steelix|Wide Guard
|move|p1b: Sableye|Recover|p1b: Sableye
|-heal|p1b: Sableye|100/100
|move|p2a: Corviknight|Iron Head|p1b: Sableye
|-damage|p1b: Sableye|83/100
|
|-heal|p2a: Corviknight|34/100|[from] item: Leftovers
|upkeep
|turn|22
|-message|ClumbsyLilBeach forfeited.
|
|win|GWLucari0
|raw|GWLucari0's rating: 1094 → 1121(+27 for winning)
|raw|ClumbsyLilBeach's rating: 1106 → 1080(-26 for losing)
