|j|☆hexagonfoot
|j|☆Yuste3_
|html|hexagonfootYuste3_    
|uhtml|bestof|Game 2 of a best-of-3
|t:|1756339463
|gametype|doubles
|player|p1|hexagonfoot|caitlin|1132
|player|p2|Yuste3_|lucas|1054
|gen|9
|tier|[Gen 9] VGC 2025 Reg H (Bo3)
|rated|
|rule|Species Clause: Limit one of each Pokémon
|rule|Item Clause: Limit 1 of each item
|clearpoke
|poke|p1|Kingambit, L50, F|
|poke|p1|Primarina, L50, F|
|poke|p1|Sneasler, L50, M|
|poke|p1|Magmar, L50, F|
|poke|p1|Rillaboom, L50, M|
|poke|p1|Dragapult, L50, F|
|poke|p2|Maushold-Four, L50|
|poke|p2|Archaludon, L50, F|
|poke|p2|Volcarona, L50, F|
|poke|p2|Whimsicott, L50, M|
|poke|p2|Indeedee, L50, M|
|poke|p2|Delphox, L50, F|
|teampreview|4
|showteam|p1|Kingambit||BlackGlasses|Defiant|KowtowCleave,SuckerPunch,SwordsDance,Protect|||F|||50|,,,,,Ghost]Primarina||SitrusBerry|LiquidVoice|HyperVoice,Moonblast,Haze,Protect|||F|||50|,,,,,Water]Sneasler||FocusSash|PoisonTouch|CloseCombat,DireClaw,FakeOut,Protect|||M|||50|,,,,,Stellar]Magmar||Eviolite|VitalSpirit|Overheat,WillOWisp,FollowMe,Protect|||F|||50|,,,,,Ghost]Rillaboom||AssaultVest|GrassySurge|WoodHammer,GrassyGlide,HighHorsepower,FakeOut|||M|||50|,,,,,Fire]Dragapult||ChoiceBand|ClearBody|DragonDarts,PhantomForce,TeraBlast,Uturn|||F|||50|,,,,,Ghost
|showteam|p2|Maushold-Four||WideLens|FriendGuard|PopulationBomb,FollowMe,FakeTears,Protect||||||50|,,,,,Ghost]Archaludon||PowerHerb|Stamina|BodyPress,FlashCannon,ElectroShot,Protect|||F|||50|,,,,,Fighting]Volcarona||RockyHelmet|FlameBody|TeraBlast,StruggleBug,QuiverDance,Protect|||F|||50|,,,,,Fairy]Whimsicott||CovertCloak|Prankster|Moonblast,LightScreen,Encore,Tailwind|||M|||50|,,,,,Water]Indeedee||ChoiceScarf|PsychicSurge|ExpandingForce,HyperVoice,Psychic,Trick|||M|||50|,,,,,Psychic]Delphox||PsychicSeed|Magician|HeatWave,ExpandingForce,TeraBlast,Protect|||F|||50|,,,,,Fighting
|inactive|Battle timer is ON: inactive players will automatically lose when time's up. (requested by hexagonfoot)
|
|t:|1756339476
|teamsize|p1|4
|teamsize|p2|4
|start
|switch|p1a: Magmar|Magmar, L50, F|100/100
|switch|p1b: Sneasler|Sneasler, L50, M|100/100
|switch|p2a: Indeedee|Indeedee, L50, M|100/100
|switch|p2b: Delphox|Delphox, L50, F|100/100
|-fieldstart|move: Psychic Terrain|[from] ability: Psychic Surge|[of] p2a: Indeedee
|-enditem|p2b: Delphox|Psychic Seed
|-boost|p2b: Delphox|spd|1|[from] item: Psychic Seed
|turn|1
|inactive|hexagonfoot has 30 seconds left.
|
|t:|1756339507
|switch|p2a: Archaludon|Archaludon, L50, F|100/100
|switch|p1a: Rillaboom|Rillaboom, L50, M|100/100
|-fieldstart|move: Grassy Terrain|[from] ability: Grassy Surge|[of] p1a: Rillaboom
|move|p1b: Sneasler|Fake Out|p2b: Delphox
|-damage|p2b: Delphox|79/100
|cant|p2b: Delphox|flinch
|
|-heal|p2b: Delphox|85/100|[from] Grassy Terrain
|upkeep
|turn|2
|inactive|Yuste3_ has 30 seconds left.
|inactive|Yuste3_ has 20 seconds left.
|
|t:|1756339542
|switch|p1a: Primarina|Primarina, L50, F|100/100
|move|p1b: Sneasler|Dire Claw|p2b: Delphox
|-damage|p2b: Delphox|20/100
|move|p2b: Delphox|Expanding Force|p1b: Sneasler
|-supereffective|p1b: Sneasler
|-enditem|p1b: Sneasler|Focus Sash
|-damage|p1b: Sneasler|1/100
|move|p2a: Archaludon|Body Press|p1a: Primarina
|-resisted|p1a: Primarina
|-damage|p1a: Primarina|89/100
|
|-heal|p1b: Sneasler|7/100|[from] Grassy Terrain
|-heal|p2b: Delphox|26/100|[from] Grassy Terrain
|-heal|p1a: Primarina|95/100|[from] Grassy Terrain
|upkeep
|turn|3
|inactive|hexagonfoot has 30 seconds left.
|inactive|hexagonfoot has 20 seconds left.
|
|t:|1756339582
|-terastallize|p1b: Sneasler|Stellar
|move|p2b: Delphox|Protect|p2b: Delphox
|-singleturn|p2b: Delphox|Protect
|move|p1b: Sneasler|Close Combat|p2a: Archaludon
|-supereffective|p2a: Archaludon
|-damage|p2a: Archaludon|0 fnt
|-unboost|p1b: Sneasler|def|1
|-unboost|p1b: Sneasler|spd|1
|faint|p2a: Archaludon
|move|p1a: Primarina|Hyper Voice|p2b: Delphox
|-activate|p2b: Delphox|move: Protect
|
|-heal|p1b: Sneasler|13/100|[from] Grassy Terrain
|-heal|p2b: Delphox|32/100|[from] Grassy Terrain
|-heal|p1a: Primarina|100/100|[from] Grassy Terrain
|upkeep
|
|t:|1756339592
|switch|p2a: Maushold|Maushold-Four, L50|100/100
|turn|4
|
|t:|1756339611
|move|p1b: Sneasler|Protect|p1b: Sneasler
|-singleturn|p1b: Sneasler|Protect
|move|p2a: Maushold|Follow Me|p2a: Maushold
|-singleturn|p2a: Maushold|move: Follow Me
|move|p2b: Delphox|Heat Wave|p1b: Sneasler|[spread] p1a
|-activate|p1b: Sneasler|move: Protect
|-resisted|p1a: Primarina
|-damage|p1a: Primarina|87/100
|-item|p2b: Delphox|Sitrus Berry|[from] ability: Magician|[of] p1a: Primarina
|-enditem|p2b: Delphox|Sitrus Berry|[eat]
|-heal|p2b: Delphox|56/100|[from] item: Sitrus Berry
|move|p1a: Primarina|Hyper Voice|p2b: Delphox|[spread] p2a,p2b
|-supereffective|p2b: Delphox
|-crit|p2b: Delphox
|-damage|p2a: Maushold|68/100
|-damage|p2b: Delphox|0 fnt
|faint|p2b: Delphox
|
|-heal|p1b: Sneasler|19/100|[from] Grassy Terrain
|-heal|p2a: Maushold|75/100|[from] Grassy Terrain
|-heal|p1a: Primarina|93/100|[from] Grassy Terrain
|upkeep
|
|t:|1756339613
|switch|p2b: Indeedee|Indeedee, L50, M|100/100
|-fieldstart|move: Psychic Terrain|[from] ability: Psychic Surge|[of] p2b: Indeedee
|turn|5
|
|t:|1756339623
|switch|p1b: Rillaboom|Rillaboom, L50, M|100/100
|-fieldstart|move: Grassy Terrain|[from] ability: Grassy Surge|[of] p1b: Rillaboom
|move|p2b: Indeedee|Hyper Voice|p1a: Primarina|[spread] p1a,p1b
|-damage|p1a: Primarina|64/100
|-damage|p1b: Rillaboom|76/100
|move|p2a: Maushold|Fake Tears|p1a: Primarina
|-unboost|p1a: Primarina|spd|2
|move|p1a: Primarina|Moonblast|p2b: Indeedee
|-damage|p2b: Indeedee|56/100
|-unboost|p2b: Indeedee|spa|1
|
|-heal|p2b: Indeedee|62/100|[from] Grassy Terrain
|-heal|p2a: Maushold|81/100|[from] Grassy Terrain
|-heal|p1b: Rillaboom|82/100|[from] Grassy Terrain
|-heal|p1a: Primarina|70/100|[from] Grassy Terrain
|upkeep
|turn|6
|
|t:|1756339645
|move|p1b: Rillaboom|Fake Out|p2a: Maushold
|-damage|p2a: Maushold|66/100
|move|p2b: Indeedee|Hyper Voice|p1b: Rillaboom|[spread] p1a,p1b
|-damage|p1a: Primarina|30/100
|-damage|p1b: Rillaboom|65/100
|cant|p2a: Maushold|flinch
|move|p1a: Primarina|Moonblast|p2b: Indeedee
|-damage|p2b: Indeedee|20/100
|
|-heal|p2b: Indeedee|25/100|[from] Grassy Terrain
|-heal|p2a: Maushold|72/100|[from] Grassy Terrain
|-heal|p1b: Rillaboom|71/100|[from] Grassy Terrain
|-heal|p1a: Primarina|36/100|[from] Grassy Terrain
|upkeep
|turn|7
|
|t:|1756339670
|move|p2a: Maushold|Follow Me|p2a: Maushold
|-singleturn|p2a: Maushold|move: Follow Me
|move|p1b: Rillaboom|Grassy Glide|p2a: Maushold
|-damage|p2a: Maushold|32/100
|move|p2b: Indeedee|Hyper Voice|p1b: Rillaboom|[spread] p1a,p1b
|-damage|p1a: Primarina|0 fnt
|-damage|p1b: Rillaboom|54/100
|faint|p1a: Primarina
|
|-heal|p2b: Indeedee|31/100|[from] Grassy Terrain
|-heal|p2a: Maushold|38/100|[from] Grassy Terrain
|-heal|p1b: Rillaboom|60/100|[from] Grassy Terrain
|upkeep
|
|t:|1756339680
|switch|p1a: Sneasler|Sneasler, L50, M, tera:Stellar|19/100
|turn|8
|
|t:|1756339687
|move|p2a: Maushold|Follow Me|p2a: Maushold
|-singleturn|p2a: Maushold|move: Follow Me
|move|p1b: Rillaboom|Grassy Glide|p2a: Maushold
|-crit|p2a: Maushold
|-damage|p2a: Maushold|0 fnt
|faint|p2a: Maushold
|move|p2b: Indeedee|Hyper Voice|p1b: Rillaboom|[spread] p1a,p1b
|-damage|p1a: Sneasler|0 fnt
|-damage|p1b: Rillaboom|44/100
|faint|p1a: Sneasler
|
|-heal|p2b: Indeedee|37/100|[from] Grassy Terrain
|-heal|p1b: Rillaboom|50/100|[from] Grassy Terrain
|upkeep
|
|t:|1756339696
|switch|p1a: Magmar|Magmar, L50, F|100/100
|turn|9
|
|t:|1756339701
|move|p1b: Rillaboom|Grassy Glide|p2b: Indeedee
|-damage|p2b: Indeedee|0 fnt
|faint|p2b: Indeedee
|
|win|hexagonfoot
|raw|hexagonfoot's rating: 1132 → 1151(+19 for winning)
|raw|Yuste3_'s rating: 1054 → 1040(-14 for losing)
