|j|☆Luich5
|j|☆3Blackwolf
|html|Luich53Blackwolf    
|uhtml|bestof|Game 1 of a best-of-3
|t:|1757641614
|gametype|doubles
|player|p1|Luich5|lucas-gen4pt|
|player|p2|3Blackwolf|1|
|gen|9
|tier|[Gen 9] VGC 2025 Reg H (Bo3)
|rule|Species Clause: Limit one of each Pokémon
|rule|Item Clause: Limit 1 of each item
|clearpoke
|poke|p1|Rampardos, L50, F|
|poke|p1|Farigiraf, L50, M|
|poke|p1|Ursaluna-Bloodmoon, L50, M|
|poke|p1|Gallade, L50, M|
|poke|p1|Dondozo, L50, M|
|poke|p1|Tatsugiri-Droopy, L50, M|
|poke|p2|Slaking, L50, M|
|poke|p2|Corviknight, L50, F|
|poke|p2|Incineroar, L50, F|
|poke|p2|Weezing-Galar, L50, F|
|poke|p2|Toedscruel, L50, F|
|poke|p2|Kommo-o, L50, M|
|teampreview|4
|showteam|p1|Rampardos||LifeOrb|SheerForce|Earthquake,HeadSmash,IronHead,Protect|||F|||50|,,,,,Ground]Farigiraf||SitrusBerry|ArmorTail|FoulPlay,TrickRoom,HelpingHand,Psychic|||M|||50|,,,,,Dark]Ursaluna-Bloodmoon||AssaultVest|MindsEye|BloodMoon,EarthPower,HyperVoice,VacuumWave|||M|||50|,,,,,Normal]Gallade||RockyHelmet|Sharpness|PsychoCut,SacredSword,TrickRoom,WideGuard|||M|||50|,,,,,Steel]Dondozo||Leftovers|Unaware|WaveCrash,OrderUp,BodyPress,Protect|||M|||50|,,,,,Grass]Tatsugiri-Droopy||ChoiceScarf|Commander|DracoMeteor,HelpingHand,Surf,DragonPulse|||M|||50|,,,,,Dark
|showteam|p2|Slaking||AssaultVest|Truant|SuckerPunch,HighHorsepower,DoubleEdge,PlayRough|||M|||50|,,,,,Ghost]Corviknight||SitrusBerry|MirrorArmor|BraveBird,Uturn,Tailwind,Protect|||F|||50|,,,,,Dragon]Incineroar||AbilityShield|Intimidate|KnockOff,FlareBlitz,PartingShot,FakeOut|||F|||50|,,,,,Ghost]Weezing-Galar||ChoiceSpecs|NeutralizingGas|StrangeSteam,SludgeBomb,DazzlingGleam,Flamethrower|||F|||50|,,,,,Fire]Toedscruel||CovertCloak|MyceliumMight|AcidSpray,EarthPower,RagePowder,Spore|||F|||50|,,,,,Water]Kommo-o||ThroatSpray|Overcoat|ClangorousSoul,ClangingScales,Flamethrower,Protect|||M|||50|,,,,,Fire
|
|t:|1757641636
|teamsize|p1|4
|teamsize|p2|4
|start
|switch|p1a: Rampardos|Rampardos, L50, F|100/100
|switch|p1b: Farigiraf|Farigiraf, L50, M|100/100
|switch|p2a: Incineroar|Incineroar, L50, F|100/100
|switch|p2b: Corviknight|Corviknight, L50, F|100/100
|-ability|p2a: Incineroar|Intimidate|boost
|-unboost|p1a: Rampardos|atk|1
|-unboost|p1b: Farigiraf|atk|1
|turn|1
|
|t:|1757641676
|-terastallize|p2a: Incineroar|Ghost
|-terastallize|p1b: Farigiraf|Dark
|move|p2b: Corviknight|Tailwind|p2b: Corviknight
|-sidestart|p2: 3Blackwolf|move: Tailwind
|move|p2a: Incineroar|Parting Shot|p1a: Rampardos
|-unboost|p1a: Rampardos|atk|1
|-unboost|p1a: Rampardos|spa|1
|
|t:|1757641684
|switch|p2a: Weezing|Weezing-Galar, L50, F|100/100|[from] Parting Shot
|-ability|p2a: Weezing|Neutralizing Gas
|move|p1a: Rampardos|Head Smash|p2a: Weezing
|-damage|p2a: Weezing|38/100
|-damage|p1a: Rampardos|75/100|[from] Recoil
|-damage|p1a: Rampardos|65/100|[from] item: Life Orb
|move|p1b: Farigiraf|Trick Room|p1b: Farigiraf
|-fieldstart|move: Trick Room|[of] p1b: Farigiraf
|
|upkeep
|turn|2
|
|t:|1757641713
|move|p1a: Rampardos|Iron Head|p2b: Corviknight
|-resisted|p2b: Corviknight
|-damage|p2b: Corviknight|90/100
|-damage|p1a: Rampardos|55/100|[from] item: Life Orb
|move|p1b: Farigiraf|Psychic|p2a: Weezing
|-supereffective|p2a: Weezing
|-damage|p2a: Weezing|0 fnt
|faint|p2a: Weezing
|-end|p2a: Weezing|ability: Neutralizing Gas
|move|p2b: Corviknight|U-turn|p1b: Farigiraf
|-supereffective|p1b: Farigiraf
|-damage|p1b: Farigiraf|69/100
|
|t:|1757641725
|switch|p2b: Toedscruel|Toedscruel, L50, F|100/100|[from] U-turn
|
|upkeep
|
|t:|1757641728
|switch|p2a: Incineroar|Incineroar, L50, F, tera:Ghost|100/100
|-ability|p2a: Incineroar|Intimidate|boost
|-unboost|p1a: Rampardos|atk|1
|-unboost|p1b: Farigiraf|atk|1
|turn|3
|
|t:|1757641745
|move|p1b: Farigiraf|Helping Hand|p1a: Rampardos
|-singleturn|p1a: Rampardos|Helping Hand|[of] p1b: Farigiraf
|move|p1a: Rampardos|Iron Head|p2b: Toedscruel
|-damage|p2b: Toedscruel|55/100
|move|p2a: Incineroar|Flare Blitz|p1b: Farigiraf
|-damage|p1b: Farigiraf|24/100
|-enditem|p1b: Farigiraf|Sitrus Berry|[eat]
|-heal|p1b: Farigiraf|48/100|[from] item: Sitrus Berry
|-damage|p2a: Incineroar|84/100|[from] Recoil
|move|p2b: Toedscruel|Spore|p1a: Rampardos
|-status|p1a: Rampardos|slp|[from] move: Spore
|
|upkeep
|turn|4
|j| Eagleknight
|
|t:|1757641790
|cant|p1a: Rampardos|slp
|move|p1b: Farigiraf|Foul Play|p2a: Incineroar
|-supereffective|p2a: Incineroar
|-damage|p2a: Incineroar|9/100
|move|p2a: Incineroar|Flare Blitz|p1b: Farigiraf
|-damage|p1b: Farigiraf|3/100
|-status|p1b: Farigiraf|brn
|-damage|p2a: Incineroar|0 fnt|[from] Recoil
|faint|p2a: Incineroar
|move|p2b: Toedscruel|Spore||[still]
|-fail|p2b: Toedscruel
|
|-damage|p1b: Farigiraf|0 fnt|[from] brn
|faint|p1b: Farigiraf
|-sideend|p2: 3Blackwolf|move: Tailwind
|upkeep
|
|t:|1757641900
|switch|p1b: Dondozo|Dondozo, L50, M|100/100
|switch|p2a: Corviknight|Corviknight, L50, F|90/100
|turn|5
|
|t:|1757641929
|switch|p1a: Tatsugiri|Tatsugiri-Droopy, L50, M|100/100
|-activate|p1a: Tatsugiri|ability: Commander|[of] p1b: Dondozo
|-boost|p1b: Dondozo|atk|2
|-boost|p1b: Dondozo|spa|2
|-boost|p1b: Dondozo|spe|2
|-boost|p1b: Dondozo|def|2
|-boost|p1b: Dondozo|spd|2
|move|p1b: Dondozo|Protect|p1b: Dondozo
|-singleturn|p1b: Dondozo|Protect
|move|p2a: Corviknight|Brave Bird|p1b: Dondozo
|-activate|p1b: Dondozo|move: Protect
|move|p2b: Toedscruel|Spore|p1b: Dondozo
|-activate|p1b: Dondozo|move: Protect
|
|-fieldend|move: Trick Room
|upkeep
|turn|6
|
|t:|1757641948
|move|p1b: Dondozo|Body Press|p2b: Toedscruel
|-damage|p2b: Toedscruel|0 fnt
|faint|p2b: Toedscruel
|move|p2a: Corviknight|Brave Bird|p1b: Dondozo
|-damage|p1b: Dondozo|90/100
|-damage|p2a: Corviknight|85/100|[from] Recoil
|
|-heal|p1b: Dondozo|96/100|[from] item: Leftovers
|upkeep
|turn|7
|
|t:|1757641958
|move|p1b: Dondozo|Order Up|p2a: Corviknight
|-resisted|p2a: Corviknight
|-damage|p2a: Corviknight|71/100
|-boost|p1b: Dondozo|def|1
|move|p2a: Corviknight|Brave Bird|p1b: Dondozo
|-damage|p1b: Dondozo|88/100
|-damage|p2a: Corviknight|68/100|[from] Recoil
|
|-heal|p1b: Dondozo|94/100|[from] item: Leftovers
|upkeep
|turn|8
|
|t:|1757641969
|move|p1b: Dondozo|Order Up|p2a: Corviknight
|-resisted|p2a: Corviknight
|-damage|p2a: Corviknight|53/100
|-boost|p1b: Dondozo|def|1
|move|p2a: Corviknight|Brave Bird|p1b: Dondozo
|-damage|p1b: Dondozo|87/100
|-damage|p2a: Corviknight|50/100|[from] Recoil
|-enditem|p2a: Corviknight|Sitrus Berry|[eat]
|-heal|p2a: Corviknight|75/100|[from] item: Sitrus Berry
|
|-heal|p1b: Dondozo|93/100|[from] item: Leftovers
|upkeep
|turn|9
|
|t:|1757641983
|move|p1b: Dondozo|Order Up|p2a: Corviknight
|-resisted|p2a: Corviknight
|-damage|p2a: Corviknight|60/100
|-boost|p1b: Dondozo|def|1
|move|p2a: Corviknight|Brave Bird|p1b: Dondozo
|-damage|p1b: Dondozo|87/100
|-damage|p2a: Corviknight|58/100|[from] Recoil
|
|-heal|p1b: Dondozo|93/100|[from] item: Leftovers
|upkeep
|turn|10
|
|t:|1757641993
|move|p1b: Dondozo|Order Up|p2a: Corviknight
|-resisted|p2a: Corviknight
|-damage|p2a: Corviknight|42/100
|-boost|p1b: Dondozo|def|1
|move|p2a: Corviknight|Brave Bird|p1b: Dondozo
|-damage|p1b: Dondozo|88/100
|-damage|p2a: Corviknight|40/100|[from] Recoil
|
|-heal|p1b: Dondozo|94/100|[from] item: Leftovers
|upkeep
|turn|11
|
|t:|1757642003
|move|p1b: Dondozo|Order Up|p2a: Corviknight
|-resisted|p2a: Corviknight
|-damage|p2a: Corviknight|24/100
|-boost|p1b: Dondozo|def|0
|move|p2a: Corviknight|Brave Bird|p1b: Dondozo
|-damage|p1b: Dondozo|89/100
|-damage|p2a: Corviknight|22/100|[from] Recoil
|
|-heal|p1b: Dondozo|95/100|[from] item: Leftovers
|upkeep
|turn|12
|
|t:|1757642015
|move|p1b: Dondozo|Wave Crash|p2a: Corviknight
|-damage|p2a: Corviknight|0 fnt
|faint|p2a: Corviknight
|-damage|p1b: Dondozo|90/100|[from] Recoil
|
|win|Luich5
||3Blackwolf is ready for game 2.
||Luich5 is ready for game 2.
|uhtml|next|Next: Game 2 of 3
