|j|☆ManBunVGC
|j|☆NightshadeAI
|html|ManBunVGCNightshadeAI    
|uhtml|bestof|Game 2 of a best-of-3
|t:|1783431866
|gametype|doubles
|player|p1|ManBunVGC|hilbert-masters|1199
|player|p2|NightshadeAI|265|1159
|gen|9
|tier|[Gen 9 Champions] VGC 2026 Reg M-B (Bo3)
|rated|
|rule|Species Clause: Limit one of each Pokémon
|rule|Item Clause: Limit 1 of each item
|clearpoke
|poke|p1|Sneasler, L50, M, shiny|
|poke|p1|Garchomp, L50, F, shiny|
|poke|p1|Charizard, L50, M, shiny|
|poke|p1|Incineroar, L50, M, shiny|
|poke|p1|Kingambit, L50, M, shiny|
|poke|p1|Whimsicott, L50, F, shiny|
|poke|p2|Whimsicott, L50, F|
|poke|p2|Charizard, L50, M|
|poke|p2|Basculegion, L50, M|
|poke|p2|Garchomp, L50, F|
|poke|p2|Floette-Eternal, L50, F|
|poke|p2|Kingambit, L50, F|
|teampreview|4
|showteam|p1|Sneasler||WhiteHerb|Unburden|CloseCombat,DireClaw,FakeOut,Protect|Adamant||M|||50|]Garchomp||LifeOrb|RoughSkin|Earthquake,RockSlide,DragonClaw,Protect|Jolly||F|||50|]Charizard||CharizarditeY|Blaze|HeatWave,SolarBeam,Overheat,Protect|Timid||M|||50|]Incineroar||SitrusBerry|Intimidate|FlareBlitz,ThroatChop,FakeOut,PartingShot|Careful||M|||50|]Kingambit||BlackGlasses|Defiant|SuckerPunch,KowtowCleave,SwordsDance,Protect|Adamant||M|||50|]Whimsicott||FocusSash|Prankster|Moonblast,Tailwind,Encore,Protect|Timid||F|||50|
|showteam|p2|Whimsicott||FocusSash|Prankster|Moonblast,Tailwind,Encore,Protect|Timid||F|||50|]Charizard||CharizarditeY|Blaze|WeatherBall,SolarBeam,HeatWave,Protect|Modest||M|||50|]Basculegion||MysticWater|Adaptability|LastRespects,WaveCrash,AquaJet,Protect|Adamant||M|||50|]Garchomp||LifeOrb|RoughSkin|DragonClaw,Earthquake,RockSlide,Protect|Adamant||F|||50|]Floette-Eternal||Floettite|FlowerVeil|DazzlingGleam,LightofRuin,Moonblast,Protect|Modest||F|||50|]Kingambit||ChopleBerry|Defiant|KowtowCleave,SuckerPunch,IronHead,LowKick|Adamant||F|||50|
|inactive|Battle timer is ON: inactive players will automatically lose when time's up. (requested by NightshadeAI)
|inactive|ManBunVGC also wants the timer to be on.
|
|t:|1783431876
|teamsize|p1|4
|teamsize|p2|4
|start
|switch|p1a: Windshear|Whimsicott, L50, F, shiny|100/100
|switch|p1b: Dawnbreaker|Charizard, L50, M, shiny|100/100
|switch|p2a: Whimsicott|Whimsicott, L50, F|100/100
|switch|p2b: Charizard|Charizard, L50, M|100/100
|turn|1
|
|t:|1783431892
|detailschange|p1b: Dawnbreaker|Charizard-Mega-Y, L50, M, shiny
|-mega|p1b: Dawnbreaker|Charizard|Charizardite Y
|-weather|SunnyDay|[from] ability: Drought|[of] p1b: Dawnbreaker
|detailschange|p2b: Charizard|Charizard-Mega-Y, L50, M
|-mega|p2b: Charizard|Charizard|Charizardite Y
|move|p2a: Whimsicott|Tailwind|p2a: Whimsicott
|-sidestart|p2: NightshadeAI|move: Tailwind
|move|p2b: Charizard|Heat Wave|p1a: Windshear|[spread] p1a,p1b
|-supereffective|p1a: Windshear|1
|-resisted|p1b: Dawnbreaker|1
|-enditem|p1a: Windshear|Focus Sash
|-damage|p1a: Windshear|1/100
|-damage|p1b: Dawnbreaker|67/100
|move|p1a: Windshear|Moonblast|p2a: Whimsicott
|-damage|p2a: Whimsicott|56/100
|move|p1b: Dawnbreaker|Heat Wave|p2b: Charizard|[spread] p2a,p2b
|-supereffective|p2a: Whimsicott|1
|-resisted|p2b: Charizard|1
|-damage|p2a: Whimsicott|0 fnt
|-damage|p2b: Charizard|70/100
|faint|p2a: Whimsicott
|
|-weather|SunnyDay|[upkeep]
|upkeep
|
|t:|1783431892
|switch|p2a: Garchomp|Garchomp, L50, F|100/100
|turn|2
|inactive|ManBunVGC has 30 seconds left.
|
|t:|1783431919
|switch|p1b: Dragonbane|Kingambit, L50, M, shiny|100/100
|move|p1a: Windshear|Tailwind|p1a: Windshear
|-sidestart|p1: ManBunVGC|move: Tailwind
|move|p2a: Garchomp|Rock Slide|p1a: Windshear|[spread] p1b
|-miss|p2a: Garchomp|p1a: Windshear
|-resisted|p1b: Dragonbane|1
|-damage|p1b: Dragonbane|89/100
|-damage|p2a: Garchomp|90/100|[from] item: Life Orb
|move|p2b: Charizard|Heat Wave|p1a: Windshear|[spread] p1a,p1b
|-supereffective|p1a: Windshear|1
|-supereffective|p1b: Dragonbane|1
|-damage|p1a: Windshear|0 fnt
|-damage|p1b: Dragonbane|0 fnt
|faint|p1a: Windshear
|faint|p1b: Dragonbane
|
|-weather|SunnyDay|[upkeep]
|upkeep
|
|t:|1783431926
|switch|p1a: Grimsever|Sneasler, L50, M, shiny|100/100
|switch|p1b: Dawnbreaker|Charizard-Mega-Y, L50, M, shiny|67/100
|turn|3
|
|t:|1783431939
|move|p2b: Charizard|Protect|p2b: Charizard
|-singleturn|p2b: Charizard|Protect
|move|p1a: Grimsever|Close Combat|p2a: Garchomp
|-damage|p2a: Garchomp|23/100
|-unboost|p1a: Grimsever|def|1
|-unboost|p1a: Grimsever|spd|1
|-damage|p1a: Grimsever|87/100|[from] ability: Rough Skin|[of] p2a: Garchomp
|-enditem|p1a: Grimsever|White Herb
|-clearnegativeboost|p1a: Grimsever|[silent]
|move|p1b: Dawnbreaker|Heat Wave|p2a: Garchomp|[spread] p2a
|-activate|p2b: Charizard|move: Protect
|-resisted|p2a: Garchomp|1
|-damage|p2a: Garchomp|0 fnt
|faint|p2a: Garchomp
|
|-weather|SunnyDay|[upkeep]
|upkeep
|
|t:|1783431939
|switch|p2a: Basculegion|Basculegion, L50, M|100/100
|turn|4
|
|t:|1783431954
|move|p1a: Grimsever|Dire Claw|p2b: Charizard
|-damage|p2b: Charizard|7/100
|move|p1b: Dawnbreaker|Solar Beam||[still]
|-prepare|p1b: Dawnbreaker|Solar Beam
|-anim|p1b: Dawnbreaker|Solar Beam|p2a: Basculegion
|-supereffective|p2a: Basculegion|1
|-damage|p2a: Basculegion|0 fnt
|faint|p2a: Basculegion
|move|p2b: Charizard|Weather Ball|p1a: Grimsever
|-damage|p1a: Grimsever|0 fnt
|faint|p1a: Grimsever
|
|-weather|SunnyDay|[upkeep]
|-sideend|p2: NightshadeAI|move: Tailwind
|upkeep
|turn|5
|
|t:|1783431966
|move|p2b: Charizard|Protect|p2b: Charizard
|-singleturn|p2b: Charizard|Protect
|move|p1b: Dawnbreaker|Solar Beam||[still]
|-prepare|p1b: Dawnbreaker|Solar Beam
|-anim|p1b: Dawnbreaker|Solar Beam|p2b: Charizard
|-activate|p2b: Charizard|move: Protect
|
|-weather|none
|-sideend|p1: ManBunVGC|move: Tailwind
|upkeep
|turn|6
|
|t:|1783431971
|move|p1b: Dawnbreaker|Overheat|p2b: Charizard
|-resisted|p2b: Charizard|1
|-damage|p2b: Charizard|0 fnt
|-unboost|p1b: Dawnbreaker|spa|2
|faint|p2b: Charizard
|
|win|ManBunVGC
|raw|ManBunVGC's rating: 1199 → 1221(+22 for winning)
|raw|NightshadeAI's rating: 1159 → 1137(-22 for losing)
|l|☆NightshadeAI
|player|p2|
|l|☆ManBunVGC
|player|p1|
|j|☆ManBunVGC
|player|p1|ManBunVGC|hilbert-masters|
