|j|☆Zevenit
|j|☆rdw39
|html|Zevenitrdw39    
|uhtml|bestof|Game 1 of a best-of-3
|t:|1756821946
|gametype|doubles
|player|p1|Zevenit|hoopster|1136
|player|p2|rdw39|265|1112
|gen|9
|tier|[Gen 9] VGC 2025 Reg H (Bo3)
|rated|
|rule|Species Clause: Limit one of each Pokémon
|rule|Item Clause: Limit 1 of each item
|clearpoke
|poke|p1|Electabuzz, L50, F|
|poke|p1|Volcarona, L50, F|
|poke|p1|Sneasler, L50, F|
|poke|p1|Rillaboom, L50, F|
|poke|p1|Baxcalibur, L50, F|
|poke|p1|Primarina, L50, M|
|poke|p2|Sneasler, L50, F|
|poke|p2|Indeedee, L50, M|
|poke|p2|Ursaluna-Bloodmoon, L50, M|
|poke|p2|Electabuzz, L50, M|
|poke|p2|Incineroar, L50, M|
|poke|p2|Talonflame, L50, M|
|teampreview|4
|showteam|p1|Electabuzz||Eviolite|VitalSpirit|FollowMe,Electroweb,Taunt,Protect|||F|||50|,,,,,Ghost]Volcarona||CovertCloak|FlameBody|HeatWave,TeraBlast,QuiverDance,Protect|||F|||50|,,,,,Fairy]Sneasler||FocusSash|Unburden|DireClaw,CloseCombat,Protect,FakeOut|||F|||50|,,,,,Stellar]Rillaboom||AssaultVest|GrassySurge|FakeOut,WoodHammer,GrassyGlide,Uturn|||F|||50|,,,,,Fire]Baxcalibur||LoadedDice|ThermalExchange|IcicleSpear,ScaleShot,Protect,DragonDance|||F|||50|,,,,,Fairy]Primarina||ThroatSpray|LiquidVoice|HyperVoice,Protect,Moonblast,Haze|||M|||50|,,,,,Water
|showteam|p2|Sneasler||PsychicSeed|Unburden|CloseCombat,DireClaw,ThroatChop,Protect|||F|||50|,,,,,Dark]Indeedee||FocusSash|PsychicSurge|ExpandingForce,TrickRoom,HelpingHand,Protect|||M|||50|,,,,,Psychic]Ursaluna-Bloodmoon||LifeOrb|MindsEye|BloodMoon,HyperVoice,EarthPower,Protect|||M|||50|,,,,,Normal]Electabuzz||Eviolite|VitalSpirit|Electroweb,FollowMe,Taunt,Protect|||M|||50|,,,,,Dragon]Incineroar||SafetyGoggles|Intimidate|FlareBlitz,KnockOff,PartingShot,FakeOut|||M|||50|,,,,,Ghost]Talonflame||CovertCloak|GaleWings|FlareBlitz,DualWingbeat,WillOWisp,Tailwind|||M|||50|,,,,,Fairy
|inactive|Battle timer is ON: inactive players will automatically lose when time's up. (requested by Zevenit)
|inactive|Zevenit has 60 seconds left.
|inactive|rdw39 has 60 seconds left.
|inactive|Zevenit has 30 seconds left.
|
|t:|1756822007
|teamsize|p1|4
|teamsize|p2|4
|start
|switch|p1a: Sneasler|Sneasler, L50, F|100/100
|switch|p1b: Volcarona|Volcarona, L50, F|100/100
|switch|p2a: Sneasler|Sneasler, L50, F|100/100
|switch|p2b: Indeedee|Indeedee, L50, M|100/100
|-fieldstart|move: Psychic Terrain|[from] ability: Psychic Surge|[of] p2b: Indeedee
|-enditem|p2a: Sneasler|Psychic Seed
|-boost|p2a: Sneasler|spd|1|[from] item: Psychic Seed
|turn|1
|inactive|Zevenit has 30 seconds left.
|inactive|rdw39 has 30 seconds left.
|
|t:|1756822041
|switch|p2a: Incineroar|Incineroar, L50, M|100/100
|-ability|p2a: Incineroar|Intimidate|boost
|-unboost|p1a: Sneasler|atk|1
|-unboost|p1b: Volcarona|atk|1
|switch|p1b: Rillaboom|Rillaboom, L50, F|100/100
|-fieldstart|move: Grassy Terrain|[from] ability: Grassy Surge|[of] p1b: Rillaboom
|move|p1a: Sneasler|Fake Out|p2b: Indeedee
|-damage|p2b: Indeedee|82/100
|cant|p2b: Indeedee|flinch
|
|-heal|p2b: Indeedee|88/100|[from] Grassy Terrain
|upkeep
|turn|2
|inactive|Zevenit has 30 seconds left.
|inactive|rdw39 has 30 seconds left.
|inactive|Zevenit has 20 seconds left.
|inactive|rdw39 has 20 seconds left.
|inactive|Zevenit has 15 seconds left.
|inactive|rdw39 has 15 seconds left.
|inactive|Zevenit has 10 seconds left.
|inactive|rdw39 has 10 seconds left.
|inactive|Zevenit has 5 seconds left.
|inactive|rdw39 has 5 seconds left.
|
|t:|1756822096
|move|p1a: Sneasler|Close Combat|p2b: Indeedee
|-damage|p2b: Indeedee|0 fnt
|-unboost|p1a: Sneasler|def|1
|-unboost|p1a: Sneasler|spd|1
|faint|p2b: Indeedee
|move|p1b: Rillaboom|U-turn|p2a: Incineroar
|-damage|p2a: Incineroar|78/100
|
|t:|1756822105
|switch|p1b: Volcarona|Volcarona, L50, F|100/100|[from] U-turn
|move|p2a: Incineroar|Flare Blitz|p1a: Sneasler
|-enditem|p1a: Sneasler|Focus Sash
|-damage|p1a: Sneasler|1/100
|-damage|p2a: Incineroar|52/100|[from] Recoil
|
|-heal|p1a: Sneasler|7/100|[from] Grassy Terrain
|-heal|p2a: Incineroar|58/100|[from] Grassy Terrain
|upkeep
|
|t:|1756822123
|switch|p2b: Ursaluna|Ursaluna-Bloodmoon, L50, M|100/100
|turn|3
|
|t:|1756822141
|move|p2b: Ursaluna|Protect|p2b: Ursaluna
|-singleturn|p2b: Ursaluna|Protect
|move|p1a: Sneasler|Close Combat|p2b: Ursaluna
|-activate|p2b: Ursaluna|move: Protect
|move|p1b: Volcarona|Quiver Dance|p1b: Volcarona
|-boost|p1b: Volcarona|spa|1
|-boost|p1b: Volcarona|spd|1
|-boost|p1b: Volcarona|spe|1
|move|p2a: Incineroar|Parting Shot|p1b: Volcarona
|-unboost|p1b: Volcarona|atk|1
|-unboost|p1b: Volcarona|spa|1
|
|t:|1756822152
|switch|p2a: Sneasler|Sneasler, L50, F|100/100|[from] Parting Shot
|
|-heal|p1a: Sneasler|13/100|[from] Grassy Terrain
|upkeep
|turn|4
|
|t:|1756822168
|switch|p2a: Incineroar|Incineroar, L50, M|58/100
|-ability|p2a: Incineroar|Intimidate|boost
|-unboost|p1a: Sneasler|atk|1
|-unboost|p1b: Volcarona|atk|1
|-terastallize|p2b: Ursaluna|Normal
|move|p1a: Sneasler|Protect|p1a: Sneasler
|-singleturn|p1a: Sneasler|Protect
|move|p1b: Volcarona|Protect|p1b: Volcarona
|-singleturn|p1b: Volcarona|Protect
|move|p2b: Ursaluna|Hyper Voice|p1a: Sneasler|[spread] 
|-activate|p1a: Sneasler|move: Protect
|-activate|p1b: Volcarona|move: Protect
|
|-heal|p1a: Sneasler|19/100|[from] Grassy Terrain
|-heal|p2a: Incineroar|64/100|[from] Grassy Terrain
|upkeep
|turn|5
|inactive|rdw39 has 30 seconds left.
|
|t:|1756822197
|switch|p1a: Rillaboom|Rillaboom, L50, F|100/100
|move|p2a: Incineroar|Fake Out|p1b: Volcarona
|-damage|p1b: Volcarona|87/100
|move|p1b: Volcarona|Quiver Dance|p1b: Volcarona
|-boost|p1b: Volcarona|spa|1
|-boost|p1b: Volcarona|spd|1
|-boost|p1b: Volcarona|spe|1
|move|p2b: Ursaluna|Blood Moon|p1a: Rillaboom
|-damage|p1a: Rillaboom|0 fnt
|faint|p1a: Rillaboom
|-damage|p2b: Ursaluna|91/100|[from] item: Life Orb
|
|-heal|p1b: Volcarona|94/100|[from] Grassy Terrain
|-heal|p2a: Incineroar|70/100|[from] Grassy Terrain
|-heal|p2b: Ursaluna|97/100|[from] Grassy Terrain
|-fieldend|move: Grassy Terrain
|upkeep
|
|t:|1756822220
|switch|p1a: Sneasler|Sneasler, L50, F|19/100
|turn|6
|
|t:|1756822235
|switch|p2a: Sneasler|Sneasler, L50, F|100/100
|move|p2b: Ursaluna|Protect|p2b: Ursaluna
|-singleturn|p2b: Ursaluna|Protect
|move|p1a: Sneasler|Fake Out|p2a: Sneasler
|-damage|p2a: Sneasler|76/100
|move|p1b: Volcarona|Heat Wave|p2b: Ursaluna|[spread] p2a
|-activate|p2b: Ursaluna|move: Protect
|-damage|p2a: Sneasler|4/100
|
|upkeep
|turn|7
|
|t:|1756822259
|-terastallize|p1b: Volcarona|Fairy
|move|p1b: Volcarona|Heat Wave|p2a: Sneasler|[spread] p2a,p2b
|-damage|p2a: Sneasler|0 fnt
|-damage|p2b: Ursaluna|27/100
|-status|p2b: Ursaluna|brn
|faint|p2a: Sneasler
|move|p1a: Sneasler|Close Combat|p2b: Ursaluna
|-supereffective|p2b: Ursaluna
|-damage|p2b: Ursaluna|0 fnt
|-unboost|p1a: Sneasler|def|1
|-unboost|p1a: Sneasler|spd|1
|faint|p2b: Ursaluna
|
|upkeep
|-message|rdw39 forfeited.
|
|win|Zevenit
||Zevenit is ready for game 2.
||rdw39 is ready for game 2.
|uhtml|next|Next: Game 2 of 3
