|j|☆Olvidonaaaa
|j|☆BlackAshura
|html|OlvidonaaaaBlackAshura    
|uhtml|bestof|Game 2 of a best-of-3
|t:|1783450576
|gametype|doubles
|player|p1|Olvidonaaaa|101|1108
|player|p2|BlackAshura|samsonoak|1080
|gen|9
|tier|[Gen 9 Champions] VGC 2026 Reg M-B (Bo3)
|rated|
|rule|Species Clause: Limit one of each Pokémon
|rule|Item Clause: Limit 1 of each item
|clearpoke
|poke|p1|Sinistcha, L50|
|poke|p1|Incineroar, L50, M|
|poke|p1|Delphox, L50, M, shiny|
|poke|p1|Kingambit, L50, M|
|poke|p1|Basculegion, L50, M|
|poke|p1|Sneasler, L50, M|
|poke|p2|Metagross, L50, shiny|
|poke|p2|Kleavor, L50, F|
|poke|p2|Hydreigon, L50, F|
|poke|p2|Venusaur, L50, M, shiny|
|poke|p2|Simipour, L50, F, shiny|
|poke|p2|Talonflame, L50, M, shiny|
|teampreview|4
|showteam|p1|Sinistcha||ColburBerry|Hospitality|MatchaGotcha,RagePowder,TrickRoom,LifeDew|Relaxed|||||50|]Incineroar||PasshoBerry|Intimidate|ThroatChop,FlareBlitz,PartingShot,FakeOut|Adamant||M|||50|]Delphox||Delphoxite|Blaze|NastyPlot,HeatWave,Psychic,Protect|Timid||M|||50|]Kingambit||FocusSash|Defiant|SuckerPunch,IronHead,KowtowCleave,LowKick|Adamant||M|||50|]Basculegion||LifeOrb|Adaptability|Protect,AquaJet,LastRespects,WaveCrash|Adamant||M|||50|]Sneasler||HardStone|PoisonTouch|DireClaw,FakeOut,CloseCombat,RockSlide|Jolly||M|||50|
|showteam|p2|Metagross||Metagrossite|ClearBody|IronHead,PsychicFangs,IcePunch,Protect|Jolly|||||50|]Kleavor||ChoiceScarf|Sharpness|StoneAxe,CloseCombat,NightSlash,XScissor|Jolly||F|||50|]Hydreigon||LifeOrb|Levitate|DracoMeteor,DarkPulse,EarthPower,Protect|Timid||F|||50|]Venusaur||Venusaurite|Overgrow|GigaDrain,SludgeBomb,EarthPower,Protect|Modest||M|||50|]Simipour||FocusSash|Torrent|FakeOut,Scald,IceBeam,Protect|Timid||F|||50|]Talonflame||Charcoal|GaleWings|Overheat,Taunt,QuickGuard,Tailwind|Timid||M|||50|
|
|t:|1783450626
|teamsize|p1|4
|teamsize|p2|4
|start
|switch|p1a: Sinistcha|Sinistcha, L50|100/100
|switch|p1b: Incineroar|Incineroar, L50, M|100/100
|switch|p2a: Metagross|Metagross, L50, shiny|100/100
|switch|p2b: Talonflame|Talonflame, L50, M, shiny|100/100
|-ability|p1b: Incineroar|Intimidate|boost
|-fail|p2a: Metagross|unboost|[from] ability: Clear Body|[of] p2a: Metagross
|-unboost|p2b: Talonflame|atk|1
|turn|1
|
|t:|1783450653
|detailschange|p2a: Metagross|Metagross-Mega, L50, shiny
|-mega|p2a: Metagross|Metagross|Metagrossite
|move|p2b: Talonflame|Quick Guard|p2b: Talonflame
|-singleturn|p2b: Talonflame|Quick Guard
|move|p2a: Metagross|Ice Punch|p1a: Sinistcha
|-supereffective|p1a: Sinistcha|1
|-damage|p1a: Sinistcha|37/100
|move|p1b: Incineroar|Parting Shot|p2b: Talonflame
|-unboost|p2b: Talonflame|atk|1
|-unboost|p2b: Talonflame|spa|1
|
|t:|1783450663
|switch|p1b: Basculegion|Basculegion, L50, M|100/100|[from] Parting Shot
|move|p1a: Sinistcha|Trick Room|p1a: Sinistcha
|-fieldstart|move: Trick Room|[of] p1a: Sinistcha
|
|upkeep
|turn|2
|
|t:|1783450687
|switch|p1a: Incineroar|Incineroar, L50, M|100/100
|-ability|p1a: Incineroar|Intimidate|boost
|-unboost|p2a: Metagross|atk|1
|-unboost|p2b: Talonflame|atk|1
|switch|p2b: Hydreigon|Hydreigon, L50, F|100/100
|move|p2a: Metagross|Protect|p2a: Metagross
|-singleturn|p2a: Metagross|Protect
|move|p1b: Basculegion|Aqua Jet|p2b: Hydreigon
|-resisted|p2b: Hydreigon|1
|-damage|p2b: Hydreigon|79/100
|-damage|p1b: Basculegion|90/100|[from] item: Life Orb
|
|upkeep
|turn|3
|
|t:|1783450711
|switch|p2a: Talonflame|Talonflame, L50, M, shiny|100/100
|move|p1a: Incineroar|Fake Out|p2b: Hydreigon
|-damage|p2b: Hydreigon|64/100
|move|p1b: Basculegion|Last Respects|p2a: Talonflame
|-damage|p2a: Talonflame|32/100
|-damage|p1b: Basculegion|80/100|[from] item: Life Orb
|cant|p2b: Hydreigon|flinch
|
|upkeep
|turn|4
|
|t:|1783450743
|move|p2b: Hydreigon|Protect|p2b: Hydreigon
|-singleturn|p2b: Hydreigon|Protect
|move|p1a: Incineroar|Throat Chop|p2a: Talonflame
|-damage|p2a: Talonflame|0 fnt
|faint|p2a: Talonflame
|move|p1b: Basculegion|Wave Crash|p2b: Hydreigon
|-activate|p2b: Hydreigon|move: Protect
|
|upkeep
|
|t:|1783450753
|switch|p2a: Metagross|Metagross-Mega, L50, shiny|100/100
|turn|5
|
|t:|1783450766
|move|p2a: Metagross|Protect|p2a: Metagross
|-singleturn|p2a: Metagross|Protect
|move|p1a: Incineroar|Parting Shot|p2a: Metagross
|-activate|p2a: Metagross|move: Protect
|move|p1b: Basculegion|Wave Crash|p2b: Hydreigon
|-resisted|p2b: Hydreigon|1
|-crit|p2b: Hydreigon
|-damage|p2b: Hydreigon|0 fnt
|faint|p2b: Hydreigon
|-damage|p1b: Basculegion|62/100|[from] Recoil
|-damage|p1b: Basculegion|52/100|[from] item: Life Orb
|
|-fieldend|move: Trick Room
|upkeep
|
|t:|1783450781
|switch|p2b: Kleavor|Kleavor, L50, F|100/100
|turn|6
|
|t:|1783450806
|switch|p1a: Sinistcha|Sinistcha, L50|37/100
|-heal|p1b: Basculegion|76/100|[from] ability: Hospitality|[of] p1a: Sinistcha
|move|p1b: Basculegion|Aqua Jet|p2b: Kleavor
|-supereffective|p2b: Kleavor|1
|-damage|p2b: Kleavor|1/100
|-damage|p1b: Basculegion|67/100|[from] item: Life Orb
|move|p2b: Kleavor|Stone Axe|p1a: Sinistcha
|-crit|p1a: Sinistcha
|-damage|p1a: Sinistcha|0 fnt
|-sidestart|p1: Olvidonaaaa|move: Stealth Rock
|faint|p1a: Sinistcha
|move|p2a: Metagross|Psychic Fangs|p1b: Basculegion
|-damage|p1b: Basculegion|0 fnt
|faint|p1b: Basculegion
|
|upkeep
|
|t:|1783450822
|switch|p1b: Sneasler|Sneasler, L50, M|100/100
|switch|p1a: Incineroar|Incineroar, L50, M|100/100
|-damage|p1b: Sneasler|94/100|[from] Stealth Rock
|-damage|p1a: Incineroar|75/100|[from] Stealth Rock
|-ability|p1a: Incineroar|Intimidate|boost
|-unboost|p2a: Metagross|atk|1
|-unboost|p2b: Kleavor|atk|1
|turn|7
|
|t:|1783450839
|move|p1b: Sneasler|Fake Out|p2b: Kleavor
|-resisted|p2b: Kleavor|1
|-damage|p2b: Kleavor|0 fnt
|faint|p2b: Kleavor
|move|p1a: Incineroar|Fake Out|p2a: Metagross
|-resisted|p2a: Metagross|1
|-damage|p2a: Metagross|95/100
|cant|p2a: Metagross|flinch
|
|upkeep
|turn|8
|
|t:|1783450853
|move|p1b: Sneasler|Close Combat|p2a: Metagross
|-damage|p2a: Metagross|50/100g
|-unboost|p1b: Sneasler|def|1
|-unboost|p1b: Sneasler|spd|1
|move|p2a: Metagross|Psychic Fangs|p1b: Sneasler
|-supereffective|p1b: Sneasler|2
|-damage|p1b: Sneasler|0 fnt
|faint|p1b: Sneasler
|move|p1a: Incineroar|Flare Blitz|p2a: Metagross
|-supereffective|p2a: Metagross|1
|-crit|p2a: Metagross
|-damage|p2a: Metagross|0 fnt
|faint|p2a: Metagross
|-damage|p1a: Incineroar|61/100|[from] Recoil
|
|win|Olvidonaaaa
