|j|☆m00nless
|j|☆joshez
|html|m00nlessjoshez    
|uhtml|bestof|Game 2 of a best-of-3
|t:|1756271727
|gametype|doubles
|player|p1|m00nless|clair|1015
|player|p2|joshez|102|1000
|gen|9
|tier|[Gen 9] VGC 2025 Reg H (Bo3)
|rated|
|rule|Species Clause: Limit one of each Pokémon
|rule|Item Clause: Limit 1 of each item
|clearpoke
|poke|p1|Archaludon, L50, F|
|poke|p1|Bronzong, L50|
|poke|p1|Ursaluna, L50, M|
|poke|p1|Politoed, L50, M|
|poke|p1|Incineroar, L50, F|
|poke|p1|Basculegion, L50, M|
|poke|p2|Amoonguss, L50, F|
|poke|p2|Sneasler, L50, F|
|poke|p2|Gholdengo, L50|
|poke|p2|Incineroar, L50, F|
|poke|p2|Ursaluna-Bloodmoon, L50, M|
|poke|p2|Dragonite, L50, F|
|teampreview|4
|showteam|p1|Archaludon||PowerHerb|Sturdy|ElectroShot,DragonPulse,FlashCannon,Protect|||F|||50|,,,,,Electric]Bronzong||SafetyGoggles|Levitate|TrickRoom,GyroBall,IronDefense,BodyPress||||||50|,,,,,Dark]Ursaluna||FlameOrb|Guts|HeadlongRush,Facade,Earthquake,Protect|||M|||50|,,,,,Ghost]Politoed||Leftovers|Drizzle|WeatherBall,Haze,Encore,Protect|||M|||50|,,,,,Grass]Incineroar||AssaultVest|Intimidate|Uturn,FakeOut,KnockOff,FlareBlitz|||F|||50|,,,,,Grass]Basculegion||LifeOrb|SwiftSwim|WaveCrash,LastRespects,AquaJet,Protect|||M|||50|,,,,,Ghost
|showteam|p2|Amoonguss||SitrusBerry|Regenerator|RagePowder,Spore,PollenPuff,Protect|||F|||50|,,,,,Psychic]Sneasler||FocusSash|Unburden|Protect,DireClaw,CloseCombat,ThroatChop|||F|||50|,,,,,Stellar]Gholdengo||LifeOrb|GoodasGold|Protect,MakeItRain,ShadowBall,NastyPlot||||||50|,,,,,Water]Incineroar||SafetyGoggles|Intimidate|KnockOff,PartingShot,FlareBlitz,FakeOut|||F|||50|,,,,,Ghost]Ursaluna-Bloodmoon||AssaultVest|MindsEye|BloodMoon,EarthPower,VacuumWave,HyperVoice|||M|||50|,,,,,Water]Dragonite||LoadedDice|Multiscale|ScaleShot,Tailwind,Haze,Protect|||F|||50|,,,,,Fairy
|
|t:|1756271744
|teamsize|p1|4
|teamsize|p2|4
|start
|switch|p1a: BIG BELL|Bronzong, L50, shiny|100/100
|switch|p1b: THE AGENDA|Incineroar, L50, F|100/100
|switch|p2a: Incineroar|Incineroar, L50, F|100/100
|switch|p2b: Gholdengo|Gholdengo, L50|100/100
|-ability|p2a: Incineroar|Intimidate|boost
|-unboost|p1a: BIG BELL|atk|1
|-unboost|p1b: THE AGENDA|atk|1
|-ability|p1b: THE AGENDA|Intimidate|boost
|-unboost|p2a: Incineroar|atk|1
|-unboost|p2b: Gholdengo|atk|1
|turn|1
|
|t:|1756271787
|switch|p2b: Ursaluna|Ursaluna-Bloodmoon, L50, M|100/100
|-terastallize|p1a: BIG BELL|Dark
|move|p2a: Incineroar|Fake Out|p1a: BIG BELL
|-damage|p1a: BIG BELL|94/100
|move|p1b: THE AGENDA|Knock Off|p2b: Ursaluna
|-damage|p2b: Ursaluna|82/100
|-enditem|p2b: Ursaluna|Assault Vest|[from] move: Knock Off|[of] p1b: THE AGENDA
|cant|p1a: BIG BELL|flinch
|
|upkeep
|turn|2
|
|t:|1756271814
|switch|p1a: COUGHING BABY|Politoed, L50, M|100/100
|-weather|RainDance|[from] ability: Drizzle|[of] p1a: COUGHING BABY
|move|p2a: Incineroar|Flare Blitz|p1a: COUGHING BABY
|-resisted|p1a: COUGHING BABY
|-damage|p1a: COUGHING BABY|91/100
|-damage|p2a: Incineroar|98/100|[from] Recoil
|move|p2b: Ursaluna|Blood Moon|p1a: COUGHING BABY
|-damage|p1a: COUGHING BABY|39/100
|move|p1b: THE AGENDA|U-turn|p2b: Ursaluna
|-damage|p2b: Ursaluna|73/100
|
|t:|1756271829
|switch|p1b: Basculegion|Basculegion, L50, M|100/100|[from] U-turn
|
|-weather|RainDance|[upkeep]
|-heal|p1a: COUGHING BABY|45/100|[from] item: Leftovers
|upkeep
|turn|3
|
|t:|1756271849
|switch|p2b: Dragonite|Dragonite, L50, F|100/100
|move|p1b: Basculegion|Wave Crash|p2b: Dragonite
|-resisted|p2b: Dragonite
|-damage|p2b: Dragonite|69/100
|-damage|p1b: Basculegion|92/100|[from] Recoil
|-damage|p1b: Basculegion|83/100|[from] item: Life Orb
|move|p2a: Incineroar|Parting Shot|p1b: Basculegion
|-unboost|p1b: Basculegion|atk|1
|-unboost|p1b: Basculegion|spa|1
|
|t:|1756271863
|switch|p2a: Ursaluna|Ursaluna-Bloodmoon, L50, M|73/100|[from] Parting Shot
|move|p1a: COUGHING BABY|Weather Ball|p2b: Dragonite
|-resisted|p2b: Dragonite
|-damage|p2b: Dragonite|44/100
|
|-weather|RainDance|[upkeep]
|-heal|p1a: COUGHING BABY|51/100|[from] item: Leftovers
|upkeep
|turn|4
|
|t:|1756271895
|switch|p1a: THE AGENDA|Incineroar, L50, F|100/100
|-ability|p1a: THE AGENDA|Intimidate|boost
|-unboost|p2a: Ursaluna|atk|1
|-unboost|p2b: Dragonite|atk|1
|-terastallize|p2a: Ursaluna|Water
|move|p1b: Basculegion|Protect|p1b: Basculegion
|-singleturn|p1b: Basculegion|Protect
|move|p2b: Dragonite|Scale Shot|p1a: THE AGENDA
|-damage|p1a: THE AGENDA|93/100
|-damage|p1a: THE AGENDA|84/100
|-damage|p1a: THE AGENDA|77/100
|-damage|p1a: THE AGENDA|69/100
|-hitcount|p1a: THE AGENDA|4
|-unboost|p2b: Dragonite|def|1
|-boost|p2b: Dragonite|spe|1
|move|p2a: Ursaluna|Blood Moon|p1b: Basculegion
|-activate|p1b: Basculegion|move: Protect
|
|-weather|RainDance|[upkeep]
|upkeep
|turn|5
|
|t:|1756271926
|switch|p1b: BIG BELL|Bronzong, L50, shiny, tera:Dark|94/100
|switch|p2b: Incineroar|Incineroar, L50, F|98/100
|-ability|p2b: Incineroar|Intimidate|boost
|-unboost|p1a: THE AGENDA|atk|1
|-unboost|p1b: BIG BELL|atk|1
|move|p2a: Ursaluna|Earth Power|p1a: THE AGENDA
|-supereffective|p1a: THE AGENDA
|-damage|p1a: THE AGENDA|11/100
|move|p1a: THE AGENDA|Knock Off|p2b: Incineroar
|-resisted|p2b: Incineroar
|-crit|p2b: Incineroar
|-damage|p2b: Incineroar|71/100
|-enditem|p2b: Incineroar|Safety Goggles|[from] move: Knock Off|[of] p1a: THE AGENDA
|
|-weather|RainDance|[upkeep]
|upkeep
|turn|6
|
|t:|1756271959
|move|p2b: Incineroar|Fake Out|p1b: BIG BELL
|-damage|p1b: BIG BELL|83/100
|move|p2a: Ursaluna|Blood Moon|p1b: BIG BELL
|-damage|p1b: BIG BELL|26/100
|move|p1a: THE AGENDA|U-turn|p2a: Ursaluna
|-damage|p2a: Ursaluna|64/100
|
|t:|1756271966
|switch|p1a: Basculegion|Basculegion, L50, M|83/100|[from] U-turn
|cant|p1b: BIG BELL|flinch
|
|-weather|none
|upkeep
|turn|7
|
|t:|1756271983
|switch|p1b: COUGHING BABY|Politoed, L50, M|51/100
|-weather|RainDance|[from] ability: Drizzle|[of] p1b: COUGHING BABY
|move|p2a: Ursaluna|Vacuum Wave|p1b: COUGHING BABY
|-damage|p1b: COUGHING BABY|39/100
|move|p1a: Basculegion|Wave Crash|p2b: Incineroar
|-supereffective|p2b: Incineroar
|-damage|p2b: Incineroar|0 fnt
|faint|p2b: Incineroar
|-damage|p1a: Basculegion|60/100|[from] Recoil
|-damage|p1a: Basculegion|50/100|[from] item: Life Orb
|
|-weather|RainDance|[upkeep]
|-heal|p1b: COUGHING BABY|45/100|[from] item: Leftovers
|upkeep
|
|t:|1756271997
|switch|p2b: Gholdengo|Gholdengo, L50|100/100
|turn|8
|
|t:|1756272028
|move|p1a: Basculegion|Last Respects|p2b: Gholdengo
|-supereffective|p2b: Gholdengo
|-damage|p2b: Gholdengo|35/100
|-damage|p1a: Basculegion|41/100|[from] item: Life Orb
|move|p2b: Gholdengo|Shadow Ball|p1a: Basculegion
|-supereffective|p1a: Basculegion
|-damage|p1a: Basculegion|0 fnt
|faint|p1a: Basculegion
|-damage|p2b: Gholdengo|26/100|[from] item: Life Orb
|move|p1b: COUGHING BABY|Encore|p2a: Ursaluna
|-start|p2a: Ursaluna|Encore
|move|p2a: Ursaluna|Vacuum Wave|p1b: COUGHING BABY
|-damage|p1b: COUGHING BABY|35/100
|
|-weather|RainDance|[upkeep]
|-heal|p1b: COUGHING BABY|41/100|[from] item: Leftovers
|upkeep
|
|t:|1756272044
|switch|p1a: THE AGENDA|Incineroar, L50, F|11/100
|-ability|p1a: THE AGENDA|Intimidate|boost
|-unboost|p2a: Ursaluna|atk|1
|-unboost|p2b: Gholdengo|atk|1
|turn|9
|
|t:|1756272055
|switch|p2a: Dragonite|Dragonite, L50, F|44/100
|switch|p1a: BIG BELL|Bronzong, L50, shiny, tera:Dark|26/100
|move|p2b: Gholdengo|Make It Rain|p1b: COUGHING BABY|[spread] p1a,p1b
|-resisted|p1b: COUGHING BABY
|-damage|p1a: BIG BELL|0 fnt
|-damage|p1b: COUGHING BABY|21/100
|-unboost|p2b: Gholdengo|spa|1
|faint|p1a: BIG BELL
|-damage|p2b: Gholdengo|16/100|[from] item: Life Orb
|move|p1b: COUGHING BABY|Weather Ball|p2b: Gholdengo
|-damage|p2b: Gholdengo|0 fnt
|faint|p2b: Gholdengo
|
|-weather|RainDance|[upkeep]
|-heal|p1b: COUGHING BABY|27/100|[from] item: Leftovers
|upkeep
|
|t:|1756272071
|switch|p2b: Ursaluna|Ursaluna-Bloodmoon, L50, M, tera:Water|64/100
|switch|p1a: THE AGENDA|Incineroar, L50, F|11/100
|-ability|p1a: THE AGENDA|Intimidate|boost
|-unboost|p2a: Dragonite|atk|1
|-unboost|p2b: Ursaluna|atk|1
|turn|10
|
|t:|1756272083
|move|p1a: THE AGENDA|Fake Out|p2b: Ursaluna
|-damage|p2b: Ursaluna|57/100
|move|p2a: Dragonite|Scale Shot|p1b: COUGHING BABY
|-crit|p1b: COUGHING BABY
|-damage|p1b: COUGHING BABY|2/100
|-damage|p1b: COUGHING BABY|0 fnt
|faint|p1b: COUGHING BABY
|-hitcount|p1: COUGHING BABY|2
|-unboost|p2a: Dragonite|def|1
|-boost|p2a: Dragonite|spe|1
|cant|p2b: Ursaluna|flinch
|
|-weather|RainDance|[upkeep]
|upkeep
|turn|11
|-message|m00nless forfeited.
|
|win|joshez
|l|☆m00nless
|player|p1|
||joshez is ready for game 3.
||m00nless is ready for game 3.
|uhtml|next|Next: Game 3 of 3
|l|☆joshez
|player|p2|
|j|☆m00nless
|player|p1|m00nless|clair|
