|j|☆SomeKidJon
|j|☆new mental
|html|SomeKidJonnew mental    
|uhtml|bestof|Game 3 of a best-of-3
|t:|1783269836
|gametype|doubles
|player|p1|SomeKidJon|scientistf|1333
|player|p2|new mental|volkner|1390
|gen|9
|tier|[Gen 9 Champions] VGC 2026 Reg M-B (Bo3)
|rated|
|rule|Species Clause: Limit one of each Pokémon
|rule|Item Clause: Limit 1 of each item
|clearpoke
|poke|p1|Camerupt, L50, M|
|poke|p1|Farigiraf, L50, M|
|poke|p1|Primarina, L50, M|
|poke|p1|Hatterene, L50, F|
|poke|p1|Lopunny, L50, F|
|poke|p1|Ditto, L50|
|poke|p2|Aerodactyl, L50, F|
|poke|p2|Garchomp, L50, M|
|poke|p2|Kingambit, L50, F|
|poke|p2|Charizard, L50, M|
|poke|p2|Sylveon, L50, F|
|poke|p2|Farigiraf, L50, M|
|teampreview|4
|showteam|p1|Camerupt||Cameruptite|SolidRock|AncientPower,HeatWave,EarthPower,Protect|Quiet||M|||50|]Farigiraf||SitrusBerry|ArmorTail|Protect,HelpingHand,DazzlingGleam,TrickRoom|Bold||M|||50|]Primarina||Leftovers|LiquidVoice|HyperVoice,Protect,Moonblast,CalmMind|Modest||M|||50|]Hatterene||LifeOrb|MagicBounce|Psychic,Protect,DazzlingGleam,TrickRoom|Quiet||F|||50|]Lopunny||Lopunnite|Klutz|FakeOut,CloseCombat,AfterYou,TripleAxel|Jolly||F|||50|]Ditto||ChoiceScarf|Imposter|Transform|Docile|||||50|
|showteam|p2|Aerodactyl||Aerodactylite|Unnerve|IceFang,RockSlide,Tailwind,DualWingbeat|Jolly||F|||50|]Garchomp||LifeOrb|RoughSkin|DragonClaw,StompingTantrum,Earthquake,Protect|Jolly||M|||50|]Kingambit||FocusSash|Defiant|SuckerPunch,KowtowCleave,IronHead,LowKick|Adamant||F|||50|]Charizard||CharizarditeY|SolarPower|Protect,HeatWave,SolarBeam,WeatherBall|Timid||M|||50|]Sylveon||FairyFeather|Pixilate|Protect,HyperVoice,HyperBeam,QuickAttack|Modest||F|||50|]Farigiraf||SitrusBerry|ArmorTail|TrickRoom,Thunderbolt,Psychic,Roar|Bold||M|||50|
|
|t:|1783269871
|teamsize|p1|4
|teamsize|p2|4
|start
|switch|p1a: Lopunny|Lopunny, L50, F|100/100
|switch|p1b: Primarina|Primarina, L50, M|100/100
|switch|p2a: Charizard|Charizard, L50, M|100/100
|switch|p2b: Farigiraf|Farigiraf, L50, M|100/100
|turn|1
|
|t:|1783269881
|detailschange|p2a: Charizard|Charizard-Mega-Y, L50, M
|-mega|p2a: Charizard|Charizard|Charizardite Y
|-weather|SunnyDay|[from] ability: Drought|[of] p2a: Charizard
|move|p1a: Lopunny|Close Combat|p2b: Farigiraf
|-damage|p2b: Farigiraf|77/100
|-unboost|p1a: Lopunny|def|1
|-unboost|p1a: Lopunny|spd|1
|move|p2a: Charizard|Solar Beam||[still]
|-prepare|p2a: Charizard|Solar Beam
|-anim|p2a: Charizard|Solar Beam|p1b: Primarina
|-supereffective|p1b: Primarina|1
|-damage|p1b: Primarina|31/100
|move|p1b: Primarina|Calm Mind|p1b: Primarina
|-boost|p1b: Primarina|spa|1
|-boost|p1b: Primarina|spd|1
|move|p2b: Farigiraf|Thunderbolt|p1b: Primarina
|-supereffective|p1b: Primarina|1
|-damage|p1b: Primarina|9/100
|
|-weather|SunnyDay|[upkeep]
|-heal|p1b: Primarina|14/100|[from] item: Leftovers
|upkeep
|turn|2
|
|t:|1783269899
|switch|p1a: Camerupt|Camerupt, L50, M|100/100
|move|p2a: Charizard|Solar Beam||[still]
|-prepare|p2a: Charizard|Solar Beam
|-anim|p2a: Charizard|Solar Beam|p1b: Primarina
|-supereffective|p1b: Primarina|1
|-damage|p1b: Primarina|0 fnt
|faint|p1b: Primarina
|move|p2b: Farigiraf|Psychic|p1a: Camerupt
|-damage|p1a: Camerupt|61/100
|
|-weather|SunnyDay|[upkeep]
|upkeep
|
|t:|1783269902
|switch|p1b: Ditto|Ditto, L50|100/100
|-transform|p1b: Ditto|p2a: Charizard|[from] ability: Imposter
|turn|3
|
|t:|1783269922
|detailschange|p1a: Camerupt|Camerupt-Mega, L50, M
|-mega|p1a: Camerupt|Camerupt|Cameruptite
|move|p2a: Charizard|Protect|p2a: Charizard
|-singleturn|p2a: Charizard|Protect
|move|p1b: Ditto|Heat Wave|p2a: Charizard|[spread] p2b
|-activate|p2a: Charizard|move: Protect
|-damage|p2b: Farigiraf|28/100
|-enditem|p2b: Farigiraf|Sitrus Berry|[eat]
|-heal|p2b: Farigiraf|53/100|[from] item: Sitrus Berry
|move|p2b: Farigiraf|Psychic|p1a: Camerupt
|-damage|p1a: Camerupt|28/100
|move|p1a: Camerupt|Ancient Power|p2a: Charizard
|-activate|p2a: Charizard|move: Protect
|
|-weather|SunnyDay|[upkeep]
|upkeep
|turn|4
|
|t:|1783269935
|move|p1a: Camerupt|Protect|p1a: Camerupt
|-singleturn|p1a: Camerupt|Protect
|move|p1b: Ditto|Heat Wave|p2b: Farigiraf|[spread] p2a,p2b
|-resisted|p2a: Charizard|1
|-damage|p2a: Charizard|75/100
|-damage|p2b: Farigiraf|0 fnt
|faint|p2b: Farigiraf
|move|p2a: Charizard|Heat Wave|p1a: Camerupt|[spread] p1b
|-activate|p1a: Camerupt|move: Protect
|-resisted|p1b: Ditto|1
|-damage|p1b: Ditto|72/100
|
|-weather|SunnyDay|[upkeep]
|upkeep
|
|t:|1783269948
|switch|p2b: Garchomp|Garchomp, L50, M|100/100
|turn|5
|
|t:|1783269953
|switch|p1a: Lopunny|Lopunny, L50, F|100/100
|move|p2a: Charizard|Protect|p2a: Charizard
|-singleturn|p2a: Charizard|Protect
|move|p1b: Ditto|Heat Wave|p2b: Garchomp|[spread] p2b
|-activate|p2a: Charizard|move: Protect
|-resisted|p2b: Garchomp|1
|-damage|p2b: Garchomp|70/100
|move|p2b: Garchomp|Earthquake|p1b: Ditto|[spread] p1a
|-activate|p2a: Charizard|move: Protect
|-immune|p1b: Ditto
|-damage|p1a: Lopunny|31/100
|-damage|p2b: Garchomp|61/100|[from] item: Life Orb
|
|-weather|none
|upkeep
|turn|6
|
|t:|1783269967
|switch|p1a: Camerupt|Camerupt-Mega, L50, M|28/100
|move|p2b: Garchomp|Protect|p2b: Garchomp
|-singleturn|p2b: Garchomp|Protect
|move|p1b: Ditto|Heat Wave|p2a: Charizard|[spread] p2a
|-activate|p2b: Garchomp|move: Protect
|-resisted|p2a: Charizard|1
|-crit|p2a: Charizard
|-damage|p2a: Charizard|52/100
|move|p2a: Charizard|Heat Wave|p1b: Ditto|[spread] p1a,p1b
|-resisted|p1a: Camerupt|1
|-resisted|p1b: Ditto|1
|-damage|p1a: Camerupt|12/100
|-damage|p1b: Ditto|53/100
|
|upkeep
|turn|7
|
|t:|1783269973
|switch|p1b: Lopunny|Lopunny, L50, F|31/100
|move|p1a: Camerupt|Protect|p1a: Camerupt
|-singleturn|p1a: Camerupt|Protect
|move|p2b: Garchomp|Earthquake|p1a: Camerupt|[spread] p1b
|-activate|p1a: Camerupt|move: Protect
|-immune|p2a: Charizard
|-damage|p1b: Lopunny|0 fnt
|faint|p1b: Lopunny
|-damage|p2b: Garchomp|51/100|[from] item: Life Orb
|move|p2a: Charizard|Heat Wave|p1a: Camerupt
|-activate|p1a: Camerupt|move: Protect
|
|upkeep
|
|t:|1783269975
|switch|p1b: Ditto|Ditto, L50|53/100
|-transform|p1b: Ditto|p2a: Charizard|[from] ability: Imposter
|-weather|SunnyDay|[from] ability: Drought|[of] p1b: Ditto
|turn|8
|
|t:|1783269984
|move|p2b: Garchomp|Protect|p2b: Garchomp
|-singleturn|p2b: Garchomp|Protect
|move|p2a: Charizard|Protect|p2a: Charizard
|-singleturn|p2a: Charizard|Protect
|move|p1b: Ditto|Solar Beam||[still]
|-prepare|p1b: Ditto|Solar Beam
|-anim|p1b: Ditto|Solar Beam|p2b: Garchomp
|-activate|p2b: Garchomp|move: Protect
|move|p1a: Camerupt|Ancient Power|p2a: Charizard
|-activate|p2a: Charizard|move: Protect
|
|-weather|SunnyDay|[upkeep]
|upkeep
|turn|9
|
|t:|1783269996
|move|p1a: Camerupt|Protect|p1a: Camerupt
|-singleturn|p1a: Camerupt|Protect
|move|p1b: Ditto|Solar Beam||[still]
|-prepare|p1b: Ditto|Solar Beam
|-anim|p1b: Ditto|Solar Beam|p2b: Garchomp
|-damage|p2b: Garchomp|8/100
|move|p2b: Garchomp|Dragon Claw|p1a: Camerupt
|-activate|p1a: Camerupt|move: Protect
|move|p2a: Charizard|Weather Ball|p1b: Ditto
|-resisted|p1b: Ditto|1
|-damage|p1b: Ditto|12/100
|
|-weather|SunnyDay|[upkeep]
|upkeep
|turn|10
|-message|SomeKidJon forfeited.
|
|win|new mental
|raw|SomeKidJon's rating: 1333 → 1316(-17 for losing)
|raw|new mental's rating: 1390 → 1407(+17 for winning)
|l|☆SomeKidJon
|player|p1|
|c|☆new mental|gg
