|j|☆homerj71
|j|☆hugoggg
|html|homerj71hugoggg    
|uhtml|bestof|Game 1 of a best-of-3
|t:|1784740110
|gametype|doubles
|player|p1|homerj71|170|
|player|p2|hugoggg|1|
|gen|9
|tier|[Gen 9 Champions] VGC 2026 Reg M-B (Bo3)
|rule|Species Clause: Limit one of each Pokémon
|rule|Item Clause: Limit 1 of each item
|clearpoke
|poke|p1|Sneasler, L50, F|
|poke|p1|Sinistcha, L50|
|poke|p1|Incineroar, L50, M|
|poke|p1|Kingambit, L50, M|
|poke|p1|Delphox, L50, F|
|poke|p1|Blastoise, L50, M|
|poke|p2|Talonflame, L50, F|
|poke|p2|Basculegion, L50, M|
|poke|p2|Kingambit, L50, F|
|poke|p2|Gardevoir, L50, F|
|poke|p2|Garchomp, L50, M|
|poke|p2|Maushold, L50|
|teampreview|4
|showteam|p1|Sneasler||FocusSash|PoisonTouch|FakeOut,QuickGuard,DireClaw,CloseCombat|Jolly||F|||50|]Sinistcha||OccaBerry|Hospitality|Protect,RagePowder,MatchaGotcha,TrickRoom|Relaxed|||||50|]Incineroar||SitrusBerry|Intimidate|FakeOut,FlareBlitz,ThroatChop,PartingShot|Careful||M|||50|]Kingambit||BlackGlasses|Defiant|KowtowCleave,SwordsDance,SuckerPunch,Protect|Adamant||M|||50|]Delphox||Delphoxite|Blaze|Protect,NastyPlot,HeatWave,Psyshock|Timid||F|||50|]Blastoise||Blastoisinite|RainDish|WaterSpout,DarkPulse,Protect,ShellSmash|Modest||M|||50|
|showteam|p2|Talonflame||ExpertBelt|GaleWings|DualWingbeat,FlareBlitz,Tailwind,QuickGuard|Jolly||F|||50|]Basculegion||LifeOrb|Adaptability|WaveCrash,LastRespects,AquaJet,Protect|Adamant||M|||50|]Kingambit||FocusSash|Defiant|KowtowCleave,SuckerPunch,IronHead,LowKick|Adamant||F|||50|]Gardevoir||Gardevoirite|Telepathy|HyperVoice,Psychic,Thunderbolt,Protect|Modest||F|||50|]Garchomp||ChoiceScarf|RoughSkin|Earthquake,StompingTantrum,DragonClaw,RockTomb|Adamant||M|||50|]Maushold||SitrusBerry|FriendGuard|FollowMe,SuperFang,Taunt,Protect|Timid|||||50|
|inactive|Battle timer is ON: inactive players will automatically lose when time's up. (requested by homerj71)
|c|☆hugoggg|glhf!
|c|☆homerj71|hf
|inactive|homerj71 has 60 seconds left.
|inactive|hugoggg has 60 seconds left.
|
|t:|1784740164
|teamsize|p1|4
|teamsize|p2|4
|start
|switch|p1a: Blastoise|Blastoise, L50, M|100/100
|switch|p1b: Sneasler|Sneasler, L50, F|100/100
|switch|p2a: Basculegion|Basculegion, L50, M|100/100
|switch|p2b: Talonflame|Talonflame, L50, F|100/100
|turn|1
|
|t:|1784740179
|switch|p1a: Incineroar|Incineroar, L50, M|100/100
|-ability|p1a: Incineroar|Intimidate|boost
|-unboost|p2a: Basculegion|atk|1
|-unboost|p2b: Talonflame|atk|1
|move|p1b: Sneasler|Fake Out|p2b: Talonflame
|-damage|p2b: Talonflame|78/100
|cant|p2b: Talonflame|flinch
|move|p2a: Basculegion|Wave Crash|p1a: Incineroar
|-supereffective|p1a: Incineroar|1
|-damage|p1a: Incineroar|0 fnt
|faint|p1a: Incineroar
|-damage|p2a: Basculegion|65/100|[from] Recoil
|-damage|p2a: Basculegion|55/100|[from] item: Life Orb
|
|upkeep
|
|t:|1784740189
|switch|p1a: Blastoise|Blastoise, L50, M|100/100
|turn|2
|inactive|hugoggg has 30 seconds left.
|
|t:|1784740215
|detailschange|p1a: Blastoise|Blastoise-Mega, L50, M
|-mega|p1a: Blastoise|Blastoise|Blastoisinite
|move|p2b: Talonflame|Tailwind|p2b: Talonflame
|-sidestart|p2: hugoggg|move: Tailwind
|move|p2a: Basculegion|Wave Crash|p1a: Blastoise
|-resisted|p1a: Blastoise|1
|-damage|p1a: Blastoise|66/100
|-damage|p2a: Basculegion|47/100|[from] Recoil
|-damage|p2a: Basculegion|37/100|[from] item: Life Orb
|move|p1b: Sneasler|Dire Claw|p2b: Talonflame
|-damage|p2b: Talonflame|14/100
|-status|p2b: Talonflame|slp
|move|p1a: Blastoise|Dark Pulse|p2a: Basculegion
|-supereffective|p2a: Basculegion|1
|-damage|p2a: Basculegion|0 fnt
|faint|p2a: Basculegion
|
|upkeep
|
|t:|1784740227
|switch|p2a: Garchomp|Garchomp, L50, M|100/100
|turn|3
|
|t:|1784740234
|switch|p1b: Sinistcha|Sinistcha, L50|100/100
|-heal|p1a: Blastoise|91/100|[from] ability: Hospitality|[of] p1b: Sinistcha
|move|p1a: Blastoise|Protect|p1a: Blastoise
|-singleturn|p1a: Blastoise|Protect
|move|p2a: Garchomp|Earthquake|p1a: Blastoise|[spread] p1b
|-activate|p1a: Blastoise|move: Protect
|-immune|p2b: Talonflame
|-resisted|p1b: Sinistcha|1
|-crit|p1b: Sinistcha
|-damage|p1b: Sinistcha|76/100
|cant|p2b: Talonflame|slp
|
|upkeep
|turn|4
|
|t:|1784740250
|switch|p2b: Gardevoir|Gardevoir, L50, F|100/100
|move|p2a: Garchomp|Earthquake|p1b: Sinistcha|[spread] p1a,p1b
|-activate|p2b: Gardevoir|ability: Telepathy
|-resisted|p1b: Sinistcha|1
|-damage|p1a: Blastoise|46/100
|-damage|p1b: Sinistcha|61/100
|move|p1a: Blastoise|Water Spout|p2a: Garchomp|[spread] p2a,p2b
|-damage|p2a: Garchomp|68/100
|-damage|p2b: Gardevoir|65/100
|move|p1b: Sinistcha|Matcha Gotcha|p2a: Garchomp|[spread] p2a
|-miss|p1b: Sinistcha|p2b: Gardevoir
|-damage|p2a: Garchomp|40/100
|-heal|p1b: Sinistcha|75/100|[from] drain|[of] p2a: Garchomp
|
|upkeep
|turn|5
|
|t:|1784740271
|switch|p2a: Talonflame|Talonflame, L50, F|14/100 slp
|switch|p1b: Sneasler|Sneasler, L50, F|100/100
|detailschange|p2b: Gardevoir|Gardevoir-Mega, L50, F
|-mega|p2b: Gardevoir|Gardevoir|Gardevoirite
|move|p1a: Blastoise|Protect|p1a: Blastoise
|-singleturn|p1a: Blastoise|Protect
|move|p2b: Gardevoir|Hyper Voice|p1a: Blastoise|[spread] p1b
|-activate|p1a: Blastoise|move: Protect
|-damage|p1b: Sneasler|24/100
|
|-sideend|p2: hugoggg|move: Tailwind
|upkeep
|turn|6
|
|t:|1784740292
|move|p2b: Gardevoir|Protect|p2b: Gardevoir
|-singleturn|p2b: Gardevoir|Protect
|cant|p2a: Talonflame|slp
|move|p1b: Sneasler|Dire Claw|p2b: Gardevoir
|-activate|p2b: Gardevoir|move: Protect
|move|p1a: Blastoise|Water Spout|p2a: Talonflame|[spread] p2a
|-activate|p2b: Gardevoir|move: Protect
|-supereffective|p2a: Talonflame|1
|-damage|p2a: Talonflame|0 fnt
|faint|p2a: Talonflame
|
|upkeep
|
|t:|1784740297
|switch|p2a: Garchomp|Garchomp, L50, M|40/100
|turn|7
|
|t:|1784740307
|switch|p1b: Sinistcha|Sinistcha, L50|75/100
|-heal|p1a: Blastoise|71/100|[from] ability: Hospitality|[of] p1b: Sinistcha
|move|p2a: Garchomp|Dragon Claw|p1b: Sinistcha
|-damage|p1b: Sinistcha|37/100
|move|p2b: Gardevoir|Hyper Voice|p1b: Sinistcha|[spread] p1a,p1b
|-damage|p1a: Blastoise|19/100
|-damage|p1b: Sinistcha|0 fnt
|faint|p1b: Sinistcha
|move|p1a: Blastoise|Water Spout|p2b: Gardevoir|[spread] p2a,p2b
|-damage|p2a: Garchomp|27/100
|-damage|p2b: Gardevoir|52/100
|
|upkeep
|
|t:|1784740319
|switch|p1b: Sneasler|Sneasler, L50, F|24/100
|turn|8
|
|t:|1784740326
|move|p2a: Garchomp|Dragon Claw|p1a: Blastoise
|-damage|p1a: Blastoise|0 fnt
|faint|p1a: Blastoise
|move|p1b: Sneasler|Dire Claw|p2b: Gardevoir
|-supereffective|p2b: Gardevoir|1
|-damage|p2b: Gardevoir|0 fnt
|faint|p2b: Gardevoir
|
|upkeep
|turn|9
|
|t:|1784740333
|move|p2a: Garchomp|Dragon Claw|p1b: Sneasler
|-damage|p1b: Sneasler|0 fnt
|faint|p1b: Sneasler
|
|win|hugoggg
||homerj71 is ready for game 2.
||hugoggg is ready for game 2.
|uhtml|next|Next: Game 2 of 3
|l|☆homerj71
|player|p1|
