|j|☆Mumblin'Penguin
|j|☆slankif
|html|Mumblin'Penguinslankif    
|uhtml|bestof|Game 1 of a best-of-3
|t:|1756320373
|gametype|doubles
|player|p1|Mumblin'Penguin|gambler|1230
|player|p2|slankif|101|1129
|gen|9
|tier|[Gen 9] VGC 2025 Reg H (Bo3)
|rated|
|rule|Species Clause: Limit one of each Pokémon
|rule|Item Clause: Limit 1 of each item
|clearpoke
|poke|p1|Ursaluna-Bloodmoon, L50, M|
|poke|p1|Gholdengo, L50|
|poke|p1|Dragonite, L50, F|
|poke|p1|Sneasler, L50, F|
|poke|p1|Incineroar, L50, F|
|poke|p1|Amoonguss, L50, M|
|poke|p2|Dragonite, L50, F|
|poke|p2|Gholdengo, L50|
|poke|p2|Rillaboom, L50, F|
|poke|p2|Incineroar, L50, M|
|poke|p2|Annihilape, L50, M|
|poke|p2|Electabuzz, L50, M|
|teampreview|4
|showteam|p1|Ursaluna-Bloodmoon||AssaultVest|MindsEye|BloodMoon,EarthPower,VacuumWave,HyperVoice|||M|||50|,,,,,Water]Gholdengo||LifeOrb|GoodasGold|Protect,MakeItRain,ShadowBall,NastyPlot||||||50|,,,,,Water]Dragonite||LoadedDice|Multiscale|ScaleShot,Tailwind,Haze,Protect|||F|||50|,,,,,Fairy]Sneasler||FocusSash|Unburden|Protect,DireClaw,CloseCombat,ThroatChop|||F|||50|,,,,,Stellar]Incineroar||SafetyGoggles|Intimidate|KnockOff,PartingShot,FlareBlitz,FakeOut|||F|||50|,,,,,Ghost]Amoonguss||SitrusBerry|Regenerator|RagePowder,Spore,PollenPuff,Protect|||M|||50|,,,,,Psychic
|showteam|p2|Dragonite||LoadedDice|Multiscale|ScaleShot,ExtremeSpeed,Haze,Protect|||F|||50|,,,,,Fairy]Gholdengo||SitrusBerry|GoodasGold|NastyPlot,MakeItRain,ShadowBall,Protect||||||50|,,,,,Water]Rillaboom||AssaultVest|GrassySurge|FakeOut,HighHorsepower,GrassyGlide,WoodHammer|||F|||50|,,,,,Fire]Incineroar||MirrorHerb|Intimidate|FakeOut,PartingShot,FlareBlitz,KnockOff|||M|||50|,,,,,Ghost]Annihilape||FocusSash|Defiant|RageFist,CloseCombat,Taunt,Coaching|||M|||50|,,,,,Stellar]Electabuzz||Eviolite|VitalSpirit|FollowMe,Electroweb,Thunderbolt,Protect|||M|||50|,,,,,Dragon
|
|t:|1756320417
|teamsize|p1|4
|teamsize|p2|4
|start
|switch|p1a: Dragonite|Dragonite, L50, F|100/100
|switch|p1b: Ursaluna|Ursaluna-Bloodmoon, L50, M|100/100
|switch|p2a: Annihilape|Annihilape, L50, M|100/100
|switch|p2b: Dragonite|Dragonite, L50, F|100/100
|turn|1
|
|t:|1756320456
|-terastallize|p1a: Dragonite|Fairy
|-terastallize|p2b: Dragonite|Fairy
|move|p1b: Ursaluna|Vacuum Wave|p2a: Annihilape
|-damage|p2a: Annihilape|86/100
|move|p2a: Annihilape|Close Combat|p1b: Ursaluna
|-supereffective|p1b: Ursaluna
|-damage|p1b: Ursaluna|21/100
|-unboost|p2a: Annihilape|def|1
|-unboost|p2a: Annihilape|spd|1
|move|p1a: Dragonite|Scale Shot|p2a: Annihilape|[miss]
|-miss|p1a: Dragonite|p2a: Annihilape
|move|p2b: Dragonite|Scale Shot|p1b: Ursaluna
|-damage|p1b: Ursaluna|11/100
|-damage|p1b: Ursaluna|0 fnt
|faint|p1b: Ursaluna
|-hitcount|p1: Ursaluna|2
|-unboost|p2b: Dragonite|def|1
|-boost|p2b: Dragonite|spe|1
|
|upkeep
|
|t:|1756320475
|switch|p1b: Sneasler|Sneasler, L50, F|100/100
|turn|2
|
|t:|1756320500
|move|p2b: Dragonite|Scale Shot|p1b: Sneasler
|-damage|p1b: Sneasler|73/100
|-damage|p1b: Sneasler|48/100
|-damage|p1b: Sneasler|21/100
|-damage|p1b: Sneasler|0 fnt
|faint|p1b: Sneasler
|-hitcount|p1: Sneasler|4
|-unboost|p2b: Dragonite|def|1
|-boost|p2b: Dragonite|spe|1
|move|p2a: Annihilape|Rage Fist|p1a: Dragonite
|-damage|p1a: Dragonite|72/100
|move|p1a: Dragonite|Tailwind|p1a: Dragonite
|-sidestart|p1: Mumblin'Penguin|move: Tailwind
|
|upkeep
|
|t:|1756320514
|switch|p1b: Gholdengo|Gholdengo, L50|100/100
|turn|3
|
|t:|1756320537
|move|p2b: Dragonite|Extreme Speed|p1a: Dragonite
|-damage|p1a: Dragonite|36/100
|move|p1b: Gholdengo|Nasty Plot|p1b: Gholdengo
|-boost|p1b: Gholdengo|spa|2
|move|p1a: Dragonite|Scale Shot|p2a: Annihilape
|-damage|p2a: Annihilape|60/100
|-damage|p2a: Annihilape|35/100
|-damage|p2a: Annihilape|7/100
|-damage|p2a: Annihilape|0 fnt
|faint|p2a: Annihilape
|-hitcount|p2: Annihilape|4
|-unboost|p1a: Dragonite|def|1
|-boost|p1a: Dragonite|spe|1
|
|upkeep
|
|t:|1756320554
|switch|p2a: Gholdengo|Gholdengo, L50|100/100
|turn|4
|
|t:|1756320590
|move|p2b: Dragonite|Extreme Speed|p1a: Dragonite
|-damage|p1a: Dragonite|0 fnt
|faint|p1a: Dragonite
|move|p1b: Gholdengo|Make It Rain|p2a: Gholdengo|[spread] p2a,p2b
|-resisted|p2a: Gholdengo
|-supereffective|p2b: Dragonite
|-damage|p2a: Gholdengo|40/100
|-damage|p2b: Dragonite|0 fnt
|-unboost|p1b: Gholdengo|spa|1
|-enditem|p2a: Gholdengo|Sitrus Berry|[eat]
|-heal|p2a: Gholdengo|65/100|[from] item: Sitrus Berry
|faint|p2b: Dragonite
|-damage|p1b: Gholdengo|91/100|[from] item: Life Orb
|move|p2a: Gholdengo|Shadow Ball|p1b: Gholdengo
|-supereffective|p1b: Gholdengo
|-damage|p1b: Gholdengo|16/100
|
|upkeep
|
|t:|1756320607
|switch|p2b: Rillaboom|Rillaboom, L50, F|100/100
|-fieldstart|move: Grassy Terrain|[from] ability: Grassy Surge|[of] p2b: Rillaboom
|turn|5
|
|t:|1756320619
|move|p1b: Gholdengo|Protect|p1b: Gholdengo
|-singleturn|p1b: Gholdengo|Protect
|move|p2a: Gholdengo|Shadow Ball|p1b: Gholdengo
|-activate|p1b: Gholdengo|move: Protect
|move|p2b: Rillaboom|Wood Hammer|p1b: Gholdengo
|-activate|p1b: Gholdengo|move: Protect
|
|-heal|p1b: Gholdengo|22/100|[from] Grassy Terrain
|-heal|p2a: Gholdengo|71/100|[from] Grassy Terrain
|-sideend|p1: Mumblin'Penguin|move: Tailwind
|upkeep
|turn|6
|
|t:|1756320636
|move|p1b: Gholdengo|Shadow Ball|p2a: Gholdengo
|-supereffective|p2a: Gholdengo
|-damage|p2a: Gholdengo|0 fnt
|faint|p2a: Gholdengo
|-damage|p1b: Gholdengo|13/100|[from] item: Life Orb
|move|p2b: Rillaboom|Wood Hammer|p1b: Gholdengo
|-resisted|p1b: Gholdengo
|-damage|p1b: Gholdengo|0 fnt
|faint|p1b: Gholdengo
|-damage|p2b: Rillaboom|97/100|[from] Recoil
|
|win|slankif
||Mumblin'Penguin is ready for game 2.
|inactive|slankif has 30 seconds to confirm battle start!
||slankif is ready for game 2.
|uhtml|next|Next: Game 2 of 3
