|j|☆Clintoap
|j|☆DevourerOfShoes
|html|ClintoapDevourerOfShoes    
|uhtml|bestof|Game 1 of a best-of-3
|t:|1757809574
|gametype|doubles
|player|p1|Clintoap|170|1055
|player|p2|DevourerOfShoes|265|1046
|gen|9
|tier|[Gen 9] VGC 2025 Reg H (Bo3)
|rated|
|rule|Species Clause: Limit one of each Pokémon
|rule|Item Clause: Limit 1 of each item
|clearpoke
|poke|p1|Whimsicott, L50, F|
|poke|p1|Umbreon, L50, M|
|poke|p1|Annihilape, L50, F|
|poke|p1|Rotom-Heat, L50|
|poke|p1|Gholdengo, L50|
|poke|p1|Gastrodon, L50, M|
|poke|p2|Delphox, L50, M|
|poke|p2|Indeedee-F, L50, F|
|poke|p2|Sneasler, L50, F|
|poke|p2|Murkrow, L50, F|
|poke|p2|Ursaluna-Bloodmoon, L50, M|
|poke|p2|Dragapult, L50, F|
|teampreview|4
|showteam|p1|Whimsicott||FocusSash|Prankster|Moonblast,Tailwind,Protect,Encore|||F|||50|,,,,,Ghost]Umbreon||Leftovers|InnerFocus|FoulPlay,Snarl,Taunt,ThunderWave|||M|||50|,,,,,Ghost]Annihilape||SafetyGoggles|Defiant|Protect,BulkUp,DrainPunch,RageFist|||F|||50|,,,,,Fire]Rotom-Heat||SitrusBerry|Levitate|WillOWisp,Overheat,Thunderbolt,Protect||||||50|,,,,,Electric]Gholdengo||LifeOrb|GoodasGold|MakeItRain,ShadowBall,Protect,NastyPlot||||||50|,,,,,Water]Gastrodon||CovertCloak|StormDrain|Protect,EarthPower,Recover,MuddyWater|||M|||50|,,,,,Steel
|showteam|p2|Delphox||LifeOrb|Blaze|ExpandingForce,HeatWave,NastyPlot,Protect|||M|||50|,,,,,Fairy]Indeedee-F||RockyHelmet|PsychicSurge|FollowMe,HelpingHand,TrickRoom,Protect|||F|||50|,,,,,Dark]Sneasler||PsychicSeed|Unburden|CloseCombat,DireClaw,ThroatChop,Protect|||F|||50|,,,,,Dark]Murkrow||Eviolite|Prankster|Tailwind,Haze,SunnyDay,BraveBird|||F|||50|,,,,,Ghost]Ursaluna-Bloodmoon||AssaultVest|MindsEye|EarthPower,BloodMoon,HyperVoice,VacuumWave|||M|||50|,,,,,Ghost]Dragapult||ChoiceBand|ClearBody|Uturn,DragonDarts,PhantomForce,TeraBlast|||F|||50|,,,,,Fairy
|inactive|Battle timer is ON: inactive players will automatically lose when time's up. (requested by Clintoap)
|
|t:|1757809612
|teamsize|p1|4
|teamsize|p2|4
|start
|switch|p1a: Whimsicott|Whimsicott, L50, F|100/100
|switch|p1b: Rotom|Rotom-Heat, L50|100/100
|switch|p2a: Indeedee|Indeedee-F, L50, F|100/100
|switch|p2b: Delphox|Delphox, L50, M|100/100
|-fieldstart|move: Psychic Terrain|[from] ability: Psychic Surge|[of] p2a: Indeedee
|turn|1
|
|t:|1757809634
|switch|p1b: Umbreon|Umbreon, L50, M|100/100
|move|p1a: Whimsicott|Protect|p1a: Whimsicott
|-singleturn|p1a: Whimsicott|Protect
|move|p2a: Indeedee|Helping Hand|p2b: Delphox
|-singleturn|p2b: Delphox|Helping Hand|[of] p2a: Indeedee
|move|p2b: Delphox|Expanding Force|p1b: Umbreon|[spread] 
|-activate|p1a: Whimsicott|move: Protect
|-immune|p1b: Umbreon
|
|upkeep
|turn|2
|inactive|DevourerOfShoes has 30 seconds left.
|
|t:|1757809659
|-terastallize|p2a: Indeedee|Dark
|move|p2a: Indeedee|Follow Me|p2a: Indeedee
|-singleturn|p2a: Indeedee|move: Follow Me
|move|p1a: Whimsicott|Tailwind|p1a: Whimsicott
|-sidestart|p1: Clintoap|move: Tailwind
|move|p1b: Umbreon|Snarl|p2a: Indeedee|[spread] p2a,p2b
|-resisted|p2a: Indeedee
|-supereffective|p2b: Delphox
|-damage|p2a: Indeedee|95/100
|-damage|p2b: Delphox|79/100
|-unboost|p2a: Indeedee|spa|1
|-unboost|p2b: Delphox|spa|1
|move|p2b: Delphox|Nasty Plot|p2b: Delphox
|-boost|p2b: Delphox|spa|2
|
|upkeep
|turn|3
|inactive|Clintoap has 30 seconds left.
|inactive|DevourerOfShoes has 30 seconds left.
|
|t:|1757809688
|move|p2a: Indeedee|Helping Hand|p2b: Delphox
|-singleturn|p2b: Delphox|Helping Hand|[of] p2a: Indeedee
|move|p1a: Whimsicott|Moonblast|p2a: Indeedee
|-supereffective|p2a: Indeedee
|-damage|p2a: Indeedee|20/100
|-unboost|p2a: Indeedee|spa|1
|move|p2b: Delphox|Heat Wave|p1b: Umbreon|[spread] p1a,p1b
|-supereffective|p1a: Whimsicott
|-enditem|p1a: Whimsicott|Focus Sash
|-damage|p1a: Whimsicott|1/100
|-damage|p1b: Umbreon|42/100
|-damage|p2b: Delphox|70/100|[from] item: Life Orb
|move|p1b: Umbreon|Snarl|p2b: Delphox|[spread] p2a,p2b
|-resisted|p2a: Indeedee
|-supereffective|p2b: Delphox
|-damage|p2a: Indeedee|15/100
|-damage|p2b: Delphox|49/100
|-unboost|p2a: Indeedee|spa|1
|-unboost|p2b: Delphox|spa|1
|
|-heal|p1b: Umbreon|48/100|[from] item: Leftovers
|upkeep
|turn|4
|inactive|Clintoap has 30 seconds left.
|inactive|Clintoap has 20 seconds left.
|
|t:|1757809724
|switch|p1b: Rotom|Rotom-Heat, L50|100/100
|move|p1a: Whimsicott|Protect|p1a: Whimsicott
|-singleturn|p1a: Whimsicott|Protect
|move|p2b: Delphox|Protect|p2b: Delphox
|-singleturn|p2b: Delphox|Protect
|move|p2a: Indeedee|Protect||[still]
|-fail|p2a: Indeedee
|
|upkeep
|turn|5
|inactive|Clintoap has 30 seconds left.
|inactive|DevourerOfShoes has 30 seconds left.
|inactive|Clintoap has 20 seconds left.
|
|t:|1757809760
|switch|p1a: Umbreon|Umbreon, L50, M|48/100
|move|p2a: Indeedee|Helping Hand|p2b: Delphox
|-singleturn|p2b: Delphox|Helping Hand|[of] p2a: Indeedee
|move|p1b: Rotom|Thunderbolt|p2b: Delphox
|-damage|p2b: Delphox|0 fnt
|faint|p2b: Delphox
|
|-heal|p1a: Umbreon|54/100|[from] item: Leftovers
|-sideend|p1: Clintoap|move: Tailwind
|-fieldend|move: Psychic Terrain
|upkeep
|
|t:|1757809773
|switch|p2b: Sneasler|Sneasler, L50, F|100/100
|turn|6
|inactive|Clintoap has 30 seconds left.
|inactive|DevourerOfShoes has 30 seconds left.
|inactive|Clintoap has 20 seconds left.
|
|t:|1757809811
|-terastallize|p1a: Umbreon|Ghost
|move|p2a: Indeedee|Follow Me|p2a: Indeedee
|-singleturn|p2a: Indeedee|move: Follow Me
|move|p2b: Sneasler|Dire Claw|p1b: Rotom
|-damage|p1b: Rotom|56/100
|-status|p1b: Rotom|slp
|cant|p1b: Rotom|slp
|move|p1a: Umbreon|Foul Play|p2a: Indeedee
|-resisted|p2a: Indeedee
|-damage|p2a: Indeedee|7/100
|-damage|p1a: Umbreon|38/100|[from] item: Rocky Helmet|[of] p2a: Indeedee
|
|-heal|p1a: Umbreon|44/100|[from] item: Leftovers
|upkeep
|turn|7
|
|t:|1757809834
|move|p2a: Indeedee|Protect|p2a: Indeedee
|-singleturn|p2a: Indeedee|Protect
|move|p2b: Sneasler|Throat Chop|p1a: Umbreon
|-supereffective|p1a: Umbreon
|-damage|p1a: Umbreon|2/100
|-start|p1a: Umbreon|Throat Chop|[silent]
|cant|p1b: Rotom|slp
|move|p1a: Umbreon|Taunt|p2a: Indeedee
|-activate|p2a: Indeedee|move: Protect
|
|-heal|p1a: Umbreon|8/100|[from] item: Leftovers
|upkeep
|turn|8
|inactive|Clintoap has 30 seconds left.
|
|t:|1757809868
|-curestatus|p1b: Rotom|slp|[msg]
|move|p1b: Rotom|Protect|p1b: Rotom
|-singleturn|p1b: Rotom|Protect
|move|p2a: Indeedee|Follow Me|p2a: Indeedee
|-singleturn|p2a: Indeedee|move: Follow Me
|move|p2b: Sneasler|Throat Chop|p1a: Umbreon
|-supereffective|p1a: Umbreon
|-damage|p1a: Umbreon|0 fnt
|faint|p1a: Umbreon
|
|upkeep
|
|t:|1757809877
|switch|p1a: Whimsicott|Whimsicott, L50, F|1/100
|turn|9
|
|t:|1757809899
|move|p2a: Indeedee|Follow Me|p2a: Indeedee
|-singleturn|p2a: Indeedee|move: Follow Me
|move|p1a: Whimsicott|Tailwind|p1a: Whimsicott
|-sidestart|p1: Clintoap|move: Tailwind
|move|p1b: Rotom|Thunderbolt|p2a: Indeedee
|-damage|p2a: Indeedee|0 fnt
|faint|p2a: Indeedee
|move|p2b: Sneasler|Dire Claw|p1a: Whimsicott
|-supereffective|p1a: Whimsicott
|-crit|p1a: Whimsicott
|-damage|p1a: Whimsicott|0 fnt
|faint|p1a: Whimsicott
|
|upkeep
|
|t:|1757809908
|switch|p1a: Gholdengo|Gholdengo, L50|100/100
|switch|p2a: Dragapult|Dragapult, L50, F|100/100
|turn|10
|
|t:|1757809924
|move|p2b: Sneasler|Protect|p2b: Sneasler
|-singleturn|p2b: Sneasler|Protect
|move|p1a: Gholdengo|Shadow Ball|p2a: Dragapult
|-supereffective|p2a: Dragapult
|-damage|p2a: Dragapult|0 fnt
|faint|p2a: Dragapult
|-damage|p1a: Gholdengo|91/100|[from] item: Life Orb
|move|p1b: Rotom|Will-O-Wisp|p2b: Sneasler
|-activate|p2b: Sneasler|move: Protect
|
|upkeep
|turn|11
|
|t:|1757809935
|move|p1a: Gholdengo|Make It Rain|p2b: Sneasler
|-damage|p2b: Sneasler|0 fnt
|-unboost|p1a: Gholdengo|spa|1
|faint|p2b: Sneasler
|-damage|p1a: Gholdengo|82/100|[from] item: Life Orb
|
|win|Clintoap
||DevourerOfShoes is ready for game 2.
|l|☆Clintoap
|player|p1|
||Clintoap is ready for game 2.
|uhtml|next|Next: Game 2 of 3
|l|☆DevourerOfShoes
|player|p2|
