|j|вҳҶMuseigenTest
|j|вҳҶLetmein191
|html|MuseigenTestLetmein191    
|uhtml|bestof|Game 3 of a best-of-3
|t:|1756435597
|gametype|doubles
|player|p1|MuseigenTest|blaine|1141
|player|p2|Letmein191|266|1086
|gen|9
|tier|[Gen 9] VGC 2025 Reg H (Bo3)
|rated|
|rule|Species Clause: Limit one of each PokГ©mon
|rule|Item Clause: Limit 1 of each item
|clearpoke
|poke|p1|Sneasler, L50, F|
|poke|p1|Indeedee, L50, M|
|poke|p1|Volcarona, L50, M|
|poke|p1|Ursaluna-Bloodmoon, L50, M|
|poke|p1|Annihilape, L50, F|
|poke|p1|Tyranitar, L50, M|
|poke|p2|Indeedee-F, L50, F|
|poke|p2|Hatterene, L50, F|
|poke|p2|Gallade, L50, M|
|poke|p2|Ursaluna, L50, M|
|poke|p2|Lilligant-Hisui, L50, F|
|poke|p2|Torkoal, L50, M|
|teampreview|4
|showteam|p1|Sneasler||PsychicSeed|Unburden|CloseCombat,DireClaw,ThroatChop,Protect|||F|||50|,,,,,Dark]Indeedee||ChoiceScarf|PsychicSurge|ExpandingForce,TeraBlast,Trick,Protect|||M|||50|,,,,,Psychic]Volcarona||SitrusBerry|FlameBody|Overheat,StruggleBug,RagePowder,Tailwind|||M|||50|,,,,,Grass]Ursaluna-Bloodmoon||LifeOrb|MindsEye|BloodMoon,HyperVoice,EarthPower,Protect|||M|||50|,,,,,Normal]Annihilape||SafetyGoggles|Defiant|CloseCombat,RageFist,Taunt,FinalGambit|||F|||50|,,,,,Fairy]Tyranitar||AssaultVest|SandStream|RockSlide,KnockOff,TeraBlast,LowKick|||M|||50|,,,,,Flying
|showteam|p2|Indeedee-F||PsychicSeed|PsychicSurge|TrickRoom,FollowMe,HelpingHand,DazzlingGleam|||F|||50|,,,,,Fire]Hatterene||LifeOrb|MagicBounce|ExpandingForce,TrickRoom,DazzlingGleam,Protect|||F|||50|,,,,,Psychic]Gallade||ClearAmulet|Sharpness|PsychoCut,TrickRoom,SacredSword,WideGuard|||M|||50|,,,,,Grass]Ursaluna||FlameOrb|Guts|HeadlongRush,Facade,SwordsDance,Protect|||M|||50|,,,,,Ghost]Lilligant-Hisui||FocusSash|Chlorophyll|SolarBlade,SleepPowder,CloseCombat,AfterYou|||F|||50|,,,,,Ghost]Torkoal||ChoiceSpecs|Drought|Eruption,HeatWave,WeatherBall,EarthPower|||M|||50|,,,,,Fire
|inactive|Battle timer is ON: inactive players will automatically lose when time's up. (requested by MuseigenTest)
|
|t:|1756435623
|teamsize|p1|4
|teamsize|p2|4
|start
|switch|p1a: Ursaluna|Ursaluna-Bloodmoon, L50, M|100/100
|switch|p1b: Annihilape|Annihilape, L50, F|100/100
|switch|p2a: зҙ«з«ҪеҘҪеҸҜж„ӣ|Lilligant-Hisui, L50, F, shiny|100/100
|switch|p2b: еӨӘжЁӮе·ҙжҲҲж–Ҝ|Torkoal, L50, M, shiny|100/100
|-weather|SunnyDay|[from] ability: Drought|[of] p2b: еӨӘжЁӮе·ҙжҲҲж–Ҝ
|turn|1
|inactive|MuseigenTest has 30 seconds left.
|inactive|MuseigenTest has 20 seconds left.
|inactive|MuseigenTest has 15 seconds left.
|inactive|MuseigenTest has 10 seconds left.
|inactive|MuseigenTest has 5 seconds left.
|
|t:|1756435676
|-terastallize|p1a: Ursaluna|Normal
|-terastallize|p2b: еӨӘжЁӮе·ҙжҲҲж–Ҝ|Fire
|move|p2a: зҙ«з«ҪеҘҪеҸҜж„ӣ|After You|p2b: еӨӘжЁӮе·ҙжҲҲж–Ҝ
|-activate|p2b: еӨӘжЁӮе·ҙжҲҲж–Ҝ|move: After You
|move|p2b: еӨӘжЁӮе·ҙжҲҲж–Ҝ|Eruption|p1a: Ursaluna|[spread] p1a,p1b
|-damage|p1a: Ursaluna|0 fnt
|-damage|p1b: Annihilape|0 fnt
|faint|p1a: Ursaluna
|faint|p1b: Annihilape
|
|-weather|SunnyDay|[upkeep]
|upkeep
|
|t:|1756435684
|switch|p1b: Sneasler|Sneasler, L50, F|100/100
|switch|p1a: Tyranitar|Tyranitar, L50, M|100/100
|-weather|Sandstorm|[from] ability: Sand Stream|[of] p1a: Tyranitar
|turn|2
|inactive|MuseigenTest has 30 seconds left.
|inactive|Letmein191 has 30 seconds left.
|
|t:|1756435718
|switch|p2b: зҙ«з«Ҫи¶…еҸҜж„ӣ|Indeedee-F, L50, F, shiny|100/100
|-fieldstart|move: Psychic Terrain|[from] ability: Psychic Surge|[of] p2b: зҙ«з«Ҫи¶…еҸҜж„ӣ
|-enditem|p1b: Sneasler|Psychic Seed
|-boost|p1b: Sneasler|spd|1|[from] item: Psychic Seed
|-enditem|p2b: зҙ«з«Ҫи¶…еҸҜж„ӣ|Psychic Seed
|-boost|p2b: зҙ«з«Ҫи¶…еҸҜж„ӣ|spd|1|[from] item: Psychic Seed
|move|p1b: Sneasler|Protect|p1b: Sneasler
|-singleturn|p1b: Sneasler|Protect
|move|p2a: зҙ«з«ҪеҘҪеҸҜж„ӣ|Sleep Powder|p1a: Tyranitar
|-status|p1a: Tyranitar|slp|[from] move: Sleep Powder
|cant|p1a: Tyranitar|slp
|
|-weather|Sandstorm|[upkeep]
|-damage|p1b: Sneasler|95/100|[from] Sandstorm
|-damage|p2a: зҙ«з«ҪеҘҪеҸҜж„ӣ|94/100|[from] Sandstorm
|-damage|p2b: зҙ«з«Ҫи¶…еҸҜж„ӣ|94/100|[from] Sandstorm
|upkeep
|turn|3
|inactive|MuseigenTest has 30 seconds left.
|
|t:|1756435752
|move|p1b: Sneasler|Dire Claw|p2a: зҙ«з«ҪеҘҪеҸҜж„ӣ
|-supereffective|p2a: зҙ«з«ҪеҘҪеҸҜж„ӣ
|-crit|p2a: зҙ«з«ҪеҘҪеҸҜж„ӣ
|-damage|p2a: зҙ«з«ҪеҘҪеҸҜж„ӣ|0 fnt
|faint|p2a: зҙ«з«ҪеҘҪеҸҜж„ӣ
|cant|p1a: Tyranitar|slp
|move|p2b: зҙ«з«Ҫи¶…еҸҜж„ӣ|Trick Room|p2b: зҙ«з«Ҫи¶…еҸҜж„ӣ
|-fieldstart|move: Trick Room|[of] p2b: зҙ«з«Ҫи¶…еҸҜж„ӣ
|
|-weather|Sandstorm|[upkeep]
|-damage|p2b: зҙ«з«Ҫи¶…еҸҜж„ӣ|88/100|[from] Sandstorm
|-damage|p1b: Sneasler|89/100|[from] Sandstorm
|upkeep
|
|t:|1756435761
|switch|p2a: еӨӘжЁӮе·ҙжҲҲж–Ҝ|Torkoal, L50, M, shiny, tera:Fire|100/100
|-weather|SunnyDay|[from] ability: Drought|[of] p2a: еӨӘжЁӮе·ҙжҲҲж–Ҝ
|turn|4
|
|t:|1756435769
|move|p2b: зҙ«з«Ҫи¶…еҸҜж„ӣ|Helping Hand|p2a: еӨӘжЁӮе·ҙжҲҲж–Ҝ
|-singleturn|p2a: еӨӘжЁӮе·ҙжҲҲж–Ҝ|Helping Hand|[of] p2b: зҙ«з«Ҫи¶…еҸҜж„ӣ
|move|p1b: Sneasler|Protect|p1b: Sneasler
|-singleturn|p1b: Sneasler|Protect
|move|p2a: еӨӘжЁӮе·ҙжҲҲж–Ҝ|Eruption|p1b: Sneasler|[spread] p1a
|-activate|p1b: Sneasler|move: Protect
|-resisted|p1a: Tyranitar
|-crit|p1a: Tyranitar
|-damage|p1a: Tyranitar|7/100 slp
|cant|p1a: Tyranitar|slp
|
|-weather|SunnyDay|[upkeep]
|upkeep
|turn|5
|c|вҳҶMuseigenTest|:(
|inactive|MuseigenTest has 30 seconds left.
|c|вҳҶMuseigenTest|gg
|inactive|MuseigenTest has 20 seconds left.
|inactive|MuseigenTest has 15 seconds left.
|
|t:|1756435810
|move|p2b: зҙ«з«Ҫи¶…еҸҜж„ӣ|Helping Hand|p2a: еӨӘжЁӮе·ҙжҲҲж–Ҝ
|-singleturn|p2a: еӨӘжЁӮе·ҙжҲҲж–Ҝ|Helping Hand|[of] p2b: зҙ«з«Ҫи¶…еҸҜж„ӣ
|move|p2a: еӨӘжЁӮе·ҙжҲҲж–Ҝ|Eruption|p1b: Sneasler|[spread] p1a,p1b
|-resisted|p1a: Tyranitar
|-damage|p1a: Tyranitar|0 fnt
|-damage|p1b: Sneasler|0 fnt
|faint|p1a: Tyranitar
|faint|p1b: Sneasler
|
|win|Letmein191
|raw|MuseigenTest's rating: 1141 → 1112(-29 for losing)
|raw|Letmein191's rating: 1086 → 1117(+31 for winning)
|l|вҳҶLetmein191
|player|p2|
