|j|â˜†Casual1465
|j|â˜†soggytenders
|html|Casual1465soggytenders    
|uhtml|bestof|Game 1 of a best-of-3
|t:|1782355950
|gametype|doubles
|player|p1|Casual1465|lucas|
|player|p2|soggytenders|burglar|
|gen|9
|tier|[Gen 9 Champions] VGC 2026 Reg M-B (Bo3)
|rule|Species Clause: Limit one of each PokÃ©mon
|rule|Item Clause: Limit 1 of each item
|clearpoke
|poke|p1|Pyroar, L50, F, shiny|
|poke|p1|Ninetales, L50, M|
|poke|p1|Farigiraf, L50, F|
|poke|p1|Basculegion, L50, M|
|poke|p1|Whimsicott, L50, M|
|poke|p1|Samurott-Hisui, L50, M|
|poke|p2|Emolga, L50, M|
|poke|p2|Garchomp, L50, M, shiny|
|poke|p2|Charizard, L50, F, shiny|
|poke|p2|Aerodactyl, L50, M|
|poke|p2|Milotic, L50, M, shiny|
|poke|p2|Kingambit, L50, M|
|teampreview|4
|showteam|p1|Pyroar||Pyroarite|Rivalry|HeatWave,Overheat,SolarBeam,Protect|Timid||F|||50|]Ninetales||ChoiceScarf|Drought|HeatWave,Overheat,SolarBeam,FakeTears|Timid||M|||50|]Farigiraf||SitrusBerry|ArmorTail|Thunderbolt,TwinBeam,TrickRoom,HelpingHand|Bold||F|||50|]Basculegion||LifeOrb|Adaptability|WaveCrash,LastRespects,AquaJet,Protect|Adamant||M|||50|]Whimsicott||FocusSash|Prankster|Moonblast,Tailwind,SunnyDay,Protect|Timid||M|||50|]Samurott-Hisui||ChopleBerry|Sharpness|CeaselessEdge,RazorShell,SacredSword,Protect|Jolly||M|||50|
|showteam|p2|Emolga||FocusSash|Static|EerieImpulse,Encore,Nuzzle,HelpingHand|Jolly||M|||50|]Garchomp||LifeOrb|RoughSkin|Earthquake,DragonClaw,Protect,RockSlide|Adamant||M|||50|]Charizard||CharizarditeY|Blaze|HeatWave,SolarBeam,Protect,WeatherBall|Modest||F|||50|]Aerodactyl||Aerodactylite|Unnerve|RockSlide,DualWingbeat,Protect,Tailwind|Jolly||M|||50|]Milotic||Leftovers|Competitive|Scald,IceBeam,Protect,IcyWind|Calm||M|||50|]Kingambit||ChopleBerry|Defiant|SuckerPunch,LowKick,Protect,KowtowCleave|Adamant||M|||50|
|c|â˜†Casual1465|alrighty
|
|t:|1782356015
|teamsize|p1|4
|teamsize|p2|4
|start
|switch|p1a: Whimsicott|Whimsicott, L50, M|100/100
|switch|p1b: Farigiraf|Farigiraf, L50, F|100/100
|switch|p2a: Aerodactyl|Aerodactyl, L50, M|100/100
|switch|p2b: Garchomp|Garchomp, L50, M, shiny|100/100
|-ability|p2a: Aerodactyl|Unnerve
|turn|1
|c|â˜†Casual1465|prankster go brrr
|
|t:|1782356043
|switch|p2b: Milotic|Milotic, L50, M, shiny|100/100
|detailschange|p2a: Aerodactyl|Aerodactyl-Mega, L50, M
|-mega|p2a: Aerodactyl|Aerodactyl|Aerodactylite
|move|p1b: Farigiraf|Helping Hand|p1a: Whimsicott
|-singleturn|p1a: Whimsicott|Helping Hand|[of] p1b: Farigiraf
|move|p2a: Aerodactyl|Protect|p2a: Aerodactyl
|-singleturn|p2a: Aerodactyl|Protect
|move|p1a: Whimsicott|Moonblast|p2b: Milotic
|-damage|p2b: Milotic|62/100
|
|-heal|p2b: Milotic|68/100|[from] item: Leftovers
|upkeep
|turn|2
|c|â˜†Casual1465|oh neat
|
|t:|1782356069
|switch|p2a: Garchomp|Garchomp, L50, M, shiny|100/100
|move|p1a: Whimsicott|Protect|p1a: Whimsicott
|-singleturn|p1a: Whimsicott|Protect
|move|p2b: Milotic|Ice Beam|p1a: Whimsicott
|-activate|p1a: Whimsicott|move: Protect
|move|p1b: Farigiraf|Twin Beam|p2a: Garchomp
|-damage|p2a: Garchomp|84/100
|-damage|p2a: Garchomp|67/100
|-hitcount|p2a: Garchomp|2
|
|-heal|p2b: Milotic|74/100|[from] item: Leftovers
|upkeep
|turn|3
|
|t:|1782356093
|move|p1a: Whimsicott|Moonblast|p2a: Garchomp
|-supereffective|p2a: Garchomp|1
|-damage|p2a: Garchomp|0 fnt
|faint|p2a: Garchomp
|move|p2b: Milotic|Ice Beam|p1a: Whimsicott
|-supereffective|p1a: Whimsicott|1
|-damage|p1a: Whimsicott|34/100
|move|p1b: Farigiraf|Twin Beam|p2b: Milotic
|-damage|p2b: Milotic|62/100
|-damage|p2b: Milotic|52/100
|-hitcount|p2b: Milotic|2
|
|-heal|p2b: Milotic|58/100|[from] item: Leftovers
|upkeep
|
|t:|1782356104
|switch|p2a: Aerodactyl|Aerodactyl-Mega, L50, M|100/100
|turn|4
|c|â˜†Casual1465|whimsicott soloing
|
|t:|1782356112
|move|p1a: Whimsicott|Protect|p1a: Whimsicott
|-singleturn|p1a: Whimsicott|Protect
|move|p2a: Aerodactyl|Protect|p2a: Aerodactyl
|-singleturn|p2a: Aerodactyl|Protect
|move|p2b: Milotic|Ice Beam|p1a: Whimsicott
|-activate|p1a: Whimsicott|move: Protect
|move|p1b: Farigiraf|Twin Beam|p2a: Aerodactyl
|-activate|p2a: Aerodactyl|move: Protect
|
|-heal|p2b: Milotic|64/100|[from] item: Leftovers
|upkeep
|turn|5
|inactive|Battle timer is ON: inactive players will automatically lose when time's up. (requested by Casual1465)
|inactiveoff|Battle timer is now OFF.
|
|t:|1782356127
|move|p1a: Whimsicott|Tailwind|p1a: Whimsicott
|-sidestart|p1: Casual1465|move: Tailwind
|move|p2a: Aerodactyl|Rock Slide|p1a: Whimsicott|[spread] p1a,p1b
|-damage|p1a: Whimsicott|0 fnt
|-damage|p1b: Farigiraf|73/100
|faint|p1a: Whimsicott
|move|p1b: Farigiraf|Twin Beam|p2a: Aerodactyl
|-damage|p2a: Aerodactyl|81/100
|-damage|p2a: Aerodactyl|65/100
|-hitcount|p2a: Aerodactyl|2
|move|p2b: Milotic|Scald|p1b: Farigiraf
|-damage|p1b: Farigiraf|48/100
|-enditem|p1b: Farigiraf|Sitrus Berry|[eat]
|-heal|p1b: Farigiraf|73/100|[from] item: Sitrus Berry
|
|-heal|p2b: Milotic|70/100|[from] item: Leftovers
|upkeep
|
|t:|1782356137
|switch|p1a: Basculegion|Basculegion, L50, M|100/100
|turn|6
|
|t:|1782356151
|switch|p2a: Emolga|Emolga, L50, M|100/100
|move|p1a: Basculegion|Protect|p1a: Basculegion
|-singleturn|p1a: Basculegion|Protect
|move|p1b: Farigiraf|Thunderbolt|p2b: Milotic
|-supereffective|p2b: Milotic|1
|-damage|p2b: Milotic|38/100
|move|p2b: Milotic|Icy Wind|p1b: Farigiraf|[spread] p1b
|-activate|p1a: Basculegion|move: Protect
|-damage|p1b: Farigiraf|65/100
|-unboost|p1b: Farigiraf|spe|1
|
|-heal|p2b: Milotic|44/100|[from] item: Leftovers
|upkeep
|turn|7
|
|t:|1782356198
|move|p2b: Milotic|Protect|p2b: Milotic
|-singleturn|p2b: Milotic|Protect
|move|p1a: Basculegion|Last Respects|p2b: Milotic
|-activate|p2b: Milotic|move: Protect
|move|p2a: Emolga|Nuzzle|p1a: Basculegion
|-supereffective|p1a: Basculegion|1
|-damage|p1a: Basculegion|86/100
|-status|p1a: Basculegion|par
|move|p1b: Farigiraf|Trick Room|p1b: Farigiraf
|-fieldstart|move: Trick Room|[of] p1b: Farigiraf
|
|-heal|p2b: Milotic|50/100g|[from] item: Leftovers
|upkeep
|turn|8
|
|t:|1782356229
|move|p2a: Emolga|Helping Hand|p2b: Milotic
|-singleturn|p2b: Milotic|Helping Hand|[of] p2a: Emolga
|move|p1a: Basculegion|Last Respects|p2b: Milotic
|-damage|p2b: Milotic|0 fnt
|faint|p2b: Milotic
|-damage|p1a: Basculegion|76/100 par|[from] item: Life Orb
|move|p1b: Farigiraf|Twin Beam|p2a: Emolga
|-damage|p2a: Emolga|74/100
|-damage|p2a: Emolga|50/100y
|-hitcount|p2a: Emolga|2
|
|-sideend|p1: Casual1465|move: Tailwind
|upkeep
|
|t:|1782356234
|switch|p2b: Aerodactyl|Aerodactyl-Mega, L50, M|65/100
|turn|9
|c|â˜†Casual1465|yeah babyyyy
|c|â˜†soggytenders|I told you I suck
|
|t:|1782356252
|move|p2a: Emolga|Helping Hand|p2b: Aerodactyl
|-singleturn|p2b: Aerodactyl|Helping Hand|[of] p2a: Emolga
|move|p1a: Basculegion|Wave Crash|p2b: Aerodactyl
|-supereffective|p2b: Aerodactyl|1
|-damage|p2b: Aerodactyl|0 fnt
|faint|p2b: Aerodactyl
|-damage|p1a: Basculegion|59/100 par|[from] Recoil
|-damage|p1a: Basculegion|50/100g par|[from] item: Life Orb
|move|p1b: Farigiraf|Twin Beam|p2a: Emolga
|-damage|p2a: Emolga|23/100
|-damage|p2a: Emolga|0 fnt
|faint|p2a: Emolga
|-hitcount|p2: Emolga|2
|
|win|Casual1465
|c|â˜†Casual1465|tbf you need to work on position
||soggytenders is ready for game 2.
|inactive|Casual1465 has 30 seconds to confirm battle start!
|c|â˜†Casual1465|I set up the end game specifically so I'd have trick room up against aero
|c|â˜†soggytenders|wdym
|inactive|Casual1465 has 20 seconds to confirm battle start!
|c|â˜†Casual1465|I made sure that I could corner aerodactyl in trick room against basculegion
||Casual1465 is ready for game 2.
|uhtml|next|Next: Game 2 of 3
