|j|☆mikelpoyarzabal
|j|☆VGCPancakes
|html|mikelpoyarzabalVGCPancakes    
|uhtml|bestof|Game 3 of a best-of-3
|t:|1785776239
|gametype|doubles
|player|p1|mikelpoyarzabal|arven-s|1350
|player|p2|VGCPancakes|170|1311
|gen|9
|tier|[Gen 9 Champions] VGC 2026 Reg M-B (Bo3)
|rated|
|rule|Species Clause: Limit one of each Pokémon
|rule|Item Clause: Limit 1 of each item
|clearpoke
|poke|p1|Gengar, L50, F|
|poke|p1|Swampert, L50, F|
|poke|p1|Incineroar, L50, M|
|poke|p1|Politoed, L50, M|
|poke|p1|Vivillon, L50, F|
|poke|p1|Kommo-o, L50, F|
|poke|p2|Garchomp, L50, M|
|poke|p2|Tyranitar, L50, M|
|poke|p2|Floette-Eternal, L50, F|
|poke|p2|Sinistcha, L50|
|poke|p2|Incineroar, L50, F|
|poke|p2|Corviknight, L50, F|
|teampreview|4
|showteam|p1|Gengar||Gengarite|CursedBody|ShadowBall,SludgeBomb,Protect,PerishSong|Timid||F|||50|]Swampert||Swampertite|Torrent|WaveCrash,Earthquake,IcePunch,Protect|Adamant||F|||50|]Incineroar||PasshoBerry|Intimidate|ThroatChop,PartingShot,FakeOut,Protect|Sassy||M|||50|]Politoed||SitrusBerry|Drizzle|WeatherBall,PerishSong,Encore,Protect|Calm||M|||50|]Vivillon||FocusSash|CompoundEyes|Hurricane,SleepPowder,RagePowder,Protect|Timid||F|||50|]Kommo-o||Leftovers|Overcoat|ClangorousSoul,ClangingScales,AuraSphere,Protect|Modest||F|||50|
|showteam|p2|Garchomp||ChoiceScarf|RoughSkin|DragonClaw,RockSlide,RockTomb,StompingTantrum|Adamant||M|||50|]Tyranitar||Tyranitarite|SandStream|Protect,RockSlide,KnockOff,LowKick|Adamant||M|||50|]Floette-Eternal||Floettite|FlowerVeil|Protect,CalmMind,DrainingKiss,DazzlingGleam|Modest||F|||50|]Sinistcha||ColburBerry|Hospitality|MatchaGotcha,TrickRoom,RagePowder,LifeDew|Quiet|||||50|]Incineroar||SitrusBerry|Intimidate|FakeOut,FlareBlitz,Taunt,PartingShot|Adamant||F|||50|]Corviknight||Leftovers|MirrorArmor|Tailwind,IronHead,BulkUp,Protect|Careful||F|||50|
|inactive|Battle timer is ON: inactive players will automatically lose when time's up. (requested by mikelpoyarzabal)
|
|t:|1785776258
|teamsize|p1|4
|teamsize|p2|4
|start
|switch|p1a: Incineroar|Incineroar, L50, M|100/100
|switch|p1b: Kommo-o|Kommo-o, L50, F|100/100
|switch|p2a: Buenos|Garchomp, L50, M|100/100
|switch|p2b: Joey|Incineroar, L50, F|100/100
|-ability|p2b: Joey|Intimidate|boost
|-unboost|p1a: Incineroar|atk|1
|-unboost|p1b: Kommo-o|atk|1
|-ability|p1a: Incineroar|Intimidate|boost
|-unboost|p2a: Buenos|atk|1
|-unboost|p2b: Joey|atk|1
|turn|1
|
|t:|1785776269
|move|p1b: Kommo-o|Protect|p1b: Kommo-o
|-singleturn|p1b: Kommo-o|Protect
|move|p2b: Joey|Fake Out|p1a: Incineroar
|-damage|p1a: Incineroar|92/100
|move|p2a: Buenos|Dragon Claw|p1b: Kommo-o
|-activate|p1b: Kommo-o|move: Protect
|cant|p1a: Incineroar|flinch
|
|upkeep
|turn|2
|
|t:|1785776279
|switch|p1b: Swampert|Swampert, L50, F|100/100
|move|p2a: Buenos|Dragon Claw|p1b: Swampert
|-damage|p1b: Swampert|69/100
|move|p2b: Joey|Taunt|p1a: Incineroar
|-start|p1a: Incineroar|move: Taunt
|cant|p1a: Incineroar|move: Taunt|Parting Shot
|
|upkeep
|turn|3
|
|t:|1785776303
|switch|p2b: Pot of Greed|Sinistcha, L50|100/100
|switch|p1a: Politoed|Politoed, L50, M|100/100
|-weather|RainDance|[from] ability: Drizzle|[of] p1a: Politoed
|detailschange|p1b: Swampert|Swampert-Mega, L50, F
|-mega|p1b: Swampert|Swampert|Swampertite
|move|p1b: Swampert|Ice Punch|p2a: Buenos
|-supereffective|p2a: Buenos|2
|-damage|p2a: Buenos|0 fnt
|-damage|p1b: Swampert|57/100|[from] ability: Rough Skin|[of] p2a: Buenos
|faint|p2a: Buenos
|
|-weather|RainDance|[upkeep]
|upkeep
|
|t:|1785776307
|switch|p2a: Joey|Incineroar, L50, F|100/100
|-ability|p2a: Joey|Intimidate|boost
|-unboost|p1a: Politoed|atk|1
|-unboost|p1b: Swampert|atk|1
|turn|4
|
|t:|1785776326
|switch|p1b: Kommo-o|Kommo-o, L50, F|100/100
|switch|p2a: Dias|Tyranitar, L50, M|100/100
|-weather|Sandstorm|[from] ability: Sand Stream|[of] p2a: Dias
|move|p1a: Politoed|Encore||[still]
|-fail|p1a: Politoed
|move|p2b: Pot of Greed|Matcha Gotcha|p1b: Kommo-o|[spread] p1a,p1b
|-supereffective|p1a: Politoed|1
|-resisted|p1b: Kommo-o|1
|-damage|p1a: Politoed|54/100
|-damage|p1b: Kommo-o|84/100
|
|-weather|Sandstorm|[upkeep]
|-damage|p1a: Politoed|48/100|[from] Sandstorm
|-damage|p2b: Pot of Greed|93/100|[from] Sandstorm
|-enditem|p1a: Politoed|Sitrus Berry|[eat]
|-heal|p1a: Politoed|73/100|[from] item: Sitrus Berry
|-heal|p1b: Kommo-o|90/100|[from] item: Leftovers
|upkeep
|turn|5
|
|t:|1785776346
|switch|p1a: Incineroar|Incineroar, L50, M|92/100
|-ability|p1a: Incineroar|Intimidate|boost
|-unboost|p2a: Dias|atk|1
|-unboost|p2b: Pot of Greed|atk|1
|detailschange|p2a: Dias|Tyranitar-Mega, L50, M
|-mega|p2a: Dias|Tyranitar|Tyranitarite
|move|p1b: Kommo-o|Clangorous Soul|p1b: Kommo-o
|-boost|p1b: Kommo-o|atk|1
|-boost|p1b: Kommo-o|def|1
|-boost|p1b: Kommo-o|spa|1
|-boost|p1b: Kommo-o|spd|1
|-boost|p1b: Kommo-o|spe|1
|-damage|p1b: Kommo-o|57/100
|move|p2a: Dias|Low Kick|p1b: Kommo-o
|-crit|p1b: Kommo-o
|-damage|p1b: Kommo-o|10/100
|move|p2b: Pot of Greed|Matcha Gotcha|p1a: Incineroar|[spread] p1a,p1b
|-resisted|p1a: Incineroar|1
|-resisted|p1b: Kommo-o|1
|-damage|p1a: Incineroar|82/100
|-heal|p2b: Pot of Greed|100/100|[from] drain|[of] p1a: Incineroar
|-damage|p1b: Kommo-o|1/100
|
|-weather|Sandstorm|[upkeep]
|-damage|p2b: Pot of Greed|93/100|[from] Sandstorm
|-damage|p1a: Incineroar|76/100|[from] Sandstorm
|-heal|p1b: Kommo-o|7/100|[from] item: Leftovers
|upkeep
|turn|6
|inactive|mikelpoyarzabal has 30 seconds left.
|
|t:|1785776377
|switch|p2a: Joey|Incineroar, L50, F|100/100
|-ability|p2a: Joey|Intimidate|boost
|-unboost|p1a: Incineroar|atk|1
|-unboost|p1b: Kommo-o|atk|1
|move|p1b: Kommo-o|Clanging Scales|p2a: Joey|[spread] p2a,p2b
|-crit|p2b: Pot of Greed
|-damage|p2a: Joey|52/100
|-damage|p2b: Pot of Greed|6/100
|-unboost|p1b: Kommo-o|def|1
|move|p1a: Incineroar|Parting Shot|p2b: Pot of Greed
|-unboost|p2b: Pot of Greed|atk|1
|-unboost|p2b: Pot of Greed|spa|1
|
|t:|1785776401
|switch|p1a: Politoed|Politoed, L50, M|73/100|[from] Parting Shot
|-weather|RainDance|[from] ability: Drizzle|[of] p1a: Politoed
|move|p2b: Pot of Greed|Trick Room|p2b: Pot of Greed
|-fieldstart|move: Trick Room|[of] p2b: Pot of Greed
|
|-weather|RainDance|[upkeep]
|-heal|p1b: Kommo-o|13/100|[from] item: Leftovers
|upkeep
|turn|7
|
|t:|1785776417
|switch|p1a: Incineroar|Incineroar, L50, M|76/100
|-ability|p1a: Incineroar|Intimidate|boost
|-unboost|p2a: Joey|atk|1
|-unboost|p2b: Pot of Greed|atk|1
|move|p2a: Joey|Fake Out|p1a: Incineroar
|-damage|p1a: Incineroar|69/100
|move|p2b: Pot of Greed|Matcha Gotcha|p1a: Incineroar|[spread] p1a,p1b
|-resisted|p1a: Incineroar|1
|-resisted|p1b: Kommo-o|1
|-damage|p1a: Incineroar|62/100
|-heal|p2b: Pot of Greed|11/100|[from] drain|[of] p1a: Incineroar
|-damage|p1b: Kommo-o|7/100
|-heal|p2b: Pot of Greed|14/100|[from] drain|[of] p1b: Kommo-o
|move|p1b: Kommo-o|Clanging Scales|p2b: Pot of Greed|[spread] p2a,p2b
|-damage|p2a: Joey|2/100
|-damage|p2b: Pot of Greed|0 fnt
|-enditem|p2a: Joey|Sitrus Berry|[eat]
|-heal|p2a: Joey|27/100|[from] item: Sitrus Berry
|faint|p2b: Pot of Greed
|-unboost|p1b: Kommo-o|def|1
|
|-weather|RainDance|[upkeep]
|-heal|p1b: Kommo-o|14/100|[from] item: Leftovers
|upkeep
|
|t:|1785776420
|switch|p2b: Dias|Tyranitar-Mega, L50, M|100/100
|-weather|Sandstorm|[from] ability: Sand Stream|[of] p2b: Dias
|turn|8
|inactive|mikelpoyarzabal has 30 seconds left.
|inactive|VGCPancakes has 30 seconds left.
|
|t:|1785776448
|move|p1a: Incineroar|Parting Shot|p2b: Dias
|-unboost|p2b: Dias|atk|1
|-unboost|p2b: Dias|spa|1
|
|t:|1785776450
|switch|p1a: Politoed|Politoed, L50, M|73/100|[from] Parting Shot
|-weather|RainDance|[from] ability: Drizzle|[of] p1a: Politoed
|move|p2b: Dias|Rock Slide|p1a: Politoed|[spread] p1a,p1b
|-resisted|p1b: Kommo-o|1
|-damage|p1a: Politoed|51/100
|-damage|p1b: Kommo-o|0 fnt
|faint|p1b: Kommo-o
|move|p2a: Joey|Flare Blitz|p1a: Politoed
|-resisted|p1a: Politoed|1
|-damage|p1a: Politoed|44/100
|-damage|p2a: Joey|25/100|[from] Recoil
|
|-weather|RainDance|[upkeep]
|upkeep
|
|t:|1785776453
|switch|p1b: Incineroar|Incineroar, L50, M|62/100
|-ability|p1b: Incineroar|Intimidate|boost
|-unboost|p2a: Joey|atk|1
|-unboost|p2b: Dias|atk|1
|turn|9
|
|t:|1785776463
|move|p2b: Dias|Protect|p2b: Dias
|-singleturn|p2b: Dias|Protect
|move|p1b: Incineroar|Fake Out|p2a: Joey
|-damage|p2a: Joey|15/100
|move|p1a: Politoed|Weather Ball|p2b: Dias
|-activate|p2b: Dias|move: Protect
|cant|p2a: Joey|flinch
|
|-weather|RainDance|[upkeep]
|upkeep
|turn|10
|
|t:|1785776472
|move|p1b: Incineroar|Parting Shot|p2b: Dias
|-unboost|p2b: Dias|atk|1
|-unboost|p2b: Dias|spa|1
|
|t:|1785776474
|switch|p1b: Swampert|Swampert-Mega, L50, F|57/100|[from] Parting Shot
|move|p1a: Politoed|Weather Ball|p2a: Joey
|-supereffective|p2a: Joey|1
|-damage|p2a: Joey|0 fnt
|faint|p2a: Joey
|move|p2b: Dias|Rock Slide|p1a: Politoed|[spread] p1a,p1b
|-resisted|p1b: Swampert|1
|-damage|p1a: Politoed|31/100
|-damage|p1b: Swampert|51/100
|
|-weather|RainDance|[upkeep]
|-fieldend|move: Trick Room
|upkeep
|turn|11
|-message|VGCPancakes forfeited.
|raw|mikelpoyarzabal's rating: 1350 → 1368(+18 for winning)
|raw|VGCPancakes's rating: 1311 → 1293(-18 for losing)
|
|win|mikelpoyarzabal
