|j|☆bananatreeenjoyer
|j|☆iambuttersock
|html|bananatreeenjoyeriambuttersock    
|uhtml|bestof|Game 3 of a best-of-3
|t:|1756787772
|gametype|doubles
|player|p1|bananatreeenjoyer|silver|1045
|player|p2|iambuttersock|twins-gen4dp|1000
|gen|9
|tier|[Gen 9] VGC 2025 Reg H (Bo3)
|rated|
|rule|Species Clause: Limit one of each Pokémon
|rule|Item Clause: Limit 1 of each item
|clearpoke
|poke|p1|Gyarados, L50, M|
|poke|p1|Indeedee, L50, M|
|poke|p1|Sneasler, L50, M|
|poke|p1|Tyranitar, L50, M|
|poke|p1|Ursaluna-Bloodmoon, L50, M|
|poke|p1|Volcarona, L50, F|
|poke|p2|Dragapult, L50, M|
|poke|p2|Sneasler, L50, F|
|poke|p2|Volcarona, L50, F|
|poke|p2|Kingambit, L50, F|
|poke|p2|Electabuzz, L50, M|
|poke|p2|Rillaboom, L50, M|
|teampreview|4
|showteam|p1|Gyarados||SafetyGoggles|Intimidate|Taunt,ThunderWave,Waterfall,Protect|||M|||50|,,,,,Steel]Indeedee||ChoiceScarf|PsychicSurge|ExpandingForce,TeraBlast,Trick,Protect|||M|||50|,,,,,Psychic]Sneasler||PsychicSeed|Unburden|CloseCombat,DireClaw,ThroatChop,Protect|||M|||50|,,,,,Dark]Tyranitar||AssaultVest|SandStream|LowKick,TeraBlast,KnockOff,RockSlide|||M|||50|,,,,,Flying]Ursaluna-Bloodmoon||LifeOrb|MindsEye|HyperVoice,BloodMoon,EarthPower,Protect|||M|||50|,,,,,Normal]Volcarona||SitrusBerry|FlameBody|Overheat,StruggleBug,RagePowder,Tailwind|||F|||50|,,,,,Grass
|showteam|p2|Dragapult||ChoiceBand|ClearBody|DragonDarts,Outrage,PhantomForce,Uturn|||M|||50|,,,,,Dragon]Sneasler||FocusSash|PoisonTouch|CloseCombat,DireClaw,FakeOut,Coaching|||F|||50|,,,,,Stellar]Volcarona||Leftovers|FlameBody|HeatWave,TeraBlast,QuiverDance,Protect|||F|||50|,,,,,Fairy]Kingambit||BlackGlasses|Defiant|KowtowCleave,SuckerPunch,SwordsDance,Protect|||F|||50|,,,,,Dark]Electabuzz||Eviolite|VitalSpirit|Electroweb,Taunt,FollowMe,Protect|||M|||50|,,,,,Dragon]Rillaboom||AssaultVest|GrassySurge|WoodHammer,GrassyGlide,Uturn,FakeOut|||M|||50|,,,,,Grass
|inactive|Battle timer is ON: inactive players will automatically lose when time's up. (requested by iambuttersock)
|
|t:|1756787788
|teamsize|p1|4
|teamsize|p2|4
|start
|switch|p1a: Kalan|Volcarona, L50, F|100/100
|switch|p1b: Althair|Ursaluna-Bloodmoon, L50, M|100/100
|switch|p2a: Sneasler|Sneasler, L50, F, shiny|100/100
|switch|p2b: Volcarona|Volcarona, L50, F, shiny|100/100
|turn|1
|
|t:|1756787801
|move|p1b: Althair|Protect|p1b: Althair
|-singleturn|p1b: Althair|Protect
|move|p2a: Sneasler|Fake Out|p1a: Kalan
|-damage|p1a: Kalan|84/100
|cant|p1a: Kalan|flinch
|move|p2b: Volcarona|Quiver Dance|p2b: Volcarona
|-boost|p2b: Volcarona|spa|1
|-boost|p2b: Volcarona|spd|1
|-boost|p2b: Volcarona|spe|1
|
|upkeep
|turn|2
|
|t:|1756787821
|switch|p1b: Herod|Sneasler, L50, M|100/100
|move|p2b: Volcarona|Heat Wave|p1a: Kalan|[spread] p1a,p1b
|-damage|p1a: Kalan|20/100
|-damage|p1b: Herod|11/100
|-enditem|p1a: Kalan|Sitrus Berry|[eat]
|-heal|p1a: Kalan|45/100|[from] item: Sitrus Berry
|move|p2a: Sneasler|Dire Claw|p1a: Kalan
|-damage|p1a: Kalan|0 fnt
|faint|p1a: Kalan
|
|upkeep
|
|t:|1756787836
|switch|p1a: Haltane|Tyranitar, L50, M|100/100
|-weather|Sandstorm|[from] ability: Sand Stream|[of] p1a: Haltane
|turn|3
|
|t:|1756787860
|-terastallize|p1a: Haltane|Flying
|move|p2b: Volcarona|Protect|p2b: Volcarona
|-singleturn|p2b: Volcarona|Protect
|move|p1b: Herod|Protect|p1b: Herod
|-singleturn|p1b: Herod|Protect
|move|p2a: Sneasler|Dire Claw|p1b: Herod
|-activate|p1b: Herod|move: Protect
|move|p1a: Haltane|Tera Blast|p2a: Sneasler|[anim] Tera Blast Flying
|-supereffective|p2a: Sneasler
|-enditem|p2a: Sneasler|Focus Sash
|-damage|p2a: Sneasler|1/100
|
|-weather|Sandstorm|[upkeep]
|-damage|p2b: Volcarona|94/100|[from] Sandstorm
|-damage|p2a: Sneasler|0 fnt|[from] Sandstorm
|-damage|p1b: Herod|6/100|[from] Sandstorm
|-damage|p1a: Haltane|95/100|[from] Sandstorm
|faint|p2a: Sneasler
|-heal|p2b: Volcarona|100/100|[from] item: Leftovers
|upkeep
|
|t:|1756787872
|switch|p2a: Rillaboom|Rillaboom, L50, M, shiny|100/100
|-fieldstart|move: Grassy Terrain|[from] ability: Grassy Surge|[of] p2a: Rillaboom
|turn|4
|inactive|bananatreeenjoyer has 30 seconds left.
|
|t:|1756787906
|move|p2a: Rillaboom|Fake Out|p1a: Haltane
|-damage|p1a: Haltane|83/100
|move|p2b: Volcarona|Quiver Dance|p2b: Volcarona
|-boost|p2b: Volcarona|spa|1
|-boost|p2b: Volcarona|spd|1
|-boost|p2b: Volcarona|spe|1
|move|p1b: Herod|Dire Claw|p2b: Volcarona
|-damage|p2b: Volcarona|22/100
|-status|p1b: Herod|brn|[from] ability: Flame Body|[of] p2b: Volcarona
|cant|p1a: Haltane|flinch
|
|-weather|Sandstorm|[upkeep]
|-damage|p2b: Volcarona|15/100|[from] Sandstorm
|-damage|p1b: Herod|0 fnt|[from] Sandstorm
|-damage|p2a: Rillaboom|95/100|[from] Sandstorm
|-damage|p1a: Haltane|77/100|[from] Sandstorm
|faint|p1b: Herod
|-heal|p2b: Volcarona|22/100|[from] Grassy Terrain
|-heal|p2b: Volcarona|28/100|[from] item: Leftovers
|-heal|p2a: Rillaboom|100/100|[from] Grassy Terrain
|upkeep
|
|t:|1756787924
|switch|p1b: Althair|Ursaluna-Bloodmoon, L50, M|100/100
|turn|5
|
|t:|1756787935
|switch|p2a: Kingambit|Kingambit, L50, F, shiny|100/100
|move|p2b: Volcarona|Protect|p2b: Volcarona
|-singleturn|p2b: Volcarona|Protect
|move|p1b: Althair|Protect|p1b: Althair
|-singleturn|p1b: Althair|Protect
|move|p1a: Haltane|Tera Blast|p2a: Kingambit|[anim] Tera Blast Flying
|-resisted|p2a: Kingambit
|-damage|p2a: Kingambit|84/100
|
|-weather|Sandstorm|[upkeep]
|-damage|p2b: Volcarona|22/100|[from] Sandstorm
|-damage|p1a: Haltane|71/100|[from] Sandstorm
|-heal|p2b: Volcarona|28/100|[from] Grassy Terrain
|-heal|p2b: Volcarona|34/100|[from] item: Leftovers
|-heal|p2a: Kingambit|89/100|[from] Grassy Terrain
|upkeep
|turn|6
|
|t:|1756787959
|-terastallize|p2a: Kingambit|Dark
|move|p2a: Kingambit|Sucker Punch|p1a: Haltane
|-damage|p1a: Haltane|11/100
|move|p2b: Volcarona|Heat Wave|p1b: Althair|[spread] p1a
|-miss|p2b: Volcarona|p1b: Althair
|-damage|p1a: Haltane|0 fnt
|faint|p1a: Haltane
|move|p1b: Althair|Blood Moon|p2a: Kingambit
|-damage|p2a: Kingambit|0 fnt
|faint|p2a: Kingambit
|-damage|p1b: Althair|91/100|[from] item: Life Orb
|
|-weather|Sandstorm|[upkeep]
|-damage|p2b: Volcarona|28/100|[from] Sandstorm
|-heal|p2b: Volcarona|34/100|[from] Grassy Terrain
|-heal|p2b: Volcarona|40/100|[from] item: Leftovers
|-heal|p1b: Althair|97/100|[from] Grassy Terrain
|upkeep
|
|t:|1756787965
|switch|p2a: Rillaboom|Rillaboom, L50, M, shiny|100/100
|turn|7
|
|t:|1756787981
|move|p1b: Althair|Protect|p1b: Althair
|-singleturn|p1b: Althair|Protect
|move|p2a: Rillaboom|Fake Out|p1b: Althair
|-activate|p1b: Althair|move: Protect
|move|p2b: Volcarona|Quiver Dance|p2b: Volcarona
|-boost|p2b: Volcarona|spa|1
|-boost|p2b: Volcarona|spd|1
|-boost|p2b: Volcarona|spe|1
|
|-weather|none
|-heal|p2b: Volcarona|47/100|[from] Grassy Terrain
|-heal|p2b: Volcarona|53/100|[from] item: Leftovers
|-heal|p1b: Althair|100/100|[from] Grassy Terrain
|upkeep
|turn|8
|-message|bananatreeenjoyer forfeited.
|
|win|iambuttersock
|raw|bananatreeenjoyer's rating: 1045 → 1026(-19 for losing)
|raw|iambuttersock's rating: 1000 → 1045(+45 for winning)
|l|☆iambuttersock
|player|p2|
