|j|☆asher255
|j|☆geoo_4789
|html|asher255geoo_4789    
|uhtml|bestof|Game 1 of a best-of-3
|t:|1783520193
|gametype|doubles
|player|p1|asher255|dawn-masters|
|player|p2|geoo_4789|265|
|gen|9
|tier|[Gen 9 Champions] VGC 2026 Reg M-B (Bo3)
|rule|Species Clause: Limit one of each Pokémon
|rule|Item Clause: Limit 1 of each item
|clearpoke
|poke|p1|Grimmsnarl, L50, M|
|poke|p1|Scovillain, L50, F|
|poke|p1|Garchomp, L50, M|
|poke|p1|Sneasler, L50, F|
|poke|p1|Lycanroc, L50, M|
|poke|p1|Ninetales-Alola, L50, F|
|poke|p2|Raichu, L50, M|
|poke|p2|Mawile, L50, F|
|poke|p2|Sinistcha, L50|
|poke|p2|Ceruledge, L50, F|
|poke|p2|Milotic, L50, F|
|poke|p2|Incineroar, L50, M|
|teampreview|4
|showteam|p1|Grimmsnarl||LightClay|Prankster|PartingShot,Reflect,LightScreen,FakeOut|Careful||M|||50|]Scovillain||Scovillainite|Chlorophyll|RagePowder,Protect,HelpingHand,EnergyBall|Calm||F|||50|]Garchomp||LifeOrb|SandVeil|Earthquake,RockSlide,Protect,PoisonJab|Jolly||M|||50|]Sneasler||FocusSash|Pressure|DireClaw,CloseCombat,Protect,FakeOut|Jolly||F|||50|]Lycanroc||ExpertBelt|SandRush|Taunt,Protect,StoneEdge,CloseCombat|Adamant||M|||50|]Ninetales-Alola||NeverMeltIce|SnowWarning|FreezeDry,Moonblast,Protect,Blizzard|Timid||F|||50|
|showteam|p2|Raichu||RaichuniteY|LightningRod|ZapCannon,FocusBlast,FakeOut,Protect|Timid||M|||50|]Mawile||Mawilite|HyperCutter|PlayRough,SuckerPunch,SwordsDance,Protect|Adamant||F|||50|]Sinistcha||KasibBerry|Hospitality|MatchaGotcha,LifeDew,RagePowder,Protect|Relaxed|||||50|]Ceruledge||ColburBerry|FlashFire|BitterBlade,ShadowSneak,BulkUp,Protect|Adamant||F|||50|]Milotic||Leftovers|Competitive|MuddyWater,Coil,Hypnosis,Protect|Calm||F|||50|]Incineroar||SitrusBerry|Intimidate|FlareBlitz,ThroatChop,FakeOut,PartingShot|Impish||M|||50|
|inactive|Battle timer is ON: inactive players will automatically lose when time's up. (requested by asher255)
|inactive|asher255 has 60 seconds left.
|inactive|geoo_4789 has 60 seconds left.
|c|☆asher255|I have such a funky team
|inactive|asher255 has 30 seconds left.
|inactive|asher255 has 20 seconds left.
|
|t:|1783520265
|teamsize|p1|4
|teamsize|p2|4
|start
|switch|p1a: Scovillain|Scovillain, L50, F|100/100
|switch|p1b: Grimmsnarl|Grimmsnarl, L50, M|100/100
|switch|p2a: Mawile|Mawile, L50, F|100/100
|switch|p2b: Incineroar|Incineroar, L50, M|100/100
|-ability|p2b: Incineroar|Intimidate|boost
|-unboost|p1a: Scovillain|atk|1
|-unboost|p1b: Grimmsnarl|atk|1
|turn|1
|inactive|geoo_4789 has 30 seconds left.
|
|t:|1783520291
|detailschange|p1a: Scovillain|Scovillain-Mega, L50, F
|-mega|p1a: Scovillain|Scovillain|Scovillainite
|detailschange|p2a: Mawile|Mawile-Mega, L50, F
|-mega|p2a: Mawile|Mawile|Mawilite
|move|p2a: Mawile|Protect|p2a: Mawile
|-singleturn|p2a: Mawile|Protect
|move|p2b: Incineroar|Fake Out|p1b: Grimmsnarl
|-damage|p1b: Grimmsnarl|85/100
|cant|p1b: Grimmsnarl|flinch
|move|p1a: Scovillain|Rage Powder|p1a: Scovillain
|-singleturn|p1a: Scovillain|move: Rage Powder
|
|upkeep
|turn|2
|
|t:|1783520314
|move|p1a: Scovillain|Rage Powder|p1a: Scovillain
|-singleturn|p1a: Scovillain|move: Rage Powder
|move|p1b: Grimmsnarl|Reflect|p1b: Grimmsnarl
|-sidestart|p1: asher255|Reflect
|move|p2b: Incineroar|Parting Shot|p1a: Scovillain
|-unboost|p1a: Scovillain|atk|1
|-unboost|p1a: Scovillain|spa|1
|
|t:|1783520321
|switch|p2b: Milotic|Milotic, L50, F|100/100|[from] Parting Shot
|move|p2a: Mawile|Swords Dance|p2a: Mawile
|-boost|p2a: Mawile|atk|2
|
|upkeep
|turn|3
|
|t:|1783520330
|move|p1a: Scovillain|Rage Powder|p1a: Scovillain
|-singleturn|p1a: Scovillain|move: Rage Powder
|move|p1b: Grimmsnarl|Light Screen|p1b: Grimmsnarl
|-sidestart|p1: asher255|move: Light Screen
|move|p2b: Milotic|Coil|p2b: Milotic
|-boost|p2b: Milotic|atk|1
|-boost|p2b: Milotic|def|1
|-boost|p2b: Milotic|accuracy|1
|move|p2a: Mawile|Swords Dance|p2a: Mawile
|-boost|p2a: Mawile|atk|2
|
|upkeep
|turn|4
|c|☆asher255|gg no attacks on scovillain
|inactive|geoo_4789 has 30 seconds left.
|c|☆asher255|(I'm lying)
|
|t:|1783520360
|switch|p1b: Garchomp|Garchomp, L50, M|100/100
|move|p2b: Milotic|Coil|p2b: Milotic
|-boost|p2b: Milotic|atk|1
|-boost|p2b: Milotic|def|1
|-boost|p2b: Milotic|accuracy|1
|move|p1a: Scovillain|Energy Ball|p2b: Milotic
|-supereffective|p2b: Milotic|1
|-crit|p2b: Milotic
|-damage|p2b: Milotic|12/100
|move|p2a: Mawile|Play Rough|p1b: Garchomp|[miss]
|-miss|p2a: Mawile|p1b: Garchomp
|
|-heal|p2b: Milotic|18/100|[from] item: Leftovers
|upkeep
|turn|5
|c|☆asher255|HHSAHASH WTFF
|c|☆geoo_4789|dude
|c|☆asher255|I might just be the luckiest guy out there
|inactive|asher255 has 30 seconds left.
|
|t:|1783520389
|move|p1b: Garchomp|Protect|p1b: Garchomp
|-singleturn|p1b: Garchomp|Protect
|move|p2b: Milotic|Protect|p2b: Milotic
|-singleturn|p2b: Milotic|Protect
|move|p1a: Scovillain|Rage Powder|p1a: Scovillain
|-singleturn|p1a: Scovillain|move: Rage Powder
|move|p2a: Mawile|Sucker Punch||[still]
|-fail|p2a: Mawile
|
|-heal|p2b: Milotic|24/100|[from] item: Leftovers
|upkeep
|turn|6
|inactive|geoo_4789 has 30 seconds left.
|
|t:|1783520420
|switch|p2b: Incineroar|Incineroar, L50, M|100/100
|-ability|p2b: Incineroar|Intimidate|boost
|-unboost|p1a: Scovillain|atk|1
|-unboost|p1b: Garchomp|atk|1
|move|p1a: Scovillain|Protect|p1a: Scovillain
|-singleturn|p1a: Scovillain|Protect
|move|p2a: Mawile|Sucker Punch|p1b: Garchomp
|-damage|p1b: Garchomp|19/100
|move|p1b: Garchomp|Earthquake|p2b: Incineroar|[spread] p2a,p2b
|-activate|p1a: Scovillain|move: Protect
|-supereffective|p2a: Mawile|1
|-supereffective|p2b: Incineroar|1
|-damage|p2a: Mawile|33/100
|-damage|p2b: Incineroar|50/100y
|-enditem|p2b: Incineroar|Sitrus Berry|[eat]
|-heal|p2b: Incineroar|74/100|[from] item: Sitrus Berry
|-damage|p1b: Garchomp|9/100|[from] item: Life Orb
|
|upkeep
|turn|7
|
|t:|1783520444
|switch|p1a: Lycanroc|Lycanroc, L50, M|100/100
|move|p1b: Garchomp|Protect|p1b: Garchomp
|-singleturn|p1b: Garchomp|Protect
|move|p2b: Incineroar|Fake Out|p1b: Garchomp
|-activate|p1b: Garchomp|move: Protect
|move|p2a: Mawile|Play Rough|p1a: Lycanroc
|-damage|p1a: Lycanroc|0 fnt
|faint|p1a: Lycanroc
|
|upkeep
|c|☆geoo_4789|oh baby.
|
|t:|1783520463
|switch|p1a: Grimmsnarl|Grimmsnarl, L50, M|85/100
|turn|8
|c|☆asher255|Is this winnable chat
|
|t:|1783520488
|switch|p2b: Milotic|Milotic, L50, F|24/100
|move|p2a: Mawile|Protect|p2a: Mawile
|-singleturn|p2a: Mawile|Protect
|move|p1a: Grimmsnarl|Fake Out|p2a: Mawile
|-activate|p2a: Mawile|move: Protect
|move|p1b: Garchomp|Earthquake|p2a: Mawile|[spread] p1a,p2b
|-activate|p2a: Mawile|move: Protect
|-damage|p1a: Grimmsnarl|57/100
|-damage|p2b: Milotic|0 fnt
|faint|p2b: Milotic
|-damage|p1b: Garchomp|0 fnt|[from] item: Life Orb
|faint|p1b: Garchomp
|
|upkeep
|
|t:|1783520509
|switch|p1b: Scovillain|Scovillain-Mega, L50, F|100/100
|switch|p2b: Incineroar|Incineroar, L50, M|74/100
|-ability|p2b: Incineroar|Intimidate|boost
|-unboost|p1a: Grimmsnarl|atk|1
|-unboost|p1b: Scovillain|atk|1
|turn|9
|inactive|geoo_4789 has 30 seconds left.
|inactive|geoo_4789 has 20 seconds left.
|inactive|geoo_4789 has 15 seconds left.
|
|t:|1783520552
|move|p2b: Incineroar|Fake Out|p1b: Scovillain
|-damage|p1b: Scovillain|91/100
|-immune|p2b: Incineroar
|move|p1a: Grimmsnarl|Parting Shot|p2a: Mawile
|-unboost|p2a: Mawile|atk|1
|-unboost|p2a: Mawile|spa|1
|move|p2a: Mawile|Sucker Punch|p1b: Scovillain
|-crit|p1b: Scovillain
|-damage|p1b: Scovillain|0 fnt
|-status|p2a: Mawile|brn|[from] ability: Spicy Spray|[of] p1b: Scovillain
|faint|p1b: Scovillain
|
|-damage|p2a: Mawile|28/100 brn|[from] brn
|-sideend|p1: asher255|Reflect
|upkeep
|turn|10
|c|☆geoo_4789|oph im surprised it still works when it flinches
|
|t:|1783520577
|move|p1a: Grimmsnarl|Reflect|p1a: Grimmsnarl
|-sidestart|p1: asher255|Reflect
|move|p2b: Incineroar|Parting Shot|p1a: Grimmsnarl
|-unboost|p1a: Grimmsnarl|atk|1
|-unboost|p1a: Grimmsnarl|spa|1
|
|t:|1783520581
|switch|p2b: Raichu|Raichu, L50, M|100/100|[from] Parting Shot
|move|p2a: Mawile|Play Rough|p1a: Grimmsnarl
|-supereffective|p1a: Grimmsnarl|1
|-damage|p1a: Grimmsnarl|0 fnt
|faint|p1a: Grimmsnarl
|
|win|geoo_4789
|c|☆asher255|Basta targetting
||asher255 is ready for game 2.
|c|☆geoo_4789|mawile mvp
||geoo_4789 is ready for game 2.
|uhtml|next|Next: Game 2 of 3
