|j|☆ShadowGhost4488
|j|☆kdkems
|html|ShadowGhost4488kdkems    
|uhtml|bestof|Game 2 of a best-of-3
|t:|1783278814
|gametype|doubles
|player|p1|ShadowGhost4488|unknownf|1162
|player|p2|kdkems|101|1252
|gen|9
|tier|[Gen 9 Champions] VGC 2026 Reg M-B (Bo3)
|rated|
|rule|Species Clause: Limit one of each Pokémon
|rule|Item Clause: Limit 1 of each item
|clearpoke
|poke|p1|Scrafty, L50, M, shiny|
|poke|p1|Charizard, L50, M, shiny|
|poke|p1|Sylveon, L50, F, shiny|
|poke|p1|Garchomp, L50, F, shiny|
|poke|p1|Farigiraf, L50, F, shiny|
|poke|p1|Aerodactyl, L50, M, shiny|
|poke|p2|Charizard, L50, M|
|poke|p2|Incineroar, L50, M|
|poke|p2|Whimsicott, L50, M|
|poke|p2|Garchomp, L50, M|
|poke|p2|Basculegion, L50, M|
|poke|p2|Floette-Eternal, L50, F|
|teampreview|4
|showteam|p1|Scrafty||Scraftinite|Intimidate|FakeOut,Detect,CloseCombat,KnockOff|Adamant||M|||50|]Charizard||CharizarditeY|Blaze|HeatWave,WeatherBall,SolarBeam,Protect|Modest||M|||50|]Sylveon||FairyFeather|Pixilate|Detect,QuickAttack,HyperVoice,HyperBeam|Modest||F|||50|]Garchomp||LifeOrb|RoughSkin|Earthquake,Protect,RockSlide,DragonClaw|Jolly||F|||50|]Farigiraf||SitrusBerry|ArmorTail|TrickRoom,HelpingHand,HyperVoice,TwinBeam|Bold||F|||50|]Aerodactyl||FocusSash|Unnerve|Protect,RockSlide,Tailwind,DualWingbeat|Jolly||M|||50|
|showteam|p2|Charizard||CharizarditeY|Blaze|SolarBeam,HeatWave,WeatherBall,Protect|Modest||M|||50|]Incineroar||SitrusBerry|Intimidate|FakeOut,PartingShot,ThroatChop,FlareBlitz|Sassy||M|||50|]Whimsicott||FocusSash|Prankster|Encore,Moonblast,Tailwind,Protect|Timid||M|||50|]Garchomp||LifeOrb|RoughSkin|Earthquake,DragonClaw,RockSlide,Protect|Jolly||M|||50|]Basculegion||ChoiceScarf|Adaptability|WaveCrash,AquaJet,FlipTurn,LastRespects|Jolly||M|||50|]Floette-Eternal||Floettite|FlowerVeil|DazzlingGleam,Moonblast,LightofRuin,Protect|Modest||F|||50|
|inactive|Battle timer is ON: inactive players will automatically lose when time's up. (requested by ShadowGhost4488)
|
|t:|1783278838
|teamsize|p1|4
|teamsize|p2|4
|start
|switch|p1a: Farigiraf|Farigiraf, L50, F, shiny|100/100
|switch|p1b: Scrafty|Scrafty, L50, M, shiny|100/100
|switch|p2a: Floette|Floette-Eternal, L50, F|100/100
|switch|p2b: Garchomp|Garchomp, L50, M|100/100
|-ability|p1b: Scrafty|Intimidate|boost
|-unboost|p2a: Floette|atk|1
|-unboost|p2b: Garchomp|atk|1
|turn|1
|
|t:|1783278854
|detailschange|p1b: Scrafty|Scrafty-Mega, L50, M, shiny
|-mega|p1b: Scrafty|Scrafty|Scraftinite
|-ability|p1b: Scrafty|Intimidate|boost
|-unboost|p2a: Floette|atk|1
|-unboost|p2b: Garchomp|atk|1
|move|p2a: Floette|Protect|p2a: Floette
|-singleturn|p2a: Floette|Protect
|move|p1b: Scrafty|Fake Out|p2a: Floette
|-activate|p2a: Floette|move: Protect
|move|p2b: Garchomp|Earthquake|p1b: Scrafty|[spread] p1a,p1b
|-activate|p2a: Floette|move: Protect
|-damage|p1a: Farigiraf|79/100
|-damage|p1b: Scrafty|79/100
|-damage|p2b: Garchomp|90/100|[from] item: Life Orb
|move|p1a: Farigiraf|Trick Room|p1a: Farigiraf
|-fieldstart|move: Trick Room|[of] p1a: Farigiraf
|
|upkeep
|turn|2
|inactive|ShadowGhost4488 has 30 seconds left.
|inactive|ShadowGhost4488 has 20 seconds left.
|
|t:|1783278891
|switch|p1b: Sylveon|Sylveon, L50, F, shiny|100/100
|move|p1a: Farigiraf|Hyper Voice|p2b: Garchomp|[spread] p2a,p2b
|-damage|p2a: Floette|73/100
|-damage|p2b: Garchomp|64/100
|move|p2a: Floette|Dazzling Gleam|p1b: Sylveon|[spread] p1a,p1b
|-damage|p1a: Farigiraf|47/100
|-damage|p1b: Sylveon|74/100
|-enditem|p1a: Farigiraf|Sitrus Berry|[eat]
|-heal|p1a: Farigiraf|72/100|[from] item: Sitrus Berry
|move|p2b: Garchomp|Rock Slide|p1a: Farigiraf|[spread] p1a,p1b
|-damage|p1a: Farigiraf|61/100
|-damage|p1b: Sylveon|59/100
|-damage|p2b: Garchomp|54/100|[from] item: Life Orb
|
|upkeep
|turn|3
|
|t:|1783278905
|switch|p2b: Incineroar|Incineroar, L50, M|100/100
|-ability|p2b: Incineroar|Intimidate|boost
|-unboost|p1a: Farigiraf|atk|1
|-unboost|p1b: Sylveon|atk|1
|move|p1a: Farigiraf|Helping Hand|p1b: Sylveon
|-singleturn|p1b: Sylveon|Helping Hand|[of] p1a: Farigiraf
|move|p2a: Floette|Protect|p2a: Floette
|-singleturn|p2a: Floette|Protect
|move|p1b: Sylveon|Hyper Voice|p2b: Incineroar|[spread] p2b
|-activate|p2a: Floette|move: Protect
|-damage|p2b: Incineroar|46/100
|-enditem|p2b: Incineroar|Sitrus Berry|[eat]
|-heal|p2b: Incineroar|71/100|[from] item: Sitrus Berry
|
|upkeep
|turn|4
|inactive|kdkems has 30 seconds left.
|
|t:|1783278933
|detailschange|p2a: Floette|Floette-Mega, L50, F
|-mega|p2a: Floette|Floette|Floettite
|-ability|p2a: Floette|Fairy Aura
|move|p1a: Farigiraf|Helping Hand|p1b: Sylveon
|-singleturn|p1b: Sylveon|Helping Hand|[of] p1a: Farigiraf
|move|p2b: Incineroar|Throat Chop|p1b: Sylveon
|-resisted|p1b: Sylveon|1
|-damage|p1b: Sylveon|42/100
|-start|p1b: Sylveon|Throat Chop|[silent]
|move|p1b: Sylveon|Hyper Beam|p2a: Floette
|-damage|p2a: Floette|0 fnt
|-mustrecharge|p1b: Sylveon
|faint|p2a: Floette
|
|upkeep
|
|t:|1783278947
|switch|p2a: Garchomp|Garchomp, L50, M|54/100
|turn|5
|
|t:|1783278960
|switch|p1a: Scrafty|Scrafty-Mega, L50, M, shiny|79/100
|-ability|p1a: Scrafty|Intimidate|boost
|-unboost|p2a: Garchomp|atk|1
|-unboost|p2b: Incineroar|atk|1
|move|p2b: Incineroar|Throat Chop|p1a: Scrafty
|-resisted|p1a: Scrafty|2
|-damage|p1a: Scrafty|75/100
|-start|p1a: Scrafty|Throat Chop|[silent]
|cant|p1b: Sylveon|recharge
|move|p2a: Garchomp|Rock Slide|p1a: Scrafty|[spread] p1a,p1b
|-resisted|p1a: Scrafty|1
|-damage|p1a: Scrafty|68/100
|-damage|p1b: Sylveon|21/100
|-damage|p2a: Garchomp|44/100|[from] item: Life Orb
|
|-end|p1b: Sylveon|Throat Chop|[silent]
|-fieldend|move: Trick Room
|upkeep
|turn|6
|
|t:|1783278984
|move|p2a: Garchomp|Protect|p2a: Garchomp
|-singleturn|p2a: Garchomp|Protect
|move|p1a: Scrafty|Fake Out|p2b: Incineroar
|-damage|p2b: Incineroar|57/100
|move|p1b: Sylveon|Quick Attack|p2a: Garchomp
|-activate|p2a: Garchomp|move: Protect
|cant|p2b: Incineroar|flinch
|
|-end|p1a: Scrafty|Throat Chop|[silent]
|upkeep
|turn|7
|inactive|kdkems has 30 seconds left.
|
|t:|1783279016
|switch|p1a: Farigiraf|Farigiraf, L50, F, shiny|61/100
|switch|p1b: Garchomp|Garchomp, L50, F, shiny|100/100
|move|p2a: Garchomp|Rock Slide|p1b: Garchomp|[spread] 
|-miss|p2a: Garchomp|p1a: Farigiraf
|-miss|p2a: Garchomp|p1b: Garchomp
|move|p2b: Incineroar|Throat Chop|p1b: Garchomp
|-damage|p1b: Garchomp|79/100
|-start|p1b: Garchomp|Throat Chop|[silent]
|-damage|p2b: Incineroar|44/100|[from] ability: Rough Skin|[of] p1b: Garchomp
|
|upkeep
|turn|8
|
|t:|1783279039
|move|p1b: Garchomp|Protect|p1b: Garchomp
|-singleturn|p1b: Garchomp|Protect
|move|p2a: Garchomp|Dragon Claw|p1b: Garchomp
|-activate|p1b: Garchomp|move: Protect
|move|p2b: Incineroar|Throat Chop|p1a: Farigiraf
|-supereffective|p1a: Farigiraf|1
|-damage|p1a: Farigiraf|29/100
|-start|p1a: Farigiraf|Throat Chop|[silent]
|move|p1a: Farigiraf|Trick Room|p1a: Farigiraf
|-fieldstart|move: Trick Room|[of] p1a: Farigiraf
|
|-end|p1b: Garchomp|Throat Chop|[silent]
|upkeep
|turn|9
|inactive|kdkems has 30 seconds left.
|inactive|ShadowGhost4488 has 30 seconds left.
|inactive|kdkems has 20 seconds left.
|
|t:|1783279079
|move|p1a: Farigiraf|Helping Hand|p1b: Garchomp
|-singleturn|p1b: Garchomp|Helping Hand|[of] p1a: Farigiraf
|move|p2b: Incineroar|Throat Chop|p1a: Farigiraf
|-supereffective|p1a: Farigiraf|1
|-damage|p1a: Farigiraf|0 fnt
|faint|p1a: Farigiraf
|move|p1b: Garchomp|Earthquake|p2a: Garchomp|[spread] p2a,p2b
|-supereffective|p2b: Incineroar|1
|-damage|p2a: Garchomp|0 fnt
|-damage|p2b: Incineroar|0 fnt
|faint|p2a: Garchomp
|faint|p2b: Incineroar
|-damage|p1b: Garchomp|69/100|[from] item: Life Orb
|
|upkeep
|-message|kdkems forfeited.
|
|win|ShadowGhost4488
|l|☆kdkems
|player|p2|
||kdkems is ready for game 3.
||ShadowGhost4488 is ready for game 3.
|uhtml|next|Next: Game 3 of 3
