|j|☆Drag0nplus
|j|☆SuprEpcGuy
|html|Drag0nplusSuprEpcGuy    
|uhtml|bestof|Game 1 of a best-of-3
|t:|1783130259
|gametype|doubles
|player|p1|Drag0nplus|169|1140
|player|p2|SuprEpcGuy|shauntal|1225
|gen|9
|tier|[Gen 9 Champions] VGC 2026 Reg M-B (Bo3)
|rated|
|rule|Species Clause: Limit one of each Pokémon
|rule|Item Clause: Limit 1 of each item
|clearpoke
|poke|p1|Swampert, L50, F|
|poke|p1|Mawile, L50, M|
|poke|p1|Pelipper, L50, M|
|poke|p1|Farigiraf, L50, M|
|poke|p1|Incineroar, L50, F|
|poke|p1|Archaludon, L50, M|
|poke|p2|Zoroark-Hisui, L50, F|
|poke|p2|Basculegion, L50, M|
|poke|p2|Kingambit, L50, F, shiny|
|poke|p2|Aerodactyl, L50, M|
|poke|p2|Floette-Eternal, L50, F|
|poke|p2|Incineroar, L50, M|
|teampreview|4
|showteam|p1|Swampert||Swampertite|Torrent|IcePunch,WaveCrash,HighHorsepower,Protect|Adamant||F|||50|]Mawile||Mawilite|HyperCutter|PlayRough,SuckerPunch,IronHead,Protect|Adamant||M|||50|]Pelipper||LifeOrb|Drizzle|Hurricane,WeatherBall,Protect,Tailwind|Modest||M|||50|]Farigiraf||SitrusBerry|ArmorTail|Psychic,Thunderbolt,HelpingHand,TrickRoom|Bold||M|||50|]Incineroar||Charcoal|Intimidate|DarkestLariat,FlareBlitz,FakeOut,PartingShot|Adamant||F|||50|]Archaludon||Leftovers|Stamina|DragonPulse,FlashCannon,ElectroShot,Protect|Calm||M|||50|
|showteam|p2|Zoroark-Hisui||FocusSash|Illusion|IcyWind,WillOWisp,ShadowBall,Taunt|Timid||F|||50|]Basculegion||ChoiceScarf|Adaptability|LastRespects,WaveCrash,AquaJet,FlipTurn|Jolly||M|||50|]Kingambit||BlackGlasses|Defiant|SuckerPunch,KowtowCleave,Protect,SwordsDance|Adamant||F|||50|]Aerodactyl||Aerodactylite|RockHead|RockSlide,PsychicFangs,WideGuard,Tailwind|Jolly||M|||50|]Floette-Eternal||Floettite|FlowerVeil|Moonblast,DazzlingGleam,CalmMind,Protect|Modest||F|||50|]Incineroar||SitrusBerry|Intimidate|FakeOut,FlareBlitz,PartingShot,ThroatChop|Careful||M|||50|
|inactive|Battle timer is ON: inactive players will automatically lose when time's up. (requested by SuprEpcGuy)
|inactive|Drag0nplus has 60 seconds left.
|inactive|SuprEpcGuy has 60 seconds left.
|inactive|SuprEpcGuy has 30 seconds left.
|inactive|SuprEpcGuy has 20 seconds left.
|
|t:|1783130333
|teamsize|p1|4
|teamsize|p2|4
|start
|switch|p1a: Swampert|Swampert, L50, F|100/100
|switch|p1b: Pelipper|Pelipper, L50, M|100/100
|switch|p2a: Floette|Floette-Eternal, L50, F|100/100
|switch|p2b: Paraselene|Kingambit, L50, F, shiny|100/100
|-weather|RainDance|[from] ability: Drizzle|[of] p1b: Pelipper
|turn|1
|inactive|Drag0nplus has 30 seconds left.
|inactive|Drag0nplus has 20 seconds left.
|inactive|Drag0nplus has 15 seconds left.
|
|t:|1783130376
|detailschange|p2a: Floette|Floette-Mega, L50, F
|-mega|p2a: Floette|Floette|Floettite
|-ability|p2a: Floette|Fairy Aura
|detailschange|p1a: Swampert|Swampert-Mega, L50, F
|-mega|p1a: Swampert|Swampert|Swampertite
|move|p2a: Floette|Protect|p2a: Floette
|-singleturn|p2a: Floette|Protect
|move|p1a: Swampert|Wave Crash|p2a: Floette
|-activate|p2a: Floette|move: Protect
|move|p2b: Paraselene|Will-O-Wisp|p1a: Swampert
|-status|p1a: Swampert|brn
|move|p1b: Pelipper|Tailwind|p1b: Pelipper
|-sidestart|p1: Drag0nplus|move: Tailwind
|
|-weather|RainDance|[upkeep]
|-damage|p1a: Swampert|93/100 brn|[from] brn
|upkeep
|turn|2
|inactive|Drag0nplus has 30 seconds left.
|inactive|Drag0nplus has 20 seconds left.
|inactive|Drag0nplus has 15 seconds left.
|inactive|Drag0nplus has 10 seconds left.
|inactive|SuprEpcGuy has 30 seconds left.
|
|t:|1783130428
|move|p1a: Swampert|Wave Crash|p2a: Floette
|-damage|p2a: Floette|22/100
|-damage|p1a: Swampert|72/100 brn|[from] Recoil
|move|p2b: Paraselene|Shadow Ball|p1a: Swampert
|-damage|p1a: Swampert|34/100 brn
|move|p1b: Pelipper|Weather Ball|p2a: Floette
|-damage|p2a: Floette|0 fnt
|faint|p2a: Floette
|-damage|p1b: Pelipper|90/100|[from] item: Life Orb
|
|-weather|RainDance|[upkeep]
|-damage|p1a: Swampert|28/100 brn|[from] brn
|upkeep
|
|t:|1783130440
|switch|p2a: Paraselene|Kingambit, L50, F, shiny|100/100
|turn|3
|inactive|SuprEpcGuy has 30 seconds left.
|inactive|SuprEpcGuy has 20 seconds left.
|
|t:|1783130475
|switch|p1b: Archaludon|Archaludon, L50, M|100/100
|move|p1a: Swampert|High Horsepower|p2a: Paraselene
|-supereffective|p2a: Paraselene|1
|-damage|p2a: Paraselene|58/100
|move|p2b: Paraselene|Shadow Ball|p1a: Swampert
|-crit|p1a: Swampert
|-damage|p1a: Swampert|0 fnt
|faint|p1a: Swampert
|move|p2a: Paraselene|Swords Dance|p2a: Paraselene
|-boost|p2a: Paraselene|atk|2
|
|-weather|RainDance|[upkeep]
|upkeep
|
|t:|1783130498
|switch|p1a: Pelipper|Pelipper, L50, M|90/100
|turn|4
|inactive|Drag0nplus has 30 seconds left.
|
|t:|1783130525
|move|p1a: Pelipper|Protect|p1a: Pelipper
|-singleturn|p1a: Pelipper|Protect
|move|p2a: Paraselene|Protect|p2a: Paraselene
|-singleturn|p2a: Paraselene|Protect
|move|p1b: Archaludon|Electro Shot||[still]
|-prepare|p1b: Archaludon|Electro Shot
|-boost|p1b: Archaludon|spa|1
|-anim|p1b: Archaludon|Electro Shot|p2b: Paraselene
|-enditem|p2b: Paraselene|Focus Sash
|-damage|p2b: Paraselene|1/100
|replace|p2b: Boo|Zoroark-Hisui, L50, F
|-end|p2b: Boo|Illusion
|move|p2b: Boo|Icy Wind|p1b: Archaludon|[spread] p1b
|-activate|p1a: Pelipper|move: Protect
|-damage|p1b: Archaludon|85/100
|-unboost|p1b: Archaludon|spe|1
|-ability|p1b: Archaludon|Stamina|boost
|-boost|p1b: Archaludon|def|1
|
|-weather|RainDance|[upkeep]
|-heal|p1b: Archaludon|91/100|[from] item: Leftovers
|-sideend|p1: Drag0nplus|move: Tailwind
|upkeep
|turn|5
|inactive|Drag0nplus has 30 seconds left.
|inactive|SuprEpcGuy has 30 seconds left.
|
|t:|1783130556
|move|p2b: Boo|Taunt|p1a: Pelipper
|-start|p1a: Pelipper|move: Taunt
|cant|p1a: Pelipper|move: Taunt|Tailwind
|move|p1b: Archaludon|Electro Shot||[still]
|-prepare|p1b: Archaludon|Electro Shot
|-boost|p1b: Archaludon|spa|1
|-anim|p1b: Archaludon|Electro Shot|p2a: Paraselene
|-damage|p2a: Paraselene|0 fnt
|faint|p2a: Paraselene
|
|-weather|none
|-heal|p1b: Archaludon|97/100|[from] item: Leftovers
|upkeep
|
|t:|1783130563
|switch|p2a: Reverence|Basculegion, L50, M|100/100
|turn|6
|
|t:|1783130575
|switch|p1a: Incineroar|Incineroar, L50, F|100/100
|-ability|p1a: Incineroar|Intimidate|boost
|-unboost|p2a: Reverence|atk|1
|-unboost|p2b: Boo|atk|1
|move|p1b: Archaludon|Protect|p1b: Archaludon
|-singleturn|p1b: Archaludon|Protect
|move|p2a: Reverence|Last Respects|p1a: Incineroar
|-resisted|p1a: Incineroar|1
|-damage|p1a: Incineroar|69/100
|move|p2b: Boo|Shadow Ball|p1b: Archaludon
|-activate|p1b: Archaludon|move: Protect
|
|-heal|p1b: Archaludon|100/100|[from] item: Leftovers
|upkeep
|turn|7
|
|t:|1783130597
|move|p2a: Reverence|Last Respects|p1a: Incineroar
|-resisted|p1a: Incineroar|1
|-damage|p1a: Incineroar|40/100
|move|p2b: Boo|Shadow Ball|p1a: Incineroar
|-resisted|p1a: Incineroar|1
|-damage|p1a: Incineroar|22/100
|move|p1a: Incineroar|Darkest Lariat|p2a: Reverence
|-supereffective|p2a: Reverence|1
|-damage|p2a: Reverence|0 fnt
|faint|p2a: Reverence
|move|p1b: Archaludon|Dragon Pulse|p2b: Boo
|-damage|p2b: Boo|0 fnt
|faint|p2b: Boo
|
|win|Drag0nplus
