|j|☆ployueng
|j|☆x-demon18
|html|ployuengx-demon18    
|uhtml|bestof|Game 1 of a best-of-3
|t:|1783779608
|gametype|doubles
|player|p1|ployueng|102|1077
|player|p2|x-demon18|265|1134
|gen|9
|tier|[Gen 9 Champions] VGC 2026 Reg M-B (Bo3)
|rated|
|rule|Species Clause: Limit one of each Pokémon
|rule|Item Clause: Limit 1 of each item
|clearpoke
|poke|p1|Sceptile, L50, F|
|poke|p1|Rotom-Heat, L50|
|poke|p1|Politoed, L50, F|
|poke|p1|Vivillon, L50, F|
|poke|p1|Archaludon, L50, M|
|poke|p1|Corviknight, L50, M|
|poke|p2|Incineroar, L50, M|
|poke|p2|Rotom-Wash, L50|
|poke|p2|Venusaur, L50, M|
|poke|p2|Garchomp, L50, M|
|poke|p2|Sylveon, L50, F|
|poke|p2|Corviknight, L50, M|
|teampreview|4
|showteam|p1|Sceptile||Sceptilite|Overgrow|Protect,GigaDrain,DragonPulse,EarthPower|Modest||F|||50|]Rotom-Heat||ChoiceScarf|Levitate|VoltSwitch,Electroweb,Discharge,Overheat|Modest|||||50|]Politoed||SitrusBerry|Drizzle|Protect,PerishSong,BrickBreak,WeatherBall|Relaxed||F|||50|]Vivillon||FocusSash|CompoundEyes|RagePowder,SleepPowder,PollenPuff,Hurricane|Serious||F|||50|]Archaludon||Leftovers|Stamina|Protect,ElectroShot,FlashCannon,DragonPulse|Timid||M|||50|]Corviknight||WacanBerry|Pressure|Protect,Roost,IronHead,BraveBird|Adamant||M|||50|
|showteam|p2|Incineroar||ExpertBelt|Intimidate|FakeOut,TemperFlare,ThroatChop,PartingShot|Adamant||M|||50|]Rotom-Wash||SitrusBerry|Levitate|HydroPump,Electroweb,WillOWisp,VoltSwitch|Modest|||||50|]Venusaur||Venusaurite|Chlorophyll|GigaDrain,SludgeBomb,EarthPower,Protect|Modest||M|||50|]Garchomp||LifeOrb|RoughSkin|RockSlide,DragonClaw,StompingTantrum,Protect|Jolly||M|||50|]Sylveon||FairyFeather|Pixilate|HyperVoice,QuickAttack,Yawn,Detect|Modest||F|||50|]Corviknight||OccaBerry|MirrorArmor|Tailwind,BraveBird,IronHead,BodyPress|Careful||M|||50|
|
|t:|1783779660
|teamsize|p1|4
|teamsize|p2|4
|start
|switch|p1a: Archaludon|Archaludon, L50, M|100/100
|switch|p1b: Corviknight|Corviknight, L50, M|100/100
|switch|p2a: Yggdrasil|Venusaur, L50, M|100/100
|switch|p2b: Wolverine|Incineroar, L50, M|100/100
|-ability|p1b: Corviknight|Pressure
|-ability|p2b: Wolverine|Intimidate|boost
|-unboost|p1a: Archaludon|atk|1
|-unboost|p1b: Corviknight|atk|1
|turn|1
|
|t:|1783779714
|detailschange|p2a: Yggdrasil|Venusaur-Mega, L50, M
|-mega|p2a: Yggdrasil|Venusaur|Venusaurite
|move|p1a: Archaludon|Electro Shot||[still]
|-prepare|p1a: Archaludon|Electro Shot
|-boost|p1a: Archaludon|spa|1
|move|p2a: Yggdrasil|Earth Power|p1a: Archaludon
|-supereffective|p1a: Archaludon|1
|-damage|p1a: Archaludon|35/100
|-ability|p1a: Archaludon|Stamina|boost
|-boost|p1a: Archaludon|def|1
|move|p1b: Corviknight|Brave Bird|p2a: Yggdrasil
|-supereffective|p2a: Yggdrasil|1
|-damage|p2a: Yggdrasil|47/100
|-damage|p1b: Corviknight|84/100|[from] Recoil
|move|p2b: Wolverine|Parting Shot|p1a: Archaludon
|-unboost|p1a: Archaludon|atk|1
|-unboost|p1a: Archaludon|spa|1
|
|t:|1783779732
|switch|p2b: Frieren|Sylveon, L50, F|100/100|[from] Parting Shot
|
|-heal|p1a: Archaludon|41/100|[from] item: Leftovers
|upkeep
|turn|2
|
|t:|1783779749
|switch|p2a: HydroVolt|Rotom-Wash, L50|100/100
|move|p1a: Archaludon|Electro Shot|p2a: HydroVolt|[from] lockedmove
|-damage|p2a: HydroVolt|57/100
|move|p1b: Corviknight|Iron Head|p2b: Frieren
|-supereffective|p2b: Frieren|1
|-damage|p2b: Frieren|57/100
|move|p2b: Frieren|Yawn|p1a: Archaludon
|-start|p1a: Archaludon|move: Yawn|[of] p2b: Frieren
|
|-heal|p1a: Archaludon|47/100|[from] item: Leftovers
|upkeep
|turn|3
|
|t:|1783779789
|move|p1a: Archaludon|Dragon Pulse|p2a: HydroVolt
|-damage|p2a: HydroVolt|14/100
|-enditem|p2a: HydroVolt|Sitrus Berry|[eat]
|-heal|p2a: HydroVolt|39/100|[from] item: Sitrus Berry
|move|p2a: HydroVolt|Electroweb|p1b: Corviknight|[spread] p1a,p1b
|-resisted|p1a: Archaludon|1
|-supereffective|p1b: Corviknight|1
|-enditem|p1b: Corviknight|Wacan Berry|[eat]
|-enditem|p1b: Corviknight|Wacan Berry|[weaken]
|-damage|p1a: Archaludon|36/100
|-damage|p1b: Corviknight|66/100
|-unboost|p1a: Archaludon|spe|1
|-unboost|p1b: Corviknight|spe|1
|-ability|p1a: Archaludon|Stamina|boost
|-boost|p1a: Archaludon|def|1
|move|p2b: Frieren|Yawn|p1b: Corviknight
|-start|p1b: Corviknight|move: Yawn|[of] p2b: Frieren
|move|p1b: Corviknight|Iron Head|p2b: Frieren
|-supereffective|p2b: Frieren|1
|-damage|p2b: Frieren|10/100
|
|-heal|p1a: Archaludon|42/100|[from] item: Leftovers
|-end|p1a: Archaludon|move: Yawn|[silent]
|-status|p1a: Archaludon|slp
|upkeep
|turn|4
|
|t:|1783779822
|move|p2b: Frieren|Detect|p2b: Frieren
|-singleturn|p2b: Frieren|Protect
|cant|p1a: Archaludon|slp
|move|p2a: HydroVolt|Volt Switch|p1b: Corviknight
|-supereffective|p1b: Corviknight|1
|-damage|p1b: Corviknight|10/100
|
|t:|1783779830
|switch|p2a: Wolverine|Incineroar, L50, M|100/100|[from] Volt Switch
|-ability|p2a: Wolverine|Intimidate|boost
|-unboost|p1a: Archaludon|atk|1
|-unboost|p1b: Corviknight|atk|1
|move|p1b: Corviknight|Roost|p1b: Corviknight
|-heal|p1b: Corviknight|60/100
|-singleturn|p1b: Corviknight|move: Roost
|
|-heal|p1a: Archaludon|48/100 slp|[from] item: Leftovers
|-end|p1b: Corviknight|move: Yawn|[silent]
|-status|p1b: Corviknight|slp
|upkeep
|turn|5
|
|t:|1783779862
|switch|p1a: Vivillon|Vivillon, L50, F|100/100
|cant|p1b: Corviknight|slp
|move|p2a: Wolverine|Temper Flare|p1b: Corviknight
|-supereffective|p1b: Corviknight|1
|-damage|p1b: Corviknight|0 fnt
|faint|p1b: Corviknight
|move|p2b: Frieren|Hyper Voice|p1a: Vivillon
|-enditem|p1a: Vivillon|Focus Sash
|-damage|p1a: Vivillon|1/100
|
|upkeep
|
|t:|1783779875
|switch|p1b: Politoed|Politoed, L50, F|100/100
|-weather|RainDance|[from] ability: Drizzle|[of] p1b: Politoed
|turn|6
|
|t:|1783779888
|switch|p1a: Archaludon|Archaludon, L50, M|48/100 slp
|switch|p2a: Yggdrasil|Venusaur-Mega, L50, M|47/100
|move|p2b: Frieren|Quick Attack|p1a: Archaludon
|-damage|p1a: Archaludon|39/100 slp
|-ability|p1a: Archaludon|Stamina|boost
|-boost|p1a: Archaludon|def|1
|move|p1b: Politoed|Weather Ball|p2b: Frieren
|-damage|p2b: Frieren|0 fnt
|faint|p2b: Frieren
|
|-weather|RainDance|[upkeep]
|-heal|p1a: Archaludon|45/100 slp|[from] item: Leftovers
|upkeep
|
|t:|1783779904
|switch|p2b: HydroVolt|Rotom-Wash, L50|39/100
|turn|7
|
|t:|1783779954
|-curestatus|p1a: Archaludon|slp|[msg]
|move|p1a: Archaludon|Protect|p1a: Archaludon
|-singleturn|p1a: Archaludon|Protect
|move|p2a: Yggdrasil|Earth Power|p1a: Archaludon
|-activate|p1a: Archaludon|move: Protect
|move|p2b: HydroVolt|Electroweb|p1b: Politoed|[spread] p1b
|-activate|p1a: Archaludon|move: Protect
|-supereffective|p1b: Politoed|1
|-damage|p1b: Politoed|65/100
|-unboost|p1b: Politoed|spe|1
|move|p1b: Politoed|Weather Ball|p2b: HydroVolt
|-resisted|p2b: HydroVolt|1
|-damage|p2b: HydroVolt|14/100
|
|-weather|RainDance|[upkeep]
|-heal|p1a: Archaludon|51/100|[from] item: Leftovers
|upkeep
|turn|8
|
|t:|1783779979
|switch|p1a: Vivillon|Vivillon, L50, F|1/100
|move|p1b: Politoed|Protect|p1b: Politoed
|-singleturn|p1b: Politoed|Protect
|move|p2a: Yggdrasil|Earth Power|p1a: Vivillon
|-immune|p1a: Vivillon
|move|p2b: HydroVolt|Volt Switch|p1b: Politoed
|-activate|p1b: Politoed|move: Protect
|
|-weather|RainDance|[upkeep]
|upkeep
|turn|9
|
|t:|1783780009
|switch|p1b: Archaludon|Archaludon, L50, M|51/100
|move|p1a: Vivillon|Hurricane|p2a: Yggdrasil
|-supereffective|p2a: Yggdrasil|1
|-damage|p2a: Yggdrasil|0 fnt
|faint|p2a: Yggdrasil
|move|p2b: HydroVolt|Electroweb|p1a: Vivillon|[spread] p1a,p1b
|-supereffective|p1a: Vivillon|1
|-resisted|p1b: Archaludon|1
|-damage|p1a: Vivillon|0 fnt
|-damage|p1b: Archaludon|42/100
|-unboost|p1b: Archaludon|spe|1
|-ability|p1b: Archaludon|Stamina|boost
|-boost|p1b: Archaludon|def|1
|faint|p1a: Vivillon
|
|-weather|RainDance|[upkeep]
|-heal|p1b: Archaludon|48/100|[from] item: Leftovers
|upkeep
|
|t:|1783780025
|switch|p1a: Politoed|Politoed, L50, F|65/100
|switch|p2a: Wolverine|Incineroar, L50, M|100/100
|-ability|p2a: Wolverine|Intimidate|boost
|-unboost|p1a: Politoed|atk|1
|-unboost|p1b: Archaludon|atk|1
|turn|10
|
|t:|1783780047
|move|p2a: Wolverine|Fake Out|p1b: Archaludon
|-resisted|p1b: Archaludon|1
|-damage|p1b: Archaludon|45/100
|-ability|p1b: Archaludon|Stamina|boost
|-boost|p1b: Archaludon|def|1
|move|p2b: HydroVolt|Electroweb|p1a: Politoed|[spread] p1a,p1b
|-supereffective|p1a: Politoed|1
|-resisted|p1b: Archaludon|1
|-damage|p1a: Politoed|34/100
|-damage|p1b: Archaludon|35/100
|-unboost|p1a: Politoed|spe|1
|-unboost|p1b: Archaludon|spe|1
|-ability|p1b: Archaludon|Stamina|boost
|-boost|p1b: Archaludon|def|1
|-enditem|p1a: Politoed|Sitrus Berry|[eat]
|-heal|p1a: Politoed|58/100|[from] item: Sitrus Berry
|cant|p1b: Archaludon|flinch
|move|p1a: Politoed|Perish Song|p1a: Politoed
|-start|p1a: Politoed|perish3|[silent]
|-start|p1b: Archaludon|perish3|[silent]
|-start|p2a: Wolverine|perish3|[silent]
|-start|p2b: HydroVolt|perish3|[silent]
|-fieldactivate|move: Perish Song
|
|-weather|none
|-heal|p1b: Archaludon|41/100|[from] item: Leftovers
|-start|p2b: HydroVolt|perish3
|-start|p2a: Wolverine|perish3
|-start|p1b: Archaludon|perish3
|-start|p1a: Politoed|perish3
|upkeep
|turn|11
|
|t:|1783780085
|move|p2b: HydroVolt|Volt Switch|p1a: Politoed
|-supereffective|p1a: Politoed|1
|-damage|p1a: Politoed|4/100
|move|p2a: Wolverine|Temper Flare|p1b: Archaludon
|-damage|p1b: Archaludon|29/100
|-ability|p1b: Archaludon|Stamina|boost
|-boost|p1b: Archaludon|def|1
|move|p1b: Archaludon|Dragon Pulse|p2b: HydroVolt
|-damage|p2b: HydroVolt|0 fnt
|faint|p2b: HydroVolt
|move|p1a: Politoed|Brick Break|p2a: Wolverine
|-supereffective|p2a: Wolverine|1
|-crit|p2a: Wolverine
|-damage|p2a: Wolverine|60/100
|
|-heal|p1b: Archaludon|36/100|[from] item: Leftovers
|-start|p2a: Wolverine|perish2
|-start|p1b: Archaludon|perish2
|-start|p1a: Politoed|perish2
|upkeep
|turn|12
|
|t:|1783780108
|move|p1a: Politoed|Protect|p1a: Politoed
|-singleturn|p1a: Politoed|Protect
|move|p2a: Wolverine|Temper Flare|p1a: Politoed
|-activate|p1a: Politoed|move: Protect
|move|p1b: Archaludon|Dragon Pulse|p2a: Wolverine
|-damage|p2a: Wolverine|25/100
|
|-heal|p1b: Archaludon|42/100|[from] item: Leftovers
|-start|p2a: Wolverine|perish1
|-start|p1b: Archaludon|perish1
|-start|p1a: Politoed|perish1
|upkeep
|turn|13
|
|t:|1783780134
|move|p1a: Politoed|Protect||[still]
|-fail|p1a: Politoed
|move|p2a: Wolverine|Temper Flare|p1b: Archaludon
|-damage|p1b: Archaludon|32/100
|-ability|p1b: Archaludon|Stamina|boost
|-boost|p1b: Archaludon|def|1
|move|p1b: Archaludon|Dragon Pulse|p2a: Wolverine
|-damage|p2a: Wolverine|0 fnt
|faint|p2a: Wolverine
|
|win|ployueng
||ployueng is ready for game 2.
|inactive|x-demon18 has 30 seconds to confirm battle start!
|inactive|x-demon18 has 20 seconds to confirm battle start!
