|j|☆Drmwvr
|j|☆drillcurlsaresexy
|html|Drmwvrdrillcurlsaresexy    
|uhtml|bestof|Game 2 of a best-of-3
|t:|1757716730
|gametype|doubles
|player|p1|Drmwvr|nemona-s|
|player|p2|drillcurlsaresexy|melony|
|gen|9
|tier|[Gen 9] VGC 2025 Reg H (Bo3)
|rule|Species Clause: Limit one of each Pokémon
|rule|Item Clause: Limit 1 of each item
|clearpoke
|poke|p1|Dragonite, L50, F|
|poke|p1|Gholdengo, L50|
|poke|p1|Amoonguss, L50, F|
|poke|p1|Incineroar, L50, M|
|poke|p1|Sneasler, L50, M|
|poke|p1|Archaludon, L50, M|
|poke|p2|Gholdengo, L50|
|poke|p2|Clefable, L50, F|
|poke|p2|Ursaluna-Bloodmoon, L50, M|
|poke|p2|Sneasler, L50, M|
|poke|p2|Tauros-Paldea-Blaze, L50, M|
|poke|p2|Dragonite, L50, F|
|teampreview|4
|showteam|p1|Dragonite||LoadedDice|Multiscale|ScaleShot,ExtremeSpeed,Tailwind,Protect|||F|||50|,,,,,Fairy]Gholdengo||ChoiceSpecs|GoodasGold|MakeItRain,ShadowBall,Thunderbolt,Trick||||||50|,,,,,Dragon]Amoonguss||SitrusBerry|Regenerator|Spore,RagePowder,SludgeBomb,Protect|||F|||50|,,,,,Psychic]Incineroar||RockyHelmet|Intimidate|FlareBlitz,KnockOff,PartingShot,FakeOut|||M|||50|,,,,,Grass]Sneasler||FocusSash|Unburden|CloseCombat,DireClaw,FakeOut,Protect|||M|||50|,,,,,Dark]Archaludon||AssaultVest|Stamina|FlashCannon,DracoMeteor,Snarl,BodyPress|||M|||50|,,,,,Water
|showteam|p2|Gholdengo||LifeOrb|GoodasGold|MakeItRain,ShadowBall,Protect,NastyPlot||||||50|,,,,,Dragon]Clefable||SitrusBerry|Unaware|Moonblast,Protect,FollowMe,HelpingHand|||F|||50|,,,,,Water]Ursaluna-Bloodmoon||AssaultVest|MindsEye|HyperVoice,BloodMoon,EarthPower,VacuumWave|||M|||50|,,,,,Water]Sneasler||FocusSash|PoisonTouch|CloseCombat,DireClaw,Protect,FakeOut|||M|||50|,,,,,Stellar]Tauros-Paldea-Blaze||MirrorHerb|Intimidate|CloseCombat,FlareBlitz,WillOWisp,Protect|||M|||50|,,,,,Dragon]Dragonite||LoadedDice|Multiscale|ScaleShot,Protect,Tailwind,Haze|||F|||50|,,,,,Steel
|j| paperclip007
|j| jscullan
|
|t:|1757716770
|teamsize|p1|4
|teamsize|p2|4
|start
|switch|p1a: Dragonite|Dragonite, L50, F|100/100
|switch|p1b: Amoonguss|Amoonguss, L50, F|100/100
|switch|p2a: Sneasler|Sneasler, L50, M|100/100
|switch|p2b: Dragonite|Dragonite, L50, F|100/100
|turn|1
|
|t:|1757716795
|switch|p2b: Tauros|Tauros-Paldea-Blaze, L50, M|100/100
|-ability|p2b: Tauros|Intimidate|boost
|-unboost|p1a: Dragonite|atk|1
|-unboost|p1b: Amoonguss|atk|1
|move|p2a: Sneasler|Dire Claw|p1b: Amoonguss
|-damage|p1b: Amoonguss|67/100
|move|p1a: Dragonite|Scale Shot|p2b: Tauros
|-damage|p2b: Tauros|92/100
|-damage|p2b: Tauros|83/100
|-damage|p2b: Tauros|75/100
|-damage|p2b: Tauros|66/100
|-hitcount|p2b: Tauros|4
|-unboost|p1a: Dragonite|def|1
|-boost|p1a: Dragonite|spe|1
|-enditem|p2b: Tauros|Mirror Herb
|-boost|p2b: Tauros|spe|1|[from] item: Mirror Herb
|move|p1b: Amoonguss|Spore|p2a: Sneasler
|-status|p2a: Sneasler|slp|[from] move: Spore
|
|upkeep
|turn|2
|
|t:|1757716840
|switch|p1a: Sneasler|Sneasler, L50, M|100/100
|cant|p2a: Sneasler|slp
|move|p2b: Tauros|Will-O-Wisp|p1a: Sneasler|[miss]
|-miss|p2b: Tauros|p1a: Sneasler
|move|p1b: Amoonguss|Spore|p2b: Tauros
|-status|p2b: Tauros|slp|[from] move: Spore
|
|upkeep
|turn|3
|
|t:|1757716876
|switch|p2b: Gholdengo|Gholdengo, L50|100/100
|switch|p1b: Dragonite|Dragonite, L50, F|100/100
|-curestatus|p2a: Sneasler|slp|[msg]
|move|p2a: Sneasler|Dire Claw|p1b: Dragonite
|-damage|p1b: Dragonite|77/100
|-status|p1b: Dragonite|par
|move|p1a: Sneasler|Close Combat|p2b: Gholdengo
|-immune|p2b: Gholdengo
|
|upkeep
|turn|4
|
|t:|1757716903
|move|p2a: Sneasler|Dire Claw|p1a: Sneasler
|-resisted|p1a: Sneasler
|-damage|p1a: Sneasler|64/100
|move|p1a: Sneasler|Dire Claw|p2a: Sneasler
|-resisted|p2a: Sneasler
|-crit|p2a: Sneasler
|-damage|p2a: Sneasler|42/100
|move|p2b: Gholdengo|Make It Rain|p1a: Sneasler|[spread] p1a,p1b
|-damage|p1a: Sneasler|0 fnt
|-damage|p1b: Dragonite|2/100 par
|-unboost|p2b: Gholdengo|spa|1
|faint|p1a: Sneasler
|-damage|p2b: Gholdengo|91/100|[from] item: Life Orb
|move|p1b: Dragonite|Tailwind|p1b: Dragonite
|-sidestart|p1: Drmwvr|move: Tailwind
|
|upkeep
|
|t:|1757716920
|switch|p1a: Gholdengo|Gholdengo, L50|100/100
|turn|5
|
|t:|1757716946
|move|p1b: Dragonite|Extreme Speed|p2a: Sneasler
|-damage|p2a: Sneasler|0 fnt
|faint|p2a: Sneasler
|move|p1a: Gholdengo|Shadow Ball|p2b: Gholdengo
|-supereffective|p2b: Gholdengo
|-damage|p2b: Gholdengo|0 fnt
|faint|p2b: Gholdengo
|
|upkeep
|
|t:|1757716953
|switch|p2a: Tauros|Tauros-Paldea-Blaze, L50, M|66/100 slp
|switch|p2b: Dragonite|Dragonite, L50, F|100/100
|-ability|p2a: Tauros|Intimidate|boost
|-unboost|p1a: Gholdengo|atk|1
|-unboost|p1b: Dragonite|atk|1
|turn|6
|
|t:|1757716996
|-terastallize|p2b: Dragonite|Steel
|cant|p2a: Tauros|slp
|move|p1a: Gholdengo|Shadow Ball|p2a: Tauros
|-damage|p2a: Tauros|0 fnt
|faint|p2a: Tauros
|move|p1b: Dragonite|Scale Shot|p2b: Dragonite
|-resisted|p2b: Dragonite
|-damage|p2b: Dragonite|98/100
|-resisted|p2b: Dragonite
|-damage|p2b: Dragonite|93/100
|-resisted|p2b: Dragonite
|-damage|p2b: Dragonite|88/100
|-resisted|p2b: Dragonite
|-damage|p2b: Dragonite|83/100
|-hitcount|p2b: Dragonite|4
|-unboost|p1b: Dragonite|def|1
|-boost|p1b: Dragonite|spe|1
|move|p2b: Dragonite|Scale Shot|p1b: Dragonite
|-supereffective|p1b: Dragonite
|-damage|p1b: Dragonite|0 fnt
|faint|p1b: Dragonite
|-hitcount|p1: Dragonite|1
|-unboost|p2b: Dragonite|def|1
|-boost|p2b: Dragonite|spe|1
|
|upkeep
|
|t:|1757717017
|switch|p1b: Amoonguss|Amoonguss, L50, F|100/100
|turn|7
|
|t:|1757717042
|move|p1b: Amoonguss|Rage Powder|p1b: Amoonguss
|-singleturn|p1b: Amoonguss|move: Rage Powder
|move|p1a: Gholdengo|Shadow Ball|p2b: Dragonite
|-damage|p2b: Dragonite|15/100
|move|p2b: Dragonite|Scale Shot|p1b: Amoonguss
|-damage|p1b: Amoonguss|89/100
|-damage|p1b: Amoonguss|78/100
|-damage|p1b: Amoonguss|67/100
|-damage|p1b: Amoonguss|56/100
|-damage|p1b: Amoonguss|45/100
|-enditem|p1b: Amoonguss|Sitrus Berry|[eat]
|-heal|p1b: Amoonguss|70/100|[from] item: Sitrus Berry
|-hitcount|p1b: Amoonguss|5
|-unboost|p2b: Dragonite|def|1
|-boost|p2b: Dragonite|spe|1
|
|-sideend|p1: Drmwvr|move: Tailwind
|upkeep
|turn|8
|
|t:|1757717064
|move|p1b: Amoonguss|Rage Powder|p1b: Amoonguss
|-singleturn|p1b: Amoonguss|move: Rage Powder
|move|p2b: Dragonite|Scale Shot|p1b: Amoonguss
|-damage|p1b: Amoonguss|59/100
|-damage|p1b: Amoonguss|47/100
|-damage|p1b: Amoonguss|35/100
|-damage|p1b: Amoonguss|23/100
|-hitcount|p1b: Amoonguss|4
|-unboost|p2b: Dragonite|def|1
|-boost|p2b: Dragonite|spe|1
|move|p1a: Gholdengo|Shadow Ball|p2b: Dragonite
|-damage|p2b: Dragonite|0 fnt
|faint|p2b: Dragonite
|
|win|Drmwvr
|l| jscullan
