|j|☆S.electrowebs
|j|☆rdyjyukujkhk
|html|S.electrowebsrdyjyukujkhk    
|uhtml|bestof|Game 3 of a best-of-3
|t:|1756665109
|gametype|doubles
|player|p1|S.electrowebs|2|
|player|p2|rdyjyukujkhk|hilda|
|gen|9
|tier|[Gen 9] VGC 2025 Reg H (Bo3)
|rule|Species Clause: Limit one of each Pokémon
|rule|Item Clause: Limit 1 of each item
|clearpoke
|poke|p1|Rillaboom, L50, M|
|poke|p1|Electabuzz, L50, M|
|poke|p1|Archaludon, L50, F|
|poke|p1|Kingambit, L50, M|
|poke|p1|Pelipper, L50, M|
|poke|p1|Basculegion, L50, M|
|poke|p2|Whimsicott, L50, F|
|poke|p2|Indeedee, L50, M|
|poke|p2|Sneasler, L50, M|
|poke|p2|Delphox, L50, F|
|poke|p2|Maushold, L50|
|poke|p2|Basculegion, L50, M|
|teampreview|4
|showteam|p1|Rillaboom||LoadedDice|GrassySurge|HighHorsepower,BulletSeed,GrassyGlide,FakeOut|||M|||50|,,,,,Fire]Electabuzz||Eviolite|VitalSpirit|Electroweb,Taunt,Protect,FollowMe|||M|||50|,,,,,Ghost]Archaludon||AssaultVest|Stamina|ElectroShot,BodyPress,FlashCannon,DracoMeteor|||F|||50|,,,,,Water]Kingambit||BlackGlasses|Defiant|Protect,KowtowCleave,SwordsDance,SuckerPunch|||M|||50|,,,,,Dark]Pelipper||FocusSash|Drizzle|WeatherBall,Hurricane,Tailwind,Protect|||M|||50|,,,,,Dark]Basculegion||ChoiceBand|SwiftSwim|WaveCrash,AquaJet,FlipTurn,LastRespects|||M|||50|,,,,,Grass
|showteam|p2|Whimsicott||CovertCloak|Prankster|Tailwind,Moonblast,HelpingHand,SunnyDay|||F|||50|,,,,,Water]Indeedee||FocusSash|PsychicSurge|ExpandingForce,TeraBlast,Imprison,TrickRoom|||M|||50|,,,,,Fighting]Sneasler||PsychicSeed|Unburden|DireClaw,CloseCombat,ThroatChop,Protect|||M|||50|,,,,,Dark]Delphox||LifeOrb|Blaze|ExpandingForce,HeatWave,Protect,Flamethrower|||F|||50|,,,,,Fire]Maushold||WideLens|Technician|PopulationBomb,FollowMe,Taunt,Protect||||||50|,,,,,Ghost]Basculegion||ChoiceScarf|Adaptability|WaveCrash,FlipTurn,LastRespects,TeraBlast|||M|||50|,,,,,Grass
|j| KrsCrossAppleSauce
|l| KrsCrossAppleSauce
|
|t:|1756665153
|teamsize|p1|4
|teamsize|p2|4
|start
|switch|p1a: The Beast|Rillaboom, L50, M|100/100
|switch|p1b: King Arthur|Kingambit, L50, M|100/100
|switch|p2a: Maushold|Maushold, L50|100/100
|switch|p2b: Sneasler|Sneasler, L50, M|100/100
|-fieldstart|move: Grassy Terrain|[from] ability: Grassy Surge|[of] p1a: The Beast
|turn|1
|
|t:|1756665191
|switch|p2b: Indeedee|Indeedee, L50, M|100/100
|-fieldstart|move: Psychic Terrain|[from] ability: Psychic Surge|[of] p2b: Indeedee
|switch|p1a: Mooses|Archaludon, L50, F|100/100
|-terastallize|p1b: King Arthur|Dark
|move|p2a: Maushold|Population Bomb|p1a: Mooses
|-resisted|p1a: Mooses
|-damage|p1a: Mooses|96/100
|-ability|p1a: Mooses|Stamina|boost
|-boost|p1a: Mooses|def|1
|-resisted|p1a: Mooses
|-damage|p1a: Mooses|94/100
|-ability|p1a: Mooses|Stamina|boost
|-boost|p1a: Mooses|def|1
|-resisted|p1a: Mooses
|-damage|p1a: Mooses|92/100
|-ability|p1a: Mooses|Stamina|boost
|-boost|p1a: Mooses|def|1
|-resisted|p1a: Mooses
|-damage|p1a: Mooses|90/100
|-ability|p1a: Mooses|Stamina|boost
|-boost|p1a: Mooses|def|1
|-resisted|p1a: Mooses
|-damage|p1a: Mooses|89/100
|-ability|p1a: Mooses|Stamina|boost
|-boost|p1a: Mooses|def|1
|-resisted|p1a: Mooses
|-damage|p1a: Mooses|88/100
|-ability|p1a: Mooses|Stamina|boost
|-boost|p1a: Mooses|def|1
|-resisted|p1a: Mooses
|-damage|p1a: Mooses|87/100
|-resisted|p1a: Mooses
|-damage|p1a: Mooses|86/100
|-resisted|p1a: Mooses
|-damage|p1a: Mooses|85/100
|-resisted|p1a: Mooses
|-damage|p1a: Mooses|84/100
|-hitcount|p1a: Mooses|10
|move|p1b: King Arthur|Kowtow Cleave|p2a: Maushold
|-damage|p2a: Maushold|0 fnt
|faint|p2a: Maushold
|
|upkeep
|
|t:|1756665206
|switch|p2a: Sneasler|Sneasler, L50, M|100/100
|-enditem|p2a: Sneasler|Psychic Seed
|-boost|p2a: Sneasler|spd|1|[from] item: Psychic Seed
|turn|2
|
|t:|1756665235
|switch|p1b: The Beast|Rillaboom, L50, M|100/100
|-fieldstart|move: Grassy Terrain|[from] ability: Grassy Surge|[of] p1b: The Beast
|-terastallize|p2b: Indeedee|Fighting
|move|p2a: Sneasler|Close Combat|p1b: The Beast
|-damage|p1b: The Beast|40/100
|-unboost|p2a: Sneasler|def|1
|-unboost|p2a: Sneasler|spd|1
|move|p2b: Indeedee|Tera Blast|p1a: Mooses|[anim] Tera Blast Fighting
|-supereffective|p1a: Mooses
|-damage|p1a: Mooses|19/100
|move|p1a: Mooses|Body Press|p2b: Indeedee
|-enditem|p2b: Indeedee|Focus Sash
|-damage|p2b: Indeedee|1/100
|
|-heal|p2b: Indeedee|7/100|[from] Grassy Terrain
|-heal|p1b: The Beast|46/100|[from] Grassy Terrain
|-heal|p1a: Mooses|25/100|[from] Grassy Terrain
|upkeep
|turn|3
|
|t:|1756665302
|move|p1b: The Beast|Grassy Glide|p2b: Indeedee
|-damage|p2b: Indeedee|0 fnt
|faint|p2b: Indeedee
|move|p2a: Sneasler|Close Combat|p1a: Mooses
|-supereffective|p1a: Mooses
|-damage|p1a: Mooses|0 fnt
|-unboost|p2a: Sneasler|def|1
|-unboost|p2a: Sneasler|spd|1
|faint|p1a: Mooses
|
|-heal|p1b: The Beast|52/100|[from] Grassy Terrain
|upkeep
|
|t:|1756665315
|switch|p2b: Basculegion|Basculegion, L50, M|100/100
|switch|p1a: Ezekiel|Electabuzz, L50, M|100/100
|turn|4
|
|t:|1756665332
|move|p1b: The Beast|Grassy Glide|p2b: Basculegion
|-supereffective|p2b: Basculegion
|-damage|p2b: Basculegion|17/100
|move|p2a: Sneasler|Dire Claw|p1b: The Beast
|-supereffective|p1b: The Beast
|-damage|p1b: The Beast|0 fnt
|faint|p1b: The Beast
|move|p2b: Basculegion|Last Respects|p1a: Ezekiel
|-damage|p1a: Ezekiel|26/100
|move|p1a: Ezekiel|Electroweb|p2a: Sneasler|[spread] p2a,p2b
|-supereffective|p2b: Basculegion
|-damage|p2a: Sneasler|71/100
|-damage|p2b: Basculegion|0 fnt
|-unboost|p2a: Sneasler|spe|1
|faint|p2b: Basculegion
|
|-heal|p2a: Sneasler|77/100|[from] Grassy Terrain
|-heal|p1a: Ezekiel|32/100|[from] Grassy Terrain
|upkeep
|
|t:|1756665339
|switch|p1b: King Arthur|Kingambit, L50, M, tera:Dark|100/100
|turn|5
|
|t:|1756665358
|move|p2a: Sneasler|Protect|p2a: Sneasler
|-singleturn|p2a: Sneasler|Protect
|move|p1a: Ezekiel|Follow Me|p1a: Ezekiel
|-singleturn|p1a: Ezekiel|move: Follow Me
|move|p1b: King Arthur|Kowtow Cleave|p2a: Sneasler
|-activate|p2a: Sneasler|move: Protect
|
|-heal|p2a: Sneasler|83/100|[from] Grassy Terrain
|-heal|p1a: Ezekiel|38/100|[from] Grassy Terrain
|upkeep
|turn|6
|
|t:|1756665377
|move|p1a: Ezekiel|Follow Me|p1a: Ezekiel
|-singleturn|p1a: Ezekiel|move: Follow Me
|move|p2a: Sneasler|Dire Claw|p1a: Ezekiel
|-damage|p1a: Ezekiel|6/100
|-status|p1a: Ezekiel|psn
|move|p1b: King Arthur|Kowtow Cleave|p2a: Sneasler
|-resisted|p2a: Sneasler
|-damage|p2a: Sneasler|0 fnt
|faint|p2a: Sneasler
|
|win|S.electrowebs
|c|☆S.electrowebs|Gg!
|c|☆rdyjyukujkhk|ggs
|c|☆S.electrowebs|Can you post
|c|☆rdyjyukujkhk|Sure
|c|☆S.electrowebs|please and thanks
|l|☆S.electrowebs
|player|p1|
