|j|☆bogging
|j|☆nikolasnaiz
|html|boggingnikolasnaiz    
|uhtml|bestof|Game 3 of a best-of-3
|t:|1755946993
|gametype|doubles
|player|p1|bogging|bugcatcher-gen4dp|1336
|player|p2|nikolasnaiz|larry|1336
|gen|9
|tier|[Gen 9] VGC 2025 Reg H (Bo3)
|rated|
|rule|Species Clause: Limit one of each Pokémon
|rule|Item Clause: Limit 1 of each item
|clearpoke
|poke|p1|Amoonguss, L50, F|
|poke|p1|Ursaluna, L50, M|
|poke|p1|Incineroar, L50, F|
|poke|p1|Porygon2, L50|
|poke|p1|Kilowattrel, L50, M|
|poke|p1|Gholdengo, L50|
|poke|p2|Dragonite, L50, F|
|poke|p2|Ursaluna-Bloodmoon, L50, M|
|poke|p2|Annihilape, L50, M|
|poke|p2|Volcarona, L50, F|
|poke|p2|Rillaboom, L50, F|
|poke|p2|Incineroar, L50, M|
|teampreview|4
|showteam|p1|Amoonguss||RockyHelmet|Regenerator|Spore,RagePowder,PollenPuff,Protect|||F|||50|,,,,,Psychic]Ursaluna||FlameOrb|Guts|Facade,HeadlongRush,Earthquake,Protect|||M|||50|,,,,,Ghost]Incineroar||SafetyGoggles|Intimidate|KnockOff,PartingShot,FakeOut,FlareBlitz|||F|||50|,,,,,Ghost]Porygon2||Eviolite|Download|TeraBlast,IceBeam,TrickRoom,Protect||||||50|,,,,,Fighting]Kilowattrel||FocusSash|Competitive|Thunderbolt,AirSlash,Tailwind,Protect|||M|||50|,,,,,Ghost]Gholdengo||MetalCoat|GoodasGold|MakeItRain,ShadowBall,Protect,NastyPlot||||||50|,,,,,Water
|showteam|p2|Dragonite||LoadedDice|Multiscale|Protect,ScaleShot,Tailwind,Haze|||F|||50|,,,,,Steel]Ursaluna-Bloodmoon||FocusSash|MindsEye|Protect,BloodMoon,EarthPower,HyperVoice|||M|||50|,,,,,Normal]Annihilape||LumBerry|Defiant|Protect,RageFist,CloseCombat,Taunt|||M|||50|,,,,,Fire]Volcarona||CovertCloak|FlameBody|Protect,QuiverDance,HeatWave,TeraBlast|||F|||50|,,,,,Fairy]Rillaboom||AssaultVest|GrassySurge|FakeOut,WoodHammer,GrassyGlide,HighHorsepower|||F|||50|,,,,,Fire]Incineroar||SafetyGoggles|Intimidate|FakeOut,PartingShot,FlareBlitz,KnockOff|||M|||50|,,,,,Ghost
|inactive|Battle timer is ON: inactive players will automatically lose when time's up. (requested by nikolasnaiz)
|
|t:|1755947012
|teamsize|p1|4
|teamsize|p2|4
|start
|switch|p1a: Kilowattrel|Kilowattrel, L50, M|100/100
|switch|p1b: Ursaluna|Ursaluna, L50, M|100/100
|switch|p2a: Ursaluna|Ursaluna-Bloodmoon, L50, M|100/100
|switch|p2b: Dragonite|Dragonite, L50, F, shiny|100/100
|turn|1
|
|t:|1755947036
|switch|p1a: Incineroar|Incineroar, L50, F|100/100
|-ability|p1a: Incineroar|Intimidate|boost
|-unboost|p2a: Ursaluna|atk|1
|-unboost|p2b: Dragonite|atk|1
|switch|p1b: Porygon2|Porygon2, L50|100/100
|-ability|p1b: Porygon2|Download|boost
|-boost|p1b: Porygon2|spa|1
|move|p2b: Dragonite|Tailwind|p2b: Dragonite
|-sidestart|p2: nikolasnaiz|move: Tailwind
|move|p2a: Ursaluna|Hyper Voice|p1b: Porygon2|[spread] p1a,p1b
|-damage|p1a: Incineroar|68/100
|-damage|p1b: Porygon2|80/100
|
|upkeep
|turn|2
|inactive|nikolasnaiz has 30 seconds left.
|
|t:|1755947062
|switch|p2b: Annihilape|Annihilape, L50, M, shiny|100/100
|move|p1a: Incineroar|Fake Out|p2a: Ursaluna
|-damage|p2a: Ursaluna|92/100
|cant|p2a: Ursaluna|flinch
|move|p1b: Porygon2|Trick Room|p1b: Porygon2
|-fieldstart|move: Trick Room|[of] p1b: Porygon2
|
|upkeep
|turn|3
|
|t:|1755947081
|switch|p1a: Ursaluna|Ursaluna, L50, M|100/100
|move|p1b: Porygon2|Ice Beam|p2a: Ursaluna
|-supereffective|p2a: Ursaluna
|-damage|p2a: Ursaluna|3/100
|move|p2a: Ursaluna|Hyper Voice|p1b: Porygon2|[spread] p1a,p1b
|-damage|p1a: Ursaluna|67/100
|-damage|p1b: Porygon2|59/100
|move|p2b: Annihilape|Close Combat|p1a: Ursaluna
|-supereffective|p1a: Ursaluna
|-damage|p1a: Ursaluna|0 fnt
|-unboost|p2b: Annihilape|def|1
|-unboost|p2b: Annihilape|spd|1
|faint|p1a: Ursaluna
|
|upkeep
|
|t:|1755947093
|switch|p1a: Kilowattrel|Kilowattrel, L50, M|100/100
|turn|4
|
|t:|1755947103
|move|p2a: Ursaluna|Protect|p2a: Ursaluna
|-singleturn|p2a: Ursaluna|Protect
|move|p2b: Annihilape|Protect|p2b: Annihilape
|-singleturn|p2b: Annihilape|Protect
|move|p1b: Porygon2|Ice Beam|p2a: Ursaluna
|-activate|p2a: Ursaluna|move: Protect
|move|p1a: Kilowattrel|Air Slash|p2b: Annihilape
|-activate|p2b: Annihilape|move: Protect
|
|-sideend|p2: nikolasnaiz|move: Tailwind
|upkeep
|turn|5
|
|t:|1755947123
|switch|p2a: Incineroar|Incineroar, L50, M, shiny|100/100
|-ability|p2a: Incineroar|Intimidate|boost
|-unboost|p1a: Kilowattrel|atk|1
|-ability|p1a: Kilowattrel|Competitive|boost
|-boost|p1a: Kilowattrel|spa|2
|-unboost|p1b: Porygon2|atk|1
|move|p1b: Porygon2|Ice Beam|p2a: Incineroar
|-resisted|p2a: Incineroar
|-damage|p2a: Incineroar|84/100
|move|p2b: Annihilape|Close Combat|p1b: Porygon2
|-supereffective|p1b: Porygon2
|-damage|p1b: Porygon2|5/100
|-unboost|p2b: Annihilape|def|1
|-unboost|p2b: Annihilape|spd|1
|move|p1a: Kilowattrel|Air Slash|p2b: Annihilape
|-supereffective|p2b: Annihilape
|-damage|p2b: Annihilape|0 fnt
|faint|p2b: Annihilape
|
|upkeep
|
|t:|1755947135
|switch|p2b: Dragonite|Dragonite, L50, F, shiny|100/100
|turn|6
|
|t:|1755947154
|switch|p1b: Incineroar|Incineroar, L50, F|68/100
|-ability|p1b: Incineroar|Intimidate|boost
|-unboost|p2a: Incineroar|atk|1
|-unboost|p2b: Dragonite|atk|1
|-terastallize|p2b: Dragonite|Steel
|-terastallize|p1a: Kilowattrel|Ghost
|move|p2a: Incineroar|Fake Out|p1a: Kilowattrel
|-immune|p1a: Kilowattrel
|move|p2b: Dragonite|Scale Shot|p1b: Incineroar
|-damage|p1b: Incineroar|60/100
|-damage|p1b: Incineroar|52/100
|-damage|p1b: Incineroar|46/100
|-damage|p1b: Incineroar|38/100
|-damage|p1b: Incineroar|30/100
|-hitcount|p1b: Incineroar|5
|-unboost|p2b: Dragonite|def|1
|-boost|p2b: Dragonite|spe|1
|move|p1a: Kilowattrel|Tailwind|p1a: Kilowattrel
|-sidestart|p1: bogging|move: Tailwind
|
|-fieldend|move: Trick Room
|upkeep
|turn|7
|inactive|bogging has 30 seconds left.
|inactive|bogging has 20 seconds left.
|inactive|bogging has 15 seconds left.
|
|t:|1755947194
|move|p2b: Dragonite|Protect|p2b: Dragonite
|-singleturn|p2b: Dragonite|Protect
|move|p1b: Incineroar|Fake Out|p2a: Incineroar
|-damage|p2a: Incineroar|74/100
|move|p1a: Kilowattrel|Thunderbolt|p2a: Incineroar
|-damage|p2a: Incineroar|5/100
|cant|p2a: Incineroar|flinch
|
|upkeep
|turn|8
|
|t:|1755947215
|switch|p1b: Porygon2|Porygon2, L50|5/100
|-ability|p1b: Porygon2|Download|boost
|-boost|p1b: Porygon2|atk|1
|move|p1a: Kilowattrel|Air Slash|p2a: Incineroar
|-damage|p2a: Incineroar|0 fnt
|faint|p2a: Incineroar
|move|p2b: Dragonite|Scale Shot|p1a: Kilowattrel
|-damage|p1a: Kilowattrel|83/100
|-damage|p1a: Kilowattrel|66/100
|-damage|p1a: Kilowattrel|49/100
|-crit|p1a: Kilowattrel
|-damage|p1a: Kilowattrel|7/100
|-damage|p1a: Kilowattrel|0 fnt
|faint|p1a: Kilowattrel
|-hitcount|p1: Kilowattrel|5
|-unboost|p2b: Dragonite|def|1
|-boost|p2b: Dragonite|spe|1
|
|upkeep
|
|t:|1755947230
|switch|p1a: Incineroar|Incineroar, L50, F|30/100
|switch|p2a: Ursaluna|Ursaluna-Bloodmoon, L50, M|3/100
|-ability|p1a: Incineroar|Intimidate|boost
|-unboost|p2a: Ursaluna|atk|1
|-unboost|p2b: Dragonite|atk|1
|turn|9
|
|t:|1755947251
|move|p1a: Incineroar|Fake Out|p2b: Dragonite
|-resisted|p2b: Dragonite
|-damage|p2b: Dragonite|95/100
|cant|p2b: Dragonite|flinch
|move|p2a: Ursaluna|Hyper Voice|p1b: Porygon2|[spread] p1a,p1b
|-crit|p1b: Porygon2
|-damage|p1a: Incineroar|0 fnt
|-damage|p1b: Porygon2|0 fnt
|faint|p1a: Incineroar
|faint|p1b: Porygon2
|
|win|nikolasnaiz
|raw|bogging's rating: 1336 → 1316(-20 for losing)
|raw|nikolasnaiz's rating: 1336 → 1356(+20 for winning)
