|j|☆zephnix
|j|☆kimu dora
|html|zephnixkimu dora    
|uhtml|bestof|Game 2 of a best-of-3
|t:|1785901068
|gametype|doubles
|player|p1|zephnix|lucas-gen4pt|1122
|player|p2|kimu dora|1|1150
|gen|9
|tier|[Gen 9 Champions] VGC 2026 Reg M-B (Bo3)
|rated|
|rule|Species Clause: Limit one of each Pokémon
|rule|Item Clause: Limit 1 of each item
|clearpoke
|poke|p1|Gallade, L50, M, shiny|
|poke|p1|Maushold-Four, L50|
|poke|p1|Basculegion, L50, M|
|poke|p1|Archaludon, L50, F|
|poke|p1|Pelipper, L50, F|
|poke|p1|Sinistcha, L50|
|poke|p2|Raichu, L50, F|
|poke|p2|Sylveon, L50, M|
|poke|p2|Farigiraf, L50, F|
|poke|p2|Staraptor, L50, M|
|poke|p2|Arcanine-Hisui, L50, M|
|poke|p2|Kingambit, L50, M|
|teampreview|4
|showteam|p1|Gallade||Galladite|Justified|ShadowSneak,StoneEdge,Protect,DrainPunch|Jolly||M|||50|]Maushold-Four||Leftovers|FriendGuard|FollowMe,SuperFang,Protect,BeatUp|Timid|||||50|]Basculegion||MysticWater|Adaptability|AquaJet,WaveCrash,Protect,LastRespects|Adamant||M|||50|]Archaludon||DragonFang|Sturdy|FlashCannon,DracoMeteor,Protect,ElectroShot|Timid||F|||50|]Pelipper||FocusSash|Drizzle|Hurricane,WeatherBall,Protect,Tailwind|Modest||F|||50|]Sinistcha||SitrusBerry|Hospitality|MatchaGotcha,RagePowder,ShadowBall,LifeDew|Bold|||||50|
|showteam|p2|Raichu||RaichuniteY|LightningRod|ZapCannon,FocusBlast,FakeOut,Protect|Timid||F|||50|]Sylveon||FairyFeather|Pixilate|HyperVoice,QuickAttack,HyperBeam,Detect|Modest||M|||50|]Farigiraf||SitrusBerry|ArmorTail|HelpingHand,TrickRoom,Psychic,Protect|Calm||F|||50|]Staraptor||Staraptite|Intimidate|DualWingbeat,CloseCombat,Tailwind,Protect|Jolly||M|||50|]Arcanine-Hisui||FocusSash|RockHead|FlareBlitz,HeadSmash,ExtremeSpeed,Protect|Jolly||M|||50|]Kingambit||LifeOrb|Defiant|KowtowCleave,SuckerPunch,SwordsDance,Protect|Adamant||M|||50|
|
|t:|1785901099
|teamsize|p1|4
|teamsize|p2|4
|start
|switch|p1a: Archaludon|Archaludon, L50, F|100/100
|switch|p1b: Basculegion|Basculegion, L50, M|100/100
|switch|p2a: Raichu|Raichu, L50, F|100/100
|switch|p2b: Sylveon|Sylveon, L50, M|100/100
|turn|1
|
|t:|1785901116
|detailschange|p2a: Raichu|Raichu-Mega-Y, L50, F
|-mega|p2a: Raichu|Raichu|Raichunite Y
|move|p1b: Basculegion|Protect|p1b: Basculegion
|-singleturn|p1b: Basculegion|Protect
|move|p2a: Raichu|Zap Cannon|p1b: Basculegion
|-activate|p1b: Basculegion|move: Protect
|move|p1a: Archaludon|Flash Cannon|p2b: Sylveon
|-supereffective|p2b: Sylveon|1
|-damage|p2b: Sylveon|39/100
|move|p2b: Sylveon|Hyper Voice|p1b: Basculegion|[spread] p1a
|-activate|p1b: Basculegion|move: Protect
|-damage|p1a: Archaludon|28/100
|
|upkeep
|turn|2
|
|t:|1785901146
|switch|p1a: Pelipper|Pelipper, L50, F|100/100
|-weather|RainDance|[from] ability: Drizzle|[of] p1a: Pelipper
|switch|p2b: Farigiraf|Farigiraf, L50, F|100/100
|move|p1b: Basculegion|Aqua Jet||[still]
|cant|p2b: Farigiraf|ability: Armor Tail|Aqua Jet|[of] p1b: Basculegion
|move|p2a: Raichu|Zap Cannon|p1b: Basculegion
|-supereffective|p1b: Basculegion|1
|-damage|p1b: Basculegion|0 fnt
|faint|p1b: Basculegion
|
|-weather|RainDance|[upkeep]
|upkeep
|
|t:|1785901154
|switch|p1b: Sinistcha|Sinistcha, L50|100/100
|turn|3
|
|t:|1785901169
|switch|p2b: Kingambit|Kingambit, L50, M|100/100
|move|p1b: Sinistcha|Rage Powder|p1b: Sinistcha
|-singleturn|p1b: Sinistcha|move: Rage Powder
|move|p2a: Raichu|Zap Cannon|p1b: Sinistcha
|-resisted|p1b: Sinistcha|1
|-damage|p1b: Sinistcha|60/100
|-status|p1b: Sinistcha|par
|move|p1a: Pelipper|Weather Ball|p2a: Raichu
|-damage|p2a: Raichu|15/100
|
|-weather|RainDance|[upkeep]
|upkeep
|turn|4
|
|t:|1785901196
|switch|p1b: Archaludon|Archaludon, L50, F|28/100
|move|p2a: Raichu|Protect|p2a: Raichu
|-singleturn|p2a: Raichu|Protect
|move|p1a: Pelipper|Weather Ball|p2a: Raichu
|-activate|p2a: Raichu|move: Protect
|move|p2b: Kingambit|Kowtow Cleave|p1b: Archaludon
|-damage|p1b: Archaludon|0 fnt
|faint|p1b: Archaludon
|-damage|p2b: Kingambit|90/100|[from] item: Life Orb
|
|-weather|RainDance|[upkeep]
|upkeep
|
|t:|1785901211
|switch|p1b: Sinistcha|Sinistcha, L50|60/100 par
|turn|5
|
|t:|1785901218
|switch|p2a: Farigiraf|Farigiraf, L50, F|100/100
|move|p1a: Pelipper|Weather Ball|p2a: Farigiraf
|-damage|p2a: Farigiraf|48/100
|-enditem|p2a: Farigiraf|Sitrus Berry|[eat]
|-heal|p2a: Farigiraf|73/100|[from] item: Sitrus Berry
|move|p2b: Kingambit|Kowtow Cleave|p1b: Sinistcha
|-supereffective|p1b: Sinistcha|1
|-damage|p1b: Sinistcha|0 fnt
|faint|p1b: Sinistcha
|-damage|p2b: Kingambit|80/100|[from] item: Life Orb
|
|-weather|RainDance|[upkeep]
|upkeep
|turn|6
|
|t:|1785901229
|move|p1a: Pelipper|Weather Ball|p2a: Farigiraf
|-damage|p2a: Farigiraf|18/100
|move|p2a: Farigiraf|Psychic|p1a: Pelipper
|-damage|p1a: Pelipper|37/100
|move|p2b: Kingambit|Kowtow Cleave|p1a: Pelipper
|-damage|p1a: Pelipper|0 fnt
|faint|p1a: Pelipper
|-damage|p2b: Kingambit|71/100|[from] item: Life Orb
|
|win|kimu dora
