|j|☆sbhaga34
|j|☆DeewompostYT
|html|sbhaga34DeewompostYT    
|uhtml|bestof|Game 2 of a best-of-3
|t:|1756756336
|gametype|doubles
|player|p1|sbhaga34|hugh|1239
|player|p2|DeewompostYT|candice|1220
|gen|9
|tier|[Gen 9] VGC 2025 Reg H (Bo3)
|rated|
|rule|Species Clause: Limit one of each Pokémon
|rule|Item Clause: Limit 1 of each item
|clearpoke
|poke|p1|Indeedee-F, L50, F|
|poke|p1|Murkrow, L50, F|
|poke|p1|Tyranitar, L50, F|
|poke|p1|Excadrill, L50, M|
|poke|p1|Gardevoir, L50, M|
|poke|p1|Ursaluna-Bloodmoon, L50, M|
|poke|p2|Indeedee, L50, M|
|poke|p2|Sneasler, L50, M|
|poke|p2|Whimsicott, L50, F|
|poke|p2|Ursaluna-Bloodmoon, L50, M|
|poke|p2|Electabuzz, L50, M|
|poke|p2|Dragonite, L50, M|
|teampreview|4
|showteam|p1|Indeedee-F||SafetyGoggles|PsychicSurge|FollowMe,TrickRoom,Imprison,Psychic|||F|||50|,,,,,Fairy]Murkrow||Eviolite|Prankster|Tailwind,Haze,BraveBird,FoulPlay|||F|||50|,,,,,Ghost]Tyranitar||WeaknessPolicy|SandStream|RockSlide,KnockOff,LowKick,Protect|||F|||50|,,,,,Flying]Excadrill||FocusSash|SandRush|Earthquake,IronHead,SwordsDance,Protect|||M|||50|,,,,,Ground]Gardevoir||ChoiceScarf|Telepathy|ExpandingForce,DazzlingGleam,Moonblast,IcyWind|||M|||50|,,,,,Psychic]Ursaluna-Bloodmoon||LifeOrb|MindsEye|BloodMoon,HyperVoice,EarthPower,Protect|||M|||50|,,,,,Normal
|showteam|p2|Indeedee||FocusSash|PsychicSurge|ExpandingForce,TrickRoom,Imprison,Protect|||M|||50|,,,,,Psychic]Sneasler||PsychicSeed|Unburden|DireClaw,CloseCombat,ThroatChop,Protect|||M|||50|,,,,,Stellar]Whimsicott||CovertCloak|Prankster|Tailwind,HelpingHand,Moonblast,Protect|||F|||50|,,,,,Dark]Ursaluna-Bloodmoon||LifeOrb|MindsEye|HyperVoice,EarthPower,BloodMoon,Protect|||M|||50|,,,,,Ghost]Electabuzz||Eviolite|VitalSpirit|FollowMe,Electroweb,Taunt,Protect|||M|||50|,,,,,Grass]Dragonite||LoadedDice|InnerFocus|ScaleShot,Haze,Tailwind,Protect|||M|||50|,,,,,Dragon
|
|t:|1756756405
|teamsize|p1|4
|teamsize|p2|4
|start
|switch|p1a: Murkrow|Murkrow, L50, F|100/100
|switch|p1b: Tyranitar|Tyranitar, L50, F|100/100
|switch|p2a: Sneasler|Sneasler, L50, M|100/100
|switch|p2b: Electabuzz|Electabuzz, L50, M|100/100
|-weather|Sandstorm|[from] ability: Sand Stream|[of] p1b: Tyranitar
|turn|1
|
|t:|1756756439
|move|p2a: Sneasler|Protect|p2a: Sneasler
|-singleturn|p2a: Sneasler|Protect
|move|p1a: Murkrow|Tailwind|p1a: Murkrow
|-sidestart|p1: sbhaga34|move: Tailwind
|move|p1b: Tyranitar|Knock Off|p2b: Electabuzz
|-crit|p2b: Electabuzz
|-damage|p2b: Electabuzz|32/100
|-enditem|p2b: Electabuzz|Eviolite|[from] move: Knock Off|[of] p1b: Tyranitar
|move|p2b: Electabuzz|Electroweb|p1a: Murkrow|[spread] p1a,p1b
|-supereffective|p1a: Murkrow
|-damage|p1a: Murkrow|75/100
|-damage|p1b: Tyranitar|91/100
|-unboost|p1a: Murkrow|spe|1
|-unboost|p1b: Tyranitar|spe|1
|
|-weather|Sandstorm|[upkeep]
|-damage|p2a: Sneasler|95/100|[from] Sandstorm
|-damage|p1a: Murkrow|69/100|[from] Sandstorm
|-damage|p2b: Electabuzz|27/100|[from] Sandstorm
|upkeep
|turn|2
|
|t:|1756756476
|move|p2b: Electabuzz|Follow Me|p2b: Electabuzz
|-singleturn|p2b: Electabuzz|move: Follow Me
|move|p2a: Sneasler|Close Combat|p1b: Tyranitar
|-supereffective|p1b: Tyranitar
|-damage|p1b: Tyranitar|0 fnt
|-unboost|p2a: Sneasler|def|1
|-unboost|p2a: Sneasler|spd|1
|faint|p1b: Tyranitar
|move|p1a: Murkrow|Brave Bird|p2b: Electabuzz
|-resisted|p2b: Electabuzz
|-damage|p2b: Electabuzz|1/100
|-damage|p1a: Murkrow|60/100|[from] Recoil
|
|-weather|Sandstorm|[upkeep]
|-damage|p2a: Sneasler|89/100|[from] Sandstorm
|-damage|p1a: Murkrow|54/100|[from] Sandstorm
|-damage|p2b: Electabuzz|0 fnt|[from] Sandstorm
|faint|p2b: Electabuzz
|upkeep
|
|t:|1756756492
|switch|p2b: Whimsicott|Whimsicott, L50, F|100/100
|switch|p1b: Excadrill|Excadrill, L50, M, shiny|100/100
|turn|3
|
|t:|1756756520
|move|p2b: Whimsicott|Protect|p2b: Whimsicott
|-singleturn|p2b: Whimsicott|Protect
|move|p2a: Sneasler|Protect|p2a: Sneasler
|-singleturn|p2a: Sneasler|Protect
|move|p1b: Excadrill|Iron Head|p2b: Whimsicott
|-activate|p2b: Whimsicott|move: Protect
|move|p1a: Murkrow|Brave Bird|p2a: Sneasler
|-activate|p2a: Sneasler|move: Protect
|
|-weather|Sandstorm|[upkeep]
|-damage|p2b: Whimsicott|95/100|[from] Sandstorm
|-damage|p2a: Sneasler|83/100|[from] Sandstorm
|-damage|p1a: Murkrow|48/100|[from] Sandstorm
|upkeep
|turn|4
|
|t:|1756756547
|switch|p2a: Ursaluna|Ursaluna-Bloodmoon, L50, M|100/100
|switch|p1a: Gardevoir|Gardevoir, L50, M, shiny|100/100
|move|p2b: Whimsicott|Tailwind|p2b: Whimsicott
|-sidestart|p2: DeewompostYT|move: Tailwind
|move|p1b: Excadrill|Earthquake|p2b: Whimsicott|[spread] p2a,p2b
|-activate|p1a: Gardevoir|ability: Telepathy
|-resisted|p2b: Whimsicott
|-damage|p2a: Ursaluna|69/100
|-damage|p2b: Whimsicott|66/100
|
|-weather|Sandstorm|[upkeep]
|-damage|p1a: Gardevoir|95/100|[from] Sandstorm
|-damage|p2b: Whimsicott|60/100|[from] Sandstorm
|-sideend|p1: sbhaga34|move: Tailwind
|upkeep
|turn|5
|
|t:|1756756636
|move|p2b: Whimsicott|Protect|p2b: Whimsicott
|-singleturn|p2b: Whimsicott|Protect
|move|p2a: Ursaluna|Protect|p2a: Ursaluna
|-singleturn|p2a: Ursaluna|Protect
|move|p1b: Excadrill|Iron Head|p2b: Whimsicott
|-activate|p2b: Whimsicott|move: Protect
|move|p1a: Gardevoir|Moonblast|p2a: Ursaluna
|-activate|p2a: Ursaluna|move: Protect
|
|-weather|none
|upkeep
|turn|6
|
|t:|1756756649
|switch|p1a: Murkrow|Murkrow, L50, F|48/100
|move|p2b: Whimsicott|Helping Hand|p2a: Ursaluna
|-singleturn|p2a: Ursaluna|Helping Hand|[of] p2b: Whimsicott
|move|p1b: Excadrill|Protect|p1b: Excadrill
|-singleturn|p1b: Excadrill|Protect
|move|p2a: Ursaluna|Hyper Voice|p1b: Excadrill|[spread] p1a
|-activate|p1b: Excadrill|move: Protect
|-damage|p1a: Murkrow|0 fnt
|faint|p1a: Murkrow
|-damage|p2a: Ursaluna|59/100|[from] item: Life Orb
|
|upkeep
|
|t:|1756756661
|switch|p1a: Gardevoir|Gardevoir, L50, M, shiny|95/100
|turn|7
|
|t:|1756756679
|-terastallize|p1b: Excadrill|Ground
|move|p2b: Whimsicott|Protect|p2b: Whimsicott
|-singleturn|p2b: Whimsicott|Protect
|move|p1a: Gardevoir|Dazzling Gleam|p2a: Ursaluna|[spread] p2a
|-activate|p2b: Whimsicott|move: Protect
|-damage|p2a: Ursaluna|23/100
|move|p2a: Ursaluna|Blood Moon|p1a: Gardevoir
|-damage|p1a: Gardevoir|0 fnt
|faint|p1a: Gardevoir
|-damage|p2a: Ursaluna|13/100|[from] item: Life Orb
|move|p1b: Excadrill|Earthquake|p2a: Ursaluna|[spread] p2a
|-activate|p2b: Whimsicott|move: Protect
|-damage|p2a: Ursaluna|0 fnt
|faint|p2a: Ursaluna
|
|-sideend|p2: DeewompostYT|move: Tailwind
|upkeep
|
|t:|1756756689
|switch|p2a: Sneasler|Sneasler, L50, M|83/100
|turn|8
|-message|sbhaga34 forfeited.
|
|win|DeewompostYT
|l|☆sbhaga34
|player|p1|
||DeewompostYT is ready for game 3.
||sbhaga34 is ready for game 3.
|uhtml|next|Next: Game 3 of 3
