|j|☆cbdtoilet
|j|☆yosiel
|html|cbdtoiletyosiel    
|uhtml|bestof|Game 1 of a best-of-3
|t:|1784534418
|gametype|doubles
|player|p1|cbdtoilet|170|1040
|player|p2|yosiel|acetrainersnow|1003
|gen|9
|tier|[Gen 9 Champions] VGC 2026 Reg M-B (Bo3)
|rated|
|rule|Species Clause: Limit one of each Pokémon
|rule|Item Clause: Limit 1 of each item
|clearpoke
|poke|p1|Gallade, L50, M, shiny|
|poke|p1|Farigiraf, L50, F, shiny|
|poke|p1|Clefable, L50, M, shiny|
|poke|p1|Espathra, L50, M, shiny|
|poke|p1|Torkoal, L50, M, shiny|
|poke|p1|Sneasler, L50, M, shiny|
|poke|p2|Sneasler, L50, M, shiny|
|poke|p2|Delphox, L50, F, shiny|
|poke|p2|Sableye, L50, M, shiny|
|poke|p2|Milotic, L50, F, shiny|
|poke|p2|Basculegion, L50, M, shiny|
|poke|p2|Flapple, L50, M, shiny|
|teampreview|4
|showteam|p1|Gallade||Galladite|Justified|DrainPunch,ShadowSneak,RockSlide,Protect|Adamant||M|||50|]Farigiraf||SitrusBerry|ArmorTail|AllySwitch,Psychic,HelpingHand,BeatUp|Relaxed||F|||50|]Clefable||Leftovers|MagicGuard|FollowMe,LifeDew,CosmicPower,BatonPass|Bold||M|||50|]Espathra||MentalHerb|SpeedBoost|BatonPass,CalmMind,Protect,LuminaCrash|Bold||M|||50|]Torkoal||Charcoal|Drought|Eruption,Protect,SolarBeam,WeatherBall|Quiet||M|||50|]Sneasler||FocusSash|Unburden|Coaching,FakeOut,DireClaw,CloseCombat|Jolly||M|||50|
|showteam|p2|Sneasler||WhiteHerb|Unburden|Protect,RockTomb,DireClaw,CloseCombat|Adamant||M|||50|]Delphox||Delphoxite|Magician|Protect,HeatWave,Hypnosis,GrassKnot|Timid||F|||50|]Sableye||RoseliBerry|Prankster|Gravity,Disable,Encore,FakeOut|Careful||M|||50|]Milotic||SitrusBerry|Competitive|IcyWind,Scald,Protect,Recover|Relaxed||F|||50|]Basculegion||ChoiceScarf|Adaptability|AquaJet,WaveCrash,LastRespects,FlipTurn|Adamant||M|||50|]Flapple||FocusSash|Hustle|Protect,DragonRush,GravApple,SuckerPunch|Jolly||M|||50|
|
|t:|1784534440
|teamsize|p1|4
|teamsize|p2|4
|start
|switch|p1a: Sneasler|Sneasler, L50, M, shiny|100/100
|switch|p1b: Clefable|Clefable, L50, M, shiny|100/100
|switch|p2a: Sableye|Sableye, L50, M, shiny|100/100
|switch|p2b: Flapple|Flapple, L50, M, shiny|100/100
|turn|1
|inactive|Battle timer is ON: inactive players will automatically lose when time's up. (requested by yosiel)
|
|t:|1784534456
|move|p2b: Flapple|Protect|p2b: Flapple
|-singleturn|p2b: Flapple|Protect
|move|p1a: Sneasler|Fake Out|p2b: Flapple
|-activate|p2b: Flapple|move: Protect
|move|p2a: Sableye|Fake Out|p1b: Clefable
|-damage|p1b: Clefable|94/100
|cant|p1b: Clefable|flinch
|
|-heal|p1b: Clefable|100/100|[from] item: Leftovers
|upkeep
|turn|2
|
|t:|1784534471
|switch|p2b: Delphox|Delphox, L50, F, shiny|100/100
|move|p2a: Sableye|Encore|p1a: Sneasler
|-start|p1a: Sneasler|Encore
|move|p1a: Sneasler|Fake Out||[still]
|-hint|Fake Out only works on your first turn out.
|-fail|p1a: Sneasler
|move|p1b: Clefable|Cosmic Power|p1b: Clefable
|-boost|p1b: Clefable|def|1
|-boost|p1b: Clefable|spd|1
|
|upkeep
|turn|3
|
|t:|1784534486
|switch|p1a: Farigiraf|Farigiraf, L50, F, shiny|100/100
|detailschange|p2b: Delphox|Delphox-Mega, L50, F, shiny
|-mega|p2b: Delphox|Delphox|Delphoxite
|move|p2a: Sableye|Gravity|p2a: Sableye
|-fieldstart|move: Gravity
|move|p2b: Delphox|Hypnosis|p1b: Clefable
|-status|p1b: Clefable|slp|[from] move: Hypnosis
|cant|p1b: Clefable|slp
|
|upkeep
|turn|4
|
|t:|1784534506
|switch|p1b: Gallade|Gallade, L50, M, shiny|100/100
|switch|p2a: Flapple|Flapple, L50, M, shiny|100/100
|move|p2b: Delphox|Hypnosis|p1a: Farigiraf
|-status|p1a: Farigiraf|slp|[from] move: Hypnosis
|cant|p1a: Farigiraf|slp
|
|upkeep
|turn|5
|
|t:|1784534528
|detailschange|p1b: Gallade|Gallade-Mega, L50, M, shiny
|-mega|p1b: Gallade|Gallade|Galladite
|move|p1b: Gallade|Protect|p1b: Gallade
|-singleturn|p1b: Gallade|Protect
|-curestatus|p1a: Farigiraf|slp|[msg]
|move|p1a: Farigiraf|Ally Switch|p1a: Farigiraf
|swap|p1a: Farigiraf|1|[from] move: Ally Switch
|move|p2b: Delphox|Heat Wave|p1a: Gallade|[spread] p1b
|-activate|p1a: Gallade|move: Protect
|-damage|p1b: Farigiraf|63/100
|move|p2a: Flapple|Dragon Rush|p1b: Farigiraf
|-damage|p1b: Farigiraf|12/100
|-enditem|p1b: Farigiraf|Sitrus Berry|[eat]
|-heal|p1b: Farigiraf|37/100|[from] item: Sitrus Berry
|
|upkeep
|turn|6
|
|t:|1784534550
|move|p1b: Farigiraf|Helping Hand|p1a: Gallade
|-singleturn|p1a: Gallade|Helping Hand|[of] p1b: Farigiraf
|move|p2b: Delphox|Hypnosis|p1a: Gallade
|-status|p1a: Gallade|slp|[from] move: Hypnosis
|move|p2a: Flapple|Dragon Rush|p1b: Farigiraf
|-crit|p1b: Farigiraf
|-damage|p1b: Farigiraf|0 fnt
|faint|p1b: Farigiraf
|cant|p1a: Gallade|slp
|
|upkeep
|
|t:|1784534557
|switch|p1b: Clefable|Clefable, L50, M, shiny|100/100 slp
|turn|7
|
|t:|1784534567
|-curestatus|p1b: Clefable|slp|[msg]
|move|p1b: Clefable|Follow Me|p1b: Clefable
|-singleturn|p1b: Clefable|move: Follow Me
|move|p2b: Delphox|Heat Wave|p1a: Gallade|[spread] p1a,p1b
|-damage|p1a: Gallade|58/100 slp
|-damage|p1b: Clefable|59/100
|-status|p1b: Clefable|brn
|move|p2a: Flapple|Dragon Rush|p1b: Clefable
|-immune|p1b: Clefable
|cant|p1a: Gallade|slp
|
|-heal|p1b: Clefable|65/100 brn|[from] item: Leftovers
|-fieldend|move: Gravity
|upkeep
|turn|8
|inactive|cbdtoilet has 30 seconds left.
|
|t:|1784534600
|switch|p2a: Sableye|Sableye, L50, M, shiny|100/100
|move|p2b: Delphox|Protect|p2b: Delphox
|-singleturn|p2b: Delphox|Protect
|move|p1b: Clefable|Follow Me|p1b: Clefable
|-singleturn|p1b: Clefable|move: Follow Me
|-curestatus|p1a: Gallade|slp|[msg]
|move|p1a: Gallade|Rock Slide|p2b: Delphox|[spread] p2a
|-activate|p2b: Delphox|move: Protect
|-damage|p2a: Sableye|66/100
|
|-heal|p1b: Clefable|71/100 brn|[from] item: Leftovers
|upkeep
|turn|9
|
|t:|1784534618
|switch|p2b: Milotic|Milotic, L50, F, shiny|100/100
|move|p1a: Gallade|Shadow Sneak|p2a: Sableye
|-damage|p2a: Sableye|42/100
|move|p2a: Sableye|Gravity|p2a: Sableye
|-fieldstart|move: Gravity
|move|p1b: Clefable|Life Dew|p1b: Clefable|[spread] p1a,p1b
|-heal|p1a: Gallade|83/100
|-heal|p1b: Clefable|96/100 brn
|
|-heal|p1b: Clefable|100/100 brn|[from] item: Leftovers
|upkeep
|turn|10
|inactive|cbdtoilet has 30 seconds left.
|
|t:|1784534647
|move|p1b: Clefable|Follow Me|p1b: Clefable
|-singleturn|p1b: Clefable|move: Follow Me
|move|p1a: Gallade|Shadow Sneak|p2a: Sableye
|-damage|p2a: Sableye|18/100
|move|p2a: Sableye|Disable|p1b: Clefable
|-start|p1b: Clefable|Disable|Follow Me
|move|p2b: Milotic|Icy Wind|p1a: Gallade|[spread] p1a,p1b
|-damage|p1a: Gallade|74/100
|-damage|p1b: Clefable|91/100 brn
|-unboost|p1a: Gallade|spe|1
|-unboost|p1b: Clefable|spe|1
|
|-heal|p1b: Clefable|97/100 brn|[from] item: Leftovers
|upkeep
|turn|11
|
|t:|1784534665
|move|p1a: Gallade|Shadow Sneak|p2a: Sableye
|-damage|p2a: Sableye|0 fnt
|faint|p2a: Sableye
|move|p2b: Milotic|Scald|p1a: Gallade
|-damage|p1a: Gallade|46/100
|-status|p1a: Gallade|brn
|move|p1b: Clefable|Life Dew|p1b: Clefable|[spread] p1a,p1b
|-heal|p1a: Gallade|72/100 brn
|-heal|p1b: Clefable|100/100 brn
|
|-damage|p1a: Gallade|66/100 brn|[from] brn
|upkeep
|
|t:|1784534679
|switch|p2a: Flapple|Flapple, L50, M, shiny|100/100
|turn|12
|inactive|cbdtoilet has 30 seconds left.
|inactive|cbdtoilet has 20 seconds left.
|inactive|cbdtoilet has 15 seconds left.
|inactive|cbdtoilet has 10 seconds left.
|inactive|cbdtoilet has 5 seconds left.
|
|t:|1784534734
|switch|p2b: Delphox|Delphox-Mega, L50, F, shiny|100/100
|move|p2a: Flapple|Grav Apple|p1b: Clefable
|-damage|p1b: Clefable|34/100 brn
|-unboost|p1b: Clefable|def|1
|move|p1a: Gallade|Drain Punch|p2a: Flapple
|-damage|p2a: Flapple|62/100
|-heal|p1a: Gallade|82/100 brn|[from] drain|[of] p2a: Flapple
|move|p1b: Clefable|Life Dew|p1b: Clefable|[spread] p1a,p1b
|-heal|p1a: Gallade|100/100 brn
|-heal|p1b: Clefable|59/100 brn
|
|-heal|p1b: Clefable|65/100 brn|[from] item: Leftovers
|-damage|p1a: Gallade|94/100 brn|[from] brn
|upkeep
|turn|13
|-message|cbdtoilet forfeited.
|raw|cbdtoilet's rating: 1040 → 1022(-18 for losing)
|raw|yosiel's rating: 1003 → 1047(+44 for winning)
|
|win|yosiel
|l|☆cbdtoilet
|player|p1|
