|j|☆luckstat10
|j|☆chademacaco
|html|luckstat10chademacaco    
|uhtml|bestof|Game 2 of a best-of-3
|t:|1757716028
|gametype|doubles
|player|p1|luckstat10|265|1134
|player|p2|chademacaco|265|1141
|gen|9
|tier|[Gen 9] VGC 2025 Reg H (Bo3)
|rated|
|rule|Species Clause: Limit one of each Pokémon
|rule|Item Clause: Limit 1 of each item
|clearpoke
|poke|p1|Whimsicott, L50, F|
|poke|p1|Typhlosion-Hisui, L50, M|
|poke|p1|Indeedee, L50, M|
|poke|p1|Sneasler, L50, F|
|poke|p1|Dragapult, L50, M|
|poke|p1|Milotic, L50, F|
|poke|p2|Annihilape, L50, M|
|poke|p2|Slaking, L50, M|
|poke|p2|Weezing-Galar, L50, M|
|poke|p2|Sinistcha, L50|
|poke|p2|Ribombee, L50, F|
|poke|p2|Incineroar, L50, M|
|teampreview|4
|showteam|p1|Whimsicott||CovertCloak|Prankster|Tailwind,SunnyDay,Encore,Moonblast|||F|||50|,,,,,Fire]Typhlosion-Hisui||ChoiceScarf|Blaze|Eruption,HeatWave,ShadowBall,Flamethrower|||M|||50|,,,,,Fire]Indeedee||FocusSash|PsychicSurge|ExpandingForce,Imprison,TrickRoom,Protect|||M|||50|,,,,,Psychic]Sneasler||PsychicSeed|Unburden|DireClaw,CloseCombat,ThroatChop,Protect|||F|||50|,,,,,Dark]Dragapult||ChoiceBand|ClearBody|DragonDarts,PhantomForce,TeraBlast,Uturn|||M|||50|,,,,,Fighting]Milotic||FlameOrb|MarvelScale|IcyWind,Scald,Haze,Recover|||F|||50|,,,,,Dragon
|showteam|p2|Annihilape||SafetyGoggles|Defiant|DrainPunch,RageFist,BulkUp,Protect|||M|||50|,,,,,Fire]Slaking||LifeOrb|Truant|DoubleEdge,SuckerPunch,Earthquake,Protect|||M|||50|,,,,,Ghost]Weezing-Galar||SitrusBerry|NeutralizingGas|StrangeSteam,Taunt,WillOWisp,Protect|||M|||50|,,,,,Flying]Sinistcha||RockyHelmet|Hospitality|MatchaGotcha,LifeDew,RagePowder,TrickRoom||||||50|,,,,,Dark]Ribombee||FocusSash|ShieldDust|Moonblast,SunnyDay,Tailwind,SkillSwap|||F|||50|,,,,,Ghost]Incineroar||AbilityShield|Intimidate|FlareBlitz,KnockOff,FakeOut,Protect|||M|||50|,,,,,Water
|inactive|Battle timer is ON: inactive players will automatically lose when time's up. (requested by chademacaco)
|
|t:|1757716056
|teamsize|p1|4
|teamsize|p2|4
|start
|switch|p1a: Typhlosion|Typhlosion-Hisui, L50, M, shiny|100/100
|switch|p1b: Indeedee|Indeedee, L50, M|100/100
|switch|p2a: Slaking|Slaking, L50, M|100/100
|switch|p2b: Weezing|Weezing-Galar, L50, M|100/100
|-ability|p2b: Weezing|Neutralizing Gas
|turn|1
|inactive|luckstat10 has 30 seconds left.
|inactive|luckstat10 has 20 seconds left.
|
|t:|1757716092
|switch|p1a: Calypso|Milotic, L50, F, shiny|100/100
|move|p2b: Weezing|Protect|p2b: Weezing
|-singleturn|p2b: Weezing|Protect
|move|p2a: Slaking|Sucker Punch||[still]
|-fail|p2a: Slaking
|move|p1b: Indeedee|Expanding Force|p2b: Weezing
|-activate|p2b: Weezing|move: Protect
|
|-status|p1a: Calypso|brn|[from] item: Flame Orb
|upkeep
|turn|2
|inactive|chademacaco has 30 seconds left.
|inactive|chademacaco has 20 seconds left.
|inactive|chademacaco has 15 seconds left.
|inactive|chademacaco has 10 seconds left.
|inactive|chademacaco has 5 seconds left.
|
|t:|1757716143
|switch|p1a: Dragapult|Dragapult, L50, M|100/100
|-terastallize|p2b: Weezing|Flying
|move|p1b: Indeedee|Expanding Force|p2b: Weezing
|-damage|p2b: Weezing|49/100
|-enditem|p2b: Weezing|Sitrus Berry|[eat]
|-heal|p2b: Weezing|74/100|[from] item: Sitrus Berry
|move|p2a: Slaking|Double-Edge|p1a: Dragapult
|-immune|p1a: Dragapult
|move|p2b: Weezing|Strange Steam|p1a: Dragapult
|-supereffective|p1a: Dragapult
|-damage|p1a: Dragapult|29/100
|
|upkeep
|turn|3
|
|t:|1757716162
|switch|p1a: Calypso|Milotic, L50, F, shiny|100/100 brn
|move|p1b: Indeedee|Expanding Force|p2a: Slaking
|-damage|p2a: Slaking|60/100
|move|p2a: Slaking|Earthquake|p1b: Indeedee|[spread] p1a,p1b
|-immune|p2b: Weezing
|-damage|p1a: Calypso|61/100 brn
|-damage|p1b: Indeedee|16/100
|-damage|p2a: Slaking|51/100|[from] item: Life Orb
|move|p2b: Weezing|Strange Steam|p1b: Indeedee
|-damage|p1b: Indeedee|0 fnt
|faint|p1b: Indeedee
|
|-damage|p1a: Calypso|55/100 brn|[from] brn
|upkeep
|
|t:|1757716172
|switch|p1b: Typhlosion|Typhlosion-Hisui, L50, M, shiny|100/100
|turn|4
|
|t:|1757716194
|-terastallize|p1b: Typhlosion|Fire
|move|p2a: Slaking|Sucker Punch|p1b: Typhlosion
|-damage|p1b: Typhlosion|41/100
|-damage|p2a: Slaking|41/100|[from] item: Life Orb
|move|p1b: Typhlosion|Heat Wave|p2a: Slaking|[spread] p2a,p2b
|-damage|p2a: Slaking|0 fnt
|-damage|p2b: Weezing|4/100
|faint|p2a: Slaking
|move|p2b: Weezing|Strange Steam|p1a: Calypso
|-damage|p1a: Calypso|35/100 brn
|move|p1a: Calypso|Icy Wind|p2b: Weezing
|-supereffective|p2b: Weezing
|-damage|p2b: Weezing|0 fnt
|faint|p2b: Weezing
|-end|p2b: Weezing|ability: Neutralizing Gas
|
|-damage|p1a: Calypso|29/100 brn|[from] brn
|upkeep
|
|t:|1757716207
|switch|p2a: Ribombee|Ribombee, L50, F|100/100
|switch|p2b: Incineroar|Incineroar, L50, M|100/100
|-ability|p2b: Incineroar|Intimidate|boost
|-unboost|p1a: Calypso|atk|1
|-unboost|p1b: Typhlosion|atk|1
|turn|5
|
|t:|1757716226
|move|p2b: Incineroar|Fake Out|p1b: Typhlosion
|-damage|p1b: Typhlosion|21/100
|cant|p1b: Typhlosion|flinch
|move|p2a: Ribombee|Moonblast|p1a: Calypso
|-damage|p1a: Calypso|0 fnt
|faint|p1a: Calypso
|
|upkeep
|
|t:|1757716234
|switch|p1a: Dragapult|Dragapult, L50, M|29/100
|turn|6
|
|t:|1757716245
|move|p1b: Typhlosion|Heat Wave|p2b: Incineroar|[spread] p2a,p2b
|-supereffective|p2a: Ribombee
|-crit|p2a: Ribombee
|-resisted|p2b: Incineroar
|-enditem|p2a: Ribombee|Focus Sash
|-damage|p2a: Ribombee|1/100
|-damage|p2b: Incineroar|68/100
|move|p1a: Dragapult|Phantom Force||[still]
|-prepare|p1a: Dragapult|Phantom Force
|move|p2a: Ribombee|Moonblast|p1a: Dragapult|[miss]
|-miss|p2a: Ribombee|p1a: Dragapult
|move|p2b: Incineroar|Knock Off|p1b: Typhlosion
|-damage|p1b: Typhlosion|0 fnt
|-enditem|p1b: Typhlosion|Choice Scarf|[from] move: Knock Off|[of] p2b: Incineroar
|faint|p1b: Typhlosion
|
|upkeep
|turn|7
|
|t:|1757716263
|move|p1a: Dragapult|Phantom Force|p2a: Ribombee|[from] lockedmove
|-damage|p2a: Ribombee|0 fnt
|faint|p2a: Ribombee
|move|p2b: Incineroar|Knock Off|p1a: Dragapult
|-supereffective|p1a: Dragapult
|-damage|p1a: Dragapult|0 fnt
|-enditem|p1a: Dragapult|Choice Band|[from] move: Knock Off|[of] p2b: Incineroar
|faint|p1a: Dragapult
|
|win|chademacaco
||luckstat10 is ready for game 3.
