|j|☆Hejxncmdbxhx
|j|☆MaxwellBaker
|html|HejxncmdbxhxMaxwellBaker    
|uhtml|bestof|Game 2 of a best-of-3
|t:|1784841315
|gametype|doubles
|player|p1|Hejxncmdbxhx|102|1000
|player|p2|MaxwellBaker|102|1051
|gen|9
|tier|[Gen 9 Champions] VGC 2026 Reg M-B (Bo3)
|rated|
|rule|Species Clause: Limit one of each Pokémon
|rule|Item Clause: Limit 1 of each item
|clearpoke
|poke|p1|Annihilape, L50, M|
|poke|p1|Milotic, L50, M|
|poke|p1|Aerodactyl, L50, M, shiny|
|poke|p1|Farigiraf, L50, M, shiny|
|poke|p1|Mawile, L50, M|
|poke|p1|Sinistcha, L50|
|poke|p2|Decidueye-Hisui, L50, F|
|poke|p2|Florges, L50, F|
|poke|p2|Raichu, L50, M|
|poke|p2|Incineroar, L50, F|
|poke|p2|Staraptor, L50, F|
|poke|p2|Milotic, L50, M|
|teampreview|4
|showteam|p1|Annihilape||FocusSash|Defiant|Protect,RockTomb,PhantomForce,DrainPunch|Adamant||M|||50|]Milotic||Leftovers|Competitive|IceBeam,MuddyWater,Protect,Scald|Bold||M|||50|]Aerodactyl||Aerodactylite|Unnerve|Protect,Tailwind,DualWingbeat,RockSlide|Jolly||M|||50|]Farigiraf||SitrusBerry|ArmorTail|Protect,Imprison,TrickRoom,Thunderbolt|Serious||M|||50|]Mawile||Mawilite|Intimidate|Protect,PlayRough,IronHead,SuckerPunch|Adamant||M|||50|]Sinistcha||OccaBerry|Hospitality|TrickRoom,RagePowder,MatchaGotcha,Protect|Bold|||||50|
|showteam|p2|Decidueye-Hisui||ScopeLens|Scrappy|TripleArrows,LeafBlade,SuckerPunch,Protect|Jolly||F|||50|]Florges||LifeOrb|FlowerVeil|Moonblast,Psychic,PollenPuff,Protect|Modest||F|||50|]Raichu||RaichuniteY|LightningRod|FakeOut,ZapCannon,FocusBlast,Protect|Timid||M|||50|]Incineroar||SitrusBerry|Intimidate|FakeOut,FlareBlitz,ThroatChop,PartingShot|Careful||F|||50|]Staraptor||Staraptite|Intimidate|BraveBird,CloseCombat,Tailwind,Protect|Jolly||F|||50|]Milotic||Leftovers|Competitive|Scald,IceBeam,Haze,Protect|Bold||M|||50|
|inactive|Battle timer is ON: inactive players will automatically lose when time's up. (requested by Hejxncmdbxhx)
|
|t:|1784841339
|teamsize|p1|4
|teamsize|p2|4
|start
|switch|p1a: Milotic|Milotic, L50, M|100/100
|switch|p1b: Farigiraf|Farigiraf, L50, M, shiny|100/100
|switch|p2a: Staraptor|Staraptor, L50, F|100/100
|switch|p2b: Incineroar|Incineroar, L50, F|100/100
|-ability|p2a: Staraptor|Intimidate|boost
|-unboost|p1a: Milotic|atk|1
|-ability|p1a: Milotic|Competitive|boost
|-boost|p1a: Milotic|spa|2
|-unboost|p1b: Farigiraf|atk|1
|-ability|p2b: Incineroar|Intimidate|boost
|-unboost|p1a: Milotic|atk|1
|-ability|p1a: Milotic|Competitive|boost
|-boost|p1a: Milotic|spa|2
|-unboost|p1b: Farigiraf|atk|1
|turn|1
|c|☆MaxwellBaker|Ah.
|c|☆MaxwellBaker|I lose
|inactive|MaxwellBaker has 30 seconds left.
|
|t:|1784841373
|detailschange|p2a: Staraptor|Staraptor-Mega, L50, F
|-mega|p2a: Staraptor|Staraptor|Staraptite
|move|p2a: Staraptor|Close Combat|p1a: Milotic
|-damage|p1a: Milotic|52/100
|-boost|p2a: Staraptor|def|1
|-boost|p2a: Staraptor|spd|1
|move|p1a: Milotic|Ice Beam|p2a: Staraptor
|-supereffective|p2a: Staraptor|1
|-damage|p2a: Staraptor|16/100
|move|p2b: Incineroar|Throat Chop|p1a: Milotic
|-damage|p1a: Milotic|26/100
|-start|p1a: Milotic|Throat Chop|[silent]
|move|p1b: Farigiraf|Trick Room|p1b: Farigiraf
|-fieldstart|move: Trick Room|[of] p1b: Farigiraf
|
|-heal|p1a: Milotic|32/100|[from] item: Leftovers
|upkeep
|turn|2
|inactive|Hejxncmdbxhx has 30 seconds left.
|inactive|Hejxncmdbxhx has 20 seconds left.
|
|t:|1784841408
|switch|p2a: Milotic|Milotic, L50, M|100/100
|move|p1a: Milotic|Protect|p1a: Milotic
|-singleturn|p1a: Milotic|Protect
|move|p2b: Incineroar|Throat Chop|p1a: Milotic
|-activate|p1a: Milotic|move: Protect
|move|p1b: Farigiraf|Thunderbolt|p2a: Milotic
|-supereffective|p2a: Milotic|1
|-damage|p2a: Milotic|69/100
|
|-heal|p2a: Milotic|75/100|[from] item: Leftovers
|-heal|p1a: Milotic|38/100|[from] item: Leftovers
|-end|p1a: Milotic|Throat Chop|[silent]
|upkeep
|turn|3
|
|t:|1784841428
|move|p2b: Incineroar|Throat Chop|p1b: Farigiraf
|-supereffective|p1b: Farigiraf|1
|-damage|p1b: Farigiraf|35/100
|-start|p1b: Farigiraf|Throat Chop|[silent]
|-enditem|p1b: Farigiraf|Sitrus Berry|[eat]
|-heal|p1b: Farigiraf|60/100|[from] item: Sitrus Berry
|move|p1b: Farigiraf|Imprison|p1b: Farigiraf
|-start|p1b: Farigiraf|move: Imprison
|move|p2a: Milotic|Haze|p2a: Milotic
|-clearallboost
|move|p1a: Milotic|Muddy Water|p2a: Milotic|[spread] p2a,p2b
|-resisted|p2a: Milotic|1
|-supereffective|p2b: Incineroar|1
|-damage|p2a: Milotic|66/100
|-damage|p2b: Incineroar|63/100
|
|-heal|p1a: Milotic|44/100|[from] item: Leftovers
|-heal|p2a: Milotic|72/100|[from] item: Leftovers
|upkeep
|turn|4
|inactive|MaxwellBaker has 30 seconds left.
|
|t:|1784841453
|move|p2b: Incineroar|Throat Chop|p1a: Milotic
|-damage|p1a: Milotic|17/100
|-start|p1a: Milotic|Throat Chop|[silent]
|move|p1b: Farigiraf|Thunderbolt|p2a: Milotic
|-supereffective|p2a: Milotic|1
|-damage|p2a: Milotic|40/100
|move|p1a: Milotic|Scald|p2b: Incineroar
|-supereffective|p2b: Incineroar|1
|-damage|p2b: Incineroar|20/100y
|-enditem|p2b: Incineroar|Sitrus Berry|[eat]
|-heal|p2b: Incineroar|45/100|[from] item: Sitrus Berry
|move|p2a: Milotic|Scald|p1b: Farigiraf
|-damage|p1b: Farigiraf|28/100
|
|-heal|p2a: Milotic|46/100|[from] item: Leftovers
|-heal|p1a: Milotic|23/100|[from] item: Leftovers
|-end|p1b: Farigiraf|Throat Chop|[silent]
|upkeep
|turn|5
|inactive|Hejxncmdbxhx has 30 seconds left.
|inactive|MaxwellBaker has 30 seconds left.
|
|t:|1784841484
|move|p2b: Incineroar|Throat Chop|p1a: Milotic
|-damage|p1a: Milotic|0 fnt
|faint|p1a: Milotic
|move|p1b: Farigiraf|Thunderbolt|p2a: Milotic
|-supereffective|p2a: Milotic|1
|-damage|p2a: Milotic|14/100
|-status|p2a: Milotic|par
|move|p2a: Milotic|Scald|p1b: Farigiraf
|-damage|p1b: Farigiraf|0 fnt
|faint|p1b: Farigiraf
|
|-heal|p2a: Milotic|20/100y par|[from] item: Leftovers
|-fieldend|move: Trick Room
|upkeep
|
|t:|1784841490
|switch|p1a: Annihilape|Annihilape, L50, M|100/100
|switch|p1b: Mawile|Mawile, L50, M|100/100
|-ability|p1b: Mawile|Intimidate|boost
|-unboost|p2a: Milotic|atk|1
|-ability|p2a: Milotic|Competitive|boost
|-boost|p2a: Milotic|spa|2
|-unboost|p2b: Incineroar|atk|1
|turn|6
|
|t:|1784841514
|detailschange|p1b: Mawile|Mawile-Mega, L50, M
|-mega|p1b: Mawile|Mawile|Mawilite
|move|p2a: Milotic|Protect|p2a: Milotic
|-singleturn|p2a: Milotic|Protect
|move|p1a: Annihilape|Drain Punch|p2b: Incineroar
|-supereffective|p2b: Incineroar|1
|-damage|p2b: Incineroar|0 fnt
|faint|p2b: Incineroar
|move|p1b: Mawile|Play Rough|p2a: Milotic
|-activate|p2a: Milotic|move: Protect
|
|-heal|p2a: Milotic|26/100 par|[from] item: Leftovers
|upkeep
|
|t:|1784841532
|switch|p2b: Staraptor|Staraptor-Mega, L50, F|16/100
|turn|7
|
|t:|1784841547
|move|p1b: Mawile|Sucker Punch|p2b: Staraptor
|-resisted|p2b: Staraptor|1
|-damage|p2b: Staraptor|0 fnt
|faint|p2b: Staraptor
|move|p1a: Annihilape|Drain Punch|p2a: Milotic
|-damage|p2a: Milotic|0 fnt
|faint|p2a: Milotic
|
|upkeep
|
|t:|1784841556
|switch|p2a: Decidueye|Decidueye-Hisui, L50, F|100/100
|turn|8
|inactive|MaxwellBaker has 30 seconds left.
|
|t:|1784841588
|move|p1b: Mawile|Sucker Punch|p2a: Decidueye
|-resisted|p2a: Decidueye|1
|-damage|p2a: Decidueye|74/100
|move|p2a: Decidueye|Triple Arrows|p1a: Annihilape
|-damage|p1a: Annihilape|55/100
|-unboost|p1a: Annihilape|def|1
|-ability|p1a: Annihilape|Defiant|boost
|-boost|p1a: Annihilape|atk|2
|move|p1a: Annihilape|Phantom Force||[still]
|-prepare|p1a: Annihilape|Phantom Force
|
|upkeep
|turn|9
|
|t:|1784841603
|move|p2a: Decidueye|Triple Arrows|p1b: Mawile
|-damage|p1b: Mawile|63/100
|-unboost|p1b: Mawile|def|1
|move|p1a: Annihilape|Phantom Force|p2a: Decidueye|[from] lockedmove
|-damage|p2a: Decidueye|0 fnt
|faint|p2a: Decidueye
|
|win|Hejxncmdbxhx
|raw|Hejxncmdbxhx's rating: 1000 → 1046(+46 for winning)
|raw|MaxwellBaker's rating: 1051 → 1031(-20 for losing)
|c|☆MaxwellBaker|ggs
|l|☆Hejxncmdbxhx
|player|p1|
