|j|☆Timothim Chalombre
|j|☆wind charmer
|html|Timothim Chalombrewind charmer    
|uhtml|bestof|Game 3 of a best-of-3
|t:|1756870820
|gametype|doubles
|player|p1|Timothim Chalombre|cynthia-gen4|1187
|player|p2|wind charmer|jasmine|1174
|gen|9
|tier|[Gen 9] VGC 2025 Reg H (Bo3)
|rated|
|rule|Species Clause: Limit one of each Pokémon
|rule|Item Clause: Limit 1 of each item
|clearpoke
|poke|p1|Ursaluna, L50, M|
|poke|p1|Incineroar, L50, F|
|poke|p1|Archaludon, L50, M|
|poke|p1|Sneasler, L50, F|
|poke|p1|Yanmega, L50, F|
|poke|p1|Oranguru, L50, F|
|poke|p2|Garchomp, L50, F|
|poke|p2|Milotic, L50, F|
|poke|p2|Gholdengo, L50|
|poke|p2|Talonflame, L50, M|
|poke|p2|Amoonguss, L50, F|
|poke|p2|Tyranitar, L50, F|
|teampreview|4
|showteam|p1|Ursaluna||FlameOrb|Guts|Facade,HeadlongRush,Earthquake,Protect|||M|||50|,,,,,Fairy]Incineroar||SafetyGoggles|Intimidate|FakeOut,KnockOff,FlareBlitz,PartingShot|||F|||50|,,,,,Ghost]Archaludon||PowerHerb|Stalwart|DragonPulse,Thunderbolt,ElectroShot,Protect|||M|||50|,,,,,Electric]Sneasler||WhiteHerb|Unburden|DireClaw,CloseCombat,SwordsDance,Protect|||F|||50|,,,,,Stellar]Yanmega||FocusSash|SpeedBoost|AirSlash,ShadowBall,Tailwind,Protect|||F|||50|,,,,,Ghost]Oranguru||CovertCloak|Telepathy|Psychic,Yawn,TrickRoom,Protect|||F|||50|,,,,,Grass
|showteam|p2|Garchomp||LifeOrb|RoughSkin|Earthquake,StompingTantrum,DragonClaw,Protect|||F|||50|,,,,,Ground]Milotic||SafetyGoggles|Competitive|Scald,IcyWind,Haze,Protect|||F|||50|,,,,,Dragon]Gholdengo||MetalCoat|GoodasGold|MakeItRain,ShadowBall,NastyPlot,Protect||||||50|,,,,,Flying]Talonflame||CovertCloak|GaleWings|BraveBird,Tailwind,WillOWisp,Taunt|||M|||50|,,,,,Ghost]Amoonguss||SitrusBerry|Regenerator|Spore,PollenPuff,RagePowder,Protect|||F|||50|,,,,,Water]Tyranitar||AssaultVest|SandStream|RockSlide,KnockOff,LowKick,TeraBlast|||F|||50|,,,,,Flying
|
|t:|1756870898
|teamsize|p1|4
|teamsize|p2|4
|start
|switch|p1a: Yanmega|Yanmega, L50, F|100/100
|switch|p1b: Archaludon|Archaludon, L50, M|100/100
|switch|p2a: Tyranitar|Tyranitar, L50, F|100/100
|switch|p2b: Gholdengo|Gholdengo, L50|100/100
|-weather|Sandstorm|[from] ability: Sand Stream|[of] p2a: Tyranitar
|turn|1
|
|t:|1756870938
|-terastallize|p1b: Archaludon|Electric
|move|p1a: Yanmega|Protect|p1a: Yanmega
|-singleturn|p1a: Yanmega|Protect
|move|p2b: Gholdengo|Shadow Ball|p1b: Archaludon
|-damage|p1b: Archaludon|54/100
|move|p1b: Archaludon|Electro Shot||[still]
|-prepare|p1b: Archaludon|Electro Shot
|-boost|p1b: Archaludon|spa|1
|-enditem|p1b: Archaludon|Power Herb
|-anim|p1b: Archaludon|Electro Shot|p2a: Tyranitar
|-damage|p2a: Tyranitar|61/100
|move|p2a: Tyranitar|Low Kick|p1b: Archaludon
|-damage|p1b: Archaludon|31/100
|
|-weather|Sandstorm|[upkeep]
|-damage|p1a: Yanmega|94/100|[from] Sandstorm
|-damage|p1b: Archaludon|25/100|[from] Sandstorm
|-ability|p1a: Yanmega|Speed Boost|boost
|-boost|p1a: Yanmega|spe|1
|upkeep
|turn|2
|
|t:|1756870969
|move|p1b: Archaludon|Protect|p1b: Archaludon
|-singleturn|p1b: Archaludon|Protect
|move|p1a: Yanmega|Tailwind|p1a: Yanmega
|-sidestart|p1: Timothim Chalombre|move: Tailwind
|move|p2b: Gholdengo|Make It Rain|p1b: Archaludon|[spread] p1a
|-activate|p1b: Archaludon|move: Protect
|-damage|p1a: Yanmega|0 fnt
|-unboost|p2b: Gholdengo|spa|1
|faint|p1a: Yanmega
|move|p2a: Tyranitar|Rock Slide|p1b: Archaludon
|-activate|p1b: Archaludon|move: Protect
|
|-weather|Sandstorm|[upkeep]
|-damage|p1b: Archaludon|19/100|[from] Sandstorm
|upkeep
|
|t:|1756871000
|switch|p1a: Ursaluna|Ursaluna, L50, M|100/100
|turn|3
|
|t:|1756871030
|move|p2b: Gholdengo|Protect|p2b: Gholdengo
|-singleturn|p2b: Gholdengo|Protect
|move|p1b: Archaludon|Thunderbolt|p2a: Tyranitar
|-damage|p2a: Tyranitar|30/100
|move|p1a: Ursaluna|Headlong Rush|p2a: Tyranitar
|-supereffective|p2a: Tyranitar
|-damage|p2a: Tyranitar|0 fnt
|-unboost|p1a: Ursaluna|def|1
|-unboost|p1a: Ursaluna|spd|1
|faint|p2a: Tyranitar
|
|-weather|Sandstorm|[upkeep]
|-damage|p1b: Archaludon|13/100|[from] Sandstorm
|-status|p1a: Ursaluna|brn|[from] item: Flame Orb
|upkeep
|
|t:|1756871038
|switch|p2a: Talonflame|Talonflame, L50, M|100/100
|turn|4
|
|t:|1756871075
|switch|p1a: Incineroar|Incineroar, L50, F|100/100
|-ability|p1a: Incineroar|Intimidate|boost
|-unboost|p2a: Talonflame|atk|1
|-unboost|p2b: Gholdengo|atk|1
|move|p2a: Talonflame|Tailwind|p2a: Talonflame
|-sidestart|p2: wind charmer|move: Tailwind
|move|p2b: Gholdengo|Make It Rain|p1a: Incineroar|[spread] p1a,p1b
|-resisted|p1a: Incineroar
|-resisted|p1b: Archaludon
|-damage|p1a: Incineroar|87/100
|-damage|p1b: Archaludon|0 fnt
|-unboost|p2b: Gholdengo|spa|1
|faint|p1b: Archaludon
|
|-weather|Sandstorm|[upkeep]
|-damage|p2a: Talonflame|94/100|[from] Sandstorm
|upkeep
|
|t:|1756871078
|switch|p1b: Ursaluna|Ursaluna, L50, M|100/100 brn
|turn|5
|
|t:|1756871097
|move|p2a: Talonflame|Brave Bird|p1b: Ursaluna
|-damage|p1b: Ursaluna|80/100 brn
|-damage|p2a: Talonflame|86/100|[from] Recoil
|move|p2b: Gholdengo|Make It Rain|p1b: Ursaluna|[spread] p1a,p1b
|-resisted|p1a: Incineroar
|-damage|p1a: Incineroar|77/100
|-damage|p1b: Ursaluna|59/100 brn
|-unboost|p2b: Gholdengo|spa|1
|move|p1b: Ursaluna|Facade|p2a: Talonflame
|-damage|p2a: Talonflame|0 fnt
|faint|p2a: Talonflame
|move|p1a: Incineroar|Flare Blitz|p2b: Gholdengo
|-supereffective|p2b: Gholdengo
|-damage|p2b: Gholdengo|2/100
|-damage|p1a: Incineroar|48/100|[from] Recoil
|
|-weather|none
|-damage|p1b: Ursaluna|53/100 brn|[from] brn
|-sideend|p1: Timothim Chalombre|move: Tailwind
|upkeep
|
|t:|1756871117
|switch|p2a: Garchomp|Garchomp, L50, F|100/100
|turn|6
|
|t:|1756871152
|-terastallize|p2b: Gholdengo|Flying
|move|p2a: Garchomp|Earthquake|p1a: Incineroar|[spread] p1a,p1b
|-immune|p2b: Gholdengo
|-supereffective|p1a: Incineroar
|-damage|p1a: Incineroar|0 fnt
|-damage|p1b: Ursaluna|11/100 brn
|faint|p1a: Incineroar
|-damage|p2a: Garchomp|91/100|[from] item: Life Orb
|move|p2b: Gholdengo|Make It Rain|p1b: Ursaluna
|-damage|p1b: Ursaluna|0 fnt
|-unboost|p2b: Gholdengo|spa|1
|faint|p1b: Ursaluna
|
|win|wind charmer
|raw|Timothim Chalombre's rating: 1187 → 1161(-26 for losing)
|raw|wind charmer's rating: 1174 → 1200(+26 for winning)
