|j|☆Jarvis1
|j|☆MrGardnHose
|html|Jarvis1MrGardnHose    
|uhtml|bestof|Game 1 of a best-of-3
|t:|1782573761
|gametype|doubles
|player|p1|Jarvis1|1|1195
|player|p2|MrGardnHose|jasmine-masters2|1208
|gen|9
|tier|[Gen 9 Champions] VGC 2026 Reg M-B (Bo3)
|rated|
|rule|Species Clause: Limit one of each Pokémon
|rule|Item Clause: Limit 1 of each item
|clearpoke
|poke|p1|Metagross, L50|
|poke|p1|Talonflame, L50, M|
|poke|p1|Sylveon, L50, F|
|poke|p1|Sinistcha-Masterpiece, L50|
|poke|p1|Swampert, L50, M|
|poke|p1|Pelipper, L50, M|
|poke|p2|Metagross, L50|
|poke|p2|Garchomp, L50, F|
|poke|p2|Talonflame, L50, F|
|poke|p2|Eelektross, L50, F|
|poke|p2|Basculegion, L50, M|
|poke|p2|Kingambit, L50, F|
|teampreview|4
|showteam|p1|Metagross||Metagrossite|ClearBody|PsychicFangs,IronHead,RockSlide,Protect|Jolly|||||50|]Talonflame||FocusSash|GaleWings|DualWingbeat,Protect,Tailwind,RainDance|Jolly||M|||50|]Sylveon||FairyFeather|Pixilate|HyperVoice,HyperBeam,QuickAttack,Detect|Modest||F|||50|]Sinistcha-Masterpiece||SitrusBerry|Hospitality|MatchaGotcha,RagePowder,TrickRoom,Protect|Relaxed|||||50|]Swampert||Swampertite|Torrent|WaveCrash,KnockOff,Earthquake,Protect|Adamant||M|||50|]Pelipper||ChoiceScarf|Drizzle|WeatherBall,Hurricane,Uturn,IceBeam|Modest||M|||50|
|showteam|p2|Metagross||Metagrossite|ClearBody|IronHead,PsychicFangs,IcePunch,Protect|Timid|||||50|]Garchomp||LifeOrb|RoughSkin|Earthquake,RockSlide,DragonClaw,Protect|Jolly||F|||50|]Talonflame||SharpBeak|GaleWings|DualWingbeat,FlareBlitz,Tailwind,UpperHand|Jolly||F|||50|]Eelektross||Eelektrossite|Levitate|Thunderbolt,Discharge,GigaDrain,Protect|Modest||F|||50|]Basculegion||MysticWater|Adaptability|AquaJet,WaveCrash,LastRespects,Protect|Adamant||M|||50|]Kingambit||BlackGlasses|Defiant|KowtowCleave,SuckerPunch,LowKick,Protect|Adamant||F|||50|
|
|t:|1782573807
|teamsize|p1|4
|teamsize|p2|4
|start
|switch|p1a: Pelipper|Pelipper, L50, M|100/100
|switch|p1b: Swampert|Swampert, L50, M|100/100
|switch|p2a: Talonflame|Talonflame, L50, F|100/100
|switch|p2b: Garchomp|Garchomp, L50, F|100/100
|-weather|RainDance|[from] ability: Drizzle|[of] p1a: Pelipper
|turn|1
|
|t:|1782573819
|detailschange|p1b: Swampert|Swampert-Mega, L50, M
|-mega|p1b: Swampert|Swampert|Swampertite
|move|p2a: Talonflame|Tailwind|p2a: Talonflame
|-sidestart|p2: MrGardnHose|move: Tailwind
|move|p2b: Garchomp|Rock Slide|p1b: Swampert|[spread] p1a,p1b
|-supereffective|p1a: Pelipper|1
|-resisted|p1b: Swampert|1
|-damage|p1a: Pelipper|33/100
|-damage|p1b: Swampert|88/100
|-damage|p2b: Garchomp|90/100|[from] item: Life Orb
|cant|p1b: Swampert|flinch
|cant|p1a: Pelipper|flinch
|
|-weather|RainDance|[upkeep]
|upkeep
|turn|2
|
|t:|1782573836
|switch|p1a: Metagross|Metagross, L50|100/100
|move|p2a: Talonflame|Dual Wingbeat|p1b: Swampert
|-damage|p1b: Swampert|70/100
|-damage|p1b: Swampert|52/100
|-hitcount|p1b: Swampert|2
|move|p2b: Garchomp|Rock Slide|p1a: Metagross|[spread] p1a,p1b
|-resisted|p1a: Metagross|1
|-resisted|p1b: Swampert|1
|-damage|p1a: Metagross|89/100
|-damage|p1b: Swampert|41/100
|-damage|p2b: Garchomp|80/100|[from] item: Life Orb
|move|p1b: Swampert|Wave Crash|p2b: Garchomp
|-damage|p2b: Garchomp|0 fnt
|-damage|p1b: Swampert|29/100|[from] ability: Rough Skin|[of] p2b: Garchomp
|faint|p2b: Garchomp
|-damage|p1b: Swampert|3/100|[from] Recoil
|
|-weather|RainDance|[upkeep]
|upkeep
|
|t:|1782573848
|switch|p2b: Basculegion|Basculegion, L50, M|100/100
|turn|3
|
|t:|1782573872
|move|p1b: Swampert|Protect|p1b: Swampert
|-singleturn|p1b: Swampert|Protect
|move|p2a: Talonflame|Dual Wingbeat|p1b: Swampert
|-activate|p1b: Swampert|move: Protect
|move|p2b: Basculegion|Wave Crash|p1a: Metagross
|-damage|p1a: Metagross|0 fnt
|faint|p1a: Metagross
|-damage|p2b: Basculegion|74/100|[from] Recoil
|
|-weather|RainDance|[upkeep]
|upkeep
|
|t:|1782573880
|switch|p1a: Sinistcha|Sinistcha-Masterpiece, L50|100/100
|-heal|p1b: Swampert|28/100|[from] ability: Hospitality|[of] p1a: Sinistcha
|turn|4
|
|t:|1782573899
|move|p1a: Sinistcha|Rage Powder|p1a: Sinistcha
|-singleturn|p1a: Sinistcha|move: Rage Powder
|move|p2a: Talonflame|Dual Wingbeat|p1a: Sinistcha
|-supereffective|p1a: Sinistcha|1
|-damage|p1a: Sinistcha|71/100
|-supereffective|p1a: Sinistcha|1
|-damage|p1a: Sinistcha|41/100
|-enditem|p1a: Sinistcha|Sitrus Berry|[eat]
|-heal|p1a: Sinistcha|66/100|[from] item: Sitrus Berry
|-hitcount|p1a: Sinistcha|2
|move|p2b: Basculegion|Last Respects|p1a: Sinistcha
|-supereffective|p1a: Sinistcha|1
|-damage|p1a: Sinistcha|0 fnt
|faint|p1a: Sinistcha
|move|p1b: Swampert|Knock Off|p2b: Basculegion
|-supereffective|p2b: Basculegion|1
|-damage|p2b: Basculegion|0 fnt
|-enditem|p2b: Basculegion|Mystic Water|[from] move: Knock Off|[of] p1b: Swampert
|faint|p2b: Basculegion
|
|-weather|RainDance|[upkeep]
|-sideend|p2: MrGardnHose|move: Tailwind
|upkeep
|
|t:|1782573910
|switch|p2b: Eelektross|Eelektross, L50, F|100/100
|switch|p1a: Pelipper|Pelipper, L50, M|33/100
|turn|5
|
|t:|1782573919
|detailschange|p2b: Eelektross|Eelektross-Mega, L50, F
|-mega|p2b: Eelektross|Eelektross|Eelektrossite
|move|p2a: Talonflame|Tailwind|p2a: Talonflame
|-sidestart|p2: MrGardnHose|move: Tailwind
|move|p1b: Swampert|Wave Crash|p2b: Eelektross
|-damage|p2b: Eelektross|0 fnt
|faint|p2b: Eelektross
|-damage|p1b: Swampert|0 fnt|[from] Recoil
|faint|p1b: Swampert
|move|p1a: Pelipper|Weather Ball|p2a: Talonflame
|-supereffective|p2a: Talonflame|1
|-damage|p2a: Talonflame|0 fnt
|faint|p2a: Talonflame
|
|win|Jarvis1
