|j|☆Frakub
|j|☆YaNoMePisesPa
|html|FrakubYaNoMePisesPa    
|uhtml|bestof|Game 1 of a best-of-3
|t:|1756843711
|gametype|doubles
|player|p1|Frakub|acetrainer-gen4dp|1273
|player|p2|YaNoMePisesPa|acetrainer-gen4dp|1181
|gen|9
|tier|[Gen 9] VGC 2025 Reg H (Bo3)
|rated|
|rule|Species Clause: Limit one of each Pokémon
|rule|Item Clause: Limit 1 of each item
|clearpoke
|poke|p1|Volcarona, L50, F|
|poke|p1|Kingambit, L50, F|
|poke|p1|Dragonite, L50, M|
|poke|p1|Sneasler, L50, F|
|poke|p1|Rillaboom, L50, M|
|poke|p1|Electabuzz, L50, M|
|poke|p2|Gholdengo, L50|
|poke|p2|Grimmsnarl, L50, M|
|poke|p2|Amoonguss, L50, M|
|poke|p2|Incineroar, L50, M|
|poke|p2|Porygon2, L50|
|poke|p2|Ursaluna, L50, F|
|teampreview|4
|showteam|p1|Volcarona||Leftovers|FlameBody|HeatWave,TeraBlast,QuiverDance,Protect|||F|||50|,,,,,Fairy]Kingambit||BlackGlasses|Defiant|KowtowCleave,SuckerPunch,SwordsDance,Protect|||F|||50|,,,,,Dark]Dragonite||LoadedDice|Multiscale|ScaleShot,ExtremeSpeed,Haze,Protect|||M|||50|,,,,,Steel]Sneasler||FocusSash|PoisonTouch|CloseCombat,DireClaw,FakeOut,Coaching|||F|||50|,,,,,Stellar]Rillaboom||AssaultVest|GrassySurge|WoodHammer,GrassyGlide,HighHorsepower,FakeOut|||M|||50|,,,,,Fire]Electabuzz||Eviolite|VitalSpirit|Thunderbolt,Taunt,FollowMe,Protect|||M|||50|,,,,,Ghost
|showteam|p2|Gholdengo||Leftovers|GoodasGold|MakeItRain,ShadowBall,NastyPlot,Protect||||||50|,,,,,Dragon]Grimmsnarl||LightClay|Prankster|LightScreen,Reflect,SpiritBreak,ThunderWave|||M|||50|,,,,,Ghost]Amoonguss||CovertCloak|Regenerator|Spore,RagePowder,PollenPuff,Protect|||M|||50|,,,,,Water]Incineroar||SafetyGoggles|Intimidate|FakeOut,FlareBlitz,KnockOff,PartingShot|||M|||50|,,,,,Ghost]Porygon2||Eviolite|Download|TeraBlast,IceBeam,TrickRoom,Recover||||||50|,,,,,Fighting]Ursaluna||FlameOrb|Guts|Facade,HeadlongRush,Earthquake,Protect|||F|||50|,,,,,Fairy
|inactive|Battle timer is ON: inactive players will automatically lose when time's up. (requested by Frakub)
|inactive|Frakub has 60 seconds left.
|inactive|YaNoMePisesPa has 60 seconds left.
|
|t:|1756843753
|teamsize|p1|4
|teamsize|p2|4
|start
|switch|p1a: Volcarona|Volcarona, L50, F|100/100
|switch|p1b: Electabuzz|Electabuzz, L50, M|100/100
|switch|p2a: Porygon2|Porygon2, L50|100/100
|switch|p2b: Incineroar|Incineroar, L50, M|100/100
|-ability|p2b: Incineroar|Intimidate|boost
|-unboost|p1a: Volcarona|atk|1
|-unboost|p1b: Electabuzz|atk|1
|-ability|p2a: Porygon2|Download|boost
|-boost|p2a: Porygon2|atk|1
|turn|1
|
|t:|1756843774
|switch|p2a: Ursaluna|Ursaluna, L50, F|100/100
|move|p1a: Volcarona|Quiver Dance|p1a: Volcarona
|-boost|p1a: Volcarona|spa|1
|-boost|p1a: Volcarona|spd|1
|-boost|p1a: Volcarona|spe|1
|move|p1b: Electabuzz|Taunt|p2a: Ursaluna
|-start|p2a: Ursaluna|move: Taunt
|move|p2b: Incineroar|Knock Off|p1b: Electabuzz
|-damage|p1b: Electabuzz|71/100
|-enditem|p1b: Electabuzz|Eviolite|[from] move: Knock Off|[of] p2b: Incineroar
|
|-status|p2a: Ursaluna|brn|[from] item: Flame Orb
|upkeep
|turn|2
|inactive|Frakub has 30 seconds left.
|inactive|Frakub has 20 seconds left.
|inactive|Frakub has 15 seconds left.
|
|t:|1756843816
|move|p1b: Electabuzz|Follow Me|p1b: Electabuzz
|-singleturn|p1b: Electabuzz|move: Follow Me
|move|p1a: Volcarona|Quiver Dance|p1a: Volcarona
|-boost|p1a: Volcarona|spa|1
|-boost|p1a: Volcarona|spd|1
|-boost|p1a: Volcarona|spe|1
|move|p2b: Incineroar|Parting Shot|p1b: Electabuzz
|-unboost|p1b: Electabuzz|atk|1
|-unboost|p1b: Electabuzz|spa|1
|
|t:|1756843822
|switch|p2b: Porygon2|Porygon2, L50|100/100|[from] Parting Shot
|-ability|p2b: Porygon2|Download|boost
|-boost|p2b: Porygon2|atk|1
|move|p2a: Ursaluna|Facade|p1b: Electabuzz
|-damage|p1b: Electabuzz|0 fnt
|faint|p1b: Electabuzz
|
|-damage|p2a: Ursaluna|94/100 brn|[from] brn
|upkeep
|
|t:|1756843833
|switch|p1b: Rillaboom|Rillaboom, L50, M|100/100
|-fieldstart|move: Grassy Terrain|[from] ability: Grassy Surge|[of] p1b: Rillaboom
|turn|3
|
|t:|1756843847
|switch|p2a: Incineroar|Incineroar, L50, M|100/100
|-ability|p2a: Incineroar|Intimidate|boost
|-unboost|p1a: Volcarona|atk|1
|-unboost|p1b: Rillaboom|atk|1
|move|p1b: Rillaboom|Fake Out|p2b: Porygon2
|-damage|p2b: Porygon2|94/100
|move|p1a: Volcarona|Heat Wave|p2a: Incineroar|[spread] p2b
|-miss|p1a: Volcarona|p2a: Incineroar
|-damage|p2b: Porygon2|50/100
|cant|p2b: Porygon2|flinch
|
|-heal|p2b: Porygon2|56/100|[from] Grassy Terrain
|upkeep
|turn|4
|
|t:|1756843869
|switch|p1b: Sneasler|Sneasler, L50, F|100/100
|-terastallize|p1a: Volcarona|Fairy
|move|p2a: Incineroar|Fake Out|p1b: Sneasler
|-damage|p1b: Sneasler|80/100
|move|p1a: Volcarona|Tera Blast|p2b: Porygon2|[anim] Tera Blast Fairy
|-damage|p2b: Porygon2|4/100
|move|p2b: Porygon2|Trick Room|p2b: Porygon2
|-fieldstart|move: Trick Room|[of] p2b: Porygon2
|
|-heal|p2b: Porygon2|10/100|[from] Grassy Terrain
|-heal|p1b: Sneasler|86/100|[from] Grassy Terrain
|upkeep
|turn|5
|inactive|YaNoMePisesPa has 30 seconds left.
|inactive|YaNoMePisesPa has 20 seconds left.
|inactive|YaNoMePisesPa has 15 seconds left.
|
|t:|1756843909
|move|p1b: Sneasler|Fake Out|p2a: Incineroar
|-crit|p2a: Incineroar
|-damage|p2a: Incineroar|84/100
|move|p2b: Porygon2|Tera Blast|p1b: Sneasler
|-crit|p1b: Sneasler
|-damage|p1b: Sneasler|5/100
|cant|p2a: Incineroar|flinch
|move|p1a: Volcarona|Heat Wave|p2a: Incineroar|[spread] p2a,p2b
|-resisted|p2a: Incineroar
|-damage|p2a: Incineroar|55/100
|-damage|p2b: Porygon2|0 fnt
|faint|p2b: Porygon2
|
|-heal|p2a: Incineroar|61/100|[from] Grassy Terrain
|-heal|p1b: Sneasler|11/100|[from] Grassy Terrain
|upkeep
|
|t:|1756843912
|switch|p2b: Ursaluna|Ursaluna, L50, F|94/100 brn
|turn|6
|
|t:|1756843927
|switch|p1b: Rillaboom|Rillaboom, L50, M|100/100
|-terastallize|p2b: Ursaluna|Fairy
|move|p1a: Volcarona|Protect|p1a: Volcarona
|-singleturn|p1a: Volcarona|Protect
|move|p2b: Ursaluna|Facade|p1a: Volcarona
|-activate|p1a: Volcarona|move: Protect
|move|p2a: Incineroar|Flare Blitz|p1b: Rillaboom
|-supereffective|p1b: Rillaboom
|-damage|p1b: Rillaboom|1/100
|-damage|p2a: Incineroar|29/100|[from] Recoil
|
|-heal|p2b: Ursaluna|100/100 brn|[from] Grassy Terrain
|-heal|p2a: Incineroar|35/100|[from] Grassy Terrain
|-heal|p1b: Rillaboom|7/100|[from] Grassy Terrain
|-damage|p2b: Ursaluna|94/100 brn|[from] brn
|upkeep
|turn|7
|
|t:|1756843948
|move|p2b: Ursaluna|Protect|p2b: Ursaluna
|-singleturn|p2b: Ursaluna|Protect
|move|p1b: Rillaboom|Fake Out|p2b: Ursaluna
|-activate|p2b: Ursaluna|move: Protect
|move|p2a: Incineroar|Knock Off|p1b: Rillaboom
|-damage|p1b: Rillaboom|0 fnt
|-enditem|p1b: Rillaboom|Assault Vest|[from] move: Knock Off|[of] p2a: Incineroar
|faint|p1b: Rillaboom
|move|p1a: Volcarona|Tera Blast|p2a: Incineroar|[anim] Tera Blast Fairy
|-damage|p2a: Incineroar|0 fnt
|faint|p2a: Incineroar
|
|-heal|p2b: Ursaluna|100/100 brn|[from] Grassy Terrain
|-damage|p2b: Ursaluna|94/100 brn|[from] brn
|-fieldend|move: Grassy Terrain
|upkeep
|
|t:|1756843962
|switch|p2a: Amoonguss|Amoonguss, L50, M|100/100
|switch|p1b: Sneasler|Sneasler, L50, F|11/100
|turn|8
|
|t:|1756843987
|move|p1a: Volcarona|Protect|p1a: Volcarona
|-singleturn|p1a: Volcarona|Protect
|move|p1b: Sneasler|Fake Out|p2b: Ursaluna
|-damage|p2b: Ursaluna|85/100 brn
|move|p2a: Amoonguss|Spore|p1a: Volcarona
|-activate|p1a: Volcarona|move: Protect
|cant|p2b: Ursaluna|flinch
|
|-damage|p2b: Ursaluna|79/100 brn|[from] brn
|-fieldend|move: Trick Room
|upkeep
|turn|9
|
|t:|1756844002
|move|p2a: Amoonguss|Rage Powder|p2a: Amoonguss
|-singleturn|p2a: Amoonguss|move: Rage Powder
|move|p1a: Volcarona|Heat Wave|p2a: Amoonguss|[spread] p2b
|-miss|p1a: Volcarona|p2a: Amoonguss
|-damage|p2b: Ursaluna|21/100 brn
|move|p1b: Sneasler|Dire Claw|p2a: Amoonguss
|-damage|p2a: Amoonguss|66/100
|move|p2b: Ursaluna|Facade|p1a: Volcarona
|-damage|p1a: Volcarona|0 fnt
|faint|p1a: Volcarona
|
|-damage|p2b: Ursaluna|15/100 brn|[from] brn
|upkeep
|turn|10
|
|t:|1756844026
|move|p2a: Amoonguss|Rage Powder|p2a: Amoonguss
|-singleturn|p2a: Amoonguss|move: Rage Powder
|move|p1b: Sneasler|Dire Claw|p2a: Amoonguss
|-damage|p2a: Amoonguss|33/100
|move|p2b: Ursaluna|Facade|p1b: Sneasler
|-damage|p1b: Sneasler|0 fnt
|faint|p1b: Sneasler
|
|win|YaNoMePisesPa
||Frakub is ready for game 2.
|inactive|YaNoMePisesPa has 30 seconds to confirm battle start!
||YaNoMePisesPa is ready for game 2.
|uhtml|next|Next: Game 2 of 3
|l|☆YaNoMePisesPa
|player|p2|
