|j|☆Bazilvts
|j|☆Doomnik
|html|BazilvtsDoomnik    
|uhtml|bestof|Game 1 of a best-of-3
|t:|1782544020
|gametype|doubles
|player|p1|Bazilvts|102|1157
|player|p2|Doomnik|volkner|1198
|gen|9
|tier|[Gen 9 Champions] VGC 2026 Reg M-B (Bo3)
|rated|
|rule|Species Clause: Limit one of each Pokémon
|rule|Item Clause: Limit 1 of each item
|clearpoke
|poke|p1|Gengar, L50, F|
|poke|p1|Incineroar, L50, M|
|poke|p1|Sinistcha, L50|
|poke|p1|Kingambit, L50, M|
|poke|p1|Politoed, L50, F|
|poke|p1|Kommo-o, L50, F|
|poke|p2|Hydreigon, L50, F|
|poke|p2|Metagross, L50|
|poke|p2|Garchomp, L50, F|
|poke|p2|Grimmsnarl, L50, M|
|poke|p2|Toxapex, L50, M|
|poke|p2|Charizard, L50, F, shiny|
|teampreview|4
|showteam|p1|Gengar||Gengarite|CursedBody|PerishSong,Disable,SludgeBomb,Protect|Timid||F|||50|]Incineroar||SitrusBerry|Intimidate|FlareBlitz,PartingShot,FakeOut,Protect|Careful||M|||50|]Sinistcha||KasibBerry|Hospitality|MatchaGotcha,LifeDew,RagePowder,Protect|Calm|||||50|]Kingambit||ChopleBerry|Defiant|KowtowCleave,LowKick,Protect,SuckerPunch|Adamant||M|||50|]Politoed||Leftovers|Drizzle|PerishSong,Encore,MuddyWater,Protect|Calm||F|||50|]Kommo-o||DragonFang|Soundproof|ClangorousSoul,ClangingScales,AuraSphere,Protect|Modest||F|||50|
|showteam|p2|Hydreigon||ChoiceScarf|Levitate|HeatWave,DarkPulse,Snarl,DracoMeteor|Modest||F|||50|]Metagross||Metagrossite|ClearBody|IronHead,BodyPress,BulletPunch,Protect|Adamant|||||50|]Garchomp||SitrusBerry|RoughSkin|Earthquake,DragonClaw,RockSlide,Protect|Adamant||F|||50|]Grimmsnarl||RoseliBerry|Prankster|PartingShot,Reflect,FakeOut,FoulPlay|Bold||M|||50|]Toxapex||Leftovers|Regenerator|Infestation,BanefulBunker,Toxic,WideGuard|Bold||M|||50|]Charizard||CharizarditeY|Blaze|WeatherBall,Protect,SolarBeam,HeatWave|Modest||F|||50|
|inactive|Battle timer is ON: inactive players will automatically lose when time's up. (requested by Doomnik)
|inactive|Doomnik has 60 seconds left.
|
|t:|1782544072
|teamsize|p1|4
|teamsize|p2|4
|start
|switch|p1a: Kingambit|Kingambit, L50, M|100/100
|switch|p1b: Kommo-o|Kommo-o, L50, F|100/100
|switch|p2a: Hydreigon|Hydreigon, L50, F|100/100
|switch|p2b: Grimmsnarl|Grimmsnarl, L50, M|100/100
|turn|1
|
|t:|1782544088
|move|p1b: Kommo-o|Protect|p1b: Kommo-o
|-singleturn|p1b: Kommo-o|Protect
|move|p2b: Grimmsnarl|Fake Out|p1a: Kingambit
|-resisted|p1a: Kingambit|1
|-damage|p1a: Kingambit|96/100
|move|p2a: Hydreigon|Draco Meteor|p1b: Kommo-o
|-activate|p1b: Kommo-o|move: Protect
|cant|p1a: Kingambit|flinch
|
|upkeep
|turn|2
|
|t:|1782544098
|switch|p1b: Incineroar|Incineroar, L50, M|100/100
|-ability|p1b: Incineroar|Intimidate|boost
|-unboost|p2a: Hydreigon|atk|1
|-unboost|p2b: Grimmsnarl|atk|1
|move|p2b: Grimmsnarl|Reflect|p2b: Grimmsnarl
|-sidestart|p2: Doomnik|Reflect
|move|p2a: Hydreigon|Draco Meteor|p1b: Incineroar
|-damage|p1b: Incineroar|48/100
|-unboost|p2a: Hydreigon|spa|2
|-enditem|p1b: Incineroar|Sitrus Berry|[eat]
|-heal|p1b: Incineroar|72/100|[from] item: Sitrus Berry
|move|p1a: Kingambit|Low Kick|p2a: Hydreigon
|-supereffective|p2a: Hydreigon|1
|-damage|p2a: Hydreigon|45/100
|
|upkeep
|turn|3
|
|t:|1782544118
|switch|p2a: Garchomp|Garchomp, L50, F|100/100
|switch|p2b: Charizard|Charizard, L50, F, shiny|100/100
|move|p1b: Incineroar|Fake Out|p2b: Charizard
|-damage|p2b: Charizard|92/100
|move|p1a: Kingambit|Kowtow Cleave|p2a: Garchomp
|-damage|p2a: Garchomp|69/100
|-damage|p1a: Kingambit|84/100|[from] ability: Rough Skin|[of] p2a: Garchomp
|
|upkeep
|turn|4
|
|t:|1782544132
|detailschange|p2b: Charizard|Charizard-Mega-Y, L50, F, shiny
|-mega|p2b: Charizard|Charizard|Charizardite Y
|-weather|SunnyDay|[from] ability: Drought|[of] p2b: Charizard
|move|p1a: Kingambit|Protect|p1a: Kingambit
|-singleturn|p1a: Kingambit|Protect
|move|p2b: Charizard|Heat Wave|p1b: Incineroar|[spread] p1b
|-activate|p1a: Kingambit|move: Protect
|-resisted|p1b: Incineroar|1
|-damage|p1b: Incineroar|48/100
|move|p2a: Garchomp|Earthquake|p1b: Incineroar|[spread] p1b
|-activate|p1a: Kingambit|move: Protect
|-immune|p2b: Charizard
|-supereffective|p1b: Incineroar|1
|-crit|p1b: Incineroar
|-damage|p1b: Incineroar|0 fnt
|faint|p1b: Incineroar
|
|-weather|SunnyDay|[upkeep]
|upkeep
|
|t:|1782544146
|switch|p1b: Politoed|Politoed, L50, F|100/100
|-weather|RainDance|[from] ability: Drizzle|[of] p1b: Politoed
|turn|5
|
|t:|1782544170
|switch|p1a: Kommo-o|Kommo-o, L50, F|100/100
|move|p2b: Charizard|Protect|p2b: Charizard
|-singleturn|p2b: Charizard|Protect
|move|p2a: Garchomp|Earthquake|p1b: Politoed|[spread] p1a,p1b
|-activate|p2b: Charizard|move: Protect
|-damage|p1a: Kommo-o|62/100
|-damage|p1b: Politoed|69/100
|move|p1b: Politoed|Muddy Water|p2a: Garchomp|[spread] p2a
|-activate|p2b: Charizard|move: Protect
|-damage|p2a: Garchomp|44/100
|-unboost|p2a: Garchomp|accuracy|1
|-enditem|p2a: Garchomp|Sitrus Berry|[eat]
|-heal|p2a: Garchomp|69/100|[from] item: Sitrus Berry
|
|-weather|RainDance|[upkeep]
|-heal|p1b: Politoed|76/100|[from] item: Leftovers
|upkeep
|turn|6
|
|t:|1782544188
|switch|p2b: Grimmsnarl|Grimmsnarl, L50, M|100/100
|move|p1a: Kommo-o|Clanging Scales|p2a: Garchomp|[spread] p2a
|-immune|p2b: Grimmsnarl
|-supereffective|p2a: Garchomp|1
|-damage|p2a: Garchomp|0 fnt
|faint|p2a: Garchomp
|-unboost|p1a: Kommo-o|def|1
|move|p1b: Politoed|Muddy Water|p2b: Grimmsnarl
|-damage|p2b: Grimmsnarl|57/100
|
|-weather|RainDance|[upkeep]
|-heal|p1b: Politoed|82/100|[from] item: Leftovers
|-sideend|p2: Doomnik|Reflect
|upkeep
|
|t:|1782544193
|switch|p2a: Hydreigon|Hydreigon, L50, F|45/100
|turn|7
|inactive|Doomnik has 30 seconds left.
|
|t:|1782544226
|switch|p1b: Kingambit|Kingambit, L50, M|84/100
|move|p1a: Kommo-o|Protect|p1a: Kommo-o
|-singleturn|p1a: Kommo-o|Protect
|move|p2b: Grimmsnarl|Fake Out|p1b: Kingambit
|-resisted|p1b: Kingambit|1
|-damage|p1b: Kingambit|80/100
|move|p2a: Hydreigon|Draco Meteor|p1a: Kommo-o
|-activate|p1a: Kommo-o|move: Protect
|
|-weather|RainDance|[upkeep]
|upkeep
|turn|8
|
|t:|1782544245
|switch|p2a: Charizard|Charizard-Mega-Y, L50, F, shiny|92/100
|-weather|SunnyDay|[from] ability: Drought|[of] p2a: Charizard
|switch|p1a: Politoed|Politoed, L50, F|82/100
|-weather|RainDance|[from] ability: Drizzle|[of] p1a: Politoed
|move|p2b: Grimmsnarl|Parting Shot|p1a: Politoed
|-unboost|p1a: Politoed|atk|1
|-unboost|p1a: Politoed|spa|1
|
|t:|1782544251
|switch|p2b: Hydreigon|Hydreigon, L50, F|45/100|[from] Parting Shot
|move|p1b: Kingambit|Low Kick|p2a: Charizard
|-resisted|p2a: Charizard|1
|-damage|p2a: Charizard|72/100
|
|-weather|RainDance|[upkeep]
|-heal|p1a: Politoed|88/100|[from] item: Leftovers
|upkeep
|turn|9
|
|t:|1782544273
|move|p2b: Hydreigon|Draco Meteor|p1b: Kingambit
|-resisted|p1b: Kingambit|1
|-damage|p1b: Kingambit|48/100
|-unboost|p2b: Hydreigon|spa|2
|move|p2a: Charizard|Weather Ball|p1b: Kingambit
|-damage|p1b: Kingambit|0 fnt
|faint|p1b: Kingambit
|move|p1a: Politoed|Muddy Water|p2a: Charizard|[spread] p2a,p2b
|-supereffective|p2a: Charizard|1
|-resisted|p2b: Hydreigon|1
|-damage|p2a: Charizard|36/100
|-damage|p2b: Hydreigon|33/100
|
|-weather|RainDance|[upkeep]
|-heal|p1a: Politoed|94/100|[from] item: Leftovers
|upkeep
|
|t:|1782544286
|switch|p1b: Kommo-o|Kommo-o, L50, F|62/100
|turn|10
|
|t:|1782544291
|switch|p2a: Grimmsnarl|Grimmsnarl, L50, M|57/100
|move|p2b: Hydreigon|Draco Meteor|p1b: Kommo-o
|-supereffective|p1b: Kommo-o|1
|-damage|p1b: Kommo-o|0 fnt
|-unboost|p2b: Hydreigon|spa|2
|faint|p1b: Kommo-o
|move|p1a: Politoed|Muddy Water|p2b: Hydreigon|[spread] 
|-miss|p1a: Politoed|p2a: Grimmsnarl
|-miss|p1a: Politoed|p2b: Hydreigon
|
|-weather|RainDance|[upkeep]
|-heal|p1a: Politoed|100/100|[from] item: Leftovers
|upkeep
|turn|11
|
|t:|1782544303
|switch|p2b: Charizard|Charizard-Mega-Y, L50, F, shiny|36/100
|-weather|SunnyDay|[from] ability: Drought|[of] p2b: Charizard
|move|p2a: Grimmsnarl|Fake Out|p1a: Politoed
|-damage|p1a: Politoed|91/100
|cant|p1a: Politoed|flinch
|
|-weather|SunnyDay|[upkeep]
|-heal|p1a: Politoed|97/100|[from] item: Leftovers
|upkeep
|turn|12
|-message|Bazilvts forfeited.
|
|win|Doomnik
|l|☆Bazilvts
|player|p1|
