|j|☆3ChrisTresTigres
|j|☆magma5792
|html|3ChrisTresTigresmagma5792    
|uhtml|bestof|Game 2 of a best-of-3
|t:|1782748827
|gametype|doubles
|player|p1|3ChrisTresTigres|102|1000
|player|p2|magma5792|2|1000
|gen|9
|tier|[Gen 9 Champions] VGC 2026 Reg M-B (Bo3)
|rated|
|rule|Species Clause: Limit one of each Pokémon
|rule|Item Clause: Limit 1 of each item
|clearpoke
|poke|p1|Aerodactyl, L50, M|
|poke|p1|Garchomp, L50, M|
|poke|p1|Kingambit, L50, M|
|poke|p1|Basculegion, L50, M, shiny|
|poke|p1|Sylveon, L50, M|
|poke|p1|Charizard, L50, F|
|poke|p2|Staraptor, L50, M|
|poke|p2|Grimmsnarl, L50, M|
|poke|p2|Whimsicott, L50, F|
|poke|p2|Basculegion, L50, M|
|poke|p2|Sinistcha, L50|
|poke|p2|Sylveon, L50, F|
|teampreview|4
|showteam|p1|Aerodactyl||Aerodactylite|RockHead|Tailwind,WideGuard,DualWingbeat,RockSlide|Jolly||M|||50|]Garchomp||ChoiceScarf|RoughSkin|Earthquake,StompingTantrum,RockTomb,DragonClaw|Adamant||M|||50|]Kingambit||ChopleBerry|Defiant|KowtowCleave,SuckerPunch,LowKick,IronHead|Adamant||M|||50|]Basculegion||FocusSash|Adaptability|Liquidation,Protect,AquaJet,LastRespects|Adamant||M|||50|]Sylveon||FairyFeather|Pixilate|HyperVoice,Detect,Yawn,HyperBeam|Modest||M|||50|]Charizard||CharizarditeY|Blaze|Protect,HeatWave,SolarBeam,WeatherBall|Modest||F|||50|
|showteam|p2|Staraptor||Staraptite|Intimidate|CloseCombat,BraveBird,Protect,Roost|Adamant||M|||50|]Grimmsnarl||LightClay|Prankster|LightScreen,Reflect,DazzlingGleam,FakeOut|Sassy||M|||50|]Whimsicott||FocusSash|Prankster|Tailwind,Charm,HelpingHand,Moonblast|Bold||F|||50|]Basculegion||MysticWater|Adaptability|LastRespects,AquaJet,WaveCrash,FlipTurn|Adamant||M|||50|]Sinistcha||Leftovers|Hospitality|MatchaGotcha,EnergyBall,ShadowBall,PainSplit|Modest|||||50|]Sylveon||ExpertBelt|Pixilate|HyperVoice,HyperBeam,Protect,PlayRough|Sassy||F|||50|
|
|t:|1782748857
|teamsize|p1|4
|teamsize|p2|4
|start
|switch|p1a: Sylveon|Sylveon, L50, M|100/100
|switch|p1b: Aerodactyl|Aerodactyl, L50, M|100/100
|switch|p2a: Staraptor|Staraptor, L50, M|100/100
|switch|p2b: Whimsicott|Whimsicott, L50, F|100/100
|-ability|p2a: Staraptor|Intimidate|boost
|-unboost|p1a: Sylveon|atk|1
|-unboost|p1b: Aerodactyl|atk|1
|turn|1
|
|t:|1782748872
|switch|p1b: Basculegion|Basculegion, L50, M, shiny|100/100
|detailschange|p2a: Staraptor|Staraptor-Mega, L50, M
|-mega|p2a: Staraptor|Staraptor|Staraptite
|move|p2b: Whimsicott|Tailwind|p2b: Whimsicott
|-sidestart|p2: magma5792|move: Tailwind
|move|p2a: Staraptor|Close Combat|p1b: Basculegion
|-immune|p1b: Basculegion
|move|p1a: Sylveon|Hyper Beam|p2a: Staraptor|[miss]
|-miss|p1a: Sylveon|p2a: Staraptor
|
|upkeep
|turn|2
|
|t:|1782748892
|move|p2a: Staraptor|Protect|p2a: Staraptor
|-singleturn|p2a: Staraptor|Protect
|move|p2b: Whimsicott|Moonblast|p1b: Basculegion
|-damage|p1b: Basculegion|69/100
|move|p1b: Basculegion|Liquidation|p2a: Staraptor
|-activate|p2a: Staraptor|move: Protect
|move|p1a: Sylveon|Hyper Voice|p2a: Staraptor|[spread] p2b
|-activate|p2a: Staraptor|move: Protect
|-damage|p2b: Whimsicott|41/100
|
|upkeep
|turn|3
|
|t:|1782748913
|move|p1b: Basculegion|Protect|p1b: Basculegion
|-singleturn|p1b: Basculegion|Protect
|move|p2b: Whimsicott|Charm|p2a: Staraptor
|-boost|p2a: Staraptor|atk|2
|move|p2a: Staraptor|Brave Bird|p1b: Basculegion
|-activate|p1b: Basculegion|move: Protect
|move|p1a: Sylveon|Hyper Voice|p2b: Whimsicott|[spread] p2a,p2b
|-supereffective|p2a: Staraptor|1
|-damage|p2a: Staraptor|10/100
|-damage|p2b: Whimsicott|0 fnt
|faint|p2b: Whimsicott
|
|upkeep
|
|t:|1782748926
|switch|p2b: Sinistcha|Sinistcha, L50|100/100
|-heal|p2a: Staraptor|35/100|[from] ability: Hospitality|[of] p2b: Sinistcha
|turn|4
|
|t:|1782748963
|switch|p1b: Charizard|Charizard, L50, F|100/100
|move|p2a: Staraptor|Brave Bird|p1a: Sylveon
|-crit|p1a: Sylveon
|-damage|p1a: Sylveon|0 fnt
|faint|p1a: Sylveon
|-damage|p2a: Staraptor|1/100|[from] Recoil
|move|p2b: Sinistcha|Matcha Gotcha|p1b: Charizard
|-resisted|p1b: Charizard|2
|-crit|p1b: Charizard
|-damage|p1b: Charizard|80/100
|
|-sideend|p2: magma5792|move: Tailwind
|upkeep
|
|t:|1782748987
|switch|p1a: Aerodactyl|Aerodactyl, L50, M|100/100
|turn|5
|
|t:|1782749008
|detailschange|p1b: Charizard|Charizard-Mega-Y, L50, F
|-mega|p1b: Charizard|Charizard|Charizardite Y
|-weather|SunnyDay|[from] ability: Drought|[of] p1b: Charizard
|move|p1a: Aerodactyl|Tailwind|p1a: Aerodactyl
|-sidestart|p1: 3ChrisTresTigres|move: Tailwind
|move|p1b: Charizard|Heat Wave|p2a: Staraptor|[spread] p2b
|-miss|p1b: Charizard|p2a: Staraptor
|-supereffective|p2b: Sinistcha|1
|-damage|p2b: Sinistcha|0 fnt
|faint|p2b: Sinistcha
|move|p2a: Staraptor|Close Combat|p1a: Aerodactyl
|-damage|p1a: Aerodactyl|0 fnt
|-boost|p2a: Staraptor|def|1
|-boost|p2a: Staraptor|spd|1
|faint|p1a: Aerodactyl
|
|-weather|SunnyDay|[upkeep]
|upkeep
|
|t:|1782749025
|switch|p1a: Basculegion|Basculegion, L50, M, shiny|69/100
|switch|p2b: Basculegion|Basculegion, L50, M|100/100
|turn|6
|
|t:|1782749038
|move|p2b: Basculegion|Aqua Jet|p1b: Charizard
|-supereffective|p1b: Charizard|1
|-damage|p1b: Charizard|46/100
|move|p1b: Charizard|Heat Wave|p2a: Staraptor|[spread] p2a,p2b
|-resisted|p2b: Basculegion|1
|-damage|p2a: Staraptor|0 fnt
|-damage|p2b: Basculegion|72/100
|faint|p2a: Staraptor
|move|p1a: Basculegion|Last Respects|p2b: Basculegion
|-supereffective|p2b: Basculegion|1
|-damage|p2b: Basculegion|0 fnt
|faint|p2b: Basculegion
|
|win|3ChrisTresTigres
