|j|☆Bexuanmailonto
|j|☆Gancelot
|html|BexuanmailontoGancelot    
|uhtml|bestof|Game 1 of a best-of-3
|t:|1784231164
|gametype|doubles
|player|p1|Bexuanmailonto|101|1216
|player|p2|Gancelot|morty|1342
|gen|9
|tier|[Gen 9 Champions] VGC 2026 Reg M-B (Bo3)
|rated|
|rule|Species Clause: Limit one of each Pokémon
|rule|Item Clause: Limit 1 of each item
|clearpoke
|poke|p1|Garchomp, L50, F, shiny|
|poke|p1|Aerodactyl, L50, M|
|poke|p1|Charizard, L50, F|
|poke|p1|Farigiraf, L50, F|
|poke|p1|Incineroar, L50, M|
|poke|p1|Sylveon, L50, F|
|poke|p2|Garchomp, L50, M|
|poke|p2|Venusaur, L50, F|
|poke|p2|Incineroar, L50, M|
|poke|p2|Charizard, L50, F|
|poke|p2|Toxapex, L50, F|
|poke|p2|Annihilape, L50, M|
|teampreview|4
|showteam|p1|Garchomp||Garchompite|RoughSkin|Earthquake,DragonClaw,Protect,StompingTantrum|Adamant||F|||50|]Aerodactyl||FocusSash|Unnerve|RockSlide,WideGuard,Sandstorm,Tailwind|Jolly||M|||50|]Charizard||CharizarditeY|Blaze|WeatherBall,HeatWave,Protect,SolarBeam|Modest||F|||50|]Farigiraf||TwistedSpoon|ArmorTail|TwinBeam,TrickRoom,HyperVoice,HelpingHand|Quiet||F|||50|]Incineroar||SitrusBerry|Intimidate|FlareBlitz,DarkestLariat,FakeOut,PartingShot|Adamant||M|||50|]Sylveon||LifeOrb|Pixilate|HyperVoice,HyperBeam,Detect,QuickAttack|Modest||F|||50|
|showteam|p2|Garchomp||ChoiceScarf|RoughSkin|Earthquake,RockSlide,DragonClaw,StompingTantrum|Adamant||M|||50|]Venusaur||LifeOrb|Chlorophyll|SludgeBomb,SolarBeam,EarthPower,Protect|Modest||F|||50|]Incineroar||SitrusBerry|Intimidate|FakeOut,FlareBlitz,ThroatChop,PartingShot|Impish||M|||50|]Charizard||CharizarditeY|Blaze|HeatWave,WeatherBall,Protect,HelpingHand|Modest||F|||50|]Toxapex||Leftovers|Regenerator|Infestation,Toxic,WideGuard,BanefulBunker|Impish||F|||50|]Annihilape||FocusSash|Defiant|CloseCombat,PhantomForce,RockTomb,Protect|Jolly||M|||50|
|inactive|Battle timer is ON: inactive players will automatically lose when time's up. (requested by Gancelot)
|inactive|Bexuanmailonto has 60 seconds left.
|inactive|Bexuanmailonto has 30 seconds left.
|inactive|Bexuanmailonto has 20 seconds left.
|inactive|Bexuanmailonto has 15 seconds left.
|
|t:|1784231243
|teamsize|p1|4
|teamsize|p2|4
|start
|switch|p1a: Sylveon|Sylveon, L50, F|100/100
|switch|p1b: Charizard|Charizard, L50, F|100/100
|switch|p2a: Venusaur|Venusaur, L50, F|100/100
|switch|p2b: Charizard|Charizard, L50, F|100/100
|turn|1
|inactive|Bexuanmailonto has 30 seconds left.
|inactive|Bexuanmailonto has 20 seconds left.
|
|t:|1784231282
|switch|p1a: Incineroar|Incineroar, L50, M|100/100
|-ability|p1a: Incineroar|Intimidate|boost
|-unboost|p2a: Venusaur|atk|1
|-unboost|p2b: Charizard|atk|1
|detailschange|p2b: Charizard|Charizard-Mega-Y, L50, F
|-mega|p2b: Charizard|Charizard|Charizardite Y
|-weather|SunnyDay|[from] ability: Drought|[of] p2b: Charizard
|detailschange|p1b: Charizard|Charizard-Mega-Y, L50, F
|-mega|p1b: Charizard|Charizard|Charizardite Y
|move|p2a: Venusaur|Protect|p2a: Venusaur
|-singleturn|p2a: Venusaur|Protect
|move|p2b: Charizard|Heat Wave|p1a: Incineroar|[spread] p1a,p1b
|-resisted|p1a: Incineroar|1
|-resisted|p1b: Charizard|1
|-damage|p1a: Incineroar|71/100
|-damage|p1b: Charizard|74/100
|move|p1b: Charizard|Heat Wave|p2a: Venusaur|[spread] p2b
|-activate|p2a: Venusaur|move: Protect
|-resisted|p2b: Charizard|1
|-damage|p2b: Charizard|67/100
|
|-weather|SunnyDay|[upkeep]
|upkeep
|turn|2
|inactive|Bexuanmailonto has 30 seconds left.
|inactive|Bexuanmailonto has 20 seconds left.
|inactive|Bexuanmailonto has 15 seconds left.
|inactive|Bexuanmailonto has 10 seconds left.
|
|t:|1784231330
|switch|p2a: Incineroar|Incineroar, L50, M|100/100
|-ability|p2a: Incineroar|Intimidate|boost
|-unboost|p1a: Incineroar|atk|1
|-unboost|p1b: Charizard|atk|1
|move|p2b: Charizard|Protect|p2b: Charizard
|-singleturn|p2b: Charizard|Protect
|move|p1a: Incineroar|Fake Out|p2a: Incineroar
|-damage|p2a: Incineroar|93/100
|move|p1b: Charizard|Heat Wave|p2a: Incineroar|[spread] p2a
|-activate|p2b: Charizard|move: Protect
|-resisted|p2a: Incineroar|1
|-damage|p2a: Incineroar|64/100
|
|-weather|SunnyDay|[upkeep]
|upkeep
|turn|3
|inactive|Bexuanmailonto has 30 seconds left.
|inactive|Gancelot has 30 seconds left.
|inactive|Bexuanmailonto has 20 seconds left.
|inactive|Bexuanmailonto has 15 seconds left.
|inactive|Bexuanmailonto has 10 seconds left.
|
|t:|1784231375
|move|p1b: Charizard|Protect|p1b: Charizard
|-singleturn|p1b: Charizard|Protect
|move|p2b: Charizard|Heat Wave|p1a: Incineroar|[spread] p1a
|-activate|p1b: Charizard|move: Protect
|-resisted|p1a: Incineroar|1
|-damage|p1a: Incineroar|44/100
|-enditem|p1a: Incineroar|Sitrus Berry|[eat]
|-heal|p1a: Incineroar|69/100|[from] item: Sitrus Berry
|move|p2a: Incineroar|Parting Shot|p1a: Incineroar
|-unboost|p1a: Incineroar|atk|1
|-unboost|p1a: Incineroar|spa|1
|
|t:|1784231389
|switch|p2a: Venusaur|Venusaur, L50, F|100/100|[from] Parting Shot
|move|p1a: Incineroar|Parting Shot|p2b: Charizard
|-unboost|p2b: Charizard|atk|1
|-unboost|p2b: Charizard|spa|1
|
|t:|1784231399
|switch|p1a: Farigiraf|Farigiraf, L50, F|100/100|[from] Parting Shot
|
|-weather|SunnyDay|[upkeep]
|upkeep
|turn|4
|inactive|Bexuanmailonto has 30 seconds left.
|inactive|Bexuanmailonto has 20 seconds left.
|inactive|Bexuanmailonto has 15 seconds left.
|inactive|Bexuanmailonto has 10 seconds left.
|
|t:|1784231446
|move|p2b: Charizard|Helping Hand|p2a: Venusaur
|-singleturn|p2a: Venusaur|Helping Hand|[of] p2b: Charizard
|move|p2a: Venusaur|Sludge Bomb|p1b: Charizard
|-damage|p1b: Charizard|2/100
|-damage|p2a: Venusaur|90/100|[from] item: Life Orb
|move|p1b: Charizard|Heat Wave|p2a: Venusaur|[spread] p2a
|-miss|p1b: Charizard|p2b: Charizard
|-supereffective|p2a: Venusaur|1
|-damage|p2a: Venusaur|0 fnt
|faint|p2a: Venusaur
|move|p1a: Farigiraf|Trick Room|p1a: Farigiraf
|-fieldstart|move: Trick Room|[of] p1a: Farigiraf
|
|-weather|SunnyDay|[upkeep]
|upkeep
|inactive|Gancelot has 30 seconds left.
|inactive|Gancelot has 20 seconds left.
|inactive|Gancelot has 15 seconds left.
|inactive|Gancelot has 10 seconds left.
|inactive|Gancelot has 5 seconds left.
|
|t:|1784231496
|switch|p2a: Incineroar|Incineroar, L50, M|64/100
|-ability|p2a: Incineroar|Intimidate|boost
|-unboost|p1a: Farigiraf|atk|1
|-unboost|p1b: Charizard|atk|1
|turn|5
|inactive|Bexuanmailonto has 30 seconds left.
|inactive|Bexuanmailonto has 20 seconds left.
|inactive|Bexuanmailonto has 15 seconds left.
|inactive|Bexuanmailonto has 10 seconds left.
|
|t:|1784231545
|switch|p1a: Incineroar|Incineroar, L50, M|69/100
|-ability|p1a: Incineroar|Intimidate|boost
|-unboost|p2a: Incineroar|atk|1
|-unboost|p2b: Charizard|atk|1
|switch|p2b: Toxapex|Toxapex, L50, F|100/100
|move|p2a: Incineroar|Throat Chop|p1a: Incineroar
|-resisted|p1a: Incineroar|1
|-damage|p1a: Incineroar|59/100
|-start|p1a: Incineroar|Throat Chop|[silent]
|move|p1b: Charizard|Heat Wave|p2b: Toxapex|[spread] p2a,p2b
|-resisted|p2a: Incineroar|1
|-resisted|p2b: Toxapex|1
|-damage|p2a: Incineroar|33/100
|-damage|p2b: Toxapex|72/100
|-enditem|p2a: Incineroar|Sitrus Berry|[eat]
|-heal|p2a: Incineroar|58/100|[from] item: Sitrus Berry
|
|-weather|none
|-heal|p2b: Toxapex|78/100|[from] item: Leftovers
|upkeep
|turn|6
|inactive|Bexuanmailonto has 30 seconds left.
|inactive|Gancelot has 30 seconds left.
|
|t:|1784231577
|switch|p1b: Sylveon|Sylveon, L50, F|100/100
|move|p1a: Incineroar|Fake Out|p2b: Toxapex
|-damage|p2b: Toxapex|68/100
|cant|p2b: Toxapex|flinch
|move|p2a: Incineroar|Throat Chop|p1b: Sylveon
|-resisted|p1b: Sylveon|1
|-damage|p1b: Sylveon|88/100
|-start|p1b: Sylveon|Throat Chop|[silent]
|
|-heal|p2b: Toxapex|73/100|[from] item: Leftovers
|-end|p1a: Incineroar|Throat Chop|[silent]
|upkeep
|turn|7
|
|t:|1784231602
|move|p2b: Toxapex|Infestation|p1b: Sylveon
|-resisted|p1b: Sylveon|1
|-damage|p1b: Sylveon|87/100
|-activate|p1b: Sylveon|move: Infestation|[of] p2b: Toxapex
|move|p1a: Incineroar|Parting Shot|p2a: Incineroar
|-unboost|p2a: Incineroar|atk|1
|-unboost|p2a: Incineroar|spa|1
|
|t:|1784231610
|switch|p1a: Charizard|Charizard-Mega-Y, L50, F|2/100|[from] Parting Shot
|-weather|SunnyDay|[from] ability: Drought|[of] p1a: Charizard
|move|p2a: Incineroar|Parting Shot|p1b: Sylveon
|-unboost|p1b: Sylveon|atk|1
|-unboost|p1b: Sylveon|spa|1
|inactive|Gancelot has 30 seconds left.
|inactive|Gancelot has 20 seconds left.
|inactive|Gancelot has 15 seconds left.
|inactive|Gancelot has 10 seconds left.
|inactive|Gancelot has 5 seconds left.
|
|t:|1784231665
|switch|p2a: Charizard|Charizard-Mega-Y, L50, F|67/100|[from] Parting Shot
|move|p1b: Sylveon|Hyper Beam|p2a: Charizard
|-resisted|p2a: Charizard|1
|-damage|p2a: Charizard|32/100
|-mustrecharge|p1b: Sylveon
|-damage|p1b: Sylveon|77/100|[from] item: Life Orb
|
|-weather|SunnyDay|[upkeep]
|-heal|p2b: Toxapex|79/100|[from] item: Leftovers
|-damage|p1b: Sylveon|65/100|[from] move: Infestation|[partiallytrapped]
|-end|p1b: Sylveon|Throat Chop|[silent]
|upkeep
|turn|8
|inactive|Bexuanmailonto has 30 seconds left.
|
|t:|1784231692
|move|p2b: Toxapex|Infestation|p1a: Charizard
|-resisted|p1a: Charizard|2
|-damage|p1a: Charizard|2/100
|-activate|p1a: Charizard|move: Infestation|[of] p2b: Toxapex
|cant|p1b: Sylveon|recharge
|move|p1a: Charizard|Weather Ball|p2a: Charizard
|-resisted|p2a: Charizard|1
|-damage|p2a: Charizard|0 fnt
|faint|p2a: Charizard
|
|-weather|SunnyDay|[upkeep]
|-heal|p2b: Toxapex|85/100|[from] item: Leftovers
|-damage|p1b: Sylveon|53/100|[from] move: Infestation|[partiallytrapped]
|-damage|p1a: Charizard|0 fnt|[from] move: Infestation|[partiallytrapped]
|faint|p1a: Charizard
|-fieldend|move: Trick Room
|upkeep
|-message|Gancelot forfeited.
|
|win|Bexuanmailonto
