|j|☆paperavgc
|j|☆drake78976
|html|paperavgcdrake78976    
|uhtml|bestof|Game 1 of a best-of-3
|t:|1785703274
|gametype|doubles
|player|p1|paperavgc|unknownf|1190
|player|p2|drake78976|li|1051
|gen|9
|tier|[Gen 9 Champions] VGC 2026 Reg M-B (Bo3)
|rated|
|rule|Species Clause: Limit one of each Pokémon
|rule|Item Clause: Limit 1 of each item
|clearpoke
|poke|p1|Aerodactyl, L50, M|
|poke|p1|Garchomp, L50, M|
|poke|p1|Kingambit, L50, M|
|poke|p1|Charizard, L50, M|
|poke|p1|Sylveon, L50, F|
|poke|p1|Farigiraf, L50, M|
|poke|p2|Delphox, L50, F|
|poke|p2|Meganium, L50, M|
|poke|p2|Venusaur, L50, F|
|poke|p2|Glalie, L50, M|
|poke|p2|Basculegion, L50, M|
|poke|p2|Infernape, L50, F|
|teampreview|4
|showteam|p1|Aerodactyl||Aerodactylite|Unnerve|IceFang,RockSlide,Tailwind,DualWingbeat|Jolly||M|||50|]Garchomp||LifeOrb|RoughSkin|DragonClaw,RockSlide,Earthquake,Protect|Jolly||M|||50|]Kingambit||FocusSash|Defiant|SuckerPunch,KowtowCleave,IronHead,LowKick|Adamant||M|||50|]Charizard||CharizarditeY|SolarPower|Protect,WeatherBall,HeatWave,SolarBeam|Modest||M|||50|]Sylveon||FairyFeather|Pixilate|Protect,HyperVoice,HyperBeam,QuickAttack|Modest||F|||50|]Farigiraf||SitrusBerry|ArmorTail|TrickRoom,Thunderbolt,Roar,Psychic|Bold||M|||50|
|showteam|p2|Delphox||Delphoxite|Blaze|CalmMind,HeatWave,Psychic,Protect|Timid||F|||50|]Meganium||Leftovers|LeafGuard|SunnyDay,Reflect,LightScreen,GigaDrain|Calm||M|||50|]Venusaur||LifeOrb|Chlorophyll|SludgeBomb,GigaDrain,Protect,EarthPower|Modest||F|||50|]Glalie||FocusSash|Moody|Protect,Taunt,FreezeDry,Disable|Hasty||M|||50|]Basculegion||ChoiceScarf|Adaptability|WaveCrash,FlipTurn,LastRespects,AquaJet|Jolly||M|||50|]Infernape||WhiteHerb|IronFist|FakeOut,MachPunch,FirePunch,CloseCombat|Jolly||F|||50|
|inactive|Battle timer is ON: inactive players will automatically lose when time's up. (requested by paperavgc)
|inactive|drake78976 has 60 seconds left.
|
|t:|1785703306
|teamsize|p1|4
|teamsize|p2|4
|start
|switch|p1a: Aerodactyl|Aerodactyl, L50, M|100/100
|switch|p1b: Garchomp|Garchomp, L50, M|100/100
|switch|p2a: Basculegion|Basculegion, L50, M|100/100
|switch|p2b: Glalie|Glalie, L50, M|100/100
|-ability|p1a: Aerodactyl|Unnerve
|turn|1
|inactive|paperavgc has 30 seconds left.
|inactive|paperavgc has 20 seconds left.
|
|t:|1785703345
|switch|p1a: Sylveon|Sylveon, L50, F|100/100
|move|p2a: Basculegion|Wave Crash|p1a: Sylveon
|-damage|p1a: Sylveon|17/100
|-damage|p2a: Basculegion|75/100|[from] Recoil
|move|p1b: Garchomp|Rock Slide|p2b: Glalie|[spread] p2a,p2b
|-supereffective|p2b: Glalie|1
|-damage|p2a: Basculegion|42/100
|-damage|p2b: Glalie|33/100
|-damage|p1b: Garchomp|90/100|[from] item: Life Orb
|move|p2b: Glalie|Freeze-Dry|p1b: Garchomp
|-supereffective|p1b: Garchomp|2
|-damage|p1b: Garchomp|0 fnt
|faint|p1b: Garchomp
|
|-ability|p2b: Glalie|Moody|boost
|-boost|p2b: Glalie|atk|2
|-unboost|p2b: Glalie|spa|1
|upkeep
|
|t:|1785703358
|switch|p1b: Charizard|Charizard, L50, M|100/100
|turn|2
|
|t:|1785703374
|detailschange|p1b: Charizard|Charizard-Mega-Y, L50, M
|-mega|p1b: Charizard|Charizard|Charizardite Y
|-weather|SunnyDay|[from] ability: Drought|[of] p1b: Charizard
|move|p1a: Sylveon|Quick Attack|p2a: Basculegion
|-damage|p2a: Basculegion|25/100
|move|p2a: Basculegion|Wave Crash|p1b: Charizard
|-supereffective|p1b: Charizard|1
|-damage|p1b: Charizard|25/100
|-damage|p2a: Basculegion|3/100|[from] Recoil
|move|p2b: Glalie|Freeze-Dry|p1a: Sylveon
|-damage|p1a: Sylveon|5/100
|move|p1b: Charizard|Heat Wave|p2b: Glalie|[spread] p2a,p2b
|-resisted|p2a: Basculegion|1
|-supereffective|p2b: Glalie|1
|-damage|p2a: Basculegion|0 fnt
|-damage|p2b: Glalie|0 fnt
|faint|p2a: Basculegion
|faint|p2b: Glalie
|
|-weather|SunnyDay|[upkeep]
|upkeep
|
|t:|1785703381
|switch|p2b: Infernape|Infernape, L50, F|100/100
|switch|p2a: Delphox|Delphox, L50, F|100/100
|turn|3
|
|t:|1785703399
|detailschange|p2a: Delphox|Delphox-Mega, L50, F
|-mega|p2a: Delphox|Delphox|Delphoxite
|move|p2b: Infernape|Fake Out|p1a: Sylveon
|-damage|p1a: Sylveon|0 fnt
|faint|p1a: Sylveon
|move|p2a: Delphox|Calm Mind|p2a: Delphox
|-boost|p2a: Delphox|spa|1
|-boost|p2a: Delphox|spd|1
|move|p1b: Charizard|Heat Wave|p2b: Infernape|[spread] p2a,p2b
|-resisted|p2a: Delphox|1
|-resisted|p2b: Infernape|1
|-damage|p2a: Delphox|80/100
|-damage|p2b: Infernape|61/100
|
|-weather|SunnyDay|[upkeep]
|upkeep
|
|t:|1785703408
|switch|p1a: Aerodactyl|Aerodactyl, L50, M|100/100
|-ability|p1a: Aerodactyl|Unnerve
|turn|4
|
|t:|1785703425
|move|p2b: Infernape|Mach Punch|p1a: Aerodactyl
|-damage|p1a: Aerodactyl|75/100
|move|p2a: Delphox|Heat Wave|p1a: Aerodactyl|[spread] p1a,p1b
|-resisted|p1a: Aerodactyl|1
|-resisted|p1b: Charizard|1
|-damage|p1a: Aerodactyl|4/100
|-damage|p1b: Charizard|0 fnt
|faint|p1b: Charizard
|move|p1a: Aerodactyl|Rock Slide|p2a: Delphox|[spread] p2b
|-miss|p1a: Aerodactyl|p2a: Delphox
|-damage|p2b: Infernape|31/100
|
|-weather|SunnyDay|[upkeep]
|upkeep
|turn|5
|-message|paperavgc forfeited.
|
|win|drake78976
|l|☆paperavgc
|player|p1|
||paperavgc is ready for game 2.
