|j|☆A Regu1ar Guy
|j|☆sergio23perez
|html|A Regu1ar Guysergio23perez    
|uhtml|bestof|Game 1 of a best-of-3
|t:|1757765799
|gametype|doubles
|player|p1|A Regu1ar Guy|elesa|1519
|player|p2|sergio23perez|2|1468
|gen|9
|tier|[Gen 9] VGC 2025 Reg H (Bo3)
|rated|
|rule|Species Clause: Limit one of each Pokémon
|rule|Item Clause: Limit 1 of each item
|clearpoke
|poke|p1|Volcarona, L50, M|
|poke|p1|Rillaboom, L50, F|
|poke|p1|Tauros-Paldea-Aqua, L50, M|
|poke|p1|Tyranitar, L50, F|
|poke|p1|Annihilape, L50, M|
|poke|p1|Dragonite, L50, F|
|poke|p2|Jumpluff, L50, F|
|poke|p2|Charizard, L50, M|
|poke|p2|Porygon2, L50|
|poke|p2|Torkoal, L50, F|
|poke|p2|Incineroar, L50, F|
|poke|p2|Ursaluna, L50, F|
|teampreview|4
|showteam|p1|Volcarona||GrassySeed|FlameBody|HeatWave,GigaDrain,QuiverDance,Protect|||M|||50|,,,,,Grass]Rillaboom||MiracleSeed|GrassySurge|WoodHammer,GrassyGlide,FakeOut,HighHorsepower|||F|||50|,,,,,Fire]Tauros-Paldea-Aqua||MirrorHerb|Intimidate|WaveCrash,AquaJet,CloseCombat,Protect|||M|||50|,,,,,Water]Tyranitar||AssaultVest|SandStream|RockSlide,KnockOff,TeraBlast,LowKick|||F|||50|,,,,,Flying]Annihilape||SafetyGoggles|Defiant|CloseCombat,RageFist,Taunt,FinalGambit|||M|||50|,,,,,Water]Dragonite||LoadedDice|Multiscale|ScaleShot,Haze,Tailwind,Protect|||F|||50|,,,,,Fairy
|showteam|p2|Jumpluff||CovertCloak|Chlorophyll|SleepPowder,SunnyDay,Tailwind,RagePowder|||F|||50|,,,,,Water]Charizard||ChoiceSpecs|SolarPower|AirSlash,HeatWave,Overheat,WeatherBall|||M|||50|,,,,,Ghost]Porygon2||Eviolite|Download|TeraBlast,IceBeam,Recover,TrickRoom||||||50|,,,,,Fighting]Torkoal||EjectPack|Drought|HelpingHand,Eruption,Overheat,Protect|||F|||50|,,,,,Fire]Incineroar||SafetyGoggles|Intimidate|FakeOut,PartingShot,FlareBlitz,KnockOff|||F|||50|,,,,,Ghost]Ursaluna||FlameOrb|Guts|HeadlongRush,Facade,Earthquake,Protect|||F|||50|,,,,,Ghost
|inactive|Battle timer is ON: inactive players will automatically lose when time's up. (requested by sergio23perez)
|inactive|sergio23perez has 60 seconds left.
|inactive|sergio23perez has 30 seconds left.
|
|t:|1757765871
|teamsize|p1|4
|teamsize|p2|4
|start
|switch|p1a: Dragonite|Dragonite, L50, F|100/100
|switch|p1b: Annihilape|Annihilape, L50, M|100/100
|switch|p2a: Porygon2|Porygon2, L50|100/100
|switch|p2b: Incineroar|Incineroar, L50, F|100/100
|-ability|p2b: Incineroar|Intimidate|boost
|-unboost|p1a: Dragonite|atk|1
|-unboost|p1b: Annihilape|atk|1
|-ability|p1b: Annihilape|Defiant|boost
|-boost|p1b: Annihilape|atk|2
|-ability|p2a: Porygon2|Download|boost
|-boost|p2a: Porygon2|atk|1
|turn|1
|
|t:|1757765883
|move|p2b: Incineroar|Fake Out|p1a: Dragonite
|-damage|p1a: Dragonite|95/100
|move|p1b: Annihilape|Taunt|p2a: Porygon2
|-start|p2a: Porygon2|move: Taunt
|cant|p1a: Dragonite|flinch
|cant|p2a: Porygon2|move: Taunt|Trick Room
|
|upkeep
|turn|2
|
|t:|1757765902
|-terastallize|p1b: Annihilape|Water
|move|p1b: Annihilape|Close Combat|p2a: Porygon2
|-supereffective|p2a: Porygon2
|-damage|p2a: Porygon2|4/100
|-unboost|p1b: Annihilape|def|1
|-unboost|p1b: Annihilape|spd|1
|move|p1a: Dragonite|Tailwind|p1a: Dragonite
|-sidestart|p1: A Regu1ar Guy|move: Tailwind
|move|p2b: Incineroar|Parting Shot|p1a: Dragonite
|-unboost|p1a: Dragonite|atk|1
|-unboost|p1a: Dragonite|spa|1
|
|t:|1757765924
|switch|p2b: Ursaluna|Ursaluna, L50, F|100/100|[from] Parting Shot
|move|p2a: Porygon2|Ice Beam|p1a: Dragonite
|-supereffective|p1a: Dragonite
|-damage|p1a: Dragonite|0 fnt
|faint|p1a: Dragonite
|
|-status|p2b: Ursaluna|brn|[from] item: Flame Orb
|upkeep
|
|t:|1757765933
|switch|p1a: Tyranitar|Tyranitar, L50, F|100/100
|-weather|Sandstorm|[from] ability: Sand Stream|[of] p1a: Tyranitar
|turn|3
|
|t:|1757765948
|move|p2b: Ursaluna|Protect|p2b: Ursaluna
|-singleturn|p2b: Ursaluna|Protect
|move|p1b: Annihilape|Close Combat|p2b: Ursaluna
|-activate|p2b: Ursaluna|move: Protect
|move|p1a: Tyranitar|Knock Off|p2b: Ursaluna
|-activate|p2b: Ursaluna|move: Protect
|move|p2a: Porygon2|Tera Blast|p1a: Tyranitar
|-resisted|p1a: Tyranitar
|-damage|p1a: Tyranitar|93/100
|
|-weather|Sandstorm|[upkeep]
|-damage|p2a: Porygon2|0 fnt|[from] Sandstorm
|faint|p2a: Porygon2
|-damage|p2b: Ursaluna|94/100 brn|[from] brn
|upkeep
|
|t:|1757765959
|switch|p2a: Incineroar|Incineroar, L50, F|100/100
|-ability|p2a: Incineroar|Intimidate|boost
|-unboost|p1a: Tyranitar|atk|1
|-unboost|p1b: Annihilape|atk|1
|-ability|p1b: Annihilape|Defiant|boost
|-boost|p1b: Annihilape|atk|2
|turn|4
|
|t:|1757765968
|switch|p1b: Tauros|Tauros-Paldea-Aqua, L50, M|100/100
|-ability|p1b: Tauros|Intimidate|boost
|-unboost|p2a: Incineroar|atk|1
|-unboost|p2b: Ursaluna|atk|1
|move|p2a: Incineroar|Fake Out|p1b: Tauros
|-damage|p1b: Tauros|93/100
|move|p1a: Tyranitar|Rock Slide|p2b: Ursaluna|[spread] p2a,p2b
|-supereffective|p2a: Incineroar
|-resisted|p2b: Ursaluna
|-damage|p2a: Incineroar|67/100
|-damage|p2b: Ursaluna|86/100 brn
|cant|p2b: Ursaluna|flinch
|
|-weather|Sandstorm|[upkeep]
|-damage|p1b: Tauros|87/100|[from] Sandstorm
|-damage|p2b: Ursaluna|80/100 brn|[from] brn
|upkeep
|turn|5
|
|t:|1757765986
|switch|p2b: Torkoal|Torkoal, L50, F|100/100
|-weather|SunnyDay|[from] ability: Drought|[of] p2b: Torkoal
|move|p1b: Tauros|Close Combat|p2a: Incineroar
|-supereffective|p2a: Incineroar
|-damage|p2a: Incineroar|0 fnt
|-unboost|p1b: Tauros|def|1
|-unboost|p1b: Tauros|spd|1
|faint|p2a: Incineroar
|move|p1a: Tyranitar|Knock Off|p2b: Torkoal
|-damage|p2b: Torkoal|71/100
|-enditem|p2b: Torkoal|Eject Pack|[from] move: Knock Off|[of] p1a: Tyranitar
|
|-weather|SunnyDay|[upkeep]
|-sideend|p1: A Regu1ar Guy|move: Tailwind
|upkeep
|
|t:|1757765994
|switch|p2a: Ursaluna|Ursaluna, L50, F|80/100 brn
|turn|6
|
|t:|1757766011
|switch|p1a: Annihilape|Annihilape, L50, M, tera:Water|100/100
|move|p1b: Tauros|Protect|p1b: Tauros
|-singleturn|p1b: Tauros|Protect
|move|p2b: Torkoal|Protect|p2b: Torkoal
|-singleturn|p2b: Torkoal|Protect
|move|p2a: Ursaluna|Earthquake|p1a: Annihilape|[spread] p1a
|-activate|p2b: Torkoal|move: Protect
|-activate|p1b: Tauros|move: Protect
|-damage|p1a: Annihilape|36/100
|
|-weather|SunnyDay|[upkeep]
|-damage|p2a: Ursaluna|73/100 brn|[from] brn
|upkeep
|turn|7
|
|t:|1757766032
|move|p2a: Ursaluna|Protect|p2a: Ursaluna
|-singleturn|p2a: Ursaluna|Protect
|move|p1b: Tauros|Close Combat|p2b: Torkoal
|-damage|p2b: Torkoal|30/100
|-unboost|p1b: Tauros|def|1
|-unboost|p1b: Tauros|spd|1
|move|p1a: Annihilape|Rage Fist|p2b: Torkoal
|-damage|p2b: Torkoal|0 fnt
|faint|p2b: Torkoal
|
|-weather|SunnyDay|[upkeep]
|-damage|p2a: Ursaluna|67/100 brn|[from] brn
|upkeep
|turn|8
|
|t:|1757766045
|move|p1b: Tauros|Close Combat|p2a: Ursaluna
|-supereffective|p2a: Ursaluna
|-damage|p2a: Ursaluna|0 fnt
|-unboost|p1b: Tauros|def|1
|-unboost|p1b: Tauros|spd|1
|faint|p2a: Ursaluna
|
|win|A Regu1ar Guy
||A Regu1ar Guy is ready for game 2.
||sergio23perez is ready for game 2.
|uhtml|next|Next: Game 2 of 3
|l|☆A Regu1ar Guy
|player|p1|
