|j|☆Kurolax
|j|☆DeewompostYT
|html|KurolaxDeewompostYT    
|uhtml|bestof|Game 1 of a best-of-3
|t:|1757023230
|gametype|doubles
|player|p1|Kurolax|265|
|player|p2|DeewompostYT|candice|
|gen|9
|tier|[Gen 9] VGC 2025 Reg H (Bo3)
|rule|Species Clause: Limit one of each Pokémon
|rule|Item Clause: Limit 1 of each item
|clearpoke
|poke|p1|Electabuzz, L50, F|
|poke|p1|Ursaluna-Bloodmoon, L50, M|
|poke|p1|Arcanine-Hisui, L50, M|
|poke|p1|Tyranitar, L50, F|
|poke|p1|Sneasler, L50, M|
|poke|p1|Indeedee, L50, M|
|poke|p2|Indeedee, L50, M|
|poke|p2|Sneasler, L50, M|
|poke|p2|Whimsicott, L50, M|
|poke|p2|Ursaluna-Bloodmoon, L50, M|
|poke|p2|Electabuzz, L50, F|
|poke|p2|Dragonite, L50, M|
|teampreview|4
|showteam|p1|Electabuzz||Eviolite|VitalSpirit|Electroweb,FollowMe,Taunt,Thunderbolt|||F|||50|,,,,,Electric]Ursaluna-Bloodmoon||ThroatSpray|MindsEye|HyperVoice,BloodMoon,Protect,EarthPower|||M|||50|,,,,,Ghost]Arcanine-Hisui||ClearAmulet|Intimidate|RockSlide,WildCharge,FlareBlitz,Protect|||M|||50|,,,,,Water]Tyranitar||AssaultVest|SandStream|RockSlide,TeraBlast,KnockOff,HighHorsepower|||F|||50|,,,,,Flying]Sneasler||PsychicSeed|Unburden|DireClaw,CloseCombat,Protect,Acrobatics|||M|||50|,,,,,Flying]Indeedee||FocusSash|PsychicSurge|DazzlingGleam,ExpandingForce,Psychic,TrickRoom|||M|||50|,,,,,Dark
|showteam|p2|Indeedee||FocusSash|PsychicSurge|ExpandingForce,TrickRoom,Imprison,Protect|||M|||50|,,,,,Psychic]Sneasler||PsychicSeed|Unburden|DireClaw,CloseCombat,ThroatChop,Protect|||M|||50|,,,,,Stellar]Whimsicott||CovertCloak|Prankster|Tailwind,HelpingHand,Moonblast,Protect|||M|||50|,,,,,Dark]Ursaluna-Bloodmoon||LifeOrb|MindsEye|HyperVoice,EarthPower,BloodMoon,Protect|||M|||50|,,,,,Ghost]Electabuzz||Eviolite|VitalSpirit|FollowMe,Electroweb,Taunt,Protect|||F|||50|,,,,,Grass]Dragonite||LoadedDice|InnerFocus|ScaleShot,Haze,Tailwind,Protect|||M|||50|,,,,,Dragon
|c|☆DeewompostYT|glhf
|c|☆Kurolax|You too
|
|t:|1757023296
|teamsize|p1|4
|teamsize|p2|4
|start
|switch|p1a: Arcanine|Arcanine-Hisui, L50, M|100/100
|switch|p1b: Sneasler|Sneasler, L50, M|100/100
|switch|p2a: Electabuzz|Electabuzz, L50, F|100/100
|switch|p2b: Dragonite|Dragonite, L50, M|100/100
|-ability|p1a: Arcanine|Intimidate|boost
|-unboost|p2a: Electabuzz|atk|1
|-fail|p2b: Dragonite|unboost|Attack|[from] ability: Inner Focus|[of] p2b: Dragonite
|turn|1
|
|t:|1757023351
|-terastallize|p2b: Dragonite|Dragon
|move|p2a: Electabuzz|Follow Me|p2a: Electabuzz
|-singleturn|p2a: Electabuzz|move: Follow Me
|move|p1b: Sneasler|Dire Claw|p2a: Electabuzz
|-damage|p2a: Electabuzz|58/100
|move|p2b: Dragonite|Scale Shot|p1b: Sneasler
|-damage|p1b: Sneasler|63/100
|-damage|p1b: Sneasler|30/100
|-damage|p1b: Sneasler|0 fnt
|faint|p1b: Sneasler
|-hitcount|p1: Sneasler|3
|-unboost|p2b: Dragonite|def|1
|-boost|p2b: Dragonite|spe|1
|move|p1a: Arcanine|Rock Slide|p2b: Dragonite|[spread] p2a,p2b
|-damage|p2a: Electabuzz|31/100
|-damage|p2b: Dragonite|50/100
|
|upkeep
|
|t:|1757023372
|switch|p1b: Indeedee|Indeedee, L50, M|100/100
|-fieldstart|move: Psychic Terrain|[from] ability: Psychic Surge|[of] p1b: Indeedee
|turn|2
|
|t:|1757023384
|switch|p2a: Whimsicott|Whimsicott, L50, M|100/100
|move|p2b: Dragonite|Scale Shot|p1b: Indeedee
|-damage|p1b: Indeedee|65/100
|-damage|p1b: Indeedee|31/100
|-damage|p1b: Indeedee|0 fnt
|faint|p1b: Indeedee
|-hitcount|p1: Indeedee|3
|-unboost|p2b: Dragonite|def|1
|-boost|p2b: Dragonite|spe|1
|move|p1a: Arcanine|Rock Slide|p2b: Dragonite|[spread] p2a,p2b
|-damage|p2a: Whimsicott|65/100
|-damage|p2b: Dragonite|0 fnt
|faint|p2b: Dragonite
|
|upkeep
|
|t:|1757023401
|switch|p2b: Ursaluna|Ursaluna-Bloodmoon, L50, M|100/100
|switch|p1b: Tyranitar|Tyranitar, L50, F|100/100
|-weather|Sandstorm|[from] ability: Sand Stream|[of] p1b: Tyranitar
|turn|3
|
|t:|1757023427
|-terastallize|p1b: Tyranitar|Flying
|move|p2b: Ursaluna|Protect|p2b: Ursaluna
|-singleturn|p2b: Ursaluna|Protect
|move|p2a: Whimsicott|Tailwind|p2a: Whimsicott
|-sidestart|p2: DeewompostYT|move: Tailwind
|move|p1a: Arcanine|Flare Blitz|p2a: Whimsicott
|-supereffective|p2a: Whimsicott
|-damage|p2a: Whimsicott|0 fnt
|faint|p2a: Whimsicott
|-damage|p1a: Arcanine|82/100|[from] Recoil
|move|p1b: Tyranitar|Knock Off|p2b: Ursaluna
|-activate|p2b: Ursaluna|move: Protect
|
|-weather|Sandstorm|[upkeep]
|-damage|p1b: Tyranitar|95/100|[from] Sandstorm
|upkeep
|
|t:|1757023434
|switch|p2a: Electabuzz|Electabuzz, L50, F|31/100
|turn|4
|
|t:|1757023444
|move|p2a: Electabuzz|Electroweb|p1b: Tyranitar|[spread] p1b
|-miss|p2a: Electabuzz|p1a: Arcanine
|-supereffective|p1b: Tyranitar
|-damage|p1b: Tyranitar|81/100
|-unboost|p1b: Tyranitar|spe|1
|move|p2b: Ursaluna|Blood Moon|p1b: Tyranitar
|-damage|p1b: Tyranitar|31/100
|-damage|p2b: Ursaluna|91/100|[from] item: Life Orb
|move|p1a: Arcanine|Rock Slide|p2b: Ursaluna|[spread] p2a,p2b
|-resisted|p2b: Ursaluna
|-damage|p2a: Electabuzz|6/100
|-damage|p2b: Ursaluna|79/100
|move|p1b: Tyranitar|Knock Off|p2b: Ursaluna
|-damage|p2b: Ursaluna|42/100
|-enditem|p2b: Ursaluna|Life Orb|[from] move: Knock Off|[of] p1b: Tyranitar
|
|-weather|Sandstorm|[upkeep]
|-damage|p2a: Electabuzz|0 fnt|[from] Sandstorm
|-damage|p1b: Tyranitar|25/100|[from] Sandstorm
|faint|p2a: Electabuzz
|upkeep
|turn|5
|
|t:|1757023478
|move|p2b: Ursaluna|Earth Power|p1a: Arcanine
|-supereffective|p1a: Arcanine
|-damage|p1a: Arcanine|0 fnt
|faint|p1a: Arcanine
|move|p1b: Tyranitar|Knock Off|p2b: Ursaluna
|-damage|p2b: Ursaluna|14/100
|
|-weather|Sandstorm|[upkeep]
|-damage|p1b: Tyranitar|20/100|[from] Sandstorm
|upkeep
|turn|6
|
|t:|1757023493
|move|p2b: Ursaluna|Blood Moon|p1b: Tyranitar
|-damage|p1b: Tyranitar|0 fnt
|faint|p1b: Tyranitar
|
|win|DeewompostYT
||Kurolax is ready for game 2.
|inactive|DeewompostYT has 30 seconds to confirm battle start!
||DeewompostYT is ready for game 2.
|uhtml|next|Next: Game 2 of 3
|l|☆Kurolax
|player|p1|
