|j|☆naovi
|j|☆Descugi
|html|naoviDescugi    
|uhtml|bestof|Game 1 of a best-of-3
|t:|1756931978
|gametype|doubles
|player|p1|naovi|169|
|player|p2|Descugi|266|
|gen|9
|tier|[Gen 9] VGC 2025 Reg H (Bo3)
|rule|Species Clause: Limit one of each Pokémon
|rule|Item Clause: Limit 1 of each item
|clearpoke
|poke|p1|Electabuzz, L50, M|
|poke|p1|Sneasler, L50, M|
|poke|p1|Rillaboom, L50, F|
|poke|p1|Kingambit, L50, M|
|poke|p1|Volcarona, L50, M|
|poke|p1|Dragonite, L50, M|
|poke|p2|Corviknight, L50, M|
|poke|p2|Garchomp, L50, M|
|poke|p2|Tyranitar, L50, M|
|poke|p2|Gholdengo, L50|
|poke|p2|Sneasler, L50, M|
|poke|p2|Incineroar, L50, M|
|teampreview|4
|showteam|p1|Electabuzz||Eviolite|VitalSpirit|Thunderbolt,FollowMe,Taunt,Protect|||M|||50|,,,,,Ghost]Sneasler||FocusSash|Unburden|Coaching,DireClaw,Protect,CloseCombat|||M|||50|,,,,,Stellar]Rillaboom||AssaultVest|GrassySurge|HighHorsepower,GrassyGlide,WoodHammer,FakeOut|||F|||50|,,,,,Fire]Kingambit||SafetyGoggles|Defiant|KowtowCleave,SuckerPunch,SwordsDance,Protect|||M|||50|,,,,,Dark]Volcarona||CovertCloak|FlameBody|HeatWave,TeraBlast,QuiverDance,Protect|||M|||50|,,,,,Fairy]Dragonite||LoadedDice|Multiscale|ScaleShot,ExtremeSpeed,Haze,Protect|||M|||50|,,,,,Steel
|showteam|p2|Corviknight||CovertCloak|MirrorArmor|BraveBird,Taunt,Roost,Tailwind|||M|||50|,,,,,Dragon]Garchomp||ClearAmulet|RoughSkin|Earthquake,DragonClaw,StompingTantrum,Protect|||M|||50|,,,,,Ground]Tyranitar||AssaultVest|SandStream|RockSlide,KnockOff,TeraBlast,LowKick|||M|||50|,,,,,Flying]Gholdengo||LifeOrb|GoodasGold|MakeItRain,ShadowBall,NastyPlot,Protect||||||50|,,,,,Water]Sneasler||WhiteHerb|Unburden|DireClaw,CloseCombat,Coaching,Protect|||M|||50|,,,,,Ghost]Incineroar||SitrusBerry|Intimidate|FlareBlitz,KnockOff,PartingShot,FakeOut|||M|||50|,,,,,Grass
|
|t:|1756932010
|teamsize|p1|4
|teamsize|p2|4
|start
|switch|p1a: Sneasler|Sneasler, L50, M, shiny|100/100
|switch|p1b: Volcarona|Volcarona, L50, M|100/100
|switch|p2a: Corviknight|Corviknight, L50, M|100/100
|switch|p2b: Garchomp|Garchomp, L50, M|100/100
|turn|1
|
|t:|1756932054
|-terastallize|p1b: Volcarona|Fairy
|move|p1a: Sneasler|Coaching|p1b: Volcarona
|-boost|p1b: Volcarona|atk|1
|-boost|p1b: Volcarona|def|1
|move|p2b: Garchomp|Earthquake|p1b: Volcarona|[spread] p1a,p1b
|-immune|p2a: Corviknight
|-supereffective|p1a: Sneasler
|-enditem|p1a: Sneasler|Focus Sash
|-damage|p1a: Sneasler|1/100
|-damage|p1b: Volcarona|71/100
|move|p1b: Volcarona|Quiver Dance|p1b: Volcarona
|-boost|p1b: Volcarona|spa|1
|-boost|p1b: Volcarona|spd|1
|-boost|p1b: Volcarona|spe|1
|move|p2a: Corviknight|Brave Bird|p1b: Volcarona
|-damage|p1b: Volcarona|46/100
|-damage|p2a: Corviknight|93/100|[from] Recoil
|
|upkeep
|turn|2
|
|t:|1756932111
|switch|p2a: Tyranitar|Tyranitar, L50, M|100/100
|-weather|Sandstorm|[from] ability: Sand Stream|[of] p2a: Tyranitar
|move|p2b: Garchomp|Protect|p2b: Garchomp
|-singleturn|p2b: Garchomp|Protect
|move|p1a: Sneasler|Coaching|p1b: Volcarona
|-boost|p1b: Volcarona|atk|1
|-boost|p1b: Volcarona|def|1
|move|p1b: Volcarona|Heat Wave|p2a: Tyranitar|[spread] p2a
|-activate|p2b: Garchomp|move: Protect
|-resisted|p2a: Tyranitar
|-damage|p2a: Tyranitar|90/100
|
|-weather|Sandstorm|[upkeep]
|-damage|p1a: Sneasler|0 fnt|[from] Sandstorm
|-damage|p1b: Volcarona|40/100|[from] Sandstorm
|faint|p1a: Sneasler
|upkeep
|
|t:|1756932126
|switch|p1a: Rillaboom|Rillaboom, L50, F|100/100
|-fieldstart|move: Grassy Terrain|[from] ability: Grassy Surge|[of] p1a: Rillaboom
|turn|3
|
|t:|1756932148
|switch|p2b: Corviknight|Corviknight, L50, M|93/100
|move|p1a: Rillaboom|Fake Out|p2a: Tyranitar
|-resisted|p2a: Tyranitar
|-damage|p2a: Tyranitar|83/100
|move|p1b: Volcarona|Quiver Dance|p1b: Volcarona
|-boost|p1b: Volcarona|spa|1
|-boost|p1b: Volcarona|spd|1
|-boost|p1b: Volcarona|spe|1
|cant|p2a: Tyranitar|flinch
|
|-weather|Sandstorm|[upkeep]
|-damage|p1b: Volcarona|34/100|[from] Sandstorm
|-damage|p1a: Rillaboom|94/100|[from] Sandstorm
|-heal|p1b: Volcarona|40/100|[from] Grassy Terrain
|-heal|p1a: Rillaboom|100/100|[from] Grassy Terrain
|-heal|p2a: Tyranitar|89/100|[from] Grassy Terrain
|upkeep
|turn|4
|
|t:|1756932190
|-terastallize|p2b: Corviknight|Dragon
|move|p1b: Volcarona|Heat Wave|p2a: Tyranitar|[spread] p2b
|-miss|p1b: Volcarona|p2a: Tyranitar
|-resisted|p2b: Corviknight
|-damage|p2b: Corviknight|64/100
|move|p2b: Corviknight|Tailwind|p2b: Corviknight
|-sidestart|p2: Descugi|move: Tailwind
|move|p2a: Tyranitar|Rock Slide|p1a: Rillaboom|[spread] p1a,p1b
|-damage|p1a: Rillaboom|66/100
|-damage|p1b: Volcarona|22/100
|move|p1a: Rillaboom|Wood Hammer|p2a: Tyranitar
|-supereffective|p2a: Tyranitar
|-crit|p2a: Tyranitar
|-damage|p2a: Tyranitar|0 fnt
|faint|p2a: Tyranitar
|-damage|p1a: Rillaboom|37/100|[from] Recoil
|
|-weather|Sandstorm|[upkeep]
|-damage|p1b: Volcarona|16/100|[from] Sandstorm
|-damage|p2b: Corviknight|58/100|[from] Sandstorm
|-damage|p1a: Rillaboom|31/100|[from] Sandstorm
|-heal|p1b: Volcarona|22/100|[from] Grassy Terrain
|-heal|p2b: Corviknight|64/100|[from] Grassy Terrain
|-heal|p1a: Rillaboom|37/100|[from] Grassy Terrain
|upkeep
|
|t:|1756932217
|switch|p2a: Sneasler|Sneasler, L50, M|100/100
|turn|5
|
|t:|1756932227
|move|p1b: Volcarona|Protect|p1b: Volcarona
|-singleturn|p1b: Volcarona|Protect
|move|p1a: Rillaboom|Grassy Glide|p2a: Sneasler
|-resisted|p2a: Sneasler
|-damage|p2a: Sneasler|68/100
|move|p2a: Sneasler|Dire Claw|p1b: Volcarona
|-activate|p1b: Volcarona|move: Protect
|move|p2b: Corviknight|Brave Bird|p1a: Rillaboom
|-supereffective|p1a: Rillaboom
|-damage|p1a: Rillaboom|0 fnt
|faint|p1a: Rillaboom
|-damage|p2b: Corviknight|53/100|[from] Recoil
|
|-weather|Sandstorm|[upkeep]
|-damage|p2a: Sneasler|62/100|[from] Sandstorm
|-damage|p1b: Volcarona|16/100|[from] Sandstorm
|-damage|p2b: Corviknight|47/100|[from] Sandstorm
|-heal|p2a: Sneasler|68/100|[from] Grassy Terrain
|-heal|p1b: Volcarona|22/100|[from] Grassy Terrain
|-heal|p2b: Corviknight|53/100|[from] Grassy Terrain
|upkeep
|
|t:|1756932238
|switch|p1a: Dragonite|Dragonite, L50, M|100/100
|turn|6
|
|t:|1756932281
|move|p2a: Sneasler|Dire Claw|p1b: Volcarona
|-supereffective|p1b: Volcarona
|-damage|p1b: Volcarona|0 fnt
|faint|p1b: Volcarona
|move|p2b: Corviknight|Brave Bird|p1a: Dragonite
|-damage|p1a: Dragonite|81/100
|-damage|p2b: Corviknight|47/100|[from] Recoil
|move|p1a: Dragonite|Scale Shot|p2a: Sneasler
|-damage|p2a: Sneasler|42/100
|-damage|p2a: Sneasler|17/100
|-damage|p2a: Sneasler|0 fnt
|faint|p2a: Sneasler
|-hitcount|p2: Sneasler|3
|-unboost|p1a: Dragonite|def|1
|-boost|p1a: Dragonite|spe|1
|
|-weather|none
|-heal|p2b: Corviknight|53/100|[from] Grassy Terrain
|upkeep
|
|t:|1756932298
|switch|p2a: Garchomp|Garchomp, L50, M|100/100
|turn|7
|
|t:|1756932305
|move|p1a: Dragonite|Protect|p1a: Dragonite
|-singleturn|p1a: Dragonite|Protect
|move|p2a: Garchomp|Dragon Claw|p1a: Dragonite
|-activate|p1a: Dragonite|move: Protect
|move|p2b: Corviknight|Brave Bird|p1a: Dragonite
|-activate|p1a: Dragonite|move: Protect
|
|-heal|p2b: Corviknight|59/100|[from] Grassy Terrain
|-sideend|p2: Descugi|move: Tailwind
|-fieldend|move: Grassy Terrain
|upkeep
|turn|8
|
|t:|1756932349
|move|p2a: Garchomp|Protect|p2a: Garchomp
|-singleturn|p2a: Garchomp|Protect
|move|p1a: Dragonite|Scale Shot|p2b: Corviknight
|-supereffective|p2b: Corviknight
|-damage|p2b: Corviknight|36/100
|-supereffective|p2b: Corviknight
|-damage|p2b: Corviknight|12/100
|-supereffective|p2b: Corviknight
|-crit|p2b: Corviknight
|-damage|p2b: Corviknight|0 fnt
|faint|p2b: Corviknight
|-hitcount|p2: Corviknight|3
|-unboost|p1a: Dragonite|def|1
|-boost|p1a: Dragonite|spe|1
|
|upkeep
|turn|9
|
|t:|1756932368
|move|p1a: Dragonite|Scale Shot|p2a: Garchomp
|-supereffective|p2a: Garchomp
|-damage|p2a: Garchomp|73/100
|-supereffective|p2a: Garchomp
|-damage|p2a: Garchomp|41/100
|-supereffective|p2a: Garchomp
|-damage|p2a: Garchomp|11/100
|-supereffective|p2a: Garchomp
|-damage|p2a: Garchomp|0 fnt
|faint|p2a: Garchomp
|-hitcount|p2: Garchomp|4
|
|win|naovi
|inactive|naovi has 30 seconds to confirm battle start!
|inactive|Descugi has 30 seconds to confirm battle start!
||naovi is ready for game 2.
|inactive|Descugi has 20 seconds to confirm battle start!
||Descugi is ready for game 2.
|uhtml|next|Next: Game 2 of 3
