|j|☆meikh_neiht
|j|☆imonx6pace!
|html|meikh_neihtimonx6pace!    
|uhtml|bestof|Game 3 of a best-of-3
|t:|1783047053
|gametype|doubles
|player|p1|meikh_neiht|lucas|1321
|player|p2|imonx6pace!|rocketgrunt|1215
|gen|9
|tier|[Gen 9 Champions] VGC 2026 Reg M-B (Bo3)
|rated|
|rule|Species Clause: Limit one of each Pokémon
|rule|Item Clause: Limit 1 of each item
|clearpoke
|poke|p1|Staraptor, L50, M|
|poke|p1|Sinistcha, L50|
|poke|p1|Maushold, L50|
|poke|p1|Kingambit, L50, F|
|poke|p1|Sneasler, L50, M|
|poke|p1|Delphox, L50, F|
|poke|p2|Floette-Eternal, L50, F|
|poke|p2|Sinistcha, L50|
|poke|p2|Sneasler, L50, M|
|poke|p2|Basculegion, L50, M|
|poke|p2|Kingambit, L50, M|
|poke|p2|Talonflame, L50, F|
|teampreview|4
|showteam|p1|Staraptor||Staraptite|Intimidate|CloseCombat,BraveBird,Roost,Protect|Adamant||M|||50|]Sinistcha||SitrusBerry|Hospitality|RagePowder,MatchaGotcha,StrengthSap,LifeDew|Calm|||||50|]Maushold||ChopleBerry|FriendGuard|Encore,Charm,FollowMe,Protect|Timid|||||50|]Kingambit||OccaBerry|Defiant|KowtowCleave,SuckerPunch,SwordsDance,Protect|Adamant||F|||50|]Sneasler||WhiteHerb|Unburden|DireClaw,Protect,FakeOut,CloseCombat|Jolly||M|||50|]Delphox||Delphoxite|Blaze|HeatWave,Psyshock,NastyPlot,Protect|Timid||F|||50|
|showteam|p2|Floette-Eternal||Floettite|FlowerVeil|CalmMind,Moonblast,DazzlingGleam,Protect|Bold||F|||50|]Sinistcha||SitrusBerry|Hospitality|MatchaGotcha,RagePowder,LifeDew,TrickRoom|Calm|||||50|]Sneasler||WhiteHerb|Unburden|FakeOut,GunkShot,CloseCombat,Protect|Jolly||M|||50|]Basculegion||ChoiceScarf|Adaptability|FlipTurn,WaveCrash,AquaJet,LastRespects|Jolly||M|||50|]Kingambit||ChopleBerry|Defiant|KowtowCleave,SuckerPunch,IronHead,Protect|Adamant||M|||50|]Talonflame||FocusSash|GaleWings|Protect,Tailwind,DualWingbeat,FlareBlitz|Jolly||F|||50|
|inactive|Battle timer is ON: inactive players will automatically lose when time's up. (requested by imonx6pace!)
|
|t:|1783047092
|teamsize|p1|4
|teamsize|p2|4
|start
|switch|p1a: Sinistcha|Sinistcha, L50|100/100
|switch|p1b: Delphox|Delphox, L50, F|100/100
|switch|p2a: Sneasler|Sneasler, L50, M|100/100
|switch|p2b: Talonflame|Talonflame, L50, F|100/100
|turn|1
|
|t:|1783047116
|switch|p1a: Kingambit|Kingambit, L50, F|100/100
|detailschange|p1b: Delphox|Delphox-Mega, L50, F
|-mega|p1b: Delphox|Delphox|Delphoxite
|move|p2b: Talonflame|Flare Blitz|p1a: Kingambit
|-supereffective|p1a: Kingambit|1
|-enditem|p1a: Kingambit|Occa Berry|[eat]
|-enditem|p1a: Kingambit|Occa Berry|[weaken]
|-damage|p1a: Kingambit|65/100
|-damage|p2b: Talonflame|84/100|[from] Recoil
|move|p1b: Delphox|Psyshock|p2b: Talonflame
|-damage|p2b: Talonflame|16/100
|move|p2a: Sneasler|Gunk Shot|p1a: Kingambit
|-immune|p1a: Kingambit
|
|upkeep
|turn|2
|inactive|meikh_neiht has 30 seconds left.
|
|t:|1783047146
|move|p2b: Talonflame|Protect|p2b: Talonflame
|-singleturn|p2b: Talonflame|Protect
|move|p1a: Kingambit|Protect|p1a: Kingambit
|-singleturn|p1a: Kingambit|Protect
|move|p1b: Delphox|Psyshock|p2a: Sneasler
|-supereffective|p2a: Sneasler|2
|-damage|p2a: Sneasler|0 fnt
|faint|p2a: Sneasler
|
|upkeep
|
|t:|1783047153
|switch|p2a: Floette|Floette-Eternal, L50, F|100/100
|turn|3
|inactive|meikh_neiht has 30 seconds left.
|
|t:|1783047181
|switch|p1a: Sneasler|Sneasler, L50, M|100/100
|detailschange|p2a: Floette|Floette-Mega, L50, F
|-mega|p2a: Floette|Floette|Floettite
|-ability|p2a: Floette|Fairy Aura
|move|p2b: Talonflame|Tailwind|p2b: Talonflame
|-sidestart|p2: imonx6pace!|move: Tailwind
|move|p2a: Floette|Calm Mind|p2a: Floette
|-boost|p2a: Floette|spa|1
|-boost|p2a: Floette|spd|1
|move|p1b: Delphox|Nasty Plot|p1b: Delphox
|-boost|p1b: Delphox|spa|2
|
|upkeep
|turn|4
|
|t:|1783047203
|move|p1a: Sneasler|Fake Out|p2b: Talonflame
|-damage|p2b: Talonflame|0 fnt
|faint|p2b: Talonflame
|move|p2a: Floette|Dazzling Gleam|p1a: Sneasler|[spread] p1a,p1b
|-resisted|p1b: Delphox|1
|-damage|p1a: Sneasler|14/100
|-damage|p1b: Delphox|75/100
|move|p1b: Delphox|Psyshock|p2a: Floette
|-damage|p2a: Floette|29/100
|
|upkeep
|
|t:|1783047209
|switch|p2b: Basculegion|Basculegion, L50, M|100/100
|turn|5
|inactive|meikh_neiht has 30 seconds left.
|
|t:|1783047239
|switch|p1a: Sinistcha|Sinistcha, L50|100/100
|-heal|p1b: Delphox|100/100|[from] ability: Hospitality|[of] p1a: Sinistcha
|move|p1b: Delphox|Protect|p1b: Delphox
|-singleturn|p1b: Delphox|Protect
|move|p2b: Basculegion|Aqua Jet|p1b: Delphox
|-activate|p1b: Delphox|move: Protect
|move|p2a: Floette|Dazzling Gleam|p1b: Delphox|[spread] p1a
|-activate|p1b: Delphox|move: Protect
|-damage|p1a: Sinistcha|46/100
|-enditem|p1a: Sinistcha|Sitrus Berry|[eat]
|-heal|p1a: Sinistcha|71/100|[from] item: Sitrus Berry
|
|upkeep
|turn|6
|
|t:|1783047255
|move|p1a: Sinistcha|Rage Powder|p1a: Sinistcha
|-singleturn|p1a: Sinistcha|move: Rage Powder
|move|p2b: Basculegion|Aqua Jet|p1a: Sinistcha
|-resisted|p1a: Sinistcha|1
|-damage|p1a: Sinistcha|60/100
|move|p2a: Floette|Dazzling Gleam|p1a: Sinistcha|[spread] p1a,p1b
|-resisted|p1b: Delphox|1
|-damage|p1a: Sinistcha|9/100
|-damage|p1b: Delphox|76/100
|move|p1b: Delphox|Heat Wave|p2b: Basculegion|[spread] p2a,p2b
|-resisted|p2b: Basculegion|1
|-damage|p2a: Floette|0 fnt
|-damage|p2b: Basculegion|51/100
|faint|p2a: Floette
|
|-sideend|p2: imonx6pace!|move: Tailwind
|upkeep
|turn|7
|c|☆imonx6pace!|gg
|-message|imonx6pace! forfeited.
|
|win|meikh_neiht
|raw|meikh_neiht's rating: 1321 → 1335(+14 for winning)
|raw|imonx6pace!'s rating: 1215 → 1197(-18 for losing)
|c|☆meikh_neiht|ggwp
|l|☆imonx6pace!
|player|p2|
