|j|☆Tuqueque
|j|☆Magicalarcher57
|html|TuquequeMagicalarcher57    
|uhtml|bestof|Game 2 of a best-of-3
|t:|1782444448
|gametype|doubles
|player|p1|Tuqueque|266|1102
|player|p2|Magicalarcher57|diantha|1106
|gen|9
|tier|[Gen 9 Champions] VGC 2026 Reg M-B (Bo3)
|rated|
|rule|Species Clause: Limit one of each Pokémon
|rule|Item Clause: Limit 1 of each item
|clearpoke
|poke|p1|Pelipper, L50, M|
|poke|p1|Swampert, L50, M|
|poke|p1|Archaludon, L50, F|
|poke|p1|Sableye, L50, F|
|poke|p1|Kingambit, L50, M|
|poke|p1|Sylveon, L50, F|
|poke|p2|Raichu, L50, M, shiny|
|poke|p2|Charizard, L50, F, shiny|
|poke|p2|Garchomp, L50, M, shiny|
|poke|p2|Whimsicott, L50, F, shiny|
|poke|p2|Kingambit, L50, F, shiny|
|poke|p2|Gholdengo, L50, shiny|
|teampreview|4
|showteam|p1|Pelipper||DampRock|Drizzle|Hurricane,WeatherBall,Tailwind,WideGuard|Modest||M|||50|]Swampert||Swampertite|Torrent|WaveCrash,Earthquake,RockTomb,Protect|Adamant||M|||50|]Archaludon||Leftovers|Stamina|ElectroShot,DragonPulse,FlashCannon,Protect|Modest||F|||50|]Sableye||LightClay|Prankster|WillOWisp,RainDance,Reflect,LightScreen|Careful||F|||50|]Kingambit||FocusSash|Defiant|KowtowCleave,SuckerPunch,IronHead,LowKick|Adamant||M|||50|]Sylveon||FairyFeather|Pixilate|HyperVoice,HyperBeam,Yawn,Protect|Modest||F|||50|
|showteam|p2|Raichu||RaichuniteY|LightningRod|FakeOut,FocusBlast,ZapCannon,Protect|Timid||M|||50|]Charizard||CharizarditeY|Blaze|WeatherBall,SolarBeam,HeatWave,Protect|Modest||F|||50|]Garchomp||LifeOrb|RoughSkin|DragonClaw,Earthquake,StompingTantrum,Protect|Jolly||M|||50|]Whimsicott||FocusSash|Prankster|Moonblast,Tailwind,SunnyDay,Encore|Timid||F|||50|]Kingambit||BlackGlasses|Defiant|SuckerPunch,KowtowCleave,IronHead,Protect|Adamant||F|||50|]Gholdengo||MetalCoat|GoodasGold|MakeItRain,ShadowBall,NastyPlot,Protect|Modest|||||50|
|inactive|Battle timer is ON: inactive players will automatically lose when time's up. (requested by Magicalarcher57)
|
|t:|1782444474
|teamsize|p1|4
|teamsize|p2|4
|start
|switch|p1a: Sableye|Sableye, L50, F|100/100
|switch|p1b: Swampert|Swampert, L50, M|100/100
|switch|p2a: Gholdengo|Gholdengo, L50, shiny|100/100
|switch|p2b: Whimsicott|Whimsicott, L50, F, shiny|100/100
|turn|1
|inactive|Magicalarcher57 has 30 seconds left.
|
|t:|1782444503
|switch|p1a: Pelipper|Pelipper, L50, M|100/100
|-weather|RainDance|[from] ability: Drizzle|[of] p1a: Pelipper
|detailschange|p1b: Swampert|Swampert-Mega, L50, M
|-mega|p1b: Swampert|Swampert|Swampertite
|move|p2b: Whimsicott|Tailwind|p2b: Whimsicott
|-sidestart|p2: Magicalarcher57|move: Tailwind
|move|p2a: Gholdengo|Nasty Plot|p2a: Gholdengo
|-boost|p2a: Gholdengo|spa|2
|move|p1b: Swampert|Earthquake|p2b: Whimsicott|[spread] p2a,p2b
|-immune|p1a: Pelipper
|-supereffective|p2a: Gholdengo|1
|-crit|p2a: Gholdengo
|-resisted|p2b: Whimsicott|1
|-damage|p2a: Gholdengo|0 fnt
|-damage|p2b: Whimsicott|65/100
|faint|p2a: Gholdengo
|
|-weather|RainDance|[upkeep]
|upkeep
|
|t:|1782444505
|switch|p2a: Kingambit|Kingambit, L50, F, shiny|100/100
|turn|2
|inactive|Tuqueque has 30 seconds left.
|
|t:|1782444537
|switch|p2a: Charizard|Charizard, L50, F, shiny|100/100
|move|p2b: Whimsicott|Encore|p1b: Swampert
|-start|p1b: Swampert|Encore
|move|p1b: Swampert|Earthquake|p2a: Charizard|[spread] p2b
|-immune|p1a: Pelipper
|-immune|p2a: Charizard
|-resisted|p2b: Whimsicott|1
|-damage|p2b: Whimsicott|29/100
|move|p1a: Pelipper|Tailwind|p1a: Pelipper
|-sidestart|p1: Tuqueque|move: Tailwind
|
|-weather|RainDance|[upkeep]
|upkeep
|turn|3
|
|t:|1782444555
|switch|p1b: Archaludon|Archaludon, L50, F|100/100
|detailschange|p2a: Charizard|Charizard-Mega-Y, L50, F, shiny
|-mega|p2a: Charizard|Charizard|Charizardite Y
|-weather|SunnyDay|[from] ability: Drought|[of] p2a: Charizard
|move|p2b: Whimsicott|Moonblast|p1a: Pelipper
|-damage|p1a: Pelipper|58/100
|move|p2a: Charizard|Heat Wave|p1a: Pelipper|[spread] p1a,p1b
|-resisted|p1a: Pelipper|1
|-damage|p1a: Pelipper|18/100
|-damage|p1b: Archaludon|28/100
|-ability|p1b: Archaludon|Stamina|boost
|-boost|p1b: Archaludon|def|1
|move|p1a: Pelipper|Weather Ball|p2b: Whimsicott
|-supereffective|p2b: Whimsicott|1
|-damage|p2b: Whimsicott|0 fnt
|faint|p2b: Whimsicott
|
|-weather|SunnyDay|[upkeep]
|-heal|p1b: Archaludon|34/100|[from] item: Leftovers
|upkeep
|
|t:|1782444578
|switch|p2b: Kingambit|Kingambit, L50, F, shiny|100/100
|turn|4
|
|t:|1782444587
|move|p1a: Pelipper|Wide Guard|p1a: Pelipper
|-singleturn|p1a: Pelipper|Wide Guard
|move|p2a: Charizard|Heat Wave|p1a: Pelipper|[spread] 
|-activate|p1a: Pelipper|move: Wide Guard
|-activate|p1b: Archaludon|move: Wide Guard
|move|p1b: Archaludon|Dragon Pulse|p2a: Charizard
|-damage|p2a: Charizard|61/100
|move|p2b: Kingambit|Kowtow Cleave|p1a: Pelipper
|-damage|p1a: Pelipper|0 fnt
|faint|p1a: Pelipper
|
|-weather|SunnyDay|[upkeep]
|-heal|p1b: Archaludon|41/100|[from] item: Leftovers
|-sideend|p2: Magicalarcher57|move: Tailwind
|upkeep
|
|t:|1782444598
|switch|p1a: Sableye|Sableye, L50, F|100/100
|turn|5
|
|t:|1782444607
|move|p2a: Charizard|Protect|p2a: Charizard
|-singleturn|p2a: Charizard|Protect
|move|p1a: Sableye|Rain Dance|p1a: Sableye
|-weather|RainDance
|move|p1b: Archaludon|Electro Shot||[still]
|-prepare|p1b: Archaludon|Electro Shot
|-boost|p1b: Archaludon|spa|1
|-anim|p1b: Archaludon|Electro Shot|p2a: Charizard
|-activate|p2a: Charizard|move: Protect
|move|p2b: Kingambit|Kowtow Cleave|p1b: Archaludon
|-damage|p1b: Archaludon|11/100
|-ability|p1b: Archaludon|Stamina|boost
|-boost|p1b: Archaludon|def|1
|
|-weather|RainDance|[upkeep]
|-heal|p1b: Archaludon|17/100|[from] item: Leftovers
|-sideend|p1: Tuqueque|move: Tailwind
|upkeep
|turn|6
|inactive|Magicalarcher57 has 30 seconds left.
|inactive|Magicalarcher57 has 20 seconds left.
|inactive|Magicalarcher57 has 15 seconds left.
|
|t:|1782444650
|move|p1a: Sableye|Reflect|p1a: Sableye
|-sidestart|p1: Tuqueque|Reflect
|move|p2b: Kingambit|Sucker Punch|p1b: Archaludon
|-damage|p1b: Archaludon|5/100
|-ability|p1b: Archaludon|Stamina|boost
|-boost|p1b: Archaludon|def|1
|move|p2a: Charizard|Heat Wave|p1b: Archaludon|[spread] p1a,p1b
|-damage|p1a: Sableye|75/100
|-damage|p1b: Archaludon|0 fnt
|-status|p1a: Sableye|brn
|faint|p1b: Archaludon
|
|-weather|RainDance|[upkeep]
|-damage|p1a: Sableye|69/100 brn|[from] brn
|upkeep
|
|t:|1782444657
|switch|p1b: Swampert|Swampert-Mega, L50, M|100/100
|turn|7
|
|t:|1782444669
|move|p2a: Charizard|Protect|p2a: Charizard
|-singleturn|p2a: Charizard|Protect
|move|p1a: Sableye|Light Screen|p1a: Sableye
|-sidestart|p1: Tuqueque|move: Light Screen
|move|p1b: Swampert|Earthquake|p2a: Charizard|[spread] p1a,p2b
|-activate|p2a: Charizard|move: Protect
|-supereffective|p2b: Kingambit|1
|-damage|p1a: Sableye|31/100 brn
|-damage|p2b: Kingambit|23/100
|move|p2b: Kingambit|Kowtow Cleave|p1b: Swampert
|-damage|p1b: Swampert|64/100
|
|-weather|RainDance|[upkeep]
|-damage|p1a: Sableye|25/100 brn|[from] brn
|upkeep
|turn|8
|
|t:|1782444682
|move|p1a: Sableye|Will-O-Wisp|p2b: Kingambit
|-hint|Since gen 7, Dark is immune to Prankster moves.
|-immune|p2b: Kingambit
|move|p2b: Kingambit|Sucker Punch|p1b: Swampert
|-crit|p1b: Swampert
|-damage|p1b: Swampert|0 fnt
|faint|p1b: Swampert
|move|p2a: Charizard|Weather Ball|p1a: Sableye
|-damage|p1a: Sableye|0 fnt
|faint|p1a: Sableye
|
|win|Magicalarcher57
|raw|Tuqueque's rating: 1102 → 1077(-25 for losing)
|raw|Magicalarcher57's rating: 1106 → 1131(+25 for winning)
