|j|☆RrrrrMemes9
|j|☆chargem13
|html|RrrrrMemes9chargem13    
|uhtml|bestof|Game 2 of a best-of-3
|t:|1782250530
|gametype|doubles
|player|p1|RrrrrMemes9|n|
|player|p2|chargem13|iris|
|gen|9
|tier|[Gen 9 Champions] VGC 2026 Reg M-B (Bo3)
|rule|Species Clause: Limit one of each Pokémon
|rule|Item Clause: Limit 1 of each item
|clearpoke
|poke|p1|Heracross, L50, M|
|poke|p1|Pidgeot, L50, M|
|poke|p1|Ditto, L50, shiny|
|poke|p1|Sneasler, L50, M|
|poke|p1|Alakazam, L50, M|
|poke|p1|Forretress, L50, F|
|poke|p2|Pyroar, L50, M, shiny|
|poke|p2|Torkoal, L50, M, shiny|
|poke|p2|Kingambit, L50, M|
|poke|p2|Dragonite, L50, F|
|poke|p2|Mimikyu, L50, F|
|poke|p2|Sneasler, L50, F, shiny|
|teampreview|4
|showteam|p1|Heracross||Heracronite|Moxie|CloseCombat,Megahorn,Counter,Detect|Impish||M|||50|]Pidgeot||Pidgeotite|BigPecks|HeatWave,Hurricane,Roost,Tailwind|Timid||M|||50|]Ditto||Leftovers|Imposter|Transform|Bold|||||50|]Sneasler||FocusSash|Unburden|DireClaw,CloseCombat,FakeOut,Uturn|Adamant||M|||50|]Alakazam||SitrusBerry|MagicGuard|ExpandingForce,Protect,CalmMind,PsychicTerrain|Timid||M|||50|]Forretress||QuickClaw|Sturdy|Explosion,Protect,IronDefense,BodyPress|Careful||F|||50|
|showteam|p2|Pyroar||Pyroarite|Moxie|Overheat,HeatWave,SolarBeam,Protect|Modest||M|||50|]Torkoal||HeatRock|Drought|Eruption,WeatherBall,HelpingHand,Yawn|Quiet||M|||50|]Kingambit||BlackGlasses|Defiant|KowtowCleave,SuckerPunch,LowKick,Protect|Brave||M|||50|]Dragonite||Dragoninite|Multiscale|DragonPulse,Flamethrower,Tailwind,Protect|Modest||F|||50|]Mimikyu||LifeOrb|Disguise|PlayRough,ShadowSneak,TrickRoom,SwordsDance|Adamant||F|||50|]Sneasler||FocusSash|PoisonTouch|DireClaw,CloseCombat,FakeOut,Feint|Jolly||F|||50|
|
|t:|1782250567
|teamsize|p1|4
|teamsize|p2|4
|start
|switch|p1a: Sante|Sneasler, L50, M|100/100
|switch|p1b: Bois|Heracross, L50, M|100/100
|switch|p2a: Barou|Kingambit, L50, M|100/100
|switch|p2b: Larper|Mimikyu, L50, F|100/100
|turn|1
|j| Captinsuss
|
|t:|1782250599
|detailschange|p1b: Bois|Heracross-Mega, L50, M
|-mega|p1b: Bois|Heracross|Heracronite
|move|p2a: Barou|Protect|p2a: Barou
|-singleturn|p2a: Barou|Protect
|move|p1a: Sante|Fake Out|p2b: Larper
|-immune|p2b: Larper
|move|p2b: Larper|Play Rough|p1b: Bois
|-supereffective|p1b: Bois|1
|-damage|p1b: Bois|28/100
|-damage|p2b: Larper|90/100|[from] item: Life Orb
|move|p1b: Bois|Close Combat|p2a: Barou
|-activate|p2a: Barou|move: Protect
|
|upkeep
|turn|2
|
|t:|1782250641
|move|p1b: Bois|Detect|p1b: Bois
|-singleturn|p1b: Bois|Protect
|move|p1a: Sante|Close Combat|p2a: Barou
|-supereffective|p2a: Barou|2
|-damage|p2a: Barou|0 fnt
|-unboost|p1a: Sante|def|1
|-unboost|p1a: Sante|spd|1
|faint|p2a: Barou
|move|p2b: Larper|Swords Dance|p2b: Larper
|-boost|p2b: Larper|atk|2
|
|upkeep
|
|t:|1782250654
|switch|p2a: Kongwe|Torkoal, L50, M, shiny|100/100
|-weather|SunnyDay|[from] ability: Drought|[of] p2a: Kongwe
|turn|3
|
|t:|1782250690
|move|p2b: Larper|Shadow Sneak|p1a: Sante
|-enditem|p1a: Sante|Focus Sash
|-damage|p1a: Sante|1/100
|-damage|p2b: Larper|80/100|[from] item: Life Orb
|move|p1a: Sante|Dire Claw|p2b: Larper
|-activate|p2b: Larper|ability: Disguise
|-damage|p2b: Larper|80/100
|detailschange|p2b: Larper|Mimikyu-Busted, L50, F
|-damage|p2b: Larper|67/100|[from] pokemon: Mimikyu-Busted
|move|p1b: Bois|Close Combat|p2a: Kongwe
|-damage|p2a: Kongwe|46/100
|-unboost|p1b: Bois|def|1
|-unboost|p1b: Bois|spd|1
|move|p2a: Kongwe|Eruption|p1b: Bois|[spread] p1a,p1b
|-supereffective|p1b: Bois|1
|-damage|p1a: Sante|0 fnt
|-damage|p1b: Bois|0 fnt
|faint|p1a: Sante
|faint|p1b: Bois
|
|-weather|SunnyDay|[upkeep]
|upkeep
|
|t:|1782250710
|switch|p1a: You Who?|Ditto, L50, shiny|100/100
|switch|p1b: Basic Bird|Pidgeot, L50, M|100/100
|-transform|p1a: You Who?|p2b: Larper|[from] ability: Imposter
|turn|4
|
|t:|1782250738
|move|p1a: You Who?|Shadow Sneak|p2b: Larper
|-supereffective|p2b: Larper|1
|-damage|p2b: Larper|0 fnt
|faint|p2b: Larper
|move|p1b: Basic Bird|Tailwind|p1b: Basic Bird
|-sidestart|p1: RrrrrMemes9|move: Tailwind
|move|p2a: Kongwe|Eruption|p1b: Basic Bird|[spread] p1a,p1b
|-damage|p1a: You Who?|54/100
|-damage|p1b: Basic Bird|50/100g
|
|-weather|SunnyDay|[upkeep]
|-heal|p1a: You Who?|60/100|[from] item: Leftovers
|upkeep
|
|t:|1782250747
|switch|p2b: Mufasa|Pyroar, L50, M, shiny|100/100
|turn|5
|
|t:|1782250787
|detailschange|p2b: Mufasa|Pyroar-Mega, L50, M, shiny
|-mega|p2b: Mufasa|Pyroar|Pyroarite
|move|p1b: Basic Bird|Hurricane|p2b: Mufasa|[miss]
|-miss|p1b: Basic Bird|p2b: Mufasa
|move|p1a: You Who?|Play Rough|p2b: Mufasa
|-resisted|p2b: Mufasa|1
|-damage|p2b: Mufasa|50/100g
|move|p2b: Mufasa|Heat Wave|p1a: You Who?|[spread] p1a,p1b
|-damage|p1a: You Who?|0 fnt
|-damage|p1b: Basic Bird|0 fnt
|faint|p1a: You Who?
|faint|p1b: Basic Bird
|
|win|chargem13
|l|☆RrrrrMemes9
|player|p1|
