|j|☆johan seong krk
|j|☆cucklord86
|html|johan seong krkcucklord86    
|uhtml|bestof|Game 1 of a best-of-3
|t:|1783955688
|gametype|doubles
|player|p1|johan seong krk|proton|1132
|player|p2|cucklord86|1|1000
|gen|9
|tier|[Gen 9 Champions] VGC 2026 Reg M-B (Bo3)
|rated|
|rule|Species Clause: Limit one of each Pokémon
|rule|Item Clause: Limit 1 of each item
|clearpoke
|poke|p1|Grimmsnarl, L50, M|
|poke|p1|Swampert, L50, M|
|poke|p1|Pelipper, L50, F|
|poke|p1|Archaludon, L50, M|
|poke|p1|Sinistcha, L50|
|poke|p1|Metagross, L50|
|poke|p2|Sylveon, L50, F, shiny|
|poke|p2|Sinistcha, L50|
|poke|p2|Swampert, L50, M, shiny|
|poke|p2|Pelipper, L50, F|
|poke|p2|Archaludon, L50, F|
|poke|p2|Dragalge, L50, M, shiny|
|teampreview|4
|showteam|p1|Grimmsnarl||LightClay|Prankster|FoulPlay,PartingShot,LightScreen,Reflect|Calm||M|||50|]Swampert||Swampertite|Damp|Protect,IcePunch,WaveCrash,Earthquake|Adamant||M|||50|]Pelipper||SitrusBerry|Drizzle|WideGuard,Tailwind,WeatherBall,Hurricane|Modest||F|||50|]Archaludon||Leftovers|Stamina|Protect,ElectroShot,FlashCannon,DragonPulse|Modest||M|||50|]Sinistcha||ColburBerry|Hospitality|Protect,TrickRoom,MatchaGotcha,RagePowder|Relaxed|||||50|]Metagross||Metagrossite|ClearBody|Protect,BodyPress,PsychicFangs,IronHead|Jolly|||||50|
|showteam|p2|Sylveon||IronBall|Pixilate|HyperVoice,Protect,HyperBeam,Copycat|Quiet||F|||50|]Sinistcha||SitrusBerry|Hospitality|MatchaGotcha,TrickRoom,RagePowder,LifeDew|Calm|||||50|]Swampert||Swampertite|Torrent|Protect,IcePunch,WaveCrash,HighHorsepower|Adamant||M|||50|]Pelipper||FocusSash|Drizzle|Tailwind,WideGuard,Protect,WeatherBall|Serious||F|||50|]Archaludon||Leftovers|Stamina|FlashCannon,ElectroShot,DracoMeteor,Protect|Calm||F|||50|]Dragalge||Dragalgite|Adaptability|Toxic,DragonPulse,SludgeBomb,Protect|Modest||M|||50|
|
|t:|1783955768
|teamsize|p1|4
|teamsize|p2|4
|start
|switch|p1a: Grimmsnarl|Grimmsnarl, L50, M|100/100
|switch|p1b: Archaludon|Archaludon, L50, M|100/100
|switch|p2a: Sinistcha|Sinistcha, L50|100/100
|switch|p2b: Sylveon|Sylveon, L50, F, shiny|100/100
|turn|1
|
|t:|1783955799
|move|p1b: Archaludon|Protect|p1b: Archaludon
|-singleturn|p1b: Archaludon|Protect
|move|p1a: Grimmsnarl|Light Screen|p1a: Grimmsnarl
|-sidestart|p1: johan seong krk|move: Light Screen
|move|p2b: Sylveon|Hyper Beam|p1a: Grimmsnarl
|-supereffective|p1a: Grimmsnarl|1
|-damage|p1a: Grimmsnarl|0 fnt
|-mustrecharge|p2b: Sylveon
|faint|p1a: Grimmsnarl
|move|p2a: Sinistcha|Trick Room|p2a: Sinistcha
|-fieldstart|move: Trick Room|[of] p2a: Sinistcha
|
|upkeep
|
|t:|1783955811
|switch|p1a: Sinistcha|Sinistcha, L50|100/100
|turn|2
|inactive|Battle timer is ON: inactive players will automatically lose when time's up. (requested by johan seong krk)
|
|t:|1783955862
|switch|p2a: Dragalge|Dragalge, L50, M, shiny|100/100
|cant|p2b: Sylveon|recharge
|move|p1a: Sinistcha|Matcha Gotcha|p2a: Dragalge|[spread] p2b
|-miss|p1a: Sinistcha|p2a: Dragalge
|-damage|p2b: Sylveon|80/100
|move|p1b: Archaludon|Flash Cannon|p2b: Sylveon
|-supereffective|p2b: Sylveon|1
|-damage|p2b: Sylveon|15/100
|
|upkeep
|turn|3
|inactive|cucklord86 has 30 seconds left.
|inactive|cucklord86 has 20 seconds left.
|inactive|cucklord86 has 15 seconds left.
|inactive|cucklord86 has 10 seconds left.
|
|t:|1783955907
|detailschange|p2a: Dragalge|Dragalge-Mega, L50, M, shiny
|-mega|p2a: Dragalge|Dragalge|Dragalgite
|move|p1a: Sinistcha|Rage Powder|p1a: Sinistcha
|-singleturn|p1a: Sinistcha|move: Rage Powder
|move|p2b: Sylveon|Hyper Beam|p1a: Sinistcha
|-damage|p1a: Sinistcha|40/100
|-mustrecharge|p2b: Sylveon
|move|p2a: Dragalge|Dragon Pulse|p1a: Sinistcha
|-damage|p1a: Sinistcha|10/100
|move|p1b: Archaludon|Dragon Pulse|p2a: Dragalge
|-supereffective|p2a: Dragalge|1
|-crit|p2a: Dragalge
|-damage|p2a: Dragalge|22/100
|
|upkeep
|turn|4
|
|t:|1783955930
|-heal|p2a: Dragalge|55/100|[from] ability: Regenerator|[silent]
|switch|p2a: Swampert|Swampert, L50, M, shiny|100/100
|cant|p2b: Sylveon|recharge
|move|p1b: Archaludon|Dragon Pulse|p2a: Swampert
|-damage|p2a: Swampert|65/100
|move|p1a: Sinistcha|Trick Room|p1a: Sinistcha
|-fieldend|move: Trick Room
|
|upkeep
|turn|5
|inactive|cucklord86 has 30 seconds left.
|
|t:|1783955955
|move|p1b: Archaludon|Dragon Pulse|p2a: Swampert
|-damage|p2a: Swampert|24/100
|move|p2a: Swampert|Ice Punch|p1a: Sinistcha
|-supereffective|p1a: Sinistcha|1
|-damage|p1a: Sinistcha|0 fnt
|faint|p1a: Sinistcha
|move|p2b: Sylveon|Hyper Beam|p1b: Archaludon
|-damage|p1b: Archaludon|43/100
|-mustrecharge|p2b: Sylveon
|-ability|p1b: Archaludon|Stamina|boost
|-boost|p1b: Archaludon|def|1
|
|-heal|p1b: Archaludon|49/100|[from] item: Leftovers
|upkeep
|
|t:|1783955961
|switch|p1a: Swampert|Swampert, L50, M|100/100
|turn|6
|inactive|cucklord86 has 30 seconds left.
|inactive|cucklord86 has 20 seconds left.
|inactive|cucklord86 has 15 seconds left.
|
|t:|1783956004
|detailschange|p1a: Swampert|Swampert-Mega, L50, M
|-mega|p1a: Swampert|Swampert|Swampertite
|move|p1b: Archaludon|Flash Cannon|p2b: Sylveon
|-supereffective|p2b: Sylveon|1
|-damage|p2b: Sylveon|0 fnt
|faint|p2b: Sylveon
|move|p1a: Swampert|Wave Crash|p2a: Swampert
|-damage|p2a: Swampert|0 fnt
|faint|p2a: Swampert
|-damage|p1a: Swampert|91/100|[from] Recoil
|
|-heal|p1b: Archaludon|55/100|[from] item: Leftovers
|upkeep
|
|t:|1783956016
|switch|p2a: Sinistcha|Sinistcha, L50|100/100
|switch|p2b: Dragalge|Dragalge-Mega, L50, M, shiny|55/100
|-heal|p2b: Dragalge|80/100|[from] ability: Hospitality|[of] p2a: Sinistcha
|turn|7
|
|t:|1783956027
|move|p2b: Dragalge|Protect|p2b: Dragalge
|-singleturn|p2b: Dragalge|Protect
|move|p1b: Archaludon|Dragon Pulse|p2a: Sinistcha
|-damage|p2a: Sinistcha|64/100
|move|p1a: Swampert|Ice Punch|p2a: Sinistcha
|-supereffective|p2a: Sinistcha|1
|-damage|p2a: Sinistcha|6/100
|-enditem|p2a: Sinistcha|Sitrus Berry|[eat]
|-heal|p2a: Sinistcha|30/100|[from] item: Sitrus Berry
|move|p2a: Sinistcha|Trick Room|p2a: Sinistcha
|-fieldstart|move: Trick Room|[of] p2a: Sinistcha
|
|-heal|p1b: Archaludon|61/100|[from] item: Leftovers
|upkeep
|turn|8
|inactive|cucklord86 has 30 seconds left.
|
|t:|1783956061
|move|p1a: Swampert|Protect|p1a: Swampert
|-singleturn|p1a: Swampert|Protect
|move|p2b: Dragalge|Dragon Pulse|p1b: Archaludon
|-crit|p1b: Archaludon
|-damage|p1b: Archaludon|0 fnt
|faint|p1b: Archaludon
|move|p2a: Sinistcha|Matcha Gotcha|p1a: Swampert
|-activate|p1a: Swampert|move: Protect
|
|-sideend|p1: johan seong krk|move: Light Screen
|upkeep
|turn|9
|c|☆johan seong krk|Bro
|c|☆johan seong krk|Why critical
|c|☆johan seong krk|I fucking hate rng
|inactive|johan seong krk has 30 seconds left.
|
|t:|1783956091
|move|p2b: Dragalge|Dragon Pulse|p1a: Swampert
|-damage|p1a: Swampert|50/100g
|move|p2a: Sinistcha|Matcha Gotcha|p1a: Swampert
|-supereffective|p1a: Swampert|2
|-damage|p1a: Swampert|0 fnt
|-heal|p2a: Sinistcha|58/100|[from] drain|[of] p1a: Swampert
|faint|p1a: Swampert
|
|win|cucklord86
||johan seong krk is ready for game 2.
||cucklord86 is ready for game 2.
|uhtml|next|Next: Game 2 of 3
|l|☆johan seong krk
|player|p1|
