|j|☆kuoli00021
|j|☆whissoo
|html|kuoli00021whissoo    
|uhtml|bestof|Game 3 of a best-of-3
|t:|1786113361
|gametype|doubles
|player|p1|kuoli00021|170|1191
|player|p2|whissoo|169|1139
|gen|9
|tier|[Gen 9 Champions] VGC 2026 Reg M-B (Bo3)
|rated|
|rule|Species Clause: Limit one of each Pokémon
|rule|Item Clause: Limit 1 of each item
|clearpoke
|poke|p1|Incineroar, L50, M|
|poke|p1|Sinistcha, L50|
|poke|p1|Grimmsnarl, L50, M|
|poke|p1|Toxapex, L50, M|
|poke|p1|Scizor, L50, F|
|poke|p1|Garchomp, L50, M|
|poke|p2|Kommo-o, L50, F, shiny|
|poke|p2|Excadrill, L50, F, shiny|
|poke|p2|Tyranitar, L50, M|
|poke|p2|Grimmsnarl, L50, M|
|poke|p2|Scovillain, L50, M|
|poke|p2|Basculegion, L50, M|
|teampreview|4
|showteam|p1|Incineroar||SitrusBerry|Intimidate|FlareBlitz,FakeOut,PartingShot,DarkestLariat|Sassy||M|||50|]Sinistcha||KasibBerry|Hospitality|MatchaGotcha,LifeDew,RagePowder,Protect|Calm|||||50|]Grimmsnarl||LightClay|Prankster|LightScreen,Reflect,PartingShot,SpiritBreak|Careful||M|||50|]Toxapex||Leftovers|Regenerator|BanefulBunker,Toxic,Haze,Infestation|Relaxed||M|||50|]Scizor||Scizorite|Technician|Roost,BulletPunch,Uturn,Protect|Adamant||F|||50|]Garchomp||Garchompite|RoughSkin|StompingTantrum,DragonClaw,RockSlide,Protect|Adamant||M|||50|
|showteam|p2|Kommo-o||Leftovers|Soundproof|ClangingScales,ClangorousSoul,AuraSphere,Protect|Modest||F|||50|]Excadrill||LifeOrb|SandRush|HighHorsepower,RockSlide,IronHead,Protect|Adamant||F|||50|]Tyranitar||Tyranitarite|SandStream|DragonDance,RockSlide,KnockOff,Protect|Jolly||M|||50|]Grimmsnarl||LightClay|Prankster|SpiritBreak,LightScreen,Reflect,FakeOut|Impish||M|||50|]Scovillain||Scovillainite|Moody|Protect,RagePowder,Overheat,EnergyBall|Bold||M|||50|]Basculegion||ChoiceScarf|Adaptability|WaveCrash,LastRespects,AquaJet,FlipTurn|Adamant||M|||50|
|inactive|Battle timer is ON: inactive players will automatically lose when time's up. (requested by kuoli00021)
|
|t:|1786113393
|teamsize|p1|4
|teamsize|p2|4
|start
|switch|p1a: Incineroar|Incineroar, L50, M|100/100
|switch|p1b: Grimmsnarl|Grimmsnarl, L50, M|100/100
|switch|p2a: Basculegion|Basculegion, L50, M|100/100
|switch|p2b: Grimmsnarl|Grimmsnarl, L50, M|100/100
|-ability|p1a: Incineroar|Intimidate|boost
|-unboost|p2a: Basculegion|atk|1
|-unboost|p2b: Grimmsnarl|atk|1
|turn|1
|
|t:|1786113403
|switch|p1a: Toxapex|Toxapex, L50, M|100/100
|move|p2b: Grimmsnarl|Fake Out|p1b: Grimmsnarl
|-damage|p1b: Grimmsnarl|92/100
|cant|p1b: Grimmsnarl|flinch
|move|p2a: Basculegion|Flip Turn|p1a: Toxapex
|-resisted|p1a: Toxapex|1
|-damage|p1a: Toxapex|91/100
|
|t:|1786113406
|switch|p2a: Excadrill|Excadrill, L50, F, shiny|100/100|[from] Flip Turn
|
|-heal|p1a: Toxapex|96/100|[from] item: Leftovers
|upkeep
|turn|2
|
|t:|1786113424
|-heal|p1a: Toxapex|100/100|[from] ability: Regenerator|[silent]
|switch|p1a: Incineroar|Incineroar, L50, M|100/100
|-ability|p1a: Incineroar|Intimidate|boost
|-unboost|p2a: Excadrill|atk|1
|-unboost|p2b: Grimmsnarl|atk|1
|move|p1b: Grimmsnarl|Parting Shot|p2a: Excadrill
|-unboost|p2a: Excadrill|atk|1
|-unboost|p2a: Excadrill|spa|1
|
|t:|1786113432
|switch|p1b: Toxapex|Toxapex, L50, M|100/100|[from] Parting Shot
|move|p2a: Excadrill|High Horsepower|p1a: Incineroar
|-supereffective|p1a: Incineroar|1
|-damage|p1a: Incineroar|38/100
|-enditem|p1a: Incineroar|Sitrus Berry|[eat]
|-heal|p1a: Incineroar|62/100|[from] item: Sitrus Berry
|-damage|p2a: Excadrill|90/100|[from] item: Life Orb
|move|p2b: Grimmsnarl|Spirit Break|p1b: Toxapex
|-resisted|p1b: Toxapex|1
|-damage|p1b: Toxapex|94/100
|-unboost|p1b: Toxapex|spa|1
|
|-heal|p1b: Toxapex|100/100|[from] item: Leftovers
|upkeep
|turn|3
|inactive|kuoli00021 has 30 seconds left.
|
|t:|1786113466
|switch|p2a: Basculegion|Basculegion, L50, M|100/100
|switch|p1b: Sinistcha|Sinistcha, L50|100/100
|-heal|p1a: Incineroar|87/100|[from] ability: Hospitality|[of] p1b: Sinistcha
|move|p2b: Grimmsnarl|Spirit Break|p1a: Incineroar
|-damage|p1a: Incineroar|73/100
|-unboost|p1a: Incineroar|spa|1
|move|p1a: Incineroar|Parting Shot|p2b: Grimmsnarl
|-unboost|p2b: Grimmsnarl|atk|1
|-unboost|p2b: Grimmsnarl|spa|1
|
|t:|1786113477
|switch|p1a: Grimmsnarl|Grimmsnarl, L50, M|92/100|[from] Parting Shot
|
|upkeep
|turn|4
|
|t:|1786113498
|move|p1b: Sinistcha|Protect|p1b: Sinistcha
|-singleturn|p1b: Sinistcha|Protect
|move|p1a: Grimmsnarl|Reflect|p1a: Grimmsnarl
|-sidestart|p1: kuoli00021|Reflect
|move|p2a: Basculegion|Flip Turn|p1a: Grimmsnarl
|-damage|p1a: Grimmsnarl|63/100
|
|t:|1786113503
|switch|p2a: Tyranitar|Tyranitar, L50, M|100/100|[from] Flip Turn
|-weather|Sandstorm|[from] ability: Sand Stream|[of] p2a: Tyranitar
|move|p2b: Grimmsnarl|Spirit Break|p1b: Sinistcha
|-activate|p1b: Sinistcha|move: Protect
|
|-weather|Sandstorm|[upkeep]
|-damage|p1b: Sinistcha|94/100|[from] Sandstorm
|-damage|p1a: Grimmsnarl|57/100|[from] Sandstorm
|-damage|p2b: Grimmsnarl|94/100|[from] Sandstorm
|upkeep
|turn|5
|
|t:|1786113526
|switch|p1a: Toxapex|Toxapex, L50, M|100/100
|move|p2b: Grimmsnarl|Light Screen|p2b: Grimmsnarl
|-sidestart|p2: whissoo|move: Light Screen
|move|p2a: Tyranitar|Dragon Dance|p2a: Tyranitar
|-boost|p2a: Tyranitar|atk|1
|-boost|p2a: Tyranitar|spe|1
|move|p1b: Sinistcha|Matcha Gotcha|p2a: Tyranitar|[spread] p2a
|-miss|p1b: Sinistcha|p2b: Grimmsnarl
|-supereffective|p2a: Tyranitar|1
|-damage|p2a: Tyranitar|76/100
|-heal|p1b: Sinistcha|100/100|[from] drain|[of] p2a: Tyranitar
|
|-weather|Sandstorm|[upkeep]
|-damage|p1b: Sinistcha|94/100|[from] Sandstorm
|-damage|p2b: Grimmsnarl|88/100|[from] Sandstorm
|-damage|p1a: Toxapex|94/100|[from] Sandstorm
|-heal|p1a: Toxapex|100/100|[from] item: Leftovers
|upkeep
|turn|6
|
|t:|1786113545
|switch|p1b: Incineroar|Incineroar, L50, M|73/100
|-ability|p1b: Incineroar|Intimidate|boost
|-unboost|p2a: Tyranitar|atk|1
|-unboost|p2b: Grimmsnarl|atk|1
|switch|p2b: Excadrill|Excadrill, L50, F, shiny|90/100
|move|p2a: Tyranitar|Protect|p2a: Tyranitar
|-singleturn|p2a: Tyranitar|Protect
|move|p1a: Toxapex|Haze|p1a: Toxapex
|-clearallboost
|
|-weather|Sandstorm|[upkeep]
|-damage|p1b: Incineroar|67/100|[from] Sandstorm
|-damage|p1a: Toxapex|94/100|[from] Sandstorm
|-heal|p1a: Toxapex|100/100|[from] item: Leftovers
|upkeep
|turn|7
|
|t:|1786113569
|switch|p2a: Basculegion|Basculegion, L50, M|100/100
|switch|p1a: Sinistcha|Sinistcha, L50|94/100
|-heal|p1b: Incineroar|92/100|[from] ability: Hospitality|[of] p1a: Sinistcha
|move|p1b: Incineroar|Fake Out|p2b: Excadrill
|-resisted|p2b: Excadrill|1
|-damage|p2b: Excadrill|83/100
|cant|p2b: Excadrill|flinch
|
|-weather|Sandstorm|[upkeep]
|-damage|p2a: Basculegion|93/100|[from] Sandstorm
|-damage|p1a: Sinistcha|88/100|[from] Sandstorm
|-damage|p1b: Incineroar|86/100|[from] Sandstorm
|upkeep
|turn|8
|
|t:|1786113593
|move|p2b: Excadrill|High Horsepower|p1b: Incineroar
|-supereffective|p1b: Incineroar|1
|-damage|p1b: Incineroar|0 fnt
|faint|p1b: Incineroar
|-damage|p2b: Excadrill|73/100|[from] item: Life Orb
|move|p2a: Basculegion|Flip Turn|p1a: Sinistcha
|-resisted|p1a: Sinistcha|1
|-damage|p1a: Sinistcha|75/100
|
|t:|1786113598
|switch|p2a: Grimmsnarl|Grimmsnarl, L50, M|88/100|[from] Flip Turn
|move|p1a: Sinistcha|Matcha Gotcha|p2b: Excadrill|[spread] p2a,p2b
|-damage|p2a: Grimmsnarl|73/100
|-heal|p1a: Sinistcha|84/100|[from] drain|[of] p2a: Grimmsnarl
|-damage|p2b: Excadrill|52/100
|-heal|p1a: Sinistcha|95/100|[from] drain|[of] p2b: Excadrill
|
|-weather|none
|upkeep
|
|t:|1786113612
|switch|p1b: Toxapex|Toxapex, L50, M|100/100
|turn|9
|
|t:|1786113629
|switch|p2b: Tyranitar|Tyranitar, L50, M|76/100
|-weather|Sandstorm|[from] ability: Sand Stream|[of] p2b: Tyranitar
|move|p1b: Toxapex|Baneful Bunker|p1b: Toxapex
|-singleturn|p1b: Toxapex|move: Protect
|move|p2a: Grimmsnarl|Fake Out|p1b: Toxapex
|-activate|p1b: Toxapex|move: Protect
|-status|p2a: Grimmsnarl|psn
|move|p1a: Sinistcha|Matcha Gotcha|p2a: Grimmsnarl|[spread] p2a,p2b
|-supereffective|p2b: Tyranitar|1
|-damage|p2a: Grimmsnarl|57/100 psn
|-heal|p1a: Sinistcha|100/100|[from] drain|[of] p2a: Grimmsnarl
|-damage|p2b: Tyranitar|54/100
|-status|p2b: Tyranitar|brn
|
|-weather|Sandstorm|[upkeep]
|-damage|p1a: Sinistcha|94/100|[from] Sandstorm
|-damage|p2a: Grimmsnarl|51/100 psn|[from] Sandstorm
|-damage|p1b: Toxapex|94/100|[from] Sandstorm
|-heal|p1b: Toxapex|100/100|[from] item: Leftovers
|-damage|p2a: Grimmsnarl|39/100 psn|[from] psn
|-damage|p2b: Tyranitar|48/100 brn|[from] brn
|upkeep
|turn|10
|
|t:|1786113650
|move|p2b: Tyranitar|Knock Off|p1a: Sinistcha
|-supereffective|p1a: Sinistcha|1
|-damage|p1a: Sinistcha|64/100
|-enditem|p1a: Sinistcha|Kasib Berry|[from] move: Knock Off|[of] p2b: Tyranitar
|move|p1a: Sinistcha|Matcha Gotcha|p2a: Grimmsnarl|[spread] p2a,p2b
|-supereffective|p2b: Tyranitar|1
|-damage|p2a: Grimmsnarl|23/100 psn
|-heal|p1a: Sinistcha|73/100|[from] drain|[of] p2a: Grimmsnarl
|-damage|p2b: Tyranitar|27/100 brn
|-heal|p1a: Sinistcha|84/100|[from] drain|[of] p2b: Tyranitar
|move|p2a: Grimmsnarl|Spirit Break|p1a: Sinistcha
|-damage|p1a: Sinistcha|68/100
|-unboost|p1a: Sinistcha|spa|1
|move|p1b: Toxapex|Infestation|p2b: Tyranitar
|-supereffective|p2b: Tyranitar|1
|-damage|p2b: Tyranitar|24/100 brn
|-activate|p2b: Tyranitar|move: Infestation|[of] p1b: Toxapex
|
|-weather|Sandstorm|[upkeep]
|-damage|p1a: Sinistcha|62/100|[from] Sandstorm
|-damage|p2a: Grimmsnarl|17/100 psn|[from] Sandstorm
|-damage|p1b: Toxapex|94/100|[from] Sandstorm
|-heal|p1b: Toxapex|100/100|[from] item: Leftovers
|-damage|p2a: Grimmsnarl|5/100 psn|[from] psn
|-damage|p2b: Tyranitar|18/100 brn|[from] brn
|-damage|p2b: Tyranitar|5/100 brn|[from] move: Infestation|[partiallytrapped]
|upkeep
|turn|11
|
|t:|1786113673
|switch|p2a: Excadrill|Excadrill, L50, F, shiny|52/100
|move|p1a: Sinistcha|Protect|p1a: Sinistcha
|-singleturn|p1a: Sinistcha|Protect
|move|p2b: Tyranitar|Knock Off|p1a: Sinistcha
|-activate|p1a: Sinistcha|move: Protect
|move|p1b: Toxapex|Infestation|p2a: Excadrill
|-resisted|p2a: Excadrill|1
|-damage|p2a: Excadrill|51/100
|-activate|p2a: Excadrill|move: Infestation|[of] p1b: Toxapex
|
|-weather|Sandstorm|[upkeep]
|-damage|p1a: Sinistcha|57/100|[from] Sandstorm
|-damage|p1b: Toxapex|94/100|[from] Sandstorm
|-heal|p1b: Toxapex|100/100|[from] item: Leftovers
|-damage|p2b: Tyranitar|0 fnt|[from] brn
|faint|p2b: Tyranitar
|-damage|p2a: Excadrill|39/100|[from] move: Infestation|[partiallytrapped]
|-sideend|p1: kuoli00021|Reflect
|upkeep
|
|t:|1786113679
|switch|p2b: Basculegion|Basculegion, L50, M|93/100
|turn|12
|
|t:|1786113694
|switch|p1a: Grimmsnarl|Grimmsnarl, L50, M|57/100
|move|p2a: Excadrill|Protect|p2a: Excadrill
|-singleturn|p2a: Excadrill|Protect
|move|p2b: Basculegion|Last Respects|p1a: Grimmsnarl
|-resisted|p1a: Grimmsnarl|1
|-damage|p1a: Grimmsnarl|21/100
|move|p1b: Toxapex|Toxic|p2b: Basculegion
|-status|p2b: Basculegion|tox
|
|-weather|Sandstorm|[upkeep]
|-damage|p2b: Basculegion|87/100 tox|[from] Sandstorm
|-damage|p1a: Grimmsnarl|15/100|[from] Sandstorm
|-damage|p1b: Toxapex|94/100|[from] Sandstorm
|-heal|p1b: Toxapex|100/100|[from] item: Leftovers
|-damage|p2b: Basculegion|81/100 tox|[from] psn
|-damage|p2a: Excadrill|26/100|[from] move: Infestation|[partiallytrapped]
|-sideend|p2: whissoo|move: Light Screen
|upkeep
|turn|13
|
|t:|1786113709
|move|p1b: Toxapex|Baneful Bunker|p1b: Toxapex
|-singleturn|p1b: Toxapex|move: Protect
|move|p1a: Grimmsnarl|Reflect|p1a: Grimmsnarl
|-sidestart|p1: kuoli00021|Reflect
|move|p2a: Excadrill|High Horsepower|p1b: Toxapex
|-activate|p1b: Toxapex|move: Protect
|move|p2b: Basculegion|Last Respects|p1a: Grimmsnarl
|-resisted|p1a: Grimmsnarl|1
|-damage|p1a: Grimmsnarl|0 fnt
|faint|p1a: Grimmsnarl
|
|-weather|none
|-damage|p2b: Basculegion|69/100 tox|[from] psn
|-damage|p2a: Excadrill|14/100|[from] move: Infestation|[partiallytrapped]
|upkeep
|
|t:|1786113716
|switch|p1a: Sinistcha|Sinistcha, L50|57/100
|turn|14
|
|t:|1786113725
|move|p1a: Sinistcha|Protect|p1a: Sinistcha
|-singleturn|p1a: Sinistcha|Protect
|move|p2b: Basculegion|Last Respects|p1a: Sinistcha
|-activate|p1a: Sinistcha|move: Protect
|move|p2a: Excadrill|High Horsepower|p1b: Toxapex
|-supereffective|p1b: Toxapex|1
|-damage|p1b: Toxapex|40/100
|-damage|p2a: Excadrill|5/100|[from] item: Life Orb
|move|p1b: Toxapex|Infestation|p2b: Basculegion
|-resisted|p2b: Basculegion|1
|-damage|p2b: Basculegion|68/100 tox
|-activate|p2b: Basculegion|move: Infestation|[of] p1b: Toxapex
|
|-heal|p1b: Toxapex|45/100|[from] item: Leftovers
|-damage|p2b: Basculegion|49/100 tox|[from] psn
|-damage|p2b: Basculegion|37/100 tox|[from] move: Infestation|[partiallytrapped]
|-damage|p2a: Excadrill|0 fnt|[from] move: Infestation|[partiallytrapped]
|faint|p2a: Excadrill
|upkeep
|
|t:|1786113729
|switch|p2a: Grimmsnarl|Grimmsnarl, L50, M|5/100 psn
|turn|15
|
|t:|1786113745
|move|p1b: Toxapex|Baneful Bunker|p1b: Toxapex
|-singleturn|p1b: Toxapex|move: Protect
|move|p2a: Grimmsnarl|Fake Out|p1b: Toxapex
|-activate|p1b: Toxapex|move: Protect
|move|p2b: Basculegion|Last Respects|p1a: Sinistcha
|-supereffective|p1a: Sinistcha|1
|-damage|p1a: Sinistcha|0 fnt
|faint|p1a: Sinistcha
|
|-heal|p1b: Toxapex|51/100|[from] item: Leftovers
|-damage|p2b: Basculegion|13/100 tox|[from] psn
|-damage|p2a: Grimmsnarl|0 fnt|[from] psn
|faint|p2a: Grimmsnarl
|-damage|p2b: Basculegion|1/100 tox|[from] move: Infestation|[partiallytrapped]
|upkeep
|turn|16
|
|t:|1786113758
|move|p1b: Toxapex|Baneful Bunker||[still]
|-fail|p1b: Toxapex
|move|p2b: Basculegion|Last Respects|p1b: Toxapex
|-damage|p1b: Toxapex|0 fnt
|faint|p1b: Toxapex
|
|win|whissoo
|raw|kuoli00021's rating: 1191 → 1162(-29 for losing)
|raw|whissoo's rating: 1139 → 1168(+29 for winning)
|c|☆whissoo|gg
|l|☆kuoli00021
|player|p1|
