|j|☆Prepucio Santos
|j|☆TopekaMelon
|html|Prepucio SantosTopekaMelon    
|uhtml|bestof|Game 3 of a best-of-3
|t:|1784329395
|gametype|doubles
|player|p1|Prepucio Santos|striker|1199
|player|p2|TopekaMelon|psychic-gen4|1228
|gen|9
|tier|[Gen 9 Champions] VGC 2026 Reg M-B (Bo3)
|rated|
|rule|Species Clause: Limit one of each Pokémon
|rule|Item Clause: Limit 1 of each item
|clearpoke
|poke|p1|Charizard, L50, F|
|poke|p1|Kingambit, L50, M|
|poke|p1|Sylveon, L50, M|
|poke|p1|Garchomp, L50, F|
|poke|p1|Aerodactyl, L50, F|
|poke|p1|Farigiraf, L50, M|
|poke|p2|Farigiraf, L50, M|
|poke|p2|Torkoal, L50, M|
|poke|p2|Kangaskhan, L50, F|
|poke|p2|Vivillon-Elegant, L50, M|
|poke|p2|Gardevoir, L50, F|
|poke|p2|Kingambit, L50, F|
|teampreview|4
|showteam|p1|Charizard||CharizarditeY|SolarPower|WeatherBall,HeatWave,SolarBeam,Protect|Modest||F|||50|]Kingambit||FocusSash|Defiant|IronHead,SuckerPunch,KowtowCleave,LowKick|Adamant||M|||50|]Sylveon||FairyFeather|Pixilate|Protect,HyperVoice,HyperBeam,QuickAttack|Modest||M|||50|]Garchomp||LifeOrb|RoughSkin|Protect,DragonClaw,Earthquake,RockSlide|Jolly||F|||50|]Aerodactyl||Aerodactylite|Unnerve|IceFang,RockSlide,Tailwind,DualWingbeat|Jolly||F|||50|]Farigiraf||SitrusBerry|ArmorTail|TrickRoom,Psychic,Thunderbolt,SunnyDay|Bold||M|||50|
|showteam|p2|Farigiraf||ColburBerry|ArmorTail|Protect,TrickRoom,Thunderbolt,Psychic|Quiet||M|||50|]Torkoal||Charcoal|Drought|Protect,EarthPower,WeatherBall,Eruption|Quiet||M|||50|]Kangaskhan||Kangaskhanite|Scrappy|DoubleEdge,HammerArm,IcePunch,FakeOut|Brave||F|||50|]Vivillon-Elegant||FocusSash|CompoundEyes|Protect,RagePowder,SleepPowder,Hurricane|Timid||M|||50|]Gardevoir||Gardevoirite|Telepathy|Protect,TrickRoom,Psychic,HyperVoice|Quiet||F|||50|]Kingambit||BlackGlasses|Defiant|SuckerPunch,KowtowCleave,LowKick,IronHead|Brave||F|||50|
|inactive|Battle timer is ON: inactive players will automatically lose when time's up. (requested by TopekaMelon)
|
|t:|1784329428
|teamsize|p1|4
|teamsize|p2|4
|start
|switch|p1a: Farigiraf|Farigiraf, L50, M|100/100
|switch|p1b: Sylveon|Sylveon, L50, M|100/100
|switch|p2a: Kangaskhan|Kangaskhan, L50, F|100/100
|switch|p2b: Farigiraf|Farigiraf, L50, M|100/100
|turn|1
|
|t:|1784329447
|move|p2b: Farigiraf|Protect|p2b: Farigiraf
|-singleturn|p2b: Farigiraf|Protect
|move|p2a: Kangaskhan|Double-Edge|p1b: Sylveon
|-damage|p1b: Sylveon|42/100
|-damage|p2a: Kangaskhan|83/100|[from] Recoil
|move|p1b: Sylveon|Hyper Voice|p2a: Kangaskhan|[spread] p2a
|-activate|p2b: Farigiraf|move: Protect
|-damage|p2a: Kangaskhan|32/100
|move|p1a: Farigiraf|Thunderbolt|p2b: Farigiraf
|-activate|p2b: Farigiraf|move: Protect
|
|upkeep
|turn|2
|inactive|Prepucio Santos has 30 seconds left.
|
|t:|1784329474
|move|p1b: Sylveon|Protect|p1b: Sylveon
|-singleturn|p1b: Sylveon|Protect
|move|p2a: Kangaskhan|Double-Edge|p1a: Farigiraf
|-damage|p1a: Farigiraf|55/100
|-damage|p2a: Kangaskhan|17/100|[from] Recoil
|move|p1a: Farigiraf|Thunderbolt|p2b: Farigiraf
|-damage|p2b: Farigiraf|78/100
|move|p2b: Farigiraf|Thunderbolt|p1a: Farigiraf
|-damage|p1a: Farigiraf|29/100
|-enditem|p1a: Farigiraf|Sitrus Berry|[eat]
|-heal|p1a: Farigiraf|54/100|[from] item: Sitrus Berry
|
|upkeep
|turn|3
|
|t:|1784329497
|switch|p1b: Garchomp|Garchomp, L50, F|100/100
|move|p2a: Kangaskhan|Double-Edge|p1b: Garchomp
|-damage|p1b: Garchomp|50/100g
|-damage|p2a: Kangaskhan|5/100|[from] ability: Rough Skin|[of] p1b: Garchomp
|-damage|p2a: Kangaskhan|0 fnt|[from] Recoil
|faint|p2a: Kangaskhan
|move|p1a: Farigiraf|Trick Room|p1a: Farigiraf
|-fieldstart|move: Trick Room|[of] p1a: Farigiraf
|move|p2b: Farigiraf|Trick Room|p2b: Farigiraf
|-fieldend|move: Trick Room
|
|upkeep
|
|t:|1784329507
|switch|p2a: Gardevoir|Gardevoir, L50, F|100/100
|turn|4
|
|t:|1784329528
|detailschange|p2a: Gardevoir|Gardevoir-Mega, L50, F
|-mega|p2a: Gardevoir|Gardevoir|Gardevoirite
|move|p1b: Garchomp|Earthquake|p2b: Farigiraf|[spread] p1a,p2a,p2b
|-damage|p1a: Farigiraf|13/100
|-damage|p2a: Gardevoir|30/100
|-damage|p2b: Farigiraf|32/100
|-damage|p1b: Garchomp|40/100|[from] item: Life Orb
|move|p2a: Gardevoir|Hyper Voice|p1b: Garchomp|[spread] p1a,p1b
|-supereffective|p1b: Garchomp|1
|-crit|p1b: Garchomp
|-damage|p1a: Farigiraf|0 fnt
|-damage|p1b: Garchomp|0 fnt
|faint|p1a: Farigiraf
|faint|p1b: Garchomp
|move|p2b: Farigiraf|Thunderbolt|p1: Farigiraf|[notarget]
|-fail|p2b: Farigiraf
|
|upkeep
|
|t:|1784329536
|switch|p1b: Sylveon|Sylveon, L50, M|42/100
|switch|p1a: Aerodactyl|Aerodactyl, L50, F|100/100
|-ability|p1a: Aerodactyl|Unnerve
|turn|5
|inactive|TopekaMelon has 30 seconds left.
|inactive|TopekaMelon has 20 seconds left.
|inactive|TopekaMelon has 15 seconds left.
|
|t:|1784329576
|detailschange|p1a: Aerodactyl|Aerodactyl-Mega, L50, F
|-mega|p1a: Aerodactyl|Aerodactyl|Aerodactylite
|move|p1a: Aerodactyl|Tailwind|p1a: Aerodactyl
|-sidestart|p1: Prepucio Santos|move: Tailwind
|move|p1b: Sylveon|Hyper Voice|p2a: Gardevoir|[spread] p2a,p2b
|-damage|p2a: Gardevoir|0 fnt
|-damage|p2b: Farigiraf|0 fnt
|faint|p2a: Gardevoir
|faint|p2b: Farigiraf
|
|upkeep
|
|t:|1784329585
|switch|p2b: Torkoal|Torkoal, L50, M|100/100
|-weather|SunnyDay|[from] ability: Drought|[of] p2b: Torkoal
|turn|6
|
|t:|1784329591
|move|p1a: Aerodactyl|Rock Slide|p2b: Torkoal
|-supereffective|p2b: Torkoal|1
|-damage|p2b: Torkoal|45/100
|move|p1b: Sylveon|Hyper Voice|p2b: Torkoal
|-resisted|p2b: Torkoal|1
|-damage|p2b: Torkoal|4/100
|move|p2b: Torkoal|Weather Ball|p1b: Sylveon
|-damage|p1b: Sylveon|0 fnt
|faint|p1b: Sylveon
|
|-weather|SunnyDay|[upkeep]
|upkeep
|turn|7
|-message|TopekaMelon forfeited.
|
|win|Prepucio Santos
