|j|☆PikaTROD
|j|☆Ribombees believer
|html|PikaTRODRibombees believer    
|uhtml|bestof|Game 1 of a best-of-3
|t:|1756658102
|gametype|doubles
|player|p1|PikaTROD|102|1380
|player|p2|Ribombees believer|skier|1351
|gen|9
|tier|[Gen 9] VGC 2025 Reg H (Bo3)
|rated|
|rule|Species Clause: Limit one of each Pokémon
|rule|Item Clause: Limit 1 of each item
|clearpoke
|poke|p1|Kingambit, L50, F|
|poke|p1|Primarina, L50, M|
|poke|p1|Sneasler, L50, M|
|poke|p1|Magmar, L50, F|
|poke|p1|Rillaboom, L50, M|
|poke|p1|Dragapult, L50, F|
|poke|p2|Dondozo, L50, F|
|poke|p2|Tatsugiri, L50, F|
|poke|p2|Indeedee, L50, M|
|poke|p2|Dragapult, L50, F|
|poke|p2|Ribombee, L50, M|
|poke|p2|Gholdengo, L50|
|teampreview|4
|showteam|p1|Kingambit||BlackGlasses|Defiant|KowtowCleave,SuckerPunch,SwordsDance,Protect|||F|||50|,,,,,Dark]Primarina||SitrusBerry|LiquidVoice|HyperVoice,Moonblast,Haze,Protect|||M|||50|,,,,,Water]Sneasler||FocusSash|Unburden|CloseCombat,DireClaw,FakeOut,Protect|||M|||50|,,,,,Stellar]Magmar||Eviolite|VitalSpirit|Overheat,WillOWisp,FollowMe,Protect|||F|||50|,,,,,Ghost]Rillaboom||AssaultVest|GrassySurge|WoodHammer,GrassyGlide,HighHorsepower,FakeOut|||M|||50|,,,,,Fire]Dragapult||ChoiceBand|ClearBody|DragonDarts,PhantomForce,Outrage,Uturn|||F|||50|,,,,,Dragon
|showteam|p2|Dondozo||Leftovers|Unaware|WaveCrash,Earthquake,OrderUp,Protect|||F|||50|,,,,,Grass]Tatsugiri||ChoiceScarf|Commander|MuddyWater,DracoMeteor,DragonPulse,TeraBlast|||F|||50|,,,,,Fairy]Indeedee||FocusSash|PsychicSurge|ExpandingForce,TeraBlast,HyperVoice,Protect|||M|||50|,,,,,Fighting]Dragapult||ChoiceBand|ClearBody|DragonDarts,Outrage,PhantomForce,Uturn|||F|||50|,,,,,Dragon]Ribombee||ChoiceSpecs|ShieldDust|Moonblast,PollenPuff,DazzlingGleam,TeraBlast|||M|||50|,,,,,Ground]Gholdengo||LifeOrb|GoodasGold|MakeItRain,ShadowBall,Thunderbolt,Protect||||||50|,,,,,Water
|inactive|Battle timer is ON: inactive players will automatically lose when time's up. (requested by Ribombees believer)
|c|☆PikaTROD|believe in the ribombeeeee
|inactive|PikaTROD has 60 seconds left.
|inactive|Ribombees believer has 60 seconds left.
|
|t:|1756658148
|teamsize|p1|4
|teamsize|p2|4
|start
|switch|p1a: Primarina|Primarina, L50, M|100/100
|switch|p1b: Magmar|Magmar, L50, F|100/100
|switch|p2a: Gholdengo|Gholdengo, L50|100/100
|switch|p2b: Indeedee|Indeedee, L50, M|100/100
|-fieldstart|move: Psychic Terrain|[from] ability: Psychic Surge|[of] p2b: Indeedee
|turn|1
|
|t:|1756658170
|switch|p1a: Rillaboom|Rillaboom, L50, M|100/100
|-fieldstart|move: Grassy Terrain|[from] ability: Grassy Surge|[of] p1a: Rillaboom
|move|p2b: Indeedee|Expanding Force|p1b: Magmar
|-damage|p1b: Magmar|71/100
|move|p1b: Magmar|Overheat|p2b: Indeedee
|-damage|p2b: Indeedee|33/100
|-unboost|p1b: Magmar|spa|2
|move|p2a: Gholdengo|Shadow Ball|p1b: Magmar
|-damage|p1b: Magmar|25/100
|-damage|p2a: Gholdengo|91/100|[from] item: Life Orb
|
|-heal|p2b: Indeedee|39/100|[from] Grassy Terrain
|-heal|p1b: Magmar|31/100|[from] Grassy Terrain
|-heal|p2a: Gholdengo|97/100|[from] Grassy Terrain
|upkeep
|turn|2
|
|t:|1756658193
|switch|p1b: Kingambit|Kingambit, L50, F|100/100
|switch|p2a: ilaunchmybro|Dragapult, L50, F|100/100
|move|p2b: Indeedee|Protect|p2b: Indeedee
|-singleturn|p2b: Indeedee|Protect
|move|p1a: Rillaboom|High Horsepower|p2a: ilaunchmybro
|-damage|p2a: ilaunchmybro|52/100
|
|-heal|p2a: ilaunchmybro|58/100|[from] Grassy Terrain
|-heal|p2b: Indeedee|45/100|[from] Grassy Terrain
|upkeep
|turn|3
|inactive|Ribombees believer has 30 seconds left.
|
|t:|1756658222
|switch|p2a: Main Character|Ribombee, L50, M|100/100
|switch|p2b: Gholdengo|Gholdengo, L50|97/100
|move|p1b: Kingambit|Sucker Punch||[still]
|-fail|p1b: Kingambit
|move|p1a: Rillaboom|High Horsepower|p2b: Gholdengo
|-supereffective|p2b: Gholdengo
|-damage|p2b: Gholdengo|36/100
|
|-heal|p2b: Gholdengo|42/100|[from] Grassy Terrain
|upkeep
|turn|4
|
|t:|1756658238
|switch|p2b: Indeedee|Indeedee, L50, M|45/100
|-fieldstart|move: Psychic Terrain|[from] ability: Psychic Surge|[of] p2b: Indeedee
|switch|p1a: Magmar|Magmar, L50, F|31/100
|-terastallize|p2a: Main Character|Ground
|move|p1b: Kingambit|Protect|p1b: Kingambit
|-singleturn|p1b: Kingambit|Protect
|move|p2a: Main Character|Tera Blast|p1b: Kingambit|[anim] Tera Blast Ground
|-activate|p1b: Kingambit|move: Protect
|
|upkeep
|turn|5
|inactive|PikaTROD has 30 seconds left.
|
|t:|1756658272
|move|p1a: Magmar|Follow Me|p1a: Magmar
|-singleturn|p1a: Magmar|move: Follow Me
|move|p2a: Main Character|Tera Blast|p1a: Magmar|[anim] Tera Blast Ground
|-supereffective|p1a: Magmar
|-damage|p1a: Magmar|0 fnt
|faint|p1a: Magmar
|move|p2b: Indeedee|Hyper Voice|p1b: Kingambit
|-resisted|p1b: Kingambit
|-damage|p1b: Kingambit|80/100
|move|p1b: Kingambit|Swords Dance|p1b: Kingambit
|-boost|p1b: Kingambit|atk|2
|
|upkeep
|
|t:|1756658278
|switch|p1a: Rillaboom|Rillaboom, L50, M|100/100
|-fieldstart|move: Grassy Terrain|[from] ability: Grassy Surge|[of] p1a: Rillaboom
|turn|6
|
|t:|1756658292
|switch|p2a: ilaunchmybro|Dragapult, L50, F|58/100
|switch|p2b: Gholdengo|Gholdengo, L50|42/100
|move|p1a: Rillaboom|Grassy Glide|p2a: ilaunchmybro
|-resisted|p2a: ilaunchmybro
|-damage|p2a: ilaunchmybro|29/100
|move|p1b: Kingambit|Kowtow Cleave|p2b: Gholdengo
|-supereffective|p2b: Gholdengo
|-damage|p2b: Gholdengo|0 fnt
|faint|p2b: Gholdengo
|
|-heal|p2a: ilaunchmybro|35/100|[from] Grassy Terrain
|-heal|p1b: Kingambit|86/100|[from] Grassy Terrain
|upkeep
|
|t:|1756658308
|switch|p2b: Main Character|Ribombee, L50, M, tera:Ground|100/100
|turn|7
|
|t:|1756658328
|switch|p1a: Primarina|Primarina, L50, M|100/100
|move|p1b: Kingambit|Protect|p1b: Kingambit
|-singleturn|p1b: Kingambit|Protect
|move|p2a: ilaunchmybro|U-turn|p1a: Primarina
|-resisted|p1a: Primarina
|-crit|p1a: Primarina
|-damage|p1a: Primarina|73/100
|
|t:|1756658336
|switch|p2a: Indeedee|Indeedee, L50, M|45/100|[from] U-turn
|-fieldstart|move: Psychic Terrain|[from] ability: Psychic Surge|[of] p2a: Indeedee
|move|p2b: Main Character|Tera Blast|p1a: Primarina|[anim] Tera Blast Ground
|-damage|p1a: Primarina|30/100
|-enditem|p1a: Primarina|Sitrus Berry|[eat]
|-heal|p1a: Primarina|55/100|[from] item: Sitrus Berry
|
|upkeep
|turn|8
|
|t:|1756658356
|switch|p1a: Rillaboom|Rillaboom, L50, M|100/100
|-fieldstart|move: Grassy Terrain|[from] ability: Grassy Surge|[of] p1a: Rillaboom
|move|p1b: Kingambit|Sucker Punch|p2b: Main Character
|-damage|p2b: Main Character|0 fnt
|faint|p2b: Main Character
|move|p2a: Indeedee|Hyper Voice|p1a: Rillaboom|[spread] p1a,p1b
|-resisted|p1b: Kingambit
|-damage|p1a: Rillaboom|75/100
|-damage|p1b: Kingambit|70/100
|
|-heal|p2a: Indeedee|51/100|[from] Grassy Terrain
|-heal|p1a: Rillaboom|81/100|[from] Grassy Terrain
|-heal|p1b: Kingambit|75/100|[from] Grassy Terrain
|upkeep
|
|t:|1756658366
|switch|p2b: ilaunchmybro|Dragapult, L50, F|35/100
|turn|9
|-message|Ribombees believer forfeited.
|
|win|PikaTROD
||Ribombees believer is ready for game 2.
||PikaTROD is ready for game 2.
|uhtml|next|Next: Game 2 of 3
