|j|☆basmati
|j|☆lox1sm
|html|basmatilox1sm    
|uhtml|bestof|Game 3 of a best-of-3
|t:|1783283069
|gametype|doubles
|player|p1|basmati|102|1187
|player|p2|lox1sm|veteran|1159
|gen|9
|tier|[Gen 9 Champions] VGC 2026 Reg M-B (Bo3)
|rated|
|rule|Species Clause: Limit one of each Pokémon
|rule|Item Clause: Limit 1 of each item
|clearpoke
|poke|p1|Archaludon, L50, M, shiny|
|poke|p1|Charizard, L50, F|
|poke|p1|Whimsicott, L50, F, shiny|
|poke|p1|Volcarona, L50, F, shiny|
|poke|p1|Incineroar, L50, M|
|poke|p1|Toxapex, L50, M, shiny|
|poke|p2|Charizard, L50, F|
|poke|p2|Aerodactyl, L50, M|
|poke|p2|Garchomp, L50, M|
|poke|p2|Kingambit, L50, F|
|poke|p2|Farigiraf, L50, F|
|poke|p2|Primarina, L50, M|
|teampreview|4
|showteam|p1|Archaludon||Leftovers|Stamina|ElectroShot,FlashCannon,Snarl,Protect|Calm||M|||50|]Charizard||CharizarditeX|Blaze|DragonClaw,DragonDance,FlareBlitz,Protect|Adamant||F|||50|]Whimsicott||FocusSash|Prankster|BeatUp,Tailwind,Moonblast,Encore|Timid||F|||50|]Volcarona||SitrusBerry|FlameBody|QuiverDance,StruggleBug,HeatWave,Protect|Bold||F|||50|]Incineroar||ChopleBerry|Intimidate|FakeOut,PartingShot,FlareBlitz,ThroatChop|Adamant||M|||50|]Toxapex||BrightPowder|Regenerator|Infestation,Toxic,BanefulBunker,WideGuard|Bold||M|||50|
|showteam|p2|Charizard||CharizarditeY|Blaze|HeatWave,WeatherBall,SolarBeam,Protect|Modest||F|||50|]Aerodactyl||Aerodactylite|Unnerve|RockSlide,IceFang,Tailwind,Protect|Jolly||M|||50|]Garchomp||LifeOrb|RoughSkin|DragonClaw,Earthquake,RockSlide,Protect|Jolly||M|||50|]Kingambit||FocusSash|Defiant|KowtowCleave,SuckerPunch,IronHead,LowKick|Adamant||F|||50|]Farigiraf||ExpertBelt|ArmorTail|Psychic,DazzlingGleam,Thunderbolt,TrickRoom|Modest||F|||50|]Primarina||MysticWater|LiquidVoice|HyperVoice,Moonblast,Haze,Protect|Modest||M|||50|
|inactive|Battle timer is ON: inactive players will automatically lose when time's up. (requested by lox1sm)
|
|t:|1783283099
|teamsize|p1|4
|teamsize|p2|4
|start
|switch|p1a: Incineroar|Incineroar, L50, M|100/100
|switch|p1b: Volcarona|Volcarona, L50, F, shiny|100/100
|switch|p2a: Aerodactyl|Aerodactyl, L50, M|100/100
|switch|p2b: Charizard|Charizard, L50, F|100/100
|-ability|p2a: Aerodactyl|Unnerve
|-ability|p1a: Incineroar|Intimidate|boost
|-unboost|p2a: Aerodactyl|atk|1
|-unboost|p2b: Charizard|atk|1
|turn|1
|
|t:|1783283115
|switch|p2b: Farigiraf|Farigiraf, L50, F|100/100
|detailschange|p2a: Aerodactyl|Aerodactyl-Mega, L50, M
|-mega|p2a: Aerodactyl|Aerodactyl|Aerodactylite
|move|p2a: Aerodactyl|Rock Slide|p1b: Volcarona|[spread] p1a,p1b
|-supereffective|p1a: Incineroar|1
|-supereffective|p1b: Volcarona|2
|-damage|p1a: Incineroar|66/100
|-damage|p1b: Volcarona|6/100
|-enditem|p1b: Volcarona|Sitrus Berry|[eat]
|-heal|p1b: Volcarona|31/100|[from] item: Sitrus Berry
|move|p1b: Volcarona|Quiver Dance|p1b: Volcarona
|-boost|p1b: Volcarona|spa|1
|-boost|p1b: Volcarona|spd|1
|-boost|p1b: Volcarona|spe|1
|cant|p1a: Incineroar|flinch
|
|upkeep
|turn|2
|inactive|basmati has 30 seconds left.
|inactive|lox1sm has 30 seconds left.
|
|t:|1783283145
|switch|p2b: Garchomp|Garchomp, L50, M|100/100
|move|p1b: Volcarona|Protect|p1b: Volcarona
|-singleturn|p1b: Volcarona|Protect
|move|p2a: Aerodactyl|Rock Slide|p1a: Incineroar|[spread] p1a
|-activate|p1b: Volcarona|move: Protect
|-supereffective|p1a: Incineroar|1
|-damage|p1a: Incineroar|30/100
|move|p1a: Incineroar|Throat Chop|p2b: Garchomp
|-damage|p2b: Garchomp|57/100
|-start|p2b: Garchomp|Throat Chop|[silent]
|-damage|p1a: Incineroar|18/100|[from] ability: Rough Skin|[of] p2b: Garchomp
|
|upkeep
|turn|3
|inactive|basmati has 30 seconds left.
|
|t:|1783283176
|move|p2a: Aerodactyl|Rock Slide|p1b: Volcarona|[spread] p1a,p1b
|-supereffective|p1a: Incineroar|1
|-supereffective|p1b: Volcarona|2
|-damage|p1a: Incineroar|0 fnt
|-damage|p1b: Volcarona|0 fnt
|faint|p1a: Incineroar
|faint|p1b: Volcarona
|move|p2b: Garchomp|Earthquake|p2a: Aerodactyl
|-immune|p2a: Aerodactyl
|
|-end|p2b: Garchomp|Throat Chop|[silent]
|upkeep
|
|t:|1783283179
|switch|p1b: Toxapex|Toxapex, L50, M, shiny|100/100
|switch|p1a: Charizard|Charizard, L50, F|100/100
|turn|4
|
|t:|1783283191
|move|p1b: Toxapex|Wide Guard|p1b: Toxapex
|-singleturn|p1b: Toxapex|Wide Guard
|move|p2a: Aerodactyl|Ice Fang|p1a: Charizard
|-damage|p1a: Charizard|72/100
|move|p2b: Garchomp|Dragon Claw|p1a: Charizard
|-damage|p1a: Charizard|0 fnt
|faint|p1a: Charizard
|-damage|p2b: Garchomp|48/100|[from] item: Life Orb
|
|upkeep
|turn|5
|-message|basmati forfeited.
|
|win|lox1sm
|raw|basmati's rating: 1187 → 1160(-27 for losing)
|raw|lox1sm's rating: 1159 → 1186(+27 for winning)
|l|☆basmati
|player|p1|
