|j|☆PaniniWeenie
|j|☆A Regu1ar Guy
|html|PaniniWeenieA Regu1ar Guy    
|uhtml|bestof|Game 2 of a best-of-3
|t:|1757005549
|gametype|doubles
|player|p1|PaniniWeenie|pokemaniac|1412
|player|p2|A Regu1ar Guy|elesa|1461
|gen|9
|tier|[Gen 9] VGC 2025 Reg H (Bo3)
|rated|
|rule|Species Clause: Limit one of each Pokémon
|rule|Item Clause: Limit 1 of each item
|clearpoke
|poke|p1|Sneasler, L50, F|
|poke|p1|Volcarona, L50, F|
|poke|p1|Dragonite, L50, M|
|poke|p1|Rillaboom, L50, F|
|poke|p1|Electabuzz, L50, M|
|poke|p1|Kingambit, L50, M|
|poke|p2|Volcarona, L50, F|
|poke|p2|Rillaboom, L50, M|
|poke|p2|Electabuzz, L50, F|
|poke|p2|Tauros-Paldea-Aqua, L50, M|
|poke|p2|Tyranitar, L50, M|
|poke|p2|Gholdengo, L50|
|teampreview|4
|showteam|p1|Sneasler||FocusSash|PoisonTouch|DireClaw,CloseCombat,FakeOut,Coaching|||F|||50|,,,,,Stellar]Volcarona||Leftovers|FlameBody|HeatWave,QuiverDance,Protect,TeraBlast|||F|||50|,,,,,Fairy]Dragonite||LoadedDice|Multiscale|ScaleShot,ExtremeSpeed,Haze,Protect|||M|||50|,,,,,Steel]Rillaboom||AssaultVest|GrassySurge|WoodHammer,GrassyGlide,HighHorsepower,FakeOut|||F|||50|,,,,,Fire]Electabuzz||Eviolite|VitalSpirit|FollowMe,Thunderbolt,Taunt,Protect|||M|||50|,,,,,Ghost]Kingambit||BlackGlasses|Defiant|KowtowCleave,SuckerPunch,SwordsDance,Protect|||M|||50|,,,,,Dark
|showteam|p2|Volcarona||GrassySeed|FlameBody|HeatWave,GigaDrain,QuiverDance,Protect|||F|||50|,,,,,Grass]Rillaboom||MiracleSeed|GrassySurge|WoodHammer,GrassyGlide,FakeOut,HighHorsepower|||M|||50|,,,,,Fire]Electabuzz||Eviolite|VitalSpirit|Electroweb,FollowMe,Taunt,Protect|||F|||50|,,,,,Ghost]Tauros-Paldea-Aqua||MirrorHerb|Intimidate|WaveCrash,AquaJet,CloseCombat,Protect|||M|||50|,,,,,Water]Tyranitar||AssaultVest|SandStream|KnockOff,RockSlide,TeraBlast,LowKick|||M|||50|,,,,,Flying]Gholdengo||LifeOrb|GoodasGold|MakeItRain,ShadowBall,NastyPlot,Protect||||||50|,,,,,Water
|
|t:|1757005560
|teamsize|p1|4
|teamsize|p2|4
|start
|switch|p1a: Rillaboom|Rillaboom, L50, F|100/100
|switch|p1b: Volcarona|Volcarona, L50, F|100/100
|switch|p2a: Volcarona|Volcarona, L50, F, shiny|100/100
|switch|p2b: Rillaboom|Rillaboom, L50, M|100/100
|-fieldstart|move: Grassy Terrain|[from] ability: Grassy Surge|[of] p1a: Rillaboom
|-enditem|p2a: Volcarona|Grassy Seed
|-boost|p2a: Volcarona|def|1|[from] item: Grassy Seed
|turn|1
|inactive|Battle timer is ON: inactive players will automatically lose when time's up. (requested by PaniniWeenie)
|
|t:|1757005568
|switch|p1a: Electabuzz|Electabuzz, L50, M|100/100
|move|p2b: Rillaboom|Fake Out|p1a: Electabuzz
|-damage|p1a: Electabuzz|89/100
|move|p1b: Volcarona|Quiver Dance|p1b: Volcarona
|-boost|p1b: Volcarona|spa|1
|-boost|p1b: Volcarona|spd|1
|-boost|p1b: Volcarona|spe|1
|move|p2a: Volcarona|Quiver Dance|p2a: Volcarona
|-boost|p2a: Volcarona|spa|1
|-boost|p2a: Volcarona|spd|1
|-boost|p2a: Volcarona|spe|1
|
|-heal|p1a: Electabuzz|95/100|[from] Grassy Terrain
|upkeep
|turn|2
|
|t:|1757005578
|move|p1b: Volcarona|Quiver Dance|p1b: Volcarona
|-boost|p1b: Volcarona|spa|1
|-boost|p1b: Volcarona|spd|1
|-boost|p1b: Volcarona|spe|1
|move|p2a: Volcarona|Heat Wave|p1a: Electabuzz|[spread] p1a,p1b
|-damage|p1a: Electabuzz|49/100
|-damage|p1b: Volcarona|77/100
|move|p1a: Electabuzz|Taunt|p2a: Volcarona
|-start|p2a: Volcarona|move: Taunt
|move|p2b: Rillaboom|Wood Hammer|p1a: Electabuzz
|-damage|p1a: Electabuzz|0 fnt
|faint|p1a: Electabuzz
|-damage|p2b: Rillaboom|86/100|[from] Recoil
|
|-heal|p1b: Volcarona|83/100|[from] Grassy Terrain
|-heal|p1b: Volcarona|89/100|[from] item: Leftovers
|-heal|p2b: Rillaboom|92/100|[from] Grassy Terrain
|upkeep
|
|t:|1757005591
|switch|p1a: Dragonite|Dragonite, L50, M|100/100
|turn|3
|
|t:|1757005600
|-terastallize|p2b: Rillaboom|Fire
|move|p1b: Volcarona|Heat Wave|p2b: Rillaboom|[spread] p2a,p2b
|-resisted|p2b: Rillaboom
|-damage|p2a: Volcarona|59/100
|-damage|p2b: Rillaboom|51/100
|move|p2a: Volcarona|Heat Wave|p1a: Dragonite|[spread] p1b
|-miss|p2a: Volcarona|p1a: Dragonite
|-damage|p1b: Volcarona|62/100
|move|p1a: Dragonite|Scale Shot|p2a: Volcarona
|-crit|p2a: Volcarona
|-damage|p2a: Volcarona|34/100
|-damage|p2a: Volcarona|22/100
|-damage|p2a: Volcarona|9/100
|-damage|p2a: Volcarona|0 fnt
|faint|p2a: Volcarona
|-hitcount|p2: Volcarona|4
|-unboost|p1a: Dragonite|def|1
|-boost|p1a: Dragonite|spe|1
|move|p2b: Rillaboom|High Horsepower|p1b: Volcarona
|-damage|p1b: Volcarona|19/100
|
|-heal|p1b: Volcarona|25/100|[from] Grassy Terrain
|-heal|p1b: Volcarona|31/100|[from] item: Leftovers
|-heal|p2b: Rillaboom|57/100|[from] Grassy Terrain
|upkeep
|
|t:|1757005609
|switch|p2a: Tyranitar|Tyranitar, L50, M|100/100
|-weather|Sandstorm|[from] ability: Sand Stream|[of] p2a: Tyranitar
|turn|4
|inactive|PaniniWeenie has 30 seconds left.
|
|t:|1757005640
|switch|p2b: Tauros|Tauros-Paldea-Aqua, L50, M|100/100
|-ability|p2b: Tauros|Intimidate|boost
|-unboost|p1a: Dragonite|atk|1
|-unboost|p1b: Volcarona|atk|1
|-terastallize|p1a: Dragonite|Steel
|move|p1b: Volcarona|Protect|p1b: Volcarona
|-singleturn|p1b: Volcarona|Protect
|move|p1a: Dragonite|Scale Shot|p2a: Tyranitar
|-damage|p2a: Tyranitar|92/100
|-damage|p2a: Tyranitar|83/100
|-damage|p2a: Tyranitar|74/100
|-damage|p2a: Tyranitar|64/100
|-damage|p2a: Tyranitar|56/100
|-hitcount|p2a: Tyranitar|5
|-unboost|p1a: Dragonite|def|1
|-boost|p1a: Dragonite|spe|1
|-enditem|p2b: Tauros|Mirror Herb
|-boost|p2b: Tauros|spe|1|[from] item: Mirror Herb
|move|p2a: Tyranitar|Rock Slide|p1b: Volcarona|[spread] p1a
|-activate|p1b: Volcarona|move: Protect
|-resisted|p1a: Dragonite
|-damage|p1a: Dragonite|81/100
|
|-weather|Sandstorm|[upkeep]
|-damage|p1b: Volcarona|25/100|[from] Sandstorm
|-damage|p2b: Tauros|95/100|[from] Sandstorm
|-heal|p1b: Volcarona|31/100|[from] Grassy Terrain
|-heal|p1b: Volcarona|37/100|[from] item: Leftovers
|-heal|p1a: Dragonite|87/100|[from] Grassy Terrain
|-heal|p2b: Tauros|100/100|[from] Grassy Terrain
|-heal|p2a: Tyranitar|62/100|[from] Grassy Terrain
|upkeep
|turn|5
|inactive|PaniniWeenie has 30 seconds left.
|inactive|PaniniWeenie has 20 seconds left.
|inactive|PaniniWeenie has 15 seconds left.
|
|t:|1757005682
|move|p1b: Volcarona|Heat Wave|p2a: Tyranitar|[spread] p2b
|-miss|p1b: Volcarona|p2a: Tyranitar
|-resisted|p2b: Tauros
|-damage|p2b: Tauros|44/100
|move|p1a: Dragonite|Scale Shot|p2a: Tyranitar
|-damage|p2a: Tyranitar|53/100
|-damage|p2a: Tyranitar|44/100
|-damage|p2a: Tyranitar|35/100
|-damage|p2a: Tyranitar|27/100
|-hitcount|p2a: Tyranitar|4
|-unboost|p1a: Dragonite|def|1
|-boost|p1a: Dragonite|spe|1
|move|p2b: Tauros|Close Combat|p1a: Dragonite
|-supereffective|p1a: Dragonite
|-damage|p1a: Dragonite|0 fnt
|-unboost|p2b: Tauros|def|1
|-unboost|p2b: Tauros|spd|1
|faint|p1a: Dragonite
|move|p2a: Tyranitar|Rock Slide|p1b: Volcarona|[miss]
|-miss|p2a: Tyranitar|p1b: Volcarona
|
|-weather|Sandstorm|[upkeep]
|-damage|p1b: Volcarona|31/100|[from] Sandstorm
|-damage|p2b: Tauros|38/100|[from] Sandstorm
|-heal|p1b: Volcarona|37/100|[from] Grassy Terrain
|-heal|p1b: Volcarona|44/100|[from] item: Leftovers
|-heal|p2b: Tauros|44/100|[from] Grassy Terrain
|-heal|p2a: Tyranitar|33/100|[from] Grassy Terrain
|-fieldend|move: Grassy Terrain
|upkeep
|inactive|PaniniWeenie has 30 seconds left.
|
|t:|1757005707
|switch|p1a: Rillaboom|Rillaboom, L50, F|100/100
|-fieldstart|move: Grassy Terrain|[from] ability: Grassy Surge|[of] p1a: Rillaboom
|turn|6
|
|t:|1757005726
|switch|p2b: Rillaboom|Rillaboom, L50, M, tera:Fire|57/100
|move|p1a: Rillaboom|Fake Out|p2a: Tyranitar
|-resisted|p2a: Tyranitar
|-damage|p2a: Tyranitar|26/100
|move|p1b: Volcarona|Heat Wave|p2a: Tyranitar|[spread] p2a,p2b
|-resisted|p2a: Tyranitar
|-resisted|p2b: Rillaboom
|-damage|p2a: Tyranitar|11/100
|-damage|p2b: Rillaboom|14/100
|cant|p2a: Tyranitar|flinch
|
|-weather|Sandstorm|[upkeep]
|-damage|p1b: Volcarona|37/100|[from] Sandstorm
|-damage|p1a: Rillaboom|94/100|[from] Sandstorm
|-damage|p2b: Rillaboom|8/100|[from] Sandstorm
|-heal|p1b: Volcarona|44/100|[from] Grassy Terrain
|-heal|p1b: Volcarona|50/100|[from] item: Leftovers
|-heal|p1a: Rillaboom|100/100|[from] Grassy Terrain
|-heal|p2b: Rillaboom|14/100|[from] Grassy Terrain
|-heal|p2a: Tyranitar|17/100|[from] Grassy Terrain
|upkeep
|turn|7
|
|t:|1757005743
|move|p1b: Volcarona|Protect|p1b: Volcarona
|-singleturn|p1b: Volcarona|Protect
|move|p2b: Rillaboom|Fake Out|p1b: Volcarona
|-activate|p1b: Volcarona|move: Protect
|move|p1a: Rillaboom|Grassy Glide|p2a: Tyranitar
|-supereffective|p2a: Tyranitar
|-damage|p2a: Tyranitar|0 fnt
|faint|p2a: Tyranitar
|
|-weather|Sandstorm|[upkeep]
|-damage|p1b: Volcarona|44/100|[from] Sandstorm
|-damage|p1a: Rillaboom|94/100|[from] Sandstorm
|-damage|p2b: Rillaboom|8/100|[from] Sandstorm
|-heal|p1b: Volcarona|50/100|[from] Grassy Terrain
|-heal|p1b: Volcarona|56/100|[from] item: Leftovers
|-heal|p1a: Rillaboom|100/100|[from] Grassy Terrain
|-heal|p2b: Rillaboom|14/100|[from] Grassy Terrain
|upkeep
|
|t:|1757005745
|switch|p2a: Tauros|Tauros-Paldea-Aqua, L50, M|44/100
|-ability|p2a: Tauros|Intimidate|boost
|-unboost|p1a: Rillaboom|atk|1
|-unboost|p1b: Volcarona|atk|1
|turn|8
|
|t:|1757005755
|move|p2a: Tauros|Aqua Jet|p1b: Volcarona
|-supereffective|p1b: Volcarona
|-damage|p1b: Volcarona|15/100
|move|p1a: Rillaboom|Grassy Glide|p2a: Tauros
|-supereffective|p2a: Tauros
|-damage|p2a: Tauros|0 fnt
|faint|p2a: Tauros
|move|p2b: Rillaboom|Grassy Glide|p1b: Volcarona
|-resisted|p1b: Volcarona
|-damage|p1b: Volcarona|2/100
|move|p1b: Volcarona|Heat Wave|p2b: Rillaboom
|-resisted|p2b: Rillaboom
|-damage|p2b: Rillaboom|0 fnt
|faint|p2b: Rillaboom
|
|win|PaniniWeenie
||A Regu1ar Guy is ready for game 3.
|inactive|PaniniWeenie has 30 seconds to confirm battle start!
||PaniniWeenie is ready for game 3.
|uhtml|next|Next: Game 3 of 3
|l|☆A Regu1ar Guy
|player|p2|
