|j|☆Ghhhgggvvbbjjhh
|j|☆ENDERTYTAR
|html|GhhhgggvvbbjjhhENDERTYTAR    
|uhtml|bestof|Game 1 of a best-of-3
|t:|1785947479
|gametype|doubles
|player|p1|Ghhhgggvvbbjjhh|266|1040
|player|p2|ENDERTYTAR|170|1082
|gen|9
|tier|[Gen 9 Champions] VGC 2026 Reg M-B (Bo3)
|rated|
|rule|Species Clause: Limit one of each Pokémon
|rule|Item Clause: Limit 1 of each item
|clearpoke
|poke|p1|Basculegion, L50, M|
|poke|p1|Garchomp, L50, F|
|poke|p1|Scizor, L50, F|
|poke|p1|Tyranitar, L50, F|
|poke|p1|Sneasler, L50, F|
|poke|p1|Corviknight, L50, F|
|poke|p2|Charizard, L50, M|
|poke|p2|Milotic, L50, F|
|poke|p2|Grimmsnarl, L50, M|
|poke|p2|Sinistcha, L50|
|poke|p2|Incineroar, L50, M|
|poke|p2|Floette-Eternal, L50, F|
|teampreview|4
|showteam|p1|Basculegion||SitrusBerry|Adaptability|WaveCrash,LastRespects,AquaJet,Protect|Jolly||M|||50|]Garchomp||Garchompite|RoughSkin|EarthPower,DracoMeteor,PowerGem,Protect|Modest||F|||50|]Scizor||LifeOrb|Technician|BulletPunch,BugBite,SwordsDance,Protect|Adamant||F|||50|]Tyranitar||ChoiceScarf|SandStream|RockSlide,KnockOff,IcePunch,Superpower|Jolly||F|||50|]Sneasler||FocusSash|PoisonTouch|PoisonJab,CloseCombat,FakeOut,Protect|Jolly||F|||50|]Corviknight||Leftovers|MirrorArmor|IronHead,BraveBird,Tailwind,Protect|Impish||F|||50|
|showteam|p2|Charizard||CharizarditeX|Blaze|Protect,DragonRush,FlareBlitz,DragonDance|Adamant||M|||50|]Milotic||Leftovers|Competitive|Coil,MuddyWater,Hypnosis,Protect|Calm||F|||50|]Grimmsnarl||LightClay|Prankster|LightScreen,Reflect,SpiritBreak,PartingShot|Impish||M|||50|]Sinistcha||ColburBerry|Hospitality|MatchaGotcha,TrickRoom,RagePowder,Protect|Calm|||||50|]Incineroar||SitrusBerry|Intimidate|FakeOut,FlareBlitz,PartingShot,ThroatChop|Adamant||M|||50|]Floette-Eternal||Floettite|FlowerVeil|Protect,Moonblast,DazzlingGleam,CalmMind|Modest||F|||50|
|inactive|Battle timer is ON: inactive players will automatically lose when time's up. (requested by Ghhhgggvvbbjjhh)
|inactive|ENDERTYTAR has 60 seconds left.
|
|t:|1785947537
|teamsize|p1|4
|teamsize|p2|4
|start
|switch|p1a: Garchomp|Garchomp, L50, F|100/100
|switch|p1b: Sneasler|Sneasler, L50, F|100/100
|switch|p2a: Milotic|Milotic, L50, F|100/100
|switch|p2b: Charizard|Charizard, L50, M|100/100
|turn|1
|
|t:|1785947556
|move|p1b: Sneasler|Protect|p1b: Sneasler
|-singleturn|p1b: Sneasler|Protect
|move|p1a: Garchomp|Protect|p1a: Garchomp
|-singleturn|p1a: Garchomp|Protect
|move|p2b: Charizard|Protect|p2b: Charizard
|-singleturn|p2b: Charizard|Protect
|move|p2a: Milotic|Coil|p2a: Milotic
|-boost|p2a: Milotic|atk|1
|-boost|p2a: Milotic|def|1
|-boost|p2a: Milotic|accuracy|1
|
|upkeep
|turn|2
|
|t:|1785947569
|switch|p2b: Grimmsnarl|Grimmsnarl, L50, M|100/100
|detailschange|p1a: Garchomp|Garchomp-Mega, L50, F
|-mega|p1a: Garchomp|Garchomp|Garchompite
|move|p1b: Sneasler|Poison Jab|p2a: Milotic
|-damage|p2a: Milotic|75/100
|move|p1a: Garchomp|Power Gem|p2b: Grimmsnarl
|-damage|p2b: Grimmsnarl|71/100
|move|p2a: Milotic|Hypnosis|p1a: Garchomp
|-status|p1a: Garchomp|slp|[from] move: Hypnosis
|
|-heal|p2a: Milotic|81/100|[from] item: Leftovers
|upkeep
|turn|3
|
|t:|1785947585
|move|p2a: Milotic|Protect|p2a: Milotic
|-singleturn|p2a: Milotic|Protect
|move|p2b: Grimmsnarl|Reflect|p2b: Grimmsnarl
|-sidestart|p2: ENDERTYTAR|Reflect
|move|p1b: Sneasler|Poison Jab|p2b: Grimmsnarl
|-supereffective|p2b: Grimmsnarl|1
|-damage|p2b: Grimmsnarl|13/100
|-status|p2b: Grimmsnarl|psn|[from] ability: Poison Touch|[of] p1b: Sneasler
|cant|p1a: Garchomp|slp
|
|-heal|p2a: Milotic|87/100|[from] item: Leftovers
|-damage|p2b: Grimmsnarl|1/100 psn|[from] psn
|upkeep
|turn|4
|
|t:|1785947608
|move|p2b: Grimmsnarl|Light Screen|p2b: Grimmsnarl
|-sidestart|p2: ENDERTYTAR|move: Light Screen
|move|p1b: Sneasler|Poison Jab|p2a: Milotic
|-damage|p2a: Milotic|70/100
|cant|p1a: Garchomp|slp
|move|p2a: Milotic|Hypnosis|p1b: Sneasler
|-status|p1b: Sneasler|slp|[from] move: Hypnosis
|
|-heal|p2a: Milotic|76/100|[from] item: Leftovers
|-damage|p2b: Grimmsnarl|0 fnt|[from] psn
|faint|p2b: Grimmsnarl
|upkeep
|
|t:|1785947615
|switch|p2b: Charizard|Charizard, L50, M|100/100
|turn|5
|
|t:|1785947627
|detailschange|p2b: Charizard|Charizard-Mega-X, L50, M
|-mega|p2b: Charizard|Charizard|Charizardite X
|cant|p1b: Sneasler|slp
|move|p2b: Charizard|Dragon Rush|p1a: Garchomp|[miss]
|-miss|p2b: Charizard|p1a: Garchomp
|-curestatus|p1a: Garchomp|slp|[msg]
|move|p1a: Garchomp|Power Gem|p2b: Charizard
|-supereffective|p2b: Charizard|1
|-damage|p2b: Charizard|59/100
|move|p2a: Milotic|Muddy Water|p1b: Sneasler|[spread] p1a,p1b
|-crit|p1a: Garchomp
|-damage|p1a: Garchomp|66/100
|-damage|p1b: Sneasler|66/100 slp
|
|-heal|p2a: Milotic|82/100|[from] item: Leftovers
|upkeep
|turn|6
|
|t:|1785947646
|move|p1a: Garchomp|Protect|p1a: Garchomp
|-singleturn|p1a: Garchomp|Protect
|cant|p1b: Sneasler|slp
|move|p2b: Charizard|Dragon Rush|p1a: Garchomp
|-activate|p1a: Garchomp|move: Protect
|move|p2a: Milotic|Muddy Water|p1b: Sneasler|[spread] p1b
|-activate|p1a: Garchomp|move: Protect
|-damage|p1b: Sneasler|34/100 slp
|-unboost|p1b: Sneasler|accuracy|1
|
|-heal|p2a: Milotic|88/100|[from] item: Leftovers
|upkeep
|turn|7
|
|t:|1785947667
|move|p2b: Charizard|Protect|p2b: Charizard
|-singleturn|p2b: Charizard|Protect
|-curestatus|p1b: Sneasler|slp|[msg]
|move|p1b: Sneasler|Poison Jab|p2a: Milotic
|-damage|p2a: Milotic|70/100
|-status|p2a: Milotic|psn
|move|p1a: Garchomp|Draco Meteor|p2b: Charizard
|-activate|p2b: Charizard|move: Protect
|move|p2a: Milotic|Hypnosis|p1a: Garchomp
|-status|p1a: Garchomp|slp|[from] move: Hypnosis
|
|-heal|p2a: Milotic|76/100 psn|[from] item: Leftovers
|-damage|p2a: Milotic|64/100 psn|[from] psn
|upkeep
|turn|8
|inactive|ENDERTYTAR has 30 seconds left.
|
|t:|1785947694
|switch|p1b: Tyranitar|Tyranitar, L50, F|100/100
|-weather|Sandstorm|[from] ability: Sand Stream|[of] p1b: Tyranitar
|switch|p1a: Scizor|Scizor, L50, F|100/100
|move|p2b: Charizard|Dragon Dance|p2b: Charizard
|-boost|p2b: Charizard|atk|1
|-boost|p2b: Charizard|spe|1
|move|p2a: Milotic|Muddy Water|p1b: Tyranitar|[spread] p1a,p1b
|-supereffective|p1b: Tyranitar|1
|-damage|p1a: Scizor|74/100
|-damage|p1b: Tyranitar|69/100
|-unboost|p1a: Scizor|accuracy|1
|-unboost|p1b: Tyranitar|accuracy|1
|
|-weather|Sandstorm|[upkeep]
|-damage|p2b: Charizard|53/100|[from] Sandstorm
|-damage|p2a: Milotic|58/100 psn|[from] Sandstorm
|-heal|p2a: Milotic|64/100 psn|[from] item: Leftovers
|-damage|p2a: Milotic|51/100 psn|[from] psn
|upkeep
|turn|9
|
|t:|1785947713
|move|p2b: Charizard|Dragon Dance|p2b: Charizard
|-boost|p2b: Charizard|atk|1
|-boost|p2b: Charizard|spe|1
|move|p1b: Tyranitar|Rock Slide|p2a: Milotic|[spread] p2a
|-miss|p1b: Tyranitar|p2b: Charizard
|-damage|p2a: Milotic|40/100 psn
|cant|p2a: Milotic|flinch
|move|p1a: Scizor|Bug Bite|p2a: Milotic
|-damage|p2a: Milotic|14/100 psn
|-damage|p1a: Scizor|64/100|[from] item: Life Orb
|
|-weather|Sandstorm|[upkeep]
|-damage|p2b: Charizard|47/100|[from] Sandstorm
|-damage|p2a: Milotic|8/100 psn|[from] Sandstorm
|-heal|p2a: Milotic|14/100 psn|[from] item: Leftovers
|-damage|p2a: Milotic|2/100 psn|[from] psn
|upkeep
|turn|10
|
|t:|1785947733
|switch|p2a: Sinistcha|Sinistcha, L50|100/100
|-heal|p2b: Charizard|72/100|[from] ability: Hospitality|[of] p2a: Sinistcha
|move|p1a: Scizor|Protect|p1a: Scizor
|-singleturn|p1a: Scizor|Protect
|move|p2b: Charizard|Dragon Rush|p1b: Tyranitar
|-damage|p1b: Tyranitar|0 fnt
|faint|p1b: Tyranitar
|
|-weather|Sandstorm|[upkeep]
|-damage|p2b: Charizard|66/100|[from] Sandstorm
|-damage|p2a: Sinistcha|93/100|[from] Sandstorm
|-sideend|p2: ENDERTYTAR|Reflect
|upkeep
|
|t:|1785947744
|switch|p1b: Garchomp|Garchomp-Mega, L50, F|66/100 slp
|turn|11
|
|t:|1785947751
|switch|p2a: Milotic|Milotic, L50, F|2/100 psn
|move|p2b: Charizard|Dragon Rush|p1b: Garchomp|[miss]
|-miss|p2b: Charizard|p1b: Garchomp
|cant|p1b: Garchomp|slp
|move|p1a: Scizor|Swords Dance|p1a: Scizor
|-boost|p1a: Scizor|atk|2
|
|-weather|Sandstorm|[upkeep]
|-damage|p2b: Charizard|60/100|[from] Sandstorm
|-damage|p2a: Milotic|0 fnt|[from] Sandstorm
|faint|p2a: Milotic
|-sideend|p2: ENDERTYTAR|move: Light Screen
|upkeep
|
|t:|1785947757
|switch|p2a: Sinistcha|Sinistcha, L50|93/100
|-heal|p2b: Charizard|85/100|[from] ability: Hospitality|[of] p2a: Sinistcha
|turn|12
|
|t:|1785947770
|-curestatus|p1b: Garchomp|slp|[msg]
|move|p1b: Garchomp|Protect|p1b: Garchomp
|-singleturn|p1b: Garchomp|Protect
|move|p2a: Sinistcha|Rage Powder|p2a: Sinistcha
|-singleturn|p2a: Sinistcha|move: Rage Powder
|move|p2b: Charizard|Flare Blitz|p1a: Scizor
|-supereffective|p1a: Scizor|2
|-damage|p1a: Scizor|0 fnt
|faint|p1a: Scizor
|-damage|p2b: Charizard|63/100|[from] Recoil
|
|-weather|none
|upkeep
|
|t:|1785947778
|switch|p1a: Sneasler|Sneasler, L50, F|34/100
|turn|13
|
|t:|1785947796
|move|p2b: Charizard|Protect|p2b: Charizard
|-singleturn|p2b: Charizard|Protect
|move|p1a: Sneasler|Poison Jab|p2b: Charizard
|-activate|p2b: Charizard|move: Protect
|move|p1b: Garchomp|Power Gem|p2b: Charizard
|-activate|p2b: Charizard|move: Protect
|move|p2a: Sinistcha|Matcha Gotcha|p1a: Sneasler|[spread] p1a,p1b
|-resisted|p1a: Sneasler|1
|-damage|p1a: Sneasler|19/100
|-heal|p2a: Sinistcha|100/100|[from] drain|[of] p1a: Sneasler
|-damage|p1b: Garchomp|43/100
|-status|p1b: Garchomp|brn
|
|-damage|p1b: Garchomp|36/100 brn|[from] brn
|upkeep
|turn|14
|
|t:|1785947818
|move|p2a: Sinistcha|Rage Powder|p2a: Sinistcha
|-singleturn|p2a: Sinistcha|move: Rage Powder
|move|p2b: Charizard|Dragon Rush|p1b: Garchomp|[miss]
|-miss|p2b: Charizard|p1b: Garchomp
|move|p1a: Sneasler|Poison Jab|p2a: Sinistcha
|-damage|p2a: Sinistcha|61/100
|-status|p2a: Sinistcha|psn
|move|p1b: Garchomp|Power Gem|p2a: Sinistcha
|-damage|p2a: Sinistcha|35/100 psn
|
|-damage|p2a: Sinistcha|23/100 psn|[from] psn
|-damage|p1b: Garchomp|30/100 brn|[from] brn
|upkeep
|turn|15
|
|t:|1785947832
|move|p1b: Garchomp|Protect|p1b: Garchomp
|-singleturn|p1b: Garchomp|Protect
|move|p2a: Sinistcha|Rage Powder|p2a: Sinistcha
|-singleturn|p2a: Sinistcha|move: Rage Powder
|move|p2b: Charizard|Flare Blitz|p1b: Garchomp
|-activate|p1b: Garchomp|move: Protect
|move|p1a: Sneasler|Poison Jab|p2a: Sinistcha
|-damage|p2a: Sinistcha|0 fnt
|faint|p2a: Sinistcha
|
|-damage|p1b: Garchomp|24/100 brn|[from] brn
|upkeep
|turn|16
|
|t:|1785947846
|move|p2b: Charizard|Flare Blitz|p1b: Garchomp
|-resisted|p1b: Garchomp|1
|-damage|p1b: Garchomp|0 fnt
|faint|p1b: Garchomp
|-damage|p2b: Charizard|54/100|[from] Recoil
|move|p1a: Sneasler|Poison Jab|p2b: Charizard
|-damage|p2b: Charizard|13/100
|-status|p2b: Charizard|psn|[from] ability: Poison Touch|[of] p1a: Sneasler
|
|-damage|p2b: Charizard|1/100 psn|[from] psn
|upkeep
|turn|17
|
|t:|1785947858
|move|p1a: Sneasler|Protect|p1a: Sneasler
|-singleturn|p1a: Sneasler|Protect
|move|p2b: Charizard|Flare Blitz|p1a: Sneasler
|-activate|p1a: Sneasler|move: Protect
|
|-damage|p2b: Charizard|0 fnt|[from] psn
|faint|p2b: Charizard
|
|win|Ghhhgggvvbbjjhh
|l|☆Ghhhgggvvbbjjhh
|player|p1|
||ENDERTYTAR is ready for game 2.
||Ghhhgggvvbbjjhh is ready for game 2.
|uhtml|next|Next: Game 2 of 3
