|j|☆Notaplaceofhonor
|j|☆erporros
|html|Notaplaceofhonorerporros    
|uhtml|bestof|Game 1 of a best-of-3
|t:|1757805405
|gametype|doubles
|player|p1|Notaplaceofhonor|juan-gen3|1145
|player|p2|erporros|blackbelt-gen4dp|1135
|gen|9
|tier|[Gen 9] VGC 2025 Reg H (Bo3)
|rated|
|rule|Species Clause: Limit one of each Pokémon
|rule|Item Clause: Limit 1 of each item
|clearpoke
|poke|p1|Ursaluna, L50, M|
|poke|p1|Incineroar, L50, M|
|poke|p1|Archaludon, L50, M|
|poke|p1|Pelipper, L50, F|
|poke|p1|Basculegion, L50, M|
|poke|p1|Sinistcha, L50|
|poke|p2|Comfey, L50, M|
|poke|p2|Rillaboom, L50, F|
|poke|p2|Magmar, L50, F|
|poke|p2|Gholdengo, L50|
|poke|p2|Tauros-Paldea-Aqua, L50, M|
|poke|p2|Hydreigon, L50, F|
|teampreview|4
|showteam|p1|Ursaluna||FlameOrb|Guts|Protect,Facade,Earthquake,HeadlongRush|||M|||50|,,,,,Ghost]Incineroar||SafetyGoggles|Intimidate|Taunt,FakeOut,KnockOff,PartingShot|||M|||50|,,,,,Ghost]Archaludon||AssaultVest|Stamina|ElectroShot,Snarl,DracoMeteor,BodyPress|||M|||50|,,,,,Grass]Pelipper||FocusSash|Drizzle|Hurricane,WeatherBall,Tailwind,Protect|||F|||50|,,,,,Ghost]Basculegion||ChoiceScarf|Adaptability|WaveCrash,LastRespects,FlipTurn,AquaJet|||M|||50|,,,,,Water]Sinistcha||SitrusBerry|Hospitality|MatchaGotcha,TrickRoom,RagePowder,LifeDew||||||50|,,,,,Water
|showteam|p2|Comfey||GrassySeed|FlowerVeil|DrainingKiss,CalmMind,Protect,TeraBlast|||M|||50|,,,,,Ground]Rillaboom||MiracleSeed|GrassySurge|Uturn,FakeOut,GrassyGlide,WoodHammer|||F|||50|,,,,,Fire]Magmar||Eviolite|FlameBody|FollowMe,WillOWisp,Overheat,Protect|||F|||50|,,,,,Ghost]Gholdengo||MetalCoat|GoodasGold|MakeItRain,NastyPlot,Protect,ShadowBall||||||50|,,,,,Steel]Tauros-Paldea-Aqua||MirrorHerb|Intimidate|WaveCrash,AquaJet,CloseCombat,Protect|||M|||50|,,,,,Water]Hydreigon||RazorClaw|Levitate|DracoMeteor,Snarl,FocusEnergy,Protect|||F|||50|,,,,,Ghost
|inactive|Battle timer is ON: inactive players will automatically lose when time's up. (requested by erporros)
|
|t:|1757805509
|teamsize|p1|4
|teamsize|p2|4
|start
|switch|p1a: Pelipper|Pelipper, L50, F|100/100
|switch|p1b: Archaludon|Archaludon, L50, M|100/100
|switch|p2a: Comfey|Comfey, L50, M|100/100
|switch|p2b: Hydreigon|Hydreigon, L50, F|100/100
|-weather|RainDance|[from] ability: Drizzle|[of] p1a: Pelipper
|turn|1
|
|t:|1757805527
|move|p2b: Hydreigon|Snarl|p1a: Pelipper|[spread] p1b
|-miss|p2b: Hydreigon|p1a: Pelipper
|-damage|p1b: Archaludon|85/100
|-unboost|p1b: Archaludon|spa|1
|-ability|p1b: Archaludon|Stamina|boost
|-boost|p1b: Archaludon|def|1
|move|p2a: Comfey|Calm Mind|p2a: Comfey
|-boost|p2a: Comfey|spa|1
|-boost|p2a: Comfey|spd|1
|move|p1a: Pelipper|Tailwind|p1a: Pelipper
|-sidestart|p1: Notaplaceofhonor|move: Tailwind
|move|p1b: Archaludon|Electro Shot||[still]
|-prepare|p1b: Archaludon|Electro Shot
|-boost|p1b: Archaludon|spa|1
|-anim|p1b: Archaludon|Electro Shot|p2b: Hydreigon
|-resisted|p2b: Hydreigon
|-damage|p2b: Hydreigon|78/100
|
|-weather|RainDance|[upkeep]
|upkeep
|turn|2
|
|t:|1757805551
|move|p2b: Hydreigon|Protect|p2b: Hydreigon
|-singleturn|p2b: Hydreigon|Protect
|move|p1a: Pelipper|Hurricane|p2b: Hydreigon
|-activate|p2b: Hydreigon|move: Protect
|move|p1b: Archaludon|Electro Shot||[still]
|-prepare|p1b: Archaludon|Electro Shot
|-boost|p1b: Archaludon|spa|1
|-anim|p1b: Archaludon|Electro Shot|p2a: Comfey
|-damage|p2a: Comfey|57/100
|move|p2a: Comfey|Calm Mind|p2a: Comfey
|-boost|p2a: Comfey|spa|1
|-boost|p2a: Comfey|spd|1
|
|-weather|RainDance|[upkeep]
|upkeep
|turn|3
|
|t:|1757805570
|move|p1a: Pelipper|Hurricane|p2b: Hydreigon
|-damage|p2b: Hydreigon|17/100
|-start|p2b: Hydreigon|confusion
|move|p1b: Archaludon|Electro Shot||[still]
|-prepare|p1b: Archaludon|Electro Shot
|-boost|p1b: Archaludon|spa|1
|-anim|p1b: Archaludon|Electro Shot|p2b: Hydreigon
|-resisted|p2b: Hydreigon
|-damage|p2b: Hydreigon|0 fnt
|faint|p2b: Hydreigon
|move|p2a: Comfey|Draining Kiss|p1a: Pelipper
|-damage|p1a: Pelipper|31/100
|-heal|p2a: Comfey|100/100|[from] drain|[of] p1a: Pelipper
|
|-weather|RainDance|[upkeep]
|upkeep
|
|t:|1757805587
|switch|p2b: Rillaboom|Rillaboom, L50, F|100/100
|-fieldstart|move: Grassy Terrain|[from] ability: Grassy Surge|[of] p2b: Rillaboom
|-enditem|p2a: Comfey|Grassy Seed
|-boost|p2a: Comfey|def|1|[from] item: Grassy Seed
|turn|4
|
|t:|1757805607
|move|p1a: Pelipper|Protect|p1a: Pelipper
|-singleturn|p1a: Pelipper|Protect
|move|p2b: Rillaboom|Grassy Glide|p1a: Pelipper
|-activate|p1a: Pelipper|move: Protect
|move|p1b: Archaludon|Draco Meteor|p2b: Rillaboom|[miss]
|-miss|p1b: Archaludon|p2b: Rillaboom
|move|p2a: Comfey|Calm Mind|p2a: Comfey
|-boost|p2a: Comfey|spa|1
|-boost|p2a: Comfey|spd|1
|
|-weather|RainDance|[upkeep]
|-heal|p1b: Archaludon|91/100|[from] Grassy Terrain
|-sideend|p1: Notaplaceofhonor|move: Tailwind
|upkeep
|turn|5
|inactive|Notaplaceofhonor has 30 seconds left.
|
|t:|1757805632
|move|p2b: Rillaboom|Grassy Glide|p1a: Pelipper
|-damage|p1a: Pelipper|0 fnt
|faint|p1a: Pelipper
|move|p2a: Comfey|Calm Mind|p2a: Comfey
|-boost|p2a: Comfey|spa|1
|-boost|p2a: Comfey|spd|1
|move|p1b: Archaludon|Draco Meteor|p2b: Rillaboom|[miss]
|-miss|p1b: Archaludon|p2b: Rillaboom
|
|-weather|none
|-heal|p1b: Archaludon|97/100|[from] Grassy Terrain
|upkeep
|
|t:|1757805639
|switch|p1a: Ursaluna|Ursaluna, L50, M|100/100
|turn|6
|
|t:|1757805651
|move|p1a: Ursaluna|Protect|p1a: Ursaluna
|-singleturn|p1a: Ursaluna|Protect
|move|p2b: Rillaboom|Wood Hammer|p1a: Ursaluna
|-activate|p1a: Ursaluna|move: Protect
|move|p2a: Comfey|Draining Kiss|p1b: Archaludon
|-damage|p1b: Archaludon|55/100
|-ability|p1b: Archaludon|Stamina|boost
|-boost|p1b: Archaludon|def|1
|move|p1b: Archaludon|Draco Meteor|p2b: Rillaboom
|-damage|p2b: Rillaboom|0 fnt
|-unboost|p1b: Archaludon|spa|2
|faint|p2b: Rillaboom
|
|-heal|p1b: Archaludon|61/100|[from] Grassy Terrain
|-status|p1a: Ursaluna|brn|[from] item: Flame Orb
|upkeep
|
|t:|1757805665
|switch|p2b: Magmar|Magmar, L50, F|100/100
|turn|7
|
|t:|1757805679
|move|p2a: Comfey|Draining Kiss|p1a: Ursaluna
|-damage|p1a: Ursaluna|38/100 brn
|move|p2b: Magmar|Overheat|p1a: Ursaluna|[miss]
|-miss|p2b: Magmar|p1a: Ursaluna
|move|p1b: Archaludon|Draco Meteor|p2b: Magmar
|-damage|p2b: Magmar|48/100
|-unboost|p1b: Archaludon|spa|2
|move|p1a: Ursaluna|Facade|p2a: Comfey
|-damage|p2a: Comfey|0 fnt
|faint|p2a: Comfey
|
|-heal|p1b: Archaludon|67/100|[from] Grassy Terrain
|-heal|p2b: Magmar|53/100|[from] Grassy Terrain
|-heal|p1a: Ursaluna|44/100 brn|[from] Grassy Terrain
|-damage|p1a: Ursaluna|38/100 brn|[from] brn
|upkeep
|turn|8
|inactive|erporros has 30 seconds left.
|inactive|erporros has 20 seconds left.
|-message|erporros forfeited.
|
|win|Notaplaceofhonor
