|j|☆MrMrvz
|j|☆Ssamuuelll
|html|MrMrvzSsamuuelll    
|uhtml|bestof|Game 3 of a best-of-3
|t:|1784869527
|gametype|doubles
|player|p1|MrMrvz|ethan|1204
|player|p2|Ssamuuelll|265|1228
|gen|9
|tier|[Gen 9 Champions] VGC 2026 Reg M-B (Bo3)
|rated|
|rule|Species Clause: Limit one of each Pokémon
|rule|Item Clause: Limit 1 of each item
|clearpoke
|poke|p1|Feraligatr, L50, M, shiny|
|poke|p1|Sceptile, L50, M|
|poke|p1|Staraptor, L50, M|
|poke|p1|Vileplume, L50, M|
|poke|p1|Gholdengo, L50|
|poke|p1|Houndoom, L50, M|
|poke|p2|Glimmora, L50, M|
|poke|p2|Kommo-o, L50, M|
|poke|p2|Charizard, L50, F|
|poke|p2|Whimsicott, L50, F|
|poke|p2|Kingambit, L50, F|
|poke|p2|Staraptor, L50, M|
|teampreview|4
|showteam|p1|Feraligatr||LifeOrb|SheerForce|Liquidation,RockSlide,IcePunch,AquaJet|Adamant||M|||50|]Sceptile||WhiteHerb|Unburden|LeafStorm,RockTomb,Detect,EarthPower|Timid||M|||50|]Staraptor||Staraptite|Intimidate|BraveBird,CloseCombat,Protect,Roost|Jolly||M|||50|]Vileplume||BigRoot|EffectSpore|SludgeBomb,GigaDrain,StrengthSap,LeechSeed|Relaxed||M|||50|]Gholdengo||SitrusBerry|GoodasGold|MakeItRain,NastyPlot,ShadowBall,Protect|Modest|||||50|]Houndoom||FocusSash|FlashFire|SuckerPunch,Snarl,HeatWave,Protect|Hasty||M|||50|
|showteam|p2|Glimmora||FocusSash|ToxicDebris|PowerGem,SludgeBomb,EarthPower,SpikyShield|Modest||M|||50|]Kommo-o||LifeOrb|Soundproof|ClangingScales,AuraSphere,VacuumWave,Protect|Modest||M|||50|]Charizard||CharizarditeY|Blaze|HeatWave,WeatherBall,SolarBeam,Protect|Modest||F|||50|]Whimsicott||OccaBerry|Prankster|Moonblast,Tailwind,Charm,Encore|Timid||F|||50|]Kingambit||ChopleBerry|Defiant|KowtowCleave,SuckerPunch,IronHead,LowKick|Brave||F|||50|]Staraptor||Staraptite|Intimidate|CloseCombat,BraveBird,Roost,Protect|Jolly||M|||50|
|
|t:|1784869570
|teamsize|p1|4
|teamsize|p2|4
|start
|switch|p1a: Gholdengo|Gholdengo, L50|100/100
|switch|p1b: Vileplume|Vileplume, L50, M|100/100
|switch|p2a: Charizard|Charizard, L50, F|100/100
|switch|p2b: Kommo-o|Kommo-o, L50, M|100/100
|turn|1
|
|t:|1784869601
|switch|p1a: Feraligatr|Feraligatr, L50, M, shiny|100/100
|switch|p1b: Staraptor|Staraptor, L50, M|100/100
|-ability|p1b: Staraptor|Intimidate|boost
|-unboost|p2a: Charizard|atk|1
|-unboost|p2b: Kommo-o|atk|1
|detailschange|p2a: Charizard|Charizard-Mega-Y, L50, F
|-mega|p2a: Charizard|Charizard|Charizardite Y
|-weather|SunnyDay|[from] ability: Drought|[of] p2a: Charizard
|move|p2a: Charizard|Weather Ball|p1a: Feraligatr
|-resisted|p1a: Feraligatr|1
|-damage|p1a: Feraligatr|63/100
|move|p2b: Kommo-o|Clanging Scales|p1a: Feraligatr|[spread] p1a,p1b
|-damage|p1a: Feraligatr|20/100y
|-damage|p1b: Staraptor|28/100
|-unboost|p2b: Kommo-o|def|1
|-damage|p2b: Kommo-o|90/100|[from] item: Life Orb
|
|-weather|SunnyDay|[upkeep]
|upkeep
|turn|2
|
|t:|1784869638
|detailschange|p1b: Staraptor|Staraptor-Mega, L50, M
|-mega|p1b: Staraptor|Staraptor|Staraptite
|move|p2a: Charizard|Protect|p2a: Charizard
|-singleturn|p2a: Charizard|Protect
|move|p2b: Kommo-o|Vacuum Wave|p1a: Feraligatr
|-crit|p1a: Feraligatr
|-damage|p1a: Feraligatr|0 fnt
|faint|p1a: Feraligatr
|-damage|p2b: Kommo-o|80/100|[from] item: Life Orb
|move|p1b: Staraptor|Roost|p1b: Staraptor
|-heal|p1b: Staraptor|78/100
|-singleturn|p1b: Staraptor|move: Roost
|
|-weather|SunnyDay|[upkeep]
|upkeep
|
|t:|1784869651
|switch|p1a: Gholdengo|Gholdengo, L50|100/100
|turn|3
|
|t:|1784869680
|switch|p2a: Glimmora|Glimmora, L50, M|100/100
|move|p1b: Staraptor|Close Combat|p2a: Glimmora
|-damage|p2a: Glimmora|30/100
|-boost|p1b: Staraptor|def|1
|-boost|p1b: Staraptor|spd|1
|-activate|p2a: Glimmora|ability: Toxic Debris
|-sidestart|p1: MrMrvz|move: Toxic Spikes
|move|p1a: Gholdengo|Shadow Ball|p2a: Glimmora
|-damage|p2a: Glimmora|0 fnt
|faint|p2a: Glimmora
|move|p2b: Kommo-o|Clanging Scales|p1b: Staraptor|[spread] p1a,p1b
|-resisted|p1a: Gholdengo|1
|-damage|p1a: Gholdengo|72/100
|-damage|p1b: Staraptor|40/100
|-unboost|p2b: Kommo-o|def|1
|-damage|p2b: Kommo-o|71/100|[from] item: Life Orb
|
|-weather|SunnyDay|[upkeep]
|upkeep
|
|t:|1784869700
|switch|p2a: Whimsicott|Whimsicott, L50, F|100/100
|turn|4
|
|t:|1784869710
|move|p2a: Whimsicott|Tailwind|p2a: Whimsicott
|-sidestart|p2: Ssamuuelll|move: Tailwind
|move|p2b: Kommo-o|Clanging Scales|p1b: Staraptor|[spread] p1a,p1b
|-resisted|p1a: Gholdengo|1
|-damage|p1a: Gholdengo|47/100
|-damage|p1b: Staraptor|5/100
|-enditem|p1a: Gholdengo|Sitrus Berry|[eat]
|-heal|p1a: Gholdengo|72/100|[from] item: Sitrus Berry
|-unboost|p2b: Kommo-o|def|1
|-damage|p2b: Kommo-o|61/100|[from] item: Life Orb
|move|p1b: Staraptor|Roost|p1b: Staraptor
|-heal|p1b: Staraptor|56/100
|-singleturn|p1b: Staraptor|move: Roost
|move|p1a: Gholdengo|Make It Rain|p2a: Whimsicott|[spread] p2a,p2b
|-supereffective|p2a: Whimsicott|1
|-damage|p2a: Whimsicott|0 fnt
|-damage|p2b: Kommo-o|15/100
|-unboost|p1a: Gholdengo|spa|2
|faint|p2a: Whimsicott
|
|-weather|SunnyDay|[upkeep]
|upkeep
|
|t:|1784869732
|switch|p2a: Charizard|Charizard-Mega-Y, L50, F|100/100
|turn|5
|
|t:|1784869749
|move|p1b: Staraptor|Protect|p1b: Staraptor
|-singleturn|p1b: Staraptor|Protect
|move|p2a: Charizard|Weather Ball|p1b: Staraptor
|-activate|p1b: Staraptor|move: Protect
|move|p2b: Kommo-o|Clanging Scales|p1a: Gholdengo|[spread] p1a
|-activate|p1b: Staraptor|move: Protect
|-resisted|p1a: Gholdengo|1
|-damage|p1a: Gholdengo|47/100
|-unboost|p2b: Kommo-o|def|1
|-damage|p2b: Kommo-o|6/100|[from] item: Life Orb
|move|p1a: Gholdengo|Shadow Ball|p2b: Kommo-o
|-damage|p2b: Kommo-o|0 fnt
|faint|p2b: Kommo-o
|
|-weather|none
|upkeep
|turn|6
|
|t:|1784869768
|move|p2a: Charizard|Heat Wave|p1a: Gholdengo|[spread] p1b
|-miss|p2a: Charizard|p1a: Gholdengo
|-damage|p1b: Staraptor|24/100
|move|p1b: Staraptor|Roost|p1b: Staraptor
|-heal|p1b: Staraptor|74/100
|-singleturn|p1b: Staraptor|move: Roost
|move|p1a: Gholdengo|Shadow Ball|p2a: Charizard
|-damage|p2a: Charizard|80/100
|
|upkeep
|turn|7
|
|t:|1784869785
|move|p1b: Staraptor|Protect|p1b: Staraptor
|-singleturn|p1b: Staraptor|Protect
|move|p2a: Charizard|Heat Wave|p1b: Staraptor|[spread] p1a
|-activate|p1b: Staraptor|move: Protect
|-supereffective|p1a: Gholdengo|1
|-damage|p1a: Gholdengo|0 fnt
|faint|p1a: Gholdengo
|
|-sideend|p2: Ssamuuelll|move: Tailwind
|upkeep
|
|t:|1784869793
|switch|p1a: Vileplume|Vileplume, L50, M|100/100
|-sideend|p1: MrMrvz|move: Toxic Spikes|[of] p1a: Vileplume
|turn|8
|
|t:|1784869805
|move|p1b: Staraptor|Close Combat|p2a: Charizard
|-resisted|p2a: Charizard|1
|-damage|p2a: Charizard|54/100
|-boost|p1b: Staraptor|def|1
|-boost|p1b: Staraptor|spd|1
|move|p2a: Charizard|Heat Wave|p1a: Vileplume|[spread] p1a,p1b
|-supereffective|p1a: Vileplume|1
|-damage|p1a: Vileplume|13/100
|-damage|p1b: Staraptor|52/100
|move|p1a: Vileplume|Sludge Bomb|p2a: Charizard
|-damage|p2a: Charizard|19/100
|
|upkeep
|turn|9
|-message|Ssamuuelll forfeited.
|raw|MrMrvz's rating: 1204 → 1231(+27 for winning)
|raw|Ssamuuelll's rating: 1228 → 1201(-27 for losing)
|
|win|MrMrvz
|l|☆Ssamuuelll
|player|p2|
