|j|☆TheMismatcher
|j|☆Chaoticfarmer
|html|TheMismatcherChaoticfarmer    
|uhtml|bestof|Game 1 of a best-of-3
|t:|1757817660
|gametype|doubles
|player|p1|TheMismatcher|266|1345
|player|p2|Chaoticfarmer|norman|1342
|gen|9
|tier|[Gen 9] VGC 2025 Reg H (Bo3)
|rated|
|rule|Species Clause: Limit one of each Pokémon
|rule|Item Clause: Limit 1 of each item
|clearpoke
|poke|p1|Pelipper, L50, M|
|poke|p1|Basculegion, L50, M|
|poke|p1|Amoonguss, L50, F|
|poke|p1|Archaludon, L50, F|
|poke|p1|Greninja-*, L50, F|
|poke|p1|Annihilape, L50, F|
|poke|p2|Rillaboom, L50, F|
|poke|p2|Pelipper, L50, F|
|poke|p2|Sneasler, L50, M|
|poke|p2|Cetitan, L50, M|
|poke|p2|Malamar, L50, F|
|poke|p2|Ursaluna-Bloodmoon, L50, M|
|teampreview|4
|showteam|p1|Pelipper||FocusSash|Drizzle|WeatherBall,Hurricane,Tailwind,WideGuard|||M|||50|,,,,,Stellar]Basculegion||ChoiceBand|SwiftSwim|WaveCrash,FlipTurn,LastRespects,AquaJet|||M|||50|,,,,,Grass]Amoonguss||SitrusBerry|Regenerator|Spore,RagePowder,PollenPuff,ClearSmog|||F|||50|,,,,,Dark]Archaludon||AssaultVest|Stamina|DragonPulse,FlashCannon,ElectroShot,BodyPress|||F|||50|,,,,,Bug]Greninja||LoadedDice|Torrent|WaterShuriken,DarkPulse,Taunt,RainDance|||F|||50|,,,,,Ghost]Annihilape||ChoiceScarf|Defiant|CloseCombat,RageFist,Uturn,FinalGambit|||F|||50|,,,,,Grass
|showteam|p2|Rillaboom||AssaultVest|GrassySurge|FakeOut,GrassyGlide,WoodHammer,Uturn|||F|||50|,,,,,Fire]Pelipper||FocusSash|Drizzle|Tailwind,Hurricane,WideGuard,WeatherBall|||F|||50|,,,,,Ghost]Sneasler||GrassySeed|Unburden|CloseCombat,DireClaw,ThroatChop,Protect|||M|||50|,,,,,Dark]Cetitan||LifeOrb|SheerForce|IcicleCrash,Liquidation,IceShard,Protect|||M|||50|,,,,,Water]Malamar||CovertCloak|Contrary|TopsyTurvy,KnockOff,Superpower,TrickRoom|||F|||50|,,,,,Steel]Ursaluna-Bloodmoon||SafetyGoggles|MindsEye|BloodMoon,HyperVoice,EarthPower,Protect|||M|||50|,,,,,Ghost
|inactive|Battle timer is ON: inactive players will automatically lose when time's up. (requested by Chaoticfarmer)
|inactive|TheMismatcher has 60 seconds left.
|inactive|Chaoticfarmer has 60 seconds left.
|
|t:|1757817720
|teamsize|p1|4
|teamsize|p2|4
|start
|switch|p1a: Greninja|Greninja, L50, F|100/100
|switch|p1b: Archaludon|Archaludon, L50, F|100/100
|switch|p2a: Rillaboom|Rillaboom, L50, F|100/100
|switch|p2b: Sneasler|Sneasler, L50, M|100/100
|-fieldstart|move: Grassy Terrain|[from] ability: Grassy Surge|[of] p2a: Rillaboom
|-enditem|p2b: Sneasler|Grassy Seed
|-boost|p2b: Sneasler|def|1|[from] item: Grassy Seed
|turn|1
|inactive|TheMismatcher has 30 seconds left.
|inactive|Chaoticfarmer has 30 seconds left.
|
|t:|1757817747
|-terastallize|p1a: Greninja|Ghost
|move|p1a: Greninja|Water Shuriken|p1b: Archaludon
|-resisted|p1b: Archaludon
|-damage|p1b: Archaludon|98/100
|-ability|p1b: Archaludon|Stamina|boost
|-boost|p1b: Archaludon|def|1
|-resisted|p1b: Archaludon
|-damage|p1b: Archaludon|96/100
|-ability|p1b: Archaludon|Stamina|boost
|-boost|p1b: Archaludon|def|1
|-resisted|p1b: Archaludon
|-damage|p1b: Archaludon|94/100
|-ability|p1b: Archaludon|Stamina|boost
|-boost|p1b: Archaludon|def|1
|-resisted|p1b: Archaludon
|-damage|p1b: Archaludon|92/100
|-ability|p1b: Archaludon|Stamina|boost
|-boost|p1b: Archaludon|def|1
|-hitcount|p1b: Archaludon|4
|move|p2b: Sneasler|Close Combat|p1a: Greninja
|-immune|p1a: Greninja
|move|p1b: Archaludon|Body Press|p2b: Sneasler
|-resisted|p2b: Sneasler
|-damage|p2b: Sneasler|64/100
|move|p2a: Rillaboom|U-turn|p1a: Greninja
|-resisted|p1a: Greninja
|-damage|p1a: Greninja|84/100
|
|t:|1757817751
|switch|p2a: Malamar|Malamar, L50, F|100/100|[from] U-turn
|
|-heal|p2b: Sneasler|70/100|[from] Grassy Terrain
|-heal|p1a: Greninja|90/100|[from] Grassy Terrain
|-heal|p1b: Archaludon|98/100|[from] Grassy Terrain
|upkeep
|turn|2
|inactive|TheMismatcher has 30 seconds left.
|
|t:|1757817779
|move|p2b: Sneasler|Throat Chop|p1a: Greninja
|-supereffective|p1a: Greninja
|-damage|p1a: Greninja|11/100
|-start|p1a: Greninja|Throat Chop|[silent]
|move|p1a: Greninja|Rain Dance|p1a: Greninja
|-weather|RainDance
|move|p1b: Archaludon|Body Press|p2a: Malamar
|-damage|p2a: Malamar|43/100
|move|p2a: Malamar|Topsy-Turvy|p1b: Archaludon
|-invertboost|p1b: Archaludon|[from] move: Topsy-Turvy
|
|-weather|RainDance|[upkeep]
|-heal|p2b: Sneasler|75/100|[from] Grassy Terrain
|-heal|p1a: Greninja|17/100|[from] Grassy Terrain
|-heal|p1b: Archaludon|100/100|[from] Grassy Terrain
|-heal|p2a: Malamar|49/100|[from] Grassy Terrain
|upkeep
|turn|3
|
|t:|1757817802
|switch|p1b: Basculegion|Basculegion, L50, M|100/100
|move|p1a: Greninja|Water Shuriken|p2b: Sneasler
|-damage|p2b: Sneasler|58/100
|-damage|p2b: Sneasler|40/100
|-damage|p2b: Sneasler|23/100
|-damage|p2b: Sneasler|7/100
|-damage|p2b: Sneasler|0 fnt
|faint|p2b: Sneasler
|-hitcount|p2: Sneasler|5
|move|p2a: Malamar|Knock Off|p1a: Greninja
|-supereffective|p1a: Greninja
|-damage|p1a: Greninja|0 fnt
|-enditem|p1a: Greninja|Loaded Dice|[from] move: Knock Off|[of] p2a: Malamar
|faint|p1a: Greninja
|
|-weather|RainDance|[upkeep]
|-heal|p2a: Malamar|55/100|[from] Grassy Terrain
|upkeep
|
|t:|1757817821
|switch|p1a: Archaludon|Archaludon, L50, F|100/100
|switch|p2b: Cetitan|Cetitan, L50, M|100/100
|turn|4
|
|t:|1757817835
|switch|p2a: Rillaboom|Rillaboom, L50, F|100/100
|move|p1b: Basculegion|Wave Crash|p2b: Cetitan
|-damage|p2b: Cetitan|0 fnt
|faint|p2b: Cetitan
|-damage|p1b: Basculegion|59/100|[from] Recoil
|move|p1a: Archaludon|Electro Shot||[still]
|-prepare|p1a: Archaludon|Electro Shot
|-boost|p1a: Archaludon|spa|1
|-anim|p1a: Archaludon|Electro Shot|p2a: Rillaboom
|-resisted|p2a: Rillaboom
|-damage|p2a: Rillaboom|75/100
|
|-weather|RainDance|[upkeep]
|-heal|p1b: Basculegion|65/100|[from] Grassy Terrain
|-heal|p2a: Rillaboom|81/100|[from] Grassy Terrain
|upkeep
|
|t:|1757817845
|switch|p2b: Malamar|Malamar, L50, F|55/100
|turn|5
|
|t:|1757817868
|move|p2a: Rillaboom|Grassy Glide|p1b: Basculegion
|-supereffective|p1b: Basculegion
|-damage|p1b: Basculegion|0 fnt
|faint|p1b: Basculegion
|move|p1a: Archaludon|Electro Shot||[still]
|-prepare|p1a: Archaludon|Electro Shot
|-boost|p1a: Archaludon|spa|1
|-anim|p1a: Archaludon|Electro Shot|p2b: Malamar
|-damage|p2b: Malamar|0 fnt
|faint|p2b: Malamar
|
|-weather|RainDance|[upkeep]
|-heal|p2a: Rillaboom|87/100|[from] Grassy Terrain
|-fieldend|move: Grassy Terrain
|upkeep
|-message|Chaoticfarmer forfeited.
|
|win|TheMismatcher
|l|☆Chaoticfarmer
|player|p2|
||TheMismatcher is ready for game 2.
||Chaoticfarmer is ready for game 2.
|uhtml|next|Next: Game 2 of 3
