|j|☆TJP195
|j|☆Quill86
|html|TJP195Quill86    
|uhtml|bestof|Game 2 of a best-of-3
|t:|1757693829
|gametype|doubles
|player|p1|TJP195|rocketgrunt|1201
|player|p2|Quill86|lucas|1221
|gen|9
|tier|[Gen 9] VGC 2025 Reg H (Bo3)
|rated|
|rule|Species Clause: Limit one of each Pokémon
|rule|Item Clause: Limit 1 of each item
|clearpoke
|poke|p1|Braviary-Hisui, L50, M|
|poke|p1|Ursaluna, L50, M|
|poke|p1|Indeedee-F, L50, F|
|poke|p1|Scrafty, L50, M|
|poke|p1|Meowstic, L50, M|
|poke|p1|Volcarona, L50, M|
|poke|p2|Incineroar, L50, M|
|poke|p2|Gholdengo, L50|
|poke|p2|Ursaluna-Bloodmoon, L50, M|
|poke|p2|Indeedee-F, L50, F|
|poke|p2|Gallade, L50, M|
|poke|p2|Torkoal, L50, M|
|teampreview|4
|showteam|p1|Braviary-Hisui||ChoiceSpecs|TintedLens|ExpandingForce,HeatWave,Snarl,Hurricane|||M|||50|,,,,,Psychic]Ursaluna||FlameOrb|Guts|Facade,Protect,HeadlongRush,Earthquake|||M|||50|,,,,,Ghost]Indeedee-F||SafetyGoggles|PsychicSurge|TrickRoom,FollowMe,HelpingHand,DazzlingGleam|||F|||50|,,,,,Fairy]Scrafty||AssaultVest|Intimidate|CloseCombat,KnockOff,PoisonJab,RockSlide|||M|||50|,,,,,Poison]Meowstic||MentalHerb|Prankster|PsychicTerrain,TrickRoom,LightScreen,RainDance|||M|||50|,,,,,Grass]Volcarona||RockyHelmet|FlameBody|RagePowder,Protect,FieryDance,GigaDrain|||M|||50|,,,,,Grass
|showteam|p2|Incineroar||SafetyGoggles|Intimidate|FakeOut,FlareBlitz,KnockOff,PartingShot|||M|||50|,,,,,Ghost]Gholdengo||SitrusBerry|GoodasGold|MakeItRain,ShadowBall,NastyPlot,Protect||||||50|,,,,,Water]Ursaluna-Bloodmoon||LifeOrb|MindsEye|BloodMoon,HyperVoice,EarthPower,Protect|||M|||50|,,,,,Normal]Indeedee-F||PsychicSeed|PsychicSurge|FollowMe,TrickRoom,HelpingHand,DazzlingGleam|||F|||50|,,,,,Fairy]Gallade||ClearAmulet|Sharpness|SacredSword,PsychoCut,WideGuard,TrickRoom|||M|||50|,,,,,Grass]Torkoal||Leftovers|Drought|Eruption,WeatherBall,Yawn,Protect|||M|||50|,,,,,Fire
|inactive|Battle timer is ON: inactive players will automatically lose when time's up. (requested by Quill86)
|
|t:|1757693857
|teamsize|p1|4
|teamsize|p2|4
|start
|switch|p1a: Indeedee|Indeedee-F, L50, F, shiny|100/100
|switch|p1b: Braviary|Braviary-Hisui, L50, M, shiny|100/100
|switch|p2a: Incineroar|Incineroar, L50, M|100/100
|switch|p2b: Gholdengo|Gholdengo, L50|100/100
|-fieldstart|move: Psychic Terrain|[from] ability: Psychic Surge|[of] p1a: Indeedee
|-ability|p2a: Incineroar|Intimidate|boost
|-unboost|p1a: Indeedee|atk|1
|-unboost|p1b: Braviary|atk|1
|turn|1
|
|t:|1757693881
|switch|p1b: Ursaluna|Ursaluna, L50, M, shiny|100/100
|move|p2b: Gholdengo|Nasty Plot|p2b: Gholdengo
|-boost|p2b: Gholdengo|spa|2
|move|p2a: Incineroar|Knock Off|p1b: Ursaluna
|-damage|p1b: Ursaluna|68/100
|-enditem|p1b: Ursaluna|Flame Orb|[from] move: Knock Off|[of] p2a: Incineroar
|move|p1a: Indeedee|Trick Room|p1a: Indeedee
|-fieldstart|move: Trick Room|[of] p1a: Indeedee
|
|upkeep
|turn|2
|
|t:|1757693905
|-terastallize|p2b: Gholdengo|Water
|move|p1a: Indeedee|Helping Hand|p1b: Ursaluna
|-singleturn|p1b: Ursaluna|Helping Hand|[of] p1a: Indeedee
|move|p1b: Ursaluna|Headlong Rush|p2a: Incineroar
|-supereffective|p2a: Incineroar
|-damage|p2a: Incineroar|0 fnt
|-unboost|p1b: Ursaluna|def|1
|-unboost|p1b: Ursaluna|spd|1
|faint|p2a: Incineroar
|move|p2b: Gholdengo|Make It Rain|p1b: Ursaluna|[spread] p1a,p1b
|-damage|p1a: Indeedee|7/100
|-damage|p1b: Ursaluna|0 fnt
|-unboost|p2b: Gholdengo|spa|1
|faint|p1b: Ursaluna
|
|upkeep
|
|t:|1757693915
|switch|p1b: Braviary|Braviary-Hisui, L50, M, shiny|100/100
|switch|p2a: Ursaluna|Ursaluna-Bloodmoon, L50, M|100/100
|turn|3
|
|t:|1757693928
|-terastallize|p1b: Braviary|Psychic
|move|p1a: Indeedee|Follow Me|p1a: Indeedee
|-singleturn|p1a: Indeedee|move: Follow Me
|move|p2a: Ursaluna|Hyper Voice|p1a: Indeedee|[spread] p1a,p1b
|-damage|p1a: Indeedee|0 fnt
|-damage|p1b: Braviary|44/100
|faint|p1a: Indeedee
|-damage|p2a: Ursaluna|90/100|[from] item: Life Orb
|move|p1b: Braviary|Expanding Force|p2b: Gholdengo|[spread] p2a,p2b
|-damage|p2a: Ursaluna|0 fnt
|-damage|p2b: Gholdengo|0 fnt
|faint|p2a: Ursaluna
|faint|p2b: Gholdengo
|
|upkeep
|
|t:|1757693942
|switch|p1a: Meowstic|Meowstic, L50, M, shiny|100/100
|switch|p2b: Gallade|Gallade, L50, M|100/100
|turn|4
|
|t:|1757693963
|move|p2b: Gallade|Wide Guard|p2b: Gallade
|-singleturn|p2b: Gallade|Wide Guard
|move|p1a: Meowstic|Light Screen|p1a: Meowstic
|-sidestart|p1: TJP195|move: Light Screen
|move|p1b: Braviary|Expanding Force|p2b: Gallade
|-activate|p2b: Gallade|move: Wide Guard
|
|upkeep
|turn|5
|
|t:|1757693981
|move|p2b: Gallade|Wide Guard|p2b: Gallade
|-singleturn|p2b: Gallade|Wide Guard
|move|p1a: Meowstic|Rain Dance|p1a: Meowstic
|-weather|RainDance
|move|p1b: Braviary|Expanding Force|p2b: Gallade
|-activate|p2b: Gallade|move: Wide Guard
|
|-weather|RainDance|[upkeep]
|-fieldend|move: Trick Room
|-fieldend|move: Psychic Terrain
|upkeep
|turn|6
|
|t:|1757693992
|move|p2b: Gallade|Psycho Cut|p1b: Braviary
|-resisted|p1b: Braviary
|-damage|p1b: Braviary|13/100
|move|p1b: Braviary|Expanding Force|p2b: Gallade
|-damage|p2b: Gallade|31/100
|move|p1a: Meowstic|Trick Room|p1a: Meowstic
|-fieldstart|move: Trick Room|[of] p1a: Meowstic
|
|-weather|RainDance|[upkeep]
|upkeep
|turn|7
|
|t:|1757694001
|move|p1a: Meowstic|Light Screen||[still]
|-fail|p1a: Meowstic
|move|p1b: Braviary|Expanding Force|p2b: Gallade
|-damage|p2b: Gallade|0 fnt
|faint|p2b: Gallade
|
|win|TJP195
||Quill86 is ready for game 3.
||TJP195 is ready for game 3.
|uhtml|next|Next: Game 3 of 3
|l|☆Quill86
|player|p2|
|j|☆Quill86
|player|p2|Quill86|lucas|
