|j|☆Kampfstube
|j|☆marcusquinn
|html|Kampfstubemarcusquinn    
|uhtml|bestof|Game 3 of a best-of-3
|t:|1757650565
|gametype|doubles
|player|p1|Kampfstube|n|1203
|player|p2|marcusquinn|hilbert-wonderlauncher|1136
|gen|9
|tier|[Gen 9] VGC 2025 Reg H (Bo3)
|rated|
|rule|Species Clause: Limit one of each Pokémon
|rule|Item Clause: Limit 1 of each item
|clearpoke
|poke|p1|Grimmsnarl, L50, M|
|poke|p1|Volcarona, L50, F|
|poke|p1|Annihilape, L50, M|
|poke|p1|Ursaluna-Bloodmoon, L50, M|
|poke|p1|Sneasler, L50, F|
|poke|p1|Dragonite, L50, M|
|poke|p2|Archaludon, L50, F|
|poke|p2|Porygon2, L50|
|poke|p2|Incineroar, L50, M|
|poke|p2|Ursaluna, L50, M|
|poke|p2|Sneasler, L50, M|
|poke|p2|Dragonite, L50, F|
|teampreview|4
|showteam|p1|Grimmsnarl||CovertCloak|Prankster|SpiritBreak,LightScreen,Reflect,ThunderWave|||M|||50|,,,,,Steel]Volcarona||SitrusBerry|FlameBody|GigaDrain,QuiverDance,FieryDance,Protect|||F|||50|,,,,,Grass]Annihilape||SafetyGoggles|Defiant|BulkUp,DrainPunch,Protect,RageFist|||M|||50|,,,,,Fire]Ursaluna-Bloodmoon||AssaultVest|MindsEye|EarthPower,BloodMoon,HyperVoice,VacuumWave|||M|||50|,,,,,Water]Sneasler||FocusSash|Unburden|FakeOut,Coaching,CloseCombat,DireClaw|||F|||50|,,,,,Ghost]Dragonite||LoadedDice|Multiscale|ScaleShot,Protect,Haze,ExtremeSpeed|||M|||50|,,,,,Steel
|showteam|p2|Archaludon||PowerHerb|Sturdy|Protect,ElectroShot,DracoMeteor,FlashCannon|||F|||50|,,,,,Electric]Porygon2||Eviolite|Download|TeraBlast,IceBeam,Recover,TrickRoom||||||50|,,,,,Fighting]Incineroar||SafetyGoggles|Intimidate|FlareBlitz,KnockOff,FakeOut,PartingShot|||M|||50|,,,,,Ghost]Ursaluna||FlameOrb|Guts|HeadlongRush,Facade,Earthquake,Protect|||M|||50|,,,,,Ghost]Sneasler||FocusSash|Unburden|Protect,CloseCombat,DireClaw,ThroatChop|||M|||50|,,,,,Stellar]Dragonite||LoadedDice|Multiscale|ScaleShot,Tailwind,Haze,Protect|||F|||50|,,,,,Fairy
|inactive|Battle timer is ON: inactive players will automatically lose when time's up. (requested by marcusquinn)
|inactive|Kampfstube also wants the timer to be on.
|inactive|Kampfstube has 60 seconds left.
|
|t:|1757650613
|teamsize|p1|4
|teamsize|p2|4
|start
|switch|p1a: Grimmsnarl|Grimmsnarl, L50, M|100/100
|switch|p1b: Annihilape|Annihilape, L50, M|100/100
|switch|p2a: Dragonite|Dragonite, L50, F, shiny|100/100
|switch|p2b: Archaludon|Archaludon, L50, F, shiny|100/100
|turn|1
|inactive|Kampfstube has 30 seconds left.
|
|t:|1757650639
|-terastallize|p2b: Archaludon|Electric
|move|p1b: Annihilape|Protect|p1b: Annihilape
|-singleturn|p1b: Annihilape|Protect
|move|p1a: Grimmsnarl|Light Screen|p1a: Grimmsnarl
|-sidestart|p1: Kampfstube|move: Light Screen
|move|p2b: Archaludon|Electro Shot||[still]
|-prepare|p2b: Archaludon|Electro Shot
|-boost|p2b: Archaludon|spa|1
|-enditem|p2b: Archaludon|Power Herb
|-anim|p2b: Archaludon|Electro Shot|p1b: Annihilape
|-activate|p1b: Annihilape|move: Protect
|move|p2a: Dragonite|Scale Shot|p1b: Annihilape
|-activate|p1b: Annihilape|move: Protect
|
|upkeep
|turn|2
|inactive|Kampfstube has 30 seconds left.
|
|t:|1757650667
|move|p1a: Grimmsnarl|Reflect|p1a: Grimmsnarl
|-sidestart|p1: Kampfstube|Reflect
|move|p2b: Archaludon|Draco Meteor|p1b: Annihilape
|-damage|p1b: Annihilape|55/100
|-unboost|p2b: Archaludon|spa|2
|move|p2a: Dragonite|Scale Shot|p1b: Annihilape
|-damage|p1b: Annihilape|45/100
|-damage|p1b: Annihilape|35/100
|-damage|p1b: Annihilape|25/100
|-damage|p1b: Annihilape|16/100
|-damage|p1b: Annihilape|7/100
|-hitcount|p1b: Annihilape|5
|-unboost|p2a: Dragonite|def|1
|-boost|p2a: Dragonite|spe|1
|move|p1b: Annihilape|Bulk Up|p1b: Annihilape
|-boost|p1b: Annihilape|atk|1
|-boost|p1b: Annihilape|def|1
|
|upkeep
|turn|3
|inactive|Kampfstube has 30 seconds left.
|inactive|marcusquinn has 30 seconds left.
|
|t:|1757650699
|move|p1b: Annihilape|Protect|p1b: Annihilape
|-singleturn|p1b: Annihilape|Protect
|move|p2a: Dragonite|Scale Shot|p1b: Annihilape
|-activate|p1b: Annihilape|move: Protect
|move|p2b: Archaludon|Flash Cannon|p1b: Annihilape
|-activate|p1b: Annihilape|move: Protect
|move|p1a: Grimmsnarl|Spirit Break|p2b: Archaludon
|-damage|p2b: Archaludon|74/100
|-unboost|p2b: Archaludon|spa|1
|
|upkeep
|turn|4
|
|t:|1757650716
|move|p1a: Grimmsnarl|Thunder Wave|p2a: Dragonite
|-status|p2a: Dragonite|par
|move|p2b: Archaludon|Flash Cannon|p1b: Annihilape
|-damage|p1b: Annihilape|0 fnt
|faint|p1b: Annihilape
|cant|p2a: Dragonite|par
|
|upkeep
|
|t:|1757650728
|switch|p1b: Ursaluna|Ursaluna-Bloodmoon, L50, M|100/100
|turn|5
|
|t:|1757650751
|switch|p1a: Sneasler|Sneasler, L50, F, shiny|100/100
|move|p2b: Archaludon|Protect|p2b: Archaludon
|-singleturn|p2b: Archaludon|Protect
|cant|p2a: Dragonite|par
|move|p1b: Ursaluna|Hyper Voice|p2a: Dragonite|[spread] p2a
|-activate|p2b: Archaludon|move: Protect
|-crit|p2a: Dragonite
|-damage|p2a: Dragonite|72/100 par
|
|-sideend|p1: Kampfstube|move: Light Screen
|upkeep
|turn|6
|
|t:|1757650774
|move|p1a: Sneasler|Fake Out|p2a: Dragonite
|-damage|p2a: Dragonite|51/100 par
|move|p2b: Archaludon|Draco Meteor|p1a: Sneasler
|-damage|p1a: Sneasler|51/100
|-unboost|p2b: Archaludon|spa|2
|cant|p2a: Dragonite|flinch
|move|p1b: Ursaluna|Earth Power|p2b: Archaludon
|-supereffective|p2b: Archaludon
|-damage|p2b: Archaludon|0 fnt
|faint|p2b: Archaludon
|
|-sideend|p1: Kampfstube|Reflect
|upkeep
|inactive|marcusquinn has 30 seconds left.
|
|t:|1757650801
|switch|p2b: Ursaluna|Ursaluna, L50, M|100/100
|turn|7
|inactive|Kampfstube has 30 seconds left.
|
|t:|1757650830
|switch|p1a: Grimmsnarl|Grimmsnarl, L50, M|100/100
|move|p2a: Dragonite|Scale Shot|p1a: Grimmsnarl
|-immune|p1a: Grimmsnarl
|move|p2b: Ursaluna|Earthquake|p1b: Ursaluna|[spread] p1a,p1b
|-immune|p2a: Dragonite
|-damage|p1a: Grimmsnarl|58/100
|-damage|p1b: Ursaluna|67/100
|move|p1b: Ursaluna|Hyper Voice|p2a: Dragonite|[spread] p2a,p2b
|-damage|p2a: Dragonite|11/100 par
|-damage|p2b: Ursaluna|64/100
|
|-status|p2b: Ursaluna|brn|[from] item: Flame Orb
|upkeep
|turn|8
|inactive|Kampfstube has 30 seconds left.
|inactive|Kampfstube has 20 seconds left.
|
|t:|1757650867
|move|p1a: Grimmsnarl|Reflect|p1a: Grimmsnarl
|-sidestart|p1: Kampfstube|Reflect
|move|p2a: Dragonite|Tailwind|p2a: Dragonite
|-sidestart|p2: marcusquinn|move: Tailwind
|move|p2b: Ursaluna|Facade|p1b: Ursaluna
|-damage|p1b: Ursaluna|8/100
|move|p1b: Ursaluna|Hyper Voice|p2a: Dragonite|[spread] p2a,p2b
|-damage|p2a: Dragonite|0 fnt
|-damage|p2b: Ursaluna|27/100 brn
|faint|p2a: Dragonite
|
|-damage|p2b: Ursaluna|22/100 brn|[from] brn
|upkeep
|
|t:|1757650877
|switch|p2a: Sneasler|Sneasler, L50, M|100/100
|turn|9
|
|t:|1757650902
|move|p2a: Sneasler|Protect|p2a: Sneasler
|-singleturn|p2a: Sneasler|Protect
|move|p1a: Grimmsnarl|Thunder Wave|p2a: Sneasler
|-activate|p2a: Sneasler|move: Protect
|move|p1b: Ursaluna|Vacuum Wave|p2b: Ursaluna
|-supereffective|p2b: Ursaluna
|-damage|p2b: Ursaluna|0 fnt
|faint|p2b: Ursaluna
|
|upkeep
|turn|10
|
|t:|1757650917
|move|p1a: Grimmsnarl|Thunder Wave|p2a: Sneasler
|-status|p2a: Sneasler|par
|move|p2a: Sneasler|Dire Claw|p1b: Ursaluna
|-resisted|p1b: Ursaluna
|-damage|p1b: Ursaluna|0 fnt
|faint|p1b: Ursaluna
|
|upkeep
|
|t:|1757650924
|switch|p1b: Sneasler|Sneasler, L50, F, shiny|51/100
|turn|11
|inactive|Kampfstube has 30 seconds left.
|
|t:|1757650952
|-terastallize|p1a: Grimmsnarl|Steel
|move|p2a: Sneasler|Protect|p2a: Sneasler
|-singleturn|p2a: Sneasler|Protect
|move|p1b: Sneasler|Fake Out|p2a: Sneasler
|-activate|p2a: Sneasler|move: Protect
|move|p1a: Grimmsnarl|Spirit Break|p2a: Sneasler
|-activate|p2a: Sneasler|move: Protect
|
|-sideend|p2: marcusquinn|move: Tailwind
|upkeep
|turn|12
|
|t:|1757650972
|move|p1b: Sneasler|Dire Claw|p2a: Sneasler
|-resisted|p2a: Sneasler
|-damage|p2a: Sneasler|64/100 par
|move|p2a: Sneasler|Dire Claw|p1b: Sneasler
|-resisted|p1b: Sneasler
|-damage|p1b: Sneasler|29/100
|-status|p1b: Sneasler|par
|move|p1a: Grimmsnarl|Spirit Break|p2a: Sneasler
|-damage|p2a: Sneasler|9/100 par
|-unboost|p2a: Sneasler|spa|1
|
|-sideend|p1: Kampfstube|Reflect
|upkeep
|turn|13
|-message|marcusquinn forfeited.
|
|win|Kampfstube
|raw|Kampfstube's rating: 1203 → 1223(+20 for winning)
|raw|marcusquinn's rating: 1136 → 1116(-20 for losing)
|l|☆marcusquinn
|player|p2|
|l|☆Kampfstube
|player|p1|
|j|☆marcusquinn
|player|p2|marcusquinn|hilbert-wonderlauncher|
