|j|☆hide on whimsicott
|j|‽MPM1998
|html|hide on whimsicottMPM1998    
|uhtml|bestof|Game 1 of a best-of-3
|t:|1782663538
|gametype|doubles
|player|p1|hide on whimsicott|artist-gen4|1165
|player|p2|MPM1998|101|1232
|gen|9
|tier|[Gen 9 Champions] VGC 2026 Reg M-B (Bo3)
|rated|
|rule|Species Clause: Limit one of each Pokémon
|rule|Item Clause: Limit 1 of each item
|clearpoke
|poke|p1|Gardevoir, L50, M|
|poke|p1|Basculegion, L50, M|
|poke|p1|Pelipper, L50, M|
|poke|p1|Archaludon, L50, F|
|poke|p1|Maushold-Four, L50|
|poke|p1|Swampert, L50, F|
|poke|p2|Pelipper, L50, F|
|poke|p2|Sneasler, L50, F|
|poke|p2|Gholdengo, L50|
|poke|p2|Archaludon, L50, M|
|poke|p2|Swampert, L50, F|
|poke|p2|Basculegion, L50, M|
|teampreview|4
|showteam|p1|Gardevoir||Gardevoirite|Trace|Psyshock,HyperVoice,Protect,TrickRoom|Modest||M|||50|]Basculegion||ChoiceScarf|Adaptability|LastRespects,WaveCrash,PsychicFangs,FlipTurn|Adamant||M|||50|]Pelipper||SitrusBerry|Drizzle|Hurricane,Tailwind,WeatherBall,RainDance|Bold||M|||50|]Archaludon||Leftovers|Stamina|ElectroShot,DragonPulse,FlashCannon,Protect|Modest||F|||50|]Maushold-Four||FocusSash|FriendGuard|Feint,SuperFang,Protect,FollowMe|Jolly|||||50|]Swampert||Swampertite|Torrent|IcePunch,HighHorsepower,WaveCrash,Protect|Adamant||F|||50|
|showteam|p2|Pelipper||FocusSash|Drizzle|Tailwind,Hurricane,WeatherBall,Protect|Timid||F|||50|]Sneasler||WhiteHerb|Unburden|FakeOut,CloseCombat,DireClaw,Protect|Adamant||F|||50|]Gholdengo||LifeOrb|GoodasGold|MakeItRain,ShadowBall,NastyPlot,Protect|Timid|||||50|]Archaludon||SitrusBerry|Stamina|FlashCannon,DragonPulse,ElectroShot,Protect|Modest||M|||50|]Swampert||Swampertite|Torrent|WaveCrash,HighHorsepower,IcePunch,Protect|Adamant||F|||50|]Basculegion||ChoiceScarf|Adaptability|WaveCrash,FlipTurn,LastRespects,AquaJet|Jolly||M|||50|
|inactive|Battle timer is ON: inactive players will automatically lose when time's up. (requested by hide on whimsicott)
|inactive|hide on whimsicott has 60 seconds left.
|inactive|MPM1998 has 60 seconds left.
|
|t:|1782663592
|teamsize|p1|4
|teamsize|p2|4
|start
|switch|p1a: Basculegion|Basculegion, L50, M|100/100
|switch|p1b: Swampert|Swampert, L50, F|100/100
|switch|p2a: Sneasler|Sneasler, L50, F|100/100
|switch|p2b: Gholdengo|Gholdengo, L50|100/100
|turn|1
|
|t:|1782663613
|switch|p1b: Pelipper|Pelipper, L50, M|100/100
|-weather|RainDance|[from] ability: Drizzle|[of] p1b: Pelipper
|move|p2a: Sneasler|Protect|p2a: Sneasler
|-singleturn|p2a: Sneasler|Protect
|move|p1a: Basculegion|Wave Crash|p2b: Gholdengo
|-damage|p2b: Gholdengo|0 fnt
|faint|p2b: Gholdengo
|-damage|p1a: Basculegion|73/100|[from] Recoil
|
|-weather|RainDance|[upkeep]
|upkeep
|
|t:|1782663625
|switch|p2b: Swampert|Swampert, L50, F|100/100
|turn|2
|
|t:|1782663651
|switch|p2a: Archaludon|Archaludon, L50, M|100/100
|detailschange|p2b: Swampert|Swampert-Mega, L50, F
|-mega|p2b: Swampert|Swampert|Swampertite
|move|p2b: Swampert|Ice Punch|p1b: Pelipper
|-damage|p1b: Pelipper|70/100
|-status|p1b: Pelipper|frz
|move|p1a: Basculegion|Wave Crash|p2b: Swampert
|-damage|p2b: Swampert|0 fnt
|faint|p2b: Swampert
|-damage|p1a: Basculegion|44/100|[from] Recoil
|-curestatus|p1b: Pelipper|frz|[msg]
|move|p1b: Pelipper|Tailwind|p1b: Pelipper
|-sidestart|p1: hide on whimsicott|move: Tailwind
|
|-weather|RainDance|[upkeep]
|upkeep
|
|t:|1782663660
|switch|p2b: Sneasler|Sneasler, L50, F|100/100
|turn|3
|
|t:|1782663674
|switch|p1b: Swampert|Swampert, L50, F|100/100
|move|p2b: Sneasler|Protect|p2b: Sneasler
|-singleturn|p2b: Sneasler|Protect
|move|p1a: Basculegion|Wave Crash|p2b: Sneasler
|-activate|p2b: Sneasler|move: Protect
|move|p2a: Archaludon|Electro Shot||[still]
|-prepare|p2a: Archaludon|Electro Shot
|-boost|p2a: Archaludon|spa|1
|-anim|p2a: Archaludon|Electro Shot|p1a: Basculegion
|-supereffective|p1a: Basculegion|1
|-damage|p1a: Basculegion|0 fnt
|faint|p1a: Basculegion
|
|-weather|RainDance|[upkeep]
|upkeep
|
|t:|1782663679
|switch|p1a: Archaludon|Archaludon, L50, F|100/100
|turn|4
|
|t:|1782663693
|detailschange|p1b: Swampert|Swampert-Mega, L50, F
|-mega|p1b: Swampert|Swampert|Swampertite
|move|p2b: Sneasler|Protect||[still]
|-fail|p2b: Sneasler
|move|p1b: Swampert|High Horsepower|p2b: Sneasler
|-supereffective|p2b: Sneasler|1
|-damage|p2b: Sneasler|0 fnt
|faint|p2b: Sneasler
|move|p1a: Archaludon|Electro Shot||[still]
|-prepare|p1a: Archaludon|Electro Shot
|-boost|p1a: Archaludon|spa|1
|-anim|p1a: Archaludon|Electro Shot|p2a: Archaludon
|-resisted|p2a: Archaludon|1
|-damage|p2a: Archaludon|67/100
|-ability|p2a: Archaludon|Stamina|boost
|-boost|p2a: Archaludon|def|1
|move|p2a: Archaludon|Dragon Pulse|p1b: Swampert
|-crit|p1b: Swampert
|-damage|p1b: Swampert|15/100
|
|-weather|RainDance|[upkeep]
|upkeep
|turn|5
|-message|MPM1998 forfeited.
|
|win|hide on whimsicott
