|j|☆bob8787
|j|☆ToastedArt
|html|bob8787ToastedArt    
|uhtml|bestof|Game 1 of a best-of-3
|t:|1784397866
|gametype|doubles
|player|p1|bob8787|170|1101
|player|p2|ToastedArt|iris|1005
|gen|9
|tier|[Gen 9 Champions] VGC 2026 Reg M-B (Bo3)
|rated|
|rule|Species Clause: Limit one of each Pokémon
|rule|Item Clause: Limit 1 of each item
|clearpoke
|poke|p1|Aggron, L50, F|
|poke|p1|Sinistcha, L50|
|poke|p1|Farigiraf, L50, M|
|poke|p1|Alakazam, L50, M|
|poke|p1|Meowstic, L50, M|
|poke|p1|Hatterene, L50, F|
|poke|p2|Falinks, L50, shiny|
|poke|p2|Gholdengo, L50|
|poke|p2|Hydreigon, L50, F, shiny|
|poke|p2|Sneasler, L50, M|
|poke|p2|Talonflame, L50, F, shiny|
|poke|p2|Kingambit, L50, M|
|teampreview|4
|showteam|p1|Aggron||Aggronite|RockHead|BodyPress,HeavySlam,IronDefense,HeadSmash|Sassy||F|||50|]Sinistcha||Leftovers|Hospitality|RagePowder,StrengthSap,TrickRoom,MatchaGotcha|Calm|||||50|]Farigiraf||MentalHerb|ArmorTail|HelpingHand,TrickRoom,Psychic,Imprison|Sassy||M|||50|]Alakazam||Alakazite|Synchronize|SpeedSwap,ExpandingForce,DazzlingGleam,Substitute|Timid||M|||50|]Meowstic||FocusSash|Prankster|PsychicTerrain,ExpandingForce,TrickRoom,LightScreen|Modest||M|||50|]Hatterene||LifeOrb|MagicBounce|ExpandingForce,DazzlingGleam,MysticalFire,TrickRoom|Quiet||F|||50|
|showteam|p2|Falinks||Falinksite|Defiant|NoRetreat,SwordsDance,CloseCombat,Protect|Careful|||||50|]Gholdengo||SpellTag|GoodasGold|MakeItRain,ShadowBall,NastyPlot,Protect|Modest|||||50|]Hydreigon||LifeOrb|Levitate|DracoMeteor,Snarl,EarthPower,DarkPulse|Modest||F|||50|]Sneasler||FocusSash|PoisonTouch|CloseCombat,PoisonJab,Coaching,FakeOut|Jolly||M|||50|]Talonflame||SharpBeak|GaleWings|BraveBird,Tailwind,Uturn,QuickGuard|Adamant||F|||50|]Kingambit||BlackGlasses|Defiant|KowtowCleave,SuckerPunch,SwordsDance,Protect|Adamant||M|||50|
|inactive|Battle timer is ON: inactive players will automatically lose when time's up. (requested by ToastedArt)
|inactive|ToastedArt has 60 seconds left.
|inactive|ToastedArt has 30 seconds left.
|inactive|ToastedArt has 20 seconds left.
|
|t:|1784397941
|teamsize|p1|4
|teamsize|p2|4
|start
|switch|p1a: Aggron|Aggron, L50, F|100/100
|switch|p1b: Farigiraf|Farigiraf, L50, M|100/100
|switch|p2a: Sneasler|Sneasler, L50, M|100/100
|switch|p2b: Kingambit|Kingambit, L50, M|100/100
|turn|1
|inactive|bob8787 has 30 seconds left.
|inactive|bob8787 has 20 seconds left.
|
|t:|1784397980
|move|p2a: Sneasler|Coaching|p2b: Kingambit
|-boost|p2b: Kingambit|atk|1
|-boost|p2b: Kingambit|def|1
|move|p2b: Kingambit|Kowtow Cleave|p1b: Farigiraf
|-supereffective|p1b: Farigiraf|1
|-damage|p1b: Farigiraf|0 fnt
|faint|p1b: Farigiraf
|move|p1a: Aggron|Body Press|p2b: Kingambit
|-supereffective|p2b: Kingambit|2
|-damage|p2b: Kingambit|24/100
|
|upkeep
|
|t:|1784397988
|switch|p1b: Hatterene|Hatterene, L50, F|100/100
|turn|2
|
|t:|1784397998
|detailschange|p1a: Aggron|Aggron-Mega, L50, F
|-mega|p1a: Aggron|Aggron|Aggronite
|move|p2a: Sneasler|Coaching|p2b: Kingambit
|-boost|p2b: Kingambit|atk|1
|-boost|p2b: Kingambit|def|1
|move|p2b: Kingambit|Kowtow Cleave|p1b: Hatterene
|-damage|p1b: Hatterene|0 fnt
|faint|p1b: Hatterene
|move|p1a: Aggron|Body Press|p2b: Kingambit
|-supereffective|p2b: Kingambit|2
|-damage|p2b: Kingambit|0 fnt
|faint|p2b: Kingambit
|
|upkeep
|
|t:|1784398016
|switch|p2b: Falinks|Falinks, L50, shiny|100/100
|switch|p1b: Sinistcha|Sinistcha, L50|100/100
|turn|3
|
|t:|1784398032
|detailschange|p2b: Falinks|Falinks-Mega, L50, shiny
|-mega|p2b: Falinks|Falinks|Falinksite
|move|p1b: Sinistcha|Rage Powder|p1b: Sinistcha
|-singleturn|p1b: Sinistcha|move: Rage Powder
|move|p2a: Sneasler|Coaching|p2b: Falinks
|-boost|p2b: Falinks|atk|1
|-boost|p2b: Falinks|def|1
|move|p2b: Falinks|No Retreat|p2b: Falinks
|-boost|p2b: Falinks|atk|1
|-boost|p2b: Falinks|def|1
|-boost|p2b: Falinks|spa|1
|-boost|p2b: Falinks|spd|1
|-boost|p2b: Falinks|spe|1
|-start|p2b: Falinks|move: No Retreat
|move|p1a: Aggron|Iron Defense|p1a: Aggron
|-boost|p1a: Aggron|def|2
|
|upkeep
|turn|4
|
|t:|1784398052
|move|p1b: Sinistcha|Rage Powder|p1b: Sinistcha
|-singleturn|p1b: Sinistcha|move: Rage Powder
|move|p2b: Falinks|Swords Dance|p2b: Falinks
|-boost|p2b: Falinks|atk|2
|move|p2a: Sneasler|Poison Jab|p1b: Sinistcha
|-damage|p1b: Sinistcha|63/100
|move|p1a: Aggron|Iron Defense|p1a: Aggron
|-boost|p1a: Aggron|def|2
|
|-heal|p1b: Sinistcha|69/100|[from] item: Leftovers
|upkeep
|turn|5
|
|t:|1784398071
|move|p1b: Sinistcha|Rage Powder|p1b: Sinistcha
|-singleturn|p1b: Sinistcha|move: Rage Powder
|move|p2b: Falinks|Swords Dance|p2b: Falinks
|-boost|p2b: Falinks|atk|2
|move|p2a: Sneasler|Poison Jab|p1b: Sinistcha
|-damage|p1b: Sinistcha|28/100
|move|p1a: Aggron|Body Press|p2b: Falinks
|-crit|p2b: Falinks
|-damage|p2b: Falinks|0 fnt
|faint|p2b: Falinks
|
|-heal|p1b: Sinistcha|34/100|[from] item: Leftovers
|upkeep
|
|t:|1784398083
|switch|p2b: Gholdengo|Gholdengo, L50|100/100
|turn|6
|inactive|bob8787 has 30 seconds left.
|
|t:|1784398109
|move|p2a: Sneasler|Coaching|p2b: Gholdengo
|-immune|p2b: Gholdengo|[from] ability: Good as Gold
|move|p2b: Gholdengo|Nasty Plot|p2b: Gholdengo
|-boost|p2b: Gholdengo|spa|2
|move|p1b: Sinistcha|Matcha Gotcha|p2a: Sneasler|[spread] p2a,p2b
|-resisted|p2a: Sneasler|1
|-resisted|p2b: Gholdengo|1
|-damage|p2a: Sneasler|82/100
|-heal|p1b: Sinistcha|43/100|[from] drain|[of] p2a: Sneasler
|-damage|p2b: Gholdengo|85/100
|-heal|p1b: Sinistcha|52/100|[from] drain|[of] p2b: Gholdengo
|move|p1a: Aggron|Body Press|p2a: Sneasler
|-resisted|p2a: Sneasler|1
|-damage|p2a: Sneasler|0 fnt
|faint|p2a: Sneasler
|
|-heal|p1b: Sinistcha|58/100|[from] item: Leftovers
|upkeep
|turn|7
|
|t:|1784398133
|move|p2b: Gholdengo|Shadow Ball|p1a: Aggron
|-damage|p1a: Aggron|0 fnt
|faint|p1a: Aggron
|move|p1b: Sinistcha|Matcha Gotcha|p2b: Gholdengo
|-resisted|p2b: Gholdengo|1
|-crit|p2b: Gholdengo
|-damage|p2b: Gholdengo|59/100
|-heal|p1b: Sinistcha|72/100|[from] drain|[of] p2b: Gholdengo
|
|-heal|p1b: Sinistcha|79/100|[from] item: Leftovers
|upkeep
|turn|8
|
|t:|1784398145
|move|p2b: Gholdengo|Shadow Ball|p1b: Sinistcha
|-supereffective|p1b: Sinistcha|1
|-damage|p1b: Sinistcha|0 fnt
|faint|p1b: Sinistcha
|
|win|ToastedArt
