|j|☆Robbie0301
|j|☆Rantix D Red
|html|Robbie0301Rantix D Red    
|uhtml|bestof|Game 1 of a best-of-3
|t:|1757710977
|gametype|doubles
|player|p1|Robbie0301|102|1132
|player|p2|Rantix D Red|n|1150
|gen|9
|tier|[Gen 9] VGC 2025 Reg H (Bo3)
|rated|
|rule|Species Clause: Limit one of each Pokémon
|rule|Item Clause: Limit 1 of each item
|clearpoke
|poke|p1|Volcarona, L50, F|
|poke|p1|Tauros-Paldea-Aqua, L50, M|
|poke|p1|Electabuzz, L50, F|
|poke|p1|Rillaboom, L50, M|
|poke|p1|Garganacl, L50, M|
|poke|p1|Gholdengo, L50|
|poke|p2|Tyranitar, L50, M|
|poke|p2|Excadrill, L50, M|
|poke|p2|Corviknight, L50, M|
|poke|p2|Gyarados, L50, M|
|poke|p2|Dragonite, L50, M|
|poke|p2|Indeedee, L50, M|
|teampreview|4
|showteam|p1|Volcarona||CovertCloak|FlameBody|HeatWave,TeraBlast,QuiverDance,Protect|||F|||50|,,,,,Fairy]Tauros-Paldea-Aqua||LifeOrb|Intimidate|RagingBull,CloseCombat,AquaJet,Protect|||M|||50|,,,,,Fighting]Electabuzz||Eviolite|VitalSpirit|Thunderbolt,Taunt,FollowMe,Protect|||F|||50|,,,,,Ghost]Rillaboom||AssaultVest|GrassySurge|WoodHammer,GrassyGlide,HighHorsepower,FakeOut|||M|||50|,,,,,Fire]Garganacl||SitrusBerry|PurifyingSalt|SaltCure,BodyPress,IronDefense,Recover|||M|||50|,,,,,Ghost]Gholdengo||ChoiceScarf|GoodasGold|MakeItRain,ShadowBall,Trick,Protect||||||50|,,,,,Steel
|showteam|p2|Tyranitar||AssaultVest|SandStream|TeraBlast,RockSlide,KnockOff,LowKick|||M|||50|,,,,,Flying]Excadrill||ChoiceBand|SandRush|Earthquake,StompingTantrum,IronHead,RockSlide|||M|||50|,,,,,Ghost]Corviknight||PsychicSeed|MirrorArmor|PowerTrip,BraveBird,Roost,BulkUp|||M|||50|,,,,,Water]Gyarados||ClearAmulet|Intimidate|Waterfall,Protect,Taunt,ThunderWave|||M|||50|,,,,,Fairy]Dragonite||LoadedDice|Multiscale|Haze,ScaleShot,Tailwind,LowKick|||M|||50|,,,,,Fairy]Indeedee||ChoiceScarf|PsychicSurge|ExpandingForce,DazzlingGleam,TeraBlast,Trick|||M|||50|,,,,,Fairy
|j| you ardy know
|inactive|Battle timer is ON: inactive players will automatically lose when time's up. (requested by Rantix D Red)
|inactive|Rantix D Red has 60 seconds left.
|
|t:|1757711051
|teamsize|p1|4
|teamsize|p2|4
|start
|switch|p1a: Gholdengo|Gholdengo, L50|100/100
|switch|p1b: Tauros|Tauros-Paldea-Aqua, L50, M|100/100
|switch|p2a: Indeedee|Indeedee, L50, M|100/100
|switch|p2b: Dragonite|Dragonite, L50, M|100/100
|-fieldstart|move: Psychic Terrain|[from] ability: Psychic Surge|[of] p2a: Indeedee
|-ability|p1b: Tauros|Intimidate|boost
|-unboost|p2a: Indeedee|atk|1
|-unboost|p2b: Dragonite|atk|1
|turn|1
|
|t:|1757711069
|switch|p1b: Rillaboom|Rillaboom, L50, M|100/100
|-fieldstart|move: Grassy Terrain|[from] ability: Grassy Surge|[of] p1b: Rillaboom
|switch|p2b: Tyranitar|Tyranitar, L50, M|100/100
|-weather|Sandstorm|[from] ability: Sand Stream|[of] p2b: Tyranitar
|move|p2a: Indeedee|Expanding Force|p1b: Rillaboom
|-damage|p1b: Rillaboom|67/100
|move|p1a: Gholdengo|Make It Rain|p2b: Tyranitar|[spread] p2a,p2b
|-supereffective|p2b: Tyranitar
|-damage|p2a: Indeedee|27/100
|-damage|p2b: Tyranitar|59/100
|-unboost|p1a: Gholdengo|spa|1
|
|-weather|Sandstorm|[upkeep]
|-damage|p2a: Indeedee|21/100|[from] Sandstorm
|-damage|p1b: Rillaboom|61/100|[from] Sandstorm
|-heal|p2a: Indeedee|27/100|[from] Grassy Terrain
|-heal|p1b: Rillaboom|67/100|[from] Grassy Terrain
|-heal|p2b: Tyranitar|65/100|[from] Grassy Terrain
|upkeep
|turn|2
|inactive|Rantix D Red has 30 seconds left.
|inactive|Rantix D Red has 20 seconds left.
|inactive|Rantix D Red has 15 seconds left.
|
|t:|1757711113
|switch|p2a: Dragonite|Dragonite, L50, M|100/100
|-terastallize|p1a: Gholdengo|Steel
|-terastallize|p2b: Tyranitar|Flying
|move|p1b: Rillaboom|Fake Out|p2b: Tyranitar
|-damage|p2b: Tyranitar|55/100
|move|p1a: Gholdengo|Make It Rain|p2a: Dragonite|[spread] p2a,p2b
|-damage|p2a: Dragonite|78/100
|-damage|p2b: Tyranitar|29/100
|-unboost|p1a: Gholdengo|spa|1
|cant|p2b: Tyranitar|flinch
|
|-weather|Sandstorm|[upkeep]
|-damage|p1b: Rillaboom|61/100|[from] Sandstorm
|-damage|p2a: Dragonite|72/100|[from] Sandstorm
|-damage|p2b: Tyranitar|23/100|[from] Sandstorm
|-heal|p1b: Rillaboom|67/100|[from] Grassy Terrain
|upkeep
|turn|3
|
|t:|1757711134
|switch|p1a: Tauros|Tauros-Paldea-Aqua, L50, M|100/100
|-ability|p1a: Tauros|Intimidate|boost
|-unboost|p2a: Dragonite|atk|1
|-unboost|p2b: Tyranitar|atk|1
|switch|p1b: Garganacl|Garganacl, L50, M|100/100
|switch|p2b: Excadrill|Excadrill, L50, M|100/100
|move|p2a: Dragonite|Scale Shot|p1b: Garganacl
|-damage|p1b: Garganacl|95/100
|-damage|p1b: Garganacl|88/100
|-damage|p1b: Garganacl|82/100
|-damage|p1b: Garganacl|76/100
|-damage|p1b: Garganacl|70/100
|-hitcount|p1b: Garganacl|5
|-unboost|p2a: Dragonite|def|1
|-boost|p2a: Dragonite|spe|1
|
|-weather|Sandstorm|[upkeep]
|-damage|p2a: Dragonite|66/100|[from] Sandstorm
|-damage|p1a: Tauros|94/100|[from] Sandstorm
|-heal|p1a: Tauros|100/100|[from] Grassy Terrain
|-heal|p1b: Garganacl|75/100|[from] Grassy Terrain
|upkeep
|turn|4
|inactive|Rantix D Red has 30 seconds left.
|
|t:|1757711161
|move|p2b: Excadrill|Earthquake|p1b: Garganacl|[spread] p1a,p1b
|-immune|p2a: Dragonite
|-supereffective|p1b: Garganacl
|-damage|p1a: Tauros|64/100
|-damage|p1b: Garganacl|43/100
|-enditem|p1b: Garganacl|Sitrus Berry|[eat]
|-heal|p1b: Garganacl|67/100|[from] item: Sitrus Berry
|move|p2a: Dragonite|Scale Shot|p1a: Tauros
|-damage|p1a: Tauros|52/100
|-damage|p1a: Tauros|40/100
|-damage|p1a: Tauros|28/100
|-damage|p1a: Tauros|16/100
|-hitcount|p1a: Tauros|4
|-unboost|p2a: Dragonite|def|1
|-boost|p2a: Dragonite|spe|1
|move|p1a: Tauros|Raging Bull|p2b: Excadrill
|-supereffective|p2b: Excadrill
|-damage|p2b: Excadrill|0 fnt
|faint|p2b: Excadrill
|-damage|p1a: Tauros|7/100|[from] item: Life Orb
|move|p1b: Garganacl|Iron Defense|p1b: Garganacl
|-boost|p1b: Garganacl|def|2
|
|-weather|Sandstorm|[upkeep]
|-damage|p2a: Dragonite|60/100|[from] Sandstorm
|-damage|p1a: Tauros|0 fnt|[from] Sandstorm
|faint|p1a: Tauros
|-heal|p1b: Garganacl|73/100|[from] Grassy Terrain
|upkeep
|
|t:|1757711186
|switch|p2b: Tyranitar|Tyranitar, L50, M, tera:Flying|23/100
|switch|p1a: Gholdengo|Gholdengo, L50, tera:Steel|100/100
|turn|5
|-message|Rantix D Red forfeited.
|
|win|Robbie0301
||Robbie0301 is ready for game 2.
|inactive|Rantix D Red has 30 seconds to confirm battle start!
|l| you ardy know
|inactive|Rantix D Red has 20 seconds to confirm battle start!
|inactive|Rantix D Red has 10 seconds to confirm battle start!
||Rantix D Red is ready for game 2.
|uhtml|next|Next: Game 2 of 3
