|j|☆p0lisindet0n
|j|☆bestboi8989
|html|p0lisindet0nbestboi8989    
|uhtml|bestof|Game 3 of a best-of-3
|t:|1757854001
|gametype|doubles
|player|p1|p0lisindet0n|lucas|1192
|player|p2|bestboi8989|169|1108
|gen|9
|tier|[Gen 9] VGC 2025 Reg H (Bo3)
|rated|
|rule|Species Clause: Limit one of each Pokémon
|rule|Item Clause: Limit 1 of each item
|clearpoke
|poke|p1|Volcarona, L50, M|
|poke|p1|Rillaboom, L50, F|
|poke|p1|Electabuzz, L50, M|
|poke|p1|Whimsicott, L50, F|
|poke|p1|Typhlosion-Hisui, L50, M|
|poke|p1|Ursaluna-Bloodmoon, L50, M|
|poke|p2|Tyranitar, L50, F|
|poke|p2|Excadrill, L50, M|
|poke|p2|Amoonguss, L50, M|
|poke|p2|Salamence, L50, M|
|poke|p2|Rotom-Heat, L50|
|poke|p2|Primarina, L50, F|
|teampreview|4
|showteam|p1|Volcarona||GrassySeed|FlameBody|FieryDance,TeraBlast,QuiverDance,Protect|||M|||50|,,,,,Fairy]Rillaboom||AssaultVest|GrassySurge|WoodHammer,GrassyGlide,FakeOut,Uturn|||F|||50|,,,,,Fire]Electabuzz||Eviolite|VitalSpirit|FollowMe,Electroweb,Taunt,ThunderWave|||M|||50|,,,,,Ghost]Whimsicott||CovertCloak|Prankster|Tailwind,SunnyDay,Moonblast,FakeTears|||F|||50|,,,,,Poison]Typhlosion-Hisui||ChoiceSpecs|Blaze|Eruption,Overheat,ShadowBall,SolarBeam|||M|||50|,,,,,Fire]Ursaluna-Bloodmoon||LifeOrb|MindsEye|BloodMoon,EarthPower,HyperVoice,Protect|||M|||50|,,,,,Normal
|showteam|p2|Tyranitar||AssaultVest|SandStream|RockSlide,KnockOff,TeraBlast,LowKick|||F|||50|,,,,,Flying]Excadrill||ClearAmulet|SandRush|Earthquake,IronHead,RockSlide,Protect|||M|||50|,,,,,Ground]Amoonguss||SitrusBerry|Regenerator|RagePowder,PollenPuff,Spore,Protect|||M|||50|,,,,,Water]Salamence||LifeOrb|Intimidate|AirSlash,DracoMeteor,Tailwind,Protect|||M|||50|,,,,,Poison]Rotom-Heat||SafetyGoggles|Levitate|Overheat,Thunderbolt,WillOWisp,Protect||||||50|,,,,,Electric]Primarina||ThroatSpray|LiquidVoice|Moonblast,HyperVoice,Haze,Protect|||F|||50|,,,,,Grass
|inactive|Battle timer is ON: inactive players will automatically lose when time's up. (requested by bestboi8989)
|
|t:|1757854041
|teamsize|p1|4
|teamsize|p2|4
|start
|switch|p1a: Rillaboom|Rillaboom, L50, F|100/100
|switch|p1b: Volcarona|Volcarona, L50, M|100/100
|switch|p2a: Salamence|Salamence, L50, M|100/100
|switch|p2b: Tyranitar|Tyranitar, L50, F|100/100
|-ability|p2a: Salamence|Intimidate|boost
|-unboost|p1a: Rillaboom|atk|1
|-unboost|p1b: Volcarona|atk|1
|-fieldstart|move: Grassy Terrain|[from] ability: Grassy Surge|[of] p1a: Rillaboom
|-enditem|p1b: Volcarona|Grassy Seed
|-boost|p1b: Volcarona|def|1|[from] item: Grassy Seed
|-weather|Sandstorm|[from] ability: Sand Stream|[of] p2b: Tyranitar
|turn|1
|inactive|bestboi8989 has 30 seconds left.
|inactive|bestboi8989 has 20 seconds left.
|
|t:|1757854081
|switch|p2b: Rotom|Rotom-Heat, L50|100/100
|-terastallize|p1b: Volcarona|Fairy
|move|p1a: Rillaboom|Fake Out|p2a: Salamence
|-crit|p2a: Salamence
|-damage|p2a: Salamence|75/100
|cant|p2a: Salamence|flinch
|move|p1b: Volcarona|Quiver Dance|p1b: Volcarona
|-boost|p1b: Volcarona|spa|1
|-boost|p1b: Volcarona|spd|1
|-boost|p1b: Volcarona|spe|1
|
|-weather|Sandstorm|[upkeep]
|-damage|p1b: Volcarona|94/100|[from] Sandstorm
|-damage|p2a: Salamence|69/100|[from] Sandstorm
|-damage|p1a: Rillaboom|94/100|[from] Sandstorm
|-heal|p1b: Volcarona|100/100|[from] Grassy Terrain
|-heal|p1a: Rillaboom|100/100|[from] Grassy Terrain
|upkeep
|turn|2
|inactive|p0lisindet0n has 30 seconds left.
|inactive|bestboi8989 has 30 seconds left.
|inactive|bestboi8989 has 20 seconds left.
|inactive|bestboi8989 has 15 seconds left.
|inactive|bestboi8989 has 10 seconds left.
|
|t:|1757854126
|switch|p1a: Ursaluna|Ursaluna-Bloodmoon, L50, M|100/100
|-terastallize|p2a: Salamence|Poison
|move|p1b: Volcarona|Quiver Dance|p1b: Volcarona
|-boost|p1b: Volcarona|spa|1
|-boost|p1b: Volcarona|spd|1
|-boost|p1b: Volcarona|spe|1
|move|p2a: Salamence|Air Slash|p1a: Ursaluna
|-damage|p1a: Ursaluna|40/100
|-damage|p2a: Salamence|59/100|[from] item: Life Orb
|move|p2b: Rotom|Thunderbolt|p1b: Volcarona
|-damage|p1b: Volcarona|82/100
|
|-weather|Sandstorm|[upkeep]
|-damage|p1b: Volcarona|75/100|[from] Sandstorm
|-damage|p2a: Salamence|53/100|[from] Sandstorm
|-heal|p1b: Volcarona|82/100|[from] Grassy Terrain
|-heal|p2a: Salamence|59/100|[from] Grassy Terrain
|-heal|p1a: Ursaluna|46/100|[from] Grassy Terrain
|upkeep
|turn|3
|inactive|bestboi8989 has 30 seconds left.
|
|t:|1757854153
|move|p2a: Salamence|Protect|p2a: Salamence
|-singleturn|p2a: Salamence|Protect
|move|p1b: Volcarona|Fiery Dance|p2a: Salamence
|-activate|p2a: Salamence|move: Protect
|move|p2b: Rotom|Overheat|p1a: Ursaluna
|-damage|p1a: Ursaluna|0 fnt
|-unboost|p2b: Rotom|spa|2
|faint|p1a: Ursaluna
|
|-weather|Sandstorm|[upkeep]
|-damage|p1b: Volcarona|75/100|[from] Sandstorm
|-damage|p2a: Salamence|53/100|[from] Sandstorm
|-heal|p1b: Volcarona|82/100|[from] Grassy Terrain
|-heal|p2a: Salamence|59/100|[from] Grassy Terrain
|upkeep
|
|t:|1757854165
|switch|p1a: Whimsicott|Whimsicott, L50, F|100/100
|turn|4
|
|t:|1757854184
|switch|p2a: Tyranitar|Tyranitar, L50, F|100/100
|move|p1a: Whimsicott|Sunny Day|p1a: Whimsicott
|-weather|SunnyDay
|move|p1b: Volcarona|Fiery Dance|p2a: Tyranitar
|-resisted|p2a: Tyranitar
|-damage|p2a: Tyranitar|66/100
|-boost|p1b: Volcarona|spa|1
|move|p2b: Rotom|Overheat|p1a: Whimsicott
|-supereffective|p1a: Whimsicott
|-damage|p1a: Whimsicott|0 fnt
|-unboost|p2b: Rotom|spa|2
|faint|p1a: Whimsicott
|
|-weather|SunnyDay|[upkeep]
|-heal|p1b: Volcarona|88/100|[from] Grassy Terrain
|-heal|p2a: Tyranitar|71/100|[from] Grassy Terrain
|upkeep
|
|t:|1757854198
|switch|p1a: Rillaboom|Rillaboom, L50, F|100/100
|turn|5
|
|t:|1757854205
|switch|p2a: Salamence|Salamence, L50, M, tera:Poison|59/100
|-ability|p2a: Salamence|Intimidate|boost
|-unboost|p1a: Rillaboom|atk|1
|-unboost|p1b: Volcarona|atk|1
|move|p2b: Rotom|Protect|p2b: Rotom
|-singleturn|p2b: Rotom|Protect
|move|p1a: Rillaboom|Fake Out|p2b: Rotom
|-activate|p2b: Rotom|move: Protect
|move|p1b: Volcarona|Tera Blast|p2a: Salamence|[anim] Tera Blast Fairy
|-resisted|p2a: Salamence
|-damage|p2a: Salamence|0 fnt
|faint|p2a: Salamence
|
|-weather|SunnyDay|[upkeep]
|-heal|p1b: Volcarona|94/100|[from] Grassy Terrain
|-fieldend|move: Grassy Terrain
|upkeep
|
|t:|1757854224
|switch|p2a: Excadrill|Excadrill, L50, M|100/100
|turn|6
|inactive|p0lisindet0n has 30 seconds left.
|
|t:|1757854255
|switch|p2b: Tyranitar|Tyranitar, L50, F|71/100
|-weather|Sandstorm|[from] ability: Sand Stream|[of] p2b: Tyranitar
|move|p2a: Excadrill|Protect|p2a: Excadrill
|-singleturn|p2a: Excadrill|Protect
|move|p1b: Volcarona|Fiery Dance|p2a: Excadrill
|-activate|p2a: Excadrill|move: Protect
|move|p1a: Rillaboom|Wood Hammer|p2b: Tyranitar
|-supereffective|p2b: Tyranitar
|-damage|p2b: Tyranitar|3/100
|-damage|p1a: Rillaboom|77/100|[from] Recoil
|
|-weather|Sandstorm|[upkeep]
|-damage|p1b: Volcarona|88/100|[from] Sandstorm
|-damage|p1a: Rillaboom|70/100|[from] Sandstorm
|upkeep
|turn|7
|inactive|p0lisindet0n has 30 seconds left.
|inactive|bestboi8989 has 30 seconds left.
|
|t:|1757854288
|move|p1b: Volcarona|Protect|p1b: Volcarona
|-singleturn|p1b: Volcarona|Protect
|move|p2a: Excadrill|Iron Head|p1b: Volcarona
|-activate|p1b: Volcarona|move: Protect
|move|p1a: Rillaboom|Wood Hammer|p2a: Excadrill
|-damage|p2a: Excadrill|54/100
|-damage|p1a: Rillaboom|54/100|[from] Recoil
|move|p2b: Tyranitar|Knock Off|p1a: Rillaboom
|-crit|p1a: Rillaboom
|-damage|p1a: Rillaboom|0 fnt
|-enditem|p1a: Rillaboom|Assault Vest|[from] move: Knock Off|[of] p2b: Tyranitar
|faint|p1a: Rillaboom
|
|-weather|Sandstorm|[upkeep]
|-damage|p1b: Volcarona|82/100|[from] Sandstorm
|upkeep
|turn|8
|
|t:|1757854308
|move|p2a: Excadrill|Iron Head|p1b: Volcarona
|-supereffective|p1b: Volcarona
|-damage|p1b: Volcarona|24/100
|move|p1b: Volcarona|Fiery Dance|p2a: Excadrill
|-supereffective|p2a: Excadrill
|-damage|p2a: Excadrill|0 fnt
|-boost|p1b: Volcarona|spa|1
|faint|p2a: Excadrill
|move|p2b: Tyranitar|Rock Slide|p1b: Volcarona
|-damage|p1b: Volcarona|0 fnt
|faint|p1b: Volcarona
|
|win|bestboi8989
|raw|p0lisindet0n's rating: 1192 → 1161(-31 for losing)
|raw|bestboi8989's rating: 1108 → 1139(+31 for winning)
|l|☆p0lisindet0n
|player|p1|
