|j|☆WASHINGTONGARGACHA
|j|☆golemhx
|html|WASHINGTONGARGACHAgolemhx    
|uhtml|bestof|Game 2 of a best-of-3
|t:|1756675355
|gametype|doubles
|player|p1|WASHINGTONGARGACHA|2|1088
|player|p2|golemhx|2|1176
|gen|9
|tier|[Gen 9] VGC 2025 Reg H (Bo3)
|rated|
|rule|Species Clause: Limit one of each Pokémon
|rule|Item Clause: Limit 1 of each item
|clearpoke
|poke|p1|Gholdengo, L50|
|poke|p1|Ursaluna, L50, F|
|poke|p1|Archaludon, L50, M|
|poke|p1|Murkrow, L50, M|
|poke|p1|Farigiraf, L50, M|
|poke|p1|Sneasler, L50, M|
|poke|p2|Dragonite, L50, M|
|poke|p2|Volcarona, L50, F|
|poke|p2|Sneasler, L50, M|
|poke|p2|Rillaboom, L50, M|
|poke|p2|Electabuzz, L50, M|
|poke|p2|Kingambit, L50, M|
|teampreview|4
|showteam|p1|Gholdengo||LifeOrb|GoodasGold|ShadowBall,MakeItRain,NastyPlot,Protect||||||50|,,,,,Water]Ursaluna||FlameOrb|Guts|Facade,Earthquake,Protect,HeadlongRush|||F|||50|,,,,,Ghost]Archaludon||PowerHerb|Sturdy|ElectroShot,FlashCannon,DracoMeteor,Protect|||M|||50|,,,,,Grass]Murkrow||Eviolite|Prankster|Tailwind,RainDance,FoulPlay,Haze|||M|||50|,,,,,Dark]Farigiraf||ThroatSpray|ArmorTail|HyperVoice,TrickRoom,Psychic,Protect|||M|||50|,,,,,Fairy]Sneasler||WhiteHerb|Unburden|DireClaw,CloseCombat,Protect,Acrobatics|||M|||50|,,,,,Flying
|showteam|p2|Dragonite||LoadedDice|Multiscale|ScaleShot,ExtremeSpeed,Haze,Protect|||M|||50|,,,,,Fairy]Volcarona||CovertCloak|FlameBody|HeatWave,TeraBlast,QuiverDance,Protect|||F|||50|,,,,,Fairy]Sneasler||FocusSash|Unburden|CloseCombat,DireClaw,Coaching,Protect|||M|||50|,,,,,Stellar]Rillaboom||AssaultVest|GrassySurge|WoodHammer,GrassyGlide,HighHorsepower,FakeOut|||M|||50|,,,,,Water]Electabuzz||Eviolite|VitalSpirit|Thunderbolt,FollowMe,Taunt,Protect|||M|||50|,,,,,Ghost]Kingambit||BlackGlasses|Defiant|KowtowCleave,SuckerPunch,SwordsDance,Protect|||M|||50|,,,,,Dark
|inactive|Battle timer is ON: inactive players will automatically lose when time's up. (requested by golemhx)
|inactive|WASHINGTONGARGACHA has 60 seconds left.
|
|t:|1756675392
|teamsize|p1|4
|teamsize|p2|4
|start
|switch|p1a: Gholdengo|Gholdengo, L50|100/100
|switch|p1b: Ursaluna|Ursaluna, L50, F|100/100
|switch|p2a: Electabuzz|Electabuzz, L50, M|100/100
|switch|p2b: Kingambit|Kingambit, L50, M, shiny|100/100
|turn|1
|
|t:|1756675409
|-terastallize|p1a: Gholdengo|Water
|move|p1b: Ursaluna|Protect|p1b: Ursaluna
|-singleturn|p1b: Ursaluna|Protect
|move|p1a: Gholdengo|Make It Rain|p2b: Kingambit|[spread] p2a,p2b
|-resisted|p2a: Electabuzz
|-resisted|p2b: Kingambit
|-damage|p2a: Electabuzz|76/100
|-damage|p2b: Kingambit|71/100
|-unboost|p1a: Gholdengo|spa|1
|-damage|p1a: Gholdengo|91/100|[from] item: Life Orb
|move|p2a: Electabuzz|Thunderbolt|p1a: Gholdengo
|-supereffective|p1a: Gholdengo
|-damage|p1a: Gholdengo|17/100
|move|p2b: Kingambit|Kowtow Cleave|p1a: Gholdengo
|-damage|p1a: Gholdengo|0 fnt
|faint|p1a: Gholdengo
|
|-status|p1b: Ursaluna|brn|[from] item: Flame Orb
|upkeep
|
|t:|1756675426
|switch|p1a: Murkrow|Murkrow, L50, M|100/100
|turn|2
|
|t:|1756675444
|move|p1a: Murkrow|Tailwind|p1a: Murkrow
|-sidestart|p1: WASHINGTONGARGACHA|move: Tailwind
|move|p2b: Kingambit|Sucker Punch|p1b: Ursaluna
|-damage|p1b: Ursaluna|63/100 brn
|move|p1b: Ursaluna|Earthquake|p2b: Kingambit|[spread] p2a,p2b
|-immune|p1a: Murkrow
|-supereffective|p2a: Electabuzz
|-supereffective|p2b: Kingambit
|-damage|p2a: Electabuzz|0 fnt
|-damage|p2b: Kingambit|0 fnt
|faint|p2a: Electabuzz
|faint|p2b: Kingambit
|
|-damage|p1b: Ursaluna|57/100 brn|[from] brn
|upkeep
|
|t:|1756675451
|switch|p2a: Sneasler|Sneasler, L50, M|100/100
|switch|p2b: Volcarona|Volcarona, L50, F|100/100
|turn|3
|
|t:|1756675467
|move|p2a: Sneasler|Protect|p2a: Sneasler
|-singleturn|p2a: Sneasler|Protect
|move|p1b: Ursaluna|Protect|p1b: Ursaluna
|-singleturn|p1b: Ursaluna|Protect
|move|p1a: Murkrow|Rain Dance|p1a: Murkrow
|-weather|RainDance
|move|p2b: Volcarona|Heat Wave|p1a: Murkrow|[spread] p1a
|-activate|p1b: Ursaluna|move: Protect
|-damage|p1a: Murkrow|84/100
|
|-weather|RainDance|[upkeep]
|-damage|p1b: Ursaluna|51/100 brn|[from] brn
|upkeep
|turn|4
|
|t:|1756675483
|-terastallize|p2b: Volcarona|Fairy
|move|p1a: Murkrow|Foul Play|p2a: Sneasler
|-resisted|p2a: Sneasler
|-damage|p2a: Sneasler|61/100
|move|p2a: Sneasler|Close Combat|p1b: Ursaluna
|-supereffective|p1b: Ursaluna
|-damage|p1b: Ursaluna|0 fnt
|-unboost|p2a: Sneasler|def|1
|-unboost|p2a: Sneasler|spd|1
|faint|p1b: Ursaluna
|move|p2b: Volcarona|Tera Blast|p1a: Murkrow|[anim] Tera Blast Fairy
|-supereffective|p1a: Murkrow
|-damage|p1a: Murkrow|12/100
|
|-weather|RainDance|[upkeep]
|upkeep
|
|t:|1756675495
|switch|p1b: Sneasler|Sneasler, L50, M|100/100
|turn|5
|
|t:|1756675507
|move|p2b: Volcarona|Protect|p2b: Volcarona
|-singleturn|p2b: Volcarona|Protect
|move|p1b: Sneasler|Dire Claw|p2b: Volcarona
|-activate|p2b: Volcarona|move: Protect
|move|p1a: Murkrow|Foul Play|p2a: Sneasler
|-resisted|p2a: Sneasler
|-damage|p2a: Sneasler|0 fnt
|faint|p2a: Sneasler
|
|-weather|RainDance|[upkeep]
|-sideend|p1: WASHINGTONGARGACHA|move: Tailwind
|upkeep
|turn|6
|inactive|WASHINGTONGARGACHA has 30 seconds left.
|
|t:|1756675534
|move|p1a: Murkrow|Tailwind|p1a: Murkrow
|-sidestart|p1: WASHINGTONGARGACHA|move: Tailwind
|move|p1b: Sneasler|Dire Claw|p2b: Volcarona
|-supereffective|p2b: Volcarona
|-damage|p2b: Volcarona|0 fnt
|faint|p2b: Volcarona
|
|win|WASHINGTONGARGACHA
