|j|☆zephis215
|j|☆Isam_26011
|html|zephis215Isam_26011    
|uhtml|bestof|Game 1 of a best-of-3
|t:|1756951959
|gametype|doubles
|player|p1|zephis215|102|1134
|player|p2|Isam_26011|n|1074
|gen|9
|tier|[Gen 9] VGC 2025 Reg H (Bo3)
|rated|
|rule|Species Clause: Limit one of each Pokémon
|rule|Item Clause: Limit 1 of each item
|clearpoke
|poke|p1|Mamoswine, L50, M|
|poke|p1|Rillaboom, L50, M|
|poke|p1|Volcarona, L50, M|
|poke|p1|Sneasler, L50, M|
|poke|p1|Clefable, L50, F|
|poke|p1|Arcanine-Hisui, L50, M|
|poke|p2|Indeedee-F, L50, F|
|poke|p2|Hatterene, L50, F|
|poke|p2|Gallade, L50, M|
|poke|p2|Ursaluna, L50, M|
|poke|p2|Sunflora, L50, F|
|poke|p2|Torkoal, L50, M|
|teampreview|4
|showteam|p1|Mamoswine||LifeOrb|Oblivious|IceShard,IcicleCrash,HighHorsepower,Protect|||M|||50|,,,,,Dragon]Rillaboom||AssaultVest|GrassySurge|FakeOut,GrassyTerrain,WoodHammer,Uturn|||M|||50|,,,,,Fire]Volcarona||CovertCloak|FlameBody|HeatWave,GigaDrain,QuiverDance,Protect|||M|||50|,,,,,Dragon]Sneasler||GrassySeed|Unburden|Acrobatics,CloseCombat,DireClaw,Protect|||M|||50|,,,,,Flying]Clefable||SafetyGoggles|Unaware|Moonblast,FollowMe,Encore,LifeDew|||F|||50|,,,,,Water]Arcanine-Hisui||ChoiceScarf|Intimidate|RockSlide,FlareBlitz,ExtremeSpeed,TeraBlast|||M|||50|,,,,,Fairy
|showteam|p2|Indeedee-F||PsychicSeed|PsychicSurge|TrickRoom,FollowMe,HelpingHand,DazzlingGleam|||F|||50|,,,,,Fire]Hatterene||LifeOrb|MagicBounce|ExpandingForce,TrickRoom,DazzlingGleam,Protect|||F|||50|,,,,,Psychic]Gallade||ClearAmulet|Sharpness|PsychoCut,TrickRoom,SacredSword,WideGuard|||M|||50|,,,,,Grass]Ursaluna||FlameOrb|Guts|HeadlongRush,Facade,SwordsDance,Protect|||M|||50|,,,,,Ghost]Sunflora||AssaultVest|SolarPower|EnergyBall,WeatherBall,SludgeBomb,EarthPower|||F|||50|,,,,,Fire]Torkoal||ChoiceSpecs|Drought|Eruption,HeatWave,WeatherBall,EarthPower|||M|||50|,,,,,Fire
|c|☆Isam_26011|Hi
|j| teamthief420
|l| teamthief420
|
|t:|1756951988
|teamsize|p1|4
|teamsize|p2|4
|start
|switch|p1a: Arcanine|Arcanine-Hisui, L50, M|100/100
|switch|p1b: Volcarona|Volcarona, L50, M|100/100
|switch|p2a: Paty|Indeedee-F, L50, F, shiny|100/100
|switch|p2b: Acelga|Hatterene, L50, F, shiny|100/100
|-ability|p1a: Arcanine|Intimidate|boost
|-unboost|p2a: Paty|atk|1
|-unboost|p2b: Acelga|atk|1
|-fieldstart|move: Psychic Terrain|[from] ability: Psychic Surge|[of] p2a: Paty
|-enditem|p2a: Paty|Psychic Seed
|-boost|p2a: Paty|spd|1|[from] item: Psychic Seed
|turn|1
|
|t:|1756952005
|switch|p1b: Rillaboom|Rillaboom, L50, M|100/100
|-fieldstart|move: Grassy Terrain|[from] ability: Grassy Surge|[of] p1b: Rillaboom
|move|p2a: Paty|Follow Me|p2a: Paty
|-singleturn|p2a: Paty|move: Follow Me
|move|p1a: Arcanine|Rock Slide|p2b: Acelga|[spread] p2a,p2b
|-damage|p2a: Paty|75/100
|-damage|p2b: Acelga|70/100
|move|p2b: Acelga|Trick Room|p2b: Acelga
|-fieldstart|move: Trick Room|[of] p2b: Acelga
|
|-heal|p2b: Acelga|75/100|[from] Grassy Terrain
|-heal|p2a: Paty|81/100|[from] Grassy Terrain
|upkeep
|turn|2
|
|t:|1756952049
|move|p2a: Paty|Follow Me|p2a: Paty
|-singleturn|p2a: Paty|move: Follow Me
|move|p2b: Acelga|Expanding Force|p1a: Arcanine
|-damage|p1a: Arcanine|27/100
|-damage|p2b: Acelga|66/100|[from] item: Life Orb
|move|p1b: Rillaboom|Wood Hammer|p2a: Paty
|-damage|p2a: Paty|2/100
|-damage|p1b: Rillaboom|76/100|[from] Recoil
|move|p1a: Arcanine|Rock Slide|p2b: Acelga|[spread] p2a,p2b
|-damage|p2a: Paty|0 fnt
|-damage|p2b: Acelga|35/100
|faint|p2a: Paty
|
|-heal|p2b: Acelga|41/100|[from] Grassy Terrain
|-heal|p1b: Rillaboom|82/100|[from] Grassy Terrain
|-heal|p1a: Arcanine|33/100|[from] Grassy Terrain
|upkeep
|
|t:|1756952062
|switch|p2a: Mbappe|Torkoal, L50, M, shiny|100/100
|-weather|SunnyDay|[from] ability: Drought|[of] p2a: Mbappe
|turn|3
|
|t:|1756952076
|-terastallize|p2a: Mbappe|Fire
|-terastallize|p1b: Rillaboom|Fire
|move|p2b: Acelga|Protect|p2b: Acelga
|-singleturn|p2b: Acelga|Protect
|move|p2a: Mbappe|Eruption|p1b: Rillaboom|[spread] p1a,p1b
|-resisted|p1a: Arcanine
|-crit|p1a: Arcanine
|-resisted|p1b: Rillaboom
|-damage|p1a: Arcanine|0 fnt
|-damage|p1b: Rillaboom|29/100
|faint|p1a: Arcanine
|move|p1b: Rillaboom|U-turn|p2a: Mbappe
|-resisted|p2a: Mbappe
|-damage|p2a: Mbappe|92/100
|
|t:|1756952089
|switch|p1b: Volcarona|Volcarona, L50, M|100/100|[from] U-turn
|
|-weather|SunnyDay|[upkeep]
|-heal|p2a: Mbappe|98/100|[from] Grassy Terrain
|-heal|p2b: Acelga|46/100|[from] Grassy Terrain
|upkeep
|
|t:|1756952091
|switch|p1a: Rillaboom|Rillaboom, L50, M, tera:Fire|29/100
|turn|4
|
|t:|1756952101
|move|p1a: Rillaboom|Fake Out|p2a: Mbappe
|-damage|p2a: Mbappe|88/100
|cant|p2a: Mbappe|flinch
|move|p2b: Acelga|Expanding Force|p1a: Rillaboom
|-damage|p1a: Rillaboom|0 fnt
|faint|p1a: Rillaboom
|-damage|p2b: Acelga|37/100|[from] item: Life Orb
|move|p1b: Volcarona|Quiver Dance|p1b: Volcarona
|-boost|p1b: Volcarona|spa|1
|-boost|p1b: Volcarona|spd|1
|-boost|p1b: Volcarona|spe|1
|
|-weather|SunnyDay|[upkeep]
|-heal|p2a: Mbappe|94/100|[from] Grassy Terrain
|-heal|p2b: Acelga|43/100|[from] Grassy Terrain
|upkeep
|
|t:|1756952108
|switch|p1a: Sneasler|Sneasler, L50, M|100/100
|-enditem|p1a: Sneasler|Grassy Seed
|-boost|p1a: Sneasler|def|1|[from] item: Grassy Seed
|turn|5
|
|t:|1756952129
|move|p1b: Volcarona|Protect|p1b: Volcarona
|-singleturn|p1b: Volcarona|Protect
|move|p1a: Sneasler|Protect|p1a: Sneasler
|-singleturn|p1a: Sneasler|Protect
|move|p2a: Mbappe|Eruption|p1a: Sneasler|[spread] 
|-activate|p1a: Sneasler|move: Protect
|-activate|p1b: Volcarona|move: Protect
|move|p2b: Acelga|Trick Room|p2b: Acelga
|-fieldend|move: Trick Room
|
|-weather|SunnyDay|[upkeep]
|-heal|p2b: Acelga|48/100|[from] Grassy Terrain
|-heal|p2a: Mbappe|100/100|[from] Grassy Terrain
|-fieldend|move: Grassy Terrain
|upkeep
|turn|6
|
|t:|1756952138
|move|p1a: Sneasler|Acrobatics|p2a: Mbappe
|-damage|p2a: Mbappe|70/100
|move|p1b: Volcarona|Heat Wave|p2a: Mbappe|[spread] p2a,p2b
|-resisted|p2a: Mbappe
|-damage|p2a: Mbappe|2/100
|-damage|p2b: Acelga|0 fnt
|faint|p2b: Acelga
|move|p2a: Mbappe|Eruption|p1a: Sneasler|[spread] p1a,p1b
|-crit|p1a: Sneasler
|-damage|p1a: Sneasler|99/100
|-damage|p1b: Volcarona|99/100
|
|-weather|SunnyDay|[upkeep]
|upkeep
|
|t:|1756952148
|switch|p2b: GOD|Sunflora, L50, F|100/100
|turn|7
|
|t:|1756952155
|move|p1a: Sneasler|Acrobatics|p2b: GOD
|-supereffective|p2b: GOD
|-damage|p2b: GOD|0 fnt
|faint|p2b: GOD
|move|p1b: Volcarona|Heat Wave|p2a: Mbappe
|-resisted|p2a: Mbappe
|-damage|p2a: Mbappe|0 fnt
|faint|p2a: Mbappe
|
|win|zephis215
||Isam_26011 is ready for game 2.
||zephis215 is ready for game 2.
|uhtml|next|Next: Game 2 of 3
