|j|☆greater basilisk
|j|☆Plopy14
|html|greater basiliskPlopy14    
|uhtml|bestof|Game 1 of a best-of-3
|t:|1783134481
|gametype|doubles
|player|p1|greater basilisk|bianca|1241
|player|p2|Plopy14|bugcatcher|1175
|gen|9
|tier|[Gen 9 Champions] VGC 2026 Reg M-B (Bo3)
|rated|
|rule|Species Clause: Limit one of each Pokémon
|rule|Item Clause: Limit 1 of each item
|clearpoke
|poke|p1|Sneasler, L50, F|
|poke|p1|Incineroar, L50, F|
|poke|p1|Delphox, L50, F|
|poke|p1|Sinistcha, L50|
|poke|p1|Floette-Eternal, L50, F|
|poke|p1|Palafin, L50, M|
|poke|p2|Floette-Eternal, L50, F|
|poke|p2|Incineroar, L50, F|
|poke|p2|Sinistcha, L50|
|poke|p2|Delphox, L50, F|
|poke|p2|Sneasler, L50, M|
|poke|p2|Kingambit, L50, M|
|teampreview|4
|showteam|p1|Sneasler||FocusSash|PoisonTouch|Protect,FakeOut,DireClaw,CloseCombat|Jolly||F|||50|]Incineroar||SitrusBerry|Intimidate|FakeOut,PartingShot,FlareBlitz,DarkestLariat|Impish||F|||50|]Delphox||Delphoxite|Blaze|Protect,NastyPlot,HeatWave,Psyshock|Timid||F|||50|]Sinistcha||KasibBerry|Hospitality|Protect,TrickRoom,MatchaGotcha,RagePowder|Sassy|||||50|]Floette-Eternal||Floettite|FlowerVeil|Protect,DazzlingGleam,CalmMind,Moonblast|Timid||F|||50|]Palafin||Leftovers|ZerotoHero|Protect,JetPunch,BulkUp,ThroatChop|Impish||M|||50|
|showteam|p2|Floette-Eternal||Floettite|FlowerVeil|DazzlingGleam,Moonblast,CalmMind,Protect|Modest||F|||50|]Incineroar||SitrusBerry|Intimidate|FakeOut,FlareBlitz,ThroatChop,PartingShot|Careful||F|||50|]Sinistcha||OccaBerry|Hospitality|MatchaGotcha,RagePowder,TrickRoom,Protect|Bold|||||50|]Delphox||Delphoxite|Blaze|HeatWave,Psyshock,NastyPlot,Protect|Timid||F|||50|]Sneasler||FocusSash|PoisonTouch|FakeOut,PoisonJab,CloseCombat,QuickGuard|Jolly||M|||50|]Kingambit||BlackGlasses|Defiant|KowtowCleave,SuckerPunch,SwordsDance,Protect|Adamant||M|||50|
|inactive|Battle timer is ON: inactive players will automatically lose when time's up. (requested by greater basilisk)
|inactive|Plopy14 has 60 seconds left.
|
|t:|1783134517
|teamsize|p1|4
|teamsize|p2|4
|start
|switch|p1a: Delphox|Delphox, L50, F|100/100
|switch|p1b: Sinistcha|Sinistcha, L50|100/100
|switch|p2a: Floette|Floette-Eternal, L50, F|100/100
|switch|p2b: Sneasler|Sneasler, L50, M|100/100
|turn|1
|
|t:|1783134531
|switch|p1b: Palafin|Palafin, L50, M|100/100
|detailschange|p1a: Delphox|Delphox-Mega, L50, F
|-mega|p1a: Delphox|Delphox|Delphoxite
|detailschange|p2a: Floette|Floette-Mega, L50, F
|-mega|p2a: Floette|Floette|Floettite
|-ability|p2a: Floette|Fairy Aura
|move|p2b: Sneasler|Fake Out|p1a: Delphox
|-damage|p1a: Delphox|83/100
|-status|p1a: Delphox|psn|[from] ability: Poison Touch|[of] p2b: Sneasler
|cant|p1a: Delphox|flinch
|move|p2a: Floette|Calm Mind|p2a: Floette
|-boost|p2a: Floette|spa|1
|-boost|p2a: Floette|spd|1
|
|-damage|p1a: Delphox|71/100 psn|[from] psn
|upkeep
|turn|2
|inactive|greater basilisk has 30 seconds left.
|inactive|greater basilisk has 20 seconds left.
|inactive|greater basilisk has 15 seconds left.
|
|t:|1783134572
|detailschange|p1b: Palafin|Palafin-Hero, L50, M
|switch|p1b: Sinistcha|Sinistcha, L50|100/100
|-heal|p1a: Delphox|96/100 psn|[from] ability: Hospitality|[of] p1b: Sinistcha
|move|p1a: Delphox|Psyshock|p2b: Sneasler
|-supereffective|p2b: Sneasler|2
|-enditem|p2b: Sneasler|Focus Sash
|-damage|p2b: Sneasler|1/100
|move|p2b: Sneasler|Poison Jab|p1a: Delphox
|-damage|p1a: Delphox|41/100 psn
|move|p2a: Floette|Dazzling Gleam|p1a: Delphox|[spread] p1a,p1b
|-resisted|p1a: Delphox|1
|-damage|p1a: Delphox|16/100 psn
|-damage|p1b: Sinistcha|37/100
|
|-damage|p1a: Delphox|4/100 psn|[from] psn
|upkeep
|turn|3
|inactive|greater basilisk has 30 seconds left.
|inactive|Plopy14 has 30 seconds left.
|inactive|greater basilisk has 20 seconds left.
|inactive|Plopy14 has 20 seconds left.
|inactive|Plopy14 has 15 seconds left.
|
|t:|1783134615
|switch|p1b: Palafin|Palafin-Hero, L50, M|100/100
|-activate|p1b: Palafin|ability: Zero to Hero
|move|p1a: Delphox|Heat Wave|p2b: Sneasler|[spread] p2a,p2b
|-damage|p2a: Floette|80/100
|-damage|p2b: Sneasler|0 fnt
|-status|p2a: Floette|brn
|faint|p2b: Sneasler
|move|p2a: Floette|Dazzling Gleam|p1b: Palafin|[spread] p1a,p1b
|-resisted|p1a: Delphox|1
|-damage|p1a: Delphox|0 fnt
|-damage|p1b: Palafin|38/100
|faint|p1a: Delphox
|
|-heal|p1b: Palafin|44/100|[from] item: Leftovers
|-damage|p2a: Floette|74/100 brn|[from] brn
|upkeep
|
|t:|1783134633
|switch|p1a: Sinistcha|Sinistcha, L50|37/100
|switch|p2b: Incineroar|Incineroar, L50, F|100/100
|-ability|p2b: Incineroar|Intimidate|boost
|-unboost|p1a: Sinistcha|atk|1
|-unboost|p1b: Palafin|atk|1
|-heal|p1b: Palafin|69/100|[from] ability: Hospitality|[of] p1a: Sinistcha
|turn|4
|
|t:|1783134647
|switch|p2b: Sinistcha|Sinistcha, L50|100/100
|-heal|p2a: Floette|99/100 brn|[from] ability: Hospitality|[of] p2b: Sinistcha
|move|p1b: Palafin|Protect|p1b: Palafin
|-singleturn|p1b: Palafin|Protect
|move|p1a: Sinistcha|Protect|p1a: Sinistcha
|-singleturn|p1a: Sinistcha|Protect
|move|p2a: Floette|Dazzling Gleam|p1b: Palafin|[spread] 
|-activate|p1a: Sinistcha|move: Protect
|-activate|p1b: Palafin|move: Protect
|
|-heal|p1b: Palafin|74/100|[from] item: Leftovers
|-damage|p2a: Floette|93/100 brn|[from] brn
|upkeep
|turn|5
|
|t:|1783134659
|move|p2a: Floette|Dazzling Gleam|p1b: Palafin|[spread] p1a,p1b
|-damage|p1a: Sinistcha|0 fnt
|-damage|p1b: Palafin|11/100
|faint|p1a: Sinistcha
|move|p1b: Palafin|Throat Chop|p2b: Sinistcha
|-supereffective|p2b: Sinistcha|1
|-damage|p2b: Sinistcha|69/100
|-start|p2b: Sinistcha|Throat Chop|[silent]
|move|p2b: Sinistcha|Matcha Gotcha|p1b: Palafin
|-supereffective|p1b: Palafin|1
|-damage|p1b: Palafin|0 fnt
|-heal|p2b: Sinistcha|76/100|[from] drain|[of] p1b: Palafin
|faint|p1b: Palafin
|
|-damage|p2a: Floette|86/100 brn|[from] brn
|upkeep
|
|t:|1783134662
|switch|p1b: Sneasler|Sneasler, L50, F|100/100
|turn|6
|
|t:|1783134674
|switch|p2a: Incineroar|Incineroar, L50, F|100/100
|-ability|p2a: Incineroar|Intimidate|boost
|-unboost|p1b: Sneasler|atk|1
|move|p1b: Sneasler|Dire Claw|p2a: Incineroar
|-damage|p2a: Incineroar|76/100
|-status|p2a: Incineroar|psn|[from] ability: Poison Touch|[of] p1b: Sneasler
|move|p2b: Sinistcha|Trick Room|p2b: Sinistcha
|-fieldstart|move: Trick Room|[of] p2b: Sinistcha
|
|-damage|p2a: Incineroar|63/100 psn|[from] psn
|-end|p2b: Sinistcha|Throat Chop|[silent]
|upkeep
|turn|7
|
|t:|1783134686
|switch|p2b: Floette|Floette-Mega, L50, F|86/100 brn
|-ability|p2b: Floette|Fairy Aura
|move|p1b: Sneasler|Protect|p1b: Sneasler
|-singleturn|p1b: Sneasler|Protect
|move|p2a: Incineroar|Fake Out|p1b: Sneasler
|-activate|p1b: Sneasler|move: Protect
|
|-damage|p2a: Incineroar|51/100 psn|[from] psn
|-damage|p2b: Floette|80/100 brn|[from] brn
|upkeep
|turn|8
|
|t:|1783134690
|move|p2a: Incineroar|Flare Blitz|p1b: Sneasler
|-damage|p1b: Sneasler|15/100
|-damage|p2a: Incineroar|29/100 psn|[from] Recoil
|-enditem|p2a: Incineroar|Sitrus Berry|[eat]
|-heal|p2a: Incineroar|54/100 psn|[from] item: Sitrus Berry
|move|p2b: Floette|Moonblast|p1b: Sneasler
|-damage|p1b: Sneasler|0 fnt
|faint|p1b: Sneasler
|
|win|Plopy14
