|j|☆AemBigChilling
|j|☆FireFerret12
|html|AemBigChillingFireFerret12    
|uhtml|bestof|Game 2 of a best-of-3
|t:|1757018057
|gametype|doubles
|player|p1|AemBigChilling|lass-gen4|1240
|player|p2|FireFerret12|nate|1159
|gen|9
|tier|[Gen 9] VGC 2025 Reg H (Bo3)
|rated|
|rule|Species Clause: Limit one of each Pokémon
|rule|Item Clause: Limit 1 of each item
|clearpoke
|poke|p1|Charizard, L50, M|
|poke|p1|Torkoal, L50, F|
|poke|p1|Porygon2, L50|
|poke|p1|Incineroar, L50, M|
|poke|p1|Jumpluff, L50, F|
|poke|p1|Ursaluna, L50, M|
|poke|p2|Incineroar, L50, M|
|poke|p2|Gholdengo, L50|
|poke|p2|Rillaboom, L50, M|
|poke|p2|Farigiraf, L50, F|
|poke|p2|Dragonite, L50, M|
|poke|p2|Primarina, L50, M|
|teampreview|4
|showteam|p1|Charizard||ChoiceSpecs|SolarPower|HeatWave,Overheat,WeatherBall,DragonPulse|||M|||50|,,,,,Ghost]Torkoal||EjectPack|Drought|Eruption,Overheat,HelpingHand,Protect|||F|||50|,,,,,Fire]Porygon2||Eviolite|Download|IceBeam,TeraBlast,TrickRoom,Recover||||||50|,,,,,Fighting]Incineroar||SitrusBerry|Intimidate|FlareBlitz,KnockOff,FakeOut,PartingShot|||M|||50|,,,,,Ghost]Jumpluff||CovertCloak|Chlorophyll|SleepPowder,SunnyDay,RagePowder,Tailwind|||F|||50|,,,,,Water]Ursaluna||FlameOrb|Guts|HeadlongRush,Facade,Earthquake,Protect|||M|||50|,,,,,Ghost
|showteam|p2|Incineroar||AssaultVest|Intimidate|FakeOut,FlareBlitz,KnockOff,Uturn|||M|||50|,,,,,Grass]Gholdengo||GrassySeed|GoodasGold|MakeItRain,ShadowBall,NastyPlot,Protect||||||50|,,,,,Water]Rillaboom||MiracleSeed|GrassySurge|FakeOut,GrassyGlide,WoodHammer,Uturn|||M|||50|,,,,,Fire]Farigiraf||ThroatSpray|ArmorTail|Psychic,HyperVoice,TrickRoom,Protect|||F|||50|,,,,,Water]Dragonite||LoadedDice|Multiscale|ExtremeSpeed,ScaleShot,Haze,Protect|||M|||50|,,,,,Steel]Primarina||ChoiceSpecs|LiquidVoice|Moonblast,HyperVoice,DazzlingGleam,IcyWind|||M|||50|,,,,,Poison
|
|t:|1757018077
|teamsize|p1|4
|teamsize|p2|4
|start
|switch|p1a: Charizard|Charizard, L50, M|100/100
|switch|p1b: Torkoal|Torkoal, L50, F|100/100
|switch|p2a: Gholdengo|Gholdengo, L50|100/100
|switch|p2b: Dragonite|Dragonite, L50, M|100/100
|-weather|SunnyDay|[from] ability: Drought|[of] p1b: Torkoal
|turn|1
|
|t:|1757018118
|switch|p1b: Incineroar|Incineroar, L50, M|100/100
|-ability|p1b: Incineroar|Intimidate|boost
|-unboost|p2a: Gholdengo|atk|1
|-unboost|p2b: Dragonite|atk|1
|-terastallize|p2a: Gholdengo|Water
|move|p1a: Charizard|Heat Wave|p2b: Dragonite|[spread] p2a,p2b
|-resisted|p2a: Gholdengo
|-resisted|p2b: Dragonite
|-damage|p2a: Gholdengo|39/100
|-damage|p2b: Dragonite|74/100
|move|p2a: Gholdengo|Nasty Plot|p2a: Gholdengo
|-boost|p2a: Gholdengo|spa|2
|move|p2b: Dragonite|Scale Shot|p1a: Charizard|[miss]
|-miss|p2b: Dragonite|p1a: Charizard
|
|-weather|SunnyDay|[upkeep]
|-damage|p1a: Charizard|88/100|[from] ability: Solar Power|[of] p1a: Charizard
|upkeep
|turn|2
|
|t:|1757018154
|move|p2a: Gholdengo|Protect|p2a: Gholdengo
|-singleturn|p2a: Gholdengo|Protect
|move|p2b: Dragonite|Protect|p2b: Dragonite
|-singleturn|p2b: Dragonite|Protect
|move|p1a: Charizard|Heat Wave|p2b: Dragonite|[spread] 
|-activate|p2a: Gholdengo|move: Protect
|-activate|p2b: Dragonite|move: Protect
|move|p1b: Incineroar|Knock Off|p2b: Dragonite
|-activate|p2b: Dragonite|move: Protect
|
|-weather|SunnyDay|[upkeep]
|-damage|p1a: Charizard|76/100|[from] ability: Solar Power|[of] p1a: Charizard
|upkeep
|turn|3
|
|t:|1757018175
|move|p1a: Charizard|Heat Wave|p2a: Gholdengo|[spread] p2a,p2b
|-resisted|p2a: Gholdengo
|-resisted|p2b: Dragonite
|-damage|p2a: Gholdengo|0 fnt
|-damage|p2b: Dragonite|12/100
|faint|p2a: Gholdengo
|move|p2b: Dragonite|Scale Shot|p1a: Charizard
|-damage|p1a: Charizard|61/100
|-damage|p1a: Charizard|47/100
|-damage|p1a: Charizard|31/100
|-damage|p1a: Charizard|16/100
|-damage|p1a: Charizard|1/100
|-hitcount|p1a: Charizard|5
|-unboost|p2b: Dragonite|def|1
|-boost|p2b: Dragonite|spe|1
|move|p1b: Incineroar|Knock Off|p2b: Dragonite
|-damage|p2b: Dragonite|0 fnt
|-enditem|p2b: Dragonite|Loaded Dice|[from] move: Knock Off|[of] p1b: Incineroar
|faint|p2b: Dragonite
|
|-weather|SunnyDay|[upkeep]
|-damage|p1a: Charizard|0 fnt|[from] ability: Solar Power|[of] p1a: Charizard
|faint|p1a: Charizard
|upkeep
|
|t:|1757018188
|switch|p1a: Ursaluna|Ursaluna, L50, M|100/100
|switch|p2a: Farigiraf|Farigiraf, L50, F|100/100
|switch|p2b: Incineroar|Incineroar, L50, M|100/100
|-ability|p2b: Incineroar|Intimidate|boost
|-unboost|p1a: Ursaluna|atk|1
|-unboost|p1b: Incineroar|atk|1
|turn|4
|
|t:|1757018196
|move|p1a: Ursaluna|Protect|p1a: Ursaluna
|-singleturn|p1a: Ursaluna|Protect
|move|p1b: Incineroar|Knock Off|p2a: Farigiraf
|-supereffective|p2a: Farigiraf
|-damage|p2a: Farigiraf|46/100
|-enditem|p2a: Farigiraf|Throat Spray|[from] move: Knock Off|[of] p1b: Incineroar
|move|p2a: Farigiraf|Hyper Voice|p1a: Ursaluna|[spread] p1b
|-activate|p1a: Ursaluna|move: Protect
|-damage|p1b: Incineroar|75/100
|move|p2b: Incineroar|Knock Off|p1a: Ursaluna
|-activate|p1a: Ursaluna|move: Protect
|
|-weather|SunnyDay|[upkeep]
|-status|p1a: Ursaluna|brn|[from] item: Flame Orb
|upkeep
|turn|5
|
|t:|1757018221
|move|p1b: Incineroar|Parting Shot|p2a: Farigiraf
|-unboost|p2a: Farigiraf|atk|1
|-unboost|p2a: Farigiraf|spa|1
|
|t:|1757018223
|switch|p1b: Torkoal|Torkoal, L50, F|100/100|[from] Parting Shot
|move|p1a: Ursaluna|Earthquake|p2a: Farigiraf|[spread] p1b,p2a,p2b
|-supereffective|p1b: Torkoal
|-supereffective|p2b: Incineroar
|-damage|p1b: Torkoal|35/100
|-damage|p2a: Farigiraf|5/100
|-damage|p2b: Incineroar|11/100
|move|p2a: Farigiraf|Hyper Voice|p1b: Torkoal|[spread] p1a,p1b
|-damage|p1a: Ursaluna|82/100 brn
|-damage|p1b: Torkoal|11/100
|move|p2b: Incineroar|Flare Blitz|p1a: Ursaluna
|-damage|p1a: Ursaluna|22/100 brn
|-damage|p2b: Incineroar|0 fnt|[from] Recoil
|faint|p2b: Incineroar
|
|-weather|none
|-damage|p1a: Ursaluna|17/100 brn|[from] brn
|upkeep
|turn|6
|
|t:|1757018227
|move|p1a: Ursaluna|Facade|p2a: Farigiraf
|-damage|p2a: Farigiraf|0 fnt
|faint|p2a: Farigiraf
|
|win|AemBigChilling
|raw|AemBigChilling's rating: 1240 → 1259(+19 for winning)
|raw|FireFerret12's rating: 1159 → 1140(-19 for losing)
|l|☆FireFerret12
|player|p2|
