|j|☆TheLightlessOne
|j|☆Tomatwo
|html|TheLightlessOneTomatwo    
|uhtml|bestof|Game 3 of a best-of-3
|t:|1782656847
|gametype|doubles
|player|p1|TheLightlessOne|2|1000
|player|p2|Tomatwo|n|1113
|gen|9
|tier|[Gen 9 Champions] VGC 2026 Reg M-B (Bo3)
|rated|
|rule|Species Clause: Limit one of each Pokémon
|rule|Item Clause: Limit 1 of each item
|clearpoke
|poke|p1|Staraptor, L50, M|
|poke|p1|Grimmsnarl, L50, M|
|poke|p1|Incineroar, L50, M|
|poke|p1|Jolteon, L50, F|
|poke|p1|Whimsicott, L50, F|
|poke|p1|Scolipede, L50, F|
|poke|p2|Archaludon, L50, F, shiny|
|poke|p2|Basculegion, L50, M, shiny|
|poke|p2|Pelipper, L50, F|
|poke|p2|Sinistcha-Masterpiece, L50|
|poke|p2|Sableye, L50, M|
|poke|p2|Swampert, L50, M|
|teampreview|4
|showteam|p1|Staraptor||Staraptite|Intimidate|CloseCombat,Roost,Protect,BraveBird|Adamant||M|||50|]Grimmsnarl||Leftovers|Prankster|PartingShot,FakeOut,ThroatChop,Protect|Careful||M|||50|]Incineroar||SitrusBerry|Intimidate|PartingShot,FakeOut,FlareBlitz,Taunt|Jolly||M|||50|]Jolteon||LifeOrb|VoltAbsorb|Detect,AlluringVoice,Thunderbolt,VoltSwitch|Modest||F|||50|]Whimsicott||OccaBerry|Prankster|Tailwind,Charm,Moonblast,Encore|Bold||F|||50|]Scolipede||FocusSash|SpeedBoost|SwordsDance,BatonPass,GunkShot,LeechLife|Adamant||F|||50|
|showteam|p2|Archaludon||SitrusBerry|Stamina|Protect,ElectroShot,FlashCannon,DracoMeteor|Modest||F|||50|]Basculegion||LifeOrb|SwiftSwim|Protect,LastRespects,WaveCrash,AquaJet|Adamant||M|||50|]Pelipper||FocusSash|Drizzle|Tailwind,Hurricane,Protect,WeatherBall|Modest||F|||50|]Sinistcha-Masterpiece||KasibBerry|Hospitality|RagePowder,MatchaGotcha,StrengthSap,LifeDew|Modest|||||50|]Sableye||LightClay|Prankster|Quash,LightScreen,Reflect,RainDance|Bold||M|||50|]Swampert||Swampertite|Torrent|IcePunch,WaveCrash,Protect,Earthquake|Adamant||M|||50|
|inactive|Battle timer is ON: inactive players will automatically lose when time's up. (requested by TheLightlessOne)
|
|t:|1782656870
|teamsize|p1|4
|teamsize|p2|4
|start
|switch|p1a: Staraptor|Staraptor, L50, M|100/100
|switch|p1b: Grimmsnarl|Grimmsnarl, L50, M|100/100
|switch|p2a: Pelipper|Pelipper, L50, F|100/100
|switch|p2b: Swampert|Swampert, L50, M|100/100
|-ability|p1a: Staraptor|Intimidate|boost
|-unboost|p2a: Pelipper|atk|1
|-unboost|p2b: Swampert|atk|1
|-weather|RainDance|[from] ability: Drizzle|[of] p2a: Pelipper
|turn|1
|
|t:|1782656892
|detailschange|p1a: Staraptor|Staraptor-Mega, L50, M
|-mega|p1a: Staraptor|Staraptor|Staraptite
|detailschange|p2b: Swampert|Swampert-Mega, L50, M
|-mega|p2b: Swampert|Swampert|Swampertite
|move|p2b: Swampert|Protect|p2b: Swampert
|-singleturn|p2b: Swampert|Protect
|move|p1b: Grimmsnarl|Fake Out|p2a: Pelipper
|-damage|p2a: Pelipper|85/100
|move|p1a: Staraptor|Close Combat|p2b: Swampert
|-activate|p2b: Swampert|move: Protect
|cant|p2a: Pelipper|flinch
|
|-weather|RainDance|[upkeep]
|upkeep
|turn|2
|
|t:|1782656912
|move|p1b: Grimmsnarl|Parting Shot|p1a: Staraptor
|-boost|p1a: Staraptor|atk|1
|-boost|p1a: Staraptor|spa|1
|
|t:|1782656915
|switch|p1b: Incineroar|Incineroar, L50, M|100/100|[from] Parting Shot
|-ability|p1b: Incineroar|Intimidate|boost
|-unboost|p2a: Pelipper|atk|1
|-unboost|p2b: Swampert|atk|1
|move|p2b: Swampert|Ice Punch|p1a: Staraptor
|-supereffective|p1a: Staraptor|1
|-crit|p1a: Staraptor
|-damage|p1a: Staraptor|14/100
|move|p1a: Staraptor|Close Combat|p2b: Swampert
|-damage|p2b: Swampert|0 fnt
|-boost|p1a: Staraptor|def|1
|-boost|p1a: Staraptor|spd|1
|faint|p2b: Swampert
|move|p2a: Pelipper|Hurricane|p1a: Staraptor
|-supereffective|p1a: Staraptor|1
|-damage|p1a: Staraptor|0 fnt
|faint|p1a: Staraptor
|
|-weather|RainDance|[upkeep]
|upkeep
|
|t:|1782656930
|switch|p1a: Jolteon|Jolteon, L50, F|100/100
|switch|p2b: Basculegion|Basculegion, L50, M, shiny|100/100
|turn|3
|inactive|TheLightlessOne has 30 seconds left.
|
|t:|1782656960
|move|p2b: Basculegion|Protect|p2b: Basculegion
|-singleturn|p2b: Basculegion|Protect
|move|p1b: Incineroar|Fake Out|p2a: Pelipper
|-damage|p2a: Pelipper|70/100
|move|p1a: Jolteon|Thunderbolt|p2b: Basculegion
|-activate|p2b: Basculegion|move: Protect
|cant|p2a: Pelipper|flinch
|
|-weather|RainDance|[upkeep]
|upkeep
|turn|4
|
|t:|1782656974
|switch|p2b: Sinistcha|Sinistcha-Masterpiece, L50|100/100
|-heal|p2a: Pelipper|95/100|[from] ability: Hospitality|[of] p2b: Sinistcha
|move|p1a: Jolteon|Thunderbolt|p2b: Sinistcha
|-resisted|p2b: Sinistcha|1
|-damage|p2b: Sinistcha|67/100
|-damage|p1a: Jolteon|90/100|[from] item: Life Orb
|move|p2a: Pelipper|Weather Ball|p1b: Incineroar
|-supereffective|p1b: Incineroar|1
|-damage|p1b: Incineroar|0 fnt
|faint|p1b: Incineroar
|
|-weather|RainDance|[upkeep]
|upkeep
|
|t:|1782656978
|switch|p1b: Grimmsnarl|Grimmsnarl, L50, M|100/100
|turn|5
|inactive|Tomatwo has 30 seconds left.
|
|t:|1782657009
|switch|p2a: Basculegion|Basculegion, L50, M, shiny|100/100
|move|p2b: Sinistcha|Rage Powder|p2b: Sinistcha
|-singleturn|p2b: Sinistcha|move: Rage Powder
|move|p1a: Jolteon|Thunderbolt|p2b: Sinistcha
|-resisted|p2b: Sinistcha|1
|-damage|p2b: Sinistcha|34/100
|-damage|p1a: Jolteon|80/100|[from] item: Life Orb
|move|p1b: Grimmsnarl|Throat Chop|p2b: Sinistcha
|-supereffective|p2b: Sinistcha|1
|-damage|p2b: Sinistcha|0 fnt
|faint|p2b: Sinistcha
|
|-weather|none
|upkeep
|
|t:|1782657016
|switch|p2b: Pelipper|Pelipper, L50, F|95/100
|-weather|RainDance|[from] ability: Drizzle|[of] p2b: Pelipper
|turn|6
|inactive|Tomatwo has 30 seconds left.
|
|t:|1782657042
|move|p1a: Jolteon|Detect|p1a: Jolteon
|-singleturn|p1a: Jolteon|Protect
|move|p2a: Basculegion|Wave Crash|p1a: Jolteon
|-activate|p1a: Jolteon|move: Protect
|move|p2b: Pelipper|Weather Ball|p1a: Jolteon
|-activate|p1a: Jolteon|move: Protect
|move|p1b: Grimmsnarl|Throat Chop|p2a: Basculegion
|-supereffective|p2a: Basculegion|1
|-damage|p2a: Basculegion|16/100
|-start|p2a: Basculegion|Throat Chop|[silent]
|
|-weather|RainDance|[upkeep]
|upkeep
|turn|7
|inactive|TheLightlessOne has 30 seconds left.
|
|t:|1782657069
|move|p2a: Basculegion|Protect|p2a: Basculegion
|-singleturn|p2a: Basculegion|Protect
|move|p1b: Grimmsnarl|Parting Shot|p2a: Basculegion
|-activate|p2a: Basculegion|move: Protect
|move|p1a: Jolteon|Thunderbolt|p2a: Basculegion
|-activate|p2a: Basculegion|move: Protect
|move|p2b: Pelipper|Weather Ball|p1a: Jolteon
|-damage|p1a: Jolteon|1/100
|
|-weather|RainDance|[upkeep]
|-end|p2a: Basculegion|Throat Chop|[silent]
|upkeep
|turn|8
|
|t:|1782657083
|move|p1b: Grimmsnarl|Protect|p1b: Grimmsnarl
|-singleturn|p1b: Grimmsnarl|Protect
|move|p1a: Jolteon|Detect|p1a: Jolteon
|-singleturn|p1a: Jolteon|Protect
|move|p2a: Basculegion|Aqua Jet|p1a: Jolteon
|-activate|p1a: Jolteon|move: Protect
|move|p2b: Pelipper|Weather Ball|p1b: Grimmsnarl
|-activate|p1b: Grimmsnarl|move: Protect
|
|-weather|RainDance|[upkeep]
|upkeep
|turn|9
|
|t:|1782657102
|move|p2a: Basculegion|Aqua Jet|p1a: Jolteon
|-damage|p1a: Jolteon|0 fnt
|faint|p1a: Jolteon
|-damage|p2a: Basculegion|7/100|[from] item: Life Orb
|move|p2b: Pelipper|Weather Ball|p1b: Grimmsnarl
|-damage|p1b: Grimmsnarl|53/100
|move|p1b: Grimmsnarl|Throat Chop|p2a: Basculegion
|-supereffective|p2a: Basculegion|1
|-damage|p2a: Basculegion|0 fnt
|faint|p2a: Basculegion
|
|-weather|RainDance|[upkeep]
|-heal|p1b: Grimmsnarl|59/100|[from] item: Leftovers
|upkeep
|turn|10
|
|t:|1782657117
|move|p1b: Grimmsnarl|Protect|p1b: Grimmsnarl
|-singleturn|p1b: Grimmsnarl|Protect
|move|p2b: Pelipper|Weather Ball|p1b: Grimmsnarl
|-activate|p1b: Grimmsnarl|move: Protect
|
|-weather|none
|-heal|p1b: Grimmsnarl|65/100|[from] item: Leftovers
|upkeep
|turn|11
|
|t:|1782657127
|move|p1b: Grimmsnarl|Parting Shot|p2b: Pelipper
|-unboost|p2b: Pelipper|atk|1
|-unboost|p2b: Pelipper|spa|1
|move|p2b: Pelipper|Hurricane|p1b: Grimmsnarl
|-damage|p1b: Grimmsnarl|42/100
|
|-heal|p1b: Grimmsnarl|48/100|[from] item: Leftovers
|upkeep
|turn|12
|-message|Tomatwo forfeited.
|
|win|TheLightlessOne
|raw|TheLightlessOne's rating: 1000 → 1053(+53 for winning)
|raw|Tomatwo's rating: 1113 → 1080(-33 for losing)
|l|☆Tomatwo
|player|p2|
|c|☆TheLightlessOne|gg
