|j|☆ReggioVGC
|j|☆AnTree4
|html|ReggioVGCAnTree4    
|uhtml|bestof|Game 3 of a best-of-3
|t:|1756755416
|gametype|doubles
|player|p1|ReggioVGC|lucas|1108
|player|p2|AnTree4|brock|1164
|gen|9
|tier|[Gen 9] VGC 2025 Reg H (Bo3)
|rated|
|rule|Species Clause: Limit one of each Pokémon
|rule|Item Clause: Limit 1 of each item
|clearpoke
|poke|p1|Ursaluna, L50, M|
|poke|p1|Kilowattrel, L50, F|
|poke|p1|Gholdengo, L50|
|poke|p1|Incineroar, L50, M|
|poke|p1|Amoonguss, L50, F|
|poke|p1|Porygon2, L50|
|poke|p2|Tyranitar, L50, F|
|poke|p2|Sinistcha-Masterpiece, L50|
|poke|p2|Tinkaton, L50, F|
|poke|p2|Volcarona, L50, M|
|poke|p2|Gholdengo, L50|
|poke|p2|Ursaluna-Bloodmoon, L50, M|
|teampreview|4
|showteam|p1|Ursaluna||FlameOrb|Guts|Facade,HeadlongRush,Earthquake,Protect|||M|||50|,,,,,Fairy]Kilowattrel||FocusSash|Competitive|Thunderbolt,AirSlash,Tailwind,Protect|||F|||50|,,,,,Ghost]Gholdengo||LifeOrb|GoodasGold|MakeItRain,ShadowBall,NastyPlot,Protect||||||50|,,,,,Flying]Incineroar||AssaultVest|Intimidate|KnockOff,FlareBlitz,Uturn,FakeOut|||M|||50|,,,,,Grass]Amoonguss||SitrusBerry|Regenerator|Spore,RagePowder,SludgeBomb,Protect|||F|||50|,,,,,Water]Porygon2||Eviolite|Download|TeraBlast,IceBeam,Recover,TrickRoom||||||50|,,,,,Fighting
|showteam|p2|Tyranitar||LumBerry|SandStream|KnockOff,RockSlide,DragonDance,Protect|||F|||50|,,,,,Dragon]Sinistcha-Masterpiece||SitrusBerry|Hospitality|MatchaGotcha,RagePowder,LifeDew,TrickRoom||||||50|,,,,,Fire]Tinkaton||AssaultVest|MoldBreaker|FakeOut,GigatonHammer,PlayRough,Feint|||F|||50|,,,,,Water]Volcarona||Leftovers|FlameBody|TeraBlast,HeatWave,QuiverDance,Protect|||M|||50|,,,,,Fairy]Gholdengo||ChoiceScarf|GoodasGold|MakeItRain,ShadowBall,Trick,Protect||||||50|,,,,,Steel]Ursaluna-Bloodmoon||LifeOrb|MindsEye|BloodMoon,HyperVoice,EarthPower,Protect|||M|||50|,,,,,Normal
|inactive|Battle timer is ON: inactive players will automatically lose when time's up. (requested by ReggioVGC)
|
|t:|1756755443
|teamsize|p1|4
|teamsize|p2|4
|start
|switch|p1a: Big Bird|Kilowattrel, L50, F|100/100
|switch|p1b: Pumpy the Grumpy|Incineroar, L50, M, shiny|100/100
|switch|p2a: Tinkaton|Tinkaton, L50, F|100/100
|switch|p2b: Sinistcha|Sinistcha-Masterpiece, L50|100/100
|-ability|p2a: Tinkaton|Mold Breaker
|-ability|p1b: Pumpy the Grumpy|Intimidate|boost
|-unboost|p2a: Tinkaton|atk|1
|-unboost|p2b: Sinistcha|atk|1
|turn|1
|inactive|ReggioVGC has 30 seconds left.
|
|t:|1756755471
|switch|p1a: Dinko|Ursaluna, L50, M|100/100
|-terastallize|p2b: Sinistcha|Fire
|move|p2a: Tinkaton|Fake Out|p1b: Pumpy the Grumpy
|-damage|p1b: Pumpy the Grumpy|95/100
|cant|p1b: Pumpy the Grumpy|flinch
|move|p2b: Sinistcha|Trick Room|p2b: Sinistcha
|-fieldstart|move: Trick Room|[of] p2b: Sinistcha
|
|-status|p1a: Dinko|brn|[from] item: Flame Orb
|upkeep
|turn|2
|inactive|ReggioVGC has 30 seconds left.
|
|t:|1756755501
|switch|p1b: Big Bird|Kilowattrel, L50, F|100/100
|switch|p2a: Tyranitar|Tyranitar, L50, F|100/100
|-weather|Sandstorm|[from] ability: Sand Stream|[of] p2a: Tyranitar
|move|p2b: Sinistcha|Matcha Gotcha|p1b: Big Bird|[spread] p1a,p1b
|-supereffective|p1a: Dinko
|-resisted|p1b: Big Bird
|-damage|p1a: Dinko|48/100 brn
|-damage|p1b: Big Bird|78/100
|move|p1a: Dinko|Earthquake|p2a: Tyranitar|[spread] p2a,p2b
|-immune|p1b: Big Bird
|-supereffective|p2a: Tyranitar
|-supereffective|p2b: Sinistcha
|-damage|p2a: Tyranitar|0 fnt
|-damage|p2b: Sinistcha|0 fnt
|faint|p2a: Tyranitar
|faint|p2b: Sinistcha
|
|-weather|Sandstorm|[upkeep]
|-damage|p1b: Big Bird|72/100|[from] Sandstorm
|-damage|p1a: Dinko|43/100 brn|[from] brn
|upkeep
|
|t:|1756755515
|switch|p2b: Tinkaton|Tinkaton, L50, F|100/100
|switch|p2a: Ursaluna|Ursaluna-Bloodmoon, L50, M|100/100
|-ability|p2b: Tinkaton|Mold Breaker
|turn|3
|inactive|ReggioVGC has 30 seconds left.
|inactive|ReggioVGC has 20 seconds left.
|inactive|ReggioVGC has 15 seconds left.
|inactive|ReggioVGC has 10 seconds left.
|inactive|ReggioVGC has 5 seconds left.
|
|t:|1756755566
|switch|p1a: Mr Worldwide|Gholdengo, L50|100/100
|-terastallize|p1b: Big Bird|Ghost
|move|p2b: Tinkaton|Feint|p1a: Mr Worldwide
|-immune|p1a: Mr Worldwide
|move|p2a: Ursaluna|Hyper Voice|p1a: Mr Worldwide|[spread] p1a,p1b
|-resisted|p1a: Mr Worldwide
|-damage|p1a: Mr Worldwide|74/100
|-damage|p1b: Big Bird|0 fnt
|faint|p1b: Big Bird
|-damage|p2a: Ursaluna|90/100|[from] item: Life Orb
|
|-weather|Sandstorm|[upkeep]
|upkeep
|
|t:|1756755582
|switch|p1b: Pumpy the Grumpy|Incineroar, L50, M, shiny|95/100
|-ability|p1b: Pumpy the Grumpy|Intimidate|boost
|-unboost|p2a: Ursaluna|atk|1
|-unboost|p2b: Tinkaton|atk|1
|turn|4
|inactive|ReggioVGC has 30 seconds left.
|
|t:|1756755611
|move|p1b: Pumpy the Grumpy|Fake Out|p2a: Ursaluna
|-crit|p2a: Ursaluna
|-damage|p2a: Ursaluna|76/100
|cant|p2a: Ursaluna|flinch
|move|p2b: Tinkaton|Play Rough|p1b: Pumpy the Grumpy
|-damage|p1b: Pumpy the Grumpy|80/100
|move|p1a: Mr Worldwide|Nasty Plot|p1a: Mr Worldwide
|-boost|p1a: Mr Worldwide|spa|2
|
|-weather|Sandstorm|[upkeep]
|-damage|p1b: Pumpy the Grumpy|74/100|[from] Sandstorm
|upkeep
|turn|5
|
|t:|1756755631
|move|p1a: Mr Worldwide|Protect|p1a: Mr Worldwide
|-singleturn|p1a: Mr Worldwide|Protect
|move|p2a: Ursaluna|Earth Power|p1b: Pumpy the Grumpy
|-supereffective|p1b: Pumpy the Grumpy
|-damage|p1b: Pumpy the Grumpy|0 fnt
|faint|p1b: Pumpy the Grumpy
|-damage|p2a: Ursaluna|66/100|[from] item: Life Orb
|move|p2b: Tinkaton|Play Rough|p1a: Mr Worldwide
|-activate|p1a: Mr Worldwide|move: Protect
|
|-weather|Sandstorm|[upkeep]
|-fieldend|move: Trick Room
|upkeep
|
|t:|1756755639
|switch|p1b: Dinko|Ursaluna, L50, M|43/100 brn
|turn|6
|
|t:|1756755655
|move|p2a: Ursaluna|Protect|p2a: Ursaluna
|-singleturn|p2a: Ursaluna|Protect
|move|p1a: Mr Worldwide|Make It Rain|p2a: Ursaluna|[spread] p2b
|-activate|p2a: Ursaluna|move: Protect
|-damage|p2b: Tinkaton|38/100
|-unboost|p1a: Mr Worldwide|spa|1
|-damage|p1a: Mr Worldwide|64/100|[from] item: Life Orb
|move|p2b: Tinkaton|Gigaton Hammer|p1b: Dinko
|-damage|p1b: Dinko|18/100 brn
|move|p1b: Dinko|Headlong Rush|p2b: Tinkaton
|-supereffective|p2b: Tinkaton
|-damage|p2b: Tinkaton|0 fnt
|-unboost|p1b: Dinko|def|1
|-unboost|p1b: Dinko|spd|1
|faint|p2b: Tinkaton
|
|-weather|none
|-damage|p1b: Dinko|12/100 brn|[from] brn
|upkeep
|turn|7
|-message|AnTree4 forfeited.
|
|win|ReggioVGC
|raw|ReggioVGC's rating: 1108 → 1137(+29 for winning)
|raw|AnTree4's rating: 1164 → 1135(-29 for losing)
|l|☆AnTree4
|player|p2|
