|j|☆Smugplayspkmn
|html|Shoto.txSmugplayspkmn    
|uhtml|bestof|Game 3 of a best-of-3
|t:|1756494333
|gametype|doubles
|player|p1|Shoto.tx|2|1012
|player|p2|Smugplayspkmn|1|1018
|gen|9
|tier|[Gen 9] VGC 2025 Reg H (Bo3)
|rated|
|rule|Species Clause: Limit one of each Pokémon
|rule|Item Clause: Limit 1 of each item
|clearpoke
|poke|p1|Archaludon, L50, F|
|poke|p1|Politoed, L50, F|
|poke|p1|Gothitelle, L50, F|
|poke|p1|Kingdra, L50, F|
|poke|p1|Incineroar, L50, F|
|poke|p1|Amoonguss, L50, F|
|poke|p2|Ninetales-Alola, L50, F|
|poke|p2|Cetitan, L50, M|
|poke|p2|Incineroar, L50, M|
|poke|p2|Kommo-o, L50, F|
|poke|p2|Sneasler, L50, F|
|poke|p2|Clefairy, L50, F|
|teampreview|4
|showteam|p1|Archaludon||PowerHerb|Sturdy|ElectroShot,FlashCannon,DragonPulse,Protect|||F|||50|,,,,,Electric]Politoed||Leftovers|Drizzle|WeatherBall,PerishSong,Encore,Protect|||F|||50|,,,,,Grass]Gothitelle||SitrusBerry|ShadowTag|Psychic,FakeOut,TrickRoom,Protect|||F|||50|,,,,,Dark]Kingdra||LifeOrb|SwiftSwim|DracoMeteor,WeatherBall,MuddyWater,Protect|||F|||50|,,,,,Stellar]Incineroar||SafetyGoggles|Intimidate|FakeOut,KnockOff,PartingShot,Protect|||F|||50|,,,,,Ghost]Amoonguss||EjectButton|Regenerator|Spore,RagePowder,PollenPuff,Protect|||F|||50|,,,,,Fairy
|showteam|p2|Ninetales-Alola||LightClay|SnowWarning|AuroraVeil,Blizzard,Moonblast,Protect|||F|||50|,,,,,Ghost]Cetitan||SitrusBerry|SlushRush|HeavySlam,HighHorsepower,BellyDrum,IceSpinner|||M|||50|,,,,,Stellar]Incineroar||SafetyGoggles|Intimidate|FlareBlitz,PartingShot,KnockOff,FakeOut|||M|||50|,,,,,Ghost]Kommo-o||Leftovers|Overcoat|Protect,BodyPress,IronDefense,ThroatChop|||F|||50|,,,,,Steel]Sneasler||FocusSash|PoisonTouch|FakeOut,DireClaw,CloseCombat,ThroatChop|||F|||50|,,,,,Dark]Clefairy||Eviolite|FriendGuard|LifeDew,FollowMe,Sing,HelpingHand|||F|||50|,,,,,Steel
|j|☆Shoto.tx
|player|p1|Shoto.tx|2|
|
|t:|1756494369
|teamsize|p1|4
|teamsize|p2|4
|start
|switch|p1a: Politoed|Politoed, L50, F, shiny|100/100
|switch|p1b: Archaludon|Archaludon, L50, F, shiny|100/100
|switch|p2a: Cetitan|Cetitan, L50, M, shiny|100/100
|switch|p2b: Clefairy|Clefairy, L50, F|100/100
|-weather|RainDance|[from] ability: Drizzle|[of] p1a: Politoed
|turn|1
|
|t:|1756494416
|move|p2b: Clefairy|Follow Me|p2b: Clefairy
|-singleturn|p2b: Clefairy|move: Follow Me
|move|p1b: Archaludon|Flash Cannon|p2b: Clefairy
|-supereffective|p2b: Clefairy
|-damage|p2b: Clefairy|23/100
|move|p2a: Cetitan|Belly Drum|p2a: Cetitan
|-damage|p2a: Cetitan|50/100
|-setboost|p2a: Cetitan|atk|6|[from] move: Belly Drum
|-enditem|p2a: Cetitan|Sitrus Berry|[eat]
|-heal|p2a: Cetitan|75/100|[from] item: Sitrus Berry
|move|p1a: Politoed|Encore|p2b: Clefairy
|-start|p2b: Clefairy|Encore
|
|-weather|RainDance|[upkeep]
|upkeep
|turn|2
|
|t:|1756494448
|move|p1b: Archaludon|Protect|p1b: Archaludon
|-singleturn|p1b: Archaludon|Protect
|move|p2b: Clefairy|Follow Me|p2b: Clefairy
|-singleturn|p2b: Clefairy|move: Follow Me
|move|p2a: Cetitan|High Horsepower|p1b: Archaludon
|-activate|p1b: Archaludon|move: Protect
|move|p1a: Politoed|Weather Ball|p2b: Clefairy
|-damage|p2b: Clefairy|0 fnt
|faint|p2b: Clefairy
|
|-weather|RainDance|[upkeep]
|upkeep
|
|t:|1756494451
|switch|p2b: Ninetales|Ninetales-Alola, L50, F|100/100
|-weather|Snowscape|[from] ability: Snow Warning|[of] p2b: Ninetales
|turn|3
|
|t:|1756494479
|-terastallize|p1b: Archaludon|Electric
|move|p2a: Cetitan|High Horsepower|p1b: Archaludon
|-supereffective|p1b: Archaludon
|-ability|p1b: Archaludon|Sturdy
|-damage|p1b: Archaludon|1/100
|move|p2b: Ninetales|Aurora Veil|p2b: Ninetales
|-sidestart|p2: Smugplayspkmn|move: Aurora Veil
|move|p1b: Archaludon|Flash Cannon|p2a: Cetitan
|-supereffective|p2a: Cetitan
|-damage|p2a: Cetitan|12/100
|move|p1a: Politoed|Weather Ball|p2a: Cetitan
|-resisted|p2a: Cetitan
|-damage|p2a: Cetitan|5/100
|
|-weather|Snowscape|[upkeep]
|upkeep
|turn|4
|
|t:|1756494512
|move|p2a: Cetitan|Ice Spinner|p1a: Politoed
|-resisted|p1a: Politoed
|-damage|p1a: Politoed|26/100
|move|p2b: Ninetales|Blizzard|p1a: Politoed|[spread] p1a,p1b
|-resisted|p1a: Politoed
|-damage|p1a: Politoed|15/100
|-damage|p1b: Archaludon|0 fnt
|faint|p1b: Archaludon
|move|p1a: Politoed|Weather Ball|p2a: Cetitan
|-resisted|p2a: Cetitan
|-damage|p2a: Cetitan|0 fnt
|faint|p2a: Cetitan
|
|-weather|Snowscape|[upkeep]
|-heal|p1a: Politoed|21/100|[from] item: Leftovers
|upkeep
|
|t:|1756494532
|switch|p1b: Kingdra|Kingdra, L50, F, shiny|100/100
|switch|p2a: Incineroar|Incineroar, L50, M|100/100
|-ability|p2a: Incineroar|Intimidate|boost
|-unboost|p1a: Politoed|atk|1
|-unboost|p1b: Kingdra|atk|1
|turn|5
|
|t:|1756494548
|switch|p1a: Gothitelle|Gothitelle, L50, F, shiny|100/100
|move|p2a: Incineroar|Fake Out|p1a: Gothitelle
|-damage|p1a: Gothitelle|88/100
|move|p2b: Ninetales|Moonblast|p1b: Kingdra
|-supereffective|p1b: Kingdra
|-damage|p1b: Kingdra|27/100
|move|p1b: Kingdra|Muddy Water|p2b: Ninetales|[spread] p2a,p2b
|-supereffective|p2a: Incineroar
|-crit|p2b: Ninetales
|-damage|p2a: Incineroar|54/100
|-damage|p2b: Ninetales|25/100
|-damage|p1b: Kingdra|17/100|[from] item: Life Orb
|
|-weather|Snowscape|[upkeep]
|upkeep
|turn|6
|
|t:|1756494573
|move|p1a: Gothitelle|Fake Out|p2b: Ninetales
|-damage|p2b: Ninetales|21/100
|cant|p2b: Ninetales|flinch
|move|p1b: Kingdra|Muddy Water|p2a: Incineroar|[spread] p2a,p2b
|-supereffective|p2a: Incineroar
|-damage|p2a: Incineroar|4/100
|-damage|p2b: Ninetales|0 fnt
|-unboost|p2a: Incineroar|accuracy|1
|faint|p2b: Ninetales
|-damage|p1b: Kingdra|8/100|[from] item: Life Orb
|move|p2a: Incineroar|Knock Off|p1a: Gothitelle|[miss]
|-miss|p2a: Incineroar|p1a: Gothitelle
|
|-weather|Snowscape|[upkeep]
|upkeep
|turn|7
|-message|Smugplayspkmn forfeited.
|
|win|Shoto.tx
|raw|Shoto.tx's rating: 1012 → 1051(+39 for winning)
|raw|Smugplayspkmn's rating: 1018 → 1005(-13 for losing)
|l|☆Smugplayspkmn
|player|p2|
