|j|ŌśåBlu3Breath
|j|Ōśåkotekmode
|html|Blu3Breathkotekmode    
|uhtml|bestof|Game 1 of a best-of-3
|t:|1783967533
|gametype|doubles
|player|p1|Blu3Breath|veteran|
|player|p2|kotekmode|hilbert|
|gen|9
|tier|[Gen 9 Champions] VGC 2026 Reg M-B (Bo3)
|rule|Species Clause: Limit one of each Pok├®mon
|rule|Item Clause: Limit 1 of each item
|clearpoke
|poke|p1|Gengar, L50, F, shiny|
|poke|p1|Swampert, L50, M, shiny|
|poke|p1|Incineroar, L50, F|
|poke|p1|Politoed, L50, F|
|poke|p1|Archaludon, L50, F|
|poke|p1|Vivillon, L50, F|
|poke|p2|Scovillain, L50, M|
|poke|p2|Froslass, L50, F|
|poke|p2|Kingambit, L50, M|
|poke|p2|Sneasler, L50, M|
|poke|p2|Basculegion, L50, M|
|poke|p2|Garchomp, L50, M|
|teampreview|4
|showteam|p1|Gengar||Gengarite|CursedBody|ShadowBall,PerishSong,SludgeBomb,Protect|Timid||F|||50|]Swampert||Swampertite|Damp|WaveCrash,Earthquake,IcePunch,Protect|Adamant||M|||50|]Incineroar||PasshoBerry|Intimidate|ThroatChop,PartingShot,FakeOut,Protect|Sassy||F|||50|]Politoed||SitrusBerry|Drizzle|WeatherBall,PerishSong,Encore,Protect|Calm||F|||50|]Archaludon||Leftovers|Stamina|DragonPulse,FlashCannon,ElectroShot,Protect|Bold||F|||50|]Vivillon||FocusSash|CompoundEyes|Hurricane,SleepPowder,RagePowder,Protect|Timid||F|||50|
|showteam|p2|Scovillain||Scovillainite|Moody|RagePowder,Protect,Overheat,GigaDrain|Calm||M|||50|]Froslass||Froslassite|CursedBody|Blizzard,Protect,ShadowBall,Taunt|Modest||F|||50|]Kingambit||ChopleBerry|Defiant|KowtowCleave,Protect,LowKick,IronHead|Adamant||M|||50|]Sneasler||WhiteHerb|Unburden|FakeOut,CloseCombat,DireClaw,Protect|Jolly||M|||50|]Basculegion||FocusSash|Adaptability|Waterfall,LastRespects,AquaJet,Protect|Adamant||M|||50|]Garchomp||LifeOrb|RoughSkin|Earthquake,DragonClaw,RockSlide,Protect|Jolly||M|||50|
|c|ŌśåBlu3Breath|gl hf!
|c|Ōśåkotekmode|gl!
|c|Ōśåkotekmode|:3
|j| FBIsurveillanceman
|j| Coldflame2802
|j| 2cake
|j| bwhitevgc
|
|t:|1783967654
|teamsize|p1|4
|teamsize|p2|4
|start
|switch|p1a: Swampert|Swampert, L50, M, shiny|100/100
|switch|p1b: Vivillon|Vivillon, L50, F|100/100
|switch|p2a: Sneasler|Sneasler, L50, M|100/100
|switch|p2b: Scovillain|Scovillain, L50, M|100/100
|turn|1
|l| bwhitevgc
|
|t:|1783967672
|detailschange|p1a: Swampert|Swampert-Mega, L50, M, shiny
|-mega|p1a: Swampert|Swampert|Swampertite
|move|p1b: Vivillon|Protect|p1b: Vivillon
|-singleturn|p1b: Vivillon|Protect
|move|p1a: Swampert|Protect|p1a: Swampert
|-singleturn|p1a: Swampert|Protect
|move|p2a: Sneasler|Fake Out|p1a: Swampert
|-activate|p1a: Swampert|move: Protect
|move|p2b: Scovillain|Giga Drain|p1a: Swampert
|-activate|p1a: Swampert|move: Protect
|
|-ability|p2b: Scovillain|Moody|boost
|-boost|p2b: Scovillain|def|2
|-unboost|p2b: Scovillain|atk|1
|upkeep
|turn|2
|j| Ab0ve5029
|
|t:|1783967704
|switch|p1a: Archaludon|Archaludon, L50, F|100/100
|detailschange|p2b: Scovillain|Scovillain-Mega, L50, M
|-mega|p2b: Scovillain|Scovillain|Scovillainite
|move|p2a: Sneasler|Close Combat|p1a: Archaludon
|-supereffective|p1a: Archaludon|1
|-damage|p1a: Archaludon|28/100
|-unboost|p2a: Sneasler|def|1
|-unboost|p2a: Sneasler|spd|1
|-ability|p1a: Archaludon|Stamina|boost
|-boost|p1a: Archaludon|def|1
|-enditem|p2a: Sneasler|White Herb
|-clearnegativeboost|p2a: Sneasler|[silent]
|move|p1b: Vivillon|Hurricane|p2a: Sneasler
|-supereffective|p2a: Sneasler|1
|-damage|p2a: Sneasler|0 fnt
|faint|p2a: Sneasler
|move|p2b: Scovillain|Giga Drain|p1a: Archaludon
|-resisted|p1a: Archaludon|2
|-damage|p1a: Archaludon|20/100y
|-ability|p1a: Archaludon|Stamina|boost
|-boost|p1a: Archaludon|def|1
|
|-heal|p1a: Archaludon|26/100|[from] item: Leftovers
|upkeep
|
|t:|1783967725
|switch|p2a: Garchomp|Garchomp, L50, M|100/100
|turn|3
|
|t:|1783967742
|move|p1a: Archaludon|Protect|p1a: Archaludon
|-singleturn|p1a: Archaludon|Protect
|move|p2a: Garchomp|Rock Slide|p1b: Vivillon|[spread] p1b
|-activate|p1a: Archaludon|move: Protect
|-supereffective|p1b: Vivillon|2
|-enditem|p1b: Vivillon|Focus Sash
|-damage|p1b: Vivillon|1/100
|-damage|p2a: Garchomp|90/100|[from] item: Life Orb
|move|p1b: Vivillon|Hurricane|p2b: Scovillain|[miss]
|-miss|p1b: Vivillon|p2b: Scovillain
|move|p2b: Scovillain|Overheat|p1a: Archaludon
|-activate|p1a: Archaludon|move: Protect
|
|-heal|p1a: Archaludon|32/100|[from] item: Leftovers
|upkeep
|turn|4
|
|t:|1783967776
|switch|p1b: Politoed|Politoed, L50, F|100/100
|-weather|RainDance|[from] ability: Drizzle|[of] p1b: Politoed
|move|p2a: Garchomp|Rock Slide|p1b: Politoed|[spread] p1a,p1b
|-resisted|p1a: Archaludon|1
|-damage|p1a: Archaludon|28/100
|-damage|p1b: Politoed|78/100
|-ability|p1a: Archaludon|Stamina|boost
|-boost|p1a: Archaludon|def|1
|-damage|p2a: Garchomp|80/100|[from] item: Life Orb
|cant|p1a: Archaludon|flinch
|move|p2b: Scovillain|Overheat|p1a: Archaludon
|-damage|p1a: Archaludon|3/100
|-unboost|p2b: Scovillain|spa|2
|-ability|p1a: Archaludon|Stamina|boost
|-boost|p1a: Archaludon|def|1
|
|-weather|RainDance|[upkeep]
|-heal|p1a: Archaludon|9/100|[from] item: Leftovers
|upkeep
|turn|5
|
|t:|1783967813
|move|p2b: Scovillain|Protect|p2b: Scovillain
|-singleturn|p2b: Scovillain|Protect
|move|p2a: Garchomp|Earthquake|p1a: Archaludon|[spread] p1a,p1b
|-activate|p2b: Scovillain|move: Protect
|-supereffective|p1a: Archaludon|1
|-damage|p1a: Archaludon|0 fnt
|-damage|p1b: Politoed|26/100
|-enditem|p1b: Politoed|Sitrus Berry|[eat]
|-heal|p1b: Politoed|51/100|[from] item: Sitrus Berry
|faint|p1a: Archaludon
|-damage|p2a: Garchomp|70/100|[from] item: Life Orb
|move|p1b: Politoed|Weather Ball|p2b: Scovillain
|-activate|p2b: Scovillain|move: Protect
|
|-weather|RainDance|[upkeep]
|upkeep
|
|t:|1783967821
|switch|p1a: Swampert|Swampert-Mega, L50, M, shiny|100/100
|turn|6
|
|t:|1783967851
|move|p1a: Swampert|Protect|p1a: Swampert
|-singleturn|p1a: Swampert|Protect
|move|p2a: Garchomp|Rock Slide|p1a: Swampert|[spread] p1b
|-activate|p1a: Swampert|move: Protect
|-damage|p1b: Politoed|27/100
|-damage|p2a: Garchomp|60/100|[from] item: Life Orb
|move|p2b: Scovillain|Giga Drain|p1a: Swampert
|-activate|p1a: Swampert|move: Protect
|move|p1b: Politoed|Weather Ball|p2b: Scovillain
|-damage|p2b: Scovillain|54/100
|-status|p1b: Politoed|brn|[from] ability: Spicy Spray|[of] p2b: Scovillain
|
|-weather|RainDance|[upkeep]
|-damage|p1b: Politoed|21/100 brn|[from] brn
|upkeep
|turn|7
|
|t:|1783967911
|switch|p2b: Basculegion|Basculegion, L50, M|100/100
|move|p1b: Politoed|Protect|p1b: Politoed
|-singleturn|p1b: Politoed|Protect
|move|p1a: Swampert|Wave Crash|p2b: Basculegion
|-resisted|p2b: Basculegion|1
|-damage|p2b: Basculegion|28/100
|-damage|p1a: Swampert|74/100|[from] Recoil
|move|p2a: Garchomp|Rock Slide|p1a: Swampert|[spread] p1a
|-activate|p1b: Politoed|move: Protect
|-resisted|p1a: Swampert|1
|-damage|p1a: Swampert|64/100
|-damage|p2a: Garchomp|51/100|[from] item: Life Orb
|
|-weather|RainDance|[upkeep]
|-damage|p1b: Politoed|15/100 brn|[from] brn
|upkeep
|turn|8
|
|t:|1783967958
|switch|p1b: Vivillon|Vivillon, L50, F|1/100
|move|p1a: Swampert|Earthquake|p2b: Basculegion|[spread] p2a,p2b
|-immune|p1b: Vivillon
|-damage|p2a: Garchomp|2/100
|-damage|p2b: Basculegion|0 fnt
|faint|p2b: Basculegion
|move|p2a: Garchomp|Rock Slide|p1b: Vivillon|[spread] p1a,p1b
|-resisted|p1a: Swampert|1
|-supereffective|p1b: Vivillon|2
|-damage|p1a: Swampert|53/100
|-damage|p1b: Vivillon|0 fnt
|faint|p1b: Vivillon
|-damage|p2a: Garchomp|0 fnt|[from] item: Life Orb
|faint|p2a: Garchomp
|
|-weather|none
|upkeep
|
|t:|1783967974
|switch|p1b: Politoed|Politoed, L50, F|15/100 brn
|switch|p2b: Scovillain|Scovillain-Mega, L50, M|54/100
|-weather|RainDance|[from] ability: Drizzle|[of] p1b: Politoed
|turn|9
|
|t:|1783967993
|move|p2b: Scovillain|Protect|p2b: Scovillain
|-singleturn|p2b: Scovillain|Protect
|move|p1a: Swampert|Wave Crash|p2b: Scovillain
|-activate|p2b: Scovillain|move: Protect
|move|p1b: Politoed|Weather Ball|p2b: Scovillain
|-activate|p2b: Scovillain|move: Protect
|
|-weather|RainDance|[upkeep]
|-damage|p1b: Politoed|9/100 brn|[from] brn
|upkeep
|turn|10
|
|t:|1783968006
|move|p1a: Swampert|Wave Crash|p2b: Scovillain
|-damage|p2b: Scovillain|0 fnt
|-status|p1a: Swampert|brn|[from] ability: Spicy Spray|[of] p2b: Scovillain
|faint|p2b: Scovillain
|-damage|p1a: Swampert|36/100 brn|[from] Recoil
|
|win|Blu3Breath
||Blu3Breath is ready for game 2.
||kotekmode is ready for game 2.
|uhtml|next|Next: Game 2 of 3
|j| Cobra Mawi
|l| Cobra Mawi
|l| 2cake
|l| Ab0ve5029
|l| Coldflame2802
