|j|☆Weare17
|j|☆trompanueva
|html|Weare17trompanueva    
|uhtml|bestof|Game 2 of a best-of-3
|t:|1784203328
|gametype|doubles
|player|p1|Weare17|1|1261
|player|p2|trompanueva|tate|1328
|gen|9
|tier|[Gen 9 Champions] VGC 2026 Reg M-B (Bo3)
|rated|
|rule|Species Clause: Limit one of each Pokémon
|rule|Item Clause: Limit 1 of each item
|clearpoke
|poke|p1|Whimsicott, L50, M, shiny|
|poke|p1|Garchomp, L50, M, shiny|
|poke|p1|Charizard, L50, M, shiny|
|poke|p1|Floette-Eternal, L50, F|
|poke|p1|Basculegion, L50, M, shiny|
|poke|p1|Incineroar, L50, M, shiny|
|poke|p2|Venusaur, L50, M|
|poke|p2|Incineroar, L50, M|
|poke|p2|Garchomp, L50, F|
|poke|p2|Hydreigon, L50, M|
|poke|p2|Charizard, L50, M|
|poke|p2|Toxapex, L50, F|
|teampreview|4
|showteam|p1|Whimsicott||FocusSash|Prankster|Protect,Moonblast,Encore,Tailwind|Timid||M|||50|]Garchomp||RoseliBerry|RoughSkin|PoisonJab,Earthquake,RockTomb,DragonClaw|Jolly||M|||50|]Charizard||CharizarditeY|SolarPower|Protect,SolarBeam,WeatherBall,HeatWave|Timid||M|||50|]Floette-Eternal||Floettite|Symbiosis|Protect,DazzlingGleam,Moonblast,LightofRuin|Timid||F|||50|]Basculegion||LifeOrb|Adaptability|Protect,AquaJet,WaveCrash,LastRespects|Jolly||M|||50|]Incineroar||SitrusBerry|Intimidate|FakeOut,PartingShot,FlareBlitz,Taunt|Careful||M|||50|
|showteam|p2|Venusaur||FocusSash|Chlorophyll|SleepPowder,SludgeBomb,EarthPower,Protect|Modest||M|||50|]Incineroar||SitrusBerry|Intimidate|FakeOut,PartingShot,ThroatChop,FlareBlitz|Careful||M|||50|]Garchomp||LifeOrb|RoughSkin|DragonClaw,Earthquake,RockSlide,Protect|Jolly||F|||50|]Hydreigon||ChoiceScarf|Levitate|DracoMeteor,DarkPulse,Snarl,EarthPower|Modest||M|||50|]Charizard||CharizarditeY|Blaze|WeatherBall,HeatWave,SolarBeam,Protect|Modest||M|||50|]Toxapex||Leftovers|Regenerator|Infestation,Toxic,WideGuard,BanefulBunker|Bold||F|||50|
|inactive|Battle timer is ON: inactive players will automatically lose when time's up. (requested by trompanueva)
|
|t:|1784203360
|teamsize|p1|4
|teamsize|p2|4
|start
|switch|p1a: Garchomp|Garchomp, L50, M, shiny|100/100
|switch|p1b: Charizard|Charizard, L50, M, shiny|100/100
|switch|p2a: Toxapex|Toxapex, L50, F|100/100
|switch|p2b: Charizard|Charizard, L50, M|100/100
|turn|1
|
|t:|1784203377
|switch|p2b: Incineroar|Incineroar, L50, M|100/100
|-ability|p2b: Incineroar|Intimidate|boost
|-unboost|p1a: Garchomp|atk|1
|-unboost|p1b: Charizard|atk|1
|detailschange|p1b: Charizard|Charizard-Mega-Y, L50, M, shiny
|-mega|p1b: Charizard|Charizard|Charizardite Y
|-weather|SunnyDay|[from] ability: Drought|[of] p1b: Charizard
|move|p2a: Toxapex|Baneful Bunker|p2a: Toxapex
|-singleturn|p2a: Toxapex|move: Protect
|move|p1a: Garchomp|Earthquake|p2b: Incineroar|[spread] p2b
|-activate|p2a: Toxapex|move: Protect
|-immune|p1b: Charizard
|-supereffective|p2b: Incineroar|1
|-damage|p2b: Incineroar|52/100
|move|p1b: Charizard|Weather Ball|p2a: Toxapex
|-activate|p2a: Toxapex|move: Protect
|
|-weather|SunnyDay|[upkeep]
|upkeep
|turn|2
|
|t:|1784203400
|switch|p1a: Basculegion|Basculegion, L50, M, shiny|100/100
|move|p2b: Incineroar|Fake Out|p1a: Basculegion
|-immune|p1a: Basculegion
|move|p1b: Charizard|Solar Beam||[still]
|-prepare|p1b: Charizard|Solar Beam
|-anim|p1b: Charizard|Solar Beam|p2a: Toxapex
|-damage|p2a: Toxapex|63/100
|move|p2a: Toxapex|Toxic|p1a: Basculegion
|-status|p1a: Basculegion|tox
|
|-weather|SunnyDay|[upkeep]
|-heal|p2a: Toxapex|69/100|[from] item: Leftovers
|-damage|p1a: Basculegion|93/100 tox|[from] psn
|upkeep
|turn|3
|
|t:|1784203420
|move|p1b: Charizard|Heat Wave|p2a: Toxapex|[spread] p2a
|-miss|p1b: Charizard|p2b: Incineroar
|-resisted|p2a: Toxapex|1
|-damage|p2a: Toxapex|46/100
|move|p1a: Basculegion|Wave Crash|p2b: Incineroar
|-supereffective|p2b: Incineroar|1
|-damage|p2b: Incineroar|0 fnt
|faint|p2b: Incineroar
|-damage|p1a: Basculegion|76/100 tox|[from] Recoil
|-damage|p1a: Basculegion|66/100 tox|[from] item: Life Orb
|move|p2a: Toxapex|Toxic|p1b: Charizard
|-status|p1b: Charizard|tox
|
|-weather|SunnyDay|[upkeep]
|-heal|p2a: Toxapex|52/100|[from] item: Leftovers
|-damage|p1b: Charizard|94/100 tox|[from] psn
|-damage|p1a: Basculegion|54/100 tox|[from] psn
|upkeep
|
|t:|1784203426
|switch|p2b: Charizard|Charizard, L50, M|100/100
|turn|4
|
|t:|1784203434
|switch|p1a: Whimsicott|Whimsicott, L50, M, shiny|100/100
|detailschange|p2b: Charizard|Charizard-Mega-Y, L50, M
|-mega|p2b: Charizard|Charizard|Charizardite Y
|move|p1b: Charizard|Solar Beam||[still]
|-prepare|p1b: Charizard|Solar Beam
|-anim|p1b: Charizard|Solar Beam|p2a: Toxapex
|-damage|p2a: Toxapex|14/100
|move|p2b: Charizard|Solar Beam||[still]
|-prepare|p2b: Charizard|Solar Beam
|-anim|p2b: Charizard|Solar Beam|p1a: Whimsicott
|-resisted|p1a: Whimsicott|1
|-damage|p1a: Whimsicott|65/100
|move|p2a: Toxapex|Infestation|p1b: Charizard
|-resisted|p1b: Charizard|2
|-damage|p1b: Charizard|93/100 tox
|-activate|p1b: Charizard|move: Infestation|[of] p2a: Toxapex
|
|-weather|SunnyDay|[upkeep]
|-heal|p2a: Toxapex|19/100|[from] item: Leftovers
|-damage|p1b: Charizard|81/100 tox|[from] psn
|-damage|p1b: Charizard|69/100 tox|[from] move: Infestation|[partiallytrapped]
|upkeep
|turn|5
|
|t:|1784203446
|-heal|p2a: Toxapex|52/100|[from] ability: Regenerator|[silent]
|switch|p2a: Venusaur|Venusaur, L50, M|100/100
|move|p1a: Whimsicott|Encore|p2b: Charizard
|-start|p2b: Charizard|Encore
|move|p1b: Charizard|Solar Beam||[still]
|-prepare|p1b: Charizard|Solar Beam
|-anim|p1b: Charizard|Solar Beam|p2a: Venusaur
|-resisted|p2a: Venusaur|2
|-damage|p2a: Venusaur|87/100
|move|p2b: Charizard|Solar Beam||[still]
|-prepare|p2b: Charizard|Solar Beam
|-anim|p2b: Charizard|Solar Beam|p1a: Whimsicott
|-resisted|p1a: Whimsicott|1
|-damage|p1a: Whimsicott|31/100
|
|-weather|none
|-damage|p1b: Charizard|51/100 tox|[from] psn
|-end|p1b: Charizard|Infestation|[partiallytrapped]|[silent]
|upkeep
|turn|6
|
|t:|1784203460
|switch|p2b: Toxapex|Toxapex, L50, F|52/100
|move|p2a: Venusaur|Protect|p2a: Venusaur
|-singleturn|p2a: Venusaur|Protect
|move|p1a: Whimsicott|Moonblast|p2b: Toxapex
|-resisted|p2b: Toxapex|1
|-damage|p2b: Toxapex|38/100
|move|p1b: Charizard|Heat Wave|p2b: Toxapex|[spread] p2b
|-activate|p2a: Venusaur|move: Protect
|-resisted|p2b: Toxapex|1
|-damage|p2b: Toxapex|23/100
|
|-heal|p2b: Toxapex|29/100|[from] item: Leftovers
|-damage|p1b: Charizard|27/100 tox|[from] psn
|upkeep
|turn|7
|
|t:|1784203468
|switch|p2a: Charizard|Charizard-Mega-Y, L50, M|100/100
|-weather|SunnyDay|[from] ability: Drought|[of] p2a: Charizard
|move|p2b: Toxapex|Baneful Bunker|p2b: Toxapex
|-singleturn|p2b: Toxapex|move: Protect
|move|p1a: Whimsicott|Encore||[still]
|-fail|p1a: Whimsicott
|move|p1b: Charizard|Heat Wave|p2b: Toxapex|[spread] p2a
|-activate|p2b: Toxapex|move: Protect
|-resisted|p2a: Charizard|1
|-crit|p2a: Charizard
|-damage|p2a: Charizard|57/100
|
|-weather|SunnyDay|[upkeep]
|-heal|p2b: Toxapex|35/100|[from] item: Leftovers
|-damage|p1b: Charizard|0 fnt|[from] psn
|faint|p1b: Charizard
|upkeep
|
|t:|1784203474
|switch|p1b: Garchomp|Garchomp, L50, M, shiny|100/100
|turn|8
|
|t:|1784203482
|-heal|p2b: Toxapex|68/100|[from] ability: Regenerator|[silent]
|switch|p2b: Venusaur|Venusaur, L50, M|87/100
|move|p2a: Charizard|Protect|p2a: Charizard
|-singleturn|p2a: Charizard|Protect
|move|p1a: Whimsicott|Encore||[still]
|-fail|p1a: Whimsicott
|move|p1b: Garchomp|Rock Tomb|p2a: Charizard
|-activate|p2a: Charizard|move: Protect
|
|-weather|SunnyDay|[upkeep]
|upkeep
|turn|9
|
|t:|1784203496
|switch|p2a: Toxapex|Toxapex, L50, F|68/100
|move|p1a: Whimsicott|Tailwind|p1a: Whimsicott
|-sidestart|p1: Weare17|move: Tailwind
|move|p1b: Garchomp|Dragon Claw|p2b: Venusaur
|-damage|p2b: Venusaur|36/100
|move|p2b: Venusaur|Sleep Powder|p1b: Garchomp
|-status|p1b: Garchomp|slp|[from] move: Sleep Powder
|
|-weather|SunnyDay|[upkeep]
|-heal|p2a: Toxapex|73/100|[from] item: Leftovers
|upkeep
|turn|10
|
|t:|1784203507
|switch|p2b: Charizard|Charizard-Mega-Y, L50, M|57/100
|move|p1a: Whimsicott|Protect|p1a: Whimsicott
|-singleturn|p1a: Whimsicott|Protect
|cant|p1b: Garchomp|slp
|move|p2a: Toxapex|Infestation|p1b: Garchomp
|-damage|p1b: Garchomp|96/100 slp
|-activate|p1b: Garchomp|move: Infestation|[of] p2a: Toxapex
|-damage|p2a: Toxapex|61/100|[from] ability: Rough Skin|[of] p1b: Garchomp
|
|-weather|SunnyDay|[upkeep]
|-heal|p2a: Toxapex|67/100|[from] item: Leftovers
|-damage|p1b: Garchomp|83/100 slp|[from] move: Infestation|[partiallytrapped]
|upkeep
|turn|11
|
|t:|1784203524
|move|p1a: Whimsicott|Encore|p2a: Toxapex
|-start|p2a: Toxapex|Encore
|cant|p1b: Garchomp|slp
|move|p2b: Charizard|Heat Wave|p1b: Garchomp|[spread] p1a,p1b
|-supereffective|p1a: Whimsicott|1
|-resisted|p1b: Garchomp|1
|-damage|p1a: Whimsicott|0 fnt
|-damage|p1b: Garchomp|51/100 slp
|faint|p1a: Whimsicott
|move|p2a: Toxapex|Infestation|p1b: Garchomp
|-damage|p1b: Garchomp|48/100 slp
|-damage|p2a: Toxapex|55/100|[from] ability: Rough Skin|[of] p1b: Garchomp
|
|-weather|none
|-heal|p2a: Toxapex|61/100|[from] item: Leftovers
|-damage|p1b: Garchomp|35/100 slp|[from] move: Infestation|[partiallytrapped]
|upkeep
|
|t:|1784203529
|switch|p1a: Basculegion|Basculegion, L50, M, shiny|54/100 tox
|turn|12
|
|t:|1784203552
|-heal|p2a: Toxapex|94/100|[from] ability: Regenerator|[silent]
|switch|p2a: Venusaur|Venusaur, L50, M|36/100
|move|p2b: Charizard|Protect|p2b: Charizard
|-singleturn|p2b: Charizard|Protect
|-curestatus|p1b: Garchomp|slp|[msg]
|move|p1b: Garchomp|Rock Tomb|p2b: Charizard
|-activate|p2b: Charizard|move: Protect
|move|p1a: Basculegion|Last Respects|p2a: Venusaur
|-damage|p2a: Venusaur|0 fnt
|faint|p2a: Venusaur
|-damage|p1a: Basculegion|44/100 tox|[from] item: Life Orb
|
|-damage|p1a: Basculegion|38/100 tox|[from] psn
|-end|p1b: Garchomp|Infestation|[partiallytrapped]|[silent]
|-sideend|p1: Weare17|move: Tailwind
|upkeep
|
|t:|1784203556
|switch|p2a: Toxapex|Toxapex, L50, F|94/100
|turn|13
|
|t:|1784203575
|move|p2b: Charizard|Protect||[still]
|-fail|p2b: Charizard
|move|p1b: Garchomp|Rock Tomb|p2b: Charizard
|-supereffective|p2b: Charizard|2
|-damage|p2b: Charizard|0 fnt
|faint|p2b: Charizard
|move|p1a: Basculegion|Last Respects|p2a: Toxapex
|-damage|p2a: Toxapex|14/100
|-damage|p1a: Basculegion|28/100 tox|[from] item: Life Orb
|move|p2a: Toxapex|Toxic|p1b: Garchomp
|-status|p1b: Garchomp|tox
|
|-heal|p2a: Toxapex|20/100y|[from] item: Leftovers
|-damage|p1b: Garchomp|29/100 tox|[from] psn
|-damage|p1a: Basculegion|16/100 tox|[from] psn
|upkeep
|turn|14
|
|t:|1784203591
|move|p2a: Toxapex|Baneful Bunker|p2a: Toxapex
|-singleturn|p2a: Toxapex|move: Protect
|move|p1b: Garchomp|Rock Tomb|p2a: Toxapex
|-activate|p2a: Toxapex|move: Protect
|move|p1a: Basculegion|Last Respects|p2a: Toxapex
|-activate|p2a: Toxapex|move: Protect
|
|-heal|p2a: Toxapex|26/100|[from] item: Leftovers
|-damage|p1b: Garchomp|17/100 tox|[from] psn
|-damage|p1a: Basculegion|0 fnt|[from] psn
|faint|p1a: Basculegion
|upkeep
|turn|15
|
|t:|1784203603
|move|p2a: Toxapex|Baneful Bunker||[still]
|-fail|p2a: Toxapex
|move|p1b: Garchomp|Earthquake|p2a: Toxapex
|-supereffective|p2a: Toxapex|1
|-damage|p2a: Toxapex|0 fnt
|faint|p2a: Toxapex
|
|win|Weare17
