|j|☆dragonite fraude
|j|☆CrazyyBoi
|html|dragonite fraudeCrazyyBoi    
|uhtml|bestof|Game 2 of a best-of-3
|t:|1757931465
|gametype|doubles
|player|p1|dragonite fraude|1|1173
|player|p2|CrazyyBoi|102|1081
|gen|9
|tier|[Gen 9] VGC 2025 Reg H (Bo3)
|rated|
|rule|Species Clause: Limit one of each Pokémon
|rule|Item Clause: Limit 1 of each item
|clearpoke
|poke|p1|Maushold-Four, L50|
|poke|p1|Gholdengo, L50|
|poke|p1|Dragonite, L50, M|
|poke|p1|Annihilape, L50, F|
|poke|p1|Rillaboom, L50, M|
|poke|p1|Ursaluna-Bloodmoon, L50, M|
|poke|p2|Meowscarada, L50, F|
|poke|p2|Sableye, L50, F|
|poke|p2|Gothitelle, L50, F|
|poke|p2|Kommo-o, L50, M|
|poke|p2|Incineroar, L50, F|
|poke|p2|Primarina, L50, M|
|teampreview|4
|showteam|p1|Maushold-Four||FocusSash|FriendGuard|SuperFang,BeatUp,FollowMe,Protect||||||50|,,,,,Ghost]Gholdengo||LifeOrb|GoodasGold|MakeItRain,ShadowBall,NastyPlot,Protect||||||50|,,,,,Water]Dragonite||LoadedDice|Multiscale|ScaleShot,Tailwind,Haze,Protect|||M|||50|,,,,,Fairy]Annihilape||SitrusBerry|Defiant|DrainPunch,RageFist,BulkUp,Protect|||F|||50|,,,,,Fire]Rillaboom||MiracleSeed|GrassySurge|WoodHammer,GrassyGlide,HighHorsepower,FakeOut|||M|||50|,,,,,Fire]Ursaluna-Bloodmoon||AssaultVest|MindsEye|BloodMoon,EarthPower,HyperVoice,VacuumWave|||M|||50|,,,,,Water
|showteam|p2|Meowscarada||ClearAmulet|Overgrow|FlowerTrick,SuckerPunch,ThroatChop,Protect|||F|||50|,,,,,Fire]Sableye||MentalHerb|Prankster|WillOWisp,Quash,Disable,Encore|||F|||50|,,,,,Grass]Gothitelle||SitrusBerry|ShadowTag|FakeOut,Psychic,TrickRoom,Protect|||F|||50|,,,,,Steel]Kommo-o||ThroatSpray|Overcoat|ClangorousSoul,ClangingScales,Protect,AuraSphere|||M|||50|,,,,,Steel]Incineroar||SafetyGoggles|Intimidate|FakeOut,PartingShot,KnockOff,Taunt|||F|||50|,,,,,Ghost]Primarina||LifeOrb|LiquidVoice|HyperVoice,Moonblast,PerishSong,Protect|||M|||50|,,,,,Dragon
|inactive|Battle timer is ON: inactive players will automatically lose when time's up. (requested by dragonite fraude)
|
|t:|1757931502
|teamsize|p1|4
|teamsize|p2|4
|start
|switch|p1a: Maushold|Maushold-Four, L50|100/100
|switch|p1b: Annihilape|Annihilape, L50, F|100/100
|switch|p2a: Sableye|Sableye, L50, F|100/100
|switch|p2b: Primarina|Primarina, L50, M|100/100
|turn|1
|inactive|dragonite fraude has 30 seconds left.
|
|t:|1757931528
|move|p2a: Sableye|Quash|p1a: Maushold
|-activate|p1a: Maushold|move: Quash
|move|p1b: Annihilape|Rage Fist|p2a: Sableye
|-damage|p2a: Sableye|69/100
|move|p2b: Primarina|Moonblast|p1b: Annihilape
|-supereffective|p1b: Annihilape
|-damage|p1b: Annihilape|11/100
|-enditem|p1b: Annihilape|Sitrus Berry|[eat]
|-heal|p1b: Annihilape|36/100|[from] item: Sitrus Berry
|-damage|p2b: Primarina|91/100|[from] item: Life Orb
|move|p1a: Maushold|Beat Up|p1b: Annihilape
|-damage|p1b: Annihilape|34/100
|-damage|p1b: Annihilape|31/100
|-damage|p1b: Annihilape|28/100
|-damage|p1b: Annihilape|26/100
|-hitcount|p1b: Annihilape|4
|
|upkeep
|turn|2
|
|t:|1757931551
|move|p1b: Annihilape|Protect|p1b: Annihilape
|-singleturn|p1b: Annihilape|Protect
|move|p2b: Primarina|Protect|p2b: Primarina
|-singleturn|p2b: Primarina|Protect
|move|p2a: Sableye|Disable|p1b: Annihilape
|-activate|p1b: Annihilape|move: Protect
|move|p1a: Maushold|Super Fang|p2b: Primarina
|-activate|p2b: Primarina|move: Protect
|
|upkeep
|turn|3
|
|t:|1757931574
|switch|p2b: Incineroar|Incineroar, L50, F|100/100
|-ability|p2b: Incineroar|Intimidate|boost
|-unboost|p1a: Maushold|atk|1
|-unboost|p1b: Annihilape|atk|1
|-ability|p1b: Annihilape|Defiant|boost
|-boost|p1b: Annihilape|atk|2
|move|p1a: Maushold|Follow Me|p1a: Maushold
|-singleturn|p1a: Maushold|move: Follow Me
|move|p2a: Sableye|Disable|p1a: Maushold
|-start|p1a: Maushold|Disable|Follow Me
|move|p1b: Annihilape|Rage Fist|p2b: Incineroar
|-resisted|p2b: Incineroar
|-damage|p2b: Incineroar|17/100
|
|upkeep
|turn|4
|inactive|dragonite fraude has 30 seconds left.
|
|t:|1757931599
|switch|p1a: Rillaboom|Rillaboom, L50, M|100/100
|-fieldstart|move: Grassy Terrain|[from] ability: Grassy Surge|[of] p1a: Rillaboom
|move|p2a: Sableye|Disable|p1b: Annihilape
|-start|p1b: Annihilape|Disable|Rage Fist
|move|p1b: Annihilape|Drain Punch|p2b: Incineroar
|-supereffective|p2b: Incineroar
|-damage|p2b: Incineroar|0 fnt
|-heal|p1b: Annihilape|35/100|[from] drain|[of] p2b: Incineroar
|faint|p2b: Incineroar
|
|-heal|p1b: Annihilape|41/100|[from] Grassy Terrain
|-heal|p2a: Sableye|75/100|[from] Grassy Terrain
|upkeep
|
|t:|1757931610
|switch|p2b: Meowscarada|Meowscarada, L50, F|100/100
|turn|5
|
|t:|1757931627
|move|p2b: Meowscarada|Protect|p2b: Meowscarada
|-singleturn|p2b: Meowscarada|Protect
|move|p2a: Sableye|Will-O-Wisp|p1b: Annihilape
|-status|p1b: Annihilape|brn
|move|p1b: Annihilape|Drain Punch|p2b: Meowscarada
|-activate|p2b: Meowscarada|move: Protect
|move|p1a: Rillaboom|Wood Hammer|p2a: Sableye
|-damage|p2a: Sableye|0 fnt
|faint|p2a: Sableye
|-damage|p1a: Rillaboom|81/100|[from] Recoil
|
|-heal|p1b: Annihilape|47/100 brn|[from] Grassy Terrain
|-heal|p1a: Rillaboom|87/100|[from] Grassy Terrain
|-damage|p1b: Annihilape|41/100 brn|[from] brn
|upkeep
|
|t:|1757931639
|switch|p2a: Primarina|Primarina, L50, M|91/100
|turn|6
|
|t:|1757931651
|move|p2a: Primarina|Protect|p2a: Primarina
|-singleturn|p2a: Primarina|Protect
|move|p2b: Meowscarada|Flower Trick|p1b: Annihilape
|-crit|p1b: Annihilape
|-damage|p1b: Annihilape|0 fnt
|faint|p1b: Annihilape
|move|p1a: Rillaboom|Wood Hammer|p2a: Primarina
|-activate|p2a: Primarina|move: Protect
|
|-heal|p1a: Rillaboom|93/100|[from] Grassy Terrain
|-heal|p2a: Primarina|97/100|[from] Grassy Terrain
|upkeep
|
|t:|1757931663
|switch|p1b: Maushold|Maushold-Four, L50|100/100
|turn|7
|
|t:|1757931673
|-terastallize|p2a: Primarina|Dragon
|move|p2b: Meowscarada|Throat Chop|p1a: Rillaboom
|-damage|p1a: Rillaboom|67/100
|-start|p1a: Rillaboom|Throat Chop|[silent]
|move|p1b: Maushold|Super Fang|p2a: Primarina
|-damage|p2a: Primarina|49/100
|move|p1a: Rillaboom|Wood Hammer|p2a: Primarina
|-resisted|p2a: Primarina
|-damage|p2a: Primarina|0 fnt
|faint|p2a: Primarina
|-damage|p1a: Rillaboom|52/100|[from] Recoil
|
|-heal|p1a: Rillaboom|58/100|[from] Grassy Terrain
|upkeep
|turn|8
|-message|CrazyyBoi forfeited.
|
|win|dragonite fraude
|raw|dragonite fraude's rating: 1173 → 1192(+19 for winning)
|raw|CrazyyBoi's rating: 1081 → 1065(-16 for losing)
|l|☆CrazyyBoi
|player|p2|
