|j|☆Hackervgc
|j|☆joaennavgc
|html|Hackervgcjoaennavgc    
|uhtml|bestof|Game 3 of a best-of-3
|t:|1756996748
|gametype|doubles
|player|p1|Hackervgc|gentleman-gen4|
|player|p2|joaennavgc|pokemonbreederf-gen4|
|gen|9
|tier|[Gen 9] VGC 2025 Reg H (Bo3)
|rule|Species Clause: Limit one of each Pokémon
|rule|Item Clause: Limit 1 of each item
|clearpoke
|poke|p1|Kingambit, L50, M|
|poke|p1|Magmar, L50, M|
|poke|p1|Dragonite, L50, F|
|poke|p1|Sneasler, L50, F|
|poke|p1|Ursaluna-Bloodmoon, L50, M|
|poke|p1|Farigiraf, L50, F|
|poke|p2|Torkoal, L50, F|
|poke|p2|Oranguru, L50, F|
|poke|p2|Volcarona, L50, F|
|poke|p2|Lilligant-Hisui, L50, F|
|poke|p2|Ursaluna, L50, M|
|poke|p2|Kingambit, L50, M|
|teampreview|4
|showteam|p1|Kingambit||AssaultVest|Defiant|KowtowCleave,SuckerPunch,LowKick,TeraBlast|||M|||50|,,,,,Flying]Magmar||Eviolite|VitalSpirit|FollowMe,Protect,Flamethrower,WillOWisp|||M|||50|,,,,,Dragon]Dragonite||LoadedDice|Multiscale|ScaleShot,Protect,Tailwind,Haze|||F|||50|,,,,,Fairy]Sneasler||FocusSash|Unburden|ThroatChop,DireClaw,CloseCombat,Protect|||F|||50|,,,,,Stellar]Ursaluna-Bloodmoon||LifeOrb|MindsEye|BloodMoon,Protect,EarthPower,HyperVoice|||M|||50|,,,,,Normal]Farigiraf||SitrusBerry|ArmorTail|TrickRoom,HelpingHand,Psychic,Protect|||F|||50|,,,,,Water
|showteam|p2|Torkoal||EjectPack|Drought|Overheat,Eruption,HelpingHand,Protect|||F|||50|,,,,,Fire]Oranguru||SitrusBerry|Telepathy|TrickRoom,Psychic,Instruct,Protect|||F|||50|,,,,,Dark]Volcarona||CovertCloak|FlameBody|QuiverDance,GigaDrain,HeatWave,Protect|||F|||50|,,,,,Grass]Lilligant-Hisui||FocusSash|Chlorophyll|AfterYou,CloseCombat,LeafBlade,Protect|||F|||50|,,,,,Flying]Ursaluna||FlameOrb|Guts|Facade,HeadlongRush,Earthquake,Protect|||M|||50|,,,,,Ghost]Kingambit||RockyHelmet|Defiant|SuckerPunch,SwordsDance,KowtowCleave,Protect|||M|||50|,,,,,Dark
|j| 6monkeyman
|
|t:|1756996790
|teamsize|p1|4
|teamsize|p2|4
|start
|switch|p1a: Ursaluna|Ursaluna-Bloodmoon, L50, M|100/100
|switch|p1b: Sneasler|Sneasler, L50, F|100/100
|switch|p2a: Oranguru|Oranguru, L50, F|100/100
|switch|p2b: Volcarona|Volcarona, L50, F|100/100
|turn|1
|
|t:|1756996807
|-terastallize|p1a: Ursaluna|Normal
|move|p2a: Oranguru|Protect|p2a: Oranguru
|-singleturn|p2a: Oranguru|Protect
|move|p1b: Sneasler|Dire Claw|p2a: Oranguru
|-activate|p2a: Oranguru|move: Protect
|move|p2b: Volcarona|Heat Wave|p1b: Sneasler|[spread] p1a,p1b
|-damage|p1a: Ursaluna|55/100
|-damage|p1b: Sneasler|45/100
|move|p1a: Ursaluna|Hyper Voice|p2a: Oranguru|[spread] p2b
|-activate|p2a: Oranguru|move: Protect
|-damage|p2b: Volcarona|35/100
|-damage|p1a: Ursaluna|45/100|[from] item: Life Orb
|
|upkeep
|turn|2
|
|t:|1756996850
|move|p1b: Sneasler|Dire Claw|p2b: Volcarona
|-damage|p2b: Volcarona|0 fnt
|-status|p1b: Sneasler|brn|[from] ability: Flame Body|[of] p2b: Volcarona
|faint|p2b: Volcarona
|move|p1a: Ursaluna|Blood Moon|p2a: Oranguru
|-damage|p2a: Oranguru|0 fnt
|faint|p2a: Oranguru
|-damage|p1a: Ursaluna|35/100|[from] item: Life Orb
|
|-damage|p1b: Sneasler|39/100 brn|[from] brn
|upkeep
|
|t:|1756996862
|switch|p2b: Torkoal|Torkoal, L50, F|100/100
|switch|p2a: Ursaluna|Ursaluna, L50, M|100/100
|-weather|SunnyDay|[from] ability: Drought|[of] p2b: Torkoal
|turn|3
|
|t:|1756996882
|-terastallize|p2a: Ursaluna|Ghost
|move|p1a: Ursaluna|Protect|p1a: Ursaluna
|-singleturn|p1a: Ursaluna|Protect
|move|p2b: Torkoal|Protect|p2b: Torkoal
|-singleturn|p2b: Torkoal|Protect
|move|p1b: Sneasler|Dire Claw|p2b: Torkoal
|-activate|p2b: Torkoal|move: Protect
|move|p2a: Ursaluna|Facade|p1a: Ursaluna
|-activate|p1a: Ursaluna|move: Protect
|
|-weather|SunnyDay|[upkeep]
|-damage|p1b: Sneasler|33/100 brn|[from] brn
|-status|p2a: Ursaluna|brn|[from] item: Flame Orb
|upkeep
|turn|4
|
|t:|1756996901
|move|p1b: Sneasler|Dire Claw|p2a: Ursaluna
|-resisted|p2a: Ursaluna
|-damage|p2a: Ursaluna|92/100 brn
|move|p1a: Ursaluna|Blood Moon|p2b: Torkoal
|-damage|p2b: Torkoal|0 fnt
|faint|p2b: Torkoal
|-damage|p1a: Ursaluna|25/100|[from] item: Life Orb
|move|p2a: Ursaluna|Facade|p1a: Ursaluna
|-damage|p1a: Ursaluna|0 fnt
|faint|p1a: Ursaluna
|
|-weather|SunnyDay|[upkeep]
|-damage|p1b: Sneasler|27/100 brn|[from] brn
|-damage|p2a: Ursaluna|86/100 brn|[from] brn
|upkeep
|
|t:|1756996911
|switch|p1a: Kingambit|Kingambit, L50, M|100/100
|turn|5
|
|t:|1756996920
|move|p1a: Kingambit|Sucker Punch|p2a: Ursaluna
|-supereffective|p2a: Ursaluna
|-damage|p2a: Ursaluna|30/100 brn
|move|p1b: Sneasler|Throat Chop|p2a: Ursaluna
|-supereffective|p2a: Ursaluna
|-damage|p2a: Ursaluna|9/100 brn
|-start|p2a: Ursaluna|Throat Chop|[silent]
|move|p2a: Ursaluna|Earthquake|p1a: Kingambit|[spread] p1a,p1b
|-supereffective|p1a: Kingambit
|-supereffective|p1b: Sneasler
|-damage|p1a: Kingambit|0 fnt
|-damage|p1b: Sneasler|0 fnt
|faint|p1a: Kingambit
|faint|p1b: Sneasler
|
|-weather|SunnyDay|[upkeep]
|-damage|p2a: Ursaluna|3/100 brn|[from] brn
|upkeep
|
|t:|1756996927
|switch|p1b: Dragonita|Dragonite, L50, F|100/100
|turn|6
|
|t:|1756996934
|move|p1b: Dragonita|Protect|p1b: Dragonita
|-singleturn|p1b: Dragonita|Protect
|move|p2a: Ursaluna|Facade|p1b: Dragonita
|-activate|p1b: Dragonita|move: Protect
|
|-weather|SunnyDay|[upkeep]
|-damage|p2a: Ursaluna|0 fnt|[from] brn
|faint|p2a: Ursaluna
|
|win|Hackervgc
|c|☆joaennavgc|ggs
|c|☆Hackervgc|ggs
|l| 6monkeyman
|l|☆Hackervgc
|player|p1|
