|j|☆Leafeon Disliker
|j|☆TalonMasterJ
|html|Leafeon DislikerTalonMasterJ    
|uhtml|bestof|Game 2 of a best-of-3
|t:|1783864138
|gametype|doubles
|player|p1|Leafeon Disliker|shauntal|1321
|player|p2|TalonMasterJ|steven|1300
|gen|9
|tier|[Gen 9 Champions] VGC 2026 Reg M-B (Bo3)
|rated|
|rule|Species Clause: Limit one of each Pokémon
|rule|Item Clause: Limit 1 of each item
|clearpoke
|poke|p1|Maushold-Four, L50|
|poke|p1|Annihilape, L50, M|
|poke|p1|Delphox, L50, F|
|poke|p1|Incineroar, L50, M|
|poke|p1|Sinistcha, L50|
|poke|p1|Gyarados, L50, M|
|poke|p2|Blaziken, L50, F|
|poke|p2|Aerodactyl, L50, F|
|poke|p2|Kingambit, L50, F|
|poke|p2|Basculegion, L50, M|
|poke|p2|Sylveon, L50, F|
|poke|p2|Torkoal, L50, M|
|teampreview|4
|showteam|p1|Maushold-Four||ChopleBerry|FriendGuard|Feint,FollowMe,BeatUp,SuperFang|Jolly|||||50|]Annihilape||Leftovers|Defiant|BulkUp,DrainPunch,RageFist,Protect|Adamant||M|||50|]Delphox||Delphoxite|Blaze|HeatWave,Psyshock,NastyPlot,Protect|Timid||F|||50|]Incineroar||PasshoBerry|Intimidate|FakeOut,FlareBlitz,ThroatChop,PartingShot|Relaxed||M|||50|]Sinistcha||SitrusBerry|Hospitality|MatchaGotcha,LifeDew,RagePowder,Protect|Bold|||||50|]Gyarados||Gyaradosite|Intimidate|DragonDance,Crunch,Waterfall,Protect|Adamant||M|||50|
|showteam|p2|Blaziken||Blazikenite|SpeedBoost|FlareBlitz,CloseCombat,Protect,RockSlide|Adamant||F|||50|]Aerodactyl||Aerodactylite|Unnerve|RockSlide,DualWingbeat,IceFang,Tailwind|Jolly||F|||50|]Kingambit||LifeOrb|Defiant|KowtowCleave,Protect,IronHead,SuckerPunch|Adamant||F|||50|]Basculegion||FocusSash|Adaptability|WaveCrash,Protect,LastRespects,AquaJet|Adamant||M|||50|]Sylveon||FairyFeather|Pixilate|HyperVoice,Moonblast,QuickAttack,Protect|Modest||F|||50|]Torkoal||Leftovers|Drought|BurningJealousy,WeatherBall,Protect,Yawn|Relaxed||M|||50|
|inactive|Battle timer is ON: inactive players will automatically lose when time's up. (requested by Leafeon Disliker)
|inactive|Leafeon Disliker has 60 seconds left.
|
|t:|1783864173
|teamsize|p1|4
|teamsize|p2|4
|start
|switch|p1a: Delphox|Delphox, L50, F|100/100
|switch|p1b: Incineroar|Incineroar, L50, M|100/100
|switch|p2a: Sylveon|Sylveon, L50, F|100/100
|switch|p2b: Basculegion|Basculegion, L50, M|100/100
|-ability|p1b: Incineroar|Intimidate|boost
|-unboost|p2a: Sylveon|atk|1
|-unboost|p2b: Basculegion|atk|1
|turn|1
|
|t:|1783864194
|detailschange|p1a: Delphox|Delphox-Mega, L50, F
|-mega|p1a: Delphox|Delphox|Delphoxite
|move|p1a: Delphox|Protect|p1a: Delphox
|-singleturn|p1a: Delphox|Protect
|move|p2b: Basculegion|Aqua Jet|p1b: Incineroar
|-supereffective|p1b: Incineroar|1
|-enditem|p1b: Incineroar|Passho Berry|[eat]
|-enditem|p1b: Incineroar|Passho Berry|[weaken]
|-damage|p1b: Incineroar|85/100
|move|p2a: Sylveon|Moonblast|p1b: Incineroar
|-damage|p1b: Incineroar|34/100
|move|p1b: Incineroar|Parting Shot|p2b: Basculegion
|-unboost|p2b: Basculegion|atk|1
|-unboost|p2b: Basculegion|spa|1
|
|t:|1783864211
|switch|p1b: Maushold|Maushold-Four, L50|100/100|[from] Parting Shot
|
|upkeep
|turn|2
|
|t:|1783864228
|switch|p2b: Blaziken|Blaziken, L50, F|100/100
|move|p1b: Maushold|Follow Me|p1b: Maushold
|-singleturn|p1b: Maushold|move: Follow Me
|move|p1a: Delphox|Nasty Plot|p1a: Delphox
|-boost|p1a: Delphox|spa|2
|move|p2a: Sylveon|Moonblast|p1b: Maushold
|-damage|p1b: Maushold|23/100
|
|upkeep
|turn|3
|inactive|TalonMasterJ has 30 seconds left.
|
|t:|1783864257
|switch|p1b: Incineroar|Incineroar, L50, M|34/100
|-ability|p1b: Incineroar|Intimidate|boost
|-unboost|p2a: Sylveon|atk|1
|-unboost|p2b: Blaziken|atk|1
|switch|p2b: Basculegion|Basculegion, L50, M|100/100
|move|p1a: Delphox|Psyshock|p2b: Basculegion
|-enditem|p2b: Basculegion|Focus Sash
|-damage|p2b: Basculegion|1/100
|move|p2a: Sylveon|Hyper Voice|p1b: Incineroar|[spread] p1a,p1b
|-resisted|p1a: Delphox|1
|-damage|p1a: Delphox|75/100
|-damage|p1b: Incineroar|0 fnt
|faint|p1b: Incineroar
|
|upkeep
|
|t:|1783864263
|switch|p1b: Maushold|Maushold-Four, L50|23/100
|turn|4
|
|t:|1783864288
|move|p2a: Sylveon|Protect|p2a: Sylveon
|-singleturn|p2a: Sylveon|Protect
|move|p1b: Maushold|Feint|p2a: Sylveon
|-activate|p2a: Sylveon|move: Feint
|-damage|p2a: Sylveon|90/100
|move|p2b: Basculegion|Aqua Jet|p1b: Maushold
|-damage|p1b: Maushold|0 fnt
|faint|p1b: Maushold
|move|p1a: Delphox|Heat Wave|p2a: Sylveon|[spread] p2a,p2b
|-resisted|p2b: Basculegion|1
|-damage|p2a: Sylveon|21/100
|-damage|p2b: Basculegion|0 fnt
|faint|p2b: Basculegion
|
|upkeep
|
|t:|1783864300
|switch|p1b: Annihilape|Annihilape, L50, M|100/100
|switch|p2b: Kingambit|Kingambit, L50, F|100/100
|turn|5
|
|t:|1783864318
|move|p1a: Delphox|Protect|p1a: Delphox
|-singleturn|p1a: Delphox|Protect
|move|p2b: Kingambit|Sucker Punch||[still]
|-fail|p2b: Kingambit
|move|p1b: Annihilape|Rage Fist|p2a: Sylveon
|-damage|p2a: Sylveon|0 fnt
|faint|p2a: Sylveon
|
|upkeep
|
|t:|1783864323
|switch|p2a: Blaziken|Blaziken, L50, F|100/100
|turn|6
|
|t:|1783864339
|detailschange|p2a: Blaziken|Blaziken-Mega, L50, F
|-mega|p2a: Blaziken|Blaziken|Blazikenite
|move|p2a: Blaziken|Protect|p2a: Blaziken
|-singleturn|p2a: Blaziken|Protect
|move|p2b: Kingambit|Protect|p2b: Kingambit
|-singleturn|p2b: Kingambit|Protect
|move|p1a: Delphox|Nasty Plot|p1a: Delphox
|-boost|p1a: Delphox|spa|2
|move|p1b: Annihilape|Drain Punch|p2b: Kingambit
|-activate|p2b: Kingambit|move: Protect
|
|-ability|p2a: Blaziken|Speed Boost|boost
|-boost|p2a: Blaziken|spe|1
|upkeep
|turn|7
|
|t:|1783864351
|move|p2b: Kingambit|Sucker Punch|p1b: Annihilape
|-damage|p1b: Annihilape|49/100
|-damage|p2b: Kingambit|90/100|[from] item: Life Orb
|move|p2a: Blaziken|Flare Blitz|p1b: Annihilape
|-damage|p1b: Annihilape|0 fnt
|faint|p1b: Annihilape
|-damage|p2a: Blaziken|77/100|[from] Recoil
|move|p1a: Delphox|Psyshock|p2a: Blaziken
|-supereffective|p2a: Blaziken|1
|-damage|p2a: Blaziken|0 fnt
|faint|p2a: Blaziken
|
|upkeep
|turn|8
|
|t:|1783864373
|move|p1a: Delphox|Protect|p1a: Delphox
|-singleturn|p1a: Delphox|Protect
|move|p2b: Kingambit|Sucker Punch||[still]
|-fail|p2b: Kingambit
|
|upkeep
|turn|9
|
|t:|1783864380
|move|p2b: Kingambit|Sucker Punch||[still]
|-fail|p2b: Kingambit
|move|p1a: Delphox|Nasty Plot|p1a: Delphox
|-boost|p1a: Delphox|spa|2
|
|upkeep
|turn|10
|
|t:|1783864387
|move|p1a: Delphox|Protect|p1a: Delphox
|-singleturn|p1a: Delphox|Protect
|move|p2b: Kingambit|Kowtow Cleave|p1a: Delphox
|-activate|p1a: Delphox|move: Protect
|
|upkeep
|turn|11
|
|t:|1783864396
|move|p2b: Kingambit|Sucker Punch||[still]
|-fail|p2b: Kingambit
|move|p1a: Delphox|Nasty Plot|p1a: Delphox
|-boost|p1a: Delphox|spa|0
|
|upkeep
|turn|12
|
|t:|1783864404
|move|p2b: Kingambit|Protect|p2b: Kingambit
|-singleturn|p2b: Kingambit|Protect
|move|p1a: Delphox|Heat Wave|p2b: Kingambit
|-activate|p2b: Kingambit|move: Protect
|
|upkeep
|turn|13
|
|t:|1783864411
|move|p1a: Delphox|Protect|p1a: Delphox
|-singleturn|p1a: Delphox|Protect
|move|p2b: Kingambit|Kowtow Cleave|p1a: Delphox
|-activate|p1a: Delphox|move: Protect
|
|upkeep
|turn|14
|
|t:|1783864427
|move|p1a: Delphox|Heat Wave|p2b: Kingambit
|-supereffective|p2b: Kingambit|1
|-damage|p2b: Kingambit|0 fnt
|faint|p2b: Kingambit
|
|win|Leafeon Disliker
||TalonMasterJ is ready for game 3.
