|j|☆escapadian
|j|☆Inteligent8pro
|html|escapadianInteligent8pro    
|uhtml|bestof|Game 1 of a best-of-3
|t:|1786205434
|gametype|doubles
|player|p1|escapadian|rocketgruntf|1186
|player|p2|Inteligent8pro|elesa|1320
|gen|9
|tier|[Gen 9 Champions] VGC 2026 Reg M-B (Bo3)
|rated|
|rule|Species Clause: Limit one of each Pokémon
|rule|Item Clause: Limit 1 of each item
|clearpoke
|poke|p1|Incineroar, L50, M, shiny|
|poke|p1|Sinistcha, L50, shiny|
|poke|p1|Floette-Eternal, L50, F|
|poke|p1|Delphox, L50, F, shiny|
|poke|p1|Sneasler, L50, M, shiny|
|poke|p1|Kingambit, L50, M, shiny|
|poke|p2|Blaziken, L50, M|
|poke|p2|Venusaur, L50, F|
|poke|p2|Kingambit, L50, F|
|poke|p2|Ninetales-Alola, L50, M|
|poke|p2|Lycanroc-Dusk, L50, M|
|poke|p2|Basculegion, L50, M|
|teampreview|4
|showteam|p1|Incineroar||SitrusBerry|Intimidate|FlareBlitz,DarkestLariat,PartingShot,FakeOut|Careful||M|||50|]Sinistcha||OccaBerry|Hospitality|MatchaGotcha,RagePowder,TrickRoom,Protect|Bold|||||50|]Floette-Eternal||Floettite|FlowerVeil|DazzlingGleam,DrainingKiss,CalmMind,Protect|Bold||F|||50|]Delphox||Delphoxite|Blaze|HeatWave,Psyshock,NastyPlot,Protect|Modest||F|||50|]Sneasler||FocusSash|PoisonTouch|CloseCombat,PoisonJab,Coaching,FakeOut|Jolly||M|||50|]Kingambit||BlackGlasses|Defiant|KowtowCleave,SuckerPunch,SwordsDance,Protect|Adamant||M|||50|
|showteam|p2|Blaziken||Blazikenite|SpeedBoost|FlareBlitz,CloseCombat,RockSlide,Detect|Adamant||M|||50|]Venusaur||Venusaurite|Chlorophyll|GigaDrain,SludgeBomb,EarthPower,Protect|Modest||F|||50|]Kingambit||LifeOrb|Defiant|KowtowCleave,SuckerPunch,IronHead,Protect|Adamant||F|||50|]Ninetales-Alola||NeverMeltIce|SnowWarning|Blizzard,FreezeDry,Encore,Protect|Timid||M|||50|]Lycanroc-Dusk||FocusSash|ToughClaws|RockSlide,Accelerock,CloseCombat,Protect|Adamant||M|||50|]Basculegion||ChoiceScarf|Adaptability|LastRespects,WaveCrash,AquaJet,FlipTurn|Jolly||M|||50|
|inactive|Battle timer is ON: inactive players will automatically lose when time's up. (requested by escapadian)
|
|t:|1786205499
|teamsize|p1|4
|teamsize|p2|4
|start
|switch|p1a: Sinistcha|Sinistcha, L50, shiny|100/100
|switch|p1b: Incineroar|Incineroar, L50, M, shiny|100/100
|switch|p2a: Kingambit|Kingambit, L50, F|100/100
|switch|p2b: Venusaur|Venusaur, L50, F|100/100
|-ability|p1b: Incineroar|Intimidate|boost
|-unboost|p2a: Kingambit|atk|1
|-ability|p2a: Kingambit|Defiant|boost
|-boost|p2a: Kingambit|atk|2
|-unboost|p2b: Venusaur|atk|1
|turn|1
|inactive|Inteligent8pro has 30 seconds left.
|inactive|Inteligent8pro has 20 seconds left.
|
|t:|1786205535
|detailschange|p2b: Venusaur|Venusaur-Mega, L50, F
|-mega|p2b: Venusaur|Venusaur|Venusaurite
|move|p2b: Venusaur|Earth Power|p1b: Incineroar
|-supereffective|p1b: Incineroar|1
|-damage|p1b: Incineroar|57/100
|move|p1a: Sinistcha|Matcha Gotcha|p2a: Kingambit|[spread] 
|-miss|p1a: Sinistcha|p2a: Kingambit
|-miss|p1a: Sinistcha|p2b: Venusaur
|move|p1b: Incineroar|Flare Blitz|p2a: Kingambit
|-supereffective|p2a: Kingambit|1
|-damage|p2a: Kingambit|32/100
|-damage|p1b: Incineroar|34/100|[from] Recoil
|-enditem|p1b: Incineroar|Sitrus Berry|[eat]
|-heal|p1b: Incineroar|59/100|[from] item: Sitrus Berry
|move|p2a: Kingambit|Kowtow Cleave|p1a: Sinistcha
|-supereffective|p1a: Sinistcha|1
|-damage|p1a: Sinistcha|0 fnt
|faint|p1a: Sinistcha
|-damage|p2a: Kingambit|22/100|[from] item: Life Orb
|
|upkeep
|
|t:|1786205558
|switch|p1a: Kingambit|Kingambit, L50, M, shiny|100/100
|turn|2
|
|t:|1786205571
|move|p2a: Kingambit|Protect|p2a: Kingambit
|-singleturn|p2a: Kingambit|Protect
|move|p2b: Venusaur|Earth Power|p1b: Incineroar
|-supereffective|p1b: Incineroar|1
|-damage|p1b: Incineroar|17/100
|move|p1b: Incineroar|Parting Shot|p2b: Venusaur
|-unboost|p2b: Venusaur|atk|1
|-unboost|p2b: Venusaur|spa|1
|
|t:|1786205579
|switch|p1b: Floette|Floette-Eternal, L50, F|100/100|[from] Parting Shot
|move|p1a: Kingambit|Swords Dance|p1a: Kingambit
|-boost|p1a: Kingambit|atk|2
|
|upkeep
|turn|3
|
|t:|1786205597
|detailschange|p1b: Floette|Floette-Mega, L50, F
|-mega|p1b: Floette|Floette|Floettite
|-ability|p1b: Floette|Fairy Aura
|move|p1b: Floette|Protect|p1b: Floette
|-singleturn|p1b: Floette|Protect
|move|p2b: Venusaur|Sludge Bomb|p1b: Floette
|-activate|p1b: Floette|move: Protect
|move|p1a: Kingambit|Kowtow Cleave|p2a: Kingambit
|-resisted|p2a: Kingambit|1
|-damage|p2a: Kingambit|0 fnt
|faint|p2a: Kingambit
|
|upkeep
|
|t:|1786205611
|switch|p2a: Blaziken|Blaziken, L50, M|100/100
|turn|4
|
|t:|1786205634
|switch|p1b: Incineroar|Incineroar, L50, M, shiny|17/100
|-ability|p1b: Incineroar|Intimidate|boost
|-unboost|p2a: Blaziken|atk|1
|-unboost|p2b: Venusaur|atk|1
|move|p1a: Kingambit|Sucker Punch|p2b: Venusaur
|-damage|p2b: Venusaur|31/100
|move|p2a: Blaziken|Rock Slide|p1b: Incineroar|[spread] p1a,p1b
|-resisted|p1a: Kingambit|1
|-supereffective|p1b: Incineroar|1
|-damage|p1a: Kingambit|95/100
|-damage|p1b: Incineroar|0 fnt
|faint|p1b: Incineroar
|move|p2b: Venusaur|Sludge Bomb|p1a: Kingambit
|-immune|p1a: Kingambit
|
|-ability|p2a: Blaziken|Speed Boost|boost
|-boost|p2a: Blaziken|spe|1
|upkeep
|
|t:|1786205648
|switch|p1b: Floette|Floette-Mega, L50, F|100/100
|-ability|p1b: Floette|Fairy Aura
|turn|5
|inactive|Inteligent8pro has 30 seconds left.
|
|t:|1786205678
|switch|p2b: Lycanroc|Lycanroc-Dusk, L50, M|100/100
|move|p2a: Blaziken|Close Combat|p1a: Kingambit
|-supereffective|p1a: Kingambit|2
|-damage|p1a: Kingambit|0 fnt
|-unboost|p2a: Blaziken|def|1
|-unboost|p2a: Blaziken|spd|1
|faint|p1a: Kingambit
|move|p1b: Floette|Draining Kiss|p2a: Blaziken
|-damage|p2a: Blaziken|25/100
|
|-ability|p2a: Blaziken|Speed Boost|boost
|-boost|p2a: Blaziken|spe|1
|upkeep
|turn|6
|
|t:|1786205696
|move|p2a: Blaziken|Flare Blitz|p1b: Floette
|-damage|p1b: Floette|68/100
|-damage|p2a: Blaziken|14/100|[from] Recoil
|move|p2b: Lycanroc|Rock Slide|p1b: Floette
|-damage|p1b: Floette|36/100
|move|p1b: Floette|Dazzling Gleam|p2b: Lycanroc|[spread] p2a,p2b
|-damage|p2a: Blaziken|0 fnt
|-damage|p2b: Lycanroc|36/100
|faint|p2a: Blaziken
|
|upkeep
|
|t:|1786205705
|switch|p2a: Venusaur|Venusaur-Mega, L50, F|31/100
|turn|7
|
|t:|1786205711
|move|p2b: Lycanroc|Accelerock|p1b: Floette
|-damage|p1b: Floette|11/100
|move|p1b: Floette|Draining Kiss|p2a: Venusaur
|-resisted|p2a: Venusaur|1
|-damage|p2a: Venusaur|17/100
|-heal|p1b: Floette|22/100|[from] drain|[of] p2a: Venusaur
|move|p2a: Venusaur|Sludge Bomb|p1b: Floette
|-supereffective|p1b: Floette|1
|-damage|p1b: Floette|0 fnt
|faint|p1b: Floette
|
|win|Inteligent8pro
