|j|☆Magicalarcher57
|j|☆kollio
|html|Magicalarcher57kollio    
|uhtml|bestof|Game 1 of a best-of-3
|t:|1782473354
|gametype|doubles
|player|p1|Magicalarcher57|diantha|1116
|player|p2|kollio|steven|1037
|gen|9
|tier|[Gen 9 Champions] VGC 2026 Reg M-B (Bo3)
|rated|
|rule|Species Clause: Limit one of each Pokémon
|rule|Item Clause: Limit 1 of each item
|clearpoke
|poke|p1|Raichu, L50, F, shiny|
|poke|p1|Garchomp, L50, M, shiny|
|poke|p1|Whimsicott, L50, M, shiny|
|poke|p1|Kingambit, L50, F, shiny|
|poke|p1|Basculegion, L50, M, shiny|
|poke|p1|Charizard, L50, F, shiny|
|poke|p2|Archaludon, L50, M, shiny|
|poke|p2|Sableye, L50, M|
|poke|p2|Metagross, L50|
|poke|p2|Sinistcha-Masterpiece, L50|
|poke|p2|Blastoise, L50, F|
|poke|p2|Pelipper, L50, F|
|teampreview|4
|showteam|p1|Raichu||RaichuniteY|LightningRod|FakeOut,FocusBlast,ZapCannon,Protect|Timid||F|||50|]Garchomp||LifeOrb|RoughSkin|DragonClaw,Earthquake,StompingTantrum,Protect|Jolly||M|||50|]Whimsicott||FocusSash|Prankster|Moonblast,Tailwind,SunnyDay,Encore|Timid||M|||50|]Kingambit||BlackGlasses|Defiant|SuckerPunch,KowtowCleave,IronHead,Protect|Adamant||F|||50|]Basculegion||ChoiceScarf|Adaptability|LastRespects,WaveCrash,FlipTurn,AquaJet|Jolly||M|||50|]Charizard||CharizarditeY|Blaze|WeatherBall,SolarBeam,HeatWave,Protect|Modest||F|||50|
|showteam|p2|Archaludon||Leftovers|Stamina|ElectroShot,Protect,BodySlam,FlashCannon|Calm||M|||50|]Sableye||LightClay|Prankster|KnockOff,LightScreen,Reflect,RainDance|Sassy||M|||50|]Metagross||Metagrossite|ClearBody|BulletPunch,PsychicFangs,StompingTantrum,IcePunch|Adamant|||||50|]Sinistcha-Masterpiece||FocusSash|Hospitality|MatchaGotcha,Hex,TrickRoom,Protect|Quiet|||||50|]Blastoise||WhiteHerb|RainDish|ShellSmash,AuraSphere,WaterPulse,AquaJet|Modest||F|||50|]Pelipper||SharpBeak|Drizzle|WideGuard,Hurricane,Protect,ChillingWater|Sassy||F|||50|
|inactive|Battle timer is ON: inactive players will automatically lose when time's up. (requested by Magicalarcher57)
|inactive|kollio has 60 seconds left.
|
|t:|1782473396
|teamsize|p1|4
|teamsize|p2|4
|start
|switch|p1a: Circe|Whimsicott, L50, M, shiny|100/100
|switch|p1b: Hermes|Raichu, L50, F, shiny|100/100
|switch|p2a: Blastoise|Blastoise, L50, F|100/100
|switch|p2b: Sableye|Sableye, L50, M|100/100
|turn|1
|inactive|kollio has 30 seconds left.
|
|t:|1782473427
|detailschange|p1b: Hermes|Raichu-Mega-Y, L50, F, shiny
|-mega|p1b: Hermes|Raichu|Raichunite Y
|move|p2b: Sableye|Light Screen|p2b: Sableye
|-sidestart|p2: kollio|move: Light Screen
|move|p1b: Hermes|Zap Cannon|p2a: Blastoise
|-supereffective|p2a: Blastoise|1
|-damage|p2a: Blastoise|25/100
|-status|p2a: Blastoise|par
|move|p1a: Circe|Moonblast|p2b: Sableye
|-supereffective|p2b: Sableye|1
|-damage|p2b: Sableye|37/100
|move|p2a: Blastoise|Shell Smash|p2a: Blastoise
|-unboost|p2a: Blastoise|def|1
|-unboost|p2a: Blastoise|spd|1
|-boost|p2a: Blastoise|atk|2
|-boost|p2a: Blastoise|spa|2
|-boost|p2a: Blastoise|spe|2
|-enditem|p2a: Blastoise|White Herb
|-clearnegativeboost|p2a: Blastoise|[silent]
|
|upkeep
|turn|2
|
|t:|1782473440
|move|p2a: Blastoise|Aqua Jet|p1b: Hermes
|-damage|p1b: Hermes|65/100
|move|p1b: Hermes|Zap Cannon|p2a: Blastoise
|-supereffective|p2a: Blastoise|1
|-damage|p2a: Blastoise|0 fnt
|faint|p2a: Blastoise
|move|p1a: Circe|Moonblast|p2b: Sableye
|-supereffective|p2b: Sableye|1
|-damage|p2b: Sableye|0 fnt
|faint|p2b: Sableye
|
|upkeep
|
|t:|1782473448
|switch|p2a: Sinistcha|Sinistcha-Masterpiece, L50|100/100
|switch|p2b: Archaludon|Archaludon, L50, M, shiny|100/100
|turn|3
|
|t:|1782473463
|move|p1b: Hermes|Zap Cannon|p2a: Sinistcha
|-resisted|p2a: Sinistcha|1
|-damage|p2a: Sinistcha|70/100
|-status|p2a: Sinistcha|par
|move|p1a: Circe|Moonblast|p2a: Sinistcha
|-damage|p2a: Sinistcha|43/100 par
|move|p2b: Archaludon|Flash Cannon|p1a: Circe
|-supereffective|p1a: Circe|1
|-enditem|p1a: Circe|Focus Sash
|-damage|p1a: Circe|1/100
|cant|p2a: Sinistcha|par
|
|upkeep
|turn|4
|inactive|Magicalarcher57 has 30 seconds left.
|
|t:|1782473493
|move|p2a: Sinistcha|Protect|p2a: Sinistcha
|-singleturn|p2a: Sinistcha|Protect
|move|p1b: Hermes|Zap Cannon|p2a: Sinistcha
|-activate|p2a: Sinistcha|move: Protect
|move|p1a: Circe|Moonblast|p2a: Sinistcha
|-activate|p2a: Sinistcha|move: Protect
|move|p2b: Archaludon|Flash Cannon|p1a: Circe
|-supereffective|p1a: Circe|1
|-crit|p1a: Circe
|-damage|p1a: Circe|0 fnt
|faint|p1a: Circe
|
|upkeep
|
|t:|1782473495
|switch|p1a: Basculegion|Basculegion, L50, M, shiny|100/100
|turn|5
|
|t:|1782473507
|move|p1a: Basculegion|Last Respects|p2a: Sinistcha
|-supereffective|p2a: Sinistcha|1
|-damage|p2a: Sinistcha|0 fnt
|faint|p2a: Sinistcha
|move|p1b: Hermes|Focus Blast|p2b: Archaludon
|-supereffective|p2b: Archaludon|1
|-damage|p2b: Archaludon|45/100
|-ability|p2b: Archaludon|Stamina|boost
|-boost|p2b: Archaludon|def|1
|move|p2b: Archaludon|Electro Shot||[still]
|-prepare|p2b: Archaludon|Electro Shot
|-boost|p2b: Archaludon|spa|1
|
|-heal|p2b: Archaludon|51/100|[from] item: Leftovers
|upkeep
|turn|6
|
|t:|1782473529
|move|p1a: Basculegion|Last Respects|p2b: Archaludon
|-damage|p2b: Archaludon|21/100
|-ability|p2b: Archaludon|Stamina|boost
|-boost|p2b: Archaludon|def|1
|move|p1b: Hermes|Focus Blast|p2b: Archaludon
|-supereffective|p2b: Archaludon|1
|-damage|p2b: Archaludon|0 fnt
|faint|p2b: Archaludon
|
|win|Magicalarcher57
