|j|☆Baronismo
|j|☆Olciax34
|html|BaronismoOlciax34    
|uhtml|bestof|Game 3 of a best-of-3
|t:|1784278242
|gametype|doubles
|player|p1|Baronismo|depotagent|1365
|player|p2|Olciax34|clair|1223
|gen|9
|tier|[Gen 9 Champions] VGC 2026 Reg M-B (Bo3)
|rated|
|rule|Species Clause: Limit one of each Pokémon
|rule|Item Clause: Limit 1 of each item
|clearpoke
|poke|p1|Floette-Eternal, L50, F|
|poke|p1|Talonflame, L50, F|
|poke|p1|Basculegion, L50, M|
|poke|p1|Dragonite, L50, F|
|poke|p1|Kingambit, L50, F|
|poke|p1|Lycanroc-Dusk, L50, F|
|poke|p2|Garchomp, L50, F|
|poke|p2|Whimsicott, L50, F|
|poke|p2|Aegislash, L50, F|
|poke|p2|Incineroar, L50, F|
|poke|p2|Charizard, L50, M|
|poke|p2|Floette-Eternal, L50, F|
|teampreview|4
|showteam|p1|Floette-Eternal||Floettite|FlowerVeil|Moonblast,DazzlingGleam,LightofRuin,Protect|Modest||F|||50|]Talonflame||SharpBeak|GaleWings|DualWingbeat,FlareBlitz,Tailwind,Protect|Jolly||F|||50|]Basculegion||ChoiceScarf|Adaptability|WaveCrash,LastRespects,AquaJet,FlipTurn|Jolly||M|||50|]Dragonite||LifeOrb|InnerFocus|DragonClaw,ExtremeSpeed,LowKick,Protect|Adamant||F|||50|]Kingambit||BlackGlasses|Defiant|KowtowCleave,IronHead,SuckerPunch,Protect|Adamant||F|||50|]Lycanroc-Dusk||FocusSash|ToughClaws|RockSlide,CloseCombat,Accelerock,Protect|Jolly||F|||50|
|showteam|p2|Garchomp||LifeOrb|RoughSkin|RockSlide,Earthquake,DragonClaw,Protect|Jolly||F|||50|]Whimsicott||FocusSash|Prankster|Moonblast,Tailwind,Encore,Protect|Timid||F|||50|]Aegislash||SpellTag|StanceChange|Poltergeist,IronHead,WideGuard,KingsShield|Adamant||F|||50|]Incineroar||SitrusBerry|Intimidate|FakeOut,ThroatChop,FlareBlitz,PartingShot|Careful||F|||50|]Charizard||CharizarditeY|SolarPower|HeatWave,WeatherBall,SolarBeam,Protect|Modest||M|||50|]Floette-Eternal||Floettite|FlowerVeil|Moonblast,LightofRuin,DazzlingGleam,Protect|Modest||F|||50|
|inactive|Battle timer is ON: inactive players will automatically lose when time's up. (requested by Olciax34)
|inactive|Olciax34 has 60 seconds left.
|
|t:|1784278274
|teamsize|p1|4
|teamsize|p2|4
|start
|switch|p1a: Kingambit|Kingambit, L50, F|100/100
|switch|p1b: Talonflame|Talonflame, L50, F|100/100
|switch|p2a: Garchomp|Garchomp, L50, F|100/100
|switch|p2b: Charizard|Charizard, L50, M|100/100
|turn|1
|
|t:|1784278294
|detailschange|p2b: Charizard|Charizard-Mega-Y, L50, M
|-mega|p2b: Charizard|Charizard|Charizardite Y
|-weather|SunnyDay|[from] ability: Drought|[of] p2b: Charizard
|move|p1b: Talonflame|Tailwind|p1b: Talonflame
|-sidestart|p1: Baronismo|move: Tailwind
|move|p2a: Garchomp|Earthquake|p1b: Talonflame|[spread] p1a
|-immune|p2b: Charizard
|-immune|p1b: Talonflame
|-supereffective|p1a: Kingambit|1
|-damage|p1a: Kingambit|23/100
|-damage|p2a: Garchomp|90/100|[from] item: Life Orb
|move|p1a: Kingambit|Kowtow Cleave|p2b: Charizard
|-damage|p2b: Charizard|25/100
|move|p2b: Charizard|Heat Wave|p1b: Talonflame|[spread] p1a
|-miss|p2b: Charizard|p1b: Talonflame
|-supereffective|p1a: Kingambit|1
|-damage|p1a: Kingambit|0 fnt
|faint|p1a: Kingambit
|
|-weather|SunnyDay|[upkeep]
|upkeep
|
|t:|1784278299
|switch|p1a: Dragonite|Dragonite, L50, F|100/100
|turn|2
|inactive|Olciax34 has 30 seconds left.
|inactive|Olciax34 has 20 seconds left.
|
|t:|1784278335
|switch|p2b: Aegislash|Aegislash, L50, F|100/100
|move|p2a: Garchomp|Protect|p2a: Garchomp
|-singleturn|p2a: Garchomp|Protect
|move|p1b: Talonflame|Dual Wingbeat|p2b: Aegislash
|-resisted|p2b: Aegislash|1
|-damage|p2b: Aegislash|92/100
|-resisted|p2b: Aegislash|1
|-damage|p2b: Aegislash|84/100
|-hitcount|p2b: Aegislash|2
|move|p1a: Dragonite|Dragon Claw|p2a: Garchomp
|-activate|p2a: Garchomp|move: Protect
|
|-weather|SunnyDay|[upkeep]
|upkeep
|turn|3
|
|t:|1784278349
|switch|p2a: Whimsicott|Whimsicott, L50, F|100/100
|move|p2b: Aegislash|King's Shield|p2b: Aegislash
|-singleturn|p2b: Aegislash|Protect
|move|p1b: Talonflame|Flare Blitz|p2b: Aegislash
|-activate|p2b: Aegislash|move: Protect
|-unboost|p1b: Talonflame|atk|1
|move|p1a: Dragonite|Dragon Claw|p2a: Whimsicott
|-immune|p2a: Whimsicott
|
|-weather|SunnyDay|[upkeep]
|upkeep
|turn|4
|
|t:|1784278371
|switch|p2b: Garchomp|Garchomp, L50, F|90/100
|move|p1b: Talonflame|Dual Wingbeat|p2a: Whimsicott
|-supereffective|p2a: Whimsicott|1
|-damage|p2a: Whimsicott|64/100
|-supereffective|p2a: Whimsicott|1
|-damage|p2a: Whimsicott|28/100
|-hitcount|p2a: Whimsicott|2
|move|p2a: Whimsicott|Tailwind|p2a: Whimsicott
|-sidestart|p2: Olciax34|move: Tailwind
|move|p1a: Dragonite|Dragon Claw|p2b: Garchomp
|-supereffective|p2b: Garchomp|1
|-damage|p2b: Garchomp|0 fnt
|-damage|p1a: Dragonite|88/100|[from] ability: Rough Skin|[of] p2b: Garchomp
|faint|p2b: Garchomp
|-damage|p1a: Dragonite|78/100|[from] item: Life Orb
|
|-weather|SunnyDay|[upkeep]
|-sideend|p1: Baronismo|move: Tailwind
|upkeep
|
|t:|1784278396
|switch|p2b: Aegislash|Aegislash, L50, F|84/100
|turn|5
|
|t:|1784278405
|move|p1a: Dragonite|Extreme Speed|p2a: Whimsicott
|-damage|p2a: Whimsicott|0 fnt
|faint|p2a: Whimsicott
|-damage|p1a: Dragonite|68/100|[from] item: Life Orb
|move|p1b: Talonflame|Flare Blitz|p2b: Aegislash
|-supereffective|p2b: Aegislash|1
|-damage|p2b: Aegislash|14/100
|-damage|p1b: Talonflame|75/100|[from] Recoil
|-formechange|p2b: Aegislash|Aegislash-Blade|
|move|p2b: Aegislash|Poltergeist|p1a: Dragonite
|-activate|p1a: Dragonite|move: Poltergeist|Life Orb
|-damage|p1a: Dragonite|0 fnt
|faint|p1a: Dragonite
|
|-weather|none
|upkeep
|
|t:|1784278418
|switch|p2a: Charizard|Charizard-Mega-Y, L50, M|25/100
|switch|p1a: Basculegion|Basculegion, L50, M|100/100
|-weather|SunnyDay|[from] ability: Drought|[of] p2a: Charizard
|turn|6
|
|t:|1784278430
|move|p1a: Basculegion|Aqua Jet|p2a: Charizard
|-supereffective|p2a: Charizard|1
|-damage|p2a: Charizard|0 fnt
|faint|p2a: Charizard
|move|p1b: Talonflame|Tailwind|p1b: Talonflame
|-sidestart|p1: Baronismo|move: Tailwind
|move|p2b: Aegislash|Poltergeist|p1b: Talonflame|[miss]
|-miss|p2b: Aegislash|p1b: Talonflame
|
|-weather|SunnyDay|[upkeep]
|upkeep
|turn|7
|-message|Olciax34 forfeited.
|
|win|Baronismo
|raw|Baronismo's rating: 1365 → 1377(+12 for winning)
|raw|Olciax34's rating: 1223 → 1208(-15 for losing)
