|j|☆copicentrovgc
|j|☆dominikc
|html|copicentrovgcdominikc    
|uhtml|bestof|Game 1 of a best-of-3
|t:|1756164808
|gametype|doubles
|player|p1|copicentrovgc|ingo|1079
|player|p2|dominikc|policeman-gen4|1000
|gen|9
|tier|[Gen 9] VGC 2025 Reg H (Bo3)
|rated|
|rule|Species Clause: Limit one of each Pokémon
|rule|Item Clause: Limit 1 of each item
|clearpoke
|poke|p1|Garganacl, L50, M|
|poke|p1|Dondozo, L50, M|
|poke|p1|Sneasler, L50, M|
|poke|p1|Gholdengo, L50|
|poke|p1|Ninetales-Alola, L50, F|
|poke|p1|Incineroar, L50, M|
|poke|p2|Toxtricity-Low-Key, L50, M|
|poke|p2|Quaquaval, L50, M|
|poke|p2|Baxcalibur, L50, F|
|poke|p2|Ninetales-Alola, L50, M|
|poke|p2|Zoroark, L50, F|
|poke|p2|Gliscor, L50, F|
|teampreview|4
|showteam|p1|Garganacl||MarangaBerry|PurifyingSalt|SaltCure,StealthRock,Protect,Recover|||M|||50|,,,,,Flying]Dondozo||Leftovers|Unaware|Liquidation,Yawn,Curse,Protect|||M|||50|,,,,,Poison]Sneasler||FocusSash|PoisonTouch|DireClaw,CloseCombat,Coaching,Protect|||M|||50|,,,,,Ghost]Gholdengo||ChoiceScarf|GoodasGold|MakeItRain,ShadowBall,Trick,PowerGem||||||50|,,,,,Steel]Ninetales-Alola||NeverMeltIce|SnowWarning|Blizzard,FreezeDry,Protect,AuroraVeil|||F|||50|,,,,,Ice]Incineroar||AssaultVest|Intimidate|FlareBlitz,KnockOff,FakeOut,DrainPunch|||M|||50|,,,,,Grass
|showteam|p2|Toxtricity-Low-Key||ThroatSpray|PunkRock|Overdrive,SludgeBomb,Protect,VoltSwitch|||M|||50|,,,,,Electric]Quaquaval||ClearAmulet|Moxie|AquaStep,CloseCombat,Protect,AquaJet|||M|||50|,,,,,Fairy]Baxcalibur||LoadedDice|ThermalExchange|IcicleSpear,Protect,GlaiveRush,DragonDance|||F|||50|,,,,,Water]Ninetales-Alola||FocusSash|SnowWarning|AuroraVeil,FreezeDry,Moonblast,Protect|||M|||50|,,,,,Ice]Zoroark||ChoiceSpecs|Illusion|DarkPulse,Flamethrower,ShadowBall,TeraBlast|||F|||50|,,,,,Electric]Gliscor||ToxicOrb|PoisonHeal|Toxic,Earthquake,Tailwind,Protect|||F|||50|,,,,,Poison
|
|t:|1756164878
|teamsize|p1|4
|teamsize|p2|4
|start
|switch|p1a: Gholdengo|Gholdengo, L50|100/100
|switch|p1b: Ninetales|Ninetales-Alola, L50, F|100/100
|switch|p2a: Ninetales|Ninetales-Alola, L50, M|100/100
|switch|p2b: Baxcalibur|Baxcalibur, L50, F|100/100
|-weather|Snowscape|[from] ability: Snow Warning|[of] p1b: Ninetales
|turn|1
|
|t:|1756164915
|-terastallize|p2b: Baxcalibur|Water
|move|p1a: Gholdengo|Trick|p2b: Baxcalibur
|-activate|p1a: Gholdengo|move: Trick|[of] p2b: Baxcalibur
|-item|p2b: Baxcalibur|Choice Scarf|[from] move: Trick
|-item|p1a: Gholdengo|Loaded Dice|[from] move: Trick
|move|p2b: Baxcalibur|Dragon Dance|p2b: Baxcalibur
|-boost|p2b: Baxcalibur|atk|1
|-boost|p2b: Baxcalibur|spe|1
|move|p1b: Ninetales|Aurora Veil|p1b: Ninetales
|-sidestart|p1: copicentrovgc|move: Aurora Veil
|move|p2a: Ninetales|Aurora Veil|p2a: Ninetales
|-sidestart|p2: dominikc|move: Aurora Veil
|
|-weather|Snowscape|[upkeep]
|upkeep
|turn|2
|
|t:|1756164945
|switch|p2b: Toxtricity|Toxtricity-Low-Key, L50, M|100/100
|-terastallize|p1a: Gholdengo|Steel
|move|p2a: Ninetales|Moonblast|p1b: Ninetales
|-damage|p1b: Ninetales|73/100
|move|p1b: Ninetales|Freeze-Dry|p2b: Toxtricity
|-damage|p2b: Toxtricity|83/100
|move|p1a: Gholdengo|Make It Rain|p2b: Toxtricity|[spread] p2a,p2b
|-supereffective|p2a: Ninetales
|-resisted|p2b: Toxtricity
|-enditem|p2a: Ninetales|Focus Sash
|-damage|p2a: Ninetales|1/100
|-damage|p2b: Toxtricity|65/100
|-unboost|p1a: Gholdengo|spa|1
|
|-weather|Snowscape|[upkeep]
|upkeep
|turn|3
|
|t:|1756164973
|move|p2a: Ninetales|Moonblast|p1b: Ninetales
|-damage|p1b: Ninetales|48/100
|move|p1b: Ninetales|Blizzard|p2b: Toxtricity|[spread] p2a,p2b
|-resisted|p2a: Ninetales
|-damage|p2a: Ninetales|0 fnt
|-damage|p2b: Toxtricity|46/100
|faint|p2a: Ninetales
|move|p1a: Gholdengo|Shadow Ball|p2b: Toxtricity
|-damage|p2b: Toxtricity|30/100
|move|p2b: Toxtricity|Sludge Bomb|p1b: Ninetales
|-supereffective|p1b: Ninetales
|-damage|p1b: Ninetales|0 fnt
|faint|p1b: Ninetales
|
|-weather|Snowscape|[upkeep]
|upkeep
|
|t:|1756164994
|switch|p1b: Dondozo|Dondozo, L50, M|100/100
|switch|p2a: Baxcalibur|Baxcalibur, L50, F, tera:Water|100/100
|turn|4
|
|t:|1756165013
|switch|p1a: Sneasler|Sneasler, L50, M|100/100
|move|p2a: Baxcalibur|Glaive Rush|p1a: Sneasler
|-damage|p1a: Sneasler|21/100
|-singlemove|p2a: Baxcalibur|Glaive Rush|[silent]
|move|p2b: Toxtricity|Overdrive|p1b: Dondozo|[spread] p1a,p1b
|-supereffective|p1b: Dondozo
|-damage|p1a: Sneasler|0 fnt
|-damage|p1b: Dondozo|73/100
|faint|p1a: Sneasler
|-enditem|p2b: Toxtricity|Throat Spray
|-boost|p2b: Toxtricity|spa|1|[from] item: Throat Spray
|move|p1b: Dondozo|Yawn|p2a: Baxcalibur
|-start|p2a: Baxcalibur|move: Yawn|[of] p1b: Dondozo
|
|-weather|Snowscape|[upkeep]
|-heal|p1b: Dondozo|79/100|[from] item: Leftovers
|upkeep
|
|t:|1756165032
|switch|p1a: Gholdengo|Gholdengo, L50, tera:Steel|100/100
|turn|5
|
|t:|1756165058
|move|p2b: Toxtricity|Protect|p2b: Toxtricity
|-singleturn|p2b: Toxtricity|Protect
|move|p2a: Baxcalibur|Glaive Rush|p1a: Gholdengo
|-resisted|p1a: Gholdengo
|-damage|p1a: Gholdengo|74/100
|-singlemove|p2a: Baxcalibur|Glaive Rush|[silent]
|move|p1a: Gholdengo|Shadow Ball|p2b: Toxtricity
|-activate|p2b: Toxtricity|move: Protect
|move|p1b: Dondozo|Curse|p1b: Dondozo
|-unboost|p1b: Dondozo|spe|1
|-boost|p1b: Dondozo|atk|1
|-boost|p1b: Dondozo|def|1
|
|-weather|none
|-heal|p1b: Dondozo|85/100|[from] item: Leftovers
|-end|p2a: Baxcalibur|move: Yawn|[silent]
|-status|p2a: Baxcalibur|slp
|-sideend|p1: copicentrovgc|move: Aurora Veil
|-sideend|p2: dominikc|move: Aurora Veil
|upkeep
|turn|6
|
|t:|1756165084
|cant|p2a: Baxcalibur|slp
|move|p1a: Gholdengo|Shadow Ball|p2b: Toxtricity
|-damage|p2b: Toxtricity|0 fnt
|faint|p2b: Toxtricity
|move|p1b: Dondozo|Curse|p1b: Dondozo
|-unboost|p1b: Dondozo|spe|1
|-boost|p1b: Dondozo|atk|1
|-boost|p1b: Dondozo|def|1
|
|-heal|p1b: Dondozo|91/100|[from] item: Leftovers
|upkeep
|
|t:|1756165098
|switch|p2b: Zoroark|Zoroark, L50, F|100/100
|turn|7
|
|t:|1756165113
|cant|p2a: Baxcalibur|slp
|move|p2b: Zoroark|Dark Pulse|p1a: Gholdengo
|-damage|p1a: Gholdengo|4/100
|move|p1a: Gholdengo|Make It Rain|p2a: Baxcalibur|[spread] p2a,p2b
|-resisted|p2a: Baxcalibur
|-damage|p2a: Baxcalibur|68/100 slp
|-damage|p2b: Zoroark|0 fnt
|-unboost|p1a: Gholdengo|spa|1
|faint|p2b: Zoroark
|move|p1b: Dondozo|Liquidation|p2a: Baxcalibur
|-resisted|p2a: Baxcalibur
|-damage|p2a: Baxcalibur|33/100 slp
|
|-heal|p1b: Dondozo|97/100|[from] item: Leftovers
|upkeep
|turn|8
|
|t:|1756165133
|-curestatus|p2a: Baxcalibur|slp|[msg]
|move|p2a: Baxcalibur|Glaive Rush|p1b: Dondozo
|-crit|p1b: Dondozo
|-damage|p1b: Dondozo|22/100
|-singlemove|p2a: Baxcalibur|Glaive Rush|[silent]
|move|p1a: Gholdengo|Shadow Ball|p2a: Baxcalibur
|-damage|p2a: Baxcalibur|0 fnt
|faint|p2a: Baxcalibur
|
|win|copicentrovgc
