|j|☆glen2
|j|☆cheesebiscuit12
|html|glen2cheesebiscuit12    
|uhtml|bestof|Game 2 of a best-of-3
|t:|1784728720
|gametype|doubles
|player|p1|glen2|170|
|player|p2|cheesebiscuit12|1|
|gen|9
|tier|[Gen 9 Champions] VGC 2026 Reg M-B (Bo3)
|rule|Species Clause: Limit one of each Pokémon
|rule|Item Clause: Limit 1 of each item
|clearpoke
|poke|p1|Charizard, L50, M, shiny|
|poke|p1|Sneasler, L50, M|
|poke|p1|Garchomp, L50, M|
|poke|p1|Toxapex, L50, F, shiny|
|poke|p1|Klefki, L50, F, shiny|
|poke|p1|Aerodactyl, L50, F|
|poke|p2|Gardevoir, L50, F|
|poke|p2|Whimsicott, L50, F|
|poke|p2|Arcanine, L50, F|
|poke|p2|Metagross, L50|
|poke|p2|Azumarill, L50, F|
|poke|p2|Golurk, L50|
|teampreview|4
|showteam|p1|Charizard||CharizarditeY|Blaze|WeatherBall,ScorchingSands,SolarBeam,Protect|Modest||M|||50|]Sneasler||WhiteHerb|Unburden|DireClaw,CloseCombat,FakeOut,Protect|Adamant||M|||50|]Garchomp||LifeOrb|RoughSkin|Protect,DragonClaw,Earthquake,StompingTantrum|Jolly||M|||50|]Toxapex||Leftovers|Regenerator|Infestation,WideGuard,BanefulBunker,ChillingWater|Bold||F|||50|]Klefki||LightClay|Prankster|LightScreen,SunnyDay,Reflect,DazzlingGleam|Bold||F|||50|]Aerodactyl||Aerodactylite|Unnerve|Tailwind,RockSlide,DualWingbeat,WideGuard|Jolly||F|||50|
|showteam|p2|Gardevoir||Gardevoirite|Telepathy|MistyExplosion,HyperVoice,Psyshock,FocusBlast|Timid||F|||50|]Whimsicott||FocusSash|Prankster|Moonblast,Tailwind,Encore,LightScreen|Timid||F|||50|]Arcanine||LifeOrb|Justified|ExtremeSpeed,FlareBlitz,WildCharge,CloseCombat|Hasty||F|||50|]Metagross||OccaBerry|ClearBody|Explosion,Protect,BulletPunch,MeteorMash|Serious|||||50|]Azumarill||SitrusBerry|HugePower|BellyDrum,AquaJet,PlayRough,Protect|Adamant||F|||50|]Golurk||ColburBerry|Klutz|StealthRock,Earthquake,Poltergeist,IcePunch|Adamant|||||50|
|
|t:|1784728741
|teamsize|p1|4
|teamsize|p2|4
|start
|switch|p1a: Charizard|Charizard, L50, M, shiny|100/100
|switch|p1b: Sneasler|Sneasler, L50, M|100/100
|switch|p2a: Whimsicott|Whimsicott, L50, F|100/100
|switch|p2b: Azumarill|Azumarill, L50, F|100/100
|turn|1
|
|t:|1784728757
|detailschange|p1a: Charizard|Charizard-Mega-Y, L50, M, shiny
|-mega|p1a: Charizard|Charizard|Charizardite Y
|-weather|SunnyDay|[from] ability: Drought|[of] p1a: Charizard
|move|p2b: Azumarill|Protect|p2b: Azumarill
|-singleturn|p2b: Azumarill|Protect
|move|p1b: Sneasler|Fake Out|p2a: Whimsicott
|-damage|p2a: Whimsicott|81/100
|cant|p2a: Whimsicott|flinch
|move|p1a: Charizard|Solar Beam||[still]
|-prepare|p1a: Charizard|Solar Beam
|-anim|p1a: Charizard|Solar Beam|p2b: Azumarill
|-activate|p2b: Azumarill|move: Protect
|
|-weather|SunnyDay|[upkeep]
|upkeep
|turn|2
|
|t:|1784728781
|switch|p2b: Arcanine|Arcanine, L50, F|100/100
|move|p2a: Whimsicott|Tailwind|p2a: Whimsicott
|-sidestart|p2: cheesebiscuit12|move: Tailwind
|move|p1b: Sneasler|Dire Claw|p2b: Arcanine
|-damage|p2b: Arcanine|37/100
|move|p1a: Charizard|Solar Beam||[still]
|-prepare|p1a: Charizard|Solar Beam
|-anim|p1a: Charizard|Solar Beam|p2b: Arcanine
|-resisted|p2b: Arcanine|1
|-damage|p2b: Arcanine|12/100
|
|-weather|SunnyDay|[upkeep]
|upkeep
|turn|3
|
|t:|1784728839
|move|p1a: Charizard|Protect|p1a: Charizard
|-singleturn|p1a: Charizard|Protect
|move|p2a: Whimsicott|Moonblast|p1b: Sneasler
|-damage|p1b: Sneasler|63/100
|move|p2b: Arcanine|Wild Charge|p1a: Charizard
|-activate|p1a: Charizard|move: Protect
|move|p1b: Sneasler|Dire Claw|p2b: Arcanine
|-damage|p2b: Arcanine|0 fnt
|faint|p2b: Arcanine
|
|-weather|SunnyDay|[upkeep]
|upkeep
|
|t:|1784728846
|switch|p2b: Golurk|Golurk, L50|100/100
|turn|4
|
|t:|1784728892
|switch|p1a: Toxapex|Toxapex, L50, F, shiny|100/100
|move|p2a: Whimsicott|Encore||[still]
|-fail|p2a: Whimsicott
|move|p2b: Golurk|Ice Punch|p1a: Toxapex
|-resisted|p1a: Toxapex|1
|-damage|p1a: Toxapex|89/100
|move|p1b: Sneasler|Dire Claw|p2a: Whimsicott
|-supereffective|p2a: Whimsicott|2
|-crit|p2a: Whimsicott
|-damage|p2a: Whimsicott|0 fnt
|faint|p2a: Whimsicott
|
|-weather|SunnyDay|[upkeep]
|-heal|p1a: Toxapex|95/100|[from] item: Leftovers
|upkeep
|
|t:|1784728899
|switch|p2a: Azumarill|Azumarill, L50, F|100/100
|turn|5
|
|t:|1784728923
|move|p2b: Golurk|Poltergeist|p1a: Toxapex
|-activate|p1a: Toxapex|move: Poltergeist|Leftovers
|-damage|p1a: Toxapex|56/100
|move|p1b: Sneasler|Dire Claw|p2a: Azumarill
|-supereffective|p2a: Azumarill|1
|-damage|p2a: Azumarill|1/100
|-status|p2a: Azumarill|slp
|-enditem|p2a: Azumarill|Sitrus Berry|[eat]
|-heal|p2a: Azumarill|25/100 slp|[from] item: Sitrus Berry
|cant|p2a: Azumarill|slp
|move|p1a: Toxapex|Chilling Water|p2a: Azumarill
|-resisted|p2a: Azumarill|1
|-damage|p2a: Azumarill|22/100 slp
|-unboost|p2a: Azumarill|atk|1
|
|-weather|none
|-heal|p1a: Toxapex|62/100|[from] item: Leftovers
|-sideend|p2: cheesebiscuit12|move: Tailwind
|upkeep
|turn|6
|
|t:|1784728938
|cant|p2a: Azumarill|slp
|move|p1b: Sneasler|Dire Claw|p2a: Azumarill
|-supereffective|p2a: Azumarill|1
|-damage|p2a: Azumarill|0 fnt
|faint|p2a: Azumarill
|move|p2b: Golurk|Earthquake|p1a: Toxapex|[spread] p1a,p1b
|-supereffective|p1a: Toxapex|1
|-supereffective|p1b: Sneasler|1
|-damage|p1a: Toxapex|8/100
|-damage|p1b: Sneasler|0 fnt
|faint|p1b: Sneasler
|move|p1a: Toxapex|Chilling Water|p2b: Golurk
|-supereffective|p2b: Golurk|1
|-damage|p2b: Golurk|73/100
|-unboost|p2b: Golurk|atk|1
|
|-heal|p1a: Toxapex|14/100|[from] item: Leftovers
|upkeep
|
|t:|1784728944
|switch|p1b: Charizard|Charizard-Mega-Y, L50, M, shiny|100/100
|-weather|SunnyDay|[from] ability: Drought|[of] p1b: Charizard
|turn|7
|
|t:|1784728956
|move|p1a: Toxapex|Baneful Bunker|p1a: Toxapex
|-singleturn|p1a: Toxapex|move: Protect
|move|p1b: Charizard|Solar Beam||[still]
|-prepare|p1b: Charizard|Solar Beam
|-anim|p1b: Charizard|Solar Beam|p2b: Golurk
|-supereffective|p2b: Golurk|1
|-damage|p2b: Golurk|0 fnt
|faint|p2b: Golurk
|
|win|glen2
|l|☆glen2
|player|p1|
|j|☆glen2
|player|p1|glen2|170|
