|j|☆Rashito22shito
|j|☆ikeer.ros
|html|Rashito22shitoikeer.ros    
|uhtml|bestof|Game 1 of a best-of-3
|t:|1756374583
|gametype|doubles
|player|p1|Rashito22shito|shadowtriad|
|player|p2|ikeer.ros|brawly|
|gen|9
|tier|[Gen 9] VGC 2025 Reg H (Bo3)
|rule|Species Clause: Limit one of each Pokémon
|rule|Item Clause: Limit 1 of each item
|clearpoke
|poke|p1|Weezing, L50, M|
|poke|p1|Incineroar, L50, M|
|poke|p1|Ninetales-Alola, L50, F|
|poke|p1|Annihilape, L50, M|
|poke|p1|Garchomp, L50, M|
|poke|p1|Jolteon, L50, F|
|poke|p2|Kilowattrel, L50, F|
|poke|p2|Gholdengo, L50|
|poke|p2|Ursaluna, L50, F|
|poke|p2|Incineroar, L50, M|
|poke|p2|Dragonite, L50, M|
|poke|p2|Farigiraf, L50, F|
|teampreview|4
|showteam|p1|Weezing||SitrusBerry|NeutralizingGas|SludgeBomb,ClearSmog,WillOWisp,Protect|||M|||50|,,,,,Water]Incineroar||AbilityShield|Intimidate|FlareBlitz,KnockOff,PartingShot,FakeOut|||M|||50|,,,,,Poison]Ninetales-Alola||FocusSash|SnowWarning|Blizzard,Moonblast,AuroraVeil,Protect|||F|||50|,,,,,Ghost]Annihilape||SafetyGoggles|Defiant|DrainPunch,RageFist,BulkUp,Protect|||M|||50|,,,,,Fire]Garchomp||AssaultVest|RoughSkin|DragonClaw,StompingTantrum,Earthquake,IronHead|||M|||50|,,,,,Steel]Jolteon||ChoiceScarf|VoltAbsorb|Thunderbolt,Electroweb,ShadowBall,VoltSwitch|||F|||50|,,,,,Ghost
|showteam|p2|Kilowattrel||FocusSash|Competitive|Tailwind,Protect,Thunderbolt,AirSlash|||F|||50|,,,,,Ghost]Gholdengo||LifeOrb|GoodasGold|NastyPlot,Protect,ShadowBall,MakeItRain||||||50|,,,,,Dragon]Ursaluna||FlameOrb|Guts|Earthquake,Protect,Facade,HeadlongRush|||F|||50|,,,,,Fairy]Incineroar||RockyHelmet|Intimidate|PartingShot,FlareBlitz,KnockOff,FakeOut|||M|||50|,,,,,Bug]Dragonite||LoadedDice|Multiscale|ScaleShot,Tailwind,Haze,Protect|||M|||50|,,,,,Fairy]Farigiraf||SafetyGoggles|ArmorTail|Imprison,TrickRoom,ExpandingForce,DazzlingGleam|||F|||50|,,,,,Fairy
|inactive|Battle timer is ON: inactive players will automatically lose when time's up. (requested by ikeer.ros)
|c|☆ikeer.ros|glhf
|c|☆Rashito22shito|gflhf
|inactive|Rashito22shito has 60 seconds left.
|inactive|ikeer.ros has 60 seconds left.
|inactive|Rashito22shito has 30 seconds left.
|inactive|Rashito22shito has 20 seconds left.
|inactive|Rashito22shito has 15 seconds left.
|inactive|Rashito22shito has 10 seconds left.
|inactive|Rashito22shito has 5 seconds left.
|
|t:|1756374677
|teamsize|p1|4
|teamsize|p2|4
|start
|switch|p1a: Weezing|Weezing, L50, M|100/100
|switch|p1b: Incineroar|Incineroar, L50, M, shiny|100/100
|switch|p2a: PP|Kilowattrel, L50, F, shiny|100/100
|switch|p2b: Psoe|Gholdengo, L50|100/100
|-ability|p1a: Weezing|Neutralizing Gas
|-block|p1b: Incineroar|item: Ability Shield
|-ability|p1b: Incineroar|Intimidate|boost
|-unboost|p2a: PP|atk|1
|-unboost|p2b: Psoe|atk|1
|turn|1
|inactive|Rashito22shito has 30 seconds left.
|inactive|ikeer.ros has 30 seconds left.
|inactive|Rashito22shito has 20 seconds left.
|inactive|ikeer.ros has 20 seconds left.
|
|t:|1756374719
|-terastallize|p2b: Psoe|Dragon
|move|p2a: PP|Tailwind|p2a: PP
|-sidestart|p2: ikeer.ros|move: Tailwind
|move|p2b: Psoe|Nasty Plot|p2b: Psoe
|-boost|p2b: Psoe|spa|2
|move|p1b: Incineroar|Parting Shot|p2b: Psoe
|-unboost|p2b: Psoe|atk|1
|-unboost|p2b: Psoe|spa|1
|
|t:|1756374727
|switch|p1b: Ninetales|Ninetales-Alola, L50, F, shiny|100/100|[from] Parting Shot
|move|p1a: Weezing|Sludge Bomb|p2a: PP
|-damage|p2a: PP|48/100
|
|upkeep
|turn|2
|
|t:|1756374742
|-end|p1a: Weezing|ability: Neutralizing Gas
|-weather|Snowscape|[from] ability: Snow Warning|[of] p1b: Ninetales
|switch|p1a: Incineroar|Incineroar, L50, M, shiny|100/100
|-ability|p1a: Incineroar|Intimidate|boost
|-unboost|p2a: PP|atk|1
|-ability|p2a: PP|Competitive|boost
|-boost|p2a: PP|spa|2
|-unboost|p2b: Psoe|atk|1
|move|p1b: Ninetales|Protect|p1b: Ninetales
|-singleturn|p1b: Ninetales|Protect
|move|p2a: PP|Thunderbolt|p1b: Ninetales
|-activate|p1b: Ninetales|move: Protect
|move|p2b: Psoe|Make It Rain|p1b: Ninetales|[spread] p1a
|-activate|p1b: Ninetales|move: Protect
|-resisted|p1a: Incineroar
|-damage|p1a: Incineroar|53/100
|-unboost|p2b: Psoe|spa|1
|-damage|p2b: Psoe|91/100|[from] item: Life Orb
|
|-weather|Snowscape|[upkeep]
|upkeep
|turn|3
|
|t:|1756374760
|move|p2b: Psoe|Protect|p2b: Psoe
|-singleturn|p2b: Psoe|Protect
|move|p1a: Incineroar|Fake Out|p2b: Psoe
|-activate|p2b: Psoe|move: Protect
|move|p2a: PP|Thunderbolt|p1a: Incineroar
|-damage|p1a: Incineroar|0 fnt
|faint|p1a: Incineroar
|move|p1b: Ninetales|Blizzard|p2a: PP|[spread] p2a
|-activate|p2b: Psoe|move: Protect
|-supereffective|p2a: PP
|-damage|p2a: PP|0 fnt
|faint|p2a: PP
|
|-weather|Snowscape|[upkeep]
|upkeep
|
|t:|1756374772
|switch|p2a: Vox|Dragonite, L50, M, shiny|100/100
|switch|p1a: Annihilape|Annihilape, L50, M|100/100
|turn|4
|inactive|Rashito22shito has 30 seconds left.
|
|t:|1756374802
|-terastallize|p1b: Ninetales|Ghost
|move|p2b: Psoe|Make It Rain|p1b: Ninetales|[spread] p1a,p1b
|-damage|p1a: Annihilape|48/100
|-damage|p1b: Ninetales|40/100
|-unboost|p2b: Psoe|spa|1
|-damage|p2b: Psoe|82/100|[from] item: Life Orb
|move|p2a: Vox|Scale Shot|p1a: Annihilape
|-damage|p1a: Annihilape|33/100
|-damage|p1a: Annihilape|18/100
|-damage|p1a: Annihilape|2/100
|-damage|p1a: Annihilape|0 fnt
|faint|p1a: Annihilape
|-hitcount|p1: Annihilape|4
|-unboost|p2a: Vox|def|1
|-boost|p2a: Vox|spe|1
|move|p1b: Ninetales|Blizzard|p2b: Psoe|[spread] p2a,p2b
|-supereffective|p2a: Vox
|-supereffective|p2b: Psoe
|-damage|p2a: Vox|45/100
|-damage|p2b: Psoe|20/100
|
|-weather|Snowscape|[upkeep]
|-sideend|p2: ikeer.ros|move: Tailwind
|upkeep
|
|t:|1756374806
|switch|p1a: Weezing|Weezing, L50, M|100/100
|-ability|p1a: Weezing|Neutralizing Gas
|turn|5
|inactive|ikeer.ros has 30 seconds left.
|
|t:|1756374833
|move|p2b: Psoe|Protect|p2b: Psoe
|-singleturn|p2b: Psoe|Protect
|move|p2a: Vox|Tailwind|p2a: Vox
|-sidestart|p2: ikeer.ros|move: Tailwind
|move|p1b: Ninetales|Blizzard|p2a: Vox|[spread] p2a
|-activate|p2b: Psoe|move: Protect
|-supereffective|p2a: Vox
|-damage|p2a: Vox|0 fnt
|faint|p2a: Vox
|move|p1a: Weezing|Sludge Bomb|p2b: Psoe
|-activate|p2b: Psoe|move: Protect
|
|-weather|Snowscape|[upkeep]
|upkeep
|
|t:|1756374836
|switch|p2a: sumar|Ursaluna, L50, F, shiny|100/100
|turn|6
|
|t:|1756374859
|move|p1a: Weezing|Protect|p1a: Weezing
|-singleturn|p1a: Weezing|Protect
|move|p2b: Psoe|Make It Rain|p1a: Weezing|[spread] p1b
|-activate|p1a: Weezing|move: Protect
|-damage|p1b: Ninetales|0 fnt
|-unboost|p2b: Psoe|spa|1
|faint|p1b: Ninetales
|-damage|p2b: Psoe|11/100|[from] item: Life Orb
|move|p2a: sumar|Earthquake|p1a: Weezing|[spread] p2b
|-activate|p1a: Weezing|move: Protect
|-damage|p2b: Psoe|0 fnt
|faint|p2b: Psoe
|
|-weather|none
|-status|p2a: sumar|brn|[from] item: Flame Orb
|upkeep
|turn|7
|
|t:|1756374871
|move|p2a: sumar|Facade|p1a: Weezing
|-damage|p1a: Weezing|26/100
|-enditem|p1a: Weezing|Sitrus Berry|[eat]
|-heal|p1a: Weezing|50/100|[from] item: Sitrus Berry
|move|p1a: Weezing|Sludge Bomb|p2a: sumar
|-resisted|p2a: sumar
|-damage|p2a: sumar|86/100 brn
|
|-damage|p2a: sumar|80/100 brn|[from] brn
|upkeep
|turn|8
|
|t:|1756374882
|move|p1a: Weezing|Protect|p1a: Weezing
|-singleturn|p1a: Weezing|Protect
|move|p2a: sumar|Facade|p1a: Weezing
|-activate|p1a: Weezing|move: Protect
|
|-damage|p2a: sumar|74/100 brn|[from] brn
|-sideend|p2: ikeer.ros|move: Tailwind
|upkeep
|turn|9
|
|t:|1756374889
|move|p2a: sumar|Facade|p1a: Weezing
|-damage|p1a: Weezing|0 fnt
|faint|p1a: Weezing
|-end|p1a: Weezing|ability: Neutralizing Gas
|
|win|ikeer.ros
||ikeer.ros is ready for game 2.
||Rashito22shito is ready for game 2.
|uhtml|next|Next: Game 2 of 3
|l|☆ikeer.ros
|player|p2|
|j|☆ikeer.ros
|player|p2|ikeer.ros|brawly|
|l|☆Rashito22shito
|player|p1|
