|j|☆exessvgc
|j|☆Orion11Vgc
|html|exessvgcOrion11Vgc    
|uhtml|bestof|Game 2 of a best-of-3
|t:|1782297739
|gametype|doubles
|player|p1|exessvgc|lucas|1141
|player|p2|Orion11Vgc|lucas|1137
|gen|9
|tier|[Gen 9 Champions] VGC 2026 Reg M-B (Bo3)
|rated|
|rule|Species Clause: Limit one of each Pokémon
|rule|Item Clause: Limit 1 of each item
|clearpoke
|poke|p1|Charizard, L50, F|
|poke|p1|Sneasler, L50, M|
|poke|p1|Incineroar, L50, F|
|poke|p1|Sinistcha, L50|
|poke|p1|Farigiraf, L50, F|
|poke|p1|Aerodactyl, L50, F|
|poke|p2|Metagross, L50|
|poke|p2|Sneasler, L50, F|
|poke|p2|Incineroar, L50, M|
|poke|p2|Hydreigon, L50, M|
|poke|p2|Aerodactyl, L50, F|
|poke|p2|Floette-Eternal, L50, F|
|teampreview|4
|showteam|p1|Charizard||CharizarditeX|Blaze|DragonDance,DragonClaw,FlareBlitz,Protect|Jolly||F|||50|]Sneasler||WhiteHerb|PoisonTouch|FakeOut,Coaching,CloseCombat,DireClaw|Jolly||M|||50|]Incineroar||PasshoBerry|Intimidate|ThroatChop,PartingShot,FakeOut,Protect|Impish||F|||50|]Sinistcha||OccaBerry|Hospitality|MatchaGotcha,RagePowder,TrickRoom,Protect|Bold|||||50|]Farigiraf||SitrusBerry|ArmorTail|TrickRoom,Thunderbolt,HelpingHand,TwinBeam|Calm||F|||50|]Aerodactyl||FocusSash|Unnerve|RockSlide,Tailwind,DualWingbeat,Protect|Jolly||F|||50|
|showteam|p2|Metagross||Metagrossite|ClearBody|IronHead,PsychicFangs,BodyPress,Protect|Jolly|||||50|]Sneasler||WhiteHerb|Unburden|FakeOut,CloseCombat,DireClaw,Coaching|Jolly||F|||50|]Incineroar||PasshoBerry|Intimidate|FakeOut,FlareBlitz,ThroatChop,PartingShot|Careful||M|||50|]Hydreigon||ChoiceScarf|Levitate|DracoMeteor,DarkPulse,Snarl,Flamethrower|Modest||M|||50|]Aerodactyl||FocusSash|Unnerve|RockSlide,Tailwind,DualWingbeat,WideGuard|Jolly||F|||50|]Floette-Eternal||Floettite|FlowerVeil|DrainingKiss,DazzlingGleam,CalmMind,Protect|Modest||F|||50|
|inactive|Battle timer is ON: inactive players will automatically lose when time's up. (requested by Orion11Vgc)
|
|t:|1782297754
|teamsize|p1|4
|teamsize|p2|4
|start
|switch|p1a: IL COACH|Sneasler, L50, M|100/100
|switch|p1b: Aerodactyl|Aerodactyl, L50, F|100/100
|switch|p2a: Aerodactyl|Aerodactyl, L50, F|100/100
|switch|p2b: Sneasler|Sneasler, L50, F|100/100
|-ability|p2a: Aerodactyl|Unnerve
|-ability|p1b: Aerodactyl|Unnerve
|turn|1
|inactive|exessvgc has 30 seconds left.
|inactive|exessvgc has 20 seconds left.
|inactive|exessvgc has 15 seconds left.
|inactive|exessvgc has 10 seconds left.
|
|t:|1782297802
|move|p1a: IL COACH|Fake Out|p2a: Aerodactyl
|-resisted|p2a: Aerodactyl|1
|-damage|p2a: Aerodactyl|89/100
|move|p2b: Sneasler|Fake Out|p1b: Aerodactyl
|-resisted|p1b: Aerodactyl|1
|-damage|p1b: Aerodactyl|90/100
|cant|p2a: Aerodactyl|flinch
|cant|p1b: Aerodactyl|flinch
|
|upkeep
|turn|2
|
|t:|1782297827
|move|p1b: Aerodactyl|Dual Wingbeat|p2b: Sneasler
|-supereffective|p2b: Sneasler|1
|-damage|p2b: Sneasler|50/100g
|-supereffective|p2b: Sneasler|1
|-damage|p2b: Sneasler|0 fnt
|faint|p2b: Sneasler
|-hitcount|p2: Sneasler|2
|move|p2a: Aerodactyl|Tailwind|p2a: Aerodactyl
|-sidestart|p2: Orion11Vgc|move: Tailwind
|move|p1a: IL COACH|Close Combat|p2a: Aerodactyl
|-damage|p2a: Aerodactyl|0 fnt
|-unboost|p1a: IL COACH|def|1
|-unboost|p1a: IL COACH|spd|1
|faint|p2a: Aerodactyl
|-enditem|p1a: IL COACH|White Herb
|-clearnegativeboost|p1a: IL COACH|[silent]
|
|upkeep
|
|t:|1782297843
|switch|p2a: Floette|Floette-Eternal, L50, F|100/100
|switch|p2b: Incineroar|Incineroar, L50, M|100/100
|-ability|p2b: Incineroar|Intimidate|boost
|-unboost|p1a: IL COACH|atk|1
|-unboost|p1b: Aerodactyl|atk|1
|turn|3
|
|t:|1782297865
|switch|p1b: IL CAMPIONE|Incineroar, L50, F|100/100
|-ability|p1b: IL CAMPIONE|Intimidate|boost
|-unboost|p2a: Floette|atk|1
|-unboost|p2b: Incineroar|atk|1
|detailschange|p2a: Floette|Floette-Mega, L50, F
|-mega|p2a: Floette|Floette|Floettite
|-ability|p2a: Floette|Fairy Aura
|move|p2b: Incineroar|Fake Out|p1a: IL COACH
|-damage|p1a: IL COACH|86/100
|move|p2a: Floette|Calm Mind|p2a: Floette
|-boost|p2a: Floette|spa|1
|-boost|p2a: Floette|spd|1
|cant|p1a: IL COACH|flinch
|
|upkeep
|turn|4
|
|t:|1782297887
|move|p2a: Floette|Protect|p2a: Floette
|-singleturn|p2a: Floette|Protect
|move|p1b: IL CAMPIONE|Fake Out|p2a: Floette
|-activate|p2a: Floette|move: Protect
|move|p1a: IL COACH|Close Combat|p2b: Incineroar
|-supereffective|p2b: Incineroar|1
|-damage|p2b: Incineroar|25/100
|-unboost|p1a: IL COACH|def|1
|-unboost|p1a: IL COACH|spd|1
|-status|p2b: Incineroar|psn|[from] ability: Poison Touch|[of] p1a: IL COACH
|move|p2b: Incineroar|Parting Shot|p1a: IL COACH
|-unboost|p1a: IL COACH|atk|1
|-unboost|p1a: IL COACH|spa|1
|
|-damage|p2b: Incineroar|13/100 psn|[from] psn
|upkeep
|turn|5
|inactive|exessvgc has 30 seconds left.
|
|t:|1782297916
|switch|p1a: Aerodactyl|Aerodactyl, L50, F|90/100
|-ability|p1a: Aerodactyl|Unnerve
|move|p1b: IL CAMPIONE|Protect|p1b: IL CAMPIONE
|-singleturn|p1b: IL CAMPIONE|Protect
|move|p2a: Floette|Dazzling Gleam|p1a: Aerodactyl|[spread] p1a
|-activate|p1b: IL CAMPIONE|move: Protect
|-damage|p1a: Aerodactyl|0 fnt
|faint|p1a: Aerodactyl
|move|p2b: Incineroar|Parting Shot|p1b: IL CAMPIONE
|-activate|p1b: IL CAMPIONE|move: Protect
|
|-damage|p2b: Incineroar|1/100 psn|[from] psn
|-sideend|p2: Orion11Vgc|move: Tailwind
|upkeep
|
|t:|1782297935
|switch|p1a: IL COACH|Sneasler, L50, M|86/100
|turn|6
|
|t:|1782297948
|move|p2a: Floette|Protect|p2a: Floette
|-singleturn|p2a: Floette|Protect
|move|p1a: IL COACH|Fake Out|p2a: Floette
|-activate|p2a: Floette|move: Protect
|move|p1b: IL CAMPIONE|Throat Chop|p2b: Incineroar
|-resisted|p2b: Incineroar|1
|-damage|p2b: Incineroar|0 fnt
|faint|p2b: Incineroar
|
|upkeep
|turn|7
|
|t:|1782297960
|move|p1a: IL COACH|Dire Claw|p2a: Floette
|-supereffective|p2a: Floette|1
|-damage|p2a: Floette|16/100
|-status|p2a: Floette|psn
|move|p2a: Floette|Draining Kiss|p1a: IL COACH
|-damage|p1a: IL COACH|11/100
|-heal|p2a: Floette|72/100 psn|[from] drain|[of] p1a: IL COACH
|move|p1b: IL CAMPIONE|Parting Shot|p2a: Floette
|-unboost|p2a: Floette|atk|1
|-unboost|p2a: Floette|spa|1
|
|t:|1782297971
|switch|p1b: EXESS|Charizard, L50, F|100/100|[from] Parting Shot
|
|-damage|p2a: Floette|61/100 psn|[from] psn
|upkeep
|turn|8
|
|t:|1782297978
|detailschange|p1b: EXESS|Charizard-Mega-X, L50, F
|-mega|p1b: EXESS|Charizard|Charizardite X
|move|p1a: IL COACH|Dire Claw|p2a: Floette
|-supereffective|p2a: Floette|1
|-damage|p2a: Floette|0 fnt
|-fail|p2a: Floette
|faint|p2a: Floette
|
|win|exessvgc
|raw|exessvgc's rating: 1141 → 1166(+25 for winning)
|raw|Orion11Vgc's rating: 1137 → 1112(-25 for losing)
|l|☆Orion11Vgc
|player|p2|
|l|☆exessvgc
|player|p1|
|j|☆exessvgc
|player|p1|exessvgc|lucas|
