|j|☆SHLOK101
|j|☆jeanryupr
|html|SHLOK101jeanryupr    
|uhtml|bestof|Game 2 of a best-of-3
|t:|1785764667
|gametype|doubles
|player|p1|SHLOK101|cynthia|1248
|player|p2|jeanryupr|170|1161
|gen|9
|tier|[Gen 9 Champions] VGC 2026 Reg M-B (Bo3)
|rated|
|rule|Species Clause: Limit one of each Pokémon
|rule|Item Clause: Limit 1 of each item
|clearpoke
|poke|p1|Blaziken, L50, F|
|poke|p1|Tyranitar, L50, M|
|poke|p1|Lucario, L50, F|
|poke|p1|Mamoswine, L50, M|
|poke|p1|Ditto, L50|
|poke|p1|Houndstone, L50, F|
|poke|p2|Raichu, L50, M|
|poke|p2|Aerodactyl, L50, M|
|poke|p2|Floette-Eternal, L50, F|
|poke|p2|Basculegion, L50, M|
|poke|p2|Farigiraf, L50, F|
|poke|p2|Garchomp, L50, M|
|teampreview|4
|showteam|p1|Blaziken||FocusSash|SpeedBoost|HeatWave,AuraSphere,Coaching,Protect|Modest||F|||50|]Tyranitar||Tyranitarite|SandStream|KnockOff,RockSlide,DragonDance,Protect|Jolly||M|||50|]Lucario||Lucarionite|InnerFocus|MeteorMash,CloseCombat,ThunderPunch,Protect|Jolly||F|||50|]Mamoswine||LifeOrb|Oblivious|IcicleCrash,HighHorsepower,IceShard,Protect|Adamant||M|||50|]Ditto||MentalHerb|Imposter|Transform|Hasty|||||50|]Houndstone||ColburBerry|SandRush|LastRespects,PlayRough,Howl,Protect|Jolly||F|||50|
|showteam|p2|Raichu||RaichuniteY|LightningRod|ZapCannon,FocusBlast,FakeOut,Protect|Timid||M|||50|]Aerodactyl||FocusSash|Unnerve|WideGuard,DualWingbeat,RockSlide,Tailwind|Jolly||M|||50|]Floette-Eternal||Floettite|FlowerVeil|CalmMind,DazzlingGleam,DrainingKiss,Protect|Timid||F|||50|]Basculegion||MysticWater|Adaptability|WaveCrash,LastRespects,AquaJet,Protect|Adamant||M|||50|]Farigiraf||SitrusBerry|ArmorTail|TrickRoom,HelpingHand,Thunderbolt,Psychic|Bold||F|||50|]Garchomp||LifeOrb|RoughSkin|Protect,DragonClaw,StompingTantrum,RockSlide|Jolly||M|||50|
|inactive|Battle timer is ON: inactive players will automatically lose when time's up. (requested by SHLOK101)
|inactive|jeanryupr has 60 seconds left.
|
|t:|1785764725
|teamsize|p1|4
|teamsize|p2|4
|start
|switch|p1a: Blaziken|Blaziken, L50, F|100/100
|switch|p1b: Mamoswine|Mamoswine, L50, M|100/100
|switch|p2a: Basculegion|Basculegion, L50, M|100/100
|switch|p2b: Aerodactyl|Aerodactyl, L50, M|100/100
|-ability|p2b: Aerodactyl|Unnerve
|turn|1
|inactive|SHLOK101 has 30 seconds left.
|
|t:|1785764751
|move|p1b: Mamoswine|Protect|p1b: Mamoswine
|-singleturn|p1b: Mamoswine|Protect
|move|p2b: Aerodactyl|Tailwind|p2b: Aerodactyl
|-sidestart|p2: jeanryupr|move: Tailwind
|move|p2a: Basculegion|Wave Crash|p1b: Mamoswine
|-activate|p1b: Mamoswine|move: Protect
|move|p1a: Blaziken|Heat Wave|p2b: Aerodactyl|[spread] p2a,p2b
|-resisted|p2a: Basculegion|1
|-resisted|p2b: Aerodactyl|1
|-damage|p2a: Basculegion|78/100
|-damage|p2b: Aerodactyl|75/100
|
|-ability|p1a: Blaziken|Speed Boost|boost
|-boost|p1a: Blaziken|spe|1
|upkeep
|turn|2
|
|t:|1785764766
|move|p1b: Mamoswine|Ice Shard|p2b: Aerodactyl
|-supereffective|p2b: Aerodactyl|1
|-damage|p2b: Aerodactyl|0 fnt
|faint|p2b: Aerodactyl
|-damage|p1b: Mamoswine|90/100|[from] item: Life Orb
|move|p2a: Basculegion|Wave Crash|p1b: Mamoswine
|-supereffective|p1b: Mamoswine|1
|-damage|p1b: Mamoswine|0 fnt
|faint|p1b: Mamoswine
|-damage|p2a: Basculegion|49/100|[from] Recoil
|move|p1a: Blaziken|Heat Wave|p2a: Basculegion
|-resisted|p2a: Basculegion|1
|-damage|p2a: Basculegion|23/100
|
|-ability|p1a: Blaziken|Speed Boost|boost
|-boost|p1a: Blaziken|spe|1
|upkeep
|
|t:|1785764778
|switch|p2b: Raichu|Raichu, L50, M|100/100
|switch|p1b: Houndstone|Houndstone, L50, F|100/100
|turn|3
|
|t:|1785764794
|switch|p1a: Tyranitar|Tyranitar, L50, M|100/100
|-weather|Sandstorm|[from] ability: Sand Stream|[of] p1a: Tyranitar
|detailschange|p2b: Raichu|Raichu-Mega-Y, L50, M
|-mega|p2b: Raichu|Raichu|Raichunite Y
|move|p2b: Raichu|Fake Out|p1a: Tyranitar
|-resisted|p1a: Tyranitar|1
|-damage|p1a: Tyranitar|96/100
|move|p1b: Houndstone|Last Respects|p2a: Basculegion
|-supereffective|p2a: Basculegion|1
|-damage|p2a: Basculegion|0 fnt
|faint|p2a: Basculegion
|
|-weather|Sandstorm|[upkeep]
|-damage|p2b: Raichu|94/100|[from] Sandstorm
|upkeep
|
|t:|1785764806
|switch|p2a: Farigiraf|Farigiraf, L50, F|100/100
|turn|4
|
|t:|1785764829
|detailschange|p1a: Tyranitar|Tyranitar-Mega, L50, M
|-mega|p1a: Tyranitar|Tyranitar|Tyranitarite
|move|p2b: Raichu|Focus Blast|p1a: Tyranitar
|-supereffective|p1a: Tyranitar|2
|-damage|p1a: Tyranitar|0 fnt
|faint|p1a: Tyranitar
|move|p1b: Houndstone|Last Respects|p2b: Raichu
|-damage|p2b: Raichu|0 fnt
|faint|p2b: Raichu
|move|p2a: Farigiraf|Psychic|p1b: Houndstone
|-damage|p1b: Houndstone|59/100
|
|-weather|Sandstorm|[upkeep]
|-damage|p2a: Farigiraf|93/100|[from] Sandstorm
|-sideend|p2: jeanryupr|move: Tailwind
|upkeep
|
|t:|1785764833
|switch|p1a: Blaziken|Blaziken, L50, F|100/100
|turn|5
|
|t:|1785764848
|move|p1b: Houndstone|Play Rough|p2a: Farigiraf
|-damage|p2a: Farigiraf|74/100
|move|p1a: Blaziken|Heat Wave|p2a: Farigiraf|[miss]
|-miss|p1a: Blaziken|p2a: Farigiraf
|move|p2a: Farigiraf|Psychic|p1a: Blaziken
|-supereffective|p1a: Blaziken|1
|-enditem|p1a: Blaziken|Focus Sash
|-damage|p1a: Blaziken|1/100
|
|-weather|Sandstorm|[upkeep]
|-damage|p1a: Blaziken|0 fnt|[from] Sandstorm
|-damage|p2a: Farigiraf|67/100|[from] Sandstorm
|faint|p1a: Blaziken
|upkeep
|turn|6
|-message|SHLOK101 forfeited.
|
|win|jeanryupr
