|j|☆I love bo3
|j|☆BenBen84
|html|I love bo3BenBen84    
|uhtml|bestof|Game 2 of a best-of-3
|t:|1785513542
|gametype|doubles
|player|p1|I love bo3|dawn|
|player|p2|BenBen84|unknown|
|gen|9
|tier|[Gen 9 Champions] VGC 2026 Reg M-B (Bo3)
|rule|Species Clause: Limit one of each Pokémon
|rule|Item Clause: Limit 1 of each item
|clearpoke
|poke|p1|Staraptor, L50, M, shiny|
|poke|p1|Charizard, L50, M, shiny|
|poke|p1|Garchomp, L50, M, shiny|
|poke|p1|Gholdengo, L50|
|poke|p1|Whimsicott, L50, F, shiny|
|poke|p1|Rotom-Wash, L50|
|poke|p2|Delphox, L50, F, shiny|
|poke|p2|Floette-Eternal, L50, F|
|poke|p2|Incineroar, L50, F, shiny|
|poke|p2|Sinistcha, L50, shiny|
|poke|p2|Sneasler, L50, F, shiny|
|poke|p2|Kingambit, L50, F, shiny|
|teampreview|4
|showteam|p1|Staraptor||Staraptite|Intimidate|CloseCombat,BraveBird,Roost,Protect|Jolly||M|||50|]Charizard||CharizarditeY|Blaze|WeatherBall,HeatWave,SolarBeam,Protect|Modest||M|||50|]Garchomp||LifeOrb|RoughSkin|Earthquake,DragonClaw,RockSlide,Protect|Jolly||M|||50|]Gholdengo||SpellTag|GoodasGold|MakeItRain,ShadowBall,NastyPlot,Protect|Modest|||||50|]Whimsicott||FocusSash|Prankster|Moonblast,Charm,Tailwind,Protect|Timid||F|||50|]Rotom-Wash||ChoiceScarf|Levitate|HydroPump,VoltSwitch,Electroweb,WillOWisp|Timid|||||50|
|showteam|p2|Delphox||Delphoxite|Blaze|HeatWave,Psyshock,NastyPlot,Protect|Timid||F|||50|]Floette-Eternal||Floettite|FlowerVeil|DazzlingGleam,DrainingKiss,CalmMind,Protect|Timid||F|||50|]Incineroar||SitrusBerry|Intimidate|FlareBlitz,HelpingHand,PartingShot,FakeOut|Impish||F|||50|]Sinistcha||OccaBerry|Hospitality|MatchaGotcha,TrickRoom,RagePowder,Protect|Bold|||||50|]Sneasler||FocusSash|PoisonTouch|DireClaw,CloseCombat,FakeOut,QuickGuard|Jolly||F|||50|]Kingambit||BlackGlasses|Defiant|KowtowCleave,SuckerPunch,SwordsDance,Protect|Adamant||F|||50|
|j| zuutokei2
|j| ttsui234
|j| otenkoz
|
|t:|1785513613
|teamsize|p1|4
|teamsize|p2|4
|start
|switch|p1a: Rotom|Rotom-Wash, L50|100/100
|switch|p1b: Charizard|Charizard, L50, M, shiny|100/100
|switch|p2a: Delphox|Delphox, L50, F, shiny|100/100
|switch|p2b: Sneasler|Sneasler, L50, F, shiny|100/100
|turn|1
|
|t:|1785513641
|detailschange|p2a: Delphox|Delphox-Mega, L50, F, shiny
|-mega|p2a: Delphox|Delphox|Delphoxite
|detailschange|p1b: Charizard|Charizard-Mega-Y, L50, M, shiny
|-mega|p1b: Charizard|Charizard|Charizardite Y
|-weather|SunnyDay|[from] ability: Drought|[of] p1b: Charizard
|move|p2b: Sneasler|Fake Out|p1a: Rotom
|-damage|p1a: Rotom|82/100
|-status|p1a: Rotom|psn|[from] ability: Poison Touch|[of] p2b: Sneasler
|cant|p1a: Rotom|flinch
|move|p2a: Delphox|Nasty Plot|p2a: Delphox
|-boost|p2a: Delphox|spa|2
|move|p1b: Charizard|Heat Wave|p2a: Delphox|[spread] p2a,p2b
|-resisted|p2a: Delphox|1
|-damage|p2a: Delphox|70/100
|-damage|p2b: Sneasler|19/100
|
|-weather|SunnyDay|[upkeep]
|-damage|p1a: Rotom|70/100 psn|[from] psn
|upkeep
|turn|2
|
|t:|1785513663
|switch|p2b: Incineroar|Incineroar, L50, F, shiny|100/100
|-ability|p2b: Incineroar|Intimidate|boost
|-unboost|p1a: Rotom|atk|1
|-unboost|p1b: Charizard|atk|1
|move|p2a: Delphox|Protect|p2a: Delphox
|-singleturn|p2a: Delphox|Protect
|move|p1a: Rotom|Electroweb|p2a: Delphox|[spread] p2b
|-activate|p2a: Delphox|move: Protect
|-damage|p2b: Incineroar|85/100
|-unboost|p2b: Incineroar|spe|1
|move|p1b: Charizard|Heat Wave|p2b: Incineroar|[spread] p2b
|-activate|p2a: Delphox|move: Protect
|-resisted|p2b: Incineroar|1
|-damage|p2b: Incineroar|56/100
|
|-weather|SunnyDay|[upkeep]
|-damage|p1a: Rotom|58/100 psn|[from] psn
|upkeep
|turn|3
|l| ttsui234
|
|t:|1785513693
|switch|p1a: Staraptor|Staraptor, L50, M, shiny|100/100
|-ability|p1a: Staraptor|Intimidate|boost
|-unboost|p2a: Delphox|atk|1
|-unboost|p2b: Incineroar|atk|1
|move|p1b: Charizard|Protect|p1b: Charizard
|-singleturn|p1b: Charizard|Protect
|move|p2b: Incineroar|Fake Out|p1a: Staraptor
|-damage|p1a: Staraptor|90/100
|move|p2a: Delphox|Heat Wave|p1b: Charizard|[spread] p1a
|-activate|p1b: Charizard|move: Protect
|-crit|p1a: Staraptor
|-damage|p1a: Staraptor|0 fnt
|faint|p1a: Staraptor
|
|-weather|SunnyDay|[upkeep]
|upkeep
|
|t:|1785513705
|switch|p1a: Rotom|Rotom-Wash, L50|58/100 psn
|turn|4
|
|t:|1785513758
|move|p2a: Delphox|Protect|p2a: Delphox
|-singleturn|p2a: Delphox|Protect
|move|p1a: Rotom|Electroweb|p2b: Incineroar|[spread] p2b
|-activate|p2a: Delphox|move: Protect
|-damage|p2b: Incineroar|42/100
|-unboost|p2b: Incineroar|spe|1
|-enditem|p2b: Incineroar|Sitrus Berry|[eat]
|-heal|p2b: Incineroar|66/100|[from] item: Sitrus Berry
|move|p1b: Charizard|Heat Wave|p2b: Incineroar|[spread] p2b
|-activate|p2a: Delphox|move: Protect
|-resisted|p2b: Incineroar|1
|-damage|p2b: Incineroar|39/100
|move|p2b: Incineroar|Parting Shot|p1b: Charizard
|-unboost|p1b: Charizard|atk|1
|-unboost|p1b: Charizard|spa|1
|
|t:|1785513775
|switch|p2b: Sneasler|Sneasler, L50, F, shiny|19/100|[from] Parting Shot
|
|-weather|SunnyDay|[upkeep]
|-damage|p1a: Rotom|46/100 psn|[from] psn
|upkeep
|turn|5
|
|t:|1785513794
|move|p2b: Sneasler|Fake Out|p1a: Rotom
|-damage|p1a: Rotom|30/100 psn
|cant|p1a: Rotom|flinch
|move|p2a: Delphox|Heat Wave|p1a: Rotom|[spread] p1a,p1b
|-resisted|p1a: Rotom|1
|-resisted|p1b: Charizard|1
|-damage|p1a: Rotom|0 fnt
|-damage|p1b: Charizard|45/100
|faint|p1a: Rotom
|move|p1b: Charizard|Heat Wave|p2b: Sneasler|[spread] p2a,p2b
|-resisted|p2a: Delphox|1
|-damage|p2a: Delphox|52/100
|-damage|p2b: Sneasler|0 fnt
|faint|p2b: Sneasler
|
|-weather|none
|upkeep
|
|t:|1785513810
|switch|p2b: Sinistcha|Sinistcha, L50, shiny|100/100
|switch|p1a: Garchomp|Garchomp, L50, M, shiny|100/100
|-heal|p2a: Delphox|76/100|[from] ability: Hospitality|[of] p2b: Sinistcha
|turn|6
|
|t:|1785513825
|switch|p2b: Incineroar|Incineroar, L50, F, shiny|39/100
|-ability|p2b: Incineroar|Intimidate|boost
|-unboost|p1a: Garchomp|atk|1
|-unboost|p1b: Charizard|atk|1
|move|p2a: Delphox|Protect|p2a: Delphox
|-singleturn|p2a: Delphox|Protect
|move|p1a: Garchomp|Protect|p1a: Garchomp
|-singleturn|p1a: Garchomp|Protect
|move|p1b: Charizard|Heat Wave|p2a: Delphox|[spread] p2b
|-activate|p2a: Delphox|move: Protect
|-resisted|p2b: Incineroar|1
|-damage|p2b: Incineroar|27/100
|
|upkeep
|turn|7
|-message|I love bo3 forfeited.
|
|win|BenBen84
|l|☆I love bo3
|player|p1|
