|j|☆oriozz
|j|☆Ratat0po
|html|oriozzRatat0po    
|uhtml|bestof|Game 3 of a best-of-3
|t:|1783994381
|gametype|doubles
|player|p1|oriozz|101|1119
|player|p2|Ratat0po|schoolkid-gen4|1106
|gen|9
|tier|[Gen 9 Champions] VGC 2026 Reg M-B (Bo3)
|rated|
|rule|Species Clause: Limit one of each Pokémon
|rule|Item Clause: Limit 1 of each item
|clearpoke
|poke|p1|Kingambit, L50, F|
|poke|p1|Floette-Eternal, L50, F|
|poke|p1|Sneasler, L50, F|
|poke|p1|Incineroar, L50, M|
|poke|p1|Garchomp, L50, F|
|poke|p1|Sinistcha, L50|
|poke|p2|Gardevoir, L50, F, shiny|
|poke|p2|Kingambit, L50, F, shiny|
|poke|p2|Torkoal, L50, M|
|poke|p2|Hatterene, L50, F, shiny|
|poke|p2|Scrafty, L50, M, shiny|
|poke|p2|Garchomp, L50, F|
|teampreview|4
|showteam|p1|Kingambit||ChopleBerry|Defiant|KowtowCleave,Protect,SuckerPunch,IronHead|Adamant||F|||50|]Floette-Eternal||Floettite|FlowerVeil|Protect,CalmMind,DrainingKiss,DazzlingGleam|Modest||F|||50|]Sneasler||FocusSash|Unburden|FakeOut,DireClaw,CloseCombat,Coaching|Jolly||F|||50|]Incineroar||Leftovers|Intimidate|FakeOut,FlareBlitz,PartingShot,HelpingHand|Careful||M|||50|]Garchomp||Garchompite|RoughSkin|Earthquake,StompingTantrum,RockSlide,Protect|Adamant||F|||50|]Sinistcha||SitrusBerry|Hospitality|Protect,MatchaGotcha,TrickRoom,RagePowder|Bold|||||50|
|showteam|p2|Gardevoir||FocusSash|Telepathy|ExpandingForce,HelpingHand,Protect,TrickRoom|Sassy||F|||50|]Kingambit||BlackGlasses|Defiant|KowtowCleave,SuckerPunch,IronHead,Protect|Brave||F|||50|]Torkoal||Charcoal|Drought|Eruption,HeatWave,BodyPress,Protect|Quiet||M|||50|]Hatterene||BabiriBerry|MagicBounce|ExpandingForce,Protect,PsychicTerrain,DazzlingGleam|Quiet||F|||50|]Scrafty||Scraftinite|Intimidate|HighJumpKick,FakeOut,Protect,KnockOff|Brave||M|||50|]Garchomp||ChoiceScarf|RoughSkin|RockSlide,Earthquake,Outrage,PoisonJab|Jolly||F|||50|
|inactive|Battle timer is ON: inactive players will automatically lose when time's up. (requested by oriozz)
|inactive|Ratat0po also wants the timer to be on.
|inactive|Ratat0po has 60 seconds left.
|inactive|Ratat0po has 30 seconds left.
|
|t:|1783994443
|teamsize|p1|4
|teamsize|p2|4
|start
|switch|p1a: Floette|Floette-Eternal, L50, F|100/100
|switch|p1b: Sneasler|Sneasler, L50, F|100/100
|switch|p2a: Gardevoir|Gardevoir, L50, F, shiny|100/100
|switch|p2b: Garchomp|Garchomp, L50, F|100/100
|turn|1
|
|t:|1783994467
|detailschange|p1a: Floette|Floette-Mega, L50, F
|-mega|p1a: Floette|Floette|Floettite
|-ability|p1a: Floette|Fairy Aura
|move|p2a: Gardevoir|Helping Hand|p2b: Garchomp
|-singleturn|p2b: Garchomp|Helping Hand|[of] p2a: Gardevoir
|move|p1b: Sneasler|Fake Out|p2b: Garchomp
|-damage|p2b: Garchomp|85/100
|-damage|p1b: Sneasler|87/100|[from] ability: Rough Skin|[of] p2b: Garchomp
|cant|p2b: Garchomp|flinch
|move|p1a: Floette|Dazzling Gleam|p2b: Garchomp|[spread] p2a,p2b
|-supereffective|p2b: Garchomp|1
|-damage|p2a: Gardevoir|68/100
|-damage|p2b: Garchomp|0 fnt
|faint|p2b: Garchomp
|
|upkeep
|
|t:|1783994481
|switch|p2b: Scrafty|Scrafty, L50, M, shiny|100/100
|-ability|p2b: Scrafty|Intimidate|boost
|-unboost|p1a: Floette|atk|1
|-unboost|p1b: Sneasler|atk|1
|turn|2
|
|t:|1783994499
|move|p2b: Scrafty|Fake Out|p1b: Sneasler
|-damage|p1b: Sneasler|65/100
|cant|p1b: Sneasler|flinch
|move|p1a: Floette|Dazzling Gleam|p2b: Scrafty|[spread] p2a,p2b
|-supereffective|p2b: Scrafty|2
|-damage|p2a: Gardevoir|34/100
|-damage|p2b: Scrafty|0 fnt
|faint|p2b: Scrafty
|move|p2a: Gardevoir|Trick Room|p2a: Gardevoir
|-fieldstart|move: Trick Room|[of] p2a: Gardevoir
|
|upkeep
|
|t:|1783994508
|switch|p2b: Kingambit|Kingambit, L50, F, shiny|100/100
|turn|3
|
|t:|1783994524
|switch|p1b: Incineroar|Incineroar, L50, M|100/100
|-ability|p1b: Incineroar|Intimidate|boost
|-unboost|p2a: Gardevoir|atk|1
|-unboost|p2b: Kingambit|atk|1
|-ability|p2b: Kingambit|Defiant|boost
|-boost|p2b: Kingambit|atk|2
|move|p1a: Floette|Protect|p1a: Floette
|-singleturn|p1a: Floette|Protect
|move|p2b: Kingambit|Iron Head|p1a: Floette
|-activate|p1a: Floette|move: Protect
|move|p2a: Gardevoir|Expanding Force|p1b: Incineroar
|-immune|p1b: Incineroar
|
|upkeep
|turn|4
|inactive|oriozz has 30 seconds left.
|
|t:|1783994555
|switch|p1a: Garchomp|Garchomp, L50, F|100/100
|move|p2b: Kingambit|Protect|p2b: Kingambit
|-singleturn|p2b: Kingambit|Protect
|move|p1b: Incineroar|Parting Shot|p2a: Gardevoir
|-unboost|p2a: Gardevoir|atk|1
|-unboost|p2a: Gardevoir|spa|1
|
|t:|1783994565
|switch|p1b: Sneasler|Sneasler, L50, F|65/100|[from] Parting Shot
|move|p2a: Gardevoir|Expanding Force|p1a: Garchomp
|-damage|p1a: Garchomp|73/100
|
|upkeep
|turn|5
|inactive|Ratat0po has 30 seconds left.
|
|t:|1783994591
|move|p1b: Sneasler|Fake Out|p2b: Kingambit
|-resisted|p2b: Kingambit|1
|-damage|p2b: Kingambit|94/100
|cant|p2b: Kingambit|flinch
|move|p2a: Gardevoir|Expanding Force|p1b: Sneasler
|-supereffective|p1b: Sneasler|2
|-damage|p1b: Sneasler|0 fnt
|faint|p1b: Sneasler
|move|p1a: Garchomp|Earthquake|p2a: Gardevoir|[spread] p2a,p2b
|-supereffective|p2b: Kingambit|1
|-damage|p2a: Gardevoir|0 fnt
|-damage|p2b: Kingambit|33/100
|faint|p2a: Gardevoir
|
|upkeep
|
|t:|1783994605
|switch|p1b: Incineroar|Incineroar, L50, M|100/100
|-ability|p1b: Incineroar|Intimidate|boost
|-unboost|p2b: Kingambit|atk|1
|-ability|p2b: Kingambit|Defiant|boost
|-boost|p2b: Kingambit|atk|2
|turn|6
|
|t:|1783994618
|move|p1b: Incineroar|Fake Out|p2b: Kingambit
|-resisted|p2b: Kingambit|1
|-damage|p2b: Kingambit|29/100
|cant|p2b: Kingambit|flinch
|move|p1a: Garchomp|Stomping Tantrum|p2b: Kingambit
|-supereffective|p2b: Kingambit|1
|-damage|p2b: Kingambit|0 fnt
|faint|p2b: Kingambit
|
|win|oriozz
|raw|oriozz's rating: 1119 → 1143(+24 for winning)
|raw|Ratat0po's rating: 1106 → 1082(-24 for losing)
|l|☆Ratat0po
|player|p2|
