|j|☆matyel2030
|j|☆FrancoilCieco777
|html|matyel2030FrancoilCieco777    
|uhtml|bestof|Game 1 of a best-of-3
|t:|1757007559
|gametype|doubles
|player|p1|matyel2030|scientist-gen4dp|1113
|player|p2|FrancoilCieco777|baker|1135
|gen|9
|tier|[Gen 9] VGC 2025 Reg H (Bo3)
|rated|
|rule|Species Clause: Limit one of each Pokémon
|rule|Item Clause: Limit 1 of each item
|clearpoke
|poke|p1|Vivillon-Pokeball, L50, M|
|poke|p1|Garganacl, L50, F|
|poke|p1|Garchomp, L50, M|
|poke|p1|Gardevoir, L50, F|
|poke|p1|Dondozo, L50, F|
|poke|p1|Ninetales-Alola, L50, M|
|poke|p2|Volcarona, L50, M|
|poke|p2|Electabuzz, L50, M|
|poke|p2|Sneasler, L50, M|
|poke|p2|Kingambit, L50, F|
|poke|p2|Dragonite, L50, M|
|poke|p2|Rillaboom, L50, M|
|teampreview|4
|showteam|p1|Vivillon-Pokeball||FocusSash|CompoundEyes|SleepPowder,Tailwind,Protect,Hurricane|||M|||50|,,,,,Ghost]Garganacl||MarangaBerry|PurifyingSalt|SaltCure,StealthRock,Protect,Recover|||F|||50|,,,,,Flying]Garchomp||LifeOrb|RoughSkin|Earthquake,DragonClaw,RockSlide,Protect|||M|||50|,,,,,Ground]Gardevoir||ChoiceScarf|Telepathy|Trick,Moonblast,Psychic,IcyWind|||F|||50|,,,,,Steel]Dondozo||Leftovers|Unaware|Liquidation,Yawn,Fissure,Protect|||F|||50|,,,,,Poison]Ninetales-Alola||NeverMeltIce|SnowWarning|Blizzard,FreezeDry,Protect,AuroraVeil|||M|||50|,,,,,Ice
|showteam|p2|Volcarona||CovertCloak|FlameBody|HeatWave,TeraBlast,QuiverDance,Protect|||M|||50|,,,,,Fairy]Electabuzz||Eviolite|VitalSpirit|Thunderbolt,FollowMe,Taunt,Protect|||M|||50|,,,,,Ghost]Sneasler||FocusSash|Unburden|FakeOut,CloseCombat,DireClaw,Coaching|||M|||50|,,,,,Stellar]Kingambit||BlackGlasses|Defiant|KowtowCleave,SuckerPunch,SwordsDance,Protect|||F|||50|,,,,,Dark]Dragonite||LoadedDice|Multiscale|ScaleShot,ExtremeSpeed,Haze,Protect|||M|||50|,,,,,Normal]Rillaboom||AssaultVest|GrassySurge|WoodHammer,GrassyGlide,HighHorsepower,FakeOut|||M|||50|,,,,,Fire
|inactive|Battle timer is ON: inactive players will automatically lose when time's up. (requested by FrancoilCieco777)
|inactive|matyel2030 has 60 seconds left.
|
|t:|1757007616
|teamsize|p1|4
|teamsize|p2|4
|start
|switch|p1a: Garganacl|Garganacl, L50, F|100/100
|switch|p1b: Vivillon|Vivillon-Pokeball, L50, M|100/100
|switch|p2a: Electabuzz|Electabuzz, L50, M|100/100
|switch|p2b: Volcarona|Volcarona, L50, M|100/100
|turn|1
|inactive|matyel2030 has 30 seconds left.
|inactive|matyel2030 has 20 seconds left.
|inactive|matyel2030 has 15 seconds left.
|inactive|matyel2030 has 10 seconds left.
|inactive|matyel2030 has 5 seconds left.
|
|t:|1757007666
|move|p2b: Volcarona|Protect|p2b: Volcarona
|-singleturn|p2b: Volcarona|Protect
|move|p1b: Vivillon|Tailwind|p1b: Vivillon
|-sidestart|p1: matyel2030|move: Tailwind
|move|p2a: Electabuzz|Taunt|p1b: Vivillon
|-start|p1b: Vivillon|move: Taunt
|move|p1a: Garganacl|Stealth Rock|p2a: Electabuzz
|-sidestart|p2: FrancoilCieco777|move: Stealth Rock
|
|upkeep
|turn|2
|
|t:|1757007675
|switch|p1b: Dondozo|Dondozo, L50, F|100/100
|move|p2a: Electabuzz|Follow Me|p2a: Electabuzz
|-singleturn|p2a: Electabuzz|move: Follow Me
|move|p2b: Volcarona|Quiver Dance|p2b: Volcarona
|-boost|p2b: Volcarona|spa|1
|-boost|p2b: Volcarona|spd|1
|-boost|p2b: Volcarona|spe|1
|move|p1a: Garganacl|Salt Cure|p2a: Electabuzz
|-damage|p2a: Electabuzz|89/100
|-start|p2a: Electabuzz|Salt Cure
|
|-damage|p2a: Electabuzz|77/100|[from] Salt Cure
|upkeep
|turn|3
|inactive|matyel2030 has 30 seconds left.
|
|t:|1757007702
|-terastallize|p2b: Volcarona|Fairy
|move|p2b: Volcarona|Tera Blast|p1b: Dondozo|[anim] Tera Blast Fairy
|-damage|p1b: Dondozo|72/100
|move|p2a: Electabuzz|Thunderbolt|p1b: Dondozo
|-supereffective|p1b: Dondozo
|-damage|p1b: Dondozo|29/100
|-status|p1b: Dondozo|par
|move|p1a: Garganacl|Salt Cure|p2b: Volcarona
|-damage|p2b: Volcarona|84/100
|move|p1b: Dondozo|Fissure|p2b: Volcarona|[miss]
|-miss|p1b: Dondozo|p2b: Volcarona
|
|-heal|p1b: Dondozo|35/100 par|[from] item: Leftovers
|-damage|p2a: Electabuzz|65/100|[from] Salt Cure
|upkeep
|turn|4
|inactive|FrancoilCieco777 has 30 seconds left.
|
|t:|1757007732
|move|p2b: Volcarona|Tera Blast|p1a: Garganacl|[anim] Tera Blast Fairy
|-damage|p1a: Garganacl|62/100
|-enditem|p1a: Garganacl|Maranga Berry|[eat]
|-boost|p1a: Garganacl|spd|1|[from] item: Maranga Berry
|move|p2a: Electabuzz|Thunderbolt|p1b: Dondozo
|-supereffective|p1b: Dondozo
|-damage|p1b: Dondozo|0 fnt
|faint|p1b: Dondozo
|move|p1a: Garganacl|Salt Cure|p2a: Electabuzz
|-damage|p2a: Electabuzz|54/100
|
|-damage|p2a: Electabuzz|42/100|[from] Salt Cure
|-sideend|p1: matyel2030|move: Tailwind
|upkeep
|
|t:|1757007749
|switch|p1b: Gardevoir|Gardevoir, L50, F|100/100
|turn|5
|
|t:|1757007760
|switch|p2a: Rillaboom|Rillaboom, L50, M|100/100
|-damage|p2a: Rillaboom|88/100|[from] Stealth Rock
|-fieldstart|move: Grassy Terrain|[from] ability: Grassy Surge|[of] p2a: Rillaboom
|move|p1b: Gardevoir|Moonblast|p2a: Rillaboom
|-damage|p2a: Rillaboom|56/100
|move|p2b: Volcarona|Heat Wave|p1a: Garganacl|[spread] p1a,p1b
|-resisted|p1a: Garganacl
|-damage|p1a: Garganacl|49/100
|-damage|p1b: Gardevoir|38/100
|move|p1a: Garganacl|Salt Cure|p2b: Volcarona
|-damage|p2b: Volcarona|68/100
|
|-heal|p1b: Gardevoir|43/100|[from] Grassy Terrain
|-heal|p2b: Volcarona|74/100|[from] Grassy Terrain
|-heal|p2a: Rillaboom|62/100|[from] Grassy Terrain
|-heal|p1a: Garganacl|55/100|[from] Grassy Terrain
|upkeep
|turn|6
|
|t:|1757007784
|move|p1b: Gardevoir|Moonblast|p2b: Volcarona
|-damage|p2b: Volcarona|43/100
|move|p2b: Volcarona|Tera Blast|p1b: Gardevoir|[anim] Tera Blast Fairy
|-damage|p1b: Gardevoir|0 fnt
|faint|p1b: Gardevoir
|move|p2a: Rillaboom|Wood Hammer|p1a: Garganacl
|-supereffective|p1a: Garganacl
|-damage|p1a: Garganacl|0 fnt
|faint|p1a: Garganacl
|-damage|p2a: Rillaboom|44/100|[from] Recoil
|
|-heal|p2b: Volcarona|49/100|[from] Grassy Terrain
|-heal|p2a: Rillaboom|50/100|[from] Grassy Terrain
|upkeep
|-message|matyel2030 forfeited.
|
|win|FrancoilCieco777
