|j|☆Rexolboy
|j|☆ZapdosFan471
|html|RexolboyZapdosFan471    
|uhtml|bestof|Game 2 of a best-of-3
|t:|1756543582
|gametype|doubles
|player|p1|Rexolboy|266|1100
|player|p2|ZapdosFan471|winona-gen6|1138
|gen|9
|tier|[Gen 9] VGC 2025 Reg H (Bo3)
|rated|
|rule|Species Clause: Limit one of each Pokémon
|rule|Item Clause: Limit 1 of each item
|clearpoke
|poke|p1|Archaludon, L50, M|
|poke|p1|Incineroar, L50, M|
|poke|p1|Whimsicott, L50, M|
|poke|p1|Ursaluna, L50, F|
|poke|p1|Indeedee-F, L50, F|
|poke|p1|Armarouge, L50, F|
|poke|p2|Garchomp, L50, M|
|poke|p2|Whimsicott, L50, F|
|poke|p2|Ursaluna-Bloodmoon, L50, M|
|poke|p2|Sinistcha, L50|
|poke|p2|Annihilape, L50, M|
|poke|p2|Volcarona, L50, F|
|teampreview|4
|showteam|p1|Archaludon||PowerHerb|Stalwart|ElectroShot,FlashCannon,DragonPulse,Protect|||M|||50|,,,,,Electric]Incineroar||SitrusBerry|Intimidate|FlareBlitz,KnockOff,FakeOut,PartingShot|||M|||50|,,,,,Ghost]Whimsicott||CovertCloak|Prankster|Moonblast,Encore,LightScreen,Tailwind|||M|||50|,,,,,Grass]Ursaluna||FlameOrb|Guts|Facade,RainDance,HeadlongRush,Protect|||F|||50|,,,,,Ghost]Indeedee-F||SafetyGoggles|PsychicSurge|DazzlingGleam,HelpingHand,FollowMe,TrickRoom|||F|||50|,,,,,Fairy]Armarouge||LifeOrb|FlashFire|ExpandingForce,ArmorCannon,EnergyBall,Protect|||F|||50|,,,,,Stellar
|showteam|p2|Garchomp||LifeOrb|RoughSkin|Earthquake,StompingTantrum,DragonClaw,Protect|||M|||50|,,,,,Ground]Whimsicott||FocusSash|Prankster|Moonblast,Tailwind,Encore,Protect|||F|||50|,,,,,Ghost]Ursaluna-Bloodmoon||AssaultVest|MindsEye|HyperVoice,BloodMoon,EarthPower,VacuumWave|||M|||50|,,,,,Normal]Sinistcha||SitrusBerry|Hospitality|MatchaGotcha,ShadowBall,RagePowder,Protect||||||50|,,,,,Dark]Annihilape||Leftovers|Defiant|RageFist,DrainPunch,BulkUp,Protect|||M|||50|,,,,,Grass]Volcarona||CovertCloak|FlameBody|StruggleBug,HeatWave,Tailwind,RagePowder|||F|||50|,,,,,Grass
|inactive|Battle timer is ON: inactive players will automatically lose when time's up. (requested by ZapdosFan471)
|inactive|Rexolboy has 60 seconds left.
|inactive|ZapdosFan471 has 60 seconds left.
|inactive|Rexolboy has 30 seconds left.
|inactive|ZapdosFan471 has 30 seconds left.
|inactive|Rexolboy has 20 seconds left.
|inactive|Rexolboy has 15 seconds left.
|inactive|Rexolboy has 10 seconds left.
|
|t:|1756543664
|teamsize|p1|4
|teamsize|p2|4
|start
|switch|p1a: Whimsicott|Whimsicott, L50, M|100/100
|switch|p1b: Armarouge|Armarouge, L50, F|100/100
|switch|p2a: Annihilape|Annihilape, L50, M|100/100
|switch|p2b: Volcarona|Volcarona, L50, F|100/100
|turn|1
|inactive|Rexolboy has 30 seconds left.
|
|t:|1756543697
|-terastallize|p1b: Armarouge|Stellar
|move|p1a: Whimsicott|Tailwind|p1a: Whimsicott
|-sidestart|p1: Rexolboy|move: Tailwind
|move|p1b: Armarouge|Armor Cannon|p2b: Volcarona
|-damage|p2b: Volcarona|4/100
|-unboost|p1b: Armarouge|def|1
|-unboost|p1b: Armarouge|spd|1
|-damage|p1b: Armarouge|91/100|[from] item: Life Orb
|move|p2a: Annihilape|Rage Fist|p1b: Armarouge
|-supereffective|p1b: Armarouge
|-damage|p1b: Armarouge|27/100
|move|p2b: Volcarona|Struggle Bug|p1b: Armarouge|[spread] p1a,p1b
|-crit|p1a: Whimsicott
|-damage|p1a: Whimsicott|75/100
|-damage|p1b: Armarouge|1/100
|-unboost|p1b: Armarouge|spa|1
|
|upkeep
|turn|2
|inactive|Rexolboy has 30 seconds left.
|inactive|ZapdosFan471 has 30 seconds left.
|
|t:|1756543724
|switch|p1b: Ursaluna|Ursaluna, L50, F|100/100
|switch|p2b: Ursaluna|Ursaluna-Bloodmoon, L50, M|100/100
|move|p1a: Whimsicott|Encore|p2a: Annihilape
|-start|p2a: Annihilape|Encore
|move|p2a: Annihilape|Rage Fist|p1a: Whimsicott
|-damage|p1a: Whimsicott|48/100
|
|-status|p1b: Ursaluna|brn|[from] item: Flame Orb
|upkeep
|turn|3
|inactive|Rexolboy has 30 seconds left.
|
|t:|1756543752
|move|p1a: Whimsicott|Moonblast|p2b: Ursaluna
|-damage|p2b: Ursaluna|83/100
|-unboost|p2b: Ursaluna|spa|1
|move|p1b: Ursaluna|Facade|p2b: Ursaluna
|-damage|p2b: Ursaluna|0 fnt
|faint|p2b: Ursaluna
|move|p2a: Annihilape|Rage Fist|p1a: Whimsicott
|-damage|p1a: Whimsicott|23/100
|
|-damage|p1b: Ursaluna|94/100 brn|[from] brn
|upkeep
|
|t:|1756543765
|switch|p2b: Sinistcha|Sinistcha, L50|100/100
|turn|4
|inactive|Rexolboy has 30 seconds left.
|
|t:|1756543796
|switch|p1a: Armarouge|Armarouge, L50, F, tera:Stellar|1/100
|move|p1b: Ursaluna|Headlong Rush|p2a: Annihilape
|-damage|p2a: Annihilape|0 fnt
|-unboost|p1b: Ursaluna|def|1
|-unboost|p1b: Ursaluna|spd|1
|faint|p2a: Annihilape
|move|p2b: Sinistcha|Matcha Gotcha|p1b: Ursaluna|[spread] p1a
|-miss|p2b: Sinistcha|p1b: Ursaluna
|-resisted|p1a: Armarouge
|-damage|p1a: Armarouge|0 fnt
|faint|p1a: Armarouge
|
|-damage|p1b: Ursaluna|88/100 brn|[from] brn
|-sideend|p1: Rexolboy|move: Tailwind
|upkeep
|
|t:|1756543807
|switch|p2a: Volcarona|Volcarona, L50, F|4/100
|switch|p1a: Whimsicott|Whimsicott, L50, M|23/100
|turn|5
|
|t:|1756543822
|move|p1b: Ursaluna|Protect|p1b: Ursaluna
|-singleturn|p1b: Ursaluna|Protect
|move|p1a: Whimsicott|Tailwind|p1a: Whimsicott
|-sidestart|p1: Rexolboy|move: Tailwind
|move|p2a: Volcarona|Struggle Bug|p1b: Ursaluna|[spread] p1a
|-activate|p1b: Ursaluna|move: Protect
|-damage|p1a: Whimsicott|5/100
|move|p2b: Sinistcha|Matcha Gotcha|p1b: Ursaluna|[spread] p1a
|-activate|p1b: Ursaluna|move: Protect
|-resisted|p1a: Whimsicott
|-crit|p1a: Whimsicott
|-damage|p1a: Whimsicott|0 fnt
|faint|p1a: Whimsicott
|
|-damage|p1b: Ursaluna|82/100 brn|[from] brn
|upkeep
|
|t:|1756543824
|switch|p1a: Archaludon|Archaludon, L50, M|100/100
|turn|6
|inactive|Rexolboy has 30 seconds left.
|
|t:|1756543856
|move|p1a: Archaludon|Electro Shot||[still]
|-prepare|p1a: Archaludon|Electro Shot
|-boost|p1a: Archaludon|spa|1
|-enditem|p1a: Archaludon|Power Herb
|-anim|p1a: Archaludon|Electro Shot|p2a: Volcarona
|-damage|p2a: Volcarona|0 fnt
|faint|p2a: Volcarona
|move|p1b: Ursaluna|Rain Dance|p1b: Ursaluna
|-weather|RainDance
|move|p2b: Sinistcha|Matcha Gotcha|p1a: Archaludon|[spread] p1a,p1b
|-resisted|p1a: Archaludon
|-supereffective|p1b: Ursaluna
|-damage|p1a: Archaludon|91/100
|-damage|p1b: Ursaluna|8/100 brn
|
|-weather|RainDance|[upkeep]
|-damage|p1b: Ursaluna|2/100 brn|[from] brn
|upkeep
|turn|7
|
|t:|1756543871
|move|p2b: Sinistcha|Protect|p2b: Sinistcha
|-singleturn|p2b: Sinistcha|Protect
|move|p1a: Archaludon|Electro Shot||[still]
|-prepare|p1a: Archaludon|Electro Shot
|-boost|p1a: Archaludon|spa|1
|-anim|p1a: Archaludon|Electro Shot|p2b: Sinistcha
|-activate|p2b: Sinistcha|move: Protect
|move|p1b: Ursaluna|Headlong Rush|p2b: Sinistcha
|-activate|p2b: Sinistcha|move: Protect
|
|-weather|RainDance|[upkeep]
|-damage|p1b: Ursaluna|0 fnt|[from] brn
|faint|p1b: Ursaluna
|upkeep
|turn|8
|
|t:|1756543892
|move|p1a: Archaludon|Electro Shot||[still]
|-prepare|p1a: Archaludon|Electro Shot
|-boost|p1a: Archaludon|spa|1
|-anim|p1a: Archaludon|Electro Shot|p2b: Sinistcha
|-resisted|p2b: Sinistcha
|-damage|p2b: Sinistcha|52/100
|move|p2b: Sinistcha|Shadow Ball|p1a: Archaludon
|-damage|p1a: Archaludon|39/100
|
|-weather|RainDance|[upkeep]
|-sideend|p1: Rexolboy|move: Tailwind
|upkeep
|turn|9
|
|t:|1756543903
|move|p2b: Sinistcha|Protect|p2b: Sinistcha
|-singleturn|p2b: Sinistcha|Protect
|move|p1a: Archaludon|Flash Cannon|p2b: Sinistcha
|-activate|p2b: Sinistcha|move: Protect
|
|-weather|RainDance|[upkeep]
|upkeep
|turn|10
|
|t:|1756543909
|move|p1a: Archaludon|Flash Cannon|p2b: Sinistcha
|-damage|p2b: Sinistcha|0 fnt
|faint|p2b: Sinistcha
|
|win|Rexolboy
||Rexolboy is ready for game 3.
||ZapdosFan471 is ready for game 3.
|uhtml|next|Next: Game 3 of 3
