|j|☆wesrui
|j|☆PlayzNSlayz
|html|wesruiPlayzNSlayz    
|uhtml|bestof|Game 1 of a best-of-3
|t:|1757107850
|gametype|doubles
|player|p1|wesrui|silver|
|player|p2|PlayzNSlayz|backpacker|
|gen|9
|tier|[Gen 9] VGC 2025 Reg H (Bo3)
|rule|Species Clause: Limit one of each Pokémon
|rule|Item Clause: Limit 1 of each item
|clearpoke
|poke|p1|Sneasler, L50, F|
|poke|p1|Dragonite, L50, F|
|poke|p1|Rillaboom, L50, F|
|poke|p1|Basculegion, L50, M|
|poke|p1|Volcarona, L50, M|
|poke|p1|Kingambit, L50, M|
|poke|p2|Lilligant-Hisui, L50, F|
|poke|p2|Ursaluna, L50, M|
|poke|p2|Hatterene, L50, F|
|poke|p2|Indeedee-F, L50, F|
|poke|p2|Gallade, L50, M|
|poke|p2|Torkoal, L50, F|
|teampreview|4
|showteam|p1|Sneasler||FocusSash|Unburden|CloseCombat,DireClaw,Coaching,Protect|||F|||50|,,,,,Ghost]Dragonite||LoadedDice|Multiscale|ScaleShot,ExtremeSpeed,Haze,Protect|||F|||50|,,,,,Fairy]Rillaboom||MiracleSeed|GrassySurge|WoodHammer,GrassyGlide,Taunt,FakeOut|||F|||50|,,,,,Fire]Basculegion||ChoiceScarf|Adaptability|WaveCrash,FlipTurn,LastRespects,TeraBlast|||M|||50|,,,,,Fairy]Volcarona||CovertCloak|FlameBody|HeatWave,TeraBlast,QuiverDance,Protect|||M|||50|,,,,,Fairy]Kingambit||AssaultVest|Defiant|KowtowCleave,SuckerPunch,IronHead,LowKick|||M|||50|,,,,,Ghost
|showteam|p2|Lilligant-Hisui||FocusSash|Chlorophyll|SolarBlade,CloseCombat,SleepPowder,AfterYou|||F|||50|,,,,,Ghost]Ursaluna||FlameOrb|Guts|Facade,HeadlongRush,Earthquake,Protect|||M|||50|,,,,,Ghost]Hatterene||LifeOrb|MagicBounce|ExpandingForce,DazzlingGleam,TeraBlast,TrickRoom|||F|||50|,,,,,Fire]Indeedee-F||PsychicSeed|PsychicSurge|FollowMe,HelpingHand,TrickRoom,Psyshock|||F|||50|,,,,,Water]Gallade||ClearAmulet|Sharpness|SacredSword,PsychoCut,WideGuard,TrickRoom|||M|||50|,,,,,Grass]Torkoal||ChoiceSpecs|Drought|Eruption,HeatWave,WeatherBall,EarthPower|||F|||50|,,,,,Fire
|inactive|Battle timer is ON: inactive players will automatically lose when time's up. (requested by wesrui)
|c|☆wesrui|glhf
|inactive|wesrui has 60 seconds left.
|inactive|PlayzNSlayz has 60 seconds left.
|inactive|wesrui has 30 seconds left.
|inactive|wesrui has 20 seconds left.
|inactive|wesrui has 15 seconds left.
|inactive|wesrui has 10 seconds left.
|inactive|wesrui has 5 seconds left.
|
|t:|1757107938
|teamsize|p1|4
|teamsize|p2|4
|start
|switch|p1a: Kingambit|Kingambit, L50, M|100/100
|switch|p1b: Rillaboom|Rillaboom, L50, F|100/100
|switch|p2a: Torkoal|Torkoal, L50, F|100/100
|switch|p2b: Gallade|Gallade, L50, M|100/100
|-fieldstart|move: Grassy Terrain|[from] ability: Grassy Surge|[of] p1b: Rillaboom
|-weather|SunnyDay|[from] ability: Drought|[of] p2a: Torkoal
|turn|1
|inactive|wesrui has 30 seconds left.
|inactive|wesrui has 20 seconds left.
|inactive|wesrui has 15 seconds left.
|inactive|wesrui has 10 seconds left.
|
|t:|1757107987
|-terastallize|p1a: Kingambit|Ghost
|-terastallize|p2a: Torkoal|Fire
|move|p1b: Rillaboom|Fake Out|p2b: Gallade
|-damage|p2b: Gallade|82/100
|move|p1a: Kingambit|Kowtow Cleave|p2a: Torkoal
|-damage|p2a: Torkoal|66/100
|move|p2a: Torkoal|Eruption|p1a: Kingambit|[spread] p1a,p1b
|-supereffective|p1b: Rillaboom
|-damage|p1a: Kingambit|34/100
|-damage|p1b: Rillaboom|0 fnt
|faint|p1b: Rillaboom
|cant|p2b: Gallade|flinch
|
|-weather|SunnyDay|[upkeep]
|-heal|p1a: Kingambit|40/100|[from] Grassy Terrain
|-heal|p2b: Gallade|87/100|[from] Grassy Terrain
|-heal|p2a: Torkoal|72/100|[from] Grassy Terrain
|upkeep
|inactive|wesrui has 30 seconds left.
|
|t:|1757108014
|switch|p1b: Sneasler|Sneasler, L50, F|100/100
|turn|2
|inactive|wesrui has 30 seconds left.
|inactive|wesrui has 20 seconds left.
|
|t:|1757108051
|move|p2b: Gallade|Wide Guard|p2b: Gallade
|-singleturn|p2b: Gallade|Wide Guard
|move|p1b: Sneasler|Dire Claw|p2a: Torkoal
|-damage|p2a: Torkoal|38/100
|move|p1a: Kingambit|Kowtow Cleave|p2a: Torkoal
|-damage|p2a: Torkoal|2/100
|move|p2a: Torkoal|Eruption|p1b: Sneasler|[spread] p1a,p1b
|-damage|p1a: Kingambit|38/100
|-damage|p1b: Sneasler|98/100
|
|-weather|SunnyDay|[upkeep]
|-heal|p1b: Sneasler|100/100|[from] Grassy Terrain
|-heal|p1a: Kingambit|43/100|[from] Grassy Terrain
|-heal|p2b: Gallade|93/100|[from] Grassy Terrain
|-heal|p2a: Torkoal|8/100|[from] Grassy Terrain
|upkeep
|turn|3
|inactive|wesrui has 30 seconds left.
|inactive|PlayzNSlayz has 30 seconds left.
|inactive|wesrui has 20 seconds left.
|inactive|wesrui has 15 seconds left.
|
|t:|1757108096
|switch|p2a: Indeedee|Indeedee-F, L50, F|100/100
|-fieldstart|move: Psychic Terrain|[from] ability: Psychic Surge|[of] p2a: Indeedee
|-enditem|p2a: Indeedee|Psychic Seed
|-boost|p2a: Indeedee|spd|1|[from] item: Psychic Seed
|move|p1b: Sneasler|Dire Claw|p2a: Indeedee
|-damage|p2a: Indeedee|58/100
|move|p1a: Kingambit|Kowtow Cleave|p2b: Gallade
|-damage|p2b: Gallade|23/100
|move|p2b: Gallade|Sacred Sword|p1b: Sneasler
|-resisted|p1b: Sneasler
|-damage|p1b: Sneasler|41/100
|
|-weather|SunnyDay|[upkeep]
|upkeep
|turn|4
|
|t:|1757108120
|move|p2a: Indeedee|Follow Me|p2a: Indeedee
|-singleturn|p2a: Indeedee|move: Follow Me
|move|p1b: Sneasler|Dire Claw|p2a: Indeedee
|-damage|p2a: Indeedee|13/100
|move|p2b: Gallade|Sacred Sword|p1b: Sneasler
|-resisted|p1b: Sneasler
|-damage|p1b: Sneasler|0 fnt
|faint|p1b: Sneasler
|move|p1a: Kingambit|Kowtow Cleave|p2a: Indeedee
|-supereffective|p2a: Indeedee
|-damage|p2a: Indeedee|0 fnt
|faint|p2a: Indeedee
|
|-weather|SunnyDay|[upkeep]
|upkeep
|
|t:|1757108133
|switch|p1b: Volcarona|Volcarona, L50, M|100/100
|switch|p2a: Ursaluna|Ursaluna, L50, M|100/100
|turn|5
|
|t:|1757108156
|move|p2a: Ursaluna|Protect|p2a: Ursaluna
|-singleturn|p2a: Ursaluna|Protect
|move|p1b: Volcarona|Heat Wave|p2b: Gallade|[spread] p2b
|-activate|p2a: Ursaluna|move: Protect
|-damage|p2b: Gallade|0 fnt
|faint|p2b: Gallade
|move|p1a: Kingambit|Low Kick|p2a: Ursaluna
|-activate|p2a: Ursaluna|move: Protect
|
|-weather|none
|-status|p2a: Ursaluna|brn|[from] item: Flame Orb
|upkeep
|
|t:|1757108167
|switch|p2b: Torkoal|Torkoal, L50, F, tera:Fire|8/100
|-weather|SunnyDay|[from] ability: Drought|[of] p2b: Torkoal
|turn|6
|
|t:|1757108177
|move|p1b: Volcarona|Heat Wave|p2b: Torkoal|[spread] p2b
|-miss|p1b: Volcarona|p2a: Ursaluna
|-resisted|p2b: Torkoal
|-damage|p2b: Torkoal|0 fnt
|faint|p2b: Torkoal
|move|p1a: Kingambit|Low Kick|p2a: Ursaluna
|-supereffective|p2a: Ursaluna
|-damage|p2a: Ursaluna|29/100 brn
|move|p2a: Ursaluna|Facade|p1b: Volcarona
|-damage|p1b: Volcarona|0 fnt
|faint|p1b: Volcarona
|
|-weather|SunnyDay|[upkeep]
|-damage|p2a: Ursaluna|23/100 brn|[from] brn
|upkeep
|turn|7
|
|t:|1757108192
|move|p1a: Kingambit|Low Kick|p2a: Ursaluna
|-supereffective|p2a: Ursaluna
|-damage|p2a: Ursaluna|0 fnt
|faint|p2a: Ursaluna
|
|win|wesrui
||PlayzNSlayz is ready for game 2.
|inactive|wesrui has 30 seconds to confirm battle start!
|c|☆wesrui|gg
||wesrui is ready for game 2.
|uhtml|next|Next: Game 2 of 3
