|j|☆hexagonfoot
|j|☆Truevillany123
|html|hexagonfootTruevillany123    
|uhtml|bestof|Game 3 of a best-of-3
|t:|1757746401
|gametype|doubles
|player|p1|hexagonfoot|caitlin|1240
|player|p2|Truevillany123|101|1077
|gen|9
|tier|[Gen 9] VGC 2025 Reg H (Bo3)
|rated|
|rule|Species Clause: Limit one of each Pokémon
|rule|Item Clause: Limit 1 of each item
|clearpoke
|poke|p1|Sneasler, L50, F|
|poke|p1|Dragonite, L50, F|
|poke|p1|Ursaluna-Bloodmoon, L50, M|
|poke|p1|Rillaboom, L50, M|
|poke|p1|Gholdengo, L50|
|poke|p1|Electabuzz, L50, F|
|poke|p2|Dragonite, L50, M|
|poke|p2|Ursaluna-Bloodmoon, L50, M|
|poke|p2|Gholdengo, L50|
|poke|p2|Annihilape, L50, M|
|poke|p2|Ninetales-Alola, L50, F|
|poke|p2|Rillaboom, L50, F|
|teampreview|4
|showteam|p1|Sneasler||WhiteHerb|Unburden|CloseCombat,DireClaw,Coaching,Protect|||F|||50|,,,,,Ghost]Dragonite||LoadedDice|Multiscale|ScaleShot,Haze,Tailwind,Protect|||F|||50|,,,,,Fairy]Ursaluna-Bloodmoon||FocusSash|MindsEye|BloodMoon,HyperVoice,EarthPower,Protect|||M|||50|,,,,,Normal]Rillaboom||AssaultVest|GrassySurge|WoodHammer,GrassyGlide,Uturn,FakeOut|||M|||50|,,,,,Fire]Gholdengo||GrassySeed|GoodasGold|NastyPlot,MakeItRain,ShadowBall,Protect||||||50|,,,,,Water]Electabuzz||Eviolite|VitalSpirit|Electroweb,Taunt,FollowMe,Protect|||F|||50|,,,,,Ghost
|showteam|p2|Dragonite||LoadedDice|Multiscale|ScaleShot,Protect,Haze,Tailwind|||M|||50|,,,,,Fairy]Ursaluna-Bloodmoon||LifeOrb|MindsEye|BloodMoon,HyperVoice,EarthPower,Protect|||M|||50|,,,,,Normal]Gholdengo||GrassySeed|GoodasGold|MakeItRain,ShadowBall,Protect,NastyPlot||||||50|,,,,,Water]Annihilape||SafetyGoggles|Defiant|DrainPunch,RageFist,Protect,BulkUp|||M|||50|,,,,,Fire]Ninetales-Alola||FocusSash|SnowWarning|IcyWind,AuroraVeil,Encore,IcicleSpear|||F|||50|,,,,,Ghost]Rillaboom||AssaultVest|GrassySurge|FakeOut,WoodHammer,HighHorsepower,Uturn|||F|||50|,,,,,Fire
|c|☆Truevillany123|GL HF
|c|☆hexagonfoot|glhf man
|c|☆hexagonfoot|dude i am sweating
|c|☆Truevillany123|Me too lmao
|
|t:|1757746457
|teamsize|p1|4
|teamsize|p2|4
|start
|switch|p1a: Electabuzz|Electabuzz, L50, F|100/100
|switch|p1b: Gholdengo|Gholdengo, L50|100/100
|switch|p2a: Dragonite|Dragonite, L50, M, shiny|100/100
|switch|p2b: Ursaluna|Ursaluna-Bloodmoon, L50, M|100/100
|turn|1
|
|t:|1757746493
|-terastallize|p2b: Ursaluna|Normal
|move|p1a: Electabuzz|Follow Me|p1a: Electabuzz
|-singleturn|p1a: Electabuzz|move: Follow Me
|move|p1b: Gholdengo|Nasty Plot|p1b: Gholdengo
|-boost|p1b: Gholdengo|spa|2
|move|p2a: Dragonite|Scale Shot|p1a: Electabuzz
|-damage|p1a: Electabuzz|88/100
|-damage|p1a: Electabuzz|75/100
|-damage|p1a: Electabuzz|62/100
|-crit|p1a: Electabuzz
|-damage|p1a: Electabuzz|41/100
|-damage|p1a: Electabuzz|29/100
|-hitcount|p1a: Electabuzz|5
|-unboost|p2a: Dragonite|def|1
|-boost|p2a: Dragonite|spe|1
|move|p2b: Ursaluna|Hyper Voice|p1a: Electabuzz|[spread] p1a,p1b
|-resisted|p1b: Gholdengo
|-damage|p1a: Electabuzz|0 fnt
|-damage|p1b: Gholdengo|68/100
|faint|p1a: Electabuzz
|-damage|p2b: Ursaluna|91/100|[from] item: Life Orb
|
|upkeep
|
|t:|1757746520
|switch|p1a: Rillaboom|Rillaboom, L50, M|100/100
|-fieldstart|move: Grassy Terrain|[from] ability: Grassy Surge|[of] p1a: Rillaboom
|-enditem|p1b: Gholdengo|Grassy Seed
|-boost|p1b: Gholdengo|def|1|[from] item: Grassy Seed
|turn|2
|
|t:|1757746535
|move|p2a: Dragonite|Protect|p2a: Dragonite
|-singleturn|p2a: Dragonite|Protect
|move|p2b: Ursaluna|Protect|p2b: Ursaluna
|-singleturn|p2b: Ursaluna|Protect
|move|p1a: Rillaboom|Fake Out|p2a: Dragonite
|-activate|p2a: Dragonite|move: Protect
|move|p1b: Gholdengo|Nasty Plot|p1b: Gholdengo
|-boost|p1b: Gholdengo|spa|2
|
|-heal|p1b: Gholdengo|74/100|[from] Grassy Terrain
|-heal|p2b: Ursaluna|97/100|[from] Grassy Terrain
|upkeep
|turn|3
|
|t:|1757746557
|move|p1a: Rillaboom|Grassy Glide|p2a: Dragonite
|-resisted|p2a: Dragonite
|-damage|p2a: Dragonite|93/100
|move|p2a: Dragonite|Haze|p2a: Dragonite
|-clearallboost
|move|p1b: Gholdengo|Make It Rain|p2b: Ursaluna|[spread] p2a,p2b
|-damage|p2a: Dragonite|45/100
|-damage|p2b: Ursaluna|34/100
|-unboost|p1b: Gholdengo|spa|1
|move|p2b: Ursaluna|Hyper Voice|p1a: Rillaboom|[spread] p1a,p1b
|-resisted|p1b: Gholdengo
|-damage|p1a: Rillaboom|57/100
|-damage|p1b: Gholdengo|39/100
|-damage|p2b: Ursaluna|25/100|[from] item: Life Orb
|
|-heal|p1b: Gholdengo|45/100|[from] Grassy Terrain
|-heal|p1a: Rillaboom|62/100|[from] Grassy Terrain
|-heal|p2b: Ursaluna|31/100|[from] Grassy Terrain
|upkeep
|turn|4
|
|t:|1757746589
|move|p1b: Gholdengo|Nasty Plot|p1b: Gholdengo
|-boost|p1b: Gholdengo|spa|2
|move|p2a: Dragonite|Tailwind|p2a: Dragonite
|-sidestart|p2: Truevillany123|move: Tailwind
|move|p2b: Ursaluna|Hyper Voice|p1b: Gholdengo|[spread] p1a,p1b
|-resisted|p1b: Gholdengo
|-damage|p1a: Rillaboom|14/100
|-damage|p1b: Gholdengo|12/100
|-damage|p2b: Ursaluna|21/100|[from] item: Life Orb
|move|p1a: Rillaboom|Wood Hammer|p2b: Ursaluna
|-damage|p2b: Ursaluna|0 fnt
|faint|p2b: Ursaluna
|-damage|p1a: Rillaboom|7/100|[from] Recoil
|
|-heal|p1b: Gholdengo|19/100|[from] Grassy Terrain
|-heal|p1a: Rillaboom|13/100|[from] Grassy Terrain
|upkeep
|c|☆hexagonfoot|nice haze
|c|☆Truevillany123|TY
|
|t:|1757746606
|switch|p2b: Gholdengo|Gholdengo, L50|100/100
|-enditem|p2b: Gholdengo|Grassy Seed
|-boost|p2b: Gholdengo|def|1|[from] item: Grassy Seed
|turn|5
|c|☆hexagonfoot|oh i lose
|c|☆hexagonfoot|gg
|c|☆Truevillany123|gg
|-message|hexagonfoot forfeited.
|
|win|Truevillany123
|raw|hexagonfoot's rating: 1240 → 1204(-36 for losing)
|raw|Truevillany123's rating: 1077 → 1118(+41 for winning)
|c|☆Truevillany123|I'm glad I went tailwind
|c|☆hexagonfoot|yeah
|c|☆hexagonfoot|i think dnie is a must bring
|c|☆Truevillany123|yeah
|n|!Truevillany123|truevillany123
|c|☆hexagonfoot|its midnight and i am tired as hell
|c|☆hexagonfoot|cya o7
|l|☆hexagonfoot
|player|p1|
