|j|☆viatles
|j|☆seawolfmikestoes
|html|viatlesseawolfmikestoes    
|uhtml|bestof|Game 1 of a best-of-3
|t:|1756238295
|gametype|doubles
|player|p1|viatles|hiker|1082
|player|p2|seawolfmikestoes|twins-gen4|1047
|gen|9
|tier|[Gen 9] VGC 2025 Reg H (Bo3)
|rated|
|rule|Species Clause: Limit one of each Pokémon
|rule|Item Clause: Limit 1 of each item
|clearpoke
|poke|p1|Oricorio-Sensu, L50, F|
|poke|p1|Volcarona, L50, F|
|poke|p1|Sylveon, L50, F|
|poke|p1|Murkrow, L50, F|
|poke|p1|Dragapult, L50, M|
|poke|p1|Baxcalibur, L50, M|
|poke|p2|Incineroar, L50, M|
|poke|p2|Dragonite, L50, F|
|poke|p2|Archaludon, L50, M|
|poke|p2|Annihilape, L50, F|
|poke|p2|Gholdengo, L50|
|poke|p2|Whimsicott, L50, F|
|teampreview|4
|showteam|p1|Oricorio-Sensu||FocusSash|Dancer|QuiverDance,BatonPass,RevelationDance,Protect|||F|||50|,,,,,Fighting]Volcarona||SitrusBerry|FlameBody|QuiverDance,GigaDrain,FieryDance,Protect|||F|||50|,,,,,Grass]Sylveon||ChoiceScarf|Pixilate|HyperVoice,TeraBlast,StoredPower,SleepTalk|||F|||50|,,,,,Ground]Murkrow||Eviolite|Prankster|Tailwind,FoulPlay,Haze,FeatherDance|||F|||50|,,,,,Dark]Dragapult||CovertCloak|ClearBody|DragonCheer,DragonDarts,Protect,PhantomForce|||M|||50|,,,,,Stellar]Baxcalibur||LoadedDice|ThermalExchange|IcicleSpear,ScaleShot,GlaiveRush,Protect|||M|||50|,,,,,Grass
|showteam|p2|Incineroar||AssaultVest|Intimidate|FlareBlitz,FakeOut,KnockOff,Uturn|||M|||50|,,,,,Grass]Dragonite||LoadedDice|Multiscale|ScaleShot,ExtremeSpeed,Haze,Protect|||F|||50|,,,,,Fairy]Archaludon||PowerHerb|Sturdy|DracoMeteor,ElectroShot,Thunderbolt,Protect|||M|||50|,,,,,Electric]Annihilape||FocusSash|Defiant|CloseCombat,RageFist,Coaching,Taunt|||F|||50|,,,,,Grass]Gholdengo||ChoiceSpecs|GoodasGold|MakeItRain,ShadowBall,PowerGem,Trick||||||50|,,,,,Steel]Whimsicott||CovertCloak|Prankster|Moonblast,Tailwind,Encore,FakeTears|||F|||50|,,,,,Water
|c|☆viatles|gl hf
|inactive|Battle timer is ON: inactive players will automatically lose when time's up. (requested by viatles)
|inactive|seawolfmikestoes has 60 seconds left.
|inactive|seawolfmikestoes has 30 seconds left.
|inactive|seawolfmikestoes has 20 seconds left.
|inactive|seawolfmikestoes has 15 seconds left.
|
|t:|1756238380
|teamsize|p1|4
|teamsize|p2|4
|start
|switch|p1a: Oricorio|Oricorio-Sensu, L50, F|100/100
|switch|p1b: Volcarona|Volcarona, L50, F|100/100
|switch|p2a: Dragonite|Dragonite, L50, F|100/100
|switch|p2b: Incineroar|Incineroar, L50, M|100/100
|-ability|p2b: Incineroar|Intimidate|boost
|-unboost|p1a: Oricorio|atk|1
|-unboost|p1b: Volcarona|atk|1
|turn|1
|
|t:|1756238400
|move|p1b: Volcarona|Protect|p1b: Volcarona
|-singleturn|p1b: Volcarona|Protect
|move|p2b: Incineroar|Fake Out|p1b: Volcarona
|-activate|p1b: Volcarona|move: Protect
|move|p1a: Oricorio|Quiver Dance|p1a: Oricorio
|-boost|p1a: Oricorio|spa|1
|-boost|p1a: Oricorio|spd|1
|-boost|p1a: Oricorio|spe|1
|move|p2a: Dragonite|Scale Shot|p1a: Oricorio
|-damage|p1a: Oricorio|78/100
|-damage|p1a: Oricorio|55/100
|-damage|p1a: Oricorio|34/100
|-damage|p1a: Oricorio|12/100
|-damage|p1a: Oricorio|0 fnt
|faint|p1a: Oricorio
|-hitcount|p1: Oricorio|5
|-unboost|p2a: Dragonite|def|1
|-boost|p2a: Dragonite|spe|1
|
|upkeep
|
|t:|1756238419
|switch|p1a: Sylveon|Sylveon, L50, F|100/100
|turn|2
|
|t:|1756238429
|move|p2a: Dragonite|Protect|p2a: Dragonite
|-singleturn|p2a: Dragonite|Protect
|move|p1a: Sylveon|Hyper Voice|p2a: Dragonite|[spread] p2b
|-activate|p2a: Dragonite|move: Protect
|-damage|p2b: Incineroar|77/100
|move|p1b: Volcarona|Quiver Dance|p1b: Volcarona
|-boost|p1b: Volcarona|spa|1
|-boost|p1b: Volcarona|spd|1
|-boost|p1b: Volcarona|spe|1
|move|p2b: Incineroar|Knock Off|p1b: Volcarona
|-damage|p1b: Volcarona|50/100
|-enditem|p1b: Volcarona|Sitrus Berry|[from] move: Knock Off|[of] p2b: Incineroar
|
|upkeep
|turn|3
|inactive|seawolfmikestoes has 30 seconds left.
|inactive|seawolfmikestoes has 20 seconds left.
|inactive|seawolfmikestoes has 15 seconds left.
|inactive|seawolfmikestoes has 10 seconds left.
|
|t:|1756238476
|move|p1b: Volcarona|Giga Drain|p2a: Dragonite
|-resisted|p2a: Dragonite
|-damage|p2a: Dragonite|95/100
|-heal|p1b: Volcarona|53/100|[from] drain|[of] p2a: Dragonite
|move|p2a: Dragonite|Scale Shot|p1b: Volcarona
|-damage|p1b: Volcarona|35/100
|-damage|p1b: Volcarona|16/100
|-damage|p1b: Volcarona|0 fnt
|faint|p1b: Volcarona
|-hitcount|p1: Volcarona|3
|-unboost|p2a: Dragonite|def|1
|-boost|p2a: Dragonite|spe|1
|move|p1a: Sylveon|Hyper Voice|p2b: Incineroar|[spread] p2a,p2b
|-supereffective|p2a: Dragonite
|-damage|p2a: Dragonite|8/100
|-damage|p2b: Incineroar|52/100
|move|p2b: Incineroar|Knock Off|p1a: Sylveon
|-resisted|p1a: Sylveon
|-crit|p1a: Sylveon
|-damage|p1a: Sylveon|55/100
|-enditem|p1a: Sylveon|Choice Scarf|[from] move: Knock Off|[of] p2b: Incineroar
|
|upkeep
|
|t:|1756238495
|switch|p1b: Dragapult|Dragapult, L50, M|100/100
|turn|4
|
|t:|1756238502
|move|p1b: Dragapult|Protect|p1b: Dragapult
|-singleturn|p1b: Dragapult|Protect
|move|p2a: Dragonite|Scale Shot|p1b: Dragapult
|-activate|p1b: Dragapult|move: Protect
|move|p1a: Sylveon|Hyper Voice|p2b: Incineroar|[spread] p2a,p2b
|-supereffective|p2a: Dragonite
|-crit|p2a: Dragonite
|-damage|p2a: Dragonite|0 fnt
|-damage|p2b: Incineroar|30/100
|faint|p2a: Dragonite
|move|p2b: Incineroar|Flare Blitz|p1a: Sylveon
|-damage|p1a: Sylveon|0 fnt
|faint|p1a: Sylveon
|-damage|p2b: Incineroar|15/100|[from] Recoil
|
|upkeep
|
|t:|1756238512
|switch|p2a: Gholdengo|Gholdengo, L50|100/100
|turn|5
|
|t:|1756238518
|move|p1b: Dragapult|Phantom Force||[still]
|-prepare|p1b: Dragapult|Phantom Force
|move|p2a: Gholdengo|Shadow Ball|p1b: Dragapult|[miss]
|-miss|p2a: Gholdengo|p1b: Dragapult
|move|p2b: Incineroar|Knock Off|p1b: Dragapult|[miss]
|-miss|p2b: Incineroar|p1b: Dragapult
|
|upkeep
|turn|6
|
|t:|1756238541
|-terastallize|p2a: Gholdengo|Steel
|move|p1b: Dragapult|Phantom Force|p2a: Gholdengo|[from] lockedmove
|-damage|p2a: Gholdengo|50/100
|move|p2a: Gholdengo|Shadow Ball|p1b: Dragapult
|-supereffective|p1b: Dragapult
|-damage|p1b: Dragapult|0 fnt
|faint|p1b: Dragapult
|
|win|seawolfmikestoes
||seawolfmikestoes is ready for game 2.
||seawolfmikestoes is ready for game 2.
||viatles is ready for game 2.
|uhtml|next|Next: Game 2 of 3
|l|☆seawolfmikestoes
|player|p2|
