|j|☆AyyLwin
|j|☆robo562
|html|AyyLwinrobo562    
|uhtml|bestof|Game 1 of a best-of-3
|t:|1785308873
|gametype|doubles
|player|p1|AyyLwin|102|1049
|player|p2|robo562|266|1000
|gen|9
|tier|[Gen 9 Champions] VGC 2026 Reg M-B (Bo3)
|rated|
|rule|Species Clause: Limit one of each Pokémon
|rule|Item Clause: Limit 1 of each item
|clearpoke
|poke|p1|Charizard, L50, M|
|poke|p1|Swampert, L50, M|
|poke|p1|Sinistcha, L50|
|poke|p1|Politoed, L50, F|
|poke|p1|Clefable, L50, F|
|poke|p1|Vivillon-Fancy, L50, M|
|poke|p2|Garchomp, L50, F|
|poke|p2|Tyranitar, L50, M|
|poke|p2|Milotic, L50, F|
|poke|p2|Clefable, L50, M|
|poke|p2|Gholdengo, L50|
|poke|p2|Sinistcha-Masterpiece, L50|
|teampreview|4
|showteam|p1|Charizard||CharizarditeY|Blaze|HeatWave,Protect,WeatherBall,SolarBeam|Modest||M|||50|]Swampert||Swampertite|Torrent|FlipTurn,IcePunch,Protect,Earthquake|Adamant||M|||50|]Sinistcha||KasibBerry|Hospitality|MatchaGotcha,Protect,TrickRoom,RagePowder|Bold|||||50|]Politoed||DampRock|Drizzle|Hypnosis,Surf,WeatherBall,Protect|Sassy||F|||50|]Clefable||SitrusBerry|Unaware|FollowMe,Gravity,Protect,Moonblast|Modest||F|||50|]Vivillon-Fancy||FocusSash|CompoundEyes|SleepPowder,Protect,Hurricane,RagePowder|Timid||M|||50|
|showteam|p2|Garchomp||Garchompite|SandVeil|Protect,SwordsDance,DragonClaw,Earthquake|Adamant||F|||50|]Tyranitar||Tyranitarite|SandStream|Protect,RockSlide,KnockOff,LowKick|Adamant||M|||50|]Milotic||Leftovers|Competitive|Recover,Coil,Scald,IceBeam|Modest||F|||50|]Clefable||FairyFeather|Unaware|Protect,FollowMe,HelpingHand,Moonblast|Modest||M|||50|]Gholdengo||FocusSash|GoodasGold|Protect,NastyPlot,MakeItRain,ShadowBall|Modest|||||50|]Sinistcha-Masterpiece||SitrusBerry|Hospitality|Protect,RagePowder,TrickRoom,MatchaGotcha|Modest|||||50|
|inactive|Battle timer is ON: inactive players will automatically lose when time's up. (requested by robo562)
|inactive|robo562 has 60 seconds left.
|inactive|robo562 has 30 seconds left.
|
|t:|1785308943
|teamsize|p1|4
|teamsize|p2|4
|start
|switch|p1a: Swampert|Swampert, L50, M|100/100
|switch|p1b: Vivillon|Vivillon-Fancy, L50, M|100/100
|switch|p2a: Tyranitar|Tyranitar, L50, M|100/100
|switch|p2b: Clefable|Clefable, L50, M|100/100
|-weather|Sandstorm|[from] ability: Sand Stream|[of] p2a: Tyranitar
|turn|1
|
|t:|1785308968
|detailschange|p2a: Tyranitar|Tyranitar-Mega, L50, M
|-mega|p2a: Tyranitar|Tyranitar|Tyranitarite
|move|p1a: Swampert|Protect|p1a: Swampert
|-singleturn|p1a: Swampert|Protect
|move|p2b: Clefable|Follow Me|p2b: Clefable
|-singleturn|p2b: Clefable|move: Follow Me
|move|p1b: Vivillon|Sleep Powder|p2b: Clefable
|-status|p2b: Clefable|slp|[from] move: Sleep Powder
|move|p2a: Tyranitar|Rock Slide|p1a: Swampert|[spread] p1b
|-activate|p1a: Swampert|move: Protect
|-supereffective|p1b: Vivillon|2
|-enditem|p1b: Vivillon|Focus Sash
|-damage|p1b: Vivillon|1/100
|
|-weather|Sandstorm|[upkeep]
|-damage|p1b: Vivillon|0 fnt|[from] Sandstorm
|-damage|p2b: Clefable|94/100 slp|[from] Sandstorm
|faint|p1b: Vivillon
|upkeep
|
|t:|1785308987
|switch|p1b: Politoed|Politoed, L50, F|100/100
|-weather|RainDance|[from] ability: Drizzle|[of] p1b: Politoed
|turn|2
|
|t:|1785309006
|detailschange|p1a: Swampert|Swampert-Mega, L50, M
|-mega|p1a: Swampert|Swampert|Swampertite
|move|p2a: Tyranitar|Protect|p2a: Tyranitar
|-singleturn|p2a: Tyranitar|Protect
|cant|p2b: Clefable|slp
|move|p1a: Swampert|Earthquake|p2a: Tyranitar|[spread] p1b,p2b
|-activate|p2a: Tyranitar|move: Protect
|-crit|p2b: Clefable
|-damage|p1b: Politoed|46/100
|-damage|p2b: Clefable|28/100 slp
|move|p1b: Politoed|Surf|p2b: Clefable|[spread] p1a,p2b
|-activate|p2a: Tyranitar|move: Protect
|-damage|p1a: Swampert|65/100
|-damage|p2b: Clefable|0 fnt
|faint|p2b: Clefable
|
|-weather|RainDance|[upkeep]
|upkeep
|
|t:|1785309027
|switch|p2b: Sinistcha|Sinistcha-Masterpiece, L50|100/100
|turn|3
|
|t:|1785309047
|switch|p2a: Gholdengo|Gholdengo, L50|100/100
|move|p1b: Politoed|Protect|p1b: Politoed
|-singleturn|p1b: Politoed|Protect
|move|p1a: Swampert|Flip Turn|p2a: Gholdengo
|-damage|p2a: Gholdengo|48/100
|
|t:|1785309058
|switch|p1a: Sinistcha|Sinistcha, L50|100/100|[from] Flip Turn
|-heal|p1b: Politoed|71/100|[from] ability: Hospitality|[of] p1a: Sinistcha
|move|p2b: Sinistcha|Trick Room|p2b: Sinistcha
|-fieldstart|move: Trick Room|[of] p2b: Sinistcha
|
|-weather|RainDance|[upkeep]
|upkeep
|turn|4
|inactive|AyyLwin has 30 seconds left.
|
|t:|1785309084
|move|p1a: Sinistcha|Protect|p1a: Sinistcha
|-singleturn|p1a: Sinistcha|Protect
|move|p1b: Politoed|Weather Ball|p2a: Gholdengo
|-damage|p2a: Gholdengo|0 fnt
|faint|p2a: Gholdengo
|move|p2b: Sinistcha|Matcha Gotcha|p1a: Sinistcha|[spread] p1b
|-activate|p1a: Sinistcha|move: Protect
|-supereffective|p1b: Politoed|1
|-damage|p1b: Politoed|27/100
|
|-weather|RainDance|[upkeep]
|upkeep
|
|t:|1785309098
|switch|p2a: Tyranitar|Tyranitar-Mega, L50, M|100/100
|-weather|Sandstorm|[from] ability: Sand Stream|[of] p2a: Tyranitar
|turn|5
|
|t:|1785309126
|move|p1b: Politoed|Protect|p1b: Politoed
|-singleturn|p1b: Politoed|Protect
|move|p2b: Sinistcha|Matcha Gotcha|p1b: Politoed|[spread] p1a
|-activate|p1b: Politoed|move: Protect
|-resisted|p1a: Sinistcha|1
|-damage|p1a: Sinistcha|87/100
|move|p1a: Sinistcha|Matcha Gotcha|p2b: Sinistcha|[spread] p2a,p2b
|-supereffective|p2a: Tyranitar|1
|-resisted|p2b: Sinistcha|1
|-damage|p2a: Tyranitar|78/100
|-heal|p1a: Sinistcha|99/100|[from] drain|[of] p2a: Tyranitar
|-damage|p2b: Sinistcha|87/100
|-heal|p1a: Sinistcha|100/100|[from] drain|[of] p2b: Sinistcha
|move|p2a: Tyranitar|Knock Off|p1a: Sinistcha
|-supereffective|p1a: Sinistcha|1
|-damage|p1a: Sinistcha|0 fnt
|-enditem|p1a: Sinistcha|Kasib Berry|[from] move: Knock Off|[of] p2a: Tyranitar
|faint|p1a: Sinistcha
|
|-weather|Sandstorm|[upkeep]
|-damage|p1b: Politoed|21/100|[from] Sandstorm
|-damage|p2b: Sinistcha|81/100|[from] Sandstorm
|upkeep
|
|t:|1785309151
|switch|p1a: Swampert|Swampert-Mega, L50, M|65/100
|turn|6
|
|t:|1785309165
|move|p1a: Swampert|Protect|p1a: Swampert
|-singleturn|p1a: Swampert|Protect
|move|p1b: Politoed|Surf|p2b: Sinistcha|[spread] p2a,p2b
|-activate|p1a: Swampert|move: Protect
|-supereffective|p2a: Tyranitar|1
|-resisted|p2b: Sinistcha|1
|-damage|p2a: Tyranitar|58/100
|-damage|p2b: Sinistcha|68/100
|move|p2b: Sinistcha|Matcha Gotcha|p1a: Swampert|[spread] p1b
|-activate|p1a: Swampert|move: Protect
|-supereffective|p1b: Politoed|1
|-damage|p1b: Politoed|0 fnt
|-heal|p2b: Sinistcha|78/100|[from] drain|[of] p1b: Politoed
|faint|p1b: Politoed
|move|p2a: Tyranitar|Knock Off|p1a: Swampert
|-activate|p1a: Swampert|move: Protect
|
|-weather|Sandstorm|[upkeep]
|-damage|p2b: Sinistcha|72/100|[from] Sandstorm
|upkeep
|turn|7
|inactive|robo562 has 30 seconds left.
|
|t:|1785309193
|move|p2b: Sinistcha|Matcha Gotcha|p1a: Swampert
|-supereffective|p1a: Swampert|2
|-damage|p1a: Swampert|0 fnt
|-heal|p2b: Sinistcha|100/100|[from] drain|[of] p1a: Swampert
|faint|p1a: Swampert
|
|win|robo562
|inactive|AyyLwin has 30 seconds to confirm battle start!
|inactive|robo562 has 30 seconds to confirm battle start!
||robo562 is ready for game 2.
|inactive|AyyLwin has 20 seconds to confirm battle start!
|l|☆AyyLwin
|player|p1|
|j|☆AyyLwin
|player|p1|AyyLwin|102|
|inactive|AyyLwin has 10 seconds to confirm battle start!
||AyyLwin is ready for game 2.
|uhtml|next|Next: Game 2 of 3
|l|☆AyyLwin
|player|p1|
