|j|☆ArkAran
|j|☆owbd
|html|ArkAranowbd    
|uhtml|bestof|Game 1 of a best-of-3
|t:|1756801100
|gametype|doubles
|player|p1|ArkAran|265|1000
|player|p2|owbd|cynthia-gen4|1095
|gen|9
|tier|[Gen 9] VGC 2025 Reg H (Bo3)
|rated|
|rule|Species Clause: Limit one of each Pokémon
|rule|Item Clause: Limit 1 of each item
|clearpoke
|poke|p1|Blastoise, L50, F|
|poke|p1|Incineroar, L50, F|
|poke|p1|Rillaboom, L50, F|
|poke|p1|Gholdengo, L50|
|poke|p1|Ursaluna-Bloodmoon, L50, M|
|poke|p1|Electabuzz, L50, F|
|poke|p2|Gholdengo, L50|
|poke|p2|Incineroar, L50, F|
|poke|p2|Ursaluna-Bloodmoon, L50, M|
|poke|p2|Indeedee, L50, M|
|poke|p2|Sneasler, L50, M|
|poke|p2|Murkrow, L50, F|
|teampreview|4
|showteam|p1|Blastoise||RockyHelmet|RainDish|FakeOut,FlipTurn,HelpingHand,Haze|||F|||50|,,,,,Grass]Incineroar||SafetyGoggles|Intimidate|FakeOut,PartingShot,KnockOff,FlareBlitz|||F|||50|,,,,,Ghost]Rillaboom||AssaultVest|GrassySurge|FakeOut,Uturn,WoodHammer,HighHorsepower|||F|||50|,,,,,Fire]Gholdengo||Leftovers|GoodasGold|NastyPlot,ShadowBall,MakeItRain,Protect||||||50|,,,,,Steel]Ursaluna-Bloodmoon||LifeOrb|MindsEye|Protect,VacuumWave,BloodMoon,EarthPower|||M|||50|,,,,,Ghost]Electabuzz||Eviolite|VitalSpirit|FollowMe,Electroweb,Taunt,LightScreen|||F|||50|,,,,,Electric
|showteam|p2|Gholdengo||ChoiceSpecs|GoodasGold|MakeItRain,ShadowBall,Thunderbolt,Trick||||||50|,,,,,Steel]Incineroar||SafetyGoggles|Intimidate|FlareBlitz,PartingShot,FakeOut,KnockOff|||F|||50|,,,,,Ghost]Ursaluna-Bloodmoon||AssaultVest|MindsEye|BloodMoon,EarthPower,HyperVoice,Moonblast|||M|||50|,,,,,Normal]Indeedee||FocusSash|PsychicSurge|ExpandingForce,Protect,TrickRoom,Imprison|||M|||50|,,,,,Psychic]Sneasler||PsychicSeed|Unburden|CloseCombat,DireClaw,FakeOut,ThroatChop|||M|||50|,,,,,Stellar]Murkrow||CovertCloak|Prankster|FoulPlay,Haze,SunnyDay,Tailwind|||F|||50|,,,,,Dark
|
|t:|1756801138
|teamsize|p1|4
|teamsize|p2|4
|start
|switch|p1a: Electabuzz|Electabuzz, L50, F|100/100
|switch|p1b: Gholdengo|Gholdengo, L50|100/100
|switch|p2a: Gholdengo|Gholdengo, L50|100/100
|switch|p2b: Murkrow|Murkrow, L50, F|100/100
|turn|1
|
|t:|1756801172
|-terastallize|p1b: Gholdengo|Steel
|-terastallize|p2a: Gholdengo|Steel
|move|p2b: Murkrow|Tailwind|p2b: Murkrow
|-sidestart|p2: owbd|move: Tailwind
|move|p2a: Gholdengo|Make It Rain|p1a: Electabuzz|[spread] p1a,p1b
|-resisted|p1a: Electabuzz
|-resisted|p1b: Gholdengo
|-damage|p1a: Electabuzz|61/100
|-damage|p1b: Gholdengo|44/100
|-unboost|p2a: Gholdengo|spa|1
|move|p1a: Electabuzz|Light Screen|p1a: Electabuzz
|-sidestart|p1: ArkAran|move: Light Screen
|move|p1b: Gholdengo|Make It Rain|p2b: Murkrow|[spread] p2a,p2b
|-resisted|p2a: Gholdengo
|-damage|p2a: Gholdengo|63/100
|-damage|p2b: Murkrow|0 fnt
|-unboost|p1b: Gholdengo|spa|1
|faint|p2b: Murkrow
|
|-heal|p1b: Gholdengo|50/100|[from] item: Leftovers
|upkeep
|
|t:|1756801190
|switch|p2b: Indeedee|Indeedee, L50, M|100/100
|-fieldstart|move: Psychic Terrain|[from] ability: Psychic Surge|[of] p2b: Indeedee
|turn|2
|
|t:|1756801203
|switch|p1b: Rillaboom|Rillaboom, L50, F, shiny|100/100
|-fieldstart|move: Grassy Terrain|[from] ability: Grassy Surge|[of] p1b: Rillaboom
|move|p2b: Indeedee|Expanding Force|p1a: Electabuzz
|-damage|p1a: Electabuzz|41/100
|move|p2a: Gholdengo|Make It Rain|p1a: Electabuzz|[spread] p1a,p1b
|-resisted|p1a: Electabuzz
|-damage|p1a: Electabuzz|24/100
|-damage|p1b: Rillaboom|62/100
|-unboost|p2a: Gholdengo|spa|1
|move|p1a: Electabuzz|Electroweb|p2b: Indeedee|[spread] p2a,p2b
|-damage|p2a: Gholdengo|49/100
|-damage|p2b: Indeedee|83/100
|-unboost|p2a: Gholdengo|spe|1
|-unboost|p2b: Indeedee|spe|1
|
|-heal|p2b: Indeedee|89/100|[from] Grassy Terrain
|-heal|p2a: Gholdengo|55/100|[from] Grassy Terrain
|-heal|p1a: Electabuzz|30/100|[from] Grassy Terrain
|-heal|p1b: Rillaboom|68/100|[from] Grassy Terrain
|upkeep
|turn|3
|
|t:|1756801235
|switch|p2b: Sneasler|Sneasler, L50, M|100/100
|move|p2a: Gholdengo|Make It Rain|p1a: Electabuzz|[spread] p1a,p1b
|-resisted|p1a: Electabuzz
|-crit|p1b: Rillaboom
|-damage|p1a: Electabuzz|16/100
|-damage|p1b: Rillaboom|0 fnt
|-unboost|p2a: Gholdengo|spa|1
|faint|p1b: Rillaboom
|move|p1a: Electabuzz|Electroweb|p2b: Sneasler|[spread] p2a,p2b
|-damage|p2a: Gholdengo|38/100
|-damage|p2b: Sneasler|83/100
|-unboost|p2a: Gholdengo|spe|1
|-unboost|p2b: Sneasler|spe|1
|
|-heal|p2b: Sneasler|89/100|[from] Grassy Terrain
|-heal|p1a: Electabuzz|22/100|[from] Grassy Terrain
|-heal|p2a: Gholdengo|44/100|[from] Grassy Terrain
|upkeep
|
|t:|1756801253
|switch|p1b: Gholdengo|Gholdengo, L50, tera:Steel|50/100
|turn|4
|
|t:|1756801267
|move|p2b: Sneasler|Close Combat|p1b: Gholdengo
|-supereffective|p1b: Gholdengo
|-damage|p1b: Gholdengo|0 fnt
|-unboost|p2b: Sneasler|def|1
|-unboost|p2b: Sneasler|spd|1
|faint|p1b: Gholdengo
|move|p1a: Electabuzz|Electroweb|p2b: Sneasler|[spread] p2a,p2b
|-damage|p2a: Gholdengo|28/100
|-damage|p2b: Sneasler|62/100
|-unboost|p2a: Gholdengo|spe|1
|-unboost|p2b: Sneasler|spe|1
|move|p2a: Gholdengo|Make It Rain|p1a: Electabuzz
|-resisted|p1a: Electabuzz
|-damage|p1a: Electabuzz|9/100
|-unboost|p2a: Gholdengo|spa|1
|
|-heal|p1a: Electabuzz|14/100|[from] Grassy Terrain
|-heal|p2b: Sneasler|68/100|[from] Grassy Terrain
|-heal|p2a: Gholdengo|34/100|[from] Grassy Terrain
|-sideend|p2: owbd|move: Tailwind
|upkeep
|
|t:|1756801284
|switch|p1b: Ursaluna|Ursaluna-Bloodmoon, L50, M|100/100
|turn|5
|
|t:|1756801306
|switch|p2b: Indeedee|Indeedee, L50, M|89/100
|-fieldstart|move: Psychic Terrain|[from] ability: Psychic Surge|[of] p2b: Indeedee
|move|p1a: Electabuzz|Electroweb|p2a: Gholdengo|[spread] p2b
|-miss|p1a: Electabuzz|p2a: Gholdengo
|-damage|p2b: Indeedee|71/100
|-unboost|p2b: Indeedee|spe|1
|move|p1b: Ursaluna|Blood Moon|p2b: Indeedee
|-damage|p2b: Indeedee|0 fnt
|faint|p2b: Indeedee
|-damage|p1b: Ursaluna|90/100|[from] item: Life Orb
|move|p2a: Gholdengo|Make It Rain|p1a: Electabuzz|[spread] p1a,p1b
|-resisted|p1a: Electabuzz
|-damage|p1a: Electabuzz|6/100
|-damage|p1b: Ursaluna|69/100
|-unboost|p2a: Gholdengo|spa|1
|
|-sideend|p1: ArkAran|move: Light Screen
|upkeep
|
|t:|1756801329
|switch|p2b: Sneasler|Sneasler, L50, M|68/100
|-enditem|p2b: Sneasler|Psychic Seed
|-boost|p2b: Sneasler|spd|1|[from] item: Psychic Seed
|turn|6
|
|t:|1756801340
|move|p1a: Electabuzz|Follow Me|p1a: Electabuzz
|-singleturn|p1a: Electabuzz|move: Follow Me
|move|p2b: Sneasler|Close Combat|p1a: Electabuzz
|-crit|p1a: Electabuzz
|-damage|p1a: Electabuzz|0 fnt
|-unboost|p2b: Sneasler|def|1
|-unboost|p2b: Sneasler|spd|1
|faint|p1a: Electabuzz
|move|p1b: Ursaluna|Earth Power|p2b: Sneasler
|-supereffective|p2b: Sneasler
|-damage|p2b: Sneasler|0 fnt
|faint|p2b: Sneasler
|-damage|p1b: Ursaluna|59/100|[from] item: Life Orb
|move|p2a: Gholdengo|Make It Rain|p1b: Ursaluna
|-damage|p1b: Ursaluna|21/100
|-unboost|p2a: Gholdengo|spa|1
|
|upkeep
|turn|7
|
|t:|1756801359
|move|p1b: Ursaluna|Earth Power|p2a: Gholdengo
|-supereffective|p2a: Gholdengo
|-damage|p2a: Gholdengo|0 fnt
|faint|p2a: Gholdengo
|-damage|p1b: Ursaluna|11/100|[from] item: Life Orb
|
|win|ArkAran
||owbd is ready for game 2.
|inactive|ArkAran has 30 seconds to confirm battle start!
||ArkAran is ready for game 2.
|uhtml|next|Next: Game 2 of 3
