|j|☆testy accounty 2
|j|☆Awesome Person III
|html|testy accounty 2Awesome Person III    
|uhtml|bestof|Game 2 of a best-of-3
|t:|1785987459
|gametype|doubles
|player|p1|testy accounty 2|169|
|player|p2|Awesome Person III|fisherman-gen4|
|gen|9
|tier|[Gen 9 Champions] VGC 2026 Reg M-B (Bo3)
|rule|Species Clause: Limit one of each Pokémon
|rule|Item Clause: Limit 1 of each item
|clearpoke
|poke|p1|Staraptor, L50, M|
|poke|p1|Raichu, L50, M|
|poke|p1|Farigiraf, L50, M|
|poke|p1|Arcanine-Hisui, L50, F|
|poke|p1|Sylveon, L50, F|
|poke|p1|Kingambit, L50, F|
|poke|p2|Garchomp, L50, M|
|poke|p2|Delphox, L50, F|
|poke|p2|Floette-Eternal, L50, F|
|poke|p2|Incineroar, L50, M|
|poke|p2|Sneasler, L50, F|
|poke|p2|Sinistcha, L50|
|teampreview|4
|showteam|p1|Staraptor||Staraptite|Intimidate|CloseCombat,DualWingbeat,Tailwind,Protect|Jolly||M|||50|]Raichu||RaichuniteY|LightningRod|ZapCannon,FocusBlast,FakeOut,Protect|Timid||M|||50|]Farigiraf||SitrusBerry|ArmorTail|Psychic,HelpingHand,TrickRoom,Protect|Calm||M|||50|]Arcanine-Hisui||FocusSash|RockHead|FlareBlitz,HeadSmash,ExtremeSpeed,Protect|Jolly||F|||50|]Sylveon||FairyFeather|Pixilate|HyperVoice,HyperBeam,QuickAttack,Detect|Modest||F|||50|]Kingambit||LifeOrb|Defiant|KowtowCleave,SuckerPunch,SwordsDance,Protect|Adamant||F|||50|
|showteam|p2|Garchomp||ChoiceScarf|RoughSkin|DragonClaw,StompingTantrum,Earthquake,RockSlide|Adamant||M|||50|]Delphox||Delphoxite|Blaze|Psychic,HeatWave,Protect,NastyPlot|Timid||F|||50|]Floette-Eternal||Floettite|FlowerVeil|DazzlingGleam,DrainingKiss,Protect,CalmMind|Timid||F|||50|]Incineroar||Leftovers|Intimidate|FlareBlitz,FakeOut,PartingShot,HelpingHand|Impish||M|||50|]Sneasler||FocusSash|PoisonTouch|CloseCombat,PoisonJab,FakeOut,QuickGuard|Jolly||F|||50|]Sinistcha||SitrusBerry|Hospitality|MatchaGotcha,Protect,LifeDew,RagePowder|Impish|||||50|
|inactive|Battle timer is ON: inactive players will automatically lose when time's up. (requested by Awesome Person III)
|j| Tindall64
|j| Plopy14
|inactive|testy accounty 2 has 60 seconds left.
|inactive|testy accounty 2 has 30 seconds left.
|
|t:|1785987523
|teamsize|p1|4
|teamsize|p2|4
|start
|switch|p1a: Raichu|Raichu, L50, M|100/100
|switch|p1b: Sylveon|Sylveon, L50, F|100/100
|switch|p2a: Floette|Floette-Eternal, L50, F|100/100
|switch|p2b: Sneasler|Sneasler, L50, F|100/100
|turn|1
|
|t:|1785987546
|switch|p2b: Incineroar|Incineroar, L50, M|100/100
|-ability|p2b: Incineroar|Intimidate|boost
|-unboost|p1a: Raichu|atk|1
|-unboost|p1b: Sylveon|atk|1
|detailschange|p1a: Raichu|Raichu-Mega-Y, L50, M
|-mega|p1a: Raichu|Raichu|Raichunite Y
|move|p2a: Floette|Protect|p2a: Floette
|-singleturn|p2a: Floette|Protect
|move|p1a: Raichu|Fake Out|p2b: Incineroar
|-damage|p2b: Incineroar|95/100
|move|p1b: Sylveon|Hyper Voice|p2b: Incineroar|[spread] p2b
|-activate|p2a: Floette|move: Protect
|-damage|p2b: Incineroar|57/100
|
|-heal|p2b: Incineroar|63/100|[from] item: Leftovers
|upkeep
|turn|2
|j| figglewiggle
|inactive|testy accounty 2 has 30 seconds left.
|j| JaVinciVGC
|inactive|testy accounty 2 has 20 seconds left.
|
|t:|1785987583
|switch|p1b: Farigiraf|Farigiraf, L50, M|100/100
|move|p2b: Incineroar|Fake Out||[still]
|cant|p1b: Farigiraf|ability: Armor Tail|Fake Out|[of] p2b: Incineroar
|move|p1a: Raichu|Zap Cannon|p2a: Floette
|-damage|p2a: Floette|49/100
|-status|p2a: Floette|par
|move|p2a: Floette|Calm Mind|p2a: Floette
|-boost|p2a: Floette|spa|1
|-boost|p2a: Floette|spd|1
|
|-heal|p2b: Incineroar|69/100|[from] item: Leftovers
|upkeep
|turn|3
|inactive|testy accounty 2 has 30 seconds left.
|
|t:|1785987614
|switch|p2b: Sinistcha|Sinistcha, L50|100/100
|-heal|p2a: Floette|74/100 par|[from] ability: Hospitality|[of] p2b: Sinistcha
|switch|p1b: Arcanine|Arcanine-Hisui, L50, F|100/100
|detailschange|p2a: Floette|Floette-Mega, L50, F
|-mega|p2a: Floette|Floette|Floettite
|-ability|p2a: Floette|Fairy Aura
|move|p2a: Floette|Protect|p2a: Floette
|-singleturn|p2a: Floette|Protect
|move|p1a: Raichu|Zap Cannon|p2b: Sinistcha
|-resisted|p2b: Sinistcha|1
|-damage|p2b: Sinistcha|66/100
|-status|p2b: Sinistcha|par
|
|upkeep
|turn|4
|inactive|testy accounty 2 has 30 seconds left.
|inactive|Awesome Person III has 30 seconds left.
|inactive|testy accounty 2 has 20 seconds left.
|
|t:|1785987660
|switch|p2b: Incineroar|Incineroar, L50, M|69/100
|-ability|p2b: Incineroar|Intimidate|boost
|-unboost|p1a: Raichu|atk|1
|-unboost|p1b: Arcanine|atk|1
|move|p1a: Raichu|Zap Cannon|p2a: Floette
|-damage|p2a: Floette|42/100 par
|move|p1b: Arcanine|Flare Blitz|p2a: Floette
|-damage|p2a: Floette|3/100 par
|move|p2a: Floette|Dazzling Gleam|p1b: Arcanine|[spread] p1a,p1b
|-resisted|p1b: Arcanine|1
|-damage|p1a: Raichu|20/100y
|-damage|p1b: Arcanine|60/100
|
|-heal|p2b: Incineroar|75/100|[from] item: Leftovers
|upkeep
|turn|5
|l| JaVinciVGC
|inactive|testy accounty 2 has 30 seconds left.
|inactive|testy accounty 2 has 20 seconds left.
|inactive|testy accounty 2 has 15 seconds left.
|
|t:|1785987704
|switch|p2a: Sneasler|Sneasler, L50, F|100/100
|move|p2b: Incineroar|Fake Out|p1a: Raichu
|-damage|p1a: Raichu|4/100
|cant|p1a: Raichu|flinch
|move|p1b: Arcanine|Flare Blitz|p2b: Incineroar
|-resisted|p2b: Incineroar|1
|-damage|p2b: Incineroar|60/100
|
|-heal|p2b: Incineroar|66/100|[from] item: Leftovers
|upkeep
|turn|6
|
|t:|1785987725
|switch|p1b: Farigiraf|Farigiraf, L50, M|100/100
|move|p1a: Raichu|Zap Cannon|p2a: Sneasler
|-damage|p2a: Sneasler|17/100
|-status|p2a: Sneasler|par
|move|p2a: Sneasler|Close Combat|p1b: Farigiraf
|-damage|p1b: Farigiraf|48/100
|-unboost|p2a: Sneasler|def|1
|-unboost|p2a: Sneasler|spd|1
|-status|p1b: Farigiraf|psn|[from] ability: Poison Touch|[of] p2a: Sneasler
|-enditem|p1b: Farigiraf|Sitrus Berry|[eat]
|-heal|p1b: Farigiraf|73/100 psn|[from] item: Sitrus Berry
|move|p2b: Incineroar|Parting Shot|p1a: Raichu
|-unboost|p1a: Raichu|atk|1
|-unboost|p1a: Raichu|spa|1
|
|t:|1785987731
|switch|p2b: Floette|Floette-Mega, L50, F|3/100 par|[from] Parting Shot
|-ability|p2b: Floette|Fairy Aura
|
|-damage|p1b: Farigiraf|60/100 psn|[from] psn
|upkeep
|turn|7
|inactive|testy accounty 2 has 30 seconds left.
|
|t:|1785987765
|switch|p2a: Sinistcha|Sinistcha, L50|66/100 par
|-heal|p2b: Floette|28/100 par|[from] ability: Hospitality|[of] p2a: Sinistcha
|switch|p1b: Sylveon|Sylveon, L50, F|100/100
|move|p2b: Floette|Protect|p2b: Floette
|-singleturn|p2b: Floette|Protect
|move|p1a: Raichu|Zap Cannon|p2b: Floette
|-activate|p2b: Floette|move: Protect
|
|upkeep
|turn|8
|
|t:|1785987790
|switch|p2b: Sneasler|Sneasler, L50, F|17/100 par
|move|p1a: Raichu|Zap Cannon|p2a: Sinistcha
|-resisted|p2a: Sinistcha|1
|-crit|p2a: Sinistcha
|-damage|p2a: Sinistcha|16/100 par
|-enditem|p2a: Sinistcha|Sitrus Berry|[eat]
|-heal|p2a: Sinistcha|41/100 par|[from] item: Sitrus Berry
|move|p1b: Sylveon|Hyper Voice|p2a: Sinistcha|[spread] p2a,p2b
|-damage|p2a: Sinistcha|0 fnt
|-damage|p2b: Sneasler|0 fnt
|faint|p2a: Sinistcha
|faint|p2b: Sneasler
|
|upkeep
|-message|Awesome Person III forfeited.
|
|win|testy accounty 2
|l|☆Awesome Person III
|player|p2|
||Awesome Person III is ready for game 3.
||testy accounty 2 is ready for game 3.
|uhtml|next|Next: Game 3 of 3
|l| Tindall64
|l| figglewiggle
|l|☆testy accounty 2
|player|p1|
|j|☆testy accounty 2
|player|p1|testy accounty 2|169|
