|j|☆dreepy_volador1
|j|‽Regilover2015
|html|dreepy_volador1Regilover2015    
|uhtml|bestof|Game 2 of a best-of-3
|t:|1757723755
|gametype|doubles
|player|p1|dreepy_volador1|102|1123
|player|p2|Regilover2015|hilbert|1227
|gen|9
|tier|[Gen 9] VGC 2025 Reg H (Bo3)
|rated|
|rule|Species Clause: Limit one of each Pokémon
|rule|Item Clause: Limit 1 of each item
|clearpoke
|poke|p1|Whimsicott, L50, M|
|poke|p1|Sneasler, L50, M|
|poke|p1|Indeedee, L50, M|
|poke|p1|Annihilape, L50, M|
|poke|p1|Primarina, L50, F|
|poke|p1|Garchomp, L50, F|
|poke|p2|Whimsicott, L50, M|
|poke|p2|Annihilape, L50, M|
|poke|p2|Incineroar, L50, F|
|poke|p2|Rillaboom, L50, M|
|poke|p2|Ursaluna-Bloodmoon, L50, M|
|poke|p2|Dragonite, L50, F|
|teampreview|4
|showteam|p1|Whimsicott||CovertCloak|Prankster|Tailwind,Taunt,Moonblast,BeatUp|||M|||50|,,,,,Fire]Sneasler||PsychicSeed|Unburden|DireClaw,CloseCombat,ThroatChop,Protect|||M|||50|,,,,,Dark]Indeedee||FocusSash|PsychicSurge|ExpandingForce,TeraBlast,Imprison,TrickRoom|||M|||50|,,,,,Fighting]Annihilape||SafetyGoggles|Defiant|RageFist,DrainPunch,BulkUp,Protect|||M|||50|,,,,,Fire]Primarina||LifeOrb|LiquidVoice|HyperVoice,Moonblast,Haze,Protect|||F|||50|,,,,,Poison]Garchomp||ClearAmulet|RoughSkin|DragonClaw,StompingTantrum,Protect,RockSlide|||F|||50|,,,,,Ground
|showteam|p2|Whimsicott||CovertCloak|Prankster|BeatUp,Moonblast,Tailwind,Encore|||M|||50|,,,,,Ghost]Annihilape||SafetyGoggles|Defiant|RageFist,CloseCombat,FinalGambit,Taunt|||M|||50|,,,,,Water]Incineroar||SitrusBerry|Intimidate|FakeOut,KnockOff,FlareBlitz,PartingShot|||F|||50|,,,,,Ghost]Rillaboom||AssaultVest|GrassySurge|FakeOut,GrassyGlide,WoodHammer,HighHorsepower|||M|||50|,,,,,Grass]Ursaluna-Bloodmoon||LifeOrb|MindsEye|HyperVoice,BloodMoon,EarthPower,Protect|||M|||50|,,,,,Fairy]Dragonite||LoadedDice|Multiscale|ScaleShot,Tailwind,Haze,Protect|||F|||50|,,,,,Fairy
|inactive|Battle timer is ON: inactive players will automatically lose when time's up. (requested by dreepy_volador1)
|
|t:|1757723765
|teamsize|p1|4
|teamsize|p2|4
|start
|switch|p1a: Monkeyded|Annihilape, L50, M|100/100
|switch|p1b: PitufoMoreno|Whimsicott, L50, M, shiny|100/100
|switch|p2a: Rillaboom|Rillaboom, L50, M|100/100
|switch|p2b: Dragonite|Dragonite, L50, F|100/100
|-fieldstart|move: Grassy Terrain|[from] ability: Grassy Surge|[of] p2a: Rillaboom
|turn|1
|
|t:|1757723780
|-terastallize|p2a: Rillaboom|Grass
|move|p1a: Monkeyded|Protect|p1a: Monkeyded
|-singleturn|p1a: Monkeyded|Protect
|move|p1b: PitufoMoreno|Moonblast|p2b: Dragonite
|-supereffective|p2b: Dragonite
|-damage|p2b: Dragonite|72/100
|move|p2b: Dragonite|Scale Shot|p1a: Monkeyded
|-activate|p1a: Monkeyded|move: Protect
|move|p2a: Rillaboom|Wood Hammer|p1a: Monkeyded
|-activate|p1a: Monkeyded|move: Protect
|
|upkeep
|turn|2
|inactive|dreepy_volador1 has 30 seconds left.
|
|t:|1757723814
|-terastallize|p1a: Monkeyded|Fire
|move|p1b: PitufoMoreno|Beat Up|p1a: Monkeyded
|-damage|p1a: Monkeyded|98/100
|-damage|p1a: Monkeyded|96/100
|-damage|p1a: Monkeyded|93/100
|-damage|p1a: Monkeyded|90/100
|-hitcount|p1a: Monkeyded|4
|move|p1a: Monkeyded|Rage Fist|p2b: Dragonite
|-damage|p2b: Dragonite|0 fnt
|faint|p2b: Dragonite
|move|p2a: Rillaboom|Wood Hammer|p1a: Monkeyded
|-resisted|p1a: Monkeyded
|-crit|p1a: Monkeyded
|-damage|p1a: Monkeyded|14/100
|-damage|p2a: Rillaboom|75/100|[from] Recoil
|
|-heal|p1a: Monkeyded|20/100|[from] Grassy Terrain
|-heal|p2a: Rillaboom|81/100|[from] Grassy Terrain
|upkeep
|
|t:|1757723822
|switch|p2b: Whimsicott|Whimsicott, L50, M|100/100
|turn|3
|
|t:|1757723863
|move|p1a: Monkeyded|Protect|p1a: Monkeyded
|-singleturn|p1a: Monkeyded|Protect
|move|p1b: PitufoMoreno|Tailwind|p1b: PitufoMoreno
|-sidestart|p1: dreepy_volador1|move: Tailwind
|move|p2a: Rillaboom|Grassy Glide|p1a: Monkeyded
|-activate|p1a: Monkeyded|move: Protect
|move|p2b: Whimsicott|Moonblast|p1a: Monkeyded
|-activate|p1a: Monkeyded|move: Protect
|
|-heal|p1a: Monkeyded|26/100|[from] Grassy Terrain
|-heal|p2a: Rillaboom|86/100|[from] Grassy Terrain
|upkeep
|turn|4
|
|t:|1757723881
|switch|p1b: V4ginator|Indeedee, L50, M|100/100
|-fieldstart|move: Psychic Terrain|[from] ability: Psychic Surge|[of] p1b: V4ginator
|move|p1a: Monkeyded|Rage Fist|p2a: Rillaboom
|-damage|p2a: Rillaboom|0 fnt
|faint|p2a: Rillaboom
|move|p2b: Whimsicott|Moonblast|p1a: Monkeyded
|-resisted|p1a: Monkeyded
|-damage|p1a: Monkeyded|10/100
|-unboost|p1a: Monkeyded|spa|1
|-ability|p1a: Monkeyded|Defiant|boost
|-boost|p1a: Monkeyded|atk|2
|
|upkeep
|
|t:|1757723884
|switch|p2a: Annihilape|Annihilape, L50, M|100/100
|turn|5
|
|t:|1757723900
|move|p2b: Whimsicott|Tailwind|p2b: Whimsicott
|-sidestart|p2: Regilover2015|move: Tailwind
|move|p1b: V4ginator|Expanding Force|p2b: Whimsicott|[spread] p2a,p2b
|-supereffective|p2a: Annihilape
|-damage|p2a: Annihilape|0 fnt
|-damage|p2b: Whimsicott|22/100
|faint|p2a: Annihilape
|move|p1a: Monkeyded|Rage Fist|p2b: Whimsicott
|-crit|p2b: Whimsicott
|-damage|p2b: Whimsicott|0 fnt
|faint|p2b: Whimsicott
|
|win|dreepy_volador1
||dreepy_volador1 is ready for game 3.
||Regilover2015 is ready for game 3.
|uhtml|next|Next: Game 3 of 3
