|j|☆MegaLucarioVGC
|j|☆Jakobtc
|html|MegaLucarioVGCJakobtc    
|uhtml|bestof|Game 2 of a best-of-3
|t:|1757646389
|gametype|doubles
|player|p1|MegaLucarioVGC|roxie|1193
|player|p2|Jakobtc|riley|1063
|gen|9
|tier|[Gen 9] VGC 2025 Reg H (Bo3)
|rated|
|rule|Species Clause: Limit one of each Pokémon
|rule|Item Clause: Limit 1 of each item
|clearpoke
|poke|p1|Ursaluna, L50, F|
|poke|p1|Torkoal, L50, F|
|poke|p1|Dragonite, L50, F|
|poke|p1|Typhlosion-Hisui, L50, F|
|poke|p1|Jumpluff, L50, M|
|poke|p1|Farigiraf, L50, M|
|poke|p2|Drifblim, L50, M|
|poke|p2|Indeedee, L50, M|
|poke|p2|Arcanine-Hisui, L50, F|
|poke|p2|Garchomp, L50, M|
|poke|p2|Amoonguss, L50, M|
|poke|p2|Primarina, L50, M|
|teampreview|4
|showteam|p1|Ursaluna||FlameOrb|Guts|Protect,Earthquake,Facade,HeadlongRush|||F|||50|,,,,,Ghost]Torkoal||EjectPack|Drought|Eruption,Overheat,HelpingHand,Protect|||F|||50|,,,,,Fire]Dragonite||ChoiceBand|InnerFocus|Outrage,ExtremeSpeed,IceSpinner,StompingTantrum|||F|||50|,,,,,Normal]Typhlosion-Hisui||ChoiceSpecs|Blaze|Eruption,HeatWave,Overheat,ShadowBall|||F|||50|,,,,,Fire]Jumpluff||CovertCloak|Chlorophyll|SleepPowder,SunnyDay,Encore,Tailwind|||M|||50|,,,,,Water]Farigiraf||ThroatSpray|ArmorTail|HyperVoice,Psychic,TrickRoom,Protect|||M|||50|,,,,,Fairy
|showteam|p2|Drifblim||PsychicSeed|Unburden|Tailwind,StrengthSap,WillOWisp,Acrobatics|||M|||50|,,,,,Grass]Indeedee||FocusSash|PsychicSurge|ExpandingForce,TeraBlast,SkillSwap,Protect|||M|||50|,,,,,Fighting]Arcanine-Hisui||ChoiceBand|Intimidate|RockSlide,FlareBlitz,ExtremeSpeed,CloseCombat|||F|||50|,,,,,Grass]Garchomp||LifeOrb|RoughSkin|StompingTantrum,DragonClaw,Earthquake,Protect|||M|||50|,,,,,Ground]Amoonguss||SitrusBerry|Regenerator|Spore,LeafStorm,RagePowder,Protect|||M|||50|,,,,,Water]Primarina||MysticWater|LiquidVoice|HyperVoice,Moonblast,Haze,Protect|||M|||50|,,,,,Steel
|inactive|Battle timer is ON: inactive players will automatically lose when time's up. (requested by MegaLucarioVGC)
|
|t:|1757646409
|teamsize|p1|4
|teamsize|p2|4
|start
|switch|p1a: Jumpluff|Jumpluff, L50, M|100/100
|switch|p1b: Torkoal|Torkoal, L50, F|100/100
|switch|p2a: Drifblim|Drifblim, L50, M|100/100
|switch|p2b: Indeedee|Indeedee, L50, M|100/100
|-fieldstart|move: Psychic Terrain|[from] ability: Psychic Surge|[of] p2b: Indeedee
|-enditem|p2a: Drifblim|Psychic Seed
|-boost|p2a: Drifblim|spd|1|[from] item: Psychic Seed
|-weather|SunnyDay|[from] ability: Drought|[of] p1b: Torkoal
|turn|1
|
|t:|1757646428
|move|p2b: Indeedee|Protect|p2b: Indeedee
|-singleturn|p2b: Indeedee|Protect
|move|p1a: Jumpluff|Sleep Powder|p2b: Indeedee
|-activate|p2b: Indeedee|move: Protect
|move|p2a: Drifblim|Acrobatics|p1a: Jumpluff
|-supereffective|p1a: Jumpluff
|-damage|p1a: Jumpluff|23/100
|move|p1b: Torkoal|Overheat|p2a: Drifblim|[miss]
|-miss|p1b: Torkoal|p2a: Drifblim
|
|-weather|SunnyDay|[upkeep]
|upkeep
|turn|2
|
|t:|1757646452
|move|p1a: Jumpluff|Encore|p2b: Indeedee
|-start|p2b: Indeedee|Encore
|move|p2a: Drifblim|Tailwind|p2a: Drifblim
|-sidestart|p2: Jakobtc|move: Tailwind
|move|p2b: Indeedee|Protect|p2b: Indeedee
|-singleturn|p2b: Indeedee|Protect
|move|p1b: Torkoal|Overheat|p2a: Drifblim
|-damage|p2a: Drifblim|48/100
|-unboost|p1b: Torkoal|spa|2
|-enditem|p1b: Torkoal|Eject Pack
|
|t:|1757646464
|switch|p1b: Dragonite|Dragonite, L50, F|100/100
|
|-weather|SunnyDay|[upkeep]
|upkeep
|turn|3
|inactive|Jakobtc has 30 seconds left.
|inactive|Jakobtc has 20 seconds left.
|
|t:|1757646499
|switch|p1a: Torkoal|Torkoal, L50, F|100/100
|switch|p2b: Primarina|Primarina, L50, M|100/100
|move|p2a: Drifblim|Will-O-Wisp|p1b: Dragonite
|-status|p1b: Dragonite|brn
|move|p1b: Dragonite|Ice Spinner|p2a: Drifblim
|-supereffective|p2a: Drifblim
|-damage|p2a: Drifblim|3/100
|-fieldend|move: Psychic Terrain
|
|-weather|SunnyDay|[upkeep]
|-damage|p1b: Dragonite|94/100 brn|[from] brn
|upkeep
|turn|4
|
|t:|1757646520
|move|p2a: Drifblim|Strength Sap|p1b: Dragonite
|-unboost|p1b: Dragonite|atk|1
|-heal|p2a: Drifblim|83/100
|move|p2b: Primarina|Hyper Voice|p1a: Torkoal|[spread] p1a,p1b
|-supereffective|p1a: Torkoal
|-resisted|p1b: Dragonite
|-damage|p1a: Torkoal|50/100
|-damage|p1b: Dragonite|84/100 brn
|move|p1b: Dragonite|Ice Spinner|p2a: Drifblim
|-supereffective|p2a: Drifblim
|-damage|p2a: Drifblim|54/100
|move|p1a: Torkoal|Overheat|p2a: Drifblim
|-damage|p2a: Drifblim|0 fnt
|-unboost|p1a: Torkoal|spa|2
|faint|p2a: Drifblim
|
|-weather|SunnyDay|[upkeep]
|-damage|p1b: Dragonite|78/100 brn|[from] brn
|upkeep
|
|t:|1757646537
|switch|p2a: Indeedee|Indeedee, L50, M|100/100
|-fieldstart|move: Psychic Terrain|[from] ability: Psychic Surge|[of] p2a: Indeedee
|turn|5
|
|t:|1757646561
|move|p2a: Indeedee|Expanding Force|p1a: Torkoal|[spread] p1a,p1b
|-damage|p1a: Torkoal|0 fnt
|-damage|p1b: Dragonite|23/100 brn
|faint|p1a: Torkoal
|move|p2b: Primarina|Moonblast|p1b: Dragonite
|-supereffective|p1b: Dragonite
|-damage|p1b: Dragonite|0 fnt
|faint|p1b: Dragonite
|
|-weather|none
|-sideend|p2: Jakobtc|move: Tailwind
|upkeep
|
|t:|1757646565
|switch|p1b: Typhlosion|Typhlosion-Hisui, L50, F|100/100
|switch|p1a: Jumpluff|Jumpluff, L50, M|23/100
|turn|6
|
|t:|1757646576
|-terastallize|p1b: Typhlosion|Fire
|move|p1a: Jumpluff|Sleep Powder|p2a: Indeedee
|-status|p2a: Indeedee|slp|[from] move: Sleep Powder
|cant|p2a: Indeedee|slp
|move|p1b: Typhlosion|Heat Wave|p2b: Primarina|[spread] p2a,p2b
|-resisted|p2b: Primarina
|-enditem|p2a: Indeedee|Focus Sash
|-damage|p2a: Indeedee|1/100 slp
|-damage|p2b: Primarina|68/100
|move|p2b: Primarina|Hyper Voice|p1a: Jumpluff|[spread] p1a,p1b
|-resisted|p1a: Jumpluff
|-supereffective|p1b: Typhlosion
|-damage|p1a: Jumpluff|5/100
|-damage|p1b: Typhlosion|0 fnt
|faint|p1b: Typhlosion
|
|upkeep
|turn|7
|-message|MegaLucarioVGC forfeited.
|
|win|Jakobtc
|raw|MegaLucarioVGC's rating: 1193 → 1159(-34 for losing)
|raw|Jakobtc's rating: 1063 → 1104(+41 for winning)
|c|☆Jakobtc|gg
|l|☆MegaLucarioVGC
|player|p1|
