|j|☆JZ21
|j|☆medical maractus
|html|JZ21medical maractus    
|uhtml|bestof|Game 2 of a best-of-3
|t:|1756568654
|gametype|doubles
|player|p1|JZ21|brendan-rs|
|player|p2|medical maractus|gambler|
|gen|9
|tier|[Gen 9] VGC 2025 Reg H (Bo3)
|rule|Species Clause: Limit one of each Pokémon
|rule|Item Clause: Limit 1 of each item
|clearpoke
|poke|p1|Archaludon, L50, M|
|poke|p1|Pelipper, L50, M|
|poke|p1|Basculegion, L50, M|
|poke|p1|Gholdengo, L50|
|poke|p1|Incineroar, L50, M|
|poke|p1|Amoonguss, L50, M|
|poke|p2|Incineroar, L50, M|
|poke|p2|Amoonguss, L50, F|
|poke|p2|Sneasler, L50, F|
|poke|p2|Porygon2, L50|
|poke|p2|Garchomp, L50, F|
|poke|p2|Gholdengo, L50|
|teampreview|4
|showteam|p1|Archaludon||AssaultVest|Stamina|ElectroShot,BodyPress,DragonPulse,Snarl|||M|||50|,,,,,Bug]Pelipper||FocusSash|Drizzle|WeatherBall,Hurricane,Tailwind,Protect|||M|||50|,,,,,Ground]Basculegion||ChoiceBand|SwiftSwim|WaveCrash,FlipTurn,LastRespects,AquaJet|||M|||50|,,,,,Water]Gholdengo||LifeOrb|GoodasGold|MakeItRain,ShadowBall,NastyPlot,Protect||||||50|,,,,,Water]Incineroar||SafetyGoggles|Intimidate|KnockOff,PartingShot,Taunt,FakeOut|||M|||50|,,,,,Ghost]Amoonguss||SitrusBerry|Regenerator|Spore,RagePowder,PollenPuff,Protect|||M|||50|,,,,,Water
|showteam|p2|Incineroar||SafetyGoggles|Intimidate|FlareBlitz,KnockOff,FakeOut,PartingShot|||M|||50|,,,,,Ghost]Amoonguss||SitrusBerry|Regenerator|SludgeBomb,Spore,RagePowder,Protect|||F|||50|,,,,,Psychic]Sneasler||FocusSash|PoisonTouch|FakeOut,CloseCombat,DireClaw,Protect|||F|||50|,,,,,Stellar]Porygon2||Eviolite|Download|TeraBlast,IceBeam,Recover,TrickRoom||||||50|,,,,,Fighting]Garchomp||LifeOrb|RoughSkin|StompingTantrum,DragonClaw,Earthquake,Protect|||F|||50|,,,,,Steel]Gholdengo||IronPlate|GoodasGold|MakeItRain,ShadowBall,NastyPlot,Protect||||||50|,,,,,Water
|
|t:|1756568701
|teamsize|p1|4
|teamsize|p2|4
|start
|switch|p1a: Archaludon|Archaludon, L50, M, shiny|100/100
|switch|p1b: Pelipper|Pelipper, L50, M, shiny|100/100
|switch|p2a: Amoonguss|Amoonguss, L50, F|100/100
|switch|p2b: Sneasler|Sneasler, L50, F|100/100
|-weather|RainDance|[from] ability: Drizzle|[of] p1b: Pelipper
|turn|1
|
|t:|1756568719
|-terastallize|p1a: Archaludon|Bug
|move|p2b: Sneasler|Fake Out|p1b: Pelipper
|-damage|p1b: Pelipper|81/100
|-status|p1b: Pelipper|psn|[from] ability: Poison Touch|[of] p2b: Sneasler
|cant|p1b: Pelipper|flinch
|move|p1a: Archaludon|Snarl|p2b: Sneasler|[spread] p2a,p2b
|-resisted|p2b: Sneasler
|-damage|p2a: Amoonguss|88/100
|-damage|p2b: Sneasler|91/100
|-unboost|p2a: Amoonguss|spa|1
|-unboost|p2b: Sneasler|spa|1
|move|p2a: Amoonguss|Spore|p1a: Archaludon
|-status|p1a: Archaludon|slp|[from] move: Spore
|
|-weather|RainDance|[upkeep]
|-damage|p1b: Pelipper|69/100 psn|[from] psn
|upkeep
|turn|2
|
|t:|1756568766
|move|p2b: Sneasler|Protect|p2b: Sneasler
|-singleturn|p2b: Sneasler|Protect
|move|p1b: Pelipper|Hurricane|p2a: Amoonguss
|-supereffective|p2a: Amoonguss
|-damage|p2a: Amoonguss|14/100
|-enditem|p2a: Amoonguss|Sitrus Berry|[eat]
|-heal|p2a: Amoonguss|39/100|[from] item: Sitrus Berry
|cant|p1a: Archaludon|slp
|move|p2a: Amoonguss|Sludge Bomb|p1b: Pelipper
|-damage|p1b: Pelipper|38/100 psn
|
|-weather|RainDance|[upkeep]
|-damage|p1b: Pelipper|25/100 psn|[from] psn
|upkeep
|turn|3
|j| pokeandreaaa
|
|t:|1756568794
|switch|p1b: Gholdengo|Gholdengo, L50|100/100
|move|p2b: Sneasler|Dire Claw|p1b: Gholdengo
|-immune|p1b: Gholdengo
|cant|p1a: Archaludon|slp
|move|p2a: Amoonguss|Sludge Bomb|p1a: Archaludon
|-damage|p1a: Archaludon|85/100 slp
|-ability|p1a: Archaludon|Stamina|boost
|-boost|p1a: Archaludon|def|1
|
|-weather|RainDance|[upkeep]
|upkeep
|turn|4
|j| jayoticnl
|
|t:|1756568863
|switch|p2a: Garchomp|Garchomp, L50, F|100/100
|move|p2b: Sneasler|Dire Claw|p1a: Archaludon
|-damage|p1a: Archaludon|65/100 slp
|-ability|p1a: Archaludon|Stamina|boost
|-boost|p1a: Archaludon|def|1
|move|p1b: Gholdengo|Nasty Plot|p1b: Gholdengo
|-boost|p1b: Gholdengo|spa|2
|-curestatus|p1a: Archaludon|slp|[msg]
|move|p1a: Archaludon|Dragon Pulse|p2b: Sneasler
|-damage|p2b: Sneasler|28/100
|
|-weather|RainDance|[upkeep]
|upkeep
|turn|5
|
|t:|1756568919
|switch|p2b: Gholdengo|Gholdengo, L50|100/100
|-terastallize|p2a: Garchomp|Steel
|move|p1b: Gholdengo|Protect|p1b: Gholdengo
|-singleturn|p1b: Gholdengo|Protect
|move|p2a: Garchomp|Stomping Tantrum|p1b: Gholdengo
|-activate|p1b: Gholdengo|move: Protect
|move|p1a: Archaludon|Dragon Pulse|p2a: Garchomp
|-resisted|p2a: Garchomp
|-damage|p2a: Garchomp|74/100
|
|-weather|none
|upkeep
|turn|6
|j| go to vr
|inactive|Battle timer is ON: inactive players will automatically lose when time's up. (requested by JZ21)
|
|t:|1756568965
|switch|p1b: Pelipper|Pelipper, L50, M, shiny|25/100 psn
|-weather|RainDance|[from] ability: Drizzle|[of] p1b: Pelipper
|move|p2a: Garchomp|Stomping Tantrum|p1b: Pelipper
|-immune|p1b: Pelipper
|move|p2b: Gholdengo|Shadow Ball|p1b: Pelipper
|-damage|p1b: Pelipper|0 fnt
|faint|p1b: Pelipper
|move|p1a: Archaludon|Body Press|p2a: Garchomp
|-supereffective|p2a: Garchomp
|-damage|p2a: Garchomp|0 fnt
|-damage|p1a: Archaludon|53/100|[from] ability: Rough Skin|[of] p2a: Garchomp
|faint|p2a: Garchomp
|
|-weather|RainDance|[upkeep]
|upkeep
|
|t:|1756568986
|switch|p2a: Sneasler|Sneasler, L50, F|28/100
|switch|p1b: Mushroom|Amoonguss, L50, M, shiny|100/100
|turn|7
|inactive|JZ21 has 30 seconds left.
|inactive|JZ21 has 20 seconds left.
|inactive|JZ21 has 15 seconds left.
|inactive|medical maractus has 30 seconds left.
|
|t:|1756569037
|move|p2a: Sneasler|Fake Out|p1a: Archaludon
|-damage|p1a: Archaludon|48/100
|-ability|p1a: Archaludon|Stamina|boost
|-boost|p1a: Archaludon|def|1
|move|p2b: Gholdengo|Make It Rain|p1b: Mushroom|[spread] p1a,p1b
|-damage|p1a: Archaludon|5/100
|-damage|p1b: Mushroom|49/100
|-unboost|p2b: Gholdengo|spa|1
|-ability|p1a: Archaludon|Stamina|boost
|-boost|p1a: Archaludon|def|1
|-enditem|p1b: Mushroom|Sitrus Berry|[eat]
|-heal|p1b: Mushroom|74/100|[from] item: Sitrus Berry
|cant|p1a: Archaludon|flinch
|move|p1b: Mushroom|Pollen Puff|p1a: Archaludon
|-heal|p1a: Archaludon|55/100
|
|-weather|RainDance|[upkeep]
|upkeep
|turn|8
|inactive|JZ21 has 30 seconds left.
|inactive|JZ21 has 20 seconds left.
|inactive|JZ21 has 15 seconds left.
|inactive|JZ21 has 10 seconds left.
|
|t:|1756569085
|move|p1b: Mushroom|Rage Powder|p1b: Mushroom
|-singleturn|p1b: Mushroom|move: Rage Powder
|move|p2a: Sneasler|Dire Claw|p1b: Mushroom
|-damage|p1b: Mushroom|41/100
|move|p2b: Gholdengo|Nasty Plot|p2b: Gholdengo
|-boost|p2b: Gholdengo|spa|2
|move|p1a: Archaludon|Electro Shot||[still]
|-prepare|p1a: Archaludon|Electro Shot
|-boost|p1a: Archaludon|spa|1
|-anim|p1a: Archaludon|Electro Shot|p2b: Gholdengo
|-damage|p2b: Gholdengo|32/100
|
|-weather|RainDance|[upkeep]
|upkeep
|turn|9
|j| Kiogrus24
|inactive|JZ21 has 30 seconds left.
|inactive|JZ21 has 20 seconds left.
|inactive|JZ21 has 15 seconds left.
|inactive|JZ21 has 10 seconds left.
|inactive|JZ21 has 5 seconds left.
|
|t:|1756569140
|switch|p2a: Amoonguss|Amoonguss, L50, F|72/100
|move|p2b: Gholdengo|Protect|p2b: Gholdengo
|-singleturn|p2b: Gholdengo|Protect
|move|p1a: Archaludon|Electro Shot||[still]
|-prepare|p1a: Archaludon|Electro Shot
|-boost|p1a: Archaludon|spa|1
|-anim|p1a: Archaludon|Electro Shot|p2b: Gholdengo
|-activate|p2b: Gholdengo|move: Protect
|move|p1b: Mushroom|Spore|p2a: Amoonguss
|-immune|p2a: Amoonguss
|
|-weather|RainDance|[upkeep]
|upkeep
|turn|10
|inactive|JZ21 has 30 seconds left.
|inactive|medical maractus has 30 seconds left.
|inactive|JZ21 has 20 seconds left.
|inactive|JZ21 has 15 seconds left.
|inactive|JZ21 has 10 seconds left.
|inactive|medical maractus has 20 seconds left.
|inactive|JZ21 has 5 seconds left.
|
|t:|1756569192
|switch|p1a: Gholdengo|Gholdengo, L50|100/100
|switch|p2a: Sneasler|Sneasler, L50, F|28/100
|move|p2b: Gholdengo|Protect||[still]
|-fail|p2b: Gholdengo
|move|p1b: Mushroom|Pollen Puff|p1a: Gholdengo
|
|-weather|none
|upkeep
|turn|11
|inactive|JZ21 has 30 seconds left.
|inactive|JZ21 has 20 seconds left.
|inactive|JZ21 has 15 seconds left.
|inactive|JZ21 has 10 seconds left.
|
|t:|1756569241
|switch|p2b: Amoonguss|Amoonguss, L50, F|100/100
|move|p1b: Mushroom|Protect|p1b: Mushroom
|-singleturn|p1b: Mushroom|Protect
|move|p2a: Sneasler|Dire Claw|p1b: Mushroom
|-activate|p1b: Mushroom|move: Protect
|move|p1a: Gholdengo|Make It Rain|p2b: Amoonguss|[spread] p2a,p2b
|-damage|p2a: Sneasler|0 fnt
|-damage|p2b: Amoonguss|55/100
|-unboost|p1a: Gholdengo|spa|1
|faint|p2a: Sneasler
|-damage|p1a: Gholdengo|91/100|[from] item: Life Orb
|
|upkeep
|
|t:|1756569254
|switch|p2a: Gholdengo|Gholdengo, L50|32/100
|turn|12
|inactive|JZ21 has 30 seconds left.
|inactive|JZ21 has 20 seconds left.
|inactive|JZ21 has 15 seconds left.
|inactive|JZ21 has 10 seconds left.
|inactive|medical maractus has 30 seconds left.
|inactive|medical maractus has 20 seconds left.
|inactive|medical maractus has 15 seconds left.
|
|t:|1756569315
|switch|p1b: Archaludon|Archaludon, L50, M, shiny, tera:Bug|55/100
|move|p2b: Amoonguss|Rage Powder|p2b: Amoonguss
|-singleturn|p2b: Amoonguss|move: Rage Powder
|move|p1a: Gholdengo|Make It Rain|p2b: Amoonguss|[spread] p2a,p2b
|-resisted|p2a: Gholdengo
|-damage|p2a: Gholdengo|14/100
|-damage|p2b: Amoonguss|22/100
|-unboost|p1a: Gholdengo|spa|1
|-damage|p1a: Gholdengo|82/100|[from] item: Life Orb
|move|p2a: Gholdengo|Nasty Plot|p2a: Gholdengo
|-boost|p2a: Gholdengo|spa|2
|
|upkeep
|turn|13
|j| TimidThunderWave
|j| AuroraaVGC
|inactive|JZ21 has 30 seconds left.
|inactive|medical maractus has 30 seconds left.
|
|t:|1756569349
|move|p2b: Amoonguss|Protect|p2b: Amoonguss
|-singleturn|p2b: Amoonguss|Protect
|move|p1a: Gholdengo|Make It Rain|p2b: Amoonguss|[spread] p2a
|-activate|p2b: Amoonguss|move: Protect
|-resisted|p2a: Gholdengo
|-damage|p2a: Gholdengo|0 fnt
|-unboost|p1a: Gholdengo|spa|1
|faint|p2a: Gholdengo
|-damage|p1a: Gholdengo|72/100|[from] item: Life Orb
|move|p1b: Archaludon|Snarl|p2b: Amoonguss
|-activate|p2b: Amoonguss|move: Protect
|
|upkeep
|turn|14
|-message|medical maractus forfeited.
|
|win|JZ21
||JZ21 is ready for game 3.
||medical maractus is ready for game 3.
|uhtml|next|Next: Game 3 of 3
|l| go to vr
|j| Logann0
|l| Logann0
|j| Bass pro stan
|j| Logann0
|l| Logann0
|j| Logann0
|l| TimidThunderWave
|l| Kiogrus24
|l| AuroraaVGC
|l| Bass pro stan
|l| Logann0
|l| pokeandreaaa
|l| jayoticnl
|l|☆medical maractus
|player|p2|
