|badge|p1|bronze|gen9ou|100-6
|uhtml|medal-msg|Curious what those medals under the avatar are? PS now has Ladder Seasons! For more information, check out the thread on Smogon.
|j|☆JackRG1
|j|☆We_Are_Toasted
|html|JackRG1We_Are_Toasted    
|uhtml|bestof|Game 2 of a best-of-3
|t:|1757185089
|gametype|doubles
|player|p1|JackRG1|dawn-gen4pt|1235
|player|p2|We_Are_Toasted|larry|1193
|gen|9
|tier|[Gen 9] VGC 2025 Reg H (Bo3)
|rated|
|rule|Species Clause: Limit one of each Pokémon
|rule|Item Clause: Limit 1 of each item
|clearpoke
|poke|p1|Excadrill, L50, F|
|poke|p1|Tyranitar, L50, F|
|poke|p1|Gholdengo, L50|
|poke|p1|Dragapult, L50, F|
|poke|p1|Talonflame, L50, F|
|poke|p1|Farigiraf, L50, F|
|poke|p2|Hydreigon, L50, M|
|poke|p2|Incineroar, L50, F|
|poke|p2|Porygon2, L50|
|poke|p2|Ursaluna, L50, F|
|poke|p2|Amoonguss, L50, M|
|poke|p2|Gholdengo, L50|
|teampreview|4
|showteam|p1|Excadrill||FocusSash|SandRush|IronHead,Protect,Earthquake,HighHorsepower|||F|||50|,,,,,Ground]Tyranitar||ClearAmulet|SandStream|RockSlide,Snarl,Protect,LowKick|||F|||50|,,,,,Ghost]Gholdengo||MetalCoat|GoodasGold|MakeItRain,ShadowBall,NastyPlot,Protect||||||50|,,,,,Flying]Dragapult||ChoiceBand|ClearBody|PhantomForce,DragonDarts,BreakingSwipe,Uturn|||F|||50|,,,,,Dragon]Talonflame||CovertCloak|GaleWings|Tailwind,Taunt,WillOWisp,BraveBird|||F|||50|,,,,,Ghost]Farigiraf||MentalHerb|ArmorTail|TrickRoom,Imprison,Protect,FoulPlay|||F|||50|,,,,,Fairy
|showteam|p2|Hydreigon||SafetyGoggles|Levitate|Snarl,DracoMeteor,Tailwind,Protect|||M|||50|,,,,,Ghost]Incineroar||SitrusBerry|Intimidate|FlareBlitz,KnockOff,PartingShot,FakeOut|||F|||50|,,,,,Ghost]Porygon2||Eviolite|Download|TeraBlast,IceBeam,TrickRoom,Recover||||||50|,,,,,Fighting]Ursaluna||FlameOrb|Guts|Facade,HeadlongRush,Earthquake,Protect|||F|||50|,,,,,Ghost]Amoonguss||RockyHelmet|Regenerator|PollenPuff,Spore,RagePowder,Protect|||M|||50|,,,,,Fire]Gholdengo||MetalCoat|GoodasGold|MakeItRain,ShadowBall,NastyPlot,Protect||||||50|,,,,,Water
|inactive|Battle timer is ON: inactive players will automatically lose when time's up. (requested by JackRG1)
|inactive|We_Are_Toasted has 60 seconds left.
|inactive|We_Are_Toasted has 30 seconds left.
|inactive|We_Are_Toasted has 20 seconds left.
|inactive|We_Are_Toasted has 15 seconds left.
|inactive|We_Are_Toasted has 10 seconds left.
|inactive|We_Are_Toasted has 5 seconds left.
|
|t:|1757185180
|teamsize|p1|4
|teamsize|p2|4
|start
|switch|p1a: Tyranitar|Tyranitar, L50, F|100/100
|switch|p1b: Talonflame|Talonflame, L50, F|100/100
|switch|p2a: Porygon2|Porygon2, L50|100/100
|switch|p2b: Ursaluna|Ursaluna, L50, F|100/100
|-weather|Sandstorm|[from] ability: Sand Stream|[of] p1a: Tyranitar
|-ability|p2a: Porygon2|Download|boost
|-boost|p2a: Porygon2|spa|1
|turn|1
|inactive|We_Are_Toasted has 30 seconds left.
|inactive|We_Are_Toasted has 20 seconds left.
|inactive|We_Are_Toasted has 15 seconds left.
|inactive|We_Are_Toasted has 10 seconds left.
|inactive|We_Are_Toasted has 5 seconds left.
|
|t:|1757185234
|-terastallize|p2b: Ursaluna|Ghost
|move|p1b: Talonflame|Taunt|p2a: Porygon2
|-start|p2a: Porygon2|move: Taunt
|move|p1a: Tyranitar|Snarl|p2a: Porygon2|[spread] p2a,p2b
|-supereffective|p2b: Ursaluna
|-damage|p2a: Porygon2|92/100
|-damage|p2b: Ursaluna|79/100
|-unboost|p2a: Porygon2|spa|1
|-unboost|p2b: Ursaluna|spa|1
|move|p2b: Ursaluna|Headlong Rush|p1a: Tyranitar
|-supereffective|p1a: Tyranitar
|-crit|p1a: Tyranitar
|-damage|p1a: Tyranitar|0 fnt
|-unboost|p2b: Ursaluna|def|1
|-unboost|p2b: Ursaluna|spd|1
|faint|p1a: Tyranitar
|move|p2a: Porygon2|Ice Beam|p1b: Talonflame
|-crit|p1b: Talonflame
|-damage|p1b: Talonflame|32/100
|
|-weather|Sandstorm|[upkeep]
|-damage|p1b: Talonflame|26/100|[from] Sandstorm
|-damage|p2b: Ursaluna|73/100|[from] Sandstorm
|-damage|p2a: Porygon2|86/100|[from] Sandstorm
|-status|p2b: Ursaluna|brn|[from] item: Flame Orb
|upkeep
|
|t:|1757185248
|switch|p1a: Excadrill|Excadrill, L50, F|100/100
|turn|2
|inactive|We_Are_Toasted has 30 seconds left.
|inactive|We_Are_Toasted has 20 seconds left.
|inactive|We_Are_Toasted has 15 seconds left.
|inactive|We_Are_Toasted has 10 seconds left.
|inactive|We_Are_Toasted has 5 seconds left.
|
|t:|1757185300
|-terastallize|p1a: Excadrill|Ground
|move|p2b: Ursaluna|Protect|p2b: Ursaluna
|-singleturn|p2b: Ursaluna|Protect
|move|p1a: Excadrill|Earthquake|p2b: Ursaluna|[spread] p2a
|-activate|p2b: Ursaluna|move: Protect
|-immune|p1b: Talonflame
|-damage|p2a: Porygon2|47/100
|move|p1b: Talonflame|Brave Bird|p2b: Ursaluna
|-activate|p2b: Ursaluna|move: Protect
|move|p2a: Porygon2|Tera Blast|p1b: Talonflame
|-damage|p1b: Talonflame|0 fnt
|faint|p1b: Talonflame
|
|-weather|Sandstorm|[upkeep]
|-damage|p2b: Ursaluna|67/100 brn|[from] Sandstorm
|-damage|p2a: Porygon2|41/100|[from] Sandstorm
|-damage|p2b: Ursaluna|61/100 brn|[from] brn
|upkeep
|
|t:|1757185310
|switch|p1b: Dragapult|Dragapult, L50, F|100/100
|turn|3
|inactive|We_Are_Toasted has 30 seconds left.
|
|t:|1757185341
|move|p1a: Excadrill|High Horsepower|p2b: Ursaluna
|-damage|p2b: Ursaluna|0 fnt
|faint|p2b: Ursaluna
|move|p1b: Dragapult|Dragon Darts|p2a: Porygon2
|-damage|p2a: Porygon2|16/100
|-anim|p1b: Dragapult|Dragon Darts|p2a: Porygon2
|-damage|p2a: Porygon2|0 fnt
|faint|p2a: Porygon2
|
|-weather|Sandstorm|[upkeep]
|-damage|p1b: Dragapult|94/100|[from] Sandstorm
|upkeep
|
|t:|1757185345
|switch|p2b: Gholdengo|Gholdengo, L50|100/100
|switch|p2a: Amoonguss|Amoonguss, L50, M, shiny|100/100
|turn|4
|
|t:|1757185357
|move|p2b: Gholdengo|Protect|p2b: Gholdengo
|-singleturn|p2b: Gholdengo|Protect
|move|p2a: Amoonguss|Protect|p2a: Amoonguss
|-singleturn|p2a: Amoonguss|Protect
|move|p1a: Excadrill|Earthquake|p2b: Gholdengo|[spread] p1b
|-activate|p2a: Amoonguss|move: Protect
|-activate|p2b: Gholdengo|move: Protect
|-damage|p1b: Dragapult|13/100
|move|p1b: Dragapult|Dragon Darts|p2a: Amoonguss
|-activate|p2b: Gholdengo|move: Protect
|
|-weather|Sandstorm|[upkeep]
|-damage|p1b: Dragapult|7/100|[from] Sandstorm
|-damage|p2a: Amoonguss|95/100|[from] Sandstorm
|upkeep
|turn|5
|inactive|We_Are_Toasted has 30 seconds left.
|
|t:|1757185386
|move|p2b: Gholdengo|Protect|p2b: Gholdengo
|-singleturn|p2b: Gholdengo|Protect
|move|p1a: Excadrill|High Horsepower|p2b: Gholdengo
|-activate|p2b: Gholdengo|move: Protect
|move|p1b: Dragapult|Dragon Darts|p2a: Amoonguss
|-damage|p2a: Amoonguss|57/100
|-anim|p1b: Dragapult|Dragon Darts|p2a: Amoonguss
|-damage|p2a: Amoonguss|16/100
|move|p2a: Amoonguss|Spore|p1a: Excadrill
|-status|p1a: Excadrill|slp|[from] move: Spore
|
|-weather|none
|upkeep
|turn|6
|inactive|We_Are_Toasted has 30 seconds left.
|inactive|We_Are_Toasted has 20 seconds left.
|inactive|We_Are_Toasted has 15 seconds left.
|inactive|We_Are_Toasted has 10 seconds left.
|
|t:|1757185435
|cant|p1a: Excadrill|slp
|move|p2a: Amoonguss|Rage Powder|p2a: Amoonguss
|-singleturn|p2a: Amoonguss|move: Rage Powder
|move|p1b: Dragapult|Dragon Darts|p2a: Amoonguss
|-damage|p2a: Amoonguss|0 fnt
|faint|p2a: Amoonguss
|move|p2b: Gholdengo|Make It Rain|p1a: Excadrill|[spread] p1a,p1b
|-damage|p1a: Excadrill|11/100 slp
|-damage|p1b: Dragapult|0 fnt
|-unboost|p2b: Gholdengo|spa|1
|faint|p1b: Dragapult
|
|upkeep
|turn|7
|
|t:|1757185441
|cant|p1a: Excadrill|slp
|move|p2b: Gholdengo|Shadow Ball|p1a: Excadrill
|-damage|p1a: Excadrill|0 fnt
|faint|p1a: Excadrill
|
|win|We_Are_Toasted
||We_Are_Toasted is ready for game 3.
||JackRG1 is ready for game 3.
|uhtml|next|Next: Game 3 of 3
|l|☆JackRG1
|player|p1|
