|j|☆Shrub_01
|j|☆priviteran
|html|Shrub_01priviteran    
|uhtml|bestof|Game 2 of a best-of-3
|t:|1757761048
|gametype|doubles
|player|p1|Shrub_01|norman|1131
|player|p2|priviteran|169|1098
|gen|9
|tier|[Gen 9] VGC 2025 Reg H (Bo3)
|rated|
|rule|Species Clause: Limit one of each Pokémon
|rule|Item Clause: Limit 1 of each item
|clearpoke
|poke|p1|Amoonguss, L50, F|
|poke|p1|Incineroar, L50, F|
|poke|p1|Porygon2, L50|
|poke|p1|Ursaluna, L50, M|
|poke|p1|Gholdengo, L50|
|poke|p1|Dragonite, L50, M|
|poke|p2|Gholdengo, L50|
|poke|p2|Incineroar, L50, F|
|poke|p2|Amoonguss, L50, M|
|poke|p2|Garchomp, L50, M|
|poke|p2|Kilowattrel, L50, F|
|poke|p2|Tyranitar, L50, M|
|teampreview|4
|showteam|p1|Amoonguss||SitrusBerry|Regenerator|PollenPuff,Spore,RagePowder,Protect|||F|||50|,,,,,Water]Incineroar||SafetyGoggles|Intimidate|FakeOut,KnockOff,FlareBlitz,PartingShot|||F|||50|,,,,,Ghost]Porygon2||Eviolite|Download|TeraBlast,IceBeam,Recover,TrickRoom||||||50|,,,,,Fighting]Ursaluna||FlameOrb|Guts|Facade,Earthquake,HeadlongRush,Protect|||M|||50|,,,,,Ghost]Gholdengo||LifeOrb|GoodasGold|MakeItRain,ShadowBall,NastyPlot,Protect||||||50|,,,,,Water]Dragonite||LoadedDice|Multiscale|ScaleShot,Haze,Tailwind,Protect|||M|||50|,,,,,Steel
|showteam|p2|Gholdengo||MetalCoat|GoodasGold|MakeItRain,NastyPlot,ShadowBall,Protect||||||50|,,,,,Flying]Incineroar||SafetyGoggles|Intimidate|FakeOut,FlareBlitz,PartingShot,KnockOff|||F|||50|,,,,,Grass]Amoonguss||SitrusBerry|Regenerator|Spore,RagePowder,PollenPuff,Protect|||M|||50|,,,,,Water]Garchomp||LifeOrb|RoughSkin|DragonClaw,StompingTantrum,Earthquake,Protect|||M|||50|,,,,,Fire]Kilowattrel||CovertCloak|Competitive|AirSlash,Tailwind,Thunderbolt,Protect|||F|||50|,,,,,Fairy]Tyranitar||AssaultVest|SandStream|RockSlide,KnockOff,LowKick,TeraBlast|||M|||50|,,,,,Flying
|inactive|Battle timer is ON: inactive players will automatically lose when time's up. (requested by Shrub_01)
|inactive|priviteran has 60 seconds left.
|
|t:|1757761085
|teamsize|p1|4
|teamsize|p2|4
|start
|switch|p1a: Porygon42|Porygon2, L50|100/100
|switch|p1b: Ursaluma|Ursaluna, L50, M|100/100
|switch|p2a: Tyranitar|Tyranitar, L50, M|100/100
|switch|p2b: Incineroar|Incineroar, L50, F|100/100
|-ability|p2b: Incineroar|Intimidate|boost
|-unboost|p1a: Porygon42|atk|1
|-unboost|p1b: Ursaluma|atk|1
|-weather|Sandstorm|[from] ability: Sand Stream|[of] p2a: Tyranitar
|-ability|p1a: Porygon42|Download|boost
|-boost|p1a: Porygon42|spa|1
|turn|1
|
|t:|1757761097
|-terastallize|p2a: Tyranitar|Flying
|move|p1b: Ursaluma|Protect|p1b: Ursaluma
|-singleturn|p1b: Ursaluma|Protect
|move|p2b: Incineroar|Fake Out|p1a: Porygon42
|-damage|p1a: Porygon42|92/100
|move|p2a: Tyranitar|Low Kick|p1b: Ursaluma
|-activate|p1b: Ursaluma|move: Protect
|cant|p1a: Porygon42|flinch
|
|-weather|Sandstorm|[upkeep]
|-damage|p2a: Tyranitar|95/100|[from] Sandstorm
|-damage|p1a: Porygon42|86/100|[from] Sandstorm
|-status|p1b: Ursaluma|brn|[from] item: Flame Orb
|upkeep
|turn|2
|inactive|Shrub_01 has 30 seconds left.
|
|t:|1757761129
|move|p2b: Incineroar|Knock Off|p1b: Ursaluma
|-damage|p1b: Ursaluma|70/100 brn
|-enditem|p1b: Ursaluma|Flame Orb|[from] move: Knock Off|[of] p2b: Incineroar
|move|p2a: Tyranitar|Low Kick|p1b: Ursaluma
|-supereffective|p1b: Ursaluma
|-damage|p1b: Ursaluma|7/100 brn
|move|p1b: Ursaluma|Headlong Rush|p2a: Tyranitar
|-immune|p2a: Tyranitar
|move|p1a: Porygon42|Trick Room|p1a: Porygon42
|-fieldstart|move: Trick Room|[of] p1a: Porygon42
|
|-weather|Sandstorm|[upkeep]
|-damage|p1a: Porygon42|80/100|[from] Sandstorm
|-damage|p2a: Tyranitar|89/100|[from] Sandstorm
|-damage|p1b: Ursaluma|1/100 brn|[from] brn
|upkeep
|turn|3
|inactive|priviteran has 30 seconds left.
|inactive|priviteran has 20 seconds left.
|inactive|priviteran has 15 seconds left.
|inactive|priviteran has 10 seconds left.
|
|t:|1757761179
|switch|p1a: Incinesoar|Incineroar, L50, F|100/100
|-ability|p1a: Incinesoar|Intimidate|boost
|-unboost|p2a: Tyranitar|atk|1
|-unboost|p2b: Incineroar|atk|1
|move|p1b: Ursaluma|Facade|p2a: Tyranitar
|-damage|p2a: Tyranitar|20/100
|move|p2a: Tyranitar|Knock Off|p1a: Incinesoar
|-resisted|p1a: Incinesoar
|-damage|p1a: Incinesoar|85/100
|-enditem|p1a: Incinesoar|Safety Goggles|[from] move: Knock Off|[of] p2a: Tyranitar
|move|p2b: Incineroar|Flare Blitz|p1a: Incinesoar
|-resisted|p1a: Incinesoar
|-damage|p1a: Incinesoar|69/100
|-damage|p2b: Incineroar|95/100|[from] Recoil
|
|-weather|Sandstorm|[upkeep]
|-damage|p1a: Incinesoar|63/100|[from] Sandstorm
|-damage|p2a: Tyranitar|14/100|[from] Sandstorm
|-damage|p1b: Ursaluma|0 fnt|[from] brn
|faint|p1b: Ursaluma
|upkeep
|
|t:|1757761196
|switch|p1b: Porygon42|Porygon2, L50|80/100
|-ability|p1b: Porygon42|Download|boost
|-boost|p1b: Porygon42|spa|1
|turn|4
|
|t:|1757761208
|switch|p2a: Garchomp|Garchomp, L50, M|100/100
|move|p1a: Incinesoar|Fake Out|p2b: Incineroar
|-damage|p2b: Incineroar|81/100
|move|p1b: Porygon42|Ice Beam|p2a: Garchomp
|-supereffective|p2a: Garchomp
|-damage|p2a: Garchomp|0 fnt
|faint|p2a: Garchomp
|cant|p2b: Incineroar|flinch
|
|-weather|Sandstorm|[upkeep]
|-damage|p1b: Porygon42|74/100|[from] Sandstorm
|-damage|p1a: Incinesoar|57/100|[from] Sandstorm
|upkeep
|
|t:|1757761215
|switch|p2a: Gholdengo|Gholdengo, L50|100/100
|turn|5
|
|t:|1757761224
|move|p2a: Gholdengo|Protect|p2a: Gholdengo
|-singleturn|p2a: Gholdengo|Protect
|move|p1b: Porygon42|Ice Beam|p2b: Incineroar
|-resisted|p2b: Incineroar
|-damage|p2b: Incineroar|65/100
|move|p1a: Incinesoar|Knock Off|p2a: Gholdengo
|-activate|p2a: Gholdengo|move: Protect
|move|p2b: Incineroar|Knock Off|p1b: Porygon42
|-damage|p1b: Porygon42|55/100
|-enditem|p1b: Porygon42|Eviolite|[from] move: Knock Off|[of] p2b: Incineroar
|
|-weather|none
|upkeep
|turn|6
|
|t:|1757761251
|switch|p2a: Tyranitar|Tyranitar, L50, M, tera:Flying|14/100
|-weather|Sandstorm|[from] ability: Sand Stream|[of] p2a: Tyranitar
|move|p1b: Porygon42|Tera Blast|p2b: Incineroar
|-damage|p2b: Incineroar|27/100
|move|p1a: Incinesoar|Knock Off|p2a: Tyranitar
|-damage|p2a: Tyranitar|0 fnt
|-enditem|p2a: Tyranitar|Assault Vest|[from] move: Knock Off|[of] p1a: Incinesoar
|faint|p2a: Tyranitar
|move|p2b: Incineroar|Parting Shot|p1a: Incinesoar
|-unboost|p1a: Incinesoar|atk|1
|-unboost|p1a: Incinesoar|spa|1
|
|t:|1757761260
|switch|p2b: Gholdengo|Gholdengo, L50|100/100|[from] Parting Shot
|
|-weather|Sandstorm|[upkeep]
|-damage|p1b: Porygon42|49/100|[from] Sandstorm
|-damage|p1a: Incinesoar|51/100|[from] Sandstorm
|-fieldend|move: Trick Room
|upkeep
|
|t:|1757761262
|switch|p2a: Incineroar|Incineroar, L50, F|27/100
|-ability|p2a: Incineroar|Intimidate|boost
|-unboost|p1a: Incinesoar|atk|1
|-unboost|p1b: Porygon42|atk|1
|turn|7
|inactive|priviteran has 30 seconds left.
|
|t:|1757761288
|move|p2a: Incineroar|Fake Out|p1b: Porygon42
|-damage|p1b: Porygon42|37/100
|move|p2b: Gholdengo|Nasty Plot|p2b: Gholdengo
|-boost|p2b: Gholdengo|spa|2
|move|p1a: Incinesoar|Knock Off|p2b: Gholdengo
|-supereffective|p2b: Gholdengo
|-damage|p2b: Gholdengo|43/100
|-enditem|p2b: Gholdengo|Metal Coat|[from] move: Knock Off|[of] p1a: Incinesoar
|cant|p1b: Porygon42|flinch
|
|-weather|Sandstorm|[upkeep]
|-damage|p1a: Incinesoar|45/100|[from] Sandstorm
|-damage|p1b: Porygon42|31/100|[from] Sandstorm
|upkeep
|turn|8
|
|t:|1757761309
|move|p2b: Gholdengo|Make It Rain|p1b: Porygon42|[spread] p1a,p1b
|-resisted|p1a: Incinesoar
|-damage|p1a: Incinesoar|0 fnt
|-damage|p1b: Porygon42|0 fnt
|-unboost|p2b: Gholdengo|spa|1
|faint|p1a: Incinesoar
|faint|p1b: Porygon42
|move|p2a: Incineroar|Flare Blitz|p1: Incinesoar|[notarget]
|-fail|p2a: Incineroar
|
|-weather|Sandstorm|[upkeep]
|upkeep
|
|t:|1757761318
|switch|p1a: Ghodengo|Gholdengo, L50|100/100
|turn|9
|
|t:|1757761325
|-terastallize|p1a: Ghodengo|Water
|move|p1a: Ghodengo|Make It Rain|p2a: Incineroar|[spread] p2a,p2b
|-resisted|p2a: Incineroar
|-resisted|p2b: Gholdengo
|-damage|p2a: Incineroar|0 fnt
|-damage|p2b: Gholdengo|11/100
|-unboost|p1a: Ghodengo|spa|1
|faint|p2a: Incineroar
|-damage|p1a: Ghodengo|91/100|[from] item: Life Orb
|move|p2b: Gholdengo|Shadow Ball|p1a: Ghodengo
|-damage|p1a: Ghodengo|9/100
|
|-weather|Sandstorm|[upkeep]
|-damage|p1a: Ghodengo|3/100|[from] Sandstorm
|upkeep
|turn|10
|
|t:|1757761345
|move|p1a: Ghodengo|Shadow Ball|p2b: Gholdengo
|-supereffective|p2b: Gholdengo
|-damage|p2b: Gholdengo|0 fnt
|faint|p2b: Gholdengo
|-damage|p1a: Ghodengo|0 fnt|[from] item: Life Orb
|faint|p1a: Ghodengo
|
|win|Shrub_01
|raw|Shrub_01's rating: 1131 → 1154(+23 for winning)
|raw|priviteran's rating: 1098 → 1076(-22 for losing)
|c|☆Shrub_01|GGs
|l|☆Shrub_01
|player|p1|
|j|☆Shrub_01
|player|p1|Shrub_01|norman|
