|j|вҳҶar1stoteles vgc
|j|вҳҶporygon-epilepz
|html|ar1stoteles vgcporygon-epilepz    
|uhtml|bestof|Game 1 of a best-of-3
|t:|1756298945
|gametype|doubles
|player|p1|ar1stoteles vgc|wallace|1171
|player|p2|porygon-epilepz|ghetsis-gen5bw|1091
|gen|9
|tier|[Gen 9] VGC 2025 Reg H (Bo3)
|rated|
|rule|Species Clause: Limit one of each PokГ©mon
|rule|Item Clause: Limit 1 of each item
|clearpoke
|poke|p1|Indeedee-F, L50, F|
|poke|p1|Hatterene, L50, F|
|poke|p1|Gallade, L50, M|
|poke|p1|Ursaluna, L50, M|
|poke|p1|Lilligant-Hisui, L50, F|
|poke|p1|Torkoal, L50, M|
|poke|p2|Farigiraf, L50, F|
|poke|p2|Incineroar, L50, M|
|poke|p2|Sneasler, L50, F|
|poke|p2|Pelipper, L50, F|
|poke|p2|Archaludon, L50, M|
|poke|p2|Porygon-Z, L50|
|teampreview|4
|showteam|p1|Indeedee-F||PsychicSeed|PsychicSurge|TrickRoom,FollowMe,HelpingHand,DazzlingGleam|||F|||50|,,,,,Fire]Hatterene||LifeOrb|MagicBounce|ExpandingForce,TrickRoom,DazzlingGleam,Protect|||F|||50|,,,,,Psychic]Gallade||ClearAmulet|Sharpness|PsychoCut,TrickRoom,SacredSword,WideGuard|||M|||50|,,,,,Grass]Ursaluna||FlameOrb|Guts|HeadlongRush,Facade,SwordsDance,Protect|||M|||50|,,,,,Ghost]Lilligant-Hisui||FocusSash|Chlorophyll|SolarBlade,SleepPowder,CloseCombat,AfterYou|||F|||50|,,,,,Ghost]Torkoal||ChoiceSpecs|Drought|Eruption,HeatWave,WeatherBall,EarthPower|||M|||50|,,,,,Fire
|showteam|p2|Farigiraf||ThroatSpray|ArmorTail|TrickRoom,HyperVoice,Psychic,HelpingHand|||F|||50|,,,,,Fairy]Incineroar||SafetyGoggles|Intimidate|FakeOut,KnockOff,PartingShot,Taunt|||M|||50|,,,,,Ghost]Sneasler||FocusSash|Unburden|DireClaw,CloseCombat,ThroatChop,FakeOut|||F|||50|,,,,,Dark]Pelipper||RockyHelmet|Drizzle|Hurricane,WeatherBall,Tailwind,Protect|||F|||50|,,,,,Grass]Archaludon||AssaultVest|Stamina|ElectroShot,FlashCannon,DracoMeteor,BodyPress|||M|||50|,,,,,Bug]Porygon-Z||ChoiceScarf|Adaptability|TeraBlast,HyperBeam,ShadowBall,Thunderbolt||||||50|,,,,,Fighting
|inactive|Battle timer is ON: inactive players will automatically lose when time's up. (requested by ar1stoteles vgc)
|inactive|porygon-epilepz has 60 seconds left.
|
|t:|1756298989
|teamsize|p1|4
|teamsize|p2|4
|start
|switch|p1a: зҙ«з«ҪеҘҪеҸҜж„ӣ|Lilligant-Hisui, L50, F, shiny|100/100
|switch|p1b: зҙ«з«Ҫи¶…еҸҜж„ӣ|Indeedee-F, L50, F, shiny|100/100
|switch|p2a: Sneasler|Sneasler, L50, F|100/100
|switch|p2b: Archaludon|Archaludon, L50, M|100/100
|-fieldstart|move: Psychic Terrain|[from] ability: Psychic Surge|[of] p1b: зҙ«з«Ҫи¶…еҸҜж„ӣ
|-enditem|p1b: зҙ«з«Ҫи¶…еҸҜж„ӣ|Psychic Seed
|-boost|p1b: зҙ«з«Ҫи¶…еҸҜж„ӣ|spd|1|[from] item: Psychic Seed
|turn|1
|inactive|ar1stoteles vgc has 30 seconds left.
|inactive|porygon-epilepz has 30 seconds left.
|inactive|ar1stoteles vgc has 20 seconds left.
|inactive|ar1stoteles vgc has 15 seconds left.
|
|t:|1756299032
|-terastallize|p2b: Archaludon|Bug
|move|p2a: Sneasler|Dire Claw|p1a: зҙ«з«ҪеҘҪеҸҜж„ӣ
|-supereffective|p1a: зҙ«з«ҪеҘҪеҸҜж„ӣ
|-enditem|p1a: зҙ«з«ҪеҘҪеҸҜж„ӣ|Focus Sash
|-damage|p1a: зҙ«з«ҪеҘҪеҸҜж„ӣ|1/100
|move|p1a: зҙ«з«ҪеҘҪеҸҜж„ӣ|Sleep Powder|p2b: Archaludon
|-status|p2b: Archaludon|slp|[from] move: Sleep Powder
|cant|p2b: Archaludon|slp
|move|p1b: зҙ«з«Ҫи¶…еҸҜж„ӣ|Trick Room|p1b: зҙ«з«Ҫи¶…еҸҜж„ӣ
|-fieldstart|move: Trick Room|[of] p1b: зҙ«з«Ҫи¶…еҸҜж„ӣ
|
|upkeep
|turn|2
|
|t:|1756299054
|switch|p1a: еӨӘжЁӮе·ҙжҲҲж–Ҝ|Torkoal, L50, M, shiny|100/100
|-weather|SunnyDay|[from] ability: Drought|[of] p1a: еӨӘжЁӮе·ҙжҲҲж–Ҝ
|switch|p2a: Incineroar|Incineroar, L50, M|100/100
|-ability|p2a: Incineroar|Intimidate|boost
|-unboost|p1a: еӨӘжЁӮе·ҙжҲҲж–Ҝ|atk|1
|-unboost|p1b: зҙ«з«Ҫи¶…еҸҜж„ӣ|atk|1
|move|p1b: зҙ«з«Ҫи¶…еҸҜж„ӣ|Dazzling Gleam|p2a: Incineroar|[spread] p2a,p2b
|-damage|p2a: Incineroar|91/100
|-damage|p2b: Archaludon|91/100 slp
|-ability|p2b: Archaludon|Stamina|boost
|-boost|p2b: Archaludon|def|1
|cant|p2b: Archaludon|slp
|
|-weather|SunnyDay|[upkeep]
|upkeep
|turn|3
|
|t:|1756299069
|switch|p2a: Pelipper|Pelipper, L50, F|100/100
|-weather|RainDance|[from] ability: Drizzle|[of] p2a: Pelipper
|-terastallize|p1a: еӨӘжЁӮе·ҙжҲҲж–Ҝ|Fire
|move|p1b: зҙ«з«Ҫи¶…еҸҜж„ӣ|Follow Me|p1b: зҙ«з«Ҫи¶…еҸҜж„ӣ
|-singleturn|p1b: зҙ«з«Ҫи¶…еҸҜж„ӣ|move: Follow Me
|move|p1a: еӨӘжЁӮе·ҙжҲҲж–Ҝ|Eruption|p2b: Archaludon|[spread] p2a,p2b
|-resisted|p2a: Pelipper
|-supereffective|p2b: Archaludon
|-damage|p2a: Pelipper|70/100
|-damage|p2b: Archaludon|24/100 slp
|-ability|p2b: Archaludon|Stamina|boost
|-boost|p2b: Archaludon|def|1
|-curestatus|p2b: Archaludon|slp|[msg]
|move|p2b: Archaludon|Electro Shot||[still]
|-prepare|p2b: Archaludon|Electro Shot
|-boost|p2b: Archaludon|spa|1
|-anim|p2b: Archaludon|Electro Shot|p1b: зҙ«з«Ҫи¶…еҸҜж„ӣ
|-damage|p1b: зҙ«з«Ҫи¶…еҸҜж„ӣ|60/100
|
|-weather|RainDance|[upkeep]
|upkeep
|turn|4
|
|t:|1756299085
|switch|p1a: зҙ«з«ҪеҘҪеҸҜж„ӣ|Lilligant-Hisui, L50, F, shiny|1/100
|switch|p2b: Incineroar|Incineroar, L50, M|91/100
|-ability|p2b: Incineroar|Intimidate|boost
|-unboost|p1a: зҙ«з«ҪеҘҪеҸҜж„ӣ|atk|1
|-unboost|p1b: зҙ«з«Ҫи¶…еҸҜж„ӣ|atk|1
|move|p1b: зҙ«з«Ҫи¶…еҸҜж„ӣ|Dazzling Gleam|p2b: Incineroar|[spread] p2a,p2b
|-crit|p2a: Pelipper
|-damage|p2a: Pelipper|44/100
|-damage|p2b: Incineroar|81/100
|move|p2a: Pelipper|Weather Ball|p1a: зҙ«з«ҪеҘҪеҸҜж„ӣ
|-resisted|p1a: зҙ«з«ҪеҘҪеҸҜж„ӣ
|-damage|p1a: зҙ«з«ҪеҘҪеҸҜж„ӣ|0 fnt
|faint|p1a: зҙ«з«ҪеҘҪеҸҜж„ӣ
|
|-weather|RainDance|[upkeep]
|upkeep
|
|t:|1756299093
|switch|p1a: еӨӘжЁӮе·ҙжҲҲж–Ҝ|Torkoal, L50, M, shiny, tera:Fire|100/100
|-weather|SunnyDay|[from] ability: Drought|[of] p1a: еӨӘжЁӮе·ҙжҲҲж–Ҝ
|turn|5
|
|t:|1756299106
|move|p1b: зҙ«з«Ҫи¶…еҸҜж„ӣ|Helping Hand|p1a: еӨӘжЁӮе·ҙжҲҲж–Ҝ
|-singleturn|p1a: еӨӘжЁӮе·ҙжҲҲж–Ҝ|Helping Hand|[of] p1b: зҙ«з«Ҫи¶…еҸҜж„ӣ
|move|p1a: еӨӘжЁӮе·ҙжҲҲж–Ҝ|Eruption|p2a: Pelipper|[spread] p2a,p2b
|-resisted|p2a: Pelipper
|-resisted|p2b: Incineroar
|-damage|p2a: Pelipper|0 fnt
|-damage|p2b: Incineroar|0 fnt
|faint|p2a: Pelipper
|faint|p2b: Incineroar
|
|-weather|SunnyDay|[upkeep]
|-fieldend|move: Trick Room
|-fieldend|move: Psychic Terrain
|upkeep
|
|t:|1756299113
|switch|p2a: Archaludon|Archaludon, L50, M, tera:Bug|24/100
|switch|p2b: Sneasler|Sneasler, L50, F|100/100
|turn|6
|
|t:|1756299131
|move|p1b: зҙ«з«Ҫи¶…еҸҜж„ӣ|Follow Me|p1b: зҙ«з«Ҫи¶…еҸҜж„ӣ
|-singleturn|p1b: зҙ«з«Ҫи¶…еҸҜж„ӣ|move: Follow Me
|move|p2b: Sneasler|Close Combat|p1b: зҙ«з«Ҫи¶…еҸҜж„ӣ
|-damage|p1b: зҙ«з«Ҫи¶…еҸҜж„ӣ|0 fnt
|-unboost|p2b: Sneasler|def|1
|-unboost|p2b: Sneasler|spd|1
|faint|p1b: зҙ«з«Ҫи¶…еҸҜж„ӣ
|move|p2a: Archaludon|Draco Meteor|p1a: еӨӘжЁӮе·ҙжҲҲж–Ҝ
|-damage|p1a: еӨӘжЁӮе·ҙжҲҲж–Ҝ|21/100
|-unboost|p2a: Archaludon|spa|2
|move|p1a: еӨӘжЁӮе·ҙжҲҲж–Ҝ|Eruption|p2a: Archaludon|[spread] p2a,p2b
|-supereffective|p2a: Archaludon
|-damage|p2a: Archaludon|0 fnt
|-damage|p2b: Sneasler|44/100
|faint|p2a: Archaludon
|
|-weather|SunnyDay|[upkeep]
|upkeep
|
|t:|1756299140
|switch|p1b: дёҖжӢіжңҲжңҲзҶҠ|Ursaluna, L50, M, shiny|100/100
|turn|7
|-message|porygon-epilepz forfeited.
|
|win|ar1stoteles vgc
|l|вҳҶporygon-epilepz
|player|p2|
||porygon-epilepz is ready for game 2.
