|j|☆cippino3
|j|☆p1ch1pichi
|html|cippino3p1ch1pichi    
|uhtml|bestof|Game 2 of a best-of-3
|t:|1785155713
|gametype|doubles
|player|p1|cippino3|poppy|1089
|player|p2|p1ch1pichi|n|1143
|gen|9
|tier|[Gen 9 Champions] VGC 2026 Reg M-B (Bo3)
|rated|
|rule|Species Clause: Limit one of each Pokémon
|rule|Item Clause: Limit 1 of each item
|clearpoke
|poke|p1|Raichu, L50, M|
|poke|p1|Vivillon, L50, F|
|poke|p1|Scrafty, L50, M|
|poke|p1|Whimsicott, L50, M|
|poke|p1|Ninetales-Alola, L50, M|
|poke|p1|Glimmora, L50, M|
|poke|p2|Raichu, L50, M, shiny|
|poke|p2|Meganium, L50, M, shiny|
|poke|p2|Pelipper, L50, M|
|poke|p2|Archaludon, L50, M|
|poke|p2|Sableye, L50, M|
|poke|p2|Basculegion, L50, M|
|teampreview|4
|showteam|p1|Raichu||RaichuniteY|LightningRod|ZapCannon,FocusBlast,Protect,FakeOut|Timid||M|||50|]Vivillon||ChoiceScarf|CompoundEyes|SleepPowder,RagePowder,Uturn,Hurricane|Timid||F|||50|]Scrafty||Scraftinite|Intimidate|Protect,DragonDance,DrainPunch,KnockOff|Adamant||M|||50|]Whimsicott||FocusSash|Prankster|Protect,Tailwind,Encore,Moonblast|Modest||M|||50|]Ninetales-Alola||LightClay|SnowWarning|Protect,AuroraVeil,Blizzard,FreezeDry|Timid||M|||50|]Glimmora||LifeOrb|ToxicDebris|SpikyShield,PowerGem,SludgeBomb,EarthPower|Timid||M|||50|
|showteam|p2|Raichu||RaichuniteX|LightningRod|Protect,FakeOut,VoltSwitch,RisingVoltage|Timid||M|||50|]Meganium||Meganiumite|Overgrow|Protect,SolarBeam,WeatherBall,DazzlingGleam|Modest||M|||50|]Pelipper||FocusSash|Drizzle|Soak,Tailwind,Hurricane,WeatherBall|Timid||M|||50|]Archaludon||Leftovers|Stamina|ElectroShot,FlashCannon,DracoMeteor,Protect|Modest||M|||50|]Sableye||RoseliBerry|Prankster|Quash,Reflect,LightScreen,RainDance|Bold||M|||50|]Basculegion||ChoiceScarf|Adaptability|FlipTurn,WaveCrash,AquaJet,LastRespects|Jolly||M|||50|
|inactive|Battle timer is ON: inactive players will automatically lose when time's up. (requested by p1ch1pichi)
|inactive|cippino3 also wants the timer to be on.
|inactive|cippino3 has 60 seconds left.
|inactive|p1ch1pichi has 60 seconds left.
|
|t:|1785155750
|teamsize|p1|4
|teamsize|p2|4
|start
|switch|p1a: Whimsicott|Whimsicott, L50, M|100/100
|switch|p1b: Vivillon|Vivillon, L50, F|100/100
|switch|p2a: Inidoro|Pelipper, L50, M|100/100
|switch|p2b: San Juanico|Archaludon, L50, M|100/100
|-weather|RainDance|[from] ability: Drizzle|[of] p2a: Inidoro
|turn|1
|inactive|cippino3 has 30 seconds left.
|inactive|cippino3 has 20 seconds left.
|
|t:|1785155789
|move|p2b: San Juanico|Protect|p2b: San Juanico
|-singleturn|p2b: San Juanico|Protect
|move|p1b: Vivillon|U-turn|p2a: Inidoro
|-resisted|p2a: Inidoro|1
|-damage|p2a: Inidoro|91/100
|
|t:|1785155794
|switch|p1b: Ninetales|Ninetales-Alola, L50, M|100/100|[from] U-turn
|-weather|Snowscape|[from] ability: Snow Warning|[of] p1b: Ninetales
|move|p1a: Whimsicott|Moonblast|p2a: Inidoro
|-damage|p2a: Inidoro|21/100
|move|p2a: Inidoro|Hurricane|p1b: Ninetales
|-damage|p1b: Ninetales|42/100
|
|-weather|Snowscape|[upkeep]
|upkeep
|turn|2
|
|t:|1785155815
|switch|p2b: High Tide|Basculegion, L50, M|100/100
|move|p1a: Whimsicott|Encore||[still]
|-fail|p1a: Whimsicott
|move|p1b: Ninetales|Aurora Veil|p1b: Ninetales
|-sidestart|p1: cippino3|move: Aurora Veil
|move|p2a: Inidoro|Tailwind|p2a: Inidoro
|-sidestart|p2: p1ch1pichi|move: Tailwind
|
|-weather|Snowscape|[upkeep]
|upkeep
|turn|3
|
|t:|1785155833
|switch|p2a: San Juanico|Archaludon, L50, M|100/100
|switch|p1b: Scrafty|Scrafty, L50, M|100/100
|-ability|p1b: Scrafty|Intimidate|boost
|-unboost|p2a: San Juanico|atk|1
|-unboost|p2b: High Tide|atk|1
|move|p1a: Whimsicott|Encore||[still]
|-fail|p1a: Whimsicott
|move|p2b: High Tide|Flip Turn|p1b: Scrafty
|-damage|p1b: Scrafty|81/100
|
|t:|1785155848
|switch|p2b: Inidoro|Pelipper, L50, M|21/100|[from] Flip Turn
|-weather|RainDance|[from] ability: Drizzle|[of] p2b: Inidoro
|
|-weather|RainDance|[upkeep]
|upkeep
|turn|4
|
|t:|1785155863
|switch|p1a: Ninetales|Ninetales-Alola, L50, M|42/100
|-weather|Snowscape|[from] ability: Snow Warning|[of] p1a: Ninetales
|move|p2b: Inidoro|Hurricane|p1b: Scrafty
|-supereffective|p1b: Scrafty|1
|-damage|p1b: Scrafty|18/100
|-start|p1b: Scrafty|confusion
|move|p2a: San Juanico|Flash Cannon|p1a: Ninetales
|-supereffective|p1a: Ninetales|2
|-damage|p1a: Ninetales|0 fnt
|faint|p1a: Ninetales
|-activate|p1b: Scrafty|confusion
|move|p1b: Scrafty|Knock Off|p2b: Inidoro
|-damage|p2b: Inidoro|0 fnt
|-enditem|p2b: Inidoro|Focus Sash|[from] move: Knock Off|[of] p1b: Scrafty
|faint|p2b: Inidoro
|
|-weather|Snowscape|[upkeep]
|upkeep
|
|t:|1785155884
|switch|p1a: Whimsicott|Whimsicott, L50, M|100/100
|switch|p2b: Bougainville|Meganium, L50, M, shiny|100/100
|turn|5
|
|t:|1785155903
|detailschange|p2b: Bougainville|Meganium-Mega, L50, M, shiny
|-mega|p2b: Bougainville|Meganium|Meganiumite
|detailschange|p1b: Scrafty|Scrafty-Mega, L50, M
|-mega|p1b: Scrafty|Scrafty|Scraftinite
|-ability|p1b: Scrafty|Intimidate|boost
|-unboost|p2a: San Juanico|atk|1
|-unboost|p2b: Bougainville|atk|1
|move|p1a: Whimsicott|Tailwind|p1a: Whimsicott
|-sidestart|p1: cippino3|move: Tailwind
|-end|p1b: Scrafty|confusion
|move|p1b: Scrafty|Drain Punch|p2a: San Juanico
|-supereffective|p2a: San Juanico|1
|-damage|p2a: San Juanico|42/100
|-heal|p1b: Scrafty|54/100|[from] drain|[of] p2a: San Juanico
|-ability|p2a: San Juanico|Stamina|boost
|-boost|p2a: San Juanico|def|1
|move|p2b: Bougainville|Dazzling Gleam|p1a: Whimsicott|[spread] p1a,p1b
|-supereffective|p1b: Scrafty|2
|-damage|p1a: Whimsicott|61/100
|-damage|p1b: Scrafty|0 fnt
|faint|p1b: Scrafty
|move|p2a: San Juanico|Flash Cannon|p1a: Whimsicott
|-supereffective|p1a: Whimsicott|1
|-damage|p1a: Whimsicott|0 fnt
|faint|p1a: Whimsicott
|
|-weather|Snowscape|[upkeep]
|-heal|p2a: San Juanico|48/100|[from] item: Leftovers
|-sideend|p2: p1ch1pichi|move: Tailwind
|upkeep
|
|t:|1785155916
|switch|p1b: Vivillon|Vivillon, L50, F|100/100
|turn|6
|
|t:|1785155939
|move|p1b: Vivillon|Hurricane|p2a: San Juanico
|-resisted|p2a: San Juanico|1
|-damage|p2a: San Juanico|31/100
|-ability|p2a: San Juanico|Stamina|boost
|-boost|p2a: San Juanico|def|1
|move|p2b: Bougainville|Weather Ball|p1b: Vivillon
|-supereffective|p1b: Vivillon|1
|-damage|p1b: Vivillon|0 fnt
|faint|p1b: Vivillon
|
|win|p1ch1pichi
|raw|cippino3's rating: 1089 → 1069(-20 for losing)
|raw|p1ch1pichi's rating: 1143 → 1164(+21 for winning)
|l|☆cippino3
|player|p1|
