|j|☆Bang Average
|j|☆CrystalGem02
|html|Bang AverageCrystalGem02    
|uhtml|bestof|Game 3 of a best-of-3
|t:|1756220602
|gametype|doubles
|player|p1|Bang Average|170|1078
|player|p2|CrystalGem02|valerie|1162
|gen|9
|tier|[Gen 9] VGC 2025 Reg H (Bo3)
|rated|
|rule|Species Clause: Limit one of each Pokémon
|rule|Item Clause: Limit 1 of each item
|clearpoke
|poke|p1|Ursaluna-Bloodmoon, L50, M|
|poke|p1|Gholdengo, L50|
|poke|p1|Dragonite, L50, M|
|poke|p1|Sneasler, L50, F|
|poke|p1|Incineroar, L50, F|
|poke|p1|Amoonguss, L50, M|
|poke|p2|Empoleon, L50, M|
|poke|p2|Ninetales-Alola, L50, F|
|poke|p2|Annihilape, L50, F|
|poke|p2|Dragonite, L50, F|
|poke|p2|Incineroar, L50, M|
|poke|p2|Ursaluna-Bloodmoon, L50, M|
|teampreview|4
|showteam|p1|Ursaluna-Bloodmoon||AssaultVest|MindsEye|BloodMoon,EarthPower,VacuumWave,HyperVoice|||M|||50|,,,,,Water]Gholdengo||LifeOrb|GoodasGold|Protect,MakeItRain,ShadowBall,NastyPlot||||||50|,,,,,Water]Dragonite||LoadedDice|Multiscale|ScaleShot,Tailwind,Haze,Protect|||M|||50|,,,,,Fairy]Sneasler||FocusSash|Unburden|Protect,DireClaw,CloseCombat,ThroatChop|||F|||50|,,,,,Stellar]Incineroar||SafetyGoggles|Intimidate|KnockOff,PartingShot,FlareBlitz,FakeOut|||F|||50|,,,,,Ghost]Amoonguss||SitrusBerry|Regenerator|RagePowder,Spore,PollenPuff,Protect|||M|||50|,,,,,Psychic
|showteam|p2|Empoleon||AssaultVest|Competitive|WaterPledge,FlashCannon,Whirlpool,VacuumWave|||M|||50|,,,,,Grass]Ninetales-Alola||LightClay|SnowWarning|IcyWind,IcicleSpear,AuroraVeil,Howl|||F|||50|,,,,,Ghost]Annihilape||SafetyGoggles|Defiant|DrainPunch,RageFist,BulkUp,Protect|||F|||50|,,,,,Fire]Dragonite||LoadedDice|Multiscale|ScaleShot,ExtremeSpeed,Tailwind,Haze|||F|||50|,,,,,Fairy]Incineroar||SitrusBerry|Intimidate|FakeOut,KnockOff,FlareBlitz,PartingShot|||M|||50|,,,,,Ghost]Ursaluna-Bloodmoon||LifeOrb|MindsEye|BloodMoon,HyperVoice,EarthPower,Protect|||M|||50|,,,,,Normal
|inactive|Battle timer is ON: inactive players will automatically lose when time's up. (requested by Bang Average)
|inactive|Bang Average has 60 seconds left.
|
|t:|1756220651
|teamsize|p1|4
|teamsize|p2|4
|start
|switch|p1a: Gholdengo|Gholdengo, L50|100/100
|switch|p1b: Dragonite|Dragonite, L50, M|100/100
|switch|p2a: Ninetales|Ninetales-Alola, L50, F, shiny|100/100
|switch|p2b: Annihilape|Annihilape, L50, F|100/100
|-weather|Snowscape|[from] ability: Snow Warning|[of] p2a: Ninetales
|turn|1
|inactive|CrystalGem02 has 30 seconds left.
|
|t:|1756220683
|-terastallize|p1a: Gholdengo|Water
|move|p2a: Ninetales|Aurora Veil|p2a: Ninetales
|-sidestart|p2: CrystalGem02|move: Aurora Veil
|move|p2b: Annihilape|Rage Fist|p1b: Dragonite
|-damage|p1b: Dragonite|89/100
|move|p1a: Gholdengo|Shadow Ball|p2b: Annihilape
|-supereffective|p2b: Annihilape
|-damage|p2b: Annihilape|42/100
|-damage|p1a: Gholdengo|91/100|[from] item: Life Orb
|move|p1b: Dragonite|Tailwind|p1b: Dragonite
|-sidestart|p1: Bang Average|move: Tailwind
|
|-weather|Snowscape|[upkeep]
|upkeep
|turn|2
|inactive|CrystalGem02 has 30 seconds left.
|
|t:|1756220709
|-terastallize|p2a: Ninetales|Ghost
|move|p2b: Annihilape|Protect|p2b: Annihilape
|-singleturn|p2b: Annihilape|Protect
|move|p1a: Gholdengo|Make It Rain|p2a: Ninetales|[spread] p2a
|-activate|p2b: Annihilape|move: Protect
|-damage|p2a: Ninetales|58/100
|-unboost|p1a: Gholdengo|spa|1
|-damage|p1a: Gholdengo|82/100|[from] item: Life Orb
|move|p1b: Dragonite|Scale Shot|p2b: Annihilape
|-activate|p2b: Annihilape|move: Protect
|move|p2a: Ninetales|Icy Wind|p1a: Gholdengo|[spread] p1a,p1b
|-resisted|p1a: Gholdengo
|-supereffective|p1b: Dragonite
|-damage|p1a: Gholdengo|75/100
|-damage|p1b: Dragonite|43/100
|-unboost|p1a: Gholdengo|spe|1
|-unboost|p1b: Dragonite|spe|1
|
|-weather|Snowscape|[upkeep]
|upkeep
|turn|3
|inactive|CrystalGem02 has 30 seconds left.
|
|t:|1756220742
|switch|p1a: Amoonguss|Amoonguss, L50, M|100/100
|switch|p2a: Incineroar|Incineroar, L50, M|100/100
|-ability|p2a: Incineroar|Intimidate|boost
|-unboost|p1a: Amoonguss|atk|1
|-unboost|p1b: Dragonite|atk|1
|move|p1b: Dragonite|Scale Shot|p2b: Annihilape
|-damage|p2b: Annihilape|36/100
|-damage|p2b: Annihilape|29/100
|-damage|p2b: Annihilape|22/100
|-damage|p2b: Annihilape|14/100
|-hitcount|p2b: Annihilape|4
|-unboost|p1b: Dragonite|def|1
|-boost|p1b: Dragonite|spe|1
|move|p2b: Annihilape|Rage Fist|p1a: Amoonguss
|-damage|p1a: Amoonguss|0 fnt
|faint|p1a: Amoonguss
|
|-weather|Snowscape|[upkeep]
|upkeep
|
|t:|1756220762
|switch|p1a: Sneasler|Sneasler, L50, F|100/100
|turn|4
|
|t:|1756220777
|switch|p1b: Gholdengo|Gholdengo, L50, tera:Water|75/100
|move|p1a: Sneasler|Protect|p1a: Sneasler
|-singleturn|p1a: Sneasler|Protect
|move|p2b: Annihilape|Protect|p2b: Annihilape
|-singleturn|p2b: Annihilape|Protect
|move|p2a: Incineroar|Parting Shot|p1a: Sneasler
|-activate|p1a: Sneasler|move: Protect
|
|-weather|Snowscape|[upkeep]
|-sideend|p1: Bang Average|move: Tailwind
|upkeep
|turn|5
|inactive|Bang Average has 30 seconds left.
|inactive|CrystalGem02 has 30 seconds left.
|
|t:|1756220803
|move|p1a: Sneasler|Throat Chop|p2b: Annihilape
|-damage|p2b: Annihilape|0 fnt
|faint|p2b: Annihilape
|move|p1b: Gholdengo|Nasty Plot|p1b: Gholdengo
|-boost|p1b: Gholdengo|spa|2
|move|p2a: Incineroar|Knock Off|p1b: Gholdengo
|-damage|p1b: Gholdengo|38/100
|-enditem|p1b: Gholdengo|Life Orb|[from] move: Knock Off|[of] p2a: Incineroar
|
|-weather|none
|upkeep
|
|t:|1756220814
|switch|p2b: Dragonite|Dragonite, L50, F, shiny|100/100
|turn|6
|
|t:|1756220826
|move|p1a: Sneasler|Dire Claw|p2b: Dragonite
|-damage|p2b: Dragonite|84/100
|move|p1b: Gholdengo|Make It Rain|p2b: Dragonite|[spread] p2a,p2b
|-resisted|p2a: Incineroar
|-damage|p2a: Incineroar|80/100
|-damage|p2b: Dragonite|24/100
|-unboost|p1b: Gholdengo|spa|1
|move|p2b: Dragonite|Scale Shot|p1b: Gholdengo
|-damage|p1b: Gholdengo|22/100
|-damage|p1b: Gholdengo|7/100
|-damage|p1b: Gholdengo|0 fnt
|faint|p1b: Gholdengo
|-hitcount|p1: Gholdengo|3
|-unboost|p2b: Dragonite|def|1
|-boost|p2b: Dragonite|spe|1
|move|p2a: Incineroar|Parting Shot|p1a: Sneasler
|-unboost|p1a: Sneasler|atk|1
|-unboost|p1a: Sneasler|spa|1
|
|t:|1756220844
|switch|p2a: Ninetales|Ninetales-Alola, L50, F, shiny, tera:Ghost|58/100|[from] Parting Shot
|-weather|Snowscape|[from] ability: Snow Warning|[of] p2a: Ninetales
|
|-weather|Snowscape|[upkeep]
|upkeep
|
|t:|1756220846
|switch|p1b: Dragonite|Dragonite, L50, M|43/100
|turn|7
|
|t:|1756220864
|move|p2b: Dragonite|Scale Shot|p1a: Sneasler
|-crit|p1a: Sneasler
|-damage|p1a: Sneasler|60/100
|-damage|p1a: Sneasler|32/100
|-damage|p1a: Sneasler|6/100
|-damage|p1a: Sneasler|0 fnt
|faint|p1a: Sneasler
|-hitcount|p1: Sneasler|4
|-unboost|p2b: Dragonite|def|1
|-boost|p2b: Dragonite|spe|1
|move|p2a: Ninetales|Icicle Spear|p1b: Dragonite
|-supereffective|p1b: Dragonite
|-damage|p1b: Dragonite|14/100
|-supereffective|p1b: Dragonite
|-damage|p1b: Dragonite|0 fnt
|faint|p1b: Dragonite
|-hitcount|p1: Dragonite|2
|
|win|CrystalGem02
|raw|Bang Average's rating: 1078 → 1061(-17 for losing)
|raw|CrystalGem02's rating: 1162 → 1181(+19 for winning)
