|j|☆vipgames1m
|j|‽flyver33
|html|vipgames1mflyver33    
|uhtml|bestof|Game 1 of a best-of-3
|t:|1785768011
|gametype|doubles
|player|p1|vipgames1m|ghetsis|
|player|p2|flyver33|n|
|gen|9
|tier|[Gen 9 Champions] VGC 2026 Reg M-B (Bo3)
|rule|Species Clause: Limit one of each Pokémon
|rule|Item Clause: Limit 1 of each item
|clearpoke
|poke|p1|Zoroark, L50, M, shiny|
|poke|p1|Tinkaton, L50, F, shiny|
|poke|p1|Toucannon, L50, M, shiny|
|poke|p1|Runerigus, L50, M, shiny|
|poke|p1|Slowbro, L50, M, shiny|
|poke|p1|Abomasnow, L50, M, shiny|
|poke|p2|Zoroark, L50, F|
|poke|p2|Simipour, L50, M|
|poke|p2|Emboar, L50, F|
|poke|p2|Abomasnow, L50, F|
|poke|p2|Mr. Rime, L50, M|
|poke|p2|Runerigus, L50, F|
|teampreview|4
|showteam|p1|Zoroark||FocusSash|Illusion|NastyPlot,DarkPulse,Extrasensory,Flamethrower|Timid||M|||50|]Tinkaton||LightClay|MoldBreaker|FakeOut,Reflect,LightScreen,GigatonHammer|Adamant||F|||50|]Toucannon||IronBall|SkillLink|HelpingHand,Protect,BraveBird,BulletSeed|Brave||M|||50|]Runerigus||WideLens|WanderingSpirit|TrickRoom,Earthquake,Poltergeist,RockSlide|Brave||M|||50|]Slowbro||SitrusBerry|Regenerator|Blizzard,Scald,Protect,TrickRoom|Quiet||M|||50|]Abomasnow||Abomasite|SnowWarning|EarthPower,Blizzard,AuroraVeil,GigaDrain|Quiet||M|||50|
|showteam|p2|Zoroark||ChoiceScarf|Illusion|Trick,Taunt,DarkPulse,Snarl|Modest||F|||50|]Simipour||MysticWater|Torrent|FakeOut,Blizzard,Scald,Protect|Quiet||M|||50|]Emboar||Emboarite|Reckless|BulkUp,WildCharge,FlareBlitz,DrainPunch|Brave||F|||50|]Abomasnow||Abomasite|SnowWarning|AuroraVeil,WoodHammer,IceShard,IceHammer|Brave||F|||50|]Mr. Rime||LifeOrb|IceBody|TrickRoom,Blizzard,Psychic,Protect|Quiet||M|||50|]Runerigus||MentalHerb|WanderingSpirit|TrickRoom,Earthquake,Poltergeist,WillOWisp|Brave||F|||50|
|
|t:|1785768123
|teamsize|p1|4
|teamsize|p2|4
|start
|switch|p1a: Kiula|Toucannon, L50, M, shiny|100/100
|switch|p1b: My first Mega|Abomasnow, L50, M, shiny|100/100
|switch|p2a: Simipour|Simipour, L50, M|100/100
|switch|p2b: Emboar|Emboar, L50, F|100/100
|-weather|Snowscape|[from] ability: Snow Warning|[of] p1b: My first Mega
|turn|1
|
|t:|1785768173
|detailschange|p2b: Emboar|Emboar-Mega, L50, F
|-mega|p2b: Emboar|Emboar|Emboarite
|-ability|p2b: Emboar|Mold Breaker
|detailschange|p1b: My first Mega|Abomasnow-Mega, L50, M, shiny
|-mega|p1b: My first Mega|Abomasnow|Abomasite
|move|p2a: Simipour|Fake Out|p1a: Kiula
|-damage|p1a: Kiula|83/100
|replace|p1a: Hidden true|Zoroark, L50, M, shiny
|-end|p1a: Hidden true|Illusion
|cant|p1a: Hidden true|flinch
|move|p2b: Emboar|Bulk Up|p2b: Emboar
|-boost|p2b: Emboar|atk|1
|-boost|p2b: Emboar|def|1
|move|p1b: My first Mega|Aurora Veil|p1b: My first Mega
|-sidestart|p1: vipgames1m|move: Aurora Veil
|
|-weather|Snowscape|[upkeep]
|upkeep
|turn|2
|c|☆vipgames1m|Не того взял
|
|t:|1785768215
|switch|p1b: Kiula|Toucannon, L50, M, shiny|100/100
|move|p1a: Hidden true|Extrasensory|p2b: Emboar
|-supereffective|p2b: Emboar|1
|-damage|p2b: Emboar|56/100
|move|p2a: Simipour|Blizzard|p1b: Kiula|[spread] p1a,p1b
|-supereffective|p1b: Kiula|1
|-damage|p1a: Hidden true|51/100
|-damage|p1b: Kiula|61/100
|move|p2b: Emboar|Drain Punch|p1b: Kiula
|-damage|p1b: Kiula|4/100
|-heal|p2b: Emboar|82/100|[from] drain|[of] p1b: Kiula
|
|-weather|Snowscape|[upkeep]
|upkeep
|turn|3
|
|t:|1785768243
|move|p1b: Kiula|Helping Hand|p1a: Hidden true
|-singleturn|p1a: Hidden true|Helping Hand|[of] p1b: Kiula
|move|p1a: Hidden true|Extrasensory|p2b: Emboar
|-supereffective|p2b: Emboar|1
|-damage|p2b: Emboar|24/100
|move|p2a: Simipour|Blizzard|p1b: Kiula|[spread] p1a,p1b
|-supereffective|p1b: Kiula|1
|-damage|p1a: Hidden true|18/100
|-damage|p1b: Kiula|0 fnt
|-status|p1a: Hidden true|frz
|faint|p1b: Kiula
|move|p2b: Emboar|Drain Punch|p1a: Hidden true
|-supereffective|p1a: Hidden true|1
|-damage|p1a: Hidden true|0 fnt
|-heal|p2b: Emboar|30/100|[from] drain|[of] p1a: Hidden true
|faint|p1a: Hidden true
|
|-weather|Snowscape|[upkeep]
|upkeep
|
|t:|1785768255
|switch|p1a: Artefact|Runerigus, L50, M, shiny|100/100
|switch|p1b: My first Mega|Abomasnow-Mega, L50, M, shiny|100/100
|turn|4
|
|t:|1785768273
|move|p2a: Simipour|Scald|p1a: Artefact
|-supereffective|p1a: Artefact|1
|-damage|p1a: Artefact|46/100
|move|p2b: Emboar|Drain Punch|p1b: My first Mega
|-supereffective|p1b: My first Mega|1
|-damage|p1b: My first Mega|49/100
|-heal|p2b: Emboar|55/100|[from] drain|[of] p1b: My first Mega
|move|p1b: My first Mega|Giga Drain|p2a: Simipour
|-supereffective|p2a: Simipour|1
|-damage|p2a: Simipour|0 fnt
|-heal|p1b: My first Mega|92/100|[from] drain|[of] p2a: Simipour
|faint|p2a: Simipour
|move|p1a: Artefact|Trick Room|p1a: Artefact
|-fieldstart|move: Trick Room|[of] p1a: Artefact
|
|-weather|Snowscape|[upkeep]
|upkeep
|
|t:|1785768289
|switch|p2a: Runerigus|Runerigus, L50, F|100/100
|turn|5
|
|t:|1785768309
|move|p2a: Runerigus|Poltergeist|p1a: Artefact
|-activate|p1a: Artefact|move: Poltergeist|Wide Lens
|-supereffective|p1a: Artefact|1
|-damage|p1a: Artefact|0 fnt
|faint|p1a: Artefact
|move|p1b: My first Mega|Earth Power|p2b: Emboar
|-supereffective|p2b: Emboar|1
|-damage|p2b: Emboar|0 fnt
|faint|p2b: Emboar
|
|-weather|none
|-sideend|p1: vipgames1m|move: Aurora Veil
|upkeep
|
|t:|1785768321
|switch|p2b: Zoroark|Zoroark, L50, F|100/100
|turn|6
|
|t:|1785768330
|move|p2a: Runerigus|Poltergeist|p1b: My first Mega
|-activate|p1b: My first Mega|move: Poltergeist|Abomasite
|-damage|p1b: My first Mega|49/100
|move|p1b: My first Mega|Blizzard|p2b: Zoroark|[spread] p2a,p2b
|-supereffective|p2a: Runerigus|1
|-damage|p2a: Runerigus|1/100
|-damage|p2b: Zoroark|27/100
|move|p2b: Zoroark|Dark Pulse|p1b: My first Mega
|-damage|p1b: My first Mega|13/100
|
|upkeep
|turn|7
|
|t:|1785768349
|move|p2a: Runerigus|Earthquake|p1b: My first Mega|[spread] p2b,p1b
|-resisted|p1b: My first Mega|1
|-damage|p2b: Zoroark|0 fnt
|-damage|p1b: My first Mega|0 fnt
|faint|p2b: Zoroark
|faint|p1b: My first Mega
|
|win|flyver33
||vipgames1m is ready for game 2.
||flyver33 is ready for game 2.
|uhtml|next|Next: Game 2 of 3
