|j|☆moicito
|j|☆Skytrainer Trent
|html|moicitoSkytrainer Trent    
|uhtml|bestof|Game 1 of a best-of-3
|t:|1756149401
|gametype|doubles
|player|p1|moicito|1|1116
|player|p2|Skytrainer Trent|1|1002
|gen|9
|tier|[Gen 9] VGC 2025 Reg H (Bo3)
|rated|
|rule|Species Clause: Limit one of each Pokémon
|rule|Item Clause: Limit 1 of each item
|clearpoke
|poke|p1|Kingambit, L50, F|
|poke|p1|Rillaboom, L50, F|
|poke|p1|Electabuzz, L50, M|
|poke|p1|Volcarona, L50, M|
|poke|p1|Sneasler, L50, M|
|poke|p1|Dragonite, L50, F|
|poke|p2|Delibird, L50, F|
|poke|p2|Grimmsnarl, L50, M|
|poke|p2|Dragapult, L50, F|
|poke|p2|Incineroar, L50, F|
|poke|p2|Electrode-Hisui, L50|
|poke|p2|Lilligant-Hisui, L50, F|
|teampreview|4
|showteam|p1|Kingambit||BlackGlasses|Defiant|Protect,KowtowCleave,SuckerPunch,SwordsDance|||F|||50|,,,,,Dark]Rillaboom||AssaultVest|GrassySurge|WoodHammer,GrassyGlide,HighHorsepower,FakeOut|||F|||50|,,,,,Fire]Electabuzz||Eviolite|VitalSpirit|Protect,Thunderbolt,HelpingHand,FollowMe|||M|||50|,,,,,Ghost]Volcarona||CovertCloak|FlameBody|Protect,HeatWave,TeraBlast,QuiverDance|||M|||50|,,,,,Fairy]Sneasler||FocusSash|Unburden|CloseCombat,DireClaw,Coaching,FakeOut|||M|||50|,,,,,Stellar]Dragonite||LoadedDice|Multiscale|ScaleShot,Haze,ExtremeSpeed,Protect|||F|||50|,,,,,Fairy
|showteam|p2|Delibird||ChoiceBand|Hustle|IceShard,FakeOut,TripleAxel,RapidSpin|||F|||50|,,,,,Ice]Grimmsnarl||LightClay|Prankster|LightScreen,Reflect,ThunderWave,Confide|||M|||50|,,,,,Dark]Dragapult||AssaultVest|Infiltrator|DragonDarts,PhantomForce,SuckerPunch,PsychicFangs|||F|||50|,,,,,Dragon]Incineroar||FocusSash|Intimidate|IronHead,FlareBlitz,KnockOff,FakeOut|||F|||50|,,,,,Fire]Electrode-Hisui||Leftovers|Soundproof|Taunt,FoulPlay,Protect,LeechSeed||||||50|,,,,,Ghost]Lilligant-Hisui||CovertCloak|Chlorophyll|TripleAxel,Coaching,HelpingHand,LeafBlade|||F|||50|,,,,,Grass
|
|t:|1756149473
|teamsize|p1|4
|teamsize|p2|4
|start
|switch|p1a: Elii|Electabuzz, L50, M, shiny|100/100
|switch|p1b: Kingii|Kingambit, L50, F, shiny|100/100
|switch|p2a: Incineroar|Incineroar, L50, F|100/100
|switch|p2b: Grimmsnarl|Grimmsnarl, L50, M|100/100
|-ability|p2a: Incineroar|Intimidate|boost
|-unboost|p1a: Elii|atk|1
|-unboost|p1b: Kingii|atk|1
|-ability|p1b: Kingii|Defiant|boost
|-boost|p1b: Kingii|atk|2
|turn|1
|
|t:|1756149502
|move|p1a: Elii|Protect|p1a: Elii
|-singleturn|p1a: Elii|Protect
|move|p1b: Kingii|Protect|p1b: Kingii
|-singleturn|p1b: Kingii|Protect
|move|p2a: Incineroar|Fake Out|p1b: Kingii
|-activate|p1b: Kingii|move: Protect
|move|p2b: Grimmsnarl|Reflect|p2b: Grimmsnarl
|-sidestart|p2: Skytrainer Trent|Reflect
|
|upkeep
|turn|2
|
|t:|1756149523
|move|p1a: Elii|Follow Me|p1a: Elii
|-singleturn|p1a: Elii|move: Follow Me
|move|p2b: Grimmsnarl|Thunder Wave|p1a: Elii
|-immune|p1a: Elii
|move|p2a: Incineroar|Knock Off|p1a: Elii
|-damage|p1a: Elii|70/100
|-enditem|p1a: Elii|Eviolite|[from] move: Knock Off|[of] p2a: Incineroar
|move|p1b: Kingii|Swords Dance|p1b: Kingii
|-boost|p1b: Kingii|atk|2
|
|upkeep
|turn|3
|
|t:|1756149547
|-terastallize|p1b: Kingii|Dark
|move|p1a: Elii|Follow Me|p1a: Elii
|-singleturn|p1a: Elii|move: Follow Me
|move|p2b: Grimmsnarl|Light Screen|p2b: Grimmsnarl
|-sidestart|p2: Skytrainer Trent|move: Light Screen
|move|p2a: Incineroar|Flare Blitz|p1a: Elii
|-damage|p1a: Elii|15/100
|-damage|p2a: Incineroar|82/100|[from] Recoil
|move|p1b: Kingii|Kowtow Cleave|p2a: Incineroar
|-resisted|p2a: Incineroar
|-damage|p2a: Incineroar|21/100
|
|upkeep
|turn|4
|
|t:|1756149587
|switch|p2a: Electrode|Electrode-Hisui, L50|100/100
|move|p2b: Grimmsnarl|Confide|p1a: Elii
|-unboost|p1a: Elii|spa|1
|move|p1a: Elii|Thunderbolt|p2a: Electrode
|-resisted|p2a: Electrode
|-damage|p2a: Electrode|96/100
|move|p1b: Kingii|Swords Dance|p1b: Kingii
|-boost|p1b: Kingii|atk|2
|
|-heal|p2a: Electrode|100/100|[from] item: Leftovers
|upkeep
|turn|5
|
|t:|1756149614
|move|p1a: Elii|Follow Me|p1a: Elii
|-singleturn|p1a: Elii|move: Follow Me
|move|p2b: Grimmsnarl|Confide|p1a: Elii
|-unboost|p1a: Elii|spa|1
|move|p2a: Electrode|Taunt|p1a: Elii
|-start|p1a: Elii|move: Taunt
|move|p1b: Kingii|Kowtow Cleave|p2a: Electrode
|-damage|p2a: Electrode|0 fnt
|faint|p2a: Electrode
|
|upkeep
|
|t:|1756149626
|switch|p2a: Incineroar|Incineroar, L50, F|21/100
|-ability|p2a: Incineroar|Intimidate|boost
|-unboost|p1a: Elii|atk|1
|-unboost|p1b: Kingii|atk|1
|-ability|p1b: Kingii|Defiant|boost
|-boost|p1b: Kingii|atk|2
|turn|6
|
|t:|1756149644
|move|p1b: Kingii|Protect|p1b: Kingii
|-singleturn|p1b: Kingii|Protect
|move|p2a: Incineroar|Fake Out|p1b: Kingii
|-activate|p1b: Kingii|move: Protect
|move|p2b: Grimmsnarl|Thunder Wave|p1b: Kingii
|-activate|p1b: Kingii|move: Protect
|move|p1a: Elii|Thunderbolt|p2a: Incineroar
|-damage|p2a: Incineroar|12/100
|
|upkeep
|turn|7
|
|t:|1756149663
|switch|p2b: Dragapult|Dragapult, L50, F|100/100
|move|p1b: Kingii|Sucker Punch|p2a: Incineroar
|-resisted|p2a: Incineroar
|-damage|p2a: Incineroar|0 fnt
|faint|p2a: Incineroar
|move|p1a: Elii|Thunderbolt|p2b: Dragapult
|-resisted|p2b: Dragapult
|-damage|p2b: Dragapult|96/100
|
|upkeep
|
|t:|1756149669
|switch|p2a: Grimmsnarl|Grimmsnarl, L50, M|100/100
|turn|8
|
|t:|1756149684
|move|p2b: Dragapult|Sucker Punch|p1b: Kingii
|-resisted|p1b: Kingii
|-damage|p1b: Kingii|91/100
|move|p2a: Grimmsnarl|Confide|p1a: Elii
|-unboost|p1a: Elii|spa|1
|move|p1a: Elii|Thunderbolt|p2b: Dragapult
|-resisted|p2b: Dragapult
|-damage|p2b: Dragapult|93/100
|move|p1b: Kingii|Kowtow Cleave|p2b: Dragapult
|-supereffective|p2b: Dragapult
|-damage|p2b: Dragapult|0 fnt
|faint|p2b: Dragapult
|
|-end|p1a: Elii|move: Taunt
|-sideend|p2: Skytrainer Trent|Reflect
|upkeep
|turn|9
|
|t:|1756149702
|move|p1a: Elii|Helping Hand|p1b: Kingii
|-singleturn|p1b: Kingii|Helping Hand|[of] p1a: Elii
|move|p2a: Grimmsnarl|Reflect|p2a: Grimmsnarl
|-sidestart|p2: Skytrainer Trent|Reflect
|move|p1b: Kingii|Kowtow Cleave|p2a: Grimmsnarl
|-resisted|p2a: Grimmsnarl
|-damage|p2a: Grimmsnarl|22/100
|
|upkeep
|turn|10
|
|t:|1756149714
|move|p1a: Elii|Helping Hand|p1b: Kingii
|-singleturn|p1b: Kingii|Helping Hand|[of] p1a: Elii
|move|p2a: Grimmsnarl|Thunder Wave|p1b: Kingii
|-hint|Since gen 7, Dark is immune to Prankster moves.
|-immune|p1b: Kingii
|move|p1b: Kingii|Kowtow Cleave|p2a: Grimmsnarl
|-resisted|p2a: Grimmsnarl
|-damage|p2a: Grimmsnarl|0 fnt
|faint|p2a: Grimmsnarl
|
|win|moicito
||moicito is ready for game 2.
||Skytrainer Trent is ready for game 2.
|uhtml|next|Next: Game 2 of 3
|l|☆Skytrainer Trent
|player|p2|
