|j|☆nigelhenry
|j|☆Duckirvv
|html|nigelhenryDuckirvv    
|uhtml|bestof|Game 2 of a best-of-3
|t:|1785815745
|gametype|doubles
|player|p1|nigelhenry|1|1117
|player|p2|Duckirvv|lucas-gen4pt|1077
|gen|9
|tier|[Gen 9 Champions] VGC 2026 Reg M-B (Bo3)
|rated|
|rule|Species Clause: Limit one of each Pokémon
|rule|Item Clause: Limit 1 of each item
|clearpoke
|poke|p1|Gengar, L50, F|
|poke|p1|Incineroar, L50, F|
|poke|p1|Primarina, L50, M|
|poke|p1|Sableye, L50, M|
|poke|p1|Dragapult, L50, F|
|poke|p1|Tinkaton, L50, F|
|poke|p2|Swampert, L50, M|
|poke|p2|Raichu, L50, F|
|poke|p2|Pelipper, L50, F|
|poke|p2|Archaludon, L50, M|
|poke|p2|Farigiraf, L50, F|
|poke|p2|Venusaur, L50, F|
|teampreview|4
|showteam|p1|Gengar||Gengarite|CursedBody|Protect,PerishSong,Disable,ShadowBall|Timid||F|||50|]Incineroar||LumBerry|Intimidate|Protect,PartingShot,FakeOut,ThroatChop|Sassy||F|||50|]Primarina||Leftovers|Torrent|Protect,PerishSong,FlipTurn,Moonblast|Sassy||M|||50|]Sableye||SitrusBerry|Prankster|Protect,Disable,Encore,FakeOut|Careful||M|||50|]Dragapult||KasibBerry|ClearBody|Protect,ShadowBall,PsychicFangs,LightScreen|Timid||F|||50|]Tinkaton||OccaBerry|MoldBreaker|Protect,FakeOut,Encore,BabyDollEyes|Impish||F|||50|
|showteam|p2|Swampert||Swampertite|Damp|WaveCrash,IcePunch,Earthquake,Protect|Jolly||M|||50|]Raichu||RaichuniteY|LightningRod|VoltSwitch,ZapCannon,FocusBlast,Protect|Timid||F|||50|]Pelipper||FocusSash|Drizzle|Hurricane,WeatherBall,Tailwind,Protect|Timid||F|||50|]Archaludon||Leftovers|Stamina|ElectroShot,FlashCannon,DragonPulse,Protect|Calm||M|||50|]Farigiraf||SitrusBerry|ArmorTail|TrickRoom,Psychic,HyperVoice,Protect|Modest||F|||50|]Venusaur||LifeOrb|Chlorophyll|EarthPower,GigaDrain,SludgeBomb,SleepPowder|Modest||F|||50|
|
|t:|1785815768
|teamsize|p1|4
|teamsize|p2|4
|start
|switch|p1a: Gengar|Gengar, L50, F|100/100
|switch|p1b: Primarina|Primarina, L50, M|100/100
|switch|p2a: Raichu|Raichu, L50, F|100/100
|switch|p2b: Pelipper|Pelipper, L50, F|100/100
|-weather|RainDance|[from] ability: Drizzle|[of] p2b: Pelipper
|turn|1
|
|t:|1785815803
|detailschange|p2a: Raichu|Raichu-Mega-Y, L50, F
|-mega|p2a: Raichu|Raichu|Raichunite Y
|detailschange|p1a: Gengar|Gengar-Mega, L50, F
|-mega|p1a: Gengar|Gengar|Gengarite
|move|p1a: Gengar|Protect|p1a: Gengar
|-singleturn|p1a: Gengar|Protect
|move|p1b: Primarina|Protect|p1b: Primarina
|-singleturn|p1b: Primarina|Protect
|move|p2a: Raichu|Zap Cannon|p1a: Gengar
|-activate|p1a: Gengar|move: Protect
|move|p2b: Pelipper|Weather Ball|p1b: Primarina
|-activate|p1b: Primarina|move: Protect
|
|-weather|RainDance|[upkeep]
|upkeep
|turn|2
|
|t:|1785815845
|move|p2a: Raichu|Zap Cannon|p1a: Gengar
|-damage|p1a: Gengar|34/100
|-status|p1a: Gengar|par
|move|p2b: Pelipper|Weather Ball|p1a: Gengar
|-damage|p1a: Gengar|0 fnt
|faint|p1a: Gengar
|move|p1b: Primarina|Flip Turn|p2a: Raichu
|-damage|p2a: Raichu|49/100
|
|t:|1785815860
|switch|p1b: Dragapult|Dragapult, L50, F|100/100|[from] Flip Turn
|
|-weather|RainDance|[upkeep]
|upkeep
|
|t:|1785815869
|switch|p1a: Incineroar|Incineroar, L50, F|100/100
|-ability|p1a: Incineroar|Intimidate|boost
|-unboost|p2a: Raichu|atk|1
|-unboost|p2b: Pelipper|atk|1
|turn|3
|
|t:|1785815887
|move|p2a: Raichu|Protect|p2a: Raichu
|-singleturn|p2a: Raichu|Protect
|move|p2b: Pelipper|Protect|p2b: Pelipper
|-singleturn|p2b: Pelipper|Protect
|move|p1b: Dragapult|Light Screen|p1b: Dragapult
|-sidestart|p1: nigelhenry|move: Light Screen
|move|p1a: Incineroar|Throat Chop|p2a: Raichu
|-activate|p2a: Raichu|move: Protect
|
|-weather|RainDance|[upkeep]
|upkeep
|turn|4
|c|☆Duckirvv|67
|c|☆Duckirvv|67676767676766776
|
|t:|1785815925
|switch|p1a: Primarina|Primarina, L50, M|100/100
|move|p1b: Dragapult|Shadow Ball|p2b: Pelipper
|-damage|p2b: Pelipper|38/100
|move|p2a: Raichu|Zap Cannon|p1b: Dragapult
|-resisted|p1b: Dragapult|1
|-damage|p1b: Dragapult|69/100
|-status|p1b: Dragapult|par
|move|p2b: Pelipper|Hurricane|p1b: Dragapult
|-damage|p1b: Dragapult|27/100 par
|
|-weather|RainDance|[upkeep]
|upkeep
|turn|5
|c|☆Duckirvv|6777777777777
|
|t:|1785815959
|move|p2a: Raichu|Zap Cannon|p1a: Primarina
|-supereffective|p1a: Primarina|1
|-damage|p1a: Primarina|33/100
|-status|p1a: Primarina|par
|move|p2b: Pelipper|Hurricane|p1b: Dragapult
|-damage|p1b: Dragapult|0 fnt
|faint|p1b: Dragapult
|move|p1a: Primarina|Moonblast|p2b: Pelipper
|-damage|p2b: Pelipper|0 fnt
|faint|p2b: Pelipper
|
|-weather|none
|-heal|p1a: Primarina|39/100 par|[from] item: Leftovers
|upkeep
|
|t:|1785815979
|switch|p1b: Incineroar|Incineroar, L50, F|100/100
|switch|p2b: Archaludon|Archaludon, L50, M|100/100
|-ability|p1b: Incineroar|Intimidate|boost
|-unboost|p2a: Raichu|atk|1
|-unboost|p2b: Archaludon|atk|1
|turn|6
|
|t:|1785815999
|move|p1b: Incineroar|Protect|p1b: Incineroar
|-singleturn|p1b: Incineroar|Protect
|move|p1a: Primarina|Protect|p1a: Primarina
|-singleturn|p1a: Primarina|Protect
|move|p2a: Raichu|Focus Blast|p1b: Incineroar
|-activate|p1b: Incineroar|move: Protect
|move|p2b: Archaludon|Flash Cannon|p1a: Primarina
|-activate|p1a: Primarina|move: Protect
|
|-heal|p1a: Primarina|45/100 par|[from] item: Leftovers
|upkeep
|turn|7
|
|t:|1785816022
|move|p2a: Raichu|Protect|p2a: Raichu
|-singleturn|p2a: Raichu|Protect
|move|p2b: Archaludon|Protect|p2b: Archaludon
|-singleturn|p2b: Archaludon|Protect
|move|p1b: Incineroar|Throat Chop|p2a: Raichu
|-activate|p2a: Raichu|move: Protect
|move|p1a: Primarina|Moonblast|p2a: Raichu
|-activate|p2a: Raichu|move: Protect
|
|-heal|p1a: Primarina|51/100 par|[from] item: Leftovers
|-sideend|p1: nigelhenry|move: Light Screen
|upkeep
|turn|8
|
|t:|1785816043
|cant|p1a: Primarina|par
|move|p2a: Raichu|Focus Blast|p1b: Incineroar
|-supereffective|p1b: Incineroar|1
|-damage|p1b: Incineroar|35/100
|move|p2b: Archaludon|Flash Cannon|p1a: Primarina
|-damage|p1a: Primarina|23/100 par
|move|p1b: Incineroar|Throat Chop|p2a: Raichu
|-damage|p2a: Raichu|0 fnt
|faint|p2a: Raichu
|
|-heal|p1a: Primarina|29/100 par|[from] item: Leftovers
|upkeep
|
|t:|1785816057
|switch|p2a: Farigiraf|Farigiraf, L50, F|100/100
|turn|9
|
|t:|1785816067
|cant|p1a: Primarina|par
|move|p2b: Archaludon|Flash Cannon|p1a: Primarina
|-damage|p1a: Primarina|2/100 par
|move|p2a: Farigiraf|Hyper Voice|p1a: Primarina|[spread] p1a,p1b
|-damage|p1a: Primarina|0 fnt
|-damage|p1b: Incineroar|14/100
|faint|p1a: Primarina
|move|p1b: Incineroar|Throat Chop|p2a: Farigiraf
|-supereffective|p2a: Farigiraf|1
|-damage|p2a: Farigiraf|31/100
|-start|p2a: Farigiraf|Throat Chop|[silent]
|-enditem|p2a: Farigiraf|Sitrus Berry|[eat]
|-heal|p2a: Farigiraf|55/100|[from] item: Sitrus Berry
|
|upkeep
|turn|10
|
|t:|1785816085
|move|p2a: Farigiraf|Protect|p2a: Farigiraf
|-singleturn|p2a: Farigiraf|Protect
|move|p2b: Archaludon|Dragon Pulse|p1b: Incineroar
|-damage|p1b: Incineroar|0 fnt
|faint|p1b: Incineroar
|
|win|Duckirvv
|raw|nigelhenry's rating: 1117 → 1089(-28 for losing)
|raw|Duckirvv's rating: 1077 → 1109(+32 for winning)
|c|☆Duckirvv|67677767676767676767676767676767
