|j|☆merrypasta
|j|☆skippr
|html|merrypastaskippr    
|uhtml|bestof|Game 3 of a best-of-3
|t:|1756791476
|gametype|doubles
|player|p1|merrypasta|miku-ghost|
|player|p2|skippr|pokemaniac|
|gen|9
|tier|[Gen 9] VGC 2025 Reg H (Bo3)
|rule|Species Clause: Limit one of each Pokémon
|rule|Item Clause: Limit 1 of each item
|clearpoke
|poke|p1|Gardevoir, L50, F|
|poke|p1|Farigiraf, L50, F|
|poke|p1|Politoed, L50, M|
|poke|p1|Hariyama, L50, M|
|poke|p1|Dragalge, L50, F|
|poke|p1|Electivire, L50, M|
|poke|p2|Metagross, L50|
|poke|p2|Baxcalibur, L50, F|
|poke|p2|Grimmsnarl, L50, M|
|poke|p2|Hitmontop, L50, M|
|poke|p2|Ceruledge, L50, F|
|poke|p2|Empoleon, L50, M|
|teampreview|4
|showteam|p1|Gardevoir||ChoiceScarf|Trace|DazzlingGleam,Psychic,Moonblast,Thunderbolt|||F|||50|,,,,,Fairy]Farigiraf||Leftovers|ArmorTail|Psychic,HelpingHand,Protect,TrickRoom|||F|||50|,,,,,Fairy]Politoed||EjectPack|Drizzle|WeatherBall,HelpingHand,Protect,PerishSong|||M|||50|,,,,,Grass]Hariyama||FlameOrb|Guts|DrainPunch,KnockOff,Protect,FakeOut|||M|||50|,,,,,Dark]Dragalge||LifeOrb|Adaptability|SludgeBomb,DragonPulse,Protect,Scald|||F|||50|,,,,,Water]Electivire||SitrusBerry|VitalSpirit|ThunderPunch,FollowMe,Protect,EerieImpulse|||M|||50|,,,,,Fire
|showteam|p2|Metagross||AssaultVest|ClearBody|HeavySlam,PsychicFangs,StompingTantrum,BulletPunch||||||50|,,,,,Grass]Baxcalibur||LoadedDice|ThermalExchange|IcicleSpear,ScaleShot,SwordsDance,Protect|||F|||50|,,,,,Poison]Grimmsnarl||LightClay|Prankster|Reflect,LightScreen,Taunt,SpiritBreak|||M|||50|,,,,,Ghost]Hitmontop||EjectButton|Intimidate|FakeOut,Coaching,CloseCombat,WideGuard|||M|||50|,,,,,Steel]Ceruledge||SafetyGoggles|FlashFire|BitterBlade,ShadowSneak,BulkUp,Protect|||F|||50|,,,,,Bug]Empoleon||SitrusBerry|Competitive|WaterPledge,FlashCannon,IcyWind,Protect|||M|||50|,,,,,Grass
|
|t:|1756791491
|teamsize|p1|4
|teamsize|p2|4
|start
|switch|p1a: Politoed|Politoed, L50, M|100/100
|switch|p1b: Farigiraf|Farigiraf, L50, F|100/100
|switch|p2a: Grimmsnarl|Grimmsnarl, L50, M|100/100
|switch|p2b: Ceruledge|Ceruledge, L50, F|100/100
|-weather|RainDance|[from] ability: Drizzle|[of] p1a: Politoed
|turn|1
|
|t:|1756791501
|-terastallize|p2b: Ceruledge|Bug
|move|p2a: Grimmsnarl|Light Screen|p2a: Grimmsnarl
|-sidestart|p2: skippr|move: Light Screen
|move|p2b: Ceruledge|Bulk Up|p2b: Ceruledge
|-boost|p2b: Ceruledge|atk|1
|-boost|p2b: Ceruledge|def|1
|move|p1a: Politoed|Weather Ball|p2b: Ceruledge
|-damage|p2b: Ceruledge|69/100
|move|p1b: Farigiraf|Trick Room|p1b: Farigiraf
|-fieldstart|move: Trick Room|[of] p1b: Farigiraf
|
|-weather|RainDance|[upkeep]
|upkeep
|turn|2
|
|t:|1756791517
|switch|p1b: Hariyama|Hariyama, L50, M|100/100
|move|p2a: Grimmsnarl|Spirit Break|p1a: Politoed
|-damage|p1a: Politoed|75/100
|-unboost|p1a: Politoed|spa|1
|-enditem|p1a: Politoed|Eject Pack
|
|t:|1756791526
|switch|p1a: Dragalge|Dragalge, L50, F|100/100
|move|p2b: Ceruledge|Bitter Blade|p1b: Hariyama
|-damage|p1b: Hariyama|53/100
|-heal|p2b: Ceruledge|98/100|[from] drain|[of] p1b: Hariyama
|
|-weather|RainDance|[upkeep]
|-status|p1b: Hariyama|brn|[from] item: Flame Orb
|upkeep
|turn|3
|
|t:|1756791553
|-terastallize|p1a: Dragalge|Water
|move|p2b: Ceruledge|Protect|p2b: Ceruledge
|-singleturn|p2b: Ceruledge|Protect
|move|p1b: Hariyama|Fake Out|p2b: Ceruledge
|-activate|p2b: Ceruledge|move: Protect
|move|p2a: Grimmsnarl|Reflect|p2a: Grimmsnarl
|-sidestart|p2: skippr|Reflect
|move|p1a: Dragalge|Scald|p2a: Grimmsnarl
|-damage|p2a: Grimmsnarl|32/100
|-damage|p1a: Dragalge|91/100|[from] item: Life Orb
|
|-weather|RainDance|[upkeep]
|-damage|p1b: Hariyama|47/100 brn|[from] brn
|upkeep
|turn|4
|
|t:|1756791580
|move|p1a: Dragalge|Scald|p2b: Ceruledge
|-damage|p2b: Ceruledge|31/100
|-damage|p1a: Dragalge|81/100|[from] item: Life Orb
|move|p1b: Hariyama|Drain Punch|p2a: Grimmsnarl
|-damage|p2a: Grimmsnarl|0 fnt
|-heal|p1b: Hariyama|61/100 brn|[from] drain|[of] p2a: Grimmsnarl
|faint|p2a: Grimmsnarl
|move|p2b: Ceruledge|Bitter Blade|p1a: Dragalge
|-resisted|p1a: Dragalge
|-damage|p1a: Dragalge|60/100
|-heal|p2b: Ceruledge|41/100|[from] drain|[of] p1a: Dragalge
|
|-weather|RainDance|[upkeep]
|-damage|p1b: Hariyama|55/100 brn|[from] brn
|upkeep
|
|t:|1756791598
|switch|p2a: Baxcalibur|Baxcalibur, L50, F|100/100
|turn|5
|
|t:|1756791610
|switch|p1b: Farigiraf|Farigiraf, L50, F|100/100
|move|p2b: Ceruledge|Protect|p2b: Ceruledge
|-singleturn|p2b: Ceruledge|Protect
|move|p2a: Baxcalibur|Protect|p2a: Baxcalibur
|-singleturn|p2a: Baxcalibur|Protect
|move|p1a: Dragalge|Scald|p2b: Ceruledge
|-activate|p2b: Ceruledge|move: Protect
|
|-weather|none
|-fieldend|move: Trick Room
|upkeep
|turn|6
|c|☆skippr|See from scald in rain dmg
|c|☆merrypasta|mhm
|
|t:|1756791631
|switch|p1a: Politoed|Politoed, L50, M|75/100
|-weather|RainDance|[from] ability: Drizzle|[of] p1a: Politoed
|move|p2a: Baxcalibur|Scale Shot|p1a: Politoed
|-damage|p1a: Politoed|61/100
|-damage|p1a: Politoed|47/100
|-damage|p1a: Politoed|35/100
|-damage|p1a: Politoed|21/100
|-damage|p1a: Politoed|7/100
|-hitcount|p1a: Politoed|5
|-unboost|p2a: Baxcalibur|def|1
|-boost|p2a: Baxcalibur|spe|1
|move|p2b: Ceruledge|Bitter Blade|p1b: Farigiraf
|-damage|p1b: Farigiraf|70/100
|-heal|p2b: Ceruledge|61/100|[from] drain|[of] p1b: Farigiraf
|move|p1b: Farigiraf|Trick Room|p1b: Farigiraf
|-fieldstart|move: Trick Room|[of] p1b: Farigiraf
|
|-weather|RainDance|[upkeep]
|-heal|p1b: Farigiraf|76/100|[from] item: Leftovers
|upkeep
|turn|7
|
|t:|1756791661
|move|p1b: Farigiraf|Psychic|p2b: Ceruledge
|-damage|p2b: Ceruledge|38/100
|move|p1a: Politoed|Perish Song|p1a: Politoed
|-start|p1a: Politoed|perish3|[silent]
|-start|p1b: Farigiraf|perish3|[silent]
|-start|p2a: Baxcalibur|perish3|[silent]
|-start|p2b: Ceruledge|perish3|[silent]
|-fieldactivate|move: Perish Song
|move|p2b: Ceruledge|Bitter Blade|p1b: Farigiraf
|-damage|p1b: Farigiraf|47/100
|-heal|p2b: Ceruledge|56/100|[from] drain|[of] p1b: Farigiraf
|move|p2a: Baxcalibur|Icicle Spear|p1a: Politoed
|-resisted|p1a: Politoed
|-damage|p1a: Politoed|1/100
|-resisted|p1a: Politoed
|-damage|p1a: Politoed|0 fnt
|faint|p1a: Politoed
|-hitcount|p1: Politoed|2
|
|-weather|RainDance|[upkeep]
|-heal|p1b: Farigiraf|53/100|[from] item: Leftovers
|-start|p1b: Farigiraf|perish3
|-start|p2b: Ceruledge|perish3
|-start|p2a: Baxcalibur|perish3
|upkeep
|
|t:|1756791676
|switch|p1a: Dragalge|Dragalge, L50, F, tera:Water|60/100
|turn|8
|
|t:|1756791688
|switch|p1b: Hariyama|Hariyama, L50, M|55/100 brn
|move|p1a: Dragalge|Dragon Pulse|p2a: Baxcalibur
|-supereffective|p2a: Baxcalibur
|-damage|p2a: Baxcalibur|37/100
|-damage|p1a: Dragalge|50/100|[from] item: Life Orb
|move|p2b: Ceruledge|Bitter Blade|p1b: Hariyama
|-damage|p1b: Hariyama|6/100 brn
|-heal|p2b: Ceruledge|86/100|[from] drain|[of] p1b: Hariyama
|move|p2a: Baxcalibur|Scale Shot|p1a: Dragalge
|-damage|p1a: Dragalge|31/100
|-damage|p1a: Dragalge|13/100
|-damage|p1a: Dragalge|0 fnt
|faint|p1a: Dragalge
|-hitcount|p1: Dragalge|3
|-unboost|p2a: Baxcalibur|def|1
|-boost|p2a: Baxcalibur|spe|1
|
|-weather|RainDance|[upkeep]
|-damage|p1b: Hariyama|0 fnt|[from] brn
|faint|p1b: Hariyama
|-start|p2b: Ceruledge|perish2
|-start|p2a: Baxcalibur|perish2
|-sideend|p2: skippr|move: Light Screen
|upkeep
|c|☆merrypasta|i keep forgetting the adaptaility boost is turned foff
|c|☆merrypasta|this team sucks i need kingdra instead of electivire
|-message|merrypasta forfeited.
|
|win|skippr
|l|☆merrypasta
|player|p1|
|c|☆skippr|Evire seems out of place ye
