|j|☆TreTrainer5252
|j|☆donald_the_frog
|html|TreTrainer5252donald_the_frog    
|uhtml|bestof|Game 2 of a best-of-3
|t:|1756833221
|gametype|doubles
|player|p1|TreTrainer5252|linebacker|1044
|player|p2|donald_the_frog|brycenman|1000
|gen|9
|tier|[Gen 9] VGC 2025 Reg H (Bo3)
|rated|
|rule|Species Clause: Limit one of each Pokémon
|rule|Item Clause: Limit 1 of each item
|clearpoke
|poke|p1|Maushold-Four, L50|
|poke|p1|Primarina, L50, M|
|poke|p1|Archaludon, L50, F|
|poke|p1|Annihilape, L50, M|
|poke|p1|Amoonguss, L50, M|
|poke|p1|Incineroar, L50, M|
|poke|p2|Pelipper, L50, M|
|poke|p2|Archaludon, L50, M|
|poke|p2|Annihilape, L50, M|
|poke|p2|Maushold, L50|
|poke|p2|Rillaboom, L50, F|
|poke|p2|Floatzel, L50, M|
|teampreview|4
|showteam|p1|Maushold-Four||FocusSash|FriendGuard|BeatUp,Protect,FollowMe,PopulationBomb||||||50|,,,,,Ghost]Primarina||ThroatSpray|LiquidVoice|Haze,Protect,Moonblast,HyperVoice|||M|||50|,,,,,Grass]Archaludon||PowerHerb|Stamina|Snarl,BodyPress,ElectroShot,FlashCannon|||F|||50|,,,,,Fairy]Annihilape||Leftovers|Defiant|Protect,RageFist,DrainPunch,FinalGambit|||M|||50|,,,,,Fire]Amoonguss||SitrusBerry|Regenerator|Spore,Protect,PollenPuff,RagePowder|||M|||50|,,,,,Water]Incineroar||AssaultVest|Intimidate|Uturn,KnockOff,FlareBlitz,FakeOut|||M|||50|,,,,,Grass
|showteam|p2|Pelipper||FocusSash|Drizzle|WeatherBall,Hurricane,WideGuard,Tailwind|||M|||50|,,,,,Ghost]Archaludon||AssaultVest|Stamina|ElectroShot,DracoMeteor,FlashCannon,BodyPress|||M|||50|,,,,,Grass]Annihilape||SafetyGoggles|Defiant|RageFist,DrainPunch,BulkUp,Protect|||M|||50|,,,,,Fire]Maushold||SitrusBerry|FriendGuard|BeatUp,FollowMe,Taunt,Protect||||||50|,,,,,Ghost]Rillaboom||MiracleSeed|GrassySurge|FakeOut,GrassyGlide,WoodHammer,Uturn|||F|||50|,,,,,Fire]Floatzel||ChoiceBand|SwiftSwim|WaveCrash,Liquidation,AquaJet,IcePunch|||M|||50|,,,,,Ground
|
|t:|1756833247
|teamsize|p1|4
|teamsize|p2|4
|start
|switch|p1a: Seeyuh|Primarina, L50, M, shiny|100/100
|switch|p1b: Massacre|Incineroar, L50, M, shiny|100/100
|switch|p2a: Archaludon|Archaludon, L50, M, shiny|100/100
|switch|p2b: Maushold|Maushold, L50|100/100
|-ability|p1b: Massacre|Intimidate|boost
|-unboost|p2a: Archaludon|atk|1
|-unboost|p2b: Maushold|atk|1
|turn|1
|
|t:|1756833269
|-terastallize|p1a: Seeyuh|Grass
|move|p1b: Massacre|Fake Out|p2b: Maushold
|-damage|p2b: Maushold|89/100
|cant|p2b: Maushold|flinch
|move|p2a: Archaludon|Body Press|p1b: Massacre
|-supereffective|p1b: Massacre
|-damage|p1b: Massacre|60/100
|move|p1a: Seeyuh|Hyper Voice|p2b: Maushold|[spread] p2a,p2b
|-resisted|p2a: Archaludon
|-damage|p2a: Archaludon|92/100
|-damage|p2b: Maushold|50/100
|-ability|p2a: Archaludon|Stamina|boost
|-boost|p2a: Archaludon|def|1
|-enditem|p2b: Maushold|Sitrus Berry|[eat]
|-heal|p2b: Maushold|75/100|[from] item: Sitrus Berry
|-enditem|p1a: Seeyuh|Throat Spray
|-boost|p1a: Seeyuh|spa|1|[from] item: Throat Spray
|
|upkeep
|turn|2
|
|t:|1756833293
|move|p2b: Maushold|Beat Up|p2a: Archaludon
|-damage|p2a: Archaludon|91/100
|-ability|p2a: Archaludon|Stamina|boost
|-boost|p2a: Archaludon|def|1
|-damage|p2a: Archaludon|90/100
|-ability|p2a: Archaludon|Stamina|boost
|-boost|p2a: Archaludon|def|1
|-damage|p2a: Archaludon|90/100
|-ability|p2a: Archaludon|Stamina|boost
|-boost|p2a: Archaludon|def|1
|-damage|p2a: Archaludon|89/100
|-ability|p2a: Archaludon|Stamina|boost
|-boost|p2a: Archaludon|def|1
|-hitcount|p2a: Archaludon|4
|move|p2a: Archaludon|Body Press|p1b: Massacre
|-supereffective|p1b: Massacre
|-damage|p1b: Massacre|0 fnt
|faint|p1b: Massacre
|move|p1a: Seeyuh|Hyper Voice|p2a: Archaludon|[spread] p2a,p2b
|-resisted|p2a: Archaludon
|-damage|p2a: Archaludon|76/100
|-damage|p2b: Maushold|18/100
|-ability|p2a: Archaludon|Stamina|boost
|-boost|p2a: Archaludon|def|1
|
|upkeep
|
|t:|1756833308
|switch|p1b: Reunion|Maushold-Four, L50|100/100
|turn|3
|
|t:|1756833320
|move|p1b: Reunion|Protect|p1b: Reunion
|-singleturn|p1b: Reunion|Protect
|move|p2b: Maushold|Follow Me|p2b: Maushold
|-singleturn|p2b: Maushold|move: Follow Me
|move|p2a: Archaludon|Body Press|p1b: Reunion
|-activate|p1b: Reunion|move: Protect
|move|p1a: Seeyuh|Hyper Voice|p2a: Archaludon|[spread] p2a,p2b
|-resisted|p2a: Archaludon
|-crit|p2a: Archaludon
|-damage|p2a: Archaludon|54/100
|-damage|p2b: Maushold|0 fnt
|faint|p2b: Maushold
|
|upkeep
|
|t:|1756833336
|switch|p2b: Pelipper|Pelipper, L50, M|100/100
|-weather|RainDance|[from] ability: Drizzle|[of] p2b: Pelipper
|turn|4
|
|t:|1756833346
|switch|p1b: Pazoo|Annihilape, L50, M, shiny|100/100
|move|p2b: Pelipper|Wide Guard|p2b: Pelipper
|-singleturn|p2b: Pelipper|Wide Guard
|move|p2a: Archaludon|Body Press|p1b: Pazoo
|-immune|p1b: Pazoo
|move|p1a: Seeyuh|Hyper Voice|p2b: Pelipper|[spread] 
|-activate|p2a: Archaludon|move: Wide Guard
|-activate|p2b: Pelipper|move: Wide Guard
|
|-weather|RainDance|[upkeep]
|upkeep
|turn|5
|
|t:|1756833370
|move|p2a: Archaludon|Electro Shot||[still]
|-prepare|p2a: Archaludon|Electro Shot
|-boost|p2a: Archaludon|spa|1
|-anim|p2a: Archaludon|Electro Shot|p1b: Pazoo
|-damage|p1b: Pazoo|58/100
|move|p2b: Pelipper|Tailwind|p2b: Pelipper
|-sidestart|p2: donald_the_frog|move: Tailwind
|move|p1b: Pazoo|Rage Fist|p2a: Archaludon
|-damage|p2a: Archaludon|45/100
|move|p1a: Seeyuh|Moonblast|p2a: Archaludon
|-damage|p2a: Archaludon|0 fnt
|faint|p2a: Archaludon
|
|-weather|RainDance|[upkeep]
|-heal|p1b: Pazoo|64/100|[from] item: Leftovers
|upkeep
|
|t:|1756833385
|switch|p2a: Annihilape|Annihilape, L50, M|100/100
|turn|6
|
|t:|1756833399
|switch|p1b: Reunion|Maushold-Four, L50|100/100
|move|p2a: Annihilape|Bulk Up|p2a: Annihilape
|-boost|p2a: Annihilape|atk|1
|-boost|p2a: Annihilape|def|1
|move|p2b: Pelipper|Hurricane|p1a: Seeyuh
|-supereffective|p1a: Seeyuh
|-damage|p1a: Seeyuh|33/100
|move|p1a: Seeyuh|Moonblast|p2a: Annihilape
|-supereffective|p2a: Annihilape
|-damage|p2a: Annihilape|3/100
|
|-weather|RainDance|[upkeep]
|upkeep
|turn|7
|
|t:|1756833422
|move|p1a: Seeyuh|Protect|p1a: Seeyuh
|-singleturn|p1a: Seeyuh|Protect
|move|p2a: Annihilape|Rage Fist|p1a: Seeyuh
|-activate|p1a: Seeyuh|move: Protect
|move|p2b: Pelipper|Hurricane|p1b: Reunion
|-damage|p1b: Reunion|47/100
|move|p1b: Reunion|Beat Up|p2a: Annihilape
|-damage|p2a: Annihilape|1/100
|-crit|p2a: Annihilape
|-damage|p2a: Annihilape|0 fnt
|faint|p2a: Annihilape
|-hitcount|p2: Annihilape|2
|
|-weather|RainDance|[upkeep]
|upkeep
|turn|8
|
|t:|1756833441
|move|p2b: Pelipper|Hurricane|p1a: Seeyuh
|-supereffective|p1a: Seeyuh
|-damage|p1a: Seeyuh|0 fnt
|faint|p1a: Seeyuh
|move|p1b: Reunion|Population Bomb|p2b: Pelipper
|-damage|p2b: Pelipper|92/100
|-damage|p2b: Pelipper|85/100
|-damage|p2b: Pelipper|78/100
|-damage|p2b: Pelipper|70/100
|-damage|p2b: Pelipper|63/100
|-damage|p2b: Pelipper|55/100
|-hitcount|p2b: Pelipper|6
|
|-weather|none
|-sideend|p2: donald_the_frog|move: Tailwind
|upkeep
|
|t:|1756833447
|switch|p1a: Pazoo|Annihilape, L50, M, shiny|64/100
|turn|9
|
|t:|1756833461
|move|p1b: Reunion|Population Bomb|p2b: Pelipper
|-damage|p2b: Pelipper|48/100
|-damage|p2b: Pelipper|41/100
|-damage|p2b: Pelipper|34/100
|-crit|p2b: Pelipper
|-damage|p2b: Pelipper|23/100
|-damage|p2b: Pelipper|15/100
|-damage|p2b: Pelipper|9/100
|-damage|p2b: Pelipper|2/100
|-damage|p2b: Pelipper|0 fnt
|faint|p2b: Pelipper
|-hitcount|p2: Pelipper|8
|
|win|TreTrainer5252
|l|☆donald_the_frog
|player|p2|
|inactive|TreTrainer5252 has 30 seconds to confirm battle start!
|inactive|donald_the_frog has 30 seconds to confirm battle start!
|raw|TreTrainer5252's rating: 1044 → 1073(+29 for winning)
|raw|donald_the_frog's rating: 1000 → 1000(+0 for losing)
