|j|☆Slim Shady LPVGC
|j|☆nocturnallynoct
|html|Slim Shady LPVGCnocturnallynoct    
|uhtml|bestof|Game 2 of a best-of-3
|t:|1756674690
|gametype|doubles
|player|p1|Slim Shady LPVGC|cynthia|1150
|player|p2|nocturnallynoct|266|1094
|gen|9
|tier|[Gen 9] VGC 2025 Reg H (Bo3)
|rated|
|rule|Species Clause: Limit one of each Pokémon
|rule|Item Clause: Limit 1 of each item
|clearpoke
|poke|p1|Whimsicott, L50, M|
|poke|p1|Dragapult, L50, M|
|poke|p1|Gholdengo, L50|
|poke|p1|Sneasler, L50, M|
|poke|p1|Hydreigon, L50, F|
|poke|p1|Amoonguss, L50, F|
|poke|p2|Sneasler, L50, M|
|poke|p2|Indeedee, L50, M|
|poke|p2|Tyranitar, L50, M|
|poke|p2|Ursaluna-Bloodmoon, L50, M|
|poke|p2|Electabuzz, L50, M|
|poke|p2|Talonflame, L50, M|
|teampreview|4
|showteam|p1|Whimsicott||CovertCloak|Prankster|Moonblast,Tailwind,Encore,FakeTears|||M|||50|,,,,,Dark]Dragapult||ChoiceBand|ClearBody|DragonDarts,PhantomForce,SuckerPunch,Uturn|||M|||50|,,,,,Dragon]Gholdengo||MetalCoat|GoodasGold|Protect,MakeItRain,ShadowBall,NastyPlot||||||50|,,,,,Steel]Sneasler||WhiteHerb|Unburden|Protect,DireClaw,CloseCombat,FakeOut|||M|||50|,,,,,Stellar]Hydreigon||LifeOrb|Levitate|Protect,DracoMeteor,DarkPulse,EarthPower|||F|||50|,,,,,Ghost]Amoonguss||MentalHerb|Regenerator|Protect,RagePowder,PollenPuff,Spore|||F|||50|,,,,,Water
|showteam|p2|Sneasler||PsychicSeed|Unburden|DireClaw,CloseCombat,ThroatChop,Protect|||M|||50|,,,,,Dark]Indeedee||FocusSash|PsychicSurge|ExpandingForce,TeraBlast,Protect,TrickRoom|||M|||50|,,,,,Fighting]Tyranitar||AssaultVest|SandStream|RockSlide,KnockOff,LowKick,TeraBlast|||M|||50|,,,,,Flying]Ursaluna-Bloodmoon||LifeOrb|MindsEye|BloodMoon,HyperVoice,EarthPower,Protect|||M|||50|,,,,,Normal]Electabuzz||Eviolite|VitalSpirit|Electroweb,FollowMe,Taunt,Protect|||M|||50|,,,,,Dragon]Talonflame||CovertCloak|GaleWings|DualWingbeat,FlareBlitz,Tailwind,WillOWisp|||M|||50|,,,,,Fairy
|inactive|Battle timer is ON: inactive players will automatically lose when time's up. (requested by Slim Shady LPVGC)
|inactive|nocturnallynoct also wants the timer to be on.
|inactive|nocturnallynoct has 60 seconds left.
|
|t:|1756674748
|teamsize|p1|4
|teamsize|p2|4
|start
|switch|p1a: Whimsicott|Whimsicott, L50, M|100/100
|switch|p1b: Dragapult|Dragapult, L50, M|100/100
|switch|p2a: Talonflame|Talonflame, L50, M|100/100
|switch|p2b: Sneasler|Sneasler, L50, M|100/100
|turn|1
|inactive|Slim Shady LPVGC has 30 seconds left.
|inactive|nocturnallynoct has 30 seconds left.
|inactive|Slim Shady LPVGC has 20 seconds left.
|inactive|nocturnallynoct has 20 seconds left.
|
|t:|1756674788
|-terastallize|p2a: Talonflame|Fairy
|move|p1a: Whimsicott|Tailwind|p1a: Whimsicott
|-sidestart|p1: Slim Shady LPVGC|move: Tailwind
|move|p2a: Talonflame|Tailwind|p2a: Talonflame
|-sidestart|p2: nocturnallynoct|move: Tailwind
|move|p1b: Dragapult|Phantom Force||[still]
|-prepare|p1b: Dragapult|Phantom Force
|move|p2b: Sneasler|Dire Claw|p1a: Whimsicott
|-supereffective|p1a: Whimsicott
|-damage|p1a: Whimsicott|0 fnt
|faint|p1a: Whimsicott
|
|upkeep
|
|t:|1756674804
|switch|p1a: Sneasler|Sneasler, L50, M|100/100
|turn|2
|
|t:|1756674821
|switch|p2a: Ursaluna|Ursaluna-Bloodmoon, L50, M|100/100
|move|p2b: Sneasler|Protect|p2b: Sneasler
|-singleturn|p2b: Sneasler|Protect
|move|p1b: Dragapult|Phantom Force|p2b: Sneasler|[from] lockedmove
|-activate|p2b: Sneasler|move: Phantom Force|[broken]
|-damage|p2b: Sneasler|0 fnt
|faint|p2b: Sneasler
|move|p1a: Sneasler|Dire Claw|p2a: Ursaluna
|-resisted|p2a: Ursaluna
|-damage|p2a: Ursaluna|83/100
|-status|p2a: Ursaluna|par
|
|upkeep
|c|☆nocturnallynoct|it does that
|
|t:|1756674837
|switch|p2b: Talonflame|Talonflame, L50, M, tera:Fairy|100/100
|turn|3
|
|t:|1756674860
|move|p1a: Sneasler|Protect|p1a: Sneasler
|-singleturn|p1a: Sneasler|Protect
|move|p2a: Ursaluna|Protect|p2a: Ursaluna
|-singleturn|p2a: Ursaluna|Protect
|move|p2b: Talonflame|Dual Wingbeat|p1a: Sneasler
|-activate|p1a: Sneasler|move: Protect
|move|p1b: Dragapult|Phantom Force||[still]
|-prepare|p1b: Dragapult|Phantom Force
|
|upkeep
|turn|4
|inactive|nocturnallynoct has 30 seconds left.
|inactive|nocturnallynoct has 20 seconds left.
|inactive|nocturnallynoct has 15 seconds left.
|inactive|nocturnallynoct has 10 seconds left.
|
|t:|1756674906
|switch|p2b: Indeedee|Indeedee, L50, M|100/100
|-fieldstart|move: Psychic Terrain|[from] ability: Psychic Surge|[of] p2b: Indeedee
|cant|p2a: Ursaluna|par
|move|p1b: Dragapult|Phantom Force|p2b: Indeedee|[from] lockedmove
|-immune|p2b: Indeedee
|move|p1a: Sneasler|Close Combat|p2a: Ursaluna
|-supereffective|p2a: Ursaluna
|-damage|p2a: Ursaluna|0 fnt
|-unboost|p1a: Sneasler|def|1
|-unboost|p1a: Sneasler|spd|1
|faint|p2a: Ursaluna
|-enditem|p1a: Sneasler|White Herb
|-clearnegativeboost|p1a: Sneasler|[silent]
|
|-sideend|p2: nocturnallynoct|move: Tailwind
|-sideend|p1: Slim Shady LPVGC|move: Tailwind
|upkeep
|
|t:|1756674921
|switch|p2a: Talonflame|Talonflame, L50, M, tera:Fairy|100/100
|turn|5
|
|t:|1756674937
|switch|p1b: Gholdengo|Gholdengo, L50|100/100
|-terastallize|p1a: Sneasler|Stellar
|move|p2a: Talonflame|Tailwind|p2a: Talonflame
|-sidestart|p2: nocturnallynoct|move: Tailwind
|move|p1a: Sneasler|Dire Claw|p2a: Talonflame
|-supereffective|p2a: Talonflame
|-damage|p2a: Talonflame|0 fnt
|faint|p2a: Talonflame
|move|p2b: Indeedee|Expanding Force|p1b: Gholdengo|[spread] p1a,p1b
|-supereffective|p1a: Sneasler
|-resisted|p1b: Gholdengo
|-damage|p1a: Sneasler|0 fnt
|-damage|p1b: Gholdengo|70/100
|faint|p1a: Sneasler
|
|upkeep
|
|t:|1756674949
|switch|p1a: Dragapult|Dragapult, L50, M|100/100
|turn|6
|
|t:|1756674954
|move|p2b: Indeedee|Expanding Force|p1a: Dragapult|[spread] p1a,p1b
|-resisted|p1b: Gholdengo
|-damage|p1a: Dragapult|17/100
|-damage|p1b: Gholdengo|39/100
|move|p1a: Dragapult|U-turn|p2b: Indeedee
|-supereffective|p2b: Indeedee
|-enditem|p2b: Indeedee|Focus Sash
|-damage|p2b: Indeedee|1/100
|move|p1b: Gholdengo|Make It Rain|p2b: Indeedee
|-damage|p2b: Indeedee|0 fnt
|-unboost|p1b: Gholdengo|spa|1
|faint|p2b: Indeedee
|
|win|Slim Shady LPVGC
||nocturnallynoct is ready for game 3.
||Slim Shady LPVGC is ready for game 3.
|uhtml|next|Next: Game 3 of 3
|l|☆Slim Shady LPVGC
|player|p1|
