|j|☆asmrticuno
|j|☆J4MBLERVGC
|html|asmrticunoJ4MBLERVGC    
|uhtml|bestof|Game 2 of a best-of-3
|t:|1783448991
|gametype|doubles
|player|p1|asmrticuno|roughneck-gen4|
|player|p2|J4MBLERVGC|brycenman|
|gen|9
|tier|[Gen 9 Champions] VGC 2026 Reg M-B (Bo3)
|rule|Species Clause: Limit one of each Pokémon
|rule|Item Clause: Limit 1 of each item
|clearpoke
|poke|p1|Pyroar, L50, M|
|poke|p1|Sylveon, L50, F, shiny|
|poke|p1|Manectric, L50, M|
|poke|p1|Gyarados, L50, M, shiny|
|poke|p1|Zoroark-Hisui, L50, F, shiny|
|poke|p1|Whimsicott, L50, F|
|poke|p2|Grimmsnarl, L50, M|
|poke|p2|Pelipper, L50, F|
|poke|p2|Sinistcha, L50|
|poke|p2|Swampert, L50, M|
|poke|p2|Archaludon, L50, F|
|poke|p2|Metagross, L50|
|teampreview|4
|showteam|p1|Pyroar||Pyroarite|Unnerve|HeatWave,Round,WillOWisp,Protect|Timid||M|||50|]Sylveon||FairyFeather|Pixilate|HyperVoice,Round,WeatherBall,Detect|Modest||F|||50|]Manectric||Manectite|LightningRod|VoltSwitch,Snarl,Round,Protect|Timid||M|||50|]Gyarados||Leftovers|Intimidate|Waterfall,PowerWhip,DragonDance,Protect|Adamant||M|||50|]Zoroark-Hisui||ChoiceScarf|Illusion|HyperVoice,Round,BitterMalice,Flamethrower|Modest||F|||50|]Whimsicott||FocusSash|Prankster|Moonblast,Tailwind,SunnyDay,Protect|Timid||F|||50|
|showteam|p2|Grimmsnarl||LightClay|Prankster|FoulPlay,PartingShot,Reflect,LightScreen|Calm||M|||50|]Pelipper||SitrusBerry|Drizzle|Hurricane,WeatherBall,Tailwind,WideGuard|Timid||F|||50|]Sinistcha||CobaBerry|Hospitality|MatchaGotcha,RagePowder,LifeDew,Protect|Bold|||||50|]Swampert||Swampertite|Torrent|WaveCrash,Earthquake,IcePunch,Protect|Adamant||M|||50|]Archaludon||Leftovers|Stamina|ElectroShot,DragonPulse,FlashCannon,Protect|Modest||F|||50|]Metagross||Metagrossite|ClearBody|IronHead,PsychicFangs,BodyPress,Protect|Jolly|||||50|
|j| Squirly
|j| Supermoon Jamie
|j| Draxolotl
|l| Draxolotl
|l| Squirly
|j| Squirly
|
|t:|1783449052
|teamsize|p1|4
|teamsize|p2|4
|start
|switch|p1a: Gyarados|Gyarados, L50, M, shiny|100/100
|switch|p1b: Manectric|Manectric, L50, M|100/100
|switch|p2a: Sinistcha|Sinistcha, L50|100/100
|switch|p2b: Swampert|Swampert, L50, M|100/100
|-ability|p1a: Gyarados|Intimidate|boost
|-unboost|p2a: Sinistcha|atk|1
|-unboost|p2b: Swampert|atk|1
|turn|1
|
|t:|1783449081
|detailschange|p1b: Manectric|Manectric-Mega, L50, M
|-mega|p1b: Manectric|Manectric|Manectite
|-ability|p1b: Manectric|Intimidate|boost
|-unboost|p2a: Sinistcha|atk|1
|-unboost|p2b: Swampert|atk|1
|move|p2a: Sinistcha|Rage Powder|p2a: Sinistcha
|-singleturn|p2a: Sinistcha|move: Rage Powder
|move|p1b: Manectric|Snarl|p2a: Sinistcha|[spread] p2a,p2b
|-supereffective|p2a: Sinistcha|1
|-damage|p2a: Sinistcha|71/100
|-damage|p2b: Swampert|86/100
|-unboost|p2a: Sinistcha|spa|1
|-unboost|p2b: Swampert|spa|1
|move|p1a: Gyarados|Dragon Dance|p1a: Gyarados
|-boost|p1a: Gyarados|atk|1
|-boost|p1a: Gyarados|spe|1
|move|p2b: Swampert|Earthquake|p1a: Gyarados|[spread] p2a,p1b
|-immune|p1a: Gyarados
|-resisted|p2a: Sinistcha|1
|-supereffective|p1b: Manectric|1
|-damage|p2a: Sinistcha|64/100
|-damage|p1b: Manectric|47/100
|
|upkeep
|turn|2
|j| Draxolotl
|
|t:|1783449114
|switch|p2b: Archaludon|Archaludon, L50, F|100/100
|move|p1b: Manectric|Protect|p1b: Manectric
|-singleturn|p1b: Manectric|Protect
|move|p1a: Gyarados|Waterfall|p2a: Sinistcha
|-resisted|p2a: Sinistcha|1
|-damage|p2a: Sinistcha|41/100
|move|p2a: Sinistcha|Matcha Gotcha|p1b: Manectric|[spread] p1a
|-activate|p1b: Manectric|move: Protect
|-damage|p1a: Gyarados|84/100
|-heal|p2a: Sinistcha|49/100|[from] drain|[of] p1a: Gyarados
|-status|p1a: Gyarados|brn
|
|-heal|p1a: Gyarados|90/100 brn|[from] item: Leftovers
|-damage|p1a: Gyarados|84/100 brn|[from] brn
|upkeep
|turn|3
|
|t:|1783449143
|move|p2a: Sinistcha|Protect|p2a: Sinistcha
|-singleturn|p2a: Sinistcha|Protect
|move|p1b: Manectric|Snarl|p2a: Sinistcha|[spread] p2b
|-activate|p2a: Sinistcha|move: Protect
|-damage|p2b: Archaludon|88/100
|-unboost|p2b: Archaludon|spa|1
|-ability|p2b: Archaludon|Stamina|boost
|-boost|p2b: Archaludon|def|1
|move|p1a: Gyarados|Power Whip|p2a: Sinistcha
|-activate|p2a: Sinistcha|move: Protect
|move|p2b: Archaludon|Dragon Pulse|p1b: Manectric
|-damage|p1b: Manectric|15/100
|
|-heal|p1a: Gyarados|90/100 brn|[from] item: Leftovers
|-heal|p2b: Archaludon|94/100|[from] item: Leftovers
|-damage|p1a: Gyarados|84/100 brn|[from] brn
|upkeep
|turn|4
|
|t:|1783449179
|move|p1b: Manectric|Snarl|p2b: Archaludon|[spread] p2a,p2b
|-supereffective|p2a: Sinistcha|1
|-damage|p2a: Sinistcha|23/100
|-damage|p2b: Archaludon|81/100
|-unboost|p2a: Sinistcha|spa|1
|-unboost|p2b: Archaludon|spa|1
|-ability|p2b: Archaludon|Stamina|boost
|-boost|p2b: Archaludon|def|1
|move|p1a: Gyarados|Waterfall|p2a: Sinistcha
|-resisted|p2a: Sinistcha|1
|-crit|p2a: Sinistcha
|-damage|p2a: Sinistcha|7/100
|move|p2b: Archaludon|Dragon Pulse|p1a: Gyarados
|-damage|p1a: Gyarados|64/100 brn
|move|p2a: Sinistcha|Matcha Gotcha|p1b: Manectric|[spread] p1a,p1b
|-damage|p1a: Gyarados|52/100 brn
|-heal|p2a: Sinistcha|13/100|[from] drain|[of] p1a: Gyarados
|-damage|p1b: Manectric|0 fnt
|-heal|p2a: Sinistcha|20/100y|[from] drain|[of] p1b: Manectric
|faint|p1b: Manectric
|
|-heal|p1a: Gyarados|59/100 brn|[from] item: Leftovers
|-heal|p2b: Archaludon|87/100|[from] item: Leftovers
|-damage|p1a: Gyarados|52/100 brn|[from] brn
|upkeep
|
|t:|1783449201
|switch|p1b: Sylveon|Sylveon, L50, F, shiny|100/100
|turn|5
|l| Draxolotl
|
|t:|1783449218
|switch|p2a: Metagross|Metagross, L50|100/100
|move|p1a: Gyarados|Protect|p1a: Gyarados
|-singleturn|p1a: Gyarados|Protect
|move|p2b: Archaludon|Protect|p2b: Archaludon
|-singleturn|p2b: Archaludon|Protect
|move|p1b: Sylveon|Hyper Voice|p2a: Metagross|[spread] p2a
|-activate|p2b: Archaludon|move: Protect
|-resisted|p2a: Metagross|1
|-damage|p2a: Metagross|72/100
|
|-heal|p1a: Gyarados|59/100 brn|[from] item: Leftovers
|-heal|p2b: Archaludon|93/100|[from] item: Leftovers
|-damage|p1a: Gyarados|52/100 brn|[from] brn
|upkeep
|turn|6
|
|t:|1783449238
|switch|p2b: Sinistcha|Sinistcha, L50|20/100y
|-heal|p2a: Metagross|97/100|[from] ability: Hospitality|[of] p2b: Sinistcha
|detailschange|p2a: Metagross|Metagross-Mega, L50
|-mega|p2a: Metagross|Metagross|Metagrossite
|move|p1b: Sylveon|Detect|p1b: Sylveon
|-singleturn|p1b: Sylveon|Protect
|move|p1a: Gyarados|Waterfall|p2a: Metagross
|-damage|p2a: Metagross|75/100
|move|p2a: Metagross|Iron Head|p1b: Sylveon
|-activate|p1b: Sylveon|move: Protect
|
|-heal|p1a: Gyarados|59/100 brn|[from] item: Leftovers
|-damage|p1a: Gyarados|52/100 brn|[from] brn
|upkeep
|turn|7
|
|t:|1783449276
|move|p2b: Sinistcha|Protect|p2b: Sinistcha
|-singleturn|p2b: Sinistcha|Protect
|move|p1a: Gyarados|Waterfall|p2a: Metagross
|-damage|p2a: Metagross|54/100
|move|p2a: Metagross|Iron Head|p1b: Sylveon
|-supereffective|p1b: Sylveon|1
|-damage|p1b: Sylveon|0 fnt
|faint|p1b: Sylveon
|
|-heal|p1a: Gyarados|59/100 brn|[from] item: Leftovers
|-damage|p1a: Gyarados|52/100 brn|[from] brn
|upkeep
|
|t:|1783449282
|switch|p1b: Zoroark|Zoroark-Hisui, L50, F, shiny|100/100
|turn|8
|
|t:|1783449308
|switch|p2a: Archaludon|Archaludon, L50, F|93/100
|switch|p2b: Swampert|Swampert, L50, M|86/100
|move|p1b: Zoroark|Bitter Malice|p2b: Swampert
|-crit|p2b: Swampert
|-damage|p2b: Swampert|16/100
|-unboost|p2b: Swampert|atk|1
|move|p1a: Gyarados|Waterfall|p2a: Archaludon
|-resisted|p2a: Archaludon|1
|-damage|p2a: Archaludon|82/100
|-ability|p2a: Archaludon|Stamina|boost
|-boost|p2a: Archaludon|def|1
|
|-heal|p1a: Gyarados|59/100 brn|[from] item: Leftovers
|-heal|p2a: Archaludon|88/100|[from] item: Leftovers
|-damage|p1a: Gyarados|52/100 brn|[from] brn
|upkeep
|turn|9
|
|t:|1783449334
|move|p1b: Zoroark|Bitter Malice|p2a: Archaludon
|-damage|p2a: Archaludon|48/100
|-unboost|p2a: Archaludon|atk|1
|-ability|p2a: Archaludon|Stamina|boost
|-boost|p2a: Archaludon|def|1
|move|p1a: Gyarados|Waterfall|p2b: Swampert
|-damage|p2b: Swampert|0 fnt
|faint|p2b: Swampert
|move|p2a: Archaludon|Dragon Pulse|p1b: Zoroark
|-damage|p1b: Zoroark|19/100
|
|-heal|p1a: Gyarados|59/100 brn|[from] item: Leftovers
|-heal|p2a: Archaludon|54/100|[from] item: Leftovers
|-damage|p1a: Gyarados|52/100 brn|[from] brn
|upkeep
|
|t:|1783449348
|switch|p2b: Sinistcha|Sinistcha, L50|20/100y
|-heal|p2a: Archaludon|79/100|[from] ability: Hospitality|[of] p2b: Sinistcha
|turn|10
|
|t:|1783449375
|move|p2b: Sinistcha|Rage Powder|p2b: Sinistcha
|-singleturn|p2b: Sinistcha|move: Rage Powder
|move|p1b: Zoroark|Bitter Malice|p2b: Sinistcha
|-supereffective|p2b: Sinistcha|1
|-damage|p2b: Sinistcha|0 fnt
|faint|p2b: Sinistcha
|move|p1a: Gyarados|Dragon Dance|p1a: Gyarados
|-boost|p1a: Gyarados|atk|1
|-boost|p1a: Gyarados|spe|1
|move|p2a: Archaludon|Dragon Pulse|p1b: Zoroark
|-damage|p1b: Zoroark|0 fnt
|faint|p1b: Zoroark
|
|-heal|p1a: Gyarados|59/100 brn|[from] item: Leftovers
|-heal|p2a: Archaludon|85/100|[from] item: Leftovers
|-damage|p1a: Gyarados|52/100 brn|[from] brn
|upkeep
|
|t:|1783449386
|switch|p2b: Metagross|Metagross-Mega, L50|54/100
|turn|11
|
|t:|1783449391
|move|p1a: Gyarados|Waterfall|p2b: Metagross
|-damage|p2b: Metagross|23/100
|cant|p2b: Metagross|flinch
|move|p2a: Archaludon|Dragon Pulse|p1a: Gyarados
|-damage|p1a: Gyarados|17/100 brn
|
|-heal|p1a: Gyarados|23/100 brn|[from] item: Leftovers
|-heal|p2a: Archaludon|91/100|[from] item: Leftovers
|-damage|p1a: Gyarados|17/100 brn|[from] brn
|upkeep
|turn|12
|
|t:|1783449401
|move|p2b: Metagross|Protect|p2b: Metagross
|-singleturn|p2b: Metagross|Protect
|move|p1a: Gyarados|Waterfall|p2b: Metagross
|-activate|p2b: Metagross|move: Protect
|move|p2a: Archaludon|Dragon Pulse|p1a: Gyarados
|-damage|p1a: Gyarados|0 fnt
|faint|p1a: Gyarados
|
|win|J4MBLERVGC
||asmrticuno is ready for game 3.
||J4MBLERVGC is ready for game 3.
|uhtml|next|Next: Game 3 of 3
|l| Supermoon Jamie
|l| Squirly
