|j|☆neon83
|j|☆LorGhez
|html|neon83LorGhez    
|uhtml|bestof|Game 3 of a best-of-3
|t:|1785352611
|gametype|doubles
|player|p1|neon83|acetrainerf-gen4dp|1084
|player|p2|LorGhez|169|1163
|gen|9
|tier|[Gen 9 Champions] VGC 2026 Reg M-B (Bo3)
|rated|
|rule|Species Clause: Limit one of each Pokémon
|rule|Item Clause: Limit 1 of each item
|clearpoke
|poke|p1|Grimmsnarl, L50, M|
|poke|p1|Basculegion, L50, M|
|poke|p1|Charizard, L50, F|
|poke|p1|Pelipper, L50, M|
|poke|p1|Venusaur, L50, F|
|poke|p1|Archaludon, L50, M|
|poke|p2|Tyranitar, L50, M|
|poke|p2|Excadrill, L50, M|
|poke|p2|Gholdengo, L50|
|poke|p2|Sinistcha, L50|
|poke|p2|Milotic, L50, F|
|poke|p2|Staraptor, L50, F|
|teampreview|4
|showteam|p1|Grimmsnarl||LightClay|Prankster|SpiritBreak,PartingShot,Reflect,LightScreen|Sassy||M|||50|]Basculegion||ChoiceScarf|Adaptability|LastRespects,WaveCrash,AquaJet,FlipTurn|Jolly||M|||50|]Charizard||CharizarditeY|Blaze|Protect,HeatWave,WeatherBall,SolarBeam|Modest||F|||50|]Pelipper||SitrusBerry|Drizzle|Hurricane,WeatherBall,Tailwind,WideGuard|Modest||M|||50|]Venusaur||FocusSash|Chlorophyll|SludgeBomb,SleepPowder,EarthPower,Protect|Modest||F|||50|]Archaludon||Leftovers|Stamina|ElectroShot,DragonPulse,FlashCannon,Protect|Calm||M|||50|
|showteam|p2|Tyranitar||Tyranitarite|SandStream|RockSlide,KnockOff,LowKick,Protect|Adamant||M|||50|]Excadrill||FocusSash|SandRush|IronHead,HighHorsepower,RockSlide,Protect|Adamant||M|||50|]Gholdengo||LifeOrb|GoodasGold|ShadowBall,MakeItRain,NastyPlot,Protect|Modest|||||50|]Sinistcha||ColburBerry|Hospitality|MatchaGotcha,RagePowder,TrickRoom,Protect|Bold|||||50|]Milotic||SitrusBerry|Competitive|Scald,IceBeam,Haze,Protect|Modest||F|||50|]Staraptor||Staraptite|Intimidate|BraveBird,CloseCombat,Tailwind,Protect|Jolly||F|||50|
|inactive|Battle timer is ON: inactive players will automatically lose when time's up. (requested by neon83)
|inactive|LorGhez has 60 seconds left.
|
|t:|1785352650
|teamsize|p1|4
|teamsize|p2|4
|start
|switch|p1a: Basculegion|Basculegion, L50, M|100/100
|switch|p1b: Archaludon|Archaludon, L50, M|100/100
|switch|p2a: Gholdengo|Gholdengo, L50|100/100
|switch|p2b: Sinistcha|Sinistcha, L50|100/100
|turn|1
|inactive|neon83 has 30 seconds left.
|inactive|neon83 has 20 seconds left.
|
|t:|1785352688
|move|p1b: Archaludon|Protect|p1b: Archaludon
|-singleturn|p1b: Archaludon|Protect
|move|p2b: Sinistcha|Rage Powder|p2b: Sinistcha
|-singleturn|p2b: Sinistcha|move: Rage Powder
|move|p1a: Basculegion|Flip Turn|p2b: Sinistcha
|-resisted|p2b: Sinistcha|1
|-damage|p2b: Sinistcha|84/100
|
|t:|1785352694
|switch|p1a: Charizard|Charizard, L50, F|100/100|[from] Flip Turn
|move|p2a: Gholdengo|Nasty Plot|p2a: Gholdengo
|-boost|p2a: Gholdengo|spa|2
|
|upkeep
|turn|2
|
|t:|1785352716
|switch|p2b: Tyranitar|Tyranitar, L50, M|100/100
|-weather|Sandstorm|[from] ability: Sand Stream|[of] p2b: Tyranitar
|move|p1a: Charizard|Protect|p1a: Charizard
|-singleturn|p1a: Charizard|Protect
|move|p2a: Gholdengo|Protect|p2a: Gholdengo
|-singleturn|p2a: Gholdengo|Protect
|move|p1b: Archaludon|Dragon Pulse|p2b: Tyranitar
|-damage|p2b: Tyranitar|77/100
|
|-weather|Sandstorm|[upkeep]
|-damage|p1a: Charizard|94/100|[from] Sandstorm
|upkeep
|turn|3
|inactive|neon83 has 30 seconds left.
|inactive|LorGhez has 30 seconds left.
|inactive|neon83 has 20 seconds left.
|inactive|LorGhez has 20 seconds left.
|inactive|neon83 has 15 seconds left.
|inactive|LorGhez has 15 seconds left.
|inactive|LorGhez has 10 seconds left.
|inactive|LorGhez has 5 seconds left.
|
|t:|1785352767
|detailschange|p1a: Charizard|Charizard-Mega-Y, L50, F
|-mega|p1a: Charizard|Charizard|Charizardite Y
|-weather|SunnyDay|[from] ability: Drought|[of] p1a: Charizard
|detailschange|p2b: Tyranitar|Tyranitar-Mega, L50, M
|-mega|p2b: Tyranitar|Tyranitar|Tyranitarite
|-weather|Sandstorm|[from] ability: Sand Stream|[of] p2b: Tyranitar
|move|p1a: Charizard|Weather Ball|p2a: Gholdengo
|-resisted|p2a: Gholdengo|1
|-damage|p2a: Gholdengo|78/100
|move|p2a: Gholdengo|Shadow Ball|p1a: Charizard
|-damage|p1a: Charizard|0 fnt
|faint|p1a: Charizard
|-damage|p2a: Gholdengo|69/100|[from] item: Life Orb
|move|p2b: Tyranitar|Rock Slide|p1b: Archaludon
|-resisted|p1b: Archaludon|1
|-damage|p1b: Archaludon|83/100
|-ability|p1b: Archaludon|Stamina|boost
|-boost|p1b: Archaludon|def|1
|cant|p1b: Archaludon|flinch
|
|-weather|Sandstorm|[upkeep]
|-heal|p1b: Archaludon|89/100|[from] item: Leftovers
|upkeep
|inactive|neon83 has 30 seconds left.
|
|t:|1785352796
|switch|p1a: Basculegion|Basculegion, L50, M|100/100
|turn|4
|inactive|LorGhez has 30 seconds left.
|inactive|LorGhez has 20 seconds left.
|inactive|LorGhez has 15 seconds left.
|
|t:|1785352840
|switch|p2b: Excadrill|Excadrill, L50, M|100/100
|move|p2a: Gholdengo|Protect|p2a: Gholdengo
|-singleturn|p2a: Gholdengo|Protect
|move|p1b: Archaludon|Protect|p1b: Archaludon
|-singleturn|p1b: Archaludon|Protect
|move|p1a: Basculegion|Wave Crash|p2b: Excadrill
|-supereffective|p2b: Excadrill|1
|-enditem|p2b: Excadrill|Focus Sash
|-damage|p2b: Excadrill|1/100
|-damage|p1a: Basculegion|68/100|[from] Recoil
|
|-weather|Sandstorm|[upkeep]
|-damage|p1a: Basculegion|62/100|[from] Sandstorm
|-heal|p1b: Archaludon|95/100|[from] item: Leftovers
|upkeep
|turn|5
|inactive|LorGhez has 30 seconds left.
|inactive|LorGhez has 20 seconds left.
|inactive|neon83 has 30 seconds left.
|inactive|LorGhez has 15 seconds left.
|inactive|neon83 has 20 seconds left.
|
|t:|1785352892
|switch|p2a: Sinistcha|Sinistcha, L50|84/100
|-heal|p2b: Excadrill|25/100|[from] ability: Hospitality|[of] p2a: Sinistcha
|switch|p1b: Pelipper|Pelipper, L50, M|100/100
|-weather|RainDance|[from] ability: Drizzle|[of] p1b: Pelipper
|move|p2b: Excadrill|Protect|p2b: Excadrill
|-singleturn|p2b: Excadrill|Protect
|move|p1a: Basculegion|Wave Crash|p2a: Sinistcha
|-resisted|p2a: Sinistcha|1
|-damage|p2a: Sinistcha|33/100
|-damage|p1a: Basculegion|47/100|[from] Recoil
|
|-weather|RainDance|[upkeep]
|upkeep
|turn|6
|
|t:|1785352914
|switch|p1a: Archaludon|Archaludon, L50, M|95/100
|switch|p2a: Tyranitar|Tyranitar-Mega, L50, M|77/100
|-weather|Sandstorm|[from] ability: Sand Stream|[of] p2a: Tyranitar
|move|p2b: Excadrill|High Horsepower|p1a: Archaludon
|-supereffective|p1a: Archaludon|1
|-damage|p1a: Archaludon|12/100
|-ability|p1a: Archaludon|Stamina|boost
|-boost|p1a: Archaludon|def|1
|move|p1b: Pelipper|Tailwind|p1b: Pelipper
|-sidestart|p1: neon83|move: Tailwind
|
|-weather|Sandstorm|[upkeep]
|-damage|p1b: Pelipper|93/100|[from] Sandstorm
|-heal|p1a: Archaludon|18/100|[from] item: Leftovers
|upkeep
|turn|7
|inactive|neon83 has 30 seconds left.
|inactive|LorGhez has 30 seconds left.
|
|t:|1785352945
|move|p1a: Archaludon|Protect|p1a: Archaludon
|-singleturn|p1a: Archaludon|Protect
|move|p2b: Excadrill|High Horsepower|p1a: Archaludon
|-activate|p1a: Archaludon|move: Protect
|move|p1b: Pelipper|Hurricane|p2b: Excadrill|[miss]
|-miss|p1b: Pelipper|p2b: Excadrill
|move|p2a: Tyranitar|Knock Off|p1b: Pelipper
|-damage|p1b: Pelipper|28/100
|-enditem|p1b: Pelipper|Sitrus Berry|[from] move: Knock Off|[of] p2a: Tyranitar
|
|-weather|Sandstorm|[upkeep]
|-damage|p1b: Pelipper|22/100|[from] Sandstorm
|-heal|p1a: Archaludon|24/100|[from] item: Leftovers
|upkeep
|turn|8
|inactive|neon83 has 30 seconds left.
|
|t:|1785352971
|move|p1a: Archaludon|Protect||[still]
|-fail|p1a: Archaludon
|move|p2b: Excadrill|High Horsepower|p1a: Archaludon
|-supereffective|p1a: Archaludon|1
|-damage|p1a: Archaludon|0 fnt
|faint|p1a: Archaludon
|move|p1b: Pelipper|Hurricane|p2b: Excadrill
|-resisted|p2b: Excadrill|1
|-damage|p2b: Excadrill|0 fnt
|faint|p2b: Excadrill
|move|p2a: Tyranitar|Knock Off|p1b: Pelipper
|-damage|p1b: Pelipper|0 fnt
|faint|p1b: Pelipper
|
|-weather|Sandstorm|[upkeep]
|upkeep
|
|t:|1785352984
|switch|p2b: Sinistcha|Sinistcha, L50|33/100
|switch|p1b: Basculegion|Basculegion, L50, M|47/100
|-heal|p2a: Tyranitar|100/100|[from] ability: Hospitality|[of] p2b: Sinistcha
|turn|9
|
|t:|1785352995
|move|p2b: Sinistcha|Rage Powder|p2b: Sinistcha
|-singleturn|p2b: Sinistcha|move: Rage Powder
|move|p1b: Basculegion|Last Respects|p2b: Sinistcha
|-supereffective|p2b: Sinistcha|1
|-damage|p2b: Sinistcha|0 fnt
|faint|p2b: Sinistcha
|move|p2a: Tyranitar|Knock Off|p1b: Basculegion
|-supereffective|p1b: Basculegion|1
|-damage|p1b: Basculegion|0 fnt
|-enditem|p1b: Basculegion|Choice Scarf|[from] move: Knock Off|[of] p2a: Tyranitar
|faint|p1b: Basculegion
|
|win|LorGhez
|raw|neon83's rating: 1084 → 1066(-18 for losing)
|raw|LorGhez's rating: 1163 → 1182(+19 for winning)
|l|☆neon83
|player|p1|
