|j|☆Sammy Chung
|j|☆marcosdeltasena31
|html|Sammy Chungmarcosdeltasena31    
|uhtml|bestof|Game 3 of a best-of-3
|t:|1755240876
|gametype|doubles
|player|p1|Sammy Chung|266|1297
|player|p2|marcosdeltasena31|hilbert|1362
|gen|9
|tier|[Gen 9] VGC 2025 Reg H (Bo3)
|rated|
|rule|Species Clause: Limit one of each Pokémon
|rule|Item Clause: Limit 1 of each item
|clearpoke
|poke|p1|Gholdengo, L50|
|poke|p1|Amoonguss, L50, F|
|poke|p1|Incineroar, L50, M|
|poke|p1|Garchomp, L50, M|
|poke|p1|Sneasler, L50, M|
|poke|p1|Dragonite, L50, F|
|poke|p2|Dragonite, L50, F|
|poke|p2|Sneasler, L50, F|
|poke|p2|Volcarona, L50, F|
|poke|p2|Rillaboom, L50, M|
|poke|p2|Kingambit, L50, F|
|poke|p2|Electabuzz, L50, F|
|teampreview|4
|showteam|p1|Gholdengo||LifeOrb|GoodasGold|Protect,MakeItRain,ShadowBall,NastyPlot||||||50|,,,,,Water]Amoonguss||CovertCloak|Regenerator|LeafStorm,Spore,RagePowder,Protect|||F|||50|,,,,,Fairy]Incineroar||SafetyGoggles|Intimidate|FakeOut,KnockOff,FlareBlitz,PartingShot|||M|||50|,,,,,Ghost]Garchomp||ClearAmulet|RoughSkin|StompingTantrum,DragonClaw,Earthquake,Protect|||M|||50|,,,,,Fire]Sneasler||FocusSash|Unburden|CloseCombat,DireClaw,Coaching,Protect|||M|||50|,,,,,Ghost]Dragonite||AssaultVest|InnerFocus|DragonClaw,ExtremeSpeed,TeraBlast,IceSpinner|||F|||50|,,,,,Flying
|showteam|p2|Dragonite||LoadedDice|Multiscale|ScaleShot,ExtremeSpeed,Haze,Protect|||F|||50|,,,,,Fairy]Sneasler||FocusSash|PoisonTouch|DireClaw,CloseCombat,FakeOut,Coaching|||F|||50|,,,,,Ghost]Volcarona||CovertCloak|FlameBody|HeatWave,TeraBlast,QuiverDance,Protect|||F|||50|,,,,,Fairy]Rillaboom||AssaultVest|GrassySurge|WoodHammer,FakeOut,GrassyGlide,HighHorsepower|||M|||50|,,,,,Fire]Kingambit||BlackGlasses|Defiant|KowtowCleave,SwordsDance,SuckerPunch,Protect|||F|||50|,,,,,Dark]Electabuzz||Eviolite|VitalSpirit|Electroweb,FollowMe,Taunt,Protect|||F|||50|,,,,,Ghost
|
|t:|1755240889
|teamsize|p1|4
|teamsize|p2|4
|start
|switch|p1a: Dragonite|Dragonite, L50, F|100/100
|switch|p1b: Sneasler|Sneasler, L50, M|100/100
|switch|p2a: Kingambit|Kingambit, L50, F|100/100
|switch|p2b: Sneasler|Sneasler, L50, F|100/100
|turn|1
|
|t:|1755240906
|move|p2b: Sneasler|Fake Out|p1b: Sneasler
|-crit|p1b: Sneasler
|-damage|p1b: Sneasler|62/100
|cant|p1b: Sneasler|flinch
|move|p1a: Dragonite|Dragon Claw|p2b: Sneasler
|-damage|p2b: Sneasler|17/100
|move|p2a: Kingambit|Swords Dance|p2a: Kingambit
|-boost|p2a: Kingambit|atk|2
|
|upkeep
|turn|2
|
|t:|1755240928
|move|p1a: Dragonite|Extreme Speed|p2b: Sneasler
|-damage|p2b: Sneasler|0 fnt
|faint|p2b: Sneasler
|move|p2a: Kingambit|Sucker Punch||[still]
|-fail|p2a: Kingambit
|move|p1b: Sneasler|Coaching|p1a: Dragonite
|-boost|p1a: Dragonite|atk|1
|-boost|p1a: Dragonite|def|1
|
|upkeep
|
|t:|1755240932
|switch|p2b: Dragonite|Dragonite, L50, F|100/100
|turn|3
|
|t:|1755240942
|-terastallize|p2b: Dragonite|Fairy
|-terastallize|p1a: Dragonite|Flying
|move|p2a: Kingambit|Sucker Punch|p1b: Sneasler
|-resisted|p1b: Sneasler
|-damage|p1b: Sneasler|0 fnt
|faint|p1b: Sneasler
|move|p2b: Dragonite|Scale Shot|p1a: Dragonite
|-damage|p1a: Dragonite|91/100
|-damage|p1a: Dragonite|81/100
|-damage|p1a: Dragonite|71/100
|-damage|p1a: Dragonite|62/100
|-damage|p1a: Dragonite|52/100
|-hitcount|p1a: Dragonite|5
|-unboost|p2b: Dragonite|def|1
|-boost|p2b: Dragonite|spe|1
|move|p1a: Dragonite|Tera Blast|p2b: Dragonite|[anim] Tera Blast Flying
|-damage|p2b: Dragonite|22/100
|
|upkeep
|
|t:|1755240949
|switch|p1b: Garchomp|Garchomp, L50, M|100/100
|turn|4
|
|t:|1755240965
|move|p2b: Dragonite|Protect|p2b: Dragonite
|-singleturn|p2b: Dragonite|Protect
|move|p1b: Garchomp|Protect|p1b: Garchomp
|-singleturn|p1b: Garchomp|Protect
|move|p1a: Dragonite|Extreme Speed|p2b: Dragonite
|-activate|p2b: Dragonite|move: Protect
|move|p2a: Kingambit|Sucker Punch||[still]
|-fail|p2a: Kingambit
|
|upkeep
|turn|5
|
|t:|1755240976
|switch|p2b: Rillaboom|Rillaboom, L50, M|100/100
|-fieldstart|move: Grassy Terrain|[from] ability: Grassy Surge|[of] p2b: Rillaboom
|move|p1b: Garchomp|Protect||[still]
|-fail|p1b: Garchomp
|move|p1a: Dragonite|Extreme Speed|p2b: Rillaboom
|-damage|p2b: Rillaboom|58/100
|move|p2a: Kingambit|Sucker Punch||[still]
|-fail|p2a: Kingambit
|
|-heal|p2b: Rillaboom|64/100|[from] Grassy Terrain
|upkeep
|turn|6
|
|t:|1755241006
|switch|p1b: Incineroar|Incineroar, L50, M|100/100
|-ability|p1b: Incineroar|Intimidate|boost
|-unboost|p2a: Kingambit|atk|1
|-ability|p2a: Kingambit|Defiant|boost
|-boost|p2a: Kingambit|atk|2
|-unboost|p2b: Rillaboom|atk|1
|move|p2b: Rillaboom|Fake Out|p1b: Incineroar
|-damage|p1b: Incineroar|94/100
|move|p1a: Dragonite|Extreme Speed|p2b: Rillaboom
|-damage|p2b: Rillaboom|23/100
|move|p2a: Kingambit|Kowtow Cleave|p1a: Dragonite
|-damage|p1a: Dragonite|0 fnt
|faint|p1a: Dragonite
|
|-heal|p2b: Rillaboom|29/100|[from] Grassy Terrain
|-heal|p1b: Incineroar|99/100|[from] Grassy Terrain
|upkeep
|
|t:|1755241008
|switch|p1a: Garchomp|Garchomp, L50, M|100/100
|turn|7
|
|t:|1755241033
|move|p2a: Kingambit|Protect|p2a: Kingambit
|-singleturn|p2a: Kingambit|Protect
|move|p1b: Incineroar|Fake Out|p2b: Rillaboom
|-damage|p2b: Rillaboom|19/100
|move|p1a: Garchomp|Dragon Claw|p2b: Rillaboom
|-damage|p2b: Rillaboom|0 fnt
|faint|p2b: Rillaboom
|
|-heal|p1b: Incineroar|100/100|[from] Grassy Terrain
|upkeep
|
|t:|1755241038
|switch|p2b: Dragonite|Dragonite, L50, F, tera:Fairy|22/100
|turn|8
|
|t:|1755241046
|move|p2a: Kingambit|Sucker Punch|p1a: Garchomp
|-damage|p1a: Garchomp|0 fnt
|-damage|p2a: Kingambit|88/100|[from] ability: Rough Skin|[of] p1a: Garchomp
|faint|p1a: Garchomp
|move|p2b: Dragonite|Scale Shot|p1b: Incineroar
|-damage|p1b: Incineroar|90/100
|-damage|p1b: Incineroar|79/100
|-damage|p1b: Incineroar|69/100
|-damage|p1b: Incineroar|58/100
|-hitcount|p1b: Incineroar|4
|-unboost|p2b: Dragonite|def|1
|-boost|p2b: Dragonite|spe|1
|move|p1b: Incineroar|Flare Blitz|p2a: Kingambit
|-supereffective|p2a: Kingambit
|-crit|p2a: Kingambit
|-damage|p2a: Kingambit|0 fnt
|faint|p2a: Kingambit
|-damage|p1b: Incineroar|28/100|[from] Recoil
|
|-heal|p2b: Dragonite|28/100|[from] Grassy Terrain
|-heal|p1b: Incineroar|34/100|[from] Grassy Terrain
|upkeep
|turn|9
|
|t:|1755241062
|move|p2b: Dragonite|Protect|p2b: Dragonite
|-singleturn|p2b: Dragonite|Protect
|move|p1b: Incineroar|Flare Blitz|p2b: Dragonite
|-activate|p2b: Dragonite|move: Protect
|
|-heal|p2b: Dragonite|34/100|[from] Grassy Terrain
|-heal|p1b: Incineroar|40/100|[from] Grassy Terrain
|-fieldend|move: Grassy Terrain
|upkeep
|turn|10
|
|t:|1755241067
|move|p2b: Dragonite|Scale Shot|p1b: Incineroar
|-damage|p1b: Incineroar|30/100
|-damage|p1b: Incineroar|19/100
|-damage|p1b: Incineroar|8/100
|-damage|p1b: Incineroar|0 fnt
|faint|p1b: Incineroar
|-hitcount|p1: Incineroar|4
|
|win|marcosdeltasena31
|raw|Sammy Chung's rating: 1297 → 1277(-20 for losing)
|raw|marcosdeltasena31's rating: 1362 → 1378(+16 for winning)
