|j|☆alexandromolgaard
|j|☆Oriozz
|html|alexandromolgaardOriozz    
|uhtml|bestof|Game 2 of a best-of-3
|t:|1783550272
|gametype|doubles
|player|p1|alexandromolgaard|backpacker|1045
|player|p2|Oriozz|2|1127
|gen|9
|tier|[Gen 9 Champions] VGC 2026 Reg M-B (Bo3)
|rated|
|rule|Species Clause: Limit one of each Pokémon
|rule|Item Clause: Limit 1 of each item
|clearpoke
|poke|p1|Meowstic, L50, M|
|poke|p1|Musharna, L50, F|
|poke|p1|Drampa, L50, M|
|poke|p1|Klefki, L50, F|
|poke|p1|Clawitzer, L50, M|
|poke|p1|Aggron, L50, M|
|poke|p2|Kingambit, L50, M|
|poke|p2|Floette-Eternal, L50, F|
|poke|p2|Sneasler, L50, M|
|poke|p2|Incineroar, L50, M|
|poke|p2|Garchomp, L50, M|
|poke|p2|Sinistcha, L50|
|teampreview|4
|showteam|p1|Meowstic||SitrusBerry|Prankster|FakeOut,HelpingHand,RainDance,PsychicTerrain|Calm||M|||50|]Musharna||Leftovers|Telepathy|ExpandingForce,Moonblast,EnergyBall,TrickRoom|Modest||F|||50|]Drampa||Drampanite|CloudNine|HyperVoice,Thunder,Surf,Protect|Quiet||M|||50|]Klefki||MentalHerb|Prankster|FoulPlay,MagnetRise,MistyTerrain,TrickRoom|Relaxed||F|||50|]Clawitzer||WiseGlasses|MegaLauncher|WaterPulse,TerrainPulse,AuraSphere,HealPulse|Quiet||M|||50|]Aggron||Aggronite|Sturdy|IronHead,Earthquake,BrickBreak,Protect|Brave||M|||50|
|showteam|p2|Kingambit||ChopleBerry|Defiant|KowtowCleave,Protect,SuckerPunch,IronHead|Adamant||M|||50|]Floette-Eternal||Floettite|FlowerVeil|DazzlingGleam,DrainingKiss,Protect,CalmMind|Bold||F|||50|]Sneasler||FocusSash|Unburden|FakeOut,DireClaw,CloseCombat,Coaching|Jolly||M|||50|]Incineroar||Leftovers|Intimidate|FakeOut,FlareBlitz,PartingShot,HelpingHand|Careful||M|||50|]Garchomp||Garchompite|RoughSkin|Earthquake,StompingTantrum,RockSlide,Protect|Adamant||M|||50|]Sinistcha||SitrusBerry|Hospitality|Protect,MatchaGotcha,TrickRoom,RagePowder|Bold|||||50|
|inactive|Battle timer is ON: inactive players will automatically lose when time's up. (requested by Oriozz)
|
|t:|1783550291
|teamsize|p1|4
|teamsize|p2|4
|start
|switch|p1a: Meowstic|Meowstic, L50, M|100/100
|switch|p1b: Musharna|Musharna, L50, F|100/100
|switch|p2a: Incineroar|Incineroar, L50, M|100/100
|switch|p2b: Sinistcha|Sinistcha, L50|100/100
|-ability|p2a: Incineroar|Intimidate|boost
|-unboost|p1a: Meowstic|atk|1
|-unboost|p1b: Musharna|atk|1
|turn|1
|
|t:|1783550311
|move|p1a: Meowstic|Fake Out|p2a: Incineroar
|-damage|p2a: Incineroar|97/100
|cant|p2a: Incineroar|flinch
|move|p2b: Sinistcha|Matcha Gotcha|p1a: Meowstic|[spread] p1a,p1b
|-damage|p1a: Meowstic|74/100
|-damage|p1b: Musharna|80/100
|move|p1b: Musharna|Moonblast|p2a: Incineroar
|-damage|p2a: Incineroar|76/100
|
|-heal|p2a: Incineroar|82/100|[from] item: Leftovers
|-heal|p1b: Musharna|86/100|[from] item: Leftovers
|upkeep
|turn|2
|inactive|Oriozz has 30 seconds left.
|
|t:|1783550337
|move|p1a: Meowstic|Psychic Terrain|p1a: Meowstic
|-fieldstart|move: Psychic Terrain
|move|p2b: Sinistcha|Matcha Gotcha|p1a: Meowstic|[spread] p1a,p1b
|-damage|p1a: Meowstic|52/100
|-damage|p1b: Musharna|65/100
|move|p2a: Incineroar|Parting Shot|p1b: Musharna
|-unboost|p1b: Musharna|atk|1
|-unboost|p1b: Musharna|spa|1
|
|t:|1783550345
|switch|p2a: Kingambit|Kingambit, L50, M|100/100|[from] Parting Shot
|move|p1b: Musharna|Expanding Force|p2a: Kingambit|[spread] p2b
|-immune|p2a: Kingambit
|-damage|p2b: Sinistcha|62/100
|
|-heal|p1b: Musharna|71/100|[from] item: Leftovers
|upkeep
|turn|3
|
|t:|1783550368
|switch|p1b: Drampa|Drampa, L50, M|100/100
|-ability|p1b: Drampa|Cloud Nine
|move|p1a: Meowstic|Rain Dance|p1a: Meowstic
|-weather|RainDance
|move|p2b: Sinistcha|Matcha Gotcha|p1a: Meowstic|[spread] p1a
|-miss|p2b: Sinistcha|p1b: Drampa
|-damage|p1a: Meowstic|28/100
|-heal|p2b: Sinistcha|74/100|[from] drain|[of] p1a: Meowstic
|-enditem|p1a: Meowstic|Sitrus Berry|[eat]
|-heal|p1a: Meowstic|53/100|[from] item: Sitrus Berry
|move|p2a: Kingambit|Kowtow Cleave|p1b: Drampa
|-damage|p1b: Drampa|50/100g
|
|-weather|RainDance|[upkeep]
|upkeep
|turn|4
|inactive|alexandromolgaard has 30 seconds left.
|inactive|Oriozz has 30 seconds left.
|inactive|alexandromolgaard has 20 seconds left.
|inactive|alexandromolgaard has 15 seconds left.
|inactive|alexandromolgaard has 10 seconds left.
|
|t:|1783550415
|detailschange|p1b: Drampa|Drampa-Mega, L50, M
|-mega|p1b: Drampa|Drampa|Drampanite
|move|p1a: Meowstic|Helping Hand|p1b: Drampa
|-singleturn|p1b: Drampa|Helping Hand|[of] p1a: Meowstic
|move|p2b: Sinistcha|Matcha Gotcha|p1a: Meowstic|[spread] p1a,p1b
|-resisted|p1b: Drampa|1
|-damage|p1a: Meowstic|29/100
|-heal|p2b: Sinistcha|87/100|[from] drain|[of] p1a: Meowstic
|-damage|p1b: Drampa|40/100
|-heal|p2b: Sinistcha|92/100|[from] drain|[of] p1b: Drampa
|-ability|p1b: Drampa|Berserk|boost
|-boost|p1b: Drampa|spa|1
|move|p2a: Kingambit|Kowtow Cleave|p1b: Drampa
|-damage|p1b: Drampa|0 fnt
|faint|p1b: Drampa
|
|-weather|RainDance|[upkeep]
|upkeep
|
|t:|1783550436
|switch|p1b: Clawitzer|Clawitzer, L50, M|100/100
|turn|5
|
|t:|1783550454
|switch|p2a: Floette|Floette-Eternal, L50, F|100/100
|move|p1a: Meowstic|Helping Hand|p1b: Clawitzer
|-singleturn|p1b: Clawitzer|Helping Hand|[of] p1a: Meowstic
|move|p2b: Sinistcha|Matcha Gotcha|p1a: Meowstic|[spread] p1b
|-miss|p2b: Sinistcha|p1a: Meowstic
|-supereffective|p1b: Clawitzer|1
|-damage|p1b: Clawitzer|47/100
|-heal|p2b: Sinistcha|100/100|[from] drain|[of] p1b: Clawitzer
|move|p1b: Clawitzer|Aura Sphere|p2a: Floette
|-resisted|p2a: Floette|1
|-damage|p2a: Floette|66/100
|
|-weather|RainDance|[upkeep]
|upkeep
|turn|6
|
|t:|1783550479
|switch|p1b: Musharna|Musharna, L50, F|71/100
|detailschange|p2a: Floette|Floette-Mega, L50, F
|-mega|p2a: Floette|Floette|Floettite
|-ability|p2a: Floette|Fairy Aura
|move|p1a: Meowstic|Helping Hand|p1b: Musharna
|-singleturn|p1b: Musharna|Helping Hand|[of] p1a: Meowstic
|move|p2a: Floette|Calm Mind|p2a: Floette
|-boost|p2a: Floette|spa|1
|-boost|p2a: Floette|spd|1
|move|p2b: Sinistcha|Matcha Gotcha|p1a: Meowstic|[spread] p1a,p1b
|-damage|p1a: Meowstic|6/100
|-damage|p1b: Musharna|52/100
|
|-weather|RainDance|[upkeep]
|-heal|p1b: Musharna|58/100|[from] item: Leftovers
|-fieldend|move: Psychic Terrain
|upkeep
|turn|7
|
|t:|1783550504
|move|p1a: Meowstic|Psychic Terrain|p1a: Meowstic
|-fieldstart|move: Psychic Terrain
|move|p2a: Floette|Dazzling Gleam|p1a: Meowstic|[spread] p1a,p1b
|-crit|p1a: Meowstic
|-damage|p1a: Meowstic|0 fnt
|-damage|p1b: Musharna|2/100
|faint|p1a: Meowstic
|move|p2b: Sinistcha|Matcha Gotcha|p1b: Musharna|[miss]
|-miss|p2b: Sinistcha|p1b: Musharna
|move|p1b: Musharna|Expanding Force|p2b: Sinistcha|[spread] p2a,p2b
|-damage|p2a: Floette|35/100
|-damage|p2b: Sinistcha|45/100
|-enditem|p2b: Sinistcha|Sitrus Berry|[eat]
|-heal|p2b: Sinistcha|70/100|[from] item: Sitrus Berry
|
|-weather|none
|-heal|p1b: Musharna|8/100|[from] item: Leftovers
|upkeep
|
|t:|1783550512
|switch|p1a: Clawitzer|Clawitzer, L50, M|47/100
|turn|8
|inactive|alexandromolgaard has 30 seconds left.
|
|t:|1783550538
|move|p2a: Floette|Dazzling Gleam|p1b: Musharna|[spread] p1a,p1b
|-damage|p1a: Clawitzer|0 fnt
|-damage|p1b: Musharna|0 fnt
|faint|p1a: Clawitzer
|faint|p1b: Musharna
|
|win|Oriozz
|raw|alexandromolgaard's rating: 1045 → 1032(-13 for losing)
|raw|Oriozz's rating: 1127 → 1146(+19 for winning)
|l|☆alexandromolgaard
|player|p1|
