|j|☆Gen4lover2
|j|☆MoscaacsoM
|html|Gen4lover2MoscaacsoM    
|uhtml|bestof|Game 2 of a best-of-3
|t:|1785762390
|gametype|doubles
|player|p1|Gen4lover2|wallace|1192
|player|p2|MoscaacsoM|alder|1162
|gen|9
|tier|[Gen 9 Champions] VGC 2026 Reg M-B (Bo3)
|rated|
|rule|Species Clause: Limit one of each Pokémon
|rule|Item Clause: Limit 1 of each item
|clearpoke
|poke|p1|Tyranitar, L50, M|
|poke|p1|Excadrill, L50, F|
|poke|p1|Staraptor, L50, F|
|poke|p1|Milotic, L50, F|
|poke|p1|Gholdengo, L50|
|poke|p1|Sinistcha-Masterpiece, L50|
|poke|p2|Charizard, L50, M|
|poke|p2|Garchomp, L50, F|
|poke|p2|Kingambit, L50, F|
|poke|p2|Whimsicott, L50, M|
|poke|p2|Floette-Eternal, L50, F|
|poke|p2|Basculegion, L50, M|
|teampreview|4
|showteam|p1|Tyranitar||Tyranitarite|SandStream|RockSlide,KnockOff,LowKick,Protect|Adamant||M|||50|]Excadrill||FocusSash|SandRush|HighHorsepower,IronHead,RockSlide,Protect|Adamant||F|||50|]Staraptor||Staraptite|Intimidate|BraveBird,CloseCombat,Tailwind,Protect|Jolly||F|||50|]Milotic||SitrusBerry|Competitive|Scald,IceBeam,Recover,Protect|Modest||F|||50|]Gholdengo||LifeOrb|GoodasGold|MakeItRain,ShadowBall,NastyPlot,Protect|Modest|||||50|]Sinistcha-Masterpiece||ColburBerry|Hospitality|MatchaGotcha,RagePowder,TrickRoom,Protect|Relaxed|||||50|
|showteam|p2|Charizard||CharizarditeY|Blaze|Protect,HeatWave,SolarBeam,WeatherBall|Modest||M|||50|]Garchomp||LifeOrb|RoughSkin|StompingTantrum,RockSlide,DragonClaw,Protect|Jolly||F|||50|]Kingambit||BlackGlasses|Defiant|KowtowCleave,Protect,IronHead,SuckerPunch|Adamant||F|||50|]Whimsicott||FocusSash|Prankster|Moonblast,Tailwind,Protect,Encore|Timid||M|||50|]Floette-Eternal||Floettite|FlowerVeil|Protect,DazzlingGleam,Moonblast,LightofRuin|Timid||F|||50|]Basculegion||MysticWater|Adaptability|AquaJet,WaveCrash,Protect,LastRespects|Adamant||M|||50|
|inactive|Battle timer is ON: inactive players will automatically lose when time's up. (requested by MoscaacsoM)
|inactive|Gen4lover2 also wants the timer to be on.
|inactive|Gen4lover2 has 60 seconds left.
|
|t:|1785762430
|teamsize|p1|4
|teamsize|p2|4
|start
|switch|p1a: Tyranitar|Tyranitar, L50, M|100/100
|switch|p1b: Excadrill|Excadrill, L50, F|100/100
|switch|p2a: Charizard|Charizard, L50, M|100/100
|switch|p2b: Whimsicott|Whimsicott, L50, M|100/100
|-weather|Sandstorm|[from] ability: Sand Stream|[of] p1a: Tyranitar
|turn|1
|
|t:|1785762450
|switch|p2a: Basculegion|Basculegion, L50, M|100/100
|move|p1b: Excadrill|Protect|p1b: Excadrill
|-singleturn|p1b: Excadrill|Protect
|move|p2b: Whimsicott|Tailwind|p2b: Whimsicott
|-sidestart|p2: MoscaacsoM|move: Tailwind
|move|p1a: Tyranitar|Rock Slide|p2b: Whimsicott|[spread] p2a,p2b
|-crit|p2a: Basculegion
|-damage|p2a: Basculegion|46/100
|-damage|p2b: Whimsicott|56/100
|
|-weather|Sandstorm|[upkeep]
|-damage|p2b: Whimsicott|50/100g|[from] Sandstorm
|-damage|p2a: Basculegion|40/100|[from] Sandstorm
|upkeep
|turn|2
|
|t:|1785762475
|move|p2b: Whimsicott|Encore|p1b: Excadrill
|-start|p1b: Excadrill|Encore
|move|p1b: Excadrill|Protect|p1b: Excadrill
|-singleturn|p1b: Excadrill|Protect
|move|p2a: Basculegion|Wave Crash|p1a: Tyranitar
|-supereffective|p1a: Tyranitar|1
|-damage|p1a: Tyranitar|0 fnt
|faint|p1a: Tyranitar
|-damage|p2a: Basculegion|10/100|[from] Recoil
|
|-weather|Sandstorm|[upkeep]
|-damage|p2b: Whimsicott|44/100|[from] Sandstorm
|-damage|p2a: Basculegion|4/100|[from] Sandstorm
|upkeep
|
|t:|1785762488
|switch|p1a: Staraptor|Staraptor, L50, F|100/100
|-ability|p1a: Staraptor|Intimidate|boost
|-unboost|p2a: Basculegion|atk|1
|-unboost|p2b: Whimsicott|atk|1
|turn|3
|
|t:|1785762500
|switch|p1b: Gholdengo|Gholdengo, L50|100/100
|detailschange|p1a: Staraptor|Staraptor-Mega, L50, F
|-mega|p1a: Staraptor|Staraptor|Staraptite
|move|p2b: Whimsicott|Moonblast|p1a: Staraptor
|-supereffective|p1a: Staraptor|1
|-damage|p1a: Staraptor|20/100y
|-boost|p1a: Staraptor|spa|1
|move|p2a: Basculegion|Wave Crash|p1a: Staraptor
|-damage|p1a: Staraptor|0 fnt
|faint|p1a: Staraptor
|-damage|p2a: Basculegion|0 fnt|[from] Recoil
|faint|p2a: Basculegion
|
|-weather|Sandstorm|[upkeep]
|-damage|p2b: Whimsicott|38/100|[from] Sandstorm
|upkeep
|
|t:|1785762516
|switch|p1a: Excadrill|Excadrill, L50, F|100/100
|switch|p2a: Charizard|Charizard, L50, M|100/100
|turn|4
|
|t:|1785762526
|detailschange|p2a: Charizard|Charizard-Mega-Y, L50, M
|-mega|p2a: Charizard|Charizard|Charizardite Y
|-weather|SunnyDay|[from] ability: Drought|[of] p2a: Charizard
|move|p2b: Whimsicott|Protect|p2b: Whimsicott
|-singleturn|p2b: Whimsicott|Protect
|move|p1b: Gholdengo|Protect|p1b: Gholdengo
|-singleturn|p1b: Gholdengo|Protect
|move|p2a: Charizard|Heat Wave|p1b: Gholdengo|[spread] p1a
|-activate|p1b: Gholdengo|move: Protect
|-supereffective|p1a: Excadrill|1
|-enditem|p1a: Excadrill|Focus Sash
|-damage|p1a: Excadrill|1/100
|move|p1a: Excadrill|Rock Slide|p2a: Charizard|[spread] p2a
|-activate|p2b: Whimsicott|move: Protect
|-supereffective|p2a: Charizard|2
|-damage|p2a: Charizard|5/100
|
|-weather|SunnyDay|[upkeep]
|-sideend|p2: MoscaacsoM|move: Tailwind
|upkeep
|turn|5
|inactive|Gen4lover2 has 30 seconds left.
|inactive|MoscaacsoM has 30 seconds left.
|
|t:|1785762560
|move|p1a: Excadrill|Protect|p1a: Excadrill
|-singleturn|p1a: Excadrill|Protect
|move|p2b: Whimsicott|Encore|p1b: Gholdengo
|-immune|p1b: Gholdengo|[from] ability: Good as Gold
|move|p2a: Charizard|Heat Wave|p1b: Gholdengo|[spread] p1b
|-activate|p1a: Excadrill|move: Protect
|-supereffective|p1b: Gholdengo|1
|-damage|p1b: Gholdengo|0 fnt
|faint|p1b: Gholdengo
|
|-weather|SunnyDay|[upkeep]
|upkeep
|turn|6
|-message|Gen4lover2 forfeited.
|
|win|MoscaacsoM
|l|☆Gen4lover2
|player|p1|
|j|☆Gen4lover2
|player|p1|Gen4lover2|wallace|
||MoscaacsoM is ready for game 3.
