|j|☆thisisaladderteam
|j|☆x5414
|html|thisisaladderteamx5414    
|uhtml|bestof|Game 2 of a best-of-3
|t:|1782455774
|gametype|doubles
|player|p1|thisisaladderteam|guzma|1182
|player|p2|x5414|102|1270
|gen|9
|tier|[Gen 9 Champions] VGC 2026 Reg M-B (Bo3)
|rated|
|rule|Species Clause: Limit one of each Pokémon
|rule|Item Clause: Limit 1 of each item
|clearpoke
|poke|p1|Sceptile, L50, M, shiny|
|poke|p1|Rotom-Heat, L50, shiny|
|poke|p1|Toxapex, L50, F, shiny|
|poke|p1|Incineroar, L50, M, shiny|
|poke|p1|Garchomp, L50, M|
|poke|p1|Gholdengo, L50|
|poke|p2|Pelipper, L50, F|
|poke|p2|Basculegion, L50, M|
|poke|p2|Incineroar, L50, M|
|poke|p2|Raichu, L50, F|
|poke|p2|Scizor, L50, F|
|poke|p2|Sinistcha, L50|
|teampreview|4
|showteam|p1|Sceptile||Sceptilite|Overgrow|Detect,EnergyBall,DragonPulse,EarthPower|Timid||M|||50|]Rotom-Heat||ChoiceScarf|Levitate|Discharge,Electroweb,Overheat,WillOWisp|Timid|||||50|]Toxapex||Leftovers|Regenerator|BanefulBunker,Infestation,Toxic,WideGuard|Bold||F|||50|]Incineroar||SitrusBerry|Intimidate|FakeOut,PartingShot,ThroatChop,FlareBlitz|Careful||M|||50|]Garchomp||LifeOrb|RoughSkin|Protect,RockSlide,Earthquake,DragonClaw|Jolly||M|||50|]Gholdengo||KasibBerry|GoodasGold|Protect,NastyPlot,ShadowBall,MakeItRain|Modest|||||50|
|showteam|p2|Pelipper||FocusSash|Drizzle|Hurricane,Tailwind,WeatherBall,Protect|Timid||F|||50|]Basculegion||ChoiceScarf|Adaptability|FlipTurn,LastRespects,WaveCrash,AquaJet|Jolly||M|||50|]Incineroar||SitrusBerry|Intimidate|FlareBlitz,PartingShot,FakeOut,DarkestLariat|Relaxed||M|||50|]Raichu||RaichuniteY|LightningRod|Encore,FocusBlast,ZapCannon,Protect|Timid||F|||50|]Scizor||Leftovers|Technician|Curse,Protect,BugBite,BulletPunch|Adamant||F|||50|]Sinistcha||OccaBerry|Hospitality|MatchaGotcha,RagePowder,TrickRoom,LifeDew|Sassy|||||50|
|inactive|Battle timer is ON: inactive players will automatically lose when time's up. (requested by thisisaladderteam)
|
|t:|1782455793
|teamsize|p1|4
|teamsize|p2|4
|start
|switch|p1a: Rotom|Rotom-Heat, L50, shiny|100/100
|switch|p1b: Sceptile|Sceptile, L50, M, shiny|100/100
|switch|p2a: Incineroar|Incineroar, L50, M|100/100
|switch|p2b: Pelipper|Pelipper, L50, F|100/100
|-weather|RainDance|[from] ability: Drizzle|[of] p2b: Pelipper
|-ability|p2a: Incineroar|Intimidate|boost
|-unboost|p1a: Rotom|atk|1
|-unboost|p1b: Sceptile|atk|1
|turn|1
|
|t:|1782455807
|switch|p1a: Toxapex|Toxapex, L50, F, shiny|100/100
|move|p1b: Sceptile|Detect|p1b: Sceptile
|-singleturn|p1b: Sceptile|Protect
|move|p2a: Incineroar|Fake Out|p1a: Toxapex
|-damage|p1a: Toxapex|92/100
|move|p2b: Pelipper|Tailwind|p2b: Pelipper
|-sidestart|p2: x5414|move: Tailwind
|
|-weather|RainDance|[upkeep]
|-heal|p1a: Toxapex|98/100|[from] item: Leftovers
|upkeep
|turn|2
|
|t:|1782455822
|switch|p1b: Incineroar|Incineroar, L50, M, shiny|100/100
|-ability|p1b: Incineroar|Intimidate|boost
|-unboost|p2a: Incineroar|atk|1
|-unboost|p2b: Pelipper|atk|1
|move|p2b: Pelipper|Hurricane|p1b: Incineroar
|-damage|p1b: Incineroar|69/100
|move|p2a: Incineroar|Parting Shot|p1b: Incineroar
|-unboost|p1b: Incineroar|atk|1
|-unboost|p1b: Incineroar|spa|1
|
|t:|1782455828
|switch|p2a: Raichu|Raichu, L50, F|100/100|[from] Parting Shot
|move|p1a: Toxapex|Toxic|p2b: Pelipper
|-status|p2b: Pelipper|tox
|
|-weather|RainDance|[upkeep]
|-heal|p1a: Toxapex|100/100|[from] item: Leftovers
|-damage|p2b: Pelipper|94/100 tox|[from] psn
|upkeep
|turn|3
|
|t:|1782455853
|detailschange|p2a: Raichu|Raichu-Mega-Y, L50, F
|-mega|p2a: Raichu|Raichu|Raichunite Y
|move|p1b: Incineroar|Fake Out|p2a: Raichu
|-damage|p2a: Raichu|83/100
|cant|p2a: Raichu|flinch
|move|p2b: Pelipper|Weather Ball|p1b: Incineroar
|-supereffective|p1b: Incineroar|1
|-damage|p1b: Incineroar|0 fnt
|faint|p1b: Incineroar
|move|p1a: Toxapex|Toxic|p2a: Raichu
|-status|p2a: Raichu|tox
|
|-weather|RainDance|[upkeep]
|-damage|p2a: Raichu|77/100 tox|[from] psn
|-damage|p2b: Pelipper|82/100 tox|[from] psn
|upkeep
|
|t:|1782455865
|switch|p1b: Sceptile|Sceptile, L50, M, shiny|100/100
|turn|4
|
|t:|1782455872
|switch|p2a: Incineroar|Incineroar, L50, M|100/100
|-ability|p2a: Incineroar|Intimidate|boost
|-unboost|p1a: Toxapex|atk|1
|-unboost|p1b: Sceptile|atk|1
|detailschange|p1b: Sceptile|Sceptile-Mega, L50, M, shiny
|-mega|p1b: Sceptile|Sceptile|Sceptilite
|move|p1b: Sceptile|Detect|p1b: Sceptile
|-singleturn|p1b: Sceptile|Protect
|move|p2b: Pelipper|Hurricane|p1b: Sceptile
|-activate|p1b: Sceptile|move: Protect
|move|p1a: Toxapex|Infestation|p2b: Pelipper
|-resisted|p2b: Pelipper|1
|-damage|p2b: Pelipper|79/100 tox
|-activate|p2b: Pelipper|move: Infestation|[of] p1a: Toxapex
|
|-weather|RainDance|[upkeep]
|-damage|p2b: Pelipper|61/100 tox|[from] psn
|-damage|p2b: Pelipper|49/100 tox|[from] move: Infestation|[partiallytrapped]
|-sideend|p2: x5414|move: Tailwind
|upkeep
|turn|5
|
|t:|1782455889
|switch|p1b: Rotom|Rotom-Heat, L50, shiny|100/100
|move|p2a: Incineroar|Fake Out|p1b: Rotom
|-damage|p1b: Rotom|87/100
|move|p2b: Pelipper|Tailwind|p2b: Pelipper
|-sidestart|p2: x5414|move: Tailwind
|move|p1a: Toxapex|Toxic|p2a: Incineroar
|-status|p2a: Incineroar|tox
|
|-weather|none
|-damage|p2b: Pelipper|25/100 tox|[from] psn
|-damage|p2a: Incineroar|94/100 tox|[from] psn
|-damage|p2b: Pelipper|14/100 tox|[from] move: Infestation|[partiallytrapped]
|upkeep
|turn|6
|
|t:|1782455908
|move|p2b: Pelipper|Hurricane|p1b: Rotom
|-resisted|p1b: Rotom|1
|-damage|p1b: Rotom|63/100
|move|p1b: Rotom|Electroweb|p2b: Pelipper|[spread] p2a,p2b
|-supereffective|p2b: Pelipper|2
|-damage|p2a: Incineroar|79/100 tox
|-damage|p2b: Pelipper|0 fnt
|-unboost|p2a: Incineroar|spe|1
|faint|p2b: Pelipper
|move|p2a: Incineroar|Darkest Lariat|p1b: Rotom
|-damage|p1b: Rotom|22/100
|move|p1a: Toxapex|Infestation|p2a: Incineroar
|-damage|p2a: Incineroar|76/100 tox
|-activate|p2a: Incineroar|move: Infestation|[of] p1a: Toxapex
|
|-damage|p2a: Incineroar|64/100 tox|[from] psn
|-damage|p2a: Incineroar|51/100 tox|[from] move: Infestation|[partiallytrapped]
|upkeep
|
|t:|1782455921
|switch|p2b: Basculegion|Basculegion, L50, M|100/100
|turn|7
|
|t:|1782455935
|move|p1a: Toxapex|Baneful Bunker|p1a: Toxapex
|-singleturn|p1a: Toxapex|move: Protect
|move|p2b: Basculegion|Last Respects|p1b: Rotom
|-damage|p1b: Rotom|0 fnt
|faint|p1b: Rotom
|move|p2a: Incineroar|Darkest Lariat|p1a: Toxapex
|-activate|p1a: Toxapex|move: Protect
|
|-damage|p2a: Incineroar|34/100 tox|[from] psn
|-damage|p2a: Incineroar|21/100 tox|[from] move: Infestation|[partiallytrapped]
|upkeep
|-enditem|p2a: Incineroar|Sitrus Berry|[eat]
|-heal|p2a: Incineroar|46/100 tox|[from] item: Sitrus Berry
|
|t:|1782455943
|switch|p1b: Sceptile|Sceptile-Mega, L50, M, shiny|100/100
|turn|8
|
|t:|1782455956
|move|p1b: Sceptile|Detect|p1b: Sceptile
|-singleturn|p1b: Sceptile|Protect
|move|p2b: Basculegion|Last Respects|p1b: Sceptile
|-activate|p1b: Sceptile|move: Protect
|move|p2a: Incineroar|Parting Shot|p2b: Basculegion
|-unboost|p2b: Basculegion|atk|1
|-unboost|p2b: Basculegion|spa|1
|
|t:|1782455959
|switch|p2a: Raichu|Raichu-Mega-Y, L50, F|77/100 tox|[from] Parting Shot
|move|p1a: Toxapex|Infestation|p2b: Basculegion
|-resisted|p2b: Basculegion|1
|-damage|p2b: Basculegion|98/100
|-activate|p2b: Basculegion|move: Infestation|[of] p1a: Toxapex
|
|-damage|p2a: Raichu|71/100 tox|[from] psn
|-damage|p2b: Basculegion|86/100|[from] move: Infestation|[partiallytrapped]
|-sideend|p2: x5414|move: Tailwind
|upkeep
|turn|9
|
|t:|1782455972
|switch|p2b: Incineroar|Incineroar, L50, M|46/100 tox
|-ability|p2b: Incineroar|Intimidate|boost
|-unboost|p1a: Toxapex|atk|1
|-unboost|p1b: Sceptile|atk|1
|move|p2a: Raichu|Protect|p2a: Raichu
|-singleturn|p2a: Raichu|Protect
|move|p1b: Sceptile|Energy Ball|p2b: Incineroar
|-resisted|p2b: Incineroar|1
|-damage|p2b: Incineroar|23/100 tox
|move|p1a: Toxapex|Infestation|p2a: Raichu
|-activate|p2a: Raichu|move: Protect
|
|-damage|p2a: Raichu|59/100 tox|[from] psn
|-damage|p2b: Incineroar|17/100 tox|[from] psn
|upkeep
|turn|10
|inactive|x5414 has 30 seconds left.
|inactive|x5414 has 20 seconds left.
|
|t:|1782456009
|move|p1b: Sceptile|Detect|p1b: Sceptile
|-singleturn|p1b: Sceptile|Protect
|move|p2b: Incineroar|Fake Out|p1b: Sceptile
|-activate|p1b: Sceptile|move: Protect
|move|p2a: Raichu|Focus Blast|p1b: Sceptile
|-activate|p1b: Sceptile|move: Protect
|move|p1a: Toxapex|Infestation|p2a: Raichu
|-damage|p2a: Raichu|55/100 tox
|-activate|p2a: Raichu|move: Infestation|[of] p1a: Toxapex
|
|-damage|p2a: Raichu|37/100 tox|[from] psn
|-damage|p2b: Incineroar|5/100 tox|[from] psn
|-damage|p2a: Raichu|25/100 tox|[from] move: Infestation|[partiallytrapped]
|upkeep
|turn|11
|
|t:|1782456025
|move|p1b: Sceptile|Energy Ball|p2a: Raichu
|-damage|p2a: Raichu|0 fnt
|faint|p2a: Raichu
|move|p2b: Incineroar|Flare Blitz|p1b: Sceptile
|-damage|p1b: Sceptile|32/100
|-damage|p2b: Incineroar|0 fnt|[from] Recoil
|faint|p2b: Incineroar
|move|p1a: Toxapex|Infestation|p2: Raichu|[notarget]
|-fail|p1a: Toxapex
|
|upkeep
|
|t:|1782456029
|switch|p2b: Basculegion|Basculegion, L50, M|86/100
|turn|12
|
|t:|1782456036
|move|p1b: Sceptile|Energy Ball|p2b: Basculegion
|-supereffective|p2b: Basculegion|1
|-damage|p2b: Basculegion|0 fnt
|faint|p2b: Basculegion
|
|win|thisisaladderteam
|raw|thisisaladderteam's rating: 1182 → 1213(+31 for winning)
|raw|x5414's rating: 1270 → 1239(-31 for losing)
