|j|☆Pengy
|j|☆Sificon~
|html|PengySificon~    
|uhtml|bestof|Game 1 of a best-of-3
|t:|1783617062
|gametype|doubles
|player|p1|Pengy|#smogonxnpa2024draftee|
|player|p2|Sificon~|#sificon2|
|gen|9
|tier|[Gen 9 Champions] VGC 2026 Reg M-B (Bo3)
|rule|Species Clause: Limit one of each Pokémon
|rule|Item Clause: Limit 1 of each item
|clearpoke
|poke|p1|Volcarona, L50, F|
|poke|p1|Milotic, L50, F|
|poke|p1|Gholdengo, L50|
|poke|p1|Sinistcha, L50|
|poke|p1|Tyranitar, L50, M|
|poke|p1|Grimmsnarl, L50, M|
|poke|p2|Golurk, L50|
|poke|p2|Sylveon, L50, M|
|poke|p2|Incineroar, L50, M|
|poke|p2|Farigiraf, L50, F|
|poke|p2|Sneasler, L50, M|
|poke|p2|Torkoal, L50, F|
|teampreview|4
|showteam|p1|Volcarona||SitrusBerry|FlameBody|FieryDance,StruggleBug,RagePowder,Tailwind|Timid||F|||50|]Milotic||Leftovers|Competitive|MuddyWater,Coil,Hypnosis,Recover|Calm||F|||50|]Gholdengo||LifeOrb|GoodasGold|MakeItRain,ShadowBall,NastyPlot,Protect|Modest|||||50|]Sinistcha||ColburBerry|Hospitality|MatchaGotcha,RagePowder,TrickRoom,Protect|Bold|||||50|]Tyranitar||Tyranitarite|SandStream|RockSlide,KnockOff,DragonDance,Protect|Jolly||M|||50|]Grimmsnarl||LightClay|Prankster|FakeOut,Reflect,LightScreen,PartingShot|Careful||M|||50|
|showteam|p2|Golurk||Golurkite|NoGuard|HeadlongRush,Protect,IcePunch,Poltergeist|Brave|||||50|]Sylveon||FairyFeather|Pixilate|HyperVoice,Detect,CalmMind,HyperBeam|Quiet||M|||50|]Incineroar||SitrusBerry|Intimidate|FlareBlitz,PartingShot,FakeOut,DarkestLariat|Adamant||M|||50|]Farigiraf||ColburBerry|ArmorTail|PsychicNoise,HelpingHand,Thunderbolt,TrickRoom|Quiet||F|||50|]Sneasler||FocusSash|Unburden|CloseCombat,PoisonJab,RockSlide,FakeOut|Adamant||M|||50|]Torkoal||Charcoal|Drought|Eruption,WeatherBall,HeatWave,Protect|Quiet||F|||50|
|inactive|Battle timer is ON: inactive players will automatically lose when time's up. (requested by Sificon~)
|c|☆Pengy|gl hf!
|c|☆Sificon~|hf!
|inactive|Sificon~ has 60 seconds left.
|
|t:|1783617109
|teamsize|p1|4
|teamsize|p2|4
|start
|switch|p1a: Milotic|Milotic, L50, F|100/100
|switch|p1b: Grimmsnarl|Grimmsnarl, L50, M|100/100
|switch|p2a: Sneasler|Sneasler, L50, M|100/100
|switch|p2b: Farigiraf|Farigiraf, L50, F|100/100
|turn|1
|inactive|Sificon~ has 30 seconds left.
|inactive|Sificon~ has 20 seconds left.
|inactive|Sificon~ has 15 seconds left.
|inactive|Sificon~ has 10 seconds left.
|
|t:|1783617159
|move|p2a: Sneasler|Fake Out|p1b: Grimmsnarl
|-damage|p1b: Grimmsnarl|84/100
|cant|p1b: Grimmsnarl|flinch
|move|p1a: Milotic|Coil|p1a: Milotic
|-boost|p1a: Milotic|atk|1
|-boost|p1a: Milotic|def|1
|-boost|p1a: Milotic|accuracy|1
|move|p2b: Farigiraf|Trick Room|p2b: Farigiraf
|-fieldstart|move: Trick Room|[of] p2b: Farigiraf
|
|upkeep
|turn|2
|
|t:|1783617169
|switch|p2a: Sylveon|Sylveon, L50, M|100/100
|move|p1b: Grimmsnarl|Light Screen|p1b: Grimmsnarl
|-sidestart|p1: Pengy|move: Light Screen
|move|p2b: Farigiraf|Thunderbolt|p1a: Milotic
|-supereffective|p1a: Milotic|1
|-damage|p1a: Milotic|80/100
|move|p1a: Milotic|Muddy Water|p2a: Sylveon|[spread] p2a,p2b
|-damage|p2a: Sylveon|80/100
|-damage|p2b: Farigiraf|79/100
|
|-heal|p1a: Milotic|86/100|[from] item: Leftovers
|upkeep
|turn|3
|
|t:|1783617192
|switch|p1b: Sinistcha|Sinistcha, L50|100/100
|-heal|p1a: Milotic|100/100|[from] ability: Hospitality|[of] p1b: Sinistcha
|move|p2b: Farigiraf|Helping Hand|p2a: Sylveon
|-singleturn|p2a: Sylveon|Helping Hand|[of] p2b: Farigiraf
|move|p2a: Sylveon|Hyper Voice|p1a: Milotic|[spread] p1a,p1b
|-damage|p1a: Milotic|72/100
|-damage|p1b: Sinistcha|55/100
|move|p1a: Milotic|Hypnosis|p2a: Sylveon|[miss]
|-miss|p1a: Milotic|p2a: Sylveon
|
|-heal|p1a: Milotic|78/100|[from] item: Leftovers
|upkeep
|turn|4
|inactive|Sificon~ has 30 seconds left.
|inactive|Pengy has 30 seconds left.
|
|t:|1783617229
|switch|p2b: Golurk|Golurk, L50|100/100
|move|p2a: Sylveon|Hyper Voice|p1a: Milotic|[spread] p1a,p1b
|-crit|p1b: Sinistcha
|-damage|p1a: Milotic|59/100
|-damage|p1b: Sinistcha|0 fnt
|faint|p1b: Sinistcha
|move|p1a: Milotic|Muddy Water|p2a: Sylveon|[spread] p2a,p2b
|-supereffective|p2b: Golurk|1
|-crit|p2b: Golurk
|-damage|p2a: Sylveon|62/100
|-damage|p2b: Golurk|28/100
|-unboost|p2b: Golurk|accuracy|1
|
|-heal|p1a: Milotic|65/100|[from] item: Leftovers
|upkeep
|
|t:|1783617235
|switch|p1b: Grimmsnarl|Grimmsnarl, L50, M|84/100
|turn|5
|
|t:|1783617256
|switch|p2b: Farigiraf|Farigiraf, L50, F|79/100
|move|p1b: Grimmsnarl|Fake Out||[still]
|cant|p2b: Farigiraf|ability: Armor Tail|Fake Out|[of] p1b: Grimmsnarl
|move|p2a: Sylveon|Hyper Voice|p1a: Milotic|[spread] p1a,p1b
|-supereffective|p1b: Grimmsnarl|1
|-damage|p1a: Milotic|46/100
|-damage|p1b: Grimmsnarl|31/100
|move|p1a: Milotic|Muddy Water|p2b: Farigiraf|[spread] p2a,p2b
|-damage|p2a: Sylveon|44/100
|-damage|p2b: Farigiraf|59/100
|-unboost|p2a: Sylveon|accuracy|1
|
|-heal|p1a: Milotic|52/100|[from] item: Leftovers
|-fieldend|move: Trick Room
|upkeep
|turn|6
|inactive|Sificon~ has 30 seconds left.
|
|t:|1783617283
|switch|p1b: Tyranitar|Tyranitar, L50, M|100/100
|-weather|Sandstorm|[from] ability: Sand Stream|[of] p1b: Tyranitar
|move|p1a: Milotic|Hypnosis|p2b: Farigiraf
|-status|p2b: Farigiraf|slp|[from] move: Hypnosis
|move|p2a: Sylveon|Hyper Beam|p1a: Milotic|[miss]
|-miss|p2a: Sylveon|p1a: Milotic
|cant|p2b: Farigiraf|slp
|
|-weather|Sandstorm|[upkeep]
|-damage|p1a: Milotic|46/100|[from] Sandstorm
|-damage|p2b: Farigiraf|53/100 slp|[from] Sandstorm
|-damage|p2a: Sylveon|38/100|[from] Sandstorm
|-heal|p1a: Milotic|52/100|[from] item: Leftovers
|upkeep
|turn|7
|j| glitched
|
|t:|1783617312
|detailschange|p1b: Tyranitar|Tyranitar-Mega, L50, M
|-mega|p1b: Tyranitar|Tyranitar|Tyranitarite
|move|p1b: Tyranitar|Rock Slide|p2b: Farigiraf|[spread] p2a,p2b
|-damage|p2a: Sylveon|0 fnt
|-damage|p2b: Farigiraf|23/100 slp
|faint|p2a: Sylveon
|move|p1a: Milotic|Recover|p1a: Milotic
|-heal|p1a: Milotic|100/100
|cant|p2b: Farigiraf|slp
|
|-weather|Sandstorm|[upkeep]
|-damage|p1a: Milotic|94/100|[from] Sandstorm
|-damage|p2b: Farigiraf|17/100 slp|[from] Sandstorm
|-heal|p1a: Milotic|100/100|[from] item: Leftovers
|upkeep
|
|t:|1783617318
|switch|p2a: Sneasler|Sneasler, L50, M|100/100
|turn|8
|
|t:|1783617326
|switch|p1b: Grimmsnarl|Grimmsnarl, L50, M|31/100
|move|p2a: Sneasler|Close Combat|p1b: Grimmsnarl
|-damage|p1b: Grimmsnarl|0 fnt
|-unboost|p2a: Sneasler|def|1
|-unboost|p2a: Sneasler|spd|1
|faint|p1b: Grimmsnarl
|move|p1a: Milotic|Muddy Water|p2b: Farigiraf|[spread] p2a,p2b
|-damage|p2a: Sneasler|53/100
|-damage|p2b: Farigiraf|0 fnt
|faint|p2b: Farigiraf
|
|-weather|Sandstorm|[upkeep]
|-damage|p2a: Sneasler|47/100|[from] Sandstorm
|-damage|p1a: Milotic|94/100|[from] Sandstorm
|-heal|p1a: Milotic|100/100|[from] item: Leftovers
|upkeep
|
|t:|1783617330
|switch|p1b: Tyranitar|Tyranitar-Mega, L50, M|100/100
|switch|p2b: Golurk|Golurk, L50|28/100
|turn|9
|
|t:|1783617338
|detailschange|p2b: Golurk|Golurk-Mega, L50
|-mega|p2b: Golurk|Golurk|Golurkite
|move|p1b: Tyranitar|Protect|p1b: Tyranitar
|-singleturn|p1b: Tyranitar|Protect
|move|p2a: Sneasler|Close Combat|p1b: Tyranitar
|-activate|p1b: Tyranitar|move: Protect
|move|p1a: Milotic|Muddy Water|p2a: Sneasler|[spread] p2a,p2b
|-supereffective|p2b: Golurk|1
|-damage|p2a: Sneasler|0 fnt
|-damage|p2b: Golurk|0 fnt
|faint|p2a: Sneasler
|faint|p2b: Golurk
|
|win|Pengy
|c|☆Sificon~|gg
||Sificon~ is ready for game 2.
|c|☆Pengy|gg
||Pengy is ready for game 2.
|uhtml|next|Next: Game 2 of 3
|l|☆Sificon~
|player|p2|
|l| glitched
