|j|☆reuman
|j|☆Lorido
|html|reumanLorido    
|uhtml|bestof|Game 3 of a best-of-3
|t:|1784910896
|gametype|doubles
|player|p1|reuman|lucas|1118
|player|p2|Lorido|169|1177
|gen|9
|tier|[Gen 9 Champions] VGC 2026 Reg M-B (Bo3)
|rated|
|rule|Species Clause: Limit one of each Pokémon
|rule|Item Clause: Limit 1 of each item
|clearpoke
|poke|p1|Incineroar, L50, F|
|poke|p1|Milotic, L50, M|
|poke|p1|Whimsicott, L50, M|
|poke|p1|Metagross, L50, shiny|
|poke|p1|Delphox, L50, F|
|poke|p1|Gholdengo, L50|
|poke|p2|Aerodactyl, L50, F|
|poke|p2|Kingambit, L50, M|
|poke|p2|Sylveon, L50, F|
|poke|p2|Charizard, L50, M|
|poke|p2|Garchomp, L50, F|
|poke|p2|Farigiraf, L50, M|
|teampreview|4
|showteam|p1|Incineroar||SitrusBerry|Intimidate|ThroatChop,FlareBlitz,FakeOut,CloseCombat|Careful||F|||50|]Milotic||Leftovers|Competitive|AlluringVoice,MuddyWater,IcyWind,Protect|Calm||M|||50|]Whimsicott||FocusSash|Prankster|Tailwind,Encore,Protect,Moonblast|Bold||M|||50|]Metagross||Metagrossite|ClearBody|BodyPress,BulletPunch,Protect,PsychicFangs|Adamant|||||50|]Delphox||Delphoxite|Blaze|HeatWave,Psychic,Protect,DazzlingGleam|Timid||F|||50|]Gholdengo||ChoiceScarf|GoodasGold|FlashCannon,ShadowBall,DazzlingGleam,Thunderbolt|Timid|||||50|
|showteam|p2|Aerodactyl||Aerodactylite|Unnerve|RockSlide,DualWingbeat,IceFang,Tailwind|Jolly||F|||50|]Kingambit||BlackGlasses|Defiant|KowtowCleave,IronHead,SuckerPunch,LowKick|Jolly||M|||50|]Sylveon||FairyFeather|Pixilate|HyperVoice,QuickAttack,HyperBeam,Detect|Modest||F|||50|]Charizard||CharizarditeY|Blaze|HeatWave,WeatherBall,SolarBeam,Protect|Modest||M|||50|]Garchomp||LifeOrb|RoughSkin|DragonClaw,Earthquake,RockSlide,Protect|Jolly||F|||50|]Farigiraf||SitrusBerry|ArmorTail|TwinBeam,Thunderbolt,TrickRoom,HelpingHand|Relaxed||M|||50|
|inactive|Battle timer is ON: inactive players will automatically lose when time's up. (requested by Lorido)
|
|t:|1784910924
|teamsize|p1|4
|teamsize|p2|4
|start
|switch|p1a: Metagross|Metagross, L50, shiny|100/100
|switch|p1b: Incineroar|Incineroar, L50, F|100/100
|switch|p2a: Kingambit|Kingambit, L50, M|100/100
|switch|p2b: Charizard|Charizard, L50, M|100/100
|-ability|p1b: Incineroar|Intimidate|boost
|-unboost|p2a: Kingambit|atk|1
|-ability|p2a: Kingambit|Defiant|boost
|-boost|p2a: Kingambit|atk|2
|-unboost|p2b: Charizard|atk|1
|turn|1
|
|t:|1784910949
|switch|p2a: Garchomp|Garchomp, L50, F|100/100
|detailschange|p1a: Metagross|Metagross-Mega, L50, shiny
|-mega|p1a: Metagross|Metagross|Metagrossite
|move|p2b: Charizard|Protect|p2b: Charizard
|-singleturn|p2b: Charizard|Protect
|move|p1b: Incineroar|Fake Out|p2b: Charizard
|-activate|p2b: Charizard|move: Protect
|move|p1a: Metagross|Body Press|p2a: Garchomp
|-damage|p2a: Garchomp|58/100
|-damage|p1a: Metagross|87/100|[from] ability: Rough Skin|[of] p2a: Garchomp
|
|upkeep
|turn|2
|
|t:|1784910964
|switch|p1a: Milotic|Milotic, L50, M|100/100
|detailschange|p2b: Charizard|Charizard-Mega-Y, L50, M
|-mega|p2b: Charizard|Charizard|Charizardite Y
|-weather|SunnyDay|[from] ability: Drought|[of] p2b: Charizard
|move|p2a: Garchomp|Earthquake|p1b: Incineroar|[spread] p1a,p1b
|-immune|p2b: Charizard
|-supereffective|p1b: Incineroar|1
|-damage|p1a: Milotic|55/100
|-damage|p1b: Incineroar|0 fnt
|faint|p1b: Incineroar
|-damage|p2a: Garchomp|49/100|[from] item: Life Orb
|move|p2b: Charizard|Heat Wave|p1a: Milotic
|-resisted|p1a: Milotic|1
|-damage|p1a: Milotic|30/100
|
|-weather|SunnyDay|[upkeep]
|-heal|p1a: Milotic|36/100|[from] item: Leftovers
|upkeep
|
|t:|1784910978
|switch|p1b: Delphox|Delphox, L50, F|100/100
|turn|3
|
|t:|1784910996
|move|p1b: Delphox|Dazzling Gleam|p2b: Charizard|[spread] p2a,p2b
|-supereffective|p2a: Garchomp|1
|-resisted|p2b: Charizard|1
|-damage|p2a: Garchomp|8/100
|-damage|p2b: Charizard|91/100
|move|p2a: Garchomp|Rock Slide|p1a: Milotic|[spread] p1a
|-miss|p2a: Garchomp|p1b: Delphox
|-damage|p1a: Milotic|13/100
|-damage|p2a: Garchomp|0 fnt|[from] item: Life Orb
|faint|p2a: Garchomp
|move|p2b: Charizard|Solar Beam||[still]
|-prepare|p2b: Charizard|Solar Beam
|-anim|p2b: Charizard|Solar Beam|p1a: Milotic
|-supereffective|p1a: Milotic|1
|-damage|p1a: Milotic|0 fnt
|faint|p1a: Milotic
|
|-weather|SunnyDay|[upkeep]
|upkeep
|inactive|reuman has 30 seconds left.
|
|t:|1784911024
|switch|p2a: Aerodactyl|Aerodactyl, L50, F|100/100
|switch|p1a: Metagross|Metagross-Mega, L50, shiny|87/100
|-ability|p2a: Aerodactyl|Unnerve
|turn|4
|
|t:|1784911035
|move|p1a: Metagross|Bullet Punch|p2a: Aerodactyl
|-supereffective|p2a: Aerodactyl|1
|-damage|p2a: Aerodactyl|13/100
|move|p2a: Aerodactyl|Tailwind|p2a: Aerodactyl
|-sidestart|p2: Lorido|move: Tailwind
|move|p2b: Charizard|Heat Wave|p1a: Metagross|[spread] p1b
|-miss|p2b: Charizard|p1a: Metagross
|-resisted|p1b: Delphox|1
|-damage|p1b: Delphox|66/100
|move|p1b: Delphox|Psychic|p2b: Charizard
|-damage|p2b: Charizard|50/100g
|
|-weather|SunnyDay|[upkeep]
|upkeep
|turn|5
|inactive|reuman has 30 seconds left.
|
|t:|1784911063
|move|p1a: Metagross|Bullet Punch|p2a: Aerodactyl
|-supereffective|p2a: Aerodactyl|1
|-damage|p2a: Aerodactyl|0 fnt
|faint|p2a: Aerodactyl
|move|p2b: Charizard|Weather Ball|p1a: Metagross
|-supereffective|p1a: Metagross|1
|-damage|p1a: Metagross|0 fnt
|faint|p1a: Metagross
|move|p1b: Delphox|Psychic|p2b: Charizard
|-damage|p2b: Charizard|13/100
|
|-weather|SunnyDay|[upkeep]
|upkeep
|
|t:|1784911072
|switch|p2a: Kingambit|Kingambit, L50, M|100/100
|turn|6
|
|t:|1784911083
|move|p2a: Kingambit|Sucker Punch|p1b: Delphox
|-supereffective|p1b: Delphox|1
|-damage|p1b: Delphox|0 fnt
|faint|p1b: Delphox
|
|win|Lorido
|raw|reuman's rating: 1118 → 1097(-21 for losing)
|raw|Lorido's rating: 1177 → 1198(+21 for winning)
