|j|☆satandagiii2005
|j|☆McPootisCakes
|html|satandagiii2005McPootisCakes    
|uhtml|bestof|Game 3 of a best-of-3
|t:|1782414638
|gametype|doubles
|player|p1|satandagiii2005|byron|1075
|player|p2|McPootisCakes|ethan|1104
|gen|9
|tier|[Gen 9 Champions] VGC 2026 Reg M-B (Bo3)
|rated|
|rule|Species Clause: Limit one of each Pokémon
|rule|Item Clause: Limit 1 of each item
|clearpoke
|poke|p1|Metagross, L50, shiny|
|poke|p1|Sneasler, L50, M|
|poke|p1|Hydreigon, L50, M|
|poke|p1|Incineroar, L50, F, shiny|
|poke|p1|Aerodactyl, L50, F, shiny|
|poke|p1|Floette-Eternal, L50, F, shiny|
|poke|p2|Pelipper, L50, M|
|poke|p2|Swampert, L50, F|
|poke|p2|Archaludon, L50, M|
|poke|p2|Sinistcha, L50|
|poke|p2|Grimmsnarl, L50, M|
|poke|p2|Floette-Eternal, L50, F|
|teampreview|4
|showteam|p1|Metagross||Metagrossite|ClearBody|PsychicFangs,BodyPress,IronHead,Protect|Jolly|||||50|]Sneasler||WhiteHerb|Unburden|DireClaw,FakeOut,CloseCombat,Coaching|Jolly||M|||50|]Hydreigon||ChoiceScarf|Levitate|DracoMeteor,DarkPulse,Snarl,EarthPower|Modest||M|||50|]Incineroar||PasshoBerry|Intimidate|PartingShot,FakeOut,FlareBlitz,DarkestLariat|Careful||F|||50|]Aerodactyl||FocusSash|Unnerve|RockSlide,DualWingbeat,Tailwind,WideGuard|Jolly||F|||50|]Floette-Eternal||Floettite|FlowerVeil|DrainingKiss,DazzlingGleam,CalmMind,Protect|Modest||F|||50|
|showteam|p2|Pelipper||SitrusBerry|Drizzle|Tailwind,Hurricane,WeatherBall,Protect|Bold||M|||50|]Swampert||Swampertite|Damp|WaveCrash,Earthquake,IcePunch,Protect|Adamant||F|||50|]Archaludon||Leftovers|Stamina|DracoMeteor,FlashCannon,ElectroShot,Protect|Modest||M|||50|]Sinistcha||KasibBerry|Hospitality|MatchaGotcha,LifeDew,RagePowder,TrickRoom|Calm|||||50|]Grimmsnarl||LightClay|Prankster|SpiritBreak,Reflect,LightScreen,PartingShot|Careful||M|||50|]Floette-Eternal||Floettite|FlowerVeil|Moonblast,DazzlingGleam,CalmMind,Protect|Modest||F|||50|
|j| Void_Tierra
|
|t:|1782414689
|teamsize|p1|4
|teamsize|p2|4
|start
|switch|p1a: Sneasler|Sneasler, L50, M|100/100
|switch|p1b: Floette|Floette-Eternal, L50, F, shiny|100/100
|switch|p2a: Grimmsnarl|Grimmsnarl, L50, M|100/100
|switch|p2b: Archaludon|Archaludon, L50, M|100/100
|turn|1
|inactive|Battle timer is ON: inactive players will automatically lose when time's up. (requested by satandagiii2005)
|inactive|McPootisCakes has 60 seconds left.
|inactive|satandagiii2005 has 60 seconds left.
|inactive|McPootisCakes has 30 seconds left.
|inactive|satandagiii2005 has 30 seconds left.
|
|t:|1782414764
|detailschange|p1b: Floette|Floette-Mega, L50, F, shiny
|-mega|p1b: Floette|Floette|Floettite
|-ability|p1b: Floette|Fairy Aura
|move|p2b: Archaludon|Protect|p2b: Archaludon
|-singleturn|p2b: Archaludon|Protect
|move|p1a: Sneasler|Fake Out|p2b: Archaludon
|-activate|p2b: Archaludon|move: Protect
|move|p2a: Grimmsnarl|Light Screen|p2a: Grimmsnarl
|-sidestart|p2: McPootisCakes|move: Light Screen
|move|p1b: Floette|Calm Mind|p1b: Floette
|-boost|p1b: Floette|spa|1
|-boost|p1b: Floette|spd|1
|
|upkeep
|turn|2
|inactive|satandagiii2005 has 30 seconds left.
|inactive|McPootisCakes has 30 seconds left.
|inactive|McPootisCakes has 20 seconds left.
|
|t:|1782414801
|switch|p2b: Pelipper|Pelipper, L50, M|100/100
|-weather|RainDance|[from] ability: Drizzle|[of] p2b: Pelipper
|move|p2a: Grimmsnarl|Reflect|p2a: Grimmsnarl
|-sidestart|p2: McPootisCakes|Reflect
|move|p1a: Sneasler|Close Combat|p2b: Pelipper
|-resisted|p2b: Pelipper|1
|-damage|p2b: Pelipper|81/100
|-unboost|p1a: Sneasler|def|1
|-unboost|p1a: Sneasler|spd|1
|-enditem|p1a: Sneasler|White Herb
|-clearnegativeboost|p1a: Sneasler|[silent]
|move|p1b: Floette|Dazzling Gleam|p2b: Pelipper|[spread] p2a,p2b
|-supereffective|p2a: Grimmsnarl|1
|-damage|p2a: Grimmsnarl|24/100
|-damage|p2b: Pelipper|16/100
|-enditem|p2b: Pelipper|Sitrus Berry|[eat]
|-heal|p2b: Pelipper|40/100|[from] item: Sitrus Berry
|
|-weather|RainDance|[upkeep]
|upkeep
|turn|3
|inactive|satandagiii2005 has 30 seconds left.
|inactive|McPootisCakes has 30 seconds left.
|inactive|satandagiii2005 has 20 seconds left.
|inactive|satandagiii2005 has 15 seconds left.
|inactive|satandagiii2005 has 10 seconds left.
|
|t:|1782414846
|switch|p1a: Aerodactyl|Aerodactyl, L50, F, shiny|100/100
|-ability|p1a: Aerodactyl|Unnerve
|move|p2a: Grimmsnarl|Parting Shot|p1b: Floette
|-unboost|p1b: Floette|atk|1
|-unboost|p1b: Floette|spa|1
|
|t:|1782414857
|switch|p2a: Swampert|Swampert, L50, F|100/100|[from] Parting Shot
|move|p1b: Floette|Calm Mind|p1b: Floette
|-boost|p1b: Floette|spa|1
|-boost|p1b: Floette|spd|1
|move|p2b: Pelipper|Hurricane|p1a: Aerodactyl
|-resisted|p1a: Aerodactyl|1
|-damage|p1a: Aerodactyl|69/100
|-start|p1a: Aerodactyl|confusion
|
|-weather|RainDance|[upkeep]
|upkeep
|turn|4
|inactive|satandagiii2005 has 30 seconds left.
|inactive|McPootisCakes has 30 seconds left.
|inactive|satandagiii2005 has 20 seconds left.
|inactive|McPootisCakes has 20 seconds left.
|inactive|McPootisCakes has 15 seconds left.
|inactive|McPootisCakes has 10 seconds left.
|inactive|McPootisCakes has 5 seconds left.
|
|t:|1782414908
|detailschange|p2a: Swampert|Swampert-Mega, L50, F
|-mega|p2a: Swampert|Swampert|Swampertite
|move|p1b: Floette|Protect|p1b: Floette
|-singleturn|p1b: Floette|Protect
|move|p2a: Swampert|Wave Crash|p1a: Aerodactyl
|-supereffective|p1a: Aerodactyl|1
|-damage|p1a: Aerodactyl|0 fnt
|faint|p1a: Aerodactyl
|-damage|p2a: Swampert|80/100|[from] Recoil
|move|p2b: Pelipper|Tailwind|p2b: Pelipper
|-sidestart|p2: McPootisCakes|move: Tailwind
|
|-weather|RainDance|[upkeep]
|upkeep
|
|t:|1782414920
|switch|p1a: Sneasler|Sneasler, L50, M|100/100
|turn|5
|inactive|McPootisCakes has 30 seconds left.
|inactive|McPootisCakes has 20 seconds left.
|inactive|McPootisCakes has 15 seconds left.
|inactive|McPootisCakes has 10 seconds left.
|
|t:|1782414966
|move|p2a: Swampert|Protect|p2a: Swampert
|-singleturn|p2a: Swampert|Protect
|move|p2b: Pelipper|Protect|p2b: Pelipper
|-singleturn|p2b: Pelipper|Protect
|move|p1a: Sneasler|Fake Out|p2a: Swampert
|-activate|p2a: Swampert|move: Protect
|move|p1b: Floette|Dazzling Gleam|p2b: Pelipper|[spread] 
|-activate|p2a: Swampert|move: Protect
|-activate|p2b: Pelipper|move: Protect
|
|-weather|RainDance|[upkeep]
|upkeep
|turn|6
|inactive|McPootisCakes has 30 seconds left.
|inactive|McPootisCakes has 20 seconds left.
|inactive|McPootisCakes has 15 seconds left.
|
|t:|1782415011
|switch|p1a: Hydreigon|Hydreigon, L50, M|100/100
|switch|p2b: Grimmsnarl|Grimmsnarl, L50, M|24/100
|move|p1b: Floette|Protect|p1b: Floette
|-singleturn|p1b: Floette|Protect
|move|p2a: Swampert|Earthquake|p1b: Floette|[spread] p2b
|-activate|p1b: Floette|move: Protect
|-immune|p1a: Hydreigon|[from] ability: Levitate
|-damage|p2b: Grimmsnarl|0 fnt
|faint|p2b: Grimmsnarl
|
|-weather|none
|upkeep
|
|t:|1782415025
|switch|p2b: Pelipper|Pelipper, L50, M|40/100
|-weather|RainDance|[from] ability: Drizzle|[of] p2b: Pelipper
|turn|7
|
|t:|1782415039
|move|p1b: Floette|Protect|p1b: Floette
|-singleturn|p1b: Floette|Protect
|move|p2a: Swampert|Wave Crash|p1b: Floette
|-activate|p1b: Floette|move: Protect
|move|p1a: Hydreigon|Draco Meteor|p2a: Swampert
|-damage|p2a: Swampert|34/100
|-unboost|p1a: Hydreigon|spa|2
|move|p2b: Pelipper|Hurricane|p1a: Hydreigon
|-damage|p1a: Hydreigon|47/100
|
|-weather|RainDance|[upkeep]
|-sideend|p2: McPootisCakes|move: Tailwind
|upkeep
|turn|8
|inactive|satandagiii2005 has 30 seconds left.
|inactive|McPootisCakes has 30 seconds left.
|
|t:|1782415068
|move|p1a: Hydreigon|Draco Meteor|p2a: Swampert
|-damage|p2a: Swampert|14/100
|-unboost|p1a: Hydreigon|spa|2
|move|p2a: Swampert|Wave Crash|p1b: Floette
|-damage|p1b: Floette|0 fnt
|faint|p1b: Floette
|-damage|p2a: Swampert|0 fnt|[from] Recoil
|faint|p2a: Swampert
|move|p2b: Pelipper|Tailwind|p2b: Pelipper
|-sidestart|p2: McPootisCakes|move: Tailwind
|
|-weather|RainDance|[upkeep]
|-sideend|p2: McPootisCakes|move: Light Screen
|upkeep
|
|t:|1782415081
|switch|p1b: Sneasler|Sneasler, L50, M|100/100
|switch|p2a: Archaludon|Archaludon, L50, M|100/100
|turn|9
|inactive|McPootisCakes has 30 seconds left.
|inactive|McPootisCakes has 20 seconds left.
|
|t:|1782415118
|move|p2a: Archaludon|Protect|p2a: Archaludon
|-singleturn|p2a: Archaludon|Protect
|move|p2b: Pelipper|Protect|p2b: Pelipper
|-singleturn|p2b: Pelipper|Protect
|move|p1b: Sneasler|Fake Out|p2b: Pelipper
|-activate|p2b: Pelipper|move: Protect
|move|p1a: Hydreigon|Draco Meteor|p2b: Pelipper
|-activate|p2b: Pelipper|move: Protect
|
|-weather|RainDance|[upkeep]
|-sideend|p2: McPootisCakes|Reflect
|upkeep
|turn|10
|inactive|McPootisCakes has 30 seconds left.
|
|t:|1782415149
|move|p1a: Hydreigon|Draco Meteor|p2b: Pelipper
|-crit|p2b: Pelipper
|-damage|p2b: Pelipper|0 fnt
|-unboost|p1a: Hydreigon|spa|2
|faint|p2b: Pelipper
|move|p2a: Archaludon|Electro Shot||[still]
|-prepare|p2a: Archaludon|Electro Shot
|-boost|p2a: Archaludon|spa|1
|-anim|p2a: Archaludon|Electro Shot|p1b: Sneasler
|-damage|p1b: Sneasler|15/100
|move|p1b: Sneasler|Close Combat|p2a: Archaludon
|-supereffective|p2a: Archaludon|1
|-damage|p2a: Archaludon|17/100
|-unboost|p1b: Sneasler|def|1
|-unboost|p1b: Sneasler|spd|1
|-ability|p2a: Archaludon|Stamina|boost
|-boost|p2a: Archaludon|def|1
|
|-weather|RainDance|[upkeep]
|-heal|p2a: Archaludon|23/100|[from] item: Leftovers
|upkeep
|turn|11
|inactive|McPootisCakes has 30 seconds left.
|
|t:|1782415179
|move|p1a: Hydreigon|Draco Meteor|p2a: Archaludon
|-crit|p2a: Archaludon
|-damage|p2a: Archaludon|0 fnt
|faint|p2a: Archaludon
|
|win|satandagiii2005
|raw|satandagiii2005's rating: 1075 → 1106(+31 for winning)
|raw|McPootisCakes's rating: 1104 → 1077(-27 for losing)
|c|☆satandagiii2005|gg wp
|c|☆McPootisCakes|Nice double crit lmao
|l|☆McPootisCakes
|player|p2|
