|j|☆tizio20
|j|☆Gottkomplexe
|html|tizio20Gottkomplexe    
|uhtml|bestof|Game 2 of a best-of-3
|t:|1785350343
|gametype|doubles
|player|p1|tizio20|169|
|player|p2|Gottkomplexe|ilima|
|gen|9
|tier|[Gen 9 Champions] VGC 2026 Reg M-B (Bo3)
|rule|Species Clause: Limit one of each Pokémon
|rule|Item Clause: Limit 1 of each item
|clearpoke
|poke|p1|Blastoise, L50, F|
|poke|p1|Delphox, L50, M|
|poke|p1|Incineroar, L50, F|
|poke|p1|Sneasler, L50, F|
|poke|p1|Sinistcha, L50|
|poke|p1|Kingambit, L50, F|
|poke|p2|Staraptor, L50, M|
|poke|p2|Charizard, L50, M|
|poke|p2|Glimmora, L50, M|
|poke|p2|Whimsicott, L50, F|
|poke|p2|Basculegion, L50, M|
|poke|p2|Garchomp, L50, M|
|teampreview|4
|showteam|p1|Blastoise||Blastoisinite|RainDish|WaterSpout,DarkPulse,ShellSmash,Protect|Modest||F|||50|]Delphox||Delphoxite|Blaze|HeatWave,Psyshock,NastyPlot,Protect|Modest||M|||50|]Incineroar||SitrusBerry|Intimidate|FakeOut,FlareBlitz,HelpingHand,PartingShot|Careful||F|||50|]Sneasler||FocusSash|PoisonTouch|PoisonJab,CloseCombat,FakeOut,QuickGuard|Jolly||F|||50|]Sinistcha||KasibBerry|Hospitality|MatchaGotcha,RagePowder,TrickRoom,Protect|Bold|||||50|]Kingambit||BlackGlasses|Defiant|KowtowCleave,SuckerPunch,SwordsDance,Protect|Adamant||F|||50|
|showteam|p2|Staraptor||Staraptite|Intimidate|DualWingbeat,CloseCombat,Tailwind,Protect|Jolly||M|||50|]Charizard||CharizarditeY|Blaze|HeatWave,SolarBeam,WeatherBall,Protect|Modest||M|||50|]Glimmora||FocusSash|ToxicDebris|PowerGem,SludgeBomb,EarthPower,SpikyShield|Modest||M|||50|]Whimsicott||LifeOrb|Prankster|Moonblast,Encore,Tailwind,Protect|Modest||F|||50|]Basculegion||ChoiceScarf|Adaptability|WaveCrash,LastRespects,AquaJet,FlipTurn|Jolly||M|||50|]Garchomp||SitrusBerry|RoughSkin|Earthquake,RockSlide,PoisonJab,Protect|Adamant||M|||50|
|inactive|Battle timer is ON: inactive players will automatically lose when time's up. (requested by Gottkomplexe)
|
|t:|1785350361
|teamsize|p1|4
|teamsize|p2|4
|start
|switch|p1a: Delphox|Delphox, L50, M|100/100
|switch|p1b: Incineroar|Incineroar, L50, F|100/100
|switch|p2a: Charizard|Charizard, L50, M|100/100
|switch|p2b: Garchomp|Garchomp, L50, M|100/100
|-ability|p1b: Incineroar|Intimidate|boost
|-unboost|p2a: Charizard|atk|1
|-unboost|p2b: Garchomp|atk|1
|turn|1
|inactive|Gottkomplexe has 30 seconds left.
|
|t:|1785350388
|switch|p2b: Whimsicott|Whimsicott, L50, F|100/100
|detailschange|p1a: Delphox|Delphox-Mega, L50, M
|-mega|p1a: Delphox|Delphox|Delphoxite
|detailschange|p2a: Charizard|Charizard-Mega-Y, L50, M
|-mega|p2a: Charizard|Charizard|Charizardite Y
|-weather|SunnyDay|[from] ability: Drought|[of] p2a: Charizard
|move|p1b: Incineroar|Fake Out|p2b: Whimsicott
|-damage|p2b: Whimsicott|86/100
|move|p1a: Delphox|Nasty Plot|p1a: Delphox
|-boost|p1a: Delphox|spa|2
|move|p2a: Charizard|Weather Ball|p1a: Delphox
|-resisted|p1a: Delphox|1
|-damage|p1a: Delphox|58/100
|
|-weather|SunnyDay|[upkeep]
|upkeep
|turn|2
|
|t:|1785350411
|move|p2b: Whimsicott|Protect|p2b: Whimsicott
|-singleturn|p2b: Whimsicott|Protect
|move|p1a: Delphox|Protect|p1a: Delphox
|-singleturn|p1a: Delphox|Protect
|move|p2a: Charizard|Protect|p2a: Charizard
|-singleturn|p2a: Charizard|Protect
|move|p1b: Incineroar|Flare Blitz|p2b: Whimsicott
|-activate|p2b: Whimsicott|move: Protect
|
|-weather|SunnyDay|[upkeep]
|upkeep
|turn|3
|inactive|tizio20 has 30 seconds left.
|
|t:|1785350446
|switch|p1a: Sneasler|Sneasler, L50, F|100/100
|move|p2b: Whimsicott|Encore||[still]
|-fail|p2b: Whimsicott
|move|p2a: Charizard|Heat Wave|p1b: Incineroar|[spread] p1b
|-miss|p2a: Charizard|p1a: Sneasler
|-resisted|p1b: Incineroar|1
|-damage|p1b: Incineroar|75/100
|move|p1b: Incineroar|Parting Shot|p2a: Charizard
|-unboost|p2a: Charizard|atk|1
|-unboost|p2a: Charizard|spa|1
|
|t:|1785350460
|switch|p1b: Delphox|Delphox-Mega, L50, M|58/100|[from] Parting Shot
|
|-weather|SunnyDay|[upkeep]
|upkeep
|turn|4
|
|t:|1785350485
|switch|p2a: Glimmora|Glimmora, L50, M|100/100
|move|p2b: Whimsicott|Protect|p2b: Whimsicott
|-singleturn|p2b: Whimsicott|Protect
|move|p1a: Sneasler|Poison Jab|p2b: Whimsicott
|-activate|p2b: Whimsicott|move: Protect
|move|p1b: Delphox|Nasty Plot|p1b: Delphox
|-boost|p1b: Delphox|spa|2
|
|-weather|SunnyDay|[upkeep]
|upkeep
|turn|5
|inactive|Gottkomplexe has 30 seconds left.
|
|t:|1785350520
|move|p1b: Delphox|Protect|p1b: Delphox
|-singleturn|p1b: Delphox|Protect
|move|p2b: Whimsicott|Tailwind|p2b: Whimsicott
|-sidestart|p2: Gottkomplexe|move: Tailwind
|move|p2a: Glimmora|Earth Power|p1a: Sneasler
|-supereffective|p1a: Sneasler|1
|-damage|p1a: Sneasler|13/100
|move|p1a: Sneasler|Poison Jab|p2b: Whimsicott
|-supereffective|p2b: Whimsicott|2
|-damage|p2b: Whimsicott|0 fnt
|faint|p2b: Whimsicott
|
|-weather|none
|upkeep
|
|t:|1785350528
|switch|p2b: Charizard|Charizard-Mega-Y, L50, M|100/100
|-weather|SunnyDay|[from] ability: Drought|[of] p2b: Charizard
|turn|6
|
|t:|1785350543
|switch|p1a: Incineroar|Incineroar, L50, F|75/100
|-ability|p1a: Incineroar|Intimidate|boost
|-unboost|p2a: Glimmora|atk|1
|-unboost|p2b: Charizard|atk|1
|move|p1b: Delphox|Protect||[still]
|-fail|p1b: Delphox
|move|p2b: Charizard|Weather Ball|p1a: Incineroar
|-resisted|p1a: Incineroar|1
|-damage|p1a: Incineroar|41/100
|-enditem|p1a: Incineroar|Sitrus Berry|[eat]
|-heal|p1a: Incineroar|65/100|[from] item: Sitrus Berry
|move|p2a: Glimmora|Power Gem|p1b: Delphox
|-supereffective|p1b: Delphox|1
|-damage|p1b: Delphox|0 fnt
|faint|p1b: Delphox
|
|-weather|SunnyDay|[upkeep]
|upkeep
|
|t:|1785350549
|switch|p1b: Sinistcha|Sinistcha, L50|100/100
|-heal|p1a: Incineroar|90/100|[from] ability: Hospitality|[of] p1b: Sinistcha
|turn|7
|
|t:|1785350554
|move|p1a: Incineroar|Fake Out|p2b: Charizard
|-damage|p2b: Charizard|88/100
|cant|p2b: Charizard|flinch
|move|p2a: Glimmora|Power Gem|p1a: Incineroar
|-supereffective|p1a: Incineroar|1
|-damage|p1a: Incineroar|12/100
|move|p1b: Sinistcha|Matcha Gotcha|p2a: Glimmora|[spread] p2a,p2b
|-resisted|p2b: Charizard|2
|-damage|p2a: Glimmora|69/100
|-damage|p2b: Charizard|83/100
|
|-weather|SunnyDay|[upkeep]
|upkeep
|turn|8
|
|t:|1785350563
|move|p1b: Sinistcha|Protect|p1b: Sinistcha
|-singleturn|p1b: Sinistcha|Protect
|move|p2b: Charizard|Heat Wave|p1b: Sinistcha|[spread] p1a
|-activate|p1b: Sinistcha|move: Protect
|-resisted|p1a: Incineroar|1
|-damage|p1a: Incineroar|0 fnt
|faint|p1a: Incineroar
|move|p2a: Glimmora|Sludge Bomb|p1b: Sinistcha
|-activate|p1b: Sinistcha|move: Protect
|
|-weather|SunnyDay|[upkeep]
|-sideend|p2: Gottkomplexe|move: Tailwind
|upkeep
|
|t:|1785350566
|switch|p1a: Sneasler|Sneasler, L50, F|13/100
|turn|9
|
|t:|1785350571
|move|p2b: Charizard|Protect|p2b: Charizard
|-singleturn|p2b: Charizard|Protect
|move|p2a: Glimmora|Spiky Shield|p2a: Glimmora
|-singleturn|p2a: Glimmora|move: Protect
|move|p1b: Sinistcha|Rage Powder|p1b: Sinistcha
|-singleturn|p1b: Sinistcha|move: Rage Powder
|move|p1a: Sneasler|Poison Jab|p2b: Charizard
|-activate|p2b: Charizard|move: Protect
|
|-weather|SunnyDay|[upkeep]
|upkeep
|turn|10
|
|t:|1785350583
|switch|p2b: Garchomp|Garchomp, L50, M|100/100
|move|p1b: Sinistcha|Rage Powder|p1b: Sinistcha
|-singleturn|p1b: Sinistcha|move: Rage Powder
|move|p1a: Sneasler|Poison Jab|p2b: Garchomp
|-resisted|p2b: Garchomp|1
|-damage|p2b: Garchomp|81/100
|-damage|p1a: Sneasler|1/100|[from] ability: Rough Skin|[of] p2b: Garchomp
|move|p2a: Glimmora|Sludge Bomb|p1b: Sinistcha
|-damage|p1b: Sinistcha|47/100
|
|-weather|none
|upkeep
|turn|11
|-message|tizio20 forfeited.
|
|win|Gottkomplexe
||tizio20 is ready for game 3.
|inactive|Gottkomplexe has 30 seconds to confirm battle start!
|inactive|Gottkomplexe has 20 seconds to confirm battle start!
||Gottkomplexe is ready for game 3.
|uhtml|next|Next: Game 3 of 3
|l|☆Gottkomplexe
|player|p2|
|l|☆tizio20
|player|p1|
|j|☆tizio20
|player|p1|tizio20|169|
