|j|☆Allat78
|j|☆steelag0
|html|Allat78steelag0    
|uhtml|bestof|Game 2 of a best-of-3
|t:|1782428543
|gametype|doubles
|player|p1|Allat78|hilbert-wonderlauncher|1040
|player|p2|steelag0|169|1120
|gen|9
|tier|[Gen 9 Champions] VGC 2026 Reg M-B (Bo3)
|rated|
|rule|Species Clause: Limit one of each Pokémon
|rule|Item Clause: Limit 1 of each item
|clearpoke
|poke|p1|Meowstic, L50, M|
|poke|p1|Incineroar, L50, M|
|poke|p1|Alakazam, L50, M|
|poke|p1|Clefable, L50, M|
|poke|p1|Kommo-o, L50, M|
|poke|p1|Aerodactyl, L50, F|
|poke|p2|Blaziken, L50, F|
|poke|p2|Hydreigon, L50, M|
|poke|p2|Basculegion, L50, M|
|poke|p2|Whimsicott, L50, F|
|poke|p2|Farigiraf, L50, M|
|poke|p2|Metagross, L50|
|teampreview|4
|showteam|p1|Meowstic||LightClay|Prankster|PsychicTerrain,ExpandingForce,Reflect,LightScreen|Bold||M|||50|]Incineroar||ChopleBerry|Intimidate|FlareBlitz,ThroatChop,FakeOut,PartingShot|Adamant||M|||50|]Alakazam||Alakazite|Synchronize|ExpandingForce,DazzlingGleam,Protect,Encore|Timid||M|||50|]Clefable||Leftovers|Unaware|Moonblast,IcyWind,CalmMind,BatonPass|Modest||M|||50|]Kommo-o||SitrusBerry|Soundproof|ClangingScales,AuraSphere,ClangorousSoul,VacuumWave|Timid||M|||50|]Aerodactyl||Aerodactylite|Unnerve|RockSlide,DualWingbeat,Protect,Tailwind|Jolly||F|||50|
|showteam|p2|Blaziken||Blazikenite|SpeedBoost|FlareBlitz,CloseCombat,RockSlide,Detect|Adamant||F|||50|]Hydreigon||ChoiceScarf|Levitate|DracoMeteor,DarkPulse,EarthPower,Snarl|Modest||M|||50|]Basculegion||LifeOrb|Adaptability|WaveCrash,LastRespects,AquaJet,Protect|Adamant||M|||50|]Whimsicott||FocusSash|Prankster|Moonblast,EnergyBall,Tailwind,Protect|Timid||F|||50|]Farigiraf||SitrusBerry|ArmorTail|Psychic,Thunderbolt,Roar,TrickRoom|Bold||M|||50|]Metagross||Metagrossite|ClearBody|PsychicFangs,IronHead,StompingTantrum,Protect|Jolly|||||50|
|
|t:|1782428568
|teamsize|p1|4
|teamsize|p2|4
|start
|switch|p1a: Lingote|Incineroar, L50, M|100/100
|switch|p1b: Kommo-o|Kommo-o, L50, M|100/100
|switch|p2a: Whimsicott|Whimsicott, L50, F|100/100
|switch|p2b: Metagross|Metagross, L50|100/100
|-ability|p1a: Lingote|Intimidate|boost
|-unboost|p2a: Whimsicott|atk|1
|-fail|p2b: Metagross|unboost|[from] ability: Clear Body|[of] p2b: Metagross
|turn|1
|
|t:|1782428592
|move|p2a: Whimsicott|Protect|p2a: Whimsicott
|-singleturn|p2a: Whimsicott|Protect
|move|p2b: Metagross|Protect|p2b: Metagross
|-singleturn|p2b: Metagross|Protect
|move|p1a: Lingote|Fake Out|p2a: Whimsicott
|-activate|p2a: Whimsicott|move: Protect
|move|p1b: Kommo-o|Clangorous Soul|p1b: Kommo-o
|-boost|p1b: Kommo-o|atk|1
|-boost|p1b: Kommo-o|def|1
|-boost|p1b: Kommo-o|spa|1
|-boost|p1b: Kommo-o|spd|1
|-boost|p1b: Kommo-o|spe|1
|-damage|p1b: Kommo-o|67/100
|
|upkeep
|turn|2
|
|t:|1782428624
|detailschange|p2b: Metagross|Metagross-Mega, L50
|-mega|p2b: Metagross|Metagross|Metagrossite
|move|p2a: Whimsicott|Tailwind|p2a: Whimsicott
|-sidestart|p2: steelag0|move: Tailwind
|move|p2b: Metagross|Psychic Fangs|p1b: Kommo-o
|-supereffective|p1b: Kommo-o|1
|-damage|p1b: Kommo-o|0 fnt
|faint|p1b: Kommo-o
|move|p1a: Lingote|Flare Blitz|p2a: Whimsicott
|-supereffective|p2a: Whimsicott|1
|-enditem|p2a: Whimsicott|Focus Sash
|-damage|p2a: Whimsicott|1/100
|-damage|p1a: Lingote|77/100|[from] Recoil
|
|upkeep
|
|t:|1782428632
|switch|p1b: Clefable|Clefable, L50, M|100/100
|turn|3
|
|t:|1782428642
|move|p2a: Whimsicott|Protect|p2a: Whimsicott
|-singleturn|p2a: Whimsicott|Protect
|move|p2b: Metagross|Iron Head|p1b: Clefable
|-supereffective|p1b: Clefable|1
|-damage|p1b: Clefable|0 fnt
|faint|p1b: Clefable
|move|p1a: Lingote|Throat Chop|p2b: Metagross
|-supereffective|p2b: Metagross|1
|-damage|p2b: Metagross|34/100
|-start|p2b: Metagross|Throat Chop|[silent]
|
|upkeep
|
|t:|1782428647
|switch|p1b: Alakazam|Alakazam, L50, M|100/100
|turn|4
|
|t:|1782428664
|detailschange|p1b: Alakazam|Alakazam-Mega, L50, M
|-mega|p1b: Alakazam|Alakazam|Alakazite
|-ability|p1b: Alakazam|Tough Claws|Trace|[from] ability: Trace|[of] p2b: Metagross
|move|p1b: Alakazam|Protect|p1b: Alakazam
|-singleturn|p1b: Alakazam|Protect
|move|p2a: Whimsicott|Moonblast|p1b: Alakazam
|-activate|p1b: Alakazam|move: Protect
|move|p2b: Metagross|Iron Head|p1b: Alakazam
|-activate|p1b: Alakazam|move: Protect
|move|p1a: Lingote|Throat Chop|p2b: Metagross
|-supereffective|p2b: Metagross|1
|-damage|p2b: Metagross|0 fnt
|faint|p2b: Metagross
|
|upkeep
|
|t:|1782428681
|switch|p2b: Hydreigon|Hydreigon, L50, M|100/100
|turn|5
|
|t:|1782428701
|move|p2a: Whimsicott|Protect|p2a: Whimsicott
|-singleturn|p2a: Whimsicott|Protect
|move|p1b: Alakazam|Protect||[still]
|-fail|p1b: Alakazam
|move|p2b: Hydreigon|Dark Pulse|p1b: Alakazam
|-supereffective|p1b: Alakazam|1
|-damage|p1b: Alakazam|0 fnt
|faint|p1b: Alakazam
|move|p1a: Lingote|Throat Chop|p2b: Hydreigon
|-resisted|p2b: Hydreigon|1
|-damage|p2b: Hydreigon|75/100
|-start|p2b: Hydreigon|Throat Chop|[silent]
|
|-sideend|p2: steelag0|move: Tailwind
|upkeep
|turn|6
|
|t:|1782428713
|move|p2a: Whimsicott|Tailwind|p2a: Whimsicott
|-sidestart|p2: steelag0|move: Tailwind
|move|p2b: Hydreigon|Dark Pulse|p1a: Lingote
|-resisted|p1a: Lingote|1
|-damage|p1a: Lingote|54/100
|cant|p1a: Lingote|flinch
|
|-end|p2b: Hydreigon|Throat Chop|[silent]
|upkeep
|turn|7
|
|t:|1782428722
|move|p2b: Hydreigon|Dark Pulse|p1a: Lingote
|-resisted|p1a: Lingote|1
|-damage|p1a: Lingote|34/100
|move|p2a: Whimsicott|Moonblast|p1a: Lingote
|-damage|p1a: Lingote|0 fnt
|faint|p1a: Lingote
|
|win|steelag0
|raw|Allat78's rating: 1040 → 1028(-12 for losing)
|raw|steelag0's rating: 1120 → 1139(+19 for winning)
|l|☆Allat78
|player|p1|
