|j|☆Uninspire
|j|☆RKD_544
|html|UninspireRKD_544    
|uhtml|bestof|Game 1 of a best-of-3
|t:|1757698216
|gametype|doubles
|player|p1|Uninspire|gentleman-gen4|1158
|player|p2|RKD_544|blackbelt-gen4dp|1072
|gen|9
|tier|[Gen 9] VGC 2025 Reg H (Bo3)
|rated|
|rule|Species Clause: Limit one of each Pokémon
|rule|Item Clause: Limit 1 of each item
|clearpoke
|poke|p1|Porygon2, L50|
|poke|p1|Incineroar, L50, M|
|poke|p1|Ursaluna, L50, F|
|poke|p1|Jumpluff, L50, F|
|poke|p1|Charizard, L50, M|
|poke|p1|Torkoal, L50, F|
|poke|p2|Kommo-o, L50, M|
|poke|p2|Incineroar, L50, F|
|poke|p2|Sinistcha, L50|
|poke|p2|Primarina, L50, F|
|poke|p2|Porygon2, L50|
|poke|p2|Ursaluna, L50, M|
|teampreview|4
|showteam|p1|Porygon2||Eviolite|Download|TeraBlast,IceBeam,TrickRoom,Recover||||||50|,,,,,Fighting]Incineroar||SitrusBerry|Intimidate|FakeOut,KnockOff,FlareBlitz,PartingShot|||M|||50|,,,,,Ghost]Ursaluna||FlameOrb|Guts|HeadlongRush,Facade,Earthquake,Protect|||F|||50|,,,,,Ghost]Jumpluff||CovertCloak|Chlorophyll|RagePowder,SunnyDay,Tailwind,SleepPowder|||F|||50|,,,,,Fire]Charizard||ChoiceSpecs|SolarPower|HeatWave,Overheat,WeatherBall,DragonPulse|||M|||50|,,,,,Ghost]Torkoal||EjectPack|Drought|Overheat,Eruption,HelpingHand,Protect|||F|||50|,,,,,Fire
|showteam|p2|Kommo-o||ThroatSpray|Overcoat|ClangorousSoul,ClangingScales,FlashCannon,Protect|||M|||50|,,,,,Steel]Incineroar||SafetyGoggles|Intimidate|FakeOut,PartingShot,KnockOff,Taunt|||F|||50|,,,,,Ghost]Sinistcha||SitrusBerry|Hospitality|MatchaGotcha,LifeDew,TrickRoom,RagePowder||||||50|,,,,,Fairy]Primarina||MysticWater|LiquidVoice|HyperVoice,Moonblast,Haze,Protect|||F|||50|,,,,,Grass]Porygon2||Eviolite|Download|TeraBlast,IceBeam,TrickRoom,Recover||||||50|,,,,,Flying]Ursaluna||FlameOrb|Guts|HeadlongRush,Facade,Substitute,Protect|||M|||50|,,,,,Ghost
|inactive|Battle timer is ON: inactive players will automatically lose when time's up. (requested by RKD_544)
|inactive|RKD_544 has 60 seconds left.
|
|t:|1757698250
|teamsize|p1|4
|teamsize|p2|4
|start
|switch|p1a: Charizard|Charizard, L50, M, shiny|100/100
|switch|p1b: Jumpluff|Jumpluff, L50, F, shiny|100/100
|switch|p2a: Primarina|Primarina, L50, F|100/100
|switch|p2b: Incineroar|Incineroar, L50, F|100/100
|-ability|p2b: Incineroar|Intimidate|boost
|-unboost|p1a: Charizard|atk|1
|-unboost|p1b: Jumpluff|atk|1
|turn|1
|inactive|RKD_544 has 30 seconds left.
|
|t:|1757698283
|switch|p1a: Torkoal|Torkoal, L50, F, shiny|100/100
|-weather|SunnyDay|[from] ability: Drought|[of] p1a: Torkoal
|move|p2a: Primarina|Protect|p2a: Primarina
|-singleturn|p2a: Primarina|Protect
|move|p1b: Jumpluff|Sleep Powder|p2a: Primarina
|-activate|p2a: Primarina|move: Protect
|move|p2b: Incineroar|Taunt|p1b: Jumpluff
|-start|p1b: Jumpluff|move: Taunt
|
|-weather|SunnyDay|[upkeep]
|upkeep
|turn|2
|inactive|RKD_544 has 30 seconds left.
|inactive|RKD_544 has 20 seconds left.
|
|t:|1757698321
|switch|p1b: Ursaluna|Ursaluna, L50, F, shiny|100/100
|move|p2b: Incineroar|Knock Off|p1a: Torkoal
|-damage|p1a: Torkoal|73/100
|-enditem|p1a: Torkoal|Eject Pack|[from] move: Knock Off|[of] p2b: Incineroar
|move|p2a: Primarina|Moonblast|p1b: Ursaluna
|-damage|p1b: Ursaluna|46/100
|-unboost|p1b: Ursaluna|spa|1
|move|p1a: Torkoal|Overheat|p2a: Primarina
|-resisted|p2a: Primarina
|-damage|p2a: Primarina|68/100
|-unboost|p1a: Torkoal|spa|2
|
|-weather|SunnyDay|[upkeep]
|-status|p1b: Ursaluna|brn|[from] item: Flame Orb
|upkeep
|turn|3
|inactive|RKD_544 has 30 seconds left.
|inactive|RKD_544 has 20 seconds left.
|
|t:|1757698358
|switch|p1a: Charizard|Charizard, L50, M, shiny|100/100
|move|p1b: Ursaluna|Earthquake|p2a: Primarina|[spread] p2a,p2b
|-immune|p1a: Charizard
|-supereffective|p2b: Incineroar
|-damage|p2a: Primarina|0 fnt
|-damage|p2b: Incineroar|0 fnt
|faint|p2a: Primarina
|faint|p2b: Incineroar
|
|-weather|SunnyDay|[upkeep]
|-damage|p1a: Charizard|88/100|[from] ability: Solar Power|[of] p1a: Charizard
|-damage|p1b: Ursaluna|40/100 brn|[from] brn
|upkeep
|
|t:|1757698372
|switch|p2b: Kommo-o|Kommo-o, L50, M|100/100
|switch|p2a: Ursaluna|Ursaluna, L50, M|100/100
|turn|4
|inactive|RKD_544 has 30 seconds left.
|
|t:|1757698399
|switch|p1b: Jumpluff|Jumpluff, L50, F, shiny|100/100
|-terastallize|p2a: Ursaluna|Ghost
|move|p1a: Charizard|Heat Wave|p2b: Kommo-o|[spread] p2a,p2b
|-resisted|p2b: Kommo-o
|-damage|p2a: Ursaluna|13/100
|-damage|p2b: Kommo-o|39/100
|move|p2b: Kommo-o|Clangorous Soul|p2b: Kommo-o
|-boost|p2b: Kommo-o|atk|1
|-boost|p2b: Kommo-o|def|1
|-boost|p2b: Kommo-o|spa|1
|-boost|p2b: Kommo-o|spd|1
|-boost|p2b: Kommo-o|spe|1
|-damage|p2b: Kommo-o|6/100
|-enditem|p2b: Kommo-o|Throat Spray
|-boost|p2b: Kommo-o|spa|1|[from] item: Throat Spray
|move|p2a: Ursaluna|Substitute|p2a: Ursaluna
|-fail|p2a: Ursaluna|move: Substitute|[weak]
|
|-weather|SunnyDay|[upkeep]
|-damage|p1a: Charizard|76/100|[from] ability: Solar Power|[of] p1a: Charizard
|-status|p2a: Ursaluna|brn|[from] item: Flame Orb
|upkeep
|turn|5
|
|t:|1757698421
|move|p1b: Jumpluff|Tailwind|p1b: Jumpluff
|-sidestart|p1: Uninspire|move: Tailwind
|move|p1a: Charizard|Heat Wave|p2b: Kommo-o|[spread] p2a
|-miss|p1a: Charizard|p2b: Kommo-o
|-damage|p2a: Ursaluna|0 fnt
|faint|p2a: Ursaluna
|move|p2b: Kommo-o|Clanging Scales|p1b: Jumpluff|[spread] p1a,p1b
|-damage|p1a: Charizard|0 fnt
|-damage|p1b: Jumpluff|30/100
|faint|p1a: Charizard
|-unboost|p2b: Kommo-o|def|1
|
|-weather|none
|upkeep
|
|t:|1757698428
|switch|p1a: Ursaluna|Ursaluna, L50, F, shiny|40/100 brn
|turn|6
|
|t:|1757698438
|move|p1b: Jumpluff|Rage Powder|p1b: Jumpluff
|-singleturn|p1b: Jumpluff|move: Rage Powder
|move|p2b: Kommo-o|Clanging Scales|p1b: Jumpluff|[spread] p1a,p1b
|-damage|p1a: Ursaluna|0 fnt
|-damage|p1b: Jumpluff|0 fnt
|faint|p1a: Ursaluna
|faint|p1b: Jumpluff
|-unboost|p2b: Kommo-o|def|1
|
|upkeep
|
|t:|1757698441
|switch|p1b: Torkoal|Torkoal, L50, F, shiny|73/100
|-weather|SunnyDay|[from] ability: Drought|[of] p1b: Torkoal
|turn|7
|
|t:|1757698451
|move|p2b: Kommo-o|Clanging Scales|p1b: Torkoal
|-damage|p1b: Torkoal|0 fnt
|faint|p1b: Torkoal
|
|win|RKD_544
||Uninspire is ready for game 2.
