|j|☆TheTired
|j|☆lettitripppp
|html|TheTiredlettitripppp    
|uhtml|bestof|Game 1 of a best-of-3
|t:|1784229142
|gametype|doubles
|player|p1|TheTired|2|1263
|player|p2|lettitripppp|lucas|1268
|gen|9
|tier|[Gen 9 Champions] VGC 2026 Reg M-B (Bo3)
|rated|
|rule|Species Clause: Limit one of each Pokémon
|rule|Item Clause: Limit 1 of each item
|clearpoke
|poke|p1|Staraptor, L50, M|
|poke|p1|Vanilluxe, L50, F|
|poke|p1|Farigiraf, L50, M|
|poke|p1|Blastoise, L50, M|
|poke|p1|Kingambit, L50, M|
|poke|p1|Camerupt, L50, M|
|poke|p2|Charizard, L50, F, shiny|
|poke|p2|Basculegion, L50, M, shiny|
|poke|p2|Pelipper, L50, M|
|poke|p2|Venusaur, L50, F|
|poke|p2|Archaludon, L50, M|
|poke|p2|Grimmsnarl, L50, M, shiny|
|teampreview|4
|showteam|p1|Staraptor||ChoiceScarf|Intimidate|FinalGambit,BraveBird,CloseCombat,Uturn|Jolly||M|||50|]Vanilluxe||NeverMeltIce|SnowWarning|Blizzard,FreezeDry,Protect,IceShard|Quiet||F|||50|]Farigiraf||SitrusBerry|ArmorTail|PsychicFangs,HyperVoice,HelpingHand,TrickRoom|Relaxed||M|||50|]Blastoise||Blastoisinite|RainDish|FakeOut,WaterSpout,AuraSphere,DarkPulse|Quiet||M|||50|]Kingambit||LifeOrb|Defiant|KowtowCleave,IronHead,Protect,SuckerPunch|Brave||M|||50|]Camerupt||Cameruptite|SolidRock|HeatWave,EarthPower,Protect,AncientPower|Quiet||M|||50|
|showteam|p2|Charizard||CharizarditeY|Blaze|WeatherBall,SolarBeam,HeatWave,Protect|Modest||F|||50|]Basculegion||ChoiceScarf|Adaptability|LastRespects,WaveCrash,FlipTurn,AquaJet|Jolly||M|||50|]Pelipper||SitrusBerry|Drizzle|WeatherBall,WideGuard,Hurricane,Tailwind|Modest||M|||50|]Venusaur||FocusSash|Chlorophyll|SleepPowder,SludgeBomb,EarthPower,Protect|Modest||F|||50|]Archaludon||Leftovers|Stamina|FlashCannon,DragonPulse,ElectroShot,Protect|Calm||M|||50|]Grimmsnarl||LightClay|Prankster|PartingShot,LightScreen,SpiritBreak,Reflect|Relaxed||M|||50|
|inactive|Battle timer is ON: inactive players will automatically lose when time's up. (requested by lettitripppp)
|inactive|TheTired has 60 seconds left.
|inactive|lettitripppp has 60 seconds left.
|inactive|lettitripppp has 30 seconds left.
|
|t:|1784229204
|teamsize|p1|4
|teamsize|p2|4
|start
|switch|p1a: Farigiraf|Farigiraf, L50, M|100/100
|switch|p1b: Staraptor|Staraptor, L50, M|100/100
|switch|p2a: GO JOHAN|Grimmsnarl, L50, M, shiny|100/100
|switch|p2b: SOFT-SLEEP|Venusaur, L50, F|100/100
|-ability|p1b: Staraptor|Intimidate|boost
|-unboost|p2a: GO JOHAN|atk|1
|-unboost|p2b: SOFT-SLEEP|atk|1
|turn|1
|
|t:|1784229215
|move|p2a: GO JOHAN|Light Screen|p2a: GO JOHAN
|-sidestart|p2: lettitripppp|move: Light Screen
|move|p1b: Staraptor|Final Gambit|p2a: GO JOHAN
|-damage|p2a: GO JOHAN|4/100
|faint|p1b: Staraptor
|move|p2b: SOFT-SLEEP|Sleep Powder|p1a: Farigiraf
|-status|p1a: Farigiraf|slp|[from] move: Sleep Powder
|cant|p1a: Farigiraf|slp
|
|upkeep
|
|t:|1784229221
|switch|p1b: Camerupt|Camerupt, L50, M|100/100
|turn|2
|
|t:|1784229229
|detailschange|p1b: Camerupt|Camerupt-Mega, L50, M
|-mega|p1b: Camerupt|Camerupt|Cameruptite
|move|p2a: GO JOHAN|Reflect|p2a: GO JOHAN
|-sidestart|p2: lettitripppp|Reflect
|move|p2b: SOFT-SLEEP|Sleep Powder|p1b: Camerupt
|-status|p1b: Camerupt|slp|[from] move: Sleep Powder
|cant|p1b: Camerupt|slp
|cant|p1a: Farigiraf|slp
|
|upkeep
|turn|3
|
|t:|1784229245
|move|p2b: SOFT-SLEEP|Sludge Bomb|p1a: Farigiraf
|-damage|p1a: Farigiraf|62/100 slp
|move|p2a: GO JOHAN|Spirit Break|p1a: Farigiraf
|-crit|p1a: Farigiraf
|-damage|p1a: Farigiraf|24/100 slp
|-unboost|p1a: Farigiraf|spa|1
|-enditem|p1a: Farigiraf|Sitrus Berry|[eat]
|-heal|p1a: Farigiraf|49/100 slp|[from] item: Sitrus Berry
|-curestatus|p1b: Camerupt|slp|[msg]
|move|p1b: Camerupt|Heat Wave|p2a: GO JOHAN|[spread] p2a,p2b
|-supereffective|p2b: SOFT-SLEEP|1
|-damage|p2a: GO JOHAN|0 fnt
|-damage|p2b: SOFT-SLEEP|7/100
|faint|p2a: GO JOHAN
|-curestatus|p1a: Farigiraf|slp|[msg]
|move|p1a: Farigiraf|Trick Room|p1a: Farigiraf
|-fieldstart|move: Trick Room|[of] p1a: Farigiraf
|
|upkeep
|
|t:|1784229257
|switch|p2a: GHOSTWAVE|Basculegion, L50, M, shiny|100/100
|turn|4
|
|t:|1784229269
|switch|p2b: AGNI|Charizard, L50, F, shiny|100/100
|move|p1b: Camerupt|Earth Power|p2a: GHOSTWAVE
|-damage|p2a: GHOSTWAVE|47/100
|move|p1a: Farigiraf|Psychic Fangs|p2a: GHOSTWAVE
|-sideend|p2: lettitripppp|Reflect
|-sideend|p2: lettitripppp|move: Light Screen
|-damage|p2a: GHOSTWAVE|12/100
|move|p2a: GHOSTWAVE|Wave Crash|p1a: Farigiraf
|-damage|p1a: Farigiraf|0 fnt
|faint|p1a: Farigiraf
|-damage|p2a: GHOSTWAVE|0 fnt|[from] Recoil
|faint|p2a: GHOSTWAVE
|
|upkeep
|
|t:|1784229283
|switch|p1a: Kingambit|Kingambit, L50, M|100/100
|switch|p2a: SOFT-SLEEP|Venusaur, L50, F|7/100
|turn|5
|
|t:|1784229294
|detailschange|p2b: AGNI|Charizard-Mega-Y, L50, F, shiny
|-mega|p2b: AGNI|Charizard|Charizardite Y
|-weather|SunnyDay|[from] ability: Drought|[of] p2b: AGNI
|move|p1b: Camerupt|Ancient Power|p2b: AGNI
|-supereffective|p2b: AGNI|2
|-damage|p2b: AGNI|0 fnt
|faint|p2b: AGNI
|move|p1a: Kingambit|Kowtow Cleave|p2a: SOFT-SLEEP
|-damage|p2a: SOFT-SLEEP|0 fnt
|faint|p2a: SOFT-SLEEP
|-damage|p1a: Kingambit|90/100|[from] item: Life Orb
|
|win|TheTired
