|j|☆raylof
|j|☆aefrmm
|html|raylofaefrmm    
|uhtml|bestof|Game 2 of a best-of-3
|t:|1756184872
|gametype|doubles
|player|p1|raylof|2|
|player|p2|aefrmm|pokemonrangerf-gen4|
|gen|9
|tier|[Gen 9] VGC 2025 Reg H (Bo3)
|rule|Species Clause: Limit one of each Pokémon
|rule|Item Clause: Limit 1 of each item
|clearpoke
|poke|p1|Dragonite, L50, M|
|poke|p1|Ursaluna-Bloodmoon, L50, M|
|poke|p1|Gholdengo, L50|
|poke|p1|Incineroar, L50, M|
|poke|p1|Amoonguss, L50, F|
|poke|p1|Ninetales-Alola, L50, F|
|poke|p2|Ninetales-Alola, L50, F|
|poke|p2|Basculegion, L50, M|
|poke|p2|Magmar, L50, M|
|poke|p2|Sneasler, L50, M|
|poke|p2|Rillaboom, L50, M|
|poke|p2|Kingambit, L50, M|
|teampreview|4
|showteam|p1|Dragonite||LoadedDice|Multiscale|ScaleShot,Haze,Protect,Tailwind|||M|||50|,,,,,Fairy]Ursaluna-Bloodmoon||AssaultVest|MindsEye|BloodMoon,HyperVoice,VacuumWave,EarthPower|||M|||50|,,,,,Ghost]Gholdengo||LifeOrb|GoodasGold|MakeItRain,ShadowBall,Protect,NastyPlot||||||50|,,,,,Water]Incineroar||SafetyGoggles|Intimidate|KnockOff,FakeOut,FlareBlitz,PartingShot|||M|||50|,,,,,Ghost]Amoonguss||SitrusBerry|Regenerator|PollenPuff,Spore,RagePowder,Protect|||F|||50|,,,,,Water]Ninetales-Alola||LightClay|SnowWarning|IcyWind,FreezeDry,Protect,AuroraVeil|||F|||50|,,,,,Ghost
|showteam|p2|Ninetales-Alola||LifeOrb|SnowWarning|Blizzard,FreezeDry,Encore,Protect|||F|||50|,,,,,Ghost]Basculegion||ChoiceScarf|Adaptability|WaveCrash,LastRespects,FlipTurn,TeraBlast|||M|||50|,,,,,Fighting]Magmar||Eviolite|VitalSpirit|Taunt,HeatWave,FollowMe,Protect|||M|||50|,,,,,Water]Sneasler||FocusSash|PoisonTouch|CloseCombat,DireClaw,FakeOut,Protect|||M|||50|,,,,,Stellar]Rillaboom||AssaultVest|GrassySurge|WoodHammer,GrassyGlide,Uturn,FakeOut|||M|||50|,,,,,Water]Kingambit||BlackGlasses|Defiant|KowtowCleave,SuckerPunch,SwordsDance,Protect|||M|||50|,,,,,Fire
|inactive|Battle timer is ON: inactive players will automatically lose when time's up. (requested by aefrmm)
|inactive|aefrmm has 60 seconds left.
|inactive|aefrmm has 30 seconds left.
|inactive|aefrmm has 20 seconds left.
|inactive|aefrmm has 15 seconds left.
|
|t:|1756184950
|teamsize|p1|4
|teamsize|p2|4
|start
|switch|p1a: Dragonite|Dragonite, L50, M|100/100
|switch|p1b: Incineroar|Incineroar, L50, M|100/100
|switch|p2a: Ninetales|Ninetales-Alola, L50, F|100/100
|switch|p2b: Sneasler|Sneasler, L50, M|100/100
|-weather|Snowscape|[from] ability: Snow Warning|[of] p2a: Ninetales
|-ability|p1b: Incineroar|Intimidate|boost
|-unboost|p2a: Ninetales|atk|1
|-unboost|p2b: Sneasler|atk|1
|turn|1
|inactive|raylof has 30 seconds left.
|inactive|aefrmm has 30 seconds left.
|
|t:|1756184981
|-terastallize|p2a: Ninetales|Ghost
|-terastallize|p1b: Incineroar|Ghost
|move|p1a: Dragonite|Protect|p1a: Dragonite
|-singleturn|p1a: Dragonite|Protect
|move|p2b: Sneasler|Fake Out|p1a: Dragonite
|-activate|p1a: Dragonite|move: Protect
|move|p2a: Ninetales|Blizzard|p1a: Dragonite|[spread] p1b
|-activate|p1a: Dragonite|move: Protect
|-damage|p1b: Incineroar|64/100
|-damage|p2a: Ninetales|91/100|[from] item: Life Orb
|move|p1b: Incineroar|Knock Off|p2a: Ninetales
|-supereffective|p2a: Ninetales
|-damage|p2a: Ninetales|0 fnt
|-enditem|p2a: Ninetales|Life Orb|[from] move: Knock Off|[of] p1b: Incineroar
|faint|p2a: Ninetales
|
|-weather|Snowscape|[upkeep]
|upkeep
|
|t:|1756184996
|switch|p2a: Basculegion|Basculegion, L50, M|100/100
|turn|2
|inactive|aefrmm has 30 seconds left.
|
|t:|1756185030
|switch|p1b: Ursaluna|Ursaluna-Bloodmoon, L50, M|100/100
|move|p2a: Basculegion|Wave Crash|p1a: Dragonite
|-resisted|p1a: Dragonite
|-damage|p1a: Dragonite|78/100
|-damage|p2a: Basculegion|94/100|[from] Recoil
|move|p2b: Sneasler|Dire Claw|p1b: Ursaluna
|-resisted|p1b: Ursaluna
|-damage|p1b: Ursaluna|89/100
|-status|p1b: Ursaluna|psn
|move|p1a: Dragonite|Tailwind|p1a: Dragonite
|-sidestart|p1: raylof|move: Tailwind
|
|-weather|Snowscape|[upkeep]
|-damage|p1b: Ursaluna|76/100 psn|[from] psn
|upkeep
|turn|3
|inactive|aefrmm has 30 seconds left.
|
|t:|1756185057
|switch|p1b: Incineroar|Incineroar, L50, M, tera:Ghost|64/100
|-ability|p1b: Incineroar|Intimidate|boost
|-unboost|p2a: Basculegion|atk|1
|-unboost|p2b: Sneasler|atk|1
|move|p1a: Dragonite|Scale Shot|p2a: Basculegion|[miss]
|-miss|p1a: Dragonite|p2a: Basculegion
|move|p2a: Basculegion|Wave Crash|p1b: Incineroar
|-damage|p1b: Incineroar|9/100
|-damage|p2a: Basculegion|77/100|[from] Recoil
|move|p2b: Sneasler|Dire Claw|p1a: Dragonite
|-damage|p1a: Dragonite|50/100
|-status|p1a: Dragonite|psn
|
|-weather|Snowscape|[upkeep]
|-damage|p1a: Dragonite|37/100 psn|[from] psn
|upkeep
|turn|4
|inactive|aefrmm has 30 seconds left.
|
|t:|1756185083
|move|p2b: Sneasler|Protect|p2b: Sneasler
|-singleturn|p2b: Sneasler|Protect
|move|p1b: Incineroar|Fake Out|p2b: Sneasler
|-activate|p2b: Sneasler|move: Protect
|move|p1a: Dragonite|Scale Shot|p2a: Basculegion
|-damage|p2a: Basculegion|60/100
|-crit|p2a: Basculegion
|-damage|p2a: Basculegion|31/100
|-damage|p2a: Basculegion|13/100
|-damage|p2a: Basculegion|0 fnt
|faint|p2a: Basculegion
|-hitcount|p2: Basculegion|4
|-unboost|p1a: Dragonite|def|1
|-boost|p1a: Dragonite|spe|1
|
|-weather|Snowscape|[upkeep]
|-damage|p1a: Dragonite|25/100 psn|[from] psn
|upkeep
|
|t:|1756185099
|switch|p2a: Magmar|Magmar, L50, M|100/100
|turn|5
|
|t:|1756185110
|move|p2a: Magmar|Follow Me|p2a: Magmar
|-singleturn|p2a: Magmar|move: Follow Me
|move|p1a: Dragonite|Scale Shot|p2a: Magmar
|-damage|p2a: Magmar|89/100
|-damage|p2a: Magmar|78/100
|-damage|p2a: Magmar|68/100
|-damage|p2a: Magmar|56/100
|-hitcount|p2a: Magmar|4
|-unboost|p1a: Dragonite|def|1
|-boost|p1a: Dragonite|spe|1
|move|p1b: Incineroar|Knock Off|p2a: Magmar
|-damage|p2a: Magmar|23/100
|-enditem|p2a: Magmar|Eviolite|[from] move: Knock Off|[of] p1b: Incineroar
|move|p2b: Sneasler|Dire Claw|p1b: Incineroar
|-resisted|p1b: Incineroar
|-damage|p1b: Incineroar|0 fnt
|faint|p1b: Incineroar
|
|-weather|none
|-damage|p1a: Dragonite|12/100 psn|[from] psn
|-sideend|p1: raylof|move: Tailwind
|upkeep
|
|t:|1756185130
|switch|p1b: Ursaluna|Ursaluna-Bloodmoon, L50, M|76/100 psn
|turn|6
|
|t:|1756185149
|move|p2a: Magmar|Follow Me|p2a: Magmar
|-singleturn|p2a: Magmar|move: Follow Me
|move|p1b: Ursaluna|Vacuum Wave|p2a: Magmar
|-damage|p2a: Magmar|3/100
|move|p1a: Dragonite|Tailwind|p1a: Dragonite
|-sidestart|p1: raylof|move: Tailwind
|move|p2b: Sneasler|Dire Claw|p1a: Dragonite
|-damage|p1a: Dragonite|0 fnt
|faint|p1a: Dragonite
|
|-damage|p1b: Ursaluna|64/100 psn|[from] psn
|upkeep
|
|t:|1756185159
|switch|p1a: Gholdengo|Gholdengo, L50|100/100
|turn|7
|inactive|aefrmm has 30 seconds left.
|inactive|aefrmm has 20 seconds left.
|
|t:|1756185196
|move|p2a: Magmar|Protect|p2a: Magmar
|-singleturn|p2a: Magmar|Protect
|move|p1b: Ursaluna|Vacuum Wave|p2b: Sneasler
|-resisted|p2b: Sneasler
|-damage|p2b: Sneasler|90/100
|move|p1a: Gholdengo|Make It Rain|p2b: Sneasler|[spread] p2b
|-activate|p2a: Magmar|move: Protect
|-damage|p2b: Sneasler|15/100
|-unboost|p1a: Gholdengo|spa|1
|-damage|p1a: Gholdengo|91/100|[from] item: Life Orb
|move|p2b: Sneasler|Close Combat|p1b: Ursaluna
|-supereffective|p1b: Ursaluna
|-damage|p1b: Ursaluna|11/100 psn
|-unboost|p2b: Sneasler|def|1
|-unboost|p2b: Sneasler|spd|1
|
|-damage|p1b: Ursaluna|0 fnt|[from] psn
|faint|p1b: Ursaluna
|upkeep
|turn|8
|inactive|aefrmm has 30 seconds left.
|inactive|aefrmm has 20 seconds left.
|inactive|aefrmm has 15 seconds left.
|
|t:|1756185241
|move|p2b: Sneasler|Protect|p2b: Sneasler
|-singleturn|p2b: Sneasler|Protect
|move|p2a: Magmar|Protect|p2a: Magmar
|-singleturn|p2a: Magmar|Protect
|move|p1a: Gholdengo|Make It Rain|p2a: Magmar|[spread] 
|-activate|p2a: Magmar|move: Protect
|-activate|p2b: Sneasler|move: Protect
|
|upkeep
|turn|9
|inactive|aefrmm has 30 seconds left.
|inactive|aefrmm has 20 seconds left.
|
|t:|1756185278
|move|p2b: Sneasler|Protect||[still]
|-fail|p2b: Sneasler
|move|p2a: Magmar|Protect||[still]
|-fail|p2a: Magmar
|move|p1a: Gholdengo|Make It Rain|p2b: Sneasler|[spread] p2a,p2b
|-resisted|p2a: Magmar
|-damage|p2a: Magmar|0 fnt
|-damage|p2b: Sneasler|0 fnt
|-unboost|p1a: Gholdengo|spa|1
|faint|p2a: Magmar
|faint|p2b: Sneasler
|-damage|p1a: Gholdengo|82/100|[from] item: Life Orb
|
|win|raylof
||aefrmm is ready for game 3.
