|j|☆jshnaijgbuqwvbfa
|j|☆robinrambles
|html|jshnaijgbuqwvbfarobinrambles    
|uhtml|bestof|Game 1 of a best-of-3
|t:|1783290285
|gametype|doubles
|player|p1|jshnaijgbuqwvbfa|gambler|1000
|player|p2|robinrambles|dawn-gen4pt|1000
|gen|9
|tier|[Gen 9 Champions] VGC 2026 Reg M-B (Bo3)
|rated|
|rule|Species Clause: Limit one of each Pokémon
|rule|Item Clause: Limit 1 of each item
|clearpoke
|poke|p1|Raichu, L50, M|
|poke|p1|Pelipper, L50, M|
|poke|p1|Venusaur, L50, F|
|poke|p1|Archaludon, L50, F|
|poke|p1|Grimmsnarl, L50, M|
|poke|p1|Basculegion, L50, M|
|poke|p2|Eelektross, L50, F|
|poke|p2|Sinistcha, L50|
|poke|p2|Staraptor, L50, F|
|poke|p2|Garchomp, L50, F|
|poke|p2|Sneasler, L50, F|
|poke|p2|Conkeldurr, L50, M|
|teampreview|4
|showteam|p1|Raichu||RaichuniteX|LightningRod|VoltTackle,FakeOut,VoltSwitch,Encore|Jolly||M|||50|]Pelipper||SitrusBerry|Drizzle|Hurricane,WeatherBall,Tailwind,WideGuard|Bold||M|||50|]Venusaur||Venusaurite|Chlorophyll|Protect,SludgeBomb,EarthPower,GigaDrain|Modest||F|||50|]Archaludon||Leftovers|Stamina|ElectroShot,Protect,FlashCannon,DragonPulse|Bold||F|||50|]Grimmsnarl||LightClay|Prankster|Reflect,LightScreen,SpiritBreak,PartingShot|Calm||M|||50|]Basculegion||ChoiceScarf|Adaptability|LastRespects,AquaJet,WaveCrash,FlipTurn|Jolly||M|||50|
|showteam|p2|Eelektross||Eelektrossite|Levitate|Protect,Thunderbolt,AcidSpray,GigaDrain|Modest||F|||50|]Sinistcha||SitrusBerry|Hospitality|MatchaGotcha,StrengthSap,ShadowBall,TrickRoom|Bold|||||50|]Staraptor||Staraptite|Intimidate|Tailwind,CloseCombat,DualWingbeat,Protect|Adamant||F|||50|]Garchomp||ChoiceScarf|RoughSkin|Earthquake,RockSlide,DragonClaw,StompingTantrum|Adamant||F|||50|]Sneasler||FocusSash|PoisonTouch|DireClaw,FakeOut,CloseCombat,Protect|Adamant||F|||50|]Conkeldurr||WhiteHerb|IronFist|HelpingHand,WideGuard,DrainPunch,IcePunch|Brave||M|||50|
|
|t:|1783290330
|teamsize|p1|4
|teamsize|p2|4
|start
|switch|p1a: Raichu|Raichu, L50, M|100/100
|switch|p1b: Archaludon|Archaludon, L50, F|100/100
|switch|p2a: Sinistcha|Sinistcha, L50|100/100
|switch|p2b: Garchomp|Garchomp, L50, F|100/100
|turn|1
|
|t:|1783290357
|move|p1a: Raichu|Fake Out|p2b: Garchomp
|-damage|p2b: Garchomp|89/100
|-damage|p1a: Raichu|87/100|[from] ability: Rough Skin|[of] p2b: Garchomp
|cant|p2b: Garchomp|flinch
|move|p1b: Archaludon|Dragon Pulse|p2b: Garchomp
|-supereffective|p2b: Garchomp|1
|-damage|p2b: Garchomp|15/100
|move|p2a: Sinistcha|Trick Room|p2a: Sinistcha
|-fieldstart|move: Trick Room|[of] p2a: Sinistcha
|
|upkeep
|turn|2
|
|t:|1783290382
|move|p2a: Sinistcha|Matcha Gotcha|p1b: Archaludon|[spread] p1a,p1b
|-resisted|p1b: Archaludon|2
|-damage|p1a: Raichu|48/100
|-damage|p1b: Archaludon|93/100
|-ability|p1b: Archaludon|Stamina|boost
|-boost|p1b: Archaludon|def|1
|move|p1b: Archaludon|Electro Shot||[still]
|-prepare|p1b: Archaludon|Electro Shot
|-boost|p1b: Archaludon|spa|1
|move|p1a: Raichu|Volt Switch|p2a: Sinistcha
|-resisted|p2a: Sinistcha|1
|-damage|p2a: Sinistcha|90/100
|
|t:|1783290395
|switch|p1a: Basculegion|Basculegion, L50, M|100/100|[from] Volt Switch
|move|p2b: Garchomp|Stomping Tantrum|p1a: Basculegion
|-damage|p1a: Basculegion|4/100
|
|-heal|p1b: Archaludon|99/100|[from] item: Leftovers
|upkeep
|turn|3
|
|t:|1783290415
|move|p2a: Sinistcha|Shadow Ball|p1b: Archaludon
|-damage|p1b: Archaludon|62/100
|-ability|p1b: Archaludon|Stamina|boost
|-boost|p1b: Archaludon|def|1
|move|p1b: Archaludon|Electro Shot|p2a: Sinistcha|[from] lockedmove
|-resisted|p2a: Sinistcha|1
|-damage|p2a: Sinistcha|63/100
|move|p2b: Garchomp|Stomping Tantrum|p1b: Archaludon
|-supereffective|p1b: Archaludon|1
|-damage|p1b: Archaludon|32/100
|-ability|p1b: Archaludon|Stamina|boost
|-boost|p1b: Archaludon|def|1
|move|p1a: Basculegion|Last Respects|p2a: Sinistcha
|-supereffective|p2a: Sinistcha|1
|-damage|p2a: Sinistcha|17/100
|-enditem|p2a: Sinistcha|Sitrus Berry|[eat]
|-heal|p2a: Sinistcha|42/100|[from] item: Sitrus Berry
|
|-heal|p1b: Archaludon|38/100|[from] item: Leftovers
|upkeep
|turn|4
|
|t:|1783290450
|switch|p1a: Raichu|Raichu, L50, M|48/100
|move|p1b: Archaludon|Protect|p1b: Archaludon
|-singleturn|p1b: Archaludon|Protect
|move|p2a: Sinistcha|Shadow Ball|p1a: Raichu
|-crit|p1a: Raichu
|-damage|p1a: Raichu|0 fnt
|faint|p1a: Raichu
|move|p2b: Garchomp|Stomping Tantrum|p1b: Archaludon
|-activate|p1b: Archaludon|move: Protect
|
|-heal|p1b: Archaludon|44/100|[from] item: Leftovers
|upkeep
|
|t:|1783290464
|switch|p1a: Pelipper|Pelipper, L50, M|100/100
|-weather|RainDance|[from] ability: Drizzle|[of] p1a: Pelipper
|turn|5
|
|t:|1783290491
|move|p1a: Pelipper|Weather Ball|p2b: Garchomp
|-damage|p2b: Garchomp|0 fnt
|faint|p2b: Garchomp
|move|p2a: Sinistcha|Matcha Gotcha|p1a: Pelipper|[spread] p1a,p1b
|-resisted|p1b: Archaludon|2
|-damage|p1a: Pelipper|71/100
|-heal|p2a: Sinistcha|56/100|[from] drain|[of] p1a: Pelipper
|-damage|p1b: Archaludon|37/100
|-heal|p2a: Sinistcha|60/100|[from] drain|[of] p1b: Archaludon
|-ability|p1b: Archaludon|Stamina|boost
|-boost|p1b: Archaludon|def|1
|move|p1b: Archaludon|Flash Cannon|p2a: Sinistcha
|-damage|p2a: Sinistcha|4/100
|
|-weather|RainDance|[upkeep]
|-heal|p1b: Archaludon|43/100|[from] item: Leftovers
|-fieldend|move: Trick Room
|upkeep
|
|t:|1783290509
|switch|p2b: Eelektross|Eelektross, L50, F|100/100
|turn|6
|
|t:|1783290526
|detailschange|p2b: Eelektross|Eelektross-Mega, L50, F
|-mega|p2b: Eelektross|Eelektross|Eelektrossite
|move|p2b: Eelektross|Thunderbolt|p1a: Pelipper
|-supereffective|p1a: Pelipper|2
|-damage|p1a: Pelipper|0 fnt
|faint|p1a: Pelipper
|-ability|p2b: Eelektross|Eelevate|boost
|-boost|p2b: Eelektross|spa|1
|move|p1b: Archaludon|Dragon Pulse|p2b: Eelektross
|-damage|p2b: Eelektross|38/100
|move|p2a: Sinistcha|Trick Room|p2a: Sinistcha
|-fieldstart|move: Trick Room|[of] p2a: Sinistcha
|
|-weather|RainDance|[upkeep]
|-heal|p1b: Archaludon|49/100|[from] item: Leftovers
|upkeep
|
|t:|1783290539
|switch|p1a: Basculegion|Basculegion, L50, M|4/100
|turn|7
|
|t:|1783290550
|move|p2b: Eelektross|Protect|p2b: Eelektross
|-singleturn|p2b: Eelektross|Protect
|move|p1a: Basculegion|Aqua Jet|p2a: Sinistcha
|-resisted|p2a: Sinistcha|1
|-damage|p2a: Sinistcha|0 fnt
|faint|p2a: Sinistcha
|move|p1b: Archaludon|Flash Cannon|p2b: Eelektross
|-activate|p2b: Eelektross|move: Protect
|
|-weather|RainDance|[upkeep]
|-heal|p1b: Archaludon|55/100|[from] item: Leftovers
|upkeep
|
|t:|1783290560
|switch|p2a: Conkeldurr|Conkeldurr, L50, M|100/100
|turn|8
|
|t:|1783290578
|move|p1a: Basculegion|Aqua Jet|p2a: Conkeldurr
|-damage|p2a: Conkeldurr|68/100
|move|p2a: Conkeldurr|Drain Punch|p1b: Archaludon
|-supereffective|p1b: Archaludon|1
|-damage|p1b: Archaludon|30/100
|-heal|p2a: Conkeldurr|81/100|[from] drain|[of] p1b: Archaludon
|-ability|p1b: Archaludon|Stamina|boost
|-boost|p1b: Archaludon|def|1
|move|p1b: Archaludon|Flash Cannon|p2b: Eelektross
|-resisted|p2b: Eelektross|1
|-damage|p2b: Eelektross|11/100
|move|p2b: Eelektross|Giga Drain|p1a: Basculegion
|-supereffective|p1a: Basculegion|1
|-damage|p1a: Basculegion|0 fnt
|-heal|p2b: Eelektross|14/100|[from] drain|[of] p1a: Basculegion
|faint|p1a: Basculegion
|-ability|p2b: Eelektross|Eelevate|boost
|-boost|p2b: Eelektross|spa|1
|
|-weather|RainDance|[upkeep]
|-heal|p1b: Archaludon|36/100|[from] item: Leftovers
|upkeep
|turn|9
|
|t:|1783290606
|move|p1b: Archaludon|Protect|p1b: Archaludon
|-singleturn|p1b: Archaludon|Protect
|move|p2b: Eelektross|Protect|p2b: Eelektross
|-singleturn|p2b: Eelektross|Protect
|move|p2a: Conkeldurr|Drain Punch|p1b: Archaludon
|-activate|p1b: Archaludon|move: Protect
|
|-weather|none
|-heal|p1b: Archaludon|42/100|[from] item: Leftovers
|upkeep
|turn|10
|
|t:|1783290626
|move|p2a: Conkeldurr|Drain Punch|p1b: Archaludon
|-supereffective|p1b: Archaludon|1
|-crit|p1b: Archaludon
|-damage|p1b: Archaludon|0 fnt
|-heal|p2a: Conkeldurr|100/100|[from] drain|[of] p1b: Archaludon
|faint|p1b: Archaludon
|
|win|robinrambles
||jshnaijgbuqwvbfa is ready for game 2.
|inactive|robinrambles has 30 seconds to confirm battle start!
|l|☆jshnaijgbuqwvbfa
|player|p1|
||robinrambles is ready for game 2.
|uhtml|next|Next: Game 2 of 3
