|j|☆ExploudGaming
|j|☆sergio23perez
|html|ExploudGamingsergio23perez    
|uhtml|bestof|Game 2 of a best-of-3
|t:|1756743107
|gametype|doubles
|player|p1|ExploudGaming|burglar|1382
|player|p2|sergio23perez|1|1261
|gen|9
|tier|[Gen 9] VGC 2025 Reg H (Bo3)
|rated|
|rule|Species Clause: Limit one of each Pokémon
|rule|Item Clause: Limit 1 of each item
|clearpoke
|poke|p1|Maushold-Four, L50|
|poke|p1|Incineroar, L50, F|
|poke|p1|Pelipper, L50, M|
|poke|p1|Sinistcha, L50|
|poke|p1|Ursaluna, L50, M|
|poke|p1|Salamence, L50, F|
|poke|p2|Jumpluff, L50, F|
|poke|p2|Charizard, L50, F|
|poke|p2|Porygon2, L50|
|poke|p2|Torkoal, L50, M|
|poke|p2|Incineroar, L50, M|
|poke|p2|Ursaluna, L50, F|
|teampreview|4
|showteam|p1|Maushold-Four||WideLens|Technician|Protect,FollowMe,ThunderWave,PopulationBomb||||||50|,,,,,Grass]Incineroar||SafetyGoggles|Intimidate|PartingShot,Taunt,FakeOut,KnockOff|||F|||50|,,,,,Ghost]Pelipper||FocusSash|Drizzle|Protect,Tailwind,Hurricane,WeatherBall|||M|||50|,,,,,Ghost]Sinistcha||MentalHerb|Hospitality|TrickRoom,RagePowder,MatchaGotcha,ShadowBall||||||50|,,,,,Dark]Ursaluna||FlameOrb|Guts|Protect,HeadlongRush,Earthquake,Facade|||M|||50|,,,,,Ghost]Salamence||ChoiceSpecs|Intimidate|TeraBlast,AirSlash,Hurricane,DragonPulse|||F|||50|,,,,,Fairy
|showteam|p2|Jumpluff||CovertCloak|Chlorophyll|SleepPowder,SunnyDay,Tailwind,RagePowder|||F|||50|,,,,,Water]Charizard||ChoiceSpecs|SolarPower|AirSlash,HeatWave,Overheat,WeatherBall|||F|||50|,,,,,Ghost]Porygon2||Eviolite|Download|TeraBlast,IceBeam,Recover,TrickRoom||||||50|,,,,,Fighting]Torkoal||EjectPack|Drought|HelpingHand,Eruption,Overheat,Protect|||M|||50|,,,,,Fire]Incineroar||SafetyGoggles|Intimidate|FakeOut,PartingShot,FlareBlitz,KnockOff|||M|||50|,,,,,Ghost]Ursaluna||FlameOrb|Guts|HeadlongRush,Facade,Earthquake,Protect|||F|||50|,,,,,Ghost
|inactive|Battle timer is ON: inactive players will automatically lose when time's up. (requested by sergio23perez)
|
|t:|1756743129
|teamsize|p1|4
|teamsize|p2|4
|start
|switch|p1a: Maushold|Maushold-Four, L50|100/100
|switch|p1b: Incineroar|Incineroar, L50, F|100/100
|switch|p2a: Porygon2|Porygon2, L50|100/100
|switch|p2b: Incineroar|Incineroar, L50, M|100/100
|-ability|p1b: Incineroar|Intimidate|boost
|-unboost|p2a: Porygon2|atk|1
|-unboost|p2b: Incineroar|atk|1
|-ability|p2b: Incineroar|Intimidate|boost
|-unboost|p1a: Maushold|atk|1
|-unboost|p1b: Incineroar|atk|1
|-ability|p2a: Porygon2|Download|boost
|-boost|p2a: Porygon2|atk|1
|turn|1
|
|t:|1756743141
|switch|p2b: Ursaluna|Ursaluna, L50, F|100/100
|move|p1b: Incineroar|Fake Out|p2a: Porygon2
|-damage|p2a: Porygon2|96/100
|move|p1a: Maushold|Population Bomb|p2a: Porygon2
|-damage|p2a: Porygon2|91/100
|-damage|p2a: Porygon2|86/100
|-damage|p2a: Porygon2|81/100
|-damage|p2a: Porygon2|76/100
|-damage|p2a: Porygon2|71/100
|-damage|p2a: Porygon2|66/100
|-damage|p2a: Porygon2|61/100
|-damage|p2a: Porygon2|56/100
|-damage|p2a: Porygon2|52/100
|-damage|p2a: Porygon2|47/100
|-hitcount|p2a: Porygon2|10
|cant|p2a: Porygon2|flinch
|
|-status|p2b: Ursaluna|brn|[from] item: Flame Orb
|upkeep
|turn|2
|inactive|ExploudGaming has 30 seconds left.
|inactive|ExploudGaming has 20 seconds left.
|inactive|ExploudGaming has 15 seconds left.
|
|t:|1756743182
|switch|p2a: Incineroar|Incineroar, L50, M|100/100
|-ability|p2a: Incineroar|Intimidate|boost
|-unboost|p1a: Maushold|atk|1
|-unboost|p1b: Incineroar|atk|1
|-terastallize|p1b: Incineroar|Ghost
|move|p2b: Ursaluna|Protect|p2b: Ursaluna
|-singleturn|p2b: Ursaluna|Protect
|move|p1a: Maushold|Population Bomb|p2a: Incineroar
|-damage|p2a: Incineroar|95/100
|-damage|p2a: Incineroar|90/100
|-damage|p2a: Incineroar|85/100
|-damage|p2a: Incineroar|81/100
|-damage|p2a: Incineroar|76/100
|-damage|p2a: Incineroar|71/100
|-damage|p2a: Incineroar|66/100
|-damage|p2a: Incineroar|61/100
|-damage|p2a: Incineroar|56/100
|-damage|p2a: Incineroar|51/100
|-hitcount|p2a: Incineroar|10
|move|p1b: Incineroar|Taunt|p2a: Incineroar
|-start|p2a: Incineroar|move: Taunt
|
|-damage|p2b: Ursaluna|94/100 brn|[from] brn
|upkeep
|turn|3
|inactive|ExploudGaming has 30 seconds left.
|inactive|sergio23perez has 30 seconds left.
|inactive|sergio23perez has 20 seconds left.
|
|t:|1756743220
|switch|p1a: Salamence|Salamence, L50, F|100/100
|-ability|p1a: Salamence|Intimidate|boost
|-unboost|p2a: Incineroar|atk|1
|-unboost|p2b: Ursaluna|atk|1
|move|p1b: Incineroar|Parting Shot|p2b: Ursaluna
|-unboost|p2b: Ursaluna|atk|1
|-unboost|p2b: Ursaluna|spa|1
|
|t:|1756743228
|switch|p1b: Pelipper|Pelipper, L50, M|100/100|[from] Parting Shot
|-weather|RainDance|[from] ability: Drizzle|[of] p1b: Pelipper
|move|p2b: Ursaluna|Headlong Rush|p1b: Pelipper
|-immune|p1b: Pelipper
|move|p2a: Incineroar|Knock Off|p1b: Pelipper
|-damage|p1b: Pelipper|67/100
|-enditem|p1b: Pelipper|Focus Sash|[from] move: Knock Off|[of] p2a: Incineroar
|
|-weather|RainDance|[upkeep]
|-damage|p2b: Ursaluna|88/100 brn|[from] brn
|upkeep
|turn|4
|inactive|ExploudGaming has 30 seconds left.
|
|t:|1756743255
|switch|p2b: Torkoal|Torkoal, L50, M|100/100
|-weather|SunnyDay|[from] ability: Drought|[of] p2b: Torkoal
|switch|p2a: Porygon2|Porygon2, L50|47/100
|-ability|p2a: Porygon2|Download|boost
|-boost|p2a: Porygon2|spa|1
|move|p1a: Salamence|Dragon Pulse|p2b: Torkoal
|-damage|p2b: Torkoal|20/100
|move|p1b: Pelipper|Weather Ball|p2a: Porygon2
|-damage|p2a: Porygon2|22/100
|
|-weather|SunnyDay|[upkeep]
|upkeep
|turn|5
|inactive|sergio23perez has 30 seconds left.
|-message|sergio23perez forfeited.
|raw|ExploudGaming's rating: 1382 → 1395(+13 for winning)
|raw|sergio23perez's rating: 1261 → 1244(-17 for losing)
|
|win|ExploudGaming
|l|☆sergio23perez
|player|p2|
