|j|☆WestyLiam's House
|j|☆Capravolante97
|html|WestyLiam's HouseCapravolante97    
|uhtml|bestof|Game 1 of a best-of-3
|t:|1783609092
|gametype|doubles
|player|p1|WestyLiam's House|iris-gen5bw2|1244
|player|p2|Capravolante97|fantina|1349
|gen|9
|tier|[Gen 9 Champions] VGC 2026 Reg M-B (Bo3)
|rated|
|rule|Species Clause: Limit one of each Pokémon
|rule|Item Clause: Limit 1 of each item
|clearpoke
|poke|p1|Charizard, L50, M|
|poke|p1|Venusaur, L50, F|
|poke|p1|Farigiraf, L50, F|
|poke|p1|Mawile, L50, F|
|poke|p1|Incineroar, L50, F|
|poke|p1|Garchomp, L50, F|
|poke|p2|Malamar, L50, F|
|poke|p2|Sneasler, L50, F|
|poke|p2|Sylveon, L50, F|
|poke|p2|Farigiraf, L50, F|
|poke|p2|Whimsicott, L50, M|
|poke|p2|Basculegion, L50, M|
|teampreview|4
|showteam|p1|Charizard||CharizarditeY|Blaze|HeatWave,WeatherBall,HelpingHand,Protect|Modest||M|||50|]Venusaur||LifeOrb|Chlorophyll|LeafStorm,SludgeBomb,EarthPower,Protect|Modest||F|||50|]Farigiraf||SitrusBerry|ArmorTail|TrickRoom,Thunderbolt,Psychic,HelpingHand|Sassy||F|||50|]Mawile||Mawilite|HyperCutter|PlayRough,RockSlide,SuckerPunch,Protect|Adamant||F|||50|]Incineroar||Leftovers|Intimidate|FakeOut,FlareBlitz,ThroatChop,PartingShot|Impish||F|||50|]Garchomp||ChoiceScarf|RoughSkin|Earthquake,DragonClaw,RockSlide,StompingTantrum|Adamant||F|||50|
|showteam|p2|Malamar||Malamarite|Contrary|Superpower,KnockOff,TrickRoom,Protect|Adamant||F|||50|]Sneasler||WhiteHerb|Unburden|CloseCombat,DireClaw,FakeOut,RockTomb|Jolly||F|||50|]Sylveon||FairyFeather|Pixilate|HyperVoice,HyperBeam,Detect,QuickAttack|Modest||F|||50|]Farigiraf||SitrusBerry|ArmorTail|Thunderbolt,TwinBeam,HelpingHand,TrickRoom|Bold||F|||50|]Whimsicott||FocusSash|Prankster|FakeTears,Tailwind,Protect,Moonblast|Timid||M|||50|]Basculegion||ChoiceScarf|Adaptability|FlipTurn,WaveCrash,LastRespects,AquaJet|Adamant||M|||50|
|inactive|Battle timer is ON: inactive players will automatically lose when time's up. (requested by Capravolante97)
|inactive|WestyLiam's House also wants the timer to be on.
|inactive|WestyLiam's House has 60 seconds left.
|inactive|Capravolante97 has 60 seconds left.
|
|t:|1783609148
|teamsize|p1|4
|teamsize|p2|4
|start
|switch|p1a: Farigiraf|Farigiraf, L50, F|100/100
|switch|p1b: Incineroar|Incineroar, L50, F|100/100
|switch|p2a: Whimsicott|Whimsicott, L50, M|100/100
|switch|p2b: Malamar|Malamar, L50, F|100/100
|-ability|p1b: Incineroar|Intimidate|boost
|-unboost|p2a: Whimsicott|atk|1
|-boost|p2b: Malamar|atk|1
|turn|1
|
|t:|1783609170
|detailschange|p2b: Malamar|Malamar-Mega, L50, F
|-mega|p2b: Malamar|Malamar|Malamarite
|move|p1b: Incineroar|Fake Out|p2b: Malamar
|-damage|p2b: Malamar|88/100
|move|p2a: Whimsicott|Fake Tears|p2b: Malamar
|-boost|p2b: Malamar|spd|2
|cant|p2b: Malamar|flinch
|move|p1a: Farigiraf|Trick Room|p1a: Farigiraf
|-fieldstart|move: Trick Room|[of] p1a: Farigiraf
|
|upkeep
|turn|2
|
|t:|1783609191
|move|p2a: Whimsicott|Fake Tears|p2b: Malamar
|-boost|p2b: Malamar|spd|2
|move|p1a: Farigiraf|Thunderbolt|p2b: Malamar
|-damage|p2b: Malamar|82/100
|move|p1b: Incineroar|Parting Shot|p2a: Whimsicott
|-unboost|p2a: Whimsicott|atk|1
|-unboost|p2a: Whimsicott|spa|1
|
|t:|1783609201
|switch|p1b: Mawile|Mawile, L50, F|100/100|[from] Parting Shot
|move|p2b: Malamar|Superpower|p1b: Mawile
|-damage|p1b: Mawile|29/100
|-boost|p2b: Malamar|atk|1
|-boost|p2b: Malamar|def|1
|
|upkeep
|turn|3
|inactive|Capravolante97 has 30 seconds left.
|
|t:|1783609229
|switch|p2a: Sylveon|Sylveon, L50, F|100/100
|detailschange|p1b: Mawile|Mawile-Mega, L50, F
|-mega|p1b: Mawile|Mawile|Mawilite
|move|p2b: Malamar|Protect|p2b: Malamar
|-singleturn|p2b: Malamar|Protect
|move|p1b: Mawile|Play Rough|p2b: Malamar
|-activate|p2b: Malamar|move: Protect
|move|p1a: Farigiraf|Psychic|p2a: Sylveon
|-damage|p2a: Sylveon|74/100
|
|upkeep
|turn|4
|
|t:|1783609248
|switch|p1a: Incineroar|Incineroar, L50, F|100/100
|-ability|p1a: Incineroar|Intimidate|boost
|-unboost|p2a: Sylveon|atk|1
|-boost|p2b: Malamar|atk|1
|move|p1b: Mawile|Play Rough|p2b: Malamar
|-supereffective|p2b: Malamar|1
|-damage|p2b: Malamar|0 fnt
|faint|p2b: Malamar
|move|p2a: Sylveon|Hyper Voice|p1a: Incineroar|[spread] p1a,p1b
|-crit|p1a: Incineroar
|-resisted|p1b: Mawile|1
|-damage|p1a: Incineroar|37/100
|-damage|p1b: Mawile|0 fnt
|faint|p1b: Mawile
|
|-heal|p1a: Incineroar|43/100|[from] item: Leftovers
|upkeep
|inactive|Capravolante97 has 30 seconds left.
|
|t:|1783609275
|switch|p1b: Farigiraf|Farigiraf, L50, F|100/100
|switch|p2b: Whimsicott|Whimsicott, L50, M|100/100
|turn|5
|
|t:|1783609293
|move|p1b: Farigiraf|Helping Hand|p1a: Incineroar
|-singleturn|p1a: Incineroar|Helping Hand|[of] p1b: Farigiraf
|move|p2b: Whimsicott|Protect|p2b: Whimsicott
|-singleturn|p2b: Whimsicott|Protect
|move|p2a: Sylveon|Detect|p2a: Sylveon
|-singleturn|p2a: Sylveon|Protect
|move|p1a: Incineroar|Flare Blitz|p2a: Sylveon
|-activate|p2a: Sylveon|move: Protect
|
|-heal|p1a: Incineroar|49/100|[from] item: Leftovers
|-fieldend|move: Trick Room
|upkeep
|turn|6
|inactive|Capravolante97 has 30 seconds left.
|
|t:|1783609323
|move|p2b: Whimsicott|Moonblast|p1b: Farigiraf
|-crit|p1b: Farigiraf
|-damage|p1b: Farigiraf|61/100
|move|p2a: Sylveon|Hyper Voice|p1a: Incineroar|[spread] p1a,p1b
|-damage|p1a: Incineroar|8/100
|-damage|p1b: Farigiraf|24/100
|-enditem|p1b: Farigiraf|Sitrus Berry|[eat]
|-heal|p1b: Farigiraf|48/100|[from] item: Sitrus Berry
|move|p1a: Incineroar|Flare Blitz|p2a: Sylveon
|-damage|p2a: Sylveon|16/100
|-damage|p1a: Incineroar|0 fnt|[from] Recoil
|faint|p1a: Incineroar
|move|p1b: Farigiraf|Psychic|p2a: Sylveon
|-damage|p2a: Sylveon|0 fnt
|faint|p2a: Sylveon
|
|upkeep
|
|t:|1783609337
|switch|p2a: Sneasler|Sneasler, L50, F|100/100
|switch|p1a: Garchomp|Garchomp, L50, F|100/100
|turn|7
|inactive|WestyLiam's House has 30 seconds left.
|inactive|Capravolante97 has 30 seconds left.
|inactive|Capravolante97 has 20 seconds left.
|inactive|Capravolante97 has 15 seconds left.
|
|t:|1783609380
|move|p2b: Whimsicott|Tailwind|p2b: Whimsicott
|-sidestart|p2: Capravolante97|move: Tailwind
|move|p2a: Sneasler|Close Combat|p1b: Farigiraf
|-damage|p1b: Farigiraf|0 fnt
|-unboost|p2a: Sneasler|def|1
|-unboost|p2a: Sneasler|spd|1
|faint|p1b: Farigiraf
|-enditem|p2a: Sneasler|White Herb
|-clearnegativeboost|p2a: Sneasler|[silent]
|move|p1a: Garchomp|Stomping Tantrum|p2a: Sneasler
|-supereffective|p2a: Sneasler|1
|-damage|p2a: Sneasler|0 fnt
|faint|p2a: Sneasler
|
|upkeep
|turn|8
|
|t:|1783609391
|move|p2b: Whimsicott|Moonblast|p1a: Garchomp
|-supereffective|p1a: Garchomp|1
|-damage|p1a: Garchomp|25/100
|move|p1a: Garchomp|Stomping Tantrum|p2b: Whimsicott
|-resisted|p2b: Whimsicott|1
|-damage|p2b: Whimsicott|69/100
|
|upkeep
|turn|9
|-message|WestyLiam's House forfeited.
|
|win|Capravolante97
||WestyLiam's House is ready for game 2.
||Capravolante97 is ready for game 2.
|uhtml|next|Next: Game 2 of 3
|l|☆Capravolante97
|player|p2|
