|j|☆elmono11
|j|☆qaiseasy
|html|elmono11qaiseasy    
|uhtml|bestof|Game 1 of a best-of-3
|t:|1785241628
|gametype|doubles
|player|p1|elmono11|2|1371
|player|p2|qaiseasy|tuber|1310
|gen|9
|tier|[Gen 9 Champions] VGC 2026 Reg M-B (Bo3)
|rated|
|rule|Species Clause: Limit one of each Pokémon
|rule|Item Clause: Limit 1 of each item
|clearpoke
|poke|p1|Staraptor, L50, F|
|poke|p1|Gholdengo, L50|
|poke|p1|Sinistcha, L50|
|poke|p1|Incineroar, L50, M|
|poke|p1|Arcanine-Hisui, L50, F|
|poke|p1|Ninetales-Alola, L50, F|
|poke|p2|Staraptor, L50, F, shiny|
|poke|p2|Arcanine-Hisui, L50, F, shiny|
|poke|p2|Kingambit, L50, F, shiny|
|poke|p2|Raichu, L50, F, shiny|
|poke|p2|Sinistcha-Masterpiece, L50, shiny|
|poke|p2|Sylveon, L50, F, shiny|
|teampreview|4
|showteam|p1|Staraptor||Staraptite|Intimidate|CloseCombat,DualWingbeat,Tailwind,Protect|Jolly||F|||50|]Gholdengo||LifeOrb|GoodasGold|MakeItRain,ShadowBall,NastyPlot,Protect|Modest|||||50|]Sinistcha||ColburBerry|Hospitality|MatchaGotcha,RagePowder,TrickRoom,StrengthSap|Calm|||||50|]Incineroar||SitrusBerry|Intimidate|FakeOut,FlareBlitz,DarkestLariat,PartingShot|Careful||M|||50|]Arcanine-Hisui||FocusSash|RockHead|FlareBlitz,HeadSmash,ExtremeSpeed,Protect|Jolly||F|||50|]Ninetales-Alola||NeverMeltIce|SnowWarning|Blizzard,FreezeDry,Encore,Protect|Timid||F|||50|
|showteam|p2|Staraptor||Staraptite|Intimidate|DualWingbeat,CloseCombat,Tailwind,Protect|Jolly||F|||50|]Arcanine-Hisui||FocusSash|RockHead|FlareBlitz,HeadSmash,ExtremeSpeed,Protect|Jolly||F|||50|]Kingambit||LifeOrb|Defiant|KowtowCleave,SuckerPunch,SwordsDance,Protect|Adamant||F|||50|]Raichu||RaichuniteY|LightningRod|ZapCannon,FocusBlast,FakeOut,Protect|Timid||F|||50|]Sinistcha-Masterpiece||OccaBerry|Hospitality|Protect,MatchaGotcha,TrickRoom,RagePowder|Bold|||||50|]Sylveon||FairyFeather|Pixilate|HyperVoice,HyperBeam,QuickAttack,Detect|Modest||F|||50|
|inactive|Battle timer is ON: inactive players will automatically lose when time's up. (requested by elmono11)
|
|t:|1785241656
|teamsize|p1|4
|teamsize|p2|4
|start
|switch|p1a: Incineroar|Incineroar, L50, M|100/100
|switch|p1b: Ninetales|Ninetales-Alola, L50, F|100/100
|switch|p2a: Kingambit|Kingambit, L50, F, shiny|100/100
|switch|p2b: Raichu|Raichu, L50, F, shiny|100/100
|-weather|Snowscape|[from] ability: Snow Warning|[of] p1b: Ninetales
|-ability|p1a: Incineroar|Intimidate|boost
|-unboost|p2a: Kingambit|atk|1
|-ability|p2a: Kingambit|Defiant|boost
|-boost|p2a: Kingambit|atk|2
|-unboost|p2b: Raichu|atk|1
|turn|1
|inactive|qaiseasy has 30 seconds left.
|inactive|qaiseasy has 20 seconds left.
|inactive|qaiseasy has 15 seconds left.
|
|t:|1785241699
|detailschange|p2b: Raichu|Raichu-Mega-Y, L50, F, shiny
|-mega|p2b: Raichu|Raichu|Raichunite Y
|move|p2b: Raichu|Fake Out|p1a: Incineroar
|-damage|p1a: Incineroar|95/100
|move|p1b: Ninetales|Blizzard|p2a: Kingambit|[spread] p2a,p2b
|-resisted|p2a: Kingambit|1
|-damage|p2a: Kingambit|85/100
|-damage|p2b: Raichu|56/100
|-status|p2a: Kingambit|frz
|cant|p1a: Incineroar|flinch
|cant|p2a: Kingambit|frz
|
|-weather|Snowscape|[upkeep]
|upkeep
|turn|2
|c|☆qaiseasy|ah
|inactive|elmono11 has 30 seconds left.
|inactive|elmono11 has 20 seconds left.
|inactive|elmono11 has 15 seconds left.
|
|t:|1785241740
|move|p2b: Raichu|Zap Cannon|p1b: Ninetales
|-damage|p1b: Ninetales|33/100
|-status|p1b: Ninetales|par
|move|p1b: Ninetales|Blizzard|p2a: Kingambit|[spread] p2a,p2b
|-resisted|p2a: Kingambit|1
|-damage|p2a: Kingambit|70/100 frz
|-damage|p2b: Raichu|14/100
|move|p1a: Incineroar|Parting Shot|p2b: Raichu
|-unboost|p2b: Raichu|atk|1
|-unboost|p2b: Raichu|spa|1
|
|t:|1785241747
|switch|p1a: Gholdengo|Gholdengo, L50|100/100|[from] Parting Shot
|cant|p2a: Kingambit|frz
|
|-weather|Snowscape|[upkeep]
|upkeep
|turn|3
|
|t:|1785241758
|move|p1a: Gholdengo|Protect|p1a: Gholdengo
|-singleturn|p1a: Gholdengo|Protect
|-curestatus|p2a: Kingambit|frz|[msg]
|move|p2a: Kingambit|Sucker Punch||[still]
|-fail|p2a: Kingambit
|move|p2b: Raichu|Zap Cannon|p1b: Ninetales
|-damage|p1b: Ninetales|0 fnt
|faint|p1b: Ninetales
|
|-weather|Snowscape|[upkeep]
|upkeep
|
|t:|1785241768
|switch|p1b: Staraptor|Staraptor, L50, F|100/100
|-ability|p1b: Staraptor|Intimidate|boost
|-unboost|p2a: Kingambit|atk|1
|-ability|p2a: Kingambit|Defiant|boost
|-boost|p2a: Kingambit|atk|2
|-unboost|p2b: Raichu|atk|1
|turn|4
|inactive|elmono11 has 30 seconds left.
|
|t:|1785241802
|detailschange|p1b: Staraptor|Staraptor-Mega, L50, F
|-mega|p1b: Staraptor|Staraptor|Staraptite
|move|p1a: Gholdengo|Protect||[still]
|-fail|p1a: Gholdengo
|move|p2a: Kingambit|Sucker Punch||[still]
|-fail|p2a: Kingambit
|move|p2b: Raichu|Zap Cannon|p1b: Staraptor
|-supereffective|p1b: Staraptor|1
|-damage|p1b: Staraptor|15/100
|-status|p1b: Staraptor|par
|move|p1b: Staraptor|Close Combat|p2a: Kingambit
|-supereffective|p2a: Kingambit|2
|-damage|p2a: Kingambit|0 fnt
|-boost|p1b: Staraptor|def|1
|-boost|p1b: Staraptor|spd|1
|faint|p2a: Kingambit
|
|-weather|Snowscape|[upkeep]
|upkeep
|
|t:|1785241820
|switch|p2a: Arcanine|Arcanine-Hisui, L50, F, shiny|100/100
|turn|5
|
|t:|1785241846
|switch|p1b: Incineroar|Incineroar, L50, M|95/100
|-ability|p1b: Incineroar|Intimidate|boost
|-unboost|p2a: Arcanine|atk|1
|-unboost|p2b: Raichu|atk|1
|move|p1a: Gholdengo|Protect|p1a: Gholdengo
|-singleturn|p1a: Gholdengo|Protect
|move|p2b: Raichu|Zap Cannon|p1b: Incineroar
|-damage|p1b: Incineroar|65/100
|-status|p1b: Incineroar|par
|move|p2a: Arcanine|Flare Blitz|p1a: Gholdengo
|-activate|p1a: Gholdengo|move: Protect
|
|-weather|none
|upkeep
|turn|6
|inactive|elmono11 has 30 seconds left.
|inactive|qaiseasy has 30 seconds left.
|inactive|elmono11 has 20 seconds left.
|inactive|qaiseasy has 20 seconds left.
|inactive|elmono11 has 15 seconds left.
|inactive|elmono11 has 10 seconds left.
|inactive|elmono11 has 5 seconds left.
|
|t:|1785241900
|switch|p2a: Sinistcha|Sinistcha-Masterpiece, L50, shiny|100/100
|-heal|p2b: Raichu|39/100|[from] ability: Hospitality|[of] p2a: Sinistcha
|move|p2b: Raichu|Protect|p2b: Raichu
|-singleturn|p2b: Raichu|Protect
|move|p1b: Incineroar|Fake Out|p2a: Sinistcha
|-immune|p2a: Sinistcha
|move|p1a: Gholdengo|Make It Rain|p2b: Raichu|[spread] p2a
|-activate|p2b: Raichu|move: Protect
|-damage|p2a: Sinistcha|38/100
|-unboost|p1a: Gholdengo|spa|2
|-damage|p1a: Gholdengo|90/100|[from] item: Life Orb
|
|upkeep
|turn|7
|inactive|elmono11 has 30 seconds left.
|inactive|qaiseasy has 30 seconds left.
|
|t:|1785241935
|switch|p2b: Arcanine|Arcanine-Hisui, L50, F, shiny|100/100
|move|p2a: Sinistcha|Rage Powder|p2a: Sinistcha
|-singleturn|p2a: Sinistcha|move: Rage Powder
|move|p1a: Gholdengo|Shadow Ball|p2a: Sinistcha
|-supereffective|p2a: Sinistcha|1
|-damage|p2a: Sinistcha|0 fnt
|faint|p2a: Sinistcha
|-damage|p1a: Gholdengo|80/100|[from] item: Life Orb
|move|p1b: Incineroar|Flare Blitz|p2b: Arcanine
|-resisted|p2b: Arcanine|2
|-damage|p2b: Arcanine|86/100
|-damage|p1b: Incineroar|61/100 par|[from] Recoil
|
|upkeep
|
|t:|1785241942
|switch|p2a: Raichu|Raichu-Mega-Y, L50, F, shiny|39/100
|turn|8
|inactive|elmono11 has 30 seconds left.
|inactive|elmono11 has 20 seconds left.
|inactive|elmono11 has 15 seconds left.
|
|t:|1785241985
|switch|p1a: Staraptor|Staraptor-Mega, L50, F|15/100 par
|move|p2a: Raichu|Focus Blast|p1b: Incineroar
|-supereffective|p1b: Incineroar|1
|-damage|p1b: Incineroar|0 fnt
|faint|p1b: Incineroar
|move|p2b: Arcanine|Flare Blitz|p1a: Staraptor
|-damage|p1a: Staraptor|0 fnt
|faint|p1a: Staraptor
|
|upkeep
|-message|elmono11 forfeited.
|
|win|qaiseasy
