|j|☆50/50 Kamisama
|j|☆jnss
|html|50/50 Kamisamajnss    
|uhtml|bestof|Game 3 of a best-of-3
|t:|1783650407
|gametype|doubles
|player|p1|50/50 Kamisama|sage|
|player|p2|jnss|rosa|
|gen|9
|tier|[Gen 9 Champions] VGC 2026 Reg M-B (Bo3)
|rule|Species Clause: Limit one of each Pokémon
|rule|Item Clause: Limit 1 of each item
|clearpoke
|poke|p1|Charizard, L50, M, shiny|
|poke|p1|Aerodactyl, L50, M|
|poke|p1|Farigiraf, L50, M|
|poke|p1|Garchomp, L50, M|
|poke|p1|Sylveon, L50, F, shiny|
|poke|p1|Kingambit, L50, M, shiny|
|poke|p2|Charizard, L50, F|
|poke|p2|Pelipper, L50, M|
|poke|p2|Garchomp, L50, M|
|poke|p2|Archaludon, L50, F|
|poke|p2|Basculegion, L50, M|
|poke|p2|Whimsicott, L50, M|
|teampreview|4
|showteam|p1|Charizard||CharizarditeY|Blaze|HeatWave,WeatherBall,SolarBeam,Protect|Modest||M|||50|]Aerodactyl||Aerodactylite|Unnerve|Tailwind,RockSlide,DualWingbeat,IceFang|Jolly||M|||50|]Farigiraf||SitrusBerry|ArmorTail|TrickRoom,Psychic,Thunderbolt,Roar|Bold||M|||50|]Garchomp||LifeOrb|RoughSkin|DragonClaw,Earthquake,RockSlide,Protect|Jolly||M|||50|]Sylveon||FairyFeather|Pixilate|HyperVoice,HyperBeam,QuickAttack,Protect|Modest||F|||50|]Kingambit||FocusSash|Defiant|KowtowCleave,SuckerPunch,IronHead,LowKick|Adamant||M|||50|
|showteam|p2|Charizard||CharizarditeY|Blaze|HeatWave,AncientPower,SolarBeam,Protect|Timid||F|||50|]Pelipper||QuickClaw|Drizzle|WeatherBall,Hurricane,Tailwind,Protect|Timid||M|||50|]Garchomp||LifeOrb|RoughSkin|Earthquake,IronHead,RockSlide,Protect|Jolly||M|||50|]Archaludon||Leftovers|Stamina|ElectroShot,FlashCannon,DracoMeteor,Protect|Modest||F|||50|]Basculegion||ChoiceScarf|Adaptability|WaveCrash,LastRespects,AquaJet,FlipTurn|Adamant||M|||50|]Whimsicott||FocusSash|Prankster|Tailwind,DazzlingGleam,Encore,Protect|Timid||M|||50|
|inactive|Battle timer is ON: inactive players will automatically lose when time's up. (requested by 50/50 Kamisama)
|inactive|jnss also wants the timer to be on.
|inactive|50/50 Kamisama has 60 seconds left.
|
|t:|1783650468
|teamsize|p1|4
|teamsize|p2|4
|start
|switch|p1a: Aerodactyl|Aerodactyl, L50, M|100/100
|switch|p1b: Charizard|Charizard, L50, M, shiny|100/100
|switch|p2a: Charizard|Charizard, L50, F|100/100
|switch|p2b: Garchomp|Garchomp, L50, M|100/100
|-ability|p1a: Aerodactyl|Unnerve
|turn|1
|
|t:|1783650490
|switch|p1b: Garchomp|Garchomp, L50, M|100/100
|move|p2a: Charizard|Protect|p2a: Charizard
|-singleturn|p2a: Charizard|Protect
|move|p1a: Aerodactyl|Ice Fang|p2b: Garchomp
|-supereffective|p2b: Garchomp|2
|-damage|p2b: Garchomp|28/100
|-damage|p1a: Aerodactyl|87/100|[from] ability: Rough Skin|[of] p2b: Garchomp
|move|p2b: Garchomp|Iron Head|p1a: Aerodactyl
|-supereffective|p1a: Aerodactyl|1
|-damage|p1a: Aerodactyl|0 fnt
|faint|p1a: Aerodactyl
|-damage|p2b: Garchomp|18/100|[from] item: Life Orb
|
|upkeep
|
|t:|1783650512
|switch|p1a: Charizard|Charizard, L50, M, shiny|100/100
|turn|2
|inactive|jnss has 30 seconds left.
|inactive|jnss has 20 seconds left.
|inactive|jnss has 15 seconds left.
|
|t:|1783650554
|switch|p2a: Basculegion|Basculegion, L50, M|100/100
|move|p1a: Charizard|Protect|p1a: Charizard
|-singleturn|p1a: Charizard|Protect
|move|p1b: Garchomp|Rock Slide|p2a: Basculegion|[spread] p2a,p2b
|-resisted|p2b: Garchomp|1
|-damage|p2a: Basculegion|66/100
|-damage|p2b: Garchomp|7/100
|-damage|p1b: Garchomp|90/100|[from] item: Life Orb
|move|p2b: Garchomp|Earthquake|p1b: Garchomp|[spread] p2a,p1b
|-activate|p1a: Charizard|move: Protect
|-damage|p2a: Basculegion|0 fnt
|-damage|p1b: Garchomp|37/100
|faint|p2a: Basculegion
|-damage|p2b: Garchomp|0 fnt|[from] item: Life Orb
|faint|p2b: Garchomp
|
|upkeep
|
|t:|1783650567
|switch|p2b: Whimsicott|Whimsicott, L50, M|100/100
|switch|p2a: Charizard|Charizard, L50, F|100/100
|turn|3
|inactive|50/50 Kamisama has 30 seconds left.
|inactive|jnss has 30 seconds left.
|
|t:|1783650600
|detailschange|p1a: Charizard|Charizard-Mega-Y, L50, M, shiny
|-mega|p1a: Charizard|Charizard|Charizardite Y
|-weather|SunnyDay|[from] ability: Drought|[of] p1a: Charizard
|move|p2a: Charizard|Protect|p2a: Charizard
|-singleturn|p2a: Charizard|Protect
|move|p2b: Whimsicott|Encore|p1a: Charizard
|-start|p1a: Charizard|Encore
|move|p1a: Charizard|Protect|p1a: Charizard
|-singleturn|p1a: Charizard|Protect
|move|p1b: Garchomp|Rock Slide|p2b: Whimsicott|[spread] p2b
|-activate|p2a: Charizard|move: Protect
|-damage|p2b: Whimsicott|64/100
|-damage|p1b: Garchomp|28/100|[from] item: Life Orb
|
|-weather|SunnyDay|[upkeep]
|upkeep
|turn|4
|
|t:|1783650621
|switch|p1a: Kingambit|Kingambit, L50, M, shiny|100/100
|detailschange|p2a: Charizard|Charizard-Mega-Y, L50, F
|-mega|p2a: Charizard|Charizard|Charizardite Y
|move|p2b: Whimsicott|Tailwind|p2b: Whimsicott
|-sidestart|p2: jnss|move: Tailwind
|move|p2a: Charizard|Heat Wave|p1a: Kingambit|[spread] p1b
|-miss|p2a: Charizard|p1a: Kingambit
|-resisted|p1b: Garchomp|1
|-damage|p1b: Garchomp|0 fnt
|faint|p1b: Garchomp
|
|-weather|SunnyDay|[upkeep]
|upkeep
|
|t:|1783650629
|switch|p1b: Charizard|Charizard-Mega-Y, L50, M, shiny|100/100
|turn|5
|c|☆jnss|FUCK
|c|☆jnss|HAHAHAHAHA
|
|t:|1783650651
|move|p1a: Kingambit|Sucker Punch|p2a: Charizard
|-damage|p2a: Charizard|38/100
|move|p2b: Whimsicott|Dazzling Gleam|p1b: Charizard|[spread] p1a,p1b
|-resisted|p1b: Charizard|1
|-crit|p1b: Charizard
|-damage|p1a: Kingambit|76/100
|-damage|p1b: Charizard|86/100
|move|p2a: Charizard|Heat Wave|p1a: Kingambit|[spread] p1a,p1b
|-supereffective|p1a: Kingambit|1
|-resisted|p1b: Charizard|1
|-crit|p1b: Charizard
|-damage|p1a: Kingambit|0 fnt
|-damage|p1b: Charizard|42/100
|faint|p1a: Kingambit
|move|p1b: Charizard|Heat Wave|p2b: Whimsicott|[spread] p2b
|-miss|p1b: Charizard|p2a: Charizard
|-supereffective|p2b: Whimsicott|1
|-damage|p2b: Whimsicott|0 fnt
|faint|p2b: Whimsicott
|
|-weather|SunnyDay|[upkeep]
|upkeep
|turn|6
|c|☆50/50 Kamisama|jesus
|c|☆jnss|I think dapat nag weather ball kana
|inactive|50/50 Kamisama has 30 seconds left.
|inactive|50/50 Kamisama has 20 seconds left.
|inactive|50/50 Kamisama has 15 seconds left.
|inactive|50/50 Kamisama has 10 seconds left.
|
|t:|1783650701
|move|p2a: Charizard|Ancient Power|p1b: Charizard
|-supereffective|p1b: Charizard|2
|-damage|p1b: Charizard|0 fnt
|faint|p1b: Charizard
|
|win|jnss
|c|☆jnss|GGs!!!
|c|☆50/50 Kamisama|ggs!
