|j|☆GT=HLR
|j|☆6squirrels
|html|GT=HLR6squirrels    
|uhtml|bestof|Game 1 of a best-of-3
|t:|1784593449
|gametype|doubles
|player|p1|GT=HLR|liza|1125
|player|p2|6squirrels|elesa|1117
|gen|9
|tier|[Gen 9 Champions] VGC 2026 Reg M-B (Bo3)
|rated|
|rule|Species Clause: Limit one of each Pokémon
|rule|Item Clause: Limit 1 of each item
|clearpoke
|poke|p1|Feraligatr, L50, M|
|poke|p1|Whimsicott, L50, F|
|poke|p1|Farigiraf, L50, M|
|poke|p1|Chesnaught, L50, M, shiny|
|poke|p1|Aegislash, L50, M|
|poke|p1|Armarouge, L50, F|
|poke|p2|Raichu, L50, F|
|poke|p2|Blastoise, L50, F|
|poke|p2|Delphox, L50, M|
|poke|p2|Kingambit, L50, F|
|poke|p2|Sinistcha, L50|
|poke|p2|Annihilape, L50, M|
|teampreview|4
|showteam|p1|Feraligatr||Feraligite|SheerForce|Liquidation,Protect,SwordsDance,DoubleEdge|Adamant||M|||50|]Whimsicott||FocusSash|Prankster|Moonblast,Tailwind,Encore,Taunt|Timid||F|||50|]Farigiraf||MentalHerb|ArmorTail|HyperVoice,Imprison,TrickRoom,TwinBeam|Bold||M|||50|]Chesnaught||Chesnaughtite|Bulletproof|BodyPress,WideGuard,WoodHammer,RockSlide|Sassy||M|||50|]Aegislash||OccaBerry|StanceChange|SacredSword,KingsShield,IronHead,Poltergeist|Adamant||M|||50|]Armarouge||LifeOrb|FlashFire|ArmorCannon,Protect,Psychic,AuraSphere|Modest||F|||50|
|showteam|p2|Raichu||FocusSash|LightningRod|Thunderbolt,Electroweb,Endeavor,FakeOut|Hasty||F|||50|]Blastoise||Blastoisinite|RainDish|Protect,WaterSpout,DarkPulse,ShellSmash|Modest||F|||50|]Delphox||Delphoxite|Blaze|Protect,HeatWave,Psychic,NastyPlot|Timid||M|||50|]Kingambit||BlackGlasses|Defiant|Protect,KowtowCleave,IronHead,SuckerPunch|Adamant||F|||50|]Sinistcha||SitrusBerry|Hospitality|MatchaGotcha,RagePowder,LifeDew,TrickRoom|Bold|||||50|]Annihilape||Leftovers|Defiant|Protect,RageFist,DrainPunch,BulkUp|Adamant||M|||50|
|inactive|Battle timer is ON: inactive players will automatically lose when time's up. (requested by GT=HLR)
|inactive|GT=HLR has 60 seconds left.
|inactive|6squirrels has 60 seconds left.
|inactive|6squirrels has 30 seconds left.
|
|t:|1784593516
|teamsize|p1|4
|teamsize|p2|4
|start
|switch|p1a: Feraligatr|Feraligatr, L50, M|100/100
|switch|p1b: Whimsicott|Whimsicott, L50, F|100/100
|switch|p2a: Delphox|Delphox, L50, M|100/100
|switch|p2b: Annihilape|Annihilape, L50, M|100/100
|turn|1
|
|t:|1784593534
|switch|p2a: Sinistcha|Sinistcha, L50|100/100
|detailschange|p1a: Feraligatr|Feraligatr-Mega, L50, M
|-mega|p1a: Feraligatr|Feraligatr|Feraligite
|move|p1b: Whimsicott|Taunt|p2a: Sinistcha
|-start|p2a: Sinistcha|move: Taunt
|move|p1a: Feraligatr|Swords Dance|p1a: Feraligatr
|-boost|p1a: Feraligatr|atk|2
|move|p2b: Annihilape|Bulk Up|p2b: Annihilape
|-boost|p2b: Annihilape|atk|1
|-boost|p2b: Annihilape|def|1
|
|upkeep
|turn|2
|inactive|6squirrels has 30 seconds left.
|inactive|6squirrels has 20 seconds left.
|
|t:|1784593572
|move|p2b: Annihilape|Protect|p2b: Annihilape
|-singleturn|p2b: Annihilape|Protect
|move|p1b: Whimsicott|Encore|p2b: Annihilape
|-activate|p2b: Annihilape|move: Protect
|move|p1a: Feraligatr|Double-Edge|p2a: Sinistcha
|-damage|p2a: Sinistcha|0 fnt
|faint|p2a: Sinistcha
|-damage|p1a: Feraligatr|63/100|[from] Recoil
|
|upkeep
|
|t:|1784593588
|switch|p2a: Delphox|Delphox, L50, M|100/100
|turn|3
|
|t:|1784593598
|detailschange|p2a: Delphox|Delphox-Mega, L50, M
|-mega|p2a: Delphox|Delphox|Delphoxite
|move|p2a: Delphox|Heat Wave|p1b: Whimsicott|[spread] p1a,p1b
|-resisted|p1a: Feraligatr|2
|-supereffective|p1b: Whimsicott|1
|-damage|p1a: Feraligatr|53/100
|-enditem|p1b: Whimsicott|Focus Sash
|-damage|p1b: Whimsicott|1/100
|-status|p1b: Whimsicott|brn
|move|p1b: Whimsicott|Moonblast|p2b: Annihilape
|-supereffective|p2b: Annihilape|1
|-damage|p2b: Annihilape|58/100
|move|p1a: Feraligatr|Double-Edge|p2b: Annihilape
|-crit|p2b: Annihilape
|-damage|p2b: Annihilape|0 fnt
|faint|p2b: Annihilape
|-damage|p1a: Feraligatr|28/100|[from] Recoil
|
|-damage|p1b: Whimsicott|0 fnt|[from] brn
|faint|p1b: Whimsicott
|upkeep
|
|t:|1784593619
|switch|p1b: Aegislash|Aegislash, L50, M|100/100
|switch|p2b: Kingambit|Kingambit, L50, F|100/100
|turn|4
|
|t:|1784593638
|move|p1a: Feraligatr|Protect|p1a: Feraligatr
|-singleturn|p1a: Feraligatr|Protect
|move|p1b: Aegislash|King's Shield|p1b: Aegislash
|-singleturn|p1b: Aegislash|Protect
|move|p2a: Delphox|Heat Wave|p1b: Aegislash|[spread] 
|-activate|p1a: Feraligatr|move: Protect
|-activate|p1b: Aegislash|move: Protect
|move|p2b: Kingambit|Kowtow Cleave|p1b: Aegislash
|-activate|p1b: Aegislash|move: Protect
|-unboost|p2b: Kingambit|atk|1
|-ability|p2b: Kingambit|Defiant|boost
|-boost|p2b: Kingambit|atk|2
|
|upkeep
|turn|5
|inactive|6squirrels has 30 seconds left.
|inactive|6squirrels has 20 seconds left.
|inactive|6squirrels has 15 seconds left.
|
|t:|1784593679
|move|p2b: Kingambit|Sucker Punch|p1a: Feraligatr
|-damage|p1a: Feraligatr|0 fnt
|faint|p1a: Feraligatr
|move|p2a: Delphox|Heat Wave|p1b: Aegislash
|-supereffective|p1b: Aegislash|1
|-enditem|p1b: Aegislash|Occa Berry|[eat]
|-enditem|p1b: Aegislash|Occa Berry|[weaken]
|-damage|p1b: Aegislash|61/100
|-formechange|p1b: Aegislash|Aegislash-Blade|
|move|p1b: Aegislash|Sacred Sword|p2b: Kingambit
|-supereffective|p2b: Kingambit|2
|-damage|p2b: Kingambit|0 fnt
|faint|p2b: Kingambit
|
|upkeep
|
|t:|1784593686
|switch|p1a: Armarouge|Armarouge, L50, F|100/100
|turn|6
|
|t:|1784593703
|-formechange|p1b: Aegislash|Aegislash|
|move|p1b: Aegislash|King's Shield|p1b: Aegislash
|-singleturn|p1b: Aegislash|Protect
|move|p2a: Delphox|Nasty Plot|p2a: Delphox
|-boost|p2a: Delphox|spa|2
|move|p1a: Armarouge|Psychic|p2a: Delphox
|-resisted|p2a: Delphox|1
|-damage|p2a: Delphox|73/100
|-damage|p1a: Armarouge|90/100|[from] item: Life Orb
|
|upkeep
|turn|7
|inactive|GT=HLR has 30 seconds left.
|
|t:|1784593737
|move|p2a: Delphox|Heat Wave|p1a: Armarouge|[spread] p1b
|-start|p1a: Armarouge|ability: Flash Fire
|-supereffective|p1b: Aegislash|1
|-damage|p1b: Aegislash|0 fnt
|faint|p1b: Aegislash
|move|p1a: Armarouge|Psychic|p2a: Delphox
|-resisted|p2a: Delphox|1
|-damage|p2a: Delphox|44/100
|-damage|p1a: Armarouge|80/100|[from] item: Life Orb
|
|upkeep
|turn|8
|
|t:|1784593750
|move|p2a: Delphox|Psychic|p1a: Armarouge
|-resisted|p1a: Armarouge|1
|-damage|p1a: Armarouge|20/100y
|-unboost|p1a: Armarouge|spd|1
|move|p1a: Armarouge|Armor Cannon|p2a: Delphox
|-resisted|p2a: Delphox|1
|-damage|p2a: Delphox|0 fnt
|-unboost|p1a: Armarouge|def|1
|-unboost|p1a: Armarouge|spd|1
|faint|p2a: Delphox
|-damage|p1a: Armarouge|10/100|[from] item: Life Orb
|
|win|GT=HLR
