|j|☆AbadanRiyi92
|j|☆Mustafa414
|html|AbadanRiyi92Mustafa414    
|uhtml|bestof|Game 1 of a best-of-3
|t:|1785338556
|gametype|doubles
|player|p1|AbadanRiyi92|colress|1100
|player|p2|Mustafa414|red|1000
|gen|9
|tier|[Gen 9 Champions] VGC 2026 Reg M-B (Bo3)
|rated|
|rule|Species Clause: Limit one of each Pokémon
|rule|Item Clause: Limit 1 of each item
|clearpoke
|poke|p1|Gengar, L50, M, shiny|
|poke|p1|Maushold-Four, L50|
|poke|p1|Annihilape, L50, M|
|poke|p1|Incineroar, L50, M|
|poke|p1|Politoed, L50, F, shiny|
|poke|p1|Archaludon, L50, F|
|poke|p2|Pelipper, L50, F|
|poke|p2|Swampert, L50, F|
|poke|p2|Charizard, L50, M|
|poke|p2|Grimmsnarl, L50, M|
|poke|p2|Aegislash, L50, M|
|poke|p2|Ditto, L50|
|teampreview|4
|showteam|p1|Gengar||Gengarite|CursedBody|ShadowBall,Disable,PerishSong,Protect|Timid||M|||50|]Maushold-Four||FocusSash|FriendGuard|FollowMe,Encore,BeatUp,Protect|Jolly|||||50|]Annihilape||RoseliBerry|Defiant|RageFist,CloseCombat,Encore,Protect|Jolly||M|||50|]Incineroar||PasshoBerry|Intimidate|PartingShot,ThroatChop,Protect,FakeOut|Sassy||M|||50|]Politoed||SitrusBerry|Drizzle|WeatherBall,Encore,PerishSong,Protect|Calm||F|||50|]Archaludon||Leftovers|Stamina|DragonPulse,FlashCannon,ElectroShot,Protect|Bold||F|||50|
|showteam|p2|Pelipper||FocusSash|Drizzle|Hurricane,Tailwind,Protect,WeatherBall|Adamant||F|||50|]Swampert||Swampertite|Damp|WaveCrash,IcePunch,Earthquake,RockSlide|Adamant||F|||50|]Charizard||CharizarditeY|SolarPower|SolarBeam,HeatWave,WeatherBall,Hurricane|Modest||M|||50|]Grimmsnarl||LightClay|Prankster|LightScreen,Reflect,PlayRough,FakeOut|Careful||M|||50|]Aegislash||ExpertBelt|StanceChange|IronHead,Poltergeist,ShadowBall,KingsShield|Serious||M|||50|]Ditto||Leftovers|Imposter|Transform|Serious|||||50|
|inactive|Battle timer is ON: inactive players will automatically lose when time's up. (requested by Mustafa414)
|inactive|AbadanRiyi92 has 60 seconds left.
|
|t:|1785338596
|teamsize|p1|4
|teamsize|p2|4
|start
|switch|p1a: Gengar|Gengar, L50, M, shiny|100/100
|switch|p1b: Incineroar|Incineroar, L50, M|100/100
|switch|p2a: Pelipper|Pelipper, L50, F|100/100
|switch|p2b: Swampert|Swampert, L50, F|100/100
|-weather|RainDance|[from] ability: Drizzle|[of] p2a: Pelipper
|-ability|p1b: Incineroar|Intimidate|boost
|-unboost|p2a: Pelipper|atk|1
|-unboost|p2b: Swampert|atk|1
|turn|1
|
|t:|1785338619
|detailschange|p1a: Gengar|Gengar-Mega, L50, M, shiny
|-mega|p1a: Gengar|Gengar|Gengarite
|detailschange|p2b: Swampert|Swampert-Mega, L50, F
|-mega|p2b: Swampert|Swampert|Swampertite
|move|p1b: Incineroar|Fake Out|p2b: Swampert
|-damage|p2b: Swampert|90/100
|cant|p2b: Swampert|flinch
|move|p1a: Gengar|Perish Song|p1a: Gengar
|-start|p1a: Gengar|perish3|[silent]
|-start|p1b: Incineroar|perish3|[silent]
|-start|p2a: Pelipper|perish3|[silent]
|-start|p2b: Swampert|perish3|[silent]
|-fieldactivate|move: Perish Song
|move|p2a: Pelipper|Weather Ball|p1b: Incineroar
|-supereffective|p1b: Incineroar|1
|-enditem|p1b: Incineroar|Passho Berry|[eat]
|-enditem|p1b: Incineroar|Passho Berry|[weaken]
|-damage|p1b: Incineroar|53/100
|
|-weather|RainDance|[upkeep]
|-start|p2b: Swampert|perish3
|-start|p1a: Gengar|perish3
|-start|p2a: Pelipper|perish3
|-start|p1b: Incineroar|perish3
|upkeep
|turn|2
|inactive|Mustafa414 has 30 seconds left.
|
|t:|1785338652
|move|p1a: Gengar|Protect|p1a: Gengar
|-singleturn|p1a: Gengar|Protect
|move|p1b: Incineroar|Protect|p1b: Incineroar
|-singleturn|p1b: Incineroar|Protect
|move|p2b: Swampert|Earthquake|p1b: Incineroar|[spread] 
|-activate|p1a: Gengar|move: Protect
|-activate|p1b: Incineroar|move: Protect
|-immune|p2a: Pelipper
|move|p2a: Pelipper|Tailwind|p2a: Pelipper
|-sidestart|p2: Mustafa414|move: Tailwind
|
|-weather|RainDance|[upkeep]
|-start|p2b: Swampert|perish2
|-start|p2a: Pelipper|perish2
|-start|p1a: Gengar|perish2
|-start|p1b: Incineroar|perish2
|upkeep
|turn|3
|
|t:|1785338676
|switch|p1a: Politoed|Politoed, L50, F, shiny|100/100
|move|p2b: Swampert|Earthquake|p1a: Politoed|[spread] p1a,p1b
|-immune|p2a: Pelipper
|-supereffective|p1b: Incineroar|1
|-damage|p1a: Politoed|67/100
|-damage|p1b: Incineroar|0 fnt
|faint|p1b: Incineroar
|move|p2a: Pelipper|Weather Ball|p1a: Politoed
|-resisted|p1a: Politoed|1
|-damage|p1a: Politoed|46/100
|-enditem|p1a: Politoed|Sitrus Berry|[eat]
|-heal|p1a: Politoed|71/100|[from] item: Sitrus Berry
|
|-weather|RainDance|[upkeep]
|-start|p2b: Swampert|perish1
|-start|p2a: Pelipper|perish1
|upkeep
|
|t:|1785338690
|switch|p1b: Gengar|Gengar-Mega, L50, M, shiny|100/100
|turn|4
|
|t:|1785338709
|switch|p1a: Archaludon|Archaludon, L50, F|100/100
|move|p1b: Gengar|Protect|p1b: Gengar
|-singleturn|p1b: Gengar|Protect
|move|p2b: Swampert|Earthquake|p1a: Archaludon|[spread] p1a
|-activate|p1b: Gengar|move: Protect
|-immune|p2a: Pelipper
|-supereffective|p1a: Archaludon|1
|-damage|p1a: Archaludon|54/100
|-ability|p1a: Archaludon|Stamina|boost
|-boost|p1a: Archaludon|def|1
|move|p2a: Pelipper|Weather Ball|p1b: Gengar
|-activate|p1b: Gengar|move: Protect
|
|-weather|RainDance|[upkeep]
|-heal|p1a: Archaludon|60/100|[from] item: Leftovers
|-start|p2b: Swampert|perish0
|-start|p2a: Pelipper|perish0
|faint|p2b: Swampert
|faint|p2a: Pelipper
|upkeep
|
|t:|1785338733
|switch|p2b: Ditto|Ditto, L50|100/100
|switch|p2a: Grimmsnarl|Grimmsnarl, L50, M|100/100
|-transform|p2b: Ditto|p1a: Archaludon|[from] ability: Imposter
|turn|5
|inactive|AbadanRiyi92 has 30 seconds left.
|inactive|AbadanRiyi92 has 20 seconds left.
|
|t:|1785338769
|move|p2a: Grimmsnarl|Light Screen|p2a: Grimmsnarl
|-sidestart|p2: Mustafa414|move: Light Screen
|move|p2b: Ditto|Electro Shot||[still]
|-prepare|p2b: Ditto|Electro Shot
|-boost|p2b: Ditto|spa|1
|-anim|p2b: Ditto|Electro Shot|p1b: Gengar
|-damage|p1b: Gengar|46/100
|move|p1b: Gengar|Perish Song|p1b: Gengar
|-start|p1a: Archaludon|perish3|[silent]
|-start|p1b: Gengar|perish3|[silent]
|-start|p2a: Grimmsnarl|perish3|[silent]
|-start|p2b: Ditto|perish3|[silent]
|-fieldactivate|move: Perish Song
|move|p1a: Archaludon|Electro Shot||[still]
|-prepare|p1a: Archaludon|Electro Shot
|-boost|p1a: Archaludon|spa|1
|-anim|p1a: Archaludon|Electro Shot|p2a: Grimmsnarl
|-damage|p2a: Grimmsnarl|66/100
|
|-weather|none
|-heal|p1a: Archaludon|66/100|[from] item: Leftovers
|-start|p2b: Ditto|perish3
|-start|p1b: Gengar|perish3
|-start|p2a: Grimmsnarl|perish3
|-start|p1a: Archaludon|perish3
|-sideend|p2: Mustafa414|move: Tailwind
|upkeep
|turn|6
|inactive|Mustafa414 has 30 seconds left.
|
|t:|1785338798
|move|p1b: Gengar|Protect|p1b: Gengar
|-singleturn|p1b: Gengar|Protect
|move|p1a: Archaludon|Protect|p1a: Archaludon
|-singleturn|p1a: Archaludon|Protect
|move|p2b: Ditto|Dragon Pulse|p1b: Gengar
|-activate|p1b: Gengar|move: Protect
|move|p2a: Grimmsnarl|Play Rough|p1b: Gengar
|-activate|p1b: Gengar|move: Protect
|
|-heal|p1a: Archaludon|72/100|[from] item: Leftovers
|-start|p1b: Gengar|perish2
|-start|p1a: Archaludon|perish2
|-start|p2b: Ditto|perish2
|-start|p2a: Grimmsnarl|perish2
|upkeep
|turn|7
|
|t:|1785338819
|switch|p1b: Politoed|Politoed, L50, F, shiny|71/100
|-weather|RainDance|[from] ability: Drizzle|[of] p1b: Politoed
|move|p1a: Archaludon|Flash Cannon|p2a: Grimmsnarl
|-supereffective|p2a: Grimmsnarl|1
|-damage|p2a: Grimmsnarl|2/100
|move|p2b: Ditto|Dragon Pulse|p1b: Politoed
|-damage|p1b: Politoed|27/100
|move|p2a: Grimmsnarl|Play Rough|p1a: Archaludon
|-damage|p1a: Archaludon|56/100
|-ability|p1a: Archaludon|Stamina|boost
|-boost|p1a: Archaludon|def|1
|
|-weather|RainDance|[upkeep]
|-heal|p1a: Archaludon|62/100|[from] item: Leftovers
|-start|p2b: Ditto|perish1
|-start|p1a: Archaludon|perish1
|-start|p2a: Grimmsnarl|perish1
|upkeep
|turn|8
|l|☆Mustafa414
|inactive|Mustafa414 disconnected and has a minute to reconnect!
|player|p2|
|inactive|Mustafa414 has 30 seconds left.
|inactive|Mustafa414 has 20 seconds left.
|inactive|Mustafa414 has 15 seconds left.
|inactive|Mustafa414 has 10 seconds left.
|inactive|Mustafa414 has 5 seconds left.
|-message|Mustafa414 lost due to inactivity.
|
|win|AbadanRiyi92
