|j|☆iron labubu
|j|☆laufey#1fan
|html|iron labubulaufey#1fan    
|uhtml|bestof|Game 2 of a best-of-3
|t:|1757110584
|gametype|doubles
|player|p1|iron labubu|grimsley-masters|1420
|player|p2|laufey#1fan|1|1287
|gen|9
|tier|[Gen 9] VGC 2025 Reg H (Bo3)
|rated|
|rule|Species Clause: Limit one of each Pokémon
|rule|Item Clause: Limit 1 of each item
|clearpoke
|poke|p1|Ninetales-Alola, L50, M|
|poke|p1|Gholdengo, L50|
|poke|p1|Dragonite, L50, F|
|poke|p1|Incineroar, L50, F|
|poke|p1|Rillaboom, L50, M|
|poke|p1|Annihilape, L50, M|
|poke|p2|Kingambit, L50, M|
|poke|p2|Ursaluna-Bloodmoon, L50, M|
|poke|p2|Sinistcha, L50|
|poke|p2|Ninetales-Alola, L50, M|
|poke|p2|Sneasler, L50, F|
|poke|p2|Dragonite, L50, M|
|teampreview|4
|showteam|p1|Ninetales-Alola||FocusSash|SnowWarning|Blizzard,AuroraVeil,Encore,Moonblast|||M|||50|,,,,,Ghost]Gholdengo||ChoiceScarf|GoodasGold|MakeItRain,ShadowBall,Trick,PowerGem||||||50|,,,,,Steel]Dragonite||LoadedDice|Multiscale|Protect,ScaleShot,Tailwind,Haze|||F|||50|,,,,,Fairy]Incineroar||SafetyGoggles|Intimidate|FakeOut,KnockOff,PartingShot,FlareBlitz|||F|||50|,,,,,Ghost]Rillaboom||AssaultVest|GrassySurge|GrassyGlide,FakeOut,WoodHammer,HighHorsepower|||M|||50|,,,,,Fire]Annihilape||Leftovers|Defiant|RageFist,DrainPunch,Protect,BulkUp|||M|||50|,,,,,Fire
|showteam|p2|Kingambit||BlackGlasses|Defiant|KowtowCleave,SwordsDance,SuckerPunch,Protect|||M|||50|,,,,,Fire]Ursaluna-Bloodmoon||AssaultVest|MindsEye|BloodMoon,EarthPower,HyperVoice,VacuumWave|||M|||50|,,,,,Water]Sinistcha||SitrusBerry|Hospitality|Protect,MatchaGotcha,TrickRoom,RagePowder||||||50|,,,,,Water]Ninetales-Alola||ChoiceSpecs|SnowWarning|Blizzard,Moonblast,FreezeDry,DazzlingGleam|||M|||50|,,,,,Ghost]Sneasler||FocusSash|Unburden|CloseCombat,DireClaw,Coaching,FakeOut|||F|||50|,,,,,Ghost]Dragonite||LoadedDice|Multiscale|Protect,ScaleShot,StompingTantrum,Haze|||M|||50|,,,,,Steel
|inactive|Battle timer is ON: inactive players will automatically lose when time's up. (requested by iron labubu)
|inactive|iron labubu has 60 seconds left.
|inactive|laufey#1fan has 60 seconds left.
|
|t:|1757110644
|teamsize|p1|4
|teamsize|p2|4
|start
|switch|p1a: Gholdengo|Gholdengo, L50|100/100
|switch|p1b: Annihilape|Annihilape, L50, M|100/100
|switch|p2a: Sneasler|Sneasler, L50, F|100/100
|switch|p2b: Kingambit|Kingambit, L50, M|100/100
|turn|1
|
|t:|1757110679
|move|p2b: Kingambit|Protect|p2b: Kingambit
|-singleturn|p2b: Kingambit|Protect
|move|p1a: Gholdengo|Make It Rain|p2b: Kingambit|[spread] p2a
|-activate|p2b: Kingambit|move: Protect
|-damage|p2a: Sneasler|33/100
|-unboost|p1a: Gholdengo|spa|1
|move|p2a: Sneasler|Coaching|p2b: Kingambit
|-boost|p2b: Kingambit|atk|1
|-boost|p2b: Kingambit|def|1
|move|p1b: Annihilape|Bulk Up|p1b: Annihilape
|-boost|p1b: Annihilape|atk|1
|-boost|p1b: Annihilape|def|1
|
|upkeep
|turn|2
|inactive|iron labubu has 30 seconds left.
|inactive|iron labubu has 20 seconds left.
|
|t:|1757110715
|switch|p1a: it snew|Ninetales-Alola, L50, M|100/100
|-weather|Snowscape|[from] ability: Snow Warning|[of] p1a: it snew
|-terastallize|p2b: Kingambit|Fire
|move|p2a: Sneasler|Dire Claw|p1b: Annihilape
|-resisted|p1b: Annihilape
|-damage|p1b: Annihilape|87/100
|move|p1b: Annihilape|Drain Punch|p2b: Kingambit
|-damage|p2b: Kingambit|75/100
|-heal|p1b: Annihilape|99/100|[from] drain|[of] p2b: Kingambit
|move|p2b: Kingambit|Kowtow Cleave|p1a: it snew
|-resisted|p1a: it snew
|-damage|p1a: it snew|58/100
|
|-weather|Snowscape|[upkeep]
|-heal|p1b: Annihilape|100/100|[from] item: Leftovers
|upkeep
|turn|3
|
|t:|1757110737
|move|p2a: Sneasler|Dire Claw|p1a: it snew
|-supereffective|p1a: it snew
|-damage|p1a: it snew|0 fnt
|faint|p1a: it snew
|move|p1b: Annihilape|Rage Fist|p2b: Kingambit
|-damage|p2b: Kingambit|38/100
|move|p2b: Kingambit|Swords Dance|p2b: Kingambit
|-boost|p2b: Kingambit|atk|2
|
|-weather|Snowscape|[upkeep]
|upkeep
|
|t:|1757110747
|switch|p1a: Gholdengo|Gholdengo, L50|100/100
|turn|4
|
|t:|1757110772
|move|p2b: Kingambit|Protect|p2b: Kingambit
|-singleturn|p2b: Kingambit|Protect
|move|p1a: Gholdengo|Trick|p2a: Sneasler
|-activate|p1a: Gholdengo|move: Trick|[of] p2a: Sneasler
|-item|p2a: Sneasler|Choice Scarf|[from] move: Trick
|-item|p1a: Gholdengo|Focus Sash|[from] move: Trick
|move|p2a: Sneasler|Dire Claw|p1b: Annihilape
|-resisted|p1b: Annihilape
|-damage|p1b: Annihilape|87/100
|move|p1b: Annihilape|Rage Fist|p2b: Kingambit
|-activate|p2b: Kingambit|move: Protect
|
|-weather|Snowscape|[upkeep]
|-heal|p1b: Annihilape|93/100|[from] item: Leftovers
|upkeep
|turn|5
|inactive|iron labubu has 30 seconds left.
|
|t:|1757110809
|move|p1b: Annihilape|Protect|p1b: Annihilape
|-singleturn|p1b: Annihilape|Protect
|move|p2b: Kingambit|Sucker Punch|p1a: Gholdengo
|-supereffective|p1a: Gholdengo
|-enditem|p1a: Gholdengo|Focus Sash
|-damage|p1a: Gholdengo|1/100
|move|p2a: Sneasler|Dire Claw|p1b: Annihilape
|-activate|p1b: Annihilape|move: Protect
|move|p1a: Gholdengo|Make It Rain|p2b: Kingambit|[spread] p2a,p2b
|-resisted|p2b: Kingambit
|-damage|p2a: Sneasler|0 fnt
|-damage|p2b: Kingambit|11/100
|-unboost|p1a: Gholdengo|spa|1
|faint|p2a: Sneasler
|
|-weather|Snowscape|[upkeep]
|-heal|p1b: Annihilape|99/100|[from] item: Leftovers
|upkeep
|inactive|laufey#1fan has 30 seconds left.
|inactive|laufey#1fan has 20 seconds left.
|
|t:|1757110847
|switch|p2a: Dragonite|Dragonite, L50, M|100/100
|turn|6
|
|t:|1757110867
|move|p2b: Kingambit|Sucker Punch||[still]
|-fail|p2b: Kingambit
|move|p1a: Gholdengo|Trick|p2a: Dragonite
|-activate|p1a: Gholdengo|move: Trick|[of] p2a: Dragonite
|-enditem|p2a: Dragonite|Loaded Dice|[silent]|[from] move: Trick
|-item|p1a: Gholdengo|Loaded Dice|[from] move: Trick
|move|p2a: Dragonite|Scale Shot|p1b: Annihilape
|-damage|p1b: Annihilape|89/100
|-damage|p1b: Annihilape|78/100
|-crit|p1b: Annihilape
|-damage|p1b: Annihilape|57/100
|-hitcount|p1b: Annihilape|3
|-unboost|p2a: Dragonite|def|1
|-boost|p2a: Dragonite|spe|1
|move|p1b: Annihilape|Bulk Up|p1b: Annihilape
|-boost|p1b: Annihilape|atk|1
|-boost|p1b: Annihilape|def|1
|
|-weather|none
|-heal|p1b: Annihilape|63/100|[from] item: Leftovers
|upkeep
|turn|7
|inactive|iron labubu has 30 seconds left.
|inactive|laufey#1fan has 30 seconds left.
|inactive|iron labubu has 20 seconds left.
|inactive|iron labubu has 15 seconds left.
|inactive|laufey#1fan has 20 seconds left.
|inactive|iron labubu has 10 seconds left.
|
|t:|1757110914
|move|p1b: Annihilape|Protect|p1b: Annihilape
|-singleturn|p1b: Annihilape|Protect
|move|p2a: Dragonite|Stomping Tantrum|p1a: Gholdengo
|-supereffective|p1a: Gholdengo
|-damage|p1a: Gholdengo|0 fnt
|faint|p1a: Gholdengo
|move|p2b: Kingambit|Kowtow Cleave|p1b: Annihilape
|-activate|p1b: Annihilape|move: Protect
|
|-heal|p1b: Annihilape|69/100|[from] item: Leftovers
|upkeep
|
|t:|1757110921
|switch|p1a: Incineroar|Incineroar, L50, F|100/100
|-ability|p1a: Incineroar|Intimidate|boost
|-unboost|p2a: Dragonite|atk|1
|-unboost|p2b: Kingambit|atk|1
|-ability|p2b: Kingambit|Defiant|boost
|-boost|p2b: Kingambit|atk|2
|turn|8
|
|t:|1757110939
|move|p2a: Dragonite|Protect|p2a: Dragonite
|-singleturn|p2a: Dragonite|Protect
|move|p2b: Kingambit|Protect|p2b: Kingambit
|-singleturn|p2b: Kingambit|Protect
|move|p1a: Incineroar|Fake Out|p2a: Dragonite
|-activate|p2a: Dragonite|move: Protect
|move|p1b: Annihilape|Bulk Up|p1b: Annihilape
|-boost|p1b: Annihilape|atk|1
|-boost|p1b: Annihilape|def|1
|
|-heal|p1b: Annihilape|75/100|[from] item: Leftovers
|upkeep
|turn|9
|
|t:|1757110962
|move|p2b: Kingambit|Sucker Punch|p1b: Annihilape
|-damage|p1b: Annihilape|19/100
|move|p2a: Dragonite|Stomping Tantrum|p1a: Incineroar
|-supereffective|p1a: Incineroar
|-damage|p1a: Incineroar|63/100
|move|p1b: Annihilape|Rage Fist|p2a: Dragonite
|-damage|p2a: Dragonite|0 fnt
|faint|p2a: Dragonite
|move|p1a: Incineroar|Knock Off|p2b: Kingambit
|-damage|p2b: Kingambit|0 fnt
|-enditem|p2b: Kingambit|Black Glasses|[from] move: Knock Off|[of] p1a: Incineroar
|faint|p2b: Kingambit
|
|-heal|p1b: Annihilape|25/100|[from] item: Leftovers
|upkeep
|
|t:|1757110968
|switch|p2b: Ninetales|Ninetales-Alola, L50, M|100/100
|-weather|Snowscape|[from] ability: Snow Warning|[of] p2b: Ninetales
|turn|10
|
|t:|1757110979
|-terastallize|p1b: Annihilape|Fire
|move|p2b: Ninetales|Dazzling Gleam|p1b: Annihilape|[spread] p1a,p1b
|-resisted|p1b: Annihilape
|-damage|p1a: Incineroar|39/100
|-damage|p1b: Annihilape|11/100
|move|p1b: Annihilape|Rage Fist|p2b: Ninetales
|-damage|p2b: Ninetales|0 fnt
|faint|p2b: Ninetales
|
|win|iron labubu
||iron labubu is ready for game 3.
||laufey#1fan is ready for game 3.
|uhtml|next|Next: Game 3 of 3
