|j|☆ddx9000
|j|☆keeplearning
|html|ddx9000keeplearning    
|uhtml|bestof|Game 1 of a best-of-3
|t:|1756949706
|gametype|doubles
|player|p1|ddx9000|1|1178
|player|p2|keeplearning|266|1218
|gen|9
|tier|[Gen 9] VGC 2025 Reg H (Bo3)
|rated|
|rule|Species Clause: Limit one of each Pokémon
|rule|Item Clause: Limit 1 of each item
|clearpoke
|poke|p1|Incineroar, L50, M|
|poke|p1|Porygon2, L50|
|poke|p1|Amoonguss, L50, F|
|poke|p1|Hydreigon, L50, F|
|poke|p1|Ursaluna, L50, M|
|poke|p1|Gholdengo, L50|
|poke|p2|Dragonite, L50, M|
|poke|p2|Annihilape, L50, F|
|poke|p2|Rillaboom, L50, M|
|poke|p2|Gholdengo, L50|
|poke|p2|Dondozo, L50, M|
|poke|p2|Incineroar, L50, F|
|teampreview|4
|showteam|p1|Incineroar||AssaultVest|Intimidate|FakeOut,Uturn,FlareBlitz,KnockOff|||M|||50|,,,,,Ghost]Porygon2||Eviolite|Download|TeraBlast,IceBeam,Recover,TrickRoom||||||50|,,,,,Fighting]Amoonguss||RockyHelmet|Regenerator|Spore,ClearSmog,RagePowder,PollenPuff|||F|||50|,,,,,Water]Hydreigon||SafetyGoggles|Levitate|Tailwind,Snarl,Protect,DracoMeteor|||F|||50|,,,,,Ghost]Ursaluna||FlameOrb|Guts|Protect,HeadlongRush,Earthquake,Facade|||M|||50|,,,,,Ghost]Gholdengo||LifeOrb|GoodasGold|Protect,NastyPlot,MakeItRain,ShadowBall||||||50|,,,,,Water
|showteam|p2|Dragonite||LoadedDice|Multiscale|Protect,ScaleShot,Tailwind,Haze|||M|||50|,,,,,Fairy]Annihilape||FocusSash|Defiant|FinalGambit,Coaching,RageFist,CloseCombat|||F|||50|,,,,,Stellar]Rillaboom||AssaultVest|GrassySurge|FakeOut,GrassyGlide,HighHorsepower,WoodHammer|||M|||50|,,,,,Fire]Gholdengo||SitrusBerry|GoodasGold|Protect,NastyPlot,MakeItRain,ShadowBall||||||50|,,,,,Water]Dondozo||Leftovers|Unaware|Protect,WaveCrash,Yawn,Fissure|||M|||50|,,,,,Grass]Incineroar||SafetyGoggles|Intimidate|FakeOut,KnockOff,FlareBlitz,PartingShot|||F|||50|,,,,,Ghost
|inactive|Battle timer is ON: inactive players will automatically lose when time's up. (requested by keeplearning)
|
|t:|1756949744
|teamsize|p1|4
|teamsize|p2|4
|start
|switch|p1a: Hydreigon|Hydreigon, L50, F|100/100
|switch|p1b: Ursaluna|Ursaluna, L50, M|100/100
|switch|p2a: Rillaboom|Rillaboom, L50, M|100/100
|switch|p2b: Gholdengo|Gholdengo, L50|100/100
|-fieldstart|move: Grassy Terrain|[from] ability: Grassy Surge|[of] p2a: Rillaboom
|turn|1
|
|t:|1756949765
|move|p1b: Ursaluna|Protect|p1b: Ursaluna
|-singleturn|p1b: Ursaluna|Protect
|move|p2a: Rillaboom|Fake Out|p1a: Hydreigon
|-damage|p1a: Hydreigon|87/100
|cant|p1a: Hydreigon|flinch
|move|p2b: Gholdengo|Nasty Plot|p2b: Gholdengo
|-boost|p2b: Gholdengo|spa|2
|
|-status|p1b: Ursaluna|brn|[from] item: Flame Orb
|upkeep
|turn|2
|inactive|keeplearning has 30 seconds left.
|
|t:|1756949791
|-terastallize|p2b: Gholdengo|Water
|-terastallize|p1b: Ursaluna|Ghost
|move|p2a: Rillaboom|Grassy Glide|p1b: Ursaluna
|-crit|p1b: Ursaluna
|-damage|p1b: Ursaluna|55/100 brn
|move|p1a: Hydreigon|Tailwind|p1a: Hydreigon
|-sidestart|p1: ddx9000|move: Tailwind
|move|p1b: Ursaluna|Headlong Rush|p2b: Gholdengo
|-damage|p2b: Gholdengo|0 fnt
|-unboost|p1b: Ursaluna|def|1
|-unboost|p1b: Ursaluna|spd|1
|faint|p2b: Gholdengo
|
|-heal|p1b: Ursaluna|61/100 brn|[from] Grassy Terrain
|-damage|p1b: Ursaluna|55/100 brn|[from] brn
|upkeep
|
|t:|1756949810
|switch|p2b: Incineroar|Incineroar, L50, F|100/100
|-ability|p2b: Incineroar|Intimidate|boost
|-unboost|p1a: Hydreigon|atk|1
|-unboost|p1b: Ursaluna|atk|1
|turn|3
|
|t:|1756949830
|switch|p1b: Amoonguss|Amoonguss, L50, F, shiny|100/100
|switch|p2b: Dondozo|Dondozo, L50, M|100/100
|move|p1a: Hydreigon|Protect|p1a: Hydreigon
|-singleturn|p1a: Hydreigon|Protect
|move|p2a: Rillaboom|Wood Hammer|p1b: Amoonguss
|-resisted|p1b: Amoonguss
|-damage|p1b: Amoonguss|84/100
|-damage|p2a: Rillaboom|84/100|[from] item: Rocky Helmet|[of] p1b: Amoonguss
|-damage|p2a: Rillaboom|78/100|[from] Recoil
|
|-heal|p2a: Rillaboom|84/100|[from] Grassy Terrain
|-heal|p1b: Amoonguss|90/100|[from] Grassy Terrain
|upkeep
|turn|4
|
|t:|1756949852
|switch|p1a: Gholdengo|Gholdengo, L50|100/100
|move|p2b: Dondozo|Protect|p2b: Dondozo
|-singleturn|p2b: Dondozo|Protect
|move|p2a: Rillaboom|High Horsepower|p1b: Amoonguss
|-damage|p1b: Amoonguss|64/100
|-damage|p2a: Rillaboom|68/100|[from] item: Rocky Helmet|[of] p1b: Amoonguss
|move|p1b: Amoonguss|Spore|p2b: Dondozo
|-activate|p2b: Dondozo|move: Protect
|
|-heal|p2a: Rillaboom|73/100|[from] Grassy Terrain
|-heal|p1b: Amoonguss|70/100|[from] Grassy Terrain
|upkeep
|turn|5
|
|t:|1756949869
|switch|p2b: Incineroar|Incineroar, L50, F|100/100
|-ability|p2b: Incineroar|Intimidate|boost
|-unboost|p1a: Gholdengo|atk|1
|-unboost|p1b: Amoonguss|atk|1
|move|p1a: Gholdengo|Nasty Plot|p1a: Gholdengo
|-boost|p1a: Gholdengo|spa|2
|move|p2a: Rillaboom|High Horsepower|p1a: Gholdengo
|-supereffective|p1a: Gholdengo
|-damage|p1a: Gholdengo|39/100
|move|p1b: Amoonguss|Pollen Puff|p1a: Gholdengo
|-heal|p1a: Gholdengo|89/100
|
|-heal|p1a: Gholdengo|95/100|[from] Grassy Terrain
|-heal|p2a: Rillaboom|79/100|[from] Grassy Terrain
|-heal|p1b: Amoonguss|76/100|[from] Grassy Terrain
|-sideend|p1: ddx9000|move: Tailwind
|-fieldend|move: Grassy Terrain
|upkeep
|turn|6
|
|t:|1756949887
|switch|p2a: Dondozo|Dondozo, L50, M|100/100
|switch|p1b: Hydreigon|Hydreigon, L50, F|87/100
|move|p1a: Gholdengo|Protect|p1a: Gholdengo
|-singleturn|p1a: Gholdengo|Protect
|move|p2b: Incineroar|Knock Off|p1a: Gholdengo
|-activate|p1a: Gholdengo|move: Protect
|
|upkeep
|turn|7
|
|t:|1756949907
|move|p1b: Hydreigon|Tailwind|p1b: Hydreigon
|-sidestart|p1: ddx9000|move: Tailwind
|move|p1a: Gholdengo|Shadow Ball|p2a: Dondozo
|-damage|p2a: Dondozo|61/100
|-damage|p1a: Gholdengo|85/100|[from] item: Life Orb
|move|p2b: Incineroar|Knock Off|p1a: Gholdengo
|-supereffective|p1a: Gholdengo
|-damage|p1a: Gholdengo|0 fnt
|-enditem|p1a: Gholdengo|Life Orb|[from] move: Knock Off|[of] p2b: Incineroar
|faint|p1a: Gholdengo
|move|p2a: Dondozo|Wave Crash|p1b: Hydreigon
|-resisted|p1b: Hydreigon
|-damage|p1b: Hydreigon|62/100
|-damage|p2a: Dondozo|55/100|[from] Recoil
|
|-heal|p2a: Dondozo|61/100|[from] item: Leftovers
|upkeep
|
|t:|1756949913
|switch|p1a: Ursaluna|Ursaluna, L50, M, tera:Ghost|55/100 brn
|turn|8
|
|t:|1756949931
|move|p2a: Dondozo|Protect|p2a: Dondozo
|-singleturn|p2a: Dondozo|Protect
|move|p1b: Hydreigon|Draco Meteor|p2b: Incineroar
|-damage|p2b: Incineroar|50/100
|-unboost|p1b: Hydreigon|spa|2
|move|p1a: Ursaluna|Facade|p2b: Incineroar
|-damage|p2b: Incineroar|0 fnt
|faint|p2b: Incineroar
|
|-heal|p2a: Dondozo|68/100|[from] item: Leftovers
|-damage|p1a: Ursaluna|49/100 brn|[from] brn
|upkeep
|
|t:|1756949943
|switch|p2b: Rillaboom|Rillaboom, L50, M|79/100
|-fieldstart|move: Grassy Terrain|[from] ability: Grassy Surge|[of] p2b: Rillaboom
|turn|9
|inactive|keeplearning has 30 seconds left.
|
|t:|1756949971
|switch|p1b: Amoonguss|Amoonguss, L50, F, shiny|100/100
|move|p1a: Ursaluna|Facade|p2b: Rillaboom
|-damage|p2b: Rillaboom|0 fnt
|faint|p2b: Rillaboom
|move|p2a: Dondozo|Yawn|p1b: Amoonguss
|-start|p1b: Amoonguss|move: Yawn|[of] p2a: Dondozo
|
|-heal|p1a: Ursaluna|55/100 brn|[from] Grassy Terrain
|-heal|p2a: Dondozo|74/100|[from] Grassy Terrain
|-heal|p2a: Dondozo|80/100|[from] item: Leftovers
|-damage|p1a: Ursaluna|49/100 brn|[from] brn
|upkeep
|turn|10
|
|t:|1756949983
|switch|p1b: Hydreigon|Hydreigon, L50, F|62/100
|move|p2a: Dondozo|Protect|p2a: Dondozo
|-singleturn|p2a: Dondozo|Protect
|move|p1a: Ursaluna|Facade|p2a: Dondozo
|-activate|p2a: Dondozo|move: Protect
|
|-heal|p1a: Ursaluna|55/100 brn|[from] Grassy Terrain
|-heal|p2a: Dondozo|86/100|[from] Grassy Terrain
|-heal|p2a: Dondozo|93/100|[from] item: Leftovers
|-damage|p1a: Ursaluna|49/100 brn|[from] brn
|-sideend|p1: ddx9000|move: Tailwind
|upkeep
|turn|11
|
|t:|1756949996
|move|p1b: Hydreigon|Draco Meteor|p2a: Dondozo
|-damage|p2a: Dondozo|52/100
|-unboost|p1b: Hydreigon|spa|2
|move|p1a: Ursaluna|Facade|p2a: Dondozo
|-damage|p2a: Dondozo|0 fnt
|faint|p2a: Dondozo
|
|win|ddx9000
||keeplearning is ready for game 2.
||ddx9000 is ready for game 2.
|uhtml|next|Next: Game 2 of 3
