|j|☆M4rcos315
|j|☆VermillionAcademy
|html|M4rcos315VermillionAcademy    
|uhtml|bestof|Game 2 of a best-of-3
|t:|1756229526
|gametype|doubles
|player|p1|M4rcos315|colress|
|player|p2|VermillionAcademy|2|
|gen|9
|tier|[Gen 9] VGC 2025 Reg H (Bo3)
|rule|Species Clause: Limit one of each Pokémon
|rule|Item Clause: Limit 1 of each item
|clearpoke
|poke|p1|Dragonite, L50, M|
|poke|p1|Maushold-Four, L50|
|poke|p1|Incineroar, L50, M|
|poke|p1|Mudsdale, L50, M|
|poke|p1|Indeedee-F, L50, F|
|poke|p1|Basculegion-F, L50, F|
|poke|p2|Incineroar, L50, F|
|poke|p2|Rillaboom, L50, M|
|poke|p2|Ninetales-Alola, L50, M|
|poke|p2|Frosmoth, L50, M|
|poke|p2|Maushold-Four, L50|
|poke|p2|Annihilape, L50, M|
|teampreview|4
|showteam|p1|Dragonite||ChoiceBand|InnerFocus|ExtremeSpeed,AerialAce,Outrage,StompingTantrum|||M|||50|,,,,,Normal]Maushold-Four||LoadedDice|FriendGuard|FollowMe,Protect,PopulationBomb,Taunt||||||50|,,,,,Normal]Incineroar||LifeOrb|Intimidate|FlareBlitz,KnockOff,FakeOut,PartingShot|||M|||50|,,,,,Bug]Mudsdale||Leftovers|Stamina|BodyPress,CloseCombat,HeavySlam,HighHorsepower|||M|||50|,,,,,Steel]Indeedee-F||PsychicSeed|PsychicSurge|Psychic,FollowMe,HelpingHand,TrickRoom|||F|||50|,,,,,Steel]Basculegion-F||ChoiceScarf|Adaptability|WaveCrash,LastRespects,AquaJet,Protect|||F|||50|,,,,,Dark
|showteam|p2|Incineroar||SafetyGoggles|Intimidate|FlareBlitz,KnockOff,FakeOut,PartingShot|||F|||50|,,,,,Ghost]Rillaboom||AssaultVest|GrassySurge|WoodHammer,GrassyGlide,Uturn,FakeOut|||M|||50|,,,,,Fire]Ninetales-Alola||CovertCloak|SnowWarning|Moonblast,AuroraVeil,Disable,Encore|||M|||50|,,,,,Fire]Frosmoth||Leftovers|IceScales|Blizzard,TeraBlast,QuiverDance,Protect|||M|||50|,,,,,Water]Maushold-Four||RockyHelmet|FriendGuard|FollowMe,BeatUp,Taunt,Protect||||||50|,,,,,Water]Annihilape||SitrusBerry|Defiant|RageFist,DrainPunch,BulkUp,Protect|||M|||50|,,,,,Fire
|
|t:|1756229549
|teamsize|p1|4
|teamsize|p2|4
|start
|switch|p1a: PerroSanxe|Incineroar, L50, M|100/100
|switch|p1b: Benzema|Dragonite, L50, M|100/100
|switch|p2a: Frosmoth|Frosmoth, L50, M|100/100
|switch|p2b: Maushold|Maushold-Four, L50|100/100
|-ability|p1a: PerroSanxe|Intimidate|boost
|-unboost|p2a: Frosmoth|atk|1
|-unboost|p2b: Maushold|atk|1
|turn|1
|inactive|Battle timer is ON: inactive players will automatically lose when time's up. (requested by VermillionAcademy)
|inactive|M4rcos315 has 60 seconds left.
|
|t:|1756229583
|-terastallize|p2a: Frosmoth|Water
|move|p1a: PerroSanxe|Fake Out|p2b: Maushold
|-damage|p2b: Maushold|89/100
|-damage|p1a: PerroSanxe|84/100|[from] item: Rocky Helmet|[of] p2b: Maushold
|-damage|p1a: PerroSanxe|74/100|[from] item: Life Orb
|cant|p2b: Maushold|flinch
|move|p1b: Benzema|Stomping Tantrum|p2b: Maushold
|-damage|p2b: Maushold|51/100
|-damage|p1b: Benzema|84/100|[from] item: Rocky Helmet|[of] p2b: Maushold
|move|p2a: Frosmoth|Quiver Dance|p2a: Frosmoth
|-boost|p2a: Frosmoth|spa|1
|-boost|p2a: Frosmoth|spd|1
|-boost|p2a: Frosmoth|spe|1
|
|upkeep
|turn|2
|inactive|M4rcos315 has 30 seconds left.
|inactive|M4rcos315 has 20 seconds left.
|inactive|M4rcos315 has 15 seconds left.
|
|t:|1756229627
|switch|p1b: LefHada|Indeedee-F, L50, F|100/100
|-fieldstart|move: Psychic Terrain|[from] ability: Psychic Surge|[of] p1b: LefHada
|-enditem|p1b: LefHada|Psychic Seed
|-boost|p1b: LefHada|spd|1|[from] item: Psychic Seed
|move|p2b: Maushold|Protect|p2b: Maushold
|-singleturn|p2b: Maushold|Protect
|move|p2a: Frosmoth|Tera Blast|p1a: PerroSanxe|[anim] Tera Blast Water
|-supereffective|p1a: PerroSanxe
|-damage|p1a: PerroSanxe|0 fnt
|faint|p1a: PerroSanxe
|
|upkeep
|
|t:|1756229639
|switch|p1a: Basculegion|Basculegion-F, L50, F|100/100
|turn|3
|
|t:|1756229657
|switch|p2b: Ninetales|Ninetales-Alola, L50, M|100/100
|-weather|Snowscape|[from] ability: Snow Warning|[of] p2b: Ninetales
|-terastallize|p1b: LefHada|Steel
|move|p1b: LefHada|Follow Me|p1b: LefHada
|-singleturn|p1b: LefHada|move: Follow Me
|move|p1a: Basculegion|Last Respects|p2a: Frosmoth
|-damage|p2a: Frosmoth|34/100
|move|p2a: Frosmoth|Blizzard|p1b: LefHada|[spread] p1a,p1b
|-resisted|p1a: Basculegion
|-resisted|p1b: LefHada
|-damage|p1a: Basculegion|70/100
|-damage|p1b: LefHada|85/100
|
|-weather|Snowscape|[upkeep]
|-heal|p2a: Frosmoth|40/100|[from] item: Leftovers
|upkeep
|turn|4
|
|t:|1756229676
|move|p1b: LefHada|Helping Hand|p1a: Basculegion
|-singleturn|p1a: Basculegion|Helping Hand|[of] p1b: LefHada
|move|p2a: Frosmoth|Protect|p2a: Frosmoth
|-singleturn|p2a: Frosmoth|Protect
|move|p1a: Basculegion|Last Respects|p2b: Ninetales
|-damage|p2b: Ninetales|29/100
|move|p2b: Ninetales|Aurora Veil|p2b: Ninetales
|-sidestart|p2: VermillionAcademy|move: Aurora Veil
|
|-weather|Snowscape|[upkeep]
|-heal|p2a: Frosmoth|46/100|[from] item: Leftovers
|upkeep
|turn|5
|inactive|VermillionAcademy has 30 seconds left.
|inactive|VermillionAcademy has 20 seconds left.
|inactive|VermillionAcademy has 15 seconds left.
|inactive|VermillionAcademy has 10 seconds left.
|
|t:|1756229724
|move|p1b: LefHada|Helping Hand|p1a: Basculegion
|-singleturn|p1a: Basculegion|Helping Hand|[of] p1b: LefHada
|move|p1a: Basculegion|Last Respects|p2b: Ninetales
|-damage|p2b: Ninetales|0 fnt
|faint|p2b: Ninetales
|move|p2a: Frosmoth|Blizzard|p1b: LefHada|[spread] p1a,p1b
|-resisted|p1a: Basculegion
|-resisted|p1b: LefHada
|-damage|p1a: Basculegion|42/100
|-damage|p1b: LefHada|69/100
|
|-weather|Snowscape|[upkeep]
|-heal|p2a: Frosmoth|51/100|[from] item: Leftovers
|upkeep
|
|t:|1756229737
|switch|p2b: Maushold|Maushold-Four, L50|51/100
|turn|6
|
|t:|1756229756
|move|p1b: LefHada|Follow Me|p1b: LefHada
|-singleturn|p1b: LefHada|move: Follow Me
|move|p1a: Basculegion|Last Respects|p2a: Frosmoth
|-damage|p2a: Frosmoth|18/100
|move|p2a: Frosmoth|Blizzard|p1a: Basculegion|[spread] p1a,p1b
|-resisted|p1a: Basculegion
|-resisted|p1b: LefHada
|-damage|p1a: Basculegion|10/100
|-damage|p1b: LefHada|53/100
|move|p2b: Maushold|Taunt|p1b: LefHada
|-start|p1b: LefHada|move: Taunt
|
|-weather|Snowscape|[upkeep]
|-heal|p2a: Frosmoth|24/100|[from] item: Leftovers
|-fieldend|move: Psychic Terrain
|upkeep
|turn|7
|
|t:|1756229778
|move|p2b: Maushold|Follow Me|p2b: Maushold
|-singleturn|p2b: Maushold|move: Follow Me
|move|p1a: Basculegion|Last Respects|p2b: Maushold
|-immune|p2b: Maushold
|move|p2a: Frosmoth|Blizzard|p1b: LefHada|[spread] p1a,p1b
|-resisted|p1a: Basculegion
|-resisted|p1b: LefHada
|-damage|p1a: Basculegion|0 fnt
|-damage|p1b: LefHada|37/100
|-status|p1b: LefHada|frz
|faint|p1a: Basculegion
|-curestatus|p1b: LefHada|frz|[msg]
|move|p1b: LefHada|Psychic|p2b: Maushold
|-damage|p2b: Maushold|28/100
|-unboost|p2b: Maushold|spd|1
|
|-weather|none
|-heal|p2a: Frosmoth|30/100|[from] item: Leftovers
|upkeep
|
|t:|1756229794
|switch|p1a: Benzema|Dragonite, L50, M|84/100
|turn|8
|
|t:|1756229819
|move|p2b: Maushold|Follow Me|p2b: Maushold
|-singleturn|p2b: Maushold|move: Follow Me
|move|p2a: Frosmoth|Blizzard|p1a: Benzema|[spread] p1a,p1b
|-supereffective|p1a: Benzema
|-resisted|p1b: LefHada
|-damage|p1a: Benzema|0 fnt
|-damage|p1b: LefHada|20/100
|faint|p1a: Benzema
|move|p1b: LefHada|Psychic|p2b: Maushold
|-damage|p2b: Maushold|0 fnt
|faint|p2b: Maushold
|
|-heal|p2a: Frosmoth|35/100|[from] item: Leftovers
|-sideend|p2: VermillionAcademy|move: Aurora Veil
|upkeep
|
|t:|1756229829
|switch|p2b: Incineroar|Incineroar, L50, F|100/100
|-ability|p2b: Incineroar|Intimidate|boost
|-unboost|p1b: LefHada|atk|1
|turn|9
|
|t:|1756229836
|move|p2b: Incineroar|Fake Out|p1b: LefHada
|-resisted|p1b: LefHada
|-damage|p1b: LefHada|16/100
|move|p2a: Frosmoth|Tera Blast|p1b: LefHada|[anim] Tera Blast Water
|-damage|p1b: LefHada|0 fnt
|faint|p1b: LefHada
|
|win|VermillionAcademy
|c|☆VermillionAcademy|ggs
