|j|☆freyartchan
|j|☆Uncreative7452
|html|freyartchanUncreative7452    
|uhtml|bestof|Game 3 of a best-of-3
|t:|1756746992
|gametype|doubles
|player|p1|freyartchan|kieran-champion|1123
|player|p2|Uncreative7452|tuber|1045
|gen|9
|tier|[Gen 9] VGC 2025 Reg H (Bo3)
|rated|
|rule|Species Clause: Limit one of each Pokémon
|rule|Item Clause: Limit 1 of each item
|clearpoke
|poke|p1|Sylveon, L50, M|
|poke|p1|Archaludon, L50, M|
|poke|p1|Incineroar, L50, F|
|poke|p1|Ursaluna, L50, F|
|poke|p1|Ribombee, L50, M|
|poke|p1|Porygon2, L50|
|poke|p2|Porygon2, L50|
|poke|p2|Reuniclus, L50, F|
|poke|p2|Alcremie, L50, F|
|poke|p2|Chesnaught, L50, M|
|poke|p2|Kingambit, L50, F|
|poke|p2|Indeedee, L50, M|
|teampreview|4
|showteam|p1|Sylveon||LifeOrb|Pixilate|HyperVoice,QuickAttack,TeraBlast,Protect|||M|||50|,,,,,Fire]Archaludon||PowerHerb|Sturdy|FlashCannon,DracoMeteor,ElectroShot,Protect|||M|||50|,,,,,Electric]Incineroar||SafetyGoggles|Intimidate|FakeOut,FlareBlitz,KnockOff,PartingShot|||F|||50|,,,,,Ghost]Ursaluna||FlameOrb|Guts|Facade,HeadlongRush,Earthquake,Protect|||F|||50|,,,,,Ghost]Ribombee||CovertCloak|SweetVeil|Tailwind,PollenPuff,StruggleBug,Protect|||M|||50|,,,,,Water]Porygon2||Eviolite|Download|TeraBlast,IceBeam,Recover,TrickRoom||||||50|,,,,,Flying
|showteam|p2|Porygon2||Eviolite|Download|IceBeam,TeraBlast,TrickRoom,Recover||||||50|,,,,,Fighting]Reuniclus||LifeOrb|Overcoat|ExpandingForce,ShadowBall,TrickRoom,Protect|||F|||50|,,,,,Dark]Alcremie||RoomService|AromaVeil|AlluringVoice,Decorate,Protect,HelpingHand|||F|||50|,,,,,Steel]Chesnaught||PsychicSeed|Bulletproof|LeechSeed,WideGuard,BodyPress,SpikyShield|||M|||50|,,,,,Steel]Kingambit||AssaultVest|Defiant|IronHead,SuckerPunch,TeraBlast,KowtowCleave|||F|||50|,,,,,Flying]Indeedee||FocusSash|PsychicSurge|ExpandingForce,DazzlingGleam,Protect,TrickRoom|||M|||50|,,,,,Psychic
|
|t:|1756747103
|teamsize|p1|4
|teamsize|p2|4
|start
|switch|p1a: Honey|Ribombee, L50, M|100/100
|switch|p1b: Lillie|Sylveon, L50, M|100/100
|switch|p2a: Reuniclus|Reuniclus, L50, F|100/100
|switch|p2b: Indeedee|Indeedee, L50, M|100/100
|-fieldstart|move: Psychic Terrain|[from] ability: Psychic Surge|[of] p2b: Indeedee
|turn|1
|
|t:|1756747140
|move|p1a: Honey|Struggle Bug|p2b: Indeedee|[spread] p2a,p2b
|-supereffective|p2a: Reuniclus
|-supereffective|p2b: Indeedee
|-damage|p2a: Reuniclus|80/100
|-damage|p2b: Indeedee|78/100
|-unboost|p2a: Reuniclus|spa|1
|-unboost|p2b: Indeedee|spa|1
|move|p1b: Lillie|Hyper Voice|p2b: Indeedee|[spread] p2a,p2b
|-damage|p2a: Reuniclus|42/100
|-damage|p2b: Indeedee|31/100
|-damage|p1b: Lillie|91/100|[from] item: Life Orb
|move|p2a: Reuniclus|Expanding Force|p1a: Honey|[spread] p1a,p1b
|-damage|p1a: Honey|30/100
|-damage|p1b: Lillie|59/100
|-damage|p2a: Reuniclus|33/100|[from] item: Life Orb
|move|p2b: Indeedee|Trick Room|p2b: Indeedee
|-fieldstart|move: Trick Room|[of] p2b: Indeedee
|
|upkeep
|turn|2
|
|t:|1756747183
|switch|p1b: Luna|Ursaluna, L50, F|100/100
|switch|p1a: Scotti|Incineroar, L50, F|100/100
|-ability|p1a: Scotti|Intimidate|boost
|-unboost|p2a: Reuniclus|atk|1
|-unboost|p2b: Indeedee|atk|1
|move|p2a: Reuniclus|Expanding Force|p1a: Scotti|[spread] p1b
|-immune|p1a: Scotti
|-damage|p1b: Luna|58/100
|-damage|p2a: Reuniclus|23/100|[from] item: Life Orb
|move|p2b: Indeedee|Expanding Force|p1a: Scotti|[spread] p1b
|-immune|p1a: Scotti
|-damage|p1b: Luna|31/100
|
|-status|p1b: Luna|brn|[from] item: Flame Orb
|upkeep
|turn|3
|
|t:|1756747248
|move|p2a: Reuniclus|Protect|p2a: Reuniclus
|-singleturn|p2a: Reuniclus|Protect
|move|p1b: Luna|Protect|p1b: Luna
|-singleturn|p1b: Luna|Protect
|move|p2b: Indeedee|Dazzling Gleam|p1b: Luna|[spread] p1a
|-activate|p1b: Luna|move: Protect
|-damage|p1a: Scotti|93/100
|move|p1a: Scotti|Knock Off|p2a: Reuniclus
|-activate|p2a: Reuniclus|move: Protect
|
|-damage|p1b: Luna|25/100 brn|[from] brn
|upkeep
|turn|4
|
|t:|1756747280
|switch|p2b: Porygon2|Porygon2, L50|100/100
|-ability|p2b: Porygon2|Download|boost
|-boost|p2b: Porygon2|spa|1
|move|p2a: Reuniclus|Expanding Force|p1a: Scotti|[spread] p1b
|-immune|p1a: Scotti
|-damage|p1b: Luna|0 fnt
|faint|p1b: Luna
|-damage|p2a: Reuniclus|13/100|[from] item: Life Orb
|move|p1a: Scotti|Knock Off|p2b: Porygon2
|-damage|p2b: Porygon2|78/100
|-enditem|p2b: Porygon2|Eviolite|[from] move: Knock Off|[of] p1a: Scotti
|
|upkeep
|
|t:|1756747297
|switch|p1b: Lillie|Sylveon, L50, M|59/100
|turn|5
|
|t:|1756747345
|switch|p2a: Kingambit|Kingambit, L50, F|100/100
|-terastallize|p2b: Porygon2|Fighting
|move|p1b: Lillie|Protect|p1b: Lillie
|-singleturn|p1b: Lillie|Protect
|move|p2b: Porygon2|Tera Blast|p1a: Scotti|[anim] Tera Blast Fighting
|-supereffective|p1a: Scotti
|-damage|p1a: Scotti|22/100
|move|p1a: Scotti|Knock Off|p2a: Kingambit
|-resisted|p2a: Kingambit
|-crit|p2a: Kingambit
|-damage|p2a: Kingambit|81/100
|-enditem|p2a: Kingambit|Assault Vest|[from] move: Knock Off|[of] p1a: Scotti
|
|-fieldend|move: Trick Room
|-fieldend|move: Psychic Terrain
|upkeep
|turn|6
|
|t:|1756747384
|switch|p1a: Honey|Ribombee, L50, M|30/100
|-terastallize|p1b: Lillie|Fire
|move|p1b: Lillie|Hyper Voice|p2b: Porygon2|[spread] p2a,p2b
|-supereffective|p2b: Porygon2
|-damage|p2a: Kingambit|30/100
|-damage|p2b: Porygon2|0 fnt
|faint|p2b: Porygon2
|-damage|p1b: Lillie|49/100|[from] item: Life Orb
|move|p2a: Kingambit|Iron Head|p1b: Lillie
|-resisted|p1b: Lillie
|-damage|p1b: Lillie|21/100
|
|upkeep
|
|t:|1756747396
|switch|p2b: Indeedee|Indeedee, L50, M|31/100
|-fieldstart|move: Psychic Terrain|[from] ability: Psychic Surge|[of] p2b: Indeedee
|turn|7
|
|t:|1756747413
|move|p1a: Honey|Tailwind|p1a: Honey
|-sidestart|p1: freyartchan|move: Tailwind
|move|p1b: Lillie|Hyper Voice|p2b: Indeedee|[spread] p2a,p2b
|-damage|p2a: Kingambit|0 fnt
|-damage|p2b: Indeedee|0 fnt
|faint|p2a: Kingambit
|faint|p2b: Indeedee
|-damage|p1b: Lillie|11/100|[from] item: Life Orb
|
|upkeep
|
|t:|1756747417
|switch|p2b: Reuniclus|Reuniclus, L50, F|13/100
|turn|8
|-message|Uncreative7452 forfeited.
|raw|freyartchan's rating: 1123 → 1142(+19 for winning)
|raw|Uncreative7452's rating: 1034 → 1023(-11 for losing)
|
|win|freyartchan
|l|☆Uncreative7452
|player|p2|
