|j|☆BaimeJoytWeeGeeCee
|j|☆spongebob601
|html|BaimeJoytWeeGeeCeespongebob601    
|uhtml|bestof|Game 2 of a best-of-3
|t:|1756691588
|gametype|doubles
|player|p1|BaimeJoytWeeGeeCee|dawn|1040
|player|p2|spongebob601|169|1071
|gen|9
|tier|[Gen 9] VGC 2025 Reg H (Bo3)
|rated|
|rule|Species Clause: Limit one of each Pokémon
|rule|Item Clause: Limit 1 of each item
|clearpoke
|poke|p1|Maushold-Four, L50|
|poke|p1|Annihilape, L50, F|
|poke|p1|Pelipper, L50, F|
|poke|p1|Archaludon, L50, M|
|poke|p1|Basculegion, L50, M|
|poke|p1|Kingambit, L50, M|
|poke|p2|Sneasler, L50, M|
|poke|p2|Ursaluna, L50, F|
|poke|p2|Porygon2, L50|
|poke|p2|Amoonguss, L50, F|
|poke|p2|Sylveon, L50, F|
|poke|p2|Grimmsnarl, L50, M|
|teampreview|4
|showteam|p1|Maushold-Four||SafetyGoggles|FriendGuard|FollowMe,Protect,Taunt,BeatUp||||||50|,,,,,Ghost]Annihilape||Leftovers|Defiant|RageFist,DrainPunch,BulkUp,Protect|||F|||50|,,,,,Fire]Pelipper||FocusSash|Drizzle|Hurricane,WeatherBall,Tailwind,Protect|||F|||50|,,,,,Ghost]Archaludon||AssaultVest|Stamina|DracoMeteor,ElectroShot,BodyPress,FlashCannon|||M|||50|,,,,,Grass]Basculegion||ChoiceBand|SwiftSwim|LastRespects,WaveCrash,AquaJet,FlipTurn|||M|||50|,,,,,Grass]Kingambit||BlackGlasses|Defiant|KowtowCleave,SuckerPunch,IronHead,Protect|||M|||50|,,,,,Dark
|showteam|p2|Sneasler||FocusSash|PoisonTouch|FakeOut,ThroatChop,CloseCombat,DireClaw|||M|||50|,,,,,Stellar]Ursaluna||FlameOrb|Guts|Protect,HeadlongRush,Earthquake,Facade|||F|||50|,,,,,Ghost]Porygon2||Eviolite|Download|TeraBlast,TrickRoom,Recover,IceBeam||||||50|,,,,,Flying]Amoonguss||SitrusBerry|Regenerator|PollenPuff,Spore,Protect,RagePowder|||F|||50|,,,,,Water]Sylveon||Leftovers|Pixilate|HyperVoice,Protect,DrainingKiss,CalmMind|||F|||50|,,,,,Steel]Grimmsnarl||LightClay|Prankster|SpiritBreak,Reflect,LightScreen,ThunderWave|||M|||50|,,,,,Ghost
|inactive|Battle timer is ON: inactive players will automatically lose when time's up. (requested by BaimeJoytWeeGeeCee)
|
|t:|1756691611
|teamsize|p1|4
|teamsize|p2|4
|start
|switch|p1a: Kingambit|Kingambit, L50, M|100/100
|switch|p1b: Pelipper|Pelipper, L50, F|100/100
|switch|p2a: Grimmsnarl|Grimmsnarl, L50, M|100/100
|switch|p2b: Sneasler|Sneasler, L50, M|100/100
|-weather|RainDance|[from] ability: Drizzle|[of] p1b: Pelipper
|turn|1
|inactive|spongebob601 has 30 seconds left.
|
|t:|1756691646
|-terastallize|p1a: Kingambit|Dark
|move|p2a: Grimmsnarl|Thunder Wave|p1b: Pelipper
|-status|p1b: Pelipper|par
|move|p2b: Sneasler|Close Combat|p1a: Kingambit
|-supereffective|p1a: Kingambit
|-damage|p1a: Kingambit|4/100
|-unboost|p2b: Sneasler|def|1
|-unboost|p2b: Sneasler|spd|1
|-status|p1a: Kingambit|psn|[from] ability: Poison Touch|[of] p2b: Sneasler
|move|p1b: Pelipper|Hurricane|p2b: Sneasler
|-supereffective|p2b: Sneasler
|-enditem|p2b: Sneasler|Focus Sash
|-damage|p2b: Sneasler|1/100
|move|p1a: Kingambit|Iron Head|p2a: Grimmsnarl
|-supereffective|p2a: Grimmsnarl
|-damage|p2a: Grimmsnarl|22/100
|
|-weather|RainDance|[upkeep]
|-damage|p1a: Kingambit|0 fnt|[from] psn
|faint|p1a: Kingambit
|upkeep
|
|t:|1756691665
|switch|p1a: Basculegion|Basculegion, L50, M|100/100
|turn|2
|inactive|spongebob601 has 30 seconds left.
|
|t:|1756691690
|move|p1a: Basculegion|Aqua Jet|p2a: Grimmsnarl
|-damage|p2a: Grimmsnarl|0 fnt
|faint|p2a: Grimmsnarl
|move|p2b: Sneasler|Throat Chop|p1a: Basculegion
|-supereffective|p1a: Basculegion
|-damage|p1a: Basculegion|26/100
|-start|p1a: Basculegion|Throat Chop|[silent]
|cant|p1b: Pelipper|par
|
|-weather|RainDance|[upkeep]
|upkeep
|
|t:|1756691701
|switch|p2a: Porygon2|Porygon2, L50|100/100
|-ability|p2a: Porygon2|Download|boost
|-boost|p2a: Porygon2|spa|1
|turn|3
|inactive|spongebob601 has 30 seconds left.
|
|t:|1756691730
|switch|p2b: Sylveon|Sylveon, L50, F|100/100
|move|p1a: Basculegion|Aqua Jet|p2a: Porygon2
|-damage|p2a: Porygon2|79/100
|move|p2a: Porygon2|Tera Blast|p1b: Pelipper
|-damage|p1b: Pelipper|30/100 par
|move|p1b: Pelipper|Weather Ball|p2a: Porygon2
|-damage|p2a: Porygon2|39/100
|
|-weather|RainDance|[upkeep]
|-end|p1a: Basculegion|Throat Chop|[silent]
|upkeep
|turn|4
|
|t:|1756691748
|switch|p1a: Maushold|Maushold-Four, L50|100/100
|move|p2a: Porygon2|Recover|p2a: Porygon2
|-heal|p2a: Porygon2|89/100
|move|p2b: Sylveon|Hyper Voice|p1a: Maushold|[spread] p1a,p1b
|-damage|p1a: Maushold|61/100
|-damage|p1b: Pelipper|0 fnt
|faint|p1b: Pelipper
|
|-weather|RainDance|[upkeep]
|upkeep
|
|t:|1756691752
|switch|p1b: Basculegion|Basculegion, L50, M|26/100
|turn|5
|
|t:|1756691776
|move|p1b: Basculegion|Wave Crash|p2b: Sylveon
|-damage|p2b: Sylveon|0 fnt
|faint|p2b: Sylveon
|-damage|p1b: Basculegion|0 fnt|[from] Recoil
|faint|p1b: Basculegion
|move|p1a: Maushold|Taunt|p2a: Porygon2
|-start|p2a: Porygon2|move: Taunt
|cant|p2a: Porygon2|move: Taunt|Trick Room
|
|-weather|none
|upkeep
|
|t:|1756691789
|switch|p2b: Sneasler|Sneasler, L50, M|1/100
|turn|6
|-message|BaimeJoytWeeGeeCee forfeited.
|
|win|spongebob601
|raw|BaimeJoytWeeGeeCee's rating: 1040 → 1025(-15 for losing)
|raw|spongebob601's rating: 1071 → 1098(+27 for winning)
|l|☆spongebob601
|player|p2|
