|j|☆caverna1
|j|☆ElXoXo21
|html|caverna1ElXoXo21    
|uhtml|bestof|Game 2 of a best-of-3
|t:|1783158037
|gametype|doubles
|player|p1|caverna1|boarder|1068
|player|p2|ElXoXo21|266|1000
|gen|9
|tier|[Gen 9 Champions] VGC 2026 Reg M-B (Bo3)
|rated|
|rule|Species Clause: Limit one of each Pokémon
|rule|Item Clause: Limit 1 of each item
|clearpoke
|poke|p1|Sceptile, L50, F|
|poke|p1|Aerodactyl, L50, M|
|poke|p1|Gholdengo, L50|
|poke|p1|Rotom-Heat, L50|
|poke|p1|Pelipper, L50, M|
|poke|p1|Milotic, L50, M|
|poke|p2|Gengar, L50, M|
|poke|p2|Politoed, L50, F|
|poke|p2|Clefable, L50, M|
|poke|p2|Whimsicott, L50, F|
|poke|p2|Meganium, L50, M|
|poke|p2|Gholdengo, L50|
|teampreview|4
|showteam|p1|Sceptile||Sceptilite|Overgrow|Protect,EarthPower,EnergyBall,VacuumWave|Timid||F|||50|]Aerodactyl||FocusSash|Unnerve|Tailwind,Earthquake,RockSlide,DualWingbeat|Jolly||M|||50|]Gholdengo||LifeOrb|GoodasGold|Protect,NastyPlot,ShadowBall,MakeItRain|Modest|||||50|]Rotom-Heat||ChoiceScarf|Levitate|Trick,Discharge,Overheat,Thunder|Timid|||||50|]Pelipper||SitrusBerry|Drizzle|Hurricane,Protect,WeatherBall,Tailwind|Modest||M|||50|]Milotic||Leftovers|Competitive|Protect,Scald,LifeDew,IcyWind|Bold||M|||50|
|showteam|p2|Gengar||Gengarite|CursedBody|Protect,PerishSong,Disable,SludgeBomb|Timid||M|||50|]Politoed||Leftovers|Drizzle|Protect,PerishSong,HelpingHand,WeatherBall|Bold||F|||50|]Clefable||SitrusBerry|MagicGuard|Protect,FollowMe,Encore,Moonblast|Calm||M|||50|]Whimsicott||FocusSash|Prankster|Protect,Encore,Tailwind,LightScreen|Timid||F|||50|]Meganium||Meganiumite|LeafGuard|Protect,WeatherBall,SolarBeam,DazzlingGleam|Modest||M|||50|]Gholdengo||LifeOrb|GoodasGold|Protect,NastyPlot,ShadowBall,MakeItRain|Modest|||||50|
|inactive|Battle timer is ON: inactive players will automatically lose when time's up. (requested by caverna1)
|inactive|caverna1 has 60 seconds left.
|
|t:|1783158097
|teamsize|p1|4
|teamsize|p2|4
|start
|switch|p1a: Aerodactyl|Aerodactyl, L50, M|100/100
|switch|p1b: Rotom|Rotom-Heat, L50|100/100
|switch|p2a: Gengar|Gengar, L50, M|100/100
|switch|p2b: Whimsicott|Whimsicott, L50, F|100/100
|-ability|p1a: Aerodactyl|Unnerve
|turn|1
|inactive|caverna1 has 30 seconds left.
|inactive|caverna1 has 20 seconds left.
|inactive|caverna1 has 15 seconds left.
|inactive|caverna1 has 10 seconds left.
|inactive|caverna1 has 5 seconds left.
|
|t:|1783158147
|detailschange|p2a: Gengar|Gengar-Mega, L50, M
|-mega|p2a: Gengar|Gengar|Gengarite
|move|p2b: Whimsicott|Tailwind|p2b: Whimsicott
|-sidestart|p2: ElXoXo21|move: Tailwind
|move|p2a: Gengar|Sludge Bomb|p1a: Aerodactyl
|-resisted|p1a: Aerodactyl|1
|-damage|p1a: Aerodactyl|56/100
|move|p1b: Rotom|Trick|p2b: Whimsicott
|-activate|p1b: Rotom|move: Trick|[of] p2b: Whimsicott
|-item|p2b: Whimsicott|Choice Scarf|[from] move: Trick
|-item|p1b: Rotom|Focus Sash|[from] move: Trick
|move|p1a: Aerodactyl|Tailwind|p1a: Aerodactyl
|-sidestart|p1: caverna1|move: Tailwind
|
|upkeep
|turn|2
|inactive|caverna1 has 30 seconds left.
|inactive|ElXoXo21 has 30 seconds left.
|inactive|caverna1 has 20 seconds left.
|inactive|ElXoXo21 has 20 seconds left.
|inactive|caverna1 has 15 seconds left.
|inactive|ElXoXo21 has 15 seconds left.
|
|t:|1783158192
|move|p2b: Whimsicott|Encore|p1b: Rotom
|-start|p1b: Rotom|Encore
|move|p2a: Gengar|Disable|p1b: Rotom
|-start|p1b: Rotom|Disable|Trick
|move|p1a: Aerodactyl|Earthquake|p2a: Gengar|[spread] p2a,p2b
|-immune|p1b: Rotom|[from] ability: Levitate
|-supereffective|p2a: Gengar|1
|-resisted|p2b: Whimsicott|1
|-damage|p2a: Gengar|27/100
|-damage|p2b: Whimsicott|82/100
|cant|p1b: Rotom|Disable|Trick
|
|upkeep
|turn|3
|inactive|ElXoXo21 has 30 seconds left.
|
|t:|1783158219
|switch|p2b: Clefable|Clefable, L50, M|100/100
|move|p2a: Gengar|Disable|p1a: Aerodactyl
|-start|p1a: Aerodactyl|Disable|Earthquake
|cant|p1a: Aerodactyl|Disable|Earthquake
|-activate|p1b: Rotom|move: Struggle
|move|p1b: Rotom|Struggle|p2b: Clefable
|-crit|p2b: Clefable
|-damage|p2b: Clefable|87/100
|-damage|p1b: Rotom|75/100|[from] recoil
|
|upkeep
|turn|4
|inactive|caverna1 has 30 seconds left.
|
|t:|1783158246
|move|p2a: Gengar|Sludge Bomb|p1b: Rotom
|-crit|p1b: Rotom
|-damage|p1b: Rotom|0 fnt
|faint|p1b: Rotom
|move|p1a: Aerodactyl|Dual Wingbeat|p2a: Gengar
|-damage|p2a: Gengar|1/100
|-damage|p2a: Gengar|0 fnt
|faint|p2a: Gengar
|-hitcount|p2: Gengar|2
|move|p2b: Clefable|Moonblast|p1a: Aerodactyl
|-damage|p1a: Aerodactyl|7/100
|-unboost|p1a: Aerodactyl|spa|1
|
|-sideend|p2: ElXoXo21|move: Tailwind
|-sideend|p1: caverna1|move: Tailwind
|upkeep
|
|t:|1783158268
|switch|p2a: Whimsicott|Whimsicott, L50, F|82/100
|switch|p1b: Sceptile|Sceptile, L50, F|100/100
|turn|5
|inactive|ElXoXo21 has 30 seconds left.
|
|t:|1783158299
|detailschange|p1b: Sceptile|Sceptile-Mega, L50, F
|-mega|p1b: Sceptile|Sceptile|Sceptilite
|move|p2b: Clefable|Follow Me|p2b: Clefable
|-singleturn|p2b: Clefable|move: Follow Me
|move|p2a: Whimsicott|Tailwind|p2a: Whimsicott
|-sidestart|p2: ElXoXo21|move: Tailwind
|move|p1b: Sceptile|Energy Ball|p2b: Clefable
|-damage|p2b: Clefable|45/100
|move|p1a: Aerodactyl|Tailwind|p1a: Aerodactyl
|-sidestart|p1: caverna1|move: Tailwind
|
|upkeep
|turn|6
|inactive|caverna1 has 30 seconds left.
|inactive|caverna1 has 20 seconds left.
|
|t:|1783158335
|switch|p2a: Gholdengo|Gholdengo, L50|100/100
|move|p1b: Sceptile|Energy Ball|p2b: Clefable
|-damage|p2b: Clefable|4/100
|move|p1a: Aerodactyl|Rock Slide|p2a: Gholdengo|[spread] p2a,p2b
|-resisted|p2a: Gholdengo|1
|-damage|p2a: Gholdengo|86/100
|-damage|p2b: Clefable|0 fnt
|faint|p2b: Clefable
|
|-end|p1a: Aerodactyl|Disable
|upkeep
|
|t:|1783158349
|switch|p2b: Whimsicott|Whimsicott, L50, F|82/100
|turn|7
|inactive|ElXoXo21 has 30 seconds left.
|
|t:|1783158383
|move|p1b: Sceptile|Protect|p1b: Sceptile
|-singleturn|p1b: Sceptile|Protect
|move|p2a: Gholdengo|Protect|p2a: Gholdengo
|-singleturn|p2a: Gholdengo|Protect
|move|p2b: Whimsicott|Encore|p1b: Sceptile
|-activate|p1b: Sceptile|move: Protect
|move|p1a: Aerodactyl|Earthquake|p2b: Whimsicott|[spread] p2b
|-activate|p1b: Sceptile|move: Protect
|-activate|p2a: Gholdengo|move: Protect
|-resisted|p2b: Whimsicott|1
|-damage|p2b: Whimsicott|65/100
|
|upkeep
|turn|8
|inactive|caverna1 has 30 seconds left.
|inactive|caverna1 has 20 seconds left.
|inactive|caverna1 has 15 seconds left.
|
|t:|1783158425
|switch|p1b: Gholdengo|Gholdengo, L50|100/100
|move|p2b: Whimsicott|Encore|p1b: Gholdengo
|-immune|p1b: Gholdengo|[from] ability: Good as Gold
|move|p1a: Aerodactyl|Dual Wingbeat|p2b: Whimsicott
|-supereffective|p2b: Whimsicott|1
|-damage|p2b: Whimsicott|13/100
|-supereffective|p2b: Whimsicott|1
|-damage|p2b: Whimsicott|0 fnt
|faint|p2b: Whimsicott
|-hitcount|p2: Whimsicott|2
|move|p2a: Gholdengo|Shadow Ball|p1a: Aerodactyl
|-damage|p1a: Aerodactyl|0 fnt
|faint|p1a: Aerodactyl
|-damage|p2a: Gholdengo|76/100|[from] item: Life Orb
|
|-sideend|p2: ElXoXo21|move: Tailwind
|-sideend|p1: caverna1|move: Tailwind
|upkeep
|
|t:|1783158443
|switch|p1a: Sceptile|Sceptile-Mega, L50, F|100/100
|turn|9
|
|t:|1783158452
|move|p1a: Sceptile|Earth Power|p2a: Gholdengo
|-supereffective|p2a: Gholdengo|1
|-damage|p2a: Gholdengo|11/100
|-unboost|p2a: Gholdengo|spd|1
|move|p2a: Gholdengo|Shadow Ball|p1b: Gholdengo
|-supereffective|p1b: Gholdengo|1
|-damage|p1b: Gholdengo|0 fnt
|faint|p1b: Gholdengo
|-damage|p2a: Gholdengo|1/100|[from] item: Life Orb
|
|upkeep
|turn|10
|
|t:|1783158464
|move|p1a: Sceptile|Earth Power|p2a: Gholdengo
|-supereffective|p2a: Gholdengo|1
|-damage|p2a: Gholdengo|0 fnt
|faint|p2a: Gholdengo
|
|win|caverna1
||ElXoXo21 is ready for game 3.
||caverna1 is ready for game 3.
|uhtml|next|Next: Game 3 of 3
