|j|☆bandicoot25
|j|☆Fell Blue
|html|bandicoot25Fell Blue    
|uhtml|bestof|Game 3 of a best-of-3
|t:|1782489974
|gametype|doubles
|player|p1|bandicoot25|blaine|1248
|player|p2|Fell Blue|fantina|1205
|gen|9
|tier|[Gen 9 Champions] VGC 2026 Reg M-B (Bo3)
|rated|
|rule|Species Clause: Limit one of each Pokémon
|rule|Item Clause: Limit 1 of each item
|clearpoke
|poke|p1|Delphox, L50, F|
|poke|p1|Sinistcha, L50|
|poke|p1|Garchomp, L50, F|
|poke|p1|Kingambit, L50, M|
|poke|p1|Basculegion, L50, M|
|poke|p1|Sylveon, L50, F|
|poke|p2|Torkoal, L50, M|
|poke|p2|Pyroar, L50, M|
|poke|p2|Farigiraf, L50, M|
|poke|p2|Mawile, L50, F|
|poke|p2|Gyarados, L50, M|
|poke|p2|Kangaskhan, L50, F|
|teampreview|4
|showteam|p1|Delphox||Delphoxite|Blaze|HeatWave,Psyshock,Protect,NastyPlot|Timid||F|||50|]Sinistcha||SitrusBerry|Hospitality|MatchaGotcha,RagePowder,Protect,TrickRoom|Bold|||||50|]Garchomp||LifeOrb|RoughSkin|Earthquake,RockSlide,DragonClaw,Protect|Jolly||F|||50|]Kingambit||FocusSash|Defiant|IronHead,SuckerPunch,KowtowCleave,LowKick|Adamant||M|||50|]Basculegion||ChoiceScarf|Adaptability|WaveCrash,AquaJet,FlipTurn,LastRespects|Jolly||M|||50|]Sylveon||FairyFeather|Pixilate|HyperVoice,QuickAttack,Protect,HyperBeam|Modest||F|||50|
|showteam|p2|Torkoal||Charcoal|Drought|Eruption,WeatherBall,HelpingHand,Protect|Quiet||M|||50|]Pyroar||Pyroarite|Rivalry|Overheat,HeatWave,SolarBeam,Protect|Timid||M|||50|]Farigiraf||SitrusBerry|ArmorTail|Psychic,TrickRoom,HelpingHand,Protect|Bold||M|||50|]Mawile||Mawilite|HyperCutter|PlayRough,BrickBreak,SuckerPunch,Protect|Brave||F|||50|]Gyarados||ExpertBelt|Intimidate|StoneEdge,PowerWhip,IceFang,Protect|Adamant||M|||50|]Kangaskhan||SilkScarf|Scrappy|FakeOut,LastResort|Brave||F|||50|
|inactive|Battle timer is ON: inactive players will automatically lose when time's up. (requested by bandicoot25)
|
|t:|1782489984
|teamsize|p1|4
|teamsize|p2|4
|start
|switch|p1a: Delphox|Delphox, L50, F|100/100
|switch|p1b: Garchomp|Garchomp, L50, F|100/100
|switch|p2a: Farigiraf|Farigiraf, L50, M|100/100
|switch|p2b: Gyarados|Gyarados, L50, M|100/100
|-ability|p2b: Gyarados|Intimidate|boost
|-unboost|p1a: Delphox|atk|1
|-unboost|p1b: Garchomp|atk|1
|turn|1
|
|t:|1782489999
|detailschange|p1a: Delphox|Delphox-Mega, L50, F
|-mega|p1a: Delphox|Delphox|Delphoxite
|move|p1a: Delphox|Psyshock|p2b: Gyarados
|-damage|p2b: Gyarados|49/100
|move|p1b: Garchomp|Rock Slide|p2a: Farigiraf|[spread] p2a,p2b
|-supereffective|p2b: Gyarados|1
|-damage|p2a: Farigiraf|87/100
|-damage|p2b: Gyarados|11/100
|-damage|p1b: Garchomp|90/100|[from] item: Life Orb
|cant|p2b: Gyarados|flinch
|cant|p2a: Farigiraf|flinch
|
|upkeep
|turn|2
|
|t:|1782490020
|switch|p1b: Kingambit|Kingambit, L50, M|100/100
|move|p1a: Delphox|Heat Wave|p2b: Gyarados|[spread] p2a,p2b
|-resisted|p2b: Gyarados|1
|-damage|p2a: Farigiraf|51/100
|-damage|p2b: Gyarados|0 fnt
|faint|p2b: Gyarados
|move|p2a: Farigiraf|Trick Room|p2a: Farigiraf
|-fieldstart|move: Trick Room|[of] p2a: Farigiraf
|
|upkeep
|
|t:|1782490025
|switch|p2b: Torkoal|Torkoal, L50, M|100/100
|-weather|SunnyDay|[from] ability: Drought|[of] p2b: Torkoal
|turn|3
|
|t:|1782490042
|move|p2a: Farigiraf|Helping Hand|p2b: Torkoal
|-singleturn|p2b: Torkoal|Helping Hand|[of] p2a: Farigiraf
|move|p2b: Torkoal|Eruption|p1b: Kingambit|[spread] p1a,p1b
|-resisted|p1a: Delphox|1
|-supereffective|p1b: Kingambit|1
|-damage|p1a: Delphox|35/100
|-enditem|p1b: Kingambit|Focus Sash
|-damage|p1b: Kingambit|1/100
|move|p1b: Kingambit|Kowtow Cleave|p2a: Farigiraf
|-supereffective|p2a: Farigiraf|1
|-damage|p2a: Farigiraf|0 fnt
|faint|p2a: Farigiraf
|move|p1a: Delphox|Heat Wave|p2b: Torkoal
|-resisted|p2b: Torkoal|1
|-damage|p2b: Torkoal|40/100
|
|-weather|SunnyDay|[upkeep]
|upkeep
|
|t:|1782490045
|switch|p2a: Mawile|Mawile, L50, F|100/100
|turn|4
|
|t:|1782490067
|detailschange|p2a: Mawile|Mawile-Mega, L50, F
|-mega|p2a: Mawile|Mawile|Mawilite
|move|p1a: Delphox|Protect|p1a: Delphox
|-singleturn|p1a: Delphox|Protect
|move|p1b: Kingambit|Sucker Punch|p2b: Torkoal
|-damage|p2b: Torkoal|7/100
|move|p2b: Torkoal|Weather Ball|p1b: Kingambit
|-supereffective|p1b: Kingambit|1
|-damage|p1b: Kingambit|0 fnt
|faint|p1b: Kingambit
|move|p2a: Mawile|Play Rough|p1a: Delphox
|-activate|p1a: Delphox|move: Protect
|
|-weather|SunnyDay|[upkeep]
|upkeep
|
|t:|1782490083
|switch|p1b: Garchomp|Garchomp, L50, F|90/100
|turn|5
|
|t:|1782490092
|move|p2b: Torkoal|Weather Ball|p1a: Delphox
|-resisted|p1a: Delphox|1
|-damage|p1a: Delphox|0 fnt
|faint|p1a: Delphox
|move|p2a: Mawile|Play Rough|p1b: Garchomp
|-supereffective|p1b: Garchomp|1
|-damage|p1b: Garchomp|0 fnt
|-damage|p2a: Mawile|87/100|[from] ability: Rough Skin|[of] p1b: Garchomp
|faint|p1b: Garchomp
|
|-weather|SunnyDay|[upkeep]
|upkeep
|
|t:|1782490098
|switch|p1b: Basculegion|Basculegion, L50, M|100/100
|turn|6
|
|t:|1782490103
|move|p2a: Mawile|Sucker Punch|p1b: Basculegion
|-supereffective|p1b: Basculegion|1
|-damage|p1b: Basculegion|0 fnt
|faint|p1b: Basculegion
|
|win|Fell Blue
|raw|bandicoot25's rating: 1248 → 1220(-28 for losing)
|raw|Fell Blue's rating: 1205 → 1233(+28 for winning)
|l|☆bandicoot25
|player|p1|
