|j|☆PiplupVGC
|j|☆Fairy Juice Jay
|html|PiplupVGCFairy Juice Jay    
|uhtml|bestof|Game 1 of a best-of-3
|t:|1757904693
|gametype|doubles
|player|p1|PiplupVGC|n|1228
|player|p2|Fairy Juice Jay|burgh-masters|1179
|gen|9
|tier|[Gen 9] VGC 2025 Reg H (Bo3)
|rated|
|rule|Species Clause: Limit one of each Pokémon
|rule|Item Clause: Limit 1 of each item
|clearpoke
|poke|p1|Electabuzz, L50, F|
|poke|p1|Kingambit, L50, M|
|poke|p1|Volcarona, L50, M|
|poke|p1|Dragonite, L50, M|
|poke|p1|Sneasler, L50, F|
|poke|p1|Rillaboom, L50, M|
|poke|p2|Serperior, L50, M|
|poke|p2|Illumise, L50, F|
|poke|p2|Metagross, L50|
|poke|p2|Primarina, L50, F|
|poke|p2|Kommo-o, L50, M|
|poke|p2|Arcanine-Hisui, L50, F|
|teampreview|4
|showteam|p1|Electabuzz||Eviolite|VitalSpirit|FollowMe,Thunderbolt,Taunt,Protect|||F|||50|,,,,,Ghost]Kingambit||BlackGlasses|Defiant|KowtowCleave,SuckerPunch,SwordsDance,Protect|||M|||50|,,,,,Dark]Volcarona||Leftovers|FlameBody|HeatWave,TeraBlast,QuiverDance,Protect|||M|||50|,,,,,Fairy]Dragonite||LoadedDice|Multiscale|ScaleShot,ExtremeSpeed,Haze,Protect|||M|||50|,,,,,Fairy]Sneasler||FocusSash|Unburden|DireClaw,CloseCombat,Coaching,FakeOut|||F|||50|,,,,,Stellar]Rillaboom||AssaultVest|GrassySurge|FakeOut,WoodHammer,GrassyGlide,HighHorsepower|||M|||50|,,,,,Fire
|showteam|p2|Serperior||WideLens|Contrary|LeafStorm,TeraBlast,LeechSeed,Protect|||M|||50|,,,,,Fire]Illumise||CovertCloak|Prankster|Uturn,Encore,FakeTears,Tailwind|||F|||50|,,,,,Dark]Metagross||AssaultVest|ClearBody|HeavySlam,PsychicFangs,StompingTantrum,BulletPunch||||||50|,,,,,Water]Primarina||Leftovers|LiquidVoice|HyperVoice,Moonblast,CalmMind,Protect|||F|||50|,,,,,Poison]Kommo-o||ThroatSpray|Overcoat|ClangingScales,Flamethrower,ClangorousSoul,Protect|||M|||50|,,,,,Fire]Arcanine-Hisui||SafetyGoggles|Intimidate|FlareBlitz,RockSlide,WillOWisp,Protect|||F|||50|,,,,,Grass
|inactive|Battle timer is ON: inactive players will automatically lose when time's up. (requested by Fairy Juice Jay)
|inactive|PiplupVGC has 60 seconds left.
|inactive|Fairy Juice Jay has 60 seconds left.
|inactive|Fairy Juice Jay has 30 seconds left.
|inactive|Fairy Juice Jay has 20 seconds left.
|inactive|Fairy Juice Jay has 15 seconds left.
|
|t:|1757904769
|teamsize|p1|4
|teamsize|p2|4
|start
|switch|p1a: Kingambit|Kingambit, L50, M|100/100
|switch|p1b: Electabuzz|Electabuzz, L50, F|100/100
|switch|p2a: Arcanine|Arcanine-Hisui, L50, F|100/100
|switch|p2b: Theodora|Illumise, L50, F|100/100
|-ability|p2a: Arcanine|Intimidate|boost
|-unboost|p1a: Kingambit|atk|1
|-ability|p1a: Kingambit|Defiant|boost
|-boost|p1a: Kingambit|atk|2
|-unboost|p1b: Electabuzz|atk|1
|turn|1
|
|t:|1757904792
|move|p1b: Electabuzz|Follow Me|p1b: Electabuzz
|-singleturn|p1b: Electabuzz|move: Follow Me
|move|p2a: Arcanine|Flare Blitz|p1b: Electabuzz
|-damage|p1b: Electabuzz|53/100
|-status|p1b: Electabuzz|brn
|-damage|p2a: Arcanine|85/100|[from] Recoil
|move|p2b: Theodora|U-turn|p1b: Electabuzz
|-damage|p1b: Electabuzz|42/100 brn
|
|t:|1757904801
|switch|p2b: Primarina|Primarina, L50, F|100/100|[from] U-turn
|move|p1a: Kingambit|Swords Dance|p1a: Kingambit
|-boost|p1a: Kingambit|atk|2
|
|-damage|p1b: Electabuzz|37/100 brn|[from] brn
|upkeep
|turn|2
|
|t:|1757904816
|move|p2a: Arcanine|Protect|p2a: Arcanine
|-singleturn|p2a: Arcanine|Protect
|move|p1b: Electabuzz|Follow Me|p1b: Electabuzz
|-singleturn|p1b: Electabuzz|move: Follow Me
|move|p2b: Primarina|Moonblast|p1b: Electabuzz
|-damage|p1b: Electabuzz|0 fnt
|faint|p1b: Electabuzz
|move|p1a: Kingambit|Kowtow Cleave|p2a: Arcanine
|-activate|p2a: Arcanine|move: Protect
|
|upkeep
|
|t:|1757904823
|switch|p1b: Sneasler|Sneasler, L50, F|100/100
|turn|3
|
|t:|1757904833
|switch|p2a: Roxxiebane|Metagross, L50|100/100
|-terastallize|p2b: Primarina|Poison
|move|p1b: Sneasler|Fake Out|p2a: Roxxiebane
|-resisted|p2a: Roxxiebane
|-damage|p2a: Roxxiebane|95/100
|move|p2b: Primarina|Hyper Voice|p1a: Kingambit|[spread] p1a,p1b
|-damage|p1a: Kingambit|65/100
|-damage|p1b: Sneasler|53/100
|move|p1a: Kingambit|Kowtow Cleave|p2a: Roxxiebane
|-supereffective|p2a: Roxxiebane
|-crit|p2a: Roxxiebane
|-damage|p2a: Roxxiebane|0 fnt
|faint|p2a: Roxxiebane
|
|upkeep
|
|t:|1757904847
|switch|p2a: Arcanine|Arcanine-Hisui, L50, F|85/100
|-ability|p2a: Arcanine|Intimidate|boost
|-unboost|p1a: Kingambit|atk|1
|-ability|p1a: Kingambit|Defiant|boost
|-boost|p1a: Kingambit|atk|2
|-unboost|p1b: Sneasler|atk|1
|turn|4
|
|t:|1757904861
|switch|p1b: Volcarona|Volcarona, L50, M|100/100
|move|p1a: Kingambit|Protect|p1a: Kingambit
|-singleturn|p1a: Kingambit|Protect
|move|p2a: Arcanine|Will-O-Wisp|p1a: Kingambit
|-activate|p1a: Kingambit|move: Protect
|move|p2b: Primarina|Hyper Voice|p1a: Kingambit|[spread] p1b
|-activate|p1a: Kingambit|move: Protect
|-supereffective|p1b: Volcarona
|-damage|p1b: Volcarona|44/100
|
|-heal|p1b: Volcarona|50/100|[from] item: Leftovers
|upkeep
|turn|5
|
|t:|1757904883
|move|p1a: Kingambit|Sucker Punch|p2a: Arcanine
|-damage|p2a: Arcanine|0 fnt
|faint|p2a: Arcanine
|move|p1b: Volcarona|Tera Blast|p2b: Primarina
|-damage|p2b: Primarina|80/100
|move|p2b: Primarina|Hyper Voice|p1a: Kingambit|[spread] p1a,p1b
|-supereffective|p1b: Volcarona
|-damage|p1a: Kingambit|30/100
|-damage|p1b: Volcarona|0 fnt
|faint|p1b: Volcarona
|
|-heal|p2b: Primarina|86/100|[from] item: Leftovers
|upkeep
|-message|Fairy Juice Jay forfeited.
|
|win|PiplupVGC
||Fairy Juice Jay is ready for game 2.
||PiplupVGC is ready for game 2.
|uhtml|next|Next: Game 2 of 3
