|j|☆starling01
|j|☆pagoose chase
|html|starling01pagoose chase    
|uhtml|bestof|Game 1 of a best-of-3
|t:|1757631029
|gametype|doubles
|player|p1|starling01|miku-flying|1173
|player|p2|pagoose chase|roxanne-gen6|1063
|gen|9
|tier|[Gen 9] VGC 2025 Reg H (Bo3)
|rated|
|rule|Species Clause: Limit one of each Pokémon
|rule|Item Clause: Limit 1 of each item
|clearpoke
|poke|p1|Incineroar, L50, M|
|poke|p1|Rillaboom, L50, F|
|poke|p1|Ursaluna-Bloodmoon, L50, M|
|poke|p1|Sneasler, L50, F|
|poke|p1|Dragonite, L50, M|
|poke|p1|Gholdengo, L50|
|poke|p2|Gliscor, L50, M|
|poke|p2|Tyranitar, L50, M|
|poke|p2|Rillaboom, L50, M|
|poke|p2|Gholdengo, L50|
|poke|p2|Electabuzz, L50, M|
|poke|p2|Sneasler, L50, F|
|teampreview|4
|showteam|p1|Incineroar||SafetyGoggles|Intimidate|FlareBlitz,KnockOff,FakeOut,PartingShot|||M|||50|,,,,,Ghost]Rillaboom||AssaultVest|GrassySurge|WoodHammer,HighHorsepower,GrassyGlide,FakeOut|||F|||50|,,,,,Fire]Ursaluna-Bloodmoon||Leftovers|MindsEye|BloodMoon,EarthPower,CalmMind,Protect|||M|||50|,,,,,Electric]Sneasler||FocusSash|PoisonTouch|CloseCombat,DireClaw,FakeOut,Coaching|||F|||50|,,,,,Ghost]Dragonite||LoadedDice|Multiscale|ScaleShot,Tailwind,Haze,Protect|||M|||50|,,,,,Steel]Gholdengo||LifeOrb|GoodasGold|MakeItRain,ShadowBall,NastyPlot,Protect||||||50|,,,,,Water
|showteam|p2|Gliscor||ToxicOrb|PoisonHeal|DualWingbeat,HighHorsepower,Tailwind,Protect|||M|||50|,,,,,Water]Tyranitar||AssaultVest|SandStream|RockSlide,KnockOff,LowKick,TeraBlast|||M|||50|,,,,,Flying]Rillaboom||MiracleSeed|GrassySurge|FakeOut,GrassyGlide,WoodHammer,Uturn|||M|||50|,,,,,Fire]Gholdengo||LifeOrb|GoodasGold|MakeItRain,ShadowBall,NastyPlot,Protect||||||50|,,,,,Water]Electabuzz||Eviolite|VitalSpirit|FollowMe,Electroweb,Taunt,Protect|||M|||50|,,,,,Ghost]Sneasler||CovertCloak|PoisonTouch|FakeOut,CloseCombat,DireClaw,Coaching|||F|||50|,,,,,Dark
|inactive|Battle timer is ON: inactive players will automatically lose when time's up. (requested by starling01)
|inactive|starling01 has 60 seconds left.
|inactive|pagoose chase has 60 seconds left.
|
|t:|1757631069
|teamsize|p1|4
|teamsize|p2|4
|start
|switch|p1a: Incineroar|Incineroar, L50, M|100/100
|switch|p1b: Ursaluna|Ursaluna-Bloodmoon, L50, M|100/100
|switch|p2a: Electabuzz|Electabuzz, L50, M|100/100
|switch|p2b: Gliscor|Gliscor, L50, M|100/100
|-ability|p1a: Incineroar|Intimidate|boost
|-unboost|p2a: Electabuzz|atk|1
|-unboost|p2b: Gliscor|atk|1
|turn|1
|
|t:|1757631092
|switch|p2a: Sneasler|Sneasler, L50, F|100/100
|move|p2b: Gliscor|Protect|p2b: Gliscor
|-singleturn|p2b: Gliscor|Protect
|move|p1a: Incineroar|Fake Out|p2a: Sneasler
|-crit|p2a: Sneasler
|-damage|p2a: Sneasler|72/100
|move|p1b: Ursaluna|Calm Mind|p1b: Ursaluna
|-boost|p1b: Ursaluna|spa|1
|-boost|p1b: Ursaluna|spd|1
|
|-status|p2b: Gliscor|tox|[from] item: Toxic Orb
|upkeep
|turn|2
|inactive|starling01 has 30 seconds left.
|inactive|pagoose chase has 30 seconds left.
|inactive|starling01 has 20 seconds left.
|inactive|starling01 has 15 seconds left.
|
|t:|1757631134
|switch|p1a: Dragonite|Dragonite, L50, M|100/100
|-terastallize|p1b: Ursaluna|Electric
|move|p2a: Sneasler|Coaching|p2b: Gliscor
|-boost|p2b: Gliscor|atk|1
|-boost|p2b: Gliscor|def|1
|move|p2b: Gliscor|High Horsepower|p1a: Dragonite
|-immune|p1a: Dragonite
|move|p1b: Ursaluna|Earth Power|p2a: Sneasler
|-supereffective|p2a: Sneasler
|-damage|p2a: Sneasler|0 fnt
|faint|p2a: Sneasler
|
|upkeep
|
|t:|1757631140
|switch|p2a: Electabuzz|Electabuzz, L50, M|100/100
|turn|3
|
|t:|1757631156
|switch|p1a: Incineroar|Incineroar, L50, M|100/100
|-ability|p1a: Incineroar|Intimidate|boost
|-unboost|p2a: Electabuzz|atk|1
|-unboost|p2b: Gliscor|atk|1
|move|p2a: Electabuzz|Follow Me|p2a: Electabuzz
|-singleturn|p2a: Electabuzz|move: Follow Me
|move|p2b: Gliscor|High Horsepower|p1b: Ursaluna
|-supereffective|p1b: Ursaluna
|-damage|p1b: Ursaluna|54/100
|move|p1b: Ursaluna|Blood Moon|p2a: Electabuzz
|-damage|p2a: Electabuzz|13/100
|
|-heal|p1b: Ursaluna|60/100|[from] item: Leftovers
|upkeep
|turn|4
|
|t:|1757631176
|-terastallize|p2a: Electabuzz|Ghost
|move|p1b: Ursaluna|Protect|p1b: Ursaluna
|-singleturn|p1b: Ursaluna|Protect
|move|p2a: Electabuzz|Taunt|p1b: Ursaluna
|-activate|p1b: Ursaluna|move: Protect
|move|p2b: Gliscor|High Horsepower|p1b: Ursaluna
|-activate|p1b: Ursaluna|move: Protect
|move|p1a: Incineroar|Parting Shot|p2b: Gliscor
|-unboost|p2b: Gliscor|atk|1
|-unboost|p2b: Gliscor|spa|1
|
|t:|1757631195
|switch|p1a: Sneasler|Sneasler, L50, F|100/100|[from] Parting Shot
|
|-heal|p1b: Ursaluna|66/100|[from] item: Leftovers
|upkeep
|turn|5
|
|t:|1757631210
|move|p1a: Sneasler|Dire Claw|p2a: Electabuzz
|-resisted|p2a: Electabuzz
|-damage|p2a: Electabuzz|0 fnt
|faint|p2a: Electabuzz
|move|p2b: Gliscor|High Horsepower|p1b: Ursaluna
|-supereffective|p1b: Ursaluna
|-damage|p1b: Ursaluna|34/100
|move|p1b: Ursaluna|Blood Moon|p2b: Gliscor
|-damage|p2b: Gliscor|0 fnt
|faint|p2b: Gliscor
|
|-heal|p1b: Ursaluna|41/100|[from] item: Leftovers
|upkeep
|
|t:|1757631213
|switch|p2b: Gholdengo|Gholdengo, L50|100/100
|turn|6
|-message|pagoose chase forfeited.
|
|win|starling01
||pagoose chase is ready for game 2.
||starling01 is ready for game 2.
|uhtml|next|Next: Game 2 of 3
