|j|☆CALAMELLA
|j|☆BravitoRito
|html|CALAMELLABravitoRito    
|uhtml|bestof|Game 3 of a best-of-3
|t:|1782228387
|gametype|doubles
|player|p1|CALAMELLA|li|1113
|player|p2|BravitoRito|striker|1103
|gen|9
|tier|[Gen 9 Champions] VGC 2026 Reg M-B (Bo3)
|rated|
|rule|Species Clause: Limit one of each Pokémon
|rule|Item Clause: Limit 1 of each item
|clearpoke
|poke|p1|Archaludon, L50, F|
|poke|p1|Pelipper, L50, M|
|poke|p1|Grimmsnarl, L50, M|
|poke|p1|Sylveon, L50, M|
|poke|p1|Metagross, L50|
|poke|p1|Swampert, L50, M|
|poke|p2|Dragonite, L50, F|
|poke|p2|Basculegion, L50, M|
|poke|p2|Scizor, L50, M|
|poke|p2|Archaludon, L50, F|
|poke|p2|Pelipper, L50, M|
|poke|p2|Incineroar, L50, F|
|teampreview|4
|showteam|p1|Archaludon||Leftovers|Stamina|Protect,ElectroShot,DragonPulse,AuraSphere|Modest||F|||50|]Pelipper||DampRock|Drizzle|WeatherBall,Hurricane,WideGuard,Tailwind|Modest||M|||50|]Grimmsnarl||LightClay|Prankster|SpiritBreak,LightScreen,Reflect,PartingShot|Careful||M|||50|]Sylveon||FairyFeather|Pixilate|HyperVoice,HyperBeam,QuickAttack,Detect|Modest||M|||50|]Metagross||Metagrossite|ClearBody|IronHead,RockSlide,PsychicFangs,Protect|Adamant|||||50|]Swampert||Swampertite|Torrent|WaveCrash,Earthquake,RockTomb,Protect|Adamant||M|||50|
|showteam|p2|Dragonite||Dragoninite|InnerFocus|DragonPulse,Flamethrower,Tailwind,Protect|Timid||F|||50|]Basculegion||ChoiceScarf|Adaptability|WaveCrash,LastRespects,AquaJet,FlipTurn|Jolly||M|||50|]Scizor||Scizorite|Technician|BulletPunch,CloseCombat,SwordsDance,Protect|Adamant||M|||50|]Archaludon||ChopleBerry|Stamina|ElectroShot,DragonPulse,AuraSphere,Protect|Timid||F|||50|]Pelipper||FocusSash|Drizzle|Hurricane,WeatherBall,Tailwind,Protect|Bold||M|||50|]Incineroar||SitrusBerry|Intimidate|FakeOut,FlareBlitz,ThroatChop,PartingShot|Adamant||F|||50|
|inactive|Battle timer is ON: inactive players will automatically lose when time's up. (requested by BravitoRito)
|
|t:|1782228418
|teamsize|p1|4
|teamsize|p2|4
|start
|switch|p1a: Sylveon|Sylveon, L50, M|100/100
|switch|p1b: Grimmsnarl|Grimmsnarl, L50, M|100/100
|switch|p2a: Scizor|Scizor, L50, M|100/100
|switch|p2b: Dragonite|Dragonite, L50, F|100/100
|turn|1
|inactive|BravitoRito has 30 seconds left.
|
|t:|1782228453
|switch|p1a: Archaludon|Archaludon, L50, F|100/100
|detailschange|p2a: Scizor|Scizor-Mega, L50, M
|-mega|p2a: Scizor|Scizor|Scizorite
|move|p1b: Grimmsnarl|Reflect|p1b: Grimmsnarl
|-sidestart|p1: CALAMELLA|Reflect
|move|p2b: Dragonite|Tailwind|p2b: Dragonite
|-sidestart|p2: BravitoRito|move: Tailwind
|move|p2a: Scizor|Swords Dance|p2a: Scizor
|-boost|p2a: Scizor|atk|2
|
|upkeep
|turn|2
|
|t:|1782228476
|move|p2a: Scizor|Bullet Punch|p1b: Grimmsnarl
|-supereffective|p1b: Grimmsnarl|1
|-damage|p1b: Grimmsnarl|0 fnt
|faint|p1b: Grimmsnarl
|move|p2b: Dragonite|Flamethrower|p1a: Archaludon
|-damage|p1a: Archaludon|69/100
|-ability|p1a: Archaludon|Stamina|boost
|-boost|p1a: Archaludon|def|1
|move|p1a: Archaludon|Dragon Pulse|p2b: Dragonite
|-supereffective|p2b: Dragonite|1
|-damage|p2b: Dragonite|10/100
|
|-heal|p1a: Archaludon|75/100|[from] item: Leftovers
|upkeep
|
|t:|1782228486
|switch|p1b: Swampert|Swampert, L50, M|100/100
|turn|3
|
|t:|1782228503
|detailschange|p1b: Swampert|Swampert-Mega, L50, M
|-mega|p1b: Swampert|Swampert|Swampertite
|move|p2b: Dragonite|Dragon Pulse|p1b: Swampert
|-damage|p1b: Swampert|67/100
|move|p2a: Scizor|Close Combat|p1a: Archaludon
|-supereffective|p1a: Archaludon|1
|-damage|p1a: Archaludon|15/100
|-unboost|p2a: Scizor|def|1
|-unboost|p2a: Scizor|spd|1
|-ability|p1a: Archaludon|Stamina|boost
|-boost|p1a: Archaludon|def|1
|move|p1a: Archaludon|Aura Sphere|p2a: Scizor
|-damage|p2a: Scizor|58/100
|move|p1b: Swampert|Wave Crash|p2a: Scizor
|-crit|p2a: Scizor
|-damage|p2a: Scizor|0 fnt
|faint|p2a: Scizor
|-damage|p1b: Swampert|49/100|[from] Recoil
|
|-heal|p1a: Archaludon|21/100|[from] item: Leftovers
|upkeep
|inactive|BravitoRito has 30 seconds left.
|
|t:|1782228532
|switch|p2a: Incineroar|Incineroar, L50, F|100/100
|-ability|p2a: Incineroar|Intimidate|boost
|-unboost|p1a: Archaludon|atk|1
|-unboost|p1b: Swampert|atk|1
|turn|4
|
|t:|1782228540
|switch|p1b: Sylveon|Sylveon, L50, M|100/100
|move|p1a: Archaludon|Protect|p1a: Archaludon
|-singleturn|p1a: Archaludon|Protect
|move|p2a: Incineroar|Fake Out|p1b: Sylveon
|-damage|p1b: Sylveon|90/100
|move|p2b: Dragonite|Flamethrower|p1a: Archaludon
|-activate|p1a: Archaludon|move: Protect
|
|-heal|p1a: Archaludon|27/100|[from] item: Leftovers
|-sideend|p2: BravitoRito|move: Tailwind
|upkeep
|turn|5
|
|t:|1782228551
|move|p2b: Dragonite|Protect|p2b: Dragonite
|-singleturn|p2b: Dragonite|Protect
|move|p1b: Sylveon|Quick Attack|p2b: Dragonite
|-activate|p2b: Dragonite|move: Protect
|move|p1a: Archaludon|Aura Sphere|p2a: Incineroar
|-supereffective|p2a: Incineroar|1
|-damage|p2a: Incineroar|52/100
|move|p2a: Incineroar|Parting Shot|p1b: Sylveon
|-unboost|p1b: Sylveon|atk|1
|-unboost|p1b: Sylveon|spa|1
|
|t:|1782228562
|switch|p2a: Basculegion|Basculegion, L50, M|100/100|[from] Parting Shot
|
|-heal|p1a: Archaludon|33/100|[from] item: Leftovers
|upkeep
|turn|6
|inactive|BravitoRito has 30 seconds left.
|inactive|BravitoRito has 20 seconds left.
|inactive|BravitoRito has 15 seconds left.
|inactive|CALAMELLA has 30 seconds left.
|inactive|BravitoRito has 10 seconds left.
|
|t:|1782228616
|move|p1a: Archaludon|Protect|p1a: Archaludon
|-singleturn|p1a: Archaludon|Protect
|move|p1b: Sylveon|Detect|p1b: Sylveon
|-singleturn|p1b: Sylveon|Protect
|move|p2a: Basculegion|Last Respects|p1b: Sylveon
|-activate|p1b: Sylveon|move: Protect
|move|p2b: Dragonite|Flamethrower|p1a: Archaludon
|-activate|p1a: Archaludon|move: Protect
|
|-heal|p1a: Archaludon|39/100|[from] item: Leftovers
|upkeep
|turn|7
|
|t:|1782228639
|move|p2a: Basculegion|Last Respects|p1b: Sylveon
|-damage|p1b: Sylveon|45/100
|move|p2b: Dragonite|Flamethrower|p1a: Archaludon
|-damage|p1a: Archaludon|9/100
|-ability|p1a: Archaludon|Stamina|boost
|-boost|p1a: Archaludon|def|1
|move|p1a: Archaludon|Dragon Pulse|p2a: Basculegion
|-damage|p2a: Basculegion|52/100
|move|p1b: Sylveon|Hyper Voice|p2b: Dragonite|[spread] p2a,p2b
|-supereffective|p2b: Dragonite|1
|-damage|p2a: Basculegion|20/100y
|-damage|p2b: Dragonite|0 fnt
|faint|p2b: Dragonite
|
|-heal|p1a: Archaludon|15/100|[from] item: Leftovers
|upkeep
|
|t:|1782228650
|switch|p2b: Incineroar|Incineroar, L50, F|52/100
|-ability|p2b: Incineroar|Intimidate|boost
|-unboost|p1a: Archaludon|atk|1
|-unboost|p1b: Sylveon|atk|1
|turn|8
|
|t:|1782228669
|switch|p1b: Swampert|Swampert-Mega, L50, M|49/100
|move|p1a: Archaludon|Protect|p1a: Archaludon
|-singleturn|p1a: Archaludon|Protect
|move|p2b: Incineroar|Fake Out|p1b: Swampert
|-damage|p1b: Swampert|41/100
|move|p2a: Basculegion|Last Respects|p1a: Archaludon
|-activate|p1a: Archaludon|move: Protect
|
|-heal|p1a: Archaludon|21/100|[from] item: Leftovers
|-sideend|p1: CALAMELLA|Reflect
|upkeep
|turn|9
|
|t:|1782228685
|move|p2a: Basculegion|Last Respects|p1b: Swampert
|-damage|p1b: Swampert|0 fnt
|faint|p1b: Swampert
|move|p1a: Archaludon|Dragon Pulse|p2a: Basculegion
|-crit|p2a: Basculegion
|-damage|p2a: Basculegion|0 fnt
|faint|p2a: Basculegion
|move|p2b: Incineroar|Flare Blitz|p1a: Archaludon
|-damage|p1a: Archaludon|3/100
|-ability|p1a: Archaludon|Stamina|boost
|-boost|p1a: Archaludon|def|1
|-damage|p2b: Incineroar|46/100|[from] Recoil
|-enditem|p2b: Incineroar|Sitrus Berry|[eat]
|-heal|p2b: Incineroar|71/100|[from] item: Sitrus Berry
|
|-heal|p1a: Archaludon|9/100|[from] item: Leftovers
|upkeep
|
|t:|1782228689
|switch|p1b: Sylveon|Sylveon, L50, M|45/100
|turn|10
|
|t:|1782228700
|move|p1a: Archaludon|Aura Sphere|p2b: Incineroar
|-supereffective|p2b: Incineroar|1
|-damage|p2b: Incineroar|23/100
|move|p1b: Sylveon|Hyper Beam|p2b: Incineroar
|-damage|p2b: Incineroar|0 fnt
|-mustrecharge|p1b: Sylveon
|faint|p2b: Incineroar
|
|win|CALAMELLA
|raw|CALAMELLA's rating: 1113 → 1137(+24 for winning)
|raw|BravitoRito's rating: 1103 → 1079(-24 for losing)
|c|☆CALAMELLA|ggs
|l|☆BravitoRito
|player|p2|
