|j|☆Rah999
|j|☆tera opsec
|html|Rah999tera opsec    
|uhtml|bestof|Game 3 of a best-of-3
|t:|1756965158
|gametype|doubles
|player|p1|Rah999|cynthia|1070
|player|p2|tera opsec|ogreclan|1040
|gen|9
|tier|[Gen 9] VGC 2025 Reg H (Bo3)
|rated|
|rule|Species Clause: Limit one of each Pokémon
|rule|Item Clause: Limit 1 of each item
|clearpoke
|poke|p1|Kingambit, L50, F|
|poke|p1|Dragapult, L50, F|
|poke|p1|Sneasler, L50, M|
|poke|p1|Primarina, L50, F|
|poke|p1|Rillaboom, L50, F|
|poke|p1|Magmar, L50, M|
|poke|p2|Gallade, L50, M|
|poke|p2|Indeedee-F, L50, F|
|poke|p2|Incineroar, L50, F|
|poke|p2|Amoonguss, L50, F|
|poke|p2|Rhyperior, L50, M|
|poke|p2|Milotic, L50, M|
|teampreview|4
|showteam|p1|Kingambit||BlackGlasses|Defiant|KowtowCleave,SuckerPunch,SwordsDance,Protect|||F|||50|,,,,,Ghost]Dragapult||ChoiceBand|ClearBody|DragonDarts,TeraBlast,PhantomForce,Uturn|||F|||50|,,,,,Ghost]Sneasler||FocusSash|Unburden|DireClaw,CloseCombat,FakeOut,Protect|||M|||50|,,,,,Stellar]Primarina||SitrusBerry|LiquidVoice|HyperVoice,Moonblast,Haze,Protect|||F|||50|,,,,,Water]Rillaboom||AssaultVest|GrassySurge|WoodHammer,GrassyGlide,FakeOut,HighHorsepower|||F|||50|,,,,,Fire]Magmar||Eviolite|VitalSpirit|Overheat,WillOWisp,FollowMe,Protect|||M|||50|,,,,,Ghost
|showteam|p2|Gallade||LifeOrb|Sharpness|WideGuard,PsychoCut,SacredSword,LeafBlade|||M|||50|,,,,,Ghost]Indeedee-F||PsychicSeed|PsychicSurge|FollowMe,TrickRoom,Imprison,AlluringVoice|||F|||50|,,,,,Fairy]Incineroar||SafetyGoggles|Intimidate|FakeOut,KnockOff,FlareBlitz,PartingShot|||F|||50|,,,,,Ghost]Amoonguss||SitrusBerry|EffectSpore|RagePowder,Spore,PollenPuff,ClearSmog|||F|||50|,,,,,Water]Rhyperior||ClearAmulet|SolidRock|Protect,HighHorsepower,RockSlide,HammerArm|||M|||50|,,,,,Grass]Milotic||Leftovers|Competitive|Recover,Coil,MuddyWater,IceBeam|||M|||50|,,,,,Dragon
|inactive|Battle timer is ON: inactive players will automatically lose when time's up. (requested by tera opsec)
|
|t:|1756965203
|teamsize|p1|4
|teamsize|p2|4
|start
|switch|p1a: Sneasler|Sneasler, L50, M|100/100
|switch|p1b: Dragapult|Dragapult, L50, F, shiny|100/100
|switch|p2a: Amoonguss|Amoonguss, L50, F|100/100
|switch|p2b: Indeedee|Indeedee-F, L50, F|100/100
|-fieldstart|move: Psychic Terrain|[from] ability: Psychic Surge|[of] p2b: Indeedee
|-enditem|p2b: Indeedee|Psychic Seed
|-boost|p2b: Indeedee|spd|1|[from] item: Psychic Seed
|turn|1
|inactive|Rah999 has 30 seconds left.
|inactive|Rah999 has 20 seconds left.
|inactive|Rah999 has 15 seconds left.
|inactive|Rah999 has 10 seconds left.
|inactive|Rah999 has 5 seconds left.
|
|t:|1756965256
|move|p1a: Sneasler|Fake Out|p2a: Amoonguss
|-activate|p2a: Amoonguss|move: Psychic Terrain
|move|p1b: Dragapult|U-turn|p2b: Indeedee
|-supereffective|p2b: Indeedee
|-damage|p2b: Indeedee|30/100
|
|t:|1756965262
|switch|p1b: Magmar|Magmar, L50, M|100/100|[from] U-turn
|move|p2a: Amoonguss|Spore|p1b: Magmar
|-immune|p1b: Magmar|[from] ability: Vital Spirit
|move|p2b: Indeedee|Trick Room|p2b: Indeedee
|-fieldstart|move: Trick Room|[of] p2b: Indeedee
|
|upkeep
|turn|2
|inactive|Rah999 has 30 seconds left.
|inactive|tera opsec has 30 seconds left.
|
|t:|1756965296
|switch|p2a: Milotic|Milotic, L50, M|100/100
|-terastallize|p1a: Sneasler|Stellar
|move|p1b: Magmar|Follow Me|p1b: Magmar
|-singleturn|p1b: Magmar|move: Follow Me
|move|p2b: Indeedee|Alluring Voice|p1b: Magmar
|-resisted|p1b: Magmar
|-damage|p1b: Magmar|94/100
|move|p1a: Sneasler|Dire Claw|p2a: Milotic
|-damage|p2a: Milotic|43/100
|-status|p2a: Milotic|par
|
|-heal|p2a: Milotic|49/100 par|[from] item: Leftovers
|upkeep
|turn|3
|
|t:|1756965318
|move|p1b: Magmar|Follow Me|p1b: Magmar
|-singleturn|p1b: Magmar|move: Follow Me
|cant|p2a: Milotic|par
|move|p2b: Indeedee|Alluring Voice|p1b: Magmar
|-resisted|p1b: Magmar
|-crit|p1b: Magmar
|-damage|p1b: Magmar|84/100
|move|p1a: Sneasler|Dire Claw|p2a: Milotic
|-damage|p2a: Milotic|9/100 par
|
|-heal|p2a: Milotic|15/100 par|[from] item: Leftovers
|upkeep
|turn|4
|
|t:|1756965334
|move|p2b: Indeedee|Follow Me|p2b: Indeedee
|-singleturn|p2b: Indeedee|move: Follow Me
|move|p1b: Magmar|Follow Me|p1b: Magmar
|-singleturn|p1b: Magmar|move: Follow Me
|move|p2a: Milotic|Muddy Water|p1a: Sneasler|[spread] p1a,p1b
|-supereffective|p1b: Magmar
|-damage|p1a: Sneasler|68/100
|-damage|p1b: Magmar|46/100
|move|p1a: Sneasler|Dire Claw|p2b: Indeedee
|-damage|p2b: Indeedee|0 fnt
|faint|p2b: Indeedee
|
|-heal|p2a: Milotic|21/100 par|[from] item: Leftovers
|upkeep
|
|t:|1756965343
|switch|p2b: Amoonguss|Amoonguss, L50, F|100/100
|turn|5
|
|t:|1756965356
|move|p1b: Magmar|Protect|p1b: Magmar
|-singleturn|p1b: Magmar|Protect
|move|p1a: Sneasler|Protect|p1a: Sneasler
|-singleturn|p1a: Sneasler|Protect
|move|p2b: Amoonguss|Rage Powder|p2b: Amoonguss
|-singleturn|p2b: Amoonguss|move: Rage Powder
|move|p2a: Milotic|Recover|p2a: Milotic
|-heal|p2a: Milotic|71/100 par
|
|-heal|p2a: Milotic|77/100 par|[from] item: Leftovers
|-fieldend|move: Trick Room
|-fieldend|move: Psychic Terrain
|upkeep
|turn|6
|
|t:|1756965371
|move|p1b: Magmar|Follow Me|p1b: Magmar
|-singleturn|p1b: Magmar|move: Follow Me
|move|p1a: Sneasler|Close Combat|p2a: Milotic
|-damage|p2a: Milotic|0 fnt
|-unboost|p1a: Sneasler|def|1
|-unboost|p1a: Sneasler|spd|1
|faint|p2a: Milotic
|move|p2b: Amoonguss|Pollen Puff|p1b: Magmar
|-resisted|p1b: Magmar
|-damage|p1b: Magmar|39/100
|
|upkeep
|
|t:|1756965373
|switch|p2a: Gallade|Gallade, L50, M, shiny|100/100
|turn|7
|
|t:|1756965393
|move|p1b: Magmar|Follow Me|p1b: Magmar
|-singleturn|p1b: Magmar|move: Follow Me
|move|p1a: Sneasler|Dire Claw|p2a: Gallade
|-damage|p2a: Gallade|38/100
|move|p2a: Gallade|Psycho Cut|p1b: Magmar
|-damage|p1b: Magmar|0 fnt
|faint|p1b: Magmar
|-damage|p2a: Gallade|28/100|[from] item: Life Orb
|move|p2b: Amoonguss|Spore|p1a: Sneasler
|-status|p1a: Sneasler|slp|[from] move: Spore
|
|upkeep
|
|t:|1756965416
|switch|p1b: Dragapult|Dragapult, L50, F, shiny|100/100
|turn|8
|inactive|Rah999 has 30 seconds left.
|
|t:|1756965445
|move|p2b: Amoonguss|Rage Powder|p2b: Amoonguss
|-singleturn|p2b: Amoonguss|move: Rage Powder
|move|p1b: Dragapult|Dragon Darts|p2b: Amoonguss
|-damage|p2b: Amoonguss|73/100
|-anim|p1b: Dragapult|Dragon Darts|p2b: Amoonguss
|-damage|p2b: Amoonguss|43/100
|-enditem|p2b: Amoonguss|Sitrus Berry|[eat]
|-heal|p2b: Amoonguss|68/100|[from] item: Sitrus Berry
|cant|p1a: Sneasler|slp
|move|p2a: Gallade|Psycho Cut|p1b: Dragapult
|-damage|p1b: Dragapult|0 fnt
|faint|p1b: Dragapult
|-damage|p2a: Gallade|19/100|[from] item: Life Orb
|
|upkeep
|
|t:|1756965459
|switch|p1b: Primarina|Primarina, L50, F|100/100
|turn|9
|inactive|tera opsec has 30 seconds left.
|inactive|Rah999 has 30 seconds left.
|inactive|tera opsec has 20 seconds left.
|inactive|tera opsec has 15 seconds left.
|
|t:|1756965500
|move|p2b: Amoonguss|Rage Powder|p2b: Amoonguss
|-singleturn|p2b: Amoonguss|move: Rage Powder
|-curestatus|p1a: Sneasler|slp|[msg]
|move|p1a: Sneasler|Dire Claw|p2b: Amoonguss
|-damage|p2b: Amoonguss|38/100
|move|p2a: Gallade|Leaf Blade|p1b: Primarina
|-supereffective|p1b: Primarina
|-damage|p1b: Primarina|0 fnt
|faint|p1b: Primarina
|-damage|p2a: Gallade|9/100|[from] item: Life Orb
|
|upkeep
|turn|10
|c|☆tera opsec|gg
|
|t:|1756965518
|move|p1a: Sneasler|Protect|p1a: Sneasler
|-singleturn|p1a: Sneasler|Protect
|move|p2b: Amoonguss|Rage Powder|p2b: Amoonguss
|-singleturn|p2b: Amoonguss|move: Rage Powder
|move|p2a: Gallade|Psycho Cut|p1a: Sneasler
|-activate|p1a: Sneasler|move: Protect
|
|upkeep
|turn|11
|
|t:|1756965529
|move|p2b: Amoonguss|Rage Powder|p2b: Amoonguss
|-singleturn|p2b: Amoonguss|move: Rage Powder
|move|p1a: Sneasler|Dire Claw|p2b: Amoonguss
|-damage|p2b: Amoonguss|6/100
|-status|p2b: Amoonguss|par
|move|p2a: Gallade|Psycho Cut|p1a: Sneasler
|-supereffective|p1a: Sneasler
|-crit|p1a: Sneasler
|-damage|p1a: Sneasler|0 fnt
|faint|p1a: Sneasler
|-damage|p2a: Gallade|0 fnt|[from] item: Life Orb
|faint|p2a: Gallade
|
|win|tera opsec
|raw|Rah999's rating: 1070 → 1048(-22 for losing)
|raw|tera opsec's rating: 1040 → 1077(+37 for winning)
