|j|☆steelag0
|j|☆1Manuel1410
|html|steelag01Manuel1410    
|uhtml|bestof|Game 2 of a best-of-3
|t:|1782408622
|gametype|doubles
|player|p1|steelag0|policeman-gen4|1103
|player|p2|1Manuel1410|palmer|1203
|gen|9
|tier|[Gen 9 Champions] VGC 2026 Reg M-B (Bo3)
|rated|
|rule|Species Clause: Limit one of each Pokémon
|rule|Item Clause: Limit 1 of each item
|clearpoke
|poke|p1|Hydreigon, L50, F|
|poke|p1|Garchomp, L50, M|
|poke|p1|Metagross, L50|
|poke|p1|Charizard, L50, M|
|poke|p1|Grimmsnarl, L50, M|
|poke|p1|Toxapex, L50, M|
|poke|p2|Eelektross, L50, M|
|poke|p2|Espathra, L50, F|
|poke|p2|Gholdengo, L50|
|poke|p2|Garchomp, L50, F|
|poke|p2|Incineroar, L50, F|
|poke|p2|Sylveon, L50, F|
|teampreview|4
|showteam|p1|Hydreigon||ChoiceScarf|Levitate|HeatWave,DarkPulse,DracoMeteor,Snarl|Modest||F|||50|]Garchomp||SitrusBerry|RoughSkin|Earthquake,RockSlide,DragonClaw,Protect|Adamant||M|||50|]Metagross||Metagrossite|ClearBody|IronHead,PsychicFangs,BulletPunch,Protect|Adamant|||||50|]Charizard||CharizarditeY|Blaze|Protect,HeatWave,SolarBeam,WeatherBall|Timid||M|||50|]Grimmsnarl||RoseliBerry|Prankster|FakeOut,FoulPlay,Reflect,PartingShot|Sassy||M|||50|]Toxapex||Leftovers|Regenerator|Infestation,Toxic,BanefulBunker,WideGuard|Bold||M|||50|
|showteam|p2|Eelektross||Eelektrossite|Levitate|Protect,Thunderbolt,GigaDrain,DragonPulse|Timid||M|||50|]Espathra||FocusSash|SpeedBoost|Protect,CalmMind,BatonPass,LuminaCrash|Timid||F|||50|]Gholdengo||LifeOrb|GoodasGold|Protect,ShadowBall,MakeItRain,NastyPlot|Timid|||||50|]Garchomp||SoftSand|RoughSkin|Protect,Earthquake,StompingTantrum,DragonClaw|Jolly||F|||50|]Incineroar||SitrusBerry|Intimidate|FakeOut,FlareBlitz,PartingShot,DarkestLariat|Impish||F|||50|]Sylveon||FairyFeather|Pixilate|Protect,Moonblast,HyperVoice,HyperBeam|Modest||F|||50|
|inactive|Battle timer is ON: inactive players will automatically lose when time's up. (requested by 1Manuel1410)
|inactive|steelag0 has 60 seconds left.
|inactive|1Manuel1410 has 60 seconds left.
|
|t:|1782408669
|teamsize|p1|4
|teamsize|p2|4
|start
|switch|p1a: Toxapex|Toxapex, L50, M|100/100
|switch|p1b: Metagross|Metagross, L50|100/100
|switch|p2a: Incineroar|Incineroar, L50, F|100/100
|switch|p2b: Espathra|Espathra, L50, F|100/100
|-ability|p2a: Incineroar|Intimidate|boost
|-unboost|p1a: Toxapex|atk|1
|-fail|p1b: Metagross|unboost|[from] ability: Clear Body|[of] p1b: Metagross
|turn|1
|
|t:|1782408698
|detailschange|p1b: Metagross|Metagross-Mega, L50
|-mega|p1b: Metagross|Metagross|Metagrossite
|move|p2a: Incineroar|Fake Out|p1b: Metagross
|-resisted|p1b: Metagross|1
|-damage|p1b: Metagross|96/100
|move|p2b: Espathra|Calm Mind|p2b: Espathra
|-boost|p2b: Espathra|spa|1
|-boost|p2b: Espathra|spd|1
|cant|p1b: Metagross|flinch
|move|p1a: Toxapex|Toxic|p2b: Espathra
|-status|p2b: Espathra|tox
|
|-damage|p2b: Espathra|94/100 tox|[from] psn
|-ability|p2b: Espathra|Speed Boost|boost
|-boost|p2b: Espathra|spe|1
|upkeep
|turn|2
|inactive|steelag0 has 30 seconds left.
|
|t:|1782408725
|move|p2b: Espathra|Baton Pass|p2b: Espathra
|
|t:|1782408727
|switch|p2b: Gholdengo|Gholdengo, L50|100/100|[from] Baton Pass
|move|p1b: Metagross|Iron Head|p2b: Gholdengo
|-resisted|p2b: Gholdengo|1
|-damage|p2b: Gholdengo|65/100
|move|p2a: Incineroar|Darkest Lariat|p1b: Metagross
|-supereffective|p1b: Metagross|1
|-crit|p1b: Metagross
|-damage|p1b: Metagross|34/100
|move|p1a: Toxapex|Infestation|p2b: Gholdengo
|-resisted|p2b: Gholdengo|2
|-damage|p2b: Gholdengo|64/100
|-activate|p2b: Gholdengo|move: Infestation|[of] p1a: Toxapex
|
|-damage|p2b: Gholdengo|52/100|[from] move: Infestation|[partiallytrapped]
|upkeep
|turn|3
|
|t:|1782408744
|move|p1b: Metagross|Protect|p1b: Metagross
|-singleturn|p1b: Metagross|Protect
|move|p2b: Gholdengo|Shadow Ball|p1a: Toxapex
|-crit|p1a: Toxapex
|-damage|p1a: Toxapex|7/100
|-damage|p2b: Gholdengo|42/100|[from] item: Life Orb
|move|p2a: Incineroar|Darkest Lariat|p1b: Metagross
|-activate|p1b: Metagross|move: Protect
|move|p1a: Toxapex|Toxic|p2a: Incineroar
|-status|p2a: Incineroar|tox
|
|-heal|p1a: Toxapex|12/100|[from] item: Leftovers
|-damage|p2a: Incineroar|94/100 tox|[from] psn
|-damage|p2b: Gholdengo|30/100|[from] move: Infestation|[partiallytrapped]
|upkeep
|turn|4
|
|t:|1782408765
|move|p1b: Metagross|Bullet Punch|p2b: Gholdengo
|-resisted|p2b: Gholdengo|1
|-damage|p2b: Gholdengo|12/100
|move|p2b: Gholdengo|Shadow Ball|p1b: Metagross
|-supereffective|p1b: Metagross|1
|-damage|p1b: Metagross|0 fnt
|faint|p1b: Metagross
|-damage|p2b: Gholdengo|3/100|[from] item: Life Orb
|move|p2a: Incineroar|Darkest Lariat|p1a: Toxapex
|-damage|p1a: Toxapex|0 fnt
|faint|p1a: Toxapex
|
|-damage|p2a: Incineroar|82/100 tox|[from] psn
|-end|p2b: Gholdengo|Infestation|[partiallytrapped]|[silent]
|upkeep
|
|t:|1782408784
|switch|p1b: Garchomp|Garchomp, L50, M|100/100
|switch|p1a: Hydreigon|Hydreigon, L50, F|100/100
|turn|5
|inactive|steelag0 has 30 seconds left.
|
|t:|1782408811
|move|p2b: Gholdengo|Protect|p2b: Gholdengo
|-singleturn|p2b: Gholdengo|Protect
|move|p1a: Hydreigon|Dark Pulse|p2b: Gholdengo
|-activate|p2b: Gholdengo|move: Protect
|move|p1b: Garchomp|Earthquake|p2a: Incineroar|[spread] p2a
|-activate|p2b: Gholdengo|move: Protect
|-immune|p1a: Hydreigon|[from] ability: Levitate
|-supereffective|p2a: Incineroar|1
|-damage|p2a: Incineroar|19/100 tox
|-enditem|p2a: Incineroar|Sitrus Berry|[eat]
|-heal|p2a: Incineroar|44/100 tox|[from] item: Sitrus Berry
|move|p2a: Incineroar|Parting Shot|p1b: Garchomp
|-unboost|p1b: Garchomp|atk|1
|-unboost|p1b: Garchomp|spa|1
|
|t:|1782408822
|switch|p2a: Eelektross|Eelektross, L50, M|100/100|[from] Parting Shot
|
|upkeep
|turn|6
|
|t:|1782408834
|switch|p2b: Incineroar|Incineroar, L50, F|44/100 tox
|-ability|p2b: Incineroar|Intimidate|boost
|-unboost|p1a: Hydreigon|atk|1
|-unboost|p1b: Garchomp|atk|1
|detailschange|p2a: Eelektross|Eelektross-Mega, L50, M
|-mega|p2a: Eelektross|Eelektross|Eelektrossite
|move|p1a: Hydreigon|Dark Pulse|p2a: Eelektross
|-crit|p2a: Eelektross
|-damage|p2a: Eelektross|23/100
|cant|p2a: Eelektross|flinch
|move|p1b: Garchomp|Dragon Claw|p2b: Incineroar
|-crit|p2b: Incineroar
|-damage|p2b: Incineroar|0 fnt
|faint|p2b: Incineroar
|
|upkeep
|
|t:|1782408848
|switch|p2b: Espathra|Espathra, L50, F|94/100 tox
|turn|7
|
|t:|1782408860
|move|p1a: Hydreigon|Dark Pulse|p2b: Espathra
|-supereffective|p2b: Espathra|1
|-damage|p2b: Espathra|0 fnt
|faint|p2b: Espathra
|move|p2a: Eelektross|Dragon Pulse|p1a: Hydreigon
|-supereffective|p1a: Hydreigon|1
|-damage|p1a: Hydreigon|28/100
|move|p1b: Garchomp|Rock Slide|p2a: Eelektross
|-damage|p2a: Eelektross|4/100
|
|upkeep
|
|t:|1782408866
|switch|p2b: Gholdengo|Gholdengo, L50|3/100
|turn|8
|
|t:|1782408884
|move|p2a: Eelektross|Protect|p2a: Eelektross
|-singleturn|p2a: Eelektross|Protect
|move|p1a: Hydreigon|Dark Pulse|p2a: Eelektross
|-activate|p2a: Eelektross|move: Protect
|move|p2b: Gholdengo|Make It Rain|p1a: Hydreigon|[spread] p1a,p1b
|-damage|p1a: Hydreigon|0 fnt
|-damage|p1b: Garchomp|41/100
|-unboost|p2b: Gholdengo|spa|2
|-enditem|p1b: Garchomp|Sitrus Berry|[eat]
|-heal|p1b: Garchomp|66/100|[from] item: Sitrus Berry
|faint|p1a: Hydreigon
|-damage|p2b: Gholdengo|0 fnt|[from] item: Life Orb
|faint|p2b: Gholdengo
|move|p1b: Garchomp|Dragon Claw|p2a: Eelektross
|-activate|p2a: Eelektross|move: Protect
|
|upkeep
|turn|9
|
|t:|1782408902
|move|p1b: Garchomp|Protect|p1b: Garchomp
|-singleturn|p1b: Garchomp|Protect
|move|p2a: Eelektross|Dragon Pulse|p1b: Garchomp
|-activate|p1b: Garchomp|move: Protect
|
|upkeep
|turn|10
|c|☆1Manuel1410|Why is your garchomp that slow?
|
|t:|1782408918
|move|p2a: Eelektross|Dragon Pulse|p1b: Garchomp
|-supereffective|p1b: Garchomp|1
|-damage|p1b: Garchomp|10/100
|move|p1b: Garchomp|Dragon Claw|p2a: Eelektross
|-damage|p2a: Eelektross|0 fnt
|faint|p2a: Eelektross
|
|win|steelag0
||1Manuel1410 is ready for game 3.
|inactive|steelag0 has 30 seconds to confirm battle start!
|inactive|steelag0 has 20 seconds to confirm battle start!
