|j|☆brandon12m
|j|☆chrispygreens
|html|brandon12mchrispygreens    
|uhtml|bestof|Game 2 of a best-of-3
|t:|1757020229
|gametype|doubles
|player|p1|brandon12m|1|1000
|player|p2|chrispygreens|palmer|1019
|gen|9
|tier|[Gen 9] VGC 2025 Reg H (Bo3)
|rated|
|rule|Species Clause: Limit one of each Pokémon
|rule|Item Clause: Limit 1 of each item
|clearpoke
|poke|p1|Primeape, L50, F|
|poke|p1|Smeargle, L50, M|
|poke|p1|Krookodile, L50, F|
|poke|p1|Cryogonal, L50|
|poke|p1|Gholdengo, L50|
|poke|p1|Whimsicott, L50, M|
|poke|p2|Incineroar, L50, F|
|poke|p2|Amoonguss, L50, F|
|poke|p2|Archaludon, L50, F|
|poke|p2|Blaziken, L50, M|
|poke|p2|Salamence, L50, M|
|poke|p2|Grimmsnarl, L50, M|
|teampreview|4
|showteam|p1|Primeape||Eviolite|AngerPoint|DrainPunch,RageFist,Taunt,Protect|||F|||50|,,,,,Ghost]Smeargle||FocusSash|Moody|FakeOut,FollowMe,Spore,WickedBlow|||M|||50|,,,,,Ghost]Krookodile||AssaultVest|AngerPoint|Earthquake,HighHorsepower,PowerTrip,RockSlide|||F|||50|,,,,,Fire]Cryogonal||CovertCloak|Levitate|FrostBreath,IcyWind,Haze,FreezeDry||||||50|,,,,,Fairy]Gholdengo||WeaknessPolicy|GoodasGold|MakeItRain,ShadowBall,NastyPlot,Protect||||||50|,,,,,Water]Whimsicott||ScopeLens|Prankster|Tailwind,Taunt,BeatUp,Moonblast|||M|||50|,,,,,Ghost
|showteam|p2|Incineroar||SafetyGoggles|Intimidate|FlareBlitz,FakeOut,KnockOff,PartingShot|||F|||50|,,,,,Bug]Amoonguss||SitrusBerry|Regenerator|Spore,SludgeBomb,RagePowder,Toxic|||F|||50|,,,,,Dark]Archaludon||PowerHerb|Stamina|ElectroShot,DragonPulse,BodyPress,FlashCannon|||F|||50|,,,,,Fighting]Blaziken||LifeOrb|SpeedBoost|FlareBlitz,BraveBird,CloseCombat,Protect|||M|||50|,,,,,Flying]Salamence||EjectButton|Intimidate|IronHead,DualWingbeat,Outrage,Tailwind|||M|||50|,,,,,Steel]Grimmsnarl||LightClay|Prankster|LightScreen,Reflect,SpiritBreak,PartingShot|||M|||50|,,,,,Fairy
|inactive|Battle timer is ON: inactive players will automatically lose when time's up. (requested by chrispygreens)
|inactive|brandon12m has 60 seconds left.
|
|t:|1757020294
|teamsize|p1|4
|teamsize|p2|4
|start
|switch|p1a: Krokodile|Krookodile, L50, F|100/100
|switch|p1b: Perro Sanxe|Smeargle, L50, M|100/100
|switch|p2a: Blaziken|Blaziken, L50, M|100/100
|switch|p2b: Salamence|Salamence, L50, M|100/100
|-ability|p2b: Salamence|Intimidate|boost
|-unboost|p1a: Krokodile|atk|1
|-unboost|p1b: Perro Sanxe|atk|1
|turn|1
|inactive|brandon12m has 30 seconds left.
|
|t:|1757020326
|-terastallize|p1a: Krokodile|Fire
|move|p2a: Blaziken|Protect|p2a: Blaziken
|-singleturn|p2a: Blaziken|Protect
|move|p1b: Perro Sanxe|Fake Out|p2b: Salamence
|-damage|p2b: Salamence|96/100
|-enditem|p2b: Salamence|Eject Button
|
|t:|1757020333
|switch|p2b: Incineroar|Incineroar, L50, F|100/100
|-ability|p2b: Incineroar|Intimidate|boost
|-unboost|p1a: Krokodile|atk|1
|-unboost|p1b: Perro Sanxe|atk|1
|move|p1a: Krokodile|Rock Slide|p2a: Blaziken|[spread] p2b
|-activate|p2a: Blaziken|move: Protect
|-supereffective|p2b: Incineroar
|-damage|p2b: Incineroar|83/100
|
|-ability|p1b: Perro Sanxe|Moody|boost
|-boost|p1b: Perro Sanxe|spd|2
|-unboost|p1b: Perro Sanxe|spa|1
|-ability|p2a: Blaziken|Speed Boost|boost
|-boost|p2a: Blaziken|spe|1
|upkeep
|turn|2
|inactive|brandon12m has 30 seconds left.
|inactive|brandon12m has 20 seconds left.
|
|t:|1757020368
|move|p2b: Incineroar|Fake Out|p1b: Perro Sanxe
|-damage|p1b: Perro Sanxe|66/100
|move|p2a: Blaziken|Close Combat|p1a: Krokodile
|-damage|p1a: Krokodile|2/100
|-unboost|p2a: Blaziken|def|1
|-unboost|p2a: Blaziken|spd|1
|-damage|p2a: Blaziken|91/100|[from] item: Life Orb
|cant|p1b: Perro Sanxe|flinch
|move|p1a: Krokodile|Rock Slide|p2a: Blaziken|[spread] p2a,p2b
|-supereffective|p2b: Incineroar
|-damage|p2a: Blaziken|71/100
|-damage|p2b: Incineroar|65/100
|
|-ability|p2a: Blaziken|Speed Boost|boost
|-boost|p2a: Blaziken|spe|1
|-ability|p1b: Perro Sanxe|Moody|boost
|-boost|p1b: Perro Sanxe|atk|2
|-unboost|p1b: Perro Sanxe|def|1
|upkeep
|turn|3
|
|t:|1757020390
|switch|p1a: Melon Husk|Gholdengo, L50|100/100
|move|p2a: Blaziken|Brave Bird|p1a: Melon Husk
|-resisted|p1a: Melon Husk
|-damage|p1a: Melon Husk|77/100
|-damage|p2a: Blaziken|61/100|[from] Recoil
|-damage|p2a: Blaziken|51/100|[from] item: Life Orb
|move|p1b: Perro Sanxe|Spore|p2a: Blaziken
|-status|p2a: Blaziken|slp|[from] move: Spore
|move|p2b: Incineroar|Flare Blitz|p1b: Perro Sanxe
|-damage|p1b: Perro Sanxe|0 fnt
|faint|p1b: Perro Sanxe
|-damage|p2b: Incineroar|48/100|[from] Recoil
|
|-ability|p2a: Blaziken|Speed Boost|boost
|-boost|p2a: Blaziken|spe|1
|upkeep
|
|t:|1757020403
|switch|p1b: Gordibuena|Whimsicott, L50, M|100/100
|turn|4
|
|t:|1757020423
|move|p1b: Gordibuena|Tailwind|p1b: Gordibuena
|-sidestart|p1: brandon12m|move: Tailwind
|cant|p2a: Blaziken|slp
|move|p1a: Melon Husk|Nasty Plot|p1a: Melon Husk
|-boost|p1a: Melon Husk|spa|2
|move|p2b: Incineroar|Knock Off|p1a: Melon Husk
|-supereffective|p1a: Melon Husk
|-damage|p1a: Melon Husk|0 fnt
|-enditem|p1a: Melon Husk|Weakness Policy|[from] move: Knock Off|[of] p2b: Incineroar
|faint|p1a: Melon Husk
|
|-ability|p2a: Blaziken|Speed Boost|boost
|-boost|p2a: Blaziken|spe|1
|upkeep
|
|t:|1757020433
|switch|p1a: Krokodile|Krookodile, L50, F, tera:Fire|2/100
|turn|5
|
|t:|1757020449
|switch|p2b: Amoonguss|Amoonguss, L50, F|100/100
|-curestatus|p2a: Blaziken|slp|[msg]
|move|p2a: Blaziken|Protect|p2a: Blaziken
|-singleturn|p2a: Blaziken|Protect
|move|p1b: Gordibuena|Moonblast|p2a: Blaziken
|-activate|p2a: Blaziken|move: Protect
|move|p1a: Krokodile|Earthquake|p2a: Blaziken|[spread] p1b,p2b
|-activate|p2a: Blaziken|move: Protect
|-resisted|p1b: Gordibuena
|-damage|p1b: Gordibuena|80/100
|-damage|p2b: Amoonguss|59/100
|
|-ability|p2a: Blaziken|Speed Boost|boost
|-boost|p2a: Blaziken|spe|1
|upkeep
|turn|6
|inactive|brandon12m has 30 seconds left.
|
|t:|1757020480
|-terastallize|p2a: Blaziken|Flying
|move|p1b: Gordibuena|Taunt|p2b: Amoonguss
|-start|p2b: Amoonguss|move: Taunt
|move|p2a: Blaziken|Brave Bird|p1b: Gordibuena
|-supereffective|p1b: Gordibuena
|-damage|p1b: Gordibuena|0 fnt
|faint|p1b: Gordibuena
|-damage|p2a: Blaziken|23/100|[from] Recoil
|-damage|p2a: Blaziken|13/100|[from] item: Life Orb
|move|p1a: Krokodile|Rock Slide|p2a: Blaziken|[spread] p2a,p2b
|-supereffective|p2a: Blaziken
|-damage|p2a: Blaziken|0 fnt
|-damage|p2b: Amoonguss|41/100
|-enditem|p2b: Amoonguss|Sitrus Berry|[eat]
|-heal|p2b: Amoonguss|66/100|[from] item: Sitrus Berry
|faint|p2a: Blaziken
|move|p2b: Amoonguss|Sludge Bomb|p1a: Krokodile
|-damage|p1a: Krokodile|0 fnt
|faint|p1a: Krokodile
|
|win|chrispygreens
|raw|brandon12m's rating: 1000 → 1000(+0 for losing)
|raw|chrispygreens's rating: 1019 → 1054(+35 for winning)
|l|☆brandon12m
|player|p1|
