|j|☆aefrmm
|j|☆aldishh
|html|aefrmmaldishh    
|uhtml|bestof|Game 1 of a best-of-3
|t:|1757043350
|gametype|doubles
|player|p1|aefrmm|pokemonrangerf-gen4|1177
|player|p2|aldishh|169|1050
|gen|9
|tier|[Gen 9] VGC 2025 Reg H (Bo3)
|rated|
|rule|Species Clause: Limit one of each Pokémon
|rule|Item Clause: Limit 1 of each item
|clearpoke
|poke|p1|Ninetales-Alola, L50, F|
|poke|p1|Basculegion, L50, M|
|poke|p1|Magmar, L50, M|
|poke|p1|Sneasler, L50, M|
|poke|p1|Rillaboom, L50, M|
|poke|p1|Kingambit, L50, M|
|poke|p2|Volcarona, L50, F|
|poke|p2|Rillaboom, L50, F|
|poke|p2|Gholdengo, L50|
|poke|p2|Dragonite, L50, F|
|poke|p2|Gallade, L50, M|
|poke|p2|Incineroar, L50, F|
|teampreview|4
|showteam|p1|Ninetales-Alola||LifeOrb|SnowWarning|Blizzard,FreezeDry,IcyWind,Protect|||F|||50|,,,,,Ghost]Basculegion||ChoiceScarf|Adaptability|WaveCrash,LastRespects,FlipTurn,TeraBlast|||M|||50|,,,,,Fighting]Magmar||Eviolite|VitalSpirit|Taunt,HeatWave,FollowMe,Protect|||M|||50|,,,,,Water]Sneasler||FocusSash|PoisonTouch|CloseCombat,DireClaw,FakeOut,Protect|||M|||50|,,,,,Stellar]Rillaboom||AssaultVest|GrassySurge|WoodHammer,GrassyGlide,Uturn,FakeOut|||M|||50|,,,,,Water]Kingambit||BlackGlasses|Defiant|KowtowCleave,SuckerPunch,SwordsDance,Protect|||M|||50|,,,,,Fire
|showteam|p2|Volcarona||Leftovers|FlameBody|QuiverDance,FieryDance,RagePowder,Protect|||F|||50|,,,,,Fairy]Rillaboom||AssaultVest|GrassySurge|GrassyGlide,WoodHammer,FakeOut,Uturn|||F|||50|,,,,,Fire]Gholdengo||SitrusBerry|GoodasGold|NastyPlot,Protect,MakeItRain,ShadowBall||||||50|,,,,,Water]Dragonite||LoadedDice|Multiscale|ScaleShot,Protect,Haze,Tailwind|||F|||50|,,,,,Steel]Gallade||ClearAmulet|Sharpness|TrickRoom,SacredSword,PsychoCut,WideGuard|||M|||50|,,,,,Water]Incineroar||SafetyGoggles|Intimidate|PartingShot,FakeOut,KnockOff,Taunt|||F|||50|,,,,,Ghost
|inactive|Battle timer is ON: inactive players will automatically lose when time's up. (requested by aefrmm)
|inactive|aefrmm has 60 seconds left.
|inactive|aefrmm has 30 seconds left.
|
|t:|1757043410
|teamsize|p1|4
|teamsize|p2|4
|start
|switch|p1a: Sneasler|Sneasler, L50, M|100/100
|switch|p1b: Kingambit|Kingambit, L50, M|100/100
|switch|p2a: Rillaboom|Rillaboom, L50, F|100/100
|switch|p2b: Gallade|Gallade, L50, M|100/100
|-fieldstart|move: Grassy Terrain|[from] ability: Grassy Surge|[of] p2a: Rillaboom
|turn|1
|inactive|aefrmm has 30 seconds left.
|inactive|aldishh has 30 seconds left.
|inactive|aefrmm has 20 seconds left.
|inactive|aldishh has 20 seconds left.
|inactive|aefrmm has 15 seconds left.
|
|t:|1757043454
|move|p1a: Sneasler|Fake Out|p2b: Gallade
|-damage|p2b: Gallade|79/100
|move|p2a: Rillaboom|Fake Out|p1b: Kingambit
|-resisted|p1b: Kingambit
|-damage|p1b: Kingambit|94/100
|cant|p2b: Gallade|flinch
|cant|p1b: Kingambit|flinch
|
|-heal|p2b: Gallade|85/100|[from] Grassy Terrain
|-heal|p1b: Kingambit|99/100|[from] Grassy Terrain
|upkeep
|turn|2
|
|t:|1757043474
|-terastallize|p1b: Kingambit|Fire
|move|p1b: Kingambit|Sucker Punch|p2b: Gallade
|-damage|p2b: Gallade|17/100
|move|p1a: Sneasler|Dire Claw|p2a: Rillaboom
|-supereffective|p2a: Rillaboom
|-damage|p2a: Rillaboom|26/100
|move|p2a: Rillaboom|U-turn|p1b: Kingambit
|-resisted|p1b: Kingambit
|-damage|p1b: Kingambit|89/100
|
|t:|1757043483
|switch|p2a: Gholdengo|Gholdengo, L50|100/100|[from] U-turn
|move|p2b: Gallade|Sacred Sword|p1b: Kingambit
|-damage|p1b: Kingambit|28/100
|
|-heal|p2b: Gallade|23/100|[from] Grassy Terrain
|-heal|p1b: Kingambit|34/100|[from] Grassy Terrain
|upkeep
|turn|3
|
|t:|1757043508
|-terastallize|p2a: Gholdengo|Water
|move|p1a: Sneasler|Dire Claw|p2b: Gallade
|-damage|p2b: Gallade|0 fnt
|faint|p2b: Gallade
|move|p2a: Gholdengo|Shadow Ball|p1b: Kingambit
|-damage|p1b: Kingambit|0 fnt
|faint|p1b: Kingambit
|
|upkeep
|
|t:|1757043517
|switch|p2b: Incineroar|Incineroar, L50, F, shiny|100/100
|switch|p1b: Ninetales|Ninetales-Alola, L50, F|100/100
|-weather|Snowscape|[from] ability: Snow Warning|[of] p1b: Ninetales
|-ability|p2b: Incineroar|Intimidate|boost
|-unboost|p1a: Sneasler|atk|1
|-unboost|p1b: Ninetales|atk|1
|turn|4
|inactive|aefrmm has 30 seconds left.
|inactive|aldishh has 30 seconds left.
|inactive|aldishh has 20 seconds left.
|
|t:|1757043564
|switch|p1b: Magmar|Magmar, L50, M|100/100
|move|p2b: Incineroar|Fake Out|p1a: Sneasler
|-damage|p1a: Sneasler|83/100
|cant|p1a: Sneasler|flinch
|move|p2a: Gholdengo|Make It Rain|p1a: Sneasler|[spread] p1a,p1b
|-resisted|p1b: Magmar
|-damage|p1a: Sneasler|29/100
|-damage|p1b: Magmar|83/100
|-unboost|p2a: Gholdengo|spa|1
|
|-weather|Snowscape|[upkeep]
|-heal|p1a: Sneasler|34/100|[from] Grassy Terrain
|-heal|p1b: Magmar|89/100|[from] Grassy Terrain
|upkeep
|turn|5
|
|t:|1757043587
|move|p1a: Sneasler|Close Combat|p2b: Incineroar
|-supereffective|p2b: Incineroar
|-damage|p2b: Incineroar|20/100
|-unboost|p1a: Sneasler|def|1
|-unboost|p1a: Sneasler|spd|1
|move|p1b: Magmar|Heat Wave|p2a: Gholdengo|[spread] p2a,p2b
|-resisted|p2a: Gholdengo
|-resisted|p2b: Incineroar
|-damage|p2a: Gholdengo|88/100
|-damage|p2b: Incineroar|11/100
|move|p2a: Gholdengo|Nasty Plot|p2a: Gholdengo
|-boost|p2a: Gholdengo|spa|2
|move|p2b: Incineroar|Knock Off|p1b: Magmar
|-damage|p1b: Magmar|60/100
|-enditem|p1b: Magmar|Eviolite|[from] move: Knock Off|[of] p2b: Incineroar
|
|-weather|Snowscape|[upkeep]
|-heal|p1a: Sneasler|40/100|[from] Grassy Terrain
|-heal|p1b: Magmar|66/100|[from] Grassy Terrain
|-heal|p2a: Gholdengo|94/100|[from] Grassy Terrain
|-heal|p2b: Incineroar|17/100|[from] Grassy Terrain
|-fieldend|move: Grassy Terrain
|upkeep
|turn|6
|inactive|aldishh has 30 seconds left.
|
|t:|1757043619
|switch|p2b: Rillaboom|Rillaboom, L50, F|26/100
|-fieldstart|move: Grassy Terrain|[from] ability: Grassy Surge|[of] p2b: Rillaboom
|move|p1a: Sneasler|Dire Claw|p2a: Gholdengo
|-damage|p2a: Gholdengo|73/100
|-status|p2a: Gholdengo|psn|[from] ability: Poison Touch|[of] p1a: Sneasler
|move|p1b: Magmar|Heat Wave|p2b: Rillaboom|[spread] p2a,p2b
|-resisted|p2a: Gholdengo
|-supereffective|p2b: Rillaboom
|-damage|p2a: Gholdengo|61/100 psn
|-damage|p2b: Rillaboom|0 fnt
|faint|p2b: Rillaboom
|move|p2a: Gholdengo|Shadow Ball|p1b: Magmar
|-damage|p1b: Magmar|3/100
|
|-weather|Snowscape|[upkeep]
|-heal|p1a: Sneasler|46/100|[from] Grassy Terrain
|-heal|p1b: Magmar|9/100|[from] Grassy Terrain
|-heal|p2a: Gholdengo|67/100 psn|[from] Grassy Terrain
|-damage|p2a: Gholdengo|54/100 psn|[from] psn
|upkeep
|
|t:|1757043636
|switch|p2b: Incineroar|Incineroar, L50, F, shiny|17/100
|-ability|p2b: Incineroar|Intimidate|boost
|-unboost|p1a: Sneasler|atk|1
|-unboost|p1b: Magmar|atk|1
|turn|7
|
|t:|1757043661
|move|p1a: Sneasler|Protect|p1a: Sneasler
|-singleturn|p1a: Sneasler|Protect
|move|p1b: Magmar|Protect|p1b: Magmar
|-singleturn|p1b: Magmar|Protect
|move|p2b: Incineroar|Fake Out|p1a: Sneasler
|-activate|p1a: Sneasler|move: Protect
|move|p2a: Gholdengo|Make It Rain|p1a: Sneasler|[spread] 
|-activate|p1a: Sneasler|move: Protect
|-activate|p1b: Magmar|move: Protect
|
|-weather|Snowscape|[upkeep]
|-heal|p1a: Sneasler|52/100|[from] Grassy Terrain
|-heal|p1b: Magmar|15/100|[from] Grassy Terrain
|-heal|p2a: Gholdengo|61/100 psn|[from] Grassy Terrain
|-heal|p2b: Incineroar|23/100|[from] Grassy Terrain
|-damage|p2a: Gholdengo|48/100 psn|[from] psn
|upkeep
|-enditem|p2a: Gholdengo|Sitrus Berry|[eat]
|-heal|p2a: Gholdengo|73/100 psn|[from] item: Sitrus Berry
|turn|8
|inactive|aldishh has 30 seconds left.
|
|t:|1757043689
|move|p1a: Sneasler|Close Combat|p2b: Incineroar
|-supereffective|p2b: Incineroar
|-damage|p2b: Incineroar|0 fnt
|-unboost|p1a: Sneasler|def|1
|-unboost|p1a: Sneasler|spd|1
|faint|p2b: Incineroar
|move|p1b: Magmar|Heat Wave|p2a: Gholdengo
|-resisted|p2a: Gholdengo
|-damage|p2a: Gholdengo|57/100 psn
|move|p2a: Gholdengo|Make It Rain|p1a: Sneasler|[spread] p1a,p1b
|-resisted|p1b: Magmar
|-damage|p1a: Sneasler|0 fnt
|-damage|p1b: Magmar|0 fnt
|-unboost|p2a: Gholdengo|spa|1
|faint|p1a: Sneasler
|faint|p1b: Magmar
|
|-weather|none
|-heal|p2a: Gholdengo|63/100 psn|[from] Grassy Terrain
|-damage|p2a: Gholdengo|51/100 psn|[from] psn
|upkeep
|
|t:|1757043700
|switch|p1b: Ninetales|Ninetales-Alola, L50, F|100/100
|-weather|Snowscape|[from] ability: Snow Warning|[of] p1b: Ninetales
|turn|9
|
|t:|1757043709
|move|p1b: Ninetales|Freeze-Dry|p2a: Gholdengo
|-supereffective|p2a: Gholdengo
|-damage|p2a: Gholdengo|0 fnt
|faint|p2a: Gholdengo
|-damage|p1b: Ninetales|91/100|[from] item: Life Orb
|
|win|aefrmm
||aefrmm is ready for game 2.
