|j|☆Cristante terabug
|j|☆eratakate
|html|Cristante terabugeratakate    
|uhtml|bestof|Game 3 of a best-of-3
|t:|1756736795
|gametype|doubles
|player|p1|Cristante terabug|kieran-champion|1255
|player|p2|eratakate|169|1309
|gen|9
|tier|[Gen 9] VGC 2025 Reg H (Bo3)
|rated|
|rule|Species Clause: Limit one of each Pokémon
|rule|Item Clause: Limit 1 of each item
|clearpoke
|poke|p1|Incineroar, L50, F|
|poke|p1|Pelipper, L50, M|
|poke|p1|Archaludon, L50, M|
|poke|p1|Dragonite, L50, M|
|poke|p1|Sinistcha, L50|
|poke|p1|Ursaluna, L50, F|
|poke|p2|Incineroar, L50, F|
|poke|p2|Amoonguss, L50, M|
|poke|p2|Ursaluna-Bloodmoon, L50, M|
|poke|p2|Sneasler, L50, F|
|poke|p2|Gholdengo, L50|
|poke|p2|Dragonite, L50, M|
|teampreview|4
|showteam|p1|Incineroar||SafetyGoggles|Intimidate|FakeOut,PartingShot,KnockOff,FlareBlitz|||F|||50|,,,,,Flying]Pelipper||FocusSash|Drizzle|Hurricane,MuddyWater,Tailwind,Protect|||M|||50|,,,,,Ghost]Archaludon||AssaultVest|Stamina|ElectroShot,Snarl,FlashCannon,BodyPress|||M|||50|,,,,,Bug]Dragonite||LoadedDice|Multiscale|ScaleShot,Tailwind,Haze,Protect|||M|||50|,,,,,Fairy]Sinistcha||SitrusBerry|Hospitality|MatchaGotcha,RagePowder,LifeDew,TrickRoom||||||50|,,,,,Dark]Ursaluna||FlameOrb|Guts|Earthquake,Facade,HeadlongRush,Protect|||F|||50|,,,,,Ghost
|showteam|p2|Incineroar||SafetyGoggles|Intimidate|FlareBlitz,KnockOff,PartingShot,FakeOut|||F|||50|,,,,,Ghost]Amoonguss||SitrusBerry|Regenerator|Spore,RagePowder,PollenPuff,Protect|||M|||50|,,,,,Psychic]Ursaluna-Bloodmoon||AssaultVest|MindsEye|HyperVoice,BloodMoon,EarthPower,VacuumWave|||M|||50|,,,,,Water]Sneasler||FocusSash|Unburden|CloseCombat,DireClaw,ThroatChop,Protect|||F|||50|,,,,,Stellar]Gholdengo||LifeOrb|GoodasGold|MakeItRain,ShadowBall,NastyPlot,Protect||||||50|,,,,,Water]Dragonite||LoadedDice|Multiscale|ScaleShot,Tailwind,Haze,Protect|||M|||50|,,,,,Fairy
|
|t:|1756736842
|teamsize|p1|4
|teamsize|p2|4
|start
|switch|p1a: Paolo|Dragonite, L50, M|100/100
|switch|p1b: Olmo|Ursaluna, L50, F|100/100
|switch|p2a: Dragonite|Dragonite, L50, M|100/100
|switch|p2b: Incineroar|Incineroar, L50, F|100/100
|-ability|p2b: Incineroar|Intimidate|boost
|-unboost|p1a: Paolo|atk|1
|-unboost|p1b: Olmo|atk|1
|turn|1
|inactive|Battle timer is ON: inactive players will automatically lose when time's up. (requested by Cristante terabug)
|
|t:|1756736869
|move|p2b: Incineroar|Fake Out|p1b: Olmo
|-damage|p1b: Olmo|90/100
|move|p1a: Paolo|Scale Shot|p2a: Dragonite
|-supereffective|p2a: Dragonite
|-damage|p2a: Dragonite|90/100
|-supereffective|p2a: Dragonite
|-damage|p2a: Dragonite|68/100
|-supereffective|p2a: Dragonite
|-damage|p2a: Dragonite|49/100
|-supereffective|p2a: Dragonite
|-damage|p2a: Dragonite|30/100
|-supereffective|p2a: Dragonite
|-damage|p2a: Dragonite|11/100
|-hitcount|p2a: Dragonite|5
|-unboost|p1a: Paolo|def|1
|-boost|p1a: Paolo|spe|1
|move|p2a: Dragonite|Scale Shot|p1a: Paolo
|-supereffective|p1a: Paolo
|-damage|p1a: Paolo|74/100
|-supereffective|p1a: Paolo
|-damage|p1a: Paolo|26/100
|-supereffective|p1a: Paolo
|-damage|p1a: Paolo|0 fnt
|faint|p1a: Paolo
|-hitcount|p1: Paolo|3
|-unboost|p2a: Dragonite|def|1
|-boost|p2a: Dragonite|spe|1
|cant|p1b: Olmo|flinch
|
|-status|p1b: Olmo|brn|[from] item: Flame Orb
|upkeep
|
|t:|1756736884
|switch|p1a: De Marinis|Incineroar, L50, F|100/100
|-ability|p1a: De Marinis|Intimidate|boost
|-unboost|p2a: Dragonite|atk|1
|-unboost|p2b: Incineroar|atk|1
|turn|2
|
|t:|1756736908
|move|p2a: Dragonite|Protect|p2a: Dragonite
|-singleturn|p2a: Dragonite|Protect
|move|p1a: De Marinis|Fake Out|p2a: Dragonite
|-activate|p2a: Dragonite|move: Protect
|move|p1b: Olmo|Headlong Rush|p2b: Incineroar
|-supereffective|p2b: Incineroar
|-damage|p2b: Incineroar|0 fnt
|-unboost|p1b: Olmo|def|1
|-unboost|p1b: Olmo|spd|1
|faint|p2b: Incineroar
|
|-damage|p1b: Olmo|84/100 brn|[from] brn
|upkeep
|inactive|eratakate has 30 seconds left.
|inactive|eratakate has 20 seconds left.
|
|t:|1756736948
|switch|p2b: Sneasler|Sneasler, L50, F|100/100
|turn|3
|
|t:|1756736959
|switch|p1b: Luca|Archaludon, L50, M|100/100
|-terastallize|p1a: De Marinis|Flying
|move|p2b: Sneasler|Protect|p2b: Sneasler
|-singleturn|p2b: Sneasler|Protect
|move|p2a: Dragonite|Tailwind|p2a: Dragonite
|-sidestart|p2: eratakate|move: Tailwind
|move|p1a: De Marinis|Flare Blitz|p2b: Sneasler
|-activate|p2b: Sneasler|move: Protect
|
|upkeep
|turn|4
|inactive|Cristante terabug has 30 seconds left.
|
|t:|1756736986
|switch|p1b: Olmo|Ursaluna, L50, F|84/100 brn
|-terastallize|p2b: Sneasler|Stellar
|move|p2a: Dragonite|Scale Shot|p1a: De Marinis
|-damage|p1a: De Marinis|91/100
|-damage|p1a: De Marinis|82/100
|-damage|p1a: De Marinis|73/100
|-damage|p1a: De Marinis|64/100
|-hitcount|p1a: De Marinis|4
|-unboost|p2a: Dragonite|def|1
|-boost|p2a: Dragonite|spe|1
|move|p2b: Sneasler|Close Combat|p1b: Olmo
|-supereffective|p1b: Olmo
|-damage|p1b: Olmo|0 fnt
|-unboost|p2b: Sneasler|def|1
|-unboost|p2b: Sneasler|spd|1
|faint|p1b: Olmo
|move|p1a: De Marinis|Flare Blitz|p2a: Dragonite
|-resisted|p2a: Dragonite
|-damage|p2a: Dragonite|0 fnt
|faint|p2a: Dragonite
|-damage|p1a: De Marinis|61/100|[from] Recoil
|
|upkeep
|
|t:|1756736998
|switch|p2a: Gholdengo|Gholdengo, L50|100/100
|switch|p1b: Luca|Archaludon, L50, M|100/100
|turn|5
|
|t:|1756737006
|move|p2b: Sneasler|Close Combat|p1b: Luca
|-supereffective|p1b: Luca
|-damage|p1b: Luca|13/100
|-unboost|p2b: Sneasler|def|1
|-unboost|p2b: Sneasler|spd|1
|-ability|p1b: Luca|Stamina|boost
|-boost|p1b: Luca|def|1
|move|p2a: Gholdengo|Make It Rain|p1a: De Marinis|[spread] p1a,p1b
|-resisted|p1b: Luca
|-damage|p1a: De Marinis|10/100
|-damage|p1b: Luca|0 fnt
|-unboost|p2a: Gholdengo|spa|1
|faint|p1b: Luca
|-damage|p2a: Gholdengo|91/100|[from] item: Life Orb
|move|p1a: De Marinis|Flare Blitz|p2a: Gholdengo
|-supereffective|p2a: Gholdengo
|-damage|p2a: Gholdengo|0 fnt
|faint|p2a: Gholdengo
|-damage|p1a: De Marinis|0 fnt|[from] Recoil
|faint|p1a: De Marinis
|
|win|eratakate
|raw|Cristante terabug's rating: 1255 → 1234(-21 for losing)
|raw|eratakate's rating: 1309 → 1326(+17 for winning)
