|j|☆latios66
|j|☆buf91 Lupita
|html|latios66buf91 Lupita    
|uhtml|bestof|Game 2 of a best-of-3
|t:|1756333172
|gametype|doubles
|player|p1|latios66|265|1146
|player|p2|buf91 Lupita|lucas|1297
|gen|9
|tier|[Gen 9] VGC 2025 Reg H (Bo3)
|rated|
|rule|Species Clause: Limit one of each Pokémon
|rule|Item Clause: Limit 1 of each item
|clearpoke
|poke|p1|Indeedee, L50, M|
|poke|p1|Drifblim, L50, M|
|poke|p1|Delphox, L50, M|
|poke|p1|Kommo-o, L50, M|
|poke|p1|Toxtricity, L50, M|
|poke|p1|Hydreigon, L50, M|
|poke|p2|Typhlosion-Hisui, L50, F|
|poke|p2|Whimsicott, L50, F|
|poke|p2|Kingambit, L50, M|
|poke|p2|Farigiraf, L50, F|
|poke|p2|Ursaluna-Bloodmoon, L50, M|
|poke|p2|Annihilape, L50, M|
|teampreview|4
|showteam|p1|Indeedee||FocusSash|PsychicSurge|ExpandingForce,TeraBlast,Imprison,TrickRoom|||M|||50|,,,,,Ground]Drifblim||PsychicSeed|Unburden|ShadowBall,WillOWisp,StrengthSap,Tailwind|||M|||50|,,,,,Grass]Delphox||ChoiceScarf|Magician|HeatWave,ExpandingForce,TeraBlast,Trick|||M|||50|,,,,,Ice]Kommo-o||Leftovers|Soundproof|BodyPress,Flamethrower,IronDefense,Protect|||M|||50|,,,,,Fire]Toxtricity||ChoiceSpecs|PunkRock|Overdrive,SludgeBomb,Boomburst,VoltSwitch|||M|||50|,,,,,Normal]Hydreigon||AssaultVest|Levitate|DarkPulse,DracoMeteor,EarthPower,Snarl|||M|||50|,,,,,Ghost
|showteam|p2|Typhlosion-Hisui||ChoiceSpecs|Blaze|HeatWave,Eruption,ShadowBall,Flamethrower|||F|||50|,,,,,Fire]Whimsicott||CovertCloak|Prankster|SunnyDay,Tailwind,Moonblast,Encore|||F|||50|,,,,,Ghost]Kingambit||AssaultVest|Defiant|KowtowCleave,LowKick,IronHead,SuckerPunch|||M|||50|,,,,,Fairy]Farigiraf||SitrusBerry|ArmorTail|TrickRoom,HelpingHand,Psychic,FoulPlay|||F|||50|,,,,,Fairy]Ursaluna-Bloodmoon||LifeOrb|MindsEye|Protect,BloodMoon,HyperVoice,EarthPower|||M|||50|,,,,,Normal]Annihilape||Leftovers|Defiant|Protect,BulkUp,DrainPunch,RageFist|||M|||50|,,,,,Fire
|
|t:|1756333207
|teamsize|p1|4
|teamsize|p2|4
|start
|switch|p1a: Hydreigon|Hydreigon, L50, M|100/100
|switch|p1b: Toxtricity|Toxtricity, L50, M|100/100
|switch|p2a: Typhlosion|Typhlosion-Hisui, L50, F|100/100
|switch|p2b: Whimsicott|Whimsicott, L50, F|100/100
|turn|1
|
|t:|1756333241
|switch|p2a: Kingambit|Kingambit, L50, M|100/100
|switch|p1b: Indeedee|Indeedee, L50, M|100/100
|-fieldstart|move: Psychic Terrain|[from] ability: Psychic Surge|[of] p1b: Indeedee
|-terastallize|p1a: Hydreigon|Ghost
|move|p2b: Whimsicott|Moonblast|p1a: Hydreigon
|-damage|p1a: Hydreigon|76/100
|move|p1a: Hydreigon|Snarl|p2a: Kingambit|[spread] p2a,p2b
|-resisted|p2a: Kingambit
|-resisted|p2b: Whimsicott
|-damage|p2a: Kingambit|94/100
|-damage|p2b: Whimsicott|85/100
|-unboost|p2a: Kingambit|spa|1
|-ability|p2a: Kingambit|Defiant|boost
|-boost|p2a: Kingambit|atk|2
|
|upkeep
|turn|2
|
|t:|1756333294
|move|p2b: Whimsicott|Moonblast|p1b: Indeedee
|-damage|p1b: Indeedee|53/100
|-unboost|p1b: Indeedee|spa|1
|move|p1b: Indeedee|Expanding Force|p2b: Whimsicott|[spread] p2b
|-immune|p2a: Kingambit
|-damage|p2b: Whimsicott|31/100
|move|p1a: Hydreigon|Earth Power|p2a: Kingambit
|-supereffective|p2a: Kingambit
|-damage|p2a: Kingambit|54/100
|move|p2a: Kingambit|Kowtow Cleave|p1b: Indeedee
|-supereffective|p1b: Indeedee
|-damage|p1b: Indeedee|0 fnt
|faint|p1b: Indeedee
|
|upkeep
|
|t:|1756333308
|switch|p1b: Delphox|Delphox, L50, M|100/100
|turn|3
|
|t:|1756333346
|-terastallize|p2a: Kingambit|Fairy
|move|p2b: Whimsicott|Tailwind|p2b: Whimsicott
|-sidestart|p2: buf91 Lupita|move: Tailwind
|move|p1b: Delphox|Heat Wave|p2a: Kingambit|[spread] p2a,p2b
|-supereffective|p2b: Whimsicott
|-damage|p2a: Kingambit|29/100
|-damage|p2b: Whimsicott|0 fnt
|faint|p2b: Whimsicott
|move|p1a: Hydreigon|Dark Pulse|p2a: Kingambit
|-resisted|p2a: Kingambit
|-damage|p2a: Kingambit|17/100
|move|p2a: Kingambit|Kowtow Cleave|p1a: Hydreigon
|-supereffective|p1a: Hydreigon
|-damage|p1a: Hydreigon|0 fnt
|faint|p1a: Hydreigon
|
|upkeep
|
|t:|1756333363
|switch|p2b: Typhlosion|Typhlosion-Hisui, L50, F|100/100
|switch|p1a: Toxtricity|Toxtricity, L50, M|100/100
|turn|4
|
|t:|1756333372
|move|p2b: Typhlosion|Eruption|p1a: Toxtricity|[spread] p1a,p1b
|-resisted|p1b: Delphox
|-crit|p1b: Delphox
|-damage|p1a: Toxtricity|0 fnt
|-damage|p1b: Delphox|29/100
|faint|p1a: Toxtricity
|move|p1b: Delphox|Heat Wave|p2a: Kingambit|[spread] p2a,p2b
|-resisted|p2b: Typhlosion
|-damage|p2a: Kingambit|0 fnt
|-damage|p2b: Typhlosion|75/100
|faint|p2a: Kingambit
|
|upkeep
|
|t:|1756333379
|switch|p2a: Ursaluna|Ursaluna-Bloodmoon, L50, M|100/100
|turn|5
|
|t:|1756333383
|move|p2b: Typhlosion|Eruption|p1b: Delphox
|-resisted|p1b: Delphox
|-damage|p1b: Delphox|0 fnt
|faint|p1b: Delphox
|
|win|buf91 Lupita
|raw|latios66's rating: 1146 → 1131(-15 for losing)
|raw|buf91 Lupita's rating: 1297 → 1312(+15 for winning)
