|j|☆Popfor
|j|☆TISS 0'28
|html|PopforTISS 0'28    
|uhtml|bestof|Game 2 of a best-of-3
|t:|1756639844
|gametype|doubles
|player|p1|Popfor|170|1115
|player|p2|TISS 0'28|hilbert|1064
|gen|9
|tier|[Gen 9] VGC 2025 Reg H (Bo3)
|rated|
|rule|Species Clause: Limit one of each Pokémon
|rule|Item Clause: Limit 1 of each item
|clearpoke
|poke|p1|Ursaluna, L50, F|
|poke|p1|Indeedee-F, L50, F|
|poke|p1|Exeggutor, L50, F|
|poke|p1|Torkoal, L50, F|
|poke|p1|Gallade, L50, M|
|poke|p1|Zoroark-Hisui, L50, F|
|poke|p2|Baxcalibur, L50, F|
|poke|p2|Ursaluna-Bloodmoon, L50, M|
|poke|p2|Farigiraf, L50, F|
|poke|p2|Arcanine-Hisui, L50, M|
|poke|p2|Whimsicott, L50, M|
|poke|p2|Altaria, L50, F|
|teampreview|4
|showteam|p1|Ursaluna||FlameOrb|Guts|Protect,Facade,Earthquake,HeadlongRush|||F|||50|,,,,,Ghost]Indeedee-F||PsychicSeed|PsychicSurge|TrickRoom,Psychic,FollowMe,HelpingHand|||F|||50|,,,,,Grass]Exeggutor||FocusSash|Chlorophyll|TrickRoom,ExpandingForce,EnergyBall,SleepPowder|||F|||50|,,,,,Psychic]Torkoal||Charcoal|Drought|Eruption,ClearSmog,Protect,WeatherBall|||F|||50|,,,,,Fire]Gallade||ClearAmulet|Sharpness|PsychoCut,TrickRoom,WideGuard,SacredSword|||M|||50|,,,,,Fire]Zoroark-Hisui||ChoiceSpecs|Illusion|HyperVoice,Flamethrower,ShadowBall,TeraBlast|||F|||50|,,,,,Stellar
|showteam|p2|Baxcalibur||LoadedDice|ThermalExchange|Protect,SwordsDance,ScaleShot,IcicleSpear|||F|||50|,,,,,Poison]Ursaluna-Bloodmoon||LifeOrb|MindsEye|Protect,EarthPower,HyperVoice,BloodMoon|||M|||50|,,,,,Normal]Farigiraf||ThroatSpray|ArmorTail|Protect,TrickRoom,HyperVoice,Psychic|||F|||50|,,,,,Grass]Arcanine-Hisui||ChoiceBand|Intimidate|FlareBlitz,RockSlide,ExtremeSpeed,WildCharge|||M|||50|,,,,,Grass]Whimsicott||CovertCloak|Prankster|Tailwind,MistyTerrain,Moonblast,Encore|||M|||50|,,,,,Dark]Altaria||SitrusBerry|CloudNine|Protect,Haze,Thief,HelpingHand|||F|||50|,,,,,Steel
|
|t:|1756639892
|teamsize|p1|4
|teamsize|p2|4
|start
|switch|p1a: Indeedee|Indeedee-F, L50, F|100/100
|switch|p1b: Ursaluna|Ursaluna, L50, F|100/100
|switch|p2a: Farigiraf|Farigiraf, L50, F|100/100
|switch|p2b: Ursaluna|Ursaluna-Bloodmoon, L50, M|100/100
|-fieldstart|move: Psychic Terrain|[from] ability: Psychic Surge|[of] p1a: Indeedee
|-enditem|p1a: Indeedee|Psychic Seed
|-boost|p1a: Indeedee|spd|1|[from] item: Psychic Seed
|turn|1
|
|t:|1756639932
|-terastallize|p2b: Ursaluna|Normal
|move|p1b: Ursaluna|Protect|p1b: Ursaluna
|-singleturn|p1b: Ursaluna|Protect
|move|p2a: Farigiraf|Hyper Voice|p1a: Indeedee|[spread] p1a
|-activate|p1b: Ursaluna|move: Protect
|-damage|p1a: Indeedee|80/100
|-enditem|p2a: Farigiraf|Throat Spray
|-boost|p2a: Farigiraf|spa|1|[from] item: Throat Spray
|move|p2b: Ursaluna|Blood Moon|p1a: Indeedee
|-damage|p1a: Indeedee|0 fnt
|faint|p1a: Indeedee
|-damage|p2b: Ursaluna|91/100|[from] item: Life Orb
|
|-status|p1b: Ursaluna|brn|[from] item: Flame Orb
|upkeep
|
|t:|1756639945
|switch|p1a: Exeggutor|Exeggutor, L50, F|100/100
|turn|2
|
|t:|1756639975
|-terastallize|p1a: Exeggutor|Psychic
|move|p2b: Ursaluna|Protect|p2b: Ursaluna
|-singleturn|p2b: Ursaluna|Protect
|move|p1a: Exeggutor|Expanding Force|p2b: Ursaluna|[spread] p2a
|-activate|p2b: Ursaluna|move: Protect
|-resisted|p2a: Farigiraf
|-damage|p2a: Farigiraf|62/100
|move|p2a: Farigiraf|Psychic|p1b: Ursaluna
|-damage|p1b: Ursaluna|38/100 brn
|move|p1b: Ursaluna|Facade|p2a: Farigiraf
|-damage|p2a: Farigiraf|0 fnt
|faint|p2a: Farigiraf
|
|-damage|p1b: Ursaluna|32/100 brn|[from] brn
|upkeep
|
|t:|1756640001
|switch|p2a: Whimsicott|Whimsicott, L50, M|100/100
|turn|3
|
|t:|1756640012
|switch|p2b: Arcanine|Arcanine-Hisui, L50, M|100/100
|-ability|p2b: Arcanine|Intimidate|boost
|-unboost|p1a: Exeggutor|atk|1
|-unboost|p1b: Ursaluna|atk|1
|move|p2a: Whimsicott|Misty Terrain|p2a: Whimsicott
|-fieldstart|move: Misty Terrain
|move|p1a: Exeggutor|Expanding Force|p2a: Whimsicott
|-damage|p2a: Whimsicott|30/100
|move|p1b: Ursaluna|Facade|p2b: Arcanine
|-resisted|p2b: Arcanine
|-damage|p2b: Arcanine|53/100
|
|-damage|p1b: Ursaluna|26/100 brn|[from] brn
|upkeep
|turn|4
|
|t:|1756640056
|move|p2a: Whimsicott|Tailwind|p2a: Whimsicott
|-sidestart|p2: TISS 0'28|move: Tailwind
|move|p2b: Arcanine|Flare Blitz|p1a: Exeggutor
|-damage|p1a: Exeggutor|2/100
|-damage|p2b: Arcanine|22/100|[from] Recoil
|move|p1a: Exeggutor|Expanding Force|p2b: Arcanine
|-damage|p2b: Arcanine|0 fnt
|faint|p2b: Arcanine
|move|p1b: Ursaluna|Earthquake|p2a: Whimsicott|[spread] p1a,p2a
|-resisted|p2a: Whimsicott
|-damage|p1a: Exeggutor|0 fnt
|-damage|p2a: Whimsicott|4/100
|faint|p1a: Exeggutor
|
|-damage|p1b: Ursaluna|20/100 brn|[from] brn
|upkeep
|
|t:|1756640066
|switch|p2b: Ursaluna|Ursaluna-Bloodmoon, L50, M, tera:Normal|91/100
|switch|p1a: Gallade|Gallade, L50, M|100/100
|turn|5
|
|t:|1756640079
|move|p1a: Gallade|Wide Guard|p1a: Gallade
|-singleturn|p1a: Gallade|Wide Guard
|move|p2a: Whimsicott|Moonblast|p1b: Ursaluna
|-damage|p1b: Ursaluna|0 fnt
|faint|p1b: Ursaluna
|move|p2b: Ursaluna|Blood Moon|p1a: Gallade
|-damage|p1a: Gallade|0 fnt
|faint|p1a: Gallade
|-damage|p2b: Ursaluna|81/100|[from] item: Life Orb
|
|win|TISS 0'28
||Popfor is ready for game 3.
|inactive|TISS 0'28 has 30 seconds to confirm battle start!
