|j|☆MakeItSunn
|j|☆gatoexplotando
|html|MakeItSunngatoexplotando    
|uhtml|bestof|Game 1 of a best-of-3
|t:|1757768696
|gametype|doubles
|player|p1|MakeItSunn|1|
|player|p2|gatoexplotando|lady-gen4|
|gen|9
|tier|[Gen 9] VGC 2025 Reg H (Bo3)
|rule|Species Clause: Limit one of each Pokémon
|rule|Item Clause: Limit 1 of each item
|clearpoke
|poke|p1|Oranguru, L50, M|
|poke|p1|Ursaluna, L50, F|
|poke|p1|Indeedee-F, L50, F|
|poke|p1|Torkoal, L50, M|
|poke|p1|Armarouge, L50, M|
|poke|p1|Jumpluff, L50, F|
|poke|p2|Gholdengo, L50|
|poke|p2|Maushold-Four, L50|
|poke|p2|Ursaluna-Bloodmoon, L50, M|
|poke|p2|Dondozo, L50, M|
|poke|p2|Sneasler, L50, F|
|poke|p2|Meowscarada, L50, F|
|teampreview|4
|showteam|p1|Oranguru||MentalHerb|Telepathy|ExpandingForce,TrickRoom,Instruct,Yawn|||M|||50|,,,,,Ghost]Ursaluna||FlameOrb|Guts|Earthquake,Facade,HeadlongRush,Protect|||F|||50|,,,,,Ghost]Indeedee-F||EjectButton|PsychicSurge|FollowMe,DazzlingGleam,HelpingHand,TrickRoom|||F|||50|,,,,,Fairy]Torkoal||EjectPack|Drought|Eruption,Overheat,EarthPower,Protect|||M|||50|,,,,,Fire]Armarouge||LifeOrb|FlashFire|ExpandingForce,ArmorCannon,WideGuard,Protect|||M|||50|,,,,,Grass]Jumpluff||CovertCloak|Chlorophyll|RagePowder,SleepPowder,Tailwind,SunnyDay|||F|||50|,,,,,Water
|showteam|p2|Gholdengo||ChoiceSpecs|GoodasGold|MakeItRain,ShadowBall,PowerGem,Trick||||||50|,,,,,Steel]Maushold-Four||SafetyGoggles|FriendGuard|SuperFang,Feint,FollowMe,Protect||||||50|,,,,,Ghost]Ursaluna-Bloodmoon||AssaultVest|MindsEye|HyperVoice,BloodMoon,EarthPower,VacuumWave|||M|||50|,,,,,Water]Dondozo||Leftovers|Unaware|WaveCrash,Yawn,Fissure,Protect|||M|||50|,,,,,Bug]Sneasler||WhiteHerb|Unburden|CloseCombat,DireClaw,ThroatChop,Protect|||F|||50|,,,,,Dark]Meowscarada||FocusSash|Overgrow|FlowerTrick,KnockOff,SuckerPunch,Protect|||F|||50|,,,,,Ghost
|inactive|Battle timer is ON: inactive players will automatically lose when time's up. (requested by gatoexplotando)
|inactive|MakeItSunn has 60 seconds left.
|inactive|gatoexplotando has 60 seconds left.
|inactive|MakeItSunn has 30 seconds left.
|
|t:|1757768758
|teamsize|p1|4
|teamsize|p2|4
|start
|switch|p1a: Indeedee|Indeedee-F, L50, F|100/100
|switch|p1b: Oranguru|Oranguru, L50, M|100/100
|switch|p2a: Gholdengo|Gholdengo, L50|100/100
|switch|p2b: Meowscarada|Meowscarada, L50, F|100/100
|-fieldstart|move: Psychic Terrain|[from] ability: Psychic Surge|[of] p1a: Indeedee
|turn|1
|inactive|gatoexplotando has 30 seconds left.
|inactive|gatoexplotando has 20 seconds left.
|inactive|gatoexplotando has 15 seconds left.
|inactive|gatoexplotando has 10 seconds left.
|
|t:|1757768808
|switch|p2b: Dondozo|Dondozo, L50, M|100/100
|move|p1a: Indeedee|Follow Me|p1a: Indeedee
|-singleturn|p1a: Indeedee|move: Follow Me
|move|p2a: Gholdengo|Make It Rain|p1b: Oranguru|[spread] p1a,p1b
|-damage|p1a: Indeedee|39/100
|-damage|p1b: Oranguru|43/100
|-unboost|p2a: Gholdengo|spa|1
|-enditem|p1a: Indeedee|Eject Button
|
|t:|1757768822
|switch|p1a: Ursaluna|Ursaluna, L50, F|100/100
|move|p1b: Oranguru|Trick Room|p1b: Oranguru
|-fieldstart|move: Trick Room|[of] p1b: Oranguru
|
|-status|p1a: Ursaluna|brn|[from] item: Flame Orb
|upkeep
|turn|2
|inactive|MakeItSunn has 30 seconds left.
|
|t:|1757768853
|-terastallize|p1a: Ursaluna|Ghost
|move|p2b: Dondozo|Wave Crash|p1a: Ursaluna
|-damage|p1a: Ursaluna|72/100 brn
|-damage|p2b: Dondozo|92/100|[from] Recoil
|move|p1a: Ursaluna|Earthquake|p2b: Dondozo|[spread] p2a,p2b
|-activate|p1b: Oranguru|ability: Telepathy
|-supereffective|p2a: Gholdengo
|-damage|p2a: Gholdengo|0 fnt
|-damage|p2b: Dondozo|51/100
|faint|p2a: Gholdengo
|move|p1b: Oranguru|Yawn|p2b: Dondozo
|-start|p2b: Dondozo|move: Yawn|[of] p1b: Oranguru
|
|-heal|p2b: Dondozo|58/100|[from] item: Leftovers
|-damage|p1a: Ursaluna|66/100 brn|[from] brn
|upkeep
|
|t:|1757768863
|switch|p2a: Meowscarada|Meowscarada, L50, F|100/100
|turn|3
|inactive|MakeItSunn has 30 seconds left.
|inactive|MakeItSunn has 20 seconds left.
|inactive|MakeItSunn has 15 seconds left.
|inactive|MakeItSunn has 10 seconds left.
|
|t:|1757768911
|switch|p2b: Ursaluna|Ursaluna-Bloodmoon, L50, M|100/100
|-terastallize|p2a: Meowscarada|Ghost
|move|p1a: Ursaluna|Facade|p2a: Meowscarada
|-immune|p2a: Meowscarada
|move|p1b: Oranguru|Instruct|p1a: Ursaluna
|-singleturn|p1a: Ursaluna|move: Instruct|[of] p1b: Oranguru
|move|p1a: Ursaluna|Facade|p2a: Meowscarada
|-immune|p2a: Meowscarada
|move|p2a: Meowscarada|Knock Off|p1a: Ursaluna
|-supereffective|p1a: Ursaluna
|-damage|p1a: Ursaluna|0 fnt
|-enditem|p1a: Ursaluna|Flame Orb|[from] move: Knock Off|[of] p2a: Meowscarada
|faint|p1a: Ursaluna
|
|upkeep
|inactive|MakeItSunn has 30 seconds left.
|inactive|MakeItSunn has 20 seconds left.
|inactive|MakeItSunn has 15 seconds left.
|
|t:|1757768954
|switch|p1a: Jumpluff|Jumpluff, L50, F|100/100
|turn|4
|inactive|MakeItSunn has 30 seconds left.
|inactive|MakeItSunn has 20 seconds left.
|
|t:|1757768990
|move|p1b: Oranguru|Expanding Force|p2a: Meowscarada|[spread] p2a,p2b
|-damage|p2a: Meowscarada|48/100
|-damage|p2b: Ursaluna|75/100
|move|p2b: Ursaluna|Blood Moon|p1a: Jumpluff
|-damage|p1a: Jumpluff|30/100
|move|p1a: Jumpluff|Sleep Powder|p2a: Meowscarada
|-status|p2a: Meowscarada|slp|[from] move: Sleep Powder
|cant|p2a: Meowscarada|slp
|
|upkeep
|turn|5
|inactive|MakeItSunn has 30 seconds left.
|inactive|MakeItSunn has 20 seconds left.
|
|t:|1757769029
|switch|p2a: Dondozo|Dondozo, L50, M|58/100
|move|p1a: Jumpluff|Rage Powder|p1a: Jumpluff
|-singleturn|p1a: Jumpluff|move: Rage Powder
|move|p1b: Oranguru|Expanding Force|p2a: Dondozo|[spread] p2a,p2b
|-damage|p2a: Dondozo|32/100
|-damage|p2b: Ursaluna|50/100
|move|p2b: Ursaluna|Hyper Voice|p1a: Jumpluff|[spread] p1a,p1b
|-damage|p1a: Jumpluff|0 fnt
|-damage|p1b: Oranguru|14/100
|faint|p1a: Jumpluff
|
|-heal|p2a: Dondozo|38/100|[from] item: Leftovers
|-fieldend|move: Trick Room
|-fieldend|move: Psychic Terrain
|upkeep
|
|t:|1757769038
|switch|p1a: Indeedee|Indeedee-F, L50, F|39/100
|-fieldstart|move: Psychic Terrain|[from] ability: Psychic Surge|[of] p1a: Indeedee
|turn|6
|inactive|MakeItSunn has 30 seconds left.
|
|t:|1757769073
|move|p1a: Indeedee|Dazzling Gleam|p2a: Dondozo|[spread] p2a,p2b
|-damage|p2a: Dondozo|28/100
|-damage|p2b: Ursaluna|42/100
|move|p2b: Ursaluna|Hyper Voice|p1a: Indeedee|[spread] p1a,p1b
|-damage|p1a: Indeedee|6/100
|-damage|p1b: Oranguru|0 fnt
|faint|p1b: Oranguru
|move|p2a: Dondozo|Wave Crash|p1a: Indeedee
|-damage|p1a: Indeedee|0 fnt
|faint|p1a: Indeedee
|-damage|p2a: Dondozo|27/100|[from] Recoil
|
|win|gatoexplotando
||MakeItSunn is ready for game 2.
||gatoexplotando is ready for game 2.
|uhtml|next|Next: Game 2 of 3
