|j|☆VeryFakeVGC
|j|☆Nnico Iosi
|html|VeryFakeVGCNnico Iosi    
|uhtml|bestof|Game 2 of a best-of-3
|t:|1755906522
|gametype|doubles
|player|p1|VeryFakeVGC|pokefan-gen4|1305
|player|p2|Nnico Iosi|artist|1329
|gen|9
|tier|[Gen 9] VGC 2025 Reg H (Bo3)
|rated|
|rule|Species Clause: Limit one of each Pokémon
|rule|Item Clause: Limit 1 of each item
|clearpoke
|poke|p1|Gholdengo, L50|
|poke|p1|Whimsicott, L50, M|
|poke|p1|Ursaluna-Bloodmoon, L50, M|
|poke|p1|Sneasler, L50, M|
|poke|p1|Incineroar, L50, M|
|poke|p1|Electabuzz, L50, F|
|poke|p2|Garchomp, L50, M|
|poke|p2|Weezing-Galar, L50, M|
|poke|p2|Archaludon, L50, M|
|poke|p2|Gholdengo, L50|
|poke|p2|Talonflame, L50, M|
|poke|p2|Annihilape, L50, F|
|teampreview|4
|showteam|p1|Gholdengo||ChoiceSpecs|GoodasGold|MakeItRain,SteelBeam,ShadowBall,Trick||||||50|,,,,,Steel]Whimsicott||CovertCloak|Prankster|Moonblast,FakeTears,Tailwind,Encore|||M|||50|,,,,,Water]Ursaluna-Bloodmoon||LifeOrb|MindsEye|BloodMoon,HyperVoice,EarthPower,Protect|||M|||50|,,,,,Normal]Sneasler||WhiteHerb|Unburden|CloseCombat,DireClaw,FakeOut,Protect|||M|||50|,,,,,Ghost]Incineroar||AssaultVest|Intimidate|FakeOut,KnockOff,FlareBlitz,Uturn|||M|||50|,,,,,Grass]Electabuzz||Eviolite|VitalSpirit|Electroweb,FollowMe,Protect,Taunt|||F|||50|,,,,,Water
|showteam|p2|Garchomp||LifeOrb|RoughSkin|DragonClaw,Earthquake,StompingTantrum,Protect|||M|||50|,,,,,Ground]Weezing-Galar||FocusSash|NeutralizingGas|Protect,SludgeBomb,Taunt,StrangeSteam|||M|||50|,,,,,Flying]Archaludon||PowerHerb|Sturdy|ElectroShot,Thunderbolt,DracoMeteor,Protect|||M|||50|,,,,,Electric]Gholdengo||ChoiceSpecs|GoodasGold|ShadowBall,DazzlingGleam,PowerGem,MakeItRain||||||50|,,,,,Fairy]Talonflame||CovertCloak|GaleWings|Tailwind,DualWingbeat,WillOWisp,FlareBlitz|||M|||50|,,,,,Stellar]Annihilape||AssaultVest|Defiant|CloseCombat,RageFist,FinalGambit,IcePunch|||F|||50|,,,,,Grass
|inactive|Battle timer is ON: inactive players will automatically lose when time's up. (requested by VeryFakeVGC)
|c|☆Nnico Iosi|glhf
|inactive|Nnico Iosi has 60 seconds left.
|
|t:|1755906555
|teamsize|p1|4
|teamsize|p2|4
|start
|switch|p1a: Electabuzz|Electabuzz, L50, F|100/100
|switch|p1b: Ursaluna|Ursaluna-Bloodmoon, L50, M|100/100
|switch|p2a: Gholdengo|Gholdengo, L50|100/100
|switch|p2b: Talonflame|Talonflame, L50, M|100/100
|turn|1
|
|t:|1755906575
|move|p1b: Ursaluna|Protect|p1b: Ursaluna
|-singleturn|p1b: Ursaluna|Protect
|move|p2b: Talonflame|Tailwind|p2b: Talonflame
|-sidestart|p2: Nnico Iosi|move: Tailwind
|move|p2a: Gholdengo|Make It Rain|p1b: Ursaluna|[spread] p1a
|-activate|p1b: Ursaluna|move: Protect
|-resisted|p1a: Electabuzz
|-damage|p1a: Electabuzz|74/100
|-unboost|p2a: Gholdengo|spa|1
|move|p1a: Electabuzz|Electroweb|p2b: Talonflame|[spread] p2a,p2b
|-supereffective|p2b: Talonflame
|-damage|p2a: Gholdengo|85/100
|-damage|p2b: Talonflame|52/100
|-unboost|p2a: Gholdengo|spe|1
|
|upkeep
|turn|2
|inactive|Nnico Iosi has 30 seconds left.
|inactive|Nnico Iosi has 20 seconds left.
|
|t:|1755906610
|switch|p2a: Annihilape|Annihilape, L50, F|100/100
|switch|p1b: Gholdengo|Gholdengo, L50|100/100
|move|p2b: Talonflame|Dual Wingbeat|p1b: Gholdengo
|-resisted|p1b: Gholdengo
|-damage|p1b: Gholdengo|91/100
|-resisted|p1b: Gholdengo
|-damage|p1b: Gholdengo|83/100
|-hitcount|p1b: Gholdengo|2
|move|p1a: Electabuzz|Electroweb|p2a: Annihilape|[spread] p2a,p2b
|-supereffective|p2b: Talonflame
|-damage|p2a: Annihilape|92/100
|-damage|p2b: Talonflame|5/100
|-unboost|p2a: Annihilape|spe|1
|-ability|p2a: Annihilape|Defiant|boost
|-boost|p2a: Annihilape|atk|2
|
|upkeep
|turn|3
|inactive|Nnico Iosi has 30 seconds left.
|
|t:|1755906642
|-terastallize|p1b: Gholdengo|Steel
|move|p1a: Electabuzz|Follow Me|p1a: Electabuzz
|-singleturn|p1a: Electabuzz|move: Follow Me
|move|p2b: Talonflame|Flare Blitz|p1a: Electabuzz
|-damage|p1a: Electabuzz|28/100
|-damage|p2b: Talonflame|0 fnt|[from] Recoil
|faint|p2b: Talonflame
|move|p2a: Annihilape|Rage Fist|p1a: Electabuzz
|-damage|p1a: Electabuzz|0 fnt
|faint|p1a: Electabuzz
|move|p1b: Gholdengo|Make It Rain|p2a: Annihilape
|-damage|p2a: Annihilape|11/100
|-unboost|p1b: Gholdengo|spa|1
|
|upkeep
|
|t:|1755906657
|switch|p2b: Gholdengo|Gholdengo, L50|85/100
|switch|p1a: Whimsicott|Whimsicott, L50, M, shiny|100/100
|turn|4
|inactive|Nnico Iosi has 30 seconds left.
|inactive|Nnico Iosi has 20 seconds left.
|inactive|Nnico Iosi has 15 seconds left.
|inactive|Nnico Iosi has 10 seconds left.
|
|t:|1755906704
|move|p1a: Whimsicott|Tailwind|p1a: Whimsicott
|-sidestart|p1: VeryFakeVGC|move: Tailwind
|move|p1b: Gholdengo|Make It Rain|p2a: Annihilape|[spread] p2a,p2b
|-resisted|p2b: Gholdengo
|-damage|p2a: Annihilape|0 fnt
|-damage|p2b: Gholdengo|51/100
|-unboost|p1b: Gholdengo|spa|1
|faint|p2a: Annihilape
|move|p2b: Gholdengo|Make It Rain|p1a: Whimsicott|[spread] p1a,p1b
|-supereffective|p1a: Whimsicott
|-resisted|p1b: Gholdengo
|-damage|p1a: Whimsicott|0 fnt
|-damage|p1b: Gholdengo|43/100
|-unboost|p2b: Gholdengo|spa|1
|faint|p1a: Whimsicott
|
|-sideend|p2: Nnico Iosi|move: Tailwind
|upkeep
|
|t:|1755906712
|switch|p1a: Ursaluna|Ursaluna-Bloodmoon, L50, M|100/100
|switch|p2a: Archaludon|Archaludon, L50, M|100/100
|turn|5
|inactive|Nnico Iosi has 30 seconds left.
|
|t:|1755906744
|move|p2a: Archaludon|Protect|p2a: Archaludon
|-singleturn|p2a: Archaludon|Protect
|move|p1b: Gholdengo|Make It Rain|p2a: Archaludon|[spread] p2b
|-activate|p2a: Archaludon|move: Protect
|-resisted|p2b: Gholdengo
|-damage|p2b: Gholdengo|24/100
|-unboost|p1b: Gholdengo|spa|1
|move|p1a: Ursaluna|Earth Power|p2b: Gholdengo
|-supereffective|p2b: Gholdengo
|-crit|p2b: Gholdengo
|-damage|p2b: Gholdengo|0 fnt
|faint|p2b: Gholdengo
|-damage|p1a: Ursaluna|91/100|[from] item: Life Orb
|
|upkeep
|turn|6
|
|t:|1755906756
|move|p2a: Archaludon|Protect||[still]
|-fail|p2a: Archaludon
|move|p1b: Gholdengo|Make It Rain|p2a: Archaludon
|-resisted|p2a: Archaludon
|-damage|p2a: Archaludon|63/100
|-unboost|p1b: Gholdengo|spa|1
|move|p1a: Ursaluna|Earth Power|p2a: Archaludon
|-supereffective|p2a: Archaludon
|-damage|p2a: Archaludon|0 fnt
|faint|p2a: Archaludon
|-damage|p1a: Ursaluna|81/100|[from] item: Life Orb
|
|win|VeryFakeVGC
|raw|VeryFakeVGC's rating: 1305 → 1326(+21 for winning)
|raw|Nnico Iosi's rating: 1329 → 1308(-21 for losing)
