|j|☆Koraidonkoalition
|j|☆glofer
|html|Koraidonkoalitionglofer    
|uhtml|bestof|Game 2 of a best-of-3
|t:|1785421503
|gametype|doubles
|player|p1|Koraidonkoalition|colress|1139
|player|p2|glofer|blackbelt|1032
|gen|9
|tier|[Gen 9 Champions] VGC 2026 Reg M-B (Bo3)
|rated|
|rule|Species Clause: Limit one of each Pokémon
|rule|Item Clause: Limit 1 of each item
|clearpoke
|poke|p1|Delphox, L50, M|
|poke|p1|Garchomp, L50, F|
|poke|p1|Sneasler, L50, M|
|poke|p1|Staraptor, L50, F|
|poke|p1|Kingambit, L50, F|
|poke|p1|Whimsicott, L50, M|
|poke|p2|Bellibolt, L50, F|
|poke|p2|Raichu, L50, F|
|poke|p2|Manectric, L50, M|
|poke|p2|Eelektross, L50, M|
|poke|p2|Emolga, L50, F|
|poke|p2|Heliolisk, L50, F|
|teampreview|4
|showteam|p1|Delphox||Delphoxite|Blaze|HeatWave,Psychic,Substitute,Protect|Modest||M|||50|]Garchomp||LifeOrb|RoughSkin|Earthquake,DragonClaw,RockSlide,Protect|Jolly||F|||50|]Sneasler||FocusSash|Unburden|CloseCombat,DireClaw,RockTomb,FakeOut|Naive||M|||50|]Staraptor||Staraptite|Intimidate|CloseCombat,DualWingbeat,Roost,Protect|Jolly||F|||50|]Kingambit||ChopleBerry|Defiant|KowtowCleave,SuckerPunch,IronHead,LowKick|Adamant||F|||50|]Whimsicott||OccaBerry|Prankster|Moonblast,Charm,Tailwind,LightScreen|Timid||M|||50|
|showteam|p2|Bellibolt||Leftovers|Electromorphosis|ParabolicCharge,AcidSpray,Soak,Protect|Modest||F|||50|]Raichu||RaichuniteY|LightningRod|ZapCannon,FocusBlast,FakeOut,Protect|Timid||F|||50|]Manectric||Manectite|LightningRod|VoltSwitch,Flamethrower,Snarl,Protect|Timid||M|||50|]Eelektross||LifeOrb|Levitate|SupercellSlam,DrainPunch,Bulldoze,Coil|Brave||M|||50|]Emolga||FocusSash|MotorDrive|Electroweb,AirSlash,LightScreen,Protect|Timid||F|||50|]Heliolisk||ChoiceScarf|DrySkin|Thunderbolt,HyperVoice,DragonPulse,DarkPulse|Timid||F|||50|
|inactive|Battle timer is ON: inactive players will automatically lose when time's up. (requested by Koraidonkoalition)
|
|t:|1785421515
|teamsize|p1|4
|teamsize|p2|4
|start
|switch|p1a: Staraptor|Staraptor, L50, F|100/100
|switch|p1b: Whimsicott|Whimsicott, L50, M|100/100
|switch|p2a: Emolga|Emolga, L50, F|100/100
|switch|p2b: Raichu|Raichu, L50, F|100/100
|-ability|p1a: Staraptor|Intimidate|boost
|-unboost|p2a: Emolga|atk|1
|-unboost|p2b: Raichu|atk|1
|turn|1
|
|t:|1785421526
|detailschange|p2b: Raichu|Raichu-Mega-Y, L50, F
|-mega|p2b: Raichu|Raichu|Raichunite Y
|detailschange|p1a: Staraptor|Staraptor-Mega, L50, F
|-mega|p1a: Staraptor|Staraptor|Staraptite
|move|p1b: Whimsicott|Tailwind|p1b: Whimsicott
|-sidestart|p1: Koraidonkoalition|move: Tailwind
|move|p1a: Staraptor|Close Combat|p2b: Raichu
|-damage|p2b: Raichu|0 fnt
|-boost|p1a: Staraptor|def|1
|-boost|p1a: Staraptor|spd|1
|faint|p2b: Raichu
|move|p2a: Emolga|Air Slash|p1b: Whimsicott
|-supereffective|p1b: Whimsicott|1
|-damage|p1b: Whimsicott|20/100y
|
|upkeep
|
|t:|1785421537
|switch|p2b: Bellibolt|Bellibolt, L50, F|100/100
|turn|2
|
|t:|1785421561
|move|p1b: Whimsicott|Charm|p1a: Staraptor
|-boost|p1a: Staraptor|atk|2
|move|p1a: Staraptor|Close Combat|p2a: Emolga
|-resisted|p2a: Emolga|1
|-enditem|p2a: Emolga|Focus Sash
|-damage|p2a: Emolga|1/100
|-boost|p1a: Staraptor|def|1
|-boost|p1a: Staraptor|spd|1
|move|p2a: Emolga|Air Slash|p1b: Whimsicott
|-supereffective|p1b: Whimsicott|1
|-damage|p1b: Whimsicott|0 fnt
|faint|p1b: Whimsicott
|move|p2b: Bellibolt|Soak|p1a: Staraptor
|-start|p1a: Staraptor|typechange|Water
|
|upkeep
|
|t:|1785421569
|switch|p1b: Sneasler|Sneasler, L50, M|100/100
|turn|3
|
|t:|1785421578
|move|p2a: Emolga|Protect|p2a: Emolga
|-singleturn|p2a: Emolga|Protect
|move|p2b: Bellibolt|Protect|p2b: Bellibolt
|-singleturn|p2b: Bellibolt|Protect
|move|p1b: Sneasler|Close Combat|p2b: Bellibolt
|-activate|p2b: Bellibolt|move: Protect
|move|p1a: Staraptor|Close Combat|p2b: Bellibolt
|-activate|p2b: Bellibolt|move: Protect
|
|upkeep
|turn|4
|
|t:|1785421588
|move|p1b: Sneasler|Close Combat|p2b: Bellibolt
|-damage|p2b: Bellibolt|45/100
|-unboost|p1b: Sneasler|def|1
|-unboost|p1b: Sneasler|spd|1
|-start|p2b: Bellibolt|Charge|Close Combat|[from] ability: Electromorphosis
|move|p1a: Staraptor|Close Combat|p2b: Bellibolt
|-damage|p2b: Bellibolt|0 fnt
|-boost|p1a: Staraptor|def|1
|-boost|p1a: Staraptor|spd|1
|faint|p2b: Bellibolt
|move|p2a: Emolga|Air Slash|p1b: Sneasler
|-supereffective|p1b: Sneasler|1
|-enditem|p1b: Sneasler|Focus Sash
|-damage|p1b: Sneasler|1/100
|
|-sideend|p1: Koraidonkoalition|move: Tailwind
|upkeep
|
|t:|1785421593
|switch|p2b: Eelektross|Eelektross, L50, M|100/100
|turn|5
|
|t:|1785421598
|move|p1b: Sneasler|Rock Tomb|p1a: Staraptor
|-damage|p1a: Staraptor|90/100
|-boost|p1a: Staraptor|spe|1
|move|p1a: Staraptor|Close Combat|p2b: Eelektross
|-damage|p2b: Eelektross|19/100
|-boost|p1a: Staraptor|def|1
|-boost|p1a: Staraptor|spd|1
|move|p2a: Emolga|Electroweb|p1a: Staraptor|[spread] p1a,p1b
|-supereffective|p1a: Staraptor|1
|-damage|p1a: Staraptor|77/100
|-damage|p1b: Sneasler|0 fnt
|-boost|p1a: Staraptor|spe|1
|faint|p1b: Sneasler
|move|p2b: Eelektross|Supercell Slam|p1a: Staraptor
|-supereffective|p1a: Staraptor|1
|-damage|p1a: Staraptor|32/100
|-damage|p2b: Eelektross|9/100|[from] item: Life Orb
|
|upkeep
|
|t:|1785421605
|switch|p1b: Garchomp|Garchomp, L50, F|100/100
|turn|6
|
|t:|1785421618
|move|p1a: Staraptor|Close Combat|p2b: Eelektross
|-damage|p2b: Eelektross|0 fnt
|-boost|p1a: Staraptor|def|1
|-boost|p1a: Staraptor|spd|1
|faint|p2b: Eelektross
|move|p2a: Emolga|Air Slash|p1a: Staraptor
|-damage|p1a: Staraptor|22/100
|move|p1b: Garchomp|Rock Slide|p2a: Emolga
|-supereffective|p2a: Emolga|1
|-damage|p2a: Emolga|0 fnt
|faint|p2a: Emolga
|-damage|p1b: Garchomp|90/100|[from] item: Life Orb
|
|win|Koraidonkoalition
|raw|Koraidonkoalition's rating: 1139 → 1157(+18 for winning)
|raw|glofer's rating: 1032 → 1022(-10 for losing)
