|j|☆Cuddo
|j|☆squall.sucks
|html|Cuddosquall.sucks    
|uhtml|bestof|Game 3 of a best-of-3
|t:|1785100870
|gametype|doubles
|player|p1|Cuddo|266|
|player|p2|squall.sucks|101|
|gen|9
|tier|[Gen 9 Champions] VGC 2026 Reg M-B (Bo3)
|rule|Species Clause: Limit one of each Pokémon
|rule|Item Clause: Limit 1 of each item
|clearpoke
|poke|p1|Talonflame, L50, M|
|poke|p1|Raichu, L50, M|
|poke|p1|Tauros-Paldea-Aqua, L50, M|
|poke|p1|Sneasler, L50, F|
|poke|p1|Floette-Eternal, L50, F|
|poke|p1|Kleavor, L50, M|
|poke|p2|Archaludon, L50, F|
|poke|p2|Pelipper, L50, F|
|poke|p2|Gallade, L50, M|
|poke|p2|Scovillain, L50, M|
|poke|p2|Scizor, L50, F|
|poke|p2|Krookodile, L50, F|
|teampreview|4
|showteam|p1|Talonflame||SharpBeak|GaleWings|BraveBird,FlareBlitz,Protect,Tailwind|Adamant||M|||50|]Raichu||RaichuniteY|LightningRod|FakeOut,ZapCannon,FocusBlast,Protect|Timid||M|||50|]Tauros-Paldea-Aqua||ChoiceScarf|Intimidate|CloseCombat,WaveCrash,AquaJet,Protect|Jolly||M|||50|]Sneasler||WhiteHerb|Unburden|DireClaw,CloseCombat,FakeOut,Protect|Jolly||F|||50|]Floette-Eternal||Floettite|FlowerVeil|LightofRuin,Moonblast,DazzlingGleam,Protect|Timid||F|||50|]Kleavor||FocusSash|Sharpness|StoneAxe,Uturn,RockSlide,Protect|Jolly||M|||50|
|showteam|p2|Archaludon||ChopleBerry|Stamina|ElectroShot,Protect,FlashCannon,Snarl|Modest||F|||50|]Pelipper||SitrusBerry|Drizzle|Tailwind,Hurricane,WideGuard,WeatherBall|Modest||F|||50|]Gallade||FocusSash|Sharpness|PsychoCut,CloseCombat,TrickRoom,Imprison|Brave||M|||50|]Scovillain||Scovillainite|Moody|RagePowder,LeechSeed,Overheat,Protect|Calm||M|||50|]Scizor||MetalCoat|Technician|DualWingbeat,BulletPunch,Protect,SwordsDance|Adamant||F|||50|]Krookodile||ChoiceScarf|Moxie|HighHorsepower,RockSlide,GunkShot,Earthquake|Adamant||F|||50|
|
|t:|1785100908
|teamsize|p1|4
|teamsize|p2|4
|start
|switch|p1a: Talonflame|Talonflame, L50, M|100/100
|switch|p1b: Tauros|Tauros-Paldea-Aqua, L50, M|100/100
|switch|p2a: Archaludon|Archaludon, L50, F|100/100
|switch|p2b: Pelipper|Pelipper, L50, F|100/100
|-ability|p1b: Tauros|Intimidate|boost
|-unboost|p2a: Archaludon|atk|1
|-unboost|p2b: Pelipper|atk|1
|-weather|RainDance|[from] ability: Drizzle|[of] p2b: Pelipper
|turn|1
|
|t:|1785100935
|move|p1a: Talonflame|Protect|p1a: Talonflame
|-singleturn|p1a: Talonflame|Protect
|move|p1b: Tauros|Close Combat|p2a: Archaludon
|-supereffective|p2a: Archaludon|1
|-crit|p2a: Archaludon
|-enditem|p2a: Archaludon|Chople Berry|[eat]
|-enditem|p2a: Archaludon|Chople Berry|[weaken]
|-damage|p2a: Archaludon|37/100
|-unboost|p1b: Tauros|def|1
|-unboost|p1b: Tauros|spd|1
|-ability|p2a: Archaludon|Stamina|boost
|-boost|p2a: Archaludon|def|1
|move|p2a: Archaludon|Electro Shot||[still]
|-prepare|p2a: Archaludon|Electro Shot
|-boost|p2a: Archaludon|spa|1
|-anim|p2a: Archaludon|Electro Shot|p1b: Tauros
|-supereffective|p1b: Tauros|1
|-damage|p1b: Tauros|0 fnt
|faint|p1b: Tauros
|move|p2b: Pelipper|Tailwind|p2b: Pelipper
|-sidestart|p2: squall.sucks|move: Tailwind
|
|-weather|RainDance|[upkeep]
|upkeep
|
|t:|1785100955
|switch|p1b: Floette|Floette-Eternal, L50, F|100/100
|turn|2
|
|t:|1785100984
|detailschange|p1b: Floette|Floette-Mega, L50, F
|-mega|p1b: Floette|Floette|Floettite
|-ability|p1b: Floette|Fairy Aura
|move|p2b: Pelipper|Wide Guard|p2b: Pelipper
|-singleturn|p2b: Pelipper|Wide Guard
|move|p1a: Talonflame|Tailwind|p1a: Talonflame
|-sidestart|p1: Cuddo|move: Tailwind
|move|p1b: Floette|Dazzling Gleam|p2a: Archaludon|[spread] 
|-activate|p2a: Archaludon|move: Wide Guard
|-activate|p2b: Pelipper|move: Wide Guard
|move|p2a: Archaludon|Flash Cannon|p1b: Floette
|-supereffective|p1b: Floette|1
|-damage|p1b: Floette|4/100
|
|-weather|RainDance|[upkeep]
|upkeep
|turn|3
|
|t:|1785101015
|move|p2a: Archaludon|Protect|p2a: Archaludon
|-singleturn|p2a: Archaludon|Protect
|move|p1a: Talonflame|Brave Bird|p2b: Pelipper
|-damage|p2b: Pelipper|37/100
|-enditem|p2b: Pelipper|Sitrus Berry|[eat]
|-heal|p2b: Pelipper|61/100|[from] item: Sitrus Berry
|-damage|p1a: Talonflame|81/100|[from] Recoil
|move|p1b: Floette|Dazzling Gleam|p2a: Archaludon|[spread] p2b
|-activate|p2a: Archaludon|move: Protect
|-damage|p2b: Pelipper|7/100
|move|p2b: Pelipper|Weather Ball|p1b: Floette
|-damage|p1b: Floette|0 fnt
|faint|p1b: Floette
|
|-weather|RainDance|[upkeep]
|upkeep
|
|t:|1785101033
|switch|p1b: Sneasler|Sneasler, L50, F|100/100
|turn|4
|
|t:|1785101051
|move|p1b: Sneasler|Close Combat|p2a: Archaludon
|-supereffective|p2a: Archaludon|1
|-damage|p2a: Archaludon|0 fnt
|-unboost|p1b: Sneasler|def|1
|-unboost|p1b: Sneasler|spd|1
|faint|p2a: Archaludon
|-enditem|p1b: Sneasler|White Herb
|-clearnegativeboost|p1b: Sneasler|[silent]
|move|p1a: Talonflame|Brave Bird|p2b: Pelipper
|-damage|p2b: Pelipper|0 fnt
|faint|p2b: Pelipper
|-damage|p1a: Talonflame|78/100|[from] Recoil
|
|-weather|RainDance|[upkeep]
|-sideend|p2: squall.sucks|move: Tailwind
|upkeep
|
|t:|1785101064
|switch|p2a: Scizor|Scizor, L50, F|100/100
|switch|p2b: Krookodile|Krookodile, L50, F|100/100
|turn|5
|
|t:|1785101083
|move|p1b: Sneasler|Close Combat|p2b: Krookodile
|-supereffective|p2b: Krookodile|1
|-crit|p2b: Krookodile
|-damage|p2b: Krookodile|0 fnt
|-unboost|p1b: Sneasler|def|1
|-unboost|p1b: Sneasler|spd|1
|faint|p2b: Krookodile
|move|p1a: Talonflame|Brave Bird|p2a: Scizor
|-damage|p2a: Scizor|41/100
|-damage|p1a: Talonflame|60/100|[from] Recoil
|move|p2a: Scizor|Dual Wingbeat|p1b: Sneasler
|-supereffective|p1b: Sneasler|1
|-damage|p1b: Sneasler|0 fnt
|faint|p1b: Sneasler
|-hitcount|p1: Sneasler|1
|
|-weather|none
|-sideend|p1: Cuddo|move: Tailwind
|upkeep
|turn|6
|
|t:|1785101102
|move|p2a: Scizor|Protect|p2a: Scizor
|-singleturn|p2a: Scizor|Protect
|move|p1a: Talonflame|Flare Blitz|p2a: Scizor
|-activate|p2a: Scizor|move: Protect
|
|upkeep
|turn|7
|c|☆squall.sucks|ggs
|c|☆Cuddo|Gg
|
|t:|1785101128
|move|p2a: Scizor|Bullet Punch|p1a: Talonflame
|-resisted|p1a: Talonflame|1
|-damage|p1a: Talonflame|34/100
|move|p1a: Talonflame|Flare Blitz|p2a: Scizor
|-supereffective|p2a: Scizor|2
|-damage|p2a: Scizor|0 fnt
|faint|p2a: Scizor
|-damage|p1a: Talonflame|21/100|[from] Recoil
|
|win|Cuddo
