|j|☆GS Barnabe
|j|☆kingjdjdjd
|html|GS Barnabekingjdjdjd    
|uhtml|bestof|Game 3 of a best-of-3
|t:|1785716924
|gametype|doubles
|player|p1|GS Barnabe|265|1257
|player|p2|kingjdjdjd|1|1243
|gen|9
|tier|[Gen 9 Champions] VGC 2026 Reg M-B (Bo3)
|rated|
|rule|Species Clause: Limit one of each Pokémon
|rule|Item Clause: Limit 1 of each item
|clearpoke
|poke|p1|Clefable, L50, M|
|poke|p1|Tyranitar, L50, F|
|poke|p1|Garchomp, L50, M|
|poke|p1|Gholdengo, L50|
|poke|p1|Rotom-Wash, L50|
|poke|p1|Aerodactyl, L50, F|
|poke|p2|Charizard, L50, M|
|poke|p2|Mamoswine, L50, F|
|poke|p2|Venusaur, L50, F|
|poke|p2|Incineroar, L50, M|
|poke|p2|Toxapex, L50, M|
|poke|p2|Hydreigon, L50, F|
|teampreview|4
|showteam|p1|Clefable||SitrusBerry|Unaware|Moonblast,HelpingHand,FollowMe,Protect|Bold||M|||50|]Tyranitar||ChoiceScarf|SandStream|RockSlide,KnockOff,IcePunch,Superpower|Jolly||F|||50|]Garchomp||Garchompite|SandVeil|DracoMeteor,EarthPower,PowerGem,Protect|Modest||M|||50|]Gholdengo||LifeOrb|GoodasGold|MakeItRain,ShadowBall,NastyPlot,Protect|Modest|||||50|]Rotom-Wash||Leftovers|Levitate|HydroPump,VoltSwitch,WillOWisp,Protect|Calm|||||50|]Aerodactyl||Aerodactylite|RockHead|RockSlide,DualWingbeat,Tailwind,Protect|Jolly||F|||50|
|showteam|p2|Charizard||CharizarditeY|Blaze|HeatWave,WeatherBall,SolarBeam,Protect|Modest||M|||50|]Mamoswine||LifeOrb|Oblivious|Earthquake,HighHorsepower,IceShard,Protect|Jolly||F|||50|]Venusaur||FocusSash|Chlorophyll|SludgeBomb,EarthPower,Protect,SleepPowder|Modest||F|||50|]Incineroar||ChopleBerry|Intimidate|FakeOut,FlareBlitz,CloseCombat,PartingShot|Adamant||M|||50|]Toxapex||Leftovers|Regenerator|Infestation,Toxic,WideGuard,BanefulBunker|Calm||M|||50|]Hydreigon||RoseliBerry|Levitate|DracoMeteor,Tailwind,Snarl,Protect|Modest||F|||50|
|
|t:|1785716969
|teamsize|p1|4
|teamsize|p2|4
|start
|switch|p1a: Garchomp|Garchomp, L50, M|100/100
|switch|p1b: Rotom|Rotom-Wash, L50|100/100
|switch|p2a: Mamoswine|Mamoswine, L50, F|100/100
|switch|p2b: Charizard|Charizard, L50, M|100/100
|turn|1
|
|t:|1785717012
|detailschange|p2b: Charizard|Charizard-Mega-Y, L50, M
|-mega|p2b: Charizard|Charizard|Charizardite Y
|-weather|SunnyDay|[from] ability: Drought|[of] p2b: Charizard
|move|p1a: Garchomp|Protect|p1a: Garchomp
|-singleturn|p1a: Garchomp|Protect
|move|p1b: Rotom|Protect|p1b: Rotom
|-singleturn|p1b: Rotom|Protect
|move|p2a: Mamoswine|Ice Shard|p1a: Garchomp
|-activate|p1a: Garchomp|move: Protect
|move|p2b: Charizard|Solar Beam||[still]
|-prepare|p2b: Charizard|Solar Beam
|-anim|p2b: Charizard|Solar Beam|p1b: Rotom
|-activate|p1b: Rotom|move: Protect
|
|-weather|SunnyDay|[upkeep]
|upkeep
|turn|2
|
|t:|1785717034
|switch|p1a: Tyranitar|Tyranitar, L50, F|100/100
|-weather|Sandstorm|[from] ability: Sand Stream|[of] p1a: Tyranitar
|switch|p2b: Incineroar|Incineroar, L50, M|100/100
|-ability|p2b: Incineroar|Intimidate|boost
|-unboost|p1a: Tyranitar|atk|1
|-unboost|p1b: Rotom|atk|1
|move|p2a: Mamoswine|Earthquake|p1a: Tyranitar|[spread] p2b,p1a
|-immune|p1b: Rotom|[from] ability: Levitate
|-supereffective|p2b: Incineroar|1
|-supereffective|p1a: Tyranitar|1
|-damage|p2b: Incineroar|0 fnt
|-damage|p1a: Tyranitar|13/100
|faint|p2b: Incineroar
|-damage|p2a: Mamoswine|90/100|[from] item: Life Orb
|move|p1b: Rotom|Hydro Pump|p2a: Mamoswine
|-supereffective|p2a: Mamoswine|1
|-crit|p2a: Mamoswine
|-damage|p2a: Mamoswine|0 fnt
|faint|p2a: Mamoswine
|
|-weather|Sandstorm|[upkeep]
|-damage|p1b: Rotom|94/100|[from] Sandstorm
|-heal|p1b: Rotom|100/100|[from] item: Leftovers
|upkeep
|
|t:|1785717058
|switch|p2a: Hydreigon|Hydreigon, L50, F|100/100
|switch|p2b: Charizard|Charizard-Mega-Y, L50, M|100/100
|-weather|SunnyDay|[from] ability: Drought|[of] p2b: Charizard
|turn|3
|
|t:|1785717083
|switch|p1a: Garchomp|Garchomp, L50, M|100/100
|move|p2a: Hydreigon|Tailwind|p2a: Hydreigon
|-sidestart|p2: kingjdjdjd|move: Tailwind
|move|p2b: Charizard|Heat Wave|p1a: Garchomp|[spread] p1a,p1b
|-resisted|p1a: Garchomp|1
|-resisted|p1b: Rotom|1
|-damage|p1a: Garchomp|63/100
|-damage|p1b: Rotom|66/100
|move|p1b: Rotom|Volt Switch|p2b: Charizard
|-supereffective|p2b: Charizard|1
|-damage|p2b: Charizard|53/100
|
|t:|1785717095
|switch|p1b: Tyranitar|Tyranitar, L50, F|13/100|[from] Volt Switch
|-weather|Sandstorm|[from] ability: Sand Stream|[of] p1b: Tyranitar
|
|-weather|Sandstorm|[upkeep]
|-damage|p2a: Hydreigon|94/100|[from] Sandstorm
|-damage|p2b: Charizard|47/100|[from] Sandstorm
|upkeep
|turn|4
|
|t:|1785717113
|detailschange|p1a: Garchomp|Garchomp-Mega, L50, M
|-mega|p1a: Garchomp|Garchomp|Garchompite
|move|p2a: Hydreigon|Draco Meteor|p1a: Garchomp
|-supereffective|p1a: Garchomp|1
|-damage|p1a: Garchomp|0 fnt
|-unboost|p2a: Hydreigon|spa|2
|faint|p1a: Garchomp
|move|p2b: Charizard|Heat Wave|p1b: Tyranitar
|-resisted|p1b: Tyranitar|1
|-damage|p1b: Tyranitar|0 fnt
|faint|p1b: Tyranitar
|
|-weather|Sandstorm|[upkeep]
|-damage|p2a: Hydreigon|88/100|[from] Sandstorm
|-damage|p2b: Charizard|41/100|[from] Sandstorm
|upkeep
|
|t:|1785717132
|switch|p1a: Clefable|Clefable, L50, M|100/100
|switch|p1b: Rotom|Rotom-Wash, L50|66/100
|turn|5
|
|t:|1785717149
|move|p2a: Hydreigon|Snarl|p1a: Clefable|[spread] p1a
|-miss|p2a: Hydreigon|p1b: Rotom
|-resisted|p1a: Clefable|1
|-damage|p1a: Clefable|91/100
|-unboost|p1a: Clefable|spa|1
|move|p2b: Charizard|Weather Ball|p1b: Rotom
|-damage|p1b: Rotom|24/100
|move|p1b: Rotom|Hydro Pump|p2b: Charizard|[miss]
|-miss|p1b: Rotom|p2b: Charizard
|move|p1a: Clefable|Moonblast|p2a: Hydreigon
|-supereffective|p2a: Hydreigon|2
|-enditem|p2a: Hydreigon|Roseli Berry|[eat]
|-enditem|p2a: Hydreigon|Roseli Berry|[weaken]
|-damage|p2a: Hydreigon|45/100
|-unboost|p2a: Hydreigon|spa|1
|
|-weather|Sandstorm|[upkeep]
|-damage|p2a: Hydreigon|39/100|[from] Sandstorm
|-damage|p2b: Charizard|35/100|[from] Sandstorm
|-damage|p1b: Rotom|18/100|[from] Sandstorm
|-damage|p1a: Clefable|85/100|[from] Sandstorm
|-heal|p1b: Rotom|24/100|[from] item: Leftovers
|upkeep
|turn|6
|
|t:|1785717191
|move|p2a: Hydreigon|Protect|p2a: Hydreigon
|-singleturn|p2a: Hydreigon|Protect
|move|p1b: Rotom|Protect|p1b: Rotom
|-singleturn|p1b: Rotom|Protect
|move|p1a: Clefable|Protect|p1a: Clefable
|-singleturn|p1a: Clefable|Protect
|move|p2b: Charizard|Weather Ball|p1a: Clefable
|-activate|p1a: Clefable|move: Protect
|
|-weather|Sandstorm|[upkeep]
|-damage|p2a: Hydreigon|34/100|[from] Sandstorm
|-damage|p2b: Charizard|29/100|[from] Sandstorm
|-damage|p1b: Rotom|18/100|[from] Sandstorm
|-damage|p1a: Clefable|79/100|[from] Sandstorm
|-heal|p1b: Rotom|24/100|[from] item: Leftovers
|-sideend|p2: kingjdjdjd|move: Tailwind
|upkeep
|turn|7
|
|t:|1785717215
|move|p2a: Hydreigon|Tailwind|p2a: Hydreigon
|-sidestart|p2: kingjdjdjd|move: Tailwind
|move|p2b: Charizard|Weather Ball|p1b: Rotom
|-damage|p1b: Rotom|0 fnt
|faint|p1b: Rotom
|move|p1a: Clefable|Moonblast|p2a: Hydreigon
|-supereffective|p2a: Hydreigon|2
|-damage|p2a: Hydreigon|0 fnt
|faint|p2a: Hydreigon
|
|-weather|none
|upkeep
|turn|8
|
|t:|1785717229
|move|p2b: Charizard|Heat Wave|p1a: Clefable
|-damage|p1a: Clefable|22/100
|-enditem|p1a: Clefable|Sitrus Berry|[eat]
|-heal|p1a: Clefable|47/100|[from] item: Sitrus Berry
|move|p1a: Clefable|Moonblast|p2b: Charizard
|-resisted|p2b: Charizard|1
|-damage|p2b: Charizard|18/100
|
|upkeep
|turn|9
|
|t:|1785717239
|move|p2b: Charizard|Heat Wave|p1a: Clefable|[miss]
|-miss|p2b: Charizard|p1a: Clefable
|move|p1a: Clefable|Moonblast|p2b: Charizard
|-resisted|p2b: Charizard|1
|-damage|p2b: Charizard|7/100
|
|upkeep
|turn|10
|
|t:|1785717248
|move|p2b: Charizard|Heat Wave|p1a: Clefable|[miss]
|-miss|p2b: Charizard|p1a: Clefable
|move|p1a: Clefable|Moonblast|p2b: Charizard
|-resisted|p2b: Charizard|1
|-damage|p2b: Charizard|0 fnt
|faint|p2b: Charizard
|
|win|GS Barnabe
|raw|GS Barnabe's rating: 1257 → 1281(+24 for winning)
|raw|kingjdjdjd's rating: 1243 → 1219(-24 for losing)
|c|☆kingjdjdjd|ww. ggs
|c|☆kingjdjdjd|wow
|l|☆GS Barnabe
|player|p1|
|l|☆kingjdjdjd
|player|p2|
|j|☆GS Barnabe
|player|p1|GS Barnabe|265|
|l|☆GS Barnabe
|player|p1|
|j|☆kingjdjdjd
|player|p2|kingjdjdjd|1|
