|j|☆Chelicerate1
|j|☆Glofer
|html|Chelicerate1Glofer    
|uhtml|bestof|Game 2 of a best-of-3
|t:|1782734023
|gametype|doubles
|player|p1|Chelicerate1|ethan|1153
|player|p2|Glofer|blackbelt|1185
|gen|9
|tier|[Gen 9 Champions] VGC 2026 Reg M-B (Bo3)
|rated|
|rule|Species Clause: Limit one of each Pokémon
|rule|Item Clause: Limit 1 of each item
|clearpoke
|poke|p1|Pelipper, L50, F, shiny|
|poke|p1|Swampert, L50, M, shiny|
|poke|p1|Archaludon, L50, F, shiny|
|poke|p1|Grimmsnarl, L50, M, shiny|
|poke|p1|Sinistcha, L50, shiny|
|poke|p1|Metagross, L50, shiny|
|poke|p2|Swampert, L50, M|
|poke|p2|Meganium, L50, F|
|poke|p2|Glimmora, L50, F|
|poke|p2|Vivillon, L50, M|
|poke|p2|Pelipper, L50, F|
|poke|p2|Tinkaton, L50, F|
|teampreview|4
|showteam|p1|Pelipper||SitrusBerry|Drizzle|Hurricane,WeatherBall,Tailwind,Protect|Calm||F|||50|]Swampert||Swampertite|Torrent|WaveCrash,Earthquake,IcePunch,Protect|Adamant||M|||50|]Archaludon||Leftovers|Stamina|ElectroShot,FlashCannon,DragonPulse,Protect|Modest||F|||50|]Grimmsnarl||LightClay|Prankster|LightScreen,Reflect,FoulPlay,PartingShot|Careful||M|||50|]Sinistcha||CobaBerry|Hospitality|MatchaGotcha,RagePowder,TrickRoom,LifeDew|Calm|||||50|]Metagross||Metagrossite|ClearBody|IronHead,PsychicFangs,BodyPress,Protect|Jolly|||||50|
|showteam|p2|Swampert||Swampertite|Damp|WaveCrash,Earthquake,IcePunch,Protect|Adamant||M|||50|]Meganium||Meganiumite|LeafGuard|SolarBeam,DazzlingGleam,WeatherBall,Protect|Timid||F|||50|]Glimmora||LifeOrb|ToxicDebris|SludgeBomb,PowerGem,EarthPower,Protect|Timid||F|||50|]Vivillon||FocusSash|CompoundEyes|PollenPuff,SleepPowder,Tailwind,Protect|Timid||M|||50|]Pelipper||WideLens|Drizzle|Hurricane,MuddyWater,WideGuard,Protect|Modest||F|||50|]Tinkaton||Leftovers|OwnTempo|GigatonHammer,PlayRough,FakeOut,Protect|Jolly||F|||50|
|inactive|Battle timer is ON: inactive players will automatically lose when time's up. (requested by Chelicerate1)
|inactive|Chelicerate1 has 60 seconds left.
|
|t:|1782734071
|teamsize|p1|4
|teamsize|p2|4
|start
|switch|p1a: Metagross|Metagross, L50, shiny|100/100
|switch|p1b: Grimmsnarl|Grimmsnarl, L50, M, shiny|100/100
|switch|p2a: Tinkaton|Tinkaton, L50, F|100/100
|switch|p2b: Meganium|Meganium, L50, F|100/100
|turn|1
|inactive|Glofer has 30 seconds left.
|inactive|Glofer has 20 seconds left.
|inactive|Glofer has 15 seconds left.
|
|t:|1782734113
|switch|p2b: Vivillon|Vivillon, L50, M|100/100
|detailschange|p1a: Metagross|Metagross-Mega, L50, shiny
|-mega|p1a: Metagross|Metagross|Metagrossite
|move|p2a: Tinkaton|Fake Out|p1a: Metagross
|-resisted|p1a: Metagross|1
|-damage|p1a: Metagross|96/100
|move|p1b: Grimmsnarl|Light Screen|p1b: Grimmsnarl
|-sidestart|p1: Chelicerate1|move: Light Screen
|cant|p1a: Metagross|flinch
|
|upkeep
|turn|2
|
|t:|1782734135
|move|p1a: Metagross|Protect|p1a: Metagross
|-singleturn|p1a: Metagross|Protect
|move|p2a: Tinkaton|Protect|p2a: Tinkaton
|-singleturn|p2a: Tinkaton|Protect
|move|p2b: Vivillon|Tailwind|p2b: Vivillon
|-sidestart|p2: Glofer|move: Tailwind
|move|p1b: Grimmsnarl|Foul Play|p2b: Vivillon
|-damage|p2b: Vivillon|68/100
|
|upkeep
|turn|3
|
|t:|1782734159
|move|p2a: Tinkaton|Gigaton Hammer|p1b: Grimmsnarl
|-supereffective|p1b: Grimmsnarl|1
|-damage|p1b: Grimmsnarl|0 fnt
|faint|p1b: Grimmsnarl
|move|p2b: Vivillon|Sleep Powder|p1a: Metagross
|-status|p1a: Metagross|slp|[from] move: Sleep Powder
|cant|p1a: Metagross|slp
|
|upkeep
|
|t:|1782734169
|switch|p1b: Pelipper|Pelipper, L50, F, shiny|100/100
|-weather|RainDance|[from] ability: Drizzle|[of] p1b: Pelipper
|turn|4
|
|t:|1782734176
|switch|p2a: Meganium|Meganium, L50, F|100/100
|move|p1b: Pelipper|Protect|p1b: Pelipper
|-singleturn|p1b: Pelipper|Protect
|move|p2b: Vivillon|Sleep Powder|p1b: Pelipper
|-activate|p1b: Pelipper|move: Protect
|cant|p1a: Metagross|slp
|
|-weather|RainDance|[upkeep]
|upkeep
|turn|5
|
|t:|1782734198
|detailschange|p2a: Meganium|Meganium-Mega, L50, F
|-mega|p2a: Meganium|Meganium|Meganiumite
|move|p2b: Vivillon|Sleep Powder|p1b: Pelipper
|-status|p1b: Pelipper|slp|[from] move: Sleep Powder
|move|p2a: Meganium|Weather Ball|p1a: Metagross
|-supereffective|p1a: Metagross|1
|-damage|p1a: Metagross|22/100 slp
|-curestatus|p1a: Metagross|slp|[msg]
|move|p1a: Metagross|Iron Head|p2b: Vivillon
|-damage|p2b: Vivillon|0 fnt
|faint|p2b: Vivillon
|cant|p1b: Pelipper|slp
|
|-weather|RainDance|[upkeep]
|-sideend|p2: Glofer|move: Tailwind
|upkeep
|
|t:|1782734217
|switch|p2b: Glimmora|Glimmora, L50, F|100/100
|turn|6
|
|t:|1782734239
|move|p1a: Metagross|Psychic Fangs|p2b: Glimmora
|-supereffective|p2b: Glimmora|1
|-damage|p2b: Glimmora|0 fnt
|-activate|p2b: Glimmora|ability: Toxic Debris
|-sidestart|p1: Chelicerate1|move: Toxic Spikes
|faint|p2b: Glimmora
|move|p2a: Meganium|Weather Ball|p1a: Metagross
|-supereffective|p1a: Metagross|1
|-damage|p1a: Metagross|0 fnt
|faint|p1a: Metagross
|cant|p1b: Pelipper|slp
|
|-weather|RainDance|[upkeep]
|upkeep
|
|t:|1782734252
|switch|p1a: Archaludon|Archaludon, L50, F, shiny|100/100
|switch|p2b: Tinkaton|Tinkaton, L50, F|100/100
|turn|7
|
|t:|1782734270
|move|p2b: Tinkaton|Play Rough|p1b: Pelipper|[miss]
|-miss|p2b: Tinkaton|p1b: Pelipper
|move|p2a: Meganium|Dazzling Gleam|p1b: Pelipper|[spread] p1a,p1b
|-damage|p1a: Archaludon|78/100
|-damage|p1b: Pelipper|73/100 slp
|-ability|p1a: Archaludon|Stamina|boost
|-boost|p1a: Archaludon|def|1
|move|p1a: Archaludon|Electro Shot||[still]
|-prepare|p1a: Archaludon|Electro Shot
|-boost|p1a: Archaludon|spa|1
|-anim|p1a: Archaludon|Electro Shot|p2b: Tinkaton
|-damage|p2b: Tinkaton|41/100
|-curestatus|p1b: Pelipper|slp|[msg]
|move|p1b: Pelipper|Hurricane|p2a: Meganium
|-supereffective|p2a: Meganium|1
|-damage|p2a: Meganium|26/100
|-start|p2a: Meganium|confusion
|
|-weather|RainDance|[upkeep]
|-heal|p2b: Tinkaton|48/100|[from] item: Leftovers
|-heal|p1a: Archaludon|84/100|[from] item: Leftovers
|upkeep
|turn|8
|inactive|Chelicerate1 has 30 seconds left.
|
|t:|1782734303
|-activate|p2a: Meganium|confusion
|move|p2a: Meganium|Protect|p2a: Meganium
|-singleturn|p2a: Meganium|Protect
|move|p2b: Tinkaton|Play Rough|p1b: Pelipper
|-damage|p1b: Pelipper|42/100
|-enditem|p1b: Pelipper|Sitrus Berry|[eat]
|-heal|p1b: Pelipper|67/100|[from] item: Sitrus Berry
|move|p1a: Archaludon|Electro Shot||[still]
|-prepare|p1a: Archaludon|Electro Shot
|-boost|p1a: Archaludon|spa|1
|-anim|p1a: Archaludon|Electro Shot|p2b: Tinkaton
|-damage|p2b: Tinkaton|0 fnt
|faint|p2b: Tinkaton
|move|p1b: Pelipper|Hurricane|p2a: Meganium
|-activate|p2a: Meganium|move: Protect
|
|-weather|none
|-heal|p1a: Archaludon|90/100|[from] item: Leftovers
|-sideend|p1: Chelicerate1|move: Light Screen
|upkeep
|turn|9
|inactive|Chelicerate1 has 30 seconds left.
|inactive|Chelicerate1 has 20 seconds left.
|
|t:|1782734338
|-activate|p2a: Meganium|confusion
|move|p2a: Meganium|Dazzling Gleam|p1b: Pelipper|[spread] p1a,p1b
|-crit|p1b: Pelipper
|-damage|p1a: Archaludon|57/100
|-damage|p1b: Pelipper|9/100
|-ability|p1a: Archaludon|Stamina|boost
|-boost|p1a: Archaludon|def|1
|move|p1a: Archaludon|Flash Cannon|p2a: Meganium
|-supereffective|p2a: Meganium|1
|-damage|p2a: Meganium|0 fnt
|faint|p2a: Meganium
|
|win|Chelicerate1
||Glofer is ready for game 3.
|inactive|Chelicerate1 has 30 seconds to confirm battle start!
|inactive|Chelicerate1 has 20 seconds to confirm battle start!
