|j|☆K1rbyChaos
|j|☆To Lille
|html|K1rbyChaosTo Lille    
|uhtml|bestof|Game 1 of a best-of-3
|t:|1757812742
|gametype|doubles
|player|p1|K1rbyChaos|n|1157
|player|p2|To Lille|ltsurge|1184
|gen|9
|tier|[Gen 9] VGC 2025 Reg H (Bo3)
|rated|
|rule|Species Clause: Limit one of each Pokémon
|rule|Item Clause: Limit 1 of each item
|clearpoke
|poke|p1|Tauros-Paldea-Blaze, L50, M|
|poke|p1|Rillaboom, L50, M|
|poke|p1|Weavile, L50, F|
|poke|p1|Gastrodon, L50, M|
|poke|p1|Indeedee, L50, M|
|poke|p1|Sneasler, L50, F|
|poke|p2|Ribombee, L50, F|
|poke|p2|Indeedee-F, L50, F|
|poke|p2|Delphox, L50, M|
|poke|p2|Sneasler, L50, F|
|poke|p2|Archaludon, L50, F|
|poke|p2|Torkoal, L50, M|
|teampreview|4
|showteam|p1|Tauros-Paldea-Blaze||GrassySeed|Intimidate|BodyPress,BulkUp,Protect,FlareBlitz|||M|||50|,,,,,Steel]Rillaboom||AssaultVest|GrassySurge|Uturn,WoodHammer,FakeOut,GrassyGlide|||M|||50|,,,,,Poison]Weavile||FocusSash|Pickpocket|TripleAxel,Protect,Snarl,KnockOff|||F|||50|,,,,,Ghost]Gastrodon||Leftovers|StormDrain|EarthPower,HelpingHand,MuddyWater,Protect|||M|||50|,,,,,Fire]Indeedee||ChoiceScarf|PsychicSurge|TeraBlast,ExpandingForce,HyperVoice,Trick|||M|||50|,,,,,Fairy]Sneasler||PsychicSeed|Unburden|DireClaw,CloseCombat,ThroatChop,Protect|||F|||50|,,,,,Dark
|showteam|p2|Ribombee||FocusSash|ShieldDust|Moonblast,Tailwind,SunnyDay,FakeTears|||F|||50|,,,,,Fairy]Indeedee-F||RockyHelmet|PsychicSurge|HelpingHand,FollowMe,TrickRoom,Imprison|||F|||50|,,,,,Fairy]Delphox||LifeOrb|Blaze|HeatWave,ExpandingForce,Protect,TeraBlast|||M|||50|,,,,,Fighting]Sneasler||PsychicSeed|Unburden|Acrobatics,CloseCombat,DireClaw,Protect|||F|||50|,,,,,Flying]Archaludon||PowerHerb|Stalwart|ElectroShot,DragonPulse,Snarl,Protect|||F|||50|,,,,,Electric]Torkoal||ChoiceSpecs|Drought|Eruption,Overheat,EarthPower,HeatWave|||M|||50|,,,,,Fire
|inactive|Battle timer is ON: inactive players will automatically lose when time's up. (requested by K1rbyChaos)
|inactive|K1rbyChaos has 60 seconds left.
|inactive|To Lille has 60 seconds left.
|inactive|K1rbyChaos has 30 seconds left.
|inactive|K1rbyChaos has 20 seconds left.
|inactive|K1rbyChaos has 15 seconds left.
|inactive|K1rbyChaos has 10 seconds left.
|inactive|K1rbyChaos has 5 seconds left.
|
|t:|1757812832
|teamsize|p1|4
|teamsize|p2|4
|start
|switch|p1a: Tauros|Tauros-Paldea-Blaze, L50, M|100/100
|switch|p1b: Rillaboom|Rillaboom, L50, M|100/100
|switch|p2a: Indeedee|Indeedee-F, L50, F|100/100
|switch|p2b: Delphox|Delphox, L50, M|100/100
|-ability|p1a: Tauros|Intimidate|boost
|-unboost|p2a: Indeedee|atk|1
|-unboost|p2b: Delphox|atk|1
|-fieldstart|move: Grassy Terrain|[from] ability: Grassy Surge|[of] p1b: Rillaboom
|-enditem|p1a: Tauros|Grassy Seed
|-boost|p1a: Tauros|def|1|[from] item: Grassy Seed
|-fieldstart|move: Psychic Terrain|[from] ability: Psychic Surge|[of] p2a: Indeedee
|turn|1
|c|☆K1rbyChaos|What?
|c|☆K1rbyChaos|I didn't click rillaboom?
|inactive|K1rbyChaos has 30 seconds left.
|inactive|To Lille has 30 seconds left.
|
|t:|1757812867
|-terastallize|p1a: Tauros|Steel
|move|p2a: Indeedee|Helping Hand|p2b: Delphox
|-singleturn|p2b: Delphox|Helping Hand|[of] p2a: Indeedee
|move|p2b: Delphox|Expanding Force|p1b: Rillaboom|[spread] p1a,p1b
|-resisted|p1a: Tauros
|-damage|p1a: Tauros|41/100
|-damage|p1b: Rillaboom|38/100
|-damage|p2b: Delphox|91/100|[from] item: Life Orb
|move|p1a: Tauros|Body Press|p2a: Indeedee
|-damage|p2a: Indeedee|53/100
|-damage|p1a: Tauros|24/100|[from] item: Rocky Helmet|[of] p2a: Indeedee
|move|p1b: Rillaboom|U-turn|p2b: Delphox
|-damage|p2b: Delphox|54/100
|
|t:|1757812874
|switch|p1b: Weavile|Weavile, L50, F|100/100|[from] U-turn
|
|upkeep
|turn|2
|
|t:|1757812882
|switch|p1a: Gastrodon|Gastrodon, L50, M|100/100
|move|p2a: Indeedee|Follow Me|p2a: Indeedee
|-singleturn|p2a: Indeedee|move: Follow Me
|move|p1b: Weavile|Snarl|p2b: Delphox|[spread] p2a,p2b
|-supereffective|p2a: Indeedee
|-supereffective|p2b: Delphox
|-damage|p2a: Indeedee|39/100
|-damage|p2b: Delphox|39/100
|-unboost|p2a: Indeedee|spa|1
|-unboost|p2b: Delphox|spa|1
|move|p2b: Delphox|Heat Wave|p1a: Gastrodon|[spread] p1a,p1b
|-resisted|p1a: Gastrodon
|-supereffective|p1b: Weavile
|-damage|p1a: Gastrodon|88/100
|-damage|p1b: Weavile|10/100
|-damage|p2b: Delphox|29/100|[from] item: Life Orb
|
|-heal|p1a: Gastrodon|94/100|[from] item: Leftovers
|upkeep
|turn|3
|
|t:|1757812904
|move|p1a: Gastrodon|Helping Hand|p1b: Weavile
|-singleturn|p1b: Weavile|Helping Hand|[of] p1a: Gastrodon
|move|p2a: Indeedee|Follow Me|p2a: Indeedee
|-singleturn|p2a: Indeedee|move: Follow Me
|move|p1b: Weavile|Snarl|p2b: Delphox|[spread] p2a,p2b
|-supereffective|p2a: Indeedee
|-supereffective|p2b: Delphox
|-damage|p2a: Indeedee|21/100
|-damage|p2b: Delphox|9/100
|-unboost|p2a: Indeedee|spa|1
|-unboost|p2b: Delphox|spa|1
|move|p2b: Delphox|Heat Wave|p1a: Gastrodon|[spread] p1a,p1b
|-resisted|p1a: Gastrodon
|-supereffective|p1b: Weavile
|-damage|p1a: Gastrodon|81/100
|-damage|p1b: Weavile|0 fnt
|faint|p1b: Weavile
|-damage|p2b: Delphox|0 fnt|[from] item: Life Orb
|faint|p2b: Delphox
|
|-heal|p1a: Gastrodon|88/100|[from] item: Leftovers
|upkeep
|
|t:|1757812920
|switch|p1b: Rillaboom|Rillaboom, L50, M|38/100
|switch|p2b: Sneasler|Sneasler, L50, F|100/100
|-fieldstart|move: Grassy Terrain|[from] ability: Grassy Surge|[of] p1b: Rillaboom
|turn|4
|
|t:|1757812928
|switch|p1b: Tauros|Tauros-Paldea-Blaze, L50, M, tera:Steel|24/100
|-ability|p1b: Tauros|Intimidate|boost
|-unboost|p2a: Indeedee|atk|1
|-unboost|p2b: Sneasler|atk|1
|switch|p2a: Archaludon|Archaludon, L50, F|100/100
|move|p2b: Sneasler|Protect|p2b: Sneasler
|-singleturn|p2b: Sneasler|Protect
|move|p1a: Gastrodon|Muddy Water|p2b: Sneasler|[spread] p2a
|-activate|p2b: Sneasler|move: Protect
|-resisted|p2a: Archaludon
|-damage|p2a: Archaludon|83/100
|
|-heal|p2a: Archaludon|89/100|[from] Grassy Terrain
|-heal|p1b: Tauros|31/100|[from] Grassy Terrain
|-heal|p1a: Gastrodon|94/100|[from] Grassy Terrain
|-heal|p1a: Gastrodon|99/100|[from] item: Leftovers
|upkeep
|turn|5
|
|t:|1757812951
|move|p2b: Sneasler|Close Combat|p1b: Tauros
|-supereffective|p1b: Tauros
|-damage|p1b: Tauros|0 fnt
|-unboost|p2b: Sneasler|def|1
|-unboost|p2b: Sneasler|spd|1
|faint|p1b: Tauros
|move|p2a: Archaludon|Snarl|p1a: Gastrodon
|-damage|p1a: Gastrodon|85/100
|-unboost|p1a: Gastrodon|spa|1
|move|p1a: Gastrodon|Earth Power|p2b: Sneasler
|-supereffective|p2b: Sneasler
|-damage|p2b: Sneasler|14/100
|
|-heal|p2b: Sneasler|19/100|[from] Grassy Terrain
|-heal|p2a: Archaludon|95/100|[from] Grassy Terrain
|-heal|p1a: Gastrodon|91/100|[from] Grassy Terrain
|-heal|p1a: Gastrodon|98/100|[from] item: Leftovers
|upkeep
|
|t:|1757812957
|switch|p1b: Rillaboom|Rillaboom, L50, M|38/100
|turn|6
|
|t:|1757812967
|switch|p2b: Indeedee|Indeedee-F, L50, F|21/100
|-fieldstart|move: Psychic Terrain|[from] ability: Psychic Surge|[of] p2b: Indeedee
|move|p2a: Archaludon|Dragon Pulse|p1b: Rillaboom
|-damage|p1b: Rillaboom|11/100
|move|p1b: Rillaboom|Grassy Glide|p2b: Indeedee
|-damage|p2b: Indeedee|0 fnt
|-damage|p1b: Rillaboom|0 fnt|[from] item: Rocky Helmet|[of] p2b: Indeedee
|faint|p2b: Indeedee
|faint|p1b: Rillaboom
|move|p1a: Gastrodon|Muddy Water|p2a: Archaludon
|-resisted|p2a: Archaludon
|-damage|p2a: Archaludon|78/100
|
|-heal|p1a: Gastrodon|100/100|[from] item: Leftovers
|upkeep
|
|t:|1757812976
|switch|p2b: Sneasler|Sneasler, L50, F|19/100
|-enditem|p2b: Sneasler|Psychic Seed
|-boost|p2b: Sneasler|spd|1|[from] item: Psychic Seed
|turn|7
|
|t:|1757812986
|move|p2b: Sneasler|Protect|p2b: Sneasler
|-singleturn|p2b: Sneasler|Protect
|move|p2a: Archaludon|Dragon Pulse|p1a: Gastrodon
|-damage|p1a: Gastrodon|69/100
|move|p1a: Gastrodon|Earth Power|p2b: Sneasler
|-activate|p2b: Sneasler|move: Protect
|
|-heal|p1a: Gastrodon|75/100|[from] item: Leftovers
|upkeep
|turn|8
|
|t:|1757812997
|-terastallize|p2b: Sneasler|Flying
|move|p2b: Sneasler|Acrobatics|p1a: Gastrodon
|-damage|p1a: Gastrodon|21/100
|move|p2a: Archaludon|Dragon Pulse|p1a: Gastrodon
|-damage|p1a: Gastrodon|0 fnt
|faint|p1a: Gastrodon
|
|win|To Lille
||K1rbyChaos is ready for game 2.
||To Lille is ready for game 2.
|uhtml|next|Next: Game 2 of 3
