|j|☆aqoursfan1
|j|☆castoriceball
|html|aqoursfan1castoriceball    
|uhtml|bestof|Game 3 of a best-of-3
|t:|1785640259
|gametype|doubles
|player|p1|aqoursfan1|anabel-gen7|1192
|player|p2|castoriceball|miku-flying|1318
|gen|9
|tier|[Gen 9 Champions] VGC 2026 Reg M-B (Bo3)
|rated|
|rule|Species Clause: Limit one of each Pokémon
|rule|Item Clause: Limit 1 of each item
|clearpoke
|poke|p1|Raichu, L50, F|
|poke|p1|Gengar, L50, M|
|poke|p1|Incineroar, L50, F|
|poke|p1|Ninetales-Alola, L50, F, shiny|
|poke|p1|Volcarona, L50, F, shiny|
|poke|p1|Kommo-o, L50, M|
|poke|p2|Raichu, L50, M, shiny|
|poke|p2|Mamoswine, L50, M|
|poke|p2|Basculegion, L50, M, shiny|
|poke|p2|Farigiraf, L50, M|
|poke|p2|Sylveon, L50, M|
|poke|p2|Torkoal, L50, M|
|teampreview|4
|showteam|p1|Raichu||RaichuniteX|LightningRod|VoltTackle,VoltSwitch,FakeOut,Protect|Jolly||F|||50|]Gengar||Gengarite|CursedBody|ShadowBall,SludgeBomb,Substitute,Protect|Modest||M|||50|]Incineroar||PasshoBerry|Intimidate|FlareBlitz,ThroatChop,PartingShot,FakeOut|Adamant||F|||50|]Ninetales-Alola||ChoiceScarf|SnowWarning|Blizzard,FreezeDry,IcyWind,Moonblast|Timid||F|||50|]Volcarona||SitrusBerry|FlameBody|Flamethrower,StruggleBug,RagePowder,Protect|Bold||F|||50|]Kommo-o||Leftovers|Soundproof|ClangingScales,AuraSphere,ClangorousSoul,Protect|Modest||M|||50|
|showteam|p2|Raichu||RaichuniteY|LightningRod|ZapCannon,FocusBlast,FakeOut,Protect|Timid||M|||50|]Mamoswine||LifeOrb|Oblivious|IcicleCrash,HighHorsepower,IceShard,Protect|Adamant||M|||50|]Basculegion||ChoiceScarf|Adaptability|LastRespects,WaveCrash,AquaJet,FlipTurn|Jolly||M|||50|]Farigiraf||SitrusBerry|ArmorTail|Psychic,HelpingHand,TrickRoom,Protect|Bold||M|||50|]Sylveon||FairyFeather|Pixilate|HyperVoice,QuickAttack,HyperBeam,Detect|Modest||M|||50|]Torkoal||Charcoal|Drought|Eruption,WeatherBall,SolarBeam,Protect|Quiet||M|||50|
|inactive|Battle timer is ON: inactive players will automatically lose when time's up. (requested by aqoursfan1)
|inactive|castoriceball has 60 seconds left.
|
|t:|1785640296
|teamsize|p1|4
|teamsize|p2|4
|start
|switch|p1a: Volcarona|Volcarona, L50, F, shiny|100/100
|switch|p1b: Kommo-o|Kommo-o, L50, M|100/100
|switch|p2a: WHYYCHU|Raichu, L50, M, shiny|100/100
|switch|p2b: WolfeyFriendReal|Farigiraf, L50, M|100/100
|turn|1
|
|t:|1785640315
|detailschange|p2a: WHYYCHU|Raichu-Mega-Y, L50, M, shiny
|-mega|p2a: WHYYCHU|Raichu|Raichunite Y
|move|p2a: WHYYCHU|Zap Cannon|p1a: Volcarona
|-damage|p1a: Volcarona|41/100
|-status|p1a: Volcarona|par
|-enditem|p1a: Volcarona|Sitrus Berry|[eat]
|-heal|p1a: Volcarona|66/100 par|[from] item: Sitrus Berry
|move|p1b: Kommo-o|Clangorous Soul|p1b: Kommo-o
|-boost|p1b: Kommo-o|atk|1
|-boost|p1b: Kommo-o|def|1
|-boost|p1b: Kommo-o|spa|1
|-boost|p1b: Kommo-o|spd|1
|-boost|p1b: Kommo-o|spe|1
|-damage|p1b: Kommo-o|67/100
|move|p1a: Volcarona|Struggle Bug|p2a: WHYYCHU|[spread] p2a,p2b
|-supereffective|p2b: WolfeyFriendReal|1
|-crit|p2b: WolfeyFriendReal
|-damage|p2a: WHYYCHU|77/100
|-damage|p2b: WolfeyFriendReal|48/100
|-unboost|p2a: WHYYCHU|spa|1
|-unboost|p2b: WolfeyFriendReal|spa|1
|-enditem|p2b: WolfeyFriendReal|Sitrus Berry|[eat]
|-heal|p2b: WolfeyFriendReal|73/100|[from] item: Sitrus Berry
|move|p2b: WolfeyFriendReal|Trick Room|p2b: WolfeyFriendReal
|-fieldstart|move: Trick Room|[of] p2b: WolfeyFriendReal
|
|-heal|p1b: Kommo-o|73/100|[from] item: Leftovers
|upkeep
|turn|2
|
|t:|1785640332
|cant|p1a: Volcarona|par
|move|p2b: WolfeyFriendReal|Psychic|p1b: Kommo-o
|-supereffective|p1b: Kommo-o|1
|-damage|p1b: Kommo-o|40/100
|move|p2a: WHYYCHU|Zap Cannon|p1b: Kommo-o
|-resisted|p1b: Kommo-o|1
|-damage|p1b: Kommo-o|25/100
|-status|p1b: Kommo-o|par
|move|p1b: Kommo-o|Clanging Scales|p2b: WolfeyFriendReal|[spread] p2a,p2b
|-damage|p2a: WHYYCHU|1/100
|-damage|p2b: WolfeyFriendReal|16/100
|-unboost|p1b: Kommo-o|def|1
|
|-heal|p1b: Kommo-o|31/100 par|[from] item: Leftovers
|upkeep
|turn|3
|
|t:|1785640346
|move|p2b: WolfeyFriendReal|Protect|p2b: WolfeyFriendReal
|-singleturn|p2b: WolfeyFriendReal|Protect
|move|p1a: Volcarona|Struggle Bug|p2a: WHYYCHU|[spread] p2a
|-activate|p2b: WolfeyFriendReal|move: Protect
|-damage|p2a: WHYYCHU|0 fnt
|faint|p2a: WHYYCHU
|move|p1b: Kommo-o|Clanging Scales|p2b: WolfeyFriendReal
|-activate|p2b: WolfeyFriendReal|move: Protect
|
|-heal|p1b: Kommo-o|37/100 par|[from] item: Leftovers
|upkeep
|
|t:|1785640352
|switch|p2a: turtle|Torkoal, L50, M|100/100
|-weather|SunnyDay|[from] ability: Drought|[of] p2a: turtle
|turn|4
|
|t:|1785640373
|move|p2b: WolfeyFriendReal|Helping Hand|p2a: turtle
|-singleturn|p2a: turtle|Helping Hand|[of] p2b: WolfeyFriendReal
|move|p1a: Volcarona|Protect|p1a: Volcarona
|-singleturn|p1a: Volcarona|Protect
|move|p1b: Kommo-o|Protect|p1b: Kommo-o
|-singleturn|p1b: Kommo-o|Protect
|move|p2a: turtle|Eruption|p1b: Kommo-o|[spread] 
|-activate|p1a: Volcarona|move: Protect
|-activate|p1b: Kommo-o|move: Protect
|
|-weather|SunnyDay|[upkeep]
|-heal|p1b: Kommo-o|43/100 par|[from] item: Leftovers
|upkeep
|turn|5
|
|t:|1785640392
|switch|p1a: Incineroar|Incineroar, L50, F|100/100
|-ability|p1a: Incineroar|Intimidate|boost
|-unboost|p2a: turtle|atk|1
|-unboost|p2b: WolfeyFriendReal|atk|1
|move|p2a: turtle|Eruption|p1b: Kommo-o|[spread] p1a,p1b
|-resisted|p1a: Incineroar|1
|-resisted|p1b: Kommo-o|1
|-damage|p1a: Incineroar|63/100
|-damage|p1b: Kommo-o|11/100 par
|move|p2b: WolfeyFriendReal|Psychic|p1b: Kommo-o
|-supereffective|p1b: Kommo-o|1
|-damage|p1b: Kommo-o|0 fnt
|faint|p1b: Kommo-o
|
|-weather|SunnyDay|[upkeep]
|-fieldend|move: Trick Room
|upkeep
|
|t:|1785640401
|switch|p1b: Gengar|Gengar, L50, M|100/100
|turn|6
|
|t:|1785640410
|detailschange|p1b: Gengar|Gengar-Mega, L50, M
|-mega|p1b: Gengar|Gengar|Gengarite
|move|p2b: WolfeyFriendReal|Helping Hand|p2a: turtle
|-singleturn|p2a: turtle|Helping Hand|[of] p2b: WolfeyFriendReal
|move|p1b: Gengar|Protect|p1b: Gengar
|-singleturn|p1b: Gengar|Protect
|move|p1a: Incineroar|Throat Chop|p2b: WolfeyFriendReal
|-supereffective|p2b: WolfeyFriendReal|1
|-damage|p2b: WolfeyFriendReal|0 fnt
|faint|p2b: WolfeyFriendReal
|move|p2a: turtle|Weather Ball|p1b: Gengar
|-activate|p1b: Gengar|move: Protect
|
|-weather|SunnyDay|[upkeep]
|upkeep
|
|t:|1785640417
|switch|p2b: budget floette|Sylveon, L50, M|100/100
|turn|7
|
|t:|1785640427
|move|p1b: Gengar|Sludge Bomb|p2a: turtle
|-damage|p2a: turtle|28/100
|move|p2b: budget floette|Hyper Beam|p1a: Incineroar
|-damage|p1a: Incineroar|0 fnt
|-mustrecharge|p2b: budget floette
|faint|p1a: Incineroar
|move|p2a: turtle|Weather Ball|p1b: Gengar
|-damage|p1b: Gengar|14/100
|
|-weather|SunnyDay|[upkeep]
|upkeep
|
|t:|1785640432
|switch|p1a: Volcarona|Volcarona, L50, F, shiny|66/100 par
|turn|8
|
|t:|1785640437
|move|p2a: turtle|Protect|p2a: turtle
|-singleturn|p2a: turtle|Protect
|move|p1b: Gengar|Sludge Bomb|p2b: budget floette
|-supereffective|p2b: budget floette|1
|-damage|p2b: budget floette|12/100
|-status|p2b: budget floette|psn
|cant|p2b: budget floette|recharge
|cant|p1a: Volcarona|par
|
|-weather|none
|-damage|p2b: budget floette|1/100 psn|[from] psn
|upkeep
|turn|9
|j| aggroat23
|
|t:|1785640453
|move|p1b: Gengar|Protect|p1b: Gengar
|-singleturn|p1b: Gengar|Protect
|move|p1a: Volcarona|Protect|p1a: Volcarona
|-singleturn|p1a: Volcarona|Protect
|move|p2b: budget floette|Hyper Voice|p1b: Gengar|[spread] 
|-activate|p1a: Volcarona|move: Protect
|-activate|p1b: Gengar|move: Protect
|move|p2a: turtle|Eruption|p1b: Gengar|[spread] 
|-activate|p1a: Volcarona|move: Protect
|-activate|p1b: Gengar|move: Protect
|
|-damage|p2b: budget floette|0 fnt|[from] psn
|faint|p2b: budget floette
|upkeep
|turn|10
|
|t:|1785640458
|move|p1b: Gengar|Sludge Bomb|p2a: turtle
|-damage|p2a: turtle|0 fnt
|faint|p2a: turtle
|
|win|aqoursfan1
|raw|aqoursfan1's rating: 1192 → 1226(+34 for winning)
|raw|castoriceball's rating: 1318 → 1291(-27 for losing)
