|j|☆Pietplezier7
|j|☆CrazyComet37
|html|Pietplezier7CrazyComet37    
|uhtml|bestof|Game 3 of a best-of-3
|t:|1785955112
|gametype|doubles
|player|p1|Pietplezier7|zinnia|
|player|p2|CrazyComet37|flint|
|gen|9
|tier|[Gen 9 Champions] VGC 2026 Reg M-B (Bo3)
|rule|Species Clause: Limit one of each Pokémon
|rule|Item Clause: Limit 1 of each item
|clearpoke
|poke|p1|Raichu, L50, F|
|poke|p1|Staraptor, L50, F|
|poke|p1|Arcanine-Hisui, L50, M|
|poke|p1|Farigiraf, L50, M|
|poke|p1|Sylveon, L50, F|
|poke|p1|Kingambit, L50, M|
|poke|p2|Whimsicott, L50, F|
|poke|p2|Garchomp, L50, M|
|poke|p2|Charizard, L50, F|
|poke|p2|Floette-Eternal, L50, F|
|poke|p2|Kingambit, L50, M|
|poke|p2|Basculegion, L50, M|
|teampreview|4
|showteam|p1|Raichu||RaichuniteY|LightningRod|ZapCannon,FocusBlast,FakeOut,Protect|Timid||F|||50|]Staraptor||Staraptite|Intimidate|CloseCombat,DualWingbeat,Tailwind,Protect|Jolly||F|||50|]Arcanine-Hisui||FocusSash|RockHead|FlareBlitz,HeadSmash,ExtremeSpeed,Protect|Jolly||M|||50|]Farigiraf||SitrusBerry|ArmorTail|Psychic,HelpingHand,TrickRoom,Protect|Calm||M|||50|]Sylveon||FairyFeather|Pixilate|HyperVoice,QuickAttack,HyperBeam,Detect|Modest||F|||50|]Kingambit||LifeOrb|Defiant|KowtowCleave,SuckerPunch,SwordsDance,Protect|Adamant||M|||50|
|showteam|p2|Whimsicott||FocusSash|Prankster|Protect,Tailwind,Moonblast,Encore|Timid||F|||50|]Garchomp||LifeOrb|RoughSkin|Protect,Earthquake,DragonClaw,RockSlide|Jolly||M|||50|]Charizard||CharizarditeY|Blaze|Protect,HeatWave,WeatherBall,SolarBeam|Modest||F|||50|]Floette-Eternal||Floettite|FlowerVeil|Protect,LightofRuin,DazzlingGleam,Moonblast|Modest||F|||50|]Kingambit||ChopleBerry|Defiant|IronHead,SuckerPunch,KowtowCleave,LowKick|Adamant||M|||50|]Basculegion||MysticWater|Adaptability|Protect,AquaJet,LastRespects,WaveCrash|Adamant||M|||50|
|inactive|Battle timer is ON: inactive players will automatically lose when time's up. (requested by Pietplezier7)
|inactive|Pietplezier7 has 60 seconds left.
|inactive|CrazyComet37 has 60 seconds left.
|inactive|CrazyComet37 has 30 seconds left.
|
|t:|1785955177
|teamsize|p1|4
|teamsize|p2|4
|start
|switch|p1a: Farigiraf|Farigiraf, L50, M|100/100
|switch|p1b: Arcanine|Arcanine-Hisui, L50, M|100/100
|switch|p2a: Whimsicott|Whimsicott, L50, F|100/100
|switch|p2b: Floette|Floette-Eternal, L50, F|100/100
|turn|1
|inactive|CrazyComet37 has 30 seconds left.
|inactive|CrazyComet37 has 20 seconds left.
|
|t:|1785955215
|detailschange|p2b: Floette|Floette-Mega, L50, F
|-mega|p2b: Floette|Floette|Floettite
|-ability|p2b: Floette|Fairy Aura
|move|p2a: Whimsicott|Moonblast|p1a: Farigiraf
|-damage|p1a: Farigiraf|62/100
|move|p1b: Arcanine|Head Smash|p2b: Floette
|-damage|p2b: Floette|11/100
|move|p2b: Floette|Light of Ruin|p1a: Farigiraf
|-damage|p1a: Farigiraf|0 fnt
|faint|p1a: Farigiraf
|-damage|p2b: Floette|0 fnt|[from] Recoil
|faint|p2b: Floette
|
|upkeep
|inactive|CrazyComet37 has 30 seconds left.
|
|t:|1785955242
|switch|p2b: Kingambit|Kingambit, L50, M|100/100
|switch|p1a: Staraptor|Staraptor, L50, F|100/100
|-ability|p1a: Staraptor|Intimidate|boost
|-unboost|p2a: Whimsicott|atk|1
|-unboost|p2b: Kingambit|atk|1
|-ability|p2b: Kingambit|Defiant|boost
|-boost|p2b: Kingambit|atk|2
|turn|2
|inactive|Pietplezier7 has 30 seconds left.
|inactive|Pietplezier7 has 20 seconds left.
|inactive|Pietplezier7 has 15 seconds left.
|
|t:|1785955283
|switch|p2b: Basculegion|Basculegion, L50, M|100/100
|detailschange|p1a: Staraptor|Staraptor-Mega, L50, F
|-mega|p1a: Staraptor|Staraptor|Staraptite
|move|p2a: Whimsicott|Tailwind|p2a: Whimsicott
|-sidestart|p2: CrazyComet37|move: Tailwind
|move|p1a: Staraptor|Dual Wingbeat|p2a: Whimsicott
|-supereffective|p2a: Whimsicott|1
|-damage|p2a: Whimsicott|37/100
|-supereffective|p2a: Whimsicott|1
|-damage|p2a: Whimsicott|0 fnt
|faint|p2a: Whimsicott
|-hitcount|p2: Whimsicott|2
|move|p1b: Arcanine|Flare Blitz|p2b: Basculegion
|-resisted|p2b: Basculegion|1
|-damage|p2b: Basculegion|68/100
|
|upkeep
|
|t:|1785955291
|switch|p2a: Kingambit|Kingambit, L50, M|100/100
|turn|3
|
|t:|1785955315
|move|p1a: Staraptor|Protect|p1a: Staraptor
|-singleturn|p1a: Staraptor|Protect
|move|p1b: Arcanine|Protect|p1b: Arcanine
|-singleturn|p1b: Arcanine|Protect
|move|p2b: Basculegion|Last Respects|p1a: Staraptor
|-activate|p1a: Staraptor|move: Protect
|move|p2a: Kingambit|Low Kick|p1b: Arcanine
|-activate|p1b: Arcanine|move: Protect
|
|upkeep
|turn|4
|inactive|Pietplezier7 has 30 seconds left.
|inactive|Pietplezier7 has 20 seconds left.
|
|t:|1785955354
|move|p2b: Basculegion|Aqua Jet|p1b: Arcanine
|-supereffective|p1b: Arcanine|2
|-enditem|p1b: Arcanine|Focus Sash
|-damage|p1b: Arcanine|1/100
|move|p2a: Kingambit|Sucker Punch|p1b: Arcanine
|-damage|p1b: Arcanine|0 fnt
|faint|p1b: Arcanine
|move|p1a: Staraptor|Close Combat|p2a: Kingambit
|-supereffective|p2a: Kingambit|2
|-enditem|p2a: Kingambit|Chople Berry|[eat]
|-enditem|p2a: Kingambit|Chople Berry|[weaken]
|-damage|p2a: Kingambit|10/100
|-boost|p1a: Staraptor|def|1
|-boost|p1a: Staraptor|spd|1
|
|upkeep
|
|t:|1785955368
|switch|p1b: Sylveon|Sylveon, L50, F|100/100
|turn|5
|inactive|CrazyComet37 has 30 seconds left.
|inactive|CrazyComet37 has 20 seconds left.
|inactive|CrazyComet37 has 15 seconds left.
|
|t:|1785955412
|move|p1a: Staraptor|Protect|p1a: Staraptor
|-singleturn|p1a: Staraptor|Protect
|move|p1b: Sylveon|Detect|p1b: Sylveon
|-singleturn|p1b: Sylveon|Protect
|move|p2a: Kingambit|Sucker Punch||[still]
|-fail|p2a: Kingambit
|move|p2b: Basculegion|Last Respects|p1a: Staraptor
|-activate|p1a: Staraptor|move: Protect
|
|-sideend|p2: CrazyComet37|move: Tailwind
|upkeep
|turn|6
|inactive|CrazyComet37 has 30 seconds left.
|inactive|CrazyComet37 has 20 seconds left.
|inactive|CrazyComet37 has 15 seconds left.
|
|t:|1785955455
|move|p2a: Kingambit|Sucker Punch||[still]
|-fail|p2a: Kingambit
|move|p1a: Staraptor|Tailwind|p1a: Staraptor
|-sidestart|p1: Pietplezier7|move: Tailwind
|move|p1b: Sylveon|Hyper Voice|p2b: Basculegion|[spread] p2a,p2b
|-damage|p2a: Kingambit|0 fnt
|-damage|p2b: Basculegion|14/100
|faint|p2a: Kingambit
|move|p2b: Basculegion|Last Respects|p1b: Sylveon
|-damage|p1b: Sylveon|0 fnt
|faint|p1b: Sylveon
|
|upkeep
|turn|7
|
|t:|1785955465
|move|p2b: Basculegion|Protect|p2b: Basculegion
|-singleturn|p2b: Basculegion|Protect
|move|p1a: Staraptor|Dual Wingbeat|p2b: Basculegion
|-activate|p2b: Basculegion|move: Protect
|
|upkeep
|turn|8
|
|t:|1785955471
|move|p1a: Staraptor|Dual Wingbeat|p2b: Basculegion
|-damage|p2b: Basculegion|0 fnt
|faint|p2b: Basculegion
|-hitcount|p2: Basculegion|1
|
|win|Pietplezier7
|c|☆CrazyComet37|gg
|c|☆Pietplezier7|ggs
