|j|☆WishMkrLucy
|j|☆chikn dinnr
|html|WishMkrLucychikn dinnr    
|uhtml|bestof|Game 3 of a best-of-3
|t:|1756334868
|gametype|doubles
|player|p1|WishMkrLucy|battlegirl-gen4|1113
|player|p2|chikn dinnr|youngster-gen4dp|1226
|gen|9
|tier|[Gen 9] VGC 2025 Reg H (Bo3)
|rated|
|rule|Species Clause: Limit one of each Pokémon
|rule|Item Clause: Limit 1 of each item
|clearpoke
|poke|p1|Gholdengo, L50|
|poke|p1|Garchomp, L50, F|
|poke|p1|Dragonite, L50, F|
|poke|p1|Murkrow, L50, F|
|poke|p1|Indeedee, L50, M|
|poke|p1|Sneasler, L50, M|
|poke|p2|Kingambit, L50, F|
|poke|p2|Ninetales-Alola, L50, M|
|poke|p2|Rillaboom, L50, M|
|poke|p2|Volcarona, L50, M|
|poke|p2|Tauros-Paldea-Aqua, L50, M|
|poke|p2|Electabuzz, L50, M|
|teampreview|4
|showteam|p1|Gholdengo||Leftovers|GoodasGold|MakeItRain,ShadowBall,NastyPlot,Protect||||||50|,,,,,Dragon]Garchomp||ClearAmulet|RoughSkin|Earthquake,RockSlide,DragonClaw,Protect|||F|||50|,,,,,Fairy]Dragonite||AssaultVest|InnerFocus|ExtremeSpeed,GigaImpact,BrickBreak,StompingTantrum|||F|||50|,,,,,Normal]Murkrow||FocusSash|Prankster|Tailwind,Haze,ThunderWave,FoulPlay|||F|||50|,,,,,Ghost]Indeedee||ChoiceScarf|PsychicSurge|ExpandingForce,TeraBlast,TrickRoom,Imprison|||M|||50|,,,,,Fighting]Sneasler||PsychicSeed|Unburden|CloseCombat,DireClaw,ThroatChop,Protect|||M|||50|,,,,,Dark
|showteam|p2|Kingambit||BlackGlasses|Defiant|SuckerPunch,KowtowCleave,SwordsDance,Protect|||F|||50|,,,,,Ghost]Ninetales-Alola||FocusSash|SnowWarning|Moonblast,FreezeDry,Encore,Protect|||M|||50|,,,,,Ghost]Rillaboom||AssaultVest|GrassySurge|FakeOut,GrassyGlide,WoodHammer,HighHorsepower|||M|||50|,,,,,Fire]Volcarona||CovertCloak|FlameBody|QuiverDance,HeatWave,GigaDrain,Protect|||M|||50|,,,,,Grass]Tauros-Paldea-Aqua||GrassySeed|Intimidate|WaveCrash,BodyPress,Protect,AquaJet|||M|||50|,,,,,Fire]Electabuzz||Eviolite|VitalSpirit|FollowMe,Electroweb,HelpingHand,Protect|||M|||50|,,,,,Ghost
|inactive|Battle timer is ON: inactive players will automatically lose when time's up. (requested by WishMkrLucy)
|
|t:|1756334906
|teamsize|p1|4
|teamsize|p2|4
|start
|switch|p1a: Garchomp|Garchomp, L50, F|100/100
|switch|p1b: Gholdengo|Gholdengo, L50|100/100
|switch|p2a: Kingambit|Kingambit, L50, F|100/100
|switch|p2b: Electabuzz|Electabuzz, L50, M|100/100
|turn|1
|
|t:|1756334918
|switch|p2b: Rillaboom|Rillaboom, L50, M|100/100
|-fieldstart|move: Grassy Terrain|[from] ability: Grassy Surge|[of] p2b: Rillaboom
|switch|p1b: Dragonite|Dragonite, L50, F|100/100
|move|p1a: Garchomp|Earthquake|p2a: Kingambit|[spread] p2a,p2b
|-immune|p1b: Dragonite
|-supereffective|p2a: Kingambit
|-resisted|p2b: Rillaboom
|-damage|p2a: Kingambit|67/100
|-damage|p2b: Rillaboom|91/100
|move|p2a: Kingambit|Swords Dance|p2a: Kingambit
|-boost|p2a: Kingambit|atk|2
|
|-heal|p2b: Rillaboom|97/100|[from] Grassy Terrain
|-heal|p2a: Kingambit|73/100|[from] Grassy Terrain
|upkeep
|turn|2
|
|t:|1756334942
|move|p2b: Rillaboom|Fake Out|p1b: Dragonite
|-damage|p1b: Dragonite|86/100
|move|p1a: Garchomp|Earthquake|p2a: Kingambit|[spread] p2a,p2b
|-immune|p1b: Dragonite
|-supereffective|p2a: Kingambit
|-resisted|p2b: Rillaboom
|-damage|p2a: Kingambit|36/100
|-damage|p2b: Rillaboom|87/100
|move|p1b: Dragonite|Brick Break|p2a: Kingambit
|-supereffective|p2a: Kingambit
|-crit|p2a: Kingambit
|-damage|p2a: Kingambit|0 fnt
|faint|p2a: Kingambit
|
|-heal|p2b: Rillaboom|93/100|[from] Grassy Terrain
|upkeep
|
|t:|1756334955
|switch|p2a: Volcarona|Volcarona, L50, M|100/100
|turn|3
|
|t:|1756334967
|switch|p1b: Murkrow|Murkrow, L50, F|100/100
|-terastallize|p2a: Volcarona|Grass
|move|p1a: Garchomp|Rock Slide|p2a: Volcarona|[spread] p2a,p2b
|-damage|p2a: Volcarona|74/100
|-damage|p2b: Rillaboom|72/100
|move|p2a: Volcarona|Quiver Dance|p2a: Volcarona
|-boost|p2a: Volcarona|spa|1
|-boost|p2a: Volcarona|spd|1
|-boost|p2a: Volcarona|spe|1
|move|p2b: Rillaboom|Wood Hammer|p1a: Garchomp
|-damage|p1a: Garchomp|23/100
|-damage|p2b: Rillaboom|60/100|[from] ability: Rough Skin|[of] p1a: Garchomp
|-damage|p2b: Rillaboom|36/100|[from] Recoil
|
|-heal|p2a: Volcarona|80/100|[from] Grassy Terrain
|-heal|p1a: Garchomp|29/100|[from] Grassy Terrain
|-heal|p2b: Rillaboom|42/100|[from] Grassy Terrain
|upkeep
|turn|4
|
|t:|1756334991
|switch|p1a: Dragonite|Dragonite, L50, F|86/100
|move|p1b: Murkrow|Haze|p1b: Murkrow
|-clearallboost
|move|p2b: Rillaboom|Grassy Glide|p1a: Dragonite
|-resisted|p1a: Dragonite
|-damage|p1a: Dragonite|75/100
|move|p2a: Volcarona|Quiver Dance|p2a: Volcarona
|-boost|p2a: Volcarona|spa|1
|-boost|p2a: Volcarona|spd|1
|-boost|p2a: Volcarona|spe|1
|
|-heal|p2a: Volcarona|85/100|[from] Grassy Terrain
|-heal|p2b: Rillaboom|48/100|[from] Grassy Terrain
|upkeep
|turn|5
|
|t:|1756335010
|switch|p2b: Electabuzz|Electabuzz, L50, M|100/100
|-terastallize|p1a: Dragonite|Normal
|move|p1a: Dragonite|Extreme Speed|p2b: Electabuzz
|-damage|p2b: Electabuzz|61/100
|move|p1b: Murkrow|Haze|p1b: Murkrow
|-clearallboost
|move|p2a: Volcarona|Heat Wave|p1a: Dragonite|[spread] p1a,p1b
|-damage|p1a: Dragonite|54/100
|-damage|p1b: Murkrow|32/100
|
|-heal|p2b: Electabuzz|67/100|[from] Grassy Terrain
|-heal|p2a: Volcarona|91/100|[from] Grassy Terrain
|-heal|p1a: Dragonite|60/100|[from] Grassy Terrain
|-fieldend|move: Grassy Terrain
|upkeep
|turn|6
|inactive|WishMkrLucy has 30 seconds left.
|
|t:|1756335041
|move|p2b: Electabuzz|Follow Me|p2b: Electabuzz
|-singleturn|p2b: Electabuzz|move: Follow Me
|move|p1b: Murkrow|Tailwind|p1b: Murkrow
|-sidestart|p1: WishMkrLucy|move: Tailwind
|move|p1a: Dragonite|Stomping Tantrum|p2b: Electabuzz
|-supereffective|p2b: Electabuzz
|-damage|p2b: Electabuzz|20/100
|move|p2a: Volcarona|Heat Wave|p1b: Murkrow|[spread] p1a,p1b
|-damage|p1a: Dragonite|39/100
|-damage|p1b: Murkrow|0 fnt
|faint|p1b: Murkrow
|
|upkeep
|
|t:|1756335062
|switch|p1b: Gholdengo|Gholdengo, L50|100/100
|turn|7
|
|t:|1756335073
|move|p2b: Electabuzz|Follow Me|p2b: Electabuzz
|-singleturn|p2b: Electabuzz|move: Follow Me
|move|p1b: Gholdengo|Shadow Ball|p2b: Electabuzz
|-damage|p2b: Electabuzz|0 fnt
|faint|p2b: Electabuzz
|move|p1a: Dragonite|Giga Impact|p2a: Volcarona
|-damage|p2a: Volcarona|0 fnt
|-mustrecharge|p1a: Dragonite
|faint|p2a: Volcarona
|
|upkeep
|
|t:|1756335084
|switch|p2a: Rillaboom|Rillaboom, L50, M|48/100
|-fieldstart|move: Grassy Terrain|[from] ability: Grassy Surge|[of] p2a: Rillaboom
|turn|8
|
|t:|1756335101
|move|p1b: Gholdengo|Nasty Plot|p1b: Gholdengo
|-boost|p1b: Gholdengo|spa|2
|cant|p1a: Dragonite|recharge
|move|p2a: Rillaboom|High Horsepower|p1b: Gholdengo
|-supereffective|p1b: Gholdengo
|-damage|p1b: Gholdengo|25/100
|
|-heal|p1b: Gholdengo|31/100|[from] Grassy Terrain
|-heal|p1b: Gholdengo|37/100|[from] item: Leftovers
|-heal|p1a: Dragonite|45/100|[from] Grassy Terrain
|-heal|p2a: Rillaboom|53/100|[from] Grassy Terrain
|upkeep
|turn|9
|
|t:|1756335115
|move|p1b: Gholdengo|Make It Rain|p2a: Rillaboom
|-damage|p2a: Rillaboom|0 fnt
|-unboost|p1b: Gholdengo|spa|1
|faint|p2a: Rillaboom
|
|win|WishMkrLucy
|raw|WishMkrLucy's rating: 1113 → 1146(+33 for winning)
|raw|chikn dinnr's rating: 1226 → 1193(-33 for losing)
