|j|☆1OO% Jesus
|j|☆kaf7
|html|1OO% Jesuskaf7    
|uhtml|bestof|Game 1 of a best-of-3
|t:|1783451807
|gametype|doubles
|player|p1|1OO% Jesus|lillie-z|1184
|player|p2|kaf7|266|1264
|gen|9
|tier|[Gen 9 Champions] VGC 2026 Reg M-B (Bo3)
|rated|
|rule|Species Clause: Limit one of each Pokémon
|rule|Item Clause: Limit 1 of each item
|clearpoke
|poke|p1|Delphox, L50, F|
|poke|p1|Sneasler, L50, F|
|poke|p1|Incineroar, L50, F|
|poke|p1|Sinistcha, L50|
|poke|p1|Maushold-Four, L50|
|poke|p1|Blastoise, L50, F|
|poke|p2|Delphox, L50, F, shiny|
|poke|p2|Tyranitar, L50, F, shiny|
|poke|p2|Quaquaval, L50, F, shiny|
|poke|p2|Farigiraf, L50, M, shiny|
|poke|p2|Sinistcha-Masterpiece, L50|
|poke|p2|Sylveon, L50, M, shiny|
|teampreview|4
|showteam|p1|Delphox||Delphoxite|Blaze|HeatWave,Psyshock,NastyPlot,Protect|Timid||F|||50|]Sneasler||FocusSash|PoisonTouch|CloseCombat,PoisonJab,FakeOut,QuickGuard|Jolly||F|||50|]Incineroar||SitrusBerry|Intimidate|FlareBlitz,ThroatChop,FakeOut,PartingShot|Impish||F|||50|]Sinistcha||OccaBerry|Hospitality|MatchaGotcha,RagePowder,LifeDew,Protect|Bold|||||50|]Maushold-Four||ChopleBerry|FriendGuard|FollowMe,Feint,HelpingHand,Protect|Impish|||||50|]Blastoise||Blastoisinite|RainDish|WaterSpout,DarkPulse,ShellSmash,Protect|Modest||F|||50|
|showteam|p2|Delphox||Delphoxite|Blaze|Protect,HeatWave,Psyshock,NastyPlot|Timid||F|||50|]Tyranitar||Tyranitarite|SandStream|Protect,RockSlide,KnockOff,DragonDance|Jolly||F|||50|]Quaquaval||MysticWater|Moxie|Protect,AquaStep,CloseCombat,AquaJet|Adamant||F|||50|]Farigiraf||SitrusBerry|ArmorTail|Protect,HyperVoice,Thunderbolt,HelpingHand|Calm||M|||50|]Sinistcha-Masterpiece||KasibBerry|Hospitality|Protect,MatchaGotcha,RagePowder,TrickRoom|Relaxed|||||50|]Sylveon||FairyFeather|Pixilate|Protect,HyperVoice,HyperBeam,QuickAttack|Modest||M|||50|
|inactive|Battle timer is ON: inactive players will automatically lose when time's up. (requested by kaf7)
|
|t:|1783451846
|teamsize|p1|4
|teamsize|p2|4
|start
|switch|p1a: Sneasler|Sneasler, L50, F|100/100
|switch|p1b: Blastoise|Blastoise, L50, F|100/100
|switch|p2a: Sylveon|Sylveon, L50, M, shiny|100/100
|switch|p2b: Delphox|Delphox, L50, F, shiny|100/100
|turn|1
|
|t:|1783451864
|detailschange|p2b: Delphox|Delphox-Mega, L50, F, shiny
|-mega|p2b: Delphox|Delphox|Delphoxite
|detailschange|p1b: Blastoise|Blastoise-Mega, L50, F
|-mega|p1b: Blastoise|Blastoise|Blastoisinite
|move|p1a: Sneasler|Fake Out|p2a: Sylveon
|-damage|p2a: Sylveon|83/100
|-status|p2a: Sylveon|psn|[from] ability: Poison Touch|[of] p1a: Sneasler
|move|p2b: Delphox|Psyshock|p1b: Blastoise
|-crit|p1b: Blastoise
|-damage|p1b: Blastoise|30/100
|move|p1b: Blastoise|Shell Smash|p1b: Blastoise
|-unboost|p1b: Blastoise|def|1
|-unboost|p1b: Blastoise|spd|1
|-boost|p1b: Blastoise|atk|2
|-boost|p1b: Blastoise|spa|2
|-boost|p1b: Blastoise|spe|2
|cant|p2a: Sylveon|flinch
|
|-damage|p2a: Sylveon|70/100 psn|[from] psn
|upkeep
|turn|2
|
|t:|1783451884
|move|p1b: Blastoise|Protect|p1b: Blastoise
|-singleturn|p1b: Blastoise|Protect
|move|p2b: Delphox|Protect|p2b: Delphox
|-singleturn|p2b: Delphox|Protect
|move|p2a: Sylveon|Quick Attack|p1b: Blastoise
|-activate|p1b: Blastoise|move: Protect
|move|p1a: Sneasler|Poison Jab|p2a: Sylveon
|-supereffective|p2a: Sylveon|1
|-damage|p2a: Sylveon|0 fnt
|faint|p2a: Sylveon
|
|upkeep
|
|t:|1783451887
|switch|p2a: Sinistcha|Sinistcha-Masterpiece, L50|100/100
|turn|3
|
|t:|1783451910
|switch|p1a: Sinistcha|Sinistcha, L50|100/100
|-heal|p1b: Blastoise|55/100|[from] ability: Hospitality|[of] p1a: Sinistcha
|move|p2a: Sinistcha|Rage Powder|p2a: Sinistcha
|-singleturn|p2a: Sinistcha|move: Rage Powder
|move|p1b: Blastoise|Water Spout|p2b: Delphox|[spread] p2a,p2b
|-resisted|p2a: Sinistcha|1
|-supereffective|p2b: Delphox|1
|-damage|p2a: Sinistcha|66/100
|-damage|p2b: Delphox|0 fnt
|faint|p2b: Delphox
|
|upkeep
|
|t:|1783451917
|switch|p2b: Quaquaval|Quaquaval, L50, F, shiny|100/100
|turn|4
|
|t:|1783451931
|move|p1a: Sinistcha|Rage Powder|p1a: Sinistcha
|-singleturn|p1a: Sinistcha|move: Rage Powder
|move|p1b: Blastoise|Dark Pulse|p2a: Sinistcha
|-supereffective|p2a: Sinistcha|1
|-damage|p2a: Sinistcha|0 fnt
|faint|p2a: Sinistcha
|move|p2b: Quaquaval|Aqua Step|p1a: Sinistcha
|-resisted|p1a: Sinistcha|1
|-damage|p1a: Sinistcha|80/100
|-boost|p2b: Quaquaval|spe|1
|
|upkeep
|turn|5
|-message|kaf7 forfeited.
|
|win|1OO% Jesus
|l|☆kaf7
|player|p2|
||kaf7 is ready for game 2.
||1OO% Jesus is ready for game 2.
|uhtml|next|Next: Game 2 of 3
