|j|☆MarzipanTheFirst
|j|☆SrStarVGC
|html|MarzipanTheFirstSrStarVGC    
|uhtml|bestof|Game 3 of a best-of-3
|t:|1783524208
|gametype|doubles
|player|p1|MarzipanTheFirst|wallace|1121
|player|p2|SrStarVGC|drayden|1123
|gen|9
|tier|[Gen 9 Champions] VGC 2026 Reg M-B (Bo3)
|rated|
|rule|Species Clause: Limit one of each Pokémon
|rule|Item Clause: Limit 1 of each item
|clearpoke
|poke|p1|Sinistcha, L50|
|poke|p1|Garchomp, L50, F|
|poke|p1|Scizor, L50, F|
|poke|p1|Incineroar, L50, F|
|poke|p1|Aerodactyl, L50, M|
|poke|p1|Ninetales-Alola, L50, M|
|poke|p2|Delphox, L50, F|
|poke|p2|Sneasler, L50, M|
|poke|p2|Incineroar, L50, M|
|poke|p2|Sinistcha, L50|
|poke|p2|Kingambit, L50, F|
|poke|p2|Floette-Eternal, L50, F|
|teampreview|4
|showteam|p1|Sinistcha||Leftovers|Hospitality|LifeDew,MatchaGotcha,Protect,RagePowder|Bold|||||50|]Garchomp||LifeOrb|RoughSkin|StompingTantrum,RockSlide,DragonClaw,Protect|Jolly||F|||50|]Scizor||Scizorite|Technician|Tailwind,BulletPunch,BugBite,SwordsDance|Adamant||F|||50|]Incineroar||PasshoBerry|Intimidate|FakeOut,FlareBlitz,ThroatChop,Taunt|Careful||F|||50|]Aerodactyl||Aerodactylite|Unnerve|Tailwind,Protect,RockSlide,DualWingbeat|Jolly||M|||50|]Ninetales-Alola||NeverMeltIce|SnowWarning|FreezeDry,IcyWind,Protect,Moonblast|Modest||M|||50|
|showteam|p2|Delphox||Delphoxite|Blaze|Protect,HeatWave,Psyshock,NastyPlot|Timid||F|||50|]Sneasler||FocusSash|PoisonTouch|QuickGuard,PoisonJab,CloseCombat,FakeOut|Jolly||M|||50|]Incineroar||SitrusBerry|Intimidate|PartingShot,FlareBlitz,ThroatChop,FakeOut|Careful||M|||50|]Sinistcha||OccaBerry|Hospitality|Protect,RagePowder,LifeDew,MatchaGotcha|Bold|||||50|]Kingambit||BlackGlasses|Defiant|Protect,SuckerPunch,SwordsDance,KowtowCleave|Adamant||F|||50|]Floette-Eternal||Floettite|FlowerVeil|Protect,DazzlingGleam,CalmMind,Moonblast|Modest||F|||50|
|inactive|Battle timer is ON: inactive players will automatically lose when time's up. (requested by SrStarVGC)
|inactive|SrStarVGC has 60 seconds left.
|inactive|MarzipanTheFirst has 60 seconds left.
|
|t:|1783524253
|teamsize|p1|4
|teamsize|p2|4
|start
|switch|p1a: Garchomp|Garchomp, L50, F|100/100
|switch|p1b: Sinistcha|Sinistcha, L50|100/100
|switch|p2a: Floette|Floette-Eternal, L50, F|100/100
|switch|p2b: Incineroar|Incineroar, L50, M|100/100
|-ability|p2b: Incineroar|Intimidate|boost
|-unboost|p1a: Garchomp|atk|1
|-unboost|p1b: Sinistcha|atk|1
|turn|1
|
|t:|1783524267
|switch|p1a: Scizor|Scizor, L50, F|100/100
|detailschange|p2a: Floette|Floette-Mega, L50, F
|-mega|p2a: Floette|Floette|Floettite
|-ability|p2a: Floette|Fairy Aura
|move|p2b: Incineroar|Fake Out|p1a: Scizor
|-resisted|p1a: Scizor|1
|-damage|p1a: Scizor|94/100
|move|p2a: Floette|Calm Mind|p2a: Floette
|-boost|p2a: Floette|spa|1
|-boost|p2a: Floette|spd|1
|move|p1b: Sinistcha|Matcha Gotcha|p2b: Incineroar|[spread] p2a,p2b
|-resisted|p2b: Incineroar|1
|-damage|p2a: Floette|86/100
|-damage|p2b: Incineroar|89/100
|
|upkeep
|turn|2
|
|t:|1783524285
|detailschange|p1a: Scizor|Scizor-Mega, L50, F
|-mega|p1a: Scizor|Scizor|Scizorite
|move|p2a: Floette|Protect|p2a: Floette
|-singleturn|p2a: Floette|Protect
|move|p1b: Sinistcha|Rage Powder|p1b: Sinistcha
|-singleturn|p1b: Sinistcha|move: Rage Powder
|move|p2b: Incineroar|Flare Blitz|p1b: Sinistcha
|-supereffective|p1b: Sinistcha|1
|-damage|p1b: Sinistcha|21/100
|-damage|p2b: Incineroar|68/100|[from] Recoil
|move|p1a: Scizor|Swords Dance|p1a: Scizor
|-boost|p1a: Scizor|atk|2
|
|-heal|p1b: Sinistcha|27/100|[from] item: Leftovers
|upkeep
|turn|3
|inactive|SrStarVGC has 30 seconds left.
|
|t:|1783524314
|switch|p2a: Kingambit|Kingambit, L50, F|100/100
|move|p1b: Sinistcha|Rage Powder|p1b: Sinistcha
|-singleturn|p1b: Sinistcha|move: Rage Powder
|move|p1a: Scizor|Bullet Punch|p2a: Kingambit
|-resisted|p2a: Kingambit|1
|-damage|p2a: Kingambit|74/100
|move|p2b: Incineroar|Throat Chop|p1b: Sinistcha
|-supereffective|p1b: Sinistcha|1
|-damage|p1b: Sinistcha|0 fnt
|faint|p1b: Sinistcha
|
|upkeep
|
|t:|1783524336
|switch|p1b: Garchomp|Garchomp, L50, F|100/100
|turn|4
|
|t:|1783524349
|move|p2a: Kingambit|Sucker Punch|p1b: Garchomp
|-damage|p1b: Garchomp|57/100
|-damage|p2a: Kingambit|62/100|[from] ability: Rough Skin|[of] p1b: Garchomp
|move|p1b: Garchomp|Stomping Tantrum|p2b: Incineroar
|-supereffective|p2b: Incineroar|1
|-damage|p2b: Incineroar|0 fnt
|faint|p2b: Incineroar
|-damage|p1b: Garchomp|47/100|[from] item: Life Orb
|move|p1a: Scizor|Bug Bite|p2a: Kingambit
|-damage|p2a: Kingambit|0 fnt
|faint|p2a: Kingambit
|
|upkeep
|
|t:|1783524359
|switch|p2b: Sneasler|Sneasler, L50, M|100/100
|switch|p2a: Floette|Floette-Mega, L50, F|86/100
|-ability|p2a: Floette|Fairy Aura
|turn|5
|
|t:|1783524378
|switch|p1a: Aerodactyl|Aerodactyl, L50, M|100/100
|-ability|p1a: Aerodactyl|Unnerve
|move|p2b: Sneasler|Fake Out|p1a: Aerodactyl
|-resisted|p1a: Aerodactyl|1
|-damage|p1a: Aerodactyl|89/100
|move|p1b: Garchomp|Stomping Tantrum|p2b: Sneasler
|-supereffective|p2b: Sneasler|1
|-enditem|p2b: Sneasler|Focus Sash
|-damage|p2b: Sneasler|1/100
|-damage|p1b: Garchomp|38/100|[from] item: Life Orb
|move|p2a: Floette|Dazzling Gleam|p1b: Garchomp|[spread] p1a,p1b
|-supereffective|p1b: Garchomp|1
|-damage|p1a: Aerodactyl|27/100
|-damage|p1b: Garchomp|0 fnt
|faint|p1b: Garchomp
|
|upkeep
|inactive|MarzipanTheFirst has 30 seconds left.
|
|t:|1783524411
|switch|p1b: Scizor|Scizor-Mega, L50, F|94/100
|turn|6
|c|☆MarzipanTheFirst|ggs wp
|inactive|SrStarVGC has 30 seconds left.
|inactive|SrStarVGC has 20 seconds left.
|
|t:|1783524448
|move|p2b: Sneasler|Quick Guard|p2b: Sneasler
|-singleturn|p2b: Sneasler|Quick Guard
|move|p1b: Scizor|Bullet Punch|p2a: Floette
|-activate|p2a: Floette|move: Quick Guard
|move|p1a: Aerodactyl|Dual Wingbeat|p2b: Sneasler
|-supereffective|p2b: Sneasler|1
|-damage|p2b: Sneasler|0 fnt
|faint|p2b: Sneasler
|-hitcount|p2: Sneasler|1
|move|p2a: Floette|Moonblast|p1b: Scizor
|-resisted|p1b: Scizor|1
|-damage|p1b: Scizor|56/100
|
|upkeep
|turn|7
|inactive|MarzipanTheFirst has 30 seconds left.
|
|t:|1783524482
|move|p1b: Scizor|Bullet Punch|p2a: Floette
|-supereffective|p2a: Floette|1
|-damage|p2a: Floette|3/100
|move|p1a: Aerodactyl|Rock Slide|p2a: Floette
|-damage|p2a: Floette|0 fnt
|faint|p2a: Floette
|
|win|MarzipanTheFirst
|raw|MarzipanTheFirst's rating: 1121 → 1146(+25 for winning)
|raw|SrStarVGC's rating: 1123 → 1098(-25 for losing)
|l|☆MarzipanTheFirst
|player|p1|
