|j|☆ryanpowneyissoslay
|j|☆hungry hillo
|html|ryanpowneyissoslayhungry hillo    
|uhtml|bestof|Game 1 of a best-of-3
|t:|1756152586
|gametype|doubles
|player|p1|ryanpowneyissoslay|ghetsis|
|player|p2|hungry hillo|n|
|gen|9
|tier|[Gen 9] VGC 2025 Reg H (Bo3)
|rule|Species Clause: Limit one of each Pokémon
|rule|Item Clause: Limit 1 of each item
|clearpoke
|poke|p1|Annihilape, L50, F|
|poke|p1|Maushold, L50|
|poke|p1|Pelipper, L50, M|
|poke|p1|Archaludon, L50, F|
|poke|p1|Basculegion, L50, M|
|poke|p1|Amoonguss, L50, F|
|poke|p2|Sneasler, L50, M|
|poke|p2|Clefable, L50, M|
|poke|p2|Gholdengo, L50|
|poke|p2|Magmar, L50, F|
|poke|p2|Dragapult, L50, F|
|poke|p2|Rillaboom, L50, M|
|teampreview|4
|showteam|p1|Annihilape||SpellTag|Defiant|DrainPunch,RageFist,BulkUp,Protect|||F|||50|,,,,,Water]Maushold||SafetyGoggles|FriendGuard|BeatUp,FollowMe,Taunt,Protect||||||50|,,,,,Ghost]Pelipper||FocusSash|Drizzle|MuddyWater,Hurricane,Tailwind,Protect|||M|||50|,,,,,Stellar]Archaludon||AssaultVest|Stamina|ElectroShot,BodyPress,Snarl,DragonPulse|||F|||50|,,,,,Bug]Basculegion||ChoiceBand|SwiftSwim|WaveCrash,LastRespects,FlipTurn,AquaJet|||M|||50|,,,,,Water]Amoonguss||SitrusBerry|Regenerator|Spore,RagePowder,PollenPuff,Protect|||F|||50|,,,,,Water
|showteam|p2|Sneasler||FocusSash|Unburden|CloseCombat,DireClaw,Protect,ThroatChop|||M|||50|,,,,,Dark]Clefable||RockyHelmet|Unaware|Moonblast,IcyWind,FollowMe,Protect|||M|||50|,,,,,Steel]Gholdengo||LifeOrb|GoodasGold|MakeItRain,ShadowBall,NastyPlot,Protect||||||50|,,,,,Water]Magmar||Eviolite|VitalSpirit|Taunt,Overheat,FollowMe,Protect|||F|||50|,,,,,Ghost]Dragapult||ChoiceSpecs|ClearBody|Flamethrower,ShadowBall,DracoMeteor,Thunderbolt|||F|||50|,,,,,Fire]Rillaboom||AssaultVest|GrassySurge|WoodHammer,GrassyGlide,HighHorsepower,FakeOut|||M|||50|,,,,,Fire
|inactive|Battle timer is ON: inactive players will automatically lose when time's up. (requested by ryanpowneyissoslay)
|inactive|hungry hillo has 60 seconds left.
|
|t:|1756152616
|teamsize|p1|4
|teamsize|p2|4
|start
|switch|p1a: Annihilape|Annihilape, L50, F|100/100
|switch|p1b: Maushold|Maushold, L50|100/100
|switch|p2a: Donald|Magmar, L50, F|100/100
|switch|p2b: Dk|Rillaboom, L50, M|100/100
|-fieldstart|move: Grassy Terrain|[from] ability: Grassy Surge|[of] p2b: Dk
|turn|1
|
|t:|1756152636
|move|p1b: Maushold|Beat Up|p1a: Annihilape
|-damage|p1a: Annihilape|99/100
|-damage|p1a: Annihilape|97/100
|-damage|p1a: Annihilape|95/100
|-damage|p1a: Annihilape|93/100
|-hitcount|p1a: Annihilape|4
|move|p1a: Annihilape|Rage Fist|p2b: Dk
|-damage|p2b: Dk|0 fnt
|faint|p2b: Dk
|move|p2a: Donald|Taunt|p1a: Annihilape
|-start|p1a: Annihilape|move: Taunt
|
|-heal|p1a: Annihilape|99/100|[from] Grassy Terrain
|upkeep
|
|t:|1756152653
|switch|p2b: ƁºƁ|Sneasler, L50, M|100/100
|turn|2
|
|t:|1756152665
|-terastallize|p1b: Maushold|Ghost
|move|p2b: ƁºƁ|Protect|p2b: ƁºƁ
|-singleturn|p2b: ƁºƁ|Protect
|move|p1b: Maushold|Taunt|p2a: Donald
|-start|p2a: Donald|move: Taunt
|move|p1a: Annihilape|Rage Fist|p2b: ƁºƁ
|-activate|p2b: ƁºƁ|move: Protect
|cant|p2a: Donald|move: Taunt|Taunt
|
|-heal|p1a: Annihilape|100/100|[from] Grassy Terrain
|upkeep
|turn|3
|
|t:|1756152678
|-terastallize|p2b: ƁºƁ|Dark
|move|p1b: Maushold|Beat Up|p2b: ƁºƁ
|-resisted|p2b: ƁºƁ
|-damage|p2b: ƁºƁ|99/100
|-resisted|p2b: ƁºƁ
|-damage|p2b: ƁºƁ|97/100
|-resisted|p2b: ƁºƁ
|-damage|p2b: ƁºƁ|94/100
|-resisted|p2b: ƁºƁ
|-damage|p2b: ƁºƁ|93/100
|-hitcount|p2b: ƁºƁ|4
|move|p2b: ƁºƁ|Throat Chop|p1b: Maushold
|-supereffective|p1b: Maushold
|-damage|p1b: Maushold|0 fnt
|faint|p1b: Maushold
|move|p1a: Annihilape|Rage Fist|p2b: ƁºƁ
|-resisted|p2b: ƁºƁ
|-damage|p2b: ƁºƁ|0 fnt
|faint|p2b: ƁºƁ
|move|p2a: Donald|Overheat|p1a: Annihilape
|-damage|p1a: Annihilape|60/100
|-unboost|p2a: Donald|spa|2
|
|-heal|p1a: Annihilape|66/100|[from] Grassy Terrain
|upkeep
|
|t:|1756152699
|switch|p1b: Pelipper|Pelipper, L50, M|100/100
|switch|p2b: Wisper|Dragapult, L50, F|100/100
|-weather|RainDance|[from] ability: Drizzle|[of] p1b: Pelipper
|turn|4
|
|t:|1756152706
|move|p2b: Wisper|Shadow Ball|p1a: Annihilape
|-supereffective|p1a: Annihilape
|-damage|p1a: Annihilape|0 fnt
|faint|p1a: Annihilape
|move|p2a: Donald|Overheat|p1b: Pelipper
|-resisted|p1b: Pelipper
|-damage|p1b: Pelipper|91/100
|-unboost|p2a: Donald|spa|2
|move|p1b: Pelipper|Tailwind|p1b: Pelipper
|-sidestart|p1: ryanpowneyissoslay|move: Tailwind
|
|-weather|RainDance|[upkeep]
|-end|p2a: Donald|move: Taunt
|upkeep
|
|t:|1756152710
|switch|p1a: Archaludon|Archaludon, L50, F|100/100
|turn|5
|
|t:|1756152726
|move|p2a: Donald|Follow Me|p2a: Donald
|-singleturn|p2a: Donald|move: Follow Me
|move|p1b: Pelipper|Muddy Water|p2b: Wisper|[spread] p2a,p2b
|-supereffective|p2a: Donald
|-resisted|p2b: Wisper
|-damage|p2a: Donald|22/100
|-damage|p2b: Wisper|66/100
|-unboost|p2a: Donald|accuracy|1
|move|p1a: Archaludon|Dragon Pulse|p2a: Donald
|-crit|p2a: Donald
|-damage|p2a: Donald|0 fnt
|faint|p2a: Donald
|move|p2b: Wisper|Shadow Ball|p1b: Pelipper
|-damage|p1b: Pelipper|0 fnt
|faint|p1b: Pelipper
|
|-weather|RainDance|[upkeep]
|-heal|p2b: Wisper|72/100|[from] Grassy Terrain
|-fieldend|move: Grassy Terrain
|upkeep
|turn|6
|
|t:|1756152739
|move|p1a: Archaludon|Dragon Pulse|p2b: Wisper
|-supereffective|p2b: Wisper
|-crit|p2b: Wisper
|-damage|p2b: Wisper|0 fnt
|faint|p2b: Wisper
|
|win|ryanpowneyissoslay
||hungry hillo is ready for game 2.
||ryanpowneyissoslay is ready for game 2.
|uhtml|next|Next: Game 2 of 3
|l|☆ryanpowneyissoslay
|player|p1|
|l|☆hungry hillo
|player|p2|
|j|☆hungry hillo
|player|p2|hungry hillo|n|
