|j|☆Sephrott
|j|☆FunkleVGC
|html|SephrottFunkleVGC    
|uhtml|bestof|Game 2 of a best-of-3
|t:|1782519936
|gametype|doubles
|player|p1|Sephrott|2|1107
|player|p2|FunkleVGC|fisherman-gen4|1235
|gen|9
|tier|[Gen 9 Champions] VGC 2026 Reg M-B (Bo3)
|rated|
|rule|Species Clause: Limit one of each Pokémon
|rule|Item Clause: Limit 1 of each item
|clearpoke
|poke|p1|Swampert, L50, F|
|poke|p1|Pelipper, L50, F|
|poke|p1|Sinistcha, L50|
|poke|p1|Archaludon, L50, M|
|poke|p1|Metagross, L50|
|poke|p1|Grimmsnarl, L50, M|
|poke|p2|Froslass, L50, F, shiny|
|poke|p2|Scovillain, L50, M, shiny|
|poke|p2|Lycanroc-Dusk, L50, F|
|poke|p2|Kingambit, L50, M, shiny|
|poke|p2|Basculegion, L50, M, shiny|
|poke|p2|Sneasler, L50, M|
|teampreview|4
|showteam|p1|Swampert||Swampertite|Torrent|WaveCrash,Earthquake,IcePunch,Protect|Adamant||F|||50|]Pelipper||SitrusBerry|Drizzle|WeatherBall,Hurricane,Tailwind,WideGuard|Modest||F|||50|]Sinistcha||CobaBerry|Hospitality|MatchaGotcha,Protect,RagePowder,TrickRoom|Bold|||||50|]Archaludon||Leftovers|Stamina|ElectroShot,FlashCannon,DragonPulse,Protect|Modest||M|||50|]Metagross||Metagrossite|ClearBody|IronHead,PsychicFangs,BodyPress,Protect|Jolly|||||50|]Grimmsnarl||LightClay|Prankster|FoulPlay,LightScreen,Reflect,PartingShot|Careful||M|||50|
|showteam|p2|Froslass||Froslassite|CursedBody|Blizzard,ShadowBall,AuroraVeil,Protect|Modest||F|||50|]Scovillain||Scovillainite|Moody|Overheat,GigaDrain,RagePowder,Protect|Bold||M|||50|]Lycanroc-Dusk||FocusSash|ToughClaws|RockSlide,CloseCombat,Accelerock,Protect|Adamant||F|||50|]Kingambit||BlackGlasses|Defiant|KowtowCleave,SuckerPunch,SwordsDance,Protect|Adamant||M|||50|]Basculegion||SitrusBerry|Adaptability|WaveCrash,LastRespects,AquaJet,Protect|Adamant||M|||50|]Sneasler||WhiteHerb|Unburden|DireClaw,CloseCombat,FakeOut,Protect|Adamant||M|||50|
|
|t:|1782519978
|teamsize|p1|4
|teamsize|p2|4
|start
|switch|p1a: Pelipper|Pelipper, L50, F|100/100
|switch|p1b: Swampert|Swampert, L50, F|100/100
|switch|p2a: Sneasler|Sneasler, L50, M|100/100
|switch|p2b: Froslass|Froslass, L50, F, shiny|100/100
|-weather|RainDance|[from] ability: Drizzle|[of] p1a: Pelipper
|turn|1
|
|t:|1782520014
|switch|p1a: Grimmsnarl|Grimmsnarl, L50, M|100/100
|detailschange|p2b: Froslass|Froslass-Mega, L50, F, shiny
|-mega|p2b: Froslass|Froslass|Froslassite
|-weather|Snowscape|[from] ability: Snow Warning|[of] p2b: Froslass
|detailschange|p1b: Swampert|Swampert-Mega, L50, F
|-mega|p1b: Swampert|Swampert|Swampertite
|move|p1b: Swampert|Protect|p1b: Swampert
|-singleturn|p1b: Swampert|Protect
|move|p2b: Froslass|Blizzard|p1a: Grimmsnarl|[spread] p1a
|-activate|p1b: Swampert|move: Protect
|-damage|p1a: Grimmsnarl|56/100
|move|p2a: Sneasler|Dire Claw|p1a: Grimmsnarl
|-supereffective|p1a: Grimmsnarl|1
|-damage|p1a: Grimmsnarl|0 fnt
|faint|p1a: Grimmsnarl
|
|-weather|Snowscape|[upkeep]
|upkeep
|
|t:|1782520030
|switch|p1a: Pelipper|Pelipper, L50, F|100/100
|-weather|RainDance|[from] ability: Drizzle|[of] p1a: Pelipper
|turn|2
|
|t:|1782520041
|switch|p2b: Lycanroc|Lycanroc-Dusk, L50, F|100/100
|move|p2a: Sneasler|Protect|p2a: Sneasler
|-singleturn|p2a: Sneasler|Protect
|move|p1b: Swampert|Earthquake|p2b: Lycanroc|[spread] p2b
|-activate|p2a: Sneasler|move: Protect
|-immune|p1a: Pelipper
|-supereffective|p2b: Lycanroc|1
|-enditem|p2b: Lycanroc|Focus Sash
|-damage|p2b: Lycanroc|1/100
|move|p1a: Pelipper|Tailwind|p1a: Pelipper
|-sidestart|p1: Sephrott|move: Tailwind
|
|-weather|RainDance|[upkeep]
|upkeep
|turn|3
|
|t:|1782520064
|switch|p2a: Froslass|Froslass-Mega, L50, F, shiny|100/100
|-weather|Snowscape|[from] ability: Snow Warning|[of] p2a: Froslass
|move|p2b: Lycanroc|Accelerock|p1a: Pelipper
|-supereffective|p1a: Pelipper|1
|-damage|p1a: Pelipper|24/100
|-enditem|p1a: Pelipper|Sitrus Berry|[eat]
|-heal|p1a: Pelipper|48/100|[from] item: Sitrus Berry
|move|p1b: Swampert|Earthquake|p2b: Lycanroc|[spread] p2a,p2b
|-immune|p1a: Pelipper
|-supereffective|p2b: Lycanroc|1
|-damage|p2a: Froslass|59/100
|-damage|p2b: Lycanroc|0 fnt
|faint|p2b: Lycanroc
|move|p1a: Pelipper|Weather Ball|p2a: Froslass
|-resisted|p2a: Froslass|1
|-damage|p2a: Froslass|43/100
|
|-weather|Snowscape|[upkeep]
|upkeep
|
|t:|1782520083
|switch|p2b: Sneasler|Sneasler, L50, M|100/100
|turn|4
|
|t:|1782520093
|switch|p1a: Archaludon|Archaludon, L50, M|100/100
|move|p1b: Swampert|Protect|p1b: Swampert
|-singleturn|p1b: Swampert|Protect
|move|p2b: Sneasler|Fake Out|p1b: Swampert
|-activate|p1b: Swampert|move: Protect
|move|p2a: Froslass|Shadow Ball|p1a: Archaludon
|-damage|p1a: Archaludon|51/100
|-ability|p1a: Archaludon|Stamina|boost
|-boost|p1a: Archaludon|def|1
|
|-weather|Snowscape|[upkeep]
|-heal|p1a: Archaludon|57/100|[from] item: Leftovers
|upkeep
|turn|5
|
|t:|1782520109
|move|p1a: Archaludon|Protect|p1a: Archaludon
|-singleturn|p1a: Archaludon|Protect
|move|p2a: Froslass|Protect|p2a: Froslass
|-singleturn|p2a: Froslass|Protect
|move|p2b: Sneasler|Protect|p2b: Sneasler
|-singleturn|p2b: Sneasler|Protect
|move|p1b: Swampert|Wave Crash|p2a: Froslass
|-activate|p2a: Froslass|move: Protect
|
|-weather|Snowscape|[upkeep]
|-heal|p1a: Archaludon|63/100|[from] item: Leftovers
|-sideend|p1: Sephrott|move: Tailwind
|upkeep
|turn|6
|
|t:|1782520140
|move|p2a: Froslass|Blizzard|p1b: Swampert|[spread] p1a,p1b
|-crit|p1a: Archaludon
|-damage|p1a: Archaludon|0 fnt
|-damage|p1b: Swampert|62/100
|faint|p1a: Archaludon
|move|p2b: Sneasler|Close Combat|p1b: Swampert
|-damage|p1b: Swampert|12/100
|-unboost|p2b: Sneasler|def|1
|-unboost|p2b: Sneasler|spd|1
|-enditem|p2b: Sneasler|White Herb
|-clearnegativeboost|p2b: Sneasler|[silent]
|move|p1b: Swampert|Earthquake|p2b: Sneasler|[spread] p2a,p2b
|-supereffective|p2b: Sneasler|1
|-damage|p2a: Froslass|3/100
|-damage|p2b: Sneasler|1/100
|
|-weather|Snowscape|[upkeep]
|upkeep
|
|t:|1782520153
|switch|p1a: Pelipper|Pelipper, L50, F|48/100
|-weather|RainDance|[from] ability: Drizzle|[of] p1a: Pelipper
|turn|7
|
|t:|1782520165
|switch|p2a: Basculegion|Basculegion, L50, M, shiny|100/100
|move|p2b: Sneasler|Dire Claw|p1b: Swampert
|-resisted|p1b: Swampert|1
|-damage|p1b: Swampert|0 fnt
|faint|p1b: Swampert
|move|p1a: Pelipper|Tailwind|p1a: Pelipper
|-sidestart|p1: Sephrott|move: Tailwind
|
|-weather|RainDance|[upkeep]
|upkeep
|turn|8
|inactive|Battle timer is ON: inactive players will automatically lose when time's up. (requested by FunkleVGC)
|
|t:|1782520177
|move|p2b: Sneasler|Dire Claw|p1a: Pelipper
|-crit|p1a: Pelipper
|-damage|p1a: Pelipper|0 fnt
|faint|p1a: Pelipper
|
|win|FunkleVGC
|raw|Sephrott's rating: 1107 → 1091(-16 for losing)
|raw|FunkleVGC's rating: 1235 → 1251(+16 for winning)
