|j|☆do.vgc
|j|☆wade connects
|html|do.vgcwade connects    
|uhtml|bestof|Game 3 of a best-of-3
|t:|1785635170
|gametype|doubles
|player|p1|do.vgc|workerice|1183
|player|p2|wade connects|101|1179
|gen|9
|tier|[Gen 9 Champions] VGC 2026 Reg M-B (Bo3)
|rated|
|rule|Species Clause: Limit one of each Pokémon
|rule|Item Clause: Limit 1 of each item
|clearpoke
|poke|p1|Delphox, L50, M|
|poke|p1|Sneasler, L50, F|
|poke|p1|Sinistcha, L50|
|poke|p1|Basculegion, L50, M|
|poke|p1|Incineroar, L50, F|
|poke|p1|Floette-Eternal, L50, F|
|poke|p2|Gholdengo, L50|
|poke|p2|Clefable, L50, M|
|poke|p2|Blaziken, L50, M, shiny|
|poke|p2|Sceptile, L50, M|
|poke|p2|Gyarados, L50, F, shiny|
|poke|p2|Aerodactyl, L50, F|
|teampreview|4
|showteam|p1|Delphox||Delphoxite|Blaze|HeatWave,Psychic,NastyPlot,Protect|Timid||M|||50|]Sneasler||WhiteHerb|Unburden|DireClaw,CloseCombat,FakeOut,Protect|Adamant||F|||50|]Sinistcha||KasibBerry|Hospitality|MatchaGotcha,RagePowder,LifeDew,TrickRoom|Bold|||||50|]Basculegion||FocusSash|Adaptability|Liquidation,LastRespects,AquaJet,Protect|Jolly||M|||50|]Incineroar||SitrusBerry|Intimidate|FlareBlitz,ThroatChop,PartingShot,FakeOut|Careful||F|||50|]Floette-Eternal||Floettite|FlowerVeil|DazzlingGleam,Moonblast,CalmMind,Protect|Modest||F|||50|
|showteam|p2|Gholdengo||MetalCoat|GoodasGold|Protect,NastyPlot,ShadowBall,MakeItRain|Modest|||||50|]Clefable||Leftovers|Unaware|Protect,FollowMe,LifeDew,Moonblast|Bold||M|||50|]Blaziken||LifeOrb|SpeedBoost|Detect,CloseCombat,FlareBlitz,RockSlide|Adamant||M|||50|]Sceptile||Sceptilite|Overgrow|Detect,EnergyBall,DragonPulse,EarthPower|Timid||M|||50|]Gyarados||Gyaradosite|Intimidate|Protect,DragonDance,Waterfall,Crunch|Adamant||F|||50|]Aerodactyl||FocusSash|Unnerve|Protect,Tailwind,DualWingbeat,RockSlide|Jolly||F|||50|
|
|t:|1785635210
|teamsize|p1|4
|teamsize|p2|4
|start
|switch|p1a: Sneasler|Sneasler, L50, F|100/100
|switch|p1b: Basculegion|Basculegion, L50, M|100/100
|switch|p2a: Gyarados|Gyarados, L50, F, shiny|100/100
|switch|p2b: Gholdengo|Gholdengo, L50|100/100
|-ability|p2a: Gyarados|Intimidate|boost
|-unboost|p1a: Sneasler|atk|1
|-unboost|p1b: Basculegion|atk|1
|-enditem|p1a: Sneasler|White Herb
|-clearnegativeboost|p1a: Sneasler|[silent]
|turn|1
|inactive|Battle timer is ON: inactive players will automatically lose when time's up. (requested by do.vgc)
|
|t:|1785635236
|switch|p1b: Incineroar|Incineroar, L50, F|100/100
|-ability|p1b: Incineroar|Intimidate|boost
|-unboost|p2a: Gyarados|atk|1
|-unboost|p2b: Gholdengo|atk|1
|move|p1a: Sneasler|Fake Out|p2a: Gyarados
|-damage|p2a: Gyarados|81/100
|cant|p2a: Gyarados|flinch
|move|p2b: Gholdengo|Shadow Ball|p1b: Incineroar
|-resisted|p1b: Incineroar|1
|-damage|p1b: Incineroar|81/100
|
|upkeep
|turn|2
|
|t:|1785635261
|switch|p2b: Aerodactyl|Aerodactyl, L50, F|100/100
|-ability|p2b: Aerodactyl|Unnerve
|move|p1a: Sneasler|Dire Claw|p2a: Gyarados
|-damage|p2a: Gyarados|26/100
|move|p2a: Gyarados|Dragon Dance|p2a: Gyarados
|-boost|p2a: Gyarados|atk|1
|-boost|p2a: Gyarados|spe|1
|move|p1b: Incineroar|Flare Blitz|p2b: Aerodactyl
|-resisted|p2b: Aerodactyl|1
|-damage|p2b: Aerodactyl|60/100
|-damage|p1b: Incineroar|71/100|[from] Recoil
|
|upkeep
|turn|3
|inactive|do.vgc has 30 seconds left.
|inactive|do.vgc has 20 seconds left.
|
|t:|1785635300
|move|p1a: Sneasler|Close Combat|p2a: Gyarados
|-resisted|p2a: Gyarados|1
|-damage|p2a: Gyarados|0 fnt
|-unboost|p1a: Sneasler|def|1
|-unboost|p1a: Sneasler|spd|1
|faint|p2a: Gyarados
|move|p2b: Aerodactyl|Tailwind|p2b: Aerodactyl
|-sidestart|p2: wade connects|move: Tailwind
|move|p1b: Incineroar|Parting Shot|p2b: Aerodactyl
|-unboost|p2b: Aerodactyl|atk|1
|-unboost|p2b: Aerodactyl|spa|1
|
|t:|1785635313
|switch|p1b: Basculegion|Basculegion, L50, M|100/100|[from] Parting Shot
|
|upkeep
|
|t:|1785635319
|switch|p2a: Gholdengo|Gholdengo, L50|100/100
|turn|4
|
|t:|1785635326
|switch|p1b: Incineroar|Incineroar, L50, F|71/100
|-ability|p1b: Incineroar|Intimidate|boost
|-unboost|p2a: Gholdengo|atk|1
|-unboost|p2b: Aerodactyl|atk|1
|move|p2b: Aerodactyl|Rock Slide|p1a: Sneasler|[spread] p1a,p1b
|-resisted|p1a: Sneasler|1
|-supereffective|p1b: Incineroar|1
|-damage|p1a: Sneasler|82/100
|-damage|p1b: Incineroar|47/100
|move|p1a: Sneasler|Close Combat|p2b: Aerodactyl
|-damage|p2b: Aerodactyl|0 fnt
|-unboost|p1a: Sneasler|def|1
|-unboost|p1a: Sneasler|spd|1
|-enditem|p1b: Incineroar|Sitrus Berry|[eat]
|-heal|p1b: Incineroar|72/100|[from] item: Sitrus Berry
|faint|p2b: Aerodactyl
|move|p2a: Gholdengo|Shadow Ball|p1b: Incineroar
|-resisted|p1b: Incineroar|1
|-damage|p1b: Incineroar|54/100
|-unboost|p1b: Incineroar|spd|1
|
|upkeep
|
|t:|1785635346
|switch|p2b: Blaziken|Blaziken, L50, M, shiny|100/100
|turn|5
|
|t:|1785635360
|move|p1a: Sneasler|Dire Claw|p2b: Blaziken
|-damage|p2b: Blaziken|32/100
|move|p2b: Blaziken|Close Combat|p1b: Incineroar
|-supereffective|p1b: Incineroar|1
|-damage|p1b: Incineroar|0 fnt
|-unboost|p2b: Blaziken|def|1
|-unboost|p2b: Blaziken|spd|1
|faint|p1b: Incineroar
|-damage|p2b: Blaziken|22/100|[from] item: Life Orb
|move|p2a: Gholdengo|Shadow Ball|p1a: Sneasler
|-damage|p1a: Sneasler|0 fnt
|faint|p1a: Sneasler
|
|-ability|p2b: Blaziken|Speed Boost|boost
|-boost|p2b: Blaziken|spe|1
|upkeep
|
|t:|1785635375
|switch|p1a: Floette|Floette-Eternal, L50, F|100/100
|switch|p1b: Basculegion|Basculegion, L50, M|100/100
|turn|6
|inactive|do.vgc has 30 seconds left.
|inactive|wade connects has 30 seconds left.
|
|t:|1785635413
|detailschange|p1a: Floette|Floette-Mega, L50, F
|-mega|p1a: Floette|Floette|Floettite
|-ability|p1a: Floette|Fairy Aura
|move|p2b: Blaziken|Detect|p2b: Blaziken
|-singleturn|p2b: Blaziken|Protect
|move|p1a: Floette|Protect|p1a: Floette
|-singleturn|p1a: Floette|Protect
|move|p1b: Basculegion|Aqua Jet|p2b: Blaziken
|-activate|p2b: Blaziken|move: Protect
|move|p2a: Gholdengo|Shadow Ball|p1b: Basculegion
|-supereffective|p1b: Basculegion|1
|-enditem|p1b: Basculegion|Focus Sash
|-damage|p1b: Basculegion|1/100
|
|-sideend|p2: wade connects|move: Tailwind
|-ability|p2b: Blaziken|Speed Boost|boost
|-boost|p2b: Blaziken|spe|1
|upkeep
|turn|7
|
|t:|1785635434
|move|p1b: Basculegion|Protect|p1b: Basculegion
|-singleturn|p1b: Basculegion|Protect
|move|p2b: Blaziken|Rock Slide|p1a: Floette|[spread] p1a
|-activate|p1b: Basculegion|move: Protect
|-damage|p1a: Floette|62/100
|-damage|p2b: Blaziken|13/100|[from] item: Life Orb
|move|p1a: Floette|Dazzling Gleam|p2a: Gholdengo|[spread] p2a,p2b
|-resisted|p2a: Gholdengo|1
|-damage|p2a: Gholdengo|74/100
|-damage|p2b: Blaziken|0 fnt
|faint|p2b: Blaziken
|move|p2a: Gholdengo|Make It Rain|p1b: Basculegion|[spread] p1a
|-activate|p1b: Basculegion|move: Protect
|-supereffective|p1a: Floette|1
|-damage|p1a: Floette|0 fnt
|-unboost|p2a: Gholdengo|spa|2
|faint|p1a: Floette
|
|upkeep
|turn|8
|
|t:|1785635454
|move|p1b: Basculegion|Last Respects|p2a: Gholdengo
|-supereffective|p2a: Gholdengo|1
|-damage|p2a: Gholdengo|0 fnt
|faint|p2a: Gholdengo
|
|win|do.vgc
|raw|do.vgc's rating: 1183 → 1208(+25 for winning)
|raw|wade connects's rating: 1179 → 1154(-25 for losing)
|c|☆do.vgc|ggs
