|j|☆14#coder9
|j|‽Dragynez
|html|14#coder9Dragynez    
|uhtml|bestof|Game 2 of a best-of-3
|t:|1756323678
|gametype|doubles
|player|p1|14#coder9|unknown|1080
|player|p2|Dragynez|zinzolin|1150
|gen|9
|tier|[Gen 9] VGC 2025 Reg H (Bo3)
|rated|
|rule|Species Clause: Limit one of each Pokémon
|rule|Item Clause: Limit 1 of each item
|clearpoke
|poke|p1|Kingambit, L50, F|
|poke|p1|Electabuzz, L50, M|
|poke|p1|Dragapult, L50, M|
|poke|p1|Volcarona, L50, M|
|poke|p1|Rillaboom, L50, F|
|poke|p1|Ninetales-Alola, L50, M|
|poke|p2|Pelipper, L50, M|
|poke|p2|Basculegion, L50, M|
|poke|p2|Archaludon, L50, F|
|poke|p2|Salamence, L50, M|
|poke|p2|Rillaboom, L50, M|
|poke|p2|Grimmsnarl, L50, M|
|teampreview|4
|showteam|p1|Kingambit||BlackGlasses|Defiant|Protect,KowtowCleave,SuckerPunch,SwordsDance|||F|||50|,,,,,Dark]Electabuzz||Eviolite|VitalSpirit|Protect,Thunderbolt,HelpingHand,FollowMe|||M|||50|,,,,,Ghost]Dragapult||ChoiceSpecs|ClearBody|DracoMeteor,ShadowBall,FireBlast,Uturn|||M|||50|,,,,,Ghost]Volcarona||CovertCloak|FlameBody|Protect,HeatWave,GigaDrain,QuiverDance|||M|||50|,,,,,Fairy]Rillaboom||AssaultVest|GrassySurge|WoodHammer,GrassyGlide,Uturn,FakeOut|||F|||50|,,,,,Fire]Ninetales-Alola||LightClay|SnowWarning|FreezeDry,Moonblast,AuroraVeil,Protect|||M|||50|,,,,,Fire
|showteam|p2|Pelipper||FocusSash|Drizzle|Hurricane,WeatherBall,Protect,WideGuard|||M|||50|,,,,,Ghost]Basculegion||ChoiceBand|SwiftSwim|LastRespects,WaveCrash,AquaJet,FlipTurn|||M|||50|,,,,,Grass]Archaludon||AssaultVest|Stamina|ElectroShot,BodyPress,FlashCannon,DracoMeteor|||F|||50|,,,,,Bug]Salamence||SafetyGoggles|Intimidate|DualWingbeat,RainDance,Tailwind,Protect|||M|||50|,,,,,Flying]Rillaboom||LoadedDice|GrassySurge|FakeOut,BulletSeed,GrassyGlide,HighHorsepower|||M|||50|,,,,,Fire]Grimmsnarl||LightClay|Prankster|Taunt,ThunderWave,LightScreen,SpiritBreak|||M|||50|,,,,,Ghost
|inactive|Battle timer is ON: inactive players will automatically lose when time's up. (requested by 14#coder9)
|
|t:|1756323714
|teamsize|p1|4
|teamsize|p2|4
|start
|switch|p1a: Volcarona|Volcarona, L50, M, shiny|100/100
|switch|p1b: Electabuzz|Electabuzz, L50, M|100/100
|switch|p2a: Pelipper|Pelipper, L50, M|100/100
|switch|p2b: Basculegion|Basculegion, L50, M|100/100
|-weather|RainDance|[from] ability: Drizzle|[of] p2a: Pelipper
|turn|1
|
|t:|1756323731
|-terastallize|p1a: Volcarona|Fairy
|move|p1b: Electabuzz|Follow Me|p1b: Electabuzz
|-singleturn|p1b: Electabuzz|move: Follow Me
|move|p2b: Basculegion|Wave Crash|p1b: Electabuzz
|-damage|p1b: Electabuzz|0 fnt
|faint|p1b: Electabuzz
|-damage|p2b: Basculegion|72/100|[from] Recoil
|move|p1a: Volcarona|Quiver Dance|p1a: Volcarona
|-boost|p1a: Volcarona|spa|1
|-boost|p1a: Volcarona|spd|1
|-boost|p1a: Volcarona|spe|1
|move|p2a: Pelipper|Weather Ball|p1a: Volcarona
|-damage|p1a: Volcarona|61/100
|
|-weather|RainDance|[upkeep]
|upkeep
|
|t:|1756323748
|switch|p1b: Ninetales|Ninetales-Alola, L50, M|100/100
|-weather|Snowscape|[from] ability: Snow Warning|[of] p1b: Ninetales
|turn|2
|inactive|14#coder9 has 30 seconds left.
|inactive|Dragynez has 30 seconds left.
|inactive|Dragynez has 20 seconds left.
|inactive|Dragynez has 15 seconds left.
|
|t:|1756323791
|switch|p2a: Archaludon|Archaludon, L50, F|100/100
|move|p1a: Volcarona|Giga Drain|p2b: Basculegion
|-supereffective|p2b: Basculegion
|-damage|p2b: Basculegion|0 fnt
|-heal|p1a: Volcarona|97/100|[from] drain|[of] p2b: Basculegion
|faint|p2b: Basculegion
|move|p1b: Ninetales|Aurora Veil|p1b: Ninetales
|-sidestart|p1: 14#coder9|move: Aurora Veil
|
|-weather|Snowscape|[upkeep]
|upkeep
|
|t:|1756323801
|switch|p2b: Pelipper|Pelipper, L50, M|100/100
|-weather|RainDance|[from] ability: Drizzle|[of] p2b: Pelipper
|turn|3
|
|t:|1756323820
|move|p1a: Volcarona|Protect|p1a: Volcarona
|-singleturn|p1a: Volcarona|Protect
|move|p2b: Pelipper|Wide Guard|p2b: Pelipper
|-singleturn|p2b: Pelipper|Wide Guard
|move|p1b: Ninetales|Freeze-Dry|p2b: Pelipper
|-supereffective|p2b: Pelipper
|-enditem|p2b: Pelipper|Focus Sash
|-damage|p2b: Pelipper|1/100
|move|p2a: Archaludon|Flash Cannon|p1a: Volcarona
|-activate|p1a: Volcarona|move: Protect
|
|-weather|RainDance|[upkeep]
|upkeep
|turn|4
|
|t:|1756323839
|switch|p1b: Kingambit|Kingambit, L50, F, shiny|100/100
|move|p2b: Pelipper|Protect|p2b: Pelipper
|-singleturn|p2b: Pelipper|Protect
|move|p1a: Volcarona|Giga Drain|p2b: Pelipper
|-activate|p2b: Pelipper|move: Protect
|move|p2a: Archaludon|Flash Cannon|p1a: Volcarona
|-supereffective|p1a: Volcarona
|-damage|p1a: Volcarona|66/100
|
|-weather|RainDance|[upkeep]
|upkeep
|turn|5
|inactive|Dragynez has 30 seconds left.
|inactive|14#coder9 has 30 seconds left.
|inactive|Dragynez has 20 seconds left.
|inactive|Dragynez has 15 seconds left.
|inactive|Dragynez has 10 seconds left.
|
|t:|1756323885
|move|p2b: Pelipper|Wide Guard|p2b: Pelipper
|-singleturn|p2b: Pelipper|Wide Guard
|move|p1a: Volcarona|Giga Drain|p2b: Pelipper
|-damage|p2b: Pelipper|0 fnt
|-heal|p1a: Volcarona|67/100|[from] drain|[of] p2b: Pelipper
|faint|p2b: Pelipper
|move|p2a: Archaludon|Flash Cannon|p1a: Volcarona
|-supereffective|p1a: Volcarona
|-damage|p1a: Volcarona|37/100
|move|p1b: Kingambit|Swords Dance|p1b: Kingambit
|-boost|p1b: Kingambit|atk|2
|
|-weather|RainDance|[upkeep]
|upkeep
|
|t:|1756323897
|switch|p2b: Rillaboom|Rillaboom, L50, M|100/100
|-fieldstart|move: Grassy Terrain|[from] ability: Grassy Surge|[of] p2b: Rillaboom
|turn|6
|
|t:|1756323910
|move|p1a: Volcarona|Protect|p1a: Volcarona
|-singleturn|p1a: Volcarona|Protect
|move|p1b: Kingambit|Protect|p1b: Kingambit
|-singleturn|p1b: Kingambit|Protect
|move|p2b: Rillaboom|Fake Out|p1b: Kingambit
|-activate|p1b: Kingambit|move: Protect
|move|p2a: Archaludon|Flash Cannon|p1a: Volcarona
|-activate|p1a: Volcarona|move: Protect
|
|-weather|RainDance|[upkeep]
|-heal|p1a: Volcarona|44/100|[from] Grassy Terrain
|upkeep
|turn|7
|
|t:|1756323932
|switch|p1b: Ninetales|Ninetales-Alola, L50, M|100/100
|-weather|Snowscape|[from] ability: Snow Warning|[of] p1b: Ninetales
|move|p1a: Volcarona|Heat Wave|p2a: Archaludon|[spread] p2a,p2b
|-supereffective|p2b: Rillaboom
|-damage|p2a: Archaludon|61/100
|-damage|p2b: Rillaboom|0 fnt
|-ability|p2a: Archaludon|Stamina|boost
|-boost|p2a: Archaludon|def|1
|faint|p2b: Rillaboom
|move|p2a: Archaludon|Flash Cannon|p1a: Volcarona
|-supereffective|p1a: Volcarona
|-crit|p1a: Volcarona
|-damage|p1a: Volcarona|0 fnt
|faint|p1a: Volcarona
|
|-weather|Snowscape|[upkeep]
|-heal|p2a: Archaludon|67/100|[from] Grassy Terrain
|upkeep
|
|t:|1756323947
|switch|p1a: Kingambit|Kingambit, L50, F, shiny|100/100
|turn|8
|
|t:|1756323958
|move|p1b: Ninetales|Moonblast|p2a: Archaludon
|-damage|p2a: Archaludon|44/100
|-ability|p2a: Archaludon|Stamina|boost
|-boost|p2a: Archaludon|def|1
|move|p2a: Archaludon|Flash Cannon|p1b: Ninetales
|-supereffective|p1b: Ninetales
|-damage|p1b: Ninetales|0 fnt
|faint|p1b: Ninetales
|move|p1a: Kingambit|Swords Dance|p1a: Kingambit
|-boost|p1a: Kingambit|atk|2
|
|-weather|Snowscape|[upkeep]
|-heal|p2a: Archaludon|50/100|[from] Grassy Terrain
|upkeep
|turn|9
|inactive|Dragynez has 30 seconds left.
|
|t:|1756323988
|move|p1a: Kingambit|Sucker Punch|p2a: Archaludon
|-crit|p2a: Archaludon
|-damage|p2a: Archaludon|0 fnt
|faint|p2a: Archaludon
|
|win|14#coder9
|raw|14#coder9's rating: 1080 → 1114(+34 for winning)
|raw|Dragynez's rating: 1150 → 1120(-30 for losing)
|c|☆14#coder9|gg
|l|‽Dragynez
|player|p2|
