|j|☆Spearstorms
|j|☆Autin Mago
|html|SpearstormsAutin Mago    
|uhtml|bestof|Game 2 of a best-of-3
|t:|1783907916
|gametype|doubles
|player|p1|Spearstorms|marley|
|player|p2|Autin Mago|arezu|
|gen|9
|tier|[Gen 9 Champions] VGC 2026 Reg M-B (Bo3)
|rule|Species Clause: Limit one of each Pokémon
|rule|Item Clause: Limit 1 of each item
|clearpoke
|poke|p1|Sneasler, L50, F|
|poke|p1|Sinistcha, L50|
|poke|p1|Gardevoir, L50, F, shiny|
|poke|p1|Rotom-Heat, L50|
|poke|p1|Blastoise, L50, F|
|poke|p1|Toucannon, L50, M, shiny|
|poke|p2|Noivern, L50, M|
|poke|p2|Sylveon, L50, M|
|poke|p2|Scovillain, L50, M|
|poke|p2|Rotom-Frost, L50|
|poke|p2|Ninetales-Alola, L50, M|
|poke|p2|Tauros-Paldea-Aqua, L50, M|
|teampreview|4
|showteam|p1|Sneasler||WhiteHerb|Unburden|FakeOut,DireClaw,CloseCombat,Protect|Adamant||F|||50|]Sinistcha||OccaBerry|Hospitality|RagePowder,MatchaGotcha,ShadowBall,TrickRoom|Relaxed|||||50|]Gardevoir||Gardevoirite|Synchronize|HyperVoice,Psychic,Protect,Moonblast|Modest||F|||50|]Rotom-Heat||ChoiceScarf|Levitate|Thunderbolt,Overheat,Trick,VoltSwitch|Modest|||||50|]Blastoise||Blastoisinite|Torrent|FakeOut,WaterSpout,DarkPulse,WaterPulse|Quiet||F|||50|]Toucannon||LumBerry|SkillLink|RockBlast,BeakBlast,BulletSeed,Protect|Brave||M|||50|
|showteam|p2|Noivern||FocusSash|Infiltrator|Protect,Tailwind,DragonPulse,AirSlash|Modest||M|||50|]Sylveon||FairyFeather|Pixilate|Protect,QuickAttack,HyperVoice,HyperBeam|Quiet||M|||50|]Scovillain||Scovillainite|Moody|Protect,RagePowder,Flamethrower,GigaDrain|Bold||M|||50|]Rotom-Frost||ChoiceScarf|Levitate|Electroweb,VoltSwitch,Blizzard,Thunderbolt|Modest|||||50|]Ninetales-Alola||NeverMeltIce|SnowWarning|Protect,FreezeDry,Moonblast,Blizzard|Timid||M|||50|]Tauros-Paldea-Aqua||MysticWater|Intimidate|Protect,WaveCrash,CloseCombat,Bulldoze|Jolly||M|||50|
|j| priest_of_talos
|
|t:|1783907940
|teamsize|p1|4
|teamsize|p2|4
|start
|switch|p1a: Blastoise|Blastoise, L50, F|100/100
|switch|p1b: Toucannon|Toucannon, L50, M, shiny|100/100
|switch|p2a: Noivern|Noivern, L50, M|100/100
|switch|p2b: Scovillain|Scovillain, L50, M|100/100
|turn|1
|
|t:|1783907959
|detailschange|p1a: Blastoise|Blastoise-Mega, L50, F
|-mega|p1a: Blastoise|Blastoise|Blastoisinite
|-singleturn|p1b: Toucannon|move: Beak Blast
|move|p2a: Noivern|Protect|p2a: Noivern
|-singleturn|p2a: Noivern|Protect
|move|p2b: Scovillain|Protect|p2b: Scovillain
|-singleturn|p2b: Scovillain|Protect
|move|p1a: Blastoise|Fake Out|p2a: Noivern
|-activate|p2a: Noivern|move: Protect
|move|p1b: Toucannon|Beak Blast|p2b: Scovillain
|-activate|p2b: Scovillain|move: Protect
|
|-ability|p2b: Scovillain|Moody|boost
|-boost|p2b: Scovillain|atk|2
|-unboost|p2b: Scovillain|def|1
|upkeep
|turn|2
|j| legoinmyeggo
|
|t:|1783908001
|switch|p2b: Ninetales|Ninetales-Alola, L50, M|100/100
|-weather|Snowscape|[from] ability: Snow Warning|[of] p2b: Ninetales
|switch|p1a: Rotom|Rotom-Heat, L50|100/100
|-singleturn|p1b: Toucannon|move: Beak Blast
|move|p2a: Noivern|Air Slash|p1a: Rotom
|-resisted|p1a: Rotom|1
|-damage|p1a: Rotom|76/100
|move|p1b: Toucannon|Beak Blast|p2b: Ninetales
|-damage|p2b: Ninetales|31/100
|
|-weather|Snowscape|[upkeep]
|upkeep
|turn|3
|
|t:|1783908032
|switch|p1a: Blastoise|Blastoise-Mega, L50, F|100/100
|move|p2b: Ninetales|Protect|p2b: Ninetales
|-singleturn|p2b: Ninetales|Protect
|move|p2a: Noivern|Tailwind|p2a: Noivern
|-sidestart|p2: Autin Mago|move: Tailwind
|move|p1b: Toucannon|Rock Blast|p2a: Noivern
|-supereffective|p2a: Noivern|1
|-damage|p2a: Noivern|75/100
|-supereffective|p2a: Noivern|1
|-damage|p2a: Noivern|49/100
|-supereffective|p2a: Noivern|1
|-damage|p2a: Noivern|23/100
|-supereffective|p2a: Noivern|1
|-damage|p2a: Noivern|0 fnt
|faint|p2a: Noivern
|-hitcount|p2: Noivern|4
|
|-weather|Snowscape|[upkeep]
|upkeep
|
|t:|1783908051
|switch|p2a: Sylveon|Sylveon, L50, M|100/100
|turn|4
|
|t:|1783908080
|move|p1a: Blastoise|Fake Out|p2b: Ninetales
|-damage|p2b: Ninetales|22/100
|cant|p2b: Ninetales|flinch
|move|p2a: Sylveon|Hyper Voice|p1a: Blastoise|[spread] p1a,p1b
|-damage|p1a: Blastoise|60/100
|-damage|p1b: Toucannon|38/100
|move|p1b: Toucannon|Bullet Seed|p2b: Ninetales
|-damage|p2b: Ninetales|12/100
|-crit|p2b: Ninetales
|-damage|p2b: Ninetales|0 fnt
|faint|p2b: Ninetales
|-hitcount|p2: Ninetales|2
|
|-weather|Snowscape|[upkeep]
|upkeep
|
|t:|1783908088
|switch|p2b: Scovillain|Scovillain, L50, M|100/100
|turn|5
|
|t:|1783908110
|detailschange|p2b: Scovillain|Scovillain-Mega, L50, M
|-mega|p2b: Scovillain|Scovillain|Scovillainite
|move|p1b: Toucannon|Protect|p1b: Toucannon
|-singleturn|p1b: Toucannon|Protect
|move|p2b: Scovillain|Giga Drain|p1a: Blastoise
|-supereffective|p1a: Blastoise|1
|-damage|p1a: Blastoise|0 fnt
|faint|p1a: Blastoise
|move|p2a: Sylveon|Hyper Voice|p1b: Toucannon
|-activate|p1b: Toucannon|move: Protect
|
|-weather|Snowscape|[upkeep]
|upkeep
|
|t:|1783908116
|switch|p1a: Sneasler|Sneasler, L50, F|100/100
|turn|6
|
|t:|1783908125
|-singleturn|p1b: Toucannon|move: Beak Blast
|move|p1a: Sneasler|Protect|p1a: Sneasler
|-singleturn|p1a: Sneasler|Protect
|move|p2b: Scovillain|Flamethrower|p1b: Toucannon
|-damage|p1b: Toucannon|0 fnt
|faint|p1b: Toucannon
|move|p2a: Sylveon|Hyper Voice|p1a: Sneasler
|-activate|p1a: Sneasler|move: Protect
|
|-weather|none
|-sideend|p2: Autin Mago|move: Tailwind
|upkeep
|
|t:|1783908132
|switch|p1b: Rotom|Rotom-Heat, L50|76/100
|turn|7
|
|t:|1783908164
|move|p2b: Scovillain|Rage Powder|p2b: Scovillain
|-singleturn|p2b: Scovillain|move: Rage Powder
|move|p1b: Rotom|Overheat|p2b: Scovillain
|-damage|p2b: Scovillain|27/100
|-unboost|p1b: Rotom|spa|2
|-immune|p1b: Rotom
|move|p1a: Sneasler|Dire Claw|p2b: Scovillain
|-supereffective|p2b: Scovillain|1
|-damage|p2b: Scovillain|0 fnt
|-status|p1a: Sneasler|brn|[from] ability: Spicy Spray|[of] p2b: Scovillain
|faint|p2b: Scovillain
|move|p2a: Sylveon|Hyper Voice|p1a: Sneasler|[spread] p1a,p1b
|-resisted|p1b: Rotom|1
|-damage|p1a: Sneasler|34/100 brn
|-damage|p1b: Rotom|40/100
|
|-damage|p1a: Sneasler|28/100 brn|[from] brn
|upkeep
|turn|8
|
|t:|1783908181
|move|p2a: Sylveon|Protect|p2a: Sylveon
|-singleturn|p2a: Sylveon|Protect
|move|p1b: Rotom|Overheat|p2a: Sylveon
|-activate|p2a: Sylveon|move: Protect
|move|p1a: Sneasler|Dire Claw|p2a: Sylveon
|-activate|p2a: Sylveon|move: Protect
|
|-damage|p1a: Sneasler|22/100 brn|[from] brn
|upkeep
|turn|9
|
|t:|1783908221
|move|p2a: Sylveon|Quick Attack|p1a: Sneasler
|-damage|p1a: Sneasler|0 fnt
|faint|p1a: Sneasler
|move|p1b: Rotom|Overheat|p2a: Sylveon
|-damage|p2a: Sylveon|77/100
|-unboost|p1b: Rotom|spa|2
|
|upkeep
|turn|10
|
|t:|1783908228
|move|p1b: Rotom|Overheat|p2a: Sylveon
|-damage|p2a: Sylveon|63/100
|-unboost|p1b: Rotom|spa|2
|move|p2a: Sylveon|Hyper Voice|p1b: Rotom
|-resisted|p1b: Rotom|1
|-damage|p1b: Rotom|0 fnt
|faint|p1b: Rotom
|
|win|Autin Mago
|l|☆Spearstorms
|player|p1|
