|j|☆Pikachu Makelele
|j|☆SlugcatGames
|html|Pikachu MakeleleSlugcatGames    
|uhtml|bestof|Game 1 of a best-of-3
|t:|1756661265
|gametype|doubles
|player|p1|Pikachu Makelele|dahlia|1091
|player|p2|SlugcatGames|170|1000
|gen|9
|tier|[Gen 9] VGC 2025 Reg H (Bo3)
|rated|
|rule|Species Clause: Limit one of each Pokémon
|rule|Item Clause: Limit 1 of each item
|clearpoke
|poke|p1|Dragonite, L50, M|
|poke|p1|Whimsicott, L50, F|
|poke|p1|Kingambit, L50, M|
|poke|p1|Volcarona, L50, F|
|poke|p1|Archaludon, L50, M|
|poke|p1|Pelipper, L50, M|
|poke|p2|Whimsicott, L50, M|
|poke|p2|Basculegion, L50, M|
|poke|p2|Hydreigon, L50, M|
|poke|p2|Pelipper, L50, M|
|poke|p2|Gholdengo, L50|
|poke|p2|Garchomp, L50, M|
|teampreview|4
|showteam|p1|Dragonite||LoadedDice|Multiscale|ScaleShot,LowKick,Protect,ExtremeSpeed|||M|||50|,,,,,Dragon]Whimsicott||FocusSash|Prankster|SunnyDay,Protect,Moonblast,Tailwind|||F|||50|,,,,,Ghost]Kingambit||AssaultVest|Defiant|LowKick,SuckerPunch,KowtowCleave,IronHead|||M|||50|,,,,,Fairy]Volcarona||ChoiceSpecs|FlameBody|HeatWave,BugBuzz,GigaDrain,Hurricane|||F|||50|,,,,,Fire]Archaludon||PowerHerb|Stamina|ElectroShot,DracoMeteor,Protect,FlashCannon|||M|||50|,,,,,Grass]Pelipper||CovertCloak|Drizzle|Protect,Hurricane,Tailwind,WeatherBall|||M|||50|,,,,,Ground
|showteam|p2|Whimsicott||CovertCloak|Prankster|Moonblast,Tailwind,Taunt,FakeTears|||M|||50|,,,,,Dark]Basculegion||MysticWater|SwiftSwim|WaveCrash,AquaJet,LastRespects,Protect|||M|||50|,,,,,Water]Hydreigon||SafetyGoggles|Levitate|DarkPulse,DracoMeteor,EarthPower,HeatWave|||M|||50|,,,,,Fire]Pelipper||FocusSash|Drizzle|WeatherBall,Hurricane,Tailwind,Protect|||M|||50|,,,,,Ghost]Gholdengo||LifeOrb|GoodasGold|MakeItRain,ShadowBall,NastyPlot,Protect||||||50|,,,,,Water]Garchomp||LoadedDice|RoughSkin|RockSlide,ScaleShot,StompingTantrum,Protect|||M|||50|,,,,,Fire
|inactive|Battle timer is ON: inactive players will automatically lose when time's up. (requested by Pikachu Makelele)
|
|t:|1756661298
|teamsize|p1|4
|teamsize|p2|4
|start
|switch|p1a: Whimsicott|Whimsicott, L50, F|100/100
|switch|p1b: Volcarona|Volcarona, L50, F|100/100
|switch|p2a: Garchomp|Garchomp, L50, M|100/100
|switch|p2b: Hydreigon|Hydreigon, L50, M|100/100
|turn|1
|
|t:|1756661316
|-terastallize|p1b: Volcarona|Fire
|-terastallize|p2b: Hydreigon|Fire
|move|p1a: Whimsicott|Sunny Day|p1a: Whimsicott
|-weather|SunnyDay
|move|p2a: Garchomp|Rock Slide|p1b: Volcarona|[spread] p1a,p1b
|-supereffective|p1b: Volcarona
|-damage|p1a: Whimsicott|73/100
|-damage|p1b: Volcarona|35/100
|move|p1b: Volcarona|Heat Wave|p2b: Hydreigon|[spread] p2a,p2b
|-resisted|p2a: Garchomp
|-resisted|p2b: Hydreigon
|-damage|p2a: Garchomp|42/100
|-damage|p2b: Hydreigon|34/100
|move|p2b: Hydreigon|Heat Wave|p1b: Volcarona|[spread] p1b
|-miss|p2b: Hydreigon|p1a: Whimsicott
|-resisted|p1b: Volcarona
|-damage|p1b: Volcarona|5/100
|
|-weather|SunnyDay|[upkeep]
|upkeep
|turn|2
|
|t:|1756661338
|switch|p2b: Pelipper|Pelipper, L50, M|100/100
|-weather|RainDance|[from] ability: Drizzle|[of] p2b: Pelipper
|move|p1a: Whimsicott|Tailwind|p1a: Whimsicott
|-sidestart|p1: Pikachu Makelele|move: Tailwind
|move|p1b: Volcarona|Heat Wave|p2b: Pelipper|[spread] p2a,p2b
|-resisted|p2a: Garchomp
|-resisted|p2b: Pelipper
|-damage|p2a: Garchomp|20/100
|-damage|p2b: Pelipper|68/100
|move|p2a: Garchomp|Rock Slide|p1b: Volcarona|[spread] p1a,p1b
|-supereffective|p1b: Volcarona
|-damage|p1a: Whimsicott|46/100
|-damage|p1b: Volcarona|0 fnt
|faint|p1b: Volcarona
|
|-weather|RainDance|[upkeep]
|upkeep
|
|t:|1756661354
|switch|p1b: Dragonite|Dragonite, L50, M|100/100
|turn|3
|inactive|SlugcatGames has 30 seconds left.
|inactive|SlugcatGames has 20 seconds left.
|
|t:|1756661393
|move|p1a: Whimsicott|Sunny Day|p1a: Whimsicott
|-weather|SunnyDay
|move|p1b: Dragonite|Scale Shot|p2b: Pelipper
|-damage|p2b: Pelipper|48/100
|-damage|p2b: Pelipper|28/100
|-damage|p2b: Pelipper|8/100
|-damage|p2b: Pelipper|0 fnt
|faint|p2b: Pelipper
|-hitcount|p2: Pelipper|4
|-unboost|p1b: Dragonite|def|1
|-boost|p1b: Dragonite|spe|1
|move|p2a: Garchomp|Scale Shot|p1b: Dragonite
|-supereffective|p1b: Dragonite
|-damage|p1b: Dragonite|77/100
|-supereffective|p1b: Dragonite
|-damage|p1b: Dragonite|30/100
|-supereffective|p1b: Dragonite
|-damage|p1b: Dragonite|0 fnt
|faint|p1b: Dragonite
|-hitcount|p1: Dragonite|3
|-unboost|p2a: Garchomp|def|1
|-boost|p2a: Garchomp|spe|1
|
|-weather|SunnyDay|[upkeep]
|upkeep
|
|t:|1756661417
|switch|p1b: Kingambit|Kingambit, L50, M|100/100
|switch|p2b: Hydreigon|Hydreigon, L50, M, tera:Fire|34/100
|turn|4
|
|t:|1756661438
|move|p2a: Garchomp|Protect|p2a: Garchomp
|-singleturn|p2a: Garchomp|Protect
|move|p1b: Kingambit|Sucker Punch|p2b: Hydreigon
|-damage|p2b: Hydreigon|0 fnt
|faint|p2b: Hydreigon
|move|p1a: Whimsicott|Moonblast|p2a: Garchomp
|-activate|p2a: Garchomp|move: Protect
|
|-weather|SunnyDay|[upkeep]
|upkeep
|
|t:|1756661449
|switch|p2b: Basculegion|Basculegion, L50, M|100/100
|turn|5
|
|t:|1756661472
|move|p1a: Whimsicott|Moonblast|p2a: Garchomp
|-supereffective|p2a: Garchomp
|-damage|p2a: Garchomp|0 fnt
|faint|p2a: Garchomp
|move|p1b: Kingambit|Kowtow Cleave|p2b: Basculegion
|-supereffective|p2b: Basculegion
|-damage|p2b: Basculegion|0 fnt
|faint|p2b: Basculegion
|
|win|Pikachu Makelele
