|j|☆partigiano jonny
|j|☆InkynVG
|html|partigiano jonnyInkynVG    
|uhtml|bestof|Game 2 of a best-of-3
|t:|1754920809
|gametype|doubles
|player|p1|partigiano jonny|volkner|1432
|player|p2|InkynVG|shadowtriad|1338
|gen|9
|tier|[Gen 9] VGC 2025 Reg H (Bo3)
|rated|
|rule|Species Clause: Limit one of each Pokémon
|rule|Item Clause: Limit 1 of each item
|clearpoke
|poke|p1|Whimsicott, L50, F|
|poke|p1|Dragonite, L50, F|
|poke|p1|Indeedee, L50, M|
|poke|p1|Sneasler, L50, F|
|poke|p1|Ursaluna-Bloodmoon, L50, M|
|poke|p1|Archaludon, L50, M|
|poke|p2|Volcarona, L50, F|
|poke|p2|Sneasler, L50, M|
|poke|p2|Rillaboom, L50, M|
|poke|p2|Maushold-Four, L50|
|poke|p2|Kingambit, L50, M|
|poke|p2|Gastrodon-East, L50, F|
|teampreview|4
|showteam|p1|Whimsicott||CovertCloak|Prankster|Moonblast,Taunt,Tailwind,FakeTears|||F|||50|,,,,,Water]Dragonite||LoadedDice|Multiscale|ScaleShot,StompingTantrum,Haze,Protect|||F|||50|,,,,,Steel]Indeedee||FocusSash|PsychicSurge|ExpandingForce,TeraBlast,Imprison,TrickRoom|||M|||50|,,,,,Psychic]Sneasler||PsychicSeed|Unburden|CloseCombat,DireClaw,ThroatChop,Protect|||F|||50|,,,,,Dark]Ursaluna-Bloodmoon||LifeOrb|MindsEye|HyperVoice,BloodMoon,EarthPower,Protect|||M|||50|,,,,,Normal]Archaludon||PowerHerb|Stalwart|ElectroShot,DragonPulse,Thunderbolt,Protect|||M|||50|,,,,,Electric
|showteam|p2|Volcarona||Leftovers|FlameBody|HeatWave,TeraBlast,QuiverDance,Protect|||F|||50|,,,,,Fairy]Sneasler||FocusSash|PoisonTouch|FakeOut,CloseCombat,DireClaw,Coaching|||M|||50|,,,,,Ghost]Rillaboom||AssaultVest|GrassySurge|FakeOut,GrassyGlide,WoodHammer,Uturn|||M|||50|,,,,,Fire]Maushold-Four||WideLens|Technician|FollowMe,PopulationBomb,Taunt,Protect||||||50|,,,,,Ghost]Kingambit||BlackGlasses|Defiant|KowtowCleave,SuckerPunch,SwordsDance,Protect|||M|||50|,,,,,Dark]Gastrodon-East||SitrusBerry|StormDrain|EarthPower,ClearSmog,Yawn,Protect|||F|||50|,,,,,Fairy
|inactive|Battle timer is ON: inactive players will automatically lose when time's up. (requested by partigiano jonny)
|inactive|InkynVG has 60 seconds left.
|inactive|InkynVG has 30 seconds left.
|inactive|InkynVG has 20 seconds left.
|inactive|InkynVG has 15 seconds left.
|
|t:|1754920890
|teamsize|p1|4
|teamsize|p2|4
|start
|switch|p1a: Whimsicott|Whimsicott, L50, F|100/100
|switch|p1b: Ursaluna|Ursaluna-Bloodmoon, L50, M|100/100
|switch|p2a: Maushold|Maushold-Four, L50|100/100
|switch|p2b: Rillaboom|Rillaboom, L50, M|100/100
|-fieldstart|move: Grassy Terrain|[from] ability: Grassy Surge|[of] p2b: Rillaboom
|turn|1
|
|t:|1754920910
|move|p1b: Ursaluna|Protect|p1b: Ursaluna
|-singleturn|p1b: Ursaluna|Protect
|move|p2b: Rillaboom|Fake Out|p1b: Ursaluna
|-activate|p1b: Ursaluna|move: Protect
|move|p1a: Whimsicott|Tailwind|p1a: Whimsicott
|-sidestart|p1: partigiano jonny|move: Tailwind
|move|p2a: Maushold|Population Bomb|p1a: Whimsicott
|-damage|p1a: Whimsicott|87/100
|-damage|p1a: Whimsicott|74/100
|-damage|p1a: Whimsicott|62/100
|-damage|p1a: Whimsicott|49/100
|-damage|p1a: Whimsicott|35/100
|-damage|p1a: Whimsicott|20/100
|-damage|p1a: Whimsicott|6/100
|-damage|p1a: Whimsicott|0 fnt
|faint|p1a: Whimsicott
|-hitcount|p1: Whimsicott|8
|
|upkeep
|
|t:|1754920918
|switch|p1a: Sneasler|Sneasler, L50, F|100/100
|turn|2
|inactive|InkynVG has 30 seconds left.
|inactive|InkynVG has 20 seconds left.
|
|t:|1754920957
|switch|p2b: Kingambit|Kingambit, L50, M|100/100
|-terastallize|p1b: Ursaluna|Normal
|move|p2a: Maushold|Protect|p2a: Maushold
|-singleturn|p2a: Maushold|Protect
|move|p1a: Sneasler|Close Combat|p2a: Maushold
|-activate|p2a: Maushold|move: Protect
|move|p1b: Ursaluna|Blood Moon|p2b: Kingambit
|-resisted|p2b: Kingambit
|-damage|p2b: Kingambit|29/100
|-damage|p1b: Ursaluna|91/100|[from] item: Life Orb
|
|-heal|p1b: Ursaluna|97/100|[from] Grassy Terrain
|-heal|p2b: Kingambit|34/100|[from] Grassy Terrain
|upkeep
|turn|3
|inactive|InkynVG has 30 seconds left.
|inactive|InkynVG has 20 seconds left.
|inactive|InkynVG has 15 seconds left.
|inactive|InkynVG has 10 seconds left.
|inactive|InkynVG has 5 seconds left.
|
|t:|1754921008
|switch|p2a: Sneasler|Sneasler, L50, M|100/100
|move|p2b: Kingambit|Protect|p2b: Kingambit
|-singleturn|p2b: Kingambit|Protect
|move|p1a: Sneasler|Throat Chop|p2a: Sneasler
|-resisted|p2a: Sneasler
|-damage|p2a: Sneasler|75/100
|-start|p2a: Sneasler|Throat Chop|[silent]
|move|p1b: Ursaluna|Hyper Voice|p2b: Kingambit|[spread] p2a
|-activate|p2b: Kingambit|move: Protect
|-damage|p2a: Sneasler|0 fnt
|faint|p2a: Sneasler
|-damage|p1b: Ursaluna|87/100|[from] item: Life Orb
|
|-heal|p1b: Ursaluna|93/100|[from] Grassy Terrain
|-heal|p2b: Kingambit|40/100|[from] Grassy Terrain
|upkeep
|
|t:|1754921029
|switch|p2a: Rillaboom|Rillaboom, L50, M|100/100
|turn|4
|inactive|InkynVG has 30 seconds left.
|
|t:|1754921061
|switch|p1a: Indeedee|Indeedee, L50, M|100/100
|-fieldstart|move: Psychic Terrain|[from] ability: Psychic Surge|[of] p1a: Indeedee
|move|p2a: Rillaboom|Fake Out|p1a: Indeedee
|-activate|p1a: Indeedee|move: Psychic Terrain
|move|p2b: Kingambit|Sucker Punch|p1b: Ursaluna
|-activate|p1b: Ursaluna|move: Psychic Terrain
|move|p1b: Ursaluna|Blood Moon|p2b: Kingambit
|-resisted|p2b: Kingambit
|-damage|p2b: Kingambit|0 fnt
|faint|p2b: Kingambit
|-damage|p1b: Ursaluna|84/100|[from] item: Life Orb
|
|-sideend|p1: partigiano jonny|move: Tailwind
|upkeep
|
|t:|1754921064
|switch|p2b: Maushold|Maushold-Four, L50|100/100
|turn|5
|inactive|partigiano jonny has 30 seconds left.
|
|t:|1754921089
|move|p2b: Maushold|Population Bomb|p1a: Indeedee|[miss]
|-miss|p2b: Maushold|p1a: Indeedee
|move|p1a: Indeedee|Expanding Force|p2b: Maushold|[spread] p2a,p2b
|-damage|p2a: Rillaboom|58/100
|-damage|p2b: Maushold|22/100
|move|p2a: Rillaboom|Wood Hammer|p1b: Ursaluna
|-damage|p1b: Ursaluna|34/100
|-damage|p2a: Rillaboom|43/100|[from] Recoil
|move|p1b: Ursaluna|Hyper Voice|p2b: Maushold|[spread] p2a,p2b
|-damage|p2a: Rillaboom|0 fnt
|-damage|p2b: Maushold|0 fnt
|faint|p2a: Rillaboom
|faint|p2b: Maushold
|-damage|p1b: Ursaluna|24/100|[from] item: Life Orb
|
|win|partigiano jonny
|raw|partigiano jonny's rating: 1432 → 1447(+15 for winning)
|raw|InkynVG's rating: 1338 → 1323(-15 for losing)
