|j|‽monster231
|j|☆1TarsierFan
|html|monster2311TarsierFan    
|uhtml|bestof|Game 1 of a best-of-3
|t:|1782406899
|gametype|doubles
|player|p1|monster231|parasollady|1110
|player|p2|1TarsierFan|pokemaniac|1206
|gen|9
|tier|[Gen 9 Champions] VGC 2026 Reg M-B (Bo3)
|rated|
|rule|Species Clause: Limit one of each Pokémon
|rule|Item Clause: Limit 1 of each item
|clearpoke
|poke|p1|Garchomp, L50, M|
|poke|p1|Tyranitar, L50, F|
|poke|p1|Sinistcha, L50|
|poke|p1|Alcremie, L50, F, shiny|
|poke|p1|Whimsicott, L50, F|
|poke|p1|Scrafty, L50, M|
|poke|p2|Blaziken, L50, F|
|poke|p2|Aerodactyl, L50, M|
|poke|p2|Basculegion, L50, M|
|poke|p2|Kingambit, L50, M|
|poke|p2|Sylveon, L50, F|
|poke|p2|Sinistcha, L50|
|teampreview|4
|showteam|p1|Garchomp||Garchompite|RoughSkin|RockSlide,Earthquake,IronHead,Protect|Brave||M|||50|]Tyranitar||Metronome|SandStream|RockSlide,BreakingSwipe,KnockOff,Protect|Brave||F|||50|]Sinistcha||Leftovers|Hospitality|ShadowBall,MatchaGotcha,TrickRoom,StrengthSap|Bold|||||50|]Alcremie||FairyFeather|AromaVeil|Decorate,DrainingKiss,Encore,Protect|Sassy||F|||50|]Whimsicott||MentalHerb|Prankster|Taunt,TrickRoom,Tailwind,EnergyBall|Timid||F|||50|]Scrafty||Scraftinite|Intimidate|DrainPunch,FakeOut,KnockOff,QuickGuard|Impish||M|||50|
|showteam|p2|Blaziken||Blazikenite|SpeedBoost|FlareBlitz,RockSlide,CloseCombat,Detect|Adamant||F|||50|]Aerodactyl||Aerodactylite|Unnerve|RockSlide,IceFang,DualWingbeat,Tailwind|Jolly||M|||50|]Basculegion||LifeOrb|Adaptability|WaveCrash,AquaJet,LastRespects,Protect|Adamant||M|||50|]Kingambit||FocusSash|Defiant|KowtowCleave,SuckerPunch,IronHead,LowKick|Adamant||M|||50|]Sylveon||FairyFeather|Pixilate|HyperBeam,HyperVoice,Detect,QuickAttack|Modest||F|||50|]Sinistcha||KasibBerry|Hospitality|MatchaGotcha,RagePowder,TrickRoom,Protect|Bold|||||50|
|
|t:|1782406948
|teamsize|p1|4
|teamsize|p2|4
|start
|switch|p1a: Garchomp|Garchomp, L50, M|100/100
|switch|p1b: Scrafty|Scrafty, L50, M|100/100
|switch|p2a: Aerodactyl|Aerodactyl, L50, M|100/100
|switch|p2b: Sylveon|Sylveon, L50, F|100/100
|-ability|p2a: Aerodactyl|Unnerve
|-ability|p1b: Scrafty|Intimidate|boost
|-unboost|p2a: Aerodactyl|atk|1
|-unboost|p2b: Sylveon|atk|1
|turn|1
|
|t:|1782406979
|detailschange|p2a: Aerodactyl|Aerodactyl-Mega, L50, M
|-mega|p2a: Aerodactyl|Aerodactyl|Aerodactylite
|detailschange|p1a: Garchomp|Garchomp-Mega, L50, M
|-mega|p1a: Garchomp|Garchomp|Garchompite
|move|p2b: Sylveon|Detect|p2b: Sylveon
|-singleturn|p2b: Sylveon|Protect
|move|p1b: Scrafty|Fake Out|p2a: Aerodactyl
|-resisted|p2a: Aerodactyl|1
|-damage|p2a: Aerodactyl|94/100
|cant|p2a: Aerodactyl|flinch
|move|p1a: Garchomp|Iron Head|p2b: Sylveon
|-activate|p2b: Sylveon|move: Protect
|
|upkeep
|turn|2
|
|t:|1782407016
|move|p2a: Aerodactyl|Tailwind|p2a: Aerodactyl
|-sidestart|p2: 1TarsierFan|move: Tailwind
|move|p2b: Sylveon|Hyper Voice|p1b: Scrafty|[spread] p1a,p1b
|-supereffective|p1a: Garchomp|1
|-supereffective|p1b: Scrafty|2
|-damage|p1a: Garchomp|29/100
|-damage|p1b: Scrafty|0 fnt
|faint|p1b: Scrafty
|move|p1a: Garchomp|Iron Head|p2b: Sylveon
|-supereffective|p2b: Sylveon|1
|-crit|p2b: Sylveon
|-damage|p2b: Sylveon|0 fnt
|faint|p2b: Sylveon
|
|upkeep
|
|t:|1782407027
|switch|p2b: Blaziken|Blaziken, L50, F|100/100
|switch|p1b: Sinistcha|Sinistcha, L50|100/100
|-heal|p1a: Garchomp|53/100|[from] ability: Hospitality|[of] p1b: Sinistcha
|turn|3
|
|t:|1782407074
|move|p2a: Aerodactyl|Rock Slide|p1b: Sinistcha|[spread] p1a,p1b
|-resisted|p1a: Garchomp|1
|-damage|p1a: Garchomp|47/100
|-damage|p1b: Sinistcha|85/100
|move|p2b: Blaziken|Flare Blitz|p1a: Garchomp
|-resisted|p1a: Garchomp|1
|-damage|p1a: Garchomp|26/100
|-damage|p2b: Blaziken|90/100|[from] Recoil
|move|p1a: Garchomp|Earthquake|p2a: Aerodactyl|[spread] p1b,p2b
|-immune|p2a: Aerodactyl
|-resisted|p1b: Sinistcha|1
|-supereffective|p2b: Blaziken|1
|-damage|p1b: Sinistcha|67/100
|-damage|p2b: Blaziken|0 fnt
|faint|p2b: Blaziken
|cant|p1b: Sinistcha|flinch
|
|-heal|p1b: Sinistcha|74/100|[from] item: Leftovers
|upkeep
|
|t:|1782407089
|switch|p2b: Kingambit|Kingambit, L50, M|100/100
|turn|4
|
|t:|1782407103
|move|p2a: Aerodactyl|Rock Slide|p1b: Sinistcha|[spread] p1a,p1b
|-resisted|p1a: Garchomp|1
|-damage|p1a: Garchomp|21/100
|-damage|p1b: Sinistcha|58/100
|move|p2b: Kingambit|Kowtow Cleave|p1a: Garchomp
|-damage|p1a: Garchomp|0 fnt
|faint|p1a: Garchomp
|cant|p1b: Sinistcha|flinch
|
|-heal|p1b: Sinistcha|65/100|[from] item: Leftovers
|upkeep
|
|t:|1782407111
|switch|p1a: Tyranitar|Tyranitar, L50, F|100/100
|-weather|Sandstorm|[from] ability: Sand Stream|[of] p1a: Tyranitar
|turn|5
|
|t:|1782407128
|move|p2a: Aerodactyl|Dual Wingbeat|p1b: Sinistcha|[miss]
|-miss|p2a: Aerodactyl|p1b: Sinistcha
|move|p2b: Kingambit|Low Kick|p1a: Tyranitar
|-supereffective|p1a: Tyranitar|2
|-damage|p1a: Tyranitar|0 fnt
|faint|p1a: Tyranitar
|move|p1b: Sinistcha|Trick Room|p1b: Sinistcha
|-fieldstart|move: Trick Room|[of] p1b: Sinistcha
|
|-weather|Sandstorm|[upkeep]
|-damage|p1b: Sinistcha|58/100|[from] Sandstorm
|-heal|p1b: Sinistcha|65/100|[from] item: Leftovers
|-sideend|p2: 1TarsierFan|move: Tailwind
|upkeep
|turn|6
|
|t:|1782407150
|move|p1b: Sinistcha|Matcha Gotcha|p2a: Aerodactyl|[spread] p2a
|-miss|p1b: Sinistcha|p2b: Kingambit
|-damage|p2a: Aerodactyl|77/100
|-heal|p1b: Sinistcha|74/100|[from] drain|[of] p2a: Aerodactyl
|move|p2b: Kingambit|Kowtow Cleave|p1b: Sinistcha
|-supereffective|p1b: Sinistcha|1
|-damage|p1b: Sinistcha|0 fnt
|faint|p1b: Sinistcha
|
|win|1TarsierFan
||1TarsierFan is ready for game 2.
||monster231 is ready for game 2.
|uhtml|next|Next: Game 2 of 3
