|j|☆noriaki kasai
|j|☆Arnau3Kum
|html|noriaki kasaiArnau3Kum    
|uhtml|bestof|Game 2 of a best-of-3
|t:|1757104925
|gametype|doubles
|player|p1|noriaki kasai|swimmer-gen4dp|1287
|player|p2|Arnau3Kum|2|1177
|gen|9
|tier|[Gen 9] VGC 2025 Reg H (Bo3)
|rated|
|rule|Species Clause: Limit one of each Pokémon
|rule|Item Clause: Limit 1 of each item
|clearpoke
|poke|p1|Annihilape, L50, F|
|poke|p1|Sinistcha, L50|
|poke|p1|Maushold-Four, L50|
|poke|p1|Klefki, L50, M|
|poke|p1|Ursaluna-Bloodmoon, L50, M|
|poke|p1|Ninetales-Alola, L50, F|
|poke|p2|Charizard, L50, M|
|poke|p2|Torkoal, L50, M|
|poke|p2|Porygon2, L50|
|poke|p2|Incineroar, L50, F|
|poke|p2|Jumpluff, L50, F|
|poke|p2|Ursaluna, L50, M|
|teampreview|4
|showteam|p1|Annihilape||Leftovers|Defiant|Protect,BulkUp,DrainPunch,RageFist|||F|||50|,,,,,Fire]Sinistcha||SitrusBerry|Hospitality|MatchaGotcha,TrickRoom,LifeDew,RagePowder||||||50|,,,,,Water]Maushold-Four||FocusSash|FriendGuard|FollowMe,Taunt,BeatUp,Protect||||||50|,,,,,Ghost]Klefki||LightClay|Prankster|Reflect,LightScreen,MistyTerrain,DazzlingGleam|||M|||50|,,,,,Ghost]Ursaluna-Bloodmoon||AssaultVest|MindsEye|BloodMoon,HyperVoice,EarthPower,VacuumWave|||M|||50|,,,,,Water]Ninetales-Alola||ChoiceSpecs|SnowWarning|Blizzard,IcyWind,FreezeDry,Moonblast|||F|||50|,,,,,Ghost
|showteam|p2|Charizard||ChoiceSpecs|SolarPower|HeatWave,Overheat,WeatherBall,AirSlash|||M|||50|,,,,,Ghost]Torkoal||EjectPack|Drought|Eruption,Overheat,HelpingHand,Protect|||M|||50|,,,,,Fire]Porygon2||Eviolite|Download|TeraBlast,IceBeam,Recover,TrickRoom||||||50|,,,,,Fighting]Incineroar||SitrusBerry|Intimidate|FlareBlitz,KnockOff,FakeOut,PartingShot|||F|||50|,,,,,Ghost]Jumpluff||CovertCloak|Chlorophyll|SleepPowder,SunnyDay,RagePowder,Tailwind|||F|||50|,,,,,Water]Ursaluna||FlameOrb|Guts|HeadlongRush,Facade,Earthquake,Protect|||M|||50|,,,,,Ghost
|
|t:|1757104943
|teamsize|p1|4
|teamsize|p2|4
|start
|switch|p1a: Annihilape|Annihilape, L50, F, shiny|100/100
|switch|p1b: Maushold|Maushold-Four, L50|100/100
|switch|p2a: Charizard|Charizard, L50, M, shiny|100/100
|switch|p2b: Jumpluff|Jumpluff, L50, F|100/100
|turn|1
|inactive|Battle timer is ON: inactive players will automatically lose when time's up. (requested by noriaki kasai)
|inactive|Arnau3Kum also wants the timer to be on.
|
|t:|1757104963
|-terastallize|p1a: Annihilape|Fire
|move|p1b: Maushold|Taunt|p2b: Jumpluff
|-start|p2b: Jumpluff|move: Taunt
|cant|p2b: Jumpluff|move: Taunt|Sleep Powder
|move|p2a: Charizard|Heat Wave|p1b: Maushold|[spread] p1a,p1b
|-resisted|p1a: Annihilape
|-damage|p1a: Annihilape|83/100
|-damage|p1b: Maushold|28/100
|move|p1a: Annihilape|Rage Fist|p2a: Charizard
|-damage|p2a: Charizard|47/100
|
|-heal|p1a: Annihilape|89/100|[from] item: Leftovers
|upkeep
|turn|2
|inactive|noriaki kasai has 30 seconds left.
|inactive|noriaki kasai has 20 seconds left.
|inactive|noriaki kasai has 15 seconds left.
|inactive|noriaki kasai has 10 seconds left.
|
|t:|1757105011
|switch|p2b: Torkoal|Torkoal, L50, M|100/100
|-weather|SunnyDay|[from] ability: Drought|[of] p2b: Torkoal
|move|p1b: Maushold|Beat Up|p1a: Annihilape
|-damage|p1a: Annihilape|87/100
|-damage|p1a: Annihilape|85/100
|-damage|p1a: Annihilape|83/100
|-damage|p1a: Annihilape|81/100
|-hitcount|p1a: Annihilape|4
|move|p2a: Charizard|Heat Wave|p1b: Maushold|[spread] p1a,p1b
|-resisted|p1a: Annihilape
|-damage|p1a: Annihilape|47/100
|-damage|p1b: Maushold|0 fnt
|faint|p1b: Maushold
|move|p1a: Annihilape|Drain Punch|p2a: Charizard
|-resisted|p2a: Charizard
|-damage|p2a: Charizard|25/100
|-heal|p1a: Annihilape|55/100|[from] drain|[of] p2a: Charizard
|
|-weather|SunnyDay|[upkeep]
|-damage|p2a: Charizard|13/100|[from] ability: Solar Power|[of] p2a: Charizard
|-heal|p1a: Annihilape|62/100|[from] item: Leftovers
|upkeep
|
|t:|1757105017
|switch|p1b: Ninetales|Ninetales-Alola, L50, F, shiny|100/100
|-weather|Snowscape|[from] ability: Snow Warning|[of] p1b: Ninetales
|turn|3
|
|t:|1757105028
|move|p2b: Torkoal|Helping Hand|p2a: Charizard
|-singleturn|p2a: Charizard|Helping Hand|[of] p2b: Torkoal
|move|p1b: Ninetales|Blizzard|p2b: Torkoal|[spread] p2a,p2b
|-resisted|p2b: Torkoal
|-damage|p2a: Charizard|0 fnt
|-damage|p2b: Torkoal|68/100
|-status|p2b: Torkoal|frz
|faint|p2a: Charizard
|move|p1a: Annihilape|Rage Fist|p2b: Torkoal
|-damage|p2b: Torkoal|0 fnt
|faint|p2b: Torkoal
|
|-weather|Snowscape|[upkeep]
|-heal|p1a: Annihilape|68/100|[from] item: Leftovers
|upkeep
|
|t:|1757105035
|switch|p2a: Jumpluff|Jumpluff, L50, F|100/100
|switch|p2b: Ursaluna|Ursaluna, L50, M|100/100
|turn|4
|inactive|noriaki kasai has 30 seconds left.
|
|t:|1757105064
|-terastallize|p2a: Jumpluff|Water
|move|p1a: Annihilape|Protect|p1a: Annihilape
|-singleturn|p1a: Annihilape|Protect
|move|p2b: Ursaluna|Protect|p2b: Ursaluna
|-singleturn|p2b: Ursaluna|Protect
|move|p2a: Jumpluff|Sleep Powder|p1a: Annihilape
|-activate|p1a: Annihilape|move: Protect
|move|p1b: Ninetales|Blizzard|p2a: Jumpluff|[spread] p2a
|-activate|p2b: Ursaluna|move: Protect
|-resisted|p2a: Jumpluff
|-damage|p2a: Jumpluff|79/100
|
|-weather|Snowscape|[upkeep]
|-heal|p1a: Annihilape|74/100|[from] item: Leftovers
|-status|p2b: Ursaluna|brn|[from] item: Flame Orb
|upkeep
|turn|5
|
|t:|1757105083
|move|p2a: Jumpluff|Sleep Powder|p1a: Annihilape
|-status|p1a: Annihilape|slp|[from] move: Sleep Powder
|move|p1b: Ninetales|Blizzard|p2b: Ursaluna|[spread] p2a,p2b
|-resisted|p2a: Jumpluff
|-supereffective|p2b: Ursaluna
|-damage|p2a: Jumpluff|57/100
|-damage|p2b: Ursaluna|19/100 brn
|cant|p1a: Annihilape|slp
|move|p2b: Ursaluna|Facade|p1b: Ninetales
|-damage|p1b: Ninetales|0 fnt
|faint|p1b: Ninetales
|
|-weather|Snowscape|[upkeep]
|-heal|p1a: Annihilape|80/100 slp|[from] item: Leftovers
|-damage|p2b: Ursaluna|13/100 brn|[from] brn
|upkeep
|
|t:|1757105092
|switch|p1b: Ursaluna|Ursaluna-Bloodmoon, L50, M|100/100
|turn|6
|inactive|noriaki kasai has 30 seconds left.
|
|t:|1757105117
|move|p2a: Jumpluff|Rage Powder|p2a: Jumpluff
|-singleturn|p2a: Jumpluff|move: Rage Powder
|cant|p1a: Annihilape|slp
|move|p1b: Ursaluna|Hyper Voice|p2a: Jumpluff|[spread] p2a,p2b
|-damage|p2a: Jumpluff|17/100
|-damage|p2b: Ursaluna|0 fnt
|faint|p2b: Ursaluna
|
|-weather|Snowscape|[upkeep]
|-heal|p1a: Annihilape|87/100 slp|[from] item: Leftovers
|upkeep
|turn|7
|-message|Arnau3Kum forfeited.
|
|win|noriaki kasai
