|j|☆CheekyCow
|j|☆durn42069
|html|CheekyCowdurn42069    
|uhtml|bestof|Game 2 of a best-of-3
|t:|1785190252
|gametype|doubles
|player|p1|CheekyCow|worker|
|player|p2|durn42069|170|
|gen|9
|tier|[Gen 9 Champions] VGC 2026 Reg M-B (Bo3)
|rule|Species Clause: Limit one of each Pokémon
|rule|Item Clause: Limit 1 of each item
|clearpoke
|poke|p1|Palafin, L50, F|
|poke|p1|Sableye, L50, M|
|poke|p1|Scizor, L50, M|
|poke|p1|Meganium, L50, M|
|poke|p1|Pelipper, L50, M|
|poke|p1|Greninja, L50, F|
|poke|p2|Armarouge, L50, M|
|poke|p2|Rotom-Wash, L50, shiny|
|poke|p2|Archaludon, L50, M, shiny|
|poke|p2|Meowscarada, L50, F|
|poke|p2|Delphox, L50, F|
|poke|p2|Politoed, L50, M, shiny|
|teampreview|4
|showteam|p1|Palafin||ChoiceScarf|ZerotoHero|WaveCrash,CloseCombat,FlipTurn,IcePunch|Jolly||F|||50|]Sableye||LightClay|Prankster|RainDance,Reflect,LightScreen,KnockOff|Impish||M|||50|]Scizor||Leftovers|Technician|BugBite,BulletPunch,SwordsDance,DualWingbeat|Adamant||M|||50|]Meganium||Meganiumite|Overgrow|DazzlingGleam,EarthPower,Synthesis,SolarBeam|Timid||M|||50|]Pelipper||FocusSash|Drizzle|Hurricane,WeatherBall,Tailwind,Uturn|Modest||M|||50|]Greninja||LifeOrb|Protean|IceBeam,WaterShuriken,Protect,Uturn|Timid||F|||50|
|showteam|p2|Armarouge||FocusSash|WeakArmor|ArmorCannon,ExpandingForce,PsychicTerrain,Protect|Modest||M|||50|]Rotom-Wash||LifeOrb|Levitate|HydroPump,Thunder,ThunderWave,LightScreen|Modest|||||50|]Archaludon||Leftovers|Stamina|ElectroShot,AuraSphere,DracoMeteor,FlashCannon|Modest||M|||50|]Meowscarada||ChoiceScarf|Protean|KnockOff,FlowerTrick,Uturn,PlayRough|Adamant||F|||50|]Delphox||Delphoxite|Blaze|Protect,HeatWave,DazzlingGleam,FocusBlast|Modest||F|||50|]Politoed||SitrusBerry|Drizzle|IcyWind,HelpingHand,Fling,WeatherBall|Calm||M|||50|
|c|☆CheekyCow|glhf x2!!
|c|☆durn42069|glhfx2!!
|
|t:|1785190306
|teamsize|p1|4
|teamsize|p2|4
|start
|switch|p1a: Sebulba|Sableye, L50, M|100/100
|switch|p1b: Superman (2025)|Palafin, L50, F|100/100
|switch|p2a: Washington|Rotom-Wash, L50, shiny|100/100
|switch|p2b: Meowscarada|Meowscarada, L50, F|100/100
|turn|1
|
|t:|1785190348
|move|p1a: Sebulba|Light Screen|p1a: Sebulba
|-sidestart|p1: CheekyCow|move: Light Screen
|move|p2b: Meowscarada|Play Rough|p1a: Sebulba
|-start|p2b: Meowscarada|typechange|Fairy|[from] ability: Protean
|-supereffective|p1a: Sebulba|1
|-damage|p1a: Sebulba|12/100
|move|p1b: Superman (2025)|Flip Turn|p2a: Washington
|-resisted|p2a: Washington|1
|-damage|p2a: Washington|88/100
|
|t:|1785190358
|detailschange|p1b: Superman (2025)|Palafin-Hero, L50, F
|switch|p1b: fllapy bird :)|Pelipper, L50, M|100/100|[from] Flip Turn
|-weather|RainDance|[from] ability: Drizzle|[of] p1b: fllapy bird :)
|move|p2a: Washington|Thunder Wave|p1b: fllapy bird :)|[miss]
|-miss|p2a: Washington|p1b: fllapy bird :)
|
|-weather|RainDance|[upkeep]
|upkeep
|turn|2
|
|t:|1785190389
|move|p1a: Sebulba|Light Screen||[still]
|-fail|p1a: Sebulba
|move|p2b: Meowscarada|Play Rough|p1a: Sebulba
|-supereffective|p1a: Sebulba|1
|-damage|p1a: Sebulba|0 fnt
|faint|p1a: Sebulba
|move|p2a: Washington|Thunder|p1b: fllapy bird :)
|-supereffective|p1b: fllapy bird :)|2
|-enditem|p1b: fllapy bird :)|Focus Sash
|-damage|p1b: fllapy bird :)|1/100
|-status|p1b: fllapy bird :)|par
|-damage|p2a: Washington|79/100|[from] item: Life Orb
|cant|p1b: fllapy bird :)|par
|
|-weather|RainDance|[upkeep]
|upkeep
|c|☆CheekyCow|woops meant to do reflect
|
|t:|1785190409
|switch|p1a: Superman (2025)|Palafin-Hero, L50, F|100/100
|-activate|p1a: Superman (2025)|ability: Zero to Hero
|turn|3
|
|t:|1785190443
|move|p2b: Meowscarada|Play Rough|p1a: Superman (2025)
|-damage|p1a: Superman (2025)|51/100
|move|p1a: Superman (2025)|Flip Turn|p2b: Meowscarada
|-damage|p2b: Meowscarada|13/100
|
|t:|1785190449
|switch|p1a: Mega Gogurt|Meganium, L50, M|100/100|[from] Flip Turn
|move|p2a: Washington|Thunder|p1a: Mega Gogurt
|-resisted|p1a: Mega Gogurt|1
|-damage|p1a: Mega Gogurt|71/100
|-damage|p2a: Washington|69/100|[from] item: Life Orb
|move|p1b: fllapy bird :)|Hurricane|p2a: Washington
|-resisted|p2a: Washington|1
|-damage|p2a: Washington|38/100
|-start|p2a: Washington|confusion
|
|-weather|RainDance|[upkeep]
|upkeep
|turn|4
|
|t:|1785190469
|detailschange|p1a: Mega Gogurt|Meganium-Mega, L50, M
|-mega|p1a: Mega Gogurt|Meganium|Meganiumite
|move|p2b: Meowscarada|Play Rough|p1a: Mega Gogurt
|-damage|p1a: Mega Gogurt|19/100
|move|p1a: Mega Gogurt|Dazzling Gleam|p2a: Washington|[spread] p2a,p2b
|-damage|p2a: Washington|0 fnt
|-damage|p2b: Meowscarada|0 fnt
|faint|p2a: Washington
|faint|p2b: Meowscarada
|move|p1b: fllapy bird :)|Tailwind|p1b: fllapy bird :)
|-sidestart|p1: CheekyCow|move: Tailwind
|
|-weather|RainDance|[upkeep]
|upkeep
|
|t:|1785190481
|switch|p2b: Politoed|Politoed, L50, M, shiny|100/100
|switch|p2a: Archaludon|Archaludon, L50, M, shiny|100/100
|turn|5
|
|t:|1785190493
|move|p1a: Mega Gogurt|Synthesis|p1a: Mega Gogurt
|-activate|p1a: Mega Gogurt|ability: Mega Sol
|-heal|p1a: Mega Gogurt|86/100
|move|p2a: Archaludon|Flash Cannon|p1a: Mega Gogurt
|-supereffective|p1a: Mega Gogurt|1
|-damage|p1a: Mega Gogurt|25/100
|move|p2b: Politoed|Fling|p2a: Archaludon
|-damage|p2a: Archaludon|98/100
|-heal|p2a: Archaludon|100/100|[from] item: Sitrus Berry|[of] p2b: Politoed
|-ability|p2a: Archaludon|Stamina|boost
|-boost|p2a: Archaludon|def|1
|-enditem|p2b: Politoed|Sitrus Berry|[from] move: Fling
|move|p1b: fllapy bird :)|Hurricane|p2b: Politoed
|-damage|p2b: Politoed|63/100
|
|-weather|none
|upkeep
|turn|6
|
|t:|1785190516
|move|p1a: Mega Gogurt|Earth Power|p2a: Archaludon
|-supereffective|p2a: Archaludon|1
|-damage|p2a: Archaludon|0 fnt
|faint|p2a: Archaludon
|move|p2b: Politoed|Icy Wind|p1b: fllapy bird :)|[spread] p1a,p1b
|-supereffective|p1a: Mega Gogurt|1
|-damage|p1a: Mega Gogurt|12/100
|-damage|p1b: fllapy bird :)|0 fnt
|-unboost|p1a: Mega Gogurt|spe|1
|faint|p1b: fllapy bird :)
|
|upkeep
|
|t:|1785190525
|switch|p1b: Superman (2025)|Palafin-Hero, L50, F|51/100
|turn|7
|
|t:|1785190533
|move|p1b: Superman (2025)|Close Combat|p2b: Politoed
|-damage|p2b: Politoed|10/100
|-unboost|p1b: Superman (2025)|def|1
|-unboost|p1b: Superman (2025)|spd|1
|move|p1a: Mega Gogurt|Solar Beam||[still]
|-prepare|p1a: Mega Gogurt|Solar Beam
|-activate|p1a: Mega Gogurt|ability: Mega Sol
|-anim|p1a: Mega Gogurt|Solar Beam|p2b: Politoed
|-supereffective|p2b: Politoed|1
|-damage|p2b: Politoed|0 fnt
|faint|p2b: Politoed
|
|win|CheekyCow
|c|☆CheekyCow|ggs!!
|c|☆durn42069|ggs!!!
