|j|☆lynaims
|j|☆Feedofish
|html|lynaimsFeedofish    
|uhtml|bestof|Game 2 of a best-of-3
|t:|1757689771
|gametype|doubles
|player|p1|lynaims|iris-gen5bw2|1031
|player|p2|Feedofish|juggler|1022
|gen|9
|tier|[Gen 9] VGC 2025 Reg H (Bo3)
|rated|
|rule|Species Clause: Limit one of each Pokémon
|rule|Item Clause: Limit 1 of each item
|clearpoke
|poke|p1|Incineroar, L50, M|
|poke|p1|Sneasler, L50, M|
|poke|p1|Ursaluna-Bloodmoon, L50, M|
|poke|p1|Whimsicott, L50, M|
|poke|p1|Porygon2, L50|
|poke|p1|Amoonguss, L50, M|
|poke|p2|Porygon2, L50|
|poke|p2|Swampert, L50, M|
|poke|p2|Garganacl, L50, F|
|poke|p2|Dragonite, L50, F|
|poke|p2|Volcarona, L50, M|
|poke|p2|Annihilape, L50, F|
|teampreview|4
|showteam|p1|Incineroar||SafetyGoggles|Intimidate|FakeOut,KnockOff,PartingShot,Protect|||M|||50|,,,,,Ghost]Sneasler||FocusSash|Unburden|CloseCombat,DireClaw,Protect,ThroatChop|||M|||50|,,,,,Fighting]Ursaluna-Bloodmoon||LifeOrb|MindsEye|EarthPower,BloodMoon,HyperVoice,Protect|||M|||50|,,,,,Normal]Whimsicott||CovertCloak|Prankster|Tailwind,Moonblast,Encore,Taunt|||M|||50|,,,,,Dark]Porygon2||Eviolite|Download|TrickRoom,Recover,IceBeam,TeraBlast||||||50|,,,,,Steel]Amoonguss||SitrusBerry|Regenerator|Spore,RagePowder,PollenPuff,Protect|||M|||50|,,,,,Fairy
|showteam|p2|Porygon2||Eviolite|Download|Thunderbolt,IceBeam,TriAttack,Recover||||||50|,,,,,Normal]Swampert||Leftovers|Torrent|HydroPump,EarthPower,IcyWind,WideGuard|||M|||50|,,,,,Fire]Garganacl||RockyHelmet|PurifyingSalt|SaltCure,BodyPress,IronDefense,Recover|||F|||50|,,,,,Ghost]Dragonite||LifeOrb|InnerFocus|ExtremeSpeed,ScaleShot,StompingTantrum,Protect|||F|||50|,,,,,Normal]Volcarona||ClearAmulet|FlameBody|FieryDance,GigaDrain,QuiverDance,Protect|||M|||50|,,,,,Grass]Annihilape||AssaultVest|Defiant|RageFist,DrainPunch,PoisonJab,PhantomForce|||F|||50|,,,,,Fairy
|inactive|Battle timer is ON: inactive players will automatically lose when time's up. (requested by lynaims)
|inactive|Feedofish has 60 seconds left.
|
|t:|1757689803
|teamsize|p1|4
|teamsize|p2|4
|start
|switch|p1a: Whimsicott|Whimsicott, L50, M|100/100
|switch|p1b: Ursaluna|Ursaluna-Bloodmoon, L50, M|100/100
|switch|p2a: Annihilape|Annihilape, L50, F|100/100
|switch|p2b: Swampert|Swampert, L50, M|100/100
|turn|1
|inactive|lynaims has 30 seconds left.
|
|t:|1757689828
|move|p1b: Ursaluna|Protect|p1b: Ursaluna
|-singleturn|p1b: Ursaluna|Protect
|move|p1a: Whimsicott|Taunt|p2b: Swampert
|-start|p2b: Swampert|move: Taunt
|move|p2a: Annihilape|Drain Punch|p1b: Ursaluna
|-activate|p1b: Ursaluna|move: Protect
|move|p2b: Swampert|Icy Wind|p1a: Whimsicott|[spread] 
|-activate|p1b: Ursaluna|move: Protect
|-miss|p2b: Swampert|p1a: Whimsicott
|
|upkeep
|turn|2
|
|t:|1757689846
|-terastallize|p1b: Ursaluna|Normal
|move|p1a: Whimsicott|Tailwind|p1a: Whimsicott
|-sidestart|p1: lynaims|move: Tailwind
|move|p1b: Ursaluna|Hyper Voice|p2a: Annihilape|[spread] p2a,p2b
|-damage|p2a: Annihilape|57/100
|-damage|p2b: Swampert|34/100
|-damage|p1b: Ursaluna|91/100|[from] item: Life Orb
|move|p2a: Annihilape|Drain Punch|p1b: Ursaluna
|-supereffective|p1b: Ursaluna
|-damage|p1b: Ursaluna|37/100
|-heal|p2a: Annihilape|85/100|[from] drain|[of] p1b: Ursaluna
|move|p2b: Swampert|Icy Wind|p1b: Ursaluna|[spread] p1a,p1b
|-supereffective|p1a: Whimsicott
|-damage|p1a: Whimsicott|68/100
|-damage|p1b: Ursaluna|24/100
|-unboost|p1b: Ursaluna|spe|1
|
|-heal|p2b: Swampert|40/100|[from] item: Leftovers
|upkeep
|turn|3
|inactive|Feedofish has 30 seconds left.
|
|t:|1757689877
|move|p1a: Whimsicott|Moonblast|p2a: Annihilape
|-supereffective|p2a: Annihilape
|-damage|p2a: Annihilape|39/100
|-unboost|p2a: Annihilape|spa|1
|-ability|p2a: Annihilape|Defiant|boost
|-boost|p2a: Annihilape|atk|2
|move|p1b: Ursaluna|Hyper Voice|p2a: Annihilape|[spread] p2a,p2b
|-damage|p2a: Annihilape|0 fnt
|-damage|p2b: Swampert|0 fnt
|faint|p2a: Annihilape
|faint|p2b: Swampert
|-damage|p1b: Ursaluna|15/100|[from] item: Life Orb
|
|upkeep
|
|t:|1757689880
|switch|p2a: Dragonite|Dragonite, L50, F|100/100
|switch|p2b: Volcarona|Volcarona, L50, M|100/100
|turn|4
|inactive|Feedofish has 30 seconds left.
|inactive|Feedofish has 20 seconds left.
|inactive|Feedofish has 15 seconds left.
|inactive|Feedofish has 10 seconds left.
|
|t:|1757689926
|switch|p1b: Incineroar|Incineroar, L50, M|100/100
|-ability|p1b: Incineroar|Intimidate|boost
|-fail|p2a: Dragonite|unboost|Attack|[from] ability: Inner Focus|[of] p2a: Dragonite
|-fail|p2b: Volcarona|unboost|[from] item: Clear Amulet|[of] p2b: Volcarona
|-terastallize|p2a: Dragonite|Normal
|move|p1a: Whimsicott|Taunt|p2b: Volcarona
|-start|p2b: Volcarona|move: Taunt
|cant|p2b: Volcarona|move: Taunt|Quiver Dance
|move|p2a: Dragonite|Scale Shot|p1b: Incineroar
|-damage|p1b: Incineroar|83/100
|-damage|p1b: Incineroar|65/100
|-hitcount|p1b: Incineroar|2
|-unboost|p2a: Dragonite|def|1
|-boost|p2a: Dragonite|spe|1
|-damage|p2a: Dragonite|91/100|[from] item: Life Orb
|
|upkeep
|turn|5
|
|t:|1757689939
|move|p1a: Whimsicott|Encore||[still]
|-fail|p1a: Whimsicott
|move|p1b: Incineroar|Knock Off|p2a: Dragonite
|-damage|p2a: Dragonite|31/100
|-enditem|p2a: Dragonite|Life Orb|[from] move: Knock Off|[of] p1b: Incineroar
|move|p2a: Dragonite|Stomping Tantrum|p1b: Incineroar
|-supereffective|p1b: Incineroar
|-damage|p1b: Incineroar|17/100
|move|p2b: Volcarona|Fiery Dance|p1a: Whimsicott
|-supereffective|p1a: Whimsicott
|-damage|p1a: Whimsicott|0 fnt
|faint|p1a: Whimsicott
|
|-sideend|p1: lynaims|move: Tailwind
|upkeep
|
|t:|1757689949
|switch|p1a: Sneasler|Sneasler, L50, M|100/100
|turn|6
|
|t:|1757689956
|move|p2a: Dragonite|Extreme Speed|p1a: Sneasler
|-damage|p1a: Sneasler|24/100
|move|p1a: Sneasler|Close Combat|p2a: Dragonite
|-supereffective|p2a: Dragonite
|-damage|p2a: Dragonite|0 fnt
|-unboost|p1a: Sneasler|def|1
|-unboost|p1a: Sneasler|spd|1
|faint|p2a: Dragonite
|move|p2b: Volcarona|Fiery Dance|p1a: Sneasler
|-damage|p1a: Sneasler|0 fnt
|-boost|p2b: Volcarona|spa|1
|faint|p1a: Sneasler
|move|p1b: Incineroar|Knock Off|p2b: Volcarona
|-damage|p2b: Volcarona|59/100
|-enditem|p2b: Volcarona|Clear Amulet|[from] move: Knock Off|[of] p1b: Incineroar
|
|-end|p2b: Volcarona|move: Taunt
|upkeep
|
|t:|1757689960
|switch|p1a: Ursaluna|Ursaluna-Bloodmoon, L50, M, tera:Normal|15/100
|turn|7
|
|t:|1757689974
|move|p1a: Ursaluna|Protect|p1a: Ursaluna
|-singleturn|p1a: Ursaluna|Protect
|move|p2b: Volcarona|Giga Drain|p1a: Ursaluna
|-activate|p1a: Ursaluna|move: Protect
|move|p1b: Incineroar|Knock Off|p2b: Volcarona
|-damage|p2b: Volcarona|31/100
|
|upkeep
|turn|8
|
|t:|1757689990
|move|p2b: Volcarona|Giga Drain|p1a: Ursaluna
|-crit|p1a: Ursaluna
|-damage|p1a: Ursaluna|0 fnt
|-heal|p2b: Volcarona|40/100|[from] drain|[of] p1a: Ursaluna
|faint|p1a: Ursaluna
|move|p1b: Incineroar|Knock Off|p2b: Volcarona
|-damage|p2b: Volcarona|11/100
|
|upkeep
|turn|9
|
|t:|1757689995
|move|p2b: Volcarona|Fiery Dance|p1b: Incineroar
|-resisted|p1b: Incineroar
|-damage|p1b: Incineroar|0 fnt
|-boost|p2b: Volcarona|spa|1
|faint|p1b: Incineroar
|
|win|Feedofish
||lynaims is ready for game 3.
|l|☆Feedofish
|player|p2|
|inactive|Feedofish has 30 seconds to confirm battle start!
||Feedofish is ready for game 3.
|uhtml|next|Next: Game 3 of 3
|l|☆lynaims
|player|p1|
