|j|☆Capitan-N
|j|☆CappyTJ5
|html|Capitan-NCappyTJ5    
|uhtml|bestof|Game 2 of a best-of-3
|t:|1757045016
|gametype|doubles
|player|p1|Capitan-N|n|1055
|player|p2|CappyTJ5|wallace|1093
|gen|9
|tier|[Gen 9] VGC 2025 Reg H (Bo3)
|rated|
|rule|Species Clause: Limit one of each Pokémon
|rule|Item Clause: Limit 1 of each item
|clearpoke
|poke|p1|Palafin, L50, M|
|poke|p1|Incineroar, L50, F|
|poke|p1|Rillaboom, L50, F|
|poke|p1|Gholdengo, L50|
|poke|p1|Corviknight, L50, M|
|poke|p1|Clefable, L50, F|
|poke|p2|Sneasler, L50, F|
|poke|p2|Incineroar, L50, F|
|poke|p2|Dragonite, L50, F|
|poke|p2|Gholdengo, L50|
|poke|p2|Amoonguss, L50, F|
|poke|p2|Ursaluna-Bloodmoon, L50, M|
|teampreview|4
|showteam|p1|Palafin||GrassySeed|ZerotoHero|CloseCombat,Protect,JetPunch,Acrobatics|||M|||50|,,,,,Water]Incineroar||SafetyGoggles|Intimidate|FakeOut,FlareBlitz,KnockOff,Uturn|||F|||50|,,,,,Bug]Rillaboom||AssaultVest|GrassySurge|GrassyGlide,HighHorsepower,Snarl,WoodHammer|||F|||50|,,,,,Fire]Gholdengo||LifeOrb|GoodasGold|MakeItRain,NastyPlot,TeraBlast,Protect||||||50|,,,,,Dark]Corviknight||RockyHelmet|MirrorArmor|BodyPress,IronDefense,Roost,Protect|||M|||50|,,,,,Dragon]Clefable||Leftovers|Unaware|FollowMe,LifeDew,Moonblast,CosmicPower|||F|||50|,,,,,Steel
|showteam|p2|Sneasler||FocusSash|Unburden|Protect,DireClaw,CloseCombat,ThroatChop|||F|||50|,,,,,Stellar]Incineroar||SafetyGoggles|Intimidate|KnockOff,FlareBlitz,PartingShot,FakeOut|||F|||50|,,,,,Ghost]Dragonite||LoadedDice|Multiscale|Protect,ScaleShot,Tailwind,Haze|||F|||50|,,,,,Fairy]Gholdengo||LifeOrb|GoodasGold|Protect,MakeItRain,ShadowBall,NastyPlot||||||50|,,,,,Water]Amoonguss||SitrusBerry|Regenerator|Protect,Spore,PollenPuff,RagePowder|||F|||50|,,,,,Water]Ursaluna-Bloodmoon||AssaultVest|MindsEye|HyperVoice,BloodMoon,EarthPower,VacuumWave|||M|||50|,,,,,Water
|inactive|Battle timer is ON: inactive players will automatically lose when time's up. (requested by CappyTJ5)
|inactive|Capitan-N has 60 seconds left.
|
|t:|1757045064
|teamsize|p1|4
|teamsize|p2|4
|start
|switch|p1a: Palafin|Palafin, L50, M, shiny|100/100
|switch|p1b: Incineroar|Incineroar, L50, F, shiny|100/100
|switch|p2a: Incineroar|Incineroar, L50, F|100/100
|switch|p2b: Sneasler|Sneasler, L50, F|100/100
|-ability|p1b: Incineroar|Intimidate|boost
|-unboost|p2a: Incineroar|atk|1
|-unboost|p2b: Sneasler|atk|1
|-ability|p2a: Incineroar|Intimidate|boost
|-unboost|p1a: Palafin|atk|1
|-unboost|p1b: Incineroar|atk|1
|turn|1
|inactive|CappyTJ5 has 30 seconds left.
|
|t:|1757045095
|detailschange|p1a: Palafin|Palafin-Hero, L50, M, shiny
|switch|p1a: Corviknight|Corviknight, L50, M, shiny|100/100
|move|p2b: Sneasler|Protect|p2b: Sneasler
|-singleturn|p2b: Sneasler|Protect
|move|p1b: Incineroar|Fake Out|p2b: Sneasler
|-activate|p2b: Sneasler|move: Protect
|move|p2a: Incineroar|Knock Off|p1a: Corviknight
|-damage|p1a: Corviknight|80/100
|-damage|p2a: Incineroar|84/100|[from] item: Rocky Helmet|[of] p1a: Corviknight
|-enditem|p1a: Corviknight|Rocky Helmet|[from] move: Knock Off|[of] p2a: Incineroar
|
|upkeep
|turn|2
|inactive|CappyTJ5 has 30 seconds left.
|inactive|CappyTJ5 has 20 seconds left.
|inactive|CappyTJ5 has 15 seconds left.
|inactive|CappyTJ5 has 10 seconds left.
|inactive|CappyTJ5 has 5 seconds left.
|
|t:|1757045148
|switch|p2a: Dragonite|Dragonite, L50, F|100/100
|-terastallize|p1b: Incineroar|Bug
|move|p2b: Sneasler|Dire Claw|p1b: Incineroar
|-damage|p1b: Incineroar|70/100
|-status|p1b: Incineroar|psn
|move|p1b: Incineroar|U-turn|p2b: Sneasler
|-resisted|p2b: Sneasler
|-damage|p2b: Sneasler|91/100
|
|t:|1757045163
|switch|p1b: Palafin|Palafin-Hero, L50, M, shiny|100/100|[from] U-turn
|-activate|p1b: Palafin|ability: Zero to Hero
|move|p1a: Corviknight|Iron Defense|p1a: Corviknight
|-boost|p1a: Corviknight|def|2
|
|upkeep
|turn|3
|
|t:|1757045184
|move|p2b: Sneasler|Protect|p2b: Sneasler
|-singleturn|p2b: Sneasler|Protect
|move|p1b: Palafin|Protect|p1b: Palafin
|-singleturn|p1b: Palafin|Protect
|move|p2a: Dragonite|Tailwind|p2a: Dragonite
|-sidestart|p2: CappyTJ5|move: Tailwind
|move|p1a: Corviknight|Iron Defense|p1a: Corviknight
|-boost|p1a: Corviknight|def|2
|
|upkeep
|turn|4
|inactive|CappyTJ5 has 30 seconds left.
|
|t:|1757045211
|switch|p2b: Incineroar|Incineroar, L50, F|84/100
|-ability|p2b: Incineroar|Intimidate|boost
|-ability|p1a: Corviknight|Mirror Armor
|-unboost|p2b: Incineroar|atk|1
|-unboost|p1b: Palafin|atk|1
|switch|p1b: Incineroar|Incineroar, L50, F, shiny, tera:Bug|70/100 psn
|-ability|p1b: Incineroar|Intimidate|boost
|-unboost|p2a: Dragonite|atk|1
|-unboost|p2b: Incineroar|atk|1
|move|p2a: Dragonite|Haze|p2a: Dragonite
|-clearallboost
|move|p1a: Corviknight|Body Press|p2b: Incineroar
|-supereffective|p2b: Incineroar
|-damage|p2b: Incineroar|49/100
|
|-damage|p1b: Incineroar|58/100 psn|[from] psn
|upkeep
|turn|5
|inactive|CappyTJ5 has 30 seconds left.
|inactive|CappyTJ5 has 20 seconds left.
|inactive|CappyTJ5 has 15 seconds left.
|inactive|CappyTJ5 has 10 seconds left.
|
|t:|1757045259
|switch|p1b: Palafin|Palafin-Hero, L50, M, shiny|100/100
|move|p1a: Corviknight|Protect|p1a: Corviknight
|-singleturn|p1a: Corviknight|Protect
|move|p2a: Dragonite|Scale Shot|p1b: Palafin|[miss]
|-miss|p2a: Dragonite|p1b: Palafin
|move|p2b: Incineroar|Flare Blitz|p1a: Corviknight
|-activate|p1a: Corviknight|move: Protect
|
|upkeep
|turn|6
|inactive|CappyTJ5 has 30 seconds left.
|inactive|CappyTJ5 has 20 seconds left.
|inactive|CappyTJ5 has 15 seconds left.
|inactive|CappyTJ5 has 10 seconds left.
|
|t:|1757045308
|switch|p2b: Sneasler|Sneasler, L50, F|91/100
|switch|p1a: Incineroar|Incineroar, L50, F, shiny, tera:Bug|58/100 psn
|-ability|p1a: Incineroar|Intimidate|boost
|-unboost|p2a: Dragonite|atk|1
|-unboost|p2b: Sneasler|atk|1
|move|p1b: Palafin|Jet Punch|p2b: Sneasler
|-damage|p2b: Sneasler|25/100
|move|p2a: Dragonite|Scale Shot|p1b: Palafin
|-damage|p1b: Palafin|90/100
|-damage|p1b: Palafin|80/100
|-damage|p1b: Palafin|70/100
|-damage|p1b: Palafin|59/100
|-hitcount|p1b: Palafin|4
|-unboost|p2a: Dragonite|def|1
|-boost|p2a: Dragonite|spe|1
|
|-damage|p1a: Incineroar|46/100 psn|[from] psn
|-sideend|p2: CappyTJ5|move: Tailwind
|upkeep
|turn|7
|inactive|Capitan-N has 30 seconds left.
|
|t:|1757045339
|switch|p1a: Rillaboom|Rillaboom, L50, F, shiny|100/100
|-fieldstart|move: Grassy Terrain|[from] ability: Grassy Surge|[of] p1a: Rillaboom
|-enditem|p1b: Palafin|Grassy Seed
|-boost|p1b: Palafin|def|1|[from] item: Grassy Seed
|move|p2a: Dragonite|Protect|p2a: Dragonite
|-singleturn|p2a: Dragonite|Protect
|move|p2b: Sneasler|Protect|p2b: Sneasler
|-singleturn|p2b: Sneasler|Protect
|move|p1b: Palafin|Jet Punch|p2b: Sneasler
|-activate|p2b: Sneasler|move: Protect
|
|-heal|p2b: Sneasler|31/100|[from] Grassy Terrain
|-heal|p1b: Palafin|65/100|[from] Grassy Terrain
|upkeep
|turn|8
|inactive|CappyTJ5 has 30 seconds left.
|
|t:|1757045372
|switch|p2b: Incineroar|Incineroar, L50, F|49/100
|-ability|p2b: Incineroar|Intimidate|boost
|-unboost|p1a: Rillaboom|atk|1
|-unboost|p1b: Palafin|atk|1
|move|p1b: Palafin|Jet Punch|p2b: Incineroar
|-supereffective|p2b: Incineroar
|-damage|p2b: Incineroar|1/100
|move|p1a: Rillaboom|Grassy Glide|p2a: Dragonite
|-resisted|p2a: Dragonite
|-damage|p2a: Dragonite|95/100
|move|p2a: Dragonite|Tailwind|p2a: Dragonite
|-sidestart|p2: CappyTJ5|move: Tailwind
|
|-heal|p2b: Incineroar|7/100|[from] Grassy Terrain
|-heal|p1b: Palafin|71/100|[from] Grassy Terrain
|upkeep
|turn|9
|inactive|CappyTJ5 has 30 seconds left.
|
|t:|1757045402
|move|p2b: Incineroar|Fake Out|p1b: Palafin
|-damage|p1b: Palafin|64/100
|cant|p1b: Palafin|flinch
|move|p1a: Rillaboom|Grassy Glide|p2b: Incineroar
|-resisted|p2b: Incineroar
|-damage|p2b: Incineroar|0 fnt
|faint|p2b: Incineroar
|move|p2a: Dragonite|Haze|p2a: Dragonite
|-clearallboost
|
|-heal|p1b: Palafin|70/100|[from] Grassy Terrain
|upkeep
|
|t:|1757045410
|switch|p2b: Gholdengo|Gholdengo, L50|100/100
|turn|10
|inactive|Capitan-N has 30 seconds left.
|inactive|CappyTJ5 has 30 seconds left.
|inactive|Capitan-N has 20 seconds left.
|inactive|CappyTJ5 has 20 seconds left.
|inactive|Capitan-N has 15 seconds left.
|inactive|CappyTJ5 has 15 seconds left.
|
|t:|1757045454
|-terastallize|p2b: Gholdengo|Water
|move|p2b: Gholdengo|Shadow Ball|p1a: Rillaboom
|-damage|p1a: Rillaboom|66/100
|-unboost|p1a: Rillaboom|spd|1
|-damage|p2b: Gholdengo|91/100|[from] item: Life Orb
|move|p2a: Dragonite|Scale Shot|p1a: Rillaboom
|-damage|p1a: Rillaboom|51/100
|-damage|p1a: Rillaboom|36/100
|-damage|p1a: Rillaboom|20/100
|-damage|p1a: Rillaboom|4/100
|-hitcount|p1a: Rillaboom|4
|-unboost|p2a: Dragonite|def|1
|-boost|p2a: Dragonite|spe|1
|move|p1b: Palafin|Acrobatics|p2b: Gholdengo
|-damage|p2b: Gholdengo|41/100
|move|p1a: Rillaboom|Snarl|p2b: Gholdengo|[spread] p2a,p2b
|-damage|p2a: Dragonite|89/100
|-damage|p2b: Gholdengo|35/100
|-unboost|p2a: Dragonite|spa|1
|-unboost|p2b: Gholdengo|spa|1
|
|-heal|p2b: Gholdengo|41/100|[from] Grassy Terrain
|-heal|p1b: Palafin|76/100|[from] Grassy Terrain
|-heal|p1a: Rillaboom|10/100|[from] Grassy Terrain
|upkeep
|turn|11
|inactive|Capitan-N has 30 seconds left.
|inactive|CappyTJ5 has 30 seconds left.
|inactive|Capitan-N has 20 seconds left.
|
|t:|1757045491
|switch|p1a: Incineroar|Incineroar, L50, F, shiny, tera:Bug|46/100 psn
|-ability|p1a: Incineroar|Intimidate|boost
|-unboost|p2a: Dragonite|atk|1
|-unboost|p2b: Gholdengo|atk|1
|move|p2b: Gholdengo|Protect|p2b: Gholdengo
|-singleturn|p2b: Gholdengo|Protect
|move|p2a: Dragonite|Scale Shot|p1b: Palafin
|-damage|p1b: Palafin|66/100
|-damage|p1b: Palafin|56/100
|-damage|p1b: Palafin|45/100
|-damage|p1b: Palafin|34/100
|-hitcount|p1b: Palafin|4
|-unboost|p2a: Dragonite|def|1
|-boost|p2a: Dragonite|spe|1
|move|p1b: Palafin|Acrobatics|p2a: Dragonite
|-damage|p2a: Dragonite|0 fnt
|faint|p2a: Dragonite
|
|-heal|p2b: Gholdengo|47/100|[from] Grassy Terrain
|-heal|p1b: Palafin|40/100|[from] Grassy Terrain
|-heal|p1a: Incineroar|52/100 psn|[from] Grassy Terrain
|-damage|p1a: Incineroar|39/100 psn|[from] psn
|-sideend|p2: CappyTJ5|move: Tailwind
|-fieldend|move: Grassy Terrain
|upkeep
|
|t:|1757045500
|switch|p2a: Sneasler|Sneasler, L50, F|31/100
|turn|12
|-message|CappyTJ5 forfeited.
|
|win|Capitan-N
|raw|Capitan-N's rating: 1055 → 1090(+35 for winning)
|raw|CappyTJ5's rating: 1093 → 1066(-27 for losing)
