|j|☆castoriceball
|j|☆marcosdeltasena31
|html|castoriceballmarcosdeltasena31    
|uhtml|bestof|Game 2 of a best-of-3
|t:|1785639180
|gametype|doubles
|player|p1|castoriceball|miku-flying|1262
|player|p2|marcosdeltasena31|hilbert|1554
|gen|9
|tier|[Gen 9 Champions] VGC 2026 Reg M-B (Bo3)
|rated|
|rule|Species Clause: Limit one of each Pokémon
|rule|Item Clause: Limit 1 of each item
|clearpoke
|poke|p1|Raichu, L50, M, shiny|
|poke|p1|Mamoswine, L50, F|
|poke|p1|Basculegion, L50, M, shiny|
|poke|p1|Farigiraf, L50, F|
|poke|p1|Sylveon, L50, F|
|poke|p1|Torkoal, L50, M|
|poke|p2|Staraptor, L50, M|
|poke|p2|Delphox, L50, M|
|poke|p2|Whimsicott, L50, M|
|poke|p2|Glimmora, L50, M|
|poke|p2|Garchomp, L50, M|
|poke|p2|Kingambit, L50, M|
|teampreview|4
|showteam|p1|Raichu||RaichuniteY|LightningRod|ZapCannon,FocusBlast,FakeOut,Protect|Timid||M|||50|]Mamoswine||LifeOrb|Oblivious|IcicleCrash,HighHorsepower,IceShard,Protect|Adamant||F|||50|]Basculegion||ChoiceScarf|Adaptability|LastRespects,WaveCrash,AquaJet,FlipTurn|Jolly||M|||50|]Farigiraf||SitrusBerry|ArmorTail|Psychic,HelpingHand,TrickRoom,Protect|Bold||F|||50|]Sylveon||FairyFeather|Pixilate|HyperVoice,QuickAttack,HyperBeam,Detect|Modest||F|||50|]Torkoal||Charcoal|Drought|Eruption,WeatherBall,SolarBeam,Protect|Quiet||M|||50|
|showteam|p2|Staraptor||Staraptite|Intimidate|Protect,Roost,CloseCombat,BraveBird|Jolly||M|||50|]Delphox||Delphoxite|Blaze|Protect,Psychic,HeatWave,Substitute|Timid||M|||50|]Whimsicott||OccaBerry|Prankster|Moonblast,Tailwind,Charm,LightScreen|Timid||M|||50|]Glimmora||FocusSash|ToxicDebris|SpikyShield,SludgeBomb,EarthPower,PowerGem|Timid||M|||50|]Garchomp||LifeOrb|RoughSkin|Protect,RockSlide,Earthquake,DragonClaw|Jolly||M|||50|]Kingambit||ChopleBerry|Defiant|SuckerPunch,LowKick,IronHead,KowtowCleave|Adamant||M|||50|
|
|t:|1785639197
|teamsize|p1|4
|teamsize|p2|4
|start
|switch|p1a: WHYYCHU|Raichu, L50, M, shiny|100/100
|switch|p1b: WolfeyFriendReal|Farigiraf, L50, F|100/100
|switch|p2a: Kingambit|Kingambit, L50, M|100/100
|switch|p2b: Delphox|Delphox, L50, M|100/100
|turn|1
|
|t:|1785639222
|switch|p2a: Whimsicott|Whimsicott, L50, M|100/100
|detailschange|p1a: WHYYCHU|Raichu-Mega-Y, L50, M, shiny
|-mega|p1a: WHYYCHU|Raichu|Raichunite Y
|detailschange|p2b: Delphox|Delphox-Mega, L50, M
|-mega|p2b: Delphox|Delphox|Delphoxite
|move|p1b: WolfeyFriendReal|Protect|p1b: WolfeyFriendReal
|-singleturn|p1b: WolfeyFriendReal|Protect
|move|p2b: Delphox|Heat Wave|p1b: WolfeyFriendReal|[spread] p1a
|-activate|p1b: WolfeyFriendReal|move: Protect
|-damage|p1a: WHYYCHU|44/100
|move|p1a: WHYYCHU|Zap Cannon|p2b: Delphox
|-damage|p2b: Delphox|42/100
|-status|p2b: Delphox|par
|
|upkeep
|turn|2
|
|t:|1785639238
|switch|p2b: Garchomp|Garchomp, L50, M|100/100
|move|p1a: WHYYCHU|Zap Cannon|p2b: Garchomp
|-immune|p2b: Garchomp
|move|p2a: Whimsicott|Moonblast|p1b: WolfeyFriendReal
|-damage|p1b: WolfeyFriendReal|72/100
|-unboost|p1b: WolfeyFriendReal|spa|1
|move|p1b: WolfeyFriendReal|Trick Room|p1b: WolfeyFriendReal
|-fieldstart|move: Trick Room|[of] p1b: WolfeyFriendReal
|
|upkeep
|turn|3
|
|t:|1785639250
|move|p1b: WolfeyFriendReal|Psychic|p2a: Whimsicott
|-damage|p2a: Whimsicott|68/100
|-unboost|p2a: Whimsicott|spd|1
|move|p2a: Whimsicott|Moonblast|p1b: WolfeyFriendReal
|-damage|p1b: WolfeyFriendReal|41/100
|-enditem|p1b: WolfeyFriendReal|Sitrus Berry|[eat]
|-heal|p1b: WolfeyFriendReal|66/100|[from] item: Sitrus Berry
|move|p2b: Garchomp|Earthquake|p1a: WHYYCHU|[spread] p2a,p1a,p1b
|-resisted|p2a: Whimsicott|1
|-supereffective|p1a: WHYYCHU|1
|-damage|p2a: Whimsicott|45/100
|-damage|p1a: WHYYCHU|0 fnt
|-damage|p1b: WolfeyFriendReal|28/100
|faint|p1a: WHYYCHU
|-damage|p2b: Garchomp|90/100|[from] item: Life Orb
|
|upkeep
|
|t:|1785639256
|switch|p1a: turtle|Torkoal, L50, M|100/100
|-weather|SunnyDay|[from] ability: Drought|[of] p1a: turtle
|turn|4
|
|t:|1785639272
|move|p2a: Whimsicott|Light Screen|p2a: Whimsicott
|-sidestart|p2: marcosdeltasena31|move: Light Screen
|move|p1a: turtle|Eruption|p2a: Whimsicott|[spread] p2a,p2b
|-supereffective|p2a: Whimsicott|1
|-enditem|p2a: Whimsicott|Occa Berry|[eat]
|-enditem|p2a: Whimsicott|Occa Berry|[weaken]
|-resisted|p2b: Garchomp|1
|-damage|p2a: Whimsicott|0 fnt
|-damage|p2b: Garchomp|57/100
|faint|p2a: Whimsicott
|move|p1b: WolfeyFriendReal|Psychic|p2b: Garchomp
|-damage|p2b: Garchomp|40/100
|move|p2b: Garchomp|Earthquake|p1a: turtle|[spread] p1a,p1b
|-supereffective|p1a: turtle|1
|-damage|p1a: turtle|28/100
|-damage|p1b: WolfeyFriendReal|0 fnt
|faint|p1b: WolfeyFriendReal
|-damage|p2b: Garchomp|31/100|[from] item: Life Orb
|
|-weather|SunnyDay|[upkeep]
|upkeep
|
|t:|1785639284
|switch|p1b: budget floette|Sylveon, L50, F|100/100
|switch|p2a: Kingambit|Kingambit, L50, M|100/100
|turn|5
|
|t:|1785639300
|switch|p2a: Delphox|Delphox-Mega, L50, M|42/100 par
|move|p2b: Garchomp|Protect|p2b: Garchomp
|-singleturn|p2b: Garchomp|Protect
|move|p1a: turtle|Weather Ball|p2a: Delphox
|-resisted|p2a: Delphox|1
|-damage|p2a: Delphox|20/100y par
|move|p1b: budget floette|Hyper Voice|p2b: Garchomp|[spread] p2a
|-activate|p2b: Garchomp|move: Protect
|-resisted|p2a: Delphox|1
|-damage|p2a: Delphox|6/100 par
|
|-weather|SunnyDay|[upkeep]
|upkeep
|turn|6
|
|t:|1785639312
|move|p2a: Delphox|Protect|p2a: Delphox
|-singleturn|p2a: Delphox|Protect
|move|p1a: turtle|Weather Ball|p2b: Garchomp
|-resisted|p2b: Garchomp|1
|-damage|p2b: Garchomp|3/100
|move|p1b: budget floette|Hyper Voice|p2b: Garchomp|[spread] p2b
|-activate|p2a: Delphox|move: Protect
|-supereffective|p2b: Garchomp|1
|-damage|p2b: Garchomp|0 fnt
|faint|p2b: Garchomp
|
|-weather|SunnyDay|[upkeep]
|-fieldend|move: Trick Room
|upkeep
|
|t:|1785639315
|switch|p2b: Kingambit|Kingambit, L50, M|100/100
|turn|7
|
|t:|1785639334
|move|p1b: budget floette|Quick Attack|p2a: Delphox
|-resisted|p2a: Delphox|1
|-damage|p2a: Delphox|0 fnt
|faint|p2a: Delphox
|move|p2b: Kingambit|Kowtow Cleave|p1a: turtle
|-damage|p1a: turtle|0 fnt
|faint|p1a: turtle
|
|-weather|SunnyDay|[upkeep]
|upkeep
|turn|8
|
|t:|1785639341
|move|p1b: budget floette|Detect|p1b: budget floette
|-singleturn|p1b: budget floette|Protect
|move|p2b: Kingambit|Iron Head|p1b: budget floette
|-activate|p1b: budget floette|move: Protect
|
|-weather|none
|-sideend|p2: marcosdeltasena31|move: Light Screen
|upkeep
|turn|9
|
|t:|1785639360
|move|p1b: budget floette|Hyper Beam|p2b: Kingambit
|-damage|p2b: Kingambit|0 fnt
|-mustrecharge|p1b: budget floette
|faint|p2b: Kingambit
|
|win|castoriceball
|raw|castoriceball's rating: 1262 → 1304(+42 for winning)
|raw|marcosdeltasena31's rating: 1554 → 1520(-34 for losing)
