|j|☆BroscoeFlames
|j|☆Brdz
|html|BroscoeFlamesBrdz    
|uhtml|bestof|Game 1 of a best-of-3
|t:|1783748073
|gametype|doubles
|player|p1|BroscoeFlames|265|1116
|player|p2|Brdz|101|1030
|gen|9
|tier|[Gen 9 Champions] VGC 2026 Reg M-B (Bo3)
|rated|
|rule|Species Clause: Limit one of each Pokémon
|rule|Item Clause: Limit 1 of each item
|clearpoke
|poke|p1|Zoroark-Hisui, L50, F|
|poke|p1|Goodra-Hisui, L50, F|
|poke|p1|Grimmsnarl, L50, M|
|poke|p1|Venusaur, L50, F|
|poke|p1|Milotic, L50, M|
|poke|p1|Vivillon-Pokeball, L50, F|
|poke|p2|Excadrill, L50, M|
|poke|p2|Tyranitar, L50, F|
|poke|p2|Houndstone, L50, M|
|poke|p2|Sneasler, L50, F|
|poke|p2|Delphox, L50, F|
|poke|p2|Noivern, L50, F|
|teampreview|4
|showteam|p1|Zoroark-Hisui||ChoiceScarf|Illusion|HyperVoice,GrassKnot,IcyWind,ShadowBall|Modest||F|||50|]Goodra-Hisui||Leftovers|ShellArmor|BodyPress,HeavySlam,Shelter,Protect|Careful||F|||50|]Grimmsnarl||LightClay|Prankster|FakeOut,Reflect,LightScreen,SpiritBreak|Impish||M|||50|]Venusaur||Venusaurite|Overgrow|GigaDrain,SludgeBomb,EarthPower,Protect|Serious||F|||50|]Milotic||SitrusBerry|Competitive|MuddyWater,Coil,Hypnosis,Protect|Modest||M|||50|]Vivillon-Pokeball||FocusSash|CompoundEyes|Protect,Hurricane,Tailwind,SleepPowder|Timid||F|||50|
|showteam|p2|Excadrill||LifeOrb|SandRush|SwordsDance,Earthquake,RockSlide,IronHead|Adamant||M|||50|]Tyranitar||Tyranitarite|SandStream|DragonDance,RockSlide,KnockOff,IcePunch|Adamant||F|||50|]Houndstone||SpellTag|SandRush|AllySwitch,WillOWisp,LastRespects,ShadowSneak|Adamant||M|||50|]Sneasler||FocusSash|Unburden|FakeOut,CloseCombat,PoisonJab,Acrobatics|Adamant||F|||50|]Delphox||Delphoxite|Blaze|WillOWisp,Psyshock,HeatWave,CalmMind|Timid||F|||50|]Noivern||WhiteHerb|Frisk|Tailwind,DracoMeteor,Uturn,Boomburst|Timid||F|||50|
|c|☆BroscoeFlames|glhf
|inactive|Battle timer is ON: inactive players will automatically lose when time's up. (requested by Brdz)
|inactive|BroscoeFlames has 60 seconds left.
|
|t:|1783748123
|teamsize|p1|4
|teamsize|p2|4
|start
|switch|p1a: Vivillon|Vivillon-Pokeball, L50, F|100/100
|switch|p1b: Milotic|Milotic, L50, M|100/100
|switch|p2a: Delphox|Delphox, L50, F|100/100
|switch|p2b: Sneasler|Sneasler, L50, F|100/100
|turn|1
|
|t:|1783748141
|detailschange|p2a: Delphox|Delphox-Mega, L50, F
|-mega|p2a: Delphox|Delphox|Delphoxite
|move|p1a: Vivillon|Protect|p1a: Vivillon
|-singleturn|p1a: Vivillon|Protect
|move|p2b: Sneasler|Fake Out|p1b: Milotic
|-immune|p1b: Milotic
|move|p1b: Milotic|Hyper Voice|p2a: Delphox|[spread] p2a,p2b
|-damage|p2a: Delphox|62/100
|-damage|p2b: Sneasler|53/100
|move|p2a: Delphox|Calm Mind|p2a: Delphox
|-boost|p2a: Delphox|spa|1
|-boost|p2a: Delphox|spd|1
|
|upkeep
|turn|2
|
|t:|1783748163
|move|p1b: Milotic|Hyper Voice|p2b: Sneasler|[spread] p2a,p2b
|-damage|p2a: Delphox|38/100
|-damage|p2b: Sneasler|5/100
|move|p2a: Delphox|Heat Wave|p1a: Vivillon|[spread] p1a,p1b
|-supereffective|p1a: Vivillon|1
|-crit|p1b: Milotic
|-enditem|p1a: Vivillon|Focus Sash
|-damage|p1a: Vivillon|1/100
|-damage|p1b: Milotic|0 fnt
|replace|p1b: Zoroark|Zoroark-Hisui, L50, F
|-end|p1b: Zoroark|Illusion
|faint|p1b: Zoroark
|move|p2b: Sneasler|Acrobatics|p1a: Vivillon
|-supereffective|p1a: Vivillon|1
|-damage|p1a: Vivillon|0 fnt
|faint|p1a: Vivillon
|
|upkeep
|
|t:|1783748178
|switch|p1b: Milotic|Milotic, L50, M|100/100
|switch|p1a: Venusaur|Venusaur, L50, F|100/100
|turn|3
|
|t:|1783748197
|move|p1a: Venusaur|Protect|p1a: Venusaur
|-singleturn|p1a: Venusaur|Protect
|move|p2a: Delphox|Psyshock|p1a: Venusaur
|-activate|p1a: Venusaur|move: Protect
|move|p2b: Sneasler|Poison Jab|p1b: Milotic
|-damage|p1b: Milotic|59/100
|-status|p1b: Milotic|psn
|move|p1b: Milotic|Muddy Water|p2b: Sneasler|[spread] p2a
|-miss|p1b: Milotic|p2b: Sneasler
|-supereffective|p2a: Delphox|1
|-damage|p2a: Delphox|5/100
|
|-damage|p1b: Milotic|47/100 psn|[from] psn
|upkeep
|-enditem|p1b: Milotic|Sitrus Berry|[eat]
|-heal|p1b: Milotic|71/100 psn|[from] item: Sitrus Berry
|turn|4
|
|t:|1783748218
|switch|p2b: Noivern|Noivern, L50, F|100/100
|-item|p1a: Venusaur|Venusaurite|[from] ability: Frisk|[of] p2b: Noivern
|detailschange|p1a: Venusaur|Venusaur-Mega, L50, F
|-mega|p1a: Venusaur|Venusaur|Venusaurite
|move|p1a: Venusaur|Protect|p1a: Venusaur
|-singleturn|p1a: Venusaur|Protect
|move|p2a: Delphox|Psyshock|p1a: Venusaur
|-activate|p1a: Venusaur|move: Protect
|move|p1b: Milotic|Muddy Water|p2b: Noivern|[spread] p2a,p2b
|-supereffective|p2a: Delphox|1
|-resisted|p2b: Noivern|1
|-damage|p2a: Delphox|0 fnt
|-damage|p2b: Noivern|81/100
|faint|p2a: Delphox
|
|-damage|p1b: Milotic|59/100 psn|[from] psn
|upkeep
|
|t:|1783748236
|switch|p2a: Sneasler|Sneasler, L50, F|5/100
|turn|5
|
|t:|1783748255
|move|p2b: Noivern|Tailwind|p2b: Noivern
|-sidestart|p2: Brdz|move: Tailwind
|move|p2a: Sneasler|Acrobatics|p1a: Venusaur
|-supereffective|p1a: Venusaur|1
|-damage|p1a: Venusaur|60/100
|move|p1a: Venusaur|Sludge Bomb|p2b: Noivern
|-damage|p2b: Noivern|19/100
|move|p1b: Milotic|Muddy Water|p2b: Noivern|[spread] p2a,p2b
|-resisted|p2b: Noivern|1
|-damage|p2a: Sneasler|0 fnt
|-damage|p2b: Noivern|1/100
|-unboost|p2b: Noivern|accuracy|1
|faint|p2a: Sneasler
|-enditem|p2b: Noivern|White Herb
|-clearnegativeboost|p2b: Noivern|[silent]
|
|-damage|p1b: Milotic|47/100 psn|[from] psn
|upkeep
|
|t:|1783748270
|switch|p2a: Excadrill|Excadrill, L50, M|100/100
|turn|6
|
|t:|1783748278
|move|p2b: Noivern|Boomburst|p1b: Milotic|[spread] p2a,p1a,p1b
|-resisted|p2a: Excadrill|1
|-damage|p2a: Excadrill|81/100
|-damage|p1a: Venusaur|34/100
|-damage|p1b: Milotic|23/100 psn
|move|p2a: Excadrill|Earthquake|p1b: Milotic|[spread] p1a,p1b
|-immune|p2b: Noivern
|-damage|p1a: Venusaur|0 fnt
|-damage|p1b: Milotic|0 fnt
|faint|p1a: Venusaur
|faint|p1b: Milotic
|-damage|p2a: Excadrill|72/100|[from] item: Life Orb
|
|win|Brdz
||BroscoeFlames is ready for game 2.
|inactive|Brdz has 30 seconds to confirm battle start!
||Brdz is ready for game 2.
|uhtml|next|Next: Game 2 of 3
|l|☆Brdz
|player|p2|
