|j|☆tbpgerard
|j|☆ScotNoah
|html|tbpgerardScotNoah    
|uhtml|bestof|Game 1 of a best-of-3
|t:|1757801652
|gametype|doubles
|player|p1|tbpgerard|guitarist|1140
|player|p2|ScotNoah|hilbert|1045
|gen|9
|tier|[Gen 9] VGC 2025 Reg H (Bo3)
|rated|
|rule|Species Clause: Limit one of each Pokémon
|rule|Item Clause: Limit 1 of each item
|clearpoke
|poke|p1|Indeedee-F, L50, F|
|poke|p1|Hatterene, L50, F|
|poke|p1|Gallade, L50, M|
|poke|p1|Ursaluna, L50, M|
|poke|p1|Lilligant-Hisui, L50, F|
|poke|p1|Torkoal, L50, M|
|poke|p2|Archaludon, L50, F|
|poke|p2|Basculegion, L50, M|
|poke|p2|Pelipper, L50, M|
|poke|p2|Amoonguss, L50, F|
|poke|p2|Primarina, L50, M|
|poke|p2|Ursaluna, L50, F|
|teampreview|4
|showteam|p1|Indeedee-F||SafetyGoggles|PsychicSurge|DazzlingGleam,FollowMe,HelpingHand,TrickRoom|||F|||50|,,,,,Fairy]Hatterene||LifeOrb|MagicBounce|ExpandingForce,DazzlingGleam,Protect,TrickRoom|||F|||50|,,,,,Water]Gallade||ClearAmulet|Sharpness|SacredSword,PsychoCut,WideGuard,TrickRoom|||M|||50|,,,,,Grass]Ursaluna||FlameOrb|Guts|Facade,HeadlongRush,Substitute,Protect|||M|||50|,,,,,Ghost]Lilligant-Hisui||FocusSash|Chlorophyll|CloseCombat,LeafBlade,SleepPowder,AfterYou|||F|||50|,,,,,Ghost]Torkoal||ChoiceSpecs|Drought|Eruption,HeatWave,Flamethrower,ClearSmog|||M|||50|,,,,,Fire
|showteam|p2|Archaludon||AssaultVest|Stamina|ElectroShot,DracoMeteor,FlashCannon,BodyPress|||F|||50|,,,,,Electric]Basculegion||ClearAmulet|SwiftSwim|WaveCrash,PsychicFangs,FlipTurn,LastRespects|||M|||50|,,,,,Water]Pelipper||FocusSash|Drizzle|WeatherBall,Tailwind,Hurricane,Protect|||M|||50|,,,,,Ghost]Amoonguss||SitrusBerry|Regenerator|Spore,RagePowder,PollenPuff,SludgeBomb|||F|||50|,,,,,Water]Primarina||LifeOrb|LiquidVoice|HyperVoice,Moonblast,ShadowBall,Protect|||M|||50|,,,,,Poison]Ursaluna||FlameOrb|Guts|Facade,HeadlongRush,Earthquake,Protect|||F|||50|,,,,,Ghost
|
|t:|1757801681
|teamsize|p1|4
|teamsize|p2|4
|start
|switch|p1a: labubu|Indeedee-F, L50, F|100/100
|switch|p1b: clairo|Hatterene, L50, F, shiny|100/100
|switch|p2a: Ursaluna|Ursaluna, L50, F|100/100
|switch|p2b: Amoonguss|Amoonguss, L50, F|100/100
|-fieldstart|move: Psychic Terrain|[from] ability: Psychic Surge|[of] p1a: labubu
|turn|1
|
|t:|1757801729
|-terastallize|p2b: Amoonguss|Water
|move|p1a: labubu|Follow Me|p1a: labubu
|-singleturn|p1a: labubu|move: Follow Me
|move|p2b: Amoonguss|Spore|p1a: labubu
|-activate|p1a: labubu|item: Safety Goggles|Spore
|move|p2a: Ursaluna|Facade|p1a: labubu
|-damage|p1a: labubu|59/100
|move|p1b: clairo|Trick Room|p1b: clairo
|-fieldstart|move: Trick Room|[of] p1b: clairo
|
|-status|p2a: Ursaluna|brn|[from] item: Flame Orb
|upkeep
|turn|2
|
|t:|1757801760
|switch|p2b: Pelipper|Pelipper, L50, M|100/100
|-weather|RainDance|[from] ability: Drizzle|[of] p2b: Pelipper
|move|p1a: labubu|Follow Me|p1a: labubu
|-singleturn|p1a: labubu|move: Follow Me
|move|p1b: clairo|Expanding Force|p2a: Ursaluna|[spread] p2a,p2b
|-damage|p2a: Ursaluna|22/100 brn
|-enditem|p2b: Pelipper|Focus Sash
|-damage|p2b: Pelipper|1/100
|-damage|p1b: clairo|91/100|[from] item: Life Orb
|move|p2a: Ursaluna|Facade|p1a: labubu
|-damage|p1a: labubu|0 fnt
|faint|p1a: labubu
|
|-weather|RainDance|[upkeep]
|-damage|p2a: Ursaluna|16/100 brn|[from] brn
|upkeep
|
|t:|1757801779
|switch|p1a: matcha|Gallade, L50, M|100/100
|turn|3
|
|t:|1757801798
|switch|p1a: man|Ursaluna, L50, M|100/100
|move|p2a: Ursaluna|Protect|p2a: Ursaluna
|-singleturn|p2a: Ursaluna|Protect
|move|p1b: clairo|Expanding Force|p2b: Pelipper|[spread] p2b
|-activate|p2a: Ursaluna|move: Protect
|-damage|p2b: Pelipper|0 fnt
|faint|p2b: Pelipper
|-damage|p1b: clairo|82/100|[from] item: Life Orb
|
|-weather|RainDance|[upkeep]
|-damage|p2a: Ursaluna|9/100 brn|[from] brn
|-status|p1a: man|brn|[from] item: Flame Orb
|upkeep
|
|t:|1757801815
|switch|p2b: Primarina|Primarina, L50, M|100/100
|turn|4
|
|t:|1757801825
|move|p1b: clairo|Expanding Force|p2a: Ursaluna|[spread] p2a,p2b
|-damage|p2a: Ursaluna|0 fnt
|-damage|p2b: Primarina|32/100
|faint|p2a: Ursaluna
|-damage|p1b: clairo|72/100|[from] item: Life Orb
|move|p1a: man|Facade|p2b: Primarina
|-damage|p2b: Primarina|0 fnt
|faint|p2b: Primarina
|
|-weather|RainDance|[upkeep]
|-damage|p1a: man|95/100 brn|[from] brn
|upkeep
|
|t:|1757801840
|switch|p2a: Amoonguss|Amoonguss, L50, F, tera:Water|100/100
|turn|5
|
|t:|1757801844
|move|p1b: clairo|Expanding Force|p2a: Amoonguss
|-damage|p2a: Amoonguss|8/100
|-enditem|p2a: Amoonguss|Sitrus Berry|[eat]
|-heal|p2a: Amoonguss|32/100|[from] item: Sitrus Berry
|-damage|p1b: clairo|63/100|[from] item: Life Orb
|move|p1a: man|Facade|p2a: Amoonguss
|-damage|p2a: Amoonguss|0 fnt
|faint|p2a: Amoonguss
|
|win|tbpgerard
||tbpgerard is ready for game 2.
|inactive|ScotNoah has 30 seconds to confirm battle start!
||ScotNoah is ready for game 2.
|uhtml|next|Next: Game 2 of 3
