|j|☆Goat Pincurchin
|j|☆enrico20022002
|html|Goat Pincurchinenrico20022002    
|uhtml|bestof|Game 1 of a best-of-3
|t:|1757782703
|gametype|doubles
|player|p1|Goat Pincurchin|pokemonranger-gen4|1351
|player|p2|enrico20022002|266|1327
|gen|9
|tier|[Gen 9] VGC 2025 Reg H (Bo3)
|rated|
|rule|Species Clause: Limit one of each Pokémon
|rule|Item Clause: Limit 1 of each item
|clearpoke
|poke|p1|Gholdengo, L50|
|poke|p1|Annihilape, L50, M|
|poke|p1|Talonflame, L50, M|
|poke|p1|Ursaluna-Bloodmoon, L50, M|
|poke|p1|Rillaboom, L50, F|
|poke|p1|Volcarona, L50, F|
|poke|p2|Meowscarada, L50, M|
|poke|p2|Primarina, L50, M|
|poke|p2|Magmar, L50, M|
|poke|p2|Zoroark-Hisui, L50, M|
|poke|p2|Garchomp, L50, F|
|poke|p2|Gholdengo, L50|
|teampreview|4
|showteam|p1|Gholdengo||ChoiceSpecs|GoodasGold|MakeItRain,ShadowBall,Thunderbolt,Trick||||||50|,,,,,Steel]Annihilape||SafetyGoggles|Defiant|RageFist,CloseCombat,Taunt,FinalGambit|||M|||50|,,,,,Fire]Talonflame||LifeOrb|GaleWings|BraveBird,FlareBlitz,Protect,Tailwind|||M|||50|,,,,,Flying]Ursaluna-Bloodmoon||AssaultVest|MindsEye|BloodMoon,HyperVoice,EarthPower,VacuumWave|||M|||50|,,,,,Water]Rillaboom||MiracleSeed|GrassySurge|FakeOut,GrassyGlide,DrumBeating,HighHorsepower|||F|||50|,,,,,Fire]Volcarona||SitrusBerry|FlameBody|Overheat,StruggleBug,RagePowder,WillOWisp|||F|||50|,,,,,Fairy
|showteam|p2|Meowscarada||FocusSash|Overgrow|KnockOff,SuckerPunch,FlowerTrick,Protect|||M|||50|,,,,,Grass]Primarina||SitrusBerry|LiquidVoice|HyperVoice,Moonblast,Haze,Protect|||M|||50|,,,,,Poison]Magmar||Eviolite|VitalSpirit|Overheat,Taunt,FollowMe,Protect|||M|||50|,,,,,Ghost]Zoroark-Hisui||ChoiceSpecs|Illusion|HyperVoice,ShadowBall,BitterMalice,FocusBlast|||M|||50|,,,,,Stellar]Garchomp||LifeOrb|RoughSkin|StompingTantrum,Earthquake,DragonClaw,Protect|||F|||50|,,,,,Ground]Gholdengo||Leftovers|GoodasGold|MakeItRain,ShadowBall,NastyPlot,Protect||||||50|,,,,,Water
|inactive|Battle timer is ON: inactive players will automatically lose when time's up. (requested by Goat Pincurchin)
|inactive|enrico20022002 also wants the timer to be on.
|inactive|enrico20022002 has 60 seconds left.
|
|t:|1757782741
|teamsize|p1|4
|teamsize|p2|4
|start
|switch|p1a: Talonflame|Talonflame, L50, M|100/100
|switch|p1b: Gholdengo|Gholdengo, L50|100/100
|switch|p2a: Primarina|Primarina, L50, M, shiny|100/100
|switch|p2b: Gholdengo|Gholdengo, L50|100/100
|turn|1
|
|t:|1757782751
|-terastallize|p1b: Gholdengo|Steel
|move|p1a: Talonflame|Tailwind|p1a: Talonflame
|-sidestart|p1: Goat Pincurchin|move: Tailwind
|move|p1b: Gholdengo|Make It Rain|p2b: Gholdengo|[spread] p2a,p2b
|-damage|p2a: Primarina|18/100
|-damage|p2b: Gholdengo|0 fnt
|-unboost|p1b: Gholdengo|spa|1
|replace|p2b: Zoroark|Zoroark-Hisui, L50, M
|-end|p2b: Zoroark|Illusion
|-enditem|p2a: Primarina|Sitrus Berry|[eat]
|-heal|p2a: Primarina|43/100|[from] item: Sitrus Berry
|faint|p2b: Zoroark
|move|p2a: Primarina|Hyper Voice|p1b: Gholdengo|[spread] p1a,p1b
|-supereffective|p1a: Talonflame
|-damage|p1a: Talonflame|18/100
|-damage|p1b: Gholdengo|69/100
|
|upkeep
|
|t:|1757782762
|switch|p2b: Gholdengo|Gholdengo, L50|100/100
|turn|2
|
|t:|1757782777
|switch|p2a: Meowscarada|Meowscarada, L50, M, shiny|100/100
|move|p2b: Gholdengo|Protect|p2b: Gholdengo
|-singleturn|p2b: Gholdengo|Protect
|move|p1a: Talonflame|Brave Bird|p2b: Gholdengo
|-activate|p2b: Gholdengo|move: Protect
|move|p1b: Gholdengo|Make It Rain|p2b: Gholdengo|[spread] p2a
|-activate|p2b: Gholdengo|move: Protect
|-enditem|p2a: Meowscarada|Focus Sash
|-damage|p2a: Meowscarada|1/100
|-unboost|p1b: Gholdengo|spa|1
|
|upkeep
|turn|3
|
|t:|1757782795
|move|p1a: Talonflame|Protect|p1a: Talonflame
|-singleturn|p1a: Talonflame|Protect
|move|p2a: Meowscarada|Protect|p2a: Meowscarada
|-singleturn|p2a: Meowscarada|Protect
|move|p1b: Gholdengo|Make It Rain|p2b: Gholdengo|[spread] p2b
|-activate|p2a: Meowscarada|move: Protect
|-resisted|p2b: Gholdengo
|-damage|p2b: Gholdengo|77/100
|-unboost|p1b: Gholdengo|spa|1
|move|p2b: Gholdengo|Nasty Plot|p2b: Gholdengo
|-boost|p2b: Gholdengo|spa|2
|
|-heal|p2b: Gholdengo|83/100|[from] item: Leftovers
|upkeep
|turn|4
|
|t:|1757782813
|switch|p1a: Ursaluna|Ursaluna-Bloodmoon, L50, M|100/100
|switch|p2a: Primarina|Primarina, L50, M, shiny|43/100
|move|p1b: Gholdengo|Make It Rain|p2a: Primarina|[spread] p2a,p2b
|-resisted|p2b: Gholdengo
|-damage|p2a: Primarina|6/100
|-damage|p2b: Gholdengo|64/100
|-unboost|p1b: Gholdengo|spa|1
|move|p2b: Gholdengo|Shadow Ball|p1a: Ursaluna
|-immune|p1a: Ursaluna
|
|-heal|p2b: Gholdengo|70/100|[from] item: Leftovers
|-sideend|p1: Goat Pincurchin|move: Tailwind
|upkeep
|turn|5
|
|t:|1757782838
|move|p2a: Primarina|Protect|p2a: Primarina
|-singleturn|p2a: Primarina|Protect
|move|p1b: Gholdengo|Make It Rain|p2b: Gholdengo|[spread] p2b
|-activate|p2a: Primarina|move: Protect
|-resisted|p2b: Gholdengo
|-damage|p2b: Gholdengo|53/100
|-unboost|p1b: Gholdengo|spa|1
|move|p2b: Gholdengo|Make It Rain|p1b: Gholdengo|[spread] p1a,p1b
|-resisted|p1b: Gholdengo
|-damage|p1a: Ursaluna|44/100
|-damage|p1b: Gholdengo|25/100
|-unboost|p2b: Gholdengo|spa|1
|move|p1a: Ursaluna|Earth Power|p2b: Gholdengo
|-supereffective|p2b: Gholdengo
|-damage|p2b: Gholdengo|0 fnt
|faint|p2b: Gholdengo
|
|upkeep
|
|t:|1757782855
|switch|p2b: Meowscarada|Meowscarada, L50, M, shiny|1/100
|turn|6
|
|t:|1757782862
|move|p2b: Meowscarada|Sucker Punch|p1b: Gholdengo
|-damage|p1b: Gholdengo|0 fnt
|faint|p1b: Gholdengo
|move|p1a: Ursaluna|Vacuum Wave|p2a: Primarina
|-resisted|p2a: Primarina
|-damage|p2a: Primarina|0 fnt
|faint|p2a: Primarina
|
|upkeep
|
|t:|1757782867
|switch|p1b: Rillaboom|Rillaboom, L50, F|100/100
|-fieldstart|move: Grassy Terrain|[from] ability: Grassy Surge|[of] p1b: Rillaboom
|turn|7
|
|t:|1757782871
|move|p1b: Rillaboom|Grassy Glide|p2b: Meowscarada
|-resisted|p2b: Meowscarada
|-damage|p2b: Meowscarada|0 fnt
|faint|p2b: Meowscarada
|
|win|Goat Pincurchin
||Goat Pincurchin is ready for game 2.
|l|☆enrico20022002
|player|p2|
||enrico20022002 is ready for game 2.
|uhtml|next|Next: Game 2 of 3
