|j|☆MrMelon125
|j|☆Hariyamamomma
|html|MrMelon125Hariyamamomma    
|uhtml|bestof|Game 2 of a best-of-3
|t:|1784400111
|gametype|doubles
|player|p1|MrMelon125|101|
|player|p2|Hariyamamomma|burgh|
|gen|9
|tier|[Gen 9 Champions] VGC 2026 Reg M-B (Bo3)
|rule|Species Clause: Limit one of each Pokémon
|rule|Item Clause: Limit 1 of each item
|clearpoke
|poke|p1|Raichu, L50, M|
|poke|p1|Samurott-Hisui, L50, F|
|poke|p1|Greninja, L50, F|
|poke|p1|Talonflame, L50, M|
|poke|p1|Altaria, L50, F|
|poke|p1|Scizor, L50, F|
|poke|p2|Gholdengo, L50|
|poke|p2|Whimsicott, L50, F, shiny|
|poke|p2|Kingambit, L50, F|
|poke|p2|Blaziken, L50, M|
|poke|p2|Blastoise, L50, M, shiny|
|poke|p2|Kangaskhan, L50, F|
|teampreview|4
|showteam|p1|Raichu||RaichuniteY|Static|Protect,ZapCannon,Encore,FakeOut|Modest||M|||50|]Samurott-Hisui||LifeOrb|Sharpness|Protect,RazorShell,NightSlash,AquaJet|Adamant||F|||50|]Greninja||Greninjite|Protean|Protect,IceBeam,HydroPump,DarkPulse|Modest||F|||50|]Talonflame||FocusSash|GaleWings|Protect,Tailwind,BraveBird,FlareBlitz|Adamant||M|||50|]Altaria||Leftovers|CloudNine|PerishSong,WillOWisp,Tailwind,SunnyDay|Calm||F|||50|]Scizor||Scizorite|Technician|Protect,SwordsDance,BulletPunch,BugBite|Adamant||F|||50|
|showteam|p2|Gholdengo||LifeOrb|GoodasGold|MakeItRain,ShadowBall,NastyPlot,Protect|Timid|||||50|]Whimsicott||FocusSash|Prankster|Moonblast,Tailwind,Encore,Protect|Timid||F|||50|]Kingambit||BlackGlasses|Defiant|SuckerPunch,KowtowCleave,SwordsDance,Protect|Adamant||F|||50|]Blaziken||Blazikenite|SpeedBoost|CloseCombat,FlareBlitz,RockSlide,Protect|Adamant||M|||50|]Blastoise||Blastoisinite|Torrent|FakeOut,WaterSpout,AuraSphere,DarkPulse|Modest||M|||50|]Kangaskhan||SitrusBerry|Scrappy|FakeOut,HelpingHand,LowKick,ThunderPunch|Impish||F|||50|
|j| frostwandered
|j| sadkoolaid
|j| Milkshook♡
|j| Quackennn
|c|☆Hariyamamomma|glhf :)
|c|☆MrMelon125|glhf
|
|t:|1784400208
|teamsize|p1|4
|teamsize|p2|4
|start
|switch|p1a: Hampter?|Raichu, L50, M|100/100
|switch|p1b: Fluffy Boi|Altaria, L50, F|100/100
|switch|p2a: Byron Scott|Whimsicott, L50, F, shiny|100/100
|switch|p2b: Toi Jerome|Blastoise, L50, M, shiny|100/100
|-ability|p1b: Fluffy Boi|Cloud Nine
|turn|1
|
|t:|1784400254
|move|p2a: Byron Scott|Protect|p2a: Byron Scott
|-singleturn|p2a: Byron Scott|Protect
|move|p1a: Hampter?|Fake Out|p2b: Toi Jerome
|-damage|p2b: Toi Jerome|91/100
|cant|p2b: Toi Jerome|flinch
|move|p1b: Fluffy Boi|Tailwind|p1b: Fluffy Boi
|-sidestart|p1: MrMelon125|move: Tailwind
|
|upkeep
|turn|2
|
|t:|1784400300
|switch|p1a: It's a Crazy|Greninja, L50, F|100/100
|move|p2a: Byron Scott|Encore|p1a: It's a Crazy
|-hint|Since gen 7, Dark is immune to Prankster moves.
|-immune|p1a: It's a Crazy
|move|p1b: Fluffy Boi|Sunny Day|p1b: Fluffy Boi
|-weather|SunnyDay
|move|p2b: Toi Jerome|Water Spout|p1a: It's a Crazy|[spread] p1a,p1b
|-resisted|p1a: It's a Crazy|1
|-resisted|p1b: Fluffy Boi|1
|-damage|p1a: It's a Crazy|65/100
|-damage|p1b: Fluffy Boi|81/100
|
|-weather|SunnyDay|[upkeep]
|-heal|p1b: Fluffy Boi|87/100|[from] item: Leftovers
|upkeep
|turn|3
|
|t:|1784400337
|switch|p1b: BDSP Sux|Scizor, L50, F|100/100
|move|p1a: It's a Crazy|Dark Pulse|p2b: Toi Jerome
|-start|p1a: It's a Crazy|typechange|Dark|[from] ability: Protean
|-damage|p2b: Toi Jerome|50/100g
|move|p2a: Byron Scott|Moonblast|p1b: BDSP Sux
|-resisted|p1b: BDSP Sux|1
|-damage|p1b: BDSP Sux|79/100
|move|p2b: Toi Jerome|Aura Sphere|p1a: It's a Crazy
|-supereffective|p1a: It's a Crazy|1
|-damage|p1a: It's a Crazy|0 fnt
|faint|p1a: It's a Crazy
|
|-weather|SunnyDay|[upkeep]
|upkeep
|
|t:|1784400348
|switch|p1a: Hampter?|Raichu, L50, M|100/100
|turn|4
|
|t:|1784400368
|detailschange|p1a: Hampter?|Raichu-Mega-Y, L50, M
|-mega|p1a: Hampter?|Raichu|Raichunite Y
|move|p2a: Byron Scott|Protect|p2a: Byron Scott
|-singleturn|p2a: Byron Scott|Protect
|move|p1b: BDSP Sux|Bullet Punch|p2a: Byron Scott
|-activate|p2a: Byron Scott|move: Protect
|move|p1a: Hampter?|Zap Cannon|p2b: Toi Jerome
|-supereffective|p2b: Toi Jerome|1
|-damage|p2b: Toi Jerome|0 fnt
|faint|p2b: Toi Jerome
|
|-weather|SunnyDay|[upkeep]
|-sideend|p1: MrMelon125|move: Tailwind
|upkeep
|
|t:|1784400379
|switch|p2b: Kenny Smith|Blaziken, L50, M|100/100
|turn|5
|
|t:|1784400406
|switch|p1a: Fluffy Boi|Altaria, L50, F|87/100
|-ability|p1a: Fluffy Boi|Cloud Nine
|detailschange|p2b: Kenny Smith|Blaziken-Mega, L50, M
|-mega|p2b: Kenny Smith|Blaziken|Blazikenite
|move|p2a: Byron Scott|Tailwind|p2a: Byron Scott
|-sidestart|p2: Hariyamamomma|move: Tailwind
|move|p1b: BDSP Sux|Bullet Punch|p2a: Byron Scott
|-supereffective|p2a: Byron Scott|1
|-enditem|p2a: Byron Scott|Focus Sash
|-damage|p2a: Byron Scott|1/100
|move|p2b: Kenny Smith|Flare Blitz|p1a: Fluffy Boi
|-resisted|p1a: Fluffy Boi|1
|-damage|p1a: Fluffy Boi|53/100
|-damage|p2b: Kenny Smith|86/100|[from] Recoil
|
|-weather|SunnyDay|[upkeep]
|-heal|p1a: Fluffy Boi|59/100|[from] item: Leftovers
|-ability|p2b: Kenny Smith|Speed Boost|boost
|-boost|p2b: Kenny Smith|spe|1
|upkeep
|turn|6
|
|t:|1784400450
|switch|p2a: LeBron James|Kingambit, L50, F|100/100
|move|p1b: BDSP Sux|Bullet Punch|p2a: LeBron James
|-resisted|p2a: LeBron James|1
|-damage|p2a: LeBron James|86/100
|move|p2b: Kenny Smith|Flare Blitz|p1b: BDSP Sux
|-supereffective|p1b: BDSP Sux|2
|-crit|p1b: BDSP Sux
|-damage|p1b: BDSP Sux|0 fnt
|faint|p1b: BDSP Sux
|-damage|p2b: Kenny Smith|61/100|[from] Recoil
|move|p1a: Fluffy Boi|Perish Song|p1a: Fluffy Boi
|-start|p1a: Fluffy Boi|perish3|[silent]
|-start|p2a: LeBron James|perish3|[silent]
|-start|p2b: Kenny Smith|perish3|[silent]
|-fieldactivate|move: Perish Song
|
|-weather|none
|-heal|p1a: Fluffy Boi|65/100|[from] item: Leftovers
|-start|p2b: Kenny Smith|perish3
|-start|p2a: LeBron James|perish3
|-start|p1a: Fluffy Boi|perish3
|-ability|p2b: Kenny Smith|Speed Boost|boost
|-boost|p2b: Kenny Smith|spe|1
|upkeep
|
|t:|1784400456
|switch|p1b: Hampter?|Raichu-Mega-Y, L50, M|100/100
|turn|7
|
|t:|1784400487
|move|p2b: Kenny Smith|Protect|p2b: Kenny Smith
|-singleturn|p2b: Kenny Smith|Protect
|move|p1b: Hampter?|Fake Out|p2b: Kenny Smith
|-activate|p2b: Kenny Smith|move: Protect
|move|p2a: LeBron James|Swords Dance|p2a: LeBron James
|-boost|p2a: LeBron James|atk|2
|move|p1a: Fluffy Boi|Tailwind|p1a: Fluffy Boi
|-sidestart|p1: MrMelon125|move: Tailwind
|
|-heal|p1a: Fluffy Boi|71/100|[from] item: Leftovers
|-start|p2b: Kenny Smith|perish2
|-start|p1a: Fluffy Boi|perish2
|-start|p2a: LeBron James|perish2
|-ability|p2b: Kenny Smith|Speed Boost|boost
|-boost|p2b: Kenny Smith|spe|1
|upkeep
|turn|8
|
|t:|1784400507
|move|p2b: Kenny Smith|Flare Blitz|p1b: Hampter?
|-damage|p1b: Hampter?|0 fnt
|faint|p1b: Hampter?
|-damage|p2b: Kenny Smith|33/100|[from] Recoil
|move|p1a: Fluffy Boi|Will-O-Wisp|p2a: LeBron James|[miss]
|-miss|p1a: Fluffy Boi|p2a: LeBron James
|move|p2a: LeBron James|Kowtow Cleave|p1a: Fluffy Boi
|-damage|p1a: Fluffy Boi|0 fnt
|faint|p1a: Fluffy Boi
|
|win|Hariyamamomma
|c|☆Hariyamamomma|gg!
|c|☆MrMelon125|gg
|l| sadkoolaid
|l| Milkshook♡
|l| frostwandered
