|j|â˜†seb96m
|j|â˜†streetlightking
|html|seb96mstreetlightking    
|uhtml|bestof|Game 3 of a best-of-3
|t:|1755792504
|gametype|doubles
|player|p1|seb96m|265|1186
|player|p2|streetlightking|morty|1282
|gen|9
|tier|[Gen 9] VGC 2025 Reg H (Bo3)
|rated|
|rule|Species Clause: Limit one of each PokÃ©mon
|rule|Item Clause: Limit 1 of each item
|clearpoke
|poke|p1|Annihilape, L50, M|
|poke|p1|Sinistcha-Masterpiece, L50|
|poke|p1|Ninetales-Alola, L50, F|
|poke|p1|Incineroar, L50, F|
|poke|p1|Zoroark-Hisui, L50, M|
|poke|p1|Dragonite, L50, F|
|poke|p2|Dragapult, L50, F|
|poke|p2|Rillaboom, L50, M|
|poke|p2|Kingambit, L50, M|
|poke|p2|Politoed, L50, F|
|poke|p2|Magmar, L50, M|
|poke|p2|Sneasler, L50, M|
|teampreview|4
|showteam|p1|Annihilape||SitrusBerry|Defiant|BulkUp,DrainPunch,RageFist,Protect|||M|||50|,,,,,Steel]Sinistcha-Masterpiece||Leftovers|Hospitality|MatchaGotcha,TrickRoom,LifeDew,RagePowder||||||50|,,,,,Water]Ninetales-Alola||LightClay|SnowWarning|Blizzard,IcicleSpear,Encore,AuroraVeil|||F|||50|,,,,,Ghost]Incineroar||SafetyGoggles|Intimidate|FakeOut,KnockOff,FlareBlitz,PartingShot|||F|||50|,,,,,Ghost]Zoroark-Hisui||FocusSash|Illusion|Snowscape,Psychic,HyperVoice,BitterMalice|||M|||50|,,,,,Ghost]Dragonite||LoadedDice|Multiscale|ScaleShot,Tailwind,ExtremeSpeed,Protect|||F|||50|,,,,,Normal
|showteam|p2|Dragapult||ChoiceBand|ClearBody|DragonDarts,Outrage,PhantomForce,Uturn|||F|||50|,,,,,Dragon]Rillaboom||AssaultVest|GrassySurge|WoodHammer,GrassyGlide,HighHorsepower,FakeOut|||M|||50|,,,,,Fire]Kingambit||SafetyGoggles|Defiant|KowtowCleave,SuckerPunch,SwordsDance,Protect|||M|||50|,,,,,Dark]Politoed||MysticWater|Drizzle|WeatherBall,MuddyWater,Haze,Protect|||F|||50|,,,,,Steel]Magmar||Eviolite|VitalSpirit|Overheat,HelpingHand,FollowMe,Protect|||M|||50|,,,,,Ghost]Sneasler||FocusSash|PoisonTouch|CloseCombat,DireClaw,FakeOut,Protect|||M|||50|,,,,,Stellar
|inactive|Battle timer is ON: inactive players will automatically lose when time's up. (requested by streetlightking)
|inactive|streetlightking has 60 seconds left.
|
|t:|1755792540
|teamsize|p1|4
|teamsize|p2|4
|start
|switch|p1a: Ninetales|Ninetales-Alola, L50, F|100/100
|switch|p1b: Sinistcha|Sinistcha-Masterpiece, L50|100/100
|switch|p2a: Dragapult|Dragapult, L50, F, shiny|100/100
|switch|p2b: Sneasler|Sneasler, L50, M|100/100
|-weather|Snowscape|[from] ability: Snow Warning|[of] p1a: Ninetales
|turn|1
|inactive|seb96m has 30 seconds left.
|inactive|streetlightking has 30 seconds left.
|inactive|seb96m has 20 seconds left.
|inactive|seb96m has 15 seconds left.
|inactive|seb96m has 10 seconds left.
|
|t:|1755792590
|-terastallize|p2b: Sneasler|Stellar
|-terastallize|p1a: Ninetales|Ghost
|move|p2a: Dragapult|U-turn|p1b: Sinistcha
|-resisted|p1b: Sinistcha
|-damage|p1b: Sinistcha|66/100
|replace|p1b: Zoroark|Zoroark-Hisui, L50, M
|-end|p1b: Zoroark|Illusion
|
|t:|1755792596
|switch|p2a: Jimbo|Politoed, L50, F, shiny|100/100|[from] U-turn
|-weather|RainDance|[from] ability: Drizzle|[of] p2a: Jimbo
|move|p2b: Sneasler|Dire Claw|p1b: Zoroark
|-resisted|p1b: Zoroark
|-crit|p1b: Zoroark
|-damage|p1b: Zoroark|0 fnt
|faint|p1b: Zoroark
|move|p1a: Ninetales|Aurora Veil||[still]
|-fail|p1a: Ninetales
|
|-weather|RainDance|[upkeep]
|upkeep
|c|â˜†seb96m|crit
|c|â˜†seb96m|and sleep last game
|
|t:|1755792617
|switch|p1b: Annihilape|Annihilape, L50, M|100/100
|turn|2
|
|t:|1755792637
|switch|p1a: Sinistcha|Sinistcha-Masterpiece, L50|100/100
|move|p2b: Sneasler|Dire Claw|p1b: Annihilape
|-resisted|p1b: Annihilape
|-damage|p1b: Annihilape|82/100
|-status|p1b: Annihilape|par
|move|p2a: Jimbo|Muddy Water|p1b: Annihilape|[spread] p1a,p1b
|-resisted|p1a: Sinistcha
|-damage|p1a: Sinistcha|80/100
|-damage|p1b: Annihilape|44/100 par
|-unboost|p1a: Sinistcha|accuracy|1
|-unboost|p1b: Annihilape|accuracy|1
|-ability|p1b: Annihilape|Defiant|boost
|-boost|p1b: Annihilape|atk|2
|-enditem|p1b: Annihilape|Sitrus Berry|[eat]
|-heal|p1b: Annihilape|69/100 par|[from] item: Sitrus Berry
|move|p1b: Annihilape|Rage Fist|p2a: Jimbo
|-damage|p2a: Jimbo|0 fnt
|faint|p2a: Jimbo
|
|-weather|RainDance|[upkeep]
|-heal|p1a: Sinistcha|86/100|[from] item: Leftovers
|upkeep
|
|t:|1755792659
|switch|p2a: Dragapult|Dragapult, L50, F, shiny|100/100
|turn|3
|
|t:|1755792678
|switch|p2b: Magmar|Magmar, L50, M, shiny|100/100
|switch|p1b: Ninetales|Ninetales-Alola, L50, F, tera:Ghost|100/100
|-weather|Snowscape|[from] ability: Snow Warning|[of] p1b: Ninetales
|move|p2a: Dragapult|Phantom Force||[still]
|-prepare|p2a: Dragapult|Phantom Force
|move|p1a: Sinistcha|Trick Room|p1a: Sinistcha
|-fieldstart|move: Trick Room|[of] p1a: Sinistcha
|
|-weather|Snowscape|[upkeep]
|-heal|p1a: Sinistcha|93/100|[from] item: Leftovers
|upkeep
|turn|4
|inactive|seb96m has 30 seconds left.
|
|t:|1755792707
|move|p1a: Sinistcha|Matcha Gotcha|p2b: Magmar|[spread] p2b
|-miss|p1a: Sinistcha|p2a: Dragapult
|-resisted|p2b: Magmar
|-crit|p2b: Magmar
|-damage|p2b: Magmar|86/100
|-heal|p1a: Sinistcha|99/100|[from] drain|[of] p2b: Magmar
|move|p2b: Magmar|Overheat|p1a: Sinistcha
|-supereffective|p1a: Sinistcha
|-damage|p1a: Sinistcha|19/100
|-unboost|p2b: Magmar|spa|2
|move|p1b: Ninetales|Aurora Veil|p1b: Ninetales
|-sidestart|p1: seb96m|move: Aurora Veil
|move|p2a: Dragapult|Phantom Force|p1b: Ninetales|[from] lockedmove
|-supereffective|p1b: Ninetales
|-damage|p1b: Ninetales|0 fnt
|faint|p1b: Ninetales
|
|-weather|Snowscape|[upkeep]
|-heal|p1a: Sinistcha|25/100|[from] item: Leftovers
|upkeep
|
|t:|1755792723
|switch|p1b: Annihilape|Annihilape, L50, M|69/100 par
|turn|5
|
|t:|1755792733
|move|p2b: Magmar|Follow Me|p2b: Magmar
|-singleturn|p2b: Magmar|move: Follow Me
|move|p1b: Annihilape|Rage Fist|p2b: Magmar
|-damage|p2b: Magmar|21/100
|move|p1a: Sinistcha|Life Dew|p1a: Sinistcha|[spread] p1a,p1b
|-heal|p1a: Sinistcha|50/100
|-heal|p1b: Annihilape|94/100 par
|move|p2a: Dragapult|Phantom Force||[still]
|-prepare|p2a: Dragapult|Phantom Force
|
|-weather|Snowscape|[upkeep]
|-heal|p1a: Sinistcha|56/100|[from] item: Leftovers
|upkeep
|turn|6
|
|t:|1755792752
|move|p2b: Magmar|Helping Hand|p2a: Dragapult
|-singleturn|p2a: Dragapult|Helping Hand|[of] p2b: Magmar
|move|p1a: Sinistcha|Rage Powder|p1a: Sinistcha
|-singleturn|p1a: Sinistcha|move: Rage Powder
|move|p1b: Annihilape|Rage Fist|p2a: Dragapult|[miss]
|-miss|p1b: Annihilape|p2a: Dragapult
|move|p2a: Dragapult|Phantom Force|p1a: Sinistcha|[from] lockedmove
|-supereffective|p1a: Sinistcha
|-damage|p1a: Sinistcha|0 fnt
|faint|p1a: Sinistcha
|
|-weather|Snowscape|[upkeep]
|upkeep
|turn|7
|inactive|streetlightking has 30 seconds left.
|
|t:|1755792780
|switch|p2a: Sneasler|Sneasler, L50, M, tera:Stellar|100/100
|move|p2b: Magmar|Protect|p2b: Magmar
|-singleturn|p2b: Magmar|Protect
|cant|p1b: Annihilape|par
|
|-weather|none
|-fieldend|move: Trick Room
|upkeep
|turn|8
|
|t:|1755792803
|move|p2a: Sneasler|Dire Claw|p1b: Annihilape
|-resisted|p1b: Annihilape
|-damage|p1b: Annihilape|81/100 par
|move|p2b: Magmar|Overheat|p1b: Annihilape
|-damage|p1b: Annihilape|67/100 par
|-unboost|p2b: Magmar|spa|2
|cant|p1b: Annihilape|par
|
|upkeep
|turn|9
|c|â˜†seb96m|bruh
|
|t:|1755792819
|move|p2b: Magmar|Helping Hand|p2a: Sneasler
|-singleturn|p2a: Sneasler|Helping Hand|[of] p2b: Magmar
|move|p2a: Sneasler|Dire Claw|p1b: Annihilape
|-resisted|p1b: Annihilape
|-damage|p1b: Annihilape|45/100 par
|move|p1b: Annihilape|Rage Fist|p2a: Sneasler
|-enditem|p2a: Sneasler|Focus Sash
|-damage|p2a: Sneasler|1/100
|
|upkeep
|turn|10
|
|t:|1755792831
|move|p2b: Magmar|Helping Hand|p2a: Sneasler
|-singleturn|p2a: Sneasler|Helping Hand|[of] p2b: Magmar
|move|p2a: Sneasler|Dire Claw|p1b: Annihilape
|-resisted|p1b: Annihilape
|-damage|p1b: Annihilape|25/100 par
|move|p1b: Annihilape|Rage Fist|p2b: Magmar
|-damage|p2b: Magmar|0 fnt
|faint|p2b: Magmar
|
|upkeep
|
|t:|1755792840
|switch|p2b: Dragapult|Dragapult, L50, F, shiny|100/100
|turn|11
|-message|seb96m forfeited.
|raw|seb96m's rating: 1186 → 1168(-18 for losing)
|raw|streetlightking's rating: 1282 → 1300(+18 for winning)
|
|win|streetlightking
|l|â˜†seb96m
|player|p1|
|c|â˜†streetlightking|gg
