|j|☆jyftgyhg
|j|☆steelag0
|html|jyftgyhgsteelag0    
|uhtml|bestof|Game 1 of a best-of-3
|t:|1782407191
|gametype|doubles
|player|p1|jyftgyhg|101|1082
|player|p2|steelag0|policeman-gen4|1037
|gen|9
|tier|[Gen 9 Champions] VGC 2026 Reg M-B (Bo3)
|rated|
|rule|Species Clause: Limit one of each Pokémon
|rule|Item Clause: Limit 1 of each item
|clearpoke
|poke|p1|Eelektross, L50, F|
|poke|p1|Talonflame, L50, F|
|poke|p1|Garchomp, L50, M|
|poke|p1|Sinistcha, L50|
|poke|p1|Gholdengo, L50|
|poke|p1|Gardevoir, L50, F|
|poke|p2|Hydreigon, L50, F|
|poke|p2|Garchomp, L50, F|
|poke|p2|Metagross, L50|
|poke|p2|Charizard, L50, M|
|poke|p2|Grimmsnarl, L50, M|
|poke|p2|Toxapex, L50, F|
|teampreview|4
|showteam|p1|Eelektross||Eelektrossite|Levitate|Protect,Discharge,Flamethrower,Thunderbolt|Timid||F|||50|]Talonflame||LifeOrb|GaleWings|BraveBird,Tailwind,Protect,FlareBlitz|Naive||F|||50|]Garchomp||ChoiceScarf|RoughSkin|DragonClaw,StompingTantrum,RockSlide,IronHead|Jolly||M|||50|]Sinistcha||SitrusBerry|Hospitality|RagePowder,LifeDew,MatchaGotcha,ShadowBall|Bold|||||50|]Gholdengo||Leftovers|GoodasGold|Protect,ShadowBall,MakeItRain,Surf|Timid|||||50|]Gardevoir||Gardevoirite|Synchronize|Protect,HyperVoice,Psychic,Moonblast|Timid||F|||50|
|showteam|p2|Hydreigon||ChoiceScarf|Levitate|HeatWave,DarkPulse,DracoMeteor,Snarl|Modest||F|||50|]Garchomp||SitrusBerry|RoughSkin|Earthquake,RockSlide,DragonClaw,Protect|Adamant||F|||50|]Metagross||Metagrossite|ClearBody|IronHead,PsychicFangs,BulletPunch,Protect|Adamant|||||50|]Charizard||CharizarditeY|Blaze|Protect,HeatWave,SolarBeam,WeatherBall|Timid||M|||50|]Grimmsnarl||RoseliBerry|Prankster|FakeOut,FoulPlay,Reflect,PartingShot|Sassy||M|||50|]Toxapex||Leftovers|Regenerator|Infestation,Toxic,BanefulBunker,WideGuard|Bold||F|||50|
|
|t:|1782407246
|teamsize|p1|4
|teamsize|p2|4
|start
|switch|p1a: Garchomp|Garchomp, L50, M|100/100
|switch|p1b: Gardevoir|Gardevoir, L50, F|100/100
|switch|p2a: Metagross|Metagross, L50|100/100
|switch|p2b: Grimmsnarl|Grimmsnarl, L50, M|100/100
|turn|1
|
|t:|1782407276
|detailschange|p1b: Gardevoir|Gardevoir-Mega, L50, F
|-mega|p1b: Gardevoir|Gardevoir|Gardevoirite
|detailschange|p2a: Metagross|Metagross-Mega, L50
|-mega|p2a: Metagross|Metagross|Metagrossite
|move|p2b: Grimmsnarl|Fake Out|p1a: Garchomp
|-damage|p1a: Garchomp|88/100
|-damage|p2b: Grimmsnarl|87/100|[from] ability: Rough Skin|[of] p1a: Garchomp
|cant|p1a: Garchomp|flinch
|move|p1b: Gardevoir|Moonblast|p2b: Grimmsnarl
|-supereffective|p2b: Grimmsnarl|1
|-enditem|p2b: Grimmsnarl|Roseli Berry|[eat]
|-enditem|p2b: Grimmsnarl|Roseli Berry|[weaken]
|-damage|p2b: Grimmsnarl|31/100
|move|p2a: Metagross|Psychic Fangs|p1a: Garchomp
|-damage|p1a: Garchomp|14/100
|-damage|p2a: Metagross|87/100|[from] ability: Rough Skin|[of] p1a: Garchomp
|
|upkeep
|turn|2
|
|t:|1782407306
|move|p1b: Gardevoir|Protect|p1b: Gardevoir
|-singleturn|p1b: Gardevoir|Protect
|move|p2a: Metagross|Bullet Punch|p1a: Garchomp
|-damage|p1a: Garchomp|0 fnt
|-damage|p2a: Metagross|75/100|[from] ability: Rough Skin|[of] p1a: Garchomp
|faint|p1a: Garchomp
|move|p2b: Grimmsnarl|Reflect|p2b: Grimmsnarl
|-sidestart|p2: steelag0|Reflect
|
|upkeep
|
|t:|1782407319
|switch|p1a: Gholdengo|Gholdengo, L50|100/100
|turn|3
|
|t:|1782407345
|move|p2a: Metagross|Protect|p2a: Metagross
|-singleturn|p2a: Metagross|Protect
|move|p1b: Gardevoir|Hyper Voice|p2a: Metagross|[spread] p2b
|-activate|p2a: Metagross|move: Protect
|-supereffective|p2b: Grimmsnarl|1
|-damage|p2b: Grimmsnarl|0 fnt
|faint|p2b: Grimmsnarl
|move|p1a: Gholdengo|Shadow Ball|p2a: Metagross
|-activate|p2a: Metagross|move: Protect
|
|upkeep
|
|t:|1782407355
|switch|p2b: Hydreigon|Hydreigon, L50, F|100/100
|turn|4
|
|t:|1782407366
|move|p1a: Gholdengo|Protect|p1a: Gholdengo
|-singleturn|p1a: Gholdengo|Protect
|move|p2b: Hydreigon|Dark Pulse|p1a: Gholdengo
|-activate|p1a: Gholdengo|move: Protect
|move|p1b: Gardevoir|Moonblast|p2b: Hydreigon
|-supereffective|p2b: Hydreigon|2
|-damage|p2b: Hydreigon|0 fnt
|faint|p2b: Hydreigon
|move|p2a: Metagross|Iron Head|p1b: Gardevoir
|-supereffective|p1b: Gardevoir|1
|-damage|p1b: Gardevoir|0 fnt
|faint|p1b: Gardevoir
|
|upkeep
|
|t:|1782407379
|switch|p1b: Talonflame|Talonflame, L50, F|100/100
|switch|p2b: Garchomp|Garchomp, L50, F|100/100
|turn|5
|
|t:|1782407393
|move|p2a: Metagross|Protect|p2a: Metagross
|-singleturn|p2a: Metagross|Protect
|move|p1b: Talonflame|Flare Blitz|p2a: Metagross
|-activate|p2a: Metagross|move: Protect
|move|p1a: Gholdengo|Shadow Ball|p2a: Metagross
|-activate|p2a: Metagross|move: Protect
|move|p2b: Garchomp|Earthquake|p1a: Gholdengo|[spread] p1a
|-activate|p2a: Metagross|move: Protect
|-immune|p1b: Talonflame
|-supereffective|p1a: Gholdengo|1
|-damage|p1a: Gholdengo|4/100
|
|-heal|p1a: Gholdengo|10/100|[from] item: Leftovers
|upkeep
|turn|6
|
|t:|1782407410
|move|p2a: Metagross|Bullet Punch|p1a: Gholdengo
|-resisted|p1a: Gholdengo|1
|-damage|p1a: Gholdengo|0 fnt
|faint|p1a: Gholdengo
|move|p1b: Talonflame|Flare Blitz|p2a: Metagross
|-supereffective|p2a: Metagross|1
|-damage|p2a: Metagross|16/100
|-damage|p1b: Talonflame|76/100|[from] Recoil
|-damage|p1b: Talonflame|67/100|[from] item: Life Orb
|move|p2b: Garchomp|Rock Slide|p1b: Talonflame
|-supereffective|p1b: Talonflame|2
|-damage|p1b: Talonflame|0 fnt
|faint|p1b: Talonflame
|
|win|steelag0
|raw|jyftgyhg's rating: 1082 → 1057(-25 for losing)
|raw|steelag0's rating: 1037 → 1076(+39 for winning)
|l|☆jyftgyhg
|player|p1|
