|j|☆MannMars
|j|☆geardox
|html|MannMarsgeardox    
|uhtml|bestof|Game 1 of a best-of-3
|t:|1756428756
|gametype|doubles
|player|p1|MannMars|rocketgruntf|1126
|player|p2|geardox|169|1154
|gen|9
|tier|[Gen 9] VGC 2025 Reg H (Bo3)
|rated|
|rule|Species Clause: Limit one of each Pokémon
|rule|Item Clause: Limit 1 of each item
|clearpoke
|poke|p1|Tyranitar, L50, F|
|poke|p1|Indeedee, L50, M|
|poke|p1|Excadrill, L50, F|
|poke|p1|Sneasler, L50, M|
|poke|p1|Annihilape, L50, M|
|poke|p1|Sinistcha-Masterpiece, L50|
|poke|p2|Sneasler, L50, M|
|poke|p2|Garchomp, L50, M|
|poke|p2|Corviknight, L50, F|
|poke|p2|Archaludon, L50, M|
|poke|p2|Amoonguss, L50, F|
|poke|p2|Incineroar, L50, F|
|teampreview|4
|showteam|p1|Tyranitar||AssaultVest|SandStream|TeraBlast,KnockOff,RockSlide,LowKick|||F|||50|,,,,,Flying]Indeedee||FocusSash|PsychicSurge|ExpandingForce,TeraBlast,TrickRoom,Imprison|||M|||50|,,,,,Fighting]Excadrill||ClearAmulet|SandRush|Earthquake,IronHead,HighHorsepower,Protect|||F|||50|,,,,,Dragon]Sneasler||PsychicSeed|Unburden|ThroatChop,CloseCombat,DireClaw,Protect|||M|||50|,,,,,Dark]Annihilape||SafetyGoggles|Defiant|FinalGambit,CloseCombat,RageFist,Protect|||M|||50|,,,,,Fire]Sinistcha-Masterpiece||SitrusBerry|Hospitality|RagePowder,MatchaGotcha,PsychUp,ShadowBall||||||50|,,,,,Water
|showteam|p2|Sneasler||FocusSash|Unburden|DireClaw,CloseCombat,ThroatChop,Coaching|||M|||50|,,,,,Ghost]Garchomp||LifeOrb|RoughSkin|Protect,Earthquake,DragonClaw,StompingTantrum|||M|||50|,,,,,Ground]Corviknight||SitrusBerry|MirrorArmor|BraveBird,Tailwind,Roost,Taunt|||F|||50|,,,,,Fire]Archaludon||PowerHerb|Stamina|Protect,DracoMeteor,FlashCannon,ElectroShot|||M|||50|,,,,,Dragon]Amoonguss||RockyHelmet|Regenerator|ClearSmog,RagePowder,Spore,PollenPuff|||F|||50|,,,,,Water]Incineroar||AssaultVest|Intimidate|KnockOff,FlareBlitz,FakeOut,Uturn|||F|||50|,,,,,Ghost
|inactive|Battle timer is ON: inactive players will automatically lose when time's up. (requested by geardox)
|inactive|MannMars has 60 seconds left.
|
|t:|1756428814
|teamsize|p1|4
|teamsize|p2|4
|start
|switch|p1a: Annihilape|Annihilape, L50, M|100/100
|switch|p1b: Indeedee|Indeedee, L50, M|100/100
|switch|p2a: Riku|Sneasler, L50, M|100/100
|switch|p2b: Chica|Corviknight, L50, F|100/100
|-fieldstart|move: Psychic Terrain|[from] ability: Psychic Surge|[of] p1b: Indeedee
|turn|1
|inactive|MannMars has 30 seconds left.
|inactive|geardox has 30 seconds left.
|inactive|geardox has 20 seconds left.
|inactive|geardox has 15 seconds left.
|inactive|geardox has 10 seconds left.
|
|t:|1756428859
|move|p1a: Annihilape|Protect|p1a: Annihilape
|-singleturn|p1a: Annihilape|Protect
|move|p2a: Riku|Coaching|p2b: Chica
|-boost|p2b: Chica|atk|1
|-boost|p2b: Chica|def|1
|move|p1b: Indeedee|Expanding Force|p2a: Riku|[spread] p2a,p2b
|-supereffective|p2a: Riku
|-crit|p2a: Riku
|-resisted|p2b: Chica
|-enditem|p2a: Riku|Focus Sash
|-damage|p2a: Riku|1/100
|-damage|p2b: Chica|82/100
|move|p2b: Chica|Taunt|p1b: Indeedee
|-start|p1b: Indeedee|move: Taunt
|
|upkeep
|turn|2
|inactive|MannMars has 30 seconds left.
|inactive|geardox has 30 seconds left.
|
|t:|1756428889
|-terastallize|p1a: Annihilape|Fire
|move|p2a: Riku|Throat Chop|p1b: Indeedee
|-supereffective|p1b: Indeedee
|-enditem|p1b: Indeedee|Focus Sash
|-damage|p1b: Indeedee|1/100
|-start|p1b: Indeedee|Throat Chop|[silent]
|move|p1b: Indeedee|Expanding Force|p2a: Riku|[spread] p2a,p2b
|-supereffective|p2a: Riku
|-resisted|p2b: Chica
|-damage|p2a: Riku|0 fnt
|-damage|p2b: Chica|62/100
|faint|p2a: Riku
|move|p1a: Annihilape|Rage Fist|p2b: Chica
|-damage|p2b: Chica|50/100
|-enditem|p2b: Chica|Sitrus Berry|[eat]
|-heal|p2b: Chica|75/100|[from] item: Sitrus Berry
|move|p2b: Chica|Brave Bird|p1a: Annihilape
|-damage|p1a: Annihilape|41/100
|-damage|p2b: Chica|55/100|[from] Recoil
|
|upkeep
|
|t:|1756428907
|switch|p2a: Stinky Pete|Garchomp, L50, M|100/100
|turn|3
|inactive|MannMars has 30 seconds left.
|
|t:|1756428935
|move|p2a: Stinky Pete|Earthquake|p1a: Annihilape|[spread] p1a,p1b
|-immune|p2b: Chica
|-supereffective|p1a: Annihilape
|-damage|p1a: Annihilape|0 fnt
|-damage|p1b: Indeedee|0 fnt
|faint|p1a: Annihilape
|faint|p1b: Indeedee
|-damage|p2a: Stinky Pete|91/100|[from] item: Life Orb
|move|p2b: Chica|Tailwind|p2b: Chica
|-sidestart|p2: geardox|move: Tailwind
|
|upkeep
|
|t:|1756428946
|switch|p1b: Sinistcha|Sinistcha-Masterpiece, L50|100/100
|switch|p1a: Sneasler|Sneasler, L50, M|100/100
|-enditem|p1a: Sneasler|Psychic Seed
|-boost|p1a: Sneasler|spd|1|[from] item: Psychic Seed
|turn|4
|
|t:|1756428967
|-terastallize|p2a: Stinky Pete|Ground
|move|p1a: Sneasler|Protect|p1a: Sneasler
|-singleturn|p1a: Sneasler|Protect
|move|p2a: Stinky Pete|Earthquake|p1b: Sinistcha|[spread] p1b
|-activate|p1a: Sneasler|move: Protect
|-immune|p2b: Chica
|-resisted|p1b: Sinistcha
|-damage|p1b: Sinistcha|71/100
|-damage|p2a: Stinky Pete|81/100|[from] item: Life Orb
|move|p2b: Chica|Brave Bird|p1a: Sneasler
|-activate|p1a: Sneasler|move: Protect
|move|p1b: Sinistcha|Shadow Ball|p2b: Chica
|-damage|p2b: Chica|27/100
|
|upkeep
|turn|5
|inactive|MannMars has 30 seconds left.
|
|t:|1756429001
|move|p1a: Sneasler|Close Combat|p2b: Chica
|-damage|p2b: Chica|0 fnt
|-unboost|p1a: Sneasler|def|1
|-unboost|p1a: Sneasler|spd|1
|faint|p2b: Chica
|move|p2a: Stinky Pete|Earthquake|p1a: Sneasler|[spread] p1a,p1b
|-supereffective|p1a: Sneasler
|-resisted|p1b: Sinistcha
|-damage|p1a: Sneasler|0 fnt
|-damage|p1b: Sinistcha|44/100
|-enditem|p1b: Sinistcha|Sitrus Berry|[eat]
|-heal|p1b: Sinistcha|69/100|[from] item: Sitrus Berry
|faint|p1a: Sneasler
|-damage|p2a: Stinky Pete|71/100|[from] item: Life Orb
|move|p1b: Sinistcha|Matcha Gotcha|p2a: Stinky Pete
|-supereffective|p2a: Stinky Pete
|-damage|p2a: Stinky Pete|0 fnt
|-heal|p1b: Sinistcha|100/100|[from] drain|[of] p2a: Stinky Pete
|faint|p2a: Stinky Pete
|
|-fieldend|move: Psychic Terrain
|upkeep
|
|t:|1756429020
|switch|p2b: Incineroar|Incineroar, L50, F|100/100
|-ability|p2b: Incineroar|Intimidate|boost
|-unboost|p1b: Sinistcha|atk|1
|turn|6
|
|t:|1756429028
|move|p2b: Incineroar|Flare Blitz|p1b: Sinistcha
|-supereffective|p1b: Sinistcha
|-damage|p1b: Sinistcha|6/100
|-damage|p2b: Incineroar|73/100|[from] Recoil
|move|p1b: Sinistcha|Shadow Ball|p2b: Incineroar
|-resisted|p2b: Incineroar
|-damage|p2b: Incineroar|61/100
|
|-sideend|p2: geardox|move: Tailwind
|upkeep
|turn|7
|
|t:|1756429036
|move|p2b: Incineroar|Flare Blitz|p1b: Sinistcha
|-supereffective|p1b: Sinistcha
|-damage|p1b: Sinistcha|0 fnt
|faint|p1b: Sinistcha
|-damage|p2b: Incineroar|60/100|[from] Recoil
|
|win|geardox
||MannMars is ready for game 2.
||geardox is ready for game 2.
|uhtml|next|Next: Game 2 of 3
