|j|☆spartyskid
|j|☆Dymin
|html|spartyskidDymin    
|uhtml|bestof|Game 1 of a best-of-3
|t:|1784684844
|gametype|doubles
|player|p1|spartyskid|emmet|1000
|player|p2|Dymin|burglar|1110
|gen|9
|tier|[Gen 9 Champions] VGC 2026 Reg M-B (Bo3)
|rated|
|rule|Species Clause: Limit one of each Pokémon
|rule|Item Clause: Limit 1 of each item
|clearpoke
|poke|p1|Froslass, L50, F|
|poke|p1|Ninetales-Alola, L50, M, shiny|
|poke|p1|Kangaskhan, L50, F|
|poke|p1|Incineroar, L50, F, shiny|
|poke|p1|Sableye, L50, F, shiny|
|poke|p1|Talonflame, L50, F, shiny|
|poke|p2|Golurk, L50|
|poke|p2|Farigiraf, L50, F|
|poke|p2|Decidueye-Hisui, L50, F|
|poke|p2|Whimsicott, L50, M|
|poke|p2|Staraptor, L50, M|
|poke|p2|Sylveon, L50, F|
|teampreview|4
|showteam|p1|Froslass||Froslassite|CursedBody|Blizzard,ShadowBall,AuroraVeil,Protect|Timid||F|||50|]Ninetales-Alola||IcyRock|SnowWarning|Blizzard,DazzlingGleam,FreezeDry,AuroraVeil|Quiet||M|||50|]Kangaskhan||Kangaskhanite|Scrappy|FakeOut,DrainPunch,SuckerPunch,DoubleEdge|Adamant||F|||50|]Incineroar||SitrusBerry|Intimidate|PartingShot,FakeOut,FlareBlitz,Protect|Careful||F|||50|]Sableye||IronBall|Prankster|KnockOff,Trick,Encore,ThunderWave|Bold||F|||50|]Talonflame||FocusSash|GaleWings|Tailwind,BraveBird,Defog,FlareBlitz|Jolly||F|||50|
|showteam|p2|Golurk||Golurkite|IronFist|HeadlongRush,Poltergeist,Protect,RockSlide|Brave|||||50|]Farigiraf||SitrusBerry|ArmorTail|Thunderbolt,TrickRoom,Psychic,Protect|Relaxed||F|||50|]Decidueye-Hisui||ScopeLens|Scrappy|TripleArrows,LeafBlade,Protect,SuckerPunch|Brave||F|||50|]Whimsicott||FocusSash|Prankster|Charm,Encore,TrickRoom,Moonblast|Modest||M|||50|]Staraptor||Staraptite|Intimidate|BraveBird,CloseCombat,Roost,Protect|Adamant||M|||50|]Sylveon||FairyFeather|Pixilate|HyperVoice,Detect,HyperBeam,QuickAttack|Serious||F|||50|
|
|t:|1784684879
|teamsize|p1|4
|teamsize|p2|4
|start
|switch|p1a: Froslass|Froslass, L50, F|100/100
|switch|p1b: Sableye|Sableye, L50, F, shiny|100/100
|switch|p2a: Farigiraf|Farigiraf, L50, F|100/100
|switch|p2b: Decidueye|Decidueye-Hisui, L50, F|100/100
|turn|1
|
|t:|1784684893
|detailschange|p1a: Froslass|Froslass-Mega, L50, F
|-mega|p1a: Froslass|Froslass|Froslassite
|-weather|Snowscape|[from] ability: Snow Warning|[of] p1a: Froslass
|move|p1a: Froslass|Blizzard|p2a: Farigiraf|[spread] p2a,p2b
|-supereffective|p2b: Decidueye|1
|-damage|p2a: Farigiraf|47/100
|-damage|p2b: Decidueye|7/100
|-enditem|p2a: Farigiraf|Sitrus Berry|[eat]
|-heal|p2a: Farigiraf|71/100|[from] item: Sitrus Berry
|move|p2b: Decidueye|Triple Arrows|p1b: Sableye
|-supereffective|p1b: Sableye|1
|-crit|p1b: Sableye
|-damage|p1b: Sableye|0 fnt
|faint|p1b: Sableye
|move|p2a: Farigiraf|Trick Room|p2a: Farigiraf
|-fieldstart|move: Trick Room|[of] p2a: Farigiraf
|
|-weather|Snowscape|[upkeep]
|upkeep
|
|t:|1784684909
|switch|p1b: Kangaskhan|Kangaskhan, L50, F|100/100
|turn|2
|
|t:|1784684932
|move|p2b: Decidueye|Sucker Punch||[still]
|-fail|p2b: Decidueye
|move|p2a: Farigiraf|Psychic|p1b: Kangaskhan
|-damage|p1b: Kangaskhan|52/100
|move|p1b: Kangaskhan|Drain Punch|p2a: Farigiraf
|-damage|p2a: Farigiraf|52/100
|-heal|p1b: Kangaskhan|62/100|[from] drain|[of] p2a: Farigiraf
|move|p1a: Froslass|Aurora Veil|p1a: Froslass
|-sidestart|p1: spartyskid|move: Aurora Veil
|
|-weather|Snowscape|[upkeep]
|upkeep
|turn|3
|
|t:|1784684957
|move|p1a: Froslass|Protect|p1a: Froslass
|-singleturn|p1a: Froslass|Protect
|move|p2a: Farigiraf|Psychic|p1b: Kangaskhan
|-damage|p1b: Kangaskhan|29/100
|move|p2b: Decidueye|Triple Arrows|p1a: Froslass
|-activate|p1a: Froslass|move: Protect
|move|p1b: Kangaskhan|Double-Edge|p2a: Farigiraf
|-damage|p2a: Farigiraf|6/100
|-damage|p1b: Kangaskhan|13/100|[from] Recoil
|
|-weather|Snowscape|[upkeep]
|upkeep
|turn|4
|
|t:|1784684984
|switch|p1a: Incineroar|Incineroar, L50, F, shiny|100/100
|-ability|p1a: Incineroar|Intimidate|boost
|-unboost|p2a: Farigiraf|atk|1
|-fail|p2b: Decidueye|unboost|Attack|[from] ability: Scrappy|[of] p2b: Decidueye
|move|p2b: Decidueye|Triple Arrows|p1a: Incineroar
|-supereffective|p1a: Incineroar|1
|-crit|p1a: Incineroar
|-damage|p1a: Incineroar|0 fnt
|faint|p1a: Incineroar
|move|p2a: Farigiraf|Psychic|p1b: Kangaskhan
|-damage|p1b: Kangaskhan|0 fnt
|faint|p1b: Kangaskhan
|
|-weather|Snowscape|[upkeep]
|upkeep
|
|t:|1784684998
|switch|p1b: Froslass|Froslass-Mega, L50, F|100/100
|turn|5
|
|t:|1784685019
|switch|p2a: Whimsicott|Whimsicott, L50, M|100/100
|move|p1b: Froslass|Protect|p1b: Froslass
|-singleturn|p1b: Froslass|Protect
|move|p2b: Decidueye|Triple Arrows|p1b: Froslass
|-activate|p1b: Froslass|move: Protect
|
|-weather|none
|-fieldend|move: Trick Room
|upkeep
|turn|6
|
|t:|1784685028
|move|p2a: Whimsicott|Encore|p1b: Froslass
|-start|p1b: Froslass|Encore
|move|p1b: Froslass|Protect|p1b: Froslass
|-singleturn|p1b: Froslass|Protect
|move|p2b: Decidueye|Triple Arrows|p1b: Froslass
|-activate|p1b: Froslass|move: Protect
|
|-sideend|p1: spartyskid|move: Aurora Veil
|upkeep
|turn|7
|
|t:|1784685037
|move|p1b: Froslass|Protect|p1b: Froslass
|-singleturn|p1b: Froslass|Protect
|move|p2a: Whimsicott|Moonblast|p1b: Froslass
|-activate|p1b: Froslass|move: Protect
|move|p2b: Decidueye|Triple Arrows|p1b: Froslass
|-activate|p1b: Froslass|move: Protect
|
|upkeep
|turn|8
|
|t:|1784685044
|move|p1b: Froslass|Protect|p1b: Froslass
|-singleturn|p1b: Froslass|Protect
|move|p2a: Whimsicott|Moonblast|p1b: Froslass
|-activate|p1b: Froslass|move: Protect
|move|p2b: Decidueye|Triple Arrows|p1b: Froslass
|-activate|p1b: Froslass|move: Protect
|
|-end|p1b: Froslass|Encore
|upkeep
|turn|9
|c|☆spartyskid|you can't touch me
|
|t:|1784685053
|move|p2a: Whimsicott|Encore|p1b: Froslass
|-start|p1b: Froslass|Encore
|move|p1b: Froslass|Protect||[still]
|-fail|p1b: Froslass
|move|p2b: Decidueye|Triple Arrows|p1b: Froslass
|-supereffective|p1b: Froslass|1
|-damage|p1b: Froslass|0 fnt
|faint|p1b: Froslass
|
|win|Dymin
|c|☆Dymin|LOL
|c|☆Dymin|Damn
||spartyskid is ready for game 2.
|inactive|Dymin has 30 seconds to confirm battle start!
||Dymin is ready for game 2.
|uhtml|next|Next: Game 2 of 3
