|j|☆x-demon18
|j|☆GettingWickedBlow
|html|x-demon18GettingWickedBlow    
|uhtml|bestof|Game 1 of a best-of-3
|t:|1784604392
|gametype|doubles
|player|p1|x-demon18|lucas|1077
|player|p2|GettingWickedBlow|n|1030
|gen|9
|tier|[Gen 9 Champions] VGC 2026 Reg M-B (Bo3)
|rated|
|rule|Species Clause: Limit one of each Pokémon
|rule|Item Clause: Limit 1 of each item
|clearpoke
|poke|p1|Incineroar, L50, M|
|poke|p1|Rotom-Wash, L50|
|poke|p1|Venusaur, L50, M|
|poke|p1|Corviknight, L50, M|
|poke|p1|Sylveon, L50, F|
|poke|p1|Garchomp, L50, M|
|poke|p2|Dragonite, L50, F, shiny|
|poke|p2|Whimsicott, L50, F|
|poke|p2|Charizard, L50, F, shiny|
|poke|p2|Garchomp, L50, F|
|poke|p2|Kingambit, L50, M, shiny|
|poke|p2|Basculegion, L50, M, shiny|
|teampreview|4
|showteam|p1|Incineroar||ExpertBelt|Intimidate|FakeOut,TemperFlare,ThroatChop,PartingShot|Adamant||M|||50|]Rotom-Wash||RindoBerry|Levitate|HydroPump,Electroweb,WillOWisp,VoltSwitch|Modest|||||50|]Venusaur||Venusaurite|Chlorophyll|GigaDrain,SludgeBomb,EarthPower,Protect|Modest||M|||50|]Corviknight||OccaBerry|MirrorArmor|Tailwind,DualWingbeat,IronHead,BodyPress|Adamant||M|||50|]Sylveon||FairyFeather|Pixilate|HyperVoice,QuickAttack,Yawn,Detect|Modest||F|||50|]Garchomp||LifeOrb|RoughSkin|RockSlide,DragonClaw,StompingTantrum,Protect|Jolly||M|||50|
|showteam|p2|Dragonite||Dragoninite|Multiscale|DragonPulse,Thunderbolt,HeatWave,Protect|Timid||F|||50|]Whimsicott||FocusSash|Prankster|Protect,Moonblast,Encore,Tailwind|Modest||F|||50|]Charizard||CharizarditeY|Blaze|HeatWave,WeatherBall,SolarBeam,Protect|Modest||F|||50|]Garchomp||RoseliBerry|RoughSkin|Earthquake,DragonClaw,RockSlide,PoisonJab|Adamant||F|||50|]Kingambit||ChopleBerry|Defiant|IronHead,KowtowCleave,SuckerPunch,Protect|Adamant||M|||50|]Basculegion||SitrusBerry|Adaptability|Protect,WaveCrash,AquaJet,LastRespects|Adamant||M|||50|
|inactive|Battle timer is ON: inactive players will automatically lose when time's up. (requested by GettingWickedBlow)
|inactive|x-demon18 has 60 seconds left.
|inactive|GettingWickedBlow has 60 seconds left.
|inactive|x-demon18 has 30 seconds left.
|inactive|x-demon18 has 20 seconds left.
|inactive|x-demon18 has 15 seconds left.
|inactive|x-demon18 has 10 seconds left.
|
|t:|1784604477
|teamsize|p1|4
|teamsize|p2|4
|start
|switch|p1a: Berserk|Garchomp, L50, M|100/100
|switch|p1b: Frieren|Sylveon, L50, F|100/100
|switch|p2a: Garchomp|Garchomp, L50, F|100/100
|switch|p2b: Kingambit|Kingambit, L50, M, shiny|100/100
|turn|1
|inactive|x-demon18 has 30 seconds left.
|inactive|GettingWickedBlow has 30 seconds left.
|
|t:|1784604515
|move|p2b: Kingambit|Protect|p2b: Kingambit
|-singleturn|p2b: Kingambit|Protect
|move|p1b: Frieren|Detect|p1b: Frieren
|-singleturn|p1b: Frieren|Protect
|move|p1a: Berserk|Dragon Claw|p2a: Garchomp
|-supereffective|p2a: Garchomp|1
|-damage|p2a: Garchomp|3/100
|-damage|p1a: Berserk|87/100|[from] ability: Rough Skin|[of] p2a: Garchomp
|-damage|p1a: Berserk|78/100|[from] item: Life Orb
|move|p2a: Garchomp|Dragon Claw|p1a: Berserk
|-supereffective|p1a: Berserk|1
|-damage|p1a: Berserk|0 fnt
|-damage|p2a: Garchomp|0 fnt|[from] ability: Rough Skin|[of] p1a: Berserk
|faint|p1a: Berserk
|faint|p2a: Garchomp
|
|upkeep
|inactive|GettingWickedBlow has 30 seconds left.
|
|t:|1784604542
|switch|p1a: Yggdrasil|Venusaur, L50, M|100/100
|switch|p2a: Charizard|Charizard, L50, F, shiny|100/100
|turn|2
|
|t:|1784604555
|detailschange|p2a: Charizard|Charizard-Mega-Y, L50, F, shiny
|-mega|p2a: Charizard|Charizard|Charizardite Y
|-weather|SunnyDay|[from] ability: Drought|[of] p2a: Charizard
|detailschange|p1a: Yggdrasil|Venusaur-Mega, L50, M
|-mega|p1a: Yggdrasil|Venusaur|Venusaurite
|move|p2a: Charizard|Heat Wave|p1b: Frieren|[spread] p1a,p1b
|-supereffective|p1a: Yggdrasil|1
|-damage|p1a: Yggdrasil|48/100
|-damage|p1b: Frieren|55/100
|move|p1a: Yggdrasil|Earth Power|p2b: Kingambit
|-supereffective|p2b: Kingambit|1
|-damage|p2b: Kingambit|42/100
|move|p2b: Kingambit|Iron Head|p1b: Frieren
|-supereffective|p1b: Frieren|1
|-damage|p1b: Frieren|0 fnt
|faint|p1b: Frieren
|
|-weather|SunnyDay|[upkeep]
|upkeep
|
|t:|1784604572
|switch|p1b: Wolverine|Incineroar, L50, M|100/100
|-ability|p1b: Wolverine|Intimidate|boost
|-unboost|p2a: Charizard|atk|1
|-unboost|p2b: Kingambit|atk|1
|-ability|p2b: Kingambit|Defiant|boost
|-boost|p2b: Kingambit|atk|2
|turn|3
|
|t:|1784604583
|move|p2a: Charizard|Protect|p2a: Charizard
|-singleturn|p2a: Charizard|Protect
|move|p2b: Kingambit|Protect|p2b: Kingambit
|-singleturn|p2b: Kingambit|Protect
|move|p1b: Wolverine|Fake Out|p2b: Kingambit
|-activate|p2b: Kingambit|move: Protect
|move|p1a: Yggdrasil|Earth Power|p2b: Kingambit
|-activate|p2b: Kingambit|move: Protect
|
|-weather|SunnyDay|[upkeep]
|upkeep
|turn|4
|
|t:|1784604601
|move|p2b: Kingambit|Sucker Punch|p1b: Wolverine
|-resisted|p1b: Wolverine|1
|-damage|p1b: Wolverine|72/100
|move|p2a: Charizard|Weather Ball|p1b: Wolverine
|-resisted|p1b: Wolverine|1
|-damage|p1b: Wolverine|32/100
|move|p1a: Yggdrasil|Sludge Bomb|p2a: Charizard
|-damage|p2a: Charizard|62/100
|move|p1b: Wolverine|Temper Flare|p2b: Kingambit
|-supereffective|p2b: Kingambit|1
|-damage|p2b: Kingambit|0 fnt
|faint|p2b: Kingambit
|
|-weather|SunnyDay|[upkeep]
|upkeep
|
|t:|1784604609
|switch|p2b: Basculegion|Basculegion, L50, M, shiny|100/100
|turn|5
|
|t:|1784604621
|move|p2a: Charizard|Weather Ball|p1a: Yggdrasil
|-supereffective|p1a: Yggdrasil|1
|-damage|p1a: Yggdrasil|0 fnt
|faint|p1a: Yggdrasil
|move|p2b: Basculegion|Wave Crash|p1b: Wolverine
|-supereffective|p1b: Wolverine|1
|-damage|p1b: Wolverine|0 fnt
|faint|p1b: Wolverine
|-damage|p2b: Basculegion|89/100|[from] Recoil
|
|win|GettingWickedBlow
||GettingWickedBlow is ready for game 2.
|inactive|x-demon18 has 30 seconds to confirm battle start!
|inactive|x-demon18 has 20 seconds to confirm battle start!
|l|☆x-demon18
|player|p1|
||x-demon18 is ready for game 2.
|uhtml|next|Next: Game 2 of 3
|l|☆GettingWickedBlow
|player|p2|
|j|☆GettingWickedBlow
|player|p2|GettingWickedBlow|n|
