|j|☆Draco7876
|j|☆gene takavic
|html|Draco7876gene takavic    
|uhtml|bestof|Game 2 of a best-of-3
|t:|1756355655
|gametype|doubles
|player|p1|Draco7876|silver|1096
|player|p2|gene takavic|pryce|1046
|gen|9
|tier|[Gen 9] VGC 2025 Reg H (Bo3)
|rated|
|rule|Species Clause: Limit one of each Pokémon
|rule|Item Clause: Limit 1 of each item
|clearpoke
|poke|p1|Annihilape, L50, M|
|poke|p1|Archaludon, L50, F|
|poke|p1|Pelipper, L50, M|
|poke|p1|Dragapult, L50, F|
|poke|p1|Sneasler, L50, M|
|poke|p1|Rillaboom, L50, F|
|poke|p2|Charizard, L50, M|
|poke|p2|Torkoal, L50, M|
|poke|p2|Porygon2, L50|
|poke|p2|Incineroar, L50, F|
|poke|p2|Jumpluff, L50, F|
|poke|p2|Ursaluna, L50, M|
|teampreview|4
|showteam|p1|Annihilape||SafetyGoggles|Defiant|RageFist,CloseCombat,FinalGambit,Coaching|||M|||50|,,,,,Fire]Archaludon||AssaultVest|Stamina|FlashCannon,ElectroShot,BodyPress,Snarl|||F|||50|,,,,,Ghost]Pelipper||CovertCloak|Drizzle|Hurricane,WeatherBall,Tailwind,Protect|||M|||50|,,,,,Ghost]Dragapult||ChoiceBand|ClearBody|DragonDarts,Uturn,PhantomForce,SuckerPunch|||F|||50|,,,,,Dragon]Sneasler||WhiteHerb|Unburden|DireClaw,CloseCombat,Taunt,Coaching|||M|||50|,,,,,Fighting]Rillaboom||SitrusBerry|GrassySurge|FakeOut,GrassyGlide,BulletSeed,HighHorsepower|||F|||50|,,,,,Grass
|showteam|p2|Charizard||ChoiceSpecs|SolarPower|HeatWave,Overheat,WeatherBall,AirSlash|||M|||50|,,,,,Ghost]Torkoal||EjectPack|Drought|Eruption,Overheat,HelpingHand,Protect|||M|||50|,,,,,Fire]Porygon2||Eviolite|Download|TeraBlast,IceBeam,Recover,TrickRoom||||||50|,,,,,Fighting]Incineroar||SitrusBerry|Intimidate|FlareBlitz,KnockOff,FakeOut,PartingShot|||F|||50|,,,,,Ghost]Jumpluff||CovertCloak|Chlorophyll|SleepPowder,SunnyDay,RagePowder,Tailwind|||F|||50|,,,,,Water]Ursaluna||FlameOrb|Guts|HeadlongRush,Facade,Earthquake,Protect|||M|||50|,,,,,Ghost
|inactive|Battle timer is ON: inactive players will automatically lose when time's up. (requested by gene takavic)
|inactive|Draco7876 also wants the timer to be on.
|
|t:|1756355675
|teamsize|p1|4
|teamsize|p2|4
|start
|switch|p1a: Dragapult|Dragapult, L50, F|100/100
|switch|p1b: Sneasler|Sneasler, L50, M|100/100
|switch|p2a: Porygon2|Porygon2, L50|100/100
|switch|p2b: Incineroar|Incineroar, L50, F|100/100
|-ability|p2b: Incineroar|Intimidate|boost
|-fail|p1a: Dragapult|unboost|[from] ability: Clear Body|[of] p1a: Dragapult
|-unboost|p1b: Sneasler|atk|1
|-ability|p2a: Porygon2|Download|boost
|-boost|p2a: Porygon2|atk|1
|-enditem|p1b: Sneasler|White Herb
|-clearnegativeboost|p1b: Sneasler|[silent]
|turn|1
|
|t:|1756355693
|switch|p1b: Archaludon|Archaludon, L50, F|100/100
|-terastallize|p2a: Porygon2|Fighting
|move|p1a: Dragapult|U-turn|p2a: Porygon2
|-resisted|p2a: Porygon2
|-damage|p2a: Porygon2|88/100
|
|t:|1756355700
|switch|p1a: Sneasler|Sneasler, L50, M|100/100|[from] U-turn
|move|p2b: Incineroar|Knock Off|p1a: Sneasler
|-resisted|p1a: Sneasler
|-damage|p1a: Sneasler|75/100
|move|p2a: Porygon2|Trick Room|p2a: Porygon2
|-fieldstart|move: Trick Room|[of] p2a: Porygon2
|
|upkeep
|turn|2
|inactive|gene takavic has 30 seconds left.
|inactive|gene takavic has 20 seconds left.
|inactive|gene takavic has 15 seconds left.
|inactive|gene takavic has 10 seconds left.
|
|t:|1756355748
|-terastallize|p1b: Archaludon|Ghost
|move|p2a: Porygon2|Tera Blast|p1b: Archaludon|[anim] Tera Blast Fighting
|-immune|p1b: Archaludon
|move|p2b: Incineroar|Flare Blitz|p1a: Sneasler
|-damage|p1a: Sneasler|0 fnt
|faint|p1a: Sneasler
|-damage|p2b: Incineroar|82/100|[from] Recoil
|move|p1b: Archaludon|Snarl|p2a: Porygon2|[spread] p2a,p2b
|-resisted|p2a: Porygon2
|-resisted|p2b: Incineroar
|-damage|p2a: Porygon2|84/100
|-damage|p2b: Incineroar|76/100
|-unboost|p2a: Porygon2|spa|1
|-unboost|p2b: Incineroar|spa|1
|
|upkeep
|
|t:|1756355759
|switch|p1a: Pelipper|Pelipper, L50, M|100/100
|-weather|RainDance|[from] ability: Drizzle|[of] p1a: Pelipper
|turn|3
|
|t:|1756355783
|switch|p2a: Torkoal|Torkoal, L50, M|100/100
|-weather|SunnyDay|[from] ability: Drought|[of] p2a: Torkoal
|switch|p1a: Dragapult|Dragapult, L50, F|100/100
|move|p2b: Incineroar|Knock Off|p1a: Dragapult
|-supereffective|p1a: Dragapult
|-damage|p1a: Dragapult|0 fnt
|-enditem|p1a: Dragapult|Choice Band|[from] move: Knock Off|[of] p2b: Incineroar
|faint|p1a: Dragapult
|move|p1b: Archaludon|Snarl|p2a: Torkoal|[spread] p2a,p2b
|-resisted|p2b: Incineroar
|-damage|p2a: Torkoal|81/100
|-damage|p2b: Incineroar|70/100
|-unboost|p2a: Torkoal|spa|1
|-unboost|p2b: Incineroar|spa|1
|-enditem|p2a: Torkoal|Eject Pack
|
|t:|1756355799
|switch|p2a: Ursaluna|Ursaluna, L50, M|100/100
|
|-weather|SunnyDay|[upkeep]
|-status|p2a: Ursaluna|brn|[from] item: Flame Orb
|upkeep
|
|t:|1756355802
|switch|p1a: Pelipper|Pelipper, L50, M|100/100
|-weather|RainDance|[from] ability: Drizzle|[of] p1a: Pelipper
|turn|4
|
|t:|1756355817
|switch|p2b: Torkoal|Torkoal, L50, M|81/100
|-weather|SunnyDay|[from] ability: Drought|[of] p2b: Torkoal
|move|p2a: Ursaluna|Facade|p1a: Pelipper
|-damage|p1a: Pelipper|0 fnt
|faint|p1a: Pelipper
|move|p1b: Archaludon|Body Press|p2a: Ursaluna
|-supereffective|p2a: Ursaluna
|-damage|p2a: Ursaluna|65/100 brn
|
|-weather|SunnyDay|[upkeep]
|-damage|p2a: Ursaluna|59/100 brn|[from] brn
|upkeep
|turn|5
|
|t:|1756355827
|move|p2b: Torkoal|Helping Hand|p2a: Ursaluna
|-singleturn|p2a: Ursaluna|Helping Hand|[of] p2b: Torkoal
|move|p2a: Ursaluna|Headlong Rush|p1b: Archaludon
|-damage|p1b: Archaludon|0 fnt
|-unboost|p2a: Ursaluna|def|1
|-unboost|p2a: Ursaluna|spd|1
|faint|p1b: Archaludon
|
|win|gene takavic
|raw|Draco7876's rating: 1096 → 1068(-28 for losing)
|raw|gene takavic's rating: 1046 → 1084(+38 for winning)
