|j|☆itssobeak
|j|‽gg wp vgc
|html|itssobeakgg wp vgc    
|uhtml|bestof|Game 2 of a best-of-3
|t:|1784699837
|gametype|doubles
|player|p1|itssobeak|birdkeeper|1298
|player|p2|gg wp vgc|266|1314
|gen|9
|tier|[Gen 9 Champions] VGC 2026 Reg M-B (Bo3)
|rated|
|rule|Species Clause: Limit one of each Pokémon
|rule|Item Clause: Limit 1 of each item
|clearpoke
|poke|p1|Staraptor, L50, F|
|poke|p1|Weavile, L50, M|
|poke|p1|Whimsicott, L50, M|
|poke|p1|Glimmora, L50, M|
|poke|p1|Kingambit, L50, F|
|poke|p1|Sinistcha, L50|
|poke|p2|Staraptor, L50, M|
|poke|p2|Kingambit, L50, M|
|poke|p2|Garchomp, L50, F|
|poke|p2|Delphox, L50, F|
|poke|p2|Whimsicott, L50, F|
|poke|p2|Glimmora, L50, M|
|teampreview|4
|showteam|p1|Staraptor||Staraptite|Intimidate|BraveBird,CloseCombat,Uturn,Protect|Jolly||F|||50|]Weavile||WideLens|Pressure|KnockOff,TripleAxel,Taunt,FakeOut|Jolly||M|||50|]Whimsicott||FocusSash|Prankster|Moonblast,Tailwind,Encore,Tickle|Timid||M|||50|]Glimmora||Glimmoranite|ToxicDebris|PowerGem,SludgeBomb,EarthPower,SpikyShield|Timid||M|||50|]Kingambit||BlackGlasses|Defiant|KowtowCleave,SuckerPunch,SwordsDance,Protect|Adamant||F|||50|]Sinistcha||CobaBerry|Hospitality|MatchaGotcha,RagePowder,LifeDew,Protect|Bold|||||50|
|showteam|p2|Staraptor||Staraptite|Intimidate|CloseCombat,BraveBird,Roost,Protect|Jolly||M|||50|]Kingambit||ChopleBerry|Defiant|KowtowCleave,IronHead,SuckerPunch,LowKick|Adamant||M|||50|]Garchomp||ChoiceScarf|RoughSkin|Earthquake,RockSlide,DragonClaw,StompingTantrum|Adamant||F|||50|]Delphox||Delphoxite|Blaze|HeatWave,Psychic,Encore,Protect|Timid||F|||50|]Whimsicott||OccaBerry|Prankster|Tailwind,Moonblast,Charm,Encore|Timid||F|||50|]Glimmora||FocusSash|ToxicDebris|PowerGem,SludgeBomb,SpikyShield,EarthPower|Timid||M|||50|
|inactive|Battle timer is ON: inactive players will automatically lose when time's up. (requested by itssobeak)
|
|t:|1784699868
|teamsize|p1|4
|teamsize|p2|4
|start
|switch|p1a: Staraptor|Staraptor, L50, F|100/100
|switch|p1b: Whimsicott|Whimsicott, L50, M|100/100
|switch|p2a: Glimmora|Glimmora, L50, M|100/100
|switch|p2b: Whimsicott|Whimsicott, L50, F|100/100
|-ability|p1a: Staraptor|Intimidate|boost
|-unboost|p2a: Glimmora|atk|1
|-unboost|p2b: Whimsicott|atk|1
|turn|1
|inactive|itssobeak has 30 seconds left.
|inactive|itssobeak has 20 seconds left.
|
|t:|1784699905
|move|p2b: Whimsicott|Tailwind|p2b: Whimsicott
|-sidestart|p2: gg wp vgc|move: Tailwind
|move|p1b: Whimsicott|Tailwind|p1b: Whimsicott
|-sidestart|p1: itssobeak|move: Tailwind
|move|p1a: Staraptor|U-turn|p2a: Glimmora
|-resisted|p2a: Glimmora|1
|-damage|p2a: Glimmora|87/100
|-activate|p2a: Glimmora|ability: Toxic Debris
|-sidestart|p1: itssobeak|move: Toxic Spikes
|
|t:|1784699908
|switch|p1a: Weavile|Weavile, L50, M|100/100|[from] U-turn
|-status|p1a: Weavile|psn
|-ability|p1a: Weavile|Pressure
|move|p2a: Glimmora|Sludge Bomb|p1b: Whimsicott
|-supereffective|p1b: Whimsicott|2
|-enditem|p1b: Whimsicott|Focus Sash
|-damage|p1b: Whimsicott|1/100
|-status|p1b: Whimsicott|psn
|
|-damage|p1a: Weavile|87/100 psn|[from] psn
|-damage|p1b: Whimsicott|0 fnt|[from] psn
|faint|p1b: Whimsicott
|upkeep
|
|t:|1784699912
|switch|p1b: Staraptor|Staraptor, L50, F|100/100
|-ability|p1b: Staraptor|Intimidate|boost
|-unboost|p2a: Glimmora|atk|1
|-unboost|p2b: Whimsicott|atk|1
|turn|2
|inactive|gg wp vgc has 30 seconds left.
|
|t:|1784699945
|switch|p2b: Staraptor|Staraptor, L50, M|100/100
|-ability|p2b: Staraptor|Intimidate|boost
|-unboost|p1a: Weavile|atk|1
|-unboost|p1b: Staraptor|atk|1
|detailschange|p1b: Staraptor|Staraptor-Mega, L50, F
|-mega|p1b: Staraptor|Staraptor|Staraptite
|move|p1a: Weavile|Triple Axel|p2b: Staraptor
|-supereffective|p2b: Staraptor|1
|-damage|p2b: Staraptor|80/100
|-supereffective|p2b: Staraptor|1
|-crit|p2b: Staraptor
|-damage|p2b: Staraptor|0 fnt
|faint|p2b: Staraptor
|-hitcount|p2: Staraptor|2
|move|p1b: Staraptor|Close Combat|p2a: Glimmora
|-damage|p2a: Glimmora|40/100
|-boost|p1b: Staraptor|def|1
|-boost|p1b: Staraptor|spd|1
|-activate|p2a: Glimmora|ability: Toxic Debris
|-sidestart|p1: itssobeak|move: Toxic Spikes
|move|p2a: Glimmora|Power Gem|p1a: Weavile
|-supereffective|p1a: Weavile|1
|-damage|p1a: Weavile|0 fnt
|faint|p1a: Weavile
|
|upkeep
|
|t:|1784699969
|switch|p1a: Sinistcha|Sinistcha, L50|100/100
|switch|p2b: Whimsicott|Whimsicott, L50, F|100/100
|-status|p1a: Sinistcha|tox
|turn|3
|
|t:|1784699984
|move|p2b: Whimsicott|Moonblast|p1b: Staraptor
|-supereffective|p1b: Staraptor|1
|-damage|p1b: Staraptor|55/100
|move|p1b: Staraptor|Close Combat|p2a: Glimmora
|-damage|p2a: Glimmora|0 fnt
|-boost|p1b: Staraptor|def|1
|-boost|p1b: Staraptor|spd|1
|faint|p2a: Glimmora
|move|p1a: Sinistcha|Life Dew||[still]|[spread] p1a,p1b
|-fail|p1a: Sinistcha|heal
|-heal|p1b: Staraptor|80/100
|
|-damage|p1a: Sinistcha|93/100 tox|[from] psn
|upkeep
|
|t:|1784699998
|switch|p2a: Garchomp|Garchomp, L50, F|100/100
|turn|4
|
|t:|1784700007
|move|p2a: Garchomp|Rock Slide|p1b: Staraptor|[spread] p1a,p1b
|-damage|p1a: Sinistcha|76/100 tox
|-damage|p1b: Staraptor|70/100
|move|p2b: Whimsicott|Moonblast|p1b: Staraptor
|-supereffective|p1b: Staraptor|1
|-damage|p1b: Staraptor|36/100
|cant|p1b: Staraptor|flinch
|move|p1a: Sinistcha|Matcha Gotcha|p2a: Garchomp|[spread] p2a,p2b
|-resisted|p2b: Whimsicott|1
|-damage|p2a: Garchomp|73/100
|-heal|p1a: Sinistcha|90/100 tox|[from] drain|[of] p2a: Garchomp
|-damage|p2b: Whimsicott|84/100
|-heal|p1a: Sinistcha|97/100 tox|[from] drain|[of] p2b: Whimsicott
|
|-damage|p1a: Sinistcha|85/100 tox|[from] psn
|-sideend|p1: itssobeak|move: Tailwind
|-sideend|p2: gg wp vgc|move: Tailwind
|upkeep
|turn|5
|inactive|itssobeak has 30 seconds left.
|inactive|gg wp vgc has 30 seconds left.
|
|t:|1784700037
|move|p2b: Whimsicott|Encore|p1a: Sinistcha
|-start|p1a: Sinistcha|Encore
|move|p2a: Garchomp|Rock Slide|p1b: Staraptor|[spread] p1a
|-miss|p2a: Garchomp|p1b: Staraptor
|-damage|p1a: Sinistcha|69/100 tox
|move|p1b: Staraptor|Brave Bird|p2b: Whimsicott
|-supereffective|p2b: Whimsicott|1
|-damage|p2b: Whimsicott|0 fnt
|faint|p2b: Whimsicott
|-damage|p1b: Staraptor|9/100|[from] Recoil
|move|p1a: Sinistcha|Matcha Gotcha|p2a: Garchomp
|-damage|p2a: Garchomp|36/100
|-heal|p1a: Sinistcha|88/100 tox|[from] drain|[of] p2a: Garchomp
|
|-damage|p1a: Sinistcha|70/100 tox|[from] psn
|upkeep
|turn|6
|
|t:|1784700056
|move|p1b: Staraptor|Protect|p1b: Staraptor
|-singleturn|p1b: Staraptor|Protect
|move|p2a: Garchomp|Rock Slide|p1a: Sinistcha|[spread] p1a
|-activate|p1b: Staraptor|move: Protect
|-damage|p1a: Sinistcha|53/100 tox
|cant|p1a: Sinistcha|flinch
|
|-damage|p1a: Sinistcha|29/100 tox|[from] psn
|upkeep
|turn|7
|
|t:|1784700067
|move|p2a: Garchomp|Rock Slide|p1a: Sinistcha|[spread] p1a,p1b
|-damage|p1a: Sinistcha|13/100 tox
|-damage|p1b: Staraptor|0 fnt
|faint|p1b: Staraptor
|move|p1a: Sinistcha|Matcha Gotcha|p2a: Garchomp
|-damage|p2a: Garchomp|0 fnt
|-heal|p1a: Sinistcha|32/100 tox|[from] drain|[of] p2a: Garchomp
|faint|p2a: Garchomp
|
|win|itssobeak
