|j|☆Fr0z3nFl4M3
|j|☆joyfulwizard
|html|Fr0z3nFl4M3joyfulwizard    
|uhtml|bestof|Game 2 of a best-of-3
|t:|1782300552
|gametype|doubles
|player|p1|Fr0z3nFl4M3|170|1062
|player|p2|joyfulwizard|266|1117
|gen|9
|tier|[Gen 9 Champions] VGC 2026 Reg M-B (Bo3)
|rated|
|rule|Species Clause: Limit one of each Pokémon
|rule|Item Clause: Limit 1 of each item
|clearpoke
|poke|p1|Greninja, L50, F|
|poke|p1|Incineroar, L50, F|
|poke|p1|Sneasler, L50, M|
|poke|p1|Ninetales-Alola, L50, M|
|poke|p1|Scizor, L50, F|
|poke|p1|Garchomp, L50, F|
|poke|p2|Politoed, L50, M|
|poke|p2|Gengar, L50, M, shiny|
|poke|p2|Sinistcha, L50|
|poke|p2|Incineroar, L50, M|
|poke|p2|Scrafty, L50, M|
|poke|p2|Floette-Eternal, L50, F|
|teampreview|4
|showteam|p1|Greninja||Greninjite|Protean|Blizzard,WaterShuriken,DarkPulse,Protect|Timid||F|||50|]Incineroar||SitrusBerry|Intimidate|FlareBlitz,ThroatChop,FakeOut,PartingShot|Adamant||F|||50|]Sneasler||WhiteHerb|Unburden|DireClaw,CloseCombat,RockTomb,Protect|Naughty||M|||50|]Ninetales-Alola||FocusSash|SnowWarning|Blizzard,AuroraVeil,Moonblast,FreezeDry|Mild||M|||50|]Scizor||Scizorite|Technician|Protect,BulletPunch,BugBite,SwordsDance|Naughty||F|||50|]Garchomp||ChoiceScarf|RoughSkin|StompingTantrum,RockSlide,DragonClaw,Earthquake|Lonely||F|||50|
|showteam|p2|Politoed||SitrusBerry|Drizzle|Protect,WeatherBall,IcyWind,Encore|Modest||M|||50|]Gengar||Gengarite|CursedBody|PerishSong,ShadowBall,Disable,Protect|Timid||M|||50|]Sinistcha||KasibBerry|Hospitality|MatchaGotcha,TrickRoom,RagePowder,Protect|Modest|||||50|]Incineroar||PasshoBerry|Intimidate|Protect,FakeOut,PartingShot,DarkestLariat|Careful||M|||50|]Scrafty||FocusSash|Intimidate|Protect,FakeOut,KnockOff,CloseCombat|Adamant||M|||50|]Floette-Eternal||Floettite|FlowerVeil|Protect,DrainingKiss,CalmMind,DazzlingGleam|Modest||F|||50|
|
|t:|1782300562
|teamsize|p1|4
|teamsize|p2|4
|start
|switch|p1a: Incineroar|Incineroar, L50, F|100/100
|switch|p1b: Sneasler|Sneasler, L50, M|100/100
|switch|p2a: Floette|Floette-Eternal, L50, F|100/100
|switch|p2b: Incineroar|Incineroar, L50, M|100/100
|-ability|p1a: Incineroar|Intimidate|boost
|-unboost|p2a: Floette|atk|1
|-unboost|p2b: Incineroar|atk|1
|-ability|p2b: Incineroar|Intimidate|boost
|-unboost|p1a: Incineroar|atk|1
|-unboost|p1b: Sneasler|atk|1
|-enditem|p1b: Sneasler|White Herb
|-clearnegativeboost|p1b: Sneasler|[silent]
|turn|1
|inactive|Battle timer is ON: inactive players will automatically lose when time's up. (requested by joyfulwizard)
|
|t:|1782300578
|switch|p2b: Scrafty|Scrafty, L50, M|100/100
|-ability|p2b: Scrafty|Intimidate|boost
|-unboost|p1a: Incineroar|atk|1
|-unboost|p1b: Sneasler|atk|1
|detailschange|p2a: Floette|Floette-Mega, L50, F
|-mega|p2a: Floette|Floette|Floettite
|-ability|p2a: Floette|Fairy Aura
|move|p2a: Floette|Protect|p2a: Floette
|-singleturn|p2a: Floette|Protect
|move|p1a: Incineroar|Fake Out|p2b: Scrafty
|-damage|p2b: Scrafty|92/100
|move|p1b: Sneasler|Close Combat|p2b: Scrafty
|-supereffective|p2b: Scrafty|1
|-damage|p2b: Scrafty|0 fnt
|-unboost|p1b: Sneasler|def|1
|-unboost|p1b: Sneasler|spd|1
|faint|p2b: Scrafty
|
|upkeep
|
|t:|1782300582
|switch|p2b: Incineroar|Incineroar, L50, M|100/100
|-ability|p2b: Incineroar|Intimidate|boost
|-unboost|p1a: Incineroar|atk|1
|-unboost|p1b: Sneasler|atk|1
|turn|2
|inactive|Fr0z3nFl4M3 has 30 seconds left.
|
|t:|1782300608
|move|p2b: Incineroar|Fake Out|p1b: Sneasler
|-damage|p1b: Sneasler|75/100
|cant|p1b: Sneasler|flinch
|move|p2a: Floette|Calm Mind|p2a: Floette
|-boost|p2a: Floette|spa|1
|-boost|p2a: Floette|spd|1
|move|p1a: Incineroar|Flare Blitz|p2a: Floette
|-damage|p2a: Floette|72/100
|-damage|p1a: Incineroar|92/100|[from] Recoil
|
|upkeep
|turn|3
|
|t:|1782300623
|move|p2a: Floette|Protect|p2a: Floette
|-singleturn|p2a: Floette|Protect
|move|p1b: Sneasler|Dire Claw|p2a: Floette
|-activate|p2a: Floette|move: Protect
|move|p1a: Incineroar|Parting Shot|p2a: Floette
|-activate|p2a: Floette|move: Protect
|move|p2b: Incineroar|Parting Shot|p1b: Sneasler
|-unboost|p1b: Sneasler|atk|1
|-unboost|p1b: Sneasler|spa|1
|
|t:|1782300632
|switch|p2b: Sinistcha|Sinistcha, L50|100/100|[from] Parting Shot
|-heal|p2a: Floette|97/100|[from] ability: Hospitality|[of] p2b: Sinistcha
|
|upkeep
|turn|4
|
|t:|1782300653
|switch|p2b: Incineroar|Incineroar, L50, M|100/100
|-ability|p2b: Incineroar|Intimidate|boost
|-unboost|p1a: Incineroar|atk|1
|-unboost|p1b: Sneasler|atk|1
|move|p1b: Sneasler|Protect|p1b: Sneasler
|-singleturn|p1b: Sneasler|Protect
|move|p2a: Floette|Draining Kiss|p1b: Sneasler
|-activate|p1b: Sneasler|move: Protect
|move|p1a: Incineroar|Parting Shot|p2b: Incineroar
|-unboost|p2b: Incineroar|atk|1
|-unboost|p2b: Incineroar|spa|1
|
|t:|1782300664
|switch|p1a: Ninetales|Ninetales-Alola, L50, M|100/100|[from] Parting Shot
|-weather|Snowscape|[from] ability: Snow Warning|[of] p1a: Ninetales
|
|-weather|Snowscape|[upkeep]
|upkeep
|turn|5
|
|t:|1782300678
|switch|p1b: Incineroar|Incineroar, L50, F|92/100
|-ability|p1b: Incineroar|Intimidate|boost
|-unboost|p2a: Floette|atk|1
|-unboost|p2b: Incineroar|atk|1
|move|p2b: Incineroar|Fake Out|p1a: Ninetales
|-damage|p1a: Ninetales|93/100
|cant|p1a: Ninetales|flinch
|move|p2a: Floette|Dazzling Gleam|p1b: Incineroar|[spread] p1a,p1b
|-damage|p1a: Ninetales|6/100
|-damage|p1b: Incineroar|18/100
|-enditem|p1b: Incineroar|Sitrus Berry|[eat]
|-heal|p1b: Incineroar|43/100|[from] item: Sitrus Berry
|
|-weather|Snowscape|[upkeep]
|upkeep
|turn|6
|inactive|Fr0z3nFl4M3 has 30 seconds left.
|inactive|joyfulwizard has 30 seconds left.
|
|t:|1782300706
|move|p1b: Incineroar|Fake Out|p2a: Floette
|-damage|p2a: Floette|80/100
|move|p1a: Ninetales|Blizzard|p2a: Floette|[spread] p2a,p2b
|-resisted|p2b: Incineroar|1
|-damage|p2a: Floette|60/100
|-damage|p2b: Incineroar|88/100
|cant|p2a: Floette|flinch
|move|p2b: Incineroar|Parting Shot|p1b: Incineroar
|-unboost|p1b: Incineroar|atk|1
|-unboost|p1b: Incineroar|spa|1
|
|t:|1782300712
|switch|p2b: Sinistcha|Sinistcha, L50|100/100|[from] Parting Shot
|-heal|p2a: Floette|85/100|[from] ability: Hospitality|[of] p2b: Sinistcha
|
|-weather|Snowscape|[upkeep]
|upkeep
|turn|7
|
|t:|1782300727
|switch|p2b: Incineroar|Incineroar, L50, M|88/100
|-ability|p2b: Incineroar|Intimidate|boost
|-unboost|p1a: Ninetales|atk|1
|-unboost|p1b: Incineroar|atk|1
|move|p1a: Ninetales|Blizzard|p2a: Floette|[spread] p2a,p2b
|-resisted|p2b: Incineroar|1
|-damage|p2a: Floette|67/100
|-damage|p2b: Incineroar|76/100
|move|p2a: Floette|Calm Mind|p2a: Floette
|-boost|p2a: Floette|spa|1
|-boost|p2a: Floette|spd|1
|move|p1b: Incineroar|Parting Shot|p2a: Floette
|-unboost|p2a: Floette|atk|1
|-unboost|p2a: Floette|spa|1
|
|t:|1782300738
|switch|p1b: Greninja|Greninja, L50, F|100/100|[from] Parting Shot
|
|-weather|Snowscape|[upkeep]
|upkeep
|turn|8
|
|t:|1782300745
|detailschange|p1b: Greninja|Greninja-Mega, L50, F
|-mega|p1b: Greninja|Greninja|Greninjite
|move|p2b: Incineroar|Fake Out|p1b: Greninja
|-crit|p1b: Greninja
|-damage|p1b: Greninja|74/100
|cant|p1b: Greninja|flinch
|move|p1a: Ninetales|Aurora Veil|p1a: Ninetales
|-sidestart|p1: Fr0z3nFl4M3|move: Aurora Veil
|move|p2a: Floette|Dazzling Gleam|p1a: Ninetales|[spread] p1a,p1b
|-supereffective|p1b: Greninja|1
|-damage|p1a: Ninetales|0 fnt
|-damage|p1b: Greninja|0 fnt
|faint|p1a: Ninetales
|faint|p1b: Greninja
|
|-weather|none
|upkeep
|
|t:|1782300759
|switch|p1b: Incineroar|Incineroar, L50, F|43/100
|switch|p1a: Sneasler|Sneasler, L50, M|75/100
|-ability|p1b: Incineroar|Intimidate|boost
|-unboost|p2a: Floette|atk|1
|-unboost|p2b: Incineroar|atk|1
|turn|9
|
|t:|1782300771
|switch|p2b: Sinistcha|Sinistcha, L50|100/100
|-heal|p2a: Floette|92/100|[from] ability: Hospitality|[of] p2b: Sinistcha
|move|p2a: Floette|Protect|p2a: Floette
|-singleturn|p2a: Floette|Protect
|move|p1b: Incineroar|Fake Out|p2a: Floette
|-activate|p2a: Floette|move: Protect
|move|p1a: Sneasler|Dire Claw|p2a: Floette
|-activate|p2a: Floette|move: Protect
|
|upkeep
|turn|10
|inactive|Fr0z3nFl4M3 has 30 seconds left.
|
|t:|1782300802
|move|p2b: Sinistcha|Rage Powder|p2b: Sinistcha
|-singleturn|p2b: Sinistcha|move: Rage Powder
|move|p1a: Sneasler|Dire Claw|p2b: Sinistcha
|-damage|p2b: Sinistcha|56/100
|move|p2a: Floette|Dazzling Gleam|p1b: Incineroar|[spread] p1a,p1b
|-damage|p1a: Sneasler|7/100
|-damage|p1b: Incineroar|0 fnt
|faint|p1b: Incineroar
|
|upkeep
|turn|11
|
|t:|1782300816
|move|p2b: Sinistcha|Rage Powder|p2b: Sinistcha
|-singleturn|p2b: Sinistcha|move: Rage Powder
|move|p1a: Sneasler|Close Combat|p2b: Sinistcha
|-immune|p2b: Sinistcha
|move|p2a: Floette|Dazzling Gleam|p1a: Sneasler
|-damage|p1a: Sneasler|0 fnt
|faint|p1a: Sneasler
|
|win|joyfulwizard
||Fr0z3nFl4M3 is ready for game 3.
||joyfulwizard is ready for game 3.
|uhtml|next|Next: Game 3 of 3
