|j|☆tt/el.glenko
|j|☆Alphonse_gg
|html|tt/el.glenkoAlphonse_gg    
|uhtml|bestof|Game 2 of a best-of-3
|t:|1783877234
|gametype|doubles
|player|p1|tt/el.glenko|170|
|player|p2|Alphonse_gg|1|
|gen|9
|tier|[Gen 9 Champions] VGC 2026 Reg M-B (Bo3)
|rule|Species Clause: Limit one of each Pokémon
|rule|Item Clause: Limit 1 of each item
|clearpoke
|poke|p1|Pelipper, L50, F|
|poke|p1|Swampert, L50, M|
|poke|p1|Archaludon, L50, M, shiny|
|poke|p1|Basculegion, L50, M|
|poke|p1|Klefki, L50, F|
|poke|p1|Farigiraf, L50, F|
|poke|p2|Blaziken, L50, F|
|poke|p2|Farigiraf, L50, M|
|poke|p2|Venusaur, L50, F|
|poke|p2|Torkoal, L50, M|
|poke|p2|Kingambit, L50, M|
|poke|p2|Grimmsnarl, L50, M|
|teampreview|4
|showteam|p1|Pelipper||FocusSash|Drizzle|Tailwind,Hurricane,WeatherBall,WideGuard|Modest||F|||50|]Swampert||Swampertite|Torrent|Protect,WaveCrash,StompingTantrum,IcePunch|Adamant||M|||50|]Archaludon||Leftovers|Stamina|Protect,ElectroShot,DragonPulse,FlashCannon|Sassy||M|||50|]Basculegion||ChoiceScarf|Adaptability|WaveCrash,LastRespects,FlipTurn,AquaJet|Adamant||M|||50|]Klefki||SitrusBerry|Prankster|FlashCannon,LightScreen,DazzlingGleam,RainDance|Bold||F|||50|]Farigiraf||ColburBerry|SapSipper|SkillSwap,HyperVoice,GrassKnot,TrickRoom|Calm||F|||50|
|showteam|p2|Blaziken||Blazikenite|SpeedBoost|FlareBlitz,CloseCombat,RockSlide,Detect|Adamant||F|||50|]Farigiraf||SitrusBerry|ArmorTail|Psychic,Thunderbolt,HelpingHand,TrickRoom|Relaxed||M|||50|]Venusaur||LifeOrb|Chlorophyll|EnergyBall,SludgeBomb,EarthPower,Protect|Modest||F|||50|]Torkoal||Leftovers|Drought|WeatherBall,Yawn,HelpingHand,Protect|Relaxed||M|||50|]Kingambit||FocusSash|Defiant|KowtowCleave,SuckerPunch,IronHead,Protect|Adamant||M|||50|]Grimmsnarl||LightClay|Prankster|SpiritBreak,Reflect,LightScreen,FakeOut|Careful||M|||50|
|c|☆Alphonse_gg|que tenso la anterior
|c|☆tt/el.glenko|Sí, va 1 -0
|c|☆tt/el.glenko|todo queda en los replay ntp
|c|☆Alphonse_gg|sisi
|
|t:|1783877358
|teamsize|p1|4
|teamsize|p2|4
|start
|switch|p1a: Basculegion|Basculegion, L50, M|100/100
|switch|p1b: Pelipper|Pelipper, L50, F|100/100
|switch|p2a: Grimmsnarl|Grimmsnarl, L50, M|100/100
|switch|p2b: Farigiraf|Farigiraf, L50, M|100/100
|-weather|RainDance|[from] ability: Drizzle|[of] p1b: Pelipper
|turn|1
|
|t:|1783877411
|switch|p1b: Swampert|Swampert, L50, M|100/100
|move|p2a: Grimmsnarl|Reflect|p2a: Grimmsnarl
|-sidestart|p2: Alphonse_gg|Reflect
|move|p1a: Basculegion|Flip Turn|p2b: Farigiraf
|-damage|p2b: Farigiraf|70/100
|
|t:|1783877417
|switch|p1a: Farigiraf|Farigiraf, L50, F|100/100|[from] Flip Turn
|move|p2b: Farigiraf|Trick Room|p2b: Farigiraf
|-fieldstart|move: Trick Room|[of] p2b: Farigiraf
|
|-weather|RainDance|[upkeep]
|upkeep
|turn|2
|
|t:|1783877466
|detailschange|p1b: Swampert|Swampert-Mega, L50, M
|-mega|p1b: Swampert|Swampert|Swampertite
|move|p2b: Farigiraf|Psychic|p1b: Swampert
|-damage|p1b: Swampert|67/100
|move|p2a: Grimmsnarl|Spirit Break|p1b: Swampert
|-damage|p1b: Swampert|43/100
|-unboost|p1b: Swampert|spa|1
|move|p1b: Swampert|Wave Crash|p2b: Farigiraf
|-damage|p2b: Farigiraf|11/100
|-enditem|p2b: Farigiraf|Sitrus Berry|[eat]
|-heal|p2b: Farigiraf|36/100|[from] item: Sitrus Berry
|-damage|p1b: Swampert|21/100|[from] Recoil
|move|p1a: Farigiraf|Trick Room|p1a: Farigiraf
|-fieldend|move: Trick Room
|
|-weather|RainDance|[upkeep]
|upkeep
|turn|3
|
|t:|1783877489
|switch|p2a: Torkoal|Torkoal, L50, M|100/100
|-weather|SunnyDay|[from] ability: Drought|[of] p2a: Torkoal
|move|p1b: Swampert|Protect|p1b: Swampert
|-singleturn|p1b: Swampert|Protect
|move|p1a: Farigiraf|Hyper Voice|p2b: Farigiraf|[spread] p2a,p2b
|-damage|p2a: Torkoal|72/100
|-damage|p2b: Farigiraf|14/100
|move|p2b: Farigiraf|Trick Room|p2b: Farigiraf
|-fieldstart|move: Trick Room|[of] p2b: Farigiraf
|
|-weather|SunnyDay|[upkeep]
|-heal|p2a: Torkoal|79/100|[from] item: Leftovers
|upkeep
|turn|4
|
|t:|1783877512
|switch|p1b: Pelipper|Pelipper, L50, F|100/100
|-weather|RainDance|[from] ability: Drizzle|[of] p1b: Pelipper
|move|p2a: Torkoal|Weather Ball|p1a: Farigiraf
|-damage|p1a: Farigiraf|73/100
|move|p2b: Farigiraf|Psychic|p1b: Pelipper
|-damage|p1b: Pelipper|42/100
|move|p1a: Farigiraf|Hyper Voice|p2a: Torkoal|[spread] p2a,p2b
|-damage|p2a: Torkoal|51/100
|-damage|p2b: Farigiraf|0 fnt
|faint|p2b: Farigiraf
|
|-weather|RainDance|[upkeep]
|-heal|p2a: Torkoal|57/100|[from] item: Leftovers
|upkeep
|
|t:|1783877529
|switch|p2b: Kingambit|Kingambit, L50, M|100/100
|turn|5
|
|t:|1783877572
|move|p2a: Torkoal|Weather Ball|p1a: Farigiraf
|-damage|p1a: Farigiraf|46/100
|move|p2b: Kingambit|Kowtow Cleave|p1a: Farigiraf
|-supereffective|p1a: Farigiraf|1
|-enditem|p1a: Farigiraf|Colbur Berry|[eat]
|-enditem|p1a: Farigiraf|Colbur Berry|[weaken]
|-damage|p1a: Farigiraf|6/100
|move|p1b: Pelipper|Weather Ball|p2b: Kingambit
|-damage|p2b: Kingambit|24/100
|move|p1a: Farigiraf|Trick Room|p1a: Farigiraf
|-fieldend|move: Trick Room
|
|-weather|RainDance|[upkeep]
|-heal|p2a: Torkoal|63/100|[from] item: Leftovers
|upkeep
|turn|6
|
|t:|1783877610
|switch|p2a: Grimmsnarl|Grimmsnarl, L50, M|100/100
|move|p2b: Kingambit|Protect|p2b: Kingambit
|-singleturn|p2b: Kingambit|Protect
|move|p1b: Pelipper|Hurricane|p2b: Kingambit
|-activate|p2b: Kingambit|move: Protect
|move|p1a: Farigiraf|Hyper Voice|p2a: Grimmsnarl|[spread] p2a
|-activate|p2b: Kingambit|move: Protect
|-damage|p2a: Grimmsnarl|76/100
|
|-weather|RainDance|[upkeep]
|upkeep
|turn|7
|
|t:|1783877651
|switch|p1b: Basculegion|Basculegion, L50, M|100/100
|switch|p2b: Torkoal|Torkoal, L50, M|63/100
|-weather|SunnyDay|[from] ability: Drought|[of] p2b: Torkoal
|move|p2a: Grimmsnarl|Spirit Break|p1a: Farigiraf
|-damage|p1a: Farigiraf|0 fnt
|faint|p1a: Farigiraf
|
|-weather|SunnyDay|[upkeep]
|-heal|p2b: Torkoal|70/100|[from] item: Leftovers
|upkeep
|
|t:|1783877671
|switch|p1a: Swampert|Swampert-Mega, L50, M|21/100
|turn|8
|
|t:|1783877695
|move|p1a: Swampert|Protect|p1a: Swampert
|-singleturn|p1a: Swampert|Protect
|move|p2b: Torkoal|Protect|p2b: Torkoal
|-singleturn|p2b: Torkoal|Protect
|move|p1b: Basculegion|Flip Turn|p2a: Grimmsnarl
|-damage|p2a: Grimmsnarl|63/100
|
|t:|1783877701
|switch|p1b: Pelipper|Pelipper, L50, F|42/100|[from] Flip Turn
|-weather|RainDance|[from] ability: Drizzle|[of] p1b: Pelipper
|move|p2a: Grimmsnarl|Spirit Break|p1a: Swampert
|-activate|p1a: Swampert|move: Protect
|
|-weather|RainDance|[upkeep]
|-heal|p2b: Torkoal|76/100|[from] item: Leftovers
|-sideend|p2: Alphonse_gg|Reflect
|upkeep
|turn|9
|
|t:|1783877727
|switch|p2b: Kingambit|Kingambit, L50, M|24/100
|move|p1a: Swampert|Stomping Tantrum|p2a: Grimmsnarl
|-damage|p2a: Grimmsnarl|17/100
|move|p1b: Pelipper|Weather Ball|p2b: Kingambit
|-damage|p2b: Kingambit|0 fnt
|faint|p2b: Kingambit
|move|p2a: Grimmsnarl|Spirit Break|p1a: Swampert
|-damage|p1a: Swampert|0 fnt
|faint|p1a: Swampert
|
|-weather|RainDance|[upkeep]
|upkeep
|
|t:|1783877740
|switch|p2b: Torkoal|Torkoal, L50, M|76/100
|switch|p1a: Basculegion|Basculegion, L50, M|100/100
|-weather|SunnyDay|[from] ability: Drought|[of] p2b: Torkoal
|turn|10
|
|t:|1783877776
|move|p2a: Grimmsnarl|Reflect|p2a: Grimmsnarl
|-sidestart|p2: Alphonse_gg|Reflect
|move|p1a: Basculegion|Last Respects|p2b: Torkoal
|-crit|p2b: Torkoal
|-damage|p2b: Torkoal|0 fnt
|faint|p2b: Torkoal
|move|p1b: Pelipper|Weather Ball|p2a: Grimmsnarl
|-damage|p2a: Grimmsnarl|0 fnt
|faint|p2a: Grimmsnarl
|
|win|tt/el.glenko
||Alphonse_gg is ready for game 3.
||tt/el.glenko is ready for game 3.
|uhtml|next|Next: Game 3 of 3
|l|☆tt/el.glenko
|player|p1|
