|j|☆Buns4U
|j|☆Gibbermish!
|html|Buns4UGibbermish!    
|uhtml|bestof|Game 1 of a best-of-3
|t:|1786207630
|gametype|doubles
|player|p1|Buns4U|169|1040
|player|p2|Gibbermish!|leon|1130
|gen|9
|tier|[Gen 9 Champions] VGC 2026 Reg M-B (Bo3)
|rated|
|rule|Species Clause: Limit one of each Pokémon
|rule|Item Clause: Limit 1 of each item
|clearpoke
|poke|p1|Scovillain, L50, M|
|poke|p1|Mr. Rime, L50, M|
|poke|p1|Raichu, L50, M|
|poke|p1|Talonflame, L50, M|
|poke|p1|Kingambit, L50, F|
|poke|p1|Lycanroc-Dusk, L50, M|
|poke|p2|Pelipper, L50, F|
|poke|p2|Archaludon, L50, F, shiny|
|poke|p2|Venusaur, L50, F|
|poke|p2|Grimmsnarl, L50, M|
|poke|p2|Garchomp, L50, M|
|poke|p2|Basculegion, L50, M|
|teampreview|4
|showteam|p1|Scovillain||SitrusBerry|Moody|Overheat,LeechSeed,RagePowder,Protect|Calm||M|||50|]Mr. Rime||QuickClaw|ScreenCleaner|RolePlay,SheerCold,AllySwitch,Protect|Sassy||M|||50|]Raichu||RaichuniteY|LightningRod|ZapCannon,FocusBlast,FakeOut,Protect|Timid||M|||50|]Talonflame||SharpBeak|GaleWings|FlareBlitz,DualWingbeat,Tailwind,Protect|Jolly||M|||50|]Kingambit||ChopleBerry|Defiant|SuckerPunch,KowtowCleave,Protect,IronHead|Adamant||F|||50|]Lycanroc-Dusk||FocusSash|ToughClaws|Accelerock,CloseCombat,RockSlide,Protect|Jolly||M|||50|
|showteam|p2|Pelipper||FocusSash|Drizzle|WeatherBall,Hurricane,Tailwind,Protect|Timid||F|||50|]Archaludon||Leftovers|Stamina|FlashCannon,ElectroShot,DragonPulse,Protect|Modest||F|||50|]Venusaur||Venusaurite|Overgrow|GigaDrain,SludgeBomb,EarthPower,Protect|Modest||F|||50|]Grimmsnarl||LightClay|Prankster|Reflect,LightScreen,PartingShot,SpiritBreak|Impish||M|||50|]Garchomp||LifeOrb|RoughSkin|DragonClaw,Earthquake,RockSlide,Protect|Jolly||M|||50|]Basculegion||ChoiceScarf|Adaptability|WaveCrash,LastRespects,AquaJet,FlipTurn|Jolly||M|||50|
|inactive|Battle timer is ON: inactive players will automatically lose when time's up. (requested by Gibbermish!)
|inactive|Buns4U has 60 seconds left.
|inactive|Gibbermish! has 60 seconds left.
|
|t:|1786207680
|teamsize|p1|4
|teamsize|p2|4
|start
|switch|p1a: Raichu|Raichu, L50, M|100/100
|switch|p1b: Mr. Rime|Mr. Rime, L50, M|100/100
|switch|p2a: David|Garchomp, L50, M|100/100
|switch|p2b: Teardrop|Basculegion, L50, M|100/100
|turn|1
|-activate|p1b: Mr. Rime|item: Quick Claw
|
|t:|1786207703
|detailschange|p1a: Raichu|Raichu-Mega-Y, L50, M
|-mega|p1a: Raichu|Raichu|Raichunite Y
|move|p1a: Raichu|Fake Out|p2a: David
|-damage|p2a: David|90/100
|-damage|p1a: Raichu|87/100|[from] ability: Rough Skin|[of] p2a: David
|move|p1b: Mr. Rime|Role Play|p1a: Raichu
|-ability|p1b: Mr. Rime|No Guard|Screen Cleaner|[from] move: Role Play|[of] p1a: Raichu
|move|p2b: Teardrop|Wave Crash|p1a: Raichu
|-damage|p1a: Raichu|0 fnt
|faint|p1a: Raichu
|-damage|p2b: Teardrop|80/100|[from] Recoil
|cant|p2a: David|flinch
|
|upkeep
|
|t:|1786207718
|switch|p1a: Scovillain|Scovillain, L50, M|100/100
|turn|2
|-activate|p1b: Mr. Rime|item: Quick Claw
|
|t:|1786207725
|move|p1a: Scovillain|Rage Powder|p1a: Scovillain
|-singleturn|p1a: Scovillain|move: Rage Powder
|move|p1b: Mr. Rime|Sheer Cold|p2a: David
|-damage|p2a: David|0 fnt
|faint|p2a: David
|-ohko
|move|p2b: Teardrop|Wave Crash|p1a: Scovillain
|-damage|p1a: Scovillain|11/100
|-enditem|p1a: Scovillain|Sitrus Berry|[eat]
|-heal|p1a: Scovillain|36/100|[from] item: Sitrus Berry
|-damage|p2b: Teardrop|55/100|[from] Recoil
|
|-ability|p1a: Scovillain|Moody|boost
|-boost|p1a: Scovillain|spa|2
|-unboost|p1a: Scovillain|spd|1
|upkeep
|
|t:|1786207738
|switch|p2a: Remote|Archaludon, L50, F, shiny|100/100
|turn|3
|
|t:|1786207745
|move|p1a: Scovillain|Rage Powder|p1a: Scovillain
|-singleturn|p1a: Scovillain|move: Rage Powder
|move|p2b: Teardrop|Wave Crash|p1a: Scovillain
|-damage|p1a: Scovillain|0 fnt
|faint|p1a: Scovillain
|-damage|p2b: Teardrop|44/100|[from] Recoil
|move|p2a: Remote|Flash Cannon|p1b: Mr. Rime
|-supereffective|p1b: Mr. Rime|1
|-damage|p1b: Mr. Rime|35/100
|move|p1b: Mr. Rime|Sheer Cold|p2a: Remote
|-damage|p2a: Remote|0 fnt
|faint|p2a: Remote
|-ohko
|
|upkeep
|
|t:|1786207758
|switch|p2a: Bubble|Pelipper, L50, F|100/100
|switch|p1a: Lycanroc|Lycanroc-Dusk, L50, M|100/100
|-weather|RainDance|[from] ability: Drizzle|[of] p2a: Bubble
|turn|4
|
|t:|1786207778
|move|p1b: Mr. Rime|Protect|p1b: Mr. Rime
|-singleturn|p1b: Mr. Rime|Protect
|move|p2b: Teardrop|Wave Crash|p1a: Lycanroc
|-supereffective|p1a: Lycanroc|1
|-enditem|p1a: Lycanroc|Focus Sash
|-damage|p1a: Lycanroc|1/100
|-damage|p2b: Teardrop|19/100|[from] Recoil
|move|p1a: Lycanroc|Rock Slide|p2b: Teardrop|[spread] p2a,p2b
|-supereffective|p2a: Bubble|1
|-damage|p2a: Bubble|20/100r
|-damage|p2b: Teardrop|0 fnt
|faint|p2b: Teardrop
|move|p2a: Bubble|Weather Ball|p1a: Lycanroc
|-supereffective|p1a: Lycanroc|1
|-damage|p1a: Lycanroc|0 fnt
|faint|p1a: Lycanroc
|
|-weather|RainDance|[upkeep]
|upkeep
|turn|5
|
|t:|1786207797
|move|p2a: Bubble|Weather Ball|p1b: Mr. Rime
|-damage|p1b: Mr. Rime|0 fnt
|faint|p1b: Mr. Rime
|
|win|Gibbermish!
||Gibbermish! is ready for game 2.
|inactive|Buns4U has 30 seconds to confirm battle start!
|l|☆Buns4U
|player|p1|
