|j|☆reiiji
|j|☆lettitripppp
|html|reiijilettitripppp    
|uhtml|bestof|Game 1 of a best-of-3
|t:|1785515928
|gametype|doubles
|player|p1|reiiji|steven|1097
|player|p2|lettitripppp|lucas|1172
|gen|9
|tier|[Gen 9 Champions] VGC 2026 Reg M-B (Bo3)
|rated|
|rule|Species Clause: Limit one of each Pokémon
|rule|Item Clause: Limit 1 of each item
|clearpoke
|poke|p1|Froslass, L50, F|
|poke|p1|Zoroark-Hisui, L50, F|
|poke|p1|Aurorus, L50, M, shiny|
|poke|p1|Goodra-Hisui, L50, M|
|poke|p1|Samurott-Hisui, L50, F|
|poke|p1|Sinistcha-Masterpiece, L50|
|poke|p2|Charizard, L50, F|
|poke|p2|Glimmora, L50, F|
|poke|p2|Ninetales-Alola, L50, M|
|poke|p2|Whimsicott, L50, F, shiny|
|poke|p2|Kingambit, L50, M, shiny|
|poke|p2|Kommo-o, L50, M|
|teampreview|4
|showteam|p1|Froslass||Froslassite|CursedBody|NastyPlot,Blizzard,ShadowBall,Protect|Timid||F|||50|]Zoroark-Hisui||ChoiceScarf|Illusion|HyperVoice,BitterMalice,Flamethrower,IcyWind|Timid||F|||50|]Aurorus||LightClay|SnowWarning|Blizzard,EarthPower,AuroraVeil,LightScreen|Modest||M|||50|]Goodra-Hisui||Leftovers|Gooey|Shelter,BodyPress,LifeDew,MudShot|Calm||M|||50|]Samurott-Hisui||SitrusBerry|Sharpness|SuckerPunch,AquaCutter,SacredSword,SwordsDance|Jolly||F|||50|]Sinistcha-Masterpiece||FocusSash|Hospitality|MatchaGotcha,RagePowder,TrickRoom,Memento|Relaxed|||||50|
|showteam|p2|Charizard||CharizarditeY|Blaze|WeatherBall,SolarBeam,HeatWave,Protect|Modest||F|||50|]Glimmora||Glimmoranite|ToxicDebris|SludgeBomb,EarthPower,PowerGem,SpikyShield|Timid||F|||50|]Ninetales-Alola||NeverMeltIce|SnowWarning|FreezeDry,Blizzard,Disable,Protect|Timid||M|||50|]Whimsicott||FocusSash|Prankster|Moonblast,Tailwind,Encore,Protect|Timid||F|||50|]Kingambit||BlackGlasses|Defiant|KowtowCleave,SuckerPunch,IronHead,Protect|Adamant||M|||50|]Kommo-o||LifeOrb|Overcoat|ClangingScales,VacuumWave,AuraSphere,Protect|Timid||M|||50|
|inactive|Battle timer is ON: inactive players will automatically lose when time's up. (requested by lettitripppp)
|inactive|reiiji also wants the timer to be on.
|l|☆reiiji
|inactive|reiiji disconnected and has a minute to reconnect!
|player|p1|
|j|☆reiiji
|inactive|reiiji reconnected and has 80 seconds left.
|player|p1|reiiji|steven|
|inactive|reiiji has 60 seconds left.
|inactive|lettitripppp has 60 seconds left.
|c|☆lettitripppp|glhf
|
|t:|1785515988
|teamsize|p1|4
|teamsize|p2|4
|start
|switch|p1a: Goodra|Goodra-Hisui, L50, M|100/100
|switch|p1b: Aurorus|Aurorus, L50, M, shiny|100/100
|switch|p2a: SNOWRUMA|Ninetales-Alola, L50, M|100/100
|switch|p2b: LETS GO GO|Whimsicott, L50, F, shiny|100/100
|-weather|Snowscape|[from] ability: Snow Warning|[of] p2a: SNOWRUMA
|turn|1
|inactive|reiiji has 30 seconds left.
|
|t:|1785516017
|switch|p2a: AGNI|Charizard, L50, F|100/100
|move|p2b: LETS GO GO|Tailwind|p2b: LETS GO GO
|-sidestart|p2: lettitripppp|move: Tailwind
|move|p1a: Goodra|Shelter|p1a: Goodra
|-boost|p1a: Goodra|def|2
|move|p1b: Aurorus|Blizzard|p2b: LETS GO GO|[spread] p2a,p2b
|-supereffective|p2b: LETS GO GO|1
|-damage|p2a: AGNI|56/100
|-enditem|p2b: LETS GO GO|Focus Sash
|-damage|p2b: LETS GO GO|1/100
|
|-weather|Snowscape|[upkeep]
|upkeep
|turn|2
|
|t:|1785516038
|switch|p2b: SOULOLA|Kommo-o, L50, M|100/100
|detailschange|p2a: AGNI|Charizard-Mega-Y, L50, F
|-mega|p2a: AGNI|Charizard|Charizardite Y
|-weather|SunnyDay|[from] ability: Drought|[of] p2a: AGNI
|move|p2a: AGNI|Heat Wave|p1b: Aurorus|[spread] p1b
|-miss|p2a: AGNI|p1a: Goodra
|-damage|p1b: Aurorus|51/100
|move|p1a: Goodra|Life Dew||[still]|[spread] p1a,p1b
|-fail|p1a: Goodra|heal
|-heal|p1b: Aurorus|76/100
|move|p1b: Aurorus|Blizzard|p2b: SOULOLA|[spread] 
|-miss|p1b: Aurorus|p2a: AGNI
|-miss|p1b: Aurorus|p2b: SOULOLA
|
|-weather|SunnyDay|[upkeep]
|upkeep
|turn|3
|inactive|reiiji has 30 seconds left.
|inactive|lettitripppp has 30 seconds left.
|inactive|reiiji has 20 seconds left.
|
|t:|1785516076
|move|p2b: SOULOLA|Aura Sphere|p1b: Aurorus
|-supereffective|p1b: Aurorus|2
|-damage|p1b: Aurorus|0 fnt
|faint|p1b: Aurorus
|-damage|p2b: SOULOLA|90/100|[from] item: Life Orb
|move|p2a: AGNI|Weather Ball|p1a: Goodra
|-damage|p1a: Goodra|55/100
|move|p1a: Goodra|Body Press|p2b: SOULOLA
|-damage|p2b: SOULOLA|56/100
|
|-weather|SunnyDay|[upkeep]
|-heal|p1a: Goodra|60/100|[from] item: Leftovers
|upkeep
|
|t:|1785516079
|switch|p1b: Froslass|Froslass, L50, F|100/100
|turn|4
|
|t:|1785516088
|detailschange|p1b: Froslass|Froslass-Mega, L50, F
|-mega|p1b: Froslass|Froslass|Froslassite
|-weather|Snowscape|[from] ability: Snow Warning|[of] p1b: Froslass
|move|p2b: SOULOLA|Clanging Scales|p1b: Froslass|[spread] p1a,p1b
|-damage|p1a: Goodra|37/100
|-damage|p1b: Froslass|42/100
|-unboost|p2b: SOULOLA|def|1
|-damage|p2b: SOULOLA|46/100|[from] item: Life Orb
|move|p2a: AGNI|Heat Wave|p1b: Froslass|[spread] p1a,p1b
|-crit|p1a: Goodra
|-supereffective|p1b: Froslass|1
|-damage|p1a: Goodra|3/100
|-damage|p1b: Froslass|0 fnt
|faint|p1b: Froslass
|move|p1a: Goodra|Life Dew|p1a: Goodra
|-heal|p1a: Goodra|28/100
|
|-weather|Snowscape|[upkeep]
|-heal|p1a: Goodra|34/100|[from] item: Leftovers
|-sideend|p2: lettitripppp|move: Tailwind
|upkeep
|
|t:|1785516112
|switch|p1b: Samurott|Samurott-Hisui, L50, F|100/100
|turn|5
|inactive|reiiji has 30 seconds left.
|
|t:|1785516138
|switch|p2a: LETS GO GO|Whimsicott, L50, F, shiny|1/100
|move|p2b: SOULOLA|Aura Sphere|p1a: Goodra
|-supereffective|p1a: Goodra|1
|-damage|p1a: Goodra|0 fnt
|faint|p1a: Goodra
|-damage|p2b: SOULOLA|36/100|[from] item: Life Orb
|move|p1b: Samurott|Aqua Cutter|p2a: LETS GO GO
|-resisted|p2a: LETS GO GO|1
|-damage|p2a: LETS GO GO|0 fnt
|faint|p2a: LETS GO GO
|
|-weather|Snowscape|[upkeep]
|upkeep
|
|t:|1785516149
|switch|p2a: SNOWRUMA|Ninetales-Alola, L50, M|100/100
|turn|6
|
|t:|1785516157
|move|p1b: Samurott|Sucker Punch|p2b: SOULOLA
|-resisted|p2b: SOULOLA|1
|-damage|p2b: SOULOLA|11/100
|move|p2a: SNOWRUMA|Freeze-Dry|p1b: Samurott
|-supereffective|p1b: Samurott|1
|-damage|p1b: Samurott|0 fnt
|faint|p1b: Samurott
|
|win|lettitripppp
|c|☆lettitripppp|gg
|l|☆reiiji
|player|p1|
||lettitripppp is ready for game 2.
