|j|☆Richiskz
|j|☆KChiefs7
|html|RichiskzKChiefs7    
|uhtml|bestof|Game 1 of a best-of-3
|t:|1757690407
|gametype|doubles
|player|p1|Richiskz|266|1111
|player|p2|KChiefs7|swimmer-gen4|1119
|gen|9
|tier|[Gen 9] VGC 2025 Reg H (Bo3)
|rated|
|rule|Species Clause: Limit one of each Pokémon
|rule|Item Clause: Limit 1 of each item
|clearpoke
|poke|p1|Rillaboom, L50, F|
|poke|p1|Electabuzz, L50, F|
|poke|p1|Dragonite, L50, M|
|poke|p1|Volcarona, L50, F|
|poke|p1|Kingambit, L50, F|
|poke|p1|Sneasler, L50, M|
|poke|p2|Ursaluna, L50, F|
|poke|p2|Gholdengo, L50|
|poke|p2|Amoonguss, L50, F|
|poke|p2|Porygon2, L50|
|poke|p2|Incineroar, L50, F|
|poke|p2|Flamigo, L50, M|
|teampreview|4
|showteam|p1|Rillaboom||AssaultVest|GrassySurge|WoodHammer,GrassyGlide,HighHorsepower,FakeOut|||F|||50|,,,,,Fire]Electabuzz||Eviolite|VitalSpirit|Thunderbolt,FollowMe,Taunt,Protect|||F|||50|,,,,,Ghost]Dragonite||LoadedDice|Multiscale|ScaleShot,ExtremeSpeed,Haze,Protect|||M|||50|,,,,,Fairy]Volcarona||Leftovers|FlameBody|HeatWave,TeraBlast,QuiverDance,Protect|||F|||50|,,,,,Fairy]Kingambit||BlackGlasses|Defiant|KowtowCleave,SuckerPunch,SwordsDance,Protect|||F|||50|,,,,,Dark]Sneasler||FocusSash|PoisonTouch|CloseCombat,DireClaw,Coaching,FakeOut|||M|||50|,,,,,Ghost
|showteam|p2|Ursaluna||FlameOrb|Guts|Facade,Earthquake,Substitute,Protect|||F|||50|,,,,,Ghost]Gholdengo||LifeOrb|GoodasGold|MakeItRain,ShadowBall,NastyPlot,Protect||||||50|,,,,,Water]Amoonguss||SitrusBerry|Regenerator|RagePowder,Spore,PollenPuff,Protect|||F|||50|,,,,,Fairy]Porygon2||Eviolite|Download|Thunderbolt,IceBeam,Recover,TrickRoom||||||50|,,,,,Flying]Incineroar||AssaultVest|Intimidate|FlareBlitz,KnockOff,FakeOut,Uturn|||F|||50|,,,,,Grass]Flamigo||FocusSash|Scrappy|CloseCombat,BraveBird,WideGuard,Detect|||M|||50|,,,,,Stellar
|inactive|Battle timer is ON: inactive players will automatically lose when time's up. (requested by KChiefs7)
|inactive|Richiskz has 60 seconds left.
|inactive|KChiefs7 has 60 seconds left.
|
|t:|1757690448
|teamsize|p1|4
|teamsize|p2|4
|start
|switch|p1a: Kingambit|Kingambit, L50, F, shiny|100/100
|switch|p1b: Sneasler|Sneasler, L50, M, shiny|100/100
|switch|p2a: Flamigo|Flamigo, L50, M|100/100
|switch|p2b: Amoonguss|Amoonguss, L50, F, shiny|100/100
|turn|1
|inactive|Richiskz has 30 seconds left.
|inactive|KChiefs7 has 30 seconds left.
|inactive|Richiskz has 20 seconds left.
|inactive|Richiskz has 15 seconds left.
|inactive|Richiskz has 10 seconds left.
|inactive|KChiefs7 has 20 seconds left.
|
|t:|1757690494
|move|p1b: Sneasler|Fake Out|p2a: Flamigo
|-damage|p2a: Flamigo|81/100
|cant|p2a: Flamigo|flinch
|move|p1a: Kingambit|Kowtow Cleave|p2b: Amoonguss
|-damage|p2b: Amoonguss|51/100
|move|p2b: Amoonguss|Spore|p1b: Sneasler
|-status|p1b: Sneasler|slp|[from] move: Spore
|
|upkeep
|turn|2
|inactive|Richiskz has 30 seconds left.
|inactive|KChiefs7 has 30 seconds left.
|
|t:|1757690528
|switch|p2b: Porygon2|Porygon2, L50|100/100
|-ability|p2b: Porygon2|Download|boost
|-boost|p2b: Porygon2|spa|1
|move|p2a: Flamigo|Detect|p2a: Flamigo
|-singleturn|p2a: Flamigo|Protect
|move|p1a: Kingambit|Protect|p1a: Kingambit
|-singleturn|p1a: Kingambit|Protect
|cant|p1b: Sneasler|slp
|
|upkeep
|turn|3
|
|t:|1757690545
|switch|p1a: Dragonite|Dragonite, L50, M, shiny|100/100
|-curestatus|p1b: Sneasler|slp|[msg]
|move|p1b: Sneasler|Dire Claw|p2a: Flamigo
|-damage|p2a: Flamigo|19/100
|-status|p2a: Flamigo|par
|move|p2a: Flamigo|Close Combat|p1a: Dragonite
|-resisted|p1a: Dragonite
|-damage|p1a: Dragonite|83/100
|-unboost|p2a: Flamigo|def|1
|-unboost|p2a: Flamigo|spd|1
|move|p2b: Porygon2|Trick Room|p2b: Porygon2
|-fieldstart|move: Trick Room|[of] p2b: Porygon2
|
|upkeep
|turn|4
|inactive|Richiskz has 30 seconds left.
|inactive|KChiefs7 has 30 seconds left.
|
|t:|1757690576
|move|p1a: Dragonite|Protect|p1a: Dragonite
|-singleturn|p1a: Dragonite|Protect
|cant|p2a: Flamigo|par
|move|p2b: Porygon2|Ice Beam|p1a: Dragonite
|-activate|p1a: Dragonite|move: Protect
|move|p1b: Sneasler|Coaching|p1a: Dragonite
|-boost|p1a: Dragonite|atk|1
|-boost|p1a: Dragonite|def|1
|
|upkeep
|turn|5
|inactive|KChiefs7 has 30 seconds left.
|inactive|Richiskz has 30 seconds left.
|
|t:|1757690621
|switch|p2a: Amoonguss|Amoonguss, L50, F, shiny|85/100
|-terastallize|p1a: Dragonite|Fairy
|move|p2b: Porygon2|Ice Beam|p1a: Dragonite
|-damage|p1a: Dragonite|33/100
|move|p1a: Dragonite|Scale Shot|p2b: Porygon2
|-damage|p2b: Porygon2|86/100
|-damage|p2b: Porygon2|74/100
|-damage|p2b: Porygon2|61/100
|-damage|p2b: Porygon2|49/100
|-damage|p2b: Porygon2|36/100
|-hitcount|p2b: Porygon2|5
|-unboost|p1a: Dragonite|def|1
|-boost|p1a: Dragonite|spe|1
|move|p1b: Sneasler|Dire Claw|p2b: Porygon2
|-damage|p2b: Porygon2|7/100
|-status|p2b: Porygon2|psn|[from] ability: Poison Touch|[of] p1b: Sneasler
|
|-damage|p2b: Porygon2|0 fnt|[from] psn
|faint|p2b: Porygon2
|upkeep
|
|t:|1757690637
|switch|p2b: Ursaluna|Ursaluna, L50, F|100/100
|turn|6
|inactive|Richiskz has 30 seconds left.
|inactive|Richiskz has 20 seconds left.
|
|t:|1757690676
|-terastallize|p2a: Amoonguss|Fairy
|move|p1a: Dragonite|Extreme Speed|p2a: Amoonguss
|-damage|p2a: Amoonguss|46/100
|-enditem|p2a: Amoonguss|Sitrus Berry|[eat]
|-heal|p2a: Amoonguss|71/100|[from] item: Sitrus Berry
|move|p2b: Ursaluna|Substitute|p2b: Ursaluna
|-start|p2b: Ursaluna|Substitute
|-damage|p2b: Ursaluna|76/100
|move|p2a: Amoonguss|Spore|p1b: Sneasler
|-status|p1b: Sneasler|slp|[from] move: Spore
|cant|p1b: Sneasler|slp
|
|-status|p2b: Ursaluna|brn|[from] item: Flame Orb
|upkeep
|turn|7
|inactive|KChiefs7 has 30 seconds left.
|inactive|KChiefs7 has 20 seconds left.
|
|t:|1757690712
|switch|p2a: Flamigo|Flamigo, L50, M|19/100 par
|move|p1a: Dragonite|Protect|p1a: Dragonite
|-singleturn|p1a: Dragonite|Protect
|move|p2b: Ursaluna|Earthquake|p1b: Sneasler|[spread] p1b
|-activate|p1a: Dragonite|move: Protect
|-immune|p2a: Flamigo
|-supereffective|p1b: Sneasler
|-enditem|p1b: Sneasler|Focus Sash
|-damage|p1b: Sneasler|1/100 slp
|cant|p1b: Sneasler|slp
|
|-damage|p2b: Ursaluna|70/100 brn|[from] brn
|-fieldend|move: Trick Room
|upkeep
|turn|8
|
|t:|1757690734
|switch|p2a: Amoonguss|Amoonguss, L50, F, shiny, tera:Fairy|100/100
|move|p2b: Ursaluna|Protect|p2b: Ursaluna
|-singleturn|p2b: Ursaluna|Protect
|move|p1a: Dragonite|Scale Shot|p2b: Ursaluna
|-activate|p2b: Ursaluna|move: Protect
|-curestatus|p1b: Sneasler|slp|[msg]
|move|p1b: Sneasler|Dire Claw|p2a: Amoonguss
|-supereffective|p2a: Amoonguss
|-damage|p2a: Amoonguss|21/100
|
|-damage|p2b: Ursaluna|64/100 brn|[from] brn
|upkeep
|turn|9
|
|t:|1757690758
|switch|p2a: Flamigo|Flamigo, L50, M|19/100 par
|move|p1a: Dragonite|Scale Shot|p2b: Ursaluna|[miss]
|-miss|p1a: Dragonite|p2b: Ursaluna
|move|p1b: Sneasler|Close Combat|p2b: Ursaluna
|-supereffective|p2b: Ursaluna
|-end|p2b: Ursaluna|Substitute
|-unboost|p1b: Sneasler|def|1
|-unboost|p1b: Sneasler|spd|1
|move|p2b: Ursaluna|Earthquake|p1b: Sneasler|[spread] p1a,p1b
|-immune|p2a: Flamigo
|-supereffective|p1b: Sneasler
|-damage|p1a: Dragonite|0 fnt
|-damage|p1b: Sneasler|0 fnt
|faint|p1a: Dragonite
|faint|p1b: Sneasler
|
|-damage|p2b: Ursaluna|58/100 brn|[from] brn
|upkeep
|
|t:|1757690775
|switch|p1b: Volcarona|Volcarona, L50, F, shiny|100/100
|switch|p1a: Kingambit|Kingambit, L50, F, shiny|100/100
|turn|10
|inactive|KChiefs7 has 30 seconds left.
|inactive|KChiefs7 has 20 seconds left.
|inactive|KChiefs7 has 15 seconds left.
|inactive|KChiefs7 has 10 seconds left.
|
|t:|1757690825
|move|p2a: Flamigo|Detect|p2a: Flamigo
|-singleturn|p2a: Flamigo|Protect
|move|p1a: Kingambit|Sucker Punch|p2b: Ursaluna
|-damage|p2b: Ursaluna|26/100 brn
|move|p1b: Volcarona|Heat Wave|p2a: Flamigo|[spread] p2b
|-activate|p2a: Flamigo|move: Protect
|-damage|p2b: Ursaluna|1/100 brn
|move|p2b: Ursaluna|Earthquake|p1a: Kingambit|[spread] p1a,p1b
|-activate|p2a: Flamigo|move: Protect
|-supereffective|p1a: Kingambit
|-damage|p1a: Kingambit|0 fnt
|-damage|p1b: Volcarona|11/100
|faint|p1a: Kingambit
|
|-heal|p1b: Volcarona|18/100|[from] item: Leftovers
|-damage|p2b: Ursaluna|0 fnt|[from] brn
|faint|p2b: Ursaluna
|upkeep
|
|t:|1757690836
|switch|p2b: Amoonguss|Amoonguss, L50, F, shiny, tera:Fairy|54/100
|turn|11
|
|t:|1757690858
|move|p1b: Volcarona|Protect|p1b: Volcarona
|-singleturn|p1b: Volcarona|Protect
|move|p2a: Flamigo|Brave Bird|p1b: Volcarona
|-activate|p1b: Volcarona|move: Protect
|move|p2b: Amoonguss|Spore|p1b: Volcarona
|-activate|p1b: Volcarona|move: Protect
|
|-heal|p1b: Volcarona|24/100|[from] item: Leftovers
|upkeep
|turn|12
|
|t:|1757690869
|move|p2a: Flamigo|Detect|p2a: Flamigo
|-singleturn|p2a: Flamigo|Protect
|move|p1b: Volcarona|Heat Wave|p2b: Amoonguss|[spread] p2b
|-activate|p2a: Flamigo|move: Protect
|-damage|p2b: Amoonguss|29/100
|move|p2b: Amoonguss|Spore|p1b: Volcarona
|-status|p1b: Volcarona|slp|[from] move: Spore
|
|-heal|p1b: Volcarona|30/100 slp|[from] item: Leftovers
|upkeep
|turn|13
|
|t:|1757690892
|cant|p1b: Volcarona|slp
|cant|p2a: Flamigo|par
|move|p2b: Amoonguss|Pollen Puff|p2a: Flamigo
|-heal|p2a: Flamigo|69/100 par
|
|-heal|p1b: Volcarona|36/100 slp|[from] item: Leftovers
|upkeep
|turn|14
|
|t:|1757690906
|cant|p1b: Volcarona|slp
|move|p2a: Flamigo|Brave Bird|p1b: Volcarona
|-supereffective|p1b: Volcarona
|-damage|p1b: Volcarona|0 fnt
|faint|p1b: Volcarona
|-damage|p2a: Flamigo|55/100 par|[from] Recoil
|
|win|KChiefs7
||Richiskz is ready for game 2.
|l|☆Richiskz
|player|p1|
|inactive|KChiefs7 has 30 seconds to confirm battle start!
||KChiefs7 is ready for game 2.
|uhtml|next|Next: Game 2 of 3
