|j|☆Cristante terabug
|j|☆Cenacchi359
|html|Cristante terabugCenacchi359    
|uhtml|bestof|Game 2 of a best-of-3
|t:|1756473966
|gametype|doubles
|player|p1|Cristante terabug|kieran-champion|
|player|p2|Cenacchi359|leon|
|gen|9
|tier|[Gen 9] VGC 2025 Reg H (Bo3)
|rule|Species Clause: Limit one of each Pokémon
|rule|Item Clause: Limit 1 of each item
|clearpoke
|poke|p1|Incineroar, L50, F|
|poke|p1|Pelipper, L50, M|
|poke|p1|Archaludon, L50, M|
|poke|p1|Dragonite, L50, M|
|poke|p1|Sinistcha, L50|
|poke|p1|Ursaluna, L50, F|
|poke|p2|Incineroar, L50, M|
|poke|p2|Amoonguss, L50, M|
|poke|p2|Gholdengo, L50|
|poke|p2|Pelipper, L50, M|
|poke|p2|Archaludon, L50, M|
|poke|p2|Basculegion, L50, M|
|teampreview|4
|showteam|p1|Incineroar||SafetyGoggles|Intimidate|FakeOut,PartingShot,KnockOff,FlareBlitz|||F|||50|,,,,,Flying]Pelipper||FocusSash|Drizzle|Hurricane,MuddyWater,Tailwind,Protect|||M|||50|,,,,,Ghost]Archaludon||AssaultVest|Stamina|ElectroShot,Snarl,FlashCannon,BodyPress|||M|||50|,,,,,Bug]Dragonite||LoadedDice|Multiscale|ScaleShot,Tailwind,Haze,Protect|||M|||50|,,,,,Fairy]Sinistcha||SitrusBerry|Hospitality|MatchaGotcha,RagePowder,LifeDew,TrickRoom||||||50|,,,,,Dark]Ursaluna||FlameOrb|Guts|Earthquake,Facade,HeadlongRush,Protect|||F|||50|,,,,,Ghost
|showteam|p2|Incineroar||SafetyGoggles|Intimidate|FakeOut,KnockOff,Taunt,PartingShot|||M|||50|,,,,,Ghost]Amoonguss||SitrusBerry|Regenerator|Spore,RagePowder,PollenPuff,Protect|||M|||50|,,,,,Fairy]Gholdengo||LifeOrb|GoodasGold|MakeItRain,ShadowBall,NastyPlot,Protect||||||50|,,,,,Water]Pelipper||FocusSash|Drizzle|WeatherBall,Hurricane,Tailwind,Protect|||M|||50|,,,,,Ghost]Archaludon||AssaultVest|Stamina|ElectroShot,DragonPulse,FlashCannon,BodyPress|||M|||50|,,,,,Bug]Basculegion||ChoiceBand|SwiftSwim|WaveCrash,AquaJet,FlipTurn,LastRespects|||M|||50|,,,,,Water
|
|t:|1756473974
|teamsize|p1|4
|teamsize|p2|4
|start
|switch|p1a: Incineroar|Incineroar, L50, F|100/100
|switch|p1b: Dragonite|Dragonite, L50, M|100/100
|switch|p2a: Pelipper|Pelipper, L50, M|100/100
|switch|p2b: Basculegion|Basculegion, L50, M|100/100
|-weather|RainDance|[from] ability: Drizzle|[of] p2a: Pelipper
|-ability|p1a: Incineroar|Intimidate|boost
|-unboost|p2a: Pelipper|atk|1
|-unboost|p2b: Basculegion|atk|1
|turn|1
|
|t:|1756473988
|switch|p2a: Archaludon|Archaludon, L50, M|100/100
|switch|p1a: Archaludon|Archaludon, L50, M|100/100
|move|p2b: Basculegion|Flip Turn|p1a: Archaludon
|-resisted|p1a: Archaludon
|-damage|p1a: Archaludon|86/100
|-ability|p1a: Archaludon|Stamina|boost
|-boost|p1a: Archaludon|def|1
|
|t:|1756474003
|switch|p2b: Incineroar|Incineroar, L50, M|100/100|[from] Flip Turn
|-ability|p2b: Incineroar|Intimidate|boost
|-unboost|p1a: Archaludon|atk|1
|-unboost|p1b: Dragonite|atk|1
|move|p1b: Dragonite|Tailwind|p1b: Dragonite
|-sidestart|p1: Cristante terabug|move: Tailwind
|
|-weather|RainDance|[upkeep]
|upkeep
|turn|2
|
|t:|1756474067
|-terastallize|p2a: Archaludon|Bug
|move|p2b: Incineroar|Fake Out|p1b: Dragonite
|-damage|p1b: Dragonite|95/100
|cant|p1b: Dragonite|flinch
|move|p1a: Archaludon|Electro Shot||[still]
|-prepare|p1a: Archaludon|Electro Shot
|-boost|p1a: Archaludon|spa|1
|-anim|p1a: Archaludon|Electro Shot|p2a: Archaludon
|-damage|p2a: Archaludon|54/100
|-ability|p2a: Archaludon|Stamina|boost
|-boost|p2a: Archaludon|def|1
|move|p2a: Archaludon|Electro Shot||[still]
|-prepare|p2a: Archaludon|Electro Shot
|-boost|p2a: Archaludon|spa|1
|-anim|p2a: Archaludon|Electro Shot|p1a: Archaludon
|-resisted|p1a: Archaludon
|-damage|p1a: Archaludon|57/100
|-ability|p1a: Archaludon|Stamina|boost
|-boost|p1a: Archaludon|def|1
|
|-weather|RainDance|[upkeep]
|upkeep
|turn|3
|
|t:|1756474091
|switch|p1b: Sinistcha|Sinistcha, L50, shiny|100/100
|-heal|p1a: Archaludon|82/100|[from] ability: Hospitality|[of] p1b: Sinistcha
|move|p1a: Archaludon|Electro Shot||[still]
|-prepare|p1a: Archaludon|Electro Shot
|-boost|p1a: Archaludon|spa|1
|-anim|p1a: Archaludon|Electro Shot|p2a: Archaludon
|-damage|p2a: Archaludon|0 fnt
|faint|p2a: Archaludon
|move|p2b: Incineroar|Knock Off|p1b: Sinistcha
|-supereffective|p1b: Sinistcha
|-damage|p1b: Sinistcha|32/100
|-enditem|p1b: Sinistcha|Sitrus Berry|[from] move: Knock Off|[of] p2b: Incineroar
|
|-weather|RainDance|[upkeep]
|upkeep
|
|t:|1756474104
|switch|p2a: Basculegion|Basculegion, L50, M|100/100
|turn|4
|
|t:|1756474115
|move|p1b: Sinistcha|Rage Powder|p1b: Sinistcha
|-singleturn|p1b: Sinistcha|move: Rage Powder
|move|p1a: Archaludon|Electro Shot||[still]
|-prepare|p1a: Archaludon|Electro Shot
|-boost|p1a: Archaludon|spa|1
|-anim|p1a: Archaludon|Electro Shot|p2a: Basculegion
|-supereffective|p2a: Basculegion
|-damage|p2a: Basculegion|0 fnt
|faint|p2a: Basculegion
|move|p2b: Incineroar|Parting Shot|p1a: Archaludon
|-unboost|p1a: Archaludon|atk|1
|-unboost|p1a: Archaludon|spa|1
|
|t:|1756474126
|switch|p2b: Pelipper|Pelipper, L50, M|100/100|[from] Parting Shot
|
|-weather|RainDance|[upkeep]
|-sideend|p1: Cristante terabug|move: Tailwind
|upkeep
|
|t:|1756474130
|switch|p2a: Incineroar|Incineroar, L50, M|100/100
|-ability|p2a: Incineroar|Intimidate|boost
|-unboost|p1a: Archaludon|atk|1
|-unboost|p1b: Sinistcha|atk|1
|turn|5
|
|t:|1756474152
|move|p2a: Incineroar|Fake Out|p1a: Archaludon
|-resisted|p1a: Archaludon
|-damage|p1a: Archaludon|80/100
|-ability|p1a: Archaludon|Stamina|boost
|-boost|p1a: Archaludon|def|1
|cant|p1a: Archaludon|flinch
|move|p2b: Pelipper|Hurricane|p1a: Archaludon
|-resisted|p1a: Archaludon
|-damage|p1a: Archaludon|58/100
|-ability|p1a: Archaludon|Stamina|boost
|-boost|p1a: Archaludon|def|1
|move|p1b: Sinistcha|Life Dew|p1b: Sinistcha|[spread] p1a,p1b
|-heal|p1a: Archaludon|83/100
|-heal|p1b: Sinistcha|57/100
|
|-weather|none
|upkeep
|turn|6
|
|t:|1756474169
|move|p1a: Archaludon|Body Press|p2a: Incineroar
|-supereffective|p2a: Incineroar
|-damage|p2a: Incineroar|0 fnt
|faint|p2a: Incineroar
|move|p2b: Pelipper|Hurricane|p1a: Archaludon|[miss]
|-miss|p2b: Pelipper|p1a: Archaludon
|move|p1b: Sinistcha|Matcha Gotcha|p2b: Pelipper
|-damage|p2b: Pelipper|49/100
|-heal|p1b: Sinistcha|78/100|[from] drain|[of] p2b: Pelipper
|-status|p2b: Pelipper|brn
|
|-damage|p2b: Pelipper|43/100 brn|[from] brn
|upkeep
|turn|7
|-message|Cenacchi359 forfeited.
|
|win|Cristante terabug
||Cenacchi359 is ready for game 3.
|inactive|Cristante terabug has 30 seconds to confirm battle start!
|inactive|Cristante terabug has 20 seconds to confirm battle start!
||Cristante terabug is ready for game 3.
|uhtml|next|Next: Game 3 of 3
|l|☆Cristante terabug
|player|p1|
|j|☆Cristante terabug
|player|p1|Cristante terabug|kieran-champion|
|l|☆Cristante terabug
|player|p1|
|j|☆Cristante terabug
|player|p1|Cristante terabug|kieran-champion|
