|j|☆steveman19
|j|☆JeanChasuble
|html|steveman19JeanChasuble    
|uhtml|bestof|Game 1 of a best-of-3
|t:|1756410704
|gametype|doubles
|player|p1|steveman19|fisherman-gen4|1136
|player|p2|JeanChasuble|cheren-gen5bw2|1110
|gen|9
|tier|[Gen 9] VGC 2025 Reg H (Bo3)
|rated|
|rule|Species Clause: Limit one of each Pokémon
|rule|Item Clause: Limit 1 of each item
|clearpoke
|poke|p1|Ursaluna, L50, M|
|poke|p1|Porygon2, L50|
|poke|p1|Dedenne, L50, M|
|poke|p1|Incineroar, L50, M|
|poke|p1|Pelipper, L50, F|
|poke|p1|Archaludon, L50, F|
|poke|p2|Volcarona, L50, F|
|poke|p2|Rillaboom, L50, F|
|poke|p2|Electabuzz, L50, F|
|poke|p2|Sneasler, L50, M|
|poke|p2|Kingambit, L50, M|
|poke|p2|Dragonite, L50, M|
|teampreview|4
|showteam|p1|Ursaluna||FlameOrb|Guts|Facade,HeadlongRush,Earthquake,Protect|||M|||50|,,,,,Ghost]Porygon2||Eviolite|Download|TeraBlast,IceBeam,TrickRoom,Recover||||||50|,,,,,Fighting]Dedenne||FocusSash|Pickup|Nuzzle,Electroweb,SuperFang,Protect|||M|||50|,,,,,Electric]Incineroar||SafetyGoggles|Intimidate|FakeOut,KnockOff,PartingShot,WillOWisp|||M|||50|,,,,,Grass]Pelipper||CovertCloak|Drizzle|WeatherBall,Hurricane,Tailwind,Protect|||F|||50|,,,,,Grass]Archaludon||AssaultVest|Stamina|ElectroShot,FlashCannon,DragonPulse,Snarl|||F|||50|,,,,,Bug
|showteam|p2|Volcarona||GrassySeed|FlameBody|HeatWave,TeraBlast,QuiverDance,Protect|||F|||50|,,,,,Fairy]Rillaboom||AssaultVest|GrassySurge|WoodHammer,GrassyGlide,FakeOut,HighHorsepower|||F|||50|,,,,,Fire]Electabuzz||Eviolite|VitalSpirit|Electroweb,FollowMe,Taunt,Protect|||F|||50|,,,,,Ghost]Sneasler||FocusSash|PoisonTouch|DireClaw,CloseCombat,FakeOut,Coaching|||M|||50|,,,,,Stellar]Kingambit||SafetyGoggles|Defiant|SuckerPunch,KowtowCleave,SwordsDance,Protect|||M|||50|,,,,,Dark]Dragonite||LoadedDice|Multiscale|ScaleShot,ExtremeSpeed,Haze,Protect|||M|||50|,,,,,Normal
|inactive|Battle timer is ON: inactive players will automatically lose when time's up. (requested by steveman19)
|
|t:|1756410758
|teamsize|p1|4
|teamsize|p2|4
|start
|switch|p1a: Incineroar|Incineroar, L50, M|100/100
|switch|p1b: Archaludon|Archaludon, L50, F|100/100
|switch|p2a: Volcarona|Volcarona, L50, F|100/100
|switch|p2b: Rillaboom|Rillaboom, L50, F|100/100
|-fieldstart|move: Grassy Terrain|[from] ability: Grassy Surge|[of] p2b: Rillaboom
|-enditem|p2a: Volcarona|Grassy Seed
|-boost|p2a: Volcarona|def|1|[from] item: Grassy Seed
|-ability|p1a: Incineroar|Intimidate|boost
|-unboost|p2a: Volcarona|atk|1
|-unboost|p2b: Rillaboom|atk|1
|turn|1
|inactive|steveman19 has 30 seconds left.
|inactive|steveman19 has 20 seconds left.
|inactive|steveman19 has 15 seconds left.
|inactive|steveman19 has 10 seconds left.
|
|t:|1756410805
|move|p2b: Rillaboom|Fake Out|p1a: Incineroar
|-damage|p1a: Incineroar|93/100
|move|p2a: Volcarona|Quiver Dance|p2a: Volcarona
|-boost|p2a: Volcarona|spa|1
|-boost|p2a: Volcarona|spd|1
|-boost|p2a: Volcarona|spe|1
|move|p1b: Archaludon|Snarl|p2b: Rillaboom|[spread] p2b
|-miss|p1b: Archaludon|p2a: Volcarona
|-damage|p2b: Rillaboom|90/100
|-unboost|p2b: Rillaboom|spa|1
|cant|p1a: Incineroar|flinch
|
|-heal|p2b: Rillaboom|96/100|[from] Grassy Terrain
|-heal|p1a: Incineroar|99/100|[from] Grassy Terrain
|upkeep
|turn|2
|inactive|JeanChasuble has 30 seconds left.
|inactive|JeanChasuble has 20 seconds left.
|inactive|JeanChasuble has 15 seconds left.
|inactive|JeanChasuble has 10 seconds left.
|
|t:|1756410852
|move|p2a: Volcarona|Quiver Dance|p2a: Volcarona
|-boost|p2a: Volcarona|spa|1
|-boost|p2a: Volcarona|spd|1
|-boost|p2a: Volcarona|spe|1
|move|p1b: Archaludon|Snarl|p2a: Volcarona|[spread] p2a,p2b
|-damage|p2a: Volcarona|95/100
|-damage|p2b: Rillaboom|87/100
|-unboost|p2a: Volcarona|spa|1
|-unboost|p2b: Rillaboom|spa|1
|move|p2b: Rillaboom|Wood Hammer|p1a: Incineroar
|-resisted|p1a: Incineroar
|-damage|p1a: Incineroar|78/100
|-damage|p2b: Rillaboom|80/100|[from] Recoil
|move|p1a: Incineroar|Parting Shot|p2a: Volcarona
|-unboost|p2a: Volcarona|atk|1
|-unboost|p2a: Volcarona|spa|1
|
|t:|1756410866
|switch|p1a: Pelipper|Pelipper, L50, F|100/100|[from] Parting Shot
|-weather|RainDance|[from] ability: Drizzle|[of] p1a: Pelipper
|
|-weather|RainDance|[upkeep]
|-heal|p2a: Volcarona|100/100|[from] Grassy Terrain
|-heal|p2b: Rillaboom|86/100|[from] Grassy Terrain
|upkeep
|turn|3
|inactive|JeanChasuble has 30 seconds left.
|
|t:|1756410896
|-terastallize|p2a: Volcarona|Fairy
|move|p2a: Volcarona|Tera Blast|p1b: Archaludon|[anim] Tera Blast Fairy
|-damage|p1b: Archaludon|68/100
|-ability|p1b: Archaludon|Stamina|boost
|-boost|p1b: Archaludon|def|1
|move|p1b: Archaludon|Electro Shot||[still]
|-prepare|p1b: Archaludon|Electro Shot
|-boost|p1b: Archaludon|spa|1
|-anim|p1b: Archaludon|Electro Shot|p2a: Volcarona
|-damage|p2a: Volcarona|71/100
|move|p2b: Rillaboom|Wood Hammer|p1a: Pelipper
|-damage|p1a: Pelipper|39/100
|-damage|p2b: Rillaboom|71/100|[from] Recoil
|move|p1a: Pelipper|Hurricane|p2a: Volcarona
|-damage|p2a: Volcarona|49/100
|
|-weather|RainDance|[upkeep]
|-heal|p2a: Volcarona|56/100|[from] Grassy Terrain
|-heal|p1b: Archaludon|74/100|[from] Grassy Terrain
|-heal|p2b: Rillaboom|76/100|[from] Grassy Terrain
|upkeep
|turn|4
|inactive|steveman19 has 30 seconds left.
|
|t:|1756410927
|switch|p2b: Electabuzz|Electabuzz, L50, F|100/100
|-terastallize|p1a: Pelipper|Grass
|move|p2a: Volcarona|Protect|p2a: Volcarona
|-singleturn|p2a: Volcarona|Protect
|move|p1b: Archaludon|Electro Shot||[still]
|-prepare|p1b: Archaludon|Electro Shot
|-boost|p1b: Archaludon|spa|1
|-anim|p1b: Archaludon|Electro Shot|p2a: Volcarona
|-activate|p2a: Volcarona|move: Protect
|move|p1a: Pelipper|Tailwind|p1a: Pelipper
|-sidestart|p1: steveman19|move: Tailwind
|
|-weather|RainDance|[upkeep]
|-heal|p2a: Volcarona|62/100|[from] Grassy Terrain
|-heal|p1b: Archaludon|80/100|[from] Grassy Terrain
|-heal|p1a: Pelipper|45/100|[from] Grassy Terrain
|upkeep
|turn|5
|inactive|JeanChasuble has 30 seconds left.
|inactive|JeanChasuble has 20 seconds left.
|
|t:|1756410964
|move|p2b: Electabuzz|Follow Me|p2b: Electabuzz
|-singleturn|p2b: Electabuzz|move: Follow Me
|move|p2a: Volcarona|Quiver Dance|p2a: Volcarona
|-boost|p2a: Volcarona|spa|1
|-boost|p2a: Volcarona|spd|1
|-boost|p2a: Volcarona|spe|1
|move|p1b: Archaludon|Electro Shot||[still]
|-prepare|p1b: Archaludon|Electro Shot
|-boost|p1b: Archaludon|spa|1
|-anim|p1b: Archaludon|Electro Shot|p2b: Electabuzz
|-resisted|p2b: Electabuzz
|-damage|p2b: Electabuzz|57/100
|move|p1a: Pelipper|Weather Ball|p2b: Electabuzz
|-damage|p2b: Electabuzz|0 fnt
|faint|p2b: Electabuzz
|
|-weather|RainDance|[upkeep]
|-heal|p2a: Volcarona|68/100|[from] Grassy Terrain
|-heal|p1b: Archaludon|87/100|[from] Grassy Terrain
|-heal|p1a: Pelipper|50/100|[from] Grassy Terrain
|-fieldend|move: Grassy Terrain
|upkeep
|
|t:|1756410985
|switch|p2b: Rillaboom|Rillaboom, L50, F|76/100
|-fieldstart|move: Grassy Terrain|[from] ability: Grassy Surge|[of] p2b: Rillaboom
|turn|6
|inactive|steveman19 has 30 seconds left.
|
|t:|1756411015
|move|p2b: Rillaboom|Fake Out|p1b: Archaludon
|-resisted|p1b: Archaludon
|-damage|p1b: Archaludon|83/100
|-ability|p1b: Archaludon|Stamina|boost
|-boost|p1b: Archaludon|def|1
|move|p2a: Volcarona|Tera Blast|p1a: Pelipper|[anim] Tera Blast Fairy
|-damage|p1a: Pelipper|0 fnt
|faint|p1a: Pelipper
|cant|p1b: Archaludon|flinch
|
|-weather|none
|-heal|p2a: Volcarona|74/100|[from] Grassy Terrain
|-heal|p1b: Archaludon|90/100|[from] Grassy Terrain
|-heal|p2b: Rillaboom|82/100|[from] Grassy Terrain
|upkeep
|
|t:|1756411024
|switch|p1a: Dedenne|Dedenne, L50, M|100/100
|turn|7
|
|t:|1756411034
|move|p2b: Rillaboom|Grassy Glide|p1a: Dedenne
|-damage|p1a: Dedenne|33/100
|move|p2a: Volcarona|Heat Wave|p1b: Archaludon|[spread] p1a,p1b
|-damage|p1a: Dedenne|0 fnt
|-damage|p1b: Archaludon|51/100
|-ability|p1b: Archaludon|Stamina|boost
|-boost|p1b: Archaludon|def|1
|faint|p1a: Dedenne
|move|p1b: Archaludon|Electro Shot||[still]
|-prepare|p1b: Archaludon|Electro Shot
|-boost|p1b: Archaludon|spa|1
|
|-heal|p2a: Volcarona|81/100|[from] Grassy Terrain
|-heal|p1b: Archaludon|57/100|[from] Grassy Terrain
|-heal|p2b: Rillaboom|88/100|[from] Grassy Terrain
|-sideend|p1: steveman19|move: Tailwind
|upkeep
|
|t:|1756411048
|switch|p1a: Incineroar|Incineroar, L50, M|78/100
|-ability|p1a: Incineroar|Intimidate|boost
|-unboost|p2a: Volcarona|atk|1
|-unboost|p2b: Rillaboom|atk|1
|turn|8
|
|t:|1756411055
|move|p2a: Volcarona|Protect|p2a: Volcarona
|-singleturn|p2a: Volcarona|Protect
|move|p1a: Incineroar|Fake Out|p2b: Rillaboom
|-damage|p2b: Rillaboom|79/100
|move|p1b: Archaludon|Electro Shot|p2a: Volcarona|[from] lockedmove
|-activate|p2a: Volcarona|move: Protect
|cant|p2b: Rillaboom|flinch
|
|-heal|p2a: Volcarona|87/100|[from] Grassy Terrain
|-heal|p1b: Archaludon|63/100|[from] Grassy Terrain
|-heal|p2b: Rillaboom|85/100|[from] Grassy Terrain
|-heal|p1a: Incineroar|84/100|[from] Grassy Terrain
|upkeep
|turn|9
|
|t:|1756411080
|move|p2a: Volcarona|Tera Blast|p1b: Archaludon|[anim] Tera Blast Fairy
|-damage|p1b: Archaludon|18/100
|-ability|p1b: Archaludon|Stamina|boost
|-boost|p1b: Archaludon|def|1
|move|p1b: Archaludon|Flash Cannon|p2a: Volcarona
|-supereffective|p2a: Volcarona
|-damage|p2a: Volcarona|0 fnt
|faint|p2a: Volcarona
|move|p2b: Rillaboom|High Horsepower|p1a: Incineroar
|-supereffective|p1a: Incineroar
|-damage|p1a: Incineroar|48/100
|move|p1a: Incineroar|Knock Off|p2b: Rillaboom
|-damage|p2b: Rillaboom|51/100
|-enditem|p2b: Rillaboom|Assault Vest|[from] move: Knock Off|[of] p1a: Incineroar
|
|-heal|p1b: Archaludon|24/100|[from] Grassy Terrain
|-heal|p2b: Rillaboom|57/100|[from] Grassy Terrain
|-heal|p1a: Incineroar|54/100|[from] Grassy Terrain
|upkeep
|
|t:|1756411086
|switch|p2a: Sneasler|Sneasler, L50, M|100/100
|turn|10
|
|t:|1756411103
|move|p2a: Sneasler|Close Combat|p1b: Archaludon
|-supereffective|p1b: Archaludon
|-damage|p1b: Archaludon|0 fnt
|-unboost|p2a: Sneasler|def|1
|-unboost|p2a: Sneasler|spd|1
|faint|p1b: Archaludon
|move|p2b: Rillaboom|High Horsepower|p1a: Incineroar|[miss]
|-miss|p2b: Rillaboom|p1a: Incineroar
|move|p1a: Incineroar|Will-O-Wisp|p2a: Sneasler
|-status|p2a: Sneasler|brn
|
|-heal|p2b: Rillaboom|62/100|[from] Grassy Terrain
|-heal|p1a: Incineroar|60/100|[from] Grassy Terrain
|-damage|p2a: Sneasler|95/100 brn|[from] brn
|-fieldend|move: Grassy Terrain
|upkeep
|turn|11
|
|t:|1756411117
|move|p2a: Sneasler|Close Combat|p1a: Incineroar
|-supereffective|p1a: Incineroar
|-damage|p1a: Incineroar|8/100
|-unboost|p2a: Sneasler|def|1
|-unboost|p2a: Sneasler|spd|1
|-status|p1a: Incineroar|psn|[from] ability: Poison Touch|[of] p2a: Sneasler
|move|p2b: Rillaboom|High Horsepower|p1a: Incineroar
|-supereffective|p1a: Incineroar
|-damage|p1a: Incineroar|0 fnt
|faint|p1a: Incineroar
|
|win|JeanChasuble
|l|☆steveman19
|player|p1|
|inactive|steveman19 has 30 seconds to confirm battle start!
|inactive|JeanChasuble has 30 seconds to confirm battle start!
||steveman19 is ready for game 2.
|inactive|JeanChasuble has 20 seconds to confirm battle start!
||JeanChasuble is ready for game 2.
|uhtml|next|Next: Game 2 of 3
