|j|☆The Bradicus
|j|☆kikotocatetas
|html|The Bradicuskikotocatetas    
|uhtml|bestof|Game 1 of a best-of-3
|t:|1783984395
|gametype|doubles
|player|p1|The Bradicus|richboy-gen6xy|1133
|player|p2|kikotocatetas|266|1248
|gen|9
|tier|[Gen 9 Champions] VGC 2026 Reg M-B (Bo3)
|rated|
|rule|Species Clause: Limit one of each Pokémon
|rule|Item Clause: Limit 1 of each item
|clearpoke
|poke|p1|Annihilape, L50, F|
|poke|p1|Incineroar, L50, M|
|poke|p1|Glimmora, L50, M|
|poke|p1|Whimsicott, L50, F|
|poke|p1|Metagross, L50|
|poke|p1|Sinistcha-Masterpiece, L50|
|poke|p2|Aerodactyl, L50, F|
|poke|p2|Incineroar, L50, M, shiny|
|poke|p2|Charizard, L50, F, shiny|
|poke|p2|Sylveon, L50, F, shiny|
|poke|p2|Metagross, L50, shiny|
|poke|p2|Garchomp, L50, M, shiny|
|teampreview|4
|showteam|p1|Annihilape||ChoiceScarf|Defiant|CloseCombat,ShadowClaw,Coaching,Uturn|Adamant||F|||50|]Incineroar||SitrusBerry|Intimidate|FlareBlitz,DarkestLariat,FakeOut,PartingShot|Impish||M|||50|]Glimmora||Glimmoranite|ToxicDebris|SludgeBomb,PowerGem,DazzlingGleam,SpikyShield|Timid||M|||50|]Whimsicott||FocusSash|Prankster|Moonblast,Encore,Tailwind,Protect|Timid||F|||50|]Metagross||Metagrossite|ClearBody|PsychicFangs,IronHead,IcePunch,Protect|Jolly|||||50|]Sinistcha-Masterpiece||Leftovers|Hospitality|MatchaGotcha,RagePowder,TrickRoom,Protect|Calm|||||50|
|showteam|p2|Aerodactyl||FocusSash|Unnerve|DualWingbeat,Tailwind,RockSlide,Protect|Jolly||F|||50|]Incineroar||SitrusBerry|Intimidate|FlareBlitz,DarkestLariat,PartingShot,FakeOut|Serious||M|||50|]Charizard||CharizarditeY|Blaze|SolarBeam,HeatWave,WeatherBall,Protect|Modest||F|||50|]Sylveon||FairyFeather|Pixilate|HyperBeam,QuickAttack,HyperVoice,Detect|Modest||F|||50|]Metagross||Metagrossite|ClearBody|BodyPress,PsychicFangs,BulletPunch,Protect|Adamant|||||50|]Garchomp||LifeOrb|RoughSkin|Earthquake,DragonClaw,RockSlide,Protect|Jolly||M|||50|
|inactive|Battle timer is ON: inactive players will automatically lose when time's up. (requested by The Bradicus)
|inactive|kikotocatetas also wants the timer to be on.
|
|t:|1783984425
|teamsize|p1|4
|teamsize|p2|4
|start
|switch|p1a: Glimmora|Glimmora, L50, M|100/100
|switch|p1b: Whimsicott|Whimsicott, L50, F|100/100
|switch|p2a: Aerodactyl|Aerodactyl, L50, F|100/100
|switch|p2b: Charizard|Charizard, L50, F, shiny|100/100
|-ability|p2a: Aerodactyl|Unnerve
|turn|1
|inactive|The Bradicus has 30 seconds left.
|inactive|kikotocatetas has 30 seconds left.
|
|t:|1783984451
|detailschange|p1a: Glimmora|Glimmora-Mega, L50, M
|-mega|p1a: Glimmora|Glimmora|Glimmoranite
|move|p1b: Whimsicott|Protect|p1b: Whimsicott
|-singleturn|p1b: Whimsicott|Protect
|move|p2b: Charizard|Protect|p2b: Charizard
|-singleturn|p2b: Charizard|Protect
|move|p2a: Aerodactyl|Dual Wingbeat|p1b: Whimsicott
|-activate|p1b: Whimsicott|move: Protect
|move|p1a: Glimmora|Power Gem|p2b: Charizard
|-activate|p2b: Charizard|move: Protect
|
|upkeep
|turn|2
|inactive|The Bradicus has 30 seconds left.
|inactive|The Bradicus has 20 seconds left.
|inactive|The Bradicus has 15 seconds left.
|
|t:|1783984492
|switch|p1b: Sinistcha|Sinistcha-Masterpiece, L50|100/100
|switch|p2b: Garchomp|Garchomp, L50, M, shiny|100/100
|move|p2a: Aerodactyl|Dual Wingbeat|p1b: Sinistcha
|-supereffective|p1b: Sinistcha|1
|-damage|p1b: Sinistcha|66/100
|-supereffective|p1b: Sinistcha|1
|-damage|p1b: Sinistcha|31/100
|-hitcount|p1b: Sinistcha|2
|move|p1a: Glimmora|Power Gem|p2a: Aerodactyl
|-supereffective|p2a: Aerodactyl|1
|-enditem|p2a: Aerodactyl|Focus Sash
|-damage|p2a: Aerodactyl|1/100
|
|-heal|p1b: Sinistcha|37/100|[from] item: Leftovers
|upkeep
|turn|3
|inactive|The Bradicus has 30 seconds left.
|
|t:|1783984518
|switch|p1a: Whimsicott|Whimsicott, L50, F|100/100
|move|p1b: Sinistcha|Protect|p1b: Sinistcha
|-singleturn|p1b: Sinistcha|Protect
|move|p2a: Aerodactyl|Tailwind|p2a: Aerodactyl
|-sidestart|p2: kikotocatetas|move: Tailwind
|move|p2b: Garchomp|Earthquake|p1b: Sinistcha|[spread] p1a
|-activate|p1b: Sinistcha|move: Protect
|-immune|p2a: Aerodactyl
|-resisted|p1a: Whimsicott|1
|-damage|p1a: Whimsicott|67/100
|-damage|p2b: Garchomp|90/100|[from] item: Life Orb
|
|-heal|p1b: Sinistcha|43/100|[from] item: Leftovers
|upkeep
|turn|4
|
|t:|1783984534
|switch|p2b: Charizard|Charizard, L50, F, shiny|100/100
|move|p1a: Whimsicott|Encore|p2a: Aerodactyl
|-start|p2a: Aerodactyl|Encore
|move|p2a: Aerodactyl|Tailwind||[still]
|-fail|p2a: Aerodactyl
|move|p1b: Sinistcha|Matcha Gotcha|p2a: Aerodactyl|[spread] p2b
|-miss|p1b: Sinistcha|p2a: Aerodactyl
|-resisted|p2b: Charizard|2
|-damage|p2b: Charizard|93/100
|-heal|p1b: Sinistcha|47/100|[from] drain|[of] p2b: Charizard
|
|-heal|p1b: Sinistcha|53/100|[from] item: Leftovers
|upkeep
|turn|5
|
|t:|1783984556
|switch|p2a: Sylveon|Sylveon, L50, F, shiny|100/100
|detailschange|p2b: Charizard|Charizard-Mega-Y, L50, F, shiny
|-mega|p2b: Charizard|Charizard|Charizardite Y
|-weather|SunnyDay|[from] ability: Drought|[of] p2b: Charizard
|move|p1a: Whimsicott|Protect|p1a: Whimsicott
|-singleturn|p1a: Whimsicott|Protect
|move|p1b: Sinistcha|Protect|p1b: Sinistcha
|-singleturn|p1b: Sinistcha|Protect
|move|p2b: Charizard|Heat Wave|p1b: Sinistcha|[spread] 
|-activate|p1a: Whimsicott|move: Protect
|-activate|p1b: Sinistcha|move: Protect
|
|-weather|SunnyDay|[upkeep]
|-heal|p1b: Sinistcha|59/100|[from] item: Leftovers
|upkeep
|turn|6
|
|t:|1783984571
|switch|p2a: Garchomp|Garchomp, L50, M, shiny|90/100
|move|p1a: Whimsicott|Tailwind|p1a: Whimsicott
|-sidestart|p1: The Bradicus|move: Tailwind
|move|p2b: Charizard|Heat Wave|p1a: Whimsicott|[spread] p1a,p1b
|-supereffective|p1a: Whimsicott|1
|-supereffective|p1b: Sinistcha|1
|-damage|p1a: Whimsicott|0 fnt
|-damage|p1b: Sinistcha|0 fnt
|faint|p1a: Whimsicott
|faint|p1b: Sinistcha
|
|-weather|SunnyDay|[upkeep]
|-sideend|p2: kikotocatetas|move: Tailwind
|upkeep
|
|t:|1783984578
|switch|p1a: Glimmora|Glimmora-Mega, L50, M|100/100
|switch|p1b: Metagross|Metagross, L50|100/100
|turn|7
|
|t:|1783984592
|move|p2a: Garchomp|Protect|p2a: Garchomp
|-singleturn|p2a: Garchomp|Protect
|move|p1a: Glimmora|Power Gem|p2b: Charizard
|-supereffective|p2b: Charizard|2
|-damage|p2b: Charizard|0 fnt
|faint|p2b: Charizard
|move|p1b: Metagross|Ice Punch|p2a: Garchomp
|-activate|p2a: Garchomp|move: Protect
|
|-weather|SunnyDay|[upkeep]
|upkeep
|
|t:|1783984610
|switch|p2b: Sylveon|Sylveon, L50, F, shiny|100/100
|turn|8
|
|t:|1783984625
|move|p1a: Glimmora|Sludge Bomb|p2b: Sylveon
|-supereffective|p2b: Sylveon|1
|-damage|p2b: Sylveon|0 fnt
|faint|p2b: Sylveon
|move|p1b: Metagross|Ice Punch|p2a: Garchomp
|-supereffective|p2a: Garchomp|2
|-damage|p2a: Garchomp|0 fnt
|-damage|p1b: Metagross|87/100|[from] ability: Rough Skin|[of] p2a: Garchomp
|faint|p2a: Garchomp
|
|-weather|SunnyDay|[upkeep]
|upkeep
|
|t:|1783984632
|switch|p2b: Aerodactyl|Aerodactyl, L50, F|1/100
|-ability|p2b: Aerodactyl|Unnerve
|turn|9
|
|t:|1783984640
|move|p2b: Aerodactyl|Protect|p2b: Aerodactyl
|-singleturn|p2b: Aerodactyl|Protect
|move|p1a: Glimmora|Sludge Bomb|p2b: Aerodactyl
|-activate|p2b: Aerodactyl|move: Protect
|move|p1b: Metagross|Psychic Fangs|p2b: Aerodactyl
|-activate|p2b: Aerodactyl|move: Protect
|
|-weather|none
|-sideend|p1: The Bradicus|move: Tailwind
|upkeep
|turn|10
|
|t:|1783984650
|move|p2b: Aerodactyl|Rock Slide|p1b: Metagross|[spread] p1a,p1b
|-crit|p1a: Glimmora
|-resisted|p1b: Metagross|1
|-crit|p1b: Metagross
|-damage|p1a: Glimmora|56/100
|-damage|p1b: Metagross|71/100
|cant|p1a: Glimmora|flinch
|move|p1b: Metagross|Psychic Fangs|p2b: Aerodactyl
|-damage|p2b: Aerodactyl|0 fnt
|faint|p2b: Aerodactyl
|
|win|The Bradicus
||kikotocatetas is ready for game 2.
||The Bradicus is ready for game 2.
|uhtml|next|Next: Game 2 of 3
|l|☆kikotocatetas
|player|p2|
