|j|☆thaduck
|j|☆alkdfe
|html|thaduckalkdfe    
|uhtml|bestof|Game 3 of a best-of-3
|t:|1785025134
|gametype|doubles
|player|p1|thaduck|ghetsis|1203
|player|p2|alkdfe|elesa|1256
|gen|9
|tier|[Gen 9 Champions] VGC 2026 Reg M-B (Bo3)
|rated|
|rule|Species Clause: Limit one of each Pokémon
|rule|Item Clause: Limit 1 of each item
|clearpoke
|poke|p1|Floette-Eternal, L50, F|
|poke|p1|Whimsicott, L50, M|
|poke|p1|Basculegion, L50, M|
|poke|p1|Kingambit, L50, M|
|poke|p1|Arcanine-Hisui, L50, F|
|poke|p1|Dragonite, L50, M|
|poke|p2|Charizard, L50, F|
|poke|p2|Toxapex, L50, M|
|poke|p2|Venusaur, L50, M|
|poke|p2|Sylveon, L50, F|
|poke|p2|Garchomp, L50, M|
|poke|p2|Incineroar, L50, M|
|teampreview|4
|showteam|p1|Floette-Eternal||Floettite|FlowerVeil|Moonblast,DazzlingGleam,LightofRuin,Protect|Modest||F|||50|]Whimsicott||FocusSash|Prankster|Moonblast,Tailwind,Encore,Protect|Timid||M|||50|]Basculegion||ChoiceScarf|Adaptability|LastRespects,WaveCrash,AquaJet,FlipTurn|Jolly||M|||50|]Kingambit||BlackGlasses|Defiant|SuckerPunch,KowtowCleave,IronHead,Protect|Adamant||M|||50|]Arcanine-Hisui||SitrusBerry|RockHead|FlareBlitz,RockSlide,HeadSmash,Protect|Jolly||F|||50|]Dragonite||LifeOrb|InnerFocus|Protect,LowKick,ExtremeSpeed,DragonClaw|Adamant||M|||50|
|showteam|p2|Charizard||CharizarditeY|Blaze|HeatWave,WeatherBall,HelpingHand,Protect|Modest||F|||50|]Toxapex||Leftovers|Regenerator|Infestation,Toxic,WideGuard,BanefulBunker|Bold||M|||50|]Venusaur||LifeOrb|Chlorophyll|LeafStorm,SludgeBomb,EarthPower,Protect|Modest||M|||50|]Sylveon||FairyFeather|Pixilate|HyperVoice,QuickAttack,Yawn,Protect|Modest||F|||50|]Garchomp||ChoiceScarf|RoughSkin|Earthquake,DragonClaw,RockTomb,StompingTantrum|Adamant||M|||50|]Incineroar||SitrusBerry|Intimidate|ThroatChop,FlareBlitz,PartingShot,FakeOut|Careful||M|||50|
|inactive|Battle timer is ON: inactive players will automatically lose when time's up. (requested by alkdfe)
|inactive|thaduck has 60 seconds left.
|
|t:|1785025172
|teamsize|p1|4
|teamsize|p2|4
|start
|switch|p1a: Arcanine|Arcanine-Hisui, L50, F|100/100
|switch|p1b: Whimsicott|Whimsicott, L50, M|100/100
|switch|p2a: Incineroar|Incineroar, L50, M|100/100
|switch|p2b: Toxapex|Toxapex, L50, M|100/100
|-ability|p2a: Incineroar|Intimidate|boost
|-unboost|p1a: Arcanine|atk|1
|-unboost|p1b: Whimsicott|atk|1
|turn|1
|
|t:|1785025193
|move|p2a: Incineroar|Fake Out|p1a: Arcanine
|-resisted|p1a: Arcanine|1
|-damage|p1a: Arcanine|93/100
|move|p1b: Whimsicott|Moonblast|p2a: Incineroar
|-damage|p2a: Incineroar|69/100
|cant|p1a: Arcanine|flinch
|move|p2b: Toxapex|Toxic|p1b: Whimsicott
|-status|p1b: Whimsicott|tox
|
|-damage|p1b: Whimsicott|94/100 tox|[from] psn
|upkeep
|turn|2
|
|t:|1785025212
|switch|p2a: Venusaur|Venusaur, L50, M|100/100
|move|p1b: Whimsicott|Tailwind|p1b: Whimsicott
|-sidestart|p1: thaduck|move: Tailwind
|move|p1a: Arcanine|Head Smash|p2a: Venusaur|[miss]
|-miss|p1a: Arcanine|p2a: Venusaur
|move|p2b: Toxapex|Toxic|p1a: Arcanine
|-status|p1a: Arcanine|tox
|
|-damage|p1b: Whimsicott|82/100 tox|[from] psn
|-damage|p1a: Arcanine|87/100 tox|[from] psn
|upkeep
|turn|3
|
|t:|1785025235
|move|p2a: Venusaur|Protect|p2a: Venusaur
|-singleturn|p2a: Venusaur|Protect
|move|p2b: Toxapex|Baneful Bunker|p2b: Toxapex
|-singleturn|p2b: Toxapex|move: Protect
|move|p1b: Whimsicott|Moonblast|p2a: Venusaur
|-activate|p2a: Venusaur|move: Protect
|move|p1a: Arcanine|Flare Blitz|p2a: Venusaur
|-activate|p2a: Venusaur|move: Protect
|
|-damage|p1b: Whimsicott|64/100 tox|[from] psn
|-damage|p1a: Arcanine|75/100 tox|[from] psn
|upkeep
|turn|4
|
|t:|1785025252
|switch|p2a: Incineroar|Incineroar, L50, M|69/100
|-ability|p2a: Incineroar|Intimidate|boost
|-unboost|p1a: Arcanine|atk|1
|-unboost|p1b: Whimsicott|atk|1
|move|p1b: Whimsicott|Encore|p2b: Toxapex
|-start|p2b: Toxapex|Encore
|move|p2b: Toxapex|Baneful Bunker||[still]
|-fail|p2b: Toxapex
|move|p1a: Arcanine|Flare Blitz|p2a: Incineroar
|-resisted|p2a: Incineroar|1
|-damage|p2a: Incineroar|56/100
|
|-damage|p1b: Whimsicott|41/100 tox|[from] psn
|-damage|p1a: Arcanine|58/100 tox|[from] psn
|upkeep
|turn|5
|
|t:|1785025272
|switch|p1b: Basculegion|Basculegion, L50, M|100/100
|move|p2b: Toxapex|Baneful Bunker|p2b: Toxapex
|-singleturn|p2b: Toxapex|move: Protect
|move|p2a: Incineroar|Fake Out|p1a: Arcanine
|-resisted|p1a: Arcanine|1
|-damage|p1a: Arcanine|51/100 tox
|cant|p1a: Arcanine|flinch
|
|-damage|p1a: Arcanine|28/100 tox|[from] psn
|-sideend|p1: thaduck|move: Tailwind
|upkeep
|-enditem|p1a: Arcanine|Sitrus Berry|[eat]
|-heal|p1a: Arcanine|53/100 tox|[from] item: Sitrus Berry
|turn|6
|
|t:|1785025296
|move|p2b: Toxapex|Baneful Bunker||[still]
|-fail|p2b: Toxapex
|move|p1b: Basculegion|Wave Crash|p2a: Incineroar
|-supereffective|p2a: Incineroar|1
|-damage|p2a: Incineroar|0 fnt
|faint|p2a: Incineroar
|-damage|p1b: Basculegion|80/100|[from] Recoil
|move|p1a: Arcanine|Flare Blitz|p2b: Toxapex
|-resisted|p2b: Toxapex|1
|-crit|p2b: Toxapex
|-damage|p2b: Toxapex|72/100
|
|-heal|p2b: Toxapex|78/100|[from] item: Leftovers
|-damage|p1a: Arcanine|24/100 tox|[from] psn
|-end|p2b: Toxapex|Encore
|upkeep
|
|t:|1785025310
|switch|p2a: Charizard|Charizard, L50, F|100/100
|turn|7
|
|t:|1785025319
|switch|p1b: Whimsicott|Whimsicott, L50, M|41/100 tox
|detailschange|p2a: Charizard|Charizard-Mega-Y, L50, F
|-mega|p2a: Charizard|Charizard|Charizardite Y
|-weather|SunnyDay|[from] ability: Drought|[of] p2a: Charizard
|move|p2a: Charizard|Protect|p2a: Charizard
|-singleturn|p2a: Charizard|Protect
|move|p1a: Arcanine|Head Smash|p2a: Charizard
|-activate|p2a: Charizard|move: Protect
|move|p2b: Toxapex|Toxic|p1b: Whimsicott
|-fail|p1b: Whimsicott|tox
|
|-weather|SunnyDay|[upkeep]
|-heal|p2b: Toxapex|84/100|[from] item: Leftovers
|-damage|p1b: Whimsicott|35/100 tox|[from] psn
|-damage|p1a: Arcanine|0 fnt|[from] psn
|faint|p1a: Arcanine
|upkeep
|
|t:|1785025329
|switch|p1a: Basculegion|Basculegion, L50, M|80/100
|turn|8
|
|t:|1785025343
|switch|p2a: Venusaur|Venusaur, L50, M|100/100
|move|p1b: Whimsicott|Encore||[still]
|-fail|p1b: Whimsicott
|move|p1a: Basculegion|Last Respects|p2b: Toxapex
|-damage|p2b: Toxapex|42/100
|move|p2b: Toxapex|Toxic|p1a: Basculegion
|-status|p1a: Basculegion|tox
|
|-weather|SunnyDay|[upkeep]
|-heal|p2b: Toxapex|47/100|[from] item: Leftovers
|-damage|p1a: Basculegion|74/100 tox|[from] psn
|-damage|p1b: Whimsicott|24/100 tox|[from] psn
|upkeep
|turn|9
|
|t:|1785025364
|move|p1b: Whimsicott|Tailwind|p1b: Whimsicott
|-sidestart|p1: thaduck|move: Tailwind
|move|p1a: Basculegion|Last Respects|p2a: Venusaur
|-damage|p2a: Venusaur|27/100
|move|p2a: Venusaur|Leaf Storm|p1a: Basculegion
|-supereffective|p1a: Basculegion|1
|-damage|p1a: Basculegion|0 fnt
|-unboost|p2a: Venusaur|spa|2
|faint|p1a: Basculegion
|-damage|p2a: Venusaur|17/100|[from] item: Life Orb
|move|p2b: Toxapex|Infestation|p1b: Whimsicott
|-damage|p1b: Whimsicott|19/100 tox
|-activate|p1b: Whimsicott|move: Infestation|[of] p2b: Toxapex
|
|-weather|SunnyDay|[upkeep]
|-heal|p2b: Toxapex|53/100|[from] item: Leftovers
|-damage|p1b: Whimsicott|2/100 tox|[from] psn
|-damage|p1b: Whimsicott|0 fnt|[from] move: Infestation|[partiallytrapped]
|faint|p1b: Whimsicott
|upkeep
|
|t:|1785025370
|switch|p1b: Floette|Floette-Eternal, L50, F|100/100
|turn|10
|
|t:|1785025391
|-heal|p2b: Toxapex|86/100|[from] ability: Regenerator|[silent]
|switch|p2b: Charizard|Charizard-Mega-Y, L50, F|100/100
|detailschange|p1b: Floette|Floette-Mega, L50, F
|-mega|p1b: Floette|Floette|Floettite
|-ability|p1b: Floette|Fairy Aura
|move|p2a: Venusaur|Protect|p2a: Venusaur
|-singleturn|p2a: Venusaur|Protect
|move|p1b: Floette|Dazzling Gleam|p2b: Charizard|[spread] p2b
|-activate|p2a: Venusaur|move: Protect
|-resisted|p2b: Charizard|1
|-damage|p2b: Charizard|77/100
|
|-weather|SunnyDay|[upkeep]
|upkeep
|turn|11
|
|t:|1785025406
|move|p1b: Floette|Light of Ruin|p2b: Charizard
|-resisted|p2b: Charizard|1
|-damage|p2b: Charizard|20/100y
|-damage|p1b: Floette|66/100|[from] Recoil
|move|p2a: Venusaur|Sludge Bomb|p1b: Floette
|-supereffective|p1b: Floette|1
|-damage|p1b: Floette|14/100
|-status|p1b: Floette|psn
|-damage|p2a: Venusaur|8/100|[from] item: Life Orb
|move|p2b: Charizard|Weather Ball|p1b: Floette
|-damage|p1b: Floette|0 fnt
|faint|p1b: Floette
|
|win|alkdfe
|raw|thaduck's rating: 1203 → 1182(-21 for losing)
|raw|alkdfe's rating: 1256 → 1277(+21 for winning)
|c|☆alkdfe|gg
