|j|☆TetheredAvian74
|j|☆lillyrosethedemon
|html|TetheredAvian74lillyrosethedemon    
|uhtml|bestof|Game 1 of a best-of-3
|t:|1785282112
|gametype|doubles
|player|p1|TetheredAvian74|266|1220
|player|p2|lillyrosethedemon|nurse|1239
|gen|9
|tier|[Gen 9 Champions] VGC 2026 Reg M-B (Bo3)
|rated|
|rule|Species Clause: Limit one of each Pokémon
|rule|Item Clause: Limit 1 of each item
|clearpoke
|poke|p1|Pelipper, L50, F|
|poke|p1|Swampert, L50, F|
|poke|p1|Sinistcha, L50|
|poke|p1|Blastoise, L50, F|
|poke|p1|Archaludon, L50, F|
|poke|p1|Raichu, L50, F|
|poke|p2|Staraptor, L50, F|
|poke|p2|Delphox, L50, M|
|poke|p2|Glimmora, L50, M|
|poke|p2|Kingambit, L50, F|
|poke|p2|Whimsicott, L50, F|
|poke|p2|Garchomp, L50, M|
|teampreview|4
|showteam|p1|Pelipper||FocusSash|Drizzle|Tailwind,WideGuard,Hurricane,WeatherBall|Modest||F|||50|]Swampert||Swampertite|Torrent|Earthquake,WaveCrash,RockSlide,Protect|Adamant||F|||50|]Sinistcha||SitrusBerry|Hospitality|RagePowder,LifeDew,MatchaGotcha,Protect|Calm|||||50|]Blastoise||Blastoisinite|RainDish|ShellSmash,WaterSpout,DarkPulse,Protect|Modest||F|||50|]Archaludon||Leftovers|Stamina|ElectroShot,DragonPulse,AuraSphere,Protect|Calm||F|||50|]Raichu||RaichuniteX|LightningRod|Feint,VoltTackle,VoltSwitch,BrickBreak|Jolly||F|||50|
|showteam|p2|Staraptor||Staraptite|Intimidate|BraveBird,CloseCombat,Protect,Roost|Jolly||F|||50|]Delphox||Delphoxite|Blaze|Substitute,Psyshock,HeatWave,Protect|Timid||M|||50|]Glimmora||FocusSash|ToxicDebris|EarthPower,SpikyShield,PowerGem,SludgeBomb|Timid||M|||50|]Kingambit||ChopleBerry|Defiant|KowtowCleave,LowKick,SuckerPunch,IronHead|Adamant||F|||50|]Whimsicott||OccaBerry|Prankster|Moonblast,Charm,Encore,Tailwind|Timid||F|||50|]Garchomp||LifeOrb|RoughSkin|RockSlide,StompingTantrum,Protect,DragonClaw|Adamant||M|||50|
|inactive|Battle timer is ON: inactive players will automatically lose when time's up. (requested by TetheredAvian74)
|inactive|TetheredAvian74 has 60 seconds left.
|
|t:|1785282156
|teamsize|p1|4
|teamsize|p2|4
|start
|switch|p1a: Raichu|Raichu, L50, F|100/100
|switch|p1b: Archaludon|Archaludon, L50, F|100/100
|switch|p2a: Kingambit|Kingambit, L50, F|100/100
|switch|p2b: Staraptor|Staraptor, L50, F|100/100
|-ability|p2b: Staraptor|Intimidate|boost
|-unboost|p1a: Raichu|atk|1
|-unboost|p1b: Archaludon|atk|1
|turn|1
|inactive|TetheredAvian74 has 30 seconds left.
|
|t:|1785282185
|switch|p2b: Garchomp|Garchomp, L50, M|100/100
|detailschange|p1a: Raichu|Raichu-Mega-X, L50, F
|-mega|p1a: Raichu|Raichu|Raichunite X
|-fieldstart|move: Electric Terrain|[from] ability: Electric Surge|[of] p1a: Raichu
|move|p1a: Raichu|Volt Switch|p2b: Garchomp
|-immune|p2b: Garchomp
|move|p1b: Archaludon|Aura Sphere|p2a: Kingambit
|-supereffective|p2a: Kingambit|2
|-enditem|p2a: Kingambit|Chople Berry|[eat]
|-enditem|p2a: Kingambit|Chople Berry|[weaken]
|-damage|p2a: Kingambit|57/100
|move|p2a: Kingambit|Kowtow Cleave|p1a: Raichu
|-crit|p1a: Raichu
|-damage|p1a: Raichu|3/100
|
|upkeep
|turn|2
|
|t:|1785282209
|move|p2a: Kingambit|Sucker Punch|p1a: Raichu
|-damage|p1a: Raichu|0 fnt
|faint|p1a: Raichu
|move|p2b: Garchomp|Stomping Tantrum|p1b: Archaludon
|-supereffective|p1b: Archaludon|1
|-damage|p1b: Archaludon|11/100
|-ability|p1b: Archaludon|Stamina|boost
|-boost|p1b: Archaludon|def|1
|-damage|p2b: Garchomp|90/100|[from] item: Life Orb
|move|p1b: Archaludon|Dragon Pulse|p2b: Garchomp
|-supereffective|p2b: Garchomp|1
|-damage|p2b: Garchomp|2/100
|
|-heal|p1b: Archaludon|17/100|[from] item: Leftovers
|upkeep
|
|t:|1785282226
|switch|p1a: Sinistcha|Sinistcha, L50|100/100
|-heal|p1b: Archaludon|42/100|[from] ability: Hospitality|[of] p1a: Sinistcha
|turn|3
|
|t:|1785282247
|switch|p2a: Whimsicott|Whimsicott, L50, F|100/100
|move|p1a: Sinistcha|Protect|p1a: Sinistcha
|-singleturn|p1a: Sinistcha|Protect
|move|p2b: Garchomp|Dragon Claw|p1a: Sinistcha
|-activate|p1a: Sinistcha|move: Protect
|move|p1b: Archaludon|Aura Sphere|p2a: Whimsicott
|-resisted|p2a: Whimsicott|1
|-damage|p2a: Whimsicott|84/100
|
|-heal|p1b: Archaludon|48/100|[from] item: Leftovers
|upkeep
|turn|4
|
|t:|1785282268
|switch|p1b: Pelipper|Pelipper, L50, F|100/100
|-weather|RainDance|[from] ability: Drizzle|[of] p1b: Pelipper
|move|p2a: Whimsicott|Moonblast|p1b: Pelipper
|-damage|p1b: Pelipper|65/100
|move|p2b: Garchomp|Dragon Claw|p1a: Sinistcha
|-damage|p1a: Sinistcha|43/100
|-enditem|p1a: Sinistcha|Sitrus Berry|[eat]
|-heal|p1a: Sinistcha|67/100|[from] item: Sitrus Berry
|-damage|p2b: Garchomp|0 fnt|[from] item: Life Orb
|faint|p2b: Garchomp
|move|p1a: Sinistcha|Matcha Gotcha|p2a: Whimsicott
|-resisted|p2a: Whimsicott|1
|-damage|p2a: Whimsicott|62/100
|-heal|p1a: Sinistcha|76/100|[from] drain|[of] p2a: Whimsicott
|
|-weather|RainDance|[upkeep]
|upkeep
|
|t:|1785282292
|switch|p2b: Staraptor|Staraptor, L50, F|100/100
|-ability|p2b: Staraptor|Intimidate|boost
|-unboost|p1a: Sinistcha|atk|1
|-unboost|p1b: Pelipper|atk|1
|turn|5
|
|t:|1785282314
|switch|p1a: Archaludon|Archaludon, L50, F|48/100
|move|p2b: Staraptor|Brave Bird|p1b: Pelipper
|-damage|p1b: Pelipper|1/100
|-damage|p2b: Staraptor|78/100|[from] Recoil
|move|p2a: Whimsicott|Moonblast|p1b: Pelipper
|-damage|p1b: Pelipper|0 fnt
|faint|p1b: Pelipper
|
|-weather|RainDance|[upkeep]
|-heal|p1a: Archaludon|54/100|[from] item: Leftovers
|-fieldend|move: Electric Terrain
|upkeep
|
|t:|1785282326
|switch|p1b: Sinistcha|Sinistcha, L50|76/100
|-heal|p1a: Archaludon|79/100|[from] ability: Hospitality|[of] p1b: Sinistcha
|turn|6
|
|t:|1785282345
|switch|p2b: Kingambit|Kingambit, L50, F|57/100
|move|p1b: Sinistcha|Rage Powder|p1b: Sinistcha
|-singleturn|p1b: Sinistcha|move: Rage Powder
|move|p2a: Whimsicott|Moonblast|p1a: Archaludon
|-damage|p1a: Archaludon|52/100
|-ability|p1a: Archaludon|Stamina|boost
|-boost|p1a: Archaludon|def|1
|move|p1a: Archaludon|Electro Shot||[still]
|-prepare|p1a: Archaludon|Electro Shot
|-boost|p1a: Archaludon|spa|1
|-anim|p1a: Archaludon|Electro Shot|p2b: Kingambit
|-damage|p2b: Kingambit|7/100
|
|-weather|RainDance|[upkeep]
|-heal|p1a: Archaludon|58/100|[from] item: Leftovers
|upkeep
|turn|7
|
|t:|1785282365
|move|p1b: Sinistcha|Protect|p1b: Sinistcha
|-singleturn|p1b: Sinistcha|Protect
|move|p2a: Whimsicott|Tailwind|p2a: Whimsicott
|-sidestart|p2: lillyrosethedemon|move: Tailwind
|move|p2b: Kingambit|Kowtow Cleave|p1b: Sinistcha
|-activate|p1b: Sinistcha|move: Protect
|move|p1a: Archaludon|Electro Shot||[still]
|-prepare|p1a: Archaludon|Electro Shot
|-boost|p1a: Archaludon|spa|1
|-anim|p1a: Archaludon|Electro Shot|p2b: Kingambit
|-damage|p2b: Kingambit|0 fnt
|faint|p2b: Kingambit
|
|-weather|RainDance|[upkeep]
|-heal|p1a: Archaludon|64/100|[from] item: Leftovers
|upkeep
|
|t:|1785282370
|switch|p2b: Staraptor|Staraptor, L50, F|78/100
|-ability|p2b: Staraptor|Intimidate|boost
|-unboost|p1a: Archaludon|atk|1
|-unboost|p1b: Sinistcha|atk|1
|turn|8
|
|t:|1785282391
|detailschange|p2b: Staraptor|Staraptor-Mega, L50, F
|-mega|p2b: Staraptor|Staraptor|Staraptite
|move|p2b: Staraptor|Brave Bird|p1b: Sinistcha
|-supereffective|p1b: Sinistcha|1
|-damage|p1b: Sinistcha|0 fnt
|faint|p1b: Sinistcha
|-damage|p2b: Staraptor|52/100|[from] Recoil
|move|p2a: Whimsicott|Moonblast|p1a: Archaludon
|-damage|p1a: Archaludon|33/100
|-ability|p1a: Archaludon|Stamina|boost
|-boost|p1a: Archaludon|def|1
|move|p1a: Archaludon|Electro Shot||[still]
|-prepare|p1a: Archaludon|Electro Shot
|-boost|p1a: Archaludon|spa|1
|-anim|p1a: Archaludon|Electro Shot|p2b: Staraptor
|-supereffective|p2b: Staraptor|1
|-damage|p2b: Staraptor|0 fnt
|faint|p2b: Staraptor
|
|-weather|none
|-heal|p1a: Archaludon|39/100|[from] item: Leftovers
|upkeep
|turn|9
|
|t:|1785282412
|move|p1a: Archaludon|Protect|p1a: Archaludon
|-singleturn|p1a: Archaludon|Protect
|move|p2a: Whimsicott|Moonblast|p1a: Archaludon
|-activate|p1a: Archaludon|move: Protect
|
|-heal|p1a: Archaludon|45/100|[from] item: Leftovers
|upkeep
|turn|10
|
|t:|1785282432
|move|p2a: Whimsicott|Encore|p1a: Archaludon
|-start|p1a: Archaludon|Encore
|move|p1a: Archaludon|Protect||[still]
|-fail|p1a: Archaludon
|
|-heal|p1a: Archaludon|51/100|[from] item: Leftovers
|-sideend|p2: lillyrosethedemon|move: Tailwind
|upkeep
|turn|11
|inactive|TetheredAvian74 has 30 seconds left.
|inactive|TetheredAvian74 has 20 seconds left.
|inactive|TetheredAvian74 has 15 seconds left.
|inactive|TetheredAvian74 has 10 seconds left.
|
|t:|1785282481
|move|p1a: Archaludon|Protect|p1a: Archaludon
|-singleturn|p1a: Archaludon|Protect
|move|p2a: Whimsicott|Moonblast|p1a: Archaludon
|-activate|p1a: Archaludon|move: Protect
|
|-heal|p1a: Archaludon|57/100|[from] item: Leftovers
|upkeep
|turn|12
|c|☆lillyrosethedemon|o
|inactive|TetheredAvian74 has 30 seconds left.
|inactive|TetheredAvian74 has 20 seconds left.
|inactive|TetheredAvian74 has 15 seconds left.
|inactive|TetheredAvian74 has 10 seconds left.
|inactive|TetheredAvian74 has 5 seconds left.
|
|t:|1785282532
|move|p1a: Archaludon|Protect||[still]
|-fail|p1a: Archaludon
|move|p2a: Whimsicott|Moonblast|p1a: Archaludon
|-crit|p1a: Archaludon
|-damage|p1a: Archaludon|14/100
|-ability|p1a: Archaludon|Stamina|boost
|-boost|p1a: Archaludon|def|1
|
|-heal|p1a: Archaludon|20/100y|[from] item: Leftovers
|-end|p1a: Archaludon|Encore
|upkeep
|turn|13
|inactive|TetheredAvian74 has 30 seconds left.
|inactive|TetheredAvian74 has 20 seconds left.
|inactive|TetheredAvian74 has 15 seconds left.
|inactive|TetheredAvian74 has 10 seconds left.
|inactive|TetheredAvian74 has 5 seconds left.
|
|t:|1785282585
|move|p1a: Archaludon|Protect|p1a: Archaludon
|-singleturn|p1a: Archaludon|Protect
|move|p2a: Whimsicott|Moonblast|p1a: Archaludon
|-activate|p1a: Archaludon|move: Protect
|
|-heal|p1a: Archaludon|26/100|[from] item: Leftovers
|upkeep
|turn|14
|inactive|TetheredAvian74 has 30 seconds left.
|inactive|TetheredAvian74 has 20 seconds left.
|inactive|TetheredAvian74 has 15 seconds left.
|inactive|TetheredAvian74 has 10 seconds left.
|
|t:|1785282631
|move|p1a: Archaludon|Protect|p1a: Archaludon
|-singleturn|p1a: Archaludon|Protect
|move|p2a: Whimsicott|Moonblast|p1a: Archaludon
|-activate|p1a: Archaludon|move: Protect
|
|-heal|p1a: Archaludon|32/100|[from] item: Leftovers
|upkeep
|turn|15
|inactive|TetheredAvian74 has 15 seconds left this turn.
|inactive|TetheredAvian74 has 10 seconds left.
|inactive|TetheredAvian74 has 5 seconds left.
|-message|TetheredAvian74 lost due to inactivity.
|
|win|lillyrosethedemon
||TetheredAvian74 is ready for game 2.
||lillyrosethedemon is ready for game 2.
|uhtml|next|Next: Game 2 of 3
|l|☆TetheredAvian74
|player|p1|
