|j|☆qpdbo0il
|j|☆Mclovingods
|html|qpdbo0ilMclovingods    
|uhtml|bestof|Game 1 of a best-of-3
|t:|1782424858
|gametype|doubles
|player|p1|qpdbo0il|266|1074
|player|p2|Mclovingods|169|1148
|gen|9
|tier|[Gen 9 Champions] VGC 2026 Reg M-B (Bo3)
|rated|
|rule|Species Clause: Limit one of each Pokémon
|rule|Item Clause: Limit 1 of each item
|clearpoke
|poke|p1|Ampharos, L50, F|
|poke|p1|Farigiraf, L50, M|
|poke|p1|Crabominable, L50, F|
|poke|p1|Sinistcha, L50|
|poke|p1|Toxapex, L50, M|
|poke|p1|Palafin, L50, F|
|poke|p2|Delphox, L50, M|
|poke|p2|Basculegion, L50, M|
|poke|p2|Sinistcha, L50|
|poke|p2|Incineroar, L50, F|
|poke|p2|Garchomp, L50, M|
|poke|p2|Staraptor, L50, F|
|teampreview|4
|showteam|p1|Ampharos||Ampharosite|Static|VoltSwitch,Thunderbolt,DragonPulse,Protect|Quiet||F|||50|]Farigiraf||SitrusBerry|ArmorTail|PsychicNoise,FoulPlay,Protect,TrickRoom|Sassy||M|||50|]Crabominable||Crabominite|HyperCutter|Crabhammer,IceSpinner,CloseCombat,Protect|Adamant||F|||50|]Sinistcha||FocusSash|Hospitality|MatchaGotcha,ShadowBall,Protect,RagePowder|Relaxed|||||50|]Toxapex||Leftovers|Regenerator|BanefulBunker,Toxic,Substitute,AcidSpray|Relaxed||M|||50|]Palafin||MysticWater|ZerotoHero|FlipTurn,JetPunch,WaveCrash,Protect|Jolly||F|||50|
|showteam|p2|Delphox||Delphoxite|Blaze|NastyPlot,HeatWave,Psychic,Protect|Timid||M|||50|]Basculegion||MysticWater|Adaptability|WaveCrash,AquaJet,LastRespects,Protect|Jolly||M|||50|]Sinistcha||CobaBerry|Hospitality|MatchaGotcha,RagePowder,LifeDew,TrickRoom|Calm|||||50|]Incineroar||SitrusBerry|Intimidate|FakeOut,PartingShot,FlareBlitz,DarkestLariat|Careful||F|||50|]Garchomp||LifeOrb|RoughSkin|Earthquake,DragonClaw,RockSlide,Protect|Jolly||M|||50|]Staraptor||Staraptite|Intimidate|CloseCombat,BraveBird,Protect,Roost|Jolly||F|||50|
|inactive|Battle timer is ON: inactive players will automatically lose when time's up. (requested by qpdbo0il)
|
|t:|1782424889
|teamsize|p1|4
|teamsize|p2|4
|start
|switch|p1a: Palafin|Palafin, L50, F|100/100
|switch|p1b: Farigiraf|Farigiraf, L50, M|100/100
|switch|p2a: Delphox|Delphox, L50, M|100/100
|switch|p2b: Sinistcha|Sinistcha, L50|100/100
|turn|1
|
|t:|1782424897
|detailschange|p2a: Delphox|Delphox-Mega, L50, M
|-mega|p2a: Delphox|Delphox|Delphoxite
|move|p1b: Farigiraf|Protect|p1b: Farigiraf
|-singleturn|p1b: Farigiraf|Protect
|move|p2b: Sinistcha|Rage Powder|p2b: Sinistcha
|-singleturn|p2b: Sinistcha|move: Rage Powder
|move|p2a: Delphox|Nasty Plot|p2a: Delphox
|-boost|p2a: Delphox|spa|2
|move|p1a: Palafin|Flip Turn|p2b: Sinistcha
|-resisted|p2b: Sinistcha|1
|-crit|p2b: Sinistcha
|-damage|p2b: Sinistcha|81/100
|
|t:|1782424905
|detailschange|p1a: Palafin|Palafin-Hero, L50, F
|switch|p1a: Ampharos|Ampharos, L50, F|100/100|[from] Flip Turn
|
|upkeep
|turn|2
|
|t:|1782424921
|move|p1a: Ampharos|Protect|p1a: Ampharos
|-singleturn|p1a: Ampharos|Protect
|move|p2b: Sinistcha|Rage Powder|p2b: Sinistcha
|-singleturn|p2b: Sinistcha|move: Rage Powder
|move|p2a: Delphox|Heat Wave|p1b: Farigiraf|[spread] p1b
|-activate|p1a: Ampharos|move: Protect
|-damage|p1b: Farigiraf|41/100
|-enditem|p1b: Farigiraf|Sitrus Berry|[eat]
|-heal|p1b: Farigiraf|66/100|[from] item: Sitrus Berry
|move|p1b: Farigiraf|Trick Room|p1b: Farigiraf
|-fieldstart|move: Trick Room|[of] p1b: Farigiraf
|
|upkeep
|turn|3
|
|t:|1782424943
|detailschange|p1a: Ampharos|Ampharos-Mega, L50, F
|-mega|p1a: Ampharos|Ampharos|Ampharosite
|-ability|p1a: Ampharos|Mold Breaker
|move|p1b: Farigiraf|Protect|p1b: Farigiraf
|-singleturn|p1b: Farigiraf|Protect
|move|p2a: Delphox|Protect|p2a: Delphox
|-singleturn|p2a: Delphox|Protect
|move|p1a: Ampharos|Dragon Pulse|p2b: Sinistcha
|-damage|p2b: Sinistcha|30/100
|move|p2b: Sinistcha|Trick Room|p2b: Sinistcha
|-fieldend|move: Trick Room
|
|upkeep
|turn|4
|
|t:|1782424962
|switch|p1b: Toxapex|Toxapex, L50, M|100/100
|switch|p1a: Palafin|Palafin-Hero, L50, F|100/100
|-activate|p1a: Palafin|ability: Zero to Hero
|move|p2b: Sinistcha|Rage Powder|p2b: Sinistcha
|-singleturn|p2b: Sinistcha|move: Rage Powder
|move|p2a: Delphox|Psychic|p1a: Palafin
|-damage|p1a: Palafin|0 fnt
|faint|p1a: Palafin
|
|upkeep
|
|t:|1782424972
|switch|p1a: Farigiraf|Farigiraf, L50, M|66/100
|turn|5
|
|t:|1782424983
|switch|p2b: Garchomp|Garchomp, L50, M|100/100
|move|p2a: Delphox|Heat Wave|p1a: Farigiraf|[spread] p1a,p1b
|-resisted|p1b: Toxapex|1
|-damage|p1a: Farigiraf|8/100
|-damage|p1b: Toxapex|67/100
|move|p1a: Farigiraf|Foul Play|p2b: Garchomp
|-damage|p2b: Garchomp|63/100
|-damage|p1a: Farigiraf|0 fnt|[from] ability: Rough Skin|[of] p2b: Garchomp
|faint|p1a: Farigiraf
|move|p1b: Toxapex|Toxic|p2a: Delphox
|-status|p2a: Delphox|tox
|
|-heal|p1b: Toxapex|73/100|[from] item: Leftovers
|-damage|p2a: Delphox|94/100 tox|[from] psn
|upkeep
|
|t:|1782424996
|switch|p1a: Ampharos|Ampharos-Mega, L50, F|100/100
|-ability|p1a: Ampharos|Mold Breaker
|turn|6
|
|t:|1782425007
|move|p1a: Ampharos|Protect|p1a: Ampharos
|-singleturn|p1a: Ampharos|Protect
|move|p2a: Delphox|Psychic|p1a: Ampharos
|-activate|p1a: Ampharos|move: Protect
|move|p2b: Garchomp|Earthquake|p1b: Toxapex|[spread] p1b
|-activate|p1a: Ampharos|move: Protect
|-immune|p2a: Delphox|[from] ability: Levitate
|-supereffective|p1b: Toxapex|1
|-damage|p1b: Toxapex|1/100
|-damage|p2b: Garchomp|53/100|[from] item: Life Orb
|move|p1b: Toxapex|Toxic|p2b: Garchomp
|-status|p2b: Garchomp|tox
|
|-heal|p1b: Toxapex|7/100|[from] item: Leftovers
|-damage|p2a: Delphox|82/100 tox|[from] psn
|-damage|p2b: Garchomp|47/100 tox|[from] psn
|upkeep
|turn|7
|inactive|qpdbo0il has 30 seconds left.
|
|t:|1782425034
|move|p1b: Toxapex|Baneful Bunker|p1b: Toxapex
|-singleturn|p1b: Toxapex|move: Protect
|move|p2a: Delphox|Psychic|p1a: Ampharos
|-damage|p1a: Ampharos|8/100
|move|p2b: Garchomp|Earthquake|p1b: Toxapex|[spread] p1a
|-activate|p1b: Toxapex|move: Protect
|-immune|p2a: Delphox|[from] ability: Levitate
|-supereffective|p1a: Ampharos|1
|-crit|p1a: Ampharos
|-damage|p1a: Ampharos|0 fnt
|faint|p1a: Ampharos
|-damage|p2b: Garchomp|37/100 tox|[from] item: Life Orb
|
|-heal|p1b: Toxapex|13/100|[from] item: Leftovers
|-damage|p2a: Delphox|64/100 tox|[from] psn
|-damage|p2b: Garchomp|25/100 tox|[from] psn
|upkeep
|turn|8
|
|t:|1782425045
|move|p1b: Toxapex|Baneful Bunker|p1b: Toxapex
|-singleturn|p1b: Toxapex|move: Protect
|move|p2a: Delphox|Psychic|p1b: Toxapex
|-activate|p1b: Toxapex|move: Protect
|move|p2b: Garchomp|Earthquake|p1b: Toxapex|[spread] 
|-activate|p1b: Toxapex|move: Protect
|-immune|p2a: Delphox|[from] ability: Levitate
|
|-heal|p1b: Toxapex|19/100|[from] item: Leftovers
|-damage|p2a: Delphox|40/100 tox|[from] psn
|-damage|p2b: Garchomp|8/100 tox|[from] psn
|upkeep
|turn|9
|
|t:|1782425058
|move|p1b: Toxapex|Baneful Bunker|p1b: Toxapex
|-singleturn|p1b: Toxapex|move: Protect
|move|p2a: Delphox|Psychic|p1b: Toxapex
|-activate|p1b: Toxapex|move: Protect
|move|p2b: Garchomp|Earthquake|p1b: Toxapex|[spread] 
|-activate|p1b: Toxapex|move: Protect
|-immune|p2a: Delphox|[from] ability: Levitate
|
|-heal|p1b: Toxapex|24/100|[from] item: Leftovers
|-damage|p2a: Delphox|11/100 tox|[from] psn
|-damage|p2b: Garchomp|0 fnt|[from] psn
|faint|p2b: Garchomp
|upkeep
|
|t:|1782425064
|switch|p2b: Sinistcha|Sinistcha, L50|30/100
|-heal|p2a: Delphox|36/100 tox|[from] ability: Hospitality|[of] p2b: Sinistcha
|turn|10
|
|t:|1782425077
|move|p2a: Delphox|Psychic|p1b: Toxapex
|-supereffective|p1b: Toxapex|1
|-damage|p1b: Toxapex|0 fnt
|faint|p1b: Toxapex
|
|win|Mclovingods
||qpdbo0il is ready for game 2.
||Mclovingods is ready for game 2.
|uhtml|next|Next: Game 2 of 3
|l|☆qpdbo0il
|player|p1|
