|j|☆Axo of DOOM
|j|☆grimgarrr
|html|Axo of DOOMgrimgarrr    
|uhtml|bestof|Game 3 of a best-of-3
|t:|1785111082
|gametype|doubles
|player|p1|Axo of DOOM|crasherwake|1140
|player|p2|grimgarrr|pryce|1119
|gen|9
|tier|[Gen 9 Champions] VGC 2026 Reg M-B (Bo3)
|rated|
|rule|Species Clause: Limit one of each Pokémon
|rule|Item Clause: Limit 1 of each item
|clearpoke
|poke|p1|Tyranitar, L50, F|
|poke|p1|Excadrill, L50, M|
|poke|p1|Milotic, L50, M|
|poke|p1|Sinistcha, L50|
|poke|p1|Staraptor, L50, F|
|poke|p1|Gholdengo, L50|
|poke|p2|Scovillain, L50, M|
|poke|p2|Sneasler, L50, M|
|poke|p2|Kingambit, L50, F|
|poke|p2|Basculegion, L50, M|
|poke|p2|Froslass, L50, F|
|poke|p2|Lycanroc-Dusk, L50, M|
|teampreview|4
|showteam|p1|Tyranitar||Tyranitarite|SandStream|KnockOff,RockSlide,HighHorsepower,Protect|Jolly||F|||50|]Excadrill||FocusSash|SandRush|Earthquake,IronHead,RockSlide,Protect|Adamant||M|||50|]Milotic||SitrusBerry|Competitive|Scald,IcyWind,Haze,Protect|Calm||M|||50|]Sinistcha||ColburBerry|Hospitality|MatchaGotcha,ShadowBall,Protect,RagePowder|Bold|||||50|]Staraptor||Staraptite|Intimidate|CloseCombat,BraveBird,Tailwind,Protect|Jolly||F|||50|]Gholdengo||LifeOrb|GoodasGold|MakeItRain,ShadowBall,NastyPlot,Protect|Modest|||||50|
|showteam|p2|Scovillain||Scovillainite|Moody|RagePowder,LeechSeed,Protect,GigaDrain|Sassy||M|||50|]Sneasler||WhiteHerb|Unburden|CloseCombat,Protect,DireClaw,FakeOut|Adamant||M|||50|]Kingambit||SitrusBerry|Defiant|SuckerPunch,KowtowCleave,IronHead,Protect|Adamant||F|||50|]Basculegion||ChoiceScarf|Adaptability|FlipTurn,LastRespects,WaveCrash,PsychicFangs|Jolly||M|||50|]Froslass||Froslassite|SnowCloak|AuroraVeil,Blizzard,Protect,ShadowBall|Timid||F|||50|]Lycanroc-Dusk||FocusSash|ToughClaws|Accelerock,Protect,CloseCombat,RockSlide|Adamant||M|||50|
|inactive|Battle timer is ON: inactive players will automatically lose when time's up. (requested by Axo of DOOM)
|
|t:|1785111132
|teamsize|p1|4
|teamsize|p2|4
|start
|switch|p1a: Tyranitar|Tyranitar, L50, F|100/100
|switch|p1b: Excadrill|Excadrill, L50, M|100/100
|switch|p2a: Kingambit|Kingambit, L50, F|100/100
|switch|p2b: Froslass|Froslass, L50, F|100/100
|-weather|Sandstorm|[from] ability: Sand Stream|[of] p1a: Tyranitar
|turn|1
|inactive|Axo of DOOM has 30 seconds left.
|
|t:|1785111161
|move|p2b: Froslass|Protect|p2b: Froslass
|-singleturn|p2b: Froslass|Protect
|move|p1a: Tyranitar|Protect|p1a: Tyranitar
|-singleturn|p1a: Tyranitar|Protect
|move|p2a: Kingambit|Protect|p2a: Kingambit
|-singleturn|p2a: Kingambit|Protect
|move|p1b: Excadrill|Earthquake|p2a: Kingambit|[spread] 
|-activate|p1a: Tyranitar|move: Protect
|-activate|p2a: Kingambit|move: Protect
|-activate|p2b: Froslass|move: Protect
|
|-weather|Sandstorm|[upkeep]
|-damage|p2b: Froslass|93/100|[from] Sandstorm
|upkeep
|turn|2
|inactive|Axo of DOOM has 30 seconds left.
|inactive|grimgarrr has 30 seconds left.
|inactive|grimgarrr has 20 seconds left.
|
|t:|1785111198
|detailschange|p2b: Froslass|Froslass-Mega, L50, F
|-mega|p2b: Froslass|Froslass|Froslassite
|-weather|Snowscape|[from] ability: Snow Warning|[of] p2b: Froslass
|move|p2b: Froslass|Shadow Ball|p1b: Excadrill
|-damage|p1b: Excadrill|44/100
|move|p1b: Excadrill|Iron Head|p2b: Froslass
|-supereffective|p2b: Froslass|1
|-damage|p2b: Froslass|0 fnt
|faint|p2b: Froslass
|move|p1a: Tyranitar|High Horsepower|p2a: Kingambit
|-supereffective|p2a: Kingambit|1
|-damage|p2a: Kingambit|50/100g
|move|p2a: Kingambit|Iron Head|p1a: Tyranitar
|-supereffective|p1a: Tyranitar|1
|-damage|p1a: Tyranitar|14/100
|
|-weather|Snowscape|[upkeep]
|upkeep
|
|t:|1785111217
|switch|p2b: Sneasler|Sneasler, L50, M|100/100
|turn|3
|
|t:|1785111238
|detailschange|p1a: Tyranitar|Tyranitar-Mega, L50, F
|-mega|p1a: Tyranitar|Tyranitar|Tyranitarite
|-weather|Sandstorm|[from] ability: Sand Stream|[of] p1a: Tyranitar
|move|p1b: Excadrill|Protect|p1b: Excadrill
|-singleturn|p1b: Excadrill|Protect
|move|p1a: Tyranitar|Protect|p1a: Tyranitar
|-singleturn|p1a: Tyranitar|Protect
|move|p2b: Sneasler|Fake Out|p1b: Excadrill
|-activate|p1b: Excadrill|move: Protect
|move|p2a: Kingambit|Kowtow Cleave|p1b: Excadrill
|-activate|p1b: Excadrill|move: Protect
|
|-weather|Sandstorm|[upkeep]
|-damage|p2b: Sneasler|94/100|[from] Sandstorm
|upkeep
|turn|4
|
|t:|1785111254
|switch|p1a: Sinistcha|Sinistcha, L50|100/100
|-heal|p1b: Excadrill|69/100|[from] ability: Hospitality|[of] p1a: Sinistcha
|move|p2b: Sneasler|Protect|p2b: Sneasler
|-singleturn|p2b: Sneasler|Protect
|move|p2a: Kingambit|Protect|p2a: Kingambit
|-singleturn|p2a: Kingambit|Protect
|move|p1b: Excadrill|Earthquake|p2a: Kingambit|[spread] p1a
|-activate|p2a: Kingambit|move: Protect
|-activate|p2b: Sneasler|move: Protect
|-resisted|p1a: Sinistcha|1
|-damage|p1a: Sinistcha|84/100
|
|-weather|Sandstorm|[upkeep]
|-damage|p2b: Sneasler|88/100|[from] Sandstorm
|-damage|p1a: Sinistcha|78/100|[from] Sandstorm
|upkeep
|turn|5
|j| guccirain2006
|inactive|grimgarrr has 30 seconds left.
|inactive|grimgarrr has 20 seconds left.
|
|t:|1785111289
|move|p1a: Sinistcha|Protect|p1a: Sinistcha
|-singleturn|p1a: Sinistcha|Protect
|move|p1b: Excadrill|Earthquake|p2b: Sneasler|[spread] p2a,p2b
|-activate|p1a: Sinistcha|move: Protect
|-supereffective|p2a: Kingambit|1
|-supereffective|p2b: Sneasler|1
|-damage|p2a: Kingambit|0 fnt
|-damage|p2b: Sneasler|0 fnt
|faint|p2a: Kingambit
|faint|p2b: Sneasler
|
|-weather|Sandstorm|[upkeep]
|-damage|p1a: Sinistcha|72/100|[from] Sandstorm
|upkeep
|-message|grimgarrr forfeited.
|
|win|Axo of DOOM
|raw|Axo of DOOM's rating: 1140 → 1163(+23 for winning)
|raw|grimgarrr's rating: 1119 → 1096(-23 for losing)
