|j|☆spearow's nest
|j|☆luckstat10
|html|spearow's nestluckstat10    
|uhtml|bestof|Game 2 of a best-of-3
|t:|1757002515
|gametype|doubles
|player|p1|spearow's nest|lance|1203
|player|p2|luckstat10|266|1197
|gen|9
|tier|[Gen 9] VGC 2025 Reg H (Bo3)
|rated|
|rule|Species Clause: Limit one of each Pokémon
|rule|Item Clause: Limit 1 of each item
|clearpoke
|poke|p1|Rillaboom, L50, M|
|poke|p1|Dragonite, L50, M|
|poke|p1|Sneasler, L50, M|
|poke|p1|Ninetales-Alola, L50, F|
|poke|p1|Kingambit, L50, M|
|poke|p1|Volcarona, L50, F|
|poke|p2|Whimsicott, L50, F|
|poke|p2|Typhlosion-Hisui, L50, M|
|poke|p2|Ursaluna-Bloodmoon, L50, M|
|poke|p2|Indeedee, L50, M|
|poke|p2|Sneasler, L50, F|
|poke|p2|Dragapult, L50, F|
|teampreview|4
|showteam|p1|Rillaboom||AssaultVest|GrassySurge|WoodHammer,GrassyGlide,HighHorsepower,FakeOut|||M|||50|,,,,,Fire]Dragonite||LoadedDice|Multiscale|Protect,ScaleShot,LowKick,Haze|||M|||50|,,,,,Fairy]Sneasler||WhiteHerb|Unburden|Protect,DireClaw,CloseCombat,Coaching|||M|||50|,,,,,Ghost]Ninetales-Alola||ChoiceSpecs|SnowWarning|Blizzard,IcyWind,Moonblast,FreezeDry|||F|||50|,,,,,Ghost]Kingambit||SafetyGoggles|Defiant|Protect,KowtowCleave,SuckerPunch,SwordsDance|||M|||50|,,,,,Dark]Volcarona||CovertCloak|FlameBody|StruggleBug,RagePowder,Overheat,WillOWisp|||F|||50|,,,,,Fairy
|showteam|p2|Whimsicott||CovertCloak|Prankster|Tailwind,SunnyDay,Encore,Moonblast|||F|||50|,,,,,Fire]Typhlosion-Hisui||ChoiceScarf|Blaze|Eruption,HeatWave,ShadowBall,Flamethrower|||M|||50|,,,,,Fire]Ursaluna-Bloodmoon||LifeOrb|MindsEye|BloodMoon,HyperVoice,EarthPower,Protect|||M|||50|,,,,,Ghost]Indeedee||FocusSash|PsychicSurge|ExpandingForce,DazzlingGleam,HelpingHand,Protect|||M|||50|,,,,,Psychic]Sneasler||PsychicSeed|Unburden|DireClaw,CloseCombat,ThroatChop,Protect|||F|||50|,,,,,Dark]Dragapult||ChoiceBand|ClearBody|DragonDarts,TeraBlast,PhantomForce,Uturn|||F|||50|,,,,,Ghost
|
|t:|1757002550
|teamsize|p1|4
|teamsize|p2|4
|start
|switch|p1a: Volcarona|Volcarona, L50, F|100/100
|switch|p1b: Dragonite|Dragonite, L50, M|100/100
|switch|p2a: Dragapult|Dragapult, L50, F|100/100
|switch|p2b: Typhlosion|Typhlosion-Hisui, L50, M, shiny|100/100
|turn|1
|
|t:|1757002604
|-terastallize|p1a: Volcarona|Fairy
|move|p1b: Dragonite|Protect|p1b: Dragonite
|-singleturn|p1b: Dragonite|Protect
|move|p2b: Typhlosion|Eruption|p1a: Volcarona|[spread] p1a
|-activate|p1b: Dragonite|move: Protect
|-damage|p1a: Volcarona|48/100
|move|p2a: Dragapult|Dragon Darts|p1a: Volcarona
|-immune|p1a: Volcarona
|move|p1a: Volcarona|Struggle Bug|p2b: Typhlosion|[spread] p2a,p2b
|-resisted|p2a: Dragapult
|-resisted|p2b: Typhlosion
|-damage|p2a: Dragapult|89/100
|-damage|p2b: Typhlosion|95/100
|-unboost|p2b: Typhlosion|spa|1
|
|upkeep
|turn|2
|
|t:|1757002624
|move|p1a: Volcarona|Rage Powder|p1a: Volcarona
|-singleturn|p1a: Volcarona|move: Rage Powder
|move|p2b: Typhlosion|Eruption|p1b: Dragonite|[spread] p1a,p1b
|-resisted|p1b: Dragonite
|-damage|p1a: Volcarona|15/100
|-damage|p1b: Dragonite|92/100
|move|p2a: Dragapult|Dragon Darts|p1a: Volcarona
|-immune|p1a: Volcarona
|move|p1b: Dragonite|Scale Shot|p2b: Typhlosion|[miss]
|-miss|p1b: Dragonite|p2b: Typhlosion
|
|upkeep
|turn|3
|
|t:|1757002665
|switch|p1a: Kingambit|Kingambit, L50, M|100/100
|move|p1b: Dragonite|Protect|p1b: Dragonite
|-singleturn|p1b: Dragonite|Protect
|move|p2b: Typhlosion|Eruption|p1b: Dragonite|[spread] p1a
|-activate|p1b: Dragonite|move: Protect
|-supereffective|p1a: Kingambit
|-damage|p1a: Kingambit|34/100
|move|p2a: Dragapult|Dragon Darts|p1a: Kingambit
|-resisted|p1a: Kingambit
|-damage|p1a: Kingambit|21/100
|-anim|p2a: Dragapult|Dragon Darts|p1a: Kingambit
|-resisted|p1a: Kingambit
|-damage|p1a: Kingambit|8/100
|
|upkeep
|turn|4
|
|t:|1757002685
|switch|p1b: Rillaboom|Rillaboom, L50, M|100/100
|-fieldstart|move: Grassy Terrain|[from] ability: Grassy Surge|[of] p1b: Rillaboom
|move|p1a: Kingambit|Sucker Punch|p2a: Dragapult
|-supereffective|p2a: Dragapult
|-damage|p2a: Dragapult|0 fnt
|faint|p2a: Dragapult
|move|p2b: Typhlosion|Eruption|p1b: Rillaboom|[spread] p1a,p1b
|-supereffective|p1a: Kingambit
|-supereffective|p1b: Rillaboom
|-crit|p1b: Rillaboom
|-damage|p1a: Kingambit|0 fnt
|-damage|p1b: Rillaboom|0 fnt
|faint|p1a: Kingambit
|faint|p1b: Rillaboom
|
|-heal|p2b: Typhlosion|100/100|[from] Grassy Terrain
|upkeep
|
|t:|1757002702
|switch|p2a: Indeedee|Indeedee, L50, M|100/100
|switch|p1b: Volcarona|Volcarona, L50, F, tera:Fairy|15/100
|switch|p1a: Dragonite|Dragonite, L50, M|92/100
|-fieldstart|move: Psychic Terrain|[from] ability: Psychic Surge|[of] p2a: Indeedee
|turn|5
|
|t:|1757002716
|move|p2b: Typhlosion|Eruption|p1a: Dragonite|[spread] p1a,p1b
|-resisted|p1a: Dragonite
|-damage|p1a: Dragonite|69/100
|-damage|p1b: Volcarona|0 fnt
|faint|p1b: Volcarona
|move|p2a: Indeedee|Expanding Force|p1a: Dragonite
|-damage|p1a: Dragonite|0 fnt
|faint|p1a: Dragonite
|
|win|luckstat10
||spearow's nest is ready for game 3.
|inactive|luckstat10 has 30 seconds to confirm battle start!
||luckstat10 is ready for game 3.
|uhtml|next|Next: Game 3 of 3
|l|☆luckstat10
|player|p2|
