|j|☆AlphaBravoCola
|j|☆papitaslight
|html|AlphaBravoColapapitaslight    
|uhtml|bestof|Game 2 of a best-of-3
|t:|1785784899
|gametype|doubles
|player|p1|AlphaBravoCola|170|1037
|player|p2|papitaslight|1|1000
|gen|9
|tier|[Gen 9 Champions] VGC 2026 Reg M-B (Bo3)
|rated|
|rule|Species Clause: Limit one of each Pokémon
|rule|Item Clause: Limit 1 of each item
|clearpoke
|poke|p1|Delphox, L50, F, shiny|
|poke|p1|Greninja, L50, F|
|poke|p1|Aerodactyl, L50, M, shiny|
|poke|p1|Metagross, L50, shiny|
|poke|p1|Ninetales, L50, F, shiny|
|poke|p1|Aurorus, L50, M, shiny|
|poke|p2|Farigiraf, L50, F|
|poke|p2|Mawile, L50, F|
|poke|p2|Kingambit, L50, F|
|poke|p2|Sneasler, L50, F|
|poke|p2|Golurk, L50|
|poke|p2|Sinistcha, L50|
|teampreview|4
|showteam|p1|Delphox||Delphoxite|Blaze|CalmMind,Protect,HeatWave,Psychic|Modest||F|||50|]Greninja||Greninjite|Protean|Blizzard,DarkPulse,Surf,Protect|Timid||F|||50|]Aerodactyl||FocusSash|Unnerve|Tailwind,DualWingbeat,RockSlide,Earthquake|Jolly||M|||50|]Metagross||LifeOrb|ClearBody|BrickBreak,MeteorMash,ThunderPunch,Protect|Jolly|||||50|]Ninetales||Charcoal|Drought|HelpingHand,Roar,WeatherBall,Overheat|Timid||F|||50|]Aurorus||IcyRock|SnowWarning|AuroraVeil,AncientPower,Protect,Snowscape|Calm||M|||50|
|showteam|p2|Farigiraf||SitrusBerry|ArmorTail|HelpingHand,TrickRoom,HyperVoice,Thunderbolt|Sassy||F|||50|]Mawile||Mawilite|Intimidate|PlayRough,RockSlide,Protect,IronHead|Adamant||F|||50|]Kingambit||ChopleBerry|Defiant|SuckerPunch,KowtowCleave,Protect,IronHead|Adamant||F|||50|]Sneasler||MentalHerb|PoisonTouch|CloseCombat,DireClaw,Protect,FakeOut|Jolly||F|||50|]Golurk||Golurkite|IronFist|HighHorsepower,Poltergeist,IcePunch,Protect|Adamant|||||50|]Sinistcha||Leftovers|Hospitality|TrickRoom,MatchaGotcha,ShadowBall,RagePowder|Lax|||||50|
|
|t:|1785784938
|teamsize|p1|4
|teamsize|p2|4
|start
|switch|p1a: Delphox|Delphox, L50, F, shiny|100/100
|switch|p1b: Ninetales|Ninetales, L50, F, shiny|100/100
|switch|p2a: Farigiraf|Farigiraf, L50, F|100/100
|switch|p2b: Sneasler|Sneasler, L50, F|100/100
|-weather|SunnyDay|[from] ability: Drought|[of] p1b: Ninetales
|turn|1
|
|t:|1785784998
|switch|p1b: Metagross|Metagross, L50, shiny|100/100
|detailschange|p1a: Delphox|Delphox-Mega, L50, F, shiny
|-mega|p1a: Delphox|Delphox|Delphoxite
|move|p2b: Sneasler|Fake Out|p1b: Metagross
|-resisted|p1b: Metagross|1
|-damage|p1b: Metagross|94/100
|move|p1a: Delphox|Psychic|p2b: Sneasler
|-supereffective|p2b: Sneasler|2
|-damage|p2b: Sneasler|0 fnt
|faint|p2b: Sneasler
|move|p2a: Farigiraf|Trick Room|p2a: Farigiraf
|-fieldstart|move: Trick Room|[of] p2a: Farigiraf
|
|-weather|SunnyDay|[upkeep]
|upkeep
|
|t:|1785785033
|switch|p2b: Mawile|Mawile, L50, F|100/100
|-ability|p2b: Mawile|Intimidate|boost
|-unboost|p1a: Delphox|atk|1
|-fail|p1b: Metagross|unboost|[from] ability: Clear Body|[of] p1b: Metagross
|turn|2
|
|t:|1785785076
|switch|p2a: Kingambit|Kingambit, L50, F|100/100
|detailschange|p2b: Mawile|Mawile-Mega, L50, F
|-mega|p2b: Mawile|Mawile|Mawilite
|move|p2b: Mawile|Protect|p2b: Mawile
|-singleturn|p2b: Mawile|Protect
|move|p1a: Delphox|Protect|p1a: Delphox
|-singleturn|p1a: Delphox|Protect
|move|p1b: Metagross|Meteor Mash|p2b: Mawile
|-activate|p2b: Mawile|move: Protect
|
|-weather|SunnyDay|[upkeep]
|upkeep
|turn|3
|
|t:|1785785101
|move|p2b: Mawile|Rock Slide|p1b: Metagross|[spread] p1a,p1b
|-supereffective|p1a: Delphox|1
|-resisted|p1b: Metagross|1
|-damage|p1a: Delphox|14/100
|-damage|p1b: Metagross|81/100
|move|p2a: Kingambit|Kowtow Cleave|p1b: Metagross
|-supereffective|p1b: Metagross|1
|-damage|p1b: Metagross|2/100
|cant|p1b: Metagross|flinch
|move|p1a: Delphox|Heat Wave|p2a: Kingambit|[spread] p2a
|-miss|p1a: Delphox|p2b: Mawile
|-supereffective|p2a: Kingambit|1
|-damage|p2a: Kingambit|0 fnt
|faint|p2a: Kingambit
|
|-weather|SunnyDay|[upkeep]
|upkeep
|
|t:|1785785116
|switch|p2a: Farigiraf|Farigiraf, L50, F|100/100
|turn|4
|
|t:|1785785127
|move|p1a: Delphox|Protect|p1a: Delphox
|-singleturn|p1a: Delphox|Protect
|move|p2b: Mawile|Rock Slide|p1a: Delphox|[spread] p1b
|-activate|p1a: Delphox|move: Protect
|-resisted|p1b: Metagross|1
|-damage|p1b: Metagross|0 fnt
|faint|p1b: Metagross
|move|p2a: Farigiraf|Hyper Voice|p1a: Delphox
|-activate|p1a: Delphox|move: Protect
|
|-weather|SunnyDay|[upkeep]
|upkeep
|
|t:|1785785140
|switch|p1b: Ninetales|Ninetales, L50, F, shiny|100/100
|turn|5
|
|t:|1785785163
|move|p2a: Farigiraf|Helping Hand|p2b: Mawile
|-singleturn|p2b: Mawile|Helping Hand|[of] p2a: Farigiraf
|move|p1a: Delphox|Protect|p1a: Delphox
|-singleturn|p1a: Delphox|Protect
|move|p2b: Mawile|Rock Slide|p1a: Delphox|[spread] p1b
|-activate|p1a: Delphox|move: Protect
|-supereffective|p1b: Ninetales|1
|-damage|p1b: Ninetales|0 fnt
|faint|p1b: Ninetales
|
|-weather|none
|-fieldend|move: Trick Room
|upkeep
|
|t:|1785785174
|switch|p1b: Greninja|Greninja, L50, F|100/100
|turn|6
|
|t:|1785785184
|move|p2b: Mawile|Protect|p2b: Mawile
|-singleturn|p2b: Mawile|Protect
|move|p1b: Greninja|Dark Pulse|p2a: Farigiraf
|-start|p1b: Greninja|typechange|Dark|[from] ability: Protean
|-supereffective|p2a: Farigiraf|1
|-damage|p2a: Farigiraf|43/100
|-enditem|p2a: Farigiraf|Sitrus Berry|[eat]
|-heal|p2a: Farigiraf|68/100|[from] item: Sitrus Berry
|move|p1a: Delphox|Heat Wave|p2a: Farigiraf|[spread] p2a
|-activate|p2b: Mawile|move: Protect
|-damage|p2a: Farigiraf|36/100
|move|p2a: Farigiraf|Trick Room|p2a: Farigiraf
|-fieldstart|move: Trick Room|[of] p2a: Farigiraf
|
|upkeep
|turn|7
|
|t:|1785785217
|move|p2b: Mawile|Play Rough|p1b: Greninja
|-supereffective|p1b: Greninja|1
|-damage|p1b: Greninja|0 fnt
|faint|p1b: Greninja
|move|p2a: Farigiraf|Hyper Voice|p1a: Delphox
|-damage|p1a: Delphox|0 fnt
|faint|p1a: Delphox
|
|win|papitaslight
|raw|AlphaBravoCola's rating: 1037 → 1020(-17 for losing)
|raw|papitaslight's rating: 1000 → 1044(+44 for winning)
