|j|☆majinbuu22
|j|☆JCOdyssey
|html|majinbuu22JCOdyssey    
|uhtml|bestof|Game 3 of a best-of-3
|t:|1786142918
|gametype|doubles
|player|p1|majinbuu22|169|
|player|p2|JCOdyssey|bianca|
|gen|9
|tier|[Gen 9 Champions] VGC 2026 Reg M-B (Bo3)
|rule|Species Clause: Limit one of each Pokémon
|rule|Item Clause: Limit 1 of each item
|clearpoke
|poke|p1|Whimsicott, L50, F|
|poke|p1|Staraptor, L50, M|
|poke|p1|Gholdengo, L50|
|poke|p1|Garchomp, L50, F|
|poke|p1|Drampa, L50, M|
|poke|p1|Tauros-Paldea-Aqua, L50, M|
|poke|p2|Primarina, L50, F|
|poke|p2|Sableye, L50, M|
|poke|p2|Crabominable, L50, M|
|poke|p2|Staraptor, L50, M|
|poke|p2|Gallade, L50, M|
|poke|p2|Tinkaton, L50, F|
|teampreview|4
|showteam|p1|Whimsicott||FocusSash|Prankster|Encore,TrickRoom,Charm,Moonblast|Bold||F|||50|]Staraptor||Staraptite|Intimidate|CloseCombat,Protect,BrickBreak,BraveBird|Adamant||M|||50|]Gholdengo||LifeOrb|GoodasGold|MakeItRain,ShadowBall,Protect,NastyPlot|Modest|||||50|]Garchomp||SitrusBerry|RoughSkin|SwordsDance,Earthquake,ThunderFang,Protect|Adamant||F|||50|]Drampa||MentalHerb|CloudNine|Thunderbolt,HyperVoice,DracoMeteor,Protect|Modest||M|||50|]Tauros-Paldea-Aqua||MysticWater|Intimidate|Protect,WaveCrash,CloseCombat,HighHorsepower|Adamant||M|||50|
|showteam|p2|Primarina||FairyFeather|LiquidVoice|PsychicNoise,Moonblast,DazzlingGleam,Protect|Quiet||F|||50|]Sableye||FocusSash|Prankster|FakeOut,FoulPlay,Taunt,WillOWisp|Careful||M|||50|]Crabominable||Crabominite|HyperCutter|Protect,IceHammer,DrainPunch,KnockOff|Brave||M|||50|]Staraptor||ChoiceScarf|Intimidate|BraveBird,BlazeKick,Uturn,Swagger|Adamant||M|||50|]Gallade||WhiteHerb|Sharpness|PsychoCut,NightSlash,TrickRoom,Protect|Brave||M|||50|]Tinkaton||ShucaBerry|MoldBreaker|FakeOut,GigatonHammer,Encore,Protect|Adamant||F|||50|
|j| Cantoc
|j| Bill Candy X
|
|t:|1786142955
|teamsize|p1|4
|teamsize|p2|4
|start
|switch|p1a: Whimsicott|Whimsicott, L50, F|100/100
|switch|p1b: Staraptor|Staraptor, L50, M|100/100
|switch|p2a: just a lil guy|Sableye, L50, M|100/100
|switch|p2b: grl w/the ♂ symbol|Gallade, L50, M|100/100
|-ability|p1b: Staraptor|Intimidate|boost
|-unboost|p2a: just a lil guy|atk|1
|-unboost|p2b: grl w/the ♂ symbol|atk|1
|-enditem|p2b: grl w/the ♂ symbol|White Herb
|-clearnegativeboost|p2b: grl w/the ♂ symbol|[silent]
|turn|1
|
|t:|1786143057
|detailschange|p1b: Staraptor|Staraptor-Mega, L50, M
|-mega|p1b: Staraptor|Staraptor|Staraptite
|move|p2b: grl w/the ♂ symbol|Protect|p2b: grl w/the ♂ symbol
|-singleturn|p2b: grl w/the ♂ symbol|Protect
|move|p2a: just a lil guy|Fake Out|p1b: Staraptor
|-damage|p1b: Staraptor|94/100
|cant|p1b: Staraptor|flinch
|move|p1a: Whimsicott|Moonblast|p2a: just a lil guy
|-supereffective|p2a: just a lil guy|1
|-crit|p2a: just a lil guy
|-damage|p2a: just a lil guy|15/100
|
|upkeep
|turn|2
|
|t:|1786143098
|move|p2a: just a lil guy|Will-O-Wisp|p1b: Staraptor
|-status|p1b: Staraptor|brn
|move|p1b: Staraptor|Brave Bird|p2b: grl w/the ♂ symbol
|-supereffective|p2b: grl w/the ♂ symbol|1
|-damage|p2b: grl w/the ♂ symbol|0 fnt
|faint|p2b: grl w/the ♂ symbol
|-damage|p1b: Staraptor|66/100 brn|[from] Recoil
|move|p1a: Whimsicott|Moonblast|p2a: just a lil guy
|-supereffective|p2a: just a lil guy|1
|-damage|p2a: just a lil guy|0 fnt
|faint|p2a: just a lil guy
|
|-damage|p1b: Staraptor|61/100 brn|[from] brn
|upkeep
|
|t:|1786143121
|switch|p2b: my chud son|Staraptor, L50, M|100/100
|switch|p2a: americrab 250|Crabominable, L50, M|100/100
|-ability|p2b: my chud son|Intimidate|boost
|-unboost|p1a: Whimsicott|atk|1
|-boost|p1b: Staraptor|atk|1
|turn|3
|
|t:|1786143210
|move|p2a: americrab 250|Protect|p2a: americrab 250
|-singleturn|p2a: americrab 250|Protect
|move|p2b: my chud son|Blaze Kick|p1a: Whimsicott
|-supereffective|p1a: Whimsicott|1
|-damage|p1a: Whimsicott|42/100
|move|p1b: Staraptor|Close Combat|p2a: americrab 250
|-activate|p2a: americrab 250|move: Protect
|move|p1a: Whimsicott|Moonblast|p2a: americrab 250
|-activate|p2a: americrab 250|move: Protect
|
|-damage|p1b: Staraptor|55/100 brn|[from] brn
|upkeep
|turn|4
|
|t:|1786143264
|detailschange|p2a: americrab 250|Crabominable-Mega, L50, M
|-mega|p2a: americrab 250|Crabominable|Crabominite
|move|p2a: americrab 250|Protect||[still]
|-fail|p2a: americrab 250
|move|p1a: Whimsicott|Charm|p1b: Staraptor
|-boost|p1b: Staraptor|atk|2
|move|p2b: my chud son|Blaze Kick|p1a: Whimsicott
|-supereffective|p1a: Whimsicott|1
|-damage|p1a: Whimsicott|0 fnt
|faint|p1a: Whimsicott
|move|p1b: Staraptor|Close Combat|p2a: americrab 250
|-supereffective|p2a: americrab 250|1
|-damage|p2a: americrab 250|0 fnt
|-boost|p1b: Staraptor|def|1
|-boost|p1b: Staraptor|spd|1
|faint|p2a: americrab 250
|
|-damage|p1b: Staraptor|49/100 brn|[from] brn
|upkeep
|
|t:|1786143283
|switch|p1a: Gholdengo|Gholdengo, L50|100/100
|turn|5
|l| Bill Candy X
|j| Bill Candy X
|
|t:|1786143303
|move|p2b: my chud son|Blaze Kick|p1b: Staraptor
|-damage|p1b: Staraptor|26/100 brn
|move|p1b: Staraptor|Close Combat|p2b: my chud son
|-damage|p2b: my chud son|0 fnt
|-boost|p1b: Staraptor|def|1
|-boost|p1b: Staraptor|spd|1
|faint|p2b: my chud son
|
|win|majinbuu22
|l| Bill Candy X
