|j|☆SFmrmimers
|j|☆livelaughlotad1
|html|SFmrmimerslivelaughlotad1    
|uhtml|bestof|Game 2 of a best-of-3
|t:|1756930415
|gametype|doubles
|player|p1|SFmrmimers|n|1054
|player|p2|livelaughlotad1|acetrainerf|1000
|gen|9
|tier|[Gen 9] VGC 2025 Reg H (Bo3)
|rated|
|rule|Species Clause: Limit one of each Pokémon
|rule|Item Clause: Limit 1 of each item
|clearpoke
|poke|p1|Tyranitar, L50, M|
|poke|p1|Excadrill, L50, F|
|poke|p1|Incineroar, L50, F|
|poke|p1|Amoonguss, L50, F|
|poke|p1|Kilowattrel, L50, M|
|poke|p1|Kommo-o, L50, M|
|poke|p2|Ursaluna, L50, F|
|poke|p2|Kilowattrel, L50, M|
|poke|p2|Farigiraf, L50, M|
|poke|p2|Annihilape, L50, M|
|poke|p2|Gyarados, L50, M|
|poke|p2|Incineroar, L50, F|
|teampreview|4
|showteam|p1|Tyranitar||AssaultVest|SandStream|RockSlide,KnockOff,TeraBlast,LowKick|||M|||50|,,,,,Flying]Excadrill||FocusSash|SandRush|Earthquake,HighHorsepower,IronHead,Protect|||F|||50|,,,,,Ground]Incineroar||SafetyGoggles|Intimidate|FakeOut,PartingShot,KnockOff,FlareBlitz|||F|||50|,,,,,Ghost]Amoonguss||SitrusBerry|Regenerator|Spore,RagePowder,PollenPuff,Protect|||F|||50|,,,,,Water]Kilowattrel||ChoiceSpecs|Competitive|Thunderbolt,Discharge,VoltSwitch,AirSlash|||M|||50|,,,,,Ghost]Kommo-o||ThroatSpray|Overcoat|ClangingScales,ClangorousSoul,AuraSphere,Protect|||M|||50|,,,,,Fire
|showteam|p2|Ursaluna||FlameOrb|Guts|Facade,HeadlongRush,Earthquake,Protect|||F|||50|,,,,,Ghost]Kilowattrel||FocusSash|Competitive|Discharge,AirSlash,Tailwind,Protect|||M|||50|,,,,,Ghost]Farigiraf||ThroatSpray|ArmorTail|HyperVoice,Psychic,TrickRoom,Protect|||M|||50|,,,,,Fairy]Annihilape||AssaultVest|Defiant|DrainPunch,RageFist,BrickBreak,Uturn|||M|||50|,,,,,Grass]Gyarados||SafetyGoggles|Intimidate|Waterfall,Earthquake,Taunt,Protect|||M|||50|,,,,,Ground]Incineroar||SitrusBerry|Intimidate|FakeOut,FlareBlitz,KnockOff,PartingShot|||F|||50|,,,,,Grass
|
|t:|1756930446
|teamsize|p1|4
|teamsize|p2|4
|start
|switch|p1a: Kilowattrel|Kilowattrel, L50, M|100/100
|switch|p1b: Tyranitar|Tyranitar, L50, M|100/100
|switch|p2a: Ursaluna|Ursaluna, L50, F|100/100
|switch|p2b: Kilowattrel|Kilowattrel, L50, M|100/100
|-weather|Sandstorm|[from] ability: Sand Stream|[of] p1b: Tyranitar
|turn|1
|
|t:|1756930477
|switch|p1b: Excadrill|Excadrill, L50, F, shiny|100/100
|move|p2a: Ursaluna|Protect|p2a: Ursaluna
|-singleturn|p2a: Ursaluna|Protect
|move|p1a: Kilowattrel|Thunderbolt|p2b: Kilowattrel
|-enditem|p2b: Kilowattrel|Focus Sash
|-damage|p2b: Kilowattrel|1/100
|move|p2b: Kilowattrel|Tailwind|p2b: Kilowattrel
|-sidestart|p2: livelaughlotad1|move: Tailwind
|
|-weather|Sandstorm|[upkeep]
|-damage|p2b: Kilowattrel|0 fnt|[from] Sandstorm
|-damage|p1a: Kilowattrel|94/100|[from] Sandstorm
|faint|p2b: Kilowattrel
|-status|p2a: Ursaluna|brn|[from] item: Flame Orb
|upkeep
|
|t:|1756930490
|switch|p2b: Annihilape|Annihilape, L50, M|100/100
|turn|2
|
|t:|1756930523
|-terastallize|p1b: Excadrill|Ground
|-terastallize|p2b: Annihilape|Grass
|move|p1b: Excadrill|High Horsepower|p2a: Ursaluna
|-damage|p2a: Ursaluna|47/100 brn
|move|p2b: Annihilape|Drain Punch|p1b: Excadrill
|-damage|p1b: Excadrill|44/100
|move|p1a: Kilowattrel|Thunderbolt|p2b: Annihilape
|-resisted|p2b: Annihilape
|-damage|p2b: Annihilape|82/100
|move|p2a: Ursaluna|Facade|p1a: Kilowattrel
|-crit|p1a: Kilowattrel
|-damage|p1a: Kilowattrel|0 fnt
|faint|p1a: Kilowattrel
|
|-weather|Sandstorm|[upkeep]
|-damage|p2b: Annihilape|76/100|[from] Sandstorm
|-damage|p2a: Ursaluna|41/100 brn|[from] brn
|upkeep
|
|t:|1756930540
|switch|p1a: Tyranitar|Tyranitar, L50, M|100/100
|turn|3
|
|t:|1756930554
|move|p2a: Ursaluna|Protect|p2a: Ursaluna
|-singleturn|p2a: Ursaluna|Protect
|move|p1b: Excadrill|Iron Head|p2b: Annihilape
|-damage|p2b: Annihilape|31/100
|move|p2b: Annihilape|Drain Punch|p1a: Tyranitar
|-supereffective|p1a: Tyranitar
|-crit|p1a: Tyranitar
|-damage|p1a: Tyranitar|0 fnt
|-heal|p2b: Annihilape|80/100|[from] drain|[of] p1a: Tyranitar
|faint|p1a: Tyranitar
|
|-weather|Sandstorm|[upkeep]
|-damage|p2b: Annihilape|74/100|[from] Sandstorm
|-damage|p2a: Ursaluna|35/100 brn|[from] brn
|upkeep
|
|t:|1756930567
|switch|p1a: Amoonguss|Amoonguss, L50, F, shiny|100/100
|turn|4
|
|t:|1756930592
|switch|p2a: Gyarados|Gyarados, L50, M|100/100
|-ability|p2a: Gyarados|Intimidate|boost
|-unboost|p1a: Amoonguss|atk|1
|-unboost|p1b: Excadrill|atk|1
|move|p1a: Amoonguss|Rage Powder|p1a: Amoonguss
|-singleturn|p1a: Amoonguss|move: Rage Powder
|move|p1b: Excadrill|Iron Head|p2a: Gyarados
|-resisted|p2a: Gyarados
|-damage|p2a: Gyarados|85/100
|move|p2b: Annihilape|Rage Fist|p1b: Excadrill
|-damage|p1b: Excadrill|0 fnt
|faint|p1b: Excadrill
|
|-weather|Sandstorm|[upkeep]
|-damage|p2b: Annihilape|68/100|[from] Sandstorm
|-damage|p1a: Amoonguss|95/100|[from] Sandstorm
|-sideend|p2: livelaughlotad1|move: Tailwind
|upkeep
|turn|5
|-message|SFmrmimers forfeited.
|raw|SFmrmimers's rating: 1054 → 1033(-21 for losing)
|raw|livelaughlotad1's rating: 1000 → 1046(+46 for winning)
|
|win|livelaughlotad1
|l|☆SFmrmimers
|player|p1|
|c|☆livelaughlotad1|gg
