|j|☆exessvgc
|j|☆jomivgc
|html|exessvgcjomivgc    
|uhtml|bestof|Game 2 of a best-of-3
|t:|1784034182
|gametype|doubles
|player|p1|exessvgc|lucas|1201
|player|p2|jomivgc|falkner-gen2|1123
|gen|9
|tier|[Gen 9 Champions] VGC 2026 Reg M-B (Bo3)
|rated|
|rule|Species Clause: Limit one of each Pokémon
|rule|Item Clause: Limit 1 of each item
|clearpoke
|poke|p1|Farigiraf, L50, F|
|poke|p1|Aerodactyl, L50, F|
|poke|p1|Sylveon, L50, F|
|poke|p1|Kingambit, L50, M|
|poke|p1|Garchomp, L50, F|
|poke|p1|Charizard, L50, M|
|poke|p2|Sneasler, L50, F|
|poke|p2|Aerodactyl, L50, M|
|poke|p2|Garchomp, L50, M|
|poke|p2|Basculegion, L50, M|
|poke|p2|Arcanine-Hisui, L50, M|
|poke|p2|Charizard, L50, M|
|teampreview|4
|showteam|p1|Farigiraf||SitrusBerry|ArmorTail|TrickRoom,TwinBeam,HelpingHand,Thunderbolt|Bold||F|||50|]Aerodactyl||Aerodactylite|Unnerve|RockSlide,Protect,Tailwind,Taunt|Jolly||F|||50|]Sylveon||FairyFeather|Pixilate|HyperVoice,HyperBeam,Protect,ShadowBall|Modest||F|||50|]Kingambit||FocusSash|Defiant|KowtowCleave,SuckerPunch,SwordsDance,Protect|Adamant||M|||50|]Garchomp||LifeOrb|RoughSkin|DragonClaw,Earthquake,RockSlide,Protect|Adamant||F|||50|]Charizard||CharizarditeY|Blaze|WeatherBall,HeatWave,SolarBeam,Protect|Modest||M|||50|
|showteam|p2|Sneasler||WhiteHerb|Unburden|CloseCombat,DireClaw,FakeOut,Protect|Adamant||F|||50|]Aerodactyl||Aerodactylite|Unnerve|RockSlide,DualWingbeat,IceFang,Tailwind|Jolly||M|||50|]Garchomp||LifeOrb|RoughSkin|DragonClaw,StompingTantrum,RockSlide,Protect|Jolly||M|||50|]Basculegion||MysticWater|Adaptability|WaveCrash,LastRespects,AquaJet,Protect|Adamant||M|||50|]Arcanine-Hisui||FocusSash|RockHead|FlareBlitz,HeadSmash,ExtremeSpeed,Protect|Jolly||M|||50|]Charizard||CharizarditeY|Blaze|HeatWave,WeatherBall,SolarBeam,Protect|Modest||M|||50|
|inactive|Battle timer is ON: inactive players will automatically lose when time's up. (requested by jomivgc)
|inactive|jomivgc has 60 seconds left.
|inactive|jomivgc has 30 seconds left.
|inactive|jomivgc has 20 seconds left.
|
|t:|1784034256
|teamsize|p1|4
|teamsize|p2|4
|start
|switch|p1a: DINOSAUVO|Aerodactyl, L50, F|100/100
|switch|p1b: Garchomp|Garchomp, L50, F|100/100
|switch|p2a: Aerodactyl|Aerodactyl, L50, M|100/100
|switch|p2b: Arcanine|Arcanine-Hisui, L50, M|100/100
|-ability|p2a: Aerodactyl|Unnerve
|-ability|p1a: DINOSAUVO|Unnerve
|turn|1
|inactive|exessvgc has 30 seconds left.
|inactive|exessvgc has 20 seconds left.
|
|t:|1784034292
|detailschange|p1a: DINOSAUVO|Aerodactyl-Mega, L50, F
|-mega|p1a: DINOSAUVO|Aerodactyl|Aerodactylite
|detailschange|p2a: Aerodactyl|Aerodactyl-Mega, L50, M
|-mega|p2a: Aerodactyl|Aerodactyl|Aerodactylite
|move|p2b: Arcanine|Protect|p2b: Arcanine
|-singleturn|p2b: Arcanine|Protect
|move|p1a: DINOSAUVO|Rock Slide|p2a: Aerodactyl|[spread] p2a
|-activate|p2b: Arcanine|move: Protect
|-supereffective|p2a: Aerodactyl|1
|-damage|p2a: Aerodactyl|33/100
|cant|p2a: Aerodactyl|flinch
|move|p1b: Garchomp|Rock Slide|p2b: Arcanine|[spread] p2a
|-activate|p2b: Arcanine|move: Protect
|-supereffective|p2a: Aerodactyl|1
|-damage|p2a: Aerodactyl|0 fnt
|faint|p2a: Aerodactyl
|-damage|p1b: Garchomp|90/100|[from] item: Life Orb
|
|upkeep
|
|t:|1784034308
|switch|p2a: Basculegion|Basculegion, L50, M|100/100
|turn|2
|inactive|exessvgc has 30 seconds left.
|
|t:|1784034340
|switch|p1a: LA GIRAFFA|Farigiraf, L50, F|100/100
|move|p2a: Basculegion|Protect|p2a: Basculegion
|-singleturn|p2a: Basculegion|Protect
|move|p2b: Arcanine|Head Smash|p1a: LA GIRAFFA
|-damage|p1a: LA GIRAFFA|37/100
|-enditem|p1a: LA GIRAFFA|Sitrus Berry|[eat]
|-heal|p1a: LA GIRAFFA|62/100|[from] item: Sitrus Berry
|move|p1b: Garchomp|Rock Slide|p2b: Arcanine|[spread] p2b
|-activate|p2a: Basculegion|move: Protect
|-supereffective|p2b: Arcanine|1
|-damage|p2b: Arcanine|25/100
|-damage|p1b: Garchomp|80/100|[from] item: Life Orb
|
|upkeep
|turn|3
|
|t:|1784034359
|move|p1a: LA GIRAFFA|Helping Hand|p1b: Garchomp
|-singleturn|p1b: Garchomp|Helping Hand|[of] p1a: LA GIRAFFA
|move|p2b: Arcanine|Protect|p2b: Arcanine
|-singleturn|p2b: Arcanine|Protect
|move|p2a: Basculegion|Last Respects|p1b: Garchomp
|-damage|p1b: Garchomp|14/100
|move|p1b: Garchomp|Earthquake|p2a: Basculegion|[spread] p1a,p2a
|-activate|p2b: Arcanine|move: Protect
|-damage|p1a: LA GIRAFFA|0 fnt
|-damage|p2a: Basculegion|9/100
|faint|p1a: LA GIRAFFA
|-damage|p1b: Garchomp|4/100|[from] item: Life Orb
|
|upkeep
|
|t:|1784034384
|switch|p1a: Kingambit|Kingambit, L50, M|100/100
|turn|4
|inactive|exessvgc has 30 seconds left.
|inactive|jomivgc has 30 seconds left.
|inactive|exessvgc has 20 seconds left.
|inactive|exessvgc has 15 seconds left.
|
|t:|1784034425
|move|p2b: Arcanine|Extreme Speed|p1b: Garchomp
|-damage|p1b: Garchomp|0 fnt
|-damage|p2b: Arcanine|13/100|[from] ability: Rough Skin|[of] p1b: Garchomp
|faint|p1b: Garchomp
|move|p2a: Basculegion|Wave Crash|p1a: Kingambit
|-damage|p1a: Kingambit|26/100
|-damage|p2a: Basculegion|0 fnt|[from] Recoil
|faint|p2a: Basculegion
|move|p1a: Kingambit|Kowtow Cleave|p2b: Arcanine
|-damage|p2b: Arcanine|0 fnt
|faint|p2b: Arcanine
|
|upkeep
|
|t:|1784034437
|switch|p2a: Charizard|Charizard, L50, M|100/100
|switch|p1b: DINOSAUVO|Aerodactyl-Mega, L50, F|100/100
|turn|5
|-message|jomivgc forfeited.
|
|win|exessvgc
|l|☆jomivgc
|player|p2|
||jomivgc is ready for game 3.
||exessvgc is ready for game 3.
|uhtml|next|Next: Game 3 of 3
|l|☆exessvgc
|player|p1|
|j|☆exessvgc
|player|p1|exessvgc|lucas|
