|j|☆prophetcassandra
|j|☆Joey Snowball
|html|prophetcassandraJoey Snowball    
|uhtml|bestof|Game 2 of a best-of-3
|t:|1783791847
|gametype|doubles
|player|p1|prophetcassandra|caitlin|
|player|p2|Joey Snowball|266|
|gen|9
|tier|[Gen 9 Champions] VGC 2026 Reg M-B (Bo3)
|rule|Species Clause: Limit one of each Pokémon
|rule|Item Clause: Limit 1 of each item
|clearpoke
|poke|p1|Maushold-Four, L50|
|poke|p1|Gholdengo, L50|
|poke|p1|Swampert, L50, F|
|poke|p1|Talonflame, L50, M|
|poke|p1|Drampa, L50, M|
|poke|p1|Venusaur, L50, M|
|poke|p2|Basculegion-F, L50, F|
|poke|p2|Sinistcha, L50|
|poke|p2|Wyrdeer, L50, M|
|poke|p2|Gyarados, L50, M|
|poke|p2|Blaziken, L50, F|
|poke|p2|Lycanroc-Dusk, L50, F|
|teampreview|4
|showteam|p1|Maushold-Four||WideLens|FriendGuard|PopulationBomb,TidyUp,Crunch,Protect|Naive|||||50|]Gholdengo||LifeOrb|GoodasGold|MakeItRain,NastyPlot,Protect,DazzlingGleam|Modest|||||50|]Swampert||Swampertite|Torrent|Earthquake,HammerArm,FlipTurn,Waterfall|Lax||F|||50|]Talonflame||FocusSash|GaleWings|BraveBird,Roost,Tailwind,BlazeKick|Naive||M|||50|]Drampa||QuickClaw|CloudNine|HyperVoice,GrassKnot,DracoMeteor,ThunderWave|Quiet||M|||50|]Venusaur||Venusaurite|Overgrow|SludgeBomb,EarthPower,SleepPowder,Protect|Timid||M|||50|
|showteam|p2|Basculegion-F||ChoiceScarf|Adaptability|ShadowBall,MuddyWater,Surf,Blizzard|Mild||F|||50|]Sinistcha||QuickClaw|Hospitality|MatchaGotcha,NastyPlot,TrickRoom,ShadowBall|Modest|||||50|]Wyrdeer||SilkScarf|Frisk|PsyshieldBash,GigaImpact,Thrash,ThroatChop|Adamant||M|||50|]Gyarados||Gyaradosite|Intimidate|Waterfall,StoneEdge,Protect,PowerWhip|Relaxed||M|||50|]Blaziken||Blazikenite|Blaze|CloseCombat,FlareBlitz,KnockOff,Protect|Adamant||F|||50|]Lycanroc-Dusk||FocusSash|ToughClaws|RockSlide,Protect,LastResort,SuckerPunch|Adamant||F|||50|
|j| wwwwa11
|l| wwwwa11
|j| immmcanadian
|inactive|Battle timer is ON: inactive players will automatically lose when time's up. (requested by Joey Snowball)
|j| PrinceFrerin
|
|t:|1783791901
|teamsize|p1|4
|teamsize|p2|4
|start
|switch|p1a: Talonflame|Talonflame, L50, M|100/100
|switch|p1b: Gholdengo|Gholdengo, L50|100/100
|switch|p2a: Good ol reliable|Basculegion-F, L50, F|100/100
|switch|p2b: mega moxie|Gyarados, L50, M|100/100
|-ability|p2b: mega moxie|Intimidate|boost
|-unboost|p1a: Talonflame|atk|1
|-unboost|p1b: Gholdengo|atk|1
|turn|1
|c|☆prophetcassandra|evil fish
|inactive|prophetcassandra has 30 seconds left.
|inactive|Joey Snowball has 30 seconds left.
|inactive|prophetcassandra has 20 seconds left.
|inactive|Joey Snowball has 20 seconds left.
|inactive|prophetcassandra has 15 seconds left.
|inactive|Joey Snowball has 15 seconds left.
|inactive|prophetcassandra has 10 seconds left.
|inactive|Joey Snowball has 10 seconds left.
|
|t:|1783791949
|switch|p1b: Maushold|Maushold-Four, L50|100/100
|move|p1a: Talonflame|Tailwind|p1a: Talonflame
|-sidestart|p1: prophetcassandra|move: Tailwind
|move|p2a: Good ol reliable|Shadow Ball|p1a: Talonflame
|-damage|p1a: Talonflame|28/100
|move|p2b: mega moxie|Waterfall|p1a: Talonflame
|-supereffective|p1a: Talonflame|1
|-damage|p1a: Talonflame|0 fnt
|faint|p1a: Talonflame
|
|upkeep
|
|t:|1783791962
|switch|p1a: Venusaur|Venusaur, L50, M|100/100
|turn|2
|inactive|Joey Snowball has 30 seconds left.
|
|t:|1783791996
|switch|p2a: Not in Uber|Blaziken, L50, F|100/100
|detailschange|p1a: Venusaur|Venusaur-Mega, L50, M
|-mega|p1a: Venusaur|Venusaur|Venusaurite
|move|p1b: Maushold|Tidy Up|p1b: Maushold
|-boost|p1b: Maushold|atk|1
|-boost|p1b: Maushold|spe|1
|move|p1a: Venusaur|Sleep Powder|p2b: mega moxie
|-status|p2b: mega moxie|slp|[from] move: Sleep Powder
|cant|p2b: mega moxie|slp
|
|upkeep
|turn|3
|inactive|Joey Snowball has 30 seconds left.
|inactive|Joey Snowball has 20 seconds left.
|
|t:|1783792032
|detailschange|p2a: Not in Uber|Blaziken-Mega, L50, F
|-mega|p2a: Not in Uber|Blaziken|Blazikenite
|move|p2a: Not in Uber|Protect|p2a: Not in Uber
|-singleturn|p2a: Not in Uber|Protect
|move|p1b: Maushold|Population Bomb|p2b: mega moxie
|-damage|p2b: mega moxie|90/100 slp
|-damage|p2b: mega moxie|81/100 slp
|-crit|p2b: mega moxie
|-damage|p2b: mega moxie|64/100 slp
|-damage|p2b: mega moxie|54/100 slp
|-damage|p2b: mega moxie|43/100 slp
|-damage|p2b: mega moxie|34/100 slp
|-damage|p2b: mega moxie|23/100 slp
|-damage|p2b: mega moxie|14/100 slp
|-damage|p2b: mega moxie|3/100 slp
|-crit|p2b: mega moxie
|-damage|p2b: mega moxie|0 fnt
|faint|p2b: mega moxie
|-hitcount|p2: mega moxie|10
|move|p1a: Venusaur|Earth Power|p2a: Not in Uber
|-activate|p2a: Not in Uber|move: Protect
|
|-ability|p2a: Not in Uber|Speed Boost|boost
|-boost|p2a: Not in Uber|spe|1
|upkeep
|inactive|Joey Snowball has 30 seconds left.
|inactive|Joey Snowball has 20 seconds left.
|inactive|Joey Snowball has 15 seconds left.
|inactive|Joey Snowball has 10 seconds left.
|
|t:|1783792080
|switch|p2b: matcha at home|Sinistcha, L50|100/100
|turn|4
|inactive|Joey Snowball has 30 seconds left.
|-activate|p2b: matcha at home|item: Quick Claw
|
|t:|1783792113
|move|p2a: Not in Uber|Protect||[still]
|-fail|p2a: Not in Uber
|move|p2b: matcha at home|Matcha Gotcha|p1a: Venusaur|[spread] p1a
|-miss|p2b: matcha at home|p1b: Maushold
|-resisted|p1a: Venusaur|2
|-damage|p1a: Venusaur|93/100
|move|p1b: Maushold|Population Bomb|p2a: Not in Uber
|-damage|p2a: Not in Uber|83/100
|-damage|p2a: Not in Uber|69/100
|-damage|p2a: Not in Uber|55/100
|-damage|p2a: Not in Uber|40/100
|-damage|p2a: Not in Uber|23/100
|-damage|p2a: Not in Uber|7/100
|-damage|p2a: Not in Uber|0 fnt
|faint|p2a: Not in Uber
|-hitcount|p2: Not in Uber|7
|move|p1a: Venusaur|Earth Power|p2b: matcha at home
|-resisted|p2b: matcha at home|1
|-damage|p2b: matcha at home|81/100
|-unboost|p2b: matcha at home|spd|1
|
|-sideend|p1: prophetcassandra|move: Tailwind
|upkeep
|c|☆prophetcassandra|when i find you tom
|
|t:|1783792124
|switch|p2a: Good ol reliable|Basculegion-F, L50, F|100/100
|turn|5
|inactive|prophetcassandra has 30 seconds left.
|inactive|prophetcassandra has 20 seconds left.
|inactive|prophetcassandra has 15 seconds left.
|inactive|prophetcassandra has 10 seconds left.
|inactive|prophetcassandra has 5 seconds left.
|
|t:|1783792175
|move|p1b: Maushold|Protect|p1b: Maushold
|-singleturn|p1b: Maushold|Protect
|move|p2a: Good ol reliable|Muddy Water|p1b: Maushold|[spread] p1a
|-activate|p1b: Maushold|move: Protect
|-resisted|p1a: Venusaur|1
|-damage|p1a: Venusaur|77/100
|move|p1a: Venusaur|Sleep Powder|p2a: Good ol reliable
|-status|p2a: Good ol reliable|slp|[from] move: Sleep Powder
|move|p2b: matcha at home|Shadow Ball|p1a: Venusaur
|-damage|p1a: Venusaur|41/100
|
|upkeep
|turn|6
|
|t:|1783792197
|move|p1b: Maushold|Crunch|p2b: matcha at home
|-supereffective|p2b: matcha at home|1
|-damage|p2b: matcha at home|14/100
|cant|p2a: Good ol reliable|slp
|move|p1a: Venusaur|Sludge Bomb|p2b: matcha at home
|-damage|p2b: matcha at home|0 fnt
|faint|p2b: matcha at home
|
|upkeep
|turn|7
|
|t:|1783792218
|move|p1b: Maushold|Crunch|p2a: Good ol reliable
|-supereffective|p2a: Good ol reliable|1
|-damage|p2a: Good ol reliable|13/100 slp
|-curestatus|p2a: Good ol reliable|slp|[msg]
|move|p2a: Good ol reliable|Muddy Water|p1b: Maushold|[spread] p1a,p1b
|-resisted|p1a: Venusaur|1
|-damage|p1a: Venusaur|27/100
|-damage|p1b: Maushold|26/100
|move|p1a: Venusaur|Earth Power|p2a: Good ol reliable
|-damage|p2a: Good ol reliable|0 fnt
|faint|p2a: Good ol reliable
|
|win|prophetcassandra
