|j|☆jgm1234
|j|☆ZiranVGC
|html|jgm1234ZiranVGC    
|uhtml|bestof|Game 2 of a best-of-3
|t:|1782220053
|gametype|doubles
|player|p1|jgm1234|supernerd|1062
|player|p2|ZiranVGC|266|1103
|gen|9
|tier|[Gen 9 Champions] VGC 2026 Reg M-B (Bo3)
|rated|
|rule|Species Clause: Limit one of each Pokémon
|rule|Item Clause: Limit 1 of each item
|clearpoke
|poke|p1|Pyroar, L50, F|
|poke|p1|Ninetales, L50, F|
|poke|p1|Whimsicott, L50, F|
|poke|p1|Floette-Eternal, L50, F|
|poke|p1|Basculegion, L50, M|
|poke|p1|Farigiraf, L50, M|
|poke|p2|Incineroar, L50, M|
|poke|p2|Grimmsnarl, L50, M|
|poke|p2|Sinistcha, L50|
|poke|p2|Farigiraf, L50, M|
|poke|p2|Charizard, L50, F|
|poke|p2|Sylveon, L50, F|
|teampreview|4
|showteam|p1|Pyroar||Pyroarite|Unnerve|HeatWave,Overheat,SolarBeam,Protect|Timid||F|||50|]Ninetales||ChoiceScarf|Drought|HeatWave,Overheat,SolarBeam,FakeTears|Modest||F|||50|]Whimsicott||FocusSash|Prankster|Moonblast,Tailwind,SunnyDay,Protect|Timid||F|||50|]Floette-Eternal||Floettite|FlowerVeil|Moonblast,LightofRuin,DazzlingGleam,Protect|Modest||F|||50|]Basculegion||LifeOrb|Adaptability|WaveCrash,LastRespects,AquaJet,Protect|Adamant||M|||50|]Farigiraf||SitrusBerry|ArmorTail|Psychic,Thunderbolt,TrickRoom,HelpingHand|Bold||M|||50|
|showteam|p2|Incineroar||LifeOrb|Intimidate|FakeOut,Protect,DarkestLariat,FlareBlitz|Adamant||M|||50|]Grimmsnarl||LightClay|Prankster|Reflect,LightScreen,PartingShot,SpiritBreak|Careful||M|||50|]Sinistcha||Leftovers|Hospitality|MatchaGotcha,ShadowBall,NastyPlot,RagePowder|Modest|||||50|]Farigiraf||SitrusBerry|ArmorTail|Psychic,SunnyDay,TrickRoom,HelpingHand|Bold||M|||50|]Charizard||CharizarditeX|Blaze|DragonClaw,FlareBlitz,DragonDance,Protect|Adamant||F|||50|]Sylveon||FairyFeather|Pixilate|HyperBeam,HyperVoice,QuickAttack,Protect|Modest||F|||50|
|inactive|Battle timer is ON: inactive players will automatically lose when time's up. (requested by jgm1234)
|inactive|jgm1234 has 60 seconds left.
|
|t:|1782220115
|teamsize|p1|4
|teamsize|p2|4
|start
|switch|p1a: Basculegion|Basculegion, L50, M|100/100
|switch|p1b: Floette|Floette-Eternal, L50, F|100/100
|switch|p2a: Grimmsnarl|Grimmsnarl, L50, M|100/100
|switch|p2b: Charizard|Charizard, L50, F|100/100
|turn|1
|inactive|jgm1234 has 30 seconds left.
|inactive|ZiranVGC has 30 seconds left.
|
|t:|1782220147
|switch|p2b: Incineroar|Incineroar, L50, M|100/100
|-ability|p2b: Incineroar|Intimidate|boost
|-unboost|p1a: Basculegion|atk|1
|-unboost|p1b: Floette|atk|1
|move|p1b: Floette|Protect|p1b: Floette
|-singleturn|p1b: Floette|Protect
|move|p2a: Grimmsnarl|Light Screen|p2a: Grimmsnarl
|-sidestart|p2: ZiranVGC|move: Light Screen
|move|p1a: Basculegion|Wave Crash|p2b: Incineroar
|-supereffective|p2b: Incineroar|1
|-damage|p2b: Incineroar|0 fnt
|faint|p2b: Incineroar
|-damage|p1a: Basculegion|66/100|[from] Recoil
|-damage|p1a: Basculegion|56/100|[from] item: Life Orb
|
|upkeep
|
|t:|1782220163
|switch|p2b: Sinistcha|Sinistcha, L50|100/100
|turn|2
|
|t:|1782220177
|switch|p1a: Whimsicott|Whimsicott, L50, F|100/100
|detailschange|p1b: Floette|Floette-Mega, L50, F
|-mega|p1b: Floette|Floette|Floettite
|-ability|p1b: Floette|Fairy Aura
|move|p2a: Grimmsnarl|Parting Shot|p1b: Floette
|-unboost|p1b: Floette|atk|1
|-unboost|p1b: Floette|spa|1
|
|t:|1782220186
|switch|p2a: Charizard|Charizard, L50, F|100/100|[from] Parting Shot
|move|p1b: Floette|Moonblast|p2a: Charizard
|-resisted|p2a: Charizard|1
|-damage|p2a: Charizard|80/100
|-unboost|p2a: Charizard|spa|1
|move|p2b: Sinistcha|Shadow Ball|p1a: Whimsicott
|-damage|p1a: Whimsicott|36/100
|
|upkeep
|turn|3
|
|t:|1782220208
|switch|p2a: Grimmsnarl|Grimmsnarl, L50, M|100/100
|move|p1a: Whimsicott|Tailwind|p1a: Whimsicott
|-sidestart|p1: jgm1234|move: Tailwind
|move|p1b: Floette|Light of Ruin|p2a: Grimmsnarl
|-supereffective|p2a: Grimmsnarl|1
|-damage|p2a: Grimmsnarl|20/100y
|-damage|p1b: Floette|47/100|[from] Recoil
|move|p2b: Sinistcha|Shadow Ball|p1a: Whimsicott
|-damage|p1a: Whimsicott|0 fnt
|faint|p1a: Whimsicott
|
|upkeep
|
|t:|1782220224
|switch|p1a: Farigiraf|Farigiraf, L50, M|100/100
|turn|4
|
|t:|1782220241
|move|p1b: Floette|Light of Ruin|p2b: Sinistcha
|-damage|p2b: Sinistcha|43/100
|-damage|p1b: Floette|13/100|[from] Recoil
|move|p1a: Farigiraf|Thunderbolt|p2a: Grimmsnarl
|-damage|p2a: Grimmsnarl|8/100
|move|p2b: Sinistcha|Shadow Ball|p1b: Floette
|-damage|p1b: Floette|0 fnt
|faint|p1b: Floette
|move|p2a: Grimmsnarl|Spirit Break|p1a: Farigiraf
|-damage|p1a: Farigiraf|78/100
|-unboost|p1a: Farigiraf|spa|1
|
|-heal|p2b: Sinistcha|50/100y|[from] item: Leftovers
|upkeep
|
|t:|1782220252
|switch|p1b: Basculegion|Basculegion, L50, M|56/100
|turn|5
|
|t:|1782220266
|move|p2a: Grimmsnarl|Reflect|p2a: Grimmsnarl
|-sidestart|p2: ZiranVGC|Reflect
|move|p1b: Basculegion|Last Respects|p2b: Sinistcha
|-supereffective|p2b: Sinistcha|1
|-damage|p2b: Sinistcha|0 fnt
|faint|p2b: Sinistcha
|-damage|p1b: Basculegion|47/100|[from] item: Life Orb
|move|p1a: Farigiraf|Thunderbolt|p2a: Grimmsnarl
|-damage|p2a: Grimmsnarl|1/100
|
|upkeep
|
|t:|1782220276
|switch|p2b: Charizard|Charizard, L50, F|80/100
|turn|6
|
|t:|1782220296
|detailschange|p2b: Charizard|Charizard-Mega-X, L50, F
|-mega|p2b: Charizard|Charizard|Charizardite X
|move|p1b: Basculegion|Last Respects|p2b: Charizard
|-damage|p2b: Charizard|0 fnt
|faint|p2b: Charizard
|-damage|p1b: Basculegion|37/100|[from] item: Life Orb
|move|p2a: Grimmsnarl|Spirit Break|p1b: Basculegion
|-damage|p1b: Basculegion|1/100
|-unboost|p1b: Basculegion|spa|1
|move|p1a: Farigiraf|Trick Room|p1a: Farigiraf
|-fieldstart|move: Trick Room|[of] p1a: Farigiraf
|
|-sideend|p1: jgm1234|move: Tailwind
|upkeep
|turn|7
|inactive|ZiranVGC has 30 seconds left.
|-message|ZiranVGC forfeited.
|
|win|jgm1234
|raw|jgm1234's rating: 1062 → 1096(+34 for winning)
|raw|ZiranVGC's rating: 1103 → 1075(-28 for losing)
