|j|☆2edilso
|j|☆Todra507
|html|2edilsoTodra507    
|uhtml|bestof|Game 1 of a best-of-3
|t:|1784988602
|gametype|doubles
|player|p1|2edilso|pokemaniac|
|player|p2|Todra507|266|
|gen|9
|tier|[Gen 9 Champions] VGC 2026 Reg M-B (Bo3)
|rule|Species Clause: Limit one of each Pokémon
|rule|Item Clause: Limit 1 of each item
|clearpoke
|poke|p1|Charizard, L50, M|
|poke|p1|Pelipper, L50, F|
|poke|p1|Venusaur, L50, M|
|poke|p1|Archaludon, L50, F|
|poke|p1|Grimmsnarl, L50, M|
|poke|p1|Basculegion, L50, M|
|poke|p2|Tyranitar, L50, F|
|poke|p2|Excadrill, L50, F|
|poke|p2|Milotic, L50, M|
|poke|p2|Gholdengo, L50|
|poke|p2|Sinistcha, L50|
|poke|p2|Staraptor, L50, F|
|teampreview|4
|showteam|p1|Charizard||CharizarditeY|Blaze|HeatWave,WeatherBall,SolarBeam,Protect|Modest||M|||50|]Pelipper||SitrusBerry|Drizzle|Hurricane,WeatherBall,WideGuard,Tailwind|Modest||F|||50|]Venusaur||FocusSash|Chlorophyll|SleepPowder,SludgeBomb,LeafStorm,Protect|Modest||M|||50|]Archaludon||Leftovers|Stamina|FlashCannon,DragonPulse,ElectroShot,Protect|Calm||F|||50|]Grimmsnarl||LightClay|Prankster|SpiritBreak,Reflect,LightScreen,PartingShot|Careful||M|||50|]Basculegion||ChoiceScarf|Adaptability|WaveCrash,LastRespects,FlipTurn,AquaJet|Jolly||M|||50|
|showteam|p2|Tyranitar||Tyranitarite|SandStream|RockSlide,KnockOff,HighHorsepower,Protect|Jolly||F|||50|]Excadrill||FocusSash|SandRush|HighHorsepower,IronHead,RockSlide,Protect|Jolly||F|||50|]Milotic||SitrusBerry|Competitive|Scald,IcyWind,Haze,Protect|Calm||M|||50|]Gholdengo||LifeOrb|GoodasGold|MakeItRain,ShadowBall,NastyPlot,Protect|Modest|||||50|]Sinistcha||ColburBerry|Hospitality|MatchaGotcha,ShadowBall,Protect,RagePowder|Bold|||||50|]Staraptor||Staraptite|Intimidate|CloseCombat,BraveBird,Tailwind,Protect|Jolly||F|||50|
|inactive|Battle timer is ON: inactive players will automatically lose when time's up. (requested by Todra507)
|inactive|Todra507 has 60 seconds left.
|
|t:|1784988641
|teamsize|p1|4
|teamsize|p2|4
|start
|switch|p1a: Basculegion|Basculegion, L50, M|100/100
|switch|p1b: Grimmsnarl|Grimmsnarl, L50, M|100/100
|switch|p2a: Staraptor|Staraptor, L50, F|100/100
|switch|p2b: Tyranitar|Tyranitar, L50, F|100/100
|-ability|p2a: Staraptor|Intimidate|boost
|-unboost|p1a: Basculegion|atk|1
|-unboost|p1b: Grimmsnarl|atk|1
|-weather|Sandstorm|[from] ability: Sand Stream|[of] p2b: Tyranitar
|turn|1
|
|t:|1784988658
|move|p1b: Grimmsnarl|Reflect|p1b: Grimmsnarl
|-sidestart|p1: 2edilso|Reflect
|move|p1a: Basculegion|Flip Turn|p2b: Tyranitar
|-supereffective|p2b: Tyranitar|1
|-damage|p2b: Tyranitar|60/100
|
|t:|1784988663
|switch|p1a: Archaludon|Archaludon, L50, F|100/100|[from] Flip Turn
|move|p2a: Staraptor|Tailwind|p2a: Staraptor
|-sidestart|p2: Todra507|move: Tailwind
|move|p2b: Tyranitar|Knock Off|p1a: Archaludon
|-damage|p1a: Archaludon|77/100
|-ability|p1a: Archaludon|Stamina|boost
|-boost|p1a: Archaludon|def|1
|-enditem|p1a: Archaludon|Leftovers|[from] move: Knock Off|[of] p2b: Tyranitar
|
|-weather|Sandstorm|[upkeep]
|-damage|p2a: Staraptor|94/100|[from] Sandstorm
|-damage|p1b: Grimmsnarl|93/100|[from] Sandstorm
|upkeep
|turn|2
|inactive|2edilso has 30 seconds left.
|inactive|Todra507 has 30 seconds left.
|
|t:|1784988693
|switch|p2b: Sinistcha|Sinistcha, L50|100/100
|-heal|p2a: Staraptor|100/100|[from] ability: Hospitality|[of] p2b: Sinistcha
|move|p2a: Staraptor|Protect|p2a: Staraptor
|-singleturn|p2a: Staraptor|Protect
|move|p1a: Archaludon|Protect|p1a: Archaludon
|-singleturn|p1a: Archaludon|Protect
|move|p1b: Grimmsnarl|Parting Shot|p2a: Staraptor
|-activate|p2a: Staraptor|move: Protect
|
|-weather|Sandstorm|[upkeep]
|-damage|p2a: Staraptor|94/100|[from] Sandstorm
|-damage|p2b: Sinistcha|94/100|[from] Sandstorm
|-damage|p1b: Grimmsnarl|87/100|[from] Sandstorm
|upkeep
|turn|3
|inactive|2edilso has 30 seconds left.
|inactive|Todra507 has 30 seconds left.
|
|t:|1784988720
|switch|p1b: Pelipper|Pelipper, L50, F|100/100
|-weather|RainDance|[from] ability: Drizzle|[of] p1b: Pelipper
|detailschange|p2a: Staraptor|Staraptor-Mega, L50, F
|-mega|p2a: Staraptor|Staraptor|Staraptite
|move|p2a: Staraptor|Close Combat|p1a: Archaludon
|-supereffective|p1a: Archaludon|1
|-damage|p1a: Archaludon|39/100
|-boost|p2a: Staraptor|def|1
|-boost|p2a: Staraptor|spd|1
|-ability|p1a: Archaludon|Stamina|boost
|-boost|p1a: Archaludon|def|1
|move|p2b: Sinistcha|Shadow Ball|p1a: Archaludon
|-damage|p1a: Archaludon|11/100
|-ability|p1a: Archaludon|Stamina|boost
|-boost|p1a: Archaludon|def|1
|move|p1a: Archaludon|Electro Shot||[still]
|-prepare|p1a: Archaludon|Electro Shot
|-boost|p1a: Archaludon|spa|1
|-anim|p1a: Archaludon|Electro Shot|p2a: Staraptor
|-supereffective|p2a: Staraptor|1
|-damage|p2a: Staraptor|23/100
|
|-weather|RainDance|[upkeep]
|upkeep
|turn|4
|inactive|2edilso has 30 seconds left.
|inactive|Todra507 has 30 seconds left.
|
|t:|1784988753
|switch|p2b: Tyranitar|Tyranitar, L50, F|60/100
|-weather|Sandstorm|[from] ability: Sand Stream|[of] p2b: Tyranitar
|switch|p1b: Grimmsnarl|Grimmsnarl, L50, M|87/100
|move|p2a: Staraptor|Protect|p2a: Staraptor
|-singleturn|p2a: Staraptor|Protect
|move|p1a: Archaludon|Protect||[still]
|-fail|p1a: Archaludon
|
|-weather|Sandstorm|[upkeep]
|-damage|p2a: Staraptor|17/100|[from] Sandstorm
|-damage|p1b: Grimmsnarl|81/100|[from] Sandstorm
|-sideend|p2: Todra507|move: Tailwind
|upkeep
|turn|5
|inactive|2edilso has 30 seconds left.
|inactive|Todra507 has 30 seconds left.
|inactive|2edilso has 20 seconds left.
|inactive|2edilso has 15 seconds left.
|
|t:|1784988797
|switch|p2b: Sinistcha|Sinistcha, L50|94/100
|-heal|p2a: Staraptor|42/100|[from] ability: Hospitality|[of] p2b: Sinistcha
|move|p1a: Archaludon|Protect|p1a: Archaludon
|-singleturn|p1a: Archaludon|Protect
|move|p1b: Grimmsnarl|Light Screen|p1b: Grimmsnarl
|-sidestart|p1: 2edilso|move: Light Screen
|move|p2a: Staraptor|Close Combat|p1a: Archaludon
|-activate|p1a: Archaludon|move: Protect
|
|-weather|Sandstorm|[upkeep]
|-damage|p2a: Staraptor|36/100|[from] Sandstorm
|-damage|p2b: Sinistcha|88/100|[from] Sandstorm
|-damage|p1b: Grimmsnarl|75/100|[from] Sandstorm
|upkeep
|turn|6
|
|t:|1784988812
|switch|p2b: Tyranitar|Tyranitar, L50, F|60/100
|switch|p1b: Pelipper|Pelipper, L50, F|100/100
|-weather|RainDance|[from] ability: Drizzle|[of] p1b: Pelipper
|move|p2a: Staraptor|Close Combat|p1a: Archaludon
|-supereffective|p1a: Archaludon|1
|-damage|p1a: Archaludon|0 fnt
|-boost|p2a: Staraptor|def|1
|-boost|p2a: Staraptor|spd|1
|faint|p1a: Archaludon
|
|-weather|RainDance|[upkeep]
|upkeep
|
|t:|1784988827
|switch|p1a: Grimmsnarl|Grimmsnarl, L50, M|75/100
|turn|7
|
|t:|1784988840
|switch|p2b: Sinistcha|Sinistcha, L50|88/100
|-heal|p2a: Staraptor|61/100|[from] ability: Hospitality|[of] p2b: Sinistcha
|move|p2a: Staraptor|Close Combat|p1a: Grimmsnarl
|-damage|p1a: Grimmsnarl|36/100
|-boost|p2a: Staraptor|def|1
|-boost|p2a: Staraptor|spd|1
|move|p1b: Pelipper|Tailwind|p1b: Pelipper
|-sidestart|p1: 2edilso|move: Tailwind
|move|p1a: Grimmsnarl|Spirit Break|p2b: Sinistcha
|-damage|p2b: Sinistcha|65/100
|-unboost|p2b: Sinistcha|spa|1
|
|-weather|RainDance|[upkeep]
|upkeep
|turn|8
|inactive|Todra507 has 30 seconds left.
|inactive|Todra507 has 20 seconds left.
|inactive|Todra507 has 15 seconds left.
|
|t:|1784988885
|switch|p2b: Tyranitar|Tyranitar, L50, F|60/100
|-weather|Sandstorm|[from] ability: Sand Stream|[of] p2b: Tyranitar
|move|p2a: Staraptor|Protect|p2a: Staraptor
|-singleturn|p2a: Staraptor|Protect
|move|p1b: Pelipper|Hurricane|p2a: Staraptor
|-activate|p2a: Staraptor|move: Protect
|move|p1a: Grimmsnarl|Spirit Break|p2a: Staraptor
|-activate|p2a: Staraptor|move: Protect
|
|-weather|Sandstorm|[upkeep]
|-damage|p1b: Pelipper|94/100|[from] Sandstorm
|-damage|p2a: Staraptor|55/100|[from] Sandstorm
|-damage|p1a: Grimmsnarl|30/100|[from] Sandstorm
|-sideend|p1: 2edilso|Reflect
|upkeep
|turn|9
|inactive|2edilso has 30 seconds left.
|inactive|2edilso has 20 seconds left.
|
|t:|1784988921
|switch|p2b: Sinistcha|Sinistcha, L50|65/100
|-heal|p2a: Staraptor|80/100|[from] ability: Hospitality|[of] p2b: Sinistcha
|move|p1a: Grimmsnarl|Reflect|p1a: Grimmsnarl
|-sidestart|p1: 2edilso|Reflect
|move|p1b: Pelipper|Hurricane|p2a: Staraptor
|-supereffective|p2a: Staraptor|1
|-damage|p2a: Staraptor|45/100
|move|p2a: Staraptor|Tailwind|p2a: Staraptor
|-sidestart|p2: Todra507|move: Tailwind
|
|-weather|Sandstorm|[upkeep]
|-damage|p2a: Staraptor|39/100|[from] Sandstorm
|-damage|p1b: Pelipper|88/100|[from] Sandstorm
|-damage|p2b: Sinistcha|60/100|[from] Sandstorm
|-damage|p1a: Grimmsnarl|24/100|[from] Sandstorm
|upkeep
|turn|10
|c|☆2edilso|IS IT REALLY JUST TTAR SINI SWAP FUCKERY
|inactive|2edilso has 30 seconds left.
|inactive|2edilso has 20 seconds left.
|inactive|2edilso has 15 seconds left.
|
|t:|1784988966
|switch|p1b: Basculegion|Basculegion, L50, M|100/100
|move|p2a: Staraptor|Close Combat|p1a: Grimmsnarl
|-damage|p1a: Grimmsnarl|0 fnt
|-boost|p2a: Staraptor|def|1
|-boost|p2a: Staraptor|spd|1
|faint|p1a: Grimmsnarl
|move|p2b: Sinistcha|Matcha Gotcha|p1b: Basculegion
|-supereffective|p1b: Basculegion|1
|-damage|p1b: Basculegion|46/100
|-heal|p2b: Sinistcha|89/100|[from] drain|[of] p1b: Basculegion
|
|-weather|Sandstorm|[upkeep]
|-damage|p1b: Basculegion|40/100|[from] Sandstorm
|-damage|p2a: Staraptor|33/100|[from] Sandstorm
|-damage|p2b: Sinistcha|84/100|[from] Sandstorm
|-sideend|p1: 2edilso|move: Tailwind
|upkeep
|
|t:|1784988981
|switch|p1a: Pelipper|Pelipper, L50, F|88/100
|-weather|RainDance|[from] ability: Drizzle|[of] p1a: Pelipper
|turn|11
|
|t:|1784988996
|switch|p2b: Tyranitar|Tyranitar, L50, F|60/100
|-weather|Sandstorm|[from] ability: Sand Stream|[of] p2b: Tyranitar
|move|p2a: Staraptor|Brave Bird|p1b: Basculegion
|-damage|p1b: Basculegion|2/100
|-damage|p2a: Staraptor|20/100y|[from] Recoil
|move|p1b: Basculegion|Last Respects|p2b: Tyranitar
|-resisted|p2b: Tyranitar|1
|-damage|p2b: Tyranitar|22/100
|move|p1a: Pelipper|Hurricane|p2a: Staraptor
|-supereffective|p2a: Staraptor|1
|-damage|p2a: Staraptor|0 fnt
|faint|p2a: Staraptor
|
|-weather|Sandstorm|[upkeep]
|-damage|p1b: Basculegion|0 fnt|[from] Sandstorm
|-damage|p1a: Pelipper|82/100|[from] Sandstorm
|faint|p1b: Basculegion
|upkeep
|
|t:|1784989009
|switch|p2a: Sinistcha|Sinistcha, L50|84/100
|-heal|p2b: Tyranitar|47/100|[from] ability: Hospitality|[of] p2a: Sinistcha
|turn|12
|
|t:|1784989020
|move|p2b: Tyranitar|Rock Slide|p1a: Pelipper
|-supereffective|p1a: Pelipper|1
|-damage|p1a: Pelipper|28/100
|-enditem|p1a: Pelipper|Sitrus Berry|[eat]
|-heal|p1a: Pelipper|53/100|[from] item: Sitrus Berry
|move|p2a: Sinistcha|Matcha Gotcha|p1a: Pelipper
|-damage|p1a: Pelipper|28/100
|-heal|p2a: Sinistcha|96/100|[from] drain|[of] p1a: Pelipper
|move|p1a: Pelipper|Hurricane|p2b: Tyranitar
|-resisted|p2b: Tyranitar|1
|-damage|p2b: Tyranitar|35/100
|
|-weather|Sandstorm|[upkeep]
|-damage|p2a: Sinistcha|90/100|[from] Sandstorm
|-damage|p1a: Pelipper|22/100|[from] Sandstorm
|-sideend|p1: 2edilso|move: Light Screen
|-sideend|p2: Todra507|move: Tailwind
|upkeep
|turn|13
|-message|2edilso forfeited.
|
|win|Todra507
||Todra507 is ready for game 2.
||2edilso is ready for game 2.
|uhtml|next|Next: Game 2 of 3
