|j|☆Prepucio Santos
|j|☆NotAfrog123
|html|Prepucio SantosNotAfrog123    
|uhtml|bestof|Game 3 of a best-of-3
|t:|1784208693
|gametype|doubles
|player|p1|Prepucio Santos|striker|1331
|player|p2|NotAfrog123|102|1341
|gen|9
|tier|[Gen 9 Champions] VGC 2026 Reg M-B (Bo3)
|rated|
|rule|Species Clause: Limit one of each Pokémon
|rule|Item Clause: Limit 1 of each item
|clearpoke
|poke|p1|Venusaur, L50, F|
|poke|p1|Pelipper, L50, F|
|poke|p1|Grimmsnarl, L50, M|
|poke|p1|Archaludon, L50, M|
|poke|p1|Swampert, L50, F|
|poke|p1|Sinistcha-Masterpiece, L50, shiny|
|poke|p2|Raichu, L50, F|
|poke|p2|Kingambit, L50, M, shiny|
|poke|p2|Ceruledge, L50, M|
|poke|p2|Whimsicott, L50, M, shiny|
|poke|p2|Staraptor, L50, F, shiny|
|poke|p2|Mamoswine, L50, F|
|teampreview|4
|showteam|p1|Venusaur||Venusaurite|Chlorophyll|SludgeBomb,EarthPower,GigaDrain,Protect|Modest||F|||50|]Pelipper||FocusSash|Drizzle|Hurricane,WeatherBall,WideGuard,Tailwind|Modest||F|||50|]Grimmsnarl||LightClay|Prankster|SpiritBreak,Reflect,LightScreen,PartingShot|Sassy||M|||50|]Archaludon||Leftovers|Stamina|DragonPulse,FlashCannon,ElectroShot,Protect|Calm||M|||50|]Swampert||Swampertite|Torrent|WaveCrash,Earthquake,IcePunch,Protect|Adamant||F|||50|]Sinistcha-Masterpiece||SitrusBerry|Hospitality|MatchaGotcha,LifeDew,RagePowder,TrickRoom|Bold|||||50|
|showteam|p2|Raichu||RaichuniteY|LightningRod|Protect,ZapCannon,FocusBlast,FakeOut|Timid||F|||50|]Kingambit||BlackGlasses|Defiant|KowtowCleave,SuckerPunch,IronHead,Protect|Adamant||M|||50|]Ceruledge||ColburBerry|FlashFire|Protect,BitterBlade,ShadowSneak,BulkUp|Adamant||M|||50|]Whimsicott||FocusSash|Prankster|Moonblast,Tailwind,Encore,Charm|Timid||M|||50|]Staraptor||Staraptite|Intimidate|Protect,CloseCombat,BraveBird,Roost|Jolly||F|||50|]Mamoswine||LifeOrb|Oblivious|Protect,IcicleCrash,HighHorsepower,IceShard|Jolly||F|||50|
|
|t:|1784208762
|teamsize|p1|4
|teamsize|p2|4
|start
|switch|p1a: Pelipper|Pelipper, L50, F|100/100
|switch|p1b: Archaludon|Archaludon, L50, M|100/100
|switch|p2a: Whimsicott|Whimsicott, L50, M, shiny|100/100
|switch|p2b: Clova|Staraptor, L50, F, shiny|100/100
|-ability|p2b: Clova|Intimidate|boost
|-unboost|p1a: Pelipper|atk|1
|-unboost|p1b: Archaludon|atk|1
|-weather|RainDance|[from] ability: Drizzle|[of] p1a: Pelipper
|turn|1
|inactive|Battle timer is ON: inactive players will automatically lose when time's up. (requested by Prepucio Santos)
|
|t:|1784208800
|switch|p1b: Sinistcha|Sinistcha-Masterpiece, L50, shiny|100/100
|detailschange|p2b: Clova|Staraptor-Mega, L50, F, shiny
|-mega|p2b: Clova|Staraptor|Staraptite
|move|p2a: Whimsicott|Charm|p2b: Clova
|-boost|p2b: Clova|atk|2
|move|p2b: Clova|Close Combat|p1b: Sinistcha
|-immune|p1b: Sinistcha
|move|p1a: Pelipper|Hurricane|p2b: Clova
|-supereffective|p2b: Clova|1
|-damage|p2b: Clova|0 fnt
|faint|p2b: Clova
|
|-weather|RainDance|[upkeep]
|upkeep
|
|t:|1784208815
|switch|p2b: Manny|Mamoswine, L50, F|100/100
|turn|2
|
|t:|1784208829
|move|p1b: Sinistcha|Rage Powder|p1b: Sinistcha
|-singleturn|p1b: Sinistcha|move: Rage Powder
|move|p2a: Whimsicott|Moonblast|p1a: Pelipper
|-damage|p1a: Pelipper|34/100
|move|p2b: Manny|Icicle Crash|p1b: Sinistcha
|-supereffective|p1b: Sinistcha|1
|-damage|p1b: Sinistcha|6/100
|-enditem|p1b: Sinistcha|Sitrus Berry|[eat]
|-heal|p1b: Sinistcha|31/100|[from] item: Sitrus Berry
|-damage|p2b: Manny|90/100|[from] item: Life Orb
|move|p1a: Pelipper|Weather Ball|p2b: Manny
|-supereffective|p2b: Manny|1
|-damage|p2b: Manny|0 fnt
|faint|p2b: Manny
|
|-weather|RainDance|[upkeep]
|upkeep
|
|t:|1784208843
|switch|p2b: Ceruledge|Ceruledge, L50, M|100/100
|turn|3
|
|t:|1784208862
|move|p2a: Whimsicott|Moonblast|p1a: Pelipper
|-damage|p1a: Pelipper|0 fnt
|faint|p1a: Pelipper
|move|p2b: Ceruledge|Bulk Up|p2b: Ceruledge
|-boost|p2b: Ceruledge|atk|1
|-boost|p2b: Ceruledge|def|1
|move|p1b: Sinistcha|Matcha Gotcha|p2b: Ceruledge|[spread] p2a,p2b
|-resisted|p2a: Whimsicott|1
|-resisted|p2b: Ceruledge|1
|-damage|p2a: Whimsicott|80/100
|-heal|p1b: Sinistcha|39/100|[from] drain|[of] p2a: Whimsicott
|-damage|p2b: Ceruledge|87/100
|-heal|p1b: Sinistcha|45/100|[from] drain|[of] p2b: Ceruledge
|
|-weather|RainDance|[upkeep]
|upkeep
|
|t:|1784208866
|switch|p1a: Swampert|Swampert, L50, F|100/100
|turn|4
|
|t:|1784208886
|switch|p1b: Archaludon|Archaludon, L50, M|100/100
|detailschange|p1a: Swampert|Swampert-Mega, L50, F
|-mega|p1a: Swampert|Swampert|Swampertite
|move|p2b: Ceruledge|Protect|p2b: Ceruledge
|-singleturn|p2b: Ceruledge|Protect
|move|p2a: Whimsicott|Charm|p1a: Swampert
|-unboost|p1a: Swampert|atk|2
|move|p1a: Swampert|Wave Crash|p2b: Ceruledge
|-activate|p2b: Ceruledge|move: Protect
|
|-weather|RainDance|[upkeep]
|upkeep
|turn|5
|inactive|NotAfrog123 has 30 seconds left.
|
|t:|1784208914
|move|p1a: Swampert|Protect|p1a: Swampert
|-singleturn|p1a: Swampert|Protect
|move|p2a: Whimsicott|Charm|p1a: Swampert
|-activate|p1a: Swampert|move: Protect
|move|p1b: Archaludon|Flash Cannon|p2a: Whimsicott
|-supereffective|p2a: Whimsicott|1
|-damage|p2a: Whimsicott|0 fnt
|faint|p2a: Whimsicott
|move|p2b: Ceruledge|Bitter Blade|p1b: Archaludon
|-damage|p1b: Archaludon|73/100
|-heal|p2b: Ceruledge|100/100|[from] drain|[of] p1b: Archaludon
|-ability|p1b: Archaludon|Stamina|boost
|-boost|p1b: Archaludon|def|1
|
|-weather|none
|-heal|p1b: Archaludon|79/100|[from] item: Leftovers
|upkeep
|turn|6
|
|t:|1784208931
|switch|p1a: Sinistcha|Sinistcha-Masterpiece, L50, shiny|45/100
|-heal|p1b: Archaludon|100/100|[from] ability: Hospitality|[of] p1a: Sinistcha
|move|p1b: Archaludon|Dragon Pulse|p2b: Ceruledge
|-damage|p2b: Ceruledge|61/100
|move|p2b: Ceruledge|Bitter Blade|p1a: Sinistcha
|-supereffective|p1a: Sinistcha|1
|-damage|p1a: Sinistcha|0 fnt
|-heal|p2b: Ceruledge|83/100|[from] drain|[of] p1a: Sinistcha
|faint|p1a: Sinistcha
|
|upkeep
|
|t:|1784208938
|switch|p1a: Swampert|Swampert-Mega, L50, F|100/100
|turn|7
|
|t:|1784208944
|move|p1a: Swampert|Wave Crash|p2b: Ceruledge
|-supereffective|p2b: Ceruledge|1
|-damage|p2b: Ceruledge|0 fnt
|faint|p2b: Ceruledge
|-damage|p1a: Swampert|73/100|[from] Recoil
|
|win|Prepucio Santos
