|j|☆Darkip_8
|j|☆icedoutobama
|html|Darkip_8icedoutobama    
|uhtml|bestof|Game 2 of a best-of-3
|t:|1757005366
|gametype|doubles
|player|p1|Darkip_8|101|1132
|player|p2|icedoutobama|skier|1082
|gen|9
|tier|[Gen 9] VGC 2025 Reg H (Bo3)
|rated|
|rule|Species Clause: Limit one of each Pokémon
|rule|Item Clause: Limit 1 of each item
|clearpoke
|poke|p1|Indeedee-F, L50, F|
|poke|p1|Lilligant-Hisui, L50, F|
|poke|p1|Hatterene, L50, F|
|poke|p1|Torkoal, L50, M|
|poke|p1|Gallade, L50, M|
|poke|p1|Ursaluna, L50, F|
|poke|p2|Murkrow, L50, M|
|poke|p2|Abomasnow, L50, M|
|poke|p2|Indeedee, L50, M|
|poke|p2|Sneasler, L50, M|
|poke|p2|Gholdengo, L50|
|poke|p2|Basculegion, L50, M|
|teampreview|4
|showteam|p1|Indeedee-F||RockyHelmet|PsychicSurge|Psychic,HelpingHand,FollowMe,TrickRoom|||F|||50|,,,,,Fairy]Lilligant-Hisui||FocusSash|Chlorophyll|CloseCombat,TripleAxel,AfterYou,SleepPowder|||F|||50|,,,,,Ghost]Hatterene||LifeOrb|MagicBounce|ExpandingForce,DazzlingGleam,Protect,TrickRoom|||F|||50|,,,,,Psychic]Torkoal||Charcoal|Drought|Eruption,HeatWave,WeatherBall,Protect|||M|||50|,,,,,Fire]Gallade||ScopeLens|Sharpness|SacredSword,PsychoCut,LeafBlade,TrickRoom|||M|||50|,,,,,Grass]Ursaluna||FlameOrb|Guts|Facade,HeadlongRush,Earthquake,Protect|||F|||50|,,,,,Ghost
|showteam|p2|Murkrow||Eviolite|Prankster|FoulPlay,Tailwind,Haze,Protect|||M|||50|,,,,,Ghost]Abomasnow||AssaultVest|SnowWarning|Blizzard,LeafStorm,EarthPower,WeatherBall|||M|||50|,,,,,Fire]Indeedee||FocusSash|PsychicSurge|ExpandingForce,TeraBlast,Imprison,TrickRoom|||M|||50|,,,,,Fighting]Sneasler||PsychicSeed|Unburden|DireClaw,CloseCombat,ThroatChop,Protect|||M|||50|,,,,,Dark]Gholdengo||LifeOrb|GoodasGold|MakeItRain,ShadowBall,NastyPlot,Protect||||||50|,,,,,Steel]Basculegion||ChoiceScarf|Adaptability|WaveCrash,LastRespects,AquaJet,FlipTurn|||M|||50|,,,,,Grass
|inactive|Battle timer is ON: inactive players will automatically lose when time's up. (requested by icedoutobama)
|l|☆Darkip_8
|inactive|Darkip_8 disconnected and has a minute to reconnect!
|player|p1|
|j|☆Darkip_8
|inactive|Darkip_8 reconnected and has 65 seconds left.
|player|p1|Darkip_8|101|
|inactive|Darkip_8 has 60 seconds left.
|inactive|Darkip_8 has 30 seconds left.
|
|t:|1757005434
|teamsize|p1|4
|teamsize|p2|4
|start
|switch|p1a: Indeedee|Indeedee-F, L50, F|100/100
|switch|p1b: Gallade|Gallade, L50, M|100/100
|switch|p2a: Longclaw|Sneasler, L50, M, shiny|100/100
|switch|p2b: MDD|Indeedee, L50, M, shiny|100/100
|-fieldstart|move: Psychic Terrain|[from] ability: Psychic Surge|[of] p2b: MDD
|-enditem|p2a: Longclaw|Psychic Seed
|-boost|p2a: Longclaw|spd|1|[from] item: Psychic Seed
|turn|1
|
|t:|1757005453
|-terastallize|p2a: Longclaw|Dark
|move|p2a: Longclaw|Throat Chop|p1b: Gallade
|-damage|p1b: Gallade|34/100
|-start|p1b: Gallade|Throat Chop|[silent]
|move|p2b: MDD|Imprison|p2b: MDD
|-start|p2b: MDD|move: Imprison
|move|p1b: Gallade|Sacred Sword|p2b: MDD
|-enditem|p2b: MDD|Focus Sash
|-damage|p2b: MDD|1/100
|move|p1a: Indeedee|Psychic|p2a: Longclaw
|-immune|p2a: Longclaw
|
|upkeep
|turn|2
|l|☆Darkip_8
|inactive|Darkip_8 disconnected and has a minute to reconnect!
|player|p1|
|inactive|Darkip_8 has 30 seconds left.
|j|☆Darkip_8
|inactive|Darkip_8 reconnected and has 30 seconds left.
|player|p1|Darkip_8|101|
|inactive|Darkip_8 has 20 seconds left.
|inactive|Darkip_8 has 15 seconds left.
|inactive|Darkip_8 has 10 seconds left.
|inactive|Darkip_8 has 5 seconds left.
|
|t:|1757005508
|move|p2a: Longclaw|Dire Claw|p1a: Indeedee
|-damage|p1a: Indeedee|60/100
|-status|p1a: Indeedee|slp
|-damage|p2a: Longclaw|84/100|[from] item: Rocky Helmet|[of] p1a: Indeedee
|move|p2b: MDD|Expanding Force|p1a: Indeedee|[spread] p1a,p1b
|-resisted|p1a: Indeedee
|-damage|p1a: Indeedee|34/100 slp
|-damage|p1b: Gallade|0 fnt
|faint|p1b: Gallade
|cant|p1a: Indeedee|slp
|
|upkeep
|
|t:|1757005520
|switch|p1b: Hatterene|Hatterene, L50, F|100/100
|turn|3
|inactive|Darkip_8 has 30 seconds left.
|
|t:|1757005545
|move|p2a: Longclaw|Protect|p2a: Longclaw
|-singleturn|p2a: Longclaw|Protect
|move|p1b: Hatterene|Protect|p1b: Hatterene
|-singleturn|p1b: Hatterene|Protect
|-curestatus|p1a: Indeedee|slp|[msg]
|move|p1a: Indeedee|Follow Me|p1a: Indeedee
|-singleturn|p1a: Indeedee|move: Follow Me
|move|p2b: MDD|Expanding Force|p1a: Indeedee|[spread] p1a
|-activate|p1b: Hatterene|move: Protect
|-resisted|p1a: Indeedee
|-damage|p1a: Indeedee|6/100
|
|upkeep
|turn|4
|
|t:|1757005562
|move|p1a: Indeedee|Follow Me|p1a: Indeedee
|-singleturn|p1a: Indeedee|move: Follow Me
|move|p2a: Longclaw|Dire Claw|p1a: Indeedee
|-damage|p1a: Indeedee|0 fnt
|-damage|p2a: Longclaw|67/100|[from] item: Rocky Helmet|[of] p1a: Indeedee
|faint|p1a: Indeedee
|move|p2b: MDD|Expanding Force|p1b: Hatterene
|-resisted|p1b: Hatterene
|-damage|p1b: Hatterene|63/100
|move|p1b: Hatterene|Dazzling Gleam|p2a: Longclaw|[spread] p2a,p2b
|-supereffective|p2a: Longclaw
|-damage|p2a: Longclaw|0 fnt
|-damage|p2b: MDD|0 fnt
|faint|p2a: Longclaw
|faint|p2b: MDD
|-damage|p1b: Hatterene|53/100|[from] item: Life Orb
|
|upkeep
|
|t:|1757005577
|switch|p2a: Houndfish|Basculegion, L50, M, shiny|100/100
|switch|p2b: Evergreen|Abomasnow, L50, M|100/100
|switch|p1a: Torkoal|Torkoal, L50, M|100/100
|-weather|Snowscape|[from] ability: Snow Warning|[of] p2b: Evergreen
|-weather|SunnyDay|[from] ability: Drought|[of] p1a: Torkoal
|turn|5
|
|t:|1757005600
|move|p2a: Houndfish|Last Respects|p1b: Hatterene
|-supereffective|p1b: Hatterene
|-damage|p1b: Hatterene|0 fnt
|faint|p1b: Hatterene
|move|p2b: Evergreen|Earth Power|p1a: Torkoal
|-supereffective|p1a: Torkoal
|-damage|p1a: Torkoal|39/100
|-unboost|p1a: Torkoal|spd|1
|move|p1a: Torkoal|Heat Wave|p2b: Evergreen|[spread] p2a,p2b
|-resisted|p2a: Houndfish
|-supereffective|p2b: Evergreen
|-damage|p2a: Houndfish|69/100
|-damage|p2b: Evergreen|0 fnt
|faint|p2b: Evergreen
|
|-weather|SunnyDay|[upkeep]
|-fieldend|move: Psychic Terrain
|upkeep
|turn|6
|
|t:|1757005617
|-terastallize|p1a: Torkoal|Fire
|move|p2a: Houndfish|Last Respects|p1a: Torkoal
|-damage|p1a: Torkoal|0 fnt
|faint|p1a: Torkoal
|
|win|icedoutobama
|raw|Darkip_8's rating: 1132 → 1103(-29 for losing)
|raw|icedoutobama's rating: 1082 → 1114(+32 for winning)
