|j|☆PaniniWeenie
|j|☆Sawadaburner
|html|PaniniWeenieSawadaburner    
|uhtml|bestof|Game 2 of a best-of-3
|t:|1757000114
|gametype|doubles
|player|p1|PaniniWeenie|pokemaniac|1393
|player|p2|Sawadaburner|2|1307
|gen|9
|tier|[Gen 9] VGC 2025 Reg H (Bo3)
|rated|
|rule|Species Clause: Limit one of each Pokémon
|rule|Item Clause: Limit 1 of each item
|clearpoke
|poke|p1|Sneasler, L50, M|
|poke|p1|Volcarona, L50, F|
|poke|p1|Dragonite, L50, F|
|poke|p1|Rillaboom, L50, F|
|poke|p1|Electabuzz, L50, F|
|poke|p1|Kingambit, L50, F|
|poke|p2|Porygon2, L50|
|poke|p2|Incineroar, L50, F|
|poke|p2|Ursaluna, L50, F|
|poke|p2|Jumpluff, L50, F|
|poke|p2|Charizard, L50, M|
|poke|p2|Torkoal, L50, F|
|teampreview|4
|showteam|p1|Sneasler||FocusSash|PoisonTouch|DireClaw,CloseCombat,FakeOut,Coaching|||M|||50|,,,,,Stellar]Volcarona||Leftovers|FlameBody|HeatWave,QuiverDance,Protect,TeraBlast|||F|||50|,,,,,Fairy]Dragonite||LoadedDice|Multiscale|ScaleShot,ExtremeSpeed,Haze,Protect|||F|||50|,,,,,Steel]Rillaboom||AssaultVest|GrassySurge|WoodHammer,GrassyGlide,HighHorsepower,FakeOut|||F|||50|,,,,,Fire]Electabuzz||Eviolite|VitalSpirit|FollowMe,Thunderbolt,Taunt,Protect|||F|||50|,,,,,Ghost]Kingambit||BlackGlasses|Defiant|KowtowCleave,SuckerPunch,SwordsDance,Protect|||F|||50|,,,,,Dark
|showteam|p2|Porygon2||Eviolite|Download|TeraBlast,IceBeam,TrickRoom,Recover||||||50|,,,,,Fighting]Incineroar||SitrusBerry|Intimidate|FakeOut,KnockOff,FlareBlitz,PartingShot|||F|||50|,,,,,Ghost]Ursaluna||FlameOrb|Guts|HeadlongRush,Facade,Earthquake,Protect|||F|||50|,,,,,Ghost]Jumpluff||CovertCloak|Chlorophyll|RagePowder,SunnyDay,Tailwind,SleepPowder|||F|||50|,,,,,Water]Charizard||ChoiceSpecs|SolarPower|HeatWave,Overheat,WeatherBall,AirSlash|||M|||50|,,,,,Ghost]Torkoal||EjectPack|Drought|Overheat,Eruption,HelpingHand,Protect|||F|||50|,,,,,Fire
|inactive|Battle timer is ON: inactive players will automatically lose when time's up. (requested by PaniniWeenie)
|
|t:|1757000141
|teamsize|p1|4
|teamsize|p2|4
|start
|switch|p1a: Electabuzz|Electabuzz, L50, F|100/100
|switch|p1b: Dragonite|Dragonite, L50, F|100/100
|switch|p2a: Jumpluff|Jumpluff, L50, F, shiny|100/100
|switch|p2b: Torkoal|Torkoal, L50, F|100/100
|-weather|SunnyDay|[from] ability: Drought|[of] p2b: Torkoal
|turn|1
|
|t:|1757000153
|move|p2a: Jumpluff|Tailwind|p2a: Jumpluff
|-sidestart|p2: Sawadaburner|move: Tailwind
|move|p1a: Electabuzz|Thunderbolt|p2b: Torkoal
|-damage|p2b: Torkoal|59/100
|move|p1b: Dragonite|Scale Shot|p2b: Torkoal
|-damage|p2b: Torkoal|47/100
|-damage|p2b: Torkoal|36/100
|-crit|p2b: Torkoal
|-damage|p2b: Torkoal|19/100
|-damage|p2b: Torkoal|7/100
|-hitcount|p2b: Torkoal|4
|-unboost|p1b: Dragonite|def|1
|-boost|p1b: Dragonite|spe|1
|move|p2b: Torkoal|Overheat|p1a: Electabuzz
|-damage|p1a: Electabuzz|38/100
|-unboost|p2b: Torkoal|spa|2
|-enditem|p2b: Torkoal|Eject Pack
|
|t:|1757000162
|switch|p2b: Charizard|Charizard, L50, M|100/100
|
|-weather|SunnyDay|[upkeep]
|-damage|p2b: Charizard|88/100|[from] ability: Solar Power|[of] p2b: Charizard
|upkeep
|turn|2
|
|t:|1757000173
|move|p1b: Dragonite|Protect|p1b: Dragonite
|-singleturn|p1b: Dragonite|Protect
|move|p1a: Electabuzz|Protect|p1a: Electabuzz
|-singleturn|p1a: Electabuzz|Protect
|move|p2a: Jumpluff|Sleep Powder|p1b: Dragonite
|-activate|p1b: Dragonite|move: Protect
|move|p2b: Charizard|Heat Wave|p1b: Dragonite|[spread] 
|-activate|p1a: Electabuzz|move: Protect
|-activate|p1b: Dragonite|move: Protect
|
|-weather|SunnyDay|[upkeep]
|-damage|p2b: Charizard|76/100|[from] ability: Solar Power|[of] p2b: Charizard
|upkeep
|turn|3
|
|t:|1757000182
|switch|p2a: Ursaluna|Ursaluna, L50, F|100/100
|move|p1a: Electabuzz|Follow Me|p1a: Electabuzz
|-singleturn|p1a: Electabuzz|move: Follow Me
|move|p2b: Charizard|Heat Wave|p1a: Electabuzz|[spread] p1a,p1b
|-resisted|p1b: Dragonite
|-damage|p1a: Electabuzz|0 fnt
|-damage|p1b: Dragonite|69/100
|-status|p1b: Dragonite|brn
|faint|p1a: Electabuzz
|move|p1b: Dragonite|Scale Shot|p2a: Ursaluna
|-damage|p2a: Ursaluna|95/100
|-damage|p2a: Ursaluna|90/100
|-damage|p2a: Ursaluna|84/100
|-damage|p2a: Ursaluna|79/100
|-hitcount|p2a: Ursaluna|4
|-unboost|p1b: Dragonite|def|1
|-boost|p1b: Dragonite|spe|1
|
|-weather|SunnyDay|[upkeep]
|-damage|p2b: Charizard|63/100|[from] ability: Solar Power|[of] p2b: Charizard
|-damage|p1b: Dragonite|63/100 brn|[from] brn
|-status|p2a: Ursaluna|brn|[from] item: Flame Orb
|upkeep
|
|t:|1757000202
|switch|p1a: Volcarona|Volcarona, L50, F|100/100
|turn|4
|
|t:|1757000217
|switch|p2b: Jumpluff|Jumpluff, L50, F, shiny|100/100
|move|p1b: Dragonite|Protect|p1b: Dragonite
|-singleturn|p1b: Dragonite|Protect
|move|p1a: Volcarona|Protect|p1a: Volcarona
|-singleturn|p1a: Volcarona|Protect
|move|p2a: Ursaluna|Facade|p1a: Volcarona
|-activate|p1a: Volcarona|move: Protect
|
|-weather|SunnyDay|[upkeep]
|-damage|p1b: Dragonite|57/100 brn|[from] brn
|-damage|p2a: Ursaluna|73/100 brn|[from] brn
|-sideend|p2: Sawadaburner|move: Tailwind
|upkeep
|turn|5
|
|t:|1757000234
|move|p2b: Jumpluff|Tailwind|p2b: Jumpluff
|-sidestart|p2: Sawadaburner|move: Tailwind
|move|p1b: Dragonite|Scale Shot|p2a: Ursaluna
|-damage|p2a: Ursaluna|68/100 brn
|-crit|p2a: Ursaluna
|-damage|p2a: Ursaluna|60/100 brn
|-damage|p2a: Ursaluna|54/100 brn
|-damage|p2a: Ursaluna|48/100 brn
|-hitcount|p2a: Ursaluna|4
|-unboost|p1b: Dragonite|def|1
|-boost|p1b: Dragonite|spe|1
|move|p2a: Ursaluna|Facade|p1a: Volcarona
|-damage|p1a: Volcarona|0 fnt
|faint|p1a: Volcarona
|
|-weather|none
|-damage|p1b: Dragonite|51/100 brn|[from] brn
|-damage|p2a: Ursaluna|42/100 brn|[from] brn
|upkeep
|
|t:|1757000240
|switch|p1a: Kingambit|Kingambit, L50, F|100/100
|turn|6
|
|t:|1757000250
|-terastallize|p1a: Kingambit|Dark
|move|p2a: Ursaluna|Protect|p2a: Ursaluna
|-singleturn|p2a: Ursaluna|Protect
|move|p1b: Dragonite|Extreme Speed|p2b: Jumpluff
|-damage|p2b: Jumpluff|81/100
|move|p2b: Jumpluff|Sleep Powder|p1a: Kingambit|[miss]
|-miss|p2b: Jumpluff|p1a: Kingambit
|move|p1a: Kingambit|Kowtow Cleave|p2b: Jumpluff
|-damage|p2b: Jumpluff|0 fnt
|faint|p2b: Jumpluff
|
|-damage|p1b: Dragonite|45/100 brn|[from] brn
|-damage|p2a: Ursaluna|37/100 brn|[from] brn
|upkeep
|
|t:|1757000261
|switch|p2b: Charizard|Charizard, L50, M|63/100
|turn|7
|
|t:|1757000277
|switch|p2a: Torkoal|Torkoal, L50, F|7/100
|-weather|SunnyDay|[from] ability: Drought|[of] p2a: Torkoal
|move|p1a: Kingambit|Sucker Punch|p2b: Charizard
|-damage|p2b: Charizard|0 fnt
|faint|p2b: Charizard
|move|p1b: Dragonite|Scale Shot|p2a: Torkoal
|-damage|p2a: Torkoal|1/100
|-damage|p2a: Torkoal|0 fnt
|faint|p2a: Torkoal
|-hitcount|p2: Torkoal|2
|-unboost|p1b: Dragonite|def|1
|-boost|p1b: Dragonite|spe|1
|
|-weather|SunnyDay|[upkeep]
|-damage|p1b: Dragonite|39/100 brn|[from] brn
|upkeep
|
|t:|1757000284
|switch|p2b: Ursaluna|Ursaluna, L50, F|37/100 brn
|turn|8
|
|t:|1757000290
|move|p1b: Dragonite|Extreme Speed|p2b: Ursaluna
|-damage|p2b: Ursaluna|25/100 brn
|move|p1a: Kingambit|Sucker Punch|p2b: Ursaluna
|-damage|p2b: Ursaluna|0 fnt
|faint|p2b: Ursaluna
|
|win|PaniniWeenie
|raw|PaniniWeenie's rating: 1393 → 1408(+15 for winning)
|raw|Sawadaburner's rating: 1307 → 1292(-15 for losing)
|l|☆Sawadaburner
|player|p2|
