|j|☆leafeon_2564
|j|☆tmjp01
|html|leafeon_2564tmjp01    
|uhtml|bestof|Game 1 of a best-of-3
|t:|1782615650
|gametype|doubles
|player|p1|leafeon_2564|youngcouple-gen4dp|1075
|player|p2|tmjp01|2|1228
|gen|9
|tier|[Gen 9 Champions] VGC 2026 Reg M-B (Bo3)
|rated|
|rule|Species Clause: Limit one of each Pokémon
|rule|Item Clause: Limit 1 of each item
|clearpoke
|poke|p1|Delphox, L50, M, shiny|
|poke|p1|Staraptor, L50, M, shiny|
|poke|p1|Whimsicott, L50, F, shiny|
|poke|p1|Grimmsnarl, L50, M, shiny|
|poke|p1|Garchomp, L50, F, shiny|
|poke|p1|Sinistcha, L50, shiny|
|poke|p2|Corviknight, L50, M|
|poke|p2|Tyranitar, L50, F|
|poke|p2|Hydreigon, L50, M|
|poke|p2|Froslass, L50, F|
|poke|p2|Garchomp, L50, M|
|poke|p2|Arcanine-Hisui, L50, M|
|teampreview|4
|showteam|p1|Delphox||Delphoxite|Blaze|HeatWave,Psychic,NastyPlot,Protect|Timid||M|||50|]Staraptor||Staraptite|Intimidate|CloseCombat,BraveBird,Roost,Protect|Jolly||M|||50|]Whimsicott||FocusSash|Prankster|Tailwind,Moonblast,Encore,Protect|Timid||F|||50|]Grimmsnarl||LightClay|Prankster|LightScreen,PartingShot,Reflect,SpiritBreak|Careful||M|||50|]Garchomp||LifeOrb|RoughSkin|DragonClaw,RockSlide,Earthquake,Protect|Jolly||F|||50|]Sinistcha||SitrusBerry|Hospitality|RagePowder,MatchaGotcha,LifeDew,TrickRoom|Bold|||||50|
|showteam|p2|Corviknight||OccaBerry|MirrorArmor|BraveBird,Protect,IronHead,Tailwind|Adamant||M|||50|]Tyranitar||Tyranitarite|SandStream|Protect,KnockOff,RockSlide,DragonDance|Adamant||F|||50|]Hydreigon||ChoiceScarf|Levitate|DarkPulse,DracoMeteor,EarthPower,FlashCannon|Timid||M|||50|]Froslass||Froslassite|CursedBody|Blizzard,Protect,ShadowBall,WeatherBall|Timid||F|||50|]Garchomp||LifeOrb|RoughSkin|Protect,DragonClaw,RockSlide,Earthquake|Jolly||M|||50|]Arcanine-Hisui||FocusSash|RockHead|Protect,HeadSmash,ExtremeSpeed,FlareBlitz|Adamant||M|||50|
|inactive|Battle timer is ON: inactive players will automatically lose when time's up. (requested by leafeon_2564)
|inactive|tmjp01 has 60 seconds left.
|
|t:|1782615696
|teamsize|p1|4
|teamsize|p2|4
|start
|switch|p1a: Staraptor|Staraptor, L50, M, shiny|100/100
|switch|p1b: Grimmsnarl|Grimmsnarl, L50, M, shiny|100/100
|switch|p2a: Arcanine|Arcanine-Hisui, L50, M|100/100
|switch|p2b: Corviknight|Corviknight, L50, M|100/100
|-ability|p1a: Staraptor|Intimidate|boost
|-unboost|p2a: Arcanine|atk|1
|-ability|p2b: Corviknight|Mirror Armor
|-unboost|p1a: Staraptor|atk|1
|turn|1
|
|t:|1782615706
|detailschange|p1a: Staraptor|Staraptor-Mega, L50, M, shiny
|-mega|p1a: Staraptor|Staraptor|Staraptite
|move|p1b: Grimmsnarl|Reflect|p1b: Grimmsnarl
|-sidestart|p1: leafeon_2564|Reflect
|move|p1a: Staraptor|Close Combat|p2b: Corviknight
|-damage|p2b: Corviknight|67/100
|-boost|p1a: Staraptor|def|1
|-boost|p1a: Staraptor|spd|1
|move|p2a: Arcanine|Head Smash|p1a: Staraptor
|-damage|p1a: Staraptor|75/100
|move|p2b: Corviknight|Brave Bird|p1a: Staraptor
|-supereffective|p1a: Staraptor|1
|-crit|p1a: Staraptor
|-damage|p1a: Staraptor|0 fnt
|faint|p1a: Staraptor
|-damage|p2b: Corviknight|46/100|[from] Recoil
|
|upkeep
|
|t:|1782615715
|switch|p1a: Garchomp|Garchomp, L50, F, shiny|100/100
|turn|2
|
|t:|1782615731
|move|p2a: Arcanine|Protect|p2a: Arcanine
|-singleturn|p2a: Arcanine|Protect
|move|p1a: Garchomp|Rock Slide|p2a: Arcanine|[spread] p2b
|-activate|p2a: Arcanine|move: Protect
|-damage|p2b: Corviknight|25/100
|-damage|p1a: Garchomp|90/100|[from] item: Life Orb
|cant|p2b: Corviknight|flinch
|move|p1b: Grimmsnarl|Spirit Break|p2a: Arcanine
|-activate|p2a: Arcanine|move: Protect
|
|upkeep
|turn|3
|
|t:|1782615752
|move|p1a: Garchomp|Rock Slide|p2b: Corviknight|[spread] p2b
|-miss|p1a: Garchomp|p2a: Arcanine
|-damage|p2b: Corviknight|5/100
|-damage|p1a: Garchomp|80/100|[from] item: Life Orb
|move|p2a: Arcanine|Flare Blitz|p1b: Grimmsnarl
|-damage|p1b: Grimmsnarl|73/100
|-status|p1b: Grimmsnarl|brn
|move|p2b: Corviknight|Tailwind|p2b: Corviknight
|-sidestart|p2: tmjp01|move: Tailwind
|move|p1b: Grimmsnarl|Spirit Break|p2b: Corviknight
|-resisted|p2b: Corviknight|1
|-damage|p2b: Corviknight|0 fnt
|faint|p2b: Corviknight
|
|-damage|p1b: Grimmsnarl|67/100 brn|[from] brn
|upkeep
|
|t:|1782615764
|switch|p2b: Froslass|Froslass, L50, F|100/100
|turn|4
|
|t:|1782615780
|detailschange|p2b: Froslass|Froslass-Mega, L50, F
|-mega|p2b: Froslass|Froslass|Froslassite
|-weather|Snowscape|[from] ability: Snow Warning|[of] p2b: Froslass
|move|p1b: Grimmsnarl|Parting Shot|p2b: Froslass
|-unboost|p2b: Froslass|atk|1
|-unboost|p2b: Froslass|spa|1
|
|t:|1782615785
|switch|p1b: Whimsicott|Whimsicott, L50, F, shiny|100/100|[from] Parting Shot
|move|p2b: Froslass|Blizzard|p1b: Whimsicott|[spread] p1a,p1b
|-supereffective|p1a: Garchomp|2
|-supereffective|p1b: Whimsicott|1
|-damage|p1a: Garchomp|0 fnt
|-enditem|p1b: Whimsicott|Focus Sash
|-damage|p1b: Whimsicott|1/100
|faint|p1a: Garchomp
|move|p2a: Arcanine|Head Smash|p1b: Whimsicott|[miss]
|-miss|p2a: Arcanine|p1b: Whimsicott
|
|-weather|Snowscape|[upkeep]
|upkeep
|
|t:|1782615791
|switch|p1a: Grimmsnarl|Grimmsnarl, L50, M, shiny|67/100 brn
|turn|5
|
|t:|1782615803
|move|p1b: Whimsicott|Protect|p1b: Whimsicott
|-singleturn|p1b: Whimsicott|Protect
|move|p2a: Arcanine|Extreme Speed|p1b: Whimsicott
|-activate|p1b: Whimsicott|move: Protect
|move|p1a: Grimmsnarl|Parting Shot|p2a: Arcanine
|-unboost|p2a: Arcanine|atk|1
|-unboost|p2a: Arcanine|spa|1
|move|p2b: Froslass|Blizzard|p1a: Grimmsnarl|[spread] p1a
|-activate|p1b: Whimsicott|move: Protect
|-damage|p1a: Grimmsnarl|40/100 brn
|
|-weather|Snowscape|[upkeep]
|-damage|p1a: Grimmsnarl|34/100 brn|[from] brn
|upkeep
|turn|6
|
|t:|1782615813
|move|p2a: Arcanine|Extreme Speed|p1b: Whimsicott
|-damage|p1b: Whimsicott|0 fnt
|faint|p1b: Whimsicott
|move|p1a: Grimmsnarl|Parting Shot|p2b: Froslass
|-unboost|p2b: Froslass|atk|1
|-unboost|p2b: Froslass|spa|1
|move|p2b: Froslass|Blizzard|p1a: Grimmsnarl
|-damage|p1a: Grimmsnarl|7/100 brn
|
|-weather|Snowscape|[upkeep]
|-damage|p1a: Grimmsnarl|1/100 brn|[from] brn
|-sideend|p2: tmjp01|move: Tailwind
|upkeep
|turn|7
|-message|leafeon_2564 forfeited.
|
|win|tmjp01
|l|☆leafeon_2564
|player|p1|
||leafeon_2564 is ready for game 2.
||tmjp01 is ready for game 2.
|uhtml|next|Next: Game 2 of 3
