|j|☆Swami
|j|☆JakAttack626
|html|SwamiJakAttack626    
|uhtml|bestof|Game 2 of a best-of-3
|t:|1756349999
|gametype|doubles
|player|p1|Swami|cyrus|1197
|player|p2|JakAttack626|blue|1093
|gen|9
|tier|[Gen 9] VGC 2025 Reg H (Bo3)
|rated|
|rule|Species Clause: Limit one of each Pokémon
|rule|Item Clause: Limit 1 of each item
|clearpoke
|poke|p1|Pelipper, L50, M|
|poke|p1|Basculegion, L50, M|
|poke|p1|Archaludon, L50, F|
|poke|p1|Amoonguss, L50, F|
|poke|p1|Incineroar, L50, F|
|poke|p1|Dragonite, L50, M|
|poke|p2|Annihilape, L50, M|
|poke|p2|Ninetales-Alola, L50, M|
|poke|p2|Garchomp, L50, F|
|poke|p2|Dragonite, L50, M|
|poke|p2|Sneasler, L50, M|
|poke|p2|Incineroar, L50, F|
|teampreview|4
|showteam|p1|Pelipper||CovertCloak|Drizzle|Hurricane,WeatherBall,Tailwind,Protect|||M|||50|,,,,,Electric]Basculegion||LifeOrb|SwiftSwim|WaveCrash,LastRespects,Protect,AquaJet|||M|||50|,,,,,Water]Archaludon||AssaultVest|Stamina|FlashCannon,ElectroShot,BodyPress,DragonPulse|||F|||50|,,,,,Fighting]Amoonguss||SitrusBerry|Regenerator|Spore,PollenPuff,ClearSmog,RagePowder|||F|||50|,,,,,Psychic]Incineroar||SafetyGoggles|Intimidate|FakeOut,Taunt,KnockOff,PartingShot|||F|||50|,,,,,Ghost]Dragonite||LoadedDice|Multiscale|ScaleShot,Tailwind,Haze,Protect|||M|||50|,,,,,Fairy
|showteam|p2|Annihilape||AssaultVest|Defiant|RageFist,DrainPunch,RockTomb,FinalGambit|||M|||50|,,,,,Fire]Ninetales-Alola||ChoiceSpecs|SnowWarning|Blizzard,Moonblast,FreezeDry,IcyWind|||M|||50|,,,,,Ghost]Garchomp||LifeOrb|RoughSkin|Earthquake,StompingTantrum,DragonClaw,Protect|||F|||50|,,,,,Steel]Dragonite||LoadedDice|Multiscale|ScaleShot,Tailwind,Protect,Haze|||M|||50|,,,,,Fairy]Sneasler||FocusSash|Unburden|CloseCombat,DireClaw,FakeOut,Coaching|||M|||50|,,,,,Ghost]Incineroar||SafetyGoggles|Intimidate|KnockOff,Taunt,FakeOut,PartingShot|||F|||50|,,,,,Fairy
|
|t:|1756350029
|teamsize|p1|4
|teamsize|p2|4
|start
|switch|p1a: Dragonite|Dragonite, L50, M|100/100
|switch|p1b: Basculegion|Basculegion, L50, M, shiny|100/100
|switch|p2a: Sneasler|Sneasler, L50, M, shiny|100/100
|switch|p2b: Dragonite|Dragonite, L50, M, shiny|100/100
|turn|1
|inactive|Battle timer is ON: inactive players will automatically lose when time's up. (requested by JakAttack626)
|
|t:|1756350061
|-terastallize|p2b: Dragonite|Fairy
|move|p2a: Sneasler|Close Combat|p1b: Basculegion
|-immune|p1b: Basculegion
|move|p1a: Dragonite|Scale Shot|p2a: Sneasler
|-damage|p2a: Sneasler|77/100
|-damage|p2a: Sneasler|51/100
|-damage|p2a: Sneasler|24/100
|-damage|p2a: Sneasler|0 fnt
|faint|p2a: Sneasler
|-hitcount|p2: Sneasler|4
|-unboost|p1a: Dragonite|def|1
|-boost|p1a: Dragonite|spe|1
|move|p2b: Dragonite|Tailwind|p2b: Dragonite
|-sidestart|p2: JakAttack626|move: Tailwind
|move|p1b: Basculegion|Wave Crash|p2b: Dragonite
|-damage|p2b: Dragonite|58/100
|-damage|p1b: Basculegion|89/100|[from] Recoil
|-damage|p1b: Basculegion|79/100|[from] item: Life Orb
|
|upkeep
|
|t:|1756350067
|switch|p2a: Ninetales|Ninetales-Alola, L50, M, shiny|100/100
|-weather|Snowscape|[from] ability: Snow Warning|[of] p2a: Ninetales
|turn|2
|
|t:|1756350092
|switch|p1b: Pelipper|Pelipper, L50, M, shiny|100/100
|-weather|RainDance|[from] ability: Drizzle|[of] p1b: Pelipper
|-terastallize|p1a: Dragonite|Fairy
|move|p2a: Ninetales|Freeze-Dry|p1b: Pelipper
|-supereffective|p1b: Pelipper
|-damage|p1b: Pelipper|0 fnt
|faint|p1b: Pelipper
|move|p2b: Dragonite|Scale Shot|p1a: Dragonite
|-immune|p1a: Dragonite
|move|p1a: Dragonite|Tailwind|p1a: Dragonite
|-sidestart|p1: Swami|move: Tailwind
|
|-weather|RainDance|[upkeep]
|upkeep
|
|t:|1756350103
|switch|p1b: Archaludon|Archaludon, L50, F, shiny|100/100
|turn|3
|
|t:|1756350122
|move|p1a: Dragonite|Scale Shot|p2a: Ninetales
|-immune|p2a: Ninetales
|move|p2a: Ninetales|Freeze-Dry|p1b: Archaludon
|-damage|p1b: Archaludon|72/100
|-ability|p1b: Archaludon|Stamina|boost
|-boost|p1b: Archaludon|def|1
|move|p2b: Dragonite|Scale Shot|p1a: Dragonite
|-immune|p1a: Dragonite
|move|p1b: Archaludon|Electro Shot||[still]
|-prepare|p1b: Archaludon|Electro Shot
|-boost|p1b: Archaludon|spa|1
|-anim|p1b: Archaludon|Electro Shot|p2b: Dragonite
|-damage|p2b: Dragonite|0 fnt
|faint|p2b: Dragonite
|
|-weather|RainDance|[upkeep]
|upkeep
|
|t:|1756350131
|switch|p2b: Garchomp|Garchomp, L50, F|100/100
|turn|4
|
|t:|1756350152
|move|p2b: Garchomp|Protect|p2b: Garchomp
|-singleturn|p2b: Garchomp|Protect
|move|p1a: Dragonite|Scale Shot|p2b: Garchomp
|-activate|p2b: Garchomp|move: Protect
|move|p2a: Ninetales|Freeze-Dry|p1a: Dragonite
|-damage|p1a: Dragonite|79/100
|move|p1b: Archaludon|Flash Cannon|p2a: Ninetales
|-supereffective|p2a: Ninetales
|-damage|p2a: Ninetales|0 fnt
|faint|p2a: Ninetales
|
|-weather|RainDance|[upkeep]
|-sideend|p2: JakAttack626|move: Tailwind
|upkeep
|turn|5
|-message|JakAttack626 forfeited.
|
|win|Swami
|raw|Swami's rating: 1197 → 1215(+18 for winning)
|raw|JakAttack626's rating: 1093 → 1076(-17 for losing)
