|j|☆SpeedRacer1
|j|☆chefbenboyrd
|html|SpeedRacer1chefbenboyrd    
|uhtml|bestof|Game 3 of a best-of-3
|t:|1757126945
|gametype|doubles
|player|p1|SpeedRacer1|ingo|1087
|player|p2|chefbenboyrd|brawly|1129
|gen|9
|tier|[Gen 9] VGC 2025 Reg H (Bo3)
|rated|
|rule|Species Clause: Limit one of each Pokémon
|rule|Item Clause: Limit 1 of each item
|clearpoke
|poke|p1|Charizard, L50, M|
|poke|p1|Torkoal, L50, M|
|poke|p1|Porygon2, L50|
|poke|p1|Incineroar, L50, M|
|poke|p1|Jumpluff, L50, F|
|poke|p1|Ursaluna, L50, F|
|poke|p2|Whimsicott, L50, F|
|poke|p2|Hydreigon, L50, M|
|poke|p2|Incineroar, L50, M|
|poke|p2|Gholdengo, L50|
|poke|p2|Basculegion, L50, M|
|poke|p2|Dragonite, L50, M|
|teampreview|4
|showteam|p1|Charizard||ChoiceSpecs|SolarPower|HeatWave,Overheat,WeatherBall,AirSlash|||M|||50|,,,,,Ghost]Torkoal||EjectPack|Drought|Eruption,Overheat,HelpingHand,Protect|||M|||50|,,,,,Fire]Porygon2||Eviolite|Download|TeraBlast,IceBeam,Recover,TrickRoom||||||50|,,,,,Fighting]Incineroar||SitrusBerry|Intimidate|FlareBlitz,KnockOff,FakeOut,PartingShot|||M|||50|,,,,,Ghost]Jumpluff||CovertCloak|Chlorophyll|SleepPowder,SunnyDay,RagePowder,Tailwind|||F|||50|,,,,,Water]Ursaluna||FlameOrb|Guts|HeadlongRush,Facade,Earthquake,Protect|||F|||50|,,,,,Ghost
|showteam|p2|Whimsicott||FocusSash|Prankster|SunnyDay,Encore,Tailwind,Moonblast|||F|||50|,,,,,Ghost]Hydreigon||ChoiceSpecs|Levitate|HeatWave,DracoMeteor,Snarl,DarkPulse|||M|||50|,,,,,Fire]Incineroar||SafetyGoggles|Intimidate|KnockOff,FakeOut,PartingShot,FlareBlitz|||M|||50|,,,,,Ghost]Gholdengo||LifeOrb|GoodasGold|Protect,MakeItRain,ShadowBall,NastyPlot||||||50|,,,,,Water]Basculegion||ChoiceScarf|Adaptability|LastRespects,WaveCrash,AquaJet,FlipTurn|||M|||50|,,,,,Water]Dragonite||LoadedDice|Multiscale|ScaleShot,Protect,ExtremeSpeed,Haze|||M|||50|,,,,,Fairy
|
|t:|1757126976
|teamsize|p1|4
|teamsize|p2|4
|start
|switch|p1a: Incineroar|Incineroar, L50, M|100/100
|switch|p1b: Porygon2|Porygon2, L50|100/100
|switch|p2a: Incineroar|Incineroar, L50, M|100/100
|switch|p2b: Dragonite|Dragonite, L50, M|100/100
|-ability|p1a: Incineroar|Intimidate|boost
|-unboost|p2a: Incineroar|atk|1
|-unboost|p2b: Dragonite|atk|1
|-ability|p2a: Incineroar|Intimidate|boost
|-unboost|p1a: Incineroar|atk|1
|-unboost|p1b: Porygon2|atk|1
|-ability|p1b: Porygon2|Download|boost
|-boost|p1b: Porygon2|atk|1
|turn|1
|inactive|Battle timer is ON: inactive players will automatically lose when time's up. (requested by chefbenboyrd)
|
|t:|1757126999
|-terastallize|p2a: Incineroar|Ghost
|move|p2b: Dragonite|Protect|p2b: Dragonite
|-singleturn|p2b: Dragonite|Protect
|move|p1a: Incineroar|Fake Out|p2a: Incineroar
|-immune|p2a: Incineroar
|move|p2a: Incineroar|Fake Out|p1b: Porygon2
|-damage|p1b: Porygon2|95/100
|cant|p1b: Porygon2|flinch
|
|upkeep
|turn|2
|
|t:|1757127011
|switch|p2b: Hydreigon|Hydreigon, L50, M|100/100
|move|p1a: Incineroar|Knock Off|p2b: Hydreigon
|-resisted|p2b: Hydreigon
|-damage|p2b: Hydreigon|85/100
|-enditem|p2b: Hydreigon|Choice Specs|[from] move: Knock Off|[of] p1a: Incineroar
|move|p2a: Incineroar|Knock Off|p1b: Porygon2
|-damage|p1b: Porygon2|77/100
|-enditem|p1b: Porygon2|Eviolite|[from] move: Knock Off|[of] p2a: Incineroar
|move|p1b: Porygon2|Ice Beam|p2b: Hydreigon
|-supereffective|p2b: Hydreigon
|-damage|p2b: Hydreigon|18/100
|
|upkeep
|turn|3
|
|t:|1757127033
|switch|p2a: Dragonite|Dragonite, L50, M|100/100
|switch|p1b: Torkoal|Torkoal, L50, M|100/100
|-weather|SunnyDay|[from] ability: Drought|[of] p1b: Torkoal
|move|p2b: Hydreigon|Draco Meteor|p1b: Torkoal
|-damage|p1b: Torkoal|2/100
|-unboost|p2b: Hydreigon|spa|2
|move|p1a: Incineroar|Parting Shot|p2b: Hydreigon
|-unboost|p2b: Hydreigon|atk|1
|-unboost|p2b: Hydreigon|spa|1
|
|t:|1757127043
|switch|p1a: Ursaluna|Ursaluna, L50, F|100/100|[from] Parting Shot
|
|-weather|SunnyDay|[upkeep]
|-status|p1a: Ursaluna|brn|[from] item: Flame Orb
|upkeep
|turn|4
|
|t:|1757127060
|move|p2b: Hydreigon|Heat Wave|p1a: Ursaluna|[spread] p1a,p1b
|-crit|p1a: Ursaluna
|-resisted|p1b: Torkoal
|-damage|p1a: Ursaluna|42/100 brn
|-damage|p1b: Torkoal|0 fnt
|faint|p1b: Torkoal
|move|p2a: Dragonite|Scale Shot|p1a: Ursaluna|[miss]
|-miss|p2a: Dragonite|p1a: Ursaluna
|move|p1a: Ursaluna|Facade|p2a: Dragonite
|-damage|p2a: Dragonite|36/100
|
|-weather|SunnyDay|[upkeep]
|-damage|p1a: Ursaluna|36/100 brn|[from] brn
|upkeep
|c|☆chefbenboyrd|kms
|
|t:|1757127074
|switch|p1b: Incineroar|Incineroar, L50, M|100/100
|-ability|p1b: Incineroar|Intimidate|boost
|-unboost|p2a: Dragonite|atk|1
|-unboost|p2b: Hydreigon|atk|1
|turn|5
|c|☆SpeedRacer1|Such a lucky crit though
|inactive|SpeedRacer1 has 30 seconds left.
|
|t:|1757127106
|switch|p2b: Incineroar|Incineroar, L50, M, tera:Ghost|100/100
|-ability|p2b: Incineroar|Intimidate|boost
|-unboost|p1a: Ursaluna|atk|1
|-unboost|p1b: Incineroar|atk|1
|move|p2a: Dragonite|Protect|p2a: Dragonite
|-singleturn|p2a: Dragonite|Protect
|move|p1a: Ursaluna|Protect|p1a: Ursaluna
|-singleturn|p1a: Ursaluna|Protect
|move|p1b: Incineroar|Knock Off|p2a: Dragonite
|-activate|p2a: Dragonite|move: Protect
|
|-weather|SunnyDay|[upkeep]
|-damage|p1a: Ursaluna|31/100 brn|[from] brn
|upkeep
|turn|6
|
|t:|1757127130
|switch|p1a: Porygon2|Porygon2, L50|77/100
|-ability|p1a: Porygon2|Download|boost
|-boost|p1a: Porygon2|atk|1
|move|p2b: Incineroar|Fake Out|p1a: Porygon2
|-damage|p1a: Porygon2|66/100
|move|p2a: Dragonite|Scale Shot|p1a: Porygon2
|-damage|p1a: Porygon2|56/100
|-damage|p1a: Porygon2|45/100
|-damage|p1a: Porygon2|34/100
|-damage|p1a: Porygon2|24/100
|-hitcount|p1a: Porygon2|4
|-unboost|p2a: Dragonite|def|1
|-boost|p2a: Dragonite|spe|1
|move|p1b: Incineroar|Knock Off|p2b: Incineroar
|-supereffective|p2b: Incineroar
|-damage|p2b: Incineroar|41/100
|-enditem|p2b: Incineroar|Safety Goggles|[from] move: Knock Off|[of] p1b: Incineroar
|
|-weather|SunnyDay|[upkeep]
|upkeep
|turn|7
|inactive|SpeedRacer1 has 30 seconds left.
|inactive|chefbenboyrd has 30 seconds left.
|inactive|SpeedRacer1 has 20 seconds left.
|inactive|SpeedRacer1 has 15 seconds left.
|inactive|SpeedRacer1 has 10 seconds left.
|inactive|SpeedRacer1 has 5 seconds left.
|
|t:|1757127180
|move|p2a: Dragonite|Scale Shot|p1a: Porygon2
|-damage|p1a: Porygon2|14/100
|-damage|p1a: Porygon2|4/100
|-damage|p1a: Porygon2|0 fnt
|faint|p1a: Porygon2
|-hitcount|p1: Porygon2|3
|-unboost|p2a: Dragonite|def|1
|-boost|p2a: Dragonite|spe|1
|move|p1b: Incineroar|Parting Shot|p2a: Dragonite
|-unboost|p2a: Dragonite|atk|1
|-unboost|p2a: Dragonite|spa|1
|
|t:|1757127183
|switch|p1b: Ursaluna|Ursaluna, L50, F|31/100 brn|[from] Parting Shot
|move|p2b: Incineroar|Parting Shot|p1b: Ursaluna
|-unboost|p1b: Ursaluna|atk|1
|-unboost|p1b: Ursaluna|spa|1
|
|t:|1757127196
|switch|p2b: Hydreigon|Hydreigon, L50, M|18/100|[from] Parting Shot
|
|-weather|none
|-damage|p1b: Ursaluna|25/100 brn|[from] brn
|upkeep
|
|t:|1757127198
|switch|p1a: Incineroar|Incineroar, L50, M|100/100
|-ability|p1a: Incineroar|Intimidate|boost
|-unboost|p2a: Dragonite|atk|1
|-unboost|p2b: Hydreigon|atk|1
|turn|8
|
|t:|1757127213
|switch|p2b: Incineroar|Incineroar, L50, M, tera:Ghost|41/100
|-ability|p2b: Incineroar|Intimidate|boost
|-unboost|p1a: Incineroar|atk|1
|-unboost|p1b: Ursaluna|atk|1
|-terastallize|p1b: Ursaluna|Ghost
|move|p2a: Dragonite|Protect|p2a: Dragonite
|-singleturn|p2a: Dragonite|Protect
|move|p1a: Incineroar|Fake Out|p2b: Incineroar
|-immune|p2b: Incineroar
|move|p1b: Ursaluna|Facade|p2b: Incineroar
|-immune|p2b: Incineroar
|
|-damage|p1b: Ursaluna|19/100 brn|[from] brn
|upkeep
|turn|9
|c|☆SpeedRacer1|Gg
|
|t:|1757127234
|move|p2a: Dragonite|Scale Shot|p1b: Ursaluna
|-damage|p1b: Ursaluna|14/100 brn
|-damage|p1b: Ursaluna|8/100 brn
|-damage|p1b: Ursaluna|4/100 brn
|-damage|p1b: Ursaluna|0 fnt
|faint|p1b: Ursaluna
|-hitcount|p1: Ursaluna|4
|-unboost|p2a: Dragonite|def|1
|-boost|p2a: Dragonite|spe|1
|move|p1a: Incineroar|Knock Off|p2a: Dragonite
|-damage|p2a: Dragonite|0 fnt
|-enditem|p2a: Dragonite|Loaded Dice|[from] move: Knock Off|[of] p1a: Incineroar
|faint|p2a: Dragonite
|move|p2b: Incineroar|Knock Off|p1a: Incineroar
|-resisted|p1a: Incineroar
|-damage|p1a: Incineroar|80/100
|-enditem|p1a: Incineroar|Sitrus Berry|[from] move: Knock Off|[of] p2b: Incineroar
|
|upkeep
|
|t:|1757127250
|switch|p2a: Basculegion|Basculegion, L50, M|100/100
|turn|10
|
|t:|1757127254
|move|p2a: Basculegion|Wave Crash|p1a: Incineroar
|-supereffective|p1a: Incineroar
|-damage|p1a: Incineroar|0 fnt
|faint|p1a: Incineroar
|-damage|p2a: Basculegion|73/100|[from] Recoil
|
|win|chefbenboyrd
|raw|SpeedRacer1's rating: 1087 → 1067(-20 for losing)
|raw|chefbenboyrd's rating: 1129 → 1151(+22 for winning)
