|j|☆shasaora
|j|☆asbdsp
|html|shasaoraasbdsp    
|uhtml|bestof|Game 2 of a best-of-3
|t:|1783094758
|gametype|doubles
|player|p1|shasaora|170|
|player|p2|asbdsp|265|
|gen|9
|tier|[Gen 9 Champions] VGC 2026 Reg M-B (Bo3)
|rule|Species Clause: Limit one of each Pokémon
|rule|Item Clause: Limit 1 of each item
|clearpoke
|poke|p1|Sceptile, L50, F|
|poke|p1|Rotom-Fan, L50|
|poke|p1|Staraptor, L50, M|
|poke|p1|Sneasler, L50, M|
|poke|p1|Grimmsnarl, L50, M|
|poke|p1|Meowscarada, L50, M|
|poke|p2|Floette-Eternal, L50, F|
|poke|p2|Garchomp, L50, F|
|poke|p2|Kingambit, L50, M|
|poke|p2|Sylveon, L50, M|
|poke|p2|Glimmora, L50, M|
|poke|p2|Gallade, L50, M|
|teampreview|4
|showteam|p1|Sceptile||Sceptilite|Overgrow|Detect,EarthPower,DragonPulse,LeafStorm|Modest||F|||50|]Rotom-Fan||ChoiceScarf|Levitate|Discharge,AirSlash,VoltSwitch,Thunderbolt|Modest|||||50|]Staraptor||SitrusBerry|Intimidate|FinalGambit,Protect,BraveBird,CloseCombat|Jolly||M|||50|]Sneasler||KingsRock|Unburden|FakeOut,CloseCombat,DireClaw,Fling|Adamant||M|||50|]Grimmsnarl||LightClay|Prankster|Reflect,LightScreen,PartingShot,SpiritBreak|Careful||M|||50|]Meowscarada||LifeOrb|Protean|TripleAxel,FlowerTrick,SuckerPunch,Protect|Adamant||M|||50|
|showteam|p2|Floette-Eternal||Floettite|FlowerVeil|CalmMind,DazzlingGleam,DrainingKiss,Protect|Modest||F|||50|]Garchomp||LifeOrb|RoughSkin|DragonClaw,Earthquake,Protect,PoisonJab|Jolly||F|||50|]Kingambit||BlackGlasses|Defiant|IronHead,KowtowCleave,Protect,SuckerPunch|Adamant||M|||50|]Sylveon||FairyFeather|Pixilate|HyperVoice,Moonblast,Protect,QuickAttack|Modest||M|||50|]Glimmora||FocusSash|ToxicDebris|EarthPower,PowerGem,SludgeBomb,SpikyShield|Modest||M|||50|]Gallade||ExpertBelt|Sharpness|LeafBlade,Protect,PsychoCut,SacredSword|Adamant||M|||50|
|j| omg_pokemon_wow!
|j| babayaga27
|c|☆asbdsp|glhf!
|
|t:|1783094872
|teamsize|p1|4
|teamsize|p2|4
|start
|switch|p1a: Guardian|Sceptile, L50, F|100/100
|switch|p1b: The Fan|Rotom-Fan, L50|100/100
|switch|p2a: Kingambit|Kingambit, L50, M|100/100
|switch|p2b: Floette|Floette-Eternal, L50, F|100/100
|turn|1
|j| Aynvl1
|
|t:|1783094922
|detailschange|p1a: Guardian|Sceptile-Mega, L50, F
|-mega|p1a: Guardian|Sceptile|Sceptilite
|detailschange|p2b: Floette|Floette-Mega, L50, F
|-mega|p2b: Floette|Floette|Floettite
|-ability|p2b: Floette|Fairy Aura
|move|p1b: The Fan|Discharge|p2b: Floette|[spread] p2a,p2b
|-ability|p1a: Guardian|Lightning Rod|boost
|-boost|p1a: Guardian|spa|1
|-damage|p2a: Kingambit|69/100
|-damage|p2b: Floette|73/100
|move|p1a: Guardian|Leaf Storm|p2b: Floette
|-damage|p2b: Floette|0 fnt
|-unboost|p1a: Guardian|spa|2
|faint|p2b: Floette
|move|p2a: Kingambit|Kowtow Cleave|p1a: Guardian
|-damage|p1a: Guardian|13/100
|
|upkeep
|
|t:|1783094948
|switch|p2b: Garchomp|Garchomp, L50, F|100/100
|turn|2
|
|t:|1783094994
|move|p1a: Guardian|Detect|p1a: Guardian
|-singleturn|p1a: Guardian|Protect
|move|p2a: Kingambit|Protect|p2a: Kingambit
|-singleturn|p2a: Kingambit|Protect
|move|p1b: The Fan|Discharge|p2b: Garchomp|[spread] 
|-activate|p1a: Guardian|move: Protect
|-activate|p2a: Kingambit|move: Protect
|-immune|p2b: Garchomp
|move|p2b: Garchomp|Poison Jab|p1a: Guardian
|-activate|p1a: Guardian|move: Protect
|
|upkeep
|turn|3
|
|t:|1783095053
|switch|p2a: Sylveon|Sylveon, L50, M|100/100
|move|p1b: The Fan|Discharge|p2a: Sylveon|[spread] p2a
|-ability|p1a: Guardian|Lightning Rod|boost
|-boost|p1a: Guardian|spa|1
|-immune|p2b: Garchomp
|-damage|p2a: Sylveon|76/100
|move|p1a: Guardian|Earth Power|p2a: Sylveon
|-damage|p2a: Sylveon|48/100
|move|p2b: Garchomp|Dragon Claw|p1a: Guardian
|-supereffective|p1a: Guardian|1
|-damage|p1a: Guardian|0 fnt
|faint|p1a: Guardian
|-damage|p2b: Garchomp|90/100|[from] item: Life Orb
|
|upkeep
|
|t:|1783095068
|switch|p1a: Do or Die|Staraptor, L50, M|100/100
|-ability|p1a: Do or Die|Intimidate|boost
|-unboost|p2a: Sylveon|atk|1
|-unboost|p2b: Garchomp|atk|1
|turn|4
|
|t:|1783095119
|switch|p1b: Trickster|Sneasler, L50, M|100/100
|switch|p2a: Kingambit|Kingambit, L50, M|69/100
|move|p2b: Garchomp|Dragon Claw|p1a: Do or Die
|-damage|p1a: Do or Die|53/100
|-damage|p2b: Garchomp|80/100|[from] item: Life Orb
|move|p1a: Do or Die|Final Gambit|p2b: Garchomp
|-damage|p2b: Garchomp|25/100
|faint|p1a: Do or Die
|
|upkeep
|
|t:|1783095131
|switch|p1a: The Fan|Rotom-Fan, L50|100/100
|turn|5
|
|t:|1783095157
|switch|p2b: Sylveon|Sylveon, L50, M|48/100
|move|p2a: Kingambit|Protect|p2a: Kingambit
|-singleturn|p2a: Kingambit|Protect
|move|p1b: Trickster|Fake Out|p2a: Kingambit
|-activate|p2a: Kingambit|move: Protect
|move|p1a: The Fan|Air Slash|p2b: Sylveon
|-damage|p2b: Sylveon|20/100y
|
|upkeep
|turn|6
|
|t:|1783095183
|move|p2b: Sylveon|Protect|p2b: Sylveon
|-singleturn|p2b: Sylveon|Protect
|move|p2a: Kingambit|Sucker Punch|p1a: The Fan
|-damage|p1a: The Fan|32/100
|move|p1a: The Fan|Air Slash|p2b: Sylveon
|-activate|p2b: Sylveon|move: Protect
|move|p1b: Trickster|Fling|p2a: Kingambit
|-resisted|p2a: Kingambit|1
|-damage|p2a: Kingambit|65/100
|-enditem|p1b: Trickster|King's Rock|[from] move: Fling
|
|upkeep
|turn|7
|
|t:|1783095207
|move|p2b: Sylveon|Quick Attack|p1a: The Fan
|-damage|p1a: The Fan|16/100
|move|p2a: Kingambit|Sucker Punch|p1a: The Fan
|-damage|p1a: The Fan|0 fnt
|faint|p1a: The Fan
|move|p1b: Trickster|Dire Claw|p2b: Sylveon
|-supereffective|p2b: Sylveon|1
|-damage|p2b: Sylveon|0 fnt
|faint|p2b: Sylveon
|
|upkeep
|
|t:|1783095216
|switch|p2b: Garchomp|Garchomp, L50, F|25/100
|turn|8
|
|t:|1783095237
|move|p2b: Garchomp|Protect|p2b: Garchomp
|-singleturn|p2b: Garchomp|Protect
|move|p1b: Trickster|Dire Claw|p2b: Garchomp
|-activate|p2b: Garchomp|move: Protect
|move|p2a: Kingambit|Iron Head|p1b: Trickster
|-damage|p1b: Trickster|15/100
|
|upkeep
|turn|9
|
|t:|1783095262
|move|p2a: Kingambit|Sucker Punch|p1b: Trickster
|-resisted|p1b: Trickster|1
|-damage|p1b: Trickster|0 fnt
|faint|p1b: Trickster
|
|win|asbdsp
|c| babayaga27|we'll have a third game too
|c|☆asbdsp|gg
|c| Aynvl1|🏳️‍⚧️
