|j|☆doatzmgoatz
|j|☆ablizzardis1
|html|doatzmgoatzablizzardis1    
|uhtml|bestof|Game 3 of a best-of-3
|t:|1783815228
|gametype|doubles
|player|p1|doatzmgoatz|wallace|
|player|p2|ablizzardis1|265|
|gen|9
|tier|[Gen 9 Champions] VGC 2026 Reg M-B (Bo3)
|rule|Species Clause: Limit one of each Pokémon
|rule|Item Clause: Limit 1 of each item
|clearpoke
|poke|p1|Incineroar, L50, F|
|poke|p1|Gengar, L50, F|
|poke|p1|Clefable, L50, F|
|poke|p1|Vaporeon, L50, M|
|poke|p1|Hydreigon, L50, F|
|poke|p1|Noivern, L50, M|
|poke|p2|Garchomp, L50, F|
|poke|p2|Talonflame, L50, M|
|poke|p2|Tsareena, L50, F|
|poke|p2|Gardevoir, L50, F, shiny|
|poke|p2|Meowscarada, L50, F|
|poke|p2|Sharpedo, L50, F|
|teampreview|4
|showteam|p1|Incineroar||SitrusBerry|Intimidate|FakeOut,PartingShot,FlareBlitz,Superpower|Adamant||F|||50|]Gengar||Gengarite|CursedBody|SludgeWave,ShadowBall,Protect,DazzlingGleam|Timid||F|||50|]Clefable||Leftovers|Unaware|DazzlingGleam,FollowMe,HealPulse,Protect|Calm||F|||50|]Vaporeon||MysticWater|WaterAbsorb|IceBeam,AcidArmor,RainDance,Surf|Bold||M|||50|]Hydreigon||DragonFang|Levitate|DracoMeteor,DarkPulse,EarthPower,Uturn|Timid||F|||50|]Noivern||LifeOrb|Telepathy|Hurricane,Uturn,Boomburst,Tailwind|Timid||M|||50|
|showteam|p2|Garchomp||RoseliBerry|RoughSkin|PoisonJab,Earthquake,Outrage,FireFang|Adamant||F|||50|]Talonflame||SharpBeak|GaleWings|BraveBird,Protect,Tailwind,FlareBlitz|Jolly||M|||50|]Tsareena||ScopeLens|QueenlyMajesty|HighJumpKick,PowerWhip,TripleAxel,Taunt|Adamant||F|||50|]Gardevoir||Gardevoirite|Trace|HyperVoice,Psychic,AuraSphere,Protect|Timid||F|||50|]Meowscarada||ExpertBelt|Protean|ThunderPunch,BrickBreak,FlowerTrick,TripleAxel|Jolly||F|||50|]Sharpedo||LifeOrb|SpeedBoost|Crunch,Waterfall,Earthquake,Protect|Adamant||F|||50|
|
|t:|1783815296
|teamsize|p1|4
|teamsize|p2|4
|start
|switch|p1a: Noivern|Noivern, L50, M|100/100
|switch|p1b: Gengar|Gengar, L50, F|100/100
|switch|p2a: Garchomp|Garchomp, L50, F|100/100
|switch|p2b: Talonflame|Talonflame, L50, M|100/100
|turn|1
|
|t:|1783815338
|detailschange|p1b: Gengar|Gengar-Mega, L50, F
|-mega|p1b: Gengar|Gengar|Gengarite
|move|p1b: Gengar|Protect|p1b: Gengar
|-singleturn|p1b: Gengar|Protect
|move|p2b: Talonflame|Tailwind|p2b: Talonflame
|-sidestart|p2: ablizzardis1|move: Tailwind
|move|p2a: Garchomp|Earthquake|p1a: Noivern|[spread] 
|-activate|p1b: Gengar|move: Protect
|-immune|p2b: Talonflame
|-immune|p1a: Noivern
|move|p1a: Noivern|Tailwind|p1a: Noivern
|-sidestart|p1: doatzmgoatz|move: Tailwind
|
|upkeep
|turn|2
|
|t:|1783815364
|move|p2b: Talonflame|Brave Bird|p1b: Gengar
|-damage|p1b: Gengar|13/100
|-damage|p2b: Talonflame|74/100|[from] Recoil
|move|p1b: Gengar|Dazzling Gleam|p2a: Garchomp|[spread] p2a,p2b
|-supereffective|p2a: Garchomp|1
|-enditem|p2a: Garchomp|Roseli Berry|[eat]
|-enditem|p2a: Garchomp|Roseli Berry|[weaken]
|-resisted|p2b: Talonflame|1
|-damage|p2a: Garchomp|79/100
|-damage|p2b: Talonflame|56/100
|move|p1a: Noivern|Boomburst|p2a: Garchomp|[spread] p2a,p2b
|-immune|p1b: Gengar
|-damage|p2a: Garchomp|44/100
|-damage|p2b: Talonflame|0 fnt
|faint|p2b: Talonflame
|-damage|p1a: Noivern|90/100|[from] item: Life Orb
|move|p2a: Garchomp|Earthquake|p1b: Gengar|[spread] p1b
|-immune|p1a: Noivern
|-supereffective|p1b: Gengar|1
|-damage|p1b: Gengar|0 fnt
|faint|p1b: Gengar
|
|upkeep
|
|t:|1783815390
|switch|p1b: Vaporeon|Vaporeon, L50, M|100/100
|switch|p2b: Gardevoir|Gardevoir, L50, F, shiny|100/100
|-ability|p2b: Gardevoir|Water Absorb|Trace|[from] ability: Trace|[of] p1b: Vaporeon
|turn|3
|
|t:|1783815405
|detailschange|p2b: Gardevoir|Gardevoir-Mega, L50, F, shiny
|-mega|p2b: Gardevoir|Gardevoir|Gardevoirite
|move|p1a: Noivern|U-turn|p2a: Garchomp
|-damage|p2a: Garchomp|32/100
|-damage|p1a: Noivern|77/100|[from] ability: Rough Skin|[of] p2a: Garchomp
|-damage|p1a: Noivern|67/100|[from] item: Life Orb
|
|t:|1783815411
|switch|p1a: Incineroar|Incineroar, L50, F|100/100|[from] U-turn
|-ability|p1a: Incineroar|Intimidate|boost
|-unboost|p2a: Garchomp|atk|1
|-unboost|p2b: Gardevoir|atk|1
|move|p2b: Gardevoir|Hyper Voice|p1b: Vaporeon|[spread] p1a,p1b
|-damage|p1a: Incineroar|48/100
|-damage|p1b: Vaporeon|60/100
|-enditem|p1a: Incineroar|Sitrus Berry|[eat]
|-heal|p1a: Incineroar|72/100|[from] item: Sitrus Berry
|move|p2a: Garchomp|Outrage|p1a: Incineroar
|-damage|p1a: Incineroar|30/100
|move|p1b: Vaporeon|Ice Beam|p2a: Garchomp
|-supereffective|p2a: Garchomp|2
|-damage|p2a: Garchomp|0 fnt
|faint|p2a: Garchomp
|
|upkeep
|
|t:|1783815425
|switch|p2a: Tsareena|Tsareena, L50, F|100/100
|turn|4
|
|t:|1783815446
|move|p2b: Gardevoir|Hyper Voice|p1a: Incineroar|[spread] p1a,p1b
|-crit|p1a: Incineroar
|-damage|p1a: Incineroar|0 fnt
|-damage|p1b: Vaporeon|23/100
|faint|p1a: Incineroar
|move|p2a: Tsareena|Power Whip|p1b: Vaporeon
|-supereffective|p1b: Vaporeon|1
|-damage|p1b: Vaporeon|0 fnt
|faint|p1b: Vaporeon
|
|-sideend|p2: ablizzardis1|move: Tailwind
|-sideend|p1: doatzmgoatz|move: Tailwind
|upkeep
|
|t:|1783815459
|switch|p1b: Noivern|Noivern, L50, M|67/100
|turn|5
|
|t:|1783815467
|move|p1b: Noivern|Hurricane|p2a: Tsareena|[miss]
|-miss|p1b: Noivern|p2a: Tsareena
|move|p2b: Gardevoir|Hyper Voice|p1b: Noivern
|-supereffective|p1b: Noivern|1
|-damage|p1b: Noivern|0 fnt
|faint|p1b: Noivern
|
|win|ablizzardis1
