|j|☆Mvine11
|j|☆orosun
|html|Mvine11orosun    
|uhtml|bestof|Game 2 of a best-of-3
|t:|1785886925
|gametype|doubles
|player|p1|Mvine11|2|
|player|p2|orosun|1|
|gen|9
|tier|[Gen 9 Champions] VGC 2026 Reg M-B (Bo3)
|rule|Species Clause: Limit one of each Pokémon
|rule|Item Clause: Limit 1 of each item
|clearpoke
|poke|p1|Vivillon-Polar, L50, F|
|poke|p1|Raichu, L50, M|
|poke|p1|Decidueye-Hisui, L50, F|
|poke|p1|Primarina, L50, M|
|poke|p1|Sneasler, L50, F|
|poke|p1|Arcanine-Hisui, L50, F, shiny|
|poke|p2|Gengar, L50, F|
|poke|p2|Blastoise, L50, M|
|poke|p2|Incineroar, L50, M|
|poke|p2|Lucario, L50, F|
|poke|p2|Ariados, L50, F|
|poke|p2|Scrafty, L50, F|
|teampreview|4
|showteam|p1|Vivillon-Polar||FocusSash|ShieldDust|SleepPowder,Protect,Hurricane,Tailwind|Timid||F|||50|]Raichu||RaichuniteY|Static|ZapCannon,FocusBlast,Protect,VoltSwitch|Timid||M|||50|]Decidueye-Hisui||LifeOrb|Scrappy|TripleArrows,LeafBlade,Protect,SuckerPunch|Adamant||F|||50|]Primarina||Leftovers|LiquidVoice|Protect,Moonblast,CalmMind,HyperVoice|Modest||M|||50|]Sneasler||WhiteHerb|Unburden|CloseCombat,DireClaw,FakeOut,Protect|Jolly||F|||50|]Arcanine-Hisui||ChoiceScarf|RockHead|FlareBlitz,RockSlide,HeadSmash,WillOWisp|Jolly||F|||50|
|showteam|p2|Gengar||Gengarite|CursedBody|SludgeBomb,Psychic,Taunt,Protect|Timid||F|||50|]Blastoise||LifeOrb|Torrent|FakeOut,AquaJet,FlipTurn,Protect|Brave||M|||50|]Incineroar||ChopleBerry|Blaze|FakeOut,FlareBlitz,Protect,PartingShot|Jolly||M|||50|]Lucario||ChoiceScarf|InnerFocus|FinalGambit,BoneRush,ZenHeadbutt,MeteorMash|Jolly||F|||50|]Ariados||FocusSash|Insomnia|SuckerPunch,FirstImpression,RagePowder,Protect|Adamant||F|||50|]Scrafty||Scraftinite|Intimidate|ThroatChop,DrainPunch,DragonDance,Protect|Adamant||F|||50|
|
|t:|1785886979
|teamsize|p1|4
|teamsize|p2|4
|start
|switch|p1a: Vivillon|Vivillon-Polar, L50, F|100/100
|switch|p1b: Arcanine|Arcanine-Hisui, L50, F, shiny|100/100
|switch|p2a: Gengar|Gengar, L50, F|100/100
|switch|p2b: Ariados|Ariados, L50, F|100/100
|turn|1
|inactive|Battle timer is ON: inactive players will automatically lose when time's up. (requested by orosun)
|inactive|Mvine11 has 60 seconds left.
|
|t:|1785887019
|detailschange|p2a: Gengar|Gengar-Mega, L50, F
|-mega|p2a: Gengar|Gengar|Gengarite
|move|p2b: Ariados|Rage Powder|p2b: Ariados
|-singleturn|p2b: Ariados|move: Rage Powder
|move|p1b: Arcanine|Flare Blitz|p2b: Ariados
|-supereffective|p2b: Ariados|1
|-enditem|p2b: Ariados|Focus Sash
|-damage|p2b: Ariados|1/100
|move|p2a: Gengar|Taunt|p1a: Vivillon
|-start|p1a: Vivillon|move: Taunt
|move|p1a: Vivillon|Hurricane|p2b: Ariados|[miss]
|-miss|p1a: Vivillon|p2b: Ariados
|
|upkeep
|turn|2
|
|t:|1785887038
|move|p2a: Gengar|Protect|p2a: Gengar
|-singleturn|p2a: Gengar|Protect
|move|p2b: Ariados|Sucker Punch|p1a: Vivillon
|-damage|p1a: Vivillon|64/100
|move|p1b: Arcanine|Flare Blitz|p2a: Gengar
|-activate|p2a: Gengar|move: Protect
|move|p1a: Vivillon|Hurricane|p2b: Ariados|[miss]
|-miss|p1a: Vivillon|p2b: Ariados
|
|upkeep
|turn|3
|inactive|orosun has 30 seconds left.
|
|t:|1785887065
|move|p2b: Ariados|Rage Powder|p2b: Ariados
|-singleturn|p2b: Ariados|move: Rage Powder
|move|p1b: Arcanine|Flare Blitz|p2b: Ariados
|-supereffective|p2b: Ariados|1
|-damage|p2b: Ariados|0 fnt
|faint|p2b: Ariados
|move|p2a: Gengar|Sludge Bomb|p1a: Vivillon
|-damage|p1a: Vivillon|0 fnt
|faint|p1a: Vivillon
|
|upkeep
|
|t:|1785887081
|switch|p1a: Raichu|Raichu, L50, M|100/100
|switch|p2b: Blastoise|Blastoise, L50, M|100/100
|turn|4
|
|t:|1785887094
|move|p1a: Raichu|Protect|p1a: Raichu
|-singleturn|p1a: Raichu|Protect
|move|p2b: Blastoise|Aqua Jet|p1b: Arcanine
|-supereffective|p1b: Arcanine|2
|-damage|p1b: Arcanine|0 fnt
|faint|p1b: Arcanine
|-damage|p2b: Blastoise|90/100|[from] item: Life Orb
|move|p2a: Gengar|Sludge Bomb|p1a: Raichu
|-activate|p1a: Raichu|move: Protect
|
|upkeep
|
|t:|1785887103
|switch|p1b: Decidueye|Decidueye-Hisui, L50, F|100/100
|turn|5
|
|t:|1785887112
|detailschange|p1a: Raichu|Raichu-Mega-Y, L50, M
|-mega|p1a: Raichu|Raichu|Raichunite Y
|move|p2b: Blastoise|Aqua Jet|p1a: Raichu
|-damage|p1a: Raichu|51/100
|-damage|p2b: Blastoise|80/100|[from] item: Life Orb
|move|p1a: Raichu|Zap Cannon|p2a: Gengar
|-damage|p2a: Gengar|2/100
|-status|p2a: Gengar|par
|move|p1b: Decidueye|Leaf Blade|p2b: Blastoise
|-supereffective|p2b: Blastoise|1
|-damage|p2b: Blastoise|0 fnt
|faint|p2b: Blastoise
|-damage|p1b: Decidueye|90/100|[from] item: Life Orb
|move|p2a: Gengar|Sludge Bomb|p1a: Raichu
|-damage|p1a: Raichu|0 fnt
|faint|p1a: Raichu
|
|upkeep
|
|t:|1785887121
|switch|p2b: Incineroar|Incineroar, L50, M|100/100
|turn|6
|
|t:|1785887137
|move|p2b: Incineroar|Flare Blitz|p1b: Decidueye
|-supereffective|p1b: Decidueye|1
|-damage|p1b: Decidueye|0 fnt
|faint|p1b: Decidueye
|-damage|p2b: Incineroar|71/100|[from] Recoil
|
|win|orosun
|c|☆orosun|Gg
