|j|☆Locsen
|j|☆Canned Furs
|html|LocsenCanned Furs    
|uhtml|bestof|Game 3 of a best-of-3
|t:|1757087733
|gametype|doubles
|player|p1|Locsen|101|1045
|player|p2|Canned Furs|wulfric|1009
|gen|9
|tier|[Gen 9] VGC 2025 Reg H (Bo3)
|rated|
|rule|Species Clause: Limit one of each Pokémon
|rule|Item Clause: Limit 1 of each item
|clearpoke
|poke|p1|Pelipper, L50, F|
|poke|p1|Basculegion, L50, M|
|poke|p1|Amoonguss, L50, M|
|poke|p1|Sneasler, L50, M|
|poke|p1|Archaludon, L50, F|
|poke|p1|Dragonite, L50, F|
|poke|p2|Kommo-o, L50, M|
|poke|p2|Rillaboom, L50, M|
|poke|p2|Clefairy, L50, M|
|poke|p2|Ninetales-Alola, L50, M|
|poke|p2|Primarina, L50, M|
|poke|p2|Tauros-Paldea-Blaze, L50, M|
|teampreview|4
|showteam|p1|Pelipper||FocusSash|Drizzle|Protect,Tailwind,WeatherBall,Hurricane|||F|||50|,,,,,Ground]Basculegion||MysticWater|SwiftSwim|Protect,AquaJet,FlipTurn,WaveCrash|||M|||50|,,,,,Water]Amoonguss||SitrusBerry|Regenerator|Protect,Spore,RagePowder,SludgeBomb|||M|||50|,,,,,Dark]Sneasler||WhiteHerb|Unburden|Protect,CloseCombat,DireClaw,FakeOut|||M|||50|,,,,,Ghost]Archaludon||AssaultVest|Stamina|BodyPress,ElectroShot,FlashCannon,DracoMeteor|||F|||50|,,,,,Electric]Dragonite||LifeOrb|InnerFocus|Protect,ExtremeSpeed,Bulldoze,DragonClaw|||F|||50|,,,,,Steel
|showteam|p2|Kommo-o||Leftovers|Overcoat|IronDefense,BodyPress,Protect,Taunt|||M|||50|,,,,,Fairy]Rillaboom||AssaultVest|GrassySurge|Uturn,GrassyGlide,WoodHammer,FakeOut|||M|||50|,,,,,Fire]Clefairy||Eviolite|FriendGuard|FollowMe,LifeDew,Protect,HelpingHand|||M|||50|,,,,,Steel]Ninetales-Alola||LightClay|SnowWarning|AuroraVeil,Blizzard,Protect,DazzlingGleam|||M|||50|,,,,,Water]Primarina||SitrusBerry|LiquidVoice|HyperVoice,Protect,DazzlingGleam,CalmMind|||M|||50|,,,,,Poison]Tauros-Paldea-Blaze||ClearAmulet|Intimidate|BulkUp,CloseCombat,RagingBull,Protect|||M|||50|,,,,,Grass
|inactive|Battle timer is ON: inactive players will automatically lose when time's up. (requested by Locsen)
|inactive|Canned Furs has 60 seconds left.
|inactive|Canned Furs has 30 seconds left.
|inactive|Canned Furs has 20 seconds left.
|inactive|Canned Furs has 15 seconds left.
|inactive|Canned Furs has 10 seconds left.
|inactive|Canned Furs has 5 seconds left.
|
|t:|1757087833
|teamsize|p1|4
|teamsize|p2|4
|start
|switch|p1a: Basculegion|Basculegion, L50, M|100/100
|switch|p1b: Pelipper|Pelipper, L50, F|100/100
|switch|p2a: Kommo-o|Kommo-o, L50, M|100/100
|switch|p2b: Rillaboom|Rillaboom, L50, M|100/100
|-weather|RainDance|[from] ability: Drizzle|[of] p1b: Pelipper
|-fieldstart|move: Grassy Terrain|[from] ability: Grassy Surge|[of] p2b: Rillaboom
|turn|1
|inactive|Locsen has 30 seconds left.
|inactive|Canned Furs has 30 seconds left.
|inactive|Canned Furs has 20 seconds left.
|inactive|Canned Furs has 15 seconds left.
|inactive|Canned Furs has 10 seconds left.
|inactive|Canned Furs has 5 seconds left.
|
|t:|1757087888
|move|p1a: Basculegion|Flip Turn|p2a: Kommo-o
|-resisted|p2a: Kommo-o
|-damage|p2a: Kommo-o|79/100
|
|t:|1757087891
|switch|p1a: Archaludon|Archaludon, L50, F|100/100|[from] Flip Turn
|move|p1b: Pelipper|Tailwind|p1b: Pelipper
|-sidestart|p1: Locsen|move: Tailwind
|move|p2b: Rillaboom|U-turn|p1a: Archaludon
|-resisted|p1a: Archaludon
|-damage|p1a: Archaludon|93/100
|-ability|p1a: Archaludon|Stamina|boost
|-boost|p1a: Archaludon|def|1
|
|t:|1757087913
|switch|p2b: Clefairy|Clefairy, L50, M|100/100|[from] U-turn
|move|p2a: Kommo-o|Iron Defense|p2a: Kommo-o
|-boost|p2a: Kommo-o|def|2
|
|-weather|RainDance|[upkeep]
|-heal|p1a: Archaludon|99/100|[from] Grassy Terrain
|-heal|p2a: Kommo-o|85/100|[from] Grassy Terrain
|-heal|p2a: Kommo-o|91/100|[from] item: Leftovers
|upkeep
|turn|2
|
|t:|1757087926
|-terastallize|p1a: Archaludon|Electric
|move|p1b: Pelipper|Hurricane|p2a: Kommo-o
|-supereffective|p2a: Kommo-o
|-damage|p2a: Kommo-o|41/100
|move|p1a: Archaludon|Electro Shot||[still]
|-prepare|p1a: Archaludon|Electro Shot
|-boost|p1a: Archaludon|spa|1
|-anim|p1a: Archaludon|Electro Shot|p2b: Clefairy
|-damage|p2b: Clefairy|27/100
|move|p2a: Kommo-o|Iron Defense|p2a: Kommo-o
|-boost|p2a: Kommo-o|def|2
|move|p2b: Clefairy|Life Dew|p2b: Clefairy|[spread] p2a,p2b
|-heal|p2a: Kommo-o|66/100
|-heal|p2b: Clefairy|52/100
|
|-weather|RainDance|[upkeep]
|-heal|p1a: Archaludon|100/100|[from] Grassy Terrain
|-heal|p2a: Kommo-o|72/100|[from] Grassy Terrain
|-heal|p2a: Kommo-o|78/100|[from] item: Leftovers
|-heal|p2b: Clefairy|58/100|[from] Grassy Terrain
|upkeep
|turn|3
|inactive|Canned Furs has 30 seconds left.
|inactive|Canned Furs has 20 seconds left.
|inactive|Canned Furs has 15 seconds left.
|inactive|Canned Furs has 10 seconds left.
|
|t:|1757087973
|move|p2b: Clefairy|Follow Me|p2b: Clefairy
|-singleturn|p2b: Clefairy|move: Follow Me
|move|p1b: Pelipper|Hurricane|p2b: Clefairy
|-damage|p2b: Clefairy|30/100
|move|p1a: Archaludon|Electro Shot||[still]
|-prepare|p1a: Archaludon|Electro Shot
|-boost|p1a: Archaludon|spa|1
|-anim|p1a: Archaludon|Electro Shot|p2b: Clefairy
|-crit|p2b: Clefairy
|-damage|p2b: Clefairy|0 fnt
|faint|p2b: Clefairy
|move|p2a: Kommo-o|Iron Defense|p2a: Kommo-o
|-boost|p2a: Kommo-o|def|2
|
|-weather|RainDance|[upkeep]
|-heal|p2a: Kommo-o|84/100|[from] Grassy Terrain
|-heal|p2a: Kommo-o|90/100|[from] item: Leftovers
|upkeep
|
|t:|1757087979
|switch|p2b: Ninetales|Ninetales-Alola, L50, M|100/100
|-weather|Snowscape|[from] ability: Snow Warning|[of] p2b: Ninetales
|turn|4
|
|t:|1757087996
|move|p2b: Ninetales|Protect|p2b: Ninetales
|-singleturn|p2b: Ninetales|Protect
|move|p2a: Kommo-o|Protect|p2a: Kommo-o
|-singleturn|p2a: Kommo-o|Protect
|move|p1b: Pelipper|Weather Ball|p2a: Kommo-o
|-activate|p2a: Kommo-o|move: Protect
|move|p1a: Archaludon|Electro Shot||[still]
|-prepare|p1a: Archaludon|Electro Shot
|-boost|p1a: Archaludon|spa|1
|
|-weather|Snowscape|[upkeep]
|-heal|p2a: Kommo-o|96/100|[from] Grassy Terrain
|-heal|p2a: Kommo-o|100/100|[from] item: Leftovers
|-sideend|p1: Locsen|move: Tailwind
|upkeep
|turn|5
|
|t:|1757088005
|-terastallize|p2b: Ninetales|Water
|move|p2b: Ninetales|Aurora Veil|p2b: Ninetales
|-sidestart|p2: Canned Furs|move: Aurora Veil
|move|p1b: Pelipper|Weather Ball|p2a: Kommo-o
|-supereffective|p2a: Kommo-o
|-damage|p2a: Kommo-o|74/100
|move|p1a: Archaludon|Electro Shot|p2b: Ninetales|[from] lockedmove
|-supereffective|p2b: Ninetales
|-damage|p2b: Ninetales|0 fnt
|faint|p2b: Ninetales
|move|p2a: Kommo-o|Body Press|p1a: Archaludon
|-damage|p1a: Archaludon|36/100
|-ability|p1a: Archaludon|Stamina|boost
|-boost|p1a: Archaludon|def|1
|
|-weather|Snowscape|[upkeep]
|-heal|p2a: Kommo-o|80/100|[from] Grassy Terrain
|-heal|p1a: Archaludon|42/100|[from] Grassy Terrain
|-heal|p2a: Kommo-o|86/100|[from] item: Leftovers
|-fieldend|move: Grassy Terrain
|upkeep
|
|t:|1757088020
|switch|p2b: Rillaboom|Rillaboom, L50, M|100/100
|-fieldstart|move: Grassy Terrain|[from] ability: Grassy Surge|[of] p2b: Rillaboom
|turn|6
|
|t:|1757088038
|switch|p1b: Amoonguss|Amoonguss, L50, M|100/100
|move|p2b: Rillaboom|Fake Out|p1b: Amoonguss
|-damage|p1b: Amoonguss|88/100
|move|p2a: Kommo-o|Body Press|p1a: Archaludon
|-damage|p1a: Archaludon|0 fnt
|faint|p1a: Archaludon
|
|-weather|Snowscape|[upkeep]
|-heal|p2a: Kommo-o|92/100|[from] Grassy Terrain
|-heal|p2a: Kommo-o|98/100|[from] item: Leftovers
|-heal|p1b: Amoonguss|94/100|[from] Grassy Terrain
|upkeep
|
|t:|1757088045
|switch|p1a: Pelipper|Pelipper, L50, F|100/100
|-weather|RainDance|[from] ability: Drizzle|[of] p1a: Pelipper
|turn|7
|
|t:|1757088059
|move|p1a: Pelipper|Tailwind|p1a: Pelipper
|-sidestart|p1: Locsen|move: Tailwind
|move|p2a: Kommo-o|Body Press|p1b: Amoonguss
|-resisted|p1b: Amoonguss
|-damage|p1b: Amoonguss|32/100
|-enditem|p1b: Amoonguss|Sitrus Berry|[eat]
|-heal|p1b: Amoonguss|57/100|[from] item: Sitrus Berry
|move|p2b: Rillaboom|Wood Hammer|p1a: Pelipper
|-enditem|p1a: Pelipper|Focus Sash
|-damage|p1a: Pelipper|1/100
|-damage|p2b: Rillaboom|79/100|[from] Recoil
|move|p1b: Amoonguss|Spore|p2a: Kommo-o
|-immune|p2a: Kommo-o|[from] ability: Overcoat
|
|-weather|RainDance|[upkeep]
|-heal|p2a: Kommo-o|100/100|[from] Grassy Terrain
|-heal|p2b: Rillaboom|85/100|[from] Grassy Terrain
|-heal|p1b: Amoonguss|63/100|[from] Grassy Terrain
|upkeep
|turn|8
|inactive|Locsen has 30 seconds left.
|
|t:|1757088091
|move|p2b: Rillaboom|Grassy Glide|p1a: Pelipper
|-damage|p1a: Pelipper|0 fnt
|faint|p1a: Pelipper
|move|p2a: Kommo-o|Body Press|p1b: Amoonguss
|-resisted|p1b: Amoonguss
|-damage|p1b: Amoonguss|2/100
|move|p1b: Amoonguss|Sludge Bomb|p2b: Rillaboom
|-supereffective|p2b: Rillaboom
|-damage|p2b: Rillaboom|57/100
|-status|p2b: Rillaboom|psn
|
|-weather|RainDance|[upkeep]
|-heal|p2b: Rillaboom|63/100 psn|[from] Grassy Terrain
|-heal|p1b: Amoonguss|8/100|[from] Grassy Terrain
|-damage|p2b: Rillaboom|51/100 psn|[from] psn
|upkeep
|
|t:|1757088099
|switch|p1a: Basculegion|Basculegion, L50, M|100/100
|turn|9
|
|t:|1757088113
|move|p1a: Basculegion|Protect|p1a: Basculegion
|-singleturn|p1a: Basculegion|Protect
|move|p2b: Rillaboom|Grassy Glide|p1a: Basculegion
|-activate|p1a: Basculegion|move: Protect
|move|p2a: Kommo-o|Body Press|p1b: Amoonguss
|-resisted|p1b: Amoonguss
|-damage|p1b: Amoonguss|0 fnt
|faint|p1b: Amoonguss
|
|-weather|RainDance|[upkeep]
|-heal|p2b: Rillaboom|57/100 psn|[from] Grassy Terrain
|-damage|p2b: Rillaboom|44/100 psn|[from] psn
|upkeep
|turn|10
|
|t:|1757088124
|move|p1a: Basculegion|Aqua Jet|p2b: Rillaboom
|-resisted|p2b: Rillaboom
|-damage|p2b: Rillaboom|34/100 psn
|move|p2b: Rillaboom|Grassy Glide|p1a: Basculegion
|-supereffective|p1a: Basculegion
|-damage|p1a: Basculegion|3/100
|move|p2a: Kommo-o|Taunt|p1a: Basculegion
|-start|p1a: Basculegion|move: Taunt
|
|-weather|RainDance|[upkeep]
|-heal|p1a: Basculegion|9/100|[from] Grassy Terrain
|-heal|p2b: Rillaboom|40/100 psn|[from] Grassy Terrain
|-damage|p2b: Rillaboom|28/100 psn|[from] psn
|-sideend|p1: Locsen|move: Tailwind
|-fieldend|move: Grassy Terrain
|upkeep
|turn|11
|
|t:|1757088131
|move|p1a: Basculegion|Wave Crash|p2a: Kommo-o
|-resisted|p2a: Kommo-o
|-damage|p2a: Kommo-o|93/100
|-damage|p1a: Basculegion|7/100|[from] Recoil
|move|p2a: Kommo-o|Iron Defense|p2a: Kommo-o
|-boost|p2a: Kommo-o|def|0
|move|p2b: Rillaboom|Grassy Glide|p1a: Basculegion
|-supereffective|p1a: Basculegion
|-damage|p1a: Basculegion|0 fnt
|faint|p1a: Basculegion
|
|win|Canned Furs
|raw|Locsen's rating: 1045 → 1027(-18 for losing)
|raw|Canned Furs's rating: 1009 → 1052(+43 for winning)
|l|☆Locsen
|player|p1|
