|j|☆YungLearner
|j|☆presidentperssson
|html|YungLearnerpresidentperssson    
|uhtml|bestof|Game 1 of a best-of-3
|t:|1783636642
|gametype|doubles
|player|p1|YungLearner|juggler|
|player|p2|presidentperssson|bruno|
|gen|9
|tier|[Gen 9 Champions] VGC 2026 Reg M-B (Bo3)
|rule|Species Clause: Limit one of each Pokémon
|rule|Item Clause: Limit 1 of each item
|clearpoke
|poke|p1|Gengar, L50, F|
|poke|p1|Kommo-o, L50, F|
|poke|p1|Incineroar, L50, M|
|poke|p1|Ninetales-Alola, L50, M|
|poke|p1|Maushold, L50|
|poke|p1|Clawitzer, L50, F|
|poke|p2|Orthworm, L50, M|
|poke|p2|Quaquaval, L50, F|
|poke|p2|Camerupt, L50, F|
|poke|p2|Farigiraf, L50, M|
|poke|p2|Hatterene, L50, F|
|poke|p2|Kingambit, L50, F|
|teampreview|4
|showteam|p1|Gengar||Gengarite|CursedBody|PerishSong,Protect,SludgeBomb,ShadowBall|Timid||F|||50|]Kommo-o||Leftovers|Soundproof|ClangingScales,StealthRock,ClangorousSoul,Protect|Bold||F|||50|]Incineroar||SitrusBerry|Intimidate|FakeOut,PartingShot,CloseCombat,Protect|Careful||M|||50|]Ninetales-Alola||LightClay|SnowWarning|Blizzard,AuroraVeil,Disable,Protect|Timid||M|||50|]Maushold||FocusSash|FriendGuard|Protect,FollowMe,PopulationBomb,BatonPass|Jolly|||||50|]Clawitzer||LifeOrb|MegaLauncher|HealPulse,WaterPulse,DarkPulse,DragonPulse|Modest||F|||50|
|showteam|p2|Orthworm||SitrusBerry|EarthEater|ShedTail,BodyPress,HeavySlam,Protect|Impish||M|||50|]Quaquaval||FocusSash|Moxie|CloseCombat,FlipTurn,AquaJet,Protect|Adamant||F|||50|]Camerupt||Cameruptite|MagmaArmor|StompingTantrum,Earthquake,FlareBlitz,Protect|Adamant||F|||50|]Farigiraf||MentalHerb|ArmorTail|PsychicTerrain,Psychic,HelpingHand,TrickRoom|Sassy||M|||50|]Hatterene||LifeOrb|MagicBounce|ExpandingForce,DazzlingGleam,CalmMind,Protect|Modest||F|||50|]Kingambit||ExpertBelt|Defiant|KowtowCleave,BrickBreak,SuckerPunch,Protect|Adamant||F|||50|
|c|☆presidentperssson|dont open teamsheet
|j| RunningRad
|
|t:|1783636728
|teamsize|p1|4
|teamsize|p2|4
|start
|switch|p1a: close ya ears|Gengar, L50, F|100/100
|switch|p1b: RAWRXD!!!|Incineroar, L50, M|100/100
|switch|p2a: Orthworm|Orthworm, L50, M|100/100
|switch|p2b: Quaquaval|Quaquaval, L50, F|100/100
|-ability|p1b: RAWRXD!!!|Intimidate|boost
|-unboost|p2a: Orthworm|atk|1
|-unboost|p2b: Quaquaval|atk|1
|turn|1
|
|t:|1783636807
|move|p2b: Quaquaval|Protect|p2b: Quaquaval
|-singleturn|p2b: Quaquaval|Protect
|move|p2a: Orthworm|Protect|p2a: Orthworm
|-singleturn|p2a: Orthworm|Protect
|move|p1b: RAWRXD!!!|Fake Out|p2b: Quaquaval
|-activate|p2b: Quaquaval|move: Protect
|move|p1a: close ya ears|Perish Song|p1a: close ya ears
|-start|p1a: close ya ears|perish3|[silent]
|-start|p1b: RAWRXD!!!|perish3|[silent]
|-start|p2a: Orthworm|perish3|[silent]
|-start|p2b: Quaquaval|perish3|[silent]
|-fieldactivate|move: Perish Song
|
|-start|p1a: close ya ears|perish3
|-start|p2b: Quaquaval|perish3
|-start|p2a: Orthworm|perish3
|-start|p1b: RAWRXD!!!|perish3
|upkeep
|turn|2
|j| aro1904
|
|t:|1783636842
|detailschange|p1a: close ya ears|Gengar-Mega, L50, F
|-mega|p1a: close ya ears|Gengar|Gengarite
|move|p1a: close ya ears|Protect|p1a: close ya ears
|-singleturn|p1a: close ya ears|Protect
|move|p2b: Quaquaval|Flip Turn|p1b: RAWRXD!!!
|-supereffective|p1b: RAWRXD!!!|1
|-damage|p1b: RAWRXD!!!|60/100
|j| guangzhou gang
|
|t:|1783636858
|switch|p2b: Camerupt|Camerupt, L50, F|100/100|[from] Flip Turn
|move|p2a: Orthworm|Shed Tail|p2a: Orthworm
|-start|p2a: Orthworm|Substitute|[from] move: Shed Tail
|-damage|p2a: Orthworm|49/100
|-enditem|p2a: Orthworm|Sitrus Berry|[eat]
|-heal|p2a: Orthworm|74/100|[from] item: Sitrus Berry
|
|t:|1783636863
|switch|p2a: Kingambit|Kingambit, L50, F|100/100|[from] Shed Tail
|move|p1b: RAWRXD!!!|Close Combat|p2b: Camerupt
|-damage|p2b: Camerupt|59/100
|-unboost|p1b: RAWRXD!!!|def|1
|-unboost|p1b: RAWRXD!!!|spd|1
|
|-start|p1a: close ya ears|perish2
|-start|p1b: RAWRXD!!!|perish2
|upkeep
|turn|3
|
|t:|1783636908
|move|p1a: close ya ears|Protect||[still]
|-fail|p1a: close ya ears
|move|p2b: Camerupt|Protect|p2b: Camerupt
|-singleturn|p2b: Camerupt|Protect
|move|p1b: RAWRXD!!!|Close Combat|p2a: Kingambit
|-supereffective|p2a: Kingambit|2
|-end|p2a: Kingambit|Substitute
|-unboost|p1b: RAWRXD!!!|def|1
|-unboost|p1b: RAWRXD!!!|spd|1
|move|p2a: Kingambit|Kowtow Cleave|p1a: close ya ears
|-supereffective|p1a: close ya ears|1
|-damage|p1a: close ya ears|0 fnt
|faint|p1a: close ya ears
|
|-start|p1b: RAWRXD!!!|perish1
|upkeep
|
|t:|1783636929
|switch|p1a: What?|Kommo-o, L50, F|100/100
|turn|4
|
|t:|1783636951
|detailschange|p2b: Camerupt|Camerupt-Mega, L50, F
|-mega|p2b: Camerupt|Camerupt|Cameruptite
|move|p2a: Kingambit|Protect|p2a: Kingambit
|-singleturn|p2a: Kingambit|Protect
|move|p1a: What?|Stealth Rock|p2a: Kingambit
|-sidestart|p2: presidentperssson|move: Stealth Rock
|move|p1b: RAWRXD!!!|Parting Shot|p2a: Kingambit
|-activate|p2a: Kingambit|move: Protect
|move|p2b: Camerupt|Earthquake|p1a: What?|[spread] p1a,p1b
|-activate|p2a: Kingambit|move: Protect
|-supereffective|p1b: RAWRXD!!!|1
|-crit|p1b: RAWRXD!!!
|-damage|p1a: What?|75/100
|-damage|p1b: RAWRXD!!!|0 fnt
|faint|p1b: RAWRXD!!!
|
|-heal|p1a: What?|81/100|[from] item: Leftovers
|upkeep
|
|t:|1783636967
|switch|p1b: FREEEEEZE|Ninetales-Alola, L50, M|100/100
|-weather|Snowscape|[from] ability: Snow Warning|[of] p1b: FREEEEEZE
|turn|5
|
|t:|1783636995
|switch|p2a: Orthworm|Orthworm, L50, M|74/100
|-damage|p2a: Orthworm|68/100|[from] Stealth Rock
|move|p1b: FREEEEEZE|Aurora Veil|p1b: FREEEEEZE
|-sidestart|p1: YungLearner|move: Aurora Veil
|move|p1a: What?|Clanging Scales|p2a: Orthworm|[spread] p2a,p2b
|-resisted|p2a: Orthworm|1
|-damage|p2a: Orthworm|46/100
|-damage|p2b: Camerupt|29/100
|-unboost|p1a: What?|def|1
|move|p2b: Camerupt|Earthquake|p1a: What?|[spread] p1a,p1b
|-heal|p2a: Orthworm|71/100|[from] ability: Earth Eater|[of] p2b: Camerupt
|-crit|p1a: What?
|-damage|p1a: What?|25/100
|-damage|p1b: FREEEEEZE|77/100
|
|-weather|Snowscape|[upkeep]
|-heal|p1a: What?|31/100|[from] item: Leftovers
|upkeep
|turn|6
|j| NyuuJirando
|j| Sungwhoops
|
|t:|1783637019
|move|p1b: FREEEEEZE|Blizzard|p2a: Orthworm|[spread] p2a,p2b
|-resisted|p2a: Orthworm|1
|-damage|p2a: Orthworm|51/100
|-damage|p2b: Camerupt|6/100
|move|p1a: What?|Clanging Scales|p2a: Orthworm|[spread] p2a,p2b
|-resisted|p2a: Orthworm|1
|-damage|p2a: Orthworm|28/100
|-damage|p2b: Camerupt|0 fnt
|faint|p2b: Camerupt
|-unboost|p1a: What?|def|1
|move|p2a: Orthworm|Heavy Slam|p1b: FREEEEEZE
|-supereffective|p1b: FREEEEEZE|2
|-damage|p1b: FREEEEEZE|0 fnt
|faint|p1b: FREEEEEZE
|
|-weather|Snowscape|[upkeep]
|-heal|p1a: What?|37/100|[from] item: Leftovers
|upkeep
|
|t:|1783637030
|switch|p2b: Quaquaval|Quaquaval, L50, F|100/100
|-damage|p2b: Quaquaval|93/100|[from] Stealth Rock
|turn|7
|
|t:|1783637041
|move|p2b: Quaquaval|Close Combat|p1a: What?
|-damage|p1a: What?|0 fnt
|-unboost|p2b: Quaquaval|def|1
|-unboost|p2b: Quaquaval|spd|1
|faint|p1a: What?
|
|win|presidentperssson
||YungLearner is ready for game 2.
||presidentperssson is ready for game 2.
|uhtml|next|Next: Game 2 of 3
|n| quasmosis|quasmosis
|l| quasmosis
|l| Sungwhoops
