|j|☆mouseilluminati
|j|☆25th_mang
|html|mouseilluminati25th_mang    
|uhtml|bestof|Game 2 of a best-of-3
|t:|1784771897
|gametype|doubles
|player|p1|mouseilluminati|n|1221
|player|p2|25th_mang|ballguy|1276
|gen|9
|tier|[Gen 9 Champions] VGC 2026 Reg M-B (Bo3)
|rated|
|rule|Species Clause: Limit one of each Pokémon
|rule|Item Clause: Limit 1 of each item
|clearpoke
|poke|p1|Pyroar, L50, F|
|poke|p1|Basculegion, L50, M|
|poke|p1|Torkoal, L50, F|
|poke|p1|Whimsicott, L50, M|
|poke|p1|Mawile, L50, F|
|poke|p1|Farigiraf, L50, M|
|poke|p2|Blastoise, L50, M|
|poke|p2|Camerupt, L50, F|
|poke|p2|Farigiraf, L50, M|
|poke|p2|Kingambit, L50, F|
|poke|p2|Vanilluxe, L50, M|
|poke|p2|Staraptor, L50, F|
|teampreview|4
|showteam|p1|Pyroar||Pyroarite|Unnerve|HeatWave,Overheat,Protect,SolarBeam|Timid||F|||50|]Basculegion||LifeOrb|Adaptability|AquaJet,WaveCrash,Protect,LastRespects|Adamant||M|||50|]Torkoal||Charcoal|Drought|Eruption,WeatherBall,Protect,HelpingHand|Quiet||F|||50|]Whimsicott||FocusSash|Prankster|Moonblast,SunnyDay,Protect,Tailwind|Timid||M|||50|]Mawile||Mawilite|HyperCutter|RockSlide,PlayRough,Protect,SuckerPunch|Adamant||F|||50|]Farigiraf||ColburBerry|ArmorTail|FoulPlay,Psychic,HelpingHand,TrickRoom|Relaxed||M|||50|
|showteam|p2|Blastoise||Blastoisinite|RainDish|WaterSpout,DarkPulse,AuraSphere,FakeOut|Quiet||M|||50|]Camerupt||Cameruptite|SolidRock|AncientPower,EarthPower,HeatWave,Protect|Quiet||F|||50|]Farigiraf||SitrusBerry|ArmorTail|PsychicFangs,HyperVoice,HelpingHand,TrickRoom|Relaxed||M|||50|]Kingambit||LifeOrb|Defiant|KowtowCleave,IronHead,Protect,SuckerPunch|Brave||F|||50|]Vanilluxe||NeverMeltIce|SnowWarning|Blizzard,FreezeDry,Protect,IceShard|Quiet||M|||50|]Staraptor||ChoiceScarf|Intimidate|FinalGambit,CloseCombat,BraveBird,Uturn|Jolly||F|||50|
|inactive|Battle timer is ON: inactive players will automatically lose when time's up. (requested by 25th_mang)
|
|t:|1784771917
|teamsize|p1|4
|teamsize|p2|4
|start
|switch|p1a: Whimsicott|Whimsicott, L50, M|100/100
|switch|p1b: Pyroar|Pyroar, L50, F|100/100
|switch|p2a: Blind Spot|Farigiraf, L50, M|100/100
|switch|p2b: Haven|Blastoise, L50, M|100/100
|-ability|p1b: Pyroar|Unnerve
|turn|1
|
|t:|1784771935
|detailschange|p1b: Pyroar|Pyroar-Mega, L50, F
|-mega|p1b: Pyroar|Pyroar|Pyroarite
|move|p2b: Haven|Fake Out|p1b: Pyroar
|-damage|p1b: Pyroar|91/100
|move|p1a: Whimsicott|Sunny Day|p1a: Whimsicott
|-weather|SunnyDay
|cant|p1b: Pyroar|flinch
|move|p2a: Blind Spot|Trick Room|p2a: Blind Spot
|-fieldstart|move: Trick Room|[of] p2a: Blind Spot
|
|-weather|SunnyDay|[upkeep]
|upkeep
|turn|2
|inactive|mouseilluminati has 30 seconds left.
|inactive|mouseilluminati has 20 seconds left.
|inactive|mouseilluminati has 15 seconds left.
|
|t:|1784771978
|detailschange|p2b: Haven|Blastoise-Mega, L50, M
|-mega|p2b: Haven|Blastoise|Blastoisinite
|move|p2a: Blind Spot|Helping Hand|p2b: Haven
|-singleturn|p2b: Haven|Helping Hand|[of] p2a: Blind Spot
|move|p1b: Pyroar|Protect|p1b: Pyroar
|-singleturn|p1b: Pyroar|Protect
|move|p2b: Haven|Aura Sphere|p1b: Pyroar
|-activate|p1b: Pyroar|move: Protect
|move|p1a: Whimsicott|Moonblast|p2b: Haven
|-damage|p2b: Haven|72/100
|
|-weather|SunnyDay|[upkeep]
|upkeep
|turn|3
|
|t:|1784772000
|switch|p1a: Torkoal|Torkoal, L50, F|100/100
|switch|p1b: Basculegion|Basculegion, L50, M|100/100
|move|p2a: Blind Spot|Helping Hand|p2b: Haven
|-singleturn|p2b: Haven|Helping Hand|[of] p2a: Blind Spot
|move|p2b: Haven|Dark Pulse|p1b: Basculegion
|-supereffective|p1b: Basculegion|1
|-damage|p1b: Basculegion|0 fnt
|faint|p1b: Basculegion
|
|-weather|SunnyDay|[upkeep]
|upkeep
|
|t:|1784772016
|switch|p1b: Whimsicott|Whimsicott, L50, M|100/100
|turn|4
|
|t:|1784772035
|move|p1a: Torkoal|Eruption|p2a: Blind Spot|[spread] p2a,p2b
|-resisted|p2b: Haven|1
|-damage|p2a: Blind Spot|26/100
|-damage|p2b: Haven|33/100
|-enditem|p2a: Blind Spot|Sitrus Berry|[eat]
|-heal|p2a: Blind Spot|51/100|[from] item: Sitrus Berry
|move|p2a: Blind Spot|Hyper Voice|p1b: Whimsicott|[spread] p1a,p1b
|-damage|p1a: Torkoal|67/100
|-damage|p1b: Whimsicott|55/100
|move|p2b: Haven|Aura Sphere|p1a: Torkoal
|-damage|p1a: Torkoal|2/100
|move|p1b: Whimsicott|Moonblast|p2b: Haven
|-damage|p2b: Haven|4/100
|
|-weather|SunnyDay|[upkeep]
|upkeep
|turn|5
|inactive|25th_mang has 30 seconds left.
|inactive|25th_mang has 20 seconds left.
|
|t:|1784772072
|switch|p2a: 0801|Camerupt, L50, F|100/100
|switch|p2b: Star Lost|Kingambit, L50, F|100/100
|move|p1a: Torkoal|Weather Ball|p2b: Star Lost
|-supereffective|p2b: Star Lost|1
|-crit|p2b: Star Lost
|-damage|p2b: Star Lost|0 fnt
|faint|p2b: Star Lost
|move|p1b: Whimsicott|Moonblast|p2a: 0801
|-resisted|p2a: 0801|1
|-damage|p2a: 0801|77/100
|
|-weather|none
|-fieldend|move: Trick Room
|upkeep
|
|t:|1784772088
|switch|p2b: Blind Spot|Farigiraf, L50, M|51/100
|turn|6
|
|t:|1784772107
|move|p1b: Whimsicott|Protect|p1b: Whimsicott
|-singleturn|p1b: Whimsicott|Protect
|move|p2a: 0801|Heat Wave|p1a: Torkoal|[spread] p1a
|-activate|p1b: Whimsicott|move: Protect
|-resisted|p1a: Torkoal|1
|-damage|p1a: Torkoal|0 fnt
|faint|p1a: Torkoal
|move|p2b: Blind Spot|Trick Room|p2b: Blind Spot
|-fieldstart|move: Trick Room|[of] p2b: Blind Spot
|
|upkeep
|
|t:|1784772119
|switch|p1a: Pyroar|Pyroar-Mega, L50, F|91/100
|turn|7
|inactive|mouseilluminati has 30 seconds left.
|inactive|mouseilluminati has 20 seconds left.
|inactive|mouseilluminati has 15 seconds left.
|inactive|mouseilluminati has 10 seconds left.
|inactive|mouseilluminati has 5 seconds left.
|
|t:|1784772174
|move|p2b: Blind Spot|Helping Hand|p2a: 0801
|-singleturn|p2a: 0801|Helping Hand|[of] p2b: Blind Spot
|move|p2a: 0801|Earth Power|p1a: Pyroar
|-supereffective|p1a: Pyroar|1
|-damage|p1a: Pyroar|0 fnt
|faint|p1a: Pyroar
|move|p1b: Whimsicott|Moonblast|p2b: Blind Spot
|-damage|p2b: Blind Spot|20/100y
|
|upkeep
|turn|8
|
|t:|1784772184
|move|p1b: Whimsicott|Protect|p1b: Whimsicott
|-singleturn|p1b: Whimsicott|Protect
|move|p2a: 0801|Heat Wave|p1b: Whimsicott
|-activate|p1b: Whimsicott|move: Protect
|move|p2b: Blind Spot|Hyper Voice|p1b: Whimsicott
|-activate|p1b: Whimsicott|move: Protect
|
|upkeep
|turn|9
|inactive|mouseilluminati has 30 seconds left.
|
|t:|1784772211
|move|p1b: Whimsicott|Tailwind|p1b: Whimsicott
|-sidestart|p1: mouseilluminati|move: Tailwind
|move|p2a: 0801|Heat Wave|p1b: Whimsicott
|-supereffective|p1b: Whimsicott|1
|-damage|p1b: Whimsicott|0 fnt
|faint|p1b: Whimsicott
|
|win|25th_mang
|raw|mouseilluminati's rating: 1221 → 1200(-21 for losing)
|raw|25th_mang's rating: 1276 → 1297(+21 for winning)
|l|☆25th_mang
|player|p2|
