|j|☆redemption22
|j|☆elmono11
|html|redemption22elmono11    
|uhtml|bestof|Game 2 of a best-of-3
|t:|1756289754
|gametype|doubles
|player|p1|redemption22|2|1313
|player|p2|elmono11|2|1246
|gen|9
|tier|[Gen 9] VGC 2025 Reg H (Bo3)
|rated|
|rule|Species Clause: Limit one of each Pokémon
|rule|Item Clause: Limit 1 of each item
|clearpoke
|poke|p1|Dondozo, L50, M|
|poke|p1|Tatsugiri-Droopy, L50, M|
|poke|p1|Gholdengo, L50|
|poke|p1|Dragonite, L50, M|
|poke|p1|Talonflame, L50, M|
|poke|p1|Sneasler, L50, M|
|poke|p2|Gholdengo, L50|
|poke|p2|Sneasler, L50, M|
|poke|p2|Rillaboom, L50, M|
|poke|p2|Dragonite, L50, M|
|poke|p2|Ninetales-Alola, L50, M|
|poke|p2|Arcanine-Hisui, L50, F|
|teampreview|4
|showteam|p1|Dondozo||Leftovers|Unaware|Protect,OrderUp,Earthquake,BodyPress|||M|||50|,,,,,Grass]Tatsugiri-Droopy||ChoiceScarf|Commander|DracoMeteor,MuddyWater,IcyWind,DragonPulse|||M|||50|,,,,,Steel]Gholdengo||ChoiceSpecs|GoodasGold|Thunderbolt,ShadowBall,MakeItRain,PowerGem||||||50|,,,,,Steel]Dragonite||ChoiceBand|InnerFocus|ExtremeSpeed,StompingTantrum,Outrage,IceSpinner|||M|||50|,,,,,Normal]Talonflame||CovertCloak|GaleWings|DualWingbeat,Tailwind,Taunt,FlareBlitz|||M|||50|,,,,,Ghost]Sneasler||FocusSash|PoisonTouch|CloseCombat,FakeOut,DireClaw,ThroatChop|||M|||50|,,,,,Fairy
|showteam|p2|Gholdengo||GrassySeed|GoodasGold|NastyPlot,MakeItRain,ShadowBall,Protect||||||50|,,,,,Water]Sneasler||WhiteHerb|Unburden|CloseCombat,DireClaw,Coaching,Protect|||M|||50|,,,,,Ghost]Rillaboom||AssaultVest|GrassySurge|FakeOut,GrassyGlide,DrumBeating,HighHorsepower|||M|||50|,,,,,Fire]Dragonite||LoadedDice|Multiscale|ScaleShot,Haze,Tailwind,Protect|||M|||50|,,,,,Steel]Ninetales-Alola||FocusSash|SnowWarning|Blizzard,IcyWind,Encore,AuroraVeil|||M|||50|,,,,,Ghost]Arcanine-Hisui||ClearAmulet|Intimidate|RockSlide,FlareBlitz,ExtremeSpeed,Protect|||F|||50|,,,,,Water
|inactive|Battle timer is ON: inactive players will automatically lose when time's up. (requested by elmono11)
|inactive|elmono11 has 60 seconds left.
|
|t:|1756289799
|teamsize|p1|4
|teamsize|p2|4
|start
|switch|p1a: Sneasler|Sneasler, L50, M|100/100
|switch|p1b: Dragonite|Dragonite, L50, M|100/100
|switch|p2a: Arcanine|Arcanine-Hisui, L50, F|100/100
|switch|p2b: Ninetales|Ninetales-Alola, L50, M|100/100
|-weather|Snowscape|[from] ability: Snow Warning|[of] p2b: Ninetales
|-ability|p2a: Arcanine|Intimidate|boost
|-unboost|p1a: Sneasler|atk|1
|-fail|p1b: Dragonite|unboost|Attack|[from] ability: Inner Focus|[of] p1b: Dragonite
|turn|1
|
|t:|1756289824
|-terastallize|p2b: Ninetales|Ghost
|move|p1a: Sneasler|Fake Out|p2b: Ninetales
|-immune|p2b: Ninetales
|move|p2b: Ninetales|Icy Wind|p1b: Dragonite|[spread] p1b
|-miss|p2b: Ninetales|p1a: Sneasler
|-supereffective|p1b: Dragonite
|-damage|p1b: Dragonite|29/100
|-unboost|p1b: Dragonite|spe|1
|move|p2a: Arcanine|Rock Slide|p1a: Sneasler|[spread] p1a,p1b
|-resisted|p1a: Sneasler
|-supereffective|p1b: Dragonite
|-damage|p1a: Sneasler|79/100
|-damage|p1b: Dragonite|0 fnt
|faint|p1b: Dragonite
|
|-weather|Snowscape|[upkeep]
|upkeep
|
|t:|1756289840
|switch|p1b: Talonflame|Talonflame, L50, M|100/100
|turn|2
|inactive|elmono11 has 30 seconds left.
|
|t:|1756289875
|move|p1b: Talonflame|Tailwind|p1b: Talonflame
|-sidestart|p1: redemption22|move: Tailwind
|move|p1a: Sneasler|Dire Claw|p2b: Ninetales
|-resisted|p2b: Ninetales
|-crit|p2b: Ninetales
|-damage|p2b: Ninetales|50/100
|-status|p2b: Ninetales|par
|move|p2a: Arcanine|Rock Slide|p1a: Sneasler|[spread] p1a,p1b
|-resisted|p1a: Sneasler
|-supereffective|p1b: Talonflame
|-damage|p1a: Sneasler|56/100
|-damage|p1b: Talonflame|0 fnt
|faint|p1b: Talonflame
|move|p2b: Ninetales|Aurora Veil|p2b: Ninetales
|-sidestart|p2: elmono11|move: Aurora Veil
|
|-weather|Snowscape|[upkeep]
|upkeep
|
|t:|1756289890
|switch|p1b: Gholdengo|Gholdengo, L50|100/100
|turn|3
|
|t:|1756289906
|-terastallize|p1b: Gholdengo|Steel
|move|p2a: Arcanine|Protect|p2a: Arcanine
|-singleturn|p2a: Arcanine|Protect
|move|p1a: Sneasler|Dire Claw|p2a: Arcanine
|-activate|p2a: Arcanine|move: Protect
|move|p1b: Gholdengo|Make It Rain|p2a: Arcanine|[spread] p2b
|-activate|p2a: Arcanine|move: Protect
|-damage|p2b: Ninetales|0 fnt
|-unboost|p1b: Gholdengo|spa|1
|faint|p2b: Ninetales
|
|-weather|Snowscape|[upkeep]
|upkeep
|
|t:|1756289919
|switch|p2b: Dragonite|Dragonite, L50, M|100/100
|turn|4
|
|t:|1756289941
|move|p1a: Sneasler|Dire Claw|p2b: Dragonite
|-damage|p2b: Dragonite|90/100
|-status|p2b: Dragonite|slp
|move|p1b: Gholdengo|Make It Rain|p2a: Arcanine|[spread] p2a,p2b
|-damage|p2a: Arcanine|47/100
|-damage|p2b: Dragonite|48/100 slp
|-unboost|p1b: Gholdengo|spa|1
|move|p2a: Arcanine|Flare Blitz|p1b: Gholdengo
|-supereffective|p1b: Gholdengo
|-damage|p1b: Gholdengo|0 fnt
|faint|p1b: Gholdengo
|-damage|p2a: Arcanine|11/100|[from] Recoil
|cant|p2b: Dragonite|slp
|
|-weather|Snowscape|[upkeep]
|upkeep
|turn|5
|
|t:|1756289960
|switch|p2a: Sneasler|Sneasler, L50, M|100/100
|move|p1a: Sneasler|Close Combat|p2a: Sneasler
|-resisted|p2a: Sneasler
|-damage|p2a: Sneasler|84/100
|-unboost|p1a: Sneasler|def|1
|-unboost|p1a: Sneasler|spd|1
|cant|p2b: Dragonite|slp
|
|-weather|none
|-sideend|p1: redemption22|move: Tailwind
|upkeep
|turn|6
|
|t:|1756289979
|move|p1a: Sneasler|Dire Claw|p2a: Sneasler
|-resisted|p2a: Sneasler
|-damage|p2a: Sneasler|72/100
|move|p2a: Sneasler|Close Combat|p1a: Sneasler
|-resisted|p1a: Sneasler
|-damage|p1a: Sneasler|0 fnt
|-unboost|p2a: Sneasler|def|1
|-unboost|p2a: Sneasler|spd|1
|faint|p1a: Sneasler
|-enditem|p2a: Sneasler|White Herb
|-clearnegativeboost|p2a: Sneasler|[silent]
|
|win|elmono11
|raw|redemption22's rating: 1313 → 1289(-24 for losing)
|raw|elmono11's rating: 1246 → 1276(+30 for winning)
