|j|☆hippopotas fritas
|j|☆Fredfromyt
|html|hippopotas fritasFredfromyt    
|uhtml|bestof|Game 2 of a best-of-3
|t:|1785078225
|gametype|doubles
|player|p1|hippopotas fritas|colress|
|player|p2|Fredfromyt|266|
|gen|9
|tier|[Gen 9 Champions] VGC 2026 Reg M-B (Bo3)
|rule|Species Clause: Limit one of each Pokémon
|rule|Item Clause: Limit 1 of each item
|clearpoke
|poke|p1|Tyranitar, L50, F|
|poke|p1|Excadrill, L50, F|
|poke|p1|Milotic, L50, M|
|poke|p1|Sinistcha, L50|
|poke|p1|Staraptor, L50, M|
|poke|p1|Gholdengo, L50|
|poke|p2|Annihilape, L50, M|
|poke|p2|Toxapex, L50, F|
|poke|p2|Charizard, L50, M|
|poke|p2|Garchomp, L50, F|
|poke|p2|Incineroar, L50, M|
|poke|p2|Venusaur, L50, M|
|teampreview|4
|showteam|p1|Tyranitar||Tyranitarite|SandStream|KnockOff,RockSlide,HighHorsepower,Protect|Jolly||F|||50|]Excadrill||FocusSash|SandRush|HighHorsepower,IronHead,RockSlide,Protect|Adamant||F|||50|]Milotic||SitrusBerry|Competitive|Scald,IcyWind,Haze,Protect|Calm||M|||50|]Sinistcha||ColburBerry|Hospitality|MatchaGotcha,ShadowBall,Protect,RagePowder|Bold|||||50|]Staraptor||Staraptite|Intimidate|CloseCombat,BraveBird,Tailwind,Protect|Jolly||M|||50|]Gholdengo||LifeOrb|GoodasGold|MakeItRain,ShadowBall,NastyPlot,Protect|Modest|||||50|
|showteam|p2|Annihilape||FocusSash|Defiant|PhantomForce,CloseCombat,RockTomb,Protect|Jolly||M|||50|]Toxapex||Leftovers|Regenerator|WideGuard,BanefulBunker,Infestation,Toxic|Impish||F|||50|]Charizard||CharizarditeY|Blaze|HeatWave,WeatherBall,SolarBeam,Protect|Modest||M|||50|]Garchomp||ChoiceScarf|RoughSkin|Earthquake,StompingTantrum,RockSlide,DragonClaw|Adamant||F|||50|]Incineroar||SitrusBerry|Intimidate|FakeOut,PartingShot,ThroatChop,FlareBlitz|Impish||M|||50|]Venusaur||LifeOrb|Chlorophyll|SludgeBomb,EarthPower,SleepPowder,Protect|Modest||M|||50|
|
|t:|1785078332
|teamsize|p1|4
|teamsize|p2|4
|start
|switch|p1a: Tyranitar|Tyranitar, L50, F|100/100
|switch|p1b: Staraptor|Staraptor, L50, M|100/100
|switch|p2a: Charizard|Charizard, L50, M|100/100
|switch|p2b: Garchomp|Garchomp, L50, F|100/100
|-ability|p1b: Staraptor|Intimidate|boost
|-unboost|p2a: Charizard|atk|1
|-unboost|p2b: Garchomp|atk|1
|-weather|Sandstorm|[from] ability: Sand Stream|[of] p1a: Tyranitar
|turn|1
|
|t:|1785078412
|detailschange|p2a: Charizard|Charizard-Mega-Y, L50, M
|-mega|p2a: Charizard|Charizard|Charizardite Y
|-weather|SunnyDay|[from] ability: Drought|[of] p2a: Charizard
|move|p1a: Tyranitar|Protect|p1a: Tyranitar
|-singleturn|p1a: Tyranitar|Protect
|move|p2b: Garchomp|Dragon Claw|p1b: Staraptor
|-damage|p1b: Staraptor|62/100
|move|p1b: Staraptor|Tailwind|p1b: Staraptor
|-sidestart|p1: hippopotas fritas|move: Tailwind
|move|p2a: Charizard|Weather Ball|p1b: Staraptor
|-damage|p1b: Staraptor|0 fnt
|faint|p1b: Staraptor
|
|-weather|SunnyDay|[upkeep]
|upkeep
|
|t:|1785078431
|switch|p1b: Gholdengo|Gholdengo, L50|100/100
|turn|2
|
|t:|1785078447
|detailschange|p1a: Tyranitar|Tyranitar-Mega, L50, F
|-mega|p1a: Tyranitar|Tyranitar|Tyranitarite
|-weather|Sandstorm|[from] ability: Sand Stream|[of] p1a: Tyranitar
|move|p1a: Tyranitar|Rock Slide|p2a: Charizard|[spread] p2a,p2b
|-supereffective|p2a: Charizard|2
|-resisted|p2b: Garchomp|1
|-damage|p2a: Charizard|0 fnt
|-damage|p2b: Garchomp|85/100
|faint|p2a: Charizard
|cant|p2b: Garchomp|flinch
|move|p1b: Gholdengo|Shadow Ball|p2b: Garchomp
|-damage|p2b: Garchomp|29/100
|-damage|p1b: Gholdengo|90/100|[from] item: Life Orb
|
|-weather|Sandstorm|[upkeep]
|upkeep
|
|t:|1785078462
|switch|p2a: Annihilape|Annihilape, L50, M|100/100
|turn|3
|
|t:|1785078478
|switch|p2b: Toxapex|Toxapex, L50, F|100/100
|move|p2a: Annihilape|Protect|p2a: Annihilape
|-singleturn|p2a: Annihilape|Protect
|move|p1a: Tyranitar|Knock Off|p2a: Annihilape
|-activate|p2a: Annihilape|move: Protect
|move|p1b: Gholdengo|Shadow Ball|p2b: Toxapex
|-damage|p2b: Toxapex|60/100
|-damage|p1b: Gholdengo|80/100|[from] item: Life Orb
|
|-weather|Sandstorm|[upkeep]
|-damage|p2a: Annihilape|94/100|[from] Sandstorm
|-damage|p2b: Toxapex|54/100|[from] Sandstorm
|-heal|p2b: Toxapex|60/100|[from] item: Leftovers
|upkeep
|turn|4
|
|t:|1785078549
|move|p2a: Annihilape|Protect||[still]
|-fail|p2a: Annihilape
|move|p1a: Tyranitar|Knock Off|p2a: Annihilape
|-damage|p2a: Annihilape|35/100
|-enditem|p2a: Annihilape|Focus Sash|[from] move: Knock Off|[of] p1a: Tyranitar
|move|p1b: Gholdengo|Shadow Ball|p2a: Annihilape
|-supereffective|p2a: Annihilape|1
|-damage|p2a: Annihilape|0 fnt
|faint|p2a: Annihilape
|-damage|p1b: Gholdengo|71/100|[from] item: Life Orb
|move|p2b: Toxapex|Infestation|p1a: Tyranitar
|-supereffective|p1a: Tyranitar|1
|-damage|p1a: Tyranitar|96/100
|-activate|p1a: Tyranitar|move: Infestation|[of] p2b: Toxapex
|
|-weather|Sandstorm|[upkeep]
|-damage|p2b: Toxapex|54/100|[from] Sandstorm
|-heal|p2b: Toxapex|60/100|[from] item: Leftovers
|-damage|p1a: Tyranitar|84/100|[from] move: Infestation|[partiallytrapped]
|-sideend|p1: hippopotas fritas|move: Tailwind
|upkeep
|
|t:|1785078563
|switch|p2a: Garchomp|Garchomp, L50, F|29/100
|turn|5
|
|t:|1785078583
|move|p2a: Garchomp|Earthquake|p1b: Gholdengo|[spread] p2b,p1a,p1b
|-supereffective|p2b: Toxapex|1
|-supereffective|p1a: Tyranitar|1
|-supereffective|p1b: Gholdengo|1
|-damage|p2b: Toxapex|9/100
|-damage|p1a: Tyranitar|28/100
|-damage|p1b: Gholdengo|0 fnt
|faint|p1b: Gholdengo
|move|p1a: Tyranitar|Knock Off|p2a: Garchomp
|-damage|p2a: Garchomp|0 fnt
|-damage|p1a: Tyranitar|15/100|[from] ability: Rough Skin|[of] p2a: Garchomp
|-enditem|p2a: Garchomp|Choice Scarf|[from] move: Knock Off|[of] p1a: Tyranitar
|faint|p2a: Garchomp
|move|p2b: Toxapex|Infestation|p1a: Tyranitar
|-supereffective|p1a: Tyranitar|1
|-crit|p1a: Tyranitar
|-damage|p1a: Tyranitar|10/100
|
|-weather|Sandstorm|[upkeep]
|-damage|p2b: Toxapex|3/100|[from] Sandstorm
|-heal|p2b: Toxapex|9/100|[from] item: Leftovers
|-damage|p1a: Tyranitar|0 fnt|[from] move: Infestation|[partiallytrapped]
|faint|p1a: Tyranitar
|upkeep
|
|t:|1785078590
|switch|p1b: Excadrill|Excadrill, L50, F|100/100
|turn|6
|
|t:|1785078625
|move|p2b: Toxapex|Baneful Bunker|p2b: Toxapex
|-singleturn|p2b: Toxapex|move: Protect
|move|p1b: Excadrill|High Horsepower|p2b: Toxapex
|-activate|p2b: Toxapex|move: Protect
|
|-weather|none
|-heal|p2b: Toxapex|15/100|[from] item: Leftovers
|upkeep
|turn|7
|
|t:|1785078633
|move|p1b: Excadrill|High Horsepower|p2b: Toxapex
|-supereffective|p2b: Toxapex|1
|-damage|p2b: Toxapex|0 fnt
|faint|p2b: Toxapex
|
|win|hippopotas fritas
