|j|☆I am the Sweeper
|j|☆Rickctrl
|html|I am the SweeperRickctrl    
|uhtml|bestof|Game 2 of a best-of-3
|t:|1756279744
|gametype|doubles
|player|p1|I am the Sweeper|janitor|1099
|player|p2|Rickctrl|1|1111
|gen|9
|tier|[Gen 9] VGC 2025 Reg H (Bo3)
|rated|
|rule|Species Clause: Limit one of each Pokémon
|rule|Item Clause: Limit 1 of each item
|clearpoke
|poke|p1|Garganacl, L50, F|
|poke|p1|Dondozo, L50, F|
|poke|p1|Sneasler, L50, F|
|poke|p1|Gholdengo, L50|
|poke|p1|Ninetales-Alola, L50, F|
|poke|p1|Incineroar, L50, M|
|poke|p2|Dudunsparce-*, L50, F|
|poke|p2|Whimsicott, L50, F|
|poke|p2|Dondozo, L50, M|
|poke|p2|Tatsugiri, L50, F|
|poke|p2|Ursaluna-Bloodmoon, L50, M|
|poke|p2|Incineroar, L50, F|
|teampreview|4
|showteam|p1|Garganacl||MarangaBerry|PurifyingSalt|SaltCure,StealthRock,Protect,Recover|||F|||50|,,,,,Flying]Dondozo||Leftovers|Unaware|Liquidation,Yawn,Curse,Protect|||F|||50|,,,,,Poison]Sneasler||FocusSash|PoisonTouch|DireClaw,CloseCombat,Coaching,Protect|||F|||50|,,,,,Ghost]Gholdengo||ChoiceScarf|GoodasGold|MakeItRain,ShadowBall,Trick,PowerGem||||||50|,,,,,Steel]Ninetales-Alola||NeverMeltIce|SnowWarning|Blizzard,FreezeDry,Protect,AuroraVeil|||F|||50|,,,,,Ice]Incineroar||AssaultVest|Intimidate|FlareBlitz,KnockOff,FakeOut,DrainPunch|||M|||50|,,,,,Grass
|showteam|p2|Dudunsparce-Three-Segment||ChoiceScarf|SereneGrace|RockSlide,BreakingSwipe,IceSpinner,HelpingHand|||F|||50|,,,,,Ghost]Whimsicott||FocusSash|Prankster|Taunt,Tailwind,Moonblast,Encore|||F|||50|,,,,,Ghost]Dondozo||Leftovers|Unaware|WaveCrash,Earthquake,OrderUp,Protect|||M|||50|,,,,,Grass]Tatsugiri||ChoiceSpecs|Commander|DracoMeteor,TeraBlast,MuddyWater,HydroPump|||F|||50|,,,,,Stellar]Ursaluna-Bloodmoon||LifeOrb|MindsEye|BloodMoon,HyperVoice,EarthPower,Protect|||M|||50|,,,,,Normal]Incineroar||SitrusBerry|Intimidate|WillOWisp,KnockOff,FakeOut,PartingShot|||F|||50|,,,,,Bug
|
|t:|1756279835
|teamsize|p1|4
|teamsize|p2|4
|start
|switch|p1a: Garganacl|Garganacl, L50, F|100/100
|switch|p1b: Sneasler|Sneasler, L50, F|100/100
|switch|p2a: Dudunsparce|Dudunsparce-Three-Segment, L50, F, shiny|100/100
|switch|p2b: Whimsicott|Whimsicott, L50, F, shiny|100/100
|turn|1
|
|t:|1756279879
|-terastallize|p2a: Dudunsparce|Ghost
|move|p2b: Whimsicott|Tailwind|p2b: Whimsicott
|-sidestart|p2: Rickctrl|move: Tailwind
|move|p2a: Dudunsparce|Rock Slide|p1b: Sneasler|[spread] p1a,p1b
|-resisted|p1b: Sneasler
|-damage|p1a: Garganacl|90/100
|-damage|p1b: Sneasler|90/100
|move|p1b: Sneasler|Dire Claw|p2a: Dudunsparce
|-resisted|p2a: Dudunsparce
|-damage|p2a: Dudunsparce|82/100
|cant|p1a: Garganacl|flinch
|
|upkeep
|turn|2
|
|t:|1756279913
|move|p2b: Whimsicott|Moonblast|p1b: Sneasler
|-damage|p1b: Sneasler|51/100
|move|p2a: Dudunsparce|Rock Slide|p1b: Sneasler|[spread] p1a,p1b
|-resisted|p1b: Sneasler
|-damage|p1a: Garganacl|81/100
|-damage|p1b: Sneasler|40/100
|cant|p1b: Sneasler|flinch
|cant|p1a: Garganacl|flinch
|
|upkeep
|turn|3
|
|t:|1756279933
|move|p1b: Sneasler|Protect|p1b: Sneasler
|-singleturn|p1b: Sneasler|Protect
|move|p2b: Whimsicott|Moonblast|p1a: Garganacl
|-damage|p1a: Garganacl|60/100
|-enditem|p1a: Garganacl|Maranga Berry|[eat]
|-boost|p1a: Garganacl|spd|1|[from] item: Maranga Berry
|move|p2a: Dudunsparce|Rock Slide|p1a: Garganacl|[spread] 
|-activate|p1b: Sneasler|move: Protect
|-miss|p2a: Dudunsparce|p1a: Garganacl
|move|p1a: Garganacl|Salt Cure|p2a: Dudunsparce
|-damage|p2a: Dudunsparce|67/100
|-start|p2a: Dudunsparce|Salt Cure
|
|-damage|p2a: Dudunsparce|55/100|[from] Salt Cure
|upkeep
|turn|4
|inactive|Battle timer is ON: inactive players will automatically lose when time's up. (requested by Rickctrl)
|
|t:|1756279978
|switch|p1b: Gholdengo|Gholdengo, L50|100/100
|move|p2b: Whimsicott|Encore|p1b: Gholdengo
|-immune|p1b: Gholdengo|[from] ability: Good as Gold
|move|p2a: Dudunsparce|Rock Slide|p1b: Gholdengo|[spread] p1a,p1b
|-resisted|p1b: Gholdengo
|-damage|p1a: Garganacl|52/100
|-damage|p1b: Gholdengo|93/100
|move|p1a: Garganacl|Salt Cure|p2b: Whimsicott
|-damage|p2b: Whimsicott|80/100
|-start|p2b: Whimsicott|Salt Cure
|
|-damage|p2b: Whimsicott|68/100|[from] Salt Cure
|-damage|p2a: Dudunsparce|42/100|[from] Salt Cure
|-sideend|p2: Rickctrl|move: Tailwind
|upkeep
|turn|5
|inactive|I am the Sweeper has 30 seconds left.
|inactive|Rickctrl has 30 seconds left.
|
|t:|1756280007
|move|p2b: Whimsicott|Tailwind|p2b: Whimsicott
|-sidestart|p2: Rickctrl|move: Tailwind
|move|p2a: Dudunsparce|Rock Slide|p1b: Gholdengo|[spread] p1a,p1b
|-resisted|p1b: Gholdengo
|-damage|p1a: Garganacl|42/100
|-damage|p1b: Gholdengo|85/100
|cant|p1b: Gholdengo|flinch
|move|p1a: Garganacl|Recover|p1a: Garganacl
|-heal|p1a: Garganacl|92/100
|
|-damage|p2b: Whimsicott|56/100|[from] Salt Cure
|-damage|p2a: Dudunsparce|30/100|[from] Salt Cure
|upkeep
|turn|6
|
|t:|1756280026
|move|p1a: Garganacl|Protect|p1a: Garganacl
|-singleturn|p1a: Garganacl|Protect
|move|p2b: Whimsicott|Moonblast|p1b: Gholdengo
|-resisted|p1b: Gholdengo
|-damage|p1b: Gholdengo|68/100
|-unboost|p1b: Gholdengo|spa|1
|move|p2a: Dudunsparce|Rock Slide|p1a: Garganacl|[spread] p1b
|-activate|p1a: Garganacl|move: Protect
|-resisted|p1b: Gholdengo
|-damage|p1b: Gholdengo|61/100
|move|p1b: Gholdengo|Make It Rain|p2b: Whimsicott|[spread] p2a,p2b
|-supereffective|p2b: Whimsicott
|-damage|p2a: Dudunsparce|0 fnt
|-damage|p2b: Whimsicott|0 fnt
|-unboost|p1b: Gholdengo|spa|1
|faint|p2a: Dudunsparce
|faint|p2b: Whimsicott
|
|upkeep
|
|t:|1756280043
|switch|p2b: Ursaluna|Ursaluna-Bloodmoon, L50, M|100/100
|switch|p2a: Incineroar|Incineroar, L50, F|100/100
|-ability|p2a: Incineroar|Intimidate|boost
|-unboost|p1a: Garganacl|atk|1
|-unboost|p1b: Gholdengo|atk|1
|turn|7
|inactive|I am the Sweeper has 30 seconds left.
|
|t:|1756280074
|-terastallize|p1a: Garganacl|Flying
|move|p1b: Gholdengo|Make It Rain|p2b: Ursaluna|[spread] p2a,p2b
|-resisted|p2a: Incineroar
|-damage|p2a: Incineroar|90/100
|-damage|p2b: Ursaluna|71/100
|-unboost|p1b: Gholdengo|spa|1
|move|p2b: Ursaluna|Blood Moon|p1a: Garganacl
|-damage|p1a: Garganacl|49/100
|-damage|p2b: Ursaluna|62/100|[from] item: Life Orb
|move|p2a: Incineroar|Knock Off|p1b: Gholdengo
|-supereffective|p1b: Gholdengo
|-damage|p1b: Gholdengo|0 fnt
|-enditem|p1b: Gholdengo|Choice Scarf|[from] move: Knock Off|[of] p2a: Incineroar
|faint|p1b: Gholdengo
|move|p1a: Garganacl|Salt Cure|p2b: Ursaluna
|-resisted|p2b: Ursaluna
|-damage|p2b: Ursaluna|58/100
|-start|p2b: Ursaluna|Salt Cure
|
|-damage|p2b: Ursaluna|46/100|[from] Salt Cure
|upkeep
|
|t:|1756280099
|switch|p1b: Sneasler|Sneasler, L50, F|40/100
|turn|8
|inactive|Rickctrl has 30 seconds left.
|
|t:|1756280130
|move|p1b: Sneasler|Protect|p1b: Sneasler
|-singleturn|p1b: Sneasler|Protect
|move|p1a: Garganacl|Protect|p1a: Garganacl
|-singleturn|p1a: Garganacl|Protect
|move|p2b: Ursaluna|Hyper Voice|p1b: Sneasler|[spread] 
|-activate|p1a: Garganacl|move: Protect
|-activate|p1b: Sneasler|move: Protect
|move|p2a: Incineroar|Will-O-Wisp|p1a: Garganacl
|-activate|p1a: Garganacl|move: Protect
|
|-damage|p2b: Ursaluna|33/100|[from] Salt Cure
|-sideend|p2: Rickctrl|move: Tailwind
|upkeep
|turn|9
|inactive|Rickctrl has 30 seconds left.
|inactive|Rickctrl has 20 seconds left.
|inactive|Rickctrl has 15 seconds left.
|
|t:|1756280174
|move|p1b: Sneasler|Close Combat|p2a: Incineroar
|-supereffective|p2a: Incineroar
|-damage|p2a: Incineroar|0 fnt
|-unboost|p1b: Sneasler|def|1
|-unboost|p1b: Sneasler|spd|1
|faint|p2a: Incineroar
|move|p2b: Ursaluna|Hyper Voice|p1b: Sneasler|[spread] p1a,p1b
|-damage|p1a: Garganacl|29/100
|-damage|p1b: Sneasler|0 fnt
|faint|p1b: Sneasler
|-damage|p2b: Ursaluna|24/100|[from] item: Life Orb
|move|p1a: Garganacl|Recover|p1a: Garganacl
|-heal|p1a: Garganacl|80/100
|
|-damage|p2b: Ursaluna|11/100|[from] Salt Cure
|upkeep
|
|t:|1756280188
|switch|p1b: Ninetales|Ninetales-Alola, L50, F|100/100
|-weather|Snowscape|[from] ability: Snow Warning|[of] p1b: Ninetales
|turn|10
|-message|Rickctrl forfeited.
|raw|I am the Sweeper's rating: 1099 → 1125(+26 for winning)
|raw|Rickctrl's rating: 1111 → 1085(-26 for losing)
|
|win|I am the Sweeper
|l|☆Rickctrl
|player|p2|
