|j|☆sogreenitslime
|j|☆UndeadParadox
|html|sogreenitslimeUndeadParadox    
|uhtml|bestof|Game 1 of a best-of-3
|t:|1756876524
|gametype|doubles
|player|p1|sogreenitslime|170|1116
|player|p2|UndeadParadox|guitarist|1369
|gen|9
|tier|[Gen 9] VGC 2025 Reg H (Bo3)
|rated|
|rule|Species Clause: Limit one of each Pokémon
|rule|Item Clause: Limit 1 of each item
|clearpoke
|poke|p1|Garchomp, L50, F|
|poke|p1|Glimmora, L50, M|
|poke|p1|Amoonguss, L50, M|
|poke|p1|Primarina, L50, F|
|poke|p1|Kingambit, L50, F|
|poke|p1|Rillaboom, L50, M|
|poke|p2|Sneasler, L50, F|
|poke|p2|Rillaboom, L50, M|
|poke|p2|Incineroar, L50, F|
|poke|p2|Gholdengo, L50|
|poke|p2|Hydreigon, L50, M|
|poke|p2|Gengar, L50, F|
|teampreview|4
|showteam|p1|Garchomp||RockyHelmet|RoughSkin|RockSlide,DragonClaw,StompingTantrum,PoisonJab|||F|||50|,,,,,Water]Glimmora||AssaultVest|ToxicDebris|PowerGem,SludgeBomb,EnergyBall,MortalSpin|||M|||50|,,,,,Grass]Amoonguss||SitrusBerry|Regenerator|PollenPuff,Spore,RagePowder,ClearSmog|||M|||50|,,,,,Water]Primarina||ThroatSpray|LiquidVoice|HyperVoice,Moonblast,Haze,Protect|||F|||50|,,,,,Poison]Kingambit||BlackGlasses|Defiant|SuckerPunch,KowtowCleave,IronHead,Protect|||F|||50|,,,,,Ghost]Rillaboom||MiracleSeed|GrassySurge|FakeOut,WoodHammer,GrassyGlide,HighHorsepower|||M|||50|,,,,,Grass
|showteam|p2|Sneasler||GrassySeed|Unburden|CloseCombat,DireClaw,Acrobatics,Protect|||F|||50|,,,,,Flying]Rillaboom||AssaultVest|GrassySurge|WoodHammer,GrassyGlide,FakeOut,HighHorsepower|||M|||50|,,,,,Fire]Incineroar||SafetyGoggles|Intimidate|FlareBlitz,KnockOff,PartingShot,FakeOut|||F|||50|,,,,,Ghost]Gholdengo||MetalCoat|GoodasGold|Protect,MakeItRain,ShadowBall,NastyPlot||||||50|,,,,,Water]Hydreigon||LifeOrb|Levitate|Flamethrower,DracoMeteor,DarkPulse,Protect|||M|||50|,,,,,Fire]Gengar||FocusSash|CursedBody|ShadowBall,Haze,Taunt,IcyWind|||F|||50|,,,,,Ghost
|inactive|Battle timer is ON: inactive players will automatically lose when time's up. (requested by sogreenitslime)
|
|t:|1756876589
|teamsize|p1|4
|teamsize|p2|4
|start
|switch|p1a: Garchomp|Garchomp, L50, F|100/100
|switch|p1b: Kingambit|Kingambit, L50, F|100/100
|switch|p2a: Sneasler|Sneasler, L50, F, shiny|100/100
|switch|p2b: Rillaboom|Rillaboom, L50, M|100/100
|-fieldstart|move: Grassy Terrain|[from] ability: Grassy Surge|[of] p2b: Rillaboom
|-enditem|p2a: Sneasler|Grassy Seed
|-boost|p2a: Sneasler|def|1|[from] item: Grassy Seed
|turn|1
|inactive|sogreenitslime has 30 seconds left.
|
|t:|1756876620
|move|p1b: Kingambit|Protect|p1b: Kingambit
|-singleturn|p1b: Kingambit|Protect
|move|p2b: Rillaboom|Grassy Glide|p1a: Garchomp
|-damage|p1a: Garchomp|66/100
|-damage|p2b: Rillaboom|88/100|[from] ability: Rough Skin|[of] p1a: Garchomp
|-damage|p2b: Rillaboom|72/100|[from] item: Rocky Helmet|[of] p1a: Garchomp
|move|p2a: Sneasler|Close Combat|p1a: Garchomp
|-damage|p1a: Garchomp|0 fnt
|-unboost|p2a: Sneasler|def|1
|-unboost|p2a: Sneasler|spd|1
|-damage|p2a: Sneasler|88/100|[from] ability: Rough Skin|[of] p1a: Garchomp
|-damage|p2a: Sneasler|72/100|[from] item: Rocky Helmet|[of] p1a: Garchomp
|faint|p1a: Garchomp
|
|-heal|p2a: Sneasler|77/100|[from] Grassy Terrain
|-heal|p2b: Rillaboom|78/100|[from] Grassy Terrain
|upkeep
|inactive|sogreenitslime has 30 seconds left.
|
|t:|1756876649
|switch|p1a: Primarina|Primarina, L50, F|100/100
|turn|2
|
|t:|1756876662
|-terastallize|p1b: Kingambit|Ghost
|move|p1b: Kingambit|Sucker Punch|p2a: Sneasler
|-resisted|p2a: Sneasler
|-damage|p2a: Sneasler|33/100
|move|p2a: Sneasler|Close Combat|p1b: Kingambit
|-immune|p1b: Kingambit
|move|p2b: Rillaboom|Wood Hammer|p1a: Primarina
|-supereffective|p1a: Primarina
|-damage|p1a: Primarina|0 fnt
|faint|p1a: Primarina
|-damage|p2b: Rillaboom|48/100|[from] Recoil
|
|-heal|p2a: Sneasler|39/100|[from] Grassy Terrain
|-heal|p2b: Rillaboom|53/100|[from] Grassy Terrain
|upkeep
|
|t:|1756876675
|switch|p1a: Amoonguss|Amoonguss, L50, M|100/100
|turn|3
|
|t:|1756876691
|move|p2a: Sneasler|Protect|p2a: Sneasler
|-singleturn|p2a: Sneasler|Protect
|move|p1b: Kingambit|Protect|p1b: Kingambit
|-singleturn|p1b: Kingambit|Protect
|move|p2b: Rillaboom|Wood Hammer|p1b: Kingambit
|-activate|p1b: Kingambit|move: Protect
|move|p1a: Amoonguss|Spore|p2a: Sneasler
|-activate|p2a: Sneasler|move: Protect
|
|-heal|p2a: Sneasler|45/100|[from] Grassy Terrain
|-heal|p2b: Rillaboom|59/100|[from] Grassy Terrain
|upkeep
|turn|4
|
|t:|1756876713
|move|p1b: Kingambit|Sucker Punch|p2a: Sneasler
|-resisted|p2a: Sneasler
|-damage|p2a: Sneasler|0 fnt
|faint|p2a: Sneasler
|move|p2b: Rillaboom|High Horsepower|p1a: Amoonguss
|-damage|p1a: Amoonguss|75/100
|move|p1a: Amoonguss|Pollen Puff|p1b: Kingambit
|
|-heal|p2b: Rillaboom|65/100|[from] Grassy Terrain
|-heal|p1a: Amoonguss|81/100|[from] Grassy Terrain
|upkeep
|
|t:|1756876724
|switch|p2a: Gholdengo|Gholdengo, L50, shiny|100/100
|turn|5
|
|t:|1756876735
|-terastallize|p2a: Gholdengo|Water
|move|p1b: Kingambit|Protect|p1b: Kingambit
|-singleturn|p1b: Kingambit|Protect
|move|p2a: Gholdengo|Make It Rain|p1a: Amoonguss|[spread] p1a
|-activate|p1b: Kingambit|move: Protect
|-damage|p1a: Amoonguss|25/100
|-unboost|p2a: Gholdengo|spa|1
|-enditem|p1a: Amoonguss|Sitrus Berry|[eat]
|-heal|p1a: Amoonguss|50/100|[from] item: Sitrus Berry
|move|p2b: Rillaboom|Wood Hammer|p1b: Kingambit
|-activate|p1b: Kingambit|move: Protect
|move|p1a: Amoonguss|Spore|p2a: Gholdengo
|-immune|p2a: Gholdengo|[from] ability: Good as Gold
|
|-heal|p2b: Rillaboom|71/100|[from] Grassy Terrain
|-heal|p1a: Amoonguss|56/100|[from] Grassy Terrain
|-fieldend|move: Grassy Terrain
|upkeep
|turn|6
|inactive|UndeadParadox has 30 seconds left.
|
|t:|1756876769
|move|p1b: Kingambit|Sucker Punch||[still]
|-fail|p1b: Kingambit
|move|p2a: Gholdengo|Nasty Plot|p2a: Gholdengo
|-boost|p2a: Gholdengo|spa|2
|move|p2b: Rillaboom|High Horsepower|p1a: Amoonguss
|-damage|p1a: Amoonguss|29/100
|move|p1a: Amoonguss|Pollen Puff|p1b: Kingambit
|
|upkeep
|turn|7
|inactive|sogreenitslime has 30 seconds left.
|
|t:|1756876800
|move|p1a: Amoonguss|Rage Powder|p1a: Amoonguss
|-singleturn|p1a: Amoonguss|move: Rage Powder
|move|p2a: Gholdengo|Make It Rain|p1a: Amoonguss|[spread] p1a,p1b
|-crit|p1a: Amoonguss
|-damage|p1a: Amoonguss|0 fnt
|-damage|p1b: Kingambit|3/100
|-unboost|p2a: Gholdengo|spa|1
|faint|p1a: Amoonguss
|move|p2b: Rillaboom|Wood Hammer|p1b: Kingambit
|-damage|p1b: Kingambit|0 fnt
|faint|p1b: Kingambit
|-damage|p2b: Rillaboom|70/100|[from] Recoil
|
|win|UndeadParadox
||UndeadParadox is ready for game 2.
||sogreenitslime is ready for game 2.
|uhtml|next|Next: Game 2 of 3
