|j|☆KodeBeast0526
|j|‽Chewe_60111
|html|KodeBeast0526Chewe_60111    
|uhtml|bestof|Game 1 of a best-of-3
|t:|1785633160
|gametype|doubles
|player|p1|KodeBeast0526|hiker|1242
|player|p2|Chewe_60111|265|1172
|gen|9
|tier|[Gen 9 Champions] VGC 2026 Reg M-B (Bo3)
|rated|
|rule|Species Clause: Limit one of each Pokémon
|rule|Item Clause: Limit 1 of each item
|clearpoke
|poke|p1|Aerodactyl, L50, M|
|poke|p1|Kingambit, L50, M|
|poke|p1|Sylveon, L50, M|
|poke|p1|Garchomp, L50, M|
|poke|p1|Charizard, L50, M|
|poke|p1|Farigiraf, L50, F, shiny|
|poke|p2|Corviknight, L50, M|
|poke|p2|Incineroar, L50, M|
|poke|p2|Raichu, L50, M|
|poke|p2|Tyranitar, L50, F|
|poke|p2|Gholdengo, L50|
|poke|p2|Sinistcha-Masterpiece, L50|
|teampreview|4
|showteam|p1|Aerodactyl||Aerodactylite|Unnerve|RockSlide,IceFang,Tailwind,WideGuard|Jolly||M|||50|]Kingambit||FocusSash|Defiant|KowtowCleave,SuckerPunch,IronHead,LowKick|Adamant||M|||50|]Sylveon||FairyFeather|Pixilate|Detect,HyperVoice,HyperBeam,QuickAttack|Modest||M|||50|]Garchomp||LifeOrb|RoughSkin|Earthquake,DragonClaw,StompingTantrum,Protect|Jolly||M|||50|]Charizard||CharizarditeY|Blaze|Protect,HeatWave,SolarBeam,WeatherBall|Modest||M|||50|]Farigiraf||SitrusBerry|ArmorTail|Thunderbolt,PsychicNoise,TrickRoom,HelpingHand|Bold||F|||50|
|showteam|p2|Corviknight||Leftovers|MirrorArmor|Roost,BraveBird,BodyPress,Tailwind|Impish||M|||50|]Incineroar||PasshoBerry|Intimidate|FakeOut,PartingShot,ThroatChop,FlareBlitz|Impish||M|||50|]Raichu||RaichuniteY|LightningRod|FakeOut,ZapCannon,FocusBlast,VoltSwitch|Timid||M|||50|]Tyranitar||Tyranitarite|SandStream|RockSlide,KnockOff,DragonDance,Protect|Adamant||F|||50|]Gholdengo||LifeOrb|GoodasGold|MakeItRain,ShadowBall,NastyPlot,Protect|Modest|||||50|]Sinistcha-Masterpiece||SitrusBerry|Hospitality|MatchaGotcha,RagePowder,LifeDew,TrickRoom|Bold|||||50|
|inactive|Battle timer is ON: inactive players will automatically lose when time's up. (requested by Chewe_60111)
|inactive|Chewe_60111 has 60 seconds left.
|
|t:|1785633238
|teamsize|p1|4
|teamsize|p2|4
|start
|switch|p1a: Farigiraf|Farigiraf, L50, F, shiny|100/100
|switch|p1b: Sylveon|Sylveon, L50, M|100/100
|switch|p2a: Raichu|Raichu, L50, M|100/100
|switch|p2b: Tyranitar|Tyranitar, L50, F|100/100
|-weather|Sandstorm|[from] ability: Sand Stream|[of] p2b: Tyranitar
|turn|1
|inactive|Chewe_60111 has 30 seconds left.
|inactive|Chewe_60111 has 20 seconds left.
|inactive|Chewe_60111 has 15 seconds left.
|inactive|Chewe_60111 has 10 seconds left.
|inactive|Chewe_60111 has 5 seconds left.
|
|t:|1785633288
|detailschange|p2a: Raichu|Raichu-Mega-Y, L50, M
|-mega|p2a: Raichu|Raichu|Raichunite Y
|move|p2a: Raichu|Zap Cannon|p1a: Farigiraf
|-damage|p1a: Farigiraf|33/100
|-status|p1a: Farigiraf|par
|-enditem|p1a: Farigiraf|Sitrus Berry|[eat]
|-heal|p1a: Farigiraf|57/100 par|[from] item: Sitrus Berry
|move|p2b: Tyranitar|Knock Off|p1a: Farigiraf
|-supereffective|p1a: Farigiraf|1
|-damage|p1a: Farigiraf|5/100 par
|move|p1b: Sylveon|Hyper Voice|p2a: Raichu|[spread] p2a,p2b
|-supereffective|p2b: Tyranitar|1
|-damage|p2a: Raichu|24/100
|-damage|p2b: Tyranitar|50/100g
|move|p1a: Farigiraf|Trick Room|p1a: Farigiraf
|-fieldstart|move: Trick Room|[of] p1a: Farigiraf
|
|-weather|Sandstorm|[upkeep]
|-damage|p1a: Farigiraf|0 fnt|[from] Sandstorm
|-damage|p1b: Sylveon|94/100|[from] Sandstorm
|-damage|p2a: Raichu|18/100|[from] Sandstorm
|faint|p1a: Farigiraf
|upkeep
|
|t:|1785633304
|switch|p1a: Kingambit|Kingambit, L50, M|100/100
|turn|2
|
|t:|1785633324
|switch|p2a: Corviknight|Corviknight, L50, M|100/100
|move|p2b: Tyranitar|Protect|p2b: Tyranitar
|-singleturn|p2b: Tyranitar|Protect
|move|p1a: Kingambit|Iron Head|p2b: Tyranitar
|-activate|p2b: Tyranitar|move: Protect
|move|p1b: Sylveon|Hyper Voice|p2b: Tyranitar|[spread] p2a
|-activate|p2b: Tyranitar|move: Protect
|-resisted|p2a: Corviknight|1
|-damage|p2a: Corviknight|81/100
|
|-weather|Sandstorm|[upkeep]
|-damage|p1b: Sylveon|88/100|[from] Sandstorm
|-heal|p2a: Corviknight|87/100|[from] item: Leftovers
|upkeep
|turn|3
|inactive|Chewe_60111 has 30 seconds left.
|
|t:|1785633350
|switch|p2b: Raichu|Raichu-Mega-Y, L50, M|18/100
|move|p1a: Kingambit|Kowtow Cleave|p2a: Corviknight
|-damage|p2a: Corviknight|53/100
|move|p1b: Sylveon|Hyper Voice|p2b: Raichu|[spread] p2a,p2b
|-resisted|p2a: Corviknight|1
|-damage|p2a: Corviknight|32/100
|-damage|p2b: Raichu|0 fnt
|faint|p2b: Raichu
|move|p2a: Corviknight|Body Press|p1a: Kingambit
|-supereffective|p1a: Kingambit|2
|-damage|p1a: Kingambit|31/100
|
|-weather|Sandstorm|[upkeep]
|-damage|p1b: Sylveon|82/100|[from] Sandstorm
|-heal|p2a: Corviknight|39/100|[from] item: Leftovers
|upkeep
|inactive|Chewe_60111 has 30 seconds left.
|
|t:|1785633383
|switch|p2b: Incineroar|Incineroar, L50, M|100/100
|-ability|p2b: Incineroar|Intimidate|boost
|-unboost|p1a: Kingambit|atk|1
|-ability|p1a: Kingambit|Defiant|boost
|-boost|p1a: Kingambit|atk|2
|-unboost|p1b: Sylveon|atk|1
|turn|4
|
|t:|1785633394
|move|p2b: Incineroar|Fake Out|p1a: Kingambit
|-resisted|p1a: Kingambit|1
|-damage|p1a: Kingambit|28/100
|cant|p1a: Kingambit|flinch
|move|p1b: Sylveon|Hyper Voice|p2b: Incineroar|[spread] p2a,p2b
|-resisted|p2a: Corviknight|1
|-damage|p2a: Corviknight|20/100y
|-damage|p2b: Incineroar|61/100
|move|p2a: Corviknight|Roost|p2a: Corviknight
|-heal|p2a: Corviknight|70/100
|-singleturn|p2a: Corviknight|move: Roost
|
|-weather|Sandstorm|[upkeep]
|-damage|p2b: Incineroar|55/100|[from] Sandstorm
|-damage|p1b: Sylveon|76/100|[from] Sandstorm
|-heal|p2a: Corviknight|76/100|[from] item: Leftovers
|upkeep
|turn|5
|inactive|Chewe_60111 has 30 seconds left.
|
|t:|1785633429
|move|p2b: Incineroar|Flare Blitz|p1a: Kingambit
|-supereffective|p1a: Kingambit|1
|-crit|p1a: Kingambit
|-damage|p1a: Kingambit|0 fnt
|faint|p1a: Kingambit
|-damage|p2b: Incineroar|47/100|[from] Recoil
|move|p1b: Sylveon|Hyper Beam|p2a: Corviknight
|-resisted|p2a: Corviknight|1
|-damage|p2a: Corviknight|29/100
|-mustrecharge|p1b: Sylveon
|move|p2a: Corviknight|Tailwind|p2a: Corviknight
|-sidestart|p2: Chewe_60111|move: Tailwind
|
|-weather|none
|-heal|p2a: Corviknight|35/100|[from] item: Leftovers
|-fieldend|move: Trick Room
|upkeep
|
|t:|1785633438
|switch|p1a: Charizard|Charizard, L50, M|100/100
|turn|6
|inactive|Chewe_60111 has 30 seconds left.
|inactive|Chewe_60111 has 20 seconds left.
|
|t:|1785633476
|move|p2a: Corviknight|Brave Bird|p1b: Sylveon
|-damage|p1b: Sylveon|28/100
|-damage|p2a: Corviknight|20/100y|[from] Recoil
|move|p2b: Incineroar|Parting Shot|p1b: Sylveon
|-unboost|p1b: Sylveon|atk|1
|-unboost|p1b: Sylveon|spa|1
|
|t:|1785633484
|switch|p2b: Tyranitar|Tyranitar, L50, F|50/100g|[from] Parting Shot
|-weather|Sandstorm|[from] ability: Sand Stream|[of] p2b: Tyranitar
|move|p1a: Charizard|Heat Wave|p2b: Tyranitar|[spread] p2a,p2b
|-supereffective|p2a: Corviknight|1
|-resisted|p2b: Tyranitar|1
|-damage|p2a: Corviknight|0 fnt
|-damage|p2b: Tyranitar|41/100
|faint|p2a: Corviknight
|cant|p1b: Sylveon|recharge
|
|-weather|Sandstorm|[upkeep]
|-damage|p1a: Charizard|93/100|[from] Sandstorm
|-damage|p1b: Sylveon|22/100|[from] Sandstorm
|upkeep
|
|t:|1785633496
|switch|p2a: Incineroar|Incineroar, L50, M|47/100
|-ability|p2a: Incineroar|Intimidate|boost
|-unboost|p1a: Charizard|atk|1
|-unboost|p1b: Sylveon|atk|1
|turn|7
|inactive|Chewe_60111 has 30 seconds left.
|
|t:|1785633527
|detailschange|p1a: Charizard|Charizard-Mega-Y, L50, M
|-mega|p1a: Charizard|Charizard|Charizardite Y
|-weather|SunnyDay|[from] ability: Drought|[of] p1a: Charizard
|move|p1a: Charizard|Protect|p1a: Charizard
|-singleturn|p1a: Charizard|Protect
|move|p2a: Incineroar|Fake Out|p1b: Sylveon
|-damage|p1b: Sylveon|7/100
|move|p2b: Tyranitar|Rock Slide|p1a: Charizard|[spread] p1b
|-activate|p1a: Charizard|move: Protect
|-damage|p1b: Sylveon|0 fnt
|faint|p1b: Sylveon
|
|-weather|SunnyDay|[upkeep]
|upkeep
|turn|8
|
|t:|1785633546
|move|p2b: Tyranitar|Rock Slide|p1a: Charizard|[miss]
|-miss|p2b: Tyranitar|p1a: Charizard
|move|p2a: Incineroar|Throat Chop|p1a: Charizard
|-damage|p1a: Charizard|61/100
|-start|p1a: Charizard|Throat Chop|[silent]
|move|p1a: Charizard|Solar Beam||[still]
|-prepare|p1a: Charizard|Solar Beam
|-anim|p1a: Charizard|Solar Beam|p2b: Tyranitar
|-supereffective|p2b: Tyranitar|1
|-damage|p2b: Tyranitar|0 fnt
|faint|p2b: Tyranitar
|
|-weather|SunnyDay|[upkeep]
|-sideend|p2: Chewe_60111|move: Tailwind
|upkeep
|turn|9
|
|t:|1785633564
|move|p1a: Charizard|Weather Ball|p2a: Incineroar
|-resisted|p2a: Incineroar|1
|-damage|p2a: Incineroar|13/100
|move|p2a: Incineroar|Throat Chop|p1a: Charizard
|-damage|p1a: Charizard|29/100
|
|-weather|SunnyDay|[upkeep]
|-end|p1a: Charizard|Throat Chop|[silent]
|upkeep
|turn|10
|-message|Chewe_60111 forfeited.
|
|win|KodeBeast0526
||Chewe_60111 is ready for game 2.
