|j|☆lordtentacle69
|j|☆Squ1dge_
|html|lordtentacle69Squ1dge_    
|uhtml|bestof|Game 1 of a best-of-3
|t:|1784694899
|gametype|doubles
|player|p1|lordtentacle69|corbeau|1391
|player|p2|Squ1dge_|170|1500
|gen|9
|tier|[Gen 9 Champions] VGC 2026 Reg M-B (Bo3)
|rated|
|rule|Species Clause: Limit one of each Pokémon
|rule|Item Clause: Limit 1 of each item
|clearpoke
|poke|p1|Delphox, L50, F|
|poke|p1|Incineroar, L50, M|
|poke|p1|Maushold-Four, L50|
|poke|p1|Sinistcha, L50|
|poke|p1|Sneasler, L50, M|
|poke|p1|Blastoise, L50, F|
|poke|p2|Kingambit, L50, M|
|poke|p2|Dragonite, L50, F|
|poke|p2|Basculegion, L50, M|
|poke|p2|Froslass, L50, F|
|poke|p2|Sneasler, L50, M|
|poke|p2|Garchomp, L50, M|
|teampreview|4
|showteam|p1|Delphox||Delphoxite|Blaze|HeatWave,Psychic,NastyPlot,Protect|Timid||F|||50|]Incineroar||SitrusBerry|Intimidate|FakeOut,PartingShot,FlareBlitz,ThroatChop|Impish||M|||50|]Maushold-Four||ChopleBerry|FriendGuard|Feint,HelpingHand,Protect,FollowMe|Impish|||||50|]Sinistcha||KasibBerry|Hospitality|Protect,MatchaGotcha,TrickRoom,RagePowder|Bold|||||50|]Sneasler||FocusSash|PoisonTouch|CloseCombat,PoisonJab,QuickGuard,FakeOut|Adamant||M|||50|]Blastoise||Blastoisinite|RainDish|Protect,WaterSpout,DarkPulse,ShellSmash|Modest||F|||50|
|showteam|p2|Kingambit||BlackGlasses|Defiant|KowtowCleave,SuckerPunch,IronHead,Protect|Adamant||M|||50|]Dragonite||Dragoninite|Multiscale|Flamethrower,Protect,Thunderbolt,DragonPulse|Timid||F|||50|]Basculegion||SitrusBerry|Adaptability|LastRespects,Protect,WaveCrash,AquaJet|Adamant||M|||50|]Froslass||Froslassite|CursedBody|ShadowBall,AuroraVeil,Blizzard,Protect|Modest||F|||50|]Sneasler||WhiteHerb|PoisonTouch|Protect,DireClaw,FakeOut,CloseCombat|Adamant||M|||50|]Garchomp||LifeOrb|RoughSkin|RockSlide,DragonClaw,Protect,Earthquake|Jolly||M|||50|
|
|t:|1784694966
|teamsize|p1|4
|teamsize|p2|4
|start
|switch|p1a: Delphox|Delphox, L50, F|100/100
|switch|p1b: Gochujang|Incineroar, L50, M|100/100
|switch|p2a: Dragonite|Dragonite, L50, F|100/100
|switch|p2b: Garchomp|Garchomp, L50, M|100/100
|-ability|p1b: Gochujang|Intimidate|boost
|-unboost|p2a: Dragonite|atk|1
|-unboost|p2b: Garchomp|atk|1
|turn|1
|
|t:|1784694980
|detailschange|p1a: Delphox|Delphox-Mega, L50, F
|-mega|p1a: Delphox|Delphox|Delphoxite
|detailschange|p2a: Dragonite|Dragonite-Mega, L50, F
|-mega|p2a: Dragonite|Dragonite|Dragoninite
|move|p1b: Gochujang|Fake Out|p2a: Dragonite
|-damage|p2a: Dragonite|94/100
|move|p1a: Delphox|Nasty Plot|p1a: Delphox
|-boost|p1a: Delphox|spa|2
|move|p2b: Garchomp|Earthquake|p1b: Gochujang|[spread] p1b
|-immune|p2a: Dragonite
|-immune|p1a: Delphox|[from] ability: Levitate
|-supereffective|p1b: Gochujang|1
|-damage|p1b: Gochujang|46/100
|-enditem|p1b: Gochujang|Sitrus Berry|[eat]
|-heal|p1b: Gochujang|70/100|[from] item: Sitrus Berry
|-damage|p2b: Garchomp|90/100|[from] item: Life Orb
|cant|p2a: Dragonite|flinch
|
|upkeep
|turn|2
|
|t:|1784695001
|switch|p2b: Kingambit|Kingambit, L50, M|100/100
|move|p2a: Dragonite|Protect|p2a: Dragonite
|-singleturn|p2a: Dragonite|Protect
|move|p1a: Delphox|Psychic|p2b: Kingambit
|-immune|p2b: Kingambit
|move|p1b: Gochujang|Parting Shot|p2a: Dragonite
|-activate|p2a: Dragonite|move: Protect
|
|upkeep
|turn|3
|
|t:|1784695018
|move|p1a: Delphox|Protect|p1a: Delphox
|-singleturn|p1a: Delphox|Protect
|move|p2a: Dragonite|Dragon Pulse|p1a: Delphox
|-activate|p1a: Delphox|move: Protect
|move|p1b: Gochujang|Parting Shot|p2a: Dragonite
|-unboost|p2a: Dragonite|atk|1
|-unboost|p2a: Dragonite|spa|1
|
|t:|1784695030
|switch|p1b: Sarahn's OC|Sneasler, L50, M|100/100|[from] Parting Shot
|move|p2b: Kingambit|Kowtow Cleave|p1b: Sarahn's OC
|-resisted|p1b: Sarahn's OC|1
|-damage|p1b: Sarahn's OC|50/100g
|
|upkeep
|turn|4
|
|t:|1784695056
|move|p2a: Dragonite|Protect|p2a: Dragonite
|-singleturn|p2a: Dragonite|Protect
|move|p2b: Kingambit|Protect|p2b: Kingambit
|-singleturn|p2b: Kingambit|Protect
|move|p1b: Sarahn's OC|Fake Out|p2b: Kingambit
|-activate|p2b: Kingambit|move: Protect
|move|p1a: Delphox|Nasty Plot|p1a: Delphox
|-boost|p1a: Delphox|spa|2
|
|upkeep
|turn|5
|
|t:|1784695074
|move|p1b: Sarahn's OC|Quick Guard|p1b: Sarahn's OC
|-singleturn|p1b: Sarahn's OC|Quick Guard
|move|p1a: Delphox|Heat Wave|p2a: Dragonite|[spread] p2a,p2b
|-resisted|p2a: Dragonite|1
|-supereffective|p2b: Kingambit|1
|-damage|p2a: Dragonite|51/100
|-damage|p2b: Kingambit|0 fnt
|faint|p2b: Kingambit
|move|p2a: Dragonite|Dragon Pulse|p1b: Sarahn's OC
|-damage|p1b: Sarahn's OC|5/100
|
|upkeep
|
|t:|1784695082
|switch|p2b: Basculegion|Basculegion, L50, M|100/100
|turn|6
|
|t:|1784695100
|move|p1a: Delphox|Protect|p1a: Delphox
|-singleturn|p1a: Delphox|Protect
|move|p2b: Basculegion|Protect|p2b: Basculegion
|-singleturn|p2b: Basculegion|Protect
|move|p1b: Sarahn's OC|Poison Jab|p2a: Dragonite
|-damage|p2a: Dragonite|8/100
|-status|p2a: Dragonite|psn
|move|p2a: Dragonite|Dragon Pulse|p1a: Delphox
|-activate|p1a: Delphox|move: Protect
|
|-damage|p2a: Dragonite|0 fnt|[from] psn
|faint|p2a: Dragonite
|upkeep
|
|t:|1784695104
|switch|p2a: Garchomp|Garchomp, L50, M|90/100
|turn|7
|
|t:|1784695115
|move|p1b: Sarahn's OC|Quick Guard|p1b: Sarahn's OC
|-singleturn|p1b: Sarahn's OC|Quick Guard
|move|p1a: Delphox|Psychic|p2b: Basculegion
|-damage|p2b: Basculegion|0 fnt
|faint|p2b: Basculegion
|move|p2a: Garchomp|Rock Slide|p1b: Sarahn's OC|[spread] p1a,p1b
|-supereffective|p1a: Delphox|1
|-resisted|p1b: Sarahn's OC|1
|-crit|p1b: Sarahn's OC
|-damage|p1a: Delphox|46/100
|-damage|p1b: Sarahn's OC|0 fnt
|faint|p1b: Sarahn's OC
|-damage|p2a: Garchomp|80/100|[from] item: Life Orb
|
|upkeep
|
|t:|1784695123
|switch|p1b: Gochujang|Incineroar, L50, M|70/100
|-ability|p1b: Gochujang|Intimidate|boost
|-unboost|p2a: Garchomp|atk|1
|turn|8
|-message|Squ1dge_ forfeited.
|
|win|lordtentacle69
||lordtentacle69 is ready for game 2.
||Squ1dge_ is ready for game 2.
|uhtml|next|Next: Game 2 of 3
