|j|☆RUSH-PANG
|j|☆Harry Hard TR
|html|RUSH-PANGHarry Hard TR    
|uhtml|bestof|Game 1 of a best-of-3
|t:|1785474043
|gametype|doubles
|player|p1|RUSH-PANG|2|1164
|player|p2|Harry Hard TR|lass-gen8|1172
|gen|9
|tier|[Gen 9 Champions] VGC 2026 Reg M-B (Bo3)
|rated|
|rule|Species Clause: Limit one of each Pokémon
|rule|Item Clause: Limit 1 of each item
|clearpoke
|poke|p1|Chandelure, L50, M|
|poke|p1|Hawlucha, L50, M|
|poke|p1|Sinistcha, L50|
|poke|p1|Incineroar, L50, F|
|poke|p1|Snorlax, L50, F|
|poke|p1|Primarina, L50, M|
|poke|p2|Gardevoir, L50, F|
|poke|p2|Meowstic, L50, M|
|poke|p2|Archaludon, L50, M|
|poke|p2|Pelipper, L50, F|
|poke|p2|Zoroark-Hisui, L50, M|
|poke|p2|Swampert, L50, M|
|teampreview|4
|showteam|p1|Chandelure||Chandelurite|Infiltrator|Protect,EnergyBall,ShadowBall,HeatWave|Modest||M|||50|]Hawlucha||Hawluchanite|Limber|Entrainment,BraveBird,CloseCombat,Detect|Jolly||M|||50|]Sinistcha||FocusSash|Hospitality|RagePowder,MatchaGotcha,TrickRoom,Protect|Modest|||||50|]Incineroar||SitrusBerry|Intimidate|FakeOut,PartingShot,DarkestLariat,FlareBlitz|Adamant||F|||50|]Snorlax||Leftovers|ThickFat|Stockpile,Protect,Fissure,BodyPress|Relaxed||F|||50|]Primarina||LifeOrb|LiquidVoice|HyperVoice,Moonblast,Protect,IceBeam|Modest||M|||50|
|showteam|p2|Gardevoir||Gardevoirite|Synchronize|Protect,HyperVoice,ExpandingForce,AuraSphere|Modest||F|||50|]Meowstic||LightClay|Prankster|PsychicNoise,PsychicTerrain,LightScreen,Reflect|Bold||M|||50|]Archaludon||Leftovers|Stamina|Protect,DragonPulse,FlashCannon,ElectroShot|Calm||M|||50|]Pelipper||SitrusBerry|Drizzle|WideGuard,WeatherBall,Hurricane,Tailwind|Bold||F|||50|]Zoroark-Hisui||FocusSash|Illusion|Protect,BitterMalice,IcyWind,Taunt|Timid||M|||50|]Swampert||Swampertite|Torrent|Protect,WaveCrash,Earthquake,IcePunch|Adamant||M|||50|
|c|☆RUSH-PANG|ts not tr sonion
|c|☆Harry Hard TR|mb
|c|☆RUSH-PANG|you should change ur name to
|c|☆RUSH-PANG|ronald running rain
|c|☆RUSH-PANG|trust
|
|t:|1785474144
|teamsize|p1|4
|teamsize|p2|4
|start
|switch|p1a: Hawlucha|Hawlucha, L50, M|100/100
|switch|p1b: Snorlax|Snorlax, L50, F|100/100
|switch|p2a: Gardevoir|Gardevoir, L50, F|100/100
|switch|p2b: Meowstic|Meowstic, L50, M|100/100
|turn|1
|
|t:|1785474171
|detailschange|p1a: Hawlucha|Hawlucha-Mega, L50, M
|-mega|p1a: Hawlucha|Hawlucha|Hawluchanite
|move|p2a: Gardevoir|Protect|p2a: Gardevoir
|-singleturn|p2a: Gardevoir|Protect
|move|p1a: Hawlucha|Entrainment|p1b: Snorlax
|-ability|p1b: Snorlax|No Guard|Thick Fat|[from] move: Entrainment|[of] p1a: Hawlucha
|move|p2b: Meowstic|Icy Wind|p1b: Snorlax|[spread] p1a,p1b
|-supereffective|p1a: Hawlucha|1
|-damage|p1a: Hawlucha|68/100
|-damage|p1b: Snorlax|91/100
|-unboost|p1a: Hawlucha|spe|1
|-unboost|p1b: Snorlax|spe|1
|move|p1b: Snorlax|Fissure|p2a: Gardevoir
|-activate|p2a: Gardevoir|move: Protect
|
|-heal|p1b: Snorlax|97/100|[from] item: Leftovers
|upkeep
|turn|2
|
|t:|1785474206
|switch|p1a: Incineroar|Incineroar, L50, F|100/100
|-ability|p1a: Incineroar|Intimidate|boost
|-unboost|p2a: Gardevoir|atk|1
|-unboost|p2b: Meowstic|atk|1
|detailschange|p2a: Gardevoir|Gardevoir-Mega, L50, F
|-mega|p2a: Gardevoir|Gardevoir|Gardevoirite
|move|p1b: Snorlax|Protect|p1b: Snorlax
|-singleturn|p1b: Snorlax|Protect
|move|p2b: Meowstic|Bitter Malice|p1a: Incineroar
|-resisted|p1a: Incineroar|1
|-damage|p1a: Incineroar|83/100
|-unboost|p1a: Incineroar|atk|1
|move|p2a: Gardevoir|Aura Sphere|p1b: Snorlax
|-activate|p1b: Snorlax|move: Protect
|
|-heal|p1b: Snorlax|100/100|[from] item: Leftovers
|upkeep
|turn|3
|
|t:|1785474240
|switch|p2a: Pelipper|Pelipper, L50, F|100/100
|-weather|RainDance|[from] ability: Drizzle|[of] p2a: Pelipper
|move|p2b: Meowstic|Taunt|p1b: Snorlax
|-start|p1b: Snorlax|move: Taunt
|move|p1a: Incineroar|Darkest Lariat|p2b: Meowstic
|-supereffective|p2b: Meowstic|1
|-enditem|p2b: Meowstic|Focus Sash
|-damage|p2b: Meowstic|1/100
|replace|p2b: Zoroark|Zoroark-Hisui, L50, M
|-end|p2b: Zoroark|Illusion
|move|p1b: Snorlax|Fissure|p2a: Pelipper
|-immune|p2a: Pelipper
|
|-weather|RainDance|[upkeep]
|upkeep
|turn|4
|
|t:|1785474266
|move|p2b: Zoroark|Taunt|p1a: Incineroar
|-start|p1a: Incineroar|move: Taunt
|move|p2a: Pelipper|Tailwind|p2a: Pelipper
|-sidestart|p2: Harry Hard TR|move: Tailwind
|move|p1a: Incineroar|Darkest Lariat|p2a: Pelipper
|-damage|p2a: Pelipper|72/100
|move|p1b: Snorlax|Fissure|p2b: Zoroark
|-damage|p2b: Zoroark|0 fnt
|faint|p2b: Zoroark
|-ohko
|
|-weather|RainDance|[upkeep]
|upkeep
|
|t:|1785474274
|switch|p2b: Meowstic|Meowstic, L50, M|100/100
|turn|5
|
|t:|1785474313
|move|p2b: Meowstic|Psychic Terrain|p2b: Meowstic
|-fieldstart|move: Psychic Terrain
|move|p2a: Pelipper|Weather Ball|p1a: Incineroar
|-supereffective|p1a: Incineroar|1
|-damage|p1a: Incineroar|1/100
|-enditem|p1a: Incineroar|Sitrus Berry|[eat]
|-heal|p1a: Incineroar|26/100|[from] item: Sitrus Berry
|move|p1a: Incineroar|Darkest Lariat|p2a: Pelipper
|-damage|p2a: Pelipper|45/100
|-enditem|p2a: Pelipper|Sitrus Berry|[eat]
|-heal|p2a: Pelipper|69/100|[from] item: Sitrus Berry
|move|p1b: Snorlax|Fissure|p2b: Meowstic
|-damage|p2b: Meowstic|0 fnt
|faint|p2b: Meowstic
|-ohko
|
|-weather|RainDance|[upkeep]
|-end|p1b: Snorlax|move: Taunt
|upkeep
|
|t:|1785474321
|switch|p2b: Gardevoir|Gardevoir-Mega, L50, F|100/100
|turn|6
|
|t:|1785474342
|move|p2b: Gardevoir|Protect|p2b: Gardevoir
|-singleturn|p2b: Gardevoir|Protect
|move|p2a: Pelipper|Weather Ball|p1b: Snorlax
|-damage|p1b: Snorlax|71/100
|move|p1a: Incineroar|Darkest Lariat|p2a: Pelipper
|-damage|p2a: Pelipper|43/100
|move|p1b: Snorlax|Fissure|p2b: Gardevoir
|-activate|p2b: Gardevoir|move: Protect
|
|-weather|RainDance|[upkeep]
|-heal|p1b: Snorlax|77/100|[from] item: Leftovers
|-end|p1a: Incineroar|move: Taunt
|upkeep
|turn|7
|
|t:|1785474357
|move|p2b: Gardevoir|Expanding Force|p1b: Snorlax|[spread] p1b
|-immune|p1a: Incineroar
|-damage|p1b: Snorlax|28/100
|move|p2a: Pelipper|Weather Ball|p1a: Incineroar
|-supereffective|p1a: Incineroar|1
|-damage|p1a: Incineroar|0 fnt
|faint|p1a: Incineroar
|move|p1b: Snorlax|Fissure|p2b: Gardevoir
|-damage|p2b: Gardevoir|0 fnt
|faint|p2b: Gardevoir
|-ohko
|
|-weather|none
|-heal|p1b: Snorlax|34/100|[from] item: Leftovers
|-sideend|p2: Harry Hard TR|move: Tailwind
|upkeep
|
|t:|1785474372
|switch|p1a: Sinistcha|Sinistcha, L50|100/100
|-heal|p1b: Snorlax|58/100|[from] ability: Hospitality|[of] p1a: Sinistcha
|turn|8
|
|t:|1785474377
|move|p1a: Sinistcha|Matcha Gotcha|p2a: Pelipper
|-damage|p2a: Pelipper|6/100
|move|p2a: Pelipper|Hurricane|p1a: Sinistcha
|-supereffective|p1a: Sinistcha|1
|-damage|p1a: Sinistcha|32/100
|move|p1b: Snorlax|Body Press|p2a: Pelipper
|-resisted|p2a: Pelipper|1
|-damage|p2a: Pelipper|0 fnt
|faint|p2a: Pelipper
|
|win|RUSH-PANG
