|j|☆vilan333
|j|☆jibbers
|html|vilan333jibbers    
|uhtml|bestof|Game 1 of a best-of-3
|t:|1786044228
|gametype|doubles
|player|p1|vilan333|marshal|1326
|player|p2|jibbers|102|1234
|gen|9
|tier|[Gen 9 Champions] VGC 2026 Reg M-B (Bo3)
|rated|
|rule|Species Clause: Limit one of each Pokémon
|rule|Item Clause: Limit 1 of each item
|clearpoke
|poke|p1|Tyranitar, L50, M, shiny|
|poke|p1|Excadrill, L50, F, shiny|
|poke|p1|Floette-Eternal, L50, F|
|poke|p1|Whimsicott, L50, M|
|poke|p1|Incineroar, L50, M|
|poke|p1|Sinistcha, L50|
|poke|p2|Delphox, L50, M|
|poke|p2|Whimsicott, L50, F|
|poke|p2|Glimmora, L50, F|
|poke|p2|Garchomp, L50, M|
|poke|p2|Sinistcha, L50|
|poke|p2|Blastoise, L50, F|
|teampreview|4
|showteam|p1|Tyranitar||FocusSash|SandStream|Protect,RockSlide,KnockOff,LowKick|Adamant||M|||50|]Excadrill||LifeOrb|SandRush|RockSlide,Protect,IronHead,Earthquake|Adamant||F|||50|]Floette-Eternal||Floettite|FlowerVeil|Protect,Moonblast,DazzlingGleam,CalmMind|Modest||F|||50|]Whimsicott||OccaBerry|Prankster|Moonblast,Encore,Tailwind,Protect|Calm||M|||50|]Incineroar||SitrusBerry|Intimidate|PartingShot,FakeOut,FlareBlitz,HelpingHand|Adamant||M|||50|]Sinistcha||Leftovers|Hospitality|ShadowBall,RagePowder,TrickRoom,Protect|Calm|||||50|
|showteam|p2|Delphox||Delphoxite|Blaze|HeatWave,Psychic,Substitute,Protect|Modest||M|||50|]Whimsicott||OccaBerry|Prankster|Tailwind,FakeTears,Protect,Moonblast|Timid||F|||50|]Glimmora||FocusSash|ToxicDebris|SludgeBomb,EarthPower,PowerGem,SpikyShield|Modest||F|||50|]Garchomp||LifeOrb|RoughSkin|DragonClaw,Earthquake,RockSlide,Protect|Jolly||M|||50|]Sinistcha||KasibBerry|Hospitality|RagePowder,TrickRoom,LifeDew,MatchaGotcha|Bold|||||50|]Blastoise||Blastoisinite|RainDish|AuraSphere,DarkPulse,WaterSpout,Protect|Timid||F|||50|
|inactive|Battle timer is ON: inactive players will automatically lose when time's up. (requested by jibbers)
|l|☆vilan333
|inactive|vilan333 disconnected and has a minute to reconnect!
|player|p1|
|j|☆vilan333
|inactive|vilan333 reconnected and has 85 seconds left.
|player|p1|vilan333|marshal|
|inactive|vilan333 has 60 seconds left.
|l|☆vilan333
|inactive|vilan333 disconnected and has a minute to reconnect!
|player|p1|
|j|☆vilan333
|inactive|vilan333 reconnected and has 55 seconds left.
|player|p1|vilan333|marshal|
|
|t:|1786044286
|teamsize|p1|4
|teamsize|p2|4
|start
|switch|p1a: Excadrill|Excadrill, L50, F, shiny|100/100
|switch|p1b: Sinistcha|Sinistcha, L50|100/100
|switch|p2a: Whimsicott|Whimsicott, L50, F|100/100
|switch|p2b: Glimmora|Glimmora, L50, F|100/100
|turn|1
|
|t:|1786044308
|move|p2a: Whimsicott|Fake Tears|p1b: Sinistcha
|-unboost|p1b: Sinistcha|spd|2
|move|p1a: Excadrill|Iron Head|p2a: Whimsicott
|-supereffective|p2a: Whimsicott|1
|-damage|p2a: Whimsicott|0 fnt
|faint|p2a: Whimsicott
|-damage|p1a: Excadrill|90/100|[from] item: Life Orb
|move|p2b: Glimmora|Sludge Bomb|p1b: Sinistcha
|-damage|p1b: Sinistcha|12/100
|move|p1b: Sinistcha|Shadow Ball|p2b: Glimmora
|-damage|p2b: Glimmora|55/100
|-unboost|p2b: Glimmora|spd|1
|
|-heal|p1b: Sinistcha|19/100|[from] item: Leftovers
|upkeep
|
|t:|1786044324
|switch|p2a: Blastoise|Blastoise, L50, F|100/100
|turn|2
|
|t:|1786044332
|switch|p1b: Tyranitar|Tyranitar, L50, M, shiny|100/100
|-weather|Sandstorm|[from] ability: Sand Stream|[of] p1b: Tyranitar
|detailschange|p2a: Blastoise|Blastoise-Mega, L50, F
|-mega|p2a: Blastoise|Blastoise|Blastoisinite
|move|p1a: Excadrill|Rock Slide|p2b: Glimmora|[spread] p2a,p2b
|-damage|p2a: Blastoise|72/100
|-damage|p2b: Glimmora|18/100
|-activate|p2b: Glimmora|ability: Toxic Debris
|-sidestart|p1: vilan333|move: Toxic Spikes
|-damage|p1a: Excadrill|80/100|[from] item: Life Orb
|cant|p2a: Blastoise|flinch
|move|p2b: Glimmora|Earth Power|p1a: Excadrill
|-supereffective|p1a: Excadrill|1
|-damage|p1a: Excadrill|0 fnt
|faint|p1a: Excadrill
|
|-weather|Sandstorm|[upkeep]
|-damage|p2a: Blastoise|66/100|[from] Sandstorm
|upkeep
|
|t:|1786044354
|switch|p1a: Floette|Floette-Eternal, L50, F|100/100
|-status|p1a: Floette|psn
|turn|3
|l|☆vilan333
|inactive|vilan333 disconnected and has a minute to reconnect!
|player|p1|
|j|☆vilan333
|inactive|vilan333 reconnected and has 40 seconds left.
|player|p1|vilan333|marshal|
|inactive|vilan333 has 30 seconds left.
|
|t:|1786044379
|detailschange|p1a: Floette|Floette-Mega, L50, F
|-mega|p1a: Floette|Floette|Floettite
|-ability|p1a: Floette|Fairy Aura
|move|p1a: Floette|Moonblast|p2a: Blastoise
|-damage|p2a: Blastoise|0 fnt
|faint|p2a: Blastoise
|move|p2b: Glimmora|Sludge Bomb|p1a: Floette
|-supereffective|p1a: Floette|1
|-damage|p1a: Floette|26/100 psn
|move|p1b: Tyranitar|Rock Slide|p2b: Glimmora
|-damage|p2b: Glimmora|0 fnt
|-activate|p2b: Glimmora|ability: Toxic Debris
|-sidestart|p1: vilan333|move: Toxic Spikes
|faint|p2b: Glimmora
|
|-weather|Sandstorm|[upkeep]
|-damage|p1a: Floette|21/100 psn|[from] Sandstorm
|-damage|p1a: Floette|9/100 psn|[from] psn
|upkeep
|
|t:|1786044385
|switch|p2b: Garchomp|Garchomp, L50, M|100/100
|turn|4
|
|t:|1786044406
|move|p2b: Garchomp|Earthquake|p1a: Floette|[spread] p1a,p1b
|-crit|p1a: Floette
|-supereffective|p1b: Tyranitar|1
|-damage|p1a: Floette|0 fnt
|-damage|p1b: Tyranitar|9/100
|faint|p1a: Floette
|-damage|p2b: Garchomp|90/100|[from] item: Life Orb
|move|p1b: Tyranitar|Knock Off|p2b: Garchomp
|-damage|p2b: Garchomp|36/100
|-damage|p1b: Tyranitar|0 fnt|[from] ability: Rough Skin|[of] p2b: Garchomp
|-enditem|p2b: Garchomp|Life Orb|[from] move: Knock Off|[of] p1b: Tyranitar
|faint|p1b: Tyranitar
|
|-weather|Sandstorm|[upkeep]
|upkeep
|
|t:|1786044421
|switch|p1a: Sinistcha|Sinistcha, L50|19/100
|-status|p1a: Sinistcha|tox
|turn|5
|
|t:|1786044428
|move|p2b: Garchomp|Dragon Claw|p1a: Sinistcha
|-damage|p1a: Sinistcha|0 fnt
|faint|p1a: Sinistcha
|
|win|jibbers
||jibbers is ready for game 2.
|inactive|vilan333 has 30 seconds to confirm battle start!
