|j|☆fou jedi jedi
|j|☆nyakugan
|html|fou jedi jedinyakugan    
|uhtml|bestof|Game 1 of a best-of-3
|t:|1784741941
|gametype|doubles
|player|p1|fou jedi jedi|koga|
|player|p2|nyakugan|2|
|gen|9
|tier|[Gen 9 Champions] VGC 2026 Reg M-B (Bo3)
|rule|Species Clause: Limit one of each Pokémon
|rule|Item Clause: Limit 1 of each item
|clearpoke
|poke|p1|Gengar, L50, M, shiny|
|poke|p1|Tinkaton, L50, F|
|poke|p1|Incineroar, L50, M, shiny|
|poke|p1|Kingambit, L50, F, shiny|
|poke|p1|Annihilape, L50, M, shiny|
|poke|p1|Altaria, L50, M|
|poke|p2|Annihilape, L50, M|
|poke|p2|Maushold, L50|
|poke|p2|Glimmora, L50, M|
|poke|p2|Ninetales-Alola, L50, F|
|poke|p2|Primarina, L50, M|
|poke|p2|Kingambit, L50, F|
|teampreview|4
|showteam|p1|Gengar||Gengarite|CursedBody|ShadowBall,Disable,PerishSong,Protect|Timid||M|||50|]Tinkaton||ShucaBerry|MoldBreaker|GigatonHammer,FakeOut,Encore,Protect|Jolly||F|||50|]Incineroar||PasshoBerry|Intimidate|PartingShot,Protect,FlareBlitz,FakeOut|Relaxed||M|||50|]Kingambit||BlackGlasses|Defiant|KowtowCleave,SuckerPunch,SwordsDance,Protect|Adamant||F|||50|]Annihilape||ChoiceScarf|Defiant|CloseCombat,PhantomForce,IcePunch,Uturn|Adamant||M|||50|]Altaria||Leftovers|CloudNine|FireSpin,PerishSong,WillOWisp,Protect|Bold||M|||50|
|showteam|p2|Annihilape||Leftovers|Defiant|RageFist,DrainPunch,BulkUp,Protect|Adamant||M|||50|]Maushold||ChopleBerry|FriendGuard|BeatUp,Feint,FollowMe,Protect|Bold|||||50|]Glimmora||Glimmoranite|ToxicDebris|SludgeBomb,PowerGem,EarthPower,SpikyShield|Timid||M|||50|]Ninetales-Alola||NeverMeltIce|SnowWarning|Blizzard,FreezeDry,AuroraVeil,Protect|Timid||F|||50|]Primarina||LifeOrb|LiquidVoice|Moonblast,HyperVoice,DazzlingGleam,Protect|Modest||M|||50|]Kingambit||FocusSash|Defiant|KowtowCleave,IronHead,SuckerPunch,Protect|Adamant||F|||50|
|c|☆nyakugan|glhf
|c|☆fou jedi jedi|u2
|inactive|Battle timer is ON: inactive players will automatically lose when time's up. (requested by fou jedi jedi)
|inactive|fou jedi jedi has 60 seconds left.
|inactive|nyakugan has 60 seconds left.
|
|t:|1784741986
|teamsize|p1|4
|teamsize|p2|4
|start
|switch|p1a: Gengar|Gengar, L50, M, shiny|100/100
|switch|p1b: Annihilape|Annihilape, L50, M, shiny|100/100
|switch|p2a: Annihilape|Annihilape, L50, M|100/100
|switch|p2b: Maushold|Maushold, L50|100/100
|turn|1
|inactive|fou jedi jedi has 30 seconds left.
|inactive|fou jedi jedi has 20 seconds left.
|inactive|fou jedi jedi has 15 seconds left.
|inactive|fou jedi jedi has 10 seconds left.
|
|t:|1784742032
|detailschange|p1a: Gengar|Gengar-Mega, L50, M, shiny
|-mega|p1a: Gengar|Gengar|Gengarite
|move|p2b: Maushold|Protect|p2b: Maushold
|-singleturn|p2b: Maushold|Protect
|move|p1b: Annihilape|U-turn|p2b: Maushold
|-activate|p2b: Maushold|move: Protect
|move|p1a: Gengar|Perish Song|p1a: Gengar
|-start|p1a: Gengar|perish3|[silent]
|-start|p1b: Annihilape|perish3|[silent]
|-start|p2a: Annihilape|perish3|[silent]
|-start|p2b: Maushold|perish3|[silent]
|-fieldactivate|move: Perish Song
|move|p2a: Annihilape|Bulk Up|p2a: Annihilape
|-boost|p2a: Annihilape|atk|1
|-boost|p2a: Annihilape|def|1
|
|-start|p1b: Annihilape|perish3
|-start|p1a: Gengar|perish3
|-start|p2b: Maushold|perish3
|-start|p2a: Annihilape|perish3
|upkeep
|turn|2
|inactive|nyakugan has 30 seconds left.
|inactive|nyakugan has 20 seconds left.
|
|t:|1784742068
|switch|p1b: Tinkaton|Tinkaton, L50, F|100/100
|-ability|p1b: Tinkaton|Mold Breaker
|move|p1a: Gengar|Protect|p1a: Gengar
|-singleturn|p1a: Gengar|Protect
|move|p2b: Maushold|Beat Up|p2a: Annihilape
|-damage|p2a: Annihilape|98/100
|-damage|p2a: Annihilape|97/100
|-damage|p2a: Annihilape|96/100
|-damage|p2a: Annihilape|95/100
|-hitcount|p2a: Annihilape|4
|move|p2a: Annihilape|Rage Fist|p1b: Tinkaton
|-damage|p1b: Tinkaton|0 fnt
|faint|p1b: Tinkaton
|
|-heal|p2a: Annihilape|100/100|[from] item: Leftovers
|-start|p1a: Gengar|perish2
|-start|p2b: Maushold|perish2
|-start|p2a: Annihilape|perish2
|upkeep
|
|t:|1784742080
|switch|p1b: Annihilape|Annihilape, L50, M, shiny|100/100
|turn|3
|inactive|fou jedi jedi has 30 seconds left.
|
|t:|1784742106
|move|p2b: Maushold|Follow Me|p2b: Maushold
|-singleturn|p2b: Maushold|move: Follow Me
|move|p1b: Annihilape|U-turn|p2b: Maushold
|-damage|p2b: Maushold|76/100
|
|t:|1784742109
|switch|p1b: Altaria|Altaria, L50, M|100/100|[from] U-turn
|-ability|p1b: Altaria|Cloud Nine
|move|p1a: Gengar|Disable|p2b: Maushold
|-start|p2b: Maushold|Disable|Follow Me
|move|p2a: Annihilape|Rage Fist|p1b: Altaria
|-damage|p1b: Altaria|0 fnt
|faint|p1b: Altaria
|
|-start|p1a: Gengar|perish1
|-start|p2b: Maushold|perish1
|-start|p2a: Annihilape|perish1
|upkeep
|
|t:|1784742111
|switch|p1b: Annihilape|Annihilape, L50, M, shiny|100/100
|turn|4
|inactive|nyakugan has 30 seconds left.
|inactive|nyakugan has 20 seconds left.
|inactive|nyakugan has 15 seconds left.
|
|t:|1784742153
|switch|p2a: Glimmora|Glimmora, L50, M|100/100
|move|p1b: Annihilape|Close Combat|p2b: Maushold
|-supereffective|p2b: Maushold|1
|-enditem|p2b: Maushold|Chople Berry|[eat]
|-enditem|p2b: Maushold|Chople Berry|[weaken]
|-damage|p2b: Maushold|12/100
|-unboost|p1b: Annihilape|def|1
|-unboost|p1b: Annihilape|spd|1
|move|p1a: Gengar|Shadow Ball|p2a: Glimmora
|-damage|p2a: Glimmora|54/100
|move|p2b: Maushold|Beat Up|p1a: Gengar
|-supereffective|p1a: Gengar|1
|-damage|p1a: Gengar|95/100
|-supereffective|p1a: Gengar|1
|-damage|p1a: Gengar|89/100
|-supereffective|p1a: Gengar|1
|-damage|p1a: Gengar|82/100
|-supereffective|p1a: Gengar|1
|-damage|p1a: Gengar|74/100
|-hitcount|p1a: Gengar|4
|
|-start|p1a: Gengar|perish0
|-start|p2b: Maushold|perish0
|upkeep
|faint|p1a: Gengar
|faint|p2b: Maushold
|
|t:|1784742168
|switch|p2b: Kingambit|Kingambit, L50, F|100/100
|turn|5
|
|t:|1784742179
|detailschange|p2a: Glimmora|Glimmora-Mega, L50, M
|-mega|p2a: Glimmora|Glimmora|Glimmoranite
|move|p1b: Annihilape|Close Combat|p2b: Kingambit
|-supereffective|p2b: Kingambit|2
|-enditem|p2b: Kingambit|Focus Sash
|-damage|p2b: Kingambit|1/100
|-unboost|p1b: Annihilape|def|1
|-unboost|p1b: Annihilape|spd|1
|move|p2a: Glimmora|Earth Power|p1b: Annihilape
|-crit|p1b: Annihilape
|-damage|p1b: Annihilape|0 fnt
|faint|p1b: Annihilape
|
|win|nyakugan
||fou jedi jedi is ready for game 2.
||nyakugan is ready for game 2.
|uhtml|next|Next: Game 2 of 3
