|j|‽Felon74
|j|☆JakAttack101
|html|Felon74JakAttack101    
|uhtml|bestof|Game 1 of a best-of-3
|t:|1756500558
|gametype|doubles
|player|p1|Felon74|crasherwake|1114
|player|p2|JakAttack101|blaine|1038
|gen|9
|tier|[Gen 9] VGC 2025 Reg H (Bo3)
|rated|
|rule|Species Clause: Limit one of each Pokémon
|rule|Item Clause: Limit 1 of each item
|clearpoke
|poke|p1|Kingambit, L50, M|
|poke|p1|Rillaboom, L50, F|
|poke|p1|Electabuzz, L50, M|
|poke|p1|Blaziken, L50, F|
|poke|p1|Dragapult, L50, F|
|poke|p1|Primarina, L50, F|
|poke|p2|Annihilape, L50, M|
|poke|p2|Ninetales-Alola, L50, M|
|poke|p2|Garchomp, L50, F|
|poke|p2|Dragonite, L50, M|
|poke|p2|Sneasler, L50, M|
|poke|p2|Incineroar, L50, F|
|teampreview|4
|showteam|p1|Kingambit||AssaultVest|Defiant|KowtowCleave,IronHead,SuckerPunch,LowKick|||M|||50|,,,,,Fire]Rillaboom||MiracleSeed|GrassySurge|WoodHammer,GrassyGlide,Uturn,FakeOut|||F|||50|,,,,,Fire]Electabuzz||Eviolite|VitalSpirit|Thunderbolt,FollowMe,Taunt,Protect|||M|||50|,,,,,Dark]Blaziken||FocusSash|SpeedBoost|CloseCombat,FlareBlitz,Coaching,Protect|||F|||50|,,,,,Stellar]Dragapult||ChoiceBand|ClearBody|DragonDarts,PhantomForce,TeraBlast,Uturn|||F|||50|,,,,,Ghost]Primarina||SitrusBerry|LiquidVoice|HyperVoice,Moonblast,Haze,Protect|||F|||50|,,,,,Steel
|showteam|p2|Annihilape||AssaultVest|Defiant|RageFist,DrainPunch,RockTomb,FinalGambit|||M|||50|,,,,,Fire]Ninetales-Alola||ChoiceSpecs|SnowWarning|Blizzard,Moonblast,FreezeDry,IcyWind|||M|||50|,,,,,Ghost]Garchomp||LifeOrb|RoughSkin|Earthquake,StompingTantrum,DragonClaw,Protect|||F|||50|,,,,,Steel]Dragonite||LoadedDice|Multiscale|ScaleShot,Tailwind,Protect,Haze|||M|||50|,,,,,Fairy]Sneasler||FocusSash|Unburden|CloseCombat,DireClaw,FakeOut,Coaching|||M|||50|,,,,,Ghost]Incineroar||SafetyGoggles|Intimidate|KnockOff,Taunt,FakeOut,PartingShot|||F|||50|,,,,,Fairy
|inactive|Battle timer is ON: inactive players will automatically lose when time's up. (requested by JakAttack101)
|inactive|Felon74 has 60 seconds left.
|
|t:|1756500647
|teamsize|p1|4
|teamsize|p2|4
|start
|switch|p1a: Blaziken|Blaziken, L50, F|100/100
|switch|p1b: Kingambit|Kingambit, L50, M|100/100
|switch|p2a: Ninetales|Ninetales-Alola, L50, M, shiny|100/100
|switch|p2b: Dragonite|Dragonite, L50, M, shiny|100/100
|-weather|Snowscape|[from] ability: Snow Warning|[of] p2a: Ninetales
|turn|1
|inactive|Felon74 has 30 seconds left.
|inactive|Felon74 has 20 seconds left.
|inactive|Felon74 has 15 seconds left.
|
|t:|1756500689
|move|p2a: Ninetales|Blizzard|p1a: Blaziken|[spread] p1a,p1b
|-resisted|p1a: Blaziken
|-resisted|p1b: Kingambit
|-damage|p1a: Blaziken|65/100
|-damage|p1b: Kingambit|84/100
|move|p2b: Dragonite|Scale Shot|p1a: Blaziken
|-damage|p1a: Blaziken|44/100
|-damage|p1a: Blaziken|20/100
|-damage|p1a: Blaziken|0 fnt
|faint|p1a: Blaziken
|-hitcount|p1: Blaziken|3
|-unboost|p2b: Dragonite|def|1
|-boost|p2b: Dragonite|spe|1
|move|p1b: Kingambit|Iron Head|p2b: Dragonite
|-damage|p2b: Dragonite|59/100
|
|-weather|Snowscape|[upkeep]
|upkeep
|inactive|Felon74 has 30 seconds left.
|
|t:|1756500722
|switch|p1a: Dragapult|Dragapult, L50, F|100/100
|turn|2
|inactive|JakAttack101 has 30 seconds left.
|
|t:|1756500750
|-terastallize|p2b: Dragonite|Fairy
|move|p2b: Dragonite|Scale Shot|p1a: Dragapult
|-supereffective|p1a: Dragapult
|-damage|p1a: Dragapult|60/100
|-supereffective|p1a: Dragapult
|-damage|p1a: Dragapult|16/100
|-supereffective|p1a: Dragapult
|-damage|p1a: Dragapult|0 fnt
|faint|p1a: Dragapult
|-hitcount|p1: Dragapult|3
|-unboost|p2b: Dragonite|def|1
|-boost|p2b: Dragonite|spe|1
|move|p2a: Ninetales|Blizzard|p1b: Kingambit
|-resisted|p1b: Kingambit
|-damage|p1b: Kingambit|63/100
|move|p1b: Kingambit|Iron Head|p2a: Ninetales
|-supereffective|p2a: Ninetales
|-crit|p2a: Ninetales
|-damage|p2a: Ninetales|0 fnt
|faint|p2a: Ninetales
|
|-weather|Snowscape|[upkeep]
|upkeep
|inactive|Felon74 has 30 seconds left.
|inactive|Felon74 has 20 seconds left.
|inactive|Felon74 has 15 seconds left.
|inactive|Felon74 has 10 seconds left.
|inactive|Felon74 has 5 seconds left.
|
|t:|1756500805
|switch|p1a: Primarina|Primarina, L50, F|100/100
|switch|p2a: Sneasler|Sneasler, L50, M, shiny|100/100
|turn|3
|inactive|Felon74 has 30 seconds left.
|
|t:|1756500830
|-terastallize|p1a: Primarina|Steel
|move|p2a: Sneasler|Fake Out|p1b: Kingambit
|-resisted|p1b: Kingambit
|-damage|p1b: Kingambit|58/100
|move|p2b: Dragonite|Scale Shot|p1b: Kingambit
|-resisted|p1b: Kingambit
|-damage|p1b: Kingambit|53/100
|-resisted|p1b: Kingambit
|-damage|p1b: Kingambit|47/100
|-resisted|p1b: Kingambit
|-damage|p1b: Kingambit|41/100
|-resisted|p1b: Kingambit
|-crit|p1b: Kingambit
|-damage|p1b: Kingambit|33/100
|-hitcount|p1b: Kingambit|4
|-unboost|p2b: Dragonite|def|1
|-boost|p2b: Dragonite|spe|1
|move|p1a: Primarina|Hyper Voice|p2a: Sneasler|[spread] p2a,p2b
|-damage|p2a: Sneasler|52/100
|-damage|p2b: Dragonite|17/100
|cant|p1b: Kingambit|flinch
|
|-weather|Snowscape|[upkeep]
|upkeep
|turn|4
|
|t:|1756500851
|move|p1b: Kingambit|Sucker Punch||[still]
|-fail|p1b: Kingambit
|move|p2b: Dragonite|Haze|p2b: Dragonite
|-clearallboost
|move|p2a: Sneasler|Close Combat|p1a: Primarina
|-supereffective|p1a: Primarina
|-damage|p1a: Primarina|0 fnt
|-unboost|p2a: Sneasler|def|1
|-unboost|p2a: Sneasler|spd|1
|faint|p1a: Primarina
|
|-weather|Snowscape|[upkeep]
|upkeep
|turn|5
|-message|Felon74 forfeited.
|
|win|JakAttack101
|l|‽Felon74
|player|p1|
