|j|☆waffobaffo
|j|☆FenneccyFoxMV
|html|waffobaffoFenneccyFoxMV    
|uhtml|bestof|Game 2 of a best-of-3
|t:|1783037502
|gametype|doubles
|player|p1|waffobaffo|pokemonbreeder-gen4|
|player|p2|FenneccyFoxMV|265|
|gen|9
|tier|[Gen 9 Champions] VGC 2026 Reg M-B (Bo3)
|rule|Species Clause: Limit one of each Pokémon
|rule|Item Clause: Limit 1 of each item
|clearpoke
|poke|p1|Whimsicott, L50, M|
|poke|p1|Basculegion, L50, M|
|poke|p1|Mawile, L50, M|
|poke|p1|Raichu, L50, M|
|poke|p1|Runerigus, L50, M|
|poke|p1|Sinistcha, L50|
|poke|p2|Morpeko, L50, F|
|poke|p2|Tinkaton, L50, F|
|poke|p2|Vanilluxe, L50, M|
|poke|p2|Delphox, L50, M|
|poke|p2|Primarina, L50, M|
|poke|p2|Tsareena, L50, F|
|teampreview|4
|showteam|p1|Whimsicott||FocusSash|Prankster|Protect,DazzlingGleam,Endeavor,Tailwind|Bold||M|||50|]Basculegion||MysticWater|Adaptability|LastRespects,AquaJet,WaveCrash,Protect|Adamant||M|||50|]Mawile||Mawilite|HyperCutter|SwordsDance,PlayRough,SuckerPunch,IronHead|Adamant||M|||50|]Raichu||RaichuniteY|Static|Protect,FakeOut,FocusBlast,ZapCannon|Hasty||M|||50|]Runerigus||ColburBerry|WanderingSpirit|Protect,TrickRoom,Poltergeist,WillOWisp|Sassy||M|||50|]Sinistcha||SitrusBerry|Hospitality|RagePowder,MatchaGotcha,LifeDew,TrickRoom|Relaxed|||||50|
|showteam|p2|Morpeko||FocusSash|HungerSwitch|FakeOut,KnockOff,AuraWheel,Protect|Jolly||F|||50|]Tinkaton||OccaBerry|MoldBreaker|GigatonHammer,FakeOut,Encore,Feint|Jolly||F|||50|]Vanilluxe||ChoiceScarf|SnowWarning|Blizzard,FreezeDry,IcyWind,IceShard|Timid||M|||50|]Delphox||Delphoxite|Blaze|HeatWave,Psychic,NastyPlot,Protect|Timid||M|||50|]Primarina||Leftovers|LiquidVoice|HyperVoice,CalmMind,Moonblast,Protect|Modest||M|||50|]Tsareena||WideLens|QueenlyMajesty|Taunt,PowerWhip,HighJumpKick,Protect|Adamant||F|||50|
|
|t:|1783037573
|teamsize|p1|4
|teamsize|p2|4
|start
|switch|p1a: Whimsicott|Whimsicott, L50, M|100/100
|switch|p1b: Mawile|Mawile, L50, M|100/100
|switch|p2a: Morpeko|Morpeko, L50, F|100/100
|switch|p2b: Delphox|Delphox, L50, M|100/100
|turn|1
|
|t:|1783037637
|detailschange|p2b: Delphox|Delphox-Mega, L50, M
|-mega|p2b: Delphox|Delphox|Delphoxite
|detailschange|p1b: Mawile|Mawile-Mega, L50, M
|-mega|p1b: Mawile|Mawile|Mawilite
|move|p2a: Morpeko|Fake Out|p1a: Whimsicott
|-damage|p1a: Whimsicott|86/100
|cant|p1a: Whimsicott|flinch
|move|p1b: Mawile|Sucker Punch|p2b: Delphox
|-supereffective|p2b: Delphox|1
|-damage|p2b: Delphox|0 fnt
|faint|p2b: Delphox
|
|-formechange|p2a: Morpeko|Morpeko-Hangry|
|upkeep
|
|t:|1783037690
|switch|p2b: Vanilluxe|Vanilluxe, L50, M|100/100
|-weather|Snowscape|[from] ability: Snow Warning|[of] p2b: Vanilluxe
|turn|2
|
|t:|1783037746
|switch|p2a: Tsareena|Tsareena, L50, F|100/100
|move|p1a: Whimsicott|Tailwind|p1a: Whimsicott
|-sidestart|p1: waffobaffo|move: Tailwind
|move|p2b: Vanilluxe|Blizzard|p1b: Mawile|[spread] p1a,p1b
|-supereffective|p1a: Whimsicott|1
|-resisted|p1b: Mawile|1
|-damage|p1a: Whimsicott|0 fnt
|-damage|p1b: Mawile|80/100
|faint|p1a: Whimsicott
|move|p1b: Mawile|Iron Head|p2b: Vanilluxe
|-supereffective|p2b: Vanilluxe|1
|-damage|p2b: Vanilluxe|0 fnt
|faint|p2b: Vanilluxe
|
|-weather|Snowscape|[upkeep]
|upkeep
|
|t:|1783037772
|switch|p1a: Runerigus|Runerigus, L50, M|100/100
|switch|p2b: Morpeko|Morpeko, L50, F|100/100
|turn|3
|
|t:|1783037820
|switch|p1b: Basculegion|Basculegion, L50, M|100/100
|move|p2b: Morpeko|Fake Out|p1b: Basculegion
|-immune|p1b: Basculegion
|move|p2a: Tsareena|Power Whip|p1a: Runerigus
|-supereffective|p1a: Runerigus|1
|-damage|p1a: Runerigus|0 fnt
|-activate|p2a: Tsareena|Skill Swap|Wandering Spirit|Queenly Majesty|[of] p1a: Runerigus
|faint|p1a: Runerigus
|
|-weather|Snowscape|[upkeep]
|-formechange|p2b: Morpeko|Morpeko-Hangry|
|upkeep
|
|t:|1783037832
|switch|p1a: Mawile|Mawile-Mega, L50, M|80/100
|turn|4
|
|t:|1783037981
|move|p1b: Basculegion|Protect|p1b: Basculegion
|-singleturn|p1b: Basculegion|Protect
|move|p2a: Tsareena|Protect|p2a: Tsareena
|-singleturn|p2a: Tsareena|Protect
|move|p2b: Morpeko|Knock Off|p1b: Basculegion
|-activate|p1b: Basculegion|move: Protect
|move|p1a: Mawile|Play Rough|p2b: Morpeko
|-supereffective|p2b: Morpeko|1
|-enditem|p2b: Morpeko|Focus Sash
|-damage|p2b: Morpeko|1/100
|
|-weather|Snowscape|[upkeep]
|-formechange|p2b: Morpeko|Morpeko|
|upkeep
|turn|5
|
|t:|1783038021
|move|p2b: Morpeko|Protect|p2b: Morpeko
|-singleturn|p2b: Morpeko|Protect
|move|p1b: Basculegion|Aqua Jet|p2b: Morpeko
|-activate|p2b: Morpeko|move: Protect
|move|p1a: Mawile|Play Rough|p2a: Tsareena
|-damage|p2a: Tsareena|0 fnt
|-activate|p1a: Mawile|Skill Swap|Wandering Spirit|Huge Power|[of] p2a: Tsareena
|faint|p2a: Tsareena
|
|-weather|Snowscape|[upkeep]
|-sideend|p1: waffobaffo|move: Tailwind
|-formechange|p2b: Morpeko|Morpeko-Hangry|
|upkeep
|turn|6
|
|t:|1783038042
|move|p2b: Morpeko|Protect||[still]
|-fail|p2b: Morpeko
|move|p1b: Basculegion|Aqua Jet|p2b: Morpeko
|-damage|p2b: Morpeko|0 fnt
|faint|p2b: Morpeko
|
|win|waffobaffo
||FenneccyFoxMV is ready for game 3.
||waffobaffo is ready for game 3.
|uhtml|next|Next: Game 3 of 3
