|j|☆balancedungeon
|j|☆praytothispoppy
|html|balancedungeonpraytothispoppy    
|uhtml|bestof|Game 1 of a best-of-3
|t:|1783367412
|gametype|doubles
|player|p1|balancedungeon|265|1040
|player|p2|praytothispoppy|erika|1060
|gen|9
|tier|[Gen 9 Champions] VGC 2026 Reg M-B (Bo3)
|rated|
|rule|Species Clause: Limit one of each Pokémon
|rule|Item Clause: Limit 1 of each item
|clearpoke
|poke|p1|Floette-Eternal, L50, F|
|poke|p1|Blastoise, L50, M|
|poke|p1|Kingambit, L50, M|
|poke|p1|Sneasler, L50, F|
|poke|p1|Sinistcha, L50|
|poke|p1|Incineroar, L50, M|
|poke|p2|Scizor, L50, F|
|poke|p2|Garchomp, L50, F|
|poke|p2|Pelipper, L50, M, shiny|
|poke|p2|Basculegion-F, L50, F|
|poke|p2|Weavile, L50, M|
|poke|p2|Incineroar, L50, M, shiny|
|teampreview|4
|showteam|p1|Floette-Eternal||Floettite|FlowerVeil|Protect,CalmMind,DazzlingGleam,DrainingKiss|Modest||F|||50|]Blastoise||Blastoisinite|Torrent|ShellSmash,WaterSpout,AuraSphere,Protect|Modest||M|||50|]Kingambit||BlackGlasses|Defiant|SuckerPunch,KowtowCleave,SwordsDance,Protect|Adamant||M|||50|]Sneasler||FocusSash|PoisonTouch|FakeOut,PoisonJab,CloseCombat,QuickGuard|Jolly||F|||50|]Sinistcha||CobaBerry|Hospitality|MatchaGotcha,RagePowder,LifeDew,TrickRoom|Calm|||||50|]Incineroar||SitrusBerry|Intimidate|FakeOut,FlareBlitz,ThroatChop,PartingShot|Bold||M|||50|
|showteam|p2|Scizor||Scizorite|Technician|CloseCombat,BulletPunch,Assurance,Protect|Adamant||F|||50|]Garchomp||YacheBerry|RoughSkin|RockSlide,Earthquake,BrickBreak,Protect|Jolly||F|||50|]Pelipper||DampRock|Drizzle|Hurricane,Tailwind,Protect,WideGuard|Bold||M|||50|]Basculegion-F||LifeOrb|SwiftSwim|Surf,IceBeam,ShadowBall,Protect|Modest||F|||50|]Weavile||FocusSash|Pickpocket|IceShard,FakeOut,UpperHand,KnockOff|Jolly||M|||50|]Incineroar||SitrusBerry|Intimidate|FakeOut,FlareBlitz,Protect,DarkestLariat|Impish||M|||50|
|
|t:|1783367459
|teamsize|p1|4
|teamsize|p2|4
|start
|switch|p1a: Sinistcha|Sinistcha, L50|100/100
|switch|p1b: Incineroar|Incineroar, L50, M|100/100
|switch|p2a: ThatChud|Incineroar, L50, M, shiny|100/100
|switch|p2b: Bowling|Pelipper, L50, M, shiny|100/100
|-ability|p1b: Incineroar|Intimidate|boost
|-unboost|p2a: ThatChud|atk|1
|-unboost|p2b: Bowling|atk|1
|-weather|RainDance|[from] ability: Drizzle|[of] p2b: Bowling
|-ability|p2a: ThatChud|Intimidate|boost
|-unboost|p1a: Sinistcha|atk|1
|-unboost|p1b: Incineroar|atk|1
|turn|1
|
|t:|1783367473
|move|p1b: Incineroar|Fake Out|p2b: Bowling
|-damage|p2b: Bowling|94/100
|move|p2a: ThatChud|Fake Out|p1b: Incineroar
|-damage|p1b: Incineroar|94/100
|cant|p2b: Bowling|flinch
|move|p1a: Sinistcha|Trick Room|p1a: Sinistcha
|-fieldstart|move: Trick Room|[of] p1a: Sinistcha
|
|-weather|RainDance|[upkeep]
|upkeep
|turn|2
|
|t:|1783367487
|move|p2a: ThatChud|Darkest Lariat|p1a: Sinistcha
|-supereffective|p1a: Sinistcha|1
|-damage|p1a: Sinistcha|59/100
|move|p2b: Bowling|Hurricane|p1a: Sinistcha
|-supereffective|p1a: Sinistcha|1
|-enditem|p1a: Sinistcha|Coba Berry|[eat]
|-enditem|p1a: Sinistcha|Coba Berry|[weaken]
|-damage|p1a: Sinistcha|25/100
|move|p1b: Incineroar|Parting Shot|p2a: ThatChud
|-unboost|p2a: ThatChud|atk|1
|-unboost|p2a: ThatChud|spa|1
|
|t:|1783367500
|switch|p1b: Blastoise|Blastoise, L50, M|100/100|[from] Parting Shot
|move|p1a: Sinistcha|Matcha Gotcha|p2b: Bowling|[spread] p2a,p2b
|-resisted|p2a: ThatChud|1
|-damage|p2a: ThatChud|89/100
|-heal|p1a: Sinistcha|32/100|[from] drain|[of] p2a: ThatChud
|-damage|p2b: Bowling|56/100
|-heal|p1a: Sinistcha|50/100y|[from] drain|[of] p2b: Bowling
|
|-weather|RainDance|[upkeep]
|upkeep
|turn|3
|
|t:|1783367514
|switch|p2a: Basculegion-F Tier|Basculegion-F, L50, F|100/100
|detailschange|p1b: Blastoise|Blastoise-Mega, L50, M
|-mega|p1b: Blastoise|Blastoise|Blastoisinite
|move|p1a: Sinistcha|Rage Powder|p1a: Sinistcha
|-singleturn|p1a: Sinistcha|move: Rage Powder
|move|p2b: Bowling|Hurricane|p1a: Sinistcha
|-supereffective|p1a: Sinistcha|1
|-damage|p1a: Sinistcha|0 fnt
|faint|p1a: Sinistcha
|move|p1b: Blastoise|Aura Sphere|p2a: Basculegion-F Tier
|-immune|p2a: Basculegion-F Tier
|
|-weather|RainDance|[upkeep]
|upkeep
|
|t:|1783367519
|switch|p1a: Incineroar|Incineroar, L50, M|94/100
|-ability|p1a: Incineroar|Intimidate|boost
|-unboost|p2a: Basculegion-F Tier|atk|1
|-unboost|p2b: Bowling|atk|1
|turn|4
|
|t:|1783367536
|move|p2b: Bowling|Protect|p2b: Bowling
|-singleturn|p2b: Bowling|Protect
|move|p1a: Incineroar|Throat Chop|p2a: Basculegion-F Tier
|-supereffective|p2a: Basculegion-F Tier|1
|-damage|p2a: Basculegion-F Tier|29/100
|-start|p2a: Basculegion-F Tier|Throat Chop|[silent]
|move|p1b: Blastoise|Shell Smash|p1b: Blastoise
|-unboost|p1b: Blastoise|def|1
|-unboost|p1b: Blastoise|spd|1
|-boost|p1b: Blastoise|atk|2
|-boost|p1b: Blastoise|spa|2
|-boost|p1b: Blastoise|spe|2
|move|p2a: Basculegion-F Tier|Surf|p1a: Incineroar|[spread] p1a,p1b
|-activate|p2b: Bowling|move: Protect
|-supereffective|p1a: Incineroar|1
|-resisted|p1b: Blastoise|1
|-damage|p1a: Incineroar|0 fnt
|-damage|p1b: Blastoise|55/100
|faint|p1a: Incineroar
|-damage|p2a: Basculegion-F Tier|20/100y|[from] item: Life Orb
|
|-weather|RainDance|[upkeep]
|upkeep
|
|t:|1783367543
|switch|p1a: Kingambit|Kingambit, L50, M|100/100
|turn|5
|
|t:|1783367562
|switch|p2b: ThatChud|Incineroar, L50, M, shiny|89/100
|-ability|p2b: ThatChud|Intimidate|boost
|-unboost|p1a: Kingambit|atk|1
|-ability|p1a: Kingambit|Defiant|boost
|-boost|p1a: Kingambit|atk|2
|-unboost|p1b: Blastoise|atk|1
|switch|p2a: W Kaseye|Scizor, L50, F|100/100
|move|p1b: Blastoise|Protect|p1b: Blastoise
|-singleturn|p1b: Blastoise|Protect
|move|p1a: Kingambit|Kowtow Cleave|p2b: ThatChud
|-resisted|p2b: ThatChud|1
|-damage|p2b: ThatChud|53/100
|
|-weather|RainDance|[upkeep]
|-fieldend|move: Trick Room
|upkeep
|turn|6
|
|t:|1783367576
|detailschange|p2a: W Kaseye|Scizor-Mega, L50, F
|-mega|p2a: W Kaseye|Scizor|Scizorite
|move|p2b: ThatChud|Fake Out|p1b: Blastoise
|-damage|p1b: Blastoise|37/100
|move|p1a: Kingambit|Sucker Punch|p2a: W Kaseye
|-damage|p2a: W Kaseye|48/100
|cant|p1b: Blastoise|flinch
|move|p2a: W Kaseye|Close Combat|p1a: Kingambit
|-supereffective|p1a: Kingambit|2
|-damage|p1a: Kingambit|0 fnt
|-unboost|p2a: W Kaseye|def|1
|-unboost|p2a: W Kaseye|spd|1
|faint|p1a: Kingambit
|
|-weather|RainDance|[upkeep]
|upkeep
|turn|7
|-message|balancedungeon forfeited.
|
|win|praytothispoppy
