|j|☆4zelfffff
|j|☆master 792
|html|4zelfffffmaster 792    
|uhtml|bestof|Game 1 of a best-of-3
|t:|1783895573
|gametype|doubles
|player|p1|4zelfffff|265|1056
|player|p2|master 792|red|1101
|gen|9
|tier|[Gen 9 Champions] VGC 2026 Reg M-B (Bo3)
|rated|
|rule|Species Clause: Limit one of each Pokémon
|rule|Item Clause: Limit 1 of each item
|clearpoke
|poke|p1|Aggron, L50, M, shiny|
|poke|p1|Zoroark-Hisui, L50, F, shiny|
|poke|p1|Sableye, L50, F, shiny|
|poke|p1|Farigiraf, L50, F|
|poke|p1|Aerodactyl, L50, M|
|poke|p1|Floette-Eternal, L50, F|
|poke|p2|Metagross, L50, shiny|
|poke|p2|Incineroar, L50, F|
|poke|p2|Sinistcha, L50, shiny|
|poke|p2|Floette-Eternal, L50, F|
|poke|p2|Politoed, L50, F|
|poke|p2|Maushold, L50|
|teampreview|4
|showteam|p1|Aggron||Aggronite|Sturdy|BodyPress,HeavySlam,IcePunch,IronDefense|Brave||M|||50|]Zoroark-Hisui||FocusSash|Illusion|GrassKnot,NastyPlot,ShadowBall,Psychic|Timid||F|||50|]Sableye||RoseliBerry|Prankster|Disable,Encore,FakeOut,Quash|Careful||F|||50|]Farigiraf||Leftovers|ArmorTail|Trick,TrickRoom,HyperVoice,LightScreen|Sassy||F|||50|]Aerodactyl||WideLens|Unnerve|RockSlide,DualWingbeat,IceFang,WideGuard|Jolly||M|||50|]Floette-Eternal||Floettite|FlowerVeil|Moonblast,Protect,CalmMind,DrainingKiss|Modest||F|||50|
|showteam|p2|Metagross||Metagrossite|ClearBody|IronDefense,BodyPress,PsychicFangs,Protect|Bold|||||50|]Incineroar||PasshoBerry|Intimidate|FakeOut,FlareBlitz,PartingShot,DarkestLariat|Adamant||F|||50|]Sinistcha||SitrusBerry|Hospitality|MatchaGotcha,TrickRoom,RagePowder,LifeDew|Calm|||||50|]Floette-Eternal||Floettite|FlowerVeil|Moonblast,DazzlingGleam,CalmMind,Protect|Modest||F|||50|]Politoed||Leftovers|Drizzle|WeatherBall,PerishSong,IceBeam,Protect|Bold||F|||50|]Maushold||ChopleBerry|FriendGuard|Taunt,FollowMe,SuperFang,Protect|Careful|||||50|
|
|t:|1783895613
|teamsize|p1|4
|teamsize|p2|4
|start
|switch|p1a: Aggron|Aggron, L50, M, shiny|100/100
|switch|p1b: Farigiraf|Farigiraf, L50, F|100/100
|switch|p2a: Metagross|Metagross, L50, shiny|100/100
|switch|p2b: Maushold|Maushold, L50|100/100
|turn|1
|inactive|Battle timer is ON: inactive players will automatically lose when time's up. (requested by master 792)
|j| lowjee
|
|t:|1783895637
|detailschange|p2a: Metagross|Metagross-Mega, L50, shiny
|-mega|p2a: Metagross|Metagross|Metagrossite
|move|p1a: Aggron|Nasty Plot|p1a: Aggron
|-boost|p1a: Aggron|spa|2
|move|p2b: Maushold|Taunt|p1a: Aggron
|-start|p1a: Aggron|move: Taunt
|move|p2a: Metagross|Iron Defense|p2a: Metagross
|-boost|p2a: Metagross|def|2
|move|p1b: Farigiraf|Trick Room|p1b: Farigiraf
|-fieldstart|move: Trick Room|[of] p1b: Farigiraf
|
|upkeep
|turn|2
|inactive|4zelfffff has 30 seconds left.
|
|t:|1783895664
|move|p2b: Maushold|Follow Me|p2b: Maushold
|-singleturn|p2b: Maushold|move: Follow Me
|move|p1b: Farigiraf|Hyper Voice|p2b: Maushold|[spread] p2a,p2b
|-resisted|p2a: Metagross|1
|-damage|p2a: Metagross|93/100
|-damage|p2b: Maushold|72/100
|move|p2a: Metagross|Body Press|p1b: Farigiraf
|-damage|p1b: Farigiraf|19/100
|move|p1a: Aggron|Shadow Ball|p2b: Maushold
|-immune|p2b: Maushold
|
|-heal|p1b: Farigiraf|25/100|[from] item: Leftovers
|upkeep
|turn|3
|l| lowjee
|inactive|4zelfffff has 30 seconds left.
|
|t:|1783895691
|move|p2b: Maushold|Follow Me|p2b: Maushold
|-singleturn|p2b: Maushold|move: Follow Me
|move|p1b: Farigiraf|Hyper Voice|p2b: Maushold|[spread] p2a,p2b
|-resisted|p2a: Metagross|1
|-damage|p2a: Metagross|86/100
|-damage|p2b: Maushold|46/100
|move|p2a: Metagross|Psychic Fangs|p1a: Aggron
|-enditem|p1a: Aggron|Focus Sash
|-damage|p1a: Aggron|1/100
|replace|p1a: Zoroark|Zoroark-Hisui, L50, F, shiny
|-end|p1a: Zoroark|Illusion
|move|p1a: Zoroark|Psychic|p2b: Maushold
|-crit|p2b: Maushold
|-damage|p2b: Maushold|0 fnt
|faint|p2b: Maushold
|
|-heal|p1b: Farigiraf|32/100|[from] item: Leftovers
|upkeep
|
|t:|1783895704
|switch|p2b: Sinistcha|Sinistcha, L50, shiny|100/100
|-heal|p2a: Metagross|100/100|[from] ability: Hospitality|[of] p2b: Sinistcha
|turn|4
|inactive|4zelfffff has 30 seconds left.
|
|t:|1783895731
|switch|p1b: Aerodactyl|Aerodactyl, L50, M|100/100
|-ability|p1b: Aerodactyl|Unnerve
|switch|p1a: Aggron|Aggron, L50, M, shiny|100/100
|move|p2b: Sinistcha|Matcha Gotcha|p1a: Aggron|[spread] p1a,p1b
|-damage|p1a: Aggron|71/100
|-damage|p1b: Aerodactyl|63/100
|move|p2a: Metagross|Iron Defense|p2a: Metagross
|-boost|p2a: Metagross|def|2
|
|upkeep
|turn|5
|
|t:|1783895754
|detailschange|p1a: Aggron|Aggron-Mega, L50, M, shiny
|-mega|p1a: Aggron|Aggron|Aggronite
|move|p1b: Aerodactyl|Wide Guard|p1b: Aerodactyl
|-singleturn|p1b: Aerodactyl|Wide Guard
|move|p1a: Aggron|Iron Defense|p1a: Aggron
|-boost|p1a: Aggron|def|2
|move|p2b: Sinistcha|Matcha Gotcha|p1a: Aggron|[spread] 
|-activate|p1a: Aggron|move: Wide Guard
|-activate|p1b: Aerodactyl|move: Wide Guard
|move|p2a: Metagross|Body Press|p1a: Aggron
|-supereffective|p1a: Aggron|1
|-damage|p1a: Aggron|26/100
|
|-fieldend|move: Trick Room
|upkeep
|turn|6
|inactive|4zelfffff has 30 seconds left.
|inactive|master 792 has 30 seconds left.
|
|t:|1783895787
|switch|p2b: Politoed|Politoed, L50, F|100/100
|-weather|RainDance|[from] ability: Drizzle|[of] p2b: Politoed
|move|p1b: Aerodactyl|Rock Slide|p2b: Politoed|[spread] p2a,p2b
|-resisted|p2a: Metagross|1
|-damage|p2a: Metagross|97/100
|-damage|p2b: Politoed|76/100
|cant|p2a: Metagross|flinch
|move|p1a: Aggron|Iron Defense|p1a: Aggron
|-boost|p1a: Aggron|def|2
|
|-weather|RainDance|[upkeep]
|-heal|p2b: Politoed|82/100|[from] item: Leftovers
|upkeep
|turn|7
|
|t:|1783895812
|switch|p1b: Farigiraf|Farigiraf, L50, F|32/100
|move|p2a: Metagross|Body Press|p1b: Farigiraf
|-damage|p1b: Farigiraf|0 fnt
|faint|p1b: Farigiraf
|move|p2b: Politoed|Weather Ball|p1a: Aggron
|-damage|p1a: Aggron|0 fnt
|faint|p1a: Aggron
|
|-weather|RainDance|[upkeep]
|-heal|p2b: Politoed|89/100|[from] item: Leftovers
|upkeep
|-message|4zelfffff forfeited.
|raw|4zelfffff's rating: 1056 → 1040(-16 for losing)
|raw|master 792's rating: 1101 → 1123(+22 for winning)
|
|win|master 792
|l|☆4zelfffff
|player|p1|
