|j|☆owbd
|j|☆Kward17kw
|html|owbdKward17kw    
|uhtml|bestof|Game 3 of a best-of-3
|t:|1784705292
|gametype|doubles
|player|p1|owbd|cynthia-gen4|1193
|player|p2|Kward17kw|102|1163
|gen|9
|tier|[Gen 9 Champions] VGC 2026 Reg M-B (Bo3)
|rated|
|rule|Species Clause: Limit one of each Pokémon
|rule|Item Clause: Limit 1 of each item
|clearpoke
|poke|p1|Charizard, L50, M|
|poke|p1|Floette-Eternal, L50, F|
|poke|p1|Kingambit, L50, F|
|poke|p1|Garchomp, L50, F|
|poke|p1|Basculegion, L50, M|
|poke|p1|Whimsicott, L50, F|
|poke|p2|Gholdengo, L50|
|poke|p2|Whimsicott, L50, M|
|poke|p2|Politoed, L50, F|
|poke|p2|Raichu, L50, F|
|poke|p2|Sneasler, L50, M|
|poke|p2|Vivillon-Fancy, L50, M|
|teampreview|4
|showteam|p1|Charizard||CharizarditeY|Blaze|HeatWave,WeatherBall,SolarBeam,Protect|Modest||M|||50|]Floette-Eternal||Floettite|FlowerVeil|Moonblast,DazzlingGleam,LightofRuin,Protect|Modest||F|||50|]Kingambit||BlackGlasses|Defiant|IronHead,KowtowCleave,SuckerPunch,Protect|Adamant||F|||50|]Garchomp||LifeOrb|RoughSkin|RockSlide,DragonClaw,Earthquake,Protect|Jolly||F|||50|]Basculegion||MysticWater|Adaptability|WaveCrash,LastRespects,AquaJet,Protect|Adamant||M|||50|]Whimsicott||FocusSash|Prankster|Moonblast,Encore,Tailwind,Protect|Timid||F|||50|
|showteam|p2|Gholdengo||LifeOrb|GoodasGold|NastyPlot,Protect,ShadowBall,MakeItRain|Timid|||||50|]Whimsicott||MentalHerb|Prankster|Tailwind,Protect,Encore,Moonblast|Bold||M|||50|]Politoed||DampRock|Drizzle|PerishSong,Protect,WeatherBall,IcyWind|Calm||F|||50|]Raichu||RaichuniteY|LightningRod|FakeOut,FakeTears,Protect,ZapCannon|Hasty||F|||50|]Sneasler||WhiteHerb|Unburden|CloseCombat,FakeOut,DireClaw,Protect|Adamant||M|||50|]Vivillon-Fancy||FocusSash|ShieldDust|SleepPowder,RagePowder,Protect,PollenPuff|Timid||M|||50|
|inactive|Battle timer is ON: inactive players will automatically lose when time's up. (requested by owbd)
|
|t:|1784705306
|teamsize|p1|4
|teamsize|p2|4
|start
|switch|p1a: Charizard|Charizard, L50, M|100/100
|switch|p1b: Whimsicott|Whimsicott, L50, F|100/100
|switch|p2a: Sneasler|Sneasler, L50, M|100/100
|switch|p2b: Vivillon|Vivillon-Fancy, L50, M|100/100
|turn|1
|
|t:|1784705323
|move|p1a: Charizard|Protect|p1a: Charizard
|-singleturn|p1a: Charizard|Protect
|move|p1b: Whimsicott|Tailwind|p1b: Whimsicott
|-sidestart|p1: owbd|move: Tailwind
|move|p2a: Sneasler|Dire Claw|p1b: Whimsicott
|-supereffective|p1b: Whimsicott|2
|-enditem|p1b: Whimsicott|Focus Sash
|-damage|p1b: Whimsicott|1/100
|-status|p1b: Whimsicott|par
|move|p2b: Vivillon|Sleep Powder|p1a: Charizard
|-activate|p1a: Charizard|move: Protect
|
|upkeep
|turn|2
|
|t:|1784705345
|detailschange|p1a: Charizard|Charizard-Mega-Y, L50, M
|-mega|p1a: Charizard|Charizard|Charizardite Y
|-weather|SunnyDay|[from] ability: Drought|[of] p1a: Charizard
|move|p2a: Sneasler|Protect|p2a: Sneasler
|-singleturn|p2a: Sneasler|Protect
|move|p2b: Vivillon|Protect|p2b: Vivillon
|-singleturn|p2b: Vivillon|Protect
|move|p1a: Charizard|Heat Wave|p2b: Vivillon|[spread] 
|-activate|p2a: Sneasler|move: Protect
|-activate|p2b: Vivillon|move: Protect
|move|p1b: Whimsicott|Moonblast|p2b: Vivillon
|-activate|p2b: Vivillon|move: Protect
|
|-weather|SunnyDay|[upkeep]
|upkeep
|turn|3
|
|t:|1784705366
|switch|p2b: Politoed|Politoed, L50, F|100/100
|-weather|RainDance|[from] ability: Drizzle|[of] p2b: Politoed
|move|p1a: Charizard|Heat Wave|p2b: Politoed|[spread] p2a,p2b
|-resisted|p2b: Politoed|1
|-damage|p2a: Sneasler|73/100
|-damage|p2b: Politoed|92/100
|cant|p1b: Whimsicott|par
|move|p2a: Sneasler|Dire Claw|p1a: Charizard
|-crit|p1a: Charizard
|-damage|p1a: Charizard|19/100
|
|-weather|RainDance|[upkeep]
|upkeep
|turn|4
|inactive|Kward17kw has 30 seconds left.
|
|t:|1784705395
|switch|p1a: Basculegion|Basculegion, L50, M|100/100
|move|p1b: Whimsicott|Protect|p1b: Whimsicott
|-singleturn|p1b: Whimsicott|Protect
|move|p2a: Sneasler|Close Combat|p1a: Basculegion
|-immune|p1a: Basculegion
|move|p2b: Politoed|Weather Ball|p1b: Whimsicott
|-activate|p1b: Whimsicott|move: Protect
|
|-weather|RainDance|[upkeep]
|-sideend|p1: owbd|move: Tailwind
|upkeep
|turn|5
|
|t:|1784705416
|move|p1b: Whimsicott|Tailwind|p1b: Whimsicott
|-sidestart|p1: owbd|move: Tailwind
|move|p1a: Basculegion|Wave Crash|p2a: Sneasler
|-damage|p2a: Sneasler|0 fnt
|faint|p2a: Sneasler
|-damage|p1a: Basculegion|80/100|[from] Recoil
|move|p2b: Politoed|Perish Song|p2b: Politoed
|-start|p1a: Basculegion|perish3|[silent]
|-start|p1b: Whimsicott|perish3|[silent]
|-start|p2b: Politoed|perish3|[silent]
|-fieldactivate|move: Perish Song
|
|-weather|RainDance|[upkeep]
|-start|p1a: Basculegion|perish3
|-start|p1b: Whimsicott|perish3
|-start|p2b: Politoed|perish3
|upkeep
|
|t:|1784705432
|switch|p2a: Vivillon|Vivillon-Fancy, L50, M|100/100
|turn|6
|
|t:|1784705442
|move|p1a: Basculegion|Aqua Jet|p2a: Vivillon
|-damage|p2a: Vivillon|17/100
|move|p1b: Whimsicott|Moonblast|p2a: Vivillon
|-damage|p2a: Vivillon|0 fnt
|faint|p2a: Vivillon
|move|p2b: Politoed|Icy Wind|p1a: Basculegion|[spread] p1a,p1b
|-resisted|p1a: Basculegion|1
|-supereffective|p1b: Whimsicott|1
|-damage|p1a: Basculegion|76/100
|-damage|p1b: Whimsicott|0 fnt
|-unboost|p1a: Basculegion|spe|1
|faint|p1b: Whimsicott
|
|-weather|RainDance|[upkeep]
|-start|p1a: Basculegion|perish2
|-start|p2b: Politoed|perish2
|upkeep
|
|t:|1784705459
|switch|p1b: Charizard|Charizard-Mega-Y, L50, M|19/100
|switch|p2a: Gholdengo|Gholdengo, L50|100/100
|-weather|SunnyDay|[from] ability: Drought|[of] p1b: Charizard
|turn|7
|
|t:|1784705474
|move|p2a: Gholdengo|Protect|p2a: Gholdengo
|-singleturn|p2a: Gholdengo|Protect
|move|p1b: Charizard|Heat Wave|p2b: Politoed|[spread] p2b
|-activate|p2a: Gholdengo|move: Protect
|-resisted|p2b: Politoed|1
|-damage|p2b: Politoed|71/100
|move|p1a: Basculegion|Last Respects|p2b: Politoed
|-damage|p2b: Politoed|0 fnt
|faint|p2b: Politoed
|
|-weather|SunnyDay|[upkeep]
|-start|p1a: Basculegion|perish1
|upkeep
|turn|8
|
|t:|1784705494
|move|p2a: Gholdengo|Protect||[still]
|-fail|p2a: Gholdengo
|move|p1b: Charizard|Weather Ball|p2a: Gholdengo
|-supereffective|p2a: Gholdengo|1
|-damage|p2a: Gholdengo|0 fnt
|faint|p2a: Gholdengo
|
|win|owbd
|raw|owbd's rating: 1193 → 1216(+23 for winning)
|raw|Kward17kw's rating: 1163 → 1140(-23 for losing)
|l|☆Kward17kw
|player|p2|
