|j|☆mavrickbfr
|j|☆Drunkenhitmontop
|html|mavrickbfrDrunkenhitmontop    
|uhtml|bestof|Game 1 of a best-of-3
|t:|1785030332
|gametype|doubles
|player|p1|mavrickbfr|gentleman-gen4|1087
|player|p2|Drunkenhitmontop|102|1023
|gen|9
|tier|[Gen 9 Champions] VGC 2026 Reg M-B (Bo3)
|rated|
|rule|Species Clause: Limit one of each Pokémon
|rule|Item Clause: Limit 1 of each item
|clearpoke
|poke|p1|Scrafty, L50, M, shiny|
|poke|p1|Vileplume, L50, M, shiny|
|poke|p1|Malamar, L50, F, shiny|
|poke|p1|Basculegion, L50, M, shiny|
|poke|p1|Torkoal, L50, M, shiny|
|poke|p1|Farigiraf, L50, F|
|poke|p2|Scrafty, L50, F|
|poke|p2|Eelektross, L50, F|
|poke|p2|Slowking, L50, M|
|poke|p2|Ninetales-Alola, L50, M|
|poke|p2|Gholdengo, L50|
|poke|p2|Charizard, L50, F|
|teampreview|4
|showteam|p1|Scrafty||Scraftinite|Intimidate|FakeOut,DrainPunch,KnockOff,BulkUp|Impish||M|||50|]Vileplume||FocusSash|Chlorophyll|WeatherBall,GigaDrain,AfterYou,SludgeBomb|Calm||M|||50|]Malamar||SitrusBerry|Contrary|Superpower,TrickRoom,KnockOff,PsychoCut|Sassy||F|||50|]Basculegion||ChoiceScarf|Adaptability|WaveCrash,LastRespects,FlipTurn,IceFang|Adamant||M|||50|]Torkoal||Charcoal|Drought|Eruption,RockSlide,Overheat,Protect|Modest||M|||50|]Farigiraf||ColburBerry|ArmorTail|TwinBeam,Thunderbolt,HyperVoice,TrickRoom|Sassy||F|||50|
|showteam|p2|Scrafty||FocusSash|Moxie|FakeOut,KnockOff,IronHead,CloseCombat|Adamant||F|||50|]Eelektross||Eelektrossite|Levitate|Thunderbolt,Protect,GigaDrain,DragonPulse|Modest||F|||50|]Slowking||SitrusBerry|Regenerator|ChillyReception,TrickRoom,Scald,PsychicNoise|Calm||M|||50|]Ninetales-Alola||ChoiceScarf|SnowWarning|AuroraVeil,Blizzard,Encore,Moonblast|Timid||M|||50|]Gholdengo||Leftovers|GoodasGold|MakeItRain,ShadowBall,NastyPlot,Recover|Modest|||||50|]Charizard||CharizarditeX|Blaze|DragonDance,TemperFlare,DragonClaw,Roost|Adamant||F|||50|
|inactive|Battle timer is ON: inactive players will automatically lose when time's up. (requested by mavrickbfr)
|inactive|Drunkenhitmontop has 60 seconds left.
|
|t:|1785030390
|teamsize|p1|4
|teamsize|p2|4
|start
|switch|p1a: Torkoal|Torkoal, L50, M, shiny|100/100
|switch|p1b: Vileplume|Vileplume, L50, M, shiny|100/100
|switch|p2a: Scrafty|Scrafty, L50, F|100/100
|switch|p2b: Eelektross|Eelektross, L50, F|100/100
|-weather|SunnyDay|[from] ability: Drought|[of] p1a: Torkoal
|turn|1
|inactive|mavrickbfr has 30 seconds left.
|inactive|mavrickbfr has 20 seconds left.
|inactive|mavrickbfr has 15 seconds left.
|
|t:|1785030433
|detailschange|p2b: Eelektross|Eelektross-Mega, L50, F
|-mega|p2b: Eelektross|Eelektross|Eelektrossite
|move|p1a: Torkoal|Protect|p1a: Torkoal
|-singleturn|p1a: Torkoal|Protect
|move|p2a: Scrafty|Fake Out|p1b: Vileplume
|-damage|p1b: Vileplume|87/100
|cant|p1b: Vileplume|flinch
|move|p2b: Eelektross|Thunderbolt|p1a: Torkoal
|-activate|p1a: Torkoal|move: Protect
|
|-weather|SunnyDay|[upkeep]
|upkeep
|turn|2
|
|t:|1785030451
|move|p1b: Vileplume|After You|p1a: Torkoal
|-activate|p1a: Torkoal|move: After You
|move|p1a: Torkoal|Eruption|p2a: Scrafty|[spread] p2a,p2b
|-crit|p2b: Eelektross
|-damage|p2a: Scrafty|9/100
|-damage|p2b: Eelektross|0 fnt
|faint|p2b: Eelektross
|move|p2a: Scrafty|Knock Off|p1b: Vileplume
|-damage|p1b: Vileplume|40/100
|-enditem|p1b: Vileplume|Focus Sash|[from] move: Knock Off|[of] p2a: Scrafty
|
|-weather|SunnyDay|[upkeep]
|upkeep
|
|t:|1785030463
|switch|p2b: Slowking|Slowking, L50, M|100/100
|turn|3
|inactive|mavrickbfr has 30 seconds left.
|
|t:|1785030488
|move|p1b: Vileplume|After You|p1a: Torkoal
|-activate|p1a: Torkoal|move: After You
|move|p1a: Torkoal|Eruption|p2a: Scrafty|[spread] p2a,p2b
|-resisted|p2b: Slowking|1
|-damage|p2a: Scrafty|0 fnt
|-damage|p2b: Slowking|74/100
|faint|p2a: Scrafty
|-prepare|p2b: Slowking|Chilly Reception|[premajor]
|move|p2b: Slowking|Chilly Reception|p2b: Slowking
|-weather|Snowscape
|
|t:|1785030497
|-heal|p2b: Slowking|100/100|[from] ability: Regenerator|[silent]
|switch|p2b: Charizard|Charizard, L50, F|100/100|[from] Chilly Reception
|
|-weather|Snowscape|[upkeep]
|upkeep
|
|t:|1785030503
|switch|p2a: Slowking|Slowking, L50, M|100/100
|turn|4
|
|t:|1785030524
|move|p1a: Torkoal|Protect|p1a: Torkoal
|-singleturn|p1a: Torkoal|Protect
|move|p2b: Charizard|Dragon Dance|p2b: Charizard
|-boost|p2b: Charizard|atk|1
|-boost|p2b: Charizard|spe|1
|move|p1b: Vileplume|Giga Drain|p2a: Slowking
|-supereffective|p2a: Slowking|1
|-damage|p2a: Slowking|66/100
|-heal|p1b: Vileplume|60/100|[from] drain|[of] p2a: Slowking
|move|p2a: Slowking|Psychic Noise|p1b: Vileplume
|-supereffective|p1b: Vileplume|1
|-damage|p1b: Vileplume|4/100
|-start|p1b: Vileplume|move: Heal Block
|
|-weather|Snowscape|[upkeep]
|upkeep
|turn|5
|inactive|mavrickbfr has 30 seconds left.
|
|t:|1785030558
|switch|p1a: Basculegion|Basculegion, L50, M, shiny|100/100
|move|p2b: Charizard|Temper Flare|p1b: Vileplume
|-supereffective|p1b: Vileplume|1
|-damage|p1b: Vileplume|0 fnt
|faint|p1b: Vileplume
|move|p2a: Slowking|Scald|p1a: Basculegion
|-resisted|p1a: Basculegion|1
|-damage|p1a: Basculegion|82/100
|
|-weather|Snowscape|[upkeep]
|upkeep
|
|t:|1785030570
|switch|p1b: Scrafty|Scrafty, L50, M, shiny|100/100
|-ability|p1b: Scrafty|Intimidate|boost
|-unboost|p2a: Slowking|atk|1
|-unboost|p2b: Charizard|atk|1
|turn|6
|-message|Drunkenhitmontop forfeited.
|
|win|mavrickbfr
|l|☆Drunkenhitmontop
|player|p2|
