|j|☆Los Ramirez
|j|☆Luxerna
|html|Los RamirezLuxerna    
|uhtml|bestof|Game 2 of a best-of-3
|t:|1783120821
|gametype|doubles
|player|p1|Los Ramirez|will|1297
|player|p2|Luxerna|dawn-gen4pt|1208
|gen|9
|tier|[Gen 9 Champions] VGC 2026 Reg M-B (Bo3)
|rated|
|rule|Species Clause: Limit one of each Pokémon
|rule|Item Clause: Limit 1 of each item
|clearpoke
|poke|p1|Floette-Eternal, L50, F|
|poke|p1|Incineroar, L50, F|
|poke|p1|Sinistcha, L50|
|poke|p1|Ditto, L50|
|poke|p1|Blaziken, L50, M|
|poke|p1|Sneasler, L50, M|
|poke|p2|Whimsicott, L50, M|
|poke|p2|Charizard, L50, F|
|poke|p2|Mawile, L50, M, shiny|
|poke|p2|Garchomp, L50, M|
|poke|p2|Basculegion, L50, M|
|poke|p2|Farigiraf, L50, F, shiny|
|teampreview|4
|showteam|p1|Floette-Eternal||Floettite|FlowerVeil|Protect,DazzlingGleam,CalmMind,DrainingKiss|Modest||F|||50|]Incineroar||ShucaBerry|Intimidate|FakeOut,FlareBlitz,PartingShot,ThroatChop|Impish||F|||50|]Sinistcha||KasibBerry|Hospitality|LifeDew,MatchaGotcha,RagePowder,TrickRoom|Calm|||||50|]Ditto||SitrusBerry|Imposter|Transform|Timid|||||50|]Blaziken||Blazikenite|SpeedBoost|Protect,FlareBlitz,CloseCombat,SwordsDance|Adamant||M|||50|]Sneasler||WhiteHerb|Unburden|Protect,CloseCombat,DireClaw,FakeOut|Jolly||M|||50|
|showteam|p2|Whimsicott||FocusSash|Prankster|Protect,Tailwind,Encore,Moonblast|Timid||M|||50|]Charizard||CharizarditeY|Blaze|Protect,HeatWave,SolarBeam,AncientPower|Modest||F|||50|]Mawile||Mawilite|Intimidate|Protect,SuckerPunch,PlayRough,IronHead|Brave||M|||50|]Garchomp||LifeOrb|RoughSkin|Protect,DragonClaw,RockSlide,Earthquake|Jolly||M|||50|]Basculegion||MysticWater|Adaptability|Protect,AquaJet,WaveCrash,LastRespects|Adamant||M|||50|]Farigiraf||SitrusBerry|ArmorTail|TwinBeam,Thunderbolt,Imprison,TrickRoom|Bold||F|||50|
|inactive|Battle timer is ON: inactive players will automatically lose when time's up. (requested by Los Ramirez)
|
|t:|1783120840
|teamsize|p1|4
|teamsize|p2|4
|start
|switch|p1a: Incineroar|Incineroar, L50, F|100/100
|switch|p1b: Floette|Floette-Eternal, L50, F|100/100
|switch|p2a: Miguel SVC|Basculegion, L50, M|100/100
|switch|p2b: Norris|Farigiraf, L50, F, shiny|100/100
|-ability|p1a: Incineroar|Intimidate|boost
|-unboost|p2a: Miguel SVC|atk|1
|-unboost|p2b: Norris|atk|1
|turn|1
|inactive|Los Ramirez has 30 seconds left.
|inactive|Los Ramirez has 20 seconds left.
|inactive|Los Ramirez has 15 seconds left.
|
|t:|1783120883
|detailschange|p1b: Floette|Floette-Mega, L50, F
|-mega|p1b: Floette|Floette|Floettite
|-ability|p1b: Floette|Fairy Aura
|move|p1b: Floette|Calm Mind|p1b: Floette
|-boost|p1b: Floette|spa|1
|-boost|p1b: Floette|spd|1
|move|p2a: Miguel SVC|Wave Crash|p1a: Incineroar
|-supereffective|p1a: Incineroar|1
|-damage|p1a: Incineroar|0 fnt
|faint|p1a: Incineroar
|-damage|p2a: Miguel SVC|68/100|[from] Recoil
|move|p2b: Norris|Thunderbolt|p1b: Floette
|-damage|p1b: Floette|88/100
|
|upkeep
|
|t:|1783120892
|switch|p1a: Sinistcha|Sinistcha, L50|100/100
|-heal|p1b: Floette|100/100|[from] ability: Hospitality|[of] p1a: Sinistcha
|turn|2
|
|t:|1783120905
|move|p1b: Floette|Draining Kiss|p2b: Norris
|-damage|p2b: Norris|38/100
|-enditem|p2b: Norris|Sitrus Berry|[eat]
|-heal|p2b: Norris|63/100|[from] item: Sitrus Berry
|move|p2a: Miguel SVC|Last Respects|p1a: Sinistcha
|-supereffective|p1a: Sinistcha|1
|-enditem|p1a: Sinistcha|Kasib Berry|[eat]
|-enditem|p1a: Sinistcha|Kasib Berry|[weaken]
|-damage|p1a: Sinistcha|80/100
|move|p1a: Sinistcha|Matcha Gotcha|p2b: Norris|[spread] p2a,p2b
|-supereffective|p2a: Miguel SVC|1
|-damage|p2a: Miguel SVC|12/100
|-heal|p1a: Sinistcha|100/100|[from] drain|[of] p2a: Miguel SVC
|-damage|p2b: Norris|40/100
|move|p2b: Norris|Thunderbolt|p1a: Sinistcha
|-resisted|p1a: Sinistcha|1
|-damage|p1a: Sinistcha|88/100
|
|upkeep
|turn|3
|inactive|Los Ramirez has 30 seconds left.
|inactive|Los Ramirez has 20 seconds left.
|inactive|Los Ramirez has 15 seconds left.
|inactive|Los Ramirez has 10 seconds left.
|
|t:|1783120950
|move|p1b: Floette|Dazzling Gleam|p2a: Miguel SVC|[spread] p2a,p2b
|-damage|p2a: Miguel SVC|0 fnt
|-damage|p2b: Norris|0 fnt
|faint|p2a: Miguel SVC
|faint|p2b: Norris
|move|p1a: Sinistcha|Life Dew||[still]|[spread] p1a,p1b
|-heal|p1a: Sinistcha|100/100
|-fail|p1b: Floette|heal
|
|upkeep
|
|t:|1783120957
|switch|p2a: Garchomp|Garchomp, L50, M|100/100
|switch|p2b: Treinador|Charizard, L50, F|100/100
|turn|4
|
|t:|1783120969
|detailschange|p2b: Treinador|Charizard-Mega-Y, L50, F
|-mega|p2b: Treinador|Charizard|Charizardite Y
|-weather|SunnyDay|[from] ability: Drought|[of] p2b: Treinador
|move|p1b: Floette|Protect|p1b: Floette
|-singleturn|p1b: Floette|Protect
|move|p2a: Garchomp|Earthquake|p1a: Sinistcha|[spread] p1a
|-activate|p1b: Floette|move: Protect
|-immune|p2b: Treinador
|-resisted|p1a: Sinistcha|1
|-damage|p1a: Sinistcha|78/100
|-damage|p2a: Garchomp|90/100|[from] item: Life Orb
|move|p2b: Treinador|Heat Wave|p1a: Sinistcha|[spread] p1a
|-activate|p1b: Floette|move: Protect
|-supereffective|p1a: Sinistcha|1
|-damage|p1a: Sinistcha|0 fnt
|faint|p1a: Sinistcha
|
|-weather|SunnyDay|[upkeep]
|upkeep
|
|t:|1783120981
|switch|p1a: Ditto|Ditto, L50|100/100
|-transform|p1a: Ditto|p2b: Treinador|[from] ability: Imposter
|turn|5
|
|t:|1783120988
|move|p2a: Garchomp|Rock Slide|p1b: Floette|[spread] p1a,p1b
|-supereffective|p1a: Ditto|2
|-damage|p1a: Ditto|0 fnt
|-damage|p1b: Floette|76/100
|faint|p1a: Ditto
|-damage|p2a: Garchomp|80/100|[from] item: Life Orb
|move|p2b: Treinador|Heat Wave|p1b: Floette
|-damage|p1b: Floette|35/100
|move|p1b: Floette|Dazzling Gleam|p2a: Garchomp|[spread] p2a,p2b
|-supereffective|p2a: Garchomp|1
|-crit|p2a: Garchomp
|-resisted|p2b: Treinador|1
|-damage|p2a: Garchomp|0 fnt
|-damage|p2b: Treinador|69/100
|faint|p2a: Garchomp
|
|-weather|SunnyDay|[upkeep]
|upkeep
|turn|6
|
|t:|1783121000
|move|p1b: Floette|Protect|p1b: Floette
|-singleturn|p1b: Floette|Protect
|move|p2b: Treinador|Heat Wave|p1b: Floette
|-activate|p1b: Floette|move: Protect
|
|-weather|SunnyDay|[upkeep]
|upkeep
|turn|7
|
|t:|1783121003
|move|p1b: Floette|Draining Kiss|p2b: Treinador
|-resisted|p2b: Treinador|1
|-damage|p2b: Treinador|44/100
|-heal|p1b: Floette|53/100|[from] drain|[of] p2b: Treinador
|move|p2b: Treinador|Heat Wave|p1b: Floette
|-damage|p1b: Floette|16/100
|
|-weather|SunnyDay|[upkeep]
|upkeep
|turn|8
|
|t:|1783121009
|move|p1b: Floette|Protect|p1b: Floette
|-singleturn|p1b: Floette|Protect
|move|p2b: Treinador|Heat Wave|p1b: Floette
|-activate|p1b: Floette|move: Protect
|
|-weather|none
|upkeep
|turn|9
|
|t:|1783121012
|move|p1b: Floette|Draining Kiss|p2b: Treinador
|-resisted|p2b: Treinador|1
|-damage|p2b: Treinador|16/100
|-heal|p1b: Floette|35/100|[from] drain|[of] p2b: Treinador
|move|p2b: Treinador|Heat Wave|p1b: Floette
|-damage|p1b: Floette|8/100
|
|upkeep
|turn|10
|
|t:|1783121018
|move|p1b: Floette|Dazzling Gleam|p2b: Treinador
|-resisted|p2b: Treinador|1
|-damage|p2b: Treinador|0 fnt
|faint|p2b: Treinador
|
|win|Los Ramirez
|raw|Los Ramirez's rating: 1297 → 1316(+19 for winning)
|raw|Luxerna's rating: 1208 → 1189(-19 for losing)
