|j|☆ultraclaw1
|j|☆Passevgc
|html|ultraclaw1Passevgc    
|uhtml|bestof|Game 2 of a best-of-3
|t:|1783949217
|gametype|doubles
|player|p1|ultraclaw1|brycenman|1341
|player|p2|Passevgc|102|1240
|gen|9
|tier|[Gen 9 Champions] VGC 2026 Reg M-B (Bo3)
|rated|
|rule|Species Clause: Limit one of each Pokémon
|rule|Item Clause: Limit 1 of each item
|clearpoke
|poke|p1|Maushold, L50|
|poke|p1|Kingambit, L50, F|
|poke|p1|Garchomp, L50, F|
|poke|p1|Basculegion, L50, M|
|poke|p1|Talonflame, L50, M|
|poke|p1|Floette-Eternal, L50, F|
|poke|p2|Gengar, L50, F|
|poke|p2|Swampert, L50, M|
|poke|p2|Incineroar, L50, M|
|poke|p2|Politoed, L50, F|
|poke|p2|Archaludon, L50, F|
|poke|p2|Vivillon, L50, F|
|teampreview|4
|showteam|p1|Maushold||FocusSash|FriendGuard|SuperFang,Feint,FollowMe,Protect|Timid|||||50|]Kingambit||ChopleBerry|Defiant|KowtowCleave,SuckerPunch,LowKick,IronHead|Adamant||F|||50|]Garchomp||LifeOrb|RoughSkin|RockSlide,Earthquake,DragonClaw,Protect|Jolly||F|||50|]Basculegion||MysticWater|Adaptability|WaveCrash,LastRespects,AquaJet,Protect|Adamant||M|||50|]Talonflame||SharpBeak|GaleWings|QuickGuard,DualWingbeat,Tailwind,Protect|Jolly||M|||50|]Floette-Eternal||Floettite|FlowerVeil|LightofRuin,Protect,Moonblast,DazzlingGleam|Modest||F|||50|
|showteam|p2|Gengar||Gengarite|CursedBody|ShadowBall,PerishSong,SludgeBomb,Protect|Timid||F|||50|]Swampert||Swampertite|Torrent|WaveCrash,Earthquake,IcePunch,Protect|Adamant||M|||50|]Incineroar||PasshoBerry|Intimidate|ThroatChop,PartingShot,FakeOut,Protect|Sassy||M|||50|]Politoed||SitrusBerry|Drizzle|WeatherBall,PerishSong,Encore,Protect|Calm||F|||50|]Archaludon||Leftovers|Stamina|DragonPulse,FlashCannon,ElectroShot,Protect|Bold||F|||50|]Vivillon||FocusSash|CompoundEyes|Hurricane,SleepPowder,RagePowder,Protect|Timid||F|||50|
|inactive|Battle timer is ON: inactive players will automatically lose when time's up. (requested by ultraclaw1)
|c|☆ultraclaw1|glhf
|inactive|ultraclaw1 has 60 seconds left.
|
|t:|1783949252
|teamsize|p1|4
|teamsize|p2|4
|start
|switch|p1a: Talonflame|Talonflame, L50, M|100/100
|switch|p1b: Garchomp|Garchomp, L50, F|100/100
|switch|p2a: Swampert|Swampert, L50, M|100/100
|switch|p2b: Vivillon|Vivillon, L50, F|100/100
|turn|1
|inactive|Passevgc has 30 seconds left.
|
|t:|1783949279
|move|p2a: Swampert|Protect|p2a: Swampert
|-singleturn|p2a: Swampert|Protect
|move|p1a: Talonflame|Tailwind|p1a: Talonflame
|-sidestart|p1: ultraclaw1|move: Tailwind
|move|p1b: Garchomp|Earthquake|p2a: Swampert|[spread] 
|-activate|p2a: Swampert|move: Protect
|-immune|p1a: Talonflame
|-immune|p2b: Vivillon
|move|p2b: Vivillon|Sleep Powder|p1a: Talonflame
|-status|p1a: Talonflame|slp|[from] move: Sleep Powder
|
|upkeep
|turn|2
|inactive|Passevgc has 30 seconds left.
|inactive|Passevgc has 20 seconds left.
|inactive|Passevgc has 15 seconds left.
|
|t:|1783949321
|detailschange|p2a: Swampert|Swampert-Mega, L50, M
|-mega|p2a: Swampert|Swampert|Swampertite
|cant|p1a: Talonflame|slp
|move|p1b: Garchomp|Dragon Claw|p2a: Swampert
|-damage|p2a: Swampert|56/100
|-damage|p1b: Garchomp|90/100|[from] item: Life Orb
|move|p2b: Vivillon|Hurricane|p1a: Talonflame
|-damage|p1a: Talonflame|31/100 slp
|-start|p1a: Talonflame|confusion
|move|p2a: Swampert|Ice Punch|p1b: Garchomp
|-supereffective|p1b: Garchomp|2
|-damage|p1b: Garchomp|0 fnt
|-damage|p2a: Swampert|43/100|[from] ability: Rough Skin|[of] p1b: Garchomp
|faint|p1b: Garchomp
|
|upkeep
|
|t:|1783949327
|switch|p1b: Floette|Floette-Eternal, L50, F|100/100
|turn|3
|inactive|Passevgc has 30 seconds left.
|
|t:|1783949361
|switch|p2a: Archaludon|Archaludon, L50, F|100/100
|detailschange|p1b: Floette|Floette-Mega, L50, F
|-mega|p1b: Floette|Floette|Floettite
|-ability|p1b: Floette|Fairy Aura
|cant|p1a: Talonflame|slp
|move|p1b: Floette|Dazzling Gleam|p2a: Archaludon|[spread] p2a,p2b
|-damage|p2a: Archaludon|44/100
|-enditem|p2b: Vivillon|Focus Sash
|-damage|p2b: Vivillon|1/100
|-ability|p2a: Archaludon|Stamina|boost
|-boost|p2a: Archaludon|def|1
|move|p2b: Vivillon|Sleep Powder|p1b: Floette
|-status|p1b: Floette|slp|[from] move: Sleep Powder
|
|-heal|p2a: Archaludon|51/100|[from] item: Leftovers
|upkeep
|turn|4
|inactive|Passevgc has 30 seconds left.
|
|t:|1783949388
|switch|p2b: Politoed|Politoed, L50, F|100/100
|-weather|RainDance|[from] ability: Drizzle|[of] p2b: Politoed
|-curestatus|p1a: Talonflame|slp|[msg]
|-activate|p1a: Talonflame|confusion
|-damage|p1a: Talonflame|16/100|[from] confusion
|cant|p1b: Floette|slp
|move|p2a: Archaludon|Electro Shot||[still]
|-prepare|p2a: Archaludon|Electro Shot
|-boost|p2a: Archaludon|spa|1
|-anim|p2a: Archaludon|Electro Shot|p1a: Talonflame
|-supereffective|p1a: Talonflame|1
|-damage|p1a: Talonflame|0 fnt
|faint|p1a: Talonflame
|
|-weather|RainDance|[upkeep]
|-heal|p2a: Archaludon|57/100|[from] item: Leftovers
|-sideend|p1: ultraclaw1|move: Tailwind
|upkeep
|
|t:|1783949395
|switch|p1a: Basculegion|Basculegion, L50, M|100/100
|turn|5
|inactive|Passevgc has 30 seconds left.
|
|t:|1783949421
|cant|p1b: Floette|slp
|move|p1a: Basculegion|Last Respects|p2b: Politoed
|-damage|p2b: Politoed|0 fnt
|faint|p2b: Politoed
|move|p2a: Archaludon|Electro Shot||[still]
|-prepare|p2a: Archaludon|Electro Shot
|-boost|p2a: Archaludon|spa|1
|-anim|p2a: Archaludon|Electro Shot|p1a: Basculegion
|-supereffective|p1a: Basculegion|1
|-damage|p1a: Basculegion|0 fnt
|faint|p1a: Basculegion
|
|-weather|RainDance|[upkeep]
|-heal|p2a: Archaludon|63/100|[from] item: Leftovers
|upkeep
|
|t:|1783949429
|switch|p2b: Swampert|Swampert-Mega, L50, M|43/100
|turn|6
|
|t:|1783949434
|move|p2b: Swampert|Wave Crash|p1b: Floette
|-damage|p1b: Floette|0 fnt
|faint|p1b: Floette
|-damage|p2b: Swampert|18/100|[from] Recoil
|
|win|Passevgc
||ultraclaw1 is ready for game 3.
|l|☆ultraclaw1
|player|p1|
|inactive|Passevgc has 30 seconds to confirm battle start!
||Passevgc is ready for game 3.
|uhtml|next|Next: Game 3 of 3
|l|☆Passevgc
|player|p2|
|j|☆ultraclaw1
|player|p1|ultraclaw1|brycenman|
