|j|☆yutaliban
|j|☆GodfatherKD
|html|yutalibanGodfatherKD    
|uhtml|bestof|Game 3 of a best-of-3
|t:|1782287513
|gametype|doubles
|player|p1|yutaliban|1|1000
|player|p2|GodfatherKD|hilbert|1000
|gen|9
|tier|[Gen 9 Champions] VGC 2026 Reg M-B (Bo3)
|rated|
|rule|Species Clause: Limit one of each Pokémon
|rule|Item Clause: Limit 1 of each item
|clearpoke
|poke|p1|Aerodactyl, L50, F|
|poke|p1|Gholdengo, L50|
|poke|p1|Maushold, L50|
|poke|p1|Garchomp, L50, M|
|poke|p1|Kingambit, L50, M|
|poke|p1|Floette-Eternal, L50, F|
|poke|p2|Blaziken, L50, M|
|poke|p2|Kingambit, L50, M|
|poke|p2|Sylveon, L50, F|
|poke|p2|Garchomp, L50, M|
|poke|p2|Aerodactyl, L50, M|
|poke|p2|Farigiraf, L50, F|
|teampreview|4
|showteam|p1|Aerodactyl||Aerodactylite|RockHead|DualWingbeat,RockSlide,IceFang,Tailwind|Adamant||F|||50|]Gholdengo||LifeOrb|GoodasGold|ShadowBall,MakeItRain,NastyPlot,Protect|Modest|||||50|]Maushold||FocusSash|FriendGuard|FollowMe,SuperFang,Taunt,Protect|Jolly|||||50|]Garchomp||SitrusBerry|SandVeil|RockSlide,DragonClaw,Earthquake,Protect|Adamant||M|||50|]Kingambit||BlackGlasses|Defiant|KowtowCleave,LowKick,SuckerPunch,Protect|Adamant||M|||50|]Floette-Eternal||Floettite|FlowerVeil|EnergyBall,Moonblast,DazzlingGleam,Protect|Modest||F|||50|
|showteam|p2|Blaziken||Blazikenite|SpeedBoost|CloseCombat,FlareBlitz,RockSlide,Detect|Adamant||M|||50|]Kingambit||BlackGlasses|Defiant|KowtowCleave,SuckerPunch,IronHead,Protect|Adamant||M|||50|]Sylveon||FairyFeather|Pixilate|HyperBeam,HyperVoice,QuickAttack,Detect|Modest||F|||50|]Garchomp||RoseliBerry|RoughSkin|StompingTantrum,DragonClaw,RockSlide,PoisonJab|Adamant||M|||50|]Aerodactyl||Aerodactylite|Unnerve|RockSlide,DualWingbeat,Protect,Tailwind|Jolly||M|||50|]Farigiraf||ColburBerry|ArmorTail|TwinBeam,Thunderbolt,TrickRoom,Roar|Quiet||F|||50|
|
|t:|1782287551
|teamsize|p1|4
|teamsize|p2|4
|start
|switch|p1a: Garchomp|Garchomp, L50, M|100/100
|switch|p1b: Aerodactyl|Aerodactyl, L50, F|100/100
|switch|p2a: Zafina|Farigiraf, L50, F|100/100
|switch|p2b: Yoshimitsu|Kingambit, L50, M|100/100
|turn|1
|
|t:|1782287573
|move|p1b: Aerodactyl|Rock Slide|p2a: Zafina|[spread] p2a,p2b
|-resisted|p2b: Yoshimitsu|1
|-damage|p2a: Zafina|75/100
|-damage|p2b: Yoshimitsu|91/100
|move|p1a: Garchomp|Rock Slide|p2b: Yoshimitsu|[spread] p2a,p2b
|-resisted|p2b: Yoshimitsu|1
|-damage|p2a: Zafina|57/100
|-damage|p2b: Yoshimitsu|83/100
|move|p2b: Yoshimitsu|Iron Head|p1b: Aerodactyl
|-supereffective|p1b: Aerodactyl|1
|-damage|p1b: Aerodactyl|0 fnt
|faint|p1b: Aerodactyl
|move|p2a: Zafina|Trick Room|p2a: Zafina
|-fieldstart|move: Trick Room|[of] p2a: Zafina
|
|upkeep
|
|t:|1782287591
|switch|p1b: Maushold|Maushold, L50|100/100
|turn|2
|
|t:|1782287626
|move|p1b: Maushold|Protect|p1b: Maushold
|-singleturn|p1b: Maushold|Protect
|move|p2b: Yoshimitsu|Kowtow Cleave|p1b: Maushold
|-activate|p1b: Maushold|move: Protect
|move|p1a: Garchomp|Earthquake|p2b: Yoshimitsu|[spread] p2a,p2b
|-activate|p1b: Maushold|move: Protect
|-supereffective|p2b: Yoshimitsu|1
|-damage|p2a: Zafina|20/100y
|-damage|p2b: Yoshimitsu|27/100
|move|p2a: Zafina|Roar|p1a: Garchomp
|drag|p1a: Floette|Floette-Eternal, L50, F|100/100
|
|upkeep
|turn|3
|inactive|Battle timer is ON: inactive players will automatically lose when time's up. (requested by GodfatherKD)
|
|t:|1782287660
|detailschange|p1a: Floette|Floette-Mega, L50, F
|-mega|p1a: Floette|Floette|Floettite
|-ability|p1a: Floette|Fairy Aura
|move|p1b: Maushold|Follow Me|p1b: Maushold
|-singleturn|p1b: Maushold|move: Follow Me
|move|p2b: Yoshimitsu|Iron Head|p1b: Maushold
|-damage|p1b: Maushold|40/100
|move|p2a: Zafina|Thunderbolt|p1b: Maushold
|-damage|p1b: Maushold|4/100
|move|p1a: Floette|Dazzling Gleam|p2b: Yoshimitsu|[spread] p2a,p2b
|-damage|p2a: Zafina|0 fnt
|-damage|p2b: Yoshimitsu|0 fnt
|faint|p2a: Zafina
|faint|p2b: Yoshimitsu
|
|upkeep
|
|t:|1782287673
|switch|p2b: Fahkumram|Blaziken, L50, M|100/100
|switch|p2a: Miary Zo|Sylveon, L50, F|100/100
|turn|4
|
|t:|1782287682
|detailschange|p2b: Fahkumram|Blaziken-Mega, L50, M
|-mega|p2b: Fahkumram|Blaziken|Blazikenite
|move|p1a: Floette|Protect|p1a: Floette
|-singleturn|p1a: Floette|Protect
|move|p1b: Maushold|Protect|p1b: Maushold
|-singleturn|p1b: Maushold|Protect
|move|p2a: Miary Zo|Hyper Voice|p1b: Maushold|[spread] 
|-activate|p1a: Floette|move: Protect
|-activate|p1b: Maushold|move: Protect
|move|p2b: Fahkumram|Rock Slide|p1b: Maushold|[spread] 
|-activate|p1a: Floette|move: Protect
|-activate|p1b: Maushold|move: Protect
|
|-ability|p2b: Fahkumram|Speed Boost|boost
|-boost|p2b: Fahkumram|spe|1
|upkeep
|turn|5
|inactive|yutaliban has 30 seconds left.
|inactive|yutaliban has 20 seconds left.
|inactive|yutaliban has 15 seconds left.
|
|t:|1782287726
|move|p2b: Fahkumram|Detect|p2b: Fahkumram
|-singleturn|p2b: Fahkumram|Protect
|move|p2a: Miary Zo|Hyper Voice|p1a: Floette|[spread] p1a,p1b
|-damage|p1a: Floette|59/100
|-damage|p1b: Maushold|0 fnt
|faint|p1b: Maushold
|move|p1a: Floette|Moonblast|p2a: Miary Zo
|-damage|p2a: Miary Zo|38/100
|-unboost|p2a: Miary Zo|spa|1
|
|-fieldend|move: Trick Room
|-ability|p2b: Fahkumram|Speed Boost|boost
|-boost|p2b: Fahkumram|spe|1
|upkeep
|
|t:|1782287737
|switch|p1b: Garchomp|Garchomp, L50, M|100/100
|turn|6
|inactive|yutaliban has 30 seconds left.
|
|t:|1782287764
|move|p1a: Floette|Protect|p1a: Floette
|-singleturn|p1a: Floette|Protect
|move|p2b: Fahkumram|Close Combat|p1b: Garchomp
|-damage|p1b: Garchomp|29/100
|-unboost|p2b: Fahkumram|def|1
|-unboost|p2b: Fahkumram|spd|1
|-enditem|p1b: Garchomp|Sitrus Berry|[eat]
|-heal|p1b: Garchomp|54/100|[from] item: Sitrus Berry
|move|p1b: Garchomp|Earthquake|p2a: Miary Zo|[spread] p2a,p2b
|-activate|p1a: Floette|move: Protect
|-supereffective|p2b: Fahkumram|1
|-damage|p2a: Miary Zo|0 fnt
|-damage|p2b: Fahkumram|0 fnt
|faint|p2a: Miary Zo
|faint|p2b: Fahkumram
|
|win|yutaliban
|raw|yutaliban's rating: 1000 → 1040(+40 for winning)
|raw|GodfatherKD's rating: 1000 → 1000(+0 for losing)
|l|☆GodfatherKD
|player|p2|
