|j|☆mangosol
|j|☆lettitripppp
|html|mangosollettitripppp    
|uhtml|bestof|Game 2 of a best-of-3
|t:|1785518002
|gametype|doubles
|player|p1|mangosol|266|1165
|player|p2|lettitripppp|lucas|1144
|gen|9
|tier|[Gen 9 Champions] VGC 2026 Reg M-B (Bo3)
|rated|
|rule|Species Clause: Limit one of each Pokémon
|rule|Item Clause: Limit 1 of each item
|clearpoke
|poke|p1|Kingambit, L50, F|
|poke|p1|Floette-Eternal, L50, F|
|poke|p1|Garchomp, L50, M|
|poke|p1|Sneasler, L50, M|
|poke|p1|Farigiraf, L50, M|
|poke|p1|Aerodactyl, L50, F|
|poke|p2|Charizard, L50, M|
|poke|p2|Glimmora, L50, M|
|poke|p2|Ninetales-Alola, L50, M|
|poke|p2|Whimsicott, L50, M, shiny|
|poke|p2|Kingambit, L50, F, shiny|
|poke|p2|Kommo-o, L50, F|
|teampreview|4
|showteam|p1|Kingambit||LifeOrb|Defiant|SuckerPunch,IronHead,Protect,KowtowCleave|Adamant||F|||50|]Floette-Eternal||Floettite|FlowerVeil|DazzlingGleam,LightofRuin,Protect,GigaDrain|Timid||F|||50|]Garchomp||RoseliBerry|RoughSkin|DragonClaw,SwordsDance,Protect,Earthquake|Jolly||M|||50|]Sneasler||FocusSash|PoisonTouch|FakeOut,Feint,DireClaw,CloseCombat|Jolly||M|||50|]Farigiraf||SitrusBerry|ArmorTail|Thunderbolt,TwinBeam,TrickRoom,AllySwitch|Calm||M|||50|]Aerodactyl||Aerodactylite|Unnerve|WideGuard,Tailwind,DualWingbeat,RockSlide|Jolly||F|||50|
|showteam|p2|Charizard||CharizarditeY|Blaze|WeatherBall,SolarBeam,HeatWave,Protect|Modest||M|||50|]Glimmora||Glimmoranite|ToxicDebris|SludgeBomb,EarthPower,PowerGem,SpikyShield|Timid||M|||50|]Ninetales-Alola||NeverMeltIce|SnowWarning|FreezeDry,Blizzard,Disable,Protect|Timid||M|||50|]Whimsicott||FocusSash|Prankster|Moonblast,Tailwind,Encore,Protect|Timid||M|||50|]Kingambit||BlackGlasses|Defiant|KowtowCleave,SuckerPunch,IronHead,Protect|Adamant||F|||50|]Kommo-o||LifeOrb|Overcoat|ClangingScales,VacuumWave,AuraSphere,Protect|Timid||F|||50|
|inactive|Battle timer is ON: inactive players will automatically lose when time's up. (requested by lettitripppp)
|inactive|mangosol has 60 seconds left.
|
|t:|1785518043
|teamsize|p1|4
|teamsize|p2|4
|start
|switch|p1a: Aerodactyl|Aerodactyl, L50, F|100/100
|switch|p1b: Sneasler|Sneasler, L50, M|100/100
|switch|p2a: BLOW AWAY|Glimmora, L50, M|100/100
|switch|p2b: LETS GO GO|Whimsicott, L50, M, shiny|100/100
|-ability|p1a: Aerodactyl|Unnerve
|turn|1
|
|t:|1785518062
|detailschange|p2a: BLOW AWAY|Glimmora-Mega, L50, M
|-mega|p2a: BLOW AWAY|Glimmora|Glimmoranite
|move|p1b: Sneasler|Fake Out|p2b: LETS GO GO
|-damage|p2b: LETS GO GO|83/100
|cant|p2b: LETS GO GO|flinch
|move|p1a: Aerodactyl|Tailwind|p1a: Aerodactyl
|-sidestart|p1: mangosol|move: Tailwind
|move|p2a: BLOW AWAY|Power Gem|p1a: Aerodactyl
|-supereffective|p1a: Aerodactyl|1
|-damage|p1a: Aerodactyl|0 fnt
|faint|p1a: Aerodactyl
|
|upkeep
|
|t:|1785518075
|switch|p1a: Garchomp|Garchomp, L50, M|100/100
|turn|2
|
|t:|1785518089
|switch|p2a: GENERAL BLADUS|Kingambit, L50, F, shiny|100/100
|move|p2b: LETS GO GO|Encore|p1b: Sneasler
|-start|p1b: Sneasler|Encore
|move|p1b: Sneasler|Fake Out||[still]
|-hint|Fake Out only works on your first turn out.
|-fail|p1b: Sneasler
|move|p1a: Garchomp|Swords Dance|p1a: Garchomp
|-boost|p1a: Garchomp|atk|2
|
|upkeep
|turn|3
|
|t:|1785518102
|switch|p1b: Floette|Floette-Eternal, L50, F|100/100
|move|p1a: Garchomp|Protect|p1a: Garchomp
|-singleturn|p1a: Garchomp|Protect
|move|p2b: LETS GO GO|Encore|p1a: Garchomp
|-activate|p1a: Garchomp|move: Protect
|move|p2a: GENERAL BLADUS|Iron Head|p1b: Floette
|-supereffective|p1b: Floette|1
|-crit|p1b: Floette
|-damage|p1b: Floette|0 fnt
|faint|p1b: Floette
|
|upkeep
|
|t:|1785518112
|switch|p1b: Sneasler|Sneasler, L50, M|100/100
|turn|4
|inactive|mangosol has 30 seconds left.
|
|t:|1785518140
|move|p1b: Sneasler|Fake Out|p2b: LETS GO GO
|-damage|p2b: LETS GO GO|64/100
|cant|p2b: LETS GO GO|flinch
|move|p1a: Garchomp|Dragon Claw|p2a: GENERAL BLADUS
|-resisted|p2a: GENERAL BLADUS|1
|-damage|p2a: GENERAL BLADUS|65/100
|move|p2a: GENERAL BLADUS|Kowtow Cleave|p1a: Garchomp
|-damage|p1a: Garchomp|43/100
|-damage|p2a: GENERAL BLADUS|53/100|[from] ability: Rough Skin|[of] p1a: Garchomp
|
|-sideend|p1: mangosol|move: Tailwind
|upkeep
|turn|5
|
|t:|1785518155
|move|p2b: LETS GO GO|Encore|p1b: Sneasler
|-start|p1b: Sneasler|Encore
|move|p1b: Sneasler|Fake Out||[still]
|-hint|Fake Out only works on your first turn out.
|-fail|p1b: Sneasler
|move|p2a: GENERAL BLADUS|Sucker Punch|p1a: Garchomp
|-damage|p1a: Garchomp|0 fnt
|-damage|p2a: GENERAL BLADUS|41/100|[from] ability: Rough Skin|[of] p1a: Garchomp
|faint|p1a: Garchomp
|
|upkeep
|turn|6
|-message|mangosol forfeited.
|
|win|lettitripppp
|l|☆mangosol
|player|p1|
