|j|☆Reubz123
|j|☆GRNSBRN
|html|Reubz123GRNSBRN    
|uhtml|bestof|Game 2 of a best-of-3
|t:|1757629080
|gametype|doubles
|player|p1|Reubz123|265|1128
|player|p2|GRNSBRN|benga|1022
|gen|9
|tier|[Gen 9] VGC 2025 Reg H (Bo3)
|rated|
|rule|Species Clause: Limit one of each Pokémon
|rule|Item Clause: Limit 1 of each item
|clearpoke
|poke|p1|Archaludon, L50, F|
|poke|p1|Weavile, L50, F|
|poke|p1|Pelipper, L50, M|
|poke|p1|Basculegion, L50, M|
|poke|p1|Farigiraf, L50, F|
|poke|p1|Amoonguss, L50, M|
|poke|p2|Reuniclus, L50, F|
|poke|p2|Tyranitar, L50, M|
|poke|p2|Indeedee-F, L50, F|
|poke|p2|Sneasler, L50, M|
|poke|p2|Houndstone, L50, M|
|poke|p2|Basculegion, L50, M|
|teampreview|4
|showteam|p1|Archaludon||AssaultVest|Stamina|ElectroShot,BodyPress,DracoMeteor,FlashCannon|||F|||50|,,,,,Bug]Weavile||FocusSash|Pickpocket|FakeOut,Snarl,IceSpinner,BeatUp|||F|||50|,,,,,Ghost]Pelipper||CovertCloak|Drizzle|Hurricane,WeatherBall,WideGuard,Tailwind|||M|||50|,,,,,Grass]Basculegion||ChoiceBand|SwiftSwim|WaveCrash,FlipTurn,AquaJet,LastRespects|||M|||50|,,,,,Water]Farigiraf||SafetyGoggles|ArmorTail|TwinBeam,HelpingHand,TrickRoom,Imprison|||F|||50|,,,,,Fairy]Amoonguss||SitrusBerry|Regenerator|Spore,RagePowder,PollenPuff,Protect|||M|||50|,,,,,Water
|showteam|p2|Reuniclus||SitrusBerry|Overcoat|ExpandingForce,TrickRoom,TeraBlast,Recover|||F|||50|,,,,,Water]Tyranitar||AssaultVest|SandStream|KnockOff,RockSlide,TeraBlast,LowKick|||M|||50|,,,,,Flying]Indeedee-F||RockyHelmet|PsychicSurge|TrickRoom,FollowMe,HealPulse,DazzlingGleam|||F|||50|,,,,,Fairy]Sneasler||PsychicSeed|Unburden|RockSlide,Protect,CloseCombat,DireClaw|||M|||50|,,,,,Rock]Houndstone||Leftovers|SandRush|Protect,Yawn,Snarl,LastRespects|||M|||50|,,,,,Fairy]Basculegion||ChoiceScarf|Adaptability|FlipTurn,PhantomForce,WaveCrash,LastRespects|||M|||50|,,,,,Water
|
|t:|1757629122
|teamsize|p1|4
|teamsize|p2|4
|start
|switch|p1a: Pelipper|Pelipper, L50, M|100/100
|switch|p1b: Weavile|Weavile, L50, F|100/100
|switch|p2a: Reuniclus|Reuniclus, L50, F, shiny|100/100
|switch|p2b: Houndstone|Houndstone, L50, M|100/100
|-weather|RainDance|[from] ability: Drizzle|[of] p1a: Pelipper
|turn|1
|inactive|Battle timer is ON: inactive players will automatically lose when time's up. (requested by Reubz123)
|
|t:|1757629147
|switch|p1a: Archaludon|Archaludon, L50, F|100/100
|switch|p2a: Indeedee|Indeedee-F, L50, F, shiny|100/100
|-fieldstart|move: Psychic Terrain|[from] ability: Psychic Surge|[of] p2a: Indeedee
|move|p1b: Weavile|Beat Up|p1a: Archaludon
|-damage|p1a: Archaludon|94/100
|-ability|p1a: Archaludon|Stamina|boost
|-boost|p1a: Archaludon|def|1
|-damage|p1a: Archaludon|90/100
|-ability|p1a: Archaludon|Stamina|boost
|-boost|p1a: Archaludon|def|1
|-damage|p1a: Archaludon|88/100
|-ability|p1a: Archaludon|Stamina|boost
|-boost|p1a: Archaludon|def|1
|-damage|p1a: Archaludon|85/100
|-ability|p1a: Archaludon|Stamina|boost
|-boost|p1a: Archaludon|def|1
|-hitcount|p1a: Archaludon|4
|move|p2b: Houndstone|Snarl|p1a: Archaludon|[spread] p1a,p1b
|-resisted|p1b: Weavile
|-damage|p1a: Archaludon|81/100
|-damage|p1b: Weavile|97/100
|-unboost|p1a: Archaludon|spa|1
|-unboost|p1b: Weavile|spa|1
|-ability|p1a: Archaludon|Stamina|boost
|-boost|p1a: Archaludon|def|1
|
|-weather|RainDance|[upkeep]
|upkeep
|turn|2
|inactive|GRNSBRN has 30 seconds left.
|
|t:|1757629176
|-terastallize|p2a: Indeedee|Fairy
|move|p1b: Weavile|Ice Spinner|p2b: Houndstone
|-damage|p2b: Houndstone|58/100
|-fieldend|move: Psychic Terrain
|move|p2b: Houndstone|Yawn|p1a: Archaludon
|-start|p1a: Archaludon|move: Yawn|[of] p2b: Houndstone
|move|p1a: Archaludon|Electro Shot||[still]
|-prepare|p1a: Archaludon|Electro Shot
|-boost|p1a: Archaludon|spa|1
|-anim|p1a: Archaludon|Electro Shot|p2b: Houndstone
|-damage|p2b: Houndstone|7/100
|move|p2a: Indeedee|Dazzling Gleam|p1a: Archaludon|[spread] p1a,p1b
|-supereffective|p1b: Weavile
|-damage|p1a: Archaludon|68/100
|-damage|p1b: Weavile|42/100
|-ability|p1a: Archaludon|Stamina|boost
|-boost|p1a: Archaludon|def|1
|
|-weather|RainDance|[upkeep]
|-heal|p2b: Houndstone|13/100|[from] item: Leftovers
|upkeep
|turn|3
|
|t:|1757629197
|move|p2a: Indeedee|Follow Me|p2a: Indeedee
|-singleturn|p2a: Indeedee|move: Follow Me
|move|p1b: Weavile|Ice Spinner|p2a: Indeedee
|-damage|p2a: Indeedee|65/100
|-damage|p1b: Weavile|26/100|[from] item: Rocky Helmet|[of] p2a: Indeedee
|move|p2b: Houndstone|Snarl|p1a: Archaludon|[spread] p1a
|-miss|p2b: Houndstone|p1b: Weavile
|-damage|p1a: Archaludon|64/100
|-unboost|p1a: Archaludon|spa|1
|move|p1a: Archaludon|Electro Shot||[still]
|-prepare|p1a: Archaludon|Electro Shot
|-boost|p1a: Archaludon|spa|1
|-anim|p1a: Archaludon|Electro Shot|p2a: Indeedee
|-damage|p2a: Indeedee|25/100
|
|-weather|RainDance|[upkeep]
|-heal|p2b: Houndstone|20/100|[from] item: Leftovers
|-end|p1a: Archaludon|move: Yawn|[silent]
|-status|p1a: Archaludon|slp
|upkeep
|turn|4
|inactive|GRNSBRN has 30 seconds left.
|
|t:|1757629223
|switch|p2a: Sneasler|Sneasler, L50, M|100/100
|move|p2b: Houndstone|Protect|p2b: Houndstone
|-singleturn|p2b: Houndstone|Protect
|move|p1b: Weavile|Ice Spinner|p2a: Sneasler
|-damage|p2a: Sneasler|28/100
|cant|p1a: Archaludon|slp
|
|-weather|RainDance|[upkeep]
|-heal|p2b: Houndstone|26/100|[from] item: Leftovers
|upkeep
|turn|5
|
|t:|1757629238
|switch|p2b: Indeedee|Indeedee-F, L50, F, shiny, tera:Fairy|25/100
|-fieldstart|move: Psychic Terrain|[from] ability: Psychic Surge|[of] p2b: Indeedee
|-enditem|p2a: Sneasler|Psychic Seed
|-boost|p2a: Sneasler|spd|1|[from] item: Psychic Seed
|move|p2a: Sneasler|Close Combat|p1a: Archaludon
|-supereffective|p1a: Archaludon
|-damage|p1a: Archaludon|40/100 slp
|-unboost|p2a: Sneasler|def|1
|-unboost|p2a: Sneasler|spd|1
|move|p1b: Weavile|Ice Spinner|p2a: Sneasler
|-damage|p2a: Sneasler|0 fnt
|-fieldend|move: Psychic Terrain
|faint|p2a: Sneasler
|cant|p1a: Archaludon|slp
|
|-weather|none
|upkeep
|
|t:|1757629254
|switch|p2a: Reuniclus|Reuniclus, L50, F, shiny|100/100
|turn|6
|
|t:|1757629264
|move|p1b: Weavile|Snarl|p2a: Reuniclus|[spread] p2a,p2b
|-supereffective|p2a: Reuniclus
|-resisted|p2b: Indeedee
|-damage|p2a: Reuniclus|91/100
|-damage|p2b: Indeedee|23/100
|-unboost|p2a: Reuniclus|spa|1
|-unboost|p2b: Indeedee|spa|1
|cant|p1a: Archaludon|slp
|move|p2b: Indeedee|Dazzling Gleam|p1a: Archaludon|[spread] p1a,p1b
|-crit|p1a: Archaludon
|-supereffective|p1b: Weavile
|-damage|p1a: Archaludon|21/100 slp
|-damage|p1b: Weavile|0 fnt
|faint|p1b: Weavile
|move|p2a: Reuniclus|Tera Blast|p1a: Archaludon
|-resisted|p1a: Archaludon
|-damage|p1a: Archaludon|14/100 slp
|
|upkeep
|
|t:|1757629274
|switch|p1b: Pelipper|Pelipper, L50, M|100/100
|-weather|RainDance|[from] ability: Drizzle|[of] p1b: Pelipper
|turn|7
|
|t:|1757629285
|-curestatus|p1a: Archaludon|slp|[msg]
|move|p1a: Archaludon|Electro Shot||[still]
|-prepare|p1a: Archaludon|Electro Shot
|-boost|p1a: Archaludon|spa|1
|-anim|p1a: Archaludon|Electro Shot|p2b: Indeedee
|-damage|p2b: Indeedee|0 fnt
|faint|p2b: Indeedee
|move|p1b: Pelipper|Weather Ball|p2a: Reuniclus
|-damage|p2a: Reuniclus|28/100
|-enditem|p2a: Reuniclus|Sitrus Berry|[eat]
|-heal|p2a: Reuniclus|53/100|[from] item: Sitrus Berry
|move|p2a: Reuniclus|Expanding Force|p1b: Pelipper
|-damage|p1b: Pelipper|57/100
|
|-weather|RainDance|[upkeep]
|upkeep
|
|t:|1757629299
|switch|p2b: Houndstone|Houndstone, L50, M|26/100
|turn|8
|
|t:|1757629308
|move|p2b: Houndstone|Snarl|p1a: Archaludon|[spread] p1a,p1b
|-damage|p1a: Archaludon|11/100
|-damage|p1b: Pelipper|50/100
|-unboost|p1a: Archaludon|spa|1
|move|p1a: Archaludon|Electro Shot||[still]
|-prepare|p1a: Archaludon|Electro Shot
|-boost|p1a: Archaludon|spa|1
|-anim|p1a: Archaludon|Electro Shot|p2b: Houndstone
|-crit|p2b: Houndstone
|-damage|p2b: Houndstone|0 fnt
|faint|p2b: Houndstone
|move|p1b: Pelipper|Weather Ball|p2a: Reuniclus
|-damage|p2a: Reuniclus|0 fnt
|faint|p2a: Reuniclus
|
|win|Reubz123
|raw|Reubz123's rating: 1128 → 1146(+18 for winning)
|raw|GRNSBRN's rating: 1022 → 1013(-9 for losing)
|c|☆Reubz123|gg
|l|☆GRNSBRN
|player|p2|
