|j|☆InfiniKnight
|j|☆morphiusdoorphius
|html|InfiniKnightmorphiusdoorphius    
|uhtml|bestof|Game 1 of a best-of-3
|t:|1784594632
|gametype|doubles
|player|p1|InfiniKnight|gambler|
|player|p2|morphiusdoorphius|linebacker|
|gen|9
|tier|[Gen 9 Champions] VGC 2026 Reg M-B (Bo3)
|rule|Species Clause: Limit one of each Pokémon
|rule|Item Clause: Limit 1 of each item
|clearpoke
|poke|p1|Staraptor, L50, F, shiny|
|poke|p1|Kommo-o, L50, F, shiny|
|poke|p1|Oranguru, L50, F, shiny|
|poke|p1|Floette-Eternal, L50, F|
|poke|p1|Garganacl, L50, F, shiny|
|poke|p1|Annihilape, L50, F, shiny|
|poke|p2|Charizard, L50, F|
|poke|p2|Talonflame, L50, F|
|poke|p2|Primarina, L50, M|
|poke|p2|Kingambit, L50, F|
|poke|p2|Kleavor, L50, F|
|poke|p2|Scrafty, L50, M|
|teampreview|4
|showteam|p1|Staraptor||ChoiceScarf|Intimidate|Tailwind,DualWingbeat,FinalGambit,Uturn|Jolly||F|||50|]Kommo-o||DragonFang|Soundproof|AuraSphere,ClangingScales,ClangorousSoul,Protect|Bold||F|||50|]Oranguru||MentalHerb|InnerFocus|Instruct,Psychic,TrickRoom,Protect|Sassy||F|||50|]Floette-Eternal||Floettite|FlowerVeil|Protect,DazzlingGleam,Moonblast,LightofRuin|Timid||F|||50|]Garganacl||Leftovers|PurifyingSalt|SaltCure,Recover,Protect,HeavySlam|Impish||F|||50|]Annihilape||SitrusBerry|Defiant|RageFist,Protect,DrainPunch,BulkUp|Adamant||F|||50|
|showteam|p2|Charizard||CharizarditeY|Blaze|HeatWave,Protect,WeatherBall,SolarBeam|Modest||F|||50|]Talonflame||FocusSash|GaleWings|Tailwind,Protect,FlareBlitz,BraveBird|Jolly||F|||50|]Primarina||MysticWater|LiquidVoice|IceBeam,Moonblast,Protect,HyperVoice|Naive||M|||50|]Kingambit||ChopleBerry|Defiant|IronHead,Protect,SuckerPunch,SwordsDance|Adamant||F|||50|]Kleavor||WideLens|Sharpness|StoneAxe,XScissor,RockSlide,Protect|Adamant||F|||50|]Scrafty||Scraftinite|Intimidate|SuperFang,FakeOut,Protect,CloseCombat|Adamant||M|||50|
|j| budster16
|j| ChocoHammy
|
|t:|1784594690
|teamsize|p1|4
|teamsize|p2|4
|start
|switch|p1a: Garganacl|Garganacl, L50, F, shiny|100/100
|switch|p1b: Oranguru u glad?|Oranguru, L50, F, shiny|100/100
|switch|p2a: Kingambit|Kingambit, L50, F|100/100
|switch|p2b: Scrafty|Scrafty, L50, M|100/100
|-ability|p2b: Scrafty|Intimidate|boost
|-unboost|p1a: Garganacl|atk|1
|-fail|p1b: Oranguru u glad?|unboost|Attack|[from] ability: Inner Focus|[of] p1b: Oranguru u glad?
|turn|1
|j| Youax55
|
|t:|1784594749
|move|p2b: Scrafty|Fake Out|p1b: Oranguru u glad?
|-damage|p1b: Oranguru u glad?|87/100
|move|p2a: Kingambit|Swords Dance|p2a: Kingambit
|-boost|p2a: Kingambit|atk|2
|move|p1a: Garganacl|Salt Cure|p2a: Kingambit
|-resisted|p2a: Kingambit|1
|-damage|p2a: Kingambit|96/100
|-start|p2a: Kingambit|Salt Cure
|move|p1b: Oranguru u glad?|Trick Room|p1b: Oranguru u glad?
|-fieldstart|move: Trick Room|[of] p1b: Oranguru u glad?
|
|-damage|p2a: Kingambit|84/100|[from] Salt Cure
|upkeep
|turn|2
|
|t:|1784594777
|move|p1a: Garganacl|Salt Cure|p2b: Scrafty
|-resisted|p2b: Scrafty|1
|-damage|p2b: Scrafty|95/100
|-start|p2b: Scrafty|Salt Cure
|move|p2a: Kingambit|Iron Head|p1a: Garganacl
|-supereffective|p1a: Garganacl|1
|-damage|p1a: Garganacl|0 fnt
|faint|p1a: Garganacl
|move|p1b: Oranguru u glad?|Instruct|p1: Garganacl|[notarget]
|-fail|p1b: Oranguru u glad?
|move|p2b: Scrafty|Close Combat|p1b: Oranguru u glad?
|-damage|p1b: Oranguru u glad?|38/100
|-unboost|p2b: Scrafty|def|1
|-unboost|p2b: Scrafty|spd|1
|
|-damage|p2a: Kingambit|72/100|[from] Salt Cure
|-damage|p2b: Scrafty|88/100|[from] Salt Cure
|upkeep
|
|t:|1784594796
|switch|p1a: Floette|Floette-Eternal, L50, F|100/100
|turn|3
|
|t:|1784594824
|move|p1b: Oranguru u glad?|Instruct||[still]
|-fail|p1b: Oranguru u glad?
|move|p2a: Kingambit|Iron Head|p1a: Floette
|-supereffective|p1a: Floette|1
|-damage|p1a: Floette|0 fnt
|faint|p1a: Floette
|move|p2b: Scrafty|Close Combat|p1b: Oranguru u glad?
|-damage|p1b: Oranguru u glad?|0 fnt
|-unboost|p2b: Scrafty|def|1
|-unboost|p2b: Scrafty|spd|1
|faint|p1b: Oranguru u glad?
|
|-damage|p2a: Kingambit|60/100|[from] Salt Cure
|-damage|p2b: Scrafty|82/100|[from] Salt Cure
|upkeep
|
|t:|1784594859
|switch|p1b: komodor 64|Kommo-o, L50, F, shiny|100/100
|turn|4
|
|t:|1784594915
|switch|p2b: Kleavor|Kleavor, L50, F|100/100
|move|p2a: Kingambit|Iron Head|p1b: komodor 64
|-damage|p1b: komodor 64|25/100
|cant|p1b: komodor 64|flinch
|
|-damage|p2a: Kingambit|48/100|[from] Salt Cure
|upkeep
|turn|5
|
|t:|1784594932
|move|p2a: Kingambit|Iron Head|p1b: komodor 64
|-damage|p1b: komodor 64|0 fnt
|faint|p1b: komodor 64
|
|win|morphiusdoorphius
||InfiniKnight is ready for game 2.
||morphiusdoorphius is ready for game 2.
|uhtml|next|Next: Game 2 of 3
