|j|☆Pakaan64
|j|☆satandagiii2005
|html|Pakaan64satandagiii2005    
|uhtml|bestof|Game 1 of a best-of-3
|t:|1782763503
|gametype|doubles
|player|p1|Pakaan64|169|1286
|player|p2|satandagiii2005|byron|1177
|gen|9
|tier|[Gen 9 Champions] VGC 2026 Reg M-B (Bo3)
|rated|
|rule|Species Clause: Limit one of each Pokémon
|rule|Item Clause: Limit 1 of each item
|clearpoke
|poke|p1|Raichu, L50, M|
|poke|p1|Ninetales-Alola, L50, M|
|poke|p1|Volcarona, L50, M|
|poke|p1|Incineroar, L50, F|
|poke|p1|Aerodactyl, L50, F|
|poke|p1|Gholdengo, L50|
|poke|p2|Venusaur, L50, M|
|poke|p2|Swampert, L50, F|
|poke|p2|Pelipper, L50, F|
|poke|p2|Archaludon, L50, M|
|poke|p2|Maushold, L50|
|poke|p2|Gholdengo, L50|
|teampreview|4
|showteam|p1|Raichu||RaichuniteY|LightningRod|FakeOut,FocusBlast,ZapCannon,Protect|Hasty||M|||50|]Ninetales-Alola||FocusSash|SnowWarning|Blizzard,Moonblast,Protect,FreezeDry|Timid||M|||50|]Volcarona||Leftovers|FlameBody|RagePowder,Protect,QuiverDance,HeatWave|Bold||M|||50|]Incineroar||SitrusBerry|Intimidate|FakeOut,PartingShot,DarkestLariat,WillOWisp|Careful||F|||50|]Aerodactyl||Aerodactylite|Unnerve|Tailwind,RockSlide,DualWingbeat,Protect|Jolly||F|||50|]Gholdengo||WhiteHerb|GoodasGold|MakeItRain,NastyPlot,ShadowBall,Protect|Modest|||||50|
|showteam|p2|Venusaur||Venusaurite|Overgrow|SludgeBomb,EarthPower,GigaDrain,Protect|Modest||M|||50|]Swampert||Swampertite|Torrent|WaveCrash,Earthquake,IcePunch,Protect|Adamant||F|||50|]Pelipper||SitrusBerry|Drizzle|Hurricane,WeatherBall,Tailwind,WideGuard|Modest||F|||50|]Archaludon||Leftovers|Stamina|ElectroShot,DragonPulse,FlashCannon,Protect|Modest||M|||50|]Maushold||FocusSash|FriendGuard|FollowMe,SuperFang,RainDance,Protect|Jolly|||||50|]Gholdengo||LifeOrb|GoodasGold|MakeItRain,ShadowBall,PowerGem,Protect|Timid|||||50|
|inactive|Battle timer is ON: inactive players will automatically lose when time's up. (requested by Pakaan64)
|inactive|Pakaan64 has 60 seconds left.
|inactive|satandagiii2005 has 60 seconds left.
|
|t:|1782763553
|teamsize|p1|4
|teamsize|p2|4
|start
|switch|p1a: Raichu|Raichu, L50, M|100/100
|switch|p1b: Gholdengo|Gholdengo, L50|100/100
|switch|p2a: Swampert|Swampert, L50, F|100/100
|switch|p2b: Maushold|Maushold, L50|100/100
|turn|1
|inactive|Pakaan64 has 30 seconds left.
|inactive|Pakaan64 has 20 seconds left.
|inactive|Pakaan64 has 15 seconds left.
|inactive|Pakaan64 has 10 seconds left.
|
|t:|1782763600
|detailschange|p1a: Raichu|Raichu-Mega-Y, L50, M
|-mega|p1a: Raichu|Raichu|Raichunite Y
|detailschange|p2a: Swampert|Swampert-Mega, L50, F
|-mega|p2a: Swampert|Swampert|Swampertite
|move|p2b: Maushold|Protect|p2b: Maushold
|-singleturn|p2b: Maushold|Protect
|move|p2a: Swampert|Protect|p2a: Swampert
|-singleturn|p2a: Swampert|Protect
|move|p1a: Raichu|Fake Out|p2a: Swampert
|-activate|p2a: Swampert|move: Protect
|move|p1b: Gholdengo|Nasty Plot|p1b: Gholdengo
|-boost|p1b: Gholdengo|spa|2
|
|upkeep
|turn|2
|
|t:|1782763615
|switch|p1a: Incineroar|Incineroar, L50, F|100/100
|-ability|p1a: Incineroar|Intimidate|boost
|-unboost|p2a: Swampert|atk|1
|-unboost|p2b: Maushold|atk|1
|switch|p2b: Pelipper|Pelipper, L50, F|100/100
|-weather|RainDance|[from] ability: Drizzle|[of] p2b: Pelipper
|move|p1b: Gholdengo|Protect|p1b: Gholdengo
|-singleturn|p1b: Gholdengo|Protect
|move|p2a: Swampert|Earthquake|p1b: Gholdengo|[spread] p1a
|-activate|p1b: Gholdengo|move: Protect
|-immune|p2b: Pelipper
|-supereffective|p1a: Incineroar|1
|-damage|p1a: Incineroar|43/100
|-enditem|p1a: Incineroar|Sitrus Berry|[eat]
|-heal|p1a: Incineroar|68/100|[from] item: Sitrus Berry
|
|-weather|RainDance|[upkeep]
|upkeep
|turn|3
|inactive|satandagiii2005 has 30 seconds left.
|inactive|satandagiii2005 has 20 seconds left.
|inactive|satandagiii2005 has 15 seconds left.
|inactive|satandagiii2005 has 10 seconds left.
|
|t:|1782763664
|switch|p2a: Maushold|Maushold, L50|100/100
|switch|p1a: Ninetales|Ninetales-Alola, L50, M|100/100
|-weather|Snowscape|[from] ability: Snow Warning|[of] p1a: Ninetales
|move|p2b: Pelipper|Wide Guard|p2b: Pelipper
|-singleturn|p2b: Pelipper|Wide Guard
|move|p1b: Gholdengo|Shadow Ball|p2a: Maushold
|-immune|p2a: Maushold
|
|-weather|Snowscape|[upkeep]
|upkeep
|turn|4
|inactive|satandagiii2005 has 30 seconds left.
|inactive|Pakaan64 has 30 seconds left.
|
|t:|1782763695
|move|p2a: Maushold|Rain Dance|p2a: Maushold
|-weather|RainDance
|move|p1a: Ninetales|Freeze-Dry|p2b: Pelipper
|-supereffective|p2b: Pelipper|2
|-damage|p2b: Pelipper|7/100
|-enditem|p2b: Pelipper|Sitrus Berry|[eat]
|-heal|p2b: Pelipper|32/100|[from] item: Sitrus Berry
|move|p1b: Gholdengo|Nasty Plot|p1b: Gholdengo
|-boost|p1b: Gholdengo|spa|2
|move|p2b: Pelipper|Tailwind|p2b: Pelipper
|-sidestart|p2: satandagiii2005|move: Tailwind
|
|-weather|RainDance|[upkeep]
|upkeep
|turn|5
|
|t:|1782763719
|move|p2a: Maushold|Protect|p2a: Maushold
|-singleturn|p2a: Maushold|Protect
|move|p2b: Pelipper|Weather Ball|p1a: Ninetales
|-damage|p1a: Ninetales|28/100
|move|p1a: Ninetales|Moonblast|p2a: Maushold
|-activate|p2a: Maushold|move: Protect
|move|p1b: Gholdengo|Make It Rain|p2a: Maushold|[spread] p2b
|-activate|p2a: Maushold|move: Protect
|-resisted|p2b: Pelipper|1
|-damage|p2b: Pelipper|0 fnt
|-unboost|p1b: Gholdengo|spa|2
|faint|p2b: Pelipper
|
|-weather|RainDance|[upkeep]
|upkeep
|
|t:|1782763738
|switch|p2b: Gholdengo|Gholdengo, L50|100/100
|turn|6
|
|t:|1782763755
|switch|p1a: Incineroar|Incineroar, L50, F|68/100
|-ability|p1a: Incineroar|Intimidate|boost
|-unboost|p2a: Maushold|atk|1
|-unboost|p2b: Gholdengo|atk|1
|move|p2a: Maushold|Follow Me|p2a: Maushold
|-singleturn|p2a: Maushold|move: Follow Me
|move|p2b: Gholdengo|Power Gem|p1a: Incineroar
|-supereffective|p1a: Incineroar|1
|-damage|p1a: Incineroar|18/100
|-damage|p2b: Gholdengo|90/100|[from] item: Life Orb
|move|p1b: Gholdengo|Make It Rain|p2b: Gholdengo|[spread] p2a,p2b
|-resisted|p2b: Gholdengo|1
|-enditem|p2a: Maushold|Focus Sash
|-damage|p2a: Maushold|1/100
|-damage|p2b: Gholdengo|43/100
|-unboost|p1b: Gholdengo|spa|2
|
|-weather|RainDance|[upkeep]
|upkeep
|turn|7
|inactive|Pakaan64 has 30 seconds left.
|inactive|Pakaan64 has 20 seconds left.
|inactive|satandagiii2005 has 30 seconds left.
|inactive|Pakaan64 has 15 seconds left.
|inactive|Pakaan64 has 10 seconds left.
|
|t:|1782763805
|switch|p2a: Swampert|Swampert-Mega, L50, F|100/100
|move|p1b: Gholdengo|Protect|p1b: Gholdengo
|-singleturn|p1b: Gholdengo|Protect
|move|p1a: Incineroar|Fake Out|p2a: Swampert
|-damage|p2a: Swampert|89/100
|move|p2b: Gholdengo|Shadow Ball|p1b: Gholdengo
|-activate|p1b: Gholdengo|move: Protect
|
|-weather|RainDance|[upkeep]
|-sideend|p2: satandagiii2005|move: Tailwind
|upkeep
|turn|8
|inactive|Pakaan64 has 30 seconds left.
|inactive|Pakaan64 has 20 seconds left.
|inactive|Pakaan64 has 15 seconds left.
|inactive|Pakaan64 has 10 seconds left.
|inactive|Pakaan64 has 5 seconds left.
|
|t:|1782763857
|move|p2b: Gholdengo|Protect|p2b: Gholdengo
|-singleturn|p2b: Gholdengo|Protect
|move|p2a: Swampert|Earthquake|p1a: Incineroar|[spread] p1a,p1b
|-activate|p2b: Gholdengo|move: Protect
|-supereffective|p1a: Incineroar|1
|-supereffective|p1b: Gholdengo|1
|-damage|p1a: Incineroar|0 fnt
|-damage|p1b: Gholdengo|0 fnt
|faint|p1a: Incineroar
|faint|p1b: Gholdengo
|
|-weather|none
|upkeep
|
|t:|1782763865
|switch|p1b: Ninetales|Ninetales-Alola, L50, M|28/100
|switch|p1a: Raichu|Raichu-Mega-Y, L50, M|100/100
|-weather|Snowscape|[from] ability: Snow Warning|[of] p1b: Ninetales
|turn|9
|inactive|satandagiii2005 has 30 seconds left.
|
|t:|1782763892
|move|p2a: Swampert|Protect|p2a: Swampert
|-singleturn|p2a: Swampert|Protect
|move|p1a: Raichu|Zap Cannon|p2b: Gholdengo
|-damage|p2b: Gholdengo|0 fnt
|faint|p2b: Gholdengo
|move|p1b: Ninetales|Freeze-Dry|p2a: Swampert
|-activate|p2a: Swampert|move: Protect
|
|-weather|Snowscape|[upkeep]
|upkeep
|
|t:|1782763901
|switch|p2b: Maushold|Maushold, L50|1/100
|turn|10
|
|t:|1782763912
|move|p1a: Raichu|Zap Cannon|p2b: Maushold
|-damage|p2b: Maushold|0 fnt
|faint|p2b: Maushold
|move|p1b: Ninetales|Freeze-Dry|p2a: Swampert
|-supereffective|p2a: Swampert|2
|-damage|p2a: Swampert|0 fnt
|faint|p2a: Swampert
|
|win|Pakaan64
||satandagiii2005 is ready for game 2.
||Pakaan64 is ready for game 2.
|uhtml|next|Next: Game 2 of 3
