|j|☆entei enthusiast
|j|☆execute order 222
|html|entei enthusiastexecute order 222    
|uhtml|bestof|Game 1 of a best-of-3
|t:|1783998102
|gametype|doubles
|player|p1|entei enthusiast|kamado-armor|1281
|player|p2|execute order 222|courtney|1302
|gen|9
|tier|[Gen 9 Champions] VGC 2026 Reg M-B (Bo3)
|rated|
|rule|Species Clause: Limit one of each Pokémon
|rule|Item Clause: Limit 1 of each item
|clearpoke
|poke|p1|Floette-Eternal, L50, F|
|poke|p1|Palafin, L50, M, shiny|
|poke|p1|Kingambit, L50, M|
|poke|p1|Sneasler, L50, M|
|poke|p1|Incineroar, L50, M|
|poke|p1|Aerodactyl, L50, M|
|poke|p2|Metagross, L50, shiny|
|poke|p2|Hydreigon, L50, F|
|poke|p2|Venusaur, L50, M|
|poke|p2|Primarina, L50, F|
|poke|p2|Lycanroc-Dusk, L50, F|
|poke|p2|Talonflame, L50, M, shiny|
|teampreview|4
|showteam|p1|Floette-Eternal||Floettite|FlowerVeil|DazzlingGleam,DrainingKiss,CalmMind,Protect|Modest||F|||50|]Palafin||Leftovers|ZerotoHero|WaveCrash,JetPunch,BulkUp,Protect|Adamant||M|||50|]Kingambit||BlackGlasses|Defiant|KowtowCleave,SuckerPunch,SwordsDance,Protect|Adamant||M|||50|]Sneasler||FocusSash|Unburden|CloseCombat,DireClaw,FakeOut,Coaching|Jolly||M|||50|]Incineroar||SitrusBerry|Intimidate|FlareBlitz,FakeOut,DarkestLariat,PartingShot|Careful||M|||50|]Aerodactyl||Aerodactylite|Unnerve|RockSlide,DualWingbeat,IceFang,Protect|Jolly||M|||50|
|showteam|p2|Metagross||Metagrossite|ClearBody|IronHead,PsychicFangs,IcePunch,Protect|Jolly|||||50|]Hydreigon||LifeOrb|Levitate|DarkPulse,DracoMeteor,EarthPower,Protect|Modest||F|||50|]Venusaur||Venusaurite|Chlorophyll|GigaDrain,SludgeBomb,EarthPower,Protect|Modest||M|||50|]Primarina||ExpertBelt|LiquidVoice|HyperVoice,Moonblast,IceBeam,Protect|Modest||F|||50|]Lycanroc-Dusk||FocusSash|ToughClaws|RockSlide,CloseCombat,Accelerock,Protect|Adamant||F|||50|]Talonflame||Charcoal|GaleWings|Overheat,Tailwind,QuickGuard,Taunt|Timid||M|||50|
|inactive|Battle timer is ON: inactive players will automatically lose when time's up. (requested by entei enthusiast)
|inactive|entei enthusiast has 60 seconds left.
|inactive|execute order 222 has 60 seconds left.
|
|t:|1783998163
|teamsize|p1|4
|teamsize|p2|4
|start
|switch|p1a: Palafin|Palafin, L50, M, shiny|100/100
|switch|p1b: Kingambit|Kingambit, L50, M|100/100
|switch|p2a: Nanojump|Talonflame, L50, M, shiny|100/100
|switch|p2b: Yo-chan|Primarina, L50, F|100/100
|turn|1
|inactive|entei enthusiast has 30 seconds left.
|inactive|entei enthusiast has 20 seconds left.
|inactive|entei enthusiast has 15 seconds left.
|
|t:|1783998204
|detailschange|p1a: Palafin|Palafin-Hero, L50, M, shiny
|switch|p1a: Incineroar|Incineroar, L50, M|100/100
|-ability|p1a: Incineroar|Intimidate|boost
|-unboost|p2a: Nanojump|atk|1
|-unboost|p2b: Yo-chan|atk|1
|move|p1b: Kingambit|Protect|p1b: Kingambit
|-singleturn|p1b: Kingambit|Protect
|move|p2a: Nanojump|Overheat|p1b: Kingambit
|-activate|p1b: Kingambit|move: Protect
|move|p2b: Yo-chan|Moonblast|p1a: Incineroar
|-damage|p1a: Incineroar|57/100
|-unboost|p1a: Incineroar|spa|1
|
|upkeep
|turn|2
|
|t:|1783998224
|move|p2a: Nanojump|Quick Guard|p2a: Nanojump
|-singleturn|p2a: Nanojump|Quick Guard
|move|p1a: Incineroar|Fake Out|p2a: Nanojump
|-activate|p2a: Nanojump|move: Quick Guard
|move|p2b: Yo-chan|Hyper Voice|p1a: Incineroar|[spread] p1a,p1b
|-supereffective|p1a: Incineroar|1
|-damage|p1a: Incineroar|0 fnt
|-damage|p1b: Kingambit|66/100
|faint|p1a: Incineroar
|move|p1b: Kingambit|Swords Dance|p1b: Kingambit
|-boost|p1b: Kingambit|atk|2
|
|upkeep
|
|t:|1783998227
|switch|p1a: Palafin|Palafin-Hero, L50, M, shiny|100/100
|-activate|p1a: Palafin|ability: Zero to Hero
|turn|3
|inactive|execute order 222 has 30 seconds left.
|
|t:|1783998253
|move|p2a: Nanojump|Quick Guard|p2a: Nanojump
|-singleturn|p2a: Nanojump|Quick Guard
|move|p1b: Kingambit|Sucker Punch||[still]
|-fail|p1b: Kingambit
|move|p1a: Palafin|Bulk Up|p1a: Palafin
|-boost|p1a: Palafin|atk|1
|-boost|p1a: Palafin|def|1
|move|p2b: Yo-chan|Moonblast|p1b: Kingambit
|-damage|p1b: Kingambit|21/100
|
|upkeep
|turn|4
|
|t:|1783998269
|move|p1b: Kingambit|Protect|p1b: Kingambit
|-singleturn|p1b: Kingambit|Protect
|move|p2a: Nanojump|Tailwind|p2a: Nanojump
|-sidestart|p2: execute order 222|move: Tailwind
|move|p2b: Yo-chan|Hyper Voice|p1a: Palafin|[spread] p1a
|-activate|p1b: Kingambit|move: Protect
|-resisted|p1a: Palafin|1
|-damage|p1a: Palafin|81/100
|move|p1a: Palafin|Wave Crash|p2a: Nanojump
|-supereffective|p2a: Nanojump|1
|-damage|p2a: Nanojump|0 fnt
|faint|p2a: Nanojump
|-damage|p1a: Palafin|55/100|[from] Recoil
|
|-heal|p1a: Palafin|61/100|[from] item: Leftovers
|upkeep
|
|t:|1783998280
|switch|p2a: Jungle Dump|Venusaur, L50, M|100/100
|turn|5
|
|t:|1783998299
|detailschange|p2a: Jungle Dump|Venusaur-Mega, L50, M
|-mega|p2a: Jungle Dump|Venusaur|Venusaurite
|move|p1a: Palafin|Jet Punch|p2b: Yo-chan
|-resisted|p2b: Yo-chan|1
|-damage|p2b: Yo-chan|68/100
|move|p1b: Kingambit|Sucker Punch|p2a: Jungle Dump
|-damage|p2a: Jungle Dump|27/100
|move|p2a: Jungle Dump|Giga Drain|p1a: Palafin
|-supereffective|p1a: Palafin|1
|-damage|p1a: Palafin|0 fnt
|-heal|p2a: Jungle Dump|61/100|[from] drain|[of] p1a: Palafin
|faint|p1a: Palafin
|move|p2b: Yo-chan|Moonblast|p1b: Kingambit
|-damage|p1b: Kingambit|0 fnt
|faint|p1b: Kingambit
|
|upkeep
|
|t:|1783998307
|switch|p1b: Aerodactyl|Aerodactyl, L50, M|100/100
|-ability|p1b: Aerodactyl|Unnerve
|turn|6
|
|t:|1783998313
|detailschange|p1b: Aerodactyl|Aerodactyl-Mega, L50, M
|-mega|p1b: Aerodactyl|Aerodactyl|Aerodactylite
|move|p2a: Jungle Dump|Giga Drain|p1b: Aerodactyl
|-damage|p1b: Aerodactyl|55/100
|-heal|p2a: Jungle Dump|80/100|[from] drain|[of] p1b: Aerodactyl
|move|p1b: Aerodactyl|Rock Slide|p2a: Jungle Dump|[spread] p2a
|-miss|p1b: Aerodactyl|p2b: Yo-chan
|-damage|p2a: Jungle Dump|58/100
|move|p2b: Yo-chan|Hyper Voice|p1b: Aerodactyl
|-supereffective|p1b: Aerodactyl|1
|-damage|p1b: Aerodactyl|0 fnt
|faint|p1b: Aerodactyl
|
|win|execute order 222
||entei enthusiast is ready for game 2.
||execute order 222 is ready for game 2.
|uhtml|next|Next: Game 2 of 3
