|j|â˜†Feedofish
|j|â˜†AltForRandomTeams
|html|FeedofishAltForRandomTeams    
|uhtml|bestof|Game 2 of a best-of-3
|t:|1757704103
|gametype|doubles
|player|p1|Feedofish|juggler|1046
|player|p2|AltForRandomTeams|kieran-champion|1080
|gen|9
|tier|[Gen 9] VGC 2025 Reg H (Bo3)
|rated|
|rule|Species Clause: Limit one of each PokÃ©mon
|rule|Item Clause: Limit 1 of each item
|clearpoke
|poke|p1|Porygon2, L50|
|poke|p1|Swampert, L50, M|
|poke|p1|Garganacl, L50, M|
|poke|p1|Dragonite, L50, F|
|poke|p1|Volcarona, L50, F|
|poke|p1|Annihilape, L50, F|
|poke|p2|Gallade, L50, M|
|poke|p2|Torkoal, L50, M|
|poke|p2|Armarouge, L50, M|
|poke|p2|Indeedee-F, L50, F|
|poke|p2|Ursaluna, L50, F|
|poke|p2|Lilligant-Hisui, L50, F|
|teampreview|4
|showteam|p1|Porygon2||Eviolite|Download|Thunderbolt,IceBeam,TriAttack,Recover||||||50|,,,,,Normal]Swampert||Leftovers|Torrent|HydroPump,EarthPower,IcyWind,WideGuard|||M|||50|,,,,,Fire]Garganacl||RockyHelmet|PurifyingSalt|SaltCure,BodyPress,IronDefense,Recover|||M|||50|,,,,,Ghost]Dragonite||LifeOrb|InnerFocus|ExtremeSpeed,ScaleShot,StompingTantrum,Protect|||F|||50|,,,,,Normal]Volcarona||ClearAmulet|FlameBody|FieryDance,GigaDrain,QuiverDance,Protect|||F|||50|,,,,,Grass]Annihilape||AssaultVest|Defiant|RageFist,DrainPunch,PoisonJab,PhantomForce|||F|||50|,,,,,Fairy
|showteam|p2|Gallade||ClearAmulet|Sharpness|SacredSword,PsychoCut,TrickRoom,WideGuard|||M|||50|,,,,,Dark]Torkoal||Charcoal|Drought|Eruption,WeatherBall,EarthPower,Protect|||M|||50|,,,,,Water]Armarouge||LifeOrb|FlashFire|ExpandingForce,ArmorCannon,AuraSphere,TrickRoom|||M|||50|,,,,,Grass]Indeedee-F||SafetyGoggles|PsychicSurge|Psychic,HelpingHand,FollowMe,TrickRoom|||F|||50|,,,,,Fairy]Ursaluna||FlameOrb|Guts|Facade,HeadlongRush,Earthquake,Protect|||F|||50|,,,,,Ghost]Lilligant-Hisui||FocusSash|Chlorophyll|CloseCombat,LeafBlade,SleepPowder,AfterYou|||F|||50|,,,,,Ghost
|
|t:|1757704117
|teamsize|p1|4
|teamsize|p2|4
|start
|switch|p1a: Dragonite|Dragonite, L50, F|100/100
|switch|p1b: Volcarona|Volcarona, L50, F|100/100
|switch|p2a: Gallade|Gallade, L50, M|100/100
|switch|p2b: Indeedee|Indeedee-F, L50, F|100/100
|-fieldstart|move: Psychic Terrain|[from] ability: Psychic Surge|[of] p2b: Indeedee
|turn|1
|
|t:|1757704130
|-terastallize|p2b: Indeedee|Fairy
|move|p2b: Indeedee|Follow Me|p2b: Indeedee
|-singleturn|p2b: Indeedee|move: Follow Me
|move|p1b: Volcarona|Fiery Dance|p2b: Indeedee
|-damage|p2b: Indeedee|61/100
|move|p1a: Dragonite|Scale Shot|p2b: Indeedee
|-immune|p2b: Indeedee
|move|p2a: Gallade|Psycho Cut|p1b: Volcarona
|-damage|p1b: Volcarona|14/100
|
|upkeep
|turn|2
|
|t:|1757704150
|move|p2b: Indeedee|Follow Me|p2b: Indeedee
|-singleturn|p2b: Indeedee|move: Follow Me
|move|p1b: Volcarona|Fiery Dance|p2b: Indeedee
|-damage|p2b: Indeedee|20/100
|-boost|p1b: Volcarona|spa|1
|move|p1a: Dragonite|Stomping Tantrum|p2b: Indeedee
|-damage|p2b: Indeedee|0 fnt
|faint|p2b: Indeedee
|-damage|p1a: Dragonite|91/100|[from] item: Life Orb
|move|p2a: Gallade|Trick Room|p2a: Gallade
|-fieldstart|move: Trick Room|[of] p2a: Gallade
|
|upkeep
|
|t:|1757704158
|switch|p2b: Torkoal|Torkoal, L50, M, shiny|100/100
|-weather|SunnyDay|[from] ability: Drought|[of] p2b: Torkoal
|turn|3
|
|t:|1757704176
|switch|p1b: Garganacl|Garganacl, L50, M|100/100
|move|p2b: Torkoal|Eruption|p1a: Dragonite|[spread] p1a,p1b
|-resisted|p1a: Dragonite
|-resisted|p1b: Garganacl
|-crit|p1b: Garganacl
|-damage|p1a: Dragonite|47/100
|-damage|p1b: Garganacl|50/100
|move|p2a: Gallade|Psycho Cut|p1a: Dragonite
|-damage|p1a: Dragonite|0 fnt
|faint|p1a: Dragonite
|
|-weather|SunnyDay|[upkeep]
|upkeep
|
|t:|1757704188
|switch|p1a: Porygon2|Porygon2, L50|100/100
|-ability|p1a: Porygon2|Download|boost
|-boost|p1a: Porygon2|spa|1
|turn|4
|
|t:|1757704205
|switch|p2a: Ursaluna|Ursaluna, L50, F, shiny|100/100
|move|p2b: Torkoal|Eruption|p1b: Garganacl|[spread] p1a,p1b
|-resisted|p1b: Garganacl
|-damage|p1a: Porygon2|43/100
|-damage|p1b: Garganacl|20/100
|move|p1b: Garganacl|Salt Cure|p2b: Torkoal
|-supereffective|p2b: Torkoal
|-damage|p2b: Torkoal|78/100
|-start|p2b: Torkoal|Salt Cure
|move|p1a: Porygon2|Tri Attack|p2b: Torkoal
|-damage|p2b: Torkoal|6/100
|
|-weather|SunnyDay|[upkeep]
|-damage|p2b: Torkoal|0 fnt|[from] Salt Cure
|faint|p2b: Torkoal
|-status|p2a: Ursaluna|brn|[from] item: Flame Orb
|upkeep
|
|t:|1757704213
|switch|p2b: Gallade|Gallade, L50, M|100/100
|turn|5
|
|t:|1757704242
|-terastallize|p1b: Garganacl|Ghost
|move|p2b: Gallade|Wide Guard|p2b: Gallade
|-singleturn|p2b: Gallade|Wide Guard
|move|p1b: Garganacl|Recover|p1b: Garganacl
|-heal|p1b: Garganacl|70/100
|move|p2a: Ursaluna|Earthquake|p1a: Porygon2|[spread] p1a,p1b
|-activate|p2b: Gallade|move: Wide Guard
|-damage|p1a: Porygon2|0 fnt
|-damage|p1b: Garganacl|20/100
|faint|p1a: Porygon2
|
|-weather|SunnyDay|[upkeep]
|-damage|p2a: Ursaluna|94/100 brn|[from] brn
|-fieldend|move: Psychic Terrain
|upkeep
|l|â˜†Feedofish
|player|p1|
|j|â˜†Feedofish
|player|p1|Feedofish|juggler|
|
|t:|1757704261
|switch|p1a: Volcarona|Volcarona, L50, F|14/100
|turn|6
|
|t:|1757704280
|move|p1a: Volcarona|Protect|p1a: Volcarona
|-singleturn|p1a: Volcarona|Protect
|move|p2a: Ursaluna|Facade|p1a: Volcarona
|-activate|p1a: Volcarona|move: Protect
|move|p1b: Garganacl|Salt Cure|p2b: Gallade
|-resisted|p2b: Gallade
|-damage|p2b: Gallade|92/100
|-start|p2b: Gallade|Salt Cure
|move|p2b: Gallade|Psycho Cut|p1b: Garganacl
|-damage|p1b: Garganacl|0 fnt
|faint|p1b: Garganacl
|
|-weather|SunnyDay|[upkeep]
|-damage|p2a: Ursaluna|88/100 brn|[from] brn
|-damage|p2b: Gallade|79/100|[from] Salt Cure
|-fieldend|move: Trick Room
|upkeep
|turn|7
|
|t:|1757704297
|move|p1a: Volcarona|Giga Drain|p2a: Ursaluna
|-supereffective|p2a: Ursaluna
|-damage|p2a: Ursaluna|50/100 brn
|-heal|p1a: Volcarona|39/100|[from] drain|[of] p2a: Ursaluna
|move|p2b: Gallade|Psycho Cut|p1a: Volcarona
|-damage|p1a: Volcarona|0 fnt
|faint|p1a: Volcarona
|
|win|AltForRandomTeams
|raw|Feedofish's rating: 1046 → 1031(-15 for losing)
|raw|AltForRandomTeams's rating: 1080 → 1105(+25 for winning)
|l|â˜†Feedofish
|player|p1|
