|j|☆Lightoz VI
|j|☆no89
|html|Lightoz VIno89    
|uhtml|bestof|Game 1 of a best-of-3
|t:|1757933694
|gametype|doubles
|player|p1|Lightoz VI|blue-gen2|1522
|player|p2|no89|pokemonbreeder-gen4|1387
|gen|9
|tier|[Gen 9] VGC 2025 Reg H (Bo3)
|rated|
|rule|Species Clause: Limit one of each Pokémon
|rule|Item Clause: Limit 1 of each item
|clearpoke
|poke|p1|Incineroar, L50, M|
|poke|p1|Annihilape, L50, F|
|poke|p1|Dragonite, L50, M|
|poke|p1|Volcarona, L50, M|
|poke|p1|Rillaboom, L50, F|
|poke|p1|Basculegion, L50, M|
|poke|p2|Flamigo, L50, M|
|poke|p2|Gholdengo, L50|
|poke|p2|Milotic, L50, M|
|poke|p2|Archaludon, L50, M|
|poke|p2|Magmar, L50, F|
|poke|p2|Basculegion, L50, M|
|teampreview|4
|showteam|p1|Incineroar||SitrusBerry|Intimidate|FlareBlitz,KnockOff,FakeOut,PartingShot|||M|||50|,,,,,Ghost]Annihilape||SafetyGoggles|Defiant|CloseCombat,RageFist,Coaching,FinalGambit|||F|||50|,,,,,Water]Dragonite||LoadedDice|Multiscale|ScaleShot,Haze,SunnyDay,Protect|||M|||50|,,,,,Fairy]Volcarona||Leftovers|FlameBody|HeatWave,TeraBlast,QuiverDance,Protect|||M|||50|,,,,,Fairy]Rillaboom||AssaultVest|GrassySurge|WoodHammer,GrassyGlide,HighHorsepower,FakeOut|||F|||50|,,,,,Fire]Basculegion||ChoiceScarf|Adaptability|WaveCrash,LastRespects,FlipTurn,AquaJet|||M|||50|,,,,,Water
|showteam|p2|Flamigo||FocusSash|Scrappy|Tailwind,CloseCombat,BraveBird,Protect|||M|||50|,,,,,Ghost]Gholdengo||LifeOrb|GoodasGold|NastyPlot,MakeItRain,ShadowBall,Protect||||||50|,,,,,Steel]Milotic||SafetyGoggles|Competitive|Scald,Haze,IcyWind,Protect|||M|||50|,,,,,Grass]Archaludon||PowerHerb|Stalwart|ElectroShot,AuraSphere,DragonPulse,Protect|||M|||50|,,,,,Electric]Magmar||Eviolite|VitalSpirit|FollowMe,HeatWave,Taunt,Protect|||F|||50|,,,,,Grass]Basculegion||ChoiceScarf|Adaptability|WaveCrash,LastRespects,FlipTurn,IcyWind|||M|||50|,,,,,Water
|inactive|Battle timer is ON: inactive players will automatically lose when time's up. (requested by Lightoz VI)
|
|t:|1757933768
|teamsize|p1|4
|teamsize|p2|4
|start
|switch|p1a: Annihilape|Annihilape, L50, F, shiny|100/100
|switch|p1b: Volcarona|Volcarona, L50, M|100/100
|switch|p2a: Milotic|Milotic, L50, M|100/100
|switch|p2b: Archaludon|Archaludon, L50, M|100/100
|turn|1
|
|t:|1757933788
|switch|p2a: Basculegion|Basculegion, L50, M|100/100
|-terastallize|p2b: Archaludon|Electric
|move|p1a: Annihilape|Final Gambit|p2a: Basculegion
|-immune|p2a: Basculegion
|move|p1b: Volcarona|Quiver Dance|p1b: Volcarona
|-boost|p1b: Volcarona|spa|1
|-boost|p1b: Volcarona|spd|1
|-boost|p1b: Volcarona|spe|1
|move|p2b: Archaludon|Electro Shot||[still]
|-prepare|p2b: Archaludon|Electro Shot
|-boost|p2b: Archaludon|spa|1
|-enditem|p2b: Archaludon|Power Herb
|-anim|p2b: Archaludon|Electro Shot|p1b: Volcarona
|-damage|p1b: Volcarona|32/100
|
|-heal|p1b: Volcarona|38/100|[from] item: Leftovers
|upkeep
|turn|2
|
|t:|1757933810
|switch|p1a: Rillaboom|Rillaboom, L50, F, shiny|100/100
|-fieldstart|move: Grassy Terrain|[from] ability: Grassy Surge|[of] p1a: Rillaboom
|move|p1b: Volcarona|Protect|p1b: Volcarona
|-singleturn|p1b: Volcarona|Protect
|move|p2a: Basculegion|Wave Crash|p1b: Volcarona
|-activate|p1b: Volcarona|move: Protect
|move|p2b: Archaludon|Dragon Pulse|p1a: Rillaboom
|-damage|p1a: Rillaboom|57/100
|
|-heal|p1b: Volcarona|45/100|[from] Grassy Terrain
|-heal|p1b: Volcarona|51/100|[from] item: Leftovers
|-heal|p1a: Rillaboom|63/100|[from] Grassy Terrain
|upkeep
|turn|3
|
|t:|1757933828
|move|p1a: Rillaboom|Grassy Glide|p2a: Basculegion
|-supereffective|p2a: Basculegion
|-damage|p2a: Basculegion|8/100
|move|p1b: Volcarona|Heat Wave|p2b: Archaludon|[spread] p2a
|-miss|p1b: Volcarona|p2b: Archaludon
|-resisted|p2a: Basculegion
|-damage|p2a: Basculegion|0 fnt
|faint|p2a: Basculegion
|move|p2b: Archaludon|Dragon Pulse|p1a: Rillaboom
|-damage|p1a: Rillaboom|19/100
|
|-heal|p1b: Volcarona|57/100|[from] Grassy Terrain
|-heal|p1b: Volcarona|63/100|[from] item: Leftovers
|-heal|p1a: Rillaboom|25/100|[from] Grassy Terrain
|upkeep
|
|t:|1757933850
|switch|p2a: Milotic|Milotic, L50, M|100/100
|turn|4
|
|t:|1757933857
|move|p1a: Rillaboom|Grassy Glide|p2b: Archaludon
|-damage|p2b: Archaludon|70/100
|move|p1b: Volcarona|Heat Wave|p2a: Milotic|[spread] p2a,p2b
|-resisted|p2a: Milotic
|-damage|p2a: Milotic|82/100
|-damage|p2b: Archaludon|3/100
|move|p2b: Archaludon|Dragon Pulse|p1a: Rillaboom
|-damage|p1a: Rillaboom|0 fnt
|faint|p1a: Rillaboom
|move|p2a: Milotic|Haze|p2a: Milotic
|-clearallboost
|
|-heal|p1b: Volcarona|69/100|[from] Grassy Terrain
|-heal|p1b: Volcarona|76/100|[from] item: Leftovers
|-heal|p2b: Archaludon|9/100|[from] Grassy Terrain
|-heal|p2a: Milotic|88/100|[from] Grassy Terrain
|upkeep
|
|t:|1757933864
|switch|p1a: Annihilape|Annihilape, L50, F, shiny|100/100
|turn|5
|
|t:|1757933875
|move|p1a: Annihilape|Rage Fist|p2b: Archaludon
|-damage|p2b: Archaludon|0 fnt
|faint|p2b: Archaludon
|move|p1b: Volcarona|Quiver Dance|p1b: Volcarona
|-boost|p1b: Volcarona|spa|1
|-boost|p1b: Volcarona|spd|1
|-boost|p1b: Volcarona|spe|1
|move|p2a: Milotic|Scald|p1b: Volcarona
|-supereffective|p1b: Volcarona
|-damage|p1b: Volcarona|30/100
|
|-heal|p1b: Volcarona|37/100|[from] Grassy Terrain
|-heal|p1b: Volcarona|43/100|[from] item: Leftovers
|-heal|p2a: Milotic|94/100|[from] Grassy Terrain
|upkeep
|
|t:|1757933886
|switch|p2b: Flamigo|Flamigo, L50, M|100/100
|turn|6
|
|t:|1757933907
|move|p2b: Flamigo|Protect|p2b: Flamigo
|-singleturn|p2b: Flamigo|Protect
|move|p1b: Volcarona|Heat Wave|p2a: Milotic|[spread] p2a
|-activate|p2b: Flamigo|move: Protect
|-resisted|p2a: Milotic
|-damage|p2a: Milotic|73/100
|-status|p2a: Milotic|brn
|move|p1a: Annihilape|Final Gambit|p2a: Milotic
|-damage|p2a: Milotic|0 fnt
|faint|p1a: Annihilape
|faint|p2a: Milotic
|
|-heal|p1b: Volcarona|49/100|[from] Grassy Terrain
|-heal|p1b: Volcarona|55/100|[from] item: Leftovers
|-fieldend|move: Grassy Terrain
|upkeep
|
|t:|1757933911
|switch|p1a: Basculegion|Basculegion, L50, M|100/100
|turn|7
|-message|no89 forfeited.
|
|win|Lightoz VI
||Lightoz VI is ready for game 2.
||no89 is ready for game 2.
|uhtml|next|Next: Game 2 of 3
|l|☆Lightoz VI
|player|p1|
