|j|☆bl4ckdri
|j|☆jeanryupr
|html|bl4ckdrijeanryupr    
|uhtml|bestof|Game 3 of a best-of-3
|t:|1785166896
|gametype|doubles
|player|p1|bl4ckdri|266|1164
|player|p2|jeanryupr|265|1133
|gen|9
|tier|[Gen 9 Champions] VGC 2026 Reg M-B (Bo3)
|rated|
|rule|Species Clause: Limit one of each Pokémon
|rule|Item Clause: Limit 1 of each item
|clearpoke
|poke|p1|Corviknight, L50, M|
|poke|p1|Raichu, L50, F|
|poke|p1|Tyranitar, L50, M|
|poke|p1|Garchomp, L50, M|
|poke|p1|Sylveon, L50, M|
|poke|p1|Sinistcha, L50|
|poke|p2|Staraptor, L50, M|
|poke|p2|Glimmora, L50, F|
|poke|p2|Whimsicott, L50, F|
|poke|p2|Kingambit, L50, M|
|poke|p2|Garchomp, L50, M|
|poke|p2|Delphox, L50, M|
|teampreview|4
|showteam|p1|Corviknight||Leftovers|MirrorArmor|BraveBird,Protect,Tailwind,IronHead|Adamant||M|||50|]Raichu||RaichuniteY|Static|FakeOut,FocusBlast,ZapCannon,Protect|Timid||F|||50|]Tyranitar||FocusSash|SandStream|RockSlide,KnockOff,Superpower,Protect|Adamant||M|||50|]Garchomp||SitrusBerry|RoughSkin|DragonClaw,RockSlide,StompingTantrum,Protect|Adamant||M|||50|]Sylveon||FairyFeather|Pixilate|HyperVoice,Yawn,QuickAttack,Detect|Modest||M|||50|]Sinistcha||KasibBerry|Hospitality|MatchaGotcha,Protect,ShadowBall,RagePowder|Modest|||||50|
|showteam|p2|Staraptor||Staraptite|Intimidate|CloseCombat,BraveBird,Roost,Protect|Jolly||M|||50|]Glimmora||FocusSash|ToxicDebris|PowerGem,SludgeBomb,EarthPower,SpikyShield|Modest||F|||50|]Whimsicott||OccaBerry|Prankster|Tailwind,Moonblast,Charm,LightScreen|Timid||F|||50|]Kingambit||ChopleBerry|Defiant|KowtowCleave,IronHead,LowKick,SuckerPunch|Adamant||M|||50|]Garchomp||ChoiceScarf|RoughSkin|Earthquake,DragonClaw,RockSlide,StompingTantrum|Adamant||M|||50|]Delphox||Delphoxite|Blaze|HeatWave,Psychic,Encore,Protect|Timid||M|||50|
|
|t:|1785166926
|teamsize|p1|4
|teamsize|p2|4
|start
|switch|p1a: Corviknight|Corviknight, L50, M|100/100
|switch|p1b: Tyranitar|Tyranitar, L50, M|100/100
|switch|p2a: Whimsicott|Whimsicott, L50, F|100/100
|switch|p2b: Delphox|Delphox, L50, M|100/100
|-weather|Sandstorm|[from] ability: Sand Stream|[of] p1b: Tyranitar
|turn|1
|
|t:|1785166942
|switch|p2b: Garchomp|Garchomp, L50, M|100/100
|move|p2a: Whimsicott|Tailwind|p2a: Whimsicott
|-sidestart|p2: jeanryupr|move: Tailwind
|move|p1b: Tyranitar|Rock Slide|p2b: Garchomp|[spread] p2a,p2b
|-crit|p2a: Whimsicott
|-resisted|p2b: Garchomp|1
|-crit|p2b: Garchomp
|-damage|p2a: Whimsicott|52/100
|-damage|p2b: Garchomp|76/100
|move|p1a: Corviknight|Iron Head|p2a: Whimsicott
|-supereffective|p2a: Whimsicott|1
|-damage|p2a: Whimsicott|0 fnt
|faint|p2a: Whimsicott
|
|-weather|Sandstorm|[upkeep]
|upkeep
|
|t:|1785166954
|switch|p2a: Delphox|Delphox, L50, M|100/100
|turn|2
|
|t:|1785166968
|detailschange|p2a: Delphox|Delphox-Mega, L50, M
|-mega|p2a: Delphox|Delphox|Delphoxite
|move|p2a: Delphox|Protect|p2a: Delphox
|-singleturn|p2a: Delphox|Protect
|move|p2b: Garchomp|Earthquake|p1b: Tyranitar|[spread] p1b
|-activate|p2a: Delphox|move: Protect
|-immune|p1a: Corviknight
|-supereffective|p1b: Tyranitar|1
|-damage|p1b: Tyranitar|31/100
|move|p1b: Tyranitar|Rock Slide|p2b: Garchomp|[spread] 
|-activate|p2a: Delphox|move: Protect
|-miss|p1b: Tyranitar|p2b: Garchomp
|move|p1a: Corviknight|Tailwind|p1a: Corviknight
|-sidestart|p1: bl4ckdri|move: Tailwind
|
|-weather|Sandstorm|[upkeep]
|-damage|p2a: Delphox|94/100|[from] Sandstorm
|upkeep
|turn|3
|
|t:|1785166989
|move|p1b: Tyranitar|Protect|p1b: Tyranitar
|-singleturn|p1b: Tyranitar|Protect
|move|p2b: Garchomp|Earthquake|p1b: Tyranitar|[spread] 
|-activate|p1b: Tyranitar|move: Protect
|-immune|p2a: Delphox|[from] ability: Levitate
|-immune|p1a: Corviknight
|move|p2a: Delphox|Heat Wave|p1a: Corviknight|[spread] p1a
|-activate|p1b: Tyranitar|move: Protect
|-supereffective|p1a: Corviknight|1
|-damage|p1a: Corviknight|3/100
|move|p1a: Corviknight|Brave Bird|p2a: Delphox
|-damage|p2a: Delphox|10/100
|-damage|p1a: Corviknight|0 fnt|[from] Recoil
|faint|p1a: Corviknight
|
|-weather|Sandstorm|[upkeep]
|-damage|p2a: Delphox|4/100|[from] Sandstorm
|upkeep
|
|t:|1785167012
|switch|p1a: Raichu|Raichu, L50, F|100/100
|turn|4
|
|t:|1785167042
|switch|p2b: Glimmora|Glimmora, L50, F|100/100
|switch|p1b: Garchomp|Garchomp, L50, M|100/100
|detailschange|p1a: Raichu|Raichu-Mega-Y, L50, F
|-mega|p1a: Raichu|Raichu|Raichunite Y
|move|p1a: Raichu|Protect|p1a: Raichu
|-singleturn|p1a: Raichu|Protect
|move|p2a: Delphox|Encore||[still]
|-fail|p2a: Delphox
|
|-weather|Sandstorm|[upkeep]
|-damage|p2a: Delphox|0 fnt|[from] Sandstorm
|-damage|p1a: Raichu|93/100|[from] Sandstorm
|faint|p2a: Delphox
|-sideend|p2: jeanryupr|move: Tailwind
|upkeep
|
|t:|1785167052
|switch|p2a: Garchomp|Garchomp, L50, M|76/100
|turn|5
|
|t:|1785167074
|switch|p1a: Tyranitar|Tyranitar, L50, M|31/100
|move|p1b: Garchomp|Dragon Claw|p2a: Garchomp
|-supereffective|p2a: Garchomp|1
|-damage|p2a: Garchomp|3/100
|-damage|p1b: Garchomp|87/100|[from] ability: Rough Skin|[of] p2a: Garchomp
|move|p2a: Garchomp|Dragon Claw|p1b: Garchomp
|-supereffective|p1b: Garchomp|1
|-damage|p1b: Garchomp|11/100
|-damage|p2a: Garchomp|0 fnt|[from] ability: Rough Skin|[of] p1b: Garchomp
|-enditem|p1b: Garchomp|Sitrus Berry|[eat]
|-heal|p1b: Garchomp|35/100|[from] item: Sitrus Berry
|faint|p2a: Garchomp
|move|p2b: Glimmora|Power Gem|p1b: Garchomp
|-resisted|p1b: Garchomp|1
|-damage|p1b: Garchomp|14/100
|
|-weather|none
|-sideend|p1: bl4ckdri|move: Tailwind
|upkeep
|turn|6
|
|t:|1785167102
|move|p1b: Garchomp|Stomping Tantrum|p2b: Glimmora
|-supereffective|p2b: Glimmora|2
|-enditem|p2b: Glimmora|Focus Sash
|-damage|p2b: Glimmora|1/100
|-activate|p2b: Glimmora|ability: Toxic Debris
|-sidestart|p1: bl4ckdri|move: Toxic Spikes
|move|p2b: Glimmora|Earth Power|p1b: Garchomp
|-damage|p1b: Garchomp|0 fnt
|faint|p1b: Garchomp
|move|p1a: Tyranitar|Knock Off|p2b: Glimmora
|-damage|p2b: Glimmora|0 fnt
|-activate|p2b: Glimmora|ability: Toxic Debris
|-sidestart|p1: bl4ckdri|move: Toxic Spikes
|faint|p2b: Glimmora
|
|win|bl4ckdri
