|j|☆the winking dol
|j|☆Rapmonsterfan728
|html|the winking dolRapmonsterfan728    
|uhtml|bestof|Game 2 of a best-of-3
|t:|1756303776
|gametype|doubles
|player|p1|the winking dol|dawn|1147
|player|p2|Rapmonsterfan728|rika|1235
|gen|9
|tier|[Gen 9] VGC 2025 Reg H (Bo3)
|rated|
|rule|Species Clause: Limit one of each Pokémon
|rule|Item Clause: Limit 1 of each item
|clearpoke
|poke|p1|Rillaboom, L50, M|
|poke|p1|Glimmora, L50, M|
|poke|p1|Farigiraf, L50, F|
|poke|p1|Tyranitar, L50, M|
|poke|p1|Kommo-o, L50, F|
|poke|p1|Gholdengo, L50|
|poke|p2|Tyranitar, L50, F|
|poke|p2|Corviknight, L50, M|
|poke|p2|Dragapult, L50, F|
|poke|p2|Kilowattrel, L50, F|
|poke|p2|Garchomp, L50, M|
|poke|p2|Amoonguss, L50, M|
|teampreview|4
|showteam|p1|Rillaboom||MiracleSeed|GrassySurge|WoodHammer,GrassyGlide,HighHorsepower,FakeOut|||M|||50|,,,,,Poison]Glimmora||LifeOrb|ToxicDebris|PowerGem,EarthPower,SludgeWave,SpikyShield|||M|||50|,,,,,Ghost]Farigiraf||SitrusBerry|ArmorTail|Psychic,HyperVoice,FoulPlay,TrickRoom|||F|||50|,,,,,Dark]Tyranitar||AssaultVest|SandStream|RockSlide,KnockOff,LowKick,TeraBlast|||M|||50|,,,,,Ghost]Kommo-o||Leftovers|Overcoat|ClangingScales,AuraSphere,Flamethrower,ClangorousSoul|||F|||50|,,,,,Steel]Gholdengo||ChoiceScarf|GoodasGold|MakeItRain,ShadowBall,Trick,Protect||||||50|,,,,,Steel
|showteam|p2|Tyranitar||AssaultVest|SandStream|RockSlide,KnockOff,LowKick,TeraBlast|||F|||50|,,,,,Flying]Corviknight||SitrusBerry|MirrorArmor|BraveBird,BodyPress,Tailwind,Roost|||M|||50|,,,,,Fire]Dragapult||ChoiceSpecs|Infiltrator|ShadowBall,DracoMeteor,Flamethrower,Uturn|||F|||50|,,,,,Stellar]Kilowattrel||FocusSash|VoltAbsorb|Thunderbolt,AirSlash,Tailwind,Protect|||F|||50|,,,,,Stellar]Garchomp||Leftovers|SandVeil|Earthquake,DragonClaw,Substitute,Protect|||M|||50|,,,,,Steel]Amoonguss||CovertCloak|Regenerator|PollenPuff,ClearSmog,RagePowder,Spore|||M|||50|,,,,,Fairy
|inactive|Battle timer is ON: inactive players will automatically lose when time's up. (requested by the winking dol)
|inactive|the winking dol has 60 seconds left.
|inactive|the winking dol has 30 seconds left.
|inactive|the winking dol has 20 seconds left.
|inactive|the winking dol has 15 seconds left.
|inactive|the winking dol has 10 seconds left.
|inactive|the winking dol has 5 seconds left.
|
|t:|1756303865
|teamsize|p1|4
|teamsize|p2|4
|start
|switch|p1a: Rillaboom|Rillaboom, L50, M|100/100
|switch|p1b: Gholdengo|Gholdengo, L50|100/100
|switch|p2a: Corviknight|Corviknight, L50, M|100/100
|switch|p2b: Dragapult|Dragapult, L50, F|100/100
|-fieldstart|move: Grassy Terrain|[from] ability: Grassy Surge|[of] p1a: Rillaboom
|turn|1
|
|t:|1756303877
|switch|p2b: Tyranitar|Tyranitar, L50, F|100/100
|-weather|Sandstorm|[from] ability: Sand Stream|[of] p2b: Tyranitar
|switch|p1a: Glimmora|Glimmora, L50, M|100/100
|move|p1b: Gholdengo|Shadow Ball|p2b: Tyranitar
|-resisted|p2b: Tyranitar
|-damage|p2b: Tyranitar|95/100
|-unboost|p2b: Tyranitar|spd|1
|move|p2a: Corviknight|Brave Bird|p1a: Glimmora
|-resisted|p1a: Glimmora
|-damage|p1a: Glimmora|83/100
|-activate|p1a: Glimmora|ability: Toxic Debris
|-sidestart|p2: Rapmonsterfan728|move: Toxic Spikes
|-damage|p2a: Corviknight|95/100|[from] Recoil
|
|-weather|Sandstorm|[upkeep]
|-heal|p1a: Glimmora|89/100|[from] Grassy Terrain
|-heal|p2b: Tyranitar|100/100|[from] Grassy Terrain
|upkeep
|turn|2
|inactive|the winking dol has 30 seconds left.
|inactive|Rapmonsterfan728 has 30 seconds left.
|inactive|the winking dol has 20 seconds left.
|inactive|Rapmonsterfan728 has 20 seconds left.
|inactive|the winking dol has 15 seconds left.
|
|t:|1756303922
|switch|p1b: Kommo-o|Kommo-o, L50, F|100/100
|move|p1a: Glimmora|Power Gem|p2a: Corviknight
|-damage|p2a: Corviknight|42/100
|-enditem|p2a: Corviknight|Sitrus Berry|[eat]
|-heal|p2a: Corviknight|66/100|[from] item: Sitrus Berry
|-damage|p1a: Glimmora|79/100|[from] item: Life Orb
|move|p2a: Corviknight|Tailwind|p2a: Corviknight
|-sidestart|p2: Rapmonsterfan728|move: Tailwind
|move|p2b: Tyranitar|Knock Off|p1b: Kommo-o
|-resisted|p1b: Kommo-o
|-damage|p1b: Kommo-o|82/100
|-enditem|p1b: Kommo-o|Leftovers|[from] move: Knock Off|[of] p2b: Tyranitar
|
|-weather|Sandstorm|[upkeep]
|-heal|p1a: Glimmora|85/100|[from] Grassy Terrain
|-heal|p1b: Kommo-o|88/100|[from] Grassy Terrain
|upkeep
|turn|3
|
|t:|1756303943
|switch|p1b: Gholdengo|Gholdengo, L50|100/100
|-terastallize|p2b: Tyranitar|Flying
|move|p2a: Corviknight|Body Press|p1b: Gholdengo
|-immune|p1b: Gholdengo
|move|p2b: Tyranitar|Tera Blast|p1b: Gholdengo|[anim] Tera Blast Flying
|-resisted|p1b: Gholdengo
|-damage|p1b: Gholdengo|80/100
|move|p1a: Glimmora|Power Gem|p2a: Corviknight
|-damage|p2a: Corviknight|9/100
|-damage|p1a: Glimmora|75/100|[from] item: Life Orb
|
|-weather|Sandstorm|[upkeep]
|-damage|p2b: Tyranitar|95/100|[from] Sandstorm
|-heal|p1b: Gholdengo|86/100|[from] Grassy Terrain
|-heal|p1a: Glimmora|80/100|[from] Grassy Terrain
|upkeep
|turn|4
|inactive|the winking dol has 30 seconds left.
|
|t:|1756303976
|move|p1b: Gholdengo|Make It Rain|p2a: Corviknight|[spread] p2a,p2b
|-resisted|p2a: Corviknight
|-damage|p2a: Corviknight|0 fnt
|-damage|p2b: Tyranitar|67/100
|-unboost|p1b: Gholdengo|spa|1
|faint|p2a: Corviknight
|move|p2b: Tyranitar|Knock Off|p1b: Gholdengo
|-supereffective|p1b: Gholdengo
|-damage|p1b: Gholdengo|0 fnt
|-enditem|p1b: Gholdengo|Choice Scarf|[from] move: Knock Off|[of] p2b: Tyranitar
|faint|p1b: Gholdengo
|move|p1a: Glimmora|Power Gem|p2b: Tyranitar
|-supereffective|p2b: Tyranitar
|-damage|p2b: Tyranitar|0 fnt
|faint|p2b: Tyranitar
|-damage|p1a: Glimmora|70/100|[from] item: Life Orb
|
|-weather|Sandstorm|[upkeep]
|-heal|p1a: Glimmora|76/100|[from] Grassy Terrain
|upkeep
|
|t:|1756303996
|switch|p1b: Rillaboom|Rillaboom, L50, M|100/100
|switch|p2a: Dragapult|Dragapult, L50, F|100/100
|switch|p2b: Garchomp|Garchomp, L50, M|100/100
|-status|p2a: Dragapult|psn
|-status|p2b: Garchomp|psn
|turn|5
|inactive|the winking dol has 30 seconds left.
|inactive|the winking dol has 20 seconds left.
|inactive|the winking dol has 15 seconds left.
|inactive|the winking dol has 10 seconds left.
|inactive|the winking dol has 5 seconds left.
|inactive|Rapmonsterfan728 has 30 seconds left.
|
|t:|1756304053
|-terastallize|p1a: Glimmora|Ghost
|move|p2a: Dragapult|Draco Meteor|p1b: Rillaboom
|-damage|p1b: Rillaboom|0 fnt
|-unboost|p2a: Dragapult|spa|2
|faint|p1b: Rillaboom
|move|p2b: Garchomp|Substitute|p2b: Garchomp
|-start|p2b: Garchomp|Substitute
|-damage|p2b: Garchomp|76/100 psn
|move|p1a: Glimmora|Power Gem|p2a: Dragapult
|-crit|p2a: Dragapult
|-damage|p2a: Dragapult|0 fnt
|faint|p2a: Dragapult
|-damage|p1a: Glimmora|66/100|[from] item: Life Orb
|
|-weather|none
|-heal|p2b: Garchomp|82/100 psn|[from] Grassy Terrain
|-heal|p2b: Garchomp|88/100 psn|[from] item: Leftovers
|-heal|p1a: Glimmora|72/100|[from] Grassy Terrain
|-damage|p2b: Garchomp|76/100 psn|[from] psn
|-sideend|p2: Rapmonsterfan728|move: Tailwind
|-fieldend|move: Grassy Terrain
|upkeep
|
|t:|1756304071
|switch|p1b: Kommo-o|Kommo-o, L50, F|88/100
|turn|6
|inactive|the winking dol has 30 seconds left.
|
|t:|1756304100
|move|p2b: Garchomp|Dragon Claw|p1b: Kommo-o
|-supereffective|p1b: Kommo-o
|-damage|p1b: Kommo-o|19/100
|move|p1a: Glimmora|Earth Power|p2b: Garchomp
|-end|p2b: Garchomp|Substitute
|-damage|p1a: Glimmora|62/100|[from] item: Life Orb
|move|p1b: Kommo-o|Clanging Scales|p2b: Garchomp
|-supereffective|p2b: Garchomp
|-damage|p2b: Garchomp|0 fnt
|faint|p2b: Garchomp
|
|win|the winking dol
|inactive|the winking dol has 30 seconds to confirm battle start!
|inactive|Rapmonsterfan728 has 30 seconds to confirm battle start!
||the winking dol is ready for game 3.
||Rapmonsterfan728 is ready for game 3.
|uhtml|next|Next: Game 3 of 3
|l|☆the winking dol
|player|p1|
