|j|☆ShadowOfAMan
|j|☆Shalude
|html|ShadowOfAManShalude    
|uhtml|bestof|Game 3 of a best-of-3
|t:|1756811680
|gametype|doubles
|player|p1|ShadowOfAMan|elio-usum|1193
|player|p2|Shalude|bugcatcher-gen4dp|1175
|gen|9
|tier|[Gen 9] VGC 2025 Reg H (Bo3)
|rated|
|rule|Species Clause: Limit one of each Pokémon
|rule|Item Clause: Limit 1 of each item
|clearpoke
|poke|p1|Politoed, L50, F|
|poke|p1|Gothitelle, L50, M|
|poke|p1|Archaludon, L50, F|
|poke|p1|Incineroar, L50, F|
|poke|p1|Amoonguss, L50, F|
|poke|p1|Kingdra, L50, F|
|poke|p2|Rillaboom, L50, M|
|poke|p2|Gholdengo, L50|
|poke|p2|Incineroar, L50, F|
|poke|p2|Annihilape, L50, M|
|poke|p2|Tyranitar, L50, F|
|poke|p2|Electabuzz, L50, M|
|teampreview|4
|showteam|p1|Politoed||Leftovers|Drizzle|WeatherBall,Encore,PerishSong,Protect|||F|||50|,,,,,Grass]Gothitelle||SitrusBerry|ShadowTag|FakeOut,Psychic,TrickRoom,Protect|||M|||50|,,,,,Dark]Archaludon||PowerHerb|Sturdy|ElectroShot,DragonPulse,FlashCannon,Protect|||F|||50|,,,,,Electric]Incineroar||SafetyGoggles|Intimidate|FakeOut,PartingShot,KnockOff,Protect|||F|||50|,,,,,Ghost]Amoonguss||EjectButton|Regenerator|PollenPuff,Spore,RagePowder,Protect|||F|||50|,,,,,Fairy]Kingdra||LifeOrb|SwiftSwim|MuddyWater,WeatherBall,DracoMeteor,Protect|||F|||50|,,,,,Stellar
|showteam|p2|Rillaboom||AssaultVest|GrassySurge|GrassyGlide,WoodHammer,FakeOut,Uturn|||M|||50|,,,,,Fire]Gholdengo||GrassySeed|GoodasGold|MakeItRain,ShadowBall,NastyPlot,Protect||||||50|,,,,,Water]Incineroar||SitrusBerry|Intimidate|FakeOut,KnockOff,FlareBlitz,PartingShot|||F|||50|,,,,,Ghost]Annihilape||ChoiceScarf|Defiant|RageFist,FinalGambit,CloseCombat,Coaching|||M|||50|,,,,,Stellar]Tyranitar||ChoiceBand|SandStream|TeraBlast,RockSlide,KnockOff,LowKick|||F|||50|,,,,,Flying]Electabuzz||Eviolite|VitalSpirit|FollowMe,Protect,Taunt,Electroweb|||M|||50|,,,,,Ghost
|inactive|Battle timer is ON: inactive players will automatically lose when time's up. (requested by Shalude)
|inactive|ShadowOfAMan has 60 seconds left.
|inactive|Shalude has 60 seconds left.
|inactive|Shalude has 30 seconds left.
|inactive|Shalude has 20 seconds left.
|inactive|Shalude has 15 seconds left.
|inactive|Shalude has 10 seconds left.
|inactive|Shalude has 5 seconds left.
|
|t:|1756811768
|teamsize|p1|4
|teamsize|p2|4
|start
|switch|p1a: Archaludon|Archaludon, L50, F|100/100
|switch|p1b: Amoonguss|Amoonguss, L50, F|100/100
|switch|p2a: Rillaboom|Rillaboom, L50, M|100/100
|switch|p2b: Gholdengo|Gholdengo, L50|100/100
|-fieldstart|move: Grassy Terrain|[from] ability: Grassy Surge|[of] p2a: Rillaboom
|-enditem|p2b: Gholdengo|Grassy Seed
|-boost|p2b: Gholdengo|def|1|[from] item: Grassy Seed
|turn|1
|inactive|ShadowOfAMan has 30 seconds left.
|inactive|ShadowOfAMan has 20 seconds left.
|inactive|ShadowOfAMan has 15 seconds left.
|inactive|ShadowOfAMan has 10 seconds left.
|inactive|ShadowOfAMan has 5 seconds left.
|
|t:|1756811820
|-terastallize|p1a: Archaludon|Electric
|move|p2a: Rillaboom|Fake Out|p1a: Archaludon
|-damage|p1a: Archaludon|88/100
|move|p1b: Amoonguss|Rage Powder|p1b: Amoonguss
|-singleturn|p1b: Amoonguss|move: Rage Powder
|cant|p1a: Archaludon|flinch
|move|p2b: Gholdengo|Nasty Plot|p2b: Gholdengo
|-boost|p2b: Gholdengo|spa|2
|
|-heal|p1a: Archaludon|94/100|[from] Grassy Terrain
|upkeep
|turn|2
|inactive|ShadowOfAMan has 30 seconds left.
|inactive|ShadowOfAMan has 20 seconds left.
|inactive|ShadowOfAMan has 15 seconds left.
|
|t:|1756811862
|move|p1a: Archaludon|Protect|p1a: Archaludon
|-singleturn|p1a: Archaludon|Protect
|move|p2b: Gholdengo|Make It Rain|p1b: Amoonguss|[spread] p1b
|-activate|p1a: Archaludon|move: Protect
|-damage|p1b: Amoonguss|29/100
|-unboost|p2b: Gholdengo|spa|1
|-enditem|p1b: Amoonguss|Eject Button
|inactive|ShadowOfAMan has 30 seconds left.
|
|t:|1756811889
|switch|p1b: Gothitelle|Gothitelle, L50, M|100/100
|move|p2a: Rillaboom|Wood Hammer|p1a: Archaludon
|-activate|p1a: Archaludon|move: Protect
|
|-heal|p1a: Archaludon|99/100|[from] Grassy Terrain
|upkeep
|turn|3
|
|t:|1756811905
|move|p1b: Gothitelle|Fake Out|p2a: Rillaboom
|-damage|p2a: Rillaboom|96/100
|move|p1a: Archaludon|Electro Shot||[still]
|-prepare|p1a: Archaludon|Electro Shot
|-boost|p1a: Archaludon|spa|1
|-enditem|p1a: Archaludon|Power Herb
|-anim|p1a: Archaludon|Electro Shot|p2b: Gholdengo
|-damage|p2b: Gholdengo|30/100
|move|p2b: Gholdengo|Shadow Ball|p1a: Archaludon
|-damage|p1a: Archaludon|14/100
|cant|p2a: Rillaboom|flinch
|
|-heal|p1a: Archaludon|20/100|[from] Grassy Terrain
|-heal|p2b: Gholdengo|36/100|[from] Grassy Terrain
|-heal|p2a: Rillaboom|100/100|[from] Grassy Terrain
|upkeep
|turn|4
|inactive|ShadowOfAMan has 30 seconds left.
|inactive|ShadowOfAMan has 20 seconds left.
|inactive|ShadowOfAMan has 15 seconds left.
|inactive|ShadowOfAMan has 10 seconds left.
|inactive|ShadowOfAMan has 5 seconds left.
|
|t:|1756811958
|switch|p1a: Amoonguss|Amoonguss, L50, F|62/100
|move|p2a: Rillaboom|Grassy Glide|p1a: Amoonguss
|-resisted|p1a: Amoonguss
|-damage|p1a: Amoonguss|55/100
|move|p2b: Gholdengo|Shadow Ball|p1b: Gothitelle
|-supereffective|p1b: Gothitelle
|-damage|p1b: Gothitelle|25/100
|-enditem|p1b: Gothitelle|Sitrus Berry|[eat]
|-heal|p1b: Gothitelle|50/100|[from] item: Sitrus Berry
|move|p1b: Gothitelle|Psychic|p2b: Gholdengo
|-resisted|p2b: Gholdengo
|-damage|p2b: Gholdengo|25/100
|
|-heal|p2b: Gholdengo|31/100|[from] Grassy Terrain
|-heal|p1b: Gothitelle|56/100|[from] Grassy Terrain
|-heal|p1a: Amoonguss|61/100|[from] Grassy Terrain
|upkeep
|turn|5
|inactive|ShadowOfAMan has 30 seconds left.
|
|t:|1756811986
|move|p1a: Amoonguss|Protect|p1a: Amoonguss
|-singleturn|p1a: Amoonguss|Protect
|move|p2b: Gholdengo|Shadow Ball|p1b: Gothitelle
|-supereffective|p1b: Gothitelle
|-damage|p1b: Gothitelle|0 fnt
|faint|p1b: Gothitelle
|move|p2a: Rillaboom|U-turn|p1a: Amoonguss
|-activate|p1a: Amoonguss|move: Protect
|
|-heal|p2b: Gholdengo|37/100|[from] Grassy Terrain
|-heal|p1a: Amoonguss|67/100|[from] Grassy Terrain
|-fieldend|move: Grassy Terrain
|upkeep
|
|t:|1756811992
|switch|p1b: Archaludon|Archaludon, L50, F, tera:Electric|20/100
|turn|6
|inactive|ShadowOfAMan has 30 seconds left.
|inactive|ShadowOfAMan has 20 seconds left.
|
|t:|1756812029
|move|p2b: Gholdengo|Protect|p2b: Gholdengo
|-singleturn|p2b: Gholdengo|Protect
|move|p1b: Archaludon|Electro Shot||[still]
|-prepare|p1b: Archaludon|Electro Shot
|-boost|p1b: Archaludon|spa|1
|move|p2a: Rillaboom|Wood Hammer|p1b: Archaludon
|-damage|p1b: Archaludon|0 fnt
|faint|p1b: Archaludon
|-damage|p2a: Rillaboom|95/100|[from] Recoil
|move|p1a: Amoonguss|Spore|p2a: Rillaboom
|-immune|p2a: Rillaboom
|
|upkeep
|
|t:|1756812034
|switch|p1b: Politoed|Politoed, L50, F|100/100
|-weather|RainDance|[from] ability: Drizzle|[of] p1b: Politoed
|turn|7
|c|☆ShadowOfAMan|GG
|c|☆ShadowOfAMan|Well played
|c|☆Shalude|ggs
|-message|ShadowOfAMan forfeited.
|
|win|Shalude
|raw|ShadowOfAMan's rating: 1193 → 1167(-26 for losing)
|raw|Shalude's rating: 1175 → 1201(+26 for winning)
|l|☆Shalude
|player|p2|
