|j|☆Mew7000
|j|☆Rebeldavis
|html|Mew7000Rebeldavis    
|uhtml|bestof|Game 1 of a best-of-3
|t:|1756930512
|gametype|doubles
|player|p1|Mew7000|scientist-gen1rb|1070
|player|p2|Rebeldavis|acetrainer-gen4|1177
|gen|9
|tier|[Gen 9] VGC 2025 Reg H (Bo3)
|rated|
|rule|Species Clause: Limit one of each Pokémon
|rule|Item Clause: Limit 1 of each item
|clearpoke
|poke|p1|Poliwrath, L50, F|
|poke|p1|Gholdengo, L50|
|poke|p1|Archaludon, L50, M|
|poke|p1|Pelipper, L50, M|
|poke|p1|Amoonguss, L50, F|
|poke|p1|Incineroar, L50, F|
|poke|p2|Charizard, L50, F|
|poke|p2|Typhlosion-Hisui, L50, M|
|poke|p2|Torkoal, L50, F|
|poke|p2|Porygon2, L50|
|poke|p2|Jumpluff, L50, M|
|poke|p2|Ursaluna, L50, F|
|teampreview|4
|showteam|p1|Poliwrath||LifeOrb|SwiftSwim|Liquidation,CloseCombat,Haze,Protect|||F|||50|,,,,,Stellar]Gholdengo||Leftovers|GoodasGold|MakeItRain,ShadowBall,NastyPlot,Protect||||||50|,,,,,Water]Archaludon||AssaultVest|Stamina|ElectroShot,FlashCannon,DragonPulse,BodyPress|||M|||50|,,,,,Bug]Pelipper||FocusSash|Drizzle|Hurricane,WeatherBall,Tailwind,Protect|||M|||50|,,,,,Ground]Amoonguss||CovertCloak|Regenerator|Spore,PollenPuff,RagePowder,Protect|||F|||50|,,,,,Fire]Incineroar||SafetyGoggles|Intimidate|FakeOut,KnockOff,Taunt,PartingShot|||F|||50|,,,,,Ghost
|showteam|p2|Charizard||ChoiceSpecs|SolarPower|HeatWave,Overheat,WeatherBall,AirSlash|||F|||50|,,,,,Ghost]Typhlosion-Hisui||ChoiceScarf|Blaze|Eruption,HeatWave,ShadowBall,SolarBeam|||M|||50|,,,,,Fire]Torkoal||EjectPack|Drought|Eruption,Overheat,HelpingHand,Protect|||F|||50|,,,,,Fire]Porygon2||Eviolite|Download|IceBeam,TeraBlast,TrickRoom,Recover||||||50|,,,,,Fighting]Jumpluff||CovertCloak|Chlorophyll|SunnyDay,RagePowder,Tailwind,SleepPowder|||M|||50|,,,,,Water]Ursaluna||FlameOrb|Guts|HeadlongRush,Facade,Earthquake,Protect|||F|||50|,,,,,Ghost
|inactive|Battle timer is ON: inactive players will automatically lose when time's up. (requested by Mew7000)
|
|t:|1756930548
|teamsize|p1|4
|teamsize|p2|4
|start
|switch|p1a: Amoonguss|Amoonguss, L50, F, shiny|100/100
|switch|p1b: Incineroar|Incineroar, L50, F, shiny|100/100
|switch|p2a: Jumpluff|Jumpluff, L50, M|100/100
|switch|p2b: Charizard|Charizard, L50, F|100/100
|-ability|p1b: Incineroar|Intimidate|boost
|-unboost|p2a: Jumpluff|atk|1
|-unboost|p2b: Charizard|atk|1
|turn|1
|inactive|Rebeldavis has 30 seconds left.
|
|t:|1756930580
|-terastallize|p2b: Charizard|Ghost
|move|p1a: Amoonguss|Protect|p1a: Amoonguss
|-singleturn|p1a: Amoonguss|Protect
|move|p2a: Jumpluff|Sleep Powder|p1a: Amoonguss
|-activate|p1a: Amoonguss|move: Protect
|move|p2b: Charizard|Heat Wave|p1b: Incineroar|[spread] p1b
|-activate|p1a: Amoonguss|move: Protect
|-resisted|p1b: Incineroar
|-damage|p1b: Incineroar|83/100
|move|p1b: Incineroar|Taunt|p2a: Jumpluff
|-start|p2a: Jumpluff|move: Taunt
|
|upkeep
|turn|2
|
|t:|1756930598
|switch|p2a: Typhlosion|Typhlosion-Hisui, L50, M|100/100
|switch|p2b: Torkoal|Torkoal, L50, F|100/100
|-weather|SunnyDay|[from] ability: Drought|[of] p2b: Torkoal
|-terastallize|p1a: Amoonguss|Fire
|move|p1b: Incineroar|Knock Off|p2b: Torkoal
|-damage|p2b: Torkoal|71/100
|-enditem|p2b: Torkoal|Eject Pack|[from] move: Knock Off|[of] p1b: Incineroar
|move|p1a: Amoonguss|Spore|p2b: Torkoal
|-status|p2b: Torkoal|slp|[from] move: Spore
|
|-weather|SunnyDay|[upkeep]
|upkeep
|turn|3
|
|t:|1756930617
|switch|p2a: Jumpluff|Jumpluff, L50, M|100/100
|move|p1b: Incineroar|Parting Shot|p2a: Jumpluff
|-unboost|p2a: Jumpluff|atk|1
|-unboost|p2a: Jumpluff|spa|1
|
|t:|1756930623
|switch|p1b: Pelipper|Pelipper, L50, M|100/100|[from] Parting Shot
|-weather|RainDance|[from] ability: Drizzle|[of] p1b: Pelipper
|move|p1a: Amoonguss|Spore|p2a: Jumpluff
|-immune|p2a: Jumpluff
|cant|p2b: Torkoal|slp
|
|-weather|RainDance|[upkeep]
|upkeep
|turn|4
|
|t:|1756930644
|switch|p1a: Incineroar|Incineroar, L50, F, shiny|83/100
|-ability|p1a: Incineroar|Intimidate|boost
|-unboost|p2a: Jumpluff|atk|1
|-unboost|p2b: Torkoal|atk|1
|move|p2a: Jumpluff|Sunny Day|p2a: Jumpluff
|-weather|SunnyDay
|move|p1b: Pelipper|Hurricane|p2a: Jumpluff
|-supereffective|p2a: Jumpluff
|-damage|p2a: Jumpluff|6/100
|cant|p2b: Torkoal|slp
|
|-weather|SunnyDay|[upkeep]
|upkeep
|turn|5
|
|t:|1756930663
|switch|p2a: Charizard|Charizard, L50, F, tera:Ghost|100/100
|move|p1a: Incineroar|Fake Out|p2a: Charizard
|-immune|p2a: Charizard
|move|p1b: Pelipper|Tailwind|p1b: Pelipper
|-sidestart|p1: Mew7000|move: Tailwind
|cant|p2b: Torkoal|slp
|
|-weather|SunnyDay|[upkeep]
|-damage|p2a: Charizard|88/100|[from] ability: Solar Power|[of] p2a: Charizard
|upkeep
|turn|6
|
|t:|1756930681
|-curestatus|p2b: Torkoal|slp|[msg]
|move|p2b: Torkoal|Helping Hand|p2a: Charizard
|-singleturn|p2a: Charizard|Helping Hand|[of] p2b: Torkoal
|move|p1b: Pelipper|Weather Ball|p2b: Torkoal
|-resisted|p2b: Torkoal
|-damage|p2b: Torkoal|42/100
|move|p2a: Charizard|Heat Wave|p1b: Pelipper|[spread] p1b
|-miss|p2a: Charizard|p1a: Incineroar
|-resisted|p1b: Pelipper
|-enditem|p1b: Pelipper|Focus Sash
|-damage|p1b: Pelipper|1/100
|-status|p1b: Pelipper|brn
|move|p1a: Incineroar|Knock Off|p2a: Charizard
|-supereffective|p2a: Charizard
|-damage|p2a: Charizard|0 fnt
|-enditem|p2a: Charizard|Choice Specs|[from] move: Knock Off|[of] p1a: Incineroar
|faint|p2a: Charizard
|
|-weather|SunnyDay|[upkeep]
|-damage|p1b: Pelipper|0 fnt|[from] brn
|faint|p1b: Pelipper
|upkeep
|
|t:|1756930699
|switch|p2a: Jumpluff|Jumpluff, L50, M|6/100
|switch|p1b: Amoonguss|Amoonguss, L50, F, shiny, tera:Fire|100/100
|turn|7
|
|t:|1756930710
|move|p1b: Amoonguss|Protect|p1b: Amoonguss
|-singleturn|p1b: Amoonguss|Protect
|move|p2a: Jumpluff|Sleep Powder|p1b: Amoonguss
|-activate|p1b: Amoonguss|move: Protect
|move|p1a: Incineroar|Knock Off|p2a: Jumpluff
|-damage|p2a: Jumpluff|0 fnt
|-enditem|p2a: Jumpluff|Covert Cloak|[from] move: Knock Off|[of] p1a: Incineroar
|faint|p2a: Jumpluff
|move|p2b: Torkoal|Overheat|p1a: Incineroar
|-resisted|p1a: Incineroar
|-damage|p1a: Incineroar|52/100
|-unboost|p2b: Torkoal|spa|2
|
|-weather|SunnyDay|[upkeep]
|upkeep
|
|t:|1756930713
|switch|p2a: Typhlosion|Typhlosion-Hisui, L50, M|100/100
|turn|8
|
|t:|1756930729
|move|p2b: Torkoal|Helping Hand|p2a: Typhlosion
|-singleturn|p2a: Typhlosion|Helping Hand|[of] p2b: Torkoal
|move|p2a: Typhlosion|Eruption|p1a: Incineroar|[spread] p1a,p1b
|-resisted|p1a: Incineroar
|-resisted|p1b: Amoonguss
|-damage|p1a: Incineroar|0 fnt
|-damage|p1b: Amoonguss|43/100
|faint|p1a: Incineroar
|move|p1b: Amoonguss|Pollen Puff|p1: Incineroar|[notarget]
|-fail|p1b: Amoonguss
|
|-weather|none
|-sideend|p1: Mew7000|move: Tailwind
|upkeep
|
|t:|1756930735
|switch|p1a: Poliwrath|Poliwrath, L50, F, shiny|100/100
|turn|9
|
|t:|1756930744
|move|p2b: Torkoal|Helping Hand|p2a: Typhlosion
|-singleturn|p2a: Typhlosion|Helping Hand|[of] p2b: Torkoal
|move|p2a: Typhlosion|Eruption|p1a: Poliwrath|[spread] p1a,p1b
|-resisted|p1a: Poliwrath
|-resisted|p1b: Amoonguss
|-damage|p1a: Poliwrath|50/100
|-damage|p1b: Amoonguss|3/100
|move|p1a: Poliwrath|Liquidation|p2a: Typhlosion
|-supereffective|p2a: Typhlosion
|-damage|p2a: Typhlosion|0 fnt
|faint|p2a: Typhlosion
|-damage|p1a: Poliwrath|40/100|[from] item: Life Orb
|move|p1b: Amoonguss|Spore|p2b: Torkoal
|-status|p2b: Torkoal|slp|[from] move: Spore
|
|upkeep
|turn|10
|-message|Rebeldavis forfeited.
|
|win|Mew7000
|l|☆Rebeldavis
|player|p2|
||Rebeldavis is ready for game 2.
