|j|☆sbhaga34
|j|☆Rock slap
|html|sbhaga34Rock slap    
|uhtml|bestof|Game 1 of a best-of-3
|t:|1757646811
|gametype|doubles
|player|p1|sbhaga34|hugh|1328
|player|p2|Rock slap|hiker-gen4|1276
|gen|9
|tier|[Gen 9] VGC 2025 Reg H (Bo3)
|rated|
|rule|Species Clause: Limit one of each Pokémon
|rule|Item Clause: Limit 1 of each item
|clearpoke
|poke|p1|Indeedee-F, L50, F|
|poke|p1|Talonflame, L50, F|
|poke|p1|Tyranitar, L50, M|
|poke|p1|Excadrill, L50, F|
|poke|p1|Gardevoir, L50, F|
|poke|p1|Ursaluna-Bloodmoon, L50, M|
|poke|p2|Kommo-o, L50, M|
|poke|p2|Incineroar, L50, F|
|poke|p2|Rillaboom, L50, F|
|poke|p2|Volcarona, L50, M|
|poke|p2|Electabuzz, L50, M|
|poke|p2|Golduck, L50, M|
|teampreview|4
|showteam|p1|Indeedee-F||SafetyGoggles|PsychicSurge|FollowMe,TrickRoom,HelpingHand,Psychic|||F|||50|,,,,,Fairy]Talonflame||CovertCloak|GaleWings|Tailwind,Taunt,FlareBlitz,BraveBird|||F|||50|,,,,,Grass]Tyranitar||WeaknessPolicy|SandStream|RockSlide,KnockOff,LowKick,Protect|||M|||50|,,,,,Flying]Excadrill||FocusSash|SandRush|Earthquake,IronHead,SwordsDance,Protect|||F|||50|,,,,,Ground]Gardevoir||ChoiceScarf|Telepathy|ExpandingForce,Gravity,Moonblast,IcyWind|||F|||50|,,,,,Psychic]Ursaluna-Bloodmoon||SilkScarf|MindsEye|BloodMoon,HyperVoice,EarthPower,Protect|||M|||50|,,,,,Normal
|showteam|p2|Kommo-o||ThroatSpray|Soundproof|ClangingScales,FlashCannon,ClangorousSoul,Protect|||M|||50|,,,,,Steel]Incineroar||SafetyGoggles|Intimidate|FakeOut,KnockOff,PartingShot,FlareBlitz|||F|||50|,,,,,Ghost]Rillaboom||AssaultVest|GrassySurge|FakeOut,WoodHammer,HighHorsepower,GrassyGlide|||F|||50|,,,,,Water]Volcarona||SitrusBerry|FlameBody|QuiverDance,HeatWave,TeraBlast,Protect|||M|||50|,,,,,Fairy]Electabuzz||Eviolite|VitalSpirit|Protect,Electroweb,Taunt,FollowMe|||M|||50|,,,,,Fairy]Golduck||CovertCloak|CloudNine|IcyWind,SimpleBeam,HelpingHand,Encore|||M|||50|,,,,,Poison
|
|t:|1757646863
|teamsize|p1|4
|teamsize|p2|4
|start
|switch|p1a: Excadrill|Excadrill, L50, F, shiny|100/100
|switch|p1b: Gardevoir|Gardevoir, L50, F, shiny|100/100
|switch|p2a: Kommo-o|Kommo-o, L50, M, shiny|100/100
|switch|p2b: Golduck|Golduck, L50, M|100/100
|-ability|p2b: Golduck|Cloud Nine
|turn|1
|
|t:|1757646899
|move|p2a: Kommo-o|Protect|p2a: Kommo-o
|-singleturn|p2a: Kommo-o|Protect
|move|p1b: Gardevoir|Expanding Force|p2b: Golduck
|-damage|p2b: Golduck|51/100
|move|p1a: Excadrill|Earthquake|p2a: Kommo-o|[spread] p2b
|-activate|p2a: Kommo-o|move: Protect
|-activate|p1b: Gardevoir|ability: Telepathy
|-damage|p2b: Golduck|12/100
|move|p2b: Golduck|Icy Wind|p1b: Gardevoir|[spread] p1a,p1b
|-crit|p1a: Excadrill
|-damage|p1a: Excadrill|83/100
|-damage|p1b: Gardevoir|91/100
|-unboost|p1a: Excadrill|spe|1
|-unboost|p1b: Gardevoir|spe|1
|
|upkeep
|turn|2
|
|t:|1757646934
|switch|p2b: Rillaboom|Rillaboom, L50, F|100/100
|-fieldstart|move: Grassy Terrain|[from] ability: Grassy Surge|[of] p2b: Rillaboom
|-terastallize|p2a: Kommo-o|Steel
|move|p2a: Kommo-o|Clangorous Soul|p2a: Kommo-o
|-boost|p2a: Kommo-o|atk|1
|-boost|p2a: Kommo-o|def|1
|-boost|p2a: Kommo-o|spa|1
|-boost|p2a: Kommo-o|spd|1
|-boost|p2a: Kommo-o|spe|1
|-damage|p2a: Kommo-o|68/100
|-enditem|p2a: Kommo-o|Throat Spray
|-boost|p2a: Kommo-o|spa|1|[from] item: Throat Spray
|move|p1b: Gardevoir|Expanding Force|p2a: Kommo-o
|-resisted|p2a: Kommo-o
|-damage|p2a: Kommo-o|52/100
|move|p1a: Excadrill|Earthquake|p2b: Rillaboom|[spread] p2a,p2b
|-activate|p1b: Gardevoir|ability: Telepathy
|-supereffective|p2a: Kommo-o
|-resisted|p2b: Rillaboom
|-damage|p2a: Kommo-o|25/100
|-damage|p2b: Rillaboom|91/100
|
|-heal|p2a: Kommo-o|31/100|[from] Grassy Terrain
|-heal|p1b: Gardevoir|97/100|[from] Grassy Terrain
|-heal|p2b: Rillaboom|97/100|[from] Grassy Terrain
|-heal|p1a: Excadrill|89/100|[from] Grassy Terrain
|upkeep
|turn|3
|
|t:|1757646975
|switch|p1b: Indeedee|Indeedee-F, L50, F|100/100
|-fieldstart|move: Psychic Terrain|[from] ability: Psychic Surge|[of] p1b: Indeedee
|switch|p2b: Golduck|Golduck, L50, M|12/100
|-ability|p2b: Golduck|Cloud Nine
|switch|p1a: Tyranitar|Tyranitar, L50, M|100/100
|-weather|Sandstorm|[from] ability: Sand Stream|[of] p1a: Tyranitar
|move|p2a: Kommo-o|Flash Cannon|p1b: Indeedee
|-damage|p1b: Indeedee|33/100
|
|-weather|Sandstorm|[upkeep]
|upkeep
|turn|4
|
|t:|1757647021
|switch|p2b: Incineroar|Incineroar, L50, F|100/100
|-ability|p2b: Incineroar|Intimidate|boost
|-unboost|p1a: Tyranitar|atk|1
|-unboost|p1b: Indeedee|atk|1
|switch|p1b: Gardevoir|Gardevoir, L50, F, shiny|97/100
|-terastallize|p1a: Tyranitar|Flying
|move|p2a: Kommo-o|Protect|p2a: Kommo-o
|-singleturn|p2a: Kommo-o|Protect
|move|p1a: Tyranitar|Low Kick|p2a: Kommo-o
|-activate|p2a: Kommo-o|move: Protect
|
|-weather|Sandstorm|[upkeep]
|-damage|p1b: Gardevoir|91/100|[from] Sandstorm
|-damage|p1a: Tyranitar|94/100|[from] Sandstorm
|upkeep
|turn|5
|
|t:|1757647052
|switch|p1a: Indeedee|Indeedee-F, L50, F|33/100
|move|p2b: Incineroar|Fake Out|p1a: Indeedee
|-activate|p1a: Indeedee|move: Psychic Terrain
|move|p2a: Kommo-o|Flash Cannon|p1b: Gardevoir
|-supereffective|p1b: Gardevoir
|-damage|p1b: Gardevoir|0 fnt
|faint|p1b: Gardevoir
|
|-weather|Sandstorm|[upkeep]
|upkeep
|-message|sbhaga34 forfeited.
|
|win|Rock slap
|l|☆sbhaga34
|player|p1|
||sbhaga34 is ready for game 2.
||Rock slap is ready for game 2.
|uhtml|next|Next: Game 2 of 3
