|j|☆hungry hillo
|j|☆aYeal
|html|hungry hilloaYeal    
|uhtml|bestof|Game 3 of a best-of-3
|t:|1757110452
|gametype|doubles
|player|p1|hungry hillo|n|1112
|player|p2|aYeal|cynthia|1000
|gen|9
|tier|[Gen 9] VGC 2025 Reg H (Bo3)
|rated|
|rule|Species Clause: Limit one of each Pokémon
|rule|Item Clause: Limit 1 of each item
|clearpoke
|poke|p1|Kingambit, L50, M|
|poke|p1|Electabuzz, L50, M|
|poke|p1|Ursaluna-Bloodmoon, L50, M|
|poke|p1|Incineroar, L50, F|
|poke|p1|Whimsicott, L50, F|
|poke|p1|Annihilape, L50, F|
|poke|p2|Garchomp, L50, F|
|poke|p2|Talonflame, L50, M|
|poke|p2|Gholdengo, L50|
|poke|p2|Tyranitar, L50, F|
|poke|p2|Primarina, L50, F|
|poke|p2|Amoonguss, L50, F|
|teampreview|4
|showteam|p1|Kingambit||BlackGlasses|Defiant|SuckerPunch,KowtowCleave,SwordsDance,Protect|||M|||50|,,,,,Flying]Electabuzz||Eviolite|VitalSpirit|Electroweb,FollowMe,Taunt,Protect|||M|||50|,,,,,Ghost]Ursaluna-Bloodmoon||LifeOrb|MindsEye|EarthPower,BloodMoon,HyperVoice,Protect|||M|||50|,,,,,Normal]Incineroar||AssaultVest|Intimidate|KnockOff,FlareBlitz,Uturn,FakeOut|||F|||50|,,,,,Bug]Whimsicott||CovertCloak|Prankster|Tailwind,BeatUp,Moonblast,SunnyDay|||F|||50|,,,,,Dark]Annihilape||Leftovers|Defiant|RageFist,DrainPunch,BulkUp,Protect|||F|||50|,,,,,Fire
|showteam|p2|Garchomp||ClearAmulet|RoughSkin|Earthquake,DragonClaw,SwordsDance,Protect|||F|||50|,,,,,Steel]Talonflame||CovertCloak|GaleWings|BraveBird,FlareBlitz,Taunt,Tailwind|||M|||50|,,,,,Ghost]Gholdengo||IronPlate|GoodasGold|MakeItRain,ShadowBall,NastyPlot,Protect||||||50|,,,,,Flying]Tyranitar||AssaultVest|SandStream|RockSlide,KnockOff,IcePunch,TeraBlast|||F|||50|,,,,,Flying]Primarina||ThroatSpray|LiquidVoice|HyperVoice,Moonblast,Protect,Haze|||F|||50|,,,,,Grass]Amoonguss||SitrusBerry|Regenerator|Spore,PollenPuff,RagePowder,Protect|||F|||50|,,,,,Water
|inactive|Battle timer is ON: inactive players will automatically lose when time's up. (requested by aYeal)
|inactive|aYeal has 60 seconds left.
|
|t:|1757110495
|teamsize|p1|4
|teamsize|p2|4
|start
|switch|p1a: Whimsicott|Whimsicott, L50, F|100/100
|switch|p1b: Annihilape|Annihilape, L50, F|100/100
|switch|p2a: Garchomp|Garchomp, L50, F, shiny|100/100
|switch|p2b: Talonflame|Talonflame, L50, M, shiny|100/100
|turn|1
|inactive|aYeal has 30 seconds left.
|inactive|aYeal has 20 seconds left.
|inactive|hungry hillo has 30 seconds left.
|inactive|aYeal has 15 seconds left.
|inactive|aYeal has 10 seconds left.
|
|t:|1757110540
|move|p2a: Garchomp|Protect|p2a: Garchomp
|-singleturn|p2a: Garchomp|Protect
|move|p2b: Talonflame|Tailwind|p2b: Talonflame
|-sidestart|p2: aYeal|move: Tailwind
|move|p1a: Whimsicott|Tailwind|p1a: Whimsicott
|-sidestart|p1: hungry hillo|move: Tailwind
|move|p1b: Annihilape|Bulk Up|p1b: Annihilape
|-boost|p1b: Annihilape|atk|1
|-boost|p1b: Annihilape|def|1
|
|upkeep
|turn|2
|inactive|aYeal has 30 seconds left.
|inactive|aYeal has 20 seconds left.
|inactive|aYeal has 15 seconds left.
|
|t:|1757110581
|move|p2b: Talonflame|Brave Bird|p1b: Annihilape
|-supereffective|p1b: Annihilape
|-damage|p1b: Annihilape|31/100
|-damage|p2b: Talonflame|69/100|[from] Recoil
|move|p2a: Garchomp|Swords Dance|p2a: Garchomp
|-boost|p2a: Garchomp|atk|2
|move|p1a: Whimsicott|Beat Up|p1b: Annihilape
|-damage|p1b: Annihilape|30/100
|-damage|p1b: Annihilape|28/100
|-damage|p1b: Annihilape|26/100
|-crit|p1b: Annihilape
|-damage|p1b: Annihilape|22/100
|-hitcount|p1b: Annihilape|4
|move|p1b: Annihilape|Rage Fist|p2a: Garchomp
|-damage|p2a: Garchomp|0 fnt
|-damage|p1b: Annihilape|9/100|[from] ability: Rough Skin|[of] p2a: Garchomp
|faint|p2a: Garchomp
|
|-heal|p1b: Annihilape|15/100|[from] item: Leftovers
|upkeep
|
|t:|1757110589
|switch|p2a: Amoonguss|Amoonguss, L50, F|100/100
|turn|3
|
|t:|1757110597
|move|p1b: Annihilape|Protect|p1b: Annihilape
|-singleturn|p1b: Annihilape|Protect
|move|p2a: Amoonguss|Protect|p2a: Amoonguss
|-singleturn|p2a: Amoonguss|Protect
|move|p2b: Talonflame|Brave Bird|p1b: Annihilape
|-activate|p1b: Annihilape|move: Protect
|move|p1a: Whimsicott|Moonblast|p2b: Talonflame
|-resisted|p2b: Talonflame
|-crit|p2b: Talonflame
|-damage|p2b: Talonflame|34/100
|
|-heal|p1b: Annihilape|22/100|[from] item: Leftovers
|upkeep
|turn|4
|
|t:|1757110620
|move|p2a: Amoonguss|Rage Powder|p2a: Amoonguss
|-singleturn|p2a: Amoonguss|move: Rage Powder
|move|p2b: Talonflame|Brave Bird|p1b: Annihilape
|-supereffective|p1b: Annihilape
|-damage|p1b: Annihilape|0 fnt
|faint|p1b: Annihilape
|-damage|p2b: Talonflame|25/100|[from] Recoil
|move|p1a: Whimsicott|Moonblast|p2b: Talonflame
|-resisted|p2b: Talonflame
|-damage|p2b: Talonflame|1/100
|
|-sideend|p2: aYeal|move: Tailwind
|-sideend|p1: hungry hillo|move: Tailwind
|upkeep
|
|t:|1757110627
|switch|p1b: lion|Ursaluna-Bloodmoon, L50, M|100/100
|turn|5
|
|t:|1757110639
|-terastallize|p1b: lion|Normal
|move|p1a: Whimsicott|Tailwind|p1a: Whimsicott
|-sidestart|p1: hungry hillo|move: Tailwind
|move|p1b: lion|Hyper Voice|p2b: Talonflame|[spread] p2a,p2b
|-damage|p2a: Amoonguss|51/100
|-damage|p2b: Talonflame|0 fnt
|faint|p2b: Talonflame
|-damage|p1b: lion|91/100|[from] item: Life Orb
|move|p2a: Amoonguss|Spore|p1b: lion
|-status|p1b: lion|slp|[from] move: Spore
|
|upkeep
|
|t:|1757110645
|switch|p2b: Primarina|Primarina, L50, F|100/100
|turn|6
|
|t:|1757110652
|move|p1a: Whimsicott|Sunny Day|p1a: Whimsicott
|-weather|SunnyDay
|cant|p1b: lion|slp
|move|p2b: Primarina|Hyper Voice|p1b: lion|[spread] p1a,p1b
|-resisted|p1a: Whimsicott
|-damage|p1a: Whimsicott|88/100
|-damage|p1b: lion|68/100 slp
|-enditem|p2b: Primarina|Throat Spray
|-boost|p2b: Primarina|spa|1|[from] item: Throat Spray
|move|p2a: Amoonguss|Pollen Puff|p1a: Whimsicott
|-damage|p1a: Whimsicott|60/100
|
|-weather|SunnyDay|[upkeep]
|upkeep
|turn|7
|
|t:|1757110663
|move|p2a: Amoonguss|Rage Powder|p2a: Amoonguss
|-singleturn|p2a: Amoonguss|move: Rage Powder
|move|p1a: Whimsicott|Moonblast|p2b: Primarina
|-damage|p2b: Primarina|76/100
|-unboost|p2b: Primarina|spa|1
|-curestatus|p1b: lion|slp|[msg]
|move|p1b: lion|Blood Moon|p2a: Amoonguss
|-damage|p2a: Amoonguss|0 fnt
|faint|p2a: Amoonguss
|-damage|p1b: lion|59/100|[from] item: Life Orb
|move|p2b: Primarina|Moonblast|p1b: lion
|-damage|p1b: lion|0 fnt
|faint|p1b: lion
|
|-weather|SunnyDay|[upkeep]
|upkeep
|
|t:|1757110668
|switch|p1b: Shang chi|Kingambit, L50, M, shiny|100/100
|turn|8
|
|t:|1757110677
|move|p1a: Whimsicott|Moonblast|p2b: Primarina
|-damage|p2b: Primarina|53/100
|move|p1b: Shang chi|Swords Dance|p1b: Shang chi
|-boost|p1b: Shang chi|atk|2
|move|p2b: Primarina|Moonblast|p1b: Shang chi
|-damage|p1b: Shang chi|53/100
|
|-weather|SunnyDay|[upkeep]
|-sideend|p1: hungry hillo|move: Tailwind
|upkeep
|turn|9
|
|t:|1757110684
|move|p1a: Whimsicott|Tailwind|p1a: Whimsicott
|-sidestart|p1: hungry hillo|move: Tailwind
|move|p1b: Shang chi|Kowtow Cleave|p2b: Primarina
|-resisted|p2b: Primarina
|-damage|p2b: Primarina|0 fnt
|faint|p2b: Primarina
|
|win|hungry hillo
|raw|hungry hillo's rating: 1112 → 1129(+17 for winning)
|raw|aYeal's rating: 1000 → 1000(+0 for losing)
|l|☆aYeal
|player|p2|
|c|☆hungry hillo|Gg
