|j|☆elbarto95
|j|☆bosilek
|html|elbarto95bosilek    
|uhtml|bestof|Game 2 of a best-of-3
|t:|1756738676
|gametype|doubles
|player|p1|elbarto95|camper|1135
|player|p2|bosilek|hilbert-wonderlauncher|1229
|gen|9
|tier|[Gen 9] VGC 2025 Reg H (Bo3)
|rated|
|rule|Species Clause: Limit one of each Pokémon
|rule|Item Clause: Limit 1 of each item
|clearpoke
|poke|p1|Porygon2, L50|
|poke|p1|Ursaluna, L50, M|
|poke|p1|Grimmsnarl, L50, M|
|poke|p1|Volcarona, L50, M|
|poke|p1|Gholdengo, L50|
|poke|p1|Tyranitar, L50, F|
|poke|p2|Garchomp, L50, F|
|poke|p2|Talonflame, L50, M|
|poke|p2|Gholdengo, L50|
|poke|p2|Ninetales-Alola, L50, M|
|poke|p2|Hydreigon, L50, M|
|poke|p2|Annihilape, L50, M|
|teampreview|4
|showteam|p1|Porygon2||Eviolite|Download|IceBeam,TrickRoom,TeraBlast,Recover||||||50|,,,,,Fighting]Ursaluna||FlameOrb|Guts|HeadlongRush,Earthquake,Facade,Protect|||M|||50|,,,,,Ghost]Grimmsnarl||LightClay|Prankster|SpiritBreak,Reflect,LightScreen,Taunt|||M|||50|,,,,,Ghost]Volcarona||Leftovers|FlameBody|StruggleBug,Overheat,RagePowder,WillOWisp|||M|||50|,,,,,Grass]Gholdengo||LifeOrb|GoodasGold|NastyPlot,Protect,MakeItRain,ShadowBall||||||50|,,,,,Water]Tyranitar||AssaultVest|SandStream|KnockOff,LowKick,RockSlide,TeraBlast|||F|||50|,,,,,Flying
|showteam|p2|Garchomp||LifeOrb|RoughSkin|Protect,Earthquake,DragonClaw,StompingTantrum|||F|||50|,,,,,Steel]Talonflame||CovertCloak|GaleWings|BraveBird,Taunt,WillOWisp,Tailwind|||M|||50|,,,,,Grass]Gholdengo||MetalCoat|GoodasGold|MakeItRain,ShadowBall,Protect,NastyPlot||||||50|,,,,,Water]Ninetales-Alola||FocusSash|SnowWarning|Blizzard,FreezeDry,Encore,Protect|||M|||50|,,,,,Water]Hydreigon||ChoiceSpecs|Levitate|HeatWave,Snarl,EarthPower,DragonPulse|||M|||50|,,,,,Fire]Annihilape||SafetyGoggles|Defiant|FinalGambit,RageFist,CloseCombat,Protect|||M|||50|,,,,,Fire
|
|t:|1756738705
|teamsize|p1|4
|teamsize|p2|4
|start
|switch|p1a: Grimmsnarl|Grimmsnarl, L50, M|100/100
|switch|p1b: Tyranitar|Tyranitar, L50, F|100/100
|switch|p2a: Talonflame|Talonflame, L50, M|100/100
|switch|p2b: Gholdengo|Gholdengo, L50|100/100
|-weather|Sandstorm|[from] ability: Sand Stream|[of] p1b: Tyranitar
|turn|1
|
|t:|1756738738
|move|p2b: Gholdengo|Protect|p2b: Gholdengo
|-singleturn|p2b: Gholdengo|Protect
|move|p1a: Grimmsnarl|Taunt|p2a: Talonflame
|-start|p2a: Talonflame|move: Taunt
|cant|p2a: Talonflame|move: Taunt|Taunt
|move|p1b: Tyranitar|Knock Off|p2b: Gholdengo
|-activate|p2b: Gholdengo|move: Protect
|
|-weather|Sandstorm|[upkeep]
|-damage|p2a: Talonflame|95/100|[from] Sandstorm
|-damage|p1a: Grimmsnarl|94/100|[from] Sandstorm
|upkeep
|turn|2
|
|t:|1756738757
|-terastallize|p2b: Gholdengo|Water
|move|p1a: Grimmsnarl|Light Screen|p1a: Grimmsnarl
|-sidestart|p1: elbarto95|move: Light Screen
|move|p2a: Talonflame|Brave Bird|p1a: Grimmsnarl
|-damage|p1a: Grimmsnarl|47/100
|-damage|p2a: Talonflame|75/100|[from] Recoil
|move|p2b: Gholdengo|Make It Rain|p1a: Grimmsnarl|[spread] p1a,p1b
|-supereffective|p1a: Grimmsnarl
|-supereffective|p1b: Tyranitar
|-damage|p1a: Grimmsnarl|0 fnt
|-damage|p1b: Tyranitar|75/100
|-unboost|p2b: Gholdengo|spa|1
|faint|p1a: Grimmsnarl
|move|p1b: Tyranitar|Knock Off|p2b: Gholdengo
|-damage|p2b: Gholdengo|42/100
|-enditem|p2b: Gholdengo|Metal Coat|[from] move: Knock Off|[of] p1b: Tyranitar
|
|-weather|Sandstorm|[upkeep]
|-damage|p2a: Talonflame|69/100|[from] Sandstorm
|-damage|p2b: Gholdengo|36/100|[from] Sandstorm
|upkeep
|
|t:|1756738778
|switch|p1a: Porygon2|Porygon2, L50|100/100
|-ability|p1a: Porygon2|Download|boost
|-boost|p1a: Porygon2|spa|1
|turn|3
|
|t:|1756738796
|switch|p2a: Annihilape|Annihilape, L50, M|100/100
|move|p2b: Gholdengo|Protect|p2b: Gholdengo
|-singleturn|p2b: Gholdengo|Protect
|move|p1b: Tyranitar|Rock Slide|p2a: Annihilape|[spread] p2a
|-activate|p2b: Gholdengo|move: Protect
|-resisted|p2a: Annihilape
|-damage|p2a: Annihilape|86/100
|move|p1a: Porygon2|Tera Blast|p2b: Gholdengo
|-activate|p2b: Gholdengo|move: Protect
|
|-weather|Sandstorm|[upkeep]
|-damage|p2b: Gholdengo|30/100|[from] Sandstorm
|-damage|p1a: Porygon2|95/100|[from] Sandstorm
|upkeep
|turn|4
|
|t:|1756738829
|switch|p2b: Talonflame|Talonflame, L50, M|69/100
|-terastallize|p1b: Tyranitar|Flying
|move|p2a: Annihilape|Final Gambit|p1b: Tyranitar
|-damage|p1b: Tyranitar|0 fnt
|faint|p2a: Annihilape
|faint|p1b: Tyranitar
|move|p1a: Porygon2|Tera Blast|p2b: Talonflame
|-damage|p2b: Talonflame|0 fnt
|faint|p2b: Talonflame
|
|-weather|Sandstorm|[upkeep]
|-damage|p1a: Porygon2|89/100|[from] Sandstorm
|upkeep
|
|t:|1756738844
|switch|p2b: Gholdengo|Gholdengo, L50, tera:Water|30/100
|switch|p2a: Hydreigon|Hydreigon, L50, M|100/100
|switch|p1b: Volcarona|Volcarona, L50, M|100/100
|turn|5
|
|t:|1756738871
|move|p2a: Hydreigon|Snarl|p1b: Volcarona|[spread] p1a,p1b
|-damage|p1a: Porygon2|77/100
|-damage|p1b: Volcarona|82/100
|-unboost|p1a: Porygon2|spa|1
|-unboost|p1b: Volcarona|spa|1
|move|p2b: Gholdengo|Make It Rain|p1b: Volcarona|[spread] p1a,p1b
|-resisted|p1b: Volcarona
|-damage|p1a: Porygon2|58/100
|-damage|p1b: Volcarona|70/100
|-unboost|p2b: Gholdengo|spa|1
|move|p1b: Volcarona|Struggle Bug|p2b: Gholdengo|[spread] p2a,p2b
|-supereffective|p2a: Hydreigon
|-damage|p2a: Hydreigon|72/100
|-damage|p2b: Gholdengo|16/100
|-unboost|p2a: Hydreigon|spa|1
|-unboost|p2b: Gholdengo|spa|1
|move|p1a: Porygon2|Ice Beam|p2a: Hydreigon
|-supereffective|p2a: Hydreigon
|-damage|p2a: Hydreigon|16/100
|
|-weather|none
|-heal|p1b: Volcarona|76/100|[from] item: Leftovers
|upkeep
|turn|6
|
|t:|1756738895
|move|p2a: Hydreigon|Snarl|p1a: Porygon2|[spread] p1b
|-miss|p2a: Hydreigon|p1a: Porygon2
|-crit|p1b: Volcarona
|-damage|p1b: Volcarona|33/100
|-unboost|p1b: Volcarona|spa|1
|move|p2b: Gholdengo|Nasty Plot|p2b: Gholdengo
|-boost|p2b: Gholdengo|spa|2
|move|p1b: Volcarona|Struggle Bug|p2b: Gholdengo|[spread] p2a,p2b
|-supereffective|p2a: Hydreigon
|-damage|p2a: Hydreigon|0 fnt
|-damage|p2b: Gholdengo|6/100
|-unboost|p2b: Gholdengo|spa|1
|faint|p2a: Hydreigon
|move|p1a: Porygon2|Ice Beam|p2b: Gholdengo
|-resisted|p2b: Gholdengo
|-damage|p2b: Gholdengo|0 fnt
|faint|p2b: Gholdengo
|
|win|elbarto95
|inactive|elbarto95 has 30 seconds to confirm battle start!
|inactive|bosilek has 30 seconds to confirm battle start!
