|j|☆higigig
|j|☆matrod
|html|higigigmatrod    
|uhtml|bestof|Game 3 of a best-of-3
|t:|1756711771
|gametype|doubles
|player|p1|higigig|sisandbro|1142
|player|p2|matrod|steven|1166
|gen|9
|tier|[Gen 9] VGC 2025 Reg H (Bo3)
|rated|
|rule|Species Clause: Limit one of each Pokémon
|rule|Item Clause: Limit 1 of each item
|clearpoke
|poke|p1|Sneasler, L50, M|
|poke|p1|Gholdengo, L50|
|poke|p1|Amoonguss, L50, F|
|poke|p1|Incineroar, L50, F|
|poke|p1|Ursaluna-Bloodmoon, L50, M|
|poke|p1|Farigiraf, L50, F|
|poke|p2|Ursaluna-Bloodmoon, L50, M|
|poke|p2|Rillaboom, L50, F|
|poke|p2|Baxcalibur, L50, F|
|poke|p2|Sneasler, L50, M|
|poke|p2|Volcarona, L50, F|
|poke|p2|Incineroar, L50, F|
|teampreview|4
|showteam|p1|Sneasler||ClearAmulet|PoisonTouch|FakeOut,CloseCombat,DireClaw,Protect|||M|||50|,,,,,Water]Gholdengo||MetalCoat|GoodasGold|NastyPlot,MakeItRain,ShadowBall,Protect||||||50|,,,,,Water]Amoonguss||MentalHerb|Regenerator|Spore,RagePowder,PollenPuff,Protect|||F|||50|,,,,,Water]Incineroar||SafetyGoggles|Intimidate|FakeOut,FlareBlitz,KnockOff,PartingShot|||F|||50|,,,,,Ghost]Ursaluna-Bloodmoon||LifeOrb|MindsEye|CalmMind,HyperVoice,EarthPower,BloodMoon|||M|||50|,,,,,Poison]Farigiraf||ThroatSpray|ArmorTail|HyperVoice,Psychic,TrickRoom,Protect|||F|||50|,,,,,Dragon
|showteam|p2|Ursaluna-Bloodmoon||AssaultVest|MindsEye|BloodMoon,HyperVoice,EarthPower,VacuumWave|||M|||50|,,,,,Water]Rillaboom||ChoiceBand|GrassySurge|WoodHammer,GrassyGlide,HighHorsepower,Uturn|||F|||50|,,,,,Poison]Baxcalibur||LoadedDice|ThermalExchange|ScaleShot,IcicleSpear,HighHorsepower,Protect|||F|||50|,,,,,Fairy]Sneasler||FocusSash|PoisonTouch|CloseCombat,DireClaw,FakeOut,Coaching|||M|||50|,,,,,Stellar]Volcarona||Leftovers|FlameBody|HeatWave,TeraBlast,QuiverDance,Protect|||F|||50|,,,,,Fairy]Incineroar||SafetyGoggles|Intimidate|KnockOff,FakeOut,FlareBlitz,Uturn|||F|||50|,,,,,Water
|inactive|Battle timer is ON: inactive players will automatically lose when time's up. (requested by higigig)
|inactive|higigig has 60 seconds left.
|inactive|matrod has 60 seconds left.
|inactive|higigig has 30 seconds left.
|inactive|higigig has 20 seconds left.
|
|t:|1756711846
|teamsize|p1|4
|teamsize|p2|4
|start
|switch|p1a: Sneasler|Sneasler, L50, M|100/100
|switch|p1b: Amoonguss|Amoonguss, L50, F|100/100
|switch|p2a: Sneasler|Sneasler, L50, M|100/100
|switch|p2b: Volcarona|Volcarona, L50, F|100/100
|turn|1
|inactive|higigig has 30 seconds left.
|inactive|matrod has 30 seconds left.
|inactive|higigig has 20 seconds left.
|
|t:|1756711884
|move|p2a: Sneasler|Fake Out|p1b: Amoonguss
|-damage|p1b: Amoonguss|88/100
|move|p1a: Sneasler|Dire Claw|p2b: Volcarona
|-damage|p2b: Volcarona|51/100
|move|p2b: Volcarona|Quiver Dance|p2b: Volcarona
|-boost|p2b: Volcarona|spa|1
|-boost|p2b: Volcarona|spd|1
|-boost|p2b: Volcarona|spe|1
|cant|p1b: Amoonguss|flinch
|
|-heal|p2b: Volcarona|57/100|[from] item: Leftovers
|upkeep
|turn|2
|inactive|higigig has 30 seconds left.
|inactive|higigig has 20 seconds left.
|
|t:|1756711919
|switch|p2a: Rillaboom|Rillaboom, L50, F|100/100
|-fieldstart|move: Grassy Terrain|[from] ability: Grassy Surge|[of] p2a: Rillaboom
|switch|p1b: Incineroar|Incineroar, L50, F|100/100
|-ability|p1b: Incineroar|Intimidate|boost
|-unboost|p2a: Rillaboom|atk|1
|-unboost|p2b: Volcarona|atk|1
|move|p2b: Volcarona|Protect|p2b: Volcarona
|-singleturn|p2b: Volcarona|Protect
|move|p1a: Sneasler|Protect||[still]
|-fail|p1a: Sneasler
|
|-heal|p2b: Volcarona|64/100|[from] Grassy Terrain
|-heal|p2b: Volcarona|70/100|[from] item: Leftovers
|upkeep
|turn|3
|l|☆matrod
|inactive|matrod disconnected and has a minute to reconnect!
|player|p2|
|inactive|higigig has 30 seconds left.
|inactive|matrod has 30 seconds left.
|j|☆matrod
|inactive|matrod reconnected and has 25 seconds left.
|player|p2|matrod|steven|
|inactive|higigig has 20 seconds left.
|inactive|matrod has 20 seconds left.
|inactive|matrod has 15 seconds left.
|inactive|matrod has 10 seconds left.
|inactive|higigig has 15 seconds left.
|inactive|higigig has 10 seconds left.
|inactive|higigig has 5 seconds left.
|
|t:|1756711985
|move|p1a: Sneasler|Fake Out||[still]
|-hint|Fake Out only works on your first turn out.
|-fail|p1a: Sneasler
|move|p1b: Incineroar|Fake Out|p2b: Volcarona
|-damage|p2b: Volcarona|56/100
|cant|p2b: Volcarona|flinch
|move|p2a: Rillaboom|U-turn|p1b: Incineroar
|-crit|p1b: Incineroar
|-damage|p1b: Incineroar|51/100
|
|t:|1756711999
|switch|p2a: Sneasler|Sneasler, L50, M|100/100|[from] U-turn
|
|-heal|p2b: Volcarona|62/100|[from] Grassy Terrain
|-heal|p2b: Volcarona|69/100|[from] item: Leftovers
|-heal|p1b: Incineroar|57/100|[from] Grassy Terrain
|upkeep
|turn|4
|c|☆matrod|U good?
|inactive|higigig has 30 seconds left.
|c|☆higigig|sorry i had to let my dog out
|c|☆higigig|i'm back
|inactive|higigig has 20 seconds left.
|
|t:|1756712039
|move|p1a: Sneasler|Protect|p1a: Sneasler
|-singleturn|p1a: Sneasler|Protect
|move|p2b: Volcarona|Quiver Dance|p2b: Volcarona
|-boost|p2b: Volcarona|spa|1
|-boost|p2b: Volcarona|spd|1
|-boost|p2b: Volcarona|spe|1
|move|p2a: Sneasler|Coaching|p2b: Volcarona
|-boost|p2b: Volcarona|atk|1
|-boost|p2b: Volcarona|def|1
|move|p1b: Incineroar|Flare Blitz|p2b: Volcarona
|-damage|p2b: Volcarona|21/100
|-damage|p1b: Incineroar|44/100|[from] Recoil
|
|-heal|p2b: Volcarona|27/100|[from] Grassy Terrain
|-heal|p2b: Volcarona|33/100|[from] item: Leftovers
|-heal|p1b: Incineroar|50/100|[from] Grassy Terrain
|upkeep
|turn|5
|c|☆matrod|Ohh rip
|inactive|higigig has 30 seconds left.
|inactive|higigig has 20 seconds left.
|
|t:|1756712074
|-terastallize|p1b: Incineroar|Ghost
|move|p2b: Volcarona|Protect|p2b: Volcarona
|-singleturn|p2b: Volcarona|Protect
|move|p2a: Sneasler|Coaching|p2b: Volcarona
|-boost|p2b: Volcarona|atk|1
|-boost|p2b: Volcarona|def|1
|move|p1a: Sneasler|Dire Claw|p2a: Sneasler
|-resisted|p2a: Sneasler
|-damage|p2a: Sneasler|59/100
|move|p1b: Incineroar|Flare Blitz|p2b: Volcarona
|-activate|p2b: Volcarona|move: Protect
|
|-heal|p2b: Volcarona|40/100|[from] Grassy Terrain
|-heal|p2b: Volcarona|46/100|[from] item: Leftovers
|-heal|p2a: Sneasler|64/100|[from] Grassy Terrain
|-heal|p1b: Incineroar|55/100|[from] Grassy Terrain
|upkeep
|turn|6
|c|☆matrod|I tried to turn off timer but i didnt turn it on
|c|☆matrod|Unlucky
|c|☆higigig|it's chill
|c|☆higigig|my fault
|inactive|matrod has 30 seconds left.
|
|t:|1756712099
|move|p2b: Volcarona|Heat Wave|p1a: Sneasler|[spread] p1a
|-miss|p2b: Volcarona|p1b: Incineroar
|-damage|p1a: Sneasler|5/100
|move|p2a: Sneasler|Coaching|p2b: Volcarona
|-boost|p2b: Volcarona|atk|1
|-boost|p2b: Volcarona|def|1
|move|p1a: Sneasler|Dire Claw|p2b: Volcarona
|-damage|p2b: Volcarona|25/100
|-status|p2b: Volcarona|psn
|-status|p1a: Sneasler|brn|[from] ability: Flame Body|[of] p2b: Volcarona
|move|p1b: Incineroar|Flare Blitz|p2b: Volcarona
|-damage|p2b: Volcarona|0 fnt
|faint|p2b: Volcarona
|-damage|p1b: Incineroar|48/100|[from] Recoil
|
|-heal|p2a: Sneasler|70/100|[from] Grassy Terrain
|-heal|p1a: Sneasler|11/100 brn|[from] Grassy Terrain
|-heal|p1b: Incineroar|54/100|[from] Grassy Terrain
|-damage|p1a: Sneasler|5/100 brn|[from] brn
|-fieldend|move: Grassy Terrain
|upkeep
|c|☆matrod|Damn u survive +2
|c|☆matrod|Heat wave
|inactive|matrod has 30 seconds left.
|c|☆higigig|bulky sneasler :)
|c|☆matrod|Dayum
|inactive|matrod has 20 seconds left.
|inactive|matrod has 15 seconds left.
|
|t:|1756712141
|switch|p2b: Rillaboom|Rillaboom, L50, F|100/100
|-fieldstart|move: Grassy Terrain|[from] ability: Grassy Surge|[of] p2b: Rillaboom
|turn|7
|
|t:|1756712164
|switch|p1a: Amoonguss|Amoonguss, L50, F|100/100
|move|p2a: Sneasler|Dire Claw|p1a: Amoonguss
|-damage|p1a: Amoonguss|67/100
|move|p2b: Rillaboom|Wood Hammer|p1b: Incineroar
|-damage|p1b: Incineroar|0 fnt
|faint|p1b: Incineroar
|-damage|p2b: Rillaboom|81/100|[from] Recoil
|
|-heal|p2a: Sneasler|76/100|[from] Grassy Terrain
|-heal|p2b: Rillaboom|87/100|[from] Grassy Terrain
|-heal|p1a: Amoonguss|73/100|[from] Grassy Terrain
|upkeep
|inactive|higigig has 30 seconds left.
|
|t:|1756712195
|switch|p1b: Gholdengo|Gholdengo, L50|100/100
|turn|8
|
|t:|1756712218
|move|p2a: Sneasler|Coaching|p2b: Rillaboom
|-boost|p2b: Rillaboom|atk|1
|-boost|p2b: Rillaboom|def|1
|move|p2b: Rillaboom|Wood Hammer|p1b: Gholdengo
|-resisted|p1b: Gholdengo
|-damage|p1b: Gholdengo|18/100
|-damage|p2b: Rillaboom|57/100|[from] Recoil
|move|p1b: Gholdengo|Make It Rain|p2a: Sneasler|[spread] p2a,p2b
|-damage|p2a: Sneasler|0 fnt
|-damage|p2b: Rillaboom|0 fnt
|-unboost|p1b: Gholdengo|spa|1
|faint|p2a: Sneasler
|faint|p2b: Rillaboom
|move|p1a: Amoonguss|Pollen Puff|p2: Sneasler|[notarget]
|-fail|p1a: Amoonguss
|
|-heal|p1b: Gholdengo|24/100|[from] Grassy Terrain
|-heal|p1a: Amoonguss|79/100|[from] Grassy Terrain
|upkeep
|c|☆matrod|Oh shoot
|
|t:|1756712234
|switch|p2b: Incineroar|Incineroar, L50, F|100/100
|-ability|p2b: Incineroar|Intimidate|boost
|-unboost|p1a: Amoonguss|atk|1
|-unboost|p1b: Gholdengo|atk|1
|turn|9
|c|☆higigig|nah incin solos
|c|☆matrod|Yeah u right
|inactive|higigig has 30 seconds left.
|inactive|higigig has 20 seconds left.
|
|t:|1756712270
|move|p1b: Gholdengo|Protect|p1b: Gholdengo
|-singleturn|p1b: Gholdengo|Protect
|move|p1a: Amoonguss|Protect|p1a: Amoonguss
|-singleturn|p1a: Amoonguss|Protect
|move|p2b: Incineroar|Knock Off|p1b: Gholdengo
|-activate|p1b: Gholdengo|move: Protect
|
|-heal|p1b: Gholdengo|30/100|[from] Grassy Terrain
|-heal|p1a: Amoonguss|85/100|[from] Grassy Terrain
|upkeep
|turn|10
|
|t:|1756712283
|move|p1b: Gholdengo|Shadow Ball|p2b: Incineroar
|-resisted|p2b: Incineroar
|-damage|p2b: Incineroar|87/100
|move|p2b: Incineroar|Knock Off|p1b: Gholdengo
|-supereffective|p1b: Gholdengo
|-damage|p1b: Gholdengo|0 fnt
|-enditem|p1b: Gholdengo|Metal Coat|[from] move: Knock Off|[of] p2b: Incineroar
|faint|p1b: Gholdengo
|move|p1a: Amoonguss|Pollen Puff|p1: Gholdengo|[notarget]
|-fail|p1a: Amoonguss
|
|-heal|p2b: Incineroar|93/100|[from] Grassy Terrain
|-heal|p1a: Amoonguss|91/100|[from] Grassy Terrain
|upkeep
|
|t:|1756712285
|switch|p1b: Sneasler|Sneasler, L50, M|5/100 brn
|turn|11
|
|t:|1756712293
|-terastallize|p2b: Incineroar|Water
|move|p1b: Sneasler|Close Combat|p2b: Incineroar
|-damage|p2b: Incineroar|67/100
|-unboost|p1b: Sneasler|def|1
|-unboost|p1b: Sneasler|spd|1
|move|p2b: Incineroar|Knock Off|p1b: Sneasler
|-resisted|p1b: Sneasler
|-damage|p1b: Sneasler|0 fnt
|-enditem|p1b: Sneasler|Clear Amulet|[from] move: Knock Off|[of] p2b: Incineroar
|faint|p1b: Sneasler
|move|p1a: Amoonguss|Pollen Puff|p2b: Incineroar
|-damage|p2b: Incineroar|51/100
|
|-heal|p2b: Incineroar|57/100|[from] Grassy Terrain
|-heal|p1a: Amoonguss|97/100|[from] Grassy Terrain
|-fieldend|move: Grassy Terrain
|upkeep
|turn|12
|
|t:|1756712296
|move|p2b: Incineroar|Knock Off|p1a: Amoonguss
|-damage|p1a: Amoonguss|66/100
|-enditem|p1a: Amoonguss|Mental Herb|[from] move: Knock Off|[of] p2b: Incineroar
|move|p1a: Amoonguss|Pollen Puff|p2b: Incineroar
|-damage|p2b: Incineroar|41/100
|
|upkeep
|turn|13
|
|t:|1756712298
|move|p2b: Incineroar|Flare Blitz|p1a: Amoonguss
|-supereffective|p1a: Amoonguss
|-damage|p1a: Amoonguss|0 fnt
|faint|p1a: Amoonguss
|-damage|p2b: Incineroar|17/100|[from] Recoil
|
|win|matrod
|raw|higigig's rating: 1142 → 1119(-23 for losing)
|raw|matrod's rating: 1166 → 1189(+23 for winning)
