|j|☆lettitripppp
|j|‽MPM1998
|html|lettitrippppMPM1998    
|uhtml|bestof|Game 1 of a best-of-3
|t:|1785180274
|gametype|doubles
|player|p1|lettitripppp|lucas|1195
|player|p2|MPM1998|1|1197
|gen|9
|tier|[Gen 9 Champions] VGC 2026 Reg M-B (Bo3)
|rated|
|rule|Species Clause: Limit one of each Pokémon
|rule|Item Clause: Limit 1 of each item
|clearpoke
|poke|p1|Delphox, L50, F|
|poke|p1|Staraptor, L50, F|
|poke|p1|Glimmora, L50, M|
|poke|p1|Whimsicott, L50, M, shiny|
|poke|p1|Garchomp, L50, F|
|poke|p1|Kingambit, L50, F, shiny|
|poke|p2|Pelipper, L50, F|
|poke|p2|Sneasler, L50, M|
|poke|p2|Archaludon, L50, F|
|poke|p2|Swampert, L50, F|
|poke|p2|Basculegion, L50, M|
|poke|p2|Sylveon, L50, F|
|teampreview|4
|showteam|p1|Delphox||Delphoxite|Blaze|HeatWave,Psyshock,Encore,Protect|Timid||F|||50|]Staraptor||Staraptite|Intimidate|CloseCombat,BraveBird,Roost,Protect|Jolly||F|||50|]Glimmora||FocusSash|ToxicDebris|SludgeBomb,EarthPower,PowerGem,SpikyShield|Modest||M|||50|]Whimsicott||OccaBerry|Prankster|LightScreen,Moonblast,Tailwind,Charm|Timid||M|||50|]Garchomp||LifeOrb|RoughSkin|DragonClaw,Earthquake,RockSlide,Protect|Jolly||F|||50|]Kingambit||ChopleBerry|Defiant|KowtowCleave,SuckerPunch,IronHead,LowKick|Adamant||F|||50|
|showteam|p2|Pelipper||FocusSash|Drizzle|Tailwind,Hurricane,WeatherBall,Protect|Timid||F|||50|]Sneasler||WhiteHerb|Unburden|FakeOut,CloseCombat,DireClaw,Protect|Adamant||M|||50|]Archaludon||SitrusBerry|Stamina|FlashCannon,DragonPulse,ElectroShot,Protect|Modest||F|||50|]Swampert||Swampertite|Torrent|WaveCrash,HighHorsepower,IcePunch,Protect|Adamant||F|||50|]Basculegion||ChoiceScarf|Adaptability|WaveCrash,FlipTurn,LastRespects,AquaJet|Jolly||M|||50|]Sylveon||FairyFeather|Pixilate|HyperVoice,HyperBeam,QuickAttack,Protect|Modest||F|||50|
|inactive|Battle timer is ON: inactive players will automatically lose when time's up. (requested by lettitripppp)
|inactive|lettitripppp has 60 seconds left.
|inactive|MPM1998 has 60 seconds left.
|
|t:|1785180330
|teamsize|p1|4
|teamsize|p2|4
|start
|switch|p1a: NUMBER 1|Staraptor, L50, F|100/100
|switch|p1b: LET IT GO|Whimsicott, L50, M, shiny|100/100
|switch|p2a: Pelipper|Pelipper, L50, F|100/100
|switch|p2b: Swampert|Swampert, L50, F|100/100
|-ability|p1a: NUMBER 1|Intimidate|boost
|-unboost|p2a: Pelipper|atk|1
|-unboost|p2b: Swampert|atk|1
|-weather|RainDance|[from] ability: Drizzle|[of] p2a: Pelipper
|turn|1
|
|t:|1785180346
|detailschange|p1a: NUMBER 1|Staraptor-Mega, L50, F
|-mega|p1a: NUMBER 1|Staraptor|Staraptite
|detailschange|p2b: Swampert|Swampert-Mega, L50, F
|-mega|p2b: Swampert|Swampert|Swampertite
|move|p1a: NUMBER 1|Protect|p1a: NUMBER 1
|-singleturn|p1a: NUMBER 1|Protect
|move|p1b: LET IT GO|Tailwind|p1b: LET IT GO
|-sidestart|p1: lettitripppp|move: Tailwind
|move|p2b: Swampert|Wave Crash|p1a: NUMBER 1
|-activate|p1a: NUMBER 1|move: Protect
|move|p2a: Pelipper|Tailwind|p2a: Pelipper
|-sidestart|p2: MPM1998|move: Tailwind
|
|-weather|RainDance|[upkeep]
|upkeep
|turn|2
|
|t:|1785180361
|move|p1b: LET IT GO|Charm|p1a: NUMBER 1
|-boost|p1a: NUMBER 1|atk|2
|move|p2b: Swampert|Ice Punch|p1a: NUMBER 1
|-supereffective|p1a: NUMBER 1|1
|-damage|p1a: NUMBER 1|58/100
|move|p1a: NUMBER 1|Close Combat|p2b: Swampert
|-damage|p2b: Swampert|2/100
|-boost|p1a: NUMBER 1|def|1
|-boost|p1a: NUMBER 1|spd|1
|move|p2a: Pelipper|Hurricane|p1a: NUMBER 1
|-supereffective|p1a: NUMBER 1|1
|-damage|p1a: NUMBER 1|0 fnt
|faint|p1a: NUMBER 1
|
|-weather|RainDance|[upkeep]
|upkeep
|
|t:|1785180374
|switch|p1a: CRUSH SHARK|Garchomp, L50, F|100/100
|turn|3
|
|t:|1785180386
|move|p2b: Swampert|Ice Punch|p1a: CRUSH SHARK
|-supereffective|p1a: CRUSH SHARK|2
|-damage|p1a: CRUSH SHARK|4/100
|-damage|p2b: Swampert|0 fnt|[from] ability: Rough Skin|[of] p1a: CRUSH SHARK
|faint|p2b: Swampert
|move|p1b: LET IT GO|Moonblast|p2a: Pelipper
|-damage|p2a: Pelipper|51/100
|move|p1a: CRUSH SHARK|Rock Slide|p2a: Pelipper
|-supereffective|p2a: Pelipper|1
|-damage|p2a: Pelipper|0 fnt
|faint|p2a: Pelipper
|-damage|p1a: CRUSH SHARK|0 fnt|[from] item: Life Orb
|faint|p1a: CRUSH SHARK
|
|-weather|RainDance|[upkeep]
|upkeep
|
|t:|1785180397
|switch|p1a: NO GO AWAY|Glimmora, L50, M|100/100
|switch|p2a: Basculegion|Basculegion, L50, M|100/100
|switch|p2b: Sneasler|Sneasler, L50, M|100/100
|turn|4
|
|t:|1785180420
|move|p1b: LET IT GO|Charm|p2a: Basculegion
|-unboost|p2a: Basculegion|atk|2
|move|p2a: Basculegion|Wave Crash|p1a: NO GO AWAY
|-supereffective|p1a: NO GO AWAY|1
|-enditem|p1a: NO GO AWAY|Focus Sash
|-damage|p1a: NO GO AWAY|1/100
|-activate|p1a: NO GO AWAY|ability: Toxic Debris
|-sidestart|p2: MPM1998|move: Toxic Spikes
|-damage|p2a: Basculegion|73/100|[from] Recoil
|move|p2b: Sneasler|Dire Claw|p1b: LET IT GO
|-supereffective|p1b: LET IT GO|2
|-damage|p1b: LET IT GO|0 fnt
|faint|p1b: LET IT GO
|move|p1a: NO GO AWAY|Earth Power|p2b: Sneasler
|-supereffective|p2b: Sneasler|1
|-damage|p2b: Sneasler|0 fnt
|faint|p2b: Sneasler
|
|-weather|RainDance|[upkeep]
|-sideend|p2: MPM1998|move: Tailwind
|-sideend|p1: lettitripppp|move: Tailwind
|upkeep
|turn|5
|
|t:|1785180433
|move|p1a: NO GO AWAY|Spiky Shield|p1a: NO GO AWAY
|-singleturn|p1a: NO GO AWAY|move: Protect
|move|p2a: Basculegion|Wave Crash|p1a: NO GO AWAY
|-activate|p1a: NO GO AWAY|move: Protect
|-damage|p2a: Basculegion|61/100|[from] Spiky Shield|[of] p1a: NO GO AWAY
|
|-weather|none
|upkeep
|turn|6
|
|t:|1785180437
|move|p2a: Basculegion|Wave Crash|p1a: NO GO AWAY
|-supereffective|p1a: NO GO AWAY|1
|-crit|p1a: NO GO AWAY
|-damage|p1a: NO GO AWAY|0 fnt
|-activate|p1a: NO GO AWAY|ability: Toxic Debris
|-sidestart|p2: MPM1998|move: Toxic Spikes
|faint|p1a: NO GO AWAY
|-damage|p2a: Basculegion|60/100|[from] Recoil
|
|win|MPM1998
