|j|☆endK649
|j|☆robby w
|html|endK649robby w    
|uhtml|bestof|Game 3 of a best-of-3
|t:|1755193559
|gametype|doubles
|player|p1|endK649|gambler|1161
|player|p2|robby w|102|1186
|gen|9
|tier|[Gen 9] VGC 2025 Reg H (Bo3)
|rated|
|rule|Species Clause: Limit one of each Pokémon
|rule|Item Clause: Limit 1 of each item
|clearpoke
|poke|p1|Feraligatr, L50, M|
|poke|p1|Pelipper, L50, M|
|poke|p1|Archaludon, L50, F|
|poke|p1|Electabuzz, L50, F|
|poke|p1|Sneasler, L50, M|
|poke|p1|Rillaboom, L50, F|
|poke|p2|Annihilape, L50, F|
|poke|p2|Archaludon, L50, M|
|poke|p2|Dragonite, L50, F|
|poke|p2|Dondozo, L50, F|
|poke|p2|Tatsugiri, L50, F|
|poke|p2|Maushold, L50|
|teampreview|4
|showteam|p1|Feraligatr||LifeOrb|SheerForce|Liquidation,Crunch,DragonDance,Protect|||M|||50|,,,,,Dark]Pelipper||FocusSash|Drizzle|WeatherBall,Hurricane,Tailwind,Protect|||M|||50|,,,,,Stellar]Archaludon||AssaultVest|Stamina|FlashCannon,DragonPulse,ElectroShot,BodyPress|||F|||50|,,,,,Bug]Electabuzz||Eviolite|VitalSpirit|Thunderbolt,FollowMe,Taunt,Protect|||F|||50|,,,,,Ghost]Sneasler||WhiteHerb|Unburden|CloseCombat,DireClaw,FakeOut,Coaching|||M|||50|,,,,,Ghost]Rillaboom||LoadedDice|GrassySurge|BulletSeed,GrassyGlide,FakeOut,Protect|||F|||50|,,,,,Grass
|showteam|p2|Annihilape||FocusSash|Defiant|RageFist,Taunt,Coaching,Uturn|||F|||50|,,,,,Grass]Archaludon||AssaultVest|Stamina|BodyPress,FlashCannon,DragonPulse,Snarl|||M|||50|,,,,,Flying]Dragonite||LoadedDice|Multiscale|ExtremeSpeed,Tailwind,ScaleShot,Protect|||F|||50|,,,,,Fairy]Dondozo||Leftovers|Unaware|Protect,WaveCrash,Earthquake,OrderUp|||F|||50|,,,,,Grass]Tatsugiri||ChoiceScarf|Commander|DragonPulse,IcyWind,DracoMeteor,MuddyWater|||F|||50|,,,,,Stellar]Maushold||SafetyGoggles|FriendGuard|FollowMe,Protect,BeatUp,Taunt||||||50|,,,,,Ghost
|
|t:|1755193581
|teamsize|p1|4
|teamsize|p2|4
|start
|switch|p1a: Chunky|Archaludon, L50, F, shiny|100/100
|switch|p1b: Squawks|Pelipper, L50, M, shiny|100/100
|switch|p2a: Dragonite|Dragonite, L50, F, shiny|100/100
|switch|p2b: Dondozo|Dondozo, L50, F, shiny|100/100
|-weather|RainDance|[from] ability: Drizzle|[of] p1b: Squawks
|turn|1
|
|t:|1755193616
|switch|p1b: D.K.|Rillaboom, L50, F, shiny|100/100
|-fieldstart|move: Grassy Terrain|[from] ability: Grassy Surge|[of] p1b: D.K.
|move|p2a: Dragonite|Scale Shot|p1b: D.K.
|-damage|p1b: D.K.|86/100
|-damage|p1b: D.K.|70/100
|-damage|p1b: D.K.|55/100
|-damage|p1b: D.K.|39/100
|-damage|p1b: D.K.|23/100
|-hitcount|p1b: D.K.|5
|-unboost|p2a: Dragonite|def|1
|-boost|p2a: Dragonite|spe|1
|move|p1a: Chunky|Electro Shot||[still]
|-prepare|p1a: Chunky|Electro Shot
|-boost|p1a: Chunky|spa|1
|-anim|p1a: Chunky|Electro Shot|p2b: Dondozo
|-supereffective|p2b: Dondozo
|-damage|p2b: Dondozo|2/100
|move|p2b: Dondozo|Earthquake|p1b: D.K.|[spread] p1a,p1b
|-immune|p2a: Dragonite
|-supereffective|p1a: Chunky
|-resisted|p1b: D.K.
|-damage|p1a: Chunky|83/100
|-damage|p1b: D.K.|18/100
|-ability|p1a: Chunky|Stamina|boost
|-boost|p1a: Chunky|def|1
|
|-weather|RainDance|[upkeep]
|-heal|p1b: D.K.|24/100|[from] Grassy Terrain
|-heal|p1a: Chunky|89/100|[from] Grassy Terrain
|-heal|p2b: Dondozo|8/100|[from] Grassy Terrain
|-heal|p2b: Dondozo|15/100|[from] item: Leftovers
|upkeep
|turn|2
|
|t:|1755193646
|move|p2a: Dragonite|Protect|p2a: Dragonite
|-singleturn|p2a: Dragonite|Protect
|move|p2b: Dondozo|Protect|p2b: Dondozo
|-singleturn|p2b: Dondozo|Protect
|move|p1b: D.K.|Fake Out|p2a: Dragonite
|-activate|p2a: Dragonite|move: Protect
|move|p1a: Chunky|Electro Shot||[still]
|-prepare|p1a: Chunky|Electro Shot
|-boost|p1a: Chunky|spa|1
|-anim|p1a: Chunky|Electro Shot|p2a: Dragonite
|-activate|p2a: Dragonite|move: Protect
|
|-weather|RainDance|[upkeep]
|-heal|p1b: D.K.|30/100|[from] Grassy Terrain
|-heal|p1a: Chunky|95/100|[from] Grassy Terrain
|-heal|p2b: Dondozo|21/100|[from] Grassy Terrain
|-heal|p2b: Dondozo|27/100|[from] item: Leftovers
|upkeep
|turn|3
|
|t:|1755193674
|switch|p2b: Annihilape|Annihilape, L50, F, shiny|100/100
|move|p2a: Dragonite|Extreme Speed|p1b: D.K.
|-damage|p1b: D.K.|1/100
|move|p1b: D.K.|Bullet Seed|p2b: Annihilape
|-damage|p2b: Annihilape|81/100
|-damage|p2b: Annihilape|63/100
|-damage|p2b: Annihilape|43/100
|-damage|p2b: Annihilape|24/100
|-damage|p2b: Annihilape|6/100
|-hitcount|p2b: Annihilape|5
|move|p1a: Chunky|Electro Shot||[still]
|-prepare|p1a: Chunky|Electro Shot
|-boost|p1a: Chunky|spa|1
|-anim|p1a: Chunky|Electro Shot|p2b: Annihilape
|-damage|p2b: Annihilape|0 fnt
|faint|p2b: Annihilape
|
|-weather|RainDance|[upkeep]
|-heal|p1b: D.K.|7/100|[from] Grassy Terrain
|-heal|p1a: Chunky|100/100|[from] Grassy Terrain
|upkeep
|
|t:|1755193695
|switch|p2b: Dondozo|Dondozo, L50, F, shiny|27/100
|turn|4
|
|t:|1755193703
|move|p1b: D.K.|Protect|p1b: D.K.
|-singleturn|p1b: D.K.|Protect
|move|p2b: Dondozo|Protect|p2b: Dondozo
|-singleturn|p2b: Dondozo|Protect
|move|p2a: Dragonite|Extreme Speed|p1b: D.K.
|-activate|p1b: D.K.|move: Protect
|move|p1a: Chunky|Electro Shot||[still]
|-prepare|p1a: Chunky|Electro Shot
|-boost|p1a: Chunky|spa|1
|-anim|p1a: Chunky|Electro Shot|p2b: Dondozo
|-activate|p2b: Dondozo|move: Protect
|
|-weather|RainDance|[upkeep]
|-heal|p1b: D.K.|13/100|[from] Grassy Terrain
|-heal|p2b: Dondozo|33/100|[from] Grassy Terrain
|-heal|p2b: Dondozo|39/100|[from] item: Leftovers
|upkeep
|turn|5
|
|t:|1755193751
|switch|p2a: Tatsugiri|Tatsugiri, L50, F|100/100
|-activate|p2a: Tatsugiri|ability: Commander|[of] p2b: Dondozo
|-boost|p2b: Dondozo|atk|2
|-boost|p2b: Dondozo|spa|2
|-boost|p2b: Dondozo|spe|2
|-boost|p2b: Dondozo|def|2
|-boost|p2b: Dondozo|spd|2
|switch|p1b: Candy|Sneasler, L50, M, shiny|100/100
|-terastallize|p2b: Dondozo|Grass
|move|p2b: Dondozo|Earthquake|p1b: Candy|[spread] p1a,p1b
|-miss|p2b: Dondozo|p2a: Tatsugiri
|-supereffective|p1a: Chunky
|-supereffective|p1b: Candy
|-damage|p1a: Chunky|65/100
|-damage|p1b: Candy|21/100
|-ability|p1a: Chunky|Stamina|boost
|-boost|p1a: Chunky|def|1
|move|p1a: Chunky|Electro Shot||[still]
|-prepare|p1a: Chunky|Electro Shot
|-boost|p1a: Chunky|spa|1
|-anim|p1a: Chunky|Electro Shot|p2b: Dondozo
|-resisted|p2b: Dondozo
|-damage|p2b: Dondozo|27/100
|
|-weather|none
|-heal|p1b: Candy|27/100|[from] Grassy Terrain
|-heal|p2b: Dondozo|33/100|[from] Grassy Terrain
|-heal|p2b: Dondozo|39/100|[from] item: Leftovers
|-heal|p1a: Chunky|71/100|[from] Grassy Terrain
|-fieldend|move: Grassy Terrain
|upkeep
|turn|6
|
|t:|1755193780
|move|p2b: Dondozo|Protect|p2b: Dondozo
|-singleturn|p2b: Dondozo|Protect
|move|p1b: Candy|Fake Out|p2b: Dondozo
|-activate|p2b: Dondozo|move: Protect
|move|p1a: Chunky|Dragon Pulse|p2b: Dondozo
|-activate|p2b: Dondozo|move: Protect
|
|-heal|p2b: Dondozo|45/100|[from] item: Leftovers
|upkeep
|turn|7
|
|t:|1755193807
|-terastallize|p1a: Chunky|Bug
|move|p1b: Candy|Dire Claw|p2b: Dondozo
|-supereffective|p2b: Dondozo
|-damage|p2b: Dondozo|13/100
|-status|p2b: Dondozo|psn
|move|p2b: Dondozo|Earthquake|p1a: Chunky|[spread] p1a,p1b
|-miss|p2b: Dondozo|p2a: Tatsugiri
|-resisted|p1a: Chunky
|-supereffective|p1b: Candy
|-damage|p1a: Chunky|52/100
|-damage|p1b: Candy|0 fnt
|-ability|p1a: Chunky|Stamina|boost
|-boost|p1a: Chunky|def|1
|faint|p1b: Candy
|move|p1a: Chunky|Dragon Pulse|p2b: Dondozo
|-damage|p2b: Dondozo|0 fnt
|faint|p2b: Dondozo
|
|upkeep
|
|t:|1755193824
|switch|p1b: D.K.|Rillaboom, L50, F, shiny|13/100
|switch|p2b: Dragonite|Dragonite, L50, F, shiny|100/100
|-fieldstart|move: Grassy Terrain|[from] ability: Grassy Surge|[of] p1b: D.K.
|turn|8
|
|t:|1755193832
|move|p2b: Dragonite|Protect|p2b: Dragonite
|-singleturn|p2b: Dragonite|Protect
|move|p1b: D.K.|Fake Out|p2b: Dragonite
|-activate|p2b: Dragonite|move: Protect
|move|p2a: Tatsugiri|Icy Wind|p1a: Chunky|[spread] p1a,p1b
|-supereffective|p1b: D.K.
|-damage|p1a: Chunky|42/100
|-damage|p1b: D.K.|0 fnt
|-unboost|p1a: Chunky|spe|1
|-ability|p1a: Chunky|Stamina|boost
|-boost|p1a: Chunky|def|1
|faint|p1b: D.K.
|move|p1a: Chunky|Dragon Pulse|p2a: Tatsugiri
|-supereffective|p2a: Tatsugiri
|-damage|p2a: Tatsugiri|0 fnt
|faint|p2a: Tatsugiri
|
|-heal|p1a: Chunky|48/100|[from] Grassy Terrain
|upkeep
|
|t:|1755193836
|switch|p1b: Squawks|Pelipper, L50, M, shiny|100/100
|-weather|RainDance|[from] ability: Drizzle|[of] p1b: Squawks
|turn|9
|
|t:|1755193864
|move|p2b: Dragonite|Extreme Speed|p1a: Chunky
|-damage|p1a: Chunky|40/100
|-ability|p1a: Chunky|Stamina|boost
|-boost|p1a: Chunky|def|1
|move|p1b: Squawks|Tailwind|p1b: Squawks
|-sidestart|p1: endK649|move: Tailwind
|move|p1a: Chunky|Dragon Pulse|p2b: Dragonite
|-supereffective|p2b: Dragonite
|-damage|p2b: Dragonite|0 fnt
|faint|p2b: Dragonite
|
|win|endK649
|raw|endK649's rating: 1161 → 1188(+27 for winning)
|raw|robby w's rating: 1186 → 1159(-27 for losing)
|l|☆robby w
|player|p2|
