|j|☆GGWP.1
|j|☆mudkipc4
|html|GGWP.1mudkipc4    
|uhtml|bestof|Game 3 of a best-of-3
|t:|1783395958
|gametype|doubles
|player|p1|GGWP.1|giovanni|1168
|player|p2|mudkipc4|pokemaniac|1163
|gen|9
|tier|[Gen 9 Champions] VGC 2026 Reg M-B (Bo3)
|rated|
|rule|Species Clause: Limit one of each Pokémon
|rule|Item Clause: Limit 1 of each item
|clearpoke
|poke|p1|Gengar, L50, F, shiny|
|poke|p1|Corviknight, L50, M|
|poke|p1|Grimmsnarl, L50, M|
|poke|p1|Basculegion, L50, M|
|poke|p1|Staraptor, L50, F, shiny|
|poke|p1|Kingambit, L50, M|
|poke|p2|Mawile, L50, F|
|poke|p2|Gengar, L50, M|
|poke|p2|Farigiraf, L50, M|
|poke|p2|Torkoal, L50, F|
|poke|p2|Aerodactyl, L50, F|
|poke|p2|Hydreigon, L50, F|
|teampreview|4
|showteam|p1|Gengar||Gengarite|CursedBody|ShadowBall,SludgeBomb,DestinyBond,Protect|Timid||F|||50|]Corviknight||Leftovers|MirrorArmor|BodyPress,BraveBird,Protect,BulkUp|Adamant||M|||50|]Grimmsnarl||MentalHerb|Prankster|Reflect,LightScreen,MistyTerrain,ScaryFace|Calm||M|||50|]Basculegion||FocusSash|Adaptability|LastRespects,Waterfall,Protect,AquaJet|Jolly||M|||50|]Staraptor||Staraptite|Intimidate|Roost,CloseCombat,BraveBird,Protect|Adamant||F|||50|]Kingambit||BlackGlasses|Defiant|KowtowCleave,LowKick,SuckerPunch,Protect|Adamant||M|||50|
|showteam|p2|Mawile||Mawilite|Intimidate|PlayRough,IronHead,SuckerPunch,Protect|Adamant||F|||50|]Gengar||Gengarite|CursedBody|ShadowBall,SludgeBomb,Disable,Protect|Timid||M|||50|]Farigiraf||SitrusBerry|ArmorTail|Psychic,TrickRoom,Protect,Imprison|Bold||M|||50|]Torkoal||Charcoal|Drought|Eruption,Yawn,WeatherBall,Protect|Quiet||F|||50|]Aerodactyl||FocusSash|Unnerve|Tailwind,Taunt,RockSlide,WideGuard|Jolly||F|||50|]Hydreigon||LifeOrb|Levitate|DracoMeteor,EarthPower,DarkPulse,Snarl|Timid||F|||50|
|inactive|Battle timer is ON: inactive players will automatically lose when time's up. (requested by GGWP.1)
|inactive|GGWP.1 has 60 seconds left.
|
|t:|1783395990
|teamsize|p1|4
|teamsize|p2|4
|start
|switch|p1a: Staraptor|Staraptor, L50, F, shiny|100/100
|switch|p1b: Kingambit|Kingambit, L50, M|100/100
|switch|p2a: Farigiraf|Farigiraf, L50, M|100/100
|switch|p2b: Torkoal|Torkoal, L50, F|100/100
|-ability|p1a: Staraptor|Intimidate|boost
|-unboost|p2a: Farigiraf|atk|1
|-unboost|p2b: Torkoal|atk|1
|-weather|SunnyDay|[from] ability: Drought|[of] p2b: Torkoal
|turn|1
|
|t:|1783396000
|detailschange|p1a: Staraptor|Staraptor-Mega, L50, F, shiny
|-mega|p1a: Staraptor|Staraptor|Staraptite
|move|p2a: Farigiraf|Protect|p2a: Farigiraf
|-singleturn|p2a: Farigiraf|Protect
|move|p1a: Staraptor|Close Combat|p2b: Torkoal
|-damage|p2b: Torkoal|45/100
|-boost|p1a: Staraptor|def|1
|-boost|p1a: Staraptor|spd|1
|move|p1b: Kingambit|Kowtow Cleave|p2a: Farigiraf
|-activate|p2a: Farigiraf|move: Protect
|move|p2b: Torkoal|Yawn|p1a: Staraptor
|-start|p1a: Staraptor|move: Yawn|[of] p2b: Torkoal
|
|-weather|SunnyDay|[upkeep]
|upkeep
|turn|2
|
|t:|1783396018
|move|p1a: Staraptor|Close Combat|p2a: Farigiraf
|-damage|p2a: Farigiraf|43/100
|-boost|p1a: Staraptor|def|1
|-boost|p1a: Staraptor|spd|1
|-enditem|p2a: Farigiraf|Sitrus Berry|[eat]
|-heal|p2a: Farigiraf|68/100|[from] item: Sitrus Berry
|move|p1b: Kingambit|Kowtow Cleave|p2a: Farigiraf
|-supereffective|p2a: Farigiraf|1
|-damage|p2a: Farigiraf|0 fnt
|faint|p2a: Farigiraf
|move|p2b: Torkoal|Weather Ball|p1a: Staraptor
|-damage|p1a: Staraptor|63/100
|
|-weather|SunnyDay|[upkeep]
|-end|p1a: Staraptor|move: Yawn|[silent]
|-status|p1a: Staraptor|slp
|upkeep
|
|t:|1783396031
|switch|p2a: Hydreigon|Hydreigon, L50, F|100/100
|turn|3
|
|t:|1783396040
|move|p1b: Kingambit|Sucker Punch|p2b: Torkoal
|-damage|p2b: Torkoal|9/100
|move|p2a: Hydreigon|Dark Pulse|p1a: Staraptor
|-resisted|p1a: Staraptor|1
|-damage|p1a: Staraptor|50/100g slp
|-damage|p2a: Hydreigon|90/100|[from] item: Life Orb
|cant|p1a: Staraptor|slp
|move|p2b: Torkoal|Weather Ball|p1b: Kingambit
|-supereffective|p1b: Kingambit|1
|-crit|p1b: Kingambit
|-damage|p1b: Kingambit|0 fnt
|faint|p1b: Kingambit
|
|-weather|SunnyDay|[upkeep]
|upkeep
|
|t:|1783396049
|switch|p1b: Basculegion|Basculegion, L50, M|100/100
|turn|4
|
|t:|1783396061
|move|p2b: Torkoal|Protect|p2b: Torkoal
|-singleturn|p2b: Torkoal|Protect
|move|p1b: Basculegion|Aqua Jet|p2b: Torkoal
|-activate|p2b: Torkoal|move: Protect
|move|p2a: Hydreigon|Snarl|p1a: Staraptor|[spread] p1a,p1b
|-resisted|p1a: Staraptor|1
|-supereffective|p1b: Basculegion|1
|-damage|p1a: Staraptor|43/100 slp
|-damage|p1b: Basculegion|35/100
|-boost|p1a: Staraptor|spa|1
|-unboost|p1b: Basculegion|spa|1
|-damage|p2a: Hydreigon|81/100|[from] item: Life Orb
|-curestatus|p1a: Staraptor|slp|[msg]
|move|p1a: Staraptor|Close Combat|p2a: Hydreigon
|-supereffective|p2a: Hydreigon|1
|-damage|p2a: Hydreigon|0 fnt
|-boost|p1a: Staraptor|def|1
|-boost|p1a: Staraptor|spd|1
|faint|p2a: Hydreigon
|
|-weather|SunnyDay|[upkeep]
|upkeep
|
|t:|1783396075
|switch|p2a: Mawile|Mawile, L50, F|100/100
|-ability|p2a: Mawile|Intimidate|boost
|-boost|p1a: Staraptor|atk|1
|-unboost|p1b: Basculegion|atk|1
|turn|5
|
|t:|1783396085
|switch|p1b: Grimmsnarl|Grimmsnarl, L50, M|100/100
|detailschange|p2a: Mawile|Mawile-Mega, L50, F
|-mega|p2a: Mawile|Mawile|Mawilite
|move|p1a: Staraptor|Protect|p1a: Staraptor
|-singleturn|p1a: Staraptor|Protect
|move|p2a: Mawile|Play Rough|p1a: Staraptor
|-activate|p1a: Staraptor|move: Protect
|move|p2b: Torkoal|Yawn|p1b: Grimmsnarl
|-start|p1b: Grimmsnarl|move: Yawn|[of] p2b: Torkoal
|
|-weather|none
|upkeep
|turn|6
|
|t:|1783396101
|move|p2b: Torkoal|Protect|p2b: Torkoal
|-singleturn|p2b: Torkoal|Protect
|move|p1b: Grimmsnarl|Reflect|p1b: Grimmsnarl
|-sidestart|p1: GGWP.1|Reflect
|move|p1a: Staraptor|Close Combat|p2b: Torkoal
|-activate|p2b: Torkoal|move: Protect
|move|p2a: Mawile|Play Rough|p1a: Staraptor
|-supereffective|p1a: Staraptor|1
|-damage|p1a: Staraptor|0 fnt
|faint|p1a: Staraptor
|
|-end|p1b: Grimmsnarl|move: Yawn|[silent]
|-status|p1b: Grimmsnarl|slp
|upkeep
|
|t:|1783396103
|switch|p1a: Basculegion|Basculegion, L50, M|35/100
|turn|7
|
|t:|1783396118
|move|p1a: Basculegion|Aqua Jet|p2b: Torkoal
|-supereffective|p2b: Torkoal|1
|-damage|p2b: Torkoal|0 fnt
|faint|p2b: Torkoal
|cant|p1b: Grimmsnarl|slp
|move|p2a: Mawile|Play Rough|p1a: Basculegion
|-damage|p1a: Basculegion|0 fnt
|faint|p1a: Basculegion
|
|upkeep
|turn|8
|c|☆mudkipc4|gg
|c|☆GGWP.1|ggwp
|-message|GGWP.1 forfeited.
|
|win|mudkipc4
|raw|GGWP.1's rating: 1168 → 1143(-25 for losing)
|raw|mudkipc4's rating: 1163 → 1188(+25 for winning)
|c|☆mudkipc4|wp wp!
|l|☆GGWP.1
|player|p1|
|l|☆mudkipc4
|player|p2|
|j|☆mudkipc4
|player|p2|mudkipc4|pokemaniac|
