|j|☆Blood salamander
|j|☆freudianbreath
|html|Blood salamanderfreudianbreath    
|uhtml|bestof|Game 2 of a best-of-3
|t:|1782963420
|gametype|doubles
|player|p1|Blood salamander|266|1045
|player|p2|freudianbreath|1|1125
|gen|9
|tier|[Gen 9 Champions] VGC 2026 Reg M-B (Bo3)
|rated|
|rule|Species Clause: Limit one of each Pokémon
|rule|Item Clause: Limit 1 of each item
|clearpoke
|poke|p1|Staraptor, L50, M|
|poke|p1|Aegislash, L50, F|
|poke|p1|Garchomp, L50, M|
|poke|p1|Charizard, L50, M|
|poke|p1|Sneasler, L50, F|
|poke|p1|Whimsicott, L50, F|
|poke|p2|Staraptor, L50, F|
|poke|p2|Meganium, L50, F|
|poke|p2|Rotom-Heat, L50|
|poke|p2|Gholdengo, L50|
|poke|p2|Clefable, L50, M|
|poke|p2|Tyranitar, L50, M|
|teampreview|4
|showteam|p1|Staraptor||Staraptite|Intimidate|Roost,CloseCombat,BraveBird,Protect|Adamant||M|||50|]Aegislash||Leftovers|StanceChange|FlashCannon,KingsShield,ShadowSneak,Poltergeist|Relaxed||F|||50|]Garchomp||ChoiceScarf|RoughSkin|DragonClaw,Crunch,BrickBreak,Earthquake|Jolly||M|||50|]Charizard||CharizarditeY|Blaze|HeatWave,SolarBeam,Protect,WeatherBall|Timid||M|||50|]Sneasler||LifeOrb|PoisonTouch|DireClaw,Uturn,Taunt,FakeOut|Jolly||F|||50|]Whimsicott||FocusSash|Prankster|Tailwind,Moonblast,Charm,FakeTears|Bold||F|||50|
|showteam|p2|Staraptor||ChoiceScarf|Intimidate|Uturn,CloseCombat,BraveBird,Tailwind|Jolly||F|||50|]Meganium||Meganiumite|Overgrow|Protect,SolarBeam,DazzlingGleam,WeatherBall|Timid||F|||50|]Rotom-Heat||SitrusBerry|Levitate|WillOWisp,VoltSwitch,LightScreen,Overheat|Timid|||||50|]Gholdengo||LifeOrb|GoodasGold|MakeItRain,NastyPlot,Protect,ShadowBall|Timid|||||50|]Clefable||Leftovers|Unaware|HelpingHand,FollowMe,Moonblast,FakeTears|Calm||M|||50|]Tyranitar||Tyranitarite|SandStream|RockSlide,KnockOff,LowKick,Protect|Adamant||M|||50|
|inactive|Battle timer is ON: inactive players will automatically lose when time's up. (requested by Blood salamander)
|inactive|freudianbreath has 60 seconds left.
|
|t:|1782963468
|teamsize|p1|4
|teamsize|p2|4
|start
|switch|p1a: Staraptor|Staraptor, L50, M|100/100
|switch|p1b: Whimsicott|Whimsicott, L50, F|100/100
|switch|p2a: Staraptor|Staraptor, L50, F|100/100
|switch|p2b: Gholdengo|Gholdengo, L50|100/100
|-ability|p2a: Staraptor|Intimidate|boost
|-unboost|p1a: Staraptor|atk|1
|-unboost|p1b: Whimsicott|atk|1
|-ability|p1a: Staraptor|Intimidate|boost
|-unboost|p2a: Staraptor|atk|1
|-unboost|p2b: Gholdengo|atk|1
|turn|1
|inactive|freudianbreath has 30 seconds left.
|inactive|freudianbreath has 20 seconds left.
|inactive|freudianbreath has 15 seconds left.
|inactive|freudianbreath has 10 seconds left.
|
|t:|1782963517
|detailschange|p1a: Staraptor|Staraptor-Mega, L50, M
|-mega|p1a: Staraptor|Staraptor|Staraptite
|move|p1b: Whimsicott|Charm|p2a: Staraptor
|-unboost|p2a: Staraptor|atk|2
|move|p2a: Staraptor|Tailwind|p2a: Staraptor
|-sidestart|p2: freudianbreath|move: Tailwind
|move|p2b: Gholdengo|Make It Rain|p1b: Whimsicott|[spread] p1a,p1b
|-supereffective|p1b: Whimsicott|1
|-damage|p1a: Staraptor|38/100
|-enditem|p1b: Whimsicott|Focus Sash
|-damage|p1b: Whimsicott|1/100
|-unboost|p2b: Gholdengo|spa|2
|-damage|p2b: Gholdengo|90/100|[from] item: Life Orb
|move|p1a: Staraptor|Close Combat|p2a: Staraptor
|-damage|p2a: Staraptor|32/100
|-boost|p1a: Staraptor|def|1
|-boost|p1a: Staraptor|spd|1
|
|upkeep
|turn|2
|inactive|Blood salamander has 30 seconds left.
|inactive|freudianbreath has 30 seconds left.
|inactive|freudianbreath has 20 seconds left.
|
|t:|1782963553
|switch|p2a: Clefable|Clefable, L50, M|100/100
|move|p1a: Staraptor|Protect|p1a: Staraptor
|-singleturn|p1a: Staraptor|Protect
|move|p1b: Whimsicott|Tailwind|p1b: Whimsicott
|-sidestart|p1: Blood salamander|move: Tailwind
|move|p2b: Gholdengo|Nasty Plot|p2b: Gholdengo
|-boost|p2b: Gholdengo|spa|2
|
|upkeep
|turn|3
|inactive|freudianbreath has 30 seconds left.
|inactive|freudianbreath has 20 seconds left.
|inactive|freudianbreath has 15 seconds left.
|
|t:|1782963594
|switch|p1a: Aegislash|Aegislash, L50, F|100/100
|move|p1b: Whimsicott|Fake Tears|p2a: Clefable
|-unboost|p2a: Clefable|spd|2
|move|p2b: Gholdengo|Make It Rain|p1a: Aegislash|[spread] p1a,p1b
|-resisted|p1a: Aegislash|1
|-supereffective|p1b: Whimsicott|1
|-damage|p1a: Aegislash|73/100
|-damage|p1b: Whimsicott|0 fnt
|-unboost|p2b: Gholdengo|spa|2
|faint|p1b: Whimsicott
|-damage|p2b: Gholdengo|80/100|[from] item: Life Orb
|move|p2a: Clefable|Moonblast|p1a: Aegislash
|-resisted|p1a: Aegislash|1
|-damage|p1a: Aegislash|59/100
|
|-heal|p1a: Aegislash|64/100|[from] item: Leftovers
|upkeep
|
|t:|1782963607
|switch|p1b: Garchomp|Garchomp, L50, M|100/100
|turn|4
|inactive|freudianbreath has 30 seconds left.
|inactive|freudianbreath has 20 seconds left.
|inactive|freudianbreath has 15 seconds left.
|inactive|freudianbreath has 10 seconds left.
|inactive|freudianbreath has 5 seconds left.
|
|t:|1782963661
|switch|p2b: Staraptor|Staraptor, L50, F|32/100
|-ability|p2b: Staraptor|Intimidate|boost
|-unboost|p1a: Aegislash|atk|1
|-unboost|p1b: Garchomp|atk|1
|move|p1a: Aegislash|King's Shield|p1a: Aegislash
|-singleturn|p1a: Aegislash|Protect
|move|p1b: Garchomp|Earthquake|p2b: Staraptor|[spread] p2a
|-activate|p1a: Aegislash|move: Protect
|-immune|p2b: Staraptor
|-damage|p2a: Clefable|55/100
|move|p2a: Clefable|Fake Tears|p1b: Garchomp
|-unboost|p1b: Garchomp|spd|2
|
|-heal|p2a: Clefable|61/100|[from] item: Leftovers
|-heal|p1a: Aegislash|70/100|[from] item: Leftovers
|-sideend|p2: freudianbreath|move: Tailwind
|upkeep
|turn|5
|inactive|freudianbreath has 30 seconds left.
|inactive|freudianbreath has 20 seconds left.
|inactive|freudianbreath has 15 seconds left.
|inactive|freudianbreath has 10 seconds left.
|
|t:|1782963709
|move|p2a: Clefable|Follow Me|p2a: Clefable
|-singleturn|p2a: Clefable|move: Follow Me
|move|p1b: Garchomp|Earthquake|p2a: Clefable|[spread] p1a,p2a
|-immune|p2b: Staraptor
|-supereffective|p1a: Aegislash|1
|-damage|p1a: Aegislash|31/100
|-damage|p2a: Clefable|16/100
|move|p2b: Staraptor|Tailwind|p2b: Staraptor
|-sidestart|p2: freudianbreath|move: Tailwind
|-formechange|p1a: Aegislash|Aegislash-Blade|
|move|p1a: Aegislash|Poltergeist|p2a: Clefable
|-activate|p2a: Clefable|move: Poltergeist|Leftovers
|-damage|p2a: Clefable|0 fnt
|faint|p2a: Clefable
|
|-heal|p1a: Aegislash|37/100|[from] item: Leftovers
|-sideend|p1: Blood salamander|move: Tailwind
|upkeep
|inactive|freudianbreath has 30 seconds left.
|inactive|freudianbreath has 20 seconds left.
|inactive|freudianbreath has 15 seconds left.
|inactive|freudianbreath has 10 seconds left.
|inactive|freudianbreath has 5 seconds left.
|
|t:|1782963761
|switch|p2a: Tyranitar|Tyranitar, L50, M|100/100
|-weather|Sandstorm|[from] ability: Sand Stream|[of] p2a: Tyranitar
|turn|6
|inactive|freudianbreath has 30 seconds left.
|inactive|freudianbreath has 20 seconds left.
|inactive|freudianbreath has 15 seconds left.
|inactive|freudianbreath has 10 seconds left.
|
|t:|1782963810
|switch|p2b: Gholdengo|Gholdengo, L50|80/100
|detailschange|p2a: Tyranitar|Tyranitar-Mega, L50, M
|-mega|p2a: Tyranitar|Tyranitar|Tyranitarite
|move|p1b: Garchomp|Earthquake|p2a: Tyranitar|[spread] p1a,p2a,p2b
|-supereffective|p1a: Aegislash|1
|-supereffective|p2a: Tyranitar|1
|-supereffective|p2b: Gholdengo|1
|-damage|p1a: Aegislash|0 fnt
|-damage|p2a: Tyranitar|62/100
|-damage|p2b: Gholdengo|14/100
|faint|p1a: Aegislash
|move|p2a: Tyranitar|Knock Off|p1b: Garchomp
|-damage|p1b: Garchomp|30/100
|-damage|p2a: Tyranitar|50/100g|[from] ability: Rough Skin|[of] p1b: Garchomp
|-enditem|p1b: Garchomp|Choice Scarf|[from] move: Knock Off|[of] p2a: Tyranitar
|
|-weather|Sandstorm|[upkeep]
|upkeep
|
|t:|1782963824
|switch|p1a: Staraptor|Staraptor-Mega, L50, M|38/100
|turn|7
|inactive|Blood salamander has 30 seconds left.
|inactive|freudianbreath has 30 seconds left.
|inactive|freudianbreath has 20 seconds left.
|inactive|freudianbreath has 15 seconds left.
|inactive|freudianbreath has 10 seconds left.
|
|t:|1782963870
|move|p1a: Staraptor|Protect|p1a: Staraptor
|-singleturn|p1a: Staraptor|Protect
|move|p2b: Gholdengo|Make It Rain|p1b: Garchomp|[spread] p1b
|-activate|p1a: Staraptor|move: Protect
|-damage|p1b: Garchomp|0 fnt
|-unboost|p2b: Gholdengo|spa|2
|faint|p1b: Garchomp
|-damage|p2b: Gholdengo|4/100|[from] item: Life Orb
|move|p2a: Tyranitar|Knock Off|p1a: Staraptor
|-activate|p1a: Staraptor|move: Protect
|
|-weather|Sandstorm|[upkeep]
|-damage|p1a: Staraptor|32/100|[from] Sandstorm
|upkeep
|turn|8
|-message|Blood salamander forfeited.
|
|win|freudianbreath
|raw|Blood salamander's rating: 1045 → 1032(-13 for losing)
|raw|freudianbreath's rating: 1125 → 1144(+19 for winning)
|l|☆Blood salamander
|player|p1|
