|j|☆Volanr
|j|☆ryoshino19
|html|Volanrryoshino19    
|uhtml|bestof|Game 1 of a best-of-3
|t:|1756234874
|gametype|doubles
|player|p1|Volanr|veteranf|1329
|player|p2|ryoshino19|1|1295
|gen|9
|tier|[Gen 9] VGC 2025 Reg H (Bo3)
|rated|
|rule|Species Clause: Limit one of each Pokémon
|rule|Item Clause: Limit 1 of each item
|clearpoke
|poke|p1|Archaludon, L50, M|
|poke|p1|Sinistcha-Masterpiece, L50|
|poke|p1|Dragonite, L50, M|
|poke|p1|Pelipper, L50, M|
|poke|p1|Ursaluna, L50, F|
|poke|p1|Gholdengo, L50|
|poke|p2|Gholdengo, L50|
|poke|p2|Rillaboom, L50, F|
|poke|p2|Incineroar, L50, F|
|poke|p2|Porygon2, L50|
|poke|p2|Garchomp, L50, M|
|poke|p2|Clefable, L50, M|
|teampreview|4
|showteam|p1|Archaludon||AssaultVest|Stamina|BodyPress,Snarl,ElectroShot,FlashCannon|||M|||50|,,,,,Grass]Sinistcha-Masterpiece||SitrusBerry|Hospitality|MatchaGotcha,RagePowder,TrickRoom,LifeDew||||||50|,,,,,Dark]Dragonite||LoadedDice|Multiscale|ScaleShot,Protect,Tailwind,Haze|||M|||50|,,,,,Steel]Pelipper||FocusSash|Drizzle|WeatherBall,Hurricane,Tailwind,Protect|||M|||50|,,,,,Ground]Ursaluna||FlameOrb|Guts|Facade,HeadlongRush,Earthquake,Protect|||F|||50|,,,,,Ghost]Gholdengo||ChoiceScarf|GoodasGold|MakeItRain,TeraBlast,ShadowBall,Trick||||||50|,,,,,Water
|showteam|p2|Gholdengo||Leftovers|GoodasGold|MakeItRain,ShadowBall,NastyPlot,Protect||||||50|,,,,,Water]Rillaboom||AssaultVest|GrassySurge|WoodHammer,GrassyGlide,Uturn,FakeOut|||F|||50|,,,,,Fire]Incineroar||SafetyGoggles|Intimidate|FlareBlitz,KnockOff,PartingShot,FakeOut|||F|||50|,,,,,Ghost]Porygon2||Eviolite|Download|TeraBlast,IceBeam,Recover,TrickRoom||||||50|,,,,,Fighting]Garchomp||LifeOrb|RoughSkin|StompingTantrum,DragonClaw,RockSlide,Protect|||M|||50|,,,,,Fairy]Clefable||RockyHelmet|Unaware|Moonblast,FollowMe,Encore,Protect|||M|||50|,,,,,Ground
|inactive|Battle timer is ON: inactive players will automatically lose when time's up. (requested by ryoshino19)
|inactive|ryoshino19 has 60 seconds left.
|
|t:|1756234931
|teamsize|p1|4
|teamsize|p2|4
|start
|switch|p1a: Archaludon|Archaludon, L50, M|100/100
|switch|p1b: Pelipper|Pelipper, L50, M|100/100
|switch|p2a: Gholdengo|Gholdengo, L50|100/100
|switch|p2b: Incineroar|Incineroar, L50, F, shiny|100/100
|-weather|RainDance|[from] ability: Drizzle|[of] p1b: Pelipper
|-ability|p2b: Incineroar|Intimidate|boost
|-unboost|p1a: Archaludon|atk|1
|-unboost|p1b: Pelipper|atk|1
|turn|1
|
|t:|1756234951
|move|p1b: Pelipper|Protect|p1b: Pelipper
|-singleturn|p1b: Pelipper|Protect
|move|p2b: Incineroar|Fake Out|p1b: Pelipper
|-activate|p1b: Pelipper|move: Protect
|move|p2a: Gholdengo|Nasty Plot|p2a: Gholdengo
|-boost|p2a: Gholdengo|spa|2
|move|p1a: Archaludon|Snarl|p2a: Gholdengo|[spread] p2a
|-miss|p1a: Archaludon|p2b: Incineroar
|-supereffective|p2a: Gholdengo
|-damage|p2a: Gholdengo|75/100
|-unboost|p2a: Gholdengo|spa|1
|
|-weather|RainDance|[upkeep]
|-heal|p2a: Gholdengo|82/100|[from] item: Leftovers
|upkeep
|turn|2
|
|t:|1756234974
|switch|p2b: Porygon2|Porygon2, L50|100/100
|-ability|p2b: Porygon2|Download|boost
|-boost|p2b: Porygon2|spa|1
|move|p2a: Gholdengo|Shadow Ball|p1a: Archaludon
|-damage|p1a: Archaludon|50/100
|-unboost|p1a: Archaludon|spd|1
|-ability|p1a: Archaludon|Stamina|boost
|-boost|p1a: Archaludon|def|1
|move|p1b: Pelipper|Weather Ball|p2b: Porygon2
|-damage|p2b: Porygon2|63/100
|move|p1a: Archaludon|Electro Shot||[still]
|-prepare|p1a: Archaludon|Electro Shot
|-boost|p1a: Archaludon|spa|1
|-anim|p1a: Archaludon|Electro Shot|p2a: Gholdengo
|-damage|p2a: Gholdengo|23/100
|
|-weather|RainDance|[upkeep]
|-heal|p2a: Gholdengo|29/100|[from] item: Leftovers
|upkeep
|turn|3
|inactive|ryoshino19 has 30 seconds left.
|
|t:|1756234999
|switch|p1a: Ursaluna|Ursaluna, L50, F|100/100
|move|p2a: Gholdengo|Shadow Ball|p1a: Ursaluna
|-immune|p1a: Ursaluna
|move|p1b: Pelipper|Hurricane|p2a: Gholdengo
|-resisted|p2a: Gholdengo
|-damage|p2a: Gholdengo|7/100
|-start|p2a: Gholdengo|confusion
|move|p2b: Porygon2|Tera Blast|p1b: Pelipper
|-damage|p1b: Pelipper|17/100
|
|-weather|RainDance|[upkeep]
|-heal|p2a: Gholdengo|13/100|[from] item: Leftovers
|-status|p1a: Ursaluna|brn|[from] item: Flame Orb
|upkeep
|turn|4
|inactive|Volanr has 30 seconds left.
|
|t:|1756235025
|switch|p2b: Incineroar|Incineroar, L50, F, shiny|100/100
|-ability|p2b: Incineroar|Intimidate|boost
|-unboost|p1a: Ursaluna|atk|1
|-unboost|p1b: Pelipper|atk|1
|-activate|p2a: Gholdengo|confusion
|move|p2a: Gholdengo|Make It Rain|p1a: Ursaluna|[spread] p1a,p1b
|-resisted|p1b: Pelipper
|-damage|p1a: Ursaluna|25/100 brn
|-damage|p1b: Pelipper|0 fnt
|-unboost|p2a: Gholdengo|spa|1
|faint|p1b: Pelipper
|move|p1a: Ursaluna|Facade|p2b: Incineroar
|-damage|p2b: Incineroar|37/100
|
|-weather|RainDance|[upkeep]
|-heal|p2a: Gholdengo|19/100|[from] item: Leftovers
|-damage|p1a: Ursaluna|19/100 brn|[from] brn
|upkeep
|
|t:|1756235035
|switch|p1b: Sinistcha|Sinistcha-Masterpiece, L50|100/100
|-heal|p1a: Ursaluna|44/100 brn|[from] ability: Hospitality|[of] p1b: Sinistcha
|turn|5
|
|t:|1756235046
|-terastallize|p1b: Sinistcha|Dark
|move|p1a: Ursaluna|Protect|p1a: Ursaluna
|-singleturn|p1a: Ursaluna|Protect
|-activate|p2a: Gholdengo|confusion
|move|p2a: Gholdengo|Make It Rain|p1a: Ursaluna|[spread] p1b
|-activate|p1a: Ursaluna|move: Protect
|-damage|p1b: Sinistcha|62/100
|-unboost|p2a: Gholdengo|spa|1
|move|p1b: Sinistcha|Life Dew|p1b: Sinistcha|[spread] p1a,p1b
|-heal|p1a: Ursaluna|69/100 brn
|-heal|p1b: Sinistcha|87/100
|move|p2b: Incineroar|Knock Off|p1a: Ursaluna
|-activate|p1a: Ursaluna|move: Protect
|
|-weather|none
|-heal|p2a: Gholdengo|25/100|[from] item: Leftovers
|-damage|p1a: Ursaluna|63/100 brn|[from] brn
|upkeep
|turn|6
|inactive|Volanr has 30 seconds left.
|inactive|Volanr has 20 seconds left.
|
|t:|1756235083
|switch|p2a: Porygon2|Porygon2, L50|63/100
|-ability|p2a: Porygon2|Download|boost
|-boost|p2a: Porygon2|spa|1
|-terastallize|p2b: Incineroar|Ghost
|move|p1a: Ursaluna|Facade|p2b: Incineroar
|-immune|p2b: Incineroar
|move|p1b: Sinistcha|Life Dew|p1b: Sinistcha|[spread] p1a,p1b
|-heal|p1a: Ursaluna|88/100 brn
|-heal|p1b: Sinistcha|100/100
|move|p2b: Incineroar|Parting Shot|p1a: Ursaluna
|-unboost|p1a: Ursaluna|atk|1
|-unboost|p1a: Ursaluna|spa|1
|
|t:|1756235094
|switch|p2b: Gholdengo|Gholdengo, L50|25/100|[from] Parting Shot
|
|-heal|p2b: Gholdengo|32/100|[from] item: Leftovers
|-damage|p1a: Ursaluna|83/100 brn|[from] brn
|upkeep
|turn|7
|
|t:|1756235108
|switch|p2a: Incineroar|Incineroar, L50, F, shiny, tera:Ghost|37/100
|-ability|p2a: Incineroar|Intimidate|boost
|-unboost|p1a: Ursaluna|atk|1
|-unboost|p1b: Sinistcha|atk|1
|move|p2b: Gholdengo|Protect|p2b: Gholdengo
|-singleturn|p2b: Gholdengo|Protect
|move|p1a: Ursaluna|Headlong Rush|p2b: Gholdengo
|-activate|p2b: Gholdengo|move: Protect
|move|p1b: Sinistcha|Matcha Gotcha|p2a: Incineroar|[spread] p2a
|-activate|p2b: Gholdengo|move: Protect
|-damage|p2a: Incineroar|15/100
|
|-heal|p2b: Gholdengo|38/100|[from] item: Leftovers
|-damage|p1a: Ursaluna|77/100 brn|[from] brn
|upkeep
|turn|8
|
|t:|1756235126
|move|p1a: Ursaluna|Protect|p1a: Ursaluna
|-singleturn|p1a: Ursaluna|Protect
|move|p2a: Incineroar|Fake Out|p1a: Ursaluna
|-activate|p1a: Ursaluna|move: Protect
|move|p2b: Gholdengo|Nasty Plot|p2b: Gholdengo
|-boost|p2b: Gholdengo|spa|2
|move|p1b: Sinistcha|Trick Room|p1b: Sinistcha
|-fieldstart|move: Trick Room|[of] p1b: Sinistcha
|
|-heal|p2b: Gholdengo|44/100|[from] item: Leftovers
|-damage|p1a: Ursaluna|71/100 brn|[from] brn
|upkeep
|turn|9
|
|t:|1756235144
|switch|p2a: Porygon2|Porygon2, L50|63/100
|-ability|p2a: Porygon2|Download|boost
|-boost|p2a: Porygon2|spa|1
|switch|p1b: Archaludon|Archaludon, L50, M|50/100
|move|p2b: Gholdengo|Protect|p2b: Gholdengo
|-singleturn|p2b: Gholdengo|Protect
|move|p1a: Ursaluna|Earthquake|p2b: Gholdengo|[spread] p1b,p2a
|-activate|p2b: Gholdengo|move: Protect
|-supereffective|p1b: Archaludon
|-damage|p1b: Archaludon|14/100
|-damage|p2a: Porygon2|48/100
|-ability|p1b: Archaludon|Stamina|boost
|-boost|p1b: Archaludon|def|1
|
|-heal|p2b: Gholdengo|50/100|[from] item: Leftovers
|-damage|p1a: Ursaluna|65/100 brn|[from] brn
|upkeep
|turn|10
|
|t:|1756235164
|switch|p2a: Incineroar|Incineroar, L50, F, shiny, tera:Ghost|15/100
|-ability|p2a: Incineroar|Intimidate|boost
|-unboost|p1a: Ursaluna|atk|1
|-unboost|p1b: Archaludon|atk|1
|switch|p1a: Sinistcha|Sinistcha-Masterpiece, L50, tera:Dark|100/100
|-heal|p1b: Archaludon|39/100|[from] ability: Hospitality|[of] p1a: Sinistcha
|move|p1b: Archaludon|Body Press|p2a: Incineroar
|-immune|p2a: Incineroar
|move|p2b: Gholdengo|Make It Rain|p1b: Archaludon|[spread] p1a,p1b
|-resisted|p1b: Archaludon
|-damage|p1a: Sinistcha|11/100
|-damage|p1b: Archaludon|2/100
|-unboost|p2b: Gholdengo|spa|1
|-ability|p1b: Archaludon|Stamina|boost
|-boost|p1b: Archaludon|def|1
|-enditem|p1a: Sinistcha|Sitrus Berry|[eat]
|-heal|p1a: Sinistcha|36/100|[from] item: Sitrus Berry
|
|-heal|p2b: Gholdengo|57/100|[from] item: Leftovers
|upkeep
|turn|11
|
|t:|1756235180
|move|p2a: Incineroar|Fake Out|p1b: Archaludon
|-resisted|p1b: Archaludon
|-damage|p1b: Archaludon|0 fnt
|faint|p1b: Archaludon
|move|p1a: Sinistcha|Matcha Gotcha|p2b: Gholdengo|[spread] p2a,p2b
|-resisted|p2b: Gholdengo
|-damage|p2a: Incineroar|0 fnt
|-heal|p1a: Sinistcha|44/100|[from] drain|[of] p2a: Incineroar
|-damage|p2b: Gholdengo|43/100
|-heal|p1a: Sinistcha|51/100|[from] drain|[of] p2b: Gholdengo
|faint|p2a: Incineroar
|move|p2b: Gholdengo|Nasty Plot|p2b: Gholdengo
|-boost|p2b: Gholdengo|spa|2
|
|-heal|p2b: Gholdengo|49/100|[from] item: Leftovers
|upkeep
|
|t:|1756235184
|switch|p2a: Garchomp|Garchomp, L50, M|100/100
|switch|p1b: Ursaluna|Ursaluna, L50, F|65/100 brn
|turn|12
|-message|Volanr forfeited.
|
|win|ryoshino19
||Volanr is ready for game 2.
|l|☆ryoshino19
|player|p2|
|inactive|ryoshino19 has 30 seconds to confirm battle start!
||ryoshino19 is ready for game 2.
|uhtml|next|Next: Game 2 of 3
|l|☆Volanr
|player|p1|
|j|☆Volanr
|player|p1|Volanr|veteranf|
