|j|☆heatvw
|j|☆inadomi
|html|heatvwinadomi    
|uhtml|bestof|Game 2 of a best-of-3
|t:|1756948596
|gametype|doubles
|player|p1|heatvw|gambler|1173
|player|p2|inadomi|lady-gen4|1135
|gen|9
|tier|[Gen 9] VGC 2025 Reg H (Bo3)
|rated|
|rule|Species Clause: Limit one of each Pokémon
|rule|Item Clause: Limit 1 of each item
|clearpoke
|poke|p1|Flamigo, L50, F|
|poke|p1|Ninetales-Alola, L50, M|
|poke|p1|Garchomp, L50, M|
|poke|p1|Incineroar, L50, M|
|poke|p1|Amoonguss, L50, F|
|poke|p1|Kingambit, L50, F|
|poke|p2|Indeedee, L50, M|
|poke|p2|Drifblim, L50, M|
|poke|p2|Volcarona, L50, F|
|poke|p2|Kommo-o, L50, M|
|poke|p2|Toxtricity, L50, M|
|poke|p2|Hydreigon, L50, M|
|teampreview|4
|showteam|p1|Flamigo||ChoiceBand|Scrappy|Uturn,CloseCombat,BraveBird,Facade|||F|||50|,,,,,Stellar]Ninetales-Alola||FocusSash|SnowWarning|Protect,Encore,IcyWind,Blizzard|||M|||50|,,,,,Ghost]Garchomp||LifeOrb|RoughSkin|DragonClaw,StompingTantrum,Earthquake,Protect|||M|||50|,,,,,Ground]Incineroar||SafetyGoggles|Intimidate|FakeOut,FlareBlitz,KnockOff,PartingShot|||M|||50|,,,,,Ghost]Amoonguss||SitrusBerry|Regenerator|Spore,RagePowder,PollenPuff,Protect|||F|||50|,,,,,Water]Kingambit||AssaultVest|Defiant|KowtowCleave,IronHead,LowKick,SuckerPunch|||F|||50|,,,,,Fire
|showteam|p2|Indeedee||FocusSash|PsychicSurge|ExpandingForce,TeraBlast,Imprison,TrickRoom|||M|||50|,,,,,Ground]Drifblim||PsychicSeed|Unburden|Acrobatics,WillOWisp,StrengthSap,Tailwind|||M|||50|,,,,,Flying]Volcarona||LifeOrb|FlameBody|BugBuzz,HeatWave,TeraBlast,GigaDrain|||F|||50|,,,,,Fairy]Kommo-o||Leftovers|Soundproof|BodyPress,Flamethrower,IronDefense,Protect|||M|||50|,,,,,Fire]Toxtricity||ChoiceSpecs|PunkRock|Overdrive,SludgeBomb,Boomburst,VoltSwitch|||M|||50|,,,,,Normal]Hydreigon||AssaultVest|Levitate|DarkPulse,DracoMeteor,FlashCannon,Snarl|||M|||50|,,,,,Ghost
|inactive|Battle timer is ON: inactive players will automatically lose when time's up. (requested by heatvw)
|inactive|inadomi also wants the timer to be on.
|
|t:|1756948615
|teamsize|p1|4
|teamsize|p2|4
|start
|switch|p1a: Amoonguss|Amoonguss, L50, F, shiny|100/100
|switch|p1b: Kingambit|Kingambit, L50, F|100/100
|switch|p2a: Indeedee|Indeedee, L50, M|100/100
|switch|p2b: Drifblim|Drifblim, L50, M|100/100
|-fieldstart|move: Psychic Terrain|[from] ability: Psychic Surge|[of] p2a: Indeedee
|-enditem|p2b: Drifblim|Psychic Seed
|-boost|p2b: Drifblim|spd|1|[from] item: Psychic Seed
|turn|1
|
|t:|1756948639
|-terastallize|p1a: Amoonguss|Water
|move|p2b: Drifblim|Will-O-Wisp|p1b: Kingambit|[miss]
|-miss|p2b: Drifblim|p1b: Kingambit
|move|p2a: Indeedee|Expanding Force|p1a: Amoonguss|[spread] p1a
|-immune|p1b: Kingambit
|-damage|p1a: Amoonguss|51/100
|move|p1b: Kingambit|Kowtow Cleave|p2a: Indeedee
|-supereffective|p2a: Indeedee
|-enditem|p2a: Indeedee|Focus Sash
|-damage|p2a: Indeedee|1/100
|move|p1a: Amoonguss|Spore|p2b: Drifblim
|-status|p2b: Drifblim|slp|[from] move: Spore
|
|upkeep
|turn|2
|inactive|inadomi has 30 seconds left.
|inactive|inadomi has 20 seconds left.
|
|t:|1756948677
|move|p1a: Amoonguss|Rage Powder|p1a: Amoonguss
|-singleturn|p1a: Amoonguss|move: Rage Powder
|cant|p2b: Drifblim|slp
|move|p2a: Indeedee|Expanding Force|p1a: Amoonguss|[spread] p1a
|-immune|p1b: Kingambit
|-crit|p1a: Amoonguss
|-damage|p1a: Amoonguss|0 fnt
|faint|p1a: Amoonguss
|move|p1b: Kingambit|Kowtow Cleave|p2b: Drifblim
|-supereffective|p2b: Drifblim
|-damage|p2b: Drifblim|0 fnt
|faint|p2b: Drifblim
|
|upkeep
|
|t:|1756948698
|switch|p2b: Kommo-o|Kommo-o, L50, M|100/100
|switch|p1a: Ninetales|Ninetales-Alola, L50, M|100/100
|-weather|Snowscape|[from] ability: Snow Warning|[of] p1a: Ninetales
|turn|3
|inactive|heatvw has 30 seconds left.
|
|t:|1756948729
|switch|p2a: Volcarona|Volcarona, L50, F|100/100
|-terastallize|p2b: Kommo-o|Fire
|move|p1a: Ninetales|Blizzard|p2a: Volcarona|[spread] p2a,p2b
|-resisted|p2a: Volcarona
|-resisted|p2b: Kommo-o
|-damage|p2a: Volcarona|86/100
|-damage|p2b: Kommo-o|88/100
|move|p2b: Kommo-o|Flamethrower|p1a: Ninetales
|-supereffective|p1a: Ninetales
|-damage|p1a: Ninetales|19/100
|move|p1b: Kingambit|Low Kick|p2b: Kommo-o
|-damage|p2b: Kommo-o|67/100
|
|-weather|Snowscape|[upkeep]
|-heal|p2b: Kommo-o|73/100|[from] item: Leftovers
|upkeep
|turn|4
|
|t:|1756948754
|move|p1a: Ninetales|Icy Wind|p2a: Volcarona|[spread] p2a
|-miss|p1a: Ninetales|p2b: Kommo-o
|-resisted|p2a: Volcarona
|-damage|p2a: Volcarona|79/100
|-unboost|p2a: Volcarona|spe|1
|move|p2b: Kommo-o|Iron Defense|p2b: Kommo-o
|-boost|p2b: Kommo-o|def|2
|move|p2a: Volcarona|Heat Wave|p1a: Ninetales|[spread] p1a
|-miss|p2a: Volcarona|p1b: Kingambit
|-supereffective|p1a: Ninetales
|-damage|p1a: Ninetales|0 fnt
|faint|p1a: Ninetales
|-damage|p2a: Volcarona|69/100|[from] item: Life Orb
|move|p1b: Kingambit|Kowtow Cleave|p2b: Kommo-o
|-damage|p2b: Kommo-o|58/100
|
|-weather|Snowscape|[upkeep]
|-heal|p2b: Kommo-o|64/100|[from] item: Leftovers
|upkeep
|
|t:|1756948769
|switch|p1a: Garchomp|Garchomp, L50, M, shiny|100/100
|turn|5
|inactive|heatvw has 30 seconds left.
|
|t:|1756948796
|move|p1a: Garchomp|Stomping Tantrum|p2b: Kommo-o
|-supereffective|p2b: Kommo-o
|-damage|p2b: Kommo-o|25/100
|-damage|p1a: Garchomp|91/100|[from] item: Life Orb
|move|p2b: Kommo-o|Body Press|p1a: Garchomp
|-damage|p1a: Garchomp|7/100
|-damage|p2b: Kommo-o|13/100|[from] ability: Rough Skin|[of] p1a: Garchomp
|move|p2a: Volcarona|Tera Blast|p1a: Garchomp
|-damage|p1a: Garchomp|0 fnt
|faint|p1a: Garchomp
|-damage|p2a: Volcarona|59/100|[from] item: Life Orb
|move|p1b: Kingambit|Kowtow Cleave|p2b: Kommo-o
|-damage|p2b: Kommo-o|0 fnt
|faint|p2b: Kommo-o
|
|-weather|Snowscape|[upkeep]
|-fieldend|move: Psychic Terrain
|upkeep
|
|t:|1756948813
|switch|p2b: Indeedee|Indeedee, L50, M|1/100
|-fieldstart|move: Psychic Terrain|[from] ability: Psychic Surge|[of] p2b: Indeedee
|turn|6
|
|t:|1756948829
|move|p2b: Indeedee|Expanding Force|p1b: Kingambit
|-immune|p1b: Kingambit
|move|p2a: Volcarona|Heat Wave|p1b: Kingambit
|-supereffective|p1b: Kingambit
|-damage|p1b: Kingambit|7/100
|-status|p1b: Kingambit|brn
|-damage|p2a: Volcarona|49/100|[from] item: Life Orb
|move|p1b: Kingambit|Kowtow Cleave|p2a: Volcarona
|-damage|p2a: Volcarona|18/100
|
|-weather|Snowscape|[upkeep]
|-damage|p1b: Kingambit|1/100 brn|[from] brn
|upkeep
|turn|7
|
|t:|1756948844
|move|p2b: Indeedee|Tera Blast|p1b: Kingambit
|-resisted|p1b: Kingambit
|-damage|p1b: Kingambit|0 fnt
|faint|p1b: Kingambit
|
|win|inadomi
|raw|heatvw's rating: 1173 → 1145(-28 for losing)
|raw|inadomi's rating: 1135 → 1163(+28 for winning)
|l|☆inadomi
|player|p2|
