|j|☆MidnightCrimsonn
|j|☆wowiekazowee
|html|MidnightCrimsonnwowiekazowee    
|uhtml|bestof|Game 2 of a best-of-3
|t:|1757189124
|gametype|doubles
|player|p1|MidnightCrimsonn|acetrainerf-gen4dp|1189
|player|p2|wowiekazowee|idol|1147
|gen|9
|tier|[Gen 9] VGC 2025 Reg H (Bo3)
|rated|
|rule|Species Clause: Limit one of each Pokémon
|rule|Item Clause: Limit 1 of each item
|clearpoke
|poke|p1|Amoonguss, L50, F|
|poke|p1|Incineroar, L50, F|
|poke|p1|Hydreigon, L50, F|
|poke|p1|Gholdengo, L50|
|poke|p1|Ursaluna, L50, M|
|poke|p1|Porygon2, L50|
|poke|p2|Incineroar, L50, F|
|poke|p2|Rillaboom, L50, M|
|poke|p2|Sneasler, L50, F|
|poke|p2|Gholdengo, L50|
|poke|p2|Ninetales-Alola, L50, F|
|poke|p2|Electabuzz, L50, F|
|teampreview|4
|showteam|p1|Amoonguss||MentalHerb|Regenerator|PollenPuff,Spore,RagePowder,Protect|||F|||50|,,,,,Fairy]Incineroar||AssaultVest|Intimidate|FakeOut,KnockOff,FlareBlitz,Uturn|||F|||50|,,,,,Ghost]Hydreigon||SafetyGoggles|Levitate|DracoMeteor,Snarl,Tailwind,Protect|||F|||50|,,,,,Ghost]Gholdengo||MetalCoat|GoodasGold|MakeItRain,ShadowBall,NastyPlot,Protect||||||50|,,,,,Water]Ursaluna||FlameOrb|Guts|Facade,HeadlongRush,Earthquake,Protect|||M|||50|,,,,,Ghost]Porygon2||Eviolite|Download|TeraBlast,IceBeam,Recover,TrickRoom||||||50|,,,,,Fighting
|showteam|p2|Incineroar||SafetyGoggles|Intimidate|FakeOut,FlareBlitz,KnockOff,PartingShot|||F|||50|,,,,,Water]Rillaboom||AssaultVest|GrassySurge|WoodHammer,GrassyGlide,FakeOut,Uturn|||M|||50|,,,,,Fire]Sneasler||GrassySeed|Unburden|CloseCombat,DireClaw,FakeOut,Protect|||F|||50|,,,,,Dark]Gholdengo||LifeOrb|GoodasGold|MakeItRain,ShadowBall,NastyPlot,Protect||||||50|,,,,,Dragon]Ninetales-Alola||LightClay|SnowWarning|Moonblast,AuroraVeil,Blizzard,Protect|||F|||50|,,,,,Fire]Electabuzz||Eviolite|Static|Electroweb,VoltSwitch,FollowMe,Protect|||F|||50|,,,,,Grass
|inactive|Battle timer is ON: inactive players will automatically lose when time's up. (requested by MidnightCrimsonn)
|
|t:|1757189148
|teamsize|p1|4
|teamsize|p2|4
|start
|switch|p1a: Hydreigon|Hydreigon, L50, F|100/100
|switch|p1b: Incineroar|Incineroar, L50, F, shiny|100/100
|switch|p2a: Pyre|Incineroar, L50, F, shiny|100/100
|switch|p2b: Sale|Gholdengo, L50|100/100
|-ability|p1b: Incineroar|Intimidate|boost
|-unboost|p2a: Pyre|atk|1
|-unboost|p2b: Sale|atk|1
|-ability|p2a: Pyre|Intimidate|boost
|-unboost|p1a: Hydreigon|atk|1
|-unboost|p1b: Incineroar|atk|1
|turn|1
|
|t:|1757189170
|move|p1b: Incineroar|Fake Out|p2a: Pyre
|-damage|p2a: Pyre|92/100
|cant|p2a: Pyre|flinch
|move|p1a: Hydreigon|Snarl|p2b: Sale|[spread] p2a,p2b
|-resisted|p2a: Pyre
|-crit|p2a: Pyre
|-supereffective|p2b: Sale
|-damage|p2a: Pyre|80/100
|-damage|p2b: Sale|70/100
|-unboost|p2a: Pyre|spa|1
|-unboost|p2b: Sale|spa|1
|move|p2b: Sale|Nasty Plot|p2b: Sale
|-boost|p2b: Sale|spa|2
|
|upkeep
|turn|2
|
|t:|1757189193
|-terastallize|p2b: Sale|Dragon
|move|p1a: Hydreigon|Tailwind|p1a: Hydreigon
|-sidestart|p1: MidnightCrimsonn|move: Tailwind
|move|p1b: Incineroar|U-turn|p2a: Pyre
|-damage|p2a: Pyre|65/100
|
|t:|1757189199
|switch|p1b: Gholdengo|Gholdengo, L50|100/100|[from] U-turn
|move|p2b: Sale|Make It Rain|p1a: Hydreigon|[spread] p1a,p1b
|-resisted|p1b: Gholdengo
|-crit|p1b: Gholdengo
|-damage|p1a: Hydreigon|16/100
|-damage|p1b: Gholdengo|33/100
|-unboost|p2b: Sale|spa|1
|-damage|p2b: Sale|60/100|[from] item: Life Orb
|move|p2a: Pyre|Parting Shot|p1a: Hydreigon
|-unboost|p1a: Hydreigon|atk|1
|-unboost|p1a: Hydreigon|spa|1
|
|t:|1757189210
|switch|p2a: Bornanors|Rillaboom, L50, M|100/100|[from] Parting Shot
|-fieldstart|move: Grassy Terrain|[from] ability: Grassy Surge|[of] p2a: Bornanors
|
|-heal|p1b: Gholdengo|39/100|[from] Grassy Terrain
|-heal|p2b: Sale|66/100|[from] Grassy Terrain
|upkeep
|turn|3
|
|t:|1757189227
|switch|p1a: Incineroar|Incineroar, L50, F, shiny|100/100
|-ability|p1a: Incineroar|Intimidate|boost
|-unboost|p2a: Bornanors|atk|1
|-unboost|p2b: Sale|atk|1
|move|p2a: Bornanors|Grassy Glide|p1a: Incineroar
|-resisted|p1a: Incineroar
|-damage|p1a: Incineroar|89/100
|move|p1b: Gholdengo|Make It Rain|p2a: Bornanors|[spread] p2a,p2b
|-damage|p2a: Bornanors|64/100
|-damage|p2b: Sale|20/100
|-unboost|p1b: Gholdengo|spa|1
|move|p2b: Sale|Shadow Ball|p1b: Gholdengo
|-supereffective|p1b: Gholdengo
|-damage|p1b: Gholdengo|0 fnt
|faint|p1b: Gholdengo
|-damage|p2b: Sale|10/100|[from] item: Life Orb
|
|-heal|p1a: Incineroar|95/100|[from] Grassy Terrain
|-heal|p2b: Sale|16/100|[from] Grassy Terrain
|-heal|p2a: Bornanors|70/100|[from] Grassy Terrain
|upkeep
|
|t:|1757189247
|switch|p1b: Hydreigon|Hydreigon, L50, F|16/100
|turn|4
|
|t:|1757189262
|switch|p2b: Ashleigh|Sneasler, L50, F|100/100
|-enditem|p2b: Ashleigh|Grassy Seed
|-boost|p2b: Ashleigh|def|1|[from] item: Grassy Seed
|move|p1b: Hydreigon|Snarl|p2b: Ashleigh|[spread] p2a,p2b
|-resisted|p2b: Ashleigh
|-damage|p2a: Bornanors|58/100
|-damage|p2b: Ashleigh|89/100
|-unboost|p2a: Bornanors|spa|1
|-unboost|p2b: Ashleigh|spa|1
|move|p1a: Incineroar|U-turn|p2a: Bornanors
|-supereffective|p2a: Bornanors
|-damage|p2a: Bornanors|23/100
|
|t:|1757189272
|switch|p1a: Ursaluna|Ursaluna, L50, M|100/100|[from] U-turn
|move|p2a: Bornanors|U-turn|p1b: Hydreigon
|-supereffective|p1b: Hydreigon
|-damage|p1b: Hydreigon|0 fnt
|faint|p1b: Hydreigon
|
|t:|1757189283
|switch|p2a: Pyre|Incineroar, L50, F, shiny|65/100|[from] U-turn
|-ability|p2a: Pyre|Intimidate|boost
|-unboost|p1a: Ursaluna|atk|1
|
|-heal|p2b: Ashleigh|95/100|[from] Grassy Terrain
|-heal|p2a: Pyre|71/100|[from] Grassy Terrain
|-status|p1a: Ursaluna|brn|[from] item: Flame Orb
|upkeep
|
|t:|1757189287
|switch|p1b: Incineroar|Incineroar, L50, F, shiny|95/100
|-ability|p1b: Incineroar|Intimidate|boost
|-unboost|p2a: Pyre|atk|1
|-unboost|p2b: Ashleigh|atk|1
|turn|5
|
|t:|1757189311
|-terastallize|p1a: Ursaluna|Ghost
|move|p1b: Incineroar|Fake Out|p2a: Pyre
|-damage|p2a: Pyre|58/100
|cant|p2a: Pyre|flinch
|move|p2b: Ashleigh|Close Combat|p1b: Incineroar
|-supereffective|p1b: Incineroar
|-damage|p1b: Incineroar|11/100
|-unboost|p2b: Ashleigh|def|1
|-unboost|p2b: Ashleigh|spd|1
|move|p1a: Ursaluna|Headlong Rush|p2b: Ashleigh
|-supereffective|p2b: Ashleigh
|-damage|p2b: Ashleigh|0 fnt
|-unboost|p1a: Ursaluna|def|1
|-unboost|p1a: Ursaluna|spd|1
|faint|p2b: Ashleigh
|
|-heal|p1b: Incineroar|17/100|[from] Grassy Terrain
|-heal|p2a: Pyre|64/100|[from] Grassy Terrain
|-damage|p1a: Ursaluna|95/100 brn|[from] brn
|-sideend|p1: MidnightCrimsonn|move: Tailwind
|upkeep
|
|t:|1757189330
|switch|p2b: Sale|Gholdengo, L50, tera:Dragon|16/100
|turn|6
|
|t:|1757189338
|move|p2b: Sale|Shadow Ball|p1a: Ursaluna
|-supereffective|p1a: Ursaluna
|-damage|p1a: Ursaluna|0 fnt
|faint|p1a: Ursaluna
|-damage|p2b: Sale|6/100|[from] item: Life Orb
|move|p1b: Incineroar|Knock Off|p2a: Pyre
|-resisted|p2a: Pyre
|-damage|p2a: Pyre|42/100
|-enditem|p2a: Pyre|Safety Goggles|[from] move: Knock Off|[of] p1b: Incineroar
|move|p2a: Pyre|Flare Blitz|p1b: Incineroar
|-resisted|p1b: Incineroar
|-damage|p1b: Incineroar|0 fnt
|faint|p1b: Incineroar
|-damage|p2a: Pyre|36/100|[from] Recoil
|
|win|wowiekazowee
