|j|☆EmekaD
|j|☆taki1223
|html|EmekaDtaki1223    
|uhtml|bestof|Game 1 of a best-of-3
|t:|1782437312
|gametype|doubles
|player|p1|EmekaD|alain|
|player|p2|taki1223|#wcapiargentina|
|gen|9
|tier|[Gen 9 Champions] VGC 2026 Reg M-B (Bo3)
|rule|Species Clause: Limit one of each Pokémon
|rule|Item Clause: Limit 1 of each item
|clearpoke
|poke|p1|Lycanroc-Dusk, L50, M|
|poke|p1|Sneasler, L50, F|
|poke|p1|Scovillain, L50, M|
|poke|p1|Basculegion, L50, M|
|poke|p1|Froslass, L50, F|
|poke|p1|Kingambit, L50, M|
|poke|p2|Meganium, L50, M|
|poke|p2|Pelipper, L50, F|
|poke|p2|Araquanid, L50, F|
|poke|p2|Scizor, L50, F|
|poke|p2|Quaquaval, L50, M|
|poke|p2|Kingambit, L50, M|
|teampreview|4
|showteam|p1|Lycanroc-Dusk||FocusSash|ToughClaws|RockSlide,CloseCombat,Accelerock,Protect|Adamant||M|||50|]Sneasler||WhiteHerb|Unburden|CloseCombat,GunkShot,FakeOut,Protect|Jolly||F|||50|]Scovillain||Scovillainite|Moody|Overheat,GigaDrain,RagePowder,Protect|Bold||M|||50|]Basculegion||SitrusBerry|Adaptability|WaveCrash,LastRespects,AquaJet,Protect|Adamant||M|||50|]Froslass||Froslassite|SnowCloak|Blizzard,ShadowBall,AuroraVeil,Protect|Modest||F|||50|]Kingambit||BlackGlasses|Defiant|KowtowCleave,SuckerPunch,SwordsDance,Protect|Adamant||M|||50|
|showteam|p2|Meganium||Meganiumite|Overgrow|SolarBeam,Synthesis,DazzlingGleam,WeatherBall|Timid||M|||50|]Pelipper||FocusSash|Drizzle|Hurricane,WeatherBall,Tailwind,HelpingHand|Modest||F|||50|]Araquanid||MysticWater|WaterBubble|Liquidation,LeechLife,PoisonJab,MirrorCoat|Adamant||F|||50|]Scizor||Scizorite|Technician|BulletPunch,Protect,Roost,Curse|Impish||F|||50|]Quaquaval||ChoiceScarf|Moxie|Liquidation,KnockOff,Uturn,CloseCombat|Jolly||M|||50|]Kingambit||BlackGlasses|SupremeOverlord|SuckerPunch,KowtowCleave,IronHead,Protect|Adamant||M|||50|
|c|☆taki1223|vamo a probar
|c|☆EmekaD|xD
|c|☆EmekaD|es mi main
|c|☆EmekaD|dobles
|c|☆EmekaD|es lo que mas me gusta
|
|t:|1782437357
|teamsize|p1|4
|teamsize|p2|4
|start
|switch|p1a: Sneasler|Sneasler, L50, F|100/100
|switch|p1b: Lycanroc|Lycanroc-Dusk, L50, M|100/100
|switch|p2a: Scizor|Scizor, L50, F|100/100
|switch|p2b: Quaquaval|Quaquaval, L50, M|100/100
|turn|1
|
|t:|1782437397
|detailschange|p2a: Scizor|Scizor-Mega, L50, F
|-mega|p2a: Scizor|Scizor|Scizorite
|move|p1a: Sneasler|Fake Out|p2a: Scizor
|-resisted|p2a: Scizor|1
|-damage|p2a: Scizor|96/100
|move|p2b: Quaquaval|Liquidation|p1b: Lycanroc
|-supereffective|p1b: Lycanroc|1
|-enditem|p1b: Lycanroc|Focus Sash
|-damage|p1b: Lycanroc|1/100
|move|p1b: Lycanroc|Close Combat|p2a: Scizor
|-damage|p2a: Scizor|64/100
|-unboost|p1b: Lycanroc|def|1
|-unboost|p1b: Lycanroc|spd|1
|cant|p2a: Scizor|flinch
|
|upkeep
|turn|2
|
|t:|1782437411
|move|p1b: Lycanroc|Accelerock|p2a: Scizor
|-damage|p2a: Scizor|47/100
|move|p2b: Quaquaval|Liquidation|p1b: Lycanroc
|-supereffective|p1b: Lycanroc|1
|-damage|p1b: Lycanroc|0 fnt
|faint|p1b: Lycanroc
|-ability|p2b: Quaquaval|Moxie|boost
|-boost|p2b: Quaquaval|atk|1
|move|p1a: Sneasler|Close Combat|p2a: Scizor
|-damage|p2a: Scizor|15/100
|-unboost|p1a: Sneasler|def|1
|-unboost|p1a: Sneasler|spd|1
|-enditem|p1a: Sneasler|White Herb
|-clearnegativeboost|p1a: Sneasler|[silent]
|move|p2a: Scizor|Curse|p2a: Scizor
|-unboost|p2a: Scizor|spe|1
|-boost|p2a: Scizor|atk|1
|-boost|p2a: Scizor|def|1
|
|upkeep
|
|t:|1782437422
|switch|p1b: Scovillain|Scovillain, L50, M|100/100
|turn|3
|
|t:|1782437439
|detailschange|p1b: Scovillain|Scovillain-Mega, L50, M
|-mega|p1b: Scovillain|Scovillain|Scovillainite
|move|p2a: Scizor|Protect|p2a: Scizor
|-singleturn|p2a: Scizor|Protect
|move|p1b: Scovillain|Rage Powder|p1b: Scovillain
|-singleturn|p1b: Scovillain|move: Rage Powder
|move|p1a: Sneasler|Close Combat|p2a: Scizor
|-activate|p2a: Scizor|move: Protect
|move|p2b: Quaquaval|Liquidation|p1b: Scovillain
|-damage|p1b: Scovillain|40/100
|-status|p2b: Quaquaval|brn|[from] ability: Spicy Spray|[of] p1b: Scovillain
|
|-damage|p2b: Quaquaval|93/100 brn|[from] brn
|upkeep
|turn|4
|
|t:|1782437457
|move|p2a: Scizor|Bullet Punch|p1b: Scovillain
|-resisted|p1b: Scovillain|1
|-damage|p1b: Scovillain|20/100y
|-status|p2a: Scizor|brn|[from] ability: Spicy Spray|[of] p1b: Scovillain
|move|p1a: Sneasler|Close Combat|p2a: Scizor
|-damage|p2a: Scizor|0 fnt
|-unboost|p1a: Sneasler|def|1
|-unboost|p1a: Sneasler|spd|1
|faint|p2a: Scizor
|move|p2b: Quaquaval|Liquidation|p1b: Scovillain
|-damage|p1b: Scovillain|0 fnt
|faint|p1b: Scovillain
|-ability|p2b: Quaquaval|Moxie|boost
|-boost|p2b: Quaquaval|atk|1
|
|-damage|p2b: Quaquaval|87/100 brn|[from] brn
|upkeep
|
|t:|1782437463
|switch|p1b: Basculegion|Basculegion, L50, M|100/100
|switch|p2a: Araquanid|Araquanid, L50, F|100/100
|turn|5
|
|t:|1782437480
|move|p1a: Sneasler|Protect|p1a: Sneasler
|-singleturn|p1a: Sneasler|Protect
|move|p2b: Quaquaval|Liquidation|p1a: Sneasler
|-activate|p1a: Sneasler|move: Protect
|move|p1b: Basculegion|Last Respects|p2b: Quaquaval
|-damage|p2b: Quaquaval|0 fnt
|faint|p2b: Quaquaval
|move|p2a: Araquanid|Liquidation|p1b: Basculegion
|-resisted|p1b: Basculegion|1
|-damage|p1b: Basculegion|61/100
|
|upkeep
|
|t:|1782437483
|switch|p2b: Pelipper|Pelipper, L50, F|100/100
|-weather|RainDance|[from] ability: Drizzle|[of] p2b: Pelipper
|turn|6
|
|t:|1782437498
|move|p1a: Sneasler|Gunk Shot|p2b: Pelipper
|-damage|p2b: Pelipper|43/100
|move|p1b: Basculegion|Last Respects|p2b: Pelipper
|-damage|p2b: Pelipper|0 fnt
|faint|p2b: Pelipper
|move|p2a: Araquanid|Liquidation|p1b: Basculegion
|-resisted|p1b: Basculegion|1
|-damage|p1b: Basculegion|8/100
|-unboost|p1b: Basculegion|def|1
|-enditem|p1b: Basculegion|Sitrus Berry|[eat]
|-heal|p1b: Basculegion|33/100|[from] item: Sitrus Berry
|
|-weather|RainDance|[upkeep]
|upkeep
|turn|7
|
|t:|1782437510
|move|p1a: Sneasler|Gunk Shot|p2a: Araquanid
|-damage|p2a: Araquanid|45/100
|move|p1b: Basculegion|Last Respects|p2a: Araquanid
|-damage|p2a: Araquanid|0 fnt
|faint|p2a: Araquanid
|
|win|EmekaD
||taki1223 is ready for game 2.
||EmekaD is ready for game 2.
|uhtml|next|Next: Game 2 of 3
