|j|☆B South
|j|☆BeckVGC
|html|B SouthBeckVGC    
|uhtml|bestof|Game 3 of a best-of-3
|t:|1757693739
|gametype|doubles
|player|p1|B South|169|1045
|player|p2|BeckVGC|roughneck-gen4|1048
|gen|9
|tier|[Gen 9] VGC 2025 Reg H (Bo3)
|rated|
|rule|Species Clause: Limit one of each Pokémon
|rule|Item Clause: Limit 1 of each item
|clearpoke
|poke|p1|Pelipper, L50, F|
|poke|p1|Archaludon, L50, M|
|poke|p1|Basculegion, L50, M|
|poke|p1|Barraskewda, L50, F|
|poke|p1|Maushold, L50|
|poke|p1|Annihilape, L50, M|
|poke|p2|Tyranitar, L50, F|
|poke|p2|Excadrill, L50, M|
|poke|p2|Annihilape, L50, F|
|poke|p2|Amoonguss, L50, F|
|poke|p2|Corviknight, L50, M|
|poke|p2|Basculegion, L50, M|
|teampreview|4
|showteam|p1|Pelipper||ChoiceScarf|Drizzle|Tailwind,WeatherBall,Hurricane,AirSlash|||F|||50|,,,,,Stellar]Archaludon||AssaultVest|Stamina|ElectroShot,BodyPress,DracoMeteor,FlashCannon|||M|||50|,,,,,Bug]Basculegion||MysticWater|SwiftSwim|AquaJet,FlipTurn,WaveCrash,LastRespects|||M|||50|,,,,,Water]Barraskewda||ChoiceBand|SwiftSwim|FlipTurn,Liquidation,CloseCombat,AquaJet|||F|||50|,,,,,Fighting]Maushold||SafetyGoggles|FriendGuard|BeatUp,FollowMe,Taunt,Protect||||||50|,,,,,Ghost]Annihilape||Leftovers|Defiant|BulkUp,RageFist,DrainPunch,Protect|||M|||50|,,,,,Grass
|showteam|p2|Tyranitar||AssaultVest|SandStream|RockSlide,KnockOff,TeraBlast,LowKick|||F|||50|,,,,,Flying]Excadrill||FocusSash|SandRush|HighHorsepower,IronHead,Earthquake,Protect|||M|||50|,,,,,Stellar]Annihilape||SafetyGoggles|Defiant|CloseCombat,RageFist,FinalGambit,Coaching|||F|||50|,,,,,Water]Amoonguss||SitrusBerry|Regenerator|LeafStorm,Spore,RagePowder,Protect|||F|||50|,,,,,Psychic]Corviknight||Leftovers|MirrorArmor|BraveBird,BulkUp,Tailwind,Roost|||M|||50|,,,,,Dragon]Basculegion||ChoiceScarf|Adaptability|WaveCrash,FlipTurn,LastRespects,TeraBlast|||M|||50|,,,,,Fairy
|inactive|Battle timer is ON: inactive players will automatically lose when time's up. (requested by BeckVGC)
|inactive|B South has 60 seconds left.
|
|t:|1757693795
|teamsize|p1|4
|teamsize|p2|4
|start
|switch|p1a: Maushold|Maushold, L50|100/100
|switch|p1b: Annihilape|Annihilape, L50, M|100/100
|switch|p2a: Basculegion|Basculegion, L50, M|100/100
|switch|p2b: Excadrill|Excadrill, L50, M|100/100
|turn|1
|inactive|B South has 30 seconds left.
|
|t:|1757693822
|-terastallize|p1b: Annihilape|Grass
|move|p2a: Basculegion|Wave Crash|p1b: Annihilape
|-resisted|p1b: Annihilape
|-damage|p1b: Annihilape|72/100
|-damage|p2a: Basculegion|90/100|[from] Recoil
|move|p1a: Maushold|Beat Up|p1b: Annihilape
|-damage|p1b: Annihilape|70/100
|-damage|p1b: Annihilape|68/100
|-damage|p1b: Annihilape|67/100
|-damage|p1b: Annihilape|65/100
|-hitcount|p1b: Annihilape|4
|move|p2b: Excadrill|Iron Head|p1b: Annihilape
|-damage|p1b: Annihilape|37/100
|move|p1b: Annihilape|Bulk Up|p1b: Annihilape
|-boost|p1b: Annihilape|atk|1
|-boost|p1b: Annihilape|def|1
|
|-heal|p1b: Annihilape|43/100|[from] item: Leftovers
|upkeep
|turn|2
|
|t:|1757693844
|switch|p2a: Tyranitar|Tyranitar, L50, F|100/100
|-weather|Sandstorm|[from] ability: Sand Stream|[of] p2a: Tyranitar
|move|p1a: Maushold|Follow Me|p1a: Maushold
|-singleturn|p1a: Maushold|move: Follow Me
|move|p2b: Excadrill|Iron Head|p1a: Maushold
|-damage|p1a: Maushold|46/100
|move|p1b: Annihilape|Drain Punch|p2b: Excadrill
|-supereffective|p2b: Excadrill
|-enditem|p2b: Excadrill|Focus Sash
|-damage|p2b: Excadrill|1/100
|-heal|p1b: Annihilape|85/100|[from] drain|[of] p2b: Excadrill
|
|-weather|Sandstorm|[upkeep]
|-damage|p1b: Annihilape|79/100|[from] Sandstorm
|-heal|p1b: Annihilape|85/100|[from] item: Leftovers
|upkeep
|turn|3
|inactive|B South has 30 seconds left.
|
|t:|1757693871
|switch|p1a: Peeko|Pelipper, L50, F, shiny|100/100
|-weather|RainDance|[from] ability: Drizzle|[of] p1a: Peeko
|-terastallize|p2a: Tyranitar|Flying
|move|p1b: Annihilape|Protect|p1b: Annihilape
|-singleturn|p1b: Annihilape|Protect
|move|p2b: Excadrill|Iron Head|p1a: Peeko
|-resisted|p1a: Peeko
|-damage|p1a: Peeko|71/100
|move|p2a: Tyranitar|Tera Blast|p1b: Annihilape|[anim] Tera Blast Flying
|-activate|p1b: Annihilape|move: Protect
|
|-weather|RainDance|[upkeep]
|-heal|p1b: Annihilape|91/100|[from] item: Leftovers
|upkeep
|turn|4
|
|t:|1757693893
|switch|p2a: Annihilape|Annihilape, L50, F|100/100
|move|p2b: Excadrill|Protect|p2b: Excadrill
|-singleturn|p2b: Excadrill|Protect
|move|p1a: Peeko|Weather Ball|p2a: Annihilape
|-damage|p2a: Annihilape|39/100
|move|p1b: Annihilape|Rage Fist|p2a: Annihilape
|-supereffective|p2a: Annihilape
|-damage|p2a: Annihilape|0 fnt
|faint|p2a: Annihilape
|
|-weather|RainDance|[upkeep]
|-heal|p1b: Annihilape|97/100|[from] item: Leftovers
|upkeep
|
|t:|1757693905
|switch|p2a: Tyranitar|Tyranitar, L50, F, tera:Flying|100/100
|-weather|Sandstorm|[from] ability: Sand Stream|[of] p2a: Tyranitar
|turn|5
|
|t:|1757693916
|switch|p1a: Maushold|Maushold, L50|46/100
|move|p1b: Annihilape|Protect|p1b: Annihilape
|-singleturn|p1b: Annihilape|Protect
|move|p2b: Excadrill|Iron Head|p1b: Annihilape
|-activate|p1b: Annihilape|move: Protect
|move|p2a: Tyranitar|Tera Blast|p1b: Annihilape|[anim] Tera Blast Flying
|-activate|p1b: Annihilape|move: Protect
|
|-weather|Sandstorm|[upkeep]
|-damage|p1b: Annihilape|91/100|[from] Sandstorm
|-damage|p2a: Tyranitar|94/100|[from] Sandstorm
|-heal|p1b: Annihilape|97/100|[from] item: Leftovers
|upkeep
|turn|6
|inactive|B South has 30 seconds left.
|
|t:|1757693941
|switch|p1a: Peeko|Pelipper, L50, F, shiny|71/100
|-weather|RainDance|[from] ability: Drizzle|[of] p1a: Peeko
|move|p2b: Excadrill|Iron Head|p1b: Annihilape
|-damage|p1b: Annihilape|70/100
|move|p1b: Annihilape|Rage Fist|p2a: Tyranitar
|-damage|p2a: Tyranitar|0 fnt
|faint|p2a: Tyranitar
|
|-weather|RainDance|[upkeep]
|-heal|p1b: Annihilape|76/100|[from] item: Leftovers
|upkeep
|
|t:|1757693952
|switch|p2a: Basculegion|Basculegion, L50, M|90/100
|turn|7
|
|t:|1757693974
|move|p1b: Annihilape|Protect|p1b: Annihilape
|-singleturn|p1b: Annihilape|Protect
|move|p2a: Basculegion|Last Respects|p1a: Peeko
|-damage|p1a: Peeko|0 fnt
|faint|p1a: Peeko
|move|p2b: Excadrill|Iron Head|p1b: Annihilape
|-activate|p1b: Annihilape|move: Protect
|
|-weather|RainDance|[upkeep]
|-heal|p1b: Annihilape|82/100|[from] item: Leftovers
|upkeep
|
|t:|1757693991
|switch|p1a: Basculegion|Basculegion, L50, M|100/100
|turn|8
|
|t:|1757694010
|move|p1a: Basculegion|Flip Turn|p2b: Excadrill
|-supereffective|p2b: Excadrill
|-damage|p2b: Excadrill|0 fnt
|faint|p2b: Excadrill
|
|t:|1757694014
|switch|p1a: Maushold|Maushold, L50|46/100|[from] Flip Turn
|move|p2a: Basculegion|Last Respects|p1b: Annihilape
|-damage|p1b: Annihilape|16/100
|move|p1b: Annihilape|Rage Fist|p2a: Basculegion
|-supereffective|p2a: Basculegion
|-damage|p2a: Basculegion|0 fnt
|faint|p2a: Basculegion
|
|win|B South
|raw|B South's rating: 1045 → 1079(+34 for winning)
|raw|BeckVGC's rating: 1048 → 1031(-17 for losing)
|l|☆BeckVGC
|player|p2|
|l|☆B South
|player|p1|
|j|☆B South
|player|p1|B South|169|
