|j|☆alejandrorr
|j|☆javivaarela
|html|alejandrorrjavivaarela    
|uhtml|bestof|Game 2 of a best-of-3
|t:|1784325968
|gametype|doubles
|player|p1|alejandrorr|266|
|player|p2|javivaarela|1|
|gen|9
|tier|[Gen 9 Champions] VGC 2026 Reg M-B (Bo3)
|rule|Species Clause: Limit one of each Pokémon
|rule|Item Clause: Limit 1 of each item
|clearpoke
|poke|p1|Snorlax, L50, F|
|poke|p1|Hawlucha, L50, F|
|poke|p1|Gengar, L50, F|
|poke|p1|Sinistcha, L50|
|poke|p1|Incineroar, L50, M|
|poke|p1|Politoed, L50, M|
|poke|p2|Blastoise, L50, M|
|poke|p2|Delphox, L50, F|
|poke|p2|Incineroar, L50, M|
|poke|p2|Sneasler, L50, M|
|poke|p2|Sinistcha, L50|
|poke|p2|Maushold-Four, L50|
|teampreview|4
|showteam|p1|Snorlax||Leftovers|ThickFat|Protect,BodyPress,Stockpile,Fissure|Relaxed||F|||50|]Hawlucha||Hawluchanite|Limber|Detect,Entrainment,CloseCombat,BraveBird|Jolly||F|||50|]Gengar||Gengarite|CursedBody|Protect,ShadowBall,Disable,PerishSong|Timid||F|||50|]Sinistcha||KasibBerry|Hospitality|MatchaGotcha,TrickRoom,Protect,RagePowder|Relaxed|||||50|]Incineroar||PasshoBerry|Intimidate|FakeOut,ThroatChop,Protect,PartingShot|Sassy||M|||50|]Politoed||SitrusBerry|Drizzle|Protect,WeatherBall,PerishSong,Encore|Calm||M|||50|
|showteam|p2|Blastoise||Blastoisinite|RainDish|WaterSpout,DarkPulse,ShellSmash,Protect|Modest||M|||50|]Delphox||Delphoxite|Blaze|HeatWave,Psyshock,NastyPlot,Protect|Timid||F|||50|]Incineroar||SitrusBerry|Intimidate|FakeOut,FlareBlitz,ThroatChop,PartingShot|Impish||M|||50|]Sneasler||FocusSash|PoisonTouch|FakeOut,CloseCombat,DireClaw,QuickGuard|Jolly||M|||50|]Sinistcha||KasibBerry|Hospitality|MatchaGotcha,LifeDew,RagePowder,Protect|Bold|||||50|]Maushold-Four||ChopleBerry|FriendGuard|SuperFang,Feint,FollowMe,Protect|Impish|||||50|
|
|t:|1784325991
|teamsize|p1|4
|teamsize|p2|4
|start
|switch|p1a: Hawlucha|Hawlucha, L50, F|100/100
|switch|p1b: Snorlax|Snorlax, L50, F|100/100
|switch|p2a: Blastoise|Blastoise, L50, M|100/100
|switch|p2b: Incineroar|Incineroar, L50, M|100/100
|-ability|p2b: Incineroar|Intimidate|boost
|-unboost|p1a: Hawlucha|atk|1
|-unboost|p1b: Snorlax|atk|1
|turn|1
|
|t:|1784326034
|detailschange|p2a: Blastoise|Blastoise-Mega, L50, M
|-mega|p2a: Blastoise|Blastoise|Blastoisinite
|move|p1a: Hawlucha|Detect|p1a: Hawlucha
|-singleturn|p1a: Hawlucha|Protect
|move|p2b: Incineroar|Fake Out|p1a: Hawlucha
|-activate|p1a: Hawlucha|move: Protect
|move|p2a: Blastoise|Shell Smash|p2a: Blastoise
|-unboost|p2a: Blastoise|def|1
|-unboost|p2a: Blastoise|spd|1
|-boost|p2a: Blastoise|atk|2
|-boost|p2a: Blastoise|spa|2
|-boost|p2a: Blastoise|spe|2
|move|p1b: Snorlax|Stockpile|p1b: Snorlax
|-start|p1b: Snorlax|stockpile1
|-boost|p1b: Snorlax|def|1
|-boost|p1b: Snorlax|spd|1
|
|upkeep
|turn|2
|
|t:|1784326059
|switch|p2b: Maushold|Maushold-Four, L50|100/100
|detailschange|p1a: Hawlucha|Hawlucha-Mega, L50, F
|-mega|p1a: Hawlucha|Hawlucha|Hawluchanite
|move|p2a: Blastoise|Water Spout|p1a: Hawlucha|[spread] p1a,p1b
|-damage|p1a: Hawlucha|0 fnt
|-damage|p1b: Snorlax|42/100
|faint|p1a: Hawlucha
|move|p1b: Snorlax|Fissure|p2a: Blastoise|[miss]
|-miss|p1b: Snorlax|p2a: Blastoise
|
|-heal|p1b: Snorlax|48/100|[from] item: Leftovers
|upkeep
|
|t:|1784326092
|switch|p1a: Sinistcha|Sinistcha, L50|100/100
|-heal|p1b: Snorlax|73/100|[from] ability: Hospitality|[of] p1a: Sinistcha
|turn|3
|
|t:|1784326115
|move|p2b: Maushold|Follow Me|p2b: Maushold
|-singleturn|p2b: Maushold|move: Follow Me
|move|p2a: Blastoise|Dark Pulse|p1a: Sinistcha
|-supereffective|p1a: Sinistcha|1
|-damage|p1a: Sinistcha|0 fnt
|faint|p1a: Sinistcha
|move|p1b: Snorlax|Stockpile|p1b: Snorlax
|-start|p1b: Snorlax|stockpile2
|-boost|p1b: Snorlax|def|1
|-boost|p1b: Snorlax|spd|1
|
|-heal|p1b: Snorlax|79/100|[from] item: Leftovers
|upkeep
|
|t:|1784326127
|switch|p1a: Incineroar|Incineroar, L50, M|100/100
|-ability|p1a: Incineroar|Intimidate|boost
|-unboost|p2a: Blastoise|atk|1
|-unboost|p2b: Maushold|atk|1
|turn|4
|
|t:|1784326159
|move|p2a: Blastoise|Protect|p2a: Blastoise
|-singleturn|p2a: Blastoise|Protect
|move|p2b: Maushold|Protect|p2b: Maushold
|-singleturn|p2b: Maushold|Protect
|move|p1a: Incineroar|Fake Out|p2a: Blastoise
|-activate|p2a: Blastoise|move: Protect
|move|p1b: Snorlax|Stockpile|p1b: Snorlax
|-start|p1b: Snorlax|stockpile3
|-boost|p1b: Snorlax|def|1
|-boost|p1b: Snorlax|spd|1
|
|-heal|p1b: Snorlax|85/100|[from] item: Leftovers
|upkeep
|turn|5
|
|t:|1784326182
|move|p1a: Incineroar|Protect|p1a: Incineroar
|-singleturn|p1a: Incineroar|Protect
|move|p2b: Maushold|Follow Me|p2b: Maushold
|-singleturn|p2b: Maushold|move: Follow Me
|move|p2a: Blastoise|Water Spout|p1a: Incineroar|[spread] p1b
|-activate|p1a: Incineroar|move: Protect
|-damage|p1b: Snorlax|50/100g
|move|p1b: Snorlax|Body Press|p2b: Maushold
|-supereffective|p2b: Maushold|1
|-enditem|p2b: Maushold|Chople Berry|[eat]
|-enditem|p2b: Maushold|Chople Berry|[weaken]
|-damage|p2b: Maushold|50/100g
|
|-heal|p1b: Snorlax|56/100|[from] item: Leftovers
|upkeep
|turn|6
|
|t:|1784326234
|move|p2b: Maushold|Follow Me|p2b: Maushold
|-singleturn|p2b: Maushold|move: Follow Me
|move|p2a: Blastoise|Water Spout|p1b: Snorlax|[spread] p1a,p1b
|-supereffective|p1a: Incineroar|1
|-enditem|p1a: Incineroar|Passho Berry|[eat]
|-enditem|p1a: Incineroar|Passho Berry|[weaken]
|-damage|p1a: Incineroar|1/100
|-damage|p1b: Snorlax|25/100
|move|p1a: Incineroar|Throat Chop|p2b: Maushold
|-damage|p2b: Maushold|19/100
|-start|p2b: Maushold|Throat Chop|[silent]
|move|p1b: Snorlax|Fissure|p2b: Maushold|[miss]
|-miss|p1b: Snorlax|p2b: Maushold
|
|-heal|p1b: Snorlax|31/100|[from] item: Leftovers
|upkeep
|turn|7
|
|t:|1784326252
|move|p2b: Maushold|Follow Me|p2b: Maushold
|-singleturn|p2b: Maushold|move: Follow Me
|move|p2a: Blastoise|Water Spout|p1b: Snorlax|[spread] p1a,p1b
|-supereffective|p1a: Incineroar|1
|-damage|p1a: Incineroar|0 fnt
|-damage|p1b: Snorlax|0 fnt
|faint|p1a: Incineroar
|faint|p1b: Snorlax
|
|win|javivaarela
||javivaarela is ready for game 3.
|inactive|alejandrorr has 30 seconds to confirm battle start!
||alejandrorr is ready for game 3.
|uhtml|next|Next: Game 3 of 3
