|j|☆Crystneel
|j|☆beans14
|html|Crystneelbeans14    
|uhtml|bestof|Game 2 of a best-of-3
|t:|1756660606
|gametype|doubles
|player|p1|Crystneel|101|1095
|player|p2|beans14|102|1164
|gen|9
|tier|[Gen 9] VGC 2025 Reg H (Bo3)
|rated|
|rule|Species Clause: Limit one of each Pokémon
|rule|Item Clause: Limit 1 of each item
|clearpoke
|poke|p1|Volcarona, L50, F|
|poke|p1|Electabuzz, L50, M|
|poke|p1|Sneasler, L50, M|
|poke|p1|Rillaboom, L50, M|
|poke|p1|Dragonite, L50, M|
|poke|p1|Ursaluna-Bloodmoon, L50, M|
|poke|p2|Politoed, L50, M|
|poke|p2|Archaludon, L50, M|
|poke|p2|Kingdra, L50, M|
|poke|p2|Incineroar, L50, M|
|poke|p2|Amoonguss, L50, M|
|poke|p2|Gothitelle, L50, M|
|teampreview|4
|showteam|p1|Volcarona||Leftovers|FlameBody|FieryDance,QuiverDance,GigaDrain,Protect|||F|||50|,,,,,Water]Electabuzz||Eviolite|Static|FollowMe,Electroweb,VoltSwitch,Taunt|||M|||50|,,,,,Fairy]Sneasler||GrassySeed|Unburden|DireClaw,CloseCombat,ThroatChop,Protect|||M|||50|,,,,,Dark]Rillaboom||AssaultVest|GrassySurge|FakeOut,GrassyGlide,WoodHammer,Uturn|||M|||50|,,,,,Fire]Dragonite||LoadedDice|Multiscale|ExtremeSpeed,ScaleShot,IceSpinner,LowKick|||M|||50|,,,,,Normal]Ursaluna-Bloodmoon||ThroatSpray|MindsEye|BloodMoon,HyperVoice,EarthPower,Protect|||M|||50|,,,,,Poison
|showteam|p2|Politoed||Leftovers|Drizzle|Protect,WeatherBall,PerishSong,Encore|||M|||50|,,,,,Grass]Archaludon||PowerHerb|Sturdy|Protect,ElectroShot,FlashCannon,DragonPulse|||M|||50|,,,,,Electric]Kingdra||LifeOrb|SwiftSwim|Protect,DracoMeteor,WeatherBall,MuddyWater|||M|||50|,,,,,Stellar]Incineroar||SafetyGoggles|Intimidate|FakeOut,KnockOff,PartingShot,Protect|||M|||50|,,,,,Ghost]Amoonguss||EjectButton|Regenerator|Protect,RagePowder,Spore,PollenPuff|||M|||50|,,,,,Fairy]Gothitelle||SitrusBerry|ShadowTag|Protect,Psychic,FakeOut,TrickRoom|||M|||50|,,,,,Dark
|
|t:|1756660628
|teamsize|p1|4
|teamsize|p2|4
|start
|switch|p1a: Electabuzz|Electabuzz, L50, M|100/100
|switch|p1b: Rillaboom|Rillaboom, L50, M|100/100
|switch|p2a: Politoed|Politoed, L50, M|100/100
|switch|p2b: Incineroar|Incineroar, L50, M|100/100
|-fieldstart|move: Grassy Terrain|[from] ability: Grassy Surge|[of] p1b: Rillaboom
|-weather|RainDance|[from] ability: Drizzle|[of] p2a: Politoed
|-ability|p2b: Incineroar|Intimidate|boost
|-unboost|p1a: Electabuzz|atk|1
|-unboost|p1b: Rillaboom|atk|1
|turn|1
|inactive|Battle timer is ON: inactive players will automatically lose when time's up. (requested by Crystneel)
|
|t:|1756660647
|move|p2a: Politoed|Protect|p2a: Politoed
|-singleturn|p2a: Politoed|Protect
|move|p2b: Incineroar|Protect|p2b: Incineroar
|-singleturn|p2b: Incineroar|Protect
|move|p1a: Electabuzz|Taunt|p2a: Politoed
|-activate|p2a: Politoed|move: Protect
|move|p1b: Rillaboom|Wood Hammer|p2a: Politoed
|-activate|p2a: Politoed|move: Protect
|
|-weather|RainDance|[upkeep]
|upkeep
|turn|2
|
|t:|1756660661
|switch|p2a: Amoonguss|Amoonguss, L50, M|100/100
|move|p1a: Electabuzz|Taunt|p2a: Amoonguss
|-start|p2a: Amoonguss|move: Taunt
|move|p1b: Rillaboom|Wood Hammer|p2a: Amoonguss
|-resisted|p2a: Amoonguss
|-damage|p2a: Amoonguss|89/100
|-damage|p1b: Rillaboom|97/100|[from] Recoil
|-enditem|p2a: Amoonguss|Eject Button
|
|t:|1756660676
|switch|p2a: Gothitelle|Gothitelle, L50, M|100/100
|move|p2b: Incineroar|Parting Shot|p1b: Rillaboom
|-unboost|p1b: Rillaboom|atk|1
|-unboost|p1b: Rillaboom|spa|1
|
|t:|1756660678
|switch|p2b: Politoed|Politoed, L50, M|100/100|[from] Parting Shot
|
|-weather|RainDance|[upkeep]
|-heal|p1b: Rillaboom|100/100|[from] Grassy Terrain
|upkeep
|turn|3
|
|t:|1756660693
|-terastallize|p2b: Politoed|Grass
|move|p2a: Gothitelle|Fake Out|p1a: Electabuzz
|-damage|p1a: Electabuzz|95/100
|cant|p1a: Electabuzz|flinch
|move|p1b: Rillaboom|U-turn|p2a: Gothitelle
|-supereffective|p2a: Gothitelle
|-damage|p2a: Gothitelle|75/100
|
|t:|1756660705
|switch|p1b: Sneasler|Sneasler, L50, M|100/100|[from] U-turn
|-enditem|p1b: Sneasler|Grassy Seed
|-boost|p1b: Sneasler|def|1|[from] item: Grassy Seed
|move|p2b: Politoed|Perish Song|p2b: Politoed
|-start|p1a: Electabuzz|perish3|[silent]
|-start|p1b: Sneasler|perish3|[silent]
|-start|p2a: Gothitelle|perish3|[silent]
|-start|p2b: Politoed|perish3|[silent]
|-fieldactivate|move: Perish Song
|
|-weather|RainDance|[upkeep]
|-heal|p1a: Electabuzz|100/100|[from] Grassy Terrain
|-heal|p2a: Gothitelle|81/100|[from] Grassy Terrain
|-start|p1b: Sneasler|perish3
|-start|p1a: Electabuzz|perish3
|-start|p2b: Politoed|perish3
|-start|p2a: Gothitelle|perish3
|upkeep
|turn|4
|
|t:|1756660727
|switch|p2b: Incineroar|Incineroar, L50, M|100/100
|-ability|p2b: Incineroar|Intimidate|boost
|-unboost|p1a: Electabuzz|atk|1
|-unboost|p1b: Sneasler|atk|1
|move|p2a: Gothitelle|Protect|p2a: Gothitelle
|-singleturn|p2a: Gothitelle|Protect
|move|p1b: Sneasler|Dire Claw|p2b: Incineroar
|-damage|p2b: Incineroar|75/100
|-status|p2b: Incineroar|psn
|move|p1a: Electabuzz|Volt Switch|p2a: Gothitelle
|-activate|p2a: Gothitelle|move: Protect
|
|-weather|RainDance|[upkeep]
|-heal|p2a: Gothitelle|87/100|[from] Grassy Terrain
|-heal|p2b: Incineroar|81/100 psn|[from] Grassy Terrain
|-damage|p2b: Incineroar|69/100 psn|[from] psn
|-start|p1b: Sneasler|perish2
|-start|p1a: Electabuzz|perish2
|-start|p2a: Gothitelle|perish2
|upkeep
|turn|5
|
|t:|1756660748
|move|p2b: Incineroar|Fake Out|p1b: Sneasler
|-damage|p1b: Sneasler|88/100
|cant|p1b: Sneasler|flinch
|move|p1a: Electabuzz|Volt Switch|p2a: Gothitelle
|-damage|p2a: Gothitelle|70/100
|
|t:|1756660757
|switch|p1a: Volcarona|Volcarona, L50, F|100/100|[from] Volt Switch
|move|p2a: Gothitelle|Trick Room|p2a: Gothitelle
|-fieldstart|move: Trick Room|[of] p2a: Gothitelle
|
|-weather|none
|-heal|p2b: Incineroar|75/100 psn|[from] Grassy Terrain
|-heal|p2a: Gothitelle|76/100|[from] Grassy Terrain
|-heal|p1b: Sneasler|93/100|[from] Grassy Terrain
|-damage|p2b: Incineroar|62/100 psn|[from] psn
|-start|p2a: Gothitelle|perish1
|-start|p1b: Sneasler|perish1
|-fieldend|move: Grassy Terrain
|upkeep
|turn|6
|
|t:|1756660783
|switch|p2b: Amoonguss|Amoonguss, L50, M|100/100
|switch|p2a: Politoed|Politoed, L50, M, tera:Grass|100/100
|-weather|RainDance|[from] ability: Drizzle|[of] p2a: Politoed
|move|p1a: Volcarona|Fiery Dance|p2b: Amoonguss
|-supereffective|p2b: Amoonguss
|-damage|p2b: Amoonguss|67/100
|move|p1b: Sneasler|Dire Claw|p2a: Politoed
|-supereffective|p2a: Politoed
|-damage|p2a: Politoed|37/100
|
|-weather|RainDance|[upkeep]
|-heal|p2a: Politoed|43/100|[from] item: Leftovers
|-start|p1b: Sneasler|perish0
|faint|p1b: Sneasler
|upkeep
|
|t:|1756660799
|switch|p1b: Rillaboom|Rillaboom, L50, M|100/100
|-fieldstart|move: Grassy Terrain|[from] ability: Grassy Surge|[of] p1b: Rillaboom
|turn|7
|
|t:|1756660824
|move|p2a: Politoed|Protect|p2a: Politoed
|-singleturn|p2a: Politoed|Protect
|move|p1b: Rillaboom|Fake Out|p2b: Amoonguss
|-damage|p2b: Amoonguss|55/100
|cant|p2b: Amoonguss|flinch
|move|p1a: Volcarona|Quiver Dance|p1a: Volcarona
|-boost|p1a: Volcarona|spa|1
|-boost|p1a: Volcarona|spd|1
|-boost|p1a: Volcarona|spe|1
|
|-weather|RainDance|[upkeep]
|-heal|p2b: Amoonguss|61/100|[from] Grassy Terrain
|-heal|p2a: Politoed|49/100|[from] Grassy Terrain
|-heal|p2a: Politoed|55/100|[from] item: Leftovers
|upkeep
|turn|8
|
|t:|1756660840
|move|p2b: Amoonguss|Pollen Puff|p2a: Politoed
|-heal|p2a: Politoed|100/100
|move|p2a: Politoed|Encore|p1a: Volcarona
|-start|p1a: Volcarona|Encore
|move|p1b: Rillaboom|U-turn|p2a: Politoed
|-supereffective|p2a: Politoed
|-damage|p2a: Politoed|43/100
|
|t:|1756660848
|switch|p1b: Electabuzz|Electabuzz, L50, M|100/100|[from] U-turn
|move|p1a: Volcarona|Quiver Dance|p1a: Volcarona
|-boost|p1a: Volcarona|spa|1
|-boost|p1a: Volcarona|spd|1
|-boost|p1a: Volcarona|spe|1
|
|-weather|RainDance|[upkeep]
|-heal|p2b: Amoonguss|67/100|[from] Grassy Terrain
|-heal|p2a: Politoed|49/100|[from] Grassy Terrain
|-heal|p2a: Politoed|55/100|[from] item: Leftovers
|upkeep
|turn|9
|
|t:|1756660861
|move|p2b: Amoonguss|Spore|p1b: Electabuzz
|-status|p1b: Electabuzz|slp|[from] move: Spore
|move|p2a: Politoed|Perish Song|p2a: Politoed
|-start|p1a: Volcarona|perish3|[silent]
|-start|p1b: Electabuzz|perish3|[silent]
|-start|p2a: Politoed|perish3|[silent]
|-start|p2b: Amoonguss|perish3|[silent]
|-fieldactivate|move: Perish Song
|cant|p1b: Electabuzz|slp
|move|p1a: Volcarona|Quiver Dance|p1a: Volcarona
|-boost|p1a: Volcarona|spa|1
|-boost|p1a: Volcarona|spd|1
|-boost|p1a: Volcarona|spe|1
|
|-weather|RainDance|[upkeep]
|-heal|p2b: Amoonguss|73/100|[from] Grassy Terrain
|-heal|p2a: Politoed|61/100|[from] Grassy Terrain
|-heal|p2a: Politoed|67/100|[from] item: Leftovers
|-start|p2b: Amoonguss|perish3
|-start|p2a: Politoed|perish3
|-start|p1b: Electabuzz|perish3
|-start|p1a: Volcarona|perish3
|-fieldend|move: Trick Room
|upkeep
|turn|10
|
|t:|1756660874
|switch|p1a: Rillaboom|Rillaboom, L50, M|100/100
|switch|p2a: Gothitelle|Gothitelle, L50, M|76/100
|-curestatus|p1b: Electabuzz|slp|[msg]
|move|p1b: Electabuzz|Volt Switch|p2a: Gothitelle
|-damage|p2a: Gothitelle|59/100
|
|t:|1756660883
|switch|p1b: Volcarona|Volcarona, L50, F|100/100|[from] Volt Switch
|move|p2b: Amoonguss|Spore|p1a: Rillaboom
|-immune|p1a: Rillaboom
|
|-weather|none
|-heal|p2a: Gothitelle|65/100|[from] Grassy Terrain
|-heal|p2b: Amoonguss|79/100|[from] Grassy Terrain
|-start|p2b: Amoonguss|perish2
|upkeep
|turn|11
|
|t:|1756660895
|switch|p2a: Incineroar|Incineroar, L50, M|62/100 psn
|-ability|p2a: Incineroar|Intimidate|boost
|-unboost|p1a: Rillaboom|atk|1
|-unboost|p1b: Volcarona|atk|1
|move|p1a: Rillaboom|Fake Out|p2a: Incineroar
|-damage|p2a: Incineroar|53/100 psn
|move|p1b: Volcarona|Fiery Dance|p2b: Amoonguss
|-supereffective|p2b: Amoonguss
|-damage|p2b: Amoonguss|9/100
|-boost|p1b: Volcarona|spa|1
|move|p2b: Amoonguss|Spore|p1b: Volcarona
|-status|p1b: Volcarona|slp|[from] move: Spore
|
|-heal|p2a: Incineroar|59/100 psn|[from] Grassy Terrain
|-heal|p2b: Amoonguss|15/100|[from] Grassy Terrain
|-damage|p2a: Incineroar|47/100 psn|[from] psn
|-start|p2b: Amoonguss|perish1
|-fieldend|move: Grassy Terrain
|upkeep
|turn|12
|
|t:|1756660917
|switch|p1a: Electabuzz|Electabuzz, L50, M|100/100
|switch|p2b: Politoed|Politoed, L50, M, tera:Grass|67/100
|-weather|RainDance|[from] ability: Drizzle|[of] p2b: Politoed
|cant|p1b: Volcarona|slp
|move|p2a: Incineroar|Knock Off|p1b: Volcarona
|-damage|p1b: Volcarona|55/100 slp
|-enditem|p1b: Volcarona|Leftovers|[from] move: Knock Off|[of] p2a: Incineroar
|
|-weather|RainDance|[upkeep]
|-heal|p2b: Politoed|73/100|[from] item: Leftovers
|-damage|p2a: Incineroar|34/100 psn|[from] psn
|upkeep
|turn|13
|
|t:|1756660937
|cant|p1b: Volcarona|slp
|move|p1a: Electabuzz|Taunt|p2b: Politoed
|-start|p2b: Politoed|move: Taunt
|move|p2b: Politoed|Weather Ball|p1b: Volcarona
|-supereffective|p1b: Volcarona
|-damage|p1b: Volcarona|0 fnt
|faint|p1b: Volcarona
|move|p2a: Incineroar|Parting Shot|p1a: Electabuzz
|-unboost|p1a: Electabuzz|atk|1
|-unboost|p1a: Electabuzz|spa|1
|
|t:|1756660948
|switch|p2a: Amoonguss|Amoonguss, L50, M|48/100|[from] Parting Shot
|
|-weather|RainDance|[upkeep]
|-heal|p2b: Politoed|79/100|[from] item: Leftovers
|upkeep
|
|t:|1756660950
|switch|p1b: Rillaboom|Rillaboom, L50, M|100/100
|-fieldstart|move: Grassy Terrain|[from] ability: Grassy Surge|[of] p1b: Rillaboom
|turn|14
|
|t:|1756660972
|switch|p2b: Incineroar|Incineroar, L50, M|34/100 psn
|-ability|p2b: Incineroar|Intimidate|boost
|-unboost|p1a: Electabuzz|atk|1
|-unboost|p1b: Rillaboom|atk|1
|switch|p2a: Gothitelle|Gothitelle, L50, M|65/100
|move|p1a: Electabuzz|Taunt|p2a: Gothitelle
|-start|p2a: Gothitelle|move: Taunt
|move|p1b: Rillaboom|U-turn|p2b: Incineroar
|-damage|p2b: Incineroar|16/100 psn
|
|-weather|RainDance|[upkeep]
|-heal|p2a: Gothitelle|71/100|[from] Grassy Terrain
|-heal|p2b: Incineroar|22/100 psn|[from] Grassy Terrain
|-damage|p2b: Incineroar|9/100 psn|[from] psn
|upkeep
|turn|15
|inactive|beans14 has 30 seconds left.
|
|t:|1756661002
|switch|p2a: Amoonguss|Amoonguss, L50, M|81/100
|move|p1a: Electabuzz|Electroweb|p2b: Incineroar|[spread] p2a,p2b
|-resisted|p2a: Amoonguss
|-crit|p2b: Incineroar
|-damage|p2a: Amoonguss|77/100
|-damage|p2b: Incineroar|0 fnt
|-unboost|p2a: Amoonguss|spe|1
|faint|p2b: Incineroar
|move|p1b: Rillaboom|U-turn|p2a: Amoonguss
|-damage|p2a: Amoonguss|62/100
|
|-weather|RainDance|[upkeep]
|-heal|p2a: Amoonguss|68/100|[from] Grassy Terrain
|upkeep
|
|t:|1756661006
|switch|p2b: Politoed|Politoed, L50, M, tera:Grass|79/100
|turn|16
|
|t:|1756661020
|move|p1a: Electabuzz|Follow Me|p1a: Electabuzz
|-singleturn|p1a: Electabuzz|move: Follow Me
|move|p2a: Amoonguss|Rage Powder|p2a: Amoonguss
|-singleturn|p2a: Amoonguss|move: Rage Powder
|move|p1b: Rillaboom|U-turn|p2b: Politoed
|-supereffective|p2b: Politoed
|-damage|p2b: Politoed|43/100
|move|p2b: Politoed|Perish Song|p2b: Politoed
|-start|p1a: Electabuzz|perish3|[silent]
|-start|p1b: Rillaboom|perish3|[silent]
|-start|p2a: Amoonguss|perish3|[silent]
|-start|p2b: Politoed|perish3|[silent]
|-fieldactivate|move: Perish Song
|
|-weather|none
|-heal|p2b: Politoed|49/100|[from] Grassy Terrain
|-heal|p2b: Politoed|55/100|[from] item: Leftovers
|-heal|p2a: Amoonguss|74/100|[from] Grassy Terrain
|-start|p1a: Electabuzz|perish3
|-start|p2b: Politoed|perish3
|-start|p1b: Rillaboom|perish3
|-start|p2a: Amoonguss|perish3
|upkeep
|turn|17
|
|t:|1756661033
|move|p2b: Politoed|Protect|p2b: Politoed
|-singleturn|p2b: Politoed|Protect
|move|p2a: Amoonguss|Protect|p2a: Amoonguss
|-singleturn|p2a: Amoonguss|Protect
|move|p1a: Electabuzz|Electroweb|p2b: Politoed|[spread] 
|-activate|p2a: Amoonguss|move: Protect
|-activate|p2b: Politoed|move: Protect
|move|p1b: Rillaboom|U-turn|p2b: Politoed
|-activate|p2b: Politoed|move: Protect
|
|-heal|p2b: Politoed|61/100|[from] Grassy Terrain
|-heal|p2b: Politoed|67/100|[from] item: Leftovers
|-heal|p2a: Amoonguss|80/100|[from] Grassy Terrain
|-start|p1a: Electabuzz|perish2
|-start|p1b: Rillaboom|perish2
|-start|p2b: Politoed|perish2
|-start|p2a: Amoonguss|perish2
|upkeep
|turn|18
|
|t:|1756661040
|move|p2a: Amoonguss|Rage Powder|p2a: Amoonguss
|-singleturn|p2a: Amoonguss|move: Rage Powder
|move|p1a: Electabuzz|Electroweb|p2a: Amoonguss|[spread] p2a,p2b
|-resisted|p2a: Amoonguss
|-resisted|p2b: Politoed
|-damage|p2a: Amoonguss|77/100
|-damage|p2b: Politoed|64/100
|-unboost|p2a: Amoonguss|spe|1
|-unboost|p2b: Politoed|spe|1
|move|p1b: Rillaboom|U-turn|p2b: Politoed
|-supereffective|p2b: Politoed
|-damage|p2b: Politoed|24/100
|move|p2b: Politoed|Weather Ball|p1b: Rillaboom
|-damage|p1b: Rillaboom|93/100
|
|-heal|p1b: Rillaboom|99/100|[from] Grassy Terrain
|-heal|p2b: Politoed|30/100|[from] Grassy Terrain
|-heal|p2b: Politoed|37/100|[from] item: Leftovers
|-heal|p2a: Amoonguss|83/100|[from] Grassy Terrain
|-start|p1a: Electabuzz|perish1
|-start|p1b: Rillaboom|perish1
|-start|p2b: Politoed|perish1
|-start|p2a: Amoonguss|perish1
|-fieldend|move: Grassy Terrain
|upkeep
|turn|19
|
|t:|1756661048
|move|p2b: Politoed|Protect|p2b: Politoed
|-singleturn|p2b: Politoed|Protect
|move|p2a: Amoonguss|Protect|p2a: Amoonguss
|-singleturn|p2a: Amoonguss|Protect
|move|p1a: Electabuzz|Electroweb|p2a: Amoonguss|[spread] 
|-activate|p2a: Amoonguss|move: Protect
|-activate|p2b: Politoed|move: Protect
|move|p1b: Rillaboom|U-turn|p2b: Politoed
|-activate|p2b: Politoed|move: Protect
|
|-heal|p2b: Politoed|43/100|[from] item: Leftovers
|-start|p1a: Electabuzz|perish0
|-start|p1b: Rillaboom|perish0
|-start|p2b: Politoed|perish0
|-start|p2a: Amoonguss|perish0
|faint|p1a: Electabuzz
|faint|p1b: Rillaboom
|faint|p2b: Politoed
|faint|p2a: Amoonguss
|
|win|beans14
|raw|Crystneel's rating: 1095 → 1076(-19 for losing)
|raw|beans14's rating: 1164 → 1184(+20 for winning)
|l|☆beans14
|player|p2|
