|j|☆Olciax34
|j|☆DonpiDavs
|html|Olciax34DonpiDavs    
|uhtml|bestof|Game 2 of a best-of-3
|t:|1784985060
|gametype|doubles
|player|p1|Olciax34|clair|1330
|player|p2|DonpiDavs|170|1411
|gen|9
|tier|[Gen 9 Champions] VGC 2026 Reg M-B (Bo3)
|rated|
|rule|Species Clause: Limit one of each Pokémon
|rule|Item Clause: Limit 1 of each item
|clearpoke
|poke|p1|Charizard, L50, F|
|poke|p1|Whimsicott, L50, M|
|poke|p1|Garchomp, L50, F|
|poke|p1|Basculegion, L50, M|
|poke|p1|Sylveon, L50, M|
|poke|p1|Metagross, L50|
|poke|p2|Gengar, L50, F|
|poke|p2|Kommo-o, L50, F|
|poke|p2|Sinistcha, L50|
|poke|p2|Incineroar, L50, M|
|poke|p2|Politoed, L50, M|
|poke|p2|Tinkaton, L50, F|
|teampreview|4
|showteam|p1|Charizard||CharizarditeY|SolarPower|HeatWave,WeatherBall,SolarBeam,Protect|Modest||F|||50|]Whimsicott||FocusSash|Prankster|Moonblast,Tailwind,Encore,Protect|Timid||M|||50|]Garchomp||LifeOrb|RoughSkin|Earthquake,DragonClaw,RockSlide,Protect|Jolly||F|||50|]Basculegion||ChoiceScarf|Adaptability|WaveCrash,FlipTurn,LastRespects,AquaJet|Jolly||M|||50|]Sylveon||FairyFeather|Pixilate|HyperVoice,Yawn,HyperBeam,Protect|Modest||M|||50|]Metagross||Metagrossite|ClearBody|IronHead,PsychicFangs,BodyPress,Protect|Jolly|||||50|
|showteam|p2|Gengar||Gengarite|CursedBody|ShadowBall,Disable,PerishSong,Protect|Timid||F|||50|]Kommo-o||Leftovers|Soundproof|ClangingScales,AuraSphere,ClangorousSoul,Protect|Modest||F|||50|]Sinistcha||KasibBerry|Hospitality|MatchaGotcha,Protect,RagePowder,LifeDew|Bold|||||50|]Incineroar||PasshoBerry|Intimidate|FakeOut,ThroatChop,Protect,PartingShot|Relaxed||M|||50|]Politoed||SitrusBerry|Drizzle|WeatherBall,Encore,PerishSong,Protect|Calm||M|||50|]Tinkaton||ShucaBerry|MoldBreaker|FakeOut,GigatonHammer,Encore,Protect|Jolly||F|||50|
|inactive|Battle timer is ON: inactive players will automatically lose when time's up. (requested by Olciax34)
|
|t:|1784985077
|teamsize|p1|4
|teamsize|p2|4
|start
|switch|p1a: Basculegion|Basculegion, L50, M|100/100
|switch|p1b: Garchomp|Garchomp, L50, F|100/100
|switch|p2a: Gengar|Gengar, L50, F|100/100
|switch|p2b: Incineroar|Incineroar, L50, M|100/100
|-ability|p2b: Incineroar|Intimidate|boost
|-unboost|p1a: Basculegion|atk|1
|-unboost|p1b: Garchomp|atk|1
|turn|1
|inactive|Olciax34 has 30 seconds left.
|
|t:|1784985103
|detailschange|p2a: Gengar|Gengar-Mega, L50, F
|-mega|p2a: Gengar|Gengar|Gengarite
|move|p2b: Incineroar|Fake Out|p1b: Garchomp
|-damage|p1b: Garchomp|90/100
|-damage|p2b: Incineroar|87/100|[from] ability: Rough Skin|[of] p1b: Garchomp
|move|p1a: Basculegion|Flip Turn|p2a: Gengar
|-damage|p2a: Gengar|72/100
|
|t:|1784985115
|switch|p1a: Whimsicott|Whimsicott, L50, M|100/100|[from] Flip Turn
|move|p2a: Gengar|Perish Song|p2a: Gengar
|-start|p1a: Whimsicott|perish3|[silent]
|-start|p1b: Garchomp|perish3|[silent]
|-start|p2a: Gengar|perish3|[silent]
|-start|p2b: Incineroar|perish3|[silent]
|-fieldactivate|move: Perish Song
|cant|p1b: Garchomp|flinch
|
|-start|p1a: Whimsicott|perish3
|-start|p2a: Gengar|perish3
|-start|p1b: Garchomp|perish3
|-start|p2b: Incineroar|perish3
|upkeep
|turn|2
|
|t:|1784985134
|move|p2a: Gengar|Protect|p2a: Gengar
|-singleturn|p2a: Gengar|Protect
|move|p2b: Incineroar|Protect|p2b: Incineroar
|-singleturn|p2b: Incineroar|Protect
|move|p1a: Whimsicott|Tailwind|p1a: Whimsicott
|-sidestart|p1: Olciax34|move: Tailwind
|move|p1b: Garchomp|Earthquake|p2b: Incineroar|[spread] p1a
|-activate|p2a: Gengar|move: Protect
|-activate|p2b: Incineroar|move: Protect
|-resisted|p1a: Whimsicott|1
|-damage|p1a: Whimsicott|77/100
|-damage|p1b: Garchomp|80/100|[from] item: Life Orb
|
|-start|p1a: Whimsicott|perish2
|-start|p1b: Garchomp|perish2
|-start|p2a: Gengar|perish2
|-start|p2b: Incineroar|perish2
|upkeep
|turn|3
|inactive|Olciax34 has 30 seconds left.
|inactive|Olciax34 has 20 seconds left.
|inactive|Olciax34 has 15 seconds left.
|inactive|Olciax34 has 10 seconds left.
|
|t:|1784985181
|switch|p2a: Politoed|Politoed, L50, M|100/100
|-weather|RainDance|[from] ability: Drizzle|[of] p2a: Politoed
|move|p1a: Whimsicott|Moonblast|p2a: Politoed
|-damage|p2a: Politoed|70/100
|move|p1b: Garchomp|Earthquake|p2a: Politoed|[spread] p1a,p2a,p2b
|-resisted|p1a: Whimsicott|1
|-supereffective|p2b: Incineroar|1
|-damage|p1a: Whimsicott|54/100
|-damage|p2a: Politoed|42/100
|-damage|p2b: Incineroar|40/100
|-enditem|p2a: Politoed|Sitrus Berry|[eat]
|-heal|p2a: Politoed|67/100|[from] item: Sitrus Berry
|-damage|p1b: Garchomp|70/100|[from] item: Life Orb
|move|p2b: Incineroar|Parting Shot|p2a: Politoed
|-unboost|p2a: Politoed|atk|1
|-unboost|p2a: Politoed|spa|1
|
|t:|1784985190
|switch|p2b: Gengar|Gengar-Mega, L50, F|72/100|[from] Parting Shot
|
|-weather|RainDance|[upkeep]
|-start|p1a: Whimsicott|perish1
|-start|p1b: Garchomp|perish1
|upkeep
|turn|4
|
|t:|1784985202
|move|p2b: Gengar|Protect|p2b: Gengar
|-singleturn|p2b: Gengar|Protect
|move|p2a: Politoed|Protect|p2a: Politoed
|-singleturn|p2a: Politoed|Protect
|move|p1a: Whimsicott|Moonblast|p2a: Politoed
|-activate|p2a: Politoed|move: Protect
|move|p1b: Garchomp|Earthquake|p2b: Gengar|[spread] p1a
|-activate|p2a: Politoed|move: Protect
|-activate|p2b: Gengar|move: Protect
|-resisted|p1a: Whimsicott|1
|-damage|p1a: Whimsicott|30/100
|-damage|p1b: Garchomp|61/100|[from] item: Life Orb
|
|-weather|RainDance|[upkeep]
|-start|p1a: Whimsicott|perish0
|-start|p1b: Garchomp|perish0
|faint|p1a: Whimsicott
|faint|p1b: Garchomp
|upkeep
|
|t:|1784985217
|switch|p1a: Basculegion|Basculegion, L50, M|100/100
|switch|p1b: Metagross|Metagross, L50|100/100
|turn|5
|
|t:|1784985231
|switch|p2b: Incineroar|Incineroar, L50, M|40/100
|-ability|p2b: Incineroar|Intimidate|boost
|-unboost|p1a: Basculegion|atk|1
|-fail|p1b: Metagross|unboost|[from] ability: Clear Body|[of] p1b: Metagross
|move|p1a: Basculegion|Last Respects|p2a: Politoed
|-damage|p2a: Politoed|15/100
|move|p1b: Metagross|Body Press|p2b: Incineroar
|-supereffective|p2b: Incineroar|1
|-damage|p2b: Incineroar|4/100
|move|p2a: Politoed|Perish Song|p2a: Politoed
|-start|p1a: Basculegion|perish3|[silent]
|-start|p1b: Metagross|perish3|[silent]
|-start|p2a: Politoed|perish3|[silent]
|-start|p2b: Incineroar|perish3|[silent]
|-fieldactivate|move: Perish Song
|
|-weather|RainDance|[upkeep]
|-start|p1a: Basculegion|perish3
|-start|p1b: Metagross|perish3
|-start|p2a: Politoed|perish3
|-start|p2b: Incineroar|perish3
|-sideend|p1: Olciax34|move: Tailwind
|upkeep
|turn|6
|c|☆Olciax34|CRAZY\
|c|☆DonpiDavs|gg
|c|☆Olciax34|gg
|c|☆DonpiDavs|nice set
|-message|Olciax34 forfeited.
|
|win|DonpiDavs
|raw|Olciax34's rating: 1330 → 1315(-15 for losing)
|raw|DonpiDavs's rating: 1411 → 1426(+15 for winning)
