|j|â˜†JulesRen
|j|â˜†MinasDevilCrobats
|html|JulesRenMinasDevilCrobats    
|uhtml|bestof|Game 2 of a best-of-3
|t:|1757044434
|gametype|doubles
|player|p1|JulesRen|102|1155
|player|p2|MinasDevilCrobats|darach-caitlin|1204
|gen|9
|tier|[Gen 9] VGC 2025 Reg H (Bo3)
|rated|
|rule|Species Clause: Limit one of each PokÃ©mon
|rule|Item Clause: Limit 1 of each item
|clearpoke
|poke|p1|Tyranitar, L50, F|
|poke|p1|Garchomp, L50, M|
|poke|p1|Murkrow, L50, F|
|poke|p1|Ursaluna-Bloodmoon, L50, M|
|poke|p1|Sneasler, L50, M|
|poke|p1|Farigiraf, L50, F|
|poke|p2|Indeedee, L50, M|
|poke|p2|Sneasler, L50, M|
|poke|p2|Dondozo, L50, M|
|poke|p2|Tatsugiri, L50, M|
|poke|p2|Talonflame, L50, F|
|poke|p2|Glimmora, L50, M|
|teampreview|4
|showteam|p1|Tyranitar||AssaultVest|SandStream|RockSlide,TeraBlast,LowKick,KnockOff|||F|||50|,,,,,Flying]Garchomp||BrightPowder|SandVeil|Earthquake,DragonClaw,StompingTantrum,Protect|||M|||50|,,,,,Fire]Murkrow||Eviolite|Prankster|Haze,Tailwind,FoulPlay,Taunt|||F|||50|,,,,,Ghost]Ursaluna-Bloodmoon||FocusSash|MindsEye|BloodMoon,EarthPower,HyperVoice,Protect|||M|||50|,,,,,Normal]Sneasler||WhiteHerb|Unburden|ThroatChop,CloseCombat,DireClaw,Protect|||M|||50|,,,,,Dark]Farigiraf||ThroatSpray|ArmorTail|HyperVoice,Imprison,TrickRoom,Psychic|||F|||50|,,,,,Fairy
|showteam|p2|Indeedee||ChoiceScarf|PsychicSurge|ExpandingForce,DazzlingGleam,Trick,Protect|||M|||50|,,,,,Fairy]Sneasler||PsychicSeed|Unburden|CloseCombat,DireClaw,ThroatChop,Protect|||M|||50|,,,,,Dark]Dondozo||Leftovers|Unaware|WaveCrash,OrderUp,Earthquake,Protect|||M|||50|,,,,,Grass]Tatsugiri||LifeOrb|Commander|MuddyWater,DracoMeteor,DragonPulse,Protect|||M|||50|,,,,,Steel]Talonflame||CovertCloak|GaleWings|FlareBlitz,WillOWisp,Tailwind,Taunt|||F|||50|,,,,,Grass]Glimmora||PowerHerb|ToxicDebris|MeteorBeam,SludgeBomb,EarthPower,SpikyShield|||M|||50|,,,,,Grass
|inactive|Battle timer is ON: inactive players will automatically lose when time's up. (requested by MinasDevilCrobats)
|
|t:|1757044489
|teamsize|p1|4
|teamsize|p2|4
|start
|switch|p1a: Farigiraf|Farigiraf, L50, F|100/100
|switch|p1b: Tyranitar|Tyranitar, L50, F|100/100
|switch|p2a: Talonflame|Talonflame, L50, F|100/100
|switch|p2b: Glimmora|Glimmora, L50, M|100/100
|-weather|Sandstorm|[from] ability: Sand Stream|[of] p1b: Tyranitar
|turn|1
|inactive|JulesRen has 30 seconds left.
|inactive|JulesRen has 20 seconds left.
|inactive|JulesRen has 15 seconds left.
|inactive|JulesRen has 10 seconds left.
|
|t:|1757044535
|-terastallize|p2b: Glimmora|Grass
|move|p2a: Talonflame|Taunt|p1a: Farigiraf
|-start|p1a: Farigiraf|move: Taunt
|move|p2b: Glimmora|Meteor Beam||[still]
|-prepare|p2b: Glimmora|Meteor Beam
|-boost|p2b: Glimmora|spa|1
|-enditem|p2b: Glimmora|Power Herb
|-anim|p2b: Glimmora|Meteor Beam|p1b: Tyranitar
|-damage|p1b: Tyranitar|57/100
|move|p1b: Tyranitar|Rock Slide|p2b: Glimmora|[spread] p2a,p2b
|-supereffective|p2a: Talonflame
|-damage|p2a: Talonflame|0 fnt
|-damage|p2b: Glimmora|68/100
|-activate|p2b: Glimmora|ability: Toxic Debris
|-sidestart|p1: JulesRen|move: Toxic Spikes
|faint|p2a: Talonflame
|cant|p1a: Farigiraf|move: Taunt|Trick Room
|
|-weather|Sandstorm|[upkeep]
|-damage|p2b: Glimmora|62/100|[from] Sandstorm
|-damage|p1a: Farigiraf|94/100|[from] Sandstorm
|upkeep
|
|t:|1757044557
|switch|p2a: Sneasler|Sneasler, L50, M|100/100
|turn|2
|
|t:|1757044575
|move|p2a: Sneasler|Close Combat|p1b: Tyranitar
|-supereffective|p1b: Tyranitar
|-damage|p1b: Tyranitar|0 fnt
|-unboost|p2a: Sneasler|def|1
|-unboost|p2a: Sneasler|spd|1
|faint|p1b: Tyranitar
|move|p2b: Glimmora|Sludge Bomb|p1a: Farigiraf
|-damage|p1a: Farigiraf|17/100
|move|p1a: Farigiraf|Hyper Voice|p2b: Glimmora|[spread] p2a,p2b
|-damage|p2a: Sneasler|39/100
|-damage|p2b: Glimmora|19/100
|-enditem|p1a: Farigiraf|Throat Spray
|-boost|p1a: Farigiraf|spa|1|[from] item: Throat Spray
|
|-weather|Sandstorm|[upkeep]
|-damage|p2a: Sneasler|33/100|[from] Sandstorm
|-damage|p2b: Glimmora|13/100|[from] Sandstorm
|-damage|p1a: Farigiraf|11/100|[from] Sandstorm
|upkeep
|
|t:|1757044591
|switch|p1b: Sneasler|Sneasler, L50, M|100/100
|-sideend|p1: JulesRen|move: Toxic Spikes|[of] p1b: Sneasler
|turn|3
|inactive|JulesRen has 30 seconds left.
|
|t:|1757044622
|move|p2b: Glimmora|Spiky Shield|p2b: Glimmora
|-singleturn|p2b: Glimmora|move: Protect
|move|p2a: Sneasler|Throat Chop|p1a: Farigiraf
|-supereffective|p1a: Farigiraf
|-crit|p1a: Farigiraf
|-damage|p1a: Farigiraf|0 fnt
|faint|p1a: Farigiraf
|move|p1b: Sneasler|Close Combat|p2b: Glimmora
|-activate|p2b: Glimmora|move: Protect
|-damage|p1b: Sneasler|88/100|[from] Spiky Shield|[of] p2b: Glimmora
|
|-weather|Sandstorm|[upkeep]
|-damage|p2a: Sneasler|27/100|[from] Sandstorm
|-damage|p1b: Sneasler|82/100|[from] Sandstorm
|-damage|p2b: Glimmora|7/100|[from] Sandstorm
|upkeep
|
|t:|1757044626
|switch|p1a: Garchomp|Garchomp, L50, M|100/100
|turn|4
|
|t:|1757044639
|move|p2a: Sneasler|Protect|p2a: Sneasler
|-singleturn|p2a: Sneasler|Protect
|move|p1b: Sneasler|Protect|p1b: Sneasler
|-singleturn|p1b: Sneasler|Protect
|move|p1a: Garchomp|Earthquake|p2b: Glimmora|[spread] p2b
|-activate|p1b: Sneasler|move: Protect
|-activate|p2a: Sneasler|move: Protect
|-resisted|p2b: Glimmora
|-crit|p2b: Glimmora
|-damage|p2b: Glimmora|0 fnt
|-activate|p2b: Glimmora|ability: Toxic Debris
|-sidestart|p1: JulesRen|move: Toxic Spikes
|faint|p2b: Glimmora
|
|-weather|Sandstorm|[upkeep]
|-damage|p2a: Sneasler|21/100|[from] Sandstorm
|-damage|p1b: Sneasler|76/100|[from] Sandstorm
|upkeep
|
|t:|1757044646
|switch|p2b: Indeedee|Indeedee, L50, M|100/100
|-fieldstart|move: Psychic Terrain|[from] ability: Psychic Surge|[of] p2b: Indeedee
|-enditem|p2a: Sneasler|Psychic Seed
|-boost|p2a: Sneasler|spd|1|[from] item: Psychic Seed
|turn|5
|
|t:|1757044667
|-terastallize|p1a: Garchomp|Fire
|move|p2a: Sneasler|Close Combat|p1b: Sneasler
|-resisted|p1b: Sneasler
|-damage|p1b: Sneasler|34/100
|-unboost|p2a: Sneasler|def|1
|-unboost|p2a: Sneasler|spd|1
|move|p2b: Indeedee|Expanding Force|p1b: Sneasler|[spread] p1a,p1b
|-supereffective|p1b: Sneasler
|-damage|p1a: Garchomp|47/100
|-damage|p1b: Sneasler|0 fnt
|faint|p1b: Sneasler
|move|p1a: Garchomp|Earthquake|p2b: Indeedee|[spread] p2a,p2b
|-supereffective|p2a: Sneasler
|-damage|p2a: Sneasler|0 fnt
|-damage|p2b: Indeedee|20/100
|faint|p2a: Sneasler
|
|-weather|none
|upkeep
|turn|6
|
|t:|1757044682
|move|p2b: Indeedee|Expanding Force|p1a: Garchomp
|-damage|p1a: Garchomp|0 fnt
|faint|p1a: Garchomp
|
|win|MinasDevilCrobats
||JulesRen is ready for game 3.
|inactive|MinasDevilCrobats has 30 seconds to confirm battle start!
||MinasDevilCrobats is ready for game 3.
|uhtml|next|Next: Game 3 of 3
