|j|☆WolfofSigmar
|j|☆tk_feenix
|html|WolfofSigmartk_feenix    
|uhtml|bestof|Game 1 of a best-of-3
|t:|1757053883
|gametype|doubles
|player|p1|WolfofSigmar|ogreclan|1120
|player|p2|tk_feenix|steven|1146
|gen|9
|tier|[Gen 9] VGC 2025 Reg H (Bo3)
|rated|
|rule|Species Clause: Limit one of each Pokémon
|rule|Item Clause: Limit 1 of each item
|clearpoke
|poke|p1|Gholdengo, L50|
|poke|p1|Glimmora, L50, M|
|poke|p1|Rillaboom, L50, F|
|poke|p1|Sneasler, L50, F|
|poke|p1|Whimsicott, L50, F|
|poke|p1|Kingambit, L50, F|
|poke|p2|Archaludon, L50, F|
|poke|p2|Gholdengo, L50|
|poke|p2|Pelipper, L50, F|
|poke|p2|Ursaluna, L50, F|
|poke|p2|Sinistcha, L50|
|poke|p2|Dragonite, L50, M|
|teampreview|4
|showteam|p1|Gholdengo||Leftovers|GoodasGold|MakeItRain,ShadowBall,NastyPlot,Protect||||||50|,,,,,Dragon]Glimmora||PowerHerb|ToxicDebris|MeteorBeam,SludgeBomb,EarthPower,SpikyShield|||M|||50|,,,,,Grass]Rillaboom||AssaultVest|GrassySurge|FakeOut,WoodHammer,GrassyGlide,Uturn|||F|||50|,,,,,Grass]Sneasler||FocusSash|Unburden|DireClaw,CloseCombat,FakeOut,Protect|||F|||50|,,,,,Stellar]Whimsicott||CovertCloak|Prankster|Moonblast,Tailwind,Encore,FakeTears|||F|||50|,,,,,Water]Kingambit||BlackGlasses|Defiant|KowtowCleave,SuckerPunch,Protect,SwordsDance|||F|||50|,,,,,Dark
|showteam|p2|Archaludon||AssaultVest|Stamina|FlashCannon,ElectroShot,BodyPress,Snarl|||F|||50|,,,,,Fighting]Gholdengo||ChoiceScarf|GoodasGold|MakeItRain,ShadowBall,ThunderWave,Trick||||||50|,,,,,Flying]Pelipper||SafetyGoggles|Drizzle|WeatherBall,Hurricane,Tailwind,Protect|||F|||50|,,,,,Steel]Ursaluna||FlameOrb|Guts|Facade,HeadlongRush,Earthquake,Protect|||F|||50|,,,,,Dragon]Sinistcha||SitrusBerry|Hospitality|MatchaGotcha,LifeDew,RagePowder,TrickRoom||||||50|,,,,,Fire]Dragonite||LoadedDice|Multiscale|ScaleShot,Tailwind,Haze,Protect|||M|||50|,,,,,Fairy
|inactive|Battle timer is ON: inactive players will automatically lose when time's up. (requested by WolfofSigmar)
|inactive|tk_feenix also wants the timer to be on.
|inactive|tk_feenix has 60 seconds left.
|
|t:|1757053927
|teamsize|p1|4
|teamsize|p2|4
|start
|switch|p1a: Sneasler|Sneasler, L50, F|100/100
|switch|p1b: Glimmora|Glimmora, L50, M|100/100
|switch|p2a: Dragonite|Dragonite, L50, M|100/100
|switch|p2b: Gholdengo|Gholdengo, L50|100/100
|turn|1
|inactive|tk_feenix has 30 seconds left.
|
|t:|1757053953
|move|p2b: Gholdengo|Make It Rain|p1b: Glimmora|[spread] p1a,p1b
|-crit|p1a: Sneasler
|-supereffective|p1b: Glimmora
|-crit|p1b: Glimmora
|-enditem|p1a: Sneasler|Focus Sash
|-damage|p1a: Sneasler|1/100
|-damage|p1b: Glimmora|0 fnt
|-unboost|p2b: Gholdengo|spa|1
|faint|p1b: Glimmora
|move|p1a: Sneasler|Dire Claw|p2a: Dragonite
|-damage|p2a: Dragonite|80/100
|-status|p2a: Dragonite|slp
|cant|p2a: Dragonite|slp
|
|upkeep
|
|t:|1757053962
|switch|p1b: Whimsicott|Whimsicott, L50, F|100/100
|turn|2
|
|t:|1757053981
|-terastallize|p1b: Whimsicott|Water
|move|p1b: Whimsicott|Tailwind|p1b: Whimsicott
|-sidestart|p1: WolfofSigmar|move: Tailwind
|move|p1a: Sneasler|Dire Claw|p2a: Dragonite
|-damage|p2a: Dragonite|32/100 slp
|move|p2b: Gholdengo|Make It Rain|p1b: Whimsicott|[spread] p1a,p1b
|-resisted|p1b: Whimsicott
|-damage|p1a: Sneasler|0 fnt
|-damage|p1b: Whimsicott|79/100
|-unboost|p2b: Gholdengo|spa|1
|faint|p1a: Sneasler
|cant|p2a: Dragonite|slp
|
|upkeep
|
|t:|1757053991
|switch|p1a: Gholdengo|Gholdengo, L50|100/100
|turn|3
|
|t:|1757054001
|switch|p2b: Pelipper|Pelipper, L50, F|100/100
|-weather|RainDance|[from] ability: Drizzle|[of] p2b: Pelipper
|cant|p2a: Dragonite|slp
|move|p1b: Whimsicott|Moonblast|p2a: Dragonite
|-supereffective|p2a: Dragonite
|-damage|p2a: Dragonite|0 fnt
|faint|p2a: Dragonite
|move|p1a: Gholdengo|Nasty Plot|p1a: Gholdengo
|-boost|p1a: Gholdengo|spa|2
|
|-weather|RainDance|[upkeep]
|upkeep
|
|t:|1757054014
|switch|p2a: Gholdengo|Gholdengo, L50|100/100
|turn|4
|inactive|tk_feenix has 30 seconds left.
|
|t:|1757054047
|-terastallize|p2a: Gholdengo|Flying
|move|p1b: Whimsicott|Fake Tears|p2b: Pelipper
|-unboost|p2b: Pelipper|spd|2
|move|p1a: Gholdengo|Make It Rain|p2b: Pelipper|[spread] p2a,p2b
|-resisted|p2b: Pelipper
|-damage|p2a: Gholdengo|0 fnt
|-damage|p2b: Pelipper|7/100
|-unboost|p1a: Gholdengo|spa|1
|faint|p2a: Gholdengo
|move|p2b: Pelipper|Tailwind|p2b: Pelipper
|-sidestart|p2: tk_feenix|move: Tailwind
|
|-weather|RainDance|[upkeep]
|upkeep
|
|t:|1757054059
|switch|p2a: Archaludon|Archaludon, L50, F|100/100
|turn|5
|inactive|tk_feenix has 30 seconds left.
|
|t:|1757054097
|move|p1b: Whimsicott|Fake Tears|p2a: Archaludon
|-unboost|p2a: Archaludon|spd|2
|move|p1a: Gholdengo|Shadow Ball|p2a: Archaludon
|-damage|p2a: Archaludon|25/100
|-unboost|p2a: Archaludon|spd|1
|-ability|p2a: Archaludon|Stamina|boost
|-boost|p2a: Archaludon|def|1
|move|p2a: Archaludon|Snarl|p1b: Whimsicott|[spread] p1a,p1b
|-supereffective|p1a: Gholdengo
|-damage|p1a: Gholdengo|80/100
|-damage|p1b: Whimsicott|66/100
|-unboost|p1a: Gholdengo|spa|1
|move|p2b: Pelipper|Weather Ball|p1a: Gholdengo
|-damage|p1a: Gholdengo|29/100
|
|-weather|RainDance|[upkeep]
|-heal|p1a: Gholdengo|35/100|[from] item: Leftovers
|-sideend|p1: WolfofSigmar|move: Tailwind
|upkeep
|turn|6
|
|t:|1757054117
|move|p1b: Whimsicott|Tailwind|p1b: Whimsicott
|-sidestart|p1: WolfofSigmar|move: Tailwind
|move|p1a: Gholdengo|Make It Rain|p2b: Pelipper|[spread] p2a,p2b
|-resisted|p2a: Archaludon
|-resisted|p2b: Pelipper
|-damage|p2a: Archaludon|0 fnt
|-damage|p2b: Pelipper|0 fnt
|-unboost|p1a: Gholdengo|spa|1
|faint|p2a: Archaludon
|faint|p2b: Pelipper
|
|win|WolfofSigmar
||WolfofSigmar is ready for game 2.
||tk_feenix is ready for game 2.
|uhtml|next|Next: Game 2 of 3
