|j|☆bimbo mafioso
|j|☆Arkhept
|html|bimbo mafiosoArkhept    
|uhtml|bestof|Game 2 of a best-of-3
|t:|1756759901
|gametype|doubles
|player|p1|bimbo mafioso|swimmerf|1156
|player|p2|Arkhept|misty|1308
|gen|9
|tier|[Gen 9] VGC 2025 Reg H (Bo3)
|rated|
|rule|Species Clause: Limit one of each Pokémon
|rule|Item Clause: Limit 1 of each item
|clearpoke
|poke|p1|Gholdengo, L50|
|poke|p1|Amoonguss, L50, M|
|poke|p1|Basculegion, L50, M|
|poke|p1|Pelipper, L50, M|
|poke|p1|Incineroar, L50, F|
|poke|p1|Archaludon, L50, F|
|poke|p2|Milotic, L50, F|
|poke|p2|Tyranitar, L50, F|
|poke|p2|Talonflame, L50, F|
|poke|p2|Garchomp, L50, F|
|poke|p2|Amoonguss, L50, F|
|poke|p2|Gholdengo, L50|
|teampreview|4
|showteam|p1|Gholdengo||LifeOrb|GoodasGold|MakeItRain,ShadowBall,NastyPlot,Protect||||||50|,,,,,Water]Amoonguss||SitrusBerry|Regenerator|Spore,RagePowder,PollenPuff,Protect|||M|||50|,,,,,Water]Basculegion||ChoiceBand|SwiftSwim|WaveCrash,AquaJet,LastRespects,FlipTurn|||M|||50|,,,,,Water]Pelipper||FocusSash|Drizzle|WeatherBall,Hurricane,Tailwind,Protect|||M|||50|,,,,,Ground]Incineroar||SafetyGoggles|Intimidate|FakeOut,KnockOff,Taunt,PartingShot|||F|||50|,,,,,Ghost]Archaludon||AssaultVest|Stamina|ElectroShot,FlashCannon,DracoMeteor,BodyPress|||F|||50|,,,,,Bug
|showteam|p2|Milotic||SafetyGoggles|Competitive|Scald,IcyWind,Haze,Protect|||F|||50|,,,,,Dragon]Tyranitar||AssaultVest|SandStream|RockSlide,KnockOff,LowKick,TeraBlast|||F|||50|,,,,,Flying]Talonflame||CovertCloak|GaleWings|BraveBird,Tailwind,WillOWisp,Taunt|||F|||50|,,,,,Ghost]Garchomp||LifeOrb|RoughSkin|Protect,StompingTantrum,Earthquake,DragonClaw|||F|||50|,,,,,Steel]Amoonguss||SitrusBerry|Regenerator|Protect,RagePowder,Spore,PollenPuff|||F|||50|,,,,,Water]Gholdengo||IronPlate|GoodasGold|MakeItRain,ShadowBall,NastyPlot,Protect||||||50|,,,,,Flying
|inactive|Battle timer is ON: inactive players will automatically lose when time's up. (requested by bimbo mafioso)
|
|t:|1756759922
|teamsize|p1|4
|teamsize|p2|4
|start
|switch|p1a: Incineroar|Incineroar, L50, F|100/100
|switch|p1b: Archaludon|Archaludon, L50, F|100/100
|switch|p2a: Talonflame|Talonflame, L50, F|100/100
|switch|p2b: Milotic|Milotic, L50, F|100/100
|-ability|p1a: Incineroar|Intimidate|boost
|-unboost|p2a: Talonflame|atk|1
|-unboost|p2b: Milotic|atk|1
|-ability|p2b: Milotic|Competitive|boost
|-boost|p2b: Milotic|spa|2
|turn|1
|inactive|bimbo mafioso has 30 seconds left.
|inactive|bimbo mafioso has 20 seconds left.
|inactive|bimbo mafioso has 15 seconds left.
|
|t:|1756759965
|switch|p1a: Pelipper|Pelipper, L50, M|100/100
|-weather|RainDance|[from] ability: Drizzle|[of] p1a: Pelipper
|move|p2b: Milotic|Protect|p2b: Milotic
|-singleturn|p2b: Milotic|Protect
|move|p2a: Talonflame|Tailwind|p2a: Talonflame
|-sidestart|p2: Arkhept|move: Tailwind
|move|p1b: Archaludon|Electro Shot||[still]
|-prepare|p1b: Archaludon|Electro Shot
|-boost|p1b: Archaludon|spa|1
|-anim|p1b: Archaludon|Electro Shot|p2b: Milotic
|-activate|p2b: Milotic|move: Protect
|
|-weather|RainDance|[upkeep]
|upkeep
|turn|2
|inactive|Arkhept has 30 seconds left.
|
|t:|1756759994
|switch|p2a: Tyranitar|Tyranitar, L50, F|100/100
|-weather|Sandstorm|[from] ability: Sand Stream|[of] p2a: Tyranitar
|move|p1a: Pelipper|Protect|p1a: Pelipper
|-singleturn|p1a: Pelipper|Protect
|move|p2b: Milotic|Icy Wind|p1a: Pelipper|[spread] p1b
|-activate|p1a: Pelipper|move: Protect
|-damage|p1b: Archaludon|86/100
|-unboost|p1b: Archaludon|spe|1
|-ability|p1b: Archaludon|Stamina|boost
|-boost|p1b: Archaludon|def|1
|move|p1b: Archaludon|Draco Meteor|p2b: Milotic
|-damage|p2b: Milotic|31/100
|-unboost|p1b: Archaludon|spa|2
|
|-weather|Sandstorm|[upkeep]
|-damage|p1a: Pelipper|95/100|[from] Sandstorm
|upkeep
|turn|3
|inactive|Arkhept has 30 seconds left.
|
|t:|1756760027
|switch|p1a: Amoonguss|Amoonguss, L50, M|100/100
|move|p2b: Milotic|Scald|p1a: Amoonguss
|-resisted|p1a: Amoonguss
|-damage|p1a: Amoonguss|76/100
|move|p2a: Tyranitar|Rock Slide|p1b: Archaludon|[spread] p1a,p1b
|-resisted|p1b: Archaludon
|-damage|p1a: Amoonguss|50/100
|-damage|p1b: Archaludon|78/100
|-ability|p1b: Archaludon|Stamina|boost
|-boost|p1b: Archaludon|def|1
|-enditem|p1a: Amoonguss|Sitrus Berry|[eat]
|-heal|p1a: Amoonguss|75/100|[from] item: Sitrus Berry
|cant|p1b: Archaludon|flinch
|
|-weather|Sandstorm|[upkeep]
|-damage|p1a: Amoonguss|69/100|[from] Sandstorm
|upkeep
|turn|4
|c|☆bimbo mafioso|bruh
|
|t:|1756760049
|move|p2b: Milotic|Icy Wind|p1a: Amoonguss|[spread] p1a,p1b
|-supereffective|p1a: Amoonguss
|-damage|p1a: Amoonguss|35/100
|-damage|p1b: Archaludon|63/100
|-unboost|p1a: Amoonguss|spe|1
|-unboost|p1b: Archaludon|spe|1
|-ability|p1b: Archaludon|Stamina|boost
|-boost|p1b: Archaludon|def|1
|move|p2a: Tyranitar|Knock Off|p1b: Archaludon
|-damage|p1b: Archaludon|44/100
|-ability|p1b: Archaludon|Stamina|boost
|-boost|p1b: Archaludon|def|1
|-enditem|p1b: Archaludon|Assault Vest|[from] move: Knock Off|[of] p2a: Tyranitar
|move|p1b: Archaludon|Body Press|p2b: Milotic
|-crit|p2b: Milotic
|-damage|p2b: Milotic|0 fnt
|faint|p2b: Milotic
|move|p1a: Amoonguss|Spore|p2a: Tyranitar
|-status|p2a: Tyranitar|slp|[from] move: Spore
|
|-weather|Sandstorm|[upkeep]
|-damage|p1a: Amoonguss|29/100|[from] Sandstorm
|-sideend|p2: Arkhept|move: Tailwind
|upkeep
|
|t:|1756760057
|switch|p2b: Talonflame|Talonflame, L50, F|100/100
|turn|5
|
|t:|1756760081
|switch|p1a: Pelipper|Pelipper, L50, M|95/100
|-weather|RainDance|[from] ability: Drizzle|[of] p1a: Pelipper
|-terastallize|p2b: Talonflame|Ghost
|move|p2b: Talonflame|Will-O-Wisp|p1b: Archaludon
|-status|p1b: Archaludon|brn
|cant|p2a: Tyranitar|slp
|move|p1b: Archaludon|Electro Shot||[still]
|-prepare|p1b: Archaludon|Electro Shot
|-boost|p1b: Archaludon|spa|1
|-anim|p1b: Archaludon|Electro Shot|p2b: Talonflame
|-damage|p2b: Talonflame|44/100
|
|-weather|RainDance|[upkeep]
|-damage|p1b: Archaludon|38/100 brn|[from] brn
|upkeep
|turn|6
|
|t:|1756760102
|move|p2b: Talonflame|Tailwind|p2b: Talonflame
|-sidestart|p2: Arkhept|move: Tailwind
|-curestatus|p2a: Tyranitar|slp|[msg]
|move|p2a: Tyranitar|Rock Slide|p1b: Archaludon|[spread] p1a,p1b
|-supereffective|p1a: Pelipper
|-crit|p1a: Pelipper
|-resisted|p1b: Archaludon
|-damage|p1a: Pelipper|0 fnt
|-damage|p1b: Archaludon|34/100 brn
|-ability|p1b: Archaludon|Stamina|boost
|-boost|p1b: Archaludon|def|1
|faint|p1a: Pelipper
|cant|p1b: Archaludon|flinch
|
|-weather|RainDance|[upkeep]
|-damage|p1b: Archaludon|28/100 brn|[from] brn
|upkeep
|c|☆bimbo mafioso|...
|
|t:|1756760115
|switch|p1a: Incineroar|Incineroar, L50, F|100/100
|-ability|p1a: Incineroar|Intimidate|boost
|-unboost|p2a: Tyranitar|atk|1
|-unboost|p2b: Talonflame|atk|1
|turn|7
|
|t:|1756760137
|move|p1a: Incineroar|Fake Out|p2a: Tyranitar
|-resisted|p2a: Tyranitar
|-damage|p2a: Tyranitar|95/100
|move|p2b: Talonflame|Taunt|p1a: Incineroar
|-start|p1a: Incineroar|move: Taunt
|cant|p2a: Tyranitar|flinch
|move|p1b: Archaludon|Body Press|p2a: Tyranitar
|-supereffective|p2a: Tyranitar
|-damage|p2a: Tyranitar|0 fnt
|faint|p2a: Tyranitar
|
|-weather|RainDance|[upkeep]
|-damage|p1b: Archaludon|22/100 brn|[from] brn
|upkeep
|
|t:|1756760140
|switch|p2a: Garchomp|Garchomp, L50, F|100/100
|turn|8
|
|t:|1756760156
|-terastallize|p1a: Incineroar|Ghost
|move|p2b: Talonflame|Brave Bird|p1a: Incineroar
|-damage|p1a: Incineroar|78/100
|-damage|p2b: Talonflame|35/100|[from] Recoil
|move|p2a: Garchomp|Earthquake|p1b: Archaludon|[spread] p2b,p1a,p1b
|-supereffective|p1b: Archaludon
|-damage|p2b: Talonflame|0 fnt
|-damage|p1a: Incineroar|30/100
|-damage|p1b: Archaludon|0 fnt
|faint|p2b: Talonflame
|faint|p1b: Archaludon
|-damage|p2a: Garchomp|91/100|[from] item: Life Orb
|move|p1a: Incineroar|Knock Off|p2a: Garchomp
|-damage|p2a: Garchomp|45/100
|-damage|p1a: Incineroar|18/100|[from] ability: Rough Skin|[of] p2a: Garchomp
|-enditem|p2a: Garchomp|Life Orb|[from] move: Knock Off|[of] p1a: Incineroar
|
|-weather|RainDance|[upkeep]
|upkeep
|
|t:|1756760169
|switch|p1b: Amoonguss|Amoonguss, L50, M|62/100
|turn|9
|
|t:|1756760173
|move|p2a: Garchomp|Earthquake|p1a: Incineroar|[spread] p1a,p1b
|-crit|p1b: Amoonguss
|-damage|p1a: Incineroar|0 fnt
|-damage|p1b: Amoonguss|16/100
|faint|p1a: Incineroar
|move|p1b: Amoonguss|Spore|p2a: Garchomp
|-status|p2a: Garchomp|slp|[from] move: Spore
|
|-weather|none
|-sideend|p2: Arkhept|move: Tailwind
|upkeep
|turn|10
|
|t:|1756760180
|cant|p2a: Garchomp|slp
|move|p1b: Amoonguss|Pollen Puff|p2a: Garchomp
|-damage|p2a: Garchomp|24/100 slp
|
|upkeep
|turn|11
|
|t:|1756760185
|-curestatus|p2a: Garchomp|slp|[msg]
|move|p2a: Garchomp|Earthquake|p1b: Amoonguss
|-damage|p1b: Amoonguss|0 fnt
|faint|p1b: Amoonguss
|
|win|Arkhept
|raw|bimbo mafioso's rating: 1156 → 1141(-15 for losing)
|raw|Arkhept's rating: 1308 → 1320(+12 for winning)
|c|☆Arkhept|sry for this game
