|j|☆Mauricio0609!
|j|☆DyeItTightOfficial
|html|Mauricio0609!DyeItTightOfficial    
|uhtml|bestof|Game 2 of a best-of-3
|t:|1784579244
|gametype|doubles
|player|p1|Mauricio0609!|102|1075
|player|p2|DyeItTightOfficial|blue-gen3two|1000
|gen|9
|tier|[Gen 9 Champions] VGC 2026 Reg M-B (Bo3)
|rated|
|rule|Species Clause: Limit one of each Pokémon
|rule|Item Clause: Limit 1 of each item
|clearpoke
|poke|p1|Farigiraf, L50, M|
|poke|p1|Tyranitar, L50, F|
|poke|p1|Excadrill, L50, F|
|poke|p1|Raichu, L50, F|
|poke|p1|Milotic, L50, M|
|poke|p1|Ceruledge, L50, M|
|poke|p2|Kingambit, L50, F|
|poke|p2|Garchomp, L50, M|
|poke|p2|Aegislash, L50, F|
|poke|p2|Froslass, L50, F|
|poke|p2|Heliolisk, L50, F|
|poke|p2|Clefable, L50, F|
|teampreview|4
|showteam|p1|Farigiraf||SitrusBerry|ArmorTail|Psychic,Roar,TrickRoom,HelpingHand|Modest||M|||50|]Tyranitar||Tyranitarite|SandStream|StoneEdge,Protect,KnockOff,LowKick|Adamant||F|||50|]Excadrill||FocusSash|SandRush|RockSlide,IronHead,Protect,HighHorsepower|Jolly||F|||50|]Raichu||RaichuniteY|LightningRod|GrassKnot,ZapCannon,FocusBlast,Protect|Timid||F|||50|]Milotic||Leftovers|Competitive|IcyWind,Protect,Haze,Scald|Bold||M|||50|]Ceruledge||ColburBerry|FlashFire|BitterBlade,BulkUp,ShadowSneak,Protect|Adamant||M|||50|
|showteam|p2|Kingambit||ChopleBerry|Defiant|IronHead,LowKick,Protect,SuckerPunch|Adamant||F|||50|]Garchomp||LifeOrb|RoughSkin|Earthquake,DragonClaw,RockSlide,Protect|Jolly||M|||50|]Aegislash||OccaBerry|StanceChange|Poltergeist,RockSlide,WideGuard,KingsShield|Adamant||F|||50|]Froslass||Froslassite|SnowCloak|Blizzard,ShadowBall,AuroraVeil,Protect|Timid||F|||50|]Heliolisk||FocusSash|DrySkin|Thunderbolt,WeatherBall,GrassKnot,Electroweb|Timid||F|||50|]Clefable||SitrusBerry|Unaware|Moonblast,Protect,FollowMe,HelpingHand|Calm||F|||50|
|
|t:|1784579265
|teamsize|p1|4
|teamsize|p2|4
|start
|switch|p1a: Ceruledge|Ceruledge, L50, M|100/100
|switch|p1b: Farigiraf|Farigiraf, L50, M|100/100
|switch|p2a: Garchomp|Garchomp, L50, M|100/100
|switch|p2b: Froslass|Froslass, L50, F|100/100
|turn|1
|inactive|Battle timer is ON: inactive players will automatically lose when time's up. (requested by Mauricio0609!)
|
|t:|1784579281
|move|p2b: Froslass|Protect|p2b: Froslass
|-singleturn|p2b: Froslass|Protect
|move|p1a: Ceruledge|Protect|p1a: Ceruledge
|-singleturn|p1a: Ceruledge|Protect
|move|p2a: Garchomp|Earthquake|p1a: Ceruledge|[spread] p1b
|-activate|p2b: Froslass|move: Protect
|-activate|p1a: Ceruledge|move: Protect
|-damage|p1b: Farigiraf|54/100
|-damage|p2a: Garchomp|90/100|[from] item: Life Orb
|move|p1b: Farigiraf|Trick Room|p1b: Farigiraf
|-fieldstart|move: Trick Room|[of] p1b: Farigiraf
|
|upkeep
|turn|2
|
|t:|1784579303
|switch|p2b: Heliolisk|Heliolisk, L50, F|100/100
|move|p1b: Farigiraf|Helping Hand|p1a: Ceruledge
|-singleturn|p1a: Ceruledge|Helping Hand|[of] p1b: Farigiraf
|move|p1a: Ceruledge|Bitter Blade|p2b: Heliolisk
|-enditem|p2b: Heliolisk|Focus Sash
|-damage|p2b: Heliolisk|1/100
|move|p2a: Garchomp|Rock Slide|p1b: Farigiraf|[spread] p1a,p1b
|-supereffective|p1a: Ceruledge|1
|-damage|p1a: Ceruledge|49/100
|-damage|p1b: Farigiraf|31/100
|-enditem|p1b: Farigiraf|Sitrus Berry|[eat]
|-heal|p1b: Farigiraf|56/100|[from] item: Sitrus Berry
|-damage|p2a: Garchomp|80/100|[from] item: Life Orb
|
|upkeep
|turn|3
|inactive|DyeItTightOfficial has 30 seconds left.
|
|t:|1784579328
|move|p1a: Ceruledge|Shadow Sneak|p2b: Heliolisk
|-immune|p2b: Heliolisk
|move|p1b: Farigiraf|Psychic|p2a: Garchomp
|-damage|p2a: Garchomp|33/100
|move|p2a: Garchomp|Earthquake|p1a: Ceruledge|[spread] p2b,p1a,p1b
|-supereffective|p2b: Heliolisk|1
|-supereffective|p1a: Ceruledge|1
|-damage|p2b: Heliolisk|0 fnt
|-damage|p1a: Ceruledge|0 fnt
|-damage|p1b: Farigiraf|13/100
|faint|p2b: Heliolisk
|faint|p1a: Ceruledge
|-damage|p2a: Garchomp|23/100|[from] item: Life Orb
|
|upkeep
|
|t:|1784579341
|switch|p1a: Tyranitar|Tyranitar, L50, F|100/100
|switch|p2b: Kingambit|Kingambit, L50, F|100/100
|-weather|Sandstorm|[from] ability: Sand Stream|[of] p1a: Tyranitar
|turn|4
|
|t:|1784579359
|move|p2b: Kingambit|Low Kick|p1a: Tyranitar
|-supereffective|p1a: Tyranitar|2
|-damage|p1a: Tyranitar|0 fnt
|faint|p1a: Tyranitar
|move|p1b: Farigiraf|Psychic|p2a: Garchomp
|-damage|p2a: Garchomp|0 fnt
|faint|p2a: Garchomp
|
|-weather|Sandstorm|[upkeep]
|-damage|p1b: Farigiraf|7/100|[from] Sandstorm
|upkeep
|
|t:|1784579368
|switch|p1a: Excadrill|Excadrill, L50, F|100/100
|switch|p2a: Froslass|Froslass, L50, F|100/100
|turn|5
|
|t:|1784579390
|detailschange|p2a: Froslass|Froslass-Mega, L50, F
|-mega|p2a: Froslass|Froslass|Froslassite
|-weather|Snowscape|[from] ability: Snow Warning|[of] p2a: Froslass
|move|p2a: Froslass|Protect|p2a: Froslass
|-singleturn|p2a: Froslass|Protect
|move|p2b: Kingambit|Low Kick|p1a: Excadrill
|-supereffective|p1a: Excadrill|1
|-damage|p1a: Excadrill|30/100
|move|p1b: Farigiraf|Psychic|p2a: Froslass
|-activate|p2a: Froslass|move: Protect
|move|p1a: Excadrill|High Horsepower|p2b: Kingambit
|-supereffective|p2b: Kingambit|1
|-damage|p2b: Kingambit|22/100
|
|-weather|Snowscape|[upkeep]
|-fieldend|move: Trick Room
|upkeep
|turn|6
|inactive|DyeItTightOfficial has 30 seconds left.
|
|t:|1784579420
|move|p1b: Farigiraf|Helping Hand|p1a: Excadrill
|-singleturn|p1a: Excadrill|Helping Hand|[of] p1b: Farigiraf
|move|p2b: Kingambit|Protect|p2b: Kingambit
|-singleturn|p2b: Kingambit|Protect
|move|p2a: Froslass|Blizzard|p1a: Excadrill|[spread] p1a,p1b
|-damage|p1a: Excadrill|0 fnt
|-damage|p1b: Farigiraf|0 fnt
|faint|p1a: Excadrill
|faint|p1b: Farigiraf
|
|win|DyeItTightOfficial
||Mauricio0609! is ready for game 3.
||DyeItTightOfficial is ready for game 3.
|uhtml|next|Next: Game 3 of 3
