|j|☆dyd666
|j|☆irluke
|html|dyd666irluke    
|uhtml|bestof|Game 3 of a best-of-3
|t:|1756158836
|gametype|doubles
|player|p1|dyd666|265|1168
|player|p2|irluke|n|1235
|gen|9
|tier|[Gen 9] VGC 2025 Reg H (Bo3)
|rated|
|rule|Species Clause: Limit one of each Pokémon
|rule|Item Clause: Limit 1 of each item
|clearpoke
|poke|p1|Archaludon, L50, F|
|poke|p1|Pelipper, L50, F|
|poke|p1|Blastoise, L50, M|
|poke|p1|Maushold, L50|
|poke|p1|Sneasler, L50, M|
|poke|p1|Indeedee-F, L50, F|
|poke|p2|Clefable, L50, M|
|poke|p2|Baxcalibur, L50, F|
|poke|p2|Sneasler, L50, F|
|poke|p2|Incineroar, L50, M|
|poke|p2|Gholdengo, L50|
|poke|p2|Pelipper, L50, F|
|teampreview|4
|showteam|p1|Archaludon||AssaultVest|Stamina|FlashCannon,ElectroShot,DracoMeteor,BodyPress|||F|||50|,,,,,Ghost]Pelipper||ChoiceScarf|Drizzle|Hurricane,WeatherBall,Tailwind,Uturn|||F|||50|,,,,,Ghost]Blastoise||SplashPlate|Torrent|WaterSpout,HydroPump,ShellSmash,Protect|||M|||50|,,,,,Water]Maushold||WideLens|Technician|PopulationBomb,Taunt,Bite,Protect||||||50|,,,,,Ghost]Sneasler||PsychicSeed|Unburden|DireClaw,CloseCombat,Acrobatics,Protect|||M|||50|,,,,,Flying]Indeedee-F||SitrusBerry|PsychicSurge|Psychic,TrickRoom,HelpingHand,FollowMe|||F|||50|,,,,,Fairy
|showteam|p2|Clefable||SafetyGoggles|Unaware|FollowMe,Moonblast,LifeDew,Protect|||M|||50|,,,,,Water]Baxcalibur||LoadedDice|ThermalExchange|IcicleSpear,ScaleShot,HighHorsepower,Protect|||F|||50|,,,,,Poison]Sneasler||FocusSash|Unburden|Coaching,CloseCombat,DireClaw,Protect|||F|||50|,,,,,Stellar]Incineroar||AssaultVest|Intimidate|FakeOut,KnockOff,FlareBlitz,Uturn|||M|||50|,,,,,Ghost]Gholdengo||MetalCoat|GoodasGold|MakeItRain,ShadowBall,Protect,NastyPlot||||||50|,,,,,Water]Pelipper||CovertCloak|Drizzle|WeatherBall,Hurricane,WideGuard,Protect|||F|||50|,,,,,Grass
|inactive|Battle timer is ON: inactive players will automatically lose when time's up. (requested by irluke)
|inactive|dyd666 has 60 seconds left.
|inactive|dyd666 has 30 seconds left.
|
|t:|1756158901
|teamsize|p1|4
|teamsize|p2|4
|start
|switch|p1a: Pelipper|Pelipper, L50, F|100/100
|switch|p1b: Blastoise|Blastoise, L50, M|100/100
|switch|p2a: 99% Quit|Sneasler, L50, F|100/100
|switch|p2b: OH YEAH|Gholdengo, L50|100/100
|-weather|RainDance|[from] ability: Drizzle|[of] p1a: Pelipper
|turn|1
|inactive|irluke has 30 seconds left.
|
|t:|1756158935
|-terastallize|p2b: OH YEAH|Water
|-terastallize|p1b: Blastoise|Water
|move|p1a: Pelipper|Tailwind|p1a: Pelipper
|-sidestart|p1: dyd666|move: Tailwind
|move|p1b: Blastoise|Water Spout|p2b: OH YEAH|[spread] p2a,p2b
|-resisted|p2b: OH YEAH
|-enditem|p2a: 99% Quit|Focus Sash
|-damage|p2a: 99% Quit|1/100
|-damage|p2b: OH YEAH|47/100
|move|p2a: 99% Quit|Close Combat|p1b: Blastoise
|-damage|p1b: Blastoise|36/100
|-unboost|p2a: 99% Quit|def|1
|-unboost|p2a: 99% Quit|spd|1
|move|p2b: OH YEAH|Nasty Plot|p2b: OH YEAH
|-boost|p2b: OH YEAH|spa|2
|
|-weather|RainDance|[upkeep]
|upkeep
|turn|2
|inactive|dyd666 has 30 seconds left.
|inactive|irluke has 30 seconds left.
|inactive|dyd666 has 20 seconds left.
|
|t:|1756158973
|switch|p1a: Archaludon|Archaludon, L50, F|100/100
|move|p2a: 99% Quit|Close Combat|p1a: Archaludon
|-supereffective|p1a: Archaludon
|-damage|p1a: Archaludon|11/100
|-unboost|p2a: 99% Quit|def|1
|-unboost|p2a: 99% Quit|spd|1
|-ability|p1a: Archaludon|Stamina|boost
|-boost|p1a: Archaludon|def|1
|move|p1b: Blastoise|Hydro Pump|p2b: OH YEAH
|-resisted|p2b: OH YEAH
|-damage|p2b: OH YEAH|0 fnt
|faint|p2b: OH YEAH
|
|-weather|RainDance|[upkeep]
|upkeep
|
|t:|1756158987
|switch|p2b: Look. At. Me.|Clefable, L50, M|100/100
|turn|3
|
|t:|1756159001
|move|p2b: Look. At. Me.|Follow Me|p2b: Look. At. Me.
|-singleturn|p2b: Look. At. Me.|move: Follow Me
|move|p2a: 99% Quit|Close Combat|p1b: Blastoise
|-damage|p1b: Blastoise|0 fnt
|-unboost|p2a: 99% Quit|def|1
|-unboost|p2a: 99% Quit|spd|1
|faint|p1b: Blastoise
|move|p1a: Archaludon|Electro Shot||[still]
|-prepare|p1a: Archaludon|Electro Shot
|-boost|p1a: Archaludon|spa|1
|-anim|p1a: Archaludon|Electro Shot|p2b: Look. At. Me.
|-damage|p2b: Look. At. Me.|65/100
|
|-weather|RainDance|[upkeep]
|upkeep
|
|t:|1756159015
|switch|p1b: Maushold|Maushold, L50|100/100
|turn|4
|
|t:|1756159025
|move|p2b: Look. At. Me.|Follow Me|p2b: Look. At. Me.
|-singleturn|p2b: Look. At. Me.|move: Follow Me
|move|p2a: 99% Quit|Close Combat|p1b: Maushold
|-supereffective|p1b: Maushold
|-damage|p1b: Maushold|0 fnt
|-unboost|p2a: 99% Quit|def|1
|-unboost|p2a: 99% Quit|spd|1
|faint|p1b: Maushold
|move|p1a: Archaludon|Electro Shot||[still]
|-prepare|p1a: Archaludon|Electro Shot
|-boost|p1a: Archaludon|spa|1
|-anim|p1a: Archaludon|Electro Shot|p2b: Look. At. Me.
|-damage|p2b: Look. At. Me.|34/100
|
|-weather|RainDance|[upkeep]
|-sideend|p1: dyd666|move: Tailwind
|upkeep
|
|t:|1756159039
|switch|p1b: Pelipper|Pelipper, L50, F|100/100
|turn|5
|inactive|irluke has 30 seconds left.
|inactive|irluke has 20 seconds left.
|inactive|irluke has 15 seconds left.
|inactive|irluke has 10 seconds left.
|
|t:|1756159089
|move|p2b: Look. At. Me.|Protect|p2b: Look. At. Me.
|-singleturn|p2b: Look. At. Me.|Protect
|move|p2a: 99% Quit|Close Combat|p1a: Archaludon
|-supereffective|p1a: Archaludon
|-damage|p1a: Archaludon|0 fnt
|-unboost|p2a: 99% Quit|def|1
|-unboost|p2a: 99% Quit|spd|1
|faint|p1a: Archaludon
|move|p1b: Pelipper|Hurricane|p2a: 99% Quit
|-supereffective|p2a: 99% Quit
|-crit|p2a: 99% Quit
|-damage|p2a: 99% Quit|0 fnt
|faint|p2a: 99% Quit
|
|-weather|none
|upkeep
|
|t:|1756159099
|switch|p2a: I hate it|Incineroar, L50, M, shiny|100/100
|-ability|p2a: I hate it|Intimidate|boost
|-unboost|p1b: Pelipper|atk|1
|turn|6
|
|t:|1756159108
|move|p1b: Pelipper|Hurricane|p2b: Look. At. Me.|[miss]
|-miss|p1b: Pelipper|p2b: Look. At. Me.
|move|p2a: I hate it|Knock Off|p1b: Pelipper
|-damage|p1b: Pelipper|45/100
|-enditem|p1b: Pelipper|Choice Scarf|[from] move: Knock Off|[of] p2a: I hate it
|move|p2b: Look. At. Me.|Moonblast|p1b: Pelipper
|-damage|p1b: Pelipper|0 fnt
|faint|p1b: Pelipper
|
|win|irluke
|raw|dyd666's rating: 1168 → 1148(-20 for losing)
|raw|irluke's rating: 1235 → 1255(+20 for winning)
|l|☆dyd666
|player|p1|
