|j|☆TeachMeHow2Hoopa
|j|☆yueyuea
|html|TeachMeHow2Hoopayueyuea    
|uhtml|bestof|Game 1 of a best-of-3
|t:|1784522890
|gametype|doubles
|player|p1|TeachMeHow2Hoopa|silver|1157
|player|p2|yueyuea|265|1291
|gen|9
|tier|[Gen 9 Champions] VGC 2026 Reg M-B (Bo3)
|rated|
|rule|Species Clause: Limit one of each Pokémon
|rule|Item Clause: Limit 1 of each item
|clearpoke
|poke|p1|Pidgeot, L50, M|
|poke|p1|Excadrill, L50, F|
|poke|p1|Tyranitar, L50, F|
|poke|p1|Tsareena, L50, F|
|poke|p1|Gholdengo, L50|
|poke|p1|Rotom-Wash, L50|
|poke|p2|Charizard, L50, F|
|poke|p2|Venusaur, L50, M|
|poke|p2|Toxapex, L50, F|
|poke|p2|Incineroar, L50, M|
|poke|p2|Garchomp, L50, F|
|poke|p2|Mamoswine, L50, F|
|teampreview|4
|showteam|p1|Pidgeot||Pidgeotite|BigPecks|Hurricane,HeatWave,Tailwind,Protect|Timid||M|||50|]Excadrill||FocusSash|SandRush|Earthquake,IronHead,RockSlide,Protect|Adamant||F|||50|]Tyranitar||Tyranitarite|SandStream|RockSlide,KnockOff,Protect,LowKick|Adamant||F|||50|]Tsareena||ChoiceScarf|QueenlyMajesty|PowerWhip,TripleAxel,Uturn,LowKick|Jolly||F|||50|]Gholdengo||Leftovers|GoodasGold|ShadowBall,MakeItRain,NastyPlot,Protect|Modest|||||50|]Rotom-Wash||SitrusBerry|Levitate|HydroPump,Thunderbolt,WillOWisp,Protect|Bold|||||50|
|showteam|p2|Charizard||CharizarditeY|Blaze|HeatWave,Protect,HelpingHand,WeatherBall|Timid||F|||50|]Venusaur||LifeOrb|Chlorophyll|EarthPower,LeafStorm,SludgeBomb,Protect|Modest||M|||50|]Toxapex||Leftovers|Regenerator|WideGuard,BanefulBunker,Toxic,Infestation|Bold||F|||50|]Incineroar||SitrusBerry|Intimidate|FakeOut,ThroatChop,FlareBlitz,PartingShot|Impish||M|||50|]Garchomp||ChoiceScarf|RoughSkin|DragonClaw,Earthquake,RockSlide,StompingTantrum|Adamant||F|||50|]Mamoswine||FocusSash|Oblivious|RockTomb,IceShard,Protect,HighHorsepower|Adamant||F|||50|
|
|t:|1784522910
|teamsize|p1|4
|teamsize|p2|4
|start
|switch|p1a: Excadrill|Excadrill, L50, F|100/100
|switch|p1b: Tsareena|Tsareena, L50, F|100/100
|switch|p2a: Charizard|Charizard, L50, F|100/100
|switch|p2b: Garchomp|Garchomp, L50, F|100/100
|turn|1
|
|t:|1784522925
|move|p2a: Charizard|Protect|p2a: Charizard
|-singleturn|p2a: Charizard|Protect
|move|p1a: Excadrill|Protect|p1a: Excadrill
|-singleturn|p1a: Excadrill|Protect
|move|p2b: Garchomp|Earthquake|p1a: Excadrill|[spread] p1b
|-activate|p2a: Charizard|move: Protect
|-activate|p1a: Excadrill|move: Protect
|-resisted|p1b: Tsareena|1
|-damage|p1b: Tsareena|71/100
|move|p1b: Tsareena|Triple Axel|p2b: Garchomp
|-supereffective|p2b: Garchomp|2
|-damage|p2b: Garchomp|71/100
|-damage|p1b: Tsareena|59/100|[from] ability: Rough Skin|[of] p2b: Garchomp
|-supereffective|p2b: Garchomp|2
|-damage|p2b: Garchomp|20/100r
|-damage|p1b: Tsareena|47/100|[from] ability: Rough Skin|[of] p2b: Garchomp
|-supereffective|p2b: Garchomp|2
|-damage|p2b: Garchomp|0 fnt
|-damage|p1b: Tsareena|35/100|[from] ability: Rough Skin|[of] p2b: Garchomp
|faint|p2b: Garchomp
|-hitcount|p2: Garchomp|3
|
|upkeep
|
|t:|1784522945
|switch|p2b: Venusaur|Venusaur, L50, M|100/100
|turn|2
|
|t:|1784522952
|switch|p2a: Incineroar|Incineroar, L50, M|100/100
|-ability|p2a: Incineroar|Intimidate|boost
|-unboost|p1a: Excadrill|atk|1
|-unboost|p1b: Tsareena|atk|1
|move|p1b: Tsareena|Triple Axel|p2a: Incineroar
|-resisted|p2a: Incineroar|1
|-damage|p2a: Incineroar|98/100
|-resisted|p2a: Incineroar|1
|-damage|p2a: Incineroar|94/100
|-hitcount|p2a: Incineroar|2
|move|p1a: Excadrill|Rock Slide|p2b: Venusaur|[spread] p2a,p2b
|-supereffective|p2a: Incineroar|1
|-damage|p2a: Incineroar|73/100
|-damage|p2b: Venusaur|80/100
|move|p2b: Venusaur|Earth Power|p1a: Excadrill
|-supereffective|p1a: Excadrill|1
|-enditem|p1a: Excadrill|Focus Sash
|-damage|p1a: Excadrill|1/100
|-damage|p2b: Venusaur|70/100|[from] item: Life Orb
|
|upkeep
|turn|3
|
|t:|1784522973
|switch|p1b: Tyranitar|Tyranitar, L50, F|100/100
|-weather|Sandstorm|[from] ability: Sand Stream|[of] p1b: Tyranitar
|switch|p1a: Gholdengo|Gholdengo, L50|100/100
|move|p2a: Incineroar|Fake Out|p1a: Gholdengo
|-immune|p1a: Gholdengo
|move|p2b: Venusaur|Sludge Bomb|p1b: Tyranitar
|-resisted|p1b: Tyranitar|1
|-damage|p1b: Tyranitar|82/100
|-damage|p2b: Venusaur|61/100|[from] item: Life Orb
|
|-weather|Sandstorm|[upkeep]
|-damage|p2b: Venusaur|55/100|[from] Sandstorm
|-damage|p2a: Incineroar|68/100|[from] Sandstorm
|upkeep
|turn|4
|
|t:|1784522997
|move|p2b: Venusaur|Earth Power|p1b: Tyranitar
|-supereffective|p1b: Tyranitar|1
|-crit|p1b: Tyranitar
|-damage|p1b: Tyranitar|17/100
|-damage|p2b: Venusaur|45/100|[from] item: Life Orb
|move|p1a: Gholdengo|Shadow Ball|p2b: Venusaur
|-damage|p2b: Venusaur|0 fnt
|faint|p2b: Venusaur
|move|p2a: Incineroar|Throat Chop|p1a: Gholdengo
|-supereffective|p1a: Gholdengo|1
|-damage|p1a: Gholdengo|40/100
|-start|p1a: Gholdengo|Throat Chop|[silent]
|move|p1b: Tyranitar|Rock Slide|p2a: Incineroar
|-supereffective|p2a: Incineroar|1
|-damage|p2a: Incineroar|7/100
|-enditem|p2a: Incineroar|Sitrus Berry|[eat]
|-heal|p2a: Incineroar|32/100|[from] item: Sitrus Berry
|
|-weather|Sandstorm|[upkeep]
|-damage|p2a: Incineroar|26/100|[from] Sandstorm
|-heal|p1a: Gholdengo|46/100|[from] item: Leftovers
|upkeep
|
|t:|1784523014
|switch|p2b: Charizard|Charizard, L50, F|100/100
|turn|5
|
|t:|1784523025
|move|p1b: Tyranitar|Protect|p1b: Tyranitar
|-singleturn|p1b: Tyranitar|Protect
|move|p2b: Charizard|Heat Wave|p1a: Gholdengo|[spread] p1a
|-activate|p1b: Tyranitar|move: Protect
|-supereffective|p1a: Gholdengo|1
|-damage|p1a: Gholdengo|0 fnt
|faint|p1a: Gholdengo
|move|p2a: Incineroar|Throat Chop|p1b: Tyranitar
|-activate|p1b: Tyranitar|move: Protect
|
|-weather|Sandstorm|[upkeep]
|-damage|p2b: Charizard|94/100|[from] Sandstorm
|-damage|p2a: Incineroar|20/100y|[from] Sandstorm
|upkeep
|
|t:|1784523031
|switch|p1a: Excadrill|Excadrill, L50, F|1/100
|turn|6
|
|t:|1784523043
|detailschange|p2b: Charizard|Charizard-Mega-Y, L50, F
|-mega|p2b: Charizard|Charizard|Charizardite Y
|-weather|SunnyDay|[from] ability: Drought|[of] p2b: Charizard
|detailschange|p1b: Tyranitar|Tyranitar-Mega, L50, F
|-mega|p1b: Tyranitar|Tyranitar|Tyranitarite
|-weather|Sandstorm|[from] ability: Sand Stream|[of] p1b: Tyranitar
|move|p1a: Excadrill|Rock Slide|p2a: Incineroar|[spread] p2a,p2b
|-supereffective|p2a: Incineroar|1
|-supereffective|p2b: Charizard|2
|-damage|p2a: Incineroar|0 fnt
|-damage|p2b: Charizard|0 fnt
|faint|p2a: Incineroar
|faint|p2b: Charizard
|
|win|TeachMeHow2Hoopa
||yueyuea is ready for game 2.
|inactive|TeachMeHow2Hoopa has 30 seconds to confirm battle start!
||TeachMeHow2Hoopa is ready for game 2.
|uhtml|next|Next: Game 2 of 3
