|j|☆Truevillany123
|j|☆takeshivgc-test
|html|Truevillany123takeshivgc-test    
|uhtml|bestof|Game 2 of a best-of-3
|t:|1757739177
|gametype|doubles
|player|p1|Truevillany123|101|1150
|player|p2|takeshivgc-test|sabrina|1158
|gen|9
|tier|[Gen 9] VGC 2025 Reg H (Bo3)
|rated|
|rule|Species Clause: Limit one of each Pokémon
|rule|Item Clause: Limit 1 of each item
|clearpoke
|poke|p1|Dragonite, L50, M|
|poke|p1|Ursaluna-Bloodmoon, L50, M|
|poke|p1|Gholdengo, L50|
|poke|p1|Annihilape, L50, F|
|poke|p1|Ninetales-Alola, L50, F|
|poke|p1|Rillaboom, L50, M|
|poke|p2|Armarouge, L50, F|
|poke|p2|Indeedee-F, L50, F|
|poke|p2|Torkoal, L50, F|
|poke|p2|Gallade, L50, M|
|poke|p2|Ursaluna, L50, M|
|poke|p2|Hatterene, L50, F|
|teampreview|4
|showteam|p1|Dragonite||LoadedDice|Multiscale|ScaleShot,Protect,Haze,Tailwind|||M|||50|,,,,,Fairy]Ursaluna-Bloodmoon||LifeOrb|MindsEye|BloodMoon,HyperVoice,EarthPower,Protect|||M|||50|,,,,,Normal]Gholdengo||GrassySeed|GoodasGold|MakeItRain,ShadowBall,Protect,NastyPlot||||||50|,,,,,Water]Annihilape||SafetyGoggles|Defiant|DrainPunch,RageFist,Protect,BulkUp|||F|||50|,,,,,Fire]Ninetales-Alola||FocusSash|SnowWarning|FreezeDry,AuroraVeil,Encore,IcicleSpear|||F|||50|,,,,,Ghost]Rillaboom||AssaultVest|GrassySurge|FakeOut,WoodHammer,HighHorsepower,Uturn|||M|||50|,,,,,Fire
|showteam|p2|Armarouge||PowerHerb|FlashFire|ArmorCannon,ExpandingForce,TrickRoom,MeteorBeam|||F|||50|,,,,,Grass]Indeedee-F||PsychicSeed|PsychicSurge|DazzlingGleam,HelpingHand,TrickRoom,FollowMe|||F|||50|,,,,,Fairy]Torkoal||EjectPack|Drought|Eruption,Protect,WeatherBall,ClearSmog|||F|||50|,,,,,Fire]Gallade||ClearAmulet|Sharpness|PsychoCut,SacredSword,TrickRoom,WideGuard|||M|||50|,,,,,Fire]Ursaluna||FlameOrb|Guts|Facade,HeadlongRush,Earthquake,Protect|||M|||50|,,,,,Ghost]Hatterene||LifeOrb|MagicBounce|ExpandingForce,DazzlingGleam,TrickRoom,MysticalFire|||F|||50|,,,,,Fire
|c|☆Truevillany123|gg I'm not winning
|c|☆takeshivgc-test|ik thought you were gonna go for another encore
|c|☆Truevillany123|Follow Me was way too much of a deterrent
|c|☆takeshivgc-test|but was scared to switch cause of Drain Punch into Urs
|c|☆takeshivgc-test|and yeah Indeedee-F solid support
|c|☆Truevillany123|Didn't wanna Encore follow Me and not touch Torkoal
|c|☆takeshivgc-test|but dont doubt yourself
|c|☆Truevillany123|I hate this matchup soo much
|c|☆takeshivgc-test|ive been playing with it for awhile
|
|t:|1757739260
|teamsize|p1|4
|teamsize|p2|4
|start
|switch|p1a: Gholdengo|Gholdengo, L50|100/100
|switch|p1b: Ursaluna|Ursaluna-Bloodmoon, L50, M|100/100
|switch|p2a: Indeedee|Indeedee-F, L50, F|100/100
|switch|p2b: Hatterene|Hatterene, L50, F, shiny|100/100
|-fieldstart|move: Psychic Terrain|[from] ability: Psychic Surge|[of] p2a: Indeedee
|-enditem|p2a: Indeedee|Psychic Seed
|-boost|p2a: Indeedee|spd|1|[from] item: Psychic Seed
|turn|1
|c|☆takeshivgc-test|im like the only one who doesnt use liligant
|c|☆Truevillany123|I forgot Rilla I lost
|
|t:|1757739293
|-terastallize|p1b: Ursaluna|Normal
|-terastallize|p2b: Hatterene|Fire
|move|p2a: Indeedee|Follow Me|p2a: Indeedee
|-singleturn|p2a: Indeedee|move: Follow Me
|move|p1a: Gholdengo|Make It Rain|p2b: Hatterene|[spread] p2a,p2b
|-resisted|p2b: Hatterene
|-damage|p2a: Indeedee|68/100
|-damage|p2b: Hatterene|76/100
|-unboost|p1a: Gholdengo|spa|1
|move|p1b: Ursaluna|Hyper Voice|p2a: Indeedee|[spread] p2a,p2b
|-damage|p2a: Indeedee|23/100
|-damage|p2b: Hatterene|7/100
|-damage|p1b: Ursaluna|91/100|[from] item: Life Orb
|move|p2b: Hatterene|Trick Room|p2b: Hatterene
|-fieldstart|move: Trick Room|[of] p2b: Hatterene
|
|upkeep
|turn|2
|c|☆takeshivgc-test|actually?
|c|☆Truevillany123|Yeah
|c|☆takeshivgc-test|yikes
|c|☆Truevillany123|Was thinking OK I might wanna go slower and complete oversight
|
|t:|1757739348
|move|p2a: Indeedee|Helping Hand|p2b: Hatterene
|-singleturn|p2b: Hatterene|Helping Hand|[of] p2a: Indeedee
|move|p1b: Ursaluna|Protect|p1b: Ursaluna
|-singleturn|p1b: Ursaluna|Protect
|move|p2b: Hatterene|Expanding Force|p1a: Gholdengo|[spread] p1a
|-activate|p1b: Ursaluna|move: Protect
|-resisted|p1a: Gholdengo
|-damage|p1a: Gholdengo|25/100
|-damage|p2b: Hatterene|0 fnt|[from] item: Life Orb
|faint|p2b: Hatterene
|move|p1a: Gholdengo|Make It Rain|p2a: Indeedee
|-damage|p2a: Indeedee|0 fnt
|-unboost|p1a: Gholdengo|spa|1
|faint|p2a: Indeedee
|
|upkeep
|c|☆takeshivgc-test|but tbh, i dont rely on Psyspam with a rilla on opposing team
|
|t:|1757739366
|switch|p2b: Ursaluna|Ursaluna, L50, M|100/100
|switch|p2a: Torkoal|Torkoal, L50, F|100/100
|-weather|SunnyDay|[from] ability: Drought|[of] p2a: Torkoal
|turn|3
|c|☆Truevillany123|Makes sense
|
|t:|1757739378
|move|p1a: Gholdengo|Protect|p1a: Gholdengo
|-singleturn|p1a: Gholdengo|Protect
|move|p2a: Torkoal|Eruption|p1a: Gholdengo|[spread] p1b
|-activate|p1a: Gholdengo|move: Protect
|-damage|p1b: Ursaluna|0 fnt
|faint|p1b: Ursaluna
|move|p2b: Ursaluna|Facade|p1a: Gholdengo
|-activate|p1a: Gholdengo|move: Protect
|
|-weather|SunnyDay|[upkeep]
|-status|p2b: Ursaluna|brn|[from] item: Flame Orb
|upkeep
|
|t:|1757739388
|switch|p1b: Ninetales|Ninetales-Alola, L50, F|100/100
|-weather|Snowscape|[from] ability: Snow Warning|[of] p1b: Ninetales
|turn|4
|
|t:|1757739398
|switch|p1a: Annihilape|Annihilape, L50, F|100/100
|move|p2a: Torkoal|Eruption|p1b: Ninetales|[spread] p1a,p1b
|-supereffective|p1b: Ninetales
|-damage|p1a: Annihilape|55/100
|-enditem|p1b: Ninetales|Focus Sash
|-damage|p1b: Ninetales|1/100
|move|p2b: Ursaluna|Facade|p1b: Ninetales
|-damage|p1b: Ninetales|0 fnt
|faint|p1b: Ninetales
|
|-weather|Snowscape|[upkeep]
|-damage|p2b: Ursaluna|95/100 brn|[from] brn
|upkeep
|c|☆Truevillany123|gg
|
|t:|1757739408
|switch|p1b: Gholdengo|Gholdengo, L50|25/100
|turn|5
|c|☆takeshivgc-test|ggs man
|
|t:|1757739419
|move|p1b: Gholdengo|Protect|p1b: Gholdengo
|-singleturn|p1b: Gholdengo|Protect
|move|p1a: Annihilape|Protect|p1a: Annihilape
|-singleturn|p1a: Annihilape|Protect
|move|p2a: Torkoal|Eruption|p1b: Gholdengo|[spread] 
|-activate|p1a: Annihilape|move: Protect
|-activate|p1b: Gholdengo|move: Protect
|move|p2b: Ursaluna|Headlong Rush|p1a: Annihilape
|-activate|p1a: Annihilape|move: Protect
|
|-weather|Snowscape|[upkeep]
|-damage|p2b: Ursaluna|89/100 brn|[from] brn
|-fieldend|move: Trick Room
|-fieldend|move: Psychic Terrain
|upkeep
|turn|6
|c|☆takeshivgc-test|well.. maybe not
|
|t:|1757739459
|move|p2a: Torkoal|Protect|p2a: Torkoal
|-singleturn|p2a: Torkoal|Protect
|move|p1a: Annihilape|Drain Punch|p2a: Torkoal
|-activate|p2a: Torkoal|move: Protect
|move|p1b: Gholdengo|Shadow Ball|p2a: Torkoal
|-activate|p2a: Torkoal|move: Protect
|move|p2b: Ursaluna|Headlong Rush|p1a: Annihilape
|-damage|p1a: Annihilape|0 fnt
|-unboost|p2b: Ursaluna|def|1
|-unboost|p2b: Ursaluna|spd|1
|faint|p1a: Annihilape
|
|-weather|Snowscape|[upkeep]
|-damage|p2b: Ursaluna|83/100 brn|[from] brn
|upkeep
|turn|7
|c|☆takeshivgc-test|okay now ggs
|c|☆Truevillany123|GG DAMN
|
|t:|1757739479
|move|p1b: Gholdengo|Make It Rain|p2a: Torkoal|[spread] p2a,p2b
|-resisted|p2a: Torkoal
|-damage|p2a: Torkoal|72/100
|-damage|p2b: Ursaluna|16/100 brn
|-unboost|p1b: Gholdengo|spa|1
|move|p2b: Ursaluna|Headlong Rush|p1b: Gholdengo
|-supereffective|p1b: Gholdengo
|-damage|p1b: Gholdengo|0 fnt
|-unboost|p2b: Ursaluna|def|1
|-unboost|p2b: Ursaluna|spd|1
|faint|p1b: Gholdengo
|
|win|takeshivgc-test
|raw|Truevillany123's rating: 1150 → 1126(-24 for losing)
|raw|takeshivgc-test's rating: 1158 → 1182(+24 for winning)
|c|☆Truevillany123|Fucking Torkoal is my enemy
|c|☆Truevillany123|Torkoal Ursa
|c|☆Truevillany123|fucking wrecks me
|c|☆takeshivgc-test|Urs was def the priorty there
|c|☆takeshivgc-test|but i figured you might go for tork lmao
|c|☆Truevillany123|Yeah which is why I thought it ws protecting
|c|☆takeshivgc-test|lucky call on my side
|c|☆Truevillany123|gg
|c|☆takeshivgc-test|well good lucj out there ggs
|c|☆Truevillany123|Fuck this matchuo
|c|☆takeshivgc-test|luck
|c|☆Truevillany123|you 2
|c|☆takeshivgc-test|it aint popular on higher ladder
