|j|☆FALL3N_DWN
|j|☆tommytinkle
|html|FALL3N_DWNtommytinkle    
|uhtml|bestof|Game 2 of a best-of-3
|t:|1757028026
|gametype|doubles
|player|p1|FALL3N_DWN|carmine-festival|1166
|player|p2|tommytinkle|265|1188
|gen|9
|tier|[Gen 9] VGC 2025 Reg H (Bo3)
|rated|
|rule|Species Clause: Limit one of each Pokémon
|rule|Item Clause: Limit 1 of each item
|clearpoke
|poke|p1|Electabuzz, L50, M|
|poke|p1|Kingambit, L50, M|
|poke|p1|Volcarona, L50, F|
|poke|p1|Dragonite, L50, F|
|poke|p1|Sneasler, L50, M|
|poke|p1|Rillaboom, L50, F|
|poke|p2|Garchomp, L50, M|
|poke|p2|Dragonite, L50, M|
|poke|p2|Annihilape, L50, F|
|poke|p2|Maushold, L50|
|poke|p2|Tyranitar, L50, M|
|poke|p2|Primarina, L50, F|
|teampreview|4
|showteam|p1|Electabuzz||Eviolite|VitalSpirit|FollowMe,Thunderbolt,Taunt,Protect|||M|||50|,,,,,Ghost]Kingambit||BlackGlasses|Defiant|KowtowCleave,SuckerPunch,SwordsDance,Protect|||M|||50|,,,,,Dark]Volcarona||Leftovers|FlameBody|HeatWave,TeraBlast,QuiverDance,Protect|||F|||50|,,,,,Fairy]Dragonite||LoadedDice|Multiscale|ScaleShot,ExtremeSpeed,Haze,Protect|||F|||50|,,,,,Fairy]Sneasler||FocusSash|Unburden|DireClaw,CloseCombat,Coaching,FakeOut|||M|||50|,,,,,Stellar]Rillaboom||AssaultVest|GrassySurge|FakeOut,WoodHammer,GrassyGlide,HighHorsepower|||F|||50|,,,,,Fire
|showteam|p2|Garchomp||LifeOrb|SandVeil|Earthquake,RockSlide,DragonClaw,Protect|||M|||50|,,,,,Ground]Dragonite||RockyHelmet|Multiscale|ExtremeSpeed,Tailwind,ThunderWave,HelpingHand|||M|||50|,,,,,Normal]Annihilape||Leftovers|Defiant|RageFist,DrainPunch,BulkUp,Protect|||F|||50|,,,,,Fire]Maushold||FocusSash|FriendGuard|BeatUp,FollowMe,Taunt,Protect||||||50|,,,,,Ghost]Tyranitar||AssaultVest|SandStream|RockSlide,LowKick,KnockOff,TeraBlast|||M|||50|,,,,,Flying]Primarina||SitrusBerry|LiquidVoice|HyperVoice,Moonblast,Haze,Protect|||F|||50|,,,,,Grass
|inactive|Battle timer is ON: inactive players will automatically lose when time's up. (requested by tommytinkle)
|inactive|FALL3N_DWN has 60 seconds left.
|inactive|FALL3N_DWN has 30 seconds left.
|inactive|FALL3N_DWN has 20 seconds left.
|inactive|FALL3N_DWN has 15 seconds left.
|inactive|FALL3N_DWN has 10 seconds left.
|inactive|FALL3N_DWN has 5 seconds left.
|
|t:|1757028142
|teamsize|p1|4
|teamsize|p2|4
|start
|switch|p1a: Electabuzz|Electabuzz, L50, M|100/100
|switch|p1b: Kingambit|Kingambit, L50, M|100/100
|switch|p2a: Annihilape|Annihilape, L50, F|100/100
|switch|p2b: Maushold|Maushold, L50|100/100
|turn|1
|inactive|FALL3N_DWN has 30 seconds left.
|inactive|FALL3N_DWN has 20 seconds left.
|inactive|FALL3N_DWN has 15 seconds left.
|
|t:|1757028182
|move|p1a: Electabuzz|Follow Me|p1a: Electabuzz
|-singleturn|p1a: Electabuzz|move: Follow Me
|move|p2b: Maushold|Taunt|p1a: Electabuzz
|-start|p1a: Electabuzz|move: Taunt
|move|p2a: Annihilape|Bulk Up|p2a: Annihilape
|-boost|p2a: Annihilape|atk|1
|-boost|p2a: Annihilape|def|1
|move|p1b: Kingambit|Kowtow Cleave|p2b: Maushold
|-damage|p2b: Maushold|42/100
|
|upkeep
|turn|2
|inactive|FALL3N_DWN has 30 seconds left.
|
|t:|1757028212
|move|p1b: Kingambit|Protect|p1b: Kingambit
|-singleturn|p1b: Kingambit|Protect
|move|p1a: Electabuzz|Thunderbolt|p2b: Maushold
|-damage|p2b: Maushold|7/100
|move|p2b: Maushold|Beat Up|p2a: Annihilape
|-damage|p2a: Annihilape|99/100
|-damage|p2a: Annihilape|97/100
|-damage|p2a: Annihilape|95/100
|-damage|p2a: Annihilape|94/100
|-hitcount|p2a: Annihilape|4
|move|p2a: Annihilape|Drain Punch|p1b: Kingambit
|-activate|p1b: Kingambit|move: Protect
|
|-heal|p2a: Annihilape|99/100|[from] item: Leftovers
|upkeep
|turn|3
|
|t:|1757028233
|switch|p1b: Dragonite|Dragonite, L50, F|100/100
|move|p2b: Maushold|Protect|p2b: Maushold
|-singleturn|p2b: Maushold|Protect
|move|p1a: Electabuzz|Thunderbolt|p2b: Maushold
|-activate|p2b: Maushold|move: Protect
|move|p2a: Annihilape|Rage Fist|p1a: Electabuzz
|-damage|p1a: Electabuzz|0 fnt
|faint|p1a: Electabuzz
|
|-heal|p2a: Annihilape|100/100|[from] item: Leftovers
|upkeep
|
|t:|1757028239
|switch|p1a: Volcarona|Volcarona, L50, F|100/100
|turn|4
|
|t:|1757028264
|-terastallize|p1a: Volcarona|Fairy
|-terastallize|p2a: Annihilape|Fire
|move|p1a: Volcarona|Tera Blast|p2a: Annihilape|[anim] Tera Blast Fairy
|-resisted|p2a: Annihilape
|-damage|p2a: Annihilape|89/100
|move|p1b: Dragonite|Scale Shot|p2a: Annihilape
|-damage|p2a: Annihilape|81/100
|-damage|p2a: Annihilape|74/100
|-damage|p2a: Annihilape|66/100
|-damage|p2a: Annihilape|59/100
|-hitcount|p2a: Annihilape|4
|-unboost|p1b: Dragonite|def|1
|-boost|p1b: Dragonite|spe|1
|move|p2b: Maushold|Beat Up|p1b: Dragonite
|-damage|p1b: Dragonite|98/100
|-damage|p1b: Dragonite|93/100
|-damage|p1b: Dragonite|87/100
|-damage|p1b: Dragonite|83/100
|-hitcount|p1b: Dragonite|4
|move|p2a: Annihilape|Rage Fist|p1b: Dragonite
|-damage|p1b: Dragonite|0 fnt
|faint|p1b: Dragonite
|
|-heal|p2a: Annihilape|65/100|[from] item: Leftovers
|upkeep
|
|t:|1757028271
|switch|p1b: Kingambit|Kingambit, L50, M|100/100
|turn|5
|
|t:|1757028287
|move|p1b: Kingambit|Protect|p1b: Kingambit
|-singleturn|p1b: Kingambit|Protect
|move|p2b: Maushold|Follow Me|p2b: Maushold
|-singleturn|p2b: Maushold|move: Follow Me
|move|p1a: Volcarona|Heat Wave|p2a: Annihilape|[spread] p2a,p2b
|-resisted|p2a: Annihilape
|-damage|p2a: Annihilape|53/100
|-damage|p2b: Maushold|0 fnt
|faint|p2b: Maushold
|move|p2a: Annihilape|Drain Punch|p1b: Kingambit
|-activate|p1b: Kingambit|move: Protect
|
|-heal|p2a: Annihilape|59/100|[from] item: Leftovers
|upkeep
|
|t:|1757028292
|switch|p2b: Primarina|Primarina, L50, F|100/100
|turn|6
|inactive|FALL3N_DWN has 30 seconds left.
|
|t:|1757028324
|move|p2a: Annihilape|Protect|p2a: Annihilape
|-singleturn|p2a: Annihilape|Protect
|move|p1b: Kingambit|Protect||[still]
|-fail|p1b: Kingambit
|move|p1a: Volcarona|Quiver Dance|p1a: Volcarona
|-boost|p1a: Volcarona|spa|1
|-boost|p1a: Volcarona|spd|1
|-boost|p1a: Volcarona|spe|1
|move|p2b: Primarina|Hyper Voice|p1b: Kingambit|[spread] p1a,p1b
|-damage|p1a: Volcarona|80/100
|-damage|p1b: Kingambit|64/100
|
|-heal|p1a: Volcarona|86/100|[from] item: Leftovers
|-heal|p2a: Annihilape|65/100|[from] item: Leftovers
|upkeep
|turn|7
|inactive|tommytinkle has 30 seconds left.
|inactive|tommytinkle has 20 seconds left.
|inactive|tommytinkle has 15 seconds left.
|inactive|FALL3N_DWN has 30 seconds left.
|
|t:|1757028374
|move|p1b: Kingambit|Sucker Punch|p2a: Annihilape
|-damage|p2a: Annihilape|33/100
|move|p1a: Volcarona|Heat Wave|p2a: Annihilape|[spread] p2a
|-miss|p1a: Volcarona|p2b: Primarina
|-resisted|p2a: Annihilape
|-damage|p2a: Annihilape|9/100
|move|p2a: Annihilape|Rage Fist|p1a: Volcarona
|-damage|p1a: Volcarona|0 fnt
|faint|p1a: Volcarona
|move|p2b: Primarina|Hyper Voice|p1b: Kingambit
|-damage|p1b: Kingambit|17/100
|
|-heal|p2a: Annihilape|15/100|[from] item: Leftovers
|upkeep
|turn|8
|-message|FALL3N_DWN forfeited.
|
|win|tommytinkle
|raw|FALL3N_DWN's rating: 1166 → 1143(-23 for losing)
|raw|tommytinkle's rating: 1188 → 1211(+23 for winning)
|l|☆tommytinkle
|player|p2|
