|j|☆homerj71
|j|☆the_frantic_franxx
|html|homerj71the_frantic_franxx    
|uhtml|bestof|Game 2 of a best-of-3
|t:|1782553754
|gametype|doubles
|player|p1|homerj71|170|1178
|player|p2|the_frantic_franxx|1|1149
|gen|9
|tier|[Gen 9 Champions] VGC 2026 Reg M-B (Bo3)
|rated|
|rule|Species Clause: Limit one of each Pokémon
|rule|Item Clause: Limit 1 of each item
|clearpoke
|poke|p1|Charizard, L50, F|
|poke|p1|Garchomp, L50, F|
|poke|p1|Whimsicott, L50, F|
|poke|p1|Basculegion, L50, M|
|poke|p1|Kingambit, L50, F|
|poke|p1|Floette-Eternal, L50, F|
|poke|p2|Blaziken, L50, M|
|poke|p2|Aerodactyl, L50, M|
|poke|p2|Kingambit, L50, M|
|poke|p2|Basculegion, L50, M|
|poke|p2|Sylveon, L50, F|
|poke|p2|Ninetales-Alola, L50, M|
|teampreview|4
|showteam|p1|Charizard||CharizarditeY|Blaze|HeatWave,SolarBeam,WeatherBall,Protect|Modest||F|||50|]Garchomp||SitrusBerry|RoughSkin|DragonClaw,Earthquake,RockSlide,PoisonJab|Jolly||F|||50|]Whimsicott||FocusSash|Prankster|Moonblast,Tailwind,Encore,Protect|Timid||F|||50|]Basculegion||LifeOrb|Adaptability|WaveCrash,AquaJet,Protect,LastRespects|Adamant||M|||50|]Kingambit||BlackGlasses|Defiant|KowtowCleave,SuckerPunch,IronHead,Protect|Adamant||F|||50|]Floette-Eternal||Floettite|FlowerVeil|Moonblast,DazzlingGleam,LightofRuin,Protect|Timid||F|||50|
|showteam|p2|Blaziken||Blazikenite|SpeedBoost|FlareBlitz,CloseCombat,Protect,RockSlide|Adamant||M|||50|]Aerodactyl||Aerodactylite|Unnerve|RockSlide,DualWingbeat,IceFang,Tailwind|Jolly||M|||50|]Kingambit||LifeOrb|Defiant|KowtowCleave,Protect,IronHead,SuckerPunch|Adamant||M|||50|]Basculegion||FocusSash|Adaptability|Liquidation,Protect,LastRespects,AquaJet|Adamant||M|||50|]Sylveon||FairyFeather|Pixilate|HyperVoice,HyperBeam,QuickAttack,Protect|Modest||F|||50|]Ninetales-Alola||ChoiceScarf|SnowWarning|Blizzard,Psyshock,FreezeDry,Moonblast|Timid||M|||50|
|inactive|Battle timer is ON: inactive players will automatically lose when time's up. (requested by homerj71)
|
|t:|1782553784
|teamsize|p1|4
|teamsize|p2|4
|start
|switch|p1a: Floette|Floette-Eternal, L50, F|100/100
|switch|p1b: Kingambit|Kingambit, L50, F|100/100
|switch|p2a: Sylveon|Sylveon, L50, F|100/100
|switch|p2b: Aerodactyl|Aerodactyl, L50, M|100/100
|-ability|p2b: Aerodactyl|Unnerve
|turn|1
|
|t:|1782553801
|move|p2b: Aerodactyl|Dual Wingbeat|p1a: Floette
|-damage|p1a: Floette|72/100
|-damage|p1a: Floette|44/100
|-hitcount|p1a: Floette|2
|move|p1a: Floette|Dazzling Gleam|p2a: Sylveon|[spread] p2a,p2b
|-damage|p2a: Sylveon|77/100
|-damage|p2b: Aerodactyl|60/100
|move|p2a: Sylveon|Hyper Beam|p1a: Floette
|-damage|p1a: Floette|0 fnt
|-mustrecharge|p2a: Sylveon
|faint|p1a: Floette
|move|p1b: Kingambit|Iron Head|p2a: Sylveon
|-supereffective|p2a: Sylveon|1
|-damage|p2a: Sylveon|0 fnt
|faint|p2a: Sylveon
|
|upkeep
|
|t:|1782553814
|switch|p1a: Whimsicott|Whimsicott, L50, F|100/100
|switch|p2a: Blaziken|Blaziken, L50, M|100/100
|turn|2
|
|t:|1782553823
|detailschange|p2a: Blaziken|Blaziken-Mega, L50, M
|-mega|p2a: Blaziken|Blaziken|Blazikenite
|move|p1a: Whimsicott|Tailwind|p1a: Whimsicott
|-sidestart|p1: homerj71|move: Tailwind
|move|p2b: Aerodactyl|Tailwind|p2b: Aerodactyl
|-sidestart|p2: the_frantic_franxx|move: Tailwind
|move|p2a: Blaziken|Close Combat|p1b: Kingambit
|-supereffective|p1b: Kingambit|2
|-damage|p1b: Kingambit|0 fnt
|-unboost|p2a: Blaziken|def|1
|-unboost|p2a: Blaziken|spd|1
|faint|p1b: Kingambit
|
|-ability|p2a: Blaziken|Speed Boost|boost
|-boost|p2a: Blaziken|spe|1
|upkeep
|
|t:|1782553830
|switch|p1b: Basculegion|Basculegion, L50, M|100/100
|turn|3
|inactive|the_frantic_franxx has 30 seconds left.
|
|t:|1782553855
|move|p1a: Whimsicott|Encore|p2a: Blaziken
|-start|p2a: Blaziken|Encore
|move|p2a: Blaziken|Close Combat|p1b: Basculegion
|-immune|p1b: Basculegion
|move|p2b: Aerodactyl|Dual Wingbeat|p1b: Basculegion|[miss]
|-miss|p2b: Aerodactyl|p1b: Basculegion
|move|p1b: Basculegion|Last Respects|p2b: Aerodactyl
|-damage|p2b: Aerodactyl|0 fnt
|faint|p2b: Aerodactyl
|-damage|p1b: Basculegion|90/100|[from] item: Life Orb
|
|-ability|p2a: Blaziken|Speed Boost|boost
|-boost|p2a: Blaziken|spe|1
|upkeep
|
|t:|1782553859
|switch|p2b: Ninetales|Ninetales-Alola, L50, M|100/100
|-weather|Snowscape|[from] ability: Snow Warning|[of] p2b: Ninetales
|turn|4
|
|t:|1782553871
|move|p2a: Blaziken|Close Combat|p1a: Whimsicott
|-resisted|p1a: Whimsicott|1
|-damage|p1a: Whimsicott|40/100
|-unboost|p2a: Blaziken|def|1
|-unboost|p2a: Blaziken|spd|1
|move|p2b: Ninetales|Freeze-Dry|p1b: Basculegion
|-supereffective|p1b: Basculegion|1
|-damage|p1b: Basculegion|28/100
|move|p1a: Whimsicott|Moonblast|p2b: Ninetales
|-damage|p2b: Ninetales|55/100
|move|p1b: Basculegion|Last Respects|p2b: Ninetales
|-crit|p2b: Ninetales
|-damage|p2b: Ninetales|0 fnt
|faint|p2b: Ninetales
|-damage|p1b: Basculegion|18/100|[from] item: Life Orb
|
|-weather|Snowscape|[upkeep]
|-ability|p2a: Blaziken|Speed Boost|boost
|-boost|p2a: Blaziken|spe|1
|upkeep
|turn|5
|-message|the_frantic_franxx forfeited.
|
|win|homerj71
|raw|homerj71's rating: 1178 → 1201(+23 for winning)
|raw|the_frantic_franxx's rating: 1149 → 1126(-23 for losing)
