|j|☆bearlover997
|j|☆SuprEpcGuy
|html|bearlover997SuprEpcGuy    
|uhtml|bestof|Game 3 of a best-of-3
|t:|1784953113
|gametype|doubles
|player|p1|bearlover997|sage|1065
|player|p2|SuprEpcGuy|shauntal|1201
|gen|9
|tier|[Gen 9 Champions] VGC 2026 Reg M-B (Bo3)
|rated|
|rule|Species Clause: Limit one of each Pokémon
|rule|Item Clause: Limit 1 of each item
|clearpoke
|poke|p1|Dragalge, L50, M, shiny|
|poke|p1|Sinistcha, L50|
|poke|p1|Incineroar, L50, F|
|poke|p1|Grimmsnarl, L50, M|
|poke|p1|Lopunny, L50, M|
|poke|p1|Volcarona, L50, M|
|poke|p2|Zoroark-Hisui, L50, F|
|poke|p2|Torkoal, L50, F|
|poke|p2|Farigiraf, L50, M|
|poke|p2|Floette-Eternal, L50, F|
|poke|p2|Aerodactyl, L50, M|
|poke|p2|Incineroar, L50, F|
|teampreview|4
|showteam|p1|Dragalge||Dragalgite|PoisonPoint|DracoMeteor,SludgeBomb,FlipTurn,Toxic|Calm||M|||50|]Sinistcha||ColburBerry|Hospitality|MatchaGotcha,StrengthSap,RagePowder,Protect|Bold|||||50|]Incineroar||SitrusBerry|Intimidate|FakeOut,PartingShot,WillOWisp,FlareBlitz|Adamant||F|||50|]Grimmsnarl||LightClay|Prankster|LightScreen,Reflect,PartingShot,SpiritBreak|Careful||M|||50|]Lopunny||Lopunnite|Limber|CloseCombat,Encore,FakeOut,Uturn|Jolly||M|||50|]Volcarona||Leftovers|FlameBody|QuiverDance,FieryDance,BugBuzz,Protect|Modest||M|||50|
|showteam|p2|Zoroark-Hisui||ChoiceScarf|Illusion|IcyWind,BitterMalice,HyperVoice,Taunt|Timid||F|||50|]Torkoal||Charcoal|Drought|Eruption,WeatherBall,EarthPower,Protect|Quiet||F|||50|]Farigiraf||ColburBerry|ArmorTail|Psychic,HyperVoice,TrickRoom,HelpingHand|Quiet||M|||50|]Floette-Eternal||Floettite|FlowerVeil|Moonblast,DazzlingGleam,LightofRuin,Protect|Timid||F|||50|]Aerodactyl||LifeOrb|Unnerve|RockSlide,IceFang,DualWingbeat,Protect|Jolly||M|||50|]Incineroar||SitrusBerry|Intimidate|FakeOut,DarkestLariat,FlareBlitz,PartingShot|Adamant||F|||50|
|inactive|Battle timer is ON: inactive players will automatically lose when time's up. (requested by SuprEpcGuy)
|inactive|bearlover997 also wants the timer to be on.
|
|t:|1784953135
|teamsize|p1|4
|teamsize|p2|4
|start
|switch|p1a: Lopunny|Lopunny, L50, M|100/100
|switch|p1b: Volcarona|Volcarona, L50, M|100/100
|switch|p2a: Floette|Floette-Eternal, L50, F|100/100
|switch|p2b: Big Purr|Incineroar, L50, F|100/100
|-ability|p2b: Big Purr|Intimidate|boost
|-unboost|p1a: Lopunny|atk|1
|-unboost|p1b: Volcarona|atk|1
|turn|1
|
|t:|1784953152
|switch|p2b: Racecar|Farigiraf, L50, M|100/100
|detailschange|p1a: Lopunny|Lopunny-Mega, L50, M
|-mega|p1a: Lopunny|Lopunny|Lopunnite
|detailschange|p2a: Floette|Floette-Mega, L50, F
|-mega|p2a: Floette|Floette|Floettite
|-ability|p2a: Floette|Fairy Aura
|move|p1a: Lopunny|Fake Out||[still]
|cant|p2b: Racecar|ability: Armor Tail|Fake Out|[of] p1a: Lopunny
|move|p2a: Floette|Dazzling Gleam|p1a: Lopunny|[spread] p1a,p1b
|-supereffective|p1a: Lopunny|1
|-resisted|p1b: Volcarona|1
|-damage|p1a: Lopunny|0 fnt
|-damage|p1b: Volcarona|73/100
|faint|p1a: Lopunny
|move|p1b: Volcarona|Quiver Dance|p1b: Volcarona
|-boost|p1b: Volcarona|spa|1
|-boost|p1b: Volcarona|spd|1
|-boost|p1b: Volcarona|spe|1
|
|-heal|p1b: Volcarona|80/100|[from] item: Leftovers
|upkeep
|
|t:|1784953170
|switch|p1a: Grimmsnarl|Grimmsnarl, L50, M|100/100
|turn|2
|
|t:|1784953184
|switch|p2a: Big Purr|Incineroar, L50, F|100/100
|-ability|p2a: Big Purr|Intimidate|boost
|-unboost|p1a: Grimmsnarl|atk|1
|-unboost|p1b: Volcarona|atk|1
|move|p1a: Grimmsnarl|Light Screen|p1a: Grimmsnarl
|-sidestart|p1: bearlover997|move: Light Screen
|move|p1b: Volcarona|Bug Buzz|p2b: Racecar
|-supereffective|p2b: Racecar|1
|-damage|p2b: Racecar|0 fnt
|faint|p2b: Racecar
|
|-heal|p1b: Volcarona|86/100|[from] item: Leftovers
|upkeep
|
|t:|1784953198
|switch|p2b: Mortar|Torkoal, L50, F|100/100
|-weather|SunnyDay|[from] ability: Drought|[of] p2b: Mortar
|turn|3
|
|t:|1784953211
|move|p1b: Volcarona|Protect|p1b: Volcarona
|-singleturn|p1b: Volcarona|Protect
|move|p2a: Big Purr|Fake Out|p1a: Grimmsnarl
|-damage|p1a: Grimmsnarl|82/100
|cant|p1a: Grimmsnarl|flinch
|move|p2b: Mortar|Eruption|p1a: Grimmsnarl|[spread] p1a
|-activate|p1b: Volcarona|move: Protect
|-damage|p1a: Grimmsnarl|40/100
|
|-weather|SunnyDay|[upkeep]
|-heal|p1b: Volcarona|92/100|[from] item: Leftovers
|upkeep
|turn|4
|
|t:|1784953229
|move|p1a: Grimmsnarl|Parting Shot|p2b: Mortar
|-unboost|p2b: Mortar|atk|1
|-unboost|p2b: Mortar|spa|1
|
|t:|1784953233
|switch|p1a: Incineroar|Incineroar, L50, F|100/100|[from] Parting Shot
|-ability|p1a: Incineroar|Intimidate|boost
|-unboost|p2a: Big Purr|atk|1
|-unboost|p2b: Mortar|atk|1
|move|p1b: Volcarona|Fiery Dance|p2b: Mortar
|-resisted|p2b: Mortar|1
|-damage|p2b: Mortar|29/100
|move|p2a: Big Purr|Flare Blitz|p1b: Volcarona
|-damage|p1b: Volcarona|0 fnt
|faint|p1b: Volcarona
|-damage|p2a: Big Purr|75/100|[from] Recoil
|move|p2b: Mortar|Weather Ball|p1a: Incineroar
|-resisted|p1a: Incineroar|1
|-crit|p1a: Incineroar
|-damage|p1a: Incineroar|55/100
|
|-weather|SunnyDay|[upkeep]
|upkeep
|
|t:|1784953248
|switch|p1b: Grimmsnarl|Grimmsnarl, L50, M|40/100
|turn|5
|
|t:|1784953259
|move|p1a: Incineroar|Fake Out|p2a: Big Purr
|-damage|p2a: Big Purr|64/100
|move|p1b: Grimmsnarl|Spirit Break|p2a: Big Purr
|-damage|p2a: Big Purr|37/100
|-unboost|p2a: Big Purr|spa|1
|-enditem|p2a: Big Purr|Sitrus Berry|[eat]
|-heal|p2a: Big Purr|61/100|[from] item: Sitrus Berry
|cant|p2a: Big Purr|flinch
|move|p2b: Mortar|Earth Power|p1a: Incineroar
|-supereffective|p1a: Incineroar|1
|-damage|p1a: Incineroar|38/100
|-enditem|p1a: Incineroar|Sitrus Berry|[eat]
|-heal|p1a: Incineroar|62/100|[from] item: Sitrus Berry
|
|-weather|SunnyDay|[upkeep]
|upkeep
|turn|6
|
|t:|1784953279
|move|p2a: Big Purr|Flare Blitz|p1b: Grimmsnarl
|-damage|p1b: Grimmsnarl|0 fnt
|faint|p1b: Grimmsnarl
|-damage|p2a: Big Purr|48/100|[from] Recoil
|move|p1a: Incineroar|Flare Blitz|p2a: Big Purr
|-resisted|p2a: Big Purr|1
|-damage|p2a: Big Purr|13/100
|-damage|p1a: Incineroar|51/100|[from] Recoil
|move|p2b: Mortar|Earth Power|p1a: Incineroar
|-supereffective|p1a: Incineroar|1
|-damage|p1a: Incineroar|33/100
|
|-weather|SunnyDay|[upkeep]
|upkeep
|turn|7
|
|t:|1784953290
|move|p2a: Big Purr|Flare Blitz|p1a: Incineroar
|-resisted|p1a: Incineroar|1
|-damage|p1a: Incineroar|3/100
|-damage|p2a: Big Purr|3/100|[from] Recoil
|move|p1a: Incineroar|Flare Blitz|p2a: Big Purr
|-resisted|p2a: Big Purr|1
|-damage|p2a: Big Purr|0 fnt
|faint|p2a: Big Purr
|-damage|p1a: Incineroar|1/100|[from] Recoil
|move|p2b: Mortar|Earth Power|p1a: Incineroar
|-supereffective|p1a: Incineroar|1
|-damage|p1a: Incineroar|0 fnt
|faint|p1a: Incineroar
|
|win|SuprEpcGuy
|raw|bearlover997's rating: 1065 → 1053(-12 for losing)
|raw|SuprEpcGuy's rating: 1201 → 1217(+16 for winning)
