|j|☆tk_feenix
|j|☆jqrzzz
|html|tk_feenixjqrzzz    
|uhtml|bestof|Game 1 of a best-of-3
|t:|1756987377
|gametype|doubles
|player|p1|tk_feenix|169|1105
|player|p2|jqrzzz|265|1016
|gen|9
|tier|[Gen 9] VGC 2025 Reg H (Bo3)
|rated|
|rule|Species Clause: Limit one of each Pokémon
|rule|Item Clause: Limit 1 of each item
|clearpoke
|poke|p1|Archaludon, L50, F|
|poke|p1|Gholdengo, L50|
|poke|p1|Pelipper, L50, M|
|poke|p1|Ursaluna, L50, M|
|poke|p1|Sinistcha, L50|
|poke|p1|Dragonite, L50, M|
|poke|p2|Ursaluna, L50, F|
|poke|p2|Amoonguss, L50, M|
|poke|p2|Incineroar, L50, M|
|poke|p2|Rillaboom, L50, F|
|poke|p2|Dondozo, L50, M|
|poke|p2|Ceruledge, L50, F|
|teampreview|4
|showteam|p1|Archaludon||AssaultVest|Stamina|FlashCannon,ElectroShot,BodyPress,Snarl|||F|||50|,,,,,Fighting]Gholdengo||ChoiceScarf|GoodasGold|MakeItRain,ShadowBall,ThunderWave,Trick||||||50|,,,,,Flying]Pelipper||SafetyGoggles|Drizzle|WeatherBall,Hurricane,Tailwind,Protect|||M|||50|,,,,,Steel]Ursaluna||FlameOrb|Guts|Facade,HeadlongRush,Earthquake,Protect|||M|||50|,,,,,Dragon]Sinistcha||SitrusBerry|Hospitality|MatchaGotcha,LifeDew,RagePowder,TrickRoom||||||50|,,,,,Fire]Dragonite||LoadedDice|Multiscale|ScaleShot,Tailwind,Haze,Protect|||M|||50|,,,,,Fairy
|showteam|p2|Ursaluna||FlameOrb|Guts|Protect,Facade,HeadlongRush,Yawn|||F|||50|,,,,,Ghost]Amoonguss||Leftovers|Regenerator|Protect,Spore,Substitute,PollenPuff|||M|||50|,,,,,Water]Incineroar||SitrusBerry|Intimidate|PartingShot,FlareBlitz,WillOWisp,FakeOut|||M|||50|,,,,,Ghost]Rillaboom||AssaultVest|Overgrow|Uturn,WoodHammer,GrassyGlide,KnockOff|||F|||50|,,,,,Fire]Dondozo||RockyHelmet|Unaware|Protect,WaveCrash,Yawn,OrderUp|||M|||50|,,,,,Dragon]Ceruledge||ClearAmulet|FlashFire|BitterBlade,ShadowSneak,BulkUp,Protect|||F|||50|,,,,,Grass
|inactive|Battle timer is ON: inactive players will automatically lose when time's up. (requested by jqrzzz)
|inactive|tk_feenix has 60 seconds left.
|inactive|jqrzzz has 60 seconds left.
|inactive|jqrzzz has 30 seconds left.
|inactive|tk_feenix has 30 seconds left.
|
|t:|1756987450
|teamsize|p1|4
|teamsize|p2|4
|start
|switch|p1a: Archaludon|Archaludon, L50, F|100/100
|switch|p1b: Gholdengo|Gholdengo, L50|100/100
|switch|p2a: Amoonguss|Amoonguss, L50, M|100/100
|switch|p2b: Incineroar|Incineroar, L50, M|100/100
|-ability|p2b: Incineroar|Intimidate|boost
|-unboost|p1a: Archaludon|atk|1
|-unboost|p1b: Gholdengo|atk|1
|turn|1
|inactive|tk_feenix has 30 seconds left.
|
|t:|1756987483
|switch|p1a: Pelipper|Pelipper, L50, M|100/100
|-weather|RainDance|[from] ability: Drizzle|[of] p1a: Pelipper
|move|p1b: Gholdengo|Shadow Ball|p2a: Amoonguss
|-damage|p2a: Amoonguss|65/100
|move|p2b: Incineroar|Flare Blitz|p1b: Gholdengo
|-supereffective|p1b: Gholdengo
|-damage|p1b: Gholdengo|48/100
|-damage|p2b: Incineroar|87/100|[from] Recoil
|move|p2a: Amoonguss|Spore|p1a: Pelipper
|-activate|p1a: Pelipper|item: Safety Goggles|Spore
|
|-weather|RainDance|[upkeep]
|-heal|p2a: Amoonguss|71/100|[from] item: Leftovers
|upkeep
|turn|2
|inactive|tk_feenix has 30 seconds left.
|inactive|jqrzzz has 30 seconds left.
|
|t:|1756987512
|switch|p1b: Archaludon|Archaludon, L50, F|100/100
|switch|p2b: Rillaboom|Rillaboom, L50, F|100/100
|-terastallize|p2a: Amoonguss|Water
|move|p1a: Pelipper|Hurricane|p2a: Amoonguss
|-damage|p2a: Amoonguss|40/100
|move|p2a: Amoonguss|Substitute|p2a: Amoonguss
|-start|p2a: Amoonguss|Substitute
|-damage|p2a: Amoonguss|15/100
|
|-weather|RainDance|[upkeep]
|-heal|p2a: Amoonguss|21/100|[from] item: Leftovers
|upkeep
|turn|3
|inactive|tk_feenix has 30 seconds left.
|inactive|tk_feenix has 20 seconds left.
|inactive|jqrzzz has 30 seconds left.
|
|t:|1756987548
|switch|p2b: Incineroar|Incineroar, L50, M|87/100
|-ability|p2b: Incineroar|Intimidate|boost
|-unboost|p1a: Pelipper|atk|1
|-unboost|p1b: Archaludon|atk|1
|move|p1b: Archaludon|Body Press|p2a: Amoonguss
|-activate|p2a: Amoonguss|move: Substitute|[damage]
|move|p1a: Pelipper|Hurricane|p2b: Incineroar
|-damage|p2b: Incineroar|50/100
|-start|p2b: Incineroar|confusion
|-enditem|p2b: Incineroar|Sitrus Berry|[eat]
|-heal|p2b: Incineroar|74/100|[from] item: Sitrus Berry
|move|p2a: Amoonguss|Spore|p1b: Archaludon
|-status|p1b: Archaludon|slp|[from] move: Spore
|
|-weather|RainDance|[upkeep]
|-heal|p2a: Amoonguss|27/100|[from] item: Leftovers
|upkeep
|turn|4
|inactive|tk_feenix has 30 seconds left.
|inactive|jqrzzz has 30 seconds left.
|
|t:|1756987582
|cant|p1b: Archaludon|slp
|move|p1a: Pelipper|Hurricane|p2b: Incineroar
|-damage|p2b: Incineroar|39/100
|-activate|p2b: Incineroar|confusion
|move|p2b: Incineroar|Parting Shot|p1b: Archaludon
|-unboost|p1b: Archaludon|atk|1
|-unboost|p1b: Archaludon|spa|1
|
|t:|1756987592
|switch|p2b: Rillaboom|Rillaboom, L50, F|100/100|[from] Parting Shot
|move|p2a: Amoonguss|Pollen Puff|p2b: Rillaboom
|
|-weather|RainDance|[upkeep]
|-heal|p2a: Amoonguss|33/100|[from] item: Leftovers
|upkeep
|turn|5
|
|t:|1756987608
|switch|p1b: Gholdengo|Gholdengo, L50|48/100
|switch|p2b: Incineroar|Incineroar, L50, M|39/100
|-ability|p2b: Incineroar|Intimidate|boost
|-unboost|p1a: Pelipper|atk|1
|-unboost|p1b: Gholdengo|atk|1
|move|p1a: Pelipper|Hurricane|p2b: Incineroar
|-damage|p2b: Incineroar|7/100
|move|p2a: Amoonguss|Pollen Puff|p2b: Incineroar
|-heal|p2b: Incineroar|57/100
|
|-weather|none
|-heal|p2a: Amoonguss|39/100|[from] item: Leftovers
|upkeep
|turn|6
|inactive|jqrzzz has 30 seconds left.
|
|t:|1756987638
|switch|p1a: Archaludon|Archaludon, L50, F|100/100 slp
|move|p1b: Gholdengo|Make It Rain|p2b: Incineroar|[spread] p2a,p2b
|-resisted|p2a: Amoonguss
|-end|p2a: Amoonguss|Substitute
|-resisted|p2b: Incineroar
|-damage|p2b: Incineroar|35/100
|-unboost|p1b: Gholdengo|spa|1
|move|p2b: Incineroar|Flare Blitz|p1b: Gholdengo
|-supereffective|p1b: Gholdengo
|-damage|p1b: Gholdengo|0 fnt
|faint|p1b: Gholdengo
|-damage|p2b: Incineroar|22/100|[from] Recoil
|move|p2a: Amoonguss|Pollen Puff|p2b: Incineroar
|-heal|p2b: Incineroar|72/100
|
|-heal|p2a: Amoonguss|44/100|[from] item: Leftovers
|upkeep
|
|t:|1756987652
|switch|p1b: Pelipper|Pelipper, L50, M|100/100
|-weather|RainDance|[from] ability: Drizzle|[of] p1b: Pelipper
|turn|7
|inactive|tk_feenix has 30 seconds left.
|
|t:|1756987685
|switch|p2b: Rillaboom|Rillaboom, L50, F|100/100
|-curestatus|p1a: Archaludon|slp|[msg]
|move|p1a: Archaludon|Body Press|p2a: Amoonguss
|-damage|p2a: Amoonguss|22/100
|move|p1b: Pelipper|Weather Ball|p2b: Rillaboom
|-resisted|p2b: Rillaboom
|-damage|p2b: Rillaboom|82/100
|move|p2a: Amoonguss|Substitute|p2a: Amoonguss
|-fail|p2a: Amoonguss|move: Substitute|[weak]
|
|-weather|RainDance|[upkeep]
|-heal|p2a: Amoonguss|28/100|[from] item: Leftovers
|upkeep
|turn|8
|
|t:|1756987703
|move|p2a: Amoonguss|Protect|p2a: Amoonguss
|-singleturn|p2a: Amoonguss|Protect
|move|p1a: Archaludon|Body Press|p2a: Amoonguss
|-activate|p2a: Amoonguss|move: Protect
|move|p2b: Rillaboom|Knock Off|p1b: Pelipper
|-damage|p1b: Pelipper|68/100
|-enditem|p1b: Pelipper|Safety Goggles|[from] move: Knock Off|[of] p2b: Rillaboom
|move|p1b: Pelipper|Hurricane|p2a: Amoonguss
|-activate|p2a: Amoonguss|move: Protect
|
|-weather|RainDance|[upkeep]
|-heal|p2a: Amoonguss|34/100|[from] item: Leftovers
|upkeep
|turn|9
|inactive|jqrzzz has 30 seconds left.
|
|t:|1756987734
|switch|p2a: Ceruledge|Ceruledge, L50, F|100/100
|move|p1a: Archaludon|Body Press|p2a: Ceruledge
|-immune|p2a: Ceruledge
|move|p2b: Rillaboom|U-turn|p1b: Pelipper
|-resisted|p1b: Pelipper
|-damage|p1b: Pelipper|58/100
|
|t:|1756987745
|switch|p2b: Amoonguss|Amoonguss, L50, M, tera:Water|67/100|[from] U-turn
|move|p1b: Pelipper|Hurricane|p2a: Ceruledge
|-damage|p2a: Ceruledge|61/100
|
|-weather|RainDance|[upkeep]
|-heal|p2b: Amoonguss|73/100|[from] item: Leftovers
|upkeep
|turn|10
|
|t:|1756987769
|switch|p2a: Rillaboom|Rillaboom, L50, F|82/100
|move|p2b: Amoonguss|Protect|p2b: Amoonguss
|-singleturn|p2b: Amoonguss|Protect
|move|p1a: Archaludon|Electro Shot||[still]
|-prepare|p1a: Archaludon|Electro Shot
|-boost|p1a: Archaludon|spa|1
|-anim|p1a: Archaludon|Electro Shot|p2b: Amoonguss
|-activate|p2b: Amoonguss|move: Protect
|move|p1b: Pelipper|Weather Ball|p2a: Rillaboom
|-resisted|p2a: Rillaboom
|-damage|p2a: Rillaboom|62/100
|
|-weather|RainDance|[upkeep]
|-heal|p2b: Amoonguss|79/100|[from] item: Leftovers
|upkeep
|turn|11
|
|t:|1756987792
|switch|p2b: Incineroar|Incineroar, L50, M|72/100
|-ability|p2b: Incineroar|Intimidate|boost
|-unboost|p1a: Archaludon|atk|1
|-unboost|p1b: Pelipper|atk|1
|move|p1a: Archaludon|Electro Shot||[still]
|-prepare|p1a: Archaludon|Electro Shot
|-boost|p1a: Archaludon|spa|1
|-anim|p1a: Archaludon|Electro Shot|p2b: Incineroar
|-damage|p2b: Incineroar|15/100
|move|p2a: Rillaboom|Wood Hammer|p1b: Pelipper
|-damage|p1b: Pelipper|1/100
|-damage|p2a: Rillaboom|47/100|[from] Recoil
|move|p1b: Pelipper|Weather Ball|p2b: Incineroar
|-supereffective|p2b: Incineroar
|-damage|p2b: Incineroar|0 fnt
|faint|p2b: Incineroar
|
|-weather|none
|upkeep
|
|t:|1756987805
|switch|p2b: Amoonguss|Amoonguss, L50, M, tera:Water|100/100
|turn|12
|inactive|tk_feenix has 30 seconds left.
|
|t:|1756987835
|switch|p1b: Dragonite|Dragonite, L50, M|100/100
|move|p2b: Amoonguss|Protect|p2b: Amoonguss
|-singleturn|p2b: Amoonguss|Protect
|move|p1a: Archaludon|Body Press|p2a: Rillaboom
|-damage|p2a: Rillaboom|26/100
|move|p2a: Rillaboom|U-turn|p1b: Dragonite
|-resisted|p1b: Dragonite
|-crit|p1b: Dragonite
|-damage|p1b: Dragonite|92/100
|inactive|jqrzzz has 30 seconds left.
|inactive|jqrzzz has 20 seconds left.
|inactive|jqrzzz has 15 seconds left.
|inactive|jqrzzz has 10 seconds left.
|inactive|jqrzzz has 5 seconds left.
|
|t:|1756987890
|switch|p2a: Ceruledge|Ceruledge, L50, F|61/100|[from] U-turn
|
|upkeep
|turn|13
|
|t:|1756987912
|switch|p1b: Pelipper|Pelipper, L50, M|1/100
|-weather|RainDance|[from] ability: Drizzle|[of] p1b: Pelipper
|move|p1a: Archaludon|Snarl|p2a: Ceruledge|[spread] p2a,p2b
|-supereffective|p2a: Ceruledge
|-damage|p2a: Ceruledge|17/100
|-damage|p2b: Amoonguss|81/100
|-unboost|p2b: Amoonguss|spa|1
|move|p2a: Ceruledge|Bulk Up|p2a: Ceruledge
|-boost|p2a: Ceruledge|atk|1
|-boost|p2a: Ceruledge|def|1
|move|p2b: Amoonguss|Spore|p1a: Archaludon
|-status|p1a: Archaludon|slp|[from] move: Spore
|
|-weather|RainDance|[upkeep]
|-heal|p2b: Amoonguss|87/100|[from] item: Leftovers
|upkeep
|turn|14
|
|t:|1756987924
|move|p2a: Ceruledge|Shadow Sneak|p1b: Pelipper
|-damage|p1b: Pelipper|0 fnt
|faint|p1b: Pelipper
|cant|p1a: Archaludon|slp
|move|p2b: Amoonguss|Spore|p1a: Archaludon
|-fail|p1a: Archaludon|slp
|
|-weather|RainDance|[upkeep]
|-heal|p2b: Amoonguss|93/100|[from] item: Leftovers
|upkeep
|
|t:|1756987927
|switch|p1b: Dragonite|Dragonite, L50, M|92/100
|turn|15
|
|t:|1756987937
|switch|p2a: Rillaboom|Rillaboom, L50, F|26/100
|move|p1b: Dragonite|Scale Shot|p2a: Rillaboom|[miss]
|-miss|p1b: Dragonite|p2a: Rillaboom
|cant|p1a: Archaludon|slp
|move|p2b: Amoonguss|Spore|p1b: Dragonite
|-status|p1b: Dragonite|slp|[from] move: Spore
|
|-weather|RainDance|[upkeep]
|-heal|p2b: Amoonguss|99/100|[from] item: Leftovers
|upkeep
|turn|16
|
|t:|1756987947
|cant|p1b: Dragonite|slp
|-curestatus|p1a: Archaludon|slp|[msg]
|move|p1a: Archaludon|Electro Shot||[still]
|-prepare|p1a: Archaludon|Electro Shot
|-boost|p1a: Archaludon|spa|1
|-anim|p1a: Archaludon|Electro Shot|p2b: Amoonguss
|-supereffective|p2b: Amoonguss
|-damage|p2b: Amoonguss|0 fnt
|faint|p2b: Amoonguss
|move|p2a: Rillaboom|Knock Off|p1b: Dragonite
|-damage|p1b: Dragonite|56/100 slp
|-enditem|p1b: Dragonite|Loaded Dice|[from] move: Knock Off|[of] p2a: Rillaboom
|
|-weather|RainDance|[upkeep]
|upkeep
|
|t:|1756987955
|switch|p2b: Ceruledge|Ceruledge, L50, F|17/100
|turn|17
|
|t:|1756987976
|move|p2b: Ceruledge|Protect|p2b: Ceruledge
|-singleturn|p2b: Ceruledge|Protect
|cant|p1b: Dragonite|slp
|move|p1a: Archaludon|Flash Cannon|p2a: Rillaboom
|-damage|p2a: Rillaboom|0 fnt
|faint|p2a: Rillaboom
|
|-weather|none
|upkeep
|turn|18
|
|t:|1756987983
|-curestatus|p1b: Dragonite|slp|[msg]
|move|p1b: Dragonite|Scale Shot|p2b: Ceruledge
|-damage|p2b: Ceruledge|2/100
|-damage|p2b: Ceruledge|0 fnt
|faint|p2b: Ceruledge
|-hitcount|p2: Ceruledge|2
|
|win|tk_feenix
||jqrzzz is ready for game 2.
||tk_feenix is ready for game 2.
|uhtml|next|Next: Game 2 of 3
|l|☆jqrzzz
|player|p2|
