|j|☆axcoquette
|j|☆MarkusVgc
|html|axcoquetteMarkusVgc    
|uhtml|bestof|Game 1 of a best-of-3
|t:|1784581143
|gametype|doubles
|player|p1|axcoquette|2|1219
|player|p2|MarkusVgc|marshal|1188
|gen|9
|tier|[Gen 9 Champions] VGC 2026 Reg M-B (Bo3)
|rated|
|rule|Species Clause: Limit one of each Pokémon
|rule|Item Clause: Limit 1 of each item
|clearpoke
|poke|p1|Aerodactyl, L50, F|
|poke|p1|Kingambit, L50, F|
|poke|p1|Sylveon, L50, F|
|poke|p1|Garchomp, L50, M|
|poke|p1|Charizard, L50, M|
|poke|p1|Incineroar, L50, M|
|poke|p2|Lucario, L50, M|
|poke|p2|Froslass, L50, F|
|poke|p2|Garchomp, L50, M|
|poke|p2|Sylveon, L50, M|
|poke|p2|Aerodactyl, L50, F|
|poke|p2|Milotic, L50, F|
|teampreview|4
|showteam|p1|Aerodactyl||Aerodactylite|Unnerve|IceFang,RockSlide,Tailwind,WideGuard|Jolly||F|||50|]Kingambit||FocusSash|Defiant|KowtowCleave,SuckerPunch,IronHead,Protect|Adamant||F|||50|]Sylveon||FairyFeather|Pixilate|Detect,HyperVoice,HyperBeam,QuickAttack|Modest||F|||50|]Garchomp||LifeOrb|RoughSkin|Earthquake,DragonClaw,StompingTantrum,Protect|Jolly||M|||50|]Charizard||CharizarditeY|Blaze|Protect,HeatWave,SolarBeam,WeatherBall|Modest||M|||50|]Incineroar||SitrusBerry|Intimidate|DarkestLariat,FlareBlitz,FakeOut,PartingShot|Impish||M|||50|
|showteam|p2|Lucario||Lucarionite|InnerFocus|CloseCombat,MeteorMash,BulletPunch,Protect|Jolly||M|||50|]Froslass||Froslassite|SnowCloak|Blizzard,ShadowBall,Thunderbolt,Protect|Timid||F|||50|]Garchomp||LifeOrb|RoughSkin|DragonClaw,Earthquake,RockSlide,Protect|Jolly||M|||50|]Sylveon||FairyFeather|Pixilate|HyperVoice,HyperBeam,HelpingHand,Detect|Modest||M|||50|]Aerodactyl||FocusSash|Unnerve|RockSlide,DualWingbeat,Tailwind,Protect|Jolly||F|||50|]Milotic||Leftovers|Competitive|Scald,IcyWind,HelpingHand,Protect|Calm||F|||50|
|inactive|Battle timer is ON: inactive players will automatically lose when time's up. (requested by axcoquette)
|inactive|axcoquette has 60 seconds left.
|inactive|MarkusVgc has 60 seconds left.
|inactive|axcoquette has 30 seconds left.
|
|t:|1784581207
|teamsize|p1|4
|teamsize|p2|4
|start
|switch|p1a: Aerodactyl|Aerodactyl, L50, F|100/100
|switch|p1b: Garchomp|Garchomp, L50, M|100/100
|switch|p2a: Lucario|Lucario, L50, M|100/100
|switch|p2b: Milotic|Milotic, L50, F|100/100
|-ability|p1a: Aerodactyl|Unnerve
|turn|1
|
|t:|1784581230
|detailschange|p1a: Aerodactyl|Aerodactyl-Mega, L50, F
|-mega|p1a: Aerodactyl|Aerodactyl|Aerodactylite
|move|p2a: Lucario|Protect|p2a: Lucario
|-singleturn|p2a: Lucario|Protect
|move|p1a: Aerodactyl|Tailwind|p1a: Aerodactyl
|-sidestart|p1: axcoquette|move: Tailwind
|move|p1b: Garchomp|Earthquake|p2a: Lucario|[spread] p2b
|-activate|p2a: Lucario|move: Protect
|-immune|p1a: Aerodactyl
|-damage|p2b: Milotic|52/100
|-damage|p1b: Garchomp|90/100|[from] item: Life Orb
|move|p2b: Milotic|Icy Wind|p1a: Aerodactyl|[spread] p1a,p1b
|-supereffective|p1a: Aerodactyl|1
|-supereffective|p1b: Garchomp|2
|-damage|p1a: Aerodactyl|81/100
|-damage|p1b: Garchomp|44/100
|-unboost|p1a: Aerodactyl|spe|1
|-unboost|p1b: Garchomp|spe|1
|
|-heal|p2b: Milotic|58/100|[from] item: Leftovers
|upkeep
|turn|2
|
|t:|1784581255
|detailschange|p2a: Lucario|Lucario-Mega, L50, M
|-mega|p2a: Lucario|Lucario|Lucarionite
|move|p2b: Milotic|Helping Hand|p2a: Lucario
|-singleturn|p2a: Lucario|Helping Hand|[of] p2b: Milotic
|move|p1a: Aerodactyl|Wide Guard|p1a: Aerodactyl
|-singleturn|p1a: Aerodactyl|Wide Guard
|move|p2a: Lucario|Bullet Punch|p1b: Garchomp
|-damage|p1b: Garchomp|0 fnt
|-damage|p2a: Lucario|87/100|[from] ability: Rough Skin|[of] p1b: Garchomp
|faint|p1b: Garchomp
|
|-heal|p2b: Milotic|64/100|[from] item: Leftovers
|upkeep
|
|t:|1784581266
|switch|p1b: Kingambit|Kingambit, L50, F|100/100
|turn|3
|
|t:|1784581281
|move|p2a: Lucario|Protect|p2a: Lucario
|-singleturn|p2a: Lucario|Protect
|move|p1a: Aerodactyl|Rock Slide|p2b: Milotic|[spread] p2b
|-activate|p2a: Lucario|move: Protect
|-damage|p2b: Milotic|37/100
|move|p1b: Kingambit|Kowtow Cleave|p2a: Lucario
|-activate|p2a: Lucario|move: Protect
|cant|p2b: Milotic|flinch
|
|-heal|p2b: Milotic|43/100|[from] item: Leftovers
|upkeep
|turn|4
|
|t:|1784581305
|move|p2a: Lucario|Bullet Punch|p1a: Aerodactyl
|-supereffective|p1a: Aerodactyl|1
|-damage|p1a: Aerodactyl|18/100
|move|p1a: Aerodactyl|Rock Slide|p2b: Milotic|[spread] p2a,p2b
|-resisted|p2a: Lucario|2
|-damage|p2a: Lucario|78/100
|-damage|p2b: Milotic|19/100
|move|p1b: Kingambit|Kowtow Cleave|p2a: Lucario
|-resisted|p2a: Lucario|1
|-damage|p2a: Lucario|44/100
|move|p2b: Milotic|Scald|p1b: Kingambit
|-damage|p1b: Kingambit|70/100
|
|-heal|p2b: Milotic|25/100|[from] item: Leftovers
|-sideend|p1: axcoquette|move: Tailwind
|upkeep
|turn|5
|inactive|MarkusVgc has 30 seconds left.
|inactive|MarkusVgc has 20 seconds left.
|
|t:|1784581342
|move|p2a: Lucario|Bullet Punch|p1a: Aerodactyl
|-supereffective|p1a: Aerodactyl|1
|-damage|p1a: Aerodactyl|0 fnt
|faint|p1a: Aerodactyl
|move|p2b: Milotic|Scald|p1b: Kingambit
|-damage|p1b: Kingambit|40/100
|move|p1b: Kingambit|Kowtow Cleave|p2a: Lucario
|-resisted|p2a: Lucario|1
|-damage|p2a: Lucario|13/100
|
|-heal|p2b: Milotic|31/100|[from] item: Leftovers
|upkeep
|
|t:|1784581352
|switch|p1a: Sylveon|Sylveon, L50, F|100/100
|turn|6
|
|t:|1784581372
|move|p2a: Lucario|Protect|p2a: Lucario
|-singleturn|p2a: Lucario|Protect
|move|p1a: Sylveon|Quick Attack|p2a: Lucario
|-activate|p2a: Lucario|move: Protect
|move|p1b: Kingambit|Sucker Punch|p2b: Milotic
|-damage|p2b: Milotic|0 fnt
|faint|p2b: Milotic
|
|upkeep
|
|t:|1784581389
|switch|p2b: Sylveon|Sylveon, L50, M|100/100
|turn|7
|
|t:|1784581400
|move|p2b: Sylveon|Helping Hand|p2a: Lucario
|-singleturn|p2a: Lucario|Helping Hand|[of] p2b: Sylveon
|move|p2a: Lucario|Bullet Punch|p1a: Sylveon
|-supereffective|p1a: Sylveon|1
|-damage|p1a: Sylveon|0 fnt
|faint|p1a: Sylveon
|move|p1b: Kingambit|Iron Head|p2b: Sylveon
|-supereffective|p2b: Sylveon|1
|-damage|p2b: Sylveon|0 fnt
|faint|p2b: Sylveon
|
|upkeep
|
|t:|1784581411
|switch|p2b: Garchomp|Garchomp, L50, M|100/100
|turn|8
|-message|axcoquette forfeited.
|
|win|MarkusVgc
