|j|☆pengu
|j|☆Daravones Soup
|html|penguDaravones Soup    
|uhtml|bestof|Game 1 of a best-of-3
|t:|1784984540
|gametype|doubles
|player|p1|pengu|rosa-masters2|
|player|p2|Daravones Soup|2|
|gen|9
|tier|[Gen 9 Champions] VGC 2026 Reg M-B (Bo3)
|rule|Species Clause: Limit one of each Pokémon
|rule|Item Clause: Limit 1 of each item
|clearpoke
|poke|p1|Tyranitar, L50, M|
|poke|p1|Gengar, L50, F|
|poke|p1|Kommo-o, L50, M|
|poke|p1|Rotom-Wash, L50|
|poke|p1|Tinkaton, L50, F|
|poke|p1|Arcanine, L50, M|
|poke|p2|Gengar, L50, F|
|poke|p2|Blastoise, L50, M|
|poke|p2|Scrafty, L50, M|
|poke|p2|Clefable, L50, M|
|poke|p2|Meowscarada, L50, F|
|poke|p2|Volcarona, L50, F|
|teampreview|4
|showteam|p1|Tyranitar||Tyranitarite|SandStream|RockSlide,KnockOff,LowKick,Protect|Adamant||M|||50|]Gengar||Gengarite|CursedBody|SludgeBomb,ShadowBall,Substitute,Protect|Timid||F|||50|]Kommo-o||Leftovers|Soundproof|ClangingScales,ClangorousSoul,AuraSphere,Protect|Modest||M|||50|]Rotom-Wash||ChoiceScarf|Levitate|HydroPump,Thunderbolt,VoltSwitch,Electroweb|Modest|||||50|]Tinkaton||MetalCoat|OwnTempo|FakeOut,GigatonHammer,PlayRough,Protect|Jolly||F|||50|]Arcanine||SitrusBerry|Intimidate|FlareBlitz,ExtremeSpeed,Howl,Protect|Adamant||M|||50|
|showteam|p2|Gengar||Gengarite|CursedBody|ShadowBall,Substitute,PerishSong,Protect|Timid||F|||50|]Blastoise||Blastoisinite|RainDish|WaterSpout,DarkPulse,ShellSmash,Protect|Timid||M|||50|]Scrafty||RoseliBerry|Intimidate|FakeOut,CloseCombat,KnockOff,Detect|Careful||M|||50|]Clefable||SitrusBerry|CuteCharm|FollowMe,LifeDew,DazzlingGleam,Protect|Calm||M|||50|]Meowscarada||ChoiceScarf|Protean|Uturn,FlowerTrick,TripleAxel,PollenPuff|Jolly||F|||50|]Volcarona||Leftovers|FlameBody|StruggleBug,QuiverDance,HeatWave,Protect|Modest||F|||50|
|inactive|Battle timer is ON: inactive players will automatically lose when time's up. (requested by pengu)
|c|☆Daravones Soup|Live game?
|c|☆pengu|yea i can link
|c|☆pengu|hf
|j| thebusinesspiggy2
|inactive|pengu has 60 seconds left.
|inactive|Daravones Soup has 60 seconds left.
|c|☆Daravones Soup|U2
|inactive|pengu has 30 seconds left.
|inactive|Daravones Soup has 30 seconds left.
|inactive|Daravones Soup has 20 seconds left.
|inactive|Daravones Soup has 15 seconds left.
|inactive|Daravones Soup has 10 seconds left.
|j| forkuser2
|inactive|Daravones Soup has 5 seconds left.
|
|t:|1784984627
|teamsize|p1|4
|teamsize|p2|4
|start
|switch|p1a: Rewind|Tinkaton, L50, F|100/100
|switch|p1b: Hard Candy|Rotom-Wash, L50|100/100
|switch|p2a: Gengar|Gengar, L50, F|100/100
|switch|p2b: Scrafty|Scrafty, L50, M|100/100
|-ability|p2b: Scrafty|Intimidate|boost
|-fail|p1a: Rewind|unboost|Attack|[from] ability: Own Tempo|[of] p1a: Rewind
|-unboost|p1b: Hard Candy|atk|1
|turn|1
|
|t:|1784984648
|detailschange|p2a: Gengar|Gengar-Mega, L50, F
|-mega|p2a: Gengar|Gengar|Gengarite
|move|p1a: Rewind|Fake Out|p2b: Scrafty
|-damage|p2b: Scrafty|92/100
|cant|p2b: Scrafty|flinch
|move|p1b: Hard Candy|Volt Switch|p2b: Scrafty
|-damage|p2b: Scrafty|69/100
|
|t:|1784984653
|switch|p1b: Kiss Of Death|Kommo-o, L50, M|100/100|[from] Volt Switch
|move|p2a: Gengar|Shadow Ball|p1b: Kiss Of Death
|-damage|p1b: Kiss Of Death|55/100
|
|-heal|p1b: Kiss Of Death|61/100|[from] item: Leftovers
|upkeep
|turn|2
|inactive|Daravones Soup has 30 seconds left.
|
|t:|1784984678
|switch|p2b: Volcarona|Volcarona, L50, F|100/100
|move|p1b: Kiss Of Death|Protect|p1b: Kiss Of Death
|-singleturn|p1b: Kiss Of Death|Protect
|move|p2a: Gengar|Shadow Ball|p1b: Kiss Of Death
|-activate|p1b: Kiss Of Death|move: Protect
|move|p1a: Rewind|Play Rough|p2b: Volcarona
|-resisted|p2b: Volcarona|1
|-damage|p2b: Volcarona|82/100
|
|-heal|p2b: Volcarona|89/100|[from] item: Leftovers
|-heal|p1b: Kiss Of Death|67/100|[from] item: Leftovers
|upkeep
|turn|3
|l| forkuser2
|inactive|Daravones Soup has 30 seconds left.
|
|t:|1784984710
|move|p2a: Gengar|Shadow Ball|p1b: Kiss Of Death
|-damage|p1b: Kiss Of Death|16/100
|move|p2b: Volcarona|Heat Wave|p1b: Kiss Of Death|[spread] p1a,p1b
|-supereffective|p1a: Rewind|1
|-resisted|p1b: Kiss Of Death|1
|-damage|p1a: Rewind|34/100
|-damage|p1b: Kiss Of Death|0 fnt
|faint|p1b: Kiss Of Death
|move|p1a: Rewind|Gigaton Hammer|p2a: Gengar
|-damage|p2a: Gengar|30/100
|
|-heal|p2b: Volcarona|95/100|[from] item: Leftovers
|upkeep
|
|t:|1784984717
|switch|p1b: Hard Candy|Rotom-Wash, L50|100/100
|turn|4
|inactive|Daravones Soup has 30 seconds left.
|
|t:|1784984749
|move|p1a: Rewind|Protect|p1a: Rewind
|-singleturn|p1a: Rewind|Protect
|move|p1b: Hard Candy|Volt Switch|p2a: Gengar
|-damage|p2a: Gengar|0 fnt
|faint|p2a: Gengar
|
|t:|1784984753
|switch|p1b: Forget me Not.|Arcanine, L50, M|100/100|[from] Volt Switch
|-ability|p1b: Forget me Not.|Intimidate|boost
|-unboost|p2b: Volcarona|atk|1
|move|p2b: Volcarona|Quiver Dance|p2b: Volcarona
|-boost|p2b: Volcarona|spa|1
|-boost|p2b: Volcarona|spd|1
|-boost|p2b: Volcarona|spe|1
|
|-heal|p2b: Volcarona|100/100|[from] item: Leftovers
|upkeep
|
|t:|1784984761
|switch|p2a: Scrafty|Scrafty, L50, M|69/100
|-ability|p2a: Scrafty|Intimidate|boost
|-fail|p1a: Rewind|unboost|Attack|[from] ability: Own Tempo|[of] p1a: Rewind
|-unboost|p1b: Forget me Not.|atk|1
|turn|5
|
|t:|1784984771
|switch|p1a: Hard Candy|Rotom-Wash, L50|100/100
|move|p2a: Scrafty|Fake Out|p1b: Forget me Not.
|-damage|p1b: Forget me Not.|89/100
|move|p2b: Volcarona|Quiver Dance|p2b: Volcarona
|-boost|p2b: Volcarona|spa|1
|-boost|p2b: Volcarona|spd|1
|-boost|p2b: Volcarona|spe|1
|cant|p1b: Forget me Not.|flinch
|
|upkeep
|turn|6
|
|t:|1784984788
|move|p2b: Volcarona|Struggle Bug|p1a: Hard Candy|[spread] p1a,p1b
|-resisted|p1b: Forget me Not.|1
|-damage|p1a: Hard Candy|55/100
|-damage|p1b: Forget me Not.|69/100
|-unboost|p1a: Hard Candy|spa|1
|-unboost|p1b: Forget me Not.|spa|1
|move|p1a: Hard Candy|Hydro Pump|p2a: Scrafty
|-damage|p2a: Scrafty|43/100
|move|p1b: Forget me Not.|Flare Blitz|p2a: Scrafty
|-damage|p2a: Scrafty|10/100
|-damage|p1b: Forget me Not.|59/100|[from] Recoil
|move|p2a: Scrafty|Knock Off|p1b: Forget me Not.
|-damage|p1b: Forget me Not.|23/100
|-enditem|p1b: Forget me Not.|Sitrus Berry|[from] move: Knock Off|[of] p2a: Scrafty
|
|upkeep
|turn|7
|
|t:|1784984810
|switch|p2a: Clefable|Clefable, L50, M|100/100
|move|p2b: Volcarona|Struggle Bug|p1b: Forget me Not.|[spread] p1a,p1b
|-resisted|p1b: Forget me Not.|1
|-damage|p1a: Hard Candy|9/100
|-damage|p1b: Forget me Not.|3/100
|-unboost|p1a: Hard Candy|spa|1
|-unboost|p1b: Forget me Not.|spa|1
|move|p1a: Hard Candy|Hydro Pump|p2b: Volcarona
|-supereffective|p2b: Volcarona|1
|-damage|p2b: Volcarona|77/100
|move|p1b: Forget me Not.|Flare Blitz|p2b: Volcarona
|-damage|p2b: Volcarona|26/100
|-damage|p1b: Forget me Not.|0 fnt|[from] Recoil
|faint|p1b: Forget me Not.
|
|-heal|p2b: Volcarona|32/100|[from] item: Leftovers
|upkeep
|
|t:|1784984815
|switch|p1b: Rewind|Tinkaton, L50, F|34/100
|turn|8
|c|☆pengu|gg
|-message|pengu forfeited.
|
|win|Daravones Soup
||pengu is ready for game 2.
||Daravones Soup is ready for game 2.
|uhtml|next|Next: Game 2 of 3
|l|☆Daravones Soup
|player|p2|
