|j|☆Da Newnew
|j|☆Daniw9
|html|Da NewnewDaniw9    
|uhtml|bestof|Game 1 of a best-of-3
|t:|1756389659
|gametype|doubles
|player|p1|Da Newnew|101|1107
|player|p2|Daniw9|101|1208
|gen|9
|tier|[Gen 9] VGC 2025 Reg H (Bo3)
|rated|
|rule|Species Clause: Limit one of each Pokémon
|rule|Item Clause: Limit 1 of each item
|clearpoke
|poke|p1|Tyranitar, L50, F|
|poke|p1|Volcarona, L50, F|
|poke|p1|Houndstone, L50, M|
|poke|p1|Sneasler, L50, F|
|poke|p1|Rillaboom, L50, M|
|poke|p1|Dragonite, L50, M|
|poke|p2|Garchomp, L50, M|
|poke|p2|Tyranitar, L50, F|
|poke|p2|Delphox, L50, M|
|poke|p2|Indeedee-F, L50, F|
|poke|p2|Gallade, L50, M|
|poke|p2|Whimsicott, L50, F|
|teampreview|4
|showteam|p1|Tyranitar||AssaultVest|SandStream|RockSlide,KnockOff,TeraBlast,LowKick|||F|||50|,,,,,Flying]Volcarona||Leftovers|FlameBody|HeatWave,GigaDrain,QuiverDance,Protect|||F|||50|,,,,,Dragon]Houndstone||ClearAmulet|SandRush|Protect,LastRespects,PsychicFangs,Poltergeist|||M|||50|,,,,,Ghost]Sneasler||GrassySeed|Unburden|Protect,DireClaw,CloseCombat,Coaching|||F|||50|,,,,,Stellar]Rillaboom||MiracleSeed|GrassySurge|FakeOut,GrassyGlide,WoodHammer,HighHorsepower|||M|||50|,,,,,Fire]Dragonite||LoadedDice|Multiscale|ScaleShot,Haze,Tailwind,ExtremeSpeed|||M|||50|,,,,,Dragon
|showteam|p2|Garchomp||LifeOrb|SandVeil|Earthquake,StompingTantrum,Protect,DragonClaw|||M|||50|,,,,,Steel]Tyranitar||AssaultVest|SandStream|RockSlide,TeraBlast,KnockOff,LowKick|||F|||50|,,,,,Flying]Delphox||PsychicSeed|Magician|ExpandingForce,HeatWave,TeraBlast,Protect|||M|||50|,,,,,Fairy]Indeedee-F||SafetyGoggles|PsychicSurge|DazzlingGleam,TrickRoom,FollowMe,HelpingHand|||F|||50|,,,,,Water]Gallade||ClearAmulet|Sharpness|SacredSword,PsychoCut,TrickRoom,Protect|||M|||50|,,,,,Grass]Whimsicott||CovertCloak|Prankster|Moonblast,Tailwind,Encore,Protect|||F|||50|,,,,,Ghost
|
|t:|1756389708
|teamsize|p1|4
|teamsize|p2|4
|start
|switch|p1a: Volcarona|Volcarona, L50, F|100/100
|switch|p1b: Sneasler|Sneasler, L50, F|100/100
|switch|p2a: Indeedee|Indeedee-F, L50, F|100/100
|switch|p2b: Gallade|Gallade, L50, M|100/100
|-fieldstart|move: Psychic Terrain|[from] ability: Psychic Surge|[of] p2a: Indeedee
|turn|1
|
|t:|1756389739
|switch|p1b: Rillaboom|Rillaboom, L50, M|100/100
|-fieldstart|move: Grassy Terrain|[from] ability: Grassy Surge|[of] p1b: Rillaboom
|switch|p2a: Tyranitar|Tyranitar, L50, F|100/100
|-weather|Sandstorm|[from] ability: Sand Stream|[of] p2a: Tyranitar
|move|p1a: Volcarona|Quiver Dance|p1a: Volcarona
|-boost|p1a: Volcarona|spa|1
|-boost|p1a: Volcarona|spd|1
|-boost|p1a: Volcarona|spe|1
|move|p2b: Gallade|Trick Room|p2b: Gallade
|-fieldstart|move: Trick Room|[of] p2b: Gallade
|
|-weather|Sandstorm|[upkeep]
|-damage|p1b: Rillaboom|95/100|[from] Sandstorm
|-damage|p2b: Gallade|95/100|[from] Sandstorm
|-damage|p1a: Volcarona|94/100|[from] Sandstorm
|-heal|p1b: Rillaboom|100/100|[from] Grassy Terrain
|-heal|p2b: Gallade|100/100|[from] Grassy Terrain
|-heal|p1a: Volcarona|100/100|[from] Grassy Terrain
|upkeep
|turn|2
|
|t:|1756389778
|switch|p2a: Indeedee|Indeedee-F, L50, F|100/100
|-fieldstart|move: Psychic Terrain|[from] ability: Psychic Surge|[of] p2a: Indeedee
|-terastallize|p1a: Volcarona|Dragon
|move|p1b: Rillaboom|Wood Hammer|p2a: Indeedee
|-damage|p2a: Indeedee|26/100
|-damage|p1b: Rillaboom|79/100|[from] Recoil
|move|p2b: Gallade|Psycho Cut|p1a: Volcarona
|-damage|p1a: Volcarona|11/100
|move|p1a: Volcarona|Heat Wave|p2a: Indeedee|[spread] p2b
|-miss|p1a: Volcarona|p2a: Indeedee
|-damage|p2b: Gallade|50/100
|
|-weather|Sandstorm|[upkeep]
|-damage|p1b: Rillaboom|73/100|[from] Sandstorm
|-damage|p2b: Gallade|44/100|[from] Sandstorm
|-damage|p1a: Volcarona|5/100|[from] Sandstorm
|-heal|p1a: Volcarona|11/100|[from] item: Leftovers
|upkeep
|turn|3
|
|t:|1756389815
|switch|p2a: Tyranitar|Tyranitar, L50, F|100/100
|move|p1a: Volcarona|Protect|p1a: Volcarona
|-singleturn|p1a: Volcarona|Protect
|move|p1b: Rillaboom|Wood Hammer|p2a: Tyranitar
|-supereffective|p2a: Tyranitar
|-damage|p2a: Tyranitar|0 fnt
|faint|p2a: Tyranitar
|-damage|p1b: Rillaboom|41/100|[from] Recoil
|move|p2b: Gallade|Psycho Cut|p1b: Rillaboom
|-damage|p1b: Rillaboom|0 fnt
|faint|p1b: Rillaboom
|
|-weather|Sandstorm|[upkeep]
|-damage|p2b: Gallade|38/100|[from] Sandstorm
|-damage|p1a: Volcarona|5/100|[from] Sandstorm
|-heal|p1a: Volcarona|11/100|[from] item: Leftovers
|upkeep
|
|t:|1756389842
|switch|p2a: Indeedee|Indeedee-F, L50, F|26/100
|switch|p1b: Tyranitar|Tyranitar, L50, F|100/100
|turn|4
|
|t:|1756389853
|switch|p1b: Sneasler|Sneasler, L50, F|100/100
|move|p2b: Gallade|Protect|p2b: Gallade
|-singleturn|p2b: Gallade|Protect
|move|p2a: Indeedee|Dazzling Gleam|p1b: Sneasler|[spread] p1a,p1b
|-supereffective|p1a: Volcarona
|-damage|p1a: Volcarona|0 fnt
|-damage|p1b: Sneasler|83/100
|faint|p1a: Volcarona
|
|-weather|Sandstorm|[upkeep]
|-damage|p2b: Gallade|32/100|[from] Sandstorm
|-damage|p1b: Sneasler|77/100|[from] Sandstorm
|upkeep
|
|t:|1756389863
|switch|p1a: Tyranitar|Tyranitar, L50, F|100/100
|turn|5
|
|t:|1756389885
|switch|p2b: Whimsicott|Whimsicott, L50, F|100/100
|move|p2a: Indeedee|Dazzling Gleam|p1a: Tyranitar|[spread] p1a,p1b
|-supereffective|p1a: Tyranitar
|-damage|p1a: Tyranitar|90/100
|-damage|p1b: Sneasler|59/100
|move|p1a: Tyranitar|Rock Slide|p2b: Whimsicott|[spread] p2a,p2b
|-damage|p2a: Indeedee|0 fnt
|-damage|p2b: Whimsicott|66/100
|faint|p2a: Indeedee
|move|p1b: Sneasler|Dire Claw|p2b: Whimsicott
|-supereffective|p2b: Whimsicott
|-damage|p2b: Whimsicott|0 fnt
|faint|p2b: Whimsicott
|
|-weather|none
|-fieldend|move: Trick Room
|upkeep
|
|t:|1756389889
|switch|p2b: Gallade|Gallade, L50, M|32/100
|turn|6
|-message|Daniw9 forfeited.
|
|win|Da Newnew
|l|☆Daniw9
|player|p2|
||Daniw9 is ready for game 2.
||Da Newnew is ready for game 2.
|uhtml|next|Next: Game 2 of 3
|j|☆Daniw9
|player|p2|Daniw9|101|
