|j|☆Oriozz
|j|‽mallsanta
|html|Oriozzmallsanta    
|uhtml|bestof|Game 2 of a best-of-3
|t:|1783490947
|gametype|doubles
|player|p1|Oriozz|2|1072
|player|p2|mallsanta|102|1000
|gen|9
|tier|[Gen 9 Champions] VGC 2026 Reg M-B (Bo3)
|rated|
|rule|Species Clause: Limit one of each Pokémon
|rule|Item Clause: Limit 1 of each item
|clearpoke
|poke|p1|Kingambit, L50, M|
|poke|p1|Floette-Eternal, L50, F|
|poke|p1|Sneasler, L50, M|
|poke|p1|Incineroar, L50, M|
|poke|p1|Garchomp, L50, F|
|poke|p1|Sinistcha, L50|
|poke|p2|Metagross, L50, shiny|
|poke|p2|Charizard, L50, M, shiny|
|poke|p2|Incineroar, L50, M, shiny|
|poke|p2|Sylveon, L50, M, shiny|
|poke|p2|Sneasler, L50, F, shiny|
|poke|p2|Garchomp, L50, M, shiny|
|teampreview|4
|showteam|p1|Kingambit||ChopleBerry|Defiant|KowtowCleave,Protect,SuckerPunch,IronHead|Adamant||M|||50|]Floette-Eternal||Floettite|FlowerVeil|DazzlingGleam,DrainingKiss,Protect,CalmMind|Bold||F|||50|]Sneasler||FocusSash|Unburden|FakeOut,DireClaw,CloseCombat,Coaching|Jolly||M|||50|]Incineroar||Leftovers|Intimidate|FakeOut,FlareBlitz,PartingShot,HelpingHand|Careful||M|||50|]Garchomp||Garchompite|RoughSkin|Earthquake,StompingTantrum,RockSlide,Protect|Adamant||F|||50|]Sinistcha||SitrusBerry|Hospitality|Protect,MatchaGotcha,TrickRoom,RagePowder|Bold|||||50|
|showteam|p2|Metagross||Metagrossite|ClearBody|ThunderPunch,PsychicFangs,IronHead,Protect|Jolly|||||50|]Charizard||CharizarditeY|SolarPower|HeatWave,WeatherBall,SolarBeam,Protect|Timid||M|||50|]Incineroar||SitrusBerry|Blaze|ThroatChop,Taunt,PartingShot,Protect|Careful||M|||50|]Sylveon||FairyFeather|Pixilate|Yawn,HyperVoice,Moonblast,Protect|Calm||M|||50|]Sneasler||WhiteHerb|Unburden|FakeOut,CloseCombat,DireClaw,Protect|Adamant||F|||50|]Garchomp||LifeOrb|RoughSkin|Earthquake,RockSlide,PoisonJab,Protect|Jolly||M|||50|
|inactive|Battle timer is ON: inactive players will automatically lose when time's up. (requested by Oriozz)
|
|t:|1783490976
|teamsize|p1|4
|teamsize|p2|4
|start
|switch|p1a: Sneasler|Sneasler, L50, M|100/100
|switch|p1b: Kingambit|Kingambit, L50, M|100/100
|switch|p2a: Sneasler|Sneasler, L50, F, shiny|100/100
|switch|p2b: Sylveon|Sylveon, L50, M, shiny|100/100
|turn|1
|inactive|Oriozz has 30 seconds left.
|inactive|mallsanta has 30 seconds left.
|inactive|Oriozz has 20 seconds left.
|
|t:|1783491016
|switch|p1b: Incineroar|Incineroar, L50, M|100/100
|-ability|p1b: Incineroar|Intimidate|boost
|-unboost|p2a: Sneasler|atk|1
|-unboost|p2b: Sylveon|atk|1
|-enditem|p2a: Sneasler|White Herb
|-clearnegativeboost|p2a: Sneasler|[silent]
|move|p2a: Sneasler|Fake Out|p1a: Sneasler
|-damage|p1a: Sneasler|73/100
|cant|p1a: Sneasler|flinch
|move|p2b: Sylveon|Yawn|p1b: Incineroar
|-start|p1b: Incineroar|move: Yawn|[of] p2b: Sylveon
|
|upkeep
|turn|2
|inactive|mallsanta has 30 seconds left.
|
|t:|1783491048
|switch|p1b: Sinistcha|Sinistcha, L50|100/100
|-heal|p1a: Sneasler|98/100|[from] ability: Hospitality|[of] p1b: Sinistcha
|move|p2a: Sneasler|Protect|p2a: Sneasler
|-singleturn|p2a: Sneasler|Protect
|move|p2b: Sylveon|Protect|p2b: Sylveon
|-singleturn|p2b: Sylveon|Protect
|move|p1a: Sneasler|Dire Claw|p2b: Sylveon
|-activate|p2b: Sylveon|move: Protect
|
|upkeep
|turn|3
|inactive|Oriozz has 30 seconds left.
|inactive|mallsanta has 30 seconds left.
|
|t:|1783491082
|switch|p2a: Charizard|Charizard, L50, M, shiny|100/100
|switch|p1b: Incineroar|Incineroar, L50, M|100/100
|-ability|p1b: Incineroar|Intimidate|boost
|-unboost|p2a: Charizard|atk|1
|-unboost|p2b: Sylveon|atk|1
|move|p1a: Sneasler|Dire Claw|p2b: Sylveon
|-supereffective|p2b: Sylveon|1
|-crit|p2b: Sylveon
|-damage|p2b: Sylveon|0 fnt
|faint|p2b: Sylveon
|
|upkeep
|
|t:|1783491090
|switch|p2b: Garchomp|Garchomp, L50, M, shiny|100/100
|turn|4
|inactive|Oriozz has 30 seconds left.
|
|t:|1783491118
|detailschange|p2a: Charizard|Charizard-Mega-Y, L50, M, shiny
|-mega|p2a: Charizard|Charizard|Charizardite Y
|-weather|SunnyDay|[from] ability: Drought|[of] p2a: Charizard
|move|p1b: Incineroar|Fake Out|p2a: Charizard
|-damage|p2a: Charizard|86/100
|move|p1a: Sneasler|Coaching|p1b: Incineroar
|-boost|p1b: Incineroar|atk|1
|-boost|p1b: Incineroar|def|1
|move|p2b: Garchomp|Earthquake|p1a: Sneasler|[spread] p1a,p1b
|-immune|p2a: Charizard
|-supereffective|p1a: Sneasler|1
|-supereffective|p1b: Incineroar|1
|-damage|p1a: Sneasler|0 fnt
|-damage|p1b: Incineroar|46/100
|faint|p1a: Sneasler
|-damage|p2b: Garchomp|90/100|[from] item: Life Orb
|cant|p2a: Charizard|flinch
|
|-weather|SunnyDay|[upkeep]
|-heal|p1b: Incineroar|51/100|[from] item: Leftovers
|upkeep
|inactive|Oriozz has 30 seconds left.
|inactive|Oriozz has 20 seconds left.
|inactive|Oriozz has 15 seconds left.
|inactive|Oriozz has 10 seconds left.
|
|t:|1783491163
|switch|p1a: Kingambit|Kingambit, L50, M|100/100
|turn|5
|inactive|Oriozz has 30 seconds left.
|inactive|mallsanta has 30 seconds left.
|
|t:|1783491196
|move|p2b: Garchomp|Protect|p2b: Garchomp
|-singleturn|p2b: Garchomp|Protect
|move|p1a: Kingambit|Protect|p1a: Kingambit
|-singleturn|p1a: Kingambit|Protect
|move|p2a: Charizard|Heat Wave|p1a: Kingambit|[spread] p1b
|-activate|p1a: Kingambit|move: Protect
|-resisted|p1b: Incineroar|1
|-damage|p1b: Incineroar|28/100
|move|p1b: Incineroar|Flare Blitz|p2a: Charizard
|-resisted|p2a: Charizard|1
|-damage|p2a: Charizard|21/100
|-damage|p1b: Incineroar|11/100|[from] Recoil
|
|-weather|SunnyDay|[upkeep]
|-heal|p1b: Incineroar|17/100|[from] item: Leftovers
|upkeep
|turn|6
|inactive|mallsanta has 30 seconds left.
|
|t:|1783491223
|move|p2a: Charizard|Protect|p2a: Charizard
|-singleturn|p2a: Charizard|Protect
|move|p1a: Kingambit|Sucker Punch||[still]
|-fail|p1a: Kingambit
|move|p2b: Garchomp|Rock Slide|p1b: Incineroar|[spread] p1b
|-miss|p2b: Garchomp|p1a: Kingambit
|-supereffective|p1b: Incineroar|1
|-damage|p1b: Incineroar|0 fnt
|faint|p1b: Incineroar
|-damage|p2b: Garchomp|80/100|[from] item: Life Orb
|
|-weather|SunnyDay|[upkeep]
|upkeep
|
|t:|1783491234
|switch|p1b: Sinistcha|Sinistcha, L50|100/100
|turn|7
|inactive|mallsanta has 30 seconds left.
|
|t:|1783491268
|move|p1a: Kingambit|Protect|p1a: Kingambit
|-singleturn|p1a: Kingambit|Protect
|move|p2b: Garchomp|Earthquake|p1a: Kingambit|[spread] p1b
|-activate|p1a: Kingambit|move: Protect
|-immune|p2a: Charizard
|-resisted|p1b: Sinistcha|1
|-damage|p1b: Sinistcha|78/100
|-damage|p2b: Garchomp|70/100|[from] item: Life Orb
|move|p2a: Charizard|Heat Wave|p1b: Sinistcha|[spread] p1b
|-activate|p1a: Kingambit|move: Protect
|-supereffective|p1b: Sinistcha|1
|-damage|p1b: Sinistcha|0 fnt
|faint|p1b: Sinistcha
|
|-weather|SunnyDay|[upkeep]
|upkeep
|turn|8
|
|t:|1783491284
|move|p1a: Kingambit|Sucker Punch|p2a: Charizard
|-damage|p2a: Charizard|0 fnt
|faint|p2a: Charizard
|move|p2b: Garchomp|Earthquake|p1a: Kingambit
|-supereffective|p1a: Kingambit|1
|-damage|p1a: Kingambit|4/100
|-damage|p2b: Garchomp|61/100|[from] item: Life Orb
|
|-weather|none
|upkeep
|
|t:|1783491292
|switch|p2a: Sneasler|Sneasler, L50, F, shiny|100/100
|turn|9
|-message|Oriozz forfeited.
|
|win|mallsanta
||Oriozz is ready for game 3.
||mallsanta is ready for game 3.
|uhtml|next|Next: Game 3 of 3
|l|‽mallsanta
|player|p2|
