|j|☆Mumblin'Penguin
|j|☆Bullshit Format
|html|Mumblin'PenguinBullshit Format    
|uhtml|bestof|Game 2 of a best-of-3
|t:|1756300613
|gametype|doubles
|player|p1|Mumblin'Penguin|gambler|1187
|player|p2|Bullshit Format|cynthia|1196
|gen|9
|tier|[Gen 9] VGC 2025 Reg H (Bo3)
|rated|
|rule|Species Clause: Limit one of each Pokémon
|rule|Item Clause: Limit 1 of each item
|clearpoke
|poke|p1|Ursaluna-Bloodmoon, L50, M|
|poke|p1|Gholdengo, L50|
|poke|p1|Dragonite, L50, F|
|poke|p1|Sneasler, L50, M|
|poke|p1|Incineroar, L50, F|
|poke|p1|Amoonguss, L50, M|
|poke|p2|Pelipper, L50, F|
|poke|p2|Basculegion, L50, M|
|poke|p2|Archaludon, L50, M|
|poke|p2|Amoonguss, L50, M|
|poke|p2|Indeedee-F, L50, F|
|poke|p2|Sneasler, L50, F|
|teampreview|4
|showteam|p1|Ursaluna-Bloodmoon||AssaultVest|MindsEye|BloodMoon,EarthPower,VacuumWave,HyperVoice|||M|||50|,,,,,Water]Gholdengo||LifeOrb|GoodasGold|Protect,MakeItRain,ShadowBall,NastyPlot||||||50|,,,,,Water]Dragonite||LoadedDice|Multiscale|ScaleShot,Tailwind,Haze,Protect|||F|||50|,,,,,Fairy]Sneasler||FocusSash|Unburden|Protect,DireClaw,CloseCombat,ThroatChop|||M|||50|,,,,,Stellar]Incineroar||SafetyGoggles|Intimidate|KnockOff,PartingShot,FlareBlitz,FakeOut|||F|||50|,,,,,Ghost]Amoonguss||SitrusBerry|Regenerator|RagePowder,Spore,PollenPuff,Protect|||M|||50|,,,,,Psychic
|showteam|p2|Pelipper||FocusSash|Drizzle|Hurricane,Protect,WeatherBall,Tailwind|||F|||50|,,,,,Grass]Basculegion||LifeOrb|SwiftSwim|LastRespects,WaveCrash,PsychicFangs,AquaJet|||M|||50|,,,,,Water]Archaludon||AssaultVest|Stamina|DracoMeteor,ElectroShot,Thunder,FlashCannon|||M|||50|,,,,,Fairy]Amoonguss||SitrusBerry|Regenerator|Spore,RagePowder,PollenPuff,ClearSmog|||M|||50|,,,,,Fairy]Indeedee-F||RockyHelmet|PsychicSurge|FollowMe,Imprison,HelpingHand,TrickRoom|||F|||50|,,,,,Fairy]Sneasler||PsychicSeed|Unburden|Acrobatics,DireClaw,CloseCombat,ThroatChop|||F|||50|,,,,,Stellar
|inactive|Battle timer is ON: inactive players will automatically lose when time's up. (requested by Bullshit Format)
|
|t:|1756300664
|teamsize|p1|4
|teamsize|p2|4
|start
|switch|p1a: Gholdengo|Gholdengo, L50|100/100
|switch|p1b: Amoonguss|Amoonguss, L50, M|100/100
|switch|p2a: Old Greg|Pelipper, L50, F, shiny|100/100
|switch|p2b: London Bitches|Archaludon, L50, M, shiny|100/100
|-weather|RainDance|[from] ability: Drizzle|[of] p2a: Old Greg
|turn|1
|inactive|Mumblin'Penguin has 30 seconds left.
|inactive|Bullshit Format has 30 seconds left.
|inactive|Bullshit Format has 20 seconds left.
|inactive|Bullshit Format has 15 seconds left.
|
|t:|1756300709
|switch|p2b: You Fucking Thot|Indeedee-F, L50, F|100/100
|-fieldstart|move: Psychic Terrain|[from] ability: Psychic Surge|[of] p2b: You Fucking Thot
|-terastallize|p2a: Old Greg|Grass
|move|p1a: Gholdengo|Shadow Ball|p2a: Old Greg
|-damage|p2a: Old Greg|8/100
|-damage|p1a: Gholdengo|91/100|[from] item: Life Orb
|move|p2a: Old Greg|Tailwind|p2a: Old Greg
|-sidestart|p2: Bullshit Format|move: Tailwind
|move|p1b: Amoonguss|Spore|p2b: You Fucking Thot
|-status|p2b: You Fucking Thot|slp|[from] move: Spore
|
|-weather|RainDance|[upkeep]
|upkeep
|turn|2
|inactive|Mumblin'Penguin has 30 seconds left.
|inactive|Mumblin'Penguin has 20 seconds left.
|
|t:|1756300748
|switch|p1b: Dragonite|Dragonite, L50, F|100/100
|move|p2a: Old Greg|Protect|p2a: Old Greg
|-singleturn|p2a: Old Greg|Protect
|cant|p2b: You Fucking Thot|slp
|move|p1a: Gholdengo|Nasty Plot|p1a: Gholdengo
|-boost|p1a: Gholdengo|spa|2
|
|-weather|RainDance|[upkeep]
|upkeep
|turn|3
|
|t:|1756300764
|-curestatus|p2b: You Fucking Thot|slp|[msg]
|move|p2b: You Fucking Thot|Follow Me|p2b: You Fucking Thot
|-singleturn|p2b: You Fucking Thot|move: Follow Me
|move|p2a: Old Greg|Weather Ball|p1a: Gholdengo
|-damage|p1a: Gholdengo|13/100
|move|p1a: Gholdengo|Make It Rain|p2b: You Fucking Thot|[spread] p2a,p2b
|-damage|p2a: Old Greg|0 fnt
|-damage|p2b: You Fucking Thot|0 fnt
|-unboost|p1a: Gholdengo|spa|1
|faint|p2a: Old Greg
|faint|p2b: You Fucking Thot
|-damage|p1a: Gholdengo|4/100|[from] item: Life Orb
|move|p1b: Dragonite|Tailwind|p1b: Dragonite
|-sidestart|p1: Mumblin'Penguin|move: Tailwind
|
|-weather|RainDance|[upkeep]
|upkeep
|
|t:|1756300771
|switch|p2a: PussiRipper5000|Basculegion, L50, M, shiny|100/100
|switch|p2b: London Bitches|Archaludon, L50, M, shiny|100/100
|turn|4
|inactive|Mumblin'Penguin has 30 seconds left.
|
|t:|1756300806
|switch|p1b: Amoonguss|Amoonguss, L50, M|100/100
|move|p1a: Gholdengo|Protect|p1a: Gholdengo
|-singleturn|p1a: Gholdengo|Protect
|move|p2a: PussiRipper5000|Last Respects|p1b: Amoonguss
|-damage|p1b: Amoonguss|15/100
|-enditem|p1b: Amoonguss|Sitrus Berry|[eat]
|-heal|p1b: Amoonguss|40/100|[from] item: Sitrus Berry
|-damage|p2a: PussiRipper5000|91/100|[from] item: Life Orb
|move|p2b: London Bitches|Electro Shot||[still]
|-prepare|p2b: London Bitches|Electro Shot
|-boost|p2b: London Bitches|spa|1
|-anim|p2b: London Bitches|Electro Shot|p1a: Gholdengo
|-activate|p1a: Gholdengo|move: Protect
|
|-weather|RainDance|[upkeep]
|-sideend|p2: Bullshit Format|move: Tailwind
|upkeep
|turn|5
|
|t:|1756300828
|move|p1b: Amoonguss|Rage Powder|p1b: Amoonguss
|-singleturn|p1b: Amoonguss|move: Rage Powder
|move|p1a: Gholdengo|Shadow Ball|p2a: PussiRipper5000
|-supereffective|p2a: PussiRipper5000
|-damage|p2a: PussiRipper5000|0 fnt
|faint|p2a: PussiRipper5000
|-damage|p1a: Gholdengo|0 fnt|[from] item: Life Orb
|faint|p1a: Gholdengo
|move|p2b: London Bitches|Electro Shot||[still]
|-prepare|p2b: London Bitches|Electro Shot
|-boost|p2b: London Bitches|spa|1
|-anim|p2b: London Bitches|Electro Shot|p1b: Amoonguss
|-resisted|p1b: Amoonguss
|-damage|p1b: Amoonguss|7/100
|
|-weather|none
|-fieldend|move: Psychic Terrain
|upkeep
|
|t:|1756300844
|switch|p1a: Sneasler|Sneasler, L50, M|100/100
|turn|6
|
|t:|1756300851
|-terastallize|p1a: Sneasler|Stellar
|move|p1a: Sneasler|Close Combat|p2b: London Bitches
|-supereffective|p2b: London Bitches
|-damage|p2b: London Bitches|0 fnt
|-unboost|p1a: Sneasler|def|1
|-unboost|p1a: Sneasler|spd|1
|faint|p2b: London Bitches
|
|win|Mumblin'Penguin
||Bullshit Format is ready for game 3.
||Mumblin'Penguin is ready for game 3.
|uhtml|next|Next: Game 3 of 3
|l|☆Bullshit Format
|player|p2|
