|j|☆top1bo3100%real
|j|☆toughlogvgc
|html|top1bo3100%realtoughlogvgc    
|uhtml|bestof|Game 1 of a best-of-3
|t:|1783800744
|gametype|doubles
|player|p1|top1bo3100%real|lucas|1171
|player|p2|toughlogvgc|169|1171
|gen|9
|tier|[Gen 9 Champions] VGC 2026 Reg M-B (Bo3)
|rated|
|rule|Species Clause: Limit one of each Pokémon
|rule|Item Clause: Limit 1 of each item
|clearpoke
|poke|p1|Blaziken, L50, M|
|poke|p1|Venusaur, L50, M|
|poke|p1|Ninetales-Alola, L50, M|
|poke|p1|Lycanroc-Dusk, L50, M|
|poke|p1|Kingambit, L50, F|
|poke|p1|Basculegion, L50, M|
|poke|p2|Charizard, L50, M|
|poke|p2|Garchomp, L50, M|
|poke|p2|Basculegion, L50, M|
|poke|p2|Whimsicott, L50, F|
|poke|p2|Kingambit, L50, F|
|poke|p2|Floette-Eternal, L50, F|
|teampreview|4
|showteam|p1|Blaziken||Blazikenite|SpeedBoost|CloseCombat,FlareBlitz,RockSlide,Detect|Adamant||M|||50|]Venusaur||Venusaurite|Chlorophyll|GigaDrain,SludgeBomb,EarthPower,Protect|Modest||M|||50|]Ninetales-Alola||NeverMeltIce|SnowWarning|Blizzard,FreezeDry,Encore,Protect|Timid||M|||50|]Lycanroc-Dusk||FocusSash|ToughClaws|Accelerock,RockSlide,CloseCombat,Protect|Adamant||M|||50|]Kingambit||LifeOrb|Defiant|KowtowCleave,SuckerPunch,IronHead,Protect|Adamant||F|||50|]Basculegion||ChoiceScarf|Adaptability|WaveCrash,LastRespects,FlipTurn,AquaJet|Jolly||M|||50|
|showteam|p2|Charizard||CharizarditeY|Blaze|HeatWave,SolarBeam,Protect,WeatherBall|Modest||M|||50|]Garchomp||LifeOrb|RoughSkin|DragonClaw,Earthquake,RockSlide,Protect|Jolly||M|||50|]Basculegion||ChoiceScarf|Adaptability|WaveCrash,AquaJet,FlipTurn,LastRespects|Adamant||M|||50|]Whimsicott||FocusSash|Prankster|Moonblast,Tailwind,Protect,Encore|Timid||F|||50|]Kingambit||BlackGlasses|Defiant|IronHead,KowtowCleave,Protect,SuckerPunch|Adamant||F|||50|]Floette-Eternal||Floettite|FlowerVeil|Moonblast,LightofRuin,DazzlingGleam,Protect|Modest||F|||50|
|inactive|Battle timer is ON: inactive players will automatically lose when time's up. (requested by top1bo3100%real)
|inactive|toughlogvgc has 60 seconds left.
|inactive|toughlogvgc has 30 seconds left.
|
|t:|1783800809
|teamsize|p1|4
|teamsize|p2|4
|start
|switch|p1a: Lycanroc|Lycanroc-Dusk, L50, M|100/100
|switch|p1b: Ninetales|Ninetales-Alola, L50, M|100/100
|switch|p2a: Whimsicott|Whimsicott, L50, F|100/100
|switch|p2b: Garchomp|Garchomp, L50, M|100/100
|-weather|Snowscape|[from] ability: Snow Warning|[of] p1b: Ninetales
|turn|1
|inactive|toughlogvgc has 30 seconds left.
|inactive|toughlogvgc has 20 seconds left.
|inactive|toughlogvgc has 15 seconds left.
|inactive|toughlogvgc has 10 seconds left.
|
|t:|1783800855
|move|p2b: Garchomp|Protect|p2b: Garchomp
|-singleturn|p2b: Garchomp|Protect
|move|p2a: Whimsicott|Tailwind|p2a: Whimsicott
|-sidestart|p2: toughlogvgc|move: Tailwind
|move|p1b: Ninetales|Blizzard|p2b: Garchomp|[spread] p2a
|-activate|p2b: Garchomp|move: Protect
|-supereffective|p2a: Whimsicott|1
|-enditem|p2a: Whimsicott|Focus Sash
|-damage|p2a: Whimsicott|1/100
|-status|p2a: Whimsicott|frz
|move|p1a: Lycanroc|Rock Slide|p2a: Whimsicott|[spread] p2a
|-activate|p2b: Garchomp|move: Protect
|-damage|p2a: Whimsicott|0 fnt
|faint|p2a: Whimsicott
|
|-weather|Snowscape|[upkeep]
|upkeep
|inactive|toughlogvgc has 30 seconds left.
|inactive|toughlogvgc has 20 seconds left.
|
|t:|1783800892
|switch|p2a: Basculegion|Basculegion, L50, M|100/100
|turn|2
|
|t:|1783800916
|switch|p1a: Kingambit|Kingambit, L50, F|100/100
|move|p1b: Ninetales|Protect|p1b: Ninetales
|-singleturn|p1b: Ninetales|Protect
|move|p2a: Basculegion|Flip Turn|p1a: Kingambit
|-damage|p1a: Kingambit|68/100
|
|t:|1783800924
|switch|p2a: Kingambit|Kingambit, L50, F|100/100|[from] Flip Turn
|move|p2b: Garchomp|Rock Slide|p1a: Kingambit|[spread] p1a
|-activate|p1b: Ninetales|move: Protect
|-resisted|p1a: Kingambit|1
|-damage|p1a: Kingambit|59/100
|-damage|p2b: Garchomp|90/100|[from] item: Life Orb
|
|-weather|Snowscape|[upkeep]
|upkeep
|turn|3
|
|t:|1783800946
|switch|p1a: Blaziken|Blaziken, L50, M|100/100
|move|p2a: Kingambit|Sucker Punch|p1b: Ninetales
|-resisted|p1b: Ninetales|1
|-damage|p1b: Ninetales|78/100
|move|p2b: Garchomp|Rock Slide|p1a: Blaziken|[spread] p1a,p1b
|-supereffective|p1b: Ninetales|1
|-damage|p1a: Blaziken|62/100
|-damage|p1b: Ninetales|29/100
|-damage|p2b: Garchomp|80/100|[from] item: Life Orb
|move|p1b: Ninetales|Blizzard|p2b: Garchomp|[spread] p2a,p2b
|-resisted|p2a: Kingambit|1
|-supereffective|p2b: Garchomp|2
|-damage|p2a: Kingambit|81/100
|-damage|p2b: Garchomp|0 fnt
|faint|p2b: Garchomp
|
|-weather|Snowscape|[upkeep]
|upkeep
|
|t:|1783800961
|switch|p2b: Basculegion|Basculegion, L50, M|100/100
|turn|4
|inactive|toughlogvgc has 30 seconds left.
|
|t:|1783800990
|detailschange|p1a: Blaziken|Blaziken-Mega, L50, M
|-mega|p1a: Blaziken|Blaziken|Blazikenite
|move|p1b: Ninetales|Protect|p1b: Ninetales
|-singleturn|p1b: Ninetales|Protect
|move|p1a: Blaziken|Detect|p1a: Blaziken
|-singleturn|p1a: Blaziken|Protect
|move|p2a: Kingambit|Protect|p2a: Kingambit
|-singleturn|p2a: Kingambit|Protect
|move|p2b: Basculegion|Last Respects|p1b: Ninetales
|-activate|p1b: Ninetales|move: Protect
|
|-weather|Snowscape|[upkeep]
|-sideend|p2: toughlogvgc|move: Tailwind
|-ability|p1a: Blaziken|Speed Boost|boost
|-boost|p1a: Blaziken|spe|1
|upkeep
|turn|5
|inactive|toughlogvgc has 30 seconds left.
|
|t:|1783801018
|move|p2a: Kingambit|Sucker Punch|p1a: Blaziken
|-resisted|p1a: Blaziken|1
|-damage|p1a: Blaziken|25/100
|move|p1a: Blaziken|Flare Blitz|p2a: Kingambit
|-supereffective|p2a: Kingambit|1
|-damage|p2a: Kingambit|0 fnt
|faint|p2a: Kingambit
|-damage|p1a: Blaziken|0 fnt|[from] Recoil
|faint|p1a: Blaziken
|move|p2b: Basculegion|Last Respects|p1b: Ninetales
|-damage|p1b: Ninetales|0 fnt
|faint|p1b: Ninetales
|
|-weather|none
|upkeep
|
|t:|1783801031
|switch|p1b: Lycanroc|Lycanroc-Dusk, L50, M|100/100
|switch|p1a: Kingambit|Kingambit, L50, F|59/100
|turn|6
|
|t:|1783801045
|move|p1b: Lycanroc|Protect|p1b: Lycanroc
|-singleturn|p1b: Lycanroc|Protect
|move|p1a: Kingambit|Sucker Punch|p2b: Basculegion
|-supereffective|p2b: Basculegion|1
|-damage|p2b: Basculegion|0 fnt
|faint|p2b: Basculegion
|-damage|p1a: Kingambit|49/100|[from] item: Life Orb
|
|win|top1bo3100%real
