|j|☆lerry27
|j|☆raulhm10
|html|lerry27raulhm10    
|uhtml|bestof|Game 1 of a best-of-3
|t:|1783074743
|gametype|doubles
|player|p1|lerry27|266|1117
|player|p2|raulhm10|n|1141
|gen|9
|tier|[Gen 9 Champions] VGC 2026 Reg M-B (Bo3)
|rated|
|rule|Species Clause: Limit one of each Pokémon
|rule|Item Clause: Limit 1 of each item
|clearpoke
|poke|p1|Floette-Eternal, L50, F, shiny|
|poke|p1|Maushold-Four, L50|
|poke|p1|Gengar, L50, M, shiny|
|poke|p1|Politoed, L50, M|
|poke|p1|Grimmsnarl, L50, M|
|poke|p1|Incineroar, L50, M, shiny|
|poke|p2|Sylveon, L50, F|
|poke|p2|Incineroar, L50, M|
|poke|p2|Aerodactyl, L50, M|
|poke|p2|Charizard, L50, F|
|poke|p2|Metagross, L50|
|poke|p2|Garchomp, L50, F|
|teampreview|4
|showteam|p1|Floette-Eternal||Floettite|FlowerVeil|DrainingKiss,DazzlingGleam,CalmMind,Protect|Timid||F|||50|]Maushold-Four||ChopleBerry|FriendGuard|FollowMe,HelpingHand,Uturn,Protect|Impish|||||50|]Gengar||Gengarite|CursedBody|ShadowBall,PerishSong,Disable,Protect|Bold||M|||50|]Politoed||SitrusBerry|Drizzle|WeatherBall,IceBeam,PerishSong,Protect|Calm||M|||50|]Grimmsnarl||LightClay|Prankster|FakeOut,PartingShot,LightScreen,Reflect|Careful||M|||50|]Incineroar||PasshoBerry|Intimidate|FakeOut,ThroatChop,PartingShot,Protect|Careful||M|||50|
|showteam|p2|Sylveon||FairyFeather|Pixilate|HyperVoice,HyperBeam,QuickAttack,Protect|Modest||F|||50|]Incineroar||SitrusBerry|Intimidate|FlareBlitz,DarkestLariat,PartingShot,FakeOut|Careful||M|||50|]Aerodactyl||FocusSash|Unnerve|RockSlide,DualWingbeat,Tailwind,Protect|Jolly||M|||50|]Charizard||CharizarditeY|Blaze|HeatWave,WeatherBall,SolarBeam,Protect|Modest||F|||50|]Metagross||Metagrossite|ClearBody|BulletPunch,PsychicFangs,BodyPress,Protect|Adamant|||||50|]Garchomp||LifeOrb|RoughSkin|DragonClaw,Earthquake,RockSlide,Protect|Jolly||F|||50|
|
|t:|1783074820
|teamsize|p1|4
|teamsize|p2|4
|start
|switch|p1a: Grimmsnarl|Grimmsnarl, L50, M|100/100
|switch|p1b: Floette|Floette-Eternal, L50, F, shiny|100/100
|switch|p2a: Aerodactyl|Aerodactyl, L50, M|100/100
|switch|p2b: Garchomp|Garchomp, L50, F|100/100
|-ability|p2a: Aerodactyl|Unnerve
|turn|1
|
|t:|1783074836
|switch|p2b: Metagross|Metagross, L50|100/100
|detailschange|p1b: Floette|Floette-Mega, L50, F, shiny
|-mega|p1b: Floette|Floette|Floettite
|-ability|p1b: Floette|Fairy Aura
|move|p1a: Grimmsnarl|Fake Out|p2b: Metagross
|-resisted|p2b: Metagross|1
|-damage|p2b: Metagross|95/100
|move|p2a: Aerodactyl|Tailwind|p2a: Aerodactyl
|-sidestart|p2: raulhm10|move: Tailwind
|move|p1b: Floette|Calm Mind|p1b: Floette
|-boost|p1b: Floette|spa|1
|-boost|p1b: Floette|spd|1
|
|upkeep
|turn|2
|
|t:|1783074862
|detailschange|p2b: Metagross|Metagross-Mega, L50
|-mega|p2b: Metagross|Metagross|Metagrossite
|move|p1b: Floette|Protect|p1b: Floette
|-singleturn|p1b: Floette|Protect
|move|p1a: Grimmsnarl|Reflect|p1a: Grimmsnarl
|-sidestart|p1: lerry27|Reflect
|move|p2a: Aerodactyl|Rock Slide|p1b: Floette|[spread] p1a
|-activate|p1b: Floette|move: Protect
|-damage|p1a: Grimmsnarl|84/100
|move|p2b: Metagross|Psychic Fangs|p1b: Floette
|-activate|p1b: Floette|move: Protect
|
|upkeep
|turn|3
|
|t:|1783074887
|move|p1a: Grimmsnarl|Parting Shot|p2b: Metagross
|-unboost|p2b: Metagross|atk|1
|-unboost|p2b: Metagross|spa|1
|
|t:|1783074890
|switch|p1a: Incineroar|Incineroar, L50, M, shiny|100/100|[from] Parting Shot
|-ability|p1a: Incineroar|Intimidate|boost
|-unboost|p2a: Aerodactyl|atk|1
|-unboost|p2b: Metagross|atk|1
|move|p2a: Aerodactyl|Rock Slide|p1a: Incineroar|[spread] p1a
|-miss|p2a: Aerodactyl|p1b: Floette
|-supereffective|p1a: Incineroar|1
|-damage|p1a: Incineroar|78/100
|move|p2b: Metagross|Psychic Fangs|p1b: Floette
|-sideend|p1: lerry27|Reflect
|-damage|p1b: Floette|67/100
|move|p1b: Floette|Draining Kiss|p2a: Aerodactyl
|-damage|p2a: Aerodactyl|19/100
|-heal|p1b: Floette|100/100|[from] drain|[of] p2a: Aerodactyl
|
|upkeep
|turn|4
|
|t:|1783074918
|move|p2a: Aerodactyl|Protect|p2a: Aerodactyl
|-singleturn|p2a: Aerodactyl|Protect
|move|p2b: Metagross|Protect|p2b: Metagross
|-singleturn|p2b: Metagross|Protect
|move|p1a: Incineroar|Fake Out|p2b: Metagross
|-activate|p2b: Metagross|move: Protect
|move|p1b: Floette|Dazzling Gleam|p2a: Aerodactyl|[spread] 
|-activate|p2a: Aerodactyl|move: Protect
|-activate|p2b: Metagross|move: Protect
|
|-sideend|p2: raulhm10|move: Tailwind
|upkeep
|turn|5
|
|t:|1783074945
|move|p1b: Floette|Protect|p1b: Floette
|-singleturn|p1b: Floette|Protect
|move|p2b: Metagross|Bullet Punch|p1b: Floette
|-activate|p1b: Floette|move: Protect
|move|p2a: Aerodactyl|Rock Slide|p1a: Incineroar|[spread] p1a
|-activate|p1b: Floette|move: Protect
|-supereffective|p1a: Incineroar|1
|-damage|p1a: Incineroar|47/100
|move|p1a: Incineroar|Parting Shot|p2b: Metagross
|-unboost|p2b: Metagross|atk|1
|-unboost|p2b: Metagross|spa|1
|
|t:|1783074948
|switch|p1a: Maushold|Maushold-Four, L50|100/100|[from] Parting Shot
|
|upkeep
|turn|6
|
|t:|1783074971
|switch|p2b: Incineroar|Incineroar, L50, M|100/100
|-ability|p2b: Incineroar|Intimidate|boost
|-unboost|p1a: Maushold|atk|1
|-unboost|p1b: Floette|atk|1
|move|p1a: Maushold|Follow Me|p1a: Maushold
|-singleturn|p1a: Maushold|move: Follow Me
|move|p2a: Aerodactyl|Tailwind|p2a: Aerodactyl
|-sidestart|p2: raulhm10|move: Tailwind
|move|p1b: Floette|Calm Mind|p1b: Floette
|-boost|p1b: Floette|spa|1
|-boost|p1b: Floette|spd|1
|
|upkeep
|turn|7
|
|t:|1783074990
|move|p1a: Maushold|Follow Me|p1a: Maushold
|-singleturn|p1a: Maushold|move: Follow Me
|move|p2a: Aerodactyl|Rock Slide|p1a: Maushold|[spread] p1a,p1b
|-damage|p1a: Maushold|85/100
|-damage|p1b: Floette|88/100
|move|p2b: Incineroar|Parting Shot|p1a: Maushold
|-unboost|p1a: Maushold|atk|1
|-unboost|p1a: Maushold|spa|1
|
|t:|1783074998
|switch|p2b: Metagross|Metagross-Mega, L50|95/100|[from] Parting Shot
|move|p1b: Floette|Calm Mind|p1b: Floette
|-boost|p1b: Floette|spa|1
|-boost|p1b: Floette|spd|1
|
|upkeep
|turn|8
|
|t:|1783075013
|switch|p1a: Incineroar|Incineroar, L50, M, shiny|47/100
|-ability|p1a: Incineroar|Intimidate|boost
|-unboost|p2a: Aerodactyl|atk|1
|-unboost|p2b: Metagross|atk|1
|move|p1b: Floette|Protect|p1b: Floette
|-singleturn|p1b: Floette|Protect
|move|p2a: Aerodactyl|Rock Slide|p1b: Floette|[spread] p1a
|-activate|p1b: Floette|move: Protect
|-supereffective|p1a: Incineroar|1
|-damage|p1a: Incineroar|24/100
|move|p2b: Metagross|Body Press|p1a: Incineroar
|-supereffective|p1a: Incineroar|1
|-damage|p1a: Incineroar|0 fnt
|faint|p1a: Incineroar
|
|upkeep
|
|t:|1783075026
|switch|p1a: Grimmsnarl|Grimmsnarl, L50, M|84/100
|turn|9
|
|t:|1783075053
|switch|p2b: Incineroar|Incineroar, L50, M|100/100
|-ability|p2b: Incineroar|Intimidate|boost
|-unboost|p1a: Grimmsnarl|atk|1
|-unboost|p1b: Floette|atk|1
|move|p2a: Aerodactyl|Protect|p2a: Aerodactyl
|-singleturn|p2a: Aerodactyl|Protect
|move|p1a: Grimmsnarl|Parting Shot|p2b: Incineroar
|-hint|Since gen 7, Dark is immune to Prankster moves.
|-immune|p2b: Incineroar
|move|p1b: Floette|Dazzling Gleam|p2a: Aerodactyl|[spread] p2b
|-activate|p2a: Aerodactyl|move: Protect
|-damage|p2b: Incineroar|17/100
|-enditem|p2b: Incineroar|Sitrus Berry|[eat]
|-heal|p2b: Incineroar|42/100|[from] item: Sitrus Berry
|
|-sideend|p2: raulhm10|move: Tailwind
|upkeep
|turn|10
|
|t:|1783075100
|move|p2b: Incineroar|Fake Out|p1b: Floette
|-damage|p1b: Floette|77/100
|move|p1a: Grimmsnarl|Reflect|p1a: Grimmsnarl
|-sidestart|p1: lerry27|Reflect
|move|p2a: Aerodactyl|Tailwind|p2a: Aerodactyl
|-sidestart|p2: raulhm10|move: Tailwind
|cant|p1b: Floette|flinch
|
|upkeep
|turn|11
|
|t:|1783075112
|move|p1a: Grimmsnarl|Parting Shot|p2a: Aerodactyl
|-unboost|p2a: Aerodactyl|atk|1
|-unboost|p2a: Aerodactyl|spa|1
|
|t:|1783075115
|switch|p1a: Maushold|Maushold-Four, L50|85/100|[from] Parting Shot
|move|p2a: Aerodactyl|Rock Slide|p1b: Floette|[spread] p1a,p1b
|-damage|p1a: Maushold|78/100
|-damage|p1b: Floette|73/100
|move|p2b: Incineroar|Parting Shot|p1b: Floette
|-unboost|p1b: Floette|atk|1
|-unboost|p1b: Floette|spa|1
|
|t:|1783075124
|switch|p2b: Metagross|Metagross-Mega, L50|95/100|[from] Parting Shot
|move|p1b: Floette|Draining Kiss|p2b: Metagross
|-resisted|p2b: Metagross|1
|-damage|p2b: Metagross|63/100
|-heal|p1b: Floette|97/100|[from] drain|[of] p2b: Metagross
|
|upkeep
|turn|12
|
|t:|1783075154
|move|p1a: Maushold|Follow Me|p1a: Maushold
|-singleturn|p1a: Maushold|move: Follow Me
|move|p2a: Aerodactyl|Rock Slide|p1a: Maushold|[spread] p1a,p1b
|-damage|p1a: Maushold|72/100
|-damage|p1b: Floette|92/100
|move|p2b: Metagross|Psychic Fangs|p1a: Maushold
|-sideend|p1: lerry27|Reflect
|-damage|p1a: Maushold|7/100
|move|p1b: Floette|Dazzling Gleam|p2b: Metagross|[spread] p2a,p2b
|-resisted|p2b: Metagross|1
|-damage|p2a: Aerodactyl|0 fnt
|-damage|p2b: Metagross|27/100
|faint|p2a: Aerodactyl
|
|upkeep
|
|t:|1783075166
|switch|p2a: Incineroar|Incineroar, L50, M|42/100
|-ability|p2a: Incineroar|Intimidate|boost
|-unboost|p1a: Maushold|atk|1
|-unboost|p1b: Floette|atk|1
|turn|13
|
|t:|1783075198
|move|p1b: Floette|Protect|p1b: Floette
|-singleturn|p1b: Floette|Protect
|move|p1a: Maushold|Protect|p1a: Maushold
|-singleturn|p1a: Maushold|Protect
|move|p2a: Incineroar|Fake Out|p1a: Maushold
|-activate|p1a: Maushold|move: Protect
|move|p2b: Metagross|Psychic Fangs|p1b: Floette
|-activate|p1b: Floette|move: Protect
|
|-sideend|p2: raulhm10|move: Tailwind
|upkeep
|turn|14
|
|t:|1783075226
|move|p1a: Maushold|Follow Me|p1a: Maushold
|-singleturn|p1a: Maushold|move: Follow Me
|move|p2b: Metagross|Bullet Punch|p1a: Maushold
|-damage|p1a: Maushold|0 fnt
|faint|p1a: Maushold
|move|p1b: Floette|Dazzling Gleam|p2a: Incineroar|[spread] p2a,p2b
|-resisted|p2b: Metagross|1
|-damage|p2a: Incineroar|0 fnt
|-damage|p2b: Metagross|0 fnt
|faint|p2a: Incineroar
|faint|p2b: Metagross
|
|upkeep
|
|t:|1783075243
|switch|p2b: Garchomp|Garchomp, L50, F|100/100
|switch|p1a: Grimmsnarl|Grimmsnarl, L50, M|84/100
|turn|15
|
|t:|1783075251
|move|p2b: Garchomp|Protect|p2b: Garchomp
|-singleturn|p2b: Garchomp|Protect
|move|p1b: Floette|Protect|p1b: Floette
|-singleturn|p1b: Floette|Protect
|move|p1a: Grimmsnarl|Reflect|p1a: Grimmsnarl
|-sidestart|p1: lerry27|Reflect
|
|upkeep
|turn|16
|
|t:|1783075261
|move|p1a: Grimmsnarl|Parting Shot|p2b: Garchomp
|-unboost|p2b: Garchomp|atk|1
|-unboost|p2b: Garchomp|spa|1
|move|p2b: Garchomp|Earthquake|p1b: Floette|[spread] p1a,p1b
|-crit|p1a: Grimmsnarl
|-damage|p1a: Grimmsnarl|1/100
|-damage|p1b: Floette|72/100
|-damage|p2b: Garchomp|90/100|[from] item: Life Orb
|move|p1b: Floette|Dazzling Gleam|p2b: Garchomp
|-supereffective|p2b: Garchomp|1
|-damage|p2b: Garchomp|0 fnt
|faint|p2b: Garchomp
|
|win|lerry27
|inactive|lerry27 has 30 seconds to confirm battle start!
|inactive|raulhm10 has 30 seconds to confirm battle start!
