|j|☆Bahamate
|j|☆Ducktile
|html|BahamateDucktile    
|uhtml|bestof|Game 1 of a best-of-3
|t:|1757910810
|gametype|doubles
|player|p1|Bahamate|grimsley|1361
|player|p2|Ducktile|emmet|1313
|gen|9
|tier|[Gen 9] VGC 2025 Reg H (Bo3)
|rated|
|rule|Species Clause: Limit one of each Pokémon
|rule|Item Clause: Limit 1 of each item
|clearpoke
|poke|p1|Ceruledge, L50, M|
|poke|p1|Grimmsnarl, L50, M|
|poke|p1|Ninetales-Alola, L50, M|
|poke|p1|Ursaluna-Bloodmoon, L50, M|
|poke|p1|Rillaboom, L50, F|
|poke|p1|Annihilape, L50, M|
|poke|p2|Rillaboom, L50, F|
|poke|p2|Volcarona, L50, M|
|poke|p2|Basculegion, L50, M|
|poke|p2|Incineroar, L50, F|
|poke|p2|Ninetales-Alola, L50, M|
|poke|p2|Ursaluna-Bloodmoon, L50, M|
|teampreview|4
|showteam|p1|Ceruledge||MirrorHerb|FlashFire|BitterBlade,ShadowSneak,Protect,ClearSmog|||M|||50|,,,,,Grass]Grimmsnarl||LightClay|Prankster|Reflect,LightScreen,FoulPlay,ThunderWave|||M|||50|,,,,,Ghost]Ninetales-Alola||FocusSash|SnowWarning|Blizzard,IcyWind,Disable,Protect|||M|||50|,,,,,Ice]Ursaluna-Bloodmoon||Leftovers|MindsEye|BloodMoon,CalmMind,EarthPower,Protect|||M|||50|,,,,,Electric]Rillaboom||AssaultVest|GrassySurge|WoodHammer,GrassyGlide,HighHorsepower,FakeOut|||F|||50|,,,,,Fire]Annihilape||SitrusBerry|Defiant|RageFist,DrainPunch,BulkUp,Protect|||M|||50|,,,,,Fire
|showteam|p2|Rillaboom||AssaultVest|GrassySurge|WoodHammer,GrassyGlide,FakeOut,HighHorsepower|||F|||50|,,,,,Fire]Volcarona||GrassySeed|FlameBody|HeatWave,TeraBlast,QuiverDance,Protect|||M|||50|,,,,,Fairy]Basculegion||ChoiceScarf|Adaptability|WaveCrash,LastRespects,FlipTurn,AquaJet|||M|||50|,,,,,Water]Incineroar||SafetyGoggles|Intimidate|FlareBlitz,KnockOff,FakeOut,PartingShot|||F|||50|,,,,,Ghost]Ninetales-Alola||FocusSash|SnowWarning|Blizzard,FreezeDry,AuroraVeil,Protect|||M|||50|,,,,,Ice]Ursaluna-Bloodmoon||Leftovers|MindsEye|BloodMoon,EarthPower,Yawn,Protect|||M|||50|,,,,,Water
|
|t:|1757910846
|teamsize|p1|4
|teamsize|p2|4
|start
|switch|p1a: Grimmsnarl|Grimmsnarl, L50, M|100/100
|switch|p1b: Annihilape|Annihilape, L50, M|100/100
|switch|p2a: Ninetales|Ninetales-Alola, L50, M|100/100
|switch|p2b: Basculegion|Basculegion, L50, M|100/100
|-weather|Snowscape|[from] ability: Snow Warning|[of] p2a: Ninetales
|turn|1
|inactive|Battle timer is ON: inactive players will automatically lose when time's up. (requested by Ducktile)
|
|t:|1757910864
|move|p1a: Grimmsnarl|Reflect|p1a: Grimmsnarl
|-sidestart|p1: Bahamate|Reflect
|move|p2b: Basculegion|Flip Turn|p1a: Grimmsnarl
|-damage|p1a: Grimmsnarl|74/100
|
|t:|1757910868
|switch|p2b: Volcarona|Volcarona, L50, M|100/100|[from] Flip Turn
|move|p2a: Ninetales|Aurora Veil|p2a: Ninetales
|-sidestart|p2: Ducktile|move: Aurora Veil
|move|p1b: Annihilape|Drain Punch|p2a: Ninetales
|-damage|p2a: Ninetales|79/100
|
|-weather|Snowscape|[upkeep]
|upkeep
|turn|2
|
|t:|1757910892
|switch|p1b: Ceruledge|Ceruledge, L50, M|100/100
|move|p1a: Grimmsnarl|Light Screen|p1a: Grimmsnarl
|-sidestart|p1: Bahamate|move: Light Screen
|move|p2a: Ninetales|Blizzard|p1a: Grimmsnarl|[spread] p1a,p1b
|-resisted|p1b: Ceruledge
|-damage|p1a: Grimmsnarl|55/100
|-damage|p1b: Ceruledge|90/100
|move|p2b: Volcarona|Quiver Dance|p2b: Volcarona
|-boost|p2b: Volcarona|spa|1
|-boost|p2b: Volcarona|spd|1
|-boost|p2b: Volcarona|spe|1
|-enditem|p1b: Ceruledge|Mirror Herb
|-boost|p1b: Ceruledge|spa|1|[from] item: Mirror Herb
|-boost|p1b: Ceruledge|spd|1|[from] item: Mirror Herb
|-boost|p1b: Ceruledge|spe|1|[from] item: Mirror Herb
|
|-weather|Snowscape|[upkeep]
|upkeep
|turn|3
|inactive|Ducktile has 30 seconds left.
|
|t:|1757910925
|move|p1a: Grimmsnarl|Thunder Wave|p2a: Ninetales|[miss]
|-miss|p1a: Grimmsnarl|p2a: Ninetales
|move|p2b: Volcarona|Heat Wave|p1b: Ceruledge|[spread] p1a
|-start|p1b: Ceruledge|ability: Flash Fire
|-damage|p1a: Grimmsnarl|24/100
|move|p2a: Ninetales|Freeze-Dry|p1a: Grimmsnarl
|-damage|p1a: Grimmsnarl|8/100
|-status|p1a: Grimmsnarl|frz
|move|p1b: Ceruledge|Clear Smog|p2b: Volcarona
|-damage|p2b: Volcarona|96/100
|-clearboost|p2b: Volcarona
|
|-weather|Snowscape|[upkeep]
|upkeep
|turn|4
|
|t:|1757910950
|cant|p1a: Grimmsnarl|frz
|move|p2a: Ninetales|Blizzard|p1b: Ceruledge|[spread] p1a,p1b
|-resisted|p1b: Ceruledge
|-damage|p1a: Grimmsnarl|0 fnt
|-damage|p1b: Ceruledge|83/100
|faint|p1a: Grimmsnarl
|move|p1b: Ceruledge|Bitter Blade|p2b: Volcarona
|-damage|p2b: Volcarona|38/100
|-heal|p1b: Ceruledge|100/100|[from] drain|[of] p2b: Volcarona
|move|p2b: Volcarona|Quiver Dance|p2b: Volcarona
|-boost|p2b: Volcarona|spa|1
|-boost|p2b: Volcarona|spd|1
|-boost|p2b: Volcarona|spe|1
|
|-weather|Snowscape|[upkeep]
|upkeep
|
|t:|1757910960
|switch|p1a: Annihilape|Annihilape, L50, M|100/100
|turn|5
|
|t:|1757910977
|-terastallize|p1a: Annihilape|Fire
|move|p2b: Volcarona|Protect|p2b: Volcarona
|-singleturn|p2b: Volcarona|Protect
|move|p2a: Ninetales|Protect|p2a: Ninetales
|-singleturn|p2a: Ninetales|Protect
|move|p1b: Ceruledge|Bitter Blade|p2a: Ninetales
|-activate|p2a: Ninetales|move: Protect
|move|p1a: Annihilape|Bulk Up|p1a: Annihilape
|-boost|p1a: Annihilape|atk|1
|-boost|p1a: Annihilape|def|1
|
|-weather|none
|-sideend|p2: Ducktile|move: Aurora Veil
|upkeep
|turn|6
|
|t:|1757910993
|move|p2b: Volcarona|Quiver Dance|p2b: Volcarona
|-boost|p2b: Volcarona|spa|1
|-boost|p2b: Volcarona|spd|1
|-boost|p2b: Volcarona|spe|1
|move|p2a: Ninetales|Blizzard|p1b: Ceruledge|[spread] p1a,p1b
|-resisted|p1a: Annihilape
|-resisted|p1b: Ceruledge
|-damage|p1a: Annihilape|92/100
|-damage|p1b: Ceruledge|94/100
|move|p1b: Ceruledge|Bitter Blade|p2b: Volcarona
|-damage|p2b: Volcarona|0 fnt
|-heal|p1b: Ceruledge|100/100|[from] drain|[of] p2b: Volcarona
|faint|p2b: Volcarona
|move|p1a: Annihilape|Rage Fist|p2a: Ninetales
|-damage|p2a: Ninetales|0 fnt
|faint|p2a: Ninetales
|
|upkeep
|
|t:|1757910997
|switch|p2a: Basculegion|Basculegion, L50, M|100/100
|switch|p2b: Rillaboom|Rillaboom, L50, F|100/100
|-fieldstart|move: Grassy Terrain|[from] ability: Grassy Surge|[of] p2b: Rillaboom
|turn|7
|
|t:|1757911010
|-terastallize|p2a: Basculegion|Water
|move|p1b: Ceruledge|Protect|p1b: Ceruledge
|-singleturn|p1b: Ceruledge|Protect
|move|p1a: Annihilape|Protect|p1a: Annihilape
|-singleturn|p1a: Annihilape|Protect
|move|p2b: Rillaboom|Fake Out|p1a: Annihilape
|-activate|p1a: Annihilape|move: Protect
|move|p2a: Basculegion|Wave Crash|p1b: Ceruledge
|-activate|p1b: Ceruledge|move: Protect
|
|-heal|p1a: Annihilape|98/100|[from] Grassy Terrain
|upkeep
|turn|8
|
|t:|1757911026
|move|p2a: Basculegion|Wave Crash|p1a: Annihilape
|-supereffective|p1a: Annihilape
|-damage|p1a: Annihilape|5/100
|-enditem|p1a: Annihilape|Sitrus Berry|[eat]
|-heal|p1a: Annihilape|30/100|[from] item: Sitrus Berry
|-damage|p2a: Basculegion|70/100|[from] Recoil
|move|p1b: Ceruledge|Bitter Blade|p2b: Rillaboom
|-supereffective|p2b: Rillaboom
|-damage|p2b: Rillaboom|0 fnt
|faint|p2b: Rillaboom
|move|p1a: Annihilape|Rage Fist|p2a: Basculegion
|-damage|p2a: Basculegion|0 fnt
|faint|p2a: Basculegion
|
|win|Bahamate
||Ducktile is ready for game 2.
||Bahamate is ready for game 2.
|uhtml|next|Next: Game 2 of 3
|l|☆Bahamate
|player|p1|
|l|☆Ducktile
|player|p2|
