|j|☆liamj vgc!
|j|☆Deoxine
|html|liamj vgc!Deoxine    
|uhtml|bestof|Game 2 of a best-of-3
|t:|1783534459
|gametype|doubles
|player|p1|liamj vgc!|leon-tower|
|player|p2|Deoxine|2|
|gen|9
|tier|[Gen 9 Champions] VGC 2026 Reg M-B (Bo3)
|rule|Species Clause: Limit one of each Pokémon
|rule|Item Clause: Limit 1 of each item
|clearpoke
|poke|p1|Gengar, L50, M, shiny|
|poke|p1|Incineroar, L50, F, shiny|
|poke|p1|Sinistcha, L50|
|poke|p1|Politoed, L50, M|
|poke|p1|Staraptor, L50, M|
|poke|p1|Archaludon, L50, F, shiny|
|poke|p2|Raichu, L50, M|
|poke|p2|Mawile, L50, F|
|poke|p2|Sinistcha, L50|
|poke|p2|Ceruledge, L50, M|
|poke|p2|Milotic, L50, M|
|poke|p2|Incineroar, L50, F|
|teampreview|4
|showteam|p1|Gengar||Gengarite|CursedBody|ShadowBall,PerishSong,Disable,Protect|Timid||M|||50|]Incineroar||PasshoBerry|Intimidate|Protect,FakeOut,ThroatChop,PartingShot|Impish||F|||50|]Sinistcha||ColburBerry|Hospitality|GigaDrain,RagePowder,StrengthSap,Protect|Calm|||||50|]Politoed||SitrusBerry|Drizzle|WeatherBall,PerishSong,Encore,Protect|Bold||M|||50|]Staraptor||Staraptite|Intimidate|CloseCombat,BraveBird,Roost,Protect|Jolly||M|||50|]Archaludon||Magnet|Stalwart|FlashCannon,ElectroShot,DragonPulse,Protect|Modest||F|||50|
|showteam|p2|Raichu||RaichuniteY|LightningRod|ZapCannon,FocusBlast,FakeOut,Protect|Timid||M|||50|]Mawile||Mawilite|HyperCutter|PlayRough,SuckerPunch,SwordsDance,Protect|Adamant||F|||50|]Sinistcha||KasibBerry|Hospitality|MatchaGotcha,LifeDew,RagePowder,Protect|Relaxed|||||50|]Ceruledge||ColburBerry|FlashFire|BitterBlade,ShadowSneak,BulkUp,Protect|Adamant||M|||50|]Milotic||Leftovers|Competitive|MuddyWater,Coil,Hypnosis,Protect|Calm||M|||50|]Incineroar||SitrusBerry|Intimidate|FlareBlitz,ThroatChop,FakeOut,PartingShot|Impish||F|||50|
|inactive|Battle timer is ON: inactive players will automatically lose when time's up. (requested by liamj vgc!)
|
|t:|1783534482
|teamsize|p1|4
|teamsize|p2|4
|start
|switch|p1a: Politoed|Politoed, L50, M|100/100
|switch|p1b: Archaludon|Archaludon, L50, F, shiny|100/100
|switch|p2a: Raichu|Raichu, L50, M|100/100
|switch|p2b: Incineroar|Incineroar, L50, F|100/100
|-weather|RainDance|[from] ability: Drizzle|[of] p1a: Politoed
|-ability|p2b: Incineroar|Intimidate|boost
|-unboost|p1a: Politoed|atk|1
|-unboost|p1b: Archaludon|atk|1
|turn|1
|inactive|Deoxine has 30 seconds left.
|
|t:|1783534512
|switch|p1a: Incineroar|Incineroar, L50, F, shiny|100/100
|-ability|p1a: Incineroar|Intimidate|boost
|-unboost|p2a: Raichu|atk|1
|-unboost|p2b: Incineroar|atk|1
|detailschange|p2a: Raichu|Raichu-Mega-Y, L50, M
|-mega|p2a: Raichu|Raichu|Raichunite Y
|move|p1b: Archaludon|Protect|p1b: Archaludon
|-singleturn|p1b: Archaludon|Protect
|move|p2b: Incineroar|Fake Out|p1b: Archaludon
|-activate|p1b: Archaludon|move: Protect
|move|p2a: Raichu|Zap Cannon|p1a: Incineroar
|-crit|p1a: Incineroar
|-damage|p1a: Incineroar|28/100
|-status|p1a: Incineroar|par
|
|-weather|RainDance|[upkeep]
|upkeep
|turn|2
|inactive|liamj vgc! has 30 seconds left.
|inactive|Deoxine has 30 seconds left.
|inactive|Deoxine has 20 seconds left.
|
|t:|1783534552
|move|p2a: Raichu|Protect|p2a: Raichu
|-singleturn|p2a: Raichu|Protect
|move|p1a: Incineroar|Fake Out|p2a: Raichu
|-activate|p2a: Raichu|move: Protect
|move|p1b: Archaludon|Electro Shot||[still]
|-prepare|p1b: Archaludon|Electro Shot
|-boost|p1b: Archaludon|spa|1
|-anim|p1b: Archaludon|Electro Shot|p2a: Raichu
|-activate|p2a: Raichu|move: Protect
|move|p2b: Incineroar|Parting Shot|p1b: Archaludon
|-unboost|p1b: Archaludon|atk|1
|-unboost|p1b: Archaludon|spa|1
|
|t:|1783534567
|switch|p2b: Sinistcha|Sinistcha, L50|100/100|[from] Parting Shot
|
|-weather|RainDance|[upkeep]
|upkeep
|turn|3
|
|t:|1783534585
|move|p2b: Sinistcha|Rage Powder|p2b: Sinistcha
|-singleturn|p2b: Sinistcha|move: Rage Powder
|move|p2a: Raichu|Focus Blast|p1a: Incineroar
|-supereffective|p1a: Incineroar|1
|-damage|p1a: Incineroar|0 fnt
|faint|p1a: Incineroar
|move|p1b: Archaludon|Dragon Pulse|p2a: Raichu
|-damage|p2a: Raichu|46/100
|
|-weather|RainDance|[upkeep]
|upkeep
|
|t:|1783534595
|switch|p1a: Gengar|Gengar, L50, M, shiny|100/100
|turn|4
|j| TG511
|
|t:|1783534617
|detailschange|p1a: Gengar|Gengar-Mega, L50, M, shiny
|-mega|p1a: Gengar|Gengar|Gengarite
|move|p2b: Sinistcha|Rage Powder|p2b: Sinistcha
|-singleturn|p2b: Sinistcha|move: Rage Powder
|move|p2a: Raichu|Focus Blast|p1b: Archaludon
|-supereffective|p1b: Archaludon|1
|-damage|p1b: Archaludon|18/100
|move|p1a: Gengar|Disable|p2b: Sinistcha
|-start|p2b: Sinistcha|Disable|Rage Powder
|move|p1b: Archaludon|Dragon Pulse|p2a: Raichu
|-damage|p2a: Raichu|0 fnt
|faint|p2a: Raichu
|
|-weather|RainDance|[upkeep]
|upkeep
|
|t:|1783534635
|switch|p2a: Ceruledge|Ceruledge, L50, M|100/100
|turn|5
|inactive|Deoxine has 30 seconds left.
|
|t:|1783534666
|move|p2a: Ceruledge|Shadow Sneak|p1a: Gengar
|-supereffective|p1a: Gengar|1
|-damage|p1a: Gengar|44/100
|move|p1a: Gengar|Shadow Ball|p2a: Ceruledge
|-supereffective|p2a: Ceruledge|1
|-damage|p2a: Ceruledge|13/100
|move|p1b: Archaludon|Electro Shot||[still]
|-prepare|p1b: Archaludon|Electro Shot
|-boost|p1b: Archaludon|spa|1
|-anim|p1b: Archaludon|Electro Shot|p2a: Ceruledge
|-damage|p2a: Ceruledge|0 fnt
|faint|p2a: Ceruledge
|move|p2b: Sinistcha|Matcha Gotcha|p1b: Archaludon|[spread] p1a,p1b
|-resisted|p1a: Gengar|1
|-resisted|p1b: Archaludon|2
|-damage|p1a: Gengar|31/100
|-damage|p1b: Archaludon|12/100
|
|-weather|none
|upkeep
|
|t:|1783534682
|switch|p2a: Incineroar|Incineroar, L50, F|100/100
|-ability|p2a: Incineroar|Intimidate|boost
|-unboost|p1a: Gengar|atk|1
|-unboost|p1b: Archaludon|atk|1
|turn|6
|
|t:|1783534691
|move|p2a: Incineroar|Fake Out|p1b: Archaludon
|-resisted|p1b: Archaludon|1
|-damage|p1b: Archaludon|7/100
|move|p1a: Gengar|Perish Song|p1a: Gengar
|-start|p1a: Gengar|perish3|[silent]
|-start|p1b: Archaludon|perish3|[silent]
|-start|p2a: Incineroar|perish3|[silent]
|-start|p2b: Sinistcha|perish3|[silent]
|-fieldactivate|move: Perish Song
|cant|p1b: Archaludon|flinch
|move|p2b: Sinistcha|Matcha Gotcha|p1a: Gengar|[spread] p1a,p1b
|-resisted|p1a: Gengar|1
|-resisted|p1b: Archaludon|2
|-damage|p1a: Gengar|18/100
|-damage|p1b: Archaludon|1/100
|-status|p1b: Archaludon|brn
|
|-damage|p1b: Archaludon|0 fnt|[from] brn
|faint|p1b: Archaludon
|-start|p1a: Gengar|perish3
|-start|p2a: Incineroar|perish3
|-start|p2b: Sinistcha|perish3
|upkeep
|
|t:|1783534697
|switch|p1b: Politoed|Politoed, L50, M|100/100
|-weather|RainDance|[from] ability: Drizzle|[of] p1b: Politoed
|turn|7
|
|t:|1783534717
|move|p1a: Gengar|Protect|p1a: Gengar
|-singleturn|p1a: Gengar|Protect
|move|p1b: Politoed|Protect|p1b: Politoed
|-singleturn|p1b: Politoed|Protect
|move|p2a: Incineroar|Throat Chop|p1a: Gengar
|-activate|p1a: Gengar|move: Protect
|move|p2b: Sinistcha|Matcha Gotcha|p1a: Gengar|[spread] 
|-activate|p1a: Gengar|move: Protect
|-activate|p1b: Politoed|move: Protect
|
|-weather|RainDance|[upkeep]
|-start|p1a: Gengar|perish2
|-start|p2a: Incineroar|perish2
|-start|p2b: Sinistcha|perish2
|upkeep
|turn|8
|
|t:|1783534734
|move|p1a: Gengar|Disable|p2a: Incineroar
|-start|p2a: Incineroar|Disable|Throat Chop
|move|p1b: Politoed|Encore|p2a: Incineroar
|-start|p2a: Incineroar|Encore
|cant|p2a: Incineroar|Disable|Throat Chop
|move|p2b: Sinistcha|Matcha Gotcha|p1a: Gengar|[spread] p1b
|-miss|p2b: Sinistcha|p1a: Gengar
|-supereffective|p1b: Politoed|1
|-damage|p1b: Politoed|54/100
|
|-weather|RainDance|[upkeep]
|-end|p2b: Sinistcha|Disable
|-start|p1a: Gengar|perish1
|-start|p2a: Incineroar|perish1
|-start|p2b: Sinistcha|perish1
|upkeep
|turn|9
|
|t:|1783534753
|move|p1a: Gengar|Protect|p1a: Gengar
|-singleturn|p1a: Gengar|Protect
|move|p1b: Politoed|Protect|p1b: Politoed
|-singleturn|p1b: Politoed|Protect
|-activate|p2a: Incineroar|move: Struggle
|move|p2a: Incineroar|Struggle|p1b: Politoed
|-activate|p1b: Politoed|move: Protect
|move|p2b: Sinistcha|Matcha Gotcha|p1b: Politoed|[spread] 
|-activate|p1a: Gengar|move: Protect
|-activate|p1b: Politoed|move: Protect
|
|-weather|RainDance|[upkeep]
|-start|p1a: Gengar|perish0
|-start|p2a: Incineroar|perish0
|-start|p2b: Sinistcha|perish0
|faint|p1a: Gengar
|faint|p2a: Incineroar
|faint|p2b: Sinistcha
|
|win|liamj vgc!
||liamj vgc! is ready for game 3.
||Deoxine is ready for game 3.
|uhtml|next|Next: Game 3 of 3
|l| TG511
