|j|☆lateralvs
|j|☆Togepi Trinity
|html|lateralvsTogepi Trinity    
|uhtml|bestof|Game 1 of a best-of-3
|t:|1756317767
|gametype|doubles
|player|p1|lateralvs|giovanni|
|player|p2|Togepi Trinity|unknown|
|gen|9
|tier|[Gen 9] VGC 2025 Reg H (Bo3)
|rule|Species Clause: Limit one of each Pokémon
|rule|Item Clause: Limit 1 of each item
|clearpoke
|poke|p1|Ursaluna, L50, M|
|poke|p1|Gholdengo, L50|
|poke|p1|Porygon2, L50|
|poke|p1|Amoonguss, L50, F|
|poke|p1|Incineroar, L50, M|
|poke|p1|Hydreigon, L50, F|
|poke|p2|Annihilape, L50, M|
|poke|p2|Maushold, L50|
|poke|p2|Pelipper, L50, M|
|poke|p2|Archaludon, L50, M|
|poke|p2|Sinistcha, L50|
|poke|p2|Klefki, L50, M|
|teampreview|4
|showteam|p1|Ursaluna||FlameOrb|Guts|Facade,Earthquake,HeadlongRush,Protect|||M|||50|,,,,,Fairy]Gholdengo||MetalCoat|GoodasGold|MakeItRain,ShadowBall,NastyPlot,Protect||||||50|,,,,,Flying]Porygon2||Eviolite|Download|TeraBlast,IceBeam,TrickRoom,Recover||||||50|,,,,,Fighting]Amoonguss||CovertCloak|Regenerator|PollenPuff,Spore,RagePowder,Protect|||F|||50|,,,,,Fire]Incineroar||SitrusBerry|Intimidate|FlareBlitz,KnockOff,PartingShot,FakeOut|||M|||50|,,,,,Grass]Hydreigon||SafetyGoggles|Levitate|DracoMeteor,Snarl,Tailwind,Protect|||F|||50|,,,,,Ghost
|showteam|p2|Annihilape||LumBerry|Defiant|Protect,RageFist,DrainPunch,BulkUp|||M|||50|,,,,,Fire]Maushold||WideLens|Technician|Protect,PopulationBomb,FollowMe,BeatUp||||||50|,,,,,Ghost]Pelipper||FocusSash|Drizzle|Protect,WeatherBall,Hurricane,Tailwind|||M|||50|,,,,,Ghost]Archaludon||AssaultVest|Stamina|ElectroShot,DracoMeteor,Snarl,BodyPress|||M|||50|,,,,,Grass]Sinistcha||SitrusBerry|Hospitality|LifeDew,RagePowder,StrengthSap,MatchaGotcha||||||50|,,,,,Fairy]Klefki||LightClay|Prankster|FoulPlay,ThunderWave,Reflect,LightScreen|||M|||50|,,,,,Water
|c|☆lateralvs|glhf
|c|☆Togepi Trinity|u2
|
|t:|1756317828
|teamsize|p1|4
|teamsize|p2|4
|start
|switch|p1a: Porygon2|Porygon2, L50|100/100
|switch|p1b: Amoonguss|Amoonguss, L50, F|100/100
|switch|p2a: Maushold|Maushold, L50|100/100
|switch|p2b: Annihilape|Annihilape, L50, M|100/100
|-ability|p1a: Porygon2|Download|boost
|-boost|p1a: Porygon2|atk|1
|turn|1
|
|t:|1756317879
|move|p1b: Amoonguss|Rage Powder|p1b: Amoonguss
|-singleturn|p1b: Amoonguss|move: Rage Powder
|move|p2a: Maushold|Beat Up|p1b: Amoonguss
|-damage|p1b: Amoonguss|96/100
|-damage|p1b: Amoonguss|90/100
|-damage|p1b: Amoonguss|86/100
|-damage|p1b: Amoonguss|82/100
|-hitcount|p1b: Amoonguss|4
|move|p2b: Annihilape|Bulk Up|p2b: Annihilape
|-boost|p2b: Annihilape|atk|1
|-boost|p2b: Annihilape|def|1
|move|p1a: Porygon2|Trick Room|p1a: Porygon2
|-fieldstart|move: Trick Room|[of] p1a: Porygon2
|
|upkeep
|turn|2
|
|t:|1756317892
|switch|p1a: Ursaluna|Ursaluna, L50, M|100/100
|move|p2a: Maushold|Protect|p2a: Maushold
|-singleturn|p2a: Maushold|Protect
|move|p1b: Amoonguss|Spore|p2a: Maushold
|-activate|p2a: Maushold|move: Protect
|move|p2b: Annihilape|Drain Punch|p1a: Ursaluna
|-supereffective|p1a: Ursaluna
|-crit|p1a: Ursaluna
|-damage|p1a: Ursaluna|0 fnt
|faint|p1a: Ursaluna
|
|upkeep
|
|t:|1756317906
|switch|p1a: Porygon2|Porygon2, L50|100/100
|-ability|p1a: Porygon2|Download|boost
|-boost|p1a: Porygon2|spa|1
|turn|3
|
|t:|1756317923
|-terastallize|p1a: Porygon2|Fighting
|move|p1b: Amoonguss|Rage Powder|p1b: Amoonguss
|-singleturn|p1b: Amoonguss|move: Rage Powder
|move|p2a: Maushold|Follow Me|p2a: Maushold
|-singleturn|p2a: Maushold|move: Follow Me
|move|p1a: Porygon2|Tera Blast|p2a: Maushold|[anim] Tera Blast Fighting
|-supereffective|p2a: Maushold
|-damage|p2a: Maushold|0 fnt
|faint|p2a: Maushold
|move|p2b: Annihilape|Bulk Up|p2b: Annihilape
|-boost|p2b: Annihilape|atk|1
|-boost|p2b: Annihilape|def|1
|
|upkeep
|
|t:|1756317945
|switch|p2a: Sinistcha|Sinistcha, L50|100/100
|turn|4
|
|t:|1756317970
|move|p1b: Amoonguss|Spore|p2b: Annihilape
|-status|p2b: Annihilape|slp|[from] move: Spore
|-enditem|p2b: Annihilape|Lum Berry|[eat]
|-curestatus|p2b: Annihilape|slp|[msg]
|move|p1a: Porygon2|Ice Beam|p2a: Sinistcha
|-supereffective|p2a: Sinistcha
|-crit|p2a: Sinistcha
|-damage|p2a: Sinistcha|0 fnt
|faint|p2a: Sinistcha
|move|p2b: Annihilape|Rage Fist|p1b: Amoonguss
|-damage|p1b: Amoonguss|40/100
|
|upkeep
|
|t:|1756317981
|switch|p2a: Pelipper|Pelipper, L50, M|100/100
|-weather|RainDance|[from] ability: Drizzle|[of] p2a: Pelipper
|turn|5
|
|t:|1756318006
|switch|p1b: Hydreigon|Hydreigon, L50, F|100/100
|move|p1a: Porygon2|Ice Beam|p2a: Pelipper
|-damage|p2a: Pelipper|23/100
|move|p2a: Pelipper|Hurricane|p1b: Hydreigon
|-damage|p1b: Hydreigon|46/100
|move|p2b: Annihilape|Rage Fist|p1b: Hydreigon
|-resisted|p1b: Hydreigon
|-damage|p1b: Hydreigon|19/100
|
|-weather|RainDance|[upkeep]
|-fieldend|move: Trick Room
|upkeep
|turn|6
|
|t:|1756318026
|move|p2a: Pelipper|Protect|p2a: Pelipper
|-singleturn|p2a: Pelipper|Protect
|move|p1b: Hydreigon|Draco Meteor|p2a: Pelipper
|-activate|p2a: Pelipper|move: Protect
|move|p2b: Annihilape|Drain Punch|p1b: Hydreigon
|-supereffective|p1b: Hydreigon
|-damage|p1b: Hydreigon|0 fnt
|faint|p1b: Hydreigon
|move|p1a: Porygon2|Trick Room|p1a: Porygon2
|-fieldstart|move: Trick Room|[of] p1a: Porygon2
|
|-weather|RainDance|[upkeep]
|upkeep
|
|t:|1756318032
|switch|p1b: Amoonguss|Amoonguss, L50, F|73/100
|turn|7
|
|t:|1756318042
|move|p1b: Amoonguss|Spore|p2b: Annihilape
|-status|p2b: Annihilape|slp|[from] move: Spore
|move|p1a: Porygon2|Ice Beam|p2a: Pelipper
|-damage|p2a: Pelipper|0 fnt
|faint|p2a: Pelipper
|cant|p2b: Annihilape|slp
|
|-weather|RainDance|[upkeep]
|upkeep
|turn|8
|
|t:|1756318047
|move|p1b: Amoonguss|Pollen Puff|p2b: Annihilape
|-resisted|p2b: Annihilape
|-damage|p2b: Annihilape|96/100 slp
|move|p1a: Porygon2|Ice Beam|p2b: Annihilape
|-damage|p2b: Annihilape|52/100 slp
|cant|p2b: Annihilape|slp
|
|-weather|RainDance|[upkeep]
|upkeep
|turn|9
|
|t:|1756318071
|move|p1b: Amoonguss|Pollen Puff|p2b: Annihilape
|-resisted|p2b: Annihilape
|-damage|p2b: Annihilape|48/100 slp
|move|p1a: Porygon2|Ice Beam|p2b: Annihilape
|-damage|p2b: Annihilape|4/100 slp
|-curestatus|p2b: Annihilape|slp|[msg]
|move|p2b: Annihilape|Rage Fist|p1b: Amoonguss
|-damage|p1b: Amoonguss|0 fnt
|faint|p1b: Amoonguss
|
|-weather|none
|upkeep
|turn|10
|
|t:|1756318084
|move|p2b: Annihilape|Protect|p2b: Annihilape
|-singleturn|p2b: Annihilape|Protect
|move|p1a: Porygon2|Ice Beam|p2b: Annihilape
|-activate|p2b: Annihilape|move: Protect
|
|-fieldend|move: Trick Room
|upkeep
|turn|11
|
|t:|1756318087
|move|p2b: Annihilape|Rage Fist|p1a: Porygon2
|-damage|p1a: Porygon2|0 fnt
|faint|p1a: Porygon2
|
|win|Togepi Trinity
||lateralvs is ready for game 2.
||Togepi Trinity is ready for game 2.
|uhtml|next|Next: Game 2 of 3
