|j|☆freudianbreath
|j|☆MonkeysJoe
|html|freudianbreathMonkeysJoe    
|uhtml|bestof|Game 1 of a best-of-3
|t:|1756355524
|gametype|doubles
|player|p1|freudianbreath|1|1019
|player|p2|MonkeysJoe|1|1126
|gen|9
|tier|[Gen 9] VGC 2025 Reg H (Bo3)
|rated|
|rule|Species Clause: Limit one of each Pokémon
|rule|Item Clause: Limit 1 of each item
|clearpoke
|poke|p1|Rillaboom, L50, F|
|poke|p1|Gholdengo, L50|
|poke|p1|Amoonguss, L50, M|
|poke|p1|Sneasler, L50, F|
|poke|p1|Incineroar, L50, F|
|poke|p1|Pelipper, L50, F|
|poke|p2|Ursaluna-Bloodmoon, L50, M|
|poke|p2|Gholdengo, L50|
|poke|p2|Dragonite, L50, M|
|poke|p2|Sneasler, L50, F|
|poke|p2|Incineroar, L50, F|
|poke|p2|Amoonguss, L50, F|
|teampreview|4
|showteam|p1|Rillaboom||AssaultVest|GrassySurge|WoodHammer,GrassyGlide,FakeOut,HighHorsepower|||F|||50|,,,,,Fire]Gholdengo||ChoiceSpecs|GoodasGold|MakeItRain,ShadowBall,PowerGem,Thunder||||||50|,,,,,Steel]Amoonguss||RockyHelmet|Regenerator|PollenPuff,Spore,RagePowder,ClearSmog|||M|||50|,,,,,Fairy]Sneasler||GrassySeed|Unburden|FakeOut,CloseCombat,ThroatChop,Protect|||F|||50|,,,,,Dark]Incineroar||SafetyGoggles|Intimidate|FakeOut,KnockOff,WillOWisp,PartingShot|||F|||50|,,,,,Ghost]Pelipper||FocusSash|Drizzle|Hurricane,WeatherBall,Tailwind,Protect|||F|||50|,,,,,Stellar
|showteam|p2|Ursaluna-Bloodmoon||AssaultVest|MindsEye|BloodMoon,EarthPower,VacuumWave,HyperVoice|||M|||50|,,,,,Water]Gholdengo||LifeOrb|GoodasGold|Protect,MakeItRain,ShadowBall,NastyPlot||||||50|,,,,,Water]Dragonite||LoadedDice|Multiscale|ScaleShot,Tailwind,Haze,Protect|||M|||50|,,,,,Fairy]Sneasler||FocusSash|Unburden|Protect,DireClaw,CloseCombat,ThroatChop|||F|||50|,,,,,Stellar]Incineroar||SafetyGoggles|Intimidate|KnockOff,PartingShot,FlareBlitz,FakeOut|||F|||50|,,,,,Ghost]Amoonguss||SitrusBerry|Regenerator|RagePowder,Spore,PollenPuff,Protect|||F|||50|,,,,,Psychic
|l|☆freudianbreath
|player|p1|
|j|☆freudianbreath
|player|p1|freudianbreath|1|
|inactive|Battle timer is ON: inactive players will automatically lose when time's up. (requested by MonkeysJoe)
|
|t:|1756355641
|teamsize|p1|4
|teamsize|p2|4
|start
|switch|p1a: Gholdengo|Gholdengo, L50|100/100
|switch|p1b: Pelipper|Pelipper, L50, F|100/100
|switch|p2a: Incineroar|Incineroar, L50, F|100/100
|switch|p2b: Gholdengo|Gholdengo, L50|100/100
|-weather|RainDance|[from] ability: Drizzle|[of] p1b: Pelipper
|-ability|p2a: Incineroar|Intimidate|boost
|-unboost|p1a: Gholdengo|atk|1
|-unboost|p1b: Pelipper|atk|1
|turn|1
|inactive|freudianbreath has 30 seconds left.
|inactive|MonkeysJoe has 30 seconds left.
|inactive|freudianbreath has 20 seconds left.
|inactive|freudianbreath has 15 seconds left.
|inactive|MonkeysJoe has 20 seconds left.
|
|t:|1756355689
|-terastallize|p2b: Gholdengo|Water
|move|p2a: Incineroar|Fake Out|p1b: Pelipper
|-damage|p1b: Pelipper|85/100
|move|p2b: Gholdengo|Nasty Plot|p2b: Gholdengo
|-boost|p2b: Gholdengo|spa|2
|move|p1a: Gholdengo|Thunder|p2b: Gholdengo
|-supereffective|p2b: Gholdengo
|-damage|p2b: Gholdengo|0 fnt
|faint|p2b: Gholdengo
|cant|p1b: Pelipper|flinch
|
|-weather|RainDance|[upkeep]
|upkeep
|
|t:|1756355706
|switch|p2b: Dragonite|Dragonite, L50, M|100/100
|turn|2
|inactive|freudianbreath has 30 seconds left.
|
|t:|1756355740
|move|p1a: Gholdengo|Thunder|p2b: Dragonite
|-damage|p2b: Dragonite|67/100
|move|p2b: Dragonite|Scale Shot|p1b: Pelipper
|-damage|p1b: Pelipper|67/100
|-damage|p1b: Pelipper|48/100
|-damage|p1b: Pelipper|28/100
|-damage|p1b: Pelipper|8/100
|-damage|p1b: Pelipper|0 fnt
|faint|p1b: Pelipper
|-hitcount|p1: Pelipper|5
|-unboost|p2b: Dragonite|def|1
|-boost|p2b: Dragonite|spe|1
|move|p2a: Incineroar|Knock Off|p1a: Gholdengo
|-supereffective|p1a: Gholdengo
|-damage|p1a: Gholdengo|0 fnt
|-enditem|p1a: Gholdengo|Choice Specs|[from] move: Knock Off|[of] p2a: Incineroar
|faint|p1a: Gholdengo
|
|-weather|RainDance|[upkeep]
|upkeep
|
|t:|1756355755
|switch|p1a: Rillaboom|Rillaboom, L50, F|100/100
|switch|p1b: Incineroar|Incineroar, L50, F|100/100
|-fieldstart|move: Grassy Terrain|[from] ability: Grassy Surge|[of] p1a: Rillaboom
|-ability|p1b: Incineroar|Intimidate|boost
|-unboost|p2a: Incineroar|atk|1
|-unboost|p2b: Dragonite|atk|1
|turn|3
|inactive|freudianbreath has 30 seconds left.
|inactive|freudianbreath has 20 seconds left.
|
|t:|1756355791
|move|p2b: Dragonite|Protect|p2b: Dragonite
|-singleturn|p2b: Dragonite|Protect
|move|p1b: Incineroar|Fake Out|p2b: Dragonite
|-activate|p2b: Dragonite|move: Protect
|move|p1a: Rillaboom|High Horsepower|p2a: Incineroar
|-supereffective|p2a: Incineroar
|-damage|p2a: Incineroar|32/100
|move|p2a: Incineroar|Parting Shot|p1a: Rillaboom
|-unboost|p1a: Rillaboom|atk|1
|-unboost|p1a: Rillaboom|spa|1
|
|t:|1756355803
|switch|p2a: Ursaluna|Ursaluna-Bloodmoon, L50, M|100/100|[from] Parting Shot
|
|-weather|RainDance|[upkeep]
|upkeep
|turn|4
|inactive|freudianbreath has 30 seconds left.
|inactive|freudianbreath has 20 seconds left.
|inactive|freudianbreath has 15 seconds left.
|inactive|freudianbreath has 10 seconds left.
|inactive|freudianbreath has 5 seconds left.
|
|t:|1756355854
|switch|p2a: Incineroar|Incineroar, L50, F|32/100
|-ability|p2a: Incineroar|Intimidate|boost
|-unboost|p1a: Rillaboom|atk|1
|-unboost|p1b: Incineroar|atk|1
|move|p2b: Dragonite|Tailwind|p2b: Dragonite
|-sidestart|p2: MonkeysJoe|move: Tailwind
|move|p1a: Rillaboom|Wood Hammer|p2a: Incineroar
|-resisted|p2a: Incineroar
|-damage|p2a: Incineroar|12/100
|-damage|p1a: Rillaboom|94/100|[from] Recoil
|move|p1b: Incineroar|Will-O-Wisp|p2b: Dragonite
|-status|p2b: Dragonite|brn
|
|-weather|RainDance|[upkeep]
|-heal|p2a: Incineroar|18/100|[from] Grassy Terrain
|-heal|p1a: Rillaboom|99/100|[from] Grassy Terrain
|-damage|p2b: Dragonite|61/100 brn|[from] brn
|upkeep
|turn|5
|inactive|freudianbreath has 30 seconds left.
|inactive|MonkeysJoe has 30 seconds left.
|inactive|freudianbreath has 20 seconds left.
|inactive|MonkeysJoe has 20 seconds left.
|inactive|freudianbreath has 15 seconds left.
|inactive|MonkeysJoe has 15 seconds left.
|inactive|freudianbreath has 10 seconds left.
|inactive|MonkeysJoe has 10 seconds left.
|
|t:|1756355904
|-terastallize|p1b: Incineroar|Ghost
|move|p2b: Dragonite|Scale Shot|p1a: Rillaboom
|-damage|p1a: Rillaboom|95/100
|-damage|p1a: Rillaboom|90/100
|-damage|p1a: Rillaboom|86/100
|-damage|p1a: Rillaboom|81/100
|-hitcount|p1a: Rillaboom|4
|-unboost|p2b: Dragonite|def|1
|-boost|p2b: Dragonite|spe|1
|move|p2a: Incineroar|Knock Off|p1a: Rillaboom
|-damage|p1a: Rillaboom|40/100
|-enditem|p1a: Rillaboom|Assault Vest|[from] move: Knock Off|[of] p2a: Incineroar
|move|p1a: Rillaboom|High Horsepower|p2a: Incineroar
|-supereffective|p2a: Incineroar
|-damage|p2a: Incineroar|0 fnt
|faint|p2a: Incineroar
|move|p1b: Incineroar|Knock Off|p2b: Dragonite
|-damage|p2b: Dragonite|5/100 brn
|-enditem|p2b: Dragonite|Loaded Dice|[from] move: Knock Off|[of] p1b: Incineroar
|
|-weather|none
|-heal|p1a: Rillaboom|46/100|[from] Grassy Terrain
|-damage|p2b: Dragonite|0 fnt|[from] brn
|faint|p2b: Dragonite
|upkeep
|inactive|MonkeysJoe has 30 seconds left.
|
|t:|1756355930
|switch|p2a: Ursaluna|Ursaluna-Bloodmoon, L50, M|100/100
|turn|6
|
|t:|1756355950
|move|p1a: Rillaboom|Grassy Glide|p2a: Ursaluna
|-supereffective|p2a: Ursaluna
|-damage|p2a: Ursaluna|72/100
|move|p2a: Ursaluna|Hyper Voice|p1b: Incineroar|[spread] p1a,p1b
|-damage|p1a: Rillaboom|5/100
|-damage|p1b: Incineroar|69/100
|move|p1b: Incineroar|Knock Off|p2a: Ursaluna
|-damage|p2a: Ursaluna|52/100
|-enditem|p2a: Ursaluna|Assault Vest|[from] move: Knock Off|[of] p1b: Incineroar
|
|-heal|p2a: Ursaluna|58/100|[from] Grassy Terrain
|-heal|p1a: Rillaboom|11/100|[from] Grassy Terrain
|-heal|p1b: Incineroar|75/100|[from] Grassy Terrain
|upkeep
|turn|7
|
|t:|1756355972
|move|p1a: Rillaboom|Grassy Glide|p2a: Ursaluna
|-supereffective|p2a: Ursaluna
|-damage|p2a: Ursaluna|34/100
|move|p2a: Ursaluna|Blood Moon|p1b: Incineroar
|-damage|p1b: Incineroar|13/100
|move|p1b: Incineroar|Knock Off|p2a: Ursaluna
|-damage|p2a: Ursaluna|20/100
|
|-heal|p2a: Ursaluna|26/100|[from] Grassy Terrain
|-heal|p1a: Rillaboom|16/100|[from] Grassy Terrain
|-heal|p1b: Incineroar|19/100|[from] Grassy Terrain
|-sideend|p2: MonkeysJoe|move: Tailwind
|-fieldend|move: Grassy Terrain
|upkeep
|turn|8
|
|t:|1756355990
|move|p1a: Rillaboom|Wood Hammer|p2a: Ursaluna
|-supereffective|p2a: Ursaluna
|-damage|p2a: Ursaluna|0 fnt
|faint|p2a: Ursaluna
|-damage|p1a: Rillaboom|8/100|[from] Recoil
|
|win|freudianbreath
||freudianbreath is ready for game 2.
|inactive|MonkeysJoe has 30 seconds to confirm battle start!
||MonkeysJoe is ready for game 2.
|uhtml|next|Next: Game 2 of 3
