|j|☆bloodnirvana98
|j|☆endk649
|html|bloodnirvana98endk649    
|uhtml|bestof|Game 2 of a best-of-3
|t:|1756240999
|gametype|doubles
|player|p1|bloodnirvana98|giovanni|1103
|player|p2|endk649|gambler|1178
|gen|9
|tier|[Gen 9] VGC 2025 Reg H (Bo3)
|rated|
|rule|Species Clause: Limit one of each Pokémon
|rule|Item Clause: Limit 1 of each item
|clearpoke
|poke|p1|Dragonite, L50, F|
|poke|p1|Charizard, L50, F|
|poke|p1|Incineroar, L50, F|
|poke|p1|Torkoal, L50, M|
|poke|p1|Jumpluff, L50, M|
|poke|p1|Ursaluna-Bloodmoon, L50, M|
|poke|p2|Feraligatr, L50, M|
|poke|p2|Gholdengo, L50|
|poke|p2|Pelipper, L50, F|
|poke|p2|Amoonguss, L50, M|
|poke|p2|Rillaboom, L50, M|
|poke|p2|Incineroar, L50, M|
|teampreview|4
|showteam|p1|Dragonite||ChoiceBand|InnerFocus|ExtremeSpeed,IceSpinner,RockSlide,ThunderPunch|||F|||50|,,,,,Normal]Charizard||QuickClaw|SolarPower|WeatherBall,HeatWave,Flamethrower,Protect|||F|||50|,,,,,Ghost]Incineroar||AssaultVest|Intimidate|FakeOut,KnockOff,FlareBlitz,Uturn|||F|||50|,,,,,Bug]Torkoal||EjectPack|Drought|Overheat,Eruption,HelpingHand,Protect|||M|||50|,,,,,Fire]Jumpluff||CovertCloak|Chlorophyll|RagePowder,SleepPowder,Tailwind,SunnyDay|||M|||50|,,,,,Water]Ursaluna-Bloodmoon||LifeOrb|MindsEye|HyperVoice,BloodMoon,EarthPower,Protect|||M|||50|,,,,,Normal
|showteam|p2|Feraligatr||LifeOrb|SheerForce|Liquidation,Crunch,DragonDance,Protect|||M|||50|,,,,,Dark]Gholdengo||Leftovers|GoodasGold|MakeItRain,ShadowBall,NastyPlot,Protect||||||50|,,,,,Water]Pelipper||FocusSash|Drizzle|WeatherBall,Hurricane,Tailwind,Protect|||F|||50|,,,,,Stellar]Amoonguss||CovertCloak|Regenerator|PollenPuff,Spore,RagePowder,Protect|||M|||50|,,,,,Water]Rillaboom||AssaultVest|GrassySurge|WoodHammer,GrassyGlide,FakeOut,Uturn|||M|||50|,,,,,Fire]Incineroar||SafetyGoggles|Intimidate|KnockOff,FakeOut,Taunt,PartingShot|||M|||50|,,,,,Ghost
|inactive|Battle timer is ON: inactive players will automatically lose when time's up. (requested by bloodnirvana98)
|inactive|bloodnirvana98 has 60 seconds left.
|inactive|endk649 has 60 seconds left.
|
|t:|1756241039
|teamsize|p1|4
|teamsize|p2|4
|start
|switch|p1a: Dragonite|Dragonite, L50, F|100/100
|switch|p1b: Jumpluff|Jumpluff, L50, M|100/100
|switch|p2a: Rillaboom|Rillaboom, L50, M, shiny|100/100
|switch|p2b: Feraligatr|Feraligatr, L50, M, shiny|100/100
|-fieldstart|move: Grassy Terrain|[from] ability: Grassy Surge|[of] p2a: Rillaboom
|turn|1
|
|t:|1756241053
|switch|p2a: Incineroar|Incineroar, L50, M, shiny|100/100
|-ability|p2a: Incineroar|Intimidate|boost
|-fail|p1a: Dragonite|unboost|Attack|[from] ability: Inner Focus|[of] p1a: Dragonite
|-unboost|p1b: Jumpluff|atk|1
|move|p1b: Jumpluff|Sleep Powder|p2b: Feraligatr|[miss]
|-miss|p1b: Jumpluff|p2b: Feraligatr
|move|p2b: Feraligatr|Dragon Dance|p2b: Feraligatr
|-boost|p2b: Feraligatr|atk|1
|-boost|p2b: Feraligatr|spe|1
|move|p1a: Dragonite|Ice Spinner|p2a: Incineroar
|-resisted|p2a: Incineroar
|-damage|p2a: Incineroar|79/100
|-fieldend|move: Grassy Terrain
|
|upkeep
|turn|2
|inactive|endk649 has 30 seconds left.
|inactive|endk649 has 20 seconds left.
|
|t:|1756241089
|switch|p1a: Incineroar|Incineroar, L50, F|100/100
|-ability|p1a: Incineroar|Intimidate|boost
|-unboost|p2a: Incineroar|atk|1
|-unboost|p2b: Feraligatr|atk|1
|-terastallize|p2b: Feraligatr|Dark
|move|p2b: Feraligatr|Crunch|p1b: Jumpluff
|-damage|p1b: Jumpluff|26/100
|move|p1b: Jumpluff|Sleep Powder|p2b: Feraligatr
|-status|p2b: Feraligatr|slp|[from] move: Sleep Powder
|move|p2a: Incineroar|Parting Shot|p1a: Incineroar
|-unboost|p1a: Incineroar|atk|1
|-unboost|p1a: Incineroar|spa|1
|
|t:|1756241103
|switch|p2a: Rillaboom|Rillaboom, L50, M, shiny|100/100|[from] Parting Shot
|-fieldstart|move: Grassy Terrain|[from] ability: Grassy Surge|[of] p2a: Rillaboom
|
|upkeep
|turn|3
|
|t:|1756241121
|switch|p1a: Ursaluna|Ursaluna-Bloodmoon, L50, M|100/100
|cant|p2b: Feraligatr|slp
|move|p1b: Jumpluff|Tailwind|p1b: Jumpluff
|-sidestart|p1: bloodnirvana98|move: Tailwind
|move|p2a: Rillaboom|U-turn|p1b: Jumpluff
|-damage|p1b: Jumpluff|0 fnt
|faint|p1b: Jumpluff
|
|t:|1756241130
|switch|p2a: Incineroar|Incineroar, L50, M, shiny|79/100|[from] U-turn
|-ability|p2a: Incineroar|Intimidate|boost
|-unboost|p1a: Ursaluna|atk|1
|
|-heal|p2a: Incineroar|85/100|[from] Grassy Terrain
|upkeep
|
|t:|1756241143
|switch|p1b: Dragonite|Dragonite, L50, F|100/100
|turn|4
|inactive|bloodnirvana98 has 30 seconds left.
|
|t:|1756241174
|switch|p1a: Incineroar|Incineroar, L50, F|100/100
|-ability|p1a: Incineroar|Intimidate|boost
|-unboost|p2a: Incineroar|atk|1
|-unboost|p2b: Feraligatr|atk|1
|-terastallize|p1b: Dragonite|Normal
|move|p2a: Incineroar|Fake Out|p1a: Incineroar
|-damage|p1a: Incineroar|93/100
|move|p1b: Dragonite|Extreme Speed|p2b: Feraligatr
|-damage|p2b: Feraligatr|24/100 slp
|cant|p2b: Feraligatr|slp
|
|-heal|p2b: Feraligatr|29/100 slp|[from] Grassy Terrain
|-heal|p1a: Incineroar|99/100|[from] Grassy Terrain
|-heal|p2a: Incineroar|91/100|[from] Grassy Terrain
|upkeep
|turn|5
|
|t:|1756241193
|-curestatus|p2b: Feraligatr|slp|[msg]
|move|p2b: Feraligatr|Protect|p2b: Feraligatr
|-singleturn|p2b: Feraligatr|Protect
|move|p1b: Dragonite|Extreme Speed|p2b: Feraligatr
|-activate|p2b: Feraligatr|move: Protect
|move|p1a: Incineroar|Knock Off|p2a: Incineroar
|-resisted|p2a: Incineroar
|-damage|p2a: Incineroar|67/100
|-enditem|p2a: Incineroar|Safety Goggles|[from] move: Knock Off|[of] p1a: Incineroar
|move|p2a: Incineroar|Parting Shot|p1b: Dragonite
|-unboost|p1b: Dragonite|atk|1
|-unboost|p1b: Dragonite|spa|1
|
|t:|1756241206
|switch|p2a: Rillaboom|Rillaboom, L50, M, shiny|100/100|[from] Parting Shot
|
|-heal|p2b: Feraligatr|35/100|[from] Grassy Terrain
|-heal|p1a: Incineroar|100/100|[from] Grassy Terrain
|upkeep
|turn|6
|
|t:|1756241220
|switch|p2b: Incineroar|Incineroar, L50, M, shiny|67/100
|-ability|p2b: Incineroar|Intimidate|boost
|-unboost|p1a: Incineroar|atk|1
|-fail|p1b: Dragonite|unboost|Attack|[from] ability: Inner Focus|[of] p1b: Dragonite
|move|p1b: Dragonite|Extreme Speed|p2b: Incineroar
|-damage|p2b: Incineroar|26/100
|move|p1a: Incineroar|Flare Blitz|p2a: Rillaboom
|-supereffective|p2a: Rillaboom
|-damage|p2a: Rillaboom|22/100
|-damage|p1a: Incineroar|74/100|[from] Recoil
|move|p2a: Rillaboom|Wood Hammer|p1b: Dragonite
|-damage|p1b: Dragonite|30/100
|-damage|p2a: Rillaboom|0 fnt|[from] Recoil
|faint|p2a: Rillaboom
|
|-heal|p1b: Dragonite|36/100|[from] Grassy Terrain
|-heal|p1a: Incineroar|80/100|[from] Grassy Terrain
|-heal|p2b: Incineroar|32/100|[from] Grassy Terrain
|-sideend|p1: bloodnirvana98|move: Tailwind
|-fieldend|move: Grassy Terrain
|upkeep
|
|t:|1756241237
|switch|p2a: Pelipper|Pelipper, L50, F, shiny|100/100
|-weather|RainDance|[from] ability: Drizzle|[of] p2a: Pelipper
|turn|7
|inactive|endk649 has 30 seconds left.
|
|t:|1756241263
|switch|p1b: Ursaluna|Ursaluna-Bloodmoon, L50, M|100/100
|move|p2a: Pelipper|Weather Ball|p1b: Ursaluna
|-supereffective|p1b: Ursaluna
|-damage|p1b: Ursaluna|0 fnt
|faint|p1b: Ursaluna
|move|p2b: Incineroar|Parting Shot|p1a: Incineroar
|-unboost|p1a: Incineroar|atk|1
|-unboost|p1a: Incineroar|spa|1
|
|t:|1756241268
|switch|p2b: Feraligatr|Feraligatr, L50, M, shiny, tera:Dark|35/100|[from] Parting Shot
|move|p1a: Incineroar|U-turn|p2a: Pelipper
|-resisted|p2a: Pelipper
|-damage|p2a: Pelipper|92/100
|
|t:|1756241275
|switch|p1a: Dragonite|Dragonite, L50, F, tera:Normal|36/100|[from] U-turn
|
|-weather|RainDance|[upkeep]
|upkeep
|
|t:|1756241279
|switch|p1b: Incineroar|Incineroar, L50, F|80/100
|-ability|p1b: Incineroar|Intimidate|boost
|-unboost|p2a: Pelipper|atk|1
|-unboost|p2b: Feraligatr|atk|1
|turn|8
|
|t:|1756241292
|move|p2b: Feraligatr|Protect|p2b: Feraligatr
|-singleturn|p2b: Feraligatr|Protect
|move|p2a: Pelipper|Protect|p2a: Pelipper
|-singleturn|p2a: Pelipper|Protect
|move|p1b: Incineroar|Fake Out|p2a: Pelipper
|-activate|p2a: Pelipper|move: Protect
|move|p1a: Dragonite|Extreme Speed|p2b: Feraligatr
|-activate|p2b: Feraligatr|move: Protect
|
|-weather|RainDance|[upkeep]
|upkeep
|turn|9
|inactive|bloodnirvana98 has 30 seconds left.
|
|t:|1756241327
|move|p1a: Dragonite|Extreme Speed|p2b: Feraligatr
|-damage|p2b: Feraligatr|0 fnt
|faint|p2b: Feraligatr
|move|p2a: Pelipper|Weather Ball|p1a: Dragonite
|-damage|p1a: Dragonite|0 fnt
|faint|p1a: Dragonite
|move|p1b: Incineroar|Knock Off|p2a: Pelipper
|-damage|p2a: Pelipper|29/100
|-enditem|p2a: Pelipper|Focus Sash|[from] move: Knock Off|[of] p1b: Incineroar
|
|-weather|RainDance|[upkeep]
|upkeep
|
|t:|1756241331
|switch|p2b: Incineroar|Incineroar, L50, M, shiny|32/100
|-ability|p2b: Incineroar|Intimidate|boost
|-unboost|p1b: Incineroar|atk|1
|turn|10
|
|t:|1756241338
|move|p2b: Incineroar|Fake Out|p1b: Incineroar
|-damage|p1b: Incineroar|69/100
|move|p2a: Pelipper|Tailwind|p2a: Pelipper
|-sidestart|p2: endk649|move: Tailwind
|cant|p1b: Incineroar|flinch
|
|-weather|RainDance|[upkeep]
|upkeep
|turn|11
|
|t:|1756241341
|move|p2a: Pelipper|Weather Ball|p1b: Incineroar
|-supereffective|p1b: Incineroar
|-crit|p1b: Incineroar
|-damage|p1b: Incineroar|0 fnt
|faint|p1b: Incineroar
|
|win|endk649
|raw|bloodnirvana98's rating: 1103 → 1083(-20 for losing)
|raw|endk649's rating: 1178 → 1198(+20 for winning)
