|j|☆Deedzin The prince
|j|☆cartulo
|html|Deedzin The princecartulo    
|uhtml|bestof|Game 3 of a best-of-3
|t:|1782329115
|gametype|doubles
|player|p1|Deedzin The prince|unknown|
|player|p2|cartulo|blue|
|gen|9
|tier|[Gen 9 Champions] VGC 2026 Reg M-B (Bo3)
|rule|Species Clause: Limit one of each Pokémon
|rule|Item Clause: Limit 1 of each item
|clearpoke
|poke|p1|Eelektross, L50, F|
|poke|p1|Whimsicott, L50, M|
|poke|p1|Garchomp, L50, F|
|poke|p1|Gholdengo, L50|
|poke|p1|Floette-Eternal, L50, F|
|poke|p1|Basculegion, L50, M|
|poke|p2|Torkoal, L50, M|
|poke|p2|Mr. Rime, L50, M|
|poke|p2|Sinistcha, L50|
|poke|p2|Golurk, L50|
|poke|p2|Abomasnow, L50, F|
|poke|p2|Farigiraf, L50, M|
|teampreview|4
|showteam|p1|Eelektross||Eelektrossite|Levitate|Thunderbolt,Flamethrower,GigaDrain,Protect|Modest||F|||50|]Whimsicott||FocusSash|Prankster|Moonblast,Tailwind,Encore,Protect|Timid||M|||50|]Garchomp||SitrusBerry|RoughSkin|DragonClaw,Earthquake,RockSlide,Protect|Adamant||F|||50|]Gholdengo||LifeOrb|GoodasGold|MakeItRain,ShadowBall,NastyPlot,Protect|Modest|||||50|]Floette-Eternal||Floettite|FlowerVeil|Moonblast,DazzlingGleam,LightofRuin,Protect|Modest||F|||50|]Basculegion||MysticWater|Adaptability|WaveCrash,LastRespects,AquaJet,Protect|Adamant||M|||50|
|showteam|p2|Torkoal||Charcoal|Drought|Eruption,HeatWave,EarthPower,Protect|Quiet||M|||50|]Mr. Rime||FocusSash|ScreenCleaner|Psychic,FakeOut,SkillSwap,TrickRoom|Sassy||M|||50|]Sinistcha||OccaBerry|Hospitality|MatchaGotcha,RagePowder,LifeDew,TrickRoom|Bold|||||50|]Golurk||Golurkite|IronFist|HeadlongRush,Poltergeist,CloseCombat,Protect|Brave|||||50|]Abomasnow||Abomasite|SnowWarning|Blizzard,EnergyBall,IceShard,Protect|Quiet||F|||50|]Farigiraf||SitrusBerry|ArmorTail|Psychic,HelpingHand,TrickRoom,Protect|Quiet||M|||50|
|inactive|Battle timer is ON: inactive players will automatically lose when time's up. (requested by cartulo)
|inactive|cartulo has 60 seconds left.
|
|t:|1782329156
|teamsize|p1|4
|teamsize|p2|4
|start
|switch|p1a: Whimsicott|Whimsicott, L50, M|100/100
|switch|p1b: Eelektross|Eelektross, L50, F|100/100
|switch|p2a: Farigiraf|Farigiraf, L50, M|100/100
|switch|p2b: Torkoal|Torkoal, L50, M|100/100
|-weather|SunnyDay|[from] ability: Drought|[of] p2b: Torkoal
|turn|1
|
|t:|1782329169
|detailschange|p1b: Eelektross|Eelektross-Mega, L50, F
|-mega|p1b: Eelektross|Eelektross|Eelektrossite
|move|p1a: Whimsicott|Moonblast|p2b: Torkoal
|-resisted|p2b: Torkoal|1
|-damage|p2b: Torkoal|77/100
|move|p1b: Eelektross|Thunderbolt|p2b: Torkoal
|-damage|p2b: Torkoal|8/100
|move|p2b: Torkoal|Heat Wave|p1a: Whimsicott|[spread] p1a,p1b
|-supereffective|p1a: Whimsicott|1
|-enditem|p1a: Whimsicott|Focus Sash
|-damage|p1a: Whimsicott|1/100
|-damage|p1b: Eelektross|33/100
|move|p2a: Farigiraf|Trick Room|p2a: Farigiraf
|-fieldstart|move: Trick Room|[of] p2a: Farigiraf
|
|-weather|SunnyDay|[upkeep]
|upkeep
|turn|2
|
|t:|1782329191
|move|p1a: Whimsicott|Protect|p1a: Whimsicott
|-singleturn|p1a: Whimsicott|Protect
|move|p1b: Eelektross|Protect|p1b: Eelektross
|-singleturn|p1b: Eelektross|Protect
|move|p2b: Torkoal|Heat Wave|p1a: Whimsicott|[spread] 
|-activate|p1a: Whimsicott|move: Protect
|-activate|p1b: Eelektross|move: Protect
|move|p2a: Farigiraf|Psychic|p1b: Eelektross
|-activate|p1b: Eelektross|move: Protect
|
|-weather|SunnyDay|[upkeep]
|upkeep
|turn|3
|
|t:|1782329216
|switch|p1b: Garchomp|Garchomp, L50, F|100/100
|move|p2b: Torkoal|Heat Wave|p1b: Garchomp|[spread] p1b
|-miss|p2b: Torkoal|p1a: Whimsicott
|-resisted|p1b: Garchomp|1
|-damage|p1b: Garchomp|74/100
|move|p2a: Farigiraf|Psychic|p1a: Whimsicott
|-damage|p1a: Whimsicott|0 fnt
|faint|p1a: Whimsicott
|
|-weather|SunnyDay|[upkeep]
|upkeep
|
|t:|1782329219
|switch|p1a: Basculegion|Basculegion, L50, M|100/100
|turn|4
|
|t:|1782329235
|move|p1a: Basculegion|Aqua Jet||[still]
|cant|p2a: Farigiraf|ability: Armor Tail|Aqua Jet|[of] p1a: Basculegion
|move|p2b: Torkoal|Heat Wave|p1b: Garchomp|[spread] p1a,p1b
|-resisted|p1a: Basculegion|1
|-resisted|p1b: Garchomp|1
|-crit|p1b: Garchomp
|-damage|p1a: Basculegion|67/100
|-damage|p1b: Garchomp|38/100
|-status|p1b: Garchomp|brn
|-enditem|p1b: Garchomp|Sitrus Berry|[eat]
|-heal|p1b: Garchomp|63/100 brn|[from] item: Sitrus Berry
|move|p2a: Farigiraf|Psychic|p1a: Basculegion
|-damage|p1a: Basculegion|21/100
|move|p1b: Garchomp|Dragon Claw|p2a: Farigiraf
|-damage|p2a: Farigiraf|83/100
|
|-weather|SunnyDay|[upkeep]
|-damage|p1b: Garchomp|57/100 brn|[from] brn
|upkeep
|turn|5
|
|t:|1782329250
|move|p1a: Basculegion|Protect|p1a: Basculegion
|-singleturn|p1a: Basculegion|Protect
|move|p1b: Garchomp|Protect|p1b: Garchomp
|-singleturn|p1b: Garchomp|Protect
|move|p2b: Torkoal|Heat Wave|p1b: Garchomp|[spread] 
|-activate|p1a: Basculegion|move: Protect
|-activate|p1b: Garchomp|move: Protect
|move|p2a: Farigiraf|Psychic|p1b: Garchomp
|-activate|p1b: Garchomp|move: Protect
|
|-weather|none
|-damage|p1b: Garchomp|51/100 brn|[from] brn
|-fieldend|move: Trick Room
|upkeep
|turn|6
|
|t:|1782329261
|move|p2b: Torkoal|Protect|p2b: Torkoal
|-singleturn|p2b: Torkoal|Protect
|move|p1b: Garchomp|Dragon Claw|p2a: Farigiraf
|-damage|p2a: Farigiraf|66/100
|move|p1a: Basculegion|Last Respects|p2b: Torkoal
|-activate|p2b: Torkoal|move: Protect
|move|p2a: Farigiraf|Trick Room|p2a: Farigiraf
|-fieldstart|move: Trick Room|[of] p2a: Farigiraf
|
|-damage|p1b: Garchomp|45/100 brn|[from] brn
|upkeep
|turn|7
|
|t:|1782329279
|move|p2b: Torkoal|Heat Wave|p1a: Basculegion|[spread] p1a,p1b
|-resisted|p1a: Basculegion|1
|-crit|p1a: Basculegion
|-resisted|p1b: Garchomp|1
|-damage|p1a: Basculegion|0 fnt
|-damage|p1b: Garchomp|28/100 brn
|faint|p1a: Basculegion
|move|p2a: Farigiraf|Psychic|p1b: Garchomp
|-damage|p1b: Garchomp|0 fnt
|faint|p1b: Garchomp
|
|upkeep
|
|t:|1782329287
|switch|p1b: Eelektross|Eelektross-Mega, L50, F|33/100
|turn|8
|
|t:|1782329295
|move|p2b: Torkoal|Eruption|p1b: Eelektross
|-damage|p1b: Eelektross|25/100
|move|p1b: Eelektross|Thunderbolt|p2b: Torkoal
|-crit|p2b: Torkoal
|-damage|p2b: Torkoal|0 fnt
|faint|p2b: Torkoal
|-ability|p1b: Eelektross|Eelevate|boost
|-boost|p1b: Eelektross|spa|1
|move|p2a: Farigiraf|Trick Room|p2a: Farigiraf
|-fieldend|move: Trick Room
|
|upkeep
|
|t:|1782329300
|switch|p2b: Golurk|Golurk, L50|100/100
|turn|9
|
|t:|1782329309
|switch|p2b: Sinistcha|Sinistcha, L50|100/100
|-heal|p2a: Farigiraf|91/100|[from] ability: Hospitality|[of] p2b: Sinistcha
|move|p1b: Eelektross|Giga Drain|p2b: Sinistcha
|-resisted|p2b: Sinistcha|1
|-crit|p2b: Sinistcha
|-damage|p2b: Sinistcha|67/100
|-heal|p1b: Eelektross|43/100|[from] drain|[of] p2b: Sinistcha
|move|p2a: Farigiraf|Psychic|p1b: Eelektross
|-damage|p1b: Eelektross|0 fnt
|faint|p1b: Eelektross
|
|win|cartulo
