|j|☆teddy2gloves
|j|☆LetherOCE
|html|teddy2glovesLetherOCE    
|uhtml|bestof|Game 3 of a best-of-3
|t:|1757736017
|gametype|doubles
|player|p1|teddy2gloves|1|1121
|player|p2|LetherOCE|steven|1106
|gen|9
|tier|[Gen 9] VGC 2025 Reg H (Bo3)
|rated|
|rule|Species Clause: Limit one of each Pokémon
|rule|Item Clause: Limit 1 of each item
|clearpoke
|poke|p1|Ninetales-Alola, L50, F|
|poke|p1|Sneasler, L50, F|
|poke|p1|Incineroar, L50, F|
|poke|p1|Gholdengo, L50|
|poke|p1|Amoonguss, L50, M|
|poke|p1|Volcarona, L50, F|
|poke|p2|Sneasler, L50, F|
|poke|p2|Garchomp, L50, F|
|poke|p2|Corviknight, L50, M|
|poke|p2|Volcarona, L50, F|
|poke|p2|Primarina, L50, F|
|poke|p2|Rillaboom, L50, F|
|teampreview|4
|showteam|p1|Ninetales-Alola||FocusSash|SnowWarning|IcyWind,AuroraVeil,Encore,Blizzard|||F|||50|,,,,,Ghost]Sneasler||WhiteHerb|Unburden|CloseCombat,DireClaw,Protect,Coaching|||F|||50|,,,,,Dark]Incineroar||SafetyGoggles|Intimidate|WillOWisp,KnockOff,PartingShot,FakeOut|||F|||50|,,,,,Fairy]Gholdengo||Leftovers|GoodasGold|NastyPlot,MakeItRain,ShadowBall,Protect||||||50|,,,,,Water]Amoonguss||RockyHelmet|Regenerator|ClearSmog,Spore,RagePowder,PollenPuff|||M|||50|,,,,,Water]Volcarona||CovertCloak|FlameBody|QuiverDance,Protect,HeatWave,GigaDrain|||F|||50|,,,,,Grass
|showteam|p2|Sneasler||FocusSash|PoisonTouch|FakeOut,DireClaw,CloseCombat,Coaching|||F|||50|,,,,,Ghost]Garchomp||LifeOrb|RoughSkin|Protect,SwordsDance,StompingTantrum,DragonClaw|||F|||50|,,,,,Fairy]Corviknight||Leftovers|MirrorArmor|BraveBird,BodyPress,BulkUp,Roost|||M|||50|,,,,,Dragon]Volcarona||SafetyGoggles|FlameBody|FieryDance,Tailwind,RagePowder,StruggleBug|||F|||50|,,,,,Steel]Primarina||SitrusBerry|LiquidVoice|Protect,HyperVoice,Moonblast,Haze|||F|||50|,,,,,Poison]Rillaboom||AssaultVest|GrassySurge|FakeOut,GrassyGlide,HighHorsepower,WoodHammer|||F|||50|,,,,,Fire
|
|t:|1757736031
|teamsize|p1|4
|teamsize|p2|4
|start
|switch|p1a: Volcarona|Volcarona, L50, F|100/100
|switch|p1b: Amoonguss|Amoonguss, L50, M|100/100
|switch|p2a: Sneasler|Sneasler, L50, F|100/100
|switch|p2b: Volcarona|Volcarona, L50, F|100/100
|turn|1
|
|t:|1757736079
|move|p2a: Sneasler|Dire Claw|p1b: Amoonguss
|-damage|p1b: Amoonguss|69/100
|-damage|p2a: Sneasler|84/100|[from] item: Rocky Helmet|[of] p1b: Amoonguss
|move|p2b: Volcarona|Fiery Dance|p1b: Amoonguss
|-supereffective|p1b: Amoonguss
|-damage|p1b: Amoonguss|4/100
|move|p1a: Volcarona|Quiver Dance|p1a: Volcarona
|-boost|p1a: Volcarona|spa|1
|-boost|p1a: Volcarona|spd|1
|-boost|p1a: Volcarona|spe|1
|move|p1b: Amoonguss|Spore|p2a: Sneasler
|-status|p2a: Sneasler|slp|[from] move: Spore
|
|upkeep
|turn|2
|
|t:|1757736108
|switch|p1b: Sneasler|Sneasler, L50, F|100/100
|move|p1a: Volcarona|Heat Wave|p2a: Sneasler|[spread] p2b
|-miss|p1a: Volcarona|p2a: Sneasler
|-damage|p2b: Volcarona|52/100
|cant|p2a: Sneasler|slp
|move|p2b: Volcarona|Tailwind|p2b: Volcarona
|-sidestart|p2: LetherOCE|move: Tailwind
|
|upkeep
|turn|3
|
|t:|1757736140
|switch|p1b: Amoonguss|Amoonguss, L50, M|37/100
|-curestatus|p2a: Sneasler|slp|[msg]
|move|p2a: Sneasler|Dire Claw|p1a: Volcarona
|-damage|p1a: Volcarona|48/100
|move|p2b: Volcarona|Fiery Dance|p1b: Amoonguss
|-supereffective|p1b: Amoonguss
|-damage|p1b: Amoonguss|0 fnt
|-boost|p2b: Volcarona|spa|1
|faint|p1b: Amoonguss
|move|p1a: Volcarona|Heat Wave|p2a: Sneasler|[spread] p2a
|-miss|p1a: Volcarona|p2b: Volcarona
|-damage|p2a: Sneasler|2/100
|
|upkeep
|
|t:|1757736150
|switch|p1b: Sneasler|Sneasler, L50, F|100/100
|turn|4
|
|t:|1757736173
|move|p1a: Volcarona|Protect|p1a: Volcarona
|-singleturn|p1a: Volcarona|Protect
|move|p1b: Sneasler|Protect|p1b: Sneasler
|-singleturn|p1b: Sneasler|Protect
|move|p2a: Sneasler|Dire Claw|p1a: Volcarona
|-activate|p1a: Volcarona|move: Protect
|move|p2b: Volcarona|Fiery Dance|p1b: Sneasler
|-activate|p1b: Sneasler|move: Protect
|
|upkeep
|turn|5
|
|t:|1757736212
|move|p2a: Sneasler|Dire Claw|p1a: Volcarona
|-damage|p1a: Volcarona|2/100
|move|p2b: Volcarona|Fiery Dance|p1b: Sneasler
|-damage|p1b: Sneasler|11/100
|move|p1a: Volcarona|Heat Wave|p2a: Sneasler|[spread] p2a,p2b
|-damage|p2a: Sneasler|0 fnt
|-damage|p2b: Volcarona|0 fnt
|faint|p2a: Sneasler
|faint|p2b: Volcarona
|move|p1b: Sneasler|Dire Claw|p2: Sneasler|[notarget]
|-fail|p1b: Sneasler
|
|-sideend|p2: LetherOCE|move: Tailwind
|upkeep
|
|t:|1757736225
|switch|p2a: Primarina|Primarina, L50, F|100/100
|switch|p2b: Garchomp|Garchomp, L50, F|100/100
|turn|6
|
|t:|1757736249
|-terastallize|p1a: Volcarona|Grass
|-terastallize|p2a: Primarina|Poison
|move|p1a: Volcarona|Giga Drain|p2a: Primarina
|-resisted|p2a: Primarina
|-damage|p2a: Primarina|76/100
|-heal|p1a: Volcarona|14/100|[from] drain|[of] p2a: Primarina
|move|p1b: Sneasler|Dire Claw|p2b: Garchomp
|-resisted|p2b: Garchomp
|-damage|p2b: Garchomp|79/100
|-status|p2b: Garchomp|slp
|-damage|p1b: Sneasler|0 fnt|[from] ability: Rough Skin|[of] p2b: Garchomp
|faint|p1b: Sneasler
|cant|p2b: Garchomp|slp
|move|p2a: Primarina|Hyper Voice|p1a: Volcarona
|-resisted|p1a: Volcarona
|-damage|p1a: Volcarona|0 fnt
|faint|p1a: Volcarona
|
|upkeep
|
|t:|1757736264
|switch|p1b: Ninetales|Ninetales-Alola, L50, F|100/100
|-weather|Snowscape|[from] ability: Snow Warning|[of] p1b: Ninetales
|turn|7
|
|t:|1757736280
|cant|p2b: Garchomp|slp
|move|p1b: Ninetales|Blizzard|p2b: Garchomp|[spread] p2a,p2b
|-supereffective|p2b: Garchomp
|-damage|p2a: Primarina|48/100
|-damage|p2b: Garchomp|0 fnt
|-enditem|p2a: Primarina|Sitrus Berry|[eat]
|-heal|p2a: Primarina|73/100|[from] item: Sitrus Berry
|faint|p2b: Garchomp
|move|p2a: Primarina|Moonblast|p1b: Ninetales
|-damage|p1b: Ninetales|42/100
|-unboost|p1b: Ninetales|spa|1
|
|-weather|Snowscape|[upkeep]
|upkeep
|turn|8
|
|t:|1757736293
|move|p1b: Ninetales|Blizzard|p2a: Primarina
|-damage|p2a: Primarina|50/100
|move|p2a: Primarina|Moonblast|p1b: Ninetales
|-damage|p1b: Ninetales|0 fnt
|faint|p1b: Ninetales
|
|win|LetherOCE
|raw|teddy2gloves's rating: 1121 → 1095(-26 for losing)
|raw|LetherOCE's rating: 1106 → 1132(+26 for winning)
|l|☆teddy2gloves
|player|p1|
|l|☆LetherOCE
|player|p2|
