|j|☆battle sim trainer
|j|☆alvarotoscano_
|html|battle sim traineralvarotoscano_    
|uhtml|bestof|Game 2 of a best-of-3
|t:|1782495641
|gametype|doubles
|player|p1|battle sim trainer|turo|1082
|player|p2|alvarotoscano_|265|1123
|gen|9
|tier|[Gen 9 Champions] VGC 2026 Reg M-B (Bo3)
|rated|
|rule|Species Clause: Limit one of each Pokémon
|rule|Item Clause: Limit 1 of each item
|clearpoke
|poke|p1|Swampert, L50, M|
|poke|p1|Archaludon, L50, M|
|poke|p1|Pelipper, L50, M|
|poke|p1|Basculegion, L50, M|
|poke|p1|Venusaur, L50, F|
|poke|p1|Staraptor, L50, M|
|poke|p2|Incineroar, L50, F|
|poke|p2|Sinistcha-Masterpiece, L50|
|poke|p2|Staraptor, L50, M|
|poke|p2|Grimmsnarl, L50, M|
|poke|p2|Garchomp, L50, M|
|poke|p2|Gholdengo, L50|
|teampreview|4
|showteam|p1|Swampert||Swampertite|Torrent|WaveCrash,Earthquake,IcePunch,Protect|Adamant||M|||50|]Archaludon||Magnet|Stamina|ElectroShot,FlashCannon,DragonPulse,Protect|Calm||M|||50|]Pelipper||FocusSash|Drizzle|WeatherBall,Hurricane,WideGuard,Tailwind|Modest||M|||50|]Basculegion||ChoiceScarf|Adaptability|LastRespects,WaveCrash,AquaJet,FlipTurn|Jolly||M|||50|]Venusaur||Venusaurite|Chlorophyll|SludgeBomb,EnergyBall,Protect,EarthPower|Modest||F|||50|]Staraptor||LifeOrb|Intimidate|BraveBird,CloseCombat,Tailwind,Uturn|Adamant||M|||50|
|showteam|p2|Incineroar||SitrusBerry|Intimidate|FakeOut,PartingShot,FlareBlitz,DarkestLariat|Careful||F|||50|]Sinistcha-Masterpiece||KasibBerry|Hospitality|StrengthSap,RagePowder,ShadowBall,MatchaGotcha|Bold|||||50|]Staraptor||Staraptite|Intimidate|CloseCombat,BraveBird,Protect,Roost|Adamant||M|||50|]Grimmsnarl||LightClay|Prankster|LightScreen,Reflect,PartingShot,FoulPlay|Careful||M|||50|]Garchomp||LifeOrb|RoughSkin|Protect,Earthquake,StompingTantrum,DragonClaw|Jolly||M|||50|]Gholdengo||Leftovers|GoodasGold|Protect,NastyPlot,ShadowBall,MakeItRain|Modest|||||50|
|inactive|Battle timer is ON: inactive players will automatically lose when time's up. (requested by alvarotoscano_)
|inactive|battle sim trainer has 60 seconds left.
|
|t:|1782495674
|teamsize|p1|4
|teamsize|p2|4
|start
|switch|p1a: Basculegion|Basculegion, L50, M|100/100
|switch|p1b: Pelipper|Pelipper, L50, M|100/100
|switch|p2a: Grimmsnarl|Grimmsnarl, L50, M|100/100
|switch|p2b: Staraptor|Staraptor, L50, M|100/100
|-ability|p2b: Staraptor|Intimidate|boost
|-unboost|p1a: Basculegion|atk|1
|-unboost|p1b: Pelipper|atk|1
|-weather|RainDance|[from] ability: Drizzle|[of] p1b: Pelipper
|turn|1
|
|t:|1782495699
|switch|p2b: Gholdengo|Gholdengo, L50|100/100
|move|p1a: Basculegion|Wave Crash|p2b: Gholdengo
|-damage|p2b: Gholdengo|29/100
|-damage|p1a: Basculegion|77/100|[from] Recoil
|move|p1b: Pelipper|Tailwind|p1b: Pelipper
|-sidestart|p1: battle sim trainer|move: Tailwind
|move|p2a: Grimmsnarl|Foul Play|p1a: Basculegion
|-supereffective|p1a: Basculegion|1
|-damage|p1a: Basculegion|1/100
|
|-weather|RainDance|[upkeep]
|-heal|p2b: Gholdengo|35/100|[from] item: Leftovers
|upkeep
|turn|2
|c|☆battle sim trainer|oof
|c|☆alvarotoscano_|xd
|inactive|battle sim trainer has 30 seconds left.
|inactive|alvarotoscano_ has 30 seconds left.
|
|t:|1782495730
|switch|p1a: Swampert|Swampert, L50, M|100/100
|move|p2a: Grimmsnarl|Reflect|p2a: Grimmsnarl
|-sidestart|p2: alvarotoscano_|Reflect
|move|p1b: Pelipper|Weather Ball|p2b: Gholdengo
|-damage|p2b: Gholdengo|0 fnt
|faint|p2b: Gholdengo
|
|-weather|RainDance|[upkeep]
|upkeep
|
|t:|1782495739
|switch|p2b: Staraptor|Staraptor, L50, M|100/100
|-ability|p2b: Staraptor|Intimidate|boost
|-unboost|p1a: Swampert|atk|1
|-unboost|p1b: Pelipper|atk|1
|turn|3
|c|☆battle sim trainer|why reflect?
|inactive|battle sim trainer has 30 seconds left.
|inactive|alvarotoscano_ has 30 seconds left.
|c|☆alvarotoscano_|yeah was lightscren xd
|
|t:|1782495773
|switch|p1a: Staraptor|Staraptor, L50, M|100/100
|-ability|p1a: Staraptor|Intimidate|boost
|-unboost|p2a: Grimmsnarl|atk|1
|-unboost|p2b: Staraptor|atk|1
|switch|p2b: Incineroar|Incineroar, L50, F|100/100
|-ability|p2b: Incineroar|Intimidate|boost
|-unboost|p1a: Staraptor|atk|1
|-unboost|p1b: Pelipper|atk|1
|move|p2a: Grimmsnarl|Light Screen|p2a: Grimmsnarl
|-sidestart|p2: alvarotoscano_|move: Light Screen
|move|p1b: Pelipper|Hurricane|p2b: Incineroar
|-damage|p2b: Incineroar|75/100
|
|-weather|RainDance|[upkeep]
|upkeep
|turn|4
|inactive|battle sim trainer has 30 seconds left.
|inactive|battle sim trainer has 20 seconds left.
|inactive|battle sim trainer has 15 seconds left.
|inactive|battle sim trainer has 10 seconds left.
|
|t:|1782495820
|switch|p1b: Swampert|Swampert, L50, M|100/100
|switch|p2a: Staraptor|Staraptor, L50, M|100/100
|-ability|p2a: Staraptor|Intimidate|boost
|-unboost|p1a: Staraptor|atk|1
|-unboost|p1b: Swampert|atk|1
|move|p2b: Incineroar|Fake Out|p1a: Staraptor
|-damage|p1a: Staraptor|86/100
|cant|p1a: Staraptor|flinch
|
|-weather|RainDance|[upkeep]
|-sideend|p1: battle sim trainer|move: Tailwind
|upkeep
|turn|5
|inactive|battle sim trainer has 30 seconds left.
|inactive|alvarotoscano_ has 30 seconds left.
|
|t:|1782495848
|switch|p2b: Grimmsnarl|Grimmsnarl, L50, M|100/100
|detailschange|p2a: Staraptor|Staraptor-Mega, L50, M
|-mega|p2a: Staraptor|Staraptor|Staraptite
|detailschange|p1b: Swampert|Swampert-Mega, L50, M
|-mega|p1b: Swampert|Swampert|Swampertite
|move|p2a: Staraptor|Protect|p2a: Staraptor
|-singleturn|p2a: Staraptor|Protect
|move|p1b: Swampert|Wave Crash|p2a: Staraptor
|-activate|p2a: Staraptor|move: Protect
|move|p1a: Staraptor|Brave Bird|p2a: Staraptor
|-activate|p2a: Staraptor|move: Protect
|
|-weather|none
|upkeep
|turn|6
|inactive|battle sim trainer has 30 seconds left.
|inactive|alvarotoscano_ has 30 seconds left.
|inactive|battle sim trainer has 20 seconds left.
|
|t:|1782495887
|switch|p1b: Pelipper|Pelipper, L50, M|100/100
|-weather|RainDance|[from] ability: Drizzle|[of] p1b: Pelipper
|move|p2b: Grimmsnarl|Parting Shot|p2a: Staraptor
|-boost|p2a: Staraptor|atk|1
|-boost|p2a: Staraptor|spa|1
|
|t:|1782495893
|switch|p2b: Incineroar|Incineroar, L50, F|75/100|[from] Parting Shot
|-ability|p2b: Incineroar|Intimidate|boost
|-unboost|p1a: Staraptor|atk|1
|-unboost|p1b: Pelipper|atk|1
|move|p2a: Staraptor|Close Combat|p1a: Staraptor
|-damage|p1a: Staraptor|0 fnt
|-boost|p2a: Staraptor|def|1
|-boost|p2a: Staraptor|spd|1
|faint|p1a: Staraptor
|
|-weather|RainDance|[upkeep]
|upkeep
|c|☆battle sim trainer|i misplayed
|c|☆battle sim trainer|F
|
|t:|1782495914
|switch|p1a: Basculegion|Basculegion, L50, M|1/100
|turn|7
|c|☆alvarotoscano_|u r still ingame
|c|☆battle sim trainer|idk it's rlly bad XD
|inactive|alvarotoscano_ has 30 seconds left.
|inactive|battle sim trainer has 30 seconds left.
|
|t:|1782495949
|move|p2b: Incineroar|Fake Out|p1b: Pelipper
|-damage|p1b: Pelipper|85/100
|move|p1a: Basculegion|Last Respects|p2a: Staraptor
|-damage|p2a: Staraptor|73/100
|move|p2a: Staraptor|Brave Bird|p1a: Basculegion
|-damage|p1a: Basculegion|0 fnt
|faint|p1a: Basculegion
|-damage|p2a: Staraptor|72/100|[from] Recoil
|cant|p1b: Pelipper|flinch
|
|-weather|RainDance|[upkeep]
|upkeep
|
|t:|1782495957
|switch|p1a: Swampert|Swampert-Mega, L50, M|100/100
|turn|8
|
|t:|1782495971
|switch|p2b: Grimmsnarl|Grimmsnarl, L50, M|100/100
|move|p1a: Swampert|Wave Crash|p2a: Staraptor
|-crit|p2a: Staraptor
|-damage|p2a: Staraptor|0 fnt
|faint|p2a: Staraptor
|-damage|p1a: Swampert|74/100|[from] Recoil
|move|p1b: Pelipper|Weather Ball|p2b: Grimmsnarl
|-damage|p2b: Grimmsnarl|56/100
|
|-weather|RainDance|[upkeep]
|upkeep
|c|☆battle sim trainer|omg
|c|☆alvarotoscano_|CRIT AGAIIIN
|c|☆alvarotoscano_|hahahahahahaa
|c|☆alvarotoscano_|wtf
|
|t:|1782495985
|switch|p2a: Incineroar|Incineroar, L50, F|75/100
|-ability|p2a: Incineroar|Intimidate|boost
|-unboost|p1a: Swampert|atk|1
|-unboost|p1b: Pelipper|atk|1
|turn|9
|c|☆battle sim trainer|it's weird its happened twice
|
|t:|1782496001
|move|p1a: Swampert|Wave Crash|p2a: Incineroar
|-supereffective|p2a: Incineroar|1
|-damage|p2a: Incineroar|0 fnt
|faint|p2a: Incineroar
|-damage|p1a: Swampert|45/100|[from] Recoil
|move|p1b: Pelipper|Weather Ball|p2b: Grimmsnarl
|-damage|p2b: Grimmsnarl|17/100
|move|p2b: Grimmsnarl|Foul Play|p1b: Pelipper
|-damage|p1b: Pelipper|73/100
|
|-weather|RainDance|[upkeep]
|-sideend|p2: alvarotoscano_|Reflect
|upkeep
|turn|10
|c|☆alvarotoscano_|nahhhhh
|c|☆alvarotoscano_|gg
|c|☆battle sim trainer|gg
|c|☆alvarotoscano_|what a bad luck hahahahah
|c|☆battle sim trainer|genuinely
|inactive|alvarotoscano_ has 30 seconds left.
|c|☆alvarotoscano_|hahaha gg m8
|c|☆alvarotoscano_|glll
|-message|alvarotoscano_ forfeited.
|
|win|battle sim trainer
|raw|battle sim trainer's rating: 1082 → 1113(+31 for winning)
|raw|alvarotoscano_'s rating: 1123 → 1095(-28 for losing)
|l|☆alvarotoscano_
|player|p2|
