|j|☆cippino3
|j|☆Welwitchia
|html|cippino3Welwitchia    
|uhtml|bestof|Game 1 of a best-of-3
|t:|1784185923
|gametype|doubles
|player|p1|cippino3|poppy|1091
|player|p2|Welwitchia|pokemonbreeder-gen4|1059
|gen|9
|tier|[Gen 9 Champions] VGC 2026 Reg M-B (Bo3)
|rated|
|rule|Species Clause: Limit one of each Pokémon
|rule|Item Clause: Limit 1 of each item
|clearpoke
|poke|p1|Vivillon, L50, M|
|poke|p1|Raichu, L50, M|
|poke|p1|Whimsicott, L50, M|
|poke|p1|Gholdengo, L50|
|poke|p1|Hydreigon, L50, F|
|poke|p1|Mamoswine, L50, F|
|poke|p2|Banette, L50, F, shiny|
|poke|p2|Umbreon, L50, M|
|poke|p2|Blastoise, L50, F, shiny|
|poke|p2|Charizard, L50, M|
|poke|p2|Hatterene, L50, F, shiny|
|poke|p2|Venusaur, L50, M|
|teampreview|4
|showteam|p1|Vivillon||ChoiceScarf|CompoundEyes|SleepPowder,RagePowder,Hurricane,StringShot|Timid||M|||50|]Raichu||RaichuniteY|LightningRod|Encore,FakeOut,ZapCannon,FocusBlast|Timid||M|||50|]Whimsicott||FocusSash|Prankster|Protect,Tailwind,EnergyBall,Moonblast|Modest||M|||50|]Gholdengo||OccaBerry|GoodasGold|MakeItRain,Hex,PowerGem,NastyPlot|Modest|||||50|]Hydreigon||RoseliBerry|Levitate|Protect,DragonPulse,HeatWave,DarkPulse|Timid||F|||50|]Mamoswine||LifeOrb|Oblivious|Protect,Earthquake,IcicleCrash,IceShard|Jolly||F|||50|
|showteam|p2|Banette||Banettite|CursedBody|SkitterSmack,Disable,FoulPlay,DestinyBond|Careful||F|||50|]Umbreon||MentalHerb|InnerFocus|FoulPlay,Swagger,Toxic,Tickle|Calm||M|||50|]Blastoise||MysticWater|RainDish|MuddyWater,FakeOut,IceBeam,AquaJet|Quiet||F|||50|]Charizard||CharizarditeY|Blaze|AirSlash,SolarBeam,HeatWave,RockSlide|Hasty||M|||50|]Hatterene||BabiriBerry|MagicBounce|MagicPowder,TrickRoom,DazzlingGleam,LifeDew|Sassy||F|||50|]Venusaur||Leftovers|Chlorophyll|WorrySeed,SweetScent,SleepPowder,AcidSpray|Timid||M|||50|
|inactive|Battle timer is ON: inactive players will automatically lose when time's up. (requested by cippino3)
|inactive|Welwitchia has 60 seconds left.
|
|t:|1784185981
|teamsize|p1|4
|teamsize|p2|4
|start
|switch|p1a: Mamoswine|Mamoswine, L50, F|100/100
|switch|p1b: Whimsicott|Whimsicott, L50, M|100/100
|switch|p2a: Blastoise|Blastoise, L50, F, shiny|100/100
|switch|p2b: Umbreon|Umbreon, L50, M|100/100
|turn|1
|
|t:|1784186001
|move|p1b: Whimsicott|Protect|p1b: Whimsicott
|-singleturn|p1b: Whimsicott|Protect
|move|p1a: Mamoswine|Protect|p1a: Mamoswine
|-singleturn|p1a: Mamoswine|Protect
|move|p2a: Blastoise|Fake Out|p1b: Whimsicott
|-activate|p1b: Whimsicott|move: Protect
|move|p2b: Umbreon|Tickle|p1a: Mamoswine
|-activate|p1a: Mamoswine|move: Protect
|
|upkeep
|turn|2
|
|t:|1784186021
|move|p1b: Whimsicott|Energy Ball|p2a: Blastoise
|-supereffective|p2a: Blastoise|1
|-damage|p2a: Blastoise|27/100
|move|p1a: Mamoswine|Icicle Crash|p2b: Umbreon
|-damage|p2b: Umbreon|55/100
|-damage|p1a: Mamoswine|90/100|[from] item: Life Orb
|move|p2a: Blastoise|Muddy Water|p1b: Whimsicott|[spread] p1a
|-miss|p2a: Blastoise|p1b: Whimsicott
|-supereffective|p1a: Mamoswine|1
|-damage|p1a: Mamoswine|0 fnt
|faint|p1a: Mamoswine
|move|p2b: Umbreon|Foul Play|p1b: Whimsicott
|-resisted|p1b: Whimsicott|1
|-damage|p1b: Whimsicott|83/100
|
|upkeep
|
|t:|1784186030
|switch|p1a: Raichu|Raichu, L50, M|100/100
|turn|3
|
|t:|1784186050
|switch|p2a: Venusaur|Venusaur, L50, M|100/100
|detailschange|p1a: Raichu|Raichu-Mega-Y, L50, M
|-mega|p1a: Raichu|Raichu|Raichunite Y
|move|p1a: Raichu|Focus Blast|p2b: Umbreon
|-supereffective|p2b: Umbreon|1
|-damage|p2b: Umbreon|6/100
|move|p1b: Whimsicott|Energy Ball|p2a: Venusaur
|-resisted|p2a: Venusaur|2
|-damage|p2a: Venusaur|91/100
|move|p2b: Umbreon|Toxic|p1a: Raichu
|-status|p1a: Raichu|tox
|
|-heal|p2a: Venusaur|97/100|[from] item: Leftovers
|-damage|p1a: Raichu|94/100 tox|[from] psn
|upkeep
|turn|4
|inactive|Welwitchia has 30 seconds left.
|
|t:|1784186084
|move|p1b: Whimsicott|Tailwind|p1b: Whimsicott
|-sidestart|p1: cippino3|move: Tailwind
|move|p1a: Raichu|Zap Cannon|p2a: Venusaur
|-resisted|p2a: Venusaur|1
|-damage|p2a: Venusaur|62/100
|-status|p2a: Venusaur|par
|move|p2b: Umbreon|Foul Play|p1a: Raichu
|-damage|p1a: Raichu|31/100 tox
|move|p2a: Venusaur|Worry Seed|p1a: Raichu
|-ability|p1a: Raichu|Insomnia|No Guard|[from] move: Worry Seed
|
|-heal|p2a: Venusaur|67/100 par|[from] item: Leftovers
|-damage|p1a: Raichu|20/100r tox|[from] psn
|upkeep
|turn|5
|inactive|cippino3 has 30 seconds left.
|inactive|Welwitchia has 30 seconds left.
|
|t:|1784186114
|switch|p1a: Gholdengo|Gholdengo, L50|100/100
|move|p1b: Whimsicott|Moonblast|p2b: Umbreon
|-supereffective|p2b: Umbreon|1
|-damage|p2b: Umbreon|0 fnt
|faint|p2b: Umbreon
|cant|p2a: Venusaur|par
|
|-heal|p2a: Venusaur|73/100 par|[from] item: Leftovers
|upkeep
|
|t:|1784186122
|switch|p2b: Charizard|Charizard, L50, M|100/100
|turn|6
|
|t:|1784186133
|detailschange|p2b: Charizard|Charizard-Mega-Y, L50, M
|-mega|p2b: Charizard|Charizard|Charizardite Y
|-weather|SunnyDay|[from] ability: Drought|[of] p2b: Charizard
|move|p1b: Whimsicott|Moonblast|p2a: Venusaur
|-resisted|p2a: Venusaur|1
|-damage|p2a: Venusaur|56/100 par
|move|p1a: Gholdengo|Power Gem|p2b: Charizard
|-supereffective|p2b: Charizard|2
|-damage|p2b: Charizard|0 fnt
|faint|p2b: Charizard
|move|p2a: Venusaur|Worry Seed|p1a: Gholdengo
|-immune|p1a: Gholdengo|[from] ability: Good as Gold
|
|-weather|SunnyDay|[upkeep]
|-heal|p2a: Venusaur|62/100 par|[from] item: Leftovers
|upkeep
|
|t:|1784186142
|switch|p2b: Blastoise|Blastoise, L50, F, shiny|27/100
|turn|7
|
|t:|1784186157
|move|p1b: Whimsicott|Energy Ball|p2b: Blastoise
|-supereffective|p2b: Blastoise|1
|-damage|p2b: Blastoise|0 fnt
|faint|p2b: Blastoise
|move|p1a: Gholdengo|Hex|p2a: Venusaur
|-damage|p2a: Venusaur|0 fnt
|faint|p2a: Venusaur
|
|win|cippino3
