|j|☆monsoonisbest
|j|☆DrJargo
|html|monsoonisbestDrJargo    
|uhtml|bestof|Game 3 of a best-of-3
|t:|1783981619
|gametype|doubles
|player|p1|monsoonisbest|102|1209
|player|p2|DrJargo|1|1179
|gen|9
|tier|[Gen 9 Champions] VGC 2026 Reg M-B (Bo3)
|rated|
|rule|Species Clause: Limit one of each Pokémon
|rule|Item Clause: Limit 1 of each item
|clearpoke
|poke|p1|Gengar, L50, F|
|poke|p1|Incineroar, L50, M|
|poke|p1|Politoed, L50, F, shiny|
|poke|p1|Archaludon, L50, F|
|poke|p1|Vivillon, L50, F|
|poke|p1|Swampert, L50, F|
|poke|p2|Raichu, L50, M|
|poke|p2|Ninetales-Alola, L50, M|
|poke|p2|Incineroar, L50, M|
|poke|p2|Sinistcha, L50|
|poke|p2|Gyarados, L50, F|
|poke|p2|Sneasler, L50, F|
|teampreview|4
|showteam|p1|Gengar||Gengarite|CursedBody|ShadowBall,SludgeBomb,PerishSong,Protect|Timid||F|||50|]Incineroar||PasshoBerry|Intimidate|PartingShot,DarkestLariat,Protect,FakeOut|Sassy||M|||50|]Politoed||SitrusBerry|Drizzle|WeatherBall,PerishSong,Encore,Protect|Calm||F|||50|]Archaludon||Leftovers|Stamina|DragonPulse,FlashCannon,ElectroShot,Protect|Bold||F|||50|]Vivillon||FocusSash|CompoundEyes|Hurricane,SleepPowder,RagePowder,Protect|Timid||F|||50|]Swampert||Swampertite|Torrent|WaveCrash,IcePunch,Earthquake,Protect|Adamant||F|||50|
|showteam|p2|Raichu||RaichuniteY|LightningRod|ZapCannon,FakeOut,FocusBlast,Protect|Timid||M|||50|]Ninetales-Alola||NeverMeltIce|SnowWarning|Blizzard,FreezeDry,AuroraVeil,Protect|Timid||M|||50|]Incineroar||SitrusBerry|Intimidate|FakeOut,PartingShot,FlareBlitz,ThroatChop|Careful||M|||50|]Sinistcha||KasibBerry|Hospitality|RagePowder,MatchaGotcha,Protect,LifeDew|Calm|||||50|]Gyarados||Gyaradosite|Intimidate|Waterfall,Crunch,Protect,DragonDance|Adamant||F|||50|]Sneasler||WhiteHerb|Unburden|DireClaw,CloseCombat,FakeOut,Protect|Adamant||F|||50|
|
|t:|1783981641
|teamsize|p1|4
|teamsize|p2|4
|start
|switch|p1a: Swampert|Swampert, L50, F|100/100
|switch|p1b: Vivillon|Vivillon, L50, F|100/100
|switch|p2a: Gyarados|Gyarados, L50, F|100/100
|switch|p2b: Sneasler|Sneasler, L50, F|100/100
|-ability|p2a: Gyarados|Intimidate|boost
|-unboost|p1a: Swampert|atk|1
|-unboost|p1b: Vivillon|atk|1
|turn|1
|
|t:|1783981661
|detailschange|p2a: Gyarados|Gyarados-Mega, L50, F
|-mega|p2a: Gyarados|Gyarados|Gyaradosite
|-ability|p2a: Gyarados|Mold Breaker
|detailschange|p1a: Swampert|Swampert-Mega, L50, F
|-mega|p1a: Swampert|Swampert|Swampertite
|move|p2b: Sneasler|Fake Out|p1b: Vivillon
|-damage|p1b: Vivillon|71/100
|cant|p1b: Vivillon|flinch
|move|p2a: Gyarados|Dragon Dance|p2a: Gyarados
|-boost|p2a: Gyarados|atk|1
|-boost|p2a: Gyarados|spe|1
|move|p1a: Swampert|Earthquake|p2a: Gyarados|[spread] p2a,p2b
|-immune|p1b: Vivillon
|-supereffective|p2b: Sneasler|1
|-damage|p2a: Gyarados|74/100
|-damage|p2b: Sneasler|0 fnt
|faint|p2b: Sneasler
|
|upkeep
|
|t:|1783981670
|switch|p2b: Incineroar|Incineroar, L50, M|100/100
|-ability|p2b: Incineroar|Intimidate|boost
|-unboost|p1a: Swampert|atk|1
|-unboost|p1b: Vivillon|atk|1
|turn|2
|
|t:|1783981699
|switch|p1a: Politoed|Politoed, L50, F, shiny|100/100
|-weather|RainDance|[from] ability: Drizzle|[of] p1a: Politoed
|move|p2b: Incineroar|Fake Out|p1b: Vivillon
|-damage|p1b: Vivillon|50/100g
|move|p2a: Gyarados|Waterfall|p1a: Politoed
|-resisted|p1a: Politoed|1
|-damage|p1a: Politoed|54/100
|cant|p1b: Vivillon|flinch
|
|-weather|RainDance|[upkeep]
|upkeep
|turn|3
|
|t:|1783981714
|switch|p2b: Ninetales|Ninetales-Alola, L50, M|100/100
|-weather|Snowscape|[from] ability: Snow Warning|[of] p2b: Ninetales
|move|p1b: Vivillon|Protect|p1b: Vivillon
|-singleturn|p1b: Vivillon|Protect
|move|p2a: Gyarados|Waterfall|p1b: Vivillon
|-activate|p1b: Vivillon|move: Protect
|move|p1a: Politoed|Weather Ball|p2b: Ninetales
|-resisted|p2b: Ninetales|1
|-damage|p2b: Ninetales|87/100
|
|-weather|Snowscape|[upkeep]
|upkeep
|turn|4
|
|t:|1783981727
|switch|p1a: Archaludon|Archaludon, L50, F|100/100
|move|p2a: Gyarados|Crunch|p1a: Archaludon
|-damage|p1a: Archaludon|50/100g
|-ability|p1a: Archaludon|Stamina|boost
|-boost|p1a: Archaludon|def|1
|move|p2b: Ninetales|Blizzard|p1a: Archaludon|[spread] p1a,p1b
|-supereffective|p1b: Vivillon|1
|-damage|p1a: Archaludon|18/100
|-damage|p1b: Vivillon|0 fnt
|-ability|p1a: Archaludon|Stamina|boost
|-boost|p1a: Archaludon|def|1
|faint|p1b: Vivillon
|
|-weather|Snowscape|[upkeep]
|-heal|p1a: Archaludon|24/100|[from] item: Leftovers
|upkeep
|
|t:|1783981737
|switch|p1b: Politoed|Politoed, L50, F, shiny|54/100
|-weather|RainDance|[from] ability: Drizzle|[of] p1b: Politoed
|turn|5
|
|t:|1783981753
|switch|p2b: Incineroar|Incineroar, L50, M|100/100
|-ability|p2b: Incineroar|Intimidate|boost
|-unboost|p1a: Archaludon|atk|1
|-unboost|p1b: Politoed|atk|1
|move|p2a: Gyarados|Protect|p2a: Gyarados
|-singleturn|p2a: Gyarados|Protect
|move|p1a: Archaludon|Electro Shot||[still]
|-prepare|p1a: Archaludon|Electro Shot
|-boost|p1a: Archaludon|spa|1
|-anim|p1a: Archaludon|Electro Shot|p2a: Gyarados
|-activate|p2a: Gyarados|move: Protect
|move|p1b: Politoed|Weather Ball|p2b: Incineroar
|-supereffective|p2b: Incineroar|1
|-damage|p2b: Incineroar|31/100
|-enditem|p2b: Incineroar|Sitrus Berry|[eat]
|-heal|p2b: Incineroar|56/100|[from] item: Sitrus Berry
|
|-weather|RainDance|[upkeep]
|-heal|p1a: Archaludon|30/100|[from] item: Leftovers
|upkeep
|turn|6
|
|t:|1783981770
|switch|p1b: Swampert|Swampert-Mega, L50, F|100/100
|switch|p2b: Ninetales|Ninetales-Alola, L50, M|87/100
|-weather|Snowscape|[from] ability: Snow Warning|[of] p2b: Ninetales
|move|p1a: Archaludon|Protect|p1a: Archaludon
|-singleturn|p1a: Archaludon|Protect
|move|p2a: Gyarados|Crunch|p1b: Swampert
|-damage|p1b: Swampert|38/100
|
|-weather|Snowscape|[upkeep]
|-heal|p1a: Archaludon|36/100|[from] item: Leftovers
|upkeep
|turn|7
|
|t:|1783981800
|switch|p2b: Incineroar|Incineroar, L50, M|56/100
|-ability|p2b: Incineroar|Intimidate|boost
|-unboost|p1a: Archaludon|atk|1
|-unboost|p1b: Swampert|atk|1
|switch|p1a: Politoed|Politoed, L50, F, shiny|54/100
|-weather|RainDance|[from] ability: Drizzle|[of] p1a: Politoed
|move|p1b: Swampert|Wave Crash|p2b: Incineroar
|-supereffective|p2b: Incineroar|1
|-damage|p2b: Incineroar|0 fnt
|faint|p2b: Incineroar
|-damage|p1b: Swampert|20/100y|[from] Recoil
|move|p2a: Gyarados|Crunch|p1a: Politoed
|-damage|p1a: Politoed|0 fnt
|faint|p1a: Politoed
|
|-weather|RainDance|[upkeep]
|upkeep
|
|t:|1783981814
|switch|p1a: Archaludon|Archaludon, L50, F|36/100
|switch|p2b: Ninetales|Ninetales-Alola, L50, M|87/100
|-weather|Snowscape|[from] ability: Snow Warning|[of] p2b: Ninetales
|turn|8
|
|t:|1783981818
|move|p1b: Swampert|Protect|p1b: Swampert
|-singleturn|p1b: Swampert|Protect
|move|p2a: Gyarados|Crunch|p1a: Archaludon
|-damage|p1a: Archaludon|0 fnt
|faint|p1a: Archaludon
|move|p2b: Ninetales|Blizzard|p1b: Swampert
|-activate|p1b: Swampert|move: Protect
|
|-weather|Snowscape|[upkeep]
|upkeep
|turn|9
|
|t:|1783981822
|move|p2a: Gyarados|Crunch|p1b: Swampert
|-damage|p1b: Swampert|0 fnt
|faint|p1b: Swampert
|
|win|DrJargo
|raw|monsoonisbest's rating: 1209 → 1182(-27 for losing)
|raw|DrJargo's rating: 1179 → 1206(+27 for winning)
