|j|☆jolteon_VGC13
|j|☆teyvgc
|html|jolteon_VGC13teyvgc    
|uhtml|bestof|Game 1 of a best-of-3
|t:|1783206950
|gametype|doubles
|player|p1|jolteon_VGC13|n|1182
|player|p2|teyvgc|1|1309
|gen|9
|tier|[Gen 9 Champions] VGC 2026 Reg M-B (Bo3)
|rated|
|rule|Species Clause: Limit one of each Pokémon
|rule|Item Clause: Limit 1 of each item
|clearpoke
|poke|p1|Swampert, L50, M|
|poke|p1|Archaludon, L50, M|
|poke|p1|Pelipper, L50, F|
|poke|p1|Incineroar, L50, F|
|poke|p1|Sinistcha, L50|
|poke|p1|Metagross, L50|
|poke|p2|Excadrill, L50, M|
|poke|p2|Tyranitar, L50, M|
|poke|p2|Staraptor, L50, M|
|poke|p2|Sinistcha, L50|
|poke|p2|Milotic, L50, F|
|poke|p2|Gholdengo, L50|
|teampreview|4
|showteam|p1|Swampert||Swampertite|Damp|WaveCrash,FlipTurn,HighHorsepower,Protect|Adamant||M|||50|]Archaludon||Leftovers|Stamina|ElectroShot,DragonPulse,FlashCannon,Protect|Modest||M|||50|]Pelipper||FocusSash|Drizzle|Hurricane,WeatherBall,Tailwind,Protect|Timid||F|||50|]Incineroar||SitrusBerry|Intimidate|FakeOut,ThroatChop,WillOWisp,PartingShot|Impish||F|||50|]Sinistcha||KasibBerry|Hospitality|MatchaGotcha,RagePowder,TrickRoom,Protect|Bold|||||50|]Metagross||Metagrossite|ClearBody|IronHead,PsychicFangs,BulletPunch,Protect|Jolly|||||50|
|showteam|p2|Excadrill||FocusSash|SandRush|HighHorsepower,IronHead,RockSlide,Protect|Adamant||M|||50|]Tyranitar||Tyranitarite|SandStream|RockSlide,KnockOff,DragonDance,Protect|Adamant||M|||50|]Staraptor||Staraptite|Intimidate|BraveBird,CloseCombat,Tailwind,Protect|Jolly||M|||50|]Sinistcha||SitrusBerry|Hospitality|MatchaGotcha,RagePowder,LifeDew,TrickRoom|Calm|||||50|]Milotic||Leftovers|Competitive|Scald,IceBeam,Recover,Protect|Modest||F|||50|]Gholdengo||LifeOrb|GoodasGold|MakeItRain,ShadowBall,NastyPlot,Protect|Modest|||||50|
|inactive|Battle timer is ON: inactive players will automatically lose when time's up. (requested by jolteon_VGC13)
|inactive|jolteon_VGC13 has 60 seconds left.
|inactive|teyvgc has 60 seconds left.
|inactive|jolteon_VGC13 has 30 seconds left.
|
|t:|1783207021
|teamsize|p1|4
|teamsize|p2|4
|start
|switch|p1a: Swampert|Swampert, L50, M|100/100
|switch|p1b: Incineroar|Incineroar, L50, F|100/100
|switch|p2a: Staraptor|Staraptor, L50, M|100/100
|switch|p2b: Sinistcha|Sinistcha, L50|100/100
|-ability|p2a: Staraptor|Intimidate|boost
|-unboost|p1a: Swampert|atk|1
|-unboost|p1b: Incineroar|atk|1
|-ability|p1b: Incineroar|Intimidate|boost
|-unboost|p2a: Staraptor|atk|1
|-unboost|p2b: Sinistcha|atk|1
|turn|1
|inactive|teyvgc has 30 seconds left.
|inactive|teyvgc has 20 seconds left.
|inactive|teyvgc has 15 seconds left.
|inactive|teyvgc has 10 seconds left.
|inactive|teyvgc has 5 seconds left.
|
|t:|1783207074
|detailschange|p2a: Staraptor|Staraptor-Mega, L50, M
|-mega|p2a: Staraptor|Staraptor|Staraptite
|move|p1b: Incineroar|Fake Out|p2a: Staraptor
|-damage|p2a: Staraptor|93/100
|move|p2b: Sinistcha|Rage Powder|p2b: Sinistcha
|-singleturn|p2b: Sinistcha|move: Rage Powder
|cant|p2a: Staraptor|flinch
|move|p1a: Swampert|Flip Turn|p2b: Sinistcha
|-resisted|p2b: Sinistcha|1
|-damage|p2b: Sinistcha|92/100
|
|t:|1783207087
|switch|p1a: Pelipper|Pelipper, L50, F|100/100|[from] Flip Turn
|-weather|RainDance|[from] ability: Drizzle|[of] p1a: Pelipper
|
|-weather|RainDance|[upkeep]
|upkeep
|turn|2
|
|t:|1783207097
|switch|p2b: Tyranitar|Tyranitar, L50, M|100/100
|-weather|Sandstorm|[from] ability: Sand Stream|[of] p2b: Tyranitar
|move|p2a: Staraptor|Close Combat|p1b: Incineroar
|-supereffective|p1b: Incineroar|1
|-damage|p1b: Incineroar|15/100
|-boost|p2a: Staraptor|def|1
|-boost|p2a: Staraptor|spd|1
|-enditem|p1b: Incineroar|Sitrus Berry|[eat]
|-heal|p1b: Incineroar|40/100|[from] item: Sitrus Berry
|move|p1a: Pelipper|Tailwind|p1a: Pelipper
|-sidestart|p1: jolteon_VGC13|move: Tailwind
|move|p1b: Incineroar|Will-O-Wisp|p2a: Staraptor
|-status|p2a: Staraptor|brn
|
|-weather|Sandstorm|[upkeep]
|-damage|p1a: Pelipper|94/100|[from] Sandstorm
|-damage|p2a: Staraptor|86/100 brn|[from] Sandstorm
|-damage|p1b: Incineroar|34/100|[from] Sandstorm
|-damage|p2a: Staraptor|80/100 brn|[from] brn
|upkeep
|turn|3
|inactive|jolteon_VGC13 has 30 seconds left.
|inactive|teyvgc has 30 seconds left.
|inactive|jolteon_VGC13 has 20 seconds left.
|
|t:|1783207139
|switch|p1a: Archaludon|Archaludon, L50, M|100/100
|move|p2a: Staraptor|Tailwind|p2a: Staraptor
|-sidestart|p2: teyvgc|move: Tailwind
|move|p2b: Tyranitar|Rock Slide|p1b: Incineroar|[spread] p1a,p1b
|-resisted|p1a: Archaludon|1
|-supereffective|p1b: Incineroar|1
|-damage|p1a: Archaludon|85/100
|-damage|p1b: Incineroar|0 fnt
|-ability|p1a: Archaludon|Stamina|boost
|-boost|p1a: Archaludon|def|1
|faint|p1b: Incineroar
|
|-weather|Sandstorm|[upkeep]
|-damage|p2a: Staraptor|74/100 brn|[from] Sandstorm
|-heal|p1a: Archaludon|91/100|[from] item: Leftovers
|-damage|p2a: Staraptor|68/100 brn|[from] brn
|upkeep
|
|t:|1783207147
|switch|p1b: Swampert|Swampert, L50, M|100/100
|turn|4
|
|t:|1783207162
|switch|p1a: Pelipper|Pelipper, L50, F|94/100
|-weather|RainDance|[from] ability: Drizzle|[of] p1a: Pelipper
|switch|p2b: Sinistcha|Sinistcha, L50|92/100
|-heal|p2a: Staraptor|93/100 brn|[from] ability: Hospitality|[of] p2b: Sinistcha
|detailschange|p1b: Swampert|Swampert-Mega, L50, M
|-mega|p1b: Swampert|Swampert|Swampertite
|move|p1b: Swampert|Wave Crash|p2a: Staraptor
|-damage|p2a: Staraptor|29/100 brn
|-damage|p1b: Swampert|76/100|[from] Recoil
|move|p2a: Staraptor|Close Combat|p1a: Pelipper
|-resisted|p1a: Pelipper|1
|-damage|p1a: Pelipper|82/100
|-boost|p2a: Staraptor|def|1
|-boost|p2a: Staraptor|spd|1
|
|-weather|RainDance|[upkeep]
|-damage|p2a: Staraptor|22/100 brn|[from] brn
|upkeep
|turn|5
|inactive|jolteon_VGC13 has 30 seconds left.
|
|t:|1783207194
|switch|p2a: Tyranitar|Tyranitar, L50, M|100/100
|-weather|Sandstorm|[from] ability: Sand Stream|[of] p2a: Tyranitar
|move|p1a: Pelipper|Hurricane|p2b: Sinistcha|[miss]
|-miss|p1a: Pelipper|p2b: Sinistcha
|move|p1b: Swampert|Flip Turn|p2a: Tyranitar
|-supereffective|p2a: Tyranitar|1
|-damage|p2a: Tyranitar|43/100
|
|t:|1783207202
|switch|p1b: Archaludon|Archaludon, L50, M|91/100|[from] Flip Turn
|move|p2b: Sinistcha|Matcha Gotcha|p1b: Archaludon|[spread] p1a,p1b
|-resisted|p1b: Archaludon|2
|-damage|p1a: Pelipper|36/100
|-heal|p2b: Sinistcha|100/100|[from] drain|[of] p1a: Pelipper
|-damage|p1b: Archaludon|81/100
|-ability|p1b: Archaludon|Stamina|boost
|-boost|p1b: Archaludon|def|1
|
|-weather|Sandstorm|[upkeep]
|-damage|p1a: Pelipper|30/100|[from] Sandstorm
|-damage|p2b: Sinistcha|93/100|[from] Sandstorm
|-heal|p1b: Archaludon|87/100|[from] item: Leftovers
|-sideend|p1: jolteon_VGC13|move: Tailwind
|upkeep
|turn|6
|inactive|teyvgc has 30 seconds left.
|inactive|teyvgc has 20 seconds left.
|inactive|teyvgc has 15 seconds left.
|inactive|teyvgc has 10 seconds left.
|
|t:|1783207250
|switch|p1a: Swampert|Swampert-Mega, L50, M|76/100
|move|p2b: Sinistcha|Rage Powder|p2b: Sinistcha
|-singleturn|p2b: Sinistcha|move: Rage Powder
|move|p2a: Tyranitar|Dragon Dance|p2a: Tyranitar
|-boost|p2a: Tyranitar|atk|1
|-boost|p2a: Tyranitar|spe|1
|move|p1b: Archaludon|Flash Cannon|p2b: Sinistcha
|-damage|p2b: Sinistcha|63/100
|
|-weather|Sandstorm|[upkeep]
|-damage|p2b: Sinistcha|57/100|[from] Sandstorm
|-heal|p1b: Archaludon|93/100|[from] item: Leftovers
|-sideend|p2: teyvgc|move: Tailwind
|upkeep
|turn|7
|inactive|jolteon_VGC13 has 30 seconds left.
|
|t:|1783207276
|move|p2a: Tyranitar|Protect|p2a: Tyranitar
|-singleturn|p2a: Tyranitar|Protect
|move|p1b: Archaludon|Dragon Pulse|p2a: Tyranitar
|-activate|p2a: Tyranitar|move: Protect
|move|p2b: Sinistcha|Matcha Gotcha|p1b: Archaludon|[spread] p1a,p1b
|-supereffective|p1a: Swampert|2
|-resisted|p1b: Archaludon|2
|-damage|p1a: Swampert|0 fnt
|-heal|p2b: Sinistcha|94/100|[from] drain|[of] p1a: Swampert
|-damage|p1b: Archaludon|84/100
|-heal|p2b: Sinistcha|99/100|[from] drain|[of] p1b: Archaludon
|-status|p1b: Archaludon|brn
|-ability|p1b: Archaludon|Stamina|boost
|-boost|p1b: Archaludon|def|1
|faint|p1a: Swampert
|
|-weather|Sandstorm|[upkeep]
|-damage|p2b: Sinistcha|93/100|[from] Sandstorm
|-heal|p1b: Archaludon|90/100 brn|[from] item: Leftovers
|-damage|p1b: Archaludon|84/100 brn|[from] brn
|upkeep
|
|t:|1783207281
|switch|p1a: Pelipper|Pelipper, L50, F|30/100
|-weather|RainDance|[from] ability: Drizzle|[of] p1a: Pelipper
|turn|8
|inactive|teyvgc has 30 seconds left.
|inactive|teyvgc has 20 seconds left.
|inactive|jolteon_VGC13 has 30 seconds left.
|inactive|teyvgc has 15 seconds left.
|inactive|teyvgc has 10 seconds left.
|inactive|teyvgc has 5 seconds left.
|
|t:|1783207336
|move|p1a: Pelipper|Protect|p1a: Pelipper
|-singleturn|p1a: Pelipper|Protect
|move|p2a: Tyranitar|Rock Slide|p1a: Pelipper|[spread] p1b
|-activate|p1a: Pelipper|move: Protect
|-resisted|p1b: Archaludon|1
|-damage|p1b: Archaludon|73/100 brn
|-ability|p1b: Archaludon|Stamina|boost
|-boost|p1b: Archaludon|def|1
|move|p1b: Archaludon|Electro Shot||[still]
|-prepare|p1b: Archaludon|Electro Shot
|-boost|p1b: Archaludon|spa|1
|-anim|p1b: Archaludon|Electro Shot|p2a: Tyranitar
|-damage|p2a: Tyranitar|0 fnt
|faint|p2a: Tyranitar
|move|p2b: Sinistcha|Matcha Gotcha|p1a: Pelipper|[spread] p1b
|-activate|p1a: Pelipper|move: Protect
|-resisted|p1b: Archaludon|2
|-damage|p1b: Archaludon|64/100 brn
|-heal|p2b: Sinistcha|97/100|[from] drain|[of] p1b: Archaludon
|-ability|p1b: Archaludon|Stamina|boost
|-boost|p1b: Archaludon|def|1
|
|-weather|RainDance|[upkeep]
|-heal|p1b: Archaludon|70/100 brn|[from] item: Leftovers
|-damage|p1b: Archaludon|64/100 brn|[from] brn
|upkeep
|inactive|teyvgc has 30 seconds left.
|inactive|teyvgc has 20 seconds left.
|
|t:|1783207373
|switch|p2a: Excadrill|Excadrill, L50, M|100/100
|turn|9
|
|t:|1783207390
|move|p1a: Pelipper|Protect||[still]
|-fail|p1a: Pelipper
|move|p2a: Excadrill|Rock Slide|p1a: Pelipper|[spread] p1a,p1b
|-supereffective|p1a: Pelipper|1
|-resisted|p1b: Archaludon|1
|-damage|p1a: Pelipper|0 fnt
|-damage|p1b: Archaludon|61/100 brn
|-ability|p1b: Archaludon|Stamina|boost
|-boost|p1b: Archaludon|def|1
|faint|p1a: Pelipper
|move|p1b: Archaludon|Dragon Pulse|p2a: Excadrill
|-resisted|p2a: Excadrill|1
|-damage|p2a: Excadrill|61/100
|move|p2b: Sinistcha|Matcha Gotcha|p1b: Archaludon
|-resisted|p1b: Archaludon|2
|-damage|p1b: Archaludon|49/100 brn
|-heal|p2b: Sinistcha|100/100|[from] drain|[of] p1b: Archaludon
|-ability|p1b: Archaludon|Stamina|boost
|-boost|p1b: Archaludon|def|1
|
|-weather|RainDance|[upkeep]
|-heal|p1b: Archaludon|55/100 brn|[from] item: Leftovers
|-damage|p1b: Archaludon|49/100 brn|[from] brn
|upkeep
|turn|10
|
|t:|1783207406
|move|p2a: Excadrill|High Horsepower|p1b: Archaludon
|-supereffective|p1b: Archaludon|1
|-damage|p1b: Archaludon|23/100 brn
|move|p1b: Archaludon|Electro Shot||[still]
|-prepare|p1b: Archaludon|Electro Shot
|-boost|p1b: Archaludon|spa|1
|-anim|p1b: Archaludon|Electro Shot|p2b: Sinistcha
|-resisted|p2b: Sinistcha|1
|-damage|p2b: Sinistcha|67/100
|move|p2b: Sinistcha|Matcha Gotcha|p1b: Archaludon
|-resisted|p1b: Archaludon|2
|-damage|p1b: Archaludon|12/100 brn
|-heal|p2b: Sinistcha|73/100|[from] drain|[of] p1b: Archaludon
|
|-weather|RainDance|[upkeep]
|-heal|p1b: Archaludon|18/100 brn|[from] item: Leftovers
|-damage|p1b: Archaludon|12/100 brn|[from] brn
|upkeep
|turn|11
|
|t:|1783207424
|move|p2a: Excadrill|High Horsepower|p1b: Archaludon
|-supereffective|p1b: Archaludon|1
|-damage|p1b: Archaludon|0 fnt
|faint|p1b: Archaludon
|
|win|teyvgc
