|j|☆DusknoirisKing
|j|☆Ecthalloween
|html|DusknoirisKingEcthalloween    
|uhtml|bestof|Game 1 of a best-of-3
|t:|1757772257
|gametype|doubles
|player|p1|DusknoirisKing|266|1037
|player|p2|Ecthalloween|shauntal|1000
|gen|9
|tier|[Gen 9] VGC 2025 Reg H (Bo3)
|rated|
|rule|Species Clause: Limit one of each Pokémon
|rule|Item Clause: Limit 1 of each item
|clearpoke
|poke|p1|Porygon2, L50|
|poke|p1|Hydreigon, L50, F|
|poke|p1|Incineroar, L50, F|
|poke|p1|Garchomp, L50, F|
|poke|p1|Amoonguss, L50, M|
|poke|p1|Gholdengo, L50|
|poke|p2|Dusclops, L50, F|
|poke|p2|Noivern, L50, M|
|poke|p2|Muk-Alola, L50, F|
|poke|p2|Incineroar, L50, M|
|poke|p2|Sinistcha, L50|
|poke|p2|Araquanid, L50, F|
|teampreview|4
|showteam|p1|Porygon2||Eviolite|Download|TeraBlast,IceBeam,TrickRoom,Recover||||||50|,,,,,Fighting]Hydreigon||SafetyGoggles|Levitate|Snarl,DracoMeteor,Tailwind,Protect|||F|||50|,,,,,Ghost]Incineroar||SitrusBerry|Intimidate|FlareBlitz,KnockOff,PartingShot,FakeOut|||F|||50|,,,,,Grass]Garchomp||LoadedDice|RoughSkin|ScaleShot,Earthquake,StompingTantrum,Protect|||F|||50|,,,,,Fire]Amoonguss||CovertCloak|Regenerator|PollenPuff,Spore,RagePowder,Protect|||M|||50|,,,,,Fire]Gholdengo||MetalCoat|GoodasGold|MakeItRain,ShadowBall,NastyPlot,Protect||||||50|,,,,,Flying
|showteam|p2|Dusclops||Eviolite|Frisk|NightShade,TrickRoom,PainSplit,WillOWisp|||F|||50|,,,,,Normal]Noivern||CovertCloak|Infiltrator|DracoMeteor,Boomburst,Flamethrower,Uturn|||M|||50|,,,,,Normal]Muk-Alola||AssaultVest|PoisonTouch|PoisonJab,KnockOff,DrainPunch,ShadowSneak|||F|||50|,,,,,Flying]Incineroar||SafetyGoggles|Intimidate|KnockOff,Taunt,FakeOut,PartingShot|||M|||50|,,,,,Grass]Sinistcha||Leftovers|Hospitality|MatchaGotcha,TrickRoom,LifeDew,RagePowder||||||50|,,,,,Water]Araquanid||ClearAmulet|WaterBubble|Lunge,Liquidation,WideGuard,Protect|||F|||50|,,,,,Water
|inactive|Battle timer is ON: inactive players will automatically lose when time's up. (requested by DusknoirisKing)
|
|t:|1757772316
|teamsize|p1|4
|teamsize|p2|4
|start
|switch|p1a: Hydreigon|Hydreigon, L50, F, shiny|100/100
|switch|p1b: Garchomp|Garchomp, L50, F, shiny|100/100
|switch|p2a: T0répa1clope|Dusclops, L50, F, shiny|100/100
|switch|p2b: Noivern|Noivern, L50, M|100/100
|-item|p1a: Hydreigon|Safety Goggles|[from] ability: Frisk|[of] p2a: T0répa1clope
|-item|p1b: Garchomp|Loaded Dice|[from] ability: Frisk|[of] p2a: T0répa1clope
|turn|1
|inactive|DusknoirisKing has 30 seconds left.
|j| Pachygate
|inactive|DusknoirisKing has 20 seconds left.
|inactive|DusknoirisKing has 15 seconds left.
|inactive|DusknoirisKing has 10 seconds left.
|
|t:|1757772361
|move|p2b: Noivern|Draco Meteor|p1a: Hydreigon
|-supereffective|p1a: Hydreigon
|-damage|p1a: Hydreigon|0 fnt
|-unboost|p2b: Noivern|spa|2
|faint|p1a: Hydreigon
|move|p1b: Garchomp|Scale Shot|p2b: Noivern
|-supereffective|p2b: Noivern
|-damage|p2b: Noivern|65/100
|-supereffective|p2b: Noivern
|-damage|p2b: Noivern|30/100
|-supereffective|p2b: Noivern
|-damage|p2b: Noivern|0 fnt
|faint|p2b: Noivern
|-hitcount|p2: Noivern|3
|-unboost|p1b: Garchomp|def|1
|-boost|p1b: Garchomp|spe|1
|move|p2a: T0répa1clope|Will-O-Wisp|p1b: Garchomp
|-status|p1b: Garchomp|brn
|
|-damage|p1b: Garchomp|95/100 brn|[from] brn
|upkeep
|
|t:|1757772384
|switch|p2b: Incineroar|Incineroar, L50, M|100/100
|switch|p1a: Amoonguss|Amoonguss, L50, M, shiny|100/100
|-ability|p2b: Incineroar|Intimidate|boost
|-unboost|p1a: Amoonguss|atk|1
|-unboost|p1b: Garchomp|atk|1
|turn|2
|c| Pachygate|🐸🐸🐸🐸
|
|t:|1757772404
|move|p1b: Garchomp|Scale Shot|p2b: Incineroar
|-damage|p2b: Incineroar|97/100
|-damage|p2b: Incineroar|92/100
|-damage|p2b: Incineroar|88/100
|-damage|p2b: Incineroar|83/100
|-hitcount|p2b: Incineroar|4
|-unboost|p1b: Garchomp|def|1
|-boost|p1b: Garchomp|spe|1
|move|p2b: Incineroar|Taunt|p1a: Amoonguss
|-start|p1a: Amoonguss|move: Taunt
|cant|p1a: Amoonguss|move: Taunt|Spore
|move|p2a: T0répa1clope|Night Shade|p1b: Garchomp
|-damage|p1b: Garchomp|67/100 brn
|
|-damage|p1b: Garchomp|61/100 brn|[from] brn
|upkeep
|turn|3
|inactive|DusknoirisKing has 30 seconds left.
|
|t:|1757772431
|move|p1b: Garchomp|Stomping Tantrum|p2b: Incineroar
|-supereffective|p2b: Incineroar
|-damage|p2b: Incineroar|60/100
|move|p2b: Incineroar|Knock Off|p1a: Amoonguss
|-damage|p1a: Amoonguss|62/100
|-enditem|p1a: Amoonguss|Covert Cloak|[from] move: Knock Off|[of] p2b: Incineroar
|move|p1a: Amoonguss|Pollen Puff|p1b: Garchomp
|-heal|p1b: Garchomp|100/100 brn
|move|p2a: T0répa1clope|Night Shade|p1b: Garchomp
|-damage|p1b: Garchomp|73/100 brn
|
|-damage|p1b: Garchomp|67/100 brn|[from] brn
|upkeep
|turn|4
|
|t:|1757772453
|move|p1b: Garchomp|Stomping Tantrum|p2b: Incineroar
|-supereffective|p2b: Incineroar
|-damage|p2b: Incineroar|35/100
|move|p2b: Incineroar|Knock Off|p1b: Garchomp
|-damage|p1b: Garchomp|0 fnt
|-damage|p2b: Incineroar|23/100|[from] ability: Rough Skin|[of] p1b: Garchomp
|-enditem|p1b: Garchomp|Loaded Dice|[from] move: Knock Off|[of] p2b: Incineroar
|faint|p1b: Garchomp
|move|p1a: Amoonguss|Pollen Puff|p1: Garchomp|[notarget]
|-fail|p1a: Amoonguss
|move|p2a: T0répa1clope|Night Shade|p1a: Amoonguss
|-damage|p1a: Amoonguss|39/100
|
|-end|p1a: Amoonguss|move: Taunt
|upkeep
|
|t:|1757772469
|switch|p1b: Porygon2|Porygon2, L50, shiny|100/100
|-ability|p1b: Porygon2|Download|boost
|-boost|p1b: Porygon2|spa|1
|turn|5
|c| Pachygate|🪴🪴🪴🪴
|
|t:|1757772481
|-terastallize|p1b: Porygon2|Fighting
|move|p1a: Amoonguss|Protect|p1a: Amoonguss
|-singleturn|p1a: Amoonguss|Protect
|move|p2b: Incineroar|Taunt|p1a: Amoonguss
|-activate|p1a: Amoonguss|move: Protect
|move|p1b: Porygon2|Tera Blast|p2b: Incineroar|[anim] Tera Blast Fighting
|-supereffective|p2b: Incineroar
|-damage|p2b: Incineroar|0 fnt
|faint|p2b: Incineroar
|move|p2a: T0répa1clope|Night Shade|p1a: Amoonguss
|-activate|p1a: Amoonguss|move: Protect
|
|upkeep
|
|t:|1757772487
|switch|p2b: Araquanid|Araquanid, L50, F, shiny|100/100
|turn|6
|
|t:|1757772509
|move|p1b: Porygon2|Tera Blast|p2b: Araquanid|[anim] Tera Blast Fighting
|-resisted|p2b: Araquanid
|-damage|p2b: Araquanid|80/100
|move|p2b: Araquanid|Lunge|p1a: Amoonguss
|-damage|p1a: Amoonguss|9/100
|-unboost|p1a: Amoonguss|atk|1
|move|p1a: Amoonguss|Spore|p2a: T0répa1clope
|-status|p2a: T0répa1clope|slp|[from] move: Spore
|cant|p2a: T0répa1clope|slp
|
|upkeep
|turn|7
|
|t:|1757772531
|move|p1a: Amoonguss|Protect|p1a: Amoonguss
|-singleturn|p1a: Amoonguss|Protect
|move|p2b: Araquanid|Liquidation|p1a: Amoonguss
|-activate|p1a: Amoonguss|move: Protect
|cant|p2a: T0répa1clope|slp
|move|p1b: Porygon2|Trick Room|p1b: Porygon2
|-fieldstart|move: Trick Room|[of] p1b: Porygon2
|
|upkeep
|turn|8
|
|t:|1757772547
|move|p2b: Araquanid|Protect|p2b: Araquanid
|-singleturn|p2b: Araquanid|Protect
|cant|p2a: T0répa1clope|slp
|move|p1a: Amoonguss|Spore|p2b: Araquanid
|-activate|p2b: Araquanid|move: Protect
|move|p1b: Porygon2|Tera Blast|p2b: Araquanid|[anim] Tera Blast Fighting
|-activate|p2b: Araquanid|move: Protect
|
|upkeep
|turn|9
|
|t:|1757772564
|-curestatus|p2a: T0répa1clope|slp|[msg]
|move|p2a: T0répa1clope|Night Shade|p1a: Amoonguss
|-damage|p1a: Amoonguss|0 fnt
|faint|p1a: Amoonguss
|move|p2b: Araquanid|Liquidation|p1b: Porygon2
|-damage|p1b: Porygon2|58/100
|-unboost|p1b: Porygon2|def|1
|move|p1b: Porygon2|Tera Blast|p2b: Araquanid|[anim] Tera Blast Fighting
|-resisted|p2b: Araquanid
|-damage|p2b: Araquanid|56/100
|
|upkeep
|turn|10
|
|t:|1757772585
|move|p2a: T0répa1clope|Night Shade|p1b: Porygon2
|-damage|p1b: Porygon2|32/100
|move|p2b: Araquanid|Liquidation|p1b: Porygon2
|-damage|p1b: Porygon2|0 fnt
|faint|p1b: Porygon2
|
|win|Ecthalloween
|l|☆Ecthalloween
|player|p2|
||DusknoirisKing is ready for game 2.
|inactive|Ecthalloween has 30 seconds to confirm battle start!
||Ecthalloween is ready for game 2.
|uhtml|next|Next: Game 2 of 3
|c| Pachygate|Jsuis déçu y’a pas de suspens
