|j|☆bcoffey1010
|j|☆Lightoz
|html|bcoffey1010Lightoz    
|uhtml|bestof|Game 2 of a best-of-3
|t:|1756583690
|gametype|doubles
|player|p1|bcoffey1010|102|1310
|player|p2|Lightoz|blue-gen2|1406
|gen|9
|tier|[Gen 9] VGC 2025 Reg H (Bo3)
|rated|
|rule|Species Clause: Limit one of each Pokémon
|rule|Item Clause: Limit 1 of each item
|clearpoke
|poke|p1|Sneasler, L50, M|
|poke|p1|Indeedee, L50, M|
|poke|p1|Volcarona, L50, M|
|poke|p1|Ursaluna-Bloodmoon, L50, M|
|poke|p1|Annihilape, L50, F|
|poke|p1|Tyranitar, L50, M|
|poke|p2|Sneasler, L50, F|
|poke|p2|Indeedee, L50, M|
|poke|p2|Annihilape, L50, F|
|poke|p2|Ursaluna-Bloodmoon, L50, M|
|poke|p2|Volcarona, L50, M|
|poke|p2|Electabuzz, L50, F|
|teampreview|4
|showteam|p1|Sneasler||PsychicSeed|Unburden|CloseCombat,DireClaw,ThroatChop,Protect|||M|||50|,,,,,Dark]Indeedee||ChoiceScarf|PsychicSurge|ExpandingForce,TeraBlast,Trick,Protect|||M|||50|,,,,,Psychic]Volcarona||SitrusBerry|FlameBody|Overheat,StruggleBug,RagePowder,Tailwind|||M|||50|,,,,,Grass]Ursaluna-Bloodmoon||LifeOrb|MindsEye|BloodMoon,HyperVoice,EarthPower,Protect|||M|||50|,,,,,Normal]Annihilape||SafetyGoggles|Defiant|CloseCombat,RageFist,Taunt,FinalGambit|||F|||50|,,,,,Fairy]Tyranitar||AssaultVest|SandStream|RockSlide,KnockOff,TeraBlast,LowKick|||M|||50|,,,,,Flying
|showteam|p2|Sneasler||PsychicSeed|Unburden|DireClaw,CloseCombat,ThroatChop,Protect|||F|||50|,,,,,Dark]Indeedee||FocusSash|PsychicSurge|ExpandingForce,HelpingHand,TrickRoom,Protect|||M|||50|,,,,,Psychic]Annihilape||SafetyGoggles|Defiant|CloseCombat,RageFist,FinalGambit,Taunt|||F|||50|,,,,,Stellar]Ursaluna-Bloodmoon||LifeOrb|MindsEye|BloodMoon,HyperVoice,EarthPower,Protect|||M|||50|,,,,,Normal]Volcarona||SitrusBerry|FlameBody|Overheat,StruggleBug,Tailwind,RagePowder|||M|||50|,,,,,Grass]Electabuzz||Eviolite|VitalSpirit|Electroweb,Taunt,FollowMe,Protect|||F|||50|,,,,,Dragon
|
|t:|1756583710
|teamsize|p1|4
|teamsize|p2|4
|start
|switch|p1a: Sneasler|Sneasler, L50, M|100/100
|switch|p1b: Indeedee|Indeedee, L50, M|100/100
|switch|p2a: Sneasler|Sneasler, L50, F|100/100
|switch|p2b: Volcarona|Volcarona, L50, M|100/100
|-fieldstart|move: Psychic Terrain|[from] ability: Psychic Surge|[of] p1b: Indeedee
|-enditem|p1a: Sneasler|Psychic Seed
|-boost|p1a: Sneasler|spd|1|[from] item: Psychic Seed
|-enditem|p2a: Sneasler|Psychic Seed
|-boost|p2a: Sneasler|spd|1|[from] item: Psychic Seed
|turn|1
|
|t:|1756583726
|switch|p1b: Volcarona|Volcarona, L50, M|100/100
|move|p2a: Sneasler|Protect|p2a: Sneasler
|-singleturn|p2a: Sneasler|Protect
|move|p1a: Sneasler|Dire Claw|p2a: Sneasler
|-activate|p2a: Sneasler|move: Protect
|move|p2b: Volcarona|Tailwind|p2b: Volcarona
|-sidestart|p2: Lightoz|move: Tailwind
|
|upkeep
|turn|2
|
|t:|1756583746
|move|p1a: Sneasler|Protect|p1a: Sneasler
|-singleturn|p1a: Sneasler|Protect
|move|p2a: Sneasler|Dire Claw|p1a: Sneasler
|-activate|p1a: Sneasler|move: Protect
|move|p2b: Volcarona|Struggle Bug|p1a: Sneasler|[spread] p1b
|-activate|p1a: Sneasler|move: Protect
|-resisted|p1b: Volcarona
|-damage|p1b: Volcarona|93/100
|-unboost|p1b: Volcarona|spa|1
|move|p1b: Volcarona|Tailwind|p1b: Volcarona
|-sidestart|p1: bcoffey1010|move: Tailwind
|
|upkeep
|turn|3
|
|t:|1756583765
|switch|p2a: Annihilape|Annihilape, L50, F|100/100
|move|p1b: Volcarona|Rage Powder|p1b: Volcarona
|-singleturn|p1b: Volcarona|move: Rage Powder
|move|p1a: Sneasler|Dire Claw|p2a: Annihilape
|-resisted|p2a: Annihilape
|-damage|p2a: Annihilape|76/100
|move|p2b: Volcarona|Struggle Bug|p1a: Sneasler|[spread] p1a,p1b
|-resisted|p1a: Sneasler
|-resisted|p1b: Volcarona
|-damage|p1a: Sneasler|97/100
|-damage|p1b: Volcarona|85/100
|-unboost|p1a: Sneasler|spa|1
|-unboost|p1b: Volcarona|spa|1
|
|upkeep
|turn|4
|
|t:|1756583779
|move|p1b: Volcarona|Rage Powder|p1b: Volcarona
|-singleturn|p1b: Volcarona|move: Rage Powder
|move|p2b: Volcarona|Rage Powder|p2b: Volcarona
|-singleturn|p2b: Volcarona|move: Rage Powder
|move|p1a: Sneasler|Dire Claw|p2b: Volcarona
|-damage|p2b: Volcarona|43/100
|-enditem|p2b: Volcarona|Sitrus Berry|[eat]
|-heal|p2b: Volcarona|68/100|[from] item: Sitrus Berry
|move|p2a: Annihilape|Rage Fist|p1a: Sneasler
|-damage|p1a: Sneasler|27/100
|
|-sideend|p2: Lightoz|move: Tailwind
|upkeep
|turn|5
|
|t:|1756583809
|switch|p1b: Indeedee|Indeedee, L50, M|100/100
|move|p1a: Sneasler|Dire Claw|p2b: Volcarona
|-crit|p2b: Volcarona
|-damage|p2b: Volcarona|0 fnt
|-status|p1a: Sneasler|brn|[from] ability: Flame Body|[of] p2b: Volcarona
|faint|p2b: Volcarona
|move|p2a: Annihilape|Rage Fist|p1b: Indeedee
|-immune|p1b: Indeedee
|
|-damage|p1a: Sneasler|21/100 brn|[from] brn
|-sideend|p1: bcoffey1010|move: Tailwind
|-fieldend|move: Psychic Terrain
|upkeep
|
|t:|1756583819
|switch|p2b: Sneasler|Sneasler, L50, F|100/100
|turn|6
|
|t:|1756583829
|switch|p1b: Volcarona|Volcarona, L50, M|85/100
|move|p2b: Sneasler|Protect|p2b: Sneasler
|-singleturn|p2b: Sneasler|Protect
|move|p1a: Sneasler|Close Combat|p2b: Sneasler
|-activate|p2b: Sneasler|move: Protect
|move|p2a: Annihilape|Rage Fist|p1a: Sneasler
|-damage|p1a: Sneasler|0 fnt
|faint|p1a: Sneasler
|
|upkeep
|
|t:|1756583841
|switch|p1a: Indeedee|Indeedee, L50, M|100/100
|-fieldstart|move: Psychic Terrain|[from] ability: Psychic Surge|[of] p1a: Indeedee
|turn|7
|
|t:|1756583849
|-terastallize|p2b: Sneasler|Dark
|move|p1b: Volcarona|Rage Powder|p1b: Volcarona
|-singleturn|p1b: Volcarona|move: Rage Powder
|move|p1a: Indeedee|Expanding Force|p2a: Annihilape|[spread] p2a
|-immune|p2b: Sneasler
|-supereffective|p2a: Annihilape
|-damage|p2a: Annihilape|0 fnt
|faint|p2a: Annihilape
|move|p2b: Sneasler|Throat Chop|p1b: Volcarona
|-damage|p1b: Volcarona|32/100
|-start|p1b: Volcarona|Throat Chop|[silent]
|-enditem|p1b: Volcarona|Sitrus Berry|[eat]
|-heal|p1b: Volcarona|57/100|[from] item: Sitrus Berry
|
|upkeep
|
|t:|1756583853
|switch|p2a: Ursaluna|Ursaluna-Bloodmoon, L50, M|100/100
|turn|8
|
|t:|1756583893
|-terastallize|p1a: Indeedee|Psychic
|move|p1a: Indeedee|Expanding Force|p2a: Ursaluna|[spread] p2a
|-immune|p2b: Sneasler
|-damage|p2a: Ursaluna|0 fnt
|faint|p2a: Ursaluna
|move|p2b: Sneasler|Throat Chop|p1a: Indeedee
|-supereffective|p1a: Indeedee
|-damage|p1a: Indeedee|0 fnt
|faint|p1a: Indeedee
|move|p1b: Volcarona|Overheat|p2b: Sneasler
|-damage|p2b: Sneasler|23/100
|-unboost|p1b: Volcarona|spa|2
|
|-end|p1b: Volcarona|Throat Chop|[silent]
|upkeep
|
|t:|1756583899
|switch|p1a: Ursaluna|Ursaluna-Bloodmoon, L50, M|100/100
|turn|9
|
|t:|1756583905
|move|p1b: Volcarona|Rage Powder|p1b: Volcarona
|-singleturn|p1b: Volcarona|move: Rage Powder
|move|p2b: Sneasler|Dire Claw|p1b: Volcarona
|-damage|p1b: Volcarona|2/100
|-status|p1b: Volcarona|psn
|move|p1a: Ursaluna|Blood Moon|p2b: Sneasler
|-crit|p2b: Sneasler
|-damage|p2b: Sneasler|0 fnt
|faint|p2b: Sneasler
|-damage|p1a: Ursaluna|91/100|[from] item: Life Orb
|
|win|bcoffey1010
|raw|bcoffey1010's rating: 1310 → 1335(+25 for winning)
|raw|Lightoz's rating: 1406 → 1381(-25 for losing)
|l|☆Lightoz
|player|p2|
|l|☆bcoffey1010
|player|p1|
|j|☆bcoffey1010
|player|p1|bcoffey1010|102|
