|j|☆buf0722shito
|j|‽500cake
|html|buf0722shito500cake    
|uhtml|bestof|Game 2 of a best-of-3
|t:|1756413843
|gametype|doubles
|player|p1|buf0722shito|flannery|1289
|player|p2|500cake|266|1301
|gen|9
|tier|[Gen 9] VGC 2025 Reg H (Bo3)
|rated|
|rule|Species Clause: Limit one of each Pokémon
|rule|Item Clause: Limit 1 of each item
|clearpoke
|poke|p1|Charizard, L50, F|
|poke|p1|Torkoal, L50, M|
|poke|p1|Porygon2, L50|
|poke|p1|Incineroar, L50, M|
|poke|p1|Jumpluff, L50, M|
|poke|p1|Ursaluna, L50, M|
|poke|p2|Typhlosion-Hisui, L50, M|
|poke|p2|Garchomp, L50, F|
|poke|p2|Murkrow, L50, F|
|poke|p2|Indeedee, L50, M|
|poke|p2|Weezing-Galar, L50, F|
|poke|p2|Maushold, L50|
|teampreview|4
|showteam|p1|Charizard||ChoiceSpecs|SolarPower|HeatWave,Overheat,WeatherBall,AirSlash|||F|||50|,,,,,Ghost]Torkoal||EjectPack|Drought|Eruption,Overheat,HelpingHand,Protect|||M|||50|,,,,,Fire]Porygon2||Eviolite|Download|IceBeam,TeraBlast,TrickRoom,Recover||||||50|,,,,,Fighting]Incineroar||SitrusBerry|Intimidate|FlareBlitz,KnockOff,FakeOut,PartingShot|||M|||50|,,,,,Ghost]Jumpluff||CovertCloak|Chlorophyll|SleepPowder,SunnyDay,RagePowder,Tailwind|||M|||50|,,,,,Water]Ursaluna||FlameOrb|Guts|HeadlongRush,Facade,Earthquake,Protect|||M|||50|,,,,,Ghost
|showteam|p2|Typhlosion-Hisui||Charcoal|Blaze|Eruption,HeatWave,Protect,ShadowBall|||M|||50|,,,,,Fire]Garchomp||LifeOrb|RoughSkin|Protect,Earthquake,StompingTantrum,DragonClaw|||F|||50|,,,,,Fairy]Murkrow||Eviolite|Prankster|Tailwind,SunnyDay,Haze,FoulPlay|||F|||50|,,,,,Ghost]Indeedee||FocusSash|PsychicSurge|TeraBlast,Imprison,ExpandingForce,TrickRoom|||M|||50|,,,,,Fighting]Weezing-Galar||Leftovers|NeutralizingGas|StrangeSteam,Taunt,SludgeBomb,Protect|||F|||50|,,,,,Ghost]Maushold||WideLens|Technician|PopulationBomb,Protect,Taunt,FollowMe||||||50|,,,,,Normal
|j| Arkhept
|
|t:|1756413894
|teamsize|p1|4
|teamsize|p2|4
|start
|switch|p1a: Incineroar|Incineroar, L50, M|100/100
|switch|p1b: Porygon2|Porygon2, L50|100/100
|switch|p2a: Maushold|Maushold, L50, shiny|100/100
|switch|p2b: Weezing|Weezing-Galar, L50, F, shiny|100/100
|-ability|p2b: Weezing|Neutralizing Gas
|turn|1
|inactive|Battle timer is ON: inactive players will automatically lose when time's up. (requested by buf0722shito)
|
|t:|1756413930
|move|p1a: Incineroar|Fake Out|p2b: Weezing
|-damage|p2b: Weezing|91/100
|move|p2a: Maushold|Taunt|p1b: Porygon2
|-start|p1b: Porygon2|move: Taunt
|cant|p2b: Weezing|flinch
|cant|p1b: Porygon2|move: Taunt|Trick Room
|
|-heal|p2b: Weezing|97/100|[from] item: Leftovers
|upkeep
|turn|2
|inactive|500cake has 30 seconds left.
|
|t:|1756413955
|-terastallize|p2a: Maushold|Normal
|move|p2a: Maushold|Population Bomb|p1b: Porygon2
|-damage|p1b: Porygon2|93/100
|-damage|p1b: Porygon2|85/100
|-damage|p1b: Porygon2|78/100
|-damage|p1b: Porygon2|71/100
|-damage|p1b: Porygon2|63/100
|-damage|p1b: Porygon2|57/100
|-damage|p1b: Porygon2|50/100
|-damage|p1b: Porygon2|43/100
|-damage|p1b: Porygon2|36/100
|-damage|p1b: Porygon2|29/100
|-hitcount|p1b: Porygon2|10
|move|p1a: Incineroar|Parting Shot|p2a: Maushold
|-unboost|p2a: Maushold|atk|1
|-unboost|p2a: Maushold|spa|1
|
|t:|1756413962
|switch|p1a: Charizard|Charizard, L50, F|100/100|[from] Parting Shot
|move|p2b: Weezing|Sludge Bomb|p1b: Porygon2
|-damage|p1b: Porygon2|10/100
|move|p1b: Porygon2|Tera Blast|p2b: Weezing
|-damage|p2b: Weezing|52/100
|
|-heal|p2b: Weezing|57/100|[from] item: Leftovers
|upkeep
|turn|3
|inactive|500cake has 30 seconds left.
|inactive|500cake has 20 seconds left.
|
|t:|1756413999
|-terastallize|p1a: Charizard|Ghost
|move|p2a: Maushold|Protect|p2a: Maushold
|-singleturn|p2a: Maushold|Protect
|move|p2b: Weezing|Protect|p2b: Weezing
|-singleturn|p2b: Weezing|Protect
|move|p1a: Charizard|Heat Wave|p2a: Maushold|[spread] 
|-activate|p2a: Maushold|move: Protect
|-activate|p2b: Weezing|move: Protect
|move|p1b: Porygon2|Tera Blast|p2a: Maushold
|-activate|p2a: Maushold|move: Protect
|
|-heal|p2b: Weezing|63/100|[from] item: Leftovers
|-end|p1b: Porygon2|move: Taunt
|upkeep
|turn|4
|
|t:|1756414021
|switch|p1b: Incineroar|Incineroar, L50, M|100/100
|move|p2a: Maushold|Population Bomb|p1b: Incineroar
|-damage|p1b: Incineroar|94/100
|-damage|p1b: Incineroar|88/100
|-damage|p1b: Incineroar|81/100
|-damage|p1b: Incineroar|74/100
|-damage|p1b: Incineroar|67/100
|-damage|p1b: Incineroar|60/100
|-damage|p1b: Incineroar|53/100
|-damage|p1b: Incineroar|46/100
|-enditem|p1b: Incineroar|Sitrus Berry|[eat]
|-heal|p1b: Incineroar|71/100|[from] item: Sitrus Berry
|-damage|p1b: Incineroar|64/100
|-damage|p1b: Incineroar|57/100
|-hitcount|p1b: Incineroar|10
|move|p1a: Charizard|Heat Wave|p2b: Weezing|[spread] p2a,p2b
|-damage|p2a: Maushold|30/100
|-damage|p2b: Weezing|3/100
|move|p2b: Weezing|Sludge Bomb|p1a: Charizard
|-resisted|p1a: Charizard
|-damage|p1a: Charizard|81/100
|
|-heal|p2b: Weezing|9/100|[from] item: Leftovers
|upkeep
|turn|5
|inactive|buf0722shito has 30 seconds left.
|inactive|500cake has 30 seconds left.
|inactive|buf0722shito has 20 seconds left.
|inactive|500cake has 20 seconds left.
|inactive|buf0722shito has 15 seconds left.
|inactive|500cake has 15 seconds left.
|inactive|buf0722shito has 10 seconds left.
|inactive|500cake has 10 seconds left.
|
|t:|1756414068
|switch|p1b: Jumpluff|Jumpluff, L50, M|100/100
|move|p2a: Maushold|Protect|p2a: Maushold
|-singleturn|p2a: Maushold|Protect
|move|p2b: Weezing|Protect|p2b: Weezing
|-singleturn|p2b: Weezing|Protect
|move|p1a: Charizard|Heat Wave|p2a: Maushold|[spread] 
|-activate|p2a: Maushold|move: Protect
|-activate|p2b: Weezing|move: Protect
|
|-heal|p2b: Weezing|15/100|[from] item: Leftovers
|upkeep
|turn|6
|
|t:|1756414092
|move|p2a: Maushold|Taunt|p1b: Jumpluff
|-start|p1b: Jumpluff|move: Taunt
|cant|p1b: Jumpluff|move: Taunt|Sunny Day
|move|p1a: Charizard|Heat Wave|p2b: Weezing|[spread] p2a,p2b
|-damage|p2a: Maushold|0 fnt
|-damage|p2b: Weezing|0 fnt
|faint|p2a: Maushold
|faint|p2b: Weezing
|-end|p2b: Weezing|ability: Neutralizing Gas
|
|upkeep
|
|t:|1756414104
|switch|p2a: Typhlosion|Typhlosion-Hisui, L50, M, shiny|100/100
|switch|p2b: Garchomp|Garchomp, L50, F, shiny|100/100
|turn|7
|
|t:|1756414124
|switch|p1b: Porygon2|Porygon2, L50|10/100
|-ability|p1b: Porygon2|Download|boost
|-boost|p1b: Porygon2|spa|1
|move|p2b: Garchomp|Dragon Claw|p1a: Charizard
|-damage|p1a: Charizard|4/100
|-damage|p2b: Garchomp|91/100|[from] item: Life Orb
|move|p1a: Charizard|Heat Wave|p2b: Garchomp|[spread] p2a,p2b
|-resisted|p2a: Typhlosion
|-resisted|p2b: Garchomp
|-damage|p2a: Typhlosion|65/100
|-damage|p2b: Garchomp|62/100
|move|p2a: Typhlosion|Eruption|p1b: Porygon2|[spread] p1a,p1b
|-damage|p1a: Charizard|0 fnt
|-damage|p1b: Porygon2|0 fnt
|faint|p1a: Charizard
|faint|p1b: Porygon2
|
|upkeep
|
|t:|1756414136
|switch|p1a: Incineroar|Incineroar, L50, M|57/100
|switch|p1b: Jumpluff|Jumpluff, L50, M|100/100
|-ability|p1a: Incineroar|Intimidate|boost
|-unboost|p2a: Typhlosion|atk|1
|-unboost|p2b: Garchomp|atk|1
|turn|8
|inactive|buf0722shito has 30 seconds left.
|inactive|500cake has 30 seconds left.
|inactive|buf0722shito has 20 seconds left.
|
|t:|1756414174
|move|p1b: Jumpluff|Sleep Powder|p2b: Garchomp
|-status|p2b: Garchomp|slp|[from] move: Sleep Powder
|cant|p2b: Garchomp|slp
|move|p2a: Typhlosion|Eruption|p1b: Jumpluff|[spread] p1a,p1b
|-resisted|p1a: Incineroar
|-supereffective|p1b: Jumpluff
|-damage|p1a: Incineroar|39/100
|-damage|p1b: Jumpluff|5/100
|move|p1a: Incineroar|Knock Off|p2a: Typhlosion
|-supereffective|p2a: Typhlosion
|-damage|p2a: Typhlosion|0 fnt
|-enditem|p2a: Typhlosion|Charcoal|[from] move: Knock Off|[of] p1a: Incineroar
|faint|p2a: Typhlosion
|
|upkeep
|turn|9
|inactive|500cake has 30 seconds left.
|
|t:|1756414208
|move|p1b: Jumpluff|Tailwind|p1b: Jumpluff
|-sidestart|p1: buf0722shito|move: Tailwind
|move|p1a: Incineroar|Knock Off|p2b: Garchomp
|-damage|p2b: Garchomp|18/100 slp
|-damage|p1a: Incineroar|26/100|[from] ability: Rough Skin|[of] p2b: Garchomp
|-enditem|p2b: Garchomp|Life Orb|[from] move: Knock Off|[of] p1a: Incineroar
|-curestatus|p2b: Garchomp|slp|[msg]
|move|p2b: Garchomp|Earthquake|p1b: Jumpluff|[spread] p1a
|-immune|p1b: Jumpluff
|-supereffective|p1a: Incineroar
|-damage|p1a: Incineroar|0 fnt
|faint|p1a: Incineroar
|
|upkeep
|turn|10
|c|☆buf0722shito|F
|
|t:|1756414226
|move|p2b: Garchomp|Protect|p2b: Garchomp
|-singleturn|p2b: Garchomp|Protect
|move|p1b: Jumpluff|Sleep Powder|p2b: Garchomp
|-activate|p2b: Garchomp|move: Protect
|
|upkeep
|turn|11
|
|t:|1756414247
|move|p1b: Jumpluff|Sleep Powder|p2b: Garchomp
|-status|p2b: Garchomp|slp|[from] move: Sleep Powder
|cant|p2b: Garchomp|slp
|
|upkeep
|turn|12
|
|t:|1756414258
|move|p1b: Jumpluff|Sunny Day|p1b: Jumpluff
|-weather|SunnyDay
|cant|p2b: Garchomp|slp
|
|-weather|SunnyDay|[upkeep]
|-sideend|p1: buf0722shito|move: Tailwind
|upkeep
|turn|13
|
|t:|1756414265
|move|p1b: Jumpluff|Rage Powder|p1b: Jumpluff
|-singleturn|p1b: Jumpluff|move: Rage Powder
|cant|p2b: Garchomp|slp
|
|-weather|SunnyDay|[upkeep]
|upkeep
|turn|14
|c|☆buf0722shito|Now 3 turns
|c|☆buf0722shito|Obvioi
|
|t:|1756414278
|move|p1b: Jumpluff|Sleep Powder|p2b: Garchomp|[miss]
|-miss|p1b: Jumpluff|p2b: Garchomp
|-curestatus|p2b: Garchomp|slp|[msg]
|move|p2b: Garchomp|Dragon Claw|p1b: Jumpluff
|-damage|p1b: Jumpluff|0 fnt
|faint|p1b: Jumpluff
|
|win|500cake
|raw|buf0722shito's rating: 1289 → 1265(-24 for losing)
|raw|500cake's rating: 1301 → 1320(+19 for winning)
|l| Arkhept
|l|☆buf0722shito
|player|p1|
|l|‽500cake
|player|p2|
|j|‽500cake
|player|p2|500cake|266|
