|j|☆bongus woah
|j|☆ashnext
|html|bongus woahashnext    
|uhtml|bestof|Game 1 of a best-of-3
|t:|1756405446
|gametype|doubles
|player|p1|bongus woah|170|1000
|player|p2|ashnext|lucas|1003
|gen|9
|tier|[Gen 9] VGC 2025 Reg H (Bo3)
|rated|
|rule|Species Clause: Limit one of each Pokémon
|rule|Item Clause: Limit 1 of each item
|clearpoke
|poke|p1|Ninetales-Alola, L50, F|
|poke|p1|Rillaboom, L50, F|
|poke|p1|Magmar, L50, F|
|poke|p1|Sneasler, L50, M|
|poke|p1|Kingambit, L50, F|
|poke|p1|Basculegion, L50, M|
|poke|p2|Charizard, L50, F|
|poke|p2|Torkoal, L50, F|
|poke|p2|Porygon2, L50|
|poke|p2|Incineroar, L50, M|
|poke|p2|Jumpluff, L50, F|
|poke|p2|Ursaluna, L50, F|
|teampreview|4
|showteam|p1|Ninetales-Alola||NeverMeltIce|SnowWarning|Blizzard,FreezeDry,Encore,Protect|||F|||50|,,,,,Ghost]Rillaboom||AssaultVest|GrassySurge|WoodHammer,FakeOut,Uturn,GrassyGlide|||F|||50|,,,,,Ghost]Magmar||Eviolite|VitalSpirit|Protect,HeatWave,WillOWisp,FollowMe|||F|||50|,,,,,Ghost]Sneasler||FocusSash|PoisonTouch|FakeOut,DireClaw,CloseCombat,Protect|||M|||50|,,,,,Ghost]Kingambit||BlackGlasses|Defiant|KowtowCleave,SwordsDance,SuckerPunch,Protect|||F|||50|,,,,,Fire]Basculegion||ChoiceScarf|Adaptability|WaveCrash,FlipTurn,TeraBlast,LastRespects|||M|||50|,,,,,Fighting
|showteam|p2|Charizard||ChoiceSpecs|SolarPower|HeatWave,WeatherBall,AirSlash,SolarBeam|||F|||50|,,,,,Fire]Torkoal||EjectPack|Drought|Eruption,Overheat,HelpingHand,Protect|||F|||50|,,,,,Fire]Porygon2||Eviolite|Download|TrickRoom,Recover,IceBeam,TeraBlast||||||50|,,,,,Fighting]Incineroar||AssaultVest|Intimidate|FakeOut,KnockOff,PartingShot,FlareBlitz|||M|||50|,,,,,Ghost]Jumpluff||CovertCloak|Chlorophyll|Tailwind,LeechSeed,RagePowder,SunnyDay|||F|||50|,,,,,Water]Ursaluna||FlameOrb|Guts|Facade,HeadlongRush,Protect,Earthquake|||F|||50|,,,,,Ghost
|inactive|Battle timer is ON: inactive players will automatically lose when time's up. (requested by ashnext)
|inactive|ashnext has 60 seconds left.
|
|t:|1756405479
|teamsize|p1|4
|teamsize|p2|4
|start
|switch|p1a: Magmar|Magmar, L50, F|100/100
|switch|p1b: Kingambit|Kingambit, L50, F|100/100
|switch|p2a: Ursaluna|Ursaluna, L50, F|100/100
|switch|p2b: Porygon2|Porygon2, L50|100/100
|-ability|p2b: Porygon2|Download|boost
|-boost|p2b: Porygon2|spa|1
|turn|1
|inactive|bongus woah has 30 seconds left.
|inactive|ashnext has 30 seconds left.
|inactive|bongus woah has 20 seconds left.
|
|t:|1756405517
|switch|p1a: Rillaboom|Rillaboom, L50, F|100/100
|-fieldstart|move: Grassy Terrain|[from] ability: Grassy Surge|[of] p1a: Rillaboom
|switch|p1b: Ninetales|Ninetales-Alola, L50, F|100/100
|-weather|Snowscape|[from] ability: Snow Warning|[of] p1b: Ninetales
|move|p2a: Ursaluna|Protect|p2a: Ursaluna
|-singleturn|p2a: Ursaluna|Protect
|move|p2b: Porygon2|Trick Room|p2b: Porygon2
|-fieldstart|move: Trick Room|[of] p2b: Porygon2
|
|-weather|Snowscape|[upkeep]
|-status|p2a: Ursaluna|brn|[from] item: Flame Orb
|upkeep
|turn|2
|inactive|bongus woah has 30 seconds left.
|inactive|ashnext has 30 seconds left.
|inactive|bongus woah has 20 seconds left.
|inactive|bongus woah has 15 seconds left.
|inactive|bongus woah has 10 seconds left.
|
|t:|1756405563
|switch|p2a: Charizard|Charizard, L50, F|100/100
|move|p1a: Rillaboom|Fake Out|p2a: Charizard
|-damage|p2a: Charizard|82/100
|move|p2b: Porygon2|Ice Beam|p1a: Rillaboom
|-supereffective|p1a: Rillaboom
|-damage|p1a: Rillaboom|43/100
|move|p1b: Ninetales|Blizzard|p2b: Porygon2|[spread] p2a,p2b
|-damage|p2a: Charizard|36/100
|-damage|p2b: Porygon2|77/100
|
|-weather|Snowscape|[upkeep]
|-heal|p2b: Porygon2|83/100|[from] Grassy Terrain
|-heal|p1a: Rillaboom|49/100|[from] Grassy Terrain
|upkeep
|turn|3
|inactive|bongus woah has 30 seconds left.
|inactive|ashnext has 30 seconds left.
|inactive|bongus woah has 20 seconds left.
|inactive|bongus woah has 15 seconds left.
|
|t:|1756405606
|move|p1b: Ninetales|Protect|p1b: Ninetales
|-singleturn|p1b: Ninetales|Protect
|move|p2b: Porygon2|Recover|p2b: Porygon2
|-heal|p2b: Porygon2|100/100
|move|p1a: Rillaboom|U-turn|p2b: Porygon2
|-damage|p2b: Porygon2|84/100
|
|t:|1756405615
|switch|p1a: Magmar|Magmar, L50, F|100/100|[from] U-turn
|move|p2a: Charizard|Heat Wave|p1b: Ninetales|[spread] 
|-activate|p1b: Ninetales|move: Protect
|-miss|p2a: Charizard|p1a: Magmar
|
|-weather|Snowscape|[upkeep]
|-heal|p2b: Porygon2|91/100|[from] Grassy Terrain
|upkeep
|turn|4
|inactive|bongus woah has 30 seconds left.
|inactive|ashnext has 30 seconds left.
|inactive|ashnext has 20 seconds left.
|inactive|ashnext has 15 seconds left.
|inactive|ashnext has 10 seconds left.
|
|t:|1756405663
|-terastallize|p1b: Ninetales|Ghost
|move|p2b: Porygon2|Tera Blast|p1a: Magmar
|-damage|p1a: Magmar|54/100
|move|p1a: Magmar|Heat Wave|p2b: Porygon2|[spread] p2a
|-miss|p1a: Magmar|p2b: Porygon2
|-resisted|p2a: Charizard
|-damage|p2a: Charizard|20/100
|move|p2a: Charizard|Heat Wave|p1b: Ninetales|[spread] p1a
|-miss|p2a: Charizard|p1b: Ninetales
|-resisted|p1a: Magmar
|-damage|p1a: Magmar|33/100
|move|p1b: Ninetales|Blizzard|p2a: Charizard|[spread] p2a,p2b
|-damage|p2a: Charizard|0 fnt
|-damage|p2b: Porygon2|65/100
|faint|p2a: Charizard
|
|-weather|Snowscape|[upkeep]
|-heal|p2b: Porygon2|71/100|[from] Grassy Terrain
|-heal|p1a: Magmar|39/100|[from] Grassy Terrain
|upkeep
|
|t:|1756405687
|switch|p2a: Incineroar|Incineroar, L50, M|100/100
|-ability|p2a: Incineroar|Intimidate|boost
|-unboost|p1a: Magmar|atk|1
|-unboost|p1b: Ninetales|atk|1
|turn|5
|
|t:|1756405701
|move|p1a: Magmar|Protect|p1a: Magmar
|-singleturn|p1a: Magmar|Protect
|move|p1b: Ninetales|Protect|p1b: Ninetales
|-singleturn|p1b: Ninetales|Protect
|move|p2a: Incineroar|Knock Off|p1b: Ninetales
|-activate|p1b: Ninetales|move: Protect
|move|p2b: Porygon2|Recover|p2b: Porygon2
|-heal|p2b: Porygon2|100/100
|
|-weather|none
|-heal|p1a: Magmar|45/100|[from] Grassy Terrain
|-fieldend|move: Trick Room
|-fieldend|move: Grassy Terrain
|upkeep
|turn|6
|inactive|bongus woah has 30 seconds left.
|inactive|ashnext has 30 seconds left.
|inactive|bongus woah has 20 seconds left.
|inactive|ashnext has 20 seconds left.
|inactive|bongus woah has 15 seconds left.
|inactive|ashnext has 15 seconds left.
|inactive|ashnext has 10 seconds left.
|inactive|ashnext has 5 seconds left.
|
|t:|1756405756
|move|p2a: Incineroar|Fake Out||[still]
|-hint|Fake Out only works on your first turn out.
|-fail|p2a: Incineroar
|move|p1a: Magmar|Follow Me|p1a: Magmar
|-singleturn|p1a: Magmar|move: Follow Me
|move|p1b: Ninetales|Encore|p2b: Porygon2
|-start|p2b: Porygon2|Encore
|move|p2b: Porygon2|Recover||[still]
|-fail|p2b: Porygon2|heal
|
|upkeep
|turn|7
|inactive|bongus woah has 30 seconds left.
|inactive|ashnext has 30 seconds left.
|inactive|ashnext has 20 seconds left.
|inactive|ashnext has 15 seconds left.
|
|t:|1756405800
|switch|p1a: Kingambit|Kingambit, L50, F|100/100
|switch|p2b: Ursaluna|Ursaluna, L50, F|100/100 brn
|move|p1b: Ninetales|Encore|p2a: Incineroar
|-start|p2a: Incineroar|Encore
|move|p2a: Incineroar|Fake Out||[still]
|-hint|Fake Out only works on your first turn out.
|-fail|p2a: Incineroar
|
|-damage|p2b: Ursaluna|95/100 brn|[from] brn
|upkeep
|turn|8
|inactive|bongus woah has 30 seconds left.
|inactive|bongus woah has 20 seconds left.
|
|t:|1756405840
|switch|p2a: Porygon2|Porygon2, L50|100/100
|-ability|p2a: Porygon2|Download|boost
|-boost|p2a: Porygon2|spa|1
|move|p2b: Ursaluna|Protect|p2b: Ursaluna
|-singleturn|p2b: Ursaluna|Protect
|move|p1b: Ninetales|Freeze-Dry|p2b: Ursaluna
|-activate|p2b: Ursaluna|move: Protect
|move|p1a: Kingambit|Swords Dance|p1a: Kingambit
|-boost|p1a: Kingambit|atk|2
|
|-damage|p2b: Ursaluna|89/100 brn|[from] brn
|upkeep
|turn|9
|inactive|bongus woah has 30 seconds left.
|inactive|ashnext has 30 seconds left.
|inactive|ashnext has 20 seconds left.
|
|t:|1756405878
|-terastallize|p2b: Ursaluna|Ghost
|move|p1a: Kingambit|Protect|p1a: Kingambit
|-singleturn|p1a: Kingambit|Protect
|move|p1b: Ninetales|Encore|p2b: Ursaluna
|-start|p2b: Ursaluna|Encore
|move|p2b: Ursaluna|Protect||[still]
|-fail|p2b: Ursaluna
|move|p2a: Porygon2|Trick Room|p2a: Porygon2
|-fieldstart|move: Trick Room|[of] p2a: Porygon2
|
|-damage|p2b: Ursaluna|83/100 brn|[from] brn
|upkeep
|turn|10
|inactive|bongus woah has 30 seconds left.
|inactive|ashnext has 30 seconds left.
|inactive|bongus woah has 20 seconds left.
|inactive|ashnext has 20 seconds left.
|inactive|bongus woah has 15 seconds left.
|inactive|ashnext has 15 seconds left.
|inactive|bongus woah has 10 seconds left.
|inactive|ashnext has 10 seconds left.
|inactive|ashnext has 5 seconds left.
|
|t:|1756405933
|move|p2b: Ursaluna|Protect|p2b: Ursaluna
|-singleturn|p2b: Ursaluna|Protect
|move|p1a: Kingambit|Kowtow Cleave|p2b: Ursaluna
|-activate|p2b: Ursaluna|move: Protect
|move|p1b: Ninetales|Freeze-Dry|p2b: Ursaluna
|-activate|p2b: Ursaluna|move: Protect
|move|p2a: Porygon2|Trick Room|p2a: Porygon2
|-fieldend|move: Trick Room
|
|-damage|p2b: Ursaluna|77/100 brn|[from] brn
|upkeep
|turn|11
|inactive|bongus woah has 30 seconds left.
|
|t:|1756405960
|move|p2b: Ursaluna|Protect||[still]
|-fail|p2b: Ursaluna
|move|p1b: Ninetales|Encore|p2a: Porygon2
|-start|p2a: Porygon2|Encore
|move|p1a: Kingambit|Kowtow Cleave|p2b: Ursaluna
|-supereffective|p2b: Ursaluna
|-damage|p2b: Ursaluna|0 fnt
|faint|p2b: Ursaluna
|move|p2a: Porygon2|Trick Room|p2a: Porygon2
|-fieldstart|move: Trick Room|[of] p2a: Porygon2
|
|upkeep
|inactive|ashnext has 30 seconds left.
|
|t:|1756405971
|switch|p2b: Incineroar|Incineroar, L50, M|100/100
|-ability|p2b: Incineroar|Intimidate|boost
|-unboost|p1a: Kingambit|atk|1
|-ability|p1a: Kingambit|Defiant|boost
|-boost|p1a: Kingambit|atk|2
|-unboost|p1b: Ninetales|atk|1
|turn|12
|inactive|ashnext has 25 seconds left this turn.
|inactive|ashnext has 20 seconds left.
|inactive|ashnext has 15 seconds left.
|inactive|bongus woah has 30 seconds left.
|
|t:|1756405997
|move|p1a: Kingambit|Protect|p1a: Kingambit
|-singleturn|p1a: Kingambit|Protect
|move|p1b: Ninetales|Protect|p1b: Ninetales
|-singleturn|p1b: Ninetales|Protect
|move|p2b: Incineroar|Flare Blitz|p1a: Kingambit
|-activate|p1a: Kingambit|move: Protect
|move|p2a: Porygon2|Trick Room|p2a: Porygon2
|-fieldend|move: Trick Room
|
|upkeep
|turn|13
|inactive|ashnext has 15 seconds left this turn.
|inactive|bongus woah has 30 seconds left.
|inactive|ashnext has 10 seconds left.
|inactive|ashnext has 5 seconds left.
|inactive|bongus woah has 20 seconds left.
|inactive|bongus woah has 15 seconds left.
|inactive|bongus woah has 10 seconds left.
|
|t:|1756406023
|switch|p1b: Magmar|Magmar, L50, F|45/100
|move|p1a: Kingambit|Kowtow Cleave|p2b: Incineroar
|-resisted|p2b: Incineroar
|-damage|p2b: Incineroar|28/100
|move|p2b: Incineroar|Flare Blitz|p1a: Kingambit
|-supereffective|p1a: Kingambit
|-damage|p1a: Kingambit|30/100
|-damage|p2b: Incineroar|6/100|[from] Recoil
|move|p2a: Porygon2|Trick Room|p2a: Porygon2
|-fieldstart|move: Trick Room|[of] p2a: Porygon2
|
|-end|p2a: Porygon2|Encore
|upkeep
|turn|14
|inactive|bongus woah has 10 seconds left this turn.
|inactive|ashnext has 5 seconds left this turn.
|inactive|bongus woah has 5 seconds left.
|-message|ashnext lost due to inactivity.
|
|win|bongus woah
|inactive|bongus woah has 30 seconds to confirm battle start!
|inactive|ashnext has 30 seconds to confirm battle start!
