|j|☆Jehosh
|j|☆TurtleMicro
|html|JehoshTurtleMicro    
|uhtml|bestof|Game 1 of a best-of-3
|t:|1784609631
|gametype|doubles
|player|p1|Jehosh|firebreather|
|player|p2|TurtleMicro|pokemonbreederf-gen4|
|gen|9
|tier|[Gen 9 Champions] VGC 2026 Reg M-B (Bo3)
|rule|Species Clause: Limit one of each Pokémon
|rule|Item Clause: Limit 1 of each item
|clearpoke
|poke|p1|Garchomp, L50, F|
|poke|p1|Tyranitar, L50, F|
|poke|p1|Tsareena, L50, F|
|poke|p1|Samurott-Hisui, L50, F|
|poke|p1|Excadrill, L50, F|
|poke|p1|Jolteon, L50, M|
|poke|p2|Delphox, L50, M|
|poke|p2|Sinistcha-Masterpiece, L50|
|poke|p2|Vivillon, L50, F|
|poke|p2|Crabominable, L50, M|
|poke|p2|Ditto, L50|
|poke|p2|Toxapex, L50, F|
|teampreview|4
|showteam|p1|Garchomp||Garchompite|SandVeil|Protect,DragonClaw,StompingTantrum,RockSlide|Jolly||F|||50|]Tyranitar||Tyranitarite|SandStream|Protect,RockSlide,KnockOff,StealthRock|Careful||F|||50|]Tsareena||FocusSash|QueenlyMajesty|Protect,TropKick,TripleAxel,Taunt|Careful||F|||50|]Samurott-Hisui||ScopeLens|Sharpness|AquaCutter,NightSlash,AquaJet,Protect|Jolly||F|||50|]Excadrill||ChoiceScarf|SandRush|RockSlide,Earthquake,IronHead,ShadowClaw|Adamant||F|||50|]Jolteon||Magnet|VoltAbsorb|VoltSwitch,Detect,Thunderbolt,AlluringVoice|Timid||M|||50|
|showteam|p2|Delphox||Delphoxite|Blaze|HeatWave,Psychic,Substitute,Protect|Timid||M|||50|]Sinistcha-Masterpiece||ColburBerry|Hospitality|TrickRoom,MatchaGotcha,LifeDew,RagePowder|Bold|||||50|]Vivillon||FocusSash|CompoundEyes|Hurricane,SleepPowder,RagePowder,Protect|Timid||F|||50|]Crabominable||Crabominite|HyperCutter|IceHammer,DrainPunch,MachPunch,Protect|Brave||M|||50|]Ditto||ChoiceScarf|Imposter|Transform|Serious|||||50|]Toxapex||Leftovers|Regenerator|Infestation,Toxic,Recover,BanefulBunker|Impish||F|||50|
|inactive|Battle timer is ON: inactive players will automatically lose when time's up. (requested by Jehosh)
|inactive|Jehosh has 60 seconds left.
|
|t:|1784609668
|teamsize|p1|4
|teamsize|p2|4
|start
|switch|p1a: 17|Tyranitar, L50, F|100/100
|switch|p1b: 13|Excadrill, L50, F|100/100
|switch|p2a: Sinistcha|Sinistcha-Masterpiece, L50|100/100
|switch|p2b: Vivillon|Vivillon, L50, F|100/100
|-weather|Sandstorm|[from] ability: Sand Stream|[of] p1a: 17
|turn|1
|
|t:|1784609691
|move|p2b: Vivillon|Rage Powder|p2b: Vivillon
|-singleturn|p2b: Vivillon|move: Rage Powder
|move|p1b: 13|Rock Slide|p2a: Sinistcha|[spread] p2a,p2b
|-supereffective|p2b: Vivillon|2
|-damage|p2a: Sinistcha|83/100
|-enditem|p2b: Vivillon|Focus Sash
|-damage|p2b: Vivillon|1/100
|move|p1a: 17|Stealth Rock|p2b: Vivillon
|-sidestart|p2: TurtleMicro|move: Stealth Rock
|move|p2a: Sinistcha|Trick Room|p2a: Sinistcha
|-fieldstart|move: Trick Room|[of] p2a: Sinistcha
|
|-weather|Sandstorm|[upkeep]
|-damage|p2a: Sinistcha|76/100|[from] Sandstorm
|-damage|p2b: Vivillon|0 fnt|[from] Sandstorm
|faint|p2b: Vivillon
|upkeep
|
|t:|1784609703
|switch|p2b: Crabominable|Crabominable, L50, M|100/100
|-damage|p2b: Crabominable|87/100|[from] Stealth Rock
|turn|2
|
|t:|1784609723
|switch|p1b: 4-1|Samurott-Hisui, L50, F|100/100
|detailschange|p2b: Crabominable|Crabominable-Mega, L50, M
|-mega|p2b: Crabominable|Crabominable|Crabominite
|move|p1a: 17|Protect|p1a: 17
|-singleturn|p1a: 17|Protect
|move|p2a: Sinistcha|Rage Powder|p2a: Sinistcha
|-singleturn|p2a: Sinistcha|move: Rage Powder
|move|p2b: Crabominable|Drain Punch|p1a: 17
|-activate|p1a: 17|move: Protect
|
|-weather|Sandstorm|[upkeep]
|-damage|p2b: Crabominable|81/100|[from] Sandstorm
|-damage|p2a: Sinistcha|70/100|[from] Sandstorm
|-damage|p1b: 4-1|94/100|[from] Sandstorm
|upkeep
|turn|3
|inactive|Jehosh has 30 seconds left.
|inactive|Jehosh has 20 seconds left.
|
|t:|1784609760
|switch|p1a: 4|Jolteon, L50, M|100/100
|move|p2a: Sinistcha|Rage Powder|p2a: Sinistcha
|-singleturn|p2a: Sinistcha|move: Rage Powder
|move|p2b: Crabominable|Drain Punch|p1a: 4
|-damage|p1a: 4|0 fnt
|-heal|p2b: Crabominable|100/100|[from] drain|[of] p1a: 4
|faint|p1a: 4
|move|p1b: 4-1|Night Slash|p2a: Sinistcha
|-supereffective|p2a: Sinistcha|1
|-enditem|p2a: Sinistcha|Colbur Berry|[eat]
|-enditem|p2a: Sinistcha|Colbur Berry|[weaken]
|-damage|p2a: Sinistcha|30/100
|
|-weather|Sandstorm|[upkeep]
|-damage|p2b: Crabominable|94/100|[from] Sandstorm
|-damage|p2a: Sinistcha|24/100|[from] Sandstorm
|-damage|p1b: 4-1|88/100|[from] Sandstorm
|upkeep
|
|t:|1784609780
|switch|p1a: 17|Tyranitar, L50, F|100/100
|turn|4
|inactive|Jehosh has 30 seconds left.
|
|t:|1784609815
|move|p1a: 17|Protect|p1a: 17
|-singleturn|p1a: 17|Protect
|move|p2b: Crabominable|Drain Punch|p1b: 4-1
|-supereffective|p1b: 4-1|1
|-damage|p1b: 4-1|0 fnt
|-heal|p2b: Crabominable|100/100|[from] drain|[of] p1b: 4-1
|faint|p1b: 4-1
|move|p2a: Sinistcha|Life Dew||[still]|[spread] p2a,p2b
|-heal|p2a: Sinistcha|49/100
|-fail|p2b: Crabominable|heal
|
|-weather|Sandstorm|[upkeep]
|-damage|p2b: Crabominable|94/100|[from] Sandstorm
|-damage|p2a: Sinistcha|43/100|[from] Sandstorm
|upkeep
|
|t:|1784609820
|switch|p1b: 13|Excadrill, L50, F|100/100
|turn|5
|
|t:|1784609836
|detailschange|p1a: 17|Tyranitar-Mega, L50, F
|-mega|p1a: 17|Tyranitar|Tyranitarite
|move|p2b: Crabominable|Drain Punch|p1a: 17
|-supereffective|p1a: 17|2
|-damage|p1a: 17|0 fnt
|-heal|p2b: Crabominable|100/100|[from] drain|[of] p1a: 17
|faint|p1a: 17
|move|p2a: Sinistcha|Life Dew||[still]|[spread] p2a,p2b
|-heal|p2a: Sinistcha|68/100
|-fail|p2b: Crabominable|heal
|move|p1b: 13|Iron Head|p2b: Crabominable
|-supereffective|p2b: Crabominable|1
|-damage|p2b: Crabominable|25/100
|
|-weather|none
|-fieldend|move: Trick Room
|upkeep
|turn|6
|
|t:|1784609852
|move|p2a: Sinistcha|Rage Powder|p2a: Sinistcha
|-singleturn|p2a: Sinistcha|move: Rage Powder
|move|p1b: 13|Iron Head|p2a: Sinistcha
|-damage|p2a: Sinistcha|32/100
|move|p2b: Crabominable|Drain Punch|p1b: 13
|-supereffective|p1b: 13|1
|-damage|p1b: 13|0 fnt
|-heal|p2b: Crabominable|71/100|[from] drain|[of] p1b: 13
|faint|p1b: 13
|
|win|TurtleMicro
||Jehosh is ready for game 2.
||TurtleMicro is ready for game 2.
|uhtml|next|Next: Game 2 of 3
|l|☆Jehosh
|player|p1|
