|j|☆magic 561
|j|☆Squ1dge_
|html|magic 561Squ1dge_    
|uhtml|bestof|Game 3 of a best-of-3
|t:|1755336057
|gametype|doubles
|player|p1|magic 561|1|1277
|player|p2|Squ1dge_|169|1334
|gen|9
|tier|[Gen 9] VGC 2025 Reg H (Bo3)
|rated|
|rule|Species Clause: Limit one of each Pokémon
|rule|Item Clause: Limit 1 of each item
|clearpoke
|poke|p1|Hydreigon, L50, M|
|poke|p1|Metagross, L50|
|poke|p1|Ninetales-Alola, L50, F|
|poke|p1|Sneasler, L50, M|
|poke|p1|Milotic, L50, M|
|poke|p1|Incineroar, L50, F|
|poke|p2|Gholdengo, L50|
|poke|p2|Sneasler, L50, M|
|poke|p2|Rillaboom, L50, M|
|poke|p2|Dragonite, L50, M|
|poke|p2|Ninetales-Alola, L50, F|
|poke|p2|Arcanine-Hisui, L50, M|
|teampreview|4
|showteam|p1|Hydreigon||LifeOrb|Levitate|DarkPulse,DracoMeteor,EarthPower,Protect|||M|||50|,,,,,Poison]Metagross||AssaultVest|ClearBody|BulletPunch,HeavySlam,PsychicFangs,HammerArm||||||50|,,,,,Water]Ninetales-Alola||FocusSash|SnowWarning|Moonblast,IcyWind,Blizzard,Protect|||F|||50|,,,,,Ice]Sneasler||WhiteHerb|Unburden|CloseCombat,Coaching,DireClaw,Protect|||M|||50|,,,,,Ghost]Milotic||Leftovers|Competitive|Scald,Protect,Recover,Haze|||M|||50|,,,,,Poison]Incineroar||SitrusBerry|Intimidate|KnockOff,FlareBlitz,PartingShot,FakeOut|||F|||50|,,,,,Ghost
|showteam|p2|Gholdengo||GrassySeed|GoodasGold|NastyPlot,MakeItRain,ShadowBall,Protect||||||50|,,,,,Water]Sneasler||WhiteHerb|Unburden|CloseCombat,DireClaw,Coaching,Protect|||M|||50|,,,,,Ghost]Rillaboom||AssaultVest|GrassySurge|FakeOut,GrassyGlide,DrumBeating,HighHorsepower|||M|||50|,,,,,Fire]Dragonite||LoadedDice|Multiscale|ScaleShot,StompingTantrum,Tailwind,Protect|||M|||50|,,,,,Ground]Ninetales-Alola||FocusSash|SnowWarning|Blizzard,IcyWind,Encore,AuroraVeil|||F|||50|,,,,,Ghost]Arcanine-Hisui||ClearAmulet|Intimidate|RockSlide,FlareBlitz,ExtremeSpeed,Protect|||M|||50|,,,,,Water
|inactive|Battle timer is ON: inactive players will automatically lose when time's up. (requested by magic 561)
|inactive|magic 561 has 60 seconds left.
|
|t:|1755336095
|teamsize|p1|4
|teamsize|p2|4
|start
|switch|p1a: Metagross|Metagross, L50|100/100
|switch|p1b: Hydreigon|Hydreigon, L50, M|100/100
|switch|p2a: Sneasler|Sneasler, L50, M|100/100
|switch|p2b: Dragonite|Dragonite, L50, M|100/100
|turn|1
|inactive|magic 561 has 30 seconds left.
|inactive|Squ1dge_ has 30 seconds left.
|inactive|Squ1dge_ has 20 seconds left.
|inactive|Squ1dge_ has 15 seconds left.
|inactive|Squ1dge_ has 10 seconds left.
|
|t:|1755336140
|-terastallize|p1b: Hydreigon|Poison
|move|p2a: Sneasler|Coaching|p2b: Dragonite
|-boost|p2b: Dragonite|atk|1
|-boost|p2b: Dragonite|def|1
|move|p1b: Hydreigon|Draco Meteor|p2b: Dragonite
|-supereffective|p2b: Dragonite
|-damage|p2b: Dragonite|0 fnt
|-unboost|p1b: Hydreigon|spa|2
|faint|p2b: Dragonite
|-damage|p1b: Hydreigon|91/100|[from] item: Life Orb
|move|p1a: Metagross|Psychic Fangs|p2a: Sneasler
|-supereffective|p2a: Sneasler
|-damage|p2a: Sneasler|0 fnt
|faint|p2a: Sneasler
|
|upkeep
|
|t:|1755336151
|switch|p2a: Rillaboom|Rillaboom, L50, M|100/100
|switch|p2b: Gholdengo|Gholdengo, L50|100/100
|-fieldstart|move: Grassy Terrain|[from] ability: Grassy Surge|[of] p2a: Rillaboom
|-enditem|p2b: Gholdengo|Grassy Seed
|-boost|p2b: Gholdengo|def|1|[from] item: Grassy Seed
|turn|2
|
|t:|1755336165
|switch|p1b: Incineroar|Incineroar, L50, F|100/100
|-ability|p1b: Incineroar|Intimidate|boost
|-unboost|p2a: Rillaboom|atk|1
|-unboost|p2b: Gholdengo|atk|1
|move|p2a: Rillaboom|Fake Out|p1b: Incineroar
|-damage|p1b: Incineroar|92/100
|move|p2b: Gholdengo|Nasty Plot|p2b: Gholdengo
|-boost|p2b: Gholdengo|spa|2
|move|p1a: Metagross|Heavy Slam|p2a: Rillaboom
|-damage|p2a: Rillaboom|35/100
|
|-heal|p2a: Rillaboom|41/100|[from] Grassy Terrain
|-heal|p1b: Incineroar|98/100|[from] Grassy Terrain
|upkeep
|turn|3
|inactive|Squ1dge_ has 30 seconds left.
|
|t:|1755336192
|-terastallize|p2a: Rillaboom|Fire
|move|p1b: Incineroar|Fake Out|p2b: Gholdengo
|-immune|p2b: Gholdengo
|move|p2a: Rillaboom|High Horsepower|p1b: Incineroar
|-supereffective|p1b: Incineroar
|-crit|p1b: Incineroar
|-damage|p1b: Incineroar|16/100
|-enditem|p1b: Incineroar|Sitrus Berry|[eat]
|-heal|p1b: Incineroar|41/100|[from] item: Sitrus Berry
|move|p2b: Gholdengo|Shadow Ball|p1a: Metagross
|-supereffective|p1a: Metagross
|-damage|p1a: Metagross|0 fnt
|faint|p1a: Metagross
|
|-heal|p2a: Rillaboom|47/100|[from] Grassy Terrain
|-heal|p1b: Incineroar|47/100|[from] Grassy Terrain
|upkeep
|
|t:|1755336209
|switch|p1a: Hydreigon|Hydreigon, L50, M, tera:Poison|91/100
|turn|4
|inactive|magic 561 has 30 seconds left.
|
|t:|1755336241
|move|p1a: Hydreigon|Protect|p1a: Hydreigon
|-singleturn|p1a: Hydreigon|Protect
|move|p2a: Rillaboom|Drum Beating|p1a: Hydreigon
|-activate|p1a: Hydreigon|move: Protect
|move|p2b: Gholdengo|Make It Rain|p1b: Incineroar|[spread] p1b
|-activate|p1a: Hydreigon|move: Protect
|-resisted|p1b: Incineroar
|-damage|p1b: Incineroar|11/100
|-unboost|p2b: Gholdengo|spa|1
|move|p1b: Incineroar|Knock Off|p2a: Rillaboom
|-damage|p2a: Rillaboom|6/100
|-enditem|p2a: Rillaboom|Assault Vest|[from] move: Knock Off|[of] p1b: Incineroar
|
|-heal|p2a: Rillaboom|12/100|[from] Grassy Terrain
|-heal|p1b: Incineroar|17/100|[from] Grassy Terrain
|upkeep
|turn|5
|inactive|magic 561 has 30 seconds left.
|
|t:|1755336269
|move|p1a: Hydreigon|Dark Pulse|p2b: Gholdengo
|-supereffective|p2b: Gholdengo
|-damage|p2b: Gholdengo|0 fnt
|faint|p2b: Gholdengo
|-damage|p1a: Hydreigon|81/100|[from] item: Life Orb
|move|p2a: Rillaboom|Drum Beating|p1a: Hydreigon
|-resisted|p1a: Hydreigon
|-damage|p1a: Hydreigon|63/100
|-unboost|p1a: Hydreigon|spe|1
|move|p1b: Incineroar|Flare Blitz|p2a: Rillaboom
|-resisted|p2a: Rillaboom
|-damage|p2a: Rillaboom|0 fnt
|faint|p2a: Rillaboom
|-damage|p1b: Incineroar|13/100|[from] Recoil
|
|win|magic 561
|raw|magic 561's rating: 1277 → 1306(+29 for winning)
|raw|Squ1dge_'s rating: 1334 → 1311(-23 for losing)
|c|☆magic 561|gg wp
|c|☆Squ1dge_|U2 sir
|l|☆Squ1dge_
|player|p2|
