|j|☆Flareblitz54
|j|☆Farigi no Raf
|html|Flareblitz54Farigi no Raf    
|uhtml|bestof|Game 2 of a best-of-3
|t:|1757121112
|gametype|doubles
|player|p1|Flareblitz54|gladion|1313
|player|p2|Farigi no Raf|vince|1370
|gen|9
|tier|[Gen 9] VGC 2025 Reg H (Bo3)
|rated|
|rule|Species Clause: Limit one of each Pokémon
|rule|Item Clause: Limit 1 of each item
|clearpoke
|poke|p1|Archaludon, L50, F|
|poke|p1|Kingdra, L50, F|
|poke|p1|Politoed, L50, M|
|poke|p1|Incineroar, L50, M|
|poke|p1|Gothitelle, L50, M|
|poke|p1|Amoonguss, L50, M|
|poke|p2|Dragonite, L50, F|
|poke|p2|Gholdengo, L50|
|poke|p2|Sneasler, L50, F|
|poke|p2|Rillaboom, L50, M|
|poke|p2|Ursaluna-Bloodmoon, L50, M|
|poke|p2|Magmar, L50, F|
|teampreview|4
|showteam|p1|Archaludon||PowerHerb|Sturdy|Protect,ElectroShot,FlashCannon,DragonPulse|||F|||50|,,,,,Electric]Kingdra||LifeOrb|SwiftSwim|Protect,DracoMeteor,WeatherBall,MuddyWater|||F|||50|,,,,,Stellar]Politoed||Leftovers|Drizzle|Protect,WeatherBall,PerishSong,Encore|||M|||50|,,,,,Grass]Incineroar||SafetyGoggles|Intimidate|FakeOut,KnockOff,PartingShot,Protect|||M|||50|,,,,,Ghost]Gothitelle||SitrusBerry|ShadowTag|Protect,Psychic,FakeOut,TrickRoom|||M|||50|,,,,,Dark]Amoonguss||EjectButton|Regenerator|Protect,RagePowder,Spore,PollenPuff|||M|||50|,,,,,Fairy
|showteam|p2|Dragonite||LoadedDice|Multiscale|ScaleShot,Tailwind,ExtremeSpeed,Protect|||F|||50|,,,,,Fairy]Gholdengo||LifeOrb|GoodasGold|MakeItRain,ShadowBall,NastyPlot,Protect||||||50|,,,,,Water]Sneasler||FocusSash|PoisonTouch|CloseCombat,DireClaw,Coaching,FakeOut|||F|||50|,,,,,Ghost]Rillaboom||AssaultVest|GrassySurge|WoodHammer,FakeOut,GrassyGlide,HighHorsepower|||M|||50|,,,,,Fire]Ursaluna-Bloodmoon||SilkScarf|MindsEye|HyperVoice,EarthPower,BloodMoon,Protect|||M|||50|,,,,,Water]Magmar||Eviolite|VitalSpirit|FollowMe,BurningJealousy,ClearSmog,Protect|||F|||50|,,,,,Dragon
|inactive|Battle timer is ON: inactive players will automatically lose when time's up. (requested by Flareblitz54)
|inactive|Farigi no Raf has 60 seconds left.
|
|t:|1757121151
|teamsize|p1|4
|teamsize|p2|4
|start
|switch|p1a: Archaludon|Archaludon, L50, F|100/100
|switch|p1b: Politoed|Politoed, L50, M|100/100
|switch|p2a: Dragonite|Dragonite, L50, F|100/100
|switch|p2b: Ursaluna|Ursaluna-Bloodmoon, L50, M|100/100
|-weather|RainDance|[from] ability: Drizzle|[of] p1b: Politoed
|turn|1
|
|t:|1757121169
|switch|p1a: Gothitelle|Gothitelle, L50, M|100/100
|move|p2b: Ursaluna|Protect|p2b: Ursaluna
|-singleturn|p2b: Ursaluna|Protect
|move|p2a: Dragonite|Scale Shot|p1a: Gothitelle
|-damage|p1a: Gothitelle|85/100
|-damage|p1a: Gothitelle|72/100
|-damage|p1a: Gothitelle|56/100
|-damage|p1a: Gothitelle|42/100
|-enditem|p1a: Gothitelle|Sitrus Berry|[eat]
|-heal|p1a: Gothitelle|67/100|[from] item: Sitrus Berry
|-hitcount|p1a: Gothitelle|4
|-unboost|p2a: Dragonite|def|1
|-boost|p2a: Dragonite|spe|1
|move|p1b: Politoed|Perish Song|p1b: Politoed
|-start|p1a: Gothitelle|perish3|[silent]
|-start|p1b: Politoed|perish3|[silent]
|-start|p2a: Dragonite|perish3|[silent]
|-start|p2b: Ursaluna|perish3|[silent]
|-fieldactivate|move: Perish Song
|
|-weather|RainDance|[upkeep]
|-start|p2a: Dragonite|perish3
|-start|p1b: Politoed|perish3
|-start|p2b: Ursaluna|perish3
|-start|p1a: Gothitelle|perish3
|upkeep
|turn|2
|
|t:|1757121194
|move|p1a: Gothitelle|Fake Out|p2a: Dragonite
|-crit|p2a: Dragonite
|-damage|p2a: Dragonite|93/100
|cant|p2a: Dragonite|flinch
|move|p1b: Politoed|Encore|p2b: Ursaluna
|-start|p2b: Ursaluna|Encore
|move|p2b: Ursaluna|Protect||[still]
|-fail|p2b: Ursaluna
|
|-weather|RainDance|[upkeep]
|-start|p2a: Dragonite|perish2
|-start|p1b: Politoed|perish2
|-start|p2b: Ursaluna|perish2
|-start|p1a: Gothitelle|perish2
|upkeep
|turn|3
|
|t:|1757121213
|switch|p1b: Amoonguss|Amoonguss, L50, M|100/100
|move|p2b: Ursaluna|Protect|p2b: Ursaluna
|-singleturn|p2b: Ursaluna|Protect
|move|p1a: Gothitelle|Protect|p1a: Gothitelle
|-singleturn|p1a: Gothitelle|Protect
|move|p2a: Dragonite|Scale Shot|p1a: Gothitelle
|-activate|p1a: Gothitelle|move: Protect
|
|-weather|RainDance|[upkeep]
|-start|p2a: Dragonite|perish1
|-start|p2b: Ursaluna|perish1
|-start|p1a: Gothitelle|perish1
|upkeep
|turn|4
|
|t:|1757121231
|switch|p1a: Politoed|Politoed, L50, M|100/100
|move|p2b: Ursaluna|Protect||[still]
|-fail|p2b: Ursaluna
|move|p2a: Dragonite|Scale Shot|p1a: Politoed
|-damage|p1a: Politoed|85/100
|-damage|p1a: Politoed|69/100
|-damage|p1a: Politoed|54/100
|-damage|p1a: Politoed|38/100
|-hitcount|p1a: Politoed|4
|-unboost|p2a: Dragonite|def|1
|-boost|p2a: Dragonite|spe|1
|move|p1b: Amoonguss|Pollen Puff|p1a: Politoed
|-heal|p1a: Politoed|88/100
|
|-weather|RainDance|[upkeep]
|-heal|p1a: Politoed|94/100|[from] item: Leftovers
|-end|p2b: Ursaluna|Encore
|-start|p2a: Dragonite|perish0
|-start|p2b: Ursaluna|perish0
|upkeep
|faint|p2a: Dragonite
|faint|p2b: Ursaluna
|
|t:|1757121235
|switch|p2a: Gholdengo|Gholdengo, L50|100/100
|switch|p2b: Rillaboom|Rillaboom, L50, M|100/100
|-fieldstart|move: Grassy Terrain|[from] ability: Grassy Surge|[of] p2b: Rillaboom
|turn|5
|inactive|Flareblitz54 has 30 seconds left.
|inactive|Flareblitz54 has 20 seconds left.
|
|t:|1757121273
|-terastallize|p1a: Politoed|Grass
|move|p2b: Rillaboom|Fake Out|p1a: Politoed
|-damage|p1a: Politoed|80/100
|move|p2a: Gholdengo|Nasty Plot|p2a: Gholdengo
|-boost|p2a: Gholdengo|spa|2
|cant|p1a: Politoed|flinch
|move|p1b: Amoonguss|Pollen Puff|p1a: Politoed
|-heal|p1a: Politoed|100/100
|
|-weather|none
|upkeep
|turn|6
|inactive|Flareblitz54 has 30 seconds left.
|inactive|Flareblitz54 has 20 seconds left.
|
|t:|1757121314
|switch|p1a: Gothitelle|Gothitelle, L50, M|67/100
|move|p2a: Gholdengo|Shadow Ball|p1a: Gothitelle
|-supereffective|p1a: Gothitelle
|-damage|p1a: Gothitelle|0 fnt
|faint|p1a: Gothitelle
|-damage|p2a: Gholdengo|91/100|[from] item: Life Orb
|move|p2b: Rillaboom|High Horsepower|p1b: Amoonguss
|-damage|p1b: Amoonguss|77/100
|-enditem|p1b: Amoonguss|Eject Button
|
|t:|1757121330
|switch|p1b: Archaludon|Archaludon, L50, F|100/100
|
|-heal|p2a: Gholdengo|97/100|[from] Grassy Terrain
|upkeep
|
|t:|1757121332
|switch|p1a: Politoed|Politoed, L50, M, tera:Grass|100/100
|-weather|RainDance|[from] ability: Drizzle|[of] p1a: Politoed
|turn|7
|
|t:|1757121343
|move|p1b: Archaludon|Electro Shot||[still]
|-prepare|p1b: Archaludon|Electro Shot
|-boost|p1b: Archaludon|spa|1
|-anim|p1b: Archaludon|Electro Shot|p2a: Gholdengo
|-damage|p2a: Gholdengo|23/100
|move|p2a: Gholdengo|Make It Rain|p1b: Archaludon|[spread] p1a,p1b
|-resisted|p1b: Archaludon
|-damage|p1a: Politoed|19/100
|-damage|p1b: Archaludon|20/100
|-unboost|p2a: Gholdengo|spa|1
|-damage|p2a: Gholdengo|14/100|[from] item: Life Orb
|move|p2b: Rillaboom|High Horsepower|p1b: Archaludon
|-supereffective|p1b: Archaludon
|-damage|p1b: Archaludon|0 fnt
|faint|p1b: Archaludon
|move|p1a: Politoed|Perish Song|p1a: Politoed
|-start|p1a: Politoed|perish3|[silent]
|-immune|p2a: Gholdengo|[from] ability: Good as Gold
|-start|p2b: Rillaboom|perish3|[silent]
|-fieldactivate|move: Perish Song
|
|-weather|RainDance|[upkeep]
|-heal|p2a: Gholdengo|20/100|[from] Grassy Terrain
|-heal|p1a: Politoed|25/100|[from] Grassy Terrain
|-heal|p1a: Politoed|31/100|[from] item: Leftovers
|-start|p2b: Rillaboom|perish3
|-start|p1a: Politoed|perish3
|upkeep
|
|t:|1757121356
|switch|p1b: Amoonguss|Amoonguss, L50, M|100/100
|turn|8
|
|t:|1757121374
|move|p2a: Gholdengo|Protect|p2a: Gholdengo
|-singleturn|p2a: Gholdengo|Protect
|move|p1b: Amoonguss|Protect|p1b: Amoonguss
|-singleturn|p1b: Amoonguss|Protect
|move|p2b: Rillaboom|Wood Hammer|p1a: Politoed
|-resisted|p1a: Politoed
|-damage|p1a: Politoed|0 fnt
|faint|p1a: Politoed
|-damage|p2b: Rillaboom|91/100|[from] Recoil
|
|-weather|RainDance|[upkeep]
|-heal|p2a: Gholdengo|26/100|[from] Grassy Terrain
|-heal|p2b: Rillaboom|97/100|[from] Grassy Terrain
|-start|p2b: Rillaboom|perish2
|upkeep
|turn|9
|
|t:|1757121395
|move|p2a: Gholdengo|Nasty Plot|p2a: Gholdengo
|-boost|p2a: Gholdengo|spa|2
|move|p2b: Rillaboom|High Horsepower|p1b: Amoonguss
|-damage|p1b: Amoonguss|74/100
|move|p1b: Amoonguss|Pollen Puff|p2b: Rillaboom
|-supereffective|p2b: Rillaboom
|-damage|p2b: Rillaboom|71/100
|
|-weather|RainDance|[upkeep]
|-heal|p2a: Gholdengo|32/100|[from] Grassy Terrain
|-heal|p2b: Rillaboom|76/100|[from] Grassy Terrain
|-heal|p1b: Amoonguss|80/100|[from] Grassy Terrain
|-start|p2b: Rillaboom|perish1
|-fieldend|move: Grassy Terrain
|upkeep
|turn|10
|-message|Flareblitz54 forfeited.
|
|win|Farigi no Raf
|raw|Flareblitz54's rating: 1313 → 1296(-17 for losing)
|raw|Farigi no Raf's rating: 1370 → 1387(+17 for winning)
|l|☆Flareblitz54
|player|p1|
