|j|☆Sunnymight
|j|☆corais
|html|Sunnymightcorais    
|uhtml|bestof|Game 2 of a best-of-3
|t:|1757793318
|gametype|doubles
|player|p1|Sunnymight|brawly|1147
|player|p2|corais|266|1133
|gen|9
|tier|[Gen 9] VGC 2025 Reg H (Bo3)
|rated|
|rule|Species Clause: Limit one of each Pokémon
|rule|Item Clause: Limit 1 of each item
|clearpoke
|poke|p1|Maushold-Four, L50|
|poke|p1|Pelipper, L50, F|
|poke|p1|Annihilape, L50, M|
|poke|p1|Archaludon, L50, F|
|poke|p1|Grimmsnarl, L50, M|
|poke|p1|Sinistcha, L50|
|poke|p2|Politoed, L50, F|
|poke|p2|Basculegion, L50, M|
|poke|p2|Kingdra, L50, M|
|poke|p2|Rillaboom, L50, M|
|poke|p2|Incineroar, L50, M|
|poke|p2|Gothitelle, L50, M|
|teampreview|4
|showteam|p1|Maushold-Four||SafetyGoggles|FriendGuard|SuperFang,BeatUp,FollowMe,Protect||||||50|,,,,,Ghost]Pelipper||FocusSash|Drizzle|Protect,Tailwind,WeatherBall,Hurricane|||F|||50|,,,,,Ground]Annihilape||ChoiceScarf|Defiant|RockSlide,RageFist,FinalGambit,CloseCombat|||M|||50|,,,,,Dragon]Archaludon||AssaultVest|Stamina|DracoMeteor,ElectroShot,BodyPress,Snarl|||F|||50|,,,,,Bug]Grimmsnarl||LightClay|Prankster|Reflect,LightScreen,FoulPlay,ThunderWave|||M|||50|,,,,,Ghost]Sinistcha||SitrusBerry|Hospitality|LifeDew,TrickRoom,StrengthSap,MatchaGotcha||||||50|,,,,,Dragon
|showteam|p2|Politoed||Leftovers|Drizzle|WeatherBall,PerishSong,Protect,HelpingHand|||F|||50|,,,,,Grass]Basculegion||ChoiceScarf|Adaptability|WaveCrash,LastRespects,FlipTurn,TeraBlast|||M|||50|,,,,,Fighting]Kingdra||ChoiceSpecs|SwiftSwim|WeatherBall,MuddyWater,DracoMeteor,Hurricane|||M|||50|,,,,,Ghost]Rillaboom||AssaultVest|GrassySurge|Uturn,FakeOut,WoodHammer,GrassyGlide|||M|||50|,,,,,Fire]Incineroar||EjectButton|Intimidate|FakeOut,PartingShot,ThroatChop,Protect|||M|||50|,,,,,Ghost]Gothitelle||SitrusBerry|ShadowTag|FakeOut,Protect,Taunt,Psychic|||M|||50|,,,,,Dark
|inactive|Battle timer is ON: inactive players will automatically lose when time's up. (requested by corais)
|inactive|corais has 60 seconds left.
|
|t:|1757793360
|teamsize|p1|4
|teamsize|p2|4
|start
|switch|p1a: Annihilape|Annihilape, L50, M|100/100
|switch|p1b: Maushold|Maushold-Four, L50|100/100
|switch|p2a: Kingdra|Kingdra, L50, M|100/100
|switch|p2b: Politoed|Politoed, L50, F|100/100
|-weather|RainDance|[from] ability: Drizzle|[of] p2b: Politoed
|turn|1
|
|t:|1757793381
|-terastallize|p1a: Annihilape|Dragon
|move|p2b: Politoed|Helping Hand|p2a: Kingdra
|-singleturn|p2a: Kingdra|Helping Hand|[of] p2b: Politoed
|move|p2a: Kingdra|Draco Meteor|p1a: Annihilape
|-supereffective|p1a: Annihilape
|-damage|p1a: Annihilape|0 fnt
|-unboost|p2a: Kingdra|spa|2
|faint|p1a: Annihilape
|move|p1b: Maushold|Beat Up|p1: Annihilape|[notarget]
|-fail|p1b: Maushold
|
|-weather|RainDance|[upkeep]
|upkeep
|
|t:|1757793389
|switch|p1a: Archaludon|Archaludon, L50, F|100/100
|turn|2
|
|t:|1757793401
|switch|p2a: Gothitelle|Gothitelle, L50, M|100/100
|move|p1b: Maushold|Super Fang|p2b: Politoed
|-damage|p2b: Politoed|51/100
|move|p1a: Archaludon|Electro Shot||[still]
|-prepare|p1a: Archaludon|Electro Shot
|-boost|p1a: Archaludon|spa|1
|-anim|p1a: Archaludon|Electro Shot|p2b: Politoed
|-supereffective|p2b: Politoed
|-damage|p2b: Politoed|0 fnt
|faint|p2b: Politoed
|
|-weather|RainDance|[upkeep]
|upkeep
|
|t:|1757793412
|switch|p2b: Kingdra|Kingdra, L50, M|100/100
|turn|3
|inactive|corais has 30 seconds left.
|
|t:|1757793438
|move|p1b: Maushold|Protect|p1b: Maushold
|-singleturn|p1b: Maushold|Protect
|move|p2a: Gothitelle|Fake Out|p1b: Maushold
|-activate|p1b: Maushold|move: Protect
|move|p2b: Kingdra|Draco Meteor|p1a: Archaludon
|-damage|p1a: Archaludon|39/100
|-unboost|p2b: Kingdra|spa|2
|-ability|p1a: Archaludon|Stamina|boost
|-boost|p1a: Archaludon|def|1
|move|p1a: Archaludon|Snarl|p2b: Kingdra|[spread] p2a
|-miss|p1a: Archaludon|p2b: Kingdra
|-supereffective|p2a: Gothitelle
|-damage|p2a: Gothitelle|73/100
|-unboost|p2a: Gothitelle|spa|1
|
|-weather|RainDance|[upkeep]
|upkeep
|turn|4
|
|t:|1757793456
|move|p1b: Maushold|Follow Me|p1b: Maushold
|-singleturn|p1b: Maushold|move: Follow Me
|move|p2b: Kingdra|Draco Meteor|p1b: Maushold
|-damage|p1b: Maushold|46/100
|-unboost|p2b: Kingdra|spa|2
|move|p1a: Archaludon|Draco Meteor|p2b: Kingdra
|-supereffective|p2b: Kingdra
|-damage|p2b: Kingdra|0 fnt
|-unboost|p1a: Archaludon|spa|2
|faint|p2b: Kingdra
|move|p2a: Gothitelle|Taunt|p1b: Maushold
|-start|p1b: Maushold|move: Taunt
|
|-weather|RainDance|[upkeep]
|upkeep
|
|t:|1757793465
|switch|p2b: Basculegion|Basculegion, L50, M|100/100
|turn|5
|inactive|corais has 30 seconds left.
|inactive|Sunnymight has 30 seconds left.
|inactive|corais has 20 seconds left.
|inactive|corais has 15 seconds left.
|
|t:|1757793508
|move|p2b: Basculegion|Last Respects|p1a: Archaludon
|-damage|p1a: Archaludon|1/100
|-ability|p1a: Archaludon|Stamina|boost
|-boost|p1a: Archaludon|def|1
|move|p1b: Maushold|Super Fang|p2a: Gothitelle
|-damage|p2a: Gothitelle|37/100
|-enditem|p2a: Gothitelle|Sitrus Berry|[eat]
|-heal|p2a: Gothitelle|62/100|[from] item: Sitrus Berry
|move|p1a: Archaludon|Electro Shot||[still]
|-prepare|p1a: Archaludon|Electro Shot
|-boost|p1a: Archaludon|spa|1
|-anim|p1a: Archaludon|Electro Shot|p2b: Basculegion
|-supereffective|p2b: Basculegion
|-damage|p2b: Basculegion|17/100
|move|p2a: Gothitelle|Psychic|p1b: Maushold
|-damage|p1b: Maushold|22/100
|
|-weather|none
|upkeep
|turn|6
|inactive|Sunnymight has 30 seconds left.
|
|t:|1757793533
|move|p2b: Basculegion|Last Respects|p1a: Archaludon
|-damage|p1a: Archaludon|0 fnt
|faint|p1a: Archaludon
|move|p1b: Maushold|Beat Up|p2b: Basculegion
|-supereffective|p2b: Basculegion
|-damage|p2b: Basculegion|11/100
|-supereffective|p2b: Basculegion
|-damage|p2b: Basculegion|6/100
|-hitcount|p2b: Basculegion|2
|move|p2a: Gothitelle|Psychic|p1b: Maushold
|-damage|p1b: Maushold|0 fnt
|faint|p1b: Maushold
|
|upkeep
|
|t:|1757793544
|switch|p1a: Pelipper|Pelipper, L50, F, shiny|100/100
|-weather|RainDance|[from] ability: Drizzle|[of] p1a: Pelipper
|turn|7
|
|t:|1757793557
|move|p2b: Basculegion|Last Respects|p1a: Pelipper
|-enditem|p1a: Pelipper|Focus Sash
|-damage|p1a: Pelipper|1/100
|move|p1a: Pelipper|Hurricane|p2b: Basculegion
|-damage|p2b: Basculegion|0 fnt
|faint|p2b: Basculegion
|move|p2a: Gothitelle|Psychic|p1a: Pelipper
|-damage|p1a: Pelipper|0 fnt
|faint|p1a: Pelipper
|
|win|corais
|inactive|Sunnymight has 30 seconds to confirm battle start!
|inactive|corais has 30 seconds to confirm battle start!
