|j|☆FunkleVGC
|j|☆trevYAH
|html|FunkleVGCtrevYAH    
|uhtml|bestof|Game 1 of a best-of-3
|t:|1784135745
|gametype|doubles
|player|p1|FunkleVGC|fisherman-gen4|
|player|p2|trevYAH|trevor|
|gen|9
|tier|[Gen 9 Champions] VGC 2026 Reg M-B (Bo3)
|rule|Species Clause: Limit one of each Pokémon
|rule|Item Clause: Limit 1 of each item
|clearpoke
|poke|p1|Froslass, L50, F, shiny|
|poke|p1|Scovillain, L50, F, shiny|
|poke|p1|Lycanroc-Dusk, L50, M, shiny|
|poke|p1|Kingambit, L50, M, shiny|
|poke|p1|Basculegion, L50, M, shiny|
|poke|p1|Sneasler, L50, F, shiny|
|poke|p2|Froslass, L50, F|
|poke|p2|Dragonite, L50, F|
|poke|p2|Toxapex, L50, M|
|poke|p2|Sneasler, L50, M|
|poke|p2|Kingambit, L50, F|
|poke|p2|Blaziken, L50, M|
|teampreview|4
|showteam|p1|Froslass||Froslassite|CursedBody|Blizzard,ShadowBall,AuroraVeil,Protect|Modest||F|||50|]Scovillain||Scovillainite|Moody|Flamethrower,GigaDrain,RagePowder,Protect|Bold||F|||50|]Lycanroc-Dusk||FocusSash|ToughClaws|RockSlide,CloseCombat,Accelerock,Protect|Adamant||M|||50|]Kingambit||BlackGlasses|Defiant|KowtowCleave,SuckerPunch,SwordsDance,Protect|Adamant||M|||50|]Basculegion||SitrusBerry|Adaptability|WaveCrash,LastRespects,AquaJet,Protect|Adamant||M|||50|]Sneasler||WhiteHerb|Unburden|GunkShot,CloseCombat,FakeOut,Protect|Adamant||F|||50|
|showteam|p2|Froslass||Froslassite|CursedBody|Blizzard,ShadowBall,AuroraVeil,Protect|Timid||F|||50|]Dragonite||LifeOrb|InnerFocus|DragonClaw,ExtremeSpeed,LowKick,Protect|Adamant||F|||50|]Toxapex||Leftovers|Regenerator|Infestation,Toxic,WideGuard,BanefulBunker|Impish||M|||50|]Sneasler||FocusSash|PoisonTouch|CloseCombat,PoisonJab,FakeOut,Protect|Jolly||M|||50|]Kingambit||BlackGlasses|Defiant|KowtowCleave,SwordsDance,SuckerPunch,Protect|Adamant||F|||50|]Blaziken||Blazikenite|SpeedBoost|CloseCombat,FlareBlitz,RockSlide,Protect|Adamant||M|||50|
|inactive|Battle timer is ON: inactive players will automatically lose when time's up. (requested by FunkleVGC)
|
|t:|1784135769
|teamsize|p1|4
|teamsize|p2|4
|start
|switch|p1a: Kingambit|Kingambit, L50, M, shiny|100/100
|switch|p1b: Sneasler|Sneasler, L50, F, shiny|100/100
|switch|p2a: Dragonite|Dragonite, L50, F|100/100
|switch|p2b: Toxapex|Toxapex, L50, M|100/100
|turn|1
|
|t:|1784135792
|switch|p1a: Froslass|Froslass, L50, F, shiny|100/100
|move|p1b: Sneasler|Fake Out|p2b: Toxapex
|-damage|p2b: Toxapex|91/100
|move|p2a: Dragonite|Low Kick|p1a: Froslass
|-immune|p1a: Froslass
|cant|p2b: Toxapex|flinch
|
|-heal|p2b: Toxapex|97/100|[from] item: Leftovers
|upkeep
|turn|2
|inactive|FunkleVGC has 30 seconds left.
|
|t:|1784135819
|detailschange|p1a: Froslass|Froslass-Mega, L50, F, shiny
|-mega|p1a: Froslass|Froslass|Froslassite
|-weather|Snowscape|[from] ability: Snow Warning|[of] p1a: Froslass
|move|p2a: Dragonite|Protect|p2a: Dragonite
|-singleturn|p2a: Dragonite|Protect
|move|p1a: Froslass|Aurora Veil|p1a: Froslass
|-sidestart|p1: FunkleVGC|move: Aurora Veil
|move|p1b: Sneasler|Gunk Shot|p2a: Dragonite
|-activate|p2a: Dragonite|move: Protect
|move|p2b: Toxapex|Toxic|p1a: Froslass
|-status|p1a: Froslass|tox
|
|-weather|Snowscape|[upkeep]
|-heal|p2b: Toxapex|100/100|[from] item: Leftovers
|-damage|p1a: Froslass|93/100 tox|[from] psn
|upkeep
|turn|3
|
|t:|1784135836
|move|p2b: Toxapex|Wide Guard|p2b: Toxapex
|-singleturn|p2b: Toxapex|Wide Guard
|move|p1a: Froslass|Blizzard|p2b: Toxapex|[spread] 
|-activate|p2a: Dragonite|move: Wide Guard
|-activate|p2b: Toxapex|move: Wide Guard
|move|p1b: Sneasler|Gunk Shot|p2a: Dragonite|[miss]
|-miss|p1b: Sneasler|p2a: Dragonite
|move|p2a: Dragonite|Dragon Claw|p1b: Sneasler
|-damage|p1b: Sneasler|48/100
|-damage|p2a: Dragonite|90/100|[from] item: Life Orb
|
|-weather|Snowscape|[upkeep]
|-damage|p1a: Froslass|81/100 tox|[from] psn
|upkeep
|turn|4
|
|t:|1784135853
|move|p2a: Dragonite|Protect|p2a: Dragonite
|-singleturn|p2a: Dragonite|Protect
|move|p1a: Froslass|Shadow Ball|p2b: Toxapex
|-damage|p2b: Toxapex|63/100
|move|p1b: Sneasler|Close Combat|p2b: Toxapex
|-resisted|p2b: Toxapex|1
|-damage|p2b: Toxapex|43/100
|-unboost|p1b: Sneasler|def|1
|-unboost|p1b: Sneasler|spd|1
|-enditem|p1b: Sneasler|White Herb
|-clearnegativeboost|p1b: Sneasler|[silent]
|move|p2b: Toxapex|Infestation|p1b: Sneasler
|-resisted|p1b: Sneasler|2
|-damage|p1b: Sneasler|47/100
|-activate|p1b: Sneasler|move: Infestation|[of] p2b: Toxapex
|
|-weather|Snowscape|[upkeep]
|-heal|p2b: Toxapex|49/100|[from] item: Leftovers
|-damage|p1a: Froslass|62/100 tox|[from] psn
|-damage|p1b: Sneasler|35/100|[from] move: Infestation|[partiallytrapped]
|upkeep
|turn|5
|inactive|FunkleVGC has 30 seconds left.
|
|t:|1784135881
|move|p2b: Toxapex|Wide Guard|p2b: Toxapex
|-singleturn|p2b: Toxapex|Wide Guard
|move|p1b: Sneasler|Gunk Shot|p2a: Dragonite
|-damage|p2a: Dragonite|30/100
|move|p1a: Froslass|Blizzard|p2a: Dragonite|[spread] 
|-activate|p2a: Dragonite|move: Wide Guard
|-activate|p2b: Toxapex|move: Wide Guard
|move|p2a: Dragonite|Dragon Claw|p1a: Froslass
|-damage|p1a: Froslass|22/100 tox
|-damage|p2a: Dragonite|20/100y|[from] item: Life Orb
|
|-weather|Snowscape|[upkeep]
|-heal|p2b: Toxapex|54/100|[from] item: Leftovers
|-damage|p1a: Froslass|0 fnt|[from] psn
|faint|p1a: Froslass
|-damage|p1b: Sneasler|23/100|[from] move: Infestation|[partiallytrapped]
|upkeep
|
|t:|1784135898
|switch|p1a: Kingambit|Kingambit, L50, M, shiny|100/100
|turn|6
|
|t:|1784135904
|move|p2a: Dragonite|Extreme Speed|p1b: Sneasler
|-damage|p1b: Sneasler|0 fnt
|faint|p1b: Sneasler
|-damage|p2a: Dragonite|10/100|[from] item: Life Orb
|move|p1a: Kingambit|Swords Dance|p1a: Kingambit
|-boost|p1a: Kingambit|atk|2
|move|p2b: Toxapex|Infestation|p1a: Kingambit
|-damage|p1a: Kingambit|98/100
|-activate|p1a: Kingambit|move: Infestation|[of] p2b: Toxapex
|
|-weather|none
|-heal|p2b: Toxapex|60/100|[from] item: Leftovers
|-damage|p1a: Kingambit|85/100|[from] move: Infestation|[partiallytrapped]
|-sideend|p1: FunkleVGC|move: Aurora Veil
|upkeep
|
|t:|1784135916
|switch|p1b: Basculegion|Basculegion, L50, M, shiny|100/100
|turn|7
|
|t:|1784135922
|move|p2a: Dragonite|Protect|p2a: Dragonite
|-singleturn|p2a: Dragonite|Protect
|move|p2b: Toxapex|Baneful Bunker|p2b: Toxapex
|-singleturn|p2b: Toxapex|move: Protect
|move|p1b: Basculegion|Aqua Jet|p2a: Dragonite
|-activate|p2a: Dragonite|move: Protect
|move|p1a: Kingambit|Kowtow Cleave|p2b: Toxapex
|-activate|p2b: Toxapex|move: Protect
|
|-heal|p2b: Toxapex|66/100|[from] item: Leftovers
|-damage|p1a: Kingambit|73/100|[from] move: Infestation|[partiallytrapped]
|upkeep
|turn|8
|
|t:|1784135943
|move|p1b: Basculegion|Aqua Jet|p2a: Dragonite
|-resisted|p2a: Dragonite|1
|-damage|p2a: Dragonite|0 fnt
|faint|p2a: Dragonite
|move|p1a: Kingambit|Kowtow Cleave|p2b: Toxapex
|-damage|p2b: Toxapex|0 fnt
|faint|p2b: Toxapex
|
|-end|p1a: Kingambit|Infestation|[partiallytrapped]|[silent]
|upkeep
|
|t:|1784135946
|switch|p2a: Blaziken|Blaziken, L50, M|100/100
|switch|p2b: Kingambit|Kingambit, L50, F|100/100
|turn|9
|
|t:|1784135969
|detailschange|p2a: Blaziken|Blaziken-Mega, L50, M
|-mega|p2a: Blaziken|Blaziken|Blazikenite
|move|p2a: Blaziken|Protect|p2a: Blaziken
|-singleturn|p2a: Blaziken|Protect
|move|p1b: Basculegion|Aqua Jet|p2a: Blaziken
|-activate|p2a: Blaziken|move: Protect
|move|p2b: Kingambit|Kowtow Cleave|p1b: Basculegion
|-supereffective|p1b: Basculegion|1
|-damage|p1b: Basculegion|0 fnt
|faint|p1b: Basculegion
|move|p1a: Kingambit|Swords Dance|p1a: Kingambit
|-boost|p1a: Kingambit|atk|2
|
|-ability|p2a: Blaziken|Speed Boost|boost
|-boost|p2a: Blaziken|spe|1
|upkeep
|turn|10
|
|t:|1784135983
|move|p1a: Kingambit|Sucker Punch|p2a: Blaziken
|-resisted|p2a: Blaziken|1
|-damage|p2a: Blaziken|2/100
|move|p2a: Blaziken|Close Combat|p1a: Kingambit
|-supereffective|p1a: Kingambit|2
|-damage|p1a: Kingambit|0 fnt
|-unboost|p2a: Blaziken|def|1
|-unboost|p2a: Blaziken|spd|1
|faint|p1a: Kingambit
|
|win|trevYAH
