|j|☆KLOEEE
|j|☆sybe123
|html|KLOEEEsybe123    
|uhtml|bestof|Game 1 of a best-of-3
|t:|1756558947
|gametype|doubles
|player|p1|KLOEEE|caitlin-masters|1159
|player|p2|sybe123|1|1070
|gen|9
|tier|[Gen 9] VGC 2025 Reg H (Bo3)
|rated|
|rule|Species Clause: Limit one of each Pokémon
|rule|Item Clause: Limit 1 of each item
|clearpoke
|poke|p1|Sneasler, L50, M|
|poke|p1|Indeedee, L50, M|
|poke|p1|Volcarona, L50, M|
|poke|p1|Gholdengo, L50|
|poke|p1|Annihilape, L50, M|
|poke|p1|Tyranitar, L50, M|
|poke|p2|Oranguru, L50, F|
|poke|p2|Torkoal, L50, F|
|poke|p2|Annihilape, L50, M|
|poke|p2|Indeedee-F, L50, F|
|teampreview|4
|showteam|p1|Sneasler||PsychicSeed|Unburden|CloseCombat,DireClaw,ThroatChop,Protect|||M|||50|,,,,,Dark]Indeedee||ChoiceScarf|PsychicSurge|ExpandingForce,DazzlingGleam,Trick,Protect|||M|||50|,,,,,Psychic]Volcarona||SitrusBerry|FlameBody|Overheat,StruggleBug,RagePowder,Tailwind|||M|||50|,,,,,Grass]Gholdengo||LifeOrb|GoodasGold|MakeItRain,ShadowBall,NastyPlot,Protect||||||50|,,,,,Dragon]Annihilape||SafetyGoggles|Defiant|CloseCombat,RageFist,Taunt,BulkUp|||M|||50|,,,,,Fairy]Tyranitar||AssaultVest|SandStream|RockSlide,KnockOff,TeraBlast,LowKick|||M|||50|,,,,,Flying
|showteam|p2|Oranguru||MentalHerb|InnerFocus|TrickRoom,PsychicNoise,Instruct,Protect|||F|||50|,,,,,Fairy]Torkoal||ChoiceSpecs|Drought|Eruption,HeatWave,WeatherBall,EarthPower|||F|||50|,,,,,Fire]Annihilape||ChoiceScarf|Defiant|FinalGambit,CloseCombat,ShadowPunch,Uturn|||M|||50|,,,,,Stellar]Indeedee-F||SafetyGoggles|PsychicSurge|TrickRoom,FollowMe,Psychic,Protect|||F|||50|,,,,,Psychic
|inactive|Battle timer is ON: inactive players will automatically lose when time's up. (requested by sybe123)
|l|☆sybe123
|inactive|sybe123 disconnected and has a minute to reconnect!
|player|p2|
|j|☆sybe123
|inactive|sybe123 reconnected.
|player|p2|sybe123|1|
|inactive|KLOEEE has 60 seconds left.
|l|☆sybe123
|inactive|sybe123 disconnected and has a minute to reconnect!
|player|p2|
|j|☆sybe123
|inactive|sybe123 reconnected.
|player|p2|sybe123|1|
|inactive|KLOEEE has 30 seconds left.
|inactive|KLOEEE has 20 seconds left.
|
|t:|1756559025
|teamsize|p1|4
|teamsize|p2|4
|start
|switch|p1a: Dire's Claw|Sneasler, L50, M|100/100
|switch|p1b: Khloe's Force|Indeedee, L50, M|100/100
|switch|p2a: Oranguru|Oranguru, L50, F|100/100
|switch|p2b: Annihilape|Annihilape, L50, M|100/100
|-fieldstart|move: Psychic Terrain|[from] ability: Psychic Surge|[of] p1b: Khloe's Force
|-enditem|p1a: Dire's Claw|Psychic Seed
|-boost|p1a: Dire's Claw|spd|1|[from] item: Psychic Seed
|turn|1
|l|☆sybe123
|inactive|sybe123 disconnected and has a minute to reconnect!
|player|p2|
|inactive|sybe123 has 30 seconds left.
|j|☆sybe123
|inactive|sybe123 reconnected and has 30 seconds left.
|player|p2|sybe123|1|
|inactive|KLOEEE has 30 seconds left.
|inactive|sybe123 has 20 seconds left.
|
|t:|1756559072
|move|p1a: Dire's Claw|Throat Chop|p2a: Oranguru
|-supereffective|p2a: Oranguru
|-damage|p2a: Oranguru|53/100
|-start|p2a: Oranguru|Throat Chop|[silent]
|move|p2b: Annihilape|Final Gambit|p1b: Khloe's Force
|-damage|p1b: Khloe's Force|0 fnt
|faint|p2b: Annihilape
|faint|p1b: Khloe's Force
|move|p2a: Oranguru|Trick Room|p2a: Oranguru
|-fieldstart|move: Trick Room|[of] p2a: Oranguru
|
|upkeep
|
|t:|1756559083
|switch|p1b: Venus' Punch|Annihilape, L50, M|100/100
|switch|p2b: Torkoal|Torkoal, L50, F|100/100
|-weather|SunnyDay|[from] ability: Drought|[of] p2b: Torkoal
|turn|2
|
|t:|1756559104
|switch|p1a: Prim's Dino|Tyranitar, L50, M|100/100
|-weather|Sandstorm|[from] ability: Sand Stream|[of] p1a: Prim's Dino
|-terastallize|p2b: Torkoal|Fire
|move|p2b: Torkoal|Eruption|p1a: Prim's Dino|[spread] p1a,p1b
|-resisted|p1a: Prim's Dino
|-damage|p1a: Prim's Dino|79/100
|-damage|p1b: Venus' Punch|12/100
|move|p2a: Oranguru|Instruct|p2b: Torkoal
|-singleturn|p2b: Torkoal|move: Instruct|[of] p2a: Oranguru
|move|p2b: Torkoal|Eruption|p1b: Venus' Punch|[spread] p1a,p1b
|-resisted|p1a: Prim's Dino
|-damage|p1a: Prim's Dino|57/100
|-damage|p1b: Venus' Punch|0 fnt
|faint|p1b: Venus' Punch
|
|-weather|Sandstorm|[upkeep]
|-damage|p2b: Torkoal|94/100|[from] Sandstorm
|-damage|p2a: Oranguru|47/100|[from] Sandstorm
|-end|p2a: Oranguru|Throat Chop|[silent]
|upkeep
|
|t:|1756559119
|switch|p1b: Dire's Claw|Sneasler, L50, M|100/100
|turn|3
|
|t:|1756559128
|move|p1b: Dire's Claw|Protect|p1b: Dire's Claw
|-singleturn|p1b: Dire's Claw|Protect
|move|p2b: Torkoal|Eruption|p1a: Prim's Dino|[spread] p1a
|-activate|p1b: Dire's Claw|move: Protect
|-resisted|p1a: Prim's Dino
|-damage|p1a: Prim's Dino|37/100
|move|p2a: Oranguru|Instruct|p2b: Torkoal
|-singleturn|p2b: Torkoal|move: Instruct|[of] p2a: Oranguru
|move|p2b: Torkoal|Eruption|p1a: Prim's Dino|[spread] p1a
|-activate|p1b: Dire's Claw|move: Protect
|-resisted|p1a: Prim's Dino
|-damage|p1a: Prim's Dino|17/100
|move|p1a: Prim's Dino|Rock Slide|p2b: Torkoal|[spread] p2a,p2b
|-supereffective|p2b: Torkoal
|-damage|p2a: Oranguru|19/100
|-damage|p2b: Torkoal|43/100
|
|-weather|Sandstorm|[upkeep]
|-damage|p2b: Torkoal|37/100|[from] Sandstorm
|-damage|p2a: Oranguru|13/100|[from] Sandstorm
|-damage|p1b: Dire's Claw|95/100|[from] Sandstorm
|upkeep
|turn|4
|l|☆sybe123
|inactive|sybe123 disconnected and has a minute to reconnect!
|player|p2|
|j|☆sybe123
|inactive|sybe123 reconnected and has 35 seconds left.
|player|p2|sybe123|1|
|inactive|KLOEEE has 30 seconds left.
|inactive|sybe123 has 30 seconds left.
|
|t:|1756559155
|move|p2b: Torkoal|Eruption|p1b: Dire's Claw|[spread] p1a,p1b
|-resisted|p1a: Prim's Dino
|-damage|p1a: Prim's Dino|9/100
|-damage|p1b: Dire's Claw|40/100
|move|p2a: Oranguru|Instruct|p2b: Torkoal
|-singleturn|p2b: Torkoal|move: Instruct|[of] p2a: Oranguru
|move|p2b: Torkoal|Eruption|p1a: Prim's Dino|[spread] p1a,p1b
|-resisted|p1a: Prim's Dino
|-damage|p1a: Prim's Dino|2/100
|-damage|p1b: Dire's Claw|0 fnt
|faint|p1b: Dire's Claw
|move|p1a: Prim's Dino|Rock Slide|p2a: Oranguru|[spread] p2a,p2b
|-supereffective|p2b: Torkoal
|-damage|p2a: Oranguru|0 fnt
|-damage|p2b: Torkoal|0 fnt
|faint|p2a: Oranguru
|faint|p2b: Torkoal
|
|-weather|Sandstorm|[upkeep]
|upkeep
|
|t:|1756559170
|switch|p2b: Indeedee|Indeedee-F, L50, F|100/100
|turn|5
|
|t:|1756559180
|move|p2b: Indeedee|Protect|p2b: Indeedee
|-singleturn|p2b: Indeedee|Protect
|move|p1a: Prim's Dino|Knock Off|p2b: Indeedee
|-activate|p2b: Indeedee|move: Protect
|
|-weather|Sandstorm|[upkeep]
|-fieldend|move: Trick Room
|-fieldend|move: Psychic Terrain
|upkeep
|turn|6
|
|t:|1756559189
|move|p1a: Prim's Dino|Knock Off|p2b: Indeedee
|-supereffective|p2b: Indeedee
|-damage|p2b: Indeedee|0 fnt
|-enditem|p2b: Indeedee|Safety Goggles|[from] move: Knock Off|[of] p1a: Prim's Dino
|faint|p2b: Indeedee
|
|win|KLOEEE
|raw|KLOEEE's rating: 1159 → 1178(+19 for winning)
|raw|sybe123's rating: 1070 → 1055(-15 for losing)
|l|☆sybe123
|player|p2|
|l|☆KLOEEE
|player|p1|
|j|☆KLOEEE
|player|p1|KLOEEE|caitlin-masters|
