|j|☆Milesymiles
|j|☆Astano
|html|MilesymilesAstano    
|uhtml|bestof|Game 2 of a best-of-3
|t:|1785442373
|gametype|doubles
|player|p1|Milesymiles|veteran|1181
|player|p2|Astano|169|1230
|gen|9
|tier|[Gen 9 Champions] VGC 2026 Reg M-B (Bo3)
|rated|
|rule|Species Clause: Limit one of each Pokémon
|rule|Item Clause: Limit 1 of each item
|clearpoke
|poke|p1|Chandelure, L50, F|
|poke|p1|Staraptor, L50, F|
|poke|p1|Vanilluxe, L50, F, shiny|
|poke|p1|Grimmsnarl, L50, M|
|poke|p1|Rotom-Wash, L50, shiny|
|poke|p1|Excadrill, L50, M|
|poke|p2|Swampert, L50, F|
|poke|p2|Sableye, L50, M|
|poke|p2|Archaludon, L50, F|
|poke|p2|Pelipper, L50, F|
|poke|p2|Sylveon, L50, F|
|poke|p2|Venusaur, L50, M|
|teampreview|4
|showteam|p1|Chandelure||FocusSash|FlashFire|HeatWave,ShadowBall,TrickRoom,Protect|Modest||F|||50|]Staraptor||Staraptite|Intimidate|Tailwind,Roost,CloseCombat,BraveBird|Adamant||F|||50|]Vanilluxe||LightClay|SnowWarning|FreezeDry,Blizzard,AuroraVeil,Protect|Calm||F|||50|]Grimmsnarl||RoseliBerry|Prankster|FakeOut,PartingShot,SpiritBreak,LightScreen|Adamant||M|||50|]Rotom-Wash||Magnet|Levitate|Thunderbolt,Electroweb,WillOWisp,HydroPump|Modest|||||50|]Excadrill||Excadrite|MoldBreaker|IronHead,Protect,Earthquake,RockSlide|Jolly||M|||50|
|showteam|p2|Swampert||Swampertite|Torrent|Protect,WaveCrash,Earthquake,HighHorsepower|Adamant||F|||50|]Sableye||LightClay|Prankster|Encore,Reflect,LightScreen,RainDance|Bold||M|||50|]Archaludon||Leftovers|Stamina|Protect,DragonPulse,FlashCannon,ElectroShot|Modest||F|||50|]Pelipper||SitrusBerry|Drizzle|Protect,WeatherBall,Hurricane,Tailwind|Bold||F|||50|]Sylveon||FairyFeather|Pixilate|Detect,HyperVoice,Moonblast,QuickAttack|Modest||F|||50|]Venusaur||Venusaurite|Overgrow|Protect,GigaDrain,SludgeBomb,EarthPower|Modest||M|||50|
|inactive|Battle timer is ON: inactive players will automatically lose when time's up. (requested by Astano)
|
|t:|1785442397
|teamsize|p1|4
|teamsize|p2|4
|start
|switch|p1a: Staraptor|Staraptor, L50, F|100/100
|switch|p1b: Grimmsnarl|Grimmsnarl, L50, M|100/100
|switch|p2a: Archaludon|Archaludon, L50, F|100/100
|switch|p2b: Sableye|Sableye, L50, M|100/100
|-ability|p1a: Staraptor|Intimidate|boost
|-unboost|p2a: Archaludon|atk|1
|-unboost|p2b: Sableye|atk|1
|turn|1
|inactive|Milesymiles has 30 seconds left.
|inactive|Astano has 30 seconds left.
|inactive|Astano has 20 seconds left.
|inactive|Astano has 15 seconds left.
|
|t:|1785442440
|detailschange|p1a: Staraptor|Staraptor-Mega, L50, F
|-mega|p1a: Staraptor|Staraptor|Staraptite
|move|p2a: Archaludon|Protect|p2a: Archaludon
|-singleturn|p2a: Archaludon|Protect
|move|p1b: Grimmsnarl|Parting Shot|p1a: Staraptor
|-boost|p1a: Staraptor|atk|1
|-boost|p1a: Staraptor|spa|1
|inactive|Milesymiles has 30 seconds left.
|inactive|Milesymiles has 20 seconds left.
|
|t:|1785442479
|switch|p1b: Excadrill|Excadrill, L50, M|100/100|[from] Parting Shot
|-ability|p1b: Excadrill|Mold Breaker
|move|p2b: Sableye|Reflect|p2b: Sableye
|-sidestart|p2: Astano|Reflect
|move|p1a: Staraptor|Close Combat|p2a: Archaludon
|-activate|p2a: Archaludon|move: Protect
|
|upkeep
|turn|2
|inactive|Astano has 30 seconds left.
|inactive|Astano has 20 seconds left.
|inactive|Astano has 15 seconds left.
|
|t:|1785442522
|move|p2b: Sableye|Rain Dance|p2b: Sableye
|-weather|RainDance
|move|p1b: Excadrill|Earthquake|p2a: Archaludon|[spread] p2a,p2b
|-immune|p1a: Staraptor
|-supereffective|p2a: Archaludon|1
|-damage|p2a: Archaludon|63/100
|-damage|p2b: Sableye|65/100
|-ability|p2a: Archaludon|Stamina|boost
|-boost|p2a: Archaludon|def|1
|move|p1a: Staraptor|Close Combat|p2a: Archaludon
|-supereffective|p2a: Archaludon|1
|-damage|p2a: Archaludon|0 fnt
|-boost|p1a: Staraptor|def|1
|-boost|p1a: Staraptor|spd|1
|faint|p2a: Archaludon
|
|-weather|RainDance|[upkeep]
|upkeep
|
|t:|1785442528
|switch|p2a: Swampert|Swampert, L50, F|100/100
|turn|3
|
|t:|1785442546
|switch|p1b: Vanilluxe|Vanilluxe, L50, F, shiny|100/100
|-weather|Snowscape|[from] ability: Snow Warning|[of] p1b: Vanilluxe
|detailschange|p2a: Swampert|Swampert-Mega, L50, F
|-mega|p2a: Swampert|Swampert|Swampertite
|move|p2b: Sableye|Encore||[still]
|-fail|p2b: Sableye
|move|p1a: Staraptor|Brave Bird|p2b: Sableye
|-damage|p2b: Sableye|0 fnt
|faint|p2b: Sableye
|-damage|p1a: Staraptor|82/100|[from] Recoil
|move|p2a: Swampert|Wave Crash|p1a: Staraptor
|-damage|p1a: Staraptor|30/100
|-damage|p2a: Swampert|82/100|[from] Recoil
|
|-weather|Snowscape|[upkeep]
|upkeep
|
|t:|1785442549
|switch|p2b: Pelipper|Pelipper, L50, F|100/100
|-weather|RainDance|[from] ability: Drizzle|[of] p2b: Pelipper
|turn|4
|
|t:|1785442571
|move|p2a: Swampert|Protect|p2a: Swampert
|-singleturn|p2a: Swampert|Protect
|move|p1a: Staraptor|Tailwind|p1a: Staraptor
|-sidestart|p1: Milesymiles|move: Tailwind
|move|p1b: Vanilluxe|Freeze-Dry|p2a: Swampert
|-activate|p2a: Swampert|move: Protect
|move|p2b: Pelipper|Tailwind|p2b: Pelipper
|-sidestart|p2: Astano|move: Tailwind
|
|-weather|RainDance|[upkeep]
|upkeep
|turn|5
|
|t:|1785442593
|move|p2a: Swampert|Wave Crash|p1b: Vanilluxe
|-damage|p1b: Vanilluxe|0 fnt
|faint|p1b: Vanilluxe
|-damage|p2a: Swampert|50/100g|[from] Recoil
|move|p1a: Staraptor|Close Combat|p2a: Swampert
|-damage|p2a: Swampert|0 fnt
|-boost|p1a: Staraptor|def|1
|-boost|p1a: Staraptor|spd|1
|faint|p2a: Swampert
|move|p2b: Pelipper|Hurricane|p1a: Staraptor
|-supereffective|p1a: Staraptor|1
|-damage|p1a: Staraptor|0 fnt
|faint|p1a: Staraptor
|
|-weather|RainDance|[upkeep]
|upkeep
|
|t:|1785442597
|switch|p1a: Excadrill|Excadrill, L50, M|100/100
|switch|p1b: Grimmsnarl|Grimmsnarl, L50, M|100/100
|-ability|p1a: Excadrill|Mold Breaker
|turn|6
|
|t:|1785442603
|move|p1b: Grimmsnarl|Fake Out|p2b: Pelipper
|-damage|p2b: Pelipper|90/100
|move|p1a: Excadrill|Iron Head|p2b: Pelipper
|-resisted|p2b: Pelipper|1
|-damage|p2b: Pelipper|75/100
|cant|p2b: Pelipper|flinch
|
|-weather|RainDance|[upkeep]
|upkeep
|turn|7
|
|t:|1785442616
|move|p1a: Excadrill|Rock Slide|p2b: Pelipper
|-supereffective|p2b: Pelipper|1
|-damage|p2b: Pelipper|41/100
|-enditem|p2b: Pelipper|Sitrus Berry|[eat]
|-heal|p2b: Pelipper|66/100|[from] item: Sitrus Berry
|move|p2b: Pelipper|Weather Ball|p1a: Excadrill
|-supereffective|p1a: Excadrill|1
|-damage|p1a: Excadrill|0 fnt
|faint|p1a: Excadrill
|move|p1b: Grimmsnarl|Spirit Break|p2b: Pelipper
|-damage|p2b: Pelipper|42/100
|-unboost|p2b: Pelipper|spa|1
|
|-weather|RainDance|[upkeep]
|-sideend|p2: Astano|move: Tailwind
|-sideend|p1: Milesymiles|move: Tailwind
|upkeep
|turn|8
|inactive|Astano has 30 seconds left.
|
|t:|1785442647
|move|p2b: Pelipper|Hurricane|p1b: Grimmsnarl
|-damage|p1b: Grimmsnarl|73/100
|move|p1b: Grimmsnarl|Spirit Break|p2b: Pelipper
|-damage|p2b: Pelipper|19/100
|-unboost|p2b: Pelipper|spa|1
|
|-weather|none
|-sideend|p2: Astano|Reflect
|upkeep
|turn|9
|
|t:|1785442658
|move|p2b: Pelipper|Weather Ball|p1b: Grimmsnarl
|-damage|p1b: Grimmsnarl|66/100
|move|p1b: Grimmsnarl|Spirit Break|p2b: Pelipper
|-damage|p2b: Pelipper|0 fnt
|faint|p2b: Pelipper
|
|win|Milesymiles
|raw|Milesymiles's rating: 1181 → 1210(+29 for winning)
|raw|Astano's rating: 1230 → 1201(-29 for losing)
