|j|☆tax the homeless
|j|☆fleamarketninja
|html|tax the homelessfleamarketninja    
|uhtml|bestof|Game 1 of a best-of-3
|t:|1756780341
|gametype|doubles
|player|p1|tax the homeless|265|1046
|player|p2|fleamarketninja|baker|1080
|gen|9
|tier|[Gen 9] VGC 2025 Reg H (Bo3)
|rated|
|rule|Species Clause: Limit one of each Pokémon
|rule|Item Clause: Limit 1 of each item
|clearpoke
|poke|p1|Excadrill, L50, M|
|poke|p1|Incineroar, L50, M|
|poke|p1|Tyranitar, L50, F|
|poke|p1|Amoonguss, L50, F|
|poke|p1|Kommo-o, L50, F|
|poke|p1|Reuniclus, L50, F|
|poke|p2|Electabuzz, L50, F|
|poke|p2|Kingambit, L50, M|
|poke|p2|Volcarona, L50, M|
|poke|p2|Dragonite, L50, M|
|poke|p2|Sneasler, L50, F|
|poke|p2|Rillaboom, L50, M|
|teampreview|4
|showteam|p1|Excadrill||FocusSash|SandRush|Protect,Earthquake,HighHorsepower,IronHead|||M|||50|,,,,,Ground]Incineroar||SafetyGoggles|Intimidate|FakeOut,KnockOff,FlareBlitz,PartingShot|||M|||50|,,,,,Ghost]Tyranitar||AssaultVest|SandStream|RockSlide,KnockOff,LowKick,TeraBlast|||F|||50|,,,,,Flying]Amoonguss||SitrusBerry|Regenerator|PollenPuff,RagePowder,ClearSmog,Spore|||F|||50|,,,,,Water]Kommo-o||ThroatSpray|Overcoat|Protect,ClangingScales,ClangorousSoul,AuraSphere|||F|||50|,,,,,Steel]Reuniclus||LifeOrb|MagicGuard|Protect,TrickRoom,ExpandingForce,FlashCannon|||F|||50|,,,,,Dark
|showteam|p2|Electabuzz||Eviolite|VitalSpirit|FollowMe,Thunderbolt,Taunt,Protect|||F|||50|,,,,,Ghost]Kingambit||BlackGlasses|Defiant|KowtowCleave,SuckerPunch,SwordsDance,Protect|||M|||50|,,,,,Dark]Volcarona||Leftovers|FlameBody|HeatWave,TeraBlast,QuiverDance,Protect|||M|||50|,,,,,Fairy]Dragonite||LoadedDice|Multiscale|ScaleShot,ExtremeSpeed,Haze,Protect|||M|||50|,,,,,Fairy]Sneasler||FocusSash|Unburden|DireClaw,CloseCombat,Coaching,FakeOut|||F|||50|,,,,,Stellar]Rillaboom||AssaultVest|GrassySurge|FakeOut,WoodHammer,GrassyGlide,HighHorsepower|||M|||50|,,,,,Fire
|
|t:|1756780378
|teamsize|p1|4
|teamsize|p2|4
|start
|switch|p1a: Kamina|Tyranitar, L50, F, shiny|100/100
|switch|p1b: Simon|Excadrill, L50, M, shiny|100/100
|switch|p2a: Sneasler|Sneasler, L50, F|100/100
|switch|p2b: Kingambit|Kingambit, L50, M|100/100
|-weather|Sandstorm|[from] ability: Sand Stream|[of] p1a: Kamina
|turn|1
|inactive|Battle timer is ON: inactive players will automatically lose when time's up. (requested by fleamarketninja)
|inactive|fleamarketninja has 60 seconds left.
|
|t:|1756780433
|move|p1b: Simon|High Horsepower|p2b: Kingambit
|-supereffective|p2b: Kingambit
|-damage|p2b: Kingambit|19/100
|move|p2a: Sneasler|Close Combat|p1a: Kamina
|-supereffective|p1a: Kamina
|-damage|p1a: Kamina|0 fnt
|-unboost|p2a: Sneasler|def|1
|-unboost|p2a: Sneasler|spd|1
|faint|p1a: Kamina
|move|p2b: Kingambit|Swords Dance|p2b: Kingambit
|-boost|p2b: Kingambit|atk|2
|
|-weather|Sandstorm|[upkeep]
|-damage|p2a: Sneasler|95/100|[from] Sandstorm
|upkeep
|
|t:|1756780448
|switch|p1a: Incineroar|Incineroar, L50, M|100/100
|-ability|p1a: Incineroar|Intimidate|boost
|-unboost|p2a: Sneasler|atk|1
|-unboost|p2b: Kingambit|atk|1
|-ability|p2b: Kingambit|Defiant|boost
|-boost|p2b: Kingambit|atk|2
|turn|2
|
|t:|1756780466
|switch|p2a: Rillaboom|Rillaboom, L50, M|100/100
|-fieldstart|move: Grassy Terrain|[from] ability: Grassy Surge|[of] p2a: Rillaboom
|-terastallize|p1b: Simon|Ground
|move|p2b: Kingambit|Protect|p2b: Kingambit
|-singleturn|p2b: Kingambit|Protect
|move|p1a: Incineroar|Fake Out|p2b: Kingambit
|-activate|p2b: Kingambit|move: Protect
|move|p1b: Simon|High Horsepower|p2a: Rillaboom
|-resisted|p2a: Rillaboom
|-damage|p2a: Rillaboom|69/100
|
|-weather|Sandstorm|[upkeep]
|-damage|p2a: Rillaboom|63/100|[from] Sandstorm
|-heal|p2a: Rillaboom|69/100|[from] Grassy Terrain
|-heal|p2b: Kingambit|25/100|[from] Grassy Terrain
|upkeep
|turn|3
|inactive|fleamarketninja has 30 seconds left.
|inactive|fleamarketninja has 20 seconds left.
|inactive|fleamarketninja has 15 seconds left.
|
|t:|1756780508
|-terastallize|p2b: Kingambit|Dark
|move|p1b: Simon|Protect|p1b: Simon
|-singleturn|p1b: Simon|Protect
|move|p2a: Rillaboom|Fake Out|p1b: Simon
|-activate|p1b: Simon|move: Protect
|move|p1a: Incineroar|Flare Blitz|p2b: Kingambit
|-damage|p2b: Kingambit|0 fnt
|faint|p2b: Kingambit
|-damage|p1a: Incineroar|92/100|[from] Recoil
|
|-weather|Sandstorm|[upkeep]
|-damage|p2a: Rillaboom|63/100|[from] Sandstorm
|-heal|p2a: Rillaboom|69/100|[from] Grassy Terrain
|-heal|p1a: Incineroar|98/100|[from] Grassy Terrain
|upkeep
|
|t:|1756780521
|switch|p2b: Sneasler|Sneasler, L50, F|95/100
|turn|4
|
|t:|1756780538
|switch|p1a: Kommo-o|Kommo-o, L50, F|100/100
|move|p2b: Sneasler|Fake Out|p1b: Simon
|-damage|p1b: Simon|78/100
|cant|p1b: Simon|flinch
|move|p2a: Rillaboom|Wood Hammer|p1b: Simon
|-supereffective|p1b: Simon
|-damage|p1b: Simon|0 fnt
|faint|p1b: Simon
|-damage|p2a: Rillaboom|46/100|[from] Recoil
|
|-weather|Sandstorm|[upkeep]
|-damage|p2b: Sneasler|89/100|[from] Sandstorm
|-damage|p2a: Rillaboom|40/100|[from] Sandstorm
|-heal|p2b: Sneasler|95/100|[from] Grassy Terrain
|-heal|p2a: Rillaboom|46/100|[from] Grassy Terrain
|upkeep
|
|t:|1756780547
|switch|p1b: Incineroar|Incineroar, L50, M|98/100
|-ability|p1b: Incineroar|Intimidate|boost
|-unboost|p2a: Rillaboom|atk|1
|-unboost|p2b: Sneasler|atk|1
|turn|5
|
|t:|1756780566
|move|p1b: Incineroar|Fake Out|p2b: Sneasler
|-damage|p2b: Sneasler|72/100
|cant|p2b: Sneasler|flinch
|move|p1a: Kommo-o|Clangorous Soul|p1a: Kommo-o
|-boost|p1a: Kommo-o|atk|1
|-boost|p1a: Kommo-o|def|1
|-boost|p1a: Kommo-o|spa|1
|-boost|p1a: Kommo-o|spd|1
|-boost|p1a: Kommo-o|spe|1
|-damage|p1a: Kommo-o|68/100
|-enditem|p1a: Kommo-o|Throat Spray
|-boost|p1a: Kommo-o|spa|1|[from] item: Throat Spray
|move|p2a: Rillaboom|High Horsepower|p1b: Incineroar
|-supereffective|p1b: Incineroar
|-damage|p1b: Incineroar|59/100
|
|-weather|none
|-heal|p1a: Kommo-o|74/100|[from] Grassy Terrain
|-heal|p2b: Sneasler|78/100|[from] Grassy Terrain
|-heal|p2a: Rillaboom|51/100|[from] Grassy Terrain
|-heal|p1b: Incineroar|65/100|[from] Grassy Terrain
|upkeep
|turn|6
|inactive|tax the homeless has 30 seconds left.
|inactive|fleamarketninja has 30 seconds left.
|inactive|tax the homeless has 20 seconds left.
|inactive|fleamarketninja has 20 seconds left.
|
|t:|1756780603
|move|p1a: Kommo-o|Clanging Scales|p2a: Rillaboom|[spread] p2a,p2b
|-damage|p2a: Rillaboom|7/100
|-damage|p2b: Sneasler|0 fnt
|faint|p2b: Sneasler
|-unboost|p1a: Kommo-o|def|1
|move|p2a: Rillaboom|High Horsepower|p1b: Incineroar
|-supereffective|p1b: Incineroar
|-damage|p1b: Incineroar|27/100
|move|p1b: Incineroar|Flare Blitz|p2a: Rillaboom
|-supereffective|p2a: Rillaboom
|-damage|p2a: Rillaboom|0 fnt
|faint|p2a: Rillaboom
|-damage|p1b: Incineroar|24/100|[from] Recoil
|
|-heal|p1a: Kommo-o|80/100|[from] Grassy Terrain
|-heal|p1b: Incineroar|30/100|[from] Grassy Terrain
|-fieldend|move: Grassy Terrain
|upkeep
|
|t:|1756780618
|switch|p2a: Dragonite|Dragonite, L50, M|100/100
|turn|7
|
|t:|1756780643
|move|p1a: Kommo-o|Clanging Scales|p2a: Dragonite
|-supereffective|p2a: Dragonite
|-damage|p2a: Dragonite|12/100
|-unboost|p1a: Kommo-o|def|1
|move|p2a: Dragonite|Scale Shot|p1a: Kommo-o
|-supereffective|p1a: Kommo-o
|-damage|p1a: Kommo-o|44/100
|-supereffective|p1a: Kommo-o
|-damage|p1a: Kommo-o|7/100
|-supereffective|p1a: Kommo-o
|-damage|p1a: Kommo-o|0 fnt
|faint|p1a: Kommo-o
|-hitcount|p1: Kommo-o|3
|-unboost|p2a: Dragonite|def|1
|-boost|p2a: Dragonite|spe|1
|move|p1b: Incineroar|Knock Off|p2a: Dragonite
|-damage|p2a: Dragonite|0 fnt
|-enditem|p2a: Dragonite|Loaded Dice|[from] move: Knock Off|[of] p1b: Incineroar
|faint|p2a: Dragonite
|
|win|tax the homeless
||fleamarketninja is ready for game 2.
|inactive|tax the homeless has 30 seconds to confirm battle start!
|inactive|tax the homeless has 20 seconds to confirm battle start!
||tax the homeless is ready for game 2.
|uhtml|next|Next: Game 2 of 3
|l|☆fleamarketninja
|player|p2|
