|j|☆JuvenileLeopard
|j|☆Sala335
|html|JuvenileLeopardSala335    
|uhtml|bestof|Game 2 of a best-of-3
|t:|1756307679
|gametype|doubles
|player|p1|JuvenileLeopard|colress|1073
|player|p2|Sala335|gambler|1146
|gen|9
|tier|[Gen 9] VGC 2025 Reg H (Bo3)
|rated|
|rule|Species Clause: Limit one of each Pokémon
|rule|Item Clause: Limit 1 of each item
|clearpoke
|poke|p1|Amoonguss, L50, F|
|poke|p1|Dragonite, L50, F|
|poke|p1|Excadrill, L50, F|
|poke|p1|Gholdengo, L50|
|poke|p1|Gyarados, L50, F|
|poke|p1|Tyranitar, L50, M|
|poke|p2|Primarina, L50, F|
|poke|p2|Porygon2, L50|
|poke|p2|Ursaluna, L50, M|
|poke|p2|Gholdengo, L50|
|poke|p2|Talonflame, L50, F|
|poke|p2|Amoonguss, L50, F|
|teampreview|4
|showteam|p1|Amoonguss||SitrusBerry|Regenerator|RagePowder,Spore,SludgeBomb,Protect|||F|||50|,,,,,Water]Dragonite||LoadedDice|InnerFocus|ScaleShot,LowKick,Tailwind,Haze|||F|||50|,,,,,Fairy]Excadrill||FocusSash|SandRush|Protect,HighHorsepower,Earthquake,IronHead|||F|||50|,,,,,Ghost]Gholdengo||LifeOrb|GoodasGold|MakeItRain,NastyPlot,Protect,ShadowBall||||||50|,,,,,Dragon]Gyarados||SafetyGoggles|Intimidate|Waterfall,ThunderWave,Taunt,Protect|||F|||50|,,,,,Steel]Tyranitar||AssaultVest|SandStream|RockSlide,KnockOff,LowKick,TeraBlast|||M|||50|,,,,,Flying
|showteam|p2|Primarina||ThroatSpray|LiquidVoice|Protect,HyperVoice,Moonblast,Haze|||F|||50|,,,,,Poison]Porygon2||Eviolite|Download|TrickRoom,Protect,IceBeam,TeraBlast||||||50|,,,,,Flying]Ursaluna||FlameOrb|Guts|Facade,HeadlongRush,Earthquake,Protect|||M|||50|,,,,,Ghost]Gholdengo||Leftovers|GoodasGold|MakeItRain,NastyPlot,ShadowBall,Protect||||||50|,,,,,Flying]Talonflame||CovertCloak|GaleWings|Tailwind,QuickGuard,Taunt,DualWingbeat|||F|||50|,,,,,Water]Amoonguss||SitrusBerry|Regenerator|Spore,RagePowder,Protect,PollenPuff|||F|||50|,,,,,Water
|inactive|Battle timer is ON: inactive players will automatically lose when time's up. (requested by JuvenileLeopard)
|
|t:|1756307712
|teamsize|p1|4
|teamsize|p2|4
|start
|switch|p1a: Gyarados|Gyarados, L50, F|100/100
|switch|p1b: Tyranitar|Tyranitar, L50, M|100/100
|switch|p2a: Talonflame|Talonflame, L50, F|100/100
|switch|p2b: Gholdengo|Gholdengo, L50|100/100
|-ability|p1a: Gyarados|Intimidate|boost
|-unboost|p2a: Talonflame|atk|1
|-unboost|p2b: Gholdengo|atk|1
|-weather|Sandstorm|[from] ability: Sand Stream|[of] p1b: Tyranitar
|turn|1
|
|t:|1756307735
|-terastallize|p2b: Gholdengo|Flying
|move|p2a: Talonflame|Taunt|p1a: Gyarados
|-start|p1a: Gyarados|move: Taunt
|cant|p1a: Gyarados|move: Taunt|Thunder Wave
|move|p2b: Gholdengo|Nasty Plot|p2b: Gholdengo
|-boost|p2b: Gholdengo|spa|2
|move|p1b: Tyranitar|Knock Off|p2b: Gholdengo
|-damage|p2b: Gholdengo|46/100
|-enditem|p2b: Gholdengo|Leftovers|[from] move: Knock Off|[of] p1b: Tyranitar
|
|-weather|Sandstorm|[upkeep]
|-damage|p2a: Talonflame|95/100|[from] Sandstorm
|-damage|p2b: Gholdengo|40/100|[from] Sandstorm
|upkeep
|turn|2
|inactive|JuvenileLeopard has 30 seconds left.
|
|t:|1756307765
|-terastallize|p1b: Tyranitar|Flying
|move|p2b: Gholdengo|Protect|p2b: Gholdengo
|-singleturn|p2b: Gholdengo|Protect
|move|p2a: Talonflame|Tailwind|p2a: Talonflame
|-sidestart|p2: Sala335|move: Tailwind
|move|p1a: Gyarados|Waterfall|p2b: Gholdengo
|-activate|p2b: Gholdengo|move: Protect
|move|p1b: Tyranitar|Rock Slide|p2a: Talonflame|[spread] p2a
|-activate|p2b: Gholdengo|move: Protect
|-supereffective|p2a: Talonflame
|-damage|p2a: Talonflame|0 fnt
|faint|p2a: Talonflame
|
|-weather|Sandstorm|[upkeep]
|-damage|p2b: Gholdengo|35/100|[from] Sandstorm
|-damage|p1b: Tyranitar|94/100|[from] Sandstorm
|upkeep
|
|t:|1756307775
|switch|p2a: Ursaluna|Ursaluna, L50, M|100/100
|turn|3
|
|t:|1756307787
|move|p2b: Gholdengo|Shadow Ball|p1a: Gyarados
|-damage|p1a: Gyarados|24/100
|move|p2a: Ursaluna|Facade|p1a: Gyarados
|-damage|p1a: Gyarados|0 fnt
|faint|p1a: Gyarados
|move|p1b: Tyranitar|Rock Slide|p2b: Gholdengo|[spread] p2a,p2b
|-resisted|p2a: Ursaluna
|-supereffective|p2b: Gholdengo
|-damage|p2a: Ursaluna|87/100
|-damage|p2b: Gholdengo|0 fnt
|faint|p2b: Gholdengo
|
|-weather|Sandstorm|[upkeep]
|-damage|p1b: Tyranitar|88/100|[from] Sandstorm
|-status|p2a: Ursaluna|brn|[from] item: Flame Orb
|upkeep
|
|t:|1756307797
|switch|p1a: Excadrill|Excadrill, L50, F|100/100
|switch|p2b: Porygon2|Porygon2, L50|100/100
|-ability|p2b: Porygon2|Download|boost
|-boost|p2b: Porygon2|spa|1
|turn|4
|
|t:|1756307809
|move|p1a: Excadrill|Earthquake|p2b: Porygon2|[spread] p2a,p2b
|-immune|p1b: Tyranitar
|-damage|p2a: Ursaluna|49/100 brn
|-damage|p2b: Porygon2|75/100
|move|p2a: Ursaluna|Facade|p1b: Tyranitar
|-damage|p1b: Tyranitar|0 fnt
|faint|p1b: Tyranitar
|move|p2b: Porygon2|Trick Room|p2b: Porygon2
|-fieldstart|move: Trick Room|[of] p2b: Porygon2
|
|-weather|Sandstorm|[upkeep]
|-damage|p2b: Porygon2|70/100|[from] Sandstorm
|-damage|p2a: Ursaluna|43/100 brn|[from] brn
|upkeep
|
|t:|1756307817
|switch|p1b: Amoonguss|Amoonguss, L50, F|100/100
|turn|5
|
|t:|1756307827
|move|p2b: Porygon2|Protect|p2b: Porygon2
|-singleturn|p2b: Porygon2|Protect
|move|p1b: Amoonguss|Spore|p2b: Porygon2
|-activate|p2b: Porygon2|move: Protect
|move|p2a: Ursaluna|Earthquake|p1b: Amoonguss|[spread] p1a,p1b
|-activate|p2b: Porygon2|move: Protect
|-supereffective|p1a: Excadrill
|-crit|p1a: Excadrill
|-enditem|p1a: Excadrill|Focus Sash
|-damage|p1a: Excadrill|1/100
|-damage|p1b: Amoonguss|45/100
|-enditem|p1b: Amoonguss|Sitrus Berry|[eat]
|-heal|p1b: Amoonguss|70/100|[from] item: Sitrus Berry
|move|p1a: Excadrill|High Horsepower|p2a: Ursaluna
|-damage|p2a: Ursaluna|0 fnt
|faint|p2a: Ursaluna
|
|-weather|none
|-sideend|p2: Sala335|move: Tailwind
|upkeep
|turn|6
|
|t:|1756307852
|move|p1b: Amoonguss|Spore|p2b: Porygon2
|-status|p2b: Porygon2|slp|[from] move: Spore
|cant|p2b: Porygon2|slp
|move|p1a: Excadrill|Iron Head|p2b: Porygon2
|-damage|p2b: Porygon2|41/100 slp
|
|upkeep
|turn|7
|
|t:|1756307866
|move|p1b: Amoonguss|Sludge Bomb|p2b: Porygon2
|-damage|p2b: Porygon2|27/100 slp
|cant|p2b: Porygon2|slp
|move|p1a: Excadrill|High Horsepower|p2b: Porygon2
|-damage|p2b: Porygon2|0 fnt
|faint|p2b: Porygon2
|
|win|JuvenileLeopard
||Sala335 is ready for game 3.
