|j|☆milkandcereals
|j|☆amnek
|html|milkandcerealsamnek    
|uhtml|bestof|Game 1 of a best-of-3
|t:|1756653689
|gametype|doubles
|player|p1|milkandcereals|blue|
|player|p2|amnek|101|
|gen|9
|tier|[Gen 9] VGC 2025 Reg H (Bo3)
|rule|Species Clause: Limit one of each Pokémon
|rule|Item Clause: Limit 1 of each item
|clearpoke
|poke|p1|Porygon2, L50|
|poke|p1|Rillaboom, L50, F|
|poke|p1|Ursaluna, L50, F|
|poke|p1|Jumpluff, L50, F|
|poke|p1|Charizard, L50, M|
|poke|p1|Torkoal, L50, F|
|poke|p2|Garchomp, L50, F|
|poke|p2|Gholdengo, L50|
|poke|p2|Sneasler, L50, M|
|poke|p2|Dragonite, L50, M|
|poke|p2|Incineroar, L50, F|
|poke|p2|Whimsicott, L50, F|
|teampreview|4
|showteam|p1|Porygon2||Eviolite|Download|TeraBlast,IceBeam,TrickRoom,Recover||||||50|,,,,,Fighting]Rillaboom||AssaultVest|GrassySurge|FakeOut,GrassyGlide,WoodHammer,HighHorsepower|||F|||50|,,,,,Water]Ursaluna||FlameOrb|Guts|Protect,Facade,Earthquake,HeadlongRush|||F|||50|,,,,,Ghost]Jumpluff||CovertCloak|Chlorophyll|SleepPowder,SunnyDay,Tailwind,RagePowder|||F|||50|,,,,,Fire]Charizard||ChoiceSpecs|SolarPower|HeatWave,Overheat,WeatherBall,DragonPulse|||M|||50|,,,,,Ghost]Torkoal||EjectPack|Drought|Overheat,Eruption,HelpingHand,Protect|||F|||50|,,,,,Fire
|showteam|p2|Garchomp||LifeOrb|RoughSkin|Protect,Earthquake,StompingTantrum,DragonClaw|||F|||50|,,,,,Ground]Gholdengo||ChoiceSpecs|GoodasGold|Thunderbolt,MakeItRain,ShadowBall,Trick||||||50|,,,,,Steel]Sneasler||WhiteHerb|Unburden|FakeOut,Protect,CloseCombat,DireClaw|||M|||50|,,,,,Stellar]Dragonite||ChoiceBand|InnerFocus|Outrage,ExtremeSpeed,IceSpinner,StompingTantrum|||M|||50|,,,,,Normal]Incineroar||AssaultVest|Intimidate|FakeOut,KnockOff,FlareBlitz,Uturn|||F|||50|,,,,,Grass]Whimsicott||FocusSash|Prankster|Protect,Tailwind,Moonblast,Encore|||F|||50|,,,,,Ghost
|c|☆milkandcereals|glhf!!
|inactive|Battle timer is ON: inactive players will automatically lose when time's up. (requested by amnek)
|inactive|milkandcereals has 60 seconds left.
|inactive|milkandcereals has 30 seconds left.
|inactive|milkandcereals has 20 seconds left.
|inactive|milkandcereals has 15 seconds left.
|inactive|milkandcereals has 10 seconds left.
|inactive|milkandcereals has 5 seconds left.
|
|t:|1756653786
|teamsize|p1|4
|teamsize|p2|4
|start
|switch|p1a: Porygon2|Porygon2, L50|100/100
|switch|p1b: Ursaluna|Ursaluna, L50, F|100/100
|switch|p2a: Whimsicott|Whimsicott, L50, F|100/100
|switch|p2b: Gholdengo|Gholdengo, L50|100/100
|-ability|p1a: Porygon2|Download|boost
|-boost|p1a: Porygon2|spa|1
|turn|1
|inactive|milkandcereals has 30 seconds left.
|inactive|amnek has 30 seconds left.
|inactive|milkandcereals has 20 seconds left.
|inactive|amnek has 20 seconds left.
|inactive|milkandcereals has 15 seconds left.
|inactive|amnek has 15 seconds left.
|inactive|milkandcereals has 10 seconds left.
|inactive|milkandcereals has 5 seconds left.
|
|t:|1756653837
|move|p1b: Ursaluna|Protect|p1b: Ursaluna
|-singleturn|p1b: Ursaluna|Protect
|move|p2a: Whimsicott|Moonblast|p1a: Porygon2
|-damage|p1a: Porygon2|80/100
|-unboost|p1a: Porygon2|spa|1
|move|p2b: Gholdengo|Make It Rain|p1b: Ursaluna|[spread] p1a
|-activate|p1b: Ursaluna|move: Protect
|-damage|p1a: Porygon2|36/100
|-unboost|p2b: Gholdengo|spa|1
|move|p1a: Porygon2|Trick Room|p1a: Porygon2
|-fieldstart|move: Trick Room|[of] p1a: Porygon2
|
|-status|p1b: Ursaluna|brn|[from] item: Flame Orb
|upkeep
|turn|2
|inactive|milkandcereals has 30 seconds left.
|inactive|amnek has 30 seconds left.
|inactive|milkandcereals has 20 seconds left.
|inactive|amnek has 20 seconds left.
|
|t:|1756653876
|switch|p1b: Torkoal|Torkoal, L50, F|100/100
|-weather|SunnyDay|[from] ability: Drought|[of] p1b: Torkoal
|move|p2a: Whimsicott|Encore||[still]
|-fail|p2a: Whimsicott
|move|p1a: Porygon2|Recover|p1a: Porygon2
|-heal|p1a: Porygon2|86/100
|move|p2b: Gholdengo|Make It Rain|p1a: Porygon2|[spread] p1a,p1b
|-resisted|p1b: Torkoal
|-damage|p1a: Porygon2|56/100
|-damage|p1b: Torkoal|73/100
|-unboost|p2b: Gholdengo|spa|1
|
|-weather|SunnyDay|[upkeep]
|upkeep
|turn|3
|inactive|milkandcereals has 30 seconds left.
|inactive|milkandcereals has 20 seconds left.
|
|t:|1756653916
|switch|p2b: Incineroar|Incineroar, L50, F|100/100
|-ability|p2b: Incineroar|Intimidate|boost
|-unboost|p1a: Porygon2|atk|1
|-unboost|p1b: Torkoal|atk|1
|-enditem|p1b: Torkoal|Eject Pack
|
|t:|1756653926
|switch|p1b: Ursaluna|Ursaluna, L50, F|100/100 brn
|move|p2a: Whimsicott|Protect|p2a: Whimsicott
|-singleturn|p2a: Whimsicott|Protect
|move|p1a: Porygon2|Recover|p1a: Porygon2
|-heal|p1a: Porygon2|100/100
|
|-weather|SunnyDay|[upkeep]
|-damage|p1b: Ursaluna|94/100 brn|[from] brn
|upkeep
|turn|4
|inactive|milkandcereals has 30 seconds left.
|inactive|amnek has 30 seconds left.
|inactive|milkandcereals has 20 seconds left.
|
|t:|1756653964
|-terastallize|p1b: Ursaluna|Ghost
|-terastallize|p2b: Incineroar|Grass
|move|p2a: Whimsicott|Encore|p1a: Porygon2
|-start|p1a: Porygon2|Encore
|move|p1a: Porygon2|Recover||[still]
|-fail|p1a: Porygon2|heal
|move|p1b: Ursaluna|Earthquake|p2b: Incineroar|[spread] p1a,p2a,p2b
|-resisted|p2a: Whimsicott
|-resisted|p2b: Incineroar
|-damage|p1a: Porygon2|59/100
|-damage|p2a: Whimsicott|48/100
|-damage|p2b: Incineroar|68/100
|move|p2b: Incineroar|Knock Off|p1b: Ursaluna
|-supereffective|p1b: Ursaluna
|-damage|p1b: Ursaluna|22/100 brn
|-enditem|p1b: Ursaluna|Flame Orb|[from] move: Knock Off|[of] p2b: Incineroar
|
|-weather|SunnyDay|[upkeep]
|-damage|p1b: Ursaluna|15/100 brn|[from] brn
|upkeep
|turn|5
|inactive|milkandcereals has 30 seconds left.
|inactive|amnek has 30 seconds left.
|inactive|milkandcereals has 20 seconds left.
|inactive|amnek has 20 seconds left.
|inactive|milkandcereals has 15 seconds left.
|inactive|milkandcereals has 10 seconds left.
|inactive|milkandcereals has 5 seconds left.
|
|t:|1756654016
|switch|p1b: Torkoal|Torkoal, L50, F|73/100
|move|p2a: Whimsicott|Protect|p2a: Whimsicott
|-singleturn|p2a: Whimsicott|Protect
|move|p1a: Porygon2|Recover|p1a: Porygon2
|-heal|p1a: Porygon2|100/100
|move|p2b: Incineroar|U-turn|p1a: Porygon2
|-damage|p1a: Porygon2|88/100
|
|t:|1756654025
|switch|p2b: Dragonite|Dragonite, L50, M|100/100|[from] U-turn
|
|-weather|SunnyDay|[upkeep]
|-fieldend|move: Trick Room
|upkeep
|turn|6
|inactive|milkandcereals has 30 seconds left.
|inactive|amnek has 30 seconds left.
|inactive|milkandcereals has 20 seconds left.
|inactive|milkandcereals has 15 seconds left.
|inactive|milkandcereals has 10 seconds left.
|inactive|milkandcereals has 5 seconds left.
|
|t:|1756654076
|switch|p1a: Rillaboom|Rillaboom, L50, F|100/100
|-fieldstart|move: Grassy Terrain|[from] ability: Grassy Surge|[of] p1a: Rillaboom
|move|p2a: Whimsicott|Moonblast|p1b: Torkoal
|-resisted|p1b: Torkoal
|-damage|p1b: Torkoal|52/100
|move|p2b: Dragonite|Stomping Tantrum|p1b: Torkoal
|-supereffective|p1b: Torkoal
|-damage|p1b: Torkoal|0 fnt
|faint|p1b: Torkoal
|
|-weather|none
|-heal|p2a: Whimsicott|53/100|[from] Grassy Terrain
|upkeep
|
|t:|1756654091
|switch|p1b: Porygon2|Porygon2, L50|88/100
|-ability|p1b: Porygon2|Download|boost
|-boost|p1b: Porygon2|spa|1
|turn|7
|inactive|milkandcereals has 30 seconds left.
|inactive|milkandcereals has 20 seconds left.
|inactive|milkandcereals has 15 seconds left.
|
|t:|1756654134
|switch|p2b: Gholdengo|Gholdengo, L50|100/100
|move|p2a: Whimsicott|Protect|p2a: Whimsicott
|-singleturn|p2a: Whimsicott|Protect
|move|p1a: Rillaboom|Fake Out|p2a: Whimsicott
|-activate|p2a: Whimsicott|move: Protect
|move|p1b: Porygon2|Trick Room|p1b: Porygon2
|-fieldstart|move: Trick Room|[of] p1b: Porygon2
|
|-heal|p1b: Porygon2|94/100|[from] Grassy Terrain
|-heal|p2a: Whimsicott|59/100|[from] Grassy Terrain
|upkeep
|turn|8
|inactive|milkandcereals has 30 seconds left.
|inactive|amnek has 30 seconds left.
|inactive|milkandcereals has 20 seconds left.
|inactive|milkandcereals has 15 seconds left.
|inactive|milkandcereals has 10 seconds left.
|
|t:|1756654183
|move|p2a: Whimsicott|Encore|p1b: Porygon2
|-start|p1b: Porygon2|Encore
|move|p1b: Porygon2|Trick Room|p1b: Porygon2
|-fieldend|move: Trick Room
|move|p2b: Gholdengo|Trick|p1a: Rillaboom
|-activate|p2b: Gholdengo|move: Trick|[of] p1a: Rillaboom
|-item|p1a: Rillaboom|Choice Specs|[from] move: Trick
|-item|p2b: Gholdengo|Assault Vest|[from] move: Trick
|move|p1a: Rillaboom|Wood Hammer|p2b: Gholdengo
|-resisted|p2b: Gholdengo
|-damage|p2b: Gholdengo|56/100
|-damage|p1a: Rillaboom|88/100|[from] Recoil
|
|-heal|p2a: Whimsicott|65/100|[from] Grassy Terrain
|-heal|p2b: Gholdengo|62/100|[from] Grassy Terrain
|-heal|p1a: Rillaboom|94/100|[from] Grassy Terrain
|-heal|p1b: Porygon2|100/100|[from] Grassy Terrain
|upkeep
|turn|9
|inactive|milkandcereals has 30 seconds left.
|
|t:|1756654214
|move|p2a: Whimsicott|Moonblast|p1a: Rillaboom
|-damage|p1a: Rillaboom|54/100
|-unboost|p1a: Rillaboom|spa|1
|move|p2b: Gholdengo|Shadow Ball|p1a: Rillaboom
|-damage|p1a: Rillaboom|13/100
|move|p1a: Rillaboom|Wood Hammer|p2b: Gholdengo
|-resisted|p2b: Gholdengo
|-damage|p2b: Gholdengo|18/100
|-damage|p1a: Rillaboom|0 fnt|[from] Recoil
|faint|p1a: Rillaboom
|move|p1b: Porygon2|Trick Room|p1b: Porygon2
|-fieldstart|move: Trick Room|[of] p1b: Porygon2
|
|-heal|p2b: Gholdengo|24/100|[from] Grassy Terrain
|-heal|p2a: Whimsicott|71/100|[from] Grassy Terrain
|upkeep
|inactive|milkandcereals has 30 seconds left.
|
|t:|1756654224
|switch|p1a: Ursaluna|Ursaluna, L50, F, tera:Ghost|15/100 brn
|turn|10
|inactive|milkandcereals has 30 seconds left this turn.
|inactive|milkandcereals has 20 seconds left.
|inactive|milkandcereals has 15 seconds left.
|inactive|milkandcereals has 10 seconds left.
|inactive|milkandcereals has 5 seconds left.
|
|t:|1756654250
|switch|p2b: Incineroar|Incineroar, L50, F, tera:Grass|68/100
|-ability|p2b: Incineroar|Intimidate|boost
|-unboost|p1a: Ursaluna|atk|1
|-unboost|p1b: Porygon2|atk|1
|move|p2a: Whimsicott|Protect|p2a: Whimsicott
|-singleturn|p2a: Whimsicott|Protect
|move|p1a: Ursaluna|Facade|p2a: Whimsicott
|-activate|p2a: Whimsicott|move: Protect
|move|p1b: Porygon2|Trick Room|p1b: Porygon2
|-fieldend|move: Trick Room
|
|-heal|p2a: Whimsicott|77/100|[from] Grassy Terrain
|-heal|p2b: Incineroar|74/100|[from] Grassy Terrain
|-heal|p1a: Ursaluna|22/100 brn|[from] Grassy Terrain
|-damage|p1a: Ursaluna|15/100 brn|[from] brn
|-end|p1b: Porygon2|Encore
|-fieldend|move: Grassy Terrain
|upkeep
|turn|11
|inactive|milkandcereals has 5 seconds left this turn.
|-message|milkandcereals lost due to inactivity.
|
|win|amnek
