|j|☆EgoJJ
|j|☆SeedDengoTesting
|html|EgoJJSeedDengoTesting    
|uhtml|bestof|Game 3 of a best-of-3
|t:|1757197966
|gametype|doubles
|player|p1|EgoJJ|brock|1221
|player|p2|SeedDengoTesting|birdkeeper-gen4dp|1139
|gen|9
|tier|[Gen 9] VGC 2025 Reg H (Bo3)
|rated|
|rule|Species Clause: Limit one of each Pokémon
|rule|Item Clause: Limit 1 of each item
|clearpoke
|poke|p1|Zoroark-Hisui, L50, M|
|poke|p1|Indeedee-F, L50, F|
|poke|p1|Ursaluna, L50, M|
|poke|p1|Torkoal, L50, M|
|poke|p1|Exeggutor, L50, F|
|poke|p1|Gallade, L50, M|
|poke|p2|Gholdengo, L50|
|poke|p2|Sneasler, L50, M|
|poke|p2|Rillaboom, L50, F|
|poke|p2|Dragonite, L50, M|
|poke|p2|Ninetales-Alola, L50, F|
|poke|p2|Arcanine-Hisui, L50, F|
|teampreview|4
|showteam|p1|Zoroark-Hisui||ChoiceSpecs|Illusion|HyperBeam,HyperVoice,ShadowBall,FocusBlast|||M|||50|,,,,,Normal]Indeedee-F||RockyHelmet|PsychicSurge|Psychic,HelpingHand,FollowMe,TrickRoom|||F|||50|,,,,,Grass]Ursaluna||FlameOrb|Guts|Facade,HeadlongRush,Earthquake,Protect|||M|||50|,,,,,Ghost]Torkoal||Charcoal|Drought|Eruption,WeatherBall,ClearSmog,Protect|||M|||50|,,,,,Fire]Exeggutor||FocusSash|Chlorophyll|ExpandingForce,LeafStorm,SleepPowder,TrickRoom|||F|||50|,,,,,Psychic]Gallade||ScopeLens|Sharpness|SacredSword,PsychoCut,TrickRoom,WideGuard|||M|||50|,,,,,Grass
|showteam|p2|Gholdengo||GrassySeed|GoodasGold|NastyPlot,MakeItRain,ShadowBall,Protect||||||50|,,,,,Water]Sneasler||WhiteHerb|Unburden|CloseCombat,DireClaw,Coaching,Protect|||M|||50|,,,,,Ghost]Rillaboom||AssaultVest|GrassySurge|FakeOut,GrassyGlide,DrumBeating,HighHorsepower|||F|||50|,,,,,Fire]Dragonite||LoadedDice|Multiscale|ScaleShot,StompingTantrum,Tailwind,Protect|||M|||50|,,,,,Ground]Ninetales-Alola||FocusSash|SnowWarning|Blizzard,IcyWind,Encore,AuroraVeil|||F|||50|,,,,,Ghost]Arcanine-Hisui||ClearAmulet|Intimidate|RockSlide,FlareBlitz,ExtremeSpeed,Protect|||F|||50|,,,,,Water
|inactive|Battle timer is ON: inactive players will automatically lose when time's up. (requested by EgoJJ)
|inactive|SeedDengoTesting has 60 seconds left.
|
|t:|1757198016
|teamsize|p1|4
|teamsize|p2|4
|start
|switch|p1a: Exeggutor|Exeggutor, L50, F|100/100
|switch|p1b: Indeedee|Indeedee-F, L50, F|100/100
|switch|p2a: Arcanine|Arcanine-Hisui, L50, F|100/100
|switch|p2b: Gholdengo|Gholdengo, L50|100/100
|-ability|p2a: Arcanine|Intimidate|boost
|-unboost|p1a: Exeggutor|atk|1
|-unboost|p1b: Indeedee|atk|1
|-fieldstart|move: Psychic Terrain|[from] ability: Psychic Surge|[of] p1b: Indeedee
|turn|1
|
|t:|1757198035
|move|p1a: Exeggutor|Shadow Ball|p2b: Gholdengo
|-supereffective|p2b: Gholdengo
|-damage|p2b: Gholdengo|0 fnt
|faint|p2b: Gholdengo
|move|p2a: Arcanine|Rock Slide|p1a: Exeggutor|[spread] p1a,p1b
|-damage|p1a: Exeggutor|48/100
|-damage|p1b: Indeedee|73/100
|replace|p1a: Zoroark|Zoroark-Hisui, L50, M
|-end|p1a: Zoroark|Illusion
|move|p1b: Indeedee|Trick Room|p1b: Indeedee
|-fieldstart|move: Trick Room|[of] p1b: Indeedee
|
|upkeep
|
|t:|1757198044
|switch|p2b: Rillaboom|Rillaboom, L50, F|100/100
|-fieldstart|move: Grassy Terrain|[from] ability: Grassy Surge|[of] p2b: Rillaboom
|turn|2
|inactive|EgoJJ has 30 seconds left.
|inactive|EgoJJ has 20 seconds left.
|inactive|EgoJJ has 15 seconds left.
|inactive|EgoJJ has 10 seconds left.
|
|t:|1757198090
|switch|p1b: Exeggutor|Exeggutor, L50, F|100/100
|move|p2b: Rillaboom|Drum Beating|p1b: Exeggutor
|-resisted|p1b: Exeggutor
|-damage|p1b: Exeggutor|74/100
|-unboost|p1b: Exeggutor|spe|1
|move|p2a: Arcanine|Rock Slide|p1b: Exeggutor|[spread] p1a,p1b
|-damage|p1a: Zoroark|0 fnt
|-damage|p1b: Exeggutor|41/100
|faint|p1a: Zoroark
|
|-heal|p1b: Exeggutor|47/100|[from] Grassy Terrain
|upkeep
|
|t:|1757198099
|switch|p1a: Indeedee|Indeedee-F, L50, F|73/100
|-fieldstart|move: Psychic Terrain|[from] ability: Psychic Surge|[of] p1a: Indeedee
|turn|3
|inactive|EgoJJ has 30 seconds left.
|
|t:|1757198127
|switch|p2b: Ninetales|Ninetales-Alola, L50, F|100/100
|-weather|Snowscape|[from] ability: Snow Warning|[of] p2b: Ninetales
|-terastallize|p1b: Exeggutor|Psychic
|move|p2a: Arcanine|Protect|p2a: Arcanine
|-singleturn|p2a: Arcanine|Protect
|move|p1a: Indeedee|Follow Me|p1a: Indeedee
|-singleturn|p1a: Indeedee|move: Follow Me
|move|p1b: Exeggutor|Expanding Force|p2a: Arcanine|[spread] p2b
|-activate|p2a: Arcanine|move: Protect
|-enditem|p2b: Ninetales|Focus Sash
|-damage|p2b: Ninetales|1/100
|
|-weather|Snowscape|[upkeep]
|upkeep
|turn|4
|
|t:|1757198141
|switch|p2b: Rillaboom|Rillaboom, L50, F|100/100
|-fieldstart|move: Grassy Terrain|[from] ability: Grassy Surge|[of] p2b: Rillaboom
|move|p1a: Indeedee|Helping Hand|p1b: Exeggutor
|-singleturn|p1b: Exeggutor|Helping Hand|[of] p1a: Indeedee
|move|p1b: Exeggutor|Expanding Force|p2a: Arcanine
|-damage|p2a: Arcanine|0 fnt
|faint|p2a: Arcanine
|
|-weather|Snowscape|[upkeep]
|-heal|p1b: Exeggutor|53/100|[from] Grassy Terrain
|-heal|p1a: Indeedee|80/100|[from] Grassy Terrain
|upkeep
|
|t:|1757198150
|switch|p2a: Ninetales|Ninetales-Alola, L50, F|1/100
|turn|5
|-message|SeedDengoTesting forfeited.
|
|win|EgoJJ
|raw|EgoJJ's rating: 1221 → 1240(+19 for winning)
|raw|SeedDengoTesting's rating: 1139 → 1120(-19 for losing)
|l|☆SeedDengoTesting
|player|p2|
