|j|☆Prepucio Santos
|j|☆SP-9733
|html|Prepucio SantosSP-9733    
|uhtml|bestof|Game 2 of a best-of-3
|t:|1784306979
|gametype|doubles
|player|p1|Prepucio Santos|striker|1198
|player|p2|SP-9733|n|1159
|gen|9
|tier|[Gen 9 Champions] VGC 2026 Reg M-B (Bo3)
|rated|
|rule|Species Clause: Limit one of each Pokémon
|rule|Item Clause: Limit 1 of each item
|clearpoke
|poke|p1|Incineroar, L50, F|
|poke|p1|Sinistcha-Masterpiece, L50, shiny|
|poke|p1|Floette-Eternal, L50, F|
|poke|p1|Kingambit, L50, M|
|poke|p1|Sneasler, L50, M|
|poke|p1|Delphox, L50, F, shiny|
|poke|p2|Staraptor, L50, M, shiny|
|poke|p2|Garchomp, L50, F|
|poke|p2|Grimmsnarl, L50, M|
|poke|p2|Sylveon, L50, F, shiny|
|poke|p2|Sinistcha-Masterpiece, L50|
|poke|p2|Blastoise, L50, M|
|teampreview|4
|showteam|p1|Incineroar||SitrusBerry|Intimidate|FakeOut,PartingShot,ThroatChop,FlareBlitz|Careful||F|||50|]Sinistcha-Masterpiece||KasibBerry|Hospitality|MatchaGotcha,LifeDew,RagePowder,TrickRoom|Bold|||||50|]Floette-Eternal||Floettite|FlowerVeil|Moonblast,DazzlingGleam,CalmMind,Protect|Modest||F|||50|]Kingambit||BlackGlasses|Defiant|KowtowCleave,SuckerPunch,SwordsDance,Protect|Adamant||M|||50|]Sneasler||FocusSash|PoisonTouch|FakeOut,CloseCombat,DireClaw,QuickGuard|Jolly||M|||50|]Delphox||Delphoxite|Blaze|HeatWave,Psyshock,NastyPlot,Protect|Timid||F|||50|
|showteam|p2|Staraptor||Staraptite|Intimidate|CloseCombat,DualWingbeat,Protect,Roost|Jolly||M|||50|]Garchomp||LifeOrb|RoughSkin|StompingTantrum,DragonClaw,Protect,RockSlide|Jolly||F|||50|]Grimmsnarl||LightClay|Prankster|LightScreen,Reflect,PartingShot,SpiritBreak|Careful||M|||50|]Sylveon||FairyFeather|Pixilate|HyperVoice,HyperBeam,Detect,QuickAttack|Quiet||F|||50|]Sinistcha-Masterpiece||ColburBerry|Hospitality|TrickRoom,Protect,RagePowder,MatchaGotcha|Bold|||||50|]Blastoise||Blastoisinite|Torrent|FakeOut,WaterSpout,DarkPulse,ShellSmash|Modest||M|||50|
|inactive|Battle timer is ON: inactive players will automatically lose when time's up. (requested by SP-9733)
|inactive|Prepucio Santos has 60 seconds left.
|inactive|SP-9733 has 60 seconds left.
|inactive|Prepucio Santos has 30 seconds left.
|
|t:|1784307049
|teamsize|p1|4
|teamsize|p2|4
|start
|switch|p1a: Incineroar|Incineroar, L50, F|100/100
|switch|p1b: Floette|Floette-Eternal, L50, F|100/100
|switch|p2a: Sinistcha|Sinistcha-Masterpiece, L50|100/100
|switch|p2b: Blastoise|Blastoise, L50, M|100/100
|-ability|p1a: Incineroar|Intimidate|boost
|-unboost|p2a: Sinistcha|atk|1
|-unboost|p2b: Blastoise|atk|1
|turn|1
|inactive|Prepucio Santos has 30 seconds left.
|
|t:|1784307077
|detailschange|p1b: Floette|Floette-Mega, L50, F
|-mega|p1b: Floette|Floette|Floettite
|-ability|p1b: Floette|Fairy Aura
|detailschange|p2b: Blastoise|Blastoise-Mega, L50, M
|-mega|p2b: Blastoise|Blastoise|Blastoisinite
|move|p2b: Blastoise|Fake Out|p1b: Floette
|-damage|p1b: Floette|94/100
|move|p1a: Incineroar|Fake Out|p2b: Blastoise
|-damage|p2b: Blastoise|91/100
|cant|p1b: Floette|flinch
|move|p2a: Sinistcha|Trick Room|p2a: Sinistcha
|-fieldstart|move: Trick Room|[of] p2a: Sinistcha
|
|upkeep
|turn|2
|
|t:|1784307088
|switch|p2a: Sylveon|Sylveon, L50, F, shiny|100/100
|move|p1a: Incineroar|Parting Shot|p2b: Blastoise
|-unboost|p2b: Blastoise|atk|1
|-unboost|p2b: Blastoise|spa|1
|
|t:|1784307095
|switch|p1a: Sinistcha|Sinistcha-Masterpiece, L50, shiny|100/100|[from] Parting Shot
|-heal|p1b: Floette|100/100|[from] ability: Hospitality|[of] p1a: Sinistcha
|move|p2b: Blastoise|Water Spout|p1b: Floette|[spread] p1a,p1b
|-resisted|p1a: Sinistcha|1
|-damage|p1a: Sinistcha|82/100
|-damage|p1b: Floette|76/100
|move|p1b: Floette|Dazzling Gleam|p2a: Sylveon|[spread] p2a,p2b
|-damage|p2a: Sylveon|62/100
|-damage|p2b: Blastoise|50/100g
|
|upkeep
|turn|3
|
|t:|1784307109
|switch|p2b: Sinistcha|Sinistcha-Masterpiece, L50|100/100
|-heal|p2a: Sylveon|87/100|[from] ability: Hospitality|[of] p2b: Sinistcha
|switch|p1b: Incineroar|Incineroar, L50, F|100/100
|-ability|p1b: Incineroar|Intimidate|boost
|-unboost|p2a: Sylveon|atk|1
|-unboost|p2b: Sinistcha|atk|1
|move|p2a: Sylveon|Hyper Voice|p1b: Incineroar|[spread] p1a,p1b
|-damage|p1a: Sinistcha|29/100
|-damage|p1b: Incineroar|61/100
|move|p1a: Sinistcha|Matcha Gotcha|p2a: Sylveon|[spread] p2a,p2b
|-resisted|p2b: Sinistcha|1
|-damage|p2a: Sylveon|68/100
|-heal|p1a: Sinistcha|39/100|[from] drain|[of] p2a: Sylveon
|-damage|p2b: Sinistcha|87/100
|-heal|p1a: Sinistcha|46/100|[from] drain|[of] p2b: Sinistcha
|
|upkeep
|turn|4
|inactive|SP-9733 has 30 seconds left.
|
|t:|1784307139
|move|p1b: Incineroar|Fake Out|p2a: Sylveon
|-damage|p2a: Sylveon|56/100
|cant|p2a: Sylveon|flinch
|move|p1a: Sinistcha|Matcha Gotcha|p2b: Sinistcha|[spread] p2a,p2b
|-resisted|p2b: Sinistcha|1
|-damage|p2a: Sylveon|37/100
|-heal|p1a: Sinistcha|56/100|[from] drain|[of] p2a: Sylveon
|-damage|p2b: Sinistcha|74/100
|-heal|p1a: Sinistcha|62/100|[from] drain|[of] p2b: Sinistcha
|move|p2b: Sinistcha|Matcha Gotcha|p1a: Sinistcha|[spread] p1a,p1b
|-resisted|p1a: Sinistcha|1
|-resisted|p1b: Incineroar|1
|-damage|p1a: Sinistcha|51/100
|-heal|p2b: Sinistcha|80/100|[from] drain|[of] p1a: Sinistcha
|-damage|p1b: Incineroar|52/100
|-heal|p2b: Sinistcha|85/100|[from] drain|[of] p1b: Incineroar
|
|upkeep
|turn|5
|inactive|Prepucio Santos has 30 seconds left.
|inactive|SP-9733 has 30 seconds left.
|inactive|SP-9733 has 20 seconds left.
|inactive|SP-9733 has 15 seconds left.
|
|t:|1784307189
|move|p2a: Sylveon|Hyper Voice|p1a: Sinistcha|[spread] p1a,p1b
|-damage|p1a: Sinistcha|4/100
|-damage|p1b: Incineroar|17/100
|-enditem|p1b: Incineroar|Sitrus Berry|[eat]
|-heal|p1b: Incineroar|42/100|[from] item: Sitrus Berry
|move|p1a: Sinistcha|Matcha Gotcha|p2a: Sylveon|[spread] 
|-miss|p1a: Sinistcha|p2a: Sylveon
|-miss|p1a: Sinistcha|p2b: Sinistcha
|move|p1b: Incineroar|Flare Blitz|p2b: Sinistcha
|-supereffective|p2b: Sinistcha|1
|-damage|p2b: Sinistcha|17/100
|-damage|p1b: Incineroar|22/100|[from] Recoil
|move|p2b: Sinistcha|Matcha Gotcha|p1b: Incineroar|[spread] p1a,p1b
|-resisted|p1a: Sinistcha|1
|-resisted|p1b: Incineroar|1
|-damage|p1a: Sinistcha|0 fnt
|-heal|p2b: Sinistcha|20/100y|[from] drain|[of] p1a: Sinistcha
|-damage|p1b: Incineroar|13/100
|-heal|p2b: Sinistcha|25/100|[from] drain|[of] p1b: Incineroar
|faint|p1a: Sinistcha
|
|-fieldend|move: Trick Room
|upkeep
|
|t:|1784307202
|switch|p1a: Floette|Floette-Mega, L50, F|76/100
|-ability|p1a: Floette|Fairy Aura
|turn|6
|inactive|SP-9733 has 30 seconds left.
|inactive|SP-9733 has 20 seconds left.
|
|t:|1784307240
|switch|p1b: Kingambit|Kingambit, L50, M|100/100
|move|p2b: Sinistcha|Protect|p2b: Sinistcha
|-singleturn|p2b: Sinistcha|Protect
|move|p2a: Sylveon|Quick Attack|p1a: Floette
|-damage|p1a: Floette|62/100
|move|p1a: Floette|Dazzling Gleam|p2b: Sinistcha|[spread] p2a
|-activate|p2b: Sinistcha|move: Protect
|-damage|p2a: Sylveon|4/100
|
|upkeep
|turn|7
|inactive|SP-9733 has 30 seconds left.
|
|t:|1784307274
|switch|p2b: Blastoise|Blastoise-Mega, L50, M|50/100g
|move|p2a: Sylveon|Quick Attack|p1a: Floette
|-damage|p1a: Floette|50/100g
|move|p1a: Floette|Dazzling Gleam|p2b: Blastoise|[spread] p2a,p2b
|-damage|p2a: Sylveon|0 fnt
|-damage|p2b: Blastoise|11/100
|faint|p2a: Sylveon
|move|p1b: Kingambit|Swords Dance|p1b: Kingambit
|-boost|p1b: Kingambit|atk|2
|
|upkeep
|
|t:|1784307282
|switch|p2a: Garchomp|Garchomp, L50, F|100/100
|turn|8
|
|t:|1784307298
|move|p1b: Kingambit|Sucker Punch|p2a: Garchomp
|-damage|p2a: Garchomp|0 fnt
|-damage|p1b: Kingambit|87/100|[from] ability: Rough Skin|[of] p2a: Garchomp
|faint|p2a: Garchomp
|move|p1a: Floette|Dazzling Gleam|p2b: Blastoise
|-damage|p2b: Blastoise|0 fnt
|faint|p2b: Blastoise
|
|upkeep
|-message|SP-9733 forfeited.
|raw|Prepucio Santos's rating: 1198 → 1220(+22 for winning)
|raw|SP-9733's rating: 1159 → 1137(-22 for losing)
|
|win|Prepucio Santos
