|j|☆ULYSSEMAGERANGS
|j|☆Tyho45
|html|ULYSSEMAGERANGSTyho45    
|uhtml|bestof|Game 2 of a best-of-3
|t:|1783877200
|gametype|doubles
|player|p1|ULYSSEMAGERANGS|cynthia-gen4|1040
|player|p2|Tyho45|n|1099
|gen|9
|tier|[Gen 9 Champions] VGC 2026 Reg M-B (Bo3)
|rated|
|rule|Species Clause: Limit one of each Pokémon
|rule|Item Clause: Limit 1 of each item
|clearpoke
|poke|p1|Archaludon, L50, M, shiny|
|poke|p1|Pelipper, L50, M, shiny|
|poke|p1|Swampert, L50, M, shiny|
|poke|p1|Metagross, L50, shiny|
|poke|p1|Sableye, L50, M, shiny|
|poke|p1|Sinistcha, L50, shiny|
|poke|p2|Kommo-o, L50, M|
|poke|p2|Ceruledge, L50, F, shiny|
|poke|p2|Metagross, L50|
|poke|p2|Ninetales-Alola, L50, F|
|poke|p2|Whimsicott, L50, M|
|poke|p2|Hydreigon, L50, F|
|teampreview|4
|showteam|p1|Archaludon||Leftovers|Stamina|AuraSphere,DragonPulse,ElectroShot,Protect|Modest||M|||50|]Pelipper||SitrusBerry|Drizzle|Tailwind,WeatherBall,Hurricane,Soak|Modest||M|||50|]Swampert||Swampertite|Torrent|IcePunch,WaveCrash,Earthquake,Protect|Adamant||M|||50|]Metagross||Metagrossite|ClearBody|BodyPress,IronHead,PsychicFangs,ThunderPunch|Jolly|||||50|]Sableye||LightClay|Prankster|LightScreen,Reflect,WillOWisp,RainDance|Careful||M|||50|]Sinistcha||ColburBerry|Hospitality|MatchaGotcha,TrickRoom,RagePowder,LifeDew|Relaxed|||||50|
|showteam|p2|Kommo-o||SitrusBerry|Soundproof|ClangorousSoul,ClangingScales,AuraSphere,Protect|Modest||M|||50|]Ceruledge||ColburBerry|FlashFire|Poltergeist,Protect,ShadowSneak,BitterBlade|Adamant||F|||50|]Metagross||Metagrossite|ClearBody|MeteorMash,BulletPunch,PsychicFangs,Protect|Jolly|||||50|]Ninetales-Alola||NeverMeltIce|SnowWarning|AuroraVeil,Blizzard,FreezeDry,Protect|Timid||F|||50|]Whimsicott||FocusSash|Prankster|Tickle,Encore,Moonblast,Tailwind|Bold||M|||50|]Hydreigon||ChoiceScarf|Levitate|Snarl,DarkPulse,DracoMeteor,EarthPower|Timid||F|||50|
|inactive|Battle timer is ON: inactive players will automatically lose when time's up. (requested by ULYSSEMAGERANGS)
|inactive|Tyho45 has 60 seconds left.
|inactive|Tyho45 has 30 seconds left.
|
|t:|1783877269
|teamsize|p1|4
|teamsize|p2|4
|start
|switch|p1a: Sableye|Sableye, L50, M, shiny|100/100
|switch|p1b: Pelipper|Pelipper, L50, M, shiny|100/100
|switch|p2a: Metagross|Metagross, L50|100/100
|switch|p2b: Ninetales|Ninetales-Alola, L50, F|100/100
|-weather|Snowscape|[from] ability: Snow Warning|[of] p2b: Ninetales
|-weather|RainDance|[from] ability: Drizzle|[of] p1b: Pelipper
|turn|1
|
|t:|1783877288
|detailschange|p2a: Metagross|Metagross-Mega, L50
|-mega|p2a: Metagross|Metagross|Metagrossite
|move|p1a: Sableye|Light Screen|p1a: Sableye
|-sidestart|p1: ULYSSEMAGERANGS|move: Light Screen
|move|p2a: Metagross|Psychic Fangs|p1b: Pelipper
|-sideend|p1: ULYSSEMAGERANGS|move: Light Screen
|-damage|p1b: Pelipper|33/100
|-enditem|p1b: Pelipper|Sitrus Berry|[eat]
|-heal|p1b: Pelipper|58/100|[from] item: Sitrus Berry
|move|p2b: Ninetales|Freeze-Dry|p1b: Pelipper
|-supereffective|p1b: Pelipper|2
|-damage|p1b: Pelipper|0 fnt
|faint|p1b: Pelipper
|
|-weather|RainDance|[upkeep]
|upkeep
|
|t:|1783877302
|switch|p1b: Swampert|Swampert, L50, M, shiny|100/100
|turn|2
|
|t:|1783877322
|switch|p2a: Hydreigon|Hydreigon, L50, F|100/100
|detailschange|p1b: Swampert|Swampert-Mega, L50, M, shiny
|-mega|p1b: Swampert|Swampert|Swampertite
|move|p1a: Sableye|Will-O-Wisp|p2a: Hydreigon
|-hint|Since gen 7, Dark is immune to Prankster moves.
|-immune|p2a: Hydreigon
|move|p1b: Swampert|Wave Crash|p2b: Ninetales
|-damage|p2b: Ninetales|0 fnt
|faint|p2b: Ninetales
|-damage|p1b: Swampert|72/100|[from] Recoil
|
|-weather|RainDance|[upkeep]
|upkeep
|
|t:|1783877338
|switch|p2b: Metagross|Metagross-Mega, L50|100/100
|turn|3
|
|t:|1783877351
|move|p1b: Swampert|Protect|p1b: Swampert
|-singleturn|p1b: Swampert|Protect
|move|p1a: Sableye|Light Screen|p1a: Sableye
|-sidestart|p1: ULYSSEMAGERANGS|move: Light Screen
|move|p2a: Hydreigon|Draco Meteor|p1b: Swampert
|-activate|p1b: Swampert|move: Protect
|move|p2b: Metagross|Psychic Fangs|p1b: Swampert
|-activate|p1b: Swampert|move: Protect
|
|-weather|RainDance|[upkeep]
|upkeep
|turn|4
|
|t:|1783877361
|move|p1a: Sableye|Will-O-Wisp|p2b: Metagross
|-status|p2b: Metagross|brn
|move|p2a: Hydreigon|Draco Meteor|p1b: Swampert
|-damage|p1b: Swampert|33/100
|-unboost|p2a: Hydreigon|spa|2
|move|p1b: Swampert|Ice Punch|p2a: Hydreigon
|-supereffective|p2a: Hydreigon|1
|-damage|p2a: Hydreigon|25/100
|move|p2b: Metagross|Psychic Fangs|p1b: Swampert
|-sideend|p1: ULYSSEMAGERANGS|move: Light Screen
|-damage|p1b: Swampert|2/100
|
|-weather|RainDance|[upkeep]
|-damage|p2b: Metagross|94/100 brn|[from] brn
|upkeep
|turn|5
|
|t:|1783877382
|switch|p2a: Kommo-o|Kommo-o, L50, M|100/100
|move|p1b: Swampert|Protect|p1b: Swampert
|-singleturn|p1b: Swampert|Protect
|move|p1a: Sableye|Light Screen|p1a: Sableye
|-sidestart|p1: ULYSSEMAGERANGS|move: Light Screen
|move|p2b: Metagross|Meteor Mash|p1a: Sableye
|-damage|p1a: Sableye|54/100
|-boost|p2b: Metagross|atk|1
|
|-weather|none
|-damage|p2b: Metagross|88/100 brn|[from] brn
|upkeep
|turn|6
|
|t:|1783877393
|switch|p1b: Archaludon|Archaludon, L50, M, shiny|100/100
|move|p2b: Metagross|Bullet Punch|p1b: Archaludon
|-resisted|p1b: Archaludon|1
|-damage|p1b: Archaludon|90/100
|-ability|p1b: Archaludon|Stamina|boost
|-boost|p1b: Archaludon|def|1
|move|p1a: Sableye|Reflect|p1a: Sableye
|-sidestart|p1: ULYSSEMAGERANGS|Reflect
|move|p2a: Kommo-o|Clangorous Soul|p2a: Kommo-o
|-boost|p2a: Kommo-o|atk|1
|-boost|p2a: Kommo-o|def|1
|-boost|p2a: Kommo-o|spa|1
|-boost|p2a: Kommo-o|spd|1
|-boost|p2a: Kommo-o|spe|1
|-damage|p2a: Kommo-o|67/100
|
|-heal|p1b: Archaludon|96/100|[from] item: Leftovers
|-damage|p2b: Metagross|82/100 brn|[from] brn
|upkeep
|turn|7
|
|t:|1783877414
|move|p1a: Sableye|Rain Dance|p1a: Sableye
|-weather|RainDance
|move|p2a: Kommo-o|Aura Sphere|p1b: Archaludon
|-supereffective|p1b: Archaludon|1
|-damage|p1b: Archaludon|0 fnt
|faint|p1b: Archaludon
|move|p2b: Metagross|Psychic Fangs|p1a: Sableye
|-immune|p1a: Sableye
|
|-weather|RainDance|[upkeep]
|-damage|p2b: Metagross|77/100 brn|[from] brn
|upkeep
|-message|ULYSSEMAGERANGS forfeited.
|
|win|Tyho45
|raw|ULYSSEMAGERANGS's rating: 1040 → 1027(-13 for losing)
|raw|Tyho45's rating: 1099 → 1120(+21 for winning)
|l|☆ULYSSEMAGERANGS
|player|p1|
|l|☆Tyho45
|player|p2|
|j|☆Tyho45
|player|p2|Tyho45|n|
|l|☆Tyho45
|player|p2|
|j|☆Tyho45
|player|p2|Tyho45|n|
