|j|☆zefhkb505
|j|☆lordtentacle69
|html|zefhkb505lordtentacle69    
|uhtml|bestof|Game 2 of a best-of-3
|t:|1783744072
|gametype|doubles
|player|p1|zefhkb505|hilbert|1260
|player|p2|lordtentacle69|corbeau|1317
|gen|9
|tier|[Gen 9 Champions] VGC 2026 Reg M-B (Bo3)
|rated|
|rule|Species Clause: Limit one of each Pokémon
|rule|Item Clause: Limit 1 of each item
|clearpoke
|poke|p1|Azumarill, L50, M|
|poke|p1|Sinistcha, L50|
|poke|p1|Farigiraf, L50, F|
|poke|p1|Pelipper, L50, F|
|poke|p1|Tinkaton, L50, F|
|poke|p1|Raichu, L50, M|
|poke|p2|Delphox, L50, F|
|poke|p2|Incineroar, L50, M|
|poke|p2|Maushold-Four, L50|
|poke|p2|Sinistcha, L50|
|poke|p2|Sneasler, L50, M|
|poke|p2|Blastoise, L50, M|
|teampreview|4
|showteam|p1|Azumarill||SitrusBerry|HugePower|BellyDrum,AquaJet,PlayRough,Protect|Adamant||M|||50|]Sinistcha||CobaBerry|Hospitality|RagePowder,MatchaGotcha,TrickRoom,LifeDew|Relaxed|||||50|]Farigiraf||ColburBerry|ArmorTail|TwinBeam,TrickRoom,LightScreen,HyperVoice|Quiet||F|||50|]Pelipper||LifeOrb|Drizzle|Hurricane,WeatherBall,Roost,WideGuard|Modest||F|||50|]Tinkaton||FocusSash|MoldBreaker|FakeOut,GigatonHammer,SkillSwap,KnockOff|Jolly||F|||50|]Raichu||RaichuniteY|LightningRod|FakeOut,FocusBlast,ZapCannon,Protect|Timid||M|||50|
|showteam|p2|Delphox||Delphoxite|Blaze|HeatWave,Psychic,NastyPlot,Protect|Timid||F|||50|]Incineroar||SitrusBerry|Intimidate|FakeOut,PartingShot,FlareBlitz,ThroatChop|Impish||M|||50|]Maushold-Four||ChopleBerry|FriendGuard|Feint,HelpingHand,Protect,FollowMe|Impish|||||50|]Sinistcha||KasibBerry|Hospitality|Protect,MatchaGotcha,TrickRoom,RagePowder|Bold|||||50|]Sneasler||FocusSash|PoisonTouch|CloseCombat,PoisonJab,QuickGuard,FakeOut|Adamant||M|||50|]Blastoise||Blastoisinite|RainDish|Protect,WaterSpout,DarkPulse,ShellSmash|Modest||M|||50|
|inactive|Battle timer is ON: inactive players will automatically lose when time's up. (requested by zefhkb505)
|
|t:|1783744115
|teamsize|p1|4
|teamsize|p2|4
|start
|switch|p1a: Raichu|Raichu, L50, M|100/100
|switch|p1b: Azumarill|Azumarill, L50, M|100/100
|switch|p2a: Brent|Blastoise, L50, M|100/100
|switch|p2b: Green Day|Sinistcha, L50|100/100
|turn|1
|
|t:|1783744132
|detailschange|p2a: Brent|Blastoise-Mega, L50, M
|-mega|p2a: Brent|Blastoise|Blastoisinite
|move|p2a: Brent|Protect|p2a: Brent
|-singleturn|p2a: Brent|Protect
|move|p1a: Raichu|Fake Out|p2a: Brent
|-activate|p2a: Brent|move: Protect
|move|p2b: Green Day|Matcha Gotcha|p1a: Raichu|[spread] p1a,p1b
|-supereffective|p1b: Azumarill|1
|-damage|p1a: Raichu|63/100
|-damage|p1b: Azumarill|49/100
|-enditem|p1b: Azumarill|Sitrus Berry|[eat]
|-heal|p1b: Azumarill|74/100|[from] item: Sitrus Berry
|move|p1b: Azumarill|Belly Drum|p1b: Azumarill
|-damage|p1b: Azumarill|24/100
|-setboost|p1b: Azumarill|atk|6|[from] move: Belly Drum
|
|upkeep
|turn|2
|inactive|zefhkb505 has 30 seconds left.
|
|t:|1783744161
|detailschange|p1a: Raichu|Raichu-Mega-Y, L50, M
|-mega|p1a: Raichu|Raichu|Raichunite Y
|move|p2b: Green Day|Rage Powder|p2b: Green Day
|-singleturn|p2b: Green Day|move: Rage Powder
|move|p1a: Raichu|Zap Cannon|p2b: Green Day
|-resisted|p2b: Green Day|1
|-damage|p2b: Green Day|63/100
|-status|p2b: Green Day|par
|move|p2a: Brent|Water Spout|p1a: Raichu|[spread] p1a,p1b
|-resisted|p1b: Azumarill|1
|-damage|p1a: Raichu|0 fnt
|-damage|p1b: Azumarill|0 fnt
|faint|p1a: Raichu
|faint|p1b: Azumarill
|
|upkeep
|
|t:|1783744173
|switch|p1a: Pelipper|Pelipper, L50, F|100/100
|switch|p1b: Sinistcha|Sinistcha, L50|100/100
|-weather|RainDance|[from] ability: Drizzle|[of] p1a: Pelipper
|turn|3
|
|t:|1783744188
|move|p2a: Brent|Protect|p2a: Brent
|-singleturn|p2a: Brent|Protect
|move|p1a: Pelipper|Hurricane|p2b: Green Day
|-supereffective|p2b: Green Day|1
|-damage|p2b: Green Day|0 fnt
|faint|p2b: Green Day
|-damage|p1a: Pelipper|90/100|[from] item: Life Orb
|move|p1b: Sinistcha|Trick Room|p1b: Sinistcha
|-fieldstart|move: Trick Room|[of] p1b: Sinistcha
|
|-weather|RainDance|[upkeep]
|upkeep
|
|t:|1783744208
|switch|p2b: MMCH|Maushold-Four, L50|100/100
|turn|4
|
|t:|1783744217
|move|p2b: MMCH|Follow Me|p2b: MMCH
|-singleturn|p2b: MMCH|move: Follow Me
|move|p1b: Sinistcha|Matcha Gotcha|p2a: Brent|[spread] p2a,p2b
|-supereffective|p2a: Brent|1
|-damage|p2a: Brent|62/100
|-damage|p2b: MMCH|73/100
|move|p1a: Pelipper|Hurricane|p2b: MMCH
|-damage|p2b: MMCH|6/100
|-start|p2b: MMCH|confusion
|-damage|p1a: Pelipper|80/100|[from] item: Life Orb
|move|p2a: Brent|Dark Pulse|p1b: Sinistcha
|-supereffective|p1b: Sinistcha|1
|-damage|p1b: Sinistcha|0 fnt
|faint|p1b: Sinistcha
|
|-weather|RainDance|[upkeep]
|upkeep
|turn|5
|
|t:|1783744236
|move|p2a: Brent|Protect|p2a: Brent
|-singleturn|p2a: Brent|Protect
|-activate|p2b: MMCH|confusion
|move|p2b: MMCH|Feint|p1a: Pelipper
|-damage|p1a: Pelipper|71/100
|move|p1a: Pelipper|Hurricane|p2a: Brent
|-activate|p2a: Brent|move: Protect
|
|-weather|RainDance|[upkeep]
|upkeep
|turn|6
|
|t:|1783744247
|-activate|p2b: MMCH|confusion
|move|p2b: MMCH|Follow Me|p2b: MMCH
|-singleturn|p2b: MMCH|move: Follow Me
|move|p1a: Pelipper|Hurricane|p2b: MMCH
|-crit|p2b: MMCH
|-damage|p2b: MMCH|0 fnt
|faint|p2b: MMCH
|-damage|p1a: Pelipper|62/100|[from] item: Life Orb
|move|p2a: Brent|Dark Pulse|p1a: Pelipper
|-damage|p1a: Pelipper|0 fnt
|faint|p1a: Pelipper
|
|win|lordtentacle69
||zefhkb505 is ready for game 3.
||lordtentacle69 is ready for game 3.
|uhtml|next|Next: Game 3 of 3
