|j|☆Juno Truther
|j|☆quys
|html|Juno Trutherquys    
|uhtml|bestof|Game 2 of a best-of-3
|t:|1782178012
|gametype|doubles
|player|p1|Juno Truther|furisodegirl-white|1000
|player|p2|quys|steven|1022
|gen|9
|tier|[Gen 9 Champions] VGC 2026 Reg M-B (Bo3)
|rated|
|rule|Species Clause: Limit one of each Pokémon
|rule|Item Clause: Limit 1 of each item
|clearpoke
|poke|p1|Pelipper, L50, M|
|poke|p1|Sinistcha-Masterpiece, L50|
|poke|p1|Floette-Eternal, L50, F|
|poke|p1|Archaludon, L50, F|
|poke|p1|Grimmsnarl, L50, M|
|poke|p1|Swampert, L50, F|
|poke|p2|Dragonite, L50, M, shiny|
|poke|p2|Incineroar, L50, M, shiny|
|poke|p2|Archaludon, L50, M, shiny|
|poke|p2|Basculegion, L50, M, shiny|
|poke|p2|Pelipper, L50, M, shiny|
|poke|p2|Sneasler, L50, M, shiny|
|teampreview|4
|showteam|p1|Pelipper||SitrusBerry|Drizzle|WideGuard,Tailwind,Hurricane,WeatherBall|Modest||M|||50|]Sinistcha-Masterpiece||CobaBerry|Hospitality|MatchaGotcha,TrickRoom,LifeDew,RagePowder|Relaxed|||||50|]Floette-Eternal||Floettite|FlowerVeil|Protect,DazzlingGleam,Moonblast,CalmMind|Modest||F|||50|]Archaludon||Leftovers|Stamina|Protect,ElectroShot,FlashCannon,DragonPulse|Modest||F|||50|]Grimmsnarl||LightClay|Prankster|LightScreen,Reflect,FoulPlay,PartingShot|Calm||M|||50|]Swampert||Swampertite|Torrent|WaveCrash,Protect,IcePunch,Earthquake|Adamant||F|||50|
|showteam|p2|Dragonite||Dragoninite|Multiscale|Hurricane,Thunder,DragonPulse,Protect|Modest||M|||50|]Incineroar||SitrusBerry|Intimidate|FakeOut,FlareBlitz,Protect,PartingShot|Careful||M|||50|]Archaludon||Leftovers|Stamina|ElectroShot,FlashCannon,Protect,AuraSphere|Modest||M|||50|]Basculegion||ChoiceScarf|Adaptability|WaveCrash,LastRespects,Protect,AquaJet|Jolly||M|||50|]Pelipper||FocusSash|Drizzle|Tailwind,WeatherBall,Hurricane,WideGuard|Modest||M|||50|]Sneasler||WhiteHerb|Unburden|CloseCombat,DireClaw,Protect,FakeOut|Jolly||M|||50|
|
|t:|1782178060
|teamsize|p1|4
|teamsize|p2|4
|start
|switch|p1a: Sinistcha|Sinistcha-Masterpiece, L50|100/100
|switch|p1b: Grimmsnarl|Grimmsnarl, L50, M|100/100
|switch|p2a: Incineroar|Incineroar, L50, M, shiny|100/100
|switch|p2b: Pelipper|Pelipper, L50, M, shiny|100/100
|-weather|RainDance|[from] ability: Drizzle|[of] p2b: Pelipper
|-ability|p2a: Incineroar|Intimidate|boost
|-unboost|p1a: Sinistcha|atk|1
|-unboost|p1b: Grimmsnarl|atk|1
|turn|1
|
|t:|1782178097
|move|p1b: Grimmsnarl|Parting Shot|p2b: Pelipper
|-unboost|p2b: Pelipper|atk|1
|-unboost|p2b: Pelipper|spa|1
|
|t:|1782178099
|switch|p1b: Swampert|Swampert, L50, F|100/100|[from] Parting Shot
|move|p2b: Pelipper|Tailwind|p2b: Pelipper
|-sidestart|p2: quys|move: Tailwind
|move|p2a: Incineroar|Flare Blitz|p1a: Sinistcha
|-supereffective|p1a: Sinistcha|1
|-damage|p1a: Sinistcha|56/100
|-damage|p2a: Incineroar|87/100|[from] Recoil
|move|p1a: Sinistcha|Matcha Gotcha|p2b: Pelipper|[spread] p2a,p2b
|-resisted|p2a: Incineroar|1
|-damage|p2a: Incineroar|76/100
|-heal|p1a: Sinistcha|62/100|[from] drain|[of] p2a: Incineroar
|-damage|p2b: Pelipper|59/100
|-heal|p1a: Sinistcha|78/100|[from] drain|[of] p2b: Pelipper
|
|-weather|RainDance|[upkeep]
|upkeep
|turn|2
|
|t:|1782178131
|switch|p2b: Dragonite|Dragonite, L50, M, shiny|100/100
|detailschange|p1b: Swampert|Swampert-Mega, L50, F
|-mega|p1b: Swampert|Swampert|Swampertite
|move|p1b: Swampert|Wave Crash|p2b: Dragonite
|-resisted|p2b: Dragonite|1
|-damage|p2b: Dragonite|65/100
|-damage|p1b: Swampert|89/100|[from] Recoil
|move|p2a: Incineroar|Parting Shot|p1b: Swampert
|-unboost|p1b: Swampert|atk|1
|-unboost|p1b: Swampert|spa|1
|
|t:|1782178136
|switch|p2a: Basculegion|Basculegion, L50, M, shiny|100/100|[from] Parting Shot
|move|p1a: Sinistcha|Trick Room|p1a: Sinistcha
|-fieldstart|move: Trick Room|[of] p1a: Sinistcha
|
|-weather|RainDance|[upkeep]
|upkeep
|turn|3
|
|t:|1782178153
|detailschange|p2b: Dragonite|Dragonite-Mega, L50, M, shiny
|-mega|p2b: Dragonite|Dragonite|Dragoninite
|move|p1a: Sinistcha|Matcha Gotcha|p2b: Dragonite|[spread] p2a,p2b
|-supereffective|p2a: Basculegion|1
|-crit|p2a: Basculegion
|-resisted|p2b: Dragonite|2
|-damage|p2a: Basculegion|12/100
|-heal|p1a: Sinistcha|100/100|[from] drain|[of] p2a: Basculegion
|-damage|p2b: Dragonite|60/100
|move|p1b: Swampert|Ice Punch|p2b: Dragonite
|-supereffective|p2b: Dragonite|2
|-damage|p2b: Dragonite|0 fnt
|faint|p2b: Dragonite
|move|p2a: Basculegion|Last Respects|p1a: Sinistcha
|-supereffective|p1a: Sinistcha|1
|-damage|p1a: Sinistcha|0 fnt
|faint|p1a: Sinistcha
|
|-weather|RainDance|[upkeep]
|upkeep
|
|t:|1782178171
|switch|p1a: Grimmsnarl|Grimmsnarl, L50, M|100/100
|switch|p2b: Incineroar|Incineroar, L50, M, shiny|76/100
|-ability|p2b: Incineroar|Intimidate|boost
|-unboost|p1a: Grimmsnarl|atk|1
|-unboost|p1b: Swampert|atk|1
|turn|4
|
|t:|1782178180
|move|p2b: Incineroar|Fake Out|p1a: Grimmsnarl
|-damage|p1a: Grimmsnarl|85/100
|cant|p1a: Grimmsnarl|flinch
|move|p1b: Swampert|Wave Crash|p2a: Basculegion
|-resisted|p2a: Basculegion|1
|-damage|p2a: Basculegion|0 fnt
|faint|p2a: Basculegion
|-damage|p1b: Swampert|84/100|[from] Recoil
|
|-weather|RainDance|[upkeep]
|-sideend|p2: quys|move: Tailwind
|upkeep
|
|t:|1782178193
|switch|p2a: Pelipper|Pelipper, L50, M, shiny|59/100
|turn|5
|
|t:|1782178205
|switch|p1b: Archaludon|Archaludon, L50, F|100/100
|move|p1a: Grimmsnarl|Parting Shot|p2a: Pelipper
|-unboost|p2a: Pelipper|atk|1
|-unboost|p2a: Pelipper|spa|1
|
|t:|1782178209
|switch|p1a: Swampert|Swampert-Mega, L50, F|84/100|[from] Parting Shot
|move|p2b: Incineroar|Flare Blitz|p1a: Swampert
|-resisted|p1a: Swampert|1
|-damage|p1a: Swampert|72/100
|-damage|p2b: Incineroar|73/100|[from] Recoil
|move|p2a: Pelipper|Weather Ball|p1b: Archaludon
|-resisted|p1b: Archaludon|1
|-damage|p1b: Archaludon|75/100
|-ability|p1b: Archaludon|Stamina|boost
|-boost|p1b: Archaludon|def|1
|
|-weather|none
|-heal|p1b: Archaludon|81/100|[from] item: Leftovers
|upkeep
|turn|6
|
|t:|1782178230
|move|p2b: Incineroar|Flare Blitz|p1b: Archaludon
|-damage|p1b: Archaludon|51/100
|-ability|p1b: Archaludon|Stamina|boost
|-boost|p1b: Archaludon|def|1
|-damage|p2b: Incineroar|63/100|[from] Recoil
|move|p1b: Archaludon|Dragon Pulse|p2b: Incineroar
|-damage|p2b: Incineroar|27/100
|-enditem|p2b: Incineroar|Sitrus Berry|[eat]
|-heal|p2b: Incineroar|52/100|[from] item: Sitrus Berry
|move|p2a: Pelipper|Hurricane|p1a: Swampert
|-damage|p1a: Swampert|41/100
|move|p1a: Swampert|Wave Crash|p2b: Incineroar
|-supereffective|p2b: Incineroar|1
|-damage|p2b: Incineroar|0 fnt
|faint|p2b: Incineroar
|-damage|p1a: Swampert|21/100|[from] Recoil
|
|-heal|p1b: Archaludon|57/100|[from] item: Leftovers
|-fieldend|move: Trick Room
|upkeep
|turn|7
|
|t:|1782178241
|move|p1a: Swampert|Ice Punch|p2a: Pelipper
|-damage|p2a: Pelipper|14/100
|move|p2a: Pelipper|Hurricane|p1a: Swampert|[miss]
|-miss|p2a: Pelipper|p1a: Swampert
|move|p1b: Archaludon|Dragon Pulse|p2a: Pelipper
|-damage|p2a: Pelipper|0 fnt
|faint|p2a: Pelipper
|
|win|Juno Truther
|raw|Juno Truther's rating: 1000 → 1043(+43 for winning)
|raw|quys's rating: 1022 → 1008(-14 for losing)
