|j|â˜†Pokeventurer
|j|â˜†Richiskz
|html|PokeventurerRichiskz    
|uhtml|bestof|Game 3 of a best-of-3
|t:|1757780257
|gametype|doubles
|player|p1|Pokeventurer|265|1113
|player|p2|Richiskz|byron|1153
|gen|9
|tier|[Gen 9] VGC 2025 Reg H (Bo3)
|rated|
|rule|Species Clause: Limit one of each PokÃ©mon
|rule|Item Clause: Limit 1 of each item
|clearpoke
|poke|p1|Incineroar, L50, F|
|poke|p1|Amoonguss, L50, M|
|poke|p1|Ursaluna-Bloodmoon, L50, M|
|poke|p1|Sneasler, L50, F|
|poke|p1|Gholdengo, L50|
|poke|p1|Dragonite, L50, F|
|poke|p2|Archaludon, L50, M|
|poke|p2|Maushold-Four, L50|
|poke|p2|Pelipper, L50, F|
|poke|p2|Sinistcha, L50|
|poke|p2|Incineroar, L50, F|
|poke|p2|Annihilape, L50, F|
|teampreview|4
|showteam|p1|Incineroar||SafetyGoggles|Intimidate|FlareBlitz,KnockOff,PartingShot,FakeOut|||F|||50|,,,,,Ghost]Amoonguss||CovertCloak|Regenerator|Spore,RagePowder,PollenPuff,Protect|||M|||50|,,,,,Water]Ursaluna-Bloodmoon||AssaultVest|MindsEye|HyperVoice,BloodMoon,EarthPower,VacuumWave|||M|||50|,,,,,Water]Sneasler||FocusSash|Unburden|CloseCombat,DireClaw,ThroatChop,Protect|||F|||50|,,,,,Stellar]Gholdengo||LifeOrb|GoodasGold|MakeItRain,ShadowBall,NastyPlot,Protect||||||50|,,,,,Water]Dragonite||LoadedDice|Multiscale|ScaleShot,Tailwind,Haze,Protect|||F|||50|,,,,,Fairy
|showteam|p2|Archaludon||AssaultVest|Stamina|ElectroShot,DracoMeteor,BodyPress,Snarl|||M|||50|,,,,,Bug]Maushold-Four||CovertCloak|FriendGuard|BeatUp,Taunt,FollowMe,Protect||||||50|,,,,,Ghost]Pelipper||MentalHerb|Drizzle|WeatherBall,Hurricane,WideGuard,Protect|||F|||50|,,,,,Steel]Sinistcha||SitrusBerry|Hospitality|MatchaGotcha,LifeDew,RagePowder,TrickRoom||||||50|,,,,,Fire]Incineroar||SafetyGoggles|Intimidate|FlareBlitz,KnockOff,PartingShot,FakeOut|||F|||50|,,,,,Ghost]Annihilape||Leftovers|Defiant|RageFist,DrainPunch,BulkUp,Protect|||F|||50|,,,,,Water
|inactive|Battle timer is ON: inactive players will automatically lose when time's up. (requested by Richiskz)
|
|t:|1757780270
|teamsize|p1|4
|teamsize|p2|4
|start
|switch|p1a: Amoonguss|Amoonguss, L50, M|100/100
|switch|p1b: Gholdengo|Gholdengo, L50|100/100
|switch|p2a: Pelipper|Pelipper, L50, F, shiny|100/100
|switch|p2b: Archaludon|Archaludon, L50, M, shiny|100/100
|-weather|RainDance|[from] ability: Drizzle|[of] p2a: Pelipper
|turn|1
|inactive|Richiskz has 30 seconds left.
|
|t:|1757780297
|move|p1a: Amoonguss|Rage Powder|p1a: Amoonguss
|-singleturn|p1a: Amoonguss|move: Rage Powder
|move|p2b: Archaludon|Snarl|p1a: Amoonguss|[spread] p1a,p1b
|-supereffective|p1b: Gholdengo
|-damage|p1a: Amoonguss|90/100
|-damage|p1b: Gholdengo|71/100
|-unboost|p1b: Gholdengo|spa|1
|move|p1b: Gholdengo|Nasty Plot|p1b: Gholdengo
|-boost|p1b: Gholdengo|spa|2
|move|p2a: Pelipper|Hurricane|p1a: Amoonguss
|-supereffective|p1a: Amoonguss
|-damage|p1a: Amoonguss|2/100
|
|-weather|RainDance|[upkeep]
|upkeep
|turn|2
|inactive|Richiskz has 30 seconds left.
|
|t:|1757780327
|switch|p1a: Ursaluna|Ursaluna-Bloodmoon, L50, M|100/100
|move|p2b: Archaludon|Snarl|p1b: Gholdengo|[spread] p1a,p1b
|-supereffective|p1b: Gholdengo
|-damage|p1a: Ursaluna|93/100
|-damage|p1b: Gholdengo|42/100
|-unboost|p1a: Ursaluna|spa|1
|-unboost|p1b: Gholdengo|spa|1
|move|p1b: Gholdengo|Shadow Ball|p2a: Pelipper
|-damage|p2a: Pelipper|23/100
|-damage|p1b: Gholdengo|32/100|[from] item: Life Orb
|move|p2a: Pelipper|Weather Ball|p1b: Gholdengo
|-damage|p1b: Gholdengo|0 fnt
|faint|p1b: Gholdengo
|
|-weather|RainDance|[upkeep]
|upkeep
|
|t:|1757780335
|switch|p1b: Sneasler|Sneasler, L50, F|100/100
|turn|3
|inactive|Richiskz has 30 seconds left.
|
|t:|1757780363
|switch|p2a: Maushold|Maushold-Four, L50, shiny|100/100
|-terastallize|p2b: Archaludon|Bug
|move|p1b: Sneasler|Dire Claw|p2a: Maushold
|-damage|p2a: Maushold|59/100
|move|p2b: Archaludon|Electro Shot||[still]
|-prepare|p2b: Archaludon|Electro Shot
|-boost|p2b: Archaludon|spa|1
|-anim|p2b: Archaludon|Electro Shot|p1b: Sneasler
|-damage|p1b: Sneasler|19/100
|move|p1a: Ursaluna|Blood Moon|p2b: Archaludon
|-damage|p2b: Archaludon|67/100
|-ability|p2b: Archaludon|Stamina|boost
|-boost|p2b: Archaludon|def|1
|
|-weather|RainDance|[upkeep]
|upkeep
|turn|4
|
|t:|1757780387
|switch|p2a: Sinistcha|Sinistcha, L50, shiny|100/100
|-heal|p2b: Archaludon|92/100|[from] ability: Hospitality|[of] p2a: Sinistcha
|switch|p1a: Amoonguss|Amoonguss, L50, M|35/100
|move|p1b: Sneasler|Protect|p1b: Sneasler
|-singleturn|p1b: Sneasler|Protect
|move|p2b: Archaludon|Electro Shot||[still]
|-prepare|p2b: Archaludon|Electro Shot
|-boost|p2b: Archaludon|spa|1
|-anim|p2b: Archaludon|Electro Shot|p1b: Sneasler
|-activate|p1b: Sneasler|move: Protect
|
|-weather|RainDance|[upkeep]
|upkeep
|turn|5
|inactive|Pokeventurer has 30 seconds left.
|
|t:|1757780414
|switch|p1a: Ursaluna|Ursaluna-Bloodmoon, L50, M|93/100
|move|p2a: Sinistcha|Rage Powder|p2a: Sinistcha
|-singleturn|p2a: Sinistcha|move: Rage Powder
|move|p1b: Sneasler|Dire Claw|p2a: Sinistcha
|-damage|p2a: Sinistcha|61/100
|-status|p2a: Sinistcha|par
|move|p2b: Archaludon|Snarl|p1a: Ursaluna|[spread] p1a,p1b
|-resisted|p1b: Sneasler
|-damage|p1a: Ursaluna|77/100
|-damage|p1b: Sneasler|3/100
|-unboost|p1a: Ursaluna|spa|1
|-unboost|p1b: Sneasler|spa|1
|
|-weather|none
|upkeep
|turn|6
|
|t:|1757780436
|switch|p1b: Amoonguss|Amoonguss, L50, M|69/100
|move|p2a: Sinistcha|Rage Powder|p2a: Sinistcha
|-singleturn|p2a: Sinistcha|move: Rage Powder
|move|p2b: Archaludon|Snarl|p1b: Amoonguss|[spread] p1a,p1b
|-damage|p1a: Ursaluna|59/100
|-damage|p1b: Amoonguss|48/100
|-unboost|p1a: Ursaluna|spa|1
|move|p1a: Ursaluna|Blood Moon|p2a: Sinistcha
|-damage|p2a: Sinistcha|25/100 par
|-enditem|p2a: Sinistcha|Sitrus Berry|[eat]
|-heal|p2a: Sinistcha|50/100 par|[from] item: Sitrus Berry
|
|upkeep
|turn|7
|
|t:|1757780455
|move|p2b: Archaludon|Body Press|p1a: Ursaluna
|-supereffective|p1a: Ursaluna
|-damage|p1a: Ursaluna|6/100
|move|p1a: Ursaluna|Hyper Voice|p2b: Archaludon|[spread] p2a,p2b
|-damage|p2a: Sinistcha|33/100 par
|-damage|p2b: Archaludon|75/100
|-ability|p2b: Archaludon|Stamina|boost
|-boost|p2b: Archaludon|def|1
|move|p1b: Amoonguss|Pollen Puff|p1a: Ursaluna
|-heal|p1a: Ursaluna|56/100
|move|p2a: Sinistcha|Matcha Gotcha|p1b: Amoonguss|[spread] p1a,p1b
|-supereffective|p1a: Ursaluna
|-resisted|p1b: Amoonguss
|-damage|p1a: Ursaluna|26/100
|-heal|p2a: Sinistcha|50/100 par|[from] drain|[of] p1a: Ursaluna
|-damage|p1b: Amoonguss|44/100
|-heal|p2a: Sinistcha|53/100 par|[from] drain|[of] p1b: Amoonguss
|
|upkeep
|turn|8
|inactive|Pokeventurer has 30 seconds left.
|
|t:|1757780483
|switch|p2a: Maushold|Maushold-Four, L50, shiny|59/100
|move|p2b: Archaludon|Body Press|p1a: Ursaluna
|-supereffective|p1a: Ursaluna
|-damage|p1a: Ursaluna|0 fnt
|faint|p1a: Ursaluna
|move|p1b: Amoonguss|Spore|p2b: Archaludon
|-status|p2b: Archaludon|slp|[from] move: Spore
|
|upkeep
|c|â˜†Richiskz|gg
|
|t:|1757780488
|switch|p1a: Sneasler|Sneasler, L50, F|3/100
|turn|9
|c|â˜†Pokeventurer|gg
|
|t:|1757780507
|move|p1a: Sneasler|Close Combat|p2a: Maushold
|-supereffective|p2a: Maushold
|-damage|p2a: Maushold|0 fnt
|-unboost|p1a: Sneasler|def|1
|-unboost|p1a: Sneasler|spd|1
|faint|p2a: Maushold
|cant|p2b: Archaludon|slp
|move|p1b: Amoonguss|Pollen Puff|p1a: Sneasler
|-heal|p1a: Sneasler|53/100
|
|upkeep
|
|t:|1757780518
|switch|p2a: Pelipper|Pelipper, L50, F, shiny|23/100
|-weather|RainDance|[from] ability: Drizzle|[of] p2a: Pelipper
|turn|10
|
|t:|1757780532
|move|p1a: Sneasler|Dire Claw|p2a: Pelipper
|-damage|p2a: Pelipper|0 fnt
|faint|p2a: Pelipper
|cant|p2b: Archaludon|slp
|move|p1b: Amoonguss|Pollen Puff|p1a: Sneasler
|-heal|p1a: Sneasler|100/100
|
|-weather|RainDance|[upkeep]
|upkeep
|
|t:|1757780541
|switch|p2a: Sinistcha|Sinistcha, L50, shiny|53/100 par
|-heal|p2b: Archaludon|99/100 slp|[from] ability: Hospitality|[of] p2a: Sinistcha
|turn|11
|
|t:|1757780552
|-terastallize|p1a: Sneasler|Stellar
|cant|p2a: Sinistcha|par
|move|p1a: Sneasler|Throat Chop|p2a: Sinistcha
|-supereffective|p2a: Sinistcha
|-damage|p2a: Sinistcha|0 fnt
|faint|p2a: Sinistcha
|cant|p2b: Archaludon|slp
|move|p1b: Amoonguss|Spore|p2b: Archaludon
|-fail|p2b: Archaludon|slp
|
|-weather|RainDance|[upkeep]
|upkeep
|turn|12
|
|t:|1757780570
|move|p1a: Sneasler|Protect|p1a: Sneasler
|-singleturn|p1a: Sneasler|Protect
|-curestatus|p2b: Archaludon|slp|[msg]
|move|p2b: Archaludon|Electro Shot||[still]
|-prepare|p2b: Archaludon|Electro Shot
|-boost|p2b: Archaludon|spa|1
|-anim|p2b: Archaludon|Electro Shot|p1b: Amoonguss
|-resisted|p1b: Amoonguss
|-damage|p1b: Amoonguss|4/100
|move|p1b: Amoonguss|Spore|p2b: Archaludon
|-status|p2b: Archaludon|slp|[from] move: Spore
|
|-weather|RainDance|[upkeep]
|upkeep
|turn|13
|
|t:|1757780584
|move|p1a: Sneasler|Close Combat|p2b: Archaludon
|-resisted|p2b: Archaludon
|-damage|p2b: Archaludon|82/100 slp
|-unboost|p1a: Sneasler|def|1
|-unboost|p1a: Sneasler|spd|1
|-ability|p2b: Archaludon|Stamina|boost
|-boost|p2b: Archaludon|def|1
|cant|p2b: Archaludon|slp
|move|p1b: Amoonguss|Pollen Puff|p2b: Archaludon
|-damage|p2b: Archaludon|64/100 slp
|-ability|p2b: Archaludon|Stamina|boost
|-boost|p2b: Archaludon|def|1
|
|-weather|RainDance|[upkeep]
|upkeep
|turn|14
|
|t:|1757780597
|move|p1a: Sneasler|Dire Claw|p2b: Archaludon
|-damage|p2b: Archaludon|47/100 slp
|-ability|p2b: Archaludon|Stamina|boost
|-boost|p2b: Archaludon|def|1
|-curestatus|p2b: Archaludon|slp|[msg]
|move|p2b: Archaludon|Electro Shot||[still]
|-prepare|p2b: Archaludon|Electro Shot
|-boost|p2b: Archaludon|spa|1
|-anim|p2b: Archaludon|Electro Shot|p1a: Sneasler
|-crit|p1a: Sneasler
|-enditem|p1a: Sneasler|Focus Sash
|-damage|p1a: Sneasler|1/100
|move|p1b: Amoonguss|Pollen Puff|p2b: Archaludon
|-damage|p2b: Archaludon|31/100
|-ability|p2b: Archaludon|Stamina|boost
|-boost|p2b: Archaludon|def|1
|
|-weather|none
|upkeep
|turn|15
|
|t:|1757780614
|move|p1b: Amoonguss|Rage Powder|p1b: Amoonguss
|-singleturn|p1b: Amoonguss|move: Rage Powder
|move|p1a: Sneasler|Dire Claw|p2b: Archaludon
|-damage|p2b: Archaludon|21/100
|-status|p2b: Archaludon|par
|cant|p2b: Archaludon|par
|
|upkeep
|turn|16
|c|â˜†Richiskz|xDDDDDDDDDDD
|c|â˜†Pokeventurer|damn
|c|â˜†Pokeventurer|sorry
|c|â˜†Pokeventurer|i played the outs
|c|â˜†Richiskz|wp
|
|t:|1757780636
|move|p1b: Amoonguss|Rage Powder|p1b: Amoonguss
|-singleturn|p1b: Amoonguss|move: Rage Powder
|move|p1a: Sneasler|Dire Claw|p2b: Archaludon
|-damage|p2b: Archaludon|12/100 par
|cant|p2b: Archaludon|par
|
|upkeep
|turn|17
|c|â˜†Pokeventurer|gg
|c|â˜†Richiskz|xDXDFDD
|c|â˜†Richiskz|D
|
|t:|1757780646
|move|p1b: Amoonguss|Rage Powder|p1b: Amoonguss
|-singleturn|p1b: Amoonguss|move: Rage Powder
|move|p1a: Sneasler|Dire Claw|p2b: Archaludon
|-damage|p2b: Archaludon|3/100 par
|move|p2b: Archaludon|Snarl|p1b: Amoonguss|[spread] p1a,p1b
|-resisted|p1a: Sneasler
|-damage|p1a: Sneasler|0 fnt
|-damage|p1b: Amoonguss|0 fnt
|faint|p1a: Sneasler
|faint|p1b: Amoonguss
|
|win|Richiskz
|raw|Pokeventurer's rating: 1113 → 1091(-22 for losing)
|raw|Richiskz's rating: 1153 → 1175(+22 for winning)
|c|â˜†Pokeventurer|gg
