|j|☆jacre22
|j|☆spiritneko666
|html|jacre22spiritneko666    
|uhtml|bestof|Game 2 of a best-of-3
|t:|1756069800
|gametype|doubles
|player|p1|jacre22|iris-gen5bw2|1245
|player|p2|spiritneko666|psychic-gen4|1214
|gen|9
|tier|[Gen 9] VGC 2025 Reg H (Bo3)
|rated|
|rule|Species Clause: Limit one of each Pokémon
|rule|Item Clause: Limit 1 of each item
|clearpoke
|poke|p1|Whimsicott, L50, M|
|poke|p1|Garchomp, L50, F|
|poke|p1|Gholdengo, L50|
|poke|p1|Incineroar, L50, M|
|poke|p1|Sneasler, L50, F|
|poke|p1|Dragonite, L50, M|
|poke|p2|Sneasler, L50, M|
|poke|p2|Indeedee, L50, M|
|poke|p2|Ursaluna-Bloodmoon, L50, M|
|poke|p2|Electabuzz, L50, F|
|poke|p2|Incineroar, L50, M|
|poke|p2|Talonflame, L50, F|
|teampreview|4
|showteam|p1|Whimsicott||FocusSash|Prankster|Moonblast,Tailwind,Encore,Protect|||M|||50|,,,,,Ghost]Garchomp||LifeOrb|RoughSkin|Earthquake,DragonClaw,StompingTantrum,Protect|||F|||50|,,,,,Ground]Gholdengo||ChoiceSpecs|GoodasGold|MakeItRain,ShadowBall,Trick,PowerGem||||||50|,,,,,Steel]Incineroar||AssaultVest|Intimidate|FakeOut,FlareBlitz,KnockOff,Uturn|||M|||50|,,,,,Grass]Sneasler||WhiteHerb|Unburden|FakeOut,DireClaw,CloseCombat,Protect|||F|||50|,,,,,Stellar]Dragonite||ChoiceBand|InnerFocus|ExtremeSpeed,Outrage,IceSpinner,StompingTantrum|||M|||50|,,,,,Normal
|showteam|p2|Sneasler||PsychicSeed|Unburden|CloseCombat,DireClaw,ThroatChop,Protect|||M|||50|,,,,,Dark]Indeedee||FocusSash|PsychicSurge|ExpandingForce,TrickRoom,HelpingHand,Protect|||M|||50|,,,,,Psychic]Ursaluna-Bloodmoon||LifeOrb|MindsEye|BloodMoon,HyperVoice,EarthPower,Protect|||M|||50|,,,,,Normal]Electabuzz||Eviolite|VitalSpirit|Electroweb,FollowMe,Taunt,Protect|||F|||50|,,,,,Dragon]Incineroar||SafetyGoggles|Intimidate|FlareBlitz,KnockOff,PartingShot,FakeOut|||M|||50|,,,,,Ghost]Talonflame||CovertCloak|GaleWings|FlareBlitz,DualWingbeat,WillOWisp,Tailwind|||F|||50|,,,,,Fairy
|inactive|Battle timer is ON: inactive players will automatically lose when time's up. (requested by spiritneko666)
|inactive|spiritneko666 has 60 seconds left.
|inactive|spiritneko666 has 30 seconds left.
|inactive|spiritneko666 has 20 seconds left.
|inactive|spiritneko666 has 15 seconds left.
|inactive|spiritneko666 has 10 seconds left.
|inactive|spiritneko666 has 5 seconds left.
|
|t:|1756069887
|teamsize|p1|4
|teamsize|p2|4
|start
|switch|p1a: Whimsicott|Whimsicott, L50, M|100/100
|switch|p1b: Garchomp|Garchomp, L50, F|100/100
|switch|p2a: Maple|Ursaluna-Bloodmoon, L50, M|100/100
|switch|p2b: Talonflame|Talonflame, L50, F|100/100
|turn|1
|inactive|jacre22 has 30 seconds left.
|
|t:|1756069921
|switch|p2a: Incineroar|Incineroar, L50, M|100/100
|-ability|p2a: Incineroar|Intimidate|boost
|-unboost|p1a: Whimsicott|atk|1
|-unboost|p1b: Garchomp|atk|1
|move|p1a: Whimsicott|Protect|p1a: Whimsicott
|-singleturn|p1a: Whimsicott|Protect
|move|p1b: Garchomp|Protect|p1b: Garchomp
|-singleturn|p1b: Garchomp|Protect
|move|p2b: Talonflame|Dual Wingbeat|p1a: Whimsicott
|-activate|p1a: Whimsicott|move: Protect
|
|upkeep
|turn|2
|inactive|jacre22 has 30 seconds left.
|inactive|spiritneko666 has 30 seconds left.
|
|t:|1756069953
|switch|p1b: Dragonite|Dragonite, L50, M|100/100
|-terastallize|p1a: Whimsicott|Ghost
|move|p2a: Incineroar|Fake Out|p1a: Whimsicott
|-immune|p1a: Whimsicott
|move|p2b: Talonflame|Dual Wingbeat|p1a: Whimsicott
|-damage|p1a: Whimsicott|78/100
|-damage|p1a: Whimsicott|55/100
|-hitcount|p1a: Whimsicott|2
|move|p1a: Whimsicott|Tailwind|p1a: Whimsicott
|-sidestart|p1: jacre22|move: Tailwind
|
|upkeep
|turn|3
|inactive|jacre22 has 30 seconds left.
|
|t:|1756069979
|switch|p1a: Garchomp|Garchomp, L50, F|100/100
|move|p2b: Talonflame|Tailwind|p2b: Talonflame
|-sidestart|p2: spiritneko666|move: Tailwind
|move|p2a: Incineroar|Parting Shot|p1b: Dragonite
|-unboost|p1b: Dragonite|atk|1
|-unboost|p1b: Dragonite|spa|1
|
|t:|1756069986
|switch|p2a: Sonya|Sneasler, L50, M|100/100|[from] Parting Shot
|move|p1b: Dragonite|Outrage|p2b: Talonflame
|-damage|p2b: Talonflame|0 fnt
|faint|p2b: Talonflame
|
|upkeep
|
|t:|1756069992
|switch|p2b: Incineroar|Incineroar, L50, M|100/100
|-ability|p2b: Incineroar|Intimidate|boost
|-unboost|p1a: Garchomp|atk|1
|-fail|p1b: Dragonite|unboost|Attack|[from] ability: Inner Focus|[of] p1b: Dragonite
|turn|4
|
|t:|1756070008
|move|p1a: Garchomp|Protect|p1a: Garchomp
|-singleturn|p1a: Garchomp|Protect
|move|p2b: Incineroar|Fake Out|p1a: Garchomp
|-activate|p1a: Garchomp|move: Protect
|move|p2a: Sonya|Dire Claw|p1b: Dragonite
|-damage|p1b: Dragonite|58/100
|move|p1b: Dragonite|Outrage|p2b: Incineroar|[from] lockedmove
|-damage|p2b: Incineroar|30/100
|-start|p1b: Dragonite|confusion|[fatigue]
|
|upkeep
|turn|5
|inactive|spiritneko666 has 30 seconds left.
|
|t:|1756070038
|move|p2a: Sonya|Dire Claw|p1a: Garchomp
|-resisted|p1a: Garchomp
|-damage|p1a: Garchomp|77/100
|-damage|p2a: Sonya|88/100|[from] ability: Rough Skin|[of] p1a: Garchomp
|move|p1a: Garchomp|Earthquake|p2b: Incineroar|[spread] p2a,p2b
|-immune|p1b: Dragonite
|-supereffective|p2a: Sonya
|-supereffective|p2b: Incineroar
|-crit|p2b: Incineroar
|-damage|p2a: Sonya|0 fnt
|-damage|p2b: Incineroar|0 fnt
|faint|p2a: Sonya
|faint|p2b: Incineroar
|-damage|p1a: Garchomp|67/100|[from] item: Life Orb
|-activate|p1b: Dragonite|confusion
|move|p1b: Dragonite|Outrage|p2: Sonya|[notarget]
|-fail|p1b: Dragonite
|
|-sideend|p1: jacre22|move: Tailwind
|upkeep
|
|t:|1756070046
|switch|p2b: Maple|Ursaluna-Bloodmoon, L50, M|100/100
|turn|6
|
|t:|1756070061
|switch|p1b: Whimsicott|Whimsicott, L50, M, tera:Ghost|55/100
|-terastallize|p2b: Maple|Normal
|move|p1a: Garchomp|Protect|p1a: Garchomp
|-singleturn|p1a: Garchomp|Protect
|move|p2b: Maple|Hyper Voice|p1b: Whimsicott|[spread] p1b
|-activate|p1a: Garchomp|move: Protect
|-damage|p1b: Whimsicott|0 fnt
|faint|p1b: Whimsicott
|-damage|p2b: Maple|91/100|[from] item: Life Orb
|
|-sideend|p2: spiritneko666|move: Tailwind
|upkeep
|
|t:|1756070074
|switch|p1b: Dragonite|Dragonite, L50, M|58/100
|turn|7
|-message|spiritneko666 forfeited.
|
|win|jacre22
|raw|jacre22's rating: 1245 → 1268(+23 for winning)
|raw|spiritneko666's rating: 1214 → 1191(-23 for losing)
|l|☆spiritneko666
|player|p2|
|c|☆jacre22|ggs
