|j|☆TapuYolo VGC
|j|☆bonomia
|html|TapuYolo VGCbonomia    
|uhtml|bestof|Game 2 of a best-of-3
|t:|1782576414
|gametype|doubles
|player|p1|TapuYolo VGC|iris|
|player|p2|bonomia|265|
|gen|9
|tier|[Gen 9 Champions] VGC 2026 Reg M-B (Bo3)
|rule|Species Clause: Limit one of each Pokémon
|rule|Item Clause: Limit 1 of each item
|clearpoke
|poke|p1|Eelektross, L50, M|
|poke|p1|Delphox, L50, M|
|poke|p1|Ninetales-Alola, L50, M|
|poke|p1|Garchomp, L50, M|
|poke|p1|Kingambit, L50, F|
|poke|p1|Whimsicott, L50, M|
|poke|p2|Venusaur, L50, F|
|poke|p2|Grimmsnarl, L50, M|
|poke|p2|Rotom-Wash, L50|
|poke|p2|Talonflame, L50, F|
|poke|p2|Garchomp, L50, M|
|poke|p2|Kingambit, L50, F|
|teampreview|4
|showteam|p1|Eelektross||Eelektrossite|Levitate|ThunderPunch,DrainPunch,Coil,Protect|Adamant||M|||50|]Delphox||Delphoxite|Blaze|HeatWave,Psychic,WillOWisp,Protect|Timid||M|||50|]Ninetales-Alola||NeverMeltIce|SnowWarning|Blizzard,FreezeDry,Moonblast,Protect|Timid||M|||50|]Garchomp||ExpertBelt|RoughSkin|DragonClaw,Earthquake,RockSlide,Protect|Jolly||M|||50|]Kingambit||BlackGlasses|Defiant|KowtowCleave,SuckerPunch,IronHead,Protect|Adamant||F|||50|]Whimsicott||CobaBerry|Prankster|Moonblast,Tailwind,Encore,Protect|Bold||M|||50|
|showteam|p2|Venusaur||Venusaurite|Chlorophyll|Protect,SludgeBomb,GigaDrain,EarthPower|Modest||F|||50|]Grimmsnarl||LightClay|Prankster|FoulPlay,LightScreen,Reflect,PartingShot|Calm||M|||50|]Rotom-Wash||ChoiceScarf|Levitate|Thunderbolt,HydroPump,Trick,WillOWisp|Modest|||||50|]Talonflame|||GaleWings|Protect,Acrobatics,WillOWisp,Tailwind|Jolly||F|||50|]Garchomp||LifeOrb|RoughSkin|Protect,StompingTantrum,Earthquake,DragonClaw|Jolly||M|||50|]Kingambit||FocusSash|Defiant|KowtowCleave,SuckerPunch,IronHead,LowKick|Jolly||F|||50|
|inactive|Battle timer is ON: inactive players will automatically lose when time's up. (requested by TapuYolo VGC)
|inactive|TapuYolo VGC has 60 seconds left.
|
|t:|1782576446
|teamsize|p1|4
|teamsize|p2|4
|start
|switch|p1a: Ninetales|Ninetales-Alola, L50, M|100/100
|switch|p1b: Garchomp|Garchomp, L50, M|100/100
|switch|p2a: Grimmsnarl|Grimmsnarl, L50, M|100/100
|switch|p2b: Venusaur|Venusaur, L50, F|100/100
|-weather|Snowscape|[from] ability: Snow Warning|[of] p1a: Ninetales
|turn|1
|inactive|bonomia has 30 seconds left.
|
|t:|1782576477
|detailschange|p2b: Venusaur|Venusaur-Mega, L50, F
|-mega|p2b: Venusaur|Venusaur|Venusaurite
|move|p1a: Ninetales|Protect|p1a: Ninetales
|-singleturn|p1a: Ninetales|Protect
|move|p2a: Grimmsnarl|Light Screen|p2a: Grimmsnarl
|-sidestart|p2: bonomia|move: Light Screen
|move|p1b: Garchomp|Earthquake|p2a: Grimmsnarl|[spread] p2a,p2b
|-activate|p1a: Ninetales|move: Protect
|-damage|p2a: Grimmsnarl|61/100
|-damage|p2b: Venusaur|67/100
|move|p2b: Venusaur|Sludge Bomb|p1a: Ninetales
|-activate|p1a: Ninetales|move: Protect
|
|-weather|Snowscape|[upkeep]
|upkeep
|turn|2
|
|t:|1782576494
|move|p2a: Grimmsnarl|Parting Shot|p1b: Garchomp
|-unboost|p1b: Garchomp|atk|1
|-unboost|p1b: Garchomp|spa|1
|
|t:|1782576496
|switch|p2a: Talonflame|Talonflame, L50, F|100/100|[from] Parting Shot
|move|p1a: Ninetales|Blizzard|p2a: Talonflame|[spread] p2a,p2b
|-supereffective|p2b: Venusaur|1
|-damage|p2a: Talonflame|68/100
|-damage|p2b: Venusaur|48/100
|move|p1b: Garchomp|Rock Slide|p2b: Venusaur|[spread] p2a,p2b
|-supereffective|p2a: Talonflame|2
|-crit|p2b: Venusaur
|-damage|p2a: Talonflame|0 fnt
|-damage|p2b: Venusaur|27/100
|faint|p2a: Talonflame
|move|p2b: Venusaur|Sludge Bomb|p1a: Ninetales
|-supereffective|p1a: Ninetales|1
|-damage|p1a: Ninetales|5/100
|
|-weather|Snowscape|[upkeep]
|upkeep
|
|t:|1782576512
|switch|p2a: Kingambit|Kingambit, L50, F|100/100
|turn|3
|
|t:|1782576522
|move|p1a: Ninetales|Blizzard|p2a: Kingambit|[spread] p2a,p2b
|-resisted|p2a: Kingambit|1
|-supereffective|p2b: Venusaur|1
|-damage|p2a: Kingambit|86/100
|-damage|p2b: Venusaur|9/100
|move|p1b: Garchomp|Earthquake|p2b: Venusaur|[spread] p1a,p2a,p2b
|-supereffective|p2a: Kingambit|1
|-crit|p2a: Kingambit
|-damage|p1a: Ninetales|0 fnt
|-damage|p2a: Kingambit|0 fnt
|-damage|p2b: Venusaur|0 fnt
|faint|p1a: Ninetales
|faint|p2a: Kingambit
|faint|p2b: Venusaur
|
|-weather|Snowscape|[upkeep]
|upkeep
|
|t:|1782576533
|switch|p1a: Whimsicott|Whimsicott, L50, M|100/100
|switch|p2b: Grimmsnarl|Grimmsnarl, L50, M|61/100
|turn|4
|
|t:|1782576538
|move|p1b: Garchomp|Rock Slide|p2b: Grimmsnarl
|-damage|p2b: Grimmsnarl|43/100
|move|p1a: Whimsicott|Moonblast|p2b: Grimmsnarl
|-supereffective|p2b: Grimmsnarl|1
|-damage|p2b: Grimmsnarl|9/100
|cant|p2b: Grimmsnarl|flinch
|
|-weather|Snowscape|[upkeep]
|upkeep
|turn|5
|
|t:|1782576546
|move|p1b: Garchomp|Rock Slide|p2b: Grimmsnarl
|-damage|p2b: Grimmsnarl|0 fnt
|faint|p2b: Grimmsnarl
|
|win|TapuYolo VGC
||bonomia is ready for game 3.
||TapuYolo VGC is ready for game 3.
|uhtml|next|Next: Game 3 of 3
