|j|☆Jakobtc
|j|☆The median voter
|html|JakobtcThe median voter    
|uhtml|bestof|Game 2 of a best-of-3
|t:|1755919779
|gametype|doubles
|player|p1|Jakobtc|riley|1254
|player|p2|The median voter|scientist-gen4dp|1340
|gen|9
|tier|[Gen 9] VGC 2025 Reg H (Bo3)
|rated|
|rule|Species Clause: Limit one of each Pokémon
|rule|Item Clause: Limit 1 of each item
|clearpoke
|poke|p1|Azumarill, L50, M|
|poke|p1|Archaludon, L50, F|
|poke|p1|Pelipper, L50, M|
|poke|p1|Annihilape, L50, M|
|poke|p1|Maushold-Four, L50|
|poke|p1|Rillaboom, L50, F|
|poke|p2|Kommo-o, L50, F|
|poke|p2|Volcarona, L50, M|
|poke|p2|Rillaboom, L50, F|
|poke|p2|Kingambit, L50, M|
|poke|p2|Ninetales-Alola, L50, F|
|poke|p2|Arcanine-Hisui, L50, F|
|teampreview|4
|showteam|p1|Azumarill||SitrusBerry|HugePower|AquaJet,PlayRough,BellyDrum,Protect|||M|||50|,,,,,Poison]Archaludon||AssaultVest|Stamina|ElectroShot,DragonPulse,Snarl,BodyPress|||F|||50|,,,,,Bug]Pelipper||FocusSash|Drizzle|WeatherBall,Hurricane,Tailwind,Protect|||M|||50|,,,,,Ghost]Annihilape||Leftovers|Defiant|RageFist,DrainPunch,BulkUp,Protect|||M|||50|,,,,,Fire]Maushold-Four||SafetyGoggles|FriendGuard|FollowMe,BeatUp,Taunt,Protect||||||50|,,,,,Ghost]Rillaboom||MiracleSeed|GrassySurge|FakeOut,GrassyGlide,WoodHammer,HighHorsepower|||F|||50|,,,,,Fire
|showteam|p2|Kommo-o||GrassySeed|Overcoat|BodyPress,Taunt,Protect,Flamethrower|||F|||50|,,,,,Fire]Volcarona||SitrusBerry|FlameBody|HeatWave,GigaDrain,QuiverDance,Protect|||M|||50|,,,,,Grass]Rillaboom||AssaultVest|GrassySurge|FakeOut,GrassyGlide,WoodHammer,HighHorsepower|||F|||50|,,,,,Fire]Kingambit||BlackGlasses|Defiant|KowtowCleave,SuckerPunch,SwordsDance,Protect|||M|||50|,,,,,Dark]Ninetales-Alola||LifeOrb|SnowWarning|Blizzard,Protect,AuroraVeil,FreezeDry|||F|||50|,,,,,Ghost]Arcanine-Hisui||FocusSash|Intimidate|RockSlide,FlareBlitz,ExtremeSpeed,Protect|||F|||50|,,,,,Ghost
|
|t:|1755919803
|teamsize|p1|4
|teamsize|p2|4
|start
|switch|p1a: Azumarill|Azumarill, L50, M|100/100
|switch|p1b: Maushold|Maushold-Four, L50|100/100
|switch|p2a: Rillaboom|Rillaboom, L50, F|100/100
|switch|p2b: Kommo-o|Kommo-o, L50, F|100/100
|-fieldstart|move: Grassy Terrain|[from] ability: Grassy Surge|[of] p2a: Rillaboom
|-enditem|p2b: Kommo-o|Grassy Seed
|-boost|p2b: Kommo-o|def|1|[from] item: Grassy Seed
|turn|1
|inactive|Battle timer is ON: inactive players will automatically lose when time's up. (requested by Jakobtc)
|
|t:|1755919816
|switch|p1a: Annihilape|Annihilape, L50, M|100/100
|-terastallize|p1b: Maushold|Ghost
|move|p2a: Rillaboom|Fake Out|p1a: Annihilape
|-immune|p1a: Annihilape
|move|p1b: Maushold|Beat Up|p1a: Annihilape
|-damage|p1a: Annihilape|98/100
|-damage|p1a: Annihilape|96/100
|-damage|p1a: Annihilape|94/100
|-damage|p1a: Annihilape|93/100
|-hitcount|p1a: Annihilape|4
|move|p2b: Kommo-o|Taunt|p1a: Annihilape
|-start|p1a: Annihilape|move: Taunt
|
|-heal|p1a: Annihilape|99/100|[from] Grassy Terrain
|-heal|p1a: Annihilape|100/100|[from] item: Leftovers
|upkeep
|turn|2
|inactive|Jakobtc has 30 seconds left.
|
|t:|1755919844
|switch|p2a: Kingambit|Kingambit, L50, M|100/100
|move|p1b: Maushold|Follow Me|p1b: Maushold
|-singleturn|p1b: Maushold|move: Follow Me
|move|p2b: Kommo-o|Taunt|p1b: Maushold
|-start|p1b: Maushold|move: Taunt
|move|p1a: Annihilape|Rage Fist|p2b: Kommo-o
|-damage|p2b: Kommo-o|39/100
|
|-heal|p2b: Kommo-o|45/100|[from] Grassy Terrain
|upkeep
|turn|3
|inactive|Jakobtc has 30 seconds left.
|inactive|Jakobtc has 20 seconds left.
|
|t:|1755919881
|-terastallize|p2a: Kingambit|Dark
|move|p1b: Maushold|Beat Up|p2a: Kingambit
|-resisted|p2a: Kingambit
|-damage|p2a: Kingambit|99/100
|-resisted|p2a: Kingambit
|-damage|p2a: Kingambit|99/100
|-resisted|p2a: Kingambit
|-damage|p2a: Kingambit|98/100
|-resisted|p2a: Kingambit
|-damage|p2a: Kingambit|98/100
|-hitcount|p2a: Kingambit|4
|move|p2b: Kommo-o|Body Press|p1b: Maushold
|-immune|p1b: Maushold
|move|p1a: Annihilape|Drain Punch|p2a: Kingambit
|-supereffective|p2a: Kingambit
|-damage|p2a: Kingambit|43/100
|move|p2a: Kingambit|Kowtow Cleave|p1a: Annihilape
|-damage|p1a: Annihilape|42/100
|
|-heal|p2b: Kommo-o|51/100|[from] Grassy Terrain
|-heal|p1a: Annihilape|48/100|[from] Grassy Terrain
|-heal|p1a: Annihilape|54/100|[from] item: Leftovers
|-heal|p2a: Kingambit|48/100|[from] Grassy Terrain
|-end|p1a: Annihilape|move: Taunt
|upkeep
|turn|4
|inactive|Jakobtc has 30 seconds left.
|
|t:|1755919910
|switch|p1b: Azumarill|Azumarill, L50, M|100/100
|move|p1a: Annihilape|Protect|p1a: Annihilape
|-singleturn|p1a: Annihilape|Protect
|move|p2a: Kingambit|Protect|p2a: Kingambit
|-singleturn|p2a: Kingambit|Protect
|move|p2b: Kommo-o|Flamethrower|p1a: Annihilape
|-activate|p1a: Annihilape|move: Protect
|
|-heal|p2b: Kommo-o|57/100|[from] Grassy Terrain
|-heal|p1a: Annihilape|60/100|[from] Grassy Terrain
|-heal|p1a: Annihilape|66/100|[from] item: Leftovers
|-heal|p2a: Kingambit|54/100|[from] Grassy Terrain
|upkeep
|turn|5
|inactive|Jakobtc has 30 seconds left.
|
|t:|1755919940
|move|p2a: Kingambit|Sucker Punch||[still]
|-fail|p2a: Kingambit
|move|p2b: Kommo-o|Flamethrower|p1a: Annihilape
|-damage|p1a: Annihilape|48/100
|move|p1a: Annihilape|Bulk Up|p1a: Annihilape
|-boost|p1a: Annihilape|atk|1
|-boost|p1a: Annihilape|def|1
|move|p1b: Azumarill|Play Rough|p2a: Kingambit
|-supereffective|p2a: Kingambit
|-damage|p2a: Kingambit|0 fnt
|faint|p2a: Kingambit
|
|-heal|p2b: Kommo-o|63/100|[from] Grassy Terrain
|-heal|p1a: Annihilape|54/100|[from] Grassy Terrain
|-heal|p1a: Annihilape|60/100|[from] item: Leftovers
|-fieldend|move: Grassy Terrain
|upkeep
|
|t:|1755919943
|switch|p2a: Ninetales|Ninetales-Alola, L50, F|100/100
|-weather|Snowscape|[from] ability: Snow Warning|[of] p2a: Ninetales
|turn|6
|
|t:|1755919967
|switch|p2b: Rillaboom|Rillaboom, L50, F|100/100
|-fieldstart|move: Grassy Terrain|[from] ability: Grassy Surge|[of] p2b: Rillaboom
|switch|p1b: Maushold|Maushold-Four, L50, tera:Ghost|100/100
|move|p2a: Ninetales|Blizzard|p1a: Annihilape|[spread] p1a,p1b
|-damage|p1a: Annihilape|32/100
|-damage|p1b: Maushold|48/100
|-status|p1a: Annihilape|frz
|-damage|p2a: Ninetales|91/100|[from] item: Life Orb
|cant|p1a: Annihilape|frz
|
|-weather|Snowscape|[upkeep]
|-heal|p1b: Maushold|54/100|[from] Grassy Terrain
|-heal|p2a: Ninetales|97/100|[from] Grassy Terrain
|-heal|p1a: Annihilape|38/100 frz|[from] Grassy Terrain
|-heal|p1a: Annihilape|44/100 frz|[from] item: Leftovers
|upkeep
|turn|7
|
|t:|1755919990
|move|p1b: Maushold|Follow Me|p1b: Maushold
|-singleturn|p1b: Maushold|move: Follow Me
|move|p2b: Rillaboom|Grassy Glide|p1b: Maushold
|-damage|p1b: Maushold|4/100
|move|p2a: Ninetales|Blizzard|p1a: Annihilape|[spread] p1a,p1b
|-damage|p1a: Annihilape|17/100 frz
|-damage|p1b: Maushold|0 fnt
|faint|p1b: Maushold
|-damage|p2a: Ninetales|88/100|[from] item: Life Orb
|cant|p1a: Annihilape|frz
|
|-weather|Snowscape|[upkeep]
|-heal|p2a: Ninetales|94/100|[from] Grassy Terrain
|-heal|p1a: Annihilape|23/100 frz|[from] Grassy Terrain
|-heal|p1a: Annihilape|29/100 frz|[from] item: Leftovers
|upkeep
|
|t:|1755920004
|switch|p1b: Pelipper|Pelipper, L50, M|100/100
|-weather|RainDance|[from] ability: Drizzle|[of] p1b: Pelipper
|turn|8
|
|t:|1755920021
|cant|p1a: Annihilape|frz
|move|p2a: Ninetales|Freeze-Dry|p1a: Annihilape
|-damage|p1a: Annihilape|0 fnt
|faint|p1a: Annihilape
|-damage|p2a: Ninetales|84/100|[from] item: Life Orb
|move|p1b: Pelipper|Hurricane|p2b: Rillaboom
|-supereffective|p2b: Rillaboom
|-damage|p2b: Rillaboom|34/100
|move|p2b: Rillaboom|Wood Hammer|p1b: Pelipper
|-enditem|p1b: Pelipper|Focus Sash
|-damage|p1b: Pelipper|1/100
|-damage|p2b: Rillaboom|12/100|[from] Recoil
|
|-weather|RainDance|[upkeep]
|-heal|p2a: Ninetales|90/100|[from] Grassy Terrain
|-heal|p2b: Rillaboom|18/100|[from] Grassy Terrain
|upkeep
|c|☆Jakobtc|that freeze was so unfortunate
|inactive|Jakobtc has 30 seconds left.
|
|t:|1755920051
|switch|p1a: Azumarill|Azumarill, L50, M|100/100
|turn|9
|
|t:|1755920056
|move|p2b: Rillaboom|Grassy Glide|p1a: Azumarill
|-supereffective|p1a: Azumarill
|-damage|p1a: Azumarill|19/100
|-enditem|p1a: Azumarill|Sitrus Berry|[eat]
|-heal|p1a: Azumarill|44/100|[from] item: Sitrus Berry
|move|p1a: Azumarill|Aqua Jet|p2b: Rillaboom
|-resisted|p2b: Rillaboom
|-damage|p2b: Rillaboom|0 fnt
|faint|p2b: Rillaboom
|move|p2a: Ninetales|Freeze-Dry|p1b: Pelipper
|-supereffective|p1b: Pelipper
|-damage|p1b: Pelipper|0 fnt
|faint|p1b: Pelipper
|-damage|p2a: Ninetales|81/100|[from] item: Life Orb
|
|-weather|RainDance|[upkeep]
|-heal|p2a: Ninetales|87/100|[from] Grassy Terrain
|-heal|p1a: Azumarill|50/100|[from] Grassy Terrain
|upkeep
|
|t:|1755920061
|switch|p2b: Kommo-o|Kommo-o, L50, F|63/100
|turn|10
|
|t:|1755920076
|move|p2a: Ninetales|Protect|p2a: Ninetales
|-singleturn|p2a: Ninetales|Protect
|move|p1a: Azumarill|Protect|p1a: Azumarill
|-singleturn|p1a: Azumarill|Protect
|move|p2b: Kommo-o|Flamethrower|p1a: Azumarill
|-activate|p1a: Azumarill|move: Protect
|
|-weather|RainDance|[upkeep]
|-heal|p2a: Ninetales|93/100|[from] Grassy Terrain
|-heal|p2b: Kommo-o|69/100|[from] Grassy Terrain
|-heal|p1a: Azumarill|55/100|[from] Grassy Terrain
|-fieldend|move: Grassy Terrain
|upkeep
|turn|11
|
|t:|1755920086
|move|p1a: Azumarill|Aqua Jet|p2a: Ninetales
|-damage|p2a: Ninetales|29/100
|move|p2a: Ninetales|Freeze-Dry|p1a: Azumarill
|-supereffective|p1a: Azumarill
|-damage|p1a: Azumarill|0 fnt
|faint|p1a: Azumarill
|-damage|p2a: Ninetales|19/100|[from] item: Life Orb
|
|win|The median voter
|raw|Jakobtc's rating: 1254 → 1235(-19 for losing)
|raw|The median voter's rating: 1340 → 1355(+15 for winning)
