|j|☆Mauricio0609!
|j|☆PinkSpaceDragon
|html|Mauricio0609!PinkSpaceDragon    
|uhtml|bestof|Game 1 of a best-of-3
|t:|1785790723
|gametype|doubles
|player|p1|Mauricio0609!|1|1063
|player|p2|PinkSpaceDragon|irida-masters2|1122
|gen|9
|tier|[Gen 9 Champions] VGC 2026 Reg M-B (Bo3)
|rated|
|rule|Species Clause: Limit one of each Pokémon
|rule|Item Clause: Limit 1 of each item
|clearpoke
|poke|p1|Delphox, L50, F|
|poke|p1|Glimmora, L50, M|
|poke|p1|Garchomp, L50, M|
|poke|p1|Kingambit, L50, F|
|poke|p1|Staraptor, L50, F|
|poke|p1|Sinistcha-Masterpiece, L50|
|poke|p2|Charizard, L50, F|
|poke|p2|Tsareena, L50, F|
|poke|p2|Aromatisse, L50, M|
|poke|p2|Garchomp, L50, M|
|poke|p2|Kingambit, L50, F|
|poke|p2|Aerodactyl, L50, M|
|teampreview|4
|showteam|p1|Delphox||Delphoxite|Blaze|Psychic,HeatWave,Protect,NastyPlot|Timid||F|||50|]Glimmora||FocusSash|ToxicDebris|PowerGem,SpikyShield,SludgeBomb,EarthPower|Modest||M|||50|]Garchomp||LifeOrb|RoughSkin|Earthquake,Protect,RockSlide,DragonClaw|Jolly||M|||50|]Kingambit||ChopleBerry|Defiant|KowtowCleave,IronHead,SuckerPunch,Protect|Adamant||F|||50|]Staraptor||Staraptite|Intimidate|CloseCombat,Tailwind,Protect,BraveBird|Jolly||F|||50|]Sinistcha-Masterpiece||Leftovers|Hospitality|MatchaGotcha,RagePowder,TrickRoom,Protect|Calm|||||50|
|showteam|p2|Charizard||CharizarditeY|Blaze|Protect,WeatherBall,HeatWave,SolarBeam|Modest||F|||50|]Tsareena||WideLens|QueenlyMajesty|Protect,PowerWhip,TripleAxel,LowKick|Adamant||F|||50|]Aromatisse||SitrusBerry|AromaVeil|Moonblast,HelpingHand,Encore,TrickRoom|Sassy||M|||50|]Garchomp||LifeOrb|RoughSkin|Protect,DragonClaw,Earthquake,RockSlide|Jolly||M|||50|]Kingambit||FocusSash|Defiant|KowtowCleave,IronHead,LowKick,SuckerPunch|Adamant||F|||50|]Aerodactyl||Aerodactylite|Unnerve|WideGuard,RockSlide,DualWingbeat,Tailwind|Jolly||M|||50|
|inactive|Battle timer is ON: inactive players will automatically lose when time's up. (requested by Mauricio0609!)
|inactive|PinkSpaceDragon has 60 seconds left.
|
|t:|1785790793
|teamsize|p1|4
|teamsize|p2|4
|start
|switch|p1a: Glimmora|Glimmora, L50, M|100/100
|switch|p1b: Kingambit|Kingambit, L50, F|100/100
|switch|p2a: Kingambit|Kingambit, L50, F|100/100
|switch|p2b: Garchomp|Garchomp, L50, M|100/100
|turn|1
|
|t:|1785790816
|move|p1a: Glimmora|Spiky Shield|p1a: Glimmora
|-singleturn|p1a: Glimmora|move: Protect
|move|p1b: Kingambit|Protect|p1b: Kingambit
|-singleturn|p1b: Kingambit|Protect
|move|p2b: Garchomp|Earthquake|p1b: Kingambit|[spread] p2a
|-activate|p1a: Glimmora|move: Protect
|-activate|p1b: Kingambit|move: Protect
|-supereffective|p2a: Kingambit|1
|-damage|p2a: Kingambit|15/100
|-damage|p2b: Garchomp|90/100|[from] item: Life Orb
|move|p2a: Kingambit|Low Kick|p1b: Kingambit
|-activate|p1b: Kingambit|move: Protect
|
|upkeep
|turn|2
|
|t:|1785790837
|switch|p2a: Aerodactyl|Aerodactyl, L50, M|100/100
|-ability|p2a: Aerodactyl|Unnerve
|move|p1b: Kingambit|Sucker Punch|p2b: Garchomp
|-damage|p2b: Garchomp|46/100
|-damage|p1b: Kingambit|87/100|[from] ability: Rough Skin|[of] p2b: Garchomp
|move|p2b: Garchomp|Earthquake|p1b: Kingambit|[spread] p1a,p1b
|-immune|p2a: Aerodactyl
|-supereffective|p1a: Glimmora|2
|-supereffective|p1b: Kingambit|1
|-enditem|p1a: Glimmora|Focus Sash
|-damage|p1a: Glimmora|1/100
|-damage|p1b: Kingambit|8/100
|-activate|p1a: Glimmora|ability: Toxic Debris
|-sidestart|p2: PinkSpaceDragon|move: Toxic Spikes
|-damage|p2b: Garchomp|36/100|[from] item: Life Orb
|move|p1a: Glimmora|Earth Power|p2a: Aerodactyl
|-immune|p2a: Aerodactyl
|
|upkeep
|turn|3
|
|t:|1785790858
|switch|p2b: Kingambit|Kingambit, L50, F|15/100
|detailschange|p2a: Aerodactyl|Aerodactyl-Mega, L50, M
|-mega|p2a: Aerodactyl|Aerodactyl|Aerodactylite
|move|p1a: Glimmora|Spiky Shield|p1a: Glimmora
|-singleturn|p1a: Glimmora|move: Protect
|move|p1b: Kingambit|Sucker Punch||[still]
|-fail|p1b: Kingambit
|move|p2a: Aerodactyl|Rock Slide|p1b: Kingambit|[spread] p1b
|-activate|p1a: Glimmora|move: Protect
|-resisted|p1b: Kingambit|1
|-damage|p1b: Kingambit|0 fnt
|faint|p1b: Kingambit
|
|upkeep
|
|t:|1785790871
|switch|p1b: Sinistcha|Sinistcha-Masterpiece, L50|100/100
|-heal|p1a: Glimmora|25/100|[from] ability: Hospitality|[of] p1b: Sinistcha
|turn|4
|
|t:|1785790889
|move|p2a: Aerodactyl|Tailwind|p2a: Aerodactyl
|-sidestart|p2: PinkSpaceDragon|move: Tailwind
|move|p2b: Kingambit|Kowtow Cleave|p1b: Sinistcha
|-supereffective|p1b: Sinistcha|1
|-damage|p1b: Sinistcha|19/100
|move|p1a: Glimmora|Power Gem|p2a: Aerodactyl
|-supereffective|p2a: Aerodactyl|1
|-damage|p2a: Aerodactyl|6/100
|move|p1b: Sinistcha|Matcha Gotcha|p2a: Aerodactyl|[spread] p2a,p2b
|-resisted|p2b: Kingambit|1
|-damage|p2a: Aerodactyl|0 fnt
|-heal|p1b: Sinistcha|22/100|[from] drain|[of] p2a: Aerodactyl
|-damage|p2b: Kingambit|2/100
|-heal|p1b: Sinistcha|29/100|[from] drain|[of] p2b: Kingambit
|faint|p2a: Aerodactyl
|
|-heal|p1b: Sinistcha|35/100|[from] item: Leftovers
|upkeep
|
|t:|1785790897
|switch|p2a: Garchomp|Garchomp, L50, M|36/100
|-status|p2a: Garchomp|psn
|turn|5
|
|t:|1785790916
|move|p1a: Glimmora|Spiky Shield|p1a: Glimmora
|-singleturn|p1a: Glimmora|move: Protect
|move|p1b: Sinistcha|Protect|p1b: Sinistcha
|-singleturn|p1b: Sinistcha|Protect
|move|p2b: Kingambit|Sucker Punch||[still]
|-fail|p2b: Kingambit
|move|p2a: Garchomp|Rock Slide|p1b: Sinistcha|[spread] 
|-activate|p1a: Glimmora|move: Protect
|-activate|p1b: Sinistcha|move: Protect
|
|-heal|p1b: Sinistcha|42/100|[from] item: Leftovers
|-damage|p2a: Garchomp|24/100 psn|[from] psn
|upkeep
|turn|6
|inactive|Mauricio0609! has 30 seconds left.
|
|t:|1785790946
|move|p2a: Garchomp|Rock Slide|p1b: Sinistcha|[spread] p1a,p1b
|-damage|p1a: Glimmora|0 fnt
|-damage|p1b: Sinistcha|20/100y
|-activate|p1a: Glimmora|ability: Toxic Debris
|-sidestart|p2: PinkSpaceDragon|move: Toxic Spikes
|faint|p1a: Glimmora
|-damage|p2a: Garchomp|14/100 psn|[from] item: Life Orb
|move|p2b: Kingambit|Kowtow Cleave|p1b: Sinistcha
|-supereffective|p1b: Sinistcha|1
|-damage|p1b: Sinistcha|0 fnt
|faint|p1b: Sinistcha
|
|-damage|p2a: Garchomp|2/100 psn|[from] psn
|upkeep
|inactive|Mauricio0609! has 30 seconds left.
|inactive|Mauricio0609! has 20 seconds left.
|
|t:|1785790986
|switch|p1a: Delphox|Delphox, L50, F|100/100
|turn|7
|
|t:|1785790994
|switch|p2a: Tsareena|Tsareena, L50, F|100/100
|-status|p2a: Tsareena|tox
|move|p1a: Delphox|Protect|p1a: Delphox
|-singleturn|p1a: Delphox|Protect
|move|p2b: Kingambit|Sucker Punch||[still]
|-fail|p2b: Kingambit
|
|-damage|p2a: Tsareena|94/100 tox|[from] psn
|-sideend|p2: PinkSpaceDragon|move: Tailwind
|upkeep
|turn|8
|inactive|Mauricio0609! has 30 seconds left.
|
|t:|1785791024
|detailschange|p1a: Delphox|Delphox-Mega, L50, F
|-mega|p1a: Delphox|Delphox|Delphoxite
|move|p2b: Kingambit|Sucker Punch|p1a: Delphox
|-supereffective|p1a: Delphox|1
|-damage|p1a: Delphox|0 fnt
|faint|p1a: Delphox
|
|win|PinkSpaceDragon
