|j|☆refisio
|j|☆Duckie98
|html|refisioDuckie98    
|uhtml|bestof|Game 1 of a best-of-3
|t:|1783471139
|gametype|doubles
|player|p1|refisio|2|
|player|p2|Duckie98|1|
|gen|9
|tier|[Gen 9 Champions] VGC 2026 Reg M-B (Bo3)
|rule|Species Clause: Limit one of each Pokémon
|rule|Item Clause: Limit 1 of each item
|clearpoke
|poke|p1|Simipour, L50, F|
|poke|p1|Glimmora, L50, F|
|poke|p1|Aerodactyl, L50, M|
|poke|p1|Corviknight, L50, F|
|poke|p1|Maushold, L50|
|poke|p1|Annihilape, L50, M|
|poke|p2|Talonflame, L50, M|
|poke|p2|Tinkaton, L50, F|
|poke|p2|Politoed, L50, F|
|poke|p2|Dragonite, L50, F|
|poke|p2|Excadrill, L50, F|
|poke|p2|Hippowdon, L50, M|
|teampreview|4
|showteam|p1|Simipour||MysticWater|Torrent|FakeOut,Scald,IcyWind,HelpingHand|Timid||F|||50|]Glimmora||ChoiceScarf|ToxicDebris|EarthPower,EnergyBall,PowerGem,DazzlingGleam|Modest||F|||50|]Aerodactyl||FocusSash|Unnerve|DualWingbeat,RockSlide,Protect,Tailwind|Jolly||M|||50|]Corviknight||SitrusBerry|Unnerve|BodyPress,IronDefense,Roost,BraveBird|Impish||F|||50|]Maushold||ChopleBerry|FriendGuard|SuperFang,BeatUp,FollowMe,Protect|Timid|||||50|]Annihilape||Leftovers|Defiant|RageFist,DrainPunch,Protect,BulkUp|Adamant||M|||50|
|showteam|p2|Talonflame|||GaleWings|Tailwind,Acrobatics,BlazeKick,Taunt|Jolly||M|||50|]Tinkaton||Leftovers|MoldBreaker|GigatonHammer,PlayRough,FakeOut,Protect|Impish||F|||50|]Politoed||DampRock|Drizzle|Encore,Surf,LowKick,Psychic|Bold||F|||50|]Dragonite||Dragoninite|Multiscale|IceBeam,DracoMeteor,Hurricane,Thunder|Modest||F|||50|]Excadrill||ExpertBelt|SandRush|Earthquake,IronHead,RockSlide,Protect|Adamant||F|||50|]Hippowdon||ChestoBerry|SandStream|HighHorsepower,RockSlide,Protect,Rest|Impish||M|||50|
|
|t:|1783471230
|teamsize|p1|4
|teamsize|p2|4
|start
|switch|p1a: Simipour|Simipour, L50, F|100/100
|switch|p1b: Glimmora|Glimmora, L50, F|100/100
|switch|p2a: The Arrogant|Tinkaton, L50, F|100/100
|switch|p2b: Dragonite|Dragonite, L50, F|100/100
|-ability|p2a: The Arrogant|Mold Breaker
|turn|1
|
|t:|1783471268
|detailschange|p2b: Dragonite|Dragonite-Mega, L50, F
|-mega|p2b: Dragonite|Dragonite|Dragoninite
|move|p1a: Simipour|Fake Out|p2b: Dragonite
|-damage|p2b: Dragonite|96/100
|move|p2a: The Arrogant|Fake Out|p1a: Simipour
|-damage|p1a: Simipour|86/100
|move|p1b: Glimmora|Power Gem|p2b: Dragonite
|-supereffective|p2b: Dragonite|1
|-damage|p2b: Dragonite|29/100
|cant|p2b: Dragonite|flinch
|
|upkeep
|turn|2
|
|t:|1783471291
|switch|p2a: Politoed|Politoed, L50, F|100/100
|-weather|RainDance|[from] ability: Drizzle|[of] p2a: Politoed
|move|p1b: Glimmora|Power Gem|p2b: Dragonite
|-supereffective|p2b: Dragonite|1
|-damage|p2b: Dragonite|0 fnt
|faint|p2b: Dragonite
|move|p1a: Simipour|Scald|p2a: Politoed
|-resisted|p2a: Politoed|1
|-damage|p2a: Politoed|78/100
|
|-weather|RainDance|[upkeep]
|upkeep
|
|t:|1783471303
|switch|p2b: Talonflame|Talonflame, L50, M|100/100
|turn|3
|
|t:|1783471318
|switch|p1b: Corviknight|Corviknight, L50, F|100/100
|-ability|p1b: Corviknight|Unnerve
|move|p2b: Talonflame|Tailwind|p2b: Talonflame
|-sidestart|p2: Duckie98|move: Tailwind
|move|p2a: Politoed|Psychic|p1b: Corviknight
|-resisted|p1b: Corviknight|1
|-damage|p1b: Corviknight|90/100
|move|p1a: Simipour|Icy Wind|p2b: Talonflame|[spread] p2a,p2b
|-resisted|p2a: Politoed|1
|-crit|p2a: Politoed
|-damage|p2a: Politoed|71/100
|-damage|p2b: Talonflame|83/100
|-unboost|p2a: Politoed|spe|1
|-unboost|p2b: Talonflame|spe|1
|
|-weather|RainDance|[upkeep]
|upkeep
|turn|4
|
|t:|1783471342
|switch|p2a: The Arrogant|Tinkaton, L50, F|100/100
|-ability|p2a: The Arrogant|Mold Breaker
|move|p2b: Talonflame|Blaze Kick|p1b: Corviknight
|-supereffective|p1b: Corviknight|1
|-damage|p1b: Corviknight|71/100
|-status|p1b: Corviknight|brn
|move|p1a: Simipour|Icy Wind|p2a: The Arrogant|[spread] p2a,p2b
|-resisted|p2a: The Arrogant|1
|-damage|p2a: The Arrogant|94/100
|-damage|p2b: Talonflame|67/100
|-unboost|p2a: The Arrogant|spe|1
|-unboost|p2b: Talonflame|spe|1
|move|p1b: Corviknight|Iron Defense|p1b: Corviknight
|-boost|p1b: Corviknight|def|2
|
|-weather|RainDance|[upkeep]
|-heal|p2a: The Arrogant|100/100|[from] item: Leftovers
|-damage|p1b: Corviknight|65/100 brn|[from] brn
|upkeep
|turn|5
|
|t:|1783471368
|switch|p2b: Politoed|Politoed, L50, F|71/100
|move|p2a: The Arrogant|Fake Out|p1b: Corviknight
|-resisted|p1b: Corviknight|1
|-damage|p1b: Corviknight|64/100 brn
|move|p1a: Simipour|Scald|p2a: The Arrogant
|-damage|p2a: The Arrogant|47/100
|cant|p1b: Corviknight|flinch
|
|-weather|RainDance|[upkeep]
|-heal|p2a: The Arrogant|53/100|[from] item: Leftovers
|-damage|p1b: Corviknight|58/100 brn|[from] brn
|upkeep
|turn|6
|
|t:|1783471389
|move|p2a: The Arrogant|Protect|p2a: The Arrogant
|-singleturn|p2a: The Arrogant|Protect
|move|p2b: Politoed|Surf|p1a: Simipour|[spread] p1a,p1b
|-activate|p2a: The Arrogant|move: Protect
|-resisted|p1a: Simipour|1
|-crit|p1b: Corviknight
|-damage|p1a: Simipour|60/100
|-damage|p1b: Corviknight|6/100 brn
|-enditem|p1b: Corviknight|Sitrus Berry|[eat]
|-heal|p1b: Corviknight|31/100 brn|[from] item: Sitrus Berry
|move|p1a: Simipour|Scald|p2a: The Arrogant
|-activate|p2a: The Arrogant|move: Protect
|move|p1b: Corviknight|Roost|p1b: Corviknight
|-heal|p1b: Corviknight|81/100 brn
|-singleturn|p1b: Corviknight|move: Roost
|
|-weather|RainDance|[upkeep]
|-heal|p2a: The Arrogant|59/100|[from] item: Leftovers
|-damage|p1b: Corviknight|76/100 brn|[from] brn
|-sideend|p2: Duckie98|move: Tailwind
|upkeep
|turn|7
|
|t:|1783471418
|move|p1a: Simipour|Scald|p2a: The Arrogant
|-damage|p2a: The Arrogant|2/100
|-status|p2a: The Arrogant|brn
|move|p2b: Politoed|Low Kick|p1b: Corviknight
|-damage|p1b: Corviknight|71/100 brn
|move|p1b: Corviknight|Body Press|p2b: Politoed
|-damage|p2b: Politoed|48/100
|move|p2a: The Arrogant|Play Rough|p1a: Simipour
|-crit|p1a: Simipour
|-damage|p1a: Simipour|21/100
|
|-weather|RainDance|[upkeep]
|-heal|p2a: The Arrogant|8/100 brn|[from] item: Leftovers
|-damage|p1b: Corviknight|65/100 brn|[from] brn
|-damage|p2a: The Arrogant|2/100 brn|[from] brn
|upkeep
|turn|8
|
|t:|1783471439
|move|p2a: The Arrogant|Protect|p2a: The Arrogant
|-singleturn|p2a: The Arrogant|Protect
|move|p1a: Simipour|Icy Wind|p2b: Politoed|[spread] p2b
|-activate|p2a: The Arrogant|move: Protect
|-resisted|p2b: Politoed|1
|-damage|p2b: Politoed|44/100
|-unboost|p2b: Politoed|spe|1
|move|p1b: Corviknight|Roost|p1b: Corviknight
|-heal|p1b: Corviknight|100/100 brn
|-singleturn|p1b: Corviknight|move: Roost
|move|p2b: Politoed|Surf|p1b: Corviknight|[spread] p1a,p1b
|-activate|p2a: The Arrogant|move: Protect
|-resisted|p1a: Simipour|1
|-damage|p1a: Simipour|0 fnt
|-damage|p1b: Corviknight|67/100 brn
|faint|p1a: Simipour
|
|-weather|RainDance|[upkeep]
|-heal|p2a: The Arrogant|8/100 brn|[from] item: Leftovers
|-damage|p1b: Corviknight|61/100 brn|[from] brn
|-damage|p2a: The Arrogant|2/100 brn|[from] brn
|upkeep
|
|t:|1783471458
|switch|p1a: Glimmora|Glimmora, L50, F|100/100
|turn|9
|
|t:|1783471467
|move|p1a: Glimmora|Power Gem|p2b: Politoed
|-damage|p2b: Politoed|7/100
|move|p1b: Corviknight|Body Press|p2a: The Arrogant
|-damage|p2a: The Arrogant|0 fnt
|faint|p2a: The Arrogant
|move|p2b: Politoed|Psychic|p1a: Glimmora
|-supereffective|p1a: Glimmora|1
|-damage|p1a: Glimmora|45/100
|
|-weather|none
|-damage|p1b: Corviknight|55/100 brn|[from] brn
|upkeep
|
|t:|1783471477
|switch|p2a: Talonflame|Talonflame, L50, M|67/100
|turn|10
|
|t:|1783471485
|move|p1a: Glimmora|Power Gem|p2a: Talonflame
|-supereffective|p2a: Talonflame|2
|-damage|p2a: Talonflame|0 fnt
|faint|p2a: Talonflame
|move|p1b: Corviknight|Brave Bird|p2b: Politoed
|-damage|p2b: Politoed|0 fnt
|faint|p2b: Politoed
|-damage|p1b: Corviknight|53/100 brn|[from] Recoil
|
|win|refisio
||Duckie98 is ready for game 2.
|inactive|refisio has 30 seconds to confirm battle start!
