|j|☆YungDungBeetle
|j|☆iveseenfootage99
|html|YungDungBeetleiveseenfootage99    
|uhtml|bestof|Game 2 of a best-of-3
|t:|1756755477
|gametype|doubles
|player|p1|YungDungBeetle|n|1050
|player|p2|iveseenfootage99|alder|1000
|gen|9
|tier|[Gen 9] VGC 2025 Reg H (Bo3)
|rated|
|rule|Species Clause: Limit one of each Pokémon
|rule|Item Clause: Limit 1 of each item
|clearpoke
|poke|p1|Rillaboom, L50, F|
|poke|p1|Baxcalibur, L50, M|
|poke|p1|Volcarona, L50, M|
|poke|p1|Annihilape, L50, M|
|poke|p1|Tyranitar, L50, F|
|poke|p1|Corviknight, L50, F|
|poke|p2|Annihilape, L50, M|
|poke|p2|Maushold-Four, L50|
|poke|p2|Archaludon, L50, M|
|poke|p2|Pelipper, L50, M|
|poke|p2|Basculegion, L50, M|
|poke|p2|Palafin, L50, F|
|teampreview|4
|showteam|p1|Rillaboom||AssaultVest|GrassySurge|WoodHammer,GrassyGlide,HighHorsepower,FakeOut|||F|||50|,,,,,Fire]Baxcalibur||LoadedDice|ThermalExchange|ScaleShot,IcicleSpear,IceShard,Protect|||M|||50|,,,,,Ghost]Volcarona||GrassySeed|FlameBody|HeatWave,QuiverDance,Protect,GigaDrain|||M|||50|,,,,,Grass]Annihilape||FocusSash|Defiant|CloseCombat,RageFist,Coaching,Protect|||M|||50|,,,,,Water]Tyranitar||ClearAmulet|SandStream|RockSlide,KnockOff,Protect,HighHorsepower|||F|||50|,,,,,Flying]Corviknight||SitrusBerry|MirrorArmor|BulkUp,BodyPress,Tailwind,BraveBird|||F|||50|,,,,,Dragon
|showteam|p2|Annihilape||Leftovers|Defiant|RageFist,Protect,DrainPunch,BulkUp|||M|||50|,,,,,Fire]Maushold-Four||SafetyGoggles|FriendGuard|FollowMe,BeatUp,Protect,Taunt||||||50|,,,,,Dark]Archaludon||AssaultVest|Stamina|ElectroShot,FlashCannon,DracoMeteor,BodyPress|||M|||50|,,,,,Grass]Pelipper||FocusSash|Drizzle|WeatherBall,Tailwind,Hurricane,WideGuard|||M|||50|,,,,,Ghost]Basculegion||ChoiceBand|SwiftSwim|LastRespects,WaveCrash,AquaJet,FlipTurn|||M|||50|,,,,,Water]Palafin||ChoiceScarf|ZerotoHero|JetPunch,WaveCrash,CloseCombat,ThroatChop|||F|||50|,,,,,Water
|inactive|Battle timer is ON: inactive players will automatically lose when time's up. (requested by YungDungBeetle)
|
|t:|1756755484
|teamsize|p1|4
|teamsize|p2|4
|start
|switch|p1a: Tyranitar|Tyranitar, L50, F|100/100
|switch|p1b: Annihilape|Annihilape, L50, M|100/100
|switch|p2a: Annihilape|Annihilape, L50, M|100/100
|switch|p2b: Maushold|Maushold-Four, L50|100/100
|-weather|Sandstorm|[from] ability: Sand Stream|[of] p1a: Tyranitar
|turn|1
|inactive|YungDungBeetle has 30 seconds left.
|
|t:|1756755516
|switch|p2a: Pelipper|Pelipper, L50, M|100/100
|-weather|RainDance|[from] ability: Drizzle|[of] p2a: Pelipper
|-terastallize|p1a: Tyranitar|Flying
|move|p2b: Maushold|Protect|p2b: Maushold
|-singleturn|p2b: Maushold|Protect
|move|p1b: Annihilape|Close Combat|p2b: Maushold
|-activate|p2b: Maushold|move: Protect
|move|p1a: Tyranitar|Rock Slide|p2a: Pelipper|[spread] p2a
|-activate|p2b: Maushold|move: Protect
|-supereffective|p2a: Pelipper
|-damage|p2a: Pelipper|31/100
|
|-weather|RainDance|[upkeep]
|upkeep
|turn|2
|
|t:|1756755527
|switch|p2b: Annihilape|Annihilape, L50, M|100/100
|move|p2a: Pelipper|Wide Guard|p2a: Pelipper
|-singleturn|p2a: Pelipper|Wide Guard
|move|p1b: Annihilape|Rage Fist|p2b: Annihilape
|-supereffective|p2b: Annihilape
|-damage|p2b: Annihilape|51/100
|move|p1a: Tyranitar|Rock Slide|p2b: Annihilape|[spread] 
|-activate|p2a: Pelipper|move: Wide Guard
|-activate|p2b: Annihilape|move: Wide Guard
|
|-weather|RainDance|[upkeep]
|-heal|p2b: Annihilape|57/100|[from] item: Leftovers
|upkeep
|turn|3
|inactive|YungDungBeetle has 30 seconds left.
|
|t:|1756755556
|move|p2b: Annihilape|Protect|p2b: Annihilape
|-singleturn|p2b: Annihilape|Protect
|move|p1b: Annihilape|Rage Fist|p2b: Annihilape
|-activate|p2b: Annihilape|move: Protect
|move|p2a: Pelipper|Hurricane|p1b: Annihilape
|-supereffective|p1b: Annihilape
|-enditem|p1b: Annihilape|Focus Sash
|-damage|p1b: Annihilape|1/100
|move|p1a: Tyranitar|Knock Off|p2b: Annihilape
|-activate|p2b: Annihilape|move: Protect
|
|-weather|RainDance|[upkeep]
|-heal|p2b: Annihilape|63/100|[from] item: Leftovers
|upkeep
|turn|4
|
|t:|1756755576
|switch|p2b: Maushold|Maushold-Four, L50|100/100
|move|p1b: Annihilape|Rage Fist|p2a: Pelipper
|-damage|p2a: Pelipper|0 fnt
|faint|p2a: Pelipper
|move|p1a: Tyranitar|Knock Off|p2b: Maushold
|-damage|p2b: Maushold|29/100
|-enditem|p2b: Maushold|Safety Goggles|[from] move: Knock Off|[of] p1a: Tyranitar
|
|-weather|RainDance|[upkeep]
|upkeep
|
|t:|1756755583
|switch|p2a: Basculegion|Basculegion, L50, M|100/100
|turn|5
|inactive|YungDungBeetle has 30 seconds left.
|
|t:|1756755613
|switch|p1a: Rillaboom|Rillaboom, L50, F|100/100
|-fieldstart|move: Grassy Terrain|[from] ability: Grassy Surge|[of] p1a: Rillaboom
|-terastallize|p2a: Basculegion|Water
|move|p1b: Annihilape|Protect|p1b: Annihilape
|-singleturn|p1b: Annihilape|Protect
|move|p2a: Basculegion|Flip Turn|p1a: Rillaboom
|-resisted|p1a: Rillaboom
|-damage|p1a: Rillaboom|52/100
|
|t:|1756755622
|switch|p2a: Annihilape|Annihilape, L50, M|63/100|[from] Flip Turn
|move|p2b: Maushold|Beat Up|p1b: Annihilape
|-activate|p1b: Annihilape|move: Protect
|
|-weather|none
|-heal|p2b: Maushold|35/100|[from] Grassy Terrain
|-heal|p1b: Annihilape|7/100|[from] Grassy Terrain
|-heal|p1a: Rillaboom|58/100|[from] Grassy Terrain
|-heal|p2a: Annihilape|69/100|[from] Grassy Terrain
|-heal|p2a: Annihilape|75/100|[from] item: Leftovers
|upkeep
|turn|6
|
|t:|1756755644
|move|p2b: Maushold|Protect|p2b: Maushold
|-singleturn|p2b: Maushold|Protect
|move|p2a: Annihilape|Protect|p2a: Annihilape
|-singleturn|p2a: Annihilape|Protect
|move|p1a: Rillaboom|Fake Out|p2b: Maushold
|-activate|p2b: Maushold|move: Protect
|move|p1b: Annihilape|Coaching|p1a: Rillaboom
|-boost|p1a: Rillaboom|atk|1
|-boost|p1a: Rillaboom|def|1
|
|-heal|p2b: Maushold|41/100|[from] Grassy Terrain
|-heal|p1b: Annihilape|13/100|[from] Grassy Terrain
|-heal|p1a: Rillaboom|65/100|[from] Grassy Terrain
|-heal|p2a: Annihilape|81/100|[from] Grassy Terrain
|-heal|p2a: Annihilape|87/100|[from] item: Leftovers
|upkeep
|turn|7
|
|t:|1756755656
|move|p2b: Maushold|Follow Me|p2b: Maushold
|-singleturn|p2b: Maushold|move: Follow Me
|move|p1a: Rillaboom|Grassy Glide|p2b: Maushold
|-damage|p2b: Maushold|0 fnt
|faint|p2b: Maushold
|move|p1b: Annihilape|Rage Fist|p2a: Annihilape
|-supereffective|p2a: Annihilape
|-damage|p2a: Annihilape|0 fnt
|faint|p2a: Annihilape
|
|-heal|p1b: Annihilape|19/100|[from] Grassy Terrain
|-heal|p1a: Rillaboom|71/100|[from] Grassy Terrain
|upkeep
|-message|iveseenfootage99 forfeited.
|
|win|YungDungBeetle
|raw|YungDungBeetle's rating: 1050 → 1078(+28 for winning)
|raw|iveseenfootage99's rating: 1000 → 1000(+0 for losing)
|l|☆iveseenfootage99
|player|p2|
