|j|☆hondo civic
|j|☆Daniw9
|html|hondo civicDaniw9    
|uhtml|bestof|Game 1 of a best-of-3
|t:|1756581416
|gametype|doubles
|player|p1|hondo civic|2|1299
|player|p2|Daniw9|266|1295
|gen|9
|tier|[Gen 9] VGC 2025 Reg H (Bo3)
|rated|
|rule|Species Clause: Limit one of each Pokémon
|rule|Item Clause: Limit 1 of each item
|clearpoke
|poke|p1|Ninetales-Alola, L50, F|
|poke|p1|Rillaboom, L50, M|
|poke|p1|Magmar, L50, F|
|poke|p1|Sneasler, L50, M|
|poke|p1|Kingambit, L50, F|
|poke|p1|Basculegion, L50, M|
|poke|p2|Garchomp, L50, M|
|poke|p2|Tyranitar, L50, F|
|poke|p2|Delphox, L50, F|
|poke|p2|Indeedee-F, L50, F|
|poke|p2|Gallade, L50, M|
|poke|p2|Whimsicott, L50, F|
|teampreview|4
|showteam|p1|Ninetales-Alola||LifeOrb|SnowWarning|Blizzard,FreezeDry,Encore,Protect|||F|||50|,,,,,Ghost]Rillaboom||AssaultVest|GrassySurge|WoodHammer,FakeOut,Uturn,GrassyGlide|||M|||50|,,,,,Ghost]Magmar||Eviolite|VitalSpirit|Protect,HeatWave,Taunt,FollowMe|||F|||50|,,,,,Ghost]Sneasler||FocusSash|PoisonTouch|FakeOut,DireClaw,CloseCombat,Protect|||M|||50|,,,,,Ghost]Kingambit||BlackGlasses|Defiant|KowtowCleave,SwordsDance,SuckerPunch,Protect|||F|||50|,,,,,Fire]Basculegion||ChoiceScarf|Adaptability|WaveCrash,FlipTurn,TeraBlast,LastRespects|||M|||50|,,,,,Fairy
|showteam|p2|Garchomp||LifeOrb|SandVeil|Earthquake,StompingTantrum,Protect,DragonClaw|||M|||50|,,,,,Steel]Tyranitar||AssaultVest|SandStream|RockSlide,TeraBlast,KnockOff,LowKick|||F|||50|,,,,,Flying]Delphox||PsychicSeed|Magician|ExpandingForce,HeatWave,NastyPlot,Protect|||F|||50|,,,,,Fairy]Indeedee-F||SafetyGoggles|PsychicSurge|DazzlingGleam,TrickRoom,FollowMe,HelpingHand|||F|||50|,,,,,Water]Gallade||ClearAmulet|Sharpness|SacredSword,PsychoCut,TrickRoom,Protect|||M|||50|,,,,,Grass]Whimsicott||CovertCloak|Prankster|Moonblast,Tailwind,Encore,Protect|||F|||50|,,,,,Ghost
|inactive|Battle timer is ON: inactive players will automatically lose when time's up. (requested by hondo civic)
|inactive|hondo civic has 60 seconds left.
|inactive|Daniw9 has 60 seconds left.
|
|t:|1756581464
|teamsize|p1|4
|teamsize|p2|4
|start
|switch|p1a: Kingambit|Kingambit, L50, F, shiny|100/100
|switch|p1b: Sneasler|Sneasler, L50, M|100/100
|switch|p2a: Indeedee|Indeedee-F, L50, F|100/100
|switch|p2b: Gallade|Gallade, L50, M|100/100
|-fieldstart|move: Psychic Terrain|[from] ability: Psychic Surge|[of] p2a: Indeedee
|turn|1
|
|t:|1756581488
|-terastallize|p1a: Kingambit|Fire
|move|p1b: Sneasler|Dire Claw|p2b: Gallade
|-damage|p2b: Gallade|43/100
|-status|p2b: Gallade|psn|[from] ability: Poison Touch|[of] p1b: Sneasler
|move|p1a: Kingambit|Kowtow Cleave|p2b: Gallade
|-damage|p2b: Gallade|0 fnt
|faint|p2b: Gallade
|move|p2a: Indeedee|Trick Room|p2a: Indeedee
|-fieldstart|move: Trick Room|[of] p2a: Indeedee
|
|upkeep
|
|t:|1756581497
|switch|p2b: Tyranitar|Tyranitar, L50, F|100/100
|-weather|Sandstorm|[from] ability: Sand Stream|[of] p2b: Tyranitar
|turn|2
|
|t:|1756581509
|switch|p1b: Rillaboom|Rillaboom, L50, M|100/100
|-fieldstart|move: Grassy Terrain|[from] ability: Grassy Surge|[of] p1b: Rillaboom
|move|p2a: Indeedee|Follow Me|p2a: Indeedee
|-singleturn|p2a: Indeedee|move: Follow Me
|move|p1a: Kingambit|Kowtow Cleave|p2a: Indeedee
|-supereffective|p2a: Indeedee
|-damage|p2a: Indeedee|0 fnt
|faint|p2a: Indeedee
|move|p2b: Tyranitar|Rock Slide|p1a: Kingambit|[spread] p1a,p1b
|-supereffective|p1a: Kingambit
|-damage|p1a: Kingambit|49/100
|-damage|p1b: Rillaboom|73/100
|
|-weather|Sandstorm|[upkeep]
|-damage|p1a: Kingambit|43/100|[from] Sandstorm
|-damage|p1b: Rillaboom|67/100|[from] Sandstorm
|-heal|p1a: Kingambit|49/100|[from] Grassy Terrain
|-heal|p1b: Rillaboom|73/100|[from] Grassy Terrain
|upkeep
|
|t:|1756581522
|switch|p2a: Garchomp|Garchomp, L50, M|100/100
|turn|3
|
|t:|1756581537
|-terastallize|p2b: Tyranitar|Flying
|move|p1b: Rillaboom|Fake Out|p2b: Tyranitar
|-damage|p2b: Tyranitar|91/100
|move|p1a: Kingambit|Kowtow Cleave|p2a: Garchomp
|-damage|p2a: Garchomp|35/100
|cant|p2b: Tyranitar|flinch
|move|p2a: Garchomp|Stomping Tantrum|p1a: Kingambit
|-supereffective|p1a: Kingambit
|-damage|p1a: Kingambit|0 fnt
|faint|p1a: Kingambit
|-damage|p2a: Garchomp|26/100|[from] item: Life Orb
|
|-weather|Sandstorm|[upkeep]
|-damage|p2b: Tyranitar|85/100|[from] Sandstorm
|-damage|p1b: Rillaboom|67/100|[from] Sandstorm
|-heal|p1b: Rillaboom|73/100|[from] Grassy Terrain
|-heal|p2a: Garchomp|32/100|[from] Grassy Terrain
|upkeep
|
|t:|1756581549
|switch|p1a: Sneasler|Sneasler, L50, M|100/100
|turn|4
|
|t:|1756581566
|move|p2a: Garchomp|Protect|p2a: Garchomp
|-singleturn|p2a: Garchomp|Protect
|move|p1a: Sneasler|Fake Out|p2b: Tyranitar
|-damage|p2b: Tyranitar|75/100
|-status|p2b: Tyranitar|psn|[from] ability: Poison Touch|[of] p1a: Sneasler
|cant|p2b: Tyranitar|flinch
|move|p1b: Rillaboom|Wood Hammer|p2a: Garchomp
|-activate|p2a: Garchomp|move: Protect
|
|-weather|Sandstorm|[upkeep]
|-damage|p2b: Tyranitar|69/100 psn|[from] Sandstorm
|-damage|p1b: Rillaboom|67/100|[from] Sandstorm
|-damage|p1a: Sneasler|95/100|[from] Sandstorm
|-heal|p1b: Rillaboom|73/100|[from] Grassy Terrain
|-heal|p2a: Garchomp|38/100|[from] Grassy Terrain
|-heal|p1a: Sneasler|100/100|[from] Grassy Terrain
|-damage|p2b: Tyranitar|57/100 psn|[from] psn
|upkeep
|turn|5
|
|t:|1756581577
|move|p1a: Sneasler|Protect|p1a: Sneasler
|-singleturn|p1a: Sneasler|Protect
|move|p2b: Tyranitar|Tera Blast|p1b: Rillaboom|[anim] Tera Blast Flying
|-supereffective|p1b: Rillaboom
|-damage|p1b: Rillaboom|0 fnt
|faint|p1b: Rillaboom
|move|p2a: Garchomp|Stomping Tantrum|p1a: Sneasler
|-activate|p1a: Sneasler|move: Protect
|
|-weather|Sandstorm|[upkeep]
|-damage|p2b: Tyranitar|51/100 psn|[from] Sandstorm
|-damage|p1a: Sneasler|95/100|[from] Sandstorm
|-heal|p2a: Garchomp|44/100|[from] Grassy Terrain
|-heal|p1a: Sneasler|100/100|[from] Grassy Terrain
|-damage|p2b: Tyranitar|39/100 psn|[from] psn
|-fieldend|move: Trick Room
|upkeep
|
|t:|1756581583
|switch|p1b: Magmar|Magmar, L50, F|100/100
|turn|6
|
|t:|1756581600
|move|p1b: Magmar|Follow Me|p1b: Magmar
|-singleturn|p1b: Magmar|move: Follow Me
|move|p1a: Sneasler|Close Combat|p2a: Garchomp|[miss]
|-miss|p1a: Sneasler|p2a: Garchomp
|move|p2a: Garchomp|Stomping Tantrum|p1b: Magmar
|-supereffective|p1b: Magmar
|-damage|p1b: Magmar|22/100
|-damage|p2a: Garchomp|34/100|[from] item: Life Orb
|move|p2b: Tyranitar|Tera Blast|p1b: Magmar|[anim] Tera Blast Flying
|-damage|p1b: Magmar|0 fnt
|faint|p1b: Magmar
|
|-weather|none
|-heal|p2a: Garchomp|40/100|[from] Grassy Terrain
|-damage|p2b: Tyranitar|27/100 psn|[from] psn
|-fieldend|move: Grassy Terrain
|upkeep
|turn|7
|
|t:|1756581615
|move|p1a: Sneasler|Protect|p1a: Sneasler
|-singleturn|p1a: Sneasler|Protect
|move|p2a: Garchomp|Stomping Tantrum|p1a: Sneasler
|-activate|p1a: Sneasler|move: Protect
|move|p2b: Tyranitar|Tera Blast|p1a: Sneasler|[anim] Tera Blast Flying
|-activate|p1a: Sneasler|move: Protect
|
|-damage|p2b: Tyranitar|15/100 psn|[from] psn
|upkeep
|turn|8
|
|t:|1756581618
|move|p1a: Sneasler|Dire Claw|p2b: Tyranitar
|-damage|p2b: Tyranitar|0 fnt
|faint|p2b: Tyranitar
|move|p2a: Garchomp|Stomping Tantrum|p1a: Sneasler
|-supereffective|p1a: Sneasler
|-enditem|p1a: Sneasler|Focus Sash
|-damage|p1a: Sneasler|1/100
|-damage|p2a: Garchomp|30/100|[from] item: Life Orb
|
|upkeep
|turn|9
|
|t:|1756581624
|move|p1a: Sneasler|Close Combat|p2a: Garchomp
|-damage|p2a: Garchomp|0 fnt
|-unboost|p1a: Sneasler|def|1
|-unboost|p1a: Sneasler|spd|1
|faint|p2a: Garchomp
|
|win|hondo civic
||Daniw9 is ready for game 2.
||hondo civic is ready for game 2.
|uhtml|next|Next: Game 2 of 3
|l|☆hondo civic
|player|p1|
