|j|☆zeguy099
|j|☆silkyvgc
|html|zeguy099silkyvgc    
|uhtml|bestof|Game 1 of a best-of-3
|t:|1785471553
|gametype|doubles
|player|p1|zeguy099|hilbert|1125
|player|p2|silkyvgc|fisherman-gen4|1000
|gen|9
|tier|[Gen 9 Champions] VGC 2026 Reg M-B (Bo3)
|rated|
|rule|Species Clause: Limit one of each Pokémon
|rule|Item Clause: Limit 1 of each item
|clearpoke
|poke|p1|Swampert, L50, M|
|poke|p1|Sneasler, L50, F, shiny|
|poke|p1|Pelipper, L50, F|
|poke|p1|Meowscarada, L50, M, shiny|
|poke|p1|Whimsicott, L50, M, shiny|
|poke|p1|Archaludon, L50, M, shiny|
|poke|p2|Rampardos, L50, F|
|poke|p2|Farigiraf, L50, M, shiny|
|poke|p2|Mamoswine, L50, F, shiny|
|poke|p2|Incineroar, L50, M, shiny|
|poke|p2|Tsareena, L50, F, shiny|
|poke|p2|Slowbro, L50, F, shiny|
|teampreview|4
|showteam|p1|Swampert||Swampertite|Damp|WaveCrash,Protect,HighHorsepower,PoisonJab|Adamant||M|||50|]Sneasler||WhiteHerb|PoisonTouch|FakeOut,CloseCombat,DireClaw,RockSlide|Jolly||F|||50|]Pelipper||DampRock|Drizzle|Hurricane,WeatherBall,Tailwind,WideGuard|Calm||F|||50|]Meowscarada||ExpertBelt|Protean|Uturn,FlowerTrick,KnockOff,PlayRough|Jolly||M|||50|]Whimsicott||FocusSash|Prankster|Moonblast,TrickRoom,Encore,Tailwind|Timid||M|||50|]Archaludon||Leftovers|Stamina|ElectroShot,FlashCannon,Protect,DracoMeteor|Modest||M|||50|
|showteam|p2|Rampardos||LifeOrb|SheerForce|RockSlide,HammerArm,IceBeam,Protect|Brave||F|||50|]Farigiraf||ColburBerry|ArmorTail|TwinBeam,Thunderbolt,TrickRoom,HelpingHand|Relaxed||M|||50|]Mamoswine||FocusSash|ThickFat|IceShard,HighHorsepower,KnockOff,IronHead|Adamant||F|||50|]Incineroar||SitrusBerry|Intimidate|DarkestLariat,FakeOut,PartingShot,FlareBlitz|Impish||M|||50|]Tsareena||IronBall|QueenlyMajesty|SeedBomb,Fling,Acrobatics,Protect|Impish||F|||50|]Slowbro||Slowbronite|Oblivious|SlackOff,TrickRoom,Psychic,Scald|Quiet||F|||50|
|
|t:|1785471614
|teamsize|p1|4
|teamsize|p2|4
|start
|switch|p1a: Kitty|Meowscarada, L50, M, shiny|100/100
|switch|p1b: Fake out?|Sneasler, L50, F, shiny|100/100
|switch|p2a: Farigiraf|Farigiraf, L50, M, shiny|100/100
|switch|p2b: Incineroar|Incineroar, L50, M, shiny|100/100
|-ability|p2b: Incineroar|Intimidate|boost
|-unboost|p1a: Kitty|atk|1
|-unboost|p1b: Fake out?|atk|1
|-enditem|p1b: Fake out?|White Herb
|-clearnegativeboost|p1b: Fake out?|[silent]
|turn|1
|
|t:|1785471683
|move|p2b: Incineroar|Fake Out|p1b: Fake out?
|-damage|p1b: Fake out?|78/100
|move|p1a: Kitty|Knock Off|p2a: Farigiraf
|-start|p1a: Kitty|typechange|Dark|[from] ability: Protean
|-supereffective|p2a: Farigiraf|1
|-enditem|p2a: Farigiraf|Colbur Berry|[eat]
|-enditem|p2a: Farigiraf|Colbur Berry|[weaken]
|-damage|p2a: Farigiraf|74/100
|cant|p1b: Fake out?|flinch
|move|p2a: Farigiraf|Trick Room|p2a: Farigiraf
|-fieldstart|move: Trick Room|[of] p2a: Farigiraf
|
|upkeep
|turn|2
|
|t:|1785471718
|switch|p1b: Driz Kin|Pelipper, L50, F|100/100
|-weather|RainDance|[from] ability: Drizzle|[of] p1b: Driz Kin
|move|p2a: Farigiraf|Twin Beam|p1b: Driz Kin
|-damage|p1b: Driz Kin|81/100
|-damage|p1b: Driz Kin|62/100
|-hitcount|p1b: Driz Kin|2
|move|p2b: Incineroar|Flare Blitz|p1a: Kitty
|-damage|p1a: Kitty|54/100
|-damage|p2b: Incineroar|88/100|[from] Recoil
|move|p1a: Kitty|U-turn|p2a: Farigiraf
|-supereffective|p2a: Farigiraf|1
|-damage|p2a: Farigiraf|49/100
|
|t:|1785471741
|switch|p1a: Boi|Swampert, L50, M|100/100|[from] U-turn
|
|-weather|RainDance|[upkeep]
|upkeep
|turn|3
|
|t:|1785471750
|move|p2a: Farigiraf|Thunderbolt|p1b: Driz Kin
|-supereffective|p1b: Driz Kin|2
|-damage|p1b: Driz Kin|0 fnt
|faint|p1b: Driz Kin
|move|p1a: Boi|High Horsepower|p2a: Farigiraf
|-damage|p2a: Farigiraf|10/100
|move|p2b: Incineroar|Parting Shot|p1a: Boi
|-unboost|p1a: Boi|atk|1
|-unboost|p1a: Boi|spa|1
|
|t:|1785471764
|switch|p2b: Slowbro|Slowbro, L50, F, shiny|100/100|[from] Parting Shot
|
|-weather|RainDance|[upkeep]
|upkeep
|
|t:|1785471775
|switch|p1b: Kitty|Meowscarada, L50, M, shiny|54/100
|turn|4
|
|t:|1785471814
|detailschange|p2b: Slowbro|Slowbro-Mega, L50, F, shiny
|-mega|p2b: Slowbro|Slowbro|Slowbronite
|move|p1a: Boi|Protect|p1a: Boi
|-singleturn|p1a: Boi|Protect
|move|p2b: Slowbro|Psychic|p1a: Boi
|-activate|p1a: Boi|move: Protect
|move|p2a: Farigiraf|Thunderbolt|p1b: Kitty
|-resisted|p1b: Kitty|1
|-damage|p1b: Kitty|38/100
|move|p1b: Kitty|Flower Trick|p2b: Slowbro
|-start|p1b: Kitty|typechange|Grass|[from] ability: Protean
|-supereffective|p2b: Slowbro|1
|-damage|p2b: Slowbro|64/100
|
|-weather|RainDance|[upkeep]
|upkeep
|turn|5
|
|t:|1785471867
|move|p2b: Slowbro|Psychic|p1a: Boi
|-damage|p1a: Boi|57/100
|move|p2a: Farigiraf|Twin Beam|p1b: Kitty
|-damage|p1b: Kitty|12/100
|-damage|p1b: Kitty|0 fnt
|faint|p1b: Kitty
|-hitcount|p1: Kitty|2
|move|p1a: Boi|High Horsepower|p2a: Farigiraf
|-damage|p2a: Farigiraf|0 fnt
|faint|p2a: Farigiraf
|
|-weather|RainDance|[upkeep]
|-fieldend|move: Trick Room
|upkeep
|
|t:|1785471883
|switch|p1b: Fake out?|Sneasler, L50, F, shiny|78/100
|switch|p2a: Incineroar|Incineroar, L50, M, shiny|88/100
|-ability|p2a: Incineroar|Intimidate|boost
|-unboost|p1a: Boi|atk|1
|-unboost|p1b: Fake out?|atk|1
|turn|6
|
|t:|1785471907
|detailschange|p1a: Boi|Swampert-Mega, L50, M
|-mega|p1a: Boi|Swampert|Swampertite
|move|p1b: Fake out?|Fake Out|p2b: Slowbro
|-damage|p2b: Slowbro|59/100
|move|p2a: Incineroar|Fake Out|p1b: Fake out?
|-damage|p1b: Fake out?|56/100
|move|p1a: Boi|Wave Crash|p2a: Incineroar
|-supereffective|p2a: Incineroar|1
|-damage|p2a: Incineroar|0 fnt
|faint|p2a: Incineroar
|-damage|p1a: Boi|24/100|[from] Recoil
|cant|p2b: Slowbro|flinch
|
|-weather|RainDance|[upkeep]
|upkeep
|
|t:|1785471920
|switch|p2a: Rampardos|Rampardos, L50, F|100/100
|turn|7
|
|t:|1785471938
|move|p2a: Rampardos|Protect|p2a: Rampardos
|-singleturn|p2a: Rampardos|Protect
|move|p1b: Fake out?|Dire Claw|p2b: Slowbro
|-damage|p2b: Slowbro|47/100
|-status|p2b: Slowbro|par
|move|p1a: Boi|Wave Crash|p2a: Rampardos
|-activate|p2a: Rampardos|move: Protect
|move|p2b: Slowbro|Trick Room|p2b: Slowbro
|-fieldstart|move: Trick Room|[of] p2b: Slowbro
|
|-weather|RainDance|[upkeep]
|upkeep
|turn|8
|
|t:|1785471971
|move|p1a: Boi|Protect|p1a: Boi
|-singleturn|p1a: Boi|Protect
|move|p2b: Slowbro|Slack Off|p2b: Slowbro
|-heal|p2b: Slowbro|97/100 par
|move|p2a: Rampardos|Rock Slide|p1a: Boi|[spread] p1b
|-activate|p1a: Boi|move: Protect
|-resisted|p1b: Fake out?|1
|-damage|p1b: Fake out?|0 fnt
|faint|p1b: Fake out?
|
|-weather|RainDance|[upkeep]
|upkeep
|turn|9
|-message|zeguy099 forfeited.
|
|win|silkyvgc
|l|☆zeguy099
|player|p1|
