|j|☆StarDoor01
|j|☆tacoman007
|html|StarDoor01tacoman007    
|uhtml|bestof|Game 1 of a best-of-3
|t:|1785223883
|gametype|doubles
|player|p1|StarDoor01|2|1129
|player|p2|tacoman007|hiker-gen4|1064
|gen|9
|tier|[Gen 9 Champions] VGC 2026 Reg M-B (Bo3)
|rated|
|rule|Species Clause: Limit one of each Pokémon
|rule|Item Clause: Limit 1 of each item
|clearpoke
|poke|p1|Scovillain, L50, M|
|poke|p1|Sylveon, L50, M|
|poke|p1|Kingambit, L50, F|
|poke|p1|Lycanroc-Dusk, L50, M|
|poke|p1|Basculegion, L50, M|
|poke|p1|Metagross, L50|
|poke|p2|Meowstic-F, L50, F|
|poke|p2|Wyrdeer, L50, M|
|poke|p2|Espathra, L50, M|
|poke|p2|Kleavor, L50, M|
|poke|p2|Whimsicott, L50, M|
|poke|p2|Staraptor, L50, F|
|teampreview|4
|showteam|p1|Scovillain||Scovillainite|Moody|GigaDrain,Overheat,RagePowder,Protect|Bold||M|||50|]Sylveon||FairyFeather|Pixilate|HyperVoice,HyperBeam,QuickAttack,Detect|Modest||M|||50|]Kingambit||BlackGlasses|Defiant|KowtowCleave,SuckerPunch,SwordsDance,Protect|Adamant||F|||50|]Lycanroc-Dusk||FocusSash|ToughClaws|CloseCombat,Accelerock,RockSlide,Protect|Adamant||M|||50|]Basculegion||SitrusBerry|Adaptability|WaveCrash,LastRespects,AquaJet,Protect|Adamant||M|||50|]Metagross||Metagrossite|ClearBody|IronHead,PsychicFangs,IcePunch,Protect|Jolly|||||50|
|showteam|p2|Meowstic-F||Meowsticite|Competitive|FakeOut,ExpandingForce,AlluringVoice,Protect|Timid||F|||50|]Wyrdeer||ColburBerry|Intimidate|ExpandingForce,EarthPower,SkillSwap,Protect|Modest||M|||50|]Espathra||FocusSash|SpeedBoost|LuminaCrash,ExpandingForce,PsychicTerrain,Protect|Modest||M|||50|]Kleavor||WhiteHerb|Sharpness|XScissor,StoneAxe,CloseCombat,Protect|Adamant||M|||50|]Whimsicott||MentalHerb|Prankster|Moonblast,Charm,Tailwind,Protect|Timid||M|||50|]Staraptor||Staraptite|Intimidate|BraveBird,CloseCombat,Roost,Protect|Adamant||F|||50|
|inactive|Battle timer is ON: inactive players will automatically lose when time's up. (requested by tacoman007)
|inactive|StarDoor01 has 60 seconds left.
|inactive|tacoman007 has 60 seconds left.
|inactive|StarDoor01 has 30 seconds left.
|inactive|StarDoor01 has 20 seconds left.
|inactive|StarDoor01 has 15 seconds left.
|
|t:|1785223961
|teamsize|p1|4
|teamsize|p2|4
|start
|switch|p1a: Scovillain|Scovillain, L50, M|100/100
|switch|p1b: Basculegion|Basculegion, L50, M|100/100
|switch|p2a: Meowstic|Meowstic-F, L50, F|100/100
|switch|p2b: Espathra|Espathra, L50, M|100/100
|turn|1
|inactive|StarDoor01 has 30 seconds left.
|inactive|StarDoor01 has 20 seconds left.
|inactive|StarDoor01 has 15 seconds left.
|
|t:|1785224001
|switch|p2a: Wyrdeer|Wyrdeer, L50, M|100/100
|-ability|p2a: Wyrdeer|Intimidate|boost
|-unboost|p1a: Scovillain|atk|1
|-unboost|p1b: Basculegion|atk|1
|move|p2b: Espathra|Protect|p2b: Espathra
|-singleturn|p2b: Espathra|Protect
|move|p1a: Scovillain|Protect|p1a: Scovillain
|-singleturn|p1a: Scovillain|Protect
|move|p1b: Basculegion|Wave Crash|p2b: Espathra
|-activate|p2b: Espathra|move: Protect
|
|-ability|p2b: Espathra|Speed Boost|boost
|-boost|p2b: Espathra|spe|1
|-ability|p1a: Scovillain|Moody|boost
|-boost|p1a: Scovillain|atk|2
|-unboost|p1a: Scovillain|spd|1
|upkeep
|turn|2
|inactive|StarDoor01 has 30 seconds left.
|inactive|tacoman007 has 30 seconds left.
|inactive|StarDoor01 has 20 seconds left.
|
|t:|1785224041
|switch|p1b: Sylveon|Sylveon, L50, M|100/100
|detailschange|p1a: Scovillain|Scovillain-Mega, L50, M
|-mega|p1a: Scovillain|Scovillain|Scovillainite
|move|p2b: Espathra|Psychic Terrain|p2b: Espathra
|-fieldstart|move: Psychic Terrain
|move|p1a: Scovillain|Giga Drain|p2b: Espathra
|-damage|p2b: Espathra|42/100
|move|p2a: Wyrdeer|Expanding Force|p1a: Scovillain|[spread] p1a,p1b
|-damage|p1a: Scovillain|24/100
|-damage|p1b: Sylveon|57/100
|-status|p2a: Wyrdeer|brn|[from] ability: Spicy Spray|[of] p1a: Scovillain
|
|-damage|p2a: Wyrdeer|93/100 brn|[from] brn
|-ability|p2b: Espathra|Speed Boost|boost
|-boost|p2b: Espathra|spe|1
|upkeep
|turn|3
|inactive|StarDoor01 has 30 seconds left.
|inactive|tacoman007 has 30 seconds left.
|inactive|tacoman007 has 20 seconds left.
|inactive|tacoman007 has 15 seconds left.
|
|t:|1785224081
|switch|p1a: Kingambit|Kingambit, L50, F|100/100
|move|p2b: Espathra|Expanding Force|p1b: Sylveon|[spread] p1b
|-immune|p1a: Kingambit
|-damage|p1b: Sylveon|19/100
|move|p1b: Sylveon|Hyper Voice|p2b: Espathra|[spread] p2a,p2b
|-damage|p2a: Wyrdeer|48/100 brn
|-damage|p2b: Espathra|0 fnt
|faint|p2b: Espathra
|move|p2a: Wyrdeer|Skill Swap|p2: Espathra|[notarget]
|-fail|p2a: Wyrdeer
|
|-damage|p2a: Wyrdeer|41/100 brn|[from] brn
|upkeep
|
|t:|1785224099
|switch|p2b: Whimsicott|Whimsicott, L50, M|100/100
|turn|4
|inactive|tacoman007 has 30 seconds left.
|inactive|StarDoor01 has 30 seconds left.
|inactive|StarDoor01 has 20 seconds left.
|
|t:|1785224143
|move|p1b: Sylveon|Detect|p1b: Sylveon
|-singleturn|p1b: Sylveon|Protect
|move|p2a: Wyrdeer|Protect|p2a: Wyrdeer
|-singleturn|p2a: Wyrdeer|Protect
|move|p2b: Whimsicott|Tailwind|p2b: Whimsicott
|-sidestart|p2: tacoman007|move: Tailwind
|move|p1a: Kingambit|Kowtow Cleave|p2b: Whimsicott
|-resisted|p2b: Whimsicott|1
|-crit|p2b: Whimsicott
|-damage|p2b: Whimsicott|43/100
|
|-damage|p2a: Wyrdeer|35/100 brn|[from] brn
|upkeep
|turn|5
|inactive|StarDoor01 has 30 seconds left.
|inactive|StarDoor01 has 20 seconds left.
|
|t:|1785224178
|move|p2b: Whimsicott|Moonblast|p1b: Sylveon
|-damage|p1b: Sylveon|1/100
|move|p2a: Wyrdeer|Earth Power|p1a: Kingambit
|-supereffective|p1a: Kingambit|1
|-damage|p1a: Kingambit|41/100
|-unboost|p1a: Kingambit|spd|1
|-ability|p1a: Kingambit|Defiant|boost
|-boost|p1a: Kingambit|atk|2
|move|p1b: Sylveon|Hyper Voice|p2a: Wyrdeer|[spread] p2a,p2b
|-damage|p2a: Wyrdeer|0 fnt
|-damage|p2b: Whimsicott|0 fnt
|faint|p2a: Wyrdeer
|faint|p2b: Whimsicott
|move|p1a: Kingambit|Kowtow Cleave|p2: Wyrdeer|[notarget]
|-fail|p1a: Kingambit
|
|upkeep
|
|t:|1785224190
|switch|p2b: Meowstic|Meowstic-F, L50, F|100/100
|turn|6
|
|t:|1785224203
|detailschange|p2b: Meowstic|Meowstic-F-Mega, L50, F
|-mega|p2b: Meowstic|Meowstic|Meowsticite
|-ability|p2b: Meowstic|Defiant|Trace|[from] ability: Trace|[of] p1a: Kingambit
|move|p1a: Kingambit|Sucker Punch|p2b: Meowstic
|-activate|p2b: Meowstic|move: Psychic Terrain
|move|p2b: Meowstic|Alluring Voice|p1a: Kingambit
|-damage|p1a: Kingambit|0 fnt
|faint|p1a: Kingambit
|move|p1b: Sylveon|Hyper Beam|p2b: Meowstic
|-damage|p2b: Meowstic|2/100
|-mustrecharge|p1b: Sylveon
|
|-fieldend|move: Psychic Terrain
|upkeep
|
|t:|1785224213
|switch|p1a: Basculegion|Basculegion, L50, M|100/100
|turn|7
|
|t:|1785224219
|move|p1a: Basculegion|Aqua Jet|p2b: Meowstic
|-damage|p2b: Meowstic|0 fnt
|faint|p2b: Meowstic
|
|win|StarDoor01
||tacoman007 is ready for game 2.
