|j|☆bolognasupreme
|j|‽WeeksTL
|html|bolognasupremeWeeksTL    
|uhtml|bestof|Game 1 of a best-of-3
|t:|1783128208
|gametype|doubles
|player|p1|bolognasupreme|169|
|player|p2|WeeksTL|265|
|gen|9
|tier|[Gen 9 Champions] VGC 2026 Reg M-B (Bo3)
|rule|Species Clause: Limit one of each Pokémon
|rule|Item Clause: Limit 1 of each item
|clearpoke
|poke|p1|Garchomp, L50, F|
|poke|p1|Basculegion, L50, M|
|poke|p1|Slowbro, L50, F|
|poke|p1|Infernape, L50, F|
|poke|p1|Froslass, L50, F|
|poke|p1|Aurorus, L50, F|
|poke|p2|Blaziken, L50, F|
|poke|p2|Rotom-Wash, L50|
|poke|p2|Excadrill, L50, F|
|poke|p2|Gengar, L50, F|
|poke|p2|Gliscor, L50, F|
|poke|p2|Mamoswine, L50, M|
|teampreview|4
|showteam|p1|Garchomp||LumBerry|RoughSkin|DracoMeteor,RockSlide,EarthPower,Protect|Quiet||F|||50|]Basculegion||ChoiceScarf|Adaptability|LastRespects,FlipTurn,IceFang,AquaJet|Adamant||M|||50|]Slowbro||Leftovers|Regenerator|HelpingHand,FutureSight,Yawn,HealPulse|Sassy||F|||50|]Infernape||LifeOrb|Blaze|AuraSphere,VacuumWave,HeatWave,Taunt|Timid||F|||50|]Froslass||Froslassite|SnowCloak|Blizzard,AuroraVeil,ShadowBall,DestinyBond|Bold||F|||50|]Aurorus||LightClay|SnowWarning|ChillingWater,FreezeDry,Encore,AuroraVeil|Modest||F|||50|
|showteam|p2|Blaziken||Blazikenite|SpeedBoost|FlareBlitz,LowKick,KnockOff,Protect|Adamant||F|||50|]Rotom-Wash||SitrusBerry|Levitate|HydroPump,Thunderbolt,Protect,WillOWisp|Calm|||||50|]Excadrill||Leftovers|MoldBreaker|RapidSpin,StealthRock,HighHorsepower,IronHead|Jolly||F|||50|]Gengar||FocusSash|CursedBody|ShadowBall,SludgeBomb,Taunt,Protect|Jolly||F|||50|]Gliscor||MentalHerb|PoisonHeal|HighHorsepower,KnockOff,RockSlide,Protect|Impish||F|||50|]Mamoswine||LifeOrb|ThickFat|IceShard,IcicleCrash,HighHorsepower,Protect|Adamant||M|||50|
|j| RainsterVV
|j| plusjoe
|c| RainsterVV|hewwlllll
|c|☆bolognasupreme|wewewewewew
|j| MCFIC1
|c| plusjoe|dont play magic its for nerds
|c| RainsterVV|^^
|j| P-TownPoliwraths
|
|t:|1783128259
|teamsize|p1|4
|teamsize|p2|4
|start
|switch|p1a: andporousishe|Aurorus, L50, F|100/100
|switch|p1b: floponthedeck|Basculegion, L50, M|100/100
|switch|p2a: Rotom|Rotom-Wash, L50|100/100
|switch|p2b: Mamoswine|Mamoswine, L50, M|100/100
|-weather|Snowscape|[from] ability: Snow Warning|[of] p1a: andporousishe
|turn|1
|c| P-TownPoliwraths|ayyyyyyy
|c| MCFIC1|disagree
|c| plusjoe|nerd^
|
|t:|1783128280
|move|p1b: floponthedeck|Flip Turn|p2b: Mamoswine
|-supereffective|p2b: Mamoswine|1
|-damage|p2b: Mamoswine|33/100
|
|t:|1783128286
|switch|p1b: ohhhhhhhhhh|Garchomp, L50, F|100/100|[from] Flip Turn
|move|p2b: Mamoswine|High Horsepower|p1a: andporousishe
|-supereffective|p1a: andporousishe|1
|-crit|p1a: andporousishe
|-damage|p1a: andporousishe|0 fnt
|faint|p1a: andporousishe
|-damage|p2b: Mamoswine|24/100|[from] item: Life Orb
|move|p2a: Rotom|Will-O-Wisp|p1b: ohhhhhhhhhh|[miss]
|-miss|p2a: Rotom|p1b: ohhhhhhhhhh
|
|-weather|Snowscape|[upkeep]
|upkeep
|
|t:|1783128299
|switch|p1a: floponthedeck|Basculegion, L50, M|100/100
|turn|2
|
|t:|1783128316
|move|p2b: Mamoswine|Ice Shard|p1b: ohhhhhhhhhh
|-supereffective|p1b: ohhhhhhhhhh|2
|-damage|p1b: ohhhhhhhhhh|0 fnt
|faint|p1b: ohhhhhhhhhh
|-damage|p2b: Mamoswine|14/100|[from] item: Life Orb
|move|p1a: floponthedeck|Flip Turn|p2b: Mamoswine
|-supereffective|p2b: Mamoswine|1
|-damage|p2b: Mamoswine|0 fnt
|faint|p2b: Mamoswine
|
|t:|1783128324
|switch|p1a: wholivesinapine|Slowbro, L50, F|100/100|[from] Flip Turn
|move|p2a: Rotom|Will-O-Wisp|p1a: wholivesinapine
|-status|p1a: wholivesinapine|brn
|
|-weather|Snowscape|[upkeep]
|-damage|p1a: wholivesinapine|94/100 brn|[from] brn
|upkeep
|
|t:|1783128332
|switch|p2b: Gengar|Gengar, L50, F|100/100
|switch|p1b: floponthedeck|Basculegion, L50, M|100/100
|turn|3
|
|t:|1783128364
|move|p1b: floponthedeck|Last Respects|p2b: Gengar
|-supereffective|p2b: Gengar|1
|-enditem|p2b: Gengar|Focus Sash
|-damage|p2b: Gengar|1/100
|move|p2b: Gengar|Shadow Ball|p1a: wholivesinapine
|-supereffective|p1a: wholivesinapine|1
|-damage|p1a: wholivesinapine|40/100 brn
|move|p2a: Rotom|Thunderbolt|p1b: floponthedeck
|-supereffective|p1b: floponthedeck|1
|-damage|p1b: floponthedeck|17/100
|move|p1a: wholivesinapine|Yawn|p2a: Rotom
|-start|p2a: Rotom|move: Yawn|[of] p1a: wholivesinapine
|
|-weather|Snowscape|[upkeep]
|-heal|p1a: wholivesinapine|46/100 brn|[from] item: Leftovers
|-damage|p1a: wholivesinapine|40/100 brn|[from] brn
|upkeep
|turn|4
|c| RainsterVV|mvp
|c| plusjoe|Jack learns of sash, 2026 colorized
|
|t:|1783128398
|move|p2b: Gengar|Protect|p2b: Gengar
|-singleturn|p2b: Gengar|Protect
|move|p1b: floponthedeck|Last Respects|p2a: Rotom
|-damage|p2a: Rotom|0 fnt
|faint|p2a: Rotom
|move|p1a: wholivesinapine|Future Sight|p2b: Gengar
|-start|p1a: wholivesinapine|move: Future Sight
|
|-weather|Snowscape|[upkeep]
|-heal|p1a: wholivesinapine|46/100 brn|[from] item: Leftovers
|-damage|p1a: wholivesinapine|40/100 brn|[from] brn
|upkeep
|
|t:|1783128407
|switch|p2a: Blaziken|Blaziken, L50, F|100/100
|turn|5
|
|t:|1783128429
|detailschange|p2a: Blaziken|Blaziken-Mega, L50, F
|-mega|p2a: Blaziken|Blaziken|Blazikenite
|move|p1b: floponthedeck|Last Respects|p2a: Blaziken
|-damage|p2a: Blaziken|0 fnt
|faint|p2a: Blaziken
|move|p2b: Gengar|Shadow Ball|p1a: wholivesinapine
|-supereffective|p1a: wholivesinapine|1
|-damage|p1a: wholivesinapine|0 fnt
|faint|p1a: wholivesinapine
|
|-weather|none
|upkeep
|turn|6
|
|t:|1783128441
|move|p1b: floponthedeck|Last Respects|p2b: Gengar
|-supereffective|p2b: Gengar|1
|-crit|p2b: Gengar
|-damage|p2b: Gengar|0 fnt
|faint|p2b: Gengar
|
|win|bolognasupreme
|c| plusjoe|GG
||bolognasupreme is ready for game 2.
|c| P-TownPoliwraths|GG!
|inactive|WeeksTL has 30 seconds to confirm battle start!
||WeeksTL is ready for game 2.
|uhtml|next|Next: Game 2 of 3
|l| RainsterVV
|l| plusjoe
|c| P-TownPoliwraths|WOW
|l| P-TownPoliwraths
|l| MCFIC1
