|j|☆mb gang
|j|☆Gerald Hoppy
|html|mb gangGerald Hoppy    
|uhtml|bestof|Game 2 of a best-of-3
|t:|1785882476
|gametype|doubles
|player|p1|mb gang|skier|1379
|player|p2|Gerald Hoppy|102|1359
|gen|9
|tier|[Gen 9 Champions] VGC 2026 Reg M-B (Bo3)
|rated|
|rule|Species Clause: Limit one of each Pokémon
|rule|Item Clause: Limit 1 of each item
|clearpoke
|poke|p1|Drampa, L50, M|
|poke|p1|Kingambit, L50, F|
|poke|p1|Delphox, L50, F|
|poke|p1|Sinistcha, L50|
|poke|p1|Sneasler, L50, M|
|poke|p1|Tauros-Paldea-Aqua, L50, M|
|poke|p2|Basculegion, L50, M|
|poke|p2|Farigiraf, L50, F|
|poke|p2|Glimmora, L50, M|
|poke|p2|Scrafty, L50, M|
|poke|p2|Sylveon, L50, F|
|poke|p2|Talonflame, L50, M|
|teampreview|4
|showteam|p1|Drampa||HabanBerry|CloudNine|LightScreen,Protect,HelpingHand,DracoMeteor|Sassy||M|||50|]Kingambit||BlackGlasses|Defiant|KowtowCleave,SuckerPunch,IronHead,Protect|Brave||F|||50|]Delphox||Delphoxite|Blaze|HeatWave,Psychic,CalmMind,Protect|Timid||F|||50|]Sinistcha||SitrusBerry|Hospitality|MatchaGotcha,Protect,RagePowder,TrickRoom|Relaxed|||||50|]Sneasler||FocusSash|PoisonTouch|PoisonJab,CloseCombat,FakeOut,Protect|Jolly||M|||50|]Tauros-Paldea-Aqua||ChoiceScarf|Intimidate|CloseCombat,RockSlide,WaveCrash,AquaJet|Jolly||M|||50|
|showteam|p2|Basculegion||LifeOrb|Adaptability|Protect,WaveCrash,LastRespects,AquaJet|Jolly||M|||50|]Farigiraf||SitrusBerry|ArmorTail|TwinBeam,Thunderbolt,HelpingHand,TrickRoom|Bold||F|||50|]Glimmora||Glimmoranite|ToxicDebris|SpikyShield,PowerGem,SludgeBomb,EarthPower|Timid||M|||50|]Scrafty||Scraftinite|Intimidate|CloseCombat,KnockOff,IronHead,FakeOut|Brave||M|||50|]Sylveon||FairyFeather|Pixilate|Protect,HyperVoice,HyperBeam,QuickAttack|Modest||F|||50|]Talonflame||SharpBeak|GaleWings|Protect,FlareBlitz,DualWingbeat,Tailwind|Jolly||M|||50|
|inactive|Battle timer is ON: inactive players will automatically lose when time's up. (requested by mb gang)
|inactive|Gerald Hoppy has 60 seconds left.
|
|t:|1785882515
|teamsize|p1|4
|teamsize|p2|4
|start
|switch|p1a: Kingambit|Kingambit, L50, F|100/100
|switch|p1b: Sinistcha|Sinistcha, L50|100/100
|switch|p2a: Talonflame|Talonflame, L50, M|100/100
|switch|p2b: Glimmora|Glimmora, L50, M|100/100
|turn|1
|inactive|Gerald Hoppy has 30 seconds left.
|inactive|Gerald Hoppy has 20 seconds left.
|inactive|Gerald Hoppy has 15 seconds left.
|inactive|Gerald Hoppy has 10 seconds left.
|inactive|Gerald Hoppy has 5 seconds left.
|
|t:|1785882570
|detailschange|p2b: Glimmora|Glimmora-Mega, L50, M
|-mega|p2b: Glimmora|Glimmora|Glimmoranite
|move|p2a: Talonflame|Flare Blitz|p1b: Sinistcha
|-supereffective|p1b: Sinistcha|1
|-damage|p1b: Sinistcha|42/100
|-enditem|p1b: Sinistcha|Sitrus Berry|[eat]
|-heal|p1b: Sinistcha|67/100|[from] item: Sitrus Berry
|-damage|p2a: Talonflame|80/100|[from] Recoil
|move|p2b: Glimmora|Power Gem|p1b: Sinistcha
|-crit|p1b: Sinistcha
|-damage|p1b: Sinistcha|0 fnt
|faint|p1b: Sinistcha
|move|p1a: Kingambit|Kowtow Cleave|p2a: Talonflame
|-damage|p2a: Talonflame|0 fnt
|faint|p2a: Talonflame
|
|upkeep
|inactive|Gerald Hoppy has 30 seconds left.
|
|t:|1785882599
|switch|p2a: Scrafty|Scrafty, L50, M|100/100
|switch|p1b: Delphox|Delphox, L50, F|100/100
|-ability|p2a: Scrafty|Intimidate|boost
|-unboost|p1a: Kingambit|atk|1
|-ability|p1a: Kingambit|Defiant|boost
|-boost|p1a: Kingambit|atk|2
|-unboost|p1b: Delphox|atk|1
|turn|2
|
|t:|1785882618
|switch|p2b: Basculegion|Basculegion, L50, M|100/100
|detailschange|p1b: Delphox|Delphox-Mega, L50, F
|-mega|p1b: Delphox|Delphox|Delphoxite
|move|p1b: Delphox|Psychic|p2b: Basculegion
|-damage|p2b: Basculegion|40/100
|move|p2a: Scrafty|Close Combat|p1a: Kingambit
|-supereffective|p1a: Kingambit|2
|-damage|p1a: Kingambit|0 fnt
|-unboost|p2a: Scrafty|def|1
|-unboost|p2a: Scrafty|spd|1
|faint|p1a: Kingambit
|
|upkeep
|
|t:|1785882627
|switch|p1a: Sneasler|Sneasler, L50, M|100/100
|turn|3
|
|t:|1785882643
|switch|p2a: Glimmora|Glimmora-Mega, L50, M|100/100
|move|p2b: Basculegion|Protect|p2b: Basculegion
|-singleturn|p2b: Basculegion|Protect
|move|p1b: Delphox|Psychic|p2b: Basculegion
|-activate|p2b: Basculegion|move: Protect
|move|p1a: Sneasler|Close Combat|p2a: Glimmora
|-damage|p2a: Glimmora|35/100
|-unboost|p1a: Sneasler|def|1
|-unboost|p1a: Sneasler|spd|1
|
|upkeep
|turn|4
|
|t:|1785882663
|move|p2a: Glimmora|Spiky Shield|p2a: Glimmora
|-singleturn|p2a: Glimmora|move: Protect
|move|p2b: Basculegion|Aqua Jet|p1a: Sneasler
|-damage|p1a: Sneasler|7/100
|-damage|p2b: Basculegion|30/100|[from] item: Life Orb
|move|p1b: Delphox|Psychic|p2b: Basculegion
|-damage|p2b: Basculegion|0 fnt
|faint|p2b: Basculegion
|move|p1a: Sneasler|Close Combat|p2a: Glimmora
|-activate|p2a: Glimmora|move: Protect
|-damage|p1a: Sneasler|0 fnt|[from] Spiky Shield|[of] p2a: Glimmora
|faint|p1a: Sneasler
|
|upkeep
|
|t:|1785882674
|switch|p2b: Scrafty|Scrafty, L50, M|100/100
|-ability|p2b: Scrafty|Intimidate|boost
|-unboost|p1b: Delphox|atk|1
|turn|5
|
|t:|1785882690
|move|p2b: Scrafty|Fake Out|p1b: Delphox
|-damage|p1b: Delphox|83/100
|cant|p1b: Delphox|flinch
|move|p2a: Glimmora|Power Gem|p1b: Delphox
|-supereffective|p1b: Delphox|1
|-damage|p1b: Delphox|0 fnt
|faint|p1b: Delphox
|
|win|Gerald Hoppy
