|j|☆dracojackson
|j|☆kojay
|html|dracojacksonkojay    
|uhtml|bestof|Game 1 of a best-of-3
|t:|1756753765
|gametype|doubles
|player|p1|dracojackson|hilbert|
|player|p2|kojay|kamado-armor|
|gen|9
|tier|[Gen 9] VGC 2025 Reg H (Bo3)
|rule|Species Clause: Limit one of each Pokémon
|rule|Item Clause: Limit 1 of each item
|clearpoke
|poke|p1|Porygon2, L50|
|poke|p1|Incineroar, L50, M|
|poke|p1|Ursaluna, L50, F|
|poke|p1|Amoonguss, L50, F|
|poke|p1|Gholdengo, L50|
|poke|p1|Dragonite, L50, M|
|poke|p2|Garchomp, L50, F|
|poke|p2|Sneasler, L50, M|
|poke|p2|Incineroar, L50, M|
|poke|p2|Dragonite, L50, F|
|poke|p2|Gholdengo, L50|
|poke|p2|Vivillon, L50, M|
|teampreview|4
|showteam|p1|Porygon2||Eviolite|Download|TeraBlast,IceBeam,Recover,TrickRoom||||||50|,,,,,Fighting]Incineroar||SafetyGoggles|Intimidate|FakeOut,KnockOff,FlareBlitz,PartingShot|||M|||50|,,,,,Ghost]Ursaluna||FlameOrb|Guts|HeadlongRush,Facade,Earthquake,Protect|||F|||50|,,,,,Ghost]Amoonguss||SitrusBerry|Regenerator|PollenPuff,Spore,RagePowder,Protect|||F|||50|,,,,,Water]Gholdengo||LifeOrb|GoodasGold|MakeItRain,ShadowBall,NastyPlot,Protect||||||50|,,,,,Dragon]Dragonite||LoadedDice|Multiscale|ScaleShot,Haze,Tailwind,Protect|||M|||50|,,,,,Steel
|showteam|p2|Garchomp||LifeOrb|RoughSkin|Earthquake,DragonClaw,StompingTantrum,Protect|||F|||50|,,,,,Ground]Sneasler||WhiteHerb|Unburden|Coaching,Protect,DireClaw,CloseCombat|||M|||50|,,,,,Ghost]Incineroar||SafetyGoggles|Intimidate|FakeOut,FlareBlitz,KnockOff,PartingShot|||M|||50|,,,,,Ghost]Dragonite||LoadedDice|InnerFocus|TeraBlast,ScaleShot,Tailwind,Protect|||F|||50|,,,,,Flying]Gholdengo||ChoiceScarf|GoodasGold|MakeItRain,ShadowBall,Trick,Thunderbolt||||||50|,,,,,Steel]Vivillon||FocusSash|CompoundEyes|Hurricane,SleepPowder,RagePowder,Protect|||M|||50|,,,,,Ghost
|c|☆kojay|ben
|c|☆dracojackson|Be
|c|☆dracojackson|ben
|c|☆dracojackson|Glhf
|c|☆kojay|glhf
|
|t:|1756753824
|teamsize|p1|4
|teamsize|p2|4
|start
|switch|p1a: Nitenite|Dragonite, L50, M|100/100
|switch|p1b: Tomato|Incineroar, L50, M|100/100
|switch|p2a: Vivillon|Vivillon, L50, M|100/100
|switch|p2b: Kaladin|Garchomp, L50, F, shiny|100/100
|-ability|p1b: Tomato|Intimidate|boost
|-unboost|p2a: Vivillon|atk|1
|-unboost|p2b: Kaladin|atk|1
|turn|1
|
|t:|1756753874
|switch|p2b: Dalinar|Incineroar, L50, M, shiny|100/100
|-ability|p2b: Dalinar|Intimidate|boost
|-unboost|p1a: Nitenite|atk|1
|-unboost|p1b: Tomato|atk|1
|move|p2a: Vivillon|Protect|p2a: Vivillon
|-singleturn|p2a: Vivillon|Protect
|move|p1a: Nitenite|Protect|p1a: Nitenite
|-singleturn|p1a: Nitenite|Protect
|move|p1b: Tomato|Parting Shot|p2b: Dalinar
|-unboost|p2b: Dalinar|atk|1
|-unboost|p2b: Dalinar|spa|1
|
|t:|1756753884
|switch|p1b: LaFawnduh|Amoonguss, L50, F, shiny|100/100|[from] Parting Shot
|
|upkeep
|turn|2
|
|t:|1756753897
|switch|p1a: Tomato|Incineroar, L50, M|100/100
|-ability|p1a: Tomato|Intimidate|boost
|-unboost|p2a: Vivillon|atk|1
|-unboost|p2b: Dalinar|atk|1
|move|p2b: Dalinar|Fake Out|p1b: LaFawnduh
|-damage|p1b: LaFawnduh|95/100
|move|p2a: Vivillon|Hurricane|p1a: Tomato
|-damage|p1a: Tomato|57/100
|-start|p1a: Tomato|confusion
|cant|p1b: LaFawnduh|flinch
|
|upkeep
|turn|3
|
|t:|1756753914
|switch|p2a: Gholdengo|Gholdengo, L50|100/100
|-activate|p1a: Tomato|confusion
|-damage|p1a: Tomato|45/100|[from] confusion
|move|p2b: Dalinar|Knock Off|p1a: Tomato
|-resisted|p1a: Tomato
|-damage|p1a: Tomato|34/100
|-enditem|p1a: Tomato|Safety Goggles|[from] move: Knock Off|[of] p2b: Dalinar
|move|p1b: LaFawnduh|Spore|p2b: Dalinar
|-activate|p2b: Dalinar|item: Safety Goggles|Spore
|
|upkeep
|turn|4
|
|t:|1756753952
|move|p1b: LaFawnduh|Protect|p1b: LaFawnduh
|-singleturn|p1b: LaFawnduh|Protect
|move|p2a: Gholdengo|Shadow Ball|p1a: Tomato
|-resisted|p1a: Tomato
|-damage|p1a: Tomato|12/100
|-end|p1a: Tomato|confusion
|move|p1a: Tomato|Knock Off|p2b: Dalinar
|-resisted|p2b: Dalinar
|-damage|p2b: Dalinar|78/100
|-enditem|p2b: Dalinar|Safety Goggles|[from] move: Knock Off|[of] p1a: Tomato
|move|p2b: Dalinar|Parting Shot|p1a: Tomato
|-unboost|p1a: Tomato|atk|1
|-unboost|p1a: Tomato|spa|1
|
|t:|1756753972
|switch|p2b: Vivillon|Vivillon, L50, M|100/100|[from] Parting Shot
|
|upkeep
|turn|5
|
|t:|1756753992
|move|p2a: Gholdengo|Shadow Ball|p1b: LaFawnduh
|-damage|p1b: LaFawnduh|56/100
|move|p2b: Vivillon|Hurricane|p1b: LaFawnduh
|-supereffective|p1b: LaFawnduh
|-damage|p1b: LaFawnduh|0 fnt
|faint|p1b: LaFawnduh
|move|p1a: Tomato|Flare Blitz|p2a: Gholdengo
|-supereffective|p2a: Gholdengo
|-damage|p2a: Gholdengo|20/100
|-damage|p1a: Tomato|0 fnt|[from] Recoil
|faint|p1a: Tomato
|
|upkeep
|
|t:|1756753999
|switch|p1a: Dingus|Gholdengo, L50, shiny|100/100
|switch|p1b: Nitenite|Dragonite, L50, M|100/100
|turn|6
|
|t:|1756754017
|move|p2a: Gholdengo|Shadow Ball|p1a: Dingus
|-supereffective|p1a: Dingus
|-damage|p1a: Dingus|0 fnt
|faint|p1a: Dingus
|move|p2b: Vivillon|Sleep Powder|p1b: Nitenite
|-status|p1b: Nitenite|slp|[from] move: Sleep Powder
|cant|p1b: Nitenite|slp
|
|upkeep
|turn|7
|
|t:|1756754023
|move|p2a: Gholdengo|Shadow Ball|p1b: Nitenite
|-damage|p1b: Nitenite|75/100 slp
|move|p2b: Vivillon|Hurricane|p1b: Nitenite
|-damage|p1b: Nitenite|29/100 slp
|cant|p1b: Nitenite|slp
|
|upkeep
|turn|8
|
|t:|1756754028
|move|p2a: Gholdengo|Shadow Ball|p1b: Nitenite
|-damage|p1b: Nitenite|0 fnt
|faint|p1b: Nitenite
|
|win|kojay
||kojay is ready for game 2.
||dracojackson is ready for game 2.
|uhtml|next|Next: Game 2 of 3
