|j|☆inadomi
|j|☆FALL3N_DWN
|html|inadomiFALL3N_DWN    
|uhtml|bestof|Game 2 of a best-of-3
|t:|1757029902
|gametype|doubles
|player|p1|inadomi|lady-gen4|1149
|player|p2|FALL3N_DWN|carmine-festival|1143
|gen|9
|tier|[Gen 9] VGC 2025 Reg H (Bo3)
|rated|
|rule|Species Clause: Limit one of each Pokémon
|rule|Item Clause: Limit 1 of each item
|clearpoke
|poke|p1|Indeedee, L50, M|
|poke|p1|Drifblim, L50, M|
|poke|p1|Volcarona, L50, F|
|poke|p1|Kommo-o, L50, M|
|poke|p1|Toxtricity, L50, M|
|poke|p1|Hydreigon, L50, M|
|poke|p2|Electabuzz, L50, M|
|poke|p2|Kingambit, L50, F|
|poke|p2|Volcarona, L50, M|
|poke|p2|Dragonite, L50, F|
|poke|p2|Sneasler, L50, F|
|poke|p2|Rillaboom, L50, M|
|teampreview|4
|showteam|p1|Indeedee||FocusSash|PsychicSurge|ExpandingForce,TeraBlast,Imprison,TrickRoom|||M|||50|,,,,,Ground]Drifblim||PsychicSeed|Unburden|Acrobatics,WillOWisp,StrengthSap,Tailwind|||M|||50|,,,,,Flying]Volcarona||LifeOrb|FlameBody|BugBuzz,HeatWave,TeraBlast,GigaDrain|||F|||50|,,,,,Fairy]Kommo-o||Leftovers|Soundproof|BodyPress,Flamethrower,IronDefense,Protect|||M|||50|,,,,,Fire]Toxtricity||ChoiceSpecs|PunkRock|Overdrive,SludgeBomb,Boomburst,VoltSwitch|||M|||50|,,,,,Normal]Hydreigon||AssaultVest|Levitate|DarkPulse,DracoMeteor,FlashCannon,Snarl|||M|||50|,,,,,Ghost
|showteam|p2|Electabuzz||Eviolite|VitalSpirit|FollowMe,Thunderbolt,Taunt,Protect|||M|||50|,,,,,Ghost]Kingambit||BlackGlasses|Defiant|KowtowCleave,SuckerPunch,SwordsDance,Protect|||F|||50|,,,,,Dark]Volcarona||Leftovers|FlameBody|HeatWave,TeraBlast,QuiverDance,Protect|||M|||50|,,,,,Fairy]Dragonite||LoadedDice|Multiscale|ScaleShot,ExtremeSpeed,Haze,Protect|||F|||50|,,,,,Fairy]Sneasler||FocusSash|Unburden|DireClaw,CloseCombat,Coaching,FakeOut|||F|||50|,,,,,Stellar]Rillaboom||AssaultVest|GrassySurge|FakeOut,WoodHammer,GrassyGlide,HighHorsepower|||M|||50|,,,,,Fire
|inactive|Battle timer is ON: inactive players will automatically lose when time's up. (requested by inadomi)
|inactive|FALL3N_DWN has 60 seconds left.
|inactive|FALL3N_DWN has 30 seconds left.
|inactive|FALL3N_DWN has 20 seconds left.
|
|t:|1757029973
|teamsize|p1|4
|teamsize|p2|4
|start
|switch|p1a: Drifblim|Drifblim, L50, M|100/100
|switch|p1b: Volcarona|Volcarona, L50, F|100/100
|switch|p2a: Volcarona|Volcarona, L50, M|100/100
|switch|p2b: Electabuzz|Electabuzz, L50, M|100/100
|turn|1
|inactive|inadomi has 30 seconds left.
|inactive|FALL3N_DWN has 30 seconds left.
|inactive|inadomi has 20 seconds left.
|
|t:|1757030013
|move|p2b: Electabuzz|Follow Me|p2b: Electabuzz
|-singleturn|p2b: Electabuzz|move: Follow Me
|move|p1b: Volcarona|Tera Blast|p2b: Electabuzz
|-damage|p2b: Electabuzz|70/100
|-damage|p1b: Volcarona|91/100|[from] item: Life Orb
|move|p2a: Volcarona|Quiver Dance|p2a: Volcarona
|-boost|p2a: Volcarona|spa|1
|-boost|p2a: Volcarona|spd|1
|-boost|p2a: Volcarona|spe|1
|move|p1a: Drifblim|Tailwind|p1a: Drifblim
|-sidestart|p1: inadomi|move: Tailwind
|
|upkeep
|turn|2
|inactive|FALL3N_DWN has 30 seconds left.
|
|t:|1757030040
|-terastallize|p1a: Drifblim|Flying
|move|p2b: Electabuzz|Follow Me|p2b: Electabuzz
|-singleturn|p2b: Electabuzz|move: Follow Me
|move|p1b: Volcarona|Bug Buzz|p2b: Electabuzz
|-damage|p2b: Electabuzz|26/100
|-damage|p1b: Volcarona|81/100|[from] item: Life Orb
|move|p1a: Drifblim|Acrobatics|p2b: Electabuzz
|-resisted|p2b: Electabuzz
|-damage|p2b: Electabuzz|16/100
|move|p2a: Volcarona|Quiver Dance|p2a: Volcarona
|-boost|p2a: Volcarona|spa|1
|-boost|p2a: Volcarona|spd|1
|-boost|p2a: Volcarona|spe|1
|
|upkeep
|turn|3
|inactive|inadomi has 30 seconds left.
|inactive|FALL3N_DWN has 30 seconds left.
|
|t:|1757030069
|move|p2a: Volcarona|Protect|p2a: Volcarona
|-singleturn|p2a: Volcarona|Protect
|move|p1b: Volcarona|Heat Wave|p2b: Electabuzz|[spread] p2b
|-activate|p2a: Volcarona|move: Protect
|-damage|p2b: Electabuzz|0 fnt
|faint|p2b: Electabuzz
|-damage|p1b: Volcarona|71/100|[from] item: Life Orb
|move|p1a: Drifblim|Acrobatics|p2a: Volcarona
|-activate|p2a: Volcarona|move: Protect
|
|upkeep
|
|t:|1757030090
|switch|p2b: Kingambit|Kingambit, L50, F|100/100
|turn|4
|inactive|inadomi has 30 seconds left.
|inactive|FALL3N_DWN has 30 seconds left.
|inactive|FALL3N_DWN has 20 seconds left.
|inactive|FALL3N_DWN has 15 seconds left.
|
|t:|1757030146
|-terastallize|p2a: Volcarona|Fairy
|move|p2b: Kingambit|Protect|p2b: Kingambit
|-singleturn|p2b: Kingambit|Protect
|move|p1b: Volcarona|Heat Wave|p2a: Volcarona|[spread] p2a
|-activate|p2b: Kingambit|move: Protect
|-damage|p2a: Volcarona|80/100
|-damage|p1b: Volcarona|61/100|[from] item: Life Orb
|move|p2a: Volcarona|Heat Wave|p1b: Volcarona|[spread] p1b
|-miss|p2a: Volcarona|p1a: Drifblim
|-damage|p1b: Volcarona|0 fnt
|faint|p1b: Volcarona
|move|p1a: Drifblim|Acrobatics|p2a: Volcarona
|-damage|p2a: Volcarona|54/100
|
|-heal|p2a: Volcarona|60/100|[from] item: Leftovers
|-sideend|p1: inadomi|move: Tailwind
|upkeep
|inactive|inadomi has 30 seconds left.
|
|t:|1757030172
|switch|p1b: Indeedee|Indeedee, L50, M|100/100
|-fieldstart|move: Psychic Terrain|[from] ability: Psychic Surge|[of] p1b: Indeedee
|-enditem|p1a: Drifblim|Psychic Seed
|-boost|p1a: Drifblim|spd|1|[from] item: Psychic Seed
|turn|5
|inactive|FALL3N_DWN has 30 seconds left.
|
|t:|1757030198
|move|p2a: Volcarona|Protect|p2a: Volcarona
|-singleturn|p2a: Volcarona|Protect
|move|p1a: Drifblim|Will-O-Wisp|p2b: Kingambit
|-status|p2b: Kingambit|brn
|move|p1b: Indeedee|Expanding Force|p2a: Volcarona|[spread] 
|-activate|p2a: Volcarona|move: Protect
|-immune|p2b: Kingambit
|move|p2b: Kingambit|Kowtow Cleave|p1a: Drifblim
|-damage|p1a: Drifblim|68/100
|
|-heal|p2a: Volcarona|67/100|[from] item: Leftovers
|-damage|p2b: Kingambit|95/100 brn|[from] brn
|upkeep
|turn|6
|
|t:|1757030222
|switch|p2b: Rillaboom|Rillaboom, L50, M|100/100
|-fieldstart|move: Grassy Terrain|[from] ability: Grassy Surge|[of] p2b: Rillaboom
|move|p2a: Volcarona|Heat Wave|p1a: Drifblim|[spread] p1a,p1b
|-damage|p1a: Drifblim|23/100
|-enditem|p1b: Indeedee|Focus Sash
|-damage|p1b: Indeedee|1/100
|move|p1a: Drifblim|Acrobatics|p2a: Volcarona
|-crit|p2a: Volcarona
|-damage|p2a: Volcarona|0 fnt
|faint|p2a: Volcarona
|move|p1b: Indeedee|Tera Blast|p2b: Rillaboom
|-damage|p2b: Rillaboom|72/100
|
|-heal|p1b: Indeedee|7/100|[from] Grassy Terrain
|-heal|p2b: Rillaboom|78/100|[from] Grassy Terrain
|upkeep
|
|t:|1757030231
|switch|p2a: Kingambit|Kingambit, L50, F|95/100 brn
|turn|7
|inactive|inadomi has 30 seconds left.
|
|t:|1757030260
|move|p2b: Rillaboom|Fake Out|p1a: Drifblim
|-damage|p1a: Drifblim|8/100
|cant|p1a: Drifblim|flinch
|move|p1b: Indeedee|Tera Blast|p2a: Kingambit
|-resisted|p2a: Kingambit
|-damage|p2a: Kingambit|77/100 brn
|move|p2a: Kingambit|Kowtow Cleave|p1b: Indeedee
|-supereffective|p1b: Indeedee
|-damage|p1b: Indeedee|0 fnt
|faint|p1b: Indeedee
|
|-heal|p2b: Rillaboom|84/100|[from] Grassy Terrain
|-heal|p2a: Kingambit|83/100 brn|[from] Grassy Terrain
|-damage|p2a: Kingambit|77/100 brn|[from] brn
|upkeep
|
|t:|1757030273
|switch|p1b: Kommo-o|Kommo-o, L50, M|100/100
|turn|8
|
|t:|1757030285
|move|p2b: Rillaboom|Grassy Glide|p1a: Drifblim
|-resisted|p1a: Drifblim
|-damage|p1a: Drifblim|0 fnt
|faint|p1a: Drifblim
|move|p1b: Kommo-o|Iron Defense|p1b: Kommo-o
|-boost|p1b: Kommo-o|def|2
|move|p2a: Kingambit|Swords Dance|p2a: Kingambit
|-boost|p2a: Kingambit|atk|2
|
|-heal|p2b: Rillaboom|90/100|[from] Grassy Terrain
|-heal|p2a: Kingambit|83/100 brn|[from] Grassy Terrain
|-damage|p2a: Kingambit|77/100 brn|[from] brn
|upkeep
|turn|9
|l|☆inadomi
|inactive|inadomi disconnected and has a minute to reconnect!
|player|p1|
|inactive|inadomi has 30 seconds left.
|inactive|inadomi has 20 seconds left.
|inactive|inadomi has 15 seconds left.
|inactive|inadomi has 10 seconds left.
|inactive|inadomi has 5 seconds left.
|-message|inadomi lost due to inactivity.
|
|win|FALL3N_DWN
||FALL3N_DWN is ready for game 3.
|inactive|inadomi has 15 seconds to reconnect!
|inactive|inadomi has 5 seconds to reconnect!
|j|☆inadomi
|player|p1|inadomi|lady-gen4|
|inactive|inadomi has 10 seconds to confirm battle start!
||inadomi is ready for game 3.
|uhtml|next|Next: Game 3 of 3
|l|☆inadomi
|player|p1|
