|j|☆Professor_J93
|j|☆raylof
|html|Professor_J93raylof    
|uhtml|bestof|Game 1 of a best-of-3
|t:|1757742754
|gametype|doubles
|player|p1|Professor_J93|n|1195
|player|p2|raylof|170|1293
|gen|9
|tier|[Gen 9] VGC 2025 Reg H (Bo3)
|rated|
|rule|Species Clause: Limit one of each Pokémon
|rule|Item Clause: Limit 1 of each item
|clearpoke
|poke|p1|Decidueye-Hisui, L50, M|
|poke|p1|Electabuzz, L50, M|
|poke|p1|Yanmega, L50, M|
|poke|p1|Chandelure, L50, M|
|poke|p1|Metagross, L50|
|poke|p1|Palafin, L50, F|
|poke|p2|Sneasler, L50, F|
|poke|p2|Dragapult, L50, M|
|poke|p2|Primarina, L50, F|
|poke|p2|Kingambit, L50, F|
|poke|p2|Magmar, L50, F|
|poke|p2|Rillaboom, L50, M|
|teampreview|4
|showteam|p1|Decidueye-Hisui||ScopeLens|Scrappy|TripleArrows,LeafBlade,Haze,Protect|||M|||50|,,,,,Fire]Electabuzz||Eviolite|VitalSpirit|Electroweb,FollowMe,Taunt,Thunderbolt|||M|||50|,,,,,Dragon]Yanmega||FocusSash|SpeedBoost|AirSlash,BugBuzz,Tailwind,Protect|||M|||50|,,,,,Ghost]Chandelure||FlamePlate|FlashFire|ShadowBall,HeatWave,TrickRoom,Protect|||M|||50|,,,,,Grass]Metagross||AssaultVest|ClearBody|HeavySlam,PsychicFangs,KnockOff,BulletPunch||||||50|,,,,,Dark]Palafin||LifeOrb|ZerotoHero|JetPunch,WaveCrash,Encore,Protect|||F|||50|,,,,,Water
|showteam|p2|Sneasler||FocusSash|Unburden|CloseCombat,DireClaw,FakeOut,Protect|||F|||50|,,,,,Stellar]Dragapult||ChoiceBand|ClearBody|DragonDarts,TeraBlast,PhantomForce,Uturn|||M|||50|,,,,,Ghost]Primarina||SitrusBerry|LiquidVoice|HyperVoice,Moonblast,Haze,Protect|||F|||50|,,,,,Poison]Kingambit||BlackGlasses|Defiant|KowtowCleave,SuckerPunch,SwordsDance,Protect|||F|||50|,,,,,Dark]Magmar||Eviolite|VitalSpirit|Overheat,WillOWisp,FollowMe,Protect|||F|||50|,,,,,Ghost]Rillaboom||AssaultVest|GrassySurge|WoodHammer,GrassyGlide,HighHorsepower,FakeOut|||M|||50|,,,,,Fire
|inactive|Battle timer is ON: inactive players will automatically lose when time's up. (requested by Professor_J93)
|inactive|Professor_J93 has 60 seconds left.
|inactive|raylof has 60 seconds left.
|inactive|Professor_J93 has 30 seconds left.
|inactive|Professor_J93 has 20 seconds left.
|inactive|Professor_J93 has 15 seconds left.
|
|t:|1757742831
|teamsize|p1|4
|teamsize|p2|4
|start
|switch|p1a: Palafin|Palafin, L50, F|100/100
|switch|p1b: Sparx|Yanmega, L50, M, shiny|100/100
|switch|p2a: Dragapult|Dragapult, L50, M|100/100
|switch|p2b: Sneasler|Sneasler, L50, F|100/100
|turn|1
|inactive|raylof has 30 seconds left.
|
|t:|1757742858
|switch|p2b: Rillaboom|Rillaboom, L50, M|100/100
|-fieldstart|move: Grassy Terrain|[from] ability: Grassy Surge|[of] p2b: Rillaboom
|detailschange|p1a: Palafin|Palafin-Hero, L50, F
|switch|p1a: Metagross|Metagross, L50, shiny|100/100
|move|p1b: Sparx|Protect|p1b: Sparx
|-singleturn|p1b: Sparx|Protect
|move|p2a: Dragapult|U-turn|p1a: Metagross
|-damage|p1a: Metagross|70/100
|
|t:|1757742867
|switch|p2a: Sneasler|Sneasler, L50, F|100/100|[from] U-turn
|
|-heal|p1a: Metagross|76/100|[from] Grassy Terrain
|-ability|p1b: Sparx|Speed Boost|boost
|-boost|p1b: Sparx|spe|1
|upkeep
|turn|2
|inactive|raylof has 30 seconds left.
|
|t:|1757742901
|move|p2a: Sneasler|Fake Out|p1b: Sparx
|-damage|p1b: Sparx|84/100
|cant|p1b: Sparx|flinch
|move|p2b: Rillaboom|High Horsepower|p1a: Metagross
|-supereffective|p1a: Metagross
|-damage|p1a: Metagross|26/100
|move|p1a: Metagross|Psychic Fangs|p2a: Sneasler
|-supereffective|p2a: Sneasler
|-enditem|p2a: Sneasler|Focus Sash
|-damage|p2a: Sneasler|1/100
|
|-heal|p2a: Sneasler|7/100|[from] Grassy Terrain
|-heal|p1a: Metagross|32/100|[from] Grassy Terrain
|-ability|p1b: Sparx|Speed Boost|boost
|-boost|p1b: Sparx|spe|1
|upkeep
|turn|3
|
|t:|1757742922
|move|p1a: Metagross|Bullet Punch|p2a: Sneasler
|-damage|p2a: Sneasler|0 fnt
|faint|p2a: Sneasler
|move|p1b: Sparx|Bug Buzz|p2b: Rillaboom
|-supereffective|p2b: Rillaboom
|-crit|p2b: Rillaboom
|-damage|p2b: Rillaboom|0 fnt
|faint|p2b: Rillaboom
|
|-heal|p1a: Metagross|39/100|[from] Grassy Terrain
|-ability|p1b: Sparx|Speed Boost|boost
|-boost|p1b: Sparx|spe|1
|upkeep
|
|t:|1757742932
|switch|p2a: Dragapult|Dragapult, L50, M|100/100
|switch|p2b: Kingambit|Kingambit, L50, F|100/100
|turn|4
|inactive|raylof has 30 seconds left.
|
|t:|1757742966
|move|p1b: Sparx|Protect|p1b: Sparx
|-singleturn|p1b: Sparx|Protect
|move|p2b: Kingambit|Sucker Punch|p1a: Metagross
|-supereffective|p1a: Metagross
|-damage|p1a: Metagross|0 fnt
|faint|p1a: Metagross
|move|p2a: Dragapult|Dragon Darts|p1b: Sparx
|-activate|p1b: Sparx|move: Protect
|
|-ability|p1b: Sparx|Speed Boost|boost
|-boost|p1b: Sparx|spe|1
|upkeep
|
|t:|1757742989
|switch|p1a: Chandelure|Chandelure, L50, M, shiny|100/100
|turn|5
|
|t:|1757743013
|-terastallize|p1a: Chandelure|Grass
|-terastallize|p2b: Kingambit|Dark
|move|p2b: Kingambit|Sucker Punch|p1a: Chandelure
|-damage|p1a: Chandelure|11/100
|move|p1b: Sparx|Tailwind|p1b: Sparx
|-sidestart|p1: Professor_J93|move: Tailwind
|move|p1a: Chandelure|Shadow Ball|p2a: Dragapult
|-supereffective|p2a: Dragapult
|-damage|p2a: Dragapult|0 fnt
|faint|p2a: Dragapult
|
|-heal|p1a: Chandelure|17/100|[from] Grassy Terrain
|-fieldend|move: Grassy Terrain
|-ability|p1b: Sparx|Speed Boost|boost
|-boost|p1b: Sparx|spe|1
|upkeep
|turn|6
|
|t:|1757743035
|move|p2b: Kingambit|Sucker Punch|p1b: Sparx
|-damage|p1b: Sparx|2/100
|move|p1b: Sparx|Bug Buzz|p2b: Kingambit
|-supereffective|p2b: Kingambit
|-damage|p2b: Kingambit|9/100
|move|p1a: Chandelure|Heat Wave|p2b: Kingambit
|-damage|p2b: Kingambit|0 fnt
|faint|p2b: Kingambit
|
|win|Professor_J93
||Professor_J93 is ready for game 2.
|inactive|raylof has 30 seconds to confirm battle start!
||raylof is ready for game 2.
|uhtml|next|Next: Game 2 of 3
