|j|☆Jaybird112233
|j|☆geminiduality2
|html|Jaybird112233geminiduality2    
|uhtml|bestof|Game 1 of a best-of-3
|t:|1785113542
|gametype|doubles
|player|p1|Jaybird112233|naveen|
|player|p2|geminiduality2|caitlin|
|gen|9
|tier|[Gen 9 Champions] VGC 2026 Reg M-B (Bo3)
|rule|Species Clause: Limit one of each Pokémon
|rule|Item Clause: Limit 1 of each item
|clearpoke
|poke|p1|Altaria, L50, M, shiny|
|poke|p1|Sinistcha, L50|
|poke|p1|Tyranitar, L50, F, shiny|
|poke|p1|Rotom-Heat, L50, shiny|
|poke|p1|Slowbro, L50, F|
|poke|p1|Aggron, L50, F|
|poke|p2|Whimsicott, L50, F, shiny|
|poke|p2|Greninja, L50, F|
|poke|p2|Froslass, L50, F, shiny|
|poke|p2|Sinistcha-Masterpiece, L50|
|poke|p2|Empoleon, L50, F|
|poke|p2|Incineroar, L50, F|
|teampreview|4
|showteam|p1|Altaria||Altarianite|CloudNine|HyperVoice,DracoMeteor,HyperBeam,Protect|Quiet||M|||50|]Sinistcha||SitrusBerry|Hospitality|MatchaGotcha,LifeDew,RagePowder,TrickRoom|Calm|||||50|]Tyranitar||Tyranitarite|SandStream|KnockOff,RockSlide,LowKick,Protect|Adamant||F|||50|]Rotom-Heat||WhiteHerb|Levitate|Thunderbolt,Overheat,LightScreen,VoltSwitch|Modest|||||50|]Slowbro||Leftovers|Regenerator|HealPulse,TrickRoom,Scald,Protect|Relaxed||F|||50|]Aggron||Aggronite|Sturdy|IronDefense,BodyPress,HeavySlam,Protect|Impish||F|||50|
|showteam|p2|Whimsicott||MentalHerb|Prankster|Encore,Moonblast,Tailwind,HelpingHand|Bold||F|||50|]Greninja||Greninjite|Protean|HydroPump,GunkShot,Extrasensory,IceBeam|Hasty||F|||50|]Froslass||Froslassite|CursedBody|Blizzard,ShadowBall,Protect,AuroraVeil|Timid||F|||50|]Sinistcha-Masterpiece||Leftovers|Hospitality|RagePowder,StrengthSap,MatchaGotcha,ShadowBall|Calm|||||50|]Empoleon||LifeOrb|Competitive|Blizzard,HydroPump,FlashCannon,AquaJet|Modest||F|||50|]Incineroar||SitrusBerry|Intimidate|FakeOut,FlareBlitz,PartingShot,BrickBreak|Careful||F|||50|
|j| seafan13
|j| terosath
|j| Bingus Von Bongus
|
|t:|1785113613
|teamsize|p1|4
|teamsize|p2|4
|start
|switch|p1a: Manatee|Slowbro, L50, F|100/100
|switch|p1b: Ferrous|Aggron, L50, F|100/100
|switch|p2a: My Ninja Way|Greninja, L50, F|100/100
|switch|p2b: Tea Time|Sinistcha-Masterpiece, L50|100/100
|turn|1
|
|t:|1785113639
|detailschange|p1b: Ferrous|Aggron-Mega, L50, F
|-mega|p1b: Ferrous|Aggron|Aggronite
|move|p1b: Ferrous|Protect|p1b: Ferrous
|-singleturn|p1b: Ferrous|Protect
|move|p2a: My Ninja Way|Hydro Pump|p1b: Ferrous
|-start|p2a: My Ninja Way|typechange|Water|[from] ability: Protean
|-activate|p1b: Ferrous|move: Protect
|move|p2b: Tea Time|Matcha Gotcha|p1b: Ferrous|[spread] p1a
|-activate|p1b: Ferrous|move: Protect
|-supereffective|p1a: Manatee|1
|-damage|p1a: Manatee|55/100
|move|p1a: Manatee|Trick Room|p1a: Manatee
|-fieldstart|move: Trick Room|[of] p1a: Manatee
|
|-heal|p1a: Manatee|61/100|[from] item: Leftovers
|upkeep
|turn|2
|
|t:|1785113687
|-heal|p1a: Manatee|94/100|[from] ability: Regenerator|[silent]
|switch|p1a: Chomps|Tyranitar, L50, F, shiny|100/100
|-weather|Sandstorm|[from] ability: Sand Stream|[of] p1a: Chomps
|detailschange|p2a: My Ninja Way|Greninja-Mega, L50, F
|-mega|p2a: My Ninja Way|Greninja|Greninjite
|move|p2b: Tea Time|Rage Powder|p2b: Tea Time
|-singleturn|p2b: Tea Time|move: Rage Powder
|move|p1b: Ferrous|Iron Defense|p1b: Ferrous
|-boost|p1b: Ferrous|def|2
|move|p2a: My Ninja Way|Hydro Pump|p1b: Ferrous
|-start|p2a: My Ninja Way|typechange|Water|[from] ability: Protean
|-damage|p1b: Ferrous|32/100
|
|-weather|Sandstorm|[upkeep]
|-damage|p2b: Tea Time|93/100|[from] Sandstorm
|-damage|p2a: My Ninja Way|93/100|[from] Sandstorm
|-heal|p2b: Tea Time|100/100|[from] item: Leftovers
|upkeep
|turn|3
|
|t:|1785113746
|move|p1b: Ferrous|Body Press|p2a: My Ninja Way
|-damage|p2a: My Ninja Way|0 fnt
|faint|p2a: My Ninja Way
|move|p1a: Chomps|Knock Off|p2b: Tea Time
|-supereffective|p2b: Tea Time|1
|-damage|p2b: Tea Time|0 fnt
|-enditem|p2b: Tea Time|Leftovers|[from] move: Knock Off|[of] p1a: Chomps
|faint|p2b: Tea Time
|
|-weather|Sandstorm|[upkeep]
|upkeep
|
|t:|1785113756
|switch|p2b: Vgc Cat|Incineroar, L50, F|100/100
|switch|p2a: Napoleon|Empoleon, L50, F|100/100
|-ability|p2b: Vgc Cat|Intimidate|boost
|-unboost|p1a: Chomps|atk|1
|-unboost|p1b: Ferrous|atk|1
|turn|4
|
|t:|1785113780
|move|p1b: Ferrous|Protect|p1b: Ferrous
|-singleturn|p1b: Ferrous|Protect
|move|p2b: Vgc Cat|Fake Out|p1b: Ferrous
|-activate|p1b: Ferrous|move: Protect
|move|p2a: Napoleon|Hydro Pump|p1b: Ferrous
|-activate|p1b: Ferrous|move: Protect
|move|p1a: Chomps|Rock Slide|p2a: Napoleon|[spread] p2a,p2b
|-resisted|p2a: Napoleon|1
|-supereffective|p2b: Vgc Cat|1
|-crit|p2b: Vgc Cat
|-damage|p2a: Napoleon|89/100
|-damage|p2b: Vgc Cat|7/100
|-enditem|p2b: Vgc Cat|Sitrus Berry|[eat]
|-heal|p2b: Vgc Cat|32/100|[from] item: Sitrus Berry
|
|-weather|Sandstorm|[upkeep]
|-damage|p2b: Vgc Cat|26/100|[from] Sandstorm
|upkeep
|turn|5
|
|t:|1785113821
|move|p1b: Ferrous|Body Press|p2a: Napoleon
|-supereffective|p2a: Napoleon|1
|-damage|p2a: Napoleon|0 fnt
|faint|p2a: Napoleon
|move|p2b: Vgc Cat|Flare Blitz|p1b: Ferrous
|-supereffective|p1b: Ferrous|1
|-damage|p1b: Ferrous|16/100
|-status|p1b: Ferrous|brn
|-damage|p2b: Vgc Cat|22/100|[from] Recoil
|move|p1a: Chomps|Rock Slide|p2b: Vgc Cat
|-supereffective|p2b: Vgc Cat|1
|-damage|p2b: Vgc Cat|0 fnt
|faint|p2b: Vgc Cat
|
|win|Jaybird112233
|inactive|Jaybird112233 has 30 seconds to confirm battle start!
|inactive|geminiduality2 has 30 seconds to confirm battle start!
||Jaybird112233 is ready for game 2.
||geminiduality2 is ready for game 2.
|uhtml|next|Next: Game 2 of 3
