|j|☆raksbach
|j|☆purpled_yuki
|html|raksbachpurpled_yuki    
|uhtml|bestof|Game 2 of a best-of-3
|t:|1783693443
|gametype|doubles
|player|p1|raksbach|169|1160
|player|p2|purpled_yuki|rosa|1075
|gen|9
|tier|[Gen 9 Champions] VGC 2026 Reg M-B (Bo3)
|rated|
|rule|Species Clause: Limit one of each Pokémon
|rule|Item Clause: Limit 1 of each item
|clearpoke
|poke|p1|Incineroar, L50, M|
|poke|p1|Maushold, L50|
|poke|p1|Sinistcha, L50|
|poke|p1|Sneasler, L50, F|
|poke|p1|Blastoise, L50, F|
|poke|p1|Delphox, L50, M|
|poke|p2|Sinistcha, L50|
|poke|p2|Incineroar, L50, F|
|poke|p2|Pelipper, L50, F|
|poke|p2|Gengar, L50, M|
|poke|p2|Archaludon, L50, F|
|poke|p2|Palafin, L50, M|
|teampreview|4
|showteam|p1|Incineroar||SitrusBerry|Intimidate|FakeOut,FlareBlitz,DarkestLariat,PartingShot|Impish||M|||50|]Maushold||ChopleBerry|FriendGuard|SuperFang,FollowMe,Protect,Feint|Impish|||||50|]Sinistcha||OccaBerry|Hospitality|MatchaGotcha,LifeDew,RagePowder,Protect|Bold|||||50|]Sneasler||FocusSash|PoisonTouch|FakeOut,CloseCombat,DireClaw,QuickGuard|Jolly||F|||50|]Blastoise||Blastoisinite|Torrent|WaterSpout,DarkPulse,ShellSmash,Protect|Modest||F|||50|]Delphox||Delphoxite|Blaze|HeatWave,Psychic,NastyPlot,Protect|Timid||M|||50|
|showteam|p2|Sinistcha||SitrusBerry|Hospitality|MatchaGotcha,LifeDew,TrickRoom,RagePowder|Calm|||||50|]Incineroar||Leftovers|Intimidate|DarkestLariat,PartingShot,Protect,FakeOut|Adamant||F|||50|]Pelipper||FocusSash|Drizzle|WeatherBall,Protect,Hurricane,Tailwind|Timid||F|||50|]Gengar||Gengarite|CursedBody|PerishSong,Protect,SludgeBomb,ShadowBall|Calm||M|||50|]Archaludon||MetalCoat|Stamina|ElectroShot,Protect,FlashCannon,DragonPulse|Calm||F|||50|]Palafin||MysticWater|ZerotoHero|JetPunch,WaveCrash,Protect,FlipTurn|Jolly||M|||50|
|inactive|Battle timer is ON: inactive players will automatically lose when time's up. (requested by purpled_yuki)
|inactive|raksbach also wants the timer to be on.
|
|t:|1783693461
|teamsize|p1|4
|teamsize|p2|4
|start
|switch|p1a: Blastoise|Blastoise, L50, F|100/100
|switch|p1b: Maushold|Maushold, L50|100/100
|switch|p2a: Gengar|Gengar, L50, M|100/100
|switch|p2b: Incineroar|Incineroar, L50, F|100/100
|-ability|p2b: Incineroar|Intimidate|boost
|-unboost|p1a: Blastoise|atk|1
|-unboost|p1b: Maushold|atk|1
|turn|1
|
|t:|1783693486
|switch|p1b: Sneasler|Sneasler, L50, F|100/100
|detailschange|p2a: Gengar|Gengar-Mega, L50, M
|-mega|p2a: Gengar|Gengar|Gengarite
|detailschange|p1a: Blastoise|Blastoise-Mega, L50, F
|-mega|p1a: Blastoise|Blastoise|Blastoisinite
|move|p2b: Incineroar|Fake Out|p1a: Blastoise
|-damage|p1a: Blastoise|87/100
|move|p2a: Gengar|Perish Song|p2a: Gengar
|-start|p1a: Blastoise|perish3|[silent]
|-start|p1b: Sneasler|perish3|[silent]
|-start|p2a: Gengar|perish3|[silent]
|-start|p2b: Incineroar|perish3|[silent]
|-fieldactivate|move: Perish Song
|cant|p1a: Blastoise|flinch
|
|-start|p1b: Sneasler|perish3
|-start|p2a: Gengar|perish3
|-start|p1a: Blastoise|perish3
|-start|p2b: Incineroar|perish3
|upkeep
|turn|2
|inactive|purpled_yuki has 30 seconds left.
|inactive|purpled_yuki has 20 seconds left.
|inactive|purpled_yuki has 15 seconds left.
|inactive|purpled_yuki has 10 seconds left.
|inactive|purpled_yuki has 5 seconds left.
|
|t:|1783693538
|move|p1b: Sneasler|Fake Out|p2b: Incineroar
|-damage|p2b: Incineroar|85/100
|move|p2a: Gengar|Shadow Ball|p1b: Sneasler
|-damage|p1b: Sneasler|35/100
|move|p1a: Blastoise|Shell Smash|p1a: Blastoise
|-unboost|p1a: Blastoise|def|1
|-unboost|p1a: Blastoise|spd|1
|-boost|p1a: Blastoise|atk|2
|-boost|p1a: Blastoise|spa|2
|-boost|p1a: Blastoise|spe|2
|cant|p2b: Incineroar|flinch
|
|-heal|p2b: Incineroar|91/100|[from] item: Leftovers
|-start|p1a: Blastoise|perish2
|-start|p1b: Sneasler|perish2
|-start|p2a: Gengar|perish2
|-start|p2b: Incineroar|perish2
|upkeep
|turn|3
|
|t:|1783693554
|move|p2a: Gengar|Protect|p2a: Gengar
|-singleturn|p2a: Gengar|Protect
|move|p1a: Blastoise|Shell Smash|p1a: Blastoise
|-unboost|p1a: Blastoise|def|1
|-unboost|p1a: Blastoise|spd|1
|-boost|p1a: Blastoise|atk|2
|-boost|p1a: Blastoise|spa|2
|-boost|p1a: Blastoise|spe|2
|move|p1b: Sneasler|Close Combat|p2b: Incineroar
|-supereffective|p2b: Incineroar|1
|-damage|p2b: Incineroar|0 fnt
|-unboost|p1b: Sneasler|def|1
|-unboost|p1b: Sneasler|spd|1
|faint|p2b: Incineroar
|
|-start|p1a: Blastoise|perish1
|-start|p1b: Sneasler|perish1
|-start|p2a: Gengar|perish1
|upkeep
|
|t:|1783693571
|switch|p2b: Sinistcha|Sinistcha, L50|100/100
|turn|4
|
|t:|1783693582
|switch|p2a: Palafin|Palafin, L50, M|100/100
|move|p1a: Blastoise|Water Spout|p2a: Palafin|[spread] p2a,p2b
|-resisted|p2a: Palafin|1
|-resisted|p2b: Sinistcha|1
|-damage|p2a: Palafin|0 fnt
|-damage|p2b: Sinistcha|3/100
|-enditem|p2b: Sinistcha|Sitrus Berry|[eat]
|-heal|p2b: Sinistcha|28/100|[from] item: Sitrus Berry
|faint|p2a: Palafin
|move|p1b: Sneasler|Dire Claw|p2b: Sinistcha
|-damage|p2b: Sinistcha|0 fnt
|faint|p2b: Sinistcha
|
|-start|p1a: Blastoise|perish0
|-start|p1b: Sneasler|perish0
|upkeep
|faint|p1a: Blastoise
|faint|p1b: Sneasler
|
|t:|1783693599
|switch|p1b: Maushold|Maushold, L50|100/100
|switch|p1a: Sinistcha|Sinistcha, L50|100/100
|switch|p2b: Gengar|Gengar-Mega, L50, M|100/100
|turn|5
|
|t:|1783693611
|move|p1b: Maushold|Follow Me|p1b: Maushold
|-singleturn|p1b: Maushold|move: Follow Me
|move|p2b: Gengar|Sludge Bomb|p1b: Maushold
|-damage|p1b: Maushold|49/100
|move|p1a: Sinistcha|Matcha Gotcha|p2b: Gengar|[miss]
|-miss|p1a: Sinistcha|p2b: Gengar
|
|upkeep
|turn|6
|
|t:|1783693620
|move|p1b: Maushold|Protect|p1b: Maushold
|-singleturn|p1b: Maushold|Protect
|move|p2b: Gengar|Sludge Bomb|p1b: Maushold
|-activate|p1b: Maushold|move: Protect
|move|p1a: Sinistcha|Matcha Gotcha|p2b: Gengar
|-resisted|p2b: Gengar|1
|-damage|p2b: Gengar|81/100
|
|upkeep
|turn|7
|
|t:|1783693636
|move|p1b: Maushold|Protect||[still]
|-fail|p1b: Maushold
|move|p2b: Gengar|Sludge Bomb|p1b: Maushold
|-crit|p1b: Maushold
|-damage|p1b: Maushold|0 fnt
|faint|p1b: Maushold
|move|p1a: Sinistcha|Matcha Gotcha|p2b: Gengar
|-resisted|p2b: Gengar|1
|-damage|p2b: Gengar|63/100
|-status|p2b: Gengar|brn
|
|-damage|p2b: Gengar|57/100 brn|[from] brn
|upkeep
|turn|8
|
|t:|1783693652
|move|p1a: Sinistcha|Protect|p1a: Sinistcha
|-singleturn|p1a: Sinistcha|Protect
|move|p2b: Gengar|Sludge Bomb|p1a: Sinistcha
|-activate|p1a: Sinistcha|move: Protect
|
|-damage|p2b: Gengar|51/100 brn|[from] brn
|upkeep
|turn|9
|
|t:|1783693664
|move|p2b: Gengar|Shadow Ball|p1a: Sinistcha
|-supereffective|p1a: Sinistcha|1
|-damage|p1a: Sinistcha|17/100
|move|p1a: Sinistcha|Life Dew|p1a: Sinistcha
|-heal|p1a: Sinistcha|43/100
|
|-damage|p2b: Gengar|45/100 brn|[from] brn
|upkeep
|turn|10
|
|t:|1783693671
|move|p1a: Sinistcha|Protect|p1a: Sinistcha
|-singleturn|p1a: Sinistcha|Protect
|move|p2b: Gengar|Shadow Ball|p1a: Sinistcha
|-activate|p1a: Sinistcha|move: Protect
|
|-damage|p2b: Gengar|39/100 brn|[from] brn
|upkeep
|turn|11
|
|t:|1783693676
|move|p2b: Gengar|Shadow Ball|p1a: Sinistcha
|-supereffective|p1a: Sinistcha|1
|-damage|p1a: Sinistcha|0 fnt
|faint|p1a: Sinistcha
|
|win|purpled_yuki
