|j|☆itsmako psoe
|j|☆dericos
|html|itsmako psoedericos    
|uhtml|bestof|Game 1 of a best-of-3
|t:|1782250155
|gametype|doubles
|player|p1|itsmako psoe|benga|1078
|player|p2|dericos|102|1125
|gen|9
|tier|[Gen 9 Champions] VGC 2026 Reg M-B (Bo3)
|rated|
|rule|Species Clause: Limit one of each Pokémon
|rule|Item Clause: Limit 1 of each item
|clearpoke
|poke|p1|Staraptor, L50, M|
|poke|p1|Aegislash, L50, M|
|poke|p1|Farigiraf, L50, M|
|poke|p1|Grimmsnarl, L50, M|
|poke|p1|Whimsicott, L50, M|
|poke|p1|Garchomp, L50, M|
|poke|p2|Swampert, L50, M|
|poke|p2|Pelipper, L50, F|
|poke|p2|Archaludon, L50, F|
|poke|p2|Sinistcha, L50|
|poke|p2|Maushold-Four, L50|
|poke|p2|Gholdengo, L50|
|teampreview|4
|showteam|p1|Staraptor||Staraptite|Intimidate|CloseCombat,BraveBird,Whirlwind,Roost|Adamant||M|||50|]Aegislash||Leftovers|StanceChange|KingsShield,ShadowSneak,FlashCannon,ShadowBall|Calm||M|||50|]Farigiraf||SitrusBerry|ArmorTail|TwinBeam,Protect,TrickRoom,DazzlingGleam|Relaxed||M|||50|]Grimmsnarl||LightClay|Prankster|FoulPlay,PartingShot,LightScreen,Reflect|Bold||M|||50|]Whimsicott||FocusSash|Prankster|Tailwind,Moonblast,Encore,Tickle|Timid||M|||50|]Garchomp||LifeOrb|RoughSkin|Earthquake,RockSlide,Protect,DragonClaw|Adamant||M|||50|
|showteam|p2|Swampert||Swampertite|Torrent|WaveCrash,HighHorsepower,IcePunch,Protect|Adamant||M|||50|]Pelipper||SitrusBerry|Drizzle|WeatherBall,Hurricane,Tailwind,WideGuard|Modest||F|||50|]Archaludon||Leftovers|Stamina|ElectroShot,DragonPulse,FlashCannon,Protect|Calm||F|||50|]Sinistcha||KasibBerry|Hospitality|RagePowder,MatchaGotcha,TrickRoom,Protect|Bold|||||50|]Maushold-Four||FocusSash|FriendGuard|FollowMe,SuperFang,RainDance,Protect|Timid|||||50|]Gholdengo||LifeOrb|GoodasGold|MakeItRain,ShadowBall,NastyPlot,Protect|Modest|||||50|
|inactive|Battle timer is ON: inactive players will automatically lose when time's up. (requested by itsmako psoe)
|inactive|dericos has 60 seconds left.
|
|t:|1782250215
|teamsize|p1|4
|teamsize|p2|4
|start
|switch|p1a: Whimsicott|Whimsicott, L50, M|100/100
|switch|p1b: Garchomp|Garchomp, L50, M|100/100
|switch|p2a: Maushold|Maushold-Four, L50|100/100
|switch|p2b: Gholdengo|Gholdengo, L50|100/100
|turn|1
|inactive|dericos has 30 seconds left.
|inactive|dericos has 20 seconds left.
|inactive|dericos has 15 seconds left.
|
|t:|1782250257
|move|p1a: Whimsicott|Tailwind|p1a: Whimsicott
|-sidestart|p1: itsmako psoe|move: Tailwind
|move|p1b: Garchomp|Earthquake|p2b: Gholdengo|[spread] p1a,p2a,p2b
|-resisted|p1a: Whimsicott|1
|-supereffective|p2b: Gholdengo|1
|-damage|p1a: Whimsicott|65/100
|-damage|p2a: Maushold|40/100
|-damage|p2b: Gholdengo|31/100
|-damage|p1b: Garchomp|90/100|[from] item: Life Orb
|move|p2a: Maushold|Super Fang|p1b: Garchomp
|-damage|p1b: Garchomp|45/100
|-damage|p2a: Maushold|28/100|[from] ability: Rough Skin|[of] p1b: Garchomp
|move|p2b: Gholdengo|Make It Rain|p1b: Garchomp|[spread] p1a,p1b
|-supereffective|p1a: Whimsicott|1
|-damage|p1a: Whimsicott|0 fnt
|-damage|p1b: Garchomp|0 fnt
|-unboost|p2b: Gholdengo|spa|2
|faint|p1a: Whimsicott
|faint|p1b: Garchomp
|-damage|p2b: Gholdengo|21/100|[from] item: Life Orb
|
|upkeep
|
|t:|1782250268
|switch|p1a: Aegislash|Aegislash, L50, M|100/100
|switch|p1b: Staraptor|Staraptor, L50, M|100/100
|-ability|p1b: Staraptor|Intimidate|boost
|-unboost|p2a: Maushold|atk|1
|-unboost|p2b: Gholdengo|atk|1
|turn|2
|
|t:|1782250282
|switch|p2a: Sinistcha|Sinistcha, L50|100/100
|-heal|p2b: Gholdengo|46/100|[from] ability: Hospitality|[of] p2a: Sinistcha
|switch|p2b: Archaludon|Archaludon, L50, F|100/100
|detailschange|p1b: Staraptor|Staraptor-Mega, L50, M
|-mega|p1b: Staraptor|Staraptor|Staraptite
|move|p1b: Staraptor|Close Combat|p2a: Sinistcha
|-immune|p2a: Sinistcha
|-formechange|p1a: Aegislash|Aegislash-Blade|
|move|p1a: Aegislash|Shadow Ball|p2b: Archaludon
|-damage|p2b: Archaludon|66/100
|-ability|p2b: Archaludon|Stamina|boost
|-boost|p2b: Archaludon|def|1
|
|-heal|p2b: Archaludon|72/100|[from] item: Leftovers
|upkeep
|turn|3
|inactive|dericos has 30 seconds left.
|
|t:|1782250309
|move|p2a: Sinistcha|Rage Powder|p2a: Sinistcha
|-singleturn|p2a: Sinistcha|move: Rage Powder
|move|p1a: Aegislash|Shadow Sneak|p2a: Sinistcha
|-supereffective|p2a: Sinistcha|1
|-enditem|p2a: Sinistcha|Kasib Berry|[eat]
|-enditem|p2a: Sinistcha|Kasib Berry|[weaken]
|-damage|p2a: Sinistcha|85/100
|move|p1b: Staraptor|Close Combat|p2a: Sinistcha
|-immune|p2a: Sinistcha
|move|p2b: Archaludon|Dragon Pulse|p1b: Staraptor
|-damage|p1b: Staraptor|61/100
|
|-heal|p2b: Archaludon|79/100|[from] item: Leftovers
|upkeep
|turn|4
|
|t:|1782250325
|move|p2a: Sinistcha|Rage Powder|p2a: Sinistcha
|-singleturn|p2a: Sinistcha|move: Rage Powder
|move|p1b: Staraptor|Roost|p1b: Staraptor
|-heal|p1b: Staraptor|100/100
|-singleturn|p1b: Staraptor|move: Roost
|move|p1a: Aegislash|Shadow Ball|p2a: Sinistcha
|-supereffective|p2a: Sinistcha|1
|-crit|p2a: Sinistcha
|-damage|p2a: Sinistcha|0 fnt
|faint|p2a: Sinistcha
|move|p2b: Archaludon|Dragon Pulse|p1b: Staraptor
|-damage|p1b: Staraptor|65/100
|
|-heal|p2b: Archaludon|85/100|[from] item: Leftovers
|-sideend|p1: itsmako psoe|move: Tailwind
|upkeep
|
|t:|1782250338
|switch|p2a: Maushold|Maushold-Four, L50|28/100
|turn|5
|
|t:|1782250359
|move|p2a: Maushold|Rain Dance|p2a: Maushold
|-weather|RainDance
|move|p1b: Staraptor|Close Combat|p2b: Archaludon
|-supereffective|p2b: Archaludon|1
|-damage|p2b: Archaludon|35/100
|-boost|p1b: Staraptor|def|1
|-boost|p1b: Staraptor|spd|1
|-ability|p2b: Archaludon|Stamina|boost
|-boost|p2b: Archaludon|def|1
|move|p2b: Archaludon|Electro Shot||[still]
|-prepare|p2b: Archaludon|Electro Shot
|-boost|p2b: Archaludon|spa|1
|-anim|p2b: Archaludon|Electro Shot|p1b: Staraptor
|-supereffective|p1b: Staraptor|1
|-damage|p1b: Staraptor|0 fnt
|faint|p1b: Staraptor
|move|p1a: Aegislash|Flash Cannon|p2a: Maushold
|-damage|p2a: Maushold|0 fnt
|faint|p2a: Maushold
|
|-weather|RainDance|[upkeep]
|-heal|p2b: Archaludon|41/100|[from] item: Leftovers
|upkeep
|
|t:|1782250374
|switch|p2a: Gholdengo|Gholdengo, L50|46/100
|turn|6
|
|t:|1782250380
|-formechange|p1a: Aegislash|Aegislash|
|move|p1a: Aegislash|King's Shield|p1a: Aegislash
|-singleturn|p1a: Aegislash|Protect
|move|p2a: Gholdengo|Shadow Ball|p1a: Aegislash
|-activate|p1a: Aegislash|move: Protect
|move|p2b: Archaludon|Electro Shot||[still]
|-prepare|p2b: Archaludon|Electro Shot
|-boost|p2b: Archaludon|spa|1
|-anim|p2b: Archaludon|Electro Shot|p1a: Aegislash
|-activate|p1a: Aegislash|move: Protect
|
|-weather|RainDance|[upkeep]
|-heal|p2b: Archaludon|47/100|[from] item: Leftovers
|upkeep
|turn|7
|
|t:|1782250386
|move|p2a: Gholdengo|Shadow Ball|p1a: Aegislash
|-supereffective|p1a: Aegislash|1
|-damage|p1a: Aegislash|14/100
|-damage|p2a: Gholdengo|36/100|[from] item: Life Orb
|move|p2b: Archaludon|Electro Shot||[still]
|-prepare|p2b: Archaludon|Electro Shot
|-boost|p2b: Archaludon|spa|1
|-anim|p2b: Archaludon|Electro Shot|p1a: Aegislash
|-damage|p1a: Aegislash|0 fnt
|faint|p1a: Aegislash
|
|win|dericos
