|j|☆Ciege
|j|☆Delacruso
|html|CiegeDelacruso    
|uhtml|bestof|Game 2 of a best-of-3
|t:|1783623033
|gametype|doubles
|player|p1|Ciege|colress|1124
|player|p2|Delacruso|red|1170
|gen|9
|tier|[Gen 9 Champions] VGC 2026 Reg M-B (Bo3)
|rated|
|rule|Species Clause: Limit one of each Pokémon
|rule|Item Clause: Limit 1 of each item
|clearpoke
|poke|p1|Blaziken, L50, F|
|poke|p1|Glimmora, L50, F|
|poke|p1|Kingambit, L50, M|
|poke|p1|Aerodactyl, L50, M|
|poke|p1|Froslass, L50, F|
|poke|p1|Sinistcha-Masterpiece, L50|
|poke|p2|Swampert, L50, M|
|poke|p2|Grimmsnarl, L50, M, shiny|
|poke|p2|Archaludon, L50, M|
|poke|p2|Pelipper, L50, F|
|poke|p2|Sinistcha, L50|
|poke|p2|Staraptor, L50, M, shiny|
|teampreview|4
|showteam|p1|Blaziken||Blazikenite|SpeedBoost|CloseCombat,BulkUp,BlazeKick,Detect|Adamant||F|||50|]Glimmora||FocusSash|ToxicDebris|PowerGem,SludgeBomb,EarthPower,SpikyShield|Timid||F|||50|]Kingambit||LifeOrb|Defiant|KowtowCleave,LowKick,SuckerPunch,IronHead|Adamant||M|||50|]Aerodactyl||ChartiBerry|Unnerve|WideGuard,DualWingbeat,Tailwind,IceFang|Jolly||M|||50|]Froslass||Froslassite|CursedBody|Blizzard,AuroraVeil,ShadowBall,Protect|Timid||F|||50|]Sinistcha-Masterpiece||Leftovers|Hospitality|MatchaGotcha,RagePowder,Hex,Protect|Bold|||||50|
|showteam|p2|Swampert||Swampertite|Damp|WaveCrash,Earthquake,IcePunch,Protect|Adamant||M|||50|]Grimmsnarl||LightClay|Prankster|FoulPlay,PartingShot,LightScreen,Reflect|Careful||M|||50|]Archaludon||Leftovers|Stamina|ElectroShot,DragonPulse,FlashCannon,Protect|Modest||M|||50|]Pelipper||FocusSash|Drizzle|Hurricane,WeatherBall,Tailwind,WideGuard|Modest||F|||50|]Sinistcha||SitrusBerry|Hospitality|MatchaGotcha,RagePowder,Protect,TrickRoom|Serious|||||50|]Staraptor||Staraptite|Intimidate|CloseCombat,BraveBird,Roost,Protect|Adamant||M|||50|
|inactive|Battle timer is ON: inactive players will automatically lose when time's up. (requested by Delacruso)
|
|t:|1783623059
|teamsize|p1|4
|teamsize|p2|4
|start
|switch|p1a: Froslass|Froslass, L50, F|100/100
|switch|p1b: Glimmora|Glimmora, L50, F|100/100
|switch|p2a: Grimmsnarl|Grimmsnarl, L50, M, shiny|100/100
|switch|p2b: Swampert|Swampert, L50, M|100/100
|turn|1
|inactive|Ciege has 30 seconds left.
|
|t:|1783623091
|switch|p1a: Sinistcha|Sinistcha-Masterpiece, L50|100/100
|detailschange|p2b: Swampert|Swampert-Mega, L50, M
|-mega|p2b: Swampert|Swampert|Swampertite
|move|p1b: Glimmora|Spiky Shield|p1b: Glimmora
|-singleturn|p1b: Glimmora|move: Protect
|move|p2b: Swampert|Protect|p2b: Swampert
|-singleturn|p2b: Swampert|Protect
|move|p2a: Grimmsnarl|Light Screen|p2a: Grimmsnarl
|-sidestart|p2: Delacruso|move: Light Screen
|
|upkeep
|turn|2
|
|t:|1783623109
|switch|p2b: Archaludon|Archaludon, L50, M|100/100
|move|p2a: Grimmsnarl|Parting Shot|p1b: Glimmora
|-unboost|p1b: Glimmora|atk|1
|-unboost|p1b: Glimmora|spa|1
|
|t:|1783623115
|switch|p2a: Pelipper|Pelipper, L50, F|100/100|[from] Parting Shot
|-weather|RainDance|[from] ability: Drizzle|[of] p2a: Pelipper
|move|p1b: Glimmora|Sludge Bomb|p2a: Pelipper
|-damage|p2a: Pelipper|60/100
|-status|p2a: Pelipper|psn
|move|p1a: Sinistcha|Matcha Gotcha|p2a: Pelipper|[spread] p2a,p2b
|-resisted|p2b: Archaludon|2
|-damage|p2a: Pelipper|31/100 psn
|-damage|p2b: Archaludon|96/100
|-status|p2b: Archaludon|brn
|-ability|p2b: Archaludon|Stamina|boost
|-boost|p2b: Archaludon|def|1
|
|-weather|RainDance|[upkeep]
|-heal|p2b: Archaludon|100/100 brn|[from] item: Leftovers
|-damage|p2a: Pelipper|18/100 psn|[from] psn
|-damage|p2b: Archaludon|93/100 brn|[from] brn
|upkeep
|turn|3
|inactive|Ciege has 30 seconds left.
|inactive|Delacruso has 30 seconds left.
|inactive|Ciege has 20 seconds left.
|inactive|Ciege has 15 seconds left.
|
|t:|1783623157
|switch|p1a: Kingambit|Kingambit, L50, M|100/100
|move|p1b: Glimmora|Earth Power|p2b: Archaludon
|-supereffective|p2b: Archaludon|1
|-damage|p2b: Archaludon|64/100 brn
|-ability|p2b: Archaludon|Stamina|boost
|-boost|p2b: Archaludon|def|1
|move|p2a: Pelipper|Tailwind|p2a: Pelipper
|-sidestart|p2: Delacruso|move: Tailwind
|move|p2b: Archaludon|Flash Cannon|p1b: Glimmora
|-supereffective|p1b: Glimmora|1
|-enditem|p1b: Glimmora|Focus Sash
|-damage|p1b: Glimmora|1/100
|
|-weather|RainDance|[upkeep]
|-heal|p2b: Archaludon|71/100 brn|[from] item: Leftovers
|-damage|p2a: Pelipper|6/100 psn|[from] psn
|-damage|p2b: Archaludon|64/100 brn|[from] brn
|upkeep
|turn|4
|
|t:|1783623177
|move|p2b: Archaludon|Protect|p2b: Archaludon
|-singleturn|p2b: Archaludon|Protect
|move|p1b: Glimmora|Spiky Shield|p1b: Glimmora
|-singleturn|p1b: Glimmora|move: Protect
|move|p2a: Pelipper|Weather Ball|p1a: Kingambit
|-damage|p1a: Kingambit|12/100
|move|p1a: Kingambit|Low Kick|p2b: Archaludon
|-activate|p2b: Archaludon|move: Protect
|
|-weather|RainDance|[upkeep]
|-heal|p2b: Archaludon|71/100 brn|[from] item: Leftovers
|-damage|p2a: Pelipper|0 fnt|[from] psn
|faint|p2a: Pelipper
|-damage|p2b: Archaludon|64/100 brn|[from] brn
|upkeep
|inactive|Delacruso has 30 seconds left.
|
|t:|1783623203
|switch|p2a: Grimmsnarl|Grimmsnarl, L50, M, shiny|100/100
|turn|5
|
|t:|1783623222
|move|p2b: Archaludon|Electro Shot||[still]
|-prepare|p2b: Archaludon|Electro Shot
|-boost|p2b: Archaludon|spa|1
|-anim|p2b: Archaludon|Electro Shot|p1a: Kingambit
|-damage|p1a: Kingambit|0 fnt
|faint|p1a: Kingambit
|move|p2a: Grimmsnarl|Foul Play|p1b: Glimmora
|-crit|p1b: Glimmora
|-damage|p1b: Glimmora|0 fnt
|-activate|p1b: Glimmora|ability: Toxic Debris
|-sidestart|p2: Delacruso|move: Toxic Spikes
|faint|p1b: Glimmora
|
|-weather|RainDance|[upkeep]
|-heal|p2b: Archaludon|71/100 brn|[from] item: Leftovers
|-damage|p2b: Archaludon|64/100 brn|[from] brn
|upkeep
|
|t:|1783623245
|switch|p1b: Sinistcha|Sinistcha-Masterpiece, L50|100/100
|switch|p1a: Froslass|Froslass, L50, F|100/100
|turn|6
|
|t:|1783623259
|detailschange|p1a: Froslass|Froslass-Mega, L50, F
|-mega|p1a: Froslass|Froslass|Froslassite
|-weather|Snowscape|[from] ability: Snow Warning|[of] p1a: Froslass
|move|p1b: Sinistcha|Rage Powder|p1b: Sinistcha
|-singleturn|p1b: Sinistcha|move: Rage Powder
|move|p2b: Archaludon|Flash Cannon|p1b: Sinistcha
|-damage|p1b: Sinistcha|47/100
|move|p1a: Froslass|Blizzard|p2b: Archaludon|[spread] p2a,p2b
|-damage|p2a: Grimmsnarl|75/100
|-damage|p2b: Archaludon|32/100 brn
|-ability|p2b: Archaludon|Stamina|boost
|-boost|p2b: Archaludon|def|1
|move|p2a: Grimmsnarl|Foul Play|p1b: Sinistcha
|-supereffective|p1b: Sinistcha|1
|-damage|p1b: Sinistcha|14/100
|
|-weather|Snowscape|[upkeep]
|-heal|p2b: Archaludon|39/100 brn|[from] item: Leftovers
|-heal|p1b: Sinistcha|20/100y|[from] item: Leftovers
|-damage|p2b: Archaludon|32/100 brn|[from] brn
|-sideend|p2: Delacruso|move: Tailwind
|upkeep
|turn|7
|
|t:|1783623283
|move|p2b: Archaludon|Protect|p2b: Archaludon
|-singleturn|p2b: Archaludon|Protect
|move|p1b: Sinistcha|Protect|p1b: Sinistcha
|-singleturn|p1b: Sinistcha|Protect
|move|p1a: Froslass|Blizzard|p2a: Grimmsnarl|[spread] p2a
|-activate|p2b: Archaludon|move: Protect
|-damage|p2a: Grimmsnarl|49/100
|move|p2a: Grimmsnarl|Foul Play|p1b: Sinistcha
|-activate|p1b: Sinistcha|move: Protect
|
|-weather|Snowscape|[upkeep]
|-heal|p2b: Archaludon|39/100 brn|[from] item: Leftovers
|-heal|p1b: Sinistcha|26/100|[from] item: Leftovers
|-damage|p2b: Archaludon|32/100 brn|[from] brn
|upkeep
|turn|8
|
|t:|1783623303
|move|p1a: Froslass|Blizzard|p2b: Archaludon|[spread] p2a,p2b
|-damage|p2a: Grimmsnarl|23/100
|-damage|p2b: Archaludon|2/100 brn
|-ability|p2b: Archaludon|Stamina|boost
|-boost|p2b: Archaludon|def|1
|move|p2b: Archaludon|Flash Cannon|p1a: Froslass
|-supereffective|p1a: Froslass|1
|-damage|p1a: Froslass|0 fnt
|faint|p1a: Froslass
|move|p1b: Sinistcha|Matcha Gotcha|p2a: Grimmsnarl|[spread] p2a,p2b
|-resisted|p2b: Archaludon|2
|-damage|p2a: Grimmsnarl|8/100
|-heal|p1b: Sinistcha|34/100|[from] drain|[of] p2a: Grimmsnarl
|-damage|p2b: Archaludon|0 fnt
|-heal|p1b: Sinistcha|35/100|[from] drain|[of] p2b: Archaludon
|faint|p2b: Archaludon
|move|p2a: Grimmsnarl|Foul Play|p1b: Sinistcha
|-supereffective|p1b: Sinistcha|1
|-damage|p1b: Sinistcha|0 fnt
|faint|p1b: Sinistcha
|
|win|Delacruso
