|j|☆capacete5
|j|☆kodehue
|html|capacete5kodehue    
|uhtml|bestof|Game 1 of a best-of-3
|t:|1784479550
|gametype|doubles
|player|p1|capacete5|byron|1122
|player|p2|kodehue|170|1080
|gen|9
|tier|[Gen 9 Champions] VGC 2026 Reg M-B (Bo3)
|rated|
|rule|Species Clause: Limit one of each Pokémon
|rule|Item Clause: Limit 1 of each item
|clearpoke
|poke|p1|Charizard, L50, F|
|poke|p1|Garchomp, L50, M|
|poke|p1|Sylveon, L50, M|
|poke|p1|Farigiraf, L50, M|
|poke|p1|Kingambit, L50, F|
|poke|p1|Aerodactyl, L50, F|
|poke|p2|Vivillon, L50, F|
|poke|p2|Lopunny, L50, F|
|poke|p2|Malamar, L50, F|
|poke|p2|Aerodactyl, L50, M|
|poke|p2|Volcarona, L50, M|
|poke|p2|Basculegion-F, L50, F|
|teampreview|4
|showteam|p1|Charizard||CharizarditeY|Blaze|Protect,HeatWave,WeatherBall,SolarBeam|Modest||F|||50|]Garchomp||LifeOrb|RoughSkin|Protect,DragonClaw,StompingTantrum,Earthquake|Adamant||M|||50|]Sylveon||FairyFeather|Pixilate|Detect,QuickAttack,HyperVoice,Yawn|Modest||M|||50|]Farigiraf||SitrusBerry|ArmorTail|TwinBeam,Thunderbolt,Protect,TrickRoom|Bold||M|||50|]Kingambit||FocusSash|Defiant|KowtowCleave,IronHead,SuckerPunch,LowKick|Adamant||F|||50|]Aerodactyl||Aerodactylite|Unnerve|RockSlide,DualWingbeat,IceFang,Tailwind|Jolly||F|||50|
|showteam|p2|Vivillon||FocusSash|CompoundEyes|SleepPowder,Hurricane,Whirlwind,Protect|Timid||F|||50|]Lopunny||Lopunnite|CuteCharm|FakeOut,ThunderPunch,FirePunch,HighJumpKick|Jolly||F|||50|]Malamar||Malamarite|Contrary|Superpower,ThroatChop,PoisonJab,PsychoCut|Serious||F|||50|]Aerodactyl||Aerodactylite|RockHead|Tailwind,Taunt,Earthquake,RockSlide|Jolly||M|||50|]Volcarona||BigRoot|FlameBody|Flamethrower,BugBuzz,Protect,GigaDrain|Modest||M|||50|]Basculegion-F||ExpertBelt|Adaptability|IceBeam,MuddyWater,ShadowBall,Protect|Modest||F|||50|
|inactive|Battle timer is ON: inactive players will automatically lose when time's up. (requested by kodehue)
|inactive|capacete5 also wants the timer to be on.
|inactive|capacete5 has 60 seconds left.
|inactive|kodehue has 60 seconds left.
|
|t:|1784479585
|teamsize|p1|4
|teamsize|p2|4
|start
|switch|p1a: Aerodactyl|Aerodactyl, L50, F|100/100
|switch|p1b: Kingambit|Kingambit, L50, F|100/100
|switch|p2a: Vivillon|Vivillon, L50, F|100/100
|switch|p2b: Aerodactyl|Aerodactyl, L50, M|100/100
|-ability|p1a: Aerodactyl|Unnerve
|turn|1
|inactive|kodehue has 30 seconds left.
|
|t:|1784479617
|detailschange|p2b: Aerodactyl|Aerodactyl-Mega, L50, M
|-mega|p2b: Aerodactyl|Aerodactyl|Aerodactylite
|detailschange|p1a: Aerodactyl|Aerodactyl-Mega, L50, F
|-mega|p1a: Aerodactyl|Aerodactyl|Aerodactylite
|move|p1b: Kingambit|Sucker Punch||[still]
|-fail|p1b: Kingambit
|move|p1a: Aerodactyl|Rock Slide|p2b: Aerodactyl|[spread] p2a,p2b
|-supereffective|p2a: Vivillon|2
|-supereffective|p2b: Aerodactyl|1
|-enditem|p2a: Vivillon|Focus Sash
|-damage|p2a: Vivillon|1/100
|-damage|p2b: Aerodactyl|27/100
|move|p2b: Aerodactyl|Tailwind|p2b: Aerodactyl
|-sidestart|p2: kodehue|move: Tailwind
|move|p2a: Vivillon|Sleep Powder|p1b: Kingambit
|-status|p1b: Kingambit|slp|[from] move: Sleep Powder
|
|upkeep
|turn|2
|inactive|capacete5 has 30 seconds left.
|
|t:|1784479646
|switch|p1b: Sylveon|Sylveon, L50, M|100/100
|move|p2a: Vivillon|Protect|p2a: Vivillon
|-singleturn|p2a: Vivillon|Protect
|move|p2b: Aerodactyl|Rock Slide|p1a: Aerodactyl|[spread] p1a,p1b
|-supereffective|p1a: Aerodactyl|1
|-crit|p1a: Aerodactyl
|-damage|p1a: Aerodactyl|0 fnt
|-damage|p1b: Sylveon|69/100
|faint|p1a: Aerodactyl
|
|upkeep
|
|t:|1784479655
|switch|p1a: Garchomp|Garchomp, L50, M|100/100
|turn|3
|
|t:|1784479679
|switch|p1a: Kingambit|Kingambit, L50, F|100/100 slp
|move|p1b: Sylveon|Quick Attack|p2a: Vivillon
|-damage|p2a: Vivillon|0 fnt
|faint|p2a: Vivillon
|move|p2b: Aerodactyl|Rock Slide|p1a: Kingambit|[spread] p1a,p1b
|-resisted|p1a: Kingambit|1
|-damage|p1a: Kingambit|86/100 slp
|-damage|p1b: Sylveon|36/100
|
|upkeep
|
|t:|1784479691
|switch|p2a: Lopunny|Lopunny, L50, F|100/100
|turn|4
|
|t:|1784479715
|move|p2a: Lopunny|Fake Out|p1b: Sylveon
|-damage|p1b: Sylveon|22/100
|cant|p1a: Kingambit|slp
|move|p2b: Aerodactyl|Earthquake|p1b: Sylveon|[spread] p2a,p1a,p1b
|-supereffective|p1a: Kingambit|1
|-damage|p2a: Lopunny|57/100
|-damage|p1a: Kingambit|42/100 slp
|-damage|p1b: Sylveon|0 fnt
|faint|p1b: Sylveon
|
|-sideend|p2: kodehue|move: Tailwind
|upkeep
|
|t:|1784479724
|switch|p1b: Garchomp|Garchomp, L50, M|100/100
|turn|5
|
|t:|1784479735
|move|p2b: Aerodactyl|Rock Slide|p1a: Kingambit|[spread] p1a
|-miss|p2b: Aerodactyl|p1b: Garchomp
|-resisted|p1a: Kingambit|1
|-damage|p1a: Kingambit|28/100 slp
|move|p2a: Lopunny|Fire Punch|p1a: Kingambit
|-supereffective|p1a: Kingambit|1
|-damage|p1a: Kingambit|0 fnt
|faint|p1a: Kingambit
|move|p1b: Garchomp|Dragon Claw|p2b: Aerodactyl
|-crit|p2b: Aerodactyl
|-damage|p2b: Aerodactyl|0 fnt
|faint|p2b: Aerodactyl
|-damage|p1b: Garchomp|90/100|[from] item: Life Orb
|
|upkeep
|
|t:|1784479749
|switch|p2b: Basculegion|Basculegion-F, L50, F|100/100
|turn|6
|
|t:|1784479761
|move|p2a: Lopunny|Fire Punch|p1b: Garchomp
|-resisted|p1b: Garchomp|1
|-damage|p1b: Garchomp|82/100
|-damage|p2a: Lopunny|45/100|[from] ability: Rough Skin|[of] p1b: Garchomp
|move|p2b: Basculegion|Ice Beam|p1b: Garchomp
|-supereffective|p1b: Garchomp|2
|-damage|p1b: Garchomp|0 fnt
|faint|p1b: Garchomp
|
|win|kodehue
