|j|☆p1ch1pichi
|j|☆kiko8888
|html|p1ch1pichikiko8888    
|uhtml|bestof|Game 2 of a best-of-3
|t:|1784109886
|gametype|doubles
|player|p1|p1ch1pichi|n|1024
|player|p2|kiko8888|169|1104
|gen|9
|tier|[Gen 9 Champions] VGC 2026 Reg M-B (Bo3)
|rated|
|rule|Species Clause: Limit one of each Pokémon
|rule|Item Clause: Limit 1 of each item
|clearpoke
|poke|p1|Ampharos, L50, F, shiny|
|poke|p1|Farigiraf, L50, M, shiny|
|poke|p1|Torkoal, L50, M|
|poke|p1|Vileplume, L50, F|
|poke|p1|Tinkaton, L50, F|
|poke|p1|Golurk, L50|
|poke|p2|Gengar, L50, M, shiny|
|poke|p2|Incineroar, L50, F, shiny|
|poke|p2|Sinistcha-Masterpiece, L50, shiny|
|poke|p2|Basculegion, L50, M, shiny|
|poke|p2|Politoed, L50, F|
|poke|p2|Meganium, L50, M, shiny|
|teampreview|4
|showteam|p1|Ampharos||Ampharosite|Static|DragonPulse,Thunderbolt,PowerGem,Protect|Quiet||F|||50|]Farigiraf||ColburBerry|ArmorTail|Psychic,TrickRoom,HelpingHand,Protect|Relaxed||M|||50|]Torkoal||Charcoal|Drought|Eruption,HeatWave,EarthPower,Protect|Quiet||M|||50|]Vileplume||FocusSash|Chlorophyll|SludgeBomb,SleepPowder,AfterYou,Protect|Timid||F|||50|]Tinkaton||OccaBerry|MoldBreaker|GigatonHammer,FakeOut,PlayRough,Protect|Jolly||F|||50|]Golurk||Golurkite|IronFist|Poltergeist,HeadlongRush,IcePunch,Protect|Brave|||||50|
|showteam|p2|Gengar||Gengarite|CursedBody|PerishSong,Protect,PainSplit,ShadowBall|Calm||M|||50|]Incineroar||SitrusBerry|Intimidate|FakeOut,PartingShot,FlareBlitz,Protect|Careful||F|||50|]Sinistcha-Masterpiece||Leftovers|Hospitality|MatchaGotcha,Protect,StrengthSap,RagePowder|Calm|||||50|]Basculegion||LifeOrb|SwiftSwim|WaveCrash,Protect,LastRespects,FlipTurn|Adamant||M|||50|]Politoed||DampRock|Drizzle|PerishSong,MuddyWater,Protect,Encore|Calm||F|||50|]Meganium||Meganiumite|LeafGuard|DazzlingGleam,WeatherBall,SolarBeam,Synthesis|Modest||M|||50|
|inactive|Battle timer is ON: inactive players will automatically lose when time's up. (requested by p1ch1pichi)
|inactive|kiko8888 also wants the timer to be on.
|
|t:|1784109899
|teamsize|p1|4
|teamsize|p2|4
|start
|switch|p1a: Torkoal|Torkoal, L50, M|100/100
|switch|p1b: Farigiraf|Farigiraf, L50, M, shiny|100/100
|switch|p2a: Incineroar|Incineroar, L50, F, shiny|100/100
|switch|p2b: Gengar|Gengar, L50, M, shiny|100/100
|-ability|p2a: Incineroar|Intimidate|boost
|-unboost|p1a: Torkoal|atk|1
|-unboost|p1b: Farigiraf|atk|1
|-weather|SunnyDay|[from] ability: Drought|[of] p1a: Torkoal
|turn|1
|
|t:|1784109911
|detailschange|p2b: Gengar|Gengar-Mega, L50, M, shiny
|-mega|p2b: Gengar|Gengar|Gengarite
|move|p2b: Gengar|Perish Song|p2b: Gengar
|-start|p1a: Torkoal|perish3|[silent]
|-start|p1b: Farigiraf|perish3|[silent]
|-start|p2a: Incineroar|perish3|[silent]
|-start|p2b: Gengar|perish3|[silent]
|-fieldactivate|move: Perish Song
|move|p2a: Incineroar|Parting Shot|p1a: Torkoal
|-unboost|p1a: Torkoal|atk|1
|-unboost|p1a: Torkoal|spa|1
|
|t:|1784109918
|switch|p2a: Politoed|Politoed, L50, F|100/100|[from] Parting Shot
|-weather|RainDance|[from] ability: Drizzle|[of] p2a: Politoed
|move|p1b: Farigiraf|Psychic|p2b: Gengar
|-supereffective|p2b: Gengar|1
|-crit|p2b: Gengar
|-damage|p2b: Gengar|0 fnt
|faint|p2b: Gengar
|move|p1a: Torkoal|Earth Power|p2a: Politoed
|-damage|p2a: Politoed|86/100
|
|-weather|RainDance|[upkeep]
|-start|p1b: Farigiraf|perish3
|-start|p1a: Torkoal|perish3
|upkeep
|
|t:|1784109927
|switch|p2b: Basculegion|Basculegion, L50, M, shiny|100/100
|turn|2
|
|t:|1784109944
|switch|p1a: Tinkaton|Tinkaton, L50, F|100/100
|-ability|p1a: Tinkaton|Mold Breaker
|move|p2b: Basculegion|Wave Crash|p1a: Tinkaton
|-damage|p1a: Tinkaton|0 fnt
|faint|p1a: Tinkaton
|-damage|p2b: Basculegion|73/100|[from] Recoil
|-damage|p2b: Basculegion|63/100|[from] item: Life Orb
|move|p2a: Politoed|Muddy Water|p1b: Farigiraf|[miss]
|-miss|p2a: Politoed|p1b: Farigiraf
|move|p1b: Farigiraf|Trick Room|p1b: Farigiraf
|-fieldstart|move: Trick Room|[of] p1b: Farigiraf
|
|-weather|RainDance|[upkeep]
|-start|p1b: Farigiraf|perish2
|upkeep
|
|t:|1784109958
|switch|p1a: Ampharos|Ampharos, L50, F, shiny|100/100
|turn|3
|
|t:|1784109980
|switch|p2b: Incineroar|Incineroar, L50, F, shiny|100/100
|-ability|p2b: Incineroar|Intimidate|boost
|-unboost|p1a: Ampharos|atk|1
|-unboost|p1b: Farigiraf|atk|1
|detailschange|p1a: Ampharos|Ampharos-Mega, L50, F, shiny
|-mega|p1a: Ampharos|Ampharos|Ampharosite
|-ability|p1a: Ampharos|Mold Breaker
|move|p1b: Farigiraf|Helping Hand|p1a: Ampharos
|-singleturn|p1a: Ampharos|Helping Hand|[of] p1b: Farigiraf
|move|p2a: Politoed|Protect|p2a: Politoed
|-singleturn|p2a: Politoed|Protect
|move|p1a: Ampharos|Thunderbolt|p2a: Politoed
|-activate|p2a: Politoed|move: Protect
|
|-weather|RainDance|[upkeep]
|-start|p1b: Farigiraf|perish1
|upkeep
|turn|4
|
|t:|1784110001
|switch|p1b: Torkoal|Torkoal, L50, M|100/100
|-weather|SunnyDay|[from] ability: Drought|[of] p1b: Torkoal
|move|p1a: Ampharos|Thunderbolt|p2a: Politoed
|-supereffective|p2a: Politoed|1
|-damage|p2a: Politoed|0 fnt
|faint|p2a: Politoed
|move|p2b: Incineroar|Parting Shot|p1a: Ampharos
|-unboost|p1a: Ampharos|atk|1
|-unboost|p1a: Ampharos|spa|1
|
|t:|1784110004
|switch|p2b: Basculegion|Basculegion, L50, M, shiny|63/100|[from] Parting Shot
|
|-weather|SunnyDay|[upkeep]
|upkeep
|
|t:|1784110009
|switch|p2a: Incineroar|Incineroar, L50, F, shiny|100/100
|-ability|p2a: Incineroar|Intimidate|boost
|-unboost|p1a: Ampharos|atk|1
|-unboost|p1b: Torkoal|atk|1
|turn|5
|
|t:|1784110027
|switch|p1a: Farigiraf|Farigiraf, L50, M, shiny|100/100
|move|p2a: Incineroar|Fake Out||[still]
|cant|p1a: Farigiraf|ability: Armor Tail|Fake Out|[of] p2a: Incineroar
|move|p1b: Torkoal|Eruption|p2a: Incineroar|[spread] p2a,p2b
|-resisted|p2a: Incineroar|1
|-resisted|p2b: Basculegion|1
|-damage|p2a: Incineroar|62/100
|-damage|p2b: Basculegion|24/100
|move|p2b: Basculegion|Wave Crash|p1b: Torkoal
|-supereffective|p1b: Torkoal|1
|-damage|p1b: Torkoal|50/100g
|-damage|p2b: Basculegion|11/100|[from] Recoil
|-damage|p2b: Basculegion|1/100|[from] item: Life Orb
|
|-weather|SunnyDay|[upkeep]
|upkeep
|turn|6
|-message|kiko8888 forfeited.
|raw|p1ch1pichi's rating: 1024 → 1069(+45 for winning)
|raw|kiko8888's rating: 1104 → 1073(-31 for losing)
|
|win|p1ch1pichi
