|j|‽aceccam56
|j|☆BaimeJoytWeeGeeCee
|html|aceccam56BaimeJoytWeeGeeCee    
|uhtml|bestof|Game 1 of a best-of-3
|t:|1756691809
|gametype|doubles
|player|p1|aceccam56|101|1073
|player|p2|BaimeJoytWeeGeeCee|dawn|1025
|gen|9
|tier|[Gen 9] VGC 2025 Reg H (Bo3)
|rated|
|rule|Species Clause: Limit one of each Pokémon
|rule|Item Clause: Limit 1 of each item
|clearpoke
|poke|p1|Hydreigon, L50, F|
|poke|p1|Volcarona, L50, F|
|poke|p1|Gholdengo, L50|
|poke|p1|Sneasler, L50, M|
|poke|p1|Whimsicott, L50, M|
|poke|p1|Rillaboom, L50, M|
|poke|p2|Maushold-Four, L50|
|poke|p2|Annihilape, L50, F|
|poke|p2|Pelipper, L50, M|
|poke|p2|Archaludon, L50, F|
|poke|p2|Basculegion, L50, M|
|poke|p2|Kingambit, L50, F|
|teampreview|4
|showteam|p1|Hydreigon||ScopeLens|Levitate|DracoMeteor,Protect,EarthPower,FocusEnergy|||F|||50|,,,,,Ghost]Volcarona||CovertCloak|FlameBody|HeatWave,Tailwind,RagePowder,GigaDrain|||F|||50|,,,,,Grass]Gholdengo||LifeOrb|GoodasGold|MakeItRain,ShadowBall,Protect,NastyPlot||||||50|,,,,,Water]Sneasler||FocusSash|Unburden|CloseCombat,DireClaw,ThroatChop,Protect|||M|||50|,,,,,Fighting]Whimsicott||RockyHelmet|Prankster|Tailwind,TrickRoom,Encore,Moonblast|||M|||50|,,,,,Grass]Rillaboom||AssaultVest|GrassySurge|FakeOut,GrassyGlide,WoodHammer,Uturn|||M|||50|,,,,,Grass
|showteam|p2|Maushold-Four||SafetyGoggles|FriendGuard|FollowMe,Protect,Taunt,BeatUp||||||50|,,,,,Ghost]Annihilape||Leftovers|Defiant|RageFist,DrainPunch,BulkUp,Protect|||F|||50|,,,,,Fire]Pelipper||FocusSash|Drizzle|Hurricane,WeatherBall,Tailwind,Protect|||M|||50|,,,,,Ghost]Archaludon||AssaultVest|Stamina|DracoMeteor,ElectroShot,BodyPress,FlashCannon|||F|||50|,,,,,Grass]Basculegion||ChoiceBand|SwiftSwim|LastRespects,WaveCrash,AquaJet,FlipTurn|||M|||50|,,,,,Grass]Kingambit||BlackGlasses|Defiant|KowtowCleave,SuckerPunch,IronHead,Protect|||F|||50|,,,,,Dark
|inactive|Battle timer is ON: inactive players will automatically lose when time's up. (requested by BaimeJoytWeeGeeCee)
|inactive|aceccam56 has 60 seconds left.
|inactive|BaimeJoytWeeGeeCee has 60 seconds left.
|
|t:|1756691859
|teamsize|p1|4
|teamsize|p2|4
|start
|switch|p1a: Gholdengo|Gholdengo, L50|100/100
|switch|p1b: Sneasler|Sneasler, L50, M|100/100
|switch|p2a: Archaludon|Archaludon, L50, F|100/100
|switch|p2b: Maushold|Maushold-Four, L50|100/100
|turn|1
|inactive|aceccam56 has 30 seconds left.
|inactive|BaimeJoytWeeGeeCee has 30 seconds left.
|inactive|BaimeJoytWeeGeeCee has 20 seconds left.
|
|t:|1756691900
|-terastallize|p2b: Maushold|Ghost
|move|p2b: Maushold|Beat Up|p1b: Sneasler
|-resisted|p1b: Sneasler
|-damage|p1b: Sneasler|99/100
|-resisted|p1b: Sneasler
|-damage|p1b: Sneasler|97/100
|-resisted|p1b: Sneasler
|-damage|p1b: Sneasler|96/100
|-resisted|p1b: Sneasler
|-damage|p1b: Sneasler|93/100
|-hitcount|p1b: Sneasler|4
|move|p1b: Sneasler|Close Combat|p2b: Maushold
|-immune|p2b: Maushold
|move|p1a: Gholdengo|Nasty Plot|p1a: Gholdengo
|-boost|p1a: Gholdengo|spa|2
|move|p2a: Archaludon|Draco Meteor|p1b: Sneasler
|-damage|p1b: Sneasler|8/100
|-unboost|p2a: Archaludon|spa|2
|
|upkeep
|turn|2
|inactive|aceccam56 has 30 seconds left.
|inactive|BaimeJoytWeeGeeCee has 30 seconds left.
|
|t:|1756691928
|switch|p2b: Pelipper|Pelipper, L50, M|100/100
|-weather|RainDance|[from] ability: Drizzle|[of] p2b: Pelipper
|move|p1b: Sneasler|Throat Chop|p2b: Pelipper
|-damage|p2b: Pelipper|59/100
|-start|p2b: Pelipper|Throat Chop|[silent]
|move|p1a: Gholdengo|Shadow Ball|p2a: Archaludon
|-damage|p2a: Archaludon|13/100
|-ability|p2a: Archaludon|Stamina|boost
|-boost|p2a: Archaludon|def|1
|-damage|p1a: Gholdengo|91/100|[from] item: Life Orb
|move|p2a: Archaludon|Electro Shot||[still]
|-prepare|p2a: Archaludon|Electro Shot
|-boost|p2a: Archaludon|spa|1
|-anim|p2a: Archaludon|Electro Shot|p1b: Sneasler
|-damage|p1b: Sneasler|0 fnt
|faint|p1b: Sneasler
|
|-weather|RainDance|[upkeep]
|upkeep
|
|t:|1756691946
|switch|p1b: Whimsicott|Whimsicott, L50, M|100/100
|turn|3
|
|t:|1756691962
|move|p1a: Gholdengo|Shadow Ball|p2b: Pelipper
|-damage|p2b: Pelipper|0 fnt
|faint|p2b: Pelipper
|-damage|p1a: Gholdengo|82/100|[from] item: Life Orb
|move|p2a: Archaludon|Flash Cannon|p1b: Whimsicott
|-supereffective|p1b: Whimsicott
|-damage|p1b: Whimsicott|32/100
|move|p1b: Whimsicott|Moonblast|p2a: Archaludon
|-damage|p2a: Archaludon|0 fnt
|faint|p2a: Archaludon
|
|-weather|RainDance|[upkeep]
|upkeep
|
|t:|1756691972
|switch|p2a: Maushold|Maushold-Four, L50, tera:Ghost|100/100
|switch|p2b: Kingambit|Kingambit, L50, F|100/100
|turn|4
|
|t:|1756691994
|move|p1b: Whimsicott|Tailwind|p1b: Whimsicott
|-sidestart|p1: aceccam56|move: Tailwind
|move|p1a: Gholdengo|Nasty Plot|p1a: Gholdengo
|-boost|p1a: Gholdengo|spa|2
|move|p2a: Maushold|Taunt|p1b: Whimsicott
|-start|p1b: Whimsicott|move: Taunt
|move|p2b: Kingambit|Kowtow Cleave|p1a: Gholdengo
|-supereffective|p1a: Gholdengo
|-damage|p1a: Gholdengo|0 fnt
|faint|p1a: Gholdengo
|
|-weather|RainDance|[upkeep]
|upkeep
|
|t:|1756692006
|switch|p1a: Hydreigon|Hydreigon, L50, F|100/100
|turn|5
|
|t:|1756692018
|move|p1a: Hydreigon|Focus Energy|p1a: Hydreigon
|-start|p1a: Hydreigon|move: Focus Energy
|move|p1b: Whimsicott|Moonblast|p2a: Maushold
|-damage|p2a: Maushold|67/100
|move|p2a: Maushold|Beat Up|p1b: Whimsicott
|-resisted|p1b: Whimsicott
|-damage|p1b: Whimsicott|32/100
|-resisted|p1b: Whimsicott
|-damage|p1b: Whimsicott|30/100
|-hitcount|p1b: Whimsicott|2
|move|p2b: Kingambit|Iron Head|p1a: Hydreigon
|-damage|p1a: Hydreigon|53/100
|
|-weather|RainDance|[upkeep]
|upkeep
|turn|6
|
|t:|1756692040
|move|p2a: Maushold|Follow Me|p2a: Maushold
|-singleturn|p2a: Maushold|move: Follow Me
|move|p1a: Hydreigon|Earth Power|p2a: Maushold
|-crit|p2a: Maushold
|-damage|p2a: Maushold|8/100
|move|p1b: Whimsicott|Moonblast|p2a: Maushold
|-damage|p2a: Maushold|0 fnt
|faint|p2a: Maushold
|move|p2b: Kingambit|Iron Head|p1a: Hydreigon
|-damage|p1a: Hydreigon|8/100
|
|-weather|none
|upkeep
|turn|7
|
|t:|1756692053
|move|p2b: Kingambit|Sucker Punch|p1a: Hydreigon
|-resisted|p1a: Hydreigon
|-damage|p1a: Hydreigon|0 fnt
|faint|p1a: Hydreigon
|move|p1b: Whimsicott|Moonblast|p2b: Kingambit
|-damage|p2b: Kingambit|73/100
|
|-end|p1b: Whimsicott|move: Taunt
|-sideend|p1: aceccam56|move: Tailwind
|upkeep
|turn|8
|
|t:|1756692063
|move|p1b: Whimsicott|Encore|p2b: Kingambit
|-hint|Since gen 7, Dark is immune to Prankster moves.
|-immune|p2b: Kingambit
|move|p2b: Kingambit|Iron Head|p1b: Whimsicott
|-supereffective|p1b: Whimsicott
|-damage|p1b: Whimsicott|0 fnt
|-damage|p2b: Kingambit|57/100|[from] item: Rocky Helmet|[of] p1b: Whimsicott
|faint|p1b: Whimsicott
|
|win|BaimeJoytWeeGeeCee
||aceccam56 is ready for game 2.
||BaimeJoytWeeGeeCee is ready for game 2.
|uhtml|next|Next: Game 2 of 3
|l|‽aceccam56
|player|p1|
