|j|☆Ome Henk
|j|☆LOS OgyZ
|html|Ome HenkLOS OgyZ    
|uhtml|bestof|Game 1 of a best-of-3
|t:|1782673169
|gametype|doubles
|player|p1|Ome Henk|kabu|
|player|p2|LOS OgyZ|brock|
|gen|9
|tier|[Gen 9 Champions] VGC 2026 Reg M-B (Bo3)
|rule|Species Clause: Limit one of each Pokémon
|rule|Item Clause: Limit 1 of each item
|clearpoke
|poke|p1|Pyroar, L50, M|
|poke|p1|Torkoal, L50, M|
|poke|p1|Farigiraf, L50, F|
|poke|p1|Whimsicott, L50, F|
|poke|p1|Floette-Eternal, L50, F|
|poke|p1|Incineroar, L50, M|
|poke|p2|Charizard, L50, F|
|poke|p2|Aerodactyl, L50, F|
|poke|p2|Kingambit, L50, F|
|poke|p2|Sylveon, L50, M|
|poke|p2|Farigiraf, L50, M|
|poke|p2|Garchomp, L50, M|
|teampreview|4
|showteam|p1|Pyroar||Pyroarite|Unnerve|Protect,SolarBeam,HeatWave,Overheat|Timid||M|||50|]Torkoal||Charcoal|Drought|Eruption,HeatWave,Protect,WeatherBall|Modest||M|||50|]Farigiraf||SitrusBerry|ArmorTail|TrickRoom,HelpingHand,Thunderbolt,Psychic|Modest||F|||50|]Whimsicott||FocusSash|Prankster|Tailwind,Protect,Moonblast,Encore|Timid||F|||50|]Floette-Eternal||Floettite|FlowerVeil|Protect,Moonblast,DazzlingGleam,DrainingKiss|Timid||F|||50|]Incineroar||WhiteHerb|Intimidate|FakeOut,FlareBlitz,PartingShot,CloseCombat|Adamant||M|||50|
|showteam|p2|Charizard||CharizarditeY|Blaze|HeatWave,SolarBeam,WeatherBall,Protect|Modest||F|||50|]Aerodactyl||Aerodactylite|Unnerve|RockSlide,DualWingbeat,Tailwind,Protect|Jolly||F|||50|]Kingambit||FocusSash|Defiant|KowtowCleave,SuckerPunch,IronHead,LowKick|Adamant||F|||50|]Sylveon||FairyFeather|Pixilate|HyperVoice,HyperBeam,QuickAttack,Protect|Modest||M|||50|]Farigiraf||SitrusBerry|ArmorTail|TwinBeam,Thunderbolt,TrickRoom,Roar|Relaxed||M|||50|]Garchomp||LifeOrb|RoughSkin|DragonClaw,Earthquake,StompingTantrum,Protect|Jolly||M|||50|
|j| tyho45
|c|☆LOS OgyZ|test
|j| JeSuffeMoeder
|c|☆Ome Henk|glhf
|c|☆LOS OgyZ|oke ik kan weer typen
|j| Fenerbasje
|c|☆LOS OgyZ|glhf
|c|☆Ome Henk|beter zo
|j| torie123
|j| Pietplezier7
|l| JeSuffeMoeder
|
|t:|1782673245
|teamsize|p1|4
|teamsize|p2|4
|start
|switch|p1a: Hittegolf|Pyroar, L50, M|100/100
|switch|p1b: 40 Graden Celsius|Torkoal, L50, M|100/100
|switch|p2a: Michael Olise|Aerodactyl, L50, F|100/100
|switch|p2b: Ousmane Dembele|Kingambit, L50, F|100/100
|-ability|p2a: Michael Olise|Unnerve
|-ability|p1a: Hittegolf|Unnerve
|-weather|SunnyDay|[from] ability: Drought|[of] p1b: 40 Graden Celsius
|turn|1
|c| Fenerbasje|OOOOOOOOOOOOOOOOOOOOOOOOOOOOOOOOOOOOOOOOOOOOOOOOOOOOOOOOOOOOS
|j| JeSuffeMoeder
|j| los dura
|j| Bomduif
|c| JeSuffeMoeder|Ooooooooooooooooooooooooossss
|
|t:|1782673288
|detailschange|p2a: Michael Olise|Aerodactyl-Mega, L50, F
|-mega|p2a: Michael Olise|Aerodactyl|Aerodactylite
|detailschange|p1a: Hittegolf|Pyroar-Mega, L50, M
|-mega|p1a: Hittegolf|Pyroar|Pyroarite
|move|p1a: Hittegolf|Protect|p1a: Hittegolf
|-singleturn|p1a: Hittegolf|Protect
|move|p2a: Michael Olise|Rock Slide|p1b: 40 Graden Celsius|[spread] p1b
|-activate|p1a: Hittegolf|move: Protect
|-supereffective|p1b: 40 Graden Celsius|1
|-damage|p1b: 40 Graden Celsius|54/100
|move|p2b: Ousmane Dembele|Kowtow Cleave|p1b: 40 Graden Celsius
|-damage|p1b: 40 Graden Celsius|14/100
|move|p1b: 40 Graden Celsius|Heat Wave|p2a: Michael Olise|[spread] p2a,p2b
|-resisted|p2a: Michael Olise|1
|-supereffective|p2b: Ousmane Dembele|1
|-crit|p2b: Ousmane Dembele
|-damage|p2a: Michael Olise|69/100
|-enditem|p2b: Ousmane Dembele|Focus Sash
|-damage|p2b: Ousmane Dembele|1/100
|
|-weather|SunnyDay|[upkeep]
|upkeep
|turn|2
|
|t:|1782673343
|switch|p1a: Frisse Wind|Whimsicott, L50, F|100/100
|move|p2b: Ousmane Dembele|Sucker Punch||[still]
|-fail|p2b: Ousmane Dembele
|move|p2a: Michael Olise|Rock Slide|p1a: Frisse Wind|[spread] p1a,p1b
|-supereffective|p1b: 40 Graden Celsius|1
|-damage|p1a: Frisse Wind|56/100
|-damage|p1b: 40 Graden Celsius|0 fnt
|faint|p1b: 40 Graden Celsius
|
|-weather|SunnyDay|[upkeep]
|upkeep
|
|t:|1782673352
|switch|p1b: Hittegolf|Pyroar-Mega, L50, M|100/100
|turn|3
|c| JeSuffeMoeder|Leuke nickname, ik liet net een niet zo’n frisse wind
|
|t:|1782673375
|move|p1a: Frisse Wind|Tailwind|p1a: Frisse Wind
|-sidestart|p1: Ome Henk|move: Tailwind
|move|p1b: Hittegolf|Solar Beam||[still]
|-prepare|p1b: Hittegolf|Solar Beam
|-anim|p1b: Hittegolf|Solar Beam|p2a: Michael Olise
|-damage|p2a: Michael Olise|19/100
|move|p2a: Michael Olise|Tailwind|p2a: Michael Olise
|-sidestart|p2: LOS OgyZ|move: Tailwind
|move|p2b: Ousmane Dembele|Iron Head|p1a: Frisse Wind
|-supereffective|p1a: Frisse Wind|1
|-damage|p1a: Frisse Wind|0 fnt
|faint|p1a: Frisse Wind
|
|-weather|SunnyDay|[upkeep]
|upkeep
|
|t:|1782673388
|switch|p1a: Mooi Bloemetje :)|Floette-Eternal, L50, F|100/100
|turn|4
|
|t:|1782673434
|move|p1b: Hittegolf|Protect|p1b: Hittegolf
|-singleturn|p1b: Hittegolf|Protect
|move|p2b: Ousmane Dembele|Sucker Punch||[still]
|-fail|p2b: Ousmane Dembele
|move|p2a: Michael Olise|Rock Slide|p1a: Mooi Bloemetje :)|[spread] p1a
|-activate|p1b: Hittegolf|move: Protect
|-damage|p1a: Mooi Bloemetje :)|50/100g
|move|p1a: Mooi Bloemetje :)|Dazzling Gleam|p2b: Ousmane Dembele|[spread] p2a,p2b
|-damage|p2a: Michael Olise|0 fnt
|-damage|p2b: Ousmane Dembele|0 fnt
|faint|p2a: Michael Olise
|faint|p2b: Ousmane Dembele
|
|-weather|SunnyDay|[upkeep]
|upkeep
|j| bramstorteler
|
|t:|1782673440
|switch|p2a: Denzel Dumfries|Farigiraf, L50, M|100/100
|switch|p2b: Lamine Yamal|Garchomp, L50, M|100/100
|turn|5
|l| tyho45
|n| suupacell|losdura
|
|t:|1782673483
|move|p1b: Hittegolf|Solar Beam||[still]
|-prepare|p1b: Hittegolf|Solar Beam
|-anim|p1b: Hittegolf|Solar Beam|p2b: Lamine Yamal
|-damage|p2b: Lamine Yamal|49/100
|move|p2b: Lamine Yamal|Stomping Tantrum|p1a: Mooi Bloemetje :)
|-damage|p1a: Mooi Bloemetje :)|0 fnt
|faint|p1a: Mooi Bloemetje :)
|-damage|p2b: Lamine Yamal|40/100|[from] item: Life Orb
|move|p2a: Denzel Dumfries|Trick Room|p2a: Denzel Dumfries
|-fieldstart|move: Trick Room|[of] p2a: Denzel Dumfries
|
|-weather|none
|upkeep
|turn|6
|j| tyho45
|
|t:|1782673510
|move|p2a: Denzel Dumfries|Twin Beam|p1b: Hittegolf
|-damage|p1b: Hittegolf|80/100
|-damage|p1b: Hittegolf|62/100
|-hitcount|p1b: Hittegolf|2
|move|p2b: Lamine Yamal|Stomping Tantrum|p1b: Hittegolf
|-supereffective|p1b: Hittegolf|1
|-damage|p1b: Hittegolf|0 fnt
|faint|p1b: Hittegolf
|-damage|p2b: Lamine Yamal|30/100|[from] item: Life Orb
|
|win|LOS OgyZ
||Ome Henk is ready for game 2.
||LOS OgyZ is ready for game 2.
|uhtml|next|Next: Game 2 of 3
|n| los dura|suupacell
|l| los dura
|l| bramstorteler
|j| los dura
|l| los dura
|l| tyho45
|l| JeSuffeMoeder
|l|☆Ome Henk
|player|p1|
|l| Pietplezier7
|l| torie123
|l| Bomduif
|l| Fenerbasje
