|j|☆Lamortse
|j|☆geardox
|html|Lamortsegeardox    
|uhtml|bestof|Game 2 of a best-of-3
|t:|1756754429
|gametype|doubles
|player|p1|Lamortse|101|1075
|player|p2|geardox|cyclist|1165
|gen|9
|tier|[Gen 9] VGC 2025 Reg H (Bo3)
|rated|
|rule|Species Clause: Limit one of each Pokémon
|rule|Item Clause: Limit 1 of each item
|clearpoke
|poke|p1|Dragapult, L50, F|
|poke|p1|Tyranitar, L50, M|
|poke|p1|Corviknight, L50, M|
|poke|p1|Primarina, L50, F|
|poke|p1|Incineroar, L50, M|
|poke|p1|Amoonguss, L50, F|
|poke|p2|Sneasler, L50, M|
|poke|p2|Garchomp, L50, M|
|poke|p2|Corviknight, L50, M|
|poke|p2|Archaludon, L50, M|
|poke|p2|Amoonguss, L50, F|
|poke|p2|Incineroar, L50, M|
|teampreview|4
|showteam|p1|Dragapult||ChoiceBand|ClearBody|DragonDarts,Uturn,TeraBlast,PhantomForce|||F|||50|,,,,,Ground]Tyranitar||AssaultVest|SandStream|RockSlide,KnockOff,LowKick,TeraBlast|||M|||50|,,,,,Flying]Corviknight||Leftovers|MirrorArmor|BraveBird,Tailwind,IronHead,BulkUp|||M|||50|,,,,,Dragon]Primarina||SitrusBerry|LiquidVoice|HyperVoice,Moonblast,Protect,Haze|||F|||50|,,,,,Poison]Incineroar||SafetyGoggles|Intimidate|Taunt,FakeOut,FlareBlitz,PartingShot|||M|||50|,,,,,Ghost]Amoonguss||RockyHelmet|Regenerator|SludgeBomb,Spore,RagePowder,Protect|||F|||50|,,,,,Fairy
|showteam|p2|Sneasler||FocusSash|Unburden|DireClaw,CloseCombat,ThroatChop,Coaching|||M|||50|,,,,,Ghost]Garchomp||LifeOrb|RoughSkin|Protect,Earthquake,DragonClaw,StompingTantrum|||M|||50|,,,,,Ground]Corviknight||SitrusBerry|MirrorArmor|BraveBird,Tailwind,Roost,IronHead|||M|||50|,,,,,Fire]Archaludon||PowerHerb|Stamina|Protect,DracoMeteor,FlashCannon,ElectroShot|||M|||50|,,,,,Dragon]Amoonguss||RockyHelmet|Regenerator|ClearSmog,RagePowder,Spore,PollenPuff|||F|||50|,,,,,Water]Incineroar||AssaultVest|Intimidate|KnockOff,FlareBlitz,FakeOut,Uturn|||M|||50|,,,,,Ghost
|inactive|Battle timer is ON: inactive players will automatically lose when time's up. (requested by Lamortse)
|j| teamthief420
|l| teamthief420
|inactive|Lamortse has 60 seconds left.
|
|t:|1756754478
|teamsize|p1|4
|teamsize|p2|4
|start
|switch|p1a: Incineroar|Incineroar, L50, M|100/100
|switch|p1b: Corviknight|Corviknight, L50, M|100/100
|switch|p2a: Riku|Sneasler, L50, M|100/100
|switch|p2b: Eggman|Corviknight, L50, M, shiny|100/100
|-ability|p1a: Incineroar|Intimidate|boost
|-unboost|p2a: Riku|atk|1
|-ability|p2b: Eggman|Mirror Armor
|-unboost|p1a: Incineroar|atk|1
|turn|1
|
|t:|1756754493
|switch|p2a: Incineroar|Incineroar, L50, M|100/100
|-ability|p2a: Incineroar|Intimidate|boost
|-unboost|p1a: Incineroar|atk|1
|-ability|p1b: Corviknight|Mirror Armor
|-unboost|p2a: Incineroar|atk|1
|-terastallize|p1a: Incineroar|Ghost
|move|p1a: Incineroar|Fake Out|p2b: Eggman
|-resisted|p2b: Eggman
|-damage|p2b: Eggman|99/100
|cant|p2b: Eggman|flinch
|move|p1b: Corviknight|Brave Bird|p2a: Incineroar
|-damage|p2a: Incineroar|49/100
|-damage|p1b: Corviknight|84/100|[from] Recoil
|
|-heal|p1b: Corviknight|90/100|[from] item: Leftovers
|upkeep
|turn|2
|inactive|Lamortse has 30 seconds left.
|
|t:|1756754519
|switch|p1a: Primarina|Primarina, L50, F|100/100
|move|p2a: Incineroar|Fake Out|p1b: Corviknight
|-resisted|p1b: Corviknight
|-damage|p1b: Corviknight|87/100
|move|p2b: Eggman|Tailwind|p2b: Eggman
|-sidestart|p2: geardox|move: Tailwind
|cant|p1b: Corviknight|flinch
|
|-heal|p1b: Corviknight|93/100|[from] item: Leftovers
|upkeep
|turn|3
|
|t:|1756754540
|move|p2a: Incineroar|Flare Blitz|p1b: Corviknight
|-supereffective|p1b: Corviknight
|-damage|p1b: Corviknight|35/100
|-damage|p2a: Incineroar|30/100|[from] Recoil
|move|p2b: Eggman|Iron Head|p1a: Primarina
|-damage|p1a: Primarina|68/100
|move|p1b: Corviknight|Brave Bird|p2a: Incineroar
|-damage|p2a: Incineroar|0 fnt
|faint|p2a: Incineroar
|-damage|p1b: Corviknight|25/100|[from] Recoil
|move|p1a: Primarina|Hyper Voice|p2b: Eggman
|-damage|p2b: Eggman|62/100
|
|-heal|p1b: Corviknight|31/100|[from] item: Leftovers
|upkeep
|
|t:|1756754555
|switch|p2a: Riku|Sneasler, L50, M|100/100
|turn|4
|
|t:|1756754572
|switch|p1b: Incineroar|Incineroar, L50, M, tera:Ghost|100/100
|-ability|p1b: Incineroar|Intimidate|boost
|-unboost|p2a: Riku|atk|1
|-ability|p2b: Eggman|Mirror Armor
|-unboost|p1b: Incineroar|atk|1
|move|p1a: Primarina|Protect|p1a: Primarina
|-singleturn|p1a: Primarina|Protect
|move|p2a: Riku|Close Combat|p1b: Incineroar
|-immune|p1b: Incineroar
|move|p2b: Eggman|Brave Bird|p1a: Primarina
|-activate|p1a: Primarina|move: Protect
|
|upkeep
|turn|5
|c|☆geardox|wp wp
|inactive|geardox has 30 seconds left.
|
|t:|1756754601
|-terastallize|p2a: Riku|Ghost
|move|p2a: Riku|Throat Chop|p1a: Primarina
|-resisted|p1a: Primarina
|-damage|p1a: Primarina|58/100
|-start|p1a: Primarina|Throat Chop|[silent]
|move|p2b: Eggman|Brave Bird|p1a: Primarina
|-damage|p1a: Primarina|13/100
|-enditem|p1a: Primarina|Sitrus Berry|[eat]
|-heal|p1a: Primarina|37/100|[from] item: Sitrus Berry
|-damage|p2b: Eggman|48/100|[from] Recoil
|-enditem|p2b: Eggman|Sitrus Berry|[eat]
|-heal|p2b: Eggman|73/100|[from] item: Sitrus Berry
|move|p1b: Incineroar|Flare Blitz|p2b: Eggman
|-supereffective|p2b: Eggman
|-damage|p2b: Eggman|23/100
|-damage|p1b: Incineroar|83/100|[from] Recoil
|move|p1a: Primarina|Haze|p1a: Primarina
|-clearallboost
|
|-sideend|p2: geardox|move: Tailwind
|upkeep
|turn|6
|inactive|Lamortse has 30 seconds left.
|inactive|geardox has 30 seconds left.
|
|t:|1756754628
|move|p2a: Riku|Throat Chop|p1b: Incineroar
|-supereffective|p1b: Incineroar
|-damage|p1b: Incineroar|38/100
|-start|p1b: Incineroar|Throat Chop|[silent]
|move|p2b: Eggman|Tailwind|p2b: Eggman
|-sidestart|p2: geardox|move: Tailwind
|move|p1b: Incineroar|Flare Blitz|p2b: Eggman
|-supereffective|p2b: Eggman
|-damage|p2b: Eggman|0 fnt
|faint|p2b: Eggman
|-damage|p1b: Incineroar|31/100|[from] Recoil
|move|p1a: Primarina|Moonblast|p2a: Riku
|-damage|p2a: Riku|21/100
|
|-end|p1a: Primarina|Throat Chop|[silent]
|upkeep
|
|t:|1756754640
|switch|p2b: Stinky Pete|Garchomp, L50, M|100/100
|turn|7
|
|t:|1756754663
|switch|p1a: Corviknight|Corviknight, L50, M|31/100
|move|p2a: Riku|Dire Claw|p1a: Corviknight
|-immune|p1a: Corviknight
|move|p2b: Stinky Pete|Dragon Claw|p1b: Incineroar
|-damage|p1b: Incineroar|0 fnt
|faint|p1b: Incineroar
|-damage|p2b: Stinky Pete|91/100|[from] item: Life Orb
|
|-heal|p1a: Corviknight|37/100|[from] item: Leftovers
|upkeep
|
|t:|1756754668
|switch|p1b: Dragapult|Dragapult, L50, F|100/100
|turn|8
|inactive|geardox has 30 seconds left.
|
|t:|1756754695
|switch|p1b: Primarina|Primarina, L50, F|37/100
|move|p2a: Riku|Throat Chop|p1b: Primarina
|-resisted|p1b: Primarina
|-damage|p1b: Primarina|19/100
|-start|p1b: Primarina|Throat Chop|[silent]
|move|p2b: Stinky Pete|Dragon Claw|p1b: Primarina
|-immune|p1b: Primarina
|move|p1a: Corviknight|Tailwind|p1a: Corviknight
|-sidestart|p1: Lamortse|move: Tailwind
|
|-heal|p1a: Corviknight|43/100|[from] item: Leftovers
|upkeep
|turn|9
|inactive|Lamortse has 30 seconds left.
|
|t:|1756754725
|move|p2a: Riku|Coaching|p2b: Stinky Pete
|-boost|p2b: Stinky Pete|atk|1
|-boost|p2b: Stinky Pete|def|1
|move|p2b: Stinky Pete|Dragon Claw|p1a: Corviknight
|-resisted|p1a: Corviknight
|-damage|p1a: Corviknight|10/100
|-damage|p2b: Stinky Pete|81/100|[from] item: Life Orb
|move|p1a: Corviknight|Brave Bird|p2b: Stinky Pete
|-damage|p2b: Stinky Pete|46/100
|-damage|p1a: Corviknight|0 fnt|[from] ability: Rough Skin|[of] p2b: Stinky Pete
|faint|p1a: Corviknight
|move|p1b: Primarina|Moonblast|p2b: Stinky Pete
|-supereffective|p2b: Stinky Pete
|-damage|p2b: Stinky Pete|0 fnt
|faint|p2b: Stinky Pete
|
|-end|p1b: Primarina|Throat Chop|[silent]
|-sideend|p2: geardox|move: Tailwind
|upkeep
|
|t:|1756754730
|switch|p1a: Dragapult|Dragapult, L50, F|100/100
|turn|10
|
|t:|1756754748
|move|p1a: Dragapult|Dragon Darts|p2a: Riku
|-damage|p2a: Riku|0 fnt
|faint|p2a: Riku
|
|win|Lamortse
