|j|☆1OO% Jesus
|j|☆winxclubfanboy
|html|1OO% Jesuswinxclubfanboy    
|uhtml|bestof|Game 3 of a best-of-3
|t:|1782658317
|gametype|doubles
|player|p1|1OO% Jesus|lillie-z|
|player|p2|winxclubfanboy|parasollady|
|gen|9
|tier|[Gen 9 Champions] VGC 2026 Reg M-B (Bo3)
|rule|Species Clause: Limit one of each Pokémon
|rule|Item Clause: Limit 1 of each item
|clearpoke
|poke|p1|Charizard, L50, M|
|poke|p1|Whimsicott, L50, F|
|poke|p1|Garchomp, L50, F|
|poke|p1|Basculegion, L50, M|
|poke|p1|Kingambit, L50, F|
|poke|p1|Floette-Eternal, L50, F|
|poke|p2|Charizard, L50, F|
|poke|p2|Gholdengo, L50|
|poke|p2|Ninetales-Alola, L50, F, shiny|
|poke|p2|Incineroar, L50, M, shiny|
|poke|p2|Milotic, L50, F, shiny|
|poke|p2|Floette-Eternal, L50, F|
|teampreview|4
|showteam|p1|Charizard||CharizarditeY|Blaze|HeatWave,WeatherBall,SolarBeam,Protect|Modest||M|||50|]Whimsicott||FocusSash|Prankster|Moonblast,Tailwind,Encore,Protect|Timid||F|||50|]Garchomp||LifeOrb|RoughSkin|Earthquake,DragonClaw,RockSlide,Protect|Jolly||F|||50|]Basculegion||MysticWater|Adaptability|WaveCrash,LastRespects,AquaJet,Protect|Adamant||M|||50|]Kingambit||ChopleBerry|Defiant|KowtowCleave,SuckerPunch,IronHead,LowKick|Adamant||F|||50|]Floette-Eternal||Floettite|FlowerVeil|DazzlingGleam,Moonblast,LightofRuin,Protect|Timid||F|||50|
|showteam|p2|Charizard||CharizarditeX|Blaze|FlareBlitz,DragonClaw,DragonDance,Protect|Adamant||F|||50|]Gholdengo||LifeOrb|GoodasGold|NastyPlot,ShadowBall,MakeItRain,Protect|Timid|||||50|]Ninetales-Alola||LightClay|SnowWarning|Blizzard,IcyWind,AuroraVeil,Protect|Timid||F|||50|]Incineroar||SitrusBerry|Intimidate|FakeOut,FlareBlitz,DarkestLariat,PartingShot|Impish||M|||50|]Milotic||Leftovers|Competitive|MuddyWater,Hypnosis,Coil,Protect|Bold||F|||50|]Floette-Eternal||Floettite|FlowerVeil|DrainingKiss,CalmMind,DazzlingGleam,Protect|Modest||F|||50|
|
|t:|1782658476
|teamsize|p1|4
|teamsize|p2|4
|start
|switch|p1a: Garchomp|Garchomp, L50, F|100/100
|switch|p1b: Kingambit|Kingambit, L50, F|100/100
|switch|p2a: Incineroar|Incineroar, L50, M, shiny|100/100
|switch|p2b: Charizard|Charizard, L50, F|100/100
|-ability|p2a: Incineroar|Intimidate|boost
|-unboost|p1a: Garchomp|atk|1
|-unboost|p1b: Kingambit|atk|1
|-ability|p1b: Kingambit|Defiant|boost
|-boost|p1b: Kingambit|atk|2
|turn|1
|
|t:|1782658527
|switch|p1a: Whimsicott|Whimsicott, L50, F|100/100
|detailschange|p2b: Charizard|Charizard-Mega-X, L50, F
|-mega|p2b: Charizard|Charizard|Charizardite X
|move|p2a: Incineroar|Fake Out|p1a: Whimsicott
|-damage|p1a: Whimsicott|83/100
|move|p1b: Kingambit|Sucker Punch||[still]
|-fail|p1b: Kingambit
|move|p2b: Charizard|Dragon Dance|p2b: Charizard
|-boost|p2b: Charizard|atk|1
|-boost|p2b: Charizard|spe|1
|
|upkeep
|turn|2
|
|t:|1782658562
|switch|p1b: Garchomp|Garchomp, L50, F|100/100
|move|p1a: Whimsicott|Protect|p1a: Whimsicott
|-singleturn|p1a: Whimsicott|Protect
|move|p2b: Charizard|Protect|p2b: Charizard
|-singleturn|p2b: Charizard|Protect
|move|p2a: Incineroar|Flare Blitz|p1a: Whimsicott
|-activate|p1a: Whimsicott|move: Protect
|
|upkeep
|turn|3
|
|t:|1782658613
|switch|p2b: Ninetales|Ninetales-Alola, L50, F, shiny|100/100
|-weather|Snowscape|[from] ability: Snow Warning|[of] p2b: Ninetales
|move|p1a: Whimsicott|Encore||[still]
|-fail|p1a: Whimsicott
|move|p1b: Garchomp|Earthquake|p2a: Incineroar|[spread] p1a,p2a,p2b
|-resisted|p1a: Whimsicott|1
|-supereffective|p2a: Incineroar|1
|-damage|p1a: Whimsicott|45/100
|-damage|p2a: Incineroar|25/100
|-damage|p2b: Ninetales|55/100
|-enditem|p2a: Incineroar|Sitrus Berry|[eat]
|-heal|p2a: Incineroar|50/100y|[from] item: Sitrus Berry
|-damage|p1b: Garchomp|90/100|[from] item: Life Orb
|move|p2a: Incineroar|Parting Shot|p1b: Garchomp
|-unboost|p1b: Garchomp|atk|1
|-unboost|p1b: Garchomp|spa|1
|
|t:|1782658620
|switch|p2a: Charizard|Charizard-Mega-X, L50, F|100/100|[from] Parting Shot
|
|-weather|Snowscape|[upkeep]
|upkeep
|turn|4
|
|t:|1782658645
|switch|p1b: Charizard|Charizard, L50, M|100/100
|move|p1a: Whimsicott|Tailwind|p1a: Whimsicott
|-sidestart|p1: 1OO% Jesus|move: Tailwind
|move|p2b: Ninetales|Blizzard|p1b: Charizard|[spread] p1a,p1b
|-supereffective|p1a: Whimsicott|1
|-crit|p1b: Charizard
|-damage|p1a: Whimsicott|0 fnt
|-damage|p1b: Charizard|52/100
|-status|p1b: Charizard|frz
|faint|p1a: Whimsicott
|move|p2a: Charizard|Flare Blitz|p1b: Charizard
|-resisted|p1b: Charizard|1
|-damage|p1b: Charizard|8/100 frz
|-curestatus|p1b: Charizard|frz|[msg]
|-damage|p2a: Charizard|85/100|[from] Recoil
|
|-weather|Snowscape|[upkeep]
|upkeep
|
|t:|1782658655
|switch|p1a: Garchomp|Garchomp, L50, F|90/100
|turn|5
|
|t:|1782658682
|detailschange|p1b: Charizard|Charizard-Mega-Y, L50, M
|-mega|p1b: Charizard|Charizard|Charizardite Y
|-weather|SunnyDay|[from] ability: Drought|[of] p1b: Charizard
|move|p2a: Charizard|Protect|p2a: Charizard
|-singleturn|p2a: Charizard|Protect
|move|p1a: Garchomp|Earthquake|p2a: Charizard|[spread] p2b
|-activate|p2a: Charizard|move: Protect
|-immune|p1b: Charizard
|-damage|p2b: Ninetales|0 fnt
|faint|p2b: Ninetales
|-damage|p1a: Garchomp|80/100|[from] item: Life Orb
|move|p1b: Charizard|Heat Wave|p2a: Charizard
|-activate|p2a: Charizard|move: Protect
|
|-weather|SunnyDay|[upkeep]
|upkeep
|
|t:|1782658688
|switch|p2b: Incineroar|Incineroar, L50, M, shiny|50/100y
|-ability|p2b: Incineroar|Intimidate|boost
|-unboost|p1a: Garchomp|atk|1
|-unboost|p1b: Charizard|atk|1
|turn|6
|
|t:|1782658714
|move|p2b: Incineroar|Fake Out|p1a: Garchomp
|-damage|p1a: Garchomp|69/100
|-damage|p2b: Incineroar|37/100|[from] ability: Rough Skin|[of] p1a: Garchomp
|cant|p1a: Garchomp|flinch
|move|p1b: Charizard|Weather Ball|p2a: Charizard
|-resisted|p2a: Charizard|2
|-damage|p2a: Charizard|60/100
|move|p2a: Charizard|Dragon Dance|p2a: Charizard
|-boost|p2a: Charizard|atk|1
|-boost|p2a: Charizard|spe|1
|
|-weather|SunnyDay|[upkeep]
|upkeep
|turn|7
|
|t:|1782658744
|switch|p2b: Milotic|Milotic, L50, F, shiny|100/100
|move|p2a: Charizard|Protect|p2a: Charizard
|-singleturn|p2a: Charizard|Protect
|move|p1a: Garchomp|Earthquake|p2a: Charizard|[spread] p2b
|-activate|p2a: Charizard|move: Protect
|-immune|p1b: Charizard
|-damage|p2b: Milotic|75/100
|-damage|p1a: Garchomp|60/100|[from] item: Life Orb
|move|p1b: Charizard|Heat Wave|p2a: Charizard|[spread] 
|-activate|p2a: Charizard|move: Protect
|-miss|p1b: Charizard|p2b: Milotic
|
|-weather|SunnyDay|[upkeep]
|-heal|p2b: Milotic|81/100|[from] item: Leftovers
|-sideend|p1: 1OO% Jesus|move: Tailwind
|upkeep
|turn|8
|
|t:|1782658793
|switch|p2b: Incineroar|Incineroar, L50, M, shiny|37/100
|-ability|p2b: Incineroar|Intimidate|boost
|-unboost|p1a: Garchomp|atk|1
|-unboost|p1b: Charizard|atk|1
|move|p1a: Garchomp|Protect|p1a: Garchomp
|-singleturn|p1a: Garchomp|Protect
|move|p2a: Charizard|Dragon Claw|p1a: Garchomp
|-activate|p1a: Garchomp|move: Protect
|move|p1b: Charizard|Solar Beam||[still]
|-prepare|p1b: Charizard|Solar Beam
|-anim|p1b: Charizard|Solar Beam|p2b: Incineroar
|-resisted|p2b: Incineroar|1
|-crit|p2b: Incineroar
|-damage|p2b: Incineroar|5/100
|
|-weather|SunnyDay|[upkeep]
|upkeep
|turn|9
|
|t:|1782658832
|switch|p1a: Kingambit|Kingambit, L50, F|100/100
|move|p1b: Charizard|Protect|p1b: Charizard
|-singleturn|p1b: Charizard|Protect
|move|p2b: Incineroar|Fake Out|p1b: Charizard
|-activate|p1b: Charizard|move: Protect
|move|p2a: Charizard|Flare Blitz|p1a: Kingambit
|-supereffective|p1a: Kingambit|1
|-damage|p1a: Kingambit|0 fnt
|faint|p1a: Kingambit
|-damage|p2a: Charizard|19/100|[from] Recoil
|
|-weather|none
|upkeep
|c|☆1OO% Jesus|POR SUPUESTO QUE ME LA LEE
|c|☆1OO% Jesus|SOY MALISIMO
|c|☆winxclubfanboy|es safe
|c|☆winxclubfanboy|mato igual
|c|☆winxclubfanboy|+1 164+ Atk Tough Claws Charizard-Mega-X Flare Blitz (156 BP) vs. 0 HP / 0 Def Garchomp: 108-127 (59 - 69.3%) -- 93.8% chance to OHKO
|c|☆1OO% Jesus|¿Y luego el sucker punch no te mata?
|c|☆1OO% Jesus|???
|c|☆1OO% Jesus|Archy
|c|☆winxclubfanboy|luego gana milotic
|c|☆1OO% Jesus|Quiero dropear la liga
|c|☆1OO% Jesus|no quiero jugar más a Pokémon
|-message|1OO% Jesus forfeited.
|
|win|winxclubfanboy
|l|☆1OO% Jesus
|player|p1|
