|j|☆hugoggg
|j|☆Philip9804
|html|hugogggPhilip9804    
|uhtml|bestof|Game 1 of a best-of-3
|t:|1784138277
|gametype|doubles
|player|p1|hugoggg|169|
|player|p2|Philip9804|may-masters3|
|gen|9
|tier|[Gen 9 Champions] VGC 2026 Reg M-B (Bo3)
|rule|Species Clause: Limit one of each Pokémon
|rule|Item Clause: Limit 1 of each item
|clearpoke
|poke|p1|Delphox, L50, M|
|poke|p1|Garchomp, L50, M|
|poke|p1|Gengar, L50, F|
|poke|p1|Sinistcha, L50|
|poke|p1|Sneasler, L50, M|
|poke|p1|Altaria, L50, M|
|poke|p2|Sneasler, L50, F, shiny|
|poke|p2|Farigiraf, L50, F, shiny|
|poke|p2|Charizard, L50, M, shiny|
|poke|p2|Whimsicott, L50, M, shiny|
|poke|p2|Garchomp, L50, F, shiny|
|poke|p2|Basculegion, L50, M, shiny|
|teampreview|4
|showteam|p1|Delphox||Delphoxite|Magician|HeatWave,Psychic,NastyPlot,Protect|Timid||M|||50|]Garchomp||ChoiceScarf|RoughSkin|Earthquake,StoneEdge,DragonClaw,StompingTantrum|Adamant||M|||50|]Gengar||Gengarite|CursedBody|ShadowBall,SludgeBomb,Disable,Protect|Timid||F|||50|]Sinistcha||KasibBerry|Hospitality|MatchaGotcha,LifeDew,RagePowder,Protect|Bold|||||50|]Sneasler||LifeOrb|PoisonTouch|FakeOut,CloseCombat,GunkShot,ThroatChop|Adamant||M|||50|]Altaria||SitrusBerry|CloudNine|PerishSong,WillOWisp,PowerSwap,DracoMeteor|Bold||M|||50|
|showteam|p2|Sneasler||WhiteHerb|Unburden|FakeOut,CloseCombat,DireClaw,Protect|Jolly||F|||50|]Farigiraf||SitrusBerry|ArmorTail|Psychic,HelpingHand,TrickRoom,Imprison|Bold||F|||50|]Charizard||CharizarditeY|Blaze|HeatWave,WeatherBall,SolarBeam,Protect|Modest||M|||50|]Whimsicott||FairyFeather|Prankster|Moonblast,Tailwind,SunnyDay,Encore|Timid||M|||50|]Garchomp||LifeOrb|RoughSkin|StompingTantrum,DragonClaw,RockSlide,Protect|Jolly||F|||50|]Basculegion||ChoiceScarf|Adaptability|LastRespects,WaveCrash,AquaJet,FlipTurn|Jolly||M|||50|
|inactive|Battle timer is ON: inactive players will automatically lose when time's up. (requested by Philip9804)
|c|☆hugoggg|glhf!
|c|☆Philip9804|u2
|inactive|hugoggg has 60 seconds left.
|inactive|Philip9804 has 60 seconds left.
|
|t:|1784138324
|teamsize|p1|4
|teamsize|p2|4
|start
|switch|p1a: Sneasler|Sneasler, L50, M|100/100
|switch|p1b: Delphox|Delphox, L50, M|100/100
|switch|p2a: Basculegion|Basculegion, L50, M, shiny|100/100
|switch|p2b: Whimsicott|Whimsicott, L50, M, shiny|100/100
|turn|1
|inactive|Philip9804 has 30 seconds left.
|
|t:|1784138355
|switch|p2b: Garchomp|Garchomp, L50, F, shiny|100/100
|move|p1b: Delphox|Protect|p1b: Delphox
|-singleturn|p1b: Delphox|Protect
|move|p2a: Basculegion|Flip Turn|p1a: Sneasler
|-damage|p1a: Sneasler|35/100
|inactive|Philip9804 has 30 seconds left.
|
|t:|1784138380
|switch|p2a: Whimsicott|Whimsicott, L50, M, shiny|100/100|[from] Flip Turn
|move|p1a: Sneasler|Throat Chop|p2a: Whimsicott
|-resisted|p2a: Whimsicott|1
|-damage|p2a: Whimsicott|67/100
|-start|p2a: Whimsicott|Throat Chop|[silent]
|-status|p2a: Whimsicott|psn|[from] ability: Poison Touch|[of] p1a: Sneasler
|-damage|p1a: Sneasler|25/100|[from] item: Life Orb
|
|-damage|p2a: Whimsicott|55/100 psn|[from] psn
|upkeep
|turn|2
|inactive|Philip9804 has 30 seconds left.
|
|t:|1784138409
|detailschange|p1b: Delphox|Delphox-Mega, L50, M
|-mega|p1b: Delphox|Delphox|Delphoxite
|move|p2a: Whimsicott|Tailwind|p2a: Whimsicott
|-sidestart|p2: Philip9804|move: Tailwind
|move|p2b: Garchomp|Dragon Claw|p1a: Sneasler
|-damage|p1a: Sneasler|0 fnt
|faint|p1a: Sneasler
|-damage|p2b: Garchomp|90/100|[from] item: Life Orb
|move|p1b: Delphox|Heat Wave|p2a: Whimsicott|[spread] p2a,p2b
|-supereffective|p2a: Whimsicott|1
|-resisted|p2b: Garchomp|1
|-damage|p2a: Whimsicott|0 fnt
|-damage|p2b: Garchomp|68/100
|faint|p2a: Whimsicott
|
|upkeep
|
|t:|1784138417
|switch|p2a: Charizard|Charizard, L50, M, shiny|100/100
|switch|p1a: Sinistcha|Sinistcha, L50|100/100
|turn|3
|
|t:|1784138424
|switch|p1a: Altaria|Altaria, L50, M|100/100
|-ability|p1a: Altaria|Cloud Nine
|detailschange|p2a: Charizard|Charizard-Mega-Y, L50, M, shiny
|-mega|p2a: Charizard|Charizard|Charizardite Y
|-weather|SunnyDay|[from] ability: Drought|[of] p2a: Charizard
|move|p2b: Garchomp|Rock Slide|p1a: Altaria|[spread] p1a,p1b
|-supereffective|p1a: Altaria|1
|-supereffective|p1b: Delphox|1
|-damage|p1a: Altaria|55/100
|-damage|p1b: Delphox|38/100
|-damage|p2b: Garchomp|59/100|[from] item: Life Orb
|move|p2a: Charizard|Heat Wave|p1a: Altaria|[spread] p1a,p1b
|-resisted|p1a: Altaria|1
|-resisted|p1b: Delphox|1
|-damage|p1a: Altaria|35/100
|-damage|p1b: Delphox|21/100
|-enditem|p1a: Altaria|Sitrus Berry|[eat]
|-heal|p1a: Altaria|60/100|[from] item: Sitrus Berry
|move|p1b: Delphox|Nasty Plot|p1b: Delphox
|-boost|p1b: Delphox|spa|2
|
|-weather|SunnyDay|[upkeep]
|upkeep
|turn|4
|inactive|hugoggg has 30 seconds left.
|inactive|Philip9804 has 30 seconds left.
|inactive|hugoggg has 20 seconds left.
|inactive|hugoggg has 15 seconds left.
|inactive|hugoggg has 10 seconds left.
|
|t:|1784138472
|move|p1b: Delphox|Protect|p1b: Delphox
|-singleturn|p1b: Delphox|Protect
|move|p2b: Garchomp|Rock Slide|p1b: Delphox|[spread] p1a
|-activate|p1b: Delphox|move: Protect
|-supereffective|p1a: Altaria|1
|-damage|p1a: Altaria|15/100
|-damage|p2b: Garchomp|49/100|[from] item: Life Orb
|move|p2a: Charizard|Heat Wave|p1b: Delphox|[spread] p1a
|-activate|p1b: Delphox|move: Protect
|-resisted|p1a: Altaria|1
|-damage|p1a: Altaria|0 fnt
|faint|p1a: Altaria
|
|-weather|SunnyDay|[upkeep]
|upkeep
|
|t:|1784138481
|switch|p1a: Sinistcha|Sinistcha, L50|100/100
|-heal|p1b: Delphox|46/100|[from] ability: Hospitality|[of] p1a: Sinistcha
|turn|5
|
|t:|1784138487
|move|p1b: Delphox|Protect|p1b: Delphox
|-singleturn|p1b: Delphox|Protect
|move|p1a: Sinistcha|Protect|p1a: Sinistcha
|-singleturn|p1a: Sinistcha|Protect
|move|p2b: Garchomp|Rock Slide|p1b: Delphox|[spread] 
|-activate|p1a: Sinistcha|move: Protect
|-activate|p1b: Delphox|move: Protect
|move|p2a: Charizard|Heat Wave|p1b: Delphox|[spread] 
|-activate|p1a: Sinistcha|move: Protect
|-activate|p1b: Delphox|move: Protect
|
|-weather|SunnyDay|[upkeep]
|-sideend|p2: Philip9804|move: Tailwind
|upkeep
|turn|6
|
|t:|1784138501
|move|p1b: Delphox|Heat Wave|p2a: Charizard|[spread] p2a,p2b
|-resisted|p2a: Charizard|1
|-resisted|p2b: Garchomp|1
|-damage|p2a: Charizard|38/100
|-damage|p2b: Garchomp|0 fnt
|faint|p2b: Garchomp
|move|p2a: Charizard|Heat Wave|p1b: Delphox|[spread] p1a
|-miss|p2a: Charizard|p1b: Delphox
|-supereffective|p1a: Sinistcha|1
|-damage|p1a: Sinistcha|0 fnt
|faint|p1a: Sinistcha
|
|-weather|SunnyDay|[upkeep]
|upkeep
|
|t:|1784138509
|switch|p2b: Basculegion|Basculegion, L50, M, shiny|100/100
|turn|7
|
|t:|1784138516
|move|p2b: Basculegion|Last Respects|p1b: Delphox
|-supereffective|p1b: Delphox|1
|-damage|p1b: Delphox|0 fnt
|faint|p1b: Delphox
|
|win|Philip9804
||hugoggg is ready for game 2.
||Philip9804 is ready for game 2.
|uhtml|next|Next: Game 2 of 3
|l|☆hugoggg
|player|p1|
