|j|☆longlegs828
|j|☆sweetlysunny
|html|longlegs828sweetlysunny    
|uhtml|bestof|Game 1 of a best-of-3
|t:|1783748669
|gametype|doubles
|player|p1|longlegs828|artist|1205
|player|p2|sweetlysunny|serena|1197
|gen|9
|tier|[Gen 9 Champions] VGC 2026 Reg M-B (Bo3)
|rated|
|rule|Species Clause: Limit one of each Pokémon
|rule|Item Clause: Limit 1 of each item
|clearpoke
|poke|p1|Gengar, L50, F|
|poke|p1|Incineroar, L50, F|
|poke|p1|Politoed, L50, M|
|poke|p1|Swampert, L50, F|
|poke|p1|Archaludon, L50, M|
|poke|p1|Grimmsnarl, L50, M|
|poke|p2|Torkoal, L50, F|
|poke|p2|Pyroar, L50, M|
|poke|p2|Vileplume, L50, M|
|poke|p2|Scrafty, L50, F|
|poke|p2|Farigiraf, L50, F|
|poke|p2|Sylveon, L50, F|
|teampreview|4
|showteam|p1|Gengar||Gengarite|CursedBody|PerishSong,SludgeBomb,Substitute,Protect|Timid||F|||50|]Incineroar||PasshoBerry|Intimidate|FakeOut,ThroatChop,Protect,PartingShot|Sassy||F|||50|]Politoed||SitrusBerry|Drizzle|WeatherBall,IceBeam,PerishSong,Protect|Calm||M|||50|]Swampert||Swampertite|Torrent|WaveCrash,Earthquake,IcePunch,Protect|Adamant||F|||50|]Archaludon||Leftovers|Stamina|ElectroShot,FlashCannon,DragonPulse,Protect|Calm||M|||50|]Grimmsnarl||LightClay|Prankster|PartingShot,FakeOut,Protect,LightScreen|Impish||M|||50|
|showteam|p2|Torkoal||Charcoal|Drought|HeatWave,Eruption,HelpingHand,Protect|Quiet||F|||50|]Pyroar||Pyroarite|Unnerve|HeatWave,Overheat,ScorchingSands,Protect|Timid||M|||50|]Vileplume||FocusSash|Chlorophyll|EnergyBall,SludgeBomb,SleepPowder,AfterYou|Timid||M|||50|]Scrafty||Scraftinite|Intimidate|FakeOut,CloseCombat,PoisonJab,KnockOff|Brave||F|||50|]Farigiraf||SitrusBerry|ArmorTail|HyperVoice,Psychic,HelpingHand,TrickRoom|Bold||F|||50|]Sylveon||FairyFeather|Pixilate|HyperVoice,HyperBeam,QuickAttack,Protect|Quiet||F|||50|
|inactive|Battle timer is ON: inactive players will automatically lose when time's up. (requested by sweetlysunny)
|
|t:|1783748692
|teamsize|p1|4
|teamsize|p2|4
|start
|switch|p1a: Grimmsnarl|Grimmsnarl, L50, M|100/100
|switch|p1b: Swampert|Swampert, L50, F|100/100
|switch|p2a: Farigiraf|Farigiraf, L50, F|100/100
|switch|p2b: Scrafty|Scrafty, L50, F|100/100
|-ability|p2b: Scrafty|Intimidate|boost
|-unboost|p1a: Grimmsnarl|atk|1
|-unboost|p1b: Swampert|atk|1
|turn|1
|
|t:|1783748716
|switch|p1b: Archaludon|Archaludon, L50, M|100/100
|switch|p1a: Politoed|Politoed, L50, M|100/100
|-weather|RainDance|[from] ability: Drizzle|[of] p1a: Politoed
|detailschange|p2b: Scrafty|Scrafty-Mega, L50, F
|-mega|p2b: Scrafty|Scrafty|Scraftinite
|-ability|p2b: Scrafty|Intimidate|boost
|-unboost|p1a: Politoed|atk|1
|-unboost|p1b: Archaludon|atk|1
|move|p2b: Scrafty|Fake Out|p1b: Archaludon
|-resisted|p1b: Archaludon|1
|-damage|p1b: Archaludon|94/100
|-ability|p1b: Archaludon|Stamina|boost
|-boost|p1b: Archaludon|def|1
|move|p2a: Farigiraf|Trick Room|p2a: Farigiraf
|-fieldstart|move: Trick Room|[of] p2a: Farigiraf
|
|-weather|RainDance|[upkeep]
|-heal|p1b: Archaludon|100/100|[from] item: Leftovers
|upkeep
|turn|2
|inactive|longlegs828 has 30 seconds left.
|
|t:|1783748745
|switch|p2b: Torkoal|Torkoal, L50, F|100/100
|-weather|SunnyDay|[from] ability: Drought|[of] p2b: Torkoal
|switch|p1a: Swampert|Swampert, L50, F|100/100
|move|p2a: Farigiraf|Psychic|p1a: Swampert
|-damage|p1a: Swampert|62/100
|move|p1b: Archaludon|Dragon Pulse|p2b: Torkoal
|-damage|p2b: Torkoal|50/100g
|
|-weather|SunnyDay|[upkeep]
|upkeep
|turn|3
|inactive|longlegs828 has 30 seconds left.
|
|t:|1783748776
|switch|p1a: Politoed|Politoed, L50, M|100/100
|-weather|RainDance|[from] ability: Drizzle|[of] p1a: Politoed
|move|p2b: Torkoal|Heat Wave|p1b: Archaludon|[spread] p1a,p1b
|-resisted|p1a: Politoed|1
|-damage|p1a: Politoed|92/100
|-damage|p1b: Archaludon|84/100
|-ability|p1b: Archaludon|Stamina|boost
|-boost|p1b: Archaludon|def|1
|move|p2a: Farigiraf|Hyper Voice|p1a: Politoed|[spread] p1a,p1b
|-resisted|p1b: Archaludon|1
|-damage|p1a: Politoed|70/100
|-damage|p1b: Archaludon|73/100
|-ability|p1b: Archaludon|Stamina|boost
|-boost|p1b: Archaludon|def|1
|move|p1b: Archaludon|Electro Shot||[still]
|-prepare|p1b: Archaludon|Electro Shot
|-boost|p1b: Archaludon|spa|1
|-anim|p1b: Archaludon|Electro Shot|p2b: Torkoal
|-damage|p2b: Torkoal|0 fnt
|faint|p2b: Torkoal
|
|-weather|RainDance|[upkeep]
|-heal|p1b: Archaludon|79/100|[from] item: Leftovers
|upkeep
|
|t:|1783748788
|switch|p2b: Sylveon|Sylveon, L50, F|100/100
|turn|4
|
|t:|1783748806
|switch|p1a: Grimmsnarl|Grimmsnarl, L50, M|100/100
|move|p1b: Archaludon|Protect|p1b: Archaludon
|-singleturn|p1b: Archaludon|Protect
|move|p2b: Sylveon|Hyper Voice|p1b: Archaludon|[spread] p1a
|-activate|p1b: Archaludon|move: Protect
|-supereffective|p1a: Grimmsnarl|1
|-damage|p1a: Grimmsnarl|0 fnt
|faint|p1a: Grimmsnarl
|move|p2a: Farigiraf|Psychic|p1b: Archaludon
|-activate|p1b: Archaludon|move: Protect
|
|-weather|RainDance|[upkeep]
|-heal|p1b: Archaludon|85/100|[from] item: Leftovers
|upkeep
|
|t:|1783748818
|switch|p1a: Swampert|Swampert, L50, F|62/100
|turn|5
|
|t:|1783748841
|switch|p1b: Politoed|Politoed, L50, M|70/100
|move|p1a: Swampert|Protect|p1a: Swampert
|-singleturn|p1a: Swampert|Protect
|move|p2b: Sylveon|Hyper Voice|p1b: Politoed|[spread] p1b
|-activate|p1a: Swampert|move: Protect
|-damage|p1b: Politoed|29/100
|-enditem|p1b: Politoed|Sitrus Berry|[eat]
|-heal|p1b: Politoed|54/100|[from] item: Sitrus Berry
|move|p2a: Farigiraf|Psychic|p1b: Politoed
|-crit|p1b: Politoed
|-damage|p1b: Politoed|9/100
|
|-weather|RainDance|[upkeep]
|-fieldend|move: Trick Room
|upkeep
|turn|6
|inactive|longlegs828 has 30 seconds left.
|inactive|longlegs828 has 20 seconds left.
|
|t:|1783748878
|detailschange|p1a: Swampert|Swampert-Mega, L50, F
|-mega|p1a: Swampert|Swampert|Swampertite
|move|p2b: Sylveon|Quick Attack|p1b: Politoed
|-damage|p1b: Politoed|0 fnt
|faint|p1b: Politoed
|move|p1a: Swampert|Wave Crash|p2a: Farigiraf
|-damage|p2a: Farigiraf|20/100y
|-enditem|p2a: Farigiraf|Sitrus Berry|[eat]
|-heal|p2a: Farigiraf|44/100|[from] item: Sitrus Berry
|-damage|p1a: Swampert|32/100|[from] Recoil
|move|p2a: Farigiraf|Trick Room|p2a: Farigiraf
|-fieldstart|move: Trick Room|[of] p2a: Farigiraf
|
|-weather|RainDance|[upkeep]
|upkeep
|
|t:|1783748889
|switch|p1b: Archaludon|Archaludon, L50, M|85/100
|turn|7
|
|t:|1783748900
|move|p1b: Archaludon|Protect|p1b: Archaludon
|-singleturn|p1b: Archaludon|Protect
|move|p2b: Sylveon|Hyper Voice|p1b: Archaludon|[spread] p1a
|-activate|p1b: Archaludon|move: Protect
|-damage|p1a: Swampert|0 fnt
|faint|p1a: Swampert
|move|p2a: Farigiraf|Psychic|p1b: Archaludon
|-activate|p1b: Archaludon|move: Protect
|
|-weather|none
|-heal|p1b: Archaludon|91/100|[from] item: Leftovers
|upkeep
|turn|8
|inactive|longlegs828 has 30 seconds left.
|
|t:|1783748925
|move|p2b: Sylveon|Hyper Beam|p1b: Archaludon|[miss]
|-miss|p2b: Sylveon|p1b: Archaludon
|move|p2a: Farigiraf|Psychic|p1b: Archaludon
|-resisted|p1b: Archaludon|1
|-damage|p1b: Archaludon|76/100
|-ability|p1b: Archaludon|Stamina|boost
|-boost|p1b: Archaludon|def|1
|move|p1b: Archaludon|Flash Cannon|p2b: Sylveon
|-supereffective|p2b: Sylveon|1
|-damage|p2b: Sylveon|51/100
|
|-heal|p1b: Archaludon|82/100|[from] item: Leftovers
|upkeep
|turn|9
|
|t:|1783748935
|move|p1b: Archaludon|Protect|p1b: Archaludon
|-singleturn|p1b: Archaludon|Protect
|move|p2b: Sylveon|Hyper Beam|p1b: Archaludon
|-activate|p1b: Archaludon|move: Protect
|move|p2a: Farigiraf|Psychic|p1b: Archaludon
|-activate|p1b: Archaludon|move: Protect
|
|-heal|p1b: Archaludon|88/100|[from] item: Leftovers
|upkeep
|turn|10
|
|t:|1783748945
|move|p2b: Sylveon|Hyper Beam|p1b: Archaludon
|-crit|p1b: Archaludon
|-damage|p1b: Archaludon|0 fnt
|-mustrecharge|p2b: Sylveon
|faint|p1b: Archaludon
|
|win|sweetlysunny
||longlegs828 is ready for game 2.
||sweetlysunny is ready for game 2.
|uhtml|next|Next: Game 2 of 3
