|j|☆WoahThereAdo
|j|☆platanopower420
|html|WoahThereAdoplatanopower420    
|uhtml|bestof|Game 1 of a best-of-3
|t:|1783786428
|gametype|doubles
|player|p1|WoahThereAdo|caitlin|
|player|p2|platanopower420|2|
|gen|9
|tier|[Gen 9 Champions] VGC 2026 Reg M-B (Bo3)
|rule|Species Clause: Limit one of each Pokémon
|rule|Item Clause: Limit 1 of each item
|clearpoke
|poke|p1|Oranguru, L50, F, shiny|
|poke|p1|Torkoal, L50, F|
|poke|p1|Metagross, L50, shiny|
|poke|p1|Vivillon-Icy Snow, L50, M|
|poke|p1|Rhyperior, L50, F|
|poke|p1|Annihilape, L50, F|
|poke|p2|Meowstic, L50, M|
|poke|p2|Kingambit, L50, M|
|poke|p2|Garchomp, L50, M|
|poke|p2|Talonflame, L50, F|
|poke|p2|Froslass, L50, F|
|poke|p2|Toxapex, L50, M|
|teampreview|4
|showteam|p1|Oranguru||SitrusBerry|Telepathy|Psychic,TrickRoom,Taunt,Instruct|Relaxed||F|||50|]Torkoal||Charcoal|Drought|Eruption,HeatWave,EarthPower,Protect|Quiet||F|||50|]Metagross||Metagrossite|ClearBody|IronHead,BrickBreak,IcePunch,Protect|Brave|||||50|]Vivillon-Icy Snow||FocusSash|FriendGuard|PollenPuff,RagePowder,Tailwind,Protect|Timid||M|||50|]Rhyperior||LifeOrb|SolidRock|Earthquake,RockSlide,Crunch,Protect|Brave||F|||50|]Annihilape||Leftovers|Defiant|RageFist,DrainPunch,Curse,Protect|Brave||F|||50|
|showteam|p2|Meowstic||Meowsticite|Prankster|FakeOut,DarkPulse,RainDance,Protect|Hasty||M|||50|]Kingambit||ChopleBerry|Defiant|KowtowCleave,BrickBreak,SuckerPunch,MetalBurst|Brave||M|||50|]Garchomp||SitrusBerry|RoughSkin|Earthquake,StompingTantrum,RockSlide,Protect|Adamant||M|||50|]Talonflame||SharpBeak|GaleWings|DualWingbeat,WillOWisp,Taunt,Feint|Adamant||F|||50|]Froslass||Froslassite|CursedBody|WillOWisp,AuroraVeil,ShadowBall,Protect|Bold||F|||50|]Toxapex||Leftovers|Regenerator|MuddyWater,Infestation,WideGuard,Recover|Relaxed||M|||50|
|c|☆WoahThereAdo|glhf
|c|☆platanopower420|oh hm ion think this was supposed to be ots
|c|☆platanopower420|but gl hf
|c|☆WoahThereAdo|oh mb wrong thing
|c|☆WoahThereAdo|sorry
|c|☆platanopower420|nw lol
|
|t:|1783786538
|teamsize|p1|4
|teamsize|p2|4
|start
|switch|p1a: Oranguru|Oranguru, L50, F, shiny|100/100
|switch|p1b: Rhyperior|Rhyperior, L50, F|100/100
|switch|p2a: Meowstic|Meowstic, L50, M|100/100
|switch|p2b: Talonflame|Talonflame, L50, F|100/100
|turn|1
|c|☆WoahThereAdo|at least it fucks both of us lmao
|c|☆platanopower420|yea lmfao
|
|t:|1783786561
|move|p2a: Meowstic|Fake Out|p1b: Rhyperior
|-resisted|p1b: Rhyperior|1
|-damage|p1b: Rhyperior|97/100
|move|p2b: Talonflame|Taunt|p1a: Oranguru
|-start|p1a: Oranguru|move: Taunt
|cant|p1b: Rhyperior|flinch
|cant|p1a: Oranguru|move: Taunt|Trick Room
|
|upkeep
|turn|2
|
|t:|1783786599
|switch|p2b: Garchomp|Garchomp, L50, M|100/100
|detailschange|p2a: Meowstic|Meowstic-M-Mega, L50, M
|-mega|p2a: Meowstic|Meowstic|Meowsticite
|-ability|p2a: Meowstic|Solid Rock|Trace|[from] ability: Trace|[of] p1b: Rhyperior
|move|p2a: Meowstic|Dark Pulse|p1a: Oranguru
|-supereffective|p1a: Oranguru|1
|-damage|p1a: Oranguru|54/100
|move|p1a: Oranguru|Psychic|p2a: Meowstic
|-resisted|p2a: Meowstic|1
|-damage|p2a: Meowstic|87/100
|move|p1b: Rhyperior|Rock Slide|p2b: Garchomp|[spread] p2b
|-miss|p1b: Rhyperior|p2a: Meowstic
|-resisted|p2b: Garchomp|1
|-damage|p2b: Garchomp|78/100
|-damage|p1b: Rhyperior|88/100|[from] item: Life Orb
|
|upkeep
|turn|3
|
|t:|1783786631
|move|p2a: Meowstic|Dark Pulse|p1b: Rhyperior
|-damage|p1b: Rhyperior|60/100
|move|p2b: Garchomp|Stomping Tantrum|p1a: Oranguru
|-damage|p1a: Oranguru|21/100
|-enditem|p1a: Oranguru|Sitrus Berry|[eat]
|-heal|p1a: Oranguru|46/100|[from] item: Sitrus Berry
|move|p1a: Oranguru|Psychic|p2b: Garchomp
|-damage|p2b: Garchomp|42/100
|-enditem|p2b: Garchomp|Sitrus Berry|[eat]
|-heal|p2b: Garchomp|67/100|[from] item: Sitrus Berry
|move|p1b: Rhyperior|Earthquake|p2a: Meowstic|[spread] p2a,p2b
|-activate|p1a: Oranguru|ability: Telepathy
|-damage|p2a: Meowstic|10/100
|-damage|p2b: Garchomp|12/100
|-damage|p1b: Rhyperior|51/100|[from] item: Life Orb
|
|-end|p1a: Oranguru|move: Taunt
|upkeep
|turn|4
|
|t:|1783786648
|move|p2a: Meowstic|Dark Pulse|p1a: Oranguru
|-supereffective|p1a: Oranguru|1
|-damage|p1a: Oranguru|6/100
|move|p2b: Garchomp|Earthquake|p1b: Rhyperior|[spread] p2a,p1a,p1b
|-supereffective|p1b: Rhyperior|1
|-damage|p2a: Meowstic|0 fnt
|-damage|p1a: Oranguru|0 fnt
|-damage|p1b: Rhyperior|2/100
|faint|p2a: Meowstic
|faint|p1a: Oranguru
|move|p1b: Rhyperior|Earthquake|p2b: Garchomp
|-damage|p2b: Garchomp|0 fnt
|faint|p2b: Garchomp
|-damage|p1b: Rhyperior|0 fnt|[from] item: Life Orb
|faint|p1b: Rhyperior
|
|upkeep
|
|t:|1783786655
|switch|p2a: Talonflame|Talonflame, L50, F|100/100
|switch|p2b: Kingambit|Kingambit, L50, M|100/100
|switch|p1a: Metagross|Metagross, L50, shiny|100/100
|switch|p1b: Torkoal|Torkoal, L50, F|100/100
|-weather|SunnyDay|[from] ability: Drought|[of] p1b: Torkoal
|turn|5
|
|t:|1783786678
|detailschange|p1a: Metagross|Metagross-Mega, L50, shiny
|-mega|p1a: Metagross|Metagross|Metagrossite
|move|p1a: Metagross|Protect|p1a: Metagross
|-singleturn|p1a: Metagross|Protect
|move|p1b: Torkoal|Protect|p1b: Torkoal
|-singleturn|p1b: Torkoal|Protect
|move|p2b: Kingambit|Sucker Punch||[still]
|-fail|p2b: Kingambit
|move|p2a: Talonflame|Will-O-Wisp|p1a: Metagross
|-activate|p1a: Metagross|move: Protect
|
|-weather|SunnyDay|[upkeep]
|upkeep
|turn|6
|
|t:|1783786692
|move|p2a: Talonflame|Dual Wingbeat|p1b: Torkoal
|-damage|p1b: Torkoal|84/100
|-damage|p1b: Torkoal|69/100
|-hitcount|p1b: Torkoal|2
|move|p1a: Metagross|Brick Break|p2b: Kingambit
|-supereffective|p2b: Kingambit|2
|-enditem|p2b: Kingambit|Chople Berry|[eat]
|-enditem|p2b: Kingambit|Chople Berry|[weaken]
|-damage|p2b: Kingambit|39/100
|move|p2b: Kingambit|Kowtow Cleave|p1a: Metagross
|-supereffective|p1a: Metagross|1
|-damage|p1a: Metagross|32/100
|move|p1b: Torkoal|Eruption|p2b: Kingambit|[spread] p2a,p2b
|-resisted|p2a: Talonflame|1
|-supereffective|p2b: Kingambit|1
|-damage|p2a: Talonflame|57/100
|-damage|p2b: Kingambit|0 fnt
|faint|p2b: Kingambit
|
|-weather|SunnyDay|[upkeep]
|upkeep
|turn|7
|
|t:|1783786720
|move|p2a: Talonflame|Dual Wingbeat|p1b: Torkoal
|-damage|p1b: Torkoal|53/100
|-damage|p1b: Torkoal|38/100
|-hitcount|p1b: Torkoal|2
|move|p1a: Metagross|Ice Punch|p2a: Talonflame
|-damage|p2a: Talonflame|7/100
|move|p1b: Torkoal|Heat Wave|p2a: Talonflame
|-resisted|p2a: Talonflame|1
|-damage|p2a: Talonflame|0 fnt
|faint|p2a: Talonflame
|
|win|WoahThereAdo
||platanopower420 is ready for game 2.
||WoahThereAdo is ready for game 2.
|uhtml|next|Next: Game 2 of 3
|l|☆platanopower420
|player|p2|
