|j|☆Truevillany123
|j|☆atmhools1
|html|Truevillany123atmhools1    
|uhtml|bestof|Game 1 of a best-of-3
|t:|1757745315
|gametype|doubles
|player|p1|Truevillany123|101|1041
|player|p2|atmhools1|266|1068
|gen|9
|tier|[Gen 9] VGC 2025 Reg H (Bo3)
|rated|
|rule|Species Clause: Limit one of each Pokémon
|rule|Item Clause: Limit 1 of each item
|clearpoke
|poke|p1|Dragonite, L50, M|
|poke|p1|Ursaluna-Bloodmoon, L50, M|
|poke|p1|Gholdengo, L50|
|poke|p1|Annihilape, L50, M|
|poke|p1|Ninetales-Alola, L50, F|
|poke|p1|Rillaboom, L50, M|
|poke|p2|Torkoal, L50, M|
|poke|p2|Indeedee-F, L50, F|
|poke|p2|Annihilape, L50, M|
|poke|p2|Amoonguss, L50, M|
|poke|p2|Ursaluna, L50, F|
|poke|p2|Incineroar, L50, M|
|teampreview|4
|showteam|p1|Dragonite||LoadedDice|Multiscale|ScaleShot,Protect,Haze,Tailwind|||M|||50|,,,,,Fairy]Ursaluna-Bloodmoon||LifeOrb|MindsEye|BloodMoon,HyperVoice,EarthPower,Protect|||M|||50|,,,,,Normal]Gholdengo||GrassySeed|GoodasGold|MakeItRain,ShadowBall,Protect,NastyPlot||||||50|,,,,,Water]Annihilape||SafetyGoggles|Defiant|DrainPunch,RageFist,Protect,BulkUp|||M|||50|,,,,,Fire]Ninetales-Alola||FocusSash|SnowWarning|IcyWind,AuroraVeil,Encore,IcicleSpear|||F|||50|,,,,,Ghost]Rillaboom||AssaultVest|GrassySurge|FakeOut,WoodHammer,HighHorsepower,Uturn|||M|||50|,,,,,Fire
|showteam|p2|Torkoal||Charcoal|Drought|Eruption,EarthPower,Flamethrower,Protect|||M|||50|,,,,,Grass]Indeedee-F||PsychicSeed|PsychicSurge|DazzlingGleam,HelpingHand,TrickRoom,FollowMe|||F|||50|,,,,,Flying]Annihilape||SafetyGoggles|Defiant|RageFist,DrainPunch,BulkUp,Protect|||M|||50|,,,,,Fairy]Amoonguss||MentalHerb|Regenerator|PollenPuff,Spore,RagePowder,ClearSmog|||M|||50|,,,,,Dark]Ursaluna||FlameOrb|Guts|Facade,HeadlongRush,BulkUp,Protect|||F|||50|,,,,,Ghost]Incineroar||SitrusBerry|Intimidate|FlareBlitz,KnockOff,PartingShot,FakeOut|||M|||50|,,,,,Grass
|inactive|Battle timer is ON: inactive players will automatically lose when time's up. (requested by atmhools1)
|c|☆Truevillany123|gg u win
|inactive|Truevillany123 has 60 seconds left.
|
|t:|1757745354
|teamsize|p1|4
|teamsize|p2|4
|start
|switch|p1a: Ursaluna|Ursaluna-Bloodmoon, L50, M|100/100
|switch|p1b: Dragonite|Dragonite, L50, M, shiny|100/100
|switch|p2a: Annihilape|Annihilape, L50, M|100/100
|switch|p2b: Amoonguss|Amoonguss, L50, M|100/100
|turn|1
|
|t:|1757745373
|-terastallize|p2a: Annihilape|Fairy
|move|p2a: Annihilape|Bulk Up|p2a: Annihilape
|-boost|p2a: Annihilape|atk|1
|-boost|p2a: Annihilape|def|1
|move|p1b: Dragonite|Tailwind|p1b: Dragonite
|-sidestart|p1: Truevillany123|move: Tailwind
|move|p1a: Ursaluna|Blood Moon|p2a: Annihilape
|-damage|p2a: Annihilape|0 fnt
|faint|p2a: Annihilape
|-damage|p1a: Ursaluna|91/100|[from] item: Life Orb
|move|p2b: Amoonguss|Spore|p1a: Ursaluna
|-status|p1a: Ursaluna|slp|[from] move: Spore
|
|upkeep
|
|t:|1757745385
|switch|p2a: Indeedee|Indeedee-F, L50, F|100/100
|-fieldstart|move: Psychic Terrain|[from] ability: Psychic Surge|[of] p2a: Indeedee
|-enditem|p2a: Indeedee|Psychic Seed
|-boost|p2a: Indeedee|spd|1|[from] item: Psychic Seed
|turn|2
|
|t:|1757745399
|switch|p1a: Rillaboom|Rillaboom, L50, M|100/100
|-fieldstart|move: Grassy Terrain|[from] ability: Grassy Surge|[of] p1a: Rillaboom
|move|p1b: Dragonite|Scale Shot|p2a: Indeedee
|-damage|p2a: Indeedee|84/100
|-damage|p2a: Indeedee|67/100
|-damage|p2a: Indeedee|50/100
|-damage|p2a: Indeedee|33/100
|-crit|p2a: Indeedee
|-damage|p2a: Indeedee|7/100
|-hitcount|p2a: Indeedee|5
|-unboost|p1b: Dragonite|def|1
|-boost|p1b: Dragonite|spe|1
|move|p2b: Amoonguss|Spore|p1b: Dragonite
|-status|p1b: Dragonite|slp|[from] move: Spore
|move|p2a: Indeedee|Trick Room|p2a: Indeedee
|-fieldstart|move: Trick Room|[of] p2a: Indeedee
|
|-heal|p2a: Indeedee|13/100|[from] Grassy Terrain
|upkeep
|turn|3
|
|t:|1757745414
|switch|p2a: Torkoal|Torkoal, L50, M|100/100
|-weather|SunnyDay|[from] ability: Drought|[of] p2a: Torkoal
|switch|p1b: Annihilape|Annihilape, L50, M|100/100
|move|p2b: Amoonguss|Clear Smog|p1a: Rillaboom
|-supereffective|p1a: Rillaboom
|-damage|p1a: Rillaboom|75/100
|-clearboost|p1a: Rillaboom
|move|p1a: Rillaboom|U-turn|p2a: Torkoal
|-resisted|p2a: Torkoal
|-damage|p2a: Torkoal|90/100
|
|t:|1757745427
|switch|p1a: Dragonite|Dragonite, L50, M, shiny|100/100 slp|[from] U-turn
|
|-weather|SunnyDay|[upkeep]
|-heal|p2a: Torkoal|95/100|[from] Grassy Terrain
|upkeep
|turn|4
|
|t:|1757745434
|-terastallize|p1b: Annihilape|Fire
|cant|p1a: Dragonite|slp
|move|p2a: Torkoal|Eruption|p1b: Annihilape|[spread] p1a,p1b
|-resisted|p1a: Dragonite
|-resisted|p1b: Annihilape
|-damage|p1a: Dragonite|78/100 slp
|-damage|p1b: Annihilape|61/100
|move|p2b: Amoonguss|Spore|p1b: Annihilape
|-activate|p1b: Annihilape|item: Safety Goggles|Spore
|move|p1b: Annihilape|Drain Punch|p2a: Torkoal
|-damage|p2a: Torkoal|68/100
|-heal|p1b: Annihilape|71/100|[from] drain|[of] p2a: Torkoal
|
|-weather|SunnyDay|[upkeep]
|-heal|p2a: Torkoal|74/100|[from] Grassy Terrain
|-heal|p1b: Annihilape|77/100|[from] Grassy Terrain
|-sideend|p1: Truevillany123|move: Tailwind
|upkeep
|turn|5
|
|t:|1757745456
|cant|p1a: Dragonite|slp
|move|p2a: Torkoal|Earth Power|p1b: Annihilape
|-supereffective|p1b: Annihilape
|-damage|p1b: Annihilape|25/100
|move|p2b: Amoonguss|Pollen Puff|p2a: Torkoal
|-heal|p2a: Torkoal|100/100
|move|p1b: Annihilape|Drain Punch|p2a: Torkoal
|-damage|p2a: Torkoal|74/100
|-heal|p1b: Annihilape|35/100|[from] drain|[of] p2a: Torkoal
|
|-weather|SunnyDay|[upkeep]
|-heal|p2a: Torkoal|80/100|[from] Grassy Terrain
|-heal|p1b: Annihilape|41/100|[from] Grassy Terrain
|upkeep
|turn|6
|
|t:|1757745470
|-curestatus|p1a: Dragonite|slp|[msg]
|move|p1a: Dragonite|Protect|p1a: Dragonite
|-singleturn|p1a: Dragonite|Protect
|move|p1b: Annihilape|Protect|p1b: Annihilape
|-singleturn|p1b: Annihilape|Protect
|move|p2a: Torkoal|Earth Power|p1b: Annihilape
|-activate|p1b: Annihilape|move: Protect
|move|p2b: Amoonguss|Pollen Puff|p1b: Annihilape
|-activate|p1b: Annihilape|move: Protect
|
|-weather|SunnyDay|[upkeep]
|-heal|p2a: Torkoal|85/100|[from] Grassy Terrain
|-heal|p1b: Annihilape|47/100|[from] Grassy Terrain
|-fieldend|move: Trick Room
|-fieldend|move: Grassy Terrain
|upkeep
|turn|7
|l|☆atmhools1
|inactive|atmhools1 disconnected and has a minute to reconnect!
|player|p2|
|inactive|atmhools1 has 30 seconds left.
|inactive|atmhools1 has 20 seconds left.
|inactive|atmhools1 has 15 seconds left.
|inactive|atmhools1 has 10 seconds left.
|inactive|atmhools1 has 5 seconds left.
|-message|atmhools1 lost due to inactivity.
|
|win|Truevillany123
