|j|☆LPTesting1
|j|☆Fornem
|html|LPTesting1Fornem    
|uhtml|bestof|Game 1 of a best-of-3
|t:|1756706466
|gametype|doubles
|player|p1|LPTesting1|266|1198
|player|p2|Fornem|266|1087
|gen|9
|tier|[Gen 9] VGC 2025 Reg H (Bo3)
|rated|
|rule|Species Clause: Limit one of each Pokémon
|rule|Item Clause: Limit 1 of each item
|clearpoke
|poke|p1|Maushold, L50|
|poke|p1|Annihilape, L50, F|
|poke|p1|Sinistcha, L50|
|poke|p1|Pelipper, L50, M|
|poke|p1|Archaludon, L50, F|
|poke|p1|Incineroar, L50, M|
|poke|p2|Kingambit, L50, M|
|poke|p2|Gholdengo, L50|
|poke|p2|Sneasler, L50, M|
|poke|p2|Dragonite, L50, F|
|poke|p2|Pelipper, L50, M|
|poke|p2|Archaludon, L50, M|
|teampreview|4
|showteam|p1|Maushold||SafetyGoggles|FriendGuard|BeatUp,Taunt,FollowMe,Protect||||||50|,,,,,Ghost]Annihilape||Leftovers|Defiant|RageFist,DrainPunch,BulkUp,Protect|||F|||50|,,,,,Grass]Sinistcha||RockyHelmet|Hospitality|MatchaGotcha,LifeDew,TrickRoom,RagePowder||||||50|,,,,,Water]Pelipper||FocusSash|Drizzle|WeatherBall,Hurricane,Tailwind,WideGuard|||M|||50|,,,,,Ghost]Archaludon||AssaultVest|Stamina|ElectroShot,DragonPulse,FlashCannon,BodyPress|||F|||50|,,,,,Grass]Incineroar||SitrusBerry|Intimidate|FlareBlitz,KnockOff,PartingShot,FakeOut|||M|||50|,,,,,Grass
|showteam|p2|Kingambit||BlackGlasses|Defiant|SuckerPunch,KowtowCleave,Protect,SwordsDance|||M|||50|,,,,,Dark]Gholdengo||LifeOrb|GoodasGold|MakeItRain,ShadowBall,Protect,NastyPlot||||||50|,,,,,Steel]Sneasler||FocusSash|Unburden|DireClaw,CloseCombat,ThroatChop,Protect|||M|||50|,,,,,Stellar]Dragonite||LoadedDice|Multiscale|ScaleShot,Tailwind,Protect,Haze|||F|||50|,,,,,Fairy]Pelipper||CovertCloak|Drizzle|Hurricane,WeatherBall,Tailwind,Protect|||M|||50|,,,,,Grass]Archaludon||AssaultVest|Stamina|ElectroShot,BodyPress,FlashCannon,DracoMeteor|||M|||50|,,,,,Fairy
|inactive|Battle timer is ON: inactive players will automatically lose when time's up. (requested by Fornem)
|inactive|LPTesting1 has 60 seconds left.
|inactive|Fornem has 60 seconds left.
|inactive|LPTesting1 has 30 seconds left.
|
|t:|1756706538
|teamsize|p1|4
|teamsize|p2|4
|start
|switch|p1a: Pelipper|Pelipper, L50, M|100/100
|switch|p1b: Archaludon|Archaludon, L50, F|100/100
|switch|p2a: Pelipper|Pelipper, L50, M|100/100
|switch|p2b: Gholdengo|Gholdengo, L50|100/100
|-weather|RainDance|[from] ability: Drizzle|[of] p1a: Pelipper
|turn|1
|inactive|LPTesting1 has 30 seconds left.
|inactive|Fornem has 30 seconds left.
|
|t:|1756706567
|-terastallize|p2a: Pelipper|Grass
|move|p2b: Gholdengo|Nasty Plot|p2b: Gholdengo
|-boost|p2b: Gholdengo|spa|2
|move|p1b: Archaludon|Electro Shot||[still]
|-prepare|p1b: Archaludon|Electro Shot
|-boost|p1b: Archaludon|spa|1
|-anim|p1b: Archaludon|Electro Shot|p2b: Gholdengo
|-damage|p2b: Gholdengo|17/100
|move|p1a: Pelipper|Weather Ball|p2b: Gholdengo
|-damage|p2b: Gholdengo|0 fnt
|faint|p2b: Gholdengo
|move|p2a: Pelipper|Tailwind|p2a: Pelipper
|-sidestart|p2: Fornem|move: Tailwind
|
|-weather|RainDance|[upkeep]
|upkeep
|
|t:|1756706578
|switch|p2b: Sneasler|Sneasler, L50, M|100/100
|turn|2
|inactive|LPTesting1 has 30 seconds left.
|inactive|LPTesting1 has 20 seconds left.
|
|t:|1756706614
|move|p2b: Sneasler|Close Combat|p1b: Archaludon
|-supereffective|p1b: Archaludon
|-damage|p1b: Archaludon|9/100
|-unboost|p2b: Sneasler|def|1
|-unboost|p2b: Sneasler|spd|1
|-ability|p1b: Archaludon|Stamina|boost
|-boost|p1b: Archaludon|def|1
|move|p2a: Pelipper|Weather Ball|p1b: Archaludon
|-resisted|p1b: Archaludon
|-damage|p1b: Archaludon|0 fnt
|faint|p1b: Archaludon
|move|p1a: Pelipper|Hurricane|p2a: Pelipper
|-supereffective|p2a: Pelipper
|-damage|p2a: Pelipper|0 fnt
|faint|p2a: Pelipper
|
|-weather|RainDance|[upkeep]
|upkeep
|
|t:|1756706632
|switch|p1b: Annihilape|Annihilape, L50, F|100/100
|switch|p2a: Dragonite|Dragonite, L50, F|100/100
|turn|3
|inactive|LPTesting1 has 30 seconds left.
|
|t:|1756706658
|switch|p1a: Sinistcha|Sinistcha, L50|100/100
|move|p1b: Annihilape|Protect|p1b: Annihilape
|-singleturn|p1b: Annihilape|Protect
|move|p2b: Sneasler|Throat Chop|p1b: Annihilape
|-activate|p1b: Annihilape|move: Protect
|move|p2a: Dragonite|Scale Shot|p1b: Annihilape
|-activate|p1b: Annihilape|move: Protect
|
|-weather|RainDance|[upkeep]
|upkeep
|turn|4
|
|t:|1756706676
|move|p1a: Sinistcha|Rage Powder|p1a: Sinistcha
|-singleturn|p1a: Sinistcha|move: Rage Powder
|move|p2b: Sneasler|Dire Claw|p1a: Sinistcha
|-damage|p1a: Sinistcha|65/100
|-status|p1a: Sinistcha|slp
|-damage|p2b: Sneasler|84/100|[from] item: Rocky Helmet|[of] p1a: Sinistcha
|move|p2a: Dragonite|Scale Shot|p1a: Sinistcha
|-damage|p1a: Sinistcha|53/100 slp
|-damage|p1a: Sinistcha|42/100 slp
|-crit|p1a: Sinistcha
|-damage|p1a: Sinistcha|25/100 slp
|-damage|p1a: Sinistcha|15/100 slp
|-damage|p1a: Sinistcha|4/100 slp
|-hitcount|p1a: Sinistcha|5
|-unboost|p2a: Dragonite|def|1
|-boost|p2a: Dragonite|spe|1
|move|p1b: Annihilape|Bulk Up|p1b: Annihilape
|-boost|p1b: Annihilape|atk|1
|-boost|p1b: Annihilape|def|1
|
|-weather|RainDance|[upkeep]
|-sideend|p2: Fornem|move: Tailwind
|upkeep
|turn|5
|inactive|LPTesting1 has 30 seconds left.
|inactive|Fornem has 30 seconds left.
|inactive|Fornem has 20 seconds left.
|
|t:|1756706712
|cant|p1a: Sinistcha|slp
|move|p2a: Dragonite|Scale Shot|p1b: Annihilape
|-damage|p1b: Annihilape|91/100
|-damage|p1b: Annihilape|81/100
|-damage|p1b: Annihilape|71/100
|-damage|p1b: Annihilape|61/100
|-damage|p1b: Annihilape|52/100
|-hitcount|p1b: Annihilape|5
|-unboost|p2a: Dragonite|def|1
|-boost|p2a: Dragonite|spe|1
|move|p2b: Sneasler|Throat Chop|p1b: Annihilape
|-damage|p1b: Annihilape|30/100
|-start|p1b: Annihilape|Throat Chop|[silent]
|move|p1b: Annihilape|Drain Punch|p2b: Sneasler
|-resisted|p2b: Sneasler
|-damage|p2b: Sneasler|16/100
|-heal|p1b: Annihilape|55/100|[from] drain|[of] p2b: Sneasler
|
|-weather|none
|-heal|p1b: Annihilape|62/100|[from] item: Leftovers
|upkeep
|turn|6
|
|t:|1756706735
|move|p1b: Annihilape|Protect|p1b: Annihilape
|-singleturn|p1b: Annihilape|Protect
|move|p2a: Dragonite|Haze|p2a: Dragonite
|-clearallboost
|move|p2b: Sneasler|Dire Claw|p1b: Annihilape
|-activate|p1b: Annihilape|move: Protect
|cant|p1a: Sinistcha|slp
|
|-heal|p1b: Annihilape|68/100|[from] item: Leftovers
|-end|p1b: Annihilape|Throat Chop|[silent]
|upkeep
|turn|7
|inactive|LPTesting1 has 30 seconds left.
|inactive|LPTesting1 has 20 seconds left.
|
|t:|1756706772
|switch|p1b: Pelipper|Pelipper, L50, M|100/100
|-weather|RainDance|[from] ability: Drizzle|[of] p1b: Pelipper
|move|p2b: Sneasler|Dire Claw|p1b: Pelipper
|-damage|p1b: Pelipper|39/100
|move|p2a: Dragonite|Tailwind|p2a: Dragonite
|-sidestart|p2: Fornem|move: Tailwind
|-curestatus|p1a: Sinistcha|slp|[msg]
|move|p1a: Sinistcha|Trick Room|p1a: Sinistcha
|-fieldstart|move: Trick Room|[of] p1a: Sinistcha
|
|-weather|RainDance|[upkeep]
|upkeep
|turn|8
|inactive|LPTesting1 has 30 seconds left.
|inactive|LPTesting1 has 20 seconds left.
|
|t:|1756706807
|move|p2b: Sneasler|Protect|p2b: Sneasler
|-singleturn|p2b: Sneasler|Protect
|move|p1a: Sinistcha|Matcha Gotcha|p2a: Dragonite|[spread] p2a
|-activate|p2b: Sneasler|move: Protect
|-resisted|p2a: Dragonite
|-damage|p2a: Dragonite|98/100
|-heal|p1a: Sinistcha|6/100|[from] drain|[of] p2a: Dragonite
|move|p1b: Pelipper|Hurricane|p2a: Dragonite
|-damage|p2a: Dragonite|43/100
|move|p2a: Dragonite|Scale Shot|p1b: Pelipper
|-damage|p1b: Pelipper|21/100
|-damage|p1b: Pelipper|1/100
|-crit|p1b: Pelipper
|-damage|p1b: Pelipper|0 fnt
|faint|p1b: Pelipper
|-hitcount|p1: Pelipper|3
|-unboost|p2a: Dragonite|def|1
|-boost|p2a: Dragonite|spe|1
|
|-weather|RainDance|[upkeep]
|upkeep
|
|t:|1756706828
|switch|p1b: Annihilape|Annihilape, L50, F|68/100
|turn|9
|
|t:|1756706846
|move|p1a: Sinistcha|Life Dew|p1a: Sinistcha|[spread] p1a,p1b
|-heal|p1a: Sinistcha|31/100
|-heal|p1b: Annihilape|93/100
|move|p1b: Annihilape|Drain Punch|p2b: Sneasler
|-resisted|p2b: Sneasler
|-damage|p2b: Sneasler|0 fnt
|-heal|p1b: Annihilape|99/100|[from] drain|[of] p2b: Sneasler
|faint|p2b: Sneasler
|move|p2a: Dragonite|Scale Shot|p1b: Annihilape
|-damage|p1b: Annihilape|84/100
|-damage|p1b: Annihilape|69/100
|-damage|p1b: Annihilape|56/100
|-damage|p1b: Annihilape|43/100
|-damage|p1b: Annihilape|30/100
|-hitcount|p1b: Annihilape|5
|-unboost|p2a: Dragonite|def|1
|-boost|p2a: Dragonite|spe|1
|
|-weather|RainDance|[upkeep]
|-heal|p1b: Annihilape|36/100|[from] item: Leftovers
|upkeep
|turn|10
|
|t:|1756706867
|move|p2a: Dragonite|Protect|p2a: Dragonite
|-singleturn|p2a: Dragonite|Protect
|move|p1a: Sinistcha|Life Dew|p1a: Sinistcha|[spread] p1a,p1b
|-heal|p1a: Sinistcha|57/100
|-heal|p1b: Annihilape|61/100
|move|p1b: Annihilape|Rage Fist|p2a: Dragonite
|-activate|p2a: Dragonite|move: Protect
|
|-weather|RainDance|[upkeep]
|-heal|p1b: Annihilape|67/100|[from] item: Leftovers
|-sideend|p2: Fornem|move: Tailwind
|upkeep
|turn|11
|
|t:|1756706874
|move|p2a: Dragonite|Protect|p2a: Dragonite
|-singleturn|p2a: Dragonite|Protect
|move|p1a: Sinistcha|Life Dew|p1a: Sinistcha|[spread] p1a,p1b
|-heal|p1a: Sinistcha|82/100
|-heal|p1b: Annihilape|92/100
|move|p1b: Annihilape|Rage Fist|p2a: Dragonite
|-activate|p2a: Dragonite|move: Protect
|
|-weather|none
|-heal|p1b: Annihilape|99/100|[from] item: Leftovers
|-fieldend|move: Trick Room
|upkeep
|turn|12
|
|t:|1756706888
|move|p1a: Sinistcha|Rage Powder|p1a: Sinistcha
|-singleturn|p1a: Sinistcha|move: Rage Powder
|move|p2a: Dragonite|Scale Shot|p1a: Sinistcha
|-damage|p1a: Sinistcha|71/100
|-damage|p1a: Sinistcha|61/100
|-damage|p1a: Sinistcha|50/100
|-damage|p1a: Sinistcha|42/100
|-hitcount|p1a: Sinistcha|4
|-unboost|p2a: Dragonite|def|1
|-boost|p2a: Dragonite|spe|1
|move|p1b: Annihilape|Rage Fist|p2a: Dragonite
|-damage|p2a: Dragonite|0 fnt
|faint|p2a: Dragonite
|
|win|LPTesting1
