|j|☆Hugebowlofzaman
|j|☆Ly_likes_Ceruledge
|html|HugebowlofzamanLy_likes_Ceruledge    
|uhtml|bestof|Game 2 of a best-of-3
|t:|1783108597
|gametype|doubles
|player|p1|Hugebowlofzaman|102|
|player|p2|Ly_likes_Ceruledge|n|
|gen|9
|tier|[Gen 9 Champions] VGC 2026 Reg M-B (Bo3)
|rule|Species Clause: Limit one of each Pokémon
|rule|Item Clause: Limit 1 of each item
|clearpoke
|poke|p1|Banette, L50, M|
|poke|p1|Dragapult, L50, F|
|poke|p1|Samurott-Hisui, L50, F|
|poke|p1|Vivillon, L50, M|
|poke|p1|Goodra-Hisui, L50, M|
|poke|p1|Kangaskhan, L50, F|
|poke|p2|Tauros-Paldea-Combat, L50, M|
|poke|p2|Aerodactyl, L50, M|
|poke|p2|Garchomp, L50, F|
|poke|p2|Kingambit, L50, M|
|poke|p2|Tsareena, L50, F|
|poke|p2|Zoroark-Hisui, L50, F|
|teampreview|4
|showteam|p1|Banette||Banettite|Insomnia|WillOWisp,Poltergeist,Disable,Protect|Adamant||M|||50|]Dragapult||SitrusBerry|ClearBody|WillOWisp,DracoMeteor,Flamethrower,Disable|Timid||F|||50|]Samurott-Hisui||FocusSash|Sharpness|SacredSword,AquaCutter,CeaselessEdge,Protect|Jolly||F|||50|]Vivillon||ChoiceScarf|CompoundEyes|SleepPowder,RagePowder,Tailwind,Uturn|Jolly||M|||50|]Goodra-Hisui||Leftovers|ShellArmor|BodyPress,Flamethrower,Shelter,DragonPulse|Modest||M|||50|]Kangaskhan||Kangaskhanite|Scrappy|FakeOut,IcePunch,DrainPunch,Protect|Adamant||F|||50|
|showteam|p2|Tauros-Paldea-Combat||MuscleBand|Intimidate|CloseCombat,HighHorsepower,RockSlide,Protect|Adamant||M|||50|]Aerodactyl||Aerodactylite|Unnerve|DualWingbeat,RockSlide,Tailwind,Protect|Jolly||M|||50|]Garchomp||LifeOrb|RoughSkin|DragonClaw,RockSlide,Earthquake,Protect|Jolly||F|||50|]Kingambit||ChopleBerry|SupremeOverlord|SuckerPunch,KowtowCleave,IronHead,Protect|Adamant||M|||50|]Tsareena||SitrusBerry|QueenlyMajesty|KnockOff,TropKick,PlayRough,Protect|Adamant||F|||50|]Zoroark-Hisui||ChoiceScarf|Illusion|Flamethrower,ShadowBall,HyperVoice,IcyWind|Timid||F|||50|
|j| LewBoiiiiiii
|j| DinisDenis
|j| NiightFuryy
|j| purpen
|
|t:|1783108637
|teamsize|p1|4
|teamsize|p2|4
|start
|switch|p1a: Dragapult|Dragapult, L50, F|100/100
|switch|p1b: Kangaskhan|Kangaskhan, L50, F|100/100
|switch|p2a: Garchomp|Garchomp, L50, F|100/100
|switch|p2b: Aerodactyl|Aerodactyl, L50, M|100/100
|-ability|p2b: Aerodactyl|Unnerve
|turn|1
|
|t:|1783108659
|detailschange|p1b: Kangaskhan|Kangaskhan-Mega, L50, F
|-mega|p1b: Kangaskhan|Kangaskhan|Kangaskhanite
|move|p2b: Aerodactyl|Protect|p2b: Aerodactyl
|-singleturn|p2b: Aerodactyl|Protect
|move|p2a: Garchomp|Protect|p2a: Garchomp
|-singleturn|p2a: Garchomp|Protect
|move|p1a: Dragapult|Will-O-Wisp|p2b: Aerodactyl
|-activate|p2b: Aerodactyl|move: Protect
|move|p1b: Kangaskhan|Ice Punch|p2a: Garchomp
|-activate|p2a: Garchomp|move: Protect
|
|upkeep
|turn|2
|
|t:|1783108684
|switch|p1b: Vivillon|Vivillon, L50, M|100/100
|detailschange|p2b: Aerodactyl|Aerodactyl-Mega, L50, M
|-mega|p2b: Aerodactyl|Aerodactyl|Aerodactylite
|move|p2b: Aerodactyl|Dual Wingbeat|p1b: Vivillon
|-supereffective|p1b: Vivillon|1
|-damage|p1b: Vivillon|16/100
|-supereffective|p1b: Vivillon|1
|-damage|p1b: Vivillon|0 fnt
|faint|p1b: Vivillon
|-hitcount|p1: Vivillon|2
|move|p1a: Dragapult|Draco Meteor|p2a: Garchomp|[miss]
|-miss|p1a: Dragapult|p2a: Garchomp
|move|p2a: Garchomp|Dragon Claw|p1a: Dragapult
|-supereffective|p1a: Dragapult|1
|-damage|p1a: Dragapult|0 fnt
|faint|p1a: Dragapult
|-damage|p2a: Garchomp|90/100|[from] item: Life Orb
|
|upkeep
|
|t:|1783108700
|switch|p1a: Samurott|Samurott-Hisui, L50, F|100/100
|switch|p1b: Kangaskhan|Kangaskhan-Mega, L50, F|100/100
|turn|3
|c| NiightFuryy|ouch
|c| DinisDenis|thats bad man
|c| purpen|Thats so unfortunate
|
|t:|1783108715
|move|p2b: Aerodactyl|Protect|p2b: Aerodactyl
|-singleturn|p2b: Aerodactyl|Protect
|move|p2a: Garchomp|Protect|p2a: Garchomp
|-singleturn|p2a: Garchomp|Protect
|move|p1a: Samurott|Aqua Cutter|p2b: Aerodactyl
|-activate|p2b: Aerodactyl|move: Protect
|move|p1b: Kangaskhan|Ice Punch|p2a: Garchomp
|-activate|p2a: Garchomp|move: Protect
|
|upkeep
|turn|4
|
|t:|1783108746
|move|p2b: Aerodactyl|Rock Slide|p1b: Kangaskhan|[spread] p1a,p1b
|-crit|p1b: Kangaskhan
|-damage|p1a: Samurott|58/100
|-damage|p1b: Kangaskhan|65/100
|move|p2a: Garchomp|Dragon Claw|p1b: Kangaskhan
|-damage|p1b: Kangaskhan|26/100
|-damage|p2a: Garchomp|80/100|[from] item: Life Orb
|move|p1a: Samurott|Aqua Cutter|p2b: Aerodactyl
|-supereffective|p2b: Aerodactyl|1
|-damage|p2b: Aerodactyl|0 fnt
|faint|p2b: Aerodactyl
|cant|p1b: Kangaskhan|flinch
|
|upkeep
|
|t:|1783108760
|switch|p2b: Tsareena|Tsareena, L50, F|100/100
|turn|5
|c| purpen|Crazy flinch
|c| DinisDenis|this game 2 is stupid
|c| DinisDenis|this is why its best of 3
|
|t:|1783108784
|move|p2a: Garchomp|Dragon Claw|p1b: Kangaskhan
|-damage|p1b: Kangaskhan|0 fnt
|faint|p1b: Kangaskhan
|-damage|p2a: Garchomp|70/100|[from] item: Life Orb
|move|p1a: Samurott|Ceaseless Edge|p2b: Tsareena
|-damage|p2b: Tsareena|54/100
|-sidestart|p2: Ly_likes_Ceruledge|Spikes
|move|p2b: Tsareena|Trop Kick|p1a: Samurott
|-supereffective|p1a: Samurott|1
|-damage|p1a: Samurott|0 fnt
|faint|p1a: Samurott
|
|win|Ly_likes_Ceruledge
|c| DinisDenis|so rng doesnt fuck us up
|inactive|Hugebowlofzaman has 30 seconds to confirm battle start!
|inactive|Ly_likes_Ceruledge has 30 seconds to confirm battle start!
