|j|☆LeonardPlayz
|j|☆Crystneel
|html|LeonardPlayzCrystneel    
|uhtml|bestof|Game 2 of a best-of-3
|t:|1757156725
|gametype|doubles
|player|p1|LeonardPlayz|hilbert-wonderlauncher|1174
|player|p2|Crystneel|ethan|1124
|gen|9
|tier|[Gen 9] VGC 2025 Reg H (Bo3)
|rated|
|rule|Species Clause: Limit one of each Pokémon
|rule|Item Clause: Limit 1 of each item
|clearpoke
|poke|p1|Indeedee-F, L50, F|
|poke|p1|Amoonguss, L50, F|
|poke|p1|Slowking-Galar, L50, M|
|poke|p1|Ursaluna, L50, F|
|poke|p1|Torkoal, L50, M|
|poke|p1|Dragapult, L50, F|
|poke|p2|Volcarona, L50, M|
|poke|p2|Electabuzz, L50, M|
|poke|p2|Sneasler, L50, F|
|poke|p2|Rillaboom, L50, M|
|poke|p2|Dragonite, L50, F|
|poke|p2|Ursaluna-Bloodmoon, L50, M|
|teampreview|4
|showteam|p1|Indeedee-F||MentalHerb|PsychicSurge|FollowMe,Psychic,HelpingHand,TrickRoom|||F|||50|,,,,,Grass]Amoonguss||SitrusBerry|Regenerator|Spore,RagePowder,ClearSmog,Protect|||F|||50|,,,,,Water]Slowking-Galar||LifeOrb|Regenerator|ExpandingForce,SludgeBomb,FireBlast,TrickRoom|||M|||50|,,,,,Dark]Ursaluna||FlameOrb|Guts|Facade,HeadlongRush,Protect,SwordsDance|||F|||50|,,,,,Ghost]Torkoal||Charcoal|Drought|Eruption,Flamethrower,EarthPower,Protect|||M|||50|,,,,,Fire]Dragapult||ChoiceBand|ClearBody|DragonDarts,PhantomForce,Outrage,Uturn|||F|||50|,,,,,Dragon
|showteam|p2|Volcarona||Leftovers|FlameBody|FieryDance,QuiverDance,GigaDrain,Protect|||M|||50|,,,,,Water]Electabuzz||Eviolite|Static|FollowMe,Electroweb,VoltSwitch,Taunt|||M|||50|,,,,,Fairy]Sneasler||GrassySeed|Unburden|DireClaw,CloseCombat,ThroatChop,Protect|||F|||50|,,,,,Dark]Rillaboom||AssaultVest|GrassySurge|FakeOut,GrassyGlide,WoodHammer,Uturn|||M|||50|,,,,,Fire]Dragonite||LoadedDice|Multiscale|ExtremeSpeed,ScaleShot,IceSpinner,LowKick|||F|||50|,,,,,Normal]Ursaluna-Bloodmoon||ThroatSpray|MindsEye|BloodMoon,HyperVoice,EarthPower,Protect|||M|||50|,,,,,Poison
|inactive|Battle timer is ON: inactive players will automatically lose when time's up. (requested by LeonardPlayz)
|
|t:|1757156751
|teamsize|p1|4
|teamsize|p2|4
|start
|switch|p1a: Off Course|Indeedee-F, L50, F|100/100
|switch|p1b: Cabbage|Dragapult, L50, F|100/100
|switch|p2a: Volcarona|Volcarona, L50, M|100/100
|switch|p2b: Rillaboom|Rillaboom, L50, M|100/100
|-fieldstart|move: Grassy Terrain|[from] ability: Grassy Surge|[of] p2b: Rillaboom
|-fieldstart|move: Psychic Terrain|[from] ability: Psychic Surge|[of] p1a: Off Course
|turn|1
|
|t:|1757156775
|move|p1b: Cabbage|U-turn|p2b: Rillaboom
|-supereffective|p2b: Rillaboom
|-damage|p2b: Rillaboom|37/100
|
|t:|1757156781
|switch|p1b: Amanita|Amoonguss, L50, F|100/100|[from] U-turn
|move|p2a: Volcarona|Fiery Dance|p1a: Off Course
|-damage|p1a: Off Course|72/100
|move|p2b: Rillaboom|U-turn|p1a: Off Course
|-supereffective|p1a: Off Course
|-damage|p1a: Off Course|0 fnt
|faint|p1a: Off Course
|
|t:|1757156789
|switch|p2b: Electabuzz|Electabuzz, L50, M|100/100|[from] U-turn
|
|upkeep
|
|t:|1757156795
|switch|p1a: Cabbage|Dragapult, L50, F|100/100
|turn|2
|
|t:|1757156810
|-terastallize|p1a: Cabbage|Dragon
|move|p1b: Amanita|Protect|p1b: Amanita
|-singleturn|p1b: Amanita|Protect
|move|p2b: Electabuzz|Follow Me|p2b: Electabuzz
|-singleturn|p2b: Electabuzz|move: Follow Me
|move|p1a: Cabbage|Dragon Darts|p2b: Electabuzz
|-damage|p2b: Electabuzz|57/100
|-anim|p1a: Cabbage|Dragon Darts|p2b: Electabuzz
|-damage|p2b: Electabuzz|13/100
|move|p2a: Volcarona|Fiery Dance|p1b: Amanita
|-activate|p1b: Amanita|move: Protect
|
|upkeep
|turn|3
|
|t:|1757156827
|switch|p1b: Charles|Slowking-Galar, L50, M|100/100
|-terastallize|p2b: Electabuzz|Fairy
|move|p2b: Electabuzz|Follow Me|p2b: Electabuzz
|-singleturn|p2b: Electabuzz|move: Follow Me
|move|p1a: Cabbage|Dragon Darts|p2b: Electabuzz
|-immune|p2b: Electabuzz
|move|p2a: Volcarona|Fiery Dance|p1b: Charles
|-damage|p1b: Charles|72/100
|-boost|p2a: Volcarona|spa|1
|
|upkeep
|turn|4
|
|t:|1757156850
|switch|p1a: Amanita|Amoonguss, L50, F|100/100
|move|p2b: Electabuzz|Follow Me|p2b: Electabuzz
|-singleturn|p2b: Electabuzz|move: Follow Me
|move|p2a: Volcarona|Fiery Dance|p1b: Charles
|-damage|p1b: Charles|31/100
|move|p1b: Charles|Sludge Bomb|p2b: Electabuzz
|-supereffective|p2b: Electabuzz
|-damage|p2b: Electabuzz|0 fnt
|faint|p2b: Electabuzz
|-damage|p1b: Charles|21/100|[from] item: Life Orb
|
|upkeep
|
|t:|1757156861
|switch|p2b: Rillaboom|Rillaboom, L50, M|37/100
|-fieldstart|move: Grassy Terrain|[from] ability: Grassy Surge|[of] p2b: Rillaboom
|turn|5
|
|t:|1757156869
|switch|p1b: Cabbage|Dragapult, L50, F, tera:Dragon|100/100
|move|p1a: Amanita|Protect|p1a: Amanita
|-singleturn|p1a: Amanita|Protect
|move|p2b: Rillaboom|Fake Out|p1a: Amanita
|-activate|p1a: Amanita|move: Protect
|move|p2a: Volcarona|Fiery Dance|p1b: Cabbage
|-resisted|p1b: Cabbage
|-damage|p1b: Cabbage|61/100
|
|-heal|p1b: Cabbage|67/100|[from] Grassy Terrain
|-heal|p2b: Rillaboom|43/100|[from] Grassy Terrain
|upkeep
|turn|6
|
|t:|1757156886
|switch|p1a: Charles|Slowking-Galar, L50, M|54/100
|move|p2a: Volcarona|Protect|p2a: Volcarona
|-singleturn|p2a: Volcarona|Protect
|move|p1b: Cabbage|Dragon Darts|p2b: Rillaboom
|-damage|p2b: Rillaboom|0 fnt
|faint|p2b: Rillaboom
|
|-heal|p1b: Cabbage|73/100|[from] Grassy Terrain
|-heal|p1a: Charles|60/100|[from] Grassy Terrain
|upkeep
|
|t:|1757156894
|switch|p2b: Ursaluna|Ursaluna-Bloodmoon, L50, M|100/100
|turn|7
|inactive|LeonardPlayz has 30 seconds left.
|
|t:|1757156922
|move|p1b: Cabbage|Dragon Darts|p2b: Ursaluna
|-damage|p2b: Ursaluna|67/100
|-anim|p1b: Cabbage|Dragon Darts|p2a: Volcarona
|-damage|p2a: Volcarona|40/100
|move|p2a: Volcarona|Fiery Dance|p1a: Charles
|-damage|p1a: Charles|18/100
|move|p2b: Ursaluna|Hyper Voice|p1b: Cabbage|[spread] p1a,p1b
|-damage|p1a: Charles|0 fnt
|-damage|p1b: Cabbage|18/100
|faint|p1a: Charles
|-enditem|p2b: Ursaluna|Throat Spray
|-boost|p2b: Ursaluna|spa|1|[from] item: Throat Spray
|
|-heal|p1b: Cabbage|24/100|[from] Grassy Terrain
|-heal|p2a: Volcarona|46/100|[from] Grassy Terrain
|-heal|p2a: Volcarona|51/100|[from] item: Leftovers
|-heal|p2b: Ursaluna|73/100|[from] Grassy Terrain
|upkeep
|
|t:|1757156930
|switch|p1a: Amanita|Amoonguss, L50, F|100/100
|turn|8
|inactive|Crystneel has 30 seconds left.
|
|t:|1757156961
|move|p2a: Volcarona|Protect|p2a: Volcarona
|-singleturn|p2a: Volcarona|Protect
|move|p1b: Cabbage|Dragon Darts|p2b: Ursaluna
|-damage|p2b: Ursaluna|38/100
|-anim|p1b: Cabbage|Dragon Darts|p2b: Ursaluna
|-damage|p2b: Ursaluna|1/100
|move|p2b: Ursaluna|Hyper Voice|p1b: Cabbage|[spread] p1a,p1b
|-damage|p1a: Amanita|46/100
|-damage|p1b: Cabbage|0 fnt
|-enditem|p1a: Amanita|Sitrus Berry|[eat]
|-heal|p1a: Amanita|71/100|[from] item: Sitrus Berry
|faint|p1b: Cabbage
|move|p1a: Amanita|Spore|p2b: Ursaluna
|-status|p2b: Ursaluna|slp|[from] move: Spore
|
|-heal|p2a: Volcarona|57/100|[from] Grassy Terrain
|-heal|p2a: Volcarona|63/100|[from] item: Leftovers
|-heal|p2b: Ursaluna|7/100 slp|[from] Grassy Terrain
|-heal|p1a: Amanita|77/100|[from] Grassy Terrain
|upkeep
|turn|9
|
|t:|1757156977
|move|p2a: Volcarona|Fiery Dance|p1a: Amanita
|-supereffective|p1a: Amanita
|-damage|p1a: Amanita|0 fnt
|faint|p1a: Amanita
|
|win|Crystneel
|raw|LeonardPlayz's rating: 1174 → 1145(-29 for losing)
|raw|Crystneel's rating: 1124 → 1153(+29 for winning)
