|j|☆ghfdhdsfh
|j|☆GojoSetep
|html|ghfdhdsfhGojoSetep    
|uhtml|bestof|Game 2 of a best-of-3
|t:|1782656349
|gametype|doubles
|player|p1|ghfdhdsfh|paxton|1000
|player|p2|GojoSetep|101|1075
|gen|9
|tier|[Gen 9 Champions] VGC 2026 Reg M-B (Bo3)
|rated|
|rule|Species Clause: Limit one of each Pokémon
|rule|Item Clause: Limit 1 of each item
|clearpoke
|poke|p1|Conkeldurr, L50, M|
|poke|p1|Charizard, L50, F|
|poke|p1|Garchomp, L50, M|
|poke|p1|Whimsicott, L50, M|
|poke|p1|Kingambit, L50, F|
|poke|p1|Rotom-Wash, L50|
|poke|p2|Pyroar, L50, M|
|poke|p2|Ninetales, L50, M|
|poke|p2|Whimsicott, L50, M|
|poke|p2|Farigiraf, L50, F|
|poke|p2|Basculegion, L50, M|
|poke|p2|Floette-Eternal, L50, F|
|teampreview|4
|showteam|p1|Conkeldurr||Leftovers|IronFist|DrainPunch,MachPunch,IcePunch,WideGuard|Brave||M|||50|]Charizard||CharizarditeY|SolarPower|HeatWave,WeatherBall,SolarBeam,Protect|Timid||F|||50|]Garchomp||ChoiceScarf|RoughSkin|StompingTantrum,DragonClaw,Earthquake,RockSlide|Adamant||M|||50|]Whimsicott||FocusSash|Prankster|Moonblast,Tailwind,Encore,Protect|Timid||M|||50|]Kingambit||BlackGlasses|Defiant|KowtowCleave,SuckerPunch,IronHead,Protect|Adamant||F|||50|]Rotom-Wash||SitrusBerry|Levitate|Thunderbolt,HydroPump,WillOWisp,Protect|Modest|||||50|
|showteam|p2|Pyroar||Pyroarite|Unnerve|HeatWave,Protect,Overheat,SolarBeam|Modest||M|||50|]Ninetales||ChoiceScarf|Drought|HeatWave,SolarBeam,FakeTears,Overheat|Modest||M|||50|]Whimsicott||FocusSash|Prankster|Moonblast,Protect,SunnyDay,Tailwind|Timid||M|||50|]Farigiraf||SitrusBerry|ArmorTail|TwinBeam,Thunderbolt,TrickRoom,HelpingHand|Bold||F|||50|]Basculegion||LifeOrb|Adaptability|WaveCrash,LastRespects,AquaJet,Protect|Adamant||M|||50|]Floette-Eternal||Floettite|FlowerVeil|LightofRuin,DazzlingGleam,Moonblast,Protect|Modest||F|||50|
|
|t:|1782656369
|teamsize|p1|4
|teamsize|p2|4
|start
|switch|p1a: Charizard|Charizard, L50, F|100/100
|switch|p1b: Garchomp|Garchomp, L50, M|100/100
|switch|p2a: Floette|Floette-Eternal, L50, F|100/100
|switch|p2b: Whimsicott|Whimsicott, L50, M|100/100
|turn|1
|
|t:|1782656405
|detailschange|p1a: Charizard|Charizard-Mega-Y, L50, F
|-mega|p1a: Charizard|Charizard|Charizardite Y
|-weather|SunnyDay|[from] ability: Drought|[of] p1a: Charizard
|detailschange|p2a: Floette|Floette-Mega, L50, F
|-mega|p2a: Floette|Floette|Floettite
|-ability|p2a: Floette|Fairy Aura
|move|p2b: Whimsicott|Tailwind|p2b: Whimsicott
|-sidestart|p2: GojoSetep|move: Tailwind
|move|p2a: Floette|Dazzling Gleam|p1a: Charizard|[spread] p1a,p1b
|-resisted|p1a: Charizard|1
|-supereffective|p1b: Garchomp|1
|-damage|p1a: Charizard|75/100
|-damage|p1b: Garchomp|0 fnt
|faint|p1b: Garchomp
|move|p1a: Charizard|Heat Wave|p2b: Whimsicott|[spread] p2b
|-miss|p1a: Charizard|p2a: Floette
|-supereffective|p2b: Whimsicott|1
|-enditem|p2b: Whimsicott|Focus Sash
|-damage|p2b: Whimsicott|1/100
|
|-weather|SunnyDay|[upkeep]
|upkeep
|
|t:|1782656422
|switch|p1b: Whimsicott|Whimsicott, L50, M|100/100
|turn|2
|
|t:|1782656434
|move|p2b: Whimsicott|Protect|p2b: Whimsicott
|-singleturn|p2b: Whimsicott|Protect
|move|p1b: Whimsicott|Tailwind|p1b: Whimsicott
|-sidestart|p1: ghfdhdsfh|move: Tailwind
|move|p1a: Charizard|Solar Beam||[still]
|-prepare|p1a: Charizard|Solar Beam
|-anim|p1a: Charizard|Solar Beam|p2a: Floette
|-damage|p2a: Floette|61/100
|move|p2a: Floette|Light of Ruin|p1a: Charizard
|-resisted|p1a: Charizard|1
|-damage|p1a: Charizard|23/100
|-damage|p2a: Floette|30/100|[from] Recoil
|
|-weather|SunnyDay|[upkeep]
|upkeep
|turn|3
|
|t:|1782656455
|switch|p2b: Farigiraf|Farigiraf, L50, F|100/100
|move|p2a: Floette|Protect|p2a: Floette
|-singleturn|p2a: Floette|Protect
|move|p1b: Whimsicott|Moonblast|p2a: Floette
|-activate|p2a: Floette|move: Protect
|move|p1a: Charizard|Heat Wave|p2b: Farigiraf|[spread] p2b
|-activate|p2a: Floette|move: Protect
|-damage|p2b: Farigiraf|45/100
|-enditem|p2b: Farigiraf|Sitrus Berry|[eat]
|-heal|p2b: Farigiraf|70/100|[from] item: Sitrus Berry
|
|-weather|SunnyDay|[upkeep]
|upkeep
|turn|4
|
|t:|1782656483
|switch|p2a: Whimsicott|Whimsicott, L50, M|1/100
|move|p1b: Whimsicott|Moonblast|p2b: Farigiraf
|-damage|p2b: Farigiraf|41/100
|move|p1a: Charizard|Solar Beam||[still]
|-prepare|p1a: Charizard|Solar Beam
|-anim|p1a: Charizard|Solar Beam|p2a: Whimsicott
|-resisted|p2a: Whimsicott|1
|-damage|p2a: Whimsicott|0 fnt
|faint|p2a: Whimsicott
|move|p2b: Farigiraf|Trick Room|p2b: Farigiraf
|-fieldstart|move: Trick Room|[of] p2b: Farigiraf
|
|-weather|SunnyDay|[upkeep]
|-sideend|p2: GojoSetep|move: Tailwind
|upkeep
|
|t:|1782656495
|switch|p2a: Floette|Floette-Mega, L50, F|30/100
|-ability|p2a: Floette|Fairy Aura
|turn|5
|
|t:|1782656513
|move|p1b: Whimsicott|Encore||[still]
|cant|p2b: Farigiraf|ability: Armor Tail|Encore|[of] p1b: Whimsicott
|move|p2b: Farigiraf|Twin Beam|p1b: Whimsicott
|-damage|p1b: Whimsicott|75/100
|-damage|p1b: Whimsicott|48/100
|-hitcount|p1b: Whimsicott|2
|move|p2a: Floette|Dazzling Gleam|p1a: Charizard|[spread] p1a,p1b
|-resisted|p1a: Charizard|1
|-damage|p1a: Charizard|2/100
|-damage|p1b: Whimsicott|0 fnt
|faint|p1b: Whimsicott
|move|p1a: Charizard|Heat Wave|p2b: Farigiraf|[spread] p2a,p2b
|-damage|p2a: Floette|0 fnt
|-damage|p2b: Farigiraf|0 fnt
|faint|p2a: Floette
|faint|p2b: Farigiraf
|
|-weather|none
|-sideend|p1: ghfdhdsfh|move: Tailwind
|upkeep
|
|t:|1782656529
|switch|p2a: Basculegion|Basculegion, L50, M|100/100
|switch|p1b: Rotom|Rotom-Wash, L50|100/100
|turn|6
|
|t:|1782656554
|move|p1a: Charizard|Protect|p1a: Charizard
|-singleturn|p1a: Charizard|Protect
|move|p2a: Basculegion|Aqua Jet|p1a: Charizard
|-activate|p1a: Charizard|move: Protect
|move|p1b: Rotom|Will-O-Wisp|p2a: Basculegion
|-status|p2a: Basculegion|brn
|
|-damage|p2a: Basculegion|94/100 brn|[from] brn
|upkeep
|turn|7
|
|t:|1782656571
|move|p2a: Basculegion|Aqua Jet|p1a: Charizard
|-supereffective|p1a: Charizard|1
|-damage|p1a: Charizard|0 fnt
|faint|p1a: Charizard
|-damage|p2a: Basculegion|84/100 brn|[from] item: Life Orb
|move|p1b: Rotom|Thunderbolt|p2a: Basculegion
|-supereffective|p2a: Basculegion|1
|-damage|p2a: Basculegion|15/100 brn
|
|-damage|p2a: Basculegion|9/100 brn|[from] brn
|upkeep
|turn|8
|
|t:|1782656582
|move|p1b: Rotom|Protect|p1b: Rotom
|-singleturn|p1b: Rotom|Protect
|move|p2a: Basculegion|Last Respects|p1b: Rotom
|-activate|p1b: Rotom|move: Protect
|
|-damage|p2a: Basculegion|3/100 brn|[from] brn
|-fieldend|move: Trick Room
|upkeep
|turn|9
|
|t:|1782656591
|move|p1b: Rotom|Thunderbolt|p2a: Basculegion
|-supereffective|p2a: Basculegion|1
|-damage|p2a: Basculegion|0 fnt
|faint|p2a: Basculegion
|
|win|ghfdhdsfh
|raw|ghfdhdsfh's rating: 1000 → 1049(+49 for winning)
|raw|GojoSetep's rating: 1075 → 1049(-26 for losing)
