|j|☆The_TrueNose
|j|☆beewatree
|html|The_TrueNosebeewatree    
|uhtml|bestof|Game 1 of a best-of-3
|t:|1756373103
|gametype|doubles
|player|p1|The_TrueNose|265|1089
|player|p2|beewatree|101|1036
|gen|9
|tier|[Gen 9] VGC 2025 Reg H (Bo3)
|rated|
|rule|Species Clause: Limit one of each Pokémon
|rule|Item Clause: Limit 1 of each item
|clearpoke
|poke|p1|Garchomp, L50, M|
|poke|p1|Jumpluff, L50, M|
|poke|p1|Torkoal, L50, M|
|poke|p1|Dragonite, L50, M|
|poke|p1|Typhlosion-Hisui, L50, F|
|poke|p1|Kingambit, L50, M|
|poke|p2|Armarouge, L50, F|
|poke|p2|Indeedee-F, L50, F|
|poke|p2|Hariyama, L50, M|
|poke|p2|Amoonguss, L50, F|
|poke|p2|Gholdengo, L50|
|poke|p2|Primarina, L50, M|
|teampreview|4
|showteam|p1|Garchomp||LifeOrb|RoughSkin|DragonClaw,StompingTantrum,Earthquake,Protect|||M|||50|,,,,,Fire]Jumpluff||CovertCloak|Chlorophyll|LeafStorm,SleepPowder,Encore,Tailwind|||M|||50|,,,,,Water]Torkoal||EjectPack|Drought|Overheat,BurningJealousy,HelpingHand,Protect|||M|||50|,,,,,Flying]Dragonite||LoadedDice|Multiscale|ScaleShot,ExtremeSpeed,IceSpinner,Protect|||M|||50|,,,,,Fairy]Typhlosion-Hisui||ChoiceSpecs|Blaze|Eruption,ShadowBall,HeatWave,Overheat|||F|||50|,,,,,Fire]Kingambit||AssaultVest|Defiant|SuckerPunch,Assurance,IronHead,LowKick|||M|||50|,,,,,Fire
|showteam|p2|Armarouge||CovertCloak|FlashFire|ExpandingForce,ArmorCannon,TrickRoom,WideGuard|||F|||50|,,,,,Grass]Indeedee-F||PsychicSeed|PsychicSurge|DazzlingGleam,FollowMe,HealPulse,TrickRoom|||F|||50|,,,,,Fairy]Hariyama||SafetyGoggles|Guts|DrainPunch,BellyDrum,Detect,KnockOff|||M|||50|,,,,,Electric]Amoonguss||SitrusBerry|Regenerator|RagePowder,Spore,PollenPuff,Protect|||F|||50|,,,,,Fairy]Gholdengo||LifeOrb|GoodasGold|MakeItRain,ShadowBall,NastyPlot,Protect||||||50|,,,,,Steel]Primarina||ThroatSpray|LiquidVoice|Moonblast,HyperVoice,Haze,Protect|||M|||50|,,,,,Steel
|inactive|Battle timer is ON: inactive players will automatically lose when time's up. (requested by beewatree)
|inactive|beewatree has 60 seconds left.
|inactive|beewatree has 30 seconds left.
|inactive|beewatree has 20 seconds left.
|inactive|beewatree has 15 seconds left.
|inactive|beewatree has 10 seconds left.
|
|t:|1756373191
|teamsize|p1|4
|teamsize|p2|4
|start
|switch|p1a: Dragonite|Dragonite, L50, M|100/100
|switch|p1b: Garchomp|Garchomp, L50, M|100/100
|switch|p2a: Armarouge|Armarouge, L50, F|100/100
|switch|p2b: Indeedee|Indeedee-F, L50, F|100/100
|-fieldstart|move: Psychic Terrain|[from] ability: Psychic Surge|[of] p2b: Indeedee
|-enditem|p2b: Indeedee|Psychic Seed
|-boost|p2b: Indeedee|spd|1|[from] item: Psychic Seed
|turn|1
|inactive|beewatree has 30 seconds left.
|inactive|beewatree has 20 seconds left.
|inactive|beewatree has 15 seconds left.
|inactive|beewatree has 10 seconds left.
|inactive|beewatree has 5 seconds left.
|
|t:|1756373245
|-terastallize|p2a: Armarouge|Grass
|move|p2b: Indeedee|Follow Me|p2b: Indeedee
|-singleturn|p2b: Indeedee|move: Follow Me
|move|p1b: Garchomp|Earthquake|p2a: Armarouge|[spread] p2a,p2b
|-immune|p1a: Dragonite
|-resisted|p2a: Armarouge
|-damage|p2a: Armarouge|78/100
|-damage|p2b: Indeedee|52/100
|-damage|p1b: Garchomp|91/100|[from] item: Life Orb
|move|p1a: Dragonite|Ice Spinner|p2b: Indeedee
|-damage|p2b: Indeedee|24/100
|-fieldend|move: Psychic Terrain
|move|p2a: Armarouge|Trick Room|p2a: Armarouge
|-fieldstart|move: Trick Room|[of] p2a: Armarouge
|
|upkeep
|turn|2
|inactive|beewatree has 30 seconds left.
|inactive|beewatree has 20 seconds left.
|inactive|beewatree has 15 seconds left.
|
|t:|1756373287
|switch|p2a: Primarina|Primarina, L50, M|100/100
|move|p1a: Dragonite|Extreme Speed|p2b: Indeedee
|-damage|p2b: Indeedee|0 fnt
|faint|p2b: Indeedee
|move|p1b: Garchomp|Earthquake|p2a: Primarina|[spread] p2a
|-immune|p1a: Dragonite
|-damage|p2a: Primarina|55/100
|-damage|p1b: Garchomp|81/100|[from] item: Life Orb
|
|upkeep
|
|t:|1756373300
|switch|p2b: Amoonguss|Amoonguss, L50, F|100/100
|turn|3
|
|t:|1756373322
|move|p1a: Dragonite|Protect|p1a: Dragonite
|-singleturn|p1a: Dragonite|Protect
|move|p1b: Garchomp|Protect|p1b: Garchomp
|-singleturn|p1b: Garchomp|Protect
|move|p2b: Amoonguss|Spore|p1a: Dragonite
|-activate|p1a: Dragonite|move: Protect
|move|p2a: Primarina|Hyper Voice|p1b: Garchomp|[spread] 
|-activate|p1a: Dragonite|move: Protect
|-activate|p1b: Garchomp|move: Protect
|
|upkeep
|turn|4
|inactive|beewatree has 30 seconds left.
|
|t:|1756373350
|move|p1a: Dragonite|Extreme Speed|p2a: Primarina
|-damage|p2a: Primarina|27/100
|move|p2b: Amoonguss|Spore|p1b: Garchomp
|-status|p1b: Garchomp|slp|[from] move: Spore
|move|p2a: Primarina|Hyper Voice|p1b: Garchomp|[spread] p1a,p1b
|-resisted|p1a: Dragonite
|-damage|p1a: Dragonite|93/100
|-damage|p1b: Garchomp|46/100 slp
|-enditem|p2a: Primarina|Throat Spray
|-boost|p2a: Primarina|spa|1|[from] item: Throat Spray
|cant|p1b: Garchomp|slp
|
|upkeep
|turn|5
|inactive|beewatree has 30 seconds left.
|
|t:|1756373381
|move|p1a: Dragonite|Extreme Speed|p2a: Primarina
|-crit|p2a: Primarina
|-damage|p2a: Primarina|0 fnt
|faint|p2a: Primarina
|move|p2b: Amoonguss|Pollen Puff|p2: Primarina|[notarget]
|-fail|p2b: Amoonguss
|cant|p1b: Garchomp|slp
|
|-fieldend|move: Trick Room
|upkeep
|
|t:|1756373386
|switch|p2a: Armarouge|Armarouge, L50, F, tera:Grass|78/100
|turn|6
|
|t:|1756373406
|-curestatus|p1b: Garchomp|slp|[msg]
|move|p1b: Garchomp|Dragon Claw|p2a: Armarouge
|-damage|p2a: Armarouge|25/100
|-damage|p1b: Garchomp|36/100|[from] item: Life Orb
|move|p1a: Dragonite|Ice Spinner|p2a: Armarouge
|-supereffective|p2a: Armarouge
|-damage|p2a: Armarouge|0 fnt
|faint|p2a: Armarouge
|move|p2b: Amoonguss|Spore|p1a: Dragonite
|-status|p1a: Dragonite|slp|[from] move: Spore
|
|upkeep
|turn|7
|
|t:|1756373421
|move|p1b: Garchomp|Earthquake|p2b: Amoonguss|[spread] p2b
|-immune|p1a: Dragonite
|-damage|p2b: Amoonguss|53/100
|-damage|p1b: Garchomp|27/100|[from] item: Life Orb
|cant|p1a: Dragonite|slp
|move|p2b: Amoonguss|Spore|p1b: Garchomp
|-status|p1b: Garchomp|slp|[from] move: Spore
|
|upkeep
|turn|8
|
|t:|1756373430
|cant|p1b: Garchomp|slp
|cant|p1a: Dragonite|slp
|move|p2b: Amoonguss|Pollen Puff|p1a: Dragonite
|-resisted|p1a: Dragonite
|-damage|p1a: Dragonite|84/100 slp
|
|upkeep
|turn|9
|-message|beewatree forfeited.
|
|win|The_TrueNose
||beewatree is ready for game 2.
