|j|☆WowieKazowee
|j|☆caevz027
|html|WowieKazoweecaevz027    
|uhtml|bestof|Game 2 of a best-of-3
|t:|1757164457
|gametype|doubles
|player|p1|WowieKazowee|idol|1062
|player|p2|caevz027|102|1154
|gen|9
|tier|[Gen 9] VGC 2025 Reg H (Bo3)
|rated|
|rule|Species Clause: Limit one of each Pokémon
|rule|Item Clause: Limit 1 of each item
|clearpoke
|poke|p1|Incineroar, L50, F|
|poke|p1|Rillaboom, L50, F|
|poke|p1|Sneasler, L50, F|
|poke|p1|Gholdengo, L50|
|poke|p1|Electabuzz, L50, M|
|poke|p1|Ninetales-Alola, L50, M|
|poke|p2|Sneasler, L50, M|
|poke|p2|Indeedee, L50, M|
|poke|p2|Ursaluna-Bloodmoon, L50, M|
|poke|p2|Talonflame, L50, F|
|poke|p2|Electabuzz, L50, F|
|poke|p2|Hydreigon, L50, M|
|teampreview|4
|showteam|p1|Incineroar||SafetyGoggles|Intimidate|FakeOut,FlareBlitz,KnockOff,PartingShot|||F|||50|,,,,,Water]Rillaboom||AssaultVest|GrassySurge|WoodHammer,GrassyGlide,FakeOut,Uturn|||F|||50|,,,,,Fire]Sneasler||GrassySeed|Unburden|CloseCombat,DireClaw,FakeOut,Protect|||F|||50|,,,,,Flying]Gholdengo||LifeOrb|GoodasGold|MakeItRain,ShadowBall,NastyPlot,Protect||||||50|,,,,,Steel]Electabuzz||Eviolite|VitalSpirit|Electroweb,VoltSwitch,FollowMe,Protect|||M|||50|,,,,,Bug]Ninetales-Alola||LightClay|SnowWarning|FreezeDry,AuroraVeil,Encore,Protect|||M|||50|,,,,,Water
|showteam|p2|Sneasler||PsychicSeed|Unburden|DireClaw,CloseCombat,ThroatChop,Protect|||M|||50|,,,,,Dark]Indeedee||FocusSash|PsychicSurge|ExpandingForce,TeraBlast,TrickRoom,Imprison|||M|||50|,,,,,Psychic]Ursaluna-Bloodmoon||LifeOrb|MindsEye|HyperVoice,BloodMoon,EarthPower,VacuumWave|||M|||50|,,,,,Normal]Talonflame||CovertCloak|GaleWings|DualWingbeat,Tailwind,WillOWisp,Taunt|||F|||50|,,,,,Ghost]Electabuzz||Eviolite|VitalSpirit|Taunt,FollowMe,Electroweb,Protect|||F|||50|,,,,,Electric]Hydreigon||ChoiceSpecs|Levitate|HeatWave,DracoMeteor,FlashCannon,Uturn|||M|||50|,,,,,Fire
|
|t:|1757164469
|teamsize|p1|4
|teamsize|p2|4
|start
|switch|p1a: Gholdengo|Gholdengo, L50|100/100
|switch|p1b: Electabuzz|Electabuzz, L50, M|100/100
|switch|p2a: Talonflame|Talonflame, L50, F|100/100
|switch|p2b: Hydreigon|Hydreigon, L50, M|100/100
|turn|1
|
|t:|1757164483
|-terastallize|p2b: Hydreigon|Fire
|-terastallize|p1a: Gholdengo|Steel
|move|p2a: Talonflame|Tailwind|p2a: Talonflame
|-sidestart|p2: caevz027|move: Tailwind
|move|p2b: Hydreigon|Heat Wave|p1a: Gholdengo|[spread] p1a,p1b
|-supereffective|p1a: Gholdengo
|-crit|p1b: Electabuzz
|-damage|p1a: Gholdengo|0 fnt
|-damage|p1b: Electabuzz|37/100
|faint|p1a: Gholdengo
|move|p1b: Electabuzz|Electroweb|p2b: Hydreigon|[spread] p2a,p2b
|-supereffective|p2a: Talonflame
|-damage|p2a: Talonflame|50/100
|-damage|p2b: Hydreigon|82/100
|-unboost|p2b: Hydreigon|spe|1
|
|upkeep
|
|t:|1757164497
|switch|p1a: Sneasler|Sneasler, L50, F|100/100
|turn|2
|
|t:|1757164509
|move|p2a: Talonflame|Will-O-Wisp|p1a: Sneasler
|-status|p1a: Sneasler|brn
|move|p2b: Hydreigon|Heat Wave|p1b: Electabuzz|[spread] p1a,p1b
|-damage|p1a: Sneasler|25/100 brn
|-damage|p1b: Electabuzz|0 fnt
|faint|p1b: Electabuzz
|move|p1a: Sneasler|Close Combat|p2b: Hydreigon
|-damage|p2b: Hydreigon|47/100
|-unboost|p1a: Sneasler|def|1
|-unboost|p1a: Sneasler|spd|1
|
|-damage|p1a: Sneasler|19/100 brn|[from] brn
|upkeep
|
|t:|1757164520
|switch|p1b: Rillaboom|Rillaboom, L50, F|100/100
|-fieldstart|move: Grassy Terrain|[from] ability: Grassy Surge|[of] p1b: Rillaboom
|-enditem|p1a: Sneasler|Grassy Seed
|-boost|p1a: Sneasler|def|1|[from] item: Grassy Seed
|turn|3
|
|t:|1757164534
|switch|p2b: Electabuzz|Electabuzz, L50, F|100/100
|move|p1b: Rillaboom|Fake Out|p2b: Electabuzz
|-damage|p2b: Electabuzz|89/100
|move|p2a: Talonflame|Will-O-Wisp|p1b: Rillaboom
|-status|p1b: Rillaboom|brn
|move|p1a: Sneasler|Dire Claw|p2a: Talonflame
|-damage|p2a: Talonflame|18/100
|
|-heal|p1a: Sneasler|25/100 brn|[from] Grassy Terrain
|-heal|p2b: Electabuzz|95/100|[from] Grassy Terrain
|-damage|p1a: Sneasler|19/100 brn|[from] brn
|-damage|p1b: Rillaboom|94/100 brn|[from] brn
|upkeep
|turn|4
|
|t:|1757164552
|move|p2b: Electabuzz|Follow Me|p2b: Electabuzz
|-singleturn|p2b: Electabuzz|move: Follow Me
|move|p2a: Talonflame|Dual Wingbeat|p1b: Rillaboom
|-supereffective|p1b: Rillaboom
|-crit|p1b: Rillaboom
|-damage|p1b: Rillaboom|42/100 brn
|-supereffective|p1b: Rillaboom
|-damage|p1b: Rillaboom|3/100 brn
|-hitcount|p1b: Rillaboom|2
|move|p1a: Sneasler|Dire Claw|p2b: Electabuzz
|-damage|p2b: Electabuzz|77/100
|move|p1b: Rillaboom|Wood Hammer|p2b: Electabuzz
|-damage|p2b: Electabuzz|42/100
|-damage|p1b: Rillaboom|0 fnt|[from] Recoil
|faint|p1b: Rillaboom
|
|-heal|p1a: Sneasler|25/100 brn|[from] Grassy Terrain
|-heal|p2b: Electabuzz|48/100|[from] Grassy Terrain
|-damage|p1a: Sneasler|19/100 brn|[from] brn
|-sideend|p2: caevz027|move: Tailwind
|upkeep
|turn|5
|
|t:|1757164572
|move|p1a: Sneasler|Dire Claw|p2a: Talonflame
|-damage|p2a: Talonflame|0 fnt
|faint|p2a: Talonflame
|move|p2b: Electabuzz|Electroweb|p1a: Sneasler
|-damage|p1a: Sneasler|0 fnt
|faint|p1a: Sneasler
|
|win|caevz027
||WowieKazowee is ready for game 3.
