|j|☆AggronZyrd
|j|☆edwarthdf
|html|AggronZyrdedwarthdf    
|uhtml|bestof|Game 3 of a best-of-3
|t:|1756582733
|gametype|doubles
|player|p1|AggronZyrd|pokemaniac|1114
|player|p2|edwarthdf|acetrainer-gen4dp|1136
|gen|9
|tier|[Gen 9] VGC 2025 Reg H (Bo3)
|rated|
|rule|Species Clause: Limit one of each Pokémon
|rule|Item Clause: Limit 1 of each item
|clearpoke
|poke|p1|Archaludon, L50, M|
|poke|p1|Pelipper, L50, F|
|poke|p1|Sinistcha, L50|
|poke|p1|Ursaluna, L50, M|
|poke|p1|Dragonite, L50, F|
|poke|p1|Gholdengo, L50|
|poke|p2|Gholdengo, L50|
|poke|p2|Sneasler, L50, F|
|poke|p2|Rillaboom, L50, M|
|poke|p2|Ninetales-Alola, L50, F|
|poke|p2|Dragonite, L50, M|
|poke|p2|Arcanine-Hisui, L50, M|
|teampreview|4
|showteam|p1|Archaludon||AssaultVest|Stamina|FlashCannon,ElectroShot,BodyPress,DracoMeteor|||M|||50|,,,,,Fighting]Pelipper||FocusSash|Drizzle|Hurricane,Tailwind,MuddyWater,WideGuard|||F|||50|,,,,,Ghost]Sinistcha||SitrusBerry|Hospitality|MatchaGotcha,LifeDew,TrickRoom,RagePowder||||||50|,,,,,Dark]Ursaluna||FlameOrb|Guts|HeadlongRush,Earthquake,Facade,Protect|||M|||50|,,,,,Ghost]Dragonite||LoadedDice|Multiscale|Haze,ScaleShot,Tailwind,Protect|||F|||50|,,,,,Fairy]Gholdengo||ChoiceScarf|GoodasGold|MakeItRain,ShadowBall,Trick,TeraBlast||||||50|,,,,,Water
|showteam|p2|Gholdengo||GrassySeed|GoodasGold|NastyPlot,MakeItRain,ShadowBall,Protect||||||50|,,,,,Water]Sneasler||WhiteHerb|Unburden|CloseCombat,DireClaw,Coaching,Protect|||F|||50|,,,,,Ghost]Rillaboom||AssaultVest|GrassySurge|FakeOut,GrassyGlide,DrumBeating,HighHorsepower|||M|||50|,,,,,Fire]Ninetales-Alola||FocusSash|SnowWarning|Blizzard,IcyWind,Encore,AuroraVeil|||F|||50|,,,,,Ghost]Dragonite||LoadedDice|Multiscale|ScaleShot,StompingTantrum,Tailwind,Protect|||M|||50|,,,,,Ground]Arcanine-Hisui||ClearAmulet|Intimidate|RockSlide,FlareBlitz,ExtremeSpeed,Protect|||M|||50|,,,,,Water
|inactive|Battle timer is ON: inactive players will automatically lose when time's up. (requested by AggronZyrd)
|
|t:|1756582767
|teamsize|p1|4
|teamsize|p2|4
|start
|switch|p1a: Pelipper|Pelipper, L50, F|100/100
|switch|p1b: Gholdengo|Gholdengo, L50|100/100
|switch|p2a: Ninetales|Ninetales-Alola, L50, F, shiny|100/100
|switch|p2b: Sneasler|Sneasler, L50, F|100/100
|-weather|Snowscape|[from] ability: Snow Warning|[of] p2a: Ninetales
|-weather|RainDance|[from] ability: Drizzle|[of] p1a: Pelipper
|turn|1
|inactive|edwarthdf has 30 seconds left.
|
|t:|1756582797
|switch|p2a: Rillaboom|Rillaboom, L50, M, shiny|100/100
|-fieldstart|move: Grassy Terrain|[from] ability: Grassy Surge|[of] p2a: Rillaboom
|switch|p1a: Archaludon|Archaludon, L50, M|100/100
|-terastallize|p1b: Gholdengo|Water
|move|p1b: Gholdengo|Make It Rain|p2b: Sneasler|[spread] p2a,p2b
|-damage|p2a: Rillaboom|60/100
|-damage|p2b: Sneasler|36/100
|-unboost|p1b: Gholdengo|spa|1
|move|p2b: Sneasler|Dire Claw|p1a: Archaludon
|-immune|p1a: Archaludon
|
|-weather|RainDance|[upkeep]
|-heal|p2b: Sneasler|42/100|[from] Grassy Terrain
|-heal|p2a: Rillaboom|66/100|[from] Grassy Terrain
|upkeep
|turn|2
|inactive|AggronZyrd has 30 seconds left.
|inactive|edwarthdf has 30 seconds left.
|inactive|AggronZyrd has 20 seconds left.
|inactive|AggronZyrd has 15 seconds left.
|inactive|edwarthdf has 20 seconds left.
|
|t:|1756582841
|switch|p1b: Dragonite|Dragonite, L50, F|100/100
|move|p2a: Rillaboom|Fake Out|p1a: Archaludon
|-resisted|p1a: Archaludon
|-damage|p1a: Archaludon|96/100
|-ability|p1a: Archaludon|Stamina|boost
|-boost|p1a: Archaludon|def|1
|move|p2b: Sneasler|Close Combat|p1a: Archaludon
|-supereffective|p1a: Archaludon
|-damage|p1a: Archaludon|46/100
|-unboost|p2b: Sneasler|def|1
|-unboost|p2b: Sneasler|spd|1
|-ability|p1a: Archaludon|Stamina|boost
|-boost|p1a: Archaludon|def|1
|-enditem|p2b: Sneasler|White Herb
|-clearnegativeboost|p2b: Sneasler|[silent]
|cant|p1a: Archaludon|flinch
|
|-weather|RainDance|[upkeep]
|-heal|p2b: Sneasler|49/100|[from] Grassy Terrain
|-heal|p2a: Rillaboom|72/100|[from] Grassy Terrain
|-heal|p1a: Archaludon|53/100|[from] Grassy Terrain
|upkeep
|turn|3
|inactive|edwarthdf has 30 seconds left.
|inactive|edwarthdf has 20 seconds left.
|inactive|edwarthdf has 15 seconds left.
|inactive|edwarthdf has 10 seconds left.
|
|t:|1756582886
|switch|p2a: Ninetales|Ninetales-Alola, L50, F, shiny|100/100
|-weather|Snowscape|[from] ability: Snow Warning|[of] p2a: Ninetales
|move|p2b: Sneasler|Close Combat|p1a: Archaludon
|-supereffective|p1a: Archaludon
|-damage|p1a: Archaludon|11/100
|-unboost|p2b: Sneasler|def|1
|-unboost|p2b: Sneasler|spd|1
|-ability|p1a: Archaludon|Stamina|boost
|-boost|p1a: Archaludon|def|1
|move|p1b: Dragonite|Tailwind|p1b: Dragonite
|-sidestart|p1: AggronZyrd|move: Tailwind
|move|p1a: Archaludon|Electro Shot||[still]
|-prepare|p1a: Archaludon|Electro Shot
|-boost|p1a: Archaludon|spa|1
|
|-weather|Snowscape|[upkeep]
|-heal|p2b: Sneasler|55/100|[from] Grassy Terrain
|-heal|p1a: Archaludon|17/100|[from] Grassy Terrain
|upkeep
|turn|4
|inactive|edwarthdf has 30 seconds left.
|inactive|AggronZyrd has 30 seconds left.
|inactive|edwarthdf has 20 seconds left.
|
|t:|1756582923
|switch|p2a: Gholdengo|Gholdengo, L50|100/100
|-enditem|p2a: Gholdengo|Grassy Seed
|-boost|p2a: Gholdengo|def|1|[from] item: Grassy Seed
|move|p1b: Dragonite|Protect|p1b: Dragonite
|-singleturn|p1b: Dragonite|Protect
|move|p2b: Sneasler|Dire Claw|p1b: Dragonite
|-activate|p1b: Dragonite|move: Protect
|move|p1a: Archaludon|Electro Shot|p2b: Sneasler|[from] lockedmove
|-damage|p2b: Sneasler|0 fnt
|faint|p2b: Sneasler
|
|-weather|Snowscape|[upkeep]
|-heal|p1a: Archaludon|23/100|[from] Grassy Terrain
|upkeep
|
|t:|1756582940
|switch|p2b: Rillaboom|Rillaboom, L50, M, shiny|72/100
|turn|5
|
|t:|1756582952
|switch|p1b: Pelipper|Pelipper, L50, F|100/100
|-weather|RainDance|[from] ability: Drizzle|[of] p1b: Pelipper
|move|p2b: Rillaboom|Fake Out|p1b: Pelipper
|-damage|p1b: Pelipper|83/100
|move|p1a: Archaludon|Electro Shot||[still]
|-prepare|p1a: Archaludon|Electro Shot
|-boost|p1a: Archaludon|spa|1
|-anim|p1a: Archaludon|Electro Shot|p2a: Gholdengo
|-damage|p2a: Gholdengo|33/100
|move|p2a: Gholdengo|Shadow Ball|p1a: Archaludon
|-damage|p1a: Archaludon|0 fnt
|faint|p1a: Archaludon
|
|-weather|RainDance|[upkeep]
|-heal|p2b: Rillaboom|78/100|[from] Grassy Terrain
|-heal|p2a: Gholdengo|40/100|[from] Grassy Terrain
|-fieldend|move: Grassy Terrain
|upkeep
|
|t:|1756582972
|switch|p1a: Gholdengo|Gholdengo, L50, tera:Water|100/100
|turn|6
|
|t:|1756582984
|move|p2a: Gholdengo|Protect|p2a: Gholdengo
|-singleturn|p2a: Gholdengo|Protect
|move|p1a: Gholdengo|Make It Rain|p2b: Rillaboom|[spread] p2b
|-activate|p2a: Gholdengo|move: Protect
|-damage|p2b: Rillaboom|35/100
|-unboost|p1a: Gholdengo|spa|1
|move|p1b: Pelipper|Hurricane|p2b: Rillaboom
|-supereffective|p2b: Rillaboom
|-damage|p2b: Rillaboom|0 fnt
|faint|p2b: Rillaboom
|
|-weather|RainDance|[upkeep]
|-sideend|p1: AggronZyrd|move: Tailwind
|upkeep
|
|t:|1756582999
|switch|p2b: Ninetales|Ninetales-Alola, L50, F, shiny|100/100
|-weather|Snowscape|[from] ability: Snow Warning|[of] p2b: Ninetales
|turn|7
|inactive|edwarthdf has 30 seconds left.
|
|t:|1756583029
|switch|p1b: Dragonite|Dragonite, L50, F|100/100
|-terastallize|p2a: Gholdengo|Water
|move|p1a: Gholdengo|Make It Rain|p2a: Gholdengo|[spread] p2a,p2b
|-resisted|p2a: Gholdengo
|-supereffective|p2b: Ninetales
|-damage|p2a: Gholdengo|24/100
|-enditem|p2b: Ninetales|Focus Sash
|-damage|p2b: Ninetales|1/100
|-unboost|p1a: Gholdengo|spa|1
|move|p2b: Ninetales|Blizzard|p1b: Dragonite|[spread] p1a,p1b
|-resisted|p1a: Gholdengo
|-supereffective|p1b: Dragonite
|-damage|p1a: Gholdengo|83/100
|-damage|p1b: Dragonite|33/100
|move|p2a: Gholdengo|Shadow Ball|p1a: Gholdengo
|-damage|p1a: Gholdengo|35/100
|
|-weather|Snowscape|[upkeep]
|upkeep
|turn|8
|inactive|AggronZyrd has 30 seconds left.
|inactive|edwarthdf has 30 seconds left.
|inactive|AggronZyrd has 20 seconds left.
|inactive|AggronZyrd has 15 seconds left.
|
|t:|1756583071
|move|p1b: Dragonite|Protect|p1b: Dragonite
|-singleturn|p1b: Dragonite|Protect
|move|p1a: Gholdengo|Make It Rain|p2a: Gholdengo|[spread] p2a,p2b
|-resisted|p2a: Gholdengo
|-supereffective|p2b: Ninetales
|-damage|p2a: Gholdengo|11/100
|-damage|p2b: Ninetales|0 fnt
|-unboost|p1a: Gholdengo|spa|1
|faint|p2b: Ninetales
|move|p2a: Gholdengo|Shadow Ball|p1a: Gholdengo
|-damage|p1a: Gholdengo|0 fnt
|faint|p1a: Gholdengo
|
|-weather|Snowscape|[upkeep]
|upkeep
|j| T-Soro
|l| T-Soro
|
|t:|1756583083
|switch|p1a: Pelipper|Pelipper, L50, F|83/100
|-weather|RainDance|[from] ability: Drizzle|[of] p1a: Pelipper
|turn|9
|
|t:|1756583091
|move|p1a: Pelipper|Wide Guard|p1a: Pelipper
|-singleturn|p1a: Pelipper|Wide Guard
|move|p2a: Gholdengo|Shadow Ball|p1b: Dragonite
|-damage|p1b: Dragonite|0 fnt
|faint|p1b: Dragonite
|
|-weather|RainDance|[upkeep]
|upkeep
|turn|10
|
|t:|1756583102
|move|p2a: Gholdengo|Protect|p2a: Gholdengo
|-singleturn|p2a: Gholdengo|Protect
|move|p1a: Pelipper|Muddy Water|p2a: Gholdengo
|-activate|p2a: Gholdengo|move: Protect
|
|-weather|RainDance|[upkeep]
|upkeep
|turn|11
|
|t:|1756583110
|move|p2a: Gholdengo|Shadow Ball|p1a: Pelipper
|-damage|p1a: Pelipper|10/100
|move|p1a: Pelipper|Muddy Water|p2a: Gholdengo
|-resisted|p2a: Gholdengo
|-damage|p2a: Gholdengo|0 fnt
|faint|p2a: Gholdengo
|
|win|AggronZyrd
|raw|AggronZyrd's rating: 1114 → 1141(+27 for winning)
|raw|edwarthdf's rating: 1136 → 1109(-27 for losing)
|l|☆AggronZyrd
|player|p1|
