|j|☆andiom123
|j|☆dolphin629
|html|andiom123dolphin629    
|uhtml|bestof|Game 3 of a best-of-3
|t:|1784392018
|gametype|doubles
|player|p1|andiom123|red|1199
|player|p2|dolphin629|ballguy|1198
|gen|9
|tier|[Gen 9 Champions] VGC 2026 Reg M-B (Bo3)
|rated|
|rule|Species Clause: Limit one of each Pokémon
|rule|Item Clause: Limit 1 of each item
|clearpoke
|poke|p1|Incineroar, L50, F|
|poke|p1|Farigiraf, L50, F|
|poke|p1|Sylveon, L50, F|
|poke|p1|Torkoal, L50, F|
|poke|p1|Kangaskhan, L50, F|
|poke|p1|Mawile, L50, M|
|poke|p2|Staraptor, L50, M|
|poke|p2|Rotom-Heat, L50|
|poke|p2|Grimmsnarl, L50, M|
|poke|p2|Garchomp, L50, F|
|poke|p2|Basculegion, L50, M|
|poke|p2|Gholdengo, L50|
|teampreview|4
|showteam|p1|Incineroar||MuscleBand|Intimidate|ThroatChop,FlareBlitz,FakeOut,PartingShot|Brave||F|||50|]Farigiraf||SitrusBerry|ArmorTail|FoulPlay,PsychicNoise,TrickRoom,HelpingHand|Relaxed||F|||50|]Sylveon||FairyFeather|Pixilate|HyperVoice,HyperBeam,Yawn,Detect|Modest||F|||50|]Torkoal||Charcoal|Drought|Eruption,EarthPower,Flamethrower,Protect|Quiet||F|||50|]Kangaskhan||Kangaskhanite|Scrappy|DoubleEdge,FakeOut,IcePunch,HammerArm|Brave||F|||50|]Mawile||Mawilite|HyperCutter|RockSlide,PlayRough,SuckerPunch,Protect|Brave||M|||50|
|showteam|p2|Staraptor||Staraptite|Intimidate|CloseCombat,BraveBird,Roost,Protect|Jolly||M|||50|]Rotom-Heat||SitrusBerry|Levitate|Thunderbolt,Overheat,WillOWisp,Protect|Modest|||||50|]Grimmsnarl||LightClay|Prankster|SpiritBreak,PartingShot,Reflect,LightScreen|Careful||M|||50|]Garchomp||LifeOrb|RoughSkin|Earthquake,DragonClaw,RockSlide,Protect|Jolly||F|||50|]Basculegion||ChoiceScarf|Adaptability|WaveCrash,LastRespects,AquaJet,FlipTurn|Adamant||M|||50|]Gholdengo||MetalCoat|GoodasGold|NastyPlot,MakeItRain,ShadowBall,Protect|Modest|||||50|
|
|t:|1784392064
|teamsize|p1|4
|teamsize|p2|4
|start
|switch|p1a: Farigiraf|Farigiraf, L50, F|100/100
|switch|p1b: Kangaskhan|Kangaskhan, L50, F|100/100
|switch|p2a: Grimmsnarl|Grimmsnarl, L50, M|100/100
|switch|p2b: Basculegion|Basculegion, L50, M|100/100
|turn|1
|inactive|Battle timer is ON: inactive players will automatically lose when time's up. (requested by andiom123)
|
|t:|1784392081
|move|p1b: Kangaskhan|Fake Out|p2b: Basculegion
|-damage|p2b: Basculegion|77/100
|move|p2a: Grimmsnarl|Light Screen|p2a: Grimmsnarl
|-sidestart|p2: dolphin629|move: Light Screen
|cant|p2b: Basculegion|flinch
|move|p1a: Farigiraf|Trick Room|p1a: Farigiraf
|-fieldstart|move: Trick Room|[of] p1a: Farigiraf
|
|upkeep
|turn|2
|
|t:|1784392095
|switch|p2b: Rotom|Rotom-Heat, L50|100/100
|move|p2a: Grimmsnarl|Reflect|p2a: Grimmsnarl
|-sidestart|p2: dolphin629|Reflect
|move|p1a: Farigiraf|Foul Play|p2b: Rotom
|-damage|p2b: Rotom|90/100
|move|p1b: Kangaskhan|Double-Edge|p2a: Grimmsnarl
|-damage|p2a: Grimmsnarl|60/100
|-damage|p1b: Kangaskhan|87/100|[from] Recoil
|
|upkeep
|turn|3
|inactive|andiom123 has 30 seconds left.
|
|t:|1784392123
|detailschange|p1b: Kangaskhan|Kangaskhan-Mega, L50, F
|-mega|p1b: Kangaskhan|Kangaskhan|Kangaskhanite
|move|p1a: Farigiraf|Psychic Noise|p2b: Rotom
|-damage|p2b: Rotom|70/100
|-start|p2b: Rotom|move: Heal Block
|move|p2a: Grimmsnarl|Spirit Break|p1a: Farigiraf
|-damage|p1a: Farigiraf|76/100
|-unboost|p1a: Farigiraf|spa|1
|move|p1b: Kangaskhan|Double-Edge|p2b: Rotom
|-damage|p2b: Rotom|24/100
|-damage|p2b: Rotom|12/100
|-hitcount|p2b: Rotom|2
|-damage|p1b: Kangaskhan|73/100|[from] Recoil
|move|p2b: Rotom|Will-O-Wisp|p1b: Kangaskhan
|-status|p1b: Kangaskhan|brn
|
|-damage|p1b: Kangaskhan|67/100 brn|[from] brn
|upkeep
|turn|4
|inactive|andiom123 has 30 seconds left.
|
|t:|1784392152
|switch|p1b: Sylveon|Sylveon, L50, F|100/100
|move|p2b: Rotom|Protect|p2b: Rotom
|-singleturn|p2b: Rotom|Protect
|move|p1a: Farigiraf|Foul Play|p2b: Rotom
|-activate|p2b: Rotom|move: Protect
|move|p2a: Grimmsnarl|Spirit Break|p1b: Sylveon
|-damage|p1b: Sylveon|66/100
|-unboost|p1b: Sylveon|spa|1
|
|-end|p2b: Rotom|move: Heal Block
|upkeep
|-enditem|p2b: Rotom|Sitrus Berry|[eat]
|-heal|p2b: Rotom|37/100|[from] item: Sitrus Berry
|turn|5
|
|t:|1784392174
|move|p1a: Farigiraf|Psychic Noise|p2b: Rotom
|-damage|p2b: Rotom|23/100
|-start|p2b: Rotom|move: Heal Block
|move|p1b: Sylveon|Hyper Voice|p2a: Grimmsnarl|[spread] p2a,p2b
|-supereffective|p2a: Grimmsnarl|1
|-resisted|p2b: Rotom|1
|-damage|p2a: Grimmsnarl|26/100
|-damage|p2b: Rotom|12/100
|move|p2a: Grimmsnarl|Spirit Break|p1b: Sylveon
|-crit|p1b: Sylveon
|-damage|p1b: Sylveon|19/100
|-unboost|p1b: Sylveon|spa|1
|move|p2b: Rotom|Thunderbolt|p1a: Farigiraf
|-damage|p1a: Farigiraf|42/100
|-enditem|p1a: Farigiraf|Sitrus Berry|[eat]
|-heal|p1a: Farigiraf|67/100|[from] item: Sitrus Berry
|
|-fieldend|move: Trick Room
|upkeep
|turn|6
|inactive|andiom123 has 30 seconds left.
|
|t:|1784392200
|move|p2b: Rotom|Thunderbolt|p1a: Farigiraf
|-damage|p1a: Farigiraf|33/100
|move|p1b: Sylveon|Hyper Voice|p2a: Grimmsnarl|[spread] p2a,p2b
|-supereffective|p2a: Grimmsnarl|1
|-resisted|p2b: Rotom|1
|-damage|p2a: Grimmsnarl|1/100
|-damage|p2b: Rotom|4/100
|move|p2a: Grimmsnarl|Spirit Break|p1a: Farigiraf
|-damage|p1a: Farigiraf|9/100
|-unboost|p1a: Farigiraf|spa|1
|move|p1a: Farigiraf|Trick Room|p1a: Farigiraf
|-fieldstart|move: Trick Room|[of] p1a: Farigiraf
|
|-end|p2b: Rotom|move: Heal Block
|upkeep
|turn|7
|
|t:|1784392225
|switch|p1a: Torkoal|Torkoal, L50, F|100/100
|-weather|SunnyDay|[from] ability: Drought|[of] p1a: Torkoal
|move|p1b: Sylveon|Hyper Voice|p2b: Rotom|[spread] p2a,p2b
|-supereffective|p2a: Grimmsnarl|1
|-resisted|p2b: Rotom|1
|-damage|p2a: Grimmsnarl|0 fnt
|-damage|p2b: Rotom|0 fnt
|faint|p2a: Grimmsnarl
|faint|p2b: Rotom
|
|-weather|SunnyDay|[upkeep]
|upkeep
|
|t:|1784392231
|switch|p2a: Basculegion|Basculegion, L50, M|77/100
|switch|p2b: Staraptor|Staraptor, L50, M|100/100
|-ability|p2b: Staraptor|Intimidate|boost
|-unboost|p1a: Torkoal|atk|1
|-unboost|p1b: Sylveon|atk|1
|turn|8
|inactive|dolphin629 has 30 seconds left.
|
|t:|1784392256
|detailschange|p2b: Staraptor|Staraptor-Mega, L50, M
|-mega|p2b: Staraptor|Staraptor|Staraptite
|move|p2b: Staraptor|Protect|p2b: Staraptor
|-singleturn|p2b: Staraptor|Protect
|move|p1a: Torkoal|Eruption|p2a: Basculegion|[spread] p2a
|-activate|p2b: Staraptor|move: Protect
|-resisted|p2a: Basculegion|1
|-damage|p2a: Basculegion|46/100
|move|p1b: Sylveon|Hyper Voice|p2a: Basculegion|[spread] p2a
|-activate|p2b: Staraptor|move: Protect
|-damage|p2a: Basculegion|28/100
|move|p2a: Basculegion|Last Respects|p1b: Sylveon
|-damage|p1b: Sylveon|0 fnt
|faint|p1b: Sylveon
|
|-weather|SunnyDay|[upkeep]
|-sideend|p2: dolphin629|move: Light Screen
|upkeep
|
|t:|1784392277
|switch|p1b: Kangaskhan|Kangaskhan-Mega, L50, F|67/100 brn
|turn|9
|
|t:|1784392284
|move|p1b: Kangaskhan|Fake Out|p2b: Staraptor
|-damage|p2b: Staraptor|91/100
|-damage|p2b: Staraptor|90/100
|-hitcount|p2b: Staraptor|2
|move|p1a: Torkoal|Eruption|p2a: Basculegion|[spread] p2a,p2b
|-resisted|p2a: Basculegion|1
|-damage|p2a: Basculegion|0 fnt
|-damage|p2b: Staraptor|0 fnt
|faint|p2a: Basculegion
|faint|p2b: Staraptor
|
|win|andiom123
|raw|andiom123's rating: 1199 → 1224(+25 for winning)
|raw|dolphin629's rating: 1198 → 1173(-25 for losing)
|l|☆dolphin629
|player|p2|
