|j|☆JeffsFries
|j|☆sum1dum
|html|JeffsFriessum1dum    
|uhtml|bestof|Game 1 of a best-of-3
|t:|1785724812
|gametype|doubles
|player|p1|JeffsFries|alder|1033
|player|p2|sum1dum|rosa|1146
|gen|9
|tier|[Gen 9 Champions] VGC 2026 Reg M-B (Bo3)
|rated|
|rule|Species Clause: Limit one of each Pokémon
|rule|Item Clause: Limit 1 of each item
|clearpoke
|poke|p1|Ninetales-Alola, L50, F|
|poke|p1|Medicham, L50, F|
|poke|p1|Raichu, L50, M|
|poke|p1|Aerodactyl, L50, M|
|poke|p1|Maushold-Four, L50|
|poke|p1|Basculegion, L50, M|
|poke|p2|Gliscor, L50, M|
|poke|p2|Primarina, L50, F|
|poke|p2|Metagross, L50|
|poke|p2|Ninetales-Alola, L50, M|
|poke|p2|Incineroar, L50, F|
|poke|p2|Sinistcha, L50|
|teampreview|4
|showteam|p1|Ninetales-Alola||NeverMeltIce|SnowWarning|Blizzard,FreezeDry,Protect,Encore|Timid||F|||50|]Medicham||Medichamite|PurePower|FakeOut,CloseCombat,PsychoCut,Protect|Adamant||F|||50|]Raichu||RaichuniteY|Static|ZapCannon,Protect,FakeOut,FocusBlast|Timid||M|||50|]Aerodactyl||FocusSash|Unnerve|RockSlide,Tailwind,DualWingbeat,Protect|Jolly||M|||50|]Maushold-Four||ChopleBerry|FriendGuard|FollowMe,Protect,SuperFang,Taunt|Impish|||||50|]Basculegion||LifeOrb|Adaptability|LastRespects,AquaJet,WaveCrash,Protect|Adamant||M|||50|
|showteam|p2|Gliscor||LifeOrb|HyperCutter|DualWingbeat,HighHorsepower,Protect,RockSlide|Jolly||M|||50|]Primarina||Leftovers|LiquidVoice|CalmMind,HyperVoice,Moonblast,Protect|Modest||F|||50|]Metagross||Metagrossite|ClearBody|BulletPunch,IronHead,Protect,PsychicFangs|Jolly|||||50|]Ninetales-Alola||LightClay|SnowWarning|AuroraVeil,FreezeDry,Moonblast,Protect|Timid||M|||50|]Incineroar||ChopleBerry|Intimidate|FakeOut,FlareBlitz,DarkestLariat,PartingShot|Impish||F|||50|]Sinistcha||SitrusBerry|Hospitality|MatchaGotcha,Protect,LifeDew,RagePowder|Bold|||||50|
|inactive|Battle timer is ON: inactive players will automatically lose when time's up. (requested by sum1dum)
|inactive|sum1dum has 60 seconds left.
|
|t:|1785724852
|teamsize|p1|4
|teamsize|p2|4
|start
|switch|p1a: Aerodactyl|Aerodactyl, L50, M|100/100
|switch|p1b: Medicham|Medicham, L50, F|100/100
|switch|p2a: Incineroar|Incineroar, L50, F|100/100
|switch|p2b: Metagross|Metagross, L50|100/100
|-ability|p1a: Aerodactyl|Unnerve
|-ability|p2a: Incineroar|Intimidate|boost
|-unboost|p1a: Aerodactyl|atk|1
|-unboost|p1b: Medicham|atk|1
|turn|1
|inactive|sum1dum has 30 seconds left.
|
|t:|1785724886
|detailschange|p2b: Metagross|Metagross-Mega, L50
|-mega|p2b: Metagross|Metagross|Metagrossite
|detailschange|p1b: Medicham|Medicham-Mega, L50, F
|-mega|p1b: Medicham|Medicham|Medichamite
|move|p1b: Medicham|Fake Out|p2a: Incineroar
|-damage|p2a: Incineroar|86/100
|cant|p2a: Incineroar|flinch
|move|p1a: Aerodactyl|Tailwind|p1a: Aerodactyl
|-sidestart|p1: JeffsFries|move: Tailwind
|move|p2b: Metagross|Iron Head|p1a: Aerodactyl
|-supereffective|p1a: Aerodactyl|1
|-enditem|p1a: Aerodactyl|Focus Sash
|-damage|p1a: Aerodactyl|1/100
|
|upkeep
|turn|2
|
|t:|1785724910
|move|p2b: Metagross|Bullet Punch|p1a: Aerodactyl
|-supereffective|p1a: Aerodactyl|1
|-crit|p1a: Aerodactyl
|-damage|p1a: Aerodactyl|0 fnt
|faint|p1a: Aerodactyl
|move|p1b: Medicham|Close Combat|p2b: Metagross
|-damage|p2b: Metagross|42/100
|-unboost|p1b: Medicham|def|1
|-unboost|p1b: Medicham|spd|1
|move|p2a: Incineroar|Parting Shot|p1b: Medicham
|-unboost|p1b: Medicham|atk|1
|-unboost|p1b: Medicham|spa|1
|
|t:|1785724915
|switch|p2a: Sinistcha|Sinistcha, L50|100/100|[from] Parting Shot
|-heal|p2b: Metagross|67/100|[from] ability: Hospitality|[of] p2a: Sinistcha
|
|upkeep
|
|t:|1785724933
|switch|p1a: Basculegion|Basculegion, L50, M|100/100
|turn|3
|
|t:|1785724940
|switch|p2b: Incineroar|Incineroar, L50, F|86/100
|-ability|p2b: Incineroar|Intimidate|boost
|-unboost|p1a: Basculegion|atk|1
|-unboost|p1b: Medicham|atk|1
|move|p1b: Medicham|Protect|p1b: Medicham
|-singleturn|p1b: Medicham|Protect
|move|p1a: Basculegion|Last Respects|p2b: Incineroar
|-resisted|p2b: Incineroar|1
|-damage|p2b: Incineroar|60/100
|-damage|p1a: Basculegion|90/100|[from] item: Life Orb
|move|p2a: Sinistcha|Matcha Gotcha|p1a: Basculegion|[spread] p1a
|-activate|p1b: Medicham|move: Protect
|-supereffective|p1a: Basculegion|1
|-damage|p1a: Basculegion|37/100
|
|upkeep
|turn|4
|inactive|sum1dum has 30 seconds left.
|inactive|sum1dum has 20 seconds left.
|
|t:|1785724977
|switch|p1b: Ninetales|Ninetales-Alola, L50, F|100/100
|-weather|Snowscape|[from] ability: Snow Warning|[of] p1b: Ninetales
|move|p1a: Basculegion|Aqua Jet|p2b: Incineroar
|-supereffective|p2b: Incineroar|1
|-damage|p2b: Incineroar|17/100
|-damage|p1a: Basculegion|27/100|[from] item: Life Orb
|move|p2a: Sinistcha|Matcha Gotcha|p1a: Basculegion|[spread] p1a,p1b
|-supereffective|p1a: Basculegion|1
|-damage|p1a: Basculegion|0 fnt
|-damage|p1b: Ninetales|73/100
|faint|p1a: Basculegion
|move|p2b: Incineroar|Parting Shot|p1b: Ninetales
|-unboost|p1b: Ninetales|atk|1
|-unboost|p1b: Ninetales|spa|1
|
|t:|1785724982
|switch|p2b: Metagross|Metagross-Mega, L50|67/100|[from] Parting Shot
|
|-weather|Snowscape|[upkeep]
|-sideend|p1: JeffsFries|move: Tailwind
|upkeep
|
|t:|1785724994
|switch|p1a: Medicham|Medicham-Mega, L50, F|100/100
|turn|5
|
|t:|1785725005
|move|p2b: Metagross|Protect|p2b: Metagross
|-singleturn|p2b: Metagross|Protect
|move|p1b: Ninetales|Protect|p1b: Ninetales
|-singleturn|p1b: Ninetales|Protect
|move|p2a: Sinistcha|Protect|p2a: Sinistcha
|-singleturn|p2a: Sinistcha|Protect
|move|p1a: Medicham|Fake Out|p2b: Metagross
|-activate|p2b: Metagross|move: Protect
|
|-weather|Snowscape|[upkeep]
|upkeep
|turn|6
|
|t:|1785725028
|switch|p2a: Incineroar|Incineroar, L50, F|17/100
|-ability|p2a: Incineroar|Intimidate|boost
|-unboost|p1a: Medicham|atk|1
|-unboost|p1b: Ninetales|atk|1
|move|p2b: Metagross|Iron Head|p1b: Ninetales
|-supereffective|p1b: Ninetales|2
|-damage|p1b: Ninetales|0 fnt
|faint|p1b: Ninetales
|move|p1a: Medicham|Close Combat|p2b: Metagross
|-damage|p2b: Metagross|3/100
|-unboost|p1a: Medicham|def|1
|-unboost|p1a: Medicham|spd|1
|
|-weather|Snowscape|[upkeep]
|upkeep
|turn|7
|
|t:|1785725043
|move|p1a: Medicham|Protect|p1a: Medicham
|-singleturn|p1a: Medicham|Protect
|move|p2a: Incineroar|Fake Out|p1a: Medicham
|-activate|p1a: Medicham|move: Protect
|move|p2b: Metagross|Psychic Fangs|p1a: Medicham
|-activate|p1a: Medicham|move: Protect
|
|-weather|Snowscape|[upkeep]
|upkeep
|turn|8
|
|t:|1785725055
|switch|p2a: Sinistcha|Sinistcha, L50|100/100
|-heal|p2b: Metagross|28/100|[from] ability: Hospitality|[of] p2a: Sinistcha
|move|p2b: Metagross|Psychic Fangs|p1a: Medicham
|-damage|p1a: Medicham|0 fnt
|faint|p1a: Medicham
|
|win|sum1dum
