|j|☆Astonished25
|j|☆tmmc01
|html|Astonished25tmmc01    
|uhtml|bestof|Game 3 of a best-of-3
|t:|1785863391
|gametype|doubles
|player|p1|Astonished25|tate|
|player|p2|tmmc01|artist|
|gen|9
|tier|[Gen 9 Champions] VGC 2026 Reg M-B (Bo3)
|rule|Species Clause: Limit one of each Pokémon
|rule|Item Clause: Limit 1 of each item
|clearpoke
|poke|p1|Venusaur, L50, M|
|poke|p1|Charizard, L50, M|
|poke|p1|Grimmsnarl, L50, M|
|poke|p1|Archaludon, L50, F|
|poke|p1|Basculegion, L50, M|
|poke|p1|Pelipper, L50, F|
|poke|p2|Farigiraf, L50, M|
|poke|p2|Charizard, L50, M, shiny|
|poke|p2|Sylveon, L50, M|
|poke|p2|Garchomp, L50, F|
|poke|p2|Aerodactyl, L50, F|
|poke|p2|Kingambit, L50, M|
|teampreview|4
|showteam|p1|Venusaur||FocusSash|Chlorophyll|SludgeBomb,EarthPower,SleepPowder,Protect|Modest||M|||50|]Charizard||CharizarditeY|Blaze|Protect,HeatWave,SolarBeam,WeatherBall|Modest||M|||50|]Grimmsnarl||LightClay|Prankster|SpiritBreak,LightScreen,Reflect,PartingShot|Sassy||M|||50|]Archaludon||Leftovers|Stamina|ElectroShot,DragonPulse,FlashCannon,Protect|Calm||F|||50|]Basculegion||ChoiceScarf|Adaptability|WaveCrash,LastRespects,AquaJet,FlipTurn|Jolly||M|||50|]Pelipper||SitrusBerry|Drizzle|Hurricane,WeatherBall,Tailwind,WideGuard|Modest||F|||50|
|showteam|p2|Farigiraf||SitrusBerry|ArmorTail|TrickRoom,SunnyDay,TwinBeam,Thunderbolt|Relaxed||M|||50|]Charizard||CharizarditeY|Blaze|Protect,HeatWave,SolarBeam,WeatherBall|Modest||M|||50|]Sylveon||FairyFeather|Pixilate|HyperVoice,Detect,QuickAttack,HyperBeam|Modest||M|||50|]Garchomp||LifeOrb|RoughSkin|Protect,Earthquake,StompingTantrum,DragonClaw|Jolly||F|||50|]Aerodactyl||Aerodactylite|RockHead|Tailwind,SunnyDay,DualWingbeat,RockSlide|Jolly||F|||50|]Kingambit||FocusSash|Defiant|LowKick,SuckerPunch,KowtowCleave,IronHead|Adamant||M|||50|
|inactive|Battle timer is ON: inactive players will automatically lose when time's up. (requested by Astonished25)
|
|t:|1785863407
|teamsize|p1|4
|teamsize|p2|4
|start
|switch|p1a: Charizard|Charizard, L50, M|100/100
|switch|p1b: Venusaur|Venusaur, L50, M|100/100
|switch|p2a: Aerodactyl|Aerodactyl, L50, F|100/100
|switch|p2b: Farigiraf|Farigiraf, L50, M|100/100
|turn|1
|
|t:|1785863414
|detailschange|p2a: Aerodactyl|Aerodactyl-Mega, L50, F
|-mega|p2a: Aerodactyl|Aerodactyl|Aerodactylite
|detailschange|p1a: Charizard|Charizard-Mega-Y, L50, M
|-mega|p1a: Charizard|Charizard|Charizardite Y
|-weather|SunnyDay|[from] ability: Drought|[of] p1a: Charizard
|move|p1b: Venusaur|Sleep Powder|p2a: Aerodactyl
|-status|p2a: Aerodactyl|slp|[from] move: Sleep Powder
|cant|p2a: Aerodactyl|slp
|move|p1a: Charizard|Weather Ball|p2b: Farigiraf
|-damage|p2b: Farigiraf|20/100y
|-enditem|p2b: Farigiraf|Sitrus Berry|[eat]
|-heal|p2b: Farigiraf|45/100|[from] item: Sitrus Berry
|move|p2b: Farigiraf|Trick Room|p2b: Farigiraf
|-fieldstart|move: Trick Room|[of] p2b: Farigiraf
|
|-weather|SunnyDay|[upkeep]
|upkeep
|turn|2
|
|t:|1785863430
|switch|p1b: Archaludon|Archaludon, L50, F|100/100
|move|p2b: Farigiraf|Twin Beam|p1b: Archaludon
|-resisted|p1b: Archaludon|1
|-damage|p1b: Archaludon|93/100
|-ability|p1b: Archaludon|Stamina|boost
|-boost|p1b: Archaludon|def|1
|-resisted|p1b: Archaludon|1
|-damage|p1b: Archaludon|87/100
|-ability|p1b: Archaludon|Stamina|boost
|-boost|p1b: Archaludon|def|1
|-hitcount|p1b: Archaludon|2
|move|p1a: Charizard|Solar Beam||[still]
|-prepare|p1a: Charizard|Solar Beam
|-anim|p1a: Charizard|Solar Beam|p2a: Aerodactyl
|-damage|p2a: Aerodactyl|51/100 slp
|-curestatus|p2a: Aerodactyl|slp|[msg]
|move|p2a: Aerodactyl|Rock Slide|p1a: Charizard|[spread] p1a,p1b
|-supereffective|p1a: Charizard|2
|-resisted|p1b: Archaludon|1
|-damage|p1a: Charizard|0 fnt
|-damage|p1b: Archaludon|83/100
|-ability|p1b: Archaludon|Stamina|boost
|-boost|p1b: Archaludon|def|1
|faint|p1a: Charizard
|
|-weather|SunnyDay|[upkeep]
|-heal|p1b: Archaludon|89/100|[from] item: Leftovers
|upkeep
|
|t:|1785863448
|switch|p1a: Pelipper|Pelipper, L50, F|100/100
|-weather|RainDance|[from] ability: Drizzle|[of] p1a: Pelipper
|turn|3
|
|t:|1785863455
|switch|p2a: Sylveon|Sylveon, L50, M|100/100
|move|p2b: Farigiraf|Sunny Day|p2b: Farigiraf
|-weather|SunnyDay
|move|p1a: Pelipper|Hurricane|p2b: Farigiraf|[miss]
|-miss|p1a: Pelipper|p2b: Farigiraf
|move|p1b: Archaludon|Electro Shot||[still]
|-prepare|p1b: Archaludon|Electro Shot
|-boost|p1b: Archaludon|spa|1
|
|-weather|SunnyDay|[upkeep]
|-heal|p1b: Archaludon|95/100|[from] item: Leftovers
|upkeep
|turn|4
|
|t:|1785863466
|move|p2b: Farigiraf|Thunderbolt|p1a: Pelipper
|-supereffective|p1a: Pelipper|2
|-damage|p1a: Pelipper|0 fnt
|faint|p1a: Pelipper
|move|p2a: Sylveon|Hyper Beam|p1b: Archaludon
|-damage|p1b: Archaludon|2/100
|-mustrecharge|p2a: Sylveon
|-ability|p1b: Archaludon|Stamina|boost
|-boost|p1b: Archaludon|def|1
|move|p1b: Archaludon|Electro Shot|p2b: Farigiraf|[from] lockedmove
|-damage|p2b: Farigiraf|0 fnt
|faint|p2b: Farigiraf
|
|-weather|SunnyDay|[upkeep]
|-heal|p1b: Archaludon|8/100|[from] item: Leftovers
|upkeep
|
|t:|1785863476
|switch|p2b: Garchomp|Garchomp, L50, F|100/100
|switch|p1a: Venusaur|Venusaur, L50, M|100/100
|turn|5
|c|☆Astonished25|me oolvide el sunny day
|c|☆Astonished25|XD
|
|t:|1785863486
|cant|p2a: Sylveon|recharge
|move|p1b: Archaludon|Dragon Pulse|p2b: Garchomp
|-supereffective|p2b: Garchomp|1
|-damage|p2b: Garchomp|0 fnt
|faint|p2b: Garchomp
|move|p1a: Venusaur|Sludge Bomb|p2a: Sylveon
|-supereffective|p2a: Sylveon|1
|-damage|p2a: Sylveon|26/100
|
|-weather|SunnyDay|[upkeep]
|-heal|p1b: Archaludon|14/100|[from] item: Leftovers
|-fieldend|move: Trick Room
|upkeep
|
|t:|1785863491
|switch|p2b: Aerodactyl|Aerodactyl-Mega, L50, F|51/100
|turn|6
|c|☆tmmc01|Pt pero me cagó que no mate el hyper beam
|c|☆Astonished25|le cambie entre el g2 y g3 los spreads
|
|t:|1785863514
|move|p1a: Venusaur|Sleep Powder|p2b: Aerodactyl
|-status|p2b: Aerodactyl|slp|[from] move: Sleep Powder
|cant|p2b: Aerodactyl|slp
|move|p1b: Archaludon|Flash Cannon|p2a: Sylveon
|-supereffective|p2a: Sylveon|1
|-damage|p2a: Sylveon|0 fnt
|faint|p2a: Sylveon
|
|-weather|SunnyDay|[upkeep]
|-heal|p1b: Archaludon|20/100y|[from] item: Leftovers
|upkeep
|turn|7
|c|☆Astonished25|32 hp 32 spd
|c|☆tmmc01|Ni putas cagando 😭
|
|t:|1785863529
|move|p1a: Venusaur|Sludge Bomb|p2b: Aerodactyl
|-resisted|p2b: Aerodactyl|1
|-damage|p2b: Aerodactyl|31/100 slp
|cant|p2b: Aerodactyl|slp
|move|p1b: Archaludon|Flash Cannon|p2b: Aerodactyl
|-supereffective|p2b: Aerodactyl|1
|-damage|p2b: Aerodactyl|0 fnt
|faint|p2b: Aerodactyl
|
|win|Astonished25
|c|☆Astonished25|otra?
|l|☆tmmc01
|player|p2|
|j|☆tmmc01
|player|p2|tmmc01|artist|
|l|☆tmmc01
|player|p2|
