|j|☆DamEdge
|j|☆hundo_hunter24
|html|DamEdgehundo_hunter24    
|uhtml|bestof|Game 2 of a best-of-3
|t:|1757861736
|gametype|doubles
|player|p1|DamEdge|teamrocket|1088
|player|p2|hundo_hunter24|1|1007
|gen|9
|tier|[Gen 9] VGC 2025 Reg H (Bo3)
|rated|
|rule|Species Clause: Limit one of each Pokémon
|rule|Item Clause: Limit 1 of each item
|clearpoke
|poke|p1|Cloyster, L50, M|
|poke|p1|Tyranitar, L50, F|
|poke|p1|Indeedee-F, L50, F|
|poke|p1|Whimsicott, L50, F|
|poke|p1|Espeon, L50, M|
|poke|p1|Annihilape, L50, F|
|poke|p2|Ursaluna-Bloodmoon, L50, M|
|poke|p2|Ninetales-Alola, L50, M|
|poke|p2|Sinistcha, L50|
|poke|p2|Dragapult, L50, M|
|poke|p2|Electabuzz, L50, M|
|poke|p2|Tauros-Paldea-Blaze, L50, M|
|teampreview|4
|showteam|p1|Cloyster||FocusSash|SkillLink|IcicleSpear,RockBlast,ShellSmash,Protect|||M|||50|,,,,,Ghost]Tyranitar||AssaultVest|SandStream|RockSlide,KnockOff,LowKick,TeraBlast|||F|||50|,,,,,Flying]Indeedee-F||PsychicSeed|PsychicSurge|Psychic,FollowMe,TrickRoom,HelpingHand|||F|||50|,,,,,Fairy]Whimsicott||CovertCloak|Prankster|Moonblast,BeatUp,Tailwind,Encore|||F|||50|,,,,,Dark]Espeon||LifeOrb|MagicBounce|ExpandingForce,DazzlingGleam,TeraBlast,Protect|||M|||50|,,,,,Fighting]Annihilape||SafetyGoggles|Defiant|DrainPunch,RageFist,BulkUp,Protect|||F|||50|,,,,,Fire
|showteam|p2|Ursaluna-Bloodmoon||ThroatSpray|MindsEye|HyperVoice,BloodMoon,EarthPower,Protect|||M|||50|,,,,,Normal]Ninetales-Alola||LightClay|SnowWarning|AuroraVeil,Blizzard,Protect,Encore|||M|||50|,,,,,Water]Sinistcha||SitrusBerry|Hospitality|TrickRoom,FoulPlay,RagePowder,LifeDew||||||50|,,,,,Water]Dragapult||ChoiceBand|ClearBody|Uturn,DragonDarts,TeraBlast,PhantomForce|||M|||50|,,,,,Ghost]Electabuzz||Eviolite|VitalSpirit|FollowMe,Taunt,Protect,KnockOff|||M|||50|,,,,,Dragon]Tauros-Paldea-Blaze||LifeOrb|Intimidate|CloseCombat,FlareBlitz,WildCharge,Protect|||M|||50|,,,,,Stellar
|
|t:|1757861766
|teamsize|p1|4
|teamsize|p2|4
|start
|switch|p1a: Whimsicott|Whimsicott, L50, F|100/100
|switch|p1b: Annihilape|Annihilape, L50, F|100/100
|switch|p2a: Dragapult|Dragapult, L50, M, shiny|100/100
|switch|p2b: Ursaluna|Ursaluna-Bloodmoon, L50, M|100/100
|turn|1
|
|t:|1757861797
|-terastallize|p1b: Annihilape|Fire
|move|p2a: Dragapult|Phantom Force||[still]
|-prepare|p2a: Dragapult|Phantom Force
|move|p1a: Whimsicott|Beat Up|p1b: Annihilape
|-damage|p1b: Annihilape|99/100
|-damage|p1b: Annihilape|96/100
|-damage|p1b: Annihilape|94/100
|-damage|p1b: Annihilape|92/100
|-hitcount|p1b: Annihilape|4
|move|p1b: Annihilape|Rage Fist|p2a: Dragapult|[miss]
|-miss|p1b: Annihilape|p2a: Dragapult
|move|p2b: Ursaluna|Hyper Voice|p1b: Annihilape|[spread] p1a,p1b
|-crit|p1b: Annihilape
|-damage|p1a: Whimsicott|45/100
|-damage|p1b: Annihilape|41/100
|-enditem|p2b: Ursaluna|Throat Spray
|-boost|p2b: Ursaluna|spa|1|[from] item: Throat Spray
|
|upkeep
|turn|2
|
|t:|1757861819
|switch|p1b: Indeedee|Indeedee-F, L50, F|100/100
|-fieldstart|move: Psychic Terrain|[from] ability: Psychic Surge|[of] p1b: Indeedee
|-enditem|p1b: Indeedee|Psychic Seed
|-boost|p1b: Indeedee|spd|1|[from] item: Psychic Seed
|move|p2a: Dragapult|Phantom Force|p1b: Indeedee|[from] lockedmove
|-immune|p1b: Indeedee
|move|p1a: Whimsicott|Moonblast|p2b: Ursaluna
|-damage|p2b: Ursaluna|74/100
|move|p2b: Ursaluna|Hyper Voice|p1b: Indeedee|[spread] p1a,p1b
|-damage|p1a: Whimsicott|0 fnt
|-damage|p1b: Indeedee|64/100
|faint|p1a: Whimsicott
|
|upkeep
|
|t:|1757861834
|switch|p1a: Espeon|Espeon, L50, M|100/100
|turn|3
|
|t:|1757861842
|move|p1b: Indeedee|Helping Hand|p1a: Espeon
|-singleturn|p1a: Espeon|Helping Hand|[of] p1b: Indeedee
|move|p2a: Dragapult|Phantom Force||[still]
|-prepare|p2a: Dragapult|Phantom Force
|move|p1a: Espeon|Expanding Force|p2a: Dragapult|[spread] p2b
|-miss|p1a: Espeon|p2a: Dragapult
|-damage|p2b: Ursaluna|0 fnt
|faint|p2b: Ursaluna
|-damage|p1a: Espeon|91/100|[from] item: Life Orb
|
|upkeep
|
|t:|1757861849
|switch|p2b: Ninetales|Ninetales-Alola, L50, M, shiny|100/100
|-weather|Snowscape|[from] ability: Snow Warning|[of] p2b: Ninetales
|turn|4
|
|t:|1757861856
|move|p1b: Indeedee|Follow Me|p1b: Indeedee
|-singleturn|p1b: Indeedee|move: Follow Me
|move|p2a: Dragapult|Phantom Force|p1b: Indeedee|[from] lockedmove
|-immune|p1b: Indeedee
|move|p1a: Espeon|Expanding Force|p2b: Ninetales|[spread] p2a,p2b
|-damage|p2a: Dragapult|0 fnt
|-damage|p2b: Ninetales|16/100
|faint|p2a: Dragapult
|-damage|p1a: Espeon|81/100|[from] item: Life Orb
|move|p2b: Ninetales|Aurora Veil|p2b: Ninetales
|-sidestart|p2: hundo_hunter24|move: Aurora Veil
|
|-weather|Snowscape|[upkeep]
|upkeep
|
|t:|1757861862
|switch|p2a: Tauros|Tauros-Paldea-Blaze, L50, M, shiny|100/100
|-ability|p2a: Tauros|Intimidate|boost
|-unboost|p1a: Espeon|atk|1
|-unboost|p1b: Indeedee|atk|1
|turn|5
|
|t:|1757861879
|-terastallize|p2a: Tauros|Stellar
|move|p1b: Indeedee|Helping Hand|p1a: Espeon
|-singleturn|p1a: Espeon|Helping Hand|[of] p1b: Indeedee
|move|p2b: Ninetales|Protect|p2b: Ninetales
|-singleturn|p2b: Ninetales|Protect
|move|p1a: Espeon|Expanding Force|p2b: Ninetales|[spread] p2a
|-activate|p2b: Ninetales|move: Protect
|-supereffective|p2a: Tauros
|-crit|p2a: Tauros
|-damage|p2a: Tauros|0 fnt
|faint|p2a: Tauros
|-damage|p1a: Espeon|71/100|[from] item: Life Orb
|
|-weather|Snowscape|[upkeep]
|upkeep
|turn|6
|
|t:|1757861894
|move|p1b: Indeedee|Follow Me|p1b: Indeedee
|-singleturn|p1b: Indeedee|move: Follow Me
|move|p1a: Espeon|Expanding Force|p2b: Ninetales
|-damage|p2b: Ninetales|0 fnt
|faint|p2b: Ninetales
|-damage|p1a: Espeon|61/100|[from] item: Life Orb
|
|win|DamEdge
|raw|DamEdge's rating: 1088 → 1109(+21 for winning)
|raw|hundo_hunter24's rating: 1007 → 1000(-7 for losing)
|l|☆DamEdge
|player|p1|
