|j|☆FireFerret12
|j|☆roman_legend
|html|FireFerret12roman_legend    
|uhtml|bestof|Game 1 of a best-of-3
|t:|1756664903
|gametype|doubles
|player|p1|FireFerret12|nate|1117
|player|p2|roman_legend|169|1066
|gen|9
|tier|[Gen 9] VGC 2025 Reg H (Bo3)
|rated|
|rule|Species Clause: Limit one of each Pokémon
|rule|Item Clause: Limit 1 of each item
|clearpoke
|poke|p1|Incineroar, L50, M|
|poke|p1|Gholdengo, L50|
|poke|p1|Rillaboom, L50, F|
|poke|p1|Farigiraf, L50, F|
|poke|p1|Dragonite, L50, M|
|poke|p1|Primarina, L50, F|
|poke|p2|Gholdengo, L50|
|poke|p2|Sneasler, L50, M|
|poke|p2|Rillaboom, L50, F|
|poke|p2|Dragonite, L50, F|
|poke|p2|Ninetales-Alola, L50, M|
|poke|p2|Arcanine-Hisui, L50, M|
|teampreview|4
|showteam|p1|Incineroar||AssaultVest|Intimidate|FakeOut,FlareBlitz,KnockOff,Uturn|||M|||50|,,,,,Grass]Gholdengo||GrassySeed|GoodasGold|MakeItRain,ShadowBall,NastyPlot,Protect||||||50|,,,,,Water]Rillaboom||MiracleSeed|GrassySurge|FakeOut,GrassyGlide,WoodHammer,Uturn|||F|||50|,,,,,Fire]Farigiraf||ThroatSpray|ArmorTail|Psychic,HyperVoice,TrickRoom,Protect|||F|||50|,,,,,Water]Dragonite||LoadedDice|Multiscale|ExtremeSpeed,ScaleShot,Tailwind,Protect|||M|||50|,,,,,Steel]Primarina||ChoiceSpecs|LiquidVoice|Moonblast,HyperVoice,IcyWind,FlipTurn|||F|||50|,,,,,Poison
|showteam|p2|Gholdengo||GrassySeed|GoodasGold|NastyPlot,MakeItRain,ShadowBall,Protect||||||50|,,,,,Water]Sneasler||WhiteHerb|Unburden|CloseCombat,DireClaw,Coaching,Protect|||M|||50|,,,,,Ghost]Rillaboom||AssaultVest|GrassySurge|FakeOut,GrassyGlide,DrumBeating,HighHorsepower|||F|||50|,,,,,Fire]Dragonite||LoadedDice|Multiscale|ScaleShot,StompingTantrum,Tailwind,Protect|||F|||50|,,,,,Ground]Ninetales-Alola||FocusSash|SnowWarning|Blizzard,IcyWind,Encore,AuroraVeil|||M|||50|,,,,,Ghost]Arcanine-Hisui||ClearAmulet|Intimidate|RockSlide,FlareBlitz,ExtremeSpeed,Protect|||M|||50|,,,,,Water
|
|t:|1756664958
|teamsize|p1|4
|teamsize|p2|4
|start
|switch|p1a: Farigiraf|Farigiraf, L50, F|100/100
|switch|p1b: Gholdengo|Gholdengo, L50|100/100
|switch|p2a: Gholdengo|Gholdengo, L50, shiny|100/100
|switch|p2b: Ninetales|Ninetales-Alola, L50, M|100/100
|-weather|Snowscape|[from] ability: Snow Warning|[of] p2b: Ninetales
|turn|1
|inactive|Battle timer is ON: inactive players will automatically lose when time's up. (requested by roman_legend)
|
|t:|1756664984
|switch|p1b: Incineroar|Incineroar, L50, M|100/100
|-ability|p1b: Incineroar|Intimidate|boost
|-unboost|p2a: Gholdengo|atk|1
|-unboost|p2b: Ninetales|atk|1
|move|p2b: Ninetales|Aurora Veil|p2b: Ninetales
|-sidestart|p2: roman_legend|move: Aurora Veil
|move|p2a: Gholdengo|Nasty Plot|p2a: Gholdengo
|-boost|p2a: Gholdengo|spa|2
|move|p1a: Farigiraf|Trick Room|p1a: Farigiraf
|-fieldstart|move: Trick Room|[of] p1a: Farigiraf
|
|-weather|Snowscape|[upkeep]
|upkeep
|turn|2
|inactive|roman_legend has 30 seconds left.
|inactive|roman_legend has 20 seconds left.
|inactive|roman_legend has 15 seconds left.
|
|t:|1756665028
|switch|p2b: Dragonite|Dragonite, L50, F|100/100
|move|p2a: Gholdengo|Protect|p2a: Gholdengo
|-singleturn|p2a: Gholdengo|Protect
|move|p1b: Incineroar|Knock Off|p2a: Gholdengo
|-activate|p2a: Gholdengo|move: Protect
|move|p1a: Farigiraf|Hyper Voice|p2b: Dragonite|[spread] p2b
|-activate|p2a: Gholdengo|move: Protect
|-damage|p2b: Dragonite|91/100
|-enditem|p1a: Farigiraf|Throat Spray
|-boost|p1a: Farigiraf|spa|1|[from] item: Throat Spray
|
|-weather|Snowscape|[upkeep]
|upkeep
|turn|3
|inactive|roman_legend has 30 seconds left.
|inactive|roman_legend has 20 seconds left.
|inactive|roman_legend has 15 seconds left.
|inactive|roman_legend has 10 seconds left.
|
|t:|1756665074
|-terastallize|p2b: Dragonite|Ground
|move|p1b: Incineroar|Knock Off|p2a: Gholdengo
|-supereffective|p2a: Gholdengo
|-damage|p2a: Gholdengo|56/100
|-enditem|p2a: Gholdengo|Grassy Seed|[from] move: Knock Off|[of] p1b: Incineroar
|move|p1a: Farigiraf|Hyper Voice|p2a: Gholdengo|[spread] p2b
|-immune|p2a: Gholdengo
|-damage|p2b: Dragonite|62/100
|move|p2b: Dragonite|Stomping Tantrum|p1b: Incineroar
|-supereffective|p1b: Incineroar
|-damage|p1b: Incineroar|13/100
|move|p2a: Gholdengo|Nasty Plot|p2a: Gholdengo
|-boost|p2a: Gholdengo|spa|2
|
|-weather|Snowscape|[upkeep]
|upkeep
|turn|4
|inactive|roman_legend has 30 seconds left.
|inactive|roman_legend has 20 seconds left.
|
|t:|1756665116
|move|p1b: Incineroar|Flare Blitz|p2a: Gholdengo
|-supereffective|p2a: Gholdengo
|-damage|p2a: Gholdengo|0 fnt
|faint|p2a: Gholdengo
|-damage|p1b: Incineroar|0 fnt|[from] Recoil
|faint|p1b: Incineroar
|move|p1a: Farigiraf|Psychic|p2b: Dragonite
|-damage|p2b: Dragonite|24/100
|-unboost|p2b: Dragonite|spd|1
|move|p2b: Dragonite|Scale Shot|p1a: Farigiraf
|-damage|p1a: Farigiraf|88/100
|-damage|p1a: Farigiraf|74/100
|-damage|p1a: Farigiraf|59/100
|-damage|p1a: Farigiraf|46/100
|-hitcount|p1a: Farigiraf|4
|-unboost|p2b: Dragonite|def|1
|-boost|p2b: Dragonite|spe|1
|
|-weather|Snowscape|[upkeep]
|upkeep
|
|t:|1756665127
|switch|p1b: Gholdengo|Gholdengo, L50|100/100
|switch|p2a: Ninetales|Ninetales-Alola, L50, M|100/100
|turn|5
|
|t:|1756665138
|move|p2b: Dragonite|Protect|p2b: Dragonite
|-singleturn|p2b: Dragonite|Protect
|move|p1a: Farigiraf|Hyper Voice|p2b: Dragonite|[spread] p2a
|-activate|p2b: Dragonite|move: Protect
|-damage|p2a: Ninetales|69/100
|move|p1b: Gholdengo|Nasty Plot|p1b: Gholdengo
|-boost|p1b: Gholdengo|spa|2
|move|p2a: Ninetales|Blizzard|p1a: Farigiraf|[spread] p1a,p1b
|-resisted|p1b: Gholdengo
|-damage|p1a: Farigiraf|16/100
|-damage|p1b: Gholdengo|85/100
|
|-weather|none
|-sideend|p2: roman_legend|move: Aurora Veil
|-fieldend|move: Trick Room
|upkeep
|turn|6
|
|t:|1756665156
|-terastallize|p1b: Gholdengo|Water
|move|p2b: Dragonite|Stomping Tantrum|p1b: Gholdengo
|-damage|p1b: Gholdengo|39/100
|move|p2a: Ninetales|Blizzard|p1b: Gholdengo|[spread] p1a,p1b
|-resisted|p1b: Gholdengo
|-damage|p1a: Farigiraf|0 fnt
|-damage|p1b: Gholdengo|20/100
|faint|p1a: Farigiraf
|move|p1b: Gholdengo|Make It Rain|p2a: Ninetales|[spread] p2a,p2b
|-supereffective|p2a: Ninetales
|-damage|p2a: Ninetales|0 fnt
|-damage|p2b: Dragonite|0 fnt
|-unboost|p1b: Gholdengo|spa|1
|faint|p2a: Ninetales
|faint|p2b: Dragonite
|
|upkeep
|
|t:|1756665167
|switch|p2b: Sneasler|Sneasler, L50, M, shiny|100/100
|switch|p1a: Rillaboom|Rillaboom, L50, F|100/100
|-fieldstart|move: Grassy Terrain|[from] ability: Grassy Surge|[of] p1a: Rillaboom
|-enditem|p1b: Gholdengo|Grassy Seed
|-boost|p1b: Gholdengo|def|1|[from] item: Grassy Seed
|turn|7
|
|t:|1756665177
|move|p2b: Sneasler|Protect|p2b: Sneasler
|-singleturn|p2b: Sneasler|Protect
|move|p1a: Rillaboom|Fake Out|p2b: Sneasler
|-activate|p2b: Sneasler|move: Protect
|move|p1b: Gholdengo|Shadow Ball|p2b: Sneasler
|-activate|p2b: Sneasler|move: Protect
|
|-heal|p1b: Gholdengo|27/100|[from] Grassy Terrain
|upkeep
|turn|8
|
|t:|1756665193
|move|p2b: Sneasler|Close Combat|p1b: Gholdengo
|-damage|p1b: Gholdengo|0 fnt
|-unboost|p2b: Sneasler|def|1
|-unboost|p2b: Sneasler|spd|1
|faint|p1b: Gholdengo
|-enditem|p2b: Sneasler|White Herb
|-clearnegativeboost|p2b: Sneasler|[silent]
|move|p1a: Rillaboom|Wood Hammer|p2b: Sneasler
|-resisted|p2b: Sneasler
|-damage|p2b: Sneasler|43/100
|-damage|p1a: Rillaboom|83/100|[from] Recoil
|
|-heal|p2b: Sneasler|50/100|[from] Grassy Terrain
|-heal|p1a: Rillaboom|90/100|[from] Grassy Terrain
|upkeep
|turn|9
|
|t:|1756665205
|move|p2b: Sneasler|Protect|p2b: Sneasler
|-singleturn|p2b: Sneasler|Protect
|move|p1a: Rillaboom|Wood Hammer|p2b: Sneasler
|-activate|p2b: Sneasler|move: Protect
|
|-heal|p2b: Sneasler|56/100|[from] Grassy Terrain
|-heal|p1a: Rillaboom|96/100|[from] Grassy Terrain
|upkeep
|turn|10
|
|t:|1756665207
|move|p2b: Sneasler|Dire Claw|p1a: Rillaboom
|-supereffective|p1a: Rillaboom
|-damage|p1a: Rillaboom|6/100
|move|p1a: Rillaboom|Wood Hammer|p2b: Sneasler
|-resisted|p2b: Sneasler
|-damage|p2b: Sneasler|0 fnt
|faint|p2b: Sneasler
|-damage|p1a: Rillaboom|0 fnt|[from] Recoil
|faint|p1a: Rillaboom
|
|win|FireFerret12
||roman_legend is ready for game 2.
|inactive|FireFerret12 has 30 seconds to confirm battle start!
||FireFerret12 is ready for game 2.
|uhtml|next|Next: Game 2 of 3
|l|☆FireFerret12
|player|p1|
|j| Leafeon03
|l| Leafeon03
