|j|☆BeepBoop24
|j|☆momoechis
|html|BeepBoop24momoechis    
|uhtml|bestof|Game 3 of a best-of-3
|t:|1756174144
|gametype|doubles
|player|p1|BeepBoop24|steven|1088
|player|p2|momoechis|iris|1029
|gen|9
|tier|[Gen 9] VGC 2025 Reg H (Bo3)
|rated|
|rule|Species Clause: Limit one of each Pokémon
|rule|Item Clause: Limit 1 of each item
|clearpoke
|poke|p1|Typhlosion-Hisui, L50, M|
|poke|p1|Farigiraf, L50, F|
|poke|p1|Ursaluna-Bloodmoon, L50, M|
|poke|p1|Clefairy, L50, M|
|poke|p1|Whimsicott, L50, F|
|poke|p1|Annihilape, L50, M|
|poke|p2|Charizard, L50, F|
|poke|p2|Torkoal, L50, M|
|poke|p2|Porygon2, L50|
|poke|p2|Incineroar, L50, M|
|poke|p2|Jumpluff, L50, F|
|poke|p2|Ursaluna, L50, F|
|teampreview|4
|showteam|p1|Typhlosion-Hisui||ChoiceSpecs|Blaze|Eruption,ShadowBall,HeatWave,Overheat|||M|||50|,,,,,Fire]Farigiraf||ThroatSpray|ArmorTail|Psychic,HyperVoice,TrickRoom,Protect|||F|||50|,,,,,Dragon]Ursaluna-Bloodmoon||LifeOrb|MindsEye|BloodMoon,EarthPower,HyperVoice,Protect|||M|||50|,,,,,Normal]Clefairy||Eviolite|FriendGuard|FollowMe,AfterYou,HelpingHand,Protect|||M|||50|,,,,,Steel]Whimsicott||CovertCloak|Prankster|Tailwind,Moonblast,SunnyDay,BeatUp|||F|||50|,,,,,Dark]Annihilape||AssaultVest|Defiant|RageFist,DrainPunch,CloseCombat,FinalGambit|||M|||50|,,,,,Fire
|showteam|p2|Charizard||ChoiceSpecs|SolarPower|HeatWave,Overheat,WeatherBall,AirSlash|||F|||50|,,,,,Ghost]Torkoal||EjectPack|Drought|Eruption,Overheat,HelpingHand,Protect|||M|||50|,,,,,Fire]Porygon2||Eviolite|Download|IceBeam,TeraBlast,TrickRoom,Recover||||||50|,,,,,Fighting]Incineroar||SitrusBerry|Intimidate|FlareBlitz,KnockOff,FakeOut,PartingShot|||M|||50|,,,,,Ghost]Jumpluff||CovertCloak|Chlorophyll|SleepPowder,SunnyDay,RagePowder,Tailwind|||F|||50|,,,,,Water]Ursaluna||FlameOrb|Guts|HeadlongRush,Facade,Earthquake,Protect|||F|||50|,,,,,Ghost
|inactive|Battle timer is ON: inactive players will automatically lose when time's up. (requested by BeepBoop24)
|
|t:|1756174199
|teamsize|p1|4
|teamsize|p2|4
|start
|switch|p1a: Farigiraf|Farigiraf, L50, F|100/100
|switch|p1b: Ursaluna|Ursaluna-Bloodmoon, L50, M|100/100
|switch|p2a: Torkoal|Torkoal, L50, M|100/100
|switch|p2b: Jumpluff|Jumpluff, L50, F|100/100
|-weather|SunnyDay|[from] ability: Drought|[of] p2a: Torkoal
|turn|1
|
|t:|1756174223
|-terastallize|p1a: Farigiraf|Dragon
|move|p2a: Torkoal|Protect|p2a: Torkoal
|-singleturn|p2a: Torkoal|Protect
|move|p2b: Jumpluff|Sleep Powder|p1b: Ursaluna
|-status|p1b: Ursaluna|slp|[from] move: Sleep Powder
|cant|p1b: Ursaluna|slp
|move|p1a: Farigiraf|Hyper Voice|p2b: Jumpluff|[spread] p2b
|-activate|p2a: Torkoal|move: Protect
|-damage|p2b: Jumpluff|63/100
|-enditem|p1a: Farigiraf|Throat Spray
|-boost|p1a: Farigiraf|spa|1|[from] item: Throat Spray
|
|-weather|SunnyDay|[upkeep]
|upkeep
|turn|2
|
|t:|1756174244
|-terastallize|p2a: Torkoal|Fire
|move|p1a: Farigiraf|Protect|p1a: Farigiraf
|-singleturn|p1a: Farigiraf|Protect
|move|p2b: Jumpluff|Tailwind|p2b: Jumpluff
|-sidestart|p2: momoechis|move: Tailwind
|-curestatus|p1b: Ursaluna|slp|[msg]
|move|p1b: Ursaluna|Hyper Voice|p2a: Torkoal|[spread] p2a,p2b
|-damage|p2a: Torkoal|32/100
|-damage|p2b: Jumpluff|3/100
|-damage|p1b: Ursaluna|91/100|[from] item: Life Orb
|move|p2a: Torkoal|Eruption|p1b: Ursaluna|[spread] p1b
|-activate|p1a: Farigiraf|move: Protect
|-damage|p1b: Ursaluna|55/100
|
|-weather|SunnyDay|[upkeep]
|upkeep
|turn|3
|
|t:|1756174268
|move|p2a: Torkoal|Protect|p2a: Torkoal
|-singleturn|p2a: Torkoal|Protect
|move|p2b: Jumpluff|Sleep Powder|p1b: Ursaluna|[miss]
|-miss|p2b: Jumpluff|p1b: Ursaluna
|move|p1b: Ursaluna|Hyper Voice|p2a: Torkoal|[spread] p2b
|-activate|p2a: Torkoal|move: Protect
|-damage|p2b: Jumpluff|0 fnt
|faint|p2b: Jumpluff
|-damage|p1b: Ursaluna|45/100|[from] item: Life Orb
|move|p1a: Farigiraf|Hyper Voice|p2a: Torkoal
|-activate|p2a: Torkoal|move: Protect
|
|-weather|SunnyDay|[upkeep]
|upkeep
|
|t:|1756174278
|switch|p2b: Charizard|Charizard, L50, F|100/100
|turn|4
|
|t:|1756174299
|move|p2a: Torkoal|Helping Hand|p2b: Charizard
|-singleturn|p2b: Charizard|Helping Hand|[of] p2a: Torkoal
|move|p1b: Ursaluna|Protect|p1b: Ursaluna
|-singleturn|p1b: Ursaluna|Protect
|move|p2b: Charizard|Heat Wave|p1b: Ursaluna|[spread] p1a
|-activate|p1b: Ursaluna|move: Protect
|-resisted|p1a: Farigiraf
|-damage|p1a: Farigiraf|29/100
|-status|p1a: Farigiraf|brn
|move|p1a: Farigiraf|Hyper Voice|p2a: Torkoal|[spread] p2a,p2b
|-damage|p2a: Torkoal|0 fnt
|-damage|p2b: Charizard|32/100
|faint|p2a: Torkoal
|
|-weather|SunnyDay|[upkeep]
|-damage|p2b: Charizard|19/100|[from] ability: Solar Power|[of] p2b: Charizard
|-damage|p1a: Farigiraf|23/100 brn|[from] brn
|upkeep
|
|t:|1756174312
|switch|p2a: Incineroar|Incineroar, L50, M|100/100
|-ability|p2a: Incineroar|Intimidate|boost
|-unboost|p1a: Farigiraf|atk|1
|-unboost|p1b: Ursaluna|atk|1
|turn|5
|inactive|BeepBoop24 has 30 seconds left.
|
|t:|1756174338
|switch|p1b: Clefairy|Clefairy, L50, M|100/100
|move|p1a: Farigiraf|Protect|p1a: Farigiraf
|-singleturn|p1a: Farigiraf|Protect
|move|p2b: Charizard|Heat Wave|p1b: Clefairy|[spread] p1b
|-activate|p1a: Farigiraf|move: Protect
|-damage|p1b: Clefairy|8/100
|move|p2a: Incineroar|Knock Off|p1b: Clefairy
|-resisted|p1b: Clefairy
|-damage|p1b: Clefairy|0 fnt
|-enditem|p1b: Clefairy|Eviolite|[from] move: Knock Off|[of] p2a: Incineroar
|faint|p1b: Clefairy
|
|-weather|none
|-damage|p1a: Farigiraf|16/100 brn|[from] brn
|-sideend|p2: momoechis|move: Tailwind
|upkeep
|
|t:|1756174353
|switch|p1b: Ursaluna|Ursaluna-Bloodmoon, L50, M|45/100
|turn|6
|
|t:|1756174362
|move|p2b: Charizard|Heat Wave|p1a: Farigiraf|[spread] p1a,p1b
|-resisted|p1a: Farigiraf
|-damage|p1a: Farigiraf|0 fnt
|-damage|p1b: Ursaluna|0 fnt
|faint|p1a: Farigiraf
|faint|p1b: Ursaluna
|move|p2a: Incineroar|Knock Off|p1: Farigiraf|[notarget]
|-fail|p2a: Incineroar
|
|upkeep
|
|t:|1756174374
|switch|p1b: Typhlosion|Typhlosion-Hisui, L50, M, shiny|100/100
|turn|7
|
|t:|1756174382
|move|p2b: Charizard|Heat Wave|p1b: Typhlosion
|-resisted|p1b: Typhlosion
|-damage|p1b: Typhlosion|53/100
|move|p1b: Typhlosion|Eruption|p2b: Charizard|[spread] p2a,p2b
|-resisted|p2a: Incineroar
|-resisted|p2b: Charizard
|-damage|p2a: Incineroar|81/100
|-damage|p2b: Charizard|0 fnt
|faint|p2b: Charizard
|move|p2a: Incineroar|Knock Off|p1b: Typhlosion
|-supereffective|p1b: Typhlosion
|-damage|p1b: Typhlosion|0 fnt
|-enditem|p1b: Typhlosion|Choice Specs|[from] move: Knock Off|[of] p2a: Incineroar
|faint|p1b: Typhlosion
|
|win|momoechis
|raw|BeepBoop24's rating: 1088 → 1061(-27 for losing)
|raw|momoechis's rating: 1029 → 1071(+42 for winning)
|l|☆BeepBoop24
|player|p1|
