|j|☆wixxx
|j|☆Beeetch
|html|wixxxBeeetch    
|uhtml|bestof|Game 2 of a best-of-3
|t:|1757121178
|gametype|doubles
|player|p1|wixxx|170|1119
|player|p2|Beeetch|beauty-gen4dp|1294
|gen|9
|tier|[Gen 9] VGC 2025 Reg H (Bo3)
|rated|
|rule|Species Clause: Limit one of each Pokémon
|rule|Item Clause: Limit 1 of each item
|clearpoke
|poke|p1|Incineroar, L50, F|
|poke|p1|Garchomp, L50, F|
|poke|p1|Archaludon, L50, F|
|poke|p1|Amoonguss, L50, M|
|poke|p1|Sneasler, L50, M|
|poke|p1|Corviknight, L50, M|
|poke|p2|Excadrill, L50, M|
|poke|p2|Tyranitar, L50, M|
|poke|p2|Sneasler, L50, F|
|poke|p2|Indeedee, L50, M|
|poke|p2|Corviknight, L50, M|
|poke|p2|Annihilape, L50, F|
|teampreview|4
|showteam|p1|Incineroar||AssaultVest|Intimidate|FakeOut,Uturn,KnockOff,FlareBlitz|||F|||50|,,,,,Ghost]Garchomp||LifeOrb|RoughSkin|Protect,Earthquake,DragonClaw,StompingTantrum|||F|||50|,,,,,Ground]Archaludon||PowerHerb|Stamina|DracoMeteor,ElectroShot,FlashCannon,Protect|||F|||50|,,,,,Stellar]Amoonguss||RockyHelmet|Regenerator|Spore,RagePowder,PollenPuff,Protect|||M|||50|,,,,,Water]Sneasler||FocusSash|Unburden|CloseCombat,FakeOut,DireClaw,Coaching|||M|||50|,,,,,Stellar]Corviknight||SitrusBerry|MirrorArmor|BraveBird,Tailwind,Taunt,Roost|||M|||50|,,,,,Fire
|showteam|p2|Excadrill||FocusSash|SandRush|IronHead,HighHorsepower,Earthquake,Protect|||M|||50|,,,,,Stellar]Tyranitar||AssaultVest|SandStream|RockSlide,KnockOff,TeraBlast,LowKick|||M|||50|,,,,,Flying]Sneasler||PsychicSeed|Unburden|DireClaw,CloseCombat,ThroatChop,Protect|||F|||50|,,,,,Dark]Indeedee||ChoiceScarf|PsychicSurge|ExpandingForce,TeraBlast,Protect,Trick|||M|||50|,,,,,Psychic]Corviknight||Leftovers|MirrorArmor|BraveBird,BulkUp,Roost,Tailwind|||M|||50|,,,,,Dragon]Annihilape||SafetyGoggles|Defiant|CloseCombat,FinalGambit,RageFist,Taunt|||F|||50|,,,,,Water
|
|t:|1757121216
|teamsize|p1|4
|teamsize|p2|4
|start
|switch|p1a: Garchomp|Garchomp, L50, F|100/100
|switch|p1b: Corviknight|Corviknight, L50, M|100/100
|switch|p2a: Tyranitar|Tyranitar, L50, M, shiny|100/100
|switch|p2b: Excadrill|Excadrill, L50, M, shiny|100/100
|-weather|Sandstorm|[from] ability: Sand Stream|[of] p2a: Tyranitar
|turn|1
|
|t:|1757121246
|-terastallize|p2a: Tyranitar|Flying
|move|p1a: Garchomp|Protect|p1a: Garchomp
|-singleturn|p1a: Garchomp|Protect
|move|p2b: Excadrill|Earthquake|p1b: Corviknight|[spread] 
|-activate|p1a: Garchomp|move: Protect
|-immune|p2a: Tyranitar
|-immune|p1b: Corviknight
|move|p2a: Tyranitar|Knock Off|p1b: Corviknight
|-damage|p1b: Corviknight|55/100
|-enditem|p1b: Corviknight|Sitrus Berry|[from] move: Knock Off|[of] p2a: Tyranitar
|move|p1b: Corviknight|Tailwind|p1b: Corviknight
|-sidestart|p1: wixxx|move: Tailwind
|
|-weather|Sandstorm|[upkeep]
|-damage|p2a: Tyranitar|95/100|[from] Sandstorm
|upkeep
|turn|2
|
|t:|1757121269
|switch|p2b: Corviknight|Corviknight, L50, M|100/100
|move|p1a: Garchomp|Earthquake|p2a: Tyranitar|[spread] 
|-immune|p1b: Corviknight
|-immune|p2a: Tyranitar
|-immune|p2b: Corviknight
|move|p1b: Corviknight|Brave Bird|p2b: Corviknight
|-resisted|p2b: Corviknight
|-damage|p2b: Corviknight|83/100
|-damage|p1b: Corviknight|50/100|[from] Recoil
|move|p2a: Tyranitar|Rock Slide|p1b: Corviknight|[spread] p1a,p1b
|-resisted|p1a: Garchomp
|-damage|p1a: Garchomp|85/100
|-damage|p1b: Corviknight|25/100
|
|-weather|Sandstorm|[upkeep]
|-damage|p2a: Tyranitar|89/100|[from] Sandstorm
|-heal|p2b: Corviknight|90/100|[from] item: Leftovers
|upkeep
|turn|3
|
|t:|1757121306
|move|p1a: Garchomp|Dragon Claw|p2a: Tyranitar
|-damage|p2a: Tyranitar|43/100
|-damage|p1a: Garchomp|75/100|[from] item: Life Orb
|move|p1b: Corviknight|Roost|p1b: Corviknight
|-heal|p1b: Corviknight|75/100
|-singleturn|p1b: Corviknight|move: Roost
|move|p2a: Tyranitar|Rock Slide|p1b: Corviknight|[spread] p1a,p1b
|-resisted|p1a: Garchomp
|-crit|p1a: Garchomp
|-resisted|p1b: Corviknight
|-damage|p1a: Garchomp|52/100
|-damage|p1b: Corviknight|62/100
|move|p2b: Corviknight|Bulk Up|p2b: Corviknight
|-boost|p2b: Corviknight|atk|1
|-boost|p2b: Corviknight|def|1
|
|-weather|Sandstorm|[upkeep]
|-damage|p2a: Tyranitar|37/100|[from] Sandstorm
|-heal|p2b: Corviknight|96/100|[from] item: Leftovers
|upkeep
|turn|4
|
|t:|1757121334
|move|p1a: Garchomp|Dragon Claw|p2a: Tyranitar
|-damage|p2a: Tyranitar|0 fnt
|faint|p2a: Tyranitar
|-damage|p1a: Garchomp|42/100|[from] item: Life Orb
|move|p1b: Corviknight|Roost|p1b: Corviknight
|-heal|p1b: Corviknight|100/100
|-singleturn|p1b: Corviknight|move: Roost
|move|p2b: Corviknight|Brave Bird|p1a: Garchomp
|-damage|p1a: Garchomp|0 fnt
|-damage|p2b: Corviknight|83/100|[from] ability: Rough Skin|[of] p1a: Garchomp
|faint|p1a: Garchomp
|-damage|p2b: Corviknight|70/100|[from] Recoil
|
|-weather|Sandstorm|[upkeep]
|-heal|p2b: Corviknight|77/100|[from] item: Leftovers
|-sideend|p1: wixxx|move: Tailwind
|upkeep
|
|t:|1757121355
|switch|p1a: Incineroar|Incineroar, L50, F|100/100
|switch|p2a: Excadrill|Excadrill, L50, M, shiny|100/100
|-ability|p1a: Incineroar|Intimidate|boost
|-unboost|p2a: Excadrill|atk|1
|-ability|p2b: Corviknight|Mirror Armor
|-unboost|p1a: Incineroar|atk|1
|turn|5
|
|t:|1757121370
|switch|p2a: Indeedee|Indeedee, L50, M, shiny|100/100
|-fieldstart|move: Psychic Terrain|[from] ability: Psychic Surge|[of] p2a: Indeedee
|move|p1b: Corviknight|Tailwind|p1b: Corviknight
|-sidestart|p1: wixxx|move: Tailwind
|move|p1a: Incineroar|U-turn|p2b: Corviknight
|-resisted|p2b: Corviknight
|-damage|p2b: Corviknight|75/100
|
|t:|1757121380
|switch|p1a: Archaludon|Archaludon, L50, F|100/100|[from] U-turn
|move|p2b: Corviknight|Brave Bird|p1a: Archaludon
|-resisted|p1a: Archaludon
|-damage|p1a: Archaludon|70/100
|-ability|p1a: Archaludon|Stamina|boost
|-boost|p1a: Archaludon|def|1
|-damage|p2b: Corviknight|66/100|[from] Recoil
|
|-weather|none
|-heal|p2b: Corviknight|73/100|[from] item: Leftovers
|upkeep
|turn|6
|
|t:|1757121397
|switch|p2b: Excadrill|Excadrill, L50, M, shiny|100/100
|-terastallize|p1a: Archaludon|Stellar
|move|p1a: Archaludon|Electro Shot||[still]
|-prepare|p1a: Archaludon|Electro Shot
|-boost|p1a: Archaludon|spa|1
|-enditem|p1a: Archaludon|Power Herb
|-anim|p1a: Archaludon|Electro Shot|p2a: Indeedee
|-damage|p2a: Indeedee|0 fnt
|faint|p2a: Indeedee
|move|p1b: Corviknight|Brave Bird|p2b: Excadrill
|-resisted|p2b: Excadrill
|-damage|p2b: Excadrill|73/100
|-damage|p1b: Corviknight|92/100|[from] Recoil
|
|upkeep
|
|t:|1757121410
|switch|p2a: Corviknight|Corviknight, L50, M|73/100
|turn|7
|
|t:|1757121430
|move|p1a: Archaludon|Draco Meteor|p2b: Excadrill
|-resisted|p2b: Excadrill
|-damage|p2b: Excadrill|0 fnt
|-unboost|p1a: Archaludon|spa|2
|faint|p2b: Excadrill
|move|p1b: Corviknight|Taunt|p2a: Corviknight
|-start|p2a: Corviknight|move: Taunt
|move|p2a: Corviknight|Brave Bird|p1b: Corviknight
|-resisted|p1b: Corviknight
|-damage|p1b: Corviknight|75/100
|-damage|p2a: Corviknight|67/100|[from] Recoil
|
|-heal|p2a: Corviknight|73/100|[from] item: Leftovers
|upkeep
|turn|8
|-message|Beeetch forfeited.
|
|win|wixxx
|raw|wixxx's rating: 1119 → 1156(+37 for winning)
|raw|Beeetch's rating: 1294 → 1257(-37 for losing)
|l|☆Beeetch
|player|p2|
|j|☆Beeetch
|player|p2|Beeetch|beauty-gen4dp|
