|j|☆Zacksnider
|j|☆BenjiRNG
|html|ZacksniderBenjiRNG    
|uhtml|bestof|Game 2 of a best-of-3
|t:|1782627541
|gametype|doubles
|player|p1|Zacksnider|wallace|1125
|player|p2|BenjiRNG|102|1143
|gen|9
|tier|[Gen 9 Champions] VGC 2026 Reg M-B (Bo3)
|rated|
|rule|Species Clause: Limit one of each Pokémon
|rule|Item Clause: Limit 1 of each item
|clearpoke
|poke|p1|Sneasler, L50, M|
|poke|p1|Farigiraf, L50, F|
|poke|p1|Milotic, L50, F|
|poke|p1|Charizard, L50, M|
|poke|p1|Aerodactyl, L50, M|
|poke|p1|Vileplume, L50, F|
|poke|p2|Raichu, L50, F|
|poke|p2|Gholdengo, L50|
|poke|p2|Basculegion, L50, M|
|poke|p2|Whimsicott, L50, M|
|poke|p2|Scrafty, L50, M|
|poke|p2|Arcanine-Hisui, L50, F|
|teampreview|4
|showteam|p1|Sneasler||FocusSash|Unburden|CloseCombat,DireClaw,Protect,FakeOut|Jolly||M|||50|]Farigiraf||SitrusBerry|ArmorTail|Psychic,Imprison,TrickRoom,HelpingHand|Quiet||F|||50|]Milotic||Leftovers|Competitive|MuddyWater,IcyWind,Coil,Hypnosis|Bold||F|||50|]Charizard||CharizarditeY|Blaze|WeatherBall,HeatWave,SolarBeam,Protect|Timid||M|||50|]Aerodactyl||Aerodactylite|Unnerve|RockSlide,IceFang,Protect,Tailwind|Jolly||M|||50|]Vileplume||LifeOrb|Chlorophyll|Protect,GigaDrain,SleepPowder,SludgeBomb|Modest||F|||50|
|showteam|p2|Raichu||RaichuniteY|LightningRod|FakeOut,ZapCannon,FocusBlast,Protect|Modest||F|||50|]Gholdengo||LifeOrb|GoodasGold|MakeItRain,ShadowBall,NastyPlot,Protect|Modest|||||50|]Basculegion||MysticWater|Adaptability|WaveCrash,LastRespects,AquaJet,Protect|Adamant||M|||50|]Whimsicott||FocusSash|Prankster|Moonblast,Encore,Tailwind,Protect|Timid||M|||50|]Scrafty||Scraftinite|Intimidate|FakeOut,CloseCombat,KnockOff,Protect|Adamant||M|||50|]Arcanine-Hisui||ChoiceScarf|Intimidate|FlareBlitz,HeadSmash,ExtremeSpeed,RockSlide|Adamant||F|||50|
|
|t:|1782627570
|teamsize|p1|4
|teamsize|p2|4
|start
|switch|p1a: Sneasler|Sneasler, L50, M|100/100
|switch|p1b: Aerodactyl|Aerodactyl, L50, M|100/100
|switch|p2a: Raichu|Raichu, L50, F|100/100
|switch|p2b: Arcanine|Arcanine-Hisui, L50, F|100/100
|-ability|p1b: Aerodactyl|Unnerve
|-ability|p2b: Arcanine|Intimidate|boost
|-unboost|p1a: Sneasler|atk|1
|-unboost|p1b: Aerodactyl|atk|1
|turn|1
|inactive|Battle timer is ON: inactive players will automatically lose when time's up. (requested by BenjiRNG)
|
|t:|1782627599
|switch|p1b: Milotic|Milotic, L50, F|100/100
|detailschange|p2a: Raichu|Raichu-Mega-Y, L50, F
|-mega|p2a: Raichu|Raichu|Raichunite Y
|move|p1a: Sneasler|Fake Out|p2a: Raichu
|-damage|p2a: Raichu|81/100
|cant|p2a: Raichu|flinch
|move|p2b: Arcanine|Rock Slide|p1b: Milotic|[spread] p1a,p1b
|-resisted|p1a: Sneasler|1
|-damage|p1a: Sneasler|72/100
|-damage|p1b: Milotic|75/100
|
|-heal|p1b: Milotic|81/100|[from] item: Leftovers
|upkeep
|turn|2
|inactive|Zacksnider has 30 seconds left.
|
|t:|1782627634
|switch|p2b: Gholdengo|Gholdengo, L50|100/100
|move|p1a: Sneasler|Dire Claw|p2a: Raichu
|-damage|p2a: Raichu|31/100
|-status|p2a: Raichu|psn
|move|p2a: Raichu|Zap Cannon|p1b: Milotic
|-supereffective|p1b: Milotic|1
|-damage|p1b: Milotic|0 fnt
|faint|p1b: Milotic
|
|-damage|p2a: Raichu|19/100 psn|[from] psn
|upkeep
|
|t:|1782627650
|switch|p1b: Aerodactyl|Aerodactyl, L50, M|100/100
|-ability|p1b: Aerodactyl|Unnerve
|turn|3
|
|t:|1782627664
|switch|p2a: Arcanine|Arcanine-Hisui, L50, F|100/100
|-ability|p2a: Arcanine|Intimidate|boost
|-unboost|p1a: Sneasler|atk|1
|-unboost|p1b: Aerodactyl|atk|1
|move|p1a: Sneasler|Protect|p1a: Sneasler
|-singleturn|p1a: Sneasler|Protect
|move|p1b: Aerodactyl|Tailwind|p1b: Aerodactyl
|-sidestart|p1: Zacksnider|move: Tailwind
|move|p2b: Gholdengo|Make It Rain|p1a: Sneasler|[spread] p1b
|-activate|p1a: Sneasler|move: Protect
|-supereffective|p1b: Aerodactyl|1
|-damage|p1b: Aerodactyl|0 fnt
|-unboost|p2b: Gholdengo|spa|2
|faint|p1b: Aerodactyl
|-damage|p2b: Gholdengo|90/100|[from] item: Life Orb
|
|upkeep
|
|t:|1782627682
|switch|p1b: Charizard|Charizard, L50, M|100/100
|turn|4
|
|t:|1782627696
|switch|p2b: Basculegion|Basculegion, L50, M|100/100
|detailschange|p1b: Charizard|Charizard-Mega-Y, L50, M
|-mega|p1b: Charizard|Charizard|Charizardite Y
|-weather|SunnyDay|[from] ability: Drought|[of] p1b: Charizard
|move|p1a: Sneasler|Close Combat|p2a: Arcanine
|-supereffective|p2a: Arcanine|1
|-damage|p2a: Arcanine|18/100
|-unboost|p1a: Sneasler|def|1
|-unboost|p1a: Sneasler|spd|1
|move|p1b: Charizard|Heat Wave|p2b: Basculegion|[spread] p2a,p2b
|-resisted|p2a: Arcanine|2
|-resisted|p2b: Basculegion|1
|-damage|p2a: Arcanine|2/100
|-damage|p2b: Basculegion|68/100
|move|p2a: Arcanine|Rock Slide|p1b: Charizard|[spread] p1a,p1b
|-resisted|p1a: Sneasler|1
|-supereffective|p1b: Charizard|2
|-damage|p1a: Sneasler|38/100
|-damage|p1b: Charizard|0 fnt
|faint|p1b: Charizard
|
|-weather|SunnyDay|[upkeep]
|upkeep
|turn|5
|-message|Zacksnider forfeited.
|
|win|BenjiRNG
|raw|Zacksnider's rating: 1125 → 1101(-24 for losing)
|raw|BenjiRNG's rating: 1143 → 1167(+24 for winning)
|l|☆Zacksnider
|player|p1|
