|j|☆Jideo
|j|☆Yoddle Yoddle
|html|JideoYoddle Yoddle    
|uhtml|bestof|Game 3 of a best-of-3
|t:|1755451236
|gametype|doubles
|player|p1|Jideo|hoopster|1219
|player|p2|Yoddle Yoddle|backpacker|1185
|gen|9
|tier|[Gen 9] VGC 2025 Reg H (Bo3)
|rated|
|rule|Species Clause: Limit one of each Pokémon
|rule|Item Clause: Limit 1 of each item
|clearpoke
|poke|p1|Archaludon, L50, F|
|poke|p1|Pelipper, L50, M|
|poke|p1|Basculegion, L50, M|
|poke|p1|Incineroar, L50, M|
|poke|p1|Toxicroak, L50, M|
|poke|p1|Amoonguss, L50, M|
|poke|p2|Incineroar, L50, M|
|poke|p2|Garchomp, L50, M|
|poke|p2|Talonflame, L50, M|
|poke|p2|Hawlucha, L50, M|
|poke|p2|Arcanine-Hisui, L50, F|
|poke|p2|Kingambit, L50, F|
|teampreview|4
|showteam|p1|Archaludon||AssaultVest|Stamina|ElectroShot,Snarl,DragonPulse,BodyPress|||F|||50|,,,,,Grass]Pelipper||FocusSash|Drizzle|WeatherBall,Hurricane,Protect,Tailwind|||M|||50|,,,,,Stellar]Basculegion||MysticWater|SwiftSwim|Protect,WaveCrash,FlipTurn,LastRespects|||M|||50|,,,,,Water]Incineroar||SafetyGoggles|Intimidate|FakeOut,FlareBlitz,KnockOff,PartingShot|||M|||50|,,,,,Ghost]Toxicroak||LifeOrb|DrySkin|FakeOut,CloseCombat,PoisonJab,SuckerPunch|||M|||50|,,,,,Dark]Amoonguss||CovertCloak|Regenerator|Protect,PollenPuff,RagePowder,Spore|||M|||50|,,,,,Fairy
|showteam|p2|Incineroar||SafetyGoggles|Intimidate|FakeOut,KnockOff,PartingShot,Taunt|||M|||50|,,,,,Water]Garchomp||LifeOrb|RoughSkin|Earthquake,StompingTantrum,Protect,ScaleShot|||M|||50|,,,,,Steel]Talonflame||CovertCloak|GaleWings|Tailwind,BraveBird,FlareBlitz,WillOWisp|||M|||50|,,,,,Stellar]Hawlucha||WhiteHerb|Unburden|CloseCombat,Acrobatics,Encore,Coaching|||M|||50|,,,,,Ghost]Arcanine-Hisui||ChoiceBand|Intimidate|RockSlide,FlareBlitz,HeadSmash,ExtremeSpeed|||F|||50|,,,,,Normal]Kingambit||BlackGlasses|Defiant|KowtowCleave,SuckerPunch,Protect,SwordsDance|||F|||50|,,,,,Dark
|
|t:|1755451296
|teamsize|p1|4
|teamsize|p2|4
|start
|switch|p1a: Toxicroak|Toxicroak, L50, M|100/100
|switch|p1b: Basculegion|Basculegion, L50, M|100/100
|switch|p2a: Incineroar|Incineroar, L50, M|100/100
|switch|p2b: Kingambit|Kingambit, L50, F|100/100
|-ability|p2a: Incineroar|Intimidate|boost
|-unboost|p1a: Toxicroak|atk|1
|-unboost|p1b: Basculegion|atk|1
|turn|1
|
|t:|1755451337
|switch|p2b: Talonflame|Talonflame, L50, M|100/100
|-terastallize|p2a: Incineroar|Water
|move|p1a: Toxicroak|Fake Out|p2b: Talonflame
|-damage|p2b: Talonflame|83/100
|-damage|p1a: Toxicroak|91/100|[from] item: Life Orb
|move|p1b: Basculegion|Flip Turn|p2a: Incineroar
|-resisted|p2a: Incineroar
|-damage|p2a: Incineroar|91/100
|
|t:|1755451361
|switch|p1b: Pelipper|Pelipper, L50, M|100/100|[from] Flip Turn
|-weather|RainDance|[from] ability: Drizzle|[of] p1b: Pelipper
|move|p2a: Incineroar|Parting Shot|p1b: Pelipper
|-unboost|p1b: Pelipper|atk|1
|-unboost|p1b: Pelipper|spa|1
|
|t:|1755451376
|switch|p2a: Kingambit|Kingambit, L50, F|100/100|[from] Parting Shot
|
|-weather|RainDance|[upkeep]
|-heal|p1a: Toxicroak|100/100|[from] ability: Dry Skin
|upkeep
|turn|2
|
|t:|1755451395
|switch|p1a: Archaludon|Archaludon, L50, F|100/100
|move|p2b: Talonflame|Brave Bird|p1a: Archaludon
|-resisted|p1a: Archaludon
|-damage|p1a: Archaludon|84/100
|-ability|p1a: Archaludon|Stamina|boost
|-boost|p1a: Archaludon|def|1
|-damage|p2b: Talonflame|76/100|[from] Recoil
|move|p1b: Pelipper|Tailwind|p1b: Pelipper
|-sidestart|p1: Jideo|move: Tailwind
|move|p2a: Kingambit|Kowtow Cleave|p1b: Pelipper
|-crit|p1b: Pelipper
|-enditem|p1b: Pelipper|Focus Sash
|-damage|p1b: Pelipper|1/100
|
|-weather|RainDance|[upkeep]
|upkeep
|turn|3
|
|t:|1755451418
|switch|p1b: Toxicroak|Toxicroak, L50, M|100/100
|switch|p2a: Incineroar|Incineroar, L50, M, tera:Water|91/100
|-ability|p2a: Incineroar|Intimidate|boost
|-unboost|p1a: Archaludon|atk|1
|-unboost|p1b: Toxicroak|atk|1
|move|p1a: Archaludon|Electro Shot||[still]
|-prepare|p1a: Archaludon|Electro Shot
|-boost|p1a: Archaludon|spa|1
|-anim|p1a: Archaludon|Electro Shot|p2b: Talonflame
|-supereffective|p2b: Talonflame
|-damage|p2b: Talonflame|0 fnt
|faint|p2b: Talonflame
|
|-weather|RainDance|[upkeep]
|upkeep
|
|t:|1755451431
|switch|p2b: Hawlucha|Hawlucha, L50, M, shiny|100/100
|turn|4
|
|t:|1755451453
|move|p1b: Toxicroak|Fake Out|p2b: Hawlucha
|-damage|p2b: Hawlucha|85/100
|-damage|p1b: Toxicroak|91/100|[from] item: Life Orb
|move|p2a: Incineroar|Fake Out|p1b: Toxicroak
|-damage|p1b: Toxicroak|75/100
|move|p1a: Archaludon|Electro Shot||[still]
|-prepare|p1a: Archaludon|Electro Shot
|-boost|p1a: Archaludon|spa|1
|-anim|p1a: Archaludon|Electro Shot|p2b: Hawlucha
|-supereffective|p2b: Hawlucha
|-damage|p2b: Hawlucha|0 fnt
|faint|p2b: Hawlucha
|
|-weather|RainDance|[upkeep]
|-heal|p1b: Toxicroak|87/100|[from] ability: Dry Skin
|upkeep
|
|t:|1755451457
|switch|p2b: Kingambit|Kingambit, L50, F|100/100
|turn|5
|-message|Yoddle Yoddle forfeited.
|
|win|Jideo
|raw|Jideo's rating: 1219 → 1242(+23 for winning)
|raw|Yoddle Yoddle's rating: 1185 → 1162(-23 for losing)
|l|☆Yoddle Yoddle
|player|p2|
