|j|☆C0ozer
|j|☆zephcore
|html|C0ozerzephcore    
|uhtml|bestof|Game 2 of a best-of-3
|t:|1782259290
|gametype|doubles
|player|p1|C0ozer|lucas|1072
|player|p2|zephcore|170|1083
|gen|9
|tier|[Gen 9 Champions] VGC 2026 Reg M-B (Bo3)
|rated|
|rule|Species Clause: Limit one of each Pokémon
|rule|Item Clause: Limit 1 of each item
|clearpoke
|poke|p1|Charizard, L50, F|
|poke|p1|Scrafty, L50, F|
|poke|p1|Gholdengo, L50|
|poke|p1|Whimsicott, L50, M|
|poke|p1|Toxapex, L50, F|
|poke|p1|Garchomp, L50, M|
|poke|p2|Floette-Eternal, L50, F, shiny|
|poke|p2|Farigiraf, L50, F, shiny|
|poke|p2|Ninetales, L50, M, shiny|
|poke|p2|Basculegion, L50, M, shiny|
|poke|p2|Pyroar, L50, M, shiny|
|poke|p2|Whimsicott, L50, F, shiny|
|teampreview|4
|showteam|p1|Charizard||CharizarditeY|Blaze|HeatWave,WeatherBall,SolarBeam,Protect|Timid||F|||50|]Scrafty||Scraftinite|Intimidate|FakeOut,KnockOff,CloseCombat,Detect|Impish||F|||50|]Gholdengo||LifeOrb|GoodasGold|FlashCannon,ShadowBall,NastyPlot,Protect|Timid|||||50|]Whimsicott||FocusSash|Prankster|Moonblast,Encore,Tailwind,Protect|Timid||M|||50|]Toxapex||Leftovers|Regenerator|Toxic,Haze,Infestation,BanefulBunker|Bold||F|||50|]Garchomp||SitrusBerry|RoughSkin|BreakingSwipe,RockSlide,StompingTantrum,Protect|Adamant||M|||50|
|showteam|p2|Floette-Eternal||Floettite|FlowerVeil|LightofRuin,DazzlingGleam,Moonblast,Protect|Modest||F|||50|]Farigiraf||SitrusBerry|ArmorTail|TwinBeam,Thunderbolt,TrickRoom,HelpingHand|Bold||F|||50|]Ninetales||ChoiceScarf|Drought|Overheat,HeatWave,FakeTears,SolarBeam|Modest||M|||50|]Basculegion||LifeOrb|Adaptability|WaveCrash,AquaJet,LastRespects,Protect|Adamant||M|||50|]Pyroar||Pyroarite|Unnerve|HeatWave,SolarBeam,Overheat,Protect|Timid||M|||50|]Whimsicott||FocusSash|Prankster|Tailwind,SunnyDay,Moonblast,Protect|Timid||F|||50|
|inactive|Battle timer is ON: inactive players will automatically lose when time's up. (requested by C0ozer)
|inactive|zephcore has 60 seconds left.
|
|t:|1782259325
|teamsize|p1|4
|teamsize|p2|4
|start
|switch|p1a: Charizard|Charizard, L50, F|100/100
|switch|p1b: Whimsicott|Whimsicott, L50, M|100/100
|switch|p2a: Ninetales|Ninetales, L50, M, shiny|100/100
|switch|p2b: Pyroar|Pyroar, L50, M, shiny|100/100
|-ability|p2b: Pyroar|Unnerve
|-weather|SunnyDay|[from] ability: Drought|[of] p2a: Ninetales
|turn|1
|inactive|C0ozer has 30 seconds left.
|
|t:|1782259359
|detailschange|p2b: Pyroar|Pyroar-Mega, L50, M, shiny
|-mega|p2b: Pyroar|Pyroar|Pyroarite
|detailschange|p1a: Charizard|Charizard-Mega-Y, L50, F
|-mega|p1a: Charizard|Charizard|Charizardite Y
|move|p1b: Whimsicott|Tailwind|p1b: Whimsicott
|-sidestart|p1: C0ozer|move: Tailwind
|move|p1a: Charizard|Heat Wave|p2a: Ninetales|[spread] p2b
|-miss|p1a: Charizard|p2a: Ninetales
|-resisted|p2b: Pyroar|1
|-damage|p2b: Pyroar|66/100
|move|p2a: Ninetales|Heat Wave|p1b: Whimsicott|[spread] p1a,p1b
|-resisted|p1a: Charizard|1
|-supereffective|p1b: Whimsicott|1
|-damage|p1a: Charizard|85/100
|-enditem|p1b: Whimsicott|Focus Sash
|-damage|p1b: Whimsicott|1/100
|move|p2b: Pyroar|Heat Wave|p1a: Charizard|[spread] p1a,p1b
|-resisted|p1a: Charizard|1
|-supereffective|p1b: Whimsicott|1
|-crit|p1b: Whimsicott
|-damage|p1a: Charizard|48/100
|-damage|p1b: Whimsicott|0 fnt
|faint|p1b: Whimsicott
|
|-weather|SunnyDay|[upkeep]
|upkeep
|
|t:|1782259379
|switch|p1b: Garchomp|Garchomp, L50, M|100/100
|turn|2
|
|t:|1782259400
|move|p2b: Pyroar|Protect|p2b: Pyroar
|-singleturn|p2b: Pyroar|Protect
|move|p1a: Charizard|Heat Wave|p2b: Pyroar|[spread] p2a
|-activate|p2b: Pyroar|move: Protect
|-resisted|p2a: Ninetales|1
|-damage|p2a: Ninetales|67/100
|move|p1b: Garchomp|Rock Slide|p2b: Pyroar|[spread] p2a
|-activate|p2b: Pyroar|move: Protect
|-supereffective|p2a: Ninetales|1
|-damage|p2a: Ninetales|4/100
|move|p2a: Ninetales|Heat Wave|p1a: Charizard|[spread] p1a
|-miss|p2a: Ninetales|p1b: Garchomp
|-resisted|p1a: Charizard|1
|-damage|p1a: Charizard|31/100
|
|-weather|SunnyDay|[upkeep]
|upkeep
|turn|3
|inactive|zephcore has 30 seconds left.
|
|t:|1782259428
|switch|p2b: Basculegion|Basculegion, L50, M, shiny|100/100
|move|p1a: Charizard|Heat Wave|p2a: Ninetales|[spread] p2a,p2b
|-resisted|p2a: Ninetales|1
|-resisted|p2b: Basculegion|1
|-damage|p2a: Ninetales|0 fnt
|-damage|p2b: Basculegion|73/100
|faint|p2a: Ninetales
|move|p1b: Garchomp|Stomping Tantrum|p2b: Basculegion
|-damage|p2b: Basculegion|27/100
|
|-weather|SunnyDay|[upkeep]
|upkeep
|
|t:|1782259445
|switch|p2a: Pyroar|Pyroar-Mega, L50, M, shiny|66/100
|turn|4
|
|t:|1782259456
|switch|p2b: Farigiraf|Farigiraf, L50, F, shiny|100/100
|move|p2a: Pyroar|Protect|p2a: Pyroar
|-singleturn|p2a: Pyroar|Protect
|move|p1a: Charizard|Heat Wave|p2b: Farigiraf|[spread] p2b
|-activate|p2a: Pyroar|move: Protect
|-damage|p2b: Farigiraf|49/100
|-enditem|p2b: Farigiraf|Sitrus Berry|[eat]
|-heal|p2b: Farigiraf|74/100|[from] item: Sitrus Berry
|move|p1b: Garchomp|Breaking Swipe|p2a: Pyroar|[spread] p2b
|-activate|p2a: Pyroar|move: Protect
|-damage|p2b: Farigiraf|53/100
|-unboost|p2b: Farigiraf|atk|1
|
|-weather|SunnyDay|[upkeep]
|-sideend|p1: C0ozer|move: Tailwind
|upkeep
|turn|5
|inactive|zephcore has 30 seconds left.
|inactive|zephcore has 20 seconds left.
|
|t:|1782259495
|move|p2b: Farigiraf|Helping Hand|p2a: Pyroar
|-singleturn|p2a: Pyroar|Helping Hand|[of] p2b: Farigiraf
|move|p2a: Pyroar|Heat Wave|p1a: Charizard|[spread] p1a,p1b
|-resisted|p1a: Charizard|1
|-resisted|p1b: Garchomp|1
|-damage|p1a: Charizard|0 fnt
|-damage|p1b: Garchomp|36/100
|-enditem|p1b: Garchomp|Sitrus Berry|[eat]
|-heal|p1b: Garchomp|60/100|[from] item: Sitrus Berry
|faint|p1a: Charizard
|move|p1b: Garchomp|Stomping Tantrum|p2a: Pyroar
|-supereffective|p2a: Pyroar|1
|-damage|p2a: Pyroar|0 fnt
|faint|p2a: Pyroar
|
|-weather|none
|upkeep
|
|t:|1782259508
|switch|p2a: Basculegion|Basculegion, L50, M, shiny|27/100
|switch|p1a: Gholdengo|Gholdengo, L50|100/100
|turn|6
|
|t:|1782259529
|move|p2a: Basculegion|Protect|p2a: Basculegion
|-singleturn|p2a: Basculegion|Protect
|move|p1a: Gholdengo|Shadow Ball|p2a: Basculegion
|-activate|p2a: Basculegion|move: Protect
|move|p1b: Garchomp|Stomping Tantrum|p2b: Farigiraf
|-damage|p2b: Farigiraf|18/100
|move|p2b: Farigiraf|Trick Room|p2b: Farigiraf
|-fieldstart|move: Trick Room|[of] p2b: Farigiraf
|
|upkeep
|turn|7
|
|t:|1782259554
|move|p2b: Farigiraf|Twin Beam|p1b: Garchomp
|-damage|p1b: Garchomp|46/100
|-damage|p1b: Garchomp|31/100
|-hitcount|p1b: Garchomp|2
|move|p2a: Basculegion|Last Respects|p1a: Gholdengo
|-supereffective|p1a: Gholdengo|1
|-damage|p1a: Gholdengo|0 fnt
|faint|p1a: Gholdengo
|-damage|p2a: Basculegion|18/100|[from] item: Life Orb
|move|p1b: Garchomp|Breaking Swipe|p2b: Farigiraf|[spread] p2a,p2b
|-damage|p2a: Basculegion|0 fnt
|-damage|p2b: Farigiraf|0 fnt
|faint|p2a: Basculegion
|faint|p2b: Farigiraf
|
|win|C0ozer
|raw|C0ozer's rating: 1072 → 1102(+30 for winning)
|raw|zephcore's rating: 1083 → 1060(-23 for losing)
