|j|☆cheesebiscuit12
|j|☆iateabagel
|html|cheesebiscuit12iateabagel    
|uhtml|bestof|Game 2 of a best-of-3
|t:|1785767066
|gametype|doubles
|player|p1|cheesebiscuit12|101|
|player|p2|iateabagel|266|
|gen|9
|tier|[Gen 9 Champions] VGC 2026 Reg M-B (Bo3)
|rule|Species Clause: Limit one of each Pokémon
|rule|Item Clause: Limit 1 of each item
|clearpoke
|poke|p1|Gardevoir, L50, M|
|poke|p1|Metagross, L50|
|poke|p1|Whimsicott, L50, M|
|poke|p1|Sableye, L50, F|
|poke|p1|Azumarill, L50, M|
|poke|p1|Arcanine, L50, M|
|poke|p2|Froslass, L50, F|
|poke|p2|Abomasnow, L50, M, shiny|
|poke|p2|Liepard, L50, M, shiny|
|poke|p2|Appletun, L50, F, shiny|
|poke|p2|Maushold-Four, L50|
|poke|p2|Altaria, L50, M, shiny|
|teampreview|4
|showteam|p1|Gardevoir||Gardevoirite|Telepathy|HyperVoice,Protect,Psyshock,CalmMind|Timid||M|||50|]Metagross||ExpertBelt|ClearBody|IronHead,IcePunch,Earthquake,PsychicFangs|Adamant|||||50|]Whimsicott||FocusSash|Prankster|Protect,Moonblast,Tailwind,SunnyDay|Relaxed||M|||50|]Sableye||Sablenite|Prankster|FoulPlay,Taunt,SuckerPunch,LightScreen|Careful||F|||50|]Azumarill||SitrusBerry|HugePower|BellyDrum,PlayRough,Liquidation,AquaJet|Adamant||M|||50|]Arcanine||Leftovers|Intimidate|ExtremeSpeed,WildCharge,FlareBlitz,MorningSun|Jolly||M|||50|
|showteam|p2|Froslass||Froslassite|SnowCloak|Blizzard,ShadowBall,Protect,DrainingKiss|Modest||F|||50|]Abomasnow||SitrusBerry|SnowWarning|Earthquake,IceShard,SeedBomb,Protect|Adamant||M|||50|]Liepard||RoseliBerry|Prankster|FakeOut,KnockOff,Taunt,FakeTears|Adamant||M|||50|]Appletun||WhiteHerb|ThickFat|AppleAcid,DracoMeteor,GigaDrain,Protect|Modest||F|||50|]Maushold-Four||ChopleBerry|FriendGuard|ThunderWave,FollowMe,Protect,SuperFang|Timid|||||50|]Altaria||Altarianite|NaturalCure|DoubleEdge,Roost,DragonClaw,Tailwind|Adamant||M|||50|
|
|t:|1785767136
|teamsize|p1|4
|teamsize|p2|4
|start
|switch|p1a: Xi Jinping|Whimsicott, L50, M|100/100
|switch|p1b: Arcanine|Arcanine, L50, M|100/100
|switch|p2a: Maushold|Maushold-Four, L50|100/100
|switch|p2b: Froslass|Froslass, L50, F|100/100
|-ability|p1b: Arcanine|Intimidate|boost
|-unboost|p2a: Maushold|atk|1
|-unboost|p2b: Froslass|atk|1
|turn|1
|
|t:|1785767183
|detailschange|p2b: Froslass|Froslass-Mega, L50, F
|-mega|p2b: Froslass|Froslass|Froslassite
|-weather|Snowscape|[from] ability: Snow Warning|[of] p2b: Froslass
|move|p2a: Maushold|Follow Me|p2a: Maushold
|-singleturn|p2a: Maushold|move: Follow Me
|move|p1a: Xi Jinping|Sunny Day|p1a: Xi Jinping
|-weather|SunnyDay
|move|p2b: Froslass|Shadow Ball|p1b: Arcanine
|-damage|p1b: Arcanine|33/100
|move|p1b: Arcanine|Flare Blitz|p2a: Maushold
|-damage|p2a: Maushold|0 fnt
|faint|p2a: Maushold
|-damage|p1b: Arcanine|0 fnt|[from] Recoil
|faint|p1b: Arcanine
|
|-weather|SunnyDay|[upkeep]
|upkeep
|
|t:|1785767206
|switch|p2a: Abomasnow|Abomasnow, L50, M, shiny|100/100
|switch|p1b: Imelda Marcos|Gardevoir, L50, M|100/100
|-weather|Snowscape|[from] ability: Snow Warning|[of] p2a: Abomasnow
|turn|2
|
|t:|1785767260
|detailschange|p1b: Imelda Marcos|Gardevoir-Mega, L50, M
|-mega|p1b: Imelda Marcos|Gardevoir|Gardevoirite
|move|p2a: Abomasnow|Protect|p2a: Abomasnow
|-singleturn|p2a: Abomasnow|Protect
|move|p1a: Xi Jinping|Sunny Day|p1a: Xi Jinping
|-weather|SunnyDay
|move|p2b: Froslass|Shadow Ball|p1b: Imelda Marcos
|-supereffective|p1b: Imelda Marcos|1
|-damage|p1b: Imelda Marcos|3/100
|move|p1b: Imelda Marcos|Hyper Voice|p2b: Froslass|[spread] p2b
|-activate|p2a: Abomasnow|move: Protect
|-damage|p2b: Froslass|43/100
|
|-weather|SunnyDay|[upkeep]
|upkeep
|turn|3
|
|t:|1785767307
|move|p2b: Froslass|Protect|p2b: Froslass
|-singleturn|p2b: Froslass|Protect
|move|p1a: Xi Jinping|Tailwind|p1a: Xi Jinping
|-sidestart|p1: cheesebiscuit12|move: Tailwind
|move|p2a: Abomasnow|Ice Shard|p1b: Imelda Marcos
|-damage|p1b: Imelda Marcos|0 fnt
|faint|p1b: Imelda Marcos
|
|-weather|SunnyDay|[upkeep]
|upkeep
|
|t:|1785767318
|switch|p1b: Hamad|Metagross, L50|100/100
|turn|4
|
|t:|1785767352
|move|p1a: Xi Jinping|Protect|p1a: Xi Jinping
|-singleturn|p1a: Xi Jinping|Protect
|move|p1b: Hamad|Iron Head|p2b: Froslass
|-supereffective|p2b: Froslass|1
|-crit|p2b: Froslass
|-damage|p2b: Froslass|0 fnt
|faint|p2b: Froslass
|move|p2a: Abomasnow|Earthquake|p1b: Hamad|[spread] p1b
|-activate|p1a: Xi Jinping|move: Protect
|-supereffective|p1b: Hamad|1
|-damage|p1b: Hamad|68/100
|
|-weather|SunnyDay|[upkeep]
|upkeep
|
|t:|1785767363
|switch|p2b: Liepard|Liepard, L50, M, shiny|100/100
|turn|5
|
|t:|1785767400
|move|p2b: Liepard|Fake Out|p1b: Hamad
|-resisted|p1b: Hamad|1
|-crit|p1b: Hamad
|-damage|p1b: Hamad|61/100
|move|p1a: Xi Jinping|Moonblast|p2b: Liepard
|-supereffective|p2b: Liepard|1
|-enditem|p2b: Liepard|Roseli Berry|[eat]
|-enditem|p2b: Liepard|Roseli Berry|[weaken]
|-damage|p2b: Liepard|50/100g
|cant|p1b: Hamad|flinch
|move|p2a: Abomasnow|Seed Bomb|p1b: Hamad
|-resisted|p1b: Hamad|1
|-damage|p1b: Hamad|48/100
|
|-weather|SunnyDay|[upkeep]
|upkeep
|turn|6
|
|t:|1785767468
|move|p2a: Abomasnow|Protect|p2a: Abomasnow
|-singleturn|p2a: Abomasnow|Protect
|move|p2b: Liepard|Taunt|p1a: Xi Jinping
|-start|p1a: Xi Jinping|move: Taunt
|move|p1a: Xi Jinping|Moonblast|p2b: Liepard
|-supereffective|p2b: Liepard|1
|-damage|p2b: Liepard|0 fnt
|faint|p2b: Liepard
|move|p1b: Hamad|Iron Head|p2a: Abomasnow
|-activate|p2a: Abomasnow|move: Protect
|
|-weather|none
|-sideend|p1: cheesebiscuit12|move: Tailwind
|upkeep
|turn|7
|
|t:|1785767487
|move|p1a: Xi Jinping|Moonblast|p2a: Abomasnow
|-damage|p2a: Abomasnow|71/100
|move|p1b: Hamad|Iron Head|p2a: Abomasnow
|-supereffective|p2a: Abomasnow|1
|-damage|p2a: Abomasnow|0 fnt
|faint|p2a: Abomasnow
|
|win|cheesebiscuit12
