|j|☆lerry27
|j|☆CarlettoJack
|html|lerry27CarlettoJack    
|uhtml|bestof|Game 1 of a best-of-3
|t:|1784286303
|gametype|doubles
|player|p1|lerry27|brycen|
|player|p2|CarlettoJack|hiker-gen4|
|gen|9
|tier|[Gen 9 Champions] VGC 2026 Reg M-B (Bo3)
|rule|Species Clause: Limit one of each Pokémon
|rule|Item Clause: Limit 1 of each item
|clearpoke
|poke|p1|Floette-Eternal, L50, F|
|poke|p1|Maushold-Four, L50|
|poke|p1|Gengar, L50, M, shiny|
|poke|p1|Incineroar, L50, M, shiny|
|poke|p1|Politoed, L50, M|
|poke|p1|Grimmsnarl, L50, M|
|poke|p2|Archaludon, L50, F|
|poke|p2|Pelipper, L50, M|
|poke|p2|Swampert, L50, M|
|poke|p2|Sableye, L50, M|
|poke|p2|Venusaur, L50, M|
|poke|p2|Maushold-Four, L50|
|teampreview|4
|showteam|p1|Floette-Eternal||Floettite|FlowerVeil|CalmMind,DazzlingGleam,DrainingKiss,Protect|Timid||F|||50|]Maushold-Four||ChopleBerry|FriendGuard|Uturn,HelpingHand,FollowMe,Protect|Impish|||||50|]Gengar||Gengarite|CursedBody|ShadowBall,PerishSong,Disable,Protect|Bold||M|||50|]Incineroar||PasshoBerry|Intimidate|FakeOut,ThroatChop,PartingShot,Protect|Careful||M|||50|]Politoed||SitrusBerry|Drizzle|WeatherBall,Encore,PerishSong,Protect|Calm||M|||50|]Grimmsnarl||LightClay|Prankster|FakeOut,PartingShot,LightScreen,Reflect|Careful||M|||50|
|showteam|p2|Archaludon||Leftovers|Stamina|FlashCannon,DragonPulse,ElectroShot,Protect|Modest||F|||50|]Pelipper||SitrusBerry|Drizzle|WeatherBall,Hurricane,Tailwind,WideGuard|Bold||M|||50|]Swampert||Swampertite|Torrent|Protect,WaveCrash,IcePunch,Earthquake|Adamant||M|||50|]Sableye||RoseliBerry|Prankster|RainDance,WillOWisp,LightScreen,Encore|Relaxed||M|||50|]Venusaur||Venusaurite|Overgrow|SludgeBomb,GigaDrain,EarthPower,Protect|Modest||M|||50|]Maushold-Four||ChopleBerry|FriendGuard|FollowMe,HelpingHand,Taunt,SuperFang|Impish|||||50|
|
|t:|1784286370
|teamsize|p1|4
|teamsize|p2|4
|start
|switch|p1a: Maushold|Maushold-Four, L50|100/100
|switch|p1b: Floette|Floette-Eternal, L50, F|100/100
|switch|p2a: Swampert|Swampert, L50, M|100/100
|switch|p2b: Maushold|Maushold-Four, L50|100/100
|turn|1
|
|t:|1784286385
|detailschange|p1b: Floette|Floette-Mega, L50, F
|-mega|p1b: Floette|Floette|Floettite
|-ability|p1b: Floette|Fairy Aura
|move|p2a: Swampert|Protect|p2a: Swampert
|-singleturn|p2a: Swampert|Protect
|move|p1a: Maushold|Follow Me|p1a: Maushold
|-singleturn|p1a: Maushold|move: Follow Me
|move|p1b: Floette|Calm Mind|p1b: Floette
|-boost|p1b: Floette|spa|1
|-boost|p1b: Floette|spd|1
|move|p2b: Maushold|Taunt|p1a: Maushold
|-start|p1a: Maushold|move: Taunt
|
|upkeep
|turn|2
|
|t:|1784286404
|switch|p2b: Pelipper|Pelipper, L50, M|100/100
|-weather|RainDance|[from] ability: Drizzle|[of] p2b: Pelipper
|detailschange|p2a: Swampert|Swampert-Mega, L50, M
|-mega|p2a: Swampert|Swampert|Swampertite
|move|p1b: Floette|Protect|p1b: Floette
|-singleturn|p1b: Floette|Protect
|move|p2a: Swampert|Wave Crash|p1b: Floette
|-activate|p1b: Floette|move: Protect
|move|p1a: Maushold|U-turn|p2a: Swampert
|-damage|p2a: Swampert|87/100
|
|t:|1784286418
|switch|p1a: Incineroar|Incineroar, L50, M, shiny|100/100|[from] U-turn
|-ability|p1a: Incineroar|Intimidate|boost
|-unboost|p2a: Swampert|atk|1
|-unboost|p2b: Pelipper|atk|1
|
|-weather|RainDance|[upkeep]
|upkeep
|turn|3
|
|t:|1784286441
|switch|p2a: Maushold|Maushold-Four, L50|100/100
|move|p1a: Incineroar|Fake Out|p2a: Maushold
|-damage|p2a: Maushold|90/100
|move|p1b: Floette|Calm Mind|p1b: Floette
|-boost|p1b: Floette|spa|1
|-boost|p1b: Floette|spd|1
|move|p2b: Pelipper|Weather Ball|p1a: Incineroar
|-supereffective|p1a: Incineroar|1
|-enditem|p1a: Incineroar|Passho Berry|[eat]
|-enditem|p1a: Incineroar|Passho Berry|[weaken]
|-damage|p1a: Incineroar|61/100
|
|-weather|RainDance|[upkeep]
|upkeep
|turn|4
|
|t:|1784286462
|switch|p1a: Maushold|Maushold-Four, L50|100/100
|move|p1b: Floette|Protect|p1b: Floette
|-singleturn|p1b: Floette|Protect
|move|p2a: Maushold|Super Fang|p1b: Floette
|-activate|p1b: Floette|move: Protect
|move|p2b: Pelipper|Weather Ball|p1a: Maushold
|-damage|p1a: Maushold|37/100
|
|-weather|RainDance|[upkeep]
|upkeep
|turn|5
|
|t:|1784286484
|move|p1a: Maushold|Follow Me|p1a: Maushold
|-singleturn|p1a: Maushold|move: Follow Me
|move|p1b: Floette|Draining Kiss|p2b: Pelipper
|-damage|p2b: Pelipper|45/100
|-enditem|p2b: Pelipper|Sitrus Berry|[eat]
|-heal|p2b: Pelipper|70/100|[from] item: Sitrus Berry
|move|p2a: Maushold|Taunt|p1a: Maushold
|-start|p1a: Maushold|move: Taunt
|move|p2b: Pelipper|Weather Ball|p1a: Maushold
|-damage|p1a: Maushold|0 fnt
|faint|p1a: Maushold
|
|-weather|RainDance|[upkeep]
|upkeep
|
|t:|1784286503
|switch|p1a: Grimmsnarl|Grimmsnarl, L50, M|100/100
|turn|6
|
|t:|1784286545
|move|p1a: Grimmsnarl|Reflect|p1a: Grimmsnarl
|-sidestart|p1: lerry27|Reflect
|move|p1b: Floette|Calm Mind|p1b: Floette
|-boost|p1b: Floette|spa|1
|-boost|p1b: Floette|spd|1
|move|p2a: Maushold|Super Fang|p1b: Floette
|-damage|p1b: Floette|50/100y
|move|p2b: Pelipper|Tailwind|p2b: Pelipper
|-sidestart|p2: CarlettoJack|move: Tailwind
|
|-weather|none
|upkeep
|turn|7
|
|t:|1784286565
|switch|p2b: Archaludon|Archaludon, L50, F|100/100
|move|p1a: Grimmsnarl|Parting Shot|p2b: Archaludon
|-unboost|p2b: Archaludon|atk|1
|-unboost|p2b: Archaludon|spa|1
|
|t:|1784286572
|switch|p1a: Incineroar|Incineroar, L50, M, shiny|61/100|[from] Parting Shot
|-ability|p1a: Incineroar|Intimidate|boost
|-unboost|p2a: Maushold|atk|1
|-unboost|p2b: Archaludon|atk|1
|move|p2a: Maushold|Taunt|p1a: Incineroar
|-start|p1a: Incineroar|move: Taunt
|move|p1b: Floette|Draining Kiss|p2a: Maushold
|-damage|p2a: Maushold|0 fnt
|-heal|p1b: Floette|100/100|[from] drain|[of] p2a: Maushold
|faint|p2a: Maushold
|
|upkeep
|
|t:|1784286583
|switch|p2a: Swampert|Swampert-Mega, L50, M|87/100
|turn|8
|
|t:|1784286605
|switch|p2a: Pelipper|Pelipper, L50, M|70/100
|-weather|RainDance|[from] ability: Drizzle|[of] p2a: Pelipper
|move|p1a: Incineroar|Fake Out|p2a: Pelipper
|-damage|p2a: Pelipper|60/100
|move|p2b: Archaludon|Electro Shot||[still]
|-prepare|p2b: Archaludon|Electro Shot
|-boost|p2b: Archaludon|spa|1
|-anim|p2b: Archaludon|Electro Shot|p1a: Incineroar
|-damage|p1a: Incineroar|27/100
|move|p1b: Floette|Dazzling Gleam|p2a: Pelipper|[spread] p2a,p2b
|-damage|p2a: Pelipper|0 fnt
|-damage|p2b: Archaludon|0 fnt
|faint|p2a: Pelipper
|faint|p2b: Archaludon
|
|-weather|RainDance|[upkeep]
|upkeep
|
|t:|1784286622
|switch|p2a: Swampert|Swampert-Mega, L50, M|87/100
|turn|9
|
|t:|1784286632
|switch|p1a: Grimmsnarl|Grimmsnarl, L50, M|100/100
|move|p1b: Floette|Protect|p1b: Floette
|-singleturn|p1b: Floette|Protect
|move|p2a: Swampert|Wave Crash|p1b: Floette
|-activate|p1b: Floette|move: Protect
|
|-weather|RainDance|[upkeep]
|-sideend|p2: CarlettoJack|move: Tailwind
|upkeep
|turn|10
|
|t:|1784286647
|move|p1a: Grimmsnarl|Parting Shot|p2a: Swampert
|-unboost|p2a: Swampert|atk|1
|-unboost|p2a: Swampert|spa|1
|
|t:|1784286650
|switch|p1a: Incineroar|Incineroar, L50, M, shiny|27/100|[from] Parting Shot
|-ability|p1a: Incineroar|Intimidate|boost
|-unboost|p2a: Swampert|atk|1
|move|p2a: Swampert|Wave Crash|p1b: Floette
|-damage|p1b: Floette|62/100
|-damage|p2a: Swampert|75/100|[from] Recoil
|move|p1b: Floette|Dazzling Gleam|p2a: Swampert
|-damage|p2a: Swampert|0 fnt
|faint|p2a: Swampert
|
|win|lerry27
|inactive|lerry27 has 30 seconds to confirm battle start!
|inactive|CarlettoJack has 30 seconds to confirm battle start!
|inactive|lerry27 has 20 seconds to confirm battle start!
|inactive|CarlettoJack has 20 seconds to confirm battle start!
|inactive|lerry27 has 10 seconds to confirm battle start!
|inactive|CarlettoJack has 10 seconds to confirm battle start!
||CarlettoJack is ready for game 2.
||lerry27 is ready for game 2.
|uhtml|next|Next: Game 2 of 3
