|j|☆SomeKidJon
|j|☆TeyVgc
|html|SomeKidJonTeyVgc    
|uhtml|bestof|Game 2 of a best-of-3
|t:|1783310544
|gametype|doubles
|player|p1|SomeKidJon|scientistf|1220
|player|p2|TeyVgc|rood|1275
|gen|9
|tier|[Gen 9 Champions] VGC 2026 Reg M-B (Bo3)
|rated|
|rule|Species Clause: Limit one of each Pokémon
|rule|Item Clause: Limit 1 of each item
|clearpoke
|poke|p1|Camerupt, L50, M|
|poke|p1|Farigiraf, L50, F|
|poke|p1|Hatterene, L50, F|
|poke|p1|Staraptor, L50, M|
|poke|p1|Lopunny, L50, M|
|poke|p1|Primarina, L50, M|
|poke|p2|Sneasler, L50, M|
|poke|p2|Floette-Eternal, L50, F|
|poke|p2|Sinistcha, L50|
|poke|p2|Incineroar, L50, F|
|poke|p2|Kingambit, L50, M|
|poke|p2|Garchomp, L50, M|
|teampreview|4
|showteam|p1|Camerupt||Cameruptite|SolidRock|Protect,AncientPower,HeatWave,EarthPower|Modest||M|||50|]Farigiraf||SitrusBerry|ArmorTail|DazzlingGleam,Protect,TrickRoom,HelpingHand|Calm||F|||50|]Hatterene||LifeOrb|MagicBounce|Protect,TrickRoom,Psychic,DazzlingGleam|Quiet||F|||50|]Staraptor||ChoiceScarf|Intimidate|FinalGambit,BraveBird,Uturn,DoubleEdge|Adamant||M|||50|]Lopunny||Lopunnite|Klutz|FakeOut,AfterYou,CloseCombat,TripleAxel|Jolly||M|||50|]Primarina||Leftovers|LiquidVoice|HyperVoice,Moonblast,Protect,CalmMind|Modest||M|||50|
|showteam|p2|Sneasler||WhiteHerb|Unburden|CloseCombat,GunkShot,Coaching,FakeOut|Jolly||M|||50|]Floette-Eternal||Floettite|FlowerVeil|CalmMind,Protect,Moonblast,DazzlingGleam|Modest||F|||50|]Sinistcha||ColburBerry|Hospitality|MatchaGotcha,Protect,RagePowder,TrickRoom|Bold|||||50|]Incineroar||SitrusBerry|Intimidate|FakeOut,FlareBlitz,ThroatChop,PartingShot|Impish||F|||50|]Kingambit||ChopleBerry|Defiant|KowtowCleave,SuckerPunch,IronHead,Protect|Adamant||M|||50|]Garchomp||Garchompite|RoughSkin|DragonClaw,Earthquake,SwordsDance,Protect|Adamant||M|||50|
|
|t:|1783310568
|teamsize|p1|4
|teamsize|p2|4
|start
|switch|p1a: Lopunny|Lopunny, L50, M|100/100
|switch|p1b: Staraptor|Staraptor, L50, M|100/100
|switch|p2a: Sneasler|Sneasler, L50, M|100/100
|switch|p2b: Garchomp|Garchomp, L50, M|100/100
|-ability|p1b: Staraptor|Intimidate|boost
|-unboost|p2a: Sneasler|atk|1
|-unboost|p2b: Garchomp|atk|1
|-enditem|p2a: Sneasler|White Herb
|-clearnegativeboost|p2a: Sneasler|[silent]
|turn|1
|
|t:|1783310587
|detailschange|p1a: Lopunny|Lopunny-Mega, L50, M
|-mega|p1a: Lopunny|Lopunny|Lopunnite
|detailschange|p2b: Garchomp|Garchomp-Mega, L50, M
|-mega|p2b: Garchomp|Garchomp|Garchompite
|move|p2a: Sneasler|Fake Out|p1b: Staraptor
|-damage|p1b: Staraptor|80/100
|move|p1a: Lopunny|Fake Out|p2a: Sneasler
|-damage|p2a: Sneasler|61/100
|cant|p1b: Staraptor|flinch
|move|p2b: Garchomp|Swords Dance|p2b: Garchomp
|-boost|p2b: Garchomp|atk|2
|
|upkeep
|turn|2
|
|t:|1783310624
|switch|p2a: Kingambit|Kingambit, L50, M|100/100
|move|p2b: Garchomp|Protect|p2b: Garchomp
|-singleturn|p2b: Garchomp|Protect
|move|p1b: Staraptor|U-turn|p2a: Kingambit
|-crit|p2a: Kingambit
|-damage|p2a: Kingambit|77/100
|
|t:|1783310632
|switch|p1b: Primarina|Primarina, L50, M|100/100|[from] U-turn
|move|p1a: Lopunny|Triple Axel|p2a: Kingambit
|-resisted|p2a: Kingambit|1
|-crit|p2a: Kingambit
|-damage|p2a: Kingambit|73/100
|-resisted|p2a: Kingambit|1
|-damage|p2a: Kingambit|67/100
|-resisted|p2a: Kingambit|1
|-damage|p2a: Kingambit|59/100
|-hitcount|p2a: Kingambit|3
|
|upkeep
|turn|3
|
|t:|1783310651
|switch|p2b: Sinistcha|Sinistcha, L50|100/100
|-heal|p2a: Kingambit|84/100|[from] ability: Hospitality|[of] p2b: Sinistcha
|move|p1a: Lopunny|Triple Axel|p2b: Sinistcha
|-supereffective|p2b: Sinistcha|1
|-damage|p2b: Sinistcha|88/100
|-supereffective|p2b: Sinistcha|1
|-damage|p2b: Sinistcha|66/100
|-supereffective|p2b: Sinistcha|1
|-damage|p2b: Sinistcha|30/100
|-hitcount|p2b: Sinistcha|3
|move|p1b: Primarina|Hyper Voice|p2b: Sinistcha|[spread] p2a,p2b
|-resisted|p2b: Sinistcha|1
|-damage|p2a: Kingambit|52/100
|-damage|p2b: Sinistcha|13/100
|move|p2a: Kingambit|Iron Head|p1b: Primarina
|-damage|p1b: Primarina|49/100
|
|-heal|p1b: Primarina|55/100|[from] item: Leftovers
|upkeep
|turn|4
|
|t:|1783310668
|move|p2b: Sinistcha|Rage Powder|p2b: Sinistcha
|-singleturn|p2b: Sinistcha|move: Rage Powder
|move|p1a: Lopunny|Close Combat|p2b: Sinistcha
|-damage|p2b: Sinistcha|0 fnt
|-unboost|p1a: Lopunny|def|1
|-unboost|p1a: Lopunny|spd|1
|faint|p2b: Sinistcha
|move|p1b: Primarina|Moonblast|p2a: Kingambit
|-damage|p2a: Kingambit|5/100
|move|p2a: Kingambit|Kowtow Cleave|p1a: Lopunny
|-resisted|p1a: Lopunny|1
|-damage|p1a: Lopunny|51/100
|
|-heal|p1b: Primarina|61/100|[from] item: Leftovers
|upkeep
|
|t:|1783310683
|switch|p2b: Sneasler|Sneasler, L50, M|61/100
|turn|5
|
|t:|1783310689
|switch|p1b: Farigiraf|Farigiraf, L50, F|100/100
|move|p2a: Kingambit|Sucker Punch||[still]
|cant|p1b: Farigiraf|ability: Armor Tail|Sucker Punch|[of] p2a: Kingambit
|move|p1a: Lopunny|Close Combat|p2a: Kingambit
|-supereffective|p2a: Kingambit|2
|-enditem|p2a: Kingambit|Chople Berry|[eat]
|-enditem|p2a: Kingambit|Chople Berry|[weaken]
|-damage|p2a: Kingambit|0 fnt
|-unboost|p1a: Lopunny|def|1
|-unboost|p1a: Lopunny|spd|1
|faint|p2a: Kingambit
|move|p2b: Sneasler|Gunk Shot|p1b: Farigiraf
|-damage|p1b: Farigiraf|41/100
|-enditem|p1b: Farigiraf|Sitrus Berry|[eat]
|-heal|p1b: Farigiraf|66/100|[from] item: Sitrus Berry
|
|upkeep
|
|t:|1783310693
|switch|p2a: Garchomp|Garchomp-Mega, L50, M|100/100
|turn|6
|
|t:|1783310708
|move|p1b: Farigiraf|Helping Hand|p1a: Lopunny
|-singleturn|p1a: Lopunny|Helping Hand|[of] p1b: Farigiraf
|move|p1a: Lopunny|Triple Axel|p2b: Sneasler
|-damage|p2b: Sneasler|43/100
|-damage|p2b: Sneasler|6/100
|-damage|p2b: Sneasler|0 fnt
|faint|p2b: Sneasler
|-hitcount|p2: Sneasler|3
|move|p2a: Garchomp|Dragon Claw|p1b: Farigiraf
|-damage|p1b: Farigiraf|21/100
|
|upkeep
|turn|7
|
|t:|1783310717
|move|p1b: Farigiraf|Helping Hand|p1a: Lopunny
|-singleturn|p1a: Lopunny|Helping Hand|[of] p1b: Farigiraf
|move|p1a: Lopunny|Triple Axel|p2a: Garchomp|[miss]
|-miss|p1a: Lopunny|p2a: Garchomp
|move|p2a: Garchomp|Earthquake|p1a: Lopunny|[spread] p1a,p1b
|-damage|p1a: Lopunny|0 fnt
|-damage|p1b: Farigiraf|0 fnt
|faint|p1a: Lopunny
|faint|p1b: Farigiraf
|
|upkeep
|
|t:|1783310721
|switch|p1a: Staraptor|Staraptor, L50, M|80/100
|switch|p1b: Primarina|Primarina, L50, M|61/100
|-ability|p1a: Staraptor|Intimidate|boost
|-unboost|p2a: Garchomp|atk|1
|turn|8
|
|t:|1783310728
|move|p1a: Staraptor|Final Gambit|p2a: Garchomp
|-damage|p2a: Garchomp|25/100
|faint|p1a: Staraptor
|move|p2a: Garchomp|Earthquake|p1b: Primarina
|-damage|p1b: Primarina|22/100
|move|p1b: Primarina|Moonblast|p2a: Garchomp
|-supereffective|p2a: Garchomp|1
|-damage|p2a: Garchomp|0 fnt
|faint|p2a: Garchomp
|
|win|SomeKidJon
