|j|☆Quyt_DZ
|j|☆oliver ramsay vgc
|html|Quyt_DZoliver ramsay vgc    
|uhtml|bestof|Game 1 of a best-of-3
|t:|1783486210
|gametype|doubles
|player|p1|Quyt_DZ|twins-gen2|1180
|player|p2|oliver ramsay vgc|1|1110
|gen|9
|tier|[Gen 9 Champions] VGC 2026 Reg M-B (Bo3)
|rated|
|rule|Species Clause: Limit one of each Pokémon
|rule|Item Clause: Limit 1 of each item
|clearpoke
|poke|p1|Charizard, L50, M, shiny|
|poke|p1|Kingambit, L50, M|
|poke|p1|Aerodactyl, L50, F|
|poke|p1|Farigiraf, L50, F, shiny|
|poke|p1|Sylveon, L50, M, shiny|
|poke|p1|Garchomp, L50, F, shiny|
|poke|p2|Incineroar, L50, M|
|poke|p2|Maushold, L50|
|poke|p2|Sinistcha, L50|
|poke|p2|Sneasler, L50, M|
|poke|p2|Blastoise, L50, M|
|poke|p2|Delphox, L50, M|
|teampreview|4
|showteam|p1|Charizard||CharizarditeY|Blaze|WeatherBall,HeatWave,SolarBeam,Protect|Modest||M|||50|]Kingambit||FocusSash|Defiant|IronHead,SuckerPunch,KowtowCleave,LowKick|Adamant||M|||50|]Aerodactyl||Aerodactylite|Unnerve|RockSlide,IceFang,Tailwind,DualWingbeat|Jolly||F|||50|]Farigiraf||SitrusBerry|ArmorTail|TrickRoom,TwinBeam,HelpingHand,GrassKnot|Bold||F|||50|]Sylveon||FairyFeather|Pixilate|QuickAttack,HyperVoice,HyperBeam,Protect|Modest||M|||50|]Garchomp||LifeOrb|RoughSkin|Earthquake,StompingTantrum,DragonClaw,Protect|Jolly||F|||50|
|showteam|p2|Incineroar||SitrusBerry|Intimidate|FakeOut,FlareBlitz,DarkestLariat,PartingShot|Impish||M|||50|]Maushold||ChopleBerry|FriendGuard|SuperFang,Feint,FollowMe,Protect|Impish|||||50|]Sinistcha||OccaBerry|Hospitality|MatchaGotcha,LifeDew,RagePowder,Protect|Bold|||||50|]Sneasler||FocusSash|PoisonTouch|FakeOut,CloseCombat,DireClaw,QuickGuard|Jolly||M|||50|]Blastoise||Blastoisinite|Torrent|WaterSpout,DarkPulse,ShellSmash,Protect|Modest||M|||50|]Delphox||Delphoxite|Blaze|HeatWave,Psychic,NastyPlot,Protect|Timid||M|||50|
|
|t:|1783486259
|teamsize|p1|4
|teamsize|p2|4
|start
|switch|p1a: Sylveon|Sylveon, L50, M, shiny|100/100
|switch|p1b: Kingambit|Kingambit, L50, M|100/100
|switch|p2a: Blastoise|Blastoise, L50, M|100/100
|switch|p2b: Maushold|Maushold, L50|100/100
|turn|1
|
|t:|1783486283
|detailschange|p2a: Blastoise|Blastoise-Mega, L50, M
|-mega|p2a: Blastoise|Blastoise|Blastoisinite
|move|p2b: Maushold|Super Fang|p1b: Kingambit
|-damage|p1b: Kingambit|50/100g
|move|p2a: Blastoise|Water Spout|p1a: Sylveon|[spread] p1a,p1b
|-damage|p1a: Sylveon|47/100
|-damage|p1b: Kingambit|0 fnt
|faint|p1b: Kingambit
|move|p1a: Sylveon|Hyper Voice|p2a: Blastoise|[spread] p2a,p2b
|-damage|p2a: Blastoise|66/100
|-damage|p2b: Maushold|56/100
|
|upkeep
|
|t:|1783486295
|switch|p1b: Charizard|Charizard, L50, M, shiny|100/100
|turn|2
|
|t:|1783486302
|switch|p2b: Sinistcha|Sinistcha, L50|100/100
|-heal|p2a: Blastoise|90/100|[from] ability: Hospitality|[of] p2b: Sinistcha
|detailschange|p1b: Charizard|Charizard-Mega-Y, L50, M, shiny
|-mega|p1b: Charizard|Charizard|Charizardite Y
|-weather|SunnyDay|[from] ability: Drought|[of] p1b: Charizard
|move|p2a: Blastoise|Protect|p2a: Blastoise
|-singleturn|p2a: Blastoise|Protect
|move|p1b: Charizard|Heat Wave|p2a: Blastoise|[spread] p2b
|-activate|p2a: Blastoise|move: Protect
|-supereffective|p2b: Sinistcha|1
|-enditem|p2b: Sinistcha|Occa Berry|[eat]
|-enditem|p2b: Sinistcha|Occa Berry|[weaken]
|-damage|p2b: Sinistcha|37/100
|move|p1a: Sylveon|Hyper Voice|p2b: Sinistcha|[spread] p2b
|-activate|p2a: Blastoise|move: Protect
|-damage|p2b: Sinistcha|0 fnt
|faint|p2b: Sinistcha
|
|-weather|SunnyDay|[upkeep]
|upkeep
|
|t:|1783486306
|switch|p2b: Sneasler|Sneasler, L50, M|100/100
|turn|3
|
|t:|1783486324
|switch|p1a: Farigiraf|Farigiraf, L50, F, shiny|100/100
|move|p2b: Sneasler|Dire Claw|p1a: Farigiraf
|-damage|p1a: Farigiraf|66/100
|move|p2a: Blastoise|Water Spout|p1b: Charizard|[spread] p1a,p1b
|-supereffective|p1b: Charizard|1
|-damage|p1a: Farigiraf|39/100
|-damage|p1b: Charizard|50/100g
|-enditem|p1a: Farigiraf|Sitrus Berry|[eat]
|-heal|p1a: Farigiraf|64/100|[from] item: Sitrus Berry
|move|p1b: Charizard|Solar Beam||[still]
|-prepare|p1b: Charizard|Solar Beam
|-anim|p1b: Charizard|Solar Beam|p2a: Blastoise
|-supereffective|p2a: Blastoise|1
|-damage|p2a: Blastoise|1/100
|
|-weather|SunnyDay|[upkeep]
|upkeep
|turn|4
|
|t:|1783486351
|move|p2b: Sneasler|Dire Claw|p1b: Charizard
|-damage|p1b: Charizard|11/100
|-status|p1b: Charizard|slp
|move|p2a: Blastoise|Dark Pulse|p1a: Farigiraf
|-supereffective|p1a: Farigiraf|1
|-damage|p1a: Farigiraf|0 fnt
|faint|p1a: Farigiraf
|cant|p1b: Charizard|slp
|
|-weather|SunnyDay|[upkeep]
|upkeep
|
|t:|1783486369
|switch|p1a: Sylveon|Sylveon, L50, M, shiny|47/100
|turn|5
|
|t:|1783486376
|move|p1a: Sylveon|Quick Attack|p2a: Blastoise
|-damage|p2a: Blastoise|0 fnt
|faint|p2a: Blastoise
|move|p2b: Sneasler|Dire Claw|p1a: Sylveon
|-supereffective|p1a: Sylveon|1
|-damage|p1a: Sylveon|0 fnt
|faint|p1a: Sylveon
|-curestatus|p1b: Charizard|slp|[msg]
|move|p1b: Charizard|Weather Ball|p2b: Sneasler
|-enditem|p2b: Sneasler|Focus Sash
|-damage|p2b: Sneasler|1/100
|
|-weather|SunnyDay|[upkeep]
|upkeep
|
|t:|1783486379
|switch|p2a: Maushold|Maushold, L50|56/100
|turn|6
|
|t:|1783486383
|move|p2a: Maushold|Feint|p1b: Charizard
|-damage|p1b: Charizard|4/100
|move|p2b: Sneasler|Dire Claw|p1b: Charizard
|-damage|p1b: Charizard|0 fnt
|faint|p1b: Charizard
|
|win|oliver ramsay vgc
||oliver ramsay vgc is ready for game 2.
