|j|☆squ1ddddddd
|j|☆daviisiiitoo
|html|squ1ddddddddaviisiiitoo    
|uhtml|bestof|Game 2 of a best-of-3
|t:|1782213272
|gametype|doubles
|player|p1|squ1ddddddd|170|1089
|player|p2|daviisiiitoo|266|1012
|gen|9
|tier|[Gen 9 Champions] VGC 2026 Reg M-B (Bo3)
|rated|
|rule|Species Clause: Limit one of each Pokémon
|rule|Item Clause: Limit 1 of each item
|clearpoke
|poke|p1|Froslass, L50, F|
|poke|p1|Sneasler, L50, F|
|poke|p1|Milotic, L50, M|
|poke|p1|Garchomp, L50, M|
|poke|p1|Whimsicott, L50, M|
|poke|p1|Tyranitar, L50, F|
|poke|p2|Metagross, L50|
|poke|p2|Dragonite, L50, M|
|poke|p2|Ninetales-Alola, L50, F|
|poke|p2|Sneasler, L50, M|
|poke|p2|Garchomp, L50, F|
|poke|p2|Kingambit, L50, F|
|teampreview|4
|showteam|p1|Froslass||Froslassite|SnowCloak|Blizzard,ShadowBall,AuroraVeil,Protect|Timid||F|||50|]Sneasler||FocusSash|Pressure|CloseCombat,DireClaw,FakeOut,Protect|Jolly||F|||50|]Milotic||Leftovers|Competitive|Recover,Blizzard,HydroPump,Protect|Modest||M|||50|]Garchomp||BrightPowder|SandVeil|Earthquake,DragonClaw,DracoMeteor,RockSlide|Naive||M|||50|]Whimsicott||MentalHerb|Prankster|Encore,Tailwind,Taunt,Moonblast|Bold||M|||50|]Tyranitar||Tyranitarite|SandStream|KnockOff,Protect,RockSlide,DragonDance|Adamant||F|||50|
|showteam|p2|Metagross||Metagrossite|ClearBody|IronHead,PsychicFangs,StompingTantrum,Protect|Jolly|||||50|]Dragonite||Dragoninite|Multiscale|Tailwind,DracoMeteor,Flamethrower,Protect|Modest||M|||50|]Ninetales-Alola||FocusSash|SnowCloak|Blizzard,Moonblast,Encore,Protect|Timid||F|||50|]Sneasler||WhiteHerb|Unburden|FakeOut,DireClaw,CloseCombat,Coaching|Adamant||M|||50|]Garchomp||LifeOrb|SandVeil|DragonClaw,StompingTantrum,RockSlide,Protect|Jolly||F|||50|]Kingambit||BlackGlasses|Defiant|KowtowCleave,LowKick,SuckerPunch,IronHead|Adamant||F|||50|
|
|t:|1782213320
|teamsize|p1|4
|teamsize|p2|4
|start
|switch|p1a: Froslass|Froslass, L50, F|100/100
|switch|p1b: Whimsicott|Whimsicott, L50, M|100/100
|switch|p2a: Ninetales|Ninetales-Alola, L50, F|100/100
|switch|p2b: Kingambit|Kingambit, L50, F|100/100
|turn|1
|
|t:|1782213360
|move|p1a: Froslass|Protect|p1a: Froslass
|-singleturn|p1a: Froslass|Protect
|move|p1b: Whimsicott|Tailwind|p1b: Whimsicott
|-sidestart|p1: squ1ddddddd|move: Tailwind
|move|p2a: Ninetales|Blizzard|p1a: Froslass|[spread] 
|-activate|p1a: Froslass|move: Protect
|-miss|p2a: Ninetales|p1b: Whimsicott
|move|p2b: Kingambit|Iron Head|p1b: Whimsicott
|-supereffective|p1b: Whimsicott|1
|-damage|p1b: Whimsicott|24/100
|
|upkeep
|turn|2
|
|t:|1782213393
|detailschange|p1a: Froslass|Froslass-Mega, L50, F
|-mega|p1a: Froslass|Froslass|Froslassite
|-weather|Snowscape|[from] ability: Snow Warning|[of] p1a: Froslass
|move|p1b: Whimsicott|Encore|p2b: Kingambit
|-hint|Since gen 7, Dark is immune to Prankster moves.
|-immune|p2b: Kingambit
|move|p1a: Froslass|Aurora Veil|p1a: Froslass
|-sidestart|p1: squ1ddddddd|move: Aurora Veil
|move|p2a: Ninetales|Blizzard|p1b: Whimsicott|[spread] p1a,p1b
|-resisted|p1a: Froslass|1
|-supereffective|p1b: Whimsicott|1
|-damage|p1a: Froslass|86/100
|-damage|p1b: Whimsicott|0 fnt
|faint|p1b: Whimsicott
|move|p2b: Kingambit|Kowtow Cleave|p1a: Froslass
|-supereffective|p1a: Froslass|1
|-damage|p1a: Froslass|0 fnt
|faint|p1a: Froslass
|
|-weather|Snowscape|[upkeep]
|upkeep
|
|t:|1782213410
|switch|p1a: Sneasler|Sneasler, L50, F|100/100
|switch|p1b: Milotic|Milotic, L50, M|100/100
|-ability|p1a: Sneasler|Pressure
|turn|3
|
|t:|1782213433
|switch|p2b: Sneasler|Sneasler, L50, M|100/100
|move|p1a: Sneasler|Dire Claw|p2a: Ninetales|[miss]
|-miss|p1a: Sneasler|p2a: Ninetales
|move|p1b: Milotic|Hydro Pump|p2b: Sneasler
|-damage|p2b: Sneasler|31/100
|move|p2a: Ninetales|Encore|p1a: Sneasler
|-start|p1a: Sneasler|Encore
|
|-weather|Snowscape|[upkeep]
|upkeep
|turn|4
|
|t:|1782213456
|switch|p2a: Metagross|Metagross, L50|100/100
|move|p2b: Sneasler|Fake Out|p1b: Milotic
|-damage|p1b: Milotic|88/100
|move|p1a: Sneasler|Dire Claw|p2a: Metagross
|-immune|p2a: Metagross
|cant|p1b: Milotic|flinch
|
|-weather|Snowscape|[upkeep]
|-heal|p1b: Milotic|94/100|[from] item: Leftovers
|-sideend|p1: squ1ddddddd|move: Tailwind
|upkeep
|turn|5
|-message|squ1ddddddd forfeited.
|raw|squ1ddddddd's rating: 1089 → 1061(-28 for losing)
|raw|daviisiiitoo's rating: 1012 → 1059(+47 for winning)
|
|win|daviisiiitoo
|l|☆squ1ddddddd
|player|p1|
