|j|☆GlitchXDGOAT
|j|☆sunshinetufo
|html|GlitchXDGOATsunshinetufo    
|uhtml|bestof|Game 2 of a best-of-3
|t:|1785345968
|gametype|doubles
|player|p1|GlitchXDGOAT|2|1278
|player|p2|sunshinetufo|li|1258
|gen|9
|tier|[Gen 9 Champions] VGC 2026 Reg M-B (Bo3)
|rated|
|rule|Species Clause: Limit one of each Pokémon
|rule|Item Clause: Limit 1 of each item
|clearpoke
|poke|p1|Delphox, L50, F|
|poke|p1|Staraptor, L50, M|
|poke|p1|Whimsicott, L50, M|
|poke|p1|Garchomp, L50, M|
|poke|p1|Glimmora, L50, M|
|poke|p1|Kingambit, L50, M|
|poke|p2|Raichu, L50, M, shiny|
|poke|p2|Decidueye-Hisui, L50, M|
|poke|p2|Floette-Eternal, L50, F|
|poke|p2|Aerodactyl, L50, M, shiny|
|poke|p2|Kingambit, L50, F|
|poke|p2|Basculegion, L50, M, shiny|
|teampreview|4
|showteam|p1|Delphox||Delphoxite|Blaze|HeatWave,Psyshock,NastyPlot,Protect|Timid||F|||50|]Staraptor||Staraptite|Intimidate|BraveBird,CloseCombat,Roost,Protect|Jolly||M|||50|]Whimsicott||OccaBerry|Prankster|Moonblast,Tailwind,LightScreen,Charm|Modest||M|||50|]Garchomp||LifeOrb|RoughSkin|DragonClaw,RockSlide,Earthquake,Protect|Jolly||M|||50|]Glimmora||FocusSash|ToxicDebris|SludgeBomb,PowerGem,EarthPower,SpikyShield|Modest||M|||50|]Kingambit||ChopleBerry|Defiant|KowtowCleave,SuckerPunch,IronHead,LowKick|Adamant||M|||50|
|showteam|p2|Raichu||RaichuniteY|Static|ZapCannon,FocusBlast,FakeOut,Protect|Timid||M|||50|]Decidueye-Hisui||ScopeLens|Scrappy|TripleArrows,LeafBlade,Protect,Tailwind|Adamant||M|||50|]Floette-Eternal||Floettite|FlowerVeil|Moonblast,DazzlingGleam,LightofRuin,Protect|Timid||F|||50|]Aerodactyl||FocusSash|Unnerve|RockSlide,DualWingbeat,Tailwind,Protect|Jolly||M|||50|]Kingambit||ChopleBerry|Defiant|KowtowCleave,IronHead,SuckerPunch,LowKick|Adamant||F|||50|]Basculegion||LifeOrb|Adaptability|WaveCrash,AquaJet,LastRespects,Protect|Adamant||M|||50|
|inactive|Battle timer is ON: inactive players will automatically lose when time's up. (requested by sunshinetufo)
|inactive|GlitchXDGOAT also wants the timer to be on.
|c|☆sunshinetufo|gg
|
|t:|1785345992
|teamsize|p1|4
|teamsize|p2|4
|start
|switch|p1a: Staraptor|Staraptor, L50, M|100/100
|switch|p1b: Whimsicott|Whimsicott, L50, M|100/100
|switch|p2a: Aerodactyl|Aerodactyl, L50, M, shiny|100/100
|switch|p2b: Floette|Floette-Eternal, L50, F|100/100
|-ability|p2a: Aerodactyl|Unnerve
|-ability|p1a: Staraptor|Intimidate|boost
|-unboost|p2a: Aerodactyl|atk|1
|-unboost|p2b: Floette|atk|1
|turn|1
|
|t:|1785346007
|detailschange|p1a: Staraptor|Staraptor-Mega, L50, M
|-mega|p1a: Staraptor|Staraptor|Staraptite
|detailschange|p2b: Floette|Floette-Mega, L50, F
|-mega|p2b: Floette|Floette|Floettite
|-ability|p2b: Floette|Fairy Aura
|move|p1b: Whimsicott|Light Screen|p1b: Whimsicott
|-sidestart|p1: GlitchXDGOAT|move: Light Screen
|move|p2a: Aerodactyl|Dual Wingbeat|p1b: Whimsicott
|-supereffective|p1b: Whimsicott|1
|-damage|p1b: Whimsicott|62/100
|-supereffective|p1b: Whimsicott|1
|-damage|p1b: Whimsicott|23/100
|-hitcount|p1b: Whimsicott|2
|move|p1a: Staraptor|Close Combat|p2a: Aerodactyl
|-enditem|p2a: Aerodactyl|Focus Sash
|-damage|p2a: Aerodactyl|1/100
|-boost|p1a: Staraptor|def|1
|-boost|p1a: Staraptor|spd|1
|move|p2b: Floette|Dazzling Gleam|p1b: Whimsicott|[spread] p1a,p1b
|-supereffective|p1a: Staraptor|1
|-damage|p1a: Staraptor|46/100
|-damage|p1b: Whimsicott|0 fnt
|faint|p1b: Whimsicott
|
|upkeep
|
|t:|1785346023
|switch|p1b: Glimmora|Glimmora, L50, M|100/100
|turn|2
|inactive|GlitchXDGOAT has 30 seconds left.
|
|t:|1785346051
|move|p1a: Staraptor|Protect|p1a: Staraptor
|-singleturn|p1a: Staraptor|Protect
|move|p2a: Aerodactyl|Tailwind|p2a: Aerodactyl
|-sidestart|p2: sunshinetufo|move: Tailwind
|move|p2b: Floette|Moonblast|p1a: Staraptor
|-activate|p1a: Staraptor|move: Protect
|move|p1b: Glimmora|Sludge Bomb|p2b: Floette
|-supereffective|p2b: Floette|1
|-damage|p2b: Floette|16/100
|
|upkeep
|turn|3
|
|t:|1785346070
|move|p2a: Aerodactyl|Rock Slide|p1b: Glimmora|[spread] p1a,p1b
|-damage|p1a: Staraptor|33/100
|-damage|p1b: Glimmora|79/100
|-activate|p1b: Glimmora|ability: Toxic Debris
|-sidestart|p2: sunshinetufo|move: Toxic Spikes
|move|p2b: Floette|Dazzling Gleam|p1a: Staraptor|[spread] p1a,p1b
|-supereffective|p1a: Staraptor|1
|-resisted|p1b: Glimmora|1
|-damage|p1a: Staraptor|0 fnt
|-damage|p1b: Glimmora|58/100
|faint|p1a: Staraptor
|move|p1b: Glimmora|Power Gem|p2b: Floette
|-damage|p2b: Floette|0 fnt
|faint|p2b: Floette
|
|upkeep
|
|t:|1785346078
|switch|p1a: Garchomp|Garchomp, L50, M|100/100
|switch|p2b: Decidueye|Decidueye-Hisui, L50, M|100/100
|-status|p2b: Decidueye|psn
|turn|4
|
|t:|1785346090
|move|p2a: Aerodactyl|Protect|p2a: Aerodactyl
|-singleturn|p2a: Aerodactyl|Protect
|move|p1a: Garchomp|Protect|p1a: Garchomp
|-singleturn|p1a: Garchomp|Protect
|move|p2b: Decidueye|Triple Arrows|p1b: Glimmora
|-damage|p1b: Glimmora|0 fnt
|-activate|p1b: Glimmora|ability: Toxic Debris
|-sidestart|p2: sunshinetufo|move: Toxic Spikes
|faint|p1b: Glimmora
|
|-damage|p2b: Decidueye|87/100 psn|[from] psn
|upkeep
|turn|5
|
|t:|1785346105
|move|p2a: Aerodactyl|Rock Slide|p1a: Garchomp
|-resisted|p1a: Garchomp|1
|-damage|p1a: Garchomp|89/100
|move|p2b: Decidueye|Leaf Blade|p1a: Garchomp
|-damage|p1a: Garchomp|40/100
|-damage|p2b: Decidueye|75/100 psn|[from] ability: Rough Skin|[of] p1a: Garchomp
|move|p1a: Garchomp|Dragon Claw|p2b: Decidueye
|-damage|p2b: Decidueye|6/100 psn
|-damage|p1a: Garchomp|31/100|[from] item: Life Orb
|
|-damage|p2b: Decidueye|0 fnt|[from] psn
|faint|p2b: Decidueye
|-sideend|p1: GlitchXDGOAT|move: Light Screen
|-sideend|p2: sunshinetufo|move: Tailwind
|upkeep
|
|t:|1785346109
|switch|p2b: Basculegion|Basculegion, L50, M, shiny|100/100
|-status|p2b: Basculegion|tox
|turn|6
|
|t:|1785346114
|move|p1a: Garchomp|Protect|p1a: Garchomp
|-singleturn|p1a: Garchomp|Protect
|move|p2a: Aerodactyl|Tailwind|p2a: Aerodactyl
|-sidestart|p2: sunshinetufo|move: Tailwind
|move|p2b: Basculegion|Wave Crash|p1a: Garchomp
|-activate|p1a: Garchomp|move: Protect
|
|-damage|p2b: Basculegion|94/100 tox|[from] psn
|upkeep
|turn|7
|
|t:|1785346118
|move|p2a: Aerodactyl|Rock Slide|p1a: Garchomp
|-resisted|p1a: Garchomp|1
|-damage|p1a: Garchomp|19/100
|move|p2b: Basculegion|Wave Crash|p1a: Garchomp
|-damage|p1a: Garchomp|0 fnt
|-damage|p2b: Basculegion|81/100 tox|[from] ability: Rough Skin|[of] p1a: Garchomp
|faint|p1a: Garchomp
|-damage|p2b: Basculegion|75/100 tox|[from] Recoil
|-damage|p2b: Basculegion|65/100 tox|[from] item: Life Orb
|
|win|sunshinetufo
|raw|GlitchXDGOAT's rating: 1278 → 1252(-26 for losing)
|raw|sunshinetufo's rating: 1258 → 1284(+26 for winning)
