|j|☆P!nkbearz07
|j|☆natsukivgc
|html|P!nkbearz07natsukivgc    
|uhtml|bestof|Game 2 of a best-of-3
|t:|1786117722
|gametype|doubles
|player|p1|P!nkbearz07|102|1143
|player|p2|natsukivgc|101|1232
|gen|9
|tier|[Gen 9 Champions] VGC 2026 Reg M-B (Bo3)
|rated|
|rule|Species Clause: Limit one of each Pokémon
|rule|Item Clause: Limit 1 of each item
|clearpoke
|poke|p1|Swampert, L50, F, shiny|
|poke|p1|Gengar, L50, F, shiny|
|poke|p1|Pelipper, L50, M, shiny|
|poke|p1|Vivillon, L50, M, shiny|
|poke|p1|Raichu, L50, F, shiny|
|poke|p1|Incineroar, L50, F, shiny|
|poke|p2|Garchomp, L50, M|
|poke|p2|Venusaur, L50, M|
|poke|p2|Incineroar, L50, M|
|poke|p2|Charizard, L50, F|
|poke|p2|Toxapex, L50, M|
|poke|p2|Annihilape, L50, F|
|teampreview|4
|showteam|p1|Swampert||Swampertite|Damp|WaveCrash,Earthquake,IcePunch,Protect|Jolly||F|||50|]Gengar||Gengarite|CursedBody|ShadowBall,SludgeBomb,PerishSong,Protect|Timid||F|||50|]Pelipper||FocusSash|Drizzle|WeatherBall,Hurricane,Tailwind,Protect|Timid||M|||50|]Vivillon||ChoiceScarf|CompoundEyes|Hurricane,PollenPuff,RagePowder,SleepPowder|Timid||M|||50|]Raichu||RaichuniteY|LightningRod|FakeOut,ZapCannon,AlluringVoice,HelpingHand|Hasty||F|||50|]Incineroar||SitrusBerry|Intimidate|FakeOut,DarkestLariat,PartingShot,Protect|Adamant||F|||50|
|showteam|p2|Garchomp||ChoiceScarf|RoughSkin|Earthquake,DragonClaw,StompingTantrum,RockSlide|Adamant||M|||50|]Venusaur||LifeOrb|Chlorophyll|SolarBeam,SludgeBomb,EarthPower,Protect|Modest||M|||50|]Incineroar||SitrusBerry|Intimidate|FlareBlitz,ThroatChop,FakeOut,PartingShot|Impish||M|||50|]Charizard||CharizarditeY|Blaze|HeatWave,WeatherBall,Protect,HelpingHand|Modest||F|||50|]Toxapex||Leftovers|Regenerator|Infestation,Toxic,WideGuard,BanefulBunker|Bold||M|||50|]Annihilape||FocusSash|Defiant|CloseCombat,PhantomForce,RockTomb,Protect|Jolly||F|||50|
|inactive|Battle timer is ON: inactive players will automatically lose when time's up. (requested by P!nkbearz07)
|inactive|natsukivgc has 60 seconds left.
|
|t:|1786117765
|teamsize|p1|4
|teamsize|p2|4
|start
|switch|p1a: Swampert|Swampert, L50, F, shiny|100/100
|switch|p1b: Raichu|Raichu, L50, F, shiny|100/100
|switch|p2a: Garchomp|Garchomp, L50, M|100/100
|switch|p2b: Annihilape|Annihilape, L50, F|100/100
|turn|1
|inactive|P!nkbearz07 has 30 seconds left.
|inactive|natsukivgc has 30 seconds left.
|inactive|natsukivgc has 20 seconds left.
|inactive|natsukivgc has 15 seconds left.
|inactive|natsukivgc has 10 seconds left.
|
|t:|1786117813
|switch|p2a: Incineroar|Incineroar, L50, M|100/100
|-ability|p2a: Incineroar|Intimidate|boost
|-unboost|p1a: Swampert|atk|1
|-unboost|p1b: Raichu|atk|1
|switch|p1b: Pelipper|Pelipper, L50, M, shiny|100/100
|-weather|RainDance|[from] ability: Drizzle|[of] p1b: Pelipper
|detailschange|p1a: Swampert|Swampert-Mega, L50, F, shiny
|-mega|p1a: Swampert|Swampert|Swampertite
|move|p1a: Swampert|Ice Punch|p2a: Incineroar
|-resisted|p2a: Incineroar|1
|-damage|p2a: Incineroar|93/100
|move|p2b: Annihilape|Close Combat|p1a: Swampert
|-damage|p1a: Swampert|54/100
|-unboost|p2b: Annihilape|def|1
|-unboost|p2b: Annihilape|spd|1
|
|-weather|RainDance|[upkeep]
|upkeep
|turn|2
|inactive|natsukivgc has 30 seconds left.
|
|t:|1786117847
|switch|p1a: Vivillon|Vivillon, L50, M, shiny|100/100
|move|p1b: Pelipper|Protect|p1b: Pelipper
|-singleturn|p1b: Pelipper|Protect
|move|p2a: Incineroar|Fake Out|p1a: Vivillon
|-damage|p1a: Vivillon|79/100
|move|p2b: Annihilape|Close Combat|p1a: Vivillon
|-resisted|p1a: Vivillon|2
|-damage|p1a: Vivillon|50/100g
|-unboost|p2b: Annihilape|def|1
|-unboost|p2b: Annihilape|spd|1
|
|-weather|RainDance|[upkeep]
|upkeep
|turn|3
|inactive|natsukivgc has 30 seconds left.
|
|t:|1786117873
|move|p1a: Vivillon|Hurricane|p2b: Annihilape
|-supereffective|p2b: Annihilape|1
|-enditem|p2b: Annihilape|Focus Sash
|-damage|p2b: Annihilape|1/100
|move|p2b: Annihilape|Rock Tomb|p1a: Vivillon
|-supereffective|p1a: Vivillon|2
|-damage|p1a: Vivillon|0 fnt
|faint|p1a: Vivillon
|move|p1b: Pelipper|Weather Ball|p2a: Incineroar
|-supereffective|p2a: Incineroar|1
|-crit|p2a: Incineroar
|-damage|p2a: Incineroar|0 fnt
|faint|p2a: Incineroar
|
|-weather|RainDance|[upkeep]
|upkeep
|
|t:|1786117888
|switch|p1a: Swampert|Swampert-Mega, L50, F, shiny|54/100
|switch|p2a: Charizard|Charizard, L50, F|100/100
|turn|4
|inactive|natsukivgc has 30 seconds left.
|inactive|natsukivgc has 20 seconds left.
|inactive|natsukivgc has 15 seconds left.
|inactive|natsukivgc has 10 seconds left.
|inactive|natsukivgc has 5 seconds left.
|
|t:|1786117940
|switch|p1b: Raichu|Raichu, L50, F, shiny|100/100
|detailschange|p2a: Charizard|Charizard-Mega-Y, L50, F
|-mega|p2a: Charizard|Charizard|Charizardite Y
|-weather|SunnyDay|[from] ability: Drought|[of] p2a: Charizard
|move|p1a: Swampert|Protect|p1a: Swampert
|-singleturn|p1a: Swampert|Protect
|move|p2b: Annihilape|Close Combat|p1a: Swampert
|-activate|p1a: Swampert|move: Protect
|move|p2a: Charizard|Heat Wave|p1b: Raichu|[spread] p1b
|-activate|p1a: Swampert|move: Protect
|-crit|p1b: Raichu
|-damage|p1b: Raichu|0 fnt
|faint|p1b: Raichu
|
|-weather|SunnyDay|[upkeep]
|upkeep
|
|t:|1786117953
|switch|p1b: Pelipper|Pelipper, L50, M, shiny|100/100
|-weather|RainDance|[from] ability: Drizzle|[of] p1b: Pelipper
|turn|5
|
|t:|1786117975
|move|p1a: Swampert|Earthquake|p2a: Charizard|[spread] p2b
|-immune|p1b: Pelipper
|-immune|p2a: Charizard
|-damage|p2b: Annihilape|0 fnt
|faint|p2b: Annihilape
|move|p2a: Charizard|Weather Ball|p1a: Swampert
|-damage|p1a: Swampert|7/100
|move|p1b: Pelipper|Weather Ball|p2a: Charizard
|-supereffective|p2a: Charizard|1
|-damage|p2a: Charizard|0 fnt
|faint|p2a: Charizard
|
|-weather|RainDance|[upkeep]
|upkeep
|
|t:|1786117995
|switch|p2a: Garchomp|Garchomp, L50, M|100/100
|turn|6
|
|t:|1786118000
|move|p1a: Swampert|Ice Punch|p2a: Garchomp
|-supereffective|p2a: Garchomp|2
|-damage|p2a: Garchomp|0 fnt
|-damage|p1a: Swampert|0 fnt|[from] ability: Rough Skin|[of] p2a: Garchomp
|faint|p2a: Garchomp
|faint|p1a: Swampert
|
|win|P!nkbearz07
