|j|☆practicesemijrlman
|j|☆ViaggioinGiappone
|html|practicesemijrlmanViaggioinGiappone    
|uhtml|bestof|Game 2 of a best-of-3
|t:|1757626842
|gametype|doubles
|player|p1|practicesemijrlman|265|1345
|player|p2|ViaggioinGiappone|pokemonbreederf-gen4|1329
|gen|9
|tier|[Gen 9] VGC 2025 Reg H (Bo3)
|rated|
|rule|Species Clause: Limit one of each Pokémon
|rule|Item Clause: Limit 1 of each item
|clearpoke
|poke|p1|Sneasler, L50, M|
|poke|p1|Weavile, L50, F|
|poke|p1|Kleavor, L50, M|
|poke|p1|Scizor, L50, M|
|poke|p1|Politoed, L50, M|
|poke|p1|Poliwrath, L50, F|
|poke|p2|Sneasler, L50, M|
|poke|p2|Indeedee, L50, M|
|poke|p2|Volcarona, L50, F|
|poke|p2|Ursaluna-Bloodmoon, L50, M|
|poke|p2|Annihilape, L50, M|
|poke|p2|Tyranitar, L50, M|
|teampreview|4
|showteam|p1|Sneasler||WhiteHerb|Unburden|DireClaw,CloseCombat,ThroatChop,Protect|||M|||50|,,,,,Dark]Weavile||FocusSash|Pickpocket|FakeOut,IceSpinner,KnockOff,Protect|||F|||50|,,,,,Stellar]Kleavor||AssaultVest|Sharpness|StoneAxe,XScissor,NightSlash,CloseCombat|||M|||50|,,,,,Water]Scizor||OccaBerry|Technician|BugBite,BulletPunch,SwordsDance,Protect|||M|||50|,,,,,Steel]Politoed||SitrusBerry|Drizzle|Whirlpool,PerishSong,WeatherBall,Protect|||M|||50|,,,,,Grass]Poliwrath||ClearAmulet|SwiftSwim|CloseCombat,Haze,Waterfall,Protect|||F|||50|,,,,,Water
|showteam|p2|Sneasler||PsychicSeed|Unburden|CloseCombat,DireClaw,ThroatChop,Protect|||M|||50|,,,,,Dark]Indeedee||ChoiceScarf|PsychicSurge|ExpandingForce,TeraBlast,Trick,HyperVoice|||M|||50|,,,,,Psychic]Volcarona||SitrusBerry|FlameBody|HeatWave,StruggleBug,RagePowder,Tailwind|||F|||50|,,,,,Dragon]Ursaluna-Bloodmoon||LifeOrb|MindsEye|BloodMoon,HyperVoice,EarthPower,Protect|||M|||50|,,,,,Normal]Annihilape||SafetyGoggles|Defiant|CloseCombat,RageFist,Taunt,FinalGambit|||M|||50|,,,,,Fairy]Tyranitar||AssaultVest|SandStream|RockSlide,KnockOff,TeraBlast,LowKick|||M|||50|,,,,,Flying
|inactive|Battle timer is ON: inactive players will automatically lose when time's up. (requested by practicesemijrlman)
|inactive|ViaggioinGiappone has 60 seconds left.
|
|t:|1757626879
|teamsize|p1|4
|teamsize|p2|4
|start
|switch|p1a: Sneasler|Sneasler, L50, M|100/100
|switch|p1b: Weavile|Weavile, L50, F|100/100
|switch|p2a: Indeedee|Indeedee, L50, M, shiny|100/100
|switch|p2b: Sneasler|Sneasler, L50, M, shiny|100/100
|-fieldstart|move: Psychic Terrain|[from] ability: Psychic Surge|[of] p2a: Indeedee
|-enditem|p2b: Sneasler|Psychic Seed
|-boost|p2b: Sneasler|spd|1|[from] item: Psychic Seed
|turn|1
|inactive|ViaggioinGiappone has 30 seconds left.
|
|t:|1757626908
|-terastallize|p1a: Sneasler|Dark
|move|p2b: Sneasler|Close Combat|p1a: Sneasler
|-supereffective|p1a: Sneasler
|-damage|p1a: Sneasler|0 fnt
|-unboost|p2b: Sneasler|def|1
|-unboost|p2b: Sneasler|spd|1
|faint|p1a: Sneasler
|move|p2a: Indeedee|Hyper Voice|p1b: Weavile
|-damage|p1b: Weavile|32/100
|move|p1b: Weavile|Ice Spinner|p2b: Sneasler
|-damage|p2b: Sneasler|0 fnt
|-fieldend|move: Psychic Terrain
|faint|p2b: Sneasler
|
|upkeep
|
|t:|1757626926
|switch|p1a: Poliwrath|Poliwrath, L50, F|100/100
|switch|p2b: Volcarona|Volcarona, L50, F, shiny|100/100
|turn|2
|
|t:|1757626943
|switch|p1b: Politoed|Politoed, L50, M|100/100
|-weather|RainDance|[from] ability: Drizzle|[of] p1b: Politoed
|-terastallize|p2b: Volcarona|Dragon
|move|p1a: Poliwrath|Waterfall|p2a: Indeedee
|-damage|p2a: Indeedee|0 fnt
|faint|p2a: Indeedee
|move|p2b: Volcarona|Tailwind|p2b: Volcarona
|-sidestart|p2: ViaggioinGiappone|move: Tailwind
|
|-weather|RainDance|[upkeep]
|upkeep
|
|t:|1757626955
|switch|p2a: Tyranitar|Tyranitar, L50, M, shiny|100/100
|-weather|Sandstorm|[from] ability: Sand Stream|[of] p2a: Tyranitar
|turn|3
|
|t:|1757626971
|move|p2b: Volcarona|Struggle Bug|p1b: Politoed|[spread] p1a,p1b
|-resisted|p1a: Poliwrath
|-damage|p1a: Poliwrath|90/100
|-damage|p1b: Politoed|87/100
|-unboost|p1b: Politoed|spa|1
|move|p2a: Tyranitar|Knock Off|p1b: Politoed
|-damage|p1b: Politoed|30/100
|-enditem|p1b: Politoed|Sitrus Berry|[from] move: Knock Off|[of] p2a: Tyranitar
|move|p1a: Poliwrath|Close Combat|p2a: Tyranitar
|-supereffective|p2a: Tyranitar
|-damage|p2a: Tyranitar|0 fnt
|-unboost|p1a: Poliwrath|def|1
|-unboost|p1a: Poliwrath|spd|1
|faint|p2a: Tyranitar
|move|p1b: Politoed|Whirlpool|p2b: Volcarona
|-resisted|p2b: Volcarona
|-damage|p2b: Volcarona|97/100
|-activate|p2b: Volcarona|move: Whirlpool|[of] p1b: Politoed
|
|-weather|Sandstorm|[upkeep]
|-damage|p2b: Volcarona|91/100|[from] Sandstorm
|-damage|p1a: Poliwrath|84/100|[from] Sandstorm
|-damage|p1b: Politoed|24/100|[from] Sandstorm
|-damage|p2b: Volcarona|79/100|[from] move: Whirlpool|[partiallytrapped]
|upkeep
|turn|4
|
|t:|1757626993
|switch|p1b: Weavile|Weavile, L50, F|32/100
|move|p1a: Poliwrath|Protect|p1a: Poliwrath
|-singleturn|p1a: Poliwrath|Protect
|move|p2b: Volcarona|Heat Wave|p1b: Weavile|[spread] p1b
|-activate|p1a: Poliwrath|move: Protect
|-supereffective|p1b: Weavile
|-damage|p1b: Weavile|0 fnt
|faint|p1b: Weavile
|
|-weather|Sandstorm|[upkeep]
|-damage|p2b: Volcarona|73/100|[from] Sandstorm
|-damage|p1a: Poliwrath|78/100|[from] Sandstorm
|-end|p2b: Volcarona|Whirlpool|[partiallytrapped]|[silent]
|upkeep
|
|t:|1757626995
|switch|p1b: Politoed|Politoed, L50, M|24/100
|-weather|RainDance|[from] ability: Drizzle|[of] p1b: Politoed
|turn|5
|
|t:|1757627013
|move|p2b: Volcarona|Struggle Bug|p1b: Politoed|[spread] p1a,p1b
|-resisted|p1a: Poliwrath
|-damage|p1a: Poliwrath|63/100
|-damage|p1b: Politoed|10/100
|-unboost|p1b: Politoed|spa|1
|move|p1a: Poliwrath|Close Combat|p2b: Volcarona
|-damage|p2b: Volcarona|4/100
|-unboost|p1a: Poliwrath|def|1
|-unboost|p1a: Poliwrath|spd|1
|-enditem|p2b: Volcarona|Sitrus Berry|[eat]
|-heal|p2b: Volcarona|29/100|[from] item: Sitrus Berry
|move|p1b: Politoed|Weather Ball|p2b: Volcarona
|-resisted|p2b: Volcarona
|-damage|p2b: Volcarona|14/100
|
|-weather|RainDance|[upkeep]
|-sideend|p2: ViaggioinGiappone|move: Tailwind
|upkeep
|turn|6
|
|t:|1757627032
|move|p1a: Poliwrath|Close Combat|p2b: Volcarona
|-damage|p2b: Volcarona|0 fnt
|-unboost|p1a: Poliwrath|def|1
|-unboost|p1a: Poliwrath|spd|1
|faint|p2b: Volcarona
|
|win|practicesemijrlman
|raw|practicesemijrlman's rating: 1345 → 1364(+19 for winning)
|raw|ViaggioinGiappone's rating: 1329 → 1310(-19 for losing)
