|j|☆Zetababy3
|j|☆sum1dum
|html|Zetababy3sum1dum    
|uhtml|bestof|Game 2 of a best-of-3
|t:|1783978430
|gametype|doubles
|player|p1|Zetababy3|265|1072
|player|p2|sum1dum|rosa|1154
|gen|9
|tier|[Gen 9 Champions] VGC 2026 Reg M-B (Bo3)
|rated|
|rule|Species Clause: Limit one of each Pokémon
|rule|Item Clause: Limit 1 of each item
|clearpoke
|poke|p1|Charizard, L50, M|
|poke|p1|Whimsicott, L50, M|
|poke|p1|Sneasler, L50, F|
|poke|p1|Garchomp, L50, M|
|poke|p1|Kingambit, L50, M|
|poke|p1|Dragapult, L50, M|
|poke|p2|Gliscor, L50, F|
|poke|p2|Primarina, L50, M|
|poke|p2|Metagross, L50|
|poke|p2|Ninetales-Alola, L50, F|
|poke|p2|Incineroar, L50, M|
|poke|p2|Sinistcha, L50|
|teampreview|4
|showteam|p1|Charizard||CharizarditeY|SolarPower|Protect,HeatWave,WeatherBall,SolarBeam|Timid||M|||50|]Whimsicott||FocusSash|Prankster|FakeTears,Moonblast,Tailwind,Encore|Timid||M|||50|]Sneasler||WhiteHerb|Unburden|DireClaw,FakeOut,CloseCombat,Taunt|Adamant||F|||50|]Garchomp||ChoiceScarf|RoughSkin|Earthquake,DragonClaw,RockSlide,StompingTantrum|Adamant||M|||50|]Kingambit||BlackGlasses|SupremeOverlord|KowtowCleave,SuckerPunch,LowKick,IronHead|Jolly||M|||50|]Dragapult||LifeOrb|ClearBody|PhantomForce,DragonDarts,DragonDance,Protect|Adamant||M|||50|
|showteam|p2|Gliscor||LifeOrb|HyperCutter|DualWingbeat,HighHorsepower,Protect,RockSlide|Jolly||F|||50|]Primarina||Leftovers|LiquidVoice|CalmMind,HyperVoice,Moonblast,Protect|Modest||M|||50|]Metagross||Metagrossite|ClearBody|BulletPunch,IronHead,Protect,PsychicFangs|Jolly|||||50|]Ninetales-Alola||LightClay|SnowWarning|AuroraVeil,FreezeDry,Moonblast,Protect|Timid||F|||50|]Incineroar||ChopleBerry|Intimidate|FakeOut,FlareBlitz,DarkestLariat,PartingShot|Impish||M|||50|]Sinistcha||SitrusBerry|Hospitality|MatchaGotcha,Protect,LifeDew,RagePowder|Bold|||||50|
|inactive|Battle timer is ON: inactive players will automatically lose when time's up. (requested by sum1dum)
|inactive|sum1dum has 60 seconds left.
|inactive|sum1dum has 30 seconds left.
|inactive|sum1dum has 20 seconds left.
|
|t:|1783978505
|teamsize|p1|4
|teamsize|p2|4
|start
|switch|p1a: Dragapult|Dragapult, L50, M|100/100
|switch|p1b: Sneasler|Sneasler, L50, F|100/100
|switch|p2a: Bravery|Gliscor, L50, F|100/100
|switch|p2b: Patience|Primarina, L50, M|100/100
|turn|1
|
|t:|1783978522
|move|p2b: Patience|Protect|p2b: Patience
|-singleturn|p2b: Patience|Protect
|move|p1b: Sneasler|Fake Out|p2b: Patience
|-activate|p2b: Patience|move: Protect
|move|p1a: Dragapult|Dragon Dance|p1a: Dragapult
|-boost|p1a: Dragapult|atk|1
|-boost|p1a: Dragapult|spe|1
|move|p2a: Bravery|Dual Wingbeat|p1b: Sneasler
|-supereffective|p1b: Sneasler|1
|-damage|p1b: Sneasler|28/100
|-supereffective|p1b: Sneasler|1
|-damage|p1b: Sneasler|0 fnt
|faint|p1b: Sneasler
|-hitcount|p1: Sneasler|2
|-damage|p2a: Bravery|90/100|[from] item: Life Orb
|
|upkeep
|
|t:|1783978545
|switch|p1b: Charizard|Charizard, L50, M|100/100
|turn|2
|
|t:|1783978560
|switch|p2a: Justice|Incineroar, L50, M|100/100
|-ability|p2a: Justice|Intimidate|boost
|-fail|p1a: Dragapult|unboost|[from] ability: Clear Body|[of] p1a: Dragapult
|-unboost|p1b: Charizard|atk|1
|detailschange|p1b: Charizard|Charizard-Mega-Y, L50, M
|-mega|p1b: Charizard|Charizard|Charizardite Y
|-weather|SunnyDay|[from] ability: Drought|[of] p1b: Charizard
|move|p2b: Patience|Protect|p2b: Patience
|-singleturn|p2b: Patience|Protect
|move|p1a: Dragapult|Phantom Force||[still]
|-prepare|p1a: Dragapult|Phantom Force
|move|p1b: Charizard|Weather Ball|p2a: Justice
|-resisted|p2a: Justice|1
|-damage|p2a: Justice|64/100
|
|-weather|SunnyDay|[upkeep]
|upkeep
|turn|3
|
|t:|1783978583
|move|p1b: Charizard|Protect|p1b: Charizard
|-singleturn|p1b: Charizard|Protect
|move|p2a: Justice|Fake Out|p1b: Charizard
|-activate|p1b: Charizard|move: Protect
|move|p1a: Dragapult|Phantom Force|p2b: Patience|[from] lockedmove
|-damage|p2b: Patience|5/100
|-damage|p1a: Dragapult|90/100|[from] item: Life Orb
|move|p2b: Patience|Moonblast|p1a: Dragapult
|-supereffective|p1a: Dragapult|1
|-damage|p1a: Dragapult|0 fnt
|faint|p1a: Dragapult
|
|-weather|SunnyDay|[upkeep]
|-heal|p2b: Patience|11/100|[from] item: Leftovers
|upkeep
|
|t:|1783978599
|switch|p1a: Kingambit|Kingambit, L50, M|100/100
|-activate|p1a: Kingambit|ability: Supreme Overlord
|-start|p1a: Kingambit|fallen2|[silent]
|turn|4
|
|t:|1783978619
|move|p2b: Patience|Protect|p2b: Patience
|-singleturn|p2b: Patience|Protect
|move|p1b: Charizard|Heat Wave|p2a: Justice|[spread] p2a
|-activate|p2b: Patience|move: Protect
|-resisted|p2a: Justice|1
|-damage|p2a: Justice|39/100
|move|p1a: Kingambit|Low Kick|p2a: Justice
|-supereffective|p2a: Justice|1
|-enditem|p2a: Justice|Chople Berry|[eat]
|-enditem|p2a: Justice|Chople Berry|[weaken]
|-damage|p2a: Justice|13/100
|move|p2a: Justice|Parting Shot|p1b: Charizard
|-unboost|p1b: Charizard|atk|1
|-unboost|p1b: Charizard|spa|1
|
|t:|1783978623
|switch|p2a: Integrity|Ninetales-Alola, L50, F|100/100|[from] Parting Shot
|-weather|Snowscape|[from] ability: Snow Warning|[of] p2a: Integrity
|
|-weather|Snowscape|[upkeep]
|-heal|p2b: Patience|17/100|[from] item: Leftovers
|upkeep
|turn|5
|
|t:|1783978646
|switch|p2b: Justice|Incineroar, L50, M|13/100
|-ability|p2b: Justice|Intimidate|boost
|-unboost|p1a: Kingambit|atk|1
|-unboost|p1b: Charizard|atk|1
|move|p1a: Kingambit|Sucker Punch||[still]
|-fail|p1a: Kingambit
|move|p2a: Integrity|Aurora Veil|p2a: Integrity
|-sidestart|p2: sum1dum|move: Aurora Veil
|move|p1b: Charizard|Heat Wave|p2b: Justice|[spread] p2a
|-miss|p1b: Charizard|p2b: Justice
|-supereffective|p2a: Integrity|1
|-damage|p2a: Integrity|57/100
|
|-weather|Snowscape|[upkeep]
|upkeep
|turn|6
|
|t:|1783978664
|move|p2b: Justice|Fake Out|p1a: Kingambit
|-resisted|p1a: Kingambit|1
|-damage|p1a: Kingambit|95/100
|move|p2a: Integrity|Moonblast|p1a: Kingambit
|-damage|p1a: Kingambit|56/100
|move|p1b: Charizard|Heat Wave|p2a: Integrity|[spread] p2a,p2b
|-supereffective|p2a: Integrity|1
|-resisted|p2b: Justice|1
|-damage|p2a: Integrity|19/100
|-damage|p2b: Justice|6/100
|cant|p1a: Kingambit|flinch
|
|-weather|Snowscape|[upkeep]
|upkeep
|turn|7
|
|t:|1783978682
|move|p2a: Integrity|Moonblast|p1a: Kingambit
|-damage|p1a: Kingambit|14/100
|move|p1b: Charizard|Heat Wave|p2b: Justice|[spread] p2a,p2b
|-supereffective|p2a: Integrity|1
|-resisted|p2b: Justice|1
|-damage|p2a: Integrity|0 fnt
|-damage|p2b: Justice|0 fnt
|faint|p2a: Integrity
|faint|p2b: Justice
|move|p1a: Kingambit|Kowtow Cleave|p2: Integrity|[notarget]
|-fail|p1a: Kingambit
|
|-weather|Snowscape|[upkeep]
|upkeep
|
|t:|1783978685
|switch|p2a: Patience|Primarina, L50, M|17/100
|switch|p2b: Bravery|Gliscor, L50, F|90/100
|turn|8
|
|t:|1783978702
|move|p2a: Patience|Protect|p2a: Patience
|-singleturn|p2a: Patience|Protect
|move|p1a: Kingambit|Sucker Punch||[still]
|-fail|p1a: Kingambit
|move|p1b: Charizard|Heat Wave|p2b: Bravery|[spread] 
|-activate|p2a: Patience|move: Protect
|-miss|p1b: Charizard|p2b: Bravery
|move|p2b: Bravery|High Horsepower|p1a: Kingambit
|-supereffective|p1a: Kingambit|1
|-damage|p1a: Kingambit|0 fnt
|faint|p1a: Kingambit
|-end|p1a: Kingambit|fallen2|[silent]
|-damage|p2b: Bravery|80/100|[from] item: Life Orb
|
|-weather|none
|-heal|p2a: Patience|22/100|[from] item: Leftovers
|upkeep
|turn|9
|-message|Zetababy3 forfeited.
|raw|Zetababy3's rating: 1072 → 1056(-16 for losing)
|raw|sum1dum's rating: 1154 → 1173(+19 for winning)
|
|win|sum1dum
