|j|☆The Bradicus
|j|☆wkrakus
|html|The Bradicuswkrakus    
|uhtml|bestof|Game 3 of a best-of-3
|t:|1783889024
|gametype|doubles
|player|p1|The Bradicus|richboy-gen6xy|1000
|player|p2|wkrakus|lance|1000
|gen|9
|tier|[Gen 9 Champions] VGC 2026 Reg M-B (Bo3)
|rated|
|rule|Species Clause: Limit one of each Pokémon
|rule|Item Clause: Limit 1 of each item
|clearpoke
|poke|p1|Annihilape, L50, F|
|poke|p1|Malamar, L50, M|
|poke|p1|Blastoise, L50, F|
|poke|p1|Incineroar, L50, F|
|poke|p1|Glimmora, L50, F|
|poke|p1|Whimsicott, L50, F|
|poke|p2|Ceruledge, L50, M, shiny|
|poke|p2|Staraptor, L50, M, shiny|
|poke|p2|Whimsicott, L50, F, shiny|
|poke|p2|Farigiraf, L50, F, shiny|
|poke|p2|Garchomp, L50, M, shiny|
|poke|p2|Metagross, L50, shiny|
|teampreview|4
|showteam|p1|Annihilape||ChoiceScarf|Defiant|CloseCombat,ShadowClaw,IcePunch,Uturn|Adamant||F|||50|]Malamar||Malamarite|Contrary|Superpower,KnockOff,PsychoCut,Protect|Adamant||M|||50|]Blastoise||WideLens|Torrent|MuddyWater,IceBeam,FakeOut,FlipTurn|Calm||F|||50|]Incineroar||SitrusBerry|Intimidate|FlareBlitz,DarkestLariat,FakeOut,PartingShot|Impish||F|||50|]Glimmora||Glimmoranite|ToxicDebris|SludgeBomb,PowerGem,DazzlingGleam,SpikyShield|Timid||F|||50|]Whimsicott||FocusSash|Prankster|Moonblast,FakeTears,Tailwind,Protect|Timid||F|||50|
|showteam|p2|Ceruledge||Leftovers|FlashFire|BitterBlade,ShadowSneak,BulkUp,Protect|Adamant||M|||50|]Staraptor||Staraptite|Intimidate|CloseCombat,BraveBird,Roost,Protect|Jolly||M|||50|]Whimsicott||FocusSash|Prankster|Moonblast,Tailwind,Charm,Encore|Timid||F|||50|]Farigiraf||SitrusBerry|ArmorTail|Psychic,Thunderbolt,HelpingHand,TrickRoom|Calm||F|||50|]Garchomp||LifeOrb|RoughSkin|DragonClaw,StompingTantrum,RockSlide,Protect|Jolly||M|||50|]Metagross||Metagrossite|ClearBody|IronHead,PsychicFangs,StompingTantrum,Protect|Adamant|||||50|
|inactive|Battle timer is ON: inactive players will automatically lose when time's up. (requested by The Bradicus)
|inactive|wkrakus also wants the timer to be on.
|inactive|wkrakus has 60 seconds left.
|
|t:|1783889055
|teamsize|p1|4
|teamsize|p2|4
|start
|switch|p1a: Incineroar|Incineroar, L50, F|100/100
|switch|p1b: Glimmora|Glimmora, L50, F|100/100
|switch|p2a: Garchomp|Garchomp, L50, M, shiny|100/100
|switch|p2b: Metagross|Metagross, L50, shiny|100/100
|-ability|p1a: Incineroar|Intimidate|boost
|-unboost|p2a: Garchomp|atk|1
|-fail|p2b: Metagross|unboost|[from] ability: Clear Body|[of] p2b: Metagross
|turn|1
|inactive|The Bradicus has 30 seconds left.
|
|t:|1783889086
|move|p1b: Glimmora|Spiky Shield|p1b: Glimmora
|-singleturn|p1b: Glimmora|move: Protect
|move|p2a: Garchomp|Stomping Tantrum|p1b: Glimmora
|-activate|p1b: Glimmora|move: Protect
|-damage|p2a: Garchomp|87/100|[from] Spiky Shield|[of] p1b: Glimmora
|move|p2b: Metagross|Psychic Fangs|p1b: Glimmora
|-activate|p1b: Glimmora|move: Protect
|-damage|p2b: Metagross|87/100|[from] Spiky Shield|[of] p1b: Glimmora
|move|p1a: Incineroar|Flare Blitz|p2b: Metagross
|-supereffective|p2b: Metagross|1
|-damage|p2b: Metagross|0 fnt
|faint|p2b: Metagross
|-damage|p1a: Incineroar|73/100|[from] Recoil
|
|upkeep
|
|t:|1783889098
|switch|p2b: Whimsicott|Whimsicott, L50, F, shiny|100/100
|turn|2
|
|t:|1783889108
|switch|p1b: Whimsicott|Whimsicott, L50, F|100/100
|move|p2b: Whimsicott|Tailwind|p2b: Whimsicott
|-sidestart|p2: wkrakus|move: Tailwind
|move|p2a: Garchomp|Stomping Tantrum|p1b: Whimsicott
|-resisted|p1b: Whimsicott|1
|-damage|p1b: Whimsicott|80/100
|-damage|p2a: Garchomp|77/100|[from] item: Life Orb
|move|p1a: Incineroar|Parting Shot|p2a: Garchomp
|-unboost|p2a: Garchomp|atk|1
|-unboost|p2a: Garchomp|spa|1
|
|t:|1783889119
|switch|p1a: Glimmora|Glimmora, L50, F|100/100|[from] Parting Shot
|
|upkeep
|turn|3
|inactive|wkrakus has 30 seconds left.
|
|t:|1783889151
|switch|p2a: Staraptor|Staraptor, L50, M, shiny|100/100
|-ability|p2a: Staraptor|Intimidate|boost
|-unboost|p1a: Glimmora|atk|1
|-unboost|p1b: Whimsicott|atk|1
|detailschange|p1a: Glimmora|Glimmora-Mega, L50, F
|-mega|p1a: Glimmora|Glimmora|Glimmoranite
|move|p2b: Whimsicott|Encore||[still]
|-fail|p2b: Whimsicott
|move|p1b: Whimsicott|Tailwind|p1b: Whimsicott
|-sidestart|p1: The Bradicus|move: Tailwind
|move|p1a: Glimmora|Dazzling Gleam|p2b: Whimsicott|[spread] p2a,p2b
|-damage|p2a: Staraptor|67/100
|-damage|p2b: Whimsicott|61/100
|
|upkeep
|turn|4
|inactive|The Bradicus has 30 seconds left.
|
|t:|1783889181
|switch|p1b: Incineroar|Incineroar, L50, F|73/100
|-ability|p1b: Incineroar|Intimidate|boost
|-unboost|p2a: Staraptor|atk|1
|-unboost|p2b: Whimsicott|atk|1
|detailschange|p2a: Staraptor|Staraptor-Mega, L50, M, shiny
|-mega|p2a: Staraptor|Staraptor|Staraptite
|move|p2b: Whimsicott|Charm|p2a: Staraptor
|-boost|p2a: Staraptor|atk|2
|move|p2a: Staraptor|Close Combat|p1a: Glimmora
|-damage|p1a: Glimmora|8/100
|-boost|p2a: Staraptor|def|1
|-boost|p2a: Staraptor|spd|1
|move|p1a: Glimmora|Sludge Bomb|p2a: Staraptor
|-damage|p2a: Staraptor|15/100
|
|upkeep
|turn|5
|
|t:|1783889200
|switch|p2b: Garchomp|Garchomp, L50, M, shiny|77/100
|move|p2a: Staraptor|Protect|p2a: Staraptor
|-singleturn|p2a: Staraptor|Protect
|move|p1b: Incineroar|Fake Out|p2a: Staraptor
|-activate|p2a: Staraptor|move: Protect
|move|p1a: Glimmora|Sludge Bomb|p2b: Garchomp
|-resisted|p2b: Garchomp|1
|-damage|p2b: Garchomp|41/100
|
|-sideend|p2: wkrakus|move: Tailwind
|upkeep
|turn|6
|
|t:|1783889222
|move|p1a: Glimmora|Dazzling Gleam|p2b: Garchomp|[spread] p2a,p2b
|-supereffective|p2a: Staraptor|1
|-supereffective|p2b: Garchomp|1
|-damage|p2a: Staraptor|0 fnt
|-damage|p2b: Garchomp|0 fnt
|faint|p2a: Staraptor
|faint|p2b: Garchomp
|move|p1b: Incineroar|Darkest Lariat|p2: Staraptor|[notarget]
|-fail|p1b: Incineroar
|
|-sideend|p1: The Bradicus|move: Tailwind
|upkeep
|
|t:|1783889228
|switch|p2b: Whimsicott|Whimsicott, L50, F, shiny|61/100
|turn|7
|c|☆wkrakus|wtf is that glimmora
|
|t:|1783889238
|switch|p1a: Whimsicott|Whimsicott, L50, F|80/100
|move|p2b: Whimsicott|Moonblast|p1a: Whimsicott
|-damage|p1a: Whimsicott|36/100
|move|p1b: Incineroar|Flare Blitz|p2b: Whimsicott
|-supereffective|p2b: Whimsicott|1
|-damage|p2b: Whimsicott|0 fnt
|faint|p2b: Whimsicott
|-damage|p1b: Incineroar|58/100|[from] Recoil
|
|win|The Bradicus
|raw|The Bradicus's rating: 1000 → 1040(+40 for winning)
|raw|wkrakus's rating: 1000 → 1000(+0 for losing)
|l|☆wkrakus
|player|p2|
|c|☆The Bradicus|it's a strong special attacker
