|j|☆tipolucha
|j|☆raksbach
|html|tipolucharaksbach    
|uhtml|bestof|Game 1 of a best-of-3
|t:|1783417284
|gametype|doubles
|player|p1|tipolucha|101|1118
|player|p2|raksbach|265|1198
|gen|9
|tier|[Gen 9 Champions] VGC 2026 Reg M-B (Bo3)
|rated|
|rule|Species Clause: Limit one of each Pokémon
|rule|Item Clause: Limit 1 of each item
|clearpoke
|poke|p1|Whimsicott, L50, M|
|poke|p1|Froslass, L50, F|
|poke|p1|Pelipper, L50, F|
|poke|p1|Incineroar, L50, M|
|poke|p1|Milotic, L50, F|
|poke|p1|Sneasler, L50, M|
|poke|p2|Incineroar, L50, F|
|poke|p2|Maushold, L50|
|poke|p2|Sinistcha, L50|
|poke|p2|Sneasler, L50, M|
|poke|p2|Blastoise, L50, M|
|poke|p2|Delphox, L50, M|
|teampreview|4
|showteam|p1|Whimsicott||FocusSash|Prankster|Tailwind,Encore,Moonblast,FakeTears|Timid||M|||50|]Froslass||Froslassite|SnowCloak|Blizzard,AuroraVeil,ShadowBall,Protect|Timid||F|||50|]Pelipper||SitrusBerry|Drizzle|WideGuard,Protect,WeatherBall,Hurricane|Relaxed||F|||50|]Incineroar||LifeOrb|Blaze|PartingShot,FakeOut,FlareBlitz,DarkestLariat|Adamant||M|||50|]Milotic||MysticWater|Competitive|AlluringVoice,Scald,IcyWind,Protect|Modest||F|||50|]Sneasler||WhiteHerb|Unburden|RockSlide,FakeOut,CloseCombat,DireClaw|Adamant||M|||50|
|showteam|p2|Incineroar||SitrusBerry|Intimidate|FakeOut,FlareBlitz,DarkestLariat,PartingShot|Impish||F|||50|]Maushold||ChopleBerry|FriendGuard|SuperFang,FollowMe,Protect,Feint|Impish|||||50|]Sinistcha||OccaBerry|Hospitality|MatchaGotcha,LifeDew,RagePowder,Protect|Bold|||||50|]Sneasler||FocusSash|PoisonTouch|FakeOut,CloseCombat,DireClaw,QuickGuard|Jolly||M|||50|]Blastoise||Blastoisinite|Torrent|WaterSpout,DarkPulse,ShellSmash,Protect|Modest||M|||50|]Delphox||Delphoxite|Blaze|HeatWave,Psychic,NastyPlot,Protect|Timid||M|||50|
|inactive|Battle timer is ON: inactive players will automatically lose when time's up. (requested by raksbach)
|inactive|tipolucha has 60 seconds left.
|inactive|raksbach has 60 seconds left.
|inactive|tipolucha has 30 seconds left.
|inactive|raksbach has 30 seconds left.
|inactive|tipolucha has 20 seconds left.
|inactive|tipolucha has 15 seconds left.
|
|t:|1783417362
|teamsize|p1|4
|teamsize|p2|4
|start
|switch|p1a: Milotic|Milotic, L50, F|100/100
|switch|p1b: Sneasler|Sneasler, L50, M|100/100
|switch|p2a: Blastoise|Blastoise, L50, M|100/100
|switch|p2b: Maushold|Maushold, L50|100/100
|turn|1
|inactive|tipolucha has 30 seconds left.
|inactive|tipolucha has 20 seconds left.
|
|t:|1783417398
|move|p2a: Blastoise|Protect|p2a: Blastoise
|-singleturn|p2a: Blastoise|Protect
|move|p1b: Sneasler|Close Combat|p2a: Blastoise
|-activate|p2a: Blastoise|move: Protect
|move|p2b: Maushold|Super Fang|p1a: Milotic
|-damage|p1a: Milotic|50/100y
|move|p1a: Milotic|Icy Wind|p2b: Maushold|[spread] p2b
|-activate|p2a: Blastoise|move: Protect
|-damage|p2b: Maushold|84/100
|-unboost|p2b: Maushold|spe|1
|
|upkeep
|turn|2
|
|t:|1783417418
|detailschange|p2a: Blastoise|Blastoise-Mega, L50, M
|-mega|p2a: Blastoise|Blastoise|Blastoisinite
|move|p2b: Maushold|Follow Me|p2b: Maushold
|-singleturn|p2b: Maushold|move: Follow Me
|move|p1b: Sneasler|Close Combat|p2b: Maushold
|-supereffective|p2b: Maushold|1
|-enditem|p2b: Maushold|Chople Berry|[eat]
|-enditem|p2b: Maushold|Chople Berry|[weaken]
|-damage|p2b: Maushold|16/100
|-unboost|p1b: Sneasler|def|1
|-unboost|p1b: Sneasler|spd|1
|-enditem|p1b: Sneasler|White Herb
|-clearnegativeboost|p1b: Sneasler|[silent]
|move|p2a: Blastoise|Shell Smash|p2a: Blastoise
|-unboost|p2a: Blastoise|def|1
|-unboost|p2a: Blastoise|spd|1
|-boost|p2a: Blastoise|atk|2
|-boost|p2a: Blastoise|spa|2
|-boost|p2a: Blastoise|spe|2
|move|p1a: Milotic|Scald|p2b: Maushold
|-damage|p2b: Maushold|0 fnt
|faint|p2b: Maushold
|
|upkeep
|
|t:|1783417436
|switch|p2b: Sinistcha|Sinistcha, L50|100/100
|turn|3
|inactive|tipolucha has 30 seconds left.
|
|t:|1783417464
|move|p2b: Sinistcha|Rage Powder|p2b: Sinistcha
|-singleturn|p2b: Sinistcha|move: Rage Powder
|move|p1b: Sneasler|Rock Slide|p2b: Sinistcha|[spread] p2a,p2b
|-damage|p2a: Blastoise|69/100
|-damage|p2b: Sinistcha|81/100
|move|p2a: Blastoise|Water Spout|p1a: Milotic|[spread] p1a,p1b
|-resisted|p1a: Milotic|1
|-crit|p1b: Sneasler
|-damage|p1a: Milotic|17/100
|-damage|p1b: Sneasler|0 fnt
|faint|p1b: Sneasler
|move|p1a: Milotic|Icy Wind|p2b: Sinistcha|[spread] p2a,p2b
|-resisted|p2a: Blastoise|1
|-supereffective|p2b: Sinistcha|1
|-damage|p2a: Blastoise|58/100
|-damage|p2b: Sinistcha|55/100
|-unboost|p2a: Blastoise|spe|1
|-unboost|p2b: Sinistcha|spe|1
|
|upkeep
|
|t:|1783417480
|switch|p1b: Whimsicott|Whimsicott, L50, M|100/100
|turn|4
|
|t:|1783417489
|move|p1a: Milotic|Protect|p1a: Milotic
|-singleturn|p1a: Milotic|Protect
|move|p2b: Sinistcha|Rage Powder|p2b: Sinistcha
|-singleturn|p2b: Sinistcha|move: Rage Powder
|move|p1b: Whimsicott|Tailwind|p1b: Whimsicott
|-sidestart|p1: tipolucha|move: Tailwind
|move|p2a: Blastoise|Water Spout|p1a: Milotic|[spread] p1b
|-activate|p1a: Milotic|move: Protect
|-resisted|p1b: Whimsicott|1
|-damage|p1b: Whimsicott|33/100
|
|upkeep
|turn|5
|
|t:|1783417500
|move|p2b: Sinistcha|Rage Powder|p2b: Sinistcha
|-singleturn|p2b: Sinistcha|move: Rage Powder
|move|p1b: Whimsicott|Fake Tears|p2a: Blastoise
|-unboost|p2a: Blastoise|spd|2
|move|p1a: Milotic|Icy Wind|p2b: Sinistcha|[spread] p2a,p2b
|-resisted|p2a: Blastoise|1
|-supereffective|p2b: Sinistcha|1
|-damage|p2a: Blastoise|41/100
|-damage|p2b: Sinistcha|28/100
|-unboost|p2a: Blastoise|spe|1
|-unboost|p2b: Sinistcha|spe|1
|move|p2a: Blastoise|Water Spout|p1b: Whimsicott|[spread] p1a,p1b
|-resisted|p1a: Milotic|1
|-resisted|p1b: Whimsicott|1
|-damage|p1a: Milotic|0 fnt
|-damage|p1b: Whimsicott|0 fnt
|faint|p1a: Milotic
|faint|p1b: Whimsicott
|
|upkeep
|
|t:|1783417509
|switch|p1b: Froslass|Froslass, L50, F|100/100
|turn|6
|
|t:|1783417526
|detailschange|p1b: Froslass|Froslass-Mega, L50, F
|-mega|p1b: Froslass|Froslass|Froslassite
|-weather|Snowscape|[from] ability: Snow Warning|[of] p1b: Froslass
|move|p1b: Froslass|Blizzard|p2b: Sinistcha|[spread] p2a,p2b
|-resisted|p2a: Blastoise|1
|-supereffective|p2b: Sinistcha|1
|-damage|p2a: Blastoise|0 fnt
|-damage|p2b: Sinistcha|0 fnt
|faint|p2a: Blastoise
|faint|p2b: Sinistcha
|
|-weather|Snowscape|[upkeep]
|upkeep
|
|t:|1783417535
|switch|p2b: Sneasler|Sneasler, L50, M|100/100
|turn|7
|
|t:|1783417542
|move|p1b: Froslass|Blizzard|p2b: Sneasler
|-damage|p2b: Sneasler|22/100
|move|p2b: Sneasler|Dire Claw|p1b: Froslass
|-resisted|p1b: Froslass|1
|-damage|p1b: Froslass|77/100
|-status|p1b: Froslass|psn|[from] ability: Poison Touch|[of] p2b: Sneasler
|
|-weather|Snowscape|[upkeep]
|-damage|p1b: Froslass|65/100 psn|[from] psn
|-sideend|p1: tipolucha|move: Tailwind
|upkeep
|turn|8
|
|t:|1783417553
|move|p2b: Sneasler|Dire Claw|p1b: Froslass
|-resisted|p1b: Froslass|1
|-damage|p1b: Froslass|44/100 psn
|move|p1b: Froslass|Blizzard|p2b: Sneasler
|-damage|p2b: Sneasler|0 fnt
|faint|p2b: Sneasler
|
|win|tipolucha
