|j|☆bleepbopboop
|j|☆l nova nick l
|html|bleepbopboopl nova nick l    
|uhtml|bestof|Game 1 of a best-of-3
|t:|1756499185
|gametype|doubles
|player|p1|bleepbopboop|ethan|1000
|player|p2|l nova nick l|101|1008
|gen|9
|tier|[Gen 9] VGC 2025 Reg H (Bo3)
|rated|
|rule|Species Clause: Limit one of each Pokémon
|rule|Item Clause: Limit 1 of each item
|clearpoke
|poke|p1|Kingambit, L50, M|
|poke|p1|Garchomp, L50, F|
|poke|p1|Dragonite, L50, M|
|poke|p1|Typhlosion-Hisui, L50, M|
|poke|p1|Jumpluff, L50, F|
|poke|p1|Torkoal, L50, F|
|poke|p2|Gholdengo, L50|
|poke|p2|Amoonguss, L50, F|
|poke|p2|Basculegion, L50, M|
|poke|p2|Pelipper, L50, M|
|poke|p2|Incineroar, L50, M|
|poke|p2|Archaludon, L50, M|
|teampreview|4
|showteam|p1|Kingambit||AssaultVest|Defiant|IronHead,SuckerPunch,Assurance,LowKick|||M|||50|,,,,,Flying]Garchomp||LifeOrb|RoughSkin|DragonClaw,StompingTantrum,Earthquake,Protect|||F|||50|,,,,,Fire]Dragonite||LoadedDice|Multiscale|ScaleShot,ExtremeSpeed,IceSpinner,Protect|||M|||50|,,,,,Fairy]Typhlosion-Hisui||ChoiceSpecs|Blaze|Eruption,HeatWave,ShadowBall,Overheat|||M|||50|,,,,,Fire]Jumpluff||CovertCloak|Chlorophyll|LeafStorm,SleepPowder,Encore,Tailwind|||F|||50|,,,,,Poison]Torkoal||EjectPack|Drought|Overheat,BurningJealousy,HelpingHand,Protect|||F|||50|,,,,,Flying
|showteam|p2|Gholdengo||LifeOrb|GoodasGold|MakeItRain,ShadowBall,NastyPlot,Protect||||||50|,,,,,Water]Amoonguss||SitrusBerry|Regenerator|Spore,RagePowder,PollenPuff,Protect|||F|||50|,,,,,Psychic]Basculegion||ChoiceBand|SwiftSwim|WaveCrash,FlipTurn,LastRespects,AquaJet|||M|||50|,,,,,Water]Pelipper||FocusSash|Drizzle|WeatherBall,Hurricane,Tailwind,Protect|||M|||50|,,,,,Ground]Incineroar||SafetyGoggles|Intimidate|FlareBlitz,KnockOff,PartingShot,FakeOut|||M|||50|,,,,,Ghost]Archaludon||AssaultVest|Stamina|ElectroShot,FlashCannon,DracoMeteor,BodyPress|||M|||50|,,,,,Bug
|inactive|Battle timer is ON: inactive players will automatically lose when time's up. (requested by l nova nick l)
|
|t:|1756499249
|teamsize|p1|4
|teamsize|p2|4
|start
|switch|p1a: Jumpluff|Jumpluff, L50, F, shiny|100/100
|switch|p1b: Garchomp|Garchomp, L50, F, shiny|100/100
|switch|p2a: Basculegion|Basculegion, L50, M|100/100
|switch|p2b: Archaludon|Archaludon, L50, M|100/100
|turn|1
|inactive|l nova nick l has 30 seconds left.
|
|t:|1756499277
|switch|p2b: Pelipper|Pelipper, L50, M|100/100
|-weather|RainDance|[from] ability: Drizzle|[of] p2b: Pelipper
|move|p2a: Basculegion|Wave Crash|p1b: Garchomp
|-damage|p1b: Garchomp|0 fnt
|-damage|p2a: Basculegion|88/100|[from] ability: Rough Skin|[of] p1b: Garchomp
|faint|p1b: Garchomp
|-damage|p2a: Basculegion|58/100|[from] Recoil
|move|p1a: Jumpluff|Tailwind|p1a: Jumpluff
|-sidestart|p1: bleepbopboop|move: Tailwind
|
|-weather|RainDance|[upkeep]
|upkeep
|
|t:|1756499291
|switch|p1b: Dragonite|Dragonite, L50, M, shiny|100/100
|turn|2
|
|t:|1756499311
|switch|p2a: Gholdengo|Gholdengo, L50|100/100
|move|p1a: Jumpluff|Sleep Powder|p2a: Gholdengo
|-immune|p2a: Gholdengo|[from] ability: Good as Gold
|move|p1b: Dragonite|Scale Shot|p2a: Gholdengo
|-resisted|p2a: Gholdengo
|-damage|p2a: Gholdengo|92/100
|-resisted|p2a: Gholdengo
|-damage|p2a: Gholdengo|85/100
|-resisted|p2a: Gholdengo
|-damage|p2a: Gholdengo|77/100
|-resisted|p2a: Gholdengo
|-damage|p2a: Gholdengo|69/100
|-resisted|p2a: Gholdengo
|-damage|p2a: Gholdengo|62/100
|-hitcount|p2a: Gholdengo|5
|-unboost|p1b: Dragonite|def|1
|-boost|p1b: Dragonite|spe|1
|move|p2b: Pelipper|Tailwind|p2b: Pelipper
|-sidestart|p2: l nova nick l|move: Tailwind
|
|-weather|RainDance|[upkeep]
|upkeep
|turn|3
|inactive|bleepbopboop has 30 seconds left.
|inactive|l nova nick l has 30 seconds left.
|inactive|bleepbopboop has 20 seconds left.
|
|t:|1756499350
|switch|p2b: Basculegion|Basculegion, L50, M|58/100
|move|p1a: Jumpluff|Encore||[still]
|-fail|p1a: Jumpluff
|move|p1b: Dragonite|Scale Shot|p2a: Gholdengo
|-resisted|p2a: Gholdengo
|-damage|p2a: Gholdengo|55/100
|-resisted|p2a: Gholdengo
|-damage|p2a: Gholdengo|47/100
|-resisted|p2a: Gholdengo
|-damage|p2a: Gholdengo|39/100
|-resisted|p2a: Gholdengo
|-damage|p2a: Gholdengo|30/100
|-hitcount|p2a: Gholdengo|4
|-unboost|p1b: Dragonite|def|1
|-boost|p1b: Dragonite|spe|1
|move|p2a: Gholdengo|Shadow Ball|p1b: Dragonite
|-damage|p1b: Dragonite|73/100
|-unboost|p1b: Dragonite|spd|1
|-damage|p2a: Gholdengo|21/100|[from] item: Life Orb
|
|-weather|RainDance|[upkeep]
|upkeep
|turn|4
|inactive|bleepbopboop has 30 seconds left.
|inactive|l nova nick l has 30 seconds left.
|
|t:|1756499384
|move|p2a: Gholdengo|Protect|p2a: Gholdengo
|-singleturn|p2a: Gholdengo|Protect
|move|p2b: Basculegion|Wave Crash|p1a: Jumpluff
|-resisted|p1a: Jumpluff
|-crit|p1a: Jumpluff
|-damage|p1a: Jumpluff|0 fnt
|faint|p1a: Jumpluff
|-damage|p2b: Basculegion|28/100|[from] Recoil
|move|p1b: Dragonite|Scale Shot|p2a: Gholdengo
|-activate|p2a: Gholdengo|move: Protect
|
|-weather|RainDance|[upkeep]
|-sideend|p1: bleepbopboop|move: Tailwind
|upkeep
|
|t:|1756499395
|switch|p1a: Kingambit|Kingambit, L50, M, shiny|100/100
|turn|5
|
|t:|1756499414
|move|p1b: Dragonite|Extreme Speed|p2b: Basculegion
|-immune|p2b: Basculegion
|move|p1a: Kingambit|Sucker Punch|p2a: Gholdengo
|-supereffective|p2a: Gholdengo
|-damage|p2a: Gholdengo|0 fnt
|faint|p2a: Gholdengo
|move|p2b: Basculegion|Wave Crash|p1a: Kingambit
|-damage|p1a: Kingambit|0 fnt
|faint|p1a: Kingambit
|-damage|p2b: Basculegion|0 fnt|[from] Recoil
|faint|p2b: Basculegion
|
|-weather|none
|-sideend|p2: l nova nick l|move: Tailwind
|upkeep
|
|t:|1756499421
|switch|p2a: Archaludon|Archaludon, L50, M|100/100
|switch|p2b: Pelipper|Pelipper, L50, M|100/100
|-weather|RainDance|[from] ability: Drizzle|[of] p2b: Pelipper
|turn|6
|inactive|bleepbopboop has 30 seconds left.
|
|t:|1756499449
|move|p1b: Dragonite|Ice Spinner|p2a: Archaludon
|-damage|p2a: Archaludon|78/100
|-ability|p2a: Archaludon|Stamina|boost
|-boost|p2a: Archaludon|def|1
|move|p2a: Archaludon|Draco Meteor|p1b: Dragonite
|-supereffective|p1b: Dragonite
|-crit|p1b: Dragonite
|-damage|p1b: Dragonite|0 fnt
|-unboost|p2a: Archaludon|spa|2
|faint|p1b: Dragonite
|
|win|l nova nick l
||l nova nick l is ready for game 2.
|inactive|bleepbopboop has 29 seconds to confirm battle start!
||bleepbopboop is ready for game 2.
|uhtml|next|Next: Game 2 of 3
|l|☆l nova nick l
|player|p2|
