|j|☆Chknadobovgc
|j|☆OmegaTheStrong
|html|ChknadobovgcOmegaTheStrong    
|uhtml|bestof|Game 1 of a best-of-3
|t:|1756715882
|gametype|doubles
|player|p1|Chknadobovgc|2|1168
|player|p2|OmegaTheStrong|red-gen2|1196
|gen|9
|tier|[Gen 9] VGC 2025 Reg H (Bo3)
|rated|
|rule|Species Clause: Limit one of each Pokémon
|rule|Item Clause: Limit 1 of each item
|clearpoke
|poke|p1|Indeedee, L50, M|
|poke|p1|Sneasler, L50, F|
|poke|p1|Excadrill, L50, M|
|poke|p1|Annihilape, L50, M|
|poke|p1|Corviknight, L50, M|
|poke|p1|Tyranitar, L50, M|
|poke|p2|Braviary-Hisui, L50, M|
|poke|p2|Indeedee-F, L50, F|
|poke|p2|Archaludon, L50, F|
|poke|p2|Pelipper, L50, F|
|poke|p2|Ursaluna-Bloodmoon, L50, M|
|poke|p2|Decidueye-Hisui, L50, F|
|teampreview|4
|showteam|p1|Indeedee||ChoiceScarf|PsychicSurge|ExpandingForce,TeraBlast,Trick,Protect|||M|||50|,,,,,Psychic]Sneasler||PsychicSeed|Unburden|CloseCombat,DireClaw,ThroatChop,Protect|||F|||50|,,,,,Dark]Excadrill||FocusSash|SandRush|Earthquake,IronHead,HighHorsepower,Protect|||M|||50|,,,,,Stellar]Annihilape||SafetyGoggles|Defiant|CloseCombat,RageFist,Taunt,FinalGambit|||M|||50|,,,,,Water]Corviknight||Leftovers|MirrorArmor|BodyPress,Tailwind,BulkUp,Roost|||M|||50|,,,,,Dragon]Tyranitar||AssaultVest|SandStream|RockSlide,KnockOff,LowKick,TeraBlast|||M|||50|,,,,,Flying
|showteam|p2|Braviary-Hisui||LifeOrb|TintedLens|ExpandingForce,Hurricane,Protect,EsperWing|||M|||50|,,,,,Psychic]Indeedee-F||PsychicSeed|PsychicSurge|FollowMe,TrickRoom,HelpingHand,DazzlingGleam|||F|||50|,,,,,Grass]Archaludon||AssaultVest|Stamina|ElectroShot,FlashCannon,BodyPress,DragonPulse|||F|||50|,,,,,Fairy]Pelipper||FocusSash|Drizzle|WideGuard,WeatherBall,Hurricane,Tailwind|||F|||50|,,,,,Stellar]Ursaluna-Bloodmoon||SilkScarf|MindsEye|HyperVoice,BloodMoon,Protect,EarthPower|||M|||50|,,,,,Normal]Decidueye-Hisui||ExpertBelt|Scrappy|Haze,CloseCombat,LeafBlade,Protect|||F|||50|,,,,,Poison
|
|t:|1756715917
|teamsize|p1|4
|teamsize|p2|4
|start
|switch|p1a: Indeedee|Indeedee, L50, M|100/100
|switch|p1b: Sneasler|Sneasler, L50, F, shiny|100/100
|switch|p2a: Braviary|Braviary-Hisui, L50, M, shiny|100/100
|switch|p2b: Indeedee|Indeedee-F, L50, F|100/100
|-fieldstart|move: Psychic Terrain|[from] ability: Psychic Surge|[of] p1a: Indeedee
|-enditem|p1b: Sneasler|Psychic Seed
|-boost|p1b: Sneasler|spd|1|[from] item: Psychic Seed
|-enditem|p2b: Indeedee|Psychic Seed
|-boost|p2b: Indeedee|spd|1|[from] item: Psychic Seed
|turn|1
|inactive|Battle timer is ON: inactive players will automatically lose when time's up. (requested by Chknadobovgc)
|
|t:|1756715935
|switch|p1a: Tyranitar|Tyranitar, L50, M, shiny|100/100
|-weather|Sandstorm|[from] ability: Sand Stream|[of] p1a: Tyranitar
|-terastallize|p1b: Sneasler|Dark
|-terastallize|p2a: Braviary|Psychic
|move|p2b: Indeedee|Follow Me|p2b: Indeedee
|-singleturn|p2b: Indeedee|move: Follow Me
|move|p1b: Sneasler|Throat Chop|p2b: Indeedee
|-supereffective|p2b: Indeedee
|-damage|p2b: Indeedee|16/100
|-start|p2b: Indeedee|Throat Chop|[silent]
|move|p2a: Braviary|Expanding Force|p1b: Sneasler|[spread] 
|-immune|p1a: Tyranitar
|-immune|p1b: Sneasler
|
|-weather|Sandstorm|[upkeep]
|-damage|p1b: Sneasler|95/100|[from] Sandstorm
|-damage|p2b: Indeedee|10/100|[from] Sandstorm
|-damage|p2a: Braviary|94/100|[from] Sandstorm
|upkeep
|turn|2
|inactive|OmegaTheStrong has 30 seconds left.
|inactive|Chknadobovgc has 30 seconds left.
|
|t:|1756715972
|move|p2b: Indeedee|Follow Me|p2b: Indeedee
|-singleturn|p2b: Indeedee|move: Follow Me
|move|p1b: Sneasler|Dire Claw|p2b: Indeedee
|-damage|p2b: Indeedee|0 fnt
|faint|p2b: Indeedee
|move|p1a: Tyranitar|Knock Off|p2a: Braviary
|-supereffective|p2a: Braviary
|-damage|p2a: Braviary|0 fnt
|-enditem|p2a: Braviary|Life Orb|[from] move: Knock Off|[of] p1a: Tyranitar
|faint|p2a: Braviary
|
|-weather|Sandstorm|[upkeep]
|-damage|p1b: Sneasler|89/100|[from] Sandstorm
|upkeep
|
|t:|1756715979
|switch|p2b: Archaludon|Archaludon, L50, F, shiny|100/100
|switch|p2a: Pelipper|Pelipper, L50, F|100/100
|-weather|RainDance|[from] ability: Drizzle|[of] p2a: Pelipper
|turn|3
|
|t:|1756715992
|switch|p1a: Indeedee|Indeedee, L50, M|100/100
|move|p1b: Sneasler|Protect|p1b: Sneasler
|-singleturn|p1b: Sneasler|Protect
|move|p2a: Pelipper|Hurricane|p1b: Sneasler
|-activate|p1b: Sneasler|move: Protect
|move|p2b: Archaludon|Body Press|p1a: Indeedee
|-damage|p1a: Indeedee|48/100
|
|-weather|RainDance|[upkeep]
|upkeep
|turn|4
|
|t:|1756716016
|switch|p1a: Tyranitar|Tyranitar, L50, M, shiny|100/100
|-weather|Sandstorm|[from] ability: Sand Stream|[of] p1a: Tyranitar
|move|p1b: Sneasler|Dire Claw|p2a: Pelipper
|-crit|p2a: Pelipper
|-damage|p2a: Pelipper|17/100
|move|p2a: Pelipper|Tailwind|p2a: Pelipper
|-sidestart|p2: OmegaTheStrong|move: Tailwind
|move|p2b: Archaludon|Body Press|p1b: Sneasler
|-supereffective|p1b: Sneasler
|-damage|p1b: Sneasler|15/100
|
|-weather|Sandstorm|[upkeep]
|-damage|p1b: Sneasler|10/100|[from] Sandstorm
|-damage|p2a: Pelipper|11/100|[from] Sandstorm
|upkeep
|turn|5
|
|t:|1756716038
|switch|p1a: Annihilape|Annihilape, L50, M, shiny|100/100
|move|p1b: Sneasler|Dire Claw|p2a: Pelipper
|-damage|p2a: Pelipper|0 fnt
|faint|p2a: Pelipper
|move|p2b: Archaludon|Body Press|p1a: Annihilape
|-immune|p1a: Annihilape
|
|-weather|Sandstorm|[upkeep]
|-damage|p1b: Sneasler|4/100|[from] Sandstorm
|-fieldend|move: Psychic Terrain
|upkeep
|turn|6
|inactive|Chknadobovgc has 30 seconds left.
|inactive|Chknadobovgc has 20 seconds left.
|
|t:|1756716075
|switch|p1a: Indeedee|Indeedee, L50, M|48/100
|-fieldstart|move: Psychic Terrain|[from] ability: Psychic Surge|[of] p1a: Indeedee
|move|p1b: Sneasler|Protect|p1b: Sneasler
|-singleturn|p1b: Sneasler|Protect
|move|p2b: Archaludon|Dragon Pulse|p1a: Indeedee
|-damage|p1a: Indeedee|0 fnt
|faint|p1a: Indeedee
|
|-weather|Sandstorm|[upkeep]
|-damage|p1b: Sneasler|0 fnt|[from] Sandstorm
|faint|p1b: Sneasler
|upkeep
|
|t:|1756716088
|switch|p1b: Tyranitar|Tyranitar, L50, M, shiny|100/100
|switch|p1a: Annihilape|Annihilape, L50, M, shiny|100/100
|turn|7
|
|t:|1756716102
|move|p2b: Archaludon|Body Press|p1b: Tyranitar
|-supereffective|p1b: Tyranitar
|-damage|p1b: Tyranitar|23/100
|move|p1a: Annihilape|Close Combat|p2b: Archaludon
|-supereffective|p2b: Archaludon
|-damage|p2b: Archaludon|24/100
|-unboost|p1a: Annihilape|def|1
|-unboost|p1a: Annihilape|spd|1
|-ability|p2b: Archaludon|Stamina|boost
|-boost|p2b: Archaludon|def|1
|move|p1b: Tyranitar|Low Kick|p2b: Archaludon
|-supereffective|p2b: Archaludon
|-damage|p2b: Archaludon|1/100
|-ability|p2b: Archaludon|Stamina|boost
|-boost|p2b: Archaludon|def|1
|
|-weather|Sandstorm|[upkeep]
|-sideend|p2: OmegaTheStrong|move: Tailwind
|upkeep
|turn|8
|
|t:|1756716116
|move|p1a: Annihilape|Close Combat|p2b: Archaludon
|-supereffective|p2b: Archaludon
|-crit|p2b: Archaludon
|-damage|p2b: Archaludon|0 fnt
|-unboost|p1a: Annihilape|def|1
|-unboost|p1a: Annihilape|spd|1
|faint|p2b: Archaludon
|
|win|Chknadobovgc
||Chknadobovgc is ready for game 2.
|inactive|OmegaTheStrong has 30 seconds to confirm battle start!
||OmegaTheStrong is ready for game 2.
|uhtml|next|Next: Game 2 of 3
|l|☆OmegaTheStrong
|player|p2|
