|j|☆evilmayheem
|j|☆blitz-blitz
|html|evilmayheemblitz-blitz    
|uhtml|bestof|Game 1 of a best-of-3
|t:|1782245163
|gametype|doubles
|player|p1|evilmayheem|crasherwake|1122
|player|p2|blitz-blitz|2|1052
|gen|9
|tier|[Gen 9 Champions] VGC 2026 Reg M-B (Bo3)
|rated|
|rule|Species Clause: Limit one of each Pokémon
|rule|Item Clause: Limit 1 of each item
|clearpoke
|poke|p1|Pyroar, L50, M|
|poke|p1|Sableye, L50, F|
|poke|p1|Farigiraf, L50, M|
|poke|p1|Kingambit, L50, M|
|poke|p1|Sylveon, L50, M|
|poke|p1|Scrafty, L50, M|
|poke|p2|Aerodactyl, L50, M|
|poke|p2|Volcarona, L50, F|
|poke|p2|Empoleon, L50, F|
|poke|p2|Wyrdeer, L50, M|
|poke|p2|Sneasler, L50, M|
|poke|p2|Sinistcha, L50|
|teampreview|4
|showteam|p1|Pyroar||Pyroarite|Rivalry|HeatWave,Overheat,SolarBeam,Protect|Timid||M|||50|]Sableye||RoseliBerry|Prankster|SunnyDay,LightScreen,Reflect,WillOWisp|Calm||F|||50|]Farigiraf||SitrusBerry|ArmorTail|Protect,HelpingHand,Psychic,TrickRoom|Calm||M|||50|]Kingambit||ChopleBerry|Defiant|KowtowCleave,IronHead,SuckerPunch,Protect|Adamant||M|||50|]Sylveon||FairyFeather|Pixilate|Detect,HyperVoice,QuickAttack,HyperBeam|Quiet||M|||50|]Scrafty||Scraftinite|Intimidate|FakeOut,Detect,CloseCombat,KnockOff|Brave||M|||50|
|showteam|p2|Aerodactyl||Aerodactylite|RockHead|RockSlide,DualWingbeat,Protect,Tailwind|Jolly||M|||50|]Volcarona||FocusSash|Swarm|QuiverDance,FieryDance,BugBuzz,Protect|Modest||F|||50|]Empoleon||LifeOrb|Competitive|HydroPump,FlashCannon,Protect,IceBeam|Modest||F|||50|]Wyrdeer||SitrusBerry|Intimidate|Psychic,Protect,RolePlay,EarthPower|Calm||M|||50|]Sneasler||WhiteHerb|Unburden|CloseCombat,DireClaw,SwordsDance,Protect|Adamant||M|||50|]Sinistcha||OccaBerry|Hospitality|TrickRoom,MatchaGotcha,Protect,NightShade|Relaxed|||||50|
|inactive|Battle timer is ON: inactive players will automatically lose when time's up. (requested by blitz-blitz)
|
|t:|1782245218
|teamsize|p1|4
|teamsize|p2|4
|start
|switch|p1a: Pyroar|Pyroar, L50, M|100/100
|switch|p1b: Sableye|Sableye, L50, F|100/100
|switch|p2a: Aerodactyl|Aerodactyl, L50, M|100/100
|switch|p2b: Sneasler|Sneasler, L50, M|100/100
|turn|1
|
|t:|1782245241
|detailschange|p2a: Aerodactyl|Aerodactyl-Mega, L50, M
|-mega|p2a: Aerodactyl|Aerodactyl|Aerodactylite
|move|p1a: Pyroar|Protect|p1a: Pyroar
|-singleturn|p1a: Pyroar|Protect
|move|p1b: Sableye|Will-O-Wisp|p2b: Sneasler|[miss]
|-miss|p1b: Sableye|p2b: Sneasler
|move|p2a: Aerodactyl|Rock Slide|p1b: Sableye|[spread] p1b
|-activate|p1a: Pyroar|move: Protect
|-damage|p1b: Sableye|59/100
|move|p2b: Sneasler|Close Combat|p1a: Pyroar
|-activate|p1a: Pyroar|move: Protect
|
|upkeep
|turn|2
|
|t:|1782245255
|switch|p1a: Farigiraf|Farigiraf, L50, M|100/100
|move|p1b: Sableye|Will-O-Wisp|p2b: Sneasler
|-status|p2b: Sneasler|brn
|move|p2a: Aerodactyl|Rock Slide|p1a: Farigiraf|[spread] p1a
|-miss|p2a: Aerodactyl|p1b: Sableye
|-damage|p1a: Farigiraf|74/100
|move|p2b: Sneasler|Close Combat|p1a: Farigiraf
|-damage|p1a: Farigiraf|46/100
|-unboost|p2b: Sneasler|def|1
|-unboost|p2b: Sneasler|spd|1
|-enditem|p1a: Farigiraf|Sitrus Berry|[eat]
|-heal|p1a: Farigiraf|71/100|[from] item: Sitrus Berry
|-enditem|p2b: Sneasler|White Herb
|-clearnegativeboost|p2b: Sneasler|[silent]
|
|-damage|p2b: Sneasler|94/100 brn|[from] brn
|upkeep
|turn|3
|
|t:|1782245262
|move|p1b: Sableye|Will-O-Wisp|p2a: Aerodactyl
|-status|p2a: Aerodactyl|brn
|move|p2b: Sneasler|Dire Claw|p1b: Sableye
|-resisted|p1b: Sableye|1
|-damage|p1b: Sableye|43/100
|move|p2a: Aerodactyl|Tailwind|p2a: Aerodactyl
|-sidestart|p2: blitz-blitz|move: Tailwind
|move|p1a: Farigiraf|Psychic|p2b: Sneasler
|-supereffective|p2b: Sneasler|2
|-damage|p2b: Sneasler|0 fnt
|faint|p2b: Sneasler
|
|-damage|p2a: Aerodactyl|94/100 brn|[from] brn
|upkeep
|
|t:|1782245264
|switch|p2b: Empoleon|Empoleon, L50, F|100/100
|turn|4
|
|t:|1782245275
|move|p1b: Sableye|Light Screen|p1b: Sableye
|-sidestart|p1: evilmayheem|move: Light Screen
|move|p2a: Aerodactyl|Rock Slide|p1b: Sableye|[spread] p1a,p1b
|-damage|p1a: Farigiraf|58/100
|-damage|p1b: Sableye|21/100
|move|p2b: Empoleon|Hydro Pump|p1a: Farigiraf
|-damage|p1a: Farigiraf|16/100
|-damage|p2b: Empoleon|90/100|[from] item: Life Orb
|move|p1a: Farigiraf|Trick Room|p1a: Farigiraf
|-fieldstart|move: Trick Room|[of] p1a: Farigiraf
|
|-damage|p2a: Aerodactyl|88/100 brn|[from] brn
|upkeep
|turn|5
|
|t:|1782245300
|move|p1b: Sableye|Sunny Day|p1b: Sableye
|-weather|SunnyDay
|move|p1a: Farigiraf|Psychic|p2a: Aerodactyl
|-damage|p2a: Aerodactyl|44/100 brn
|move|p2b: Empoleon|Flash Cannon|p1b: Sableye
|-damage|p1b: Sableye|0 fnt
|faint|p1b: Sableye
|-damage|p2b: Empoleon|80/100|[from] item: Life Orb
|move|p2a: Aerodactyl|Rock Slide|p1a: Farigiraf|[miss]
|-miss|p2a: Aerodactyl|p1a: Farigiraf
|
|-weather|SunnyDay|[upkeep]
|-damage|p2a: Aerodactyl|38/100 brn|[from] brn
|upkeep
|
|t:|1782245304
|switch|p1b: Pyroar|Pyroar, L50, M|100/100
|turn|6
|
|t:|1782245312
|switch|p2a: Sinistcha|Sinistcha, L50|100/100
|-heal|p2b: Empoleon|100/100|[from] ability: Hospitality|[of] p2a: Sinistcha
|detailschange|p1b: Pyroar|Pyroar-Mega, L50, M
|-mega|p1b: Pyroar|Pyroar|Pyroarite
|move|p1a: Farigiraf|Helping Hand|p1b: Pyroar
|-singleturn|p1b: Pyroar|Helping Hand|[of] p1a: Farigiraf
|move|p2b: Empoleon|Protect|p2b: Empoleon
|-singleturn|p2b: Empoleon|Protect
|move|p1b: Pyroar|Heat Wave|p2b: Empoleon|[spread] p2a
|-activate|p2b: Empoleon|move: Protect
|-supereffective|p2a: Sinistcha|1
|-enditem|p2a: Sinistcha|Occa Berry|[eat]
|-enditem|p2a: Sinistcha|Occa Berry|[weaken]
|-damage|p2a: Sinistcha|0 fnt
|faint|p2a: Sinistcha
|
|-weather|SunnyDay|[upkeep]
|-sideend|p2: blitz-blitz|move: Tailwind
|upkeep
|
|t:|1782245314
|switch|p2a: Aerodactyl|Aerodactyl-Mega, L50, M|38/100 brn
|turn|7
|-message|blitz-blitz forfeited.
|
|win|evilmayheem
|l|☆blitz-blitz
|player|p2|
||blitz-blitz is ready for game 2.
||evilmayheem is ready for game 2.
|uhtml|next|Next: Game 2 of 3
