|j|☆25th_mang
|j|☆s!dd_1
|html|25th_mangs!dd_1    
|uhtml|bestof|Game 1 of a best-of-3
|t:|1784956010
|gametype|doubles
|player|p1|25th_mang|ballguy|1322
|player|p2|s!dd_1|flannery-gen6|1579
|gen|9
|tier|[Gen 9 Champions] VGC 2026 Reg M-B (Bo3)
|rated|
|rule|Species Clause: Limit one of each Pokémon
|rule|Item Clause: Limit 1 of each item
|clearpoke
|poke|p1|Blastoise, L50, F|
|poke|p1|Camerupt, L50, F|
|poke|p1|Farigiraf, L50, F|
|poke|p1|Kingambit, L50, F|
|poke|p1|Vanilluxe, L50, M|
|poke|p1|Staraptor, L50, F|
|poke|p2|Raichu, L50, F|
|poke|p2|Mamoswine, L50, F|
|poke|p2|Maushold, L50|
|poke|p2|Sylveon, L50, F|
|poke|p2|Arcanine-Hisui, L50, M|
|poke|p2|Meowscarada, L50, F|
|teampreview|4
|showteam|p1|Blastoise||Blastoisinite|RainDish|WaterSpout,DarkPulse,AuraSphere,FakeOut|Quiet||F|||50|]Camerupt||Cameruptite|SolidRock|AncientPower,EarthPower,HeatWave,Protect|Quiet||F|||50|]Farigiraf||SitrusBerry|ArmorTail|PsychicFangs,HyperVoice,HelpingHand,TrickRoom|Relaxed||F|||50|]Kingambit||LifeOrb|Defiant|KowtowCleave,IronHead,Protect,SuckerPunch|Brave||F|||50|]Vanilluxe||NeverMeltIce|SnowWarning|Blizzard,FreezeDry,Protect,IceShard|Quiet||M|||50|]Staraptor||ChoiceScarf|Intimidate|FinalGambit,CloseCombat,BraveBird,Uturn|Jolly||F|||50|
|showteam|p2|Raichu||RaichuniteY|LightningRod|ZapCannon,FocusBlast,FakeOut,Protect|Timid||F|||50|]Mamoswine||LifeOrb|Oblivious|HighHorsepower,IcicleCrash,IceShard,Protect|Adamant||F|||50|]Maushold||ChopleBerry|FriendGuard|SuperFang,HelpingHand,FollowMe,Protect|Timid|||||50|]Sylveon||FairyFeather|Pixilate|HyperVoice,HyperBeam,CalmMind,Detect|Modest||F|||50|]Arcanine-Hisui||FocusSash|Intimidate|FlareBlitz,RockSlide,ExtremeSpeed,Protect|Adamant||M|||50|]Meowscarada||ChoiceScarf|Protean|FlowerTrick,KnockOff,TripleAxel,AerialAce|Jolly||F|||50|
|inactive|Battle timer is ON: inactive players will automatically lose when time's up. (requested by s!dd_1)
|inactive|25th_mang also wants the timer to be on.
|inactive|25th_mang has 60 seconds left.
|inactive|s!dd_1 has 60 seconds left.
|inactive|25th_mang has 30 seconds left.
|inactive|25th_mang has 20 seconds left.
|inactive|25th_mang has 15 seconds left.
|
|t:|1784956088
|teamsize|p1|4
|teamsize|p2|4
|start
|switch|p1a: Blind Spot|Farigiraf, L50, F|100/100
|switch|p1b: Miroh|Staraptor, L50, F|100/100
|switch|p2a: Grabbitz|Raichu, L50, F|100/100
|switch|p2b: Tame Impala|Sylveon, L50, F|100/100
|-ability|p1b: Miroh|Intimidate|boost
|-unboost|p2a: Grabbitz|atk|1
|-unboost|p2b: Tame Impala|atk|1
|turn|1
|inactive|25th_mang has 30 seconds left.
|
|t:|1784956117
|detailschange|p2a: Grabbitz|Raichu-Mega-Y, L50, F
|-mega|p2a: Grabbitz|Raichu|Raichunite Y
|move|p2b: Tame Impala|Detect|p2b: Tame Impala
|-singleturn|p2b: Tame Impala|Protect
|move|p1b: Miroh|Final Gambit|p2b: Tame Impala
|-activate|p2b: Tame Impala|move: Protect
|move|p2a: Grabbitz|Zap Cannon|p1a: Blind Spot
|-damage|p1a: Blind Spot|45/100
|-status|p1a: Blind Spot|par
|-enditem|p1a: Blind Spot|Sitrus Berry|[eat]
|-heal|p1a: Blind Spot|70/100 par|[from] item: Sitrus Berry
|move|p1a: Blind Spot|Hyper Voice|p2b: Tame Impala|[spread] p2a
|-activate|p2b: Tame Impala|move: Protect
|-damage|p2a: Grabbitz|67/100
|
|upkeep
|turn|2
|
|t:|1784956141
|switch|p2b: Skillet|Arcanine-Hisui, L50, M|100/100
|-ability|p2b: Skillet|Intimidate|boost
|-unboost|p1a: Blind Spot|atk|1
|-unboost|p1b: Miroh|atk|1
|move|p1b: Miroh|Final Gambit|p2a: Grabbitz
|-damage|p2a: Grabbitz|0 fnt
|faint|p1b: Miroh
|faint|p2a: Grabbitz
|move|p1a: Blind Spot|Trick Room|p1a: Blind Spot
|-fieldstart|move: Trick Room|[of] p1a: Blind Spot
|
|upkeep
|
|t:|1784956153
|switch|p1b: 0801|Camerupt, L50, F|100/100
|switch|p2a: Tame Impala|Sylveon, L50, F|100/100
|turn|3
|
|t:|1784956171
|detailschange|p1b: 0801|Camerupt-Mega, L50, F
|-mega|p1b: 0801|Camerupt|Cameruptite
|move|p1a: Blind Spot|Helping Hand|p1b: 0801
|-singleturn|p1b: 0801|Helping Hand|[of] p1a: Blind Spot
|move|p1b: 0801|Heat Wave|p2b: Skillet|[spread] p2a,p2b
|-resisted|p2b: Skillet|2
|-damage|p2a: Tame Impala|41/100
|-damage|p2b: Skillet|74/100
|move|p2a: Tame Impala|Hyper Voice|p1b: 0801|[spread] p1a,p1b
|-resisted|p1b: 0801|1
|-damage|p1a: Blind Spot|24/100 par
|-damage|p1b: 0801|76/100
|move|p2b: Skillet|Rock Slide|p1b: 0801|[spread] p1a,p1b
|-damage|p1a: Blind Spot|2/100 par
|-damage|p1b: 0801|44/100
|
|upkeep
|turn|4
|inactive|25th_mang has 30 seconds left.
|inactive|25th_mang has 20 seconds left.
|
|t:|1784956208
|switch|p2b: Maushold|Maushold, L50|100/100
|move|p1a: Blind Spot|Hyper Voice|p2a: Tame Impala|[spread] p2a,p2b
|-damage|p2a: Tame Impala|27/100
|-damage|p2b: Maushold|66/100
|move|p1b: 0801|Earth Power|p2b: Maushold
|-damage|p2b: Maushold|0 fnt
|faint|p2b: Maushold
|move|p2a: Tame Impala|Hyper Voice|p1b: 0801|[spread] p1a,p1b
|-resisted|p1b: 0801|1
|-damage|p1a: Blind Spot|0 fnt
|-damage|p1b: 0801|23/100
|faint|p1a: Blind Spot
|
|upkeep
|
|t:|1784956220
|switch|p1a: Star Lost|Kingambit, L50, F|100/100
|switch|p2b: Skillet|Arcanine-Hisui, L50, M|74/100
|-ability|p2b: Skillet|Intimidate|boost
|-unboost|p1a: Star Lost|atk|1
|-ability|p1a: Star Lost|Defiant|boost
|-boost|p1a: Star Lost|atk|2
|-unboost|p1b: 0801|atk|1
|turn|5
|
|t:|1784956239
|move|p1b: 0801|Protect|p1b: 0801
|-singleturn|p1b: 0801|Protect
|move|p2b: Skillet|Extreme Speed|p1b: 0801
|-activate|p1b: 0801|move: Protect
|move|p1a: Star Lost|Iron Head|p2b: Skillet
|-damage|p2b: Skillet|0 fnt
|faint|p2b: Skillet
|-damage|p1a: Star Lost|90/100|[from] item: Life Orb
|move|p2a: Tame Impala|Hyper Beam|p1a: Star Lost
|-damage|p1a: Star Lost|0 fnt
|-mustrecharge|p2a: Tame Impala
|faint|p1a: Star Lost
|
|upkeep
|turn|6
|-message|s!dd_1 forfeited.
|
|win|25th_mang
||s!dd_1 is ready for game 2.
|inactive|25th_mang has 30 seconds to confirm battle start!
||25th_mang is ready for game 2.
|uhtml|next|Next: Game 2 of 3
|l|☆s!dd_1
|player|p2|
