|j|☆Sven
|j|☆kunal
|html|Svenkunal    
|uhtml|bestof|Game 2 of a best-of-3
|t:|1785694543
|gametype|doubles
|player|p1|Sven|#smogonxnpa2024winner|
|player|p2|kunal|#wcop2026uswest|
|gen|9
|tier|[Gen 9 Champions] VGC 2026 Reg M-B (Bo3)
|rule|Species Clause: Limit one of each Pokémon
|rule|Item Clause: Limit 1 of each item
|clearpoke
|poke|p1|Froslass, L50, F|
|poke|p1|Basculegion, L50, M|
|poke|p1|Kingambit, L50, F|
|poke|p1|Sneasler, L50, M|
|poke|p1|Lycanroc-Dusk, L50, F|
|poke|p1|Scovillain, L50, F, shiny|
|poke|p2|Whimsicott, L50, M|
|poke|p2|Floette-Eternal, L50, F|
|poke|p2|Charizard, L50, M|
|poke|p2|Garchomp, L50, F|
|poke|p2|Incineroar, L50, M|
|poke|p2|Basculegion, L50, M|
|teampreview|4
|showteam|p1|Froslass||Froslassite|CursedBody|Blizzard,ShadowBall,AuroraVeil,Protect|Timid||F|||50|]Basculegion||SitrusBerry|Adaptability|WaveCrash,LastRespects,AquaJet,Protect|Adamant||M|||50|]Kingambit||LifeOrb|Defiant|KowtowCleave,SuckerPunch,SwordsDance,Protect|Adamant||F|||50|]Sneasler||WhiteHerb|Unburden|CloseCombat,GunkShot,FakeOut,Protect|Adamant||M|||50|]Lycanroc-Dusk||FocusSash|ToughClaws|RockSlide,CloseCombat,Accelerock,Protect|Adamant||F|||50|]Scovillain||Scovillainite|Moody|Overheat,GigaDrain,RagePowder,Protect|Bold||F|||50|
|showteam|p2|Whimsicott||FocusSash|Prankster|Moonblast,Tailwind,Encore,Protect|Timid||M|||50|]Floette-Eternal||Floettite|FlowerVeil|Moonblast,DazzlingGleam,CalmMind,Protect|Timid||F|||50|]Charizard||CharizarditeY|Blaze|WeatherBall,HeatWave,SolarBeam,Protect|Modest||M|||50|]Garchomp||LifeOrb|RoughSkin|Earthquake,DragonClaw,RockSlide,Protect|Jolly||F|||50|]Incineroar||SitrusBerry|Intimidate|FakeOut,ThroatChop,HelpingHand,PartingShot|Impish||M|||50|]Basculegion||MysticWater|Adaptability|WaveCrash,AquaJet,LastRespects,Protect|Adamant||M|||50|
|inactive|Battle timer is ON: inactive players will automatically lose when time's up. (requested by Sven)
|j| Kiogrus24
|j| LogIce
|j| srvoltmike
|j| MyPokemonRBad12
|inactive|kunal has 60 seconds left.
|j|+Arcticblast
|
|t:|1785694595
|teamsize|p1|4
|teamsize|p2|4
|start
|switch|p1a: Scovillain|Scovillain, L50, F, shiny|100/100
|switch|p1b: Basculegion|Basculegion, L50, M|100/100
|switch|p2a: Charizard|Charizard, L50, M|100/100
|switch|p2b: Garchomp|Garchomp, L50, F|100/100
|turn|1
|j| Code
|l| Code
|
|t:|1785694610
|detailschange|p2a: Charizard|Charizard-Mega-Y, L50, M
|-mega|p2a: Charizard|Charizard|Charizardite Y
|-weather|SunnyDay|[from] ability: Drought|[of] p2a: Charizard
|move|p1a: Scovillain|Protect|p1a: Scovillain
|-singleturn|p1a: Scovillain|Protect
|move|p2b: Garchomp|Earthquake|p1b: Basculegion|[spread] p1b
|-activate|p1a: Scovillain|move: Protect
|-immune|p2a: Charizard
|-damage|p1b: Basculegion|49/100
|-enditem|p1b: Basculegion|Sitrus Berry|[eat]
|-heal|p1b: Basculegion|74/100|[from] item: Sitrus Berry
|-damage|p2b: Garchomp|90/100|[from] item: Life Orb
|move|p2a: Charizard|Heat Wave|p1b: Basculegion|[spread] p1b
|-activate|p1a: Scovillain|move: Protect
|-resisted|p1b: Basculegion|1
|-damage|p1b: Basculegion|43/100
|move|p1b: Basculegion|Wave Crash|p2a: Charizard
|-supereffective|p2a: Charizard|1
|-damage|p2a: Charizard|30/100
|-damage|p1b: Basculegion|24/100|[from] Recoil
|
|-weather|SunnyDay|[upkeep]
|-ability|p1a: Scovillain|Moody|boost
|-boost|p1a: Scovillain|spe|2
|-unboost|p1a: Scovillain|atk|1
|upkeep
|turn|2
|inactive|kunal has 30 seconds left.
|inactive|kunal has 20 seconds left.
|inactive|kunal has 15 seconds left.
|inactive|kunal has 10 seconds left.
|inactive|kunal has 5 seconds left.
|
|t:|1785694661
|switch|p2a: Basculegion|Basculegion, L50, M|100/100
|detailschange|p1a: Scovillain|Scovillain-Mega, L50, F, shiny
|-mega|p1a: Scovillain|Scovillain|Scovillainite
|move|p1b: Basculegion|Aqua Jet|p2b: Garchomp
|-crit|p2b: Garchomp
|-damage|p2b: Garchomp|70/100
|-damage|p1b: Basculegion|12/100|[from] ability: Rough Skin|[of] p2b: Garchomp
|move|p1a: Scovillain|Overheat|p2a: Basculegion
|-resisted|p2a: Basculegion|1
|-damage|p2a: Basculegion|53/100
|-unboost|p1a: Scovillain|spa|2
|move|p2b: Garchomp|Rock Slide|p1b: Basculegion|[spread] p1a,p1b
|-supereffective|p1a: Scovillain|1
|-damage|p1a: Scovillain|52/100
|-damage|p1b: Basculegion|0 fnt
|-status|p2b: Garchomp|brn|[from] ability: Spicy Spray|[of] p1a: Scovillain
|faint|p1b: Basculegion
|-damage|p2b: Garchomp|61/100 brn|[from] item: Life Orb
|
|-weather|SunnyDay|[upkeep]
|-damage|p2b: Garchomp|55/100 brn|[from] brn
|upkeep
|inactive|Sven has 30 seconds left.
|inactive|Sven has 20 seconds left.
|l| srvoltmike
|j| Code
|inactive|Sven has 15 seconds left.
|inactive|Sven has 10 seconds left.
|inactive|Sven has 5 seconds left.
|
|t:|1785694712
|switch|p1b: Sneasler|Sneasler, L50, M|100/100
|turn|3
|inactive|Sven has 30 seconds left.
|inactive|kunal has 30 seconds left.
|j| Despacito87
|inactive|Sven has 20 seconds left.
|inactive|kunal has 20 seconds left.
|j| srvoltmike
|l| Code
|inactive|Sven has 15 seconds left.
|inactive|kunal has 15 seconds left.
|
|t:|1785694757
|move|p2a: Basculegion|Protect|p2a: Basculegion
|-singleturn|p2a: Basculegion|Protect
|move|p1a: Scovillain|Rage Powder|p1a: Scovillain
|-singleturn|p1a: Scovillain|move: Rage Powder
|move|p2b: Garchomp|Earthquake|p1a: Scovillain|[spread] p1a,p1b
|-activate|p2a: Basculegion|move: Protect
|-supereffective|p1b: Sneasler|1
|-damage|p1a: Scovillain|30/100
|-damage|p1b: Sneasler|41/100
|-damage|p2b: Garchomp|45/100 brn|[from] item: Life Orb
|move|p1b: Sneasler|Close Combat|p2b: Garchomp
|-damage|p2b: Garchomp|0 fnt
|-unboost|p1b: Sneasler|def|1
|-unboost|p1b: Sneasler|spd|1
|-damage|p1b: Sneasler|29/100|[from] ability: Rough Skin|[of] p2b: Garchomp
|faint|p2b: Garchomp
|-enditem|p1b: Sneasler|White Herb
|-clearnegativeboost|p1b: Sneasler|[silent]
|
|-weather|SunnyDay|[upkeep]
|upkeep
|
|t:|1785694771
|switch|p2b: Whimsicott|Whimsicott, L50, M|100/100
|turn|4
|j| Code
|l| Despacito87
|j| Lmk
|
|t:|1785694791
|move|p2b: Whimsicott|Encore|p1b: Sneasler
|-start|p1b: Sneasler|Encore
|move|p1b: Sneasler|Close Combat|p2a: Basculegion
|-immune|p2a: Basculegion
|move|p1a: Scovillain|Giga Drain|p2a: Basculegion
|-supereffective|p2a: Basculegion|1
|-damage|p2a: Basculegion|10/100
|-heal|p1a: Scovillain|55/100|[from] drain|[of] p2a: Basculegion
|move|p2a: Basculegion|Last Respects|p1a: Scovillain
|-damage|p1a: Scovillain|0 fnt
|-status|p2a: Basculegion|brn|[from] ability: Spicy Spray|[of] p1a: Scovillain
|faint|p1a: Scovillain
|
|-weather|SunnyDay|[upkeep]
|-damage|p2a: Basculegion|4/100 brn|[from] brn
|upkeep
|
|t:|1785694793
|switch|p1a: Lycanroc|Lycanroc-Dusk, L50, F|100/100
|turn|5
|l| srvoltmike
|inactive|kunal has 30 seconds left.
|j| srvoltmike
|
|t:|1785694827
|move|p1a: Lycanroc|Accelerock|p2a: Basculegion
|-damage|p2a: Basculegion|0 fnt
|faint|p2a: Basculegion
|move|p1b: Sneasler|Close Combat|p2b: Whimsicott
|-resisted|p2b: Whimsicott|1
|-damage|p2b: Whimsicott|54/100
|-unboost|p1b: Sneasler|def|1
|-unboost|p1b: Sneasler|spd|1
|move|p2b: Whimsicott|Moonblast|p1a: Lycanroc
|-damage|p1a: Lycanroc|45/100
|
|-weather|none
|upkeep
|
|t:|1785694836
|switch|p2a: Charizard|Charizard-Mega-Y, L50, M|30/100
|-weather|SunnyDay|[from] ability: Drought|[of] p2a: Charizard
|turn|6
|l| Code
|j| Code
|inactive|kunal has 30 seconds left.
|
|t:|1785694864
|move|p2b: Whimsicott|Protect|p2b: Whimsicott
|-singleturn|p2b: Whimsicott|Protect
|move|p1a: Lycanroc|Accelerock|p2a: Charizard
|-supereffective|p2a: Charizard|2
|-damage|p2a: Charizard|0 fnt
|faint|p2a: Charizard
|move|p1b: Sneasler|Close Combat|p2b: Whimsicott
|-activate|p2b: Whimsicott|move: Protect
|
|-weather|SunnyDay|[upkeep]
|-end|p1b: Sneasler|Encore
|upkeep
|turn|7
|
|t:|1785694869
|move|p1a: Lycanroc|Accelerock|p2b: Whimsicott
|-crit|p2b: Whimsicott
|-damage|p2b: Whimsicott|0 fnt
|faint|p2b: Whimsicott
|
|win|Sven
||Sven is ready for game 3.
||kunal is ready for game 3.
|uhtml|next|Next: Game 3 of 3
|l| Code
|l| srvoltmike
|j| Alolan HTH
|l| LogIce
|j| Code
|j| waffle2O26
|l| Code
|j| Code
|l| Lmk
|l| Code
|l|☆kunal
|player|p2|
|l| Kiogrus24
|l|+Arcticblast
|l| Alolan HTH
|l| MyPokemonRBad12
|j| Lmk
