|j|☆beckybug
|j|☆DaviDXrt
|html|beckybugDaviDXrt    
|uhtml|bestof|Game 1 of a best-of-3
|t:|1785785149
|gametype|doubles
|player|p1|beckybug|briar|1389
|player|p2|DaviDXrt|169|1299
|gen|9
|tier|[Gen 9 Champions] VGC 2026 Reg M-B (Bo3)
|rated|
|rule|Species Clause: Limit one of each Pokémon
|rule|Item Clause: Limit 1 of each item
|clearpoke
|poke|p1|Metagross, L50|
|poke|p1|Swampert, L50, F|
|poke|p1|Pelipper, L50, M|
|poke|p1|Archaludon, L50, F|
|poke|p1|Sinistcha-Masterpiece, L50|
|poke|p1|Grimmsnarl, L50, M|
|poke|p2|Pelipper, L50, F|
|poke|p2|Archaludon, L50, M|
|poke|p2|Basculegion, L50, M|
|poke|p2|Floette-Eternal, L50, F|
|poke|p2|Klefki, L50, F|
|poke|p2|Gallade, L50, M|
|teampreview|4
|showteam|p1|Metagross||Metagrossite|ClearBody|IronHead,PsychicFangs,BodyPress,Protect|Jolly|||||50|]Swampert||Swampertite|Torrent|WaveCrash,Earthquake,IcePunch,Protect|Adamant||F|||50|]Pelipper||SitrusBerry|Drizzle|WeatherBall,Hurricane,Tailwind,Protect|Modest||M|||50|]Archaludon||Leftovers|Stamina|FlashCannon,DragonPulse,ElectroShot,Protect|Modest||F|||50|]Sinistcha-Masterpiece||ColburBerry|Hospitality|MatchaGotcha,RagePowder,TrickRoom,Protect|Relaxed|||||50|]Grimmsnarl||LightClay|Prankster|FoulPlay,PartingShot,Reflect,LightScreen|Sassy||M|||50|
|showteam|p2|Pelipper||SitrusBerry|Drizzle|Protect,Tailwind,WeatherBall,Hurricane|Modest||F|||50|]Archaludon||QuickClaw|Stamina|Protect,ElectroShot,DracoMeteor,FlashCannon|Modest||M|||50|]Basculegion||MysticWater|SwiftSwim|Protect,AquaJet,WaveCrash,LastRespects|Adamant||M|||50|]Floette-Eternal||Floettite|FlowerVeil|Protect,Moonblast,DazzlingGleam,LightofRuin|Modest||F|||50|]Klefki||LightClay|Prankster|Reflect,LightScreen,RainDance,TrickRoom|Bold||F|||50|]Gallade||LifeOrb|Sharpness|Protect,PsychoCut,SacredSword,KnockOff|Adamant||M|||50|
|
|t:|1785785200
|teamsize|p1|4
|teamsize|p2|4
|start
|switch|p1a: Grimmsnarl|Grimmsnarl, L50, M|100/100
|switch|p1b: Metagross|Metagross, L50|100/100
|switch|p2a: Klefki|Klefki, L50, F|100/100
|switch|p2b: Gallade|Gallade, L50, M|100/100
|turn|1
|
|t:|1785785221
|detailschange|p1b: Metagross|Metagross-Mega, L50
|-mega|p1b: Metagross|Metagross|Metagrossite
|move|p2a: Klefki|Reflect|p2a: Klefki
|-sidestart|p2: DaviDXrt|Reflect
|move|p1a: Grimmsnarl|Reflect|p1a: Grimmsnarl
|-sidestart|p1: beckybug|Reflect
|move|p1b: Metagross|Psychic Fangs|p2b: Gallade
|-sideend|p2: DaviDXrt|Reflect
|-damage|p2b: Gallade|17/100
|move|p2b: Gallade|Knock Off|p1b: Metagross
|-supereffective|p1b: Metagross|1
|-damage|p1b: Metagross|62/100
|-damage|p2b: Gallade|7/100|[from] item: Life Orb
|
|upkeep
|turn|2
|
|t:|1785785236
|move|p2b: Gallade|Protect|p2b: Gallade
|-singleturn|p2b: Gallade|Protect
|move|p1a: Grimmsnarl|Parting Shot|p2b: Gallade
|-activate|p2b: Gallade|move: Protect
|move|p1b: Metagross|Iron Head|p2a: Klefki
|-damage|p2a: Klefki|43/100
|move|p2a: Klefki|Trick Room|p2a: Klefki
|-fieldstart|move: Trick Room|[of] p2a: Klefki
|
|upkeep
|turn|3
|
|t:|1785785251
|move|p1b: Metagross|Protect|p1b: Metagross
|-singleturn|p1b: Metagross|Protect
|move|p1a: Grimmsnarl|Light Screen|p1a: Grimmsnarl
|-sidestart|p1: beckybug|move: Light Screen
|move|p2a: Klefki|Reflect|p2a: Klefki
|-sidestart|p2: DaviDXrt|Reflect
|move|p2b: Gallade|Sacred Sword|p1b: Metagross
|-activate|p1b: Metagross|move: Protect
|
|upkeep
|turn|4
|
|t:|1785785265
|switch|p1b: Sinistcha|Sinistcha-Masterpiece, L50|100/100
|move|p2b: Gallade|Protect|p2b: Gallade
|-singleturn|p2b: Gallade|Protect
|move|p1a: Grimmsnarl|Parting Shot|p2b: Gallade
|-activate|p2b: Gallade|move: Protect
|move|p2a: Klefki|Light Screen|p2a: Klefki
|-sidestart|p2: DaviDXrt|move: Light Screen
|
|upkeep
|turn|5
|
|t:|1785785281
|switch|p2a: Floette|Floette-Eternal, L50, F|100/100
|move|p1a: Grimmsnarl|Foul Play|p2a: Floette
|-resisted|p2a: Floette|1
|-damage|p2a: Floette|91/100
|move|p1b: Sinistcha|Matcha Gotcha|p2a: Floette|[spread] p2a,p2b
|-damage|p2a: Floette|79/100
|-damage|p2b: Gallade|0 fnt
|faint|p2b: Gallade
|
|upkeep
|
|t:|1785785295
|switch|p2b: Basculegion|Basculegion, L50, M|100/100
|turn|6
|
|t:|1785785302
|detailschange|p2a: Floette|Floette-Mega, L50, F
|-mega|p2a: Floette|Floette|Floettite
|-ability|p2a: Floette|Fairy Aura
|move|p1a: Grimmsnarl|Parting Shot|p2a: Floette
|-unboost|p2a: Floette|atk|1
|-unboost|p2a: Floette|spa|1
|
|t:|1785785308
|switch|p1a: Metagross|Metagross-Mega, L50|62/100|[from] Parting Shot
|move|p1b: Sinistcha|Matcha Gotcha|p2b: Basculegion|[spread] p2a,p2b
|-supereffective|p2b: Basculegion|1
|-damage|p2a: Floette|67/100
|-damage|p2b: Basculegion|67/100
|-status|p2a: Floette|brn
|move|p2b: Basculegion|Last Respects|p1b: Sinistcha
|-supereffective|p1b: Sinistcha|1
|-damage|p1b: Sinistcha|43/100
|move|p2a: Floette|Moonblast|p1a: Metagross
|-resisted|p1a: Metagross|1
|-crit|p1a: Metagross
|-damage|p1a: Metagross|2/100
|
|-damage|p2a: Floette|61/100 brn|[from] brn
|-fieldend|move: Trick Room
|upkeep
|turn|7
|
|t:|1785785347
|move|p1a: Metagross|Protect|p1a: Metagross
|-singleturn|p1a: Metagross|Protect
|move|p2b: Basculegion|Aqua Jet|p1a: Metagross
|-activate|p1a: Metagross|move: Protect
|move|p2a: Floette|Moonblast|p1b: Sinistcha
|-damage|p1b: Sinistcha|12/100
|move|p1b: Sinistcha|Matcha Gotcha|p2b: Basculegion|[spread] p2b
|-miss|p1b: Sinistcha|p2a: Floette
|-supereffective|p2b: Basculegion|1
|-damage|p2b: Basculegion|36/100
|-heal|p1b: Sinistcha|32/100|[from] drain|[of] p2b: Basculegion
|
|-damage|p2a: Floette|55/100 brn|[from] brn
|upkeep
|turn|8
|
|t:|1785785368
|move|p1b: Sinistcha|Rage Powder|p1b: Sinistcha
|-singleturn|p1b: Sinistcha|move: Rage Powder
|move|p2b: Basculegion|Aqua Jet|p1b: Sinistcha
|-resisted|p1b: Sinistcha|1
|-damage|p1b: Sinistcha|24/100
|move|p1a: Metagross|Psychic Fangs|p2b: Basculegion
|-sideend|p2: DaviDXrt|Reflect
|-sideend|p2: DaviDXrt|move: Light Screen
|-damage|p2b: Basculegion|0 fnt
|faint|p2b: Basculegion
|move|p2a: Floette|Moonblast|p1b: Sinistcha
|-damage|p1b: Sinistcha|0 fnt
|faint|p1b: Sinistcha
|
|-damage|p2a: Floette|49/100 brn|[from] brn
|-sideend|p1: beckybug|Reflect
|upkeep
|
|t:|1785785378
|switch|p2b: Klefki|Klefki, L50, F|43/100
|switch|p1b: Grimmsnarl|Grimmsnarl, L50, M|100/100
|turn|9
|
|t:|1785785389
|move|p2a: Floette|Protect|p2a: Floette
|-singleturn|p2a: Floette|Protect
|move|p1b: Grimmsnarl|Parting Shot|p2a: Floette
|-activate|p2a: Floette|move: Protect
|move|p1a: Metagross|Iron Head|p2b: Klefki
|-damage|p2b: Klefki|0 fnt
|faint|p2b: Klefki
|
|-damage|p2a: Floette|43/100 brn|[from] brn
|upkeep
|turn|10
|
|t:|1785785400
|move|p1b: Grimmsnarl|Parting Shot|p2a: Floette
|-unboost|p2a: Floette|atk|1
|-unboost|p2a: Floette|spa|1
|
|t:|1785785403
|switch|p1b: Archaludon|Archaludon, L50, F|100/100|[from] Parting Shot
|move|p1a: Metagross|Iron Head|p2a: Floette
|-supereffective|p2a: Floette|1
|-damage|p2a: Floette|0 fnt
|faint|p2a: Floette
|
|win|beckybug
||DaviDXrt is ready for game 2.
||beckybug is ready for game 2.
|uhtml|next|Next: Game 2 of 3
|l|☆DaviDXrt
|player|p2|
