|j|☆Cotcha
|j|☆Eu Farei x10
|html|CotchaEu Farei x10    
|uhtml|bestof|Game 2 of a best-of-3
|t:|1756387491
|gametype|doubles
|player|p1|Cotcha|li|1150
|player|p2|Eu Farei x10|hiker-gen7|1223
|gen|9
|tier|[Gen 9] VGC 2025 Reg H (Bo3)
|rated|
|rule|Species Clause: Limit one of each Pokémon
|rule|Item Clause: Limit 1 of each item
|clearpoke
|poke|p1|Annihilape, L50, F|
|poke|p1|Sinistcha, L50|
|poke|p1|Basculegion, L50, M|
|poke|p1|Pelipper, L50, M|
|poke|p1|Archaludon, L50, F|
|poke|p1|Maushold, L50|
|poke|p2|Maushold-Four, L50|
|poke|p2|Annihilape, L50, F|
|poke|p2|Rillaboom, L50, M|
|poke|p2|Klefki, L50, M|
|poke|p2|Volcarona, L50, F|
|poke|p2|Ninetales-Alola, L50, M|
|teampreview|4
|showteam|p1|Annihilape||SitrusBerry|Defiant|DrainPunch,RageFist,BulkUp,Protect|||F|||50|,,,,,Fire]Sinistcha||RockyHelmet|Hospitality|RagePowder,MatchaGotcha,LifeDew,TrickRoom||||||50|,,,,,Fairy]Basculegion||ChoiceScarf|Adaptability|FlipTurn,WaveCrash,LastRespects,AquaJet|||M|||50|,,,,,Grass]Pelipper||FocusSash|Drizzle|WeatherBall,Hurricane,WideGuard,Protect|||M|||50|,,,,,Stellar]Archaludon||AssaultVest|Stamina|ElectroShot,BodyPress,DracoMeteor,FlashCannon|||F|||50|,,,,,Bug]Maushold||SafetyGoggles|FriendGuard|SuperFang,BeatUp,FollowMe,Taunt||||||50|,,,,,Ghost
|showteam|p2|Maushold-Four||SafetyGoggles|FriendGuard|Protect,BeatUp,Taunt,FollowMe||||||50|,,,,,Ghost]Annihilape||Leftovers|Defiant|Protect,RageFist,BulkUp,DrainPunch|||F|||50|,,,,,Fire]Rillaboom||AssaultVest|GrassySurge|FakeOut,WoodHammer,GrassyGlide,Uturn|||M|||50|,,,,,Fire]Klefki||LightClay|Prankster|Reflect,LightScreen,ThunderWave,DazzlingGleam|||M|||50|,,,,,Water]Volcarona||GrassySeed|FlameBody|Protect,GigaDrain,QuiverDance,HeatWave|||F|||50|,,,,,Grass]Ninetales-Alola||ChoiceSpecs|SnowWarning|Blizzard,Moonblast,FreezeDry,DazzlingGleam|||M|||50|,,,,,Ice
|inactive|Battle timer is ON: inactive players will automatically lose when time's up. (requested by Eu Farei x10)
|inactive|Cotcha has 60 seconds left.
|
|t:|1756387524
|teamsize|p1|4
|teamsize|p2|4
|start
|switch|p1a: Maushold|Maushold, L50|100/100
|switch|p1b: Annihilape|Annihilape, L50, F|100/100
|switch|p2a: Los Ramírez|Maushold-Four, L50|100/100
|switch|p2b: Annihilape|Annihilape, L50, F|100/100
|turn|1
|inactive|Cotcha has 30 seconds left.
|inactive|Cotcha has 20 seconds left.
|inactive|Cotcha has 15 seconds left.
|inactive|Cotcha has 10 seconds left.
|
|t:|1756387570
|move|p1a: Maushold|Follow Me|p1a: Maushold
|-singleturn|p1a: Maushold|move: Follow Me
|move|p2a: Los Ramírez|Taunt|p1a: Maushold
|-start|p1a: Maushold|move: Taunt
|move|p2b: Annihilape|Bulk Up|p2b: Annihilape
|-boost|p2b: Annihilape|atk|1
|-boost|p2b: Annihilape|def|1
|move|p1b: Annihilape|Bulk Up|p1b: Annihilape
|-boost|p1b: Annihilape|atk|1
|-boost|p1b: Annihilape|def|1
|
|upkeep
|turn|2
|inactive|Cotcha has 30 seconds left.
|inactive|Eu Farei x10 has 30 seconds left.
|inactive|Eu Farei x10 has 20 seconds left.
|inactive|Eu Farei x10 has 15 seconds left.
|
|t:|1756387613
|-terastallize|p2a: Los Ramírez|Ghost
|-terastallize|p1b: Annihilape|Fire
|move|p2a: Los Ramírez|Follow Me|p2a: Los Ramírez
|-singleturn|p2a: Los Ramírez|move: Follow Me
|move|p1a: Maushold|Beat Up|p2a: Los Ramírez
|-supereffective|p2a: Los Ramírez
|-damage|p2a: Los Ramírez|95/100
|-supereffective|p2a: Los Ramírez
|-damage|p2a: Los Ramírez|87/100
|-supereffective|p2a: Los Ramírez
|-damage|p2a: Los Ramírez|79/100
|-supereffective|p2a: Los Ramírez
|-damage|p2a: Los Ramírez|72/100
|-hitcount|p2a: Los Ramírez|4
|move|p2b: Annihilape|Drain Punch|p1a: Maushold
|-supereffective|p1a: Maushold
|-damage|p1a: Maushold|0 fnt
|faint|p1a: Maushold
|move|p1b: Annihilape|Drain Punch|p2a: Los Ramírez
|-immune|p2a: Los Ramírez
|
|upkeep
|
|t:|1756387628
|switch|p1a: Basculegion|Basculegion, L50, M|100/100
|turn|3
|
|t:|1756387642
|switch|p2a: Rillaboom|Rillaboom, L50, M|100/100
|-fieldstart|move: Grassy Terrain|[from] ability: Grassy Surge|[of] p2a: Rillaboom
|move|p2b: Annihilape|Protect|p2b: Annihilape
|-singleturn|p2b: Annihilape|Protect
|move|p1a: Basculegion|Flip Turn|p2b: Annihilape
|-activate|p2b: Annihilape|move: Protect
|move|p1b: Annihilape|Rage Fist|p2b: Annihilape
|-activate|p2b: Annihilape|move: Protect
|
|upkeep
|turn|4
|
|t:|1756387661
|switch|p1a: Archaludon|Archaludon, L50, F|100/100
|move|p2b: Annihilape|Bulk Up|p2b: Annihilape
|-boost|p2b: Annihilape|atk|1
|-boost|p2b: Annihilape|def|1
|move|p1b: Annihilape|Bulk Up|p1b: Annihilape
|-boost|p1b: Annihilape|atk|1
|-boost|p1b: Annihilape|def|1
|move|p2a: Rillaboom|Wood Hammer|p1a: Archaludon
|-resisted|p1a: Archaludon
|-damage|p1a: Archaludon|89/100
|-ability|p1a: Archaludon|Stamina|boost
|-boost|p1a: Archaludon|def|1
|-damage|p2a: Rillaboom|97/100|[from] Recoil
|
|-heal|p2a: Rillaboom|100/100|[from] Grassy Terrain
|-heal|p1a: Archaludon|95/100|[from] Grassy Terrain
|upkeep
|turn|5
|inactive|Cotcha has 30 seconds left.
|
|t:|1756387691
|move|p2b: Annihilape|Bulk Up|p2b: Annihilape
|-boost|p2b: Annihilape|atk|1
|-boost|p2b: Annihilape|def|1
|move|p1b: Annihilape|Rage Fist|p2a: Rillaboom
|-damage|p2a: Rillaboom|55/100
|move|p2a: Rillaboom|U-turn|p2b: Annihilape
|-resisted|p2b: Annihilape
|-damage|p2b: Annihilape|98/100
|
|t:|1756387701
|switch|p2a: Los Ramírez|Maushold-Four, L50, tera:Ghost|72/100|[from] U-turn
|move|p1a: Archaludon|Body Press|p2a: Los Ramírez
|-immune|p2a: Los Ramírez
|
|-heal|p2a: Los Ramírez|78/100|[from] Grassy Terrain
|-heal|p2b: Annihilape|100/100|[from] Grassy Terrain
|-heal|p1a: Archaludon|100/100|[from] Grassy Terrain
|upkeep
|turn|6
|inactive|Cotcha has 30 seconds left.
|
|t:|1756387730
|move|p2a: Los Ramírez|Beat Up|p2b: Annihilape
|-damage|p2b: Annihilape|99/100
|-damage|p2b: Annihilape|99/100
|-damage|p2b: Annihilape|98/100
|-damage|p2b: Annihilape|97/100
|-hitcount|p2b: Annihilape|4
|move|p2b: Annihilape|Rage Fist|p1b: Annihilape
|-damage|p1b: Annihilape|0 fnt
|faint|p1b: Annihilape
|move|p1a: Archaludon|Draco Meteor|p2b: Annihilape
|-damage|p2b: Annihilape|52/100
|-unboost|p1a: Archaludon|spa|2
|
|-heal|p2a: Los Ramírez|84/100|[from] Grassy Terrain
|-heal|p2b: Annihilape|58/100|[from] Grassy Terrain
|-heal|p2b: Annihilape|64/100|[from] item: Leftovers
|upkeep
|-message|Cotcha forfeited.
|
|win|Eu Farei x10
|raw|Cotcha's rating: 1150 → 1130(-20 for losing)
|raw|Eu Farei x10's rating: 1223 → 1243(+20 for winning)
