|j|‽bobsparents
|j|☆dropddead
|html|bobsparentsdropddead    
|uhtml|bestof|Game 1 of a best-of-3
|t:|1784392668
|gametype|doubles
|player|p1|bobsparents|cynthia|1200
|player|p2|dropddead|crasherwake|1138
|gen|9
|tier|[Gen 9 Champions] VGC 2026 Reg M-B (Bo3)
|rated|
|rule|Species Clause: Limit one of each Pokémon
|rule|Item Clause: Limit 1 of each item
|clearpoke
|poke|p1|Kangaskhan, L50, F|
|poke|p1|Farigiraf, L50, F|
|poke|p1|Chandelure, L50, M|
|poke|p1|Avalugg-Hisui, L50, M|
|poke|p1|Decidueye-Hisui, L50, M|
|poke|p1|Kingambit, L50, F|
|poke|p2|Sneasler, L50, M|
|poke|p2|Blastoise, L50, M|
|poke|p2|Kingambit, L50, M|
|poke|p2|Incineroar, L50, M|
|poke|p2|Delphox, L50, F|
|poke|p2|Sinistcha, L50|
|teampreview|4
|showteam|p1|Kangaskhan||Kangaskhanite|Scrappy|DoubleEdge,HammerArm,IcePunch,FakeOut|Brave||F|||50|]Farigiraf||SitrusBerry|ArmorTail|PsychicNoise,Thunderbolt,TrickRoom,Protect|Quiet||F|||50|]Chandelure||FocusSash|FlashFire|HeatWave,ShadowBall,TrickRoom,Protect|Quiet||M|||50|]Avalugg-Hisui||WideLens|Sturdy|RockSlide,MountainGale,BodyPress,WideGuard|Brave||M|||50|]Decidueye-Hisui||LifeOrb|Scrappy|CloseCombat,LeafBlade,BraveBird,Protect|Brave||M|||50|]Kingambit||BlackGlasses|Defiant|KowtowCleave,IronHead,SuckerPunch,SwordsDance|Brave||F|||50|
|showteam|p2|Sneasler||FocusSash|PoisonTouch|PoisonJab,CloseCombat,FakeOut,QuickGuard|Jolly||M|||50|]Blastoise||Blastoisinite|RainDish|DarkPulse,WaterSpout,ShellSmash,Protect|Modest||M|||50|]Kingambit||BlackGlasses|Defiant|KowtowCleave,SuckerPunch,SwordsDance,Protect|Adamant||M|||50|]Incineroar||SitrusBerry|Intimidate|FlareBlitz,HelpingHand,PartingShot,FakeOut|Careful||M|||50|]Delphox||Delphoxite|Blaze|HeatWave,NastyPlot,Psyshock,Protect|Modest||F|||50|]Sinistcha||KasibBerry|Hospitality|MatchaGotcha,RagePowder,TrickRoom,Protect|Bold|||||50|
|inactive|Battle timer is ON: inactive players will automatically lose when time's up. (requested by dropddead)
|inactive|dropddead has 60 seconds left.
|
|t:|1784392707
|teamsize|p1|4
|teamsize|p2|4
|start
|switch|p1a: Kangaskhan|Kangaskhan, L50, F|100/100
|switch|p1b: Farigiraf|Farigiraf, L50, F|100/100
|switch|p2a: Blastoise|Blastoise, L50, M|100/100
|switch|p2b: Sneasler|Sneasler, L50, M|100/100
|turn|1
|inactive|bobsparents has 30 seconds left.
|inactive|bobsparents has 20 seconds left.
|
|t:|1784392744
|detailschange|p2a: Blastoise|Blastoise-Mega, L50, M
|-mega|p2a: Blastoise|Blastoise|Blastoisinite
|detailschange|p1a: Kangaskhan|Kangaskhan-Mega, L50, F
|-mega|p1a: Kangaskhan|Kangaskhan|Kangaskhanite
|move|p2b: Sneasler|Quick Guard|p2b: Sneasler
|-singleturn|p2b: Sneasler|Quick Guard
|move|p2a: Blastoise|Dark Pulse|p1b: Farigiraf
|-supereffective|p1b: Farigiraf|1
|-damage|p1b: Farigiraf|18/100
|-enditem|p1b: Farigiraf|Sitrus Berry|[eat]
|-heal|p1b: Farigiraf|43/100|[from] item: Sitrus Berry
|move|p1a: Kangaskhan|Double-Edge|p2a: Blastoise
|-damage|p2a: Blastoise|30/100
|-damage|p2a: Blastoise|16/100
|-hitcount|p2a: Blastoise|2
|-damage|p1a: Kangaskhan|79/100|[from] Recoil
|move|p1b: Farigiraf|Trick Room|p1b: Farigiraf
|-fieldstart|move: Trick Room|[of] p1b: Farigiraf
|
|upkeep
|turn|2
|inactive|bobsparents has 30 seconds left.
|inactive|dropddead has 30 seconds left.
|inactive|dropddead has 20 seconds left.
|
|t:|1784392782
|switch|p2b: Incineroar|Incineroar, L50, M|100/100
|-ability|p2b: Incineroar|Intimidate|boost
|-unboost|p1a: Kangaskhan|atk|1
|-unboost|p1b: Farigiraf|atk|1
|move|p2a: Blastoise|Protect|p2a: Blastoise
|-singleturn|p2a: Blastoise|Protect
|move|p1b: Farigiraf|Thunderbolt|p2a: Blastoise
|-activate|p2a: Blastoise|move: Protect
|move|p1a: Kangaskhan|Hammer Arm|p2b: Incineroar
|-supereffective|p2b: Incineroar|1
|-damage|p2b: Incineroar|49/100
|-unboost|p1a: Kangaskhan|spe|1
|-enditem|p2b: Incineroar|Sitrus Berry|[eat]
|-heal|p2b: Incineroar|74/100|[from] item: Sitrus Berry
|-supereffective|p2b: Incineroar|1
|-damage|p2b: Incineroar|62/100
|-unboost|p1a: Kangaskhan|spe|1
|-hitcount|p2b: Incineroar|2
|
|upkeep
|turn|3
|inactive|bobsparents has 30 seconds left.
|inactive|bobsparents has 20 seconds left.
|inactive|bobsparents has 15 seconds left.
|inactive|bobsparents has 10 seconds left.
|
|t:|1784392830
|switch|p2a: Kingambit|Kingambit, L50, M|100/100
|move|p1a: Kangaskhan|Hammer Arm|p2b: Incineroar
|-supereffective|p2b: Incineroar|1
|-damage|p2b: Incineroar|13/100
|-unboost|p1a: Kangaskhan|spe|1
|-supereffective|p2b: Incineroar|1
|-damage|p2b: Incineroar|2/100
|-unboost|p1a: Kangaskhan|spe|1
|-hitcount|p2b: Incineroar|2
|move|p1b: Farigiraf|Psychic Noise|p2a: Kingambit
|-immune|p2a: Kingambit
|move|p2b: Incineroar|Parting Shot|p1a: Kangaskhan
|-unboost|p1a: Kangaskhan|atk|1
|-unboost|p1a: Kangaskhan|spa|1
|
|t:|1784392847
|switch|p2b: Blastoise|Blastoise-Mega, L50, M|16/100|[from] Parting Shot
|
|upkeep
|turn|4
|
|t:|1784392870
|switch|p2b: Incineroar|Incineroar, L50, M|2/100
|-ability|p2b: Incineroar|Intimidate|boost
|-unboost|p1a: Kangaskhan|atk|1
|-unboost|p1b: Farigiraf|atk|1
|move|p1a: Kangaskhan|Hammer Arm|p2a: Kingambit
|-supereffective|p2a: Kingambit|2
|-damage|p2a: Kingambit|53/100
|-unboost|p1a: Kangaskhan|spe|1
|-supereffective|p2a: Kingambit|2
|-damage|p2a: Kingambit|43/100
|-unboost|p1a: Kangaskhan|spe|1
|-hitcount|p2a: Kingambit|2
|move|p2a: Kingambit|Swords Dance|p2a: Kingambit
|-boost|p2a: Kingambit|atk|2
|move|p1b: Farigiraf|Thunderbolt|p2b: Incineroar
|-damage|p2b: Incineroar|0 fnt
|faint|p2b: Incineroar
|
|upkeep
|
|t:|1784392882
|switch|p2b: Blastoise|Blastoise-Mega, L50, M|16/100
|turn|5
|inactive|bobsparents has 30 seconds left.
|inactive|bobsparents has 20 seconds left.
|inactive|bobsparents has 15 seconds left.
|inactive|bobsparents has 10 seconds left.
|inactive|bobsparents has 5 seconds left.
|
|t:|1784392936
|switch|p1a: Decidueye|Decidueye-Hisui, L50, M|100/100
|move|p2a: Kingambit|Protect|p2a: Kingambit
|-singleturn|p2a: Kingambit|Protect
|move|p2b: Blastoise|Protect|p2b: Blastoise
|-singleturn|p2b: Blastoise|Protect
|move|p1b: Farigiraf|Thunderbolt|p2b: Blastoise
|-activate|p2b: Blastoise|move: Protect
|
|-fieldend|move: Trick Room
|upkeep
|turn|6
|inactive|bobsparents has 30 seconds left.
|inactive|dropddead has 30 seconds left.
|inactive|bobsparents has 20 seconds left.
|inactive|dropddead has 20 seconds left.
|inactive|bobsparents has 15 seconds left.
|
|t:|1784392980
|move|p1b: Farigiraf|Protect|p1b: Farigiraf
|-singleturn|p1b: Farigiraf|Protect
|move|p2b: Blastoise|Dark Pulse|p1b: Farigiraf
|-activate|p1b: Farigiraf|move: Protect
|move|p1a: Decidueye|Close Combat|p2a: Kingambit
|-supereffective|p2a: Kingambit|2
|-damage|p2a: Kingambit|0 fnt
|-unboost|p1a: Decidueye|def|1
|-unboost|p1a: Decidueye|spd|1
|faint|p2a: Kingambit
|-damage|p1a: Decidueye|90/100|[from] item: Life Orb
|
|upkeep
|
|t:|1784392982
|switch|p2a: Sneasler|Sneasler, L50, M|100/100
|turn|7
|inactive|bobsparents has 30 seconds left.
|inactive|bobsparents has 20 seconds left.
|inactive|bobsparents has 15 seconds left.
|inactive|bobsparents has 10 seconds left.
|inactive|bobsparents has 5 seconds left.
|
|t:|1784393033
|switch|p1b: Kangaskhan|Kangaskhan-Mega, L50, F|79/100
|move|p2a: Sneasler|Poison Jab|p1a: Decidueye
|-supereffective|p1a: Decidueye|1
|-damage|p1a: Decidueye|0 fnt
|faint|p1a: Decidueye
|move|p2b: Blastoise|Dark Pulse|p1b: Kangaskhan
|-damage|p1b: Kangaskhan|43/100
|
|upkeep
|
|t:|1784393043
|switch|p1a: Avalugg|Avalugg-Hisui, L50, M|100/100
|turn|8
|inactive|bobsparents has 30 seconds left.
|
|t:|1784393072
|move|p1b: Kangaskhan|Fake Out|p2a: Sneasler
|-damage|p2a: Sneasler|61/100
|-damage|p2a: Sneasler|52/100
|-hitcount|p2a: Sneasler|2
|cant|p2a: Sneasler|flinch
|move|p2b: Blastoise|Shell Smash|p2b: Blastoise
|-unboost|p2b: Blastoise|def|1
|-unboost|p2b: Blastoise|spd|1
|-boost|p2b: Blastoise|atk|2
|-boost|p2b: Blastoise|spa|2
|-boost|p2b: Blastoise|spe|2
|move|p1a: Avalugg|Mountain Gale|p2a: Sneasler
|-damage|p2a: Sneasler|0 fnt
|faint|p2a: Sneasler
|
|upkeep
|turn|9
|
|t:|1784393093
|move|p2b: Blastoise|Water Spout|p1a: Avalugg|[spread] p1a,p1b
|-supereffective|p1a: Avalugg|1
|-damage|p1a: Avalugg|12/100
|-damage|p1b: Kangaskhan|26/100
|move|p1b: Kangaskhan|Double-Edge|p2b: Blastoise
|-damage|p2b: Blastoise|0 fnt
|faint|p2b: Blastoise
|-damage|p1b: Kangaskhan|22/100|[from] Recoil
|
|win|bobsparents
