|j|☆sorecruiser
|j|☆LadylikeMiked97
|html|sorecruiserLadylikeMiked97    
|uhtml|bestof|Game 1 of a best-of-3
|t:|1756948676
|gametype|doubles
|player|p1|sorecruiser|furisodegirl-black|1054
|player|p2|LadylikeMiked97|1|1065
|gen|9
|tier|[Gen 9] VGC 2025 Reg H (Bo3)
|rated|
|rule|Species Clause: Limit one of each Pokémon
|rule|Item Clause: Limit 1 of each item
|clearpoke
|poke|p1|Gholdengo, L50|
|poke|p1|Whimsicott, L50, M|
|poke|p1|Sneasler, L50, F|
|poke|p1|Basculegion, L50, M|
|poke|p1|Hydreigon, L50, F|
|poke|p1|Magmar, L50, F|
|poke|p2|Ninetales-Alola, L50, F|
|poke|p2|Rillaboom, L50, F|
|poke|p2|Gastrodon, L50, M|
|poke|p2|Flamigo, L50, F|
|poke|p2|Dragonite, L50, F|
|poke|p2|Ceruledge, L50, F|
|teampreview|4
|showteam|p1|Gholdengo||MetalCoat|GoodasGold|MakeItRain,ShadowBall,NastyPlot,Protect||||||50|,,,,,Steel]Whimsicott||CovertCloak|Prankster|Tailwind,Encore,FakeTears,Moonblast|||M|||50|,,,,,Dark]Sneasler||FocusSash|PoisonTouch|Protect,CloseCombat,DireClaw,ThroatChop|||F|||50|,,,,,Dark]Basculegion||ChoiceScarf|Adaptability|LastRespects,WaveCrash,AquaJet,FlipTurn|||M|||50|,,,,,Ghost]Hydreigon||ChoiceSpecs|Levitate|DarkPulse,DracoMeteor,Snarl,HeatWave|||F|||50|,,,,,Fire]Magmar||Eviolite|VitalSpirit|Protect,FollowMe,HeatWave,Taunt|||F|||50|,,,,,Ghost
|showteam|p2|Ninetales-Alola||LightClay|SnowWarning|AuroraVeil,Moonblast,Protect,Blizzard|||F|||50|,,,,,Water]Rillaboom||AssaultVest|GrassySurge|FakeOut,KnockOff,GrassyGlide,WoodHammer|||F|||50|,,,,,Fire]Gastrodon||Leftovers|StormDrain|Yawn,EarthPower,IceBeam,Protect|||M|||50|,,,,,Normal]Flamigo||FocusSash|Scrappy|CloseCombat,BraveBird,Uturn,Tailwind|||F|||50|,,,,,Ghost]Dragonite||LoadedDice|Multiscale|ExtremeSpeed,StompingTantrum,ScaleShot,DragonDance|||F|||50|,,,,,Fairy]Ceruledge||SafetyGoggles|FlashFire|BitterBlade,Protect,BulkUp,ShadowSneak|||F|||50|,,,,,Fire
|
|t:|1756948767
|teamsize|p1|4
|teamsize|p2|4
|start
|switch|p1a: Sneasler|Sneasler, L50, F|100/100
|switch|p1b: Whimsicott|Whimsicott, L50, M|100/100
|switch|p2a: Rillaboom|Rillaboom, L50, F|100/100
|switch|p2b: Flamigo|Flamigo, L50, F|100/100
|-fieldstart|move: Grassy Terrain|[from] ability: Grassy Surge|[of] p2a: Rillaboom
|turn|1
|inactive|Battle timer is ON: inactive players will automatically lose when time's up. (requested by sorecruiser)
|
|t:|1756948802
|move|p1a: Sneasler|Protect|p1a: Sneasler
|-singleturn|p1a: Sneasler|Protect
|move|p2a: Rillaboom|Fake Out|p1a: Sneasler
|-activate|p1a: Sneasler|move: Protect
|move|p1b: Whimsicott|Tailwind|p1b: Whimsicott
|-sidestart|p1: sorecruiser|move: Tailwind
|move|p2b: Flamigo|Brave Bird|p1b: Whimsicott
|-supereffective|p1b: Whimsicott
|-damage|p1b: Whimsicott|0 fnt
|faint|p1b: Whimsicott
|-damage|p2b: Flamigo|65/100|[from] Recoil
|
|upkeep
|inactive|sorecruiser has 30 seconds left.
|inactive|sorecruiser has 20 seconds left.
|
|t:|1756948840
|switch|p1b: Gholdengo|Gholdengo, L50|100/100
|turn|2
|inactive|LadylikeMiked97 has 30 seconds left.
|inactive|LadylikeMiked97 has 20 seconds left.
|inactive|LadylikeMiked97 has 15 seconds left.
|inactive|LadylikeMiked97 has 10 seconds left.
|inactive|LadylikeMiked97 has 5 seconds left.
|
|t:|1756948890
|-terastallize|p1b: Gholdengo|Steel
|move|p1a: Sneasler|Dire Claw|p2a: Rillaboom
|-supereffective|p2a: Rillaboom
|-damage|p2a: Rillaboom|14/100
|-status|p2a: Rillaboom|psn|[from] ability: Poison Touch|[of] p1a: Sneasler
|move|p1b: Gholdengo|Make It Rain|p2a: Rillaboom|[spread] p2a,p2b
|-damage|p2a: Rillaboom|0 fnt
|-damage|p2b: Flamigo|0 fnt
|-unboost|p1b: Gholdengo|spa|1
|faint|p2a: Rillaboom
|faint|p2b: Flamigo
|
|upkeep
|
|t:|1756948905
|switch|p2b: Dragonite|Dragonite, L50, F|100/100
|switch|p2a: Gastrodon|Gastrodon, L50, M|100/100
|turn|3
|
|t:|1756948933
|move|p1a: Sneasler|Dire Claw|p2b: Dragonite
|-damage|p2b: Dragonite|74/100
|move|p1b: Gholdengo|Make It Rain|p2a: Gastrodon|[spread] p2a,p2b
|-resisted|p2a: Gastrodon
|-damage|p2a: Gastrodon|81/100
|-damage|p2b: Dragonite|27/100
|-unboost|p1b: Gholdengo|spa|1
|move|p2b: Dragonite|Scale Shot|p1a: Sneasler|[miss]
|-miss|p2b: Dragonite|p1a: Sneasler
|move|p2a: Gastrodon|Earth Power|p1b: Gholdengo
|-supereffective|p1b: Gholdengo
|-damage|p1b: Gholdengo|19/100
|
|-heal|p1b: Gholdengo|25/100|[from] Grassy Terrain
|-heal|p2a: Gastrodon|87/100|[from] Grassy Terrain
|-heal|p2a: Gastrodon|93/100|[from] item: Leftovers
|upkeep
|turn|4
|inactive|LadylikeMiked97 has 30 seconds left.
|
|t:|1756948968
|switch|p1b: Hydreigon|Hydreigon, L50, F|100/100
|move|p2b: Dragonite|Extreme Speed|p1b: Hydreigon
|-damage|p1b: Hydreigon|63/100
|move|p1a: Sneasler|Dire Claw|p2b: Dragonite
|-damage|p2b: Dragonite|0 fnt
|faint|p2b: Dragonite
|move|p2a: Gastrodon|Earth Power|p1a: Sneasler
|-supereffective|p1a: Sneasler
|-damage|p1a: Sneasler|3/100
|
|-heal|p1a: Sneasler|9/100|[from] Grassy Terrain
|-heal|p2a: Gastrodon|99/100|[from] Grassy Terrain
|-heal|p2a: Gastrodon|100/100|[from] item: Leftovers
|-sideend|p1: sorecruiser|move: Tailwind
|upkeep
|turn|5
|inactive|LadylikeMiked97 has 30 seconds left.
|inactive|sorecruiser has 30 seconds left.
|
|t:|1756949002
|move|p1a: Sneasler|Dire Claw|p2a: Gastrodon
|-resisted|p2a: Gastrodon
|-damage|p2a: Gastrodon|80/100
|move|p1b: Hydreigon|Dark Pulse|p2a: Gastrodon
|-crit|p2a: Gastrodon
|-damage|p2a: Gastrodon|0 fnt
|faint|p2a: Gastrodon
|
|win|sorecruiser
