|j|☆hpeezy
|j|☆battle sim trainer
|html|hpeezybattle sim trainer    
|uhtml|bestof|Game 1 of a best-of-3
|t:|1783613043
|gametype|doubles
|player|p1|hpeezy|266|1062
|player|p2|battle sim trainer|turo|1144
|gen|9
|tier|[Gen 9 Champions] VGC 2026 Reg M-B (Bo3)
|rated|
|rule|Species Clause: Limit one of each Pokémon
|rule|Item Clause: Limit 1 of each item
|clearpoke
|poke|p1|Sableye, L50, M|
|poke|p1|Raichu, L50, M|
|poke|p1|Ninetales-Alola, L50, F|
|poke|p1|Annihilape, L50, F|
|poke|p1|Starmie, L50|
|poke|p1|Tinkaton, L50, F|
|poke|p2|Swampert, L50, M|
|poke|p2|Pelipper, L50, F|
|poke|p2|Archaludon, L50, M|
|poke|p2|Grimmsnarl, L50, M|
|poke|p2|Sinistcha, L50|
|poke|p2|Greninja, L50, M|
|teampreview|4
|showteam|p1|Sableye||RoseliBerry|Prankster|Quash,FakeOut,Encore,RainDance|Impish||M|||50|]Raichu||RaichuniteY|LightningRod|ZapCannon,FocusBlast,GrassKnot,Protect|Hasty||M|||50|]Ninetales-Alola||FocusSash|SnowWarning|Blizzard,AuroraVeil,Protect,Roar|Timid||F|||50|]Annihilape||CobaBerry|Defiant|IcePunch,RageFist,DrainPunch,Protect|Jolly||F|||50|]Starmie||Starminite|Analytic|HydroPump,IceBeam,FlashCannon,Protect|Timid|||||50|]Tinkaton||Leftovers|OwnTempo|PlayRough,GigatonHammer,KnockOff,WoodHammer|Jolly||F|||50|
|showteam|p2|Swampert||Swampertite|Damp|WaveCrash,Earthquake,IcePunch,Protect|Adamant||M|||50|]Pelipper||SitrusBerry|Drizzle|Hurricane,WeatherBall,Tailwind,Protect|Modest||F|||50|]Archaludon||Leftovers|Stamina|ElectroShot,DragonPulse,FlashCannon,Protect|Modest||M|||50|]Grimmsnarl||LightClay|Prankster|SpiritBreak,Reflect,LightScreen,PartingShot|Careful||M|||50|]Sinistcha|||Hospitality|LifeDew,MatchaGotcha,TrickRoom,RagePowder|Bold|||||50|]Greninja||FocusSash|Protean|SludgeWave,FlipTurn,WaterShuriken,DarkPulse|Modest||M|||50|
|inactive|Battle timer is ON: inactive players will automatically lose when time's up. (requested by hpeezy)
|inactive|hpeezy has 60 seconds left.
|inactive|battle sim trainer has 60 seconds left.
|
|t:|1783613094
|teamsize|p1|4
|teamsize|p2|4
|start
|switch|p1a: Sableye|Sableye, L50, M|100/100
|switch|p1b: Raichu|Raichu, L50, M|100/100
|switch|p2a: Grimmsnarl|Grimmsnarl, L50, M|100/100
|switch|p2b: Swampert|Swampert, L50, M|100/100
|turn|1
|
|t:|1783613116
|detailschange|p1b: Raichu|Raichu-Mega-Y, L50, M
|-mega|p1b: Raichu|Raichu|Raichunite Y
|move|p1b: Raichu|Protect|p1b: Raichu
|-singleturn|p1b: Raichu|Protect
|move|p2b: Swampert|Protect|p2b: Swampert
|-singleturn|p2b: Swampert|Protect
|move|p1a: Sableye|Fake Out|p2b: Swampert
|-activate|p2b: Swampert|move: Protect
|move|p2a: Grimmsnarl|Light Screen|p2a: Grimmsnarl
|-sidestart|p2: battle sim trainer|move: Light Screen
|
|upkeep
|turn|2
|
|t:|1783613134
|detailschange|p2b: Swampert|Swampert-Mega, L50, M
|-mega|p2b: Swampert|Swampert|Swampertite
|move|p2a: Grimmsnarl|Parting Shot|p1b: Raichu
|-unboost|p1b: Raichu|atk|1
|-unboost|p1b: Raichu|spa|1
|
|t:|1783613138
|switch|p2a: Pelipper|Pelipper, L50, F|100/100|[from] Parting Shot
|-weather|RainDance|[from] ability: Drizzle|[of] p2a: Pelipper
|move|p1a: Sableye|Encore|p2b: Swampert
|-start|p2b: Swampert|Encore
|move|p2b: Swampert|Protect|p2b: Swampert
|-singleturn|p2b: Swampert|Protect
|move|p1b: Raichu|Grass Knot|p2b: Swampert
|-activate|p2b: Swampert|move: Protect
|
|-weather|RainDance|[upkeep]
|upkeep
|turn|3
|
|t:|1783613164
|switch|p2b: Grimmsnarl|Grimmsnarl, L50, M|100/100
|switch|p1a: Ninetales|Ninetales-Alola, L50, F|100/100
|-weather|Snowscape|[from] ability: Snow Warning|[of] p1a: Ninetales
|move|p1b: Raichu|Zap Cannon|p2a: Pelipper
|-supereffective|p2a: Pelipper|2
|-damage|p2a: Pelipper|0 fnt
|faint|p2a: Pelipper
|
|-weather|Snowscape|[upkeep]
|upkeep
|inactive|battle sim trainer has 30 seconds left.
|
|t:|1783613190
|switch|p2a: Swampert|Swampert-Mega, L50, M|100/100
|turn|4
|
|t:|1783613198
|move|p1b: Raichu|Protect|p1b: Raichu
|-singleturn|p1b: Raichu|Protect
|move|p2b: Grimmsnarl|Parting Shot|p1b: Raichu
|-activate|p1b: Raichu|move: Protect
|move|p1a: Ninetales|Aurora Veil|p1a: Ninetales
|-sidestart|p1: hpeezy|move: Aurora Veil
|move|p2a: Swampert|Earthquake|p1a: Ninetales|[spread] p2b,p1a
|-activate|p1b: Raichu|move: Protect
|-damage|p2b: Grimmsnarl|54/100
|-damage|p1a: Ninetales|72/100
|
|-weather|Snowscape|[upkeep]
|upkeep
|turn|5
|inactive|hpeezy has 30 seconds left.
|
|t:|1783613225
|switch|p1b: Tinkaton|Tinkaton, L50, F|100/100
|switch|p1a: Sableye|Sableye, L50, M|100/100
|switch|p2a: Archaludon|Archaludon, L50, M|100/100
|move|p2b: Grimmsnarl|Spirit Break|p1b: Tinkaton
|-resisted|p1b: Tinkaton|1
|-damage|p1b: Tinkaton|85/100
|-unboost|p1b: Tinkaton|spa|1
|
|-weather|Snowscape|[upkeep]
|-heal|p1b: Tinkaton|91/100|[from] item: Leftovers
|upkeep
|turn|6
|inactive|hpeezy has 30 seconds left.
|inactive|battle sim trainer has 30 seconds left.
|
|t:|1783613256
|switch|p1b: Raichu|Raichu-Mega-Y, L50, M|100/100
|switch|p2b: Swampert|Swampert-Mega, L50, M|100/100
|move|p1a: Sableye|Quash|p2a: Archaludon
|-activate|p2a: Archaludon|move: Quash
|move|p2a: Archaludon|Electro Shot||[still]
|-prepare|p2a: Archaludon|Electro Shot
|-boost|p2a: Archaludon|spa|1
|
|-weather|Snowscape|[upkeep]
|upkeep
|turn|7
|
|t:|1783613278
|move|p2b: Swampert|Protect|p2b: Swampert
|-singleturn|p2b: Swampert|Protect
|move|p1a: Sableye|Quash|p2b: Swampert
|-activate|p2b: Swampert|move: Protect
|move|p1b: Raichu|Grass Knot|p2b: Swampert
|-activate|p2b: Swampert|move: Protect
|move|p2a: Archaludon|Electro Shot|p1a: Sableye|[from] lockedmove
|-damage|p1a: Sableye|36/100
|
|-weather|none
|upkeep
|turn|8
|inactive|battle sim trainer has 30 seconds left.
|
|t:|1783613305
|switch|p2b: Grimmsnarl|Grimmsnarl, L50, M|54/100
|move|p1a: Sableye|Encore|p2b: Grimmsnarl
|-hint|Since gen 7, Dark is immune to Prankster moves.
|-immune|p2b: Grimmsnarl
|move|p1b: Raichu|Grass Knot|p2b: Grimmsnarl
|-damage|p2b: Grimmsnarl|36/100
|move|p2a: Archaludon|Dragon Pulse|p1b: Raichu
|-damage|p1b: Raichu|40/100
|
|-sideend|p2: battle sim trainer|move: Light Screen
|-sideend|p1: hpeezy|move: Aurora Veil
|upkeep
|turn|9
|inactive|battle sim trainer has 30 seconds left.
|
|t:|1783613333
|switch|p1a: Ninetales|Ninetales-Alola, L50, F|72/100
|-weather|Snowscape|[from] ability: Snow Warning|[of] p1a: Ninetales
|move|p1b: Raichu|Protect|p1b: Raichu
|-singleturn|p1b: Raichu|Protect
|move|p2b: Grimmsnarl|Light Screen|p2b: Grimmsnarl
|-sidestart|p2: battle sim trainer|move: Light Screen
|move|p2a: Archaludon|Flash Cannon|p1b: Raichu
|-activate|p1b: Raichu|move: Protect
|
|-weather|Snowscape|[upkeep]
|upkeep
|turn|10
|inactive|hpeezy has 30 seconds left.
|
|t:|1783613361
|move|p2b: Grimmsnarl|Parting Shot|p1b: Raichu
|-unboost|p1b: Raichu|atk|1
|-unboost|p1b: Raichu|spa|1
|
|t:|1783613365
|switch|p2b: Swampert|Swampert-Mega, L50, M|100/100|[from] Parting Shot
|move|p1b: Raichu|Grass Knot|p2b: Swampert
|-supereffective|p2b: Swampert|2
|-damage|p2b: Swampert|30/100
|move|p1a: Ninetales|Aurora Veil|p1a: Ninetales
|-sidestart|p1: hpeezy|move: Aurora Veil
|move|p2a: Archaludon|Dragon Pulse|p1b: Raichu
|-damage|p1b: Raichu|0 fnt
|faint|p1b: Raichu
|
|-weather|Snowscape|[upkeep]
|upkeep
|
|t:|1783613376
|switch|p1b: Tinkaton|Tinkaton, L50, F|91/100
|turn|11
|
|t:|1783613398
|move|p2b: Swampert|Protect|p2b: Swampert
|-singleturn|p2b: Swampert|Protect
|move|p1b: Tinkaton|Wood Hammer|p2b: Swampert
|-activate|p2b: Swampert|move: Protect
|move|p2a: Archaludon|Flash Cannon|p1a: Ninetales
|-supereffective|p1a: Ninetales|2
|-damage|p1a: Ninetales|0 fnt
|faint|p1a: Ninetales
|
|-weather|Snowscape|[upkeep]
|-heal|p1b: Tinkaton|98/100|[from] item: Leftovers
|upkeep
|
|t:|1783613408
|switch|p1a: Sableye|Sableye, L50, M|36/100
|turn|12
|-message|hpeezy forfeited.
|
|win|battle sim trainer
|l|☆hpeezy
|player|p1|
