|j|☆xx_junior_rx7_xx
|j|☆IndianCrackCoffee
|html|xx_junior_rx7_xxIndianCrackCoffee    
|uhtml|bestof|Game 2 of a best-of-3
|t:|1756526269
|gametype|doubles
|player|p1|xx_junior_rx7_xx|2|1018
|player|p2|IndianCrackCoffee|brendan-masters|1085
|gen|9
|tier|[Gen 9] VGC 2025 Reg H (Bo3)
|rated|
|rule|Species Clause: Limit one of each Pokémon
|rule|Item Clause: Limit 1 of each item
|clearpoke
|poke|p1|Tyranitar, L50, F|
|poke|p1|Excadrill, L50, F|
|poke|p1|Magmar, L50, F|
|poke|p1|Sneasler, L50, F|
|poke|p1|Corviknight, L50, F|
|poke|p1|Indeedee, L50, M|
|poke|p2|Dragonite, L50, M|
|poke|p2|Ursaluna-Bloodmoon, L50, M|
|poke|p2|Archaludon, L50, M|
|poke|p2|Whimsicott, L50, F|
|poke|p2|Gholdengo, L50|
|poke|p2|Incineroar, L50, F|
|teampreview|4
|showteam|p1|Tyranitar||AssaultVest|SandStream|RockSlide,KnockOff,LowKick,TeraBlast|||F|||50|,,,,,Flying]Excadrill||FocusSash|SandRush|EarthPower,IronHead,SwordsDance,Protect|||F|||50|,,,,,Ground]Magmar||Eviolite|VitalSpirit|Protect,HelpingHand,FollowMe,HeatWave|||F|||50|,,,,,Ghost]Sneasler||WhiteHerb|Unburden|FakeOut,CloseCombat,DireClaw,Coaching|||F|||50|,,,,,Flying]Corviknight||PsychicSeed|MirrorArmor|BraveBird,PowerTrip,BulkUp,Roost|||F|||50|,,,,,Water]Indeedee||ChoiceScarf|PsychicSurge|ExpandingForce,TeraBlast,Trick,Protect|||M|||50|,,,,,Psychic
|showteam|p2|Dragonite||LoadedDice|Multiscale|ScaleShot,ExtremeSpeed,IceSpinner,Protect|||M|||50|,,,,,Fairy]Ursaluna-Bloodmoon||AssaultVest|MindsEye|BloodMoon,HyperVoice,EarthPower,VacuumWave|||M|||50|,,,,,Water]Archaludon||PowerHerb|Sturdy|ElectroShot,FlashCannon,DracoMeteor,Protect|||M|||50|,,,,,Stellar]Whimsicott||CovertCloak|Prankster|FakeTears,Tailwind,Encore,Moonblast|||F|||50|,,,,,Poison]Gholdengo||ChoiceSpecs|GoodasGold|MakeItRain,ShadowBall,PowerGem,SteelBeam||||||50|,,,,,Steel]Incineroar||MirrorHerb|Intimidate|FakeOut,PartingShot,KnockOff,FlareBlitz|||F|||50|,,,,,Ghost
|
|t:|1756526356
|teamsize|p1|4
|teamsize|p2|4
|start
|switch|p1a: Corviknight|Corviknight, L50, F|100/100
|switch|p1b: Indeedee|Indeedee, L50, M|100/100
|switch|p2a: Dragonite|Dragonite, L50, M|100/100
|switch|p2b: Whimsicott|Whimsicott, L50, F|100/100
|-fieldstart|move: Psychic Terrain|[from] ability: Psychic Surge|[of] p1b: Indeedee
|-enditem|p1a: Corviknight|Psychic Seed
|-boost|p1a: Corviknight|spd|1|[from] item: Psychic Seed
|turn|1
|
|t:|1756526401
|-terastallize|p1b: Indeedee|Psychic
|move|p2b: Whimsicott|Tailwind|p2b: Whimsicott
|-sidestart|p2: IndianCrackCoffee|move: Tailwind
|move|p2a: Dragonite|Scale Shot|p1b: Indeedee
|-damage|p1b: Indeedee|67/100
|-damage|p1b: Indeedee|34/100
|-damage|p1b: Indeedee|3/100
|-damage|p1b: Indeedee|0 fnt
|faint|p1b: Indeedee
|-hitcount|p1: Indeedee|4
|-unboost|p2a: Dragonite|def|1
|-boost|p2a: Dragonite|spe|1
|move|p1a: Corviknight|Brave Bird|p2b: Whimsicott
|-supereffective|p2b: Whimsicott
|-damage|p2b: Whimsicott|0 fnt
|faint|p2b: Whimsicott
|-damage|p1a: Corviknight|74/100|[from] Recoil
|
|upkeep
|
|t:|1756526421
|switch|p2b: Archaludon|Archaludon, L50, M|100/100
|switch|p1b: Tyranitar|Tyranitar, L50, F|100/100
|-weather|Sandstorm|[from] ability: Sand Stream|[of] p1b: Tyranitar
|turn|2
|
|t:|1756526453
|-terastallize|p2b: Archaludon|Stellar
|move|p2a: Dragonite|Scale Shot|p1b: Tyranitar
|-damage|p1b: Tyranitar|87/100
|-crit|p1b: Tyranitar
|-damage|p1b: Tyranitar|70/100
|-damage|p1b: Tyranitar|58/100
|-damage|p1b: Tyranitar|44/100
|-hitcount|p1b: Tyranitar|4
|-unboost|p2a: Dragonite|def|1
|-boost|p2a: Dragonite|spe|1
|move|p2b: Archaludon|Electro Shot||[still]
|-prepare|p2b: Archaludon|Electro Shot
|-boost|p2b: Archaludon|spa|1
|-enditem|p2b: Archaludon|Power Herb
|-anim|p2b: Archaludon|Electro Shot|p1a: Corviknight
|-supereffective|p1a: Corviknight
|-damage|p1a: Corviknight|0 fnt
|faint|p1a: Corviknight
|move|p1b: Tyranitar|Knock Off|p2b: Archaludon
|-damage|p2b: Archaludon|67/100
|
|-weather|Sandstorm|[upkeep]
|-damage|p2a: Dragonite|94/100|[from] Sandstorm
|upkeep
|
|t:|1756526472
|switch|p1a: Magmar|Magmar, L50, F|100/100
|turn|3
|
|t:|1756526506
|switch|p2a: Gholdengo|Gholdengo, L50|100/100
|move|p2b: Archaludon|Flash Cannon|p1b: Tyranitar
|-supereffective|p1b: Tyranitar
|-damage|p1b: Tyranitar|0 fnt
|faint|p1b: Tyranitar
|move|p1a: Magmar|Heat Wave|p2a: Gholdengo|[spread] p2a,p2b
|-supereffective|p2a: Gholdengo
|-damage|p2a: Gholdengo|33/100
|-damage|p2b: Archaludon|23/100
|-status|p2a: Gholdengo|brn
|-status|p2b: Archaludon|brn
|
|-weather|Sandstorm|[upkeep]
|-damage|p1a: Magmar|95/100|[from] Sandstorm
|-damage|p2b: Archaludon|17/100 brn|[from] brn
|-damage|p2a: Gholdengo|27/100 brn|[from] brn
|upkeep
|turn|4
|
|t:|1756526528
|move|p1a: Magmar|Protect|p1a: Magmar
|-singleturn|p1a: Magmar|Protect
|move|p2b: Archaludon|Draco Meteor|p1a: Magmar
|-activate|p1a: Magmar|move: Protect
|move|p2a: Gholdengo|Power Gem|p1a: Magmar
|-activate|p1a: Magmar|move: Protect
|
|-weather|Sandstorm|[upkeep]
|-damage|p1a: Magmar|89/100|[from] Sandstorm
|-damage|p2b: Archaludon|11/100 brn|[from] brn
|-damage|p2a: Gholdengo|21/100 brn|[from] brn
|-sideend|p2: IndianCrackCoffee|move: Tailwind
|upkeep
|turn|5
|
|t:|1756526540
|move|p2b: Archaludon|Draco Meteor|p1a: Magmar
|-damage|p1a: Magmar|0 fnt
|-unboost|p2b: Archaludon|spa|2
|faint|p1a: Magmar
|
|win|IndianCrackCoffee
||xx_junior_rx7_xx is ready for game 3.
|inactive|IndianCrackCoffee has 30 seconds to confirm battle start!
||IndianCrackCoffee is ready for game 3.
|uhtml|next|Next: Game 3 of 3
