|j|☆SuperPokeVGC
|j|☆Trestkon
|html|SuperPokeVGCTrestkon    
|uhtml|bestof|Game 1 of a best-of-3
|t:|1756320190
|gametype|doubles
|player|p1|SuperPokeVGC|ltsurge|1129
|player|p2|Trestkon|102|1238
|gen|9
|tier|[Gen 9] VGC 2025 Reg H (Bo3)
|rated|
|rule|Species Clause: Limit one of each Pokémon
|rule|Item Clause: Limit 1 of each item
|clearpoke
|poke|p1|Tyranitar, L50, M|
|poke|p1|Garchomp, L50, M|
|poke|p1|Gholdengo, L50|
|poke|p1|Sinistcha, L50|
|poke|p1|Yanmega, L50, M|
|poke|p1|Arcanine, L50, M|
|poke|p2|Indeedee-F, L50, F|
|poke|p2|Gallade, L50, M|
|poke|p2|Torkoal, L50, M|
|poke|p2|Ursaluna-Bloodmoon, L50, M|
|poke|p2|Armarouge, L50, M|
|poke|p2|Exeggutor, L50, M|
|teampreview|4
|showteam|p1|Tyranitar||LifeOrb|SandStream|KnockOff,RockSlide,TeraBlast,Protect|||M|||50|,,,,,Flying]Garchomp||ClearAmulet|SandVeil|DragonClaw,StompingTantrum,Earthquake,Protect|||M|||50|,,,,,Fire]Gholdengo||Leftovers|GoodasGold|MakeItRain,ShadowBall,NastyPlot,Protect||||||50|,,,,,Water]Sinistcha||SitrusBerry|Hospitality|RagePowder,MatchaGotcha,TrickRoom,Protect||||||50|,,,,,Water]Yanmega||FocusSash|SpeedBoost|Tailwind,AirSlash,BugBuzz,Detect|||M|||50|,,,,,Ghost]Arcanine||MirrorHerb|Intimidate|ExtremeSpeed,FlareBlitz,WillOWisp,Protect|||M|||50|,,,,,Normal
|showteam|p2|Indeedee-F||SafetyGoggles|PsychicSurge|FollowMe,Psychic,HelpingHand,TrickRoom|||F|||50|,,,,,Fairy]Gallade||ClearAmulet|Sharpness|PsychoCut,SacredSword,WideGuard,TrickRoom|||M|||50|,,,,,Steel]Torkoal||Charcoal|Drought|Eruption,WeatherBall,ClearSmog,Protect|||M|||50|,,,,,Fire]Ursaluna-Bloodmoon||ThroatSpray|MindsEye|EarthPower,HyperVoice,BloodMoon,Protect|||M|||50|,,,,,Normal]Armarouge||PowerHerb|FlashFire|ArmorCannon,ExpandingForce,MeteorBeam,TrickRoom|||M|||50|,,,,,Grass]Exeggutor||FocusSash|Chlorophyll|TrickRoom,ExpandingForce,EnergyBall,SleepPowder|||M|||50|,,,,,Psychic
|inactive|Battle timer is ON: inactive players will automatically lose when time's up. (requested by SuperPokeVGC)
|inactive|SuperPokeVGC has 60 seconds left.
|inactive|Trestkon has 60 seconds left.
|inactive|Trestkon has 30 seconds left.
|inactive|Trestkon has 20 seconds left.
|
|t:|1756320263
|teamsize|p1|4
|teamsize|p2|4
|start
|switch|p1a: Yanmega|Yanmega, L50, M, shiny|100/100
|switch|p1b: Garchomp|Garchomp, L50, M|100/100
|switch|p2a: Dermezel|Indeedee-F, L50, F|100/100
|switch|p2b: Ronin|Gallade, L50, M|100/100
|-fieldstart|move: Psychic Terrain|[from] ability: Psychic Surge|[of] p2a: Dermezel
|turn|1
|inactive|SuperPokeVGC has 30 seconds left.
|inactive|SuperPokeVGC has 20 seconds left.
|
|t:|1756320300
|move|p2a: Dermezel|Follow Me|p2a: Dermezel
|-singleturn|p2a: Dermezel|move: Follow Me
|move|p1b: Garchomp|Earthquake|p2b: Ronin|[spread] p2a,p2b
|-immune|p1a: Yanmega
|-damage|p2a: Dermezel|65/100
|-damage|p2b: Ronin|44/100
|move|p1a: Yanmega|Air Slash|p2a: Dermezel
|-damage|p2a: Dermezel|28/100
|move|p2b: Ronin|Trick Room|p2b: Ronin
|-fieldstart|move: Trick Room|[of] p2b: Ronin
|
|-ability|p1a: Yanmega|Speed Boost|boost
|-boost|p1a: Yanmega|spe|1
|upkeep
|turn|2
|inactive|Trestkon has 30 seconds left.
|
|t:|1756320327
|switch|p2a: Ursaluna|Ursaluna-Bloodmoon, L50, M|100/100
|switch|p1b: Sinistcha|Sinistcha, L50|100/100
|move|p2b: Ronin|Psycho Cut|p1a: Yanmega
|-damage|p1a: Yanmega|7/100
|move|p1a: Yanmega|Air Slash|p2b: Ronin
|-supereffective|p2b: Ronin
|-damage|p2b: Ronin|0 fnt
|faint|p2b: Ronin
|
|-ability|p1a: Yanmega|Speed Boost|boost
|-boost|p1a: Yanmega|spe|1
|upkeep
|inactive|Trestkon has 30 seconds left.
|
|t:|1756320353
|switch|p2b: Dermezel|Indeedee-F, L50, F|28/100
|turn|3
|inactive|SuperPokeVGC has 30 seconds left.
|inactive|SuperPokeVGC has 20 seconds left.
|
|t:|1756320389
|-terastallize|p2a: Ursaluna|Normal
|move|p1a: Yanmega|Detect|p1a: Yanmega
|-singleturn|p1a: Yanmega|Protect
|move|p2a: Ursaluna|Blood Moon|p1b: Sinistcha
|-damage|p1b: Sinistcha|0 fnt
|faint|p1b: Sinistcha
|move|p2b: Dermezel|Psychic|p1a: Yanmega
|-activate|p1a: Yanmega|move: Protect
|
|-ability|p1a: Yanmega|Speed Boost|boost
|-boost|p1a: Yanmega|spe|1
|upkeep
|
|t:|1756320407
|switch|p1b: Garchomp|Garchomp, L50, M|100/100
|turn|4
|
|t:|1756320427
|move|p2b: Dermezel|Helping Hand|p2a: Ursaluna
|-singleturn|p2a: Ursaluna|Helping Hand|[of] p2b: Dermezel
|move|p1a: Yanmega|Detect||[still]
|-fail|p1a: Yanmega
|move|p2a: Ursaluna|Hyper Voice|p1a: Yanmega|[spread] p1a,p1b
|-damage|p1a: Yanmega|0 fnt
|-damage|p1b: Garchomp|14/100
|faint|p1a: Yanmega
|-enditem|p2a: Ursaluna|Throat Spray
|-boost|p2a: Ursaluna|spa|1|[from] item: Throat Spray
|move|p1b: Garchomp|Earthquake|p2a: Ursaluna|[spread] p2a,p2b
|-damage|p2a: Ursaluna|73/100
|-damage|p2b: Dermezel|0 fnt
|faint|p2b: Dermezel
|
|upkeep
|
|t:|1756320440
|switch|p2b: Dr. Love|Torkoal, L50, M|100/100
|switch|p1a: Tyranitar|Tyranitar, L50, M|100/100
|-weather|SunnyDay|[from] ability: Drought|[of] p2b: Dr. Love
|-weather|Sandstorm|[from] ability: Sand Stream|[of] p1a: Tyranitar
|turn|5
|
|t:|1756320456
|move|p1a: Tyranitar|Protect|p1a: Tyranitar
|-singleturn|p1a: Tyranitar|Protect
|move|p1b: Garchomp|Protect|p1b: Garchomp
|-singleturn|p1b: Garchomp|Protect
|move|p2b: Dr. Love|Weather Ball|p1a: Tyranitar
|-activate|p1a: Tyranitar|move: Protect
|move|p2a: Ursaluna|Hyper Voice|p1b: Garchomp|[spread] 
|-activate|p1a: Tyranitar|move: Protect
|-activate|p1b: Garchomp|move: Protect
|
|-weather|Sandstorm|[upkeep]
|-damage|p2b: Dr. Love|94/100|[from] Sandstorm
|-damage|p2a: Ursaluna|67/100|[from] Sandstorm
|-fieldend|move: Trick Room
|-fieldend|move: Psychic Terrain
|upkeep
|turn|6
|
|t:|1756320476
|-terastallize|p1a: Tyranitar|Flying
|move|p2a: Ursaluna|Protect|p2a: Ursaluna
|-singleturn|p2a: Ursaluna|Protect
|move|p1b: Garchomp|Earthquake|p2b: Dr. Love|[spread] p2b
|-activate|p2a: Ursaluna|move: Protect
|-immune|p1a: Tyranitar
|-supereffective|p2b: Dr. Love
|-damage|p2b: Dr. Love|32/100
|move|p1a: Tyranitar|Rock Slide|p2b: Dr. Love|[spread] p2b
|-activate|p2a: Ursaluna|move: Protect
|-supereffective|p2b: Dr. Love
|-damage|p2b: Dr. Love|0 fnt
|faint|p2b: Dr. Love
|-damage|p1a: Tyranitar|90/100|[from] item: Life Orb
|
|-weather|Sandstorm|[upkeep]
|-damage|p1a: Tyranitar|84/100|[from] Sandstorm
|-damage|p2a: Ursaluna|61/100|[from] Sandstorm
|upkeep
|turn|7
|
|t:|1756320490
|move|p1b: Garchomp|Earthquake|p2a: Ursaluna|[spread] p2a
|-immune|p1a: Tyranitar
|-damage|p2a: Ursaluna|35/100
|move|p1a: Tyranitar|Knock Off|p2a: Ursaluna
|-damage|p2a: Ursaluna|0 fnt
|faint|p2a: Ursaluna
|-damage|p1a: Tyranitar|74/100|[from] item: Life Orb
|
|win|SuperPokeVGC
||Trestkon is ready for game 2.
||SuperPokeVGC is ready for game 2.
|uhtml|next|Next: Game 2 of 3
