|j|☆MrTedno
|j|☆MobiusVGC
|html|MrTednoMobiusVGC    
|uhtml|bestof|Game 1 of a best-of-3
|t:|1756722820
|gametype|doubles
|player|p1|MrTedno|barry|1136
|player|p2|MobiusVGC|gentleman-gen4dp|1076
|gen|9
|tier|[Gen 9] VGC 2025 Reg H (Bo3)
|rated|
|rule|Species Clause: Limit one of each Pokémon
|rule|Item Clause: Limit 1 of each item
|clearpoke
|poke|p1|Dondozo, L50, F|
|poke|p1|Tatsugiri, L50, M|
|poke|p1|Politoed, L50, F|
|poke|p1|Archaludon, L50, M|
|poke|p1|Rillaboom, L50, M|
|poke|p1|Sneasler, L50, M|
|poke|p2|Hydreigon, L50, M|
|poke|p2|Gholdengo, L50|
|poke|p2|Amoonguss, L50, F|
|poke|p2|Incineroar, L50, M|
|poke|p2|Garchomp, L50, M|
|poke|p2|Sneasler, L50, M|
|teampreview|4
|showteam|p1|Dondozo||LifeOrb|Unaware|Surf,SleepTalk,Protect|||F|||50|,,,,,Water]Tatsugiri||FocusSash|Commander|MuddyWater,DracoMeteor,Taunt,Protect|||M|||50|,,,,,Stellar]Politoed||SitrusBerry|Drizzle|WeatherBall,IceBeam,Haze,Protect|||F|||50|,,,,,Steel]Archaludon||AssaultVest|Stamina|ElectroShot,FlashCannon,DragonPulse,BodyPress|||M|||50|,,,,,Grass]Rillaboom||LoadedDice|GrassySurge|FakeOut,GrassyGlide,HighHorsepower,BulletSeed|||M|||50|,,,,,Grass]Sneasler||GrassySeed|Unburden|DireClaw,CloseCombat,ThroatChop,Protect|||M|||50|,,,,,Dark
|showteam|p2|Hydreigon||CovertCloak|Levitate|DracoMeteor,Snarl,Tailwind,Taunt|||M|||50|,,,,,Ghost]Gholdengo||MetalCoat|GoodasGold|MakeItRain,ShadowBall,NastyPlot,Protect||||||50|,,,,,Flying]Amoonguss||RockyHelmet|Regenerator|PollenPuff,Spore,RagePowder,Protect|||F|||50|,,,,,Fairy]Incineroar||SafetyGoggles|Intimidate|FlareBlitz,KnockOff,FakeOut,PartingShot|||M|||50|,,,,,Ghost]Garchomp||ClearAmulet|RoughSkin|Earthquake,DragonClaw,StompingTantrum,Protect|||M|||50|,,,,,Fire]Sneasler||FocusSash|Unburden|CloseCombat,DireClaw,Coaching,Protect|||M|||50|,,,,,Flying
|inactive|Battle timer is ON: inactive players will automatically lose when time's up. (requested by MrTedno)
|
|t:|1756722943
|teamsize|p1|4
|teamsize|p2|4
|start
|switch|p1a: Kwazii|Dondozo, L50, F|100/100
|switch|p1b: Tweak|Politoed, L50, F|100/100
|switch|p2a: Hydreigon|Hydreigon, L50, M|100/100
|switch|p2b: Incineroar|Incineroar, L50, M|100/100
|-weather|RainDance|[from] ability: Drizzle|[of] p1b: Tweak
|-ability|p2b: Incineroar|Intimidate|boost
|-unboost|p1a: Kwazii|atk|1
|-unboost|p1b: Tweak|atk|1
|turn|1
|
|t:|1756722959
|switch|p2b: Amoonguss|Amoonguss, L50, F|100/100
|move|p1a: Kwazii|Protect|p1a: Kwazii
|-singleturn|p1a: Kwazii|Protect
|move|p2a: Hydreigon|Snarl|p1a: Kwazii|[spread] p1b
|-activate|p1a: Kwazii|move: Protect
|-damage|p1b: Tweak|87/100
|-unboost|p1b: Tweak|spa|1
|move|p1b: Tweak|Ice Beam|p2a: Hydreigon
|-supereffective|p2a: Hydreigon
|-damage|p2a: Hydreigon|75/100
|
|-weather|RainDance|[upkeep]
|upkeep
|turn|2
|
|t:|1756722980
|switch|p1b: Peso|Tatsugiri, L50, M|100/100
|-activate|p1b: Peso|ability: Commander|[of] p1a: Kwazii
|-boost|p1a: Kwazii|atk|2
|-boost|p1a: Kwazii|spa|2
|-boost|p1a: Kwazii|spe|2
|-boost|p1a: Kwazii|def|2
|-boost|p1a: Kwazii|spd|2
|-terastallize|p1a: Kwazii|Water
|move|p1a: Kwazii|Surf|p2a: Hydreigon|[spread] p2a,p2b
|-miss|p1a: Kwazii|p1b: Peso
|-resisted|p2a: Hydreigon
|-resisted|p2b: Amoonguss
|-damage|p2a: Hydreigon|22/100
|-damage|p2b: Amoonguss|49/100
|-damage|p1a: Kwazii|91/100|[from] item: Life Orb
|move|p2a: Hydreigon|Snarl|p1b: Peso|[spread] p1a
|-miss|p2a: Hydreigon|p1b: Peso
|-damage|p1a: Kwazii|81/100
|-unboost|p1a: Kwazii|spa|1
|move|p2b: Amoonguss|Spore|p1a: Kwazii
|-status|p1a: Kwazii|slp|[from] move: Spore
|
|-weather|RainDance|[upkeep]
|upkeep
|turn|3
|inactive|MobiusVGC has 30 seconds left.
|
|t:|1756723005
|cant|p1a: Kwazii|slp
|move|p1a: Kwazii|Sleep Talk|p1a: Kwazii
|move|p1a: Kwazii|Protect|p1a: Kwazii|[from] move: Sleep Talk
|-singleturn|p1a: Kwazii|Protect
|move|p2a: Hydreigon|Snarl|p1a: Kwazii|[spread] 
|-miss|p2a: Hydreigon|p1b: Peso
|-activate|p1a: Kwazii|move: Protect
|move|p2b: Amoonguss|Pollen Puff|p2a: Hydreigon
|-heal|p2a: Hydreigon|71/100
|
|-weather|RainDance|[upkeep]
|upkeep
|turn|4
|
|t:|1756723019
|-curestatus|p1a: Kwazii|slp|[msg]
|move|p1a: Kwazii|Sleep Talk||[still]
|-fail|p1a: Kwazii
|move|p2a: Hydreigon|Snarl|p1b: Peso|[spread] p1a
|-miss|p2a: Hydreigon|p1b: Peso
|-damage|p1a: Kwazii|72/100
|-unboost|p1a: Kwazii|spa|1
|move|p2b: Amoonguss|Spore|p1a: Kwazii
|-status|p1a: Kwazii|slp|[from] move: Spore
|
|-weather|RainDance|[upkeep]
|upkeep
|turn|5
|
|t:|1756723038
|cant|p1a: Kwazii|slp
|move|p1a: Kwazii|Sleep Talk|p1a: Kwazii
|move|p1a: Kwazii|Protect|p1a: Kwazii|[from] move: Sleep Talk
|-singleturn|p1a: Kwazii|Protect
|move|p2a: Hydreigon|Draco Meteor|p1a: Kwazii
|-activate|p1a: Kwazii|move: Protect
|move|p2b: Amoonguss|Pollen Puff|p2a: Hydreigon
|-heal|p2a: Hydreigon|100/100
|
|-weather|none
|upkeep
|turn|6
|
|t:|1756723054
|move|p2b: Amoonguss|Protect|p2b: Amoonguss
|-singleturn|p2b: Amoonguss|Protect
|-curestatus|p1a: Kwazii|slp|[msg]
|move|p1a: Kwazii|Surf|p2b: Amoonguss|[spread] p2a
|-miss|p1a: Kwazii|p1b: Peso
|-activate|p2b: Amoonguss|move: Protect
|-resisted|p2a: Hydreigon
|-damage|p2a: Hydreigon|83/100
|-damage|p1a: Kwazii|62/100|[from] item: Life Orb
|move|p2a: Hydreigon|Snarl|p1b: Peso|[spread] p1a
|-miss|p2a: Hydreigon|p1b: Peso
|-damage|p1a: Kwazii|53/100
|-unboost|p1a: Kwazii|spa|1
|
|upkeep
|turn|7
|
|t:|1756723072
|move|p1a: Kwazii|Surf|p2a: Hydreigon|[spread] p2a,p2b
|-miss|p1a: Kwazii|p1b: Peso
|-resisted|p2a: Hydreigon
|-resisted|p2b: Amoonguss
|-crit|p2b: Amoonguss
|-damage|p2a: Hydreigon|69/100
|-damage|p2b: Amoonguss|22/100
|-damage|p1a: Kwazii|43/100|[from] item: Life Orb
|move|p2a: Hydreigon|Taunt|p1a: Kwazii
|-start|p1a: Kwazii|move: Taunt
|move|p2b: Amoonguss|Spore|p1a: Kwazii
|-status|p1a: Kwazii|slp|[from] move: Spore
|
|upkeep
|turn|8
|
|t:|1756723085
|switch|p2b: Incineroar|Incineroar, L50, M|100/100
|-ability|p2b: Incineroar|Intimidate|boost
|-unboost|p1a: Kwazii|atk|1
|-unboost|p1b: Peso|atk|1
|cant|p1a: Kwazii|slp
|move|p2a: Hydreigon|Draco Meteor|p1a: Kwazii
|-damage|p1a: Kwazii|11/100 slp
|-unboost|p2a: Hydreigon|spa|2
|
|upkeep
|turn|9
|
|t:|1756723098
|-curestatus|p1a: Kwazii|slp|[msg]
|move|p1a: Kwazii|Surf|p2a: Hydreigon|[spread] p2a,p2b
|-miss|p1a: Kwazii|p1b: Peso
|-resisted|p2a: Hydreigon
|-supereffective|p2b: Incineroar
|-damage|p2a: Hydreigon|57/100
|-damage|p2b: Incineroar|57/100
|-damage|p1a: Kwazii|1/100|[from] item: Life Orb
|move|p2a: Hydreigon|Draco Meteor|p1a: Kwazii
|-damage|p1a: Kwazii|0 fnt
|-unboost|p2a: Hydreigon|spa|2
|faint|p1a: Kwazii
|move|p2b: Incineroar|Parting Shot|p1b: Peso
|-unboost|p1b: Peso|atk|1
|-unboost|p1b: Peso|spa|1
|
|t:|1756723115
|switch|p2b: Gholdengo|Gholdengo, L50|100/100|[from] Parting Shot
|
|upkeep
|inactive|MrTedno has 30 seconds left.
|
|t:|1756723148
|switch|p1a: Shellington|Sneasler, L50, M|100/100
|turn|10
|inactive|MrTedno has 30 seconds left.
|
|t:|1756723177
|switch|p2a: Incineroar|Incineroar, L50, M|57/100
|-ability|p2a: Incineroar|Intimidate|boost
|-unboost|p1a: Shellington|atk|1
|-unboost|p1b: Peso|atk|1
|move|p1a: Shellington|Throat Chop|p2a: Incineroar
|-resisted|p2a: Incineroar
|-damage|p2a: Incineroar|50/100
|-start|p2a: Incineroar|Throat Chop|[silent]
|move|p1b: Peso|Draco Meteor|p2a: Incineroar
|-damage|p2a: Incineroar|16/100
|-unboost|p1b: Peso|spa|2
|move|p2b: Gholdengo|Nasty Plot|p2b: Gholdengo
|-boost|p2b: Gholdengo|spa|2
|
|upkeep
|turn|11
|
|t:|1756723194
|switch|p1b: Tweak|Politoed, L50, F|87/100
|-weather|RainDance|[from] ability: Drizzle|[of] p1b: Tweak
|switch|p2a: Hydreigon|Hydreigon, L50, M|57/100
|move|p1a: Shellington|Protect|p1a: Shellington
|-singleturn|p1a: Shellington|Protect
|move|p2b: Gholdengo|Shadow Ball|p1a: Shellington
|-activate|p1a: Shellington|move: Protect
|
|-weather|RainDance|[upkeep]
|upkeep
|turn|12
|inactive|MrTedno has 30 seconds left.
|inactive|MrTedno has 20 seconds left.
|inactive|MrTedno has 15 seconds left.
|inactive|MrTedno has 10 seconds left.
|
|t:|1756723241
|-terastallize|p2a: Hydreigon|Ghost
|move|p2b: Gholdengo|Protect|p2b: Gholdengo
|-singleturn|p2b: Gholdengo|Protect
|move|p1a: Shellington|Dire Claw|p2a: Hydreigon
|-resisted|p2a: Hydreigon
|-damage|p2a: Hydreigon|45/100
|move|p2a: Hydreigon|Tailwind|p2a: Hydreigon
|-sidestart|p2: MobiusVGC|move: Tailwind
|move|p1b: Tweak|Weather Ball|p2b: Gholdengo
|-activate|p2b: Gholdengo|move: Protect
|
|-weather|RainDance|[upkeep]
|upkeep
|turn|13
|
|t:|1756723261
|move|p1a: Shellington|Protect|p1a: Shellington
|-singleturn|p1a: Shellington|Protect
|move|p2a: Hydreigon|Snarl|p1a: Shellington|[spread] p1b
|-activate|p1a: Shellington|move: Protect
|-damage|p1b: Tweak|75/100
|-unboost|p1b: Tweak|spa|1
|move|p2b: Gholdengo|Shadow Ball|p1b: Tweak
|-damage|p1b: Tweak|12/100
|-enditem|p1b: Tweak|Sitrus Berry|[eat]
|-heal|p1b: Tweak|37/100|[from] item: Sitrus Berry
|move|p1b: Tweak|Weather Ball|p2a: Hydreigon
|-damage|p2a: Hydreigon|12/100
|
|-weather|RainDance|[upkeep]
|upkeep
|turn|14
|inactive|MrTedno has 30 seconds left.
|
|t:|1756723295
|move|p1b: Tweak|Protect|p1b: Tweak
|-singleturn|p1b: Tweak|Protect
|move|p2a: Hydreigon|Draco Meteor|p1b: Tweak
|-activate|p1b: Tweak|move: Protect
|move|p2b: Gholdengo|Shadow Ball|p1a: Shellington
|-damage|p1a: Shellington|0 fnt
|faint|p1a: Shellington
|
|-weather|RainDance|[upkeep]
|upkeep
|
|t:|1756723301
|switch|p1a: Peso|Tatsugiri, L50, M|100/100
|turn|15
|
|t:|1756723314
|move|p1a: Peso|Protect|p1a: Peso
|-singleturn|p1a: Peso|Protect
|move|p1b: Tweak|Protect|p1b: Tweak
|-singleturn|p1b: Tweak|Protect
|move|p2a: Hydreigon|Snarl|p1a: Peso|[spread] 
|-activate|p1a: Peso|move: Protect
|-activate|p1b: Tweak|move: Protect
|move|p2b: Gholdengo|Make It Rain|p1b: Tweak|[spread] 
|-activate|p1a: Peso|move: Protect
|-activate|p1b: Tweak|move: Protect
|
|-weather|none
|-sideend|p2: MobiusVGC|move: Tailwind
|upkeep
|turn|16
|-message|MrTedno forfeited.
|
|win|MobiusVGC
||MrTedno is ready for game 2.
||MobiusVGC is ready for game 2.
|uhtml|next|Next: Game 2 of 3
|l|☆MobiusVGC
|player|p2|
