|j|☆JCosio
|j|☆holo-lyte
|html|JCosioholo-lyte    
|uhtml|bestof|Game 1 of a best-of-3
|t:|1783648603
|gametype|doubles
|player|p1|JCosio|fisherman-gen4|1161
|player|p2|holo-lyte|avery|1086
|gen|9
|tier|[Gen 9 Champions] VGC 2026 Reg M-B (Bo3)
|rated|
|rule|Species Clause: Limit one of each Pokémon
|rule|Item Clause: Limit 1 of each item
|clearpoke
|poke|p1|Whimsicott, L50, F|
|poke|p1|Charizard, L50, F|
|poke|p1|Sneasler, L50, F|
|poke|p1|Garchomp, L50, M|
|poke|p1|Kingambit, L50, F|
|poke|p1|Farigiraf, L50, M|
|poke|p2|Blaziken, L50, F|
|poke|p2|Milotic, L50, M|
|poke|p2|Whimsicott, L50, M|
|poke|p2|Sinistcha-Masterpiece, L50|
|poke|p2|Lycanroc-Dusk, L50, M, shiny|
|poke|p2|Dragapult, L50, F|
|teampreview|4
|showteam|p1|Whimsicott||FocusSash|Prankster|Protect,Encore,Tailwind,Moonblast|Timid||F|||50|]Charizard||CharizarditeY|Blaze|SolarBeam,WeatherBall,Protect,HeatWave|Timid||F|||50|]Sneasler||WhiteHerb|Unburden|DireClaw,CloseCombat,FakeOut,Protect|Jolly||F|||50|]Garchomp||LifeOrb|RoughSkin|Protect,DragonClaw,Earthquake,RockSlide|Jolly||M|||50|]Kingambit||BlackGlasses|Defiant|KowtowCleave,IronHead,SuckerPunch,Protect|Adamant||F|||50|]Farigiraf||SitrusBerry|ArmorTail|TrickRoom,HyperVoice,Psychic,HelpingHand|Modest||M|||50|
|showteam|p2|Blaziken||Blazikenite|SpeedBoost|FlareBlitz,CloseCombat,UpperHand,Protect|Adamant||F|||50|]Milotic||LifeOrb|Competitive|Surf,LifeDew,AlluringVoice,IceBeam|Modest||M|||50|]Whimsicott||FocusSash|Prankster|Tailwind,SunnyDay,Taunt,DazzlingGleam|Modest||M|||50|]Sinistcha-Masterpiece||SitrusBerry|Hospitality|StrengthSap,MatchaGotcha,Protect,ShadowBall|Modest|||||50|]Lycanroc-Dusk||BrightPowder|ToughClaws|RockSlide,Crunch,Accelerock,DrillRun|Adamant||M|||50|]Dragapult||ExpertBelt|Infiltrator|DragonDarts,PhantomForce,PsychicFangs,WillOWisp|Jolly||F|||50|
|inactive|Battle timer is ON: inactive players will automatically lose when time's up. (requested by holo-lyte)
|inactive|JCosio has 60 seconds left.
|inactive|JCosio has 30 seconds left.
|c|☆holo-lyte|ehem
|
|t:|1783648667
|teamsize|p1|4
|teamsize|p2|4
|start
|switch|p1a: Whimsicott|Whimsicott, L50, F|100/100
|switch|p1b: Sneasler|Sneasler, L50, F|100/100
|switch|p2a: Whimsicott|Whimsicott, L50, M|100/100
|switch|p2b: Blaziken|Blaziken, L50, F|100/100
|turn|1
|
|t:|1783648682
|detailschange|p2b: Blaziken|Blaziken-Mega, L50, F
|-mega|p2b: Blaziken|Blaziken|Blazikenite
|move|p1b: Sneasler|Fake Out|p2a: Whimsicott
|-damage|p2a: Whimsicott|79/100
|move|p2b: Blaziken|Upper Hand||[still]
|-fail|p2b: Blaziken
|move|p1a: Whimsicott|Tailwind|p1a: Whimsicott
|-sidestart|p1: JCosio|move: Tailwind
|cant|p2a: Whimsicott|flinch
|
|-ability|p2b: Blaziken|Speed Boost|boost
|-boost|p2b: Blaziken|spe|1
|upkeep
|turn|2
|c|☆holo-lyte|?
|c|☆holo-lyte|oh nvm
|inactive|JCosio has 30 seconds left.
|inactive|holo-lyte has 30 seconds left.
|c|☆holo-lyte|i thought my whimsicot activated
|inactive|JCosio has 20 seconds left.
|
|t:|1783648720
|move|p2b: Blaziken|Protect|p2b: Blaziken
|-singleturn|p2b: Blaziken|Protect
|move|p1a: Whimsicott|Encore|p2b: Blaziken
|-activate|p2b: Blaziken|move: Protect
|move|p2a: Whimsicott|Tailwind|p2a: Whimsicott
|-sidestart|p2: holo-lyte|move: Tailwind
|move|p1b: Sneasler|Dire Claw|p2a: Whimsicott
|-supereffective|p2a: Whimsicott|2
|-damage|p2a: Whimsicott|0 fnt
|faint|p2a: Whimsicott
|
|-ability|p2b: Blaziken|Speed Boost|boost
|-boost|p2b: Blaziken|spe|1
|upkeep
|
|t:|1783648742
|switch|p2a: Milotic|Milotic, L50, M|100/100
|turn|3
|
|t:|1783648753
|move|p1a: Whimsicott|Encore|p2b: Blaziken
|-start|p2b: Blaziken|Encore
|move|p2b: Blaziken|Protect||[still]
|-fail|p2b: Blaziken
|move|p1b: Sneasler|Dire Claw|p2a: Milotic
|-damage|p2a: Milotic|55/100
|-status|p2a: Milotic|par
|move|p2a: Milotic|Ice Beam|p1a: Whimsicott
|-supereffective|p1a: Whimsicott|1
|-enditem|p1a: Whimsicott|Focus Sash
|-damage|p1a: Whimsicott|1/100
|-damage|p2a: Milotic|45/100 par|[from] item: Life Orb
|
|-ability|p2b: Blaziken|Speed Boost|boost
|-boost|p2b: Blaziken|spe|1
|upkeep
|turn|4
|inactive|JCosio has 30 seconds left.
|inactive|JCosio has 20 seconds left.
|
|t:|1783648790
|move|p2b: Blaziken|Protect|p2b: Blaziken
|-singleturn|p2b: Blaziken|Protect
|move|p1b: Sneasler|Dire Claw|p2a: Milotic
|-damage|p2a: Milotic|1/100 par
|move|p1a: Whimsicott|Moonblast|p2a: Milotic
|-damage|p2a: Milotic|0 fnt
|faint|p2a: Milotic
|
|-sideend|p1: JCosio|move: Tailwind
|-ability|p2b: Blaziken|Speed Boost|boost
|-boost|p2b: Blaziken|spe|1
|upkeep
|
|t:|1783648798
|switch|p2a: Dragapult|Dragapult, L50, F|100/100
|turn|5
|
|t:|1783648821
|move|p2b: Blaziken|Protect|p2b: Blaziken
|-singleturn|p2b: Blaziken|Protect
|move|p1b: Sneasler|Protect|p1b: Sneasler
|-singleturn|p1b: Sneasler|Protect
|move|p1a: Whimsicott|Tailwind|p1a: Whimsicott
|-sidestart|p1: JCosio|move: Tailwind
|move|p2a: Dragapult|Phantom Force||[still]
|-prepare|p2a: Dragapult|Phantom Force
|
|-end|p2b: Blaziken|Encore
|-sideend|p2: holo-lyte|move: Tailwind
|-ability|p2b: Blaziken|Speed Boost|boost
|-boost|p2b: Blaziken|spe|1
|upkeep
|turn|6
|
|t:|1783648841
|move|p1a: Whimsicott|Encore|p2b: Blaziken
|-start|p2b: Blaziken|Encore
|move|p2b: Blaziken|Protect||[still]
|-fail|p2b: Blaziken
|move|p1b: Sneasler|Dire Claw|p2b: Blaziken
|-damage|p2b: Blaziken|48/100
|move|p2a: Dragapult|Phantom Force|p1a: Whimsicott|[from] lockedmove
|-damage|p1a: Whimsicott|0 fnt
|faint|p1a: Whimsicott
|
|-ability|p2b: Blaziken|Speed Boost|boost
|-boost|p2b: Blaziken|spe|1
|upkeep
|
|t:|1783648860
|switch|p1a: Garchomp|Garchomp, L50, M|100/100
|turn|7
|
|t:|1783648876
|move|p2b: Blaziken|Protect|p2b: Blaziken
|-singleturn|p2b: Blaziken|Protect
|move|p1b: Sneasler|Dire Claw|p2a: Dragapult
|-resisted|p2a: Dragapult|1
|-damage|p2a: Dragapult|69/100
|-status|p2a: Dragapult|par
|move|p1a: Garchomp|Dragon Claw|p2a: Dragapult
|-supereffective|p2a: Dragapult|1
|-damage|p2a: Dragapult|0 fnt
|faint|p2a: Dragapult
|-damage|p1a: Garchomp|90/100|[from] item: Life Orb
|
|upkeep
|turn|8
|
|t:|1783648896
|move|p2b: Blaziken|Protect||[still]
|-fail|p2b: Blaziken
|move|p1b: Sneasler|Dire Claw|p2b: Blaziken
|-damage|p2b: Blaziken|0 fnt
|faint|p2b: Blaziken
|
|win|JCosio
||holo-lyte is ready for game 2.
||JCosio is ready for game 2.
|uhtml|next|Next: Game 2 of 3
|l|☆holo-lyte
|player|p2|
