|j|☆KrisKiwii
|j|☆cobalionjb
|html|KrisKiwiicobalionjb    
|uhtml|bestof|Game 2 of a best-of-3
|t:|1783357826
|gametype|doubles
|player|p1|KrisKiwii|acetrainerf-gen4dp|
|player|p2|cobalionjb|2|
|gen|9
|tier|[Gen 9 Champions] VGC 2026 Reg M-B (Bo3)
|rule|Species Clause: Limit one of each Pokémon
|rule|Item Clause: Limit 1 of each item
|clearpoke
|poke|p1|Metagross, L50, shiny|
|poke|p1|Charizard, L50, M, shiny|
|poke|p1|Incineroar, L50, F, shiny|
|poke|p1|Garchomp, L50, F, shiny|
|poke|p1|Hydreigon, L50, F, shiny|
|poke|p1|Toxapex, L50, M, shiny|
|poke|p2|Charizard, L50, M|
|poke|p2|Kingambit, L50, M|
|poke|p2|Basculegion, L50, M|
|poke|p2|Garchomp, L50, M|
|poke|p2|Whimsicott, L50, F|
|poke|p2|Floette-Eternal, L50, F|
|teampreview|4
|showteam|p1|Metagross||Metagrossite|ClearBody|IronHead,PsychicFangs,BodyPress,Protect|Jolly|||||50|]Charizard||CharizarditeY|Blaze|HeatWave,WeatherBall,SolarBeam,Protect|Timid||M|||50|]Incineroar||SitrusBerry|Intimidate|FlareBlitz,ThroatChop,FakeOut,PartingShot|Impish||F|||50|]Garchomp||LifeOrb|RoughSkin|Earthquake,DragonClaw,RockSlide,Protect|Jolly||F|||50|]Hydreigon||ChoiceScarf|Levitate|DracoMeteor,DarkPulse,Snarl,HeatWave|Modest||F|||50|]Toxapex||Leftovers|Regenerator|Infestation,WideGuard,Toxic,BanefulBunker|Bold||M|||50|
|showteam|p2|Charizard||CharizarditeY|Blaze|WeatherBall,HeatWave,SolarBeam,Protect|Modest||M|||50|]Kingambit||BlackGlasses|Defiant|KowtowCleave,SuckerPunch,SwordsDance,Protect|Adamant||M|||50|]Basculegion||ChoiceScarf|Adaptability|WaveCrash,FlipTurn,AquaJet,LastRespects|Adamant||M|||50|]Garchomp||LifeOrb|RoughSkin|DragonClaw,Earthquake,RockSlide,Protect|Jolly||M|||50|]Whimsicott||FocusSash|Prankster|Moonblast,Tailwind,Encore,Protect|Timid||F|||50|]Floette-Eternal||Floettite|FlowerVeil|DazzlingGleam,Moonblast,LightofRuin,Protect|Modest||F|||50|
|inactive|Battle timer is ON: inactive players will automatically lose when time's up. (requested by KrisKiwii)
|j| PaniniWeenie
|j| escaperoomvgc
|j| FBISurveillanceMan
|j| jpievgc
|j| RadiantSteelix
|j| MrGardnHose
|j| Subzan
|j| iiFWM
|l| RadiantSteelix
|j| Jim9174
|j| RadiantSteelix
|inactive|KrisKiwii has 60 seconds left.
|inactive|cobalionjb has 60 seconds left.
|j| N3_ArieL
|inactive|cobalionjb has 30 seconds left.
|inactive|cobalionjb has 20 seconds left.
|l| jpievgc
|inactive|cobalionjb has 15 seconds left.
|
|t:|1783357902
|teamsize|p1|4
|teamsize|p2|4
|start
|switch|p1a: Xaria|Charizard, L50, M, shiny|100/100
|switch|p1b: Cherry|Toxapex, L50, M, shiny|100/100
|switch|p2a: Whimsicott|Whimsicott, L50, F|100/100
|switch|p2b: edm|Floette-Eternal, L50, F|100/100
|turn|1
|
|t:|1783357913
|switch|p2b: deaf note|Garchomp, L50, M|100/100
|detailschange|p1a: Xaria|Charizard-Mega-Y, L50, M, shiny
|-mega|p1a: Xaria|Charizard|Charizardite Y
|-weather|SunnyDay|[from] ability: Drought|[of] p1a: Xaria
|move|p2a: Whimsicott|Protect|p2a: Whimsicott
|-singleturn|p2a: Whimsicott|Protect
|move|p1a: Xaria|Heat Wave|p2b: deaf note|[spread] p2b
|-activate|p2a: Whimsicott|move: Protect
|-resisted|p2b: deaf note|1
|-damage|p2b: deaf note|69/100
|move|p1b: Cherry|Infestation|p2b: deaf note
|-damage|p2b: deaf note|65/100
|-activate|p2b: deaf note|move: Infestation|[of] p1b: Cherry
|-damage|p1b: Cherry|87/100|[from] ability: Rough Skin|[of] p2b: deaf note
|
|-weather|SunnyDay|[upkeep]
|-heal|p1b: Cherry|93/100|[from] item: Leftovers
|-damage|p2b: deaf note|53/100|[from] move: Infestation|[partiallytrapped]
|upkeep
|turn|2
|
|t:|1783357936
|switch|p1a: Ol' Reliable|Incineroar, L50, F, shiny|100/100
|-ability|p1a: Ol' Reliable|Intimidate|boost
|-unboost|p2a: Whimsicott|atk|1
|-unboost|p2b: deaf note|atk|1
|move|p2a: Whimsicott|Tailwind|p2a: Whimsicott
|-sidestart|p2: cobalionjb|move: Tailwind
|move|p2b: deaf note|Dragon Claw|p1a: Ol' Reliable
|-damage|p1a: Ol' Reliable|72/100
|-damage|p2b: deaf note|43/100|[from] item: Life Orb
|move|p1b: Cherry|Infestation|p2a: Whimsicott
|-damage|p2a: Whimsicott|94/100
|-activate|p2a: Whimsicott|move: Infestation|[of] p1b: Cherry
|
|-weather|SunnyDay|[upkeep]
|-heal|p1b: Cherry|99/100|[from] item: Leftovers
|-damage|p2a: Whimsicott|82/100|[from] move: Infestation|[partiallytrapped]
|-damage|p2b: deaf note|31/100|[from] move: Infestation|[partiallytrapped]
|upkeep
|turn|3
|j| jpievgc
|
|t:|1783357950
|move|p2a: Whimsicott|Protect|p2a: Whimsicott
|-singleturn|p2a: Whimsicott|Protect
|move|p1b: Cherry|Wide Guard|p1b: Cherry
|-singleturn|p1b: Cherry|Wide Guard
|move|p2b: deaf note|Earthquake|p1a: Ol' Reliable|[spread] 
|-activate|p1a: Ol' Reliable|move: Wide Guard
|-activate|p1b: Cherry|move: Wide Guard
|-activate|p2a: Whimsicott|move: Protect
|move|p1a: Ol' Reliable|Parting Shot|p2a: Whimsicott
|-activate|p2a: Whimsicott|move: Protect
|
|-weather|SunnyDay|[upkeep]
|-heal|p1b: Cherry|100/100|[from] item: Leftovers
|-damage|p2a: Whimsicott|70/100|[from] move: Infestation|[partiallytrapped]
|-damage|p2b: deaf note|18/100|[from] move: Infestation|[partiallytrapped]
|upkeep
|turn|4
|
|t:|1783357970
|move|p1b: Cherry|Wide Guard|p1b: Cherry
|-singleturn|p1b: Cherry|Wide Guard
|move|p2a: Whimsicott|Encore|p1b: Cherry
|-start|p1b: Cherry|Encore
|move|p2b: deaf note|Dragon Claw|p1a: Ol' Reliable
|-damage|p1a: Ol' Reliable|44/100
|-enditem|p1a: Ol' Reliable|Sitrus Berry|[eat]
|-heal|p1a: Ol' Reliable|69/100|[from] item: Sitrus Berry
|-damage|p2b: deaf note|9/100|[from] item: Life Orb
|move|p1a: Ol' Reliable|Parting Shot|p2b: deaf note
|-unboost|p2b: deaf note|atk|1
|-unboost|p2b: deaf note|spa|1
|
|t:|1783357977
|switch|p1a: Xaria|Charizard-Mega-Y, L50, M, shiny|100/100|[from] Parting Shot
|
|-weather|SunnyDay|[upkeep]
|-damage|p2a: Whimsicott|57/100|[from] move: Infestation|[partiallytrapped]
|-damage|p2b: deaf note|0 fnt|[from] move: Infestation|[partiallytrapped]
|faint|p2b: deaf note
|upkeep
|
|t:|1783357983
|switch|p2b: edm|Floette-Eternal, L50, F|100/100
|turn|5
|
|t:|1783357997
|switch|p1b: Ol' Reliable|Incineroar, L50, F, shiny|69/100
|-ability|p1b: Ol' Reliable|Intimidate|boost
|-block|p2a: Whimsicott|ability: Flower Veil|[of] p2b: edm
|-unboost|p2b: edm|atk|1
|detailschange|p2b: edm|Floette-Mega, L50, F
|-mega|p2b: edm|Floette|Floettite
|-ability|p2b: edm|Fairy Aura
|move|p2a: Whimsicott|Moonblast|p1a: Xaria
|-resisted|p1a: Xaria|1
|-damage|p1a: Xaria|80/100
|move|p2b: edm|Light of Ruin|p1a: Xaria
|-resisted|p1a: Xaria|1
|-damage|p1a: Xaria|27/100
|-damage|p2b: edm|73/100|[from] Recoil
|move|p1a: Xaria|Heat Wave|p2a: Whimsicott|[spread] p2a,p2b
|-supereffective|p2a: Whimsicott|1
|-damage|p2a: Whimsicott|0 fnt
|-damage|p2b: edm|29/100
|faint|p2a: Whimsicott
|
|-weather|none
|-sideend|p2: cobalionjb|move: Tailwind
|upkeep
|
|t:|1783358001
|switch|p2a: shadeson|Kingambit, L50, M|100/100
|turn|6
|
|t:|1783358018
|move|p2b: edm|Protect|p2b: edm
|-singleturn|p2b: edm|Protect
|move|p2a: shadeson|Protect|p2a: shadeson
|-singleturn|p2a: shadeson|Protect
|move|p1b: Ol' Reliable|Fake Out|p2a: shadeson
|-activate|p2a: shadeson|move: Protect
|move|p1a: Xaria|Heat Wave|p2b: edm|[spread] 
|-activate|p2a: shadeson|move: Protect
|-activate|p2b: edm|move: Protect
|
|upkeep
|turn|7
|
|t:|1783358033
|move|p2a: shadeson|Sucker Punch|p1a: Xaria
|-damage|p1a: Xaria|0 fnt
|faint|p1a: Xaria
|move|p2b: edm|Moonblast|p1b: Ol' Reliable
|-damage|p1b: Ol' Reliable|10/100
|move|p1b: Ol' Reliable|Parting Shot|p2b: edm
|-unboost|p2b: edm|atk|1
|-unboost|p2b: edm|spa|1
|
|t:|1783358039
|switch|p1b: Cherry|Toxapex, L50, M, shiny|100/100|[from] Parting Shot
|
|upkeep
|
|t:|1783358040
|switch|p1a: Jarrkhan|Garchomp, L50, F, shiny|100/100
|turn|8
|
|t:|1783358048
|move|p2b: edm|Protect|p2b: edm
|-singleturn|p2b: edm|Protect
|move|p1b: Cherry|Wide Guard|p1b: Cherry
|-singleturn|p1b: Cherry|Wide Guard
|move|p1a: Jarrkhan|Earthquake|p2a: shadeson|[spread] p2a
|-activate|p1b: Cherry|move: Wide Guard
|-activate|p2b: edm|move: Protect
|-supereffective|p2a: shadeson|1
|-damage|p2a: shadeson|23/100
|-damage|p1a: Jarrkhan|90/100|[from] item: Life Orb
|move|p2a: shadeson|Swords Dance|p2a: shadeson
|-boost|p2a: shadeson|atk|2
|
|upkeep
|turn|9
|j| Gdrampa
|j| DinomiteVGC
|
|t:|1783358065
|move|p1a: Jarrkhan|Rock Slide|p2b: edm|[spread] p2a,p2b
|-resisted|p2a: shadeson|1
|-damage|p2a: shadeson|13/100
|-damage|p2b: edm|7/100
|-damage|p1a: Jarrkhan|80/100|[from] item: Life Orb
|cant|p2b: edm|flinch
|move|p2a: shadeson|Kowtow Cleave|p1b: Cherry
|-damage|p1b: Cherry|19/100
|move|p1b: Cherry|Infestation|p2a: shadeson
|-damage|p2a: shadeson|9/100
|-activate|p2a: shadeson|move: Infestation|[of] p1b: Cherry
|
|-heal|p1b: Cherry|25/100|[from] item: Leftovers
|-damage|p2a: shadeson|0 fnt|[from] move: Infestation|[partiallytrapped]
|faint|p2a: shadeson
|upkeep
|turn|10
|
|t:|1783358080
|move|p1b: Cherry|Wide Guard|p1b: Cherry
|-singleturn|p1b: Cherry|Wide Guard
|move|p1a: Jarrkhan|Earthquake|p2b: edm|[spread] p2b
|-activate|p1b: Cherry|move: Wide Guard
|-damage|p2b: edm|0 fnt
|faint|p2b: edm
|-damage|p1a: Jarrkhan|70/100|[from] item: Life Orb
|
|win|KrisKiwii
||KrisKiwii is ready for game 3.
||cobalionjb is ready for game 3.
|uhtml|next|Next: Game 3 of 3
|l| FBISurveillanceMan
|l| jpievgc
|j| munchie2ff
|l| PaniniWeenie
|l| N3_ArieL
|l| DinomiteVGC
|l| Jim9174
|l| RadiantSteelix
|l| Gdrampa
|l| escaperoomvgc
|l| munchie2ff
|l| Subzan
|l| MrGardnHose
|j| FBISurveillanceMan
|l| FBISurveillanceMan
|j| FBISurveillanceMan
|j| jpievgc
|l| jpievgc
|l| FBISurveillanceMan
