|j|☆andorite2
|j|☆tobyga
|html|andorite2tobyga    
|uhtml|bestof|Game 2 of a best-of-3
|t:|1786157580
|gametype|doubles
|player|p1|andorite2|169|
|player|p2|tobyga|miku-flying|
|gen|9
|tier|[Gen 9 Champions] VGC 2026 Reg M-B (Bo3)
|rule|Species Clause: Limit one of each Pokémon
|rule|Item Clause: Limit 1 of each item
|clearpoke
|poke|p1|Toxapex, L50, M|
|poke|p1|Lycanroc-Dusk, L50, M|
|poke|p1|Incineroar, L50, F|
|poke|p1|Froslass, L50, F|
|poke|p1|Dragonite, L50, M|
|poke|p1|Sinistcha, L50|
|poke|p2|Farigiraf, L50, M|
|poke|p2|Garchomp, L50, M|
|poke|p2|Charizard, L50, F|
|poke|p2|Azumarill, L50, M|
|poke|p2|Cofagrigus, L50, M, shiny|
|poke|p2|Torkoal, L50, M|
|teampreview|4
|showteam|p1|Toxapex||Leftovers|Regenerator|Toxic,Infestation,BanefulBunker,WideGuard|Calm||M|||50|]Lycanroc-Dusk||FocusSash|ToughClaws|Accelerock,CloseCombat,Protect,RockSlide|Adamant||M|||50|]Incineroar||ChestoBerry|Intimidate|FakeOut,PartingShot,FlareBlitz,ThroatChop|Careful||F|||50|]Froslass||Froslassite|CursedBody|Blizzard,Protect,ShadowBall,AuroraVeil|Timid||F|||50|]Dragonite||Dragoninite|Multiscale|Safeguard,HeatWave,DragonPulse,Protect|Modest||M|||50|]Sinistcha||OccaBerry|Hospitality|RagePowder,MatchaGotcha,Protect,TrickRoom|Bold|||||50|
|showteam|p2|Farigiraf||SitrusBerry|ArmorTail|TrickRoom,Psychic,HelpingHand,Protect|Sassy||M|||50|]Garchomp||Garchompite|RoughSkin|Protect,RockSlide,Earthquake,SwordsDance|Jolly||M|||50|]Charizard||CharizarditeY|Blaze|Protect,HeatWave,ScorchingSands,WeatherBall|Modest||F|||50|]Azumarill||WhiteHerb|HugePower|BellyDrum,AquaJet,KnockOff,PlayRough|Brave||M|||50|]Cofagrigus||MentalHerb|Mummy|TrickRoom,FakeTears,WillOWisp,ShadowBall|Sassy||M|||50|]Torkoal||Charcoal|Drought|Eruption,EarthPower,Protect,WeatherBall|Modest||M|||50|
|j| Potatomonstr
|j| Peppersalt1
|j| PuffTheCutie
|j| falba
|inactive|Battle timer is ON: inactive players will automatically lose when time's up. (requested by tobyga)
|inactive|andorite2 has 60 seconds left.
|inactive|tobyga has 60 seconds left.
|
|t:|1786157639
|teamsize|p1|4
|teamsize|p2|4
|start
|switch|p1a: Lycanroc|Lycanroc-Dusk, L50, M|100/100
|switch|p1b: Froslass|Froslass, L50, F|100/100
|switch|p2a: wanna see a trick?|Farigiraf, L50, M|100/100
|switch|p2b: Gonzales|Torkoal, L50, M|100/100
|-weather|SunnyDay|[from] ability: Drought|[of] p2b: Gonzales
|turn|1
|inactive|tobyga has 30 seconds left.
|
|t:|1786157669
|detailschange|p1b: Froslass|Froslass-Mega, L50, F
|-mega|p1b: Froslass|Froslass|Froslassite
|-weather|Snowscape|[from] ability: Snow Warning|[of] p1b: Froslass
|move|p2b: Gonzales|Protect|p2b: Gonzales
|-singleturn|p2b: Gonzales|Protect
|move|p1b: Froslass|Blizzard|p2a: wanna see a trick?|[spread] p2a
|-activate|p2b: Gonzales|move: Protect
|-damage|p2a: wanna see a trick?|61/100
|move|p1a: Lycanroc|Rock Slide|p2a: wanna see a trick?|[spread] p2a
|-activate|p2b: Gonzales|move: Protect
|-damage|p2a: wanna see a trick?|36/100
|-enditem|p2a: wanna see a trick?|Sitrus Berry|[eat]
|-heal|p2a: wanna see a trick?|61/100|[from] item: Sitrus Berry
|move|p2a: wanna see a trick?|Trick Room|p2a: wanna see a trick?
|-fieldstart|move: Trick Room|[of] p2a: wanna see a trick?
|
|-weather|Snowscape|[upkeep]
|upkeep
|turn|2
|inactive|tobyga has 30 seconds left.
|
|t:|1786157701
|switch|p1b: Toxapex|Toxapex, L50, M|100/100
|move|p1a: Lycanroc|Accelerock||[still]
|cant|p2a: wanna see a trick?|ability: Armor Tail|Accelerock|[of] p1a: Lycanroc
|move|p2b: Gonzales|Eruption|p1b: Toxapex|[spread] p1a,p1b
|-resisted|p1a: Lycanroc|1
|-resisted|p1b: Toxapex|1
|-damage|p1a: Lycanroc|51/100
|-damage|p1b: Toxapex|80/100
|move|p2a: wanna see a trick?|Psychic|p1a: Lycanroc
|-damage|p1a: Lycanroc|0 fnt
|faint|p1a: Lycanroc
|
|-weather|Snowscape|[upkeep]
|-heal|p1b: Toxapex|86/100|[from] item: Leftovers
|upkeep
|
|t:|1786157722
|switch|p1a: Incineroar|Incineroar, L50, F|100/100
|-ability|p1a: Incineroar|Intimidate|boost
|-unboost|p2a: wanna see a trick?|atk|1
|-unboost|p2b: Gonzales|atk|1
|turn|3
|inactive|andorite2 has 30 seconds left.
|inactive|tobyga has 30 seconds left.
|
|t:|1786157750
|move|p2b: Gonzales|Protect|p2b: Gonzales
|-singleturn|p2b: Gonzales|Protect
|move|p1b: Toxapex|Wide Guard|p1b: Toxapex
|-singleturn|p1b: Toxapex|Wide Guard
|move|p2a: wanna see a trick?|Psychic|p1b: Toxapex
|-supereffective|p1b: Toxapex|1
|-damage|p1b: Toxapex|43/100
|move|p1a: Incineroar|Throat Chop|p2a: wanna see a trick?
|-supereffective|p2a: wanna see a trick?|1
|-damage|p2a: wanna see a trick?|4/100
|-start|p2a: wanna see a trick?|Throat Chop|[silent]
|
|-weather|Snowscape|[upkeep]
|-heal|p1b: Toxapex|49/100|[from] item: Leftovers
|upkeep
|turn|4
|inactive|andorite2 has 30 seconds left.
|inactive|andorite2 has 20 seconds left.
|inactive|andorite2 has 15 seconds left.
|inactive|andorite2 has 10 seconds left.
|inactive|andorite2 has 5 seconds left.
|
|t:|1786157801
|switch|p1a: Froslass|Froslass-Mega, L50, F|100/100
|move|p2b: Gonzales|Earth Power|p1a: Froslass
|-damage|p1a: Froslass|70/100
|move|p1b: Toxapex|Infestation|p2a: wanna see a trick?
|-supereffective|p2a: wanna see a trick?|1
|-damage|p2a: wanna see a trick?|0 fnt
|faint|p2a: wanna see a trick?
|
|-weather|Snowscape|[upkeep]
|-heal|p1b: Toxapex|54/100|[from] item: Leftovers
|upkeep
|
|t:|1786157812
|switch|p2a: dragon wannabe|Charizard, L50, F|100/100
|turn|5
|inactive|andorite2 has 30 seconds left.
|inactive|tobyga has 30 seconds left.
|
|t:|1786157839
|switch|p1a: Incineroar|Incineroar, L50, F|100/100
|-ability|p1a: Incineroar|Intimidate|boost
|-unboost|p2a: dragon wannabe|atk|1
|-unboost|p2b: Gonzales|atk|1
|detailschange|p2a: dragon wannabe|Charizard-Mega-Y, L50, F
|-mega|p2a: dragon wannabe|Charizard|Charizardite Y
|-weather|SunnyDay|[from] ability: Drought|[of] p2a: dragon wannabe
|move|p2b: Gonzales|Earth Power|p1b: Toxapex
|-supereffective|p1b: Toxapex|1
|-damage|p1b: Toxapex|21/100
|-unboost|p1b: Toxapex|spd|1
|move|p1b: Toxapex|Infestation|p2b: Gonzales
|-resisted|p2b: Gonzales|1
|-damage|p2b: Gonzales|97/100
|-activate|p2b: Gonzales|move: Infestation|[of] p1b: Toxapex
|move|p2a: dragon wannabe|Weather Ball|p1a: Incineroar
|-resisted|p1a: Incineroar|1
|-damage|p1a: Incineroar|63/100
|
|-weather|SunnyDay|[upkeep]
|-heal|p1b: Toxapex|27/100|[from] item: Leftovers
|-damage|p2b: Gonzales|85/100|[from] move: Infestation|[partiallytrapped]
|-fieldend|move: Trick Room
|upkeep
|turn|6
|inactive|andorite2 has 30 seconds left.
|inactive|tobyga has 30 seconds left.
|inactive|tobyga has 20 seconds left.
|inactive|tobyga has 15 seconds left.
|inactive|andorite2 has 20 seconds left.
|inactive|tobyga has 10 seconds left.
|inactive|andorite2 has 15 seconds left.
|inactive|tobyga has 5 seconds left.
|
|t:|1786157891
|move|p1b: Toxapex|Wide Guard|p1b: Toxapex
|-singleturn|p1b: Toxapex|Wide Guard
|move|p2a: dragon wannabe|Heat Wave|p1a: Incineroar|[spread] 
|-activate|p1a: Incineroar|move: Wide Guard
|-activate|p1b: Toxapex|move: Wide Guard
|move|p1a: Incineroar|Parting Shot|p2a: dragon wannabe
|-unboost|p2a: dragon wannabe|atk|1
|-unboost|p2a: dragon wannabe|spa|1
|
|t:|1786157900
|switch|p1a: Froslass|Froslass-Mega, L50, F|70/100|[from] Parting Shot
|-weather|Snowscape|[from] ability: Snow Warning|[of] p1a: Froslass
|move|p2b: Gonzales|Earth Power|p1b: Toxapex
|-supereffective|p1b: Toxapex|1
|-damage|p1b: Toxapex|0 fnt
|faint|p1b: Toxapex
|
|-weather|Snowscape|[upkeep]
|-end|p2b: Gonzales|Infestation|[partiallytrapped]|[silent]
|upkeep
|
|t:|1786157907
|switch|p1b: Incineroar|Incineroar, L50, F|63/100
|-ability|p1b: Incineroar|Intimidate|boost
|-unboost|p2a: dragon wannabe|atk|1
|-unboost|p2b: Gonzales|atk|1
|turn|7
|inactive|tobyga has 30 seconds left.
|inactive|andorite2 has 30 seconds left.
|inactive|andorite2 has 20 seconds left.
|inactive|tobyga has 20 seconds left.
|
|t:|1786157959
|switch|p2a: Me at this hour|Cofagrigus, L50, M, shiny|100/100
|move|p1b: Incineroar|Fake Out|p2a: Me at this hour
|-immune|p2a: Me at this hour
|move|p1a: Froslass|Shadow Ball|p2b: Gonzales
|-damage|p2b: Gonzales|28/100
|move|p2b: Gonzales|Earth Power|p1b: Incineroar
|-supereffective|p1b: Incineroar|1
|-damage|p1b: Incineroar|26/100
|
|-weather|Snowscape|[upkeep]
|upkeep
|turn|8
|
|t:|1786157983
|move|p1a: Froslass|Shadow Ball|p2a: Me at this hour
|-supereffective|p2a: Me at this hour|1
|-damage|p2a: Me at this hour|30/100
|move|p1b: Incineroar|Throat Chop|p2a: Me at this hour
|-supereffective|p2a: Me at this hour|1
|-damage|p2a: Me at this hour|0 fnt
|-activate|p2a: Me at this hour|ability: Mummy|p1b: Incineroar|[ability] Intimidate
|faint|p2a: Me at this hour
|move|p2b: Gonzales|Earth Power|p1b: Incineroar
|-supereffective|p1b: Incineroar|1
|-damage|p1b: Incineroar|0 fnt
|faint|p1b: Incineroar
|
|-weather|Snowscape|[upkeep]
|upkeep
|
|t:|1786157997
|switch|p2a: dragon wannabe|Charizard-Mega-Y, L50, F|100/100
|-weather|SunnyDay|[from] ability: Drought|[of] p2a: dragon wannabe
|turn|9
|
|t:|1786158010
|move|p1a: Froslass|Protect|p1a: Froslass
|-singleturn|p1a: Froslass|Protect
|move|p2a: dragon wannabe|Weather Ball|p1a: Froslass
|-activate|p1a: Froslass|move: Protect
|move|p2b: Gonzales|Weather Ball|p1a: Froslass
|-activate|p1a: Froslass|move: Protect
|
|-weather|SunnyDay|[upkeep]
|upkeep
|turn|10
|
|t:|1786158020
|move|p1a: Froslass|Shadow Ball|p2a: dragon wannabe
|-crit|p2a: dragon wannabe
|-damage|p2a: dragon wannabe|29/100
|move|p2a: dragon wannabe|Weather Ball|p1a: Froslass
|-supereffective|p1a: Froslass|1
|-damage|p1a: Froslass|0 fnt
|faint|p1a: Froslass
|
|win|tobyga
