|j|☆Jakobtc
|j|☆Acesan24
|html|JakobtcAcesan24    
|uhtml|bestof|Game 2 of a best-of-3
|t:|1757697430
|gametype|doubles
|player|p1|Jakobtc|riley|1086
|player|p2|Acesan24|170|1119
|gen|9
|tier|[Gen 9] VGC 2025 Reg H (Bo3)
|rated|
|rule|Species Clause: Limit one of each Pokémon
|rule|Item Clause: Limit 1 of each item
|clearpoke
|poke|p1|Drifblim, L50, M|
|poke|p1|Indeedee, L50, M|
|poke|p1|Arcanine-Hisui, L50, M|
|poke|p1|Garchomp, L50, M|
|poke|p1|Amoonguss, L50, F|
|poke|p1|Primarina, L50, F|
|poke|p2|Sneasler, L50, F|
|poke|p2|Archaludon, L50, F|
|poke|p2|Basculegion, L50, M|
|poke|p2|Pelipper, L50, M|
|poke|p2|Whimsicott, L50, M|
|poke|p2|Lucario, L50, M|
|teampreview|4
|showteam|p1|Drifblim||PsychicSeed|Unburden|Tailwind,StrengthSap,WillOWisp,Acrobatics|||M|||50|,,,,,Grass]Indeedee||FocusSash|PsychicSurge|ExpandingForce,TeraBlast,SkillSwap,Protect|||M|||50|,,,,,Fighting]Arcanine-Hisui||ChoiceBand|Intimidate|RockSlide,FlareBlitz,ExtremeSpeed,CloseCombat|||M|||50|,,,,,Grass]Garchomp||LifeOrb|RoughSkin|StompingTantrum,DragonClaw,Earthquake,Protect|||M|||50|,,,,,Ground]Amoonguss||SitrusBerry|Regenerator|Spore,LeafStorm,RagePowder,Protect|||F|||50|,,,,,Water]Primarina||MysticWater|LiquidVoice|HyperVoice,Moonblast,Haze,Protect|||F|||50|,,,,,Steel
|showteam|p2|Sneasler||ToxicPlate|Unburden|CloseCombat,DireClaw,FakeOut,Fling|||F|||50|,,,,,Dark]Archaludon||AssaultVest|Stamina|BodyPress,ElectroShot,FlashCannon,DracoMeteor|||F|||50|,,,,,Flying]Basculegion||ChoiceBand|SwiftSwim|AquaJet,FlipTurn,LastRespects,WaveCrash|||M|||50|,,,,,Water]Pelipper||CovertCloak|Drizzle|Hurricane,Tailwind,WeatherBall,Protect|||M|||50|,,,,,Ground]Whimsicott||FocusSash|Prankster|Endeavor,Moonblast,Tailwind,BeatUp|||M|||50|,,,,,Ghost]Lucario||LifeOrb|Justified|Crunch,DrainPunch,ExtremeSpeed,BulletPunch|||M|||50|,,,,,Dark
|inactive|Battle timer is ON: inactive players will automatically lose when time's up. (requested by Jakobtc)
|
|t:|1757697480
|teamsize|p1|4
|teamsize|p2|4
|start
|switch|p1a: Drifblim|Drifblim, L50, M|100/100
|switch|p1b: Indeedee|Indeedee, L50, M|100/100
|switch|p2a: Lucario|Lucario, L50, M|100/100
|switch|p2b: Whimsicott|Whimsicott, L50, M|100/100
|-fieldstart|move: Psychic Terrain|[from] ability: Psychic Surge|[of] p1b: Indeedee
|-enditem|p1a: Drifblim|Psychic Seed
|-boost|p1a: Drifblim|spd|1|[from] item: Psychic Seed
|turn|1
|
|t:|1757697500
|-terastallize|p1a: Drifblim|Grass
|move|p1b: Indeedee|Protect|p1b: Indeedee
|-singleturn|p1b: Indeedee|Protect
|move|p1a: Drifblim|Will-O-Wisp|p2a: Lucario
|-status|p2a: Lucario|brn
|move|p2b: Whimsicott|Beat Up|p2a: Lucario
|-resisted|p2a: Lucario
|-damage|p2a: Lucario|99/100 brn
|-ability|p2a: Lucario|Justified|boost
|-boost|p2a: Lucario|atk|1
|-resisted|p2a: Lucario
|-damage|p2a: Lucario|96/100 brn
|-ability|p2a: Lucario|Justified|boost
|-boost|p2a: Lucario|atk|1
|-resisted|p2a: Lucario
|-damage|p2a: Lucario|95/100 brn
|-ability|p2a: Lucario|Justified|boost
|-boost|p2a: Lucario|atk|1
|-hitcount|p2a: Lucario|3
|move|p2a: Lucario|Crunch|p1b: Indeedee
|-activate|p1b: Indeedee|move: Protect
|
|-damage|p2a: Lucario|89/100 brn|[from] brn
|upkeep
|turn|2
|
|t:|1757697521
|move|p2b: Whimsicott|Tailwind|p2b: Whimsicott
|-sidestart|p2: Acesan24|move: Tailwind
|move|p2a: Lucario|Crunch|p1b: Indeedee
|-supereffective|p1b: Indeedee
|-enditem|p1b: Indeedee|Focus Sash
|-damage|p1b: Indeedee|1/100
|-damage|p2a: Lucario|79/100 brn|[from] item: Life Orb
|move|p1a: Drifblim|Tailwind|p1a: Drifblim
|-sidestart|p1: Jakobtc|move: Tailwind
|move|p1b: Indeedee|Expanding Force|p2b: Whimsicott|[spread] p2a,p2b
|-damage|p2a: Lucario|0 fnt
|-damage|p2b: Whimsicott|7/100
|faint|p2a: Lucario
|
|upkeep
|
|t:|1757697530
|switch|p2a: Pelipper|Pelipper, L50, M|100/100
|-weather|RainDance|[from] ability: Drizzle|[of] p2a: Pelipper
|turn|3
|inactive|Acesan24 has 30 seconds left.
|
|t:|1757697560
|move|p1a: Drifblim|Acrobatics|p2b: Whimsicott
|-supereffective|p2b: Whimsicott
|-damage|p2b: Whimsicott|0 fnt
|faint|p2b: Whimsicott
|move|p1b: Indeedee|Expanding Force|p2a: Pelipper
|-crit|p2a: Pelipper
|-damage|p2a: Pelipper|0 fnt
|faint|p2a: Pelipper
|
|-weather|RainDance|[upkeep]
|upkeep
|
|t:|1757697563
|switch|p2b: Sneasler|Sneasler, L50, F|100/100
|turn|4
|
|t:|1757697572
|move|p1a: Drifblim|Will-O-Wisp|p2b: Sneasler
|-status|p2b: Sneasler|brn
|move|p2b: Sneasler|Fling|p1b: Indeedee
|-supereffective|p1b: Indeedee
|-damage|p1b: Indeedee|0 fnt
|-enditem|p2b: Sneasler|Toxic Plate|[from] move: Fling
|faint|p1b: Indeedee
|
|-weather|RainDance|[upkeep]
|-damage|p2b: Sneasler|95/100 brn|[from] brn
|upkeep
|
|t:|1757697581
|switch|p1b: Arcanine|Arcanine-Hisui, L50, M|100/100
|-ability|p1b: Arcanine|Intimidate|boost
|-unboost|p2b: Sneasler|atk|1
|turn|5
|
|t:|1757697591
|move|p2b: Sneasler|Dire Claw|p1a: Drifblim
|-supereffective|p1a: Drifblim
|-damage|p1a: Drifblim|65/100
|-status|p1a: Drifblim|par
|move|p1b: Arcanine|Close Combat|p2b: Sneasler
|-resisted|p2b: Sneasler
|-damage|p2b: Sneasler|46/100 brn
|-unboost|p1b: Arcanine|def|1
|-unboost|p1b: Arcanine|spd|1
|move|p1a: Drifblim|Acrobatics|p2b: Sneasler
|-supereffective|p2b: Sneasler
|-damage|p2b: Sneasler|0 fnt
|faint|p2b: Sneasler
|
|win|Jakobtc
|raw|Jakobtc's rating: 1086 → 1116(+30 for winning)
|raw|Acesan24's rating: 1119 → 1092(-27 for losing)
|c|☆Jakobtc|gg
