|j|☆P!nkbearz07
|j|‽bvg2
|html|P!nkbearz07bvg2    
|uhtml|bestof|Game 2 of a best-of-3
|t:|1756950811
|gametype|doubles
|player|p1|P!nkbearz07|marlon|1095
|player|p2|bvg2|flannery|1185
|gen|9
|tier|[Gen 9] VGC 2025 Reg H (Bo3)
|rated|
|rule|Species Clause: Limit one of each Pokémon
|rule|Item Clause: Limit 1 of each item
|clearpoke
|poke|p1|Garchomp, L50, F|
|poke|p1|Hydreigon, L50, F|
|poke|p1|Clefable, L50, M|
|poke|p1|Tyranitar, L50, M|
|poke|p1|Rillaboom, L50, F|
|poke|p1|Empoleon, L50, F|
|poke|p2|Pelipper, L50, F|
|poke|p2|Archaludon, L50, F|
|poke|p2|Basculegion, L50, M|
|poke|p2|Incineroar, L50, F|
|poke|p2|Sinistcha, L50|
|poke|p2|Sneasler, L50, M|
|teampreview|4
|showteam|p1|Garchomp||LifeOrb|RoughSkin|Protect,StompingTantrum,DragonClaw,Earthquake|||F|||50|,,,,,Steel]Hydreigon||ChoiceSpecs|Levitate|HeatWave,Snarl,DarkPulse,DracoMeteor|||F|||50|,,,,,Fire]Clefable||SitrusBerry|Unaware|Protect,FollowMe,MistyTerrain,Moonblast|||M|||50|,,,,,Water]Tyranitar||AssaultVest|SandStream|RockSlide,KnockOff,TeraBlast,LowKick|||M|||50|,,,,,Flying]Rillaboom||MiracleSeed|GrassySurge|FakeOut,DrumBeating,GrassPledge,Protect|||F|||50|,,,,,Fire]Empoleon||CovertCloak|Competitive|WaterPledge,FlashCannon,IceBeam,Protect|||F|||50|,,,,,Bug
|showteam|p2|Pelipper||FocusSash|Drizzle|Hurricane,Tailwind,Protect,MuddyWater|||F|||50|,,,,,Ghost]Archaludon||AssaultVest|Stamina|DragonPulse,Snarl,ElectroShot,BodyPress|||F|||50|,,,,,Bug]Basculegion||LifeOrb|SwiftSwim|WaveCrash,Protect,AquaJet,LastRespects|||M|||50|,,,,,Grass]Incineroar||SafetyGoggles|Intimidate|KnockOff,FakeOut,Taunt,PartingShot|||F|||50|,,,,,Ghost]Sinistcha||SitrusBerry|Hospitality|MatchaGotcha,LifeDew,RagePowder,TrickRoom||||||50|,,,,,Dark]Sneasler||WhiteHerb|Unburden|FakeOut,DireClaw,ThroatChop,CloseCombat|||M|||50|,,,,,Dark
|inactive|Battle timer is ON: inactive players will automatically lose when time's up. (requested by P!nkbearz07)
|
|t:|1756950836
|teamsize|p1|4
|teamsize|p2|4
|start
|switch|p1a: Hydreigon|Hydreigon, L50, F|100/100
|switch|p1b: Clefable|Clefable, L50, M|100/100
|switch|p2a: Archaludon|Archaludon, L50, F|100/100
|switch|p2b: Sneasler|Sneasler, L50, M|100/100
|turn|1
|inactive|bvg2 has 30 seconds left.
|
|t:|1756950863
|-terastallize|p1b: Clefable|Water
|move|p2b: Sneasler|Fake Out|p1a: Hydreigon
|-damage|p1a: Hydreigon|82/100
|move|p1b: Clefable|Follow Me|p1b: Clefable
|-singleturn|p1b: Clefable|move: Follow Me
|cant|p1a: Hydreigon|flinch
|move|p2a: Archaludon|Snarl|p1b: Clefable|[spread] p1a,p1b
|-resisted|p1a: Hydreigon
|-damage|p1a: Hydreigon|75/100
|-damage|p1b: Clefable|90/100
|-unboost|p1a: Hydreigon|spa|1
|-unboost|p1b: Clefable|spa|1
|
|upkeep
|turn|2
|
|t:|1756950882
|move|p1b: Clefable|Follow Me|p1b: Clefable
|-singleturn|p1b: Clefable|move: Follow Me
|move|p2b: Sneasler|Dire Claw|p1b: Clefable
|-damage|p1b: Clefable|53/100
|-status|p1b: Clefable|slp
|move|p1a: Hydreigon|Draco Meteor|p2b: Sneasler
|-damage|p2b: Sneasler|0 fnt
|-unboost|p1a: Hydreigon|spa|2
|faint|p2b: Sneasler
|move|p2a: Archaludon|Snarl|p1b: Clefable|[spread] p1a,p1b
|-resisted|p1a: Hydreigon
|-damage|p1a: Hydreigon|69/100
|-damage|p1b: Clefable|42/100 slp
|-unboost|p1a: Hydreigon|spa|1
|-unboost|p1b: Clefable|spa|1
|-enditem|p1b: Clefable|Sitrus Berry|[eat]
|-heal|p1b: Clefable|66/100 slp|[from] item: Sitrus Berry
|
|upkeep
|
|t:|1756950901
|switch|p2b: Pelipper|Pelipper, L50, F|100/100
|-weather|RainDance|[from] ability: Drizzle|[of] p2b: Pelipper
|turn|3
|
|t:|1756950909
|switch|p1a: Dust Devil|Tyranitar, L50, M|100/100
|-weather|Sandstorm|[from] ability: Sand Stream|[of] p1a: Dust Devil
|cant|p1b: Clefable|slp
|move|p2b: Pelipper|Tailwind|p2b: Pelipper
|-sidestart|p2: bvg2|move: Tailwind
|move|p2a: Archaludon|Electro Shot||[still]
|-prepare|p2a: Archaludon|Electro Shot
|-boost|p2a: Archaludon|spa|1
|
|-weather|Sandstorm|[upkeep]
|-damage|p2b: Pelipper|95/100|[from] Sandstorm
|-damage|p1b: Clefable|60/100 slp|[from] Sandstorm
|upkeep
|turn|4
|
|t:|1756950926
|switch|p2b: Incineroar|Incineroar, L50, F|100/100
|-ability|p2b: Incineroar|Intimidate|boost
|-unboost|p1a: Dust Devil|atk|1
|-unboost|p1b: Clefable|atk|1
|switch|p1b: Garchomp|Garchomp, L50, F|100/100
|move|p2a: Archaludon|Electro Shot|p1b: Garchomp|[from] lockedmove
|-immune|p1b: Garchomp
|move|p1a: Dust Devil|Rock Slide|p2b: Incineroar|[spread] p2a,p2b
|-resisted|p2a: Archaludon
|-supereffective|p2b: Incineroar
|-damage|p2a: Archaludon|93/100
|-damage|p2b: Incineroar|67/100
|-ability|p2a: Archaludon|Stamina|boost
|-boost|p2a: Archaludon|def|1
|
|-weather|Sandstorm|[upkeep]
|upkeep
|turn|5
|
|t:|1756950949
|switch|p2b: Pelipper|Pelipper, L50, F|95/100
|-weather|RainDance|[from] ability: Drizzle|[of] p2b: Pelipper
|move|p2a: Archaludon|Dragon Pulse|p1b: Garchomp
|-supereffective|p1b: Garchomp
|-damage|p1b: Garchomp|0 fnt
|faint|p1b: Garchomp
|move|p1a: Dust Devil|Low Kick|p2a: Archaludon
|-supereffective|p2a: Archaludon
|-damage|p2a: Archaludon|75/100
|-ability|p2a: Archaludon|Stamina|boost
|-boost|p2a: Archaludon|def|1
|
|-weather|RainDance|[upkeep]
|upkeep
|
|t:|1756950957
|switch|p1b: Hydreigon|Hydreigon, L50, F|69/100
|turn|6
|
|t:|1756950969
|switch|p1b: Clefable|Clefable, L50, M, tera:Water|60/100 slp
|move|p2b: Pelipper|Muddy Water|p1b: Clefable|[spread] p1a,p1b
|-supereffective|p1a: Dust Devil
|-resisted|p1b: Clefable
|-damage|p1a: Dust Devil|54/100
|-damage|p1b: Clefable|41/100 slp
|-unboost|p1a: Dust Devil|accuracy|1
|-unboost|p1b: Clefable|accuracy|1
|move|p2a: Archaludon|Dragon Pulse|p1b: Clefable
|-damage|p1b: Clefable|8/100 slp
|move|p1a: Dust Devil|Rock Slide|p2b: Pelipper|[spread] p2a,p2b
|-resisted|p2a: Archaludon
|-supereffective|p2b: Pelipper
|-damage|p2a: Archaludon|71/100
|-damage|p2b: Pelipper|32/100
|-ability|p2a: Archaludon|Stamina|boost
|-boost|p2a: Archaludon|def|1
|
|-weather|RainDance|[upkeep]
|-sideend|p2: bvg2|move: Tailwind
|upkeep
|turn|7
|
|t:|1756950988
|move|p2b: Pelipper|Hurricane|p1b: Clefable
|-damage|p1b: Clefable|0 fnt
|faint|p1b: Clefable
|move|p2a: Archaludon|Body Press|p1a: Dust Devil
|-supereffective|p1a: Dust Devil
|-damage|p1a: Dust Devil|0 fnt
|faint|p1a: Dust Devil
|
|-weather|RainDance|[upkeep]
|upkeep
|
|t:|1756950997
|switch|p1b: Hydreigon|Hydreigon, L50, F|69/100
|turn|8
|
|t:|1756951006
|move|p1b: Hydreigon|Snarl|p2a: Archaludon|[spread] p2a,p2b
|-damage|p2a: Archaludon|48/100
|-damage|p2b: Pelipper|0 fnt
|-unboost|p2a: Archaludon|spa|1
|-ability|p2a: Archaludon|Stamina|boost
|-boost|p2a: Archaludon|def|1
|faint|p2b: Pelipper
|move|p2a: Archaludon|Dragon Pulse|p1b: Hydreigon
|-supereffective|p1b: Hydreigon
|-damage|p1b: Hydreigon|0 fnt
|faint|p1b: Hydreigon
|
|win|bvg2
|raw|P!nkbearz07's rating: 1095 → 1077(-18 for losing)
|raw|bvg2's rating: 1185 → 1204(+19 for winning)
