|j|☆Doomnik
|j|☆White meth
|html|DoomnikWhite meth    
|uhtml|bestof|Game 1 of a best-of-3
|t:|1786035156
|gametype|doubles
|player|p1|Doomnik|volkner|
|player|p2|White meth|dawn|
|gen|9
|tier|[Gen 9 Champions] VGC 2026 Reg M-B (Bo3)
|rule|Species Clause: Limit one of each Pokémon
|rule|Item Clause: Limit 1 of each item
|clearpoke
|poke|p1|Tyranitar, L50, M|
|poke|p1|Staraptor, L50, F|
|poke|p1|Gholdengo, L50|
|poke|p1|Excadrill, L50, M|
|poke|p1|Sinistcha, L50|
|poke|p1|Milotic, L50, M|
|poke|p2|Kingambit, L50, F|
|poke|p2|Ninetales-Alola, L50, F|
|poke|p2|Incineroar, L50, M|
|poke|p2|Dragonite, L50, M|
|poke|p2|Sneasler, L50, F|
|poke|p2|Gengar, L50, F|
|teampreview|4
|showteam|p1|Tyranitar||Tyranitarite|SandStream|KnockOff,RockSlide,Protect,LowKick|Jolly||M|||50|]Staraptor||Staraptite|Intimidate|DualWingbeat,CloseCombat,Protect,Tailwind|Jolly||F|||50|]Gholdengo||LifeOrb|GoodasGold|MakeItRain,NastyPlot,Protect,ShadowBall|Timid|||||50|]Excadrill||FocusSash|SandRush|HighHorsepower,IronHead,RockSlide,Protect|Adamant||M|||50|]Sinistcha||SitrusBerry|Hospitality|MatchaGotcha,RagePowder,ShadowBall,Protect|Calm|||||50|]Milotic||Leftovers|Competitive|Scald,IcyWind,Protect,IceBeam|Modest||M|||50|
|showteam|p2|Kingambit||BlackGlasses|Defiant|KowtowCleave,SuckerPunch,LowKick,Protect|Adamant||F|||50|]Ninetales-Alola||ChoiceScarf|SnowWarning|Blizzard,FreezeDry,IcyWind,Encore|Timid||F|||50|]Incineroar||SitrusBerry|Intimidate|FlareBlitz,ThroatChop,FakeOut,PartingShot|Impish||M|||50|]Dragonite||LifeOrb|InnerFocus|DragonClaw,Superpower,ExtremeSpeed,Protect|Adamant||M|||50|]Sneasler||FocusSash|Unburden|CloseCombat,DireClaw,RockSlide,Protect|Adamant||F|||50|]Gengar||Gengarite|CursedBody|SludgeBomb,ShadowBall,Substitute,Protect|Modest||F|||50|
|inactive|Battle timer is ON: inactive players will automatically lose when time's up. (requested by Doomnik)
|c|☆Doomnik|glhf!
|c|☆White meth|u too
|inactive|Doomnik has 60 seconds left.
|inactive|White meth has 60 seconds left.
|j| Shmon
|inactive|Doomnik has 30 seconds left.
|
|t:|1786035223
|teamsize|p1|4
|teamsize|p2|4
|start
|switch|p1a: Milotic|Milotic, L50, M|100/100
|switch|p1b: Excadrill|Excadrill, L50, M|100/100
|switch|p2a: Gengar|Gengar, L50, F|100/100
|switch|p2b: Sneasler|Sneasler, L50, F|100/100
|turn|1
|inactive|Doomnik has 30 seconds left.
|inactive|White meth has 30 seconds left.
|j| crudo de fava
|inactive|Doomnik has 20 seconds left.
|inactive|White meth has 20 seconds left.
|inactive|Doomnik has 15 seconds left.
|inactive|White meth has 15 seconds left.
|inactive|Doomnik has 10 seconds left.
|inactive|White meth has 10 seconds left.
|
|t:|1786035271
|switch|p1b: Staraptor|Staraptor, L50, F|100/100
|-ability|p1b: Staraptor|Intimidate|boost
|-unboost|p2a: Gengar|atk|1
|-unboost|p2b: Sneasler|atk|1
|detailschange|p2a: Gengar|Gengar-Mega, L50, F
|-mega|p2a: Gengar|Gengar|Gengarite
|move|p2a: Gengar|Protect|p2a: Gengar
|-singleturn|p2a: Gengar|Protect
|move|p2b: Sneasler|Protect|p2b: Sneasler
|-singleturn|p2b: Sneasler|Protect
|move|p1a: Milotic|Icy Wind|p2a: Gengar|[spread] 
|-activate|p2a: Gengar|move: Protect
|-activate|p2b: Sneasler|move: Protect
|
|upkeep
|turn|2
|l| crudo de fava
|inactive|Doomnik has 30 seconds left.
|inactive|White meth has 30 seconds left.
|inactive|White meth has 20 seconds left.
|j| crudo de fava
|
|t:|1786035309
|switch|p2b: Ninetales|Ninetales-Alola, L50, F|100/100
|-weather|Snowscape|[from] ability: Snow Warning|[of] p2b: Ninetales
|move|p1b: Staraptor|Protect|p1b: Staraptor
|-singleturn|p1b: Staraptor|Protect
|move|p2a: Gengar|Sludge Bomb|p1b: Staraptor
|-activate|p1b: Staraptor|move: Protect
|move|p1a: Milotic|Icy Wind|p2b: Ninetales|[spread] p2a,p2b
|-resisted|p2b: Ninetales|1
|-damage|p2a: Gengar|87/100
|-damage|p2b: Ninetales|94/100
|-unboost|p2a: Gengar|spe|1
|-unboost|p2b: Ninetales|spe|1
|
|-weather|Snowscape|[upkeep]
|upkeep
|turn|3
|inactive|Doomnik has 30 seconds left.
|inactive|White meth has 30 seconds left.
|inactive|White meth has 20 seconds left.
|
|t:|1786035348
|move|p2b: Ninetales|Blizzard|p1a: Milotic|[spread] p1a,p1b
|-resisted|p1a: Milotic|1
|-supereffective|p1b: Staraptor|1
|-damage|p1a: Milotic|89/100
|-damage|p1b: Staraptor|16/100
|move|p1b: Staraptor|Tailwind|p1b: Staraptor
|-sidestart|p1: Doomnik|move: Tailwind
|move|p1a: Milotic|Icy Wind|p2b: Ninetales|[spread] p2a,p2b
|-resisted|p2b: Ninetales|1
|-damage|p2a: Gengar|72/100
|-damage|p2b: Ninetales|88/100
|-unboost|p2a: Gengar|spe|1
|-unboost|p2b: Ninetales|spe|1
|move|p2a: Gengar|Sludge Bomb|p1b: Staraptor
|-damage|p1b: Staraptor|0 fnt
|faint|p1b: Staraptor
|
|-weather|Snowscape|[upkeep]
|-heal|p1a: Milotic|95/100|[from] item: Leftovers
|upkeep
|
|t:|1786035359
|switch|p1b: Tyranitar|Tyranitar, L50, M|100/100
|-weather|Sandstorm|[from] ability: Sand Stream|[of] p1b: Tyranitar
|turn|4
|
|t:|1786035379
|switch|p2b: Sneasler|Sneasler, L50, F|100/100
|move|p2a: Gengar|Protect|p2a: Gengar
|-singleturn|p2a: Gengar|Protect
|move|p1b: Tyranitar|Rock Slide|p2b: Sneasler|[spread] p2b
|-activate|p2a: Gengar|move: Protect
|-resisted|p2b: Sneasler|1
|-damage|p2b: Sneasler|76/100
|move|p1a: Milotic|Scald|p2b: Sneasler
|-damage|p2b: Sneasler|31/100
|
|-weather|Sandstorm|[upkeep]
|-damage|p1a: Milotic|89/100|[from] Sandstorm
|-damage|p2b: Sneasler|25/100|[from] Sandstorm
|-damage|p2a: Gengar|66/100|[from] Sandstorm
|-heal|p1a: Milotic|95/100|[from] item: Leftovers
|upkeep
|turn|5
|inactive|Doomnik has 30 seconds left.
|inactive|White meth has 30 seconds left.
|inactive|White meth has 20 seconds left.
|
|t:|1786035415
|switch|p2a: Dragonite|Dragonite, L50, M|100/100
|move|p2b: Sneasler|Protect|p2b: Sneasler
|-singleturn|p2b: Sneasler|Protect
|move|p1b: Tyranitar|Knock Off|p2b: Sneasler
|-activate|p2b: Sneasler|move: Protect
|move|p1a: Milotic|Scald|p2b: Sneasler
|-activate|p2b: Sneasler|move: Protect
|
|-weather|Sandstorm|[upkeep]
|-damage|p1a: Milotic|89/100|[from] Sandstorm
|-damage|p2b: Sneasler|20/100r|[from] Sandstorm
|-damage|p2a: Dragonite|93/100|[from] Sandstorm
|-heal|p1a: Milotic|95/100|[from] item: Leftovers
|upkeep
|turn|6
|
|t:|1786035436
|switch|p2b: Gengar|Gengar-Mega, L50, F|66/100
|move|p2a: Dragonite|Protect|p2a: Dragonite
|-singleturn|p2a: Dragonite|Protect
|move|p1b: Tyranitar|Rock Slide|p2b: Gengar|[spread] p2b
|-activate|p2a: Dragonite|move: Protect
|-damage|p2b: Gengar|27/100
|move|p1a: Milotic|Icy Wind|p2b: Gengar|[spread] p2b
|-activate|p2a: Dragonite|move: Protect
|-damage|p2b: Gengar|12/100
|-unboost|p2b: Gengar|spe|1
|
|-weather|Sandstorm|[upkeep]
|-damage|p1a: Milotic|89/100|[from] Sandstorm
|-damage|p2b: Gengar|7/100|[from] Sandstorm
|-damage|p2a: Dragonite|87/100|[from] Sandstorm
|-heal|p1a: Milotic|95/100|[from] item: Leftovers
|-sideend|p1: Doomnik|move: Tailwind
|upkeep
|turn|7
|inactive|Doomnik has 30 seconds left.
|inactive|White meth has 30 seconds left.
|inactive|Doomnik has 20 seconds left.
|inactive|White meth has 20 seconds left.
|inactive|White meth has 15 seconds left.
|
|t:|1786035480
|move|p1b: Tyranitar|Protect|p1b: Tyranitar
|-singleturn|p1b: Tyranitar|Protect
|move|p2a: Dragonite|Extreme Speed|p1a: Milotic
|-damage|p1a: Milotic|56/100
|-damage|p2a: Dragonite|77/100|[from] item: Life Orb
|move|p2b: Gengar|Sludge Bomb|p1a: Milotic
|-damage|p1a: Milotic|10/100
|move|p1a: Milotic|Icy Wind|p2a: Dragonite|[spread] p2a,p2b
|-supereffective|p2a: Dragonite|2
|-damage|p2a: Dragonite|32/100
|-damage|p2b: Gengar|0 fnt
|-unboost|p2a: Dragonite|spe|1
|faint|p2b: Gengar
|
|-weather|Sandstorm|[upkeep]
|-damage|p1a: Milotic|4/100|[from] Sandstorm
|-damage|p2a: Dragonite|26/100|[from] Sandstorm
|-heal|p1a: Milotic|10/100|[from] item: Leftovers
|upkeep
|
|t:|1786035493
|switch|p2b: Sneasler|Sneasler, L50, F|20/100r
|turn|8
|inactive|Doomnik has 30 seconds left.
|j| Sela133VII
|inactive|Doomnik has 20 seconds left.
|
|t:|1786035530
|switch|p1b: Excadrill|Excadrill, L50, M|100/100
|move|p2a: Dragonite|Extreme Speed|p1a: Milotic
|-damage|p1a: Milotic|0 fnt
|faint|p1a: Milotic
|-damage|p2a: Dragonite|16/100|[from] item: Life Orb
|move|p2b: Sneasler|Close Combat|p1b: Excadrill
|-supereffective|p1b: Excadrill|1
|-enditem|p1b: Excadrill|Focus Sash
|-damage|p1b: Excadrill|1/100
|-unboost|p2b: Sneasler|def|1
|-unboost|p2b: Sneasler|spd|1
|
|-weather|none
|upkeep
|
|t:|1786035534
|switch|p1a: Tyranitar|Tyranitar, L50, M|100/100
|-weather|Sandstorm|[from] ability: Sand Stream|[of] p1a: Tyranitar
|turn|9
|j| CiccioCT29
|
|t:|1786035557
|detailschange|p1a: Tyranitar|Tyranitar-Mega, L50, M
|-mega|p1a: Tyranitar|Tyranitar|Tyranitarite
|move|p1b: Excadrill|Protect|p1b: Excadrill
|-singleturn|p1b: Excadrill|Protect
|move|p2a: Dragonite|Extreme Speed|p1b: Excadrill
|-activate|p1b: Excadrill|move: Protect
|move|p2b: Sneasler|Close Combat|p1a: Tyranitar
|-supereffective|p1a: Tyranitar|2
|-damage|p1a: Tyranitar|0 fnt
|-unboost|p2b: Sneasler|def|1
|-unboost|p2b: Sneasler|spd|1
|faint|p1a: Tyranitar
|
|-weather|Sandstorm|[upkeep]
|-damage|p2b: Sneasler|14/100|[from] Sandstorm
|-damage|p2a: Dragonite|10/100|[from] Sandstorm
|upkeep
|turn|10
|-message|Doomnik forfeited.
|
|win|White meth
||Doomnik is ready for game 2.
||White meth is ready for game 2.
|uhtml|next|Next: Game 2 of 3
|l| crudo de fava
|j| crudo de fava
|l| crudo de fava
|j| BouncyJoltik
|l| CiccioCT29
|l| Sela133VII
|l| Shmon
