|j|☆Pakaan64
|j|☆lox1sm
|html|Pakaan64lox1sm    
|uhtml|bestof|Game 1 of a best-of-3
|t:|1783000706
|gametype|doubles
|player|p1|Pakaan64|1|1282
|player|p2|lox1sm|veteran|1235
|gen|9
|tier|[Gen 9 Champions] VGC 2026 Reg M-B (Bo3)
|rated|
|rule|Species Clause: Limit one of each Pokémon
|rule|Item Clause: Limit 1 of each item
|clearpoke
|poke|p1|Staraptor, L50, F|
|poke|p1|Grimmsnarl, L50, M|
|poke|p1|Sinistcha, L50|
|poke|p1|Toxapex, L50, F|
|poke|p1|Incineroar, L50, M|
|poke|p1|Charizard, L50, F|
|poke|p2|Charizard, L50, M|
|poke|p2|Aerodactyl, L50, F|
|poke|p2|Garchomp, L50, M|
|poke|p2|Kingambit, L50, F|
|poke|p2|Farigiraf, L50, F|
|poke|p2|Primarina, L50, M|
|teampreview|4
|showteam|p1|Staraptor||Staraptite|Intimidate|Roost,CloseCombat,BraveBird,Protect|Jolly||F|||50|]Grimmsnarl||LightClay|Prankster|PartingShot,Reflect,LightScreen,SpiritBreak|Careful||M|||50|]Sinistcha||ColburBerry|Hospitality|RagePowder,Protect,LifeDew,MatchaGotcha|Calm|||||50|]Toxapex||Leftovers|Regenerator|WideGuard,Toxic,BanefulBunker,Infestation|Bold||F|||50|]Incineroar||SitrusBerry|Intimidate|FakeOut,PartingShot,DarkestLariat,FlareBlitz|Careful||M|||50|]Charizard||CharizarditeY|Blaze|WeatherBall,Protect,HeatWave,SolarBeam|Timid||F|||50|
|showteam|p2|Charizard||CharizarditeY|Blaze|HeatWave,WeatherBall,SolarBeam,Protect|Modest||M|||50|]Aerodactyl||Aerodactylite|RockHead|RockSlide,IceFang,Tailwind,Protect|Jolly||F|||50|]Garchomp||LifeOrb|RoughSkin|DragonClaw,Earthquake,RockSlide,Protect|Jolly||M|||50|]Kingambit||FocusSash|Defiant|KowtowCleave,SuckerPunch,IronHead,LowKick|Adamant||F|||50|]Farigiraf||ExpertBelt|ArmorTail|Psychic,DazzlingGleam,Thunderbolt,TrickRoom|Modest||F|||50|]Primarina||MysticWater|LiquidVoice|HyperVoice,Moonblast,Haze,Protect|Modest||M|||50|
|inactive|Battle timer is ON: inactive players will automatically lose when time's up. (requested by Pakaan64)
|inactive|lox1sm has 60 seconds left.
|inactive|lox1sm has 30 seconds left.
|inactive|lox1sm has 20 seconds left.
|inactive|lox1sm has 15 seconds left.
|inactive|lox1sm has 10 seconds left.
|inactive|lox1sm has 5 seconds left.
|
|t:|1783000795
|teamsize|p1|4
|teamsize|p2|4
|start
|switch|p1a: Staraptor|Staraptor, L50, F|100/100
|switch|p1b: Grimmsnarl|Grimmsnarl, L50, M|100/100
|switch|p2a: Aerodactyl|Aerodactyl, L50, F|100/100
|switch|p2b: Garchomp|Garchomp, L50, M|100/100
|-ability|p1a: Staraptor|Intimidate|boost
|-unboost|p2a: Aerodactyl|atk|1
|-unboost|p2b: Garchomp|atk|1
|turn|1
|inactive|lox1sm has 30 seconds left.
|inactive|lox1sm has 20 seconds left.
|inactive|lox1sm has 15 seconds left.
|inactive|lox1sm has 10 seconds left.
|inactive|lox1sm has 5 seconds left.
|
|t:|1783000846
|detailschange|p2a: Aerodactyl|Aerodactyl-Mega, L50, F
|-mega|p2a: Aerodactyl|Aerodactyl|Aerodactylite
|detailschange|p1a: Staraptor|Staraptor-Mega, L50, F
|-mega|p1a: Staraptor|Staraptor|Staraptite
|move|p1b: Grimmsnarl|Reflect|p1b: Grimmsnarl
|-sidestart|p1: Pakaan64|Reflect
|move|p2a: Aerodactyl|Tailwind|p2a: Aerodactyl
|-sidestart|p2: lox1sm|move: Tailwind
|move|p2b: Garchomp|Rock Slide|p1b: Grimmsnarl|[spread] p1b
|-miss|p2b: Garchomp|p1a: Staraptor
|-damage|p1b: Grimmsnarl|86/100
|-damage|p2b: Garchomp|90/100|[from] item: Life Orb
|move|p1a: Staraptor|Close Combat|p2a: Aerodactyl
|-damage|p2a: Aerodactyl|36/100
|-boost|p1a: Staraptor|def|1
|-boost|p1a: Staraptor|spd|1
|
|upkeep
|turn|2
|inactive|Pakaan64 has 30 seconds left.
|inactive|lox1sm has 30 seconds left.
|
|t:|1783000877
|move|p1b: Grimmsnarl|Parting Shot|p1a: Staraptor
|-boost|p1a: Staraptor|atk|1
|-boost|p1a: Staraptor|spa|1
|
|t:|1783000879
|switch|p1b: Toxapex|Toxapex, L50, F|100/100|[from] Parting Shot
|move|p2a: Aerodactyl|Ice Fang|p1a: Staraptor|[miss]
|-miss|p2a: Aerodactyl|p1a: Staraptor
|move|p2b: Garchomp|Rock Slide|p1b: Toxapex|[spread] p1b
|-miss|p2b: Garchomp|p1a: Staraptor
|-damage|p1b: Toxapex|92/100
|-damage|p2b: Garchomp|80/100|[from] item: Life Orb
|move|p1a: Staraptor|Close Combat|p2a: Aerodactyl
|-damage|p2a: Aerodactyl|0 fnt
|-boost|p1a: Staraptor|def|1
|-boost|p1a: Staraptor|spd|1
|faint|p2a: Aerodactyl
|
|-heal|p1b: Toxapex|98/100|[from] item: Leftovers
|upkeep
|c|☆Pakaan64|Ok
|c|☆lox1sm|Bright powder? lol
|
|t:|1783000898
|switch|p2a: Primarina|Primarina, L50, M|100/100
|turn|3
|c|☆Pakaan64|Thats nuts
|
|t:|1783000918
|-heal|p1b: Toxapex|100/100|[from] ability: Regenerator|[silent]
|switch|p1b: Sinistcha|Sinistcha, L50|100/100
|move|p1a: Staraptor|Protect|p1a: Staraptor
|-singleturn|p1a: Staraptor|Protect
|move|p2b: Garchomp|Dragon Claw|p1a: Staraptor
|-activate|p1a: Staraptor|move: Protect
|move|p2a: Primarina|Haze|p2a: Primarina
|-clearallboost
|
|upkeep
|turn|4
|
|t:|1783000940
|switch|p1a: Grimmsnarl|Grimmsnarl, L50, M|86/100
|move|p2b: Garchomp|Dragon Claw|p1a: Grimmsnarl
|-immune|p1a: Grimmsnarl
|move|p2a: Primarina|Moonblast|p1a: Grimmsnarl
|-supereffective|p1a: Grimmsnarl|1
|-damage|p1a: Grimmsnarl|6/100
|move|p1b: Sinistcha|Matcha Gotcha|p2a: Primarina|[spread] p2b
|-miss|p1b: Sinistcha|p2a: Primarina
|-damage|p2b: Garchomp|54/100
|
|-sideend|p2: lox1sm|move: Tailwind
|upkeep
|turn|5
|inactive|Pakaan64 has 30 seconds left.
|
|t:|1783000971
|move|p1a: Grimmsnarl|Light Screen|p1a: Grimmsnarl
|-sidestart|p1: Pakaan64|move: Light Screen
|move|p2b: Garchomp|Dragon Claw|p1b: Sinistcha
|-damage|p1b: Sinistcha|67/100
|-damage|p2b: Garchomp|44/100|[from] item: Life Orb
|move|p2a: Primarina|Moonblast|p1b: Sinistcha
|-damage|p1b: Sinistcha|36/100
|move|p1b: Sinistcha|Matcha Gotcha|p2b: Garchomp|[spread] p2a,p2b
|-supereffective|p2a: Primarina|1
|-damage|p2a: Primarina|49/100
|-heal|p1b: Sinistcha|58/100|[from] drain|[of] p2a: Primarina
|-damage|p2b: Garchomp|16/100
|-heal|p1b: Sinistcha|73/100|[from] drain|[of] p2b: Garchomp
|-status|p2a: Primarina|brn
|-status|p2b: Garchomp|brn
|
|-damage|p2b: Garchomp|10/100 brn|[from] brn
|-damage|p2a: Primarina|43/100 brn|[from] brn
|upkeep
|turn|6
|-message|lox1sm forfeited.
|
|win|Pakaan64
||lox1sm is ready for game 2.
||Pakaan64 is ready for game 2.
|uhtml|next|Next: Game 2 of 3
