|j|☆sundawg
|j|☆bocin
|html|sundawgbocin    
|uhtml|bestof|Game 2 of a best-of-3
|t:|1785901633
|gametype|doubles
|player|p1|sundawg|265|
|player|p2|bocin|hilda-wonderlauncher|
|gen|9
|tier|[Gen 9 Champions] VGC 2026 Reg M-B (Bo3)
|rule|Species Clause: Limit one of each Pokémon
|rule|Item Clause: Limit 1 of each item
|clearpoke
|poke|p1|Archaludon, L50, M|
|poke|p1|Pelipper, L50, F|
|poke|p1|Swampert, L50, F|
|poke|p1|Garchomp, L50, M|
|poke|p1|Raichu, L50, F|
|poke|p1|Typhlosion, L50, F|
|poke|p2|Floette-Eternal, L50, F|
|poke|p2|Basculegion, L50, M, shiny|
|poke|p2|Sceptile, L50, M|
|poke|p2|Diggersby, L50, F|
|poke|p2|Drampa, L50, M, shiny|
|poke|p2|Incineroar, L50, M|
|teampreview|4
|showteam|p1|Archaludon||Leftovers|Stamina|ElectroShot,FlashCannon,DragonPulse,Protect|Modest||M|||50|]Pelipper||SitrusBerry|Drizzle|Hurricane,WeatherBall,WideGuard,Tailwind|Modest||F|||50|]Swampert||Swampertite|Torrent|Earthquake,WaveCrash,KnockOff,Protect|Adamant||F|||50|]Garchomp||LifeOrb|RoughSkin|DragonClaw,Earthquake,Protect,StompingTantrum|Adamant||M|||50|]Raichu||RaichuniteX|Static|FakeOut,Protect,VoltSwitch,VoltTackle|Jolly||F|||50|]Typhlosion||ChoiceScarf|Blaze|Eruption,WillOWisp,HeatWave,FocusBlast|Modest||F|||50|
|showteam|p2|Floette-Eternal||Floettite|FlowerVeil|Protect,DazzlingGleam,LightofRuin,Moonblast|Modest||F|||50|]Basculegion||MysticWater|Adaptability|AquaJet,WaveCrash,LastRespects,Protect|Adamant||M|||50|]Sceptile||LifeOrb|Overgrow|LeafStorm,GrassKnot,FocusBlast,EarthPower|Timid||M|||50|]Diggersby||ChoiceScarf|HugePower|HighHorsepower,RockTomb,GigaImpact,Uturn|Jolly||F|||50|]Drampa||ExpertBelt|CloudNine|DracoMeteor,HyperVoice,FireBlast,FocusBlast|Modest||M|||50|]Incineroar||Leftovers|Intimidate|FakeOut,PartingShot,HelpingHand,FlareBlitz|Careful||M|||50|
|
|t:|1785901690
|teamsize|p1|4
|teamsize|p2|4
|start
|switch|p1a: Pelipper|Pelipper, L50, F|100/100
|switch|p1b: Archaludon|Archaludon, L50, M|100/100
|switch|p2a: Incineroar|Incineroar, L50, M|100/100
|switch|p2b: Drampa|Drampa, L50, M, shiny|100/100
|-weather|RainDance|[from] ability: Drizzle|[of] p1a: Pelipper
|-ability|p2a: Incineroar|Intimidate|boost
|-unboost|p1a: Pelipper|atk|1
|-unboost|p1b: Archaludon|atk|1
|-ability|p2b: Drampa|Cloud Nine
|turn|1
|
|t:|1785901712
|move|p1b: Archaludon|Protect|p1b: Archaludon
|-singleturn|p1b: Archaludon|Protect
|move|p2a: Incineroar|Fake Out|p1a: Pelipper
|-damage|p1a: Pelipper|84/100
|cant|p1a: Pelipper|flinch
|move|p2b: Drampa|Focus Blast|p1b: Archaludon
|-activate|p1b: Archaludon|move: Protect
|
|-weather|RainDance|[upkeep]
|upkeep
|turn|2
|
|t:|1785901779
|switch|p1b: Typhlosion|Typhlosion, L50, F|100/100
|move|p2a: Incineroar|Helping Hand|p2b: Drampa
|-singleturn|p2b: Drampa|Helping Hand|[of] p2a: Incineroar
|move|p1a: Pelipper|Tailwind|p1a: Pelipper
|-sidestart|p1: sundawg|move: Tailwind
|move|p2b: Drampa|Focus Blast|p1b: Typhlosion
|-crit|p1b: Typhlosion
|-damage|p1b: Typhlosion|0 fnt
|faint|p1b: Typhlosion
|
|-weather|RainDance|[upkeep]
|upkeep
|
|t:|1785901790
|switch|p1b: Archaludon|Archaludon, L50, M|100/100
|turn|3
|
|t:|1785901820
|move|p1a: Pelipper|Hurricane|p2b: Drampa
|-damage|p2b: Drampa|52/100
|move|p1b: Archaludon|Dragon Pulse|p2b: Drampa
|-supereffective|p2b: Drampa|1
|-damage|p2b: Drampa|0 fnt
|faint|p2b: Drampa
|move|p2a: Incineroar|Parting Shot|p1b: Archaludon
|-unboost|p1b: Archaludon|atk|1
|-unboost|p1b: Archaludon|spa|1
|
|t:|1785901830
|switch|p2a: Diggersby|Diggersby, L50, F|100/100|[from] Parting Shot
|
|-weather|RainDance|[upkeep]
|upkeep
|
|t:|1785901842
|switch|p2b: Incineroar|Incineroar, L50, M|100/100
|-ability|p2b: Incineroar|Intimidate|boost
|-unboost|p1a: Pelipper|atk|1
|-unboost|p1b: Archaludon|atk|1
|turn|4
|
|t:|1785901860
|move|p1b: Archaludon|Protect|p1b: Archaludon
|-singleturn|p1b: Archaludon|Protect
|move|p2b: Incineroar|Fake Out|p1a: Pelipper
|-damage|p1a: Pelipper|69/100
|cant|p1a: Pelipper|flinch
|move|p2a: Diggersby|High Horsepower|p1b: Archaludon
|-activate|p1b: Archaludon|move: Protect
|
|-weather|RainDance|[upkeep]
|upkeep
|turn|5
|
|t:|1785901885
|move|p1a: Pelipper|Hurricane|p2a: Diggersby
|-damage|p2a: Diggersby|28/100
|move|p2a: Diggersby|High Horsepower|p1b: Archaludon
|-supereffective|p1b: Archaludon|1
|-damage|p1b: Archaludon|0 fnt
|faint|p1b: Archaludon
|move|p2b: Incineroar|Parting Shot|p1a: Pelipper
|-unboost|p1a: Pelipper|atk|1
|-unboost|p1a: Pelipper|spa|1
|
|t:|1785901894
|switch|p2b: Floette|Floette-Eternal, L50, F|100/100|[from] Parting Shot
|
|-weather|none
|-sideend|p1: sundawg|move: Tailwind
|upkeep
|
|t:|1785901899
|switch|p1b: Swampert|Swampert, L50, F|100/100
|turn|6
|
|t:|1785901943
|switch|p2a: Incineroar|Incineroar, L50, M|100/100
|-ability|p2a: Incineroar|Intimidate|boost
|-unboost|p1a: Pelipper|atk|1
|-unboost|p1b: Swampert|atk|1
|detailschange|p2b: Floette|Floette-Mega, L50, F
|-mega|p2b: Floette|Floette|Floettite
|-ability|p2b: Floette|Fairy Aura
|detailschange|p1b: Swampert|Swampert-Mega, L50, F
|-mega|p1b: Swampert|Swampert|Swampertite
|move|p2b: Floette|Dazzling Gleam|p1b: Swampert|[spread] p1a,p1b
|-damage|p1a: Pelipper|0 fnt
|-damage|p1b: Swampert|58/100
|faint|p1a: Pelipper
|move|p1b: Swampert|Earthquake|p2a: Incineroar|[spread] p2a,p2b
|-supereffective|p2a: Incineroar|1
|-damage|p2a: Incineroar|33/100
|-damage|p2b: Floette|56/100
|
|-heal|p2a: Incineroar|39/100|[from] item: Leftovers
|upkeep
|turn|7
|
|t:|1785901970
|move|p2a: Incineroar|Fake Out|p1b: Swampert
|-damage|p1b: Swampert|50/100g
|move|p2b: Floette|Light of Ruin|p1b: Swampert
|-damage|p1b: Swampert|0 fnt
|faint|p1b: Swampert
|-damage|p2b: Floette|21/100|[from] Recoil
|
|win|bocin
||sundawg is ready for game 3.
|inactive|bocin has 30 seconds to confirm battle start!
