|j|☆akabaki
|j|☆IngeVGC
|html|akabakiIngeVGC    
|uhtml|bestof|Game 3 of a best-of-3
|t:|1756315135
|gametype|doubles
|player|p1|akabaki|2|1326
|player|p2|IngeVGC|fisherman-gen4|1344
|gen|9
|tier|[Gen 9] VGC 2025 Reg H (Bo3)
|rated|
|rule|Species Clause: Limit one of each Pokémon
|rule|Item Clause: Limit 1 of each item
|clearpoke
|poke|p1|Gholdengo, L50|
|poke|p1|Hydreigon, L50, F|
|poke|p1|Talonflame, L50, F|
|poke|p1|Sneasler, L50, M|
|poke|p1|Clefable, L50, M|
|poke|p1|Garchomp, L50, M|
|poke|p2|Kingambit, L50, F|
|poke|p2|Rillaboom, L50, M|
|poke|p2|Electabuzz, L50, M|
|poke|p2|Volcarona, L50, F|
|poke|p2|Sneasler, L50, F|
|poke|p2|Dragonite, L50, F|
|teampreview|4
|showteam|p1|Gholdengo||MetalCoat|GoodasGold|MakeItRain,ShadowBall,NastyPlot,Protect||||||50|,,,,,Water]Hydreigon||ChoiceSpecs|Levitate|DracoMeteor,DarkPulse,Snarl,HeatWave|||F|||50|,,,,,Fire]Talonflame||CovertCloak|GaleWings|BraveBird,Tailwind,Taunt,WillOWisp|||F|||50|,,,,,Grass]Sneasler||WhiteHerb|Unburden|DireClaw,CloseCombat,ThroatChop,Protect|||M|||50|,,,,,Dark]Clefable||SitrusBerry|Unaware|Moonblast,Protect,FollowMe,ThunderWave|||M|||50|,,,,,Water]Garchomp||LifeOrb|RoughSkin|DragonClaw,StompingTantrum,Earthquake,Protect|||M|||50|,,,,,Steel
|showteam|p2|Kingambit||BlackGlasses|Defiant|Protect,KowtowCleave,SuckerPunch,SwordsDance|||F|||50|,,,,,Dark]Rillaboom||AssaultVest|GrassySurge|WoodHammer,GrassyGlide,HighHorsepower,FakeOut|||M|||50|,,,,,Fire]Electabuzz||Eviolite|VitalSpirit|Protect,Thunderbolt,HelpingHand,FollowMe|||M|||50|,,,,,Ghost]Volcarona||CovertCloak|FlameBody|Protect,HeatWave,TeraBlast,QuiverDance|||F|||50|,,,,,Fairy]Sneasler||FocusSash|Unburden|CloseCombat,DireClaw,Coaching,FakeOut|||F|||50|,,,,,Stellar]Dragonite||LoadedDice|Multiscale|ScaleShot,Haze,ExtremeSpeed,Protect|||F|||50|,,,,,Fairy
|inactive|Battle timer is ON: inactive players will automatically lose when time's up. (requested by akabaki)
|inactive|akabaki has 60 seconds left.
|inactive|akabaki has 30 seconds left.
|
|t:|1756315204
|teamsize|p1|4
|teamsize|p2|4
|start
|switch|p1a: Garchomp|Garchomp, L50, M|100/100
|switch|p1b: Talonflame|Talonflame, L50, F|100/100
|switch|p2a: Volcarona|Volcarona, L50, F|100/100
|switch|p2b: Snarf|Electabuzz, L50, M|100/100
|turn|1
|inactive|akabaki has 30 seconds left.
|inactive|IngeVGC has 30 seconds left.
|inactive|akabaki has 20 seconds left.
|inactive|IngeVGC has 20 seconds left.
|inactive|akabaki has 15 seconds left.
|inactive|IngeVGC has 15 seconds left.
|inactive|akabaki has 10 seconds left.
|inactive|IngeVGC has 10 seconds left.
|
|t:|1756315251
|switch|p2b: Kerchak|Rillaboom, L50, M|100/100
|-fieldstart|move: Grassy Terrain|[from] ability: Grassy Surge|[of] p2b: Kerchak
|-terastallize|p1a: Garchomp|Steel
|-terastallize|p2a: Volcarona|Fairy
|move|p1b: Talonflame|Tailwind|p1b: Talonflame
|-sidestart|p1: akabaki|move: Tailwind
|move|p1a: Garchomp|Earthquake|p2a: Volcarona|[spread] p2a,p2b
|-immune|p1b: Talonflame
|-resisted|p2b: Kerchak
|-damage|p2a: Volcarona|69/100
|-damage|p2b: Kerchak|89/100
|-damage|p1a: Garchomp|91/100|[from] item: Life Orb
|move|p2a: Volcarona|Quiver Dance|p2a: Volcarona
|-boost|p2a: Volcarona|spa|1
|-boost|p2a: Volcarona|spd|1
|-boost|p2a: Volcarona|spe|1
|
|-heal|p1a: Garchomp|97/100|[from] Grassy Terrain
|-heal|p2a: Volcarona|75/100|[from] Grassy Terrain
|-heal|p2b: Kerchak|95/100|[from] Grassy Terrain
|upkeep
|turn|2
|inactive|akabaki has 30 seconds left.
|inactive|akabaki has 20 seconds left.
|inactive|akabaki has 15 seconds left.
|
|t:|1756315292
|switch|p1a: Clefable|Clefable, L50, M|100/100
|switch|p2b: Snarf|Electabuzz, L50, M|100/100
|move|p2a: Volcarona|Protect|p2a: Volcarona
|-singleturn|p2a: Volcarona|Protect
|move|p1b: Talonflame|Will-O-Wisp|p2b: Snarf
|-status|p2b: Snarf|brn
|
|-heal|p2a: Volcarona|82/100|[from] Grassy Terrain
|-damage|p2b: Snarf|95/100 brn|[from] brn
|upkeep
|turn|3
|
|t:|1756315316
|move|p2b: Snarf|Helping Hand|p2a: Volcarona
|-singleturn|p2a: Volcarona|Helping Hand|[of] p2b: Snarf
|move|p1b: Talonflame|Taunt|p2b: Snarf
|-start|p2b: Snarf|move: Taunt
|move|p2a: Volcarona|Heat Wave|p1a: Clefable|[spread] p1a,p1b
|-resisted|p1b: Talonflame
|-damage|p1a: Clefable|54/100
|-damage|p1b: Talonflame|32/100
|move|p1a: Clefable|Moonblast|p2a: Volcarona
|-damage|p2a: Volcarona|55/100
|
|-heal|p2a: Volcarona|61/100|[from] Grassy Terrain
|-heal|p1a: Clefable|60/100|[from] Grassy Terrain
|-heal|p2b: Snarf|100/100 brn|[from] Grassy Terrain
|-damage|p2b: Snarf|95/100 brn|[from] brn
|upkeep
|turn|4
|inactive|akabaki has 30 seconds left.
|inactive|akabaki has 20 seconds left.
|inactive|akabaki has 15 seconds left.
|
|t:|1756315357
|move|p2a: Volcarona|Protect|p2a: Volcarona
|-singleturn|p2a: Volcarona|Protect
|move|p1b: Talonflame|Brave Bird|p2a: Volcarona
|-activate|p2a: Volcarona|move: Protect
|move|p1a: Clefable|Thunder Wave|p2a: Volcarona
|-activate|p2a: Volcarona|move: Protect
|move|p2b: Snarf|Thunderbolt|p1b: Talonflame
|-supereffective|p1b: Talonflame
|-damage|p1b: Talonflame|0 fnt
|faint|p1b: Talonflame
|
|-heal|p2a: Volcarona|68/100|[from] Grassy Terrain
|-heal|p1a: Clefable|66/100|[from] Grassy Terrain
|-heal|p2b: Snarf|100/100 brn|[from] Grassy Terrain
|-damage|p2b: Snarf|95/100 brn|[from] brn
|-sideend|p1: akabaki|move: Tailwind
|upkeep
|
|t:|1756315371
|switch|p1b: Sneasler|Sneasler, L50, M|100/100
|turn|5
|
|t:|1756315388
|move|p1b: Sneasler|Protect|p1b: Sneasler
|-singleturn|p1b: Sneasler|Protect
|move|p2a: Volcarona|Heat Wave|p1b: Sneasler|[spread] p1a
|-activate|p1b: Sneasler|move: Protect
|-damage|p1a: Clefable|37/100
|-enditem|p1a: Clefable|Sitrus Berry|[eat]
|-heal|p1a: Clefable|61/100|[from] item: Sitrus Berry
|move|p2b: Snarf|Thunderbolt|p1b: Sneasler
|-activate|p1b: Sneasler|move: Protect
|move|p1a: Clefable|Thunder Wave|p2a: Volcarona
|-status|p2a: Volcarona|par
|
|-heal|p2b: Snarf|100/100 brn|[from] Grassy Terrain
|-heal|p2a: Volcarona|74/100 par|[from] Grassy Terrain
|-heal|p1a: Clefable|67/100|[from] Grassy Terrain
|-damage|p2b: Snarf|95/100 brn|[from] brn
|-fieldend|move: Grassy Terrain
|upkeep
|turn|6
|inactive|akabaki has 30 seconds left.
|
|t:|1756315417
|move|p2a: Volcarona|Protect|p2a: Volcarona
|-singleturn|p2a: Volcarona|Protect
|move|p1b: Sneasler|Close Combat|p2b: Snarf
|-damage|p2b: Snarf|43/100 brn
|-unboost|p1b: Sneasler|def|1
|-unboost|p1b: Sneasler|spd|1
|-enditem|p1b: Sneasler|White Herb
|-clearnegativeboost|p1b: Sneasler|[silent]
|move|p2b: Snarf|Thunderbolt|p1b: Sneasler
|-damage|p1b: Sneasler|60/100
|move|p1a: Clefable|Moonblast|p2b: Snarf
|-damage|p2b: Snarf|15/100 brn
|
|-damage|p2b: Snarf|9/100 brn|[from] brn
|-end|p2b: Snarf|move: Taunt
|upkeep
|turn|7
|inactive|akabaki has 30 seconds left.
|inactive|akabaki has 20 seconds left.
|
|t:|1756315454
|move|p2b: Snarf|Follow Me|p2b: Snarf
|-singleturn|p2b: Snarf|move: Follow Me
|move|p1b: Sneasler|Dire Claw|p2b: Snarf
|-damage|p2b: Snarf|0 fnt
|faint|p2b: Snarf
|move|p2a: Volcarona|Heat Wave|p1a: Clefable|[spread] p1a,p1b
|-crit|p1a: Clefable
|-damage|p1a: Clefable|24/100
|-damage|p1b: Sneasler|0 fnt
|faint|p1b: Sneasler
|move|p1a: Clefable|Moonblast|p2a: Volcarona
|-damage|p2a: Volcarona|47/100 par
|
|upkeep
|
|t:|1756315465
|switch|p1b: Garchomp|Garchomp, L50, M, tera:Steel|97/100
|switch|p2b: Kerchak|Rillaboom, L50, M|95/100
|-fieldstart|move: Grassy Terrain|[from] ability: Grassy Surge|[of] p2b: Kerchak
|turn|8
|
|t:|1756315473
|move|p1b: Garchomp|Protect|p1b: Garchomp
|-singleturn|p1b: Garchomp|Protect
|move|p1a: Clefable|Protect|p1a: Clefable
|-singleturn|p1a: Clefable|Protect
|move|p2b: Kerchak|Fake Out|p1b: Garchomp
|-activate|p1b: Garchomp|move: Protect
|cant|p2a: Volcarona|par
|
|-heal|p1b: Garchomp|100/100|[from] Grassy Terrain
|-heal|p2b: Kerchak|100/100|[from] Grassy Terrain
|-heal|p2a: Volcarona|54/100 par|[from] Grassy Terrain
|-heal|p1a: Clefable|30/100|[from] Grassy Terrain
|upkeep
|turn|9
|
|t:|1756315485
|move|p1b: Garchomp|Stomping Tantrum|p2a: Volcarona
|-damage|p2a: Volcarona|0 fnt
|-status|p1b: Garchomp|brn|[from] ability: Flame Body|[of] p2a: Volcarona
|faint|p2a: Volcarona
|-damage|p1b: Garchomp|91/100 brn|[from] item: Life Orb
|move|p2b: Kerchak|High Horsepower|p1b: Garchomp
|-supereffective|p1b: Garchomp
|-damage|p1b: Garchomp|27/100 brn
|-damage|p2b: Kerchak|88/100|[from] ability: Rough Skin|[of] p1b: Garchomp
|move|p1a: Clefable|Moonblast|p2b: Kerchak
|-damage|p2b: Kerchak|66/100
|-unboost|p2b: Kerchak|spa|1
|
|-heal|p1b: Garchomp|33/100 brn|[from] Grassy Terrain
|-heal|p2b: Kerchak|72/100|[from] Grassy Terrain
|-heal|p1a: Clefable|36/100|[from] Grassy Terrain
|-damage|p1b: Garchomp|27/100 brn|[from] brn
|upkeep
|
|t:|1756315489
|switch|p2a: Vanessa|Sneasler, L50, F|100/100
|turn|10
|-message|akabaki forfeited.
|
|win|IngeVGC
|raw|akabaki's rating: 1326 → 1307(-19 for losing)
|raw|IngeVGC's rating: 1344 → 1363(+19 for winning)
|l|☆akabaki
|player|p1|
