|j|☆Govek314
|j|☆iLouca
|html|Govek314iLouca    
|uhtml|bestof|Game 2 of a best-of-3
|t:|1757158378
|gametype|doubles
|player|p1|Govek314|101|1134
|player|p2|iLouca|acetrainer|1156
|gen|9
|tier|[Gen 9] VGC 2025 Reg H (Bo3)
|rated|
|rule|Species Clause: Limit one of each Pokémon
|rule|Item Clause: Limit 1 of each item
|clearpoke
|poke|p1|Talonflame, L50, F|
|poke|p1|Tyranitar, L50, F|
|poke|p1|Excadrill, L50, M|
|poke|p1|Basculegion, L50, M|
|poke|p1|Indeedee-F, L50, F|
|poke|p1|Kommo-o, L50, M|
|poke|p2|Charizard, L50, M|
|poke|p2|Dragapult, L50, M|
|poke|p2|Ursaluna, L50, M|
|poke|p2|Kingambit, L50, M|
|poke|p2|Rillaboom, L50, M|
|poke|p2|Whimsicott, L50, F|
|teampreview|4
|showteam|p1|Talonflame||CovertCloak|FlameBody|DualWingbeat,FlareBlitz,Tailwind,WillOWisp|||F|||50|,,,,,Fairy]Tyranitar||AssaultVest|SandStream|RockSlide,KnockOff,LowKick,TeraBlast|||F|||50|,,,,,Flying]Excadrill||FocusSash|SandRush|IronHead,HighHorsepower,TeraBlast,Protect|||M|||50|,,,,,Grass]Basculegion||ChoiceScarf|Adaptability|WaveCrash,LastRespects,FlipTurn,TeraBlast|||M|||50|,,,,,Fairy]Indeedee-F||PsychicSeed|PsychicSurge|TrickRoom,Psychic,FollowMe,Imprison|||F|||50|,,,,,Grass]Kommo-o||ThroatSpray|Overcoat|ClangingScales,ClangorousSoul,AuraSphere,Protect|||M|||50|,,,,,Steel
|showteam|p2|Charizard||LifeOrb|SolarPower|HeatWave,AirSlash,SolarBeam,Protect|||M|||50|,,,,,Fire]Dragapult||ChoiceBand|ClearBody|DragonDarts,PhantomForce,SuckerPunch,Uturn|||M|||50|,,,,,Dragon]Ursaluna||FlameOrb|Guts|Facade,HeadlongRush,Earthquake,Protect|||M|||50|,,,,,Ghost]Kingambit||BlackGlasses|Defiant|KowtowCleave,SuckerPunch,SwordsDance,Protect|||M|||50|,,,,,Flying]Rillaboom||AssaultVest|GrassySurge|WoodHammer,GrassyGlide,FakeOut,Uturn|||M|||50|,,,,,Fire]Whimsicott||FocusSash|Prankster|Moonblast,Endeavor,SunnyDay,Tailwind|||F|||50|,,,,,Ghost
|
|t:|1757158422
|teamsize|p1|4
|teamsize|p2|4
|start
|switch|p1a: Basculegion|Basculegion, L50, M|100/100
|switch|p1b: Excadrill|Excadrill, L50, M, shiny|100/100
|switch|p2a: Charizard|Charizard, L50, M|100/100
|switch|p2b: Whimsicott|Whimsicott, L50, F|100/100
|turn|1
|
|t:|1757158456
|switch|p1b: Tyranitar|Tyranitar, L50, F, shiny|100/100
|-weather|Sandstorm|[from] ability: Sand Stream|[of] p1b: Tyranitar
|move|p2a: Charizard|Protect|p2a: Charizard
|-singleturn|p2a: Charizard|Protect
|move|p2b: Whimsicott|Tailwind|p2b: Whimsicott
|-sidestart|p2: iLouca|move: Tailwind
|move|p1a: Basculegion|Flip Turn|p2a: Charizard
|-activate|p2a: Charizard|move: Protect
|
|-weather|Sandstorm|[upkeep]
|-damage|p2b: Whimsicott|95/100|[from] Sandstorm
|-damage|p2a: Charizard|95/100|[from] Sandstorm
|-damage|p1a: Basculegion|94/100|[from] Sandstorm
|upkeep
|turn|2
|
|t:|1757158481
|switch|p1a: Indeedee|Indeedee-F, L50, F|100/100
|-fieldstart|move: Psychic Terrain|[from] ability: Psychic Surge|[of] p1a: Indeedee
|-enditem|p1a: Indeedee|Psychic Seed
|-boost|p1a: Indeedee|spd|1|[from] item: Psychic Seed
|move|p2b: Whimsicott|Sunny Day|p2b: Whimsicott
|-weather|SunnyDay
|move|p2a: Charizard|Solar Beam||[still]
|-prepare|p2a: Charizard|Solar Beam
|-anim|p2a: Charizard|Solar Beam|p1b: Tyranitar
|-supereffective|p1b: Tyranitar
|-damage|p1b: Tyranitar|13/100
|-damage|p2a: Charizard|85/100|[from] item: Life Orb
|move|p1b: Tyranitar|Rock Slide|p2a: Charizard|[spread] p2a,p2b
|-supereffective|p2a: Charizard
|-damage|p2a: Charizard|0 fnt
|-damage|p2b: Whimsicott|50/100
|faint|p2a: Charizard
|
|-weather|SunnyDay|[upkeep]
|upkeep
|
|t:|1757158505
|switch|p2a: Rillaboom|Rillaboom, L50, M|100/100
|-fieldstart|move: Grassy Terrain|[from] ability: Grassy Surge|[of] p2a: Rillaboom
|turn|3
|
|t:|1757158537
|-terastallize|p1b: Tyranitar|Flying
|move|p2a: Rillaboom|Fake Out|p1a: Indeedee
|-damage|p1a: Indeedee|87/100
|cant|p1a: Indeedee|flinch
|move|p2b: Whimsicott|Moonblast|p1b: Tyranitar
|-damage|p1b: Tyranitar|0 fnt
|faint|p1b: Tyranitar
|
|-weather|SunnyDay|[upkeep]
|-heal|p2b: Whimsicott|56/100|[from] Grassy Terrain
|-heal|p1a: Indeedee|93/100|[from] Grassy Terrain
|upkeep
|
|t:|1757158550
|switch|p1b: Basculegion|Basculegion, L50, M|94/100
|turn|4
|
|t:|1757158566
|-terastallize|p2a: Rillaboom|Fire
|move|p1a: Indeedee|Follow Me|p1a: Indeedee
|-singleturn|p1a: Indeedee|move: Follow Me
|move|p2a: Rillaboom|Grassy Glide|p1a: Indeedee
|-crit|p1a: Indeedee
|-damage|p1a: Indeedee|32/100
|move|p2b: Whimsicott|Moonblast|p1a: Indeedee
|-crit|p1a: Indeedee
|-damage|p1a: Indeedee|0 fnt
|faint|p1a: Indeedee
|move|p1b: Basculegion|Last Respects|p2a: Rillaboom
|-damage|p2a: Rillaboom|0 fnt
|faint|p2a: Rillaboom
|
|-weather|SunnyDay|[upkeep]
|-heal|p2b: Whimsicott|62/100|[from] Grassy Terrain
|-heal|p1b: Basculegion|100/100|[from] Grassy Terrain
|-sideend|p2: iLouca|move: Tailwind
|upkeep
|
|t:|1757158585
|switch|p2a: Kingambit|Kingambit, L50, M, shiny|100/100
|switch|p1a: Excadrill|Excadrill, L50, M, shiny|100/100
|turn|5
|
|t:|1757158606
|move|p2a: Kingambit|Sucker Punch|p1b: Basculegion
|-supereffective|p1b: Basculegion
|-damage|p1b: Basculegion|0 fnt
|faint|p1b: Basculegion
|move|p2b: Whimsicott|Endeavor|p1a: Excadrill
|-damage|p1a: Excadrill|46/100
|move|p1a: Excadrill|High Horsepower|p2a: Kingambit
|-supereffective|p2a: Kingambit
|-damage|p2a: Kingambit|22/100
|
|-weather|SunnyDay|[upkeep]
|-heal|p2b: Whimsicott|68/100|[from] Grassy Terrain
|-heal|p1a: Excadrill|52/100|[from] Grassy Terrain
|-heal|p2a: Kingambit|28/100|[from] Grassy Terrain
|upkeep
|turn|6
|
|t:|1757158624
|move|p2a: Kingambit|Sucker Punch|p1a: Excadrill
|-damage|p1a: Excadrill|0 fnt
|faint|p1a: Excadrill
|
|win|iLouca
|raw|Govek314's rating: 1134 → 1111(-23 for losing)
|raw|iLouca's rating: 1156 → 1179(+23 for winning)
