|j|☆therisingnoob
|j|☆1#MiraidonHater
|html|therisingnoob1#MiraidonHater    
|uhtml|bestof|Game 1 of a best-of-3
|t:|1782387919
|gametype|doubles
|player|p1|therisingnoob|norman|1224
|player|p2|1#MiraidonHater|volkner|1162
|gen|9
|tier|[Gen 9 Champions] VGC 2026 Reg M-B (Bo3)
|rated|
|rule|Species Clause: Limit one of each Pokémon
|rule|Item Clause: Limit 1 of each item
|clearpoke
|poke|p1|Scrafty, L50, M|
|poke|p1|Torkoal, L50, F|
|poke|p1|Farigiraf, L50, F|
|poke|p1|Vileplume, L50, F|
|poke|p1|Araquanid, L50, M|
|poke|p1|Mudsdale, L50, M|
|poke|p2|Dragalge, L50, F|
|poke|p2|Floette-Eternal, L50, F|
|poke|p2|Corviknight, L50, F|
|poke|p2|Incineroar, L50, M|
|poke|p2|Hydreigon, L50, F|
|poke|p2|Sinistcha, L50|
|teampreview|4
|showteam|p1|Scrafty||Scraftinite|Intimidate|FakeOut,KnockOff,DrainPunch,IcePunch|Brave||M|||50|]Torkoal||Charcoal|Drought|Eruption,WeatherBall,EarthPower,Protect|Quiet||F|||50|]Farigiraf||SitrusBerry|ArmorTail|TrickRoom,Thunderbolt,TwinBeam,HelpingHand|Bold||F|||50|]Vileplume||WideLens|Chlorophyll|SleepPowder,SludgeBomb,SolarBeam,AfterYou|Timid||F|||50|]Araquanid||MysticWater|WaterBubble|WideGuard,Liquidation,Infestation,LeechLife|Brave||M|||50|]Mudsdale||LifeOrb|OwnTempo|Protect,RockSlide,CloseCombat,HighHorsepower|Brave||M|||50|
|showteam|p2|Dragalge||Dragalgite|PoisonPoint|Venoshock,DracoMeteor,Toxic,Protect|Bold||F|||50|]Floette-Eternal||Floettite|FlowerVeil|DrainingKiss,DazzlingGleam,CalmMind,Protect|Timid||F|||50|]Corviknight||Leftovers|MirrorArmor|BodyPress,Tailwind,BraveBird,Roost|Impish||F|||50|]Incineroar||ChopleBerry|Intimidate|FlareBlitz,ThroatChop,FakeOut,PartingShot|Impish||M|||50|]Hydreigon||ChoiceScarf|Levitate|DarkPulse,DracoMeteor,EarthPower,Snarl|Modest||F|||50|]Sinistcha||SitrusBerry|Hospitality|MatchaGotcha,RagePowder,LifeDew,TrickRoom|Calm|||||50|
|
|t:|1782387956
|teamsize|p1|4
|teamsize|p2|4
|start
|switch|p1a: Vileplume|Vileplume, L50, F|100/100
|switch|p1b: Farigiraf|Farigiraf, L50, F|100/100
|switch|p2a: Dragalge|Dragalge, L50, F|100/100
|switch|p2b: Incineroar|Incineroar, L50, M|100/100
|-ability|p2b: Incineroar|Intimidate|boost
|-unboost|p1a: Vileplume|atk|1
|-unboost|p1b: Farigiraf|atk|1
|turn|1
|
|t:|1782387980
|move|p1a: Vileplume|Sleep Powder|p2b: Incineroar
|-status|p2b: Incineroar|slp|[from] move: Sleep Powder
|cant|p2b: Incineroar|slp
|move|p2a: Dragalge|Toxic|p1b: Farigiraf
|-status|p1b: Farigiraf|tox
|move|p1b: Farigiraf|Trick Room|p1b: Farigiraf
|-fieldstart|move: Trick Room|[of] p1b: Farigiraf
|
|-damage|p1b: Farigiraf|94/100 tox|[from] psn
|upkeep
|turn|2
|j| porygon-epilepz
|
|t:|1782388032
|switch|p1b: Torkoal|Torkoal, L50, F|100/100
|-weather|SunnyDay|[from] ability: Drought|[of] p1b: Torkoal
|detailschange|p2a: Dragalge|Dragalge-Mega, L50, F
|-mega|p2a: Dragalge|Dragalge|Dragalgite
|move|p2a: Dragalge|Venoshock|p1b: Torkoal
|-damage|p1b: Torkoal|57/100
|cant|p2b: Incineroar|slp
|move|p1a: Vileplume|Sleep Powder|p2a: Dragalge
|-status|p2a: Dragalge|slp|[from] move: Sleep Powder
|
|-weather|SunnyDay|[upkeep]
|upkeep
|turn|3
|
|t:|1782388057
|switch|p1a: Farigiraf|Farigiraf, L50, F|94/100 tox
|move|p1b: Torkoal|Earth Power|p2b: Incineroar
|-supereffective|p2b: Incineroar|1
|-damage|p2b: Incineroar|51/100 slp
|-unboost|p2b: Incineroar|spd|1
|cant|p2a: Dragalge|slp
|-curestatus|p2b: Incineroar|slp|[msg]
|move|p2b: Incineroar|Flare Blitz|p1a: Farigiraf
|-damage|p1a: Farigiraf|39/100 tox
|-enditem|p1a: Farigiraf|Sitrus Berry|[eat]
|-heal|p1a: Farigiraf|64/100 tox|[from] item: Sitrus Berry
|-damage|p2b: Incineroar|31/100|[from] Recoil
|
|-weather|SunnyDay|[upkeep]
|-damage|p1a: Farigiraf|58/100 tox|[from] psn
|upkeep
|turn|4
|
|t:|1782388081
|switch|p2b: Hydreigon|Hydreigon, L50, F|100/100
|move|p1b: Torkoal|Earth Power|p2b: Hydreigon
|-immune|p2b: Hydreigon|[from] ability: Levitate
|cant|p2a: Dragalge|slp
|move|p1a: Farigiraf|Twin Beam|p2a: Dragalge
|-supereffective|p2a: Dragalge|1
|-crit|p2a: Dragalge
|-damage|p2a: Dragalge|68/100 slp
|-supereffective|p2a: Dragalge|1
|-damage|p2a: Dragalge|50/100y slp
|-hitcount|p2a: Dragalge|2
|
|-weather|SunnyDay|[upkeep]
|-damage|p1a: Farigiraf|46/100 tox|[from] psn
|upkeep
|turn|5
|
|t:|1782388103
|move|p1a: Farigiraf|Helping Hand|p1b: Torkoal
|-singleturn|p1b: Torkoal|Helping Hand|[of] p1a: Farigiraf
|-curestatus|p2a: Dragalge|slp|[msg]
|move|p2a: Dragalge|Protect|p2a: Dragalge
|-singleturn|p2a: Dragalge|Protect
|move|p1b: Torkoal|Weather Ball|p2b: Hydreigon
|-resisted|p2b: Hydreigon|1
|-damage|p2b: Hydreigon|37/100
|move|p2b: Hydreigon|Snarl|p1a: Farigiraf|[spread] p1a,p1b
|-supereffective|p1a: Farigiraf|1
|-damage|p1a: Farigiraf|5/100 tox
|-damage|p1b: Torkoal|28/100
|-unboost|p1a: Farigiraf|spa|1
|-unboost|p1b: Torkoal|spa|1
|
|-weather|SunnyDay|[upkeep]
|-damage|p1a: Farigiraf|0 fnt|[from] psn
|faint|p1a: Farigiraf
|-fieldend|move: Trick Room
|upkeep
|
|t:|1782388122
|switch|p1a: Vileplume|Vileplume, L50, F|100/100
|turn|6
|
|t:|1782388129
|-heal|p2a: Dragalge|83/100|[from] ability: Regenerator|[silent]
|switch|p2a: Sinistcha|Sinistcha, L50|100/100
|-heal|p2b: Hydreigon|62/100|[from] ability: Hospitality|[of] p2a: Sinistcha
|switch|p1b: Araquanid|Araquanid, L50, M|100/100
|move|p2b: Hydreigon|Snarl|p1a: Vileplume|[spread] p1a,p1b
|-damage|p1a: Vileplume|68/100
|-damage|p1b: Araquanid|81/100
|-unboost|p1a: Vileplume|spa|1
|-unboost|p1b: Araquanid|spa|1
|move|p1a: Vileplume|Sleep Powder|p2b: Hydreigon
|-status|p2b: Hydreigon|slp|[from] move: Sleep Powder
|
|-weather|none
|upkeep
|turn|7
|
|t:|1782388156
|switch|p2b: Incineroar|Incineroar, L50, M|31/100
|-ability|p2b: Incineroar|Intimidate|boost
|-unboost|p1a: Vileplume|atk|1
|-unboost|p1b: Araquanid|atk|1
|move|p1a: Vileplume|Sludge Bomb|p2a: Sinistcha
|-crit|p2a: Sinistcha
|-damage|p2a: Sinistcha|45/100
|-enditem|p2a: Sinistcha|Sitrus Berry|[eat]
|-heal|p2a: Sinistcha|70/100|[from] item: Sitrus Berry
|move|p2a: Sinistcha|Matcha Gotcha|p1b: Araquanid|[spread] p1a,p1b
|-resisted|p1a: Vileplume|2
|-damage|p1a: Vileplume|61/100
|-heal|p2a: Sinistcha|73/100|[from] drain|[of] p1a: Vileplume
|-damage|p1b: Araquanid|62/100
|-heal|p2a: Sinistcha|83/100|[from] drain|[of] p1b: Araquanid
|move|p1b: Araquanid|Leech Life|p2a: Sinistcha
|-damage|p2a: Sinistcha|64/100
|-heal|p1b: Araquanid|72/100|[from] drain|[of] p2a: Sinistcha
|
|upkeep
|turn|8
|
|t:|1782388199
|switch|p1b: Torkoal|Torkoal, L50, F|28/100
|-weather|SunnyDay|[from] ability: Drought|[of] p1b: Torkoal
|move|p2b: Incineroar|Fake Out|p1b: Torkoal
|-damage|p1b: Torkoal|20/100y
|move|p1a: Vileplume|Sleep Powder|p2b: Incineroar
|-status|p2b: Incineroar|slp|[from] move: Sleep Powder
|move|p2a: Sinistcha|Life Dew|p2a: Sinistcha|[spread] p2a,p2b
|-heal|p2a: Sinistcha|89/100
|-heal|p2b: Incineroar|56/100 slp
|
|-weather|SunnyDay|[upkeep]
|upkeep
|turn|9
|
|t:|1782388219
|switch|p2a: Hydreigon|Hydreigon, L50, F|62/100 slp
|move|p1a: Vileplume|After You|p1b: Torkoal
|-activate|p1b: Torkoal|move: After You
|move|p1b: Torkoal|Weather Ball|p2a: Hydreigon
|-resisted|p2a: Hydreigon|1
|-damage|p2a: Hydreigon|20/100y slp
|cant|p2b: Incineroar|slp
|
|-weather|SunnyDay|[upkeep]
|upkeep
|turn|10
|
|t:|1782388234
|switch|p1a: Araquanid|Araquanid, L50, M|72/100
|move|p1b: Torkoal|Protect|p1b: Torkoal
|-singleturn|p1b: Torkoal|Protect
|cant|p2a: Hydreigon|slp
|cant|p2b: Incineroar|slp
|
|-weather|SunnyDay|[upkeep]
|upkeep
|turn|11
|
|t:|1782388250
|move|p1a: Araquanid|Wide Guard|p1a: Araquanid
|-singleturn|p1a: Araquanid|Wide Guard
|-curestatus|p2a: Hydreigon|slp|[msg]
|move|p2a: Hydreigon|Dark Pulse|p1b: Torkoal
|-damage|p1b: Torkoal|0 fnt
|faint|p1b: Torkoal
|-curestatus|p2b: Incineroar|slp|[msg]
|move|p2b: Incineroar|Parting Shot|p1a: Araquanid
|-unboost|p1a: Araquanid|atk|1
|-unboost|p1a: Araquanid|spa|1
|-message|therisingnoob forfeited.
|
|win|1#MiraidonHater
|l|☆therisingnoob
|player|p1|
||1#MiraidonHater is ready for game 2.
||therisingnoob is ready for game 2.
|uhtml|next|Next: Game 2 of 3
