|j|☆axcoquette
|j|☆detacompuesto
|html|axcoquettedetacompuesto    
|uhtml|bestof|Game 2 of a best-of-3
|t:|1783973592
|gametype|doubles
|player|p1|axcoquette|maid|1234
|player|p2|detacompuesto|hilbert|1099
|gen|9
|tier|[Gen 9 Champions] VGC 2026 Reg M-B (Bo3)
|rated|
|rule|Species Clause: Limit one of each Pokémon
|rule|Item Clause: Limit 1 of each item
|clearpoke
|poke|p1|Ceruledge, L50, M|
|poke|p1|Glimmora, L50, F|
|poke|p1|Weavile, L50, M|
|poke|p1|Raichu, L50, M|
|poke|p1|Whimsicott, L50, M|
|poke|p1|Milotic, L50, F|
|poke|p2|Blaziken, L50, F|
|poke|p2|Sinistcha, L50|
|poke|p2|Gardevoir, L50, M|
|poke|p2|Farigiraf, L50, M|
|poke|p2|Basculegion, L50, M|
|poke|p2|Whimsicott, L50, F|
|teampreview|4
|showteam|p1|Ceruledge||ColburBerry|FlashFire|BitterBlade,ShadowSneak,BulkUp,Protect|Impish||M|||50|]Glimmora||Glimmoranite|ToxicDebris|SpikyShield,PowerGem,EarthPower,SludgeBomb|Timid||F|||50|]Weavile||FocusSash|Pressure|IcePunch,FakeOut,Protect,KnockOff|Jolly||M|||50|]Raichu||RaichuniteY|LightningRod|FakeOut,FocusBlast,ZapCannon,Protect|Timid||M|||50|]Whimsicott||FairyFeather|Prankster|Tailwind,Moonblast,Protect,Encore|Modest||M|||50|]Milotic||Leftovers|Competitive|Coil,Hypnosis,MuddyWater,Recover|Calm||F|||50|
|showteam|p2|Blaziken||Blazikenite|SpeedBoost|Protect,FlareBlitz,CloseCombat,SwordsDance|Adamant||F|||50|]Sinistcha||BrightPowder|Hospitality|StrengthSap,MatchaGotcha,Protect,RagePowder|Bold|||||50|]Gardevoir||Gardevoirite|Synchronize|HyperVoice,Protect,CalmMind,MysticalFire|Modest||M|||50|]Farigiraf||Leftovers|ArmorTail|TrickRoom,TwinBeam,Reflect,Protect|Sassy||M|||50|]Basculegion||ChoiceScarf|Adaptability|Protect,AquaJet,WaveCrash,LastRespects|Lonely||M|||50|]Whimsicott||FocusSash|Prankster|HelpingHand,Tailwind,Protect,Encore|Timid||F|||50|
|inactive|Battle timer is ON: inactive players will automatically lose when time's up. (requested by axcoquette)
|
|t:|1783973600
|teamsize|p1|4
|teamsize|p2|4
|start
|switch|p1a: Weavile|Weavile, L50, M|100/100
|switch|p1b: Milotic|Milotic, L50, F|100/100
|switch|p2a: Gardevoir|Gardevoir, L50, M|100/100
|switch|p2b: Whimsicott|Whimsicott, L50, F|100/100
|-ability|p1a: Weavile|Pressure
|turn|1
|inactive|axcoquette has 30 seconds left.
|inactive|detacompuesto has 30 seconds left.
|
|t:|1783973629
|switch|p1b: Ceruledge|Ceruledge, L50, M|100/100
|detailschange|p2a: Gardevoir|Gardevoir-Mega, L50, M
|-mega|p2a: Gardevoir|Gardevoir|Gardevoirite
|move|p2b: Whimsicott|Tailwind|p2b: Whimsicott
|-sidestart|p2: detacompuesto|move: Tailwind
|move|p2a: Gardevoir|Hyper Voice|p1a: Weavile|[spread] p1a,p1b
|-supereffective|p1a: Weavile|1
|-resisted|p1b: Ceruledge|1
|-enditem|p1a: Weavile|Focus Sash
|-damage|p1a: Weavile|1/100
|-damage|p1b: Ceruledge|78/100
|move|p1a: Weavile|Knock Off|p2a: Gardevoir
|-damage|p2a: Gardevoir|41/100
|
|upkeep
|turn|2
|inactive|detacompuesto has 30 seconds left.
|
|t:|1783973655
|move|p2b: Whimsicott|Helping Hand|p2a: Gardevoir
|-singleturn|p2a: Gardevoir|Helping Hand|[of] p2b: Whimsicott
|move|p1b: Ceruledge|Shadow Sneak|p2a: Gardevoir
|-supereffective|p2a: Gardevoir|1
|-damage|p2a: Gardevoir|0 fnt
|faint|p2a: Gardevoir
|move|p1a: Weavile|Knock Off|p2b: Whimsicott
|-resisted|p2b: Whimsicott|1
|-damage|p2b: Whimsicott|64/100
|-enditem|p2b: Whimsicott|Focus Sash|[from] move: Knock Off|[of] p1a: Weavile
|
|upkeep
|
|t:|1783973665
|switch|p2a: Basculegion|Basculegion, L50, M|100/100
|turn|3
|inactive|detacompuesto has 30 seconds left.
|
|t:|1783973693
|move|p2b: Whimsicott|Helping Hand|p2a: Basculegion
|-singleturn|p2a: Basculegion|Helping Hand|[of] p2b: Whimsicott
|move|p2a: Basculegion|Aqua Jet|p1a: Weavile
|-damage|p1a: Weavile|0 fnt
|faint|p1a: Weavile
|move|p1b: Ceruledge|Shadow Sneak|p2a: Basculegion
|-supereffective|p2a: Basculegion|1
|-damage|p2a: Basculegion|53/100
|
|upkeep
|
|t:|1783973701
|switch|p1a: Milotic|Milotic, L50, F|100/100
|turn|4
|
|t:|1783973710
|move|p2b: Whimsicott|Helping Hand|p2a: Basculegion
|-singleturn|p2a: Basculegion|Helping Hand|[of] p2b: Whimsicott
|move|p2a: Basculegion|Aqua Jet|p1b: Ceruledge
|-supereffective|p1b: Ceruledge|1
|-damage|p1b: Ceruledge|3/100
|move|p1b: Ceruledge|Shadow Sneak|p2a: Basculegion
|-supereffective|p2a: Basculegion|1
|-damage|p2a: Basculegion|1/100
|move|p1a: Milotic|Muddy Water|p2a: Basculegion|[spread] p2a,p2b
|-resisted|p2a: Basculegion|1
|-resisted|p2b: Whimsicott|1
|-damage|p2a: Basculegion|0 fnt
|-damage|p2b: Whimsicott|43/100
|faint|p2a: Basculegion
|
|-sideend|p2: detacompuesto|move: Tailwind
|upkeep
|
|t:|1783973722
|switch|p2a: Sinistcha|Sinistcha, L50|100/100
|-heal|p2b: Whimsicott|68/100|[from] ability: Hospitality|[of] p2a: Sinistcha
|turn|5
|
|t:|1783973736
|move|p2b: Whimsicott|Helping Hand|p2a: Sinistcha
|-singleturn|p2a: Sinistcha|Helping Hand|[of] p2b: Whimsicott
|move|p1b: Ceruledge|Bitter Blade|p2a: Sinistcha
|-supereffective|p2a: Sinistcha|1
|-damage|p2a: Sinistcha|36/100
|-heal|p1b: Ceruledge|28/100|[from] drain|[of] p2a: Sinistcha
|move|p1a: Milotic|Coil|p1a: Milotic
|-boost|p1a: Milotic|atk|1
|-boost|p1a: Milotic|def|1
|-boost|p1a: Milotic|accuracy|1
|move|p2a: Sinistcha|Matcha Gotcha|p1a: Milotic|[spread] p1a,p1b
|-supereffective|p1a: Milotic|1
|-resisted|p1b: Ceruledge|1
|-damage|p1a: Milotic|52/100
|-heal|p2a: Sinistcha|69/100|[from] drain|[of] p1a: Milotic
|-damage|p1b: Ceruledge|14/100
|-heal|p2a: Sinistcha|78/100|[from] drain|[of] p1b: Ceruledge
|
|-heal|p1a: Milotic|58/100|[from] item: Leftovers
|upkeep
|turn|6
|inactive|detacompuesto has 30 seconds left.
|
|t:|1783973765
|move|p2b: Whimsicott|Tailwind|p2b: Whimsicott
|-sidestart|p2: detacompuesto|move: Tailwind
|move|p2a: Sinistcha|Strength Sap|p1b: Ceruledge
|-unboost|p1b: Ceruledge|atk|1
|-heal|p2a: Sinistcha|100/100
|move|p1b: Ceruledge|Bitter Blade|p2a: Sinistcha
|-supereffective|p2a: Sinistcha|1
|-damage|p2a: Sinistcha|57/100
|-heal|p1b: Ceruledge|31/100|[from] drain|[of] p2a: Sinistcha
|move|p1a: Milotic|Hypnosis|p2b: Whimsicott
|-status|p2b: Whimsicott|slp|[from] move: Hypnosis
|
|-heal|p1a: Milotic|64/100|[from] item: Leftovers
|upkeep
|turn|7
|
|t:|1783973781
|cant|p2b: Whimsicott|slp
|move|p2a: Sinistcha|Matcha Gotcha|p1a: Milotic|[spread] p1a,p1b
|-supereffective|p1a: Milotic|1
|-resisted|p1b: Ceruledge|1
|-damage|p1a: Milotic|28/100
|-heal|p2a: Sinistcha|82/100|[from] drain|[of] p1a: Milotic
|-damage|p1b: Ceruledge|21/100
|-heal|p2a: Sinistcha|88/100|[from] drain|[of] p1b: Ceruledge
|move|p1b: Ceruledge|Bitter Blade|p2a: Sinistcha
|-supereffective|p2a: Sinistcha|1
|-damage|p2a: Sinistcha|45/100
|-heal|p1b: Ceruledge|39/100|[from] drain|[of] p2a: Sinistcha
|move|p1a: Milotic|Hypnosis|p2a: Sinistcha
|-status|p2a: Sinistcha|slp|[from] move: Hypnosis
|
|-heal|p1a: Milotic|34/100|[from] item: Leftovers
|upkeep
|turn|8
|j| Empolado Empoladez
|l| Empolado Empoladez
|-message|detacompuesto forfeited.
|
|win|axcoquette
|raw|axcoquette's rating: 1234 → 1250(+16 for winning)
|raw|detacompuesto's rating: 1099 → 1083(-16 for losing)
