|j|☆r4ka
|j|☆DanielderKonig
|html|r4kaDanielderKonig    
|uhtml|bestof|Game 2 of a best-of-3
|t:|1756642564
|gametype|doubles
|player|p1|r4ka|169|1131
|player|p2|DanielderKonig|2|1048
|gen|9
|tier|[Gen 9] VGC 2025 Reg H (Bo3)
|rated|
|rule|Species Clause: Limit one of each Pokémon
|rule|Item Clause: Limit 1 of each item
|clearpoke
|poke|p1|Rillaboom, L50, M|
|poke|p1|Dragonite, L50, M|
|poke|p1|Sneasler, L50, F|
|poke|p1|Kingambit, L50, M|
|poke|p1|Electabuzz, L50, M|
|poke|p1|Volcarona, L50, M|
|poke|p2|Dragonite, L50, F|
|poke|p2|Ursaluna-Bloodmoon, L50, M|
|poke|p2|Gholdengo, L50|
|poke|p2|Incineroar, L50, M|
|poke|p2|Rillaboom, L50, M|
|poke|p2|Sneasler, L50, M|
|teampreview|4
|showteam|p1|Rillaboom||AssaultVest|GrassySurge|FakeOut,HighHorsepower,WoodHammer,GrassyGlide|||M|||50|,,,,,Fire]Dragonite||LoadedDice|Multiscale|ExtremeSpeed,ScaleShot,Protect,Haze|||M|||50|,,,,,Steel]Sneasler||FocusSash|PoisonTouch|DireClaw,CloseCombat,FakeOut,Coaching|||F|||50|,,,,,Stellar]Kingambit||BlackGlasses|Defiant|KowtowCleave,SuckerPunch,SwordsDance,Protect|||M|||50|,,,,,Dark]Electabuzz||Eviolite|VitalSpirit|Thunderbolt,Taunt,Protect,FollowMe|||M|||50|,,,,,Ghost]Volcarona||Leftovers|FlameBody|HeatWave,TeraBlast,QuiverDance,Protect|||M|||50|,,,,,Fairy
|showteam|p2|Dragonite||LoadedDice|Multiscale|ScaleShot,Tailwind,Haze,Protect|||F|||50|,,,,,Steel]Ursaluna-Bloodmoon||CovertCloak|MindsEye|BloodMoon,EarthPower,HyperVoice,Protect|||M|||50|,,,,,Poison]Gholdengo||LifeOrb|GoodasGold|MakeItRain,ShadowBall,NastyPlot,Protect||||||50|,,,,,Water]Incineroar||SafetyGoggles|Intimidate|FlareBlitz,KnockOff,FakeOut,PartingShot|||M|||50|,,,,,Water]Rillaboom||AssaultVest|GrassySurge|WoodHammer,GrassyGlide,HighHorsepower,FakeOut|||M|||50|,,,,,Fire]Sneasler||FocusSash|PoisonTouch|CloseCombat,DireClaw,ThroatChop,Protect|||M|||50|,,,,,Stellar
|
|t:|1756642574
|teamsize|p1|4
|teamsize|p2|4
|start
|switch|p1a: Rillaboom|Rillaboom, L50, M|100/100
|switch|p1b: Volcarona|Volcarona, L50, M|100/100
|switch|p2a: Sneasler|Sneasler, L50, M|100/100
|switch|p2b: Gholdengo|Gholdengo, L50|100/100
|-fieldstart|move: Grassy Terrain|[from] ability: Grassy Surge|[of] p1a: Rillaboom
|turn|1
|
|t:|1756642593
|move|p2a: Sneasler|Dire Claw|p1b: Volcarona
|-damage|p1b: Volcarona|48/100
|move|p1b: Volcarona|Heat Wave|p2a: Sneasler|[spread] p2a,p2b
|-supereffective|p2b: Gholdengo
|-damage|p2a: Sneasler|48/100
|-damage|p2b: Gholdengo|23/100
|-status|p2b: Gholdengo|brn
|move|p2b: Gholdengo|Nasty Plot|p2b: Gholdengo
|-boost|p2b: Gholdengo|spa|2
|move|p1a: Rillaboom|High Horsepower|p2b: Gholdengo
|-supereffective|p2b: Gholdengo
|-damage|p2b: Gholdengo|0 fnt
|faint|p2b: Gholdengo
|
|-heal|p2a: Sneasler|53/100|[from] Grassy Terrain
|-heal|p1b: Volcarona|54/100|[from] Grassy Terrain
|-heal|p1b: Volcarona|60/100|[from] item: Leftovers
|upkeep
|
|t:|1756642606
|switch|p2b: Rillaboom|Rillaboom, L50, M|100/100
|turn|2
|
|t:|1756642614
|-terastallize|p1a: Rillaboom|Fire
|move|p1b: Volcarona|Protect|p1b: Volcarona
|-singleturn|p1b: Volcarona|Protect
|move|p2b: Rillaboom|Fake Out|p1b: Volcarona
|-activate|p1b: Volcarona|move: Protect
|move|p2a: Sneasler|Dire Claw|p1a: Rillaboom
|-damage|p1a: Rillaboom|64/100
|-status|p1a: Rillaboom|slp
|cant|p1a: Rillaboom|slp
|
|-heal|p2a: Sneasler|59/100|[from] Grassy Terrain
|-heal|p1b: Volcarona|66/100|[from] Grassy Terrain
|-heal|p1b: Volcarona|73/100|[from] item: Leftovers
|-heal|p1a: Rillaboom|70/100 slp|[from] Grassy Terrain
|upkeep
|turn|3
|
|t:|1756642644
|-terastallize|p2b: Rillaboom|Fire
|move|p2a: Sneasler|Dire Claw|p1b: Volcarona
|-damage|p1b: Volcarona|22/100
|-status|p1b: Volcarona|psn
|-status|p2a: Sneasler|brn|[from] ability: Flame Body|[of] p1b: Volcarona
|move|p1b: Volcarona|Heat Wave|p2b: Rillaboom|[spread] p2a,p2b
|-resisted|p2b: Rillaboom
|-damage|p2a: Sneasler|13/100 brn
|-damage|p2b: Rillaboom|87/100
|cant|p1a: Rillaboom|slp
|move|p2b: Rillaboom|High Horsepower|p1a: Rillaboom
|-supereffective|p1a: Rillaboom
|-damage|p1a: Rillaboom|10/100 slp
|
|-heal|p2a: Sneasler|19/100 brn|[from] Grassy Terrain
|-heal|p1b: Volcarona|28/100 psn|[from] Grassy Terrain
|-heal|p1b: Volcarona|34/100 psn|[from] item: Leftovers
|-heal|p2b: Rillaboom|93/100|[from] Grassy Terrain
|-heal|p1a: Rillaboom|16/100 slp|[from] Grassy Terrain
|-damage|p1b: Volcarona|22/100 psn|[from] psn
|-damage|p2a: Sneasler|13/100 brn|[from] brn
|upkeep
|turn|4
|
|t:|1756642669
|move|p2a: Sneasler|Dire Claw|p1b: Volcarona
|-damage|p1b: Volcarona|0 fnt
|faint|p1b: Volcarona
|-curestatus|p1a: Rillaboom|slp|[msg]
|move|p1a: Rillaboom|High Horsepower|p2b: Rillaboom
|-supereffective|p2b: Rillaboom
|-damage|p2b: Rillaboom|36/100
|move|p2b: Rillaboom|High Horsepower|p1a: Rillaboom
|-supereffective|p1a: Rillaboom
|-damage|p1a: Rillaboom|0 fnt
|faint|p1a: Rillaboom
|
|-heal|p2a: Sneasler|19/100 brn|[from] Grassy Terrain
|-heal|p2b: Rillaboom|42/100|[from] Grassy Terrain
|-damage|p2a: Sneasler|13/100 brn|[from] brn
|upkeep
|
|t:|1756642683
|switch|p1b: Electabuzz|Electabuzz, L50, M|100/100
|switch|p1a: Sneasler|Sneasler, L50, F|100/100
|turn|5
|
|t:|1756642694
|switch|p2b: Ursaluna|Ursaluna-Bloodmoon, L50, M|100/100
|move|p2a: Sneasler|Protect|p2a: Sneasler
|-singleturn|p2a: Sneasler|Protect
|move|p1b: Electabuzz|Follow Me|p1b: Electabuzz
|-singleturn|p1b: Electabuzz|move: Follow Me
|move|p1a: Sneasler|Dire Claw|p2b: Ursaluna
|-resisted|p2b: Ursaluna
|-damage|p2b: Ursaluna|86/100
|
|-heal|p2a: Sneasler|19/100 brn|[from] Grassy Terrain
|-heal|p2b: Ursaluna|92/100|[from] Grassy Terrain
|-damage|p2a: Sneasler|13/100 brn|[from] brn
|-fieldend|move: Grassy Terrain
|upkeep
|turn|6
|
|t:|1756642709
|move|p1b: Electabuzz|Follow Me|p1b: Electabuzz
|-singleturn|p1b: Electabuzz|move: Follow Me
|move|p2a: Sneasler|Dire Claw|p1b: Electabuzz
|-damage|p1b: Electabuzz|85/100
|move|p1a: Sneasler|Close Combat|p2b: Ursaluna
|-supereffective|p2b: Ursaluna
|-damage|p2b: Ursaluna|0 fnt
|-unboost|p1a: Sneasler|def|1
|-unboost|p1a: Sneasler|spd|1
|faint|p2b: Ursaluna
|
|-damage|p2a: Sneasler|7/100 brn|[from] brn
|upkeep
|
|t:|1756642717
|switch|p2b: Rillaboom|Rillaboom, L50, M, tera:Fire|42/100
|-fieldstart|move: Grassy Terrain|[from] ability: Grassy Surge|[of] p2b: Rillaboom
|turn|7
|
|t:|1756642732
|move|p1b: Electabuzz|Follow Me|p1b: Electabuzz
|-singleturn|p1b: Electabuzz|move: Follow Me
|move|p2a: Sneasler|Close Combat|p1b: Electabuzz
|-damage|p1b: Electabuzz|60/100
|-unboost|p2a: Sneasler|def|1
|-unboost|p2a: Sneasler|spd|1
|move|p1a: Sneasler|Close Combat|p2b: Rillaboom
|-damage|p2b: Rillaboom|0 fnt
|-unboost|p1a: Sneasler|def|1
|-unboost|p1a: Sneasler|spd|1
|faint|p2b: Rillaboom
|
|-heal|p2a: Sneasler|13/100 brn|[from] Grassy Terrain
|-heal|p1b: Electabuzz|66/100|[from] Grassy Terrain
|-damage|p2a: Sneasler|7/100 brn|[from] brn
|upkeep
|turn|8
|l|☆DanielderKonig
|player|p2|
|inactive|Battle timer is ON: inactive players will automatically lose when time's up. (requested by r4ka)
|inactive|DanielderKonig has 30 seconds to reconnect!
|inactive|DanielderKonig has 20 seconds to reconnect!
|inactive|DanielderKonig has 15 seconds to reconnect!
|inactive|DanielderKonig has 10 seconds to reconnect!
|inactive|DanielderKonig has 5 seconds to reconnect!
|-message|DanielderKonig lost due to inactivity.
|
|win|r4ka
|raw|r4ka's rating: 1131 → 1150(+19 for winning)
|raw|DanielderKonig's rating: 1048 → 1035(-13 for losing)
