|j|☆AviDotWav
|j|☆bathoven
|html|AviDotWavbathoven    
|uhtml|bestof|Game 1 of a best-of-3
|t:|1784820746
|gametype|doubles
|player|p1|AviDotWav|lady-gen4|1175
|player|p2|bathoven|pokemaniac|1161
|gen|9
|tier|[Gen 9 Champions] VGC 2026 Reg M-B (Bo3)
|rated|
|rule|Species Clause: Limit one of each Pokémon
|rule|Item Clause: Limit 1 of each item
|clearpoke
|poke|p1|Audino, L50, F|
|poke|p1|Kingambit, L50, F|
|poke|p1|Incineroar, L50, F|
|poke|p1|Farigiraf, L50, F|
|poke|p1|Torkoal, L50, M|
|poke|p1|Blastoise, L50, M|
|poke|p2|Typhlosion, L50, F|
|poke|p2|Froslass, L50, F|
|poke|p2|Aerodactyl, L50, M|
|poke|p2|Raichu, L50, M|
|poke|p2|Tsareena, L50, F|
|poke|p2|Basculegion, L50, M|
|teampreview|4
|showteam|p1|Audino||Audinite|Healer|HelpingHand,TrickRoom,LifeDew,DazzlingGleam|Relaxed||F|||50|]Kingambit||BlackGlasses|Defiant|Protect,IronHead,KowtowCleave,SuckerPunch|Brave||F|||50|]Incineroar||SitrusBerry|Intimidate|FakeOut,ThroatChop,PartingShot,FlareBlitz|Adamant||F|||50|]Farigiraf||ColburBerry|ArmorTail|Psyshock,Thunderbolt,TrickRoom,HelpingHand|Relaxed||F|||50|]Torkoal||Charcoal|Drought|Protect,Eruption,WeatherBall,EarthPower|Quiet||M|||50|]Blastoise||Blastoisinite|Torrent|FakeOut,WaterSpout,DarkPulse,AuraSphere|Quiet||M|||50|
|showteam|p2|Typhlosion||ChoiceScarf|FlashFire|FocusBlast,ShadowBall,HeatWave,Eruption|Modest||F|||50|]Froslass||Froslassite|CursedBody|ShadowBall,AuroraVeil,Protect,Blizzard|Timid||F|||50|]Aerodactyl||Aerodactylite|Unnerve|Tailwind,RockSlide,DualWingbeat,Protect|Jolly||M|||50|]Raichu||FocusSash|LightningRod|FakeOut,HelpingHand,Encore,Thunderbolt|Hasty||M|||50|]Tsareena||SitrusBerry|QueenlyMajesty|LowKick,TropKick,Taunt,TripleAxel|Adamant||F|||50|]Basculegion||LifeOrb|Adaptability|Protect,LastRespects,WaveCrash,AquaJet|Adamant||M|||50|
|inactive|Battle timer is ON: inactive players will automatically lose when time's up. (requested by AviDotWav)
|inactive|bathoven also wants the timer to be on.
|inactive|bathoven has 60 seconds left.
|
|t:|1784820794
|teamsize|p1|4
|teamsize|p2|4
|start
|switch|p1a: Audino|Audino, L50, F|100/100
|switch|p1b: Incineroar|Incineroar, L50, F|100/100
|switch|p2a: Tsareena|Tsareena, L50, F|100/100
|switch|p2b: Aerodactyl|Aerodactyl, L50, M|100/100
|-ability|p2b: Aerodactyl|Unnerve
|-ability|p1b: Incineroar|Intimidate|boost
|-unboost|p2a: Tsareena|atk|1
|-unboost|p2b: Aerodactyl|atk|1
|turn|1
|
|t:|1784820813
|detailschange|p2b: Aerodactyl|Aerodactyl-Mega, L50, M
|-mega|p2b: Aerodactyl|Aerodactyl|Aerodactylite
|detailschange|p1a: Audino|Audino-Mega, L50, F
|-mega|p1a: Audino|Audino|Audinite
|move|p2b: Aerodactyl|Rock Slide|p1b: Incineroar|[spread] p1a,p1b
|-supereffective|p1b: Incineroar|1
|-damage|p1a: Audino|89/100
|-damage|p1b: Incineroar|63/100
|move|p2a: Tsareena|Taunt|p1a: Audino
|-start|p1a: Audino|move: Taunt
|cant|p1b: Incineroar|flinch
|move|p1a: Audino|Dazzling Gleam|p2a: Tsareena|[spread] p2a,p2b
|-damage|p2a: Tsareena|82/100
|-damage|p2b: Aerodactyl|80/100
|
|upkeep
|turn|2
|
|t:|1784820830
|move|p2b: Aerodactyl|Rock Slide|p1a: Audino|[spread] p1a,p1b
|-crit|p1a: Audino
|-supereffective|p1b: Incineroar|1
|-damage|p1a: Audino|63/100
|-damage|p1b: Incineroar|24/100
|-enditem|p1b: Incineroar|Sitrus Berry|[eat]
|-heal|p1b: Incineroar|49/100|[from] item: Sitrus Berry
|move|p2a: Tsareena|Low Kick|p1b: Incineroar
|-supereffective|p1b: Incineroar|1
|-damage|p1b: Incineroar|19/100
|move|p1b: Incineroar|Flare Blitz|p2a: Tsareena
|-supereffective|p2a: Tsareena|1
|-damage|p2a: Tsareena|0 fnt
|faint|p2a: Tsareena
|-damage|p1b: Incineroar|0 fnt|[from] Recoil
|faint|p1b: Incineroar
|move|p1a: Audino|Dazzling Gleam|p2b: Aerodactyl
|-damage|p2b: Aerodactyl|51/100
|
|upkeep
|
|t:|1784820846
|switch|p2a: Typhlosion|Typhlosion, L50, F|100/100
|switch|p1b: Kingambit|Kingambit, L50, F|100/100
|turn|3
|
|t:|1784820863
|move|p1b: Kingambit|Sucker Punch|p2a: Typhlosion
|-damage|p2a: Typhlosion|29/100
|move|p2a: Typhlosion|Heat Wave|p1b: Kingambit|[spread] p1a,p1b
|-supereffective|p1b: Kingambit|1
|-damage|p1a: Audino|38/100
|-damage|p1b: Kingambit|30/100
|-status|p1b: Kingambit|brn
|move|p2b: Aerodactyl|Rock Slide|p1a: Audino|[spread] p1a,p1b
|-resisted|p1b: Kingambit|1
|-damage|p1a: Audino|26/100
|-damage|p1b: Kingambit|22/100 brn
|move|p1a: Audino|Dazzling Gleam|p2b: Aerodactyl|[spread] p2a,p2b
|-resisted|p2a: Typhlosion|1
|-damage|p2a: Typhlosion|17/100
|-damage|p2b: Aerodactyl|29/100
|
|-damage|p1b: Kingambit|16/100 brn|[from] brn
|-end|p1a: Audino|move: Taunt
|upkeep
|turn|4
|
|t:|1784820883
|switch|p2a: Basculegion|Basculegion, L50, M|100/100
|move|p1b: Kingambit|Sucker Punch||[still]
|-fail|p1b: Kingambit
|move|p2b: Aerodactyl|Dual Wingbeat|p1a: Audino
|-damage|p1a: Audino|15/100
|-damage|p1a: Audino|4/100
|-hitcount|p1a: Audino|2
|move|p1a: Audino|Trick Room|p1a: Audino
|-fieldstart|move: Trick Room|[of] p1a: Audino
|
|-activate|p1a: Audino|ability: Healer
|-curestatus|p1b: Kingambit|brn|[msg]
|upkeep
|turn|5
|
|t:|1784820905
|move|p1b: Kingambit|Sucker Punch|p2a: Basculegion
|-supereffective|p2a: Basculegion|1
|-damage|p2a: Basculegion|0 fnt
|faint|p2a: Basculegion
|move|p1a: Audino|Life Dew|p1a: Audino|[spread] p1a,p1b
|-heal|p1a: Audino|29/100
|-heal|p1b: Kingambit|42/100
|move|p2b: Aerodactyl|Rock Slide|p1b: Kingambit|[spread] p1a,p1b
|-crit|p1a: Audino
|-resisted|p1b: Kingambit|1
|-damage|p1a: Audino|3/100
|-damage|p1b: Kingambit|35/100
|
|upkeep
|
|t:|1784820908
|switch|p2a: Typhlosion|Typhlosion, L50, F|17/100
|turn|6
|
|t:|1784820915
|move|p1b: Kingambit|Kowtow Cleave|p2a: Typhlosion
|-damage|p2a: Typhlosion|0 fnt
|faint|p2a: Typhlosion
|move|p1a: Audino|Life Dew|p1a: Audino|[spread] p1a,p1b
|-heal|p1a: Audino|28/100
|-heal|p1b: Kingambit|60/100
|move|p2b: Aerodactyl|Rock Slide|p1a: Audino|[spread] p1a,p1b
|-resisted|p1b: Kingambit|1
|-damage|p1a: Audino|16/100
|-damage|p1b: Kingambit|53/100
|
|upkeep
|turn|7
|
|t:|1784820920
|move|p1b: Kingambit|Kowtow Cleave|p2b: Aerodactyl
|-damage|p2b: Aerodactyl|0 fnt
|faint|p2b: Aerodactyl
|
|win|AviDotWav
||AviDotWav is ready for game 2.
||bathoven is ready for game 2.
|uhtml|next|Next: Game 2 of 3
