|j|☆x-3 demon
|j|☆Thenestball
|html|x-3 demonThenestball    
|uhtml|bestof|Game 2 of a best-of-3
|t:|1756854805
|gametype|doubles
|player|p1|x-3 demon|boarder-gen2|1239
|player|p2|Thenestball|hiker-gen4|1133
|gen|9
|tier|[Gen 9] VGC 2025 Reg H (Bo3)
|rated|
|rule|Species Clause: Limit one of each Pokémon
|rule|Item Clause: Limit 1 of each item
|clearpoke
|poke|p1|Dragonite, L50, F|
|poke|p1|Sinistcha, L50|
|poke|p1|Ursaluna, L50, F|
|poke|p1|Gholdengo, L50|
|poke|p1|Incineroar, L50, F|
|poke|p1|Ninetales-Alola, L50, F|
|poke|p2|Weezing, L50, M|
|poke|p2|Garchomp, L50, F|
|poke|p2|Yanma, L50, M|
|poke|p2|Incineroar, L50, F|
|poke|p2|Primarina, L50, F|
|poke|p2|Tyranitar, L50, M|
|teampreview|4
|showteam|p1|Dragonite||LoadedDice|Multiscale|ScaleShot,Haze,Tailwind,Protect|||F|||50|,,,,,Fairy]Sinistcha||SitrusBerry|Hospitality|MatchaGotcha,LifeDew,RagePowder,TrickRoom||||||50|,,,,,Dark]Ursaluna||FlameOrb|Guts|HeadlongRush,Earthquake,Facade,Protect|||F|||50|,,,,,Ghost]Gholdengo||LifeOrb|GoodasGold|MakeItRain,ShadowBall,NastyPlot,Protect||||||50|,,,,,Water]Incineroar||AssaultVest|Intimidate|FlareBlitz,KnockOff,FakeOut,Uturn|||F|||50|,,,,,Grass]Ninetales-Alola||FocusSash|SnowWarning|IcyWind,FreezeDry,Encore,AuroraVeil|||F|||50|,,,,,Ghost
|showteam|p2|Weezing||SitrusBerry|NeutralizingGas|SludgeBomb,WillOWisp,Haze,Protect|||M|||50|,,,,,Grass]Garchomp||LifeOrb|SandVeil|Earthquake,RockSlide,StompingTantrum,Protect|||F|||50|,,,,,Ground]Yanma||FocusSash|CompoundEyes|Screech,Tailwind,Protect,Hypnosis|||M|||50|,,,,,Ghost]Incineroar||AbilityShield|Intimidate|FlareBlitz,FakeOut,PartingShot,KnockOff|||F|||50|,,,,,Grass]Primarina||MysticWater|LiquidVoice|HyperVoice,Moonblast,Protect,CalmMind|||F|||50|,,,,,Poison]Tyranitar||AssaultVest|SandStream|RockSlide,LowKick,TeraBlast,KnockOff|||M|||50|,,,,,Flying
|inactive|Battle timer is ON: inactive players will automatically lose when time's up. (requested by Thenestball)
|inactive|x-3 demon has 60 seconds left.
|
|t:|1756854845
|teamsize|p1|4
|teamsize|p2|4
|start
|switch|p1a: Dragonite|Dragonite, L50, F|100/100
|switch|p1b: Incineroar|Incineroar, L50, F|100/100
|switch|p2a: Yanma|Yanma, L50, M, shiny|100/100
|switch|p2b: Incineroar|Incineroar, L50, F, shiny|100/100
|-ability|p1b: Incineroar|Intimidate|boost
|-unboost|p2a: Yanma|atk|1
|-unboost|p2b: Incineroar|atk|1
|-ability|p2b: Incineroar|Intimidate|boost
|-unboost|p1a: Dragonite|atk|1
|-unboost|p1b: Incineroar|atk|1
|turn|1
|inactive|x-3 demon has 30 seconds left.
|inactive|Thenestball has 30 seconds left.
|inactive|x-3 demon has 20 seconds left.
|
|t:|1756854882
|-terastallize|p2a: Yanma|Ghost
|move|p1b: Incineroar|Fake Out|p2b: Incineroar
|-crit|p2b: Incineroar
|-damage|p2b: Incineroar|83/100
|cant|p2b: Incineroar|flinch
|move|p2a: Yanma|Hypnosis|p1a: Dragonite
|-status|p1a: Dragonite|slp|[from] move: Hypnosis
|cant|p1a: Dragonite|slp
|
|upkeep
|turn|2
|inactive|x-3 demon has 30 seconds left.
|
|t:|1756854908
|move|p2a: Yanma|Hypnosis|p1b: Incineroar|[miss]
|-miss|p2a: Yanma|p1b: Incineroar
|-curestatus|p1a: Dragonite|slp|[msg]
|move|p1a: Dragonite|Scale Shot|p2a: Yanma
|-damage|p2a: Yanma|81/100
|-damage|p2a: Yanma|63/100
|-damage|p2a: Yanma|46/100
|-damage|p2a: Yanma|28/100
|-damage|p2a: Yanma|8/100
|-hitcount|p2a: Yanma|5
|-unboost|p1a: Dragonite|def|1
|-boost|p1a: Dragonite|spe|1
|move|p1b: Incineroar|Knock Off|p2a: Yanma
|-supereffective|p2a: Yanma
|-damage|p2a: Yanma|0 fnt
|-enditem|p2a: Yanma|Focus Sash|[from] move: Knock Off|[of] p1b: Incineroar
|faint|p2a: Yanma
|move|p2b: Incineroar|Knock Off|p1a: Dragonite
|-damage|p1a: Dragonite|75/100
|-enditem|p1a: Dragonite|Loaded Dice|[from] move: Knock Off|[of] p2b: Incineroar
|
|upkeep
|
|t:|1756854928
|switch|p2a: Primarina|Primarina, L50, F, shiny|100/100
|turn|3
|inactive|x-3 demon has 30 seconds left.
|
|t:|1756854959
|move|p1a: Dragonite|Tailwind|p1a: Dragonite
|-sidestart|p1: x-3 demon|move: Tailwind
|move|p1b: Incineroar|U-turn|p2a: Primarina
|-resisted|p2a: Primarina
|-damage|p2a: Primarina|92/100
|
|t:|1756854963
|switch|p1b: Ninetales|Ninetales-Alola, L50, F|100/100|[from] U-turn
|-weather|Snowscape|[from] ability: Snow Warning|[of] p1b: Ninetales
|move|p2b: Incineroar|Knock Off|p1b: Ninetales
|-resisted|p1b: Ninetales
|-damage|p1b: Ninetales|86/100
|-enditem|p1b: Ninetales|Focus Sash|[from] move: Knock Off|[of] p2b: Incineroar
|move|p2a: Primarina|Calm Mind|p2a: Primarina
|-boost|p2a: Primarina|spa|1
|-boost|p2a: Primarina|spd|1
|
|-weather|Snowscape|[upkeep]
|upkeep
|turn|4
|
|t:|1756854986
|move|p1a: Dragonite|Scale Shot|p2b: Incineroar
|-damage|p2b: Incineroar|73/100
|-damage|p2b: Incineroar|63/100
|-damage|p2b: Incineroar|54/100
|-damage|p2b: Incineroar|43/100
|-hitcount|p2b: Incineroar|4
|-unboost|p1a: Dragonite|def|1
|-boost|p1a: Dragonite|spe|1
|move|p1b: Ninetales|Encore|p2a: Primarina
|-start|p2a: Primarina|Encore
|move|p2b: Incineroar|Flare Blitz|p1b: Ninetales
|-supereffective|p1b: Ninetales
|-damage|p1b: Ninetales|1/100
|-damage|p2b: Incineroar|21/100|[from] Recoil
|move|p2a: Primarina|Calm Mind|p2a: Primarina
|-boost|p2a: Primarina|spa|1
|-boost|p2a: Primarina|spd|1
|
|-weather|Snowscape|[upkeep]
|upkeep
|turn|5
|inactive|x-3 demon has 30 seconds left.
|
|t:|1756855021
|move|p1a: Dragonite|Haze|p1a: Dragonite
|-clearallboost
|move|p1b: Ninetales|Freeze-Dry|p2a: Primarina
|-supereffective|p2a: Primarina
|-damage|p2a: Primarina|48/100
|move|p2b: Incineroar|Knock Off|p1b: Ninetales
|-resisted|p1b: Ninetales
|-damage|p1b: Ninetales|0 fnt
|faint|p1b: Ninetales
|move|p2a: Primarina|Calm Mind|p2a: Primarina
|-boost|p2a: Primarina|spa|1
|-boost|p2a: Primarina|spd|1
|
|-weather|Snowscape|[upkeep]
|upkeep
|
|t:|1756855038
|switch|p1b: Ursaluna|Ursaluna, L50, F, shiny|100/100
|turn|6
|
|t:|1756855054
|move|p1a: Dragonite|Scale Shot|p2b: Incineroar
|-damage|p2b: Incineroar|7/100
|-damage|p2b: Incineroar|0 fnt
|faint|p2b: Incineroar
|-hitcount|p2: Incineroar|2
|-unboost|p1a: Dragonite|def|1
|-boost|p1a: Dragonite|spe|1
|move|p1b: Ursaluna|Headlong Rush|p2a: Primarina
|-damage|p2a: Primarina|0 fnt
|-unboost|p1b: Ursaluna|def|1
|-unboost|p1b: Ursaluna|spd|1
|faint|p2a: Primarina
|
|-weather|Snowscape|[upkeep]
|-sideend|p1: x-3 demon|move: Tailwind
|-status|p1b: Ursaluna|brn|[from] item: Flame Orb
|upkeep
|l|☆Thenestball
|inactive|Thenestball disconnected and has a minute to reconnect!
|player|p2|
|inactive|Thenestball has 30 seconds left.
|inactive|Thenestball has 20 seconds left.
|inactive|Thenestball has 15 seconds left.
|inactive|Thenestball has 10 seconds left.
|inactive|Thenestball has 5 seconds left.
|-message|Thenestball lost due to inactivity.
|
|win|x-3 demon
|raw|x-3 demon's rating: 1239 → 1257(+18 for winning)
|raw|Thenestball's rating: 1133 → 1115(-18 for losing)
