|j|☆Spasio
|j|☆123something
|html|Spasio123something    
|uhtml|bestof|Game 3 of a best-of-3
|t:|1755588449
|gametype|doubles
|player|p1|Spasio|265|1264
|player|p2|123something|1|1324
|gen|9
|tier|[Gen 9] VGC 2025 Reg H (Bo3)
|rated|
|rule|Species Clause: Limit one of each Pokémon
|rule|Item Clause: Limit 1 of each item
|clearpoke
|poke|p1|Gholdengo, L50|
|poke|p1|Sneasler, L50, M|
|poke|p1|Rillaboom, L50, M|
|poke|p1|Dragonite, L50, M|
|poke|p1|Ninetales-Alola, L50, F|
|poke|p1|Arcanine-Hisui, L50, F|
|poke|p2|Garchomp, L50, M|
|poke|p2|Weezing-Galar, L50, F|
|poke|p2|Archaludon, L50, F|
|poke|p2|Gholdengo, L50|
|poke|p2|Talonflame, L50, F|
|poke|p2|Annihilape, L50, M|
|teampreview|4
|showteam|p1|Gholdengo||GrassySeed|GoodasGold|NastyPlot,MakeItRain,ShadowBall,Protect||||||50|,,,,,Water]Sneasler||WhiteHerb|Unburden|CloseCombat,DireClaw,Coaching,Protect|||M|||50|,,,,,Ghost]Rillaboom||AssaultVest|GrassySurge|FakeOut,GrassyGlide,DrumBeating,HighHorsepower|||M|||50|,,,,,Fire]Dragonite||LoadedDice|Multiscale|ScaleShot,StompingTantrum,Tailwind,Protect|||M|||50|,,,,,Ground]Ninetales-Alola||FocusSash|SnowWarning|Blizzard,IcyWind,Encore,AuroraVeil|||F|||50|,,,,,Ghost]Arcanine-Hisui||ClearAmulet|Intimidate|RockSlide,FlareBlitz,ExtremeSpeed,Protect|||F|||50|,,,,,Water
|showteam|p2|Garchomp||LifeOrb|RoughSkin|DragonClaw,Earthquake,StompingTantrum,Protect|||M|||50|,,,,,Ground]Weezing-Galar||FocusSash|NeutralizingGas|Protect,SludgeBomb,Taunt,StrangeSteam|||F|||50|,,,,,Flying]Archaludon||PowerHerb|Sturdy|ElectroShot,Thunderbolt,DracoMeteor,Protect|||F|||50|,,,,,Electric]Gholdengo||ChoiceSpecs|GoodasGold|ShadowBall,DazzlingGleam,PowerGem,MakeItRain||||||50|,,,,,Fairy]Talonflame||CovertCloak|GaleWings|Tailwind,DualWingbeat,WillOWisp,FlareBlitz|||F|||50|,,,,,Stellar]Annihilape||AssaultVest|Defiant|CloseCombat,RageFist,FinalGambit,IcePunch|||M|||50|,,,,,Grass
|inactive|Battle timer is ON: inactive players will automatically lose when time's up. (requested by Spasio)
|inactive|123something has 60 seconds left.
|
|t:|1755588490
|teamsize|p1|4
|teamsize|p2|4
|start
|switch|p1a: Gholdengo|Gholdengo, L50|100/100
|switch|p1b: Ninetales|Ninetales-Alola, L50, F|100/100
|switch|p2a: Annihilape|Annihilape, L50, M|100/100
|switch|p2b: Talonflame|Talonflame, L50, F|100/100
|-weather|Snowscape|[from] ability: Snow Warning|[of] p1b: Ninetales
|turn|1
|inactive|123something has 30 seconds left.
|
|t:|1755588516
|move|p2b: Talonflame|Flare Blitz|p1b: Ninetales
|-supereffective|p1b: Ninetales
|-damage|p1b: Ninetales|8/100
|-damage|p2b: Talonflame|70/100|[from] Recoil
|move|p1b: Ninetales|Aurora Veil|p1b: Ninetales
|-sidestart|p1: Spasio|move: Aurora Veil
|move|p2a: Annihilape|Rage Fist|p1b: Ninetales
|-damage|p1b: Ninetales|0 fnt
|faint|p1b: Ninetales
|move|p1a: Gholdengo|Nasty Plot|p1a: Gholdengo
|-boost|p1a: Gholdengo|spa|2
|
|-weather|Snowscape|[upkeep]
|upkeep
|
|t:|1755588526
|switch|p1b: Rillaboom|Rillaboom, L50, M|100/100
|-fieldstart|move: Grassy Terrain|[from] ability: Grassy Surge|[of] p1b: Rillaboom
|-enditem|p1a: Gholdengo|Grassy Seed
|-boost|p1a: Gholdengo|def|1|[from] item: Grassy Seed
|turn|2
|inactive|123something has 30 seconds left.
|inactive|Spasio has 30 seconds left.
|inactive|123something has 20 seconds left.
|inactive|123something has 15 seconds left.
|inactive|123something has 10 seconds left.
|inactive|123something has 5 seconds left.
|
|t:|1755588578
|-terastallize|p2a: Annihilape|Grass
|move|p2b: Talonflame|Will-O-Wisp|p1b: Rillaboom
|-status|p1b: Rillaboom|brn
|move|p2a: Annihilape|Rage Fist|p1a: Gholdengo
|-supereffective|p1a: Gholdengo
|-damage|p1a: Gholdengo|80/100
|move|p1b: Rillaboom|Drum Beating|p2a: Annihilape
|-resisted|p2a: Annihilape
|-damage|p2a: Annihilape|87/100
|-unboost|p2a: Annihilape|spe|1
|-ability|p2a: Annihilape|Defiant|boost
|-boost|p2a: Annihilape|atk|2
|move|p1a: Gholdengo|Shadow Ball|p2a: Annihilape
|-damage|p2a: Annihilape|30/100
|
|-weather|Snowscape|[upkeep]
|-heal|p1a: Gholdengo|86/100|[from] Grassy Terrain
|-heal|p2a: Annihilape|36/100|[from] Grassy Terrain
|-damage|p1b: Rillaboom|95/100 brn|[from] brn
|upkeep
|turn|3
|inactive|123something has 30 seconds left.
|
|t:|1755588604
|-terastallize|p1a: Gholdengo|Water
|move|p2b: Talonflame|Tailwind|p2b: Talonflame
|-sidestart|p2: 123something|move: Tailwind
|move|p2a: Annihilape|Rage Fist|p1b: Rillaboom
|-damage|p1b: Rillaboom|9/100 brn
|move|p1b: Rillaboom|Drum Beating|p2b: Talonflame
|-resisted|p2b: Talonflame
|-damage|p2b: Talonflame|62/100
|move|p1a: Gholdengo|Make It Rain|p2a: Annihilape|[spread] p2a,p2b
|-resisted|p2b: Talonflame
|-damage|p2a: Annihilape|0 fnt
|-damage|p2b: Talonflame|0 fnt
|-unboost|p1a: Gholdengo|spa|1
|faint|p2a: Annihilape
|faint|p2b: Talonflame
|
|-weather|Snowscape|[upkeep]
|-heal|p1b: Rillaboom|15/100 brn|[from] Grassy Terrain
|-heal|p1a: Gholdengo|92/100|[from] Grassy Terrain
|-damage|p1b: Rillaboom|9/100 brn|[from] brn
|upkeep
|
|t:|1755588616
|switch|p2b: Garchomp|Garchomp, L50, M|100/100
|switch|p2a: Gholdengo|Gholdengo, L50|100/100
|turn|4
|
|t:|1755588642
|move|p1b: Rillaboom|Grassy Glide|p2b: Garchomp
|-damage|p2b: Garchomp|84/100
|-damage|p1b: Rillaboom|0 fnt|[from] ability: Rough Skin|[of] p2b: Garchomp
|faint|p1b: Rillaboom
|move|p2b: Garchomp|Dragon Claw|p1a: Gholdengo
|-damage|p1a: Gholdengo|69/100
|-damage|p2b: Garchomp|74/100|[from] item: Life Orb
|move|p2a: Gholdengo|Shadow Ball|p1a: Gholdengo
|-damage|p1a: Gholdengo|29/100
|move|p1a: Gholdengo|Shadow Ball|p2a: Gholdengo
|-supereffective|p2a: Gholdengo
|-damage|p2a: Gholdengo|0 fnt
|faint|p2a: Gholdengo
|
|-weather|Snowscape|[upkeep]
|-heal|p2b: Garchomp|80/100|[from] Grassy Terrain
|-heal|p1a: Gholdengo|35/100|[from] Grassy Terrain
|upkeep
|
|t:|1755588647
|switch|p1b: Arcanine|Arcanine-Hisui, L50, F|100/100
|-ability|p1b: Arcanine|Intimidate|boost
|-unboost|p2b: Garchomp|atk|1
|turn|5
|
|t:|1755588661
|move|p2b: Garchomp|Protect|p2b: Garchomp
|-singleturn|p2b: Garchomp|Protect
|move|p1b: Arcanine|Flare Blitz|p2b: Garchomp
|-activate|p2b: Garchomp|move: Protect
|move|p1a: Gholdengo|Make It Rain|p2b: Garchomp
|-activate|p2b: Garchomp|move: Protect
|
|-weather|none
|-heal|p2b: Garchomp|86/100|[from] Grassy Terrain
|-heal|p1a: Gholdengo|42/100|[from] Grassy Terrain
|-sideend|p1: Spasio|move: Aurora Veil
|upkeep
|turn|6
|
|t:|1755588667
|move|p2b: Garchomp|Protect|p2b: Garchomp
|-singleturn|p2b: Garchomp|Protect
|move|p1b: Arcanine|Flare Blitz|p2b: Garchomp
|-activate|p2b: Garchomp|move: Protect
|move|p1a: Gholdengo|Make It Rain|p2b: Garchomp
|-activate|p2b: Garchomp|move: Protect
|
|-heal|p2b: Garchomp|92/100|[from] Grassy Terrain
|-heal|p1a: Gholdengo|48/100|[from] Grassy Terrain
|-sideend|p2: 123something|move: Tailwind
|-fieldend|move: Grassy Terrain
|upkeep
|turn|7
|
|t:|1755588670
|move|p2b: Garchomp|Earthquake|p1b: Arcanine|[spread] p1a,p1b
|-supereffective|p1b: Arcanine
|-damage|p1a: Gholdengo|25/100
|-damage|p1b: Arcanine|0 fnt
|faint|p1b: Arcanine
|-damage|p2b: Garchomp|83/100|[from] item: Life Orb
|move|p1a: Gholdengo|Make It Rain|p2b: Garchomp
|-damage|p2b: Garchomp|0 fnt
|-unboost|p1a: Gholdengo|spa|1
|faint|p2b: Garchomp
|
|win|Spasio
|raw|Spasio's rating: 1264 → 1293(+29 for winning)
|raw|123something's rating: 1324 → 1301(-23 for losing)
|l|☆Spasio
|player|p1|
