|j|☆kotamager34
|j|☆Star6_D2
|html|kotamager34Star6_D2    
|uhtml|bestof|Game 2 of a best-of-3
|t:|1783769193
|gametype|doubles
|player|p1|kotamager34|grimsley|1154
|player|p2|Star6_D2|169|1155
|gen|9
|tier|[Gen 9 Champions] VGC 2026 Reg M-B (Bo3)
|rated|
|rule|Species Clause: Limit one of each Pokémon
|rule|Item Clause: Limit 1 of each item
|clearpoke
|poke|p1|Mawile, L50, M, shiny|
|poke|p1|Raichu, L50, M|
|poke|p1|Sinistcha, L50|
|poke|p1|Ceruledge, L50, M, shiny|
|poke|p1|Incineroar, L50, F|
|poke|p1|Milotic, L50, M|
|poke|p2|Alakazam, L50, M, shiny|
|poke|p2|Aerodactyl, L50, M, shiny|
|poke|p2|Farigiraf, L50, M, shiny|
|poke|p2|Meowscarada, L50, M, shiny|
|poke|p2|Hawlucha, L50, F, shiny|
|poke|p2|Incineroar, L50, F|
|teampreview|4
|showteam|p1|Mawile||Mawilite|HyperCutter|PlayRough,SuckerPunch,SwordsDance,Protect|Adamant||M|||50|]Raichu||RaichuniteY|LightningRod|ZapCannon,FocusBlast,FakeOut,Protect|Timid||M|||50|]Sinistcha||KasibBerry|Hospitality|Protect,RagePowder,MatchaGotcha,LifeDew|Calm|||||50|]Ceruledge||ColburBerry|FlashFire|BulkUp,Protect,ShadowSneak,BitterBlade|Adamant||M|||50|]Incineroar||SitrusBerry|Intimidate|FakeOut,ThroatChop,FlareBlitz,PartingShot|Impish||F|||50|]Milotic||Leftovers|Competitive|MuddyWater,Hypnosis,Coil,Protect|Calm||M|||50|
|showteam|p2|Alakazam||Alakazite|InnerFocus|DazzlingGleam,Psychic,Protect,EnergyBall|Timid||M|||50|]Aerodactyl||Aerodactylite|Unnerve|RockSlide,Tailwind,DualWingbeat,Protect|Jolly||M|||50|]Farigiraf||SitrusBerry|ArmorTail|Psychic,Protect,TrickRoom,Imprison|Calm||M|||50|]Meowscarada||ChoiceScarf|Protean|Trick,FlowerTrick,KnockOff,Uturn|Jolly||M|||50|]Hawlucha||WhiteHerb|Unburden|CloseCombat,Acrobatics,Protect,Encore|Adamant||F|||50|]Incineroar||LifeOrb|Intimidate|FlareBlitz,ThroatChop,PartingShot,FakeOut|Adamant||F|||50|
|inactive|Battle timer is ON: inactive players will automatically lose when time's up. (requested by kotamager34)
|
|t:|1783769209
|teamsize|p1|4
|teamsize|p2|4
|start
|switch|p1a: Incineroar|Incineroar, L50, F|100/100
|switch|p1b: Raichu|Raichu, L50, M|100/100
|switch|p2a: Alakazam|Alakazam, L50, M, shiny|100/100
|switch|p2b: Hawlucha|Hawlucha, L50, F, shiny|100/100
|-ability|p1a: Incineroar|Intimidate|boost
|-fail|p2a: Alakazam|unboost|Attack|[from] ability: Inner Focus|[of] p2a: Alakazam
|-unboost|p2b: Hawlucha|atk|1
|-enditem|p2b: Hawlucha|White Herb
|-clearnegativeboost|p2b: Hawlucha|[silent]
|turn|1
|
|t:|1783769229
|detailschange|p1b: Raichu|Raichu-Mega-Y, L50, M
|-mega|p1b: Raichu|Raichu|Raichunite Y
|move|p2b: Hawlucha|Protect|p2b: Hawlucha
|-singleturn|p2b: Hawlucha|Protect
|move|p1a: Incineroar|Fake Out|p2a: Alakazam
|-damage|p2a: Alakazam|72/100
|move|p1b: Raichu|Zap Cannon|p2b: Hawlucha
|-activate|p2b: Hawlucha|move: Protect
|move|p2a: Alakazam|Psychic|p1b: Raichu
|-damage|p1b: Raichu|21/100
|
|upkeep
|turn|2
|
|t:|1783769245
|switch|p1b: Ceruledge|Ceruledge, L50, M, shiny|100/100
|detailschange|p2a: Alakazam|Alakazam-Mega, L50, M, shiny
|-mega|p2a: Alakazam|Alakazam|Alakazite
|-ability|p2a: Alakazam|Intimidate|Trace|[from] ability: Trace|[of] p1a: Incineroar
|-ability|p2a: Alakazam|Intimidate|boost
|-unboost|p1a: Incineroar|atk|1
|-unboost|p1b: Ceruledge|atk|1
|move|p2b: Hawlucha|Acrobatics|p1a: Incineroar
|-damage|p1a: Incineroar|62/100
|move|p2a: Alakazam|Dazzling Gleam|p1b: Ceruledge|[spread] p1a,p1b
|-resisted|p1b: Ceruledge|1
|-damage|p1a: Incineroar|38/100
|-damage|p1b: Ceruledge|87/100
|-enditem|p1a: Incineroar|Sitrus Berry|[eat]
|-heal|p1a: Incineroar|63/100|[from] item: Sitrus Berry
|move|p1a: Incineroar|Throat Chop|p2a: Alakazam
|-supereffective|p2a: Alakazam|1
|-damage|p2a: Alakazam|0 fnt
|faint|p2a: Alakazam
|
|upkeep
|
|t:|1783769262
|switch|p2a: Incineroar|Incineroar, L50, F|100/100
|-ability|p2a: Incineroar|Intimidate|boost
|-unboost|p1a: Incineroar|atk|1
|-unboost|p1b: Ceruledge|atk|1
|turn|3
|
|t:|1783769275
|switch|p1b: Milotic|Milotic, L50, M|100/100
|move|p2b: Hawlucha|Acrobatics|p1a: Incineroar
|-damage|p1a: Incineroar|21/100
|move|p1a: Incineroar|Parting Shot|p2b: Hawlucha
|-unboost|p2b: Hawlucha|atk|1
|-unboost|p2b: Hawlucha|spa|1
|
|t:|1783769285
|switch|p1a: Raichu|Raichu-Mega-Y, L50, M|21/100|[from] Parting Shot
|move|p2a: Incineroar|Throat Chop|p1b: Milotic
|-damage|p1b: Milotic|53/100
|-start|p1b: Milotic|Throat Chop|[silent]
|-damage|p2a: Incineroar|90/100|[from] item: Life Orb
|
|-heal|p1b: Milotic|59/100|[from] item: Leftovers
|upkeep
|turn|4
|
|t:|1783769293
|move|p1a: Raichu|Fake Out|p2b: Hawlucha
|-damage|p2b: Hawlucha|86/100
|cant|p2b: Hawlucha|flinch
|move|p1b: Milotic|Coil|p1b: Milotic
|-boost|p1b: Milotic|atk|1
|-boost|p1b: Milotic|def|1
|-boost|p1b: Milotic|accuracy|1
|move|p2a: Incineroar|Flare Blitz|p1a: Raichu
|-damage|p1a: Raichu|0 fnt
|faint|p1a: Raichu
|-damage|p2a: Incineroar|85/100|[from] Recoil
|-damage|p2a: Incineroar|75/100|[from] item: Life Orb
|
|-heal|p1b: Milotic|65/100|[from] item: Leftovers
|-end|p1b: Milotic|Throat Chop|[silent]
|upkeep
|
|t:|1783769310
|switch|p1a: Incineroar|Incineroar, L50, F|21/100
|-ability|p1a: Incineroar|Intimidate|boost
|-unboost|p2a: Incineroar|atk|1
|-unboost|p2b: Hawlucha|atk|1
|turn|5
|
|t:|1783769322
|move|p1a: Incineroar|Fake Out|p2b: Hawlucha
|-damage|p2b: Hawlucha|70/100
|cant|p2b: Hawlucha|flinch
|move|p1b: Milotic|Coil|p1b: Milotic
|-boost|p1b: Milotic|atk|1
|-boost|p1b: Milotic|def|1
|-boost|p1b: Milotic|accuracy|1
|move|p2a: Incineroar|Throat Chop|p1b: Milotic
|-damage|p1b: Milotic|49/100
|-start|p1b: Milotic|Throat Chop|[silent]
|-damage|p2a: Incineroar|65/100|[from] item: Life Orb
|
|-heal|p1b: Milotic|55/100|[from] item: Leftovers
|upkeep
|turn|6
|
|t:|1783769335
|move|p2b: Hawlucha|Encore|p1a: Incineroar
|-start|p1a: Incineroar|Encore
|move|p1a: Incineroar|Fake Out||[still]
|-hint|Fake Out only works on your first turn out.
|-fail|p1a: Incineroar
|move|p1b: Milotic|Hypnosis|p2b: Hawlucha
|-status|p2b: Hawlucha|slp|[from] move: Hypnosis
|move|p2a: Incineroar|Parting Shot|p1a: Incineroar
|-unboost|p1a: Incineroar|atk|1
|-unboost|p1a: Incineroar|spa|1
|
|t:|1783769342
|switch|p2a: Meowscarada|Meowscarada, L50, M, shiny|100/100|[from] Parting Shot
|
|-heal|p1b: Milotic|61/100|[from] item: Leftovers
|-end|p1b: Milotic|Throat Chop|[silent]
|upkeep
|turn|7
|
|t:|1783769349
|move|p1b: Milotic|Protect|p1b: Milotic
|-singleturn|p1b: Milotic|Protect
|cant|p2b: Hawlucha|slp
|move|p2a: Meowscarada|Flower Trick|p1b: Milotic
|-start|p2a: Meowscarada|typechange|Grass|[from] ability: Protean
|-activate|p1b: Milotic|move: Protect
|-activate|p1a: Incineroar|move: Struggle
|move|p1a: Incineroar|Struggle|p2a: Meowscarada
|-damage|p2a: Meowscarada|86/100
|-damage|p1a: Incineroar|0 fnt|[from] recoil
|faint|p1a: Incineroar
|
|-heal|p1b: Milotic|67/100|[from] item: Leftovers
|upkeep
|
|t:|1783769360
|switch|p1a: Ceruledge|Ceruledge, L50, M, shiny|87/100
|turn|8
|l|☆Star6_D2
|inactive|Star6_D2 disconnected and has a minute to reconnect!
|player|p2|
|inactive|Star6_D2 has 30 seconds left.
|inactive|Star6_D2 has 20 seconds left.
|inactive|Star6_D2 has 15 seconds left.
|inactive|Star6_D2 has 10 seconds left.
|inactive|Star6_D2 has 5 seconds left.
|-message|Star6_D2 lost due to inactivity.
|
|win|kotamager34
|raw|kotamager34's rating: 1154 → 1179(+25 for winning)
|raw|Star6_D2's rating: 1155 → 1130(-25 for losing)
