|j|☆lordtentacle69
|j|☆davidxrt
|html|lordtentacle69davidxrt    
|uhtml|bestof|Game 2 of a best-of-3
|t:|1783818900
|gametype|doubles
|player|p1|lordtentacle69|corbeau|1416
|player|p2|davidxrt|hilbert-wonderlauncher|1286
|gen|9
|tier|[Gen 9 Champions] VGC 2026 Reg M-B (Bo3)
|rated|
|rule|Species Clause: Limit one of each Pokémon
|rule|Item Clause: Limit 1 of each item
|clearpoke
|poke|p1|Delphox, L50, M|
|poke|p1|Incineroar, L50, F|
|poke|p1|Maushold-Four, L50|
|poke|p1|Sinistcha, L50|
|poke|p1|Sneasler, L50, M|
|poke|p1|Blastoise, L50, M|
|poke|p2|Klefki, L50, F|
|poke|p2|Gengar, L50, M|
|poke|p2|Pelipper, L50, M|
|poke|p2|Archaludon, L50, F|
|poke|p2|Basculegion, L50, M|
|poke|p2|Floette-Eternal, L50, F|
|teampreview|4
|showteam|p1|Delphox||Delphoxite|Blaze|HeatWave,Psychic,NastyPlot,Protect|Timid||M|||50|]Incineroar||SitrusBerry|Intimidate|FakeOut,PartingShot,FlareBlitz,ThroatChop|Impish||F|||50|]Maushold-Four||ChopleBerry|FriendGuard|Feint,HelpingHand,Protect,FollowMe|Impish|||||50|]Sinistcha||KasibBerry|Hospitality|Protect,MatchaGotcha,TrickRoom,RagePowder|Bold|||||50|]Sneasler||FocusSash|PoisonTouch|CloseCombat,PoisonJab,QuickGuard,FakeOut|Adamant||M|||50|]Blastoise||Blastoisinite|RainDish|Protect,WaterSpout,DarkPulse,ShellSmash|Modest||M|||50|
|showteam|p2|Klefki||LightClay|Prankster|Reflect,LightScreen,RainDance,TrickRoom|Bold||F|||50|]Gengar||Gengarite|CursedBody|Protect,Taunt,Thunder,SludgeWave|Modest||M|||50|]Pelipper||SitrusBerry|Drizzle|Protect,Tailwind,WeatherBall,Hurricane|Modest||M|||50|]Archaludon||QuickClaw|Stamina|Protect,ElectroShot,DracoMeteor,FlashCannon|Modest||F|||50|]Basculegion||LifeOrb|SwiftSwim|Protect,AquaJet,WaveCrash,LastRespects|Adamant||M|||50|]Floette-Eternal||Floettite|FlowerVeil|Protect,DazzlingGleam,Moonblast,LightofRuin|Modest||F|||50|
|inactive|Battle timer is ON: inactive players will automatically lose when time's up. (requested by davidxrt)
|
|t:|1783818917
|teamsize|p1|4
|teamsize|p2|4
|start
|switch|p1a: Brent|Blastoise, L50, M|100/100
|switch|p1b: Green Day|Sinistcha, L50|100/100
|switch|p2a: Pelipper|Pelipper, L50, M|100/100
|switch|p2b: Archaludon|Archaludon, L50, F|100/100
|-weather|RainDance|[from] ability: Drizzle|[of] p2a: Pelipper
|turn|1
|inactive|lordtentacle69 has 30 seconds left.
|
|t:|1783818951
|detailschange|p1a: Brent|Blastoise-Mega, L50, M
|-mega|p1a: Brent|Blastoise|Blastoisinite
|move|p1b: Green Day|Rage Powder|p1b: Green Day
|-singleturn|p1b: Green Day|move: Rage Powder
|move|p1a: Brent|Shell Smash|p1a: Brent
|-unboost|p1a: Brent|def|1
|-unboost|p1a: Brent|spd|1
|-boost|p1a: Brent|atk|2
|-boost|p1a: Brent|spa|2
|-boost|p1a: Brent|spe|2
|move|p2b: Archaludon|Electro Shot||[still]
|-prepare|p2b: Archaludon|Electro Shot
|-boost|p2b: Archaludon|spa|1
|-anim|p2b: Archaludon|Electro Shot|p1b: Green Day
|-resisted|p1b: Green Day|1
|-damage|p1b: Green Day|67/100
|move|p2a: Pelipper|Hurricane|p1b: Green Day
|-supereffective|p1b: Green Day|1
|-damage|p1b: Green Day|0 fnt
|faint|p1b: Green Day
|
|-weather|RainDance|[upkeep]
|upkeep
|
|t:|1783818966
|switch|p1b: MMCH|Maushold-Four, L50|100/100
|turn|2
|-activate|p2b: Archaludon|item: Quick Claw
|
|t:|1783818976
|move|p1b: MMCH|Helping Hand|p1a: Brent
|-singleturn|p1a: Brent|Helping Hand|[of] p1b: MMCH
|move|p2b: Archaludon|Protect|p2b: Archaludon
|-singleturn|p2b: Archaludon|Protect
|move|p1a: Brent|Water Spout|p2a: Pelipper|[spread] p2a
|-activate|p2b: Archaludon|move: Protect
|-resisted|p2a: Pelipper|1
|-damage|p2a: Pelipper|0 fnt
|faint|p2a: Pelipper
|
|-weather|RainDance|[upkeep]
|upkeep
|
|t:|1783818988
|switch|p2a: Basculegion|Basculegion, L50, M|100/100
|turn|3
|
|t:|1783818999
|move|p1b: MMCH|Follow Me|p1b: MMCH
|-singleturn|p1b: MMCH|move: Follow Me
|move|p1a: Brent|Water Spout|p2a: Basculegion|[spread] p2a,p2b
|-resisted|p2a: Basculegion|1
|-resisted|p2b: Archaludon|1
|-damage|p2a: Basculegion|0 fnt
|-damage|p2b: Archaludon|8/100
|-ability|p2b: Archaludon|Stamina|boost
|-boost|p2b: Archaludon|def|1
|faint|p2a: Basculegion
|move|p2b: Archaludon|Electro Shot||[still]
|-prepare|p2b: Archaludon|Electro Shot
|-boost|p2b: Archaludon|spa|1
|-anim|p2b: Archaludon|Electro Shot|p1b: MMCH
|-damage|p1b: MMCH|18/100
|
|-weather|RainDance|[upkeep]
|upkeep
|
|t:|1783819013
|switch|p2a: Floette|Floette-Eternal, L50, F|100/100
|turn|4
|-activate|p2b: Archaludon|item: Quick Claw
|
|t:|1783819020
|detailschange|p2a: Floette|Floette-Mega, L50, F
|-mega|p2a: Floette|Floette|Floettite
|-ability|p2a: Floette|Fairy Aura
|move|p2b: Archaludon|Protect|p2b: Archaludon
|-singleturn|p2b: Archaludon|Protect
|move|p1b: MMCH|Feint|p2a: Floette
|-damage|p2a: Floette|91/100
|move|p1a: Brent|Water Spout|p2a: Floette|[spread] p2a
|-activate|p2b: Archaludon|move: Protect
|-damage|p2a: Floette|0 fnt
|faint|p2a: Floette
|
|-weather|RainDance|[upkeep]
|upkeep
|turn|5
|
|t:|1783819034
|move|p1b: MMCH|Follow Me|p1b: MMCH
|-singleturn|p1b: MMCH|move: Follow Me
|move|p1a: Brent|Water Spout|p2b: Archaludon
|-resisted|p2b: Archaludon|1
|-damage|p2b: Archaludon|0 fnt
|faint|p2b: Archaludon
|
|win|lordtentacle69
|raw|lordtentacle69's rating: 1416 → 1429(+13 for winning)
|raw|davidxrt's rating: 1286 → 1270(-16 for losing)
|l|☆davidxrt
|player|p2|
