|j|☆seeyouatthetip
|j|☆DJ_Arcigno
|html|seeyouatthetipDJ_Arcigno    
|uhtml|bestof|Game 3 of a best-of-3
|t:|1756742540
|gametype|doubles
|player|p1|seeyouatthetip|hiker-gen4|1350
|player|p2|DJ_Arcigno|1|1304
|gen|9
|tier|[Gen 9] VGC 2025 Reg H (Bo3)
|rated|
|rule|Species Clause: Limit one of each Pokémon
|rule|Item Clause: Limit 1 of each item
|clearpoke
|poke|p1|Amoonguss, L50, M|
|poke|p1|Incineroar, L50, M|
|poke|p1|Gholdengo, L50|
|poke|p1|Annihilape, L50, M|
|poke|p1|Kingambit, L50, M|
|poke|p1|Dragonite, L50, M|
|poke|p2|Charizard, L50, F|
|poke|p2|Torkoal, L50, M|
|poke|p2|Porygon2, L50|
|poke|p2|Incineroar, L50, F|
|poke|p2|Jumpluff, L50, M|
|poke|p2|Ursaluna, L50, M|
|teampreview|4
|showteam|p1|Amoonguss||SitrusBerry|Regenerator|Spore,RagePowder,SludgeBomb,Protect|||M|||50|,,,,,Fire]Incineroar||SafetyGoggles|Intimidate|FlareBlitz,FakeOut,PartingShot,KnockOff|||M|||50|,,,,,Ghost]Gholdengo||LifeOrb|GoodasGold|MakeItRain,ShadowBall,NastyPlot,Protect||||||50|,,,,,Steel]Annihilape||FocusSash|Defiant|CloseCombat,RageFist,Coaching,FinalGambit|||M|||50|,,,,,Grass]Kingambit||AssaultVest|Defiant|KowtowCleave,SuckerPunch,IronHead,LowKick|||M|||50|,,,,,Dark]Dragonite||LoadedDice|Multiscale|ScaleShot,ExtremeSpeed,Haze,Protect|||M|||50|,,,,,Fairy
|showteam|p2|Charizard||ChoiceSpecs|SolarPower|HeatWave,Overheat,WeatherBall,AirSlash|||F|||50|,,,,,Ghost]Torkoal||EjectPack|Drought|Eruption,Overheat,HelpingHand,Protect|||M|||50|,,,,,Fire]Porygon2||Eviolite|Download|TeraBlast,IceBeam,Recover,TrickRoom||||||50|,,,,,Fighting]Incineroar||SitrusBerry|Intimidate|FlareBlitz,KnockOff,FakeOut,PartingShot|||F|||50|,,,,,Ghost]Jumpluff||CovertCloak|Chlorophyll|SleepPowder,SunnyDay,RagePowder,Tailwind|||M|||50|,,,,,Water]Ursaluna||FlameOrb|Guts|HeadlongRush,Facade,Earthquake,Protect|||M|||50|,,,,,Ghost
|inactive|Battle timer is ON: inactive players will automatically lose when time's up. (requested by seeyouatthetip)
|
|t:|1756742573
|teamsize|p1|4
|teamsize|p2|4
|start
|switch|p1a: Dragonite|Dragonite, L50, M|100/100
|switch|p1b: Amoonguss|Amoonguss, L50, M|100/100
|switch|p2a: Jumpluff|Jumpluff, L50, M|100/100
|switch|p2b: Torkoal|Torkoal, L50, M|100/100
|-weather|SunnyDay|[from] ability: Drought|[of] p2b: Torkoal
|turn|1
|inactive|DJ_Arcigno has 30 seconds left.
|inactive|DJ_Arcigno has 20 seconds left.
|
|t:|1756742611
|switch|p2a: Ursaluna|Ursaluna, L50, M|100/100
|switch|p1a: Incineroar|Incineroar, L50, M|100/100
|-ability|p1a: Incineroar|Intimidate|boost
|-unboost|p2a: Ursaluna|atk|1
|-unboost|p2b: Torkoal|atk|1
|-enditem|p2b: Torkoal|Eject Pack
|
|t:|1756742616
|switch|p2b: Jumpluff|Jumpluff, L50, M|100/100
|move|p1b: Amoonguss|Spore|p2b: Jumpluff
|-immune|p2b: Jumpluff
|
|-weather|SunnyDay|[upkeep]
|-status|p2a: Ursaluna|brn|[from] item: Flame Orb
|upkeep
|turn|2
|inactive|DJ_Arcigno has 30 seconds left.
|
|t:|1756742651
|-terastallize|p1a: Incineroar|Ghost
|move|p1b: Amoonguss|Rage Powder|p1b: Amoonguss
|-singleturn|p1b: Amoonguss|move: Rage Powder
|move|p2b: Jumpluff|Tailwind|p2b: Jumpluff
|-sidestart|p2: DJ_Arcigno|move: Tailwind
|move|p2a: Ursaluna|Facade|p1b: Amoonguss
|-damage|p1b: Amoonguss|36/100
|-enditem|p1b: Amoonguss|Sitrus Berry|[eat]
|-heal|p1b: Amoonguss|60/100|[from] item: Sitrus Berry
|move|p1a: Incineroar|Knock Off|p2a: Ursaluna
|-damage|p2a: Ursaluna|67/100 brn
|-enditem|p2a: Ursaluna|Flame Orb|[from] move: Knock Off|[of] p1a: Incineroar
|
|-weather|SunnyDay|[upkeep]
|-damage|p2a: Ursaluna|61/100 brn|[from] brn
|upkeep
|turn|3
|inactive|seeyouatthetip has 30 seconds left.
|inactive|DJ_Arcigno has 30 seconds left.
|inactive|DJ_Arcigno has 20 seconds left.
|inactive|DJ_Arcigno has 15 seconds left.
|inactive|DJ_Arcigno has 10 seconds left.
|inactive|DJ_Arcigno has 5 seconds left.
|
|t:|1756742705
|switch|p2a: Charizard|Charizard, L50, F|100/100
|move|p2b: Jumpluff|Sleep Powder|p1b: Amoonguss
|-immune|p1b: Amoonguss
|move|p1a: Incineroar|Flare Blitz|p2a: Charizard
|-resisted|p2a: Charizard
|-damage|p2a: Charizard|42/100
|-damage|p1a: Incineroar|86/100|[from] Recoil
|move|p1b: Amoonguss|Spore|p2b: Jumpluff
|-immune|p2b: Jumpluff
|
|-weather|SunnyDay|[upkeep]
|-damage|p2a: Charizard|30/100|[from] ability: Solar Power|[of] p2a: Charizard
|upkeep
|turn|4
|inactive|seeyouatthetip has 30 seconds left.
|inactive|DJ_Arcigno has 30 seconds left.
|
|t:|1756742735
|switch|p2b: Ursaluna|Ursaluna, L50, M|61/100 brn
|move|p1b: Amoonguss|Protect|p1b: Amoonguss
|-singleturn|p1b: Amoonguss|Protect
|move|p2a: Charizard|Weather Ball|p1a: Incineroar
|-damage|p1a: Incineroar|0 fnt
|faint|p1a: Incineroar
|
|-weather|SunnyDay|[upkeep]
|-damage|p2a: Charizard|17/100|[from] ability: Solar Power|[of] p2a: Charizard
|-damage|p2b: Ursaluna|55/100 brn|[from] brn
|upkeep
|
|t:|1756742748
|switch|p1a: Dragonite|Dragonite, L50, M|100/100
|turn|5
|inactive|seeyouatthetip has 30 seconds left.
|
|t:|1756742785
|-terastallize|p2a: Charizard|Ghost
|move|p1a: Dragonite|Protect|p1a: Dragonite
|-singleturn|p1a: Dragonite|Protect
|move|p2a: Charizard|Weather Ball|p1b: Amoonguss
|-supereffective|p1b: Amoonguss
|-damage|p1b: Amoonguss|0 fnt
|faint|p1b: Amoonguss
|move|p2b: Ursaluna|Facade|p1a: Dragonite
|-activate|p1a: Dragonite|move: Protect
|
|-weather|none
|-damage|p2b: Ursaluna|49/100 brn|[from] brn
|-sideend|p2: DJ_Arcigno|move: Tailwind
|upkeep
|
|t:|1756742799
|switch|p1b: Kingambit|Kingambit, L50, M, shiny|100/100
|turn|6
|inactive|seeyouatthetip has 30 seconds left.
|inactive|DJ_Arcigno has 30 seconds left.
|
|t:|1756742834
|switch|p2a: Jumpluff|Jumpluff, L50, M|100/100
|move|p1b: Kingambit|Sucker Punch|p2b: Ursaluna
|-damage|p2b: Ursaluna|16/100 brn
|move|p1a: Dragonite|Scale Shot|p2a: Jumpluff
|-damage|p2a: Jumpluff|83/100
|-damage|p2a: Jumpluff|63/100
|-damage|p2a: Jumpluff|46/100
|-damage|p2a: Jumpluff|28/100
|-hitcount|p2a: Jumpluff|4
|-unboost|p1a: Dragonite|def|1
|-boost|p1a: Dragonite|spe|1
|move|p2b: Ursaluna|Headlong Rush|p1b: Kingambit
|-supereffective|p1b: Kingambit
|-damage|p1b: Kingambit|0 fnt
|-unboost|p2b: Ursaluna|def|1
|-unboost|p2b: Ursaluna|spd|1
|faint|p1b: Kingambit
|
|-damage|p2b: Ursaluna|10/100 brn|[from] brn
|upkeep
|turn|7
|
|t:|1756742858
|move|p1a: Dragonite|Extreme Speed|p2a: Jumpluff
|-damage|p2a: Jumpluff|0 fnt
|faint|p2a: Jumpluff
|move|p2b: Ursaluna|Facade|p1a: Dragonite
|-damage|p1a: Dragonite|0 fnt
|faint|p1a: Dragonite
|
|win|DJ_Arcigno
|raw|seeyouatthetip's rating: 1350 → 1327(-23 for losing)
|raw|DJ_Arcigno's rating: 1304 → 1327(+23 for winning)
|c|☆DJ_Arcigno|ggs
|c|☆seeyouatthetip|gg
|l|☆DJ_Arcigno
|player|p2|
