|j|☆VerdantVirizion
|j|☆standardamerican
|html|VerdantVirizionstandardamerican    
|uhtml|bestof|Game 1 of a best-of-3
|t:|1784888295
|gametype|doubles
|player|p1|VerdantVirizion|acetrainerf|1158
|player|p2|standardamerican|170|1308
|gen|9
|tier|[Gen 9 Champions] VGC 2026 Reg M-B (Bo3)
|rated|
|rule|Species Clause: Limit one of each Pokémon
|rule|Item Clause: Limit 1 of each item
|clearpoke
|poke|p1|Mawile, L50, F, shiny|
|poke|p1|Dragonite, L50, M, shiny|
|poke|p1|Farigiraf, L50, M|
|poke|p1|Pelipper, L50, M, shiny|
|poke|p1|Sneasler, L50, F|
|poke|p1|Mamoswine, L50, F|
|poke|p2|Sinistcha, L50|
|poke|p2|Incineroar, L50, M|
|poke|p2|Milotic, L50, M|
|poke|p2|Raichu, L50, M|
|poke|p2|Gardevoir, L50, F|
|poke|p2|Ceruledge, L50, M|
|teampreview|4
|showteam|p1|Mawile||Mawilite|HyperCutter|PlayRough,SuckerPunch,SwordsDance,Protect|Adamant||F|||50|]Dragonite||Dragoninite|Multiscale|DragonPulse,Thunderbolt,Hurricane,Protect|Modest||M|||50|]Farigiraf||ColburBerry|ArmorTail|Psychic,TrickRoom,HelpingHand,GrassKnot|Calm||M|||50|]Pelipper||SitrusBerry|Drizzle|WeatherBall,Tailwind,WideGuard,Hurricane|Modest||M|||50|]Sneasler||FocusSash|PoisonTouch|PoisonJab,CloseCombat,FakeOut,Protect|Jolly||F|||50|]Mamoswine||LifeOrb|Oblivious|HighHorsepower,IceShard,IcicleCrash,Protect|Adamant||F|||50|
|showteam|p2|Sinistcha||KasibBerry|Hospitality|MatchaGotcha,TrickRoom,RagePowder,Protect|Bold|||||50|]Incineroar||SitrusBerry|Intimidate|FlareBlitz,DarkestLariat,FakeOut,PartingShot|Careful||M|||50|]Milotic||Leftovers|Competitive|MuddyWater,Coil,Hypnosis,Protect|Calm||M|||50|]Raichu||RaichuniteY|LightningRod|ZapCannon,FocusBlast,FakeOut,Protect|Timid||M|||50|]Gardevoir||Gardevoirite|Trace|HyperVoice,Psyshock,TrickRoom,Protect|Modest||F|||50|]Ceruledge||ColburBerry|FlashFire|BitterBlade,ShadowSneak,BulkUp,Protect|Adamant||M|||50|
|inactive|Battle timer is ON: inactive players will automatically lose when time's up. (requested by VerdantVirizion)
|inactive|VerdantVirizion has 60 seconds left.
|inactive|standardamerican has 60 seconds left.
|
|t:|1784888352
|teamsize|p1|4
|teamsize|p2|4
|start
|switch|p1a: Uzi|Dragonite, L50, M, shiny|100/100
|switch|p1b: Luthier|Farigiraf, L50, M|100/100
|switch|p2a: Milotic|Milotic, L50, M|100/100
|switch|p2b: Raichu|Raichu, L50, M|100/100
|turn|1
|inactive|VerdantVirizion has 30 seconds left.
|inactive|standardamerican has 30 seconds left.
|
|t:|1784888383
|switch|p2a: Sinistcha|Sinistcha, L50|100/100
|switch|p1b: Dagger|Sneasler, L50, F|100/100
|detailschange|p2b: Raichu|Raichu-Mega-Y, L50, M
|-mega|p2b: Raichu|Raichu|Raichunite Y
|detailschange|p1a: Uzi|Dragonite-Mega, L50, M, shiny
|-mega|p1a: Uzi|Dragonite|Dragoninite
|move|p2b: Raichu|Zap Cannon|p1b: Dagger
|-damage|p1b: Dagger|7/100
|-status|p1b: Dagger|par
|move|p1a: Uzi|Dragon Pulse|p2b: Raichu
|-damage|p2b: Raichu|25/100
|
|upkeep
|turn|2
|inactive|standardamerican has 30 seconds left.
|inactive|VerdantVirizion has 30 seconds left.
|inactive|standardamerican has 20 seconds left.
|
|t:|1784888423
|move|p2b: Raichu|Protect|p2b: Raichu
|-singleturn|p2b: Raichu|Protect
|move|p2a: Sinistcha|Protect|p2a: Sinistcha
|-singleturn|p2a: Sinistcha|Protect
|move|p1b: Dagger|Fake Out|p2b: Raichu
|-activate|p2b: Raichu|move: Protect
|move|p1a: Uzi|Hurricane|p2a: Sinistcha
|-activate|p2a: Sinistcha|move: Protect
|
|upkeep
|turn|3
|
|t:|1784888441
|move|p1b: Dagger|Protect|p1b: Dagger
|-singleturn|p1b: Dagger|Protect
|move|p2a: Sinistcha|Rage Powder|p2a: Sinistcha
|-singleturn|p2a: Sinistcha|move: Rage Powder
|move|p2b: Raichu|Zap Cannon|p1a: Uzi
|-damage|p1a: Uzi|73/100
|-status|p1a: Uzi|par
|move|p1a: Uzi|Hurricane|p2a: Sinistcha
|-supereffective|p2a: Sinistcha|1
|-damage|p2a: Sinistcha|0 fnt
|faint|p2a: Sinistcha
|
|upkeep
|
|t:|1784888456
|switch|p2a: Incineroar|Incineroar, L50, M|100/100
|-ability|p2a: Incineroar|Intimidate|boost
|-unboost|p1a: Uzi|atk|1
|-unboost|p1b: Dagger|atk|1
|turn|4
|
|t:|1784888477
|switch|p2b: Milotic|Milotic, L50, M|100/100
|switch|p1b: Luthier|Farigiraf, L50, M|100/100
|move|p2a: Incineroar|Fake Out||[still]
|cant|p1b: Luthier|ability: Armor Tail|Fake Out|[of] p2a: Incineroar
|move|p1a: Uzi|Dragon Pulse|p2b: Milotic
|-damage|p2b: Milotic|64/100
|
|-heal|p2b: Milotic|70/100|[from] item: Leftovers
|upkeep
|turn|5
|inactive|VerdantVirizion has 30 seconds left.
|
|t:|1784888505
|move|p2b: Milotic|Protect|p2b: Milotic
|-singleturn|p2b: Milotic|Protect
|move|p2a: Incineroar|Parting Shot|p1a: Uzi
|-unboost|p1a: Uzi|atk|1
|-unboost|p1a: Uzi|spa|1
|
|t:|1784888510
|switch|p2a: Raichu|Raichu-Mega-Y, L50, M|25/100|[from] Parting Shot
|move|p1a: Uzi|Thunderbolt|p2b: Milotic
|-activate|p2b: Milotic|move: Protect
|move|p1b: Luthier|Trick Room|p1b: Luthier
|-fieldstart|move: Trick Room|[of] p1b: Luthier
|
|-heal|p2b: Milotic|76/100|[from] item: Leftovers
|upkeep
|turn|6
|inactive|standardamerican has 30 seconds left.
|inactive|VerdantVirizion has 30 seconds left.
|
|t:|1784888547
|switch|p2b: Incineroar|Incineroar, L50, M|100/100
|-ability|p2b: Incineroar|Intimidate|boost
|-unboost|p1a: Uzi|atk|1
|-unboost|p1b: Luthier|atk|1
|move|p2a: Raichu|Protect|p2a: Raichu
|-singleturn|p2a: Raichu|Protect
|move|p1a: Uzi|Thunderbolt|p2b: Incineroar
|-damage|p2b: Incineroar|80/100
|move|p1b: Luthier|Psychic|p2a: Raichu
|-activate|p2a: Raichu|move: Protect
|
|upkeep
|turn|7
|
|t:|1784888562
|switch|p2a: Milotic|Milotic, L50, M|76/100
|cant|p1a: Uzi|par
|move|p1b: Luthier|Psychic|p2a: Milotic
|-damage|p2a: Milotic|53/100
|move|p2b: Incineroar|Parting Shot|p1a: Uzi
|-unboost|p1a: Uzi|atk|1
|-unboost|p1a: Uzi|spa|1
|
|t:|1784888571
|switch|p2b: Raichu|Raichu-Mega-Y, L50, M|25/100|[from] Parting Shot
|
|-heal|p2a: Milotic|59/100|[from] item: Leftovers
|upkeep
|turn|8
|
|t:|1784888596
|move|p1a: Uzi|Dragon Pulse|p2b: Raichu
|-damage|p2b: Raichu|0 fnt
|faint|p2b: Raichu
|move|p1b: Luthier|Grass Knot|p2a: Milotic
|-supereffective|p2a: Milotic|1
|-damage|p2a: Milotic|25/100
|move|p2a: Milotic|Coil|p2a: Milotic
|-boost|p2a: Milotic|atk|1
|-boost|p2a: Milotic|def|1
|-boost|p2a: Milotic|accuracy|1
|
|-heal|p2a: Milotic|31/100|[from] item: Leftovers
|upkeep
|
|t:|1784888599
|switch|p2b: Incineroar|Incineroar, L50, M|80/100
|-ability|p2b: Incineroar|Intimidate|boost
|-unboost|p1a: Uzi|atk|1
|-unboost|p1b: Luthier|atk|1
|turn|9
|
|t:|1784888618
|move|p2a: Milotic|Protect|p2a: Milotic
|-singleturn|p2a: Milotic|Protect
|cant|p1a: Uzi|par
|move|p1b: Luthier|Grass Knot|p2a: Milotic
|-activate|p2a: Milotic|move: Protect
|move|p2b: Incineroar|Darkest Lariat|p1b: Luthier
|-supereffective|p1b: Luthier|1
|-enditem|p1b: Luthier|Colbur Berry|[eat]
|-enditem|p1b: Luthier|Colbur Berry|[weaken]
|-damage|p1b: Luthier|70/100
|
|-heal|p2a: Milotic|37/100|[from] item: Leftovers
|-fieldend|move: Trick Room
|upkeep
|turn|10
|
|t:|1784888636
|move|p2a: Milotic|Muddy Water|p1b: Luthier|[spread] p1a,p1b
|-resisted|p1a: Uzi|1
|-damage|p1a: Uzi|64/100 par
|-damage|p1b: Luthier|49/100
|-unboost|p1b: Luthier|accuracy|1
|move|p2b: Incineroar|Darkest Lariat|p1b: Luthier
|-supereffective|p1b: Luthier|1
|-damage|p1b: Luthier|0 fnt
|faint|p1b: Luthier
|move|p1a: Uzi|Thunderbolt|p2a: Milotic
|-supereffective|p2a: Milotic|1
|-damage|p2a: Milotic|11/100
|
|-heal|p2a: Milotic|17/100|[from] item: Leftovers
|upkeep
|
|t:|1784888651
|switch|p1b: Mamoswine|Mamoswine, L50, F|100/100
|turn|11
|
|t:|1784888667
|move|p2a: Milotic|Protect|p2a: Milotic
|-singleturn|p2a: Milotic|Protect
|move|p1b: Mamoswine|High Horsepower|p2b: Incineroar
|-supereffective|p2b: Incineroar|1
|-crit|p2b: Incineroar
|-damage|p2b: Incineroar|0 fnt
|faint|p2b: Incineroar
|-damage|p1b: Mamoswine|90/100|[from] item: Life Orb
|move|p1a: Uzi|Thunderbolt|p2a: Milotic
|-activate|p2a: Milotic|move: Protect
|
|-heal|p2a: Milotic|23/100|[from] item: Leftovers
|upkeep
|turn|12
|-message|standardamerican forfeited.
|
|win|VerdantVirizion
||VerdantVirizion is ready for game 2.
||standardamerican is ready for game 2.
|uhtml|next|Next: Game 2 of 3
