|j|☆atahualpamaia
|j|☆migalhinha xd
|html|atahualpamaiamigalhinha xd    
|uhtml|bestof|Game 3 of a best-of-3
|t:|1757022858
|gametype|doubles
|player|p1|atahualpamaia|lucas|1016
|player|p2|migalhinha xd|worker-gen4|1000
|gen|9
|tier|[Gen 9] VGC 2025 Reg H (Bo3)
|rated|
|rule|Species Clause: Limit one of each Pokémon
|rule|Item Clause: Limit 1 of each item
|clearpoke
|poke|p1|Dragonite, L50, F|
|poke|p1|Ursaluna-Bloodmoon, L50, M|
|poke|p1|Sneasler, L50, M|
|poke|p1|Braviary, L50, M|
|poke|p1|Whimsicott, L50, M|
|poke|p1|Farigiraf, L50, M|
|poke|p2|Archaludon, L50, M|
|poke|p2|Basculegion, L50, M|
|poke|p2|Pelipper, L50, F|
|poke|p2|Amoonguss, L50, M|
|poke|p2|Incineroar, L50, F|
|poke|p2|Maushold, L50|
|teampreview|4
|showteam|p1|Dragonite||LoadedDice|Multiscale|ScaleShot,IcePunch,StompingTantrum,Protect|||F|||50|,,,,,Steel]Ursaluna-Bloodmoon||SitrusBerry|MindsEye|BloodMoon,EarthPower,HyperVoice,Protect|||M|||50|,,,,,Ghost]Sneasler||WhiteHerb|Unburden|CloseCombat,DireClaw,ThroatChop,Protect|||M|||50|,,,,,Ghost]Braviary||LifeOrb|Defiant|BraveBird,CloseCombat,HelpingHand,Protect|||M|||50|,,,,,Flying]Whimsicott||FocusSash|Prankster|Moonblast,Taunt,Tailwind,Protect|||M|||50|,,,,,Ghost]Farigiraf||ThroatSpray|ArmorTail|HyperVoice,HelpingHand,TrickRoom,Protect|||M|||50|,,,,,Water
|showteam|p2|Archaludon||AssaultVest|Stamina|ElectroShot,DragonPulse,FlashCannon,BodyPress|||M|||50|,,,,,Grass]Basculegion||MysticWater|SwiftSwim|Protect,WaveCrash,AquaJet,LastRespects|||M|||50|,,,,,Water]Pelipper||FocusSash|Drizzle|Hurricane,WeatherBall,Tailwind,Protect|||F|||50|,,,,,Ghost]Amoonguss||SitrusBerry|Regenerator|Spore,RagePowder,PollenPuff,ClearSmog|||M|||50|,,,,,Water]Incineroar||SafetyGoggles|Intimidate|FakeOut,FlareBlitz,KnockOff,PartingShot|||F|||50|,,,,,Ghost]Maushold||WideLens|Technician|PopulationBomb,FollowMe,Taunt,Protect||||||50|,,,,,Grass
|inactive|Battle timer is ON: inactive players will automatically lose when time's up. (requested by atahualpamaia)
|
|t:|1757022885
|teamsize|p1|4
|teamsize|p2|4
|start
|switch|p1a: Whimsicott|Whimsicott, L50, M|100/100
|switch|p1b: Dragonite|Dragonite, L50, F|100/100
|switch|p2a: Basculegion|Basculegion, L50, M|100/100
|switch|p2b: Pelipper|Pelipper, L50, F|100/100
|-weather|RainDance|[from] ability: Drizzle|[of] p2b: Pelipper
|turn|1
|
|t:|1757022909
|move|p1a: Whimsicott|Protect|p1a: Whimsicott
|-singleturn|p1a: Whimsicott|Protect
|move|p2a: Basculegion|Last Respects|p1b: Dragonite
|-damage|p1b: Dragonite|87/100
|move|p1b: Dragonite|Scale Shot|p2a: Basculegion
|-damage|p2a: Basculegion|82/100
|-damage|p2a: Basculegion|62/100
|-damage|p2a: Basculegion|43/100
|-damage|p2a: Basculegion|22/100
|-damage|p2a: Basculegion|5/100
|-hitcount|p2a: Basculegion|5
|-unboost|p1b: Dragonite|def|1
|-boost|p1b: Dragonite|spe|1
|move|p2b: Pelipper|Hurricane|p1a: Whimsicott
|-activate|p1a: Whimsicott|move: Protect
|
|-weather|RainDance|[upkeep]
|upkeep
|turn|2
|inactive|atahualpamaia has 30 seconds left.
|inactive|migalhinha xd has 30 seconds left.
|inactive|atahualpamaia has 20 seconds left.
|
|t:|1757022949
|switch|p2a: Archaludon|Archaludon, L50, M|100/100
|move|p1b: Dragonite|Protect|p1b: Dragonite
|-singleturn|p1b: Dragonite|Protect
|move|p1a: Whimsicott|Tailwind|p1a: Whimsicott
|-sidestart|p1: atahualpamaia|move: Tailwind
|move|p2b: Pelipper|Hurricane|p1b: Dragonite
|-activate|p1b: Dragonite|move: Protect
|
|-weather|RainDance|[upkeep]
|upkeep
|turn|3
|inactive|atahualpamaia has 30 seconds left.
|
|t:|1757022980
|-terastallize|p1b: Dragonite|Steel
|move|p1a: Whimsicott|Protect|p1a: Whimsicott
|-singleturn|p1a: Whimsicott|Protect
|move|p1b: Dragonite|Stomping Tantrum|p2a: Archaludon
|-supereffective|p2a: Archaludon
|-damage|p2a: Archaludon|59/100
|-ability|p2a: Archaludon|Stamina|boost
|-boost|p2a: Archaludon|def|1
|move|p2b: Pelipper|Hurricane|p1b: Dragonite
|-resisted|p1b: Dragonite
|-damage|p1b: Dragonite|63/100
|move|p2a: Archaludon|Electro Shot||[still]
|-prepare|p2a: Archaludon|Electro Shot
|-boost|p2a: Archaludon|spa|1
|-anim|p2a: Archaludon|Electro Shot|p1b: Dragonite
|-damage|p1b: Dragonite|0 fnt
|faint|p1b: Dragonite
|
|-weather|RainDance|[upkeep]
|upkeep
|
|t:|1757023004
|switch|p1b: Sneasler|Sneasler, L50, M|100/100
|turn|4
|
|t:|1757023033
|move|p1b: Sneasler|Close Combat|p2a: Archaludon
|-supereffective|p2a: Archaludon
|-damage|p2a: Archaludon|0 fnt
|-unboost|p1b: Sneasler|def|1
|-unboost|p1b: Sneasler|spd|1
|faint|p2a: Archaludon
|-enditem|p1b: Sneasler|White Herb
|-clearnegativeboost|p1b: Sneasler|[silent]
|move|p1a: Whimsicott|Moonblast|p2b: Pelipper
|-damage|p2b: Pelipper|33/100
|move|p2b: Pelipper|Hurricane|p1b: Sneasler
|-supereffective|p1b: Sneasler
|-damage|p1b: Sneasler|0 fnt
|faint|p1b: Sneasler
|
|-weather|RainDance|[upkeep]
|upkeep
|inactive|migalhinha xd has 30 seconds left.
|
|t:|1757023060
|switch|p1b: Braviary|Braviary, L50, M|100/100
|switch|p2a: Amoonguss|Amoonguss, L50, M|100/100
|turn|5
|inactive|atahualpamaia has 30 seconds left.
|inactive|migalhinha xd has 30 seconds left.
|
|t:|1757023089
|-terastallize|p2a: Amoonguss|Water
|move|p2b: Pelipper|Protect|p2b: Pelipper
|-singleturn|p2b: Pelipper|Protect
|move|p1a: Whimsicott|Taunt|p2a: Amoonguss
|-start|p2a: Amoonguss|move: Taunt
|move|p1b: Braviary|Brave Bird|p2b: Pelipper
|-activate|p2b: Pelipper|move: Protect
|cant|p2a: Amoonguss|move: Taunt|Spore
|
|-weather|none
|-sideend|p1: atahualpamaia|move: Tailwind
|upkeep
|turn|6
|
|t:|1757023112
|switch|p2b: Basculegion|Basculegion, L50, M|5/100
|move|p1a: Whimsicott|Moonblast|p2b: Basculegion
|-damage|p2b: Basculegion|0 fnt
|faint|p2b: Basculegion
|move|p1b: Braviary|Close Combat|p2a: Amoonguss
|-damage|p2a: Amoonguss|55/100
|-unboost|p1b: Braviary|def|1
|-unboost|p1b: Braviary|spd|1
|-damage|p1b: Braviary|91/100|[from] item: Life Orb
|move|p2a: Amoonguss|Clear Smog|p1a: Whimsicott
|-supereffective|p1a: Whimsicott
|-enditem|p1a: Whimsicott|Focus Sash
|-damage|p1a: Whimsicott|1/100
|-clearboost|p1a: Whimsicott
|
|upkeep
|
|t:|1757023128
|switch|p2b: Pelipper|Pelipper, L50, F|33/100
|-weather|RainDance|[from] ability: Drizzle|[of] p2b: Pelipper
|turn|7
|
|t:|1757023142
|move|p1b: Braviary|Protect|p1b: Braviary
|-singleturn|p1b: Braviary|Protect
|move|p1a: Whimsicott|Moonblast|p2b: Pelipper
|-damage|p2b: Pelipper|0 fnt
|faint|p2b: Pelipper
|move|p2a: Amoonguss|Clear Smog|p1b: Braviary
|-activate|p1b: Braviary|move: Protect
|
|-weather|RainDance|[upkeep]
|-end|p2a: Amoonguss|move: Taunt
|upkeep
|turn|8
|
|t:|1757023157
|move|p1a: Whimsicott|Moonblast|p2a: Amoonguss
|-damage|p2a: Amoonguss|21/100
|-enditem|p2a: Amoonguss|Sitrus Berry|[eat]
|-heal|p2a: Amoonguss|46/100|[from] item: Sitrus Berry
|move|p1b: Braviary|Close Combat|p2a: Amoonguss
|-damage|p2a: Amoonguss|5/100
|-unboost|p1b: Braviary|def|1
|-unboost|p1b: Braviary|spd|1
|-damage|p1b: Braviary|81/100|[from] item: Life Orb
|move|p2a: Amoonguss|Clear Smog|p1a: Whimsicott
|-supereffective|p1a: Whimsicott
|-damage|p1a: Whimsicott|0 fnt
|-clearboost|p1a: Whimsicott
|faint|p1a: Whimsicott
|
|-weather|RainDance|[upkeep]
|upkeep
|turn|9
|
|t:|1757023175
|move|p1b: Braviary|Close Combat|p2a: Amoonguss
|-damage|p2a: Amoonguss|0 fnt
|-unboost|p1b: Braviary|def|1
|-unboost|p1b: Braviary|spd|1
|faint|p2a: Amoonguss
|-damage|p1b: Braviary|71/100|[from] item: Life Orb
|
|win|atahualpamaia
|raw|atahualpamaia's rating: 1016 → 1052(+36 for winning)
|raw|migalhinha xd's rating: 1000 → 1000(+0 for losing)
|c|☆atahualpamaia|gg
|c|☆migalhinha xd|gg
|l|☆migalhinha xd
|player|p2|
