|j|☆Luxerna
|j|☆Gayangos
|html|LuxernaGayangos    
|uhtml|bestof|Game 2 of a best-of-3
|t:|1785236231
|gametype|doubles
|player|p1|Luxerna|dawn-gen4pt|1385
|player|p2|Gayangos|169|1452
|gen|9
|tier|[Gen 9 Champions] VGC 2026 Reg M-B (Bo3)
|rated|
|rule|Species Clause: Limit one of each Pokémon
|rule|Item Clause: Limit 1 of each item
|clearpoke
|poke|p1|Tyranitar, L50, M|
|poke|p1|Staraptor, L50, M|
|poke|p1|Excadrill, L50, F|
|poke|p1|Gholdengo, L50|
|poke|p1|Milotic, L50, F|
|poke|p1|Sinistcha, L50|
|poke|p2|Tyranitar, L50, M|
|poke|p2|Excadrill, L50, M|
|poke|p2|Milotic, L50, M|
|poke|p2|Sinistcha, L50|
|poke|p2|Staraptor, L50, M|
|poke|p2|Gholdengo, L50|
|teampreview|4
|showteam|p1|Tyranitar||Tyranitarite|SandStream|RockSlide,KnockOff,HighHorsepower,Protect|Adamant||M|||50|]Staraptor||Staraptite|Intimidate|BraveBird,CloseCombat,Tailwind,Protect|Jolly||M|||50|]Excadrill||FocusSash|SandRush|HighHorsepower,IronHead,RockSlide,Protect|Adamant||F|||50|]Gholdengo||LifeOrb|GoodasGold|MakeItRain,ShadowBall,NastyPlot,Protect|Timid|||||50|]Milotic||SitrusBerry|Competitive|Protect,Scald,IcyWind,IceBeam|Bold||F|||50|]Sinistcha||ColburBerry|Hospitality|MatchaGotcha,RagePowder,ShadowBall,Protect|Bold|||||50|
|showteam|p2|Tyranitar||Tyranitarite|SandStream|KnockOff,RockSlide,LowKick,Protect|Jolly||M|||50|]Excadrill||FocusSash|SandRush|HighHorsepower,IronHead,RockSlide,Protect|Adamant||M|||50|]Milotic||Leftovers|Competitive|Scald,IceBeam,Recover,Protect|Calm||M|||50|]Sinistcha||ColburBerry|Hospitality|MatchaGotcha,ShadowBall,Protect,RagePowder|Bold|||||50|]Staraptor||Staraptite|Intimidate|CloseCombat,BraveBird,Tailwind,Protect|Jolly||M|||50|]Gholdengo||LifeOrb|GoodasGold|MakeItRain,ShadowBall,NastyPlot,Protect|Modest|||||50|
|inactive|Battle timer is ON: inactive players will automatically lose when time's up. (requested by Gayangos)
|
|t:|1785236259
|teamsize|p1|4
|teamsize|p2|4
|start
|switch|p1a: Floppavs|Tyranitar, L50, M|100/100
|switch|p1b: Norris|Excadrill, L50, F|100/100
|switch|p2a: Milotic|Milotic, L50, M|100/100
|switch|p2b: Gholdengo|Gholdengo, L50|100/100
|-weather|Sandstorm|[from] ability: Sand Stream|[of] p1a: Floppavs
|turn|1
|
|t:|1785236274
|detailschange|p1a: Floppavs|Tyranitar-Mega, L50, M
|-mega|p1a: Floppavs|Tyranitar|Tyranitarite
|move|p2b: Gholdengo|Protect|p2b: Gholdengo
|-singleturn|p2b: Gholdengo|Protect
|move|p1b: Norris|High Horsepower|p2a: Milotic
|-damage|p2a: Milotic|48/100
|move|p2a: Milotic|Scald|p1b: Norris
|-supereffective|p1b: Norris|1
|-damage|p1b: Norris|19/100
|move|p1a: Floppavs|Knock Off|p2a: Milotic
|-damage|p2a: Milotic|0 fnt
|-enditem|p2a: Milotic|Leftovers|[from] move: Knock Off|[of] p1a: Floppavs
|faint|p2a: Milotic
|
|-weather|Sandstorm|[upkeep]
|upkeep
|
|t:|1785236286
|switch|p2a: Staraptor|Staraptor, L50, M|100/100
|-ability|p2a: Staraptor|Intimidate|boost
|-unboost|p1a: Floppavs|atk|1
|-unboost|p1b: Norris|atk|1
|turn|2
|
|t:|1785236292
|switch|p1a: Bugaboo|Milotic, L50, F|100/100
|detailschange|p2a: Staraptor|Staraptor-Mega, L50, M
|-mega|p2a: Staraptor|Staraptor|Staraptite
|move|p1b: Norris|High Horsepower|p2b: Gholdengo
|-supereffective|p2b: Gholdengo|1
|-damage|p2b: Gholdengo|33/100
|move|p2a: Staraptor|Close Combat|p1b: Norris
|-supereffective|p1b: Norris|1
|-damage|p1b: Norris|0 fnt
|-boost|p2a: Staraptor|def|1
|-boost|p2a: Staraptor|spd|1
|faint|p1b: Norris
|move|p2b: Gholdengo|Make It Rain|p1a: Bugaboo
|-resisted|p1a: Bugaboo|1
|-damage|p1a: Bugaboo|73/100
|-unboost|p2b: Gholdengo|spa|2
|-damage|p2b: Gholdengo|23/100|[from] item: Life Orb
|
|-weather|Sandstorm|[upkeep]
|-damage|p2a: Staraptor|94/100|[from] Sandstorm
|-damage|p1a: Bugaboo|67/100|[from] Sandstorm
|upkeep
|
|t:|1785236305
|switch|p1b: Triple T|Gholdengo, L50|100/100
|turn|3
|
|t:|1785236315
|switch|p2b: Sinistcha|Sinistcha, L50|100/100
|-heal|p2a: Staraptor|100/100|[from] ability: Hospitality|[of] p2b: Sinistcha
|move|p2a: Staraptor|Close Combat|p1a: Bugaboo
|-damage|p1a: Bugaboo|23/100
|-boost|p2a: Staraptor|def|1
|-boost|p2a: Staraptor|spd|1
|-enditem|p1a: Bugaboo|Sitrus Berry|[eat]
|-heal|p1a: Bugaboo|48/100|[from] item: Sitrus Berry
|move|p1a: Bugaboo|Ice Beam|p2a: Staraptor
|-supereffective|p2a: Staraptor|1
|-damage|p2a: Staraptor|79/100
|-status|p2a: Staraptor|frz
|move|p1b: Triple T|Nasty Plot|p1b: Triple T
|-boost|p1b: Triple T|spa|2
|
|-weather|Sandstorm|[upkeep]
|-damage|p2a: Staraptor|74/100 frz|[from] Sandstorm
|-damage|p1a: Bugaboo|42/100|[from] Sandstorm
|-damage|p2b: Sinistcha|94/100|[from] Sandstorm
|upkeep
|turn|4
|
|t:|1785236333
|-curestatus|p2a: Staraptor|frz|[msg]
|move|p2a: Staraptor|Tailwind|p2a: Staraptor
|-sidestart|p2: Gayangos|move: Tailwind
|move|p2b: Sinistcha|Matcha Gotcha|p1a: Bugaboo|[spread] p1a,p1b
|-supereffective|p1a: Bugaboo|1
|-resisted|p1b: Triple T|1
|-damage|p1a: Bugaboo|8/100
|-heal|p2b: Sinistcha|100/100|[from] drain|[of] p1a: Bugaboo
|-damage|p1b: Triple T|88/100
|move|p1b: Triple T|Shadow Ball|p2b: Sinistcha
|-supereffective|p2b: Sinistcha|1
|-damage|p2b: Sinistcha|0 fnt
|faint|p2b: Sinistcha
|-damage|p1b: Triple T|78/100|[from] item: Life Orb
|move|p1a: Bugaboo|Ice Beam|p2a: Staraptor
|-supereffective|p2a: Staraptor|1
|-damage|p2a: Staraptor|51/100
|
|-weather|Sandstorm|[upkeep]
|-damage|p2a: Staraptor|46/100|[from] Sandstorm
|-damage|p1a: Bugaboo|2/100|[from] Sandstorm
|upkeep
|
|t:|1785236347
|switch|p2b: Gholdengo|Gholdengo, L50|23/100
|turn|5
|
|t:|1785236357
|move|p2a: Staraptor|Close Combat|p1a: Bugaboo
|-damage|p1a: Bugaboo|0 fnt
|-boost|p2a: Staraptor|def|1
|-boost|p2a: Staraptor|spd|1
|faint|p1a: Bugaboo
|move|p2b: Gholdengo|Shadow Ball|p1b: Triple T
|-supereffective|p1b: Triple T|1
|-damage|p1b: Triple T|0 fnt
|faint|p1b: Triple T
|-damage|p2b: Gholdengo|14/100|[from] item: Life Orb
|
|-weather|none
|upkeep
|-message|Luxerna forfeited.
|
|win|Gayangos
|raw|Luxerna's rating: 1385 → 1369(-16 for losing)
|raw|Gayangos's rating: 1452 → 1468(+16 for winning)
|l|☆Luxerna
|player|p1|
