|j|☆PixelJaguar
|j|☆glofer
|html|PixelJaguarglofer    
|uhtml|bestof|Game 1 of a best-of-3
|t:|1785764074
|gametype|doubles
|player|p1|PixelJaguar|2|1000
|player|p2|glofer|blackbelt|1080
|gen|9
|tier|[Gen 9 Champions] VGC 2026 Reg M-B (Bo3)
|rated|
|rule|Species Clause: Limit one of each Pokémon
|rule|Item Clause: Limit 1 of each item
|clearpoke
|poke|p1|Staraptor, L50, M|
|poke|p1|Metagross, L50|
|poke|p1|Farigiraf, L50, F|
|poke|p1|Whimsicott, L50, M|
|poke|p1|Garchomp, L50, M|
|poke|p1|Ceruledge, L50, F|
|poke|p2|Bellibolt, L50, F|
|poke|p2|Manectric, L50, F|
|poke|p2|Jolteon, L50, F|
|poke|p2|Eelektross, L50, M|
|poke|p2|Raichu, L50, M|
|poke|p2|Emolga, L50, F|
|teampreview|4
|showteam|p1|Staraptor||Staraptite|Intimidate|CloseCombat,BraveBird,Protect,Roost|Jolly||M|||50|]Metagross||Metagrossite|ClearBody|Protect,IronHead,PsychicFangs,StompingTantrum|Adamant|||||50|]Farigiraf||SitrusBerry|CudChew|HelpingHand,Psychic,Thunderbolt,TrickRoom|Calm||F|||50|]Whimsicott||FocusSash|Prankster|Moonblast,Tailwind,Charm,Encore|Timid||M|||50|]Garchomp||LifeOrb|RoughSkin|Protect,StompingTantrum,RockSlide,DragonClaw|Jolly||M|||50|]Ceruledge||ColburBerry|FlashFire|Protect,ShadowSneak,BulkUp,BitterBlade|Adamant||F|||50|
|showteam|p2|Bellibolt||Leftovers|Electromorphosis|ParabolicCharge,AcidSpray,Soak,Protect|Quiet||F|||50|]Manectric||Manectite|LightningRod|VoltSwitch,Flamethrower,Snarl,Protect|Timid||F|||50|]Jolteon||FocusSash|VoltAbsorb|Discharge,ShadowBall,AlluringVoice,Protect|Timid||F|||50|]Eelektross||LifeOrb|Levitate|SupercellSlam,DrainPunch,Bulldoze,Coil|Brave||M|||50|]Raichu||RaichuniteY|LightningRod|ZapCannon,FocusBlast,FakeOut,Protect|Hasty||M|||50|]Emolga||ChoiceScarf|MotorDrive|ElectroBall,AirSlash,EnergyBall,Encore|Timid||F|||50|
|inactive|Battle timer is ON: inactive players will automatically lose when time's up. (requested by glofer)
|inactive|PixelJaguar has 60 seconds left.
|
|t:|1785764143
|teamsize|p1|4
|teamsize|p2|4
|start
|switch|p1a: Garchomp|Garchomp, L50, M|100/100
|switch|p1b: Big Bird|Staraptor, L50, M|100/100
|switch|p2a: Eelektross|Eelektross, L50, M|100/100
|switch|p2b: Manectric|Manectric, L50, F|100/100
|-ability|p1b: Big Bird|Intimidate|boost
|-unboost|p2a: Eelektross|atk|1
|-unboost|p2b: Manectric|atk|1
|turn|1
|inactive|PixelJaguar has 30 seconds left.
|inactive|glofer has 30 seconds left.
|inactive|glofer has 20 seconds left.
|inactive|glofer has 15 seconds left.
|inactive|glofer has 10 seconds left.
|inactive|glofer has 5 seconds left.
|
|t:|1785764195
|detailschange|p1b: Big Bird|Staraptor-Mega, L50, M
|-mega|p1b: Big Bird|Staraptor|Staraptite
|move|p1b: Big Bird|Protect|p1b: Big Bird
|-singleturn|p1b: Big Bird|Protect
|move|p2b: Manectric|Volt Switch|p1b: Big Bird
|-activate|p1b: Big Bird|move: Protect
|move|p1a: Garchomp|Rock Slide|p2b: Manectric|[spread] p2a,p2b
|-damage|p2a: Eelektross|79/100
|-damage|p2b: Manectric|51/100
|-damage|p1a: Garchomp|90/100|[from] item: Life Orb
|move|p2a: Eelektross|Bulldoze|p1a: Garchomp|[spread] p2b,p1a
|-activate|p1b: Big Bird|move: Protect
|-supereffective|p2b: Manectric|1
|-damage|p2b: Manectric|9/100
|-damage|p1a: Garchomp|78/100
|-unboost|p2b: Manectric|spe|1
|-unboost|p1a: Garchomp|spe|1
|-damage|p2a: Eelektross|69/100|[from] item: Life Orb
|
|upkeep
|turn|2
|inactive|PixelJaguar has 30 seconds left.
|
|t:|1785764220
|detailschange|p2b: Manectric|Manectric-Mega, L50, F
|-mega|p2b: Manectric|Manectric|Manectite
|-ability|p2b: Manectric|Intimidate|boost
|-unboost|p1a: Garchomp|atk|1
|-boost|p1b: Big Bird|atk|1
|move|p1b: Big Bird|Close Combat|p2a: Eelektross
|-damage|p2a: Eelektross|0 fnt
|-boost|p1b: Big Bird|def|1
|-boost|p1b: Big Bird|spd|1
|faint|p2a: Eelektross
|move|p2b: Manectric|Volt Switch|p1b: Big Bird
|-supereffective|p1b: Big Bird|1
|-damage|p1b: Big Bird|52/100
|
|t:|1785764236
|switch|p2b: Jolteon|Jolteon, L50, F|100/100|[from] Volt Switch
|move|p1a: Garchomp|Rock Slide|p2b: Jolteon|[miss]
|-miss|p1a: Garchomp|p2b: Jolteon
|
|upkeep
|
|t:|1785764238
|switch|p2a: Emolga|Emolga, L50, F|100/100
|turn|3
|
|t:|1785764259
|move|p2a: Emolga|Air Slash|p1a: Garchomp
|-damage|p1a: Garchomp|49/100
|move|p2b: Jolteon|Alluring Voice|p1a: Garchomp
|-supereffective|p1a: Garchomp|1
|-damage|p1a: Garchomp|0 fnt
|faint|p1a: Garchomp
|move|p1b: Big Bird|Close Combat|p2a: Emolga
|-resisted|p2a: Emolga|1
|-damage|p2a: Emolga|16/100
|-boost|p1b: Big Bird|def|1
|-boost|p1b: Big Bird|spd|1
|
|upkeep
|inactive|PixelJaguar has 30 seconds left.
|
|t:|1785764286
|switch|p1a: Whimsicott|Whimsicott, L50, M|100/100
|turn|4
|
|t:|1785764297
|move|p1a: Whimsicott|Tailwind|p1a: Whimsicott
|-sidestart|p1: PixelJaguar|move: Tailwind
|move|p1b: Big Bird|Close Combat|p2a: Emolga
|-resisted|p2a: Emolga|1
|-crit|p2a: Emolga
|-damage|p2a: Emolga|0 fnt
|-boost|p1b: Big Bird|def|1
|-boost|p1b: Big Bird|spd|1
|faint|p2a: Emolga
|move|p2b: Jolteon|Discharge|p1a: Whimsicott|[spread] p1a,p1b
|-resisted|p1a: Whimsicott|1
|-supereffective|p1b: Big Bird|1
|-damage|p1a: Whimsicott|78/100
|-damage|p1b: Big Bird|29/100
|-status|p1b: Big Bird|par
|
|upkeep
|
|t:|1785764304
|switch|p2a: Manectric|Manectric-Mega, L50, F|9/100
|-ability|p2a: Manectric|Intimidate|boost
|-unboost|p1a: Whimsicott|atk|1
|-boost|p1b: Big Bird|atk|1
|turn|5
|
|t:|1785764326
|move|p2a: Manectric|Protect|p2a: Manectric
|-singleturn|p2a: Manectric|Protect
|move|p1a: Whimsicott|Moonblast|p2b: Jolteon
|-damage|p2b: Jolteon|50/100g
|move|p2b: Jolteon|Alluring Voice|p1b: Big Bird
|-supereffective|p1b: Big Bird|1
|-damage|p1b: Big Bird|9/100 par
|move|p1b: Big Bird|Close Combat|p2a: Manectric
|-activate|p2a: Manectric|move: Protect
|
|upkeep
|turn|6
|
|t:|1785764341
|move|p1b: Big Bird|Protect|p1b: Big Bird
|-singleturn|p1b: Big Bird|Protect
|move|p1a: Whimsicott|Moonblast|p2b: Jolteon
|-damage|p2b: Jolteon|4/100
|move|p2a: Manectric|Flamethrower|p1a: Whimsicott
|-supereffective|p1a: Whimsicott|1
|-damage|p1a: Whimsicott|0 fnt
|faint|p1a: Whimsicott
|move|p2b: Jolteon|Discharge|p1b: Big Bird|[spread] p2a
|-activate|p1b: Big Bird|move: Protect
|-resisted|p2a: Manectric|1
|-damage|p2a: Manectric|0 fnt
|faint|p2a: Manectric
|
|upkeep
|
|t:|1785764353
|switch|p1a: Farigiraf|Farigiraf, L50, F|100/100
|turn|7
|
|t:|1785764368
|move|p1b: Big Bird|Protect|p1b: Big Bird
|-singleturn|p1b: Big Bird|Protect
|move|p2b: Jolteon|Discharge|p1b: Big Bird|[spread] p1a
|-activate|p1b: Big Bird|move: Protect
|-damage|p1a: Farigiraf|79/100
|-status|p1a: Farigiraf|par
|move|p1a: Farigiraf|Psychic|p2b: Jolteon
|-crit|p2b: Jolteon
|-damage|p2b: Jolteon|0 fnt
|faint|p2b: Jolteon
|
|win|PixelJaguar
||glofer is ready for game 2.
|inactive|PixelJaguar has 30 seconds to confirm battle start!
||PixelJaguar is ready for game 2.
|uhtml|next|Next: Game 2 of 3
