|j|☆eutherians
|j|☆Lego Darth Malgus
|html|eutheriansLego Darth Malgus    
|uhtml|bestof|Game 1 of a best-of-3
|t:|1756940466
|gametype|doubles
|player|p1|eutherians|ethan|1235
|player|p2|Lego Darth Malgus|102|1215
|gen|9
|tier|[Gen 9] VGC 2025 Reg H (Bo3)
|rated|
|rule|Species Clause: Limit one of each Pokémon
|rule|Item Clause: Limit 1 of each item
|clearpoke
|poke|p1|Archaludon, L50, F|
|poke|p1|Pelipper, L50, M|
|poke|p1|Blastoise, L50, F|
|poke|p1|Dragonite, L50, F|
|poke|p1|Sneasler, L50, M|
|poke|p1|Indeedee-F, L50, F|
|poke|p2|Kommo-o, L50, F|
|poke|p2|Tyranitar, L50, M|
|poke|p2|Excadrill, L50, F|
|poke|p2|Samurott-Hisui, L50, F|
|poke|p2|Rillaboom, L50, F|
|poke|p2|Volcarona, L50, F|
|teampreview|4
|showteam|p1|Archaludon||AssaultVest|Stamina|BodyPress,ElectroShot,DragonPulse,FlashCannon|||F|||50|,,,,,Bug]Pelipper||ChoiceScarf|Drizzle|Hurricane,MuddyWater,Tailwind,HelpingHand|||M|||50|,,,,,Ghost]Blastoise||SplashPlate|Torrent|WaterSpout,WaterPledge,ShellSmash,Protect|||F|||50|,,,,,Water]Dragonite||LoadedDice|Multiscale|ScaleShot,StompingTantrum,Haze,Protect|||F|||50|,,,,,Steel]Sneasler||PsychicSeed|Unburden|DireClaw,CloseCombat,ThroatChop,Protect|||M|||50|,,,,,Dark]Indeedee-F||SafetyGoggles|PsychicSurge|Psychic,Protect,HelpingHand,FollowMe|||F|||50|,,,,,Fairy
|showteam|p2|Kommo-o||GrassySeed|Overcoat|BodyPress,IronDefense,Protect,DragonPulse|||F|||50|,,,,,Fairy]Tyranitar||ChoiceScarf|SandStream|RockSlide,KnockOff,TeraBlast,LowKick|||M|||50|,,,,,Flying]Excadrill||FocusSash|SandRush|HighHorsepower,IronHead,RockSlide,Protect|||F|||50|,,,,,Ghost]Samurott-Hisui||AssaultVest|Sharpness|NightSlash,AquaCutter,SacredSword,SuckerPunch|||F|||50|,,,,,Ghost]Rillaboom||MiracleSeed|GrassySurge|FakeOut,DrumBeating,GrassyGlide,Taunt|||F|||50|,,,,,Water]Volcarona||SitrusBerry|FlameBody|QuiverDance,HeatWave,TeraBlast,Protect|||F|||50|,,,,,Fairy
|inactive|Battle timer is ON: inactive players will automatically lose when time's up. (requested by Lego Darth Malgus)
|l|☆eutherians
|inactive|eutherians disconnected and has a minute to reconnect!
|player|p1|
|j|☆eutherians
|inactive|eutherians reconnected and has 55 seconds left.
|player|p1|eutherians|ethan|
|
|t:|1756940512
|teamsize|p1|4
|teamsize|p2|4
|start
|switch|p1a: Dragonite|Dragonite, L50, F|100/100
|switch|p1b: Sneasler|Sneasler, L50, M|100/100
|switch|p2a: Volcarona|Volcarona, L50, F, shiny|100/100
|switch|p2b: Tyranitar|Tyranitar, L50, M|100/100
|-weather|Sandstorm|[from] ability: Sand Stream|[of] p2b: Tyranitar
|turn|1
|
|t:|1756940532
|switch|p2a: Rillaboom|Rillaboom, L50, F, shiny|100/100
|-fieldstart|move: Grassy Terrain|[from] ability: Grassy Surge|[of] p2a: Rillaboom
|-terastallize|p2b: Tyranitar|Flying
|-terastallize|p1a: Dragonite|Steel
|move|p2b: Tyranitar|Tera Blast|p1b: Sneasler|[anim] Tera Blast Flying
|-supereffective|p1b: Sneasler
|-damage|p1b: Sneasler|0 fnt
|faint|p1b: Sneasler
|move|p1a: Dragonite|Scale Shot|p2a: Rillaboom
|-damage|p2a: Rillaboom|83/100
|-damage|p2a: Rillaboom|67/100
|-damage|p2a: Rillaboom|50/100
|-damage|p2a: Rillaboom|35/100
|-damage|p2a: Rillaboom|17/100
|-hitcount|p2a: Rillaboom|5
|-unboost|p1a: Dragonite|def|1
|-boost|p1a: Dragonite|spe|1
|
|-weather|Sandstorm|[upkeep]
|-damage|p2b: Tyranitar|95/100|[from] Sandstorm
|-damage|p2a: Rillaboom|11/100|[from] Sandstorm
|-heal|p2a: Rillaboom|17/100|[from] Grassy Terrain
|upkeep
|
|t:|1756940549
|switch|p1b: Indeedee|Indeedee-F, L50, F|100/100
|-fieldstart|move: Psychic Terrain|[from] ability: Psychic Surge|[of] p1b: Indeedee
|turn|2
|
|t:|1756940562
|move|p1b: Indeedee|Helping Hand|p1a: Dragonite
|-singleturn|p1a: Dragonite|Helping Hand|[of] p1b: Indeedee
|move|p1a: Dragonite|Scale Shot|p2b: Tyranitar|[miss]
|-miss|p1a: Dragonite|p2b: Tyranitar
|move|p2b: Tyranitar|Tera Blast|p1b: Indeedee|[anim] Tera Blast Flying
|-damage|p1b: Indeedee|61/100
|move|p2a: Rillaboom|Drum Beating|p1a: Dragonite
|-resisted|p1a: Dragonite
|-damage|p1a: Dragonite|80/100
|-unboost|p1a: Dragonite|spe|1
|
|-weather|Sandstorm|[upkeep]
|-damage|p2b: Tyranitar|89/100|[from] Sandstorm
|-damage|p2a: Rillaboom|11/100|[from] Sandstorm
|upkeep
|turn|3
|
|t:|1756940583
|move|p1b: Indeedee|Protect|p1b: Indeedee
|-singleturn|p1b: Indeedee|Protect
|move|p2b: Tyranitar|Tera Blast|p1b: Indeedee|[anim] Tera Blast Flying
|-activate|p1b: Indeedee|move: Protect
|move|p2a: Rillaboom|Drum Beating|p1b: Indeedee
|-activate|p1b: Indeedee|move: Protect
|move|p1a: Dragonite|Scale Shot|p2b: Tyranitar
|-damage|p2b: Tyranitar|75/100
|-damage|p2b: Tyranitar|62/100
|-crit|p2b: Tyranitar
|-damage|p2b: Tyranitar|41/100
|-damage|p2b: Tyranitar|27/100
|-hitcount|p2b: Tyranitar|4
|-unboost|p1a: Dragonite|def|1
|-boost|p1a: Dragonite|spe|1
|
|-weather|Sandstorm|[upkeep]
|-damage|p2b: Tyranitar|21/100|[from] Sandstorm
|-damage|p2a: Rillaboom|6/100|[from] Sandstorm
|upkeep
|turn|4
|
|t:|1756940607
|switch|p2a: Excadrill|Excadrill, L50, F, shiny|100/100
|move|p1b: Indeedee|Follow Me|p1b: Indeedee
|-singleturn|p1b: Indeedee|move: Follow Me
|move|p1a: Dragonite|Scale Shot|p2b: Tyranitar
|-damage|p2b: Tyranitar|7/100
|-damage|p2b: Tyranitar|0 fnt
|faint|p2b: Tyranitar
|-hitcount|p2: Tyranitar|2
|-unboost|p1a: Dragonite|def|1
|-boost|p1a: Dragonite|spe|1
|
|-weather|Sandstorm|[upkeep]
|upkeep
|
|t:|1756940624
|switch|p2b: Rillaboom|Rillaboom, L50, F, shiny|6/100
|-fieldstart|move: Grassy Terrain|[from] ability: Grassy Surge|[of] p2b: Rillaboom
|turn|5
|
|t:|1756940649
|switch|p2b: Volcarona|Volcarona, L50, F, shiny|100/100
|switch|p1b: Pelipper|Pelipper, L50, M|100/100
|-weather|RainDance|[from] ability: Drizzle|[of] p1b: Pelipper
|move|p1a: Dragonite|Protect|p1a: Dragonite
|-singleturn|p1a: Dragonite|Protect
|move|p2a: Excadrill|Iron Head|p1a: Dragonite
|-activate|p1a: Dragonite|move: Protect
|
|-weather|RainDance|[upkeep]
|-heal|p1a: Dragonite|86/100|[from] Grassy Terrain
|upkeep
|turn|6
|
|t:|1756940672
|move|p2b: Volcarona|Protect|p2b: Volcarona
|-singleturn|p2b: Volcarona|Protect
|move|p1a: Dragonite|Stomping Tantrum|p2a: Excadrill
|-supereffective|p2a: Excadrill
|-damage|p2a: Excadrill|10/100
|move|p1b: Pelipper|Muddy Water|p2a: Excadrill|[spread] p2a
|-activate|p2b: Volcarona|move: Protect
|-supereffective|p2a: Excadrill
|-damage|p2a: Excadrill|0 fnt
|faint|p2a: Excadrill
|
|-weather|RainDance|[upkeep]
|-heal|p1a: Dragonite|92/100|[from] Grassy Terrain
|upkeep
|-message|Lego Darth Malgus forfeited.
|
|win|eutherians
||Lego Darth Malgus is ready for game 2.
