|j|☆Lightning015
|j|‽YarikFireDragon
|html|Lightning015YarikFireDragon    
|uhtml|bestof|Game 2 of a best-of-3
|t:|1786030619
|gametype|doubles
|player|p1|Lightning015|red|
|player|p2|YarikFireDragon|101|
|gen|9
|tier|[Gen 9 Champions] VGC 2026 Reg M-B (Bo3)
|rule|Species Clause: Limit one of each Pokémon
|rule|Item Clause: Limit 1 of each item
|clearpoke
|poke|p1|Hippowdon, L50, M|
|poke|p1|Simipour, L50, F|
|poke|p1|Simisage, L50, M|
|poke|p1|Steelix, L50, M|
|poke|p1|Emboar, L50, M|
|poke|p1|Slowbro, L50, M|
|poke|p2|Hippowdon, L50, F|
|poke|p2|Steelix, L50, M|
|poke|p2|Heliolisk, L50, F, shiny|
|poke|p2|Runerigus, L50, F|
|poke|p2|Toucannon, L50, M|
|poke|p2|Sableye, L50, F|
|teampreview|4
|showteam|p1|Hippowdon||Leftovers|SandStream|Earthquake,RockSlide,Crunch,Protect|Brave||M|||50|]Simipour||MysticWater|Torrent|FakeOut,Surf,IceBeam,Protect|Timid||F|||50|]Simisage||LifeOrb|Overgrow|FakeOut,GrassKnot,BrickBreak,Protect|Jolly||M|||50|]Steelix||Steelixite|Sturdy|Earthquake,RockSlide,Crunch,Protect|Brave||M|||50|]Emboar||Emboarite|Reckless|FlareBlitz,BrickBreak,BulkUp,Protect|Adamant||M|||50|]Slowbro||MentalHerb|Regenerator|Psychic,Scald,IceBeam,TrickRoom|Modest||M|||50|
|showteam|p2|Hippowdon||SmoothRock|SandStream|SlackOff,Earthquake,Yawn,HelpingHand|Sassy||F|||50|]Steelix||Steelixite|RockHead|Earthquake,BodyPress,IronHead,Protect|Brave||M|||50|]Heliolisk||BrightPowder|SandVeil|Thunderbolt,WeatherBall,Protect,FocusBlast|Timid||F|||50|]Runerigus||Leftovers|WanderingSpirit|TrickRoom,DestinyBond,Poltergeist,Curse|Sassy||F|||50|]Toucannon||ScopeLens|SkillLink|BulletSeed,SkyAttack,RockBlast,DualWingbeat|Brave||M|||50|]Sableye||FocusSash|Prankster|Encore,FakeOut,KnockOff,Quash|Jolly||F|||50|
|
|t:|1786030677
|teamsize|p1|4
|teamsize|p2|4
|start
|switch|p1a: Гиппо|Hippowdon, L50, M|100/100
|switch|p1b: Сими|Simipour, L50, F|100/100
|switch|p2a: Runerigus|Runerigus, L50, F|100/100
|switch|p2b: Steelix|Steelix, L50, M|100/100
|-weather|Sandstorm|[from] ability: Sand Stream|[of] p1a: Гиппо
|turn|1
|
|t:|1786030705
|detailschange|p2b: Steelix|Steelix-Mega, L50, M
|-mega|p2b: Steelix|Steelix|Steelixite
|move|p1a: Гиппо|Protect|p1a: Гиппо
|-singleturn|p1a: Гиппо|Protect
|move|p2b: Steelix|Protect|p2b: Steelix
|-singleturn|p2b: Steelix|Protect
|move|p1b: Сими|Surf|p2b: Steelix|[spread] p2a
|-activate|p1a: Гиппо|move: Protect
|-activate|p2b: Steelix|move: Protect
|-supereffective|p2a: Runerigus|1
|-damage|p2a: Runerigus|47/100
|move|p2a: Runerigus|Trick Room|p2a: Runerigus
|-fieldstart|move: Trick Room|[of] p2a: Runerigus
|
|-weather|Sandstorm|[upkeep]
|-damage|p1b: Сими|94/100|[from] Sandstorm
|-heal|p2a: Runerigus|53/100|[from] item: Leftovers
|upkeep
|turn|2
|
|t:|1786030761
|move|p1b: Сими|Protect|p1b: Сими
|-singleturn|p1b: Сими|Protect
|move|p2a: Runerigus|Poltergeist|p1a: Гиппо
|-activate|p1a: Гиппо|move: Poltergeist|Leftovers
|-crit|p1a: Гиппо
|-damage|p1a: Гиппо|62/100
|move|p2b: Steelix|Earthquake|p1a: Гиппо|[spread] p2a,p1a
|-activate|p1b: Сими|move: Protect
|-damage|p2a: Runerigus|13/100
|-damage|p1a: Гиппо|25/100
|move|p1a: Гиппо|Earthquake|p2a: Runerigus|[spread] p2a,p2b
|-activate|p1b: Сими|move: Protect
|-supereffective|p2b: Steelix|1
|-damage|p2a: Runerigus|0 fnt
|-damage|p2b: Steelix|63/100
|faint|p2a: Runerigus
|
|-weather|Sandstorm|[upkeep]
|-damage|p1b: Сими|88/100|[from] Sandstorm
|-heal|p1a: Гиппо|31/100|[from] item: Leftovers
|upkeep
|
|t:|1786030777
|switch|p2a: Toucannon|Toucannon, L50, M|100/100
|turn|3
|
|t:|1786030793
|switch|p1b: Медленный бро|Slowbro, L50, M|100/100
|move|p1a: Гиппо|Protect|p1a: Гиппо
|-singleturn|p1a: Гиппо|Protect
|move|p2b: Steelix|Earthquake|p1b: Медленный бро|[spread] p1b
|-activate|p1a: Гиппо|move: Protect
|-immune|p2a: Toucannon
|-damage|p1b: Медленный бро|56/100
|move|p2a: Toucannon|Bullet Seed|p1b: Медленный бро
|-supereffective|p1b: Медленный бро|1
|-damage|p1b: Медленный бро|40/100
|-supereffective|p1b: Медленный бро|1
|-crit|p1b: Медленный бро
|-damage|p1b: Медленный бро|17/100
|-supereffective|p1b: Медленный бро|1
|-damage|p1b: Медленный бро|1/100
|-supereffective|p1b: Медленный бро|1
|-damage|p1b: Медленный бро|0 fnt
|faint|p1b: Медленный бро
|-hitcount|p1: Медленный бро|4
|
|-weather|Sandstorm|[upkeep]
|-damage|p2a: Toucannon|94/100|[from] Sandstorm
|-heal|p1a: Гиппо|37/100|[from] item: Leftovers
|upkeep
|
|t:|1786030815
|switch|p1b: Поглотитель|Steelix, L50, M|100/100
|turn|4
|
|t:|1786030837
|detailschange|p1b: Поглотитель|Steelix-Mega, L50, M
|-mega|p1b: Поглотитель|Steelix|Steelixite
|move|p2b: Steelix|Earthquake|p1a: Гиппо|[spread] p1a,p1b
|-immune|p2a: Toucannon
|-supereffective|p1b: Поглотитель|1
|-damage|p1a: Гиппо|1/100
|-damage|p1b: Поглотитель|53/100
|move|p1b: Поглотитель|Rock Slide|p2b: Steelix|[spread] p2a,p2b
|-supereffective|p2a: Toucannon|1
|-resisted|p2b: Steelix|2
|-crit|p2b: Steelix
|-damage|p2a: Toucannon|27/100
|-damage|p2b: Steelix|58/100
|move|p1a: Гиппо|Rock Slide|p2a: Toucannon|[spread] p2a,p2b
|-supereffective|p2a: Toucannon|1
|-resisted|p2b: Steelix|2
|-damage|p2a: Toucannon|0 fnt
|-damage|p2b: Steelix|56/100
|faint|p2a: Toucannon
|
|-weather|Sandstorm|[upkeep]
|-heal|p1a: Гиппо|6/100|[from] item: Leftovers
|upkeep
|
|t:|1786030856
|switch|p2a: Hippowdon|Hippowdon, L50, F|100/100
|turn|5
|
|t:|1786030864
|move|p2a: Hippowdon|Helping Hand|p2b: Steelix
|-singleturn|p2b: Steelix|Helping Hand|[of] p2a: Hippowdon
|move|p1a: Гиппо|Protect|p1a: Гиппо
|-singleturn|p1a: Гиппо|Protect
|move|p1b: Поглотитель|Earthquake|p2b: Steelix|[spread] p2a,p2b
|-activate|p1a: Гиппо|move: Protect
|-supereffective|p2b: Steelix|1
|-damage|p2a: Hippowdon|58/100
|-damage|p2b: Steelix|0 fnt
|faint|p2b: Steelix
|
|-weather|none
|-heal|p1a: Гиппо|13/100|[from] item: Leftovers
|-fieldend|move: Trick Room
|upkeep
|turn|6
|
|t:|1786030882
|move|p1a: Гиппо|Crunch|p2a: Hippowdon
|-damage|p2a: Hippowdon|36/100
|move|p2a: Hippowdon|Earthquake|p1b: Поглотитель|[spread] p1a,p1b
|-crit|p1a: Гиппо
|-supereffective|p1b: Поглотитель|1
|-damage|p1a: Гиппо|0 fnt
|-damage|p1b: Поглотитель|23/100
|faint|p1a: Гиппо
|move|p1b: Поглотитель|Crunch|p2a: Hippowdon
|-damage|p2a: Hippowdon|13/100
|-unboost|p2a: Hippowdon|def|1
|
|upkeep
|
|t:|1786030894
|switch|p1a: Сими|Simipour, L50, F|88/100
|turn|7
|
|t:|1786030900
|move|p1a: Сими|Ice Beam|p2a: Hippowdon
|-supereffective|p2a: Hippowdon|1
|-damage|p2a: Hippowdon|0 fnt
|faint|p2a: Hippowdon
|
|win|Lightning015
|l|‽YarikFireDragon
|player|p2|
