|j|☆Fuqii
|j|☆Can I pet the dog?
|html|FuqiiCan I pet the dog?    
|uhtml|bestof|Game 1 of a best-of-3
|t:|1783165073
|gametype|doubles
|player|p1|Fuqii|266|1273
|player|p2|Can I pet the dog?|yancy|1357
|gen|9
|tier|[Gen 9 Champions] VGC 2026 Reg M-B (Bo3)
|rated|
|rule|Species Clause: Limit one of each Pokémon
|rule|Item Clause: Limit 1 of each item
|clearpoke
|poke|p1|Blastoise, L50, M|
|poke|p1|Delphox, L50, M|
|poke|p1|Grimmsnarl, L50, M|
|poke|p1|Sinistcha, L50|
|poke|p1|Kingambit, L50, M|
|poke|p1|Sneasler, L50, M|
|poke|p2|Sinistcha, L50|
|poke|p2|Incineroar, L50, F|
|poke|p2|Milotic, L50, F|
|poke|p2|Raichu, L50, M|
|poke|p2|Floette-Eternal, L50, F|
|poke|p2|Ceruledge, L50, M|
|teampreview|4
|showteam|p1|Blastoise||Blastoisinite|RainDish|WaterSpout,DarkPulse,ShellSmash,Protect|Modest||M|||50|]Delphox||Delphoxite|Blaze|HeatWave,Psychic,NastyPlot,Protect|Timid||M|||50|]Grimmsnarl||RoseliBerry|Prankster|PartingShot,SpiritBreak,LightScreen,FakeOut|Careful||M|||50|]Sinistcha||SitrusBerry|Hospitality|MatchaGotcha,RagePowder,TrickRoom,Protect|Relaxed|||||50|]Kingambit||BlackGlasses|Defiant|KowtowCleave,SuckerPunch,SwordsDance,Protect|Adamant||M|||50|]Sneasler||FocusSash|PoisonTouch|DireClaw,CloseCombat,FakeOut,QuickGuard|Jolly||M|||50|
|showteam|p2|Sinistcha||KasibBerry|Hospitality|MatchaGotcha,LifeDew,RagePowder,Protect|Relaxed|||||50|]Incineroar||SitrusBerry|Intimidate|FlareBlitz,ThroatChop,FakeOut,PartingShot|Impish||F|||50|]Milotic||Leftovers|Competitive|MuddyWater,Coil,Hypnosis,Protect|Calm||F|||50|]Raichu||RaichuniteY|LightningRod|ZapCannon,FocusBlast,FakeOut,Protect|Timid||M|||50|]Floette-Eternal||Floettite|FlowerVeil|DazzlingGleam,DrainingKiss,CalmMind,Protect|Timid||F|||50|]Ceruledge||ColburBerry|FlashFire|BitterBlade,ShadowSneak,BulkUp,Protect|Adamant||M|||50|
|inactive|Battle timer is ON: inactive players will automatically lose when time's up. (requested by Can I pet the dog?)
|inactive|Fuqii has 60 seconds left.
|inactive|Fuqii has 30 seconds left.
|inactive|Fuqii has 20 seconds left.
|inactive|Fuqii has 15 seconds left.
|
|t:|1783165148
|teamsize|p1|4
|teamsize|p2|4
|start
|switch|p1a: Blastoise|Blastoise, L50, M|100/100
|switch|p1b: Sinistcha|Sinistcha, L50|100/100
|switch|p2a: Incineroar|Incineroar, L50, F|100/100
|switch|p2b: Floette|Floette-Eternal, L50, F|100/100
|-ability|p2a: Incineroar|Intimidate|boost
|-unboost|p1a: Blastoise|atk|1
|-unboost|p1b: Sinistcha|atk|1
|turn|1
|inactive|Fuqii has 30 seconds left.
|inactive|Can I pet the dog? has 30 seconds left.
|inactive|Fuqii has 20 seconds left.
|inactive|Fuqii has 15 seconds left.
|
|t:|1783165192
|detailschange|p2b: Floette|Floette-Mega, L50, F
|-mega|p2b: Floette|Floette|Floettite
|-ability|p2b: Floette|Fairy Aura
|detailschange|p1a: Blastoise|Blastoise-Mega, L50, M
|-mega|p1a: Blastoise|Blastoise|Blastoisinite
|move|p1a: Blastoise|Protect|p1a: Blastoise
|-singleturn|p1a: Blastoise|Protect
|move|p2a: Incineroar|Fake Out|p1a: Blastoise
|-activate|p1a: Blastoise|move: Protect
|move|p2b: Floette|Calm Mind|p2b: Floette
|-boost|p2b: Floette|spa|1
|-boost|p2b: Floette|spd|1
|move|p1b: Sinistcha|Trick Room|p1b: Sinistcha
|-fieldstart|move: Trick Room|[of] p1b: Sinistcha
|
|upkeep
|turn|2
|inactive|Fuqii has 30 seconds left.
|
|t:|1783165227
|switch|p1b: Sneasler|Sneasler, L50, M|100/100
|move|p2a: Incineroar|Parting Shot|p1a: Blastoise
|-unboost|p1a: Blastoise|atk|1
|-unboost|p1a: Blastoise|spa|1
|
|t:|1783165245
|switch|p2a: Milotic|Milotic, L50, F|100/100|[from] Parting Shot
|move|p1a: Blastoise|Water Spout|p2a: Milotic|[spread] p2a,p2b
|-resisted|p2a: Milotic|1
|-damage|p2a: Milotic|85/100
|-damage|p2b: Floette|76/100
|move|p2b: Floette|Calm Mind|p2b: Floette
|-boost|p2b: Floette|spa|1
|-boost|p2b: Floette|spd|1
|
|-heal|p2a: Milotic|91/100|[from] item: Leftovers
|upkeep
|turn|3
|inactive|Fuqii has 30 seconds left.
|inactive|Fuqii has 20 seconds left.
|inactive|Fuqii has 15 seconds left.
|inactive|Fuqii has 10 seconds left.
|inactive|Fuqii has 5 seconds left.
|
|t:|1783165296
|switch|p1a: Kingambit|Kingambit, L50, M|100/100
|move|p2b: Floette|Protect|p2b: Floette
|-singleturn|p2b: Floette|Protect
|move|p2a: Milotic|Muddy Water|p1a: Kingambit|[spread] p1b
|-miss|p2a: Milotic|p1a: Kingambit
|-damage|p1b: Sneasler|66/100
|move|p1b: Sneasler|Close Combat|p2a: Milotic
|-damage|p2a: Milotic|39/100
|-unboost|p1b: Sneasler|def|1
|-unboost|p1b: Sneasler|spd|1
|
|-heal|p2a: Milotic|45/100|[from] item: Leftovers
|upkeep
|turn|4
|inactive|Fuqii has 30 seconds left.
|inactive|Fuqii has 20 seconds left.
|inactive|Fuqii has 15 seconds left.
|
|t:|1783165338
|switch|p2a: Sinistcha|Sinistcha, L50|100/100
|-heal|p2b: Floette|100/100|[from] ability: Hospitality|[of] p2a: Sinistcha
|switch|p1b: Sinistcha|Sinistcha, L50|100/100
|move|p1a: Kingambit|Kowtow Cleave|p2b: Floette
|-resisted|p2b: Floette|1
|-damage|p2b: Floette|69/100
|move|p2b: Floette|Dazzling Gleam|p1b: Sinistcha|[spread] p1a,p1b
|-damage|p1a: Kingambit|14/100
|-damage|p1b: Sinistcha|20/100y
|-enditem|p1b: Sinistcha|Sitrus Berry|[eat]
|-heal|p1b: Sinistcha|45/100|[from] item: Sitrus Berry
|
|upkeep
|turn|5
|inactive|Fuqii has 30 seconds left.
|inactive|Can I pet the dog? has 30 seconds left.
|inactive|Fuqii has 20 seconds left.
|inactive|Fuqii has 15 seconds left.
|inactive|Fuqii has 10 seconds left.
|
|t:|1783165386
|switch|p1a: Blastoise|Blastoise-Mega, L50, M|100/100
|switch|p1b: Sneasler|Sneasler, L50, M|66/100
|move|p2a: Sinistcha|Protect|p2a: Sinistcha
|-singleturn|p2a: Sinistcha|Protect
|move|p2b: Floette|Protect||[still]
|-fail|p2b: Floette
|
|-fieldend|move: Trick Room
|upkeep
|turn|6
|inactive|Fuqii has 30 seconds left.
|inactive|Can I pet the dog? has 30 seconds left.
|inactive|Fuqii has 20 seconds left.
|inactive|Can I pet the dog? has 20 seconds left.
|inactive|Fuqii has 15 seconds left.
|
|t:|1783165427
|switch|p2a: Incineroar|Incineroar, L50, F|100/100
|-ability|p2a: Incineroar|Intimidate|boost
|-unboost|p1a: Blastoise|atk|1
|-unboost|p1b: Sneasler|atk|1
|move|p1b: Sneasler|Close Combat|p2a: Incineroar
|-supereffective|p2a: Incineroar|1
|-damage|p2a: Incineroar|42/100
|-unboost|p1b: Sneasler|def|1
|-unboost|p1b: Sneasler|spd|1
|-status|p2a: Incineroar|psn|[from] ability: Poison Touch|[of] p1b: Sneasler
|-enditem|p2a: Incineroar|Sitrus Berry|[eat]
|-heal|p2a: Incineroar|67/100 psn|[from] item: Sitrus Berry
|move|p2b: Floette|Dazzling Gleam|p1b: Sneasler|[spread] p1a,p1b
|-damage|p1a: Blastoise|27/100
|-damage|p1b: Sneasler|0 fnt
|faint|p1b: Sneasler
|move|p1a: Blastoise|Shell Smash|p1a: Blastoise
|-unboost|p1a: Blastoise|def|1
|-unboost|p1a: Blastoise|spd|1
|-boost|p1a: Blastoise|atk|2
|-boost|p1a: Blastoise|spa|2
|-boost|p1a: Blastoise|spe|2
|
|-damage|p2a: Incineroar|54/100 psn|[from] psn
|upkeep
|
|t:|1783165452
|switch|p1b: Sinistcha|Sinistcha, L50|45/100
|-heal|p1a: Blastoise|52/100|[from] ability: Hospitality|[of] p1b: Sinistcha
|turn|7
|
|t:|1783165470
|switch|p1b: Kingambit|Kingambit, L50, M|14/100
|move|p1a: Blastoise|Protect|p1a: Blastoise
|-singleturn|p1a: Blastoise|Protect
|move|p2a: Incineroar|Fake Out|p1a: Blastoise
|-activate|p1a: Blastoise|move: Protect
|move|p2b: Floette|Draining Kiss|p1b: Kingambit
|-damage|p1b: Kingambit|0 fnt
|-heal|p2b: Floette|83/100|[from] drain|[of] p1b: Kingambit
|faint|p1b: Kingambit
|
|-damage|p2a: Incineroar|42/100 psn|[from] psn
|upkeep
|
|t:|1783165485
|switch|p1b: Sinistcha|Sinistcha, L50|45/100
|-heal|p1a: Blastoise|76/100|[from] ability: Hospitality|[of] p1b: Sinistcha
|turn|8
|inactive|Fuqii has 30 seconds left.
|
|t:|1783165519
|switch|p2a: Sinistcha|Sinistcha, L50|100/100
|-heal|p2b: Floette|100/100|[from] ability: Hospitality|[of] p2a: Sinistcha
|move|p1a: Blastoise|Shell Smash|p1a: Blastoise
|-unboost|p1a: Blastoise|def|1
|-unboost|p1a: Blastoise|spd|1
|-boost|p1a: Blastoise|atk|2
|-boost|p1a: Blastoise|spa|2
|-boost|p1a: Blastoise|spe|2
|move|p2b: Floette|Dazzling Gleam|p1b: Sinistcha|[spread] p1a,p1b
|-damage|p1a: Blastoise|0 fnt
|-damage|p1b: Sinistcha|0 fnt
|faint|p1a: Blastoise
|faint|p1b: Sinistcha
|
|win|Can I pet the dog?
||Can I pet the dog? is ready for game 2.
|inactive|Fuqii has 30 seconds to confirm battle start!
||Fuqii is ready for game 2.
|uhtml|next|Next: Game 2 of 3
|l|☆Can I pet the dog?
|player|p2|
|j|☆Can I pet the dog?
|player|p2|Can I pet the dog?|yancy|
|l|☆Fuqii
|player|p1|
