|j|☆VicSaus53
|j|☆Jackbouncy
|html|VicSaus53Jackbouncy    
|uhtml|bestof|Game 3 of a best-of-3
|t:|1757798509
|gametype|doubles
|player|p1|VicSaus53|silver|1198
|player|p2|Jackbouncy|ruinmaniac|1141
|gen|9
|tier|[Gen 9] VGC 2025 Reg H (Bo3)
|rated|
|rule|Species Clause: Limit one of each Pokémon
|rule|Item Clause: Limit 1 of each item
|clearpoke
|poke|p1|Klefki, L50, M|
|poke|p1|Tyranitar, L50, M|
|poke|p1|Ursaluna-Bloodmoon, L50, M|
|poke|p1|Basculegion, L50, M|
|poke|p1|Amoonguss, L50, M|
|poke|p1|Volcarona, L50, F|
|poke|p2|Maushold-Four, L50|
|poke|p2|Sinistcha-Masterpiece, L50|
|poke|p2|Annihilape, L50, M|
|poke|p2|Gholdengo, L50|
|poke|p2|Basculegion, L50, M|
|poke|p2|Incineroar, L50, M|
|teampreview|4
|showteam|p1|Klefki||LightClay|Prankster|DazzlingGleam,Reflect,LightScreen,MistyTerrain|||M|||50|,,,,,Water]Tyranitar||ClearAmulet|SandStream|KnockOff,LowKick,RockSlide,Protect|||M|||50|,,,,,Ghost]Ursaluna-Bloodmoon||AssaultVest|MindsEye|BloodMoon,EarthPower,HyperVoice,VacuumWave|||M|||50|,,,,,Water]Basculegion||ChoiceScarf|Adaptability|WaveCrash,LastRespects,TeraBlast,FlipTurn|||M|||50|,,,,,Fighting]Amoonguss||SitrusBerry|Regenerator|Spore,RagePowder,Protect,PollenPuff|||M|||50|,,,,,Fairy]Volcarona||CovertCloak|FlameBody|HeatWave,GigaDrain,QuiverDance,Protect|||F|||50|,,,,,Grass
|showteam|p2|Maushold-Four||FocusSash|FriendGuard|BeatUp,FollowMe,Taunt,Protect||||||50|,,,,,Ghost]Sinistcha-Masterpiece||SitrusBerry|Hospitality|MatchaGotcha,RagePowder,Protect,TrickRoom||||||50|,,,,,Dark]Annihilape||Leftovers|Defiant|RageFist,DrainPunch,Protect,BulkUp|||M|||50|,,,,,Steel]Gholdengo||IronPlate|GoodasGold|MakeItRain,NastyPlot,Protect,ShadowBall||||||50|,,,,,Water]Basculegion||ChoiceScarf|Adaptability|WaveCrash,LastRespects,FlipTurn,Crunch|||M|||50|,,,,,Water]Incineroar||AssaultVest|Intimidate|FakeOut,FlareBlitz,KnockOff,Uturn|||M|||50|,,,,,Ghost
|
|t:|1757798554
|teamsize|p1|4
|teamsize|p2|4
|start
|switch|p1a: Amoonguss|Amoonguss, L50, M|100/100
|switch|p1b: Volcarona|Volcarona, L50, F|100/100
|switch|p2a: Maushold|Maushold-Four, L50|100/100
|switch|p2b: Annihilape|Annihilape, L50, M|100/100
|turn|1
|
|t:|1757798571
|switch|p1a: Basculegion|Basculegion, L50, M|100/100
|move|p1b: Volcarona|Quiver Dance|p1b: Volcarona
|-boost|p1b: Volcarona|spa|1
|-boost|p1b: Volcarona|spd|1
|-boost|p1b: Volcarona|spe|1
|move|p2a: Maushold|Taunt|p1a: Basculegion
|-start|p1a: Basculegion|move: Taunt
|move|p2b: Annihilape|Bulk Up|p2b: Annihilape
|-boost|p2b: Annihilape|atk|1
|-boost|p2b: Annihilape|def|1
|
|upkeep
|turn|2
|
|t:|1757798596
|switch|p2a: Incineroar|Incineroar, L50, M|100/100
|-ability|p2a: Incineroar|Intimidate|boost
|-unboost|p1a: Basculegion|atk|1
|-unboost|p1b: Volcarona|atk|1
|move|p2b: Annihilape|Protect|p2b: Annihilape
|-singleturn|p2b: Annihilape|Protect
|move|p1b: Volcarona|Heat Wave|p2a: Incineroar|[spread] p2a
|-activate|p2b: Annihilape|move: Protect
|-resisted|p2a: Incineroar
|-damage|p2a: Incineroar|82/100
|move|p1a: Basculegion|Flip Turn|p2a: Incineroar
|-supereffective|p2a: Incineroar
|-damage|p2a: Incineroar|38/100
|
|t:|1757798619
|switch|p1a: Amoonguss|Amoonguss, L50, M|100/100|[from] Flip Turn
|
|upkeep
|turn|3
|
|t:|1757798651
|move|p1b: Volcarona|Quiver Dance|p1b: Volcarona
|-boost|p1b: Volcarona|spa|1
|-boost|p1b: Volcarona|spd|1
|-boost|p1b: Volcarona|spe|1
|move|p2b: Annihilape|Rage Fist|p1a: Amoonguss
|-damage|p1a: Amoonguss|73/100
|move|p2a: Incineroar|Flare Blitz|p1a: Amoonguss
|-supereffective|p1a: Amoonguss
|-damage|p1a: Amoonguss|0 fnt
|faint|p1a: Amoonguss
|-damage|p2a: Incineroar|12/100|[from] Recoil
|
|upkeep
|
|t:|1757798662
|switch|p1a: Basculegion|Basculegion, L50, M|100/100
|turn|4
|
|t:|1757798677
|move|p2b: Annihilape|Protect|p2b: Annihilape
|-singleturn|p2b: Annihilape|Protect
|move|p1b: Volcarona|Heat Wave|p2a: Incineroar|[spread] p2a
|-activate|p2b: Annihilape|move: Protect
|-resisted|p2a: Incineroar
|-damage|p2a: Incineroar|0 fnt
|faint|p2a: Incineroar
|move|p1a: Basculegion|Wave Crash|p2b: Annihilape
|-activate|p2b: Annihilape|move: Protect
|
|upkeep
|
|t:|1757798687
|switch|p2a: Maushold|Maushold-Four, L50|100/100
|turn|5
|
|t:|1757798739
|move|p2a: Maushold|Follow Me|p2a: Maushold
|-singleturn|p2a: Maushold|move: Follow Me
|move|p1b: Volcarona|Giga Drain|p2a: Maushold
|-damage|p2a: Maushold|44/100
|move|p1a: Basculegion|Wave Crash|p2a: Maushold
|-damage|p2a: Maushold|0 fnt
|faint|p2a: Maushold
|-damage|p1a: Basculegion|87/100|[from] Recoil
|move|p2b: Annihilape|Rage Fist|p1a: Basculegion
|-supereffective|p1a: Basculegion
|-damage|p1a: Basculegion|4/100
|
|upkeep
|
|t:|1757798752
|switch|p2a: Basculegion|Basculegion, L50, M|100/100
|turn|6
|
|t:|1757798774
|switch|p1a: Ursaluna|Ursaluna-Bloodmoon, L50, M|100/100
|-terastallize|p1b: Volcarona|Grass
|move|p2b: Annihilape|Protect|p2b: Annihilape
|-singleturn|p2b: Annihilape|Protect
|move|p1b: Volcarona|Giga Drain|p2a: Basculegion
|-supereffective|p2a: Basculegion
|-damage|p2a: Basculegion|0 fnt
|faint|p2a: Basculegion
|
|upkeep
|turn|7
|
|t:|1757798800
|move|p1b: Volcarona|Quiver Dance|p1b: Volcarona
|-boost|p1b: Volcarona|spa|1
|-boost|p1b: Volcarona|spd|1
|-boost|p1b: Volcarona|spe|1
|move|p2b: Annihilape|Drain Punch|p1a: Ursaluna
|-supereffective|p1a: Ursaluna
|-damage|p1a: Ursaluna|18/100
|move|p1a: Ursaluna|Blood Moon|p2b: Annihilape
|-damage|p2b: Annihilape|17/100
|
|-heal|p2b: Annihilape|23/100|[from] item: Leftovers
|upkeep
|turn|8
|-message|Jackbouncy forfeited.
|raw|VicSaus53's rating: 1198 → 1219(+21 for winning)
|raw|Jackbouncy's rating: 1141 → 1120(-21 for losing)
|
|win|VicSaus53
|l|☆Jackbouncy
|player|p2|
