|j|☆MrrLonely
|j|☆DrDooginbun
|html|MrrLonelyDrDooginbun    
|uhtml|bestof|Game 3 of a best-of-3
|t:|1784871740
|gametype|doubles
|player|p1|MrrLonely|preschooler|
|player|p2|DrDooginbun|266|
|gen|9
|tier|[Gen 9 Champions] VGC 2026 Reg M-B (Bo3)
|rule|Species Clause: Limit one of each Pokémon
|rule|Item Clause: Limit 1 of each item
|clearpoke
|poke|p1|Gengar, L50, F, shiny|
|poke|p1|Abomasnow, L50, M|
|poke|p1|Dragonite, L50, F|
|poke|p1|Krookodile, L50, M|
|poke|p1|Volcarona, L50, M|
|poke|p1|Espeon, L50, M|
|poke|p2|Pelipper, L50, M|
|poke|p2|Archaludon, L50, F|
|poke|p2|Basculegion, L50, M|
|poke|p2|Dragonite, L50, F, shiny|
|poke|p2|Toxapex, L50, F, shiny|
|poke|p2|Charizard, L50, M|
|teampreview|4
|showteam|p1|Gengar||Gengarite|CursedBody|Disable,Protect,SludgeWave,ShadowBall|Timid||F|||50|]Abomasnow||FocusSash|SnowWarning|AuroraVeil,Blizzard,IceShard,Protect|Sassy||M|||50|]Dragonite||LifeOrb|Multiscale|Protect,DragonClaw,Earthquake,ExtremeSpeed|Jolly||F|||50|]Krookodile||ChoiceScarf|Intimidate|KnockOff,Earthquake,RockSlide,HighHorsepower|Jolly||M|||50|]Volcarona||Leftovers|FlameBody|FieryDance,QuiverDance,Protect,BugBuzz|Modest||M|||50|]Espeon||LightClay|MagicBounce|Reflect,LightScreen,DazzlingGleam,Protect|Timid||M|||50|
|showteam|p2|Pelipper||DampRock|Drizzle|Tailwind,Uturn,Protect,Hurricane|Timid||M|||50|]Archaludon||Leftovers|Stamina|ElectroShot,DracoMeteor,FoulPlay,Protect|Calm||F|||50|]Basculegion||LifeOrb|SwiftSwim|WaveCrash,FlipTurn,LastRespects,PsychicFangs|Careful||M|||50|]Dragonite||Dragoninite|Multiscale|Hurricane,Thunder,DracoMeteor,Roost|Bold||F|||50|]Toxapex||SitrusBerry|Merciless|BanefulBunker,ToxicSpikes,SludgeWave,Recover|Calm||F|||50|]Charizard||ChoiceScarf|Blaze|WillOWisp,Protect,WeatherBall,Hurricane|Modest||M|||50|
|
|t:|1784871761
|teamsize|p1|4
|teamsize|p2|4
|start
|switch|p1a: Gengar|Gengar, L50, F, shiny|100/100
|switch|p1b: Espeon|Espeon, L50, M|100/100
|switch|p2a: Basculegion|Basculegion, L50, M|100/100
|switch|p2b: Archaludon|Archaludon, L50, F|100/100
|turn|1
|
|t:|1784871798
|move|p1a: Gengar|Shadow Ball|p2a: Basculegion
|-supereffective|p2a: Basculegion|1
|-damage|p2a: Basculegion|23/100
|move|p1b: Espeon|Reflect|p1b: Espeon
|-sidestart|p1: MrrLonely|Reflect
|move|p2b: Archaludon|Draco Meteor|p1a: Gengar
|-damage|p1a: Gengar|1/100
|-unboost|p2b: Archaludon|spa|2
|-start|p2b: Archaludon|Disable|Draco Meteor|[from] ability: Cursed Body|[of] p1a: Gengar
|move|p2a: Basculegion|Psychic Fangs|p1a: Gengar
|-sideend|p1: MrrLonely|Reflect
|-supereffective|p1a: Gengar|1
|-damage|p1a: Gengar|0 fnt
|faint|p1a: Gengar
|-damage|p2a: Basculegion|13/100|[from] item: Life Orb
|
|upkeep
|
|t:|1784871817
|switch|p1a: Dragonite|Dragonite, L50, F|100/100
|turn|2
|
|t:|1784871832
|move|p2b: Archaludon|Protect|p2b: Archaludon
|-singleturn|p2b: Archaludon|Protect
|move|p1a: Dragonite|Extreme Speed|p2a: Basculegion
|-immune|p2a: Basculegion
|move|p1b: Espeon|Light Screen|p1b: Espeon
|-sidestart|p1: MrrLonely|move: Light Screen
|move|p2a: Basculegion|Wave Crash|p1b: Espeon
|-crit|p1b: Espeon
|-damage|p1b: Espeon|0 fnt
|faint|p1b: Espeon
|-damage|p2a: Basculegion|0 fnt|[from] Recoil
|faint|p2a: Basculegion
|
|upkeep
|
|t:|1784871846
|switch|p1b: Krookodile|Krookodile, L50, M|100/100
|switch|p2a: Dragonite|Dragonite, L50, F, shiny|100/100
|-ability|p1b: Krookodile|Intimidate|boost
|-unboost|p2a: Dragonite|atk|1
|-unboost|p2b: Archaludon|atk|1
|turn|3
|
|t:|1784871869
|switch|p2b: Pelipper|Pelipper, L50, M|100/100
|-weather|RainDance|[from] ability: Drizzle|[of] p2b: Pelipper
|detailschange|p2a: Dragonite|Dragonite-Mega, L50, F, shiny
|-mega|p2a: Dragonite|Dragonite|Dragoninite
|move|p1b: Krookodile|Rock Slide|p2a: Dragonite|[spread] p2a,p2b
|-supereffective|p2a: Dragonite|1
|-supereffective|p2b: Pelipper|1
|-damage|p2a: Dragonite|87/100
|-damage|p2b: Pelipper|60/100
|move|p2a: Dragonite|Draco Meteor|p1a: Dragonite
|-supereffective|p1a: Dragonite|1
|-damage|p1a: Dragonite|53/100
|-unboost|p2a: Dragonite|spa|2
|move|p1a: Dragonite|Dragon Claw|p2a: Dragonite
|-supereffective|p2a: Dragonite|1
|-damage|p2a: Dragonite|13/100
|-damage|p1a: Dragonite|44/100|[from] item: Life Orb
|
|-weather|RainDance|[upkeep]
|upkeep
|turn|4
|
|t:|1784871896
|switch|p2a: Archaludon|Archaludon, L50, F|100/100
|move|p1a: Dragonite|Protect|p1a: Dragonite
|-singleturn|p1a: Dragonite|Protect
|move|p1b: Krookodile|Rock Slide|p2b: Pelipper|[spread] p2b
|-miss|p1b: Krookodile|p2a: Archaludon
|-supereffective|p2b: Pelipper|1
|-damage|p2b: Pelipper|19/100
|move|p2b: Pelipper|Tailwind|p2b: Pelipper
|-sidestart|p2: DrDooginbun|move: Tailwind
|
|-weather|RainDance|[upkeep]
|upkeep
|turn|5
|
|t:|1784871916
|move|p2b: Pelipper|Protect|p2b: Pelipper
|-singleturn|p2b: Pelipper|Protect
|move|p1a: Dragonite|Extreme Speed|p2b: Pelipper
|-activate|p2b: Pelipper|move: Protect
|move|p2a: Archaludon|Electro Shot||[still]
|-prepare|p2a: Archaludon|Electro Shot
|-boost|p2a: Archaludon|spa|1
|-anim|p2a: Archaludon|Electro Shot|p1a: Dragonite
|-damage|p1a: Dragonite|0 fnt
|faint|p1a: Dragonite
|move|p1b: Krookodile|Rock Slide|p2b: Pelipper|[spread] p2a
|-activate|p2b: Pelipper|move: Protect
|-resisted|p2a: Archaludon|1
|-damage|p2a: Archaludon|91/100
|-ability|p2a: Archaludon|Stamina|boost
|-boost|p2a: Archaludon|def|1
|
|-weather|RainDance|[upkeep]
|-heal|p2a: Archaludon|97/100|[from] item: Leftovers
|upkeep
|turn|6
|
|t:|1784871948
|move|p2a: Archaludon|Draco Meteor|p1b: Krookodile
|-damage|p1b: Krookodile|2/100
|-unboost|p2a: Archaludon|spa|2
|move|p1b: Krookodile|Rock Slide|p2a: Archaludon|[spread] p2a,p2b
|-resisted|p2a: Archaludon|1
|-supereffective|p2b: Pelipper|1
|-crit|p2b: Pelipper
|-damage|p2a: Archaludon|92/100
|-damage|p2b: Pelipper|0 fnt
|-ability|p2a: Archaludon|Stamina|boost
|-boost|p2a: Archaludon|def|1
|faint|p2b: Pelipper
|
|-weather|RainDance|[upkeep]
|-heal|p2a: Archaludon|98/100|[from] item: Leftovers
|upkeep
|
|t:|1784871957
|switch|p2b: Dragonite|Dragonite-Mega, L50, F, shiny|13/100
|turn|7
|
|t:|1784871962
|move|p2a: Archaludon|Protect|p2a: Archaludon
|-singleturn|p2a: Archaludon|Protect
|move|p2b: Dragonite|Roost|p2b: Dragonite
|-heal|p2b: Dragonite|63/100
|-singleturn|p2b: Dragonite|move: Roost
|move|p1b: Krookodile|Rock Slide|p2a: Archaludon|[spread] p2b
|-activate|p2a: Archaludon|move: Protect
|-damage|p2b: Dragonite|49/100
|
|-weather|RainDance|[upkeep]
|-heal|p2a: Archaludon|100/100|[from] item: Leftovers
|-sideend|p2: DrDooginbun|move: Tailwind
|upkeep
|turn|8
|
|t:|1784871985
|move|p1b: Krookodile|Rock Slide|p2a: Archaludon|[spread] p2a,p2b
|-resisted|p2a: Archaludon|1
|-supereffective|p2b: Dragonite|1
|-damage|p2a: Archaludon|96/100
|-damage|p2b: Dragonite|25/100
|-ability|p2a: Archaludon|Stamina|boost
|-boost|p2a: Archaludon|def|1
|move|p2b: Dragonite|Hurricane|p1b: Krookodile
|-damage|p1b: Krookodile|0 fnt
|faint|p1b: Krookodile
|
|win|DrDooginbun
|l|☆MrrLonely
|player|p1|
