|j|☆marcoslegui
|j|☆barri deagol
|html|marcosleguibarri deagol    
|uhtml|bestof|Game 2 of a best-of-3
|t:|1756395660
|gametype|doubles
|player|p1|marcoslegui|pokekid|1154
|player|p2|barri deagol|collector|1131
|gen|9
|tier|[Gen 9] VGC 2025 Reg H (Bo3)
|rated|
|rule|Species Clause: Limit one of each Pokémon
|rule|Item Clause: Limit 1 of each item
|clearpoke
|poke|p1|Sneasler, L50, F|
|poke|p1|Volcarona, L50, M|
|poke|p1|Kingambit, L50, M|
|poke|p1|Baxcalibur, L50, F|
|poke|p1|Basculegion, L50, M|
|poke|p1|Rillaboom, L50, F|
|poke|p2|Incineroar, L50, M|
|poke|p2|Pelipper, L50, M|
|poke|p2|Basculegion, L50, M|
|poke|p2|Amoonguss, L50, F|
|poke|p2|Maushold-Four, L50|
|poke|p2|Archaludon, L50, M|
|teampreview|4
|showteam|p1|Sneasler||FocusSash|Unburden|DireClaw,CloseCombat,Protect,Coaching|||F|||50|,,,,,Stellar]Volcarona||CovertCloak|FlameBody|HeatWave,TeraBlast,QuiverDance,Protect|||M|||50|,,,,,Fairy]Kingambit||AssaultVest|Defiant|KowtowCleave,SuckerPunch,IronHead,LowKick|||M|||50|,,,,,Ghost]Baxcalibur||LoadedDice|ThermalExchange|IcicleSpear,ScaleShot,IceShard,Protect|||F|||50|,,,,,Ghost]Basculegion||ChoiceScarf|Adaptability|WaveCrash,FlipTurn,LastRespects,TeraBlast|||M|||50|,,,,,Fairy]Rillaboom||MiracleSeed|GrassySurge|WoodHammer,GrassyGlide,HighHorsepower,FakeOut|||F|||50|,,,,,Fire
|showteam|p2|Incineroar||SafetyGoggles|Intimidate|FakeOut,FlareBlitz,KnockOff,PartingShot|||M|||50|,,,,,Ghost]Pelipper||FocusSash|Drizzle|Hurricane,WeatherBall,Tailwind,Protect|||M|||50|,,,,,Ghost]Basculegion||MysticWater|SwiftSwim|Protect,WaveCrash,AquaJet,LastRespects|||M|||50|,,,,,Water]Amoonguss||SitrusBerry|Regenerator|Spore,RagePowder,PollenPuff,ClearSmog|||F|||50|,,,,,Water]Maushold-Four||WideLens|Technician|PopulationBomb,FollowMe,Taunt,Protect||||||50|,,,,,Grass]Archaludon||AssaultVest|Stamina|ElectroShot,DragonPulse,FlashCannon,BodyPress|||M|||50|,,,,,Grass
|
|t:|1756395690
|teamsize|p1|4
|teamsize|p2|4
|start
|switch|p1a: Volcarona|Volcarona, L50, M|100/100
|switch|p1b: Baxcalibur|Baxcalibur, L50, F|100/100
|switch|p2a: Pelipper|Pelipper, L50, M|100/100
|switch|p2b: Incineroar|Incineroar, L50, M|100/100
|-weather|RainDance|[from] ability: Drizzle|[of] p2a: Pelipper
|-ability|p2b: Incineroar|Intimidate|boost
|-unboost|p1a: Volcarona|atk|1
|-unboost|p1b: Baxcalibur|atk|1
|turn|1
|
|t:|1756395708
|-terastallize|p1b: Baxcalibur|Ghost
|move|p2b: Incineroar|Fake Out|p1b: Baxcalibur
|-immune|p1b: Baxcalibur
|move|p1b: Baxcalibur|Scale Shot|p2a: Pelipper
|-damage|p2a: Pelipper|87/100
|-damage|p2a: Pelipper|74/100
|-damage|p2a: Pelipper|60/100
|-damage|p2a: Pelipper|47/100
|-damage|p2a: Pelipper|33/100
|-hitcount|p2a: Pelipper|5
|-unboost|p1b: Baxcalibur|def|1
|-boost|p1b: Baxcalibur|spe|1
|move|p1a: Volcarona|Quiver Dance|p1a: Volcarona
|-boost|p1a: Volcarona|spa|1
|-boost|p1a: Volcarona|spd|1
|-boost|p1a: Volcarona|spe|1
|move|p2a: Pelipper|Tailwind|p2a: Pelipper
|-sidestart|p2: barri deagol|move: Tailwind
|
|-weather|RainDance|[upkeep]
|upkeep
|turn|2
|
|t:|1756395740
|switch|p1b: Sneasler|Sneasler, L50, F|100/100
|move|p2a: Pelipper|Hurricane|p1a: Volcarona
|-supereffective|p1a: Volcarona
|-damage|p1a: Volcarona|41/100
|move|p1a: Volcarona|Quiver Dance|p1a: Volcarona
|-boost|p1a: Volcarona|spa|1
|-boost|p1a: Volcarona|spd|1
|-boost|p1a: Volcarona|spe|1
|move|p2b: Incineroar|Knock Off|p1b: Sneasler
|-resisted|p1b: Sneasler
|-damage|p1b: Sneasler|56/100
|-enditem|p1b: Sneasler|Focus Sash|[from] move: Knock Off|[of] p2b: Incineroar
|
|-weather|RainDance|[upkeep]
|upkeep
|turn|3
|
|t:|1756395765
|move|p1b: Sneasler|Protect|p1b: Sneasler
|-singleturn|p1b: Sneasler|Protect
|move|p1a: Volcarona|Protect|p1a: Volcarona
|-singleturn|p1a: Volcarona|Protect
|move|p2a: Pelipper|Hurricane|p1b: Sneasler
|-activate|p1b: Sneasler|move: Protect
|move|p2b: Incineroar|Knock Off|p1a: Volcarona
|-activate|p1a: Volcarona|move: Protect
|
|-weather|RainDance|[upkeep]
|upkeep
|turn|4
|
|t:|1756395782
|move|p1b: Sneasler|Close Combat|p2b: Incineroar
|-supereffective|p2b: Incineroar
|-damage|p2b: Incineroar|0 fnt
|-unboost|p1b: Sneasler|def|1
|-unboost|p1b: Sneasler|spd|1
|faint|p2b: Incineroar
|move|p1a: Volcarona|Tera Blast|p2a: Pelipper
|-damage|p2a: Pelipper|0 fnt
|faint|p2a: Pelipper
|
|-weather|RainDance|[upkeep]
|-sideend|p2: barri deagol|move: Tailwind
|upkeep
|
|t:|1756395797
|switch|p2a: Archaludon|Archaludon, L50, M|100/100
|switch|p2b: Amoonguss|Amoonguss, L50, F|100/100
|turn|5
|
|t:|1756395811
|move|p1b: Sneasler|Protect|p1b: Sneasler
|-singleturn|p1b: Sneasler|Protect
|move|p1a: Volcarona|Protect|p1a: Volcarona
|-singleturn|p1a: Volcarona|Protect
|move|p2b: Amoonguss|Rage Powder|p2b: Amoonguss
|-singleturn|p2b: Amoonguss|move: Rage Powder
|move|p2a: Archaludon|Electro Shot||[still]
|-prepare|p2a: Archaludon|Electro Shot
|-boost|p2a: Archaludon|spa|1
|-anim|p2a: Archaludon|Electro Shot|p1b: Sneasler
|-activate|p1b: Sneasler|move: Protect
|
|-weather|none
|upkeep
|turn|6
|
|t:|1756395838
|switch|p1b: Baxcalibur|Baxcalibur, L50, F, tera:Ghost|100/100
|move|p2b: Amoonguss|Rage Powder|p2b: Amoonguss
|-singleturn|p2b: Amoonguss|move: Rage Powder
|move|p1a: Volcarona|Heat Wave|p2b: Amoonguss|[spread] p2b
|-miss|p1a: Volcarona|p2a: Archaludon
|-supereffective|p2b: Amoonguss
|-damage|p2b: Amoonguss|1/100
|-enditem|p2b: Amoonguss|Sitrus Berry|[eat]
|-heal|p2b: Amoonguss|26/100|[from] item: Sitrus Berry
|move|p2a: Archaludon|Dragon Pulse|p1b: Baxcalibur
|-damage|p1b: Baxcalibur|36/100
|
|upkeep
|turn|7
|
|t:|1756395869
|move|p1a: Volcarona|Heat Wave|p2b: Amoonguss|[spread] p2a,p2b
|-supereffective|p2b: Amoonguss
|-damage|p2a: Archaludon|52/100
|-damage|p2b: Amoonguss|0 fnt
|-ability|p2a: Archaludon|Stamina|boost
|-boost|p2a: Archaludon|def|1
|faint|p2b: Amoonguss
|move|p1b: Baxcalibur|Icicle Spear|p2a: Archaludon
|-damage|p2a: Archaludon|44/100
|-ability|p2a: Archaludon|Stamina|boost
|-boost|p2a: Archaludon|def|1
|-damage|p2a: Archaludon|38/100
|-ability|p2a: Archaludon|Stamina|boost
|-boost|p2a: Archaludon|def|1
|-damage|p2a: Archaludon|33/100
|-ability|p2a: Archaludon|Stamina|boost
|-boost|p2a: Archaludon|def|1
|-damage|p2a: Archaludon|28/100
|-ability|p2a: Archaludon|Stamina|boost
|-boost|p2a: Archaludon|def|1
|-hitcount|p2a: Archaludon|4
|move|p2a: Archaludon|Body Press|p1a: Volcarona
|-resisted|p1a: Volcarona
|-damage|p1a: Volcarona|0 fnt
|-status|p2a: Archaludon|brn|[from] ability: Flame Body|[of] p1a: Volcarona
|faint|p1a: Volcarona
|
|-damage|p2a: Archaludon|22/100 brn|[from] brn
|upkeep
|
|t:|1756395882
|switch|p1a: Sneasler|Sneasler, L50, F|56/100
|turn|8
|inactive|Battle timer is ON: inactive players will automatically lose when time's up. (requested by marcoslegui)
|
|t:|1756395900
|move|p1a: Sneasler|Close Combat|p2a: Archaludon
|-supereffective|p2a: Archaludon
|-damage|p2a: Archaludon|0 fnt
|-unboost|p1a: Sneasler|def|1
|-unboost|p1a: Sneasler|spd|1
|faint|p2a: Archaludon
|
|win|marcoslegui
|raw|marcoslegui's rating: 1154 → 1177(+23 for winning)
|raw|barri deagol's rating: 1131 → 1108(-23 for losing)
|l|☆barri deagol
|player|p2|
