|j|☆TISS 0'28
|j|‽TransGirlChomp1
|html|TISS 0'28TransGirlChomp1    
|uhtml|bestof|Game 2 of a best-of-3
|t:|1784534306
|gametype|doubles
|player|p1|TISS 0'28|schoolkid-gen4|1101
|player|p2|TransGirlChomp1|skierf|1347
|gen|9
|tier|[Gen 9 Champions] VGC 2026 Reg M-B (Bo3)
|rated|
|rule|Species Clause: Limit one of each Pokémon
|rule|Item Clause: Limit 1 of each item
|clearpoke
|poke|p1|Gholdengo, L50|
|poke|p1|Whimsicott, L50, M|
|poke|p1|Incineroar, L50, F|
|poke|p1|Tsareena, L50, F|
|poke|p1|Garchomp, L50, F|
|poke|p1|Staraptor, L50, M, shiny|
|poke|p2|Garchomp, L50, F|
|poke|p2|Tyranitar, L50, M|
|poke|p2|Gholdengo, L50|
|poke|p2|Venusaur, L50, F|
|poke|p2|Incineroar, L50, F|
|poke|p2|Talonflame, L50, M|
|teampreview|4
|showteam|p1|Gholdengo||MetalCoat|GoodasGold|Protect,NastyPlot,MakeItRain,ShadowBall|Modest|||||50|]Whimsicott||FocusSash|Prankster|Protect,Tailwind,Moonblast,Tickle|Timid||M|||50|]Incineroar||ShucaBerry|Intimidate|FakeOut,FlareBlitz,HelpingHand,PartingShot|Brave||F|||50|]Tsareena||ChoiceScarf|QueenlyMajesty|TropKick,TripleAxel,LowKick,Uturn|Jolly||F|||50|]Garchomp||LifeOrb|RoughSkin|Protect,DragonClaw,Earthquake,RockSlide|Jolly||F|||50|]Staraptor||Staraptite|Intimidate|Protect,Roost,CloseCombat,BraveBird|Jolly||M|||50|
|showteam|p2|Garchomp||Garchompite|SandVeil|EarthPower,DragonPulse,PowerGem,Protect|Modest||F|||50|]Tyranitar||ChoiceScarf|SandStream|RockSlide,KnockOff,LowKick,IcyWind|Jolly||M|||50|]Gholdengo||LifeOrb|GoodasGold|MakeItRain,ShadowBall,NastyPlot,Protect|Modest|||||50|]Venusaur||Venusaurite|Chlorophyll|GigaDrain,SludgeBomb,SleepPowder,Protect|Modest||F|||50|]Incineroar||PasshoBerry|Intimidate|FakeOut,FlareBlitz,ThroatChop,PartingShot|Careful||F|||50|]Talonflame||SharpBeak|GaleWings|BraveBird,FlareBlitz,Tailwind,QuickGuard|Jolly||M|||50|
|inactive|Battle timer is ON: inactive players will automatically lose when time's up. (requested by TransGirlChomp1)
|inactive|TISS 0'28 also wants the timer to be on.
|inactive|TISS 0'28 has 60 seconds left.
|inactive|TransGirlChomp1 has 60 seconds left.
|
|t:|1784534348
|teamsize|p1|4
|teamsize|p2|4
|start
|switch|p1a: Staraptor|Staraptor, L50, M, shiny|100/100
|switch|p1b: Tsareena|Tsareena, L50, F|100/100
|switch|p2a: Gholdengo|Gholdengo, L50|100/100
|switch|p2b: Incineroar|Incineroar, L50, F|100/100
|-ability|p1a: Staraptor|Intimidate|boost
|-unboost|p2a: Gholdengo|atk|1
|-unboost|p2b: Incineroar|atk|1
|-ability|p2b: Incineroar|Intimidate|boost
|-unboost|p1a: Staraptor|atk|1
|-unboost|p1b: Tsareena|atk|1
|turn|1
|inactive|TISS 0'28 has 30 seconds left.
|
|t:|1784534379
|detailschange|p1a: Staraptor|Staraptor-Mega, L50, M, shiny
|-mega|p1a: Staraptor|Staraptor|Staraptite
|move|p1b: Tsareena|U-turn|p2b: Incineroar
|-damage|p2b: Incineroar|88/100
|
|t:|1784534388
|switch|p1b: Garchomp|Garchomp, L50, F|100/100|[from] U-turn
|move|p1a: Staraptor|Close Combat|p2b: Incineroar
|-supereffective|p2b: Incineroar|1
|-damage|p2b: Incineroar|28/100
|-boost|p1a: Staraptor|def|1
|-boost|p1a: Staraptor|spd|1
|move|p2a: Gholdengo|Nasty Plot|p2a: Gholdengo
|-boost|p2a: Gholdengo|spa|2
|move|p2b: Incineroar|Flare Blitz|p1b: Garchomp
|-resisted|p1b: Garchomp|1
|-damage|p1b: Garchomp|83/100
|-damage|p2b: Incineroar|15/100|[from] ability: Rough Skin|[of] p1b: Garchomp
|-damage|p2b: Incineroar|10/100|[from] Recoil
|
|upkeep
|turn|2
|inactive|TISS 0'28 has 30 seconds left.
|inactive|TISS 0'28 has 20 seconds left.
|inactive|TISS 0'28 has 15 seconds left.
|inactive|TISS 0'28 has 10 seconds left.
|
|t:|1784534433
|switch|p2b: Talonflame|Talonflame, L50, M|100/100
|move|p2a: Gholdengo|Protect|p2a: Gholdengo
|-singleturn|p2a: Gholdengo|Protect
|move|p1b: Garchomp|Earthquake|p2b: Talonflame|[spread] 
|-activate|p2a: Gholdengo|move: Protect
|-immune|p1a: Staraptor
|-immune|p2b: Talonflame
|move|p1a: Staraptor|Close Combat|p2b: Talonflame
|-resisted|p2b: Talonflame|1
|-damage|p2b: Talonflame|67/100
|-boost|p1a: Staraptor|def|1
|-boost|p1a: Staraptor|spd|1
|
|upkeep
|turn|3
|inactive|TISS 0'28 has 30 seconds left.
|inactive|TISS 0'28 has 20 seconds left.
|
|t:|1784534468
|switch|p1a: Incineroar|Incineroar, L50, F|100/100
|-ability|p1a: Incineroar|Intimidate|boost
|-unboost|p2a: Gholdengo|atk|1
|-unboost|p2b: Talonflame|atk|1
|move|p1b: Garchomp|Protect|p1b: Garchomp
|-singleturn|p1b: Garchomp|Protect
|move|p2b: Talonflame|Tailwind|p2b: Talonflame
|-sidestart|p2: TransGirlChomp1|move: Tailwind
|move|p2a: Gholdengo|Shadow Ball|p1b: Garchomp
|-activate|p1b: Garchomp|move: Protect
|
|upkeep
|turn|4
|inactive|TISS 0'28 has 30 seconds left.
|
|t:|1784534494
|switch|p2b: Incineroar|Incineroar, L50, F|10/100
|-ability|p2b: Incineroar|Intimidate|boost
|-unboost|p1a: Incineroar|atk|1
|-unboost|p1b: Garchomp|atk|1
|switch|p1b: Tsareena|Tsareena, L50, F|100/100
|move|p2a: Gholdengo|Shadow Ball|p1b: Tsareena
|-crit|p1b: Tsareena
|-damage|p1b: Tsareena|0 fnt
|faint|p1b: Tsareena
|-damage|p2a: Gholdengo|90/100|[from] item: Life Orb
|move|p1a: Incineroar|Flare Blitz|p2a: Gholdengo
|-supereffective|p2a: Gholdengo|1
|-damage|p2a: Gholdengo|21/100
|-damage|p1a: Incineroar|79/100|[from] Recoil
|
|upkeep
|inactive|TISS 0'28 has 30 seconds left.
|inactive|TISS 0'28 has 20 seconds left.
|
|t:|1784534531
|switch|p1b: Garchomp|Garchomp, L50, F|83/100
|turn|5
|
|t:|1784534549
|move|p1b: Garchomp|Protect|p1b: Garchomp
|-singleturn|p1b: Garchomp|Protect
|move|p2b: Incineroar|Fake Out|p1a: Incineroar
|-damage|p1a: Incineroar|70/100
|move|p2a: Gholdengo|Shadow Ball|p1b: Garchomp
|-activate|p1b: Garchomp|move: Protect
|cant|p1a: Incineroar|flinch
|
|upkeep
|turn|6
|
|t:|1784534563
|switch|p1b: Staraptor|Staraptor-Mega, L50, M, shiny|100/100
|move|p2a: Gholdengo|Make It Rain|p1b: Staraptor|[spread] p1a,p1b
|-resisted|p1a: Incineroar|1
|-damage|p1a: Incineroar|18/100
|-damage|p1b: Staraptor|0 fnt
|-unboost|p2a: Gholdengo|spa|2
|faint|p1b: Staraptor
|-damage|p2a: Gholdengo|11/100|[from] item: Life Orb
|move|p2b: Incineroar|Parting Shot|p1a: Incineroar
|-unboost|p1a: Incineroar|atk|1
|-unboost|p1a: Incineroar|spa|1
|
|t:|1784534577
|switch|p2b: Talonflame|Talonflame, L50, M|67/100|[from] Parting Shot
|move|p1a: Incineroar|Flare Blitz|p2a: Gholdengo
|-supereffective|p2a: Gholdengo|1
|-damage|p2a: Gholdengo|0 fnt
|faint|p2a: Gholdengo
|-damage|p1a: Incineroar|14/100|[from] Recoil
|
|-sideend|p2: TransGirlChomp1|move: Tailwind
|upkeep
|
|t:|1784534583
|switch|p1b: Garchomp|Garchomp, L50, F|83/100
|switch|p2a: Tyranitar|Tyranitar, L50, M|100/100
|-weather|Sandstorm|[from] ability: Sand Stream|[of] p2a: Tyranitar
|turn|7
|
|t:|1784534603
|move|p2b: Talonflame|Brave Bird|p1b: Garchomp
|-damage|p1b: Garchomp|22/100
|-damage|p2b: Talonflame|54/100|[from] ability: Rough Skin|[of] p1b: Garchomp
|-damage|p2b: Talonflame|30/100|[from] Recoil
|move|p2a: Tyranitar|Knock Off|p1b: Garchomp
|-damage|p1b: Garchomp|0 fnt
|-damage|p2a: Tyranitar|87/100|[from] ability: Rough Skin|[of] p1b: Garchomp
|-enditem|p1b: Garchomp|Life Orb|[from] move: Knock Off|[of] p2a: Tyranitar
|faint|p1b: Garchomp
|move|p1a: Incineroar|Parting Shot|p2a: Tyranitar
|-unboost|p2a: Tyranitar|atk|1
|-unboost|p2a: Tyranitar|spa|1
|
|-weather|Sandstorm|[upkeep]
|-damage|p2b: Talonflame|25/100|[from] Sandstorm
|-damage|p1a: Incineroar|8/100|[from] Sandstorm
|upkeep
|turn|8
|
|t:|1784534621
|move|p2b: Talonflame|Brave Bird|p1a: Incineroar
|-damage|p1a: Incineroar|0 fnt
|faint|p1a: Incineroar
|-damage|p2b: Talonflame|21/100|[from] Recoil
|
|win|TransGirlChomp1
|raw|TISS 0'28's rating: 1101 → 1091(-10 for losing)
|raw|TransGirlChomp1's rating: 1347 → 1355(+8 for winning)
