|j|☆Arr0_Soul
|j|☆failandimprove2
|html|Arr0_Soulfailandimprove2    
|uhtml|bestof|Game 2 of a best-of-3
|t:|1782595497
|gametype|doubles
|player|p1|Arr0_Soul|2|1055
|player|p2|failandimprove2|2|1042
|gen|9
|tier|[Gen 9 Champions] VGC 2026 Reg M-B (Bo3)
|rated|
|rule|Species Clause: Limit one of each Pokémon
|rule|Item Clause: Limit 1 of each item
|clearpoke
|poke|p1|Staraptor, L50, M|
|poke|p1|Garchomp, L50, F|
|poke|p1|Incineroar, L50, F|
|poke|p1|Meowscarada, L50, F|
|poke|p1|Whimsicott, L50, M|
|poke|p1|Pyroar, L50, M|
|poke|p2|Incineroar, L50, F|
|poke|p2|Floette-Eternal, L50, F|
|poke|p2|Kingambit, L50, F|
|poke|p2|Sinistcha, L50|
|poke|p2|Basculegion, L50, M|
|poke|p2|Sneasler, L50, M|
|teampreview|4
|showteam|p1|Staraptor||Staraptite|Intimidate|CloseCombat,Protect,Uturn,BraveBird|Jolly||M|||50|]Garchomp||Leftovers|RoughSkin|Earthquake,Protect,DragonClaw,RockSlide|Jolly||F|||50|]Incineroar||SitrusBerry|Intimidate|PartingShot,FakeOut,Taunt,FlareBlitz|Careful||F|||50|]Meowscarada||ChoiceScarf|Protean|FlowerTrick,KnockOff,BrickBreak,TripleAxel|Jolly||F|||50|]Whimsicott||FocusSash|Prankster|Tailwind,Moonblast,Taunt,SunnyDay|Timid||M|||50|]Pyroar||Pyroarite|Moxie|FireBlast,HeatWave,Protect,DarkPulse|Timid||M|||50|
|showteam|p2|Incineroar||SitrusBerry|Intimidate|FlareBlitz,FakeOut,PartingShot,HelpingHand|Careful||F|||50|]Floette-Eternal||Floettite|FlowerVeil|DazzlingGleam,DrainingKiss,CalmMind,Protect|Timid||F|||50|]Kingambit||BlackGlasses|Defiant|KowtowCleave,SuckerPunch,SwordsDance,Protect|Adamant||F|||50|]Sinistcha||KasibBerry|Hospitality|MatchaGotcha,RagePowder,TrickRoom,Protect|Bold|||||50|]Basculegion||ChoiceScarf|Adaptability|WaveCrash,FlipTurn,LastRespects,AquaJet|Jolly||M|||50|]Sneasler||FocusSash|PoisonTouch|CloseCombat,DireClaw,FakeOut,Protect|Jolly||M|||50|
|inactive|Battle timer is ON: inactive players will automatically lose when time's up. (requested by failandimprove2)
|
|t:|1782595547
|teamsize|p1|4
|teamsize|p2|4
|start
|switch|p1a: Pyroar|Pyroar, L50, M|100/100
|switch|p1b: Meowscarada|Meowscarada, L50, F|100/100
|switch|p2a: Floette|Floette-Eternal, L50, F|100/100
|switch|p2b: Incineroar|Incineroar, L50, F|100/100
|-ability|p2b: Incineroar|Intimidate|boost
|-unboost|p1a: Pyroar|atk|1
|-unboost|p1b: Meowscarada|atk|1
|turn|1
|inactive|Arr0_Soul has 30 seconds left.
|inactive|Arr0_Soul has 20 seconds left.
|inactive|Arr0_Soul has 15 seconds left.
|inactive|Arr0_Soul has 10 seconds left.
|inactive|Arr0_Soul has 5 seconds left.
|
|t:|1782595602
|detailschange|p2a: Floette|Floette-Mega, L50, F
|-mega|p2a: Floette|Floette|Floettite
|-ability|p2a: Floette|Fairy Aura
|move|p2b: Incineroar|Fake Out|p1b: Meowscarada
|-damage|p1b: Meowscarada|84/100
|cant|p1b: Meowscarada|flinch
|move|p1a: Pyroar|Fire Blast|p2b: Incineroar
|-resisted|p2b: Incineroar|1
|-damage|p2b: Incineroar|82/100
|move|p2a: Floette|Calm Mind|p2a: Floette
|-boost|p2a: Floette|spa|1
|-boost|p2a: Floette|spd|1
|
|upkeep
|turn|2
|inactive|Arr0_Soul has 30 seconds left.
|inactive|failandimprove2 has 30 seconds left.
|inactive|failandimprove2 has 20 seconds left.
|inactive|failandimprove2 has 15 seconds left.
|inactive|failandimprove2 has 10 seconds left.
|
|t:|1782595648
|detailschange|p1a: Pyroar|Pyroar-Mega, L50, M
|-mega|p1a: Pyroar|Pyroar|Pyroarite
|move|p2a: Floette|Protect|p2a: Floette
|-singleturn|p2a: Floette|Protect
|move|p1b: Meowscarada|Brick Break|p2b: Incineroar
|-start|p1b: Meowscarada|typechange|Fighting|[from] ability: Protean
|-supereffective|p2b: Incineroar|1
|-damage|p2b: Incineroar|39/100
|-enditem|p2b: Incineroar|Sitrus Berry|[eat]
|-heal|p2b: Incineroar|64/100|[from] item: Sitrus Berry
|move|p1a: Pyroar|Fire Blast|p2a: Floette
|-activate|p2a: Floette|move: Protect
|move|p2b: Incineroar|Parting Shot|p1a: Pyroar
|-unboost|p1a: Pyroar|atk|1
|-unboost|p1a: Pyroar|spa|1
|
|t:|1782595658
|switch|p2b: Sneasler|Sneasler, L50, M|100/100|[from] Parting Shot
|
|upkeep
|turn|3
|
|t:|1782595672
|switch|p1b: Whimsicott|Whimsicott, L50, M|100/100
|switch|p1a: Garchomp|Garchomp, L50, F|100/100
|move|p2b: Sneasler|Close Combat|p1a: Garchomp
|-damage|p1a: Garchomp|38/100
|-unboost|p2b: Sneasler|def|1
|-unboost|p2b: Sneasler|spd|1
|-damage|p2b: Sneasler|87/100|[from] ability: Rough Skin|[of] p1a: Garchomp
|move|p2a: Floette|Calm Mind|p2a: Floette
|-boost|p2a: Floette|spa|1
|-boost|p2a: Floette|spd|1
|
|-heal|p1a: Garchomp|44/100|[from] item: Leftovers
|upkeep
|turn|4
|inactive|Arr0_Soul has 30 seconds left.
|
|t:|1782595700
|switch|p2b: Incineroar|Incineroar, L50, F|64/100
|-ability|p2b: Incineroar|Intimidate|boost
|-unboost|p1a: Garchomp|atk|1
|-unboost|p1b: Whimsicott|atk|1
|move|p1b: Whimsicott|Sunny Day|p1b: Whimsicott
|-weather|SunnyDay
|move|p1a: Garchomp|Earthquake|p2b: Incineroar|[spread] p1b,p2a,p2b
|-resisted|p1b: Whimsicott|1
|-crit|p2a: Floette
|-supereffective|p2b: Incineroar|1
|-damage|p1b: Whimsicott|84/100
|-damage|p2a: Floette|32/100
|-damage|p2b: Incineroar|22/100
|move|p2a: Floette|Dazzling Gleam|p1b: Whimsicott|[spread] p1a,p1b
|-supereffective|p1a: Garchomp|1
|-damage|p1a: Garchomp|0 fnt
|-damage|p1b: Whimsicott|0 fnt
|faint|p1a: Garchomp
|faint|p1b: Whimsicott
|
|-weather|SunnyDay|[upkeep]
|upkeep
|
|t:|1782595716
|switch|p1b: Meowscarada|Meowscarada, L50, F|84/100
|switch|p1a: Pyroar|Pyroar-Mega, L50, M|100/100
|turn|5
|inactive|failandimprove2 has 30 seconds left.
|inactive|Arr0_Soul has 30 seconds left.
|inactive|failandimprove2 has 20 seconds left.
|inactive|failandimprove2 has 15 seconds left.
|inactive|failandimprove2 has 10 seconds left.
|
|t:|1782595765
|switch|p2b: Sinistcha|Sinistcha, L50|100/100
|-heal|p2a: Floette|57/100|[from] ability: Hospitality|[of] p2b: Sinistcha
|move|p2a: Floette|Protect|p2a: Floette
|-singleturn|p2a: Floette|Protect
|move|p1b: Meowscarada|Flower Trick|p2a: Floette
|-start|p1b: Meowscarada|typechange|Grass|[from] ability: Protean
|-activate|p2a: Floette|move: Protect
|move|p1a: Pyroar|Heat Wave|p2a: Floette|[spread] 
|-activate|p2a: Floette|move: Protect
|-miss|p1a: Pyroar|p2b: Sinistcha
|
|-weather|SunnyDay|[upkeep]
|upkeep
|turn|6
|inactive|Arr0_Soul has 30 seconds left.
|
|t:|1782595793
|move|p2b: Sinistcha|Protect|p2b: Sinistcha
|-singleturn|p2b: Sinistcha|Protect
|move|p1b: Meowscarada|Flower Trick|p2a: Floette
|-crit|p2a: Floette
|-damage|p2a: Floette|6/100
|move|p1a: Pyroar|Heat Wave|p2b: Sinistcha|[spread] p2a
|-activate|p2b: Sinistcha|move: Protect
|-damage|p2a: Floette|0 fnt
|faint|p2a: Floette
|
|-weather|SunnyDay|[upkeep]
|upkeep
|
|t:|1782595803
|switch|p2a: Sneasler|Sneasler, L50, M|87/100
|turn|7
|
|t:|1782595817
|move|p2a: Sneasler|Fake Out|p1a: Pyroar
|-damage|p1a: Pyroar|84/100
|-status|p1a: Pyroar|psn|[from] ability: Poison Touch|[of] p2a: Sneasler
|move|p1b: Meowscarada|Flower Trick|p2a: Sneasler
|-resisted|p2a: Sneasler|1
|-crit|p2a: Sneasler
|-damage|p2a: Sneasler|44/100
|cant|p1a: Pyroar|flinch
|move|p2b: Sinistcha|Trick Room|p2b: Sinistcha
|-fieldstart|move: Trick Room|[of] p2b: Sinistcha
|
|-weather|SunnyDay|[upkeep]
|-damage|p1a: Pyroar|71/100 psn|[from] psn
|upkeep
|turn|8
|inactive|failandimprove2 has 30 seconds left.
|
|t:|1782595842
|move|p2b: Sinistcha|Matcha Gotcha|p1a: Pyroar|[spread] p1a,p1b
|-resisted|p1a: Pyroar|1
|-crit|p1a: Pyroar
|-resisted|p1b: Meowscarada|1
|-damage|p1a: Pyroar|47/100 psn
|-damage|p1b: Meowscarada|64/100
|move|p2a: Sneasler|Close Combat|p1a: Pyroar
|-supereffective|p1a: Pyroar|1
|-damage|p1a: Pyroar|0 fnt
|-unboost|p2a: Sneasler|def|1
|-unboost|p2a: Sneasler|spd|1
|faint|p1a: Pyroar
|move|p1b: Meowscarada|Flower Trick|p2a: Sneasler
|-resisted|p2a: Sneasler|1
|-crit|p2a: Sneasler
|-damage|p2a: Sneasler|0 fnt
|faint|p2a: Sneasler
|
|-weather|none
|upkeep
|
|t:|1782595844
|switch|p2a: Incineroar|Incineroar, L50, F|22/100
|-ability|p2a: Incineroar|Intimidate|boost
|-unboost|p1b: Meowscarada|atk|1
|turn|9
|
|t:|1782595853
|move|p2a: Incineroar|Flare Blitz|p1b: Meowscarada
|-supereffective|p1b: Meowscarada|1
|-damage|p1b: Meowscarada|0 fnt
|faint|p1b: Meowscarada
|-damage|p2a: Incineroar|6/100|[from] Recoil
|
|win|failandimprove2
|raw|Arr0_Soul's rating: 1055 → 1036(-19 for losing)
|raw|failandimprove2's rating: 1042 → 1077(+35 for winning)
