|j|☆Professor_J93
|j|☆epic17x
|html|Professor_J93epic17x    
|uhtml|bestof|Game 2 of a best-of-3
|t:|1756489491
|gametype|doubles
|player|p1|Professor_J93|265|1337
|player|p2|epic17x|steven|1349
|gen|9
|tier|[Gen 9] VGC 2025 Reg H (Bo3)
|rated|
|rule|Species Clause: Limit one of each Pokémon
|rule|Item Clause: Limit 1 of each item
|clearpoke
|poke|p1|Decidueye-Hisui, L50, M|
|poke|p1|Electabuzz, L50, M|
|poke|p1|Yanmega, L50, M|
|poke|p1|Chandelure, L50, M|
|poke|p1|Metagross, L50|
|poke|p1|Ursaluna, L50, M|
|poke|p2|Ninetales-Alola, L50, F|
|poke|p2|Rillaboom, L50, F|
|poke|p2|Magmar, L50, M|
|poke|p2|Sneasler, L50, F|
|poke|p2|Kingambit, L50, F|
|poke|p2|Basculegion, L50, M|
|teampreview|4
|showteam|p1|Decidueye-Hisui||ScopeLens|Scrappy|TripleArrows,LeafBlade,Haze,Protect|||M|||50|,,,,,Fire]Electabuzz||Eviolite|VitalSpirit|Electroweb,FollowMe,Taunt,Thunderbolt|||M|||50|,,,,,Dragon]Yanmega||FocusSash|SpeedBoost|AirSlash,BugBuzz,Tailwind,Protect|||M|||50|,,,,,Ghost]Chandelure||FlamePlate|FlashFire|ShadowBall,HeatWave,TrickRoom,Protect|||M|||50|,,,,,Grass]Metagross||AssaultVest|ClearBody|HeavySlam,PsychicFangs,KnockOff,BulletPunch||||||50|,,,,,Dark]Ursaluna||FlameOrb|Guts|Facade,HeadlongRush,Earthquake,Protect|||M|||50|,,,,,Fairy
|showteam|p2|Ninetales-Alola||NeverMeltIce|SnowWarning|Blizzard,FreezeDry,Encore,Protect|||F|||50|,,,,,Ghost]Rillaboom||AssaultVest|GrassySurge|WoodHammer,FakeOut,Uturn,GrassyGlide|||F|||50|,,,,,Ghost]Magmar||Eviolite|VitalSpirit|Protect,HeatWave,WillOWisp,FollowMe|||M|||50|,,,,,Ghost]Sneasler||FocusSash|PoisonTouch|FakeOut,DireClaw,CloseCombat,Protect|||F|||50|,,,,,Ghost]Kingambit||BlackGlasses|Defiant|KowtowCleave,SwordsDance,SuckerPunch,Protect|||F|||50|,,,,,Fire]Basculegion||ChoiceScarf|Adaptability|WaveCrash,FlipTurn,TeraBlast,LastRespects|||M|||50|,,,,,Fighting
|inactive|Battle timer is ON: inactive players will automatically lose when time's up. (requested by epic17x)
|inactive|Professor_J93 also wants the timer to be on.
|
|t:|1756489505
|teamsize|p1|4
|teamsize|p2|4
|start
|switch|p1a: Sparx|Yanmega, L50, M, shiny|100/100
|switch|p1b: Chandelure|Chandelure, L50, M|100/100
|switch|p2a: Basculegion|Basculegion, L50, M|100/100
|switch|p2b: Kingambit|Kingambit, L50, F|100/100
|turn|1
|inactive|Professor_J93 has 30 seconds left.
|
|t:|1756489536
|-terastallize|p2b: Kingambit|Fire
|move|p1a: Sparx|Protect|p1a: Sparx
|-singleturn|p1a: Sparx|Protect
|move|p1b: Chandelure|Protect|p1b: Chandelure
|-singleturn|p1b: Chandelure|Protect
|move|p2a: Basculegion|Flip Turn|p1b: Chandelure
|-activate|p1b: Chandelure|move: Protect
|move|p2b: Kingambit|Swords Dance|p2b: Kingambit
|-boost|p2b: Kingambit|atk|2
|
|-ability|p1a: Sparx|Speed Boost|boost
|-boost|p1a: Sparx|spe|1
|upkeep
|turn|2
|
|t:|1756489552
|move|p2b: Kingambit|Sucker Punch|p1b: Chandelure
|-supereffective|p1b: Chandelure
|-damage|p1b: Chandelure|0 fnt
|faint|p1b: Chandelure
|move|p1a: Sparx|Tailwind|p1a: Sparx
|-sidestart|p1: Professor_J93|move: Tailwind
|move|p2a: Basculegion|Flip Turn|p1a: Sparx
|-damage|p1a: Sparx|47/100
|
|t:|1756489560
|switch|p2a: Sneasler|Sneasler, L50, F|100/100|[from] Flip Turn
|
|-ability|p1a: Sparx|Speed Boost|boost
|-boost|p1a: Sparx|spe|1
|upkeep
|
|t:|1756489565
|switch|p1b: Ursaluna|Ursaluna, L50, M|100/100
|turn|3
|
|t:|1756489572
|switch|p1a: ElectaGOAT|Electabuzz, L50, M, shiny|100/100
|move|p1b: Ursaluna|Protect|p1b: Ursaluna
|-singleturn|p1b: Ursaluna|Protect
|move|p2a: Sneasler|Fake Out|p1b: Ursaluna
|-activate|p1b: Ursaluna|move: Protect
|move|p2b: Kingambit|Sucker Punch||[still]
|-fail|p2b: Kingambit
|
|-status|p1b: Ursaluna|brn|[from] item: Flame Orb
|upkeep
|turn|4
|
|t:|1756489594
|move|p2a: Sneasler|Protect|p2a: Sneasler
|-singleturn|p2a: Sneasler|Protect
|move|p2b: Kingambit|Protect|p2b: Kingambit
|-singleturn|p2b: Kingambit|Protect
|move|p1a: ElectaGOAT|Follow Me|p1a: ElectaGOAT
|-singleturn|p1a: ElectaGOAT|move: Follow Me
|move|p1b: Ursaluna|Facade|p2b: Kingambit
|-activate|p2b: Kingambit|move: Protect
|
|-damage|p1b: Ursaluna|95/100 brn|[from] brn
|upkeep
|turn|5
|
|t:|1756489609
|move|p2b: Kingambit|Sucker Punch|p1b: Ursaluna
|-damage|p1b: Ursaluna|28/100 brn
|move|p1a: ElectaGOAT|Thunderbolt|p2a: Sneasler
|-damage|p2a: Sneasler|55/100
|move|p2a: Sneasler|Dire Claw|p1b: Ursaluna
|-resisted|p1b: Ursaluna
|-damage|p1b: Ursaluna|15/100 brn
|move|p1b: Ursaluna|Earthquake|p2b: Kingambit|[spread] p1a,p2a,p2b
|-supereffective|p1a: ElectaGOAT
|-supereffective|p2a: Sneasler
|-supereffective|p2b: Kingambit
|-damage|p1a: ElectaGOAT|0 fnt
|-damage|p2a: Sneasler|0 fnt
|-damage|p2b: Kingambit|0 fnt
|faint|p1a: ElectaGOAT
|faint|p2a: Sneasler
|faint|p2b: Kingambit
|
|-damage|p1b: Ursaluna|9/100 brn|[from] brn
|-sideend|p1: Professor_J93|move: Tailwind
|upkeep
|
|t:|1756489618
|switch|p2a: Magmar|Magmar, L50, M|100/100
|switch|p1a: Sparx|Yanmega, L50, M, shiny|47/100
|switch|p2b: Basculegion|Basculegion, L50, M|100/100
|turn|6
|
|t:|1756489629
|move|p1a: Sparx|Protect|p1a: Sparx
|-singleturn|p1a: Sparx|Protect
|move|p1b: Ursaluna|Protect|p1b: Ursaluna
|-singleturn|p1b: Ursaluna|Protect
|move|p2b: Basculegion|Last Respects|p1a: Sparx
|-activate|p1a: Sparx|move: Protect
|move|p2a: Magmar|Heat Wave|p1a: Sparx|[spread] 
|-activate|p1a: Sparx|move: Protect
|-activate|p1b: Ursaluna|move: Protect
|
|-damage|p1b: Ursaluna|3/100 brn|[from] brn
|-ability|p1a: Sparx|Speed Boost|boost
|-boost|p1a: Sparx|spe|1
|upkeep
|turn|7
|
|t:|1756489649
|move|p2a: Magmar|Follow Me|p2a: Magmar
|-singleturn|p2a: Magmar|move: Follow Me
|move|p1a: Sparx|Tailwind|p1a: Sparx
|-sidestart|p1: Professor_J93|move: Tailwind
|move|p2b: Basculegion|Last Respects|p1a: Sparx
|-damage|p1a: Sparx|0 fnt
|faint|p1a: Sparx
|move|p1b: Ursaluna|Earthquake|p2a: Magmar|[spread] p2a,p2b
|-supereffective|p2a: Magmar
|-damage|p2a: Magmar|12/100
|-damage|p2b: Basculegion|30/100
|
|-damage|p1b: Ursaluna|0 fnt|[from] brn
|faint|p1b: Ursaluna
|
|win|epic17x
||Professor_J93 is ready for game 3.
|inactive|epic17x has 30 seconds to confirm battle start!
||epic17x is ready for game 3.
|uhtml|next|Next: Game 3 of 3
|l|☆Professor_J93
|player|p1|
