|j|☆randomguy1114s
|j|☆Nikemada
|html|randomguy1114sNikemada    
|uhtml|bestof|Game 2 of a best-of-3
|t:|1756521839
|gametype|doubles
|player|p1|randomguy1114s|lillie-masters|1218
|player|p2|Nikemada|ethan|1124
|gen|9
|tier|[Gen 9] VGC 2025 Reg H (Bo3)
|rated|
|rule|Species Clause: Limit one of each Pokémon
|rule|Item Clause: Limit 1 of each item
|clearpoke
|poke|p1|Archaludon, L50, F|
|poke|p1|Pelipper, L50, M|
|poke|p1|Rillaboom, L50, F|
|poke|p1|Incineroar, L50, M|
|poke|p1|Gholdengo, L50|
|poke|p1|Sneasler, L50, M|
|poke|p2|Dondozo, L50, M|
|poke|p2|Tatsugiri, L50, M|
|poke|p2|Dragonite, L50, M|
|poke|p2|Ursaluna-Bloodmoon, L50, M|
|poke|p2|Gholdengo, L50|
|poke|p2|Comfey, L50, F|
|teampreview|4
|showteam|p1|Archaludon||PowerHerb|Sturdy|ElectroShot,DragonPulse,FlashCannon,Protect|||F|||50|,,,,,Electric]Pelipper||ChoiceScarf|Drizzle|Tailwind,MuddyWater,Hurricane,WeatherBall|||M|||50|,,,,,Ghost]Rillaboom||AssaultVest|GrassySurge|FakeOut,WoodHammer,GrassyGlide,Uturn|||F|||50|,,,,,Fire]Incineroar||SafetyGoggles|Intimidate|FakeOut,KnockOff,Taunt,PartingShot|||M|||50|,,,,,Ghost]Gholdengo||MetalCoat|GoodasGold|NastyPlot,MakeItRain,ShadowBall,Protect||||||50|,,,,,Dragon]Sneasler||GrassySeed|Unburden|CloseCombat,DireClaw,ThroatChop,Protect|||M|||50|,,,,,Dark
|showteam|p2|Dondozo||Leftovers|Unaware|WaveCrash,OrderUp,Earthquake,Protect|||M|||50|,,,,,Grass]Tatsugiri||ChoiceSpecs|Commander|DracoMeteor,MuddyWater,IcyWind,DragonPulse|||M|||50|,,,,,Ghost]Dragonite||AssaultVest|Multiscale|TeraBlast,IceSpinner,LowKick,ThunderPunch|||M|||50|,,,,,Flying]Ursaluna-Bloodmoon||SafetyGoggles|MindsEye|BloodMoon,HyperVoice,EarthPower,Protect|||M|||50|,,,,,Ghost]Gholdengo||LifeOrb|GoodasGold|MakeItRain,ShadowBall,NastyPlot,Protect||||||50|,,,,,Dark]Comfey||FocusSash|Triage|DrainingKiss,FloralHealing,TrickRoom,Protect|||F|||50|,,,,,Steel
|
|t:|1756521863
|teamsize|p1|4
|teamsize|p2|4
|start
|switch|p1a: Midcineroar|Incineroar, L50, M, shiny|100/100
|switch|p1b: cheese man|Gholdengo, L50, shiny|100/100
|switch|p2a: Dondozo|Dondozo, L50, M|100/100
|switch|p2b: Tatsugiri|Tatsugiri, L50, M|100/100
|-ability|p1a: Midcineroar|Intimidate|boost
|-unboost|p2a: Dondozo|atk|1
|-unboost|p2b: Tatsugiri|atk|1
|-activate|p2b: Tatsugiri|ability: Commander|[of] p2a: Dondozo
|-boost|p2a: Dondozo|atk|2
|-boost|p2a: Dondozo|spa|2
|-boost|p2a: Dondozo|spe|2
|-boost|p2a: Dondozo|def|2
|-boost|p2a: Dondozo|spd|2
|turn|1
|
|t:|1756521879
|switch|p1b: Pelicopter|Pelipper, L50, M, shiny|100/100
|-weather|RainDance|[from] ability: Drizzle|[of] p1b: Pelicopter
|move|p2a: Dondozo|Protect|p2a: Dondozo
|-singleturn|p2a: Dondozo|Protect
|move|p1a: Midcineroar|Parting Shot|p2a: Dondozo
|-activate|p2a: Dondozo|move: Protect
|
|-weather|RainDance|[upkeep]
|upkeep
|turn|2
|
|t:|1756521897
|move|p1b: Pelicopter|Hurricane|p2a: Dondozo
|-damage|p2a: Dondozo|79/100
|move|p2a: Dondozo|Wave Crash|p1a: Midcineroar
|-supereffective|p1a: Midcineroar
|-damage|p1a: Midcineroar|0 fnt
|faint|p1a: Midcineroar
|-damage|p2a: Dondozo|54/100|[from] Recoil
|
|-weather|RainDance|[upkeep]
|-heal|p2a: Dondozo|60/100|[from] item: Leftovers
|upkeep
|
|t:|1756521902
|switch|p1a: its my bridge!|Archaludon, L50, F, shiny|100/100
|turn|3
|
|t:|1756521909
|move|p2a: Dondozo|Protect|p2a: Dondozo
|-singleturn|p2a: Dondozo|Protect
|move|p1b: Pelicopter|Hurricane|p2a: Dondozo
|-activate|p2a: Dondozo|move: Protect
|move|p1a: its my bridge!|Electro Shot||[still]
|-prepare|p1a: its my bridge!|Electro Shot
|-boost|p1a: its my bridge!|spa|1
|-anim|p1a: its my bridge!|Electro Shot|p2a: Dondozo
|-activate|p2a: Dondozo|move: Protect
|
|-weather|RainDance|[upkeep]
|-heal|p2a: Dondozo|66/100|[from] item: Leftovers
|upkeep
|turn|4
|
|t:|1756521933
|-terastallize|p1a: its my bridge!|Electric
|-terastallize|p2a: Dondozo|Grass
|move|p1b: Pelicopter|Hurricane|p2a: Dondozo
|-supereffective|p2a: Dondozo
|-damage|p2a: Dondozo|24/100
|move|p1a: its my bridge!|Electro Shot||[still]
|-prepare|p1a: its my bridge!|Electro Shot
|-boost|p1a: its my bridge!|spa|1
|-anim|p1a: its my bridge!|Electro Shot|p2a: Dondozo
|-resisted|p2a: Dondozo
|-damage|p2a: Dondozo|11/100
|move|p2a: Dondozo|Order Up|p1b: Pelicopter
|-damage|p1b: Pelicopter|56/100
|-boost|p2a: Dondozo|atk|1
|
|-weather|RainDance|[upkeep]
|-heal|p2a: Dondozo|17/100|[from] item: Leftovers
|upkeep
|turn|5
|
|t:|1756521950
|move|p2a: Dondozo|Protect|p2a: Dondozo
|-singleturn|p2a: Dondozo|Protect
|move|p1b: Pelicopter|Hurricane|p2a: Dondozo
|-activate|p2a: Dondozo|move: Protect
|move|p1a: its my bridge!|Electro Shot||[still]
|-prepare|p1a: its my bridge!|Electro Shot
|-boost|p1a: its my bridge!|spa|1
|-anim|p1a: its my bridge!|Electro Shot|p2a: Dondozo
|-activate|p2a: Dondozo|move: Protect
|
|-weather|none
|-heal|p2a: Dondozo|23/100|[from] item: Leftovers
|upkeep
|turn|6
|
|t:|1756521963
|move|p1b: Pelicopter|Hurricane|p2a: Dondozo|[miss]
|-miss|p1b: Pelicopter|p2a: Dondozo
|move|p1a: its my bridge!|Dragon Pulse|p2a: Dondozo
|-damage|p2a: Dondozo|6/100
|move|p2a: Dondozo|Order Up|p1b: Pelicopter
|-damage|p1b: Pelicopter|0 fnt
|faint|p1b: Pelicopter
|-boost|p2a: Dondozo|atk|1
|
|-heal|p2a: Dondozo|12/100|[from] item: Leftovers
|upkeep
|
|t:|1756521969
|switch|p1b: cheese man|Gholdengo, L50, shiny|100/100
|turn|7
|
|t:|1756521975
|move|p2a: Dondozo|Protect|p2a: Dondozo
|-singleturn|p2a: Dondozo|Protect
|move|p1a: its my bridge!|Dragon Pulse|p2a: Dondozo
|-activate|p2a: Dondozo|move: Protect
|move|p1b: cheese man|Nasty Plot|p1b: cheese man
|-boost|p1b: cheese man|spa|2
|
|-heal|p2a: Dondozo|18/100|[from] item: Leftovers
|upkeep
|turn|8
|
|t:|1756521987
|move|p1a: its my bridge!|Dragon Pulse|p2a: Dondozo
|-damage|p2a: Dondozo|1/100
|move|p1b: cheese man|Shadow Ball|p2a: Dondozo
|-damage|p2a: Dondozo|0 fnt
|faint|p2a: Dondozo
|
|upkeep
|
|t:|1756522001
|switch|p2a: Comfey|Comfey, L50, F|100/100
|turn|9
|
|t:|1756522036
|move|p2a: Comfey|Draining Kiss|p1a: its my bridge!
|-damage|p1a: its my bridge!|73/100
|move|p1a: its my bridge!|Electro Shot||[still]
|-prepare|p1a: its my bridge!|Electro Shot
|-boost|p1a: its my bridge!|spa|1
|-enditem|p1a: its my bridge!|Power Herb
|-anim|p1a: its my bridge!|Electro Shot|p2b: Tatsugiri
|-damage|p2b: Tatsugiri|0 fnt
|faint|p2b: Tatsugiri
|move|p1b: cheese man|Shadow Ball|p2a: Comfey
|-damage|p2a: Comfey|26/100
|-unboost|p2a: Comfey|spd|1
|
|upkeep
|
|t:|1756522048
|switch|p2b: Gholdengo|Gholdengo, L50|100/100
|turn|10
|
|t:|1756522095
|move|p1b: cheese man|Protect|p1b: cheese man
|-singleturn|p1b: cheese man|Protect
|move|p2a: Comfey|Draining Kiss|p1a: its my bridge!
|-damage|p1a: its my bridge!|45/100
|-heal|p2a: Comfey|54/100|[from] drain|[of] p1a: its my bridge!
|move|p1a: its my bridge!|Flash Cannon|p2a: Comfey
|-supereffective|p2a: Comfey
|-damage|p2a: Comfey|0 fnt
|faint|p2a: Comfey
|move|p2b: Gholdengo|Shadow Ball|p1b: cheese man
|-activate|p1b: cheese man|move: Protect
|
|upkeep
|turn|11
|
|t:|1756522116
|move|p1a: its my bridge!|Dragon Pulse|p2b: Gholdengo
|-resisted|p2b: Gholdengo
|-damage|p2b: Gholdengo|40/100
|move|p1b: cheese man|Shadow Ball|p2b: Gholdengo
|-supereffective|p2b: Gholdengo
|-damage|p2b: Gholdengo|0 fnt
|faint|p2b: Gholdengo
|
|win|randomguy1114s
|raw|randomguy1114s's rating: 1218 → 1236(+18 for winning)
|raw|Nikemada's rating: 1124 → 1106(-18 for losing)
|l|☆Nikemada
|player|p2|
