|j|☆Llama_Llord
|j|☆ShabazXVGC
|html|Llama_LlordShabazXVGC    
|uhtml|bestof|Game 1 of a best-of-3
|t:|1756204652
|gametype|doubles
|player|p1|Llama_Llord|102|1106
|player|p2|ShabazXVGC|marlon|1092
|gen|9
|tier|[Gen 9] VGC 2025 Reg H (Bo3)
|rated|
|rule|Species Clause: Limit one of each Pokémon
|rule|Item Clause: Limit 1 of each item
|clearpoke
|poke|p1|Meowscarada, L50, M|
|poke|p1|Primarina, L50, F|
|poke|p1|Indeedee, L50, M|
|poke|p1|Sneasler, L50, F|
|poke|p1|Tatsugiri, L50, F|
|poke|p1|Arcanine-Hisui, L50, F|
|poke|p2|Rillaboom, L50, M|
|poke|p2|Incineroar, L50, F|
|poke|p2|Weezing-Galar, L50, F|
|poke|p2|Dragapult, L50, F|
|poke|p2|Kingambit, L50, M|
|poke|p2|Kilowattrel, L50, F|
|teampreview|4
|showteam|p1|Meowscarada||FocusSash|Overgrow|GrassPledge,KnockOff,FlowerTrick,Protect|||M|||50|,,,,,Fairy]Primarina||LifeOrb|LiquidVoice|WaterPledge,HyperVoice,Moonblast,Protect|||F|||50|,,,,,Poison]Indeedee||SafetyGoggles|PsychicSurge|ExpandingForce,Protect,TrickRoom,Imprison|||M|||50|,,,,,Fire]Sneasler||PsychicSeed|Unburden|DireClaw,CloseCombat,ThroatChop,Protect|||F|||50|,,,,,Stellar]Tatsugiri||AssaultVest|StormDrain|DracoMeteor,IcyWind,TeraBlast,Surf|||F|||50|,,,,,Ground]Arcanine-Hisui||ClearAmulet|Intimidate|WillOWisp,FlareBlitz,RockSlide,Protect|||F|||50|,,,,,Grass
|showteam|p2|Rillaboom||GrassySeed|GrassySurge|FakeOut,HighHorsepower,GrassyGlide,WoodHammer|||M|||50|,,,,,Fire]Incineroar||AssaultVest|Intimidate|FlareBlitz,KnockOff,Uturn,FakeOut|||F|||50|,,,,,Ghost]Weezing-Galar||SitrusBerry|NeutralizingGas|Protect,PoisonGas,DazzlingGleam,Thunderbolt|||F|||50|,,,,,Water]Dragapult||LifeOrb|ClearBody|DragonDarts,PhantomForce,Uturn,Protect|||F|||50|,,,,,Grass]Kingambit||SafetyGoggles|Defiant|SuckerPunch,KowtowCleave,Protect,SwordsDance|||M|||50|,,,,,Fairy]Kilowattrel||CovertCloak|VoltAbsorb|AirSlash,Thunderbolt,Uturn,Roost|||F|||50|,,,,,Steel
|inactive|Battle timer is ON: inactive players will automatically lose when time's up. (requested by Llama_Llord)
|inactive|ShabazXVGC has 60 seconds left.
|inactive|ShabazXVGC has 30 seconds left.
|
|t:|1756204722
|teamsize|p1|4
|teamsize|p2|4
|start
|switch|p1a: Indeedee|Indeedee, L50, M|100/100
|switch|p1b: Sneasler|Sneasler, L50, F|100/100
|switch|p2a: Caesar|Weezing-Galar, L50, F|100/100
|switch|p2b: Kaido|Dragapult, L50, F|100/100
|-ability|p2a: Caesar|Neutralizing Gas
|turn|1
|inactive|ShabazXVGC has 30 seconds left.
|inactive|ShabazXVGC has 20 seconds left.
|inactive|Llama_Llord has 30 seconds left.
|inactive|ShabazXVGC has 15 seconds left.
|inactive|ShabazXVGC has 10 seconds left.
|inactive|ShabazXVGC has 5 seconds left.
|
|t:|1756204773
|-terastallize|p2a: Caesar|Water
|move|p2b: Kaido|Protect|p2b: Kaido
|-singleturn|p2b: Kaido|Protect
|move|p1a: Indeedee|Protect|p1a: Indeedee
|-singleturn|p1a: Indeedee|Protect
|move|p1b: Sneasler|Dire Claw|p2a: Caesar
|-damage|p2a: Caesar|61/100
|-status|p2a: Caesar|par
|cant|p2a: Caesar|par
|
|upkeep
|turn|2
|inactive|Llama_Llord has 30 seconds left.
|inactive|ShabazXVGC has 30 seconds left.
|inactive|ShabazXVGC has 20 seconds left.
|inactive|ShabazXVGC has 15 seconds left.
|inactive|ShabazXVGC has 10 seconds left.
|
|t:|1756204820
|switch|p1a: Fiona|Primarina, L50, F|100/100
|-end|p2a: Caesar|ability: Neutralizing Gas
|switch|p2a: Ace|Incineroar, L50, F|100/100
|-ability|p2a: Ace|Intimidate|boost
|-unboost|p1a: Fiona|atk|1
|-unboost|p1b: Sneasler|atk|1
|move|p2b: Kaido|Dragon Darts|p1b: Sneasler
|-damage|p1b: Sneasler|42/100
|-anim|p2b: Kaido|Dragon Darts|p1b: Sneasler
|-damage|p1b: Sneasler|0 fnt
|faint|p1b: Sneasler
|-damage|p2b: Kaido|91/100|[from] item: Life Orb
|
|upkeep
|
|t:|1756204830
|switch|p1b: Indeedee|Indeedee, L50, M|100/100
|-fieldstart|move: Psychic Terrain|[from] ability: Psychic Surge|[of] p1b: Indeedee
|turn|3
|inactive|ShabazXVGC has 30 seconds left.
|
|t:|1756204856
|switch|p2b: Liberation|Rillaboom, L50, M, shiny|100/100
|-fieldstart|move: Grassy Terrain|[from] ability: Grassy Surge|[of] p2b: Liberation
|-enditem|p2b: Liberation|Grassy Seed
|-boost|p2b: Liberation|def|1|[from] item: Grassy Seed
|move|p1b: Indeedee|Protect|p1b: Indeedee
|-singleturn|p1b: Indeedee|Protect
|move|p2a: Ace|Knock Off|p1b: Indeedee
|-activate|p1b: Indeedee|move: Protect
|move|p1a: Fiona|Moonblast|p2b: Liberation
|-damage|p2b: Liberation|12/100
|-damage|p1a: Fiona|91/100|[from] item: Life Orb
|
|-heal|p2b: Liberation|18/100|[from] Grassy Terrain
|-heal|p1a: Fiona|97/100|[from] Grassy Terrain
|upkeep
|turn|4
|
|t:|1756204877
|move|p1b: Indeedee|Expanding Force|p2b: Liberation
|-damage|p2b: Liberation|0 fnt
|faint|p2b: Liberation
|move|p2a: Ace|U-turn|p1b: Indeedee
|-supereffective|p1b: Indeedee
|-damage|p1b: Indeedee|7/100
|
|t:|1756204884
|switch|p2a: Caesar|Weezing-Galar, L50, F, tera:Water|61/100 par|[from] U-turn
|-ability|p2a: Caesar|Neutralizing Gas
|move|p1a: Fiona|Hyper Voice|p2a: Caesar
|-damage|p2a: Caesar|7/100 par
|-enditem|p2a: Caesar|Sitrus Berry|[eat]
|-heal|p2a: Caesar|32/100 par|[from] item: Sitrus Berry
|-damage|p1a: Fiona|87/100|[from] item: Life Orb
|
|-heal|p1b: Indeedee|14/100|[from] Grassy Terrain
|-heal|p1a: Fiona|93/100|[from] Grassy Terrain
|-heal|p2a: Caesar|38/100 par|[from] Grassy Terrain
|upkeep
|
|t:|1756204896
|switch|p2b: Ace|Incineroar, L50, F|100/100
|turn|5
|
|t:|1756204904
|move|p1b: Indeedee|Protect|p1b: Indeedee
|-singleturn|p1b: Indeedee|Protect
|move|p1a: Fiona|Protect|p1a: Fiona
|-singleturn|p1a: Fiona|Protect
|move|p2b: Ace|Fake Out|p1a: Fiona
|-activate|p1a: Fiona|move: Protect
|cant|p2a: Caesar|par
|
|-heal|p1b: Indeedee|20/100|[from] Grassy Terrain
|-heal|p1a: Fiona|99/100|[from] Grassy Terrain
|-heal|p2a: Caesar|43/100 par|[from] Grassy Terrain
|upkeep
|turn|6
|
|t:|1756204923
|move|p2a: Caesar|Protect|p2a: Caesar
|-singleturn|p2a: Caesar|Protect
|move|p1b: Indeedee|Expanding Force|p2a: Caesar
|-activate|p2a: Caesar|move: Protect
|move|p2b: Ace|U-turn|p1b: Indeedee
|-supereffective|p1b: Indeedee
|-damage|p1b: Indeedee|0 fnt
|faint|p1b: Indeedee
|
|t:|1756204931
|switch|p2b: Kaido|Dragapult, L50, F|91/100|[from] U-turn
|move|p1a: Fiona|Water Pledge|p2b: Kaido
|-resisted|p2b: Kaido
|-damage|p2b: Kaido|53/100
|-damage|p1a: Fiona|89/100|[from] item: Life Orb
|
|-heal|p2b: Kaido|59/100|[from] Grassy Terrain
|-heal|p1a: Fiona|95/100|[from] Grassy Terrain
|-heal|p2a: Caesar|49/100 par|[from] Grassy Terrain
|upkeep
|
|t:|1756204933
|switch|p1b: Puss in Boots|Meowscarada, L50, M|100/100
|turn|7
|inactive|ShabazXVGC has 30 seconds left.
|
|t:|1756204959
|-terastallize|p1b: Puss in Boots|Fairy
|move|p2b: Kaido|U-turn|p1b: Puss in Boots
|-resisted|p1b: Puss in Boots
|-damage|p1b: Puss in Boots|75/100
|-damage|p2b: Kaido|49/100|[from] item: Life Orb
|
|t:|1756204964
|switch|p2b: Ace|Incineroar, L50, F|100/100|[from] U-turn
|move|p1b: Puss in Boots|Grass Pledge|p2b: Ace
|-waiting|p1b: Puss in Boots|p1a: Fiona
|move|p1a: Fiona|Water Pledge|p2b: Ace|[from] move: Grass Pledge
|-combine
|-resisted|p2b: Ace
|-damage|p2b: Ace|45/100
|-sidestart|p2: ShabazXVGC|Grass Pledge
|-damage|p1a: Fiona|85/100|[from] item: Life Orb
|cant|p2a: Caesar|par
|
|-heal|p1b: Puss in Boots|81/100|[from] Grassy Terrain
|-heal|p1a: Fiona|91/100|[from] Grassy Terrain
|-heal|p2b: Ace|51/100|[from] Grassy Terrain
|-heal|p2a: Caesar|55/100 par|[from] Grassy Terrain
|-fieldend|move: Grassy Terrain
|upkeep
|turn|8
|
|t:|1756204986
|move|p1b: Puss in Boots|Protect|p1b: Puss in Boots
|-singleturn|p1b: Puss in Boots|Protect
|move|p1a: Fiona|Protect|p1a: Fiona
|-singleturn|p1a: Fiona|Protect
|move|p2b: Ace|Fake Out|p1b: Puss in Boots
|-activate|p1b: Puss in Boots|move: Protect
|move|p2a: Caesar|Poison Gas|p1b: Puss in Boots|[spread] 
|-activate|p1a: Fiona|move: Protect
|-activate|p1b: Puss in Boots|move: Protect
|
|upkeep
|turn|9
|
|t:|1756205001
|move|p1b: Puss in Boots|Flower Trick|p2a: Caesar
|-supereffective|p2a: Caesar
|-crit|p2a: Caesar
|-damage|p2a: Caesar|0 fnt
|faint|p2a: Caesar
|-end|p2a: Caesar|ability: Neutralizing Gas
|-ability|p2b: Ace|Intimidate|boost
|-unboost|p1a: Fiona|atk|1
|-unboost|p1b: Puss in Boots|atk|1
|move|p1a: Fiona|Water Pledge|p2b: Ace
|-supereffective|p2b: Ace
|-damage|p2b: Ace|0 fnt
|faint|p2b: Ace
|-damage|p1a: Fiona|81/100|[from] item: Life Orb
|
|upkeep
|
|t:|1756205012
|switch|p2b: Kaido|Dragapult, L50, F|49/100
|turn|10
|
|t:|1756205033
|move|p1b: Puss in Boots|Knock Off|p2b: Kaido
|-supereffective|p2b: Kaido
|-damage|p2b: Kaido|0 fnt
|-enditem|p2b: Kaido|Life Orb|[from] move: Knock Off|[of] p1b: Puss in Boots
|faint|p2b: Kaido
|
|win|Llama_Llord
||ShabazXVGC is ready for game 2.
|inactive|Llama_Llord has 30 seconds to confirm battle start!
|inactive|Llama_Llord has 20 seconds to confirm battle start!
