|j|☆baarboo
|j|☆paintleg4cy
|html|baarboopaintleg4cy    
|uhtml|bestof|Game 2 of a best-of-3
|t:|1783619953
|gametype|doubles
|player|p1|baarboo|102|1309
|player|p2|paintleg4cy|dawn-gen4pt|1318
|gen|9
|tier|[Gen 9 Champions] VGC 2026 Reg M-B (Bo3)
|rated|
|rule|Species Clause: Limit one of each Pokémon
|rule|Item Clause: Limit 1 of each item
|clearpoke
|poke|p1|Charizard, L50, M|
|poke|p1|Kingambit, L50, M|
|poke|p1|Sylveon, L50, M|
|poke|p1|Farigiraf, L50, F|
|poke|p1|Garchomp, L50, M|
|poke|p1|Aerodactyl, L50, F|
|poke|p2|Charizard, L50, F|
|poke|p2|Basculegion, L50, M|
|poke|p2|Whimsicott, L50, M|
|poke|p2|Garchomp, L50, M|
|poke|p2|Floette-Eternal, L50, F|
|poke|p2|Kingambit, L50, F|
|teampreview|4
|showteam|p1|Charizard||CharizarditeY|SolarPower|SolarBeam,WeatherBall,Protect,HeatWave|Modest||M|||50|]Kingambit||FocusSash|Defiant|KowtowCleave,SuckerPunch,LowKick,IronHead|Adamant||M|||50|]Sylveon||FairyFeather|Pixilate|Detect,HyperBeam,HyperVoice,QuickAttack|Modest||M|||50|]Farigiraf||SitrusBerry|ArmorTail|TrickRoom,TwinBeam,GrassKnot,Thunderbolt|Bold||F|||50|]Garchomp||LifeOrb|RoughSkin|Protect,Earthquake,DragonClaw,StompingTantrum|Jolly||M|||50|]Aerodactyl||Aerodactylite|Unnerve|RockSlide,IceFang,Tailwind,DualWingbeat|Jolly||F|||50|
|showteam|p2|Charizard||CharizarditeY|Blaze|HeatWave,SolarBeam,WeatherBall,Protect|Modest||F|||50|]Basculegion||ChoiceScarf|Adaptability|WaveCrash,AquaJet,FlipTurn,LastRespects|Jolly||M|||50|]Whimsicott||FocusSash|Prankster|Moonblast,Tailwind,Encore,Protect|Timid||M|||50|]Garchomp||LifeOrb|RoughSkin|Earthquake,RockSlide,DragonClaw,Protect|Jolly||M|||50|]Floette-Eternal||Floettite|FlowerVeil|Moonblast,LightofRuin,DazzlingGleam,Protect|Timid||F|||50|]Kingambit||BlackGlasses|Defiant|KowtowCleave,SuckerPunch,Protect,SwordsDance|Adamant||F|||50|
|inactive|Battle timer is ON: inactive players will automatically lose when time's up. (requested by baarboo)
|inactive|baarboo has 60 seconds left.
|
|t:|1783620000
|teamsize|p1|4
|teamsize|p2|4
|start
|switch|p1a: Farigiraf|Farigiraf, L50, F|100/100
|switch|p1b: Kingambit|Kingambit, L50, M|100/100
|switch|p2a: Floette|Floette-Eternal, L50, F|100/100
|switch|p2b: Whimsicott|Whimsicott, L50, M|100/100
|turn|1
|
|t:|1783620009
|detailschange|p2a: Floette|Floette-Mega, L50, F
|-mega|p2a: Floette|Floette|Floettite
|-ability|p2a: Floette|Fairy Aura
|move|p2b: Whimsicott|Moonblast|p1b: Kingambit
|-damage|p1b: Kingambit|43/100
|move|p2a: Floette|Light of Ruin|p1b: Kingambit
|-damage|p1b: Kingambit|0 fnt
|faint|p1b: Kingambit
|-damage|p2a: Floette|74/100|[from] Recoil
|move|p1a: Farigiraf|Trick Room|p1a: Farigiraf
|-fieldstart|move: Trick Room|[of] p1a: Farigiraf
|
|upkeep
|
|t:|1783620015
|switch|p1b: Sylveon|Sylveon, L50, M|100/100
|turn|2
|
|t:|1783620025
|switch|p2a: Basculegion|Basculegion, L50, M|100/100
|move|p1a: Farigiraf|Twin Beam|p2b: Whimsicott
|-damage|p2b: Whimsicott|75/100
|-damage|p2b: Whimsicott|49/100
|-hitcount|p2b: Whimsicott|2
|move|p1b: Sylveon|Hyper Voice|p2a: Basculegion|[spread] p2a,p2b
|-crit|p2a: Basculegion
|-damage|p2a: Basculegion|23/100
|-damage|p2b: Whimsicott|0 fnt
|faint|p2b: Whimsicott
|
|upkeep
|
|t:|1783620028
|switch|p2b: Kingambit|Kingambit, L50, F|100/100
|turn|3
|
|t:|1783620043
|switch|p1b: Charizard|Charizard, L50, M|100/100
|move|p2b: Kingambit|Kowtow Cleave|p1a: Farigiraf
|-supereffective|p1a: Farigiraf|1
|-damage|p1a: Farigiraf|3/100
|-enditem|p1a: Farigiraf|Sitrus Berry|[eat]
|-heal|p1a: Farigiraf|28/100|[from] item: Sitrus Berry
|move|p1a: Farigiraf|Thunderbolt|p2a: Basculegion
|-supereffective|p2a: Basculegion|1
|-damage|p2a: Basculegion|0 fnt
|faint|p2a: Basculegion
|
|upkeep
|
|t:|1783620051
|switch|p2a: Floette|Floette-Mega, L50, F|74/100
|-ability|p2a: Floette|Fairy Aura
|turn|4
|
|t:|1783620062
|detailschange|p1b: Charizard|Charizard-Mega-Y, L50, M
|-mega|p1b: Charizard|Charizard|Charizardite Y
|-weather|SunnyDay|[from] ability: Drought|[of] p1b: Charizard
|move|p2b: Kingambit|Protect|p2b: Kingambit
|-singleturn|p2b: Kingambit|Protect
|move|p1a: Farigiraf|Twin Beam|p2a: Floette
|-damage|p2a: Floette|62/100
|-damage|p2a: Floette|49/100
|-hitcount|p2a: Floette|2
|move|p1b: Charizard|Heat Wave|p2b: Kingambit|[spread] 
|-activate|p2b: Kingambit|move: Protect
|-miss|p1b: Charizard|p2a: Floette
|move|p2a: Floette|Dazzling Gleam|p1b: Charizard|[spread] p1a,p1b
|-resisted|p1b: Charizard|1
|-damage|p1a: Farigiraf|0 fnt
|-damage|p1b: Charizard|80/100
|faint|p1a: Farigiraf
|
|-weather|SunnyDay|[upkeep]
|upkeep
|
|t:|1783620067
|switch|p1a: Sylveon|Sylveon, L50, M|100/100
|turn|5
|
|t:|1783620072
|move|p2b: Kingambit|Sucker Punch|p1b: Charizard
|-damage|p1b: Charizard|29/100
|move|p1a: Sylveon|Hyper Voice|p2b: Kingambit|[spread] p2a,p2b
|-damage|p2a: Floette|0 fnt
|-damage|p2b: Kingambit|42/100
|faint|p2a: Floette
|move|p1b: Charizard|Heat Wave|p2b: Kingambit
|-supereffective|p2b: Kingambit|1
|-damage|p2b: Kingambit|0 fnt
|faint|p2b: Kingambit
|
|win|baarboo
|raw|baarboo's rating: 1309 → 1330(+21 for winning)
|raw|paintleg4cy's rating: 1318 → 1297(-21 for losing)
|l|☆paintleg4cy
|player|p2|
