|j|☆jeanryupr
|j|☆ChebyshevSG
|html|jeanryuprChebyshevSG    
|uhtml|bestof|Game 1 of a best-of-3
|t:|1785893866
|gametype|doubles
|player|p1|jeanryupr|169|1184
|player|p2|ChebyshevSG|cynthia-gen4|1248
|gen|9
|tier|[Gen 9 Champions] VGC 2026 Reg M-B (Bo3)
|rated|
|rule|Species Clause: Limit one of each Pokémon
|rule|Item Clause: Limit 1 of each item
|clearpoke
|poke|p1|Staraptor, L50, M|
|poke|p1|Glimmora, L50, F|
|poke|p1|Whimsicott, L50, F|
|poke|p1|Kingambit, L50, M|
|poke|p1|Garchomp, L50, M|
|poke|p1|Raichu, L50, M|
|poke|p2|Gengar, L50, F|
|poke|p2|Archaludon, L50, M|
|poke|p2|Politoed, L50, F|
|poke|p2|Swampert, L50, M|
|poke|p2|Vivillon, L50, M|
|poke|p2|Incineroar, L50, F|
|teampreview|4
|showteam|p1|Staraptor||Staraptite|Intimidate|CloseCombat,BraveBird,Roost,Protect|Jolly||M|||50|]Glimmora||FocusSash|ToxicDebris|PowerGem,SludgeBomb,EarthPower,SpikyShield|Modest||F|||50|]Whimsicott||OccaBerry|Prankster|Tailwind,Moonblast,Charm,LightScreen|Timid||F|||50|]Kingambit||ChopleBerry|Defiant|KowtowCleave,IronHead,LowKick,SuckerPunch|Adamant||M|||50|]Garchomp||LifeOrb|RoughSkin|Protect,DragonClaw,RockSlide,StompingTantrum|Adamant||M|||50|]Raichu||RaichuniteY|LightningRod|ZapCannon,FocusBlast,FakeOut,Protect|Timid||M|||50|
|showteam|p2|Gengar||Gengarite|CursedBody|ShadowBall,SludgeBomb,PerishSong,Protect|Modest||F|||50|]Archaludon||Leftovers|Stamina|ElectroShot,DragonPulse,FlashCannon,Protect|Bold||M|||50|]Politoed||SitrusBerry|Drizzle|WeatherBall,Hypnosis,PerishSong,Protect|Calm||F|||50|]Swampert||Swampertite|Torrent|WaveCrash,Earthquake,IcePunch,Protect|Adamant||M|||50|]Vivillon||FocusSash|CompoundEyes|Hurricane,SleepPowder,RagePowder,Protect|Timid||M|||50|]Incineroar||PasshoBerry|Intimidate|ThroatChop,FakeOut,PartingShot,Protect|Impish||F|||50|
|inactive|Battle timer is ON: inactive players will automatically lose when time's up. (requested by ChebyshevSG)
|inactive|jeanryupr has 60 seconds left.
|
|t:|1785893898
|teamsize|p1|4
|teamsize|p2|4
|start
|switch|p1a: Glimmora|Glimmora, L50, F|100/100
|switch|p1b: Whimsicott|Whimsicott, L50, F|100/100
|switch|p2a: Gengar|Gengar, L50, F|100/100
|switch|p2b: Vivillon|Vivillon, L50, M|100/100
|turn|1
|inactive|ChebyshevSG has 30 seconds left.
|
|t:|1785893927
|detailschange|p2a: Gengar|Gengar-Mega, L50, F
|-mega|p2a: Gengar|Gengar|Gengarite
|move|p1b: Whimsicott|Tailwind|p1b: Whimsicott
|-sidestart|p1: jeanryupr|move: Tailwind
|move|p1a: Glimmora|Power Gem|p2b: Vivillon
|-supereffective|p2b: Vivillon|2
|-enditem|p2b: Vivillon|Focus Sash
|-damage|p2b: Vivillon|1/100
|move|p2a: Gengar|Sludge Bomb|p1b: Whimsicott
|-supereffective|p1b: Whimsicott|2
|-crit|p1b: Whimsicott
|-damage|p1b: Whimsicott|0 fnt
|faint|p1b: Whimsicott
|move|p2b: Vivillon|Sleep Powder|p1a: Glimmora
|-status|p1a: Glimmora|slp|[from] move: Sleep Powder
|
|upkeep
|
|t:|1785893937
|switch|p1b: Staraptor|Staraptor, L50, M|100/100
|-ability|p1b: Staraptor|Intimidate|boost
|-unboost|p2a: Gengar|atk|1
|-unboost|p2b: Vivillon|atk|1
|turn|2
|
|t:|1785893947
|detailschange|p1b: Staraptor|Staraptor-Mega, L50, M
|-mega|p1b: Staraptor|Staraptor|Staraptite
|move|p2b: Vivillon|Protect|p2b: Vivillon
|-singleturn|p2b: Vivillon|Protect
|move|p1b: Staraptor|Close Combat|p2b: Vivillon
|-activate|p2b: Vivillon|move: Protect
|cant|p1a: Glimmora|slp
|move|p2a: Gengar|Perish Song|p2a: Gengar
|-start|p1a: Glimmora|perish3|[silent]
|-start|p1b: Staraptor|perish3|[silent]
|-start|p2a: Gengar|perish3|[silent]
|-start|p2b: Vivillon|perish3|[silent]
|-fieldactivate|move: Perish Song
|
|-start|p1b: Staraptor|perish3
|-start|p1a: Glimmora|perish3
|-start|p2a: Gengar|perish3
|-start|p2b: Vivillon|perish3
|upkeep
|turn|3
|inactive|ChebyshevSG has 30 seconds left.
|
|t:|1785893975
|switch|p2b: Archaludon|Archaludon, L50, M|100/100
|move|p1b: Staraptor|Close Combat|p2b: Archaludon
|-supereffective|p2b: Archaludon|1
|-damage|p2b: Archaludon|28/100
|-boost|p1b: Staraptor|def|1
|-boost|p1b: Staraptor|spd|1
|-ability|p2b: Archaludon|Stamina|boost
|-boost|p2b: Archaludon|def|1
|-curestatus|p1a: Glimmora|slp|[msg]
|move|p1a: Glimmora|Earth Power|p2a: Gengar
|-supereffective|p2a: Gengar|1
|-damage|p2a: Gengar|39/100
|move|p2a: Gengar|Shadow Ball|p1b: Staraptor
|-damage|p1b: Staraptor|68/100
|
|-heal|p2b: Archaludon|35/100|[from] item: Leftovers
|-start|p1b: Staraptor|perish2
|-start|p1a: Glimmora|perish2
|-start|p2a: Gengar|perish2
|upkeep
|turn|4
|
|t:|1785894000
|move|p2a: Gengar|Protect|p2a: Gengar
|-singleturn|p2a: Gengar|Protect
|move|p2b: Archaludon|Protect|p2b: Archaludon
|-singleturn|p2b: Archaludon|Protect
|move|p1b: Staraptor|Close Combat|p2b: Archaludon
|-activate|p2b: Archaludon|move: Protect
|move|p1a: Glimmora|Earth Power|p2a: Gengar
|-activate|p2a: Gengar|move: Protect
|
|-heal|p2b: Archaludon|41/100|[from] item: Leftovers
|-start|p1b: Staraptor|perish1
|-start|p1a: Glimmora|perish1
|-start|p2a: Gengar|perish1
|-sideend|p1: jeanryupr|move: Tailwind
|upkeep
|turn|5
|
|t:|1785894011
|switch|p2a: Politoed|Politoed, L50, F|100/100
|-weather|RainDance|[from] ability: Drizzle|[of] p2a: Politoed
|switch|p2b: Vivillon|Vivillon, L50, M|1/100
|move|p1b: Staraptor|Close Combat|p2b: Vivillon
|-resisted|p2b: Vivillon|2
|-damage|p2b: Vivillon|0 fnt
|-boost|p1b: Staraptor|def|1
|-boost|p1b: Staraptor|spd|1
|faint|p2b: Vivillon
|move|p1a: Glimmora|Power Gem|p2a: Politoed
|-damage|p2a: Politoed|61/100
|
|-weather|RainDance|[upkeep]
|-start|p1b: Staraptor|perish0
|-start|p1a: Glimmora|perish0
|upkeep
|faint|p1b: Staraptor
|faint|p1a: Glimmora
|
|t:|1785894022
|switch|p1b: Kingambit|Kingambit, L50, M|100/100
|switch|p2b: Gengar|Gengar-Mega, L50, F|39/100
|turn|6
|
|t:|1785894030
|move|p2b: Gengar|Perish Song|p2b: Gengar
|-start|p1b: Kingambit|perish3|[silent]
|-start|p2a: Politoed|perish3|[silent]
|-start|p2b: Gengar|perish3|[silent]
|-fieldactivate|move: Perish Song
|move|p2a: Politoed|Hypnosis|p1b: Kingambit
|-status|p1b: Kingambit|slp|[from] move: Hypnosis
|cant|p1b: Kingambit|slp
|
|-weather|RainDance|[upkeep]
|-start|p2b: Gengar|perish3
|-start|p2a: Politoed|perish3
|-start|p1b: Kingambit|perish3
|upkeep
|turn|7
|-message|jeanryupr forfeited.
|
|win|ChebyshevSG
