|j|☆M0ckingEJ
|j|☆wade connects
|html|M0ckingEJwade connects    
|uhtml|bestof|Game 2 of a best-of-3
|t:|1756783251
|gametype|doubles
|player|p1|M0ckingEJ|n|1186
|player|p2|wade connects|1|1110
|gen|9
|tier|[Gen 9] VGC 2025 Reg H (Bo3)
|rated|
|rule|Species Clause: Limit one of each Pokémon
|rule|Item Clause: Limit 1 of each item
|clearpoke
|poke|p1|Pelipper, L50, F|
|poke|p1|Overqwil, L50, M|
|poke|p1|Archaludon, L50, M|
|poke|p1|Gastrodon-East, L50, M|
|poke|p1|Sinistcha, L50|
|poke|p1|Ursaluna, L50, F|
|poke|p2|Malamar, L50, M|
|poke|p2|Indeedee-F, L50, F|
|poke|p2|Hatterene, L50, F|
|poke|p2|Torkoal, L50, M|
|poke|p2|Ursaluna, L50, F|
|poke|p2|Lilligant-Hisui, L50, F|
|teampreview|4
|showteam|p1|Pelipper||CovertCloak|Drizzle|Hurricane,WeatherBall,Tailwind,Protect|||F|||50|,,,,,Stellar]Overqwil||LifeOrb|SwiftSwim|ThroatChop,Liquidation,GunkShot,Haze|||M|||50|,,,,,Water]Archaludon||AssaultVest|Stamina|DracoMeteor,ElectroShot,FlashCannon,BodyPress|||M|||50|,,,,,Bug]Gastrodon-East||Leftovers|StormDrain|Protect,EarthPower,MuddyWater,HelpingHand|||M|||50|,,,,,Fire]Sinistcha||SitrusBerry|Hospitality|MatchaGotcha,ShadowBall,LifeDew,Protect||||||50|,,,,,Fire]Ursaluna||FlameOrb|Guts|Earthquake,Facade,Protect,HeadlongRush|||F|||50|,,,,,Poison
|showteam|p2|Malamar||SafetyGoggles|Contrary|Protect,TrickRoom,Superpower,KnockOff|||M|||50|,,,,,Water]Indeedee-F||PsychicSeed|PsychicSurge|Protect,HelpingHand,FollowMe,TrickRoom|||F|||50|,,,,,Grass]Hatterene||LifeOrb|MagicBounce|Protect,TrickRoom,ExpandingForce,DazzlingGleam|||F|||50|,,,,,Water]Torkoal||Charcoal|Drought|Protect,Overheat,Eruption,HeatWave|||M|||50|,,,,,Fire]Ursaluna||FlameOrb|Guts|Protect,Facade,HeadlongRush,SwordsDance|||F|||50|,,,,,Ghost]Lilligant-Hisui||FocusSash|Chlorophyll|AfterYou,SleepPowder,LeafBlade,CloseCombat|||F|||50|,,,,,Ghost
|inactive|Battle timer is ON: inactive players will automatically lose when time's up. (requested by wade connects)
|
|t:|1756783299
|teamsize|p1|4
|teamsize|p2|4
|start
|switch|p1a: Ursaluna|Ursaluna, L50, F, shiny|100/100
|switch|p1b: Gastrodon|Gastrodon-East, L50, M, shiny|100/100
|switch|p2a: Indeedee|Indeedee-F, L50, F, shiny|100/100
|switch|p2b: Malamar|Malamar, L50, M, shiny|100/100
|-fieldstart|move: Psychic Terrain|[from] ability: Psychic Surge|[of] p2a: Indeedee
|-enditem|p2a: Indeedee|Psychic Seed
|-boost|p2a: Indeedee|spd|1|[from] item: Psychic Seed
|turn|1
|inactive|M0ckingEJ has 30 seconds left.
|
|t:|1756783331
|switch|p1a: Pelipper|Pelipper, L50, F, shiny|100/100
|-weather|RainDance|[from] ability: Drizzle|[of] p1a: Pelipper
|move|p2a: Indeedee|Follow Me|p2a: Indeedee
|-singleturn|p2a: Indeedee|move: Follow Me
|move|p1b: Gastrodon|Muddy Water|p2b: Malamar|[spread] p2a,p2b
|-damage|p2a: Indeedee|80/100
|-damage|p2b: Malamar|64/100
|-boost|p2b: Malamar|accuracy|1
|move|p2b: Malamar|Trick Room|p2b: Malamar
|-fieldstart|move: Trick Room|[of] p2b: Malamar
|
|-weather|RainDance|[upkeep]
|upkeep
|turn|2
|inactive|M0ckingEJ has 30 seconds left.
|
|t:|1756783364
|move|p1b: Gastrodon|Protect|p1b: Gastrodon
|-singleturn|p1b: Gastrodon|Protect
|move|p2a: Indeedee|Follow Me|p2a: Indeedee
|-singleturn|p2a: Indeedee|move: Follow Me
|move|p2b: Malamar|Superpower|p1a: Pelipper
|-resisted|p1a: Pelipper
|-damage|p1a: Pelipper|82/100
|-boost|p2b: Malamar|atk|1
|-boost|p2b: Malamar|def|1
|move|p1a: Pelipper|Hurricane|p2a: Indeedee
|-damage|p2a: Indeedee|51/100
|
|-weather|RainDance|[upkeep]
|upkeep
|turn|3
|
|t:|1756783389
|-terastallize|p1b: Gastrodon|Fire
|move|p2a: Indeedee|Follow Me|p2a: Indeedee
|-singleturn|p2a: Indeedee|move: Follow Me
|move|p2b: Malamar|Superpower|p1b: Gastrodon
|-damage|p1b: Gastrodon|58/100
|-boost|p2b: Malamar|atk|1
|-boost|p2b: Malamar|def|1
|move|p1b: Gastrodon|Muddy Water|p2a: Indeedee|[spread] p2a,p2b
|-damage|p2a: Indeedee|29/100
|-damage|p2b: Malamar|25/100
|move|p1a: Pelipper|Weather Ball|p2a: Indeedee
|-damage|p2a: Indeedee|0 fnt
|faint|p2a: Indeedee
|
|-weather|RainDance|[upkeep]
|-heal|p1b: Gastrodon|64/100|[from] item: Leftovers
|upkeep
|
|t:|1756783405
|switch|p2a: Hatterene|Hatterene, L50, F|100/100
|turn|4
|
|t:|1756783426
|switch|p1a: Overqwil|Overqwil, L50, M, shiny|100/100
|move|p1b: Gastrodon|Protect|p1b: Gastrodon
|-singleturn|p1b: Gastrodon|Protect
|move|p2a: Hatterene|Expanding Force|p1b: Gastrodon|[spread] 
|-activate|p1b: Gastrodon|move: Protect
|-immune|p1a: Overqwil
|move|p2b: Malamar|Superpower|p1a: Overqwil
|-damage|p1a: Overqwil|27/100
|-boost|p2b: Malamar|atk|1
|-boost|p2b: Malamar|def|1
|
|-weather|RainDance|[upkeep]
|-heal|p1b: Gastrodon|71/100|[from] item: Leftovers
|upkeep
|turn|5
|inactive|M0ckingEJ has 30 seconds left.
|
|t:|1756783461
|switch|p1b: Ursaluna|Ursaluna, L50, F, shiny|100/100
|move|p2a: Hatterene|Expanding Force|p1b: Ursaluna|[spread] p1b
|-immune|p1a: Overqwil
|-damage|p1b: Ursaluna|12/100
|-damage|p2a: Hatterene|91/100|[from] item: Life Orb
|move|p2b: Malamar|Superpower|p1a: Overqwil
|-damage|p1a: Overqwil|0 fnt
|-boost|p2b: Malamar|atk|1
|-boost|p2b: Malamar|def|1
|faint|p1a: Overqwil
|
|-weather|none
|-fieldend|move: Trick Room
|-fieldend|move: Psychic Terrain
|-status|p1b: Ursaluna|brn|[from] item: Flame Orb
|upkeep
|
|t:|1756783477
|switch|p1a: Pelipper|Pelipper, L50, F, shiny|82/100
|-weather|RainDance|[from] ability: Drizzle|[of] p1a: Pelipper
|turn|6
|
|t:|1756783499
|switch|p2a: Torkoal|Torkoal, L50, M|100/100
|-weather|SunnyDay|[from] ability: Drought|[of] p2a: Torkoal
|move|p1a: Pelipper|Hurricane|p2a: Torkoal
|-damage|p2a: Torkoal|39/100
|-start|p2a: Torkoal|confusion
|move|p1b: Ursaluna|Earthquake|p2a: Torkoal|[spread] p2a,p2b
|-immune|p1a: Pelipper
|-supereffective|p2a: Torkoal
|-crit|p2a: Torkoal
|-damage|p2a: Torkoal|0 fnt
|-damage|p2b: Malamar|4/100
|faint|p2a: Torkoal
|move|p2b: Malamar|Superpower|p1b: Ursaluna
|-supereffective|p1b: Ursaluna
|-damage|p1b: Ursaluna|0 fnt
|-boost|p2b: Malamar|atk|1
|-boost|p2b: Malamar|def|1
|faint|p1b: Ursaluna
|
|-weather|SunnyDay|[upkeep]
|upkeep
|
|t:|1756783518
|switch|p1b: Gastrodon|Gastrodon-East, L50, M, shiny, tera:Fire|71/100
|switch|p2a: Hatterene|Hatterene, L50, F|91/100
|turn|7
|
|t:|1756783532
|-terastallize|p2a: Hatterene|Water
|move|p2b: Malamar|Protect|p2b: Malamar
|-singleturn|p2b: Malamar|Protect
|move|p1a: Pelipper|Weather Ball|p2a: Hatterene
|-resisted|p2a: Hatterene
|-crit|p2a: Hatterene
|-damage|p2a: Hatterene|59/100
|move|p1b: Gastrodon|Earth Power|p2b: Malamar
|-activate|p2b: Malamar|move: Protect
|move|p2a: Hatterene|Trick Room|p2a: Hatterene
|-fieldstart|move: Trick Room|[of] p2a: Hatterene
|
|-weather|SunnyDay|[upkeep]
|-heal|p1b: Gastrodon|77/100|[from] item: Leftovers
|upkeep
|turn|8
|
|t:|1756783552
|move|p1a: Pelipper|Protect|p1a: Pelipper
|-singleturn|p1a: Pelipper|Protect
|move|p2a: Hatterene|Expanding Force|p1a: Pelipper
|-activate|p1a: Pelipper|move: Protect
|move|p2b: Malamar|Knock Off|p1b: Gastrodon
|-damage|p1b: Gastrodon|0 fnt
|-enditem|p1b: Gastrodon|Leftovers|[from] move: Knock Off|[of] p2b: Malamar
|faint|p1b: Gastrodon
|
|-weather|SunnyDay|[upkeep]
|upkeep
|turn|9
|c|☆M0ckingEJ|50/50 damn
|
|t:|1756783566
|move|p2a: Hatterene|Expanding Force|p1a: Pelipper
|-damage|p1a: Pelipper|0 fnt
|faint|p1a: Pelipper
|-damage|p2a: Hatterene|49/100|[from] item: Life Orb
|
|win|wade connects
||M0ckingEJ is ready for game 3.
||wade connects is ready for game 3.
|uhtml|next|Next: Game 3 of 3
|l|☆wade connects
|player|p2|
