|j|☆jxnh
|j|☆magyomi
|html|jxnhmagyomi    
|uhtml|bestof|Game 2 of a best-of-3
|t:|1756809868
|gametype|doubles
|player|p1|jxnh|265|1144
|player|p2|magyomi|266|1146
|gen|9
|tier|[Gen 9] VGC 2025 Reg H (Bo3)
|rated|
|rule|Species Clause: Limit one of each Pokémon
|rule|Item Clause: Limit 1 of each item
|clearpoke
|poke|p1|Corviknight, L50, M|
|poke|p1|Sneasler, L50, M|
|poke|p1|Garchomp, L50, F|
|poke|p1|Incineroar, L50, M|
|poke|p1|Araquanid, L50, M|
|poke|p1|Ursaluna-Bloodmoon, L50, M|
|poke|p2|Delphox, L50, F|
|poke|p2|Meowstic, L50, M|
|poke|p2|Malamar, L50, F|
|poke|p2|Indeedee-F, L50, F|
|poke|p2|Hatterene, L50, F|
|poke|p2|Braviary-Hisui, L50, M|
|teampreview|4
|showteam|p1|Corviknight||Leftovers|MirrorArmor|DualWingbeat,BodyPress,IronDefense,Protect|||M|||50|,,,,,Fire]Sneasler||FocusSash|Unburden|DireClaw,CloseCombat,Coaching,Protect|||M|||50|,,,,,Ghost]Garchomp||LoadedDice|RoughSkin|StompingTantrum,Earthquake,ScaleShot,Protect|||F|||50|,,,,,Steel]Incineroar||SitrusBerry|Intimidate|FakeOut,KnockOff,PartingShot,FlareBlitz|||M|||50|,,,,,Ghost]Araquanid||RoomService|WaterBubble|Liquidation,LeechLife,WideGuard,Protect|||M|||50|,,,,,Grass]Ursaluna-Bloodmoon||AssaultVest|MindsEye|HyperVoice,EarthPower,BloodMoon,VacuumWave|||M|||50|,,,,,Normal
|showteam|p2|Delphox||FocusSash|Blaze|HeatWave,ExpandingForce,FireBlast,Protect|||F|||50|,,,,,Fire]Meowstic||RockyHelmet|Prankster|ExpandingForce,SunnyDay,FakeTears,Tickle|||M|||50|,,,,,Psychic]Malamar||Leftovers|Contrary|Superpower,KnockOff,PsychoCut,Protect|||F|||50|,,,,,Fighting]Indeedee-F||SafetyGoggles|PsychicSurge|Psychic,FollowMe,HelpingHand,TrickRoom|||F|||50|,,,,,Fairy]Hatterene||PsychicSeed|MagicBounce|DazzlingGleam,ExpandingForce,MysticalFire,TrickRoom|||F|||50|,,,,,Fire]Braviary-Hisui||CovertCloak|TintedLens|EsperWing,ExpandingForce,Snarl,Tailwind|||M|||50|,,,,,Psychic
|inactive|Battle timer is ON: inactive players will automatically lose when time's up. (requested by magyomi)
|
|t:|1756809900
|teamsize|p1|4
|teamsize|p2|4
|start
|switch|p1a: Garchomp|Garchomp, L50, F|100/100
|switch|p1b: Sneasler|Sneasler, L50, M|100/100
|switch|p2a: Malamar|Malamar, L50, F|100/100
|switch|p2b: Meowstic|Meowstic, L50, M|100/100
|turn|1
|
|t:|1756809922
|-terastallize|p2a: Malamar|Fighting
|move|p2b: Meowstic|Tickle|p2a: Malamar
|-boost|p2a: Malamar|atk|1
|-boost|p2a: Malamar|def|1
|move|p1b: Sneasler|Coaching|p1a: Garchomp
|-boost|p1a: Garchomp|atk|1
|-boost|p1a: Garchomp|def|1
|move|p1a: Garchomp|Scale Shot|p2a: Malamar
|-damage|p2a: Malamar|86/100
|-damage|p2a: Malamar|71/100
|-damage|p2a: Malamar|57/100
|-damage|p2a: Malamar|44/100
|-damage|p2a: Malamar|30/100
|-hitcount|p2a: Malamar|5
|-unboost|p1a: Garchomp|def|1
|-boost|p1a: Garchomp|spe|1
|move|p2a: Malamar|Superpower|p1a: Garchomp
|-damage|p1a: Garchomp|29/100
|-boost|p2a: Malamar|atk|1
|-boost|p2a: Malamar|def|1
|-damage|p2a: Malamar|18/100|[from] ability: Rough Skin|[of] p1a: Garchomp
|
|-heal|p2a: Malamar|24/100|[from] item: Leftovers
|upkeep
|turn|2
|inactive|jxnh has 30 seconds left.
|inactive|magyomi has 30 seconds left.
|
|t:|1756809951
|move|p2a: Malamar|Protect|p2a: Malamar
|-singleturn|p2a: Malamar|Protect
|move|p1a: Garchomp|Scale Shot|p2a: Malamar
|-activate|p2a: Malamar|move: Protect
|move|p1b: Sneasler|Dire Claw|p2b: Meowstic
|-damage|p2b: Meowstic|64/100
|-status|p2b: Meowstic|par
|-damage|p1b: Sneasler|84/100|[from] item: Rocky Helmet|[of] p2b: Meowstic
|move|p2b: Meowstic|Expanding Force|p1a: Garchomp
|-damage|p1a: Garchomp|3/100
|
|-heal|p2a: Malamar|30/100|[from] item: Leftovers
|upkeep
|turn|3
|
|t:|1756809976
|switch|p2a: Indeedee|Indeedee-F, L50, F|100/100
|-fieldstart|move: Psychic Terrain|[from] ability: Psychic Surge|[of] p2a: Indeedee
|move|p1a: Garchomp|Protect|p1a: Garchomp
|-singleturn|p1a: Garchomp|Protect
|move|p1b: Sneasler|Coaching|p1a: Garchomp
|-boost|p1a: Garchomp|atk|1
|-boost|p1a: Garchomp|def|1
|move|p2b: Meowstic|Expanding Force|p1a: Garchomp|[spread] p1b
|-activate|p1a: Garchomp|move: Protect
|-supereffective|p1b: Sneasler
|-damage|p1b: Sneasler|0 fnt
|faint|p1b: Sneasler
|
|upkeep
|
|t:|1756809990
|switch|p1b: Araquanid|Araquanid, L50, M|100/100
|turn|4
|
|t:|1756810007
|move|p1b: Araquanid|Wide Guard|p1b: Araquanid
|-singleturn|p1b: Araquanid|Wide Guard
|move|p1a: Garchomp|Earthquake|p2a: Indeedee|[spread] p2a,p2b
|-activate|p1b: Araquanid|move: Wide Guard
|-damage|p2a: Indeedee|26/100
|-damage|p2b: Meowstic|0 fnt
|faint|p2b: Meowstic
|move|p2a: Indeedee|Psychic|p1a: Garchomp
|-damage|p1a: Garchomp|0 fnt
|faint|p1a: Garchomp
|
|upkeep
|
|t:|1756810022
|switch|p1a: Ursaluna|Ursaluna-Bloodmoon, L50, M|100/100
|switch|p2b: Delphox|Delphox, L50, F|100/100
|turn|5
|
|t:|1756810043
|-terastallize|p1a: Ursaluna|Normal
|move|p2b: Delphox|Protect|p2b: Delphox
|-singleturn|p2b: Delphox|Protect
|move|p2a: Indeedee|Psychic|p1b: Araquanid
|-damage|p1b: Araquanid|65/100
|move|p1a: Ursaluna|Hyper Voice|p2b: Delphox|[spread] p2a
|-activate|p2b: Delphox|move: Protect
|-damage|p2a: Indeedee|0 fnt
|faint|p2a: Indeedee
|move|p1b: Araquanid|Liquidation|p2b: Delphox
|-activate|p2b: Delphox|move: Protect
|
|upkeep
|
|t:|1756810058
|switch|p2a: Malamar|Malamar, L50, F, tera:Fighting|30/100
|turn|6
|
|t:|1756810078
|move|p1b: Araquanid|Wide Guard|p1b: Araquanid
|-singleturn|p1b: Araquanid|Wide Guard
|move|p2b: Delphox|Fire Blast|p1a: Ursaluna|[miss]
|-miss|p2b: Delphox|p1a: Ursaluna
|move|p2a: Malamar|Superpower|p1a: Ursaluna
|-supereffective|p1a: Ursaluna
|-damage|p1a: Ursaluna|37/100
|-boost|p2a: Malamar|atk|1
|-boost|p2a: Malamar|def|1
|move|p1a: Ursaluna|Hyper Voice|p2a: Malamar|[spread] p2a,p2b
|-damage|p2a: Malamar|0 fnt
|-damage|p2b: Delphox|31/100
|faint|p2a: Malamar
|
|upkeep
|turn|7
|inactive|magyomi has 30 seconds left.
|
|t:|1756810105
|move|p1a: Ursaluna|Vacuum Wave|p2b: Delphox
|-activate|p2b: Delphox|move: Psychic Terrain
|move|p2b: Delphox|Expanding Force|p1a: Ursaluna|[spread] p1a,p1b
|-damage|p1a: Ursaluna|0 fnt
|-damage|p1b: Araquanid|20/100
|faint|p1a: Ursaluna
|move|p1b: Araquanid|Liquidation|p2b: Delphox
|-supereffective|p2b: Delphox
|-damage|p2b: Delphox|0 fnt
|faint|p2b: Delphox
|
|win|jxnh
|inactive|jxnh has 30 seconds to confirm battle start!
|inactive|magyomi has 30 seconds to confirm battle start!
||magyomi is ready for game 3.
||jxnh is ready for game 3.
|uhtml|next|Next: Game 3 of 3
|l|☆magyomi
|player|p2|
