|j|☆MR. HEROW
|j|☆Needels
|html|MR. HEROWNeedels    
|uhtml|bestof|Game 1 of a best-of-3
|t:|1756498801
|gametype|doubles
|player|p1|MR. HEROW|266|1000
|player|p2|Needels|eusine|1089
|gen|9
|tier|[Gen 9] VGC 2025 Reg H (Bo3)
|rated|
|rule|Species Clause: Limit one of each Pokémon
|rule|Item Clause: Limit 1 of each item
|clearpoke
|poke|p1|Indeedee-F, L50, F|
|poke|p1|Blastoise, L50, F|
|poke|p1|Garchomp, L50, F|
|poke|p1|Politoed, L50, F|
|poke|p1|Clefairy, L50, F|
|poke|p1|Dragapult, L50, M|
|poke|p2|Charizard, L50, M|
|poke|p2|Torkoal, L50, F|
|poke|p2|Porygon2, L50|
|poke|p2|Incineroar, L50, M|
|poke|p2|Jumpluff, L50, F|
|poke|p2|Ursaluna, L50, M|
|teampreview|4
|showteam|p1|Indeedee-F||MentalHerb|PsychicSurge|Psychic,FollowMe,Protect,HelpingHand|||F|||50|,,,,,Grass]Blastoise||WhiteHerb|RainDish|WaterSpout,Surf,Protect,ShellSmash|||F|||50|,,,,,Grass]Garchomp||ChoiceScarf|RoughSkin|DragonClaw,Earthquake,StompingTantrum,RockSlide|||F|||50|,,,,,Fire]Politoed||DampRock|Drizzle|PerishSong,Protect,IcyWind,WeatherBall|||F|||50|,,,,,Flying]Clefairy||Eviolite|FriendGuard|FollowMe,Protect,AfterYou,HealPulse|||F|||50|,,,,,Steel]Dragapult||ChoiceBand|Infiltrator|DragonDarts,Uturn,DragonClaw,PhantomForce|||M|||50|,,,,,Dragon
|showteam|p2|Charizard||ChoiceSpecs|SolarPower|HeatWave,Overheat,WeatherBall,DragonPulse|||M|||50|,,,,,Ghost]Torkoal||EjectPack|Drought|Eruption,Overheat,HelpingHand,Protect|||F|||50|,,,,,Fire]Porygon2||Eviolite|Download|TeraBlast,IceBeam,Recover,TrickRoom||||||50|,,,,,Fighting]Incineroar||SitrusBerry|Intimidate|FlareBlitz,KnockOff,FakeOut,PartingShot|||M|||50|,,,,,Ghost]Jumpluff||CovertCloak|Chlorophyll|SleepPowder,SunnyDay,RagePowder,Tailwind|||F|||50|,,,,,Water]Ursaluna||FlameOrb|Guts|HeadlongRush,Facade,Earthquake,Protect|||M|||50|,,,,,Ghost
|inactive|Battle timer is ON: inactive players will automatically lose when time's up. (requested by MR. HEROW)
|
|t:|1756498872
|teamsize|p1|4
|teamsize|p2|4
|start
|switch|p1a: Indeedee|Indeedee-F, L50, F|100/100
|switch|p1b: Blastoise|Blastoise, L50, F|100/100
|switch|p2a: Jumpluff|Jumpluff, L50, F, shiny|100/100
|switch|p2b: Torkoal|Torkoal, L50, F|100/100
|-fieldstart|move: Psychic Terrain|[from] ability: Psychic Surge|[of] p1a: Indeedee
|-weather|SunnyDay|[from] ability: Drought|[of] p2b: Torkoal
|turn|1
|
|t:|1756498897
|-terastallize|p1a: Indeedee|Grass
|move|p2b: Torkoal|Protect|p2b: Torkoal
|-singleturn|p2b: Torkoal|Protect
|move|p1a: Indeedee|Follow Me|p1a: Indeedee
|-singleturn|p1a: Indeedee|move: Follow Me
|move|p2a: Jumpluff|Tailwind|p2a: Jumpluff
|-sidestart|p2: Needels|move: Tailwind
|move|p1b: Blastoise|Water Spout|p2a: Jumpluff|[spread] p2a
|-activate|p2b: Torkoal|move: Protect
|-resisted|p2a: Jumpluff
|-damage|p2a: Jumpluff|89/100
|
|-weather|SunnyDay|[upkeep]
|upkeep
|turn|2
|inactive|Needels has 30 seconds left.
|inactive|Needels has 20 seconds left.
|
|t:|1756498935
|move|p1a: Indeedee|Follow Me|p1a: Indeedee
|-singleturn|p1a: Indeedee|move: Follow Me
|move|p2a: Jumpluff|Sunny Day||[still]
|-fail|p2a: Jumpluff
|move|p1b: Blastoise|Water Spout|p2a: Jumpluff|[spread] p2a,p2b
|-resisted|p2a: Jumpluff
|-supereffective|p2b: Torkoal
|-damage|p2a: Jumpluff|78/100
|-damage|p2b: Torkoal|33/100
|move|p2b: Torkoal|Overheat|p1a: Indeedee
|-supereffective|p1a: Indeedee
|-damage|p1a: Indeedee|0 fnt
|-unboost|p2b: Torkoal|spa|2
|faint|p1a: Indeedee
|-enditem|p2b: Torkoal|Eject Pack
|
|t:|1756498950
|switch|p2b: Ursaluna|Ursaluna, L50, M|100/100
|
|-weather|SunnyDay|[upkeep]
|-status|p2b: Ursaluna|brn|[from] item: Flame Orb
|upkeep
|
|t:|1756498965
|switch|p1a: Clefairy|Clefairy, L50, F|100/100
|turn|3
|
|t:|1756498990
|-terastallize|p2b: Ursaluna|Ghost
|move|p1b: Blastoise|Protect|p1b: Blastoise
|-singleturn|p1b: Blastoise|Protect
|move|p1a: Clefairy|Protect|p1a: Clefairy
|-singleturn|p1a: Clefairy|Protect
|move|p2a: Jumpluff|Sleep Powder|p1a: Clefairy
|-activate|p1a: Clefairy|move: Protect
|move|p2b: Ursaluna|Earthquake|p1a: Clefairy|[spread] 
|-activate|p1a: Clefairy|move: Protect
|-activate|p1b: Blastoise|move: Protect
|-immune|p2a: Jumpluff
|
|-weather|SunnyDay|[upkeep]
|-damage|p2b: Ursaluna|95/100 brn|[from] brn
|upkeep
|turn|4
|inactive|MR. HEROW has 30 seconds left.
|
|t:|1756499015
|move|p1a: Clefairy|Follow Me|p1a: Clefairy
|-singleturn|p1a: Clefairy|move: Follow Me
|move|p2a: Jumpluff|Sleep Powder|p1a: Clefairy
|-status|p1a: Clefairy|slp|[from] move: Sleep Powder
|move|p2b: Ursaluna|Earthquake|p1b: Blastoise|[spread] p1a,p1b
|-immune|p2a: Jumpluff
|-damage|p1a: Clefairy|45/100 slp
|-damage|p1b: Blastoise|54/100
|move|p1b: Blastoise|Shell Smash|p1b: Blastoise
|-unboost|p1b: Blastoise|def|1
|-unboost|p1b: Blastoise|spd|1
|-boost|p1b: Blastoise|atk|2
|-boost|p1b: Blastoise|spa|2
|-boost|p1b: Blastoise|spe|2
|-enditem|p1b: Blastoise|White Herb
|-clearnegativeboost|p1b: Blastoise|[silent]
|
|-weather|SunnyDay|[upkeep]
|-damage|p2b: Ursaluna|89/100 brn|[from] brn
|-sideend|p2: Needels|move: Tailwind
|upkeep
|turn|5
|
|t:|1756499031
|move|p1b: Blastoise|Protect|p1b: Blastoise
|-singleturn|p1b: Blastoise|Protect
|cant|p1a: Clefairy|slp
|move|p2a: Jumpluff|Sleep Powder|p1b: Blastoise
|-activate|p1b: Blastoise|move: Protect
|move|p2b: Ursaluna|Facade|p1b: Blastoise
|-activate|p1b: Blastoise|move: Protect
|
|-weather|none
|-damage|p2b: Ursaluna|83/100 brn|[from] brn
|-fieldend|move: Psychic Terrain
|upkeep
|turn|6
|
|t:|1756499049
|switch|p2b: Torkoal|Torkoal, L50, F|33/100
|-weather|SunnyDay|[from] ability: Drought|[of] p2b: Torkoal
|-curestatus|p1a: Clefairy|slp|[msg]
|move|p1a: Clefairy|Follow Me|p1a: Clefairy
|-singleturn|p1a: Clefairy|move: Follow Me
|move|p2a: Jumpluff|Sleep Powder|p1a: Clefairy
|-status|p1a: Clefairy|slp|[from] move: Sleep Powder
|move|p1b: Blastoise|Water Spout|p2a: Jumpluff|[spread] p2a,p2b
|-resisted|p2a: Jumpluff
|-supereffective|p2b: Torkoal
|-damage|p2a: Jumpluff|66/100
|-damage|p2b: Torkoal|0 fnt
|faint|p2b: Torkoal
|
|-weather|SunnyDay|[upkeep]
|upkeep
|
|t:|1756499062
|switch|p2b: Ursaluna|Ursaluna, L50, M, tera:Ghost|83/100 brn
|turn|7
|
|t:|1756499093
|cant|p1a: Clefairy|slp
|move|p2a: Jumpluff|Tailwind|p2a: Jumpluff
|-sidestart|p2: Needels|move: Tailwind
|move|p1b: Blastoise|Water Spout|p2a: Jumpluff|[spread] p2a,p2b
|-resisted|p2a: Jumpluff
|-damage|p2a: Jumpluff|54/100
|-damage|p2b: Ursaluna|59/100 brn
|move|p2b: Ursaluna|Facade|p1b: Blastoise
|-damage|p1b: Blastoise|0 fnt
|faint|p1b: Blastoise
|
|-weather|SunnyDay|[upkeep]
|-damage|p2b: Ursaluna|53/100 brn|[from] brn
|upkeep
|
|t:|1756499101
|switch|p1b: Dragapult|Dragapult, L50, M|100/100
|turn|8
|
|t:|1756499122
|move|p2b: Ursaluna|Protect|p2b: Ursaluna
|-singleturn|p2b: Ursaluna|Protect
|cant|p1a: Clefairy|slp
|move|p2a: Jumpluff|Sleep Powder|p1b: Dragapult|[miss]
|-miss|p2a: Jumpluff|p1b: Dragapult
|move|p1b: Dragapult|Dragon Darts|p2a: Jumpluff
|-damage|p2a: Jumpluff|10/100
|-anim|p1b: Dragapult|Dragon Darts|p2a: Jumpluff
|-damage|p2a: Jumpluff|0 fnt
|faint|p2a: Jumpluff
|
|-weather|SunnyDay|[upkeep]
|-damage|p2b: Ursaluna|47/100 brn|[from] brn
|upkeep
|
|t:|1756499129
|switch|p2a: Porygon2|Porygon2, L50, shiny|100/100
|-ability|p2a: Porygon2|Download|boost
|-boost|p2a: Porygon2|atk|1
|turn|9
|
|t:|1756499143
|-curestatus|p1a: Clefairy|slp|[msg]
|move|p1a: Clefairy|Follow Me|p1a: Clefairy
|-singleturn|p1a: Clefairy|move: Follow Me
|move|p1b: Dragapult|Dragon Darts|p2a: Porygon2
|-damage|p2a: Porygon2|75/100
|-anim|p1b: Dragapult|Dragon Darts|p2b: Ursaluna
|-damage|p2b: Ursaluna|20/100 brn
|move|p2b: Ursaluna|Headlong Rush|p1a: Clefairy
|-damage|p1a: Clefairy|0 fnt
|-unboost|p2b: Ursaluna|def|1
|-unboost|p2b: Ursaluna|spd|1
|faint|p1a: Clefairy
|move|p2a: Porygon2|Ice Beam|p1b: Dragapult
|-supereffective|p1b: Dragapult
|-damage|p1b: Dragapult|26/100
|
|-weather|SunnyDay|[upkeep]
|-damage|p2b: Ursaluna|14/100 brn|[from] brn
|upkeep
|turn|10
|
|t:|1756499161
|move|p2b: Ursaluna|Protect|p2b: Ursaluna
|-singleturn|p2b: Ursaluna|Protect
|move|p1b: Dragapult|Dragon Darts|p2a: Porygon2
|-damage|p2a: Porygon2|49/100
|-anim|p1b: Dragapult|Dragon Darts|p2a: Porygon2
|-damage|p2a: Porygon2|22/100
|move|p2a: Porygon2|Ice Beam|p1b: Dragapult
|-supereffective|p1b: Dragapult
|-damage|p1b: Dragapult|0 fnt
|faint|p1b: Dragapult
|
|win|Needels
