|j|☆ToastedArt
|j|☆Elitefreund12
|html|ToastedArtElitefreund12    
|uhtml|bestof|Game 2 of a best-of-3
|t:|1785364295
|gametype|doubles
|player|p1|ToastedArt|iris|1129
|player|p2|Elitefreund12|benga|1179
|gen|9
|tier|[Gen 9 Champions] VGC 2026 Reg M-B (Bo3)
|rated|
|rule|Species Clause: Limit one of each Pokémon
|rule|Item Clause: Limit 1 of each item
|clearpoke
|poke|p1|Falinks, L50, shiny|
|poke|p1|Gholdengo, L50|
|poke|p1|Sinistcha, L50|
|poke|p1|Grimmsnarl, L50, M|
|poke|p1|Incineroar, L50, M|
|poke|p1|Rotom-Wash, L50|
|poke|p2|Farigiraf, L50, F|
|poke|p2|Staraptor, L50, M|
|poke|p2|Mawile, L50, F|
|poke|p2|Kangaskhan, L50, F|
|poke|p2|Kingambit, L50, M|
|poke|p2|Blastoise, L50, M|
|teampreview|4
|showteam|p1|Falinks||Falinksite|Defiant|NoRetreat,CloseCombat,RockSlide,Protect|Adamant|||||50|]Gholdengo||LifeOrb|GoodasGold|MakeItRain,ShadowBall,NastyPlot,Protect|Modest|||||50|]Sinistcha||CobaBerry|Hospitality|MatchaGotcha,RagePowder,TrickRoom,Protect|Relaxed|||||50|]Grimmsnarl||LightClay|Prankster|SpiritBreak,LightScreen,Reflect,PartingShot|Careful||M|||50|]Incineroar||SitrusBerry|Intimidate|FlareBlitz,DarkestLariat,PartingShot,FakeOut|Careful||M|||50|]Rotom-Wash||ChoiceScarf|Levitate|Electroweb,VoltSwitch,HydroPump,WillOWisp|Timid|||||50|
|showteam|p2|Farigiraf||SitrusBerry|ArmorTail|Thunderbolt,Psychic,TrickRoom,HelpingHand|Relaxed||F|||50|]Staraptor||ChoiceScarf|Intimidate|BraveBird,FinalGambit,CloseCombat,Uturn|Jolly||M|||50|]Mawile||Mawilite|HyperCutter|PlayRough,RockSlide,Protect,IronHead|Brave||F|||50|]Kangaskhan||SilkScarf|Scrappy|FakeOut,LastResort|Brave||F|||50|]Kingambit||LifeOrb|Defiant|LowKick,KowtowCleave,Protect,SuckerPunch|Brave||M|||50|]Blastoise||Blastoisinite|Torrent|FakeOut,AuraSphere,DarkPulse,WaterPulse|Quiet||M|||50|
|inactive|Battle timer is ON: inactive players will automatically lose when time's up. (requested by ToastedArt)
|inactive|Elitefreund12 also wants the timer to be on.
|inactive|ToastedArt has 60 seconds left.
|
|t:|1785364331
|teamsize|p1|4
|teamsize|p2|4
|start
|switch|p1a: Gholdengo|Gholdengo, L50|100/100
|switch|p1b: Grimmsnarl|Grimmsnarl, L50, M|100/100
|switch|p2a: Farigiraf|Farigiraf, L50, F|100/100
|switch|p2b: Staraptor|Staraptor, L50, M|100/100
|-ability|p2b: Staraptor|Intimidate|boost
|-unboost|p1a: Gholdengo|atk|1
|-unboost|p1b: Grimmsnarl|atk|1
|turn|1
|
|t:|1785364344
|move|p1b: Grimmsnarl|Light Screen|p1b: Grimmsnarl
|-sidestart|p1: ToastedArt|move: Light Screen
|move|p2b: Staraptor|Final Gambit|p1b: Grimmsnarl
|-damage|p1b: Grimmsnarl|4/100
|faint|p2b: Staraptor
|move|p1a: Gholdengo|Nasty Plot|p1a: Gholdengo
|-boost|p1a: Gholdengo|spa|2
|move|p2a: Farigiraf|Trick Room|p2a: Farigiraf
|-fieldstart|move: Trick Room|[of] p2a: Farigiraf
|
|upkeep
|
|t:|1785364349
|switch|p2b: Blastoise|Blastoise, L50, M|100/100
|turn|2
|
|t:|1785364366
|switch|p1b: Sinistcha|Sinistcha, L50|100/100
|detailschange|p2b: Blastoise|Blastoise-Mega, L50, M
|-mega|p2b: Blastoise|Blastoise|Blastoisinite
|move|p1a: Gholdengo|Protect|p1a: Gholdengo
|-singleturn|p1a: Gholdengo|Protect
|move|p2a: Farigiraf|Psychic|p1b: Sinistcha
|-damage|p1b: Sinistcha|79/100
|move|p2b: Blastoise|Dark Pulse|p1b: Sinistcha
|-supereffective|p1b: Sinistcha|1
|-damage|p1b: Sinistcha|16/100
|
|upkeep
|turn|3
|
|t:|1785364383
|move|p1b: Sinistcha|Rage Powder|p1b: Sinistcha
|-singleturn|p1b: Sinistcha|move: Rage Powder
|move|p2a: Farigiraf|Psychic|p1b: Sinistcha
|-damage|p1b: Sinistcha|0 fnt
|faint|p1b: Sinistcha
|move|p2b: Blastoise|Dark Pulse|p1a: Gholdengo
|-supereffective|p1a: Gholdengo|1
|-damage|p1a: Gholdengo|27/100
|move|p1a: Gholdengo|Make It Rain|p2b: Blastoise|[spread] p2a,p2b
|-resisted|p2b: Blastoise|1
|-damage|p2a: Farigiraf|0 fnt
|-damage|p2b: Blastoise|51/100
|-unboost|p1a: Gholdengo|spa|2
|faint|p2a: Farigiraf
|-damage|p1a: Gholdengo|18/100|[from] item: Life Orb
|
|upkeep
|
|t:|1785364396
|switch|p2a: Kingambit|Kingambit, L50, M|100/100
|switch|p1b: Grimmsnarl|Grimmsnarl, L50, M|4/100
|turn|4
|
|t:|1785364408
|switch|p1a: Falinks|Falinks, L50, shiny|100/100
|move|p1b: Grimmsnarl|Parting Shot|p2b: Blastoise
|-unboost|p2b: Blastoise|atk|1
|-unboost|p2b: Blastoise|spa|1
|
|t:|1785364413
|switch|p1b: Gholdengo|Gholdengo, L50|18/100|[from] Parting Shot
|move|p2a: Kingambit|Kowtow Cleave|p1b: Gholdengo
|-supereffective|p1b: Gholdengo|1
|-damage|p1b: Gholdengo|0 fnt
|faint|p1b: Gholdengo
|-damage|p2a: Kingambit|90/100|[from] item: Life Orb
|move|p2b: Blastoise|Water Pulse|p1a: Falinks
|-damage|p1a: Falinks|68/100
|
|upkeep
|
|t:|1785364423
|switch|p1b: Grimmsnarl|Grimmsnarl, L50, M|4/100
|turn|5
|
|t:|1785364439
|detailschange|p1a: Falinks|Falinks-Mega, L50, shiny
|-mega|p1a: Falinks|Falinks|Falinksite
|move|p1b: Grimmsnarl|Parting Shot|p2b: Blastoise
|-unboost|p2b: Blastoise|atk|1
|-unboost|p2b: Blastoise|spa|1
|move|p2a: Kingambit|Low Kick|p1b: Grimmsnarl
|-damage|p1b: Grimmsnarl|0 fnt
|faint|p1b: Grimmsnarl
|-damage|p2a: Kingambit|80/100|[from] item: Life Orb
|move|p2b: Blastoise|Water Pulse|p1a: Falinks
|-damage|p1a: Falinks|43/100
|move|p1a: Falinks|No Retreat|p1a: Falinks
|-boost|p1a: Falinks|atk|1
|-boost|p1a: Falinks|def|1
|-boost|p1a: Falinks|spa|1
|-boost|p1a: Falinks|spd|1
|-boost|p1a: Falinks|spe|1
|-start|p1a: Falinks|move: No Retreat
|
|-fieldend|move: Trick Room
|upkeep
|turn|6
|
|t:|1785364455
|move|p1a: Falinks|Close Combat|p2b: Blastoise
|-damage|p2b: Blastoise|0 fnt
|-unboost|p1a: Falinks|def|1
|-unboost|p1a: Falinks|spd|1
|faint|p2b: Blastoise
|move|p2a: Kingambit|Low Kick|p1a: Falinks
|-damage|p1a: Falinks|2/100
|-damage|p2a: Kingambit|71/100|[from] item: Life Orb
|
|upkeep
|turn|7
|
|t:|1785364465
|move|p2a: Kingambit|Protect|p2a: Kingambit
|-singleturn|p2a: Kingambit|Protect
|move|p1a: Falinks|No Retreat||[still]
|-fail|p1a: Falinks
|
|upkeep
|turn|8
|
|t:|1785364471
|move|p1a: Falinks|Protect|p1a: Falinks
|-singleturn|p1a: Falinks|Protect
|move|p2a: Kingambit|Sucker Punch||[still]
|-fail|p2a: Kingambit
|
|-sideend|p1: ToastedArt|move: Light Screen
|upkeep
|turn|9
|
|t:|1785364476
|move|p2a: Kingambit|Protect|p2a: Kingambit
|-singleturn|p2a: Kingambit|Protect
|move|p1a: Falinks|No Retreat||[still]
|-fail|p1a: Falinks
|
|upkeep
|turn|10
|
|t:|1785364483
|move|p1a: Falinks|No Retreat||[still]
|-fail|p1a: Falinks
|move|p2a: Kingambit|Kowtow Cleave|p1a: Falinks
|-resisted|p1a: Falinks|1
|-damage|p1a: Falinks|0 fnt
|faint|p1a: Falinks
|-damage|p2a: Kingambit|61/100|[from] item: Life Orb
|
|win|Elitefreund12
|raw|ToastedArt's rating: 1129 → 1108(-21 for losing)
|raw|Elitefreund12's rating: 1179 → 1200(+21 for winning)
