|j|☆SomeKidJon
|j|☆MrGardnHose
|html|SomeKidJonMrGardnHose    
|uhtml|bestof|Game 3 of a best-of-3
|t:|1783342504
|gametype|doubles
|player|p1|SomeKidJon|scientistf|1160
|player|p2|MrGardnHose|jasmine-masters2|1182
|gen|9
|tier|[Gen 9 Champions] VGC 2026 Reg M-B (Bo3)
|rated|
|rule|Species Clause: Limit one of each Pokémon
|rule|Item Clause: Limit 1 of each item
|clearpoke
|poke|p1|Camerupt, L50, M|
|poke|p1|Farigiraf, L50, F|
|poke|p1|Primarina, L50, M|
|poke|p1|Hatterene, L50, F|
|poke|p1|Lopunny, L50, F|
|poke|p1|Staraptor, L50, F|
|poke|p2|Glimmora, L50, F|
|poke|p2|Whimsicott, L50, F|
|poke|p2|Charizard, L50, M|
|poke|p2|Kingambit, L50, M|
|poke|p2|Farigiraf, L50, F|
|poke|p2|Mamoswine, L50, F|
|teampreview|4
|showteam|p1|Camerupt||Cameruptite|SolidRock|AncientPower,HeatWave,EarthPower,Protect|Quiet||M|||50|]Farigiraf||SitrusBerry|ArmorTail|Protect,HelpingHand,DazzlingGleam,TrickRoom|Bold||F|||50|]Primarina||Leftovers|LiquidVoice|HyperVoice,Protect,Moonblast,CalmMind|Modest||M|||50|]Hatterene||FocusSash|MagicBounce|Psychic,Protect,DazzlingGleam,TrickRoom|Quiet||F|||50|]Lopunny||Lopunnite|Klutz|FakeOut,CloseCombat,AfterYou,TripleAxel|Jolly||F|||50|]Staraptor||ChoiceScarf|Intimidate|FinalGambit,DoubleEdge,BraveBird,Uturn|Adamant||F|||50|
|showteam|p2|Glimmora||Glimmoranite|ToxicDebris|PowerGem,SludgeBomb,EarthPower,SpikyShield|Timid||F|||50|]Whimsicott||FocusSash|Prankster|Tailwind,Encore,Protect,Moonblast|Timid||F|||50|]Charizard||CharizarditeY|Blaze|HeatWave,SolarBeam,WeatherBall,Protect|Modest||M|||50|]Kingambit||BlackGlasses|Defiant|SuckerPunch,KowtowCleave,LowKick,Protect|Adamant||M|||50|]Farigiraf||SitrusBerry|ArmorTail|Psychic,HelpingHand,TrickRoom,FoulPlay|Sassy||F|||50|]Mamoswine||LifeOrb|ThickFat|IceShard,IcicleCrash,HighHorsepower,Protect|Jolly||F|||50|
|
|t:|1783342519
|teamsize|p1|4
|teamsize|p2|4
|start
|switch|p1a: Lopunny|Lopunny, L50, F|100/100
|switch|p1b: Camerupt|Camerupt, L50, M|100/100
|switch|p2a: Farigiraf|Farigiraf, L50, F|100/100
|switch|p2b: Mamoswine|Mamoswine, L50, F|100/100
|turn|1
|
|t:|1783342535
|detailschange|p1b: Camerupt|Camerupt-Mega, L50, M
|-mega|p1b: Camerupt|Camerupt|Cameruptite
|move|p2b: Mamoswine|Protect|p2b: Mamoswine
|-singleturn|p2b: Mamoswine|Protect
|move|p1a: Lopunny|After You|p1b: Camerupt
|-activate|p1b: Camerupt|move: After You
|move|p1b: Camerupt|Heat Wave|p2a: Farigiraf|[spread] p2a
|-activate|p2b: Mamoswine|move: Protect
|-damage|p2a: Farigiraf|59/100
|move|p2a: Farigiraf|Psychic|p1b: Camerupt
|-damage|p1b: Camerupt|63/100
|
|upkeep
|turn|2
|
|t:|1783342547
|move|p2a: Farigiraf|Helping Hand|p2b: Mamoswine
|-singleturn|p2b: Mamoswine|Helping Hand|[of] p2a: Farigiraf
|move|p1a: Lopunny|After You|p1b: Camerupt
|-activate|p1b: Camerupt|move: After You
|move|p1b: Camerupt|Heat Wave|p2b: Mamoswine|[spread] p2a,p2b
|-supereffective|p2b: Mamoswine|1
|-damage|p2a: Farigiraf|18/100
|-damage|p2b: Mamoswine|16/100
|-enditem|p2a: Farigiraf|Sitrus Berry|[eat]
|-heal|p2a: Farigiraf|42/100|[from] item: Sitrus Berry
|move|p2b: Mamoswine|High Horsepower|p1b: Camerupt
|-supereffective|p1b: Camerupt|1
|-damage|p1b: Camerupt|0 fnt
|faint|p1b: Camerupt
|-damage|p2b: Mamoswine|6/100|[from] item: Life Orb
|
|upkeep
|
|t:|1783342554
|switch|p1b: Primarina|Primarina, L50, M|100/100
|turn|3
|
|t:|1783342565
|move|p2b: Mamoswine|Ice Shard|p1a: Lopunny
|-damage|p1a: Lopunny|59/100
|-damage|p2b: Mamoswine|0 fnt|[from] item: Life Orb
|faint|p2b: Mamoswine
|move|p1a: Lopunny|Triple Axel|p2a: Farigiraf
|-damage|p2a: Farigiraf|37/100
|-damage|p2a: Farigiraf|26/100
|-damage|p2a: Farigiraf|11/100
|-hitcount|p2a: Farigiraf|3
|move|p1b: Primarina|Calm Mind|p1b: Primarina
|-boost|p1b: Primarina|spa|1
|-boost|p1b: Primarina|spd|1
|move|p2a: Farigiraf|Psychic|p1b: Primarina
|-damage|p1b: Primarina|80/100
|
|-heal|p1b: Primarina|86/100|[from] item: Leftovers
|upkeep
|
|t:|1783342571
|switch|p2b: Charizard|Charizard, L50, M|100/100
|turn|4
|
|t:|1783342581
|detailschange|p2b: Charizard|Charizard-Mega-Y, L50, M
|-mega|p2b: Charizard|Charizard|Charizardite Y
|-weather|SunnyDay|[from] ability: Drought|[of] p2b: Charizard
|move|p2a: Farigiraf|Helping Hand|p2b: Charizard
|-singleturn|p2b: Charizard|Helping Hand|[of] p2a: Farigiraf
|move|p1a: Lopunny|After You|p1b: Primarina
|-activate|p1b: Primarina|move: After You
|move|p1b: Primarina|Hyper Voice|p2a: Farigiraf|[spread] p2a,p2b
|-supereffective|p2b: Charizard|1
|-damage|p2a: Farigiraf|0 fnt
|-damage|p2b: Charizard|53/100
|faint|p2a: Farigiraf
|move|p2b: Charizard|Solar Beam||[still]
|-prepare|p2b: Charizard|Solar Beam
|-anim|p2b: Charizard|Solar Beam|p1b: Primarina
|-supereffective|p1b: Primarina|1
|-damage|p1b: Primarina|9/100
|
|-weather|SunnyDay|[upkeep]
|-heal|p1b: Primarina|14/100|[from] item: Leftovers
|upkeep
|
|t:|1783342590
|switch|p2a: Kingambit|Kingambit, L50, M|100/100
|turn|5
|
|t:|1783342596
|move|p1b: Primarina|Protect|p1b: Primarina
|-singleturn|p1b: Primarina|Protect
|move|p2a: Kingambit|Sucker Punch||[still]
|-fail|p2a: Kingambit
|move|p1a: Lopunny|Close Combat|p2a: Kingambit
|-supereffective|p2a: Kingambit|2
|-damage|p2a: Kingambit|13/100
|-unboost|p1a: Lopunny|def|1
|-unboost|p1a: Lopunny|spd|1
|move|p2b: Charizard|Heat Wave|p1b: Primarina|[spread] p1a
|-activate|p1b: Primarina|move: Protect
|-damage|p1a: Lopunny|0 fnt
|faint|p1a: Lopunny
|
|-weather|SunnyDay|[upkeep]
|-heal|p1b: Primarina|20/100y|[from] item: Leftovers
|upkeep
|
|t:|1783342603
|switch|p1a: Hatterene|Hatterene, L50, F|100/100
|turn|6
|
|t:|1783342609
|move|p2b: Charizard|Heat Wave|p1b: Primarina|[spread] 
|-miss|p2b: Charizard|p1a: Hatterene
|-miss|p2b: Charizard|p1b: Primarina
|move|p1b: Primarina|Calm Mind|p1b: Primarina
|-boost|p1b: Primarina|spa|1
|-boost|p1b: Primarina|spd|1
|move|p2a: Kingambit|Kowtow Cleave|p1a: Hatterene
|-damage|p1a: Hatterene|35/100
|move|p1a: Hatterene|Dazzling Gleam|p2a: Kingambit|[spread] p2a,p2b
|-resisted|p2b: Charizard|1
|-damage|p2a: Kingambit|0 fnt
|-damage|p2b: Charizard|37/100
|faint|p2a: Kingambit
|
|-weather|SunnyDay|[upkeep]
|-heal|p1b: Primarina|26/100|[from] item: Leftovers
|upkeep
|turn|7
|
|t:|1783342621
|move|p2b: Charizard|Heat Wave|p1b: Primarina|[spread] p1a
|-miss|p2b: Charizard|p1b: Primarina
|-damage|p1a: Hatterene|0 fnt
|faint|p1a: Hatterene
|move|p1b: Primarina|Hyper Voice|p2b: Charizard
|-supereffective|p2b: Charizard|1
|-damage|p2b: Charizard|0 fnt
|faint|p2b: Charizard
|
|win|SomeKidJon
|raw|SomeKidJon's rating: 1160 → 1187(+27 for winning)
|raw|MrGardnHose's rating: 1182 → 1155(-27 for losing)
