|j|☆jiaco5
|j|☆Imreesithink
|html|jiaco5Imreesithink    
|uhtml|bestof|Game 2 of a best-of-3
|t:|1784306081
|gametype|doubles
|player|p1|jiaco5|101|1300
|player|p2|Imreesithink|blackbelt-gen4dp|1249
|gen|9
|tier|[Gen 9 Champions] VGC 2026 Reg M-B (Bo3)
|rated|
|rule|Species Clause: Limit one of each Pokémon
|rule|Item Clause: Limit 1 of each item
|clearpoke
|poke|p1|Blastoise, L50, F|
|poke|p1|Sinistcha, L50|
|poke|p1|Delphox, L50, F|
|poke|p1|Sneasler, L50, M|
|poke|p1|Incineroar, L50, M|
|poke|p1|Kingambit, L50, M|
|poke|p2|Tyranitar, L50, M, shiny|
|poke|p2|Sinistcha, L50, shiny|
|poke|p2|Sneasler, L50, M, shiny|
|poke|p2|Incineroar, L50, F, shiny|
|poke|p2|Floette-Eternal, L50, F|
|poke|p2|Corviknight, L50, M, shiny|
|teampreview|4
|showteam|p1|Blastoise||Blastoisinite|RainDish|WaterSpout,DarkPulse,ShellSmash,Protect|Modest||F|||50|]Sinistcha||OccaBerry|Hospitality|MatchaGotcha,TrickRoom,RagePowder,Protect|Relaxed|||||50|]Delphox||Delphoxite|Blaze|HeatWave,Psychic,NastyPlot,Protect|Timid||F|||50|]Sneasler||FocusSash|PoisonTouch|CloseCombat,PoisonJab,FakeOut,QuickGuard|Jolly||M|||50|]Incineroar||SitrusBerry|Intimidate|FlareBlitz,FakeOut,Taunt,PartingShot|Impish||M|||50|]Kingambit||LifeOrb|Defiant|KowtowCleave,SuckerPunch,SwordsDance,Protect|Adamant||M|||50|
|showteam|p2|Tyranitar||Tyranitarite|SandStream|RockSlide,KnockOff,DragonDance,Protect|Adamant||M|||50|]Sinistcha||KasibBerry|Hospitality|MatchaGotcha,TrickRoom,RagePowder,Protect|Relaxed|||||50|]Sneasler||WhiteHerb|Unburden|FakeOut,CloseCombat,DireClaw,Coaching|Jolly||M|||50|]Incineroar||SitrusBerry|Intimidate|FakeOut,FlareBlitz,PartingShot,DarkestLariat|Careful||F|||50|]Floette-Eternal||Floettite|FlowerVeil|CalmMind,DazzlingGleam,DrainingKiss,Protect|Modest||F|||50|]Corviknight||Leftovers|MirrorArmor|Tailwind,IronHead,BraveBird,Roost|Impish||M|||50|
|inactive|Battle timer is ON: inactive players will automatically lose when time's up. (requested by Imreesithink)
|
|t:|1784306092
|teamsize|p1|4
|teamsize|p2|4
|start
|switch|p1a: Delphox|Delphox, L50, F|100/100
|switch|p1b: Sneasler|Sneasler, L50, M|100/100
|switch|p2a: Tyranitar|Tyranitar, L50, M, shiny|100/100
|switch|p2b: Isimimo|Incineroar, L50, F, shiny|100/100
|-weather|Sandstorm|[from] ability: Sand Stream|[of] p2a: Tyranitar
|-ability|p2b: Isimimo|Intimidate|boost
|-unboost|p1a: Delphox|atk|1
|-unboost|p1b: Sneasler|atk|1
|turn|1
|inactive|jiaco5 has 30 seconds left.
|inactive|jiaco5 has 20 seconds left.
|inactive|jiaco5 has 15 seconds left.
|
|t:|1784306133
|switch|p1a: Incineroar|Incineroar, L50, M|100/100
|-ability|p1a: Incineroar|Intimidate|boost
|-unboost|p2a: Tyranitar|atk|1
|-unboost|p2b: Isimimo|atk|1
|move|p1b: Sneasler|Fake Out|p2a: Tyranitar
|-resisted|p2a: Tyranitar|1
|-damage|p2a: Tyranitar|96/100
|-status|p2a: Tyranitar|psn|[from] ability: Poison Touch|[of] p1b: Sneasler
|move|p2b: Isimimo|Fake Out|p1b: Sneasler
|-damage|p1b: Sneasler|87/100
|cant|p2a: Tyranitar|flinch
|
|-weather|Sandstorm|[upkeep]
|-damage|p1b: Sneasler|81/100|[from] Sandstorm
|-damage|p1a: Incineroar|94/100|[from] Sandstorm
|-damage|p2b: Isimimo|94/100|[from] Sandstorm
|-damage|p2a: Tyranitar|84/100 psn|[from] psn
|upkeep
|turn|2
|inactive|Imreesithink has 30 seconds left.
|
|t:|1784306158
|switch|p2a: Sinistcha|Sinistcha, L50, shiny|100/100
|-heal|p2b: Isimimo|100/100|[from] ability: Hospitality|[of] p2a: Sinistcha
|move|p1a: Incineroar|Fake Out|p2b: Isimimo
|-damage|p2b: Isimimo|89/100
|move|p1b: Sneasler|Close Combat|p2b: Isimimo
|-supereffective|p2b: Isimimo|1
|-damage|p2b: Isimimo|17/100
|-unboost|p1b: Sneasler|def|1
|-unboost|p1b: Sneasler|spd|1
|-enditem|p2b: Isimimo|Sitrus Berry|[eat]
|-heal|p2b: Isimimo|42/100|[from] item: Sitrus Berry
|cant|p2b: Isimimo|flinch
|
|-weather|Sandstorm|[upkeep]
|-damage|p1b: Sneasler|75/100|[from] Sandstorm
|-damage|p1a: Incineroar|88/100|[from] Sandstorm
|-damage|p2a: Sinistcha|93/100|[from] Sandstorm
|-damage|p2b: Isimimo|36/100|[from] Sandstorm
|upkeep
|turn|3
|
|t:|1784306182
|move|p1b: Sneasler|Poison Jab|p2b: Isimimo
|-crit|p2b: Isimimo
|-damage|p2b: Isimimo|0 fnt
|faint|p2b: Isimimo
|move|p1a: Incineroar|Flare Blitz|p2a: Sinistcha
|-supereffective|p2a: Sinistcha|1
|-damage|p2a: Sinistcha|29/100
|-damage|p1a: Incineroar|69/100|[from] Recoil
|move|p2a: Sinistcha|Matcha Gotcha|p1a: Incineroar|[spread] p1a,p1b
|-resisted|p1a: Incineroar|1
|-resisted|p1b: Sneasler|1
|-damage|p1a: Incineroar|57/100
|-heal|p2a: Sinistcha|36/100|[from] drain|[of] p1a: Incineroar
|-damage|p1b: Sneasler|48/100
|-heal|p2a: Sinistcha|48/100|[from] drain|[of] p1b: Sneasler
|-status|p1b: Sneasler|brn
|
|-weather|Sandstorm|[upkeep]
|-damage|p1b: Sneasler|42/100 brn|[from] Sandstorm
|-damage|p1a: Incineroar|51/100|[from] Sandstorm
|-damage|p2a: Sinistcha|42/100|[from] Sandstorm
|-damage|p1b: Sneasler|36/100 brn|[from] brn
|upkeep
|
|t:|1784306190
|switch|p2b: Tyranitar|Tyranitar, L50, M, shiny|84/100 psn
|turn|4
|
|t:|1784306202
|switch|p1a: Sinistcha|Sinistcha, L50|100/100
|-heal|p1b: Sneasler|61/100 brn|[from] ability: Hospitality|[of] p1a: Sinistcha
|switch|p2a: Sneasler|Sneasler, L50, M, shiny|100/100
|move|p1b: Sneasler|Close Combat|p2b: Tyranitar
|-supereffective|p2b: Tyranitar|2
|-damage|p2b: Tyranitar|19/100 psn
|-unboost|p1b: Sneasler|def|1
|-unboost|p1b: Sneasler|spd|1
|move|p2b: Tyranitar|Dragon Dance|p2b: Tyranitar
|-boost|p2b: Tyranitar|atk|1
|-boost|p2b: Tyranitar|spe|1
|
|-weather|Sandstorm|[upkeep]
|-damage|p1b: Sneasler|55/100 brn|[from] Sandstorm
|-damage|p2a: Sneasler|93/100|[from] Sandstorm
|-damage|p1a: Sinistcha|93/100|[from] Sandstorm
|-damage|p2b: Tyranitar|7/100 psn|[from] psn
|-damage|p1b: Sneasler|49/100 brn|[from] brn
|upkeep
|turn|5
|-message|Imreesithink forfeited.
|raw|jiaco5's rating: 1300 → 1321(+21 for winning)
|raw|Imreesithink's rating: 1249 → 1228(-21 for losing)
|
|win|jiaco5
|l|☆Imreesithink
|player|p2|
