|j|☆Rat Rizzo
|j|☆Acris
|html|Rat RizzoAcris    
|uhtml|bestof|Game 2 of a best-of-3
|t:|1756620936
|gametype|doubles
|player|p1|Rat Rizzo|266|1215
|player|p2|Acris|169|1142
|gen|9
|tier|[Gen 9] VGC 2025 Reg H (Bo3)
|rated|
|rule|Species Clause: Limit one of each Pokémon
|rule|Item Clause: Limit 1 of each item
|clearpoke
|poke|p1|Dragonite, L50, M|
|poke|p1|Gholdengo, L50|
|poke|p1|Incineroar, L50, M|
|poke|p1|Amoonguss, L50, F|
|poke|p1|Sneasler, L50, F|
|poke|p1|Ursaluna-Bloodmoon, L50, M|
|poke|p2|Maushold, L50|
|poke|p2|Annihilape, L50, F|
|poke|p2|Grimmsnarl, L50, M|
|poke|p2|Gholdengo, L50|
|poke|p2|Dragonite, L50, M|
|poke|p2|Garchomp, L50, F|
|teampreview|4
|showteam|p1|Dragonite||LoadedDice|Multiscale|Protect,Haze,ScaleShot,IceSpinner|||M|||50|,,,,,Fairy]Gholdengo||Leftovers|GoodasGold|Protect,NastyPlot,ShadowBall,MakeItRain||||||50|,,,,,Dragon]Incineroar||SafetyGoggles|Intimidate|FakeOut,FlareBlitz,KnockOff,PartingShot|||M|||50|,,,,,Ghost]Amoonguss||RockyHelmet|Regenerator|PollenPuff,Protect,Spore,RagePowder|||F|||50|,,,,,Water]Sneasler||FocusSash|PoisonTouch|Protect,DireClaw,ThroatChop,CloseCombat|||F|||50|,,,,,Ghost]Ursaluna-Bloodmoon||LifeOrb|MindsEye|BloodMoon,EarthPower,HyperVoice,Protect|||M|||50|,,,,,Normal
|showteam|p2|Maushold||WideLens|FriendGuard|PopulationBomb,BeatUp,Protect,FollowMe||||||50|,,,,,Ghost]Annihilape||SafetyGoggles|Defiant|RageFist,DrainPunch,Protect,BulkUp|||F|||50|,,,,,Fire]Grimmsnarl||LightClay|Prankster|ThunderWave,LightScreen,SpiritBreak,Reflect|||M|||50|,,,,,Ghost]Gholdengo||Leftovers|GoodasGold|MakeItRain,ShadowBall,Protect,NastyPlot||||||50|,,,,,Water]Dragonite||LoadedDice|Multiscale|ScaleShot,Tailwind,Protect,Haze|||M|||50|,,,,,Fairy]Garchomp||LifeOrb|RoughSkin|StompingTantrum,Earthquake,Protect,DragonClaw|||F|||50|,,,,,Ground
|inactive|Battle timer is ON: inactive players will automatically lose when time's up. (requested by Rat Rizzo)
|inactive|Rat Rizzo has 60 seconds left.
|inactive|Acris has 60 seconds left.
|inactive|Rat Rizzo has 30 seconds left.
|
|t:|1756621008
|teamsize|p1|4
|teamsize|p2|4
|start
|switch|p1a: Gholdengo|Gholdengo, L50|100/100
|switch|p1b: Sneasler|Sneasler, L50, F|100/100
|switch|p2a: Garchomp|Garchomp, L50, F|100/100
|switch|p2b: Maushold|Maushold, L50|100/100
|turn|1
|inactive|Rat Rizzo has 30 seconds left.
|
|t:|1756621040
|move|p2b: Maushold|Protect|p2b: Maushold
|-singleturn|p2b: Maushold|Protect
|move|p1a: Gholdengo|Protect|p1a: Gholdengo
|-singleturn|p1a: Gholdengo|Protect
|move|p1b: Sneasler|Dire Claw|p2b: Maushold
|-activate|p2b: Maushold|move: Protect
|move|p2a: Garchomp|Earthquake|p1a: Gholdengo|[spread] p1b
|-activate|p2b: Maushold|move: Protect
|-activate|p1a: Gholdengo|move: Protect
|-supereffective|p1b: Sneasler
|-enditem|p1b: Sneasler|Focus Sash
|-damage|p1b: Sneasler|1/100
|-damage|p2a: Garchomp|91/100|[from] item: Life Orb
|
|upkeep
|turn|2
|
|t:|1756621065
|switch|p2b: Dragonite|Dragonite, L50, M|100/100
|-terastallize|p1a: Gholdengo|Dragon
|move|p1b: Sneasler|Dire Claw|p2b: Dragonite
|-damage|p2b: Dragonite|72/100
|move|p2a: Garchomp|Earthquake|p1a: Gholdengo|[spread] p1a,p1b
|-immune|p2b: Dragonite
|-supereffective|p1b: Sneasler
|-damage|p1a: Gholdengo|52/100
|-damage|p1b: Sneasler|0 fnt
|faint|p1b: Sneasler
|-damage|p2a: Garchomp|81/100|[from] item: Life Orb
|move|p1a: Gholdengo|Nasty Plot|p1a: Gholdengo
|-boost|p1a: Gholdengo|spa|2
|
|-heal|p1a: Gholdengo|58/100|[from] item: Leftovers
|upkeep
|
|t:|1756621083
|switch|p1b: Dragonite|Dragonite, L50, M|100/100
|turn|3
|
|t:|1756621095
|move|p1a: Gholdengo|Protect|p1a: Gholdengo
|-singleturn|p1a: Gholdengo|Protect
|move|p2a: Garchomp|Dragon Claw|p1a: Gholdengo
|-activate|p1a: Gholdengo|move: Protect
|move|p2b: Dragonite|Scale Shot|p1b: Dragonite
|-supereffective|p1b: Dragonite
|-damage|p1b: Dragonite|88/100
|-supereffective|p1b: Dragonite
|-damage|p1b: Dragonite|61/100
|-supereffective|p1b: Dragonite
|-damage|p1b: Dragonite|32/100
|-supereffective|p1b: Dragonite
|-damage|p1b: Dragonite|5/100
|-supereffective|p1b: Dragonite
|-damage|p1b: Dragonite|0 fnt
|faint|p1b: Dragonite
|-hitcount|p1: Dragonite|5
|-unboost|p2b: Dragonite|def|1
|-boost|p2b: Dragonite|spe|1
|
|-heal|p1a: Gholdengo|64/100|[from] item: Leftovers
|upkeep
|
|t:|1756621099
|switch|p1b: Ursaluna|Ursaluna-Bloodmoon, L50, M|100/100
|turn|4
|
|t:|1756621110
|move|p2b: Dragonite|Scale Shot|p1b: Ursaluna
|-damage|p1b: Ursaluna|90/100
|-damage|p1b: Ursaluna|80/100
|-damage|p1b: Ursaluna|68/100
|-damage|p1b: Ursaluna|58/100
|-hitcount|p1b: Ursaluna|4
|-unboost|p2b: Dragonite|def|1
|-boost|p2b: Dragonite|spe|1
|move|p2a: Garchomp|Dragon Claw|p1a: Gholdengo
|-supereffective|p1a: Gholdengo
|-damage|p1a: Gholdengo|0 fnt
|faint|p1a: Gholdengo
|-damage|p2a: Garchomp|71/100|[from] item: Life Orb
|move|p1b: Ursaluna|Blood Moon|p2b: Dragonite
|-damage|p2b: Dragonite|0 fnt
|faint|p2b: Dragonite
|-damage|p1b: Ursaluna|48/100|[from] item: Life Orb
|
|upkeep
|
|t:|1756621113
|switch|p2b: Maushold|Maushold, L50|100/100
|turn|5
|c|☆Rat Rizzo|ggwp
|c|☆Acris|u2
|c|☆Acris|gg
|
|t:|1756621122
|move|p2b: Maushold|Population Bomb|p1b: Ursaluna|[miss]
|-miss|p2b: Maushold|p1b: Ursaluna
|move|p2a: Garchomp|Dragon Claw|p1b: Ursaluna
|-damage|p1b: Ursaluna|10/100
|-damage|p2a: Garchomp|61/100|[from] item: Life Orb
|move|p1b: Ursaluna|Hyper Voice|p2b: Maushold|[spread] p2a,p2b
|-damage|p2a: Garchomp|26/100
|-damage|p2b: Maushold|40/100
|-damage|p1b: Ursaluna|0 fnt|[from] item: Life Orb
|faint|p1b: Ursaluna
|
|win|Acris
|raw|Rat Rizzo's rating: 1215 → 1185(-30 for losing)
|raw|Acris's rating: 1142 → 1172(+30 for winning)
|l|☆Acris
|player|p2|
