|j|☆Brunito zambonin
|j|☆GS Barnabe
|html|Brunito zamboninGS Barnabe    
|uhtml|bestof|Game 2 of a best-of-3
|t:|1785631801
|gametype|doubles
|player|p1|Brunito zambonin|265|1197
|player|p2|GS Barnabe|1|1228
|gen|9
|tier|[Gen 9 Champions] VGC 2026 Reg M-B (Bo3)
|rated|
|rule|Species Clause: Limit one of each Pokémon
|rule|Item Clause: Limit 1 of each item
|clearpoke
|poke|p1|Charizard, L50, F|
|poke|p1|Whimsicott, L50, M|
|poke|p1|Garchomp, L50, M|
|poke|p1|Kingambit, L50, F|
|poke|p1|Sylveon, L50, M|
|poke|p1|Basculegion, L50, M|
|poke|p2|Meowstic, L50, M|
|poke|p2|Tyranitar, L50, F|
|poke|p2|Scovillain, L50, M|
|poke|p2|Houndstone, L50, M|
|poke|p2|Rotom-Wash, L50|
|poke|p2|Aerodactyl, L50, M|
|teampreview|4
|showteam|p1|Charizard||CharizarditeY|Blaze|Protect,SolarBeam,WeatherBall,HeatWave|Modest||F|||50|]Whimsicott||FocusSash|Prankster|Moonblast,Encore,Tailwind,Protect|Timid||M|||50|]Garchomp||LifeOrb|RoughSkin|Protect,RockSlide,DragonClaw,Earthquake|Adamant||M|||50|]Kingambit||ChopleBerry|Defiant|LowKick,SuckerPunch,IronHead,KowtowCleave|Adamant||F|||50|]Sylveon||FairyFeather|Pixilate|Protect,HyperVoice,HyperBeam,QuickAttack|Modest||M|||50|]Basculegion||MysticWater|Adaptability|Protect,WaveCrash,AquaJet,LastRespects|Adamant||M|||50|
|showteam|p2|Meowstic||LightClay|Prankster|FakeOut,Reflect,LightScreen,PsychicNoise|Bold||M|||50|]Tyranitar||ChoiceScarf|SandStream|RockSlide,KnockOff,IcePunch,Superpower|Jolly||F|||50|]Scovillain||Scovillainite|Moody|Overheat,LeechSeed,RagePowder,Protect|Calm||M|||50|]Houndstone||SitrusBerry|SandRush|LastRespects,Disable,AllySwitch,Protect|Adamant||M|||50|]Rotom-Wash||Leftovers|Levitate|HydroPump,VoltSwitch,WillOWisp,Protect|Calm|||||50|]Aerodactyl||Aerodactylite|RockHead|RockSlide,DualWingbeat,Tailwind,Protect|Jolly||M|||50|
|
|t:|1785631838
|teamsize|p1|4
|teamsize|p2|4
|start
|switch|p1a: Garchomp|Garchomp, L50, M|100/100
|switch|p1b: Basculegion|Basculegion, L50, M|100/100
|switch|p2a: Scovillain|Scovillain, L50, M|100/100
|switch|p2b: Meowstic|Meowstic, L50, M|100/100
|turn|1
|
|t:|1785631865
|detailschange|p2a: Scovillain|Scovillain-Mega, L50, M
|-mega|p2a: Scovillain|Scovillain|Scovillainite
|move|p2b: Meowstic|Reflect|p2b: Meowstic
|-sidestart|p2: GS Barnabe|Reflect
|move|p1a: Garchomp|Rock Slide|p2a: Scovillain|[spread] p2a,p2b
|-supereffective|p2a: Scovillain|1
|-damage|p2a: Scovillain|64/100
|-damage|p2b: Meowstic|82/100
|-status|p1a: Garchomp|brn|[from] ability: Spicy Spray|[of] p2a: Scovillain
|-damage|p1a: Garchomp|90/100 brn|[from] item: Life Orb
|move|p1b: Basculegion|Last Respects|p2b: Meowstic
|-supereffective|p2b: Meowstic|1
|-damage|p2b: Meowstic|38/100
|cant|p2a: Scovillain|flinch
|
|-damage|p1a: Garchomp|84/100 brn|[from] brn
|upkeep
|turn|2
|
|t:|1785631903
|switch|p2b: Tyranitar|Tyranitar, L50, F|100/100
|-weather|Sandstorm|[from] ability: Sand Stream|[of] p2b: Tyranitar
|move|p2a: Scovillain|Rage Powder|p2a: Scovillain
|-singleturn|p2a: Scovillain|move: Rage Powder
|move|p1a: Garchomp|Rock Slide|p2b: Tyranitar|[spread] p2b
|-miss|p1a: Garchomp|p2a: Scovillain
|-damage|p2b: Tyranitar|91/100
|-damage|p1a: Garchomp|74/100 brn|[from] item: Life Orb
|move|p1b: Basculegion|Wave Crash|p2a: Scovillain
|-damage|p2a: Scovillain|0 fnt
|-status|p1b: Basculegion|brn|[from] ability: Spicy Spray|[of] p2a: Scovillain
|faint|p2a: Scovillain
|-damage|p1b: Basculegion|81/100 brn|[from] Recoil
|
|-weather|Sandstorm|[upkeep]
|-damage|p1b: Basculegion|74/100 brn|[from] Sandstorm
|-damage|p1a: Garchomp|68/100 brn|[from] brn
|-damage|p1b: Basculegion|68/100 brn|[from] brn
|upkeep
|
|t:|1785631924
|switch|p2a: Meowstic|Meowstic, L50, M|38/100
|turn|3
|
|t:|1785631937
|move|p1b: Basculegion|Protect|p1b: Basculegion
|-singleturn|p1b: Basculegion|Protect
|move|p2a: Meowstic|Fake Out|p1a: Garchomp
|-damage|p1a: Garchomp|63/100 brn
|-damage|p2a: Meowstic|25/100|[from] ability: Rough Skin|[of] p1a: Garchomp
|move|p2b: Tyranitar|Knock Off|p1b: Basculegion
|-activate|p1b: Basculegion|move: Protect
|cant|p1a: Garchomp|flinch
|
|-weather|Sandstorm|[upkeep]
|-damage|p2a: Meowstic|19/100|[from] Sandstorm
|-damage|p1b: Basculegion|62/100 brn|[from] Sandstorm
|-damage|p1a: Garchomp|57/100 brn|[from] brn
|-damage|p1b: Basculegion|56/100 brn|[from] brn
|upkeep
|turn|4
|
|t:|1785631958
|move|p1b: Basculegion|Aqua Jet|p2b: Tyranitar
|-supereffective|p2b: Tyranitar|1
|-damage|p2b: Tyranitar|72/100
|move|p2b: Tyranitar|Knock Off|p1b: Basculegion
|-supereffective|p1b: Basculegion|1
|-damage|p1b: Basculegion|0 fnt
|-enditem|p1b: Basculegion|Mystic Water|[from] move: Knock Off|[of] p2b: Tyranitar
|faint|p1b: Basculegion
|move|p1a: Garchomp|Earthquake|p2b: Tyranitar|[spread] p2a,p2b
|-supereffective|p2b: Tyranitar|1
|-damage|p2a: Meowstic|2/100
|-damage|p2b: Tyranitar|41/100
|-damage|p1a: Garchomp|47/100 brn|[from] item: Life Orb
|move|p2a: Meowstic|Psychic Noise|p1a: Garchomp
|-damage|p1a: Garchomp|19/100 brn
|-start|p1a: Garchomp|move: Heal Block
|
|-weather|Sandstorm|[upkeep]
|-damage|p2a: Meowstic|0 fnt|[from] Sandstorm
|faint|p2a: Meowstic
|-damage|p1a: Garchomp|13/100 brn|[from] brn
|upkeep
|
|t:|1785631980
|switch|p2a: Houndstone|Houndstone, L50, M|100/100
|switch|p1b: Sylveon|Sylveon, L50, M|100/100
|turn|5
|
|t:|1785632004
|move|p1a: Garchomp|Protect|p1a: Garchomp
|-singleturn|p1a: Garchomp|Protect
|move|p2a: Houndstone|Last Respects|p1b: Sylveon
|-damage|p1b: Sylveon|32/100
|move|p2b: Tyranitar|Knock Off|p1a: Garchomp
|-activate|p1a: Garchomp|move: Protect
|move|p1b: Sylveon|Hyper Voice|p2b: Tyranitar|[spread] p2a,p2b
|-supereffective|p2b: Tyranitar|1
|-damage|p2a: Houndstone|50/100g
|-damage|p2b: Tyranitar|0 fnt
|faint|p2b: Tyranitar
|
|-weather|Sandstorm|[upkeep]
|-damage|p1b: Sylveon|25/100|[from] Sandstorm
|-damage|p1a: Garchomp|7/100 brn|[from] brn
|-end|p1a: Garchomp|move: Heal Block
|upkeep
|turn|6
|
|t:|1785632025
|move|p1b: Sylveon|Protect|p1b: Sylveon
|-singleturn|p1b: Sylveon|Protect
|move|p2a: Houndstone|Last Respects|p1a: Garchomp
|-damage|p1a: Garchomp|0 fnt
|faint|p1a: Garchomp
|
|-weather|none
|upkeep
|
|t:|1785632032
|switch|p1a: Kingambit|Kingambit, L50, F|100/100
|turn|7
|
|t:|1785632050
|move|p1a: Kingambit|Sucker Punch||[still]
|-fail|p1a: Kingambit
|move|p2a: Houndstone|Disable|p1a: Kingambit
|-start|p1a: Kingambit|Disable|Sucker Punch
|move|p1b: Sylveon|Hyper Beam|p2a: Houndstone
|-damage|p2a: Houndstone|0 fnt
|-mustrecharge|p1b: Sylveon
|faint|p2a: Houndstone
|
|win|Brunito zambonin
