|j|☆gundnub
|j|☆Mega Chime Time
|html|gundnubMega Chime Time    
|uhtml|bestof|Game 1 of a best-of-3
|t:|1783210304
|gametype|doubles
|player|p1|gundnub|pokemonranger-gen4|
|player|p2|Mega Chime Time|miku-flying|
|gen|9
|tier|[Gen 9 Champions] VGC 2026 Reg M-B (Bo3)
|rule|Species Clause: Limit one of each Pokémon
|rule|Item Clause: Limit 1 of each item
|clearpoke
|poke|p1|Houndoom, L50, M|
|poke|p1|Gengar, L50, M|
|poke|p1|Conkeldurr, L50, M|
|poke|p1|Spiritomb, L50, M|
|poke|p1|Garganacl, L50, F|
|poke|p1|Starmie, L50|
|poke|p2|Chimecho, L50, M|
|poke|p2|Dragalge, L50, F|
|poke|p2|Chandelure, L50, F|
|poke|p2|Blastoise, L50, M|
|poke|p2|Bellibolt, L50, F|
|poke|p2|Mudsdale, L50, F|
|teampreview|4
|showteam|p1|Houndoom||Houndoominite|EarlyBird|Protect,HeatWave,Overheat,DarkPulse|Modest||M|||50|]Gengar||FocusSash|CursedBody|Protect,SludgeBomb,IcyWind,SunnyDay|Timid||M|||50|]Conkeldurr||LifeOrb|IronFist|Detect,DrainPunch,MachPunch,ThunderPunch|Brave||M|||50|]Spiritomb||RoseliBerry|Pressure|FoulPlay,WillOWisp,PainSplit,TrickRoom|Bold||M|||50|]Garganacl||Leftovers|PurifyingSalt|Protect,SaltCure,Recover,WideGuard|Impish||F|||50|]Starmie||Starminite|Illuminate|Protect,Liquidation,ZenHeadbutt,IceSpinner|Jolly|||||50|
|showteam|p2|Chimecho||Chimechite|Levitate|Psychic,FlashCannon,Protect,TrickRoom|Modest||M|||50|]Dragalge||PoisonBarb|Adaptability|SludgeBomb,SludgeWave,DragonPulse,Protect|Modest||F|||50|]Chandelure||FocusSash|FlashFire|HeatWave,ShadowBall,TrickRoom,Protect|Modest||F|||50|]Blastoise||SitrusBerry|RainDish|FakeOut,WaveCrash,Yawn,FlipTurn|Adamant||M|||50|]Bellibolt||Magnet|Electromorphosis|VoltSwitch,SlackOff,ParabolicCharge,Thunderbolt|Modest||F|||50|]Mudsdale||Leftovers|Stamina|HighHorsepower,RockSlide,Protect,BodyPress|Adamant||F|||50|
|inactive|Battle timer is ON: inactive players will automatically lose when time's up. (requested by gundnub)
|inactive|Mega Chime Time also wants the timer to be on.
|c|☆gundnub|glhf
|c|☆Mega Chime Time|you 2
|inactive|gundnub has 60 seconds left.
|inactive|Mega Chime Time has 60 seconds left.
|inactive|gundnub has 30 seconds left.
|inactive|gundnub has 20 seconds left.
|
|t:|1783210375
|teamsize|p1|4
|teamsize|p2|4
|start
|switch|p1a: Houndoom|Houndoom, L50, M|100/100
|switch|p1b: Gengar|Gengar, L50, M|100/100
|switch|p2a: Blastoise|Blastoise, L50, M|100/100
|switch|p2b: Chandelure|Chandelure, L50, F|100/100
|turn|1
|
|t:|1783210397
|detailschange|p1a: Houndoom|Houndoom-Mega, L50, M
|-mega|p1a: Houndoom|Houndoom|Houndoominite
|move|p2a: Blastoise|Fake Out|p1a: Houndoom
|-damage|p1a: Houndoom|86/100
|move|p1b: Gengar|Sludge Bomb|p2b: Chandelure
|-resisted|p2b: Chandelure|1
|-damage|p2b: Chandelure|76/100
|-status|p2b: Chandelure|psn
|cant|p1a: Houndoom|flinch
|move|p2b: Chandelure|Trick Room|p2b: Chandelure
|-fieldstart|move: Trick Room|[of] p2b: Chandelure
|
|-damage|p2b: Chandelure|64/100 psn|[from] psn
|upkeep
|turn|2
|inactive|gundnub has 30 seconds left.
|inactive|Mega Chime Time has 30 seconds left.
|
|t:|1783210424
|switch|p1b: Conkeldurr|Conkeldurr, L50, M|100/100
|move|p1a: Houndoom|Protect|p1a: Houndoom
|-singleturn|p1a: Houndoom|Protect
|move|p2a: Blastoise|Flip Turn|p1a: Houndoom
|-activate|p1a: Houndoom|move: Protect
|move|p2b: Chandelure|Heat Wave|p1a: Houndoom|[spread] p1b
|-activate|p1a: Houndoom|move: Protect
|-damage|p1b: Conkeldurr|50/100g
|-status|p1b: Conkeldurr|brn
|
|-damage|p2b: Chandelure|52/100 psn|[from] psn
|-damage|p1b: Conkeldurr|44/100 brn|[from] brn
|upkeep
|turn|3
|inactive|gundnub has 30 seconds left.
|
|t:|1783210453
|switch|p1a: Spiritomb|Spiritomb, L50, M|100/100
|-ability|p1a: Spiritomb|Pressure
|move|p1b: Conkeldurr|Thunder Punch|p2a: Blastoise
|-supereffective|p2a: Blastoise|1
|-damage|p2a: Blastoise|60/100
|-damage|p1b: Conkeldurr|34/100 brn|[from] item: Life Orb
|move|p2a: Blastoise|Wave Crash|p1a: Spiritomb
|-damage|p1a: Spiritomb|55/100
|-damage|p2a: Blastoise|47/100|[from] Recoil
|-enditem|p2a: Blastoise|Sitrus Berry|[eat]
|-heal|p2a: Blastoise|72/100|[from] item: Sitrus Berry
|move|p2b: Chandelure|Heat Wave|p1b: Conkeldurr|[spread] p1a,p1b
|-damage|p1a: Spiritomb|12/100
|-damage|p1b: Conkeldurr|0 fnt
|faint|p1b: Conkeldurr
|
|-damage|p2b: Chandelure|40/100 psn|[from] psn
|upkeep
|
|t:|1783210473
|switch|p1b: Gengar|Gengar, L50, M|100/100
|turn|4
|
|t:|1783210482
|move|p1a: Spiritomb|Pain Split|p2a: Blastoise
|-sethp|p2a: Blastoise|41/100|[from] move: Pain Split|[silent]
|-sethp|p1a: Spiritomb|49/100|[from] move: Pain Split
|move|p2a: Blastoise|Flip Turn|p1a: Spiritomb
|-damage|p1a: Spiritomb|28/100
|
|t:|1783210492
|switch|p2a: Bellibolt|Bellibolt, L50, F|100/100|[from] Flip Turn
|move|p2b: Chandelure|Shadow Ball|p1b: Gengar
|-supereffective|p1b: Gengar|1
|-enditem|p1b: Gengar|Focus Sash
|-damage|p1b: Gengar|1/100
|move|p1b: Gengar|Sludge Bomb|p2a: Bellibolt
|-damage|p2a: Bellibolt|61/100
|-start|p2a: Bellibolt|Charge|Sludge Bomb|[from] ability: Electromorphosis
|
|-damage|p2b: Chandelure|28/100 psn|[from] psn
|upkeep
|turn|5
|inactive|Mega Chime Time has 30 seconds left.
|inactive|Mega Chime Time has 20 seconds left.
|inactive|Mega Chime Time has 15 seconds left.
|
|t:|1783210532
|move|p2b: Chandelure|Protect|p2b: Chandelure
|-singleturn|p2b: Chandelure|Protect
|move|p1b: Gengar|Protect|p1b: Gengar
|-singleturn|p1b: Gengar|Protect
|move|p1a: Spiritomb|Pain Split|p2a: Bellibolt
|-sethp|p2a: Bellibolt|40/100|[from] move: Pain Split|[silent]
|-sethp|p1a: Spiritomb|56/100|[from] move: Pain Split
|move|p2a: Bellibolt|Parabolic Charge|p1a: Spiritomb|[spread] p1a
|-activate|p2b: Chandelure|move: Protect
|-activate|p1b: Gengar|move: Protect
|-damage|p1a: Spiritomb|1/100
|-heal|p2a: Bellibolt|60/100|[from] drain|[of] p1a: Spiritomb
|-end|p2a: Bellibolt|Charge|[silent]
|
|-damage|p2b: Chandelure|16/100 psn|[from] psn
|-fieldend|move: Trick Room
|upkeep
|turn|6
|inactive|Mega Chime Time has 30 seconds left.
|
|t:|1783210560
|switch|p2b: Mudsdale|Mudsdale, L50, F|100/100
|move|p1b: Gengar|Sunny Day|p1b: Gengar
|-weather|SunnyDay
|move|p2a: Bellibolt|Parabolic Charge|p1a: Spiritomb|[spread] p1a,p1b
|-immune|p2b: Mudsdale
|-damage|p1a: Spiritomb|0 fnt
|-heal|p2a: Bellibolt|61/100|[from] drain|[of] p1a: Spiritomb
|-damage|p1b: Gengar|0 fnt
|-heal|p2a: Bellibolt|62/100|[from] drain|[of] p1b: Gengar
|faint|p1a: Spiritomb
|faint|p1b: Gengar
|
|-weather|SunnyDay|[upkeep]
|upkeep
|
|t:|1783210565
|switch|p1b: Houndoom|Houndoom-Mega, L50, M|86/100
|turn|7
|
|t:|1783210579
|move|p2b: Mudsdale|Protect|p2b: Mudsdale
|-singleturn|p2b: Mudsdale|Protect
|move|p1b: Houndoom|Heat Wave|p2b: Mudsdale|[spread] p2a
|-activate|p2b: Mudsdale|move: Protect
|-damage|p2a: Bellibolt|0 fnt
|faint|p2a: Bellibolt
|
|-weather|SunnyDay|[upkeep]
|-damage|p1b: Houndoom|74/100|[from] ability: Solar Power|[of] p1b: Houndoom
|upkeep
|
|t:|1783210585
|switch|p2a: Blastoise|Blastoise, L50, M|41/100
|turn|8
|
|t:|1783210595
|move|p1b: Houndoom|Protect|p1b: Houndoom
|-singleturn|p1b: Houndoom|Protect
|move|p2a: Blastoise|Fake Out|p1b: Houndoom
|-activate|p1b: Houndoom|move: Protect
|move|p2b: Mudsdale|Body Press|p1b: Houndoom
|-activate|p1b: Houndoom|move: Protect
|
|-weather|SunnyDay|[upkeep]
|-damage|p1b: Houndoom|62/100|[from] ability: Solar Power|[of] p1b: Houndoom
|upkeep
|turn|9
|
|t:|1783210610
|move|p1b: Houndoom|Heat Wave|p2a: Blastoise|[spread] p2a,p2b
|-resisted|p2a: Blastoise|1
|-damage|p2a: Blastoise|0 fnt
|-damage|p2b: Mudsdale|8/100
|-ability|p2b: Mudsdale|Stamina|boost
|-boost|p2b: Mudsdale|def|1
|faint|p2a: Blastoise
|move|p2b: Mudsdale|Body Press|p1b: Houndoom
|-supereffective|p1b: Houndoom|1
|-damage|p1b: Houndoom|0 fnt
|faint|p1b: Houndoom
|
|win|Mega Chime Time
||gundnub is ready for game 2.
||Mega Chime Time is ready for game 2.
|uhtml|next|Next: Game 2 of 3
