|j|☆palle synchro
|j|☆plsbringregi
|html|palle synchroplsbringregi    
|uhtml|bestof|Game 1 of a best-of-3
|t:|1785170244
|gametype|doubles
|player|p1|palle synchro|volkner|1444
|player|p2|plsbringregi|102|1484
|gen|9
|tier|[Gen 9 Champions] VGC 2026 Reg M-B (Bo3)
|rated|
|rule|Species Clause: Limit one of each Pokémon
|rule|Item Clause: Limit 1 of each item
|clearpoke
|poke|p1|Charizard, L50, F|
|poke|p1|Glimmora, L50, F|
|poke|p1|Whimsicott, L50, M|
|poke|p1|Ninetales-Alola, L50, F|
|poke|p1|Kingambit, L50, F|
|poke|p1|Kommo-o, L50, M|
|poke|p2|Garchomp, L50, M|
|poke|p2|Gholdengo, L50|
|poke|p2|Sinistcha, L50|
|poke|p2|Incineroar, L50, M|
|poke|p2|Charizard, L50, M|
|poke|p2|Floette-Eternal, L50, F|
|teampreview|4
|showteam|p1|Charizard||CharizarditeY|Blaze|HeatWave,WeatherBall,SolarBeam,Protect|Modest||F|||50|]Glimmora||Glimmoranite|ToxicDebris|SludgeBomb,PowerGem,EarthPower,SpikyShield|Modest||F|||50|]Whimsicott||FocusSash|Prankster|Moonblast,Tailwind,Encore,Protect|Timid||M|||50|]Ninetales-Alola||NeverMeltIce|SnowWarning|Blizzard,FreezeDry,Disable,Protect|Timid||F|||50|]Kingambit||BlackGlasses|Defiant|KowtowCleave,SuckerPunch,IronHead,Protect|Adamant||F|||50|]Kommo-o||LifeOrb|Overcoat|ClangingScales,AuraSphere,VacuumWave,Protect|Modest||M|||50|
|showteam|p2|Garchomp||ChoiceScarf|RoughSkin|RockSlide,DragonClaw,Earthquake,StompingTantrum|Adamant||M|||50|]Gholdengo||FocusSash|GoodasGold|Protect,PowerGem,MakeItRain,ShadowBall|Timid|||||50|]Sinistcha||KasibBerry|Hospitality|MatchaGotcha,RagePowder,TrickRoom,Protect|Bold|||||50|]Incineroar||SitrusBerry|Intimidate|FlareBlitz,ThroatChop,PartingShot,FakeOut|Careful||M|||50|]Charizard||CharizarditeY|Blaze|HeatWave,WeatherBall,SolarBeam,Protect|Modest||M|||50|]Floette-Eternal||Floettite|FlowerVeil|DazzlingGleam,DrainingKiss,CalmMind,Protect|Modest||F|||50|
|inactive|Battle timer is ON: inactive players will automatically lose when time's up. (requested by palle synchro)
|
|t:|1785170276
|teamsize|p1|4
|teamsize|p2|4
|start
|switch|p1a: Whimsicott|Whimsicott, L50, M|100/100
|switch|p1b: Kommo-o|Kommo-o, L50, M|100/100
|switch|p2a: Floette|Floette-Eternal, L50, F|100/100
|switch|p2b: Incineroar|Incineroar, L50, M|100/100
|-ability|p2b: Incineroar|Intimidate|boost
|-unboost|p1a: Whimsicott|atk|1
|-unboost|p1b: Kommo-o|atk|1
|turn|1
|
|t:|1785170288
|switch|p1b: Glimmora|Glimmora, L50, F|100/100
|detailschange|p2a: Floette|Floette-Mega, L50, F
|-mega|p2a: Floette|Floette|Floettite
|-ability|p2a: Floette|Fairy Aura
|move|p1a: Whimsicott|Protect|p1a: Whimsicott
|-singleturn|p1a: Whimsicott|Protect
|move|p2a: Floette|Dazzling Gleam|p1b: Glimmora|[spread] p1b
|-activate|p1a: Whimsicott|move: Protect
|-resisted|p1b: Glimmora|1
|-damage|p1b: Glimmora|73/100
|move|p2b: Incineroar|Parting Shot|p1a: Whimsicott
|-activate|p1a: Whimsicott|move: Protect
|
|upkeep
|turn|2
|
|t:|1785170305
|switch|p2b: WeCanMakeItBetter|Sinistcha, L50|100/100
|detailschange|p1b: Glimmora|Glimmora-Mega, L50, F
|-mega|p1b: Glimmora|Glimmora|Glimmoranite
|move|p1a: Whimsicott|Tailwind|p1a: Whimsicott
|-sidestart|p1: palle synchro|move: Tailwind
|move|p1b: Glimmora|Power Gem|p2b: WeCanMakeItBetter
|-damage|p2b: WeCanMakeItBetter|42/100
|move|p2a: Floette|Dazzling Gleam|p1a: Whimsicott|[spread] p1a,p1b
|-resisted|p1b: Glimmora|1
|-crit|p1b: Glimmora
|-damage|p1a: Whimsicott|27/100
|-damage|p1b: Glimmora|35/100
|
|upkeep
|turn|3
|
|t:|1785170329
|switch|p2a: Incineroar|Incineroar, L50, M|100/100
|-ability|p2a: Incineroar|Intimidate|boost
|-unboost|p1a: Whimsicott|atk|1
|-unboost|p1b: Glimmora|atk|1
|move|p1b: Glimmora|Spiky Shield|p1b: Glimmora
|-singleturn|p1b: Glimmora|move: Protect
|move|p2b: WeCanMakeItBetter|Protect|p2b: WeCanMakeItBetter
|-singleturn|p2b: WeCanMakeItBetter|Protect
|move|p1a: Whimsicott|Encore|p2a: Incineroar
|-hint|Since gen 7, Dark is immune to Prankster moves.
|-immune|p2a: Incineroar
|
|upkeep
|turn|4
|
|t:|1785170342
|move|p2b: WeCanMakeItBetter|Rage Powder|p2b: WeCanMakeItBetter
|-singleturn|p2b: WeCanMakeItBetter|move: Rage Powder
|move|p1a: Whimsicott|Encore|p2b: WeCanMakeItBetter
|-start|p2b: WeCanMakeItBetter|Encore
|move|p1b: Glimmora|Power Gem|p2b: WeCanMakeItBetter
|-damage|p2b: WeCanMakeItBetter|0 fnt
|faint|p2b: WeCanMakeItBetter
|move|p2a: Incineroar|Flare Blitz|p1a: Whimsicott
|-supereffective|p1a: Whimsicott|1
|-damage|p1a: Whimsicott|0 fnt
|faint|p1a: Whimsicott
|-damage|p2a: Incineroar|94/100|[from] Recoil
|
|upkeep
|
|t:|1785170355
|switch|p1a: Kingambit|Kingambit, L50, F|100/100
|switch|p2b: Floette|Floette-Mega, L50, F|100/100
|-ability|p2b: Floette|Fairy Aura
|turn|5
|
|t:|1785170380
|switch|p2a: Garchomp|Garchomp, L50, M|100/100
|move|p2b: Floette|Protect|p2b: Floette
|-singleturn|p2b: Floette|Protect
|move|p1b: Glimmora|Earth Power|p2a: Garchomp
|-damage|p2a: Garchomp|58/100
|move|p1a: Kingambit|Kowtow Cleave|p2a: Garchomp
|-damage|p2a: Garchomp|0 fnt
|-damage|p1a: Kingambit|87/100|[from] ability: Rough Skin|[of] p2a: Garchomp
|faint|p2a: Garchomp
|
|-sideend|p1: palle synchro|move: Tailwind
|upkeep
|
|t:|1785170386
|switch|p2a: Incineroar|Incineroar, L50, M|94/100
|-ability|p2a: Incineroar|Intimidate|boost
|-unboost|p1a: Kingambit|atk|1
|-ability|p1a: Kingambit|Defiant|boost
|-boost|p1a: Kingambit|atk|2
|-unboost|p1b: Glimmora|atk|1
|turn|6
|
|t:|1785170405
|move|p1b: Glimmora|Spiky Shield|p1b: Glimmora
|-singleturn|p1b: Glimmora|move: Protect
|move|p1a: Kingambit|Protect|p1a: Kingambit
|-singleturn|p1a: Kingambit|Protect
|move|p2a: Incineroar|Fake Out|p1a: Kingambit
|-activate|p1a: Kingambit|move: Protect
|move|p2b: Floette|Dazzling Gleam|p1a: Kingambit|[spread] 
|-activate|p1a: Kingambit|move: Protect
|-activate|p1b: Glimmora|move: Protect
|
|upkeep
|turn|7
|
|t:|1785170411
|move|p2b: Floette|Dazzling Gleam|p1b: Glimmora|[spread] p1a,p1b
|-resisted|p1b: Glimmora|1
|-damage|p1a: Kingambit|45/100
|-damage|p1b: Glimmora|12/100
|move|p1b: Glimmora|Power Gem|p2a: Incineroar
|-supereffective|p2a: Incineroar|1
|-damage|p2a: Incineroar|0 fnt
|faint|p2a: Incineroar
|move|p1a: Kingambit|Iron Head|p2b: Floette
|-supereffective|p2b: Floette|1
|-damage|p2b: Floette|0 fnt
|faint|p2b: Floette
|
|win|palle synchro
