|j|☆Jj18697
|j|☆NathanaelW19
|html|Jj18697NathanaelW19    
|uhtml|bestof|Game 2 of a best-of-3
|t:|1756719164
|gametype|doubles
|player|p1|Jj18697|2|1044
|player|p2|NathanaelW19|scientist|1073
|gen|9
|tier|[Gen 9] VGC 2025 Reg H (Bo3)
|rated|
|rule|Species Clause: Limit one of each Pokémon
|rule|Item Clause: Limit 1 of each item
|clearpoke
|poke|p1|Gholdengo, L50|
|poke|p1|Dragonite, L50, F|
|poke|p1|Ninetales-Alola, L50, F|
|poke|p1|Rillaboom, L50, F|
|poke|p1|Arcanine-Hisui, L50, F|
|poke|p1|Sneasler, L50, M|
|poke|p2|Amoonguss, L50, M|
|poke|p2|Politoed, L50, F|
|poke|p2|Gothitelle, L50, M|
|poke|p2|Archaludon, L50, M|
|poke|p2|Rillaboom, L50, F|
|poke|p2|Incineroar, L50, M|
|teampreview|4
|showteam|p1|Gholdengo||GrassySeed|GoodasGold|MakeItRain,ShadowBall,NastyPlot,Protect||||||50|,,,,,Water]Dragonite||LoadedDice|Multiscale|ScaleShot,Tailwind,Haze,Protect|||F|||50|,,,,,Fairy]Ninetales-Alola||FocusSash|SnowWarning|AuroraVeil,IcyWind,FreezeDry,Encore|||F|||50|,,,,,Ghost]Rillaboom||AssaultVest|GrassySurge|FakeOut,WoodHammer,GrassyGlide,Uturn|||F|||50|,,,,,Fire]Arcanine-Hisui||ClearAmulet|Intimidate|RockSlide,FlareBlitz,ExtremeSpeed,Protect|||F|||50|,,,,,Water]Sneasler||WhiteHerb|Unburden|DireClaw,CloseCombat,Coaching,Protect|||M|||50|,,,,,Stellar
|showteam|p2|Amoonguss||EjectButton|Regenerator|Spore,RagePowder,PollenPuff,Protect|||M|||50|,,,,,Dark]Politoed||Leftovers|Drizzle|PerishSong,WeatherBall,Encore,Protect|||F|||50|,,,,,Grass]Gothitelle||SitrusBerry|ShadowTag|FakeOut,Psychic,Protect,TrickRoom|||M|||50|,,,,,Water]Archaludon||PowerHerb|Sturdy|ElectroShot,Protect,FlashCannon,DragonPulse|||M|||50|,,,,,Electric]Rillaboom||AssaultVest|GrassySurge|FakeOut,Uturn,WoodHammer,KnockOff|||F|||50|,,,,,Poison]Incineroar||SafetyGoggles|Intimidate|FlareBlitz,Protect,PartingShot,FakeOut|||M|||50|,,,,,Ghost
|inactive|Battle timer is ON: inactive players will automatically lose when time's up. (requested by Jj18697)
|inactive|NathanaelW19 also wants the timer to be on.
|inactive|Jj18697 has 60 seconds left.
|inactive|NathanaelW19 has 60 seconds left.
|j| future wolfey
|
|t:|1756719206
|teamsize|p1|4
|teamsize|p2|4
|start
|switch|p1a: Rillaboom|Rillaboom, L50, F, shiny|100/100
|switch|p1b: Gholdengo|Gholdengo, L50|100/100
|switch|p2a: Wednesday|Gothitelle, L50, M|100/100
|switch|p2b: Boom? Boom. BOOM!|Rillaboom, L50, F, shiny|100/100
|-fieldstart|move: Grassy Terrain|[from] ability: Grassy Surge|[of] p1a: Rillaboom
|-enditem|p1b: Gholdengo|Grassy Seed
|-boost|p1b: Gholdengo|def|1|[from] item: Grassy Seed
|turn|1
|
|t:|1756719229
|-terastallize|p2a: Wednesday|Water
|move|p1b: Gholdengo|Protect|p1b: Gholdengo
|-singleturn|p1b: Gholdengo|Protect
|move|p1a: Rillaboom|U-turn|p2a: Wednesday
|-damage|p2a: Wednesday|78/100
|
|t:|1756719239
|switch|p1a: Arcanine|Arcanine-Hisui, L50, F, shiny|100/100|[from] U-turn
|-ability|p1a: Arcanine|Intimidate|boost
|-unboost|p2a: Wednesday|atk|1
|-unboost|p2b: Boom? Boom. BOOM!|atk|1
|move|p2b: Boom? Boom. BOOM!|Knock Off|p1b: Gholdengo
|-activate|p1b: Gholdengo|move: Protect
|move|p2a: Wednesday|Trick Room|p2a: Wednesday
|-fieldstart|move: Trick Room|[of] p2a: Wednesday
|
|-heal|p2a: Wednesday|85/100|[from] Grassy Terrain
|upkeep
|turn|2
|
|t:|1756719262
|switch|p1b: Rillaboom|Rillaboom, L50, F, shiny|100/100
|move|p2a: Wednesday|Psychic|p1a: Arcanine
|-damage|p1a: Arcanine|67/100
|move|p2b: Boom? Boom. BOOM!|U-turn|p1b: Rillaboom
|-supereffective|p1b: Rillaboom
|-crit|p1b: Rillaboom
|-damage|p1b: Rillaboom|40/100
|
|t:|1756719274
|switch|p2b: Jabłko|Politoed, L50, F, shiny|100/100|[from] U-turn
|-weather|RainDance|[from] ability: Drizzle|[of] p2b: Jabłko
|move|p1a: Arcanine|Flare Blitz|p2b: Jabłko
|-resisted|p2b: Jabłko
|-damage|p2b: Jabłko|85/100
|-damage|p1a: Arcanine|61/100|[from] Recoil
|
|-weather|RainDance|[upkeep]
|-heal|p2a: Wednesday|91/100|[from] Grassy Terrain
|-heal|p1b: Rillaboom|45/100|[from] Grassy Terrain
|-heal|p2b: Jabłko|91/100|[from] Grassy Terrain
|-heal|p2b: Jabłko|97/100|[from] item: Leftovers
|-heal|p1a: Arcanine|67/100|[from] Grassy Terrain
|upkeep
|turn|3
|
|t:|1756719289
|move|p2a: Wednesday|Protect|p2a: Wednesday
|-singleturn|p2a: Wednesday|Protect
|move|p1a: Arcanine|Protect|p1a: Arcanine
|-singleturn|p1a: Arcanine|Protect
|move|p1b: Rillaboom|Wood Hammer|p2a: Wednesday
|-activate|p2a: Wednesday|move: Protect
|move|p2b: Jabłko|Weather Ball|p1a: Arcanine
|-activate|p1a: Arcanine|move: Protect
|
|-weather|RainDance|[upkeep]
|-heal|p2a: Wednesday|97/100|[from] Grassy Terrain
|-heal|p1b: Rillaboom|51/100|[from] Grassy Terrain
|-heal|p2b: Jabłko|100/100|[from] Grassy Terrain
|-heal|p1a: Arcanine|72/100|[from] Grassy Terrain
|upkeep
|turn|4
|
|t:|1756719296
|switch|p2a: Boom? Boom. BOOM!|Rillaboom, L50, F, shiny|100/100
|-terastallize|p1a: Arcanine|Water
|move|p1b: Rillaboom|Wood Hammer|p2a: Boom? Boom. BOOM!
|-resisted|p2a: Boom? Boom. BOOM!
|-damage|p2a: Boom? Boom. BOOM!|67/100
|-damage|p1b: Rillaboom|40/100|[from] Recoil
|move|p2b: Jabłko|Weather Ball|p1a: Arcanine
|-resisted|p1a: Arcanine
|-damage|p1a: Arcanine|40/100
|move|p1a: Arcanine|Rock Slide|p2b: Jabłko|[spread] p2a,p2b
|-damage|p2a: Boom? Boom. BOOM!|41/100
|-damage|p2b: Jabłko|71/100
|
|-weather|RainDance|[upkeep]
|-heal|p2a: Boom? Boom. BOOM!|47/100|[from] Grassy Terrain
|-heal|p1b: Rillaboom|46/100|[from] Grassy Terrain
|-heal|p2b: Jabłko|77/100|[from] Grassy Terrain
|-heal|p2b: Jabłko|83/100|[from] item: Leftovers
|-heal|p1a: Arcanine|46/100|[from] Grassy Terrain
|upkeep
|turn|5
|
|t:|1756719314
|switch|p1b: Gholdengo|Gholdengo, L50|100/100
|switch|p1a: Dragonite|Dragonite, L50, F|100/100
|move|p2a: Boom? Boom. BOOM!|Wood Hammer|p1a: Dragonite
|-resisted|p1a: Dragonite
|-damage|p1a: Dragonite|90/100
|-damage|p2a: Boom? Boom. BOOM!|44/100|[from] Recoil
|move|p2b: Jabłko|Weather Ball|p1b: Gholdengo
|-damage|p1b: Gholdengo|51/100
|
|-weather|RainDance|[upkeep]
|-heal|p2a: Boom? Boom. BOOM!|50/100|[from] Grassy Terrain
|-heal|p2b: Jabłko|89/100|[from] Grassy Terrain
|-heal|p2b: Jabłko|95/100|[from] item: Leftovers
|-heal|p1b: Gholdengo|58/100|[from] Grassy Terrain
|-fieldend|move: Trick Room
|-fieldend|move: Grassy Terrain
|upkeep
|turn|6
|inactive|NathanaelW19 has 30 seconds left.
|
|t:|1756719342
|move|p2b: Jabłko|Protect|p2b: Jabłko
|-singleturn|p2b: Jabłko|Protect
|move|p1b: Gholdengo|Nasty Plot|p1b: Gholdengo
|-boost|p1b: Gholdengo|spa|2
|move|p1a: Dragonite|Scale Shot|p2b: Jabłko
|-activate|p2b: Jabłko|move: Protect
|move|p2a: Boom? Boom. BOOM!|Knock Off|p1b: Gholdengo
|-supereffective|p1b: Gholdengo
|-damage|p1b: Gholdengo|9/100
|
|-weather|none
|-heal|p2b: Jabłko|100/100|[from] item: Leftovers
|upkeep
|turn|7
|
|t:|1756719360
|switch|p2a: Wednesday|Gothitelle, L50, M, tera:Water|97/100
|move|p1b: Gholdengo|Shadow Ball|p2a: Wednesday
|-damage|p2a: Wednesday|22/100
|-enditem|p2a: Wednesday|Sitrus Berry|[eat]
|-heal|p2a: Wednesday|47/100|[from] item: Sitrus Berry
|move|p1a: Dragonite|Scale Shot|p2b: Jabłko
|-damage|p2b: Jabłko|84/100
|-damage|p2b: Jabłko|68/100
|-damage|p2b: Jabłko|52/100
|-damage|p2b: Jabłko|37/100
|-damage|p2b: Jabłko|20/100
|-hitcount|p2b: Jabłko|5
|-unboost|p1a: Dragonite|def|1
|-boost|p1a: Dragonite|spe|1
|move|p2b: Jabłko|Perish Song|p2b: Jabłko
|-start|p1a: Dragonite|perish3|[silent]
|-immune|p1b: Gholdengo|[from] ability: Good as Gold
|-start|p2a: Wednesday|perish3|[silent]
|-start|p2b: Jabłko|perish3|[silent]
|-fieldactivate|move: Perish Song
|
|-heal|p2b: Jabłko|26/100|[from] item: Leftovers
|-start|p1a: Dragonite|perish3
|-start|p2b: Jabłko|perish3
|-start|p2a: Wednesday|perish3
|upkeep
|turn|8
|
|t:|1756719374
|move|p2a: Wednesday|Protect|p2a: Wednesday
|-singleturn|p2a: Wednesday|Protect
|move|p1a: Dragonite|Scale Shot|p2b: Jabłko
|-damage|p2b: Jabłko|10/100
|-damage|p2b: Jabłko|0 fnt
|faint|p2b: Jabłko
|-hitcount|p2: Jabłko|2
|-unboost|p1a: Dragonite|def|1
|-boost|p1a: Dragonite|spe|1
|move|p1b: Gholdengo|Shadow Ball|p2a: Wednesday
|-activate|p2a: Wednesday|move: Protect
|
|-start|p1a: Dragonite|perish2
|-start|p2a: Wednesday|perish2
|upkeep
|
|t:|1756719384
|switch|p2b: Boom? Boom. BOOM!|Rillaboom, L50, F, shiny|50/100
|-fieldstart|move: Grassy Terrain|[from] ability: Grassy Surge|[of] p2b: Boom? Boom. BOOM!
|turn|9
|
|t:|1756719397
|switch|p2a: Hello There|Archaludon, L50, M, shiny|100/100
|move|p1a: Dragonite|Protect|p1a: Dragonite
|-singleturn|p1a: Dragonite|Protect
|move|p1b: Gholdengo|Shadow Ball|p2a: Hello There
|-ability|p2a: Hello There|Sturdy
|-damage|p2a: Hello There|1/100
|move|p2b: Boom? Boom. BOOM!|U-turn|p1a: Dragonite
|-activate|p1a: Dragonite|move: Protect
|
|-heal|p2a: Hello There|7/100|[from] Grassy Terrain
|-heal|p1b: Gholdengo|15/100|[from] Grassy Terrain
|-heal|p2b: Boom? Boom. BOOM!|56/100|[from] Grassy Terrain
|-start|p1a: Dragonite|perish1
|upkeep
|turn|10
|
|t:|1756719420
|move|p1a: Dragonite|Scale Shot|p2a: Hello There
|-damage|p2a: Hello There|0 fnt
|faint|p2a: Hello There
|-hitcount|p2: Hello There|1
|-unboost|p1a: Dragonite|def|1
|-boost|p1a: Dragonite|spe|1
|move|p1b: Gholdengo|Shadow Ball|p2b: Boom? Boom. BOOM!
|-damage|p2b: Boom? Boom. BOOM!|0 fnt
|faint|p2b: Boom? Boom. BOOM!
|
|-heal|p1b: Gholdengo|21/100|[from] Grassy Terrain
|-start|p1a: Dragonite|perish0
|faint|p1a: Dragonite
|upkeep
|c|☆NathanaelW19|Im stupid lol
|c|☆NathanaelW19|i forgot arch
|
|t:|1756719432
|switch|p1a: Rillaboom|Rillaboom, L50, F, shiny|46/100
|switch|p2b: Wednesday|Gothitelle, L50, M, tera:Water|47/100
|turn|11
|
|t:|1756719438
|move|p1a: Rillaboom|Fake Out|p2b: Wednesday
|-damage|p2b: Wednesday|35/100
|cant|p2b: Wednesday|flinch
|move|p1b: Gholdengo|Shadow Ball|p2b: Wednesday
|-damage|p2b: Wednesday|0 fnt
|faint|p2b: Wednesday
|
|win|Jj18697
|c|☆NathanaelW19|Ggs
