|j|☆wizzcoaster
|j|☆RegiSIXSEVEN
|html|wizzcoasterRegiSIXSEVEN    
|uhtml|bestof|Game 2 of a best-of-3
|t:|1782370704
|gametype|doubles
|player|p1|wizzcoaster|adaman-masters|1173
|player|p2|RegiSIXSEVEN|steven|1152
|gen|9
|tier|[Gen 9 Champions] VGC 2026 Reg M-B (Bo3)
|rated|
|rule|Species Clause: Limit one of each Pokémon
|rule|Item Clause: Limit 1 of each item
|clearpoke
|poke|p1|Staraptor, L50, F|
|poke|p1|Garchomp, L50, F|
|poke|p1|Milotic, L50, F|
|poke|p1|Grimmsnarl, L50, M|
|poke|p1|Gholdengo, L50|
|poke|p1|Venusaur, L50, F|
|poke|p2|Blaziken, L50, F, shiny|
|poke|p2|Kingambit, L50, M, shiny|
|poke|p2|Froslass, L50, F, shiny|
|poke|p2|Aerodactyl, L50, M, shiny|
|poke|p2|Sinistcha, L50, shiny|
|poke|p2|Garchomp, L50, F, shiny|
|teampreview|4
|showteam|p1|Staraptor||Staraptite|Intimidate|BraveBird,CloseCombat,Roost,Protect|Adamant||F|||50|]Garchomp||ExpertBelt|RoughSkin|DragonClaw,StompingTantrum,PoisonJab,RockSlide|Adamant||F|||50|]Milotic||Leftovers|Competitive|MuddyWater,Hypnosis,Coil,LifeDew|Modest||F|||50|]Grimmsnarl||LightClay|Prankster|SpiritBreak,Reflect,LightScreen,PartingShot|Careful||M|||50|]Gholdengo||SitrusBerry|GoodasGold|MakeItRain,ShadowBall,NastyPlot,Protect|Modest|||||50|]Venusaur||Venusaurite|Chlorophyll|GigaDrain,SludgeBomb,EarthPower,Protect|Modest||F|||50|
|showteam|p2|Blaziken||FocusSash|SpeedBoost|HeatWave,AuraSphere,Coaching,Protect|Jolly||F|||50|]Kingambit||ChopleBerry|Defiant|SuckerPunch,KowtowCleave,IronHead,Protect|Adamant||M|||50|]Froslass||Froslassite|SnowCloak|Blizzard,ShadowBall,AuroraVeil,Protect|Timid||F|||50|]Aerodactyl||Aerodactylite|RockHead|RockSlide,DualWingbeat,Tailwind,WideGuard|Jolly||M|||50|]Sinistcha||KasibBerry|Hospitality|MatchaGotcha,RagePowder,TrickRoom,Protect|Bold|||||50|]Garchomp||LifeOrb|RoughSkin|DragonClaw,StompingTantrum,RockSlide,Protect|Jolly||F|||50|
|inactive|Battle timer is ON: inactive players will automatically lose when time's up. (requested by RegiSIXSEVEN)
|
|t:|1782370730
|teamsize|p1|4
|teamsize|p2|4
|start
|switch|p1a: Grimmsnarl|Grimmsnarl, L50, M|100/100
|switch|p1b: Milotic|Milotic, L50, F|100/100
|switch|p2a: Froslass|Froslass, L50, F, shiny|100/100
|switch|p2b: Sinistcha|Sinistcha, L50, shiny|100/100
|turn|1
|
|t:|1782370752
|detailschange|p2a: Froslass|Froslass-Mega, L50, F, shiny
|-mega|p2a: Froslass|Froslass|Froslassite
|-weather|Snowscape|[from] ability: Snow Warning|[of] p2a: Froslass
|move|p1a: Grimmsnarl|Light Screen|p1a: Grimmsnarl
|-sidestart|p1: wizzcoaster|move: Light Screen
|move|p2a: Froslass|Blizzard|p1b: Milotic|[spread] p1a,p1b
|-resisted|p1b: Milotic|1
|-damage|p1a: Grimmsnarl|76/100
|-damage|p1b: Milotic|91/100
|move|p1b: Milotic|Coil|p1b: Milotic
|-boost|p1b: Milotic|atk|1
|-boost|p1b: Milotic|def|1
|-boost|p1b: Milotic|accuracy|1
|move|p2b: Sinistcha|Matcha Gotcha|p1a: Grimmsnarl|[spread] p1a,p1b
|-supereffective|p1b: Milotic|1
|-damage|p1a: Grimmsnarl|60/100
|-damage|p1b: Milotic|66/100
|
|-weather|Snowscape|[upkeep]
|-heal|p1b: Milotic|72/100|[from] item: Leftovers
|upkeep
|turn|2
|
|t:|1782370769
|move|p1a: Grimmsnarl|Parting Shot|p2b: Sinistcha
|-unboost|p2b: Sinistcha|atk|1
|-unboost|p2b: Sinistcha|spa|1
|
|t:|1782370773
|switch|p1a: Staraptor|Staraptor, L50, F|100/100|[from] Parting Shot
|-ability|p1a: Staraptor|Intimidate|boost
|-unboost|p2a: Froslass|atk|1
|-unboost|p2b: Sinistcha|atk|1
|move|p2a: Froslass|Aurora Veil|p2a: Froslass
|-sidestart|p2: RegiSIXSEVEN|move: Aurora Veil
|move|p1b: Milotic|Hypnosis|p2a: Froslass
|-status|p2a: Froslass|slp|[from] move: Hypnosis
|move|p2b: Sinistcha|Matcha Gotcha|p1a: Staraptor|[spread] p1a,p1b
|-resisted|p1a: Staraptor|1
|-supereffective|p1b: Milotic|1
|-damage|p1a: Staraptor|92/100
|-damage|p1b: Milotic|56/100
|
|-weather|Snowscape|[upkeep]
|-heal|p1b: Milotic|62/100|[from] item: Leftovers
|upkeep
|turn|3
|
|t:|1782370790
|detailschange|p1a: Staraptor|Staraptor-Mega, L50, F
|-mega|p1a: Staraptor|Staraptor|Staraptite
|cant|p2a: Froslass|slp
|move|p1a: Staraptor|Brave Bird|p2b: Sinistcha
|-supereffective|p2b: Sinistcha|1
|-damage|p2b: Sinistcha|19/100
|-damage|p1a: Staraptor|65/100|[from] Recoil
|move|p1b: Milotic|Life Dew|p1b: Milotic|[spread] p1a,p1b
|-heal|p1a: Staraptor|90/100
|-heal|p1b: Milotic|88/100
|move|p2b: Sinistcha|Matcha Gotcha|p1a: Staraptor|[spread] p1a,p1b
|-resisted|p1a: Staraptor|1
|-supereffective|p1b: Milotic|1
|-damage|p1a: Staraptor|85/100
|-heal|p2b: Sinistcha|21/100|[from] drain|[of] p1a: Staraptor
|-damage|p1b: Milotic|73/100
|-heal|p2b: Sinistcha|30/100|[from] drain|[of] p1b: Milotic
|
|-weather|Snowscape|[upkeep]
|-heal|p1b: Milotic|79/100|[from] item: Leftovers
|upkeep
|turn|4
|
|t:|1782370811
|move|p2b: Sinistcha|Protect|p2b: Sinistcha
|-singleturn|p2b: Sinistcha|Protect
|-curestatus|p2a: Froslass|slp|[msg]
|move|p2a: Froslass|Blizzard|p1b: Milotic|[spread] p1a,p1b
|-supereffective|p1a: Staraptor|1
|-resisted|p1b: Milotic|1
|-damage|p1a: Staraptor|27/100
|-damage|p1b: Milotic|69/100
|move|p1a: Staraptor|Brave Bird|p2b: Sinistcha
|-activate|p2b: Sinistcha|move: Protect
|move|p1b: Milotic|Muddy Water|p2a: Froslass|[spread] p2a
|-activate|p2b: Sinistcha|move: Protect
|-damage|p2a: Froslass|82/100
|
|-weather|Snowscape|[upkeep]
|-heal|p1b: Milotic|75/100|[from] item: Leftovers
|upkeep
|turn|5
|
|t:|1782370825
|move|p1a: Staraptor|Protect|p1a: Staraptor
|-singleturn|p1a: Staraptor|Protect
|move|p2a: Froslass|Blizzard|p1a: Staraptor|[spread] p1b
|-activate|p1a: Staraptor|move: Protect
|-resisted|p1b: Milotic|1
|-damage|p1b: Milotic|67/100
|move|p1b: Milotic|Hypnosis|p2b: Sinistcha
|-status|p2b: Sinistcha|slp|[from] move: Hypnosis
|cant|p2b: Sinistcha|slp
|
|-weather|none
|-heal|p1b: Milotic|73/100|[from] item: Leftovers
|upkeep
|turn|6
|
|t:|1782370837
|switch|p1a: Grimmsnarl|Grimmsnarl, L50, M|60/100
|move|p2a: Froslass|Blizzard|p1b: Milotic|[spread] p1a
|-miss|p2a: Froslass|p1b: Milotic
|-crit|p1a: Grimmsnarl
|-damage|p1a: Grimmsnarl|5/100
|move|p1b: Milotic|Muddy Water|p2a: Froslass|[spread] p2a,p2b
|-resisted|p2b: Sinistcha|1
|-damage|p2a: Froslass|63/100
|-damage|p2b: Sinistcha|21/100 slp
|-unboost|p2a: Froslass|accuracy|1
|cant|p2b: Sinistcha|slp
|
|-heal|p1b: Milotic|79/100|[from] item: Leftovers
|-sideend|p2: RegiSIXSEVEN|move: Aurora Veil
|upkeep
|turn|7
|
|t:|1782370858
|switch|p2a: Garchomp|Garchomp, L50, F, shiny|100/100
|move|p1a: Grimmsnarl|Parting Shot|p2a: Garchomp
|-unboost|p2a: Garchomp|atk|1
|-unboost|p2a: Garchomp|spa|1
|
|t:|1782370865
|switch|p1a: Staraptor|Staraptor-Mega, L50, F|27/100|[from] Parting Shot
|move|p1b: Milotic|Muddy Water|p2a: Garchomp|[spread] p2a,p2b
|-resisted|p2b: Sinistcha|1
|-damage|p2a: Garchomp|74/100
|-damage|p2b: Sinistcha|7/100 slp
|-unboost|p2b: Sinistcha|accuracy|1
|-curestatus|p2b: Sinistcha|slp|[msg]
|move|p2b: Sinistcha|Matcha Gotcha|p1b: Milotic|[spread] p1a,p1b
|-resisted|p1a: Staraptor|1
|-crit|p1a: Staraptor
|-supereffective|p1b: Milotic|1
|-damage|p1a: Staraptor|9/100
|-heal|p2b: Sinistcha|17/100|[from] drain|[of] p1a: Staraptor
|-damage|p1b: Milotic|64/100
|-heal|p2b: Sinistcha|25/100|[from] drain|[of] p1b: Milotic
|
|-heal|p1b: Milotic|70/100|[from] item: Leftovers
|upkeep
|turn|8
|
|t:|1782370888
|move|p2a: Garchomp|Rock Slide|p1b: Milotic|[spread] p1a,p1b
|-damage|p1a: Staraptor|0 fnt
|-damage|p1b: Milotic|61/100
|faint|p1a: Staraptor
|-damage|p2a: Garchomp|64/100|[from] item: Life Orb
|cant|p1b: Milotic|flinch
|move|p2b: Sinistcha|Matcha Gotcha|p1b: Milotic
|-supereffective|p1b: Milotic|1
|-damage|p1b: Milotic|41/100
|-heal|p2b: Sinistcha|37/100|[from] drain|[of] p1b: Milotic
|
|-heal|p1b: Milotic|47/100|[from] item: Leftovers
|-sideend|p1: wizzcoaster|move: Light Screen
|upkeep
|
|t:|1782370892
|switch|p1a: Garchomp|Garchomp, L50, F|100/100
|turn|9
|
|t:|1782370912
|switch|p2a: Blaziken|Blaziken, L50, F, shiny|100/100
|move|p1a: Garchomp|Dragon Claw|p2b: Sinistcha
|-damage|p2b: Sinistcha|3/100
|move|p1b: Milotic|Hypnosis|p2a: Blaziken|[miss]
|-miss|p1b: Milotic|p2a: Blaziken
|move|p2b: Sinistcha|Matcha Gotcha|p1a: Garchomp|[spread] p1a,p1b
|-supereffective|p1b: Milotic|1
|-damage|p1a: Garchomp|83/100
|-heal|p2b: Sinistcha|12/100|[from] drain|[of] p1a: Garchomp
|-damage|p1b: Milotic|23/100
|-heal|p2b: Sinistcha|26/100|[from] drain|[of] p1b: Milotic
|-status|p1b: Milotic|brn
|
|-heal|p1b: Milotic|29/100 brn|[from] item: Leftovers
|-damage|p1b: Milotic|23/100 brn|[from] brn
|upkeep
|turn|10
|inactive|RegiSIXSEVEN has 30 seconds left.
|
|t:|1782370940
|move|p2a: Blaziken|Protect|p2a: Blaziken
|-singleturn|p2a: Blaziken|Protect
|move|p1a: Garchomp|Dragon Claw|p2b: Sinistcha
|-damage|p2b: Sinistcha|0 fnt
|faint|p2b: Sinistcha
|move|p1b: Milotic|Life Dew|p1b: Milotic|[spread] p1a,p1b
|-heal|p1a: Garchomp|100/100
|-heal|p1b: Milotic|48/100 brn
|
|-heal|p1b: Milotic|54/100 brn|[from] item: Leftovers
|-damage|p1b: Milotic|48/100 brn|[from] brn
|-ability|p2a: Blaziken|Speed Boost|boost
|-boost|p2a: Blaziken|spe|1
|upkeep
|
|t:|1782370951
|switch|p2b: Garchomp|Garchomp, L50, F, shiny|64/100
|turn|11
|
|t:|1782370975
|move|p2a: Blaziken|Coaching|p2b: Garchomp
|-boost|p2b: Garchomp|atk|1
|-boost|p2b: Garchomp|def|1
|move|p2b: Garchomp|Dragon Claw|p1a: Garchomp
|-supereffective|p1a: Garchomp|1
|-damage|p1a: Garchomp|0 fnt
|-damage|p2b: Garchomp|52/100|[from] ability: Rough Skin|[of] p1a: Garchomp
|faint|p1a: Garchomp
|-damage|p2b: Garchomp|42/100|[from] item: Life Orb
|move|p1b: Milotic|Muddy Water|p2b: Garchomp|[spread] p2a,p2b
|-supereffective|p2a: Blaziken|1
|-damage|p2a: Blaziken|14/100
|-damage|p2b: Garchomp|15/100
|
|-heal|p1b: Milotic|54/100 brn|[from] item: Leftovers
|-damage|p1b: Milotic|48/100 brn|[from] brn
|-ability|p2a: Blaziken|Speed Boost|boost
|-boost|p2a: Blaziken|spe|1
|upkeep
|
|t:|1782370983
|switch|p1a: Grimmsnarl|Grimmsnarl, L50, M|5/100
|turn|12
|
|t:|1782370993
|move|p1a: Grimmsnarl|Light Screen|p1a: Grimmsnarl
|-sidestart|p1: wizzcoaster|move: Light Screen
|move|p2a: Blaziken|Heat Wave|p1b: Milotic|[spread] p1a
|-miss|p2a: Blaziken|p1b: Milotic
|-damage|p1a: Grimmsnarl|0 fnt
|faint|p1a: Grimmsnarl
|move|p2b: Garchomp|Dragon Claw|p1b: Milotic
|-damage|p1b: Milotic|5/100 brn
|-damage|p2b: Garchomp|5/100|[from] item: Life Orb
|move|p1b: Milotic|Muddy Water|p2a: Blaziken|[spread] p2a,p2b
|-supereffective|p2a: Blaziken|1
|-damage|p2a: Blaziken|0 fnt
|-damage|p2b: Garchomp|0 fnt
|faint|p2a: Blaziken
|faint|p2b: Garchomp
|
|-heal|p1b: Milotic|11/100 brn|[from] item: Leftovers
|-damage|p1b: Milotic|5/100 brn|[from] brn
|upkeep
|-message|wizzcoaster forfeited.
|
|win|RegiSIXSEVEN
|l|☆wizzcoaster
|player|p1|
||wizzcoaster is ready for game 3.
||wizzcoaster is ready for game 3.
