|j|☆bingbongwhoosh
|j|‽informtech
|html|bingbongwhooshinformtech    
|uhtml|bestof|Game 2 of a best-of-3
|t:|1783008215
|gametype|doubles
|player|p1|bingbongwhoosh|169|1104
|player|p2|informtech|170|1163
|gen|9
|tier|[Gen 9 Champions] VGC 2026 Reg M-B (Bo3)
|rated|
|rule|Species Clause: Limit one of each Pokémon
|rule|Item Clause: Limit 1 of each item
|clearpoke
|poke|p1|Whimsicott, L50, M|
|poke|p1|Charizard, L50, F|
|poke|p1|Incineroar, L50, M|
|poke|p1|Basculegion, L50, M|
|poke|p1|Mawile, L50, M|
|poke|p1|Farigiraf, L50, M|
|poke|p2|Staraptor, L50, M|
|poke|p2|Whimsicott, L50, F|
|poke|p2|Basculegion, L50, M|
|poke|p2|Garchomp, L50, M|
|poke|p2|Charizard, L50, M|
|poke|p2|Kingambit, L50, F|
|teampreview|4
|showteam|p1|Whimsicott||FocusSash|Prankster|Tailwind,Moonblast,Encore,Protect|Timid||M|||50|]Charizard||CharizarditeY|Blaze|Protect,HeatWave,WeatherBall,SolarBeam|Timid||F|||50|]Incineroar||SitrusBerry|Intimidate|FlareBlitz,ThroatChop,PartingShot,FakeOut|Impish||M|||50|]Basculegion||ChoiceScarf|Adaptability|LastRespects,FlipTurn,WaveCrash,AquaJet|Adamant||M|||50|]Mawile||Mawilite|HyperCutter|PlayRough,IronHead,Protect,SuckerPunch|Adamant||M|||50|]Farigiraf||ColburBerry|ArmorTail|HyperVoice,TrickRoom,HelpingHand,Psychic|Relaxed||M|||50|
|showteam|p2|Staraptor||Staraptite|Intimidate|CloseCombat,DualWingbeat,Protect,Roost|Adamant||M|||50|]Whimsicott||FocusSash|Prankster|Tailwind,TrickRoom,Moonblast,Tickle|Quiet||F|||50|]Basculegion||LifeOrb|Adaptability|LastRespects,Protect,AquaJet,WaveCrash|Jolly||M|||50|]Garchomp||ExpertBelt|RoughSkin|DragonClaw,RockTomb,Earthquake,Protect|Adamant||M|||50|]Charizard||CharizarditeY|SolarPower|HeatWave,AirSlash,SolarBeam,Protect|Modest||M|||50|]Kingambit||BlackGlasses|Defiant|KowtowCleave,SuckerPunch,Protect,IronHead|Adamant||F|||50|
|inactive|Battle timer is ON: inactive players will automatically lose when time's up. (requested by bingbongwhoosh)
|
|t:|1783008246
|teamsize|p1|4
|teamsize|p2|4
|start
|switch|p1a: Charizard|Charizard, L50, F|100/100
|switch|p1b: Whimsicott|Whimsicott, L50, M|100/100
|switch|p2a: Whimsicott|Whimsicott, L50, F|100/100
|switch|p2b: Garchomp|Garchomp, L50, M|100/100
|turn|1
|
|t:|1783008256
|switch|p1a: Farigiraf|Farigiraf, L50, M|100/100
|move|p2a: Whimsicott|Tailwind|p2a: Whimsicott
|-sidestart|p2: informtech|move: Tailwind
|move|p2b: Garchomp|Rock Tomb|p1a: Farigiraf
|-damage|p1a: Farigiraf|79/100
|-unboost|p1a: Farigiraf|spe|1
|move|p1b: Whimsicott|Moonblast|p2b: Garchomp
|-supereffective|p2b: Garchomp|1
|-damage|p2b: Garchomp|31/100
|
|upkeep
|turn|2
|inactive|informtech has 30 seconds left.
|
|t:|1783008284
|move|p1b: Whimsicott|Protect|p1b: Whimsicott
|-singleturn|p1b: Whimsicott|Protect
|move|p2b: Garchomp|Earthquake|p1b: Whimsicott|[spread] p2a,p1a
|-activate|p1b: Whimsicott|move: Protect
|-resisted|p2a: Whimsicott|1
|-damage|p2a: Whimsicott|73/100
|-damage|p1a: Farigiraf|44/100
|move|p2a: Whimsicott|Trick Room|p2a: Whimsicott
|-fieldstart|move: Trick Room|[of] p2a: Whimsicott
|move|p1a: Farigiraf|Trick Room|p1a: Farigiraf
|-fieldend|move: Trick Room
|
|upkeep
|turn|3
|
|t:|1783008301
|switch|p1a: Charizard|Charizard, L50, F|100/100
|move|p1b: Whimsicott|Encore|p2a: Whimsicott
|-start|p2a: Whimsicott|Encore
|move|p2b: Garchomp|Rock Tomb|p1a: Charizard|[miss]
|-miss|p2b: Garchomp|p1a: Charizard
|move|p2a: Whimsicott|Trick Room|p2a: Whimsicott
|-fieldstart|move: Trick Room|[of] p2a: Whimsicott
|
|upkeep
|turn|4
|
|t:|1783008317
|detailschange|p1a: Charizard|Charizard-Mega-Y, L50, F
|-mega|p1a: Charizard|Charizard|Charizardite Y
|-weather|SunnyDay|[from] ability: Drought|[of] p1a: Charizard
|move|p1a: Charizard|Heat Wave|p2b: Garchomp|[spread] p2a,p2b
|-supereffective|p2a: Whimsicott|1
|-resisted|p2b: Garchomp|1
|-damage|p2a: Whimsicott|0 fnt
|-damage|p2b: Garchomp|0 fnt
|faint|p2a: Whimsicott
|faint|p2b: Garchomp
|move|p1b: Whimsicott|Moonblast|p2: Whimsicott|[notarget]
|-fail|p1b: Whimsicott
|
|-weather|SunnyDay|[upkeep]
|-sideend|p2: informtech|move: Tailwind
|upkeep
|
|t:|1783008321
|switch|p2a: Basculegion|Basculegion, L50, M|100/100
|switch|p2b: Staraptor|Staraptor, L50, M|100/100
|-ability|p2b: Staraptor|Intimidate|boost
|-unboost|p1a: Charizard|atk|1
|-unboost|p1b: Whimsicott|atk|1
|turn|5
|
|t:|1783008342
|detailschange|p2b: Staraptor|Staraptor-Mega, L50, M
|-mega|p2b: Staraptor|Staraptor|Staraptite
|move|p1b: Whimsicott|Protect|p1b: Whimsicott
|-singleturn|p1b: Whimsicott|Protect
|move|p2a: Basculegion|Protect|p2a: Basculegion
|-singleturn|p2a: Basculegion|Protect
|move|p1a: Charizard|Protect|p1a: Charizard
|-singleturn|p1a: Charizard|Protect
|move|p2b: Staraptor|Dual Wingbeat|p1a: Charizard
|-activate|p1a: Charizard|move: Protect
|
|-weather|SunnyDay|[upkeep]
|upkeep
|turn|6
|
|t:|1783008361
|move|p1b: Whimsicott|Encore|p2a: Basculegion
|-start|p2a: Basculegion|Encore
|move|p2a: Basculegion|Protect||[still]
|-fail|p2a: Basculegion
|move|p2b: Staraptor|Dual Wingbeat|p1b: Whimsicott
|-supereffective|p1b: Whimsicott|1
|-damage|p1b: Whimsicott|22/100
|-supereffective|p1b: Whimsicott|1
|-damage|p1b: Whimsicott|0 fnt
|faint|p1b: Whimsicott
|-hitcount|p1: Whimsicott|2
|move|p1a: Charizard|Weather Ball|p2b: Staraptor
|-damage|p2b: Staraptor|9/100
|
|-weather|SunnyDay|[upkeep]
|upkeep
|
|t:|1783008372
|switch|p1b: Basculegion|Basculegion, L50, M|100/100
|turn|7
|
|t:|1783008379
|move|p2a: Basculegion|Protect|p2a: Basculegion
|-singleturn|p2a: Basculegion|Protect
|move|p2b: Staraptor|Dual Wingbeat|p1a: Charizard
|-damage|p1a: Charizard|62/100
|-damage|p1a: Charizard|29/100
|-hitcount|p1a: Charizard|2
|move|p1a: Charizard|Heat Wave|p2b: Staraptor|[spread] p2b
|-activate|p2a: Basculegion|move: Protect
|-damage|p2b: Staraptor|0 fnt
|faint|p2b: Staraptor
|move|p1b: Basculegion|Last Respects|p2a: Basculegion
|-activate|p2a: Basculegion|move: Protect
|
|-weather|SunnyDay|[upkeep]
|-fieldend|move: Trick Room
|upkeep
|turn|8
|
|t:|1783008384
|move|p2a: Basculegion|Protect||[still]
|-fail|p2a: Basculegion
|move|p1b: Basculegion|Last Respects|p2a: Basculegion
|-supereffective|p2a: Basculegion|1
|-damage|p2a: Basculegion|0 fnt
|faint|p2a: Basculegion
|
|win|bingbongwhoosh
|raw|bingbongwhoosh's rating: 1104 → 1133(+29 for winning)
|raw|informtech's rating: 1163 → 1134(-29 for losing)
