|j|☆floettefan670
|j|☆nicven
|html|floettefan670nicven    
|uhtml|bestof|Game 2 of a best-of-3
|t:|1783865345
|gametype|doubles
|player|p1|floettefan670|miku-psychic|1080
|player|p2|nicven|1|1172
|gen|9
|tier|[Gen 9 Champions] VGC 2026 Reg M-B (Bo3)
|rated|
|rule|Species Clause: Limit one of each Pokémon
|rule|Item Clause: Limit 1 of each item
|clearpoke
|poke|p1|Floette-Eternal, L50, F|
|poke|p1|Delphox, L50, M|
|poke|p1|Garchomp, L50, M|
|poke|p1|Sneasler, L50, M|
|poke|p1|Sinistcha, L50|
|poke|p1|Incineroar, L50, M|
|poke|p2|Ninetales-Alola, L50, M|
|poke|p2|Farigiraf, L50, F|
|poke|p2|Incineroar, L50, F|
|poke|p2|Mawile, L50, M|
|poke|p2|Basculegion, L50, M|
|poke|p2|Drampa, L50, M|
|teampreview|4
|showteam|p1|Floette-Eternal||Floettite|FlowerVeil|Protect,CalmMind,DazzlingGleam,DrainingKiss|Modest||F|||50|]Delphox||Delphoxite|Blaze|HeatWave,Psychic,NastyPlot,Protect|Timid||M|||50|]Garchomp||ChoiceScarf|RoughSkin|RockSlide,Earthquake,StompingTantrum,DragonClaw|Adamant||M|||50|]Sneasler||FocusSash|PoisonTouch|FakeOut,PoisonJab,CloseCombat,QuickGuard|Jolly||M|||50|]Sinistcha||KasibBerry|Hospitality|MatchaGotcha,RagePowder,Protect,TrickRoom|Calm|||||50|]Incineroar||SitrusBerry|Intimidate|FakeOut,FlareBlitz,ThroatChop,PartingShot|Impish||M|||50|
|showteam|p2|Ninetales-Alola||FocusSash|SnowWarning|Blizzard,FreezeDry,Protect,AuroraVeil|Timid||M|||50|]Farigiraf||ColburBerry|ArmorTail|Psychic,TrickRoom,HelpingHand,Protect|Quiet||F|||50|]Incineroar||Charcoal|Intimidate|FlareBlitz,ThroatChop,PartingShot,FakeOut|Adamant||F|||50|]Mawile||Mawilite|HyperCutter|PlayRough,SuckerPunch,RockSlide,Protect|Adamant||M|||50|]Basculegion||SitrusBerry|Adaptability|WaveCrash,LastRespects,AquaJet,Protect|Adamant||M|||50|]Drampa||Drampanite|CloudNine|HyperVoice,DragonPulse,EarthPower,Protect|Quiet||M|||50|
|
|t:|1783865362
|teamsize|p1|4
|teamsize|p2|4
|start
|switch|p1a: Delphox|Delphox, L50, M|100/100
|switch|p1b: Incineroar|Incineroar, L50, M|100/100
|switch|p2a: Farigiraf|Farigiraf, L50, F|100/100
|switch|p2b: Incineroar|Incineroar, L50, F|100/100
|-ability|p1b: Incineroar|Intimidate|boost
|-unboost|p2a: Farigiraf|atk|1
|-unboost|p2b: Incineroar|atk|1
|-ability|p2b: Incineroar|Intimidate|boost
|-unboost|p1a: Delphox|atk|1
|-unboost|p1b: Incineroar|atk|1
|turn|1
|
|t:|1783865378
|detailschange|p1a: Delphox|Delphox-Mega, L50, M
|-mega|p1a: Delphox|Delphox|Delphoxite
|move|p2a: Farigiraf|Helping Hand|p2b: Incineroar
|-singleturn|p2b: Incineroar|Helping Hand|[of] p2a: Farigiraf
|move|p1a: Delphox|Nasty Plot|p1a: Delphox
|-boost|p1a: Delphox|spa|2
|move|p1b: Incineroar|Parting Shot|p2b: Incineroar
|-unboost|p2b: Incineroar|atk|1
|-unboost|p2b: Incineroar|spa|1
|
|t:|1783865388
|switch|p1b: Garchomp|Garchomp, L50, M|100/100|[from] Parting Shot
|move|p2b: Incineroar|Throat Chop|p1a: Delphox
|-supereffective|p1a: Delphox|1
|-damage|p1a: Delphox|28/100
|-start|p1a: Delphox|Throat Chop|[silent]
|
|upkeep
|turn|2
|
|t:|1783865407
|switch|p2b: Basculegion|Basculegion, L50, M|100/100
|move|p2a: Farigiraf|Protect|p2a: Farigiraf
|-singleturn|p2a: Farigiraf|Protect
|move|p1b: Garchomp|Earthquake|p2b: Basculegion|[spread] p2b
|-activate|p2a: Farigiraf|move: Protect
|-immune|p1a: Delphox|[from] ability: Levitate
|-damage|p2b: Basculegion|50/100g
|move|p1a: Delphox|Heat Wave|p2b: Basculegion|[spread] p2b
|-activate|p2a: Farigiraf|move: Protect
|-resisted|p2b: Basculegion|1
|-damage|p2b: Basculegion|15/100
|-enditem|p2b: Basculegion|Sitrus Berry|[eat]
|-heal|p2b: Basculegion|40/100|[from] item: Sitrus Berry
|
|-end|p1a: Delphox|Throat Chop|[silent]
|upkeep
|turn|3
|
|t:|1783865429
|move|p1a: Delphox|Protect|p1a: Delphox
|-singleturn|p1a: Delphox|Protect
|move|p2b: Basculegion|Aqua Jet|p1a: Delphox
|-activate|p1a: Delphox|move: Protect
|move|p1b: Garchomp|Earthquake|p2a: Farigiraf|[spread] p2a,p2b
|-activate|p1a: Delphox|move: Protect
|-damage|p2a: Farigiraf|65/100
|-damage|p2b: Basculegion|0 fnt
|faint|p2b: Basculegion
|move|p2a: Farigiraf|Trick Room|p2a: Farigiraf
|-fieldstart|move: Trick Room|[of] p2a: Farigiraf
|
|upkeep
|
|t:|1783865457
|switch|p2b: Incineroar|Incineroar, L50, F|100/100
|-ability|p2b: Incineroar|Intimidate|boost
|-unboost|p1a: Delphox|atk|1
|-unboost|p1b: Garchomp|atk|1
|turn|4
|
|t:|1783865481
|switch|p1a: Sinistcha|Sinistcha, L50|100/100
|move|p2a: Farigiraf|Psychic|p1b: Garchomp
|-damage|p1b: Garchomp|57/100
|move|p2b: Incineroar|Parting Shot|p1b: Garchomp
|-unboost|p1b: Garchomp|atk|1
|-unboost|p1b: Garchomp|spa|1
|
|t:|1783865489
|switch|p2b: Mawile|Mawile, L50, M|100/100|[from] Parting Shot
|move|p1b: Garchomp|Earthquake|p2b: Mawile|[spread] p1a,p2a,p2b
|-resisted|p1a: Sinistcha|1
|-supereffective|p2b: Mawile|1
|-damage|p1a: Sinistcha|91/100
|-damage|p2a: Farigiraf|46/100
|-damage|p2b: Mawile|41/100
|
|upkeep
|turn|5
|
|t:|1783865511
|detailschange|p2b: Mawile|Mawile-Mega, L50, M
|-mega|p2b: Mawile|Mawile|Mawilite
|move|p1a: Sinistcha|Rage Powder|p1a: Sinistcha
|-singleturn|p1a: Sinistcha|move: Rage Powder
|move|p2b: Mawile|Play Rough|p1a: Sinistcha
|-damage|p1a: Sinistcha|11/100
|move|p2a: Farigiraf|Psychic|p1a: Sinistcha
|-damage|p1a: Sinistcha|0 fnt
|faint|p1a: Sinistcha
|move|p1b: Garchomp|Earthquake|p2b: Mawile|[spread] p2a,p2b
|-supereffective|p2b: Mawile|1
|-damage|p2a: Farigiraf|26/100
|-damage|p2b: Mawile|3/100
|
|upkeep
|
|t:|1783865518
|switch|p1a: Incineroar|Incineroar, L50, M|100/100
|-ability|p1a: Incineroar|Intimidate|boost
|-unboost|p2a: Farigiraf|atk|1
|-unboost|p2b: Mawile|atk|1
|turn|6
|
|t:|1783865573
|switch|p2a: Incineroar|Incineroar, L50, F|100/100
|-ability|p2a: Incineroar|Intimidate|boost
|-unboost|p1a: Incineroar|atk|1
|-unboost|p1b: Garchomp|atk|1
|switch|p1b: Delphox|Delphox-Mega, L50, M|28/100
|move|p2b: Mawile|Rock Slide|p1b: Delphox|[spread] p1b
|-miss|p2b: Mawile|p1a: Incineroar
|-supereffective|p1b: Delphox|1
|-damage|p1b: Delphox|0 fnt
|faint|p1b: Delphox
|move|p1a: Incineroar|Flare Blitz|p2b: Mawile
|-supereffective|p2b: Mawile|1
|-damage|p2b: Mawile|0 fnt
|faint|p2b: Mawile
|-damage|p1a: Incineroar|99/100|[from] Recoil
|
|upkeep
|
|t:|1783865590
|switch|p2b: Farigiraf|Farigiraf, L50, F|26/100
|switch|p1b: Garchomp|Garchomp, L50, M|57/100
|turn|7
|
|t:|1783865626
|move|p2b: Farigiraf|Psychic|p1b: Garchomp
|-damage|p1b: Garchomp|14/100
|move|p2a: Incineroar|Throat Chop|p1b: Garchomp
|-damage|p1b: Garchomp|0 fnt
|-damage|p2a: Incineroar|87/100|[from] ability: Rough Skin|[of] p1b: Garchomp
|faint|p1b: Garchomp
|move|p1a: Incineroar|Parting Shot|p2a: Incineroar
|-unboost|p2a: Incineroar|atk|1
|-unboost|p2a: Incineroar|spa|1
|
|-fieldend|move: Trick Room
|upkeep
|turn|8
|
|t:|1783865647
|move|p2b: Farigiraf|Protect|p2b: Farigiraf
|-singleturn|p2b: Farigiraf|Protect
|move|p1a: Incineroar|Throat Chop|p2b: Farigiraf
|-activate|p2b: Farigiraf|move: Protect
|move|p2a: Incineroar|Throat Chop|p1a: Incineroar
|-resisted|p1a: Incineroar|1
|-damage|p1a: Incineroar|87/100
|-start|p1a: Incineroar|Throat Chop|[silent]
|
|upkeep
|turn|9
|
|t:|1783865666
|move|p2b: Farigiraf|Helping Hand|p2a: Incineroar
|-singleturn|p2a: Incineroar|Helping Hand|[of] p2b: Farigiraf
|move|p1a: Incineroar|Flare Blitz|p2b: Farigiraf
|-damage|p2b: Farigiraf|0 fnt
|faint|p2b: Farigiraf
|-damage|p1a: Incineroar|77/100|[from] Recoil
|move|p2a: Incineroar|Flare Blitz|p1a: Incineroar
|-resisted|p1a: Incineroar|1
|-damage|p1a: Incineroar|48/100
|-enditem|p1a: Incineroar|Sitrus Berry|[eat]
|-heal|p1a: Incineroar|73/100|[from] item: Sitrus Berry
|-damage|p2a: Incineroar|78/100|[from] Recoil
|
|-end|p1a: Incineroar|Throat Chop|[silent]
|upkeep
|turn|10
|
|t:|1783865681
|move|p1a: Incineroar|Parting Shot|p2a: Incineroar
|-unboost|p2a: Incineroar|atk|1
|-unboost|p2a: Incineroar|spa|1
|move|p2a: Incineroar|Throat Chop|p1a: Incineroar
|-resisted|p1a: Incineroar|1
|-damage|p1a: Incineroar|65/100
|-start|p1a: Incineroar|Throat Chop|[silent]
|
|upkeep
|turn|11
|
|t:|1783865691
|move|p1a: Incineroar|Throat Chop|p2a: Incineroar
|-resisted|p2a: Incineroar|1
|-damage|p2a: Incineroar|67/100
|-start|p2a: Incineroar|Throat Chop|[silent]
|move|p2a: Incineroar|Flare Blitz|p1a: Incineroar
|-resisted|p1a: Incineroar|1
|-damage|p1a: Incineroar|52/100
|-damage|p2a: Incineroar|62/100|[from] Recoil
|
|-end|p1a: Incineroar|Throat Chop|[silent]
|upkeep
|turn|12
|
|t:|1783865703
|move|p1a: Incineroar|Parting Shot|p2a: Incineroar
|-unboost|p2a: Incineroar|atk|1
|-unboost|p2a: Incineroar|spa|1
|move|p2a: Incineroar|Throat Chop|p1a: Incineroar
|-resisted|p1a: Incineroar|1
|-damage|p1a: Incineroar|46/100
|-start|p1a: Incineroar|Throat Chop|[silent]
|
|-end|p2a: Incineroar|Throat Chop|[silent]
|upkeep
|turn|13
|
|t:|1783865720
|move|p1a: Incineroar|Throat Chop|p2a: Incineroar
|-resisted|p2a: Incineroar|1
|-damage|p2a: Incineroar|51/100
|-start|p2a: Incineroar|Throat Chop|[silent]
|move|p2a: Incineroar|Flare Blitz|p1a: Incineroar
|-resisted|p1a: Incineroar|1
|-crit|p1a: Incineroar
|-damage|p1a: Incineroar|4/100
|-damage|p2a: Incineroar|38/100|[from] Recoil
|
|-end|p1a: Incineroar|Throat Chop|[silent]
|upkeep
|turn|14
|-message|floettefan670 forfeited.
|
|win|nicven
|raw|floettefan670's rating: 1080 → 1064(-16 for losing)
|raw|nicven's rating: 1172 → 1191(+19 for winning)
|l|☆floettefan670
|player|p1|
