|j|☆baarboo
|j|☆noka47
|html|baarboonoka47    
|uhtml|bestof|Game 3 of a best-of-3
|t:|1782224405
|gametype|doubles
|player|p1|baarboo|170|1205
|player|p2|noka47|101|1134
|gen|9
|tier|[Gen 9 Champions] VGC 2026 Reg M-B (Bo3)
|rated|
|rule|Species Clause: Limit one of each Pokémon
|rule|Item Clause: Limit 1 of each item
|clearpoke
|poke|p1|Staraptor, L50, F|
|poke|p1|Grimmsnarl, L50, M, shiny|
|poke|p1|Sinistcha, L50|
|poke|p1|Sylveon, L50, M, shiny|
|poke|p1|Garchomp, L50, F|
|poke|p1|Gholdengo, L50|
|poke|p2|Mawile, L50, F|
|poke|p2|Incineroar, L50, F|
|poke|p2|Sneasler, L50, F|
|poke|p2|Pelipper, L50, M|
|poke|p2|Farigiraf, L50, M|
|poke|p2|Sinistcha, L50|
|teampreview|4
|showteam|p1|Staraptor||Staraptite|Intimidate|CloseCombat,BraveBird,Roost,Protect|Jolly||F|||50|]Grimmsnarl||LightClay|Prankster|PartingShot,Reflect,LightScreen,FoulPlay|Careful||M|||50|]Sinistcha||KasibBerry|Hospitality|MatchaGotcha,Protect,StrengthSap,RagePowder|Bold|||||50|]Sylveon||FairyFeather|Pixilate|HyperVoice,BabyDollEyes,HyperBeam,Detect|Modest||M|||50|]Garchomp||ChoiceScarf|RoughSkin|Earthquake,DragonClaw,RockTomb,StompingTantrum|Adamant||F|||50|]Gholdengo||LifeOrb|GoodasGold|ShadowBall,NastyPlot,MakeItRain,Protect|Timid|||||50|
|showteam|p2|Mawile||Mawilite|Intimidate|IronHead,PlayRough,SuckerPunch,Protect|Adamant||F|||50|]Incineroar||PasshoBerry|Intimidate|FlareBlitz,DarkestLariat,FakeOut,PartingShot|Adamant||F|||50|]Sneasler||WhiteHerb|Unburden|CloseCombat,DireClaw,FakeOut,Protect|Adamant||F|||50|]Pelipper||LifeOrb|Drizzle|Hurricane,WeatherBall,IceBeam,Protect|Modest||M|||50|]Farigiraf||ColburBerry|ArmorTail|Psychic,Thunderbolt,TrickRoom,Protect|Quiet||M|||50|]Sinistcha||SitrusBerry|Hospitality|MatchaGotcha,RagePowder,TrickRoom,ShadowBall|Relaxed|||||50|
|inactive|Battle timer is ON: inactive players will automatically lose when time's up. (requested by baarboo)
|inactive|baarboo has 60 seconds left.
|inactive|noka47 has 60 seconds left.
|inactive|noka47 has 30 seconds left.
|
|t:|1782224468
|teamsize|p1|4
|teamsize|p2|4
|start
|switch|p1a: Sylveon|Sylveon, L50, M, shiny|100/100
|switch|p1b: Staraptor|Staraptor, L50, F|100/100
|switch|p2a: Sneasler|Sneasler, L50, F|100/100
|switch|p2b: Farigiraf|Farigiraf, L50, M|100/100
|-ability|p1b: Staraptor|Intimidate|boost
|-unboost|p2a: Sneasler|atk|1
|-unboost|p2b: Farigiraf|atk|1
|-enditem|p2a: Sneasler|White Herb
|-clearnegativeboost|p2a: Sneasler|[silent]
|turn|1
|j| tsoro
|l| tsoro
|j| tsoro
|l| tsoro
|inactive|noka47 has 30 seconds left.
|
|t:|1782224498
|detailschange|p1b: Staraptor|Staraptor-Mega, L50, F
|-mega|p1b: Staraptor|Staraptor|Staraptite
|move|p2a: Sneasler|Dire Claw|p1b: Staraptor
|-damage|p1b: Staraptor|57/100
|-status|p1b: Staraptor|psn
|move|p1b: Staraptor|Close Combat|p2b: Farigiraf
|-damage|p2b: Farigiraf|30/100
|-boost|p1b: Staraptor|def|1
|-boost|p1b: Staraptor|spd|1
|move|p1a: Sylveon|Hyper Voice|p2a: Sneasler|[spread] p2a,p2b
|-damage|p2a: Sneasler|35/100
|-damage|p2b: Farigiraf|0 fnt
|faint|p2b: Farigiraf
|
|-damage|p1b: Staraptor|45/100 psn|[from] psn
|upkeep
|
|t:|1782224513
|switch|p2b: Sinistcha|Sinistcha, L50|100/100
|-heal|p2a: Sneasler|59/100|[from] ability: Hospitality|[of] p2b: Sinistcha
|turn|2
|
|t:|1782224522
|move|p2a: Sneasler|Dire Claw|p1a: Sylveon
|-supereffective|p1a: Sylveon|1
|-crit|p1a: Sylveon
|-damage|p1a: Sylveon|0 fnt
|faint|p1a: Sylveon
|move|p1b: Staraptor|Brave Bird|p2b: Sinistcha
|-supereffective|p2b: Sinistcha|1
|-damage|p2b: Sinistcha|7/100
|-enditem|p2b: Sinistcha|Sitrus Berry|[eat]
|-heal|p2b: Sinistcha|32/100|[from] item: Sitrus Berry
|-damage|p1b: Staraptor|13/100 psn|[from] Recoil
|move|p2b: Sinistcha|Trick Room|p2b: Sinistcha
|-fieldstart|move: Trick Room|[of] p2b: Sinistcha
|
|-damage|p1b: Staraptor|1/100 psn|[from] psn
|upkeep
|
|t:|1782224529
|switch|p1a: Sinistcha|Sinistcha, L50|100/100
|-heal|p1b: Staraptor|25/100 psn|[from] ability: Hospitality|[of] p1a: Sinistcha
|turn|3
|
|t:|1782224543
|switch|p1b: Grimmsnarl|Grimmsnarl, L50, M, shiny|100/100
|switch|p2a: Mawile|Mawile, L50, F|100/100
|-ability|p2a: Mawile|Intimidate|boost
|-unboost|p1a: Sinistcha|atk|1
|-unboost|p1b: Grimmsnarl|atk|1
|move|p2b: Sinistcha|Matcha Gotcha|p1a: Sinistcha|[spread] p1a,p1b
|-resisted|p1a: Sinistcha|1
|-damage|p1a: Sinistcha|88/100
|-heal|p2b: Sinistcha|38/100|[from] drain|[of] p1a: Sinistcha
|-damage|p1b: Grimmsnarl|77/100
|-heal|p2b: Sinistcha|51/100|[from] drain|[of] p1b: Grimmsnarl
|-status|p1b: Grimmsnarl|brn
|move|p1a: Sinistcha|Matcha Gotcha|p2a: Mawile|[spread] p2a,p2b
|-resisted|p2a: Mawile|1
|-resisted|p2b: Sinistcha|1
|-damage|p2a: Mawile|80/100
|-heal|p1a: Sinistcha|96/100|[from] drain|[of] p2a: Mawile
|-damage|p2b: Sinistcha|38/100
|-heal|p1a: Sinistcha|100/100|[from] drain|[of] p2b: Sinistcha
|
|-damage|p1b: Grimmsnarl|71/100 brn|[from] brn
|upkeep
|turn|4
|inactive|noka47 has 30 seconds left.
|inactive|noka47 has 20 seconds left.
|inactive|noka47 has 15 seconds left.
|inactive|noka47 has 10 seconds left.
|
|t:|1782224589
|detailschange|p2a: Mawile|Mawile-Mega, L50, F
|-mega|p2a: Mawile|Mawile|Mawilite
|move|p1b: Grimmsnarl|Reflect|p1b: Grimmsnarl
|-sidestart|p1: baarboo|Reflect
|move|p2a: Mawile|Iron Head|p1b: Grimmsnarl
|-supereffective|p1b: Grimmsnarl|1
|-damage|p1b: Grimmsnarl|0 fnt
|faint|p1b: Grimmsnarl
|move|p2b: Sinistcha|Shadow Ball|p1a: Sinistcha
|-supereffective|p1a: Sinistcha|1
|-enditem|p1a: Sinistcha|Kasib Berry|[eat]
|-enditem|p1a: Sinistcha|Kasib Berry|[weaken]
|-damage|p1a: Sinistcha|64/100
|move|p1a: Sinistcha|Matcha Gotcha|p2a: Mawile|[spread] p2b
|-miss|p1a: Sinistcha|p2a: Mawile
|-resisted|p2b: Sinistcha|1
|-damage|p2b: Sinistcha|22/100
|-heal|p1a: Sinistcha|72/100|[from] drain|[of] p2b: Sinistcha
|
|upkeep
|
|t:|1782224595
|switch|p1b: Staraptor|Staraptor-Mega, L50, F|25/100 psn
|turn|5
|
|t:|1782224614
|move|p1b: Staraptor|Protect|p1b: Staraptor
|-singleturn|p1b: Staraptor|Protect
|move|p2a: Mawile|Iron Head|p1a: Sinistcha
|-damage|p1a: Sinistcha|29/100
|move|p2b: Sinistcha|Shadow Ball|p1a: Sinistcha
|-supereffective|p1a: Sinistcha|1
|-damage|p1a: Sinistcha|0 fnt
|faint|p1a: Sinistcha
|
|-damage|p1b: Staraptor|13/100 psn|[from] psn
|upkeep
|turn|6
|
|t:|1782224629
|move|p2a: Mawile|Iron Head|p1b: Staraptor
|-damage|p1b: Staraptor|0 fnt
|faint|p1b: Staraptor
|
|win|noka47
|raw|baarboo's rating: 1205 → 1175(-30 for losing)
|raw|noka47's rating: 1134 → 1164(+30 for winning)
|c|☆baarboo|buen crit
|c|☆noka47|gg
|l|☆baarboo
|player|p1|
