|j|☆J4yz1lla
|j|☆rip bozo lol lmao
|html|J4yz1llarip bozo lol lmao    
|uhtml|bestof|Game 2 of a best-of-3
|t:|1757644290
|gametype|doubles
|player|p1|J4yz1lla|2|1122
|player|p2|rip bozo lol lmao|miku-fairy|1105
|gen|9
|tier|[Gen 9] VGC 2025 Reg H (Bo3)
|rated|
|rule|Species Clause: Limit one of each Pokémon
|rule|Item Clause: Limit 1 of each item
|clearpoke
|poke|p1|Garchomp, L50, F|
|poke|p1|Tyranitar, L50, F|
|poke|p1|Corviknight, L50, F|
|poke|p1|Gastrodon, L50, M|
|poke|p1|Annihilape, L50, M|
|poke|p1|Grimmsnarl, L50, M|
|poke|p2|Corviknight, L50, F|
|poke|p2|Indeedee, L50, M|
|poke|p2|Tyranitar, L50, M|
|poke|p2|Excadrill, L50, F|
|poke|p2|Sneasler, L50, M|
|poke|p2|Sinistcha, L50|
|teampreview|4
|showteam|p1|Garchomp||ClearAmulet|RoughSkin|Earthquake,SwordsDance,Protect,IronHead|||F|||50|,,,,,Steel]Tyranitar||AssaultVest|SandStream|LowKick,RockSlide,KnockOff,HighHorsepower|||F|||50|,,,,,Flying]Corviknight||SitrusBerry|MirrorArmor|BodyPress,BulkUp,BraveBird,Tailwind|||F|||50|,,,,,Dragon]Gastrodon||CovertCloak|StormDrain|Yawn,MuddyWater,Protect,EarthPower|||M|||50|,,,,,Poison]Annihilape||Leftovers|Defiant|BulkUp,RageFist,DrainPunch,Protect|||M|||50|,,,,,Water]Grimmsnarl||LightClay|Prankster|Reflect,LightScreen,MistyTerrain,SpiritBreak|||M|||50|,,,,,Ghost
|showteam|p2|Corviknight||PsychicSeed|MirrorArmor|BraveBird,PowerTrip,BulkUp,Roost|||F|||50|,,,,,Fire]Indeedee||ChoiceScarf|PsychicSurge|ExpandingForce,TeraBlast,Trick,DazzlingGleam|||M|||50|,,,,,Psychic]Tyranitar||AssaultVest|SandStream|RockSlide,KnockOff,TeraBlast,LowKick|||M|||50|,,,,,Flying]Excadrill||FocusSash|SandRush|Earthquake,IronHead,SwordsDance,Protect|||F|||50|,,,,,Ground]Sneasler||WhiteHerb|Unburden|DireClaw,CloseCombat,Coaching,Protect|||M|||50|,,,,,Ghost]Sinistcha||SitrusBerry|Hospitality|MatchaGotcha,RagePowder,Curse,LifeDew||||||50|,,,,,Dark
|
|t:|1757644320
|teamsize|p1|4
|teamsize|p2|4
|start
|switch|p1a: Corviknight|Corviknight, L50, F|100/100
|switch|p1b: Gastrodon|Gastrodon, L50, M|100/100
|switch|p2a: Lagann|Excadrill, L50, F, shiny|100/100
|switch|p2b: I hate this mon|Sneasler, L50, M|100/100
|turn|1
|
|t:|1757644333
|move|p2a: Lagann|Protect|p2a: Lagann
|-singleturn|p2a: Lagann|Protect
|move|p2b: I hate this mon|Coaching|p2a: Lagann
|-boost|p2a: Lagann|atk|1
|-boost|p2a: Lagann|def|1
|move|p1a: Corviknight|Tailwind|p1a: Corviknight
|-sidestart|p1: J4yz1lla|move: Tailwind
|move|p1b: Gastrodon|Muddy Water|p2b: I hate this mon|[spread] p2b
|-activate|p2a: Lagann|move: Protect
|-damage|p2b: I hate this mon|71/100
|
|upkeep
|turn|2
|
|t:|1757644347
|move|p2b: I hate this mon|Dire Claw|p1b: Gastrodon
|-resisted|p1b: Gastrodon
|-damage|p1b: Gastrodon|82/100
|move|p1a: Corviknight|Bulk Up|p1a: Corviknight
|-boost|p1a: Corviknight|atk|1
|-boost|p1a: Corviknight|def|1
|move|p2a: Lagann|Swords Dance|p2a: Lagann
|-boost|p2a: Lagann|atk|2
|move|p1b: Gastrodon|Muddy Water|p2a: Lagann|[spread] p2a,p2b
|-supereffective|p2a: Lagann
|-damage|p2a: Lagann|44/100
|-damage|p2b: I hate this mon|43/100
|
|upkeep
|turn|3
|
|t:|1757644366
|move|p2a: Lagann|Protect|p2a: Lagann
|-singleturn|p2a: Lagann|Protect
|move|p2b: I hate this mon|Coaching|p2a: Lagann
|-boost|p2a: Lagann|atk|1
|-boost|p2a: Lagann|def|1
|move|p1a: Corviknight|Body Press|p2a: Lagann
|-activate|p2a: Lagann|move: Protect
|move|p1b: Gastrodon|Muddy Water|p2a: Lagann|[spread] p2b
|-activate|p2a: Lagann|move: Protect
|-damage|p2b: I hate this mon|16/100
|-unboost|p2b: I hate this mon|accuracy|1
|-enditem|p2b: I hate this mon|White Herb
|-clearnegativeboost|p2b: I hate this mon|[silent]
|
|upkeep
|turn|4
|
|t:|1757644396
|switch|p2b: Four Loko|Sinistcha, L50|100/100
|-heal|p2a: Lagann|69/100|[from] ability: Hospitality|[of] p2b: Four Loko
|move|p1a: Corviknight|Body Press|p2a: Lagann
|-supereffective|p2a: Lagann
|-damage|p2a: Lagann|24/100
|move|p2a: Lagann|Earthquake|p1b: Gastrodon|[spread] p2b,p1b
|-immune|p1a: Corviknight
|-resisted|p2b: Four Loko
|-damage|p2b: Four Loko|47/100
|-damage|p1b: Gastrodon|0 fnt
|-enditem|p2b: Four Loko|Sitrus Berry|[eat]
|-heal|p2b: Four Loko|72/100|[from] item: Sitrus Berry
|faint|p1b: Gastrodon
|
|-sideend|p1: J4yz1lla|move: Tailwind
|upkeep
|
|t:|1757644411
|switch|p1b: Garchomp|Garchomp, L50, F|100/100
|turn|5
|
|t:|1757644417
|move|p2a: Lagann|Protect|p2a: Lagann
|-singleturn|p2a: Lagann|Protect
|move|p1b: Garchomp|Earthquake|p2b: Four Loko|[spread] p2b
|-activate|p2a: Lagann|move: Protect
|-immune|p1a: Corviknight
|-resisted|p2b: Four Loko
|-damage|p2b: Four Loko|50/100
|move|p1a: Corviknight|Brave Bird|p2b: Four Loko
|-supereffective|p2b: Four Loko
|-damage|p2b: Four Loko|0 fnt
|faint|p2b: Four Loko
|-damage|p1a: Corviknight|86/100|[from] Recoil
|
|upkeep
|
|t:|1757644420
|switch|p2b: Gurren|Tyranitar, L50, M|100/100
|-weather|Sandstorm|[from] ability: Sand Stream|[of] p2b: Gurren
|turn|6
|
|t:|1757644438
|-terastallize|p2b: Gurren|Flying
|move|p2a: Lagann|Protect|p2a: Lagann
|-singleturn|p2a: Lagann|Protect
|move|p1b: Garchomp|Protect|p1b: Garchomp
|-singleturn|p1b: Garchomp|Protect
|move|p1a: Corviknight|Body Press|p2a: Lagann
|-activate|p2a: Lagann|move: Protect
|move|p2b: Gurren|Knock Off|p1a: Corviknight
|-damage|p1a: Corviknight|60/100
|-enditem|p1a: Corviknight|Sitrus Berry|[from] move: Knock Off|[of] p2b: Gurren
|
|-weather|Sandstorm|[upkeep]
|-damage|p2b: Gurren|95/100|[from] Sandstorm
|upkeep
|turn|7
|
|t:|1757644468
|switch|p1b: Tyranitar|Tyranitar, L50, F|100/100
|move|p2a: Lagann|Earthquake|p1a: Corviknight|[spread] p1b
|-immune|p2b: Gurren
|-immune|p1a: Corviknight
|-supereffective|p1b: Tyranitar
|-damage|p1b: Tyranitar|0 fnt
|faint|p1b: Tyranitar
|move|p1a: Corviknight|Body Press|p2a: Lagann
|-supereffective|p2a: Lagann
|-damage|p2a: Lagann|0 fnt
|faint|p2a: Lagann
|move|p2b: Gurren|Rock Slide|p1a: Corviknight
|-damage|p1a: Corviknight|40/100
|
|-weather|Sandstorm|[upkeep]
|-damage|p2b: Gurren|89/100|[from] Sandstorm
|upkeep
|
|t:|1757644479
|switch|p2a: I hate this mon|Sneasler, L50, M|16/100
|switch|p1b: Garchomp|Garchomp, L50, F|100/100
|turn|8
|inactive|Battle timer is ON: inactive players will automatically lose when time's up. (requested by rip bozo lol lmao)
|
|t:|1757644532
|move|p2a: I hate this mon|Coaching|p2b: Gurren
|-boost|p2b: Gurren|atk|1
|-boost|p2b: Gurren|def|1
|move|p1b: Garchomp|Iron Head|p2b: Gurren
|-damage|p2b: Gurren|73/100
|move|p1a: Corviknight|Tailwind|p1a: Corviknight
|-sidestart|p1: J4yz1lla|move: Tailwind
|move|p2b: Gurren|Knock Off|p1b: Garchomp
|-damage|p1b: Garchomp|16/100
|-damage|p2b: Gurren|61/100|[from] ability: Rough Skin|[of] p1b: Garchomp
|-enditem|p1b: Garchomp|Clear Amulet|[from] move: Knock Off|[of] p2b: Gurren
|
|-weather|Sandstorm|[upkeep]
|-damage|p2a: I hate this mon|10/100|[from] Sandstorm
|-damage|p2b: Gurren|55/100|[from] Sandstorm
|upkeep
|turn|9
|inactive|J4yz1lla has 30 seconds left.
|inactive|J4yz1lla has 20 seconds left.
|inactive|J4yz1lla has 15 seconds left.
|
|t:|1757644575
|-terastallize|p1b: Garchomp|Steel
|move|p1b: Garchomp|Iron Head|p2b: Gurren
|-damage|p2b: Gurren|30/100
|move|p2a: I hate this mon|Coaching|p2b: Gurren
|-boost|p2b: Gurren|atk|1
|-boost|p2b: Gurren|def|1
|move|p1a: Corviknight|Body Press|p2a: I hate this mon
|-resisted|p2a: I hate this mon
|-damage|p2a: I hate this mon|0 fnt
|faint|p2a: I hate this mon
|move|p2b: Gurren|Rock Slide|p1b: Garchomp|[spread] p1a,p1b
|-resisted|p1b: Garchomp
|-damage|p1a: Corviknight|8/100
|-damage|p1b: Garchomp|0 fnt
|faint|p1b: Garchomp
|
|-weather|Sandstorm|[upkeep]
|-damage|p2b: Gurren|24/100|[from] Sandstorm
|upkeep
|turn|10
|
|t:|1757644591
|move|p1a: Corviknight|Brave Bird|p2b: Gurren
|-damage|p2b: Gurren|2/100
|-damage|p1a: Corviknight|0 fnt|[from] Recoil
|faint|p1a: Corviknight
|
|win|rip bozo lol lmao
|raw|J4yz1lla's rating: 1122 → 1096(-26 for losing)
|raw|rip bozo lol lmao's rating: 1105 → 1131(+26 for winning)
|l|☆J4yz1lla
|player|p1|
