|j|☆QUELON
|j|☆jirkunow
|html|QUELONjirkunow    
|uhtml|bestof|Game 1 of a best-of-3
|t:|1756214024
|gametype|doubles
|player|p1|QUELON|cyrus|1153
|player|p2|jirkunow|1|1102
|gen|9
|tier|[Gen 9] VGC 2025 Reg H (Bo3)
|rated|
|rule|Species Clause: Limit one of each Pokémon
|rule|Item Clause: Limit 1 of each item
|clearpoke
|poke|p1|Gholdengo, L50|
|poke|p1|Sneasler, L50, F|
|poke|p1|Incineroar, L50, F|
|poke|p1|Amoonguss, L50, F|
|poke|p1|Dragonite, L50, M|
|poke|p1|Ursaluna-Bloodmoon, L50, M|
|poke|p2|Sneasler, L50, M|
|poke|p2|Gholdengo, L50|
|poke|p2|Rillaboom, L50, F|
|poke|p2|Incineroar, L50, F|
|poke|p2|Ursaluna, L50, F|
|poke|p2|Electabuzz, L50, M|
|teampreview|4
|showteam|p1|Gholdengo||LifeOrb|GoodasGold|MakeItRain,ShadowBall,NastyPlot,Protect||||||50|,,,,,Steel]Sneasler||FocusSash|PoisonTouch|FakeOut,CloseCombat,DireClaw,Protect|||F|||50|,,,,,Stellar]Incineroar||SafetyGoggles|Intimidate|FakeOut,FlareBlitz,KnockOff,PartingShot|||F|||50|,,,,,Ghost]Amoonguss||SitrusBerry|Regenerator|Spore,RagePowder,SludgeBomb,Protect|||F|||50|,,,,,Water]Dragonite||LoadedDice|Multiscale|ScaleShot,Haze,Tailwind,ExtremeSpeed|||M|||50|,,,,,Fairy]Ursaluna-Bloodmoon||AssaultVest|MindsEye|HyperVoice,BloodMoon,EarthPower,VacuumWave|||M|||50|,,,,,Normal
|showteam|p2|Sneasler||WhiteHerb|Unburden|Protect,CloseCombat,Taunt,DireClaw|||M|||50|,,,,,Fighting]Gholdengo||LifeOrb|GoodasGold|MakeItRain,Protect,ShadowBall,NastyPlot||||||50|,,,,,Water]Rillaboom||AssaultVest|GrassySurge|Uturn,GrassyGlide,FakeOut,DrumBeating|||F|||50|,,,,,Fire]Incineroar||SafetyGoggles|Intimidate|FakeOut,WillOWisp,PartingShot,KnockOff|||F|||50|,,,,,Ghost]Ursaluna||FlameOrb|Guts|DrainPunch,HeadlongRush,Facade,Protect|||F|||50|,,,,,Normal]Electabuzz||Eviolite|Static|Electroweb,FollowMe,Protect,HelpingHand|||M|||50|,,,,,Flying
|inactive|Battle timer is ON: inactive players will automatically lose when time's up. (requested by jirkunow)
|c|☆jirkunow|glhf :)
|c|☆QUELON|glhf
|inactive|QUELON has 60 seconds left.
|l|☆jirkunow
|inactive|jirkunow disconnected and has a minute to reconnect!
|player|p2|
|j|☆jirkunow
|inactive|jirkunow reconnected.
|player|p2|jirkunow|1|
|
|t:|1756214140
|teamsize|p1|4
|teamsize|p2|4
|start
|switch|p1a: Gholdengo|Gholdengo, L50|100/100
|switch|p1b: Incineroar|Incineroar, L50, F, shiny|100/100
|switch|p2a: Gholdengo|Gholdengo, L50|100/100
|switch|p2b: Incineroar|Incineroar, L50, F|100/100
|-ability|p2b: Incineroar|Intimidate|boost
|-unboost|p1a: Gholdengo|atk|1
|-unboost|p1b: Incineroar|atk|1
|-ability|p1b: Incineroar|Intimidate|boost
|-unboost|p2a: Gholdengo|atk|1
|-unboost|p2b: Incineroar|atk|1
|turn|1
|inactive|QUELON has 30 seconds left.
|inactive|jirkunow has 30 seconds left.
|inactive|QUELON has 20 seconds left.
|inactive|jirkunow has 20 seconds left.
|inactive|QUELON has 15 seconds left.
|inactive|jirkunow has 15 seconds left.
|inactive|QUELON has 10 seconds left.
|
|t:|1756214186
|-terastallize|p1a: Gholdengo|Steel
|-terastallize|p2a: Gholdengo|Water
|move|p1b: Incineroar|Fake Out|p2a: Gholdengo
|-damage|p2a: Gholdengo|93/100
|move|p1a: Gholdengo|Shadow Ball|p2a: Gholdengo
|-damage|p2a: Gholdengo|40/100
|-damage|p1a: Gholdengo|91/100|[from] item: Life Orb
|move|p2b: Incineroar|Knock Off|p1a: Gholdengo
|-damage|p1a: Gholdengo|61/100
|-enditem|p1a: Gholdengo|Life Orb|[from] move: Knock Off|[of] p2b: Incineroar
|cant|p2a: Gholdengo|flinch
|
|upkeep
|turn|2
|inactive|QUELON has 30 seconds left.
|inactive|QUELON has 20 seconds left.
|inactive|QUELON has 15 seconds left.
|inactive|QUELON has 10 seconds left.
|inactive|QUELON has 5 seconds left.
|
|t:|1756214239
|switch|p2a: Rillaboom|Rillaboom, L50, F|100/100
|-fieldstart|move: Grassy Terrain|[from] ability: Grassy Surge|[of] p2a: Rillaboom
|move|p1a: Gholdengo|Shadow Ball|p2a: Rillaboom
|-damage|p2a: Rillaboom|71/100
|-unboost|p2a: Rillaboom|spd|1
|move|p2b: Incineroar|Parting Shot|p1b: Incineroar
|-unboost|p1b: Incineroar|atk|1
|-unboost|p1b: Incineroar|spa|1
|
|t:|1756214249
|switch|p2b: Ursaluna|Ursaluna, L50, F|100/100|[from] Parting Shot
|move|p1b: Incineroar|Knock Off|p2b: Ursaluna
|-damage|p2b: Ursaluna|87/100
|-enditem|p2b: Ursaluna|Flame Orb|[from] move: Knock Off|[of] p1b: Incineroar
|
|-heal|p1a: Gholdengo|67/100|[from] Grassy Terrain
|-heal|p2a: Rillaboom|77/100|[from] Grassy Terrain
|-heal|p2b: Ursaluna|93/100|[from] Grassy Terrain
|upkeep
|turn|3
|inactive|QUELON has 30 seconds left.
|
|t:|1756214278
|switch|p1a: Dragonite|Dragonite, L50, M|100/100
|move|p2a: Rillaboom|Fake Out|p1b: Incineroar
|-damage|p1b: Incineroar|87/100
|move|p2b: Ursaluna|Headlong Rush|p1b: Incineroar
|-supereffective|p1b: Incineroar
|-damage|p1b: Incineroar|0 fnt
|-unboost|p2b: Ursaluna|def|1
|-unboost|p2b: Ursaluna|spd|1
|faint|p1b: Incineroar
|
|-heal|p2a: Rillaboom|83/100|[from] Grassy Terrain
|-heal|p2b: Ursaluna|99/100|[from] Grassy Terrain
|upkeep
|
|t:|1756214289
|switch|p1b: Gholdengo|Gholdengo, L50, tera:Steel|67/100
|turn|4
|inactive|QUELON has 30 seconds left.
|inactive|QUELON has 20 seconds left.
|inactive|QUELON has 15 seconds left.
|
|t:|1756214329
|move|p2b: Ursaluna|Protect|p2b: Ursaluna
|-singleturn|p2b: Ursaluna|Protect
|move|p1b: Gholdengo|Make It Rain|p2a: Rillaboom|[spread] p2a
|-activate|p2b: Ursaluna|move: Protect
|-damage|p2a: Rillaboom|18/100
|-unboost|p1b: Gholdengo|spa|1
|move|p1a: Dragonite|Scale Shot|p2a: Rillaboom
|-damage|p2a: Rillaboom|1/100
|-damage|p2a: Rillaboom|0 fnt
|faint|p2a: Rillaboom
|-hitcount|p2: Rillaboom|2
|-unboost|p1a: Dragonite|def|1
|-boost|p1a: Dragonite|spe|1
|
|-heal|p1b: Gholdengo|73/100|[from] Grassy Terrain
|-heal|p2b: Ursaluna|100/100|[from] Grassy Terrain
|upkeep
|
|t:|1756214341
|switch|p2a: Incineroar|Incineroar, L50, F|100/100
|-ability|p2a: Incineroar|Intimidate|boost
|-unboost|p1a: Dragonite|atk|1
|-unboost|p1b: Gholdengo|atk|1
|turn|5
|inactive|QUELON has 30 seconds left.
|
|t:|1756214366
|switch|p1a: Ursaluna|Ursaluna-Bloodmoon, L50, M|100/100
|switch|p2b: Gholdengo|Gholdengo, L50, tera:Water|40/100
|move|p1b: Gholdengo|Protect|p1b: Gholdengo
|-singleturn|p1b: Gholdengo|Protect
|move|p2a: Incineroar|Knock Off|p1a: Ursaluna
|-damage|p1a: Ursaluna|68/100
|-enditem|p1a: Ursaluna|Assault Vest|[from] move: Knock Off|[of] p2a: Incineroar
|
|-heal|p1b: Gholdengo|80/100|[from] Grassy Terrain
|-heal|p2b: Gholdengo|46/100|[from] Grassy Terrain
|-heal|p1a: Ursaluna|74/100|[from] Grassy Terrain
|upkeep
|turn|6
|inactive|QUELON has 30 seconds left.
|inactive|QUELON has 20 seconds left.
|
|t:|1756214402
|move|p1b: Gholdengo|Shadow Ball|p2b: Gholdengo
|-damage|p2b: Gholdengo|18/100
|move|p2a: Incineroar|Parting Shot|p1a: Ursaluna
|-unboost|p1a: Ursaluna|atk|1
|-unboost|p1a: Ursaluna|spa|1
|l|☆jirkunow
|inactive|jirkunow disconnected and has a minute to reconnect!
|player|p2|
|j|☆jirkunow
|inactive|jirkunow reconnected and has 40 seconds left.
|player|p2|jirkunow|1|
|
|t:|1756214427
|switch|p2a: Ursaluna|Ursaluna, L50, F|100/100|[from] Parting Shot
|move|p2b: Gholdengo|Nasty Plot|p2b: Gholdengo
|-boost|p2b: Gholdengo|spa|2
|move|p1a: Ursaluna|Earth Power|p2a: Ursaluna
|-damage|p2a: Ursaluna|69/100
|
|-heal|p1b: Gholdengo|86/100|[from] Grassy Terrain
|-heal|p2b: Gholdengo|24/100|[from] Grassy Terrain
|-heal|p1a: Ursaluna|80/100|[from] Grassy Terrain
|-heal|p2a: Ursaluna|75/100|[from] Grassy Terrain
|-fieldend|move: Grassy Terrain
|upkeep
|turn|7
|inactive|QUELON has 30 seconds left.
|inactive|QUELON has 20 seconds left.
|inactive|QUELON has 15 seconds left.
|
|t:|1756214470
|switch|p2a: Incineroar|Incineroar, L50, F|100/100
|-ability|p2a: Incineroar|Intimidate|boost
|-unboost|p1a: Ursaluna|atk|1
|-unboost|p1b: Gholdengo|atk|1
|move|p2b: Gholdengo|Protect|p2b: Gholdengo
|-singleturn|p2b: Gholdengo|Protect
|move|p1a: Ursaluna|Vacuum Wave|p2b: Gholdengo
|-activate|p2b: Gholdengo|move: Protect
|move|p1b: Gholdengo|Make It Rain|p2b: Gholdengo|[spread] p2a
|-activate|p2b: Gholdengo|move: Protect
|-resisted|p2a: Incineroar
|-damage|p2a: Incineroar|78/100
|-unboost|p1b: Gholdengo|spa|1
|
|upkeep
|turn|8
|inactive|QUELON has 30 seconds left.
|inactive|jirkunow has 30 seconds left.
|inactive|QUELON has 20 seconds left.
|
|t:|1756214507
|move|p2a: Incineroar|Fake Out|p1a: Ursaluna
|-damage|p1a: Ursaluna|70/100
|move|p1b: Gholdengo|Shadow Ball|p2b: Gholdengo
|-damage|p2b: Gholdengo|4/100
|move|p2b: Gholdengo|Make It Rain|p1a: Ursaluna|[spread] p1a,p1b
|-resisted|p1b: Gholdengo
|-damage|p1a: Ursaluna|0 fnt
|-damage|p1b: Gholdengo|12/100
|-unboost|p2b: Gholdengo|spa|1
|faint|p1a: Ursaluna
|-damage|p2b: Gholdengo|0 fnt|[from] item: Life Orb
|faint|p2b: Gholdengo
|
|upkeep
|
|t:|1756214520
|switch|p2b: Ursaluna|Ursaluna, L50, F|75/100
|switch|p1a: Dragonite|Dragonite, L50, M|100/100
|turn|9
|
|t:|1756214545
|move|p1b: Gholdengo|Protect|p1b: Gholdengo
|-singleturn|p1b: Gholdengo|Protect
|move|p1a: Dragonite|Scale Shot|p2a: Incineroar
|-damage|p2a: Incineroar|62/100
|-damage|p2a: Incineroar|47/100
|-damage|p2a: Incineroar|31/100
|-damage|p2a: Incineroar|17/100
|-hitcount|p2a: Incineroar|4
|-unboost|p1a: Dragonite|def|1
|-boost|p1a: Dragonite|spe|1
|move|p2a: Incineroar|Knock Off|p1b: Gholdengo
|-activate|p1b: Gholdengo|move: Protect
|move|p2b: Ursaluna|Facade|p1a: Dragonite
|-damage|p1a: Dragonite|69/100
|
|upkeep
|turn|10
|inactive|jirkunow has 30 seconds left.
|
|t:|1756214577
|move|p1a: Dragonite|Haze|p1a: Dragonite
|-clearallboost
|move|p1b: Gholdengo|Make It Rain|p2a: Incineroar|[spread] p2a,p2b
|-resisted|p2a: Incineroar
|-crit|p2b: Ursaluna
|-damage|p2a: Incineroar|0 fnt
|-damage|p2b: Ursaluna|0 fnt
|-unboost|p1b: Gholdengo|spa|1
|faint|p2a: Incineroar
|faint|p2b: Ursaluna
|
|win|QUELON
||jirkunow is ready for game 2.
||QUELON is ready for game 2.
|uhtml|next|Next: Game 2 of 3
|l|☆jirkunow
|player|p2|
