|j|☆diddyblaster67
|j|☆BigDRandy67
|html|diddyblaster67BigDRandy67    
|uhtml|bestof|Game 2 of a best-of-3
|t:|1785038454
|gametype|doubles
|player|p1|diddyblaster67|169|
|player|p2|BigDRandy67|1|
|gen|9
|tier|[Gen 9 Champions] VGC 2026 Reg M-B (Bo3)
|rule|Species Clause: Limit one of each Pokémon
|rule|Item Clause: Limit 1 of each item
|clearpoke
|poke|p1|Archaludon, L50, M|
|poke|p1|Pelipper, L50, M|
|poke|p1|Palafin, L50, M|
|poke|p1|Starmie, L50|
|poke|p1|Mamoswine, L50, F|
|poke|p1|Zoroark-Hisui, L50, F|
|poke|p2|Gengar, L50, F|
|poke|p2|Floette-Eternal, L50, F|
|poke|p2|Kingambit, L50, F|
|poke|p2|Farigiraf, L50, F|
|poke|p2|Aegislash, L50, F|
|poke|p2|Weavile, L50, M|
|teampreview|4
|showteam|p1|Archaludon||Leftovers|Stamina|ElectroShot,FlashCannon,DragonPulse,Protect|Modest||M|||50|]Pelipper||DampRock|Drizzle|Hurricane,WeatherBall,Tailwind,WideGuard|Modest||M|||50|]Palafin||MysticWater|ZerotoHero|WaveCrash,JetPunch,CloseCombat,Protect|Adamant||M|||50|]Starmie||Starminite|Illuminate|Liquidation,AquaJet,ZenHeadbutt,Protect|Jolly|||||50|]Mamoswine||FocusSash|Oblivious|HighHorsepower,IcicleCrash,IceShard,Protect|Adamant||F|||50|]Zoroark-Hisui||SilkScarf|Illusion|BitterMalice,HyperVoice,IcyWind,Protect|Timid||F|||50|
|showteam|p2|Gengar||Gengarite|CursedBody|ShadowBall,IcyWind,PerishSong,Protect|Timid||F|||50|]Floette-Eternal||Floettite|FlowerVeil|LightofRuin,Moonblast,DazzlingGleam,Protect|Modest||F|||50|]Kingambit||BlackGlasses|SupremeOverlord|SuckerPunch,KowtowCleave,IronHead,Protect|Adamant||F|||50|]Farigiraf||SitrusBerry|ArmorTail|TrickRoom,HelpingHand,Thunder,Protect|Sassy||F|||50|]Aegislash||SpellTag|StanceChange|IronHead,ShadowSneak,WideGuard,KingsShield|Brave||F|||50|]Weavile||FocusSash|Pressure|IceShard,KnockOff,IcicleCrash,Protect|Jolly||M|||50|
|j| NutsToButts67
|
|t:|1785038505
|teamsize|p1|4
|teamsize|p2|4
|start
|switch|p1a: Mamoswine|Mamoswine, L50, F|100/100
|switch|p1b: Starmie|Starmie, L50|100/100
|switch|p2a: Farigiraf|Farigiraf, L50, F|100/100
|switch|p2b: Aegislash|Aegislash, L50, F|100/100
|turn|1
|
|t:|1785038526
|detailschange|p1b: Starmie|Starmie-Mega, L50
|-mega|p1b: Starmie|Starmie|Starminite
|move|p2b: Aegislash|Wide Guard|p2b: Aegislash
|-singleturn|p2b: Aegislash|Wide Guard
|move|p1b: Starmie|Liquidation|p2a: Farigiraf
|-damage|p2a: Farigiraf|38/100
|-enditem|p2a: Farigiraf|Sitrus Berry|[eat]
|-heal|p2a: Farigiraf|63/100|[from] item: Sitrus Berry
|move|p1a: Mamoswine|High Horsepower|p2b: Aegislash|[miss]
|-miss|p1a: Mamoswine|p2b: Aegislash
|move|p2a: Farigiraf|Trick Room|p2a: Farigiraf
|-fieldstart|move: Trick Room|[of] p2a: Farigiraf
|
|upkeep
|turn|2
|
|t:|1785038545
|move|p1b: Starmie|Aqua Jet||[still]
|cant|p2a: Farigiraf|ability: Armor Tail|Aqua Jet|[of] p1b: Starmie
|move|p2a: Farigiraf|Thunder|p1b: Starmie
|-supereffective|p1b: Starmie|1
|-damage|p1b: Starmie|34/100
|-formechange|p2b: Aegislash|Aegislash-Blade|
|move|p2b: Aegislash|Iron Head|p1a: Mamoswine
|-supereffective|p1a: Mamoswine|1
|-enditem|p1a: Mamoswine|Focus Sash
|-damage|p1a: Mamoswine|1/100
|cant|p1a: Mamoswine|flinch
|
|upkeep
|turn|3
|
|t:|1785038565
|move|p1a: Mamoswine|Protect|p1a: Mamoswine
|-singleturn|p1a: Mamoswine|Protect
|move|p2b: Aegislash|Iron Head|p1a: Mamoswine
|-activate|p1a: Mamoswine|move: Protect
|move|p2a: Farigiraf|Thunder|p1b: Starmie|[miss]
|-miss|p2a: Farigiraf|p1b: Starmie
|move|p1b: Starmie|Liquidation|p2a: Farigiraf
|-damage|p2a: Farigiraf|6/100
|
|upkeep
|turn|4
|
|t:|1785038589
|move|p1b: Starmie|Protect|p1b: Starmie
|-singleturn|p1b: Starmie|Protect
|move|p2b: Aegislash|Iron Head|p1a: Mamoswine
|-supereffective|p1a: Mamoswine|1
|-damage|p1a: Mamoswine|0 fnt
|faint|p1a: Mamoswine
|move|p2a: Farigiraf|Thunder|p1b: Starmie
|-activate|p1b: Starmie|move: Protect
|
|upkeep
|
|t:|1785038599
|switch|p1a: Archaludon|Archaludon, L50, M|100/100
|turn|5
|
|t:|1785038627
|switch|p1b: Pelipper|Pelipper, L50, M|100/100
|-weather|RainDance|[from] ability: Drizzle|[of] p1b: Pelipper
|move|p1a: Archaludon|Protect|p1a: Archaludon
|-singleturn|p1a: Archaludon|Protect
|move|p2b: Aegislash|Shadow Sneak|p1a: Archaludon
|-activate|p1a: Archaludon|move: Protect
|move|p2a: Farigiraf|Thunder|p1b: Pelipper
|-supereffective|p1b: Pelipper|2
|-damage|p1b: Pelipper|0 fnt
|faint|p1b: Pelipper
|
|-weather|RainDance|[upkeep]
|-fieldend|move: Trick Room
|upkeep
|
|t:|1785038641
|switch|p1b: Starmie|Starmie-Mega, L50|34/100
|turn|6
|
|t:|1785038665
|move|p2b: Aegislash|Shadow Sneak|p1b: Starmie
|-supereffective|p1b: Starmie|1
|-damage|p1b: Starmie|0 fnt
|faint|p1b: Starmie
|move|p1a: Archaludon|Electro Shot||[still]
|-prepare|p1a: Archaludon|Electro Shot
|-boost|p1a: Archaludon|spa|1
|-anim|p1a: Archaludon|Electro Shot|p2b: Aegislash
|-damage|p2b: Aegislash|0 fnt
|faint|p2b: Aegislash
|move|p2a: Farigiraf|Trick Room|p2a: Farigiraf
|-fieldstart|move: Trick Room|[of] p2a: Farigiraf
|
|-weather|RainDance|[upkeep]
|upkeep
|
|t:|1785038675
|switch|p2b: Floette|Floette-Eternal, L50, F|100/100
|turn|7
|
|t:|1785038700
|detailschange|p2b: Floette|Floette-Mega, L50, F
|-mega|p2b: Floette|Floette|Floettite
|-ability|p2b: Floette|Fairy Aura
|move|p2a: Farigiraf|Helping Hand|p2b: Floette
|-singleturn|p2b: Floette|Helping Hand|[of] p2a: Farigiraf
|move|p1a: Archaludon|Electro Shot||[still]
|-prepare|p1a: Archaludon|Electro Shot
|-boost|p1a: Archaludon|spa|1
|-anim|p1a: Archaludon|Electro Shot|p2b: Floette
|-damage|p2b: Floette|44/100
|move|p2b: Floette|Moonblast|p1a: Archaludon
|-damage|p1a: Archaludon|0 fnt
|faint|p1a: Archaludon
|
|win|BigDRandy67
|l| NutsToButts67
|l|☆BigDRandy67
|player|p2|
