|j|☆Bkcheese
|j|☆SRareFox
|html|BkcheeseSRareFox    
|uhtml|bestof|Game 1 of a best-of-3
|t:|1757784655
|gametype|doubles
|player|p1|Bkcheese|2|1058
|player|p2|SRareFox|169|1171
|gen|9
|tier|[Gen 9] VGC 2025 Reg H (Bo3)
|rated|
|rule|Species Clause: Limit one of each Pokémon
|rule|Item Clause: Limit 1 of each item
|clearpoke
|poke|p1|Lapras, L50, M|
|poke|p1|Gothitelle, L50, F|
|poke|p1|Bronzong, L50|
|poke|p1|Incineroar, L50, F|
|poke|p1|Clefable, L50, M|
|poke|p1|Golurk, L50|
|poke|p2|Indeedee-F, L50, F|
|poke|p2|Gallade, L50, M|
|poke|p2|Hatterene, L50, F|
|poke|p2|Ursaluna, L50, M|
|poke|p2|Torkoal, L50, F|
|poke|p2|Porygon2, L50|
|teampreview|4
|showteam|p1|Lapras||Leftovers|WaterAbsorb|Protect,Substitute,SheerCold,PerishSong|||M|||50|,,,,,Ghost]Gothitelle||SitrusBerry|ShadowTag|Protect,HealPulse,FakeOut,Psychic|||F|||50|,,,,,Water]Bronzong||MentalHerb|Levitate|SkillSwap,Hypnosis,TrickRoom,Protect||||||50|,,,,,Dark]Incineroar||AssaultVest|Intimidate|FlareBlitz,ThroatChop,Uturn,FakeOut|||F|||50|,,,,,Grass]Clefable||SafetyGoggles|Unaware|Protect,FollowMe,Moonblast,SkillSwap|||M|||50|,,,,,Water]Golurk||LightClay|NoGuard|DynamicPunch,Curse,Reflect,Protect||||||50|,,,,,Fighting
|showteam|p2|Indeedee-F||SafetyGoggles|PsychicSurge|Psychic,FollowMe,TrickRoom,HelpingHand|||F|||50|,,,,,Water]Gallade||ClearAmulet|Sharpness|PsychoCut,SacredSword,TrickRoom,WideGuard|||M|||50|,,,,,Grass]Hatterene||LifeOrb|MagicBounce|ExpandingForce,DazzlingGleam,TrickRoom,MysticalFire|||F|||50|,,,,,Fire]Ursaluna||FlameOrb|Guts|Facade,HeadlongRush,Earthquake,Protect|||M|||50|,,,,,Ghost]Torkoal||Charcoal|Drought|Eruption,WeatherBall,ClearSmog,Protect|||F|||50|,,,,,Fire]Porygon2||Eviolite|Download|IceBeam,TeraBlast,TrickRoom,Recover||||||50|,,,,,Flying
|inactive|Battle timer is ON: inactive players will automatically lose when time's up. (requested by SRareFox)
|inactive|Bkcheese has 60 seconds left.
|inactive|SRareFox has 60 seconds left.
|
|t:|1757784711
|teamsize|p1|4
|teamsize|p2|4
|start
|switch|p1a: Bronzong|Bronzong, L50|100/100
|switch|p1b: Golurk|Golurk, L50|100/100
|switch|p2a: Indeedee|Indeedee-F, L50, F|100/100
|switch|p2b: Hatterene|Hatterene, L50, F|100/100
|-fieldstart|move: Psychic Terrain|[from] ability: Psychic Surge|[of] p2a: Indeedee
|turn|1
|inactive|Bkcheese has 30 seconds left.
|inactive|SRareFox has 30 seconds left.
|inactive|Bkcheese has 20 seconds left.
|inactive|Bkcheese has 15 seconds left.
|
|t:|1757784755
|move|p2a: Indeedee|Follow Me|p2a: Indeedee
|-singleturn|p2a: Indeedee|move: Follow Me
|move|p1b: Golurk|Dynamic Punch|p2a: Indeedee
|-damage|p2a: Indeedee|75/100
|-start|p2a: Indeedee|confusion
|move|p1a: Bronzong|Skill Swap|p2a: Indeedee
|-activate|p1a: Bronzong|move: Skill Swap|Psychic Surge|Levitate|[of] p2a: Indeedee
|move|p2b: Hatterene|Trick Room|p2b: Hatterene
|-fieldstart|move: Trick Room|[of] p2b: Hatterene
|
|upkeep
|turn|2
|inactive|Bkcheese has 30 seconds left.
|inactive|SRareFox has 30 seconds left.
|
|t:|1757784788
|switch|p2a: Ursaluna|Ursaluna, L50, M|100/100
|move|p2b: Hatterene|Expanding Force|p1b: Golurk|[spread] p1a,p1b
|-resisted|p1a: Bronzong
|-damage|p1a: Bronzong|86/100
|-damage|p1b: Golurk|23/100
|-damage|p2b: Hatterene|91/100|[from] item: Life Orb
|move|p1a: Bronzong|Skill Swap|p1b: Golurk
|-activate|p1a: Bronzong|move: Skill Swap|||[of] p1b: Golurk
|move|p1b: Golurk|Reflect|p1b: Golurk
|-sidestart|p1: Bkcheese|Reflect
|
|-status|p2a: Ursaluna|brn|[from] item: Flame Orb
|upkeep
|turn|3
|inactive|Bkcheese has 30 seconds left.
|inactive|SRareFox has 30 seconds left.
|inactive|Bkcheese has 20 seconds left.
|inactive|Bkcheese has 15 seconds left.
|
|t:|1757784830
|move|p1a: Bronzong|Protect|p1a: Bronzong
|-singleturn|p1a: Bronzong|Protect
|move|p2b: Hatterene|Expanding Force|p1a: Bronzong|[spread] p1b
|-activate|p1a: Bronzong|move: Protect
|-damage|p1b: Golurk|0 fnt
|faint|p1b: Golurk
|-damage|p2b: Hatterene|81/100|[from] item: Life Orb
|move|p2a: Ursaluna|Facade|p1a: Bronzong
|-activate|p1a: Bronzong|move: Protect
|
|-damage|p2a: Ursaluna|95/100 brn|[from] brn
|upkeep
|
|t:|1757784845
|switch|p1b: Lapras|Lapras, L50, M|100/100
|turn|4
|inactive|SRareFox has 30 seconds left.
|inactive|Bkcheese has 30 seconds left.
|inactive|Bkcheese has 20 seconds left.
|
|t:|1757784888
|-terastallize|p1b: Lapras|Ghost
|move|p2b: Hatterene|Expanding Force|p1a: Bronzong|[spread] p1a,p1b
|-resisted|p1a: Bronzong
|-damage|p1a: Bronzong|71/100
|-damage|p1b: Lapras|41/100
|-damage|p2b: Hatterene|71/100|[from] item: Life Orb
|move|p1a: Bronzong|Skill Swap|p1b: Lapras
|-activate|p1a: Bronzong|move: Skill Swap|||[of] p1b: Lapras
|move|p2a: Ursaluna|Headlong Rush|p1b: Lapras
|-damage|p1b: Lapras|0 fnt
|-unboost|p2a: Ursaluna|def|1
|-unboost|p2a: Ursaluna|spd|1
|faint|p1b: Lapras
|
|-damage|p2a: Ursaluna|89/100 brn|[from] brn
|upkeep
|
|t:|1757784899
|switch|p1b: Gothitelle|Gothitelle, L50, F|100/100
|turn|5
|inactive|SRareFox has 30 seconds left.
|
|t:|1757784927
|move|p2b: Hatterene|Expanding Force|p1b: Gothitelle|[spread] p1a,p1b
|-resisted|p1a: Bronzong
|-resisted|p1b: Gothitelle
|-damage|p1a: Bronzong|54/100
|-damage|p1b: Gothitelle|71/100
|-damage|p2b: Hatterene|61/100|[from] item: Life Orb
|move|p1a: Bronzong|Skill Swap|p2b: Hatterene
|-activate|p1a: Bronzong|move: Skill Swap|Magic Bounce|Water Absorb|[of] p2b: Hatterene
|move|p2a: Ursaluna|Headlong Rush|p1a: Bronzong
|-supereffective|p1a: Bronzong
|-damage|p1a: Bronzong|0 fnt
|-unboost|p2a: Ursaluna|def|1
|-unboost|p2a: Ursaluna|spd|1
|faint|p1a: Bronzong
|move|p1b: Gothitelle|Heal Pulse|p1: Bronzong|[notarget]
|-fail|p1b: Gothitelle
|
|-damage|p2a: Ursaluna|83/100 brn|[from] brn
|-fieldend|move: Trick Room
|-fieldend|move: Psychic Terrain
|upkeep
|turn|6
|inactive|SRareFox has 30 seconds left.
|
|t:|1757784957
|-terastallize|p2b: Hatterene|Fire
|move|p1b: Gothitelle|Psychic|p2a: Ursaluna
|-damage|p2a: Ursaluna|35/100 brn
|-unboost|p2a: Ursaluna|spd|1
|move|p2a: Ursaluna|Facade|p1b: Gothitelle
|-damage|p1b: Gothitelle|0 fnt
|faint|p1b: Gothitelle
|
|win|SRareFox
