|j|☆NuclearNutz321
|j|☆zpoogi
|html|NuclearNutz321zpoogi    
|uhtml|bestof|Game 2 of a best-of-3
|t:|1757695610
|gametype|doubles
|player|p1|NuclearNutz321|veteranf|1273
|player|p2|zpoogi|az|1196
|gen|9
|tier|[Gen 9] VGC 2025 Reg H (Bo3)
|rated|
|rule|Species Clause: Limit one of each Pokémon
|rule|Item Clause: Limit 1 of each item
|clearpoke
|poke|p1|Chandelure, L50, M|
|poke|p1|Hydreigon, L50, M|
|poke|p1|Corviknight, L50, M|
|poke|p1|Sneasler, L50, M|
|poke|p1|Rillaboom, L50, F|
|poke|p1|Primarina, L50, F|
|poke|p2|Chesnaught, L50, M|
|poke|p2|Indeedee, L50, M|
|poke|p2|Sneasler, L50, M|
|poke|p2|Jumpluff, L50, M|
|poke|p2|Charizard, L50, F|
|poke|p2|Torkoal, L50, F|
|teampreview|4
|showteam|p1|Chandelure||FocusSash|FlashFire|HeatWave,ShadowBall,TrickRoom,Protect|||M|||50|,,,,,Grass]Hydreigon||SafetyGoggles|Levitate|DracoMeteor,DarkPulse,Tailwind,Protect|||M|||50|,,,,,Ghost]Corviknight||GrassySeed|MirrorArmor|BulkUp,BraveBird,BodyPress,Roost|||M|||50|,,,,,Dragon]Sneasler||WhiteHerb|Unburden|CloseCombat,DireClaw,ThroatChop,Coaching|||M|||50|,,,,,Ghost]Rillaboom||AssaultVest|GrassySurge|FakeOut,WoodHammer,GrassyGlide,HighHorsepower|||F|||50|,,,,,Water]Primarina||ThroatSpray|LiquidVoice|HyperVoice,Moonblast,IceBeam,Protect|||F|||50|,,,,,Poison
|showteam|p2|Chesnaught||PsychicSeed|Bulletproof|BulkUp,KnockOff,BodyPress,Synthesis|||M|||50|,,,,,Dragon]Indeedee||ChoiceScarf|PsychicSurge|ExpandingForce,TeraBlast,Trick,Protect|||M|||50|,,,,,Psychic]Sneasler||WhiteHerb|Unburden|CloseCombat,DireClaw,FakeOut,Coaching|||M|||50|,,,,,Stellar]Jumpluff||CovertCloak|Chlorophyll|Tailwind,SleepPowder,RagePowder,SunnyDay|||M|||50|,,,,,Ghost]Charizard||ChoiceSpecs|SolarPower|WeatherBall,HeatWave,DragonPulse,AirSlash|||F|||50|,,,,,Ghost]Torkoal||EjectPack|Drought|Overheat,HelpingHand,WeatherBall,Protect|||F|||50|,,,,,Fire
|
|t:|1757695630
|teamsize|p1|4
|teamsize|p2|4
|start
|switch|p1a: Gwi-Ma|Chandelure, L50, M|100/100
|switch|p1b: Roaring Knight|Corviknight, L50, M|100/100
|switch|p2a: Chesnaught|Chesnaught, L50, M, shiny|100/100
|switch|p2b: Sneasler|Sneasler, L50, M|100/100
|turn|1
|
|t:|1757695659
|-terastallize|p2a: Chesnaught|Dragon
|move|p2b: Sneasler|Dire Claw|p1a: Gwi-Ma
|-resisted|p1a: Gwi-Ma
|-damage|p1a: Gwi-Ma|74/100
|-status|p1a: Gwi-Ma|psn
|move|p1a: Gwi-Ma|Heat Wave|p2a: Chesnaught|[spread] p2b
|-miss|p1a: Gwi-Ma|p2a: Chesnaught
|-damage|p2b: Sneasler|42/100
|move|p1b: Roaring Knight|Bulk Up|p1b: Roaring Knight
|-boost|p1b: Roaring Knight|atk|1
|-boost|p1b: Roaring Knight|def|1
|move|p2a: Chesnaught|Bulk Up|p2a: Chesnaught
|-boost|p2a: Chesnaught|atk|1
|-boost|p2a: Chesnaught|def|1
|
|-damage|p1a: Gwi-Ma|62/100 psn|[from] psn
|upkeep
|turn|2
|
|t:|1757695684
|switch|p1a: Rillaboom|Rillaboom, L50, F|100/100
|-fieldstart|move: Grassy Terrain|[from] ability: Grassy Surge|[of] p1a: Rillaboom
|-enditem|p1b: Roaring Knight|Grassy Seed
|-boost|p1b: Roaring Knight|def|1|[from] item: Grassy Seed
|move|p2b: Sneasler|Coaching|p2a: Chesnaught
|-boost|p2a: Chesnaught|atk|1
|-boost|p2a: Chesnaught|def|1
|move|p1b: Roaring Knight|Brave Bird|p2a: Chesnaught
|-damage|p2a: Chesnaught|79/100
|-damage|p1b: Roaring Knight|94/100|[from] Recoil
|move|p2a: Chesnaught|Knock Off|p1a: Rillaboom
|-damage|p1a: Rillaboom|44/100
|-enditem|p1a: Rillaboom|Assault Vest|[from] move: Knock Off|[of] p2a: Chesnaught
|
|-heal|p2b: Sneasler|48/100|[from] Grassy Terrain
|-heal|p1a: Rillaboom|50/100|[from] Grassy Terrain
|-heal|p2a: Chesnaught|85/100|[from] Grassy Terrain
|upkeep
|turn|3
|
|t:|1757695706
|switch|p2b: Jumpluff|Jumpluff, L50, M|100/100
|move|p1a: Rillaboom|Fake Out|p2b: Jumpluff
|-damage|p2b: Jumpluff|80/100
|move|p1b: Roaring Knight|Brave Bird|p2a: Chesnaught
|-damage|p2a: Chesnaught|63/100
|-damage|p1b: Roaring Knight|87/100|[from] Recoil
|move|p2a: Chesnaught|Bulk Up|p2a: Chesnaught
|-boost|p2a: Chesnaught|atk|1
|-boost|p2a: Chesnaught|def|1
|
|-heal|p1a: Rillaboom|57/100|[from] Grassy Terrain
|-heal|p2a: Chesnaught|69/100|[from] Grassy Terrain
|upkeep
|turn|4
|
|t:|1757695719
|move|p2b: Jumpluff|Sleep Powder|p1b: Roaring Knight
|-status|p1b: Roaring Knight|slp|[from] move: Sleep Powder
|move|p1a: Rillaboom|Wood Hammer|p2a: Chesnaught
|-resisted|p2a: Chesnaught
|-damage|p2a: Chesnaught|55/100
|-damage|p1a: Rillaboom|52/100|[from] Recoil
|cant|p1b: Roaring Knight|slp
|move|p2a: Chesnaught|Body Press|p1a: Rillaboom
|-damage|p1a: Rillaboom|0 fnt
|faint|p1a: Rillaboom
|
|-heal|p2a: Chesnaught|61/100|[from] Grassy Terrain
|upkeep
|
|t:|1757695723
|switch|p1a: Susie|Hydreigon, L50, M|100/100
|turn|5
|
|t:|1757695745
|move|p2b: Jumpluff|Tailwind|p2b: Jumpluff
|-sidestart|p2: zpoogi|move: Tailwind
|move|p2a: Chesnaught|Knock Off|p1a: Susie
|-resisted|p1a: Susie
|-damage|p1a: Susie|66/100
|-enditem|p1a: Susie|Safety Goggles|[from] move: Knock Off|[of] p2a: Chesnaught
|move|p1a: Susie|Draco Meteor|p2a: Chesnaught
|-supereffective|p2a: Chesnaught
|-damage|p2a: Chesnaught|0 fnt
|-unboost|p1a: Susie|spa|2
|faint|p2a: Chesnaught
|-curestatus|p1b: Roaring Knight|slp|[msg]
|move|p1b: Roaring Knight|Brave Bird|p2b: Jumpluff
|-supereffective|p2b: Jumpluff
|-damage|p2b: Jumpluff|0 fnt
|faint|p2b: Jumpluff
|-damage|p1b: Roaring Knight|63/100|[from] Recoil
|
|upkeep
|
|t:|1757695750
|switch|p2b: Sneasler|Sneasler, L50, M|48/100
|switch|p2a: Charizard|Charizard, L50, F|100/100
|turn|6
|
|t:|1757695769
|-terastallize|p1b: Roaring Knight|Dragon
|move|p2b: Sneasler|Close Combat|p1b: Roaring Knight
|-damage|p1b: Roaring Knight|40/100
|-unboost|p2b: Sneasler|def|1
|-unboost|p2b: Sneasler|spd|1
|-enditem|p2b: Sneasler|White Herb
|-clearnegativeboost|p2b: Sneasler|[silent]
|move|p2a: Charizard|Dragon Pulse|p1a: Susie
|-supereffective|p1a: Susie
|-damage|p1a: Susie|0 fnt
|faint|p1a: Susie
|move|p1b: Roaring Knight|Brave Bird|p2b: Sneasler
|-supereffective|p2b: Sneasler
|-damage|p2b: Sneasler|0 fnt
|faint|p2b: Sneasler
|-damage|p1b: Roaring Knight|28/100|[from] Recoil
|
|-heal|p1b: Roaring Knight|34/100|[from] Grassy Terrain
|-fieldend|move: Grassy Terrain
|upkeep
|
|t:|1757695777
|switch|p1a: Gwi-Ma|Chandelure, L50, M|62/100 psn
|turn|7
|
|t:|1757695782
|move|p2a: Charizard|Dragon Pulse|p1b: Roaring Knight
|-supereffective|p1b: Roaring Knight
|-damage|p1b: Roaring Knight|0 fnt
|faint|p1b: Roaring Knight
|move|p1a: Gwi-Ma|Shadow Ball|p2a: Charizard
|-damage|p2a: Charizard|30/100
|-unboost|p2a: Charizard|spd|1
|
|-damage|p1a: Gwi-Ma|50/100 psn|[from] psn
|upkeep
|turn|8
|
|t:|1757695788
|move|p2a: Charizard|Dragon Pulse|p1a: Gwi-Ma
|-damage|p1a: Gwi-Ma|0 fnt
|faint|p1a: Gwi-Ma
|
|win|zpoogi
||NuclearNutz321 is ready for game 3.
||zpoogi is ready for game 3.
|uhtml|next|Next: Game 3 of 3
|l|☆zpoogi
|player|p2|
