|j|☆DuckDuckGustaf
|j|☆BlackStag52
|html|DuckDuckGustafBlackStag52    
|uhtml|bestof|Game 1 of a best-of-3
|t:|1756385469
|gametype|doubles
|player|p1|DuckDuckGustaf|worker|
|player|p2|BlackStag52|swimmerf|
|gen|9
|tier|[Gen 9] VGC 2025 Reg H (Bo3)
|rule|Species Clause: Limit one of each Pokémon
|rule|Item Clause: Limit 1 of each item
|clearpoke
|poke|p1|Politoed, L50, M|
|poke|p1|Gothitelle, L50, F|
|poke|p1|Kingdra, L50, F|
|poke|p1|Incineroar, L50, M|
|poke|p1|Amoonguss, L50, M|
|poke|p1|Archaludon, L50, M|
|poke|p2|Kingambit, L50, M|
|poke|p2|Gallade, L50, M|
|poke|p2|Indeedee-F, L50, F|
|poke|p2|Annihilape, L50, F|
|poke|p2|Hatterene, L50, F|
|poke|p2|Torkoal, L50, M|
|teampreview|4
|showteam|p1|Politoed||Leftovers|Drizzle|Protect,WeatherBall,PerishSong,HelpingHand|||M|||50|,,,,,Grass]Gothitelle||SitrusBerry|ShadowTag|Protect,TrickRoom,Psychic,FakeOut|||F|||50|,,,,,Dark]Kingdra||LifeOrb|SwiftSwim|Protect,DracoMeteor,WeatherBall,MuddyWater|||F|||50|,,,,,Stellar]Incineroar||SafetyGoggles|Intimidate|FakeOut,KnockOff,PartingShot,Protect|||M|||50|,,,,,Ghost]Amoonguss||EjectButton|Regenerator|Protect,RagePowder,Spore,PollenPuff|||M|||50|,,,,,Fairy]Archaludon||PowerHerb|Sturdy|Protect,ElectroShot,DragonPulse,FlashCannon|||M|||50|,,,,,Electric
|showteam|p2|Kingambit||BlackGlasses|Defiant|KowtowCleave,SuckerPunch,Protect,SwordsDance|||M|||50|,,,,,Psychic]Gallade||ClearAmulet|Sharpness|SacredSword,TrickRoom,PsychoCut,WideGuard|||M|||50|,,,,,Dark]Indeedee-F||PsychicSeed|PsychicSurge|TrickRoom,FollowMe,HelpingHand,HyperVoice|||F|||50|,,,,,Fairy]Annihilape||ChoiceScarf|Defiant|FinalGambit,Coaching,HelpingHand,Counter|||F|||50|,,,,,Fighting]Hatterene||CovertCloak|MagicBounce|ExpandingForce,TrickRoom,DazzlingGleam,MysticalFire|||F|||50|,,,,,Fire]Torkoal||ChoiceSpecs|Drought|Eruption,Overheat,WeatherBall,EarthPower|||M|||50|,,,,,Fire
|
|t:|1756385490
|teamsize|p1|4
|teamsize|p2|4
|start
|switch|p1a: Politoed|Politoed, L50, M|100/100
|switch|p1b: Kingdra|Kingdra, L50, F|100/100
|switch|p2a: Annihilape|Annihilape, L50, F|100/100
|switch|p2b: Hatterene|Hatterene, L50, F|100/100
|-weather|RainDance|[from] ability: Drizzle|[of] p1a: Politoed
|turn|1
|
|t:|1756385508
|switch|p2b: Torkoal|Torkoal, L50, M|100/100
|-weather|SunnyDay|[from] ability: Drought|[of] p2b: Torkoal
|-terastallize|p1b: Kingdra|Stellar
|move|p1a: Politoed|Helping Hand|p1b: Kingdra
|-singleturn|p1b: Kingdra|Helping Hand|[of] p1a: Politoed
|move|p2a: Annihilape|Final Gambit|p1b: Kingdra
|-damage|p1b: Kingdra|0 fnt
|faint|p2a: Annihilape
|faint|p1b: Kingdra
|
|-weather|SunnyDay|[upkeep]
|upkeep
|
|t:|1756385524
|switch|p2a: Hatterene|Hatterene, L50, F|100/100
|switch|p1b: Incineroar|Incineroar, L50, M|100/100
|-ability|p1b: Incineroar|Intimidate|boost
|-unboost|p2a: Hatterene|atk|1
|-unboost|p2b: Torkoal|atk|1
|turn|2
|
|t:|1756385541
|switch|p1a: Gothitelle|Gothitelle, L50, F|100/100
|switch|p2b: Kingambit|Kingambit, L50, M|100/100
|move|p1b: Incineroar|Fake Out|p2b: Kingambit
|-resisted|p2b: Kingambit
|-damage|p2b: Kingambit|97/100
|move|p2a: Hatterene|Trick Room|p2a: Hatterene
|-fieldstart|move: Trick Room|[of] p2a: Hatterene
|
|-weather|SunnyDay|[upkeep]
|upkeep
|turn|3
|
|t:|1756385564
|switch|p1b: Politoed|Politoed, L50, M|100/100
|-weather|RainDance|[from] ability: Drizzle|[of] p1b: Politoed
|move|p2a: Hatterene|Dazzling Gleam|p1b: Politoed|[spread] p1a,p1b
|-damage|p1a: Gothitelle|75/100
|-damage|p1b: Politoed|71/100
|move|p2b: Kingambit|Swords Dance|p2b: Kingambit
|-boost|p2b: Kingambit|atk|2
|move|p1a: Gothitelle|Psychic|p2b: Kingambit
|-immune|p2b: Kingambit
|
|-weather|RainDance|[upkeep]
|-heal|p1b: Politoed|77/100|[from] item: Leftovers
|upkeep
|turn|4
|
|t:|1756385584
|switch|p1a: Incineroar|Incineroar, L50, M|100/100
|-ability|p1a: Incineroar|Intimidate|boost
|-unboost|p2a: Hatterene|atk|1
|-unboost|p2b: Kingambit|atk|1
|-ability|p2b: Kingambit|Defiant|boost
|-boost|p2b: Kingambit|atk|2
|move|p1b: Politoed|Protect|p1b: Politoed
|-singleturn|p1b: Politoed|Protect
|move|p2a: Hatterene|Dazzling Gleam|p1a: Incineroar|[spread] p1a
|-activate|p1b: Politoed|move: Protect
|-damage|p1a: Incineroar|78/100
|move|p2b: Kingambit|Kowtow Cleave|p1a: Incineroar
|-resisted|p1a: Incineroar
|-damage|p1a: Incineroar|12/100
|
|-weather|RainDance|[upkeep]
|-heal|p1b: Politoed|83/100|[from] item: Leftovers
|upkeep
|turn|5
|
|t:|1756385610
|switch|p2a: Torkoal|Torkoal, L50, M|100/100
|-weather|SunnyDay|[from] ability: Drought|[of] p2a: Torkoal
|move|p1a: Incineroar|Fake Out|p2b: Kingambit
|-resisted|p2b: Kingambit
|-damage|p2b: Kingambit|93/100
|cant|p2b: Kingambit|flinch
|move|p1b: Politoed|Perish Song|p1b: Politoed
|-start|p1a: Incineroar|perish3|[silent]
|-start|p1b: Politoed|perish3|[silent]
|-start|p2a: Torkoal|perish3|[silent]
|-start|p2b: Kingambit|perish3|[silent]
|-fieldactivate|move: Perish Song
|
|-weather|SunnyDay|[upkeep]
|-heal|p1b: Politoed|89/100|[from] item: Leftovers
|-start|p2a: Torkoal|perish3
|-start|p2b: Kingambit|perish3
|-start|p1a: Incineroar|perish3
|-start|p1b: Politoed|perish3
|upkeep
|turn|6
|
|t:|1756385645
|switch|p1b: Gothitelle|Gothitelle, L50, F|75/100
|move|p1a: Incineroar|Protect|p1a: Incineroar
|-singleturn|p1a: Incineroar|Protect
|move|p2a: Torkoal|Eruption|p1a: Incineroar|[spread] p1b
|-activate|p1a: Incineroar|move: Protect
|-damage|p1b: Gothitelle|0 fnt
|faint|p1b: Gothitelle
|move|p2b: Kingambit|Kowtow Cleave|p1a: Incineroar
|-activate|p1a: Incineroar|move: Protect
|
|-weather|SunnyDay|[upkeep]
|-start|p2a: Torkoal|perish2
|-start|p2b: Kingambit|perish2
|-start|p1a: Incineroar|perish2
|-fieldend|move: Trick Room
|upkeep
|
|t:|1756385661
|switch|p1b: Politoed|Politoed, L50, M|89/100
|-weather|RainDance|[from] ability: Drizzle|[of] p1b: Politoed
|turn|7
|
|t:|1756385693
|switch|p2a: Hatterene|Hatterene, L50, F|100/100
|move|p1a: Incineroar|Protect||[still]
|-fail|p1a: Incineroar
|move|p2b: Kingambit|Sucker Punch||[still]
|-fail|p2b: Kingambit
|move|p1b: Politoed|Weather Ball|p2a: Hatterene
|-damage|p2a: Hatterene|52/100
|
|-weather|RainDance|[upkeep]
|-heal|p1b: Politoed|95/100|[from] item: Leftovers
|-start|p1a: Incineroar|perish1
|-start|p2b: Kingambit|perish1
|upkeep
|turn|8
|
|t:|1756385716
|switch|p2b: Torkoal|Torkoal, L50, M|100/100
|-weather|SunnyDay|[from] ability: Drought|[of] p2b: Torkoal
|move|p1b: Politoed|Weather Ball|p2b: Torkoal
|-resisted|p2b: Torkoal
|-damage|p2b: Torkoal|80/100
|move|p1a: Incineroar|Knock Off|p2a: Hatterene
|-damage|p2a: Hatterene|12/100
|-enditem|p2a: Hatterene|Covert Cloak|[from] move: Knock Off|[of] p1a: Incineroar
|move|p2a: Hatterene|Trick Room|p2a: Hatterene
|-fieldstart|move: Trick Room|[of] p2a: Hatterene
|
|-weather|SunnyDay|[upkeep]
|-heal|p1b: Politoed|100/100|[from] item: Leftovers
|-start|p1a: Incineroar|perish0
|faint|p1a: Incineroar
|upkeep
|turn|9
|
|t:|1756385734
|move|p2b: Torkoal|Earth Power|p1b: Politoed
|-damage|p1b: Politoed|71/100
|move|p2a: Hatterene|Dazzling Gleam|p1b: Politoed
|-damage|p1b: Politoed|34/100
|move|p1b: Politoed|Weather Ball|p2a: Hatterene
|-damage|p2a: Hatterene|0 fnt
|faint|p2a: Hatterene
|
|-weather|SunnyDay|[upkeep]
|-heal|p1b: Politoed|40/100|[from] item: Leftovers
|upkeep
|
|t:|1756385738
|switch|p2a: Kingambit|Kingambit, L50, M|93/100
|turn|10
|
|t:|1756385747
|move|p1b: Politoed|Protect|p1b: Politoed
|-singleturn|p1b: Politoed|Protect
|move|p2b: Torkoal|Earth Power|p1b: Politoed
|-activate|p1b: Politoed|move: Protect
|move|p2a: Kingambit|Swords Dance|p2a: Kingambit
|-boost|p2a: Kingambit|atk|2
|
|-weather|SunnyDay|[upkeep]
|-heal|p1b: Politoed|46/100|[from] item: Leftovers
|upkeep
|turn|11
|
|t:|1756385758
|move|p2b: Torkoal|Earth Power|p1b: Politoed
|-damage|p1b: Politoed|16/100
|move|p2a: Kingambit|Kowtow Cleave|p1b: Politoed
|-damage|p1b: Politoed|0 fnt
|faint|p1b: Politoed
|
|win|BlackStag52
||DuckDuckGustaf is ready for game 2.
||BlackStag52 is ready for game 2.
|uhtml|next|Next: Game 2 of 3
|l|☆DuckDuckGustaf
|player|p1|
