|j|☆maish
|j|☆6ix9inebiggestfan
|html|maish6ix9inebiggestfan    
|uhtml|bestof|Game 1 of a best-of-3
|t:|1756830140
|gametype|doubles
|player|p1|maish|roxie|1081
|player|p2|6ix9inebiggestfan|170|1000
|gen|9
|tier|[Gen 9] VGC 2025 Reg H (Bo3)
|rated|
|rule|Species Clause: Limit one of each Pokémon
|rule|Item Clause: Limit 1 of each item
|clearpoke
|poke|p1|Pelipper, L50, M|
|poke|p1|Archaludon, L50, M|
|poke|p1|Basculegion, L50, M|
|poke|p1|Amoonguss, L50, F|
|poke|p1|Incineroar, L50, M|
|poke|p1|Gholdengo, L50|
|poke|p2|Ursaluna, L50, M|
|poke|p2|Dragonite, L50, M|
|poke|p2|Archaludon, L50, M|
|poke|p2|Sinistcha, L50|
|poke|p2|Pelipper, L50, M|
|poke|p2|Gholdengo, L50|
|teampreview|4
|showteam|p1|Pelipper||FocusSash|Drizzle|WeatherBall,Hurricane,Tailwind,Protect|||M|||50|,,,,,Ghost]Archaludon||AssaultVest|Stamina|DragonPulse,ElectroShot,Snarl,BodyPress|||M|||50|,,,,,Grass]Basculegion||ChoiceBand|SwiftSwim|WaveCrash,LastRespects,AquaJet,FlipTurn|||M|||50|,,,,,Grass]Amoonguss||RockyHelmet|Regenerator|RagePowder,PollenPuff,Spore,Protect|||F|||50|,,,,,Water]Incineroar||SafetyGoggles|Intimidate|FakeOut,FlareBlitz,PartingShot,KnockOff|||M|||50|,,,,,Water]Gholdengo||LifeOrb|GoodasGold|MakeItRain,ShadowBall,NastyPlot,Protect||||||50|,,,,,Dragon
|showteam|p2|Ursaluna||FlameOrb|Guts|Facade,Protect,HeadlongRush,Earthquake|||M|||50|,,,,,Ghost]Dragonite||LoadedDice|Multiscale|ScaleShot,Protect,Haze,Tailwind|||M|||50|,,,,,Fairy]Archaludon||AssaultVest|Stamina|FlashCannon,BodyPress,ElectroShot,Snarl|||M|||50|,,,,,Fighting]Sinistcha||SitrusBerry|Hospitality|LifeDew,MatchaGotcha,TrickRoom,RagePowder||||||50|,,,,,Dark]Pelipper||FocusSash|Drizzle|Hurricane,Tailwind,MuddyWater,Protect|||M|||50|,,,,,Ghost]Gholdengo||ChoiceScarf|GoodasGold|MakeItRain,ShadowBall,Trick,TeraBlast||||||50|,,,,,Water
|inactive|Battle timer is ON: inactive players will automatically lose when time's up. (requested by 6ix9inebiggestfan)
|inactive|maish has 60 seconds left.
|inactive|maish has 30 seconds left.
|inactive|maish has 20 seconds left.
|
|t:|1756830282
|teamsize|p1|4
|teamsize|p2|4
|start
|switch|p1a: Incineroar|Incineroar, L50, M|100/100
|switch|p1b: Gholdengo|Gholdengo, L50|100/100
|switch|p2a: Dragonite|Dragonite, L50, M|100/100
|switch|p2b: Archaludon|Archaludon, L50, M|100/100
|-ability|p1a: Incineroar|Intimidate|boost
|-unboost|p2a: Dragonite|atk|1
|-unboost|p2b: Archaludon|atk|1
|turn|1
|inactive|maish has 30 seconds left.
|inactive|6ix9inebiggestfan has 30 seconds left.
|inactive|maish has 20 seconds left.
|inactive|6ix9inebiggestfan has 20 seconds left.
|inactive|maish has 15 seconds left.
|inactive|6ix9inebiggestfan has 15 seconds left.
|inactive|maish has 10 seconds left.
|inactive|maish has 5 seconds left.
|
|t:|1756830333
|move|p1a: Incineroar|Fake Out|p2a: Dragonite
|-damage|p2a: Dragonite|95/100
|move|p1b: Gholdengo|Nasty Plot|p1b: Gholdengo
|-boost|p1b: Gholdengo|spa|2
|cant|p2a: Dragonite|flinch
|move|p2b: Archaludon|Body Press|p1a: Incineroar
|-supereffective|p1a: Incineroar
|-damage|p1a: Incineroar|61/100
|
|upkeep
|turn|2
|inactive|maish has 30 seconds left.
|inactive|6ix9inebiggestfan has 30 seconds left.
|inactive|maish has 20 seconds left.
|inactive|maish has 15 seconds left.
|inactive|maish has 10 seconds left.
|inactive|maish has 5 seconds left.
|
|t:|1756830387
|switch|p1a: Amoonguss|Amoonguss, L50, F|100/100
|move|p1b: Gholdengo|Shadow Ball|p2b: Archaludon
|-damage|p2b: Archaludon|30/100
|-unboost|p2b: Archaludon|spd|1
|-ability|p2b: Archaludon|Stamina|boost
|-boost|p2b: Archaludon|def|1
|-damage|p1b: Gholdengo|91/100|[from] item: Life Orb
|move|p2a: Dragonite|Haze|p2a: Dragonite
|-clearallboost
|move|p2b: Archaludon|Snarl|p1a: Amoonguss|[spread] p1a,p1b
|-supereffective|p1b: Gholdengo
|-damage|p1a: Amoonguss|89/100
|-damage|p1b: Gholdengo|64/100
|-unboost|p1a: Amoonguss|spa|1
|-unboost|p1b: Gholdengo|spa|1
|
|upkeep
|turn|3
|inactive|maish has 30 seconds left.
|inactive|maish has 20 seconds left.
|inactive|maish has 15 seconds left.
|inactive|maish has 10 seconds left.
|inactive|maish has 5 seconds left.
|
|t:|1756830437
|move|p1a: Amoonguss|Rage Powder|p1a: Amoonguss
|-singleturn|p1a: Amoonguss|move: Rage Powder
|move|p1b: Gholdengo|Shadow Ball|p2b: Archaludon
|-damage|p2b: Archaludon|4/100
|-ability|p2b: Archaludon|Stamina|boost
|-boost|p2b: Archaludon|def|1
|-damage|p1b: Gholdengo|55/100|[from] item: Life Orb
|move|p2a: Dragonite|Scale Shot|p1a: Amoonguss
|-damage|p1a: Amoonguss|78/100
|-damage|p1a: Amoonguss|66/100
|-damage|p1a: Amoonguss|54/100
|-damage|p1a: Amoonguss|42/100
|-hitcount|p1a: Amoonguss|4
|-unboost|p2a: Dragonite|def|1
|-boost|p2a: Dragonite|spe|1
|move|p2b: Archaludon|Snarl|p1b: Gholdengo|[spread] p1a,p1b
|-supereffective|p1b: Gholdengo
|-damage|p1a: Amoonguss|31/100
|-damage|p1b: Gholdengo|29/100
|-unboost|p1a: Amoonguss|spa|1
|-unboost|p1b: Gholdengo|spa|1
|
|upkeep
|turn|4
|inactive|maish has 30 seconds left.
|inactive|6ix9inebiggestfan has 30 seconds left.
|inactive|maish has 20 seconds left.
|inactive|maish has 15 seconds left.
|inactive|maish has 10 seconds left.
|
|t:|1756830485
|move|p2a: Dragonite|Tailwind|p2a: Dragonite
|-sidestart|p2: 6ix9inebiggestfan|move: Tailwind
|move|p2b: Archaludon|Snarl|p1a: Amoonguss|[spread] p1a,p1b
|-supereffective|p1b: Gholdengo
|-damage|p1a: Amoonguss|20/100
|-damage|p1b: Gholdengo|2/100
|-unboost|p1a: Amoonguss|spa|1
|-unboost|p1b: Gholdengo|spa|1
|move|p1b: Gholdengo|Make It Rain|p2b: Archaludon|[spread] p2a,p2b
|-resisted|p2b: Archaludon
|-damage|p2a: Dragonite|69/100
|-damage|p2b: Archaludon|0 fnt
|-unboost|p1b: Gholdengo|spa|1
|faint|p2b: Archaludon
|-damage|p1b: Gholdengo|0 fnt|[from] item: Life Orb
|faint|p1b: Gholdengo
|move|p1a: Amoonguss|Pollen Puff|p1: Gholdengo|[notarget]
|-fail|p1a: Amoonguss
|
|upkeep
|
|t:|1756830503
|switch|p1b: Incineroar|Incineroar, L50, M|61/100
|switch|p2b: Ursaluna|Ursaluna, L50, M|100/100
|-ability|p1b: Incineroar|Intimidate|boost
|-unboost|p2a: Dragonite|atk|1
|-unboost|p2b: Ursaluna|atk|1
|turn|5
|inactive|maish has 30 seconds left.
|inactive|maish has 20 seconds left.
|
|t:|1756830540
|switch|p1a: Basculegion|Basculegion, L50, M, shiny|100/100
|-terastallize|p1b: Incineroar|Water
|move|p2a: Dragonite|Protect|p2a: Dragonite
|-singleturn|p2a: Dragonite|Protect
|move|p2b: Ursaluna|Protect|p2b: Ursaluna
|-singleturn|p2b: Ursaluna|Protect
|move|p1b: Incineroar|Fake Out|p2a: Dragonite
|-activate|p2a: Dragonite|move: Protect
|
|-status|p2b: Ursaluna|brn|[from] item: Flame Orb
|upkeep
|turn|6
|inactive|maish has 30 seconds left.
|inactive|6ix9inebiggestfan has 30 seconds left.
|inactive|maish has 20 seconds left.
|inactive|maish has 15 seconds left.
|
|t:|1756830582
|switch|p2b: Sinistcha|Sinistcha, L50|100/100
|-heal|p2a: Dragonite|93/100|[from] ability: Hospitality|[of] p2b: Sinistcha
|switch|p1a: Amoonguss|Amoonguss, L50, F|53/100
|move|p2a: Dragonite|Scale Shot|p1a: Amoonguss
|-damage|p1a: Amoonguss|46/100
|-damage|p1a: Amoonguss|37/100
|-damage|p1a: Amoonguss|30/100
|-damage|p1a: Amoonguss|22/100
|-damage|p1a: Amoonguss|15/100
|-hitcount|p1a: Amoonguss|5
|-unboost|p2a: Dragonite|def|1
|-boost|p2a: Dragonite|spe|1
|move|p1b: Incineroar|Knock Off|p2a: Dragonite
|-damage|p2a: Dragonite|14/100
|-enditem|p2a: Dragonite|Loaded Dice|[from] move: Knock Off|[of] p1b: Incineroar
|
|upkeep
|turn|7
|inactive|maish has 30 seconds left.
|inactive|6ix9inebiggestfan has 30 seconds left.
|inactive|maish has 20 seconds left.
|inactive|maish has 15 seconds left.
|inactive|maish has 10 seconds left.
|
|t:|1756830630
|move|p2a: Dragonite|Protect|p2a: Dragonite
|-singleturn|p2a: Dragonite|Protect
|move|p1a: Amoonguss|Rage Powder|p1a: Amoonguss
|-singleturn|p1a: Amoonguss|move: Rage Powder
|move|p2b: Sinistcha|Matcha Gotcha|p1b: Incineroar|[spread] p1a,p1b
|-resisted|p1a: Amoonguss
|-supereffective|p1b: Incineroar
|-damage|p1a: Amoonguss|9/100
|-damage|p1b: Incineroar|19/100
|move|p1b: Incineroar|Flare Blitz|p2b: Sinistcha
|-supereffective|p2b: Sinistcha
|-damage|p2b: Sinistcha|16/100
|-status|p2b: Sinistcha|brn
|-enditem|p2b: Sinistcha|Sitrus Berry|[eat]
|-heal|p2b: Sinistcha|41/100 brn|[from] item: Sitrus Berry
|-damage|p1b: Incineroar|0 fnt|[from] Recoil
|faint|p1b: Incineroar
|
|-damage|p2b: Sinistcha|35/100 brn|[from] brn
|-sideend|p2: 6ix9inebiggestfan|move: Tailwind
|upkeep
|
|t:|1756830643
|switch|p1b: Basculegion|Basculegion, L50, M, shiny|100/100
|turn|8
|inactive|maish has 30 seconds left.
|inactive|maish has 20 seconds left.
|
|t:|1756830683
|move|p2b: Sinistcha|Rage Powder|p2b: Sinistcha
|-singleturn|p2b: Sinistcha|move: Rage Powder
|move|p2a: Dragonite|Tailwind|p2a: Dragonite
|-sidestart|p2: 6ix9inebiggestfan|move: Tailwind
|move|p1b: Basculegion|Wave Crash|p2b: Sinistcha
|-resisted|p2b: Sinistcha
|-damage|p2b: Sinistcha|0 fnt
|faint|p2b: Sinistcha
|-damage|p1b: Basculegion|91/100|[from] Recoil
|move|p1a: Amoonguss|Pollen Puff|p1b: Basculegion
|-heal|p1b: Basculegion|100/100
|
|upkeep
|
|t:|1756830693
|switch|p2b: Ursaluna|Ursaluna, L50, M|100/100 brn
|turn|9
|
|t:|1756830709
|-terastallize|p2b: Ursaluna|Ghost
|move|p1a: Amoonguss|Rage Powder|p1a: Amoonguss
|-singleturn|p1a: Amoonguss|move: Rage Powder
|move|p2a: Dragonite|Scale Shot|p1a: Amoonguss|[miss]
|-miss|p2a: Dragonite|p1a: Amoonguss
|move|p2b: Ursaluna|Earthquake|p1a: Amoonguss|[spread] p1a,p1b
|-immune|p2a: Dragonite
|-damage|p1a: Amoonguss|0 fnt
|-damage|p1b: Basculegion|20/100
|faint|p1a: Amoonguss
|move|p1b: Basculegion|Wave Crash|p2b: Ursaluna
|-damage|p2b: Ursaluna|20/100 brn
|-damage|p1b: Basculegion|0 fnt|[from] Recoil
|faint|p1b: Basculegion
|
|win|6ix9inebiggestfan
|inactive|maish has 30 seconds to confirm battle start!
|inactive|6ix9inebiggestfan has 30 seconds to confirm battle start!
||6ix9inebiggestfan is ready for game 2.
|inactive|maish has 20 seconds to confirm battle start!
||maish is ready for game 2.
|uhtml|next|Next: Game 2 of 3
|l|☆maish
|player|p1|
|n|☆6ix9inebiggestfan|6ix9inebiggestfan
