|j|☆endertytar
|j|☆El Dexter
|html|endertytarEl Dexter    
|uhtml|bestof|Game 3 of a best-of-3
|t:|1756229186
|gametype|doubles
|player|p1|endertytar|266|
|player|p2|El Dexter|hilbert-wonderlauncher|
|gen|9
|tier|[Gen 9] VGC 2025 Reg H (Bo3)
|rule|Species Clause: Limit one of each Pokémon
|rule|Item Clause: Limit 1 of each item
|clearpoke
|poke|p1|Tyranitar, L50, M|
|poke|p1|Dondozo, L50, F|
|poke|p1|Sneasler, L50, M|
|poke|p1|Gholdengo, L50|
|poke|p1|Indeedee, L50, M|
|poke|p1|Volcarona, L50, F|
|poke|p2|Electabuzz, L50, M|
|poke|p2|Pelipper, L50, M|
|poke|p2|Rillaboom, L50, M|
|poke|p2|Basculegion, L50, M|
|poke|p2|Kingambit, L50, M|
|poke|p2|Archaludon, L50, M|
|teampreview|4
|showteam|p1|Tyranitar||ClearAmulet|SandStream|Protect,DragonDance,RockSlide,KnockOff|||M|||50|,,,,,Ghost]Dondozo||Leftovers|Unaware|Protect,Yawn,Liquidation,Substitute|||F|||50|,,,,,Grass]Sneasler||PsychicSeed|Unburden|CloseCombat,DireClaw,Coaching,Protect|||M|||50|,,,,,Dark]Gholdengo||MetalCoat|GoodasGold|Protect,NastyPlot,ShadowBall,MakeItRain||||||50|,,,,,Steel]Indeedee||ChoiceScarf|PsychicSurge|Trick,ExpandingForce,TrickRoom,Protect|||M|||50|,,,,,Psychic]Volcarona||SitrusBerry|FlameBody|Tailwind,FieryDance,StruggleBug,RagePowder|||F|||50|,,,,,Grass
|showteam|p2|Electabuzz||Eviolite|VitalSpirit|Electroweb,Taunt,FollowMe,Protect|||M|||50|,,,,,Ghost]Pelipper||FocusSash|Drizzle|WeatherBall,Hurricane,Tailwind,Protect|||M|||50|,,,,,Ghost]Rillaboom||LoadedDice|GrassySurge|BulletSeed,GrassyGlide,FakeOut,HighHorsepower|||M|||50|,,,,,Fire]Basculegion||ChoiceBand|SwiftSwim|WaveCrash,AquaJet,FlipTurn,LastRespects|||M|||50|,,,,,Grass]Kingambit||BlackGlasses|Defiant|KowtowCleave,SuckerPunch,SwordsDance,Protect|||M|||50|,,,,,Dark]Archaludon||AssaultVest|Stamina|FlashCannon,DragonPulse,ElectroShot,BodyPress|||M|||50|,,,,,Fairy
|inactive|Battle timer is ON: inactive players will automatically lose when time's up. (requested by endertytar)
|inactive|endertytar has 60 seconds left.
|
|t:|1756229219
|teamsize|p1|4
|teamsize|p2|4
|start
|switch|p1a: Sneasler|Sneasler, L50, M|100/100
|switch|p1b: Indeedee|Indeedee, L50, M|100/100
|switch|p2a: Basculegion|Basculegion, L50, M|100/100
|switch|p2b: Mojo Jojo|Rillaboom, L50, M, shiny|100/100
|-fieldstart|move: Psychic Terrain|[from] ability: Psychic Surge|[of] p1b: Indeedee
|-enditem|p1a: Sneasler|Psychic Seed
|-boost|p1a: Sneasler|spd|1|[from] item: Psychic Seed
|-fieldstart|move: Grassy Terrain|[from] ability: Grassy Surge|[of] p2b: Mojo Jojo
|turn|1
|inactive|endertytar has 30 seconds left.
|inactive|El Dexter has 30 seconds left.
|
|t:|1756229254
|switch|p2b: Richa|Pelipper, L50, M|100/100
|-weather|RainDance|[from] ability: Drizzle|[of] p2b: Richa
|move|p1a: Sneasler|Protect|p1a: Sneasler
|-singleturn|p1a: Sneasler|Protect
|move|p2a: Basculegion|Flip Turn|p1b: Indeedee
|-damage|p1b: Indeedee|0 fnt
|faint|p1b: Indeedee
|
|t:|1756229264
|switch|p2a: Mojo Jojo|Rillaboom, L50, M, shiny|100/100|[from] Flip Turn
|
|-weather|RainDance|[upkeep]
|upkeep
|
|t:|1756229269
|switch|p1b: Gholdengo|Gholdengo, L50|100/100
|turn|2
|
|t:|1756229288
|move|p2a: Mojo Jojo|Fake Out|p1a: Sneasler
|-damage|p1a: Sneasler|77/100
|cant|p1a: Sneasler|flinch
|move|p1b: Gholdengo|Nasty Plot|p1b: Gholdengo
|-boost|p1b: Gholdengo|spa|2
|move|p2b: Richa|Tailwind|p2b: Richa
|-sidestart|p2: El Dexter|move: Tailwind
|
|-weather|RainDance|[upkeep]
|-heal|p1a: Sneasler|83/100|[from] Grassy Terrain
|upkeep
|turn|3
|inactive|El Dexter has 30 seconds left.
|inactive|El Dexter has 20 seconds left.
|inactive|El Dexter has 15 seconds left.
|
|t:|1756229332
|move|p2b: Richa|Protect|p2b: Richa
|-singleturn|p2b: Richa|Protect
|move|p1a: Sneasler|Close Combat|p2b: Richa
|-activate|p2b: Richa|move: Protect
|move|p2a: Mojo Jojo|High Horsepower|p1b: Gholdengo|[miss]
|-miss|p2a: Mojo Jojo|p1b: Gholdengo
|move|p1b: Gholdengo|Shadow Ball|p2b: Richa
|-activate|p2b: Richa|move: Protect
|
|-weather|RainDance|[upkeep]
|-heal|p1a: Sneasler|89/100|[from] Grassy Terrain
|upkeep
|turn|4
|inactive|El Dexter has 30 seconds left.
|inactive|El Dexter has 20 seconds left.
|
|t:|1756229369
|move|p1a: Sneasler|Protect|p1a: Sneasler
|-singleturn|p1a: Sneasler|Protect
|move|p2a: Mojo Jojo|High Horsepower|p1a: Sneasler
|-activate|p1a: Sneasler|move: Protect
|move|p2b: Richa|Weather Ball|p1b: Gholdengo
|-damage|p1b: Gholdengo|34/100
|move|p1b: Gholdengo|Shadow Ball|p2b: Richa
|-enditem|p2b: Richa|Focus Sash
|-damage|p2b: Richa|1/100
|
|-weather|RainDance|[upkeep]
|-heal|p1a: Sneasler|95/100|[from] Grassy Terrain
|-heal|p1b: Gholdengo|40/100|[from] Grassy Terrain
|upkeep
|turn|5
|
|t:|1756229393
|switch|p2b: Francisco|Archaludon, L50, M|100/100
|move|p1b: Gholdengo|Protect|p1b: Gholdengo
|-singleturn|p1b: Gholdengo|Protect
|move|p1a: Sneasler|Dire Claw|p2b: Francisco
|-immune|p2b: Francisco
|move|p2a: Mojo Jojo|High Horsepower|p1b: Gholdengo
|-activate|p1b: Gholdengo|move: Protect
|
|-weather|none
|-heal|p1a: Sneasler|100/100|[from] Grassy Terrain
|-heal|p1b: Gholdengo|46/100|[from] Grassy Terrain
|-sideend|p2: El Dexter|move: Tailwind
|-fieldend|move: Grassy Terrain
|upkeep
|turn|6
|inactive|endertytar has 30 seconds left.
|inactive|El Dexter has 30 seconds left.
|
|t:|1756229423
|switch|p2b: Basculegion|Basculegion, L50, M|100/100
|move|p1a: Sneasler|Dire Claw|p2a: Mojo Jojo
|-supereffective|p2a: Mojo Jojo
|-damage|p2a: Mojo Jojo|17/100
|-status|p2a: Mojo Jojo|psn
|move|p2a: Mojo Jojo|High Horsepower|p1b: Gholdengo
|-supereffective|p1b: Gholdengo
|-damage|p1b: Gholdengo|0 fnt
|faint|p1b: Gholdengo
|
|-damage|p2a: Mojo Jojo|4/100 psn|[from] psn
|upkeep
|
|t:|1756229433
|switch|p1b: Tyranitar|Tyranitar, L50, M|100/100
|-weather|Sandstorm|[from] ability: Sand Stream|[of] p1b: Tyranitar
|turn|7
|inactive|El Dexter has 30 seconds left.
|
|t:|1756229464
|switch|p2a: Richa|Pelipper, L50, M|1/100
|-weather|RainDance|[from] ability: Drizzle|[of] p2a: Richa
|-terastallize|p2b: Basculegion|Grass
|-terastallize|p1b: Tyranitar|Ghost
|move|p1a: Sneasler|Coaching|p1b: Tyranitar
|-boost|p1b: Tyranitar|atk|1
|-boost|p1b: Tyranitar|def|1
|move|p2b: Basculegion|Flip Turn|p1a: Sneasler
|-damage|p1a: Sneasler|0 fnt
|faint|p1a: Sneasler
|
|t:|1756229477
|switch|p2b: Francisco|Archaludon, L50, M|100/100|[from] Flip Turn
|move|p1b: Tyranitar|Rock Slide|p2b: Francisco|[spread] p2a,p2b
|-supereffective|p2a: Richa
|-resisted|p2b: Francisco
|-damage|p2a: Richa|0 fnt
|-damage|p2b: Francisco|85/100
|-ability|p2b: Francisco|Stamina|boost
|-boost|p2b: Francisco|def|1
|faint|p2a: Richa
|
|-weather|RainDance|[upkeep]
|upkeep
|
|t:|1756229490
|switch|p2a: Mojo Jojo|Rillaboom, L50, M, shiny|4/100 psn
|-fieldstart|move: Grassy Terrain|[from] ability: Grassy Surge|[of] p2a: Mojo Jojo
|turn|8
|
|t:|1756229507
|move|p2a: Mojo Jojo|Bullet Seed|p1b: Tyranitar
|-crit|p1b: Tyranitar
|-damage|p1b: Tyranitar|77/100
|-damage|p1b: Tyranitar|66/100
|-damage|p1b: Tyranitar|56/100
|-damage|p1b: Tyranitar|44/100
|-damage|p1b: Tyranitar|33/100
|-hitcount|p1b: Tyranitar|5
|move|p2b: Francisco|Electro Shot||[still]
|-prepare|p2b: Francisco|Electro Shot
|-boost|p2b: Francisco|spa|1
|-anim|p2b: Francisco|Electro Shot|p1b: Tyranitar
|-damage|p1b: Tyranitar|0 fnt
|faint|p1b: Tyranitar
|
|win|El Dexter
|l|☆endertytar
|player|p1|
