|j|☆kokonuthasabignut
|j|☆godku7
|html|kokonuthasabignutgodku7    
|uhtml|bestof|Game 2 of a best-of-3
|t:|1784010925
|gametype|doubles
|player|p1|kokonuthasabignut|unknown|
|player|p2|godku7|2|
|gen|9
|tier|[Gen 9 Champions] VGC 2026 Reg M-B (Bo3)
|rule|Species Clause: Limit one of each Pokémon
|rule|Item Clause: Limit 1 of each item
|clearpoke
|poke|p1|Camerupt, L50, M|
|poke|p1|Farigiraf, L50, M|
|poke|p1|Torkoal, L50, F|
|poke|p1|Vileplume, L50, F|
|poke|p1|Garchomp, L50, M|
|poke|p1|Sneasler, L50, M|
|poke|p2|Espathra, L50, F|
|poke|p2|Floette-Eternal, L50, F|
|poke|p2|Farigiraf, L50, F, shiny|
|poke|p2|Aegislash, L50, F, shiny|
|poke|p2|Aerodactyl, L50, F|
|poke|p2|Araquanid, L50, F|
|teampreview|4
|showteam|p1|Camerupt||Cameruptite|SolidRock|AncientPower,HeatWave,EarthPower,Protect|Modest||M|||50|]Farigiraf||SitrusBerry|ArmorTail|TrickRoom,Thunderbolt,TwinBeam,HelpingHand|Relaxed||M|||50|]Torkoal||Charcoal|Drought|Eruption,HeatWave,SolarBeam,Protect|Modest||F|||50|]Vileplume||FocusSash|Chlorophyll|AfterYou,SleepPowder,Protect,SludgeBomb|Bold||F|||50|]Garchomp||Garchompite|RoughSkin|StompingTantrum,Protect,RockSlide,DragonClaw|Jolly||M|||50|]Sneasler||WhiteHerb|Unburden|Protect,CloseCombat,DireClaw,FakeOut|Adamant||M|||50|
|showteam|p2|Espathra||FocusSash|SpeedBoost|CalmMind,BatonPass,LuminaCrash,Protect|Bold||F|||50|]Floette-Eternal||Floettite|FlowerVeil|DrainingKiss,DazzlingGleam,LightofRuin,Protect|Timid||F|||50|]Farigiraf||ColburBerry|ArmorTail|LightScreen,HyperVoice,TrickRoom,Protect|Sassy||F|||50|]Aegislash||SitrusBerry|StanceChange|KingsShield,Poltergeist,SacredSword,CloseCombat|Sassy||F|||50|]Aerodactyl||LumBerry|RockHead|Tailwind,RockSlide,WideGuard,Protect|Jolly||F|||50|]Araquanid||LifeOrb|WaterBubble|Waterfall,SkitterSmack,Protect,MirrorCoat|Sassy||F|||50|
|
|t:|1784010950
|teamsize|p1|4
|teamsize|p2|4
|start
|switch|p1a: Vileplume|Vileplume, L50, F|100/100
|switch|p1b: Torkoal|Torkoal, L50, F|100/100
|switch|p2a: LIMU EMUUUU!!!|Espathra, L50, F|100/100
|switch|p2b: wun fih|Farigiraf, L50, F, shiny|100/100
|-weather|SunnyDay|[from] ability: Drought|[of] p1b: Torkoal
|turn|1
|
|t:|1784010973
|switch|p2a: Bubble Bug|Araquanid, L50, F|100/100
|move|p1a: Vileplume|Sleep Powder|p2b: wun fih
|-status|p2b: wun fih|slp|[from] move: Sleep Powder
|cant|p2b: wun fih|slp
|move|p1b: Torkoal|Eruption|p2b: wun fih|[spread] p2a,p2b
|-damage|p2a: Bubble Bug|74/100
|-damage|p2b: wun fih|31/100 slp
|
|-weather|SunnyDay|[upkeep]
|upkeep
|turn|2
|c|☆godku7|wait i thought i gave it lum berry
|c|☆godku7|uh oh
|
|t:|1784010998
|switch|p2b: Aerodactyl|Aerodactyl, L50, F|100/100
|move|p1a: Vileplume|Sludge Bomb|p2a: Bubble Bug
|-damage|p2a: Bubble Bug|53/100
|move|p2a: Bubble Bug|Skitter Smack|p1b: Torkoal
|-resisted|p1b: Torkoal|1
|-damage|p1b: Torkoal|90/100
|-unboost|p1b: Torkoal|spa|1
|-damage|p2a: Bubble Bug|43/100|[from] item: Life Orb
|move|p1b: Torkoal|Solar Beam||[still]
|-prepare|p1b: Torkoal|Solar Beam
|-anim|p1b: Torkoal|Solar Beam|p2b: Aerodactyl
|-crit|p2b: Aerodactyl
|-damage|p2b: Aerodactyl|46/100
|
|-weather|SunnyDay|[upkeep]
|upkeep
|turn|3
|
|t:|1784011033
|move|p1a: Vileplume|Sleep Powder|p2b: Aerodactyl|[miss]
|-miss|p1a: Vileplume|p2b: Aerodactyl
|move|p2b: Aerodactyl|Rock Slide|p1a: Vileplume|[spread] p1a,p1b
|-supereffective|p1b: Torkoal|1
|-damage|p1a: Vileplume|78/100
|-damage|p1b: Torkoal|62/100
|move|p2a: Bubble Bug|Waterfall|p1b: Torkoal
|-supereffective|p1b: Torkoal|1
|-crit|p1b: Torkoal
|-damage|p1b: Torkoal|5/100
|-damage|p2a: Bubble Bug|33/100|[from] item: Life Orb
|move|p1b: Torkoal|Solar Beam||[still]
|-prepare|p1b: Torkoal|Solar Beam
|-anim|p1b: Torkoal|Solar Beam|p2a: Bubble Bug
|-damage|p2a: Bubble Bug|18/100
|
|-weather|SunnyDay|[upkeep]
|upkeep
|turn|4
|
|t:|1784011058
|switch|p1b: Farigiraf|Farigiraf, L50, M|100/100
|move|p2b: Aerodactyl|Protect|p2b: Aerodactyl
|-singleturn|p2b: Aerodactyl|Protect
|move|p1a: Vileplume|Sludge Bomb|p2a: Bubble Bug
|-damage|p2a: Bubble Bug|0 fnt
|faint|p2a: Bubble Bug
|
|-weather|SunnyDay|[upkeep]
|upkeep
|
|t:|1784011067
|switch|p2a: wun fih|Farigiraf, L50, F, shiny|31/100 slp
|turn|5
|
|t:|1784011087
|move|p1a: Vileplume|Sleep Powder|p2b: Aerodactyl
|-status|p2b: Aerodactyl|slp|[from] move: Sleep Powder
|-enditem|p2b: Aerodactyl|Lum Berry|[eat]
|-curestatus|p2b: Aerodactyl|slp|[msg]
|move|p2b: Aerodactyl|Rock Slide|p1b: Farigiraf|[spread] p1a,p1b
|-damage|p1a: Vileplume|56/100
|-damage|p1b: Farigiraf|82/100
|cant|p1b: Farigiraf|flinch
|cant|p2a: wun fih|slp
|
|-weather|none
|upkeep
|turn|6
|
|t:|1784011107
|move|p2b: Aerodactyl|Protect|p2b: Aerodactyl
|-singleturn|p2b: Aerodactyl|Protect
|move|p1a: Vileplume|Sludge Bomb|p2a: wun fih
|-damage|p2a: wun fih|3/100 slp
|move|p1b: Farigiraf|Thunderbolt|p2b: Aerodactyl
|-activate|p2b: Aerodactyl|move: Protect
|-curestatus|p2a: wun fih|slp|[msg]
|move|p2a: wun fih|Light Screen|p2a: wun fih
|-sidestart|p2: godku7|move: Light Screen
|
|upkeep
|turn|7
|
|t:|1784011124
|switch|p2a: LIMU EMUUUU!!!|Espathra, L50, F|100/100
|move|p2b: Aerodactyl|Rock Slide|p1a: Vileplume|[spread] p1a,p1b
|-damage|p1a: Vileplume|36/100
|-damage|p1b: Farigiraf|67/100
|cant|p1a: Vileplume|flinch
|move|p1b: Farigiraf|Trick Room|p1b: Farigiraf
|-fieldstart|move: Trick Room|[of] p1b: Farigiraf
|
|upkeep
|turn|8
|
|t:|1784011151
|move|p1b: Farigiraf|Thunderbolt|p2b: Aerodactyl
|-supereffective|p2b: Aerodactyl|1
|-damage|p2b: Aerodactyl|14/100
|move|p1a: Vileplume|Sleep Powder|p2a: LIMU EMUUUU!!!
|-status|p2a: LIMU EMUUUU!!!|slp|[from] move: Sleep Powder
|cant|p2a: LIMU EMUUUU!!!|slp
|move|p2b: Aerodactyl|Rock Slide|p1b: Farigiraf|[spread] p1b
|-miss|p2b: Aerodactyl|p1a: Vileplume
|-crit|p1b: Farigiraf
|-damage|p1b: Farigiraf|44/100
|-enditem|p1b: Farigiraf|Sitrus Berry|[eat]
|-heal|p1b: Farigiraf|69/100|[from] item: Sitrus Berry
|
|-ability|p2a: LIMU EMUUUU!!!|Speed Boost|boost
|-boost|p2a: LIMU EMUUUU!!!|spe|1
|upkeep
|turn|9
|c|☆kokonuthasabignut|Btw sneSl
|c|☆kokonuthasabignut|Sneasler isn’t sash
|c|☆godku7|doesnt rock resist electric
|
|t:|1784011185
|move|p1b: Farigiraf|Thunderbolt|p2b: Aerodactyl
|-supereffective|p2b: Aerodactyl|1
|-damage|p2b: Aerodactyl|0 fnt
|faint|p2b: Aerodactyl
|move|p1a: Vileplume|Sludge Bomb|p2a: LIMU EMUUUU!!!
|-damage|p2a: LIMU EMUUUU!!!|72/100 slp
|cant|p2a: LIMU EMUUUU!!!|slp
|
|-ability|p2a: LIMU EMUUUU!!!|Speed Boost|boost
|-boost|p2a: LIMU EMUUUU!!!|spe|1
|upkeep
|
|t:|1784011195
|switch|p2b: wun fih|Farigiraf, L50, F, shiny|3/100
|turn|10
|
|t:|1784011211
|switch|p1a: Torkoal|Torkoal, L50, F|5/100
|-weather|SunnyDay|[from] ability: Drought|[of] p1a: Torkoal
|move|p2b: wun fih|Protect|p2b: wun fih
|-singleturn|p2b: wun fih|Protect
|move|p1b: Farigiraf|Thunderbolt|p2b: wun fih
|-activate|p2b: wun fih|move: Protect
|-curestatus|p2a: LIMU EMUUUU!!!|slp|[msg]
|move|p2a: LIMU EMUUUU!!!|Calm Mind|p2a: LIMU EMUUUU!!!
|-boost|p2a: LIMU EMUUUU!!!|spa|1
|-boost|p2a: LIMU EMUUUU!!!|spd|1
|
|-weather|SunnyDay|[upkeep]
|-sideend|p2: godku7|move: Light Screen
|-ability|p2a: LIMU EMUUUU!!!|Speed Boost|boost
|-boost|p2a: LIMU EMUUUU!!!|spe|1
|upkeep
|turn|11
|
|t:|1784011234
|move|p1b: Farigiraf|Helping Hand|p1a: Torkoal
|-singleturn|p1a: Torkoal|Helping Hand|[of] p1b: Farigiraf
|move|p2b: wun fih|Protect|p2b: wun fih
|-singleturn|p2b: wun fih|Protect
|move|p2a: LIMU EMUUUU!!!|Protect|p2a: LIMU EMUUUU!!!
|-singleturn|p2a: LIMU EMUUUU!!!|Protect
|move|p1a: Torkoal|Heat Wave|p2a: LIMU EMUUUU!!!|[spread] 
|-activate|p2a: LIMU EMUUUU!!!|move: Protect
|-activate|p2b: wun fih|move: Protect
|
|-weather|SunnyDay|[upkeep]
|-fieldend|move: Trick Room
|-ability|p2a: LIMU EMUUUU!!!|Speed Boost|boost
|-boost|p2a: LIMU EMUUUU!!!|spe|1
|upkeep
|turn|12
|
|t:|1784011260
|move|p1a: Torkoal|Protect|p1a: Torkoal
|-singleturn|p1a: Torkoal|Protect
|move|p2a: LIMU EMUUUU!!!|Lumina Crash|p1b: Farigiraf
|-resisted|p1b: Farigiraf|1
|-damage|p1b: Farigiraf|50/100g
|-unboost|p1b: Farigiraf|spd|2
|move|p2b: wun fih|Light Screen|p2b: wun fih
|-sidestart|p2: godku7|move: Light Screen
|move|p1b: Farigiraf|Trick Room|p1b: Farigiraf
|-fieldstart|move: Trick Room|[of] p1b: Farigiraf
|
|-weather|SunnyDay|[upkeep]
|-ability|p2a: LIMU EMUUUU!!!|Speed Boost|boost
|-boost|p2a: LIMU EMUUUU!!!|spe|1
|upkeep
|turn|13
|
|t:|1784011277
|move|p1b: Farigiraf|Helping Hand|p1a: Torkoal
|-singleturn|p1a: Torkoal|Helping Hand|[of] p1b: Farigiraf
|move|p1a: Torkoal|Heat Wave|p2b: wun fih|[spread] p2a,p2b
|-damage|p2a: LIMU EMUUUU!!!|30/100
|-damage|p2b: wun fih|0 fnt
|faint|p2b: wun fih
|move|p2a: LIMU EMUUUU!!!|Lumina Crash|p1a: Torkoal
|-damage|p1a: Torkoal|0 fnt
|faint|p1a: Torkoal
|
|-weather|SunnyDay|[upkeep]
|-ability|p2a: LIMU EMUUUU!!!|Speed Boost|boost
|-boost|p2a: LIMU EMUUUU!!!|spe|1
|upkeep
|c|☆godku7|at least i got past torkoal
|
|t:|1784011292
|switch|p1a: Camerupt|Camerupt, L50, M|100/100
|turn|14
|c|☆godku7|better than nothing
|
|t:|1784011303
|detailschange|p1a: Camerupt|Camerupt-Mega, L50, M
|-mega|p1a: Camerupt|Camerupt|Cameruptite
|move|p1b: Farigiraf|Helping Hand|p1a: Camerupt
|-singleturn|p1a: Camerupt|Helping Hand|[of] p1b: Farigiraf
|move|p1a: Camerupt|Heat Wave|p2a: LIMU EMUUUU!!!
|-damage|p2a: LIMU EMUUUU!!!|0 fnt
|faint|p2a: LIMU EMUUUU!!!
|
|win|kokonuthasabignut
|c|☆godku7|gg
|c|☆godku7|you did well
|c|☆kokonuthasabignut|Gg
|c|☆kokonuthasabignut|Ye honestly
