|j|‽Jelloxc
|j|☆CrawlingKingSnake
|html|JelloxcCrawlingKingSnake    
|uhtml|bestof|Game 2 of a best-of-3
|t:|1785125361
|gametype|doubles
|player|p1|Jelloxc|265|1092
|player|p2|CrawlingKingSnake|kamado-armor|1162
|gen|9
|tier|[Gen 9 Champions] VGC 2026 Reg M-B (Bo3)
|rated|
|rule|Species Clause: Limit one of each Pokémon
|rule|Item Clause: Limit 1 of each item
|clearpoke
|poke|p1|Greninja, L50, M|
|poke|p1|Abomasnow, L50, F|
|poke|p1|Avalugg-Hisui, L50, F|
|poke|p1|Beartic, L50, M|
|poke|p1|Ninetales-Alola, L50, F|
|poke|p1|Meowscarada, L50, M|
|poke|p2|Floette-Eternal, L50, F|
|poke|p2|Palafin, L50, F, shiny|
|poke|p2|Incineroar, L50, F|
|poke|p2|Toxapex, L50, M|
|poke|p2|Delphox, L50, M|
|poke|p2|Kingambit, L50, M|
|teampreview|4
|showteam|p1|Greninja||Greninjite|Protean|Blizzard,DarkPulse,WaterShuriken,Protect|Timid||M|||50|]Abomasnow||Abomasite|SnowWarning|AuroraVeil,GigaDrain,Protect,EarthPower|Calm||F|||50|]Avalugg-Hisui||MuscleBand|Sturdy|RockSlide,Earthquake,BodyPress,Protect|Impish||F|||50|]Beartic||LifeOrb|SlushRush|ThroatChop,CloseCombat,RockSlide,AquaJet|Adamant||M|||50|]Ninetales-Alola||FocusSash|SnowWarning|FreezeDry,DazzlingGleam,DarkPulse,Blizzard|Timid||F|||50|]Meowscarada||ExpertBelt|Protean|FlowerTrick,KnockOff,Uturn,Protect|Jolly||M|||50|
|showteam|p2|Floette-Eternal||Floettite|FlowerVeil|DazzlingGleam,DrainingKiss,CalmMind,Protect|Modest||F|||50|]Palafin||LifeOrb|ZerotoHero|WaveCrash,JetPunch,CloseCombat,Protect|Adamant||F|||50|]Incineroar||SitrusBerry|Intimidate|FlareBlitz,FakeOut,DarkestLariat,PartingShot|Careful||F|||50|]Toxapex||Leftovers|Regenerator|Infestation,Toxic,WideGuard,BanefulBunker|Bold||M|||50|]Delphox||Delphoxite|Blaze|HeatWave,Psychic,NastyPlot,Protect|Timid||M|||50|]Kingambit||FocusSash|Defiant|KowtowCleave,SuckerPunch,IronHead,LowKick|Adamant||M|||50|
|inactive|Battle timer is ON: inactive players will automatically lose when time's up. (requested by CrawlingKingSnake)
|inactive|Jelloxc has 60 seconds left.
|
|t:|1785125396
|teamsize|p1|4
|teamsize|p2|4
|start
|switch|p1a: Meowscarada|Meowscarada, L50, M|100/100
|switch|p1b: Abomasnow|Abomasnow, L50, F|100/100
|switch|p2a: Floette|Floette-Eternal, L50, F|100/100
|switch|p2b: Incineroar|Incineroar, L50, F|100/100
|-ability|p2b: Incineroar|Intimidate|boost
|-unboost|p1a: Meowscarada|atk|1
|-unboost|p1b: Abomasnow|atk|1
|-weather|Snowscape|[from] ability: Snow Warning|[of] p1b: Abomasnow
|turn|1
|
|t:|1785125409
|detailschange|p2a: Floette|Floette-Mega, L50, F
|-mega|p2a: Floette|Floette|Floettite
|-ability|p2a: Floette|Fairy Aura
|move|p2b: Incineroar|Fake Out|p1a: Meowscarada
|-damage|p1a: Meowscarada|84/100
|cant|p1a: Meowscarada|flinch
|move|p2a: Floette|Calm Mind|p2a: Floette
|-boost|p2a: Floette|spa|1
|-boost|p2a: Floette|spd|1
|move|p1b: Abomasnow|Aurora Veil|p1b: Abomasnow
|-sidestart|p1: Jelloxc|move: Aurora Veil
|
|-weather|Snowscape|[upkeep]
|upkeep
|turn|2
|
|t:|1785125431
|move|p2a: Floette|Protect|p2a: Floette
|-singleturn|p2a: Floette|Protect
|move|p1a: Meowscarada|Flower Trick|p2a: Floette
|-start|p1a: Meowscarada|typechange|Grass|[from] ability: Protean
|-activate|p2a: Floette|move: Protect
|move|p2b: Incineroar|Parting Shot|p1b: Abomasnow
|-unboost|p1b: Abomasnow|atk|1
|-unboost|p1b: Abomasnow|spa|1
|
|t:|1785125442
|switch|p2b: Toxapex|Toxapex, L50, M|100/100|[from] Parting Shot
|move|p1b: Abomasnow|Earth Power|p2b: Toxapex
|-supereffective|p2b: Toxapex|1
|-damage|p2b: Toxapex|80/100
|
|-weather|Snowscape|[upkeep]
|-heal|p2b: Toxapex|86/100|[from] item: Leftovers
|upkeep
|turn|3
|
|t:|1785125449
|-heal|p2b: Toxapex|100/100|[from] ability: Regenerator|[silent]
|switch|p2b: Incineroar|Incineroar, L50, F|100/100
|-ability|p2b: Incineroar|Intimidate|boost
|-unboost|p1a: Meowscarada|atk|1
|-unboost|p1b: Abomasnow|atk|1
|move|p1a: Meowscarada|Flower Trick|p2a: Floette
|-crit|p2a: Floette
|-damage|p2a: Floette|44/100
|move|p2a: Floette|Dazzling Gleam|p1b: Abomasnow|[spread] p1a,p1b
|-damage|p1a: Meowscarada|20/100y
|-damage|p1b: Abomasnow|67/100
|move|p1b: Abomasnow|Earth Power|p2b: Incineroar
|-supereffective|p2b: Incineroar|1
|-damage|p2b: Incineroar|80/100
|
|-weather|Snowscape|[upkeep]
|upkeep
|turn|4
|inactive|CrawlingKingSnake has 30 seconds left.
|
|t:|1785125476
|move|p1a: Meowscarada|Protect|p1a: Meowscarada
|-singleturn|p1a: Meowscarada|Protect
|move|p2b: Incineroar|Fake Out|p1a: Meowscarada
|-activate|p1a: Meowscarada|move: Protect
|move|p2a: Floette|Draining Kiss|p2b: Incineroar
|-damage|p2b: Incineroar|35/100
|-heal|p2a: Floette|82/100|[from] drain|[of] p2b: Incineroar
|-enditem|p2b: Incineroar|Sitrus Berry|[eat]
|-heal|p2b: Incineroar|60/100|[from] item: Sitrus Berry
|move|p1b: Abomasnow|Earth Power|p2b: Incineroar
|-supereffective|p2b: Incineroar|1
|-damage|p2b: Incineroar|37/100
|
|-weather|Snowscape|[upkeep]
|upkeep
|turn|5
|
|t:|1785125488
|move|p1a: Meowscarada|Flower Trick|p2a: Floette
|-crit|p2a: Floette
|-damage|p2a: Floette|29/100
|move|p2a: Floette|Draining Kiss|p1b: Abomasnow
|-damage|p1b: Abomasnow|39/100
|-heal|p2a: Floette|53/100|[from] drain|[of] p1b: Abomasnow
|move|p2b: Incineroar|Flare Blitz|p1a: Meowscarada
|-supereffective|p1a: Meowscarada|1
|-damage|p1a: Meowscarada|0 fnt
|faint|p1a: Meowscarada
|-damage|p2b: Incineroar|31/100|[from] Recoil
|move|p1b: Abomasnow|Earth Power|p2b: Incineroar
|-supereffective|p2b: Incineroar|1
|-damage|p2b: Incineroar|9/100
|-unboost|p2b: Incineroar|spd|1
|
|-weather|none
|-sideend|p1: Jelloxc|move: Aurora Veil
|upkeep
|
|t:|1785125504
|switch|p1a: Greninja|Greninja, L50, M|100/100
|turn|6
|inactive|CrawlingKingSnake has 30 seconds left.
|
|t:|1785125531
|switch|p2b: Toxapex|Toxapex, L50, M|100/100
|switch|p1b: Beartic|Beartic, L50, M|100/100
|detailschange|p1a: Greninja|Greninja-Mega, L50, M
|-mega|p1a: Greninja|Greninja|Greninjite
|move|p1a: Greninja|Water Shuriken|p2b: Toxapex
|-start|p1a: Greninja|typechange|Water|[from] ability: Protean
|-resisted|p2b: Toxapex|1
|-damage|p2b: Toxapex|96/100
|-resisted|p2b: Toxapex|1
|-damage|p2b: Toxapex|93/100
|-resisted|p2b: Toxapex|1
|-damage|p2b: Toxapex|90/100
|-resisted|p2b: Toxapex|1
|-damage|p2b: Toxapex|87/100
|-resisted|p2b: Toxapex|1
|-damage|p2b: Toxapex|84/100
|-hitcount|p2b: Toxapex|5
|move|p2a: Floette|Draining Kiss|p1a: Greninja
|-damage|p1a: Greninja|17/100
|-heal|p2a: Floette|100/100|[from] drain|[of] p1a: Greninja
|
|-heal|p2b: Toxapex|89/100|[from] item: Leftovers
|upkeep
|turn|7
|
|t:|1785125544
|switch|p1a: Abomasnow|Abomasnow, L50, F|39/100
|-weather|Snowscape|[from] ability: Snow Warning|[of] p1a: Abomasnow
|move|p1b: Beartic|Rock Slide|p2a: Floette|[spread] p2a,p2b
|-damage|p2a: Floette|68/100
|-damage|p2b: Toxapex|70/100
|-damage|p1b: Beartic|90/100|[from] item: Life Orb
|move|p2a: Floette|Dazzling Gleam|p1a: Abomasnow|[spread] p1a,p1b
|-damage|p1a: Abomasnow|0 fnt
|-damage|p1b: Beartic|8/100
|faint|p1a: Abomasnow
|move|p2b: Toxapex|Infestation|p1b: Beartic
|-damage|p1b: Beartic|4/100
|-activate|p1b: Beartic|move: Infestation|[of] p2b: Toxapex
|
|-weather|Snowscape|[upkeep]
|-heal|p2b: Toxapex|75/100|[from] item: Leftovers
|-damage|p1b: Beartic|0 fnt|[from] move: Infestation|[partiallytrapped]
|faint|p1b: Beartic
|upkeep
|
|t:|1785125556
|switch|p1b: Greninja|Greninja-Mega, L50, M|17/100
|turn|8
|
|t:|1785125560
|move|p1b: Greninja|Blizzard|p2b: Toxapex|[spread] p2a,p2b
|-start|p1b: Greninja|typechange|Ice|[from] ability: Protean
|-resisted|p2b: Toxapex|1
|-damage|p2a: Floette|45/100
|-damage|p2b: Toxapex|59/100
|move|p2a: Floette|Dazzling Gleam|p1b: Greninja
|-damage|p1b: Greninja|0 fnt
|faint|p1b: Greninja
|
|win|CrawlingKingSnake
|raw|Jelloxc's rating: 1092 → 1073(-19 for losing)
|raw|CrawlingKingSnake's rating: 1162 → 1182(+20 for winning)
