|j|☆elosodevastador
|j|☆KMMULLER2020
|html|elosodevastadorKMMULLER2020    
|uhtml|bestof|Game 1 of a best-of-3
|t:|1786208597
|gametype|doubles
|player|p1|elosodevastador|clown|
|player|p2|KMMULLER2020|nate|
|gen|9
|tier|[Gen 9 Champions] VGC 2026 Reg M-B (Bo3)
|rule|Species Clause: Limit one of each Pokémon
|rule|Item Clause: Limit 1 of each item
|clearpoke
|poke|p1|Tyranitar, L50, M|
|poke|p1|Excadrill, L50, M|
|poke|p1|Gholdengo, L50|
|poke|p1|Sinistcha, L50|
|poke|p1|Milotic, L50, F|
|poke|p1|Staraptor, L50, M|
|poke|p2|Gengar, L50, F|
|poke|p2|Politoed, L50, F|
|poke|p2|Incineroar, L50, M|
|poke|p2|Sinistcha, L50|
|poke|p2|Hydreigon, L50, F|
|poke|p2|Aggron, L50, M|
|teampreview|4
|showteam|p1|Tyranitar||Tyranitarite|SandStream|RockSlide,KnockOff,LowKick,Protect|Jolly||M|||50|]Excadrill||FocusSash|SandRush|IronHead,HighHorsepower,RockSlide,Protect|Adamant||M|||50|]Gholdengo||LifeOrb|GoodasGold|ShadowBall,MakeItRain,NastyPlot,Protect|Modest|||||50|]Sinistcha||ColburBerry|Hospitality|MatchaGotcha,RagePowder,ShadowBall,Protect|Bold|||||50|]Milotic||SitrusBerry|Competitive|Scald,IceBeam,IcyWind,Protect|Calm||F|||50|]Staraptor||Staraptite|Intimidate|BraveBird,CloseCombat,Tailwind,Protect|Jolly||M|||50|
|showteam|p2|Gengar||Gengarite|CursedBody|Protect,PerishSong,Disable,ShadowBall|Timid||F|||50|]Politoed||Leftovers|Drizzle|Protect,PerishSong,Encore,WeatherBall|Sassy||F|||50|]Incineroar||SitrusBerry|Intimidate|Protect,FakeOut,PartingShot,ThroatChop|Relaxed||M|||50|]Sinistcha||FocusSash|Hospitality|Protect,RagePowder,TrickRoom,MatchaGotcha|Relaxed|||||50|]Hydreigon||LifeOrb|Levitate|Protect,NastyPlot,DragonPulse,DarkPulse|Modest||F|||50|]Aggron||Aggronite|Sturdy|Protect,IronDefense,BodyPress,StoneEdge|Sassy||M|||50|
|inactive|Battle timer is ON: inactive players will automatically lose when time's up. (requested by KMMULLER2020)
|inactive|elosodevastador has 60 seconds left.
|inactive|KMMULLER2020 has 60 seconds left.
|c|☆KMMULLER2020|glhf
|inactive|elosodevastador has 30 seconds left.
|
|t:|1786208667
|teamsize|p1|4
|teamsize|p2|4
|start
|switch|p1a: Sinistcha|Sinistcha, L50|100/100
|switch|p1b: Milotic|Milotic, L50, F|100/100
|switch|p2a: Gengar|Gengar, L50, F|100/100
|switch|p2b: Incineroar|Incineroar, L50, M|100/100
|-ability|p2b: Incineroar|Intimidate|boost
|-unboost|p1a: Sinistcha|atk|1
|-unboost|p1b: Milotic|atk|1
|-ability|p1b: Milotic|Competitive|boost
|-boost|p1b: Milotic|spa|2
|turn|1
|inactive|elosodevastador has 30 seconds left.
|inactive|KMMULLER2020 has 30 seconds left.
|
|t:|1786208702
|detailschange|p2a: Gengar|Gengar-Mega, L50, F
|-mega|p2a: Gengar|Gengar|Gengarite
|move|p2b: Incineroar|Fake Out|p1b: Milotic
|-damage|p1b: Milotic|90/100
|move|p2a: Gengar|Shadow Ball|p1a: Sinistcha
|-supereffective|p1a: Sinistcha|1
|-damage|p1a: Sinistcha|2/100
|cant|p1b: Milotic|flinch
|move|p1a: Sinistcha|Shadow Ball|p2a: Gengar
|-supereffective|p2a: Gengar|1
|-damage|p2a: Gengar|30/100
|
|upkeep
|turn|2
|inactive|elosodevastador has 30 seconds left.
|inactive|elosodevastador has 20 seconds left.
|
|t:|1786208738
|switch|p1a: Staraptor|Staraptor, L50, M|100/100
|-ability|p1a: Staraptor|Intimidate|boost
|-unboost|p2a: Gengar|atk|1
|-unboost|p2b: Incineroar|atk|1
|move|p2a: Gengar|Protect|p2a: Gengar
|-singleturn|p2a: Gengar|Protect
|move|p2b: Incineroar|Protect|p2b: Incineroar
|-singleturn|p2b: Incineroar|Protect
|move|p1b: Milotic|Scald|p2b: Incineroar
|-activate|p2b: Incineroar|move: Protect
|
|upkeep
|turn|3
|
|t:|1786208760
|switch|p2b: Sinistcha|Sinistcha, L50|100/100
|-heal|p2a: Gengar|55/100|[from] ability: Hospitality|[of] p2b: Sinistcha
|detailschange|p1a: Staraptor|Staraptor-Mega, L50, M
|-mega|p1a: Staraptor|Staraptor|Staraptite
|move|p2a: Gengar|Disable|p1b: Milotic
|-start|p1b: Milotic|Disable|Scald
|move|p1a: Staraptor|Close Combat|p2b: Sinistcha
|-immune|p2b: Sinistcha
|cant|p1b: Milotic|Disable|Scald
|
|upkeep
|turn|4
|inactive|KMMULLER2020 has 30 seconds left.
|
|t:|1786208788
|move|p2b: Sinistcha|Rage Powder|p2b: Sinistcha
|-singleturn|p2b: Sinistcha|move: Rage Powder
|move|p2a: Gengar|Perish Song|p2a: Gengar
|-start|p1a: Staraptor|perish3|[silent]
|-start|p1b: Milotic|perish3|[silent]
|-start|p2a: Gengar|perish3|[silent]
|-start|p2b: Sinistcha|perish3|[silent]
|-fieldactivate|move: Perish Song
|move|p1a: Staraptor|Tailwind|p1a: Staraptor
|-sidestart|p1: elosodevastador|move: Tailwind
|move|p1b: Milotic|Icy Wind|p2a: Gengar|[spread] p2a,p2b
|-supereffective|p2b: Sinistcha|1
|-damage|p2a: Gengar|32/100
|-damage|p2b: Sinistcha|58/100
|-unboost|p2a: Gengar|spe|1
|-unboost|p2b: Sinistcha|spe|1
|
|-start|p1a: Staraptor|perish3
|-start|p1b: Milotic|perish3
|-start|p2a: Gengar|perish3
|-start|p2b: Sinistcha|perish3
|upkeep
|turn|5
|inactive|elosodevastador has 30 seconds left.
|inactive|KMMULLER2020 has 30 seconds left.
|inactive|elosodevastador has 20 seconds left.
|
|t:|1786208828
|switch|p2b: Incineroar|Incineroar, L50, M|100/100
|-ability|p2b: Incineroar|Intimidate|boost
|-boost|p1a: Staraptor|atk|1
|-unboost|p1b: Milotic|atk|1
|-ability|p1b: Milotic|Competitive|boost
|-boost|p1b: Milotic|spa|2
|move|p2a: Gengar|Protect|p2a: Gengar
|-singleturn|p2a: Gengar|Protect
|move|p1a: Staraptor|Close Combat|p2b: Incineroar
|-supereffective|p2b: Incineroar|1
|-damage|p2b: Incineroar|0 fnt
|-boost|p1a: Staraptor|def|1
|-boost|p1a: Staraptor|spd|1
|faint|p2b: Incineroar
|move|p1b: Milotic|Ice Beam|p2a: Gengar
|-activate|p2a: Gengar|move: Protect
|
|-start|p1a: Staraptor|perish2
|-start|p1b: Milotic|perish2
|-start|p2a: Gengar|perish2
|upkeep
|
|t:|1786208848
|switch|p2b: Sinistcha|Sinistcha, L50|58/100
|-heal|p2a: Gengar|57/100|[from] ability: Hospitality|[of] p2b: Sinistcha
|turn|6
|inactive|KMMULLER2020 has 30 seconds left.
|inactive|KMMULLER2020 has 20 seconds left.
|inactive|KMMULLER2020 has 15 seconds left.
|inactive|KMMULLER2020 has 10 seconds left.
|
|t:|1786208898
|move|p2b: Sinistcha|Rage Powder|p2b: Sinistcha
|-singleturn|p2b: Sinistcha|move: Rage Powder
|move|p1a: Staraptor|Brave Bird|p2b: Sinistcha
|-supereffective|p2b: Sinistcha|1
|-damage|p2b: Sinistcha|0 fnt
|faint|p2b: Sinistcha
|-damage|p1a: Staraptor|81/100|[from] Recoil
|move|p1b: Milotic|Ice Beam|p2a: Gengar
|-damage|p2a: Gengar|0 fnt
|faint|p2a: Gengar
|
|-end|p1b: Milotic|Disable
|-start|p1a: Staraptor|perish1
|-start|p1b: Milotic|perish1
|upkeep
|-message|KMMULLER2020 forfeited.
|
|win|elosodevastador
||KMMULLER2020 is ready for game 2.
|inactive|elosodevastador has 30 seconds to confirm battle start!
|inactive|elosodevastador has 20 seconds to confirm battle start!
||elosodevastador is ready for game 2.
|uhtml|next|Next: Game 2 of 3
