|j|☆Ttarchomp333
|j|☆jomivgc
|html|Ttarchomp333jomivgc    
|uhtml|bestof|Game 2 of a best-of-3
|t:|1783696081
|gametype|doubles
|player|p1|Ttarchomp333|266|1113
|player|p2|jomivgc|falkner-gen2|1198
|gen|9
|tier|[Gen 9 Champions] VGC 2026 Reg M-B (Bo3)
|rated|
|rule|Species Clause: Limit one of each Pokémon
|rule|Item Clause: Limit 1 of each item
|clearpoke
|poke|p1|Farigiraf, L50, M|
|poke|p1|Scrafty, L50, F|
|poke|p1|Sylveon, L50, F|
|poke|p1|Torkoal, L50, F|
|poke|p1|Pyroar, L50, M|
|poke|p1|Basculegion, L50, M|
|poke|p2|Umbreon, L50, M, shiny|
|poke|p2|Garchomp, L50, F|
|poke|p2|Pelipper, L50, F|
|poke|p2|Swampert, L50, M|
|poke|p2|Archaludon, L50, M|
|poke|p2|Incineroar, L50, M|
|teampreview|4
|showteam|p1|Farigiraf||SitrusBerry|ArmorTail|Thunderbolt,PsychicFangs,TrickRoom,HelpingHand|Relaxed||M|||50|]Scrafty||Scraftinite|Intimidate|FakeOut,IcePunch,KnockOff,CloseCombat|Brave||F|||50|]Sylveon||FairyFeather|Pixilate|Detect,HyperBeam,HyperVoice,QuickAttack|Quiet||F|||50|]Torkoal||ShucaBerry|Drought|WeatherBall,Eruption,HeatWave,Protect|Modest||F|||50|]Pyroar||Pyroarite|Rivalry|HeatWave,Overheat,SolarBeam,Protect|Timid||M|||50|]Basculegion||ChoiceScarf|Adaptability|AquaJet,WaveCrash,LastRespects,FlipTurn|Jolly||M|||50|
|showteam|p2|Umbreon||SitrusBerry|InnerFocus|Snarl,Swagger,FoulPlay,Moonlight|Calm||M|||50|]Garchomp||LifeOrb|RoughSkin|DragonClaw,RockSlide,Earthquake,Protect|Jolly||F|||50|]Pelipper||FocusSash|Drizzle|Hurricane,WeatherBall,Tailwind,WideGuard|Modest||F|||50|]Swampert||Swampertite|Torrent|Protect,WaveCrash,Earthquake,IcePunch|Adamant||M|||50|]Archaludon||Leftovers|Stamina|ElectroShot,FlashCannon,DracoMeteor,Protect|Modest||M|||50|]Incineroar||PasshoBerry|Intimidate|FakeOut,PartingShot,FlareBlitz,ThroatChop|Adamant||M|||50|
|inactive|Battle timer is ON: inactive players will automatically lose when time's up. (requested by jomivgc)
|inactive|Ttarchomp333 has 60 seconds left.
|inactive|jomivgc has 60 seconds left.
|
|t:|1783696116
|teamsize|p1|4
|teamsize|p2|4
|start
|switch|p1a: Scrafty|Scrafty, L50, F|100/100
|switch|p1b: Farigiraf|Farigiraf, L50, M|100/100
|switch|p2a: Pelipper|Pelipper, L50, F|100/100
|switch|p2b: Swampert|Swampert, L50, M|100/100
|-weather|RainDance|[from] ability: Drizzle|[of] p2a: Pelipper
|-ability|p1a: Scrafty|Intimidate|boost
|-unboost|p2a: Pelipper|atk|1
|-unboost|p2b: Swampert|atk|1
|turn|1
|inactive|jomivgc has 30 seconds left.
|
|t:|1783696151
|detailschange|p2b: Swampert|Swampert-Mega, L50, M
|-mega|p2b: Swampert|Swampert|Swampertite
|detailschange|p1a: Scrafty|Scrafty-Mega, L50, F
|-mega|p1a: Scrafty|Scrafty|Scraftinite
|-ability|p1a: Scrafty|Intimidate|boost
|-unboost|p2a: Pelipper|atk|1
|-unboost|p2b: Swampert|atk|1
|move|p1a: Scrafty|Fake Out|p2a: Pelipper
|-damage|p2a: Pelipper|80/100
|move|p2b: Swampert|Wave Crash|p1b: Farigiraf
|-damage|p1b: Farigiraf|51/100
|-damage|p2b: Swampert|79/100|[from] Recoil
|cant|p2a: Pelipper|flinch
|move|p1b: Farigiraf|Trick Room|p1b: Farigiraf
|-fieldstart|move: Trick Room|[of] p1b: Farigiraf
|
|-weather|RainDance|[upkeep]
|upkeep
|turn|2
|inactive|jomivgc has 30 seconds left.
|
|t:|1783696179
|switch|p2a: Incineroar|Incineroar, L50, M|100/100
|-ability|p2a: Incineroar|Intimidate|boost
|-unboost|p1a: Scrafty|atk|1
|-unboost|p1b: Farigiraf|atk|1
|switch|p2b: Garchomp|Garchomp, L50, F|100/100
|move|p1b: Farigiraf|Thunderbolt|p2a: Incineroar
|-damage|p2a: Incineroar|80/100
|-status|p2a: Incineroar|par
|move|p1a: Scrafty|Close Combat|p2b: Garchomp
|-damage|p2b: Garchomp|55/100
|-unboost|p1a: Scrafty|def|1
|-unboost|p1a: Scrafty|spd|1
|-damage|p1a: Scrafty|87/100|[from] ability: Rough Skin|[of] p2b: Garchomp
|
|-weather|RainDance|[upkeep]
|upkeep
|turn|3
|inactive|Ttarchomp333 has 30 seconds left.
|inactive|jomivgc has 30 seconds left.
|
|t:|1783696210
|switch|p1a: Sylveon|Sylveon, L50, F|100/100
|move|p2b: Garchomp|Protect|p2b: Garchomp
|-singleturn|p2b: Garchomp|Protect
|move|p2a: Incineroar|Throat Chop|p1b: Farigiraf
|-supereffective|p1b: Farigiraf|1
|-damage|p1b: Farigiraf|0 fnt
|faint|p1b: Farigiraf
|
|-weather|RainDance|[upkeep]
|upkeep
|
|t:|1783696220
|switch|p1b: Scrafty|Scrafty-Mega, L50, F|87/100
|-ability|p1b: Scrafty|Intimidate|boost
|-unboost|p2a: Incineroar|atk|1
|-unboost|p2b: Garchomp|atk|1
|turn|4
|inactive|jomivgc has 30 seconds left.
|
|t:|1783696251
|switch|p1b: Basculegion|Basculegion, L50, M|100/100
|move|p2b: Garchomp|Protect||[still]
|-fail|p2b: Garchomp
|move|p2a: Incineroar|Parting Shot|p1a: Sylveon
|-unboost|p1a: Sylveon|atk|1
|-unboost|p1a: Sylveon|spa|1
|
|t:|1783696262
|switch|p2a: Pelipper|Pelipper, L50, F|80/100|[from] Parting Shot
|move|p1a: Sylveon|Hyper Voice|p2a: Pelipper|[spread] p2a,p2b
|-supereffective|p2b: Garchomp|1
|-damage|p2a: Pelipper|22/100
|-damage|p2b: Garchomp|0 fnt
|faint|p2b: Garchomp
|
|-weather|RainDance|[upkeep]
|upkeep
|
|t:|1783696268
|switch|p2b: Incineroar|Incineroar, L50, M|80/100 par
|-ability|p2b: Incineroar|Intimidate|boost
|-unboost|p1a: Sylveon|atk|1
|-unboost|p1b: Basculegion|atk|1
|turn|5
|
|t:|1783696290
|move|p1a: Sylveon|Detect|p1a: Sylveon
|-singleturn|p1a: Sylveon|Protect
|move|p2b: Incineroar|Fake Out|p1a: Sylveon
|-activate|p1a: Sylveon|move: Protect
|move|p2a: Pelipper|Hurricane|p1b: Basculegion
|-damage|p1b: Basculegion|44/100
|move|p1b: Basculegion|Wave Crash|p2b: Incineroar
|-supereffective|p2b: Incineroar|1
|-enditem|p2b: Incineroar|Passho Berry|[eat]
|-enditem|p2b: Incineroar|Passho Berry|[weaken]
|-damage|p2b: Incineroar|17/100 par
|-damage|p1b: Basculegion|23/100|[from] Recoil
|
|-weather|none
|-fieldend|move: Trick Room
|upkeep
|turn|6
|inactive|Ttarchomp333 has 30 seconds left.
|inactive|jomivgc has 30 seconds left.
|
|t:|1783696322
|switch|p2b: Swampert|Swampert-Mega, L50, M|79/100
|move|p1a: Sylveon|Detect||[still]
|-fail|p1a: Sylveon
|move|p1b: Basculegion|Wave Crash|p2a: Pelipper
|-resisted|p2a: Pelipper|1
|-damage|p2a: Pelipper|0 fnt
|faint|p2a: Pelipper
|-damage|p1b: Basculegion|18/100|[from] Recoil
|
|upkeep
|
|t:|1783696332
|switch|p2a: Incineroar|Incineroar, L50, M|17/100 par
|-ability|p2a: Incineroar|Intimidate|boost
|-unboost|p1a: Sylveon|atk|1
|-unboost|p1b: Basculegion|atk|1
|turn|7
|
|t:|1783696349
|switch|p1b: Scrafty|Scrafty-Mega, L50, F|87/100
|-ability|p1b: Scrafty|Intimidate|boost
|-unboost|p2a: Incineroar|atk|1
|-unboost|p2b: Swampert|atk|1
|move|p1a: Sylveon|Detect|p1a: Sylveon
|-singleturn|p1a: Sylveon|Protect
|move|p2b: Swampert|Wave Crash|p1a: Sylveon
|-activate|p1a: Sylveon|move: Protect
|move|p2a: Incineroar|Flare Blitz|p1a: Sylveon
|-activate|p1a: Sylveon|move: Protect
|
|upkeep
|turn|8
|-message|jomivgc forfeited.
|
|win|Ttarchomp333
|raw|Ttarchomp333's rating: 1113 → 1144(+31 for winning)
|raw|jomivgc's rating: 1198 → 1167(-31 for losing)
|l|☆jomivgc
|player|p2|
|j|☆jomivgc
|player|p2|jomivgc|falkner-gen2|
|l|☆Ttarchomp333
|player|p1|
