|j|☆tedidn
|j|☆palle synchro
|html|tedidnpalle synchro    
|uhtml|bestof|Game 3 of a best-of-3
|t:|1754062174
|gametype|doubles
|player|p1|tedidn|marshal|1223
|player|p2|palle synchro|volkner|1298
|gen|9
|tier|[Gen 9] VGC 2025 Reg H (Bo3)
|rated|
|rule|Species Clause: Limit one of each Pokémon
|rule|Item Clause: Limit 1 of each item
|clearpoke
|poke|p1|Dragonite, L50, M|
|poke|p1|Rillaboom, L50, M|
|poke|p1|Sneasler, L50, F|
|poke|p1|Volcarona, L50, M|
|poke|p1|Electabuzz, L50, M|
|poke|p1|Kingambit, L50, M|
|poke|p2|Whimsicott, L50, M|
|poke|p2|Arcanine-Hisui, L50, F|
|poke|p2|Indeedee, L50, M|
|poke|p2|Sneasler, L50, M|
|poke|p2|Ursaluna-Bloodmoon, L50, M|
|poke|p2|Archaludon, L50, F|
|teampreview|4
|showteam|p1|Dragonite||LoadedDice|Multiscale|ScaleShot,ExtremeSpeed,Haze,Protect|||M|||50|,,,,,Fairy]Rillaboom||AssaultVest|GrassySurge|WoodHammer,GrassyGlide,FakeOut,Uturn|||M|||50|,,,,,Fire]Sneasler||FocusSash|Unburden|CloseCombat,Coaching,DireClaw,FakeOut|||F|||50|,,,,,Stellar]Volcarona||GrassySeed|FlameBody|HeatWave,QuiverDance,GigaDrain,Protect|||M|||50|,,,,,Grass]Electabuzz||Eviolite|VitalSpirit|Thunderbolt,Taunt,FollowMe,Protect|||M|||50|,,,,,Ghost]Kingambit||SafetyGoggles|Defiant|KowtowCleave,SuckerPunch,SwordsDance,Protect|||M|||50|,,,,,Dark
|showteam|p2|Whimsicott||CovertCloak|Prankster|Moonblast,Taunt,Tailwind,FakeTears|||M|||50|,,,,,Water]Arcanine-Hisui||ClearAmulet|Intimidate|FlareBlitz,RockSlide,HeadSmash,Protect|||F|||50|,,,,,Ghost]Indeedee||FocusSash|PsychicSurge|ExpandingForce,TeraBlast,Imprison,TrickRoom|||M|||50|,,,,,Psychic]Sneasler||PsychicSeed|Unburden|CloseCombat,DireClaw,ThroatChop,Protect|||M|||50|,,,,,Dark]Ursaluna-Bloodmoon||LifeOrb|MindsEye|HyperVoice,BloodMoon,EarthPower,Protect|||M|||50|,,,,,Normal]Archaludon||PowerHerb|Stalwart|ElectroShot,DragonPulse,Thunderbolt,Protect|||F|||50|,,,,,Electric
|inactive|Battle timer is ON: inactive players will automatically lose when time's up. (requested by palle synchro)
|inactive|tedidn has 60 seconds left.
|
|t:|1754062236
|teamsize|p1|4
|teamsize|p2|4
|start
|switch|p1a: Sinatra|Volcarona, L50, M|100/100
|switch|p1b: Michael|Electabuzz, L50, M|100/100
|switch|p2a: Indeedee|Indeedee, L50, M|100/100
|switch|p2b: Sneasler|Sneasler, L50, M|100/100
|-fieldstart|move: Psychic Terrain|[from] ability: Psychic Surge|[of] p2a: Indeedee
|-enditem|p2b: Sneasler|Psychic Seed
|-boost|p2b: Sneasler|spd|1|[from] item: Psychic Seed
|turn|1
|
|t:|1754062252
|switch|p2b: Arcanine|Arcanine-Hisui, L50, F|100/100
|-ability|p2b: Arcanine|Intimidate|boost
|-unboost|p1a: Sinatra|atk|1
|-unboost|p1b: Michael|atk|1
|-terastallize|p2a: Indeedee|Psychic
|move|p1b: Michael|Follow Me|p1b: Michael
|-singleturn|p1b: Michael|move: Follow Me
|move|p2a: Indeedee|Expanding Force|p1b: Michael|[spread] p1a,p1b
|-damage|p1a: Sinatra|38/100
|-damage|p1b: Michael|46/100
|move|p1a: Sinatra|Quiver Dance|p1a: Sinatra
|-boost|p1a: Sinatra|spa|1
|-boost|p1a: Sinatra|spd|1
|-boost|p1a: Sinatra|spe|1
|
|upkeep
|turn|2
|inactive|palle synchro has 30 seconds left.
|inactive|palle synchro has 20 seconds left.
|
|t:|1754062287
|switch|p2a: Sneasler|Sneasler, L50, M|100/100
|switch|p1b: Harambe|Rillaboom, L50, M|100/100
|-fieldstart|move: Grassy Terrain|[from] ability: Grassy Surge|[of] p1b: Harambe
|-enditem|p1a: Sinatra|Grassy Seed
|-boost|p1a: Sinatra|def|1|[from] item: Grassy Seed
|-terastallize|p1a: Sinatra|Grass
|move|p2b: Arcanine|Protect|p2b: Arcanine
|-singleturn|p2b: Arcanine|Protect
|move|p1a: Sinatra|Giga Drain|p2b: Arcanine
|-activate|p2b: Arcanine|move: Protect
|
|-heal|p1a: Sinatra|44/100|[from] Grassy Terrain
|upkeep
|turn|3
|
|t:|1754062317
|switch|p2a: Indeedee|Indeedee, L50, M, tera:Psychic|100/100
|-fieldstart|move: Psychic Terrain|[from] ability: Psychic Surge|[of] p2a: Indeedee
|move|p1a: Sinatra|Protect|p1a: Sinatra
|-singleturn|p1a: Sinatra|Protect
|move|p2b: Arcanine|Flare Blitz|p1a: Sinatra
|-activate|p1a: Sinatra|move: Protect
|move|p1b: Harambe|U-turn|p2a: Indeedee
|-supereffective|p2a: Indeedee
|-enditem|p2a: Indeedee|Focus Sash
|-damage|p2a: Indeedee|1/100
|
|t:|1754062323
|switch|p1b: Noxia|Sneasler, L50, F|100/100|[from] U-turn
|
|upkeep
|turn|4
|
|t:|1754062346
|switch|p2a: Sneasler|Sneasler, L50, M|100/100
|move|p2b: Arcanine|Protect|p2b: Arcanine
|-singleturn|p2b: Arcanine|Protect
|move|p1a: Sinatra|Giga Drain|p2a: Sneasler
|-resisted|p2a: Sneasler
|-damage|p2a: Sneasler|62/100
|-heal|p1a: Sinatra|61/100|[from] drain|[of] p2a: Sneasler
|move|p1b: Noxia|Close Combat|p2b: Arcanine
|-activate|p2b: Arcanine|move: Protect
|
|upkeep
|turn|5
|
|t:|1754062362
|move|p1a: Sinatra|Heat Wave|p2b: Arcanine|[spread] p2a,p2b
|-resisted|p2b: Arcanine
|-damage|p2a: Sneasler|0 fnt
|-damage|p2b: Arcanine|83/100
|faint|p2a: Sneasler
|move|p1b: Noxia|Close Combat|p2b: Arcanine
|-supereffective|p2b: Arcanine
|-damage|p2b: Arcanine|0 fnt
|-unboost|p1b: Noxia|def|1
|-unboost|p1b: Noxia|spd|1
|faint|p2b: Arcanine
|
|upkeep
|-message|palle synchro forfeited.
|
|win|tedidn
|raw|tedidn's rating: 1223 → 1253(+30 for winning)
|raw|palle synchro's rating: 1298 → 1268(-30 for losing)
