|j|☆AlecIan
|j|☆jacre22
|html|AlecIanjacre22    
|uhtml|bestof|Game 2 of a best-of-3
|t:|1755658629
|gametype|doubles
|player|p1|AlecIan|nate|1176
|player|p2|jacre22|iris-gen5bw2|1214
|gen|9
|tier|[Gen 9] VGC 2025 Reg H (Bo3)
|rated|
|rule|Species Clause: Limit one of each Pokémon
|rule|Item Clause: Limit 1 of each item
|clearpoke
|poke|p1|Sneasler, L50, F|
|poke|p1|Indeedee, L50, M|
|poke|p1|Dondozo, L50, M|
|poke|p1|Tatsugiri, L50, F|
|poke|p1|Amoonguss, L50, M|
|poke|p1|Gholdengo, L50|
|poke|p2|Whimsicott, L50, F|
|poke|p2|Garchomp, L50, M|
|poke|p2|Gholdengo, L50|
|poke|p2|Incineroar, L50, F|
|poke|p2|Sneasler, L50, M|
|poke|p2|Dragonite, L50, M|
|teampreview|4
|showteam|p1|Sneasler||WhiteHerb|Unburden|CloseCombat,DireClaw,ThroatChop,Protect|||F|||50|,,,,,Dark]Indeedee||FocusSash|PsychicSurge|ExpandingForce,Protect,HyperVoice,DazzlingGleam|||M|||50|,,,,,Psychic]Dondozo||RockyHelmet|Unaware|WaveCrash,Earthquake,OrderUp,Protect|||M|||50|,,,,,Dragon]Tatsugiri||ChoiceScarf|Commander|MuddyWater,DracoMeteor,DragonPulse,IcyWind|||F|||50|,,,,,Steel]Amoonguss||SitrusBerry|Regenerator|Spore,RagePowder,PollenPuff,Protect|||M|||50|,,,,,Fairy]Gholdengo||ChoiceSpecs|GoodasGold|MakeItRain,ShadowBall,PowerGem,Thunderbolt||||||50|,,,,,Steel
|showteam|p2|Whimsicott||FocusSash|Prankster|Moonblast,Tailwind,Encore,Protect|||F|||50|,,,,,Ghost]Garchomp||LifeOrb|RoughSkin|Earthquake,DragonClaw,StompingTantrum,Protect|||M|||50|,,,,,Ground]Gholdengo||ChoiceSpecs|GoodasGold|MakeItRain,ShadowBall,Trick,Protect||||||50|,,,,,Steel]Incineroar||AssaultVest|Intimidate|FakeOut,FlareBlitz,KnockOff,Uturn|||F|||50|,,,,,Grass]Sneasler||WhiteHerb|Unburden|FakeOut,DireClaw,CloseCombat,Protect|||M|||50|,,,,,Stellar]Dragonite||ChoiceBand|InnerFocus|ExtremeSpeed,Outrage,IceSpinner,StompingTantrum|||M|||50|,,,,,Normal
|
|t:|1755658676
|teamsize|p1|4
|teamsize|p2|4
|start
|switch|p1a: Sneasler|Sneasler, L50, F|100/100
|switch|p1b: Indeedee|Indeedee, L50, M|100/100
|switch|p2a: Garchomp|Garchomp, L50, M|100/100
|switch|p2b: Whimsicott|Whimsicott, L50, F|100/100
|-fieldstart|move: Psychic Terrain|[from] ability: Psychic Surge|[of] p1b: Indeedee
|turn|1
|
|t:|1755658709
|-terastallize|p1a: Sneasler|Dark
|-terastallize|p2a: Garchomp|Ground
|move|p2b: Whimsicott|Tailwind|p2b: Whimsicott
|-sidestart|p2: jacre22|move: Tailwind
|move|p2a: Garchomp|Earthquake|p1b: Indeedee|[spread] p2b,p1a,p1b
|-resisted|p2b: Whimsicott
|-damage|p2b: Whimsicott|62/100
|-damage|p1a: Sneasler|0 fnt
|-enditem|p1b: Indeedee|Focus Sash
|-damage|p1b: Indeedee|1/100
|faint|p1a: Sneasler
|-damage|p2a: Garchomp|91/100|[from] item: Life Orb
|move|p1b: Indeedee|Expanding Force|p2b: Whimsicott|[spread] p2a,p2b
|-damage|p2a: Garchomp|32/100
|-damage|p2b: Whimsicott|0 fnt
|faint|p2b: Whimsicott
|
|upkeep
|
|t:|1755658726
|switch|p2b: Sneasler|Sneasler, L50, M|100/100
|switch|p1a: Dondozo|Dondozo, L50, M|100/100
|turn|2
|
|t:|1755658739
|switch|p1b: Tatsugiri|Tatsugiri, L50, F|100/100
|-activate|p1b: Tatsugiri|ability: Commander|[of] p1a: Dondozo
|-boost|p1a: Dondozo|atk|2
|-boost|p1a: Dondozo|spa|2
|-boost|p1a: Dondozo|spe|2
|-boost|p1a: Dondozo|def|2
|-boost|p1a: Dondozo|spd|2
|move|p2b: Sneasler|Protect|p2b: Sneasler
|-singleturn|p2b: Sneasler|Protect
|move|p2a: Garchomp|Earthquake|p1a: Dondozo|[spread] p1a
|-miss|p2a: Garchomp|p1b: Tatsugiri
|-activate|p2b: Sneasler|move: Protect
|-damage|p1a: Dondozo|77/100
|-damage|p2a: Garchomp|22/100|[from] item: Life Orb
|move|p1a: Dondozo|Earthquake|p2a: Garchomp|[spread] p2a
|-miss|p1a: Dondozo|p1b: Tatsugiri
|-activate|p2b: Sneasler|move: Protect
|-damage|p2a: Garchomp|0 fnt
|faint|p2a: Garchomp
|
|upkeep
|
|t:|1755658761
|switch|p2a: Dragonite|Dragonite, L50, M|100/100
|turn|3
|
|t:|1755658771
|move|p2b: Sneasler|Close Combat|p1a: Dondozo
|-damage|p1a: Dondozo|55/100
|-unboost|p2b: Sneasler|def|1
|-unboost|p2b: Sneasler|spd|1
|-damage|p2b: Sneasler|84/100|[from] item: Rocky Helmet|[of] p1a: Dondozo
|-enditem|p2b: Sneasler|White Herb
|-clearnegativeboost|p2b: Sneasler|[silent]
|move|p2a: Dragonite|Outrage|p1b: Tatsugiri|[miss]
|-miss|p2a: Dragonite|p1b: Tatsugiri
|move|p1a: Dondozo|Order Up|p2a: Dragonite
|-supereffective|p2a: Dragonite
|-damage|p2a: Dragonite|9/100
|-boost|p1a: Dondozo|atk|1
|
|upkeep
|turn|4
|
|t:|1755658786
|move|p1a: Dondozo|Protect|p1a: Dondozo
|-singleturn|p1a: Dondozo|Protect
|move|p2b: Sneasler|Dire Claw|p1a: Dondozo
|-activate|p1a: Dondozo|move: Protect
|move|p2a: Dragonite|Outrage|p1a: Dondozo
|-activate|p1a: Dondozo|move: Protect
|
|-sideend|p2: jacre22|move: Tailwind
|upkeep
|turn|5
|
|t:|1755658796
|move|p2b: Sneasler|Dire Claw|p1a: Dondozo
|-damage|p1a: Dondozo|41/100
|-damage|p2b: Sneasler|68/100|[from] item: Rocky Helmet|[of] p1a: Dondozo
|move|p1a: Dondozo|Order Up|p2a: Dragonite
|-supereffective|p2a: Dragonite
|-damage|p2a: Dragonite|0 fnt
|faint|p2a: Dragonite
|-boost|p1a: Dondozo|atk|1
|
|-fieldend|move: Psychic Terrain
|upkeep
|turn|6
|
|t:|1755658805
|move|p2b: Sneasler|Dire Claw|p1a: Dondozo
|-damage|p1a: Dondozo|26/100
|-status|p1a: Dondozo|psn
|-damage|p2b: Sneasler|52/100|[from] item: Rocky Helmet|[of] p1a: Dondozo
|move|p1a: Dondozo|Wave Crash|p2b: Sneasler
|-damage|p2b: Sneasler|0 fnt
|faint|p2b: Sneasler
|-damage|p1a: Dondozo|15/100 psn|[from] Recoil
|
|win|AlecIan
|raw|AlecIan's rating: 1176 → 1204(+28 for winning)
|raw|jacre22's rating: 1214 → 1186(-28 for losing)
|c|☆jacre22|ggs
|l|☆AlecIan
|player|p1|
