|j|☆regitron 21
|j|☆wade connects
|html|regitron 21wade connects    
|uhtml|bestof|Game 2 of a best-of-3
|t:|1785650667
|gametype|doubles
|player|p1|regitron 21|n|1218
|player|p2|wade connects|101|1278
|gen|9
|tier|[Gen 9 Champions] VGC 2026 Reg M-B (Bo3)
|rated|
|rule|Species Clause: Limit one of each Pokémon
|rule|Item Clause: Limit 1 of each item
|clearpoke
|poke|p1|Raichu, L50, M|
|poke|p1|Charizard, L50, F|
|poke|p1|Incineroar, L50, F|
|poke|p1|Farigiraf, L50, F|
|poke|p1|Sylveon, L50, M|
|poke|p1|Kingambit, L50, M|
|poke|p2|Gholdengo, L50|
|poke|p2|Clefable, L50, M|
|poke|p2|Blaziken, L50, F, shiny|
|poke|p2|Sceptile, L50, M|
|poke|p2|Gyarados, L50, M, shiny|
|poke|p2|Aerodactyl, L50, F|
|teampreview|4
|showteam|p1|Raichu||RaichuniteY|LightningRod|ZapCannon,FocusBlast,FakeOut,Protect|Timid||M|||50|]Charizard||CharizarditeY|Blaze|HeatWave,WeatherBall,SolarBeam,Protect|Modest||F|||50|]Incineroar||SitrusBerry|Intimidate|FakeOut,FlareBlitz,DarkestLariat,PartingShot|Impish||F|||50|]Farigiraf||ColburBerry|ArmorTail|TwinBeam,Thunderbolt,HelpingHand,TrickRoom|Modest||F|||50|]Sylveon||FairyFeather|Pixilate|HyperVoice,Moonblast,Detect,CalmMind|Modest||M|||50|]Kingambit||LifeOrb|Defiant|SuckerPunch,KowtowCleave,Protect,SwordsDance|Adamant||M|||50|
|showteam|p2|Gholdengo||MetalCoat|GoodasGold|Protect,NastyPlot,ShadowBall,MakeItRain|Modest|||||50|]Clefable||Leftovers|Unaware|Protect,FollowMe,LifeDew,Moonblast|Bold||M|||50|]Blaziken||LifeOrb|SpeedBoost|Detect,CloseCombat,FlareBlitz,RockSlide|Adamant||F|||50|]Sceptile||Sceptilite|Overgrow|Detect,EnergyBall,DragonPulse,EarthPower|Timid||M|||50|]Gyarados||Gyaradosite|Intimidate|Protect,DragonDance,Waterfall,Crunch|Adamant||M|||50|]Aerodactyl||FocusSash|Unnerve|Protect,Tailwind,DualWingbeat,RockSlide|Jolly||F|||50|
|c|☆regitron 21|good luck pal
|c|☆wade connects|Glhf
|
|t:|1785650719
|teamsize|p1|4
|teamsize|p2|4
|start
|switch|p1a: Lily|Incineroar, L50, F|100/100
|switch|p1b: Graham|Raichu, L50, M|100/100
|switch|p2a: Gyarados|Gyarados, L50, M, shiny|100/100
|switch|p2b: Gholdengo|Gholdengo, L50|100/100
|-ability|p2a: Gyarados|Intimidate|boost
|-unboost|p1a: Lily|atk|1
|-unboost|p1b: Graham|atk|1
|-ability|p1a: Lily|Intimidate|boost
|-unboost|p2a: Gyarados|atk|1
|-unboost|p2b: Gholdengo|atk|1
|turn|1
|
|t:|1785650734
|detailschange|p1b: Graham|Raichu-Mega-Y, L50, M
|-mega|p1b: Graham|Raichu|Raichunite Y
|move|p2a: Gyarados|Protect|p2a: Gyarados
|-singleturn|p2a: Gyarados|Protect
|move|p1b: Graham|Zap Cannon|p2a: Gyarados
|-activate|p2a: Gyarados|move: Protect
|move|p2b: Gholdengo|Nasty Plot|p2b: Gholdengo
|-boost|p2b: Gholdengo|spa|2
|move|p1a: Lily|Flare Blitz|p2b: Gholdengo
|-supereffective|p2b: Gholdengo|1
|-damage|p2b: Gholdengo|41/100
|-damage|p1a: Lily|81/100|[from] Recoil
|
|upkeep
|turn|2
|
|t:|1785650754
|switch|p2a: Clefable|Clefable, L50, M|100/100
|move|p1b: Graham|Zap Cannon|p2b: Gholdengo
|-damage|p2b: Gholdengo|0 fnt
|faint|p2b: Gholdengo
|move|p1a: Lily|Parting Shot|p2a: Clefable
|-unboost|p2a: Clefable|atk|1
|-unboost|p2a: Clefable|spa|1
|
|t:|1785650765
|switch|p1a: Kinngler|Kingambit, L50, M|100/100|[from] Parting Shot
|
|upkeep
|
|t:|1785650769
|switch|p2b: Blaziken|Blaziken, L50, F, shiny|100/100
|turn|3
|
|t:|1785650776
|switch|p1a: Lily|Incineroar, L50, F|81/100
|-ability|p1a: Lily|Intimidate|boost
|-unboost|p2a: Clefable|atk|1
|-unboost|p2b: Blaziken|atk|1
|move|p2b: Blaziken|Detect|p2b: Blaziken
|-singleturn|p2b: Blaziken|Protect
|move|p2a: Clefable|Protect|p2a: Clefable
|-singleturn|p2a: Clefable|Protect
|move|p1b: Graham|Zap Cannon|p2a: Clefable
|-activate|p2a: Clefable|move: Protect
|
|-ability|p2b: Blaziken|Speed Boost|boost
|-boost|p2b: Blaziken|spe|1
|upkeep
|turn|4
|
|t:|1785650793
|move|p2a: Clefable|Follow Me|p2a: Clefable
|-singleturn|p2a: Clefable|move: Follow Me
|move|p2b: Blaziken|Close Combat|p1b: Graham
|-crit|p1b: Graham
|-damage|p1b: Graham|0 fnt
|-unboost|p2b: Blaziken|def|1
|-unboost|p2b: Blaziken|spd|1
|faint|p1b: Graham
|-damage|p2b: Blaziken|90/100|[from] item: Life Orb
|move|p1a: Lily|Flare Blitz|p2a: Clefable
|-damage|p2a: Clefable|65/100
|-damage|p1a: Lily|69/100|[from] Recoil
|
|-heal|p2a: Clefable|71/100|[from] item: Leftovers
|-ability|p2b: Blaziken|Speed Boost|boost
|-boost|p2b: Blaziken|spe|1
|upkeep
|
|t:|1785650808
|switch|p1b: Ryan|Sylveon, L50, M|100/100
|turn|5
|
|t:|1785650819
|move|p2b: Blaziken|Flare Blitz|p1b: Ryan
|-damage|p1b: Ryan|46/100
|-damage|p2b: Blaziken|68/100|[from] Recoil
|-damage|p2b: Blaziken|59/100|[from] item: Life Orb
|move|p1b: Ryan|Calm Mind|p1b: Ryan
|-boost|p1b: Ryan|spa|1
|-boost|p1b: Ryan|spd|1
|move|p2a: Clefable|Moonblast|p1b: Ryan
|-damage|p1b: Ryan|31/100
|move|p1a: Lily|Flare Blitz|p2a: Clefable
|-damage|p2a: Clefable|36/100
|-damage|p1a: Lily|57/100|[from] Recoil
|
|-heal|p2a: Clefable|42/100|[from] item: Leftovers
|-ability|p2b: Blaziken|Speed Boost|boost
|-boost|p2b: Blaziken|spe|1
|upkeep
|turn|6
|
|t:|1785650840
|switch|p1a: Kinngler|Kingambit, L50, M|100/100
|move|p1b: Ryan|Detect|p1b: Ryan
|-singleturn|p1b: Ryan|Protect
|move|p2b: Blaziken|Flare Blitz|p1b: Ryan
|-activate|p1b: Ryan|move: Protect
|move|p2a: Clefable|Life Dew|p2a: Clefable|[spread] p2a,p2b
|-heal|p2a: Clefable|67/100
|-heal|p2b: Blaziken|84/100
|
|-heal|p2a: Clefable|73/100|[from] item: Leftovers
|-ability|p2b: Blaziken|Speed Boost|boost
|-boost|p2b: Blaziken|spe|1
|upkeep
|turn|7
|
|t:|1785650866
|switch|p1b: Lily|Incineroar, L50, F|57/100
|-ability|p1b: Lily|Intimidate|boost
|-unboost|p2a: Clefable|atk|1
|-unboost|p2b: Blaziken|atk|1
|move|p2a: Clefable|Follow Me|p2a: Clefable
|-singleturn|p2a: Clefable|move: Follow Me
|move|p2b: Blaziken|Flare Blitz|p1b: Lily
|-resisted|p1b: Lily|1
|-damage|p1b: Lily|42/100
|-enditem|p1b: Lily|Sitrus Berry|[eat]
|-heal|p1b: Lily|67/100|[from] item: Sitrus Berry
|-damage|p2b: Blaziken|77/100|[from] Recoil
|-damage|p2b: Blaziken|68/100|[from] item: Life Orb
|move|p1a: Kinngler|Kowtow Cleave|p2a: Clefable
|-resisted|p2a: Clefable|1
|-damage|p2a: Clefable|52/100
|-damage|p1a: Kinngler|90/100|[from] item: Life Orb
|
|-heal|p2a: Clefable|58/100|[from] item: Leftovers
|-ability|p2b: Blaziken|Speed Boost|boost
|-boost|p2b: Blaziken|spe|1
|upkeep
|turn|8
|
|t:|1785650895
|move|p2b: Blaziken|Detect|p2b: Blaziken
|-singleturn|p2b: Blaziken|Protect
|move|p2a: Clefable|Protect|p2a: Clefable
|-singleturn|p2a: Clefable|Protect
|move|p1b: Lily|Fake Out|p2b: Blaziken
|-activate|p2b: Blaziken|move: Protect
|move|p1a: Kinngler|Swords Dance|p1a: Kinngler
|-boost|p1a: Kinngler|atk|2
|
|-heal|p2a: Clefable|64/100|[from] item: Leftovers
|-ability|p2b: Blaziken|Speed Boost|boost
|-boost|p2b: Blaziken|spe|1
|upkeep
|turn|9
|
|t:|1785650910
|move|p2a: Clefable|Follow Me|p2a: Clefable
|-singleturn|p2a: Clefable|move: Follow Me
|move|p2b: Blaziken|Close Combat|p1a: Kinngler
|-supereffective|p1a: Kinngler|2
|-damage|p1a: Kinngler|0 fnt
|-unboost|p2b: Blaziken|def|1
|-unboost|p2b: Blaziken|spd|1
|faint|p1a: Kinngler
|-damage|p2b: Blaziken|58/100|[from] item: Life Orb
|move|p1b: Lily|Flare Blitz|p2a: Clefable
|-damage|p2a: Clefable|28/100
|-status|p2a: Clefable|brn
|-damage|p1b: Lily|55/100|[from] Recoil
|
|-heal|p2a: Clefable|34/100 brn|[from] item: Leftovers
|-damage|p2a: Clefable|28/100 brn|[from] brn
|upkeep
|
|t:|1785650920
|switch|p1a: Ryan|Sylveon, L50, M|31/100
|turn|10
|
|t:|1785650931
|switch|p2b: Gyarados|Gyarados, L50, M, shiny|100/100
|-ability|p2b: Gyarados|Intimidate|boost
|-unboost|p1a: Ryan|atk|1
|-unboost|p1b: Lily|atk|1
|move|p1a: Ryan|Hyper Voice|p2b: Gyarados|[spread] p2a,p2b
|-damage|p2a: Clefable|0 fnt
|-damage|p2b: Gyarados|61/100
|faint|p2a: Clefable
|move|p1b: Lily|Flare Blitz|p2b: Gyarados
|-resisted|p2b: Gyarados|1
|-crit|p2b: Gyarados
|-damage|p2b: Gyarados|24/100
|-damage|p1b: Lily|44/100|[from] Recoil
|
|upkeep
|c|☆regitron 21|gg bro
|
|t:|1785650945
|switch|p2a: Blaziken|Blaziken, L50, F, shiny|58/100
|turn|11
|
|t:|1785650952
|detailschange|p2b: Gyarados|Gyarados-Mega, L50, M, shiny
|-mega|p2b: Gyarados|Gyarados|Gyaradosite
|-ability|p2b: Gyarados|Mold Breaker
|move|p2a: Blaziken|Close Combat|p1b: Lily
|-supereffective|p1b: Lily|1
|-damage|p1b: Lily|0 fnt
|-unboost|p2a: Blaziken|def|1
|-unboost|p2a: Blaziken|spd|1
|faint|p1b: Lily
|-damage|p2a: Blaziken|49/100|[from] item: Life Orb
|move|p2b: Gyarados|Waterfall|p1a: Ryan
|-damage|p1a: Ryan|0 fnt
|faint|p1a: Ryan
|
|win|wade connects
||regitron 21 is ready for game 3.
||wade connects is ready for game 3.
|uhtml|next|Next: Game 3 of 3
|l|☆regitron 21
|player|p1|
