|j|☆SwaglessBozo
|j|☆bellytelevision
|html|SwaglessBozobellytelevision    
|uhtml|bestof|Game 2 of a best-of-3
|t:|1785182212
|gametype|doubles
|player|p1|SwaglessBozo|169|1179
|player|p2|bellytelevision|dawn|1184
|gen|9
|tier|[Gen 9 Champions] VGC 2026 Reg M-B (Bo3)
|rated|
|rule|Species Clause: Limit one of each Pokémon
|rule|Item Clause: Limit 1 of each item
|clearpoke
|poke|p1|Raichu, L50, F|
|poke|p1|Mamoswine, L50, M|
|poke|p1|Whimsicott, L50, F|
|poke|p1|Staraptor, L50, M|
|poke|p1|Volcarona, L50, F|
|poke|p1|Farigiraf, L50, M|
|poke|p2|Venusaur, L50, M, shiny|
|poke|p2|Sinistcha, L50|
|poke|p2|Pelipper, L50, F|
|poke|p2|Archaludon, L50, M, shiny|
|poke|p2|Sableye, L50, M, shiny|
|poke|p2|Kingambit, L50, M|
|teampreview|4
|showteam|p1|Raichu||RaichuniteX|LightningRod|Encore,KnockOff,FakeOut,VoltTackle|Jolly||F|||50|]Mamoswine||LifeOrb|Oblivious|IceShard,RockSlide,HighHorsepower,Protect|Adamant||M|||50|]Whimsicott||FocusSash|Prankster|Moonblast,Protect,Charm,Tailwind|Timid||F|||50|]Staraptor||Staraptite|Intimidate|CloseCombat,BraveBird,Roost,Protect|Jolly||M|||50|]Volcarona||PasshoBerry|FlameBody|QuiverDance,RagePowder,HeatWave,GigaDrain|Timid||F|||50|]Farigiraf||ColburBerry|ArmorTail|Psychic,TrickRoom,Thunderbolt,HelpingHand|Mild||M|||50|
|showteam|p2|Venusaur||Venusaurite|Chlorophyll|GigaDrain,SludgeBomb,Protect,EarthPower|Modest||M|||50|]Sinistcha||ColburBerry|Hospitality|RagePowder,MatchaGotcha,LifeDew,TrickRoom|Sassy|||||50|]Pelipper||SitrusBerry|Drizzle|Tailwind,Hurricane,WeatherBall,WideGuard|Bold||F|||50|]Archaludon||Leftovers|Stamina|ElectroShot,FlashCannon,DragonPulse,Protect|Modest||M|||50|]Sableye||LightClay|Prankster|RainDance,Reflect,LightScreen,WillOWisp|Sassy||M|||50|]Kingambit||BlackGlasses|Defiant|SuckerPunch,KowtowCleave,IronHead,Protect|Adamant||M|||50|
|
|t:|1785182274
|teamsize|p1|4
|teamsize|p2|4
|start
|switch|p1a: Volcarona|Volcarona, L50, F|100/100
|switch|p1b: Staraptor|Staraptor, L50, M|100/100
|switch|p2a: Sableye|Sableye, L50, M, shiny|100/100
|switch|p2b: Sinistcha|Sinistcha, L50|100/100
|-ability|p1b: Staraptor|Intimidate|boost
|-unboost|p2a: Sableye|atk|1
|-unboost|p2b: Sinistcha|atk|1
|turn|1
|
|t:|1785182299
|switch|p2b: Pelipper|Pelipper, L50, F|100/100
|-weather|RainDance|[from] ability: Drizzle|[of] p2b: Pelipper
|move|p1b: Staraptor|Protect|p1b: Staraptor
|-singleturn|p1b: Staraptor|Protect
|move|p2a: Sableye|Will-O-Wisp|p1b: Staraptor
|-activate|p1b: Staraptor|move: Protect
|move|p1a: Volcarona|Quiver Dance|p1a: Volcarona
|-boost|p1a: Volcarona|spa|1
|-boost|p1a: Volcarona|spd|1
|-boost|p1a: Volcarona|spe|1
|
|-weather|RainDance|[upkeep]
|upkeep
|turn|2
|
|t:|1785182332
|detailschange|p1b: Staraptor|Staraptor-Mega, L50, M
|-mega|p1b: Staraptor|Staraptor|Staraptite
|move|p1a: Volcarona|Rage Powder|p1a: Volcarona
|-singleturn|p1a: Volcarona|move: Rage Powder
|move|p2a: Sableye|Light Screen|p2a: Sableye
|-sidestart|p2: bellytelevision|move: Light Screen
|move|p1b: Staraptor|Close Combat|p2b: Pelipper
|-resisted|p2b: Pelipper|1
|-damage|p2b: Pelipper|71/100
|-boost|p1b: Staraptor|def|1
|-boost|p1b: Staraptor|spd|1
|move|p2b: Pelipper|Hurricane|p1a: Volcarona
|-supereffective|p1a: Volcarona|1
|-damage|p1a: Volcarona|58/100
|
|-weather|RainDance|[upkeep]
|upkeep
|turn|3
|
|t:|1785182355
|move|p1b: Staraptor|Protect|p1b: Staraptor
|-singleturn|p1b: Staraptor|Protect
|move|p2a: Sableye|Will-O-Wisp|p1b: Staraptor
|-activate|p1b: Staraptor|move: Protect
|move|p1a: Volcarona|Giga Drain|p2b: Pelipper
|-damage|p2b: Pelipper|46/100
|-heal|p1a: Volcarona|69/100|[from] drain|[of] p2b: Pelipper
|-enditem|p2b: Pelipper|Sitrus Berry|[eat]
|-heal|p2b: Pelipper|71/100|[from] item: Sitrus Berry
|move|p2b: Pelipper|Hurricane|p1a: Volcarona
|-supereffective|p1a: Volcarona|1
|-damage|p1a: Volcarona|22/100
|
|-weather|RainDance|[upkeep]
|upkeep
|turn|4
|
|t:|1785182384
|move|p1a: Volcarona|Rage Powder|p1a: Volcarona
|-singleturn|p1a: Volcarona|move: Rage Powder
|move|p2a: Sableye|Will-O-Wisp|p1a: Volcarona
|-immune|p1a: Volcarona
|move|p1b: Staraptor|Brave Bird|p2a: Sableye
|-damage|p2a: Sableye|21/100
|-damage|p1b: Staraptor|78/100|[from] Recoil
|move|p2b: Pelipper|Hurricane|p1a: Volcarona
|-supereffective|p1a: Volcarona|1
|-damage|p1a: Volcarona|0 fnt
|faint|p1a: Volcarona
|
|-weather|RainDance|[upkeep]
|upkeep
|
|t:|1785182398
|switch|p1a: Raichu|Raichu, L50, F|100/100
|turn|5
|
|t:|1785182418
|switch|p2b: Sinistcha|Sinistcha, L50|100/100
|-heal|p2a: Sableye|45/100|[from] ability: Hospitality|[of] p2b: Sinistcha
|switch|p2a: Archaludon|Archaludon, L50, M, shiny|100/100
|move|p1a: Raichu|Volt Tackle|p2b: Sinistcha
|-resisted|p2b: Sinistcha|1
|-damage|p2b: Sinistcha|80/100
|-damage|p1a: Raichu|93/100|[from] Recoil
|move|p1b: Staraptor|Brave Bird|p2a: Archaludon
|-resisted|p2a: Archaludon|1
|-damage|p2a: Archaludon|80/100
|-ability|p2a: Archaludon|Stamina|boost
|-boost|p2a: Archaludon|def|1
|-damage|p1b: Staraptor|72/100|[from] Recoil
|
|-weather|none
|-heal|p2a: Archaludon|86/100|[from] item: Leftovers
|upkeep
|turn|6
|
|t:|1785182448
|switch|p2a: Sableye|Sableye, L50, M, shiny|45/100
|move|p1a: Raichu|Knock Off|p2b: Sinistcha
|-supereffective|p2b: Sinistcha|1
|-enditem|p2b: Sinistcha|Colbur Berry|[eat]
|-enditem|p2b: Sinistcha|Colbur Berry|[weaken]
|-damage|p2b: Sinistcha|61/100
|move|p1b: Staraptor|Brave Bird|p2b: Sinistcha
|-supereffective|p2b: Sinistcha|1
|-crit|p2b: Sinistcha
|-damage|p2b: Sinistcha|0 fnt
|faint|p2b: Sinistcha
|-damage|p1b: Staraptor|53/100|[from] Recoil
|
|upkeep
|
|t:|1785182461
|switch|p2b: Archaludon|Archaludon, L50, M, shiny|86/100
|turn|7
|
|t:|1785182485
|move|p1b: Staraptor|Protect|p1b: Staraptor
|-singleturn|p1b: Staraptor|Protect
|move|p2a: Sableye|Reflect|p2a: Sableye
|-sidestart|p2: bellytelevision|Reflect
|move|p1a: Raichu|Volt Tackle|p2a: Sableye
|-damage|p2a: Sableye|11/100
|-damage|p1a: Raichu|82/100|[from] Recoil
|move|p2b: Archaludon|Dragon Pulse|p1a: Raichu
|-damage|p1a: Raichu|28/100
|
|-heal|p2b: Archaludon|93/100|[from] item: Leftovers
|upkeep
|turn|8
|
|t:|1785182509
|move|p2b: Archaludon|Protect|p2b: Archaludon
|-singleturn|p2b: Archaludon|Protect
|move|p2a: Sableye|Will-O-Wisp|p1b: Staraptor
|-status|p1b: Staraptor|brn
|move|p1a: Raichu|Encore|p2b: Archaludon
|-activate|p2b: Archaludon|move: Protect
|move|p1b: Staraptor|Brave Bird|p2a: Sableye
|-crit|p2a: Sableye
|-damage|p2a: Sableye|0 fnt
|faint|p2a: Sableye
|-damage|p1b: Staraptor|50/100g brn|[from] Recoil
|
|-heal|p2b: Archaludon|99/100|[from] item: Leftovers
|-damage|p1b: Staraptor|44/100 brn|[from] brn
|upkeep
|
|t:|1785182523
|switch|p2a: Pelipper|Pelipper, L50, F|71/100
|-weather|RainDance|[from] ability: Drizzle|[of] p2a: Pelipper
|turn|9
|
|t:|1785182537
|move|p1a: Raichu|Volt Tackle|p2a: Pelipper
|-supereffective|p2a: Pelipper|2
|-damage|p2a: Pelipper|0 fnt
|faint|p2a: Pelipper
|-damage|p1a: Raichu|5/100|[from] Recoil
|move|p1b: Staraptor|Roost|p1b: Staraptor
|-heal|p1b: Staraptor|94/100 brn
|-singleturn|p1b: Staraptor|move: Roost
|move|p2b: Archaludon|Dragon Pulse|p1b: Staraptor
|-crit|p1b: Staraptor
|-damage|p1b: Staraptor|41/100 brn
|
|-weather|RainDance|[upkeep]
|-heal|p2b: Archaludon|100/100|[from] item: Leftovers
|-damage|p1b: Staraptor|34/100 brn|[from] brn
|-sideend|p2: bellytelevision|move: Light Screen
|upkeep
|turn|10
|c|☆SwaglessBozo|Gg
|
|t:|1785182559
|move|p1a: Raichu|Encore|p2b: Archaludon
|-start|p2b: Archaludon|Encore
|move|p1b: Staraptor|Close Combat|p2b: Archaludon
|-supereffective|p2b: Archaludon|1
|-damage|p2b: Archaludon|73/100
|-boost|p1b: Staraptor|def|1
|-boost|p1b: Staraptor|spd|1
|-ability|p2b: Archaludon|Stamina|boost
|-boost|p2b: Archaludon|def|1
|move|p2b: Archaludon|Dragon Pulse|p1a: Raichu
|-damage|p1a: Raichu|0 fnt
|faint|p1a: Raichu
|
|-weather|RainDance|[upkeep]
|-heal|p2b: Archaludon|79/100|[from] item: Leftovers
|-damage|p1b: Staraptor|28/100 brn|[from] brn
|upkeep
|
|t:|1785182565
|switch|p1a: Whimsicott|Whimsicott, L50, F|100/100
|turn|11
|
|t:|1785182582
|move|p1a: Whimsicott|Moonblast|p2b: Archaludon
|-damage|p2b: Archaludon|42/100
|-ability|p2b: Archaludon|Stamina|boost
|-boost|p2b: Archaludon|def|1
|move|p1b: Staraptor|Close Combat|p2b: Archaludon
|-supereffective|p2b: Archaludon|1
|-damage|p2b: Archaludon|27/100
|-boost|p1b: Staraptor|def|1
|-boost|p1b: Staraptor|spd|1
|-ability|p2b: Archaludon|Stamina|boost
|-boost|p2b: Archaludon|def|1
|move|p2b: Archaludon|Dragon Pulse|p1b: Staraptor
|-damage|p1b: Staraptor|12/100 brn
|
|-weather|RainDance|[upkeep]
|-heal|p2b: Archaludon|33/100|[from] item: Leftovers
|-damage|p1b: Staraptor|6/100 brn|[from] brn
|upkeep
|turn|12
|
|t:|1785182598
|move|p1a: Whimsicott|Moonblast|p2b: Archaludon
|-damage|p2b: Archaludon|0 fnt
|faint|p2b: Archaludon
|
|win|SwaglessBozo
|raw|SwaglessBozo's rating: 1179 → 1204(+25 for winning)
|raw|bellytelevision's rating: 1184 → 1159(-25 for losing)
|c|☆bellytelevision|gg
|c|☆SwaglessBozo|Raichu carried hard lol
|c|☆SwaglessBozo|Lightning rod support is huge
