|j|☆cantchat_sorry
|j|☆iloveships
|html|cantchat_sorryiloveships    
|uhtml|bestof|Game 1 of a best-of-3
|t:|1785850863
|gametype|doubles
|player|p1|cantchat_sorry|clair|1082
|player|p2|iloveships|emmet|1192
|gen|9
|tier|[Gen 9 Champions] VGC 2026 Reg M-B (Bo3)
|rated|
|rule|Species Clause: Limit one of each Pokémon
|rule|Item Clause: Limit 1 of each item
|clearpoke
|poke|p1|Garchomp, L50, F|
|poke|p1|Tyranitar, L50, F|
|poke|p1|Corviknight, L50, F, shiny|
|poke|p1|Milotic, L50, M|
|poke|p1|Sinistcha, L50|
|poke|p1|Ceruledge, L50, F|
|poke|p2|Sinistcha, L50|
|poke|p2|Milotic, L50, M|
|poke|p2|Incineroar, L50, M|
|poke|p2|Raichu, L50, M|
|poke|p2|Ninetales-Alola, L50, M|
|poke|p2|Metagross, L50|
|teampreview|4
|showteam|p1|Garchomp||Garchompite|RoughSkin|EarthPower,DracoMeteor,PowerGem,Protect|Modest||F|||50|]Tyranitar||ChoiceScarf|SandStream|KnockOff,RockSlide,IcePunch,LowKick|Jolly||F|||50|]Corviknight||LifeOrb|MirrorArmor|BraveBird,IronHead,Tailwind,Protect|Jolly||F|||50|]Milotic||SitrusBerry|Competitive|Scald,IcyWind,Haze,Protect|Bold||M|||50|]Sinistcha||KasibBerry|Hospitality|MatchaGotcha,RagePowder,TrickRoom,Protect|Bold|||||50|]Ceruledge||ColburBerry|FlashFire|BitterBlade,ShadowSneak,BulkUp,Protect|Adamant||F|||50|
|showteam|p2|Sinistcha||KasibBerry|Hospitality|LifeDew,MatchaGotcha,RagePowder,Hex|Calm|||||50|]Milotic||Leftovers|Competitive|MuddyWater,Hypnosis,Coil,Recover|Calm||M|||50|]Incineroar||SitrusBerry|Intimidate|FakeOut,PartingShot,DarkestLariat,FlareBlitz|Adamant||M|||50|]Raichu||RaichuniteY|LightningRod|ZapCannon,FocusBlast,FakeOut,Protect|Timid||M|||50|]Ninetales-Alola||FocusSash|SnowWarning|Blizzard,FreezeDry,Protect,Encore|Timid||M|||50|]Metagross||Metagrossite|ClearBody|BulletPunch,PsychicFangs,Protect,StompingTantrum|Jolly|||||50|
|inactive|Battle timer is ON: inactive players will automatically lose when time's up. (requested by iloveships)
|inactive|cantchat_sorry has 60 seconds left.
|inactive|iloveships has 60 seconds left.
|
|t:|1785850918
|teamsize|p1|4
|teamsize|p2|4
|start
|switch|p1a: Corviknight|Corviknight, L50, F, shiny|100/100
|switch|p1b: Garchomp|Garchomp, L50, F|100/100
|switch|p2a: Raichu|Raichu, L50, M|100/100
|switch|p2b: Ninetales|Ninetales-Alola, L50, M|100/100
|-weather|Snowscape|[from] ability: Snow Warning|[of] p2b: Ninetales
|turn|1
|
|t:|1785850936
|detailschange|p2a: Raichu|Raichu-Mega-Y, L50, M
|-mega|p2a: Raichu|Raichu|Raichunite Y
|move|p1b: Garchomp|Protect|p1b: Garchomp
|-singleturn|p1b: Garchomp|Protect
|move|p1a: Corviknight|Protect|p1a: Corviknight
|-singleturn|p1a: Corviknight|Protect
|move|p2a: Raichu|Zap Cannon|p1a: Corviknight
|-activate|p1a: Corviknight|move: Protect
|move|p2b: Ninetales|Freeze-Dry|p1b: Garchomp
|-activate|p1b: Garchomp|move: Protect
|
|-weather|Snowscape|[upkeep]
|upkeep
|turn|2
|
|t:|1785850962
|switch|p1b: Ceruledge|Ceruledge, L50, F|100/100
|switch|p1a: Tyranitar|Tyranitar, L50, F|100/100
|-weather|Sandstorm|[from] ability: Sand Stream|[of] p1a: Tyranitar
|move|p2a: Raichu|Zap Cannon|p1a: Tyranitar
|-damage|p1a: Tyranitar|61/100
|-status|p1a: Tyranitar|par
|move|p2b: Ninetales|Blizzard|p1a: Tyranitar|[spread] p1a
|-miss|p2b: Ninetales|p1b: Ceruledge
|-damage|p1a: Tyranitar|38/100 par
|
|-weather|Sandstorm|[upkeep]
|-damage|p2a: Raichu|93/100|[from] Sandstorm
|-damage|p2b: Ninetales|94/100|[from] Sandstorm
|-damage|p1b: Ceruledge|93/100|[from] Sandstorm
|upkeep
|turn|3
|inactive|iloveships has 30 seconds left.
|
|t:|1785850993
|switch|p2b: Milotic|Milotic, L50, M|100/100
|switch|p1a: Corviknight|Corviknight, L50, F, shiny|100/100
|move|p2a: Raichu|Zap Cannon|p1b: Ceruledge
|-damage|p1b: Ceruledge|32/100
|-status|p1b: Ceruledge|par
|move|p1b: Ceruledge|Bitter Blade|p2a: Raichu
|-damage|p2a: Raichu|30/100
|-heal|p1b: Ceruledge|62/100 par|[from] drain|[of] p2a: Raichu
|
|-weather|Sandstorm|[upkeep]
|-damage|p2a: Raichu|24/100|[from] Sandstorm
|-damage|p2b: Milotic|94/100|[from] Sandstorm
|-damage|p1b: Ceruledge|55/100 par|[from] Sandstorm
|-heal|p2b: Milotic|100/100|[from] item: Leftovers
|upkeep
|turn|4
|
|t:|1785851012
|switch|p2b: Sinistcha|Sinistcha, L50|100/100
|-heal|p2a: Raichu|49/100|[from] ability: Hospitality|[of] p2b: Sinistcha
|move|p1b: Ceruledge|Shadow Sneak|p2a: Raichu
|-damage|p2a: Raichu|21/100
|move|p2a: Raichu|Zap Cannon|p1b: Ceruledge
|-damage|p1b: Ceruledge|0 fnt
|faint|p1b: Ceruledge
|move|p1a: Corviknight|Tailwind|p1a: Corviknight
|-sidestart|p1: cantchat_sorry|move: Tailwind
|
|-weather|Sandstorm|[upkeep]
|-damage|p2a: Raichu|15/100|[from] Sandstorm
|-damage|p2b: Sinistcha|93/100|[from] Sandstorm
|upkeep
|
|t:|1785851036
|switch|p1b: Tyranitar|Tyranitar, L50, F|38/100 par
|turn|5
|
|t:|1785851055
|move|p2b: Sinistcha|Rage Powder|p2b: Sinistcha
|-singleturn|p2b: Sinistcha|move: Rage Powder
|move|p1a: Corviknight|Brave Bird|p2b: Sinistcha
|-supereffective|p2b: Sinistcha|1
|-damage|p2b: Sinistcha|0 fnt
|faint|p2b: Sinistcha
|-damage|p1a: Corviknight|69/100|[from] Recoil
|-damage|p1a: Corviknight|59/100|[from] item: Life Orb
|move|p2a: Raichu|Zap Cannon|p1a: Corviknight
|-supereffective|p1a: Corviknight|1
|-damage|p1a: Corviknight|0 fnt
|faint|p1a: Corviknight
|move|p1b: Tyranitar|Rock Slide|p2a: Raichu
|-damage|p2a: Raichu|0 fnt
|faint|p2a: Raichu
|
|-weather|Sandstorm|[upkeep]
|upkeep
|
|t:|1785851070
|switch|p2a: Ninetales|Ninetales-Alola, L50, M|94/100
|switch|p1a: Garchomp|Garchomp, L50, F|100/100
|switch|p2b: Milotic|Milotic, L50, M|100/100
|-weather|Snowscape|[from] ability: Snow Warning|[of] p2a: Ninetales
|turn|6
|
|t:|1785851082
|detailschange|p1a: Garchomp|Garchomp-Mega, L50, F
|-mega|p1a: Garchomp|Garchomp|Garchompite
|move|p1a: Garchomp|Earth Power|p2b: Milotic
|-damage|p2b: Milotic|67/100
|cant|p1b: Tyranitar|par
|move|p2a: Ninetales|Blizzard|p1b: Tyranitar|[spread] p1a,p1b
|-supereffective|p1a: Garchomp|2
|-damage|p1a: Garchomp|0 fnt
|-damage|p1b: Tyranitar|9/100 par
|faint|p1a: Garchomp
|move|p2b: Milotic|Coil|p2b: Milotic
|-boost|p2b: Milotic|atk|1
|-boost|p2b: Milotic|def|1
|-boost|p2b: Milotic|accuracy|1
|
|-weather|Snowscape|[upkeep]
|-heal|p2b: Milotic|73/100|[from] item: Leftovers
|upkeep
|turn|7
|-message|cantchat_sorry forfeited.
|
|win|iloveships
