|j|☆terapagos theme
|j|☆marcosdeltasena31
|html|terapagos thememarcosdeltasena31    
|uhtml|bestof|Game 2 of a best-of-3
|t:|1755990744
|gametype|doubles
|player|p1|terapagos theme|liko|1306
|player|p2|marcosdeltasena31|hilbert|1432
|gen|9
|tier|[Gen 9] VGC 2025 Reg H (Bo3)
|rated|
|rule|Species Clause: Limit one of each Pokémon
|rule|Item Clause: Limit 1 of each item
|clearpoke
|poke|p1|Charizard, L50, M|
|poke|p1|Torkoal, L50, F|
|poke|p1|Porygon2, L50|
|poke|p1|Incineroar, L50, F|
|poke|p1|Jumpluff, L50, F|
|poke|p1|Ursaluna, L50, F|
|poke|p2|Dragonite, L50, F|
|poke|p2|Sneasler, L50, F|
|poke|p2|Volcarona, L50, F|
|poke|p2|Rillaboom, L50, M|
|poke|p2|Kingambit, L50, F|
|poke|p2|Electabuzz, L50, F|
|teampreview|4
|showteam|p1|Charizard||ChoiceSpecs|SolarPower|HeatWave,Overheat,WeatherBall,AirSlash|||M|||50|,,,,,Ghost]Torkoal||EjectPack|Drought|Eruption,Overheat,HelpingHand,Protect|||F|||50|,,,,,Fire]Porygon2||Eviolite|Download|TeraBlast,IceBeam,Recover,TrickRoom||||||50|,,,,,Fighting]Incineroar||SitrusBerry|Intimidate|FlareBlitz,KnockOff,FakeOut,PartingShot|||F|||50|,,,,,Ghost]Jumpluff||CovertCloak|Chlorophyll|SleepPowder,SunnyDay,RagePowder,Tailwind|||F|||50|,,,,,Water]Ursaluna||FlameOrb|Guts|HeadlongRush,Facade,Earthquake,Protect|||F|||50|,,,,,Ghost
|showteam|p2|Dragonite||LoadedDice|Multiscale|ScaleShot,ExtremeSpeed,Haze,Protect|||F|||50|,,,,,Fairy]Sneasler||FocusSash|PoisonTouch|DireClaw,CloseCombat,FakeOut,Coaching|||F|||50|,,,,,Ghost]Volcarona||CovertCloak|FlameBody|HeatWave,TeraBlast,QuiverDance,Protect|||F|||50|,,,,,Fairy]Rillaboom||AssaultVest|GrassySurge|WoodHammer,FakeOut,GrassyGlide,HighHorsepower|||M|||50|,,,,,Fire]Kingambit||BlackGlasses|Defiant|KowtowCleave,SwordsDance,SuckerPunch,Protect|||F|||50|,,,,,Dark]Electabuzz||Eviolite|VitalSpirit|Electroweb,FollowMe,Taunt,Protect|||F|||50|,,,,,Ghost
|j| thewanderer55
|
|t:|1755990757
|teamsize|p1|4
|teamsize|p2|4
|start
|switch|p1a: Snoop Dog|Torkoal, L50, F, shiny|100/100
|switch|p1b: La Mari|Jumpluff, L50, F|100/100
|switch|p2a: Dragonite|Dragonite, L50, F|100/100
|switch|p2b: Electabuzz|Electabuzz, L50, F|100/100
|-weather|SunnyDay|[from] ability: Drought|[of] p1a: Snoop Dog
|turn|1
|
|t:|1755990766
|move|p2a: Dragonite|Protect|p2a: Dragonite
|-singleturn|p2a: Dragonite|Protect
|move|p1b: La Mari|Sleep Powder|p2a: Dragonite
|-activate|p2a: Dragonite|move: Protect
|move|p2b: Electabuzz|Electroweb|p1b: La Mari|[spread] p1a,p1b
|-damage|p1a: Snoop Dog|81/100
|-damage|p1b: La Mari|87/100
|-unboost|p1a: Snoop Dog|spe|1
|-enditem|p1a: Snoop Dog|Eject Pack
|
|t:|1755990773
|switch|p1a: Escandaloso|Ursaluna, L50, F|100/100
|
|-weather|SunnyDay|[upkeep]
|-status|p1a: Escandaloso|brn|[from] item: Flame Orb
|upkeep
|turn|2
|
|t:|1755990781
|-terastallize|p2b: Electabuzz|Ghost
|move|p2b: Electabuzz|Follow Me|p2b: Electabuzz
|-singleturn|p2b: Electabuzz|move: Follow Me
|move|p1b: La Mari|Tailwind|p1b: La Mari
|-sidestart|p1: terapagos theme|move: Tailwind
|move|p1a: Escandaloso|Earthquake|p2a: Dragonite|[spread] p2b
|-immune|p1b: La Mari
|-immune|p2a: Dragonite
|-damage|p2b: Electabuzz|47/100
|move|p2a: Dragonite|Scale Shot|p1b: La Mari
|-damage|p1b: La Mari|70/100
|-damage|p1b: La Mari|49/100
|-crit|p1b: La Mari
|-damage|p1b: La Mari|22/100
|-crit|p1b: La Mari
|-damage|p1b: La Mari|0 fnt
|faint|p1b: La Mari
|-hitcount|p1: La Mari|4
|-unboost|p2a: Dragonite|def|1
|-boost|p2a: Dragonite|spe|1
|
|-weather|SunnyDay|[upkeep]
|-damage|p1a: Escandaloso|95/100 brn|[from] brn
|upkeep
|
|t:|1755990795
|switch|p1b: Heisemberg|Porygon2, L50, shiny|100/100
|-ability|p1b: Heisemberg|Download|boost
|-boost|p1b: Heisemberg|atk|1
|turn|3
|
|t:|1755990809
|move|p2b: Electabuzz|Follow Me|p2b: Electabuzz
|-singleturn|p2b: Electabuzz|move: Follow Me
|move|p2a: Dragonite|Scale Shot|p1a: Escandaloso
|-damage|p1a: Escandaloso|83/100 brn
|-damage|p1a: Escandaloso|70/100 brn
|-damage|p1a: Escandaloso|58/100 brn
|-crit|p1a: Escandaloso
|-damage|p1a: Escandaloso|42/100 brn
|-hitcount|p1a: Escandaloso|4
|-unboost|p2a: Dragonite|def|1
|-boost|p2a: Dragonite|spe|1
|move|p1a: Escandaloso|Headlong Rush|p2b: Electabuzz
|-damage|p2b: Electabuzz|0 fnt
|-unboost|p1a: Escandaloso|def|1
|-unboost|p1a: Escandaloso|spd|1
|faint|p2b: Electabuzz
|move|p1b: Heisemberg|Trick Room|p1b: Heisemberg
|-fieldstart|move: Trick Room|[of] p1b: Heisemberg
|
|-weather|SunnyDay|[upkeep]
|-damage|p1a: Escandaloso|36/100 brn|[from] brn
|upkeep
|
|t:|1755990829
|switch|p2b: Kingambit|Kingambit, L50, F|100/100
|turn|4
|
|t:|1755990837
|switch|p2a: Sneasler|Sneasler, L50, F|100/100
|-terastallize|p1b: Heisemberg|Fighting
|move|p2b: Kingambit|Protect|p2b: Kingambit
|-singleturn|p2b: Kingambit|Protect
|move|p1b: Heisemberg|Tera Blast|p2b: Kingambit|[anim] Tera Blast Fighting
|-activate|p2b: Kingambit|move: Protect
|move|p1a: Escandaloso|Facade|p2a: Sneasler
|-enditem|p2a: Sneasler|Focus Sash
|-damage|p2a: Sneasler|1/100
|
|-weather|SunnyDay|[upkeep]
|-damage|p1a: Escandaloso|31/100 brn|[from] brn
|upkeep
|turn|5
|
|t:|1755990852
|move|p2a: Sneasler|Fake Out|p1b: Heisemberg
|-damage|p1b: Heisemberg|91/100
|-status|p1b: Heisemberg|psn|[from] ability: Poison Touch|[of] p2a: Sneasler
|move|p2b: Kingambit|Sucker Punch|p1a: Escandaloso
|-damage|p1a: Escandaloso|0 fnt
|faint|p1a: Escandaloso
|cant|p1b: Heisemberg|flinch
|
|-weather|none
|-damage|p1b: Heisemberg|79/100 psn|[from] psn
|-sideend|p1: terapagos theme|move: Tailwind
|upkeep
|
|t:|1755990858
|switch|p1a: Snoop Dog|Torkoal, L50, F, shiny|81/100
|-weather|SunnyDay|[from] ability: Drought|[of] p1a: Snoop Dog
|turn|6
|
|t:|1755990873
|switch|p2a: Dragonite|Dragonite, L50, F|100/100
|move|p2b: Kingambit|Sucker Punch|p1a: Snoop Dog
|-damage|p1a: Snoop Dog|47/100
|move|p1a: Snoop Dog|Eruption|p2b: Kingambit|[spread] p2a,p2b
|-resisted|p2a: Dragonite
|-crit|p2a: Dragonite
|-supereffective|p2b: Kingambit
|-damage|p2a: Dragonite|87/100
|-damage|p2b: Kingambit|43/100
|move|p1b: Heisemberg|Tera Blast|p2b: Kingambit|[anim] Tera Blast Fighting
|-supereffective|p2b: Kingambit
|-damage|p2b: Kingambit|0 fnt
|faint|p2b: Kingambit
|
|-weather|SunnyDay|[upkeep]
|-damage|p1b: Heisemberg|66/100 psn|[from] psn
|upkeep
|
|t:|1755990880
|switch|p2b: Sneasler|Sneasler, L50, F|1/100
|turn|7
|
|t:|1755990907
|move|p2b: Sneasler|Fake Out|p1b: Heisemberg
|-damage|p1b: Heisemberg|57/100 psn
|move|p1a: Snoop Dog|Eruption|p2a: Dragonite|[spread] p2a,p2b
|-resisted|p2a: Dragonite
|-damage|p2a: Dragonite|69/100
|-damage|p2b: Sneasler|0 fnt
|faint|p2b: Sneasler
|cant|p1b: Heisemberg|flinch
|move|p2a: Dragonite|Scale Shot|p1a: Snoop Dog
|-damage|p1a: Snoop Dog|36/100
|-damage|p1a: Snoop Dog|25/100
|-damage|p1a: Snoop Dog|12/100
|-damage|p1a: Snoop Dog|2/100
|-hitcount|p1a: Snoop Dog|4
|-unboost|p2a: Dragonite|def|1
|-boost|p2a: Dragonite|spe|1
|
|-weather|SunnyDay|[upkeep]
|-damage|p1b: Heisemberg|44/100 psn|[from] psn
|-fieldend|move: Trick Room
|upkeep
|turn|8
|
|t:|1755990917
|move|p2a: Dragonite|Scale Shot|p1b: Heisemberg
|-damage|p1b: Heisemberg|33/100 psn
|-damage|p1b: Heisemberg|23/100 psn
|-damage|p1b: Heisemberg|14/100 psn
|-damage|p1b: Heisemberg|4/100 psn
|-hitcount|p1b: Heisemberg|4
|-unboost|p2a: Dragonite|def|1
|-boost|p2a: Dragonite|spe|1
|move|p1b: Heisemberg|Ice Beam|p2a: Dragonite
|-supereffective|p2a: Dragonite
|-damage|p2a: Dragonite|0 fnt
|faint|p2a: Dragonite
|
|win|terapagos theme
|raw|terapagos theme's rating: 1306 → 1333(+27 for winning)
|raw|marcosdeltasena31's rating: 1432 → 1405(-27 for losing)
|l| thewanderer55
