|j|☆IvoTerrone
|j|☆lox1sm
|html|IvoTerronelox1sm    
|uhtml|bestof|Game 2 of a best-of-3
|t:|1783002433
|gametype|doubles
|player|p1|IvoTerrone|gambler|1139
|player|p2|lox1sm|veteran|1242
|gen|9
|tier|[Gen 9 Champions] VGC 2026 Reg M-B (Bo3)
|rated|
|rule|Species Clause: Limit one of each Pokémon
|rule|Item Clause: Limit 1 of each item
|clearpoke
|poke|p1|Froslass, L50, F|
|poke|p1|Scovillain, L50, M, shiny|
|poke|p1|Basculegion, L50, M|
|poke|p1|Kingambit, L50, F|
|poke|p1|Sneasler, L50, F|
|poke|p1|Lycanroc-Dusk, L50, M|
|poke|p2|Charizard, L50, M|
|poke|p2|Aerodactyl, L50, F|
|poke|p2|Garchomp, L50, M|
|poke|p2|Kingambit, L50, M|
|poke|p2|Farigiraf, L50, M|
|poke|p2|Primarina, L50, F|
|teampreview|4
|showteam|p1|Froslass||Froslassite|CursedBody|Blizzard,ShadowBall,AuroraVeil,Protect|Modest||F|||50|]Scovillain||Scovillainite|Moody|GigaDrain,Overheat,RagePowder,Protect|Bold||M|||50|]Basculegion||SitrusBerry|Adaptability|WaveCrash,LastRespects,AquaJet,Protect|Adamant||M|||50|]Kingambit||BlackGlasses|Defiant|KowtowCleave,SuckerPunch,SwordsDance,Protect|Adamant||F|||50|]Sneasler||WhiteHerb|Unburden|CloseCombat,GunkShot,Protect,FakeOut|Adamant||F|||50|]Lycanroc-Dusk||FocusSash|ToughClaws|CloseCombat,Accelerock,RockSlide,Protect|Adamant||M|||50|
|showteam|p2|Charizard||CharizarditeY|Blaze|HeatWave,WeatherBall,SolarBeam,Protect|Modest||M|||50|]Aerodactyl||Aerodactylite|RockHead|RockSlide,IceFang,Tailwind,Protect|Jolly||F|||50|]Garchomp||LifeOrb|RoughSkin|DragonClaw,Earthquake,RockSlide,Protect|Jolly||M|||50|]Kingambit||FocusSash|Defiant|KowtowCleave,SuckerPunch,IronHead,LowKick|Adamant||M|||50|]Farigiraf||ExpertBelt|ArmorTail|Psychic,DazzlingGleam,Thunderbolt,TrickRoom|Modest||M|||50|]Primarina||MysticWater|LiquidVoice|HyperVoice,Moonblast,Haze,Protect|Modest||F|||50|
|
|t:|1783002494
|teamsize|p1|4
|teamsize|p2|4
|start
|switch|p1a: Lycanroc|Lycanroc-Dusk, L50, M|100/100
|switch|p1b: Sneasler|Sneasler, L50, F|100/100
|switch|p2a: Aerodactyl|Aerodactyl, L50, F|100/100
|switch|p2b: Charizard|Charizard, L50, M|100/100
|turn|1
|inactive|Battle timer is ON: inactive players will automatically lose when time's up. (requested by lox1sm)
|
|t:|1783002518
|switch|p2b: Farigiraf|Farigiraf, L50, M|100/100
|move|p1b: Sneasler|Fake Out||[still]
|cant|p2b: Farigiraf|ability: Armor Tail|Fake Out|[of] p1b: Sneasler
|move|p2a: Aerodactyl|Tailwind|p2a: Aerodactyl
|-sidestart|p2: lox1sm|move: Tailwind
|move|p1a: Lycanroc|Rock Slide|p2b: Farigiraf|[spread] p2a,p2b
|-supereffective|p2a: Aerodactyl|1
|-damage|p2a: Aerodactyl|23/100
|-damage|p2b: Farigiraf|69/100
|
|upkeep
|turn|2
|
|t:|1783002542
|switch|p1b: Basculegion|Basculegion, L50, M|100/100
|move|p2a: Aerodactyl|Rock Slide|p1b: Basculegion|[spread] p1a,p1b
|-crit|p1b: Basculegion
|-damage|p1a: Lycanroc|60/100
|-damage|p1b: Basculegion|67/100
|move|p2b: Farigiraf|Psychic|p1a: Lycanroc
|-damage|p1a: Lycanroc|0 fnt
|faint|p1a: Lycanroc
|
|upkeep
|
|t:|1783002563
|switch|p1a: Scovillain|Scovillain, L50, M, shiny|100/100
|turn|3
|inactive|lox1sm has 30 seconds left.
|
|t:|1783002589
|switch|p2b: Primarina|Primarina, L50, F|100/100
|detailschange|p1a: Scovillain|Scovillain-Mega, L50, M, shiny
|-mega|p1a: Scovillain|Scovillain|Scovillainite
|move|p2a: Aerodactyl|Rock Slide|p1a: Scovillain|[spread] p1a
|-miss|p2a: Aerodactyl|p1b: Basculegion
|-supereffective|p1a: Scovillain|1
|-damage|p1a: Scovillain|61/100
|-status|p2a: Aerodactyl|brn|[from] ability: Spicy Spray|[of] p1a: Scovillain
|move|p1a: Scovillain|Giga Drain|p2b: Primarina
|-supereffective|p2b: Primarina|1
|-damage|p2b: Primarina|23/100
|-heal|p1a: Scovillain|96/100|[from] drain|[of] p2b: Primarina
|move|p1b: Basculegion|Wave Crash|p2b: Primarina
|-resisted|p2b: Primarina|1
|-damage|p2b: Primarina|0 fnt
|faint|p2b: Primarina
|-damage|p1b: Basculegion|61/100|[from] Recoil
|
|-damage|p2a: Aerodactyl|17/100 brn|[from] brn
|upkeep
|
|t:|1783002612
|switch|p2b: Charizard|Charizard, L50, M|100/100
|turn|4
|inactive|lox1sm has 30 seconds left.
|
|t:|1783002644
|detailschange|p2b: Charizard|Charizard-Mega-Y, L50, M
|-mega|p2b: Charizard|Charizard|Charizardite Y
|-weather|SunnyDay|[from] ability: Drought|[of] p2b: Charizard
|move|p2a: Aerodactyl|Protect|p2a: Aerodactyl
|-singleturn|p2a: Aerodactyl|Protect
|move|p1a: Scovillain|Protect|p1a: Scovillain
|-singleturn|p1a: Scovillain|Protect
|move|p1b: Basculegion|Protect|p1b: Basculegion
|-singleturn|p1b: Basculegion|Protect
|move|p2b: Charizard|Weather Ball|p1a: Scovillain
|-activate|p1a: Scovillain|move: Protect
|
|-weather|SunnyDay|[upkeep]
|-damage|p2a: Aerodactyl|12/100 brn|[from] brn
|-sideend|p2: lox1sm|move: Tailwind
|upkeep
|turn|5
|
|t:|1783002662
|switch|p2b: Farigiraf|Farigiraf, L50, M|69/100
|move|p2a: Aerodactyl|Tailwind|p2a: Aerodactyl
|-sidestart|p2: lox1sm|move: Tailwind
|move|p1a: Scovillain|Giga Drain|p2a: Aerodactyl
|-damage|p2a: Aerodactyl|0 fnt
|-heal|p1a: Scovillain|100/100|[from] drain|[of] p2a: Aerodactyl
|faint|p2a: Aerodactyl
|move|p1b: Basculegion|Last Respects|p2b: Farigiraf
|-immune|p2b: Farigiraf
|
|-weather|SunnyDay|[upkeep]
|upkeep
|
|t:|1783002673
|switch|p2a: Charizard|Charizard-Mega-Y, L50, M|100/100
|turn|6
|inactive|lox1sm has 30 seconds left.
|
|t:|1783002699
|move|p2a: Charizard|Protect|p2a: Charizard
|-singleturn|p2a: Charizard|Protect
|move|p2b: Farigiraf|Dazzling Gleam|p1a: Scovillain|[spread] p1a,p1b
|-resisted|p1a: Scovillain|1
|-damage|p1a: Scovillain|89/100
|-damage|p1b: Basculegion|40/100
|-status|p2b: Farigiraf|brn|[from] ability: Spicy Spray|[of] p1a: Scovillain
|-enditem|p1b: Basculegion|Sitrus Berry|[eat]
|-heal|p1b: Basculegion|64/100|[from] item: Sitrus Berry
|move|p1a: Scovillain|Giga Drain|p2b: Farigiraf
|-damage|p2b: Farigiraf|34/100 brn
|-heal|p1a: Scovillain|100/100|[from] drain|[of] p2b: Farigiraf
|move|p1b: Basculegion|Last Respects|p2a: Charizard
|-activate|p2a: Charizard|move: Protect
|
|-weather|SunnyDay|[upkeep]
|-damage|p2b: Farigiraf|28/100 brn|[from] brn
|upkeep
|turn|7
|inactive|IvoTerrone has 30 seconds left.
|inactive|lox1sm has 30 seconds left.
|inactive|IvoTerrone has 20 seconds left.
|inactive|IvoTerrone has 15 seconds left.
|inactive|IvoTerrone has 10 seconds left.
|
|t:|1783002750
|move|p2a: Charizard|Weather Ball|p1a: Scovillain
|-damage|p1a: Scovillain|1/100
|-immune|p2a: Charizard
|move|p2b: Farigiraf|Thunderbolt|p1b: Basculegion
|-supereffective|p1b: Basculegion|1
|-damage|p1b: Basculegion|0 fnt
|faint|p1b: Basculegion
|move|p1a: Scovillain|Giga Drain|p2b: Farigiraf
|-damage|p2b: Farigiraf|0 fnt
|-heal|p1a: Scovillain|20/100y|[from] drain|[of] p2b: Farigiraf
|faint|p2b: Farigiraf
|
|-weather|SunnyDay|[upkeep]
|upkeep
|
|t:|1783002762
|switch|p1b: Sneasler|Sneasler, L50, F|100/100
|turn|8
|
|t:|1783002772
|move|p1a: Scovillain|Rage Powder|p1a: Scovillain
|-singleturn|p1a: Scovillain|move: Rage Powder
|move|p2a: Charizard|Weather Ball|p1a: Scovillain
|-damage|p1a: Scovillain|0 fnt
|-immune|p2a: Charizard
|faint|p1a: Scovillain
|move|p1b: Sneasler|Gunk Shot|p2a: Charizard
|-damage|p2a: Charizard|40/100
|
|-weather|none
|-sideend|p2: lox1sm|move: Tailwind
|upkeep
|turn|9
|-message|lox1sm forfeited.
|
|win|IvoTerrone
||lox1sm is ready for game 3.
||IvoTerrone is ready for game 3.
|uhtml|next|Next: Game 3 of 3
|l|☆IvoTerrone
|player|p1|
