|j|☆DarkThunder2214
|j|☆Paco Amores
|html|DarkThunder2214Paco Amores    
|uhtml|bestof|Game 1 of a best-of-3
|t:|1783097718
|gametype|doubles
|player|p1|DarkThunder2214|giovanni|1072
|player|p2|Paco Amores|170|1133
|gen|9
|tier|[Gen 9 Champions] VGC 2026 Reg M-B (Bo3)
|rated|
|rule|Species Clause: Limit one of each Pokémon
|rule|Item Clause: Limit 1 of each item
|clearpoke
|poke|p1|Dragalge, L50, F, shiny|
|poke|p1|Incineroar, L50, F|
|poke|p1|Sinistcha-Masterpiece, L50|
|poke|p1|Barbaracle, L50, F|
|poke|p1|Palafin, L50, M, shiny|
|poke|p1|Corviknight, L50, F, shiny|
|poke|p2|Sylveon, L50, M|
|poke|p2|Incineroar, L50, F|
|poke|p2|Aerodactyl, L50, M|
|poke|p2|Charizard, L50, F|
|poke|p2|Metagross, L50|
|poke|p2|Garchomp, L50, F|
|teampreview|4
|showteam|p1|Dragalge||Dragalgite|PoisonPoint|DragonPulse,Toxic,Protect,SludgeBomb|Quiet||F|||50|]Incineroar||SitrusBerry|Intimidate|FakeOut,FlareBlitz,PartingShot,DarkestLariat|Impish||F|||50|]Sinistcha-Masterpiece||KasibBerry|Hospitality|MatchaGotcha,TrickRoom,RagePowder,Protect|Bold|||||50|]Barbaracle||Barbaracite|ToughClaws|ShellSmash,CloseCombat,RockSlide,Protect|Jolly||F|||50|]Palafin||LifeOrb|ZerotoHero|FlipTurn,WaveCrash,JetPunch,Protect|Adamant||M|||50|]Corviknight||Leftovers|MirrorArmor|Tailwind,BraveBird,BulkUp,Roost|Careful||F|||50|
|showteam|p2|Sylveon||FairyFeather|Pixilate|HyperBeam,HyperVoice,Detect,QuickAttack|Modest||M|||50|]Incineroar||SitrusBerry|Intimidate|FakeOut,PartingShot,FlareBlitz,ThroatChop|Careful||F|||50|]Aerodactyl||FocusSash|Unnerve|Tailwind,RockSlide,DualWingbeat,Protect|Jolly||M|||50|]Charizard||CharizarditeY|SolarPower|Protect,WeatherBall,SolarBeam,HeatWave|Modest||F|||50|]Metagross||Metagrossite|ClearBody|BulletPunch,PsychicFangs,BodyPress,Protect|Adamant|||||50|]Garchomp||LifeOrb|RoughSkin|Protect,RockSlide,Earthquake,DragonClaw|Jolly||F|||50|
|inactive|Battle timer is ON: inactive players will automatically lose when time's up. (requested by Paco Amores)
|
|t:|1783097812
|teamsize|p1|4
|teamsize|p2|4
|start
|switch|p1a: Incineroar|Incineroar, L50, F|100/100
|switch|p1b: Palafin|Palafin, L50, M, shiny|100/100
|switch|p2a: Aerodactyl|Aerodactyl, L50, M|100/100
|switch|p2b: Metagross|Metagross, L50|100/100
|-ability|p2a: Aerodactyl|Unnerve
|-ability|p1a: Incineroar|Intimidate|boost
|-unboost|p2a: Aerodactyl|atk|1
|-fail|p2b: Metagross|unboost|[from] ability: Clear Body|[of] p2b: Metagross
|turn|1
|
|t:|1783097833
|detailschange|p2b: Metagross|Metagross-Mega, L50
|-mega|p2b: Metagross|Metagross|Metagrossite
|move|p2a: Aerodactyl|Protect|p2a: Aerodactyl
|-singleturn|p2a: Aerodactyl|Protect
|move|p1a: Incineroar|Fake Out|p2b: Metagross
|-resisted|p2b: Metagross|1
|-damage|p2b: Metagross|95/100
|cant|p2b: Metagross|flinch
|move|p1b: Palafin|Flip Turn|p2a: Aerodactyl
|-activate|p2a: Aerodactyl|move: Protect
|
|upkeep
|turn|2
|inactive|DarkThunder2214 has 30 seconds left.
|
|t:|1783097858
|detailschange|p1b: Palafin|Palafin-Hero, L50, M, shiny
|switch|p1b: Corviknight|Corviknight, L50, F, shiny|100/100
|move|p2a: Aerodactyl|Rock Slide|p1b: Corviknight|[spread] p1a,p1b
|-supereffective|p1a: Incineroar|1
|-damage|p1a: Incineroar|75/100
|-damage|p1b: Corviknight|84/100
|move|p2b: Metagross|Body Press|p1a: Incineroar
|-supereffective|p1a: Incineroar|1
|-damage|p1a: Incineroar|24/100
|move|p1a: Incineroar|Darkest Lariat|p2b: Metagross
|-supereffective|p2b: Metagross|1
|-damage|p2b: Metagross|49/100
|
|-heal|p1b: Corviknight|90/100|[from] item: Leftovers
|upkeep
|turn|3
|inactive|DarkThunder2214 has 30 seconds left.
|
|t:|1783097886
|switch|p1a: Palafin|Palafin-Hero, L50, M, shiny|100/100
|-activate|p1a: Palafin|ability: Zero to Hero
|move|p2a: Aerodactyl|Tailwind|p2a: Aerodactyl
|-sidestart|p2: Paco Amores|move: Tailwind
|move|p2b: Metagross|Body Press|p1a: Palafin
|-damage|p1a: Palafin|68/100
|move|p1b: Corviknight|Tailwind|p1b: Corviknight
|-sidestart|p1: DarkThunder2214|move: Tailwind
|
|-heal|p1b: Corviknight|96/100|[from] item: Leftovers
|upkeep
|turn|4
|inactive|DarkThunder2214 has 30 seconds left.
|inactive|Paco Amores has 30 seconds left.
|inactive|DarkThunder2214 has 20 seconds left.
|inactive|DarkThunder2214 has 15 seconds left.
|
|t:|1783097927
|switch|p2a: Incineroar|Incineroar, L50, F|100/100
|-ability|p2a: Incineroar|Intimidate|boost
|-unboost|p1a: Palafin|atk|1
|-ability|p1b: Corviknight|Mirror Armor
|-unboost|p2a: Incineroar|atk|1
|move|p2b: Metagross|Psychic Fangs|p1a: Palafin
|-damage|p1a: Palafin|9/100
|move|p1a: Palafin|Wave Crash|p2b: Metagross
|-damage|p2b: Metagross|0 fnt
|faint|p2b: Metagross
|-damage|p1a: Palafin|0 fnt|[from] Recoil
|faint|p1a: Palafin
|move|p1b: Corviknight|Bulk Up|p1b: Corviknight
|-boost|p1b: Corviknight|atk|1
|-boost|p1b: Corviknight|def|1
|
|-heal|p1b: Corviknight|100/100|[from] item: Leftovers
|upkeep
|inactive|DarkThunder2214 has 30 seconds left.
|inactive|Paco Amores has 30 seconds left.
|inactive|DarkThunder2214 has 20 seconds left.
|
|t:|1783097966
|switch|p2b: Aerodactyl|Aerodactyl, L50, M|100/100
|switch|p1a: Incineroar|Incineroar, L50, F|24/100
|-enditem|p1a: Incineroar|Sitrus Berry|[eat]
|-heal|p1a: Incineroar|49/100|[from] item: Sitrus Berry
|-ability|p2b: Aerodactyl|Unnerve
|-ability|p1a: Incineroar|Intimidate|boost
|-unboost|p2a: Incineroar|atk|1
|-unboost|p2b: Aerodactyl|atk|1
|turn|5
|inactive|DarkThunder2214 has 30 seconds left.
|
|t:|1783097998
|move|p2a: Incineroar|Fake Out|p1a: Incineroar
|-damage|p1a: Incineroar|45/100
|cant|p1a: Incineroar|flinch
|move|p2b: Aerodactyl|Rock Slide|p1b: Corviknight|[spread] p1a,p1b
|-supereffective|p1a: Incineroar|1
|-damage|p1a: Incineroar|21/100
|-damage|p1b: Corviknight|89/100
|move|p1b: Corviknight|Bulk Up|p1b: Corviknight
|-boost|p1b: Corviknight|atk|1
|-boost|p1b: Corviknight|def|1
|
|-heal|p1b: Corviknight|95/100|[from] item: Leftovers
|upkeep
|turn|6
|inactive|DarkThunder2214 has 30 seconds left.
|inactive|DarkThunder2214 has 20 seconds left.
|inactive|DarkThunder2214 has 15 seconds left.
|
|t:|1783098042
|move|p2b: Aerodactyl|Rock Slide|p1b: Corviknight|[spread] p1a,p1b
|-supereffective|p1a: Incineroar|1
|-damage|p1a: Incineroar|0 fnt
|-damage|p1b: Corviknight|88/100
|faint|p1a: Incineroar
|move|p1b: Corviknight|Roost|p1b: Corviknight
|-heal|p1b: Corviknight|100/100
|-singleturn|p1b: Corviknight|move: Roost
|move|p2a: Incineroar|Parting Shot|p1b: Corviknight
|-ability|p1b: Corviknight|Mirror Armor
|-unboost|p2a: Incineroar|atk|1
|-ability|p1b: Corviknight|Mirror Armor
|-unboost|p2a: Incineroar|spa|1
|
|t:|1783098048
|switch|p2a: Garchomp|Garchomp, L50, F|100/100|[from] Parting Shot
|
|-sideend|p2: Paco Amores|move: Tailwind
|-sideend|p1: DarkThunder2214|move: Tailwind
|upkeep
|
|t:|1783098058
|switch|p1a: Barbaracle|Barbaracle, L50, F|100/100
|turn|7
|
|t:|1783098077
|move|p1a: Barbaracle|Protect|p1a: Barbaracle
|-singleturn|p1a: Barbaracle|Protect
|move|p2b: Aerodactyl|Tailwind|p2b: Aerodactyl
|-sidestart|p2: Paco Amores|move: Tailwind
|move|p2a: Garchomp|Earthquake|p1b: Corviknight|[spread] 
|-activate|p1a: Barbaracle|move: Protect
|-immune|p2b: Aerodactyl
|-immune|p1b: Corviknight
|move|p1b: Corviknight|Brave Bird|p2a: Garchomp
|-damage|p2a: Garchomp|32/100
|-damage|p1b: Corviknight|87/100|[from] ability: Rough Skin|[of] p2a: Garchomp
|-damage|p1b: Corviknight|67/100|[from] Recoil
|
|-heal|p1b: Corviknight|73/100|[from] item: Leftovers
|upkeep
|turn|8
|inactive|DarkThunder2214 has 30 seconds left.
|inactive|DarkThunder2214 has 20 seconds left.
|inactive|DarkThunder2214 has 15 seconds left.
|inactive|DarkThunder2214 has 10 seconds left.
|
|t:|1783098125
|detailschange|p1a: Barbaracle|Barbaracle-Mega, L50, F
|-mega|p1a: Barbaracle|Barbaracle|Barbaracite
|move|p2b: Aerodactyl|Rock Slide|p1b: Corviknight|[spread] p1a,p1b
|-resisted|p1a: Barbaracle|1
|-damage|p1a: Barbaracle|91/100
|-damage|p1b: Corviknight|67/100
|move|p2a: Garchomp|Earthquake|p1a: Barbaracle|[spread] p1a
|-immune|p2b: Aerodactyl
|-immune|p1b: Corviknight
|-supereffective|p1a: Barbaracle|1
|-damage|p1a: Barbaracle|0 fnt
|faint|p1a: Barbaracle
|-damage|p2a: Garchomp|22/100|[from] item: Life Orb
|move|p1b: Corviknight|Roost|p1b: Corviknight
|-heal|p1b: Corviknight|100/100
|-singleturn|p1b: Corviknight|move: Roost
|
|upkeep
|turn|9
|
|t:|1783098150
|switch|p2b: Incineroar|Incineroar, L50, F|100/100
|-ability|p2b: Incineroar|Intimidate|boost
|-ability|p1b: Corviknight|Mirror Armor
|-unboost|p2b: Incineroar|atk|1
|move|p2a: Garchomp|Rock Slide|p1b: Corviknight
|-damage|p1b: Corviknight|84/100
|-damage|p2a: Garchomp|12/100|[from] item: Life Orb
|cant|p1b: Corviknight|flinch
|
|-heal|p1b: Corviknight|90/100|[from] item: Leftovers
|upkeep
|turn|10
|
|t:|1783098170
|move|p2b: Incineroar|Fake Out|p1b: Corviknight
|-resisted|p1b: Corviknight|1
|-damage|p1b: Corviknight|89/100
|move|p2a: Garchomp|Rock Slide|p1b: Corviknight
|-damage|p1b: Corviknight|76/100
|-damage|p2a: Garchomp|2/100|[from] item: Life Orb
|cant|p1b: Corviknight|flinch
|
|-heal|p1b: Corviknight|81/100|[from] item: Leftovers
|-sideend|p2: Paco Amores|move: Tailwind
|upkeep
|turn|11
|
|t:|1783098178
|move|p2a: Garchomp|Rock Slide|p1b: Corviknight
|-damage|p1b: Corviknight|67/100
|-damage|p2a: Garchomp|0 fnt|[from] item: Life Orb
|faint|p2a: Garchomp
|cant|p1b: Corviknight|flinch
|move|p2b: Incineroar|Flare Blitz|p1b: Corviknight
|-supereffective|p1b: Corviknight|1
|-damage|p1b: Corviknight|37/100
|-damage|p2b: Incineroar|90/100|[from] Recoil
|
|-heal|p1b: Corviknight|43/100|[from] item: Leftovers
|upkeep
|
|t:|1783098187
|switch|p2a: Aerodactyl|Aerodactyl, L50, M|100/100
|-ability|p2a: Aerodactyl|Unnerve
|turn|12
|
|t:|1783098216
|move|p2a: Aerodactyl|Rock Slide|p1b: Corviknight
|-damage|p1b: Corviknight|28/100
|cant|p1b: Corviknight|flinch
|move|p2b: Incineroar|Flare Blitz|p1b: Corviknight
|-supereffective|p1b: Corviknight|1
|-damage|p1b: Corviknight|2/100
|-status|p1b: Corviknight|brn
|-damage|p2b: Incineroar|81/100|[from] Recoil
|
|-heal|p1b: Corviknight|8/100 brn|[from] item: Leftovers
|-damage|p1b: Corviknight|2/100 brn|[from] brn
|upkeep
|turn|13
|
|t:|1783098233
|move|p2a: Aerodactyl|Rock Slide|p1b: Corviknight
|-damage|p1b: Corviknight|0 fnt
|faint|p1b: Corviknight
|
|win|Paco Amores
|l|☆DarkThunder2214
|player|p1|
