|j|☆notdoodenberg
|j|☆DieGuitoRra
|html|notdoodenbergDieGuitoRra    
|uhtml|bestof|Game 1 of a best-of-3
|t:|1784567370
|gametype|doubles
|player|p1|notdoodenberg|265|1180
|player|p2|DieGuitoRra|youngcouple|1119
|gen|9
|tier|[Gen 9 Champions] VGC 2026 Reg M-B (Bo3)
|rated|
|rule|Species Clause: Limit one of each Pokémon
|rule|Item Clause: Limit 1 of each item
|clearpoke
|poke|p1|Floette-Eternal, L50, F|
|poke|p1|Delphox, L50, M|
|poke|p1|Sneasler, L50, F|
|poke|p1|Incineroar, L50, F|
|poke|p1|Kingambit, L50, F|
|poke|p1|Sinistcha, L50|
|poke|p2|Kingambit, L50, M, shiny|
|poke|p2|Charizard, L50, F, shiny|
|poke|p2|Aerodactyl, L50, F, shiny|
|poke|p2|Farigiraf, L50, F, shiny|
|poke|p2|Garchomp, L50, M, shiny|
|poke|p2|Sylveon, L50, F, shiny|
|teampreview|4
|showteam|p1|Floette-Eternal||Floettite|FlowerVeil|Protect,CalmMind,DazzlingGleam,Moonblast|Timid||F|||50|]Delphox||Delphoxite|Blaze|Protect,NastyPlot,Psychic,HeatWave|Modest||M|||50|]Sneasler||FocusSash|PoisonTouch|FakeOut,PoisonJab,CloseCombat,RockTomb|Jolly||F|||50|]Incineroar||SitrusBerry|Intimidate|FakeOut,ThroatChop,PartingShot,FlareBlitz|Careful||F|||50|]Kingambit||LifeOrb|Defiant|Protect,SwordsDance,SuckerPunch,KowtowCleave|Adamant||F|||50|]Sinistcha||OccaBerry|Hospitality|Protect,TrickRoom,RagePowder,MatchaGotcha|Bold|||||50|
|showteam|p2|Kingambit||FocusSash|Defiant|IronHead,LowKick,SuckerPunch,KowtowCleave|Adamant||M|||50|]Charizard||CharizarditeY|Blaze|HeatWave,WeatherBall,SolarBeam,Protect|Modest||F|||50|]Aerodactyl||Aerodactylite|RockHead|RockSlide,DualWingbeat,Tailwind,WideGuard|Jolly||F|||50|]Farigiraf||SitrusBerry|ArmorTail|TwinBeam,Thunderbolt,TrickRoom,Roar|Bold||F|||50|]Garchomp||LifeOrb|RoughSkin|DragonClaw,StompingTantrum,Earthquake,Protect|Jolly||M|||50|]Sylveon||FairyFeather|Pixilate|HyperVoice,HyperBeam,QuickAttack,Detect|Modest||F|||50|
|inactive|Battle timer is ON: inactive players will automatically lose when time's up. (requested by DieGuitoRra)
|inactive|notdoodenberg has 60 seconds left.
|inactive|DieGuitoRra has 60 seconds left.
|inactive|notdoodenberg has 30 seconds left.
|inactive|DieGuitoRra has 30 seconds left.
|inactive|notdoodenberg has 20 seconds left.
|inactive|DieGuitoRra has 20 seconds left.
|inactive|notdoodenberg has 15 seconds left.
|inactive|DieGuitoRra has 15 seconds left.
|inactive|DieGuitoRra has 10 seconds left.
|inactive|DieGuitoRra has 5 seconds left.
|
|t:|1784567460
|teamsize|p1|4
|teamsize|p2|4
|start
|switch|p1a: Floette|Floette-Eternal, L50, F|100/100
|switch|p1b: Sneasler|Sneasler, L50, F|100/100
|switch|p2a: Farigiraf|Farigiraf, L50, F, shiny|100/100
|switch|p2b: Garchomp|Garchomp, L50, M, shiny|100/100
|turn|1
|inactive|DieGuitoRra has 30 seconds left.
|
|t:|1784567492
|switch|p1b: Incineroar|Incineroar, L50, F|100/100
|-ability|p1b: Incineroar|Intimidate|boost
|-unboost|p2a: Farigiraf|atk|1
|-unboost|p2b: Garchomp|atk|1
|detailschange|p1a: Floette|Floette-Mega, L50, F
|-mega|p1a: Floette|Floette|Floettite
|-ability|p1a: Floette|Fairy Aura
|move|p2b: Garchomp|Earthquake|p1b: Incineroar|[spread] p2a,p1a,p1b
|-supereffective|p1b: Incineroar|1
|-crit|p1b: Incineroar
|-damage|p2a: Farigiraf|76/100
|-damage|p1a: Floette|61/100
|-damage|p1b: Incineroar|0 fnt
|faint|p1b: Incineroar
|-damage|p2b: Garchomp|90/100|[from] item: Life Orb
|move|p1a: Floette|Calm Mind|p1a: Floette
|-boost|p1a: Floette|spa|1
|-boost|p1a: Floette|spd|1
|move|p2a: Farigiraf|Twin Beam|p1a: Floette
|-damage|p1a: Floette|54/100
|-damage|p1a: Floette|45/100
|-hitcount|p1a: Floette|2
|
|upkeep
|
|t:|1784567509
|switch|p1b: Sinistcha|Sinistcha, L50|100/100
|-heal|p1a: Floette|70/100|[from] ability: Hospitality|[of] p1b: Sinistcha
|turn|2
|
|t:|1784567523
|switch|p2b: Sylveon|Sylveon, L50, F, shiny|100/100
|move|p1a: Floette|Dazzling Gleam|p2b: Sylveon|[spread] p2a,p2b
|-damage|p2a: Farigiraf|13/100
|-damage|p2b: Sylveon|45/100
|-enditem|p2a: Farigiraf|Sitrus Berry|[eat]
|-heal|p2a: Farigiraf|38/100|[from] item: Sitrus Berry
|move|p1b: Sinistcha|Matcha Gotcha|p2b: Sylveon|[spread] p2a
|-miss|p1b: Sinistcha|p2b: Sylveon
|-damage|p2a: Farigiraf|15/100
|-status|p2a: Farigiraf|brn
|move|p2a: Farigiraf|Roar|p1a: Floette
|drag|p1a: Sneasler|Sneasler, L50, F|100/100
|
|-damage|p2a: Farigiraf|9/100 brn|[from] brn
|upkeep
|turn|3
|inactive|notdoodenberg has 30 seconds left.
|inactive|DieGuitoRra has 30 seconds left.
|
|t:|1784567558
|move|p2b: Sylveon|Detect|p2b: Sylveon
|-singleturn|p2b: Sylveon|Protect
|move|p1a: Sneasler|Poison Jab|p2b: Sylveon
|-activate|p2b: Sylveon|move: Protect
|move|p1b: Sinistcha|Matcha Gotcha|p2b: Sylveon|[spread] p2a
|-activate|p2b: Sylveon|move: Protect
|-damage|p2a: Farigiraf|0 fnt
|faint|p2a: Farigiraf
|
|upkeep
|
|t:|1784567567
|switch|p2a: Garchomp|Garchomp, L50, M, shiny|90/100
|turn|4
|
|t:|1784567576
|move|p1a: Sneasler|Poison Jab|p2b: Sylveon
|-supereffective|p2b: Sylveon|1
|-damage|p2b: Sylveon|0 fnt
|faint|p2b: Sylveon
|move|p2a: Garchomp|Stomping Tantrum|p1a: Sneasler
|-supereffective|p1a: Sneasler|1
|-enditem|p1a: Sneasler|Focus Sash
|-damage|p1a: Sneasler|1/100
|-damage|p2a: Garchomp|80/100|[from] item: Life Orb
|move|p1b: Sinistcha|Trick Room|p1b: Sinistcha
|-fieldstart|move: Trick Room|[of] p1b: Sinistcha
|
|upkeep
|
|t:|1784567600
|switch|p2b: Kingambit|Kingambit, L50, M, shiny|100/100
|turn|5
|
|t:|1784567610
|move|p1b: Sinistcha|Rage Powder|p1b: Sinistcha
|-singleturn|p1b: Sinistcha|move: Rage Powder
|move|p2b: Kingambit|Iron Head|p1b: Sinistcha
|-damage|p1b: Sinistcha|59/100
|move|p2a: Garchomp|Stomping Tantrum|p1b: Sinistcha
|-resisted|p1b: Sinistcha|1
|-damage|p1b: Sinistcha|41/100
|-damage|p2a: Garchomp|70/100|[from] item: Life Orb
|move|p1a: Sneasler|Close Combat|p2b: Kingambit
|-supereffective|p2b: Kingambit|2
|-enditem|p2b: Kingambit|Focus Sash
|-damage|p2b: Kingambit|1/100
|-unboost|p1a: Sneasler|def|1
|-unboost|p1a: Sneasler|spd|1
|
|upkeep
|turn|6
|
|t:|1784567628
|move|p1b: Sinistcha|Protect|p1b: Sinistcha
|-singleturn|p1b: Sinistcha|Protect
|move|p2b: Kingambit|Kowtow Cleave|p1b: Sinistcha
|-activate|p1b: Sinistcha|move: Protect
|move|p2a: Garchomp|Stomping Tantrum|p1a: Sneasler
|-supereffective|p1a: Sneasler|1
|-damage|p1a: Sneasler|0 fnt
|faint|p1a: Sneasler
|-damage|p2a: Garchomp|60/100|[from] item: Life Orb
|
|upkeep
|
|t:|1784567635
|switch|p1a: Floette|Floette-Mega, L50, F|70/100
|-ability|p1a: Floette|Fairy Aura
|turn|7
|
|t:|1784567643
|move|p1b: Sinistcha|Rage Powder|p1b: Sinistcha
|-singleturn|p1b: Sinistcha|move: Rage Powder
|move|p2b: Kingambit|Iron Head|p1b: Sinistcha
|-damage|p1b: Sinistcha|3/100
|move|p1a: Floette|Dazzling Gleam|p2a: Garchomp|[spread] p2a,p2b
|-supereffective|p2a: Garchomp|1
|-damage|p2a: Garchomp|0 fnt
|-damage|p2b: Kingambit|0 fnt
|faint|p2a: Garchomp
|faint|p2b: Kingambit
|
|win|notdoodenberg
