|j|☆Carrielis
|j|☆mudkipc4
|html|Carrielismudkipc4    
|uhtml|bestof|Game 3 of a best-of-3
|t:|1783393219
|gametype|doubles
|player|p1|Carrielis|erika-masters3|1124
|player|p2|mudkipc4|pokemaniac|1123
|gen|9
|tier|[Gen 9 Champions] VGC 2026 Reg M-B (Bo3)
|rated|
|rule|Species Clause: Limit one of each Pokémon
|rule|Item Clause: Limit 1 of each item
|clearpoke
|poke|p1|Delphox, L50, M|
|poke|p1|Toxapex, L50, M, shiny|
|poke|p1|Sinistcha-Masterpiece, L50|
|poke|p1|Sneasler, L50, F|
|poke|p1|Kingambit, L50, M, shiny|
|poke|p1|Ninetales-Alola, L50, F, shiny|
|poke|p2|Mawile, L50, M|
|poke|p2|Gengar, L50, F|
|poke|p2|Farigiraf, L50, M|
|poke|p2|Garchomp, L50, F|
|poke|p2|Torkoal, L50, M|
|poke|p2|Aerodactyl, L50, F|
|teampreview|4
|showteam|p1|Delphox||Delphoxite|Blaze|HeatWave,Psyshock,NastyPlot,Protect|Modest||M|||50|]Toxapex||Leftovers|Regenerator|WideGuard,Toxic,Infestation,BanefulBunker|Calm||M|||50|]Sinistcha-Masterpiece||KasibBerry|Hospitality|MatchaGotcha,RagePowder,TrickRoom,Protect|Bold|||||50|]Sneasler||WhiteHerb|Unburden|FakeOut,DireClaw,CloseCombat,Protect|Adamant||F|||50|]Kingambit||BlackGlasses|Defiant|KowtowCleave,SuckerPunch,SwordsDance,Protect|Adamant||M|||50|]Ninetales-Alola||FocusSash|SnowWarning|Blizzard,FreezeDry,AuroraVeil,Protect|Timid||F|||50|
|showteam|p2|Mawile||Mawilite|HyperCutter|PlayRough,RockSlide,SuckerPunch,Protect|Brave||M|||50|]Gengar||Gengarite|CursedBody|ShadowBall,SludgeBomb,WillOWisp,Protect|Timid||F|||50|]Farigiraf||SitrusBerry|ArmorTail|Psychic,TrickRoom,Protect,Imprison|Bold||M|||50|]Garchomp||LifeOrb|RoughSkin|Earthquake,StompingTantrum,DragonClaw,Protect|Jolly||F|||50|]Torkoal||Charcoal|Drought|Eruption,Yawn,WeatherBall,Protect|Quiet||M|||50|]Aerodactyl||FocusSash|Unnerve|Tailwind,Taunt,RockSlide,WideGuard|Jolly||F|||50|
|
|t:|1783393252
|teamsize|p1|4
|teamsize|p2|4
|start
|switch|p1a: Kingambit|Kingambit, L50, M, shiny|100/100
|switch|p1b: Ninetales|Ninetales-Alola, L50, F, shiny|100/100
|switch|p2a: Aerodactyl|Aerodactyl, L50, F|100/100
|switch|p2b: Farigiraf|Farigiraf, L50, M|100/100
|-ability|p2a: Aerodactyl|Unnerve
|-weather|Snowscape|[from] ability: Snow Warning|[of] p1b: Ninetales
|turn|1
|
|t:|1783393262
|switch|p2b: Torkoal|Torkoal, L50, M|100/100
|-weather|SunnyDay|[from] ability: Drought|[of] p2b: Torkoal
|move|p2a: Aerodactyl|Rock Slide|p1b: Ninetales|[spread] p1b
|-miss|p2a: Aerodactyl|p1a: Kingambit
|-supereffective|p1b: Ninetales|1
|-damage|p1b: Ninetales|28/100
|move|p1b: Ninetales|Blizzard|p2b: Torkoal|[spread] 
|-miss|p1b: Ninetales|p2a: Aerodactyl
|-miss|p1b: Ninetales|p2b: Torkoal
|move|p1a: Kingambit|Kowtow Cleave|p2b: Torkoal
|-damage|p2b: Torkoal|57/100
|
|-weather|SunnyDay|[upkeep]
|upkeep
|turn|2
|
|t:|1783393284
|move|p2a: Aerodactyl|Tailwind|p2a: Aerodactyl
|-sidestart|p2: mudkipc4|move: Tailwind
|move|p1b: Ninetales|Freeze-Dry|p2b: Torkoal
|-resisted|p2b: Torkoal|1
|-damage|p2b: Torkoal|37/100
|move|p2b: Torkoal|Weather Ball|p1a: Kingambit
|-supereffective|p1a: Kingambit|1
|-damage|p1a: Kingambit|0 fnt
|faint|p1a: Kingambit
|
|-weather|SunnyDay|[upkeep]
|upkeep
|
|t:|1783393295
|switch|p1a: Toxapex|Toxapex, L50, M, shiny|100/100
|turn|3
|
|t:|1783393303
|switch|p1b: Delphox|Delphox, L50, M|100/100
|move|p1a: Toxapex|Baneful Bunker|p1a: Toxapex
|-singleturn|p1a: Toxapex|move: Protect
|move|p2a: Aerodactyl|Taunt|p1a: Toxapex
|-activate|p1a: Toxapex|move: Protect
|move|p2b: Torkoal|Yawn|p1b: Delphox
|-start|p1b: Delphox|move: Yawn|[of] p2b: Torkoal
|
|-weather|SunnyDay|[upkeep]
|upkeep
|turn|4
|
|t:|1783393317
|switch|p1b: Ninetales|Ninetales-Alola, L50, F, shiny|28/100
|-weather|Snowscape|[from] ability: Snow Warning|[of] p1b: Ninetales
|switch|p2b: Farigiraf|Farigiraf, L50, M|100/100
|move|p2a: Aerodactyl|Rock Slide|p1a: Toxapex|[spread] p1a
|-miss|p2a: Aerodactyl|p1b: Ninetales
|-damage|p1a: Toxapex|82/100
|move|p1a: Toxapex|Toxic|p2b: Farigiraf
|-status|p2b: Farigiraf|tox
|
|-weather|Snowscape|[upkeep]
|-heal|p1a: Toxapex|88/100|[from] item: Leftovers
|-damage|p2b: Farigiraf|93/100 tox|[from] psn
|upkeep
|turn|5
|
|t:|1783393348
|move|p1b: Ninetales|Protect|p1b: Ninetales
|-singleturn|p1b: Ninetales|Protect
|move|p2a: Aerodactyl|Rock Slide|p1b: Ninetales|[spread] p1a
|-activate|p1b: Ninetales|move: Protect
|-damage|p1a: Toxapex|71/100
|move|p2b: Farigiraf|Psychic|p1a: Toxapex
|-supereffective|p1a: Toxapex|1
|-damage|p1a: Toxapex|21/100
|-unboost|p1a: Toxapex|spd|1
|cant|p1a: Toxapex|flinch
|
|-weather|Snowscape|[upkeep]
|-heal|p1a: Toxapex|27/100|[from] item: Leftovers
|-damage|p2b: Farigiraf|81/100 tox|[from] psn
|-sideend|p2: mudkipc4|move: Tailwind
|upkeep
|turn|6
|
|t:|1783393367
|move|p1a: Toxapex|Wide Guard|p1a: Toxapex
|-singleturn|p1a: Toxapex|Wide Guard
|move|p2a: Aerodactyl|Rock Slide|p1a: Toxapex|[spread] 
|-activate|p1a: Toxapex|move: Wide Guard
|-activate|p1b: Ninetales|move: Wide Guard
|move|p1b: Ninetales|Aurora Veil|p1b: Ninetales
|-sidestart|p1: Carrielis|move: Aurora Veil
|move|p2b: Farigiraf|Psychic|p1b: Ninetales
|-damage|p1b: Ninetales|0 fnt
|faint|p1b: Ninetales
|
|-weather|Snowscape|[upkeep]
|-heal|p1a: Toxapex|33/100|[from] item: Leftovers
|-damage|p2b: Farigiraf|63/100 tox|[from] psn
|upkeep
|
|t:|1783393369
|switch|p1b: Delphox|Delphox, L50, M|100/100
|turn|7
|
|t:|1783393378
|detailschange|p1b: Delphox|Delphox-Mega, L50, M
|-mega|p1b: Delphox|Delphox|Delphoxite
|move|p2a: Aerodactyl|Taunt|p1a: Toxapex
|-start|p1a: Toxapex|move: Taunt
|move|p1b: Delphox|Nasty Plot|p1b: Delphox
|-boost|p1b: Delphox|spa|2
|move|p1a: Toxapex|Infestation|p2a: Aerodactyl
|-resisted|p2a: Aerodactyl|1
|-damage|p2a: Aerodactyl|98/100
|-activate|p2a: Aerodactyl|move: Infestation|[of] p1a: Toxapex
|move|p2b: Farigiraf|Trick Room|p2b: Farigiraf
|-fieldstart|move: Trick Room|[of] p2b: Farigiraf
|
|-weather|Snowscape|[upkeep]
|-heal|p1a: Toxapex|38/100|[from] item: Leftovers
|-damage|p2b: Farigiraf|39/100 tox|[from] psn
|-damage|p2a: Aerodactyl|85/100|[from] move: Infestation|[partiallytrapped]
|upkeep
|-enditem|p2b: Farigiraf|Sitrus Berry|[eat]
|-heal|p2b: Farigiraf|64/100 tox|[from] item: Sitrus Berry
|turn|8
|c|☆Carrielis|You got no idea how much i hate aero bro
|
|t:|1783393398
|move|p1a: Toxapex|Infestation|p2b: Farigiraf
|-supereffective|p2b: Farigiraf|1
|-damage|p2b: Farigiraf|58/100 tox
|-activate|p2b: Farigiraf|move: Infestation|[of] p1a: Toxapex
|move|p2b: Farigiraf|Psychic|p1a: Toxapex
|-supereffective|p1a: Toxapex|1
|-damage|p1a: Toxapex|0 fnt
|faint|p1a: Toxapex
|move|p1b: Delphox|Heat Wave|p2a: Aerodactyl|[spread] p2a,p2b
|-resisted|p2a: Aerodactyl|1
|-damage|p2a: Aerodactyl|28/100
|-damage|p2b: Farigiraf|0 fnt
|-status|p2a: Aerodactyl|brn
|faint|p2b: Farigiraf
|move|p2a: Aerodactyl|Rock Slide|p1b: Delphox
|-supereffective|p1b: Delphox|1
|-damage|p1b: Delphox|72/100
|
|-weather|none
|-damage|p2a: Aerodactyl|22/100 brn|[from] brn
|-end|p2a: Aerodactyl|Infestation|[partiallytrapped]|[silent]
|upkeep
|
|t:|1783393413
|switch|p2b: Mawile|Mawile, L50, M|100/100
|turn|9
|
|t:|1783393418
|detailschange|p2b: Mawile|Mawile-Mega, L50, M
|-mega|p2b: Mawile|Mawile|Mawilite
|move|p2b: Mawile|Sucker Punch|p1b: Delphox
|-supereffective|p1b: Delphox|1
|-damage|p1b: Delphox|0 fnt
|faint|p1b: Delphox
|
|win|mudkipc4
|raw|Carrielis's rating: 1124 → 1099(-25 for losing)
|raw|mudkipc4's rating: 1123 → 1148(+25 for winning)
|l|☆Carrielis
|player|p1|
|c|☆mudkipc4|gg
