|j|☆so atey
|j|☆merr123
|html|so ateymerr123    
|uhtml|bestof|Game 1 of a best-of-3
|t:|1756885556
|gametype|doubles
|player|p1|so atey|cynthia|1101
|player|p2|merr123|sisandbro|1207
|gen|9
|tier|[Gen 9] VGC 2025 Reg H (Bo3)
|rated|
|rule|Species Clause: Limit one of each Pokémon
|rule|Item Clause: Limit 1 of each item
|clearpoke
|poke|p1|Sinistcha-Masterpiece, L50|
|poke|p1|Ursaluna, L50, M|
|poke|p1|Kingambit, L50, F|
|poke|p1|Dragapult, L50, F|
|poke|p1|Whimsicott, L50, M|
|poke|p1|Armarouge, L50, F|
|poke|p2|Sneasler, L50, F|
|poke|p2|Gholdengo, L50|
|poke|p2|Amoonguss, L50, M|
|poke|p2|Incineroar, L50, M|
|poke|p2|Ursaluna-Bloodmoon, L50, M|
|poke|p2|Farigiraf, L50, M|
|teampreview|4
|showteam|p1|Sinistcha-Masterpiece||FocusSash|Hospitality|TrickRoom,RagePowder,LifeDew,MatchaGotcha||||||50|,,,,,Fire]Ursaluna||FlameOrb|Guts|Facade,HeadlongRush,Protect,Earthquake|||M|||50|,,,,,Ghost]Kingambit||SafetyGoggles|Defiant|SuckerPunch,SwordsDance,IronHead,Protect|||F|||50|,,,,,Dark]Dragapult||ChoiceBand|ClearBody|DragonDarts,Outrage,PhantomForce,Uturn|||F|||50|,,,,,Dragon]Whimsicott||CovertCloak|Prankster|Tailwind,HelpingHand,Moonblast,Encore|||M|||50|,,,,,Dark]Armarouge||LifeOrb|FlashFire|ArmorCannon,EnergyBall,Protect,ExpandingForce|||F|||50|,,,,,Grass
|showteam|p2|Sneasler||ClearAmulet|PoisonTouch|FakeOut,CloseCombat,DireClaw,Protect|||F|||50|,,,,,Water]Gholdengo||MetalCoat|GoodasGold|NastyPlot,MakeItRain,ShadowBall,Protect||||||50|,,,,,Water]Amoonguss||MentalHerb|Regenerator|Spore,RagePowder,PollenPuff,Protect|||M|||50|,,,,,Water]Incineroar||SafetyGoggles|Intimidate|FakeOut,FlareBlitz,KnockOff,PartingShot|||M|||50|,,,,,Ghost]Ursaluna-Bloodmoon||LifeOrb|MindsEye|CalmMind,EarthPower,BloodMoon,Protect|||M|||50|,,,,,Poison]Farigiraf||ThroatSpray|ArmorTail|HyperVoice,Psychic,TrickRoom,Protect|||M|||50|,,,,,Dragon
|inactive|Battle timer is ON: inactive players will automatically lose when time's up. (requested by merr123)
|inactive|so atey has 60 seconds left.
|inactive|merr123 has 60 seconds left.
|inactive|so atey has 30 seconds left.
|inactive|merr123 has 30 seconds left.
|inactive|so atey has 20 seconds left.
|inactive|merr123 has 20 seconds left.
|inactive|so atey has 15 seconds left.
|inactive|merr123 has 15 seconds left.
|inactive|merr123 has 10 seconds left.
|
|t:|1756885641
|teamsize|p1|4
|teamsize|p2|4
|start
|switch|p1a: Dragapult|Dragapult, L50, F, shiny|100/100
|switch|p1b: Kingambit|Kingambit, L50, F, shiny|100/100
|switch|p2a: Sneasler|Sneasler, L50, F|100/100
|switch|p2b: Incineroar|Incineroar, L50, M|100/100
|-ability|p2b: Incineroar|Intimidate|boost
|-fail|p1a: Dragapult|unboost|[from] ability: Clear Body|[of] p1a: Dragapult
|-unboost|p1b: Kingambit|atk|1
|-ability|p1b: Kingambit|Defiant|boost
|-boost|p1b: Kingambit|atk|2
|turn|1
|inactive|merr123 has 30 seconds left.
|inactive|so atey has 30 seconds left.
|inactive|merr123 has 20 seconds left.
|
|t:|1756885679
|move|p2a: Sneasler|Protect|p2a: Sneasler
|-singleturn|p2a: Sneasler|Protect
|move|p1b: Kingambit|Protect|p1b: Kingambit
|-singleturn|p1b: Kingambit|Protect
|move|p2b: Incineroar|Fake Out|p1b: Kingambit
|-activate|p1b: Kingambit|move: Protect
|move|p1a: Dragapult|Dragon Darts|p2b: Incineroar
|-damage|p2b: Incineroar|66/100
|-anim|p1a: Dragapult|Dragon Darts|p2b: Incineroar
|-crit|p2b: Incineroar
|-damage|p2b: Incineroar|13/100
|
|upkeep
|turn|2
|inactive|so atey has 30 seconds left.
|inactive|merr123 has 30 seconds left.
|inactive|so atey has 20 seconds left.
|inactive|merr123 has 20 seconds left.
|inactive|so atey has 15 seconds left.
|inactive|so atey has 10 seconds left.
|
|t:|1756885725
|switch|p2b: Farigiraf|Farigiraf, L50, M|100/100
|-terastallize|p1a: Dragapult|Dragon
|move|p1b: Kingambit|Sucker Punch||[still]
|cant|p2b: Farigiraf|ability: Armor Tail|Sucker Punch|[of] p1b: Kingambit
|move|p1a: Dragapult|Dragon Darts|p2a: Sneasler
|-damage|p2a: Sneasler|27/100
|-anim|p1a: Dragapult|Dragon Darts|p2b: Farigiraf
|-damage|p2b: Farigiraf|57/100
|move|p2a: Sneasler|Close Combat|p1b: Kingambit
|-supereffective|p1b: Kingambit
|-damage|p1b: Kingambit|0 fnt
|-unboost|p2a: Sneasler|def|1
|-unboost|p2a: Sneasler|spd|1
|faint|p1b: Kingambit
|
|upkeep
|
|t:|1756885743
|switch|p1b: Armarouge|Armarouge, L50, F|100/100
|turn|3
|inactive|merr123 has 30 seconds left.
|inactive|merr123 has 20 seconds left.
|inactive|merr123 has 15 seconds left.
|inactive|merr123 has 10 seconds left.
|
|t:|1756885788
|move|p2b: Farigiraf|Protect|p2b: Farigiraf
|-singleturn|p2b: Farigiraf|Protect
|move|p1a: Dragapult|Dragon Darts|p2a: Sneasler
|-crit|p2a: Sneasler
|-damage|p2a: Sneasler|0 fnt
|faint|p2a: Sneasler
|move|p1b: Armarouge|Armor Cannon|p2b: Farigiraf
|-activate|p2b: Farigiraf|move: Protect
|
|upkeep
|
|t:|1756885812
|switch|p2a: Incineroar|Incineroar, L50, M|13/100
|-ability|p2a: Incineroar|Intimidate|boost
|-fail|p1a: Dragapult|unboost|[from] ability: Clear Body|[of] p1a: Dragapult
|-unboost|p1b: Armarouge|atk|1
|turn|4
|
|t:|1756885824
|switch|p1b: Sinistcha|Sinistcha-Masterpiece, L50, shiny|100/100
|-terastallize|p2b: Farigiraf|Dragon
|move|p2a: Incineroar|Fake Out|p1a: Dragapult
|-damage|p1a: Dragapult|82/100
|cant|p1a: Dragapult|flinch
|move|p2b: Farigiraf|Trick Room|p2b: Farigiraf
|-fieldstart|move: Trick Room|[of] p2b: Farigiraf
|
|upkeep
|turn|5
|inactive|so atey has 30 seconds left.
|inactive|so atey has 20 seconds left.
|inactive|so atey has 15 seconds left.
|
|t:|1756885865
|move|p2b: Farigiraf|Psychic|p1b: Sinistcha
|-damage|p1b: Sinistcha|65/100
|-unboost|p1b: Sinistcha|spd|1
|move|p2a: Incineroar|Knock Off|p1b: Sinistcha
|-supereffective|p1b: Sinistcha
|-damage|p1b: Sinistcha|0 fnt
|-enditem|p1b: Sinistcha|Focus Sash|[from] move: Knock Off|[of] p2a: Incineroar
|faint|p1b: Sinistcha
|move|p1a: Dragapult|Dragon Darts|p2b: Farigiraf
|-supereffective|p2b: Farigiraf
|-crit|p2b: Farigiraf
|-damage|p2b: Farigiraf|0 fnt
|-anim|p1a: Dragapult|Dragon Darts|p2a: Incineroar
|-damage|p2a: Incineroar|0 fnt
|faint|p2b: Farigiraf
|faint|p2a: Incineroar
|
|upkeep
|
|t:|1756885878
|switch|p2b: Ursaluna|Ursaluna-Bloodmoon, L50, M|100/100
|switch|p1b: Armarouge|Armarouge, L50, F|100/100
|turn|6
|inactive|so atey has 30 seconds left.
|
|t:|1756885903
|move|p2b: Ursaluna|Blood Moon|p1a: Dragapult
|-damage|p1a: Dragapult|0 fnt
|faint|p1a: Dragapult
|-damage|p2b: Ursaluna|91/100|[from] item: Life Orb
|move|p1b: Armarouge|Energy Ball|p2b: Ursaluna
|-supereffective|p2b: Ursaluna
|-damage|p2b: Ursaluna|0 fnt
|faint|p2b: Ursaluna
|-damage|p1b: Armarouge|91/100|[from] item: Life Orb
|
|win|so atey
