|j|☆hatsune p2
|j|☆erporros
|html|hatsune p2erporros    
|uhtml|bestof|Game 2 of a best-of-3
|t:|1757666790
|gametype|doubles
|player|p1|hatsune p2|miku-fairy|1214
|player|p2|erporros|blackbelt-gen4dp|1216
|gen|9
|tier|[Gen 9] VGC 2025 Reg H (Bo3)
|rated|
|rule|Species Clause: Limit one of each Pokémon
|rule|Item Clause: Limit 1 of each item
|clearpoke
|poke|p1|Hydreigon, L50, F|
|poke|p1|Annihilape, L50, M|
|poke|p1|Maushold-Four, L50|
|poke|p1|Ursaluna-Bloodmoon, L50, M|
|poke|p1|Rillaboom, L50, M|
|poke|p1|Talonflame, L50, F|
|poke|p2|Murkrow, L50, M|
|poke|p2|Dragapult, L50, M|
|poke|p2|Maushold-Four, L50|
|poke|p2|Clefable, L50, M|
|poke|p2|Incineroar, L50, M|
|poke|p2|Infernape, L50, M|
|teampreview|4
|showteam|p1|Hydreigon||SafetyGoggles|Levitate|DracoMeteor,DarkPulse,EarthPower,Protect|||F|||50|,,,,,Ghost]Annihilape||SitrusBerry|Defiant|DrainPunch,RageFist,BulkUp,Protect|||M|||50|,,,,,Fire]Maushold-Four||FocusSash|FriendGuard|BeatUp,Taunt,FollowMe,Protect||||||50|,,,,,Ghost]Ursaluna-Bloodmoon||AssaultVest|MindsEye|EarthPower,BloodMoon,HyperVoice,VacuumWave|||M|||50|,,,,,Water]Rillaboom||MiracleSeed|GrassySurge|FakeOut,GrassyGlide,WoodHammer,HighHorsepower|||M|||50|,,,,,Fire]Talonflame||CovertCloak|GaleWings|FlareBlitz,BraveBird,Tailwind,WillOWisp|||F|||50|,,,,,Dark
|showteam|p2|Murkrow||Eviolite|Prankster|Tailwind,Haze,SunnyDay,FoulPlay|||M|||50|,,,,,Ghost]Dragapult||ChoiceBand|ClearBody|Outrage,DragonDarts,PhantomForce,Uturn|||M|||50|,,,,,Dragon]Maushold-Four||WideLens|Technician|PopulationBomb,Protect,FollowMe,Taunt||||||50|,,,,,Ghost]Clefable||SitrusBerry|Unaware|FollowMe,Protect,Moonblast,MistyTerrain|||M|||50|,,,,,Water]Incineroar||SafetyGoggles|Intimidate|FlareBlitz,KnockOff,FakeOut,PartingShot|||M|||50|,,,,,Ghost]Infernape||FocusSash|IronFist|FakeOut,CloseCombat,FirePunch,Protect|||M|||50|,,,,,Ghost
|c|☆hatsune p2|GLHF
|
|t:|1757666809
|teamsize|p1|4
|teamsize|p2|4
|start
|switch|p1a: Annihilape|Annihilape, L50, M|100/100
|switch|p1b: Maushold|Maushold-Four, L50|100/100
|switch|p2a: Infernape|Infernape, L50, M|100/100
|switch|p2b: Dragapult|Dragapult, L50, M|100/100
|turn|1
|
|t:|1757666846
|-terastallize|p2b: Dragapult|Dragon
|move|p1b: Maushold|Protect|p1b: Maushold
|-singleturn|p1b: Maushold|Protect
|move|p1a: Annihilape|Protect|p1a: Annihilape
|-singleturn|p1a: Annihilape|Protect
|move|p2b: Dragapult|Dragon Darts|p1a: Annihilape
|-activate|p1b: Maushold|move: Protect
|move|p2a: Infernape|Fire Punch|p1a: Annihilape
|-activate|p1a: Annihilape|move: Protect
|
|upkeep
|turn|2
|
|t:|1757666865
|-terastallize|p1a: Annihilape|Fire
|move|p2b: Dragapult|Dragon Darts|p1a: Annihilape
|-damage|p1a: Annihilape|58/100
|-anim|p2b: Dragapult|Dragon Darts|p1b: Maushold
|-damage|p1b: Maushold|40/100
|move|p2a: Infernape|Close Combat|p1a: Annihilape
|-damage|p1a: Annihilape|12/100
|-unboost|p2a: Infernape|def|1
|-unboost|p2a: Infernape|spd|1
|-enditem|p1a: Annihilape|Sitrus Berry|[eat]
|-heal|p1a: Annihilape|36/100|[from] item: Sitrus Berry
|move|p1b: Maushold|Beat Up|p2a: Infernape
|-resisted|p2a: Infernape
|-damage|p2a: Infernape|97/100
|-resisted|p2a: Infernape
|-damage|p2a: Infernape|95/100
|-resisted|p2a: Infernape
|-damage|p2a: Infernape|91/100
|-resisted|p2a: Infernape
|-crit|p2a: Infernape
|-damage|p2a: Infernape|86/100
|-hitcount|p2a: Infernape|4
|move|p1a: Annihilape|Rage Fist|p2b: Dragapult
|-damage|p2b: Dragapult|9/100
|
|upkeep
|turn|3
|
|t:|1757666891
|switch|p2a: Clefable|Clefable, L50, M|100/100
|move|p1a: Annihilape|Protect|p1a: Annihilape
|-singleturn|p1a: Annihilape|Protect
|move|p2b: Dragapult|Dragon Darts|p1b: Maushold
|-damage|p1b: Maushold|0 fnt
|faint|p1b: Maushold
|
|upkeep
|
|t:|1757666897
|switch|p1b: Rillaboom|Rillaboom, L50, M|100/100
|-fieldstart|move: Grassy Terrain|[from] ability: Grassy Surge|[of] p1b: Rillaboom
|turn|4
|
|t:|1757666918
|switch|p2b: Infernape|Infernape, L50, M|86/100
|move|p2a: Clefable|Protect|p2a: Clefable
|-singleturn|p2a: Clefable|Protect
|move|p1b: Rillaboom|Fake Out|p2b: Infernape
|-damage|p2b: Infernape|65/100
|move|p1a: Annihilape|Rage Fist|p2a: Clefable
|-activate|p2a: Clefable|move: Protect
|
|-heal|p2b: Infernape|71/100|[from] Grassy Terrain
|-heal|p1a: Annihilape|42/100|[from] Grassy Terrain
|upkeep
|turn|5
|
|t:|1757666937
|switch|p1b: Talonflame|Talonflame, L50, F|100/100
|move|p1a: Annihilape|Protect|p1a: Annihilape
|-singleturn|p1a: Annihilape|Protect
|move|p2a: Clefable|Follow Me|p2a: Clefable
|-singleturn|p2a: Clefable|move: Follow Me
|move|p2b: Infernape|Fire Punch|p1b: Talonflame
|-resisted|p1b: Talonflame
|-damage|p1b: Talonflame|66/100
|
|-heal|p2b: Infernape|77/100|[from] Grassy Terrain
|-heal|p1a: Annihilape|48/100|[from] Grassy Terrain
|upkeep
|turn|6
|
|t:|1757666968
|move|p2a: Clefable|Follow Me|p2a: Clefable
|-singleturn|p2a: Clefable|move: Follow Me
|move|p1b: Talonflame|Tailwind|p1b: Talonflame
|-sidestart|p1: hatsune p2|move: Tailwind
|move|p1a: Annihilape|Drain Punch|p2a: Clefable
|-resisted|p2a: Clefable
|-damage|p2a: Clefable|84/100
|-heal|p1a: Annihilape|57/100|[from] drain|[of] p2a: Clefable
|move|p2b: Infernape|Close Combat|p1a: Annihilape
|-damage|p1a: Annihilape|0 fnt
|-unboost|p2b: Infernape|def|1
|-unboost|p2b: Infernape|spd|1
|faint|p1a: Annihilape
|
|-heal|p2b: Infernape|83/100|[from] Grassy Terrain
|-heal|p2a: Clefable|90/100|[from] Grassy Terrain
|upkeep
|
|t:|1757666977
|switch|p1a: Rillaboom|Rillaboom, L50, M|100/100
|turn|7
|-message|hatsune p2 forfeited.
|
|win|erporros
|l|☆hatsune p2
|player|p1|
||hatsune p2 is ready for game 3.
||erporros is ready for game 3.
|uhtml|next|Next: Game 3 of 3
