|j|☆jussdoit
|j|☆Zacharykeith
|html|jussdoitZacharykeith    
|uhtml|bestof|Game 1 of a best-of-3
|t:|1757762793
|gametype|doubles
|player|p1|jussdoit|steven|1072
|player|p2|Zacharykeith|fisherman-gen4|1107
|gen|9
|tier|[Gen 9] VGC 2025 Reg H (Bo3)
|rated|
|rule|Species Clause: Limit one of each Pokémon
|rule|Item Clause: Limit 1 of each item
|clearpoke
|poke|p1|Serperior, L50, F|
|poke|p1|Ursaluna, L50, F|
|poke|p1|Empoleon, L50, M|
|poke|p1|Vikavolt, L50, M|
|poke|p1|Incineroar, L50, F|
|poke|p1|Indeedee-F, L50, F|
|poke|p2|Baxcalibur, L50, F|
|poke|p2|Kingambit, L50, M|
|poke|p2|Dondozo, L50, M|
|poke|p2|Rillaboom, L50, M|
|poke|p2|Magmar, L50, F|
|poke|p2|Sneasler, L50, F|
|teampreview|4
|showteam|p1|Serperior||FocusSash|Contrary|LeafStorm,TeraBlast,Protect,GrassPledge|||F|||50|,,,,,Stellar]Ursaluna||FlameOrb|Guts|Earthquake,Facade,Protect,HeadlongRush|||F|||50|,,,,,Ghost]Empoleon||Leftovers|Competitive|Yawn,IcyWind,FlashCannon,WaterPledge|||M|||50|,,,,,Grass]Vikavolt||AssaultVest|Levitate|BugBuzz,Discharge,AirSlash,EnergyBall|||M|||50|,,,,,Stellar]Incineroar||RockyHelmet|Intimidate|FlareBlitz,PartingShot,FakeOut,Bulldoze|||F|||50|,,,,,Bug]Indeedee-F||SitrusBerry|PsychicSurge|FollowMe,TrickRoom,Psychic,HealPulse|||F|||50|,,,,,Dark
|showteam|p2|Baxcalibur||LoadedDice|ThermalExchange|IcicleSpear,IceShard,ScaleShot,Protect|||F|||50|,,,,,Ghost]Kingambit||BlackGlasses|Defiant|SuckerPunch,KowtowCleave,SwordsDance,Protect|||M|||50|,,,,,Dark]Dondozo||Leftovers|Unaware|WaveCrash,Fissure,Yawn,Protect|||M|||50|,,,,,Grass]Rillaboom||AssaultVest|GrassySurge|FakeOut,GrassyGlide,WoodHammer,Uturn|||M|||50|,,,,,Fire]Magmar||Eviolite|VitalSpirit|Overheat,WillOWisp,FollowMe,Protect|||F|||50|,,,,,Fairy]Sneasler||FocusSash|PoisonTouch|DireClaw,CloseCombat,Coaching,Protect|||F|||50|,,,,,Stellar
|inactive|Battle timer is ON: inactive players will automatically lose when time's up. (requested by jussdoit)
|
|t:|1757762811
|teamsize|p1|4
|teamsize|p2|4
|start
|switch|p1a: Indeedee|Indeedee-F, L50, F|100/100
|switch|p1b: Incineroar|Incineroar, L50, F|100/100
|switch|p2a: Donbozo|Dondozo, L50, M, shiny|100/100
|switch|p2b: Forest Dude|Rillaboom, L50, M, shiny|100/100
|-fieldstart|move: Grassy Terrain|[from] ability: Grassy Surge|[of] p2b: Forest Dude
|-ability|p1b: Incineroar|Intimidate|boost
|-unboost|p2a: Donbozo|atk|1
|-unboost|p2b: Forest Dude|atk|1
|-fieldstart|move: Psychic Terrain|[from] ability: Psychic Surge|[of] p1a: Indeedee
|turn|1
|inactive|jussdoit has 30 seconds left.
|inactive|Zacharykeith has 30 seconds left.
|
|t:|1757762840
|move|p2b: Forest Dude|U-turn|p1a: Indeedee
|-supereffective|p1a: Indeedee
|-damage|p1a: Indeedee|66/100
|
|t:|1757762847
|switch|p2b: Metal T-Rex|Baxcalibur, L50, F|100/100|[from] U-turn
|move|p1b: Incineroar|Parting Shot|p2b: Metal T-Rex
|-unboost|p2b: Metal T-Rex|atk|1
|-unboost|p2b: Metal T-Rex|spa|1
|
|t:|1757762852
|switch|p1b: Ursaluna|Ursaluna, L50, F|100/100|[from] Parting Shot
|move|p2a: Donbozo|Wave Crash|p1b: Ursaluna
|-supereffective|p1b: Ursaluna
|-damage|p1b: Ursaluna|50/100
|-damage|p2a: Donbozo|86/100|[from] Recoil
|move|p1a: Indeedee|Trick Room|p1a: Indeedee
|-fieldstart|move: Trick Room|[of] p1a: Indeedee
|
|-heal|p2a: Donbozo|93/100|[from] item: Leftovers
|-status|p1b: Ursaluna|brn|[from] item: Flame Orb
|upkeep
|turn|2
|
|t:|1757762875
|switch|p2b: Forest Dude|Rillaboom, L50, M, shiny|100/100
|-fieldstart|move: Grassy Terrain|[from] ability: Grassy Surge|[of] p2b: Forest Dude
|-terastallize|p1b: Ursaluna|Ghost
|move|p2a: Donbozo|Yawn|p1a: Indeedee
|-start|p1a: Indeedee|move: Yawn|[of] p2a: Donbozo
|move|p1b: Ursaluna|Facade|p2a: Donbozo
|-damage|p2a: Donbozo|9/100
|move|p1a: Indeedee|Heal Pulse|p1b: Ursaluna
|-heal|p1b: Ursaluna|99/100 brn
|
|-heal|p2a: Donbozo|16/100|[from] Grassy Terrain
|-heal|p2a: Donbozo|22/100|[from] item: Leftovers
|-heal|p1b: Ursaluna|100/100 brn|[from] Grassy Terrain
|-heal|p1a: Indeedee|71/100|[from] Grassy Terrain
|-damage|p1b: Ursaluna|94/100 brn|[from] brn
|upkeep
|turn|3
|
|t:|1757762900
|switch|p1a: Vikavolt|Vikavolt, L50, M|100/100
|move|p2a: Donbozo|Protect|p2a: Donbozo
|-singleturn|p2a: Donbozo|Protect
|move|p1b: Ursaluna|Protect|p1b: Ursaluna
|-singleturn|p1b: Ursaluna|Protect
|move|p2b: Forest Dude|U-turn|p1a: Vikavolt
|-damage|p1a: Vikavolt|72/100
|
|t:|1757762910
|switch|p2b: Metal T-Rex|Baxcalibur, L50, F|100/100|[from] U-turn
|
|-heal|p2a: Donbozo|28/100|[from] Grassy Terrain
|-heal|p2a: Donbozo|34/100|[from] item: Leftovers
|-heal|p1b: Ursaluna|100/100 brn|[from] Grassy Terrain
|-damage|p1b: Ursaluna|94/100 brn|[from] brn
|upkeep
|turn|4
|
|t:|1757762920
|-terastallize|p2b: Metal T-Rex|Ghost
|move|p2a: Donbozo|Wave Crash|p1b: Ursaluna
|-crit|p1b: Ursaluna
|-damage|p1b: Ursaluna|39/100 brn
|-damage|p2a: Donbozo|19/100|[from] Recoil
|move|p1a: Vikavolt|Discharge|p2a: Donbozo|[spread] p1b,p2a,p2b
|-supereffective|p2a: Donbozo
|-crit|p2a: Donbozo
|-damage|p1b: Ursaluna|6/100 brn
|-damage|p2a: Donbozo|0 fnt
|-damage|p2b: Metal T-Rex|64/100
|-status|p2b: Metal T-Rex|par
|faint|p2a: Donbozo
|move|p2b: Metal T-Rex|Icicle Spear|p1a: Vikavolt
|-damage|p1a: Vikavolt|52/100
|-damage|p1a: Vikavolt|35/100
|-damage|p1a: Vikavolt|19/100
|-damage|p1a: Vikavolt|0 fnt
|faint|p1a: Vikavolt
|-hitcount|p1: Vikavolt|4
|move|p1b: Ursaluna|Earthquake|p2b: Metal T-Rex
|-damage|p2b: Metal T-Rex|23/100 par
|
|-heal|p2b: Metal T-Rex|29/100 par|[from] Grassy Terrain
|-heal|p1b: Ursaluna|12/100 brn|[from] Grassy Terrain
|-damage|p1b: Ursaluna|6/100 brn|[from] brn
|upkeep
|
|t:|1757762942
|switch|p2a: Forest Dude|Rillaboom, L50, M, shiny|100/100
|switch|p1a: Incineroar|Incineroar, L50, F|100/100
|-ability|p1a: Incineroar|Intimidate|boost
|-unboost|p2a: Forest Dude|atk|1
|-unboost|p2b: Metal T-Rex|atk|1
|turn|5
|
|t:|1757762954
|switch|p2a: Fire Chicken|Magmar, L50, F, shiny|100/100
|cant|p2b: Metal T-Rex|par
|move|p1a: Incineroar|Fake Out|p2a: Fire Chicken
|-damage|p2a: Fire Chicken|92/100
|move|p1b: Ursaluna|Facade|p2a: Fire Chicken
|-damage|p2a: Fire Chicken|9/100
|
|-heal|p2b: Metal T-Rex|35/100 par|[from] Grassy Terrain
|-heal|p1b: Ursaluna|12/100 brn|[from] Grassy Terrain
|-heal|p2a: Fire Chicken|15/100|[from] Grassy Terrain
|-damage|p1b: Ursaluna|6/100 brn|[from] brn
|-fieldend|move: Trick Room
|upkeep
|turn|6
|inactive|jussdoit has 30 seconds left.
|
|t:|1757762982
|move|p1b: Ursaluna|Protect|p1b: Ursaluna
|-singleturn|p1b: Ursaluna|Protect
|move|p2a: Fire Chicken|Overheat|p1b: Ursaluna
|-activate|p1b: Ursaluna|move: Protect
|move|p1a: Incineroar|Flare Blitz|p2a: Fire Chicken
|-resisted|p2a: Fire Chicken
|-damage|p2a: Fire Chicken|0 fnt
|faint|p2a: Fire Chicken
|-damage|p1a: Incineroar|96/100|[from] Recoil
|move|p2b: Metal T-Rex|Scale Shot|p1a: Incineroar
|-damage|p1a: Incineroar|86/100
|-damage|p1a: Incineroar|75/100
|-damage|p1a: Incineroar|65/100
|-damage|p1a: Incineroar|53/100
|-damage|p1a: Incineroar|42/100
|-hitcount|p1a: Incineroar|5
|-unboost|p2b: Metal T-Rex|def|1
|-boost|p2b: Metal T-Rex|spe|1
|
|-heal|p2b: Metal T-Rex|42/100 par|[from] Grassy Terrain
|-heal|p1a: Incineroar|48/100|[from] Grassy Terrain
|-heal|p1b: Ursaluna|12/100 brn|[from] Grassy Terrain
|-damage|p1b: Ursaluna|6/100 brn|[from] brn
|-fieldend|move: Grassy Terrain
|upkeep
|
|t:|1757762998
|switch|p2a: Forest Dude|Rillaboom, L50, M, shiny|100/100
|-fieldstart|move: Grassy Terrain|[from] ability: Grassy Surge|[of] p2a: Forest Dude
|turn|7
|
|t:|1757763015
|switch|p1a: Indeedee|Indeedee-F, L50, F|71/100
|-fieldstart|move: Psychic Terrain|[from] ability: Psychic Surge|[of] p1a: Indeedee
|move|p2a: Forest Dude|Wood Hammer|p1b: Ursaluna
|-damage|p1b: Ursaluna|0 fnt
|faint|p1b: Ursaluna
|-damage|p2a: Forest Dude|99/100|[from] Recoil
|cant|p2b: Metal T-Rex|par
|
|upkeep
|
|t:|1757763024
|switch|p1b: Incineroar|Incineroar, L50, F|48/100
|-ability|p1b: Incineroar|Intimidate|boost
|-unboost|p2a: Forest Dude|atk|1
|-unboost|p2b: Metal T-Rex|atk|1
|turn|8
|
|t:|1757763040
|move|p2b: Metal T-Rex|Protect|p2b: Metal T-Rex
|-singleturn|p2b: Metal T-Rex|Protect
|move|p2a: Forest Dude|Wood Hammer|p1a: Indeedee
|-damage|p1a: Indeedee|24/100
|-enditem|p1a: Indeedee|Sitrus Berry|[eat]
|-heal|p1a: Indeedee|49/100|[from] item: Sitrus Berry
|-damage|p2a: Forest Dude|86/100|[from] Recoil
|move|p1b: Incineroar|Flare Blitz|p2a: Forest Dude
|-supereffective|p2a: Forest Dude
|-damage|p2a: Forest Dude|0 fnt
|faint|p2a: Forest Dude
|-damage|p1b: Incineroar|15/100|[from] Recoil
|move|p1a: Indeedee|Psychic|p2b: Metal T-Rex
|-activate|p2b: Metal T-Rex|move: Protect
|
|upkeep
|turn|9
|
|t:|1757763063
|move|p2b: Metal T-Rex|Scale Shot|p1b: Incineroar
|-crit|p1b: Incineroar
|-damage|p1b: Incineroar|0 fnt
|faint|p1b: Incineroar
|-hitcount|p1: Incineroar|1
|-unboost|p2b: Metal T-Rex|def|1
|-boost|p2b: Metal T-Rex|spe|1
|move|p1a: Indeedee|Psychic|p2b: Metal T-Rex
|-damage|p2b: Metal T-Rex|5/100 par
|
|upkeep
|turn|10
|
|t:|1757763072
|move|p2b: Metal T-Rex|Icicle Spear|p1a: Indeedee
|-damage|p1a: Indeedee|38/100
|-damage|p1a: Indeedee|28/100
|-damage|p1a: Indeedee|19/100
|-damage|p1a: Indeedee|8/100
|-hitcount|p1a: Indeedee|4
|move|p1a: Indeedee|Psychic|p2b: Metal T-Rex
|-damage|p2b: Metal T-Rex|0 fnt
|faint|p2b: Metal T-Rex
|
|win|jussdoit
||jussdoit is ready for game 2.
|inactive|Zacharykeith has 30 seconds to confirm battle start!
|l|☆Zacharykeith
|player|p2|
||Zacharykeith is ready for game 2.
|uhtml|next|Next: Game 2 of 3
|l|☆jussdoit
|player|p1|
