|j|☆282839393m
|j|☆nickbattlesmons
|html|282839393mnickbattlesmons    
|uhtml|bestof|Game 1 of a best-of-3
|t:|1784400139
|gametype|doubles
|player|p1|282839393m|hilbert|1184
|player|p2|nickbattlesmons|266|1268
|gen|9
|tier|[Gen 9 Champions] VGC 2026 Reg M-B (Bo3)
|rated|
|rule|Species Clause: Limit one of each Pokémon
|rule|Item Clause: Limit 1 of each item
|clearpoke
|poke|p1|Zoroark-Hisui, L50, M|
|poke|p1|Sylveon, L50, M|
|poke|p1|Delphox, L50, F|
|poke|p1|Incineroar, L50, F|
|poke|p1|Grimmsnarl, L50, M|
|poke|p1|Staraptor, L50, M|
|poke|p2|Delphox, L50, F|
|poke|p2|Basculegion, L50, M|
|poke|p2|Floette-Eternal, L50, F|
|poke|p2|Grimmsnarl, L50, M|
|poke|p2|Incineroar, L50, M|
|poke|p2|Sinistcha, L50|
|teampreview|4
|showteam|p1|Zoroark-Hisui||FocusSash|Illusion|HyperVoice,NastyPlot,Taunt,ShadowBall|Timid||M|||50|]Sylveon||FairyFeather|Pixilate|HyperBeam,HyperVoice,Detect,QuickAttack|Modest||M|||50|]Delphox||Delphoxite|Blaze|Psyshock,HeatWave,NastyPlot,Protect|Timid||F|||50|]Incineroar||PasshoBerry|Intimidate|ThroatChop,FakeOut,PartingShot,Protect|Impish||F|||50|]Grimmsnarl||RoseliBerry|Prankster|PartingShot,FakeOut,LightScreen,Reflect|Careful||M|||50|]Staraptor||Staraptite|Intimidate|Protect,CloseCombat,Roost,BraveBird|Adamant||M|||50|
|showteam|p2|Delphox||Delphoxite|Blaze|Protect,Psyshock,HeatWave,NastyPlot|Timid||F|||50|]Basculegion||LifeOrb|Adaptability|WaveCrash,AquaJet,LastRespects,Protect|Adamant||M|||50|]Floette-Eternal||Floettite|FlowerVeil|Protect,DrainingKiss,Moonblast,CalmMind|Modest||F|||50|]Grimmsnarl||LightClay|Prankster|FakeOut,Reflect,LightScreen,SpiritBreak|Careful||M|||50|]Incineroar||SitrusBerry|Intimidate|FakeOut,Taunt,PartingShot,ThroatChop|Careful||M|||50|]Sinistcha||CobaBerry|Hospitality|Protect,MatchaGotcha,LifeDew,RagePowder|Bold|||||50|
|inactive|Battle timer is ON: inactive players will automatically lose when time's up. (requested by 282839393m)
|inactive|282839393m has 60 seconds left.
|inactive|nickbattlesmons has 60 seconds left.
|inactive|282839393m has 30 seconds left.
|
|t:|1784400212
|teamsize|p1|4
|teamsize|p2|4
|start
|switch|p1a: Sylveon|Sylveon, L50, M|100/100
|switch|p1b: Staraptor|Staraptor, L50, M|100/100
|switch|p2a: Incineroar|Incineroar, L50, M|100/100
|switch|p2b: Floette|Floette-Eternal, L50, F|100/100
|-ability|p2a: Incineroar|Intimidate|boost
|-unboost|p1a: Sylveon|atk|1
|-unboost|p1b: Staraptor|atk|1
|turn|1
|
|t:|1784400236
|move|p2a: Incineroar|Fake Out|p1b: Staraptor
|-immune|p1b: Staraptor
|move|p1b: Staraptor|Taunt|p2b: Floette
|-start|p2b: Floette|move: Taunt
|cant|p2b: Floette|move: Taunt|Calm Mind
|move|p1a: Sylveon|Hyper Voice|p2a: Incineroar|[spread] p2a,p2b
|-damage|p2a: Incineroar|65/100
|-damage|p2b: Floette|58/100
|
|upkeep
|turn|2
|inactive|282839393m has 30 seconds left.
|inactive|nickbattlesmons has 30 seconds left.
|inactive|282839393m has 20 seconds left.
|inactive|282839393m has 15 seconds left.
|inactive|282839393m has 10 seconds left.
|
|t:|1784400286
|switch|p1b: Incineroar|Incineroar, L50, F|100/100
|-ability|p1b: Incineroar|Intimidate|boost
|-unboost|p2a: Incineroar|atk|1
|-unboost|p2b: Floette|atk|1
|switch|p2b: Sinistcha|Sinistcha, L50|100/100
|-heal|p2a: Incineroar|90/100|[from] ability: Hospitality|[of] p2b: Sinistcha
|move|p2a: Incineroar|Throat Chop|p1b: Incineroar
|-resisted|p1b: Incineroar|1
|-damage|p1b: Incineroar|91/100
|-start|p1b: Incineroar|Throat Chop|[silent]
|move|p1a: Sylveon|Hyper Beam|p2a: Incineroar
|-damage|p2a: Incineroar|4/100
|-mustrecharge|p1a: Sylveon
|-enditem|p2a: Incineroar|Sitrus Berry|[eat]
|-heal|p2a: Incineroar|29/100|[from] item: Sitrus Berry
|
|upkeep
|turn|3
|
|t:|1784400313
|switch|p2b: Floette|Floette-Eternal, L50, F|58/100
|move|p2a: Incineroar|Parting Shot|p1b: Incineroar
|-unboost|p1b: Incineroar|atk|1
|-unboost|p1b: Incineroar|spa|1
|
|t:|1784400319
|switch|p2a: Sinistcha|Sinistcha, L50|100/100|[from] Parting Shot
|-heal|p2b: Floette|83/100|[from] ability: Hospitality|[of] p2a: Sinistcha
|cant|p1a: Sylveon|recharge
|move|p1b: Incineroar|Throat Chop|p2b: Floette
|-resisted|p2b: Floette|1
|-damage|p2b: Floette|68/100
|-start|p2b: Floette|Throat Chop|[silent]
|
|-end|p1b: Incineroar|Throat Chop|[silent]
|upkeep
|turn|4
|
|t:|1784400338
|move|p2a: Sinistcha|Rage Powder|p2a: Sinistcha
|-singleturn|p2a: Sinistcha|move: Rage Powder
|move|p2b: Floette|Calm Mind|p2b: Floette
|-boost|p2b: Floette|spa|1
|-boost|p2b: Floette|spd|1
|move|p1a: Sylveon|Hyper Voice|p2b: Floette|[spread] p2a,p2b
|-damage|p2a: Sinistcha|50/100g
|-damage|p2b: Floette|41/100
|move|p1b: Incineroar|Parting Shot|p2a: Sinistcha
|-block|p2a: Sinistcha|ability: Flower Veil|[of] p2b: Floette
|
|-end|p2b: Floette|Throat Chop|[silent]
|upkeep
|turn|5
|inactive|282839393m has 30 seconds left.
|
|t:|1784400370
|detailschange|p2b: Floette|Floette-Mega, L50, F
|-mega|p2b: Floette|Floette|Floettite
|-ability|p2b: Floette|Fairy Aura
|move|p2b: Floette|Draining Kiss|p1b: Incineroar
|-damage|p1b: Incineroar|45/100
|-heal|p2b: Floette|80/100|[from] drain|[of] p1b: Incineroar
|move|p2a: Sinistcha|Life Dew|p2a: Sinistcha|[spread] p2a,p2b
|-heal|p2a: Sinistcha|75/100
|-heal|p2b: Floette|100/100
|move|p1a: Sylveon|Hyper Voice|p2b: Floette|[spread] p2a,p2b
|-damage|p2a: Sinistcha|0 fnt
|-damage|p2b: Floette|67/100
|faint|p2a: Sinistcha
|move|p1b: Incineroar|Parting Shot|p2b: Floette
|-unboost|p2b: Floette|atk|1
|-unboost|p2b: Floette|spa|1
|
|t:|1784400381
|switch|p1b: Staraptor|Staraptor, L50, M|100/100|[from] Parting Shot
|-ability|p1b: Staraptor|Intimidate|boost
|-unboost|p2b: Floette|atk|1
|
|upkeep
|
|t:|1784400385
|switch|p2a: Incineroar|Incineroar, L50, M|29/100
|-ability|p2a: Incineroar|Intimidate|boost
|-unboost|p1a: Sylveon|atk|1
|-unboost|p1b: Staraptor|atk|1
|turn|6
|
|t:|1784400397
|detailschange|p1b: Staraptor|Staraptor-Mega, L50, M
|-mega|p1b: Staraptor|Staraptor|Staraptite
|move|p2a: Incineroar|Fake Out|p1b: Staraptor
|-damage|p1b: Staraptor|88/100
|move|p2b: Floette|Calm Mind|p2b: Floette
|-boost|p2b: Floette|spa|1
|-boost|p2b: Floette|spd|1
|cant|p1b: Staraptor|flinch
|move|p1a: Sylveon|Hyper Beam|p2b: Floette
|-damage|p2b: Floette|19/100
|-mustrecharge|p1a: Sylveon
|
|upkeep
|turn|7
|
|t:|1784400408
|move|p2b: Floette|Protect|p2b: Floette
|-singleturn|p2b: Floette|Protect
|move|p1b: Staraptor|Close Combat|p2a: Incineroar
|-supereffective|p2a: Incineroar|1
|-damage|p2a: Incineroar|0 fnt
|-boost|p1b: Staraptor|def|1
|-boost|p1b: Staraptor|spd|1
|faint|p2a: Incineroar
|cant|p1a: Sylveon|recharge
|
|upkeep
|
|t:|1784400412
|switch|p2a: Basculegion|Basculegion, L50, M|100/100
|turn|8
|
|t:|1784400420
|move|p2b: Floette|Moonblast|p1b: Staraptor
|-supereffective|p1b: Staraptor|1
|-damage|p1b: Staraptor|0 fnt
|faint|p1b: Staraptor
|move|p2a: Basculegion|Wave Crash|p1a: Sylveon
|-damage|p1a: Sylveon|0 fnt
|faint|p1a: Sylveon
|-damage|p2a: Basculegion|73/100|[from] Recoil
|-damage|p2a: Basculegion|63/100|[from] item: Life Orb
|
|upkeep
|
|t:|1784400424
|switch|p1b: Incineroar|Incineroar, L50, F|45/100
|switch|p1a: Incineroar|Incineroar, L50, F|100/100
|-ability|p1b: Incineroar|Intimidate|boost
|-unboost|p2a: Basculegion|atk|1
|-unboost|p2b: Floette|atk|1
|turn|9
|inactive|nickbattlesmons has 30 seconds left.
|inactive|nickbattlesmons has 20 seconds left.
|
|t:|1784400463
|move|p1b: Incineroar|Fake Out|p2b: Floette
|-damage|p2b: Floette|7/100
|move|p1a: Incineroar|Shadow Ball|p2a: Basculegion
|-supereffective|p2a: Basculegion|1
|-damage|p2a: Basculegion|0 fnt
|faint|p2a: Basculegion
|cant|p2b: Floette|flinch
|
|upkeep
|turn|10
|inactive|nickbattlesmons has 30 seconds left.
|
|t:|1784400488
|move|p1a: Incineroar|Shadow Ball|p2b: Floette
|-damage|p2b: Floette|0 fnt
|faint|p2b: Floette
|
|win|282839393m
||282839393m is ready for game 2.
||nickbattlesmons is ready for game 2.
|uhtml|next|Next: Game 2 of 3
|l|☆nickbattlesmons
|player|p2|
|l|☆282839393m
|player|p1|
|j|☆282839393m
|player|p1|282839393m|hilbert|
