|j|☆spearow's nest
|j|☆dogwitdaglasses
|html|spearow's nestdogwitdaglasses    
|uhtml|bestof|Game 3 of a best-of-3
|t:|1757636485
|gametype|doubles
|player|p1|spearow's nest|lance|
|player|p2|dogwitdaglasses|guzma|
|gen|9
|tier|[Gen 9] VGC 2025 Reg H (Bo3)
|rule|Species Clause: Limit one of each Pokémon
|rule|Item Clause: Limit 1 of each item
|clearpoke
|poke|p1|Sneasler, L50, M|
|poke|p1|Indeedee, L50, M|
|poke|p1|Volcarona, L50, M|
|poke|p1|Ursaluna-Bloodmoon, L50, M|
|poke|p1|Annihilape, L50, M|
|poke|p1|Tyranitar, L50, M|
|poke|p2|Rillaboom, L50, M|
|poke|p2|Dragonite, L50, M|
|poke|p2|Sneasler, L50, M|
|poke|p2|Ninetales-Alola, L50, F|
|poke|p2|Kingambit, L50, M|
|poke|p2|Volcarona, L50, M|
|teampreview|4
|showteam|p1|Sneasler||PsychicSeed|Unburden|CloseCombat,DireClaw,ThroatChop,Protect|||M|||50|,,,,,Dark]Indeedee||ChoiceScarf|PsychicSurge|ExpandingForce,TeraBlast,Trick,Protect|||M|||50|,,,,,Psychic]Volcarona||SitrusBerry|FlameBody|Overheat,StruggleBug,RagePowder,Tailwind|||M|||50|,,,,,Grass]Ursaluna-Bloodmoon||LifeOrb|MindsEye|BloodMoon,HyperVoice,EarthPower,Protect|||M|||50|,,,,,Normal]Annihilape||SafetyGoggles|Defiant|CloseCombat,RageFist,Taunt,FinalGambit|||M|||50|,,,,,Fairy]Tyranitar||AssaultVest|SandStream|RockSlide,KnockOff,TeraBlast,LowKick|||M|||50|,,,,,Flying
|showteam|p2|Rillaboom||AssaultVest|GrassySurge|WoodHammer,GrassyGlide,HighHorsepower,FakeOut|||M|||50|,,,,,Fire]Dragonite||LoadedDice|Multiscale|Protect,ScaleShot,LowKick,Haze|||M|||50|,,,,,Fairy]Sneasler||WhiteHerb|Unburden|Protect,DireClaw,CloseCombat,Coaching|||M|||50|,,,,,Ghost]Ninetales-Alola||ChoiceSpecs|SnowWarning|Blizzard,IcyWind,Moonblast,FreezeDry|||F|||50|,,,,,Ghost]Kingambit||SafetyGoggles|Defiant|Protect,KowtowCleave,SuckerPunch,SwordsDance|||M|||50|,,,,,Dark]Volcarona||LumBerry|FlameBody|StruggleBug,RagePowder,Overheat,WillOWisp|||M|||50|,,,,,Fire
|
|t:|1757636547
|teamsize|p1|4
|teamsize|p2|4
|start
|switch|p1a: Annihilape|Annihilape, L50, M|100/100
|switch|p1b: Volcarona|Volcarona, L50, M|100/100
|switch|p2a: Volcarona|Volcarona, L50, M|100/100
|switch|p2b: Dragonite|Dragonite, L50, M|100/100
|turn|1
|
|t:|1757636593
|move|p1b: Volcarona|Tailwind|p1b: Volcarona
|-sidestart|p1: spearow's nest|move: Tailwind
|move|p1a: Annihilape|Final Gambit|p2b: Dragonite
|-damage|p2b: Dragonite|0 fnt
|faint|p1a: Annihilape
|faint|p2b: Dragonite
|move|p2a: Volcarona|Overheat|p1b: Volcarona
|-damage|p1b: Volcarona|42/100
|-unboost|p2a: Volcarona|spa|2
|-enditem|p1b: Volcarona|Sitrus Berry|[eat]
|-heal|p1b: Volcarona|67/100|[from] item: Sitrus Berry
|
|upkeep
|
|t:|1757636609
|switch|p1a: Sneasler|Sneasler, L50, M|100/100
|switch|p2b: Ninetales|Ninetales-Alola, L50, F|100/100
|-weather|Snowscape|[from] ability: Snow Warning|[of] p2b: Ninetales
|turn|2
|
|t:|1757636630
|-terastallize|p2b: Ninetales|Ghost
|move|p1a: Sneasler|Protect|p1a: Sneasler
|-singleturn|p1a: Sneasler|Protect
|move|p2a: Volcarona|Rage Powder|p2a: Volcarona
|-singleturn|p2a: Volcarona|move: Rage Powder
|move|p1b: Volcarona|Struggle Bug|p2a: Volcarona|[spread] p2a,p2b
|-resisted|p2a: Volcarona
|-resisted|p2b: Ninetales
|-damage|p2a: Volcarona|93/100
|-damage|p2b: Ninetales|91/100
|-unboost|p2a: Volcarona|spa|1
|-unboost|p2b: Ninetales|spa|1
|move|p2b: Ninetales|Blizzard|p1b: Volcarona|[spread] p1b
|-activate|p1a: Sneasler|move: Protect
|-resisted|p1b: Volcarona
|-damage|p1b: Volcarona|52/100
|
|-weather|Snowscape|[upkeep]
|upkeep
|turn|3
|
|t:|1757636667
|switch|p2b: Rillaboom|Rillaboom, L50, M|100/100
|-fieldstart|move: Grassy Terrain|[from] ability: Grassy Surge|[of] p2b: Rillaboom
|-terastallize|p1a: Sneasler|Dark
|move|p1a: Sneasler|Throat Chop|p2b: Rillaboom
|-damage|p2b: Rillaboom|52/100
|-start|p2b: Rillaboom|Throat Chop|[silent]
|move|p1b: Volcarona|Overheat|p2a: Volcarona
|-damage|p2a: Volcarona|41/100
|-unboost|p1b: Volcarona|spa|2
|move|p2a: Volcarona|Will-O-Wisp|p1a: Sneasler
|-status|p1a: Sneasler|brn
|
|-weather|Snowscape|[upkeep]
|-heal|p1b: Volcarona|58/100|[from] Grassy Terrain
|-heal|p2a: Volcarona|47/100|[from] Grassy Terrain
|-heal|p2b: Rillaboom|59/100|[from] Grassy Terrain
|-damage|p1a: Sneasler|95/100 brn|[from] brn
|upkeep
|turn|4
|
|t:|1757636698
|switch|p1b: Indeedee|Indeedee, L50, M|100/100
|-fieldstart|move: Psychic Terrain|[from] ability: Psychic Surge|[of] p1b: Indeedee
|-enditem|p1a: Sneasler|Psychic Seed
|-boost|p1a: Sneasler|spd|1|[from] item: Psychic Seed
|switch|p2a: Ninetales|Ninetales-Alola, L50, F, tera:Ghost|91/100
|move|p1a: Sneasler|Dire Claw|p2b: Rillaboom
|-supereffective|p2b: Rillaboom
|-damage|p2b: Rillaboom|15/100
|-status|p2b: Rillaboom|slp
|cant|p2b: Rillaboom|slp
|
|-weather|Snowscape|[upkeep]
|-damage|p1a: Sneasler|89/100 brn|[from] brn
|-end|p2b: Rillaboom|Throat Chop|[silent]
|-sideend|p1: spearow's nest|move: Tailwind
|upkeep
|turn|5
|
|t:|1757636749
|move|p1a: Sneasler|Throat Chop|p2a: Ninetales
|-supereffective|p2a: Ninetales
|-damage|p2a: Ninetales|19/100
|-start|p2a: Ninetales|Throat Chop|[silent]
|move|p1b: Indeedee|Expanding Force|p2b: Rillaboom|[spread] p2a,p2b
|-damage|p2a: Ninetales|0 fnt
|-damage|p2b: Rillaboom|0 fnt
|faint|p2a: Ninetales
|faint|p2b: Rillaboom
|
|-weather|Snowscape|[upkeep]
|-damage|p1a: Sneasler|83/100 brn|[from] brn
|upkeep
|
|t:|1757636753
|switch|p2b: Volcarona|Volcarona, L50, M|47/100
|turn|6
|-message|dogwitdaglasses forfeited.
|
|win|spearow's nest
|l|☆dogwitdaglasses
|player|p2|
