|j|☆freudianbreath
|j|☆Malgooee
|html|freudianbreathMalgooee    
|uhtml|bestof|Game 2 of a best-of-3
|t:|1784484411
|gametype|doubles
|player|p1|freudianbreath|101|1097
|player|p2|Malgooee|170|1167
|gen|9
|tier|[Gen 9 Champions] VGC 2026 Reg M-B (Bo3)
|rated|
|rule|Species Clause: Limit one of each Pokémon
|rule|Item Clause: Limit 1 of each item
|clearpoke
|poke|p1|Pyroar, L50, F|
|poke|p1|Vileplume, L50, M|
|poke|p1|Torkoal, L50, F|
|poke|p1|Incineroar, L50, M|
|poke|p1|Floette-Eternal, L50, F|
|poke|p1|Farigiraf, L50, M|
|poke|p2|Alcremie, L50, F|
|poke|p2|Whimsicott, L50, M|
|poke|p2|Garchomp, L50, M|
|poke|p2|Farigiraf, L50, F|
|poke|p2|Scolipede, L50, M|
|poke|p2|Charizard, L50, F|
|teampreview|4
|showteam|p1|Pyroar||Pyroarite|Unnerve|Protect,Overheat,HeatWave,SolarBeam|Timid||F|||50|]Vileplume||FocusSash|Chlorophyll|SleepPowder,AfterYou,SludgeBomb,SolarBeam|Timid||M|||50|]Torkoal||Charcoal|Drought|Protect,HelpingHand,Eruption,WeatherBall|Quiet||F|||50|]Incineroar||WhiteHerb|Intimidate|FakeOut,FlareBlitz,DarkestLariat,CloseCombat|Brave||M|||50|]Floette-Eternal||Floettite|FlowerVeil|Protect,CalmMind,Moonblast,DrainingKiss|Modest||F|||50|]Farigiraf||SitrusBerry|ArmorTail|HelpingHand,TrickRoom,Psychic,Thunderbolt|Relaxed||M|||50|
|showteam|p2|Alcremie||SitrusBerry|SweetVeil|Encore,Decorate,DazzlingGleam,Protect|Sassy||F|||50|]Whimsicott||FocusSash|Prankster|Protect,Encore,Tailwind,Moonblast|Timid||M|||50|]Garchomp||ChoiceScarf|RoughSkin|DragonClaw,RockSlide,Earthquake,Crunch|Adamant||M|||50|]Farigiraf||Leftovers|ArmorTail|Roar,Psychic,Protect,TrickRoom|Calm||F|||50|]Scolipede||ChartiBerry|SpeedBoost|RockSlide,LeechLife,Protect,StompingTantrum|Jolly||M|||50|]Charizard||CharizarditeY|SolarPower|WeatherBall,HeatWave,SolarBeam,Protect|Timid||F|||50|
|inactive|Battle timer is ON: inactive players will automatically lose when time's up. (requested by Malgooee)
|
|t:|1784484421
|teamsize|p1|4
|teamsize|p2|4
|start
|switch|p1a: Incineroar|Incineroar, L50, M|100/100
|switch|p1b: Farigiraf|Farigiraf, L50, M|100/100
|switch|p2a: Charizard|Charizard, L50, F|100/100
|switch|p2b: Alcremie|Alcremie, L50, F|100/100
|-ability|p1a: Incineroar|Intimidate|boost
|-unboost|p2a: Charizard|atk|1
|-unboost|p2b: Alcremie|atk|1
|turn|1
|inactive|freudianbreath has 30 seconds left.
|inactive|freudianbreath has 20 seconds left.
|inactive|freudianbreath has 15 seconds left.
|
|t:|1784484463
|detailschange|p2a: Charizard|Charizard-Mega-Y, L50, F
|-mega|p2a: Charizard|Charizard|Charizardite Y
|-weather|SunnyDay|[from] ability: Drought|[of] p2a: Charizard
|move|p2a: Charizard|Heat Wave|p1a: Incineroar|[spread] p1a,p1b
|-resisted|p1a: Incineroar|1
|-damage|p1a: Incineroar|70/100
|-damage|p1b: Farigiraf|35/100
|-enditem|p1b: Farigiraf|Sitrus Berry|[eat]
|-heal|p1b: Farigiraf|60/100|[from] item: Sitrus Berry
|move|p2b: Alcremie|Dazzling Gleam|p1b: Farigiraf|[spread] p1a,p1b
|-damage|p1a: Incineroar|50/100g
|-damage|p1b: Farigiraf|39/100
|move|p1a: Incineroar|Flare Blitz|p2b: Alcremie
|-damage|p2b: Alcremie|12/100
|-enditem|p2b: Alcremie|Sitrus Berry|[eat]
|-heal|p2b: Alcremie|37/100|[from] item: Sitrus Berry
|-damage|p1a: Incineroar|25/100|[from] Recoil
|move|p1b: Farigiraf|Trick Room|p1b: Farigiraf
|-fieldstart|move: Trick Room|[of] p1b: Farigiraf
|
|-weather|SunnyDay|[upkeep]
|upkeep
|turn|2
|inactive|freudianbreath has 30 seconds left.
|inactive|freudianbreath has 20 seconds left.
|inactive|freudianbreath has 15 seconds left.
|inactive|freudianbreath has 10 seconds left.
|inactive|freudianbreath has 5 seconds left.
|
|t:|1784484515
|move|p1b: Farigiraf|Helping Hand|p1a: Incineroar
|-singleturn|p1a: Incineroar|Helping Hand|[of] p1b: Farigiraf
|move|p1a: Incineroar|Flare Blitz|p2a: Charizard
|-resisted|p2a: Charizard|1
|-damage|p2a: Charizard|2/100
|-damage|p1a: Incineroar|1/100|[from] Recoil
|move|p2b: Alcremie|Dazzling Gleam|p1b: Farigiraf|[spread] p1a,p1b
|-damage|p1a: Incineroar|0 fnt
|-damage|p1b: Farigiraf|16/100
|faint|p1a: Incineroar
|move|p2a: Charizard|Heat Wave|p1b: Farigiraf
|-damage|p1b: Farigiraf|0 fnt
|faint|p1b: Farigiraf
|
|-weather|SunnyDay|[upkeep]
|upkeep
|
|t:|1784484527
|switch|p1a: Floette|Floette-Eternal, L50, F|100/100
|switch|p1b: Torkoal|Torkoal, L50, F|100/100
|turn|3
|inactive|freudianbreath has 30 seconds left.
|inactive|freudianbreath has 20 seconds left.
|
|t:|1784484564
|move|p2b: Alcremie|Protect|p2b: Alcremie
|-singleturn|p2b: Alcremie|Protect
|move|p2a: Charizard|Protect|p2a: Charizard
|-singleturn|p2a: Charizard|Protect
|move|p1b: Torkoal|Eruption|p2a: Charizard|[spread] 
|-activate|p2a: Charizard|move: Protect
|-activate|p2b: Alcremie|move: Protect
|move|p1a: Floette|Calm Mind|p1a: Floette
|-boost|p1a: Floette|spa|1
|-boost|p1a: Floette|spd|1
|
|-weather|SunnyDay|[upkeep]
|upkeep
|turn|4
|inactive|freudianbreath has 30 seconds left.
|inactive|freudianbreath has 20 seconds left.
|inactive|freudianbreath has 15 seconds left.
|
|t:|1784484604
|detailschange|p1a: Floette|Floette-Mega, L50, F
|-mega|p1a: Floette|Floette|Floettite
|-ability|p1a: Floette|Fairy Aura
|move|p2b: Alcremie|Protect|p2b: Alcremie
|-singleturn|p2b: Alcremie|Protect
|move|p2a: Charizard|Protect||[still]
|-fail|p2a: Charizard
|move|p1b: Torkoal|Eruption|p2b: Alcremie|[spread] p2a
|-activate|p2b: Alcremie|move: Protect
|-resisted|p2a: Charizard|1
|-damage|p2a: Charizard|0 fnt
|faint|p2a: Charizard
|move|p1a: Floette|Draining Kiss|p2b: Alcremie
|-activate|p2b: Alcremie|move: Protect
|
|-weather|SunnyDay|[upkeep]
|upkeep
|
|t:|1784484617
|switch|p2a: Farigiraf|Farigiraf, L50, F|100/100
|turn|5
|inactive|freudianbreath has 30 seconds left.
|inactive|freudianbreath has 20 seconds left.
|
|t:|1784484654
|move|p2a: Farigiraf|Protect|p2a: Farigiraf
|-singleturn|p2a: Farigiraf|Protect
|move|p1b: Torkoal|Eruption|p2b: Alcremie|[spread] p2b
|-activate|p2a: Farigiraf|move: Protect
|-damage|p2b: Alcremie|0 fnt
|faint|p2b: Alcremie
|move|p1a: Floette|Draining Kiss|p2a: Farigiraf
|-activate|p2a: Farigiraf|move: Protect
|
|-weather|none
|-fieldend|move: Trick Room
|upkeep
|
|t:|1784484667
|switch|p2b: Garchomp|Garchomp, L50, M|100/100
|turn|6
|inactive|freudianbreath has 30 seconds left.
|
|t:|1784484696
|move|p1b: Torkoal|Helping Hand|p1a: Floette
|-singleturn|p1a: Floette|Helping Hand|[of] p1b: Torkoal
|move|p2b: Garchomp|Rock Slide|p1b: Torkoal|[spread] p1a,p1b
|-supereffective|p1b: Torkoal|1
|-damage|p1a: Floette|76/100
|-damage|p1b: Torkoal|69/100
|move|p1a: Floette|Draining Kiss|p2b: Garchomp
|-supereffective|p2b: Garchomp|1
|-damage|p2b: Garchomp|0 fnt
|-heal|p1a: Floette|100/100|[from] drain|[of] p2b: Garchomp
|-damage|p1a: Floette|87/100|[from] ability: Rough Skin|[of] p2b: Garchomp
|faint|p2b: Garchomp
|move|p2a: Farigiraf|Psychic|p1a: Floette
|-damage|p1a: Floette|70/100
|
|upkeep
|turn|7
|-message|Malgooee forfeited.
|raw|freudianbreath's rating: 1097 → 1128(+31 for winning)
|raw|Malgooee's rating: 1167 → 1137(-30 for losing)
|
|win|freudianbreath
|l|☆Malgooee
|player|p2|
