|j|☆Vncentius
|j|☆frog herbert
|html|Vncentiusfrog herbert    
|uhtml|bestof|Game 1 of a best-of-3
|t:|1757776189
|gametype|doubles
|player|p1|Vncentius|170|1081
|player|p2|frog herbert|juan|1108
|gen|9
|tier|[Gen 9] VGC 2025 Reg H (Bo3)
|rated|
|rule|Species Clause: Limit one of each Pokémon
|rule|Item Clause: Limit 1 of each item
|clearpoke
|poke|p1|Porygon2, L50|
|poke|p1|Incineroar, L50, F|
|poke|p1|Ursaluna, L50, F|
|poke|p1|Jumpluff, L50, M|
|poke|p1|Charizard, L50, F|
|poke|p1|Torkoal, L50, F|
|poke|p2|Garchomp, L50, M|
|poke|p2|Gardevoir, L50, F|
|poke|p2|Talonflame, L50, M|
|poke|p2|Toxtricity, L50, F|
|poke|p2|Tsareena, L50, F|
|poke|p2|Basculegion, L50, M|
|teampreview|4
|showteam|p1|Porygon2||Eviolite|Download|TeraBlast,IceBeam,TrickRoom,Recover||||||50|,,,,,Fighting]Incineroar||SitrusBerry|Intimidate|FakeOut,KnockOff,FlareBlitz,PartingShot|||F|||50|,,,,,Ghost]Ursaluna||FlameOrb|Guts|HeadlongRush,Facade,Earthquake,Protect|||F|||50|,,,,,Ghost]Jumpluff||CovertCloak|Chlorophyll|RagePowder,SunnyDay,Tailwind,SleepPowder|||M|||50|,,,,,Fire]Charizard||ChoiceSpecs|SolarPower|HeatWave,Overheat,WeatherBall,DragonPulse|||F|||50|,,,,,Ghost]Torkoal||EjectPack|Drought|Overheat,Eruption,HelpingHand,Protect|||F|||50|,,,,,Fire
|showteam|p2|Garchomp||ClearAmulet|RoughSkin|Protect,Earthquake,DragonClaw,StompingTantrum|||M|||50|,,,,,Steel]Gardevoir||FocusSash|Telepathy|DazzlingGleam,Psychic,TrickRoom,Imprison|||F|||50|,,,,,Ghost]Talonflame||SharpBeak|GaleWings|Protect,BraveBird,WillOWisp,Tailwind|||M|||50|,,,,,Ghost]Toxtricity||ChoiceSpecs|PunkRock|Overdrive,Boomburst,SludgeBomb,Thunderbolt|||F|||50|,,,,,Normal]Tsareena||WideLens|QueenlyMajesty|Protect,PowerWhip,TripleAxel,Taunt|||F|||50|,,,,,Ghost]Basculegion||ChoiceScarf|Adaptability|WaveCrash,LastRespects,FlipTurn,AquaJet|||M|||50|,,,,,Water
|inactive|Battle timer is ON: inactive players will automatically lose when time's up. (requested by Vncentius)
|inactive|Vncentius has 60 seconds left.
|inactive|frog herbert has 60 seconds left.
|inactive|frog herbert has 30 seconds left.
|inactive|frog herbert has 20 seconds left.
|inactive|frog herbert has 15 seconds left.
|inactive|frog herbert has 10 seconds left.
|inactive|frog herbert has 5 seconds left.
|
|t:|1757776275
|teamsize|p1|4
|teamsize|p2|4
|start
|switch|p1a: Porygon2|Porygon2, L50|100/100
|switch|p1b: Incineroar|Incineroar, L50, F|100/100
|switch|p2a: Talonflame|Talonflame, L50, M|100/100
|switch|p2b: Garchomp|Garchomp, L50, M|100/100
|-ability|p1b: Incineroar|Intimidate|boost
|-unboost|p2a: Talonflame|atk|1
|-fail|p2b: Garchomp|unboost|[from] item: Clear Amulet|[of] p2b: Garchomp
|-ability|p1a: Porygon2|Download|boost
|-boost|p1a: Porygon2|spa|1
|turn|1
|inactive|Vncentius has 30 seconds left.
|inactive|Vncentius has 20 seconds left.
|
|t:|1757776312
|switch|p2a: Tsareena|Tsareena, L50, F|100/100
|-terastallize|p2b: Garchomp|Steel
|move|p1b: Incineroar|Fake Out||[still]
|cant|p2a: Tsareena|ability: Queenly Majesty|Fake Out|[of] p1b: Incineroar
|move|p2b: Garchomp|Earthquake|p1a: Porygon2|[spread] p2a,p1a,p1b
|-resisted|p2a: Tsareena
|-supereffective|p1b: Incineroar
|-damage|p2a: Tsareena|78/100
|-damage|p1a: Porygon2|75/100
|-damage|p1b: Incineroar|28/100
|-enditem|p1b: Incineroar|Sitrus Berry|[eat]
|-heal|p1b: Incineroar|53/100|[from] item: Sitrus Berry
|move|p1a: Porygon2|Trick Room|p1a: Porygon2
|-fieldstart|move: Trick Room|[of] p1a: Porygon2
|
|upkeep
|turn|2
|inactive|Vncentius has 30 seconds left.
|inactive|frog herbert has 30 seconds left.
|inactive|Vncentius has 20 seconds left.
|inactive|Vncentius has 15 seconds left.
|inactive|Vncentius has 10 seconds left.
|
|t:|1757776359
|switch|p2a: Gardevoir|Gardevoir, L50, F|100/100
|move|p1a: Porygon2|Ice Beam|p2a: Gardevoir
|-damage|p2a: Gardevoir|54/100
|move|p1b: Incineroar|Parting Shot|p2b: Garchomp
|-fail|p2b: Garchomp|unboost|[from] item: Clear Amulet|[of] p2b: Garchomp
|move|p2b: Garchomp|Earthquake|p1a: Porygon2|[spread] p1a,p1b
|-activate|p2a: Gardevoir|ability: Telepathy
|-supereffective|p1b: Incineroar
|-damage|p1a: Porygon2|49/100
|-damage|p1b: Incineroar|0 fnt
|faint|p1b: Incineroar
|
|upkeep
|
|t:|1757776376
|switch|p1b: Torkoal|Torkoal, L50, F|100/100
|-weather|SunnyDay|[from] ability: Drought|[of] p1b: Torkoal
|turn|3
|
|t:|1757776390
|switch|p2a: Talonflame|Talonflame, L50, M|100/100
|-terastallize|p1b: Torkoal|Fire
|move|p2b: Garchomp|Protect|p2b: Garchomp
|-singleturn|p2b: Garchomp|Protect
|move|p1b: Torkoal|Eruption|p2a: Talonflame|[spread] p2a
|-activate|p2b: Garchomp|move: Protect
|-resisted|p2a: Talonflame
|-damage|p2a: Talonflame|18/100
|move|p1a: Porygon2|Recover|p1a: Porygon2
|-heal|p1a: Porygon2|99/100
|
|-weather|SunnyDay|[upkeep]
|upkeep
|turn|4
|inactive|Vncentius has 30 seconds left.
|inactive|Vncentius has 20 seconds left.
|
|t:|1757776427
|switch|p2b: Gardevoir|Gardevoir, L50, F|54/100
|move|p2a: Talonflame|Protect|p2a: Talonflame
|-singleturn|p2a: Talonflame|Protect
|move|p1b: Torkoal|Eruption|p2b: Gardevoir|[spread] p2b
|-activate|p2a: Talonflame|move: Protect
|-damage|p2b: Gardevoir|0 fnt
|faint|p2b: Gardevoir
|move|p1a: Porygon2|Ice Beam|p2a: Talonflame
|-activate|p2a: Talonflame|move: Protect
|
|-weather|SunnyDay|[upkeep]
|upkeep
|
|t:|1757776439
|switch|p2b: Garchomp|Garchomp, L50, M, tera:Steel|100/100
|turn|5
|
|t:|1757776453
|switch|p1b: Ursaluna|Ursaluna, L50, F|100/100
|move|p2b: Garchomp|Protect|p2b: Garchomp
|-singleturn|p2b: Garchomp|Protect
|move|p2a: Talonflame|Protect||[still]
|-fail|p2a: Talonflame
|move|p1a: Porygon2|Ice Beam|p2a: Talonflame
|-damage|p2a: Talonflame|0 fnt
|faint|p2a: Talonflame
|
|-weather|SunnyDay|[upkeep]
|-fieldend|move: Trick Room
|-status|p1b: Ursaluna|brn|[from] item: Flame Orb
|upkeep
|
|t:|1757776456
|switch|p2a: Tsareena|Tsareena, L50, F|78/100
|turn|6
|inactive|Vncentius has 30 seconds left.
|
|t:|1757776489
|move|p2b: Garchomp|Earthquake|p1b: Ursaluna|[spread] p2a,p1a,p1b
|-resisted|p2a: Tsareena
|-damage|p2a: Tsareena|56/100
|-damage|p1a: Porygon2|74/100
|-damage|p1b: Ursaluna|72/100 brn
|move|p2a: Tsareena|Taunt|p1a: Porygon2
|-start|p1a: Porygon2|move: Taunt
|move|p1b: Ursaluna|Headlong Rush|p2b: Garchomp
|-supereffective|p2b: Garchomp
|-damage|p2b: Garchomp|0 fnt
|-unboost|p1b: Ursaluna|def|1
|-unboost|p1b: Ursaluna|spd|1
|-damage|p1b: Ursaluna|60/100 brn|[from] ability: Rough Skin|[of] p2b: Garchomp
|faint|p2b: Garchomp
|cant|p1a: Porygon2|move: Taunt|Trick Room
|
|-weather|SunnyDay|[upkeep]
|-damage|p1b: Ursaluna|54/100 brn|[from] brn
|upkeep
|turn|7
|-message|frog herbert forfeited.
|
|win|Vncentius
||frog herbert is ready for game 2.
||Vncentius is ready for game 2.
|uhtml|next|Next: Game 2 of 3
