|j|☆ParroTiest
|j|☆robby w
|html|ParroTiestrobby w    
|uhtml|bestof|Game 2 of a best-of-3
|t:|1756440265
|gametype|doubles
|player|p1|ParroTiest|266|1133
|player|p2|robby w|pokekid|1296
|gen|9
|tier|[Gen 9] VGC 2025 Reg H (Bo3)
|rated|
|rule|Species Clause: Limit one of each Pokémon
|rule|Item Clause: Limit 1 of each item
|clearpoke
|poke|p1|Grimmsnarl, L50, M|
|poke|p1|Ursaluna-Bloodmoon, L50, M|
|poke|p1|Farigiraf, L50, F|
|poke|p1|Gholdengo, L50|
|poke|p1|Rillaboom, L50, M|
|poke|p1|Volcarona, L50, M|
|poke|p2|Dondozo, L50, M|
|poke|p2|Tatsugiri, L50, F|
|poke|p2|Sneasler, L50, F|
|poke|p2|Indeedee, L50, M|
|poke|p2|Ursaluna-Bloodmoon, L50, M|
|poke|p2|Electabuzz, L50, F|
|teampreview|4
|showteam|p1|Grimmsnarl||LightClay|Prankster|Reflect,LightScreen,SpiritBreak,Taunt|||M|||50|,,,,,Ghost]Ursaluna-Bloodmoon||LifeOrb|MindsEye|BloodMoon,HyperVoice,EarthPower,Protect|||M|||50|,,,,,Normal]Farigiraf||ThroatSpray|ArmorTail|HyperVoice,Psychic,TrickRoom,Protect|||F|||50|,,,,,Fairy]Gholdengo||ChoiceSpecs|GoodasGold|MakeItRain,ShadowBall,PowerGem,Trick||||||50|,,,,,Water]Rillaboom||AssaultVest|GrassySurge|FakeOut,WoodHammer,GrassyGlide,Uturn|||M|||50|,,,,,Fire]Volcarona||Leftovers|FlameBody|QuiverDance,HeatWave,GigaDrain,Protect|||M|||50|,,,,,Grass
|showteam|p2|Dondozo||Leftovers|Unaware|Protect,WaveCrash,Earthquake,OrderUp|||M|||50|,,,,,Grass]Tatsugiri||ChoiceScarf|Commander|DragonPulse,IcyWind,DracoMeteor,MuddyWater|||F|||50|,,,,,Stellar]Sneasler||PsychicSeed|Unburden|DireClaw,CloseCombat,Protect,ThroatChop|||F|||50|,,,,,Dark]Indeedee||FocusSash|PsychicSurge|DazzlingGleam,TrickRoom,ExpandingForce,Protect|||M|||50|,,,,,Fairy]Ursaluna-Bloodmoon||LifeOrb|MindsEye|BloodMoon,Protect,HyperVoice,EarthPower|||M|||50|,,,,,Normal]Electabuzz||Eviolite|VitalSpirit|Electroweb,Protect,FollowMe,Taunt|||F|||50|,,,,,Ghost
|inactive|Battle timer is ON: inactive players will automatically lose when time's up. (requested by ParroTiest)
|
|t:|1756440289
|teamsize|p1|4
|teamsize|p2|4
|start
|switch|p1a: gremlin|Grimmsnarl, L50, M, shiny|100/100
|switch|p1b: no fake out|Farigiraf, L50, F|100/100
|switch|p2a: Sneasler|Sneasler, L50, F|100/100
|switch|p2b: Dondozo|Dondozo, L50, M, shiny|100/100
|turn|1
|inactive|ParroTiest has 30 seconds left.
|
|t:|1756440317
|switch|p2b: Indeedee|Indeedee, L50, M|100/100
|-fieldstart|move: Psychic Terrain|[from] ability: Psychic Surge|[of] p2b: Indeedee
|-enditem|p2a: Sneasler|Psychic Seed
|-boost|p2a: Sneasler|spd|1|[from] item: Psychic Seed
|-terastallize|p1b: no fake out|Fairy
|move|p1a: gremlin|Reflect|p1a: gremlin
|-sidestart|p1: ParroTiest|Reflect
|move|p2a: Sneasler|Dire Claw|p1a: gremlin
|-supereffective|p1a: gremlin
|-damage|p1a: gremlin|39/100
|-status|p1a: gremlin|psn
|move|p1b: no fake out|Trick Room|p1b: no fake out
|-fieldstart|move: Trick Room|[of] p1b: no fake out
|
|-damage|p1a: gremlin|27/100 psn|[from] psn
|upkeep
|turn|2
|inactive|ParroTiest has 30 seconds left.
|inactive|robby w has 30 seconds left.
|
|t:|1756440350
|switch|p1a: monke|Rillaboom, L50, M|100/100
|-fieldstart|move: Grassy Terrain|[from] ability: Grassy Surge|[of] p1a: monke
|-terastallize|p2a: Sneasler|Dark
|move|p1b: no fake out|Hyper Voice|p2b: Indeedee|[spread] p2a,p2b
|-damage|p2a: Sneasler|71/100
|-damage|p2b: Indeedee|60/100
|-enditem|p1b: no fake out|Throat Spray
|-boost|p1b: no fake out|spa|1|[from] item: Throat Spray
|move|p2a: Sneasler|Dire Claw|p1b: no fake out
|-supereffective|p1b: no fake out
|-damage|p1b: no fake out|31/100
|-status|p1b: no fake out|par
|move|p2b: Indeedee|Trick Room|p2b: Indeedee
|-fieldend|move: Trick Room
|
|-heal|p2a: Sneasler|77/100|[from] Grassy Terrain
|-heal|p2b: Indeedee|66/100|[from] Grassy Terrain
|-heal|p1b: no fake out|37/100 par|[from] Grassy Terrain
|upkeep
|turn|3
|inactive|ParroTiest has 30 seconds left.
|inactive|robby w has 30 seconds left.
|
|t:|1756440382
|move|p2a: Sneasler|Protect|p2a: Sneasler
|-singleturn|p2a: Sneasler|Protect
|move|p2b: Indeedee|Protect|p2b: Indeedee
|-singleturn|p2b: Indeedee|Protect
|move|p1a: monke|Wood Hammer|p2a: Sneasler
|-activate|p2a: Sneasler|move: Protect
|move|p1b: no fake out|Psychic|p2b: Indeedee
|-activate|p2b: Indeedee|move: Protect
|
|-heal|p2a: Sneasler|83/100|[from] Grassy Terrain
|-heal|p2b: Indeedee|72/100|[from] Grassy Terrain
|-heal|p1b: no fake out|44/100 par|[from] Grassy Terrain
|upkeep
|turn|4
|
|t:|1756440403
|move|p1b: no fake out|Protect|p1b: no fake out
|-singleturn|p1b: no fake out|Protect
|move|p2a: Sneasler|Dire Claw|p1a: monke
|-supereffective|p1a: monke
|-damage|p1a: monke|42/100
|move|p2b: Indeedee|Dazzling Gleam|p1b: no fake out|[spread] p1a
|-activate|p1b: no fake out|move: Protect
|-damage|p1a: monke|32/100
|move|p1a: monke|Wood Hammer|p2a: Sneasler
|-damage|p2a: Sneasler|0 fnt
|faint|p2a: Sneasler
|-damage|p1a: monke|11/100|[from] Recoil
|
|-heal|p2b: Indeedee|78/100|[from] Grassy Terrain
|-heal|p1a: monke|17/100|[from] Grassy Terrain
|-heal|p1b: no fake out|50/100 par|[from] Grassy Terrain
|upkeep
|
|t:|1756440420
|switch|p2a: Dondozo|Dondozo, L50, M, shiny|100/100
|turn|5
|
|t:|1756440437
|switch|p2b: Tatsugiri|Tatsugiri, L50, F|100/100
|-activate|p2b: Tatsugiri|ability: Commander|[of] p2a: Dondozo
|-boost|p2a: Dondozo|atk|2
|-boost|p2a: Dondozo|spa|2
|-boost|p2a: Dondozo|spe|2
|-boost|p2a: Dondozo|def|2
|-boost|p2a: Dondozo|spd|2
|switch|p1a: instakill button|Ursaluna-Bloodmoon, L50, M|100/100
|move|p2a: Dondozo|Wave Crash|p1b: no fake out
|-damage|p1b: no fake out|0 fnt
|faint|p1b: no fake out
|-damage|p2a: Dondozo|85/100|[from] Recoil
|
|-heal|p2a: Dondozo|92/100|[from] Grassy Terrain
|-heal|p2a: Dondozo|98/100|[from] item: Leftovers
|upkeep
|
|t:|1756440450
|switch|p1b: gremlin|Grimmsnarl, L50, M, shiny|27/100 psn
|turn|6
|
|t:|1756440467
|move|p1a: instakill button|Protect|p1a: instakill button
|-singleturn|p1a: instakill button|Protect
|move|p1b: gremlin|Taunt|p2a: Dondozo
|-start|p2a: Dondozo|move: Taunt
|move|p2a: Dondozo|Wave Crash|p1a: instakill button
|-activate|p1a: instakill button|move: Protect
|
|-heal|p2a: Dondozo|100/100|[from] Grassy Terrain
|-heal|p1b: gremlin|33/100 psn|[from] Grassy Terrain
|-damage|p1b: gremlin|20/100 psn|[from] psn
|-fieldend|move: Grassy Terrain
|upkeep
|turn|7
|
|t:|1756440491
|move|p2a: Dondozo|Wave Crash|p1a: instakill button
|-supereffective|p1a: instakill button
|-damage|p1a: instakill button|0 fnt
|faint|p1a: instakill button
|-damage|p2a: Dondozo|70/100|[from] Recoil
|move|p1b: gremlin|Spirit Break|p2a: Dondozo
|-damage|p2a: Dondozo|59/100
|-unboost|p2a: Dondozo|spa|1
|
|-heal|p2a: Dondozo|65/100|[from] item: Leftovers
|-damage|p1b: gremlin|8/100 psn|[from] psn
|upkeep
|-message|ParroTiest forfeited.
|
|win|robby w
|l|☆ParroTiest
|player|p1|
||ParroTiest is ready for game 3.
