|j|☆Pickle315
|j|☆Zachkahan
|html|Pickle315Zachkahan    
|uhtml|bestof|Game 1 of a best-of-3
|t:|1756685977
|gametype|doubles
|player|p1|Pickle315|hilbert|1079
|player|p2|Zachkahan|170|1106
|gen|9
|tier|[Gen 9] VGC 2025 Reg H (Bo3)
|rated|
|rule|Species Clause: Limit one of each Pokémon
|rule|Item Clause: Limit 1 of each item
|clearpoke
|poke|p1|Torkoal, L50, M|
|poke|p1|Amoonguss, L50, M|
|poke|p1|Charizard, L50, M|
|poke|p1|Kingambit, L50, M|
|poke|p1|Rillaboom, L50, M|
|poke|p1|Clodsire, L50, M|
|poke|p2|Gholdengo, L50|
|poke|p2|Rillaboom, L50, F|
|poke|p2|Pelipper, L50, M|
|poke|p2|Archaludon, L50, M|
|poke|p2|Amoonguss, L50, M|
|poke|p2|Incineroar, L50, M|
|teampreview|4
|showteam|p1|Torkoal||SafetyGoggles|Drought|BodyPress,HeatWave,HelpingHand,WillOWisp|||M|||50|,,,,,Fighting]Amoonguss||RockyHelmet|Regenerator|PollenPuff,RagePowder,Spore,Synthesis|||M|||50|,,,,,Water]Charizard||LifeOrb|SolarPower|TeraBlast,HeatWave,Protect,SolarBeam|||M|||50|,,,,,Flying]Kingambit||AssaultVest|Defiant|KowtowCleave,IronHead,SuckerPunch,BrickBreak|||M|||50|,,,,,Ghost]Rillaboom||SitrusBerry|GrassySurge|HighHorsepower,GrassyGlide,SolarBlade,FakeOut|||M|||50|,,,,,Electric]Clodsire||CovertCloak|WaterAbsorb|HighHorsepower,Haze,RockSlide,Protect|||M|||50|,,,,,Steel
|showteam|p2|Gholdengo||Leftovers|GoodasGold|MakeItRain,ShadowBall,NastyPlot,Protect||||||50|,,,,,Dragon]Rillaboom||MiracleSeed|GrassySurge|FakeOut,GrassyGlide,WoodHammer,Uturn|||F|||50|,,,,,Water]Pelipper||FocusSash|Drizzle|Hurricane,WeatherBall,Protect,Tailwind|||M|||50|,,,,,Stellar]Archaludon||AssaultVest|Stamina|ElectroShot,FlashCannon,DragonPulse,BodyPress|||M|||50|,,,,,Bug]Amoonguss||MentalHerb|Regenerator|PollenPuff,Spore,RagePowder,Protect|||M|||50|,,,,,Psychic]Incineroar||SafetyGoggles|Intimidate|FakeOut,KnockOff,FlareBlitz,PartingShot|||M|||50|,,,,,Grass
|inactive|Battle timer is ON: inactive players will automatically lose when time's up. (requested by Zachkahan)
|inactive|Zachkahan has 60 seconds left.
|
|t:|1756686038
|teamsize|p1|4
|teamsize|p2|4
|start
|switch|p1a: Charizard|Charizard, L50, M|100/100
|switch|p1b: Rillaboom|Rillaboom, L50, M|100/100
|switch|p2a: Gholdengo|Gholdengo, L50|100/100
|switch|p2b: Incineroar|Incineroar, L50, M|100/100
|-fieldstart|move: Grassy Terrain|[from] ability: Grassy Surge|[of] p1b: Rillaboom
|-ability|p2b: Incineroar|Intimidate|boost
|-unboost|p1a: Charizard|atk|1
|-unboost|p1b: Rillaboom|atk|1
|turn|1
|
|t:|1756686058
|switch|p1b: Torkoal|Torkoal, L50, M|100/100
|-weather|SunnyDay|[from] ability: Drought|[of] p1b: Torkoal
|-terastallize|p2a: Gholdengo|Dragon
|move|p1a: Charizard|Protect|p1a: Charizard
|-singleturn|p1a: Charizard|Protect
|move|p2b: Incineroar|Fake Out|p1b: Torkoal
|-damage|p1b: Torkoal|94/100
|move|p2a: Gholdengo|Shadow Ball|p1a: Charizard
|-activate|p1a: Charizard|move: Protect
|
|-weather|SunnyDay|[upkeep]
|-damage|p1a: Charizard|88/100|[from] ability: Solar Power|[of] p1a: Charizard
|-heal|p1b: Torkoal|99/100|[from] Grassy Terrain
|upkeep
|turn|2
|inactive|Pickle315 has 30 seconds left.
|inactive|Zachkahan has 30 seconds left.
|inactive|Pickle315 has 20 seconds left.
|
|t:|1756686093
|switch|p2b: Pelipper|Pelipper, L50, M|100/100
|-weather|RainDance|[from] ability: Drizzle|[of] p2b: Pelipper
|switch|p1b: Rillaboom|Rillaboom, L50, M|100/100
|move|p1a: Charizard|Tera Blast|p2a: Gholdengo
|-damage|p2a: Gholdengo|69/100
|-damage|p1a: Charizard|78/100|[from] item: Life Orb
|move|p2a: Gholdengo|Shadow Ball|p1b: Rillaboom
|-damage|p1b: Rillaboom|59/100
|
|-weather|RainDance|[upkeep]
|-heal|p2a: Gholdengo|75/100|[from] Grassy Terrain
|-heal|p2a: Gholdengo|81/100|[from] item: Leftovers
|-heal|p1b: Rillaboom|65/100|[from] Grassy Terrain
|upkeep
|turn|3
|inactive|Pickle315 has 30 seconds left.
|
|t:|1756686120
|switch|p2b: Incineroar|Incineroar, L50, M|100/100
|-ability|p2b: Incineroar|Intimidate|boost
|-unboost|p1a: Charizard|atk|1
|-unboost|p1b: Rillaboom|atk|1
|move|p1a: Charizard|Protect|p1a: Charizard
|-singleturn|p1a: Charizard|Protect
|move|p1b: Rillaboom|Fake Out|p2b: Incineroar
|-damage|p2b: Incineroar|92/100
|move|p2a: Gholdengo|Shadow Ball|p1a: Charizard
|-activate|p1a: Charizard|move: Protect
|
|-weather|RainDance|[upkeep]
|-heal|p2a: Gholdengo|88/100|[from] Grassy Terrain
|-heal|p2a: Gholdengo|94/100|[from] item: Leftovers
|-heal|p1b: Rillaboom|71/100|[from] Grassy Terrain
|-heal|p2b: Incineroar|98/100|[from] Grassy Terrain
|upkeep
|turn|4
|inactive|Zachkahan has 30 seconds left.
|inactive|Zachkahan has 20 seconds left.
|
|t:|1756686155
|switch|p1a: Torkoal|Torkoal, L50, M|99/100
|-weather|SunnyDay|[from] ability: Drought|[of] p1a: Torkoal
|move|p2a: Gholdengo|Shadow Ball|p1a: Torkoal
|-damage|p1a: Torkoal|51/100
|-unboost|p1a: Torkoal|spd|1
|move|p1b: Rillaboom|High Horsepower|p2a: Gholdengo
|-damage|p2a: Gholdengo|74/100
|move|p2b: Incineroar|Knock Off|p1b: Rillaboom
|-damage|p1b: Rillaboom|36/100
|-enditem|p1b: Rillaboom|Sitrus Berry|[from] move: Knock Off|[of] p2b: Incineroar
|
|-weather|SunnyDay|[upkeep]
|-heal|p2a: Gholdengo|80/100|[from] Grassy Terrain
|-heal|p2a: Gholdengo|86/100|[from] item: Leftovers
|-heal|p1b: Rillaboom|42/100|[from] Grassy Terrain
|-heal|p2b: Incineroar|100/100|[from] Grassy Terrain
|-heal|p1a: Torkoal|57/100|[from] Grassy Terrain
|upkeep
|turn|5
|inactive|Pickle315 has 30 seconds left.
|inactive|Zachkahan has 30 seconds left.
|inactive|Zachkahan has 20 seconds left.
|inactive|Zachkahan has 15 seconds left.
|
|t:|1756686196
|switch|p1b: Clodsire|Clodsire, L50, M|100/100
|switch|p2b: Pelipper|Pelipper, L50, M|100/100
|-weather|RainDance|[from] ability: Drizzle|[of] p2b: Pelipper
|move|p2a: Gholdengo|Shadow Ball|p1b: Clodsire
|-damage|p1b: Clodsire|75/100
|move|p1a: Torkoal|Body Press|p2a: Gholdengo
|-damage|p2a: Gholdengo|58/100
|
|-weather|RainDance|[upkeep]
|-heal|p2a: Gholdengo|64/100|[from] Grassy Terrain
|-heal|p2a: Gholdengo|70/100|[from] item: Leftovers
|-heal|p1b: Clodsire|81/100|[from] Grassy Terrain
|-heal|p1a: Torkoal|63/100|[from] Grassy Terrain
|-fieldend|move: Grassy Terrain
|upkeep
|turn|6
|inactive|Pickle315 has 30 seconds left.
|inactive|Zachkahan has 30 seconds left.
|
|t:|1756686225
|switch|p1a: Rillaboom|Rillaboom, L50, M|42/100
|-fieldstart|move: Grassy Terrain|[from] ability: Grassy Surge|[of] p1a: Rillaboom
|move|p2b: Pelipper|Hurricane|p1b: Clodsire
|-damage|p1b: Clodsire|49/100
|move|p2a: Gholdengo|Shadow Ball|p1b: Clodsire
|-damage|p1b: Clodsire|23/100
|move|p1b: Clodsire|High Horsepower|p2a: Gholdengo
|-damage|p2a: Gholdengo|42/100
|
|-weather|RainDance|[upkeep]
|-heal|p2a: Gholdengo|48/100|[from] Grassy Terrain
|-heal|p2a: Gholdengo|54/100|[from] item: Leftovers
|-heal|p1a: Rillaboom|48/100|[from] Grassy Terrain
|-heal|p1b: Clodsire|29/100|[from] Grassy Terrain
|upkeep
|turn|7
|inactive|Zachkahan has 30 seconds left.
|
|t:|1756686259
|switch|p2b: Incineroar|Incineroar, L50, M|100/100
|-ability|p2b: Incineroar|Intimidate|boost
|-unboost|p1a: Rillaboom|atk|1
|-unboost|p1b: Clodsire|atk|1
|move|p1b: Clodsire|Protect|p1b: Clodsire
|-singleturn|p1b: Clodsire|Protect
|move|p1a: Rillaboom|Fake Out|p2b: Incineroar
|-damage|p2b: Incineroar|93/100
|move|p2a: Gholdengo|Make It Rain|p1b: Clodsire|[spread] p1a
|-activate|p1b: Clodsire|move: Protect
|-damage|p1a: Rillaboom|1/100
|-unboost|p2a: Gholdengo|spa|1
|
|-weather|RainDance|[upkeep]
|-heal|p2a: Gholdengo|61/100|[from] Grassy Terrain
|-heal|p2a: Gholdengo|67/100|[from] item: Leftovers
|-heal|p1a: Rillaboom|7/100|[from] Grassy Terrain
|-heal|p2b: Incineroar|99/100|[from] Grassy Terrain
|-heal|p1b: Clodsire|35/100|[from] Grassy Terrain
|upkeep
|turn|8
|
|t:|1756686284
|switch|p2a: Archaludon|Archaludon, L50, M|100/100
|move|p1a: Rillaboom|High Horsepower|p2a: Archaludon
|-supereffective|p2a: Archaludon
|-damage|p2a: Archaludon|67/100
|-ability|p2a: Archaludon|Stamina|boost
|-boost|p2a: Archaludon|def|1
|move|p2b: Incineroar|Parting Shot|p1a: Rillaboom
|-unboost|p1a: Rillaboom|atk|1
|-unboost|p1a: Rillaboom|spa|1
|
|t:|1756686297
|switch|p2b: Gholdengo|Gholdengo, L50, tera:Dragon|67/100|[from] Parting Shot
|move|p1b: Clodsire|High Horsepower|p2a: Archaludon
|-supereffective|p2a: Archaludon
|-damage|p2a: Archaludon|44/100
|-ability|p2a: Archaludon|Stamina|boost
|-boost|p2a: Archaludon|def|1
|
|-weather|RainDance|[upkeep]
|-heal|p2b: Gholdengo|73/100|[from] Grassy Terrain
|-heal|p2b: Gholdengo|79/100|[from] item: Leftovers
|-heal|p2a: Archaludon|50/100|[from] Grassy Terrain
|-heal|p1a: Rillaboom|13/100|[from] Grassy Terrain
|-heal|p1b: Clodsire|41/100|[from] Grassy Terrain
|upkeep
|turn|9
|
|t:|1756686312
|switch|p1a: Torkoal|Torkoal, L50, M|63/100
|-weather|SunnyDay|[from] ability: Drought|[of] p1a: Torkoal
|move|p2b: Gholdengo|Shadow Ball|p1b: Clodsire
|-damage|p1b: Clodsire|16/100
|move|p2a: Archaludon|Dragon Pulse|p1b: Clodsire
|-crit|p1b: Clodsire
|-damage|p1b: Clodsire|0 fnt
|faint|p1b: Clodsire
|
|-weather|SunnyDay|[upkeep]
|-heal|p2b: Gholdengo|85/100|[from] Grassy Terrain
|-heal|p2b: Gholdengo|92/100|[from] item: Leftovers
|-heal|p2a: Archaludon|56/100|[from] Grassy Terrain
|-heal|p1a: Torkoal|69/100|[from] Grassy Terrain
|upkeep
|
|t:|1756686326
|switch|p1b: Charizard|Charizard, L50, M|78/100
|turn|10
|
|t:|1756686341
|switch|p2b: Pelipper|Pelipper, L50, M|100/100
|-weather|RainDance|[from] ability: Drizzle|[of] p2b: Pelipper
|-terastallize|p1b: Charizard|Flying
|move|p1b: Charizard|Tera Blast|p2b: Pelipper|[anim] Tera Blast Flying
|-crit|p2b: Pelipper
|-enditem|p2b: Pelipper|Focus Sash
|-damage|p2b: Pelipper|1/100
|-damage|p1b: Charizard|69/100|[from] item: Life Orb
|move|p2a: Archaludon|Electro Shot||[still]
|-prepare|p2a: Archaludon|Electro Shot
|-boost|p2a: Archaludon|spa|1
|-anim|p2a: Archaludon|Electro Shot|p1a: Torkoal
|-damage|p1a: Torkoal|0 fnt
|faint|p1a: Torkoal
|
|-weather|RainDance|[upkeep]
|-heal|p2a: Archaludon|62/100|[from] Grassy Terrain
|-fieldend|move: Grassy Terrain
|upkeep
|
|t:|1756686357
|switch|p1a: Rillaboom|Rillaboom, L50, M|13/100
|-fieldstart|move: Grassy Terrain|[from] ability: Grassy Surge|[of] p1a: Rillaboom
|turn|11
|
|t:|1756686372
|move|p1a: Rillaboom|Fake Out|p2b: Pelipper
|-damage|p2b: Pelipper|0 fnt
|faint|p2b: Pelipper
|move|p1b: Charizard|Tera Blast|p2a: Archaludon|[anim] Tera Blast Flying
|-resisted|p2a: Archaludon
|-damage|p2a: Archaludon|38/100
|-ability|p2a: Archaludon|Stamina|boost
|-boost|p2a: Archaludon|def|1
|-damage|p1b: Charizard|59/100|[from] item: Life Orb
|move|p2a: Archaludon|Electro Shot||[still]
|-prepare|p2a: Archaludon|Electro Shot
|-boost|p2a: Archaludon|spa|1
|-anim|p2a: Archaludon|Electro Shot|p1b: Charizard
|-supereffective|p1b: Charizard
|-damage|p1b: Charizard|0 fnt
|faint|p1b: Charizard
|
|-weather|RainDance|[upkeep]
|-heal|p2a: Archaludon|44/100|[from] Grassy Terrain
|-heal|p1a: Rillaboom|18/100|[from] Grassy Terrain
|upkeep
|
|t:|1756686376
|switch|p2b: Incineroar|Incineroar, L50, M|99/100
|-ability|p2b: Incineroar|Intimidate|boost
|-unboost|p1a: Rillaboom|atk|1
|turn|12
|
|t:|1756686392
|move|p2b: Incineroar|Fake Out|p1a: Rillaboom
|-damage|p1a: Rillaboom|8/100
|move|p2a: Archaludon|Body Press|p1a: Rillaboom
|-damage|p1a: Rillaboom|0 fnt
|faint|p1a: Rillaboom
|
|win|Zachkahan
||Pickle315 is ready for game 2.
||Zachkahan is ready for game 2.
|uhtml|next|Next: Game 2 of 3
|l|☆Zachkahan
|player|p2|
