|j|☆Amonio
|j|☆pressinblades
|html|Amoniopressinblades    
|uhtml|bestof|Game 1 of a best-of-3
|t:|1782398730
|gametype|doubles
|player|p1|Amonio|1|1086
|player|p2|pressinblades|steven|1111
|gen|9
|tier|[Gen 9 Champions] VGC 2026 Reg M-B (Bo3)
|rated|
|rule|Species Clause: Limit one of each Pokémon
|rule|Item Clause: Limit 1 of each item
|clearpoke
|poke|p1|Gholdengo, L50|
|poke|p1|Garchomp, L50, F|
|poke|p1|Whimsicott, L50, M|
|poke|p1|Incineroar, L50, M|
|poke|p1|Sylveon, L50, F|
|poke|p1|Staraptor, L50, M|
|poke|p2|Talonflame, L50, M|
|poke|p2|Garchomp, L50, M, shiny|
|poke|p2|Maushold, L50|
|poke|p2|Gardevoir, L50, M, shiny|
|poke|p2|Metagross, L50|
|poke|p2|Torkoal, L50, M|
|teampreview|4
|showteam|p1|Gholdengo||ColburBerry|GoodasGold|MakeItRain,ShadowBall,NastyPlot,Protect|Modest|||||50|]Garchomp||LifeOrb|RoughSkin|Earthquake,RockSlide,DragonClaw,Protect|Jolly||F|||50|]Whimsicott||FocusSash|Prankster|Tailwind,Moonblast,Charm,Protect|Timid||M|||50|]Incineroar||ChopleBerry|Intimidate|FakeOut,FlareBlitz,DarkestLariat,PartingShot|Impish||M|||50|]Sylveon||FairyFeather|Pixilate|HyperVoice,HyperBeam,QuickAttack,Detect|Modest||F|||50|]Staraptor||Staraptite|Intimidate|CloseCombat,BraveBird,Roost,Protect|Jolly||M|||50|
|showteam|p2|Talonflame||LifeOrb|GaleWings|Protect,DualWingbeat,Tailwind,Overheat|Naive||M|||50|]Garchomp||ExpertBelt|RoughSkin|Protect,RockSlide,Earthquake,DragonClaw|Adamant||M|||50|]Maushold||FocusSash|FriendGuard|Protect,SuperFang,PopulationBomb,FollowMe|Adamant|||||50|]Gardevoir||Gardevoirite|Telepathy|Protect,TrickRoom,HyperVoice,Psychic|Modest||M|||50|]Metagross||Metagrossite|ClearBody|Protect,MeteorMash,PsychicFangs,BulletPunch|Adamant|||||50|]Torkoal||Charcoal|Drought|Protect,Overheat,HeatWave,EarthPower|Quiet||M|||50|
|inactive|Battle timer is ON: inactive players will automatically lose when time's up. (requested by Amonio)
|inactive|Amonio has 60 seconds left.
|inactive|pressinblades has 60 seconds left.
|
|t:|1782398805
|teamsize|p1|4
|teamsize|p2|4
|start
|switch|p1a: Staraptor|Staraptor, L50, M|100/100
|switch|p1b: Whimsicott|Whimsicott, L50, M|100/100
|switch|p2a: Talonflame|Talonflame, L50, M|100/100
|switch|p2b: Gardevoir|Gardevoir, L50, M, shiny|100/100
|-ability|p1a: Staraptor|Intimidate|boost
|-unboost|p2a: Talonflame|atk|1
|-unboost|p2b: Gardevoir|atk|1
|turn|1
|inactive|Amonio has 30 seconds left.
|inactive|pressinblades has 30 seconds left.
|
|t:|1782398835
|detailschange|p1a: Staraptor|Staraptor-Mega, L50, M
|-mega|p1a: Staraptor|Staraptor|Staraptite
|detailschange|p2b: Gardevoir|Gardevoir-Mega, L50, M, shiny
|-mega|p2b: Gardevoir|Gardevoir|Gardevoirite
|move|p2a: Talonflame|Tailwind|p2a: Talonflame
|-sidestart|p2: pressinblades|move: Tailwind
|move|p1b: Whimsicott|Tailwind|p1b: Whimsicott
|-sidestart|p1: Amonio|move: Tailwind
|move|p1a: Staraptor|Close Combat|p2b: Gardevoir
|-resisted|p2b: Gardevoir|2
|-damage|p2b: Gardevoir|82/100
|-boost|p1a: Staraptor|def|1
|-boost|p1a: Staraptor|spd|1
|move|p2b: Gardevoir|Hyper Voice|p1b: Whimsicott|[spread] p1a,p1b
|-supereffective|p1a: Staraptor|1
|-damage|p1a: Staraptor|30/100
|-damage|p1b: Whimsicott|19/100
|
|upkeep
|turn|2
|inactive|Amonio has 30 seconds left.
|
|t:|1782398863
|move|p2a: Talonflame|Dual Wingbeat|p1a: Staraptor
|-supereffective|p1a: Staraptor|1
|-damage|p1a: Staraptor|16/100
|-supereffective|p1a: Staraptor|1
|-damage|p1a: Staraptor|3/100
|-hitcount|p1a: Staraptor|2
|-damage|p2a: Talonflame|90/100|[from] item: Life Orb
|move|p1b: Whimsicott|Charm|p1a: Staraptor
|-boost|p1a: Staraptor|atk|2
|move|p1a: Staraptor|Brave Bird|p2b: Gardevoir
|-damage|p2b: Gardevoir|0 fnt
|faint|p2b: Gardevoir
|-damage|p1a: Staraptor|0 fnt|[from] Recoil
|faint|p1a: Staraptor
|
|upkeep
|inactive|pressinblades has 30 seconds left.
|
|t:|1782398896
|switch|p1a: Incineroar|Incineroar, L50, M|100/100
|switch|p2b: Torkoal|Torkoal, L50, M|100/100
|-ability|p1a: Incineroar|Intimidate|boost
|-unboost|p2a: Talonflame|atk|1
|-unboost|p2b: Torkoal|atk|1
|-weather|SunnyDay|[from] ability: Drought|[of] p2b: Torkoal
|turn|3
|inactive|Amonio has 30 seconds left.
|inactive|Amonio has 20 seconds left.
|inactive|Amonio has 15 seconds left.
|
|t:|1782398941
|switch|p1b: Garchomp|Garchomp, L50, F|100/100
|move|p2a: Talonflame|Dual Wingbeat|p1b: Garchomp
|-damage|p1b: Garchomp|89/100
|-damage|p2a: Talonflame|77/100|[from] ability: Rough Skin|[of] p1b: Garchomp
|-damage|p1b: Garchomp|79/100
|-damage|p2a: Talonflame|65/100|[from] ability: Rough Skin|[of] p1b: Garchomp
|-hitcount|p1b: Garchomp|2
|-damage|p2a: Talonflame|55/100|[from] item: Life Orb
|move|p1a: Incineroar|Flare Blitz|p2b: Torkoal
|-resisted|p2b: Torkoal|1
|-damage|p2b: Torkoal|72/100
|-damage|p1a: Incineroar|92/100|[from] Recoil
|move|p2b: Torkoal|Heat Wave|p1a: Incineroar|[spread] p1a,p1b
|-resisted|p1a: Incineroar|1
|-resisted|p1b: Garchomp|1
|-damage|p1a: Incineroar|71/100
|-damage|p1b: Garchomp|50/100g
|
|-weather|SunnyDay|[upkeep]
|upkeep
|turn|4
|inactive|Amonio has 30 seconds left.
|inactive|pressinblades has 30 seconds left.
|inactive|pressinblades has 20 seconds left.
|inactive|pressinblades has 15 seconds left.
|inactive|pressinblades has 10 seconds left.
|
|t:|1782398987
|move|p2a: Talonflame|Protect|p2a: Talonflame
|-singleturn|p2a: Talonflame|Protect
|move|p1b: Garchomp|Rock Slide|p2b: Torkoal|[spread] p2b
|-activate|p2a: Talonflame|move: Protect
|-supereffective|p2b: Torkoal|1
|-damage|p2b: Torkoal|34/100
|-damage|p1b: Garchomp|40/100|[from] item: Life Orb
|move|p1a: Incineroar|Darkest Lariat|p2b: Torkoal
|-damage|p2b: Torkoal|10/100
|move|p2b: Torkoal|Heat Wave|p1a: Incineroar|[spread] p1a,p1b
|-resisted|p1a: Incineroar|1
|-resisted|p1b: Garchomp|1
|-damage|p1a: Incineroar|51/100
|-damage|p1b: Garchomp|11/100
|
|-weather|SunnyDay|[upkeep]
|-sideend|p2: pressinblades|move: Tailwind
|-sideend|p1: Amonio|move: Tailwind
|upkeep
|turn|5
|inactive|pressinblades has 30 seconds left.
|
|t:|1782399014
|move|p2a: Talonflame|Dual Wingbeat|p1b: Garchomp
|-damage|p1b: Garchomp|2/100
|-damage|p2a: Talonflame|43/100|[from] ability: Rough Skin|[of] p1b: Garchomp
|-damage|p1b: Garchomp|0 fnt
|-damage|p2a: Talonflame|30/100|[from] ability: Rough Skin|[of] p1b: Garchomp
|faint|p1b: Garchomp
|-hitcount|p1: Garchomp|2
|-damage|p2a: Talonflame|20/100y|[from] item: Life Orb
|move|p1a: Incineroar|Darkest Lariat|p2b: Torkoal
|-damage|p2b: Torkoal|0 fnt
|faint|p2b: Torkoal
|
|-weather|SunnyDay|[upkeep]
|upkeep
|
|t:|1782399026
|switch|p1b: Whimsicott|Whimsicott, L50, M|19/100
|switch|p2b: Garchomp|Garchomp, L50, M, shiny|100/100
|turn|6
|
|t:|1782399036
|move|p1b: Whimsicott|Protect|p1b: Whimsicott
|-singleturn|p1b: Whimsicott|Protect
|move|p2a: Talonflame|Tailwind|p2a: Talonflame
|-sidestart|p2: pressinblades|move: Tailwind
|move|p2b: Garchomp|Earthquake|p1b: Whimsicott|[spread] p1a
|-activate|p1b: Whimsicott|move: Protect
|-immune|p2a: Talonflame
|-supereffective|p1a: Incineroar|1
|-damage|p1a: Incineroar|0 fnt
|faint|p1a: Incineroar
|
|-weather|SunnyDay|[upkeep]
|upkeep
|turn|7
|-message|Amonio forfeited.
|
|win|pressinblades
|l|☆Amonio
|player|p1|
