|j|☆Vuultur
|j|☆oops all fake outs
|html|Vuulturoops all fake outs    
|uhtml|bestof|Game 2 of a best-of-3
|t:|1756936213
|gametype|doubles
|player|p1|Vuultur|hilbert-wonderlauncher|1264
|player|p2|oops all fake outs|skier|1366
|gen|9
|tier|[Gen 9] VGC 2025 Reg H (Bo3)
|rated|
|rule|Species Clause: Limit one of each Pokémon
|rule|Item Clause: Limit 1 of each item
|clearpoke
|poke|p1|Gholdengo, L50|
|poke|p1|Amoonguss, L50, F|
|poke|p1|Basculegion, L50, M|
|poke|p1|Pelipper, L50, M|
|poke|p1|Incineroar, L50, M|
|poke|p1|Archaludon, L50, M|
|poke|p2|Ninetales-Alola, L50, F|
|poke|p2|Rillaboom, L50, M|
|poke|p2|Magmar, L50, F|
|poke|p2|Sneasler, L50, F|
|poke|p2|Kingambit, L50, F|
|poke|p2|Basculegion, L50, M|
|teampreview|4
|showteam|p1|Gholdengo||LifeOrb|GoodasGold|MakeItRain,ShadowBall,NastyPlot,Protect||||||50|,,,,,Water]Amoonguss||SitrusBerry|Regenerator|Spore,RagePowder,PollenPuff,ClearSmog|||F|||50|,,,,,Psychic]Basculegion||ChoiceBand|SwiftSwim|WaveCrash,FlipTurn,LastRespects,AquaJet|||M|||50|,,,,,Water]Pelipper||FocusSash|Drizzle|WeatherBall,Hurricane,Tailwind,Protect|||M|||50|,,,,,Ground]Incineroar||SafetyGoggles|Intimidate|FlareBlitz,KnockOff,PartingShot,FakeOut|||M|||50|,,,,,Ghost]Archaludon||AssaultVest|Stamina|ElectroShot,FlashCannon,DracoMeteor,BodyPress|||M|||50|,,,,,Bug
|showteam|p2|Ninetales-Alola||LifeOrb|SnowWarning|Blizzard,FreezeDry,Encore,Protect|||F|||50|,,,,,Ghost]Rillaboom||AssaultVest|GrassySurge|WoodHammer,FakeOut,Uturn,GrassyGlide|||M|||50|,,,,,Ghost]Magmar||Eviolite|VitalSpirit|Protect,HeatWave,Taunt,FollowMe|||F|||50|,,,,,Ghost]Sneasler||FocusSash|PoisonTouch|FakeOut,DireClaw,CloseCombat,Protect|||F|||50|,,,,,Ghost]Kingambit||BlackGlasses|Defiant|KowtowCleave,SwordsDance,SuckerPunch,Protect|||F|||50|,,,,,Fire]Basculegion||ChoiceScarf|Adaptability|WaveCrash,LastRespects,FlipTurn,TeraBlast|||M|||50|,,,,,Fighting
|inactive|Battle timer is ON: inactive players will automatically lose when time's up. (requested by oops all fake outs)
|j| Arkhept
|l| Arkhept
|j| teamthief420
|inactive|Vuultur has 60 seconds left.
|inactive|oops all fake outs has 60 seconds left.
|
|t:|1756936268
|teamsize|p1|4
|teamsize|p2|4
|start
|switch|p1a: Amoonguss|Amoonguss, L50, F|100/100
|switch|p1b: Gholdengo|Gholdengo, L50|100/100
|switch|p2a: Rillaboom|Rillaboom, L50, M|100/100
|switch|p2b: Kingambit|Kingambit, L50, F|100/100
|-fieldstart|move: Grassy Terrain|[from] ability: Grassy Surge|[of] p2a: Rillaboom
|turn|1
|
|t:|1756936292
|-terastallize|p1b: Gholdengo|Water
|move|p2a: Rillaboom|Fake Out|p1a: Amoonguss
|-damage|p1a: Amoonguss|89/100
|move|p1b: Gholdengo|Nasty Plot|p1b: Gholdengo
|-boost|p1b: Gholdengo|spa|2
|move|p2b: Kingambit|Kowtow Cleave|p1b: Gholdengo
|-damage|p1b: Gholdengo|36/100
|cant|p1a: Amoonguss|flinch
|
|-heal|p1b: Gholdengo|42/100|[from] Grassy Terrain
|-heal|p1a: Amoonguss|95/100|[from] Grassy Terrain
|upkeep
|turn|2
|inactive|oops all fake outs has 30 seconds left.
|
|t:|1756936320
|switch|p1b: Archaludon|Archaludon, L50, M|100/100
|move|p2a: Rillaboom|Grassy Glide|p1b: Archaludon
|-resisted|p1b: Archaludon
|-damage|p1b: Archaludon|94/100
|-ability|p1b: Archaludon|Stamina|boost
|-boost|p1b: Archaludon|def|1
|move|p2b: Kingambit|Kowtow Cleave|p1a: Amoonguss
|-damage|p1a: Amoonguss|51/100
|move|p1a: Amoonguss|Spore|p2b: Kingambit
|-status|p2b: Kingambit|slp|[from] move: Spore
|
|-heal|p1b: Archaludon|100/100|[from] Grassy Terrain
|-heal|p1a: Amoonguss|57/100|[from] Grassy Terrain
|upkeep
|turn|3
|inactive|Vuultur has 30 seconds left.
|
|t:|1756936346
|switch|p1a: Pelipper|Pelipper, L50, M|100/100
|-weather|RainDance|[from] ability: Drizzle|[of] p1a: Pelipper
|-terastallize|p2b: Kingambit|Fire
|move|p1b: Archaludon|Electro Shot||[still]
|-prepare|p1b: Archaludon|Electro Shot
|-boost|p1b: Archaludon|spa|1
|-anim|p1b: Archaludon|Electro Shot|p2b: Kingambit
|-damage|p2b: Kingambit|38/100 slp
|move|p2a: Rillaboom|Wood Hammer|p1a: Pelipper
|-enditem|p1a: Pelipper|Focus Sash
|-damage|p1a: Pelipper|1/100
|-damage|p2a: Rillaboom|78/100|[from] Recoil
|cant|p2b: Kingambit|slp
|
|-weather|RainDance|[upkeep]
|-heal|p2a: Rillaboom|84/100|[from] Grassy Terrain
|-heal|p2b: Kingambit|44/100 slp|[from] Grassy Terrain
|upkeep
|turn|4
|inactive|Vuultur has 30 seconds left.
|
|t:|1756936375
|switch|p1a: Amoonguss|Amoonguss, L50, F|90/100
|switch|p2b: Sneasler|Sneasler, L50, F|100/100
|move|p1b: Archaludon|Draco Meteor|p2b: Sneasler
|-enditem|p2b: Sneasler|Focus Sash
|-damage|p2b: Sneasler|1/100
|-unboost|p1b: Archaludon|spa|2
|move|p2a: Rillaboom|U-turn|p1a: Amoonguss
|-damage|p1a: Amoonguss|70/100
|
|t:|1756936379
|switch|p2a: Ninetales|Ninetales-Alola, L50, F|100/100|[from] U-turn
|-weather|Snowscape|[from] ability: Snow Warning|[of] p2a: Ninetales
|
|-weather|Snowscape|[upkeep]
|-heal|p2b: Sneasler|7/100|[from] Grassy Terrain
|-heal|p1a: Amoonguss|75/100|[from] Grassy Terrain
|upkeep
|turn|5
|inactive|oops all fake outs has 30 seconds left.
|inactive|Vuultur has 30 seconds left.
|inactive|Vuultur has 20 seconds left.
|
|t:|1756936421
|switch|p2b: Kingambit|Kingambit, L50, F, tera:Fire|44/100 slp
|switch|p1a: Pelipper|Pelipper, L50, M|1/100
|-weather|RainDance|[from] ability: Drizzle|[of] p1a: Pelipper
|move|p2a: Ninetales|Freeze-Dry|p1a: Pelipper
|-supereffective|p1a: Pelipper
|-damage|p1a: Pelipper|0 fnt
|faint|p1a: Pelipper
|-damage|p2a: Ninetales|91/100|[from] item: Life Orb
|move|p1b: Archaludon|Flash Cannon|p2a: Ninetales
|-supereffective|p2a: Ninetales
|-damage|p2a: Ninetales|0 fnt
|faint|p2a: Ninetales
|
|-weather|RainDance|[upkeep]
|-heal|p2b: Kingambit|50/100 slp|[from] Grassy Terrain
|-fieldend|move: Grassy Terrain
|upkeep
|
|t:|1756936435
|switch|p2a: Rillaboom|Rillaboom, L50, M|84/100
|switch|p1a: Amoonguss|Amoonguss, L50, F|100/100
|-fieldstart|move: Grassy Terrain|[from] ability: Grassy Surge|[of] p2a: Rillaboom
|turn|6
|inactive|Vuultur has 30 seconds left.
|
|t:|1756936461
|move|p2a: Rillaboom|Fake Out|p1b: Archaludon
|-resisted|p1b: Archaludon
|-damage|p1b: Archaludon|97/100
|-ability|p1b: Archaludon|Stamina|boost
|-boost|p1b: Archaludon|def|1
|cant|p1b: Archaludon|flinch
|cant|p2b: Kingambit|slp
|move|p1a: Amoonguss|Spore|p2b: Kingambit
|-fail|p2b: Kingambit|slp
|
|-weather|RainDance|[upkeep]
|-heal|p1b: Archaludon|100/100|[from] Grassy Terrain
|-heal|p2a: Rillaboom|90/100|[from] Grassy Terrain
|-heal|p2b: Kingambit|56/100 slp|[from] Grassy Terrain
|upkeep
|turn|7
|-message|oops all fake outs forfeited.
|
|win|Vuultur
|raw|Vuultur's rating: 1264 → 1296(+32 for winning)
|raw|oops all fake outs's rating: 1366 → 1340(-26 for losing)
|l|☆Vuultur
|player|p1|
|l| teamthief420
