|j|☆chimpum12
|j|☆Gancelot
|html|chimpum12Gancelot    
|uhtml|bestof|Game 1 of a best-of-3
|t:|1783535718
|gametype|doubles
|player|p1|chimpum12|102|1278
|player|p2|Gancelot|morty|1272
|gen|9
|tier|[Gen 9 Champions] VGC 2026 Reg M-B (Bo3)
|rated|
|rule|Species Clause: Limit one of each Pokémon
|rule|Item Clause: Limit 1 of each item
|clearpoke
|poke|p1|Charizard, L50, F|
|poke|p1|Kingambit, L50, M|
|poke|p1|Sylveon, L50, M|
|poke|p1|Garchomp, L50, M|
|poke|p1|Aerodactyl, L50, M|
|poke|p1|Farigiraf, L50, F|
|poke|p2|Garchomp, L50, M|
|poke|p2|Venusaur, L50, M|
|poke|p2|Incineroar, L50, F|
|poke|p2|Charizard, L50, M|
|poke|p2|Toxapex, L50, F|
|poke|p2|Annihilape, L50, F|
|teampreview|4
|showteam|p1|Charizard||CharizarditeY|SolarPower|Protect,HeatWave,SolarBeam,WeatherBall|Modest||F|||50|]Kingambit||FocusSash|Defiant|IronHead,SuckerPunch,KowtowCleave,LowKick|Adamant||M|||50|]Sylveon||FairyFeather|Pixilate|Detect,HyperVoice,HyperBeam,QuickAttack|Modest||M|||50|]Garchomp||LifeOrb|RoughSkin|Protect,DragonClaw,Earthquake,RockSlide|Jolly||M|||50|]Aerodactyl||Aerodactylite|Unnerve|IceFang,RockSlide,Tailwind,DualWingbeat|Jolly||M|||50|]Farigiraf||SitrusBerry|ArmorTail|TrickRoom,Psychic,Thunderbolt,Protect|Bold||F|||50|
|showteam|p2|Garchomp||ChoiceScarf|RoughSkin|Earthquake,RockSlide,DragonClaw,StompingTantrum|Adamant||M|||50|]Venusaur||LifeOrb|Chlorophyll|SludgeBomb,SolarBeam,EarthPower,Protect|Modest||M|||50|]Incineroar||SitrusBerry|Intimidate|FakeOut,FlareBlitz,ThroatChop,PartingShot|Impish||F|||50|]Charizard||CharizarditeY|Blaze|HeatWave,WeatherBall,Protect,HelpingHand|Modest||M|||50|]Toxapex||Leftovers|Regenerator|Infestation,Toxic,WideGuard,BanefulBunker|Impish||F|||50|]Annihilape||FocusSash|Defiant|CloseCombat,PhantomForce,RockTomb,Protect|Jolly||F|||50|
|inactive|Battle timer is ON: inactive players will automatically lose when time's up. (requested by Gancelot)
|j| GoPlayCatch
|inactive|chimpum12 has 60 seconds left.
|inactive|Gancelot has 60 seconds left.
|
|t:|1783535772
|teamsize|p1|4
|teamsize|p2|4
|start
|switch|p1a: Charizard|Charizard, L50, F|100/100
|switch|p1b: Farigiraf|Farigiraf, L50, F|100/100
|switch|p2a: Charizard|Charizard, L50, M|100/100
|switch|p2b: Garchomp|Garchomp, L50, M|100/100
|turn|1
|
|t:|1783535787
|detailschange|p2a: Charizard|Charizard-Mega-Y, L50, M
|-mega|p2a: Charizard|Charizard|Charizardite Y
|-weather|SunnyDay|[from] ability: Drought|[of] p2a: Charizard
|move|p1a: Charizard|Protect|p1a: Charizard
|-singleturn|p1a: Charizard|Protect
|move|p2b: Garchomp|Stomping Tantrum|p1b: Farigiraf
|-damage|p1b: Farigiraf|70/100
|move|p2a: Charizard|Weather Ball|p1b: Farigiraf
|-damage|p1b: Farigiraf|0 fnt
|faint|p1b: Farigiraf
|
|-weather|SunnyDay|[upkeep]
|-damage|p1a: Charizard|87/100|[from] ability: Solar Power|[of] p1a: Charizard
|upkeep
|
|t:|1783535804
|switch|p1b: Garchomp|Garchomp, L50, M|100/100
|turn|2
|
|t:|1783535819
|switch|p2b: Toxapex|Toxapex, L50, F|100/100
|switch|p1a: Sylveon|Sylveon, L50, M|100/100
|move|p2a: Charizard|Protect|p2a: Charizard
|-singleturn|p2a: Charizard|Protect
|move|p1b: Garchomp|Rock Slide|p2a: Charizard|[spread] p2b
|-activate|p2a: Charizard|move: Protect
|-damage|p2b: Toxapex|83/100
|-damage|p1b: Garchomp|90/100|[from] item: Life Orb
|
|-weather|SunnyDay|[upkeep]
|-heal|p2b: Toxapex|89/100|[from] item: Leftovers
|upkeep
|turn|3
|
|t:|1783535837
|switch|p1a: Charizard|Charizard, L50, F|87/100
|move|p2b: Toxapex|Wide Guard|p2b: Toxapex
|-singleturn|p2b: Toxapex|Wide Guard
|move|p1b: Garchomp|Rock Slide|p2a: Charizard|[spread] 
|-activate|p2a: Charizard|move: Wide Guard
|-activate|p2b: Toxapex|move: Wide Guard
|move|p2a: Charizard|Heat Wave|p1a: Charizard|[spread] p1a,p1b
|-resisted|p1a: Charizard|1
|-resisted|p1b: Garchomp|1
|-damage|p1a: Charizard|55/100
|-damage|p1b: Garchomp|57/100
|
|-weather|SunnyDay|[upkeep]
|-damage|p1a: Charizard|43/100|[from] ability: Solar Power|[of] p1a: Charizard
|-heal|p2b: Toxapex|94/100|[from] item: Leftovers
|upkeep
|turn|4
|
|t:|1783535861
|detailschange|p1a: Charizard|Charizard-Mega-Y, L50, F
|-mega|p1a: Charizard|Charizard|Charizardite Y
|move|p2b: Toxapex|Wide Guard|p2b: Toxapex
|-singleturn|p2b: Toxapex|Wide Guard
|move|p1b: Garchomp|Earthquake|p2a: Charizard|[spread] 
|-activate|p2a: Charizard|move: Wide Guard
|-activate|p2b: Toxapex|move: Wide Guard
|-immune|p1a: Charizard
|move|p2a: Charizard|Weather Ball|p1b: Garchomp
|-resisted|p1b: Garchomp|1
|-damage|p1b: Garchomp|9/100
|move|p1a: Charizard|Solar Beam||[still]
|-prepare|p1a: Charizard|Solar Beam
|-anim|p1a: Charizard|Solar Beam|p2b: Toxapex
|-damage|p2b: Toxapex|60/100
|
|-weather|SunnyDay|[upkeep]
|-heal|p2b: Toxapex|66/100|[from] item: Leftovers
|upkeep
|turn|5
|inactive|chimpum12 has 30 seconds left.
|
|t:|1783535887
|-heal|p2b: Toxapex|99/100|[from] ability: Regenerator|[silent]
|switch|p2b: Garchomp|Garchomp, L50, M|100/100
|move|p2a: Charizard|Protect|p2a: Charizard
|-singleturn|p2a: Charizard|Protect
|move|p1b: Garchomp|Rock Slide|p2a: Charizard|[spread] p2b
|-activate|p2a: Charizard|move: Protect
|-resisted|p2b: Garchomp|1
|-damage|p2b: Garchomp|88/100
|-damage|p1b: Garchomp|0 fnt|[from] item: Life Orb
|faint|p1b: Garchomp
|move|p1a: Charizard|Weather Ball|p2a: Charizard
|-activate|p2a: Charizard|move: Protect
|
|-weather|none
|upkeep
|
|t:|1783535903
|switch|p1b: Sylveon|Sylveon, L50, M|100/100
|turn|6
|
|t:|1783535913
|switch|p2b: Venusaur|Venusaur, L50, M|100/100
|switch|p2a: Toxapex|Toxapex, L50, F|99/100
|move|p1a: Charizard|Protect|p1a: Charizard
|-singleturn|p1a: Charizard|Protect
|move|p1b: Sylveon|Hyper Voice|p2b: Venusaur|[spread] p2a,p2b
|-resisted|p2a: Toxapex|1
|-resisted|p2b: Venusaur|1
|-damage|p2a: Toxapex|80/100
|-damage|p2b: Venusaur|74/100
|
|-heal|p2a: Toxapex|86/100|[from] item: Leftovers
|upkeep
|turn|7
|
|t:|1783535934
|move|p1a: Charizard|Heat Wave|p2b: Venusaur|[spread] p2b
|-miss|p1a: Charizard|p2a: Toxapex
|-supereffective|p2b: Venusaur|1
|-damage|p2b: Venusaur|0 fnt
|faint|p2b: Venusaur
|move|p1b: Sylveon|Hyper Beam|p2a: Toxapex
|-resisted|p2a: Toxapex|1
|-damage|p2a: Toxapex|46/100
|-mustrecharge|p1b: Sylveon
|move|p2a: Toxapex|Toxic|p1a: Charizard
|-status|p1a: Charizard|tox
|
|-heal|p2a: Toxapex|52/100|[from] item: Leftovers
|-damage|p1a: Charizard|37/100 tox|[from] psn
|upkeep
|
|t:|1783535943
|switch|p2b: Garchomp|Garchomp, L50, M|88/100
|turn|8
|
|t:|1783535954
|move|p1a: Charizard|Protect|p1a: Charizard
|-singleturn|p1a: Charizard|Protect
|move|p2b: Garchomp|Rock Slide|p1b: Sylveon|[spread] p1b
|-activate|p1a: Charizard|move: Protect
|-damage|p1b: Sylveon|78/100
|cant|p1b: Sylveon|recharge
|move|p2a: Toxapex|Toxic|p1b: Sylveon
|-status|p1b: Sylveon|tox
|
|-heal|p2a: Toxapex|57/100|[from] item: Leftovers
|-damage|p1a: Charizard|25/100 tox|[from] psn
|-damage|p1b: Sylveon|72/100 tox|[from] psn
|upkeep
|turn|9
|
|t:|1783535969
|move|p2b: Garchomp|Rock Slide|p1a: Charizard|[spread] p1a,p1b
|-supereffective|p1a: Charizard|2
|-damage|p1a: Charizard|0 fnt
|-damage|p1b: Sylveon|48/100 tox
|faint|p1a: Charizard
|cant|p1b: Sylveon|flinch
|move|p2a: Toxapex|Infestation|p1b: Sylveon
|-resisted|p1b: Sylveon|1
|-damage|p1b: Sylveon|46/100 tox
|-activate|p1b: Sylveon|move: Infestation|[of] p2a: Toxapex
|
|-heal|p2a: Toxapex|63/100|[from] item: Leftovers
|-damage|p1b: Sylveon|34/100 tox|[from] psn
|-damage|p1b: Sylveon|22/100 tox|[from] move: Infestation|[partiallytrapped]
|upkeep
|turn|10
|
|t:|1783535981
|move|p2a: Toxapex|Baneful Bunker|p2a: Toxapex
|-singleturn|p2a: Toxapex|move: Protect
|move|p2b: Garchomp|Rock Slide|p1b: Sylveon
|-damage|p1b: Sylveon|0 fnt
|faint|p1b: Sylveon
|
|win|Gancelot
||Gancelot is ready for game 2.
||chimpum12 is ready for game 2.
|uhtml|next|Next: Game 2 of 3
