|j|☆Hoanglatao
|j|☆GS Barnabe
|html|HoanglataoGS Barnabe    
|uhtml|bestof|Game 1 of a best-of-3
|t:|1786153487
|gametype|doubles
|player|p1|Hoanglatao|1|1178
|player|p2|GS Barnabe|2|1254
|gen|9
|tier|[Gen 9 Champions] VGC 2026 Reg M-B (Bo3)
|rated|
|rule|Species Clause: Limit one of each Pokémon
|rule|Item Clause: Limit 1 of each item
|clearpoke
|poke|p1|Farigiraf, L50, F|
|poke|p1|Torkoal, L50, F|
|poke|p1|Sylveon, L50, M|
|poke|p1|Milotic, L50, F|
|poke|p1|Staraptor, L50, F|
|poke|p1|Kingambit, L50, F|
|poke|p2|Clefable, L50, F|
|poke|p2|Tyranitar, L50, F|
|poke|p2|Garchomp, L50, M|
|poke|p2|Gholdengo, L50|
|poke|p2|Talonflame, L50, F|
|poke|p2|Venusaur, L50, F|
|teampreview|4
|showteam|p1|Farigiraf||ColburBerry|ArmorTail|Thunderbolt,TwinBeam,Protect,TrickRoom|Sassy||F|||50|]Torkoal||Charcoal|Drought|Eruption,EarthPower,Flamethrower,Protect|Quiet||F|||50|]Sylveon||SitrusBerry|Pixilate|Moonblast,Detect,HyperVoice,Yawn|Sassy||M|||50|]Milotic||Leftovers|Competitive|Scald,IcyWind,Recover,IceBeam|Bold||F|||50|]Staraptor||Staraptite|Intimidate|DualWingbeat,CloseCombat,BlazeKick,QuickAttack|Jolly||F|||50|]Kingambit||BlackGlasses|Defiant|KowtowCleave,Protect,SuckerPunch,BrickBreak|Adamant||F|||50|
|showteam|p2|Clefable||SitrusBerry|Unaware|Moonblast,FollowMe,IcyWind,Protect|Bold||F|||50|]Tyranitar||ChoiceScarf|SandStream|RockSlide,KnockOff,IcePunch,LowKick|Jolly||F|||50|]Garchomp||Garchompite|SandVeil|DracoMeteor,EarthPower,PowerGem,Protect|Modest||M|||50|]Gholdengo||LifeOrb|GoodasGold|MakeItRain,ShadowBall,NastyPlot,Protect|Modest|||||50|]Talonflame||Charcoal|GaleWings|FlareBlitz,DualWingbeat,Tailwind,Protect|Adamant||F|||50|]Venusaur||Venusaurite|Overgrow|GigaDrain,SludgeBomb,EarthPower,Protect|Modest||F|||50|
|inactive|Battle timer is ON: inactive players will automatically lose when time's up. (requested by GS Barnabe)
|
|t:|1786153573
|teamsize|p1|4
|teamsize|p2|4
|start
|switch|p1a: Farigiraf|Farigiraf, L50, F|100/100
|switch|p1b: Milotic|Milotic, L50, F|100/100
|switch|p2a: Garchomp|Garchomp, L50, M|100/100
|switch|p2b: Tyranitar|Tyranitar, L50, F|100/100
|-weather|Sandstorm|[from] ability: Sand Stream|[of] p2b: Tyranitar
|turn|1
|inactive|GS Barnabe has 30 seconds left.
|
|t:|1786153599
|switch|p2a: Gholdengo|Gholdengo, L50|100/100
|move|p2b: Tyranitar|Rock Slide|p1a: Farigiraf|[spread] p1a,p1b
|-damage|p1a: Farigiraf|62/100
|-damage|p1b: Milotic|73/100
|cant|p1b: Milotic|flinch
|move|p1a: Farigiraf|Trick Room|p1a: Farigiraf
|-fieldstart|move: Trick Room|[of] p1a: Farigiraf
|
|-weather|Sandstorm|[upkeep]
|-damage|p1a: Farigiraf|56/100|[from] Sandstorm
|-damage|p1b: Milotic|67/100|[from] Sandstorm
|-heal|p1b: Milotic|73/100|[from] item: Leftovers
|upkeep
|turn|2
|inactive|GS Barnabe has 30 seconds left.
|
|t:|1786153631
|switch|p1a: Staraptor|Staraptor, L50, F|100/100
|-ability|p1a: Staraptor|Intimidate|boost
|-unboost|p2a: Gholdengo|atk|1
|-unboost|p2b: Tyranitar|atk|1
|move|p1b: Milotic|Scald|p2b: Tyranitar
|-supereffective|p2b: Tyranitar|1
|-damage|p2b: Tyranitar|54/100
|move|p2a: Gholdengo|Nasty Plot|p2a: Gholdengo
|-boost|p2a: Gholdengo|spa|2
|move|p2b: Tyranitar|Rock Slide|p1b: Milotic|[spread] p1a,p1b
|-supereffective|p1a: Staraptor|1
|-damage|p1a: Staraptor|39/100
|-damage|p1b: Milotic|56/100
|
|-weather|Sandstorm|[upkeep]
|-damage|p1b: Milotic|51/100|[from] Sandstorm
|-damage|p1a: Staraptor|32/100|[from] Sandstorm
|-heal|p1b: Milotic|56/100|[from] item: Leftovers
|upkeep
|turn|3
|
|t:|1786153655
|switch|p1a: Farigiraf|Farigiraf, L50, F|56/100
|switch|p2b: Clefable|Clefable, L50, F|100/100
|move|p1b: Milotic|Scald|p2b: Clefable
|-damage|p2b: Clefable|68/100
|move|p2a: Gholdengo|Make It Rain|p1b: Milotic|[spread] p1a,p1b
|-resisted|p1b: Milotic|1
|-damage|p1a: Farigiraf|0 fnt
|-damage|p1b: Milotic|5/100
|-unboost|p2a: Gholdengo|spa|2
|faint|p1a: Farigiraf
|-damage|p2a: Gholdengo|90/100|[from] item: Life Orb
|
|-weather|Sandstorm|[upkeep]
|-damage|p2b: Clefable|62/100|[from] Sandstorm
|-damage|p1b: Milotic|0 fnt|[from] Sandstorm
|faint|p1b: Milotic
|upkeep
|
|t:|1786153662
|switch|p1a: Torkoal|Torkoal, L50, F|100/100
|switch|p1b: Staraptor|Staraptor, L50, F|32/100
|-weather|SunnyDay|[from] ability: Drought|[of] p1a: Torkoal
|-ability|p1b: Staraptor|Intimidate|boost
|-unboost|p2a: Gholdengo|atk|1
|-unboost|p2b: Clefable|atk|1
|turn|4
|inactive|GS Barnabe has 30 seconds left.
|
|t:|1786153691
|switch|p2a: Tyranitar|Tyranitar, L50, F|54/100
|-weather|Sandstorm|[from] ability: Sand Stream|[of] p2a: Tyranitar
|detailschange|p1b: Staraptor|Staraptor-Mega, L50, F
|-mega|p1b: Staraptor|Staraptor|Staraptite
|move|p1a: Torkoal|Eruption|p2a: Tyranitar|[spread] p2a,p2b
|-resisted|p2a: Tyranitar|1
|-damage|p2a: Tyranitar|34/100
|-damage|p2b: Clefable|5/100
|-enditem|p2b: Clefable|Sitrus Berry|[eat]
|-heal|p2b: Clefable|30/100|[from] item: Sitrus Berry
|move|p2b: Clefable|Moonblast|p1b: Staraptor
|-supereffective|p1b: Staraptor|1
|-damage|p1b: Staraptor|0 fnt
|faint|p1b: Staraptor
|
|-weather|Sandstorm|[upkeep]
|-damage|p1a: Torkoal|93/100|[from] Sandstorm
|-damage|p2b: Clefable|24/100|[from] Sandstorm
|upkeep
|turn|5
|-message|Hoanglatao forfeited.
|
|win|GS Barnabe
|l|☆Hoanglatao
|player|p1|
||Hoanglatao is ready for game 2.
