|j|☆Jao9222
|j|☆beastingfeasting7
|html|Jao9222beastingfeasting7    
|uhtml|bestof|Game 1 of a best-of-3
|t:|1757654930
|gametype|doubles
|player|p1|Jao9222|102|1006
|player|p2|beastingfeasting7|hilbert|1044
|gen|9
|tier|[Gen 9] VGC 2025 Reg H (Bo3)
|rated|
|rule|Species Clause: Limit one of each Pokémon
|rule|Item Clause: Limit 1 of each item
|clearpoke
|poke|p1|Pelipper, L50, M|
|poke|p1|Archaludon, L50, M|
|poke|p1|Basculegion, L50, M|
|poke|p1|Amoonguss, L50, M|
|poke|p1|Incineroar, L50, F|
|poke|p1|Maushold-Four, L50|
|poke|p2|Basculegion, L50, M|
|poke|p2|Archaludon, L50, M|
|poke|p2|Pelipper, L50, F|
|poke|p2|Rillaboom, L50, M|
|poke|p2|Malamar, L50, F|
|poke|p2|Goodra-Hisui, L50, M|
|teampreview|4
|showteam|p1|Pelipper||DampRock|Drizzle|WeatherBall,Tailwind,Hurricane,Protect|||M|||50|,,,,,Water]Archaludon||PowerHerb|Stamina|BodyPress,ElectroShot,DragonPulse,FlashCannon|||M|||50|,,,,,Electric]Basculegion||ChoiceBand|SwiftSwim|FlipTurn,LastRespects,Waterfall,WaveCrash|||M|||50|,,,,,Water]Amoonguss||RockyHelmet|Regenerator|Spore,PollenPuff,RagePowder,Protect|||M|||50|,,,,,Fairy]Incineroar||SitrusBerry|Intimidate|FakeOut,FlareBlitz,PartingShot,KnockOff|||F|||50|,,,,,Ghost]Maushold-Four||WideLens|Technician|PopulationBomb,TidyUp,ThunderWave,Encore||||||50|,,,,,Normal
|showteam|p2|Basculegion||ChoiceBand|SwiftSwim|WaveCrash,LastRespects,FlipTurn,AquaJet|||M|||50|,,,,,Grass]Archaludon||PowerHerb|Stamina|ElectroShot,DragonPulse,FlashCannon,Protect|||M|||50|,,,,,Electric]Pelipper||FocusSash|Drizzle|Tailwind,WeatherBall,Hurricane,Protect|||F|||50|,,,,,Ghost]Rillaboom||AssaultVest|GrassySurge|FakeOut,GrassyGlide,Uturn,HighHorsepower|||M|||50|,,,,,Fire]Malamar||SitrusBerry|Contrary|SkillSwap,Superpower,PsychoCut,Protect|||F|||50|,,,,,Dark]Goodra-Hisui||WideLens|Gooey|DracoMeteor,FlashCannon,LifeDew,Protect|||M|||50|,,,,,Dragon
|inactive|Battle timer is ON: inactive players will automatically lose when time's up. (requested by beastingfeasting7)
|inactive|beastingfeasting7 has 60 seconds left.
|inactive|beastingfeasting7 has 30 seconds left.
|inactive|beastingfeasting7 has 20 seconds left.
|
|t:|1757655004
|teamsize|p1|4
|teamsize|p2|4
|start
|switch|p1a: Maushold|Maushold-Four, L50|100/100
|switch|p1b: Archaludon|Archaludon, L50, M|100/100
|switch|p2a: Basculegion|Basculegion, L50, M, shiny|100/100
|switch|p2b: Malamar|Malamar, L50, F|100/100
|turn|1
|inactive|beastingfeasting7 has 30 seconds left.
|inactive|beastingfeasting7 has 20 seconds left.
|inactive|beastingfeasting7 has 15 seconds left.
|inactive|beastingfeasting7 has 10 seconds left.
|
|t:|1757655050
|switch|p2b: Pelipper|Pelipper, L50, F|100/100
|-weather|RainDance|[from] ability: Drizzle|[of] p2b: Pelipper
|move|p2a: Basculegion|Wave Crash|p1a: Maushold
|-damage|p1a: Maushold|0 fnt
|faint|p1a: Maushold
|-damage|p2a: Basculegion|73/100|[from] Recoil
|move|p1b: Archaludon|Electro Shot||[still]
|-prepare|p1b: Archaludon|Electro Shot
|-boost|p1b: Archaludon|spa|1
|-anim|p1b: Archaludon|Electro Shot|p2a: Basculegion
|-supereffective|p2a: Basculegion
|-damage|p2a: Basculegion|0 fnt
|faint|p2a: Basculegion
|
|-weather|RainDance|[upkeep]
|upkeep
|
|t:|1757655065
|switch|p1a: Incineroar|Incineroar, L50, F|100/100
|switch|p2a: Malamar|Malamar, L50, F|100/100
|-ability|p1a: Incineroar|Intimidate|boost
|-boost|p2a: Malamar|atk|1
|-unboost|p2b: Pelipper|atk|1
|turn|2
|
|t:|1757655084
|move|p2a: Malamar|Protect|p2a: Malamar
|-singleturn|p2a: Malamar|Protect
|move|p2b: Pelipper|Protect|p2b: Pelipper
|-singleturn|p2b: Pelipper|Protect
|move|p1a: Incineroar|Fake Out|p2b: Pelipper
|-activate|p2b: Pelipper|move: Protect
|move|p1b: Archaludon|Body Press|p2a: Malamar
|-activate|p2a: Malamar|move: Protect
|
|-weather|RainDance|[upkeep]
|upkeep
|turn|3
|
|t:|1757655102
|move|p2a: Malamar|Superpower|p1a: Incineroar
|-supereffective|p1a: Incineroar
|-damage|p1a: Incineroar|32/100
|-boost|p2a: Malamar|atk|1
|-boost|p2a: Malamar|def|1
|-enditem|p1a: Incineroar|Sitrus Berry|[eat]
|-heal|p1a: Incineroar|57/100|[from] item: Sitrus Berry
|move|p2b: Pelipper|Tailwind|p2b: Pelipper
|-sidestart|p2: beastingfeasting7|move: Tailwind
|move|p1b: Archaludon|Electro Shot||[still]
|-prepare|p1b: Archaludon|Electro Shot
|-boost|p1b: Archaludon|spa|1
|-anim|p1b: Archaludon|Electro Shot|p2b: Pelipper
|-supereffective|p2b: Pelipper
|-enditem|p2b: Pelipper|Focus Sash
|-damage|p2b: Pelipper|1/100
|move|p1a: Incineroar|Knock Off|p2a: Malamar
|-damage|p2a: Malamar|71/100
|-enditem|p2a: Malamar|Sitrus Berry|[from] move: Knock Off|[of] p1a: Incineroar
|
|-weather|RainDance|[upkeep]
|upkeep
|turn|4
|inactive|beastingfeasting7 has 30 seconds left.
|inactive|Jao9222 has 30 seconds left.
|
|t:|1757655140
|switch|p1a: Pelipper|Pelipper, L50, M|100/100
|-terastallize|p1b: Archaludon|Electric
|move|p2a: Malamar|Superpower|p1b: Archaludon
|-damage|p1b: Archaludon|66/100
|-boost|p2a: Malamar|atk|1
|-boost|p2a: Malamar|def|1
|-ability|p1b: Archaludon|Stamina|boost
|-boost|p1b: Archaludon|def|1
|move|p2b: Pelipper|Weather Ball|p1a: Pelipper
|-resisted|p1a: Pelipper
|-damage|p1a: Pelipper|50/100
|move|p1b: Archaludon|Electro Shot||[still]
|-prepare|p1b: Archaludon|Electro Shot
|-boost|p1b: Archaludon|spa|1
|-anim|p1b: Archaludon|Electro Shot|p2a: Malamar
|-damage|p2a: Malamar|0 fnt
|faint|p2a: Malamar
|
|-weather|RainDance|[upkeep]
|upkeep
|
|t:|1757655162
|switch|p2a: Goodra|Goodra-Hisui, L50, M, shiny|100/100
|turn|5
|inactive|beastingfeasting7 has 30 seconds left.
|
|t:|1757655188
|move|p2b: Pelipper|Weather Ball|p1b: Archaludon
|-damage|p1b: Archaludon|0 fnt
|faint|p1b: Archaludon
|move|p2a: Goodra|Flash Cannon|p1a: Pelipper
|-resisted|p1a: Pelipper
|-damage|p1a: Pelipper|20/100
|move|p1a: Pelipper|Weather Ball|p2b: Pelipper
|-resisted|p2b: Pelipper
|-damage|p2b: Pelipper|0 fnt
|faint|p2b: Pelipper
|
|-weather|none
|upkeep
|
|t:|1757655192
|switch|p1b: Incineroar|Incineroar, L50, F|57/100
|-ability|p1b: Incineroar|Intimidate|boost
|-unboost|p2a: Goodra|atk|1
|turn|6
|
|t:|1757655203
|move|p2a: Goodra|Protect|p2a: Goodra
|-singleturn|p2a: Goodra|Protect
|move|p1b: Incineroar|Fake Out|p2a: Goodra
|-activate|p2a: Goodra|move: Protect
|move|p1a: Pelipper|Tailwind|p1a: Pelipper
|-sidestart|p1: Jao9222|move: Tailwind
|
|-sideend|p2: beastingfeasting7|move: Tailwind
|upkeep
|turn|7
|inactive|beastingfeasting7 has 30 seconds left.
|
|t:|1757655232
|move|p1a: Pelipper|Hurricane|p2a: Goodra
|-resisted|p2a: Goodra
|-damage|p2a: Goodra|85/100
|move|p1b: Incineroar|Flare Blitz|p2a: Goodra
|-damage|p2a: Goodra|38/100
|-ability|p2a: Goodra|Gooey
|-unboost|p1b: Incineroar|spe|1
|-damage|p1b: Incineroar|43/100|[from] Recoil
|move|p2a: Goodra|Flash Cannon|p1a: Pelipper
|-resisted|p1a: Pelipper
|-damage|p1a: Pelipper|0 fnt
|faint|p1a: Pelipper
|
|upkeep
|turn|8
|inactive|beastingfeasting7 has 30 seconds left.
|
|t:|1757655263
|-terastallize|p2a: Goodra|Dragon
|move|p1b: Incineroar|Flare Blitz|p2a: Goodra
|-resisted|p2a: Goodra
|-damage|p2a: Goodra|16/100
|-ability|p2a: Goodra|Gooey
|-unboost|p1b: Incineroar|spe|1
|-damage|p1b: Incineroar|36/100|[from] Recoil
|move|p2a: Goodra|Draco Meteor|p1b: Incineroar
|-damage|p1b: Incineroar|0 fnt
|-unboost|p2a: Goodra|spa|2
|faint|p1b: Incineroar
|
|win|beastingfeasting7
||beastingfeasting7 is ready for game 2.
|inactive|Jao9222 has 30 seconds to confirm battle start!
||Jao9222 is ready for game 2.
|uhtml|next|Next: Game 2 of 3
|j| draco misses
|l| draco misses
|j| TheParasectKing
|l| TheParasectKing
|j| Thefastpig
|j| Airdog
|j| kritath
|l| kritath
|j| ido1234567890
|l| Airdog
|l| Thefastpig
|l| ido1234567890
