|j|☆unovarydrake
|j|☆Soraxjm
|html|unovarydrakeSoraxjm    
|uhtml|bestof|Game 2 of a best-of-3
|t:|1757031585
|gametype|doubles
|player|p1|unovarydrake|elesa|
|player|p2|Soraxjm|steven|
|gen|9
|tier|[Gen 9] VGC 2025 Reg H (Bo3)
|rule|Species Clause: Limit one of each Pokémon
|rule|Item Clause: Limit 1 of each item
|clearpoke
|poke|p1|Volcarona, L50, M|
|poke|p1|Rillaboom, L50, M|
|poke|p1|Kingambit, L50, F|
|poke|p1|Electabuzz, L50, F|
|poke|p1|Sneasler, L50, F|
|poke|p1|Dragonite, L50, M|
|poke|p2|Gholdengo, L50|
|poke|p2|Ursaluna-Bloodmoon, L50, M|
|poke|p2|Maushold-Four, L50|
|poke|p2|Annihilape, L50, F|
|poke|p2|Dragonite, L50, F|
|poke|p2|Rillaboom, L50, F|
|teampreview|4
|showteam|p1|Volcarona||CovertCloak|FlameBody|HeatWave,TeraBlast,QuiverDance,Protect|||M|||50|,,,,,Fairy]Rillaboom||AssaultVest|GrassySurge|WoodHammer,GrassyGlide,HighHorsepower,FakeOut|||M|||50|,,,,,Fire]Kingambit||BlackGlasses|Defiant|KowtowCleave,SuckerPunch,SwordsDance,Protect|||F|||50|,,,,,Dark]Electabuzz||Eviolite|VitalSpirit|Thunderbolt,Taunt,FollowMe,Protect|||F|||50|,,,,,Ghost]Sneasler||FocusSash|Unburden|DireClaw,CloseCombat,Coaching,FakeOut|||F|||50|,,,,,Stellar]Dragonite||LoadedDice|Multiscale|ScaleShot,ExtremeSpeed,Haze,Protect|||M|||50|,,,,,Fairy
|showteam|p2|Gholdengo||LifeOrb|GoodasGold|MakeItRain,NastyPlot,ShadowBall,Protect||||||50|,,,,,Water]Ursaluna-Bloodmoon||AssaultVest|MindsEye|BloodMoon,EarthPower,HyperVoice,VacuumWave|||M|||50|,,,,,Water]Maushold-Four||FocusSash|FriendGuard|SuperFang,FollowMe,BeatUp,Protect||||||50|,,,,,Grass]Annihilape||SitrusBerry|Defiant|DrainPunch,BulkUp,RageFist,Protect|||F|||50|,,,,,Fire]Dragonite||LoadedDice|Multiscale|ScaleShot,ExtremeSpeed,Protect,Tailwind|||F|||50|,,,,,Fairy]Rillaboom||MiracleSeed|GrassySurge|WoodHammer,GrassyGlide,HighHorsepower,FakeOut|||F|||50|,,,,,Fire
|j| executive pole
|j| totsbite4
|j| ljwarrior
|inactive|Battle timer is ON: inactive players will automatically lose when time's up. (requested by Soraxjm)
|j| Novacast
|inactive|unovarydrake has 60 seconds left.
|j| LikeAHydreigon
|inactive|unovarydrake has 30 seconds left.
|inactive|unovarydrake has 20 seconds left.
|inactive|unovarydrake has 15 seconds left.
|inactive|unovarydrake has 10 seconds left.
|inactive|unovarydrake has 5 seconds left.
|
|t:|1757031746
|teamsize|p1|4
|teamsize|p2|4
|start
|switch|p1a: Volcarona|Volcarona, L50, M|100/100
|switch|p1b: Rillaboom|Rillaboom, L50, M|100/100
|switch|p2a: Clean Air|Dragonite, L50, F|100/100
|switch|p2b: Mr.Eclectic|Ursaluna-Bloodmoon, L50, M|100/100
|-fieldstart|move: Grassy Terrain|[from] ability: Grassy Surge|[of] p1b: Rillaboom
|turn|1
|l| LikeAHydreigon
|l| totsbite4
|j| totsbite4
|inactive|unovarydrake has 30 seconds left.
|
|t:|1757031776
|move|p1b: Rillaboom|Fake Out|p2a: Clean Air
|-damage|p2a: Clean Air|93/100
|move|p1a: Volcarona|Quiver Dance|p1a: Volcarona
|-boost|p1a: Volcarona|spa|1
|-boost|p1a: Volcarona|spd|1
|-boost|p1a: Volcarona|spe|1
|cant|p2a: Clean Air|flinch
|move|p2b: Mr.Eclectic|Blood Moon|p1a: Volcarona
|-damage|p1a: Volcarona|53/100
|
|-heal|p1a: Volcarona|59/100|[from] Grassy Terrain
|upkeep
|turn|2
|inactive|unovarydrake has 30 seconds left.
|inactive|Soraxjm has 30 seconds left.
|inactive|Soraxjm has 20 seconds left.
|inactive|Soraxjm has 15 seconds left.
|inactive|Soraxjm has 10 seconds left.
|
|t:|1757031823
|-terastallize|p1a: Volcarona|Fairy
|move|p1a: Volcarona|Tera Blast|p2a: Clean Air|[anim] Tera Blast Fairy
|-supereffective|p2a: Clean Air
|-damage|p2a: Clean Air|0 fnt
|faint|p2a: Clean Air
|move|p1b: Rillaboom|Wood Hammer|p2b: Mr.Eclectic
|-supereffective|p2b: Mr.Eclectic
|-crit|p2b: Mr.Eclectic
|-damage|p2b: Mr.Eclectic|0 fnt
|faint|p2b: Mr.Eclectic
|-damage|p1b: Rillaboom|68/100|[from] Recoil
|
|-heal|p1a: Volcarona|66/100|[from] Grassy Terrain
|-heal|p1b: Rillaboom|73/100|[from] Grassy Terrain
|upkeep
|
|t:|1757031831
|switch|p2a: Sabotage|Annihilape, L50, F, shiny|100/100
|switch|p2b: Tough Luck|Rillaboom, L50, F, shiny|100/100
|turn|3
|inactive|unovarydrake has 30 seconds left.
|inactive|unovarydrake has 20 seconds left.
|inactive|unovarydrake has 15 seconds left.
|inactive|unovarydrake has 10 seconds left.
|
|t:|1757031881
|-terastallize|p2a: Sabotage|Fire
|move|p2b: Tough Luck|Fake Out|p1b: Rillaboom
|-damage|p1b: Rillaboom|61/100
|move|p1a: Volcarona|Heat Wave|p2b: Tough Luck|[spread] p2a
|-miss|p1a: Volcarona|p2b: Tough Luck
|-resisted|p2a: Sabotage
|-damage|p2a: Sabotage|75/100
|move|p2a: Sabotage|Rage Fist|p1a: Volcarona
|-damage|p1a: Volcarona|20/100
|cant|p1b: Rillaboom|flinch
|
|-heal|p1a: Volcarona|26/100|[from] Grassy Terrain
|-heal|p2a: Sabotage|81/100|[from] Grassy Terrain
|-heal|p1b: Rillaboom|67/100|[from] Grassy Terrain
|upkeep
|turn|4
|j| LikeAHydreigon
|inactive|unovarydrake has 30 seconds left.
|inactive|unovarydrake has 20 seconds left.
|inactive|unovarydrake has 15 seconds left.
|inactive|unovarydrake has 10 seconds left.
|inactive|unovarydrake has 5 seconds left.
|
|t:|1757031933
|move|p2b: Tough Luck|Grassy Glide|p1a: Volcarona
|-damage|p1a: Volcarona|0 fnt
|-status|p2b: Tough Luck|brn|[from] ability: Flame Body|[of] p1a: Volcarona
|faint|p1a: Volcarona
|move|p2a: Sabotage|Rage Fist|p1b: Rillaboom
|-damage|p1b: Rillaboom|32/100
|move|p1b: Rillaboom|High Horsepower|p2a: Sabotage
|-supereffective|p2a: Sabotage
|-damage|p2a: Sabotage|23/100
|-enditem|p2a: Sabotage|Sitrus Berry|[eat]
|-heal|p2a: Sabotage|47/100|[from] item: Sitrus Berry
|
|-heal|p2a: Sabotage|54/100|[from] Grassy Terrain
|-heal|p1b: Rillaboom|38/100|[from] Grassy Terrain
|-damage|p2b: Tough Luck|94/100 brn|[from] brn
|upkeep
|c|☆unovarydrake|Tough Luck indeed
|inactive|unovarydrake has 30 seconds left.
|inactive|unovarydrake has 20 seconds left.
|inactive|unovarydrake has 15 seconds left.
|inactive|unovarydrake has 10 seconds left.
|
|t:|1757031979
|switch|p1a: Sneasler|Sneasler, L50, F|100/100
|turn|5
|
|t:|1757031989
|switch|p1b: Dragonite|Dragonite, L50, M|100/100
|move|p2a: Sabotage|Protect|p2a: Sabotage
|-singleturn|p2a: Sabotage|Protect
|move|p1a: Sneasler|Fake Out|p2a: Sabotage
|-activate|p2a: Sabotage|move: Protect
|move|p2b: Tough Luck|High Horsepower|p1a: Sneasler
|-supereffective|p1a: Sneasler
|-damage|p1a: Sneasler|39/100
|
|-heal|p1a: Sneasler|45/100|[from] Grassy Terrain
|-heal|p2a: Sabotage|60/100|[from] Grassy Terrain
|-heal|p2b: Tough Luck|100/100 brn|[from] Grassy Terrain
|-damage|p2b: Tough Luck|94/100 brn|[from] brn
|-fieldend|move: Grassy Terrain
|upkeep
|turn|6
|inactive|Soraxjm has 30 seconds left.
|
|t:|1757032017
|move|p1a: Sneasler|Coaching|p1b: Dragonite
|-boost|p1b: Dragonite|atk|1
|-boost|p1b: Dragonite|def|1
|move|p2a: Sabotage|Rage Fist|p1b: Dragonite
|-damage|p1b: Dragonite|78/100
|move|p1b: Dragonite|Scale Shot|p2a: Sabotage
|-damage|p2a: Sabotage|37/100
|-damage|p2a: Sabotage|13/100
|-damage|p2a: Sabotage|0 fnt
|faint|p2a: Sabotage
|-hitcount|p2: Sabotage|3
|-unboost|p1b: Dragonite|def|1
|-boost|p1b: Dragonite|spe|1
|move|p2b: Tough Luck|High Horsepower|p1a: Sneasler
|-supereffective|p1a: Sneasler
|-damage|p1a: Sneasler|0 fnt
|faint|p1a: Sneasler
|
|-damage|p2b: Tough Luck|88/100 brn|[from] brn
|upkeep
|
|t:|1757032026
|switch|p1a: Rillaboom|Rillaboom, L50, M|38/100
|-fieldstart|move: Grassy Terrain|[from] ability: Grassy Surge|[of] p1a: Rillaboom
|turn|7
|-message|Soraxjm forfeited.
|
|win|unovarydrake
||unovarydrake is ready for game 3.
||Soraxjm is ready for game 3.
|uhtml|next|Next: Game 3 of 3
|l| executive pole
|l| LikeAHydreigon
|l| totsbite4
|l|☆Soraxjm
|player|p2|
|j|☆Soraxjm
|player|p2|Soraxjm|steven|
