|j|☆FrostPaws
|j|☆xtorterraa
|html|FrostPawsxtorterraa    
|uhtml|bestof|Game 2 of a best-of-3
|t:|1784750887
|gametype|doubles
|player|p1|FrostPaws|102|
|player|p2|xtorterraa|265|
|gen|9
|tier|[Gen 9 Champions] VGC 2026 Reg M-B (Bo3)
|rule|Species Clause: Limit one of each Pokémon
|rule|Item Clause: Limit 1 of each item
|clearpoke
|poke|p1|Swampert, L50, M|
|poke|p1|Sinistcha, L50|
|poke|p1|Pelipper, L50, F|
|poke|p1|Tinkaton, L50, F|
|poke|p1|Grimmsnarl, L50, M|
|poke|p1|Infernape, L50, M|
|poke|p2|Charizard, L50, F|
|poke|p2|Leafeon, L50, F|
|poke|p2|Raichu, L50, M, shiny|
|poke|p2|Primarina, L50, M|
|poke|p2|Metagross, L50|
|poke|p2|Cofagrigus, L50, F, shiny|
|teampreview|4
|showteam|p1|Swampert||Swampertite|Torrent|IcePunch,WaveCrash,Protect,Earthquake|Adamant||M|||50|]Sinistcha||FocusSash|Hospitality|MatchaGotcha,Protect,RagePowder,ShadowBall|Bold|||||50|]Pelipper||SitrusBerry|Drizzle|Hurricane,HydroPump,Tailwind,WideGuard|Timid||F|||50|]Tinkaton||ShucaBerry|MoldBreaker|GigatonHammer,PlayRough,FakeOut,Protect|Jolly||F|||50|]Grimmsnarl||LightClay|Prankster|LightScreen,Reflect,PartingShot,FakeOut|Careful||M|||50|]Infernape||LifeOrb|IronFist|FakeOut,DrainPunch,ThunderPunch,FirePunch|Adamant||M|||50|
|showteam|p2|Charizard||CharizarditeY|Blaze|HeatWave,WeatherBall,AirSlash,Protect|Timid||F|||50|]Leafeon||Leftovers|Chlorophyll|LeafBlade,AerialAce,SwordsDance,Protect|Jolly||F|||50|]Raichu||FocusSash|LightningRod|FakeOut,VoltSwitch,GrassKnot,Thunder|Hasty||M|||50|]Primarina||SitrusBerry|LiquidVoice|HyperVoice,FlipTurn,Moonblast,Protect|Modest||M|||50|]Metagross||Metagrossite|ClearBody|IronHead,Trailblaze,ThunderPunch,PsychicFangs|Jolly|||||50|]Cofagrigus||MentalHerb|Mummy|ShadowBall,EnergyBall,TrickRoom,AllySwitch|Relaxed||F|||50|
|inactive|Battle timer is ON: inactive players will automatically lose when time's up. (requested by xtorterraa)
|inactive|xtorterraa has 60 seconds left.
|
|t:|1784750936
|teamsize|p1|4
|teamsize|p2|4
|start
|switch|p1a: Grimmsnarl|Grimmsnarl, L50, M|100/100
|switch|p1b: Infernape|Infernape, L50, M|100/100
|switch|p2a: Ale|Charizard, L50, F|100/100
|switch|p2b: LilMissSunshine|Raichu, L50, M, shiny|100/100
|turn|1
|inactive|xtorterraa has 30 seconds left.
|
|t:|1784750965
|detailschange|p2a: Ale|Charizard-Mega-Y, L50, F
|-mega|p2a: Ale|Charizard|Charizardite Y
|-weather|SunnyDay|[from] ability: Drought|[of] p2a: Ale
|move|p2b: LilMissSunshine|Fake Out|p1a: Grimmsnarl
|-damage|p1a: Grimmsnarl|90/100
|move|p1b: Infernape|Fake Out|p2a: Ale
|-damage|p2a: Ale|75/100
|-damage|p1b: Infernape|90/100|[from] item: Life Orb
|cant|p1a: Grimmsnarl|flinch
|cant|p2a: Ale|flinch
|
|-weather|SunnyDay|[upkeep]
|upkeep
|turn|2
|inactive|xtorterraa has 30 seconds left.
|inactive|xtorterraa has 20 seconds left.
|inactive|xtorterraa has 15 seconds left.
|
|t:|1784751006
|move|p1a: Grimmsnarl|Light Screen|p1a: Grimmsnarl
|-sidestart|p1: FrostPaws|move: Light Screen
|move|p2b: LilMissSunshine|Volt Switch|p1b: Infernape
|-damage|p1b: Infernape|57/100
|
|t:|1784751022
|switch|p2b: Periods|Cofagrigus, L50, F, shiny|100/100|[from] Volt Switch
|move|p2a: Ale|Heat Wave|p1a: Grimmsnarl|[spread] p1a,p1b
|-resisted|p1b: Infernape|1
|-damage|p1a: Grimmsnarl|54/100
|-damage|p1b: Infernape|24/100
|move|p1b: Infernape|Thunder Punch|p2a: Ale
|-supereffective|p2a: Ale|1
|-damage|p2a: Ale|0 fnt
|faint|p2a: Ale
|-damage|p1b: Infernape|15/100|[from] item: Life Orb
|
|-weather|SunnyDay|[upkeep]
|upkeep
|
|t:|1784751030
|switch|p2a: Anna|Leafeon, L50, F|100/100
|turn|3
|
|t:|1784751047
|move|p2a: Anna|Protect|p2a: Anna
|-singleturn|p2a: Anna|Protect
|move|p1a: Grimmsnarl|Parting Shot|p2b: Periods
|-unboost|p2b: Periods|atk|1
|-unboost|p2b: Periods|spa|1
|
|t:|1784751055
|switch|p1a: Pelipper|Pelipper, L50, F|100/100|[from] Parting Shot
|-weather|RainDance|[from] ability: Drizzle|[of] p1a: Pelipper
|move|p1b: Infernape|Fire Punch|p2a: Anna
|-activate|p2a: Anna|move: Protect
|move|p2b: Periods|Shadow Ball|p1b: Infernape
|-damage|p1b: Infernape|0 fnt
|faint|p1b: Infernape
|
|-weather|RainDance|[upkeep]
|upkeep
|
|t:|1784751068
|switch|p1b: Swampert|Swampert, L50, M|100/100
|turn|4
|inactive|FrostPaws has 30 seconds left.
|inactive|xtorterraa has 30 seconds left.
|
|t:|1784751099
|detailschange|p1b: Swampert|Swampert-Mega, L50, M
|-mega|p1b: Swampert|Swampert|Swampertite
|move|p2b: Periods|Ally Switch|p2b: Periods
|swap|p2b: Periods|0|[from] move: Ally Switch
|move|p1b: Swampert|Ice Punch|p2a: Periods
|-damage|p2a: Periods|80/100
|-activate|p2a: Periods|ability: Mummy|p1b: Swampert|[ability] Swift Swim
|move|p2b: Anna|Leaf Blade|p1b: Swampert
|-supereffective|p1b: Swampert|2
|-damage|p1b: Swampert|0 fnt
|-activate|p1b: Swampert|ability: Mummy|p2b: Anna|[ability] Chlorophyll
|faint|p1b: Swampert
|move|p1a: Pelipper|Hurricane|p2a: Periods
|-damage|p2a: Periods|33/100
|-start|p2a: Periods|confusion
|
|-weather|RainDance|[upkeep]
|upkeep
|
|t:|1784751117
|switch|p1b: Grimmsnarl|Grimmsnarl, L50, M|54/100
|turn|5
|inactive|FrostPaws has 30 seconds left.
|inactive|xtorterraa has 30 seconds left.
|inactive|FrostPaws has 20 seconds left.
|
|t:|1784751152
|move|p2b: Anna|Protect|p2b: Anna
|-singleturn|p2b: Anna|Protect
|move|p1b: Grimmsnarl|Fake Out|p2a: Periods
|-immune|p2a: Periods
|move|p1a: Pelipper|Hurricane|p2b: Anna
|-activate|p2b: Anna|move: Protect
|-activate|p2a: Periods|confusion
|move|p2a: Periods|Shadow Ball|p1a: Pelipper
|-damage|p1a: Pelipper|80/100
|
|-weather|RainDance|[upkeep]
|upkeep
|turn|6
|inactive|xtorterraa has 30 seconds left.
|
|t:|1784751184
|move|p1b: Grimmsnarl|Reflect|p1b: Grimmsnarl
|-sidestart|p1: FrostPaws|Reflect
|move|p2b: Anna|Leaf Blade|p1a: Pelipper
|-damage|p1a: Pelipper|45/100
|-enditem|p1a: Pelipper|Sitrus Berry|[eat]
|-heal|p1a: Pelipper|70/100|[from] item: Sitrus Berry
|move|p1a: Pelipper|Hurricane|p2b: Anna
|-supereffective|p2b: Anna|1
|-damage|p2b: Anna|0 fnt
|faint|p2b: Anna
|-activate|p2a: Periods|confusion
|move|p2a: Periods|Shadow Ball|p1a: Pelipper
|-damage|p1a: Pelipper|51/100
|
|-weather|RainDance|[upkeep]
|upkeep
|
|t:|1784751187
|switch|p2b: LilMissSunshine|Raichu, L50, M, shiny|100/100
|turn|7
|inactive|FrostPaws has 30 seconds left.
|
|t:|1784751213
|move|p1b: Grimmsnarl|Parting Shot|p2b: LilMissSunshine
|-unboost|p2b: LilMissSunshine|atk|1
|-unboost|p2b: LilMissSunshine|spa|1
|move|p2b: LilMissSunshine|Thunder|p1a: Pelipper
|-supereffective|p1a: Pelipper|2
|-damage|p1a: Pelipper|0 fnt
|faint|p1a: Pelipper
|-end|p2a: Periods|confusion
|move|p2a: Periods|Shadow Ball|p1b: Grimmsnarl
|-resisted|p1b: Grimmsnarl|1
|-damage|p1b: Grimmsnarl|49/100
|
|-weather|none
|upkeep
|turn|8
|
|t:|1784751225
|move|p1b: Grimmsnarl|Reflect||[still]
|-fail|p1b: Grimmsnarl
|move|p2b: LilMissSunshine|Thunder|p1b: Grimmsnarl|[miss]
|-miss|p2b: LilMissSunshine|p1b: Grimmsnarl
|move|p2a: Periods|Shadow Ball|p1b: Grimmsnarl
|-resisted|p1b: Grimmsnarl|1
|-damage|p1b: Grimmsnarl|43/100
|-unboost|p1b: Grimmsnarl|spd|1
|
|upkeep
|turn|9
|
|t:|1784751235
|move|p1b: Grimmsnarl|Light Screen||[still]
|-fail|p1b: Grimmsnarl
|move|p2b: LilMissSunshine|Thunder|p1b: Grimmsnarl|[miss]
|-miss|p2b: LilMissSunshine|p1b: Grimmsnarl
|move|p2a: Periods|Shadow Ball|p1b: Grimmsnarl
|-resisted|p1b: Grimmsnarl|1
|-damage|p1b: Grimmsnarl|35/100
|
|-sideend|p1: FrostPaws|move: Light Screen
|upkeep
|turn|10
|
|t:|1784751244
|move|p1b: Grimmsnarl|Reflect||[still]
|-fail|p1b: Grimmsnarl
|move|p2b: LilMissSunshine|Thunder|p1b: Grimmsnarl
|-damage|p1b: Grimmsnarl|0 fnt
|faint|p1b: Grimmsnarl
|
|win|xtorterraa
|c|☆xtorterraa|gg
|c|☆FrostPaws|gg man
