|j|☆PizzaGirl<3
|j|☆zizi festif
|html|PizzaGirl<3zizi festif    
|uhtml|bestof|Game 2 of a best-of-3
|t:|1756310090
|gametype|doubles
|player|p1|PizzaGirl<3|skyla|1097
|player|p2|zizi festif|n-masters|1030
|gen|9
|tier|[Gen 9] VGC 2025 Reg H (Bo3)
|rated|
|rule|Species Clause: Limit one of each Pokémon
|rule|Item Clause: Limit 1 of each item
|clearpoke
|poke|p1|Annihilape, L50, M|
|poke|p1|Primarina, L50, F|
|poke|p1|Gholdengo, L50|
|poke|p1|Maushold, L50|
|poke|p1|Talonflame, L50, M|
|poke|p1|Rillaboom, L50, F|
|poke|p2|Annihilape, L50, F|
|poke|p2|Rillaboom, L50, F|
|poke|p2|Ursaluna-Bloodmoon, L50, M|
|poke|p2|Dragonite, L50, M|
|poke|p2|Volcarona, L50, M|
|poke|p2|Incineroar, L50, M|
|teampreview|4
|showteam|p1|Annihilape||SafetyGoggles|Defiant|RageFist,DrainPunch,BulkUp,Protect|||M|||50|,,,,,Fire]Primarina||ChoiceSpecs|LiquidVoice|HyperVoice,Moonblast,DazzlingGleam,Haze|||F|||50|,,,,,Water]Gholdengo||MetalCoat|GoodasGold|MakeItRain,ShadowBall,NastyPlot,Protect||||||50|,,,,,Dragon]Maushold||WideLens|FriendGuard|PopulationBomb,FollowMe,BeatUp,Protect||||||50|,,,,,Grass]Talonflame||LifeOrb|GaleWings|BraveBird,FlareBlitz,Tailwind,Protect|||M|||50|,,,,,Ghost]Rillaboom||AssaultVest|GrassySurge|FakeOut,GrassyGlide,DrumBeating,HighHorsepower|||F|||50|,,,,,Fire
|showteam|p2|Annihilape||LumBerry|Defiant|CloseCombat,Coaching,RageFist,Taunt|||F|||50|,,,,,Fire]Rillaboom||AssaultVest|GrassySurge|GrassyGlide,FakeOut,WoodHammer,HighHorsepower|||F|||50|,,,,,Fire]Ursaluna-Bloodmoon||FocusSash|MindsEye|BloodMoon,HyperVoice,EarthPower,Protect|||M|||50|,,,,,Normal]Dragonite||LoadedDice|Multiscale|Protect,ScaleShot,Haze,Tailwind|||M|||50|,,,,,Steel]Volcarona||CovertCloak|FlameBody|HeatWave,TeraBlast,QuiverDance,Protect|||M|||50|,,,,,Fairy]Incineroar||SafetyGoggles|Intimidate|FlareBlitz,KnockOff,PartingShot,FakeOut|||M|||50|,,,,,Ghost
|inactive|Battle timer is ON: inactive players will automatically lose when time's up. (requested by PizzaGirl<3)
|inactive|PizzaGirl<3 has 60 seconds left.
|inactive|zizi festif has 60 seconds left.
|inactive|zizi festif has 30 seconds left.
|
|t:|1756310155
|teamsize|p1|4
|teamsize|p2|4
|start
|switch|p1a: Maushold|Maushold, L50|100/100
|switch|p1b: Annihilape|Annihilape, L50, M|100/100
|switch|p2a: Rillaboom|Rillaboom, L50, F|100/100
|switch|p2b: Volcarona|Volcarona, L50, M|100/100
|-fieldstart|move: Grassy Terrain|[from] ability: Grassy Surge|[of] p2a: Rillaboom
|turn|1
|inactive|zizi festif has 30 seconds left.
|inactive|PizzaGirl<3 has 30 seconds left.
|
|t:|1756310185
|move|p1a: Maushold|Protect|p1a: Maushold
|-singleturn|p1a: Maushold|Protect
|move|p2a: Rillaboom|Fake Out|p1a: Maushold
|-activate|p1a: Maushold|move: Protect
|move|p1b: Annihilape|Bulk Up|p1b: Annihilape
|-boost|p1b: Annihilape|atk|1
|-boost|p1b: Annihilape|def|1
|move|p2b: Volcarona|Quiver Dance|p2b: Volcarona
|-boost|p2b: Volcarona|spa|1
|-boost|p2b: Volcarona|spd|1
|-boost|p2b: Volcarona|spe|1
|
|upkeep
|turn|2
|
|t:|1756310209
|-terastallize|p1b: Annihilape|Fire
|move|p2a: Rillaboom|Grassy Glide|p1a: Maushold
|-damage|p1a: Maushold|41/100
|move|p2b: Volcarona|Heat Wave|p1a: Maushold|[spread] p1a,p1b
|-resisted|p1b: Annihilape
|-damage|p1a: Maushold|0 fnt
|-damage|p1b: Annihilape|82/100
|faint|p1a: Maushold
|move|p1b: Annihilape|Rage Fist|p2b: Volcarona
|-damage|p2b: Volcarona|22/100
|
|-heal|p2b: Volcarona|28/100|[from] Grassy Terrain
|-heal|p1b: Annihilape|88/100|[from] Grassy Terrain
|upkeep
|
|t:|1756310220
|switch|p1a: Talonflame|Talonflame, L50, M|100/100
|turn|3
|
|t:|1756310238
|-terastallize|p2a: Rillaboom|Fire
|move|p2b: Volcarona|Protect|p2b: Volcarona
|-singleturn|p2b: Volcarona|Protect
|move|p1a: Talonflame|Brave Bird|p2b: Volcarona
|-activate|p2b: Volcarona|move: Protect
|move|p1b: Annihilape|Bulk Up|p1b: Annihilape
|-boost|p1b: Annihilape|atk|1
|-boost|p1b: Annihilape|def|1
|move|p2a: Rillaboom|High Horsepower|p1b: Annihilape
|-supereffective|p1b: Annihilape
|-damage|p1b: Annihilape|56/100
|
|-heal|p2b: Volcarona|34/100|[from] Grassy Terrain
|-heal|p1b: Annihilape|63/100|[from] Grassy Terrain
|upkeep
|turn|4
|
|t:|1756310260
|move|p1a: Talonflame|Brave Bird|p2b: Volcarona
|-supereffective|p2b: Volcarona
|-damage|p2b: Volcarona|0 fnt
|faint|p2b: Volcarona
|-damage|p1a: Talonflame|88/100|[from] Recoil
|-damage|p1a: Talonflame|78/100|[from] item: Life Orb
|move|p1b: Annihilape|Rage Fist|p2a: Rillaboom
|-damage|p2a: Rillaboom|0 fnt
|faint|p2a: Rillaboom
|
|-heal|p1b: Annihilape|69/100|[from] Grassy Terrain
|upkeep
|
|t:|1756310269
|switch|p2b: Incineroar|Incineroar, L50, M|100/100
|switch|p2a: Dragonite|Dragonite, L50, M|100/100
|-ability|p2b: Incineroar|Intimidate|boost
|-unboost|p1a: Talonflame|atk|1
|-unboost|p1b: Annihilape|atk|1
|-ability|p1b: Annihilape|Defiant|boost
|-boost|p1b: Annihilape|atk|2
|turn|5
|inactive|PizzaGirl<3 has 30 seconds left.
|
|t:|1756310302
|move|p1b: Annihilape|Protect|p1b: Annihilape
|-singleturn|p1b: Annihilape|Protect
|move|p2b: Incineroar|Fake Out|p1b: Annihilape
|-activate|p1b: Annihilape|move: Protect
|move|p1a: Talonflame|Tailwind|p1a: Talonflame
|-sidestart|p1: PizzaGirl<3|move: Tailwind
|move|p2a: Dragonite|Haze|p2a: Dragonite
|-clearallboost
|
|-heal|p1b: Annihilape|75/100|[from] Grassy Terrain
|-fieldend|move: Grassy Terrain
|upkeep
|turn|6
|inactive|PizzaGirl<3 has 30 seconds left.
|inactive|zizi festif has 30 seconds left.
|inactive|zizi festif has 20 seconds left.
|inactive|zizi festif has 15 seconds left.
|inactive|zizi festif has 10 seconds left.
|
|t:|1756310348
|move|p1a: Talonflame|Flare Blitz|p2a: Dragonite
|-resisted|p2a: Dragonite
|-damage|p2a: Dragonite|83/100
|-damage|p1a: Talonflame|72/100|[from] Recoil
|-damage|p1a: Talonflame|62/100|[from] item: Life Orb
|move|p1b: Annihilape|Drain Punch|p2b: Incineroar
|-supereffective|p2b: Incineroar
|-damage|p2b: Incineroar|42/100
|-heal|p1b: Annihilape|100/100|[from] drain|[of] p2b: Incineroar
|move|p2a: Dragonite|Tailwind|p2a: Dragonite
|-sidestart|p2: zizi festif|move: Tailwind
|move|p2b: Incineroar|Knock Off|p1b: Annihilape
|-damage|p1b: Annihilape|60/100
|-enditem|p1b: Annihilape|Safety Goggles|[from] move: Knock Off|[of] p2b: Incineroar
|
|upkeep
|turn|7
|inactive|zizi festif has 30 seconds left.
|
|t:|1756310380
|move|p1a: Talonflame|Brave Bird|p2b: Incineroar
|-damage|p2b: Incineroar|0 fnt
|faint|p2b: Incineroar
|-damage|p1a: Talonflame|45/100|[from] Recoil
|-damage|p1a: Talonflame|35/100|[from] item: Life Orb
|move|p1b: Annihilape|Rage Fist|p2a: Dragonite
|-damage|p2a: Dragonite|0 fnt
|faint|p2a: Dragonite
|
|win|PizzaGirl<3
||zizi festif is ready for game 3.
||PizzaGirl<3 is ready for game 3.
|uhtml|next|Next: Game 3 of 3
|l|☆zizi festif
|player|p2|
