|j|☆adjnorr
|j|☆beanybag
|html|adjnorrbeanybag    
|uhtml|bestof|Game 3 of a best-of-3
|t:|1783526207
|gametype|doubles
|player|p1|adjnorr|170|1173
|player|p2|beanybag|169|1124
|gen|9
|tier|[Gen 9 Champions] VGC 2026 Reg M-B (Bo3)
|rated|
|rule|Species Clause: Limit one of each Pokémon
|rule|Item Clause: Limit 1 of each item
|clearpoke
|poke|p1|Floette-Eternal, L50, F|
|poke|p1|Whimsicott, L50, M|
|poke|p1|Basculegion, L50, M|
|poke|p1|Kingambit, L50, M|
|poke|p1|Charizard, L50, M|
|poke|p1|Garchomp, L50, F|
|poke|p2|Bellibolt, L50, F|
|poke|p2|Ampharos, L50, F, shiny|
|poke|p2|Araquanid, L50, M, shiny|
|poke|p2|Sinistcha, L50|
|poke|p2|Scovillain, L50, M|
|poke|p2|Chandelure, L50, F, shiny|
|teampreview|4
|showteam|p1|Floette-Eternal||Floettite|FlowerVeil|DazzlingGleam,Moonblast,LightofRuin,Protect|Modest||F|||50|]Whimsicott||FocusSash|Prankster|Moonblast,Tailwind,Encore,Protect|Timid||M|||50|]Basculegion||MysticWater|Adaptability|LastRespects,WaveCrash,AquaJet,Protect|Adamant||M|||50|]Kingambit||BlackGlasses|Defiant|KowtowCleave,SuckerPunch,Protect,IronHead|Adamant||M|||50|]Charizard||CharizarditeY|Blaze|HeatWave,WeatherBall,SolarBeam,Protect|Modest||M|||50|]Garchomp||LifeOrb|RoughSkin|StompingTantrum,DragonClaw,RockSlide,Protect|Jolly||F|||50|
|showteam|p2|Bellibolt||SitrusBerry|Electromorphosis|Soak,VoltSwitch,ParabolicCharge,Protect|Calm||F|||50|]Ampharos||Ampharosite|Static|ParabolicCharge,Charge,CottonGuard,Protect|Calm||F|||50|]Araquanid||Leftovers|WaterBubble|Soak,Stockpile,Infestation,Protect|Relaxed||M|||50|]Sinistcha||WideLens|Hospitality|MatchaGotcha,LifeDew,TrickRoom,Protect|Sassy|||||50|]Scovillain||Scovillainite|Moody|GigaDrain,LeechSeed,RagePowder,Protect|Sassy||M|||50|]Chandelure||FocusSash|FlashFire|HeatWave,Hex,Haze,Protect|Quiet||F|||50|
|
|t:|1783526237
|teamsize|p1|4
|teamsize|p2|4
|start
|switch|p1a: Charizard|Charizard, L50, M|100/100
|switch|p1b: Whimsicott|Whimsicott, L50, M|100/100
|switch|p2a: NONO SQUARE|Scovillain, L50, M|100/100
|switch|p2b: GREEN LAVA|Sinistcha, L50|100/100
|turn|1
|
|t:|1783526251
|switch|p2a: SUPA SOOKA|Araquanid, L50, M, shiny|100/100
|switch|p2b: SPICE GIMP|Chandelure, L50, F, shiny|100/100
|detailschange|p1a: Charizard|Charizard-Mega-Y, L50, M
|-mega|p1a: Charizard|Charizard|Charizardite Y
|-weather|SunnyDay|[from] ability: Drought|[of] p1a: Charizard
|move|p1b: Whimsicott|Moonblast|p2a: SUPA SOOKA
|-damage|p2a: SUPA SOOKA|73/100
|move|p1a: Charizard|Heat Wave|p2b: SPICE GIMP|[spread] p2a
|-start|p2b: SPICE GIMP|ability: Flash Fire
|-damage|p2a: SUPA SOOKA|49/100
|
|-weather|SunnyDay|[upkeep]
|-heal|p2a: SUPA SOOKA|55/100|[from] item: Leftovers
|upkeep
|turn|2
|
|t:|1783526296
|switch|p1a: Basculegion|Basculegion, L50, M|100/100
|move|p1b: Whimsicott|Moonblast|p2a: SUPA SOOKA
|-damage|p2a: SUPA SOOKA|28/100
|move|p2b: SPICE GIMP|Heat Wave|p1b: Whimsicott|[spread] p1a
|-miss|p2b: SPICE GIMP|p1b: Whimsicott
|-resisted|p1a: Basculegion|1
|-damage|p1a: Basculegion|43/100
|move|p2a: SUPA SOOKA|Stockpile|p2a: SUPA SOOKA
|-start|p2a: SUPA SOOKA|stockpile1
|-boost|p2a: SUPA SOOKA|def|1
|-boost|p2a: SUPA SOOKA|spd|1
|
|-weather|SunnyDay|[upkeep]
|-heal|p2a: SUPA SOOKA|33/100|[from] item: Leftovers
|upkeep
|turn|3
|
|t:|1783526343
|move|p1b: Whimsicott|Moonblast|p2a: SUPA SOOKA
|-damage|p2a: SUPA SOOKA|16/100
|move|p1a: Basculegion|Wave Crash|p2b: SPICE GIMP
|-supereffective|p2b: SPICE GIMP|1
|-enditem|p2b: SPICE GIMP|Focus Sash
|-damage|p2b: SPICE GIMP|1/100
|-damage|p1a: Basculegion|15/100|[from] Recoil
|move|p2b: SPICE GIMP|Heat Wave|p1a: Basculegion|[spread] p1a,p1b
|-resisted|p1a: Basculegion|1
|-supereffective|p1b: Whimsicott|1
|-damage|p1a: Basculegion|0 fnt
|-enditem|p1b: Whimsicott|Focus Sash
|-damage|p1b: Whimsicott|1/100
|faint|p1a: Basculegion
|move|p2a: SUPA SOOKA|Infestation|p1b: Whimsicott
|-damage|p1b: Whimsicott|0 fnt
|faint|p1b: Whimsicott
|
|-weather|SunnyDay|[upkeep]
|-heal|p2a: SUPA SOOKA|21/100|[from] item: Leftovers
|upkeep
|
|t:|1783526351
|switch|p1b: Garchomp|Garchomp, L50, F|100/100
|switch|p1a: Charizard|Charizard-Mega-Y, L50, M|100/100
|turn|4
|
|t:|1783526379
|move|p2a: SUPA SOOKA|Protect|p2a: SUPA SOOKA
|-singleturn|p2a: SUPA SOOKA|Protect
|move|p1b: Garchomp|Rock Slide|p2b: SPICE GIMP|[spread] p2b
|-activate|p2a: SUPA SOOKA|move: Protect
|-supereffective|p2b: SPICE GIMP|1
|-damage|p2b: SPICE GIMP|0 fnt
|faint|p2b: SPICE GIMP
|-damage|p1b: Garchomp|90/100|[from] item: Life Orb
|move|p1a: Charizard|Heat Wave|p2a: SUPA SOOKA
|-activate|p2a: SUPA SOOKA|move: Protect
|
|-weather|SunnyDay|[upkeep]
|-heal|p2a: SUPA SOOKA|27/100|[from] item: Leftovers
|upkeep
|
|t:|1783526396
|switch|p2b: GREEN LAVA|Sinistcha, L50|100/100
|-heal|p2a: SUPA SOOKA|52/100|[from] ability: Hospitality|[of] p2b: GREEN LAVA
|turn|5
|
|t:|1783526406
|move|p2b: GREEN LAVA|Protect|p2b: GREEN LAVA
|-singleturn|p2b: GREEN LAVA|Protect
|move|p1b: Garchomp|Rock Slide|p2a: SUPA SOOKA|[spread] p2a
|-activate|p2b: GREEN LAVA|move: Protect
|-supereffective|p2a: SUPA SOOKA|1
|-damage|p2a: SUPA SOOKA|28/100
|-damage|p1b: Garchomp|80/100|[from] item: Life Orb
|move|p1a: Charizard|Heat Wave|p2a: SUPA SOOKA|[spread] p2a
|-activate|p2b: GREEN LAVA|move: Protect
|-damage|p2a: SUPA SOOKA|9/100
|move|p2a: SUPA SOOKA|Soak|p1a: Charizard
|-start|p1a: Charizard|typechange|Water
|
|-weather|none
|-heal|p2a: SUPA SOOKA|14/100|[from] item: Leftovers
|upkeep
|turn|6
|
|t:|1783526423
|move|p2a: SUPA SOOKA|Protect|p2a: SUPA SOOKA
|-singleturn|p2a: SUPA SOOKA|Protect
|move|p1b: Garchomp|Rock Slide|p2a: SUPA SOOKA|[spread] p2b
|-activate|p2a: SUPA SOOKA|move: Protect
|-damage|p2b: GREEN LAVA|78/100
|-damage|p1b: Garchomp|70/100|[from] item: Life Orb
|move|p1a: Charizard|Heat Wave|p2b: GREEN LAVA|[spread] p2b
|-activate|p2a: SUPA SOOKA|move: Protect
|-supereffective|p2b: GREEN LAVA|1
|-damage|p2b: GREEN LAVA|37/100
|move|p2b: GREEN LAVA|Trick Room|p2b: GREEN LAVA
|-fieldstart|move: Trick Room|[of] p2b: GREEN LAVA
|
|-heal|p2a: SUPA SOOKA|20/100y|[from] item: Leftovers
|upkeep
|turn|7
|
|t:|1783526441
|move|p1a: Charizard|Protect|p1a: Charizard
|-singleturn|p1a: Charizard|Protect
|move|p1b: Garchomp|Protect|p1b: Garchomp
|-singleturn|p1b: Garchomp|Protect
|move|p2a: SUPA SOOKA|Soak|p1b: Garchomp
|-activate|p1b: Garchomp|move: Protect
|move|p2b: GREEN LAVA|Matcha Gotcha|p1a: Charizard|[spread] 
|-activate|p1a: Charizard|move: Protect
|-activate|p1b: Garchomp|move: Protect
|
|-heal|p2a: SUPA SOOKA|26/100|[from] item: Leftovers
|upkeep
|turn|8
|
|t:|1783526447
|move|p2a: SUPA SOOKA|Soak|p1b: Garchomp
|-start|p1b: Garchomp|typechange|Water
|move|p2b: GREEN LAVA|Matcha Gotcha|p1b: Garchomp|[spread] p1a,p1b
|-supereffective|p1a: Charizard|1
|-supereffective|p1b: Garchomp|1
|-damage|p1a: Charizard|53/100
|-heal|p2b: GREEN LAVA|59/100|[from] drain|[of] p1a: Charizard
|-damage|p1b: Garchomp|21/100
|-heal|p2b: GREEN LAVA|86/100|[from] drain|[of] p1b: Garchomp
|-status|p1a: Charizard|brn
|move|p1a: Charizard|Heat Wave|p2a: SUPA SOOKA|[spread] p2a,p2b
|-supereffective|p2b: GREEN LAVA|1
|-crit|p2b: GREEN LAVA
|-damage|p2a: SUPA SOOKA|17/100
|-damage|p2b: GREEN LAVA|21/100
|move|p1b: Garchomp|Rock Slide|p2b: GREEN LAVA|[spread] 
|-miss|p1b: Garchomp|p2a: SUPA SOOKA
|-miss|p1b: Garchomp|p2b: GREEN LAVA
|
|-heal|p2a: SUPA SOOKA|23/100|[from] item: Leftovers
|-damage|p1a: Charizard|47/100 brn|[from] brn
|upkeep
|turn|9
|
|t:|1783526457
|move|p1a: Charizard|Protect|p1a: Charizard
|-singleturn|p1a: Charizard|Protect
|move|p1b: Garchomp|Protect|p1b: Garchomp
|-singleturn|p1b: Garchomp|Protect
|move|p2a: SUPA SOOKA|Stockpile|p2a: SUPA SOOKA
|-start|p2a: SUPA SOOKA|stockpile2
|-boost|p2a: SUPA SOOKA|def|1
|-boost|p2a: SUPA SOOKA|spd|1
|move|p2b: GREEN LAVA|Matcha Gotcha|p1a: Charizard|[spread] 
|-activate|p1a: Charizard|move: Protect
|-activate|p1b: Garchomp|move: Protect
|
|-heal|p2a: SUPA SOOKA|29/100|[from] item: Leftovers
|-damage|p1a: Charizard|42/100 brn|[from] brn
|upkeep
|turn|10
|
|t:|1783526461
|move|p2a: SUPA SOOKA|Stockpile|p2a: SUPA SOOKA
|-start|p2a: SUPA SOOKA|stockpile3
|-boost|p2a: SUPA SOOKA|def|1
|-boost|p2a: SUPA SOOKA|spd|1
|move|p2b: GREEN LAVA|Matcha Gotcha|p1a: Charizard|[spread] p1a,p1b
|-supereffective|p1a: Charizard|1
|-supereffective|p1b: Garchomp|1
|-damage|p1a: Charizard|0 fnt
|-heal|p2b: GREEN LAVA|42/100|[from] drain|[of] p1a: Charizard
|-damage|p1b: Garchomp|0 fnt
|-heal|p2b: GREEN LAVA|54/100|[from] drain|[of] p1b: Garchomp
|faint|p1a: Charizard
|faint|p1b: Garchomp
|
|win|beanybag
|raw|adjnorr's rating: 1173 → 1144(-29 for losing)
|raw|beanybag's rating: 1124 → 1153(+29 for winning)
|l|☆adjnorr
|player|p1|
