|j|☆SRareFox
|j|☆dollartreehero
|html|SRareFoxdollartreehero    
|uhtml|bestof|Game 2 of a best-of-3
|t:|1757791257
|gametype|doubles
|player|p1|SRareFox|169|1161
|player|p2|dollartreehero|bugcatcher-gen4dp|1198
|gen|9
|tier|[Gen 9] VGC 2025 Reg H (Bo3)
|rated|
|rule|Species Clause: Limit one of each Pokémon
|rule|Item Clause: Limit 1 of each item
|clearpoke
|poke|p1|Indeedee-F, L50, F|
|poke|p1|Gallade, L50, M|
|poke|p1|Hatterene, L50, F|
|poke|p1|Ursaluna, L50, F|
|poke|p1|Torkoal, L50, M|
|poke|p1|Porygon2, L50|
|poke|p2|Talonflame, L50, M|
|poke|p2|Garchomp, L50, F|
|poke|p2|Tyranitar, L50, F|
|poke|p2|Milotic, L50, F|
|poke|p2|Sinistcha, L50|
|poke|p2|Gholdengo, L50|
|teampreview|4
|showteam|p1|Indeedee-F||SafetyGoggles|PsychicSurge|Psychic,FollowMe,TrickRoom,HelpingHand|||F|||50|,,,,,Water]Gallade||ClearAmulet|Sharpness|PsychoCut,SacredSword,TrickRoom,WideGuard|||M|||50|,,,,,Grass]Hatterene||LifeOrb|MagicBounce|ExpandingForce,DazzlingGleam,TrickRoom,MysticalFire|||F|||50|,,,,,Fire]Ursaluna||FlameOrb|Guts|Facade,HeadlongRush,Earthquake,Protect|||F|||50|,,,,,Ghost]Torkoal||Charcoal|Drought|Eruption,WeatherBall,ClearSmog,Protect|||M|||50|,,,,,Fire]Porygon2||Eviolite|Download|IceBeam,TeraBlast,TrickRoom,Recover||||||50|,,,,,Flying
|showteam|p2|Talonflame||CovertCloak|GaleWings|DualWingbeat,Tailwind,WillOWisp,Taunt|||M|||50|,,,,,Flying]Garchomp||LifeOrb|RoughSkin|Protect,StompingTantrum,Earthquake,DragonClaw|||F|||50|,,,,,Ground]Tyranitar||AssaultVest|SandStream|RockSlide,KnockOff,LowKick,TeraBlast|||F|||50|,,,,,Flying]Milotic||SafetyGoggles|Competitive|Scald,IcyWind,Haze,Protect|||F|||50|,,,,,Poison]Sinistcha||SitrusBerry|Hospitality|MatchaGotcha,TrickRoom,RagePowder,Imprison||||||50|,,,,,Water]Gholdengo||MetalCoat|GoodasGold|MakeItRain,ShadowBall,NastyPlot,Protect||||||50|,,,,,Flying
|inactive|Battle timer is ON: inactive players will automatically lose when time's up. (requested by SRareFox)
|inactive|dollartreehero also wants the timer to be on.
|inactive|SRareFox has 60 seconds left.
|
|t:|1757791295
|teamsize|p1|4
|teamsize|p2|4
|start
|switch|p1a: Ursaluna|Ursaluna, L50, F|100/100
|switch|p1b: Porygon2|Porygon2, L50|100/100
|switch|p2a: Sinistcha|Sinistcha, L50|100/100
|switch|p2b: Tyranitar|Tyranitar, L50, F, shiny|100/100
|-weather|Sandstorm|[from] ability: Sand Stream|[of] p2b: Tyranitar
|-ability|p1b: Porygon2|Download|boost
|-boost|p1b: Porygon2|spa|1
|turn|1
|inactive|SRareFox has 30 seconds left.
|inactive|dollartreehero has 30 seconds left.
|
|t:|1757791327
|-terastallize|p2a: Sinistcha|Water
|move|p1a: Ursaluna|Protect|p1a: Ursaluna
|-singleturn|p1a: Ursaluna|Protect
|move|p2b: Tyranitar|Knock Off|p1b: Porygon2
|-damage|p1b: Porygon2|71/100
|-enditem|p1b: Porygon2|Eviolite|[from] move: Knock Off|[of] p2b: Tyranitar
|move|p2a: Sinistcha|Imprison|p2a: Sinistcha
|-start|p2a: Sinistcha|move: Imprison
|move|p1b: Porygon2|Ice Beam|p2a: Sinistcha
|-resisted|p2a: Sinistcha
|-damage|p2a: Sinistcha|83/100
|
|-weather|Sandstorm|[upkeep]
|-damage|p2a: Sinistcha|77/100|[from] Sandstorm
|-damage|p1b: Porygon2|65/100|[from] Sandstorm
|-status|p1a: Ursaluna|brn|[from] item: Flame Orb
|upkeep
|turn|2
|inactive|SRareFox has 30 seconds left.
|inactive|SRareFox has 20 seconds left.
|inactive|SRareFox has 15 seconds left.
|inactive|SRareFox has 10 seconds left.
|
|t:|1757791375
|-terastallize|p1a: Ursaluna|Ghost
|move|p2b: Tyranitar|Low Kick|p1a: Ursaluna
|-immune|p1a: Ursaluna
|move|p2a: Sinistcha|Matcha Gotcha|p1b: Porygon2|[spread] p1a,p1b
|-damage|p1a: Ursaluna|81/100 brn
|-heal|p2a: Sinistcha|89/100|[from] drain|[of] p1a: Ursaluna
|-damage|p1b: Porygon2|41/100
|-heal|p2a: Sinistcha|100/100|[from] drain|[of] p1b: Porygon2
|move|p1b: Porygon2|Tera Blast|p2a: Sinistcha
|-damage|p2a: Sinistcha|51/100
|move|p1a: Ursaluna|Earthquake|p2a: Sinistcha|[spread] p1b,p2a,p2b
|-supereffective|p2b: Tyranitar
|-damage|p1b: Porygon2|0 fnt
|-damage|p2a: Sinistcha|0 fnt
|-damage|p2b: Tyranitar|0 fnt
|faint|p1b: Porygon2
|faint|p2a: Sinistcha
|faint|p2b: Tyranitar
|
|-weather|Sandstorm|[upkeep]
|-damage|p1a: Ursaluna|75/100 brn|[from] Sandstorm
|-damage|p1a: Ursaluna|69/100 brn|[from] brn
|upkeep
|
|t:|1757791399
|switch|p2b: Milotic|Milotic, L50, F|100/100
|switch|p2a: Garchomp|Garchomp, L50, F|100/100
|switch|p1b: Indeedee|Indeedee-F, L50, F|100/100
|-fieldstart|move: Psychic Terrain|[from] ability: Psychic Surge|[of] p1b: Indeedee
|turn|3
|inactive|dollartreehero has 30 seconds left.
|inactive|dollartreehero has 20 seconds left.
|
|t:|1757791435
|move|p1a: Ursaluna|Protect|p1a: Ursaluna
|-singleturn|p1a: Ursaluna|Protect
|move|p2a: Garchomp|Dragon Claw|p1b: Indeedee
|-damage|p1b: Indeedee|50/100
|-damage|p2a: Garchomp|91/100|[from] item: Life Orb
|move|p2b: Milotic|Scald|p1b: Indeedee
|-damage|p1b: Indeedee|19/100
|move|p1b: Indeedee|Trick Room|p1b: Indeedee
|-fieldstart|move: Trick Room|[of] p1b: Indeedee
|
|-weather|Sandstorm|[upkeep]
|-damage|p1a: Ursaluna|63/100 brn|[from] Sandstorm
|-damage|p1a: Ursaluna|58/100 brn|[from] brn
|upkeep
|turn|4
|inactive|SRareFox has 30 seconds left.
|inactive|dollartreehero has 30 seconds left.
|inactive|SRareFox has 20 seconds left.
|inactive|SRareFox has 15 seconds left.
|inactive|SRareFox has 10 seconds left.
|
|t:|1757791485
|move|p2b: Milotic|Protect|p2b: Milotic
|-singleturn|p2b: Milotic|Protect
|move|p1b: Indeedee|Follow Me|p1b: Indeedee
|-singleturn|p1b: Indeedee|move: Follow Me
|move|p1a: Ursaluna|Facade|p2a: Garchomp
|-damage|p2a: Garchomp|0 fnt
|-damage|p1a: Ursaluna|45/100 brn|[from] ability: Rough Skin|[of] p2a: Garchomp
|faint|p2a: Garchomp
|
|-weather|Sandstorm|[upkeep]
|-damage|p1a: Ursaluna|39/100 brn|[from] Sandstorm
|-damage|p1a: Ursaluna|34/100 brn|[from] brn
|upkeep
|turn|5
|
|t:|1757791503
|move|p1b: Indeedee|Helping Hand|p1a: Ursaluna
|-singleturn|p1a: Ursaluna|Helping Hand|[of] p1b: Indeedee
|move|p1a: Ursaluna|Facade|p2b: Milotic
|-crit|p2b: Milotic
|-damage|p2b: Milotic|0 fnt
|faint|p2b: Milotic
|
|win|SRareFox
||dollartreehero is ready for game 3.
||SRareFox is ready for game 3.
|uhtml|next|Next: Game 3 of 3
|l|☆SRareFox
|player|p1|
