|j|☆Zacharykeith
|j|☆patrickthisisnt
|html|Zacharykeithpatrickthisisnt    
|uhtml|bestof|Game 2 of a best-of-3
|t:|1756254351
|gametype|doubles
|player|p1|Zacharykeith|fisherman-gen4|1078
|player|p2|patrickthisisnt|102|1082
|gen|9
|tier|[Gen 9] VGC 2025 Reg H (Bo3)
|rated|
|rule|Species Clause: Limit one of each Pokémon
|rule|Item Clause: Limit 1 of each item
|clearpoke
|poke|p1|Ursaluna, L50, F|
|poke|p1|Cetitan, L50, M|
|poke|p1|Porygon2, L50|
|poke|p1|Incineroar, L50, F|
|poke|p1|Sinistcha, L50|
|poke|p1|Pikachu, L50, F|
|poke|p2|Jumpluff, L50, F|
|poke|p2|Heracross, L50, M|
|poke|p2|Torkoal, L50, F|
|poke|p2|Charizard, L50, F|
|poke|p2|Ursaluna-Bloodmoon, L50, M|
|poke|p2|Oranguru, L50, F|
|teampreview|4
|showteam|p1|Ursaluna||FlameOrb|Guts|Facade,HeadlongRush,Earthquake,Protect|||F|||50|,,,,,Ghost]Cetitan||AssaultVest|SheerForce|IcicleCrash,IceShard,HighHorsepower,Liquidation|||M|||50|,,,,,Water]Porygon2||Eviolite|Trace|TeraBlast,IceBeam,TrickRoom,Recover||||||50|,,,,,Fighting]Incineroar||SafetyGoggles|Intimidate|FakeOut,KnockOff,PartingShot,FlareBlitz|||F|||50|,,,,,Ghost]Sinistcha||SitrusBerry|Hospitality|MatchaGotcha,RagePowder,LifeDew,TrickRoom||||||50|,,,,,Water]Pikachu||LightBall|LightningRod|Thunderbolt,VoltSwitch,Encore,Protect|||F|||50|,,,,,Electric
|showteam|p2|Jumpluff||FocusSash|Chlorophyll|SleepPowder,Tailwind,SunnyDay,Acrobatics|||F|||50|,,,,,Ghost]Heracross||FlameOrb|Guts|Trailblaze,CloseCombat,Protect,HighHorsepower|||M|||50|,,,,,Grass]Torkoal||EjectPack|Drought|EarthPower,HeatWave,Eruption,Overheat|||F|||50|,,,,,Fire]Charizard||ChoiceSpecs|SolarPower|HeatWave,WeatherBall,AirSlash,ScorchingSands|||F|||50|,,,,,Fire]Ursaluna-Bloodmoon||LifeOrb|MindsEye|Protect,HyperVoice,BloodMoon,EarthPower|||M|||50|,,,,,Ghost]Oranguru||MentalHerb|InnerFocus|TrickRoom,Instruct,Psychic,Taunt|||F|||50|,,,,,Fairy
|inactive|Battle timer is ON: inactive players will automatically lose when time's up. (requested by patrickthisisnt)
|
|t:|1756254381
|teamsize|p1|4
|teamsize|p2|4
|start
|switch|p1a: Incineroar|Incineroar, L50, F|100/100
|switch|p1b: Sinistcha|Sinistcha, L50|100/100
|switch|p2a: Torkoal|Torkoal, L50, F|100/100
|switch|p2b: Charizard|Charizard, L50, F|100/100
|-ability|p1a: Incineroar|Intimidate|boost
|-unboost|p2a: Torkoal|atk|1
|-unboost|p2b: Charizard|atk|1
|-weather|SunnyDay|[from] ability: Drought|[of] p2a: Torkoal
|-enditem|p2a: Torkoal|Eject Pack
|
|t:|1756254389
|switch|p2a: Heracross|Heracross, L50, M|100/100
|turn|1
|
|t:|1756254410
|-terastallize|p2a: Heracross|Grass
|move|p1a: Incineroar|Fake Out|p2b: Charizard
|-damage|p2b: Charizard|82/100
|cant|p2b: Charizard|flinch
|move|p2a: Heracross|Trailblaze|p1b: Sinistcha
|-resisted|p1b: Sinistcha
|-damage|p1b: Sinistcha|85/100
|-boost|p2a: Heracross|spe|1
|move|p1b: Sinistcha|Life Dew||[still]|[spread] p1a,p1b
|-fail|p1a: Incineroar|heal
|-heal|p1b: Sinistcha|100/100
|
|-weather|SunnyDay|[upkeep]
|-damage|p2b: Charizard|70/100|[from] ability: Solar Power|[of] p2b: Charizard
|-status|p2a: Heracross|brn|[from] item: Flame Orb
|upkeep
|turn|2
|
|t:|1756254425
|-terastallize|p1b: Sinistcha|Water
|move|p2a: Heracross|Close Combat|p1a: Incineroar
|-supereffective|p1a: Incineroar
|-damage|p1a: Incineroar|0 fnt
|-unboost|p2a: Heracross|def|1
|-unboost|p2a: Heracross|spd|1
|faint|p1a: Incineroar
|move|p2b: Charizard|Heat Wave|p1b: Sinistcha
|-resisted|p1b: Sinistcha
|-damage|p1b: Sinistcha|36/100
|-enditem|p1b: Sinistcha|Sitrus Berry|[eat]
|-heal|p1b: Sinistcha|61/100|[from] item: Sitrus Berry
|move|p1b: Sinistcha|Trick Room|p1b: Sinistcha
|-fieldstart|move: Trick Room|[of] p1b: Sinistcha
|
|-weather|SunnyDay|[upkeep]
|-damage|p2b: Charizard|57/100|[from] ability: Solar Power|[of] p2b: Charizard
|-damage|p2a: Heracross|94/100 brn|[from] brn
|upkeep
|
|t:|1756254441
|switch|p1a: Cetitan|Cetitan, L50, M|100/100
|turn|3
|
|t:|1756254465
|move|p1b: Sinistcha|Rage Powder|p1b: Sinistcha
|-singleturn|p1b: Sinistcha|move: Rage Powder
|move|p1a: Cetitan|Icicle Crash|p2b: Charizard
|-damage|p2b: Charizard|0 fnt
|faint|p2b: Charizard
|move|p2a: Heracross|Close Combat|p1a: Cetitan
|-supereffective|p1a: Cetitan
|-damage|p1a: Cetitan|0 fnt
|-unboost|p2a: Heracross|def|1
|-unboost|p2a: Heracross|spd|1
|faint|p1a: Cetitan
|
|-weather|SunnyDay|[upkeep]
|-damage|p2a: Heracross|88/100 brn|[from] brn
|upkeep
|
|t:|1756254477
|switch|p1a: Ursaluna|Ursaluna, L50, F|100/100
|switch|p2b: Jumpluff|Jumpluff, L50, F|100/100
|turn|4
|
|t:|1756254493
|move|p1a: Ursaluna|Protect|p1a: Ursaluna
|-singleturn|p1a: Ursaluna|Protect
|move|p2a: Heracross|Protect|p2a: Heracross
|-singleturn|p2a: Heracross|Protect
|move|p1b: Sinistcha|Matcha Gotcha|p2a: Heracross|[spread] 
|-activate|p2a: Heracross|move: Protect
|-miss|p1b: Sinistcha|p2b: Jumpluff
|move|p2b: Jumpluff|Sleep Powder|p1b: Sinistcha
|-status|p1b: Sinistcha|slp|[from] move: Sleep Powder
|
|-weather|SunnyDay|[upkeep]
|-damage|p2a: Heracross|82/100 brn|[from] brn
|-status|p1a: Ursaluna|brn|[from] item: Flame Orb
|upkeep
|turn|5
|j| skeletonkrew
|-message|Zacharykeith forfeited.
|
|win|patrickthisisnt
|raw|Zacharykeith's rating: 1078 → 1057(-21 for losing)
|raw|patrickthisisnt's rating: 1082 → 1109(+27 for winning)
