|j|☆kayou93
|j|☆clarocojones
|html|kayou93clarocojones    
|uhtml|bestof|Game 1 of a best-of-3
|t:|1785693287
|gametype|doubles
|player|p1|kayou93|nate|1156
|player|p2|clarocojones|striker|1310
|gen|9
|tier|[Gen 9 Champions] VGC 2026 Reg M-B (Bo3)
|rated|
|rule|Species Clause: Limit one of each Pokémon
|rule|Item Clause: Limit 1 of each item
|clearpoke
|poke|p1|Floette-Eternal, L50, F|
|poke|p1|Delphox, L50, M|
|poke|p1|Sneasler, L50, M|
|poke|p1|Sinistcha, L50|
|poke|p1|Incineroar, L50, M|
|poke|p1|Basculegion, L50, M|
|poke|p2|Incineroar, L50, M, shiny|
|poke|p2|Floette-Eternal, L50, F|
|poke|p2|Sinistcha-Masterpiece, L50, shiny|
|poke|p2|Kommo-o, L50, F|
|poke|p2|Kingambit, L50, M, shiny|
|poke|p2|Aerodactyl, L50, M|
|teampreview|4
|showteam|p1|Floette-Eternal||Floettite|FlowerVeil|Moonblast,DazzlingGleam,CalmMind,Protect|Timid||F|||50|]Delphox||Delphoxite|Blaze|Psychic,HeatWave,NastyPlot,Protect|Timid||M|||50|]Sneasler||FocusSash|PoisonTouch|PoisonJab,CloseCombat,FakeOut,QuickGuard|Jolly||M|||50|]Sinistcha||SitrusBerry|Hospitality|MatchaGotcha,LifeDew,RagePowder,Protect|Bold|||||50|]Incineroar||PasshoBerry|Intimidate|FakeOut,FlareBlitz,PartingShot,ThroatChop|Careful||M|||50|]Basculegion||ChoiceScarf|Adaptability|LastRespects,WaveCrash,FlipTurn,AquaJet|Jolly||M|||50|
|showteam|p2|Incineroar||SitrusBerry|Intimidate|FakeOut,PartingShot,HelpingHand,FlareBlitz|Careful||M|||50|]Floette-Eternal||Floettite|FlowerVeil|Moonblast,DazzlingGleam,CalmMind,Protect|Modest||F|||50|]Sinistcha-Masterpiece||ColburBerry|Hospitality|MatchaGotcha,LifeDew,RagePowder,TrickRoom|Bold|||||50|]Kommo-o||Leftovers|Overcoat|ClangingScales,AuraSphere,ClangorousSoul,Protect|Modest||F|||50|]Kingambit||FocusSash|Defiant|KowtowCleave,SuckerPunch,IronHead,Protect|Adamant||M|||50|]Aerodactyl||Aerodactylite|Unnerve|Protect,RockSlide,Tailwind,DualWingbeat|Jolly||M|||50|
|
|t:|1785693332
|teamsize|p1|4
|teamsize|p2|4
|start
|switch|p1a: Floette|Floette-Eternal, L50, F|100/100
|switch|p1b: Sneasler|Sneasler, L50, M|100/100
|switch|p2a: Aerodactyl|Aerodactyl, L50, M|100/100
|switch|p2b: Kingambit|Kingambit, L50, M, shiny|100/100
|-ability|p2a: Aerodactyl|Unnerve
|turn|1
|inactive|Battle timer is ON: inactive players will automatically lose when time's up. (requested by kayou93)
|inactive|kayou93 has 60 seconds left.
|
|t:|1785693385
|switch|p1a: Basculegion|Basculegion, L50, M|100/100
|move|p2a: Aerodactyl|Protect|p2a: Aerodactyl
|-singleturn|p2a: Aerodactyl|Protect
|move|p2b: Kingambit|Protect|p2b: Kingambit
|-singleturn|p2b: Kingambit|Protect
|move|p1b: Sneasler|Fake Out|p2a: Aerodactyl
|-activate|p2a: Aerodactyl|move: Protect
|
|upkeep
|turn|2
|inactive|clarocojones has 30 seconds left.
|
|t:|1785693416
|switch|p2a: Kommo-o|Kommo-o, L50, F|100/100
|move|p1b: Sneasler|Quick Guard|p1b: Sneasler
|-singleturn|p1b: Sneasler|Quick Guard
|move|p2b: Kingambit|Sucker Punch|p1a: Basculegion
|-activate|p1a: Basculegion|move: Quick Guard
|move|p1a: Basculegion|Flip Turn|p2a: Kommo-o
|-resisted|p2a: Kommo-o|1
|-damage|p2a: Kommo-o|83/100
|
|t:|1785693425
|switch|p1a: Floette|Floette-Eternal, L50, F|100/100|[from] Flip Turn
|
|-heal|p2a: Kommo-o|89/100|[from] item: Leftovers
|upkeep
|turn|3
|
|t:|1785693437
|switch|p2a: DON JULIO|Sinistcha-Masterpiece, L50, shiny|100/100
|detailschange|p1a: Floette|Floette-Mega, L50, F
|-mega|p1a: Floette|Floette|Floettite
|-ability|p1a: Floette|Fairy Aura
|move|p2b: Kingambit|Protect|p2b: Kingambit
|-singleturn|p2b: Kingambit|Protect
|move|p1b: Sneasler|Close Combat|p2b: Kingambit
|-activate|p2b: Kingambit|move: Protect
|move|p1a: Floette|Dazzling Gleam|p2a: DON JULIO|[spread] p2a
|-activate|p2b: Kingambit|move: Protect
|-damage|p2a: DON JULIO|60/100
|
|upkeep
|turn|4
|
|t:|1785693453
|switch|p1b: Sinistcha|Sinistcha, L50|100/100
|move|p1a: Floette|Protect|p1a: Floette
|-singleturn|p1a: Floette|Protect
|move|p2a: DON JULIO|Rage Powder|p2a: DON JULIO
|-singleturn|p2a: DON JULIO|move: Rage Powder
|move|p2b: Kingambit|Iron Head|p1a: Floette
|-activate|p1a: Floette|move: Protect
|
|upkeep
|turn|5
|
|t:|1785693477
|move|p1b: Sinistcha|Rage Powder|p1b: Sinistcha
|-singleturn|p1b: Sinistcha|move: Rage Powder
|move|p1a: Floette|Calm Mind|p1a: Floette
|-boost|p1a: Floette|spa|1
|-boost|p1a: Floette|spd|1
|move|p2b: Kingambit|Kowtow Cleave|p1b: Sinistcha
|-supereffective|p1b: Sinistcha|1
|-damage|p1b: Sinistcha|31/100
|-enditem|p1b: Sinistcha|Sitrus Berry|[eat]
|-heal|p1b: Sinistcha|56/100|[from] item: Sitrus Berry
|move|p2a: DON JULIO|Life Dew||[still]|[spread] p2a,p2b
|-heal|p2a: DON JULIO|85/100
|-fail|p2b: Kingambit|heal
|
|upkeep
|turn|6
|inactive|kayou93 has 30 seconds left.
|
|t:|1785693504
|move|p1b: Sinistcha|Rage Powder|p1b: Sinistcha
|-singleturn|p1b: Sinistcha|move: Rage Powder
|move|p1a: Floette|Dazzling Gleam|p2b: Kingambit|[spread] p2a,p2b
|-damage|p2a: DON JULIO|27/100
|-damage|p2b: Kingambit|30/100
|move|p2b: Kingambit|Kowtow Cleave|p1b: Sinistcha
|-supereffective|p1b: Sinistcha|1
|-damage|p1b: Sinistcha|0 fnt
|faint|p1b: Sinistcha
|move|p2a: DON JULIO|Trick Room|p2a: DON JULIO
|-fieldstart|move: Trick Room|[of] p2a: DON JULIO
|
|upkeep
|
|t:|1785693515
|switch|p1b: Sneasler|Sneasler, L50, M|100/100
|turn|7
|
|t:|1785693537
|switch|p2a: Kommo-o|Kommo-o, L50, F|89/100
|move|p2b: Kingambit|Protect|p2b: Kingambit
|-singleturn|p2b: Kingambit|Protect
|move|p1a: Floette|Calm Mind|p1a: Floette
|-boost|p1a: Floette|spa|1
|-boost|p1a: Floette|spd|1
|move|p1b: Sneasler|Poison Jab|p2a: Kommo-o
|-damage|p2a: Kommo-o|50/100y
|
|-heal|p2a: Kommo-o|56/100|[from] item: Leftovers
|upkeep
|turn|8
|inactive|kayou93 has 30 seconds left.
|inactive|clarocojones has 30 seconds left.
|inactive|kayou93 has 20 seconds left.
|inactive|clarocojones has 20 seconds left.
|inactive|clarocojones has 15 seconds left.
|
|t:|1785693581
|move|p2b: Kingambit|Kowtow Cleave|p1b: Sneasler
|-resisted|p1b: Sneasler|1
|-crit|p1b: Sneasler
|-damage|p1b: Sneasler|32/100
|move|p2a: Kommo-o|Clanging Scales|p1b: Sneasler|[spread] p1b
|-immune|p1a: Floette
|-damage|p1b: Sneasler|0 fnt
|faint|p1b: Sneasler
|-unboost|p2a: Kommo-o|def|1
|move|p1a: Floette|Dazzling Gleam|p2a: Kommo-o|[spread] p2a,p2b
|-supereffective|p2a: Kommo-o|2
|-damage|p2a: Kommo-o|0 fnt
|-damage|p2b: Kingambit|0 fnt
|faint|p2a: Kommo-o
|faint|p2b: Kingambit
|
|upkeep
|
|t:|1785693588
|switch|p2b: DON JULIO|Sinistcha-Masterpiece, L50, shiny|27/100
|switch|p2a: Aerodactyl|Aerodactyl, L50, M|100/100
|switch|p1b: Basculegion|Basculegion, L50, M|100/100
|-ability|p2a: Aerodactyl|Unnerve
|turn|9
|
|t:|1785693601
|move|p2a: Aerodactyl|Protect|p2a: Aerodactyl
|-singleturn|p2a: Aerodactyl|Protect
|move|p1b: Basculegion|Aqua Jet|p2a: Aerodactyl
|-activate|p2a: Aerodactyl|move: Protect
|move|p2b: DON JULIO|Matcha Gotcha|p1b: Basculegion|[spread] p1a,p1b
|-supereffective|p1b: Basculegion|1
|-damage|p1a: Floette|91/100
|-heal|p2b: DON JULIO|32/100|[from] drain|[of] p1a: Floette
|-damage|p1b: Basculegion|44/100
|-heal|p2b: DON JULIO|63/100|[from] drain|[of] p1b: Basculegion
|move|p1a: Floette|Dazzling Gleam|p2b: DON JULIO|[spread] p2b
|-activate|p2a: Aerodactyl|move: Protect
|-damage|p2b: DON JULIO|0 fnt
|faint|p2b: DON JULIO
|
|upkeep
|turn|10
|inactive|clarocojones has 30 seconds left.
|inactive|clarocojones has 20 seconds left.
|
|t:|1785693636
|detailschange|p2a: Aerodactyl|Aerodactyl-Mega, L50, M
|-mega|p2a: Aerodactyl|Aerodactyl|Aerodactylite
|move|p2a: Aerodactyl|Protect|p2a: Aerodactyl
|-singleturn|p2a: Aerodactyl|Protect
|move|p1b: Basculegion|Aqua Jet|p2a: Aerodactyl
|-activate|p2a: Aerodactyl|move: Protect
|move|p1a: Floette|Moonblast|p2a: Aerodactyl
|-activate|p2a: Aerodactyl|move: Protect
|
|-fieldend|move: Trick Room
|upkeep
|turn|11
|
|t:|1785693647
|move|p1b: Basculegion|Aqua Jet|p2a: Aerodactyl
|-supereffective|p2a: Aerodactyl|1
|-damage|p2a: Aerodactyl|38/100
|move|p2a: Aerodactyl|Rock Slide|p1b: Basculegion|[spread] p1a,p1b
|-damage|p1a: Floette|61/100
|-damage|p1b: Basculegion|10/100
|move|p1a: Floette|Moonblast|p2a: Aerodactyl
|-damage|p2a: Aerodactyl|0 fnt
|faint|p2a: Aerodactyl
|
|win|kayou93
||clarocojones is ready for game 2.
||kayou93 is ready for game 2.
|uhtml|next|Next: Game 2 of 3
|l|☆kayou93
|player|p1|
