|j|☆Pelosis
|j|☆banbanan
|html|Pelosisbanbanan    
|uhtml|bestof|Game 2 of a best-of-3
|t:|1784729212
|gametype|doubles
|player|p1|Pelosis|266|1179
|player|p2|banbanan|1|1061
|gen|9
|tier|[Gen 9 Champions] VGC 2026 Reg M-B (Bo3)
|rated|
|rule|Species Clause: Limit one of each Pokémon
|rule|Item Clause: Limit 1 of each item
|clearpoke
|poke|p1|Mawile, L50, M|
|poke|p1|Farigiraf, L50, F|
|poke|p1|Incineroar, L50, M|
|poke|p1|Torkoal, L50, M|
|poke|p1|Venusaur, L50, F|
|poke|p1|Scrafty, L50, M|
|poke|p2|Sinistcha, L50|
|poke|p2|Steelix, L50, M|
|poke|p2|Hippowdon, L50, F|
|poke|p2|Heracross, L50, F|
|poke|p2|Whimsicott, L50, F|
|poke|p2|Sneasler, L50, F|
|teampreview|4
|showteam|p1|Mawile||Mawilite|HyperCutter|Protect,PlayRough,RockSlide,SuckerPunch|Brave||M|||50|]Farigiraf||SitrusBerry|ArmorTail|TrickRoom,TwinBeam,Thunderbolt,HelpingHand|Quiet||F|||50|]Incineroar||WhiteHerb|Intimidate|FakeOut,CloseCombat,FlareBlitz,DarkestLariat|Brave||M|||50|]Torkoal||Charcoal|Drought|Protect,Eruption,HeatWave,WeatherBall|Quiet||M|||50|]Venusaur||FocusSash|Chlorophyll|SleepPowder,EarthPower,EnergyBall,SludgeBomb|Modest||F|||50|]Scrafty||Scraftinite|Intimidate|FakeOut,CloseCombat,KnockOff,IcePunch|Brave||M|||50|
|showteam|p2|Sinistcha||KingsRock|Hospitality|MatchaGotcha,ShadowBall,StrengthSap,Protect|Timid|||||50|]Steelix||Steelixite|SheerForce|PsychicFangs,HeavySlam,HighHorsepower,BreakingSwipe|Impish||M|||50|]Hippowdon||Leftovers|SandStream|Protect,BodyPress,HighHorsepower,Rest|Impish||F|||50|]Heracross||Heracronite|Guts|BulletSeed,Lunge,CloseCombat,KnockOff|Adamant||F|||50|]Whimsicott||FocusSash|Chlorophyll|Moonblast,Tailwind,TrickRoom,Encore|Modest||F|||50|]Sneasler||WhiteHerb|Unburden|CloseCombat,DireClaw,FirePunch,FakeOut|Adamant||F|||50|
|inactive|Battle timer is ON: inactive players will automatically lose when time's up. (requested by Pelosis)
|
|t:|1784729227
|teamsize|p1|4
|teamsize|p2|4
|start
|switch|p1a: Farigiraf|Farigiraf, L50, F|100/100
|switch|p1b: Incineroar|Incineroar, L50, M|100/100
|switch|p2a: Sneasler|Sneasler, L50, F|100/100
|switch|p2b: Whimsicott|Whimsicott, L50, F|100/100
|-ability|p1b: Incineroar|Intimidate|boost
|-unboost|p2a: Sneasler|atk|1
|-unboost|p2b: Whimsicott|atk|1
|-enditem|p2a: Sneasler|White Herb
|-clearnegativeboost|p2a: Sneasler|[silent]
|turn|1
|inactive|Pelosis has 30 seconds left.
|inactive|banbanan has 30 seconds left.
|inactive|Pelosis has 20 seconds left.
|
|t:|1784729267
|move|p2a: Sneasler|Close Combat|p1b: Incineroar
|-supereffective|p1b: Incineroar|1
|-damage|p1b: Incineroar|0 fnt
|-unboost|p2a: Sneasler|def|1
|-unboost|p2a: Sneasler|spd|1
|faint|p1b: Incineroar
|move|p2b: Whimsicott|Moonblast|p1a: Farigiraf
|-damage|p1a: Farigiraf|67/100
|move|p1a: Farigiraf|Twin Beam|p2a: Sneasler
|-supereffective|p2a: Sneasler|2
|-damage|p2a: Sneasler|0 fnt
|faint|p2a: Sneasler
|-hitcount|p2: Sneasler|1
|
|upkeep
|
|t:|1784729285
|switch|p2a: Heracross|Heracross, L50, F|100/100
|switch|p1b: Torkoal|Torkoal, L50, M|100/100
|-weather|SunnyDay|[from] ability: Drought|[of] p1b: Torkoal
|turn|2
|inactive|banbanan has 30 seconds left.
|
|t:|1784729315
|switch|p2a: Hippowdon|Hippowdon, L50, F|100/100
|-weather|Sandstorm|[from] ability: Sand Stream|[of] p2a: Hippowdon
|switch|p1a: Scrafty|Scrafty, L50, M|100/100
|-ability|p1a: Scrafty|Intimidate|boost
|-unboost|p2a: Hippowdon|atk|1
|-unboost|p2b: Whimsicott|atk|1
|move|p2b: Whimsicott|Moonblast|p1b: Torkoal
|-resisted|p1b: Torkoal|1
|-damage|p1b: Torkoal|72/100
|move|p1b: Torkoal|Eruption|p2a: Hippowdon|[spread] p2a,p2b
|-supereffective|p2b: Whimsicott|1
|-damage|p2a: Hippowdon|64/100
|-enditem|p2b: Whimsicott|Focus Sash
|-damage|p2b: Whimsicott|1/100
|
|-weather|Sandstorm|[upkeep]
|-damage|p2b: Whimsicott|0 fnt|[from] Sandstorm
|-damage|p1a: Scrafty|94/100|[from] Sandstorm
|-damage|p1b: Torkoal|66/100|[from] Sandstorm
|faint|p2b: Whimsicott
|-heal|p2a: Hippowdon|70/100|[from] item: Leftovers
|upkeep
|c|☆Pelosis|:O
|
|t:|1784729337
|switch|p2b: Heracross|Heracross, L50, F|100/100
|turn|3
|
|t:|1784729362
|switch|p1b: Farigiraf|Farigiraf, L50, F|67/100
|detailschange|p2b: Heracross|Heracross-Mega, L50, F
|-mega|p2b: Heracross|Heracross|Heracronite
|detailschange|p1a: Scrafty|Scrafty-Mega, L50, M
|-mega|p1a: Scrafty|Scrafty|Scraftinite
|-ability|p1a: Scrafty|Intimidate|boost
|-unboost|p2a: Hippowdon|atk|1
|-unboost|p2b: Heracross|atk|1
|move|p1a: Scrafty|Fake Out|p2b: Heracross
|-damage|p2b: Heracross|86/100
|cant|p2b: Heracross|flinch
|move|p2a: Hippowdon|Body Press|p1a: Scrafty
|-supereffective|p1a: Scrafty|1
|-damage|p1a: Scrafty|50/100y
|
|-weather|Sandstorm|[upkeep]
|-damage|p2b: Heracross|80/100|[from] Sandstorm
|-damage|p1a: Scrafty|44/100|[from] Sandstorm
|-damage|p1b: Farigiraf|61/100|[from] Sandstorm
|-heal|p2a: Hippowdon|76/100|[from] item: Leftovers
|upkeep
|turn|4
|inactive|Pelosis has 30 seconds left.
|inactive|banbanan has 30 seconds left.
|inactive|Pelosis has 20 seconds left.
|inactive|Pelosis has 15 seconds left.
|
|t:|1784729403
|switch|p1a: Torkoal|Torkoal, L50, M|66/100
|-weather|SunnyDay|[from] ability: Drought|[of] p1a: Torkoal
|move|p2a: Hippowdon|Protect|p2a: Hippowdon
|-singleturn|p2a: Hippowdon|Protect
|move|p2b: Heracross|Knock Off|p1b: Farigiraf
|-supereffective|p1b: Farigiraf|1
|-damage|p1b: Farigiraf|1/100
|-enditem|p1b: Farigiraf|Sitrus Berry|[from] move: Knock Off|[of] p2b: Heracross
|move|p1b: Farigiraf|Twin Beam|p2b: Heracross
|-supereffective|p2b: Heracross|1
|-damage|p2b: Heracross|42/100
|-supereffective|p2b: Heracross|1
|-damage|p2b: Heracross|10/100
|-hitcount|p2b: Heracross|2
|
|-weather|SunnyDay|[upkeep]
|-heal|p2a: Hippowdon|82/100|[from] item: Leftovers
|upkeep
|turn|5
|inactive|Pelosis has 30 seconds left.
|inactive|banbanan has 30 seconds left.
|
|t:|1784729436
|move|p1a: Torkoal|Protect|p1a: Torkoal
|-singleturn|p1a: Torkoal|Protect
|move|p2b: Heracross|Close Combat|p1a: Torkoal
|-activate|p1a: Torkoal|move: Protect
|move|p1b: Farigiraf|Twin Beam|p2b: Heracross
|-supereffective|p2b: Heracross|1
|-damage|p2b: Heracross|0 fnt
|faint|p2b: Heracross
|-hitcount|p2: Heracross|1
|move|p2a: Hippowdon|Body Press|p1b: Farigiraf
|-damage|p1b: Farigiraf|0 fnt
|faint|p1b: Farigiraf
|
|-weather|SunnyDay|[upkeep]
|-heal|p2a: Hippowdon|88/100|[from] item: Leftovers
|upkeep
|
|t:|1784729450
|switch|p1b: Scrafty|Scrafty-Mega, L50, M|44/100
|-ability|p1b: Scrafty|Intimidate|boost
|-unboost|p2a: Hippowdon|atk|1
|turn|6
|c|☆Pelosis|gg
|c|☆banbanan|GG
|-message|banbanan forfeited.
|raw|Pelosis's rating: 1179 → 1196(+17 for winning)
|raw|banbanan's rating: 1061 → 1048(-13 for losing)
|
|win|Pelosis
