|j|☆bent0boxx
|j|☆marcusquinn
|html|bent0boxxmarcusquinn    
|uhtml|bestof|Game 1 of a best-of-3
|t:|1757653438
|gametype|doubles
|player|p1|bent0boxx|266|1010
|player|p2|marcusquinn|hilbert-wonderlauncher|1116
|gen|9
|tier|[Gen 9] VGC 2025 Reg H (Bo3)
|rated|
|rule|Species Clause: Limit one of each Pokémon
|rule|Item Clause: Limit 1 of each item
|clearpoke
|poke|p1|Ursaluna, L50, F|
|poke|p1|Rillaboom, L50, F|
|poke|p1|Dragapult, L50, F|
|poke|p1|Empoleon, L50, M|
|poke|p1|Porygon2, L50|
|poke|p1|Blaziken, L50, F|
|poke|p2|Archaludon, L50, F|
|poke|p2|Porygon2, L50|
|poke|p2|Incineroar, L50, F|
|poke|p2|Ursaluna, L50, F|
|poke|p2|Sneasler, L50, M|
|poke|p2|Dragonite, L50, M|
|teampreview|4
|showteam|p1|Ursaluna||FlameOrb|Guts|HeadlongRush,Facade,HelpingHand,Protect|||F|||50|,,,,,Ghost]Rillaboom||AssaultVest|GrassySurge|WoodHammer,FakeOut,GrassyGlide,GrassPledge|||F|||50|,,,,,Electric]Dragapult||ChoiceBand|ClearBody|DragonDarts,PhantomForce,Uturn,TeraBlast|||F|||50|,,,,,Ghost]Empoleon||Leftovers|Competitive|WaterPledge,IceBeam,Yawn,Protect|||M|||50|,,,,,Grass]Porygon2||Eviolite|Download|TeraBlast,IceBeam,Recover,TrickRoom||||||50|,,,,,Fighting]Blaziken||FocusSash|SpeedBoost|CloseCombat,FirePledge,UpperHand,Detect|||F|||50|,,,,,Fighting
|showteam|p2|Archaludon||PowerHerb|Sturdy|Protect,ElectroShot,DracoMeteor,FlashCannon|||F|||50|,,,,,Electric]Porygon2||Eviolite|Download|TeraBlast,IceBeam,Recover,TrickRoom||||||50|,,,,,Fighting]Incineroar||SafetyGoggles|Intimidate|FlareBlitz,KnockOff,FakeOut,PartingShot|||F|||50|,,,,,Ghost]Ursaluna||FlameOrb|Guts|HeadlongRush,Facade,Earthquake,Protect|||F|||50|,,,,,Ghost]Sneasler||FocusSash|Unburden|Protect,CloseCombat,DireClaw,ThroatChop|||M|||50|,,,,,Stellar]Dragonite||LoadedDice|Multiscale|ScaleShot,Tailwind,Haze,Protect|||M|||50|,,,,,Fairy
|inactive|Battle timer is ON: inactive players will automatically lose when time's up. (requested by marcusquinn)
|inactive|bent0boxx has 60 seconds left.
|inactive|marcusquinn has 60 seconds left.
|
|t:|1757653496
|teamsize|p1|4
|teamsize|p2|4
|start
|switch|p1a: Porygon2|Porygon2, L50|100/100
|switch|p1b: Rillaboom|Rillaboom, L50, F|100/100
|switch|p2a: Porygon2|Porygon2, L50, shiny|100/100
|switch|p2b: Dragonite|Dragonite, L50, M, shiny|100/100
|-fieldstart|move: Grassy Terrain|[from] ability: Grassy Surge|[of] p1b: Rillaboom
|-ability|p2a: Porygon2|Download|boost
|-boost|p2a: Porygon2|spa|1
|-ability|p1a: Porygon2|Download|boost
|-boost|p1a: Porygon2|atk|1
|turn|1
|
|t:|1757653520
|switch|p2b: Incineroar|Incineroar, L50, F, shiny|100/100
|-ability|p2b: Incineroar|Intimidate|boost
|-unboost|p1a: Porygon2|atk|1
|-unboost|p1b: Rillaboom|atk|1
|-terastallize|p2a: Porygon2|Fighting
|move|p1b: Rillaboom|Fake Out|p2a: Porygon2
|-damage|p2a: Porygon2|94/100
|cant|p2a: Porygon2|flinch
|move|p1a: Porygon2|Trick Room|p1a: Porygon2
|-fieldstart|move: Trick Room|[of] p1a: Porygon2
|
|-heal|p2a: Porygon2|99/100|[from] Grassy Terrain
|upkeep
|turn|2
|inactive|bent0boxx has 30 seconds left.
|inactive|bent0boxx has 20 seconds left.
|inactive|bent0boxx has 15 seconds left.
|
|t:|1757653564
|switch|p1b: Empoleon|Empoleon, L50, M|100/100
|move|p1a: Porygon2|Ice Beam|p2a: Porygon2
|-damage|p2a: Porygon2|82/100
|move|p2a: Porygon2|Ice Beam|p1b: Empoleon
|-resisted|p1b: Empoleon
|-damage|p1b: Empoleon|92/100
|move|p2b: Incineroar|Knock Off|p1b: Empoleon
|-damage|p1b: Empoleon|50/100
|-enditem|p1b: Empoleon|Leftovers|[from] move: Knock Off|[of] p2b: Incineroar
|
|-heal|p2a: Porygon2|89/100|[from] Grassy Terrain
|-heal|p1b: Empoleon|56/100|[from] Grassy Terrain
|upkeep
|turn|3
|
|t:|1757653579
|-terastallize|p1a: Porygon2|Fighting
|move|p1a: Porygon2|Tera Blast|p2a: Porygon2|[anim] Tera Blast Fighting
|-damage|p2a: Porygon2|67/100
|move|p2a: Porygon2|Tera Blast|p1b: Empoleon|[anim] Tera Blast Fighting
|-supereffective|p1b: Empoleon
|-damage|p1b: Empoleon|0 fnt
|faint|p1b: Empoleon
|move|p2b: Incineroar|Knock Off|p1a: Porygon2
|-resisted|p1a: Porygon2
|-damage|p1a: Porygon2|88/100
|-enditem|p1a: Porygon2|Eviolite|[from] move: Knock Off|[of] p2b: Incineroar
|
|-heal|p1a: Porygon2|94/100|[from] Grassy Terrain
|-heal|p2a: Porygon2|73/100|[from] Grassy Terrain
|upkeep
|
|t:|1757653582
|switch|p1b: Rillaboom|Rillaboom, L50, F|100/100
|turn|4
|
|t:|1757653600
|move|p1b: Rillaboom|Fake Out|p2b: Incineroar
|-damage|p2b: Incineroar|88/100
|move|p1a: Porygon2|Tera Blast|p2b: Incineroar|[anim] Tera Blast Fighting
|-supereffective|p2b: Incineroar
|-damage|p2b: Incineroar|24/100
|move|p2a: Porygon2|Ice Beam|p1b: Rillaboom
|-supereffective|p1b: Rillaboom
|-damage|p1b: Rillaboom|43/100
|cant|p2b: Incineroar|flinch
|
|-heal|p1a: Porygon2|100/100|[from] Grassy Terrain
|-heal|p2a: Porygon2|79/100|[from] Grassy Terrain
|-heal|p2b: Incineroar|30/100|[from] Grassy Terrain
|-heal|p1b: Rillaboom|49/100|[from] Grassy Terrain
|upkeep
|turn|5
|
|t:|1757653619
|move|p1b: Rillaboom|Grassy Glide|p2a: Porygon2
|-damage|p2a: Porygon2|56/100
|move|p1a: Porygon2|Tera Blast|p2b: Incineroar|[anim] Tera Blast Fighting
|-supereffective|p2b: Incineroar
|-damage|p2b: Incineroar|0 fnt
|faint|p2b: Incineroar
|move|p2a: Porygon2|Ice Beam|p1b: Rillaboom
|-supereffective|p1b: Rillaboom
|-damage|p1b: Rillaboom|0 fnt
|faint|p1b: Rillaboom
|
|-heal|p2a: Porygon2|62/100|[from] Grassy Terrain
|-fieldend|move: Trick Room
|-fieldend|move: Grassy Terrain
|upkeep
|
|t:|1757653635
|switch|p1b: Dragapult|Dragapult, L50, F|100/100
|switch|p2b: Sneasler|Sneasler, L50, M|100/100
|turn|6
|
|t:|1757653656
|move|p1b: Dragapult|Dragon Darts|p2b: Sneasler
|-damage|p2b: Sneasler|35/100
|-anim|p1b: Dragapult|Dragon Darts|p2a: Porygon2
|-damage|p2a: Porygon2|34/100
|move|p2b: Sneasler|Throat Chop|p1b: Dragapult
|-supereffective|p1b: Dragapult
|-damage|p1b: Dragapult|21/100
|-start|p1b: Dragapult|Throat Chop|[silent]
|move|p2a: Porygon2|Ice Beam|p1b: Dragapult
|-supereffective|p1b: Dragapult
|-damage|p1b: Dragapult|0 fnt
|faint|p1b: Dragapult
|move|p1a: Porygon2|Ice Beam|p2b: Sneasler
|-damage|p2b: Sneasler|0 fnt
|faint|p2b: Sneasler
|
|upkeep
|
|t:|1757653669
|switch|p2b: Dragonite|Dragonite, L50, M, shiny|100/100
|turn|7
|-message|bent0boxx forfeited.
|
|win|marcusquinn
||marcusquinn is ready for game 2.
||bent0boxx is ready for game 2.
|uhtml|next|Next: Game 2 of 3
|l|☆bent0boxx
|player|p1|
|l|☆marcusquinn
|player|p2|
