|j|☆Daravones Soup
|j|☆pengu
|html|Daravones Souppengu    
|uhtml|bestof|Game 2 of a best-of-3
|t:|1784980845
|gametype|doubles
|player|p1|Daravones Soup|2|
|player|p2|pengu|rosa-masters2|
|gen|9
|tier|[Gen 9 Champions] VGC 2026 Reg M-B (Bo3)
|rule|Species Clause: Limit one of each Pokémon
|rule|Item Clause: Limit 1 of each item
|clearpoke
|poke|p1|Gengar, L50, M|
|poke|p1|Blastoise, L50, M|
|poke|p1|Scrafty, L50, F|
|poke|p1|Clefable, L50, M|
|poke|p1|Meowscarada, L50, M|
|poke|p1|Volcarona, L50, M|
|poke|p2|Tyranitar, L50, M|
|poke|p2|Gengar, L50, M|
|poke|p2|Kommo-o, L50, F|
|poke|p2|Rotom-Wash, L50|
|poke|p2|Tinkaton, L50, F|
|poke|p2|Arcanine, L50, F|
|teampreview|4
|showteam|p1|Gengar||Gengarite|CursedBody|ShadowBall,Substitute,PerishSong,Protect|Timid||M|||50|]Blastoise||Blastoisinite|RainDish|WaterSpout,DarkPulse,ShellSmash,Protect|Timid||M|||50|]Scrafty||RoseliBerry|Intimidate|FakeOut,CloseCombat,KnockOff,Detect|Careful||F|||50|]Clefable||SitrusBerry|CuteCharm|FollowMe,LifeDew,DazzlingGleam,Protect|Calm||M|||50|]Meowscarada||ChoiceScarf|Protean|Uturn,FlowerTrick,TripleAxel,PollenPuff|Jolly||M|||50|]Volcarona||Leftovers|FlameBody|StruggleBug,QuiverDance,HeatWave,Protect|Modest||M|||50|
|showteam|p2|Tyranitar||Tyranitarite|SandStream|RockSlide,KnockOff,LowKick,Protect|Adamant||M|||50|]Gengar||Gengarite|CursedBody|SludgeBomb,ShadowBall,Substitute,Protect|Timid||M|||50|]Kommo-o||Leftovers|Soundproof|ClangingScales,ClangorousSoul,AuraSphere,Protect|Modest||F|||50|]Rotom-Wash||ChoiceScarf|Levitate|HydroPump,Thunderbolt,VoltSwitch,Electroweb|Modest|||||50|]Tinkaton||MetalCoat|OwnTempo|FakeOut,GigatonHammer,PlayRough,Protect|Jolly||F|||50|]Arcanine||SitrusBerry|Intimidate|FlareBlitz,ExtremeSpeed,Howl,Protect|Adamant||F|||50|
|inactive|Battle timer is ON: inactive players will automatically lose when time's up. (requested by pengu)
|
|t:|1784980872
|teamsize|p1|4
|teamsize|p2|4
|start
|switch|p1a: Gengar|Gengar, L50, M|100/100
|switch|p1b: Meowscarada|Meowscarada, L50, M|100/100
|switch|p2a: Rewind|Tinkaton, L50, F|100/100
|switch|p2b: Hard Candy|Rotom-Wash, L50|100/100
|turn|1
|inactive|Daravones Soup has 30 seconds left.
|inactive|Daravones Soup has 20 seconds left.
|
|t:|1784980908
|switch|p1b: Volcarona|Volcarona, L50, M|100/100
|detailschange|p1a: Gengar|Gengar-Mega, L50, M
|-mega|p1a: Gengar|Gengar|Gengarite
|move|p2a: Rewind|Fake Out|p1b: Volcarona
|-damage|p1b: Volcarona|90/100
|-status|p2a: Rewind|brn|[from] ability: Flame Body|[of] p1b: Volcarona
|move|p2b: Hard Candy|Volt Switch|p1b: Volcarona
|-damage|p1b: Volcarona|61/100
|
|t:|1784980915
|switch|p2b: Kiss Of Death|Kommo-o, L50, F|100/100|[from] Volt Switch
|move|p1a: Gengar|Shadow Ball|p2a: Rewind
|-damage|p2a: Rewind|62/100 brn
|
|-heal|p1b: Volcarona|68/100|[from] item: Leftovers
|-damage|p2a: Rewind|56/100 brn|[from] brn
|upkeep
|turn|2
|
|t:|1784980933
|switch|p1a: Meowscarada|Meowscarada, L50, M|100/100
|move|p1b: Volcarona|Quiver Dance|p1b: Volcarona
|-boost|p1b: Volcarona|spa|1
|-boost|p1b: Volcarona|spd|1
|-boost|p1b: Volcarona|spe|1
|move|p2a: Rewind|Gigaton Hammer|p1a: Meowscarada
|-damage|p1a: Meowscarada|56/100
|move|p2b: Kiss Of Death|Clangorous Soul|p2b: Kiss Of Death
|-boost|p2b: Kiss Of Death|atk|1
|-boost|p2b: Kiss Of Death|def|1
|-boost|p2b: Kiss Of Death|spa|1
|-boost|p2b: Kiss Of Death|spd|1
|-boost|p2b: Kiss Of Death|spe|1
|-damage|p2b: Kiss Of Death|67/100
|
|-heal|p1b: Volcarona|74/100|[from] item: Leftovers
|-heal|p2b: Kiss Of Death|73/100|[from] item: Leftovers
|-damage|p2a: Rewind|50/100y brn|[from] brn
|upkeep
|turn|3
|inactive|Daravones Soup has 30 seconds left.
|inactive|Daravones Soup has 20 seconds left.
|inactive|Daravones Soup has 15 seconds left.
|inactive|Daravones Soup has 10 seconds left.
|inactive|Daravones Soup has 5 seconds left.
|
|t:|1784980987
|switch|p2a: Forget me Not.|Arcanine, L50, F|100/100
|-ability|p2a: Forget me Not.|Intimidate|boost
|-unboost|p1a: Meowscarada|atk|1
|-unboost|p1b: Volcarona|atk|1
|move|p2b: Kiss Of Death|Protect|p2b: Kiss Of Death
|-singleturn|p2b: Kiss Of Death|Protect
|move|p1a: Meowscarada|Triple Axel|p2b: Kiss Of Death
|-start|p1a: Meowscarada|typechange|Ice|[from] ability: Protean
|-activate|p2b: Kiss Of Death|move: Protect
|move|p1b: Volcarona|Quiver Dance|p1b: Volcarona
|-boost|p1b: Volcarona|spa|1
|-boost|p1b: Volcarona|spd|1
|-boost|p1b: Volcarona|spe|1
|
|-heal|p1b: Volcarona|80/100|[from] item: Leftovers
|-heal|p2b: Kiss Of Death|80/100|[from] item: Leftovers
|upkeep
|turn|4
|
|t:|1784981004
|switch|p1a: Scrafty|Scrafty, L50, F|100/100
|-ability|p1a: Scrafty|Intimidate|boost
|-unboost|p2a: Forget me Not.|atk|1
|-unboost|p2b: Kiss Of Death|atk|1
|move|p1b: Volcarona|Struggle Bug|p2a: Forget me Not.|[spread] p2a,p2b
|-resisted|p2a: Forget me Not.|1
|-crit|p2a: Forget me Not.
|-resisted|p2b: Kiss Of Death|1
|-damage|p2a: Forget me Not.|68/100
|-damage|p2b: Kiss Of Death|66/100
|-unboost|p2a: Forget me Not.|spa|1
|-unboost|p2b: Kiss Of Death|spa|1
|move|p2b: Kiss Of Death|Clanging Scales|p1b: Volcarona|[spread] p1a,p1b
|-damage|p1a: Scrafty|73/100
|-damage|p1b: Volcarona|63/100
|-unboost|p2b: Kiss Of Death|def|1
|move|p2a: Forget me Not.|Flare Blitz|p1b: Volcarona
|-crit|p1b: Volcarona
|-damage|p1b: Volcarona|0 fnt
|faint|p1b: Volcarona
|-damage|p2a: Forget me Not.|47/100|[from] Recoil
|-enditem|p2a: Forget me Not.|Sitrus Berry|[eat]
|-heal|p2a: Forget me Not.|72/100|[from] item: Sitrus Berry
|
|-heal|p2b: Kiss Of Death|73/100|[from] item: Leftovers
|upkeep
|c|☆pengu|mb
|c|☆Daravones Soup|Bro
|inactive|Daravones Soup has 30 seconds left.
|
|t:|1784981031
|switch|p1b: Gengar|Gengar-Mega, L50, M|100/100
|turn|5
|inactive|Daravones Soup has 30 seconds left.
|inactive|Daravones Soup has 20 seconds left.
|inactive|Daravones Soup has 15 seconds left.
|inactive|Daravones Soup has 10 seconds left.
|
|t:|1784981080
|move|p2b: Kiss Of Death|Protect|p2b: Kiss Of Death
|-singleturn|p2b: Kiss Of Death|Protect
|move|p1a: Scrafty|Fake Out|p2b: Kiss Of Death
|-activate|p2b: Kiss Of Death|move: Protect
|move|p1b: Gengar|Substitute|p1b: Gengar
|-start|p1b: Gengar|Substitute
|-damage|p1b: Gengar|75/100
|move|p2a: Forget me Not.|Flare Blitz|p1b: Gengar
|-end|p1b: Gengar|Substitute
|-damage|p2a: Forget me Not.|65/100|[from] Recoil
|
|-heal|p2b: Kiss Of Death|79/100|[from] item: Leftovers
|upkeep
|turn|6
|inactive|Daravones Soup has 30 seconds left.
|inactive|Daravones Soup has 20 seconds left.
|
|t:|1784981115
|switch|p1a: Meowscarada|Meowscarada, L50, M|56/100
|move|p1b: Gengar|Protect|p1b: Gengar
|-singleturn|p1b: Gengar|Protect
|move|p2b: Kiss Of Death|Clangorous Soul|p2b: Kiss Of Death
|-boost|p2b: Kiss Of Death|atk|1
|-boost|p2b: Kiss Of Death|def|1
|-boost|p2b: Kiss Of Death|spa|1
|-boost|p2b: Kiss Of Death|spd|1
|-boost|p2b: Kiss Of Death|spe|1
|-damage|p2b: Kiss Of Death|46/100
|move|p2a: Forget me Not.|Flare Blitz|p1b: Gengar
|-activate|p1b: Gengar|move: Protect
|
|-heal|p2b: Kiss Of Death|53/100|[from] item: Leftovers
|upkeep
|turn|7
|
|t:|1784981136
|move|p2b: Kiss Of Death|Protect|p2b: Kiss Of Death
|-singleturn|p2b: Kiss Of Death|Protect
|move|p2a: Forget me Not.|Protect|p2a: Forget me Not.
|-singleturn|p2a: Forget me Not.|Protect
|move|p1a: Meowscarada|Triple Axel|p2a: Forget me Not.
|-start|p1a: Meowscarada|typechange|Ice|[from] ability: Protean
|-activate|p2a: Forget me Not.|move: Protect
|move|p1b: Gengar|Shadow Ball|p2a: Forget me Not.
|-activate|p2a: Forget me Not.|move: Protect
|
|-heal|p2b: Kiss Of Death|59/100|[from] item: Leftovers
|upkeep
|turn|8
|
|t:|1784981150
|move|p1a: Meowscarada|Triple Axel|p2b: Kiss Of Death
|-supereffective|p2b: Kiss Of Death|1
|-damage|p2b: Kiss Of Death|46/100
|-supereffective|p2b: Kiss Of Death|1
|-damage|p2b: Kiss Of Death|24/100
|-supereffective|p2b: Kiss Of Death|1
|-damage|p2b: Kiss Of Death|0 fnt
|faint|p2b: Kiss Of Death
|-hitcount|p2: Kiss Of Death|3
|move|p1b: Gengar|Shadow Ball|p2a: Forget me Not.
|-damage|p2a: Forget me Not.|19/100
|move|p2a: Forget me Not.|Flare Blitz|p1b: Gengar
|-damage|p1b: Gengar|31/100
|-damage|p2a: Forget me Not.|6/100|[from] Recoil
|
|upkeep
|
|t:|1784981156
|switch|p2b: Hard Candy|Rotom-Wash, L50|100/100
|turn|9
|
|t:|1784981168
|switch|p1a: Scrafty|Scrafty, L50, F|73/100
|-ability|p1a: Scrafty|Intimidate|boost
|-unboost|p2a: Forget me Not.|atk|1
|-unboost|p2b: Hard Candy|atk|1
|move|p1b: Gengar|Protect|p1b: Gengar
|-singleturn|p1b: Gengar|Protect
|move|p2b: Hard Candy|Thunderbolt|p1b: Gengar
|-activate|p1b: Gengar|move: Protect
|move|p2a: Forget me Not.|Flare Blitz|p1a: Scrafty
|-damage|p1a: Scrafty|47/100
|-damage|p2a: Forget me Not.|0 fnt|[from] Recoil
|faint|p2a: Forget me Not.
|
|upkeep
|
|t:|1784981173
|switch|p2a: Rewind|Tinkaton, L50, F|50/100y brn
|turn|10
|inactive|Daravones Soup has 30 seconds left.
|
|t:|1784981204
|switch|p1b: Meowscarada|Meowscarada, L50, M|56/100
|move|p1a: Scrafty|Detect|p1a: Scrafty
|-singleturn|p1a: Scrafty|Protect
|move|p2b: Hard Candy|Thunderbolt|p1b: Meowscarada
|-resisted|p1b: Meowscarada|1
|-damage|p1b: Meowscarada|25/100
|move|p2a: Rewind|Gigaton Hammer|p1b: Meowscarada
|-damage|p1b: Meowscarada|0 fnt
|faint|p1b: Meowscarada
|
|-damage|p2a: Rewind|43/100 brn|[from] brn
|upkeep
|
|t:|1784981214
|switch|p1b: Gengar|Gengar-Mega, L50, M|31/100
|turn|11
|inactive|Daravones Soup has 30 seconds left.
|inactive|Daravones Soup has 20 seconds left.
|inactive|Daravones Soup has 15 seconds left.
|inactive|Daravones Soup has 10 seconds left.
|inactive|Daravones Soup has 5 seconds left.
|
|t:|1784981268
|move|p1b: Gengar|Protect|p1b: Gengar
|-singleturn|p1b: Gengar|Protect
|move|p2b: Hard Candy|Thunderbolt|p1a: Scrafty
|-damage|p1a: Scrafty|17/100
|move|p2a: Rewind|Play Rough|p1a: Scrafty
|-supereffective|p1a: Scrafty|2
|-enditem|p1a: Scrafty|Roseli Berry|[eat]
|-enditem|p1a: Scrafty|Roseli Berry|[weaken]
|-damage|p1a: Scrafty|0 fnt
|faint|p1a: Scrafty
|
|-damage|p2a: Rewind|37/100 brn|[from] brn
|upkeep
|turn|12
|c|☆Daravones Soup|Gg
|c|☆pengu|ggs
|c|☆pengu|mb for crit
|c|☆Daravones Soup|It’s fine
|inactive|Daravones Soup has 30 seconds left.
|-message|Daravones Soup forfeited.
|
|win|pengu
|l|☆Daravones Soup
|player|p1|
