|j|☆Chocozito
|j|☆rickyicebeam
|html|Chocozitorickyicebeam    
|uhtml|bestof|Game 2 of a best-of-3
|t:|1782233717
|gametype|doubles
|player|p1|Chocozito|cynthia-gen4|1025
|player|p2|rickyicebeam|steven|1044
|gen|9
|tier|[Gen 9 Champions] VGC 2026 Reg M-B (Bo3)
|rated|
|rule|Species Clause: Limit one of each Pokémon
|rule|Item Clause: Limit 1 of each item
|clearpoke
|poke|p1|Pyroar, L50, F|
|poke|p1|Whimsicott, L50, F|
|poke|p1|Garchomp, L50, M|
|poke|p1|Sinistcha, L50|
|poke|p1|Aerodactyl, L50, F|
|poke|p1|Grimmsnarl, L50, M|
|poke|p2|Incineroar, L50, M|
|poke|p2|Whimsicott, L50, M|
|poke|p2|Raichu, L50, F|
|poke|p2|Annihilape, L50, M|
|poke|p2|Scovillain, L50, F|
|poke|p2|Sylveon, L50, M|
|teampreview|4
|showteam|p1|Pyroar||Pyroarite|Rivalry|HeatWave,Overheat,Protect,SolarBeam|Modest||F|||50|]Whimsicott||FocusSash|Prankster|SunnyDay,Tailwind,Encore,Moonblast|Calm||F|||50|]Garchomp||LifeOrb|RoughSkin|Protect,RockTomb,DragonClaw,Earthquake|Jolly||M|||50|]Sinistcha||Leftovers|Hospitality|StrengthSap,LifeDew,RagePowder,MatchaGotcha|Bold|||||50|]Aerodactyl||Aerodactylite|RockHead|DragonDance,DualWingbeat,IceFang,RockSlide|Adamant||F|||50|]Grimmsnarl||LightClay|Prankster|PlayRough,Reflect,LightScreen,PartingShot|Careful||M|||50|
|showteam|p2|Incineroar||SitrusBerry|Intimidate|ThroatChop,FlareBlitz,PartingShot,FakeOut|Adamant||M|||50|]Whimsicott||FocusSash|Prankster|Moonblast,Tailwind,Encore,Protect|Timid||M|||50|]Raichu||RaichuniteY|LightningRod|ZapCannon,FocusBlast,FakeOut,Protect|Timid||F|||50|]Annihilape||Leftovers|Defiant|DrainPunch,RageFist,BulkUp,Protect|Adamant||M|||50|]Scovillain||Scovillainite|Chlorophyll|Overheat,LeechSeed,RagePowder,Protect|Bold||F|||50|]Sylveon||FairyFeather|Pixilate|HyperBeam,DazzlingGleam,QuickAttack,Detect|Modest||M|||50|
|inactive|Battle timer is ON: inactive players will automatically lose when time's up. (requested by Chocozito)
|inactive|rickyicebeam has 60 seconds left.
|
|t:|1782233806
|teamsize|p1|4
|teamsize|p2|4
|start
|switch|p1a: Pyroar|Pyroar, L50, F|100/100
|switch|p1b: Whimsicott|Whimsicott, L50, F|100/100
|switch|p2a: Whimsicott|Whimsicott, L50, M|100/100
|switch|p2b: Annihilape|Annihilape, L50, M|100/100
|turn|1
|inactive|rickyicebeam has 30 seconds left.
|inactive|Chocozito has 30 seconds left.
|
|t:|1782233841
|detailschange|p1a: Pyroar|Pyroar-Mega, L50, F
|-mega|p1a: Pyroar|Pyroar|Pyroarite
|move|p2a: Whimsicott|Tailwind|p2a: Whimsicott
|-sidestart|p2: rickyicebeam|move: Tailwind
|move|p1b: Whimsicott|Tailwind|p1b: Whimsicott
|-sidestart|p1: Chocozito|move: Tailwind
|move|p1a: Pyroar|Heat Wave|p2b: Annihilape|[spread] p2a,p2b
|-supereffective|p2a: Whimsicott|1
|-enditem|p2a: Whimsicott|Focus Sash
|-damage|p2a: Whimsicott|1/100
|-damage|p2b: Annihilape|45/100
|move|p2b: Annihilape|Drain Punch|p1a: Pyroar
|-supereffective|p1a: Pyroar|1
|-damage|p1a: Pyroar|7/100
|-heal|p2b: Annihilape|81/100|[from] drain|[of] p1a: Pyroar
|
|-heal|p2b: Annihilape|87/100|[from] item: Leftovers
|upkeep
|turn|2
|inactive|Chocozito has 30 seconds left.
|inactive|rickyicebeam has 30 seconds left.
|inactive|Chocozito has 20 seconds left.
|inactive|rickyicebeam has 20 seconds left.
|inactive|Chocozito has 15 seconds left.
|inactive|rickyicebeam has 15 seconds left.
|inactive|Chocozito has 10 seconds left.
|inactive|rickyicebeam has 10 seconds left.
|inactive|rickyicebeam has 5 seconds left.
|
|t:|1782233892
|switch|p2a: Incineroar|Incineroar, L50, M|100/100
|-ability|p2a: Incineroar|Intimidate|boost
|-unboost|p1a: Pyroar|atk|1
|-unboost|p1b: Whimsicott|atk|1
|move|p1b: Whimsicott|Encore|p2a: Incineroar
|-hint|Since gen 7, Dark is immune to Prankster moves.
|-immune|p2a: Incineroar
|move|p1a: Pyroar|Overheat|p2b: Annihilape
|-damage|p2b: Annihilape|0 fnt
|-unboost|p1a: Pyroar|spa|2
|faint|p2b: Annihilape
|
|upkeep
|
|t:|1782233907
|switch|p2b: Whimsicott|Whimsicott, L50, M|1/100
|turn|3
|
|t:|1782233917
|switch|p1a: Garchomp|Garchomp, L50, M|100/100
|move|p2a: Incineroar|Fake Out|p1b: Whimsicott
|-damage|p1b: Whimsicott|85/100
|move|p2b: Whimsicott|Moonblast|p1a: Garchomp
|-supereffective|p1a: Garchomp|1
|-damage|p1a: Garchomp|25/100
|cant|p1b: Whimsicott|flinch
|
|upkeep
|turn|4
|
|t:|1782233931
|switch|p1a: Sinistcha|Sinistcha, L50|100/100
|-heal|p1b: Whimsicott|100/100|[from] ability: Hospitality|[of] p1a: Sinistcha
|move|p2b: Whimsicott|Moonblast|p1a: Sinistcha
|-damage|p1a: Sinistcha|58/100
|-unboost|p1a: Sinistcha|spa|1
|move|p1b: Whimsicott|Moonblast|p2b: Whimsicott
|-damage|p2b: Whimsicott|0 fnt
|faint|p2b: Whimsicott
|move|p2a: Incineroar|Flare Blitz|p1b: Whimsicott
|-supereffective|p1b: Whimsicott|1
|-enditem|p1b: Whimsicott|Focus Sash
|-damage|p1b: Whimsicott|1/100
|-damage|p2a: Incineroar|72/100|[from] Recoil
|
|-heal|p1a: Sinistcha|65/100|[from] item: Leftovers
|-sideend|p2: rickyicebeam|move: Tailwind
|-sideend|p1: Chocozito|move: Tailwind
|upkeep
|
|t:|1782233950
|switch|p2b: Scovillain|Scovillain, L50, F|100/100
|turn|5
|inactive|Chocozito has 30 seconds left.
|
|t:|1782233984
|detailschange|p2b: Scovillain|Scovillain-Mega, L50, F
|-mega|p2b: Scovillain|Scovillain|Scovillainite
|move|p1b: Whimsicott|Sunny Day|p1b: Whimsicott
|-weather|SunnyDay
|move|p2b: Scovillain|Overheat|p1a: Sinistcha
|-supereffective|p1a: Sinistcha|1
|-damage|p1a: Sinistcha|0 fnt
|-unboost|p2b: Scovillain|spa|2
|faint|p1a: Sinistcha
|move|p2a: Incineroar|Throat Chop|p1b: Whimsicott
|-resisted|p1b: Whimsicott|1
|-damage|p1b: Whimsicott|0 fnt
|faint|p1b: Whimsicott
|
|-weather|SunnyDay|[upkeep]
|upkeep
|
|t:|1782233989
|switch|p1b: Pyroar|Pyroar-Mega, L50, F|7/100
|switch|p1a: Garchomp|Garchomp, L50, M|25/100
|turn|6
|
|t:|1782234013
|move|p1b: Pyroar|Protect|p1b: Pyroar
|-singleturn|p1b: Pyroar|Protect
|move|p1a: Garchomp|Earthquake|p2b: Scovillain|[spread] p2a,p2b
|-activate|p1b: Pyroar|move: Protect
|-supereffective|p2a: Incineroar|1
|-crit|p2b: Scovillain
|-damage|p2a: Incineroar|0 fnt
|-damage|p2b: Scovillain|33/100
|-status|p1a: Garchomp|brn|[from] ability: Spicy Spray|[of] p2b: Scovillain
|faint|p2a: Incineroar
|-damage|p1a: Garchomp|15/100 brn|[from] item: Life Orb
|move|p2b: Scovillain|Overheat|p1a: Garchomp
|-resisted|p1a: Garchomp|1
|-damage|p1a: Garchomp|0 fnt
|-unboost|p2b: Scovillain|spa|2
|faint|p1a: Garchomp
|
|-weather|SunnyDay|[upkeep]
|upkeep
|turn|7
|
|t:|1782234030
|move|p2b: Scovillain|Protect|p2b: Scovillain
|-singleturn|p2b: Scovillain|Protect
|move|p1b: Pyroar|Overheat|p2b: Scovillain
|-activate|p2b: Scovillain|move: Protect
|
|-weather|SunnyDay|[upkeep]
|upkeep
|turn|8
|
|t:|1782234043
|move|p1b: Pyroar|Overheat|p2b: Scovillain
|-damage|p2b: Scovillain|0 fnt
|-unboost|p1b: Pyroar|spa|2
|-immune|p1b: Pyroar
|faint|p2b: Scovillain
|
|win|Chocozito
|raw|Chocozito's rating: 1025 → 1063(+38 for winning)
|raw|rickyicebeam's rating: 1044 → 1026(-18 for losing)
|l|☆rickyicebeam
|player|p2|
|c|☆Chocozito|gg
