|j|☆Gen4lover2
|j|☆8787878i
|html|Gen4lover28787878i    
|uhtml|bestof|Game 2 of a best-of-3
|t:|1785948448
|gametype|doubles
|player|p1|Gen4lover2|wallace|1349
|player|p2|8787878i|tuberf|1361
|gen|9
|tier|[Gen 9 Champions] VGC 2026 Reg M-B (Bo3)
|rated|
|rule|Species Clause: Limit one of each Pokémon
|rule|Item Clause: Limit 1 of each item
|clearpoke
|poke|p1|Tyranitar, L50, M|
|poke|p1|Excadrill, L50, F|
|poke|p1|Staraptor, L50, F|
|poke|p1|Milotic, L50, F, shiny|
|poke|p1|Gholdengo, L50|
|poke|p1|Sinistcha-Masterpiece, L50|
|poke|p2|Froslass, L50, F|
|poke|p2|Sneasler, L50, M|
|poke|p2|Kingambit, L50, M|
|poke|p2|Basculegion, L50, M|
|poke|p2|Scovillain, L50, F|
|poke|p2|Lycanroc-Dusk, L50, M|
|teampreview|4
|showteam|p1|Tyranitar||Tyranitarite|SandStream|RockSlide,KnockOff,LowKick,Protect|Adamant||M|||50|]Excadrill||FocusSash|SandRush|HighHorsepower,IronHead,RockSlide,Protect|Adamant||F|||50|]Staraptor||Staraptite|Intimidate|BraveBird,CloseCombat,Tailwind,Protect|Jolly||F|||50|]Milotic||SitrusBerry|Competitive|Scald,IceBeam,Recover,Protect|Modest||F|||50|]Gholdengo||LifeOrb|GoodasGold|MakeItRain,ShadowBall,NastyPlot,Protect|Modest|||||50|]Sinistcha-Masterpiece||ColburBerry|Hospitality|MatchaGotcha,RagePowder,TrickRoom,Protect|Relaxed|||||50|
|showteam|p2|Froslass||Froslassite|CursedBody|Protect,Blizzard,AuroraVeil,ShadowBall|Modest||F|||50|]Sneasler||WhiteHerb|Unburden|Protect,CloseCombat,FakeOut,GunkShot|Adamant||M|||50|]Kingambit||LifeOrb|Defiant|KowtowCleave,SuckerPunch,SwordsDance,Protect|Adamant||M|||50|]Basculegion||SitrusBerry|Adaptability|Protect,WaveCrash,LastRespects,AquaJet|Adamant||M|||50|]Scovillain||Scovillainite|Moody|Protect,GigaDrain,Overheat,RagePowder|Bold||F|||50|]Lycanroc-Dusk||FocusSash|ToughClaws|Protect,Accelerock,RockSlide,CloseCombat|Adamant||M|||50|
|inactive|Battle timer is ON: inactive players will automatically lose when time's up. (requested by Gen4lover2)
|inactive|Gen4lover2 has 60 seconds left.
|inactive|Gen4lover2 has 30 seconds left.
|inactive|Gen4lover2 has 20 seconds left.
|inactive|Gen4lover2 has 15 seconds left.
|
|t:|1785948526
|teamsize|p1|4
|teamsize|p2|4
|start
|switch|p1a: Tyranitar|Tyranitar, L50, M|100/100
|switch|p1b: Excadrill|Excadrill, L50, F|100/100
|switch|p2a: Sneasler|Sneasler, L50, M|100/100
|switch|p2b: Kingambit|Kingambit, L50, M|100/100
|-weather|Sandstorm|[from] ability: Sand Stream|[of] p1a: Tyranitar
|turn|1
|
|t:|1785948539
|switch|p2a: Basculegion|Basculegion, L50, M|100/100
|move|p1b: Excadrill|Protect|p1b: Excadrill
|-singleturn|p1b: Excadrill|Protect
|move|p1a: Tyranitar|Protect|p1a: Tyranitar
|-singleturn|p1a: Tyranitar|Protect
|move|p2b: Kingambit|Kowtow Cleave|p1b: Excadrill
|-activate|p1b: Excadrill|move: Protect
|
|-weather|Sandstorm|[upkeep]
|-damage|p2a: Basculegion|94/100|[from] Sandstorm
|upkeep
|turn|2
|
|t:|1785948559
|move|p1b: Excadrill|High Horsepower|p2b: Kingambit
|-supereffective|p2b: Kingambit|1
|-damage|p2b: Kingambit|14/100
|move|p1a: Tyranitar|Knock Off|p2a: Basculegion
|-supereffective|p2a: Basculegion|1
|-damage|p2a: Basculegion|0 fnt
|-enditem|p2a: Basculegion|Sitrus Berry|[from] move: Knock Off|[of] p1a: Tyranitar
|faint|p2a: Basculegion
|move|p2b: Kingambit|Swords Dance|p2b: Kingambit
|-boost|p2b: Kingambit|atk|2
|
|-weather|Sandstorm|[upkeep]
|upkeep
|inactive|8787878i has 30 seconds left.
|
|t:|1785948584
|switch|p2a: Sneasler|Sneasler, L50, M|100/100
|turn|3
|
|t:|1785948589
|move|p1b: Excadrill|Protect|p1b: Excadrill
|-singleturn|p1b: Excadrill|Protect
|move|p1a: Tyranitar|Protect|p1a: Tyranitar
|-singleturn|p1a: Tyranitar|Protect
|move|p2a: Sneasler|Fake Out|p1b: Excadrill
|-activate|p1b: Excadrill|move: Protect
|move|p2b: Kingambit|Sucker Punch||[still]
|-fail|p2b: Kingambit
|
|-weather|Sandstorm|[upkeep]
|-damage|p2a: Sneasler|94/100|[from] Sandstorm
|upkeep
|turn|4
|
|t:|1785948605
|move|p2a: Sneasler|Protect|p2a: Sneasler
|-singleturn|p2a: Sneasler|Protect
|move|p2b: Kingambit|Sucker Punch|p1b: Excadrill
|-enditem|p1b: Excadrill|Focus Sash
|-damage|p1b: Excadrill|1/100
|-damage|p2b: Kingambit|5/100|[from] item: Life Orb
|move|p1b: Excadrill|High Horsepower|p2a: Sneasler
|-activate|p2a: Sneasler|move: Protect
|move|p1a: Tyranitar|Low Kick|p2b: Kingambit
|-supereffective|p2b: Kingambit|2
|-damage|p2b: Kingambit|0 fnt
|faint|p2b: Kingambit
|
|-weather|Sandstorm|[upkeep]
|-damage|p2a: Sneasler|88/100|[from] Sandstorm
|upkeep
|inactive|8787878i has 30 seconds left.
|
|t:|1785948634
|switch|p2b: Nella|Froslass, L50, F|100/100
|turn|5
|
|t:|1785948642
|move|p1b: Excadrill|Protect|p1b: Excadrill
|-singleturn|p1b: Excadrill|Protect
|move|p2b: Nella|Protect|p2b: Nella
|-singleturn|p2b: Nella|Protect
|move|p2a: Sneasler|Protect||[still]
|-fail|p2a: Sneasler
|move|p1a: Tyranitar|Protect||[still]
|-fail|p1a: Tyranitar
|
|-weather|none
|upkeep
|turn|6
|inactive|8787878i has 30 seconds left.
|inactive|8787878i has 20 seconds left.
|
|t:|1785948678
|detailschange|p1a: Tyranitar|Tyranitar-Mega, L50, M
|-mega|p1a: Tyranitar|Tyranitar|Tyranitarite
|-weather|Sandstorm|[from] ability: Sand Stream|[of] p1a: Tyranitar
|move|p2b: Nella|Protect||[still]
|-fail|p2b: Nella
|move|p1b: Excadrill|High Horsepower|p2a: Sneasler
|-supereffective|p2a: Sneasler|1
|-damage|p2a: Sneasler|0 fnt
|faint|p2a: Sneasler
|move|p1a: Tyranitar|Rock Slide|p2b: Nella|[miss]
|-miss|p1a: Tyranitar|p2b: Nella
|
|-weather|Sandstorm|[upkeep]
|-damage|p2b: Nella|94/100|[from] Sandstorm
|upkeep
|turn|7
|-message|8787878i forfeited.
|
|win|Gen4lover2
|raw|Gen4lover2's rating: 1349 → 1368(+19 for winning)
|raw|8787878i's rating: 1338 → 1319(-19 for losing)
|l|☆8787878i
|player|p2|
