|j|☆curios d'arte
|j|☆tonsofpax
|html|curios d'artetonsofpax    
|uhtml|bestof|Game 1 of a best-of-3
|t:|1756749644
|gametype|doubles
|player|p1|curios d'arte|miku-ghost|
|player|p2|tonsofpax|bellelba|
|gen|9
|tier|[Gen 9] VGC 2025 Reg H (Bo3)
|rule|Species Clause: Limit one of each Pokémon
|rule|Item Clause: Limit 1 of each item
|clearpoke
|poke|p1|Torkoal, L50, F|
|poke|p1|Crabominable, L50, F|
|poke|p1|Reuniclus, L50, M|
|poke|p1|Indeedee-F, L50, F|
|poke|p1|Bisharp, L50, M|
|poke|p1|Scrafty, L50, M|
|poke|p2|Indeedee-F, L50, F|
|poke|p2|Oricorio-Sensu, L50, F|
|poke|p2|Tauros-Paldea-Blaze, L50, M|
|poke|p2|Gastrodon-East, L50, F|
|poke|p2|Ribombee, L50, F|
|poke|p2|Raichu, L50, F|
|teampreview|4
|showteam|p1|Torkoal||Charcoal|Drought|EarthPower,Eruption,Protect,Flamethrower|||F|||50|,,,,,Fire]Crabominable||ClearAmulet|IronFist|IceHammer,Protect,DrainPunch,ThunderPunch|||F|||50|,,,,,Water]Reuniclus||TwistedSpoon|Overcoat|ExpandingForce,TrickRoom,Protect,FocusBlast|||M|||50|,,,,,Fighting]Indeedee-F||SafetyGoggles|OwnTempo|TrickRoom,FollowMe,Psychic,HelpingHand|||F|||50|,,,,,Water]Bisharp||Eviolite|Defiant|SuckerPunch,IronHead,Protect,ThroatChop|||M|||50|,,,,,Fairy]Scrafty||CovertCloak|Intimidate|Coaching,KnockOff,SuperFang,FakeOut|||M|||50|,,,,,Grass
|showteam|p2|Indeedee-F||RockyHelmet|PsychicSurge|FollowMe,TrickRoom,DazzlingGleam,HelpingHand|||F|||50|,,,,,Grass]Oricorio-Sensu||LifeOrb|Dancer|RevelationDance,AirSlash,QuiverDance,Protect|||F|||50|,,,,,Grass]Tauros-Paldea-Blaze||SafetyGoggles|Intimidate|FlareBlitz,CloseCombat,Protect,RagingBull|||M|||50|,,,,,Fire]Gastrodon-East||SitrusBerry|StormDrain|ClearSmog,EarthPower,Yawn,Protect|||F|||50|,,,,,Ghost]Ribombee||FocusSash|ShieldDust|Tailwind,QuiverDance,PollenPuff,Moonblast|||F|||50|,,,,,Fairy]Raichu||AssaultVest|LightningRod|FakeOut,Nuzzle,KnockOff,VoltSwitch|||F|||50|,,,,,Ghost
|inactive|Battle timer is ON: inactive players will automatically lose when time's up. (requested by curios d'arte)
|c|☆tonsofpax|Glhf
|c|☆curios d'arte|glhf
|inactive|curios d'arte has 60 seconds left.
|inactive|tonsofpax has 60 seconds left.
|
|t:|1756749693
|teamsize|p1|4
|teamsize|p2|4
|start
|switch|p1a: Bisharp|Bisharp, L50, M|100/100
|switch|p1b: Reuniclus|Reuniclus, L50, M|100/100
|switch|p2a: Gastruedon|Gastrodon-East, L50, F|100/100
|switch|p2b: Right U R|Raichu, L50, F|100/100
|turn|1
|inactive|curios d'arte has 30 seconds left.
|inactive|curios d'arte has 20 seconds left.
|inactive|curios d'arte has 15 seconds left.
|
|t:|1756749736
|move|p1a: Bisharp|Protect|p1a: Bisharp
|-singleturn|p1a: Bisharp|Protect
|move|p2b: Right U R|Fake Out|p1b: Reuniclus
|-damage|p1b: Reuniclus|91/100
|move|p2a: Gastruedon|Yawn|p1b: Reuniclus
|-start|p1b: Reuniclus|move: Yawn|[of] p2a: Gastruedon
|cant|p1b: Reuniclus|flinch
|
|upkeep
|turn|2
|
|t:|1756749756
|switch|p1a: Crabominable|Crabominable, L50, F|100/100
|move|p2b: Right U R|Knock Off|p1a: Crabominable
|-resisted|p1a: Crabominable
|-damage|p1a: Crabominable|89/100
|-enditem|p1a: Crabominable|Clear Amulet|[from] move: Knock Off|[of] p2b: Right U R
|move|p2a: Gastruedon|Earth Power|p1a: Crabominable
|-damage|p1a: Crabominable|47/100
|move|p1b: Reuniclus|Trick Room|p1b: Reuniclus
|-fieldstart|move: Trick Room|[of] p1b: Reuniclus
|
|-end|p1b: Reuniclus|move: Yawn|[silent]
|-status|p1b: Reuniclus|slp
|upkeep
|turn|3
|inactive|curios d'arte has 30 seconds left.
|inactive|tonsofpax has 30 seconds left.
|inactive|curios d'arte has 20 seconds left.
|inactive|curios d'arte has 15 seconds left.
|
|t:|1756749800
|switch|p1b: Torkoal|Torkoal, L50, F|100/100
|-weather|SunnyDay|[from] ability: Drought|[of] p1b: Torkoal
|move|p2a: Gastruedon|Earth Power|p1a: Crabominable
|-damage|p1a: Crabominable|4/100
|move|p1a: Crabominable|Ice Hammer|p2b: Right U R
|-damage|p2b: Right U R|0 fnt
|-unboost|p1a: Crabominable|spe|1
|faint|p2b: Right U R
|
|-weather|SunnyDay|[upkeep]
|upkeep
|inactive|tonsofpax has 30 seconds left.
|inactive|tonsofpax has 20 seconds left.
|
|t:|1756749839
|switch|p2b: Ribombagree|Ribombee, L50, F, shiny|100/100
|turn|4
|
|t:|1756749864
|move|p1a: Crabominable|Protect|p1a: Crabominable
|-singleturn|p1a: Crabominable|Protect
|move|p2a: Gastruedon|Earth Power|p1b: Torkoal
|-supereffective|p1b: Torkoal
|-damage|p1b: Torkoal|0 fnt
|faint|p1b: Torkoal
|move|p2b: Ribombagree|Pollen Puff|p1a: Crabominable
|-activate|p1a: Crabominable|move: Protect
|
|-weather|SunnyDay|[upkeep]
|upkeep
|
|t:|1756749873
|switch|p1b: Bisharp|Bisharp, L50, M|100/100
|turn|5
|
|t:|1756749887
|move|p2a: Gastruedon|Earth Power|p1a: Crabominable
|-damage|p1a: Crabominable|0 fnt
|faint|p1a: Crabominable
|move|p1b: Bisharp|Iron Head|p2b: Ribombagree
|-supereffective|p2b: Ribombagree
|-enditem|p2b: Ribombagree|Focus Sash
|-damage|p2b: Ribombagree|1/100
|move|p2b: Ribombagree|Moonblast|p1b: Bisharp
|-damage|p1b: Bisharp|62/100
|
|-weather|SunnyDay|[upkeep]
|upkeep
|
|t:|1756749891
|switch|p1a: Reuniclus|Reuniclus, L50, M|91/100 slp
|turn|6
|
|t:|1756749916
|-terastallize|p1b: Bisharp|Fairy
|move|p2a: Gastruedon|Earth Power|p1b: Bisharp
|-damage|p1b: Bisharp|30/100
|cant|p1a: Reuniclus|slp
|move|p1b: Bisharp|Throat Chop|p2a: Gastruedon
|-damage|p2a: Gastruedon|52/100
|-start|p2a: Gastruedon|Throat Chop|[silent]
|move|p2b: Ribombagree|Pollen Puff|p1a: Reuniclus
|-supereffective|p1a: Reuniclus
|-damage|p1a: Reuniclus|16/100 slp
|
|-weather|SunnyDay|[upkeep]
|-fieldend|move: Trick Room
|upkeep
|turn|7
|inactive|curios d'arte has 30 seconds left.
|inactive|tonsofpax has 30 seconds left.
|inactive|curios d'arte has 20 seconds left.
|
|t:|1756749956
|move|p2b: Ribombagree|Pollen Puff|p1a: Reuniclus
|-supereffective|p1a: Reuniclus
|-damage|p1a: Reuniclus|0 fnt
|faint|p1a: Reuniclus
|move|p1b: Bisharp|Throat Chop|p2a: Gastruedon
|-damage|p2a: Gastruedon|6/100
|-enditem|p2a: Gastruedon|Sitrus Berry|[eat]
|-heal|p2a: Gastruedon|31/100|[from] item: Sitrus Berry
|move|p2a: Gastruedon|Earth Power|p1b: Bisharp
|-damage|p1b: Bisharp|0 fnt
|faint|p1b: Bisharp
|
|win|tonsofpax
||curios d'arte is ready for game 2.
|inactive|tonsofpax has 30 seconds to confirm battle start!
||tonsofpax is ready for game 2.
|uhtml|next|Next: Game 2 of 3
