|j|☆Prepucio Santos
|j|☆NotAfrog123
|html|Prepucio SantosNotAfrog123    
|uhtml|bestof|Game 2 of a best-of-3
|t:|1784208340
|gametype|doubles
|player|p1|Prepucio Santos|striker|1331
|player|p2|NotAfrog123|102|1341
|gen|9
|tier|[Gen 9 Champions] VGC 2026 Reg M-B (Bo3)
|rated|
|rule|Species Clause: Limit one of each Pokémon
|rule|Item Clause: Limit 1 of each item
|clearpoke
|poke|p1|Venusaur, L50, M|
|poke|p1|Pelipper, L50, F|
|poke|p1|Grimmsnarl, L50, M|
|poke|p1|Archaludon, L50, M|
|poke|p1|Swampert, L50, F|
|poke|p1|Sinistcha-Masterpiece, L50, shiny|
|poke|p2|Raichu, L50, F|
|poke|p2|Kingambit, L50, M, shiny|
|poke|p2|Ceruledge, L50, M|
|poke|p2|Whimsicott, L50, M, shiny|
|poke|p2|Staraptor, L50, F, shiny|
|poke|p2|Mamoswine, L50, F|
|teampreview|4
|showteam|p1|Venusaur||Venusaurite|Chlorophyll|SludgeBomb,EarthPower,GigaDrain,Protect|Modest||M|||50|]Pelipper||FocusSash|Drizzle|Hurricane,WeatherBall,WideGuard,Tailwind|Modest||F|||50|]Grimmsnarl||LightClay|Prankster|SpiritBreak,Reflect,LightScreen,PartingShot|Sassy||M|||50|]Archaludon||Leftovers|Stamina|DragonPulse,FlashCannon,ElectroShot,Protect|Calm||M|||50|]Swampert||Swampertite|Torrent|WaveCrash,Earthquake,IcePunch,Protect|Adamant||F|||50|]Sinistcha-Masterpiece||SitrusBerry|Hospitality|MatchaGotcha,LifeDew,RagePowder,TrickRoom|Bold|||||50|
|showteam|p2|Raichu||RaichuniteY|LightningRod|Protect,ZapCannon,FocusBlast,FakeOut|Timid||F|||50|]Kingambit||BlackGlasses|Defiant|KowtowCleave,SuckerPunch,IronHead,Protect|Adamant||M|||50|]Ceruledge||ColburBerry|FlashFire|Protect,BitterBlade,ShadowSneak,BulkUp|Adamant||M|||50|]Whimsicott||FocusSash|Prankster|Moonblast,Tailwind,Encore,Charm|Timid||M|||50|]Staraptor||Staraptite|Intimidate|Protect,CloseCombat,BraveBird,Roost|Jolly||F|||50|]Mamoswine||LifeOrb|Oblivious|Protect,IcicleCrash,HighHorsepower,IceShard|Jolly||F|||50|
|
|t:|1784208382
|teamsize|p1|4
|teamsize|p2|4
|start
|switch|p1a: Pelipper|Pelipper, L50, F|100/100
|switch|p1b: Grimmsnarl|Grimmsnarl, L50, M|100/100
|switch|p2a: Whimsicott|Whimsicott, L50, M, shiny|100/100
|switch|p2b: Clova|Staraptor, L50, F, shiny|100/100
|-ability|p2b: Clova|Intimidate|boost
|-unboost|p1a: Pelipper|atk|1
|-unboost|p1b: Grimmsnarl|atk|1
|-weather|RainDance|[from] ability: Drizzle|[of] p1a: Pelipper
|turn|1
|
|t:|1784208417
|detailschange|p2b: Clova|Staraptor-Mega, L50, F, shiny
|-mega|p2b: Clova|Staraptor|Staraptite
|move|p2a: Whimsicott|Moonblast|p1a: Pelipper
|-damage|p1a: Pelipper|37/100
|move|p2b: Clova|Brave Bird|p1a: Pelipper
|-damage|p1a: Pelipper|0 fnt
|faint|p1a: Pelipper
|-damage|p2b: Clova|89/100|[from] Recoil
|move|p1b: Grimmsnarl|Spirit Break|p2b: Clova
|-supereffective|p2b: Clova|1
|-damage|p2b: Clova|48/100
|-boost|p2b: Clova|spa|1
|
|-weather|RainDance|[upkeep]
|upkeep
|
|t:|1784208424
|switch|p1a: Swampert|Swampert, L50, F|100/100
|turn|2
|inactive|Battle timer is ON: inactive players will automatically lose when time's up. (requested by Prepucio Santos)
|
|t:|1784208479
|detailschange|p1a: Swampert|Swampert-Mega, L50, F
|-mega|p1a: Swampert|Swampert|Swampertite
|move|p2b: Clova|Protect|p2b: Clova
|-singleturn|p2b: Clova|Protect
|move|p2a: Whimsicott|Tailwind|p2a: Whimsicott
|-sidestart|p2: NotAfrog123|move: Tailwind
|move|p1a: Swampert|Wave Crash|p2a: Whimsicott
|-resisted|p2a: Whimsicott|1
|-damage|p2a: Whimsicott|6/100
|-damage|p1a: Swampert|77/100|[from] Recoil
|move|p1b: Grimmsnarl|Spirit Break|p2a: Whimsicott
|-damage|p2a: Whimsicott|0 fnt
|faint|p2a: Whimsicott
|
|-weather|RainDance|[upkeep]
|upkeep
|
|t:|1784208494
|switch|p2a: Manny|Mamoswine, L50, F|100/100
|turn|3
|
|t:|1784208511
|switch|p2b: Punkture II|Kingambit, L50, M, shiny|100/100
|move|p1b: Grimmsnarl|Reflect|p1b: Grimmsnarl
|-sidestart|p1: Prepucio Santos|Reflect
|move|p2a: Manny|High Horsepower|p1a: Swampert
|-damage|p1a: Swampert|37/100
|-damage|p2a: Manny|90/100|[from] item: Life Orb
|move|p1a: Swampert|Wave Crash|p2b: Punkture II
|-damage|p2b: Punkture II|14/100
|-damage|p1a: Swampert|6/100|[from] Recoil
|
|-weather|RainDance|[upkeep]
|upkeep
|turn|4
|inactive|NotAfrog123 has 30 seconds left.
|
|t:|1784208538
|switch|p1a: Archaludon|Archaludon, L50, M|100/100
|move|p2a: Manny|Ice Shard|p1a: Archaludon
|-damage|p1a: Archaludon|86/100
|-ability|p1a: Archaludon|Stamina|boost
|-boost|p1a: Archaludon|def|1
|-damage|p2a: Manny|80/100|[from] item: Life Orb
|move|p2b: Punkture II|Iron Head|p1b: Grimmsnarl
|-supereffective|p1b: Grimmsnarl|1
|-damage|p1b: Grimmsnarl|30/100
|cant|p1b: Grimmsnarl|flinch
|
|-weather|RainDance|[upkeep]
|-heal|p1a: Archaludon|92/100|[from] item: Leftovers
|upkeep
|turn|5
|inactive|NotAfrog123 has 30 seconds left.
|inactive|NotAfrog123 has 20 seconds left.
|
|t:|1784208574
|move|p2b: Punkture II|Protect|p2b: Punkture II
|-singleturn|p2b: Punkture II|Protect
|move|p1b: Grimmsnarl|Parting Shot|p2a: Manny
|-unboost|p2a: Manny|atk|1
|-unboost|p2a: Manny|spa|1
|
|t:|1784208577
|switch|p1b: Swampert|Swampert-Mega, L50, F|6/100|[from] Parting Shot
|move|p2a: Manny|High Horsepower|p1a: Archaludon
|-supereffective|p1a: Archaludon|1
|-damage|p1a: Archaludon|62/100
|-ability|p1a: Archaludon|Stamina|boost
|-boost|p1a: Archaludon|def|1
|-damage|p2a: Manny|71/100|[from] item: Life Orb
|move|p1a: Archaludon|Electro Shot||[still]
|-prepare|p1a: Archaludon|Electro Shot
|-boost|p1a: Archaludon|spa|1
|-anim|p1a: Archaludon|Electro Shot|p2b: Punkture II
|-activate|p2b: Punkture II|move: Protect
|
|-weather|none
|-heal|p1a: Archaludon|69/100|[from] item: Leftovers
|-sideend|p2: NotAfrog123|move: Tailwind
|upkeep
|turn|6
|inactive|NotAfrog123 has 30 seconds left.
|
|t:|1784208611
|switch|p1b: Grimmsnarl|Grimmsnarl, L50, M|30/100
|move|p2b: Punkture II|Sucker Punch||[still]
|-fail|p2b: Punkture II
|move|p2a: Manny|High Horsepower|p1a: Archaludon|[miss]
|-miss|p2a: Manny|p1a: Archaludon
|move|p1a: Archaludon|Dragon Pulse|p2b: Punkture II
|-resisted|p2b: Punkture II|1
|-damage|p2b: Punkture II|0 fnt
|faint|p2b: Punkture II
|
|-heal|p1a: Archaludon|75/100|[from] item: Leftovers
|upkeep
|
|t:|1784208622
|switch|p2b: Clova|Staraptor-Mega, L50, F, shiny|48/100
|turn|7
|
|t:|1784208637
|move|p1b: Grimmsnarl|Parting Shot|p2a: Manny
|-unboost|p2a: Manny|atk|1
|-unboost|p2a: Manny|spa|1
|
|t:|1784208640
|switch|p1b: Swampert|Swampert-Mega, L50, F|6/100|[from] Parting Shot
|move|p2b: Clova|Close Combat|p1b: Swampert
|-damage|p1b: Swampert|0 fnt
|-boost|p2b: Clova|def|1
|-boost|p2b: Clova|spd|1
|faint|p1b: Swampert
|move|p2a: Manny|High Horsepower|p1a: Archaludon
|-supereffective|p1a: Archaludon|1
|-damage|p1a: Archaludon|58/100
|-ability|p1a: Archaludon|Stamina|boost
|-boost|p1a: Archaludon|def|1
|-damage|p2a: Manny|61/100|[from] item: Life Orb
|move|p1a: Archaludon|Dragon Pulse|p2b: Clova
|-damage|p2b: Clova|10/100
|
|-heal|p1a: Archaludon|64/100|[from] item: Leftovers
|upkeep
|
|t:|1784208644
|switch|p1b: Grimmsnarl|Grimmsnarl, L50, M|30/100
|turn|8
|
|t:|1784208670
|move|p2b: Clova|Roost|p2b: Clova
|-heal|p2b: Clova|60/100
|-singleturn|p2b: Clova|move: Roost
|move|p2a: Manny|High Horsepower|p1b: Grimmsnarl
|-damage|p1b: Grimmsnarl|9/100
|-damage|p2a: Manny|51/100|[from] item: Life Orb
|move|p1a: Archaludon|Flash Cannon|p2a: Manny
|-supereffective|p2a: Manny|1
|-damage|p2a: Manny|0 fnt
|faint|p2a: Manny
|move|p1b: Grimmsnarl|Spirit Break|p2b: Clova
|-supereffective|p2b: Clova|1
|-damage|p2b: Clova|15/100
|-boost|p2b: Clova|spa|1
|
|-heal|p1a: Archaludon|70/100|[from] item: Leftovers
|upkeep
|turn|9
|
|t:|1784208688
|move|p2b: Clova|Roost|p2b: Clova
|-heal|p2b: Clova|65/100
|-singleturn|p2b: Clova|move: Roost
|move|p1a: Archaludon|Dragon Pulse|p2b: Clova
|-damage|p2b: Clova|23/100
|move|p1b: Grimmsnarl|Spirit Break|p2b: Clova
|-supereffective|p2b: Clova|1
|-damage|p2b: Clova|0 fnt
|faint|p2b: Clova
|
|win|Prepucio Santos
