|j|☆gundnub
|j|☆Mega Chime Time
|html|gundnubMega Chime Time    
|uhtml|bestof|Game 1 of a best-of-3
|t:|1783347929
|gametype|doubles
|player|p1|gundnub|pokemonranger-gen4|
|player|p2|Mega Chime Time|miku-flying|
|gen|9
|tier|[Gen 9 Champions] VGC 2026 Reg M-B (Bo3)
|rule|Species Clause: Limit one of each Pokémon
|rule|Item Clause: Limit 1 of each item
|clearpoke
|poke|p1|Pidgeot, L50, F|
|poke|p1|Krookodile, L50, M|
|poke|p1|Floette-Eternal, L50, F|
|poke|p1|Toxicroak, L50, F|
|poke|p1|Chandelure, L50, F|
|poke|p1|Empoleon, L50, M|
|poke|p2|Chimecho, L50, M|
|poke|p2|Dragalge, L50, F|
|poke|p2|Blastoise, L50, F|
|poke|p2|Bellibolt, L50, F|
|poke|p2|Emboar, L50, F, shiny|
|poke|p2|Lucario, L50, M, shiny|
|teampreview|4
|showteam|p1|Pidgeot||Pidgeotite|KeenEye|Protect,Hurricane,HeatWave,Tailwind|Timid||F|||50|]Krookodile||PasshoBerry|Intimidate|Protect,HighHorsepower,LashOut,Earthquake|Adamant||M|||50|]Floette-Eternal||LifeOrb|FlowerVeil|Protect,Moonblast,DazzlingGleam,LightofRuin|Modest||F|||50|]Toxicroak||FocusSash|DrySkin|Protect,PoisonJab,CloseCombat,FakeOut|Jolly||F|||50|]Chandelure||Chandelurite|FlashFire|Protect,HeatWave,ShadowBall,TrickRoom|Quiet||F|||50|]Empoleon||ChopleBerry|Competitive|Protect,HydroPump,FlashCannon,GrassKnot|Modest||M|||50|
|showteam|p2|Chimecho||Chimechite|Levitate|Psychic,FlashCannon,Protect,TrickRoom|Modest||M|||50|]Dragalge||PoisonBarb|Adaptability|SludgeBomb,SludgeWave,DragonPulse,Protect|Modest||F|||50|]Blastoise||SitrusBerry|RainDish|FakeOut,WaveCrash,Yawn,FlipTurn|Adamant||F|||50|]Bellibolt||Leftovers|Electromorphosis|Protect,SlackOff,ParabolicCharge,Thunderbolt|Modest||F|||50|]Emboar||Emboarite|Blaze|HeatWave,DrainPunch,Protect,RockSlide|Brave||F|||50|]Lucario||ChoiceScarf|InnerFocus|FinalGambit,CloseCombat,Coaching,RockTomb|Jolly||M|||50|
|inactive|Battle timer is ON: inactive players will automatically lose when time's up. (requested by gundnub)
|inactive|Mega Chime Time also wants the timer to be on.
|c|☆gundnub|glhf
|c|☆Mega Chime Time|u2
|inactive|gundnub has 60 seconds left.
|inactive|Mega Chime Time has 60 seconds left.
|
|t:|1783347973
|teamsize|p1|4
|teamsize|p2|4
|start
|switch|p1a: Floette|Floette-Eternal, L50, F|100/100
|switch|p1b: Chandelure|Chandelure, L50, F|100/100
|switch|p2a: Chimecho|Chimecho, L50, M|100/100
|switch|p2b: Blastoise|Blastoise, L50, F|100/100
|turn|1
|inactive|Mega Chime Time has 30 seconds left.
|
|t:|1783348002
|switch|p2a: Bellibolt|Bellibolt, L50, F|100/100
|detailschange|p1b: Chandelure|Chandelure-Mega, L50, F
|-mega|p1b: Chandelure|Chandelure|Chandelurite
|move|p1a: Floette|Light of Ruin|p2b: Blastoise
|-damage|p2b: Blastoise|13/100
|-enditem|p2b: Blastoise|Sitrus Berry|[eat]
|-heal|p2b: Blastoise|38/100|[from] item: Sitrus Berry
|-damage|p1a: Floette|52/100|[from] Recoil
|-damage|p1a: Floette|43/100|[from] item: Life Orb
|move|p1b: Chandelure|Heat Wave|p2b: Blastoise|[spread] p2a,p2b
|-resisted|p2b: Blastoise|1
|-damage|p2a: Bellibolt|53/100
|-damage|p2b: Blastoise|15/100
|-start|p2a: Bellibolt|Charge|Heat Wave|[from] ability: Electromorphosis
|move|p2b: Blastoise|Wave Crash|p1b: Chandelure
|-supereffective|p1b: Chandelure|1
|-damage|p1b: Chandelure|6/100
|-damage|p2b: Blastoise|0 fnt|[from] Recoil
|faint|p2b: Blastoise
|
|-heal|p2a: Bellibolt|59/100|[from] item: Leftovers
|upkeep
|
|t:|1783348022
|switch|p2b: Dragalge|Dragalge, L50, F|100/100
|turn|2
|inactive|gundnub has 30 seconds left.
|
|t:|1783348051
|switch|p1b: Krookodile|Krookodile, L50, M|100/100
|-ability|p1b: Krookodile|Intimidate|boost
|-unboost|p2a: Bellibolt|atk|1
|-unboost|p2b: Dragalge|atk|1
|move|p1a: Floette|Protect|p1a: Floette
|-singleturn|p1a: Floette|Protect
|move|p2a: Bellibolt|Parabolic Charge|p1a: Floette|[spread] p2b
|-activate|p1a: Floette|move: Protect
|-immune|p1b: Krookodile
|-resisted|p2b: Dragalge|1
|-damage|p2b: Dragalge|79/100
|-heal|p2a: Bellibolt|68/100|[from] drain|[of] p2b: Dragalge
|-end|p2a: Bellibolt|Charge|[silent]
|move|p2b: Dragalge|Sludge Wave|p1a: Floette|[spread] p2a,p1b
|-activate|p1a: Floette|move: Protect
|-resisted|p1b: Krookodile|1
|-damage|p2a: Bellibolt|17/100
|-damage|p1b: Krookodile|67/100
|-start|p2a: Bellibolt|Charge|Sludge Wave|[from] ability: Electromorphosis
|
|-heal|p2a: Bellibolt|23/100|[from] item: Leftovers
|upkeep
|turn|3
|inactive|gundnub has 30 seconds left.
|inactive|Mega Chime Time has 30 seconds left.
|inactive|gundnub has 20 seconds left.
|
|t:|1783348088
|switch|p1a: Toxicroak|Toxicroak, L50, F|100/100
|switch|p2b: Chimecho|Chimecho, L50, M|100/100
|move|p1b: Krookodile|Earthquake|p2a: Bellibolt|[spread] p1a,p2a
|-immune|p2b: Chimecho|[from] ability: Levitate
|-supereffective|p1a: Toxicroak|1
|-supereffective|p2a: Bellibolt|1
|-enditem|p1a: Toxicroak|Focus Sash
|-damage|p1a: Toxicroak|1/100
|-damage|p2a: Bellibolt|0 fnt
|faint|p2a: Bellibolt
|
|upkeep
|
|t:|1783348092
|switch|p2a: Dragalge|Dragalge, L50, F|79/100
|turn|4
|
|t:|1783348103
|detailschange|p2b: Chimecho|Chimecho-Mega, L50, M
|-mega|p2b: Chimecho|Chimecho|Chimechite
|move|p1a: Toxicroak|Fake Out|p2b: Chimecho
|-resisted|p2b: Chimecho|1
|-damage|p2b: Chimecho|93/100
|move|p1b: Krookodile|High Horsepower|p2a: Dragalge
|-supereffective|p2a: Dragalge|1
|-damage|p2a: Dragalge|0 fnt
|faint|p2a: Dragalge
|cant|p2b: Chimecho|flinch
|
|upkeep
|turn|5
|-message|Mega Chime Time forfeited.
|
|win|gundnub
||Mega Chime Time is ready for game 2.
||gundnub is ready for game 2.
|uhtml|next|Next: Game 2 of 3
|l|☆Mega Chime Time
|player|p2|
