|j|☆dont make me walk
|j|☆Sonja Hilmer
|html|dont make me walkSonja Hilmer    
|uhtml|bestof|Game 3 of a best-of-3
|t:|1757021938
|gametype|doubles
|player|p1|dont make me walk|red-masters3|1398
|player|p2|Sonja Hilmer|lady|1375
|gen|9
|tier|[Gen 9] VGC 2025 Reg H (Bo3)
|rated|
|rule|Species Clause: Limit one of each Pokémon
|rule|Item Clause: Limit 1 of each item
|clearpoke
|poke|p1|Ursaluna-Bloodmoon, L50, M|
|poke|p1|Indeedee, L50, M|
|poke|p1|Sneasler, L50, F|
|poke|p1|Incineroar, L50, F|
|poke|p1|Talonflame, L50, M|
|poke|p1|Garchomp, L50, M|
|poke|p2|Dachsbun, L50, F|
|poke|p2|Typhlosion-Hisui, L50, M|
|poke|p2|Kingambit, L50, M|
|poke|p2|Jumpluff, L50, M|
|poke|p2|Rillaboom, L50, M|
|poke|p2|Torkoal, L50, M|
|teampreview|4
|showteam|p1|Ursaluna-Bloodmoon||LifeOrb|MindsEye|Protect,EarthPower,HyperVoice,BloodMoon|||M|||50|,,,,,Normal]Indeedee||FocusSash|PsychicSurge|ExpandingForce,Protect,TrickRoom,Imprison|||M|||50|,,,,,Psychic]Sneasler||PsychicSeed|Unburden|DireClaw,CloseCombat,ThroatChop,Protect|||F|||50|,,,,,Dark]Incineroar||SafetyGoggles|Intimidate|FakeOut,KnockOff,FlareBlitz,PartingShot|||F|||50|,,,,,Ghost]Talonflame||CovertCloak|GaleWings|FlareBlitz,DualWingbeat,WillOWisp,Tailwind|||M|||50|,,,,,Fairy]Garchomp||ClearAmulet|RoughSkin|Earthquake,StompingTantrum,DragonClaw,Protect|||M|||50|,,,,,Fairy
|showteam|p2|Dachsbun||Leftovers|WellBakedBody|BodyPress,Snarl,HelpingHand,Protect|||F|||50|,,,,,Steel]Typhlosion-Hisui||ChoiceSpecs|Blaze|Eruption,LavaPlume,Overheat,ShadowBall|||M|||50|,,,,,Fire]Kingambit||AssaultVest|Defiant|KowtowCleave,SuckerPunch,LowKick,TeraBlast|||M|||50|,,,,,Fairy]Jumpluff||CovertCloak|Chlorophyll|SleepPowder,SunnyDay,RagePowder,Tailwind|||M|||50|,,,,,Water]Rillaboom||LifeOrb|GrassySurge|WoodHammer,GrassyGlide,HighHorsepower,FakeOut|||M|||50|,,,,,Ground]Torkoal||SitrusBerry|Drought|HeatWave,LavaPlume,ClearSmog,Protect|||M|||50|,,,,,Fairy
|inactive|Battle timer is ON: inactive players will automatically lose when time's up. (requested by dont make me walk)
|inactive|Sonja Hilmer also wants the timer to be on.
|inactive|Sonja Hilmer has 60 seconds left.
|
|t:|1757021991
|teamsize|p1|4
|teamsize|p2|4
|start
|switch|p1a: Talonflame|Talonflame, L50, M|100/100
|switch|p1b: Ursaluna|Ursaluna-Bloodmoon, L50, M|100/100
|switch|p2a: Jumpluff|Jumpluff, L50, M|100/100
|switch|p2b: Rillaboom|Rillaboom, L50, M|100/100
|-fieldstart|move: Grassy Terrain|[from] ability: Grassy Surge|[of] p2b: Rillaboom
|turn|1
|
|t:|1757022007
|move|p1b: Ursaluna|Protect|p1b: Ursaluna
|-singleturn|p1b: Ursaluna|Protect
|move|p2b: Rillaboom|Fake Out|p1b: Ursaluna
|-activate|p1b: Ursaluna|move: Protect
|move|p1a: Talonflame|Tailwind|p1a: Talonflame
|-sidestart|p1: dont make me walk|move: Tailwind
|move|p2a: Jumpluff|Tailwind|p2a: Jumpluff
|-sidestart|p2: Sonja Hilmer|move: Tailwind
|
|upkeep
|turn|2
|
|t:|1757022017
|-terastallize|p1b: Ursaluna|Normal
|move|p2a: Jumpluff|Rage Powder|p2a: Jumpluff
|-singleturn|p2a: Jumpluff|move: Rage Powder
|move|p1a: Talonflame|Flare Blitz|p2a: Jumpluff
|-supereffective|p2a: Jumpluff
|-damage|p2a: Jumpluff|0 fnt
|faint|p2a: Jumpluff
|-damage|p1a: Talonflame|68/100|[from] Recoil
|move|p2b: Rillaboom|Wood Hammer|p1b: Ursaluna
|-damage|p1b: Ursaluna|9/100
|-damage|p2b: Rillaboom|72/100|[from] Recoil
|-damage|p2b: Rillaboom|62/100|[from] item: Life Orb
|move|p1b: Ursaluna|Hyper Voice|p2b: Rillaboom
|-damage|p2b: Rillaboom|0 fnt
|faint|p2b: Rillaboom
|-damage|p1b: Ursaluna|0 fnt|[from] item: Life Orb
|faint|p1b: Ursaluna
|
|upkeep
|
|t:|1757022024
|switch|p2a: Typhlosion|Typhlosion-Hisui, L50, M|100/100
|switch|p2b: Dachsbun|Dachsbun, L50, F|100/100
|switch|p1b: Indeedee|Indeedee, L50, M|100/100
|-fieldstart|move: Psychic Terrain|[from] ability: Psychic Surge|[of] p1b: Indeedee
|turn|3
|
|t:|1757022032
|-terastallize|p2b: Dachsbun|Steel
|move|p1a: Talonflame|Dual Wingbeat|p2b: Dachsbun
|-resisted|p2b: Dachsbun
|-damage|p2b: Dachsbun|96/100
|-resisted|p2b: Dachsbun
|-damage|p2b: Dachsbun|91/100
|-hitcount|p2b: Dachsbun|2
|move|p1b: Indeedee|Expanding Force|p2b: Dachsbun|[spread] p2a,p2b
|-resisted|p2b: Dachsbun
|-damage|p2a: Typhlosion|28/100
|-damage|p2b: Dachsbun|57/100
|move|p2a: Typhlosion|Lava Plume|p1a: Talonflame|[spread] p1a,p1b
|-ability|p2b: Dachsbun|Well-Baked Body|boost
|-boost|p2b: Dachsbun|def|2
|-resisted|p1a: Talonflame
|-crit|p1a: Talonflame
|-damage|p1a: Talonflame|11/100
|-damage|p1b: Indeedee|20/100
|move|p2b: Dachsbun|Snarl|p1b: Indeedee|[spread] p1a,p1b
|-supereffective|p1b: Indeedee
|-damage|p1a: Talonflame|3/100
|-damage|p1b: Indeedee|3/100
|-unboost|p1b: Indeedee|spa|1
|
|-heal|p2b: Dachsbun|63/100|[from] item: Leftovers
|upkeep
|turn|4
|inactive|dont make me walk has 30 seconds left.
|inactive|dont make me walk has 20 seconds left.
|
|t:|1757022069
|move|p1a: Talonflame|Dual Wingbeat|p2b: Dachsbun
|-resisted|p2b: Dachsbun
|-damage|p2b: Dachsbun|60/100
|-resisted|p2b: Dachsbun
|-damage|p2b: Dachsbun|58/100
|-hitcount|p2b: Dachsbun|2
|move|p1b: Indeedee|Expanding Force|p2a: Typhlosion|[spread] p2a,p2b
|-resisted|p2b: Dachsbun
|-damage|p2a: Typhlosion|0 fnt
|-damage|p2b: Dachsbun|39/100
|faint|p2a: Typhlosion
|move|p2b: Dachsbun|Snarl|p1a: Talonflame|[spread] p1b
|-miss|p2b: Dachsbun|p1a: Talonflame
|-supereffective|p1b: Indeedee
|-damage|p1b: Indeedee|0 fnt
|faint|p1b: Indeedee
|
|-heal|p2b: Dachsbun|45/100|[from] item: Leftovers
|-sideend|p1: dont make me walk|move: Tailwind
|-sideend|p2: Sonja Hilmer|move: Tailwind
|upkeep
|
|t:|1757022072
|switch|p1b: Sneasler|Sneasler, L50, F|100/100
|-enditem|p1b: Sneasler|Psychic Seed
|-boost|p1b: Sneasler|spd|1|[from] item: Psychic Seed
|turn|5
|
|t:|1757022082
|move|p2b: Dachsbun|Protect|p2b: Dachsbun
|-singleturn|p2b: Dachsbun|Protect
|move|p1b: Sneasler|Close Combat|p2b: Dachsbun
|-activate|p2b: Dachsbun|move: Protect
|move|p1a: Talonflame|Dual Wingbeat|p2b: Dachsbun
|-activate|p2b: Dachsbun|move: Protect
|
|-heal|p2b: Dachsbun|51/100|[from] item: Leftovers
|upkeep
|turn|6
|
|t:|1757022091
|move|p1b: Sneasler|Close Combat|p2b: Dachsbun
|-supereffective|p2b: Dachsbun
|-crit|p2b: Dachsbun
|-damage|p2b: Dachsbun|0 fnt
|-unboost|p1b: Sneasler|def|1
|-unboost|p1b: Sneasler|spd|1
|faint|p2b: Dachsbun
|
|win|dont make me walk
|raw|dont make me walk's rating: 1398 → 1417(+19 for winning)
|raw|Sonja Hilmer's rating: 1375 → 1356(-19 for losing)
|c|☆Sonja Hilmer|keep yourself safe
|l|☆Sonja Hilmer
|player|p2|
