|j|☆alejandrorr
|j|☆ItsRoca
|html|alejandrorrItsRoca    
|uhtml|bestof|Game 2 of a best-of-3
|t:|1783782684
|gametype|doubles
|player|p1|alejandrorr|265|
|player|p2|ItsRoca|101|
|gen|9
|tier|[Gen 9 Champions] VGC 2026 Reg M-B (Bo3)
|rule|Species Clause: Limit one of each Pokémon
|rule|Item Clause: Limit 1 of each item
|clearpoke
|poke|p1|Snorlax, L50, F|
|poke|p1|Hawlucha, L50, M|
|poke|p1|Gengar, L50, F|
|poke|p1|Sinistcha, L50|
|poke|p1|Incineroar, L50, M|
|poke|p1|Politoed, L50, M|
|poke|p2|Metagross, L50|
|poke|p2|Sneasler, L50, F|
|poke|p2|Aerodactyl, L50, M|
|poke|p2|Sylveon, L50, M|
|poke|p2|Tsareena, L50, F|
|poke|p2|Incineroar, L50, M|
|teampreview|4
|showteam|p1|Snorlax||Leftovers|ThickFat|Protect,BodyPress,Stockpile,Fissure|Relaxed||F|||50|]Hawlucha||Hawluchanite|Limber|Detect,Entrainment,CloseCombat,BraveBird|Jolly||M|||50|]Gengar||Gengarite|CursedBody|Protect,ShadowBall,Disable,PerishSong|Timid||F|||50|]Sinistcha||KasibBerry|Hospitality|MatchaGotcha,TrickRoom,Protect,RagePowder|Relaxed|||||50|]Incineroar||PasshoBerry|Intimidate|FakeOut,ThroatChop,Protect,PartingShot|Sassy||M|||50|]Politoed||SitrusBerry|Drizzle|Protect,WeatherBall,PerishSong,Encore|Calm||M|||50|
|showteam|p2|Metagross||Metagrossite|ClearBody|Protect,PsychicFangs,IronHead,BodyPress|Jolly|||||50|]Sneasler||FocusSash|Unburden|CloseCombat,FakeOut,Coaching,Protect|Jolly||F|||50|]Aerodactyl||Aerodactylite|RockHead|RockSlide,Tailwind,DualWingbeat,IceFang|Jolly||M|||50|]Sylveon||FairyFeather|Pixilate|HyperVoice,QuickAttack,HyperBeam,Detect|Modest||M|||50|]Tsareena||WideLens|QueenlyMajesty|TripleAxel,PowerWhip,Protect,LowKick|Adamant||F|||50|]Incineroar||SitrusBerry|Intimidate|FakeOut,PartingShot,FlareBlitz,Taunt|Relaxed||M|||50|
|inactive|Battle timer is ON: inactive players will automatically lose when time's up. (requested by alejandrorr)
|inactive|ItsRoca has 60 seconds left.
|inactive|ItsRoca has 30 seconds left.
|inactive|ItsRoca has 20 seconds left.
|inactive|ItsRoca has 15 seconds left.
|inactive|ItsRoca has 10 seconds left.
|
|t:|1783782777
|teamsize|p1|4
|teamsize|p2|4
|start
|switch|p1a: Hawlucha|Hawlucha, L50, M|100/100
|switch|p1b: Snorlax|Snorlax, L50, F|100/100
|switch|p2a: Metagross|Metagross, L50|100/100
|switch|p2b: Sneasler|Sneasler, L50, F|100/100
|turn|1
|inactive|alejandrorr has 30 seconds left.
|inactive|ItsRoca has 30 seconds left.
|inactive|ItsRoca has 20 seconds left.
|inactive|ItsRoca has 15 seconds left.
|inactive|ItsRoca has 10 seconds left.
|inactive|ItsRoca has 5 seconds left.
|
|t:|1783782828
|detailschange|p1a: Hawlucha|Hawlucha-Mega, L50, M
|-mega|p1a: Hawlucha|Hawlucha|Hawluchanite
|detailschange|p2a: Metagross|Metagross-Mega, L50
|-mega|p2a: Metagross|Metagross|Metagrossite
|move|p2b: Sneasler|Fake Out|p1a: Hawlucha
|-damage|p1a: Hawlucha|85/100
|cant|p1a: Hawlucha|flinch
|move|p2a: Metagross|Body Press|p1b: Snorlax
|-supereffective|p1b: Snorlax|1
|-damage|p1b: Snorlax|58/100
|move|p1b: Snorlax|Fissure|p2a: Metagross|[miss]
|-miss|p1b: Snorlax|p2a: Metagross
|
|-heal|p1b: Snorlax|64/100|[from] item: Leftovers
|upkeep
|turn|2
|inactive|alejandrorr has 30 seconds left.
|inactive|alejandrorr has 20 seconds left.
|
|t:|1783782864
|move|p2b: Sneasler|Close Combat|p1b: Snorlax
|-supereffective|p1b: Snorlax|1
|-damage|p1b: Snorlax|0 fnt
|-unboost|p2b: Sneasler|def|1
|-unboost|p2b: Sneasler|spd|1
|faint|p1b: Snorlax
|move|p1a: Hawlucha|Brave Bird|p2b: Sneasler
|-supereffective|p2b: Sneasler|1
|-enditem|p2b: Sneasler|Focus Sash
|-damage|p2b: Sneasler|1/100
|-damage|p1a: Hawlucha|57/100|[from] Recoil
|move|p2a: Metagross|Psychic Fangs|p1a: Hawlucha
|-supereffective|p1a: Hawlucha|1
|-damage|p1a: Hawlucha|0 fnt
|faint|p1a: Hawlucha
|
|upkeep
|
|t:|1783782879
|switch|p1a: Sinistcha|Sinistcha, L50|100/100
|switch|p1b: Incineroar|Incineroar, L50, M|100/100
|-ability|p1b: Incineroar|Intimidate|boost
|-unboost|p2a: Metagross|atk|1
|-unboost|p2b: Sneasler|atk|1
|turn|3
|inactive|alejandrorr has 30 seconds left.
|inactive|ItsRoca has 30 seconds left.
|
|t:|1783782910
|move|p2b: Sneasler|Protect|p2b: Sneasler
|-singleturn|p2b: Sneasler|Protect
|move|p1b: Incineroar|Protect|p1b: Incineroar
|-singleturn|p1b: Incineroar|Protect
|move|p2a: Metagross|Iron Head|p1a: Sinistcha
|-damage|p1a: Sinistcha|67/100
|move|p1a: Sinistcha|Trick Room|p1a: Sinistcha
|-fieldstart|move: Trick Room|[of] p1a: Sinistcha
|
|upkeep
|turn|4
|
|t:|1783782929
|switch|p2b: Sylveon|Sylveon, L50, M|100/100
|move|p1b: Incineroar|Throat Chop|p2a: Metagross
|-supereffective|p2a: Metagross|1
|-damage|p2a: Metagross|56/100
|-start|p2a: Metagross|Throat Chop|[silent]
|move|p1a: Sinistcha|Matcha Gotcha|p2b: Sylveon|[spread] p2a,p2b
|-resisted|p2a: Metagross|1
|-damage|p2a: Metagross|44/100
|-heal|p1a: Sinistcha|73/100|[from] drain|[of] p2a: Metagross
|-damage|p2b: Sylveon|81/100
|-heal|p1a: Sinistcha|82/100|[from] drain|[of] p2b: Sylveon
|move|p2a: Metagross|Iron Head|p1a: Sinistcha
|-damage|p1a: Sinistcha|51/100
|
|upkeep
|turn|5
|inactive|alejandrorr has 30 seconds left.
|
|t:|1783782957
|move|p1b: Incineroar|Throat Chop|p2a: Metagross
|-supereffective|p2a: Metagross|1
|-damage|p2a: Metagross|0 fnt
|faint|p2a: Metagross
|move|p1a: Sinistcha|Matcha Gotcha|p2b: Sylveon
|-damage|p2b: Sylveon|55/100
|-heal|p1a: Sinistcha|64/100|[from] drain|[of] p2b: Sylveon
|-status|p2b: Sylveon|brn
|move|p2b: Sylveon|Hyper Voice|p1b: Incineroar|[spread] p1a,p1b
|-damage|p1a: Sinistcha|10/100
|-damage|p1b: Incineroar|64/100
|
|-damage|p2b: Sylveon|49/100 brn|[from] brn
|upkeep
|l|☆alejandrorr
|inactive|alejandrorr disconnected and has 300 seconds to reconnect!
|player|p1|
|
|t:|1783782974
|switch|p2a: Tsareena|Tsareena, L50, F|100/100
|turn|6
|j|☆alejandrorr
|inactive|alejandrorr reconnected and has 55 seconds left.
|player|p1|alejandrorr|265|
|
|t:|1783783003
|move|p1b: Incineroar|Throat Chop|p2a: Tsareena
|-damage|p2a: Tsareena|72/100
|-start|p2a: Tsareena|Throat Chop|[silent]
|move|p1a: Sinistcha|Matcha Gotcha|p2a: Tsareena|[spread] p2a,p2b
|-resisted|p2a: Tsareena|1
|-damage|p2a: Tsareena|59/100
|-heal|p1a: Sinistcha|16/100|[from] drain|[of] p2a: Tsareena
|-damage|p2b: Sylveon|29/100 brn
|-heal|p1a: Sinistcha|26/100|[from] drain|[of] p2b: Sylveon
|move|p2b: Sylveon|Hyper Voice|p1a: Sinistcha|[spread] p1a,p1b
|-damage|p1a: Sinistcha|0 fnt
|-damage|p1b: Incineroar|25/100
|faint|p1a: Sinistcha
|move|p2a: Tsareena|Triple Axel|p1b: Incineroar
|-resisted|p1b: Incineroar|1
|-damage|p1b: Incineroar|22/100
|-resisted|p1b: Incineroar|1
|-damage|p1b: Incineroar|16/100
|-resisted|p1b: Incineroar|1
|-damage|p1b: Incineroar|8/100
|-hitcount|p1b: Incineroar|3
|
|-damage|p2b: Sylveon|22/100 brn|[from] brn
|upkeep
|turn|7
|inactive|alejandrorr has 30 seconds left.
|inactive|ItsRoca has 30 seconds left.
|inactive|alejandrorr has 20 seconds left.
|inactive|alejandrorr has 15 seconds left.
|inactive|alejandrorr has 10 seconds left.
|
|t:|1783783050
|move|p1b: Incineroar|Throat Chop|p2a: Tsareena
|-damage|p2a: Tsareena|26/100
|move|p2b: Sylveon|Hyper Voice|p1b: Incineroar
|-damage|p1b: Incineroar|0 fnt
|faint|p1b: Incineroar
|
|win|ItsRoca
|l|☆ItsRoca
|player|p2|
