|j|☆IloveBugs<3
|j|☆ILoveMIR
|html|IloveBugs<3ILoveMIR    
|uhtml|bestof|Game 1 of a best-of-3
|t:|1783634383
|gametype|doubles
|player|p1|IloveBugs<3|shauntal|1377
|player|p2|ILoveMIR|shauntal|1451
|gen|9
|tier|[Gen 9 Champions] VGC 2026 Reg M-B (Bo3)
|rated|
|rule|Species Clause: Limit one of each Pokémon
|rule|Item Clause: Limit 1 of each item
|clearpoke
|poke|p1|Floette-Eternal, L50, F|
|poke|p1|Glimmora, L50, F|
|poke|p1|Farigiraf, L50, M|
|poke|p1|Whimsicott, L50, F|
|poke|p1|Basculegion, L50, M|
|poke|p1|Incineroar, L50, F|
|poke|p2|Blaziken, L50, M|
|poke|p2|Basculegion, L50, M|
|poke|p2|Ninetales-Alola, L50, M|
|poke|p2|Tsareena, L50, F|
|poke|p2|Milotic, L50, M|
|poke|p2|Incineroar, L50, F|
|teampreview|4
|showteam|p1|Floette-Eternal||Floettite|FlowerVeil|Moonblast,DazzlingGleam,CalmMind,Protect|Modest||F|||50|]Glimmora||FocusSash|ToxicDebris|PowerGem,SludgeBomb,EarthPower,SpikyShield|Timid||F|||50|]Farigiraf||ColburBerry|ArmorTail|TwinBeam,Thunderbolt,HelpingHand,TrickRoom|Relaxed||M|||50|]Whimsicott||FairyFeather|Prankster|Moonblast,Encore,Tailwind,Protect|Bold||F|||50|]Basculegion||SitrusBerry|Adaptability|WaveCrash,LastRespects,AquaJet,Protect|Adamant||M|||50|]Incineroar||ChopleBerry|Intimidate|FlareBlitz,ThroatChop,FakeOut,PartingShot|Brave||F|||50|
|showteam|p2|Blaziken||Blazikenite|SpeedBoost|FlareBlitz,CloseCombat,RockSlide,Protect|Adamant||M|||50|]Basculegion||ChoiceScarf|Adaptability|WaveCrash,LastRespects,AquaJet,FlipTurn|Jolly||M|||50|]Ninetales-Alola||NeverMeltIce|SnowWarning|Blizzard,FreezeDry,Encore,Protect|Timid||M|||50|]Tsareena||WideLens|QueenlyMajesty|PowerWhip,TripleAxel,LowKick,Protect|Adamant||F|||50|]Milotic||ExpertBelt|Competitive|Scald,IceBeam,Recover,Protect|Modest||M|||50|]Incineroar||SitrusBerry|Intimidate|FakeOut,ThroatChop,FlareBlitz,PartingShot|Impish||F|||50|
|inactive|Battle timer is ON: inactive players will automatically lose when time's up. (requested by ILoveMIR)
|c|☆ILoveMIR|Are you trying to impersonate me!
|inactive|IloveBugs<3 has 60 seconds left.
|inactive|ILoveMIR has 60 seconds left.
|c|☆IloveBugs<3|i have a heart u dont
|c|☆ILoveMIR|hmm true true
|inactive|ILoveMIR has 30 seconds left.
|c|☆ILoveMIR|maybe I am the imposter...
|inactive|IloveBugs<3 has 30 seconds left.
|inactive|ILoveMIR has 20 seconds left.
|c|☆IloveBugs<3|yeah...
|inactive|IloveBugs<3 has 20 seconds left.
|inactive|ILoveMIR has 15 seconds left.
|inactive|ILoveMIR has 10 seconds left.
|inactiveoff|Battle timer is now OFF.
|
|t:|1783634472
|teamsize|p1|4
|teamsize|p2|4
|start
|switch|p1a: Farigiraf|Farigiraf, L50, M|100/100
|switch|p1b: Floette|Floette-Eternal, L50, F|100/100
|switch|p2a: Milotic|Milotic, L50, M|100/100
|switch|p2b: Basculegion|Basculegion, L50, M|100/100
|turn|1
|
|t:|1783634495
|detailschange|p1b: Floette|Floette-Mega, L50, F
|-mega|p1b: Floette|Floette|Floettite
|-ability|p1b: Floette|Fairy Aura
|move|p2b: Basculegion|Wave Crash|p1a: Farigiraf
|-damage|p1a: Farigiraf|46/100
|-damage|p2b: Basculegion|79/100|[from] Recoil
|move|p1b: Floette|Calm Mind|p1b: Floette
|-boost|p1b: Floette|spa|1
|-boost|p1b: Floette|spd|1
|move|p2a: Milotic|Scald|p1a: Farigiraf
|-damage|p1a: Farigiraf|11/100
|move|p1a: Farigiraf|Trick Room|p1a: Farigiraf
|-fieldstart|move: Trick Room|[of] p1a: Farigiraf
|
|upkeep
|turn|2
|
|t:|1783634515
|switch|p2b: Incineroar|Incineroar, L50, F|100/100
|-ability|p2b: Incineroar|Intimidate|boost
|-unboost|p1a: Farigiraf|atk|1
|-unboost|p1b: Floette|atk|1
|move|p1a: Farigiraf|Thunderbolt|p2a: Milotic
|-supereffective|p2a: Milotic|1
|-damage|p2a: Milotic|68/100
|move|p2a: Milotic|Scald|p1a: Farigiraf
|-damage|p1a: Farigiraf|0 fnt
|faint|p1a: Farigiraf
|move|p1b: Floette|Moonblast|p2a: Milotic
|-damage|p2a: Milotic|0 fnt
|faint|p2a: Milotic
|
|upkeep
|
|t:|1783634527
|switch|p1a: Glimmora|Glimmora, L50, F|100/100
|switch|p2a: Blaziken|Blaziken, L50, M|100/100
|turn|3
|
|t:|1783634538
|detailschange|p2a: Blaziken|Blaziken-Mega, L50, M
|-mega|p2a: Blaziken|Blaziken|Blazikenite
|move|p2b: Incineroar|Fake Out|p1b: Floette
|-damage|p1b: Floette|88/100
|cant|p1b: Floette|flinch
|move|p1a: Glimmora|Earth Power|p2a: Blaziken
|-supereffective|p2a: Blaziken|1
|-damage|p2a: Blaziken|9/100
|-unboost|p2a: Blaziken|spd|1
|move|p2a: Blaziken|Flare Blitz|p1b: Floette
|-damage|p1b: Floette|14/100
|-damage|p2a: Blaziken|0 fnt|[from] Recoil
|faint|p2a: Blaziken
|
|upkeep
|
|t:|1783634548
|switch|p2a: Basculegion|Basculegion, L50, M|79/100
|turn|4
|
|t:|1783634561
|move|p1b: Floette|Protect|p1b: Floette
|-singleturn|p1b: Floette|Protect
|move|p2b: Incineroar|Flare Blitz|p1b: Floette
|-activate|p1b: Floette|move: Protect
|move|p1a: Glimmora|Power Gem|p2a: Basculegion
|-damage|p2a: Basculegion|32/100
|move|p2a: Basculegion|Last Respects|p1a: Glimmora
|-enditem|p1a: Glimmora|Focus Sash
|-damage|p1a: Glimmora|1/100
|-activate|p1a: Glimmora|ability: Toxic Debris
|-sidestart|p2: ILoveMIR|move: Toxic Spikes
|
|upkeep
|turn|5
|
|t:|1783634574
|move|p2b: Incineroar|Flare Blitz|p1b: Floette
|-crit|p1b: Floette
|-damage|p1b: Floette|0 fnt
|faint|p1b: Floette
|-damage|p2b: Incineroar|95/100|[from] Recoil
|move|p1a: Glimmora|Power Gem|p2a: Basculegion
|-damage|p2a: Basculegion|0 fnt
|faint|p2a: Basculegion
|
|-fieldend|move: Trick Room
|upkeep
|
|t:|1783634577
|switch|p1b: Whimsicott|Whimsicott, L50, F|100/100
|turn|6
|
|t:|1783634582
|move|p1a: Glimmora|Power Gem|p2b: Incineroar
|-supereffective|p2b: Incineroar|1
|-damage|p2b: Incineroar|35/100
|-enditem|p2b: Incineroar|Sitrus Berry|[eat]
|-heal|p2b: Incineroar|59/100|[from] item: Sitrus Berry
|move|p1b: Whimsicott|Moonblast|p2b: Incineroar
|-damage|p2b: Incineroar|33/100
|move|p2b: Incineroar|Flare Blitz|p1a: Glimmora
|-resisted|p1a: Glimmora|1
|-damage|p1a: Glimmora|0 fnt
|-activate|p1a: Glimmora|ability: Toxic Debris
|-sidestart|p2: ILoveMIR|move: Toxic Spikes
|faint|p1a: Glimmora
|-damage|p2b: Incineroar|32/100|[from] Recoil
|
|upkeep
|turn|7
|
|t:|1783634593
|move|p1b: Whimsicott|Moonblast|p2b: Incineroar
|-crit|p2b: Incineroar
|-damage|p2b: Incineroar|0 fnt
|faint|p2b: Incineroar
|
|win|IloveBugs<3
