|j|☆DonpiDavs
|j|☆poison mouse
|html|DonpiDavspoison mouse    
|uhtml|bestof|Game 2 of a best-of-3
|t:|1785066891
|gametype|doubles
|player|p1|DonpiDavs|265|1377
|player|p2|poison mouse|tate|1428
|gen|9
|tier|[Gen 9 Champions] VGC 2026 Reg M-B (Bo3)
|rated|
|rule|Species Clause: Limit one of each Pokémon
|rule|Item Clause: Limit 1 of each item
|clearpoke
|poke|p1|Gengar, L50, M|
|poke|p1|Archaludon, L50, M|
|poke|p1|Politoed, L50, M|
|poke|p1|Swampert, L50, M|
|poke|p1|Vivillon, L50, M|
|poke|p1|Incineroar, L50, M|
|poke|p2|Tyranitar, L50, M|
|poke|p2|Excadrill, L50, F|
|poke|p2|Milotic, L50, F|
|poke|p2|Sinistcha, L50|
|poke|p2|Staraptor, L50, F|
|poke|p2|Gholdengo, L50|
|teampreview|4
|showteam|p1|Gengar||Gengarite|CursedBody|ShadowBall,SludgeBomb,PerishSong,Protect|Modest||M|||50|]Archaludon||Leftovers|Stamina|ElectroShot,DragonPulse,FlashCannon,Protect|Bold||M|||50|]Politoed||SitrusBerry|Drizzle|WeatherBall,Hypnosis,PerishSong,Protect|Calm||M|||50|]Swampert||Swampertite|Torrent|WaveCrash,Earthquake,IcePunch,Protect|Adamant||M|||50|]Vivillon||FocusSash|CompoundEyes|Hurricane,SleepPowder,RagePowder,Protect|Timid||M|||50|]Incineroar||PasshoBerry|Intimidate|ThroatChop,FakeOut,PartingShot,Protect|Impish||M|||50|
|showteam|p2|Tyranitar||Tyranitarite|SandStream|KnockOff,RockSlide,HighHorsepower,Protect|Jolly||M|||50|]Excadrill||FocusSash|SandRush|Earthquake,IronHead,RockSlide,Protect|Adamant||F|||50|]Milotic||SitrusBerry|Competitive|Scald,IcyWind,IceBeam,Protect|Calm||F|||50|]Sinistcha||ColburBerry|Hospitality|MatchaGotcha,ShadowBall,Protect,RagePowder|Bold|||||50|]Staraptor||Staraptite|Intimidate|CloseCombat,BraveBird,Tailwind,Protect|Jolly||F|||50|]Gholdengo||LifeOrb|GoodasGold|MakeItRain,ShadowBall,NastyPlot,Protect|Modest|||||50|
|inactive|Battle timer is ON: inactive players will automatically lose when time's up. (requested by poison mouse)
|
|t:|1785066909
|teamsize|p1|4
|teamsize|p2|4
|start
|switch|p1a: Incineroar|Incineroar, L50, M|100/100
|switch|p1b: Vivillon|Vivillon, L50, M|100/100
|switch|p2a: Staraptor|Staraptor, L50, F|100/100
|switch|p2b: Gholdengo|Gholdengo, L50|100/100
|-ability|p2a: Staraptor|Intimidate|boost
|-unboost|p1a: Incineroar|atk|1
|-unboost|p1b: Vivillon|atk|1
|-ability|p1a: Incineroar|Intimidate|boost
|-unboost|p2a: Staraptor|atk|1
|-unboost|p2b: Gholdengo|atk|1
|turn|1
|
|t:|1785066929
|detailschange|p2a: Staraptor|Staraptor-Mega, L50, F
|-mega|p2a: Staraptor|Staraptor|Staraptite
|move|p2a: Staraptor|Close Combat|p1a: Incineroar
|-supereffective|p1a: Incineroar|1
|-damage|p1a: Incineroar|40/100
|-boost|p2a: Staraptor|def|1
|-boost|p2a: Staraptor|spd|1
|move|p1b: Vivillon|Hurricane|p2b: Gholdengo
|-resisted|p2b: Gholdengo|1
|-damage|p2b: Gholdengo|78/100
|move|p2b: Gholdengo|Nasty Plot|p2b: Gholdengo
|-boost|p2b: Gholdengo|spa|2
|move|p1a: Incineroar|Throat Chop|p2b: Gholdengo
|-supereffective|p2b: Gholdengo|1
|-damage|p2b: Gholdengo|42/100
|-start|p2b: Gholdengo|Throat Chop|[silent]
|
|upkeep
|turn|2
|
|t:|1785066949
|move|p1a: Incineroar|Protect|p1a: Incineroar
|-singleturn|p1a: Incineroar|Protect
|move|p2a: Staraptor|Close Combat|p1a: Incineroar
|-activate|p1a: Incineroar|move: Protect
|move|p1b: Vivillon|Hurricane|p2b: Gholdengo
|-resisted|p2b: Gholdengo|1
|-damage|p2b: Gholdengo|20/100y
|move|p2b: Gholdengo|Shadow Ball|p1b: Vivillon
|-enditem|p1b: Vivillon|Focus Sash
|-damage|p1b: Vivillon|1/100
|-damage|p2b: Gholdengo|11/100|[from] item: Life Orb
|
|-end|p2b: Gholdengo|Throat Chop|[silent]
|upkeep
|turn|3
|inactive|DonpiDavs has 30 seconds left.
|
|t:|1785066976
|move|p2b: Gholdengo|Protect|p2b: Gholdengo
|-singleturn|p2b: Gholdengo|Protect
|move|p2a: Staraptor|Close Combat|p1b: Vivillon
|-resisted|p1b: Vivillon|2
|-damage|p1b: Vivillon|0 fnt
|-boost|p2a: Staraptor|def|1
|-boost|p2a: Staraptor|spd|1
|faint|p1b: Vivillon
|move|p1a: Incineroar|Throat Chop|p2b: Gholdengo
|-activate|p2b: Gholdengo|move: Protect
|
|upkeep
|
|t:|1785066981
|switch|p1b: Swampert|Swampert, L50, M|100/100
|turn|4
|
|t:|1785066999
|switch|p1a: Politoed|Politoed, L50, M|100/100
|-weather|RainDance|[from] ability: Drizzle|[of] p1a: Politoed
|detailschange|p1b: Swampert|Swampert-Mega, L50, M
|-mega|p1b: Swampert|Swampert|Swampertite
|move|p1b: Swampert|Wave Crash|p2b: Gholdengo
|-damage|p2b: Gholdengo|0 fnt
|faint|p2b: Gholdengo
|-damage|p1b: Swampert|96/100|[from] Recoil
|move|p2a: Staraptor|Close Combat|p1a: Politoed
|-damage|p1a: Politoed|63/100
|-boost|p2a: Staraptor|def|1
|-boost|p2a: Staraptor|spd|1
|
|-weather|RainDance|[upkeep]
|upkeep
|
|t:|1785067017
|switch|p2b: Sinistcha|Sinistcha, L50|100/100
|turn|5
|
|t:|1785067031
|move|p1b: Swampert|Ice Punch|p2a: Staraptor
|-supereffective|p2a: Staraptor|1
|-damage|p2a: Staraptor|76/100
|move|p2a: Staraptor|Close Combat|p1a: Politoed
|-damage|p1a: Politoed|26/100
|-boost|p2a: Staraptor|def|1
|-boost|p2a: Staraptor|spd|1
|-enditem|p1a: Politoed|Sitrus Berry|[eat]
|-heal|p1a: Politoed|51/100|[from] item: Sitrus Berry
|move|p2b: Sinistcha|Matcha Gotcha|p1a: Politoed|[spread] p1a,p1b
|-supereffective|p1a: Politoed|1
|-supereffective|p1b: Swampert|2
|-damage|p1a: Politoed|14/100
|-damage|p1b: Swampert|5/100
|move|p1a: Politoed|Perish Song|p1a: Politoed
|-start|p1a: Politoed|perish3|[silent]
|-start|p1b: Swampert|perish3|[silent]
|-start|p2a: Staraptor|perish3|[silent]
|-start|p2b: Sinistcha|perish3|[silent]
|-fieldactivate|move: Perish Song
|
|-weather|RainDance|[upkeep]
|-start|p1b: Swampert|perish3
|-start|p2a: Staraptor|perish3
|-start|p1a: Politoed|perish3
|-start|p2b: Sinistcha|perish3
|upkeep
|turn|6
|
|t:|1785067054
|switch|p2b: Tyranitar|Tyranitar, L50, M|100/100
|-weather|Sandstorm|[from] ability: Sand Stream|[of] p2b: Tyranitar
|move|p1b: Swampert|Protect|p1b: Swampert
|-singleturn|p1b: Swampert|Protect
|move|p1a: Politoed|Protect|p1a: Politoed
|-singleturn|p1a: Politoed|Protect
|move|p2a: Staraptor|Close Combat|p1a: Politoed
|-activate|p1a: Politoed|move: Protect
|
|-weather|Sandstorm|[upkeep]
|-damage|p2a: Staraptor|70/100|[from] Sandstorm
|-damage|p1a: Politoed|8/100|[from] Sandstorm
|-start|p2a: Staraptor|perish2
|-start|p1b: Swampert|perish2
|-start|p1a: Politoed|perish2
|upkeep
|turn|7
|-message|DonpiDavs forfeited.
|
|win|poison mouse
|raw|DonpiDavs's rating: 1377 → 1360(-17 for losing)
|raw|poison mouse's rating: 1428 → 1445(+17 for winning)
|l|☆DonpiDavs
|player|p1|
