|j|☆NathanaelW19
|j|☆MrGhost1724
|html|NathanaelW19MrGhost1724    
|uhtml|bestof|Game 1 of a best-of-3
|t:|1782549076
|gametype|doubles
|player|p1|NathanaelW19|dragontamer|1053
|player|p2|MrGhost1724|hilbert|1142
|gen|9
|tier|[Gen 9 Champions] VGC 2026 Reg M-B (Bo3)
|rated|
|rule|Species Clause: Limit one of each Pokémon
|rule|Item Clause: Limit 1 of each item
|clearpoke
|poke|p1|Eelektross, L50, F|
|poke|p1|Whimsicott, L50, M|
|poke|p1|Garchomp, L50, F|
|poke|p1|Basculegion, L50, M|
|poke|p1|Charizard, L50, F|
|poke|p1|Overqwil, L50, M|
|poke|p2|Garchomp, L50, M|
|poke|p2|Rotom-Wash, L50|
|poke|p2|Venusaur, L50, M|
|poke|p2|Delphox, L50, M|
|poke|p2|Sableye, L50, M|
|poke|p2|Kangaskhan, L50, F|
|teampreview|4
|showteam|p1|Eelektross||Eelektrossite|Levitate|Thunderbolt,DragonPulse,Flamethrower,Protect|Modest||F|||50|]Whimsicott||FocusSash|Prankster|Tailwind,Moonblast,Encore,Protect|Timid||M|||50|]Garchomp||LifeOrb|RoughSkin|Earthquake,DragonClaw,RockSlide,Protect|Jolly||F|||50|]Basculegion||ChoiceScarf|Adaptability|LastRespects,AquaJet,WaveCrash,FlipTurn|Jolly||M|||50|]Charizard||CharizarditeY|Blaze|Protect,HeatWave,WeatherBall,SolarBeam|Timid||F|||50|]Overqwil||SitrusBerry|Intimidate|GunkShot,ThroatChop,AcidSpray,Protect|Adamant||M|||50|
|showteam|p2|Garchomp||LifeOrb|RoughSkin|Protect,Earthquake,DragonClaw,RockSlide|Jolly||M|||50|]Rotom-Wash||Leftovers|Levitate|Protect,HydroPump,VoltSwitch,WillOWisp|Calm|||||50|]Venusaur||Venusaurite|Chlorophyll|Protect,GigaDrain,SludgeBomb,EarthPower|Modest||M|||50|]Delphox||Delphoxite|Blaze|Protect,HeatWave,Psychic,NastyPlot|Timid||M|||50|]Sableye||BrightPowder|Prankster|FoulPlay,Quash,Encore,SunnyDay|Careful||M|||50|]Kangaskhan||SilkScarf|Scrappy|FakeOut,LastResort|Adamant||F|||50|
|inactive|Battle timer is ON: inactive players will automatically lose when time's up. (requested by MrGhost1724)
|inactive|NathanaelW19 also wants the timer to be on.
|c|☆NathanaelW19|Glhf
|c|☆MrGhost1724|glhf
|inactive|NathanaelW19 has 60 seconds left.
|inactive|MrGhost1724 has 60 seconds left.
|j| biorr2
|
|t:|1782549132
|teamsize|p1|4
|teamsize|p2|4
|start
|switch|p1a: Whimsicott|Whimsicott, L50, M|100/100
|switch|p1b: Overqwil|Overqwil, L50, M|100/100
|switch|p2a: Kangaskhan|Kangaskhan, L50, F|100/100
|switch|p2b: Delphox|Delphox, L50, M|100/100
|-ability|p1b: Overqwil|Intimidate|boost
|-fail|p2a: Kangaskhan|unboost|Attack|[from] ability: Scrappy|[of] p2a: Kangaskhan
|-unboost|p2b: Delphox|atk|1
|turn|1
|l| biorr2
|inactive|MrGhost1724 has 30 seconds left.
|
|t:|1782549164
|detailschange|p2b: Delphox|Delphox-Mega, L50, M
|-mega|p2b: Delphox|Delphox|Delphoxite
|move|p1a: Whimsicott|Protect|p1a: Whimsicott
|-singleturn|p1a: Whimsicott|Protect
|move|p1b: Overqwil|Protect|p1b: Overqwil
|-singleturn|p1b: Overqwil|Protect
|move|p2a: Kangaskhan|Fake Out|p1b: Overqwil
|-activate|p1b: Overqwil|move: Protect
|move|p2b: Delphox|Heat Wave|p1b: Overqwil|[spread] 
|-activate|p1a: Whimsicott|move: Protect
|-activate|p1b: Overqwil|move: Protect
|
|upkeep
|turn|2
|
|t:|1782549173
|switch|p2b: Venusaur|Venusaur, L50, M|100/100
|move|p1a: Whimsicott|Encore|p2a: Kangaskhan
|-start|p2a: Kangaskhan|Encore
|move|p2a: Kangaskhan|Fake Out||[still]
|-hint|Fake Out only works on your first turn out.
|-fail|p2a: Kangaskhan
|move|p1b: Overqwil|Throat Chop|p2b: Venusaur
|-damage|p2b: Venusaur|60/100
|-start|p2b: Venusaur|Throat Chop|[silent]
|
|upkeep
|turn|3
|
|t:|1782549187
|switch|p2a: Sableye|Sableye, L50, M|100/100
|move|p1a: Whimsicott|Moonblast|p2a: Sableye
|-supereffective|p2a: Sableye|1
|-damage|p2a: Sableye|15/100
|move|p1b: Overqwil|Throat Chop|p2a: Sableye
|-damage|p2a: Sableye|0 fnt
|faint|p2a: Sableye
|move|p2b: Venusaur|Sludge Bomb|p1a: Whimsicott
|-supereffective|p1a: Whimsicott|2
|-enditem|p1a: Whimsicott|Focus Sash
|-damage|p1a: Whimsicott|1/100
|-status|p1a: Whimsicott|psn
|
|-damage|p1a: Whimsicott|0 fnt|[from] psn
|faint|p1a: Whimsicott
|-end|p2b: Venusaur|Throat Chop|[silent]
|upkeep
|
|t:|1782549199
|switch|p1a: Garchomp|Garchomp, L50, F|100/100
|switch|p2a: Kangaskhan|Kangaskhan, L50, F|100/100
|turn|4
|
|t:|1782549216
|switch|p1b: Eelektross|Eelektross, L50, F|100/100
|move|p2a: Kangaskhan|Fake Out|p1b: Eelektross
|-damage|p1b: Eelektross|68/100
|move|p1a: Garchomp|Earthquake|p2b: Venusaur|[spread] p2a,p2b
|-immune|p1b: Eelektross|[from] ability: Levitate
|-damage|p2a: Kangaskhan|50/100g
|-damage|p2b: Venusaur|8/100
|-damage|p1a: Garchomp|90/100|[from] item: Life Orb
|move|p2b: Venusaur|Giga Drain|p1a: Garchomp
|-damage|p1a: Garchomp|52/100
|-heal|p2b: Venusaur|26/100|[from] drain|[of] p1a: Garchomp
|
|upkeep
|turn|5
|
|t:|1782549231
|switch|p2b: Delphox|Delphox-Mega, L50, M|100/100
|detailschange|p1b: Eelektross|Eelektross-Mega, L50, F
|-mega|p1b: Eelektross|Eelektross|Eelektrossite
|move|p1a: Garchomp|Dragon Claw|p2a: Kangaskhan
|-damage|p2a: Kangaskhan|0 fnt
|faint|p2a: Kangaskhan
|-damage|p1a: Garchomp|43/100|[from] item: Life Orb
|move|p1b: Eelektross|Flamethrower|p2b: Delphox
|-resisted|p2b: Delphox|1
|-damage|p2b: Delphox|83/100
|
|upkeep
|
|t:|1782549239
|switch|p2a: Venusaur|Venusaur, L50, M|26/100
|turn|6
|
|t:|1782549250
|move|p2b: Delphox|Heat Wave|p1b: Eelektross|[spread] p1b
|-miss|p2b: Delphox|p1a: Garchomp
|-damage|p1b: Eelektross|17/100
|move|p1a: Garchomp|Rock Slide|p2b: Delphox|[spread] p2a,p2b
|-crit|p2a: Venusaur
|-supereffective|p2b: Delphox|1
|-damage|p2a: Venusaur|0 fnt
|-damage|p2b: Delphox|8/100
|faint|p2a: Venusaur
|-damage|p1a: Garchomp|33/100|[from] item: Life Orb
|move|p1b: Eelektross|Thunderbolt|p2b: Delphox
|-damage|p2b: Delphox|0 fnt
|faint|p2b: Delphox
|
|win|NathanaelW19
||MrGhost1724 is ready for game 2.
