|j|☆ssooner
|j|☆baka rounin
|html|ssoonerbaka rounin    
|uhtml|bestof|Game 2 of a best-of-3
|t:|1784231839
|gametype|doubles
|player|p1|ssooner|wallace|1116
|player|p2|baka rounin|170|1123
|gen|9
|tier|[Gen 9 Champions] VGC 2026 Reg M-B (Bo3)
|rated|
|rule|Species Clause: Limit one of each Pokémon
|rule|Item Clause: Limit 1 of each item
|clearpoke
|poke|p1|Charizard, L50, M|
|poke|p1|Floette-Eternal, L50, F|
|poke|p1|Garchomp, L50, F|
|poke|p1|Basculegion, L50, M|
|poke|p1|Kingambit, L50, F|
|poke|p1|Whimsicott, L50, M|
|poke|p2|Tyranitar, L50, M, shiny|
|poke|p2|Excadrill, L50, M|
|poke|p2|Milotic, L50, F|
|poke|p2|Sinistcha, L50|
|poke|p2|Staraptor, L50, M, shiny|
|poke|p2|Gholdengo, L50|
|teampreview|4
|showteam|p1|Charizard||CharizarditeY|Blaze|WeatherBall,HeatWave,SolarBeam,Protect|Modest||M|||50|]Floette-Eternal||Floettite|FlowerVeil|Moonblast,DazzlingGleam,LightofRuin,Protect|Timid||F|||50|]Garchomp||LifeOrb|RoughSkin|Earthquake,DragonClaw,RockSlide,Protect|Jolly||F|||50|]Basculegion||MysticWater|Adaptability|WaveCrash,LastRespects,AquaJet,Protect|Adamant||M|||50|]Kingambit||BlackGlasses|Defiant|KowtowCleave,SuckerPunch,LowKick,Protect|Adamant||F|||50|]Whimsicott||FocusSash|Prankster|Tailwind,Moonblast,Encore,Protect|Timid||M|||50|
|showteam|p2|Tyranitar||Tyranitarite|SandStream|RockSlide,KnockOff,HighHorsepower,Protect|Jolly||M|||50|]Excadrill||FocusSash|SandRush|IronHead,Earthquake,RockSlide,Protect|Jolly||M|||50|]Milotic||SitrusBerry|Competitive|Scald,IcyWind,Haze,Protect|Calm||F|||50|]Sinistcha||ColburBerry|Hospitality|MatchaGotcha,ShadowBall,Protect,RagePowder|Bold|||||50|]Staraptor||Staraptite|Intimidate|CloseCombat,BraveBird,Tailwind,Protect|Jolly||M|||50|]Gholdengo||LifeOrb|GoodasGold|ShadowBall,MakeItRain,NastyPlot,Protect|Modest|||||50|
|inactive|Battle timer is ON: inactive players will automatically lose when time's up. (requested by ssooner)
|inactive|ssooner has 60 seconds left.
|
|t:|1784231880
|teamsize|p1|4
|teamsize|p2|4
|start
|switch|p1a: Garchomp|Garchomp, L50, F|100/100
|switch|p1b: Whimsicott|Whimsicott, L50, M|100/100
|switch|p2a: Xebec|Tyranitar, L50, M, shiny|100/100
|switch|p2b: Donnie Brasco|Excadrill, L50, M|100/100
|-weather|Sandstorm|[from] ability: Sand Stream|[of] p2a: Xebec
|turn|1
|inactive|ssooner has 30 seconds left.
|inactive|ssooner has 20 seconds left.
|
|t:|1784231916
|switch|p2a: Dracule Mohoawk|Staraptor, L50, M, shiny|100/100
|-ability|p2a: Dracule Mohoawk|Intimidate|boost
|-unboost|p1a: Garchomp|atk|1
|-unboost|p1b: Whimsicott|atk|1
|move|p2b: Donnie Brasco|Protect|p2b: Donnie Brasco
|-singleturn|p2b: Donnie Brasco|Protect
|move|p1b: Whimsicott|Tailwind|p1b: Whimsicott
|-sidestart|p1: ssooner|move: Tailwind
|move|p1a: Garchomp|Earthquake|p2a: Dracule Mohoawk|[spread] p1b
|-activate|p2b: Donnie Brasco|move: Protect
|-immune|p2a: Dracule Mohoawk
|-resisted|p1b: Whimsicott|1
|-damage|p1b: Whimsicott|75/100
|-damage|p1a: Garchomp|90/100|[from] item: Life Orb
|
|-weather|Sandstorm|[upkeep]
|-damage|p1b: Whimsicott|69/100|[from] Sandstorm
|-damage|p2a: Dracule Mohoawk|94/100|[from] Sandstorm
|upkeep
|turn|2
|
|t:|1784231936
|switch|p2b: Naga|Milotic, L50, F|100/100
|move|p1b: Whimsicott|Encore||[still]
|-fail|p1b: Whimsicott
|move|p1a: Garchomp|Dragon Claw|p2a: Dracule Mohoawk
|-damage|p2a: Dracule Mohoawk|44/100
|-damage|p1a: Garchomp|80/100|[from] item: Life Orb
|move|p2a: Dracule Mohoawk|Tailwind|p2a: Dracule Mohoawk
|-sidestart|p2: baka rounin|move: Tailwind
|
|-weather|Sandstorm|[upkeep]
|-damage|p1b: Whimsicott|63/100|[from] Sandstorm
|-damage|p2a: Dracule Mohoawk|38/100|[from] Sandstorm
|-damage|p2b: Naga|94/100|[from] Sandstorm
|upkeep
|turn|3
|inactive|baka rounin has 30 seconds left.
|
|t:|1784231970
|move|p2a: Dracule Mohoawk|Protect|p2a: Dracule Mohoawk
|-singleturn|p2a: Dracule Mohoawk|Protect
|move|p1b: Whimsicott|Moonblast|p2b: Naga
|-damage|p2b: Naga|70/100
|move|p1a: Garchomp|Rock Slide|p2a: Dracule Mohoawk|[spread] p2b
|-activate|p2a: Dracule Mohoawk|move: Protect
|-damage|p2b: Naga|53/100
|-damage|p1a: Garchomp|70/100|[from] item: Life Orb
|cant|p2b: Naga|flinch
|
|-weather|Sandstorm|[upkeep]
|-damage|p1b: Whimsicott|57/100|[from] Sandstorm
|-damage|p2a: Dracule Mohoawk|32/100|[from] Sandstorm
|-damage|p2b: Naga|47/100|[from] Sandstorm
|-enditem|p2b: Naga|Sitrus Berry|[eat]
|-heal|p2b: Naga|72/100|[from] item: Sitrus Berry
|upkeep
|turn|4
|inactive|ssooner has 30 seconds left.
|
|t:|1784231995
|switch|p2a: Xebec|Tyranitar, L50, M, shiny|100/100
|move|p1b: Whimsicott|Moonblast|p2b: Naga
|-damage|p2b: Naga|47/100
|move|p1a: Garchomp|Rock Slide|p2b: Naga|[spread] p2a,p2b
|-damage|p2a: Xebec|86/100
|-damage|p2b: Naga|32/100
|-damage|p1a: Garchomp|61/100|[from] item: Life Orb
|move|p2b: Naga|Icy Wind|p1b: Whimsicott|[spread] p1a,p1b
|-supereffective|p1a: Garchomp|2
|-supereffective|p1b: Whimsicott|1
|-damage|p1a: Garchomp|20/100r
|-damage|p1b: Whimsicott|22/100
|-unboost|p1a: Garchomp|spe|1
|-unboost|p1b: Whimsicott|spe|1
|
|-weather|Sandstorm|[upkeep]
|-damage|p1b: Whimsicott|16/100|[from] Sandstorm
|-damage|p2b: Naga|26/100|[from] Sandstorm
|-sideend|p1: ssooner|move: Tailwind
|upkeep
|turn|5
|inactive|baka rounin has 30 seconds left.
|inactive|baka rounin has 20 seconds left.
|
|t:|1784232031
|detailschange|p2a: Xebec|Tyranitar-Mega, L50, M, shiny
|-mega|p2a: Xebec|Tyranitar|Tyranitarite
|move|p1b: Whimsicott|Protect|p1b: Whimsicott
|-singleturn|p1b: Whimsicott|Protect
|move|p1a: Garchomp|Protect|p1a: Garchomp
|-singleturn|p1a: Garchomp|Protect
|move|p2a: Xebec|Rock Slide|p1b: Whimsicott|[spread] 
|-activate|p1a: Garchomp|move: Protect
|-activate|p1b: Whimsicott|move: Protect
|move|p2b: Naga|Icy Wind|p1a: Garchomp|[spread] 
|-activate|p1a: Garchomp|move: Protect
|-activate|p1b: Whimsicott|move: Protect
|
|-weather|none
|-sideend|p2: baka rounin|move: Tailwind
|upkeep
|turn|6
|
|t:|1784232048
|switch|p2a: Dracule Mohoawk|Staraptor, L50, M, shiny|32/100
|-ability|p2a: Dracule Mohoawk|Intimidate|boost
|-unboost|p1a: Garchomp|atk|1
|-unboost|p1b: Whimsicott|atk|1
|move|p1b: Whimsicott|Tailwind|p1b: Whimsicott
|-sidestart|p1: ssooner|move: Tailwind
|move|p1a: Garchomp|Earthquake|p2a: Dracule Mohoawk|[spread] p1b,p2b
|-immune|p2a: Dracule Mohoawk
|-resisted|p1b: Whimsicott|1
|-damage|p1b: Whimsicott|0 fnt
|-damage|p2b: Naga|3/100
|faint|p1b: Whimsicott
|-damage|p1a: Garchomp|10/100|[from] item: Life Orb
|move|p2b: Naga|Icy Wind|p1a: Garchomp
|-supereffective|p1a: Garchomp|2
|-damage|p1a: Garchomp|0 fnt
|faint|p1a: Garchomp
|
|upkeep
|
|t:|1784232063
|switch|p1b: Charizard|Charizard, L50, M|100/100
|switch|p1a: Basculegion|Basculegion, L50, M|100/100
|turn|7
|
|t:|1784232087
|move|p2a: Dracule Mohoawk|Protect|p2a: Dracule Mohoawk
|-singleturn|p2a: Dracule Mohoawk|Protect
|move|p2b: Naga|Protect|p2b: Naga
|-singleturn|p2b: Naga|Protect
|move|p1a: Basculegion|Aqua Jet|p2a: Dracule Mohoawk
|-activate|p2a: Dracule Mohoawk|move: Protect
|move|p1b: Charizard|Weather Ball|p2b: Naga
|-activate|p2b: Naga|move: Protect
|
|upkeep
|turn|8
|inactive|baka rounin has 30 seconds left.
|
|t:|1784232115
|move|p2b: Naga|Protect|p2b: Naga
|-singleturn|p2b: Naga|Protect
|move|p1a: Basculegion|Aqua Jet|p2a: Dracule Mohoawk
|-damage|p2a: Dracule Mohoawk|0 fnt
|faint|p2a: Dracule Mohoawk
|move|p1b: Charizard|Weather Ball|p2b: Naga
|-activate|p2b: Naga|move: Protect
|
|upkeep
|
|t:|1784232125
|switch|p2a: Xebec|Tyranitar-Mega, L50, M, shiny|86/100
|-weather|Sandstorm|[from] ability: Sand Stream|[of] p2a: Xebec
|turn|9
|inactive|ssooner has 30 seconds left.
|
|t:|1784232151
|switch|p2a: Donnie Brasco|Excadrill, L50, M|100/100
|detailschange|p1b: Charizard|Charizard-Mega-Y, L50, M
|-mega|p1b: Charizard|Charizard|Charizardite Y
|-weather|SunnyDay|[from] ability: Drought|[of] p1b: Charizard
|move|p1a: Basculegion|Aqua Jet|p2b: Naga
|-resisted|p2b: Naga|1
|-damage|p2b: Naga|0 fnt
|faint|p2b: Naga
|move|p1b: Charizard|Solar Beam||[still]
|-prepare|p1b: Charizard|Solar Beam
|-anim|p1b: Charizard|Solar Beam|p2a: Donnie Brasco
|-damage|p2a: Donnie Brasco|31/100
|
|-weather|SunnyDay|[upkeep]
|-sideend|p1: ssooner|move: Tailwind
|upkeep
|
|t:|1784232164
|switch|p2b: Xebec|Tyranitar-Mega, L50, M, shiny|86/100
|-weather|Sandstorm|[from] ability: Sand Stream|[of] p2b: Xebec
|turn|10
|
|t:|1784232172
|move|p2a: Donnie Brasco|Protect|p2a: Donnie Brasco
|-singleturn|p2a: Donnie Brasco|Protect
|move|p1b: Charizard|Protect|p1b: Charizard
|-singleturn|p1b: Charizard|Protect
|move|p1a: Basculegion|Protect|p1a: Basculegion
|-singleturn|p1a: Basculegion|Protect
|move|p2b: Xebec|Knock Off|p1a: Basculegion
|-activate|p1a: Basculegion|move: Protect
|
|-weather|Sandstorm|[upkeep]
|-damage|p1b: Charizard|94/100|[from] Sandstorm
|-damage|p1a: Basculegion|94/100|[from] Sandstorm
|upkeep
|turn|11
|
|t:|1784232188
|move|p1a: Basculegion|Aqua Jet|p2a: Donnie Brasco
|-supereffective|p2a: Donnie Brasco|1
|-damage|p2a: Donnie Brasco|0 fnt
|faint|p2a: Donnie Brasco
|move|p1b: Charizard|Solar Beam||[still]
|-prepare|p1b: Charizard|Solar Beam
|move|p2b: Xebec|Knock Off|p1a: Basculegion
|-supereffective|p1a: Basculegion|1
|-damage|p1a: Basculegion|0 fnt
|-enditem|p1a: Basculegion|Mystic Water|[from] move: Knock Off|[of] p2b: Xebec
|faint|p1a: Basculegion
|
|-weather|Sandstorm|[upkeep]
|-damage|p1b: Charizard|88/100|[from] Sandstorm
|upkeep
|turn|12
|
|t:|1784232201
|move|p2b: Xebec|Protect|p2b: Xebec
|-singleturn|p2b: Xebec|Protect
|move|p1b: Charizard|Solar Beam|p2b: Xebec|[from] lockedmove
|-activate|p2b: Xebec|move: Protect
|
|-weather|Sandstorm|[upkeep]
|-damage|p1b: Charizard|82/100|[from] Sandstorm
|upkeep
|turn|13
|
|t:|1784232216
|move|p1b: Charizard|Heat Wave|p2b: Xebec
|-resisted|p2b: Xebec|1
|-damage|p2b: Xebec|70/100
|move|p2b: Xebec|Rock Slide|p1b: Charizard
|-supereffective|p1b: Charizard|2
|-damage|p1b: Charizard|0 fnt
|faint|p1b: Charizard
|
|win|baka rounin
|raw|ssooner's rating: 1116 → 1092(-24 for losing)
|raw|baka rounin's rating: 1123 → 1147(+24 for winning)
