|j|☆Rah999
|j|☆tera opsec
|html|Rah999tera opsec    
|uhtml|bestof|Game 1 of a best-of-3
|t:|1756964473
|gametype|doubles
|player|p1|Rah999|cynthia|1070
|player|p2|tera opsec|ogreclan|1040
|gen|9
|tier|[Gen 9] VGC 2025 Reg H (Bo3)
|rated|
|rule|Species Clause: Limit one of each Pokémon
|rule|Item Clause: Limit 1 of each item
|clearpoke
|poke|p1|Kingambit, L50, F|
|poke|p1|Dragapult, L50, F|
|poke|p1|Sneasler, L50, M|
|poke|p1|Primarina, L50, F|
|poke|p1|Rillaboom, L50, F|
|poke|p1|Magmar, L50, M|
|poke|p2|Gallade, L50, M|
|poke|p2|Indeedee-F, L50, F|
|poke|p2|Incineroar, L50, F|
|poke|p2|Amoonguss, L50, F|
|poke|p2|Rhyperior, L50, M|
|poke|p2|Milotic, L50, M|
|teampreview|4
|showteam|p1|Kingambit||BlackGlasses|Defiant|KowtowCleave,SuckerPunch,SwordsDance,Protect|||F|||50|,,,,,Ghost]Dragapult||ChoiceBand|ClearBody|DragonDarts,TeraBlast,PhantomForce,Uturn|||F|||50|,,,,,Ghost]Sneasler||FocusSash|Unburden|DireClaw,CloseCombat,FakeOut,Protect|||M|||50|,,,,,Stellar]Primarina||SitrusBerry|LiquidVoice|HyperVoice,Moonblast,Haze,Protect|||F|||50|,,,,,Water]Rillaboom||AssaultVest|GrassySurge|WoodHammer,GrassyGlide,FakeOut,HighHorsepower|||F|||50|,,,,,Fire]Magmar||Eviolite|VitalSpirit|Overheat,WillOWisp,FollowMe,Protect|||M|||50|,,,,,Ghost
|showteam|p2|Gallade||LifeOrb|Sharpness|WideGuard,PsychoCut,SacredSword,LeafBlade|||M|||50|,,,,,Ghost]Indeedee-F||PsychicSeed|PsychicSurge|FollowMe,TrickRoom,Imprison,AlluringVoice|||F|||50|,,,,,Fairy]Incineroar||SafetyGoggles|Intimidate|FakeOut,KnockOff,FlareBlitz,PartingShot|||F|||50|,,,,,Ghost]Amoonguss||SitrusBerry|EffectSpore|RagePowder,Spore,PollenPuff,ClearSmog|||F|||50|,,,,,Water]Rhyperior||ClearAmulet|SolidRock|Protect,HighHorsepower,RockSlide,HammerArm|||M|||50|,,,,,Grass]Milotic||Leftovers|Competitive|Recover,Coil,MuddyWater,IceBeam|||M|||50|,,,,,Dragon
|inactive|Battle timer is ON: inactive players will automatically lose when time's up. (requested by tera opsec)
|inactive|Rah999 has 60 seconds left.
|
|t:|1756964557
|teamsize|p1|4
|teamsize|p2|4
|start
|switch|p1a: Sneasler|Sneasler, L50, M|100/100
|switch|p1b: Dragapult|Dragapult, L50, F, shiny|100/100
|switch|p2a: Gallade|Gallade, L50, M, shiny|100/100
|switch|p2b: Indeedee|Indeedee-F, L50, F|100/100
|-fieldstart|move: Psychic Terrain|[from] ability: Psychic Surge|[of] p2b: Indeedee
|-enditem|p2b: Indeedee|Psychic Seed
|-boost|p2b: Indeedee|spd|1|[from] item: Psychic Seed
|turn|1
|inactive|Rah999 has 30 seconds left.
|inactive|tera opsec has 30 seconds left.
|inactive|Rah999 has 20 seconds left.
|inactive|tera opsec has 20 seconds left.
|inactive|Rah999 has 15 seconds left.
|inactive|Rah999 has 10 seconds left.
|
|t:|1756964603
|switch|p1a: Rillaboom|Rillaboom, L50, F|100/100
|-fieldstart|move: Grassy Terrain|[from] ability: Grassy Surge|[of] p1a: Rillaboom
|move|p2b: Indeedee|Follow Me|p2b: Indeedee
|-singleturn|p2b: Indeedee|move: Follow Me
|move|p1b: Dragapult|U-turn|p2b: Indeedee
|-supereffective|p2b: Indeedee
|-damage|p2b: Indeedee|28/100
|
|t:|1756964614
|switch|p1b: Sneasler|Sneasler, L50, M|100/100|[from] U-turn
|move|p2a: Gallade|Psycho Cut|p1b: Sneasler
|-supereffective|p1b: Sneasler
|-enditem|p1b: Sneasler|Focus Sash
|-damage|p1b: Sneasler|1/100
|-damage|p2a: Gallade|91/100|[from] item: Life Orb
|
|-heal|p1b: Sneasler|7/100|[from] Grassy Terrain
|-heal|p2b: Indeedee|34/100|[from] Grassy Terrain
|-heal|p2a: Gallade|96/100|[from] Grassy Terrain
|upkeep
|turn|2
|inactive|Rah999 has 30 seconds left.
|
|t:|1756964641
|-terastallize|p2a: Gallade|Ghost
|move|p1a: Rillaboom|Fake Out|p2b: Indeedee
|-damage|p2b: Indeedee|22/100
|move|p1b: Sneasler|Dire Claw|p2a: Gallade
|-resisted|p2a: Gallade
|-damage|p2a: Gallade|65/100
|-status|p2a: Gallade|psn
|move|p2a: Gallade|Psycho Cut|p1b: Sneasler
|-supereffective|p1b: Sneasler
|-crit|p1b: Sneasler
|-damage|p1b: Sneasler|0 fnt
|faint|p1b: Sneasler
|-damage|p2a: Gallade|55/100 psn|[from] item: Life Orb
|cant|p2b: Indeedee|flinch
|
|-heal|p2b: Indeedee|28/100|[from] Grassy Terrain
|-heal|p2a: Gallade|61/100 psn|[from] Grassy Terrain
|-damage|p2a: Gallade|49/100 psn|[from] psn
|upkeep
|inactive|Rah999 has 30 seconds left.
|
|t:|1756964668
|switch|p1b: Primarina|Primarina, L50, F|100/100
|turn|3
|
|t:|1756964682
|move|p1b: Primarina|Protect|p1b: Primarina
|-singleturn|p1b: Primarina|Protect
|move|p2a: Gallade|Wide Guard|p2a: Gallade
|-singleturn|p2a: Gallade|Wide Guard
|move|p1a: Rillaboom|Grassy Glide|p2a: Gallade
|-damage|p2a: Gallade|0 fnt
|faint|p2a: Gallade
|move|p2b: Indeedee|Trick Room|p2b: Indeedee
|-fieldstart|move: Trick Room|[of] p2b: Indeedee
|
|-heal|p2b: Indeedee|34/100|[from] Grassy Terrain
|upkeep
|
|t:|1756964691
|switch|p2a: Rhyperior|Rhyperior, L50, M|100/100
|turn|4
|inactive|Rah999 has 30 seconds left.
|inactive|tera opsec has 30 seconds left.
|inactive|Rah999 has 20 seconds left.
|
|t:|1756964728
|switch|p2b: Incineroar|Incineroar, L50, F|100/100
|-ability|p2b: Incineroar|Intimidate|boost
|-unboost|p1a: Rillaboom|atk|1
|-unboost|p1b: Primarina|atk|1
|-terastallize|p1b: Primarina|Water
|move|p1a: Rillaboom|Grassy Glide|p2a: Rhyperior
|-supereffective|p2a: Rhyperior
|-damage|p2a: Rhyperior|46/100
|move|p2a: Rhyperior|Rock Slide|p1b: Primarina|[spread] p1a,p1b
|-damage|p1a: Rillaboom|66/100
|-damage|p1b: Primarina|69/100
|move|p1b: Primarina|Hyper Voice|p2a: Rhyperior|[spread] p2a,p2b
|-supereffective|p2a: Rhyperior
|-supereffective|p2b: Incineroar
|-damage|p2a: Rhyperior|0 fnt
|-damage|p2b: Incineroar|37/100
|faint|p2a: Rhyperior
|
|-heal|p2b: Incineroar|43/100|[from] Grassy Terrain
|-heal|p1b: Primarina|75/100|[from] Grassy Terrain
|-heal|p1a: Rillaboom|73/100|[from] Grassy Terrain
|upkeep
|
|t:|1756964743
|switch|p2a: Indeedee|Indeedee-F, L50, F|34/100
|-fieldstart|move: Psychic Terrain|[from] ability: Psychic Surge|[of] p2a: Indeedee
|turn|5
|
|t:|1756964760
|switch|p1a: Dragapult|Dragapult, L50, F, shiny|100/100
|move|p1b: Primarina|Protect|p1b: Primarina
|-singleturn|p1b: Primarina|Protect
|move|p2b: Incineroar|Flare Blitz|p1a: Dragapult
|-resisted|p1a: Dragapult
|-damage|p1a: Dragapult|71/100
|-damage|p2b: Incineroar|35/100|[from] Recoil
|move|p2a: Indeedee|Alluring Voice|p1a: Dragapult
|-supereffective|p1a: Dragapult
|-damage|p1a: Dragapult|23/100
|
|upkeep
|turn|6
|inactive|Rah999 has 30 seconds left.
|
|t:|1756964789
|move|p2b: Incineroar|Knock Off|p1b: Primarina
|-damage|p1b: Primarina|36/100
|-enditem|p1b: Primarina|Sitrus Berry|[from] move: Knock Off|[of] p2b: Incineroar
|move|p1b: Primarina|Hyper Voice|p2b: Incineroar|[spread] p2a,p2b
|-supereffective|p2b: Incineroar
|-damage|p2a: Indeedee|0 fnt
|-damage|p2b: Incineroar|0 fnt
|faint|p2a: Indeedee
|faint|p2b: Incineroar
|
|win|Rah999
|inactive|Rah999 has 30 seconds to confirm battle start!
|inactive|tera opsec has 30 seconds to confirm battle start!
||tera opsec is ready for game 2.
||Rah999 is ready for game 2.
|uhtml|next|Next: Game 2 of 3
