|j|☆Youax55
|j|☆morphiusdoorphius
|html|Youax55morphiusdoorphius    
|uhtml|bestof|Game 1 of a best-of-3
|t:|1783641123
|gametype|doubles
|player|p1|Youax55|nate|
|player|p2|morphiusdoorphius|2|
|gen|9
|tier|[Gen 9 Champions] VGC 2026 Reg M-B (Bo3)
|rule|Species Clause: Limit one of each Pokémon
|rule|Item Clause: Limit 1 of each item
|clearpoke
|poke|p1|Arcanine-Hisui, L50, M|
|poke|p1|Pidgeot, L50, F|
|poke|p1|Weavile, L50, M|
|poke|p1|Ariados, L50, M|
|poke|p1|Hawlucha, L50, F|
|poke|p1|Vanilluxe, L50, M|
|poke|p2|Charizard, L50, F|
|poke|p2|Talonflame, L50, F|
|poke|p2|Primarina, L50, M|
|poke|p2|Kingambit, L50, M|
|poke|p2|Kleavor, L50, F|
|poke|p2|Scrafty, L50, M|
|teampreview|4
|showteam|p1|Arcanine-Hisui||MuscleBand|Intimidate|RockSlide,ExtremeSpeed,FlareBlitz,Protect|Jolly||M|||50|]Pidgeot||Pidgeotite|BigPecks|Hurricane,HeatWave,Tailwind,Protect|Modest||F|||50|]Weavile||FocusSash|Pressure|FakeOut,KnockOff,TripleAxel,Protect|Jolly||M|||50|]Ariados||ChartiBerry|Insomnia|RagePowder,StringShot,SuckerPunch,Protect|Impish||M|||50|]Hawlucha||Hawluchanite|Limber|Entrainment,Protect,DrainPunch,DualWingbeat|Jolly||F|||50|]Vanilluxe||ChoiceScarf|SnowWarning|FlashCannon,Blizzard,IcyWind,SheerCold|Bold||M|||50|
|showteam|p2|Charizard||CharizarditeY|Blaze|HeatWave,Protect,WeatherBall,SolarBeam|Modest||F|||50|]Talonflame||FocusSash|GaleWings|Tailwind,Protect,FlareBlitz,BraveBird|Jolly||F|||50|]Primarina||MysticWater|LiquidVoice|IceBeam,Moonblast,Protect,HyperVoice|Naive||M|||50|]Kingambit||ChopleBerry|Defiant|IronHead,Protect,SuckerPunch,SwordsDance|Adamant||M|||50|]Kleavor||WideLens|Sharpness|StoneAxe,XScissor,RockSlide,Protect|Adamant||F|||50|]Scrafty||Scraftinite|Intimidate|SuperFang,FakeOut,Protect,CloseCombat|Adamant||M|||50|
|j| clare_chan1738
|j| budster16
|
|t:|1783641181
|teamsize|p1|4
|teamsize|p2|4
|start
|switch|p1a: Arcanine|Arcanine-Hisui, L50, M|100/100
|switch|p1b: Pidgeot|Pidgeot, L50, F|100/100
|switch|p2a: Talonflame|Talonflame, L50, F|100/100
|switch|p2b: Kleavor|Kleavor, L50, F|100/100
|-ability|p1a: Arcanine|Intimidate|boost
|-unboost|p2a: Talonflame|atk|1
|-unboost|p2b: Kleavor|atk|1
|turn|1
|j| InfiniKnight
|
|t:|1783641230
|detailschange|p1b: Pidgeot|Pidgeot-Mega, L50, F
|-mega|p1b: Pidgeot|Pidgeot|Pidgeotite
|move|p2a: Talonflame|Tailwind|p2a: Talonflame
|-sidestart|p2: morphiusdoorphius|move: Tailwind
|move|p2b: Kleavor|Stone Axe|p1b: Pidgeot
|-supereffective|p1b: Pidgeot|1
|-damage|p1b: Pidgeot|3/100
|-sidestart|p1: Youax55|move: Stealth Rock
|move|p1b: Pidgeot|Tailwind|p1b: Pidgeot
|-sidestart|p1: Youax55|move: Tailwind
|move|p1a: Arcanine|Rock Slide|p2a: Talonflame|[spread] p2a,p2b
|-supereffective|p2a: Talonflame|2
|-supereffective|p2b: Kleavor|1
|-enditem|p2a: Talonflame|Focus Sash
|-damage|p2a: Talonflame|1/100
|-damage|p2b: Kleavor|29/100
|
|upkeep
|turn|2
|
|t:|1783641261
|move|p2a: Talonflame|Protect|p2a: Talonflame
|-singleturn|p2a: Talonflame|Protect
|move|p1a: Arcanine|Extreme Speed|p2a: Talonflame
|-activate|p2a: Talonflame|move: Protect
|move|p1b: Pidgeot|Hurricane|p2b: Kleavor
|-crit|p2b: Kleavor
|-damage|p2b: Kleavor|0 fnt
|faint|p2b: Kleavor
|
|upkeep
|
|t:|1783641272
|switch|p2b: Scrafty|Scrafty, L50, M|100/100
|-ability|p2b: Scrafty|Intimidate|boost
|-unboost|p1a: Arcanine|atk|1
|-unboost|p1b: Pidgeot|atk|1
|turn|3
|
|t:|1783641301
|switch|p2a: Charizard|Charizard, L50, F|100/100
|move|p1b: Pidgeot|Protect|p1b: Pidgeot
|-singleturn|p1b: Pidgeot|Protect
|move|p1a: Arcanine|Extreme Speed|p2a: Charizard
|-damage|p2a: Charizard|75/100
|move|p2b: Scrafty|Close Combat|p1a: Arcanine
|-supereffective|p1a: Arcanine|1
|-damage|p1a: Arcanine|0 fnt
|-unboost|p2b: Scrafty|def|1
|-unboost|p2b: Scrafty|spd|1
|faint|p1a: Arcanine
|
|upkeep
|
|t:|1783641314
|switch|p1a: Ariados|Ariados, L50, M|100/100
|-damage|p1a: Ariados|75/100|[from] Stealth Rock
|turn|4
|
|t:|1783641382
|detailschange|p2a: Charizard|Charizard-Mega-Y, L50, F
|-mega|p2a: Charizard|Charizard|Charizardite Y
|-weather|SunnyDay|[from] ability: Drought|[of] p2a: Charizard
|move|p2b: Scrafty|Protect|p2b: Scrafty
|-singleturn|p2b: Scrafty|Protect
|move|p1a: Ariados|Sucker Punch|p2a: Charizard
|-damage|p2a: Charizard|54/100
|move|p1b: Pidgeot|Hurricane|p2b: Scrafty
|-activate|p2b: Scrafty|move: Protect
|move|p2a: Charizard|Heat Wave|p1a: Ariados|[spread] p1a,p1b
|-supereffective|p1a: Ariados|1
|-crit|p1a: Ariados
|-damage|p1a: Ariados|0 fnt
|-damage|p1b: Pidgeot|0 fnt
|faint|p1a: Ariados
|faint|p1b: Pidgeot
|
|-weather|SunnyDay|[upkeep]
|-sideend|p2: morphiusdoorphius|move: Tailwind
|-sideend|p1: Youax55|move: Tailwind
|upkeep
|
|t:|1783641389
|switch|p1b: Vanilluxe|Vanilluxe, L50, M|100/100
|-damage|p1b: Vanilluxe|75/100|[from] Stealth Rock
|-weather|Snowscape|[from] ability: Snow Warning|[of] p1b: Vanilluxe
|turn|5
|
|t:|1783641439
|switch|p2b: Talonflame|Talonflame, L50, F|1/100
|move|p2a: Charizard|Protect|p2a: Charizard
|-singleturn|p2a: Charizard|Protect
|move|p1b: Vanilluxe|Blizzard|p2b: Talonflame|[spread] p2b
|-activate|p2a: Charizard|move: Protect
|-damage|p2b: Talonflame|0 fnt
|faint|p2b: Talonflame
|
|-weather|Snowscape|[upkeep]
|upkeep
|
|t:|1783641451
|switch|p2b: Scrafty|Scrafty, L50, M|100/100
|-ability|p2b: Scrafty|Intimidate|boost
|-unboost|p1b: Vanilluxe|atk|1
|turn|6
|
|t:|1783641460
|move|p2b: Scrafty|Fake Out|p1b: Vanilluxe
|-damage|p1b: Vanilluxe|68/100
|cant|p1b: Vanilluxe|flinch
|move|p2a: Charizard|Heat Wave|p1b: Vanilluxe
|-supereffective|p1b: Vanilluxe|1
|-damage|p1b: Vanilluxe|0 fnt
|faint|p1b: Vanilluxe
|
|win|morphiusdoorphius
||Youax55 is ready for game 2.
||morphiusdoorphius is ready for game 2.
|uhtml|next|Next: Game 2 of 3
