|j|☆Twigy1
|j|☆Invoker Kuzan
|html|Twigy1Invoker Kuzan    
|uhtml|bestof|Game 1 of a best-of-3
|t:|1756341940
|gametype|doubles
|player|p1|Twigy1|raihan|1266
|player|p2|Invoker Kuzan|marnie-masters3|1283
|gen|9
|tier|[Gen 9] VGC 2025 Reg H (Bo3)
|rated|
|rule|Species Clause: Limit one of each Pokémon
|rule|Item Clause: Limit 1 of each item
|clearpoke
|poke|p1|Garchomp, L50, M|
|poke|p1|Dragonite, L50, M|
|poke|p1|Gholdengo, L50|
|poke|p1|Talonflame, L50, M|
|poke|p1|Primarina, L50, M|
|poke|p1|Tyranitar, L50, M|
|poke|p2|Indeedee-F, L50, F|
|poke|p2|Hatterene, L50, F|
|poke|p2|Gallade, L50, M|
|poke|p2|Ursaluna, L50, M|
|poke|p2|Lilligant-Hisui, L50, F|
|poke|p2|Torkoal, L50, M|
|teampreview|4
|showteam|p1|Garchomp||LifeOrb|RoughSkin|StompingTantrum,DragonClaw,Earthquake,Protect|||M|||50|,,,,,Ground]Dragonite||ChoiceBand|InnerFocus|ExtremeSpeed,StompingTantrum,IceSpinner,Outrage|||M|||50|,,,,,Normal]Gholdengo||ChoiceSpecs|GoodasGold|SteelBeam,ShadowBall,MakeItRain,Thunderbolt||||||50|,,,,,Steel]Talonflame||CovertCloak|GaleWings|BraveBird,Tailwind,FlareBlitz,WillOWisp|||M|||50|,,,,,Stellar]Primarina||MysticWater|LiquidVoice|Haze,HyperVoice,Moonblast,Protect|||M|||50|,,,,,Water]Tyranitar||AssaultVest|SandStream|RockSlide,TeraBlast,LowKick,KnockOff|||M|||50|,,,,,Flying
|showteam|p2|Indeedee-F||PsychicSeed|PsychicSurge|TrickRoom,FollowMe,HelpingHand,DazzlingGleam|||F|||50|,,,,,Fire]Hatterene||LifeOrb|MagicBounce|ExpandingForce,TrickRoom,DazzlingGleam,Protect|||F|||50|,,,,,Psychic]Gallade||ClearAmulet|Sharpness|PsychoCut,TrickRoom,SacredSword,WideGuard|||M|||50|,,,,,Grass]Ursaluna||FlameOrb|Guts|HeadlongRush,Facade,SwordsDance,Protect|||M|||50|,,,,,Ghost]Lilligant-Hisui||FocusSash|Chlorophyll|SolarBlade,SleepPowder,CloseCombat,AfterYou|||F|||50|,,,,,Ghost]Torkoal||ChoiceSpecs|Drought|Eruption,HeatWave,WeatherBall,EarthPower|||M|||50|,,,,,Fire
|inactive|Battle timer is ON: inactive players will automatically lose when time's up. (requested by Invoker Kuzan)
|inactive|Twigy1 has 60 seconds left.
|
|t:|1756341997
|teamsize|p1|4
|teamsize|p2|4
|start
|switch|p1a: Dragonite|Dragonite, L50, M|100/100
|switch|p1b: Tyranitar|Tyranitar, L50, M|100/100
|switch|p2a: Indeedee|Indeedee-F, L50, F, shiny|100/100
|switch|p2b: Gallade|Gallade, L50, M, shiny|100/100
|-weather|Sandstorm|[from] ability: Sand Stream|[of] p1b: Tyranitar
|-fieldstart|move: Psychic Terrain|[from] ability: Psychic Surge|[of] p2a: Indeedee
|-enditem|p2a: Indeedee|Psychic Seed
|-boost|p2a: Indeedee|spd|1|[from] item: Psychic Seed
|turn|1
|inactive|Twigy1 has 30 seconds left.
|
|t:|1756342030
|-terastallize|p1b: Tyranitar|Flying
|move|p2b: Gallade|Sacred Sword|p1b: Tyranitar
|-resisted|p1b: Tyranitar
|-damage|p1b: Tyranitar|66/100
|move|p1b: Tyranitar|Knock Off|p2a: Indeedee
|-supereffective|p2a: Indeedee
|-damage|p2a: Indeedee|28/100
|move|p1a: Dragonite|Outrage|p2b: Gallade
|-damage|p2b: Gallade|0 fnt
|faint|p2b: Gallade
|move|p2a: Indeedee|Trick Room|p2a: Indeedee
|-fieldstart|move: Trick Room|[of] p2a: Indeedee
|
|-weather|Sandstorm|[upkeep]
|-damage|p2a: Indeedee|22/100|[from] Sandstorm
|-damage|p1a: Dragonite|94/100|[from] Sandstorm
|-damage|p1b: Tyranitar|60/100|[from] Sandstorm
|upkeep
|
|t:|1756342038
|switch|p2b: Torkoal|Torkoal, L50, M, shiny|100/100
|-weather|SunnyDay|[from] ability: Drought|[of] p2b: Torkoal
|turn|2
|
|t:|1756342052
|switch|p1b: Primarina|Primarina, L50, M|100/100
|-terastallize|p2b: Torkoal|Fire
|move|p2a: Indeedee|Follow Me|p2a: Indeedee
|-singleturn|p2a: Indeedee|move: Follow Me
|move|p2b: Torkoal|Eruption|p1a: Dragonite|[spread] p1a,p1b
|-resisted|p1a: Dragonite
|-resisted|p1b: Primarina
|-damage|p1a: Dragonite|30/100
|-damage|p1b: Primarina|31/100
|move|p1a: Dragonite|Outrage|p2a: Indeedee|[from] lockedmove
|-damage|p2a: Indeedee|0 fnt
|faint|p2a: Indeedee
|
|-weather|SunnyDay|[upkeep]
|upkeep
|
|t:|1756342060
|switch|p2a: Ursaluna|Ursaluna, L50, M, shiny|100/100
|turn|3
|
|t:|1756342077
|move|p1b: Primarina|Protect|p1b: Primarina
|-singleturn|p1b: Primarina|Protect
|move|p2b: Torkoal|Eruption|p1b: Primarina|[spread] p1a
|-activate|p1b: Primarina|move: Protect
|-resisted|p1a: Dragonite
|-damage|p1a: Dragonite|0 fnt
|faint|p1a: Dragonite
|move|p2a: Ursaluna|Swords Dance|p2a: Ursaluna
|-boost|p2a: Ursaluna|atk|2
|
|-weather|SunnyDay|[upkeep]
|-status|p2a: Ursaluna|brn|[from] item: Flame Orb
|upkeep
|
|t:|1756342091
|switch|p1a: Tyranitar|Tyranitar, L50, M, tera:Flying|60/100
|-weather|Sandstorm|[from] ability: Sand Stream|[of] p1a: Tyranitar
|turn|4
|
|t:|1756342112
|move|p2b: Torkoal|Eruption|p1b: Primarina|[spread] p1a,p1b
|-resisted|p1b: Primarina
|-damage|p1a: Tyranitar|0 fnt
|-damage|p1b: Primarina|0 fnt
|faint|p1a: Tyranitar
|faint|p1b: Primarina
|move|p2a: Ursaluna|Facade|p1: Tyranitar|[notarget]
|-fail|p2a: Ursaluna
|
|-weather|Sandstorm|[upkeep]
|-damage|p2b: Torkoal|94/100|[from] Sandstorm
|-damage|p2a: Ursaluna|95/100 brn|[from] brn
|upkeep
|
|t:|1756342137
|switch|p1b: Gholdengo|Gholdengo, L50|100/100
|turn|5
|
|t:|1756342142
|move|p2b: Torkoal|Eruption|p1b: Gholdengo
|-supereffective|p1b: Gholdengo
|-damage|p1b: Gholdengo|0 fnt
|faint|p1b: Gholdengo
|
|win|Invoker Kuzan
||Invoker Kuzan is ready for game 2.
||Twigy1 is ready for game 2.
|uhtml|next|Next: Game 2 of 3
|l|☆Twigy1
|player|p1|
