|j|â˜†thegodli
|j|â˜†RedAllay
|html|thegodliRedAllay    
|uhtml|bestof|Game 2 of a best-of-3
|t:|1756744685
|gametype|doubles
|player|p1|thegodli|emmet|1020
|player|p2|RedAllay|gladion|1101
|gen|9
|tier|[Gen 9] VGC 2025 Reg H (Bo3)
|rated|
|rule|Species Clause: Limit one of each PokÃ©mon
|rule|Item Clause: Limit 1 of each item
|clearpoke
|poke|p1|Torkoal, L50, M|
|poke|p1|Lilligant-Hisui, L50, F|
|poke|p1|Indeedee-F, L50, F|
|poke|p1|Ursaluna, L50, M|
|poke|p1|Volcarona, L50, F|
|poke|p1|Dragonite, L50, M|
|poke|p2|Kilowattrel, L50, F|
|poke|p2|Farigiraf, L50, M|
|poke|p2|Ursaluna, L50, F|
|poke|p2|Whimsicott, L50, M|
|poke|p2|Mamoswine, L50, M|
|poke|p2|Volcarona, L50, M|
|teampreview|4
|showteam|p1|Torkoal||Charcoal|Drought|Eruption,WeatherBall,EarthPower,Protect|||M|||50|,,,,,Fire]Lilligant-Hisui||FocusSash|Chlorophyll|CloseCombat,LeafBlade,SleepPowder,AfterYou|||F|||50|,,,,,Grass]Indeedee-F||SafetyGoggles|PsychicSurge|FollowMe,TrickRoom,HelpingHand,Psychic|||F|||50|,,,,,Fairy]Ursaluna||FlameOrb|Guts|Facade,HeadlongRush,Protect,HammerArm|||M|||50|,,,,,Ghost]Volcarona||CovertCloak|FlameBody|QuiverDance,HeatWave,TeraBlast,Protect|||F|||50|,,,,,Fairy]Dragonite||LoadedDice|Multiscale|Protect,ScaleShot,Tailwind,Haze|||M|||50|,,,,,Fairy
|showteam|p2|Kilowattrel||ChoiceSpecs|Competitive|Thunderbolt,VoltSwitch,Discharge,Hurricane|||F|||50|,,,,,Electric]Farigiraf||SafetyGoggles|ArmorTail|PsychicNoise,TrickRoom,HelpingHand,Protect|||M|||50|,,,,,Water]Ursaluna||FlameOrb|Guts|Facade,HeadlongRush,Earthquake,Protect|||F|||50|,,,,,Poison]Whimsicott||MentalHerb|Prankster|Moonblast,Tailwind,Encore,FakeTears|||M|||50|,,,,,Ghost]Mamoswine||LifeOrb|Oblivious|IcicleCrash,Earthquake,KnockOff,Protect|||M|||50|,,,,,Water]Volcarona||Leftovers|FlameBody|FieryDance,BugBuzz,QuiverDance,Protect|||M|||50|,,,,,Grass
|inactive|Battle timer is ON: inactive players will automatically lose when time's up. (requested by RedAllay)
|
|t:|1756744713
|teamsize|p1|4
|teamsize|p2|4
|start
|switch|p1a: Oogway|Torkoal, L50, M|100/100
|switch|p1b: Lilli|Lilligant-Hisui, L50, F|100/100
|switch|p2a: Miraidon at home|Kilowattrel, L50, F|100/100
|switch|p2b: Whimsicott|Whimsicott, L50, M|100/100
|-weather|SunnyDay|[from] ability: Drought|[of] p1a: Oogway
|turn|1
|inactive|thegodli has 30 seconds left.
|
|t:|1756744740
|-terastallize|p2a: Miraidon at home|Electric
|-terastallize|p1a: Oogway|Fire
|move|p2b: Whimsicott|Tailwind|p2b: Whimsicott
|-sidestart|p2: RedAllay|move: Tailwind
|move|p2a: Miraidon at home|Thunderbolt|p1a: Oogway
|-damage|p1a: Oogway|0 fnt
|faint|p1a: Oogway
|move|p1b: Lilli|After You|p1: Oogway|[notarget]
|-fail|p1b: Lilli
|
|-weather|SunnyDay|[upkeep]
|upkeep
|
|t:|1756744761
|switch|p1a: Urs|Ursaluna, L50, M|100/100
|turn|2
|
|t:|1756744776
|move|p1a: Urs|Protect|p1a: Urs
|-singleturn|p1a: Urs|Protect
|move|p2a: Miraidon at home|Thunderbolt|p1b: Lilli
|-resisted|p1b: Lilli
|-damage|p1b: Lilli|34/100
|move|p2b: Whimsicott|Moonblast|p1b: Lilli
|-supereffective|p1b: Lilli
|-damage|p1b: Lilli|0 fnt
|faint|p1b: Lilli
|
|-weather|SunnyDay|[upkeep]
|-status|p1a: Urs|brn|[from] item: Flame Orb
|upkeep
|
|t:|1756744787
|switch|p1b: Queen Bee|Volcarona, L50, F|100/100
|turn|3
|
|t:|1756744800
|move|p2b: Whimsicott|Encore|p1a: Urs
|-start|p1a: Urs|Encore
|move|p2a: Miraidon at home|Thunderbolt|p1b: Queen Bee
|-damage|p1b: Queen Bee|30/100
|move|p1b: Queen Bee|Quiver Dance|p1b: Queen Bee
|-boost|p1b: Queen Bee|spa|1
|-boost|p1b: Queen Bee|spd|1
|-boost|p1b: Queen Bee|spe|1
|move|p1a: Urs|Protect||[still]
|-fail|p1a: Urs
|
|-weather|SunnyDay|[upkeep]
|-damage|p1a: Urs|95/100 brn|[from] brn
|upkeep
|turn|4
|
|t:|1756744820
|move|p1b: Queen Bee|Protect|p1b: Queen Bee
|-singleturn|p1b: Queen Bee|Protect
|move|p1a: Urs|Protect|p1a: Urs
|-singleturn|p1a: Urs|Protect
|move|p2b: Whimsicott|Encore|p1b: Queen Bee
|-activate|p1b: Queen Bee|move: Protect
|move|p2a: Miraidon at home|Thunderbolt|p1b: Queen Bee
|-activate|p1b: Queen Bee|move: Protect
|
|-weather|SunnyDay|[upkeep]
|-damage|p1a: Urs|89/100 brn|[from] brn
|-sideend|p2: RedAllay|move: Tailwind
|upkeep
|turn|5
|
|t:|1756744833
|move|p1a: Urs|Protect||[still]
|-fail|p1a: Urs
|move|p2b: Whimsicott|Encore|p1b: Queen Bee
|-start|p1b: Queen Bee|Encore
|move|p1b: Queen Bee|Protect||[still]
|-fail|p1b: Queen Bee
|move|p2a: Miraidon at home|Thunderbolt|p1b: Queen Bee
|-damage|p1b: Queen Bee|0 fnt
|faint|p1b: Queen Bee
|
|-weather|none
|-damage|p1a: Urs|83/100 brn|[from] brn
|-end|p1a: Urs|Encore
|upkeep
|turn|6
|
|t:|1756744857
|switch|p2a: Mamoswine|Mamoswine, L50, M|100/100
|move|p2b: Whimsicott|Encore|p1a: Urs
|-start|p1a: Urs|Encore
|move|p1a: Urs|Protect||[still]
|-fail|p1a: Urs
|
|-damage|p1a: Urs|77/100 brn|[from] brn
|upkeep
|turn|7
|c|â˜†thegodli|ohgod
|c|â˜†RedAllay|Kilowattrel is so op
|inactive|thegodli has 30 seconds left.
|inactive|thegodli has 20 seconds left.
|inactive|thegodli has 15 seconds left.
|inactive|thegodli has 10 seconds left.
|inactive|thegodli has 5 seconds left.
|
|t:|1756744913
|move|p1a: Urs|Protect|p1a: Urs
|-singleturn|p1a: Urs|Protect
|move|p2b: Whimsicott|Tailwind|p2b: Whimsicott
|-sidestart|p2: RedAllay|move: Tailwind
|move|p2a: Mamoswine|Icicle Crash|p1a: Urs
|-activate|p1a: Urs|move: Protect
|
|-damage|p1a: Urs|71/100 brn|[from] brn
|upkeep
|turn|8
|c|â˜†RedAllay|Its miraidon but bad
|c|â˜†thegodli|gg
|inactive|thegodli has 30 seconds left.
|c|â˜†RedAllay|GG
|
|t:|1756744940
|move|p1a: Urs|Protect||[still]
|-fail|p1a: Urs
|move|p2b: Whimsicott|Moonblast|p1a: Urs
|-damage|p1a: Urs|45/100 brn
|-unboost|p1a: Urs|spa|1
|move|p2a: Mamoswine|Icicle Crash|p1a: Urs
|-supereffective|p1a: Urs
|-damage|p1a: Urs|0 fnt
|faint|p1a: Urs
|-damage|p2a: Mamoswine|90/100|[from] item: Life Orb
|
|win|RedAllay
||thegodli is ready for game 3.
||RedAllay is ready for game 3.
|uhtml|next|Next: Game 3 of 3
|l|â˜†thegodli
|player|p1|
