|j|☆zachlobbed
|j|☆sig.kire
|html|zachlobbedsig.kire    
|uhtml|bestof|Game 2 of a best-of-3
|t:|1784490092
|gametype|doubles
|player|p1|zachlobbed|brock|1232
|player|p2|sig.kire|ghetsis-gen5bw|1156
|gen|9
|tier|[Gen 9 Champions] VGC 2026 Reg M-B (Bo3)
|rated|
|rule|Species Clause: Limit one of each Pokémon
|rule|Item Clause: Limit 1 of each item
|clearpoke
|poke|p1|Charizard, L50, F|
|poke|p1|Floette-Eternal, L50, F|
|poke|p1|Whimsicott, L50, F|
|poke|p1|Garchomp, L50, F|
|poke|p1|Basculegion, L50, M|
|poke|p1|Kingambit, L50, M|
|poke|p2|Delphox, L50, M|
|poke|p2|Staraptor, L50, M|
|poke|p2|Whimsicott, L50, M|
|poke|p2|Garchomp, L50, M|
|poke|p2|Maushold, L50|
|poke|p2|Sinistcha, L50|
|teampreview|4
|showteam|p1|Charizard||CharizarditeY|Blaze|Protect,HeatWave,SolarBeam,WeatherBall|Modest||F|||50|]Floette-Eternal||Floettite|FlowerVeil|Protect,LightofRuin,Moonblast,DazzlingGleam|Timid||F|||50|]Whimsicott||FocusSash|Prankster|Protect,Tailwind,Moonblast,Encore|Timid||F|||50|]Garchomp||LifeOrb|RoughSkin|Protect,DragonClaw,Earthquake,RockSlide|Jolly||F|||50|]Basculegion||MysticWater|Adaptability|Protect,AquaJet,WaveCrash,LastRespects|Adamant||M|||50|]Kingambit||BlackGlasses|Defiant|Protect,LowKick,SuckerPunch,KowtowCleave|Adamant||M|||50|
|showteam|p2|Delphox||Delphoxite|Blaze|HeatWave,NastyPlot,Psyshock,Protect|Timid||M|||50|]Staraptor||Staraptite|Intimidate|CloseCombat,Protect,BraveBird,QuickAttack|Jolly||M|||50|]Whimsicott||FocusSash|Prankster|Tailwind,Charm,Moonblast,Protect|Bold||M|||50|]Garchomp||LifeOrb|RoughSkin|Earthquake,RockSlide,Protect,PoisonJab|Jolly||M|||50|]Maushold||ChopleBerry|FriendGuard|Feint,FollowMe,HelpingHand,Protect|Jolly|||||50|]Sinistcha||KasibBerry|Hospitality|MatchaGotcha,LifeDew,Protect,RagePowder|Bold|||||50|
|inactive|Battle timer is ON: inactive players will automatically lose when time's up. (requested by zachlobbed)
|
|t:|1784490102
|teamsize|p1|4
|teamsize|p2|4
|start
|switch|p1a: Whimsicott|Whimsicott, L50, F|100/100
|switch|p1b: Basculegion|Basculegion, L50, M|100/100
|switch|p2a: Staraptor|Staraptor, L50, M|100/100
|switch|p2b: Whimsicott|Whimsicott, L50, M|100/100
|-ability|p2a: Staraptor|Intimidate|boost
|-unboost|p1a: Whimsicott|atk|1
|-unboost|p1b: Basculegion|atk|1
|turn|1
|
|t:|1784490115
|detailschange|p2a: Staraptor|Staraptor-Mega, L50, M
|-mega|p2a: Staraptor|Staraptor|Staraptite
|move|p1a: Whimsicott|Tailwind|p1a: Whimsicott
|-sidestart|p1: zachlobbed|move: Tailwind
|move|p2b: Whimsicott|Charm|p2a: Staraptor
|-boost|p2a: Staraptor|atk|2
|move|p1b: Basculegion|Wave Crash|p2a: Staraptor
|-damage|p2a: Staraptor|30/100
|-damage|p1b: Basculegion|81/100|[from] Recoil
|move|p2a: Staraptor|Brave Bird|p1b: Basculegion
|-damage|p1b: Basculegion|0 fnt
|faint|p1b: Basculegion
|-damage|p2a: Staraptor|0 fnt|[from] Recoil
|faint|p2a: Staraptor
|
|upkeep
|
|t:|1784490124
|switch|p2a: Garchomp|Garchomp, L50, M|100/100
|switch|p1b: Charizard|Charizard, L50, F|100/100
|turn|2
|
|t:|1784490132
|switch|p1b: Garchomp|Garchomp, L50, F|100/100
|switch|p2b: Sinistcha|Sinistcha, L50|100/100
|move|p1a: Whimsicott|Encore||[still]
|-fail|p1a: Whimsicott
|move|p2a: Garchomp|Rock Slide|p1a: Whimsicott|[spread] p1a,p1b
|-crit|p1a: Whimsicott
|-resisted|p1b: Garchomp|1
|-damage|p1a: Whimsicott|48/100
|-damage|p1b: Garchomp|88/100
|-damage|p2a: Garchomp|90/100|[from] item: Life Orb
|
|upkeep
|turn|3
|
|t:|1784490150
|switch|p1b: Charizard|Charizard, L50, F|100/100
|move|p2b: Sinistcha|Rage Powder|p2b: Sinistcha
|-singleturn|p2b: Sinistcha|move: Rage Powder
|move|p1a: Whimsicott|Encore|p2a: Garchomp
|-start|p2a: Garchomp|Encore
|move|p2a: Garchomp|Rock Slide|p1b: Charizard|[spread] p1a
|-miss|p2a: Garchomp|p1b: Charizard
|-damage|p1a: Whimsicott|10/100
|-damage|p2a: Garchomp|80/100|[from] item: Life Orb
|
|upkeep
|turn|4
|
|t:|1784490168
|detailschange|p1b: Charizard|Charizard-Mega-Y, L50, F
|-mega|p1b: Charizard|Charizard|Charizardite Y
|-weather|SunnyDay|[from] ability: Drought|[of] p1b: Charizard
|move|p2b: Sinistcha|Protect|p2b: Sinistcha
|-singleturn|p2b: Sinistcha|Protect
|move|p1a: Whimsicott|Moonblast|p2a: Garchomp
|-supereffective|p2a: Garchomp|1
|-damage|p2a: Garchomp|0 fnt
|faint|p2a: Garchomp
|move|p1b: Charizard|Heat Wave|p2b: Sinistcha
|-activate|p2b: Sinistcha|move: Protect
|
|-weather|SunnyDay|[upkeep]
|-sideend|p1: zachlobbed|move: Tailwind
|upkeep
|
|t:|1784490175
|switch|p2a: Whimsicott|Whimsicott, L50, M|100/100
|turn|5
|-message|sig.kire forfeited.
|
|win|zachlobbed
