|j|☆Richiskz
|j|☆shakyturtle
|html|Richiskzshakyturtle    
|uhtml|bestof|Game 3 of a best-of-3
|t:|1757779322
|gametype|doubles
|player|p1|Richiskz|byron|1114
|player|p2|shakyturtle|blaine|1013
|gen|9
|tier|[Gen 9] VGC 2025 Reg H (Bo3)
|rated|
|rule|Species Clause: Limit one of each Pokémon
|rule|Item Clause: Limit 1 of each item
|clearpoke
|poke|p1|Archaludon, L50, M|
|poke|p1|Maushold-Four, L50|
|poke|p1|Pelipper, L50, M|
|poke|p1|Sinistcha, L50|
|poke|p1|Incineroar, L50, F|
|poke|p1|Annihilape, L50, F|
|poke|p2|Archaludon, L50, M|
|poke|p2|Pelipper, L50, F|
|poke|p2|Annihilape, L50, F|
|poke|p2|Incineroar, L50, F|
|poke|p2|Grimmsnarl, L50, M|
|poke|p2|Gogoat, L50, M|
|teampreview|4
|showteam|p1|Archaludon||AssaultVest|Stamina|ElectroShot,DracoMeteor,BodyPress,Snarl|||M|||50|,,,,,Bug]Maushold-Four||CovertCloak|FriendGuard|BeatUp,Taunt,FollowMe,Protect||||||50|,,,,,Ghost]Pelipper||MentalHerb|Drizzle|WeatherBall,Hurricane,WideGuard,Protect|||M|||50|,,,,,Steel]Sinistcha||SitrusBerry|Hospitality|MatchaGotcha,LifeDew,RagePowder,TrickRoom||||||50|,,,,,Fire]Incineroar||SafetyGoggles|Intimidate|FlareBlitz,KnockOff,PartingShot,FakeOut|||F|||50|,,,,,Ghost]Annihilape||Leftovers|Defiant|RageFist,DrainPunch,BulkUp,Protect|||F|||50|,,,,,Water
|showteam|p2|Archaludon||AssaultVest|Stamina|DragonPulse,FlashCannon,ElectroShot,BodyPress|||M|||50|,,,,,Flying]Pelipper||FocusSash|Drizzle|Protect,Tailwind,WeatherBall,Hurricane|||F|||50|,,,,,Poison]Annihilape||Leftovers|Defiant|Protect,BulkUp,DrainPunch,RageFist|||F|||50|,,,,,Fire]Incineroar||SafetyGoggles|Intimidate|FlareBlitz,FakeOut,KnockOff,PartingShot|||F|||50|,,,,,Dragon]Grimmsnarl||LightClay|Prankster|SpiritBreak,LightScreen,Reflect,PartingShot|||M|||50|,,,,,Steel]Gogoat||FigyBerry|SapSipper|Protect,BulkUp,HighHorsepower,HornLeech|||M|||50|,,,,,Water
|inactive|Battle timer is ON: inactive players will automatically lose when time's up. (requested by shakyturtle)
|inactive|Richiskz also wants the timer to be on.
|
|t:|1757779329
|teamsize|p1|4
|teamsize|p2|4
|start
|switch|p1a: Maushold|Maushold-Four, L50, shiny|100/100
|switch|p1b: Archaludon|Archaludon, L50, M, shiny|100/100
|switch|p2a: Annihilape|Annihilape, L50, F|100/100
|switch|p2b: Grimmsnarl|Grimmsnarl, L50, M|100/100
|turn|1
|inactive|Richiskz has 30 seconds left.
|
|t:|1757779359
|-terastallize|p1b: Archaludon|Bug
|move|p2b: Grimmsnarl|Light Screen|p2b: Grimmsnarl
|-sidestart|p2: shakyturtle|move: Light Screen
|move|p1b: Archaludon|Body Press|p2b: Grimmsnarl
|-damage|p2b: Grimmsnarl|76/100
|move|p1a: Maushold|Beat Up|p1b: Archaludon
|-damage|p1b: Archaludon|99/100
|-ability|p1b: Archaludon|Stamina|boost
|-boost|p1b: Archaludon|def|1
|-damage|p1b: Archaludon|98/100
|-ability|p1b: Archaludon|Stamina|boost
|-boost|p1b: Archaludon|def|1
|-damage|p1b: Archaludon|97/100
|-ability|p1b: Archaludon|Stamina|boost
|-boost|p1b: Archaludon|def|1
|-damage|p1b: Archaludon|97/100
|-ability|p1b: Archaludon|Stamina|boost
|-boost|p1b: Archaludon|def|1
|-hitcount|p1b: Archaludon|4
|move|p2a: Annihilape|Bulk Up|p2a: Annihilape
|-boost|p2a: Annihilape|atk|1
|-boost|p2a: Annihilape|def|1
|
|upkeep
|turn|2
|inactive|Richiskz has 30 seconds left.
|
|t:|1757779387
|switch|p1a: Pelipper|Pelipper, L50, M, shiny|100/100
|-weather|RainDance|[from] ability: Drizzle|[of] p1a: Pelipper
|move|p2b: Grimmsnarl|Reflect|p2b: Grimmsnarl
|-sidestart|p2: shakyturtle|Reflect
|move|p1b: Archaludon|Electro Shot||[still]
|-prepare|p1b: Archaludon|Electro Shot
|-boost|p1b: Archaludon|spa|1
|-anim|p1b: Archaludon|Electro Shot|p2a: Annihilape
|-damage|p2a: Annihilape|67/100
|move|p2a: Annihilape|Drain Punch|p1a: Pelipper
|-resisted|p1a: Pelipper
|-damage|p1a: Pelipper|66/100
|-heal|p2a: Annihilape|82/100|[from] drain|[of] p1a: Pelipper
|
|-weather|RainDance|[upkeep]
|-heal|p2a: Annihilape|88/100|[from] item: Leftovers
|upkeep
|turn|3
|
|t:|1757779408
|move|p2a: Annihilape|Protect|p2a: Annihilape
|-singleturn|p2a: Annihilape|Protect
|move|p2b: Grimmsnarl|Parting Shot|p1b: Archaludon
|-unboost|p1b: Archaludon|atk|1
|-unboost|p1b: Archaludon|spa|1
|
|t:|1757779417
|switch|p2b: Archaludon|Archaludon, L50, M|100/100|[from] Parting Shot
|move|p1b: Archaludon|Electro Shot||[still]
|-prepare|p1b: Archaludon|Electro Shot
|-boost|p1b: Archaludon|spa|1
|-anim|p1b: Archaludon|Electro Shot|p2a: Annihilape
|-activate|p2a: Annihilape|move: Protect
|move|p1a: Pelipper|Hurricane|p2a: Annihilape
|-activate|p2a: Annihilape|move: Protect
|
|-weather|RainDance|[upkeep]
|-heal|p2a: Annihilape|94/100|[from] item: Leftovers
|upkeep
|turn|4
|inactive|shakyturtle has 30 seconds left.
|inactive|shakyturtle has 20 seconds left.
|
|t:|1757779453
|-terastallize|p2b: Archaludon|Flying
|move|p1b: Archaludon|Electro Shot||[still]
|-prepare|p1b: Archaludon|Electro Shot
|-boost|p1b: Archaludon|spa|1
|-anim|p1b: Archaludon|Electro Shot|p2a: Annihilape
|-damage|p2a: Annihilape|46/100
|move|p2a: Annihilape|Rage Fist|p1a: Pelipper
|-damage|p1a: Pelipper|0 fnt
|faint|p1a: Pelipper
|move|p2b: Archaludon|Electro Shot||[still]
|-prepare|p2b: Archaludon|Electro Shot
|-boost|p2b: Archaludon|spa|1
|-anim|p2b: Archaludon|Electro Shot|p1b: Archaludon
|-damage|p1b: Archaludon|31/100
|-ability|p1b: Archaludon|Stamina|boost
|-boost|p1b: Archaludon|def|1
|
|-weather|RainDance|[upkeep]
|-heal|p2a: Annihilape|52/100|[from] item: Leftovers
|upkeep
|
|t:|1757779472
|switch|p1a: Sinistcha|Sinistcha, L50, shiny|100/100
|-heal|p1b: Archaludon|56/100|[from] ability: Hospitality|[of] p1a: Sinistcha
|turn|5
|
|t:|1757779495
|move|p1b: Archaludon|Electro Shot||[still]
|-prepare|p1b: Archaludon|Electro Shot
|-boost|p1b: Archaludon|spa|1
|-anim|p1b: Archaludon|Electro Shot|p2b: Archaludon
|-supereffective|p2b: Archaludon
|-damage|p2b: Archaludon|0 fnt
|faint|p2b: Archaludon
|move|p2a: Annihilape|Rage Fist|p1a: Sinistcha
|-supereffective|p1a: Sinistcha
|-damage|p1a: Sinistcha|0 fnt
|faint|p1a: Sinistcha
|
|-weather|RainDance|[upkeep]
|-heal|p2a: Annihilape|59/100|[from] item: Leftovers
|upkeep
|
|t:|1757779507
|switch|p2b: Gogoat|Gogoat, L50, M|100/100
|switch|p1a: Maushold|Maushold-Four, L50, shiny|100/100
|turn|6
|
|t:|1757779521
|move|p2a: Annihilape|Protect|p2a: Annihilape
|-singleturn|p2a: Annihilape|Protect
|move|p1a: Maushold|Follow Me|p1a: Maushold
|-singleturn|p1a: Maushold|move: Follow Me
|move|p1b: Archaludon|Electro Shot||[still]
|-prepare|p1b: Archaludon|Electro Shot
|-boost|p1b: Archaludon|spa|1
|-anim|p1b: Archaludon|Electro Shot|p2a: Annihilape
|-activate|p2a: Annihilape|move: Protect
|move|p2b: Gogoat|Bulk Up|p2b: Gogoat
|-boost|p2b: Gogoat|atk|1
|-boost|p2b: Gogoat|def|1
|
|-weather|none
|-heal|p2a: Annihilape|65/100|[from] item: Leftovers
|upkeep
|turn|7
|
|t:|1757779540
|move|p1a: Maushold|Follow Me|p1a: Maushold
|-singleturn|p1a: Maushold|move: Follow Me
|move|p1b: Archaludon|Draco Meteor|p2a: Annihilape
|-damage|p2a: Annihilape|0 fnt
|-unboost|p1b: Archaludon|spa|2
|faint|p2a: Annihilape
|move|p2b: Gogoat|Bulk Up|p2b: Gogoat
|-boost|p2b: Gogoat|atk|1
|-boost|p2b: Gogoat|def|1
|
|upkeep
|
|t:|1757779545
|switch|p2a: Grimmsnarl|Grimmsnarl, L50, M|76/100
|turn|8
|
|t:|1757779565
|move|p1a: Maushold|Follow Me|p1a: Maushold
|-singleturn|p1a: Maushold|move: Follow Me
|move|p2a: Grimmsnarl|Parting Shot|p1a: Maushold
|-unboost|p1a: Maushold|atk|1
|-unboost|p1a: Maushold|spa|1
|move|p1b: Archaludon|Draco Meteor|p2b: Gogoat|[miss]
|-miss|p1b: Archaludon|p2b: Gogoat
|move|p2b: Gogoat|Horn Leech|p1a: Maushold
|-damage|p1a: Maushold|39/100
|
|-sideend|p2: shakyturtle|move: Light Screen
|upkeep
|turn|9
|
|t:|1757779584
|move|p1a: Maushold|Follow Me|p1a: Maushold
|-singleturn|p1a: Maushold|move: Follow Me
|move|p2a: Grimmsnarl|Light Screen|p2a: Grimmsnarl
|-sidestart|p2: shakyturtle|move: Light Screen
|move|p1b: Archaludon|Draco Meteor|p2b: Gogoat|[miss]
|-miss|p1b: Archaludon|p2b: Gogoat
|move|p2b: Gogoat|Horn Leech|p1a: Maushold
|-damage|p1a: Maushold|0 fnt
|faint|p1a: Maushold
|
|-sideend|p2: shakyturtle|Reflect
|upkeep
|turn|10
|c|☆Richiskz|kek
|
|t:|1757779606
|move|p2a: Grimmsnarl|Reflect|p2a: Grimmsnarl
|-sidestart|p2: shakyturtle|Reflect
|move|p1b: Archaludon|Draco Meteor|p2b: Gogoat
|-damage|p2b: Gogoat|28/100
|-unboost|p1b: Archaludon|spa|2
|move|p2b: Gogoat|Bulk Up|p2b: Gogoat
|-boost|p2b: Gogoat|atk|1
|-boost|p2b: Gogoat|def|1
|
|upkeep
|turn|11
|
|t:|1757779620
|move|p2b: Gogoat|Protect|p2b: Gogoat
|-singleturn|p2b: Gogoat|Protect
|move|p2a: Grimmsnarl|Parting Shot|p1b: Archaludon
|-unboost|p1b: Archaludon|atk|1
|-unboost|p1b: Archaludon|spa|1
|move|p1b: Archaludon|Body Press|p2b: Gogoat
|-activate|p2b: Gogoat|move: Protect
|
|upkeep
|turn|12
|
|t:|1757779642
|move|p2a: Grimmsnarl|Parting Shot|p1b: Archaludon
|-unboost|p1b: Archaludon|atk|1
|-unboost|p1b: Archaludon|spa|1
|move|p1b: Archaludon|Body Press|p2b: Gogoat
|-damage|p2b: Gogoat|3/100
|-enditem|p2b: Gogoat|Figy Berry|[eat]
|-heal|p2b: Gogoat|36/100|[from] item: Figy Berry
|move|p2b: Gogoat|High Horsepower|p1b: Archaludon
|-resisted|p1b: Archaludon
|-damage|p1b: Archaludon|50/100
|-ability|p1b: Archaludon|Stamina|boost
|-boost|p1b: Archaludon|def|1
|
|upkeep
|turn|13
|
|t:|1757779658
|move|p1b: Archaludon|Body Press|p2a: Grimmsnarl
|-damage|p2a: Grimmsnarl|20/100
|move|p2b: Gogoat|Horn Leech|p1b: Archaludon
|-resisted|p1b: Archaludon
|-damage|p1b: Archaludon|41/100
|-heal|p2b: Gogoat|40/100|[from] drain|[of] p1b: Archaludon
|move|p2a: Grimmsnarl|Spirit Break|p1b: Archaludon
|-damage|p1b: Archaludon|34/100
|-unboost|p1b: Archaludon|spa|1
|
|upkeep
|turn|14
|
|t:|1757779676
|move|p1b: Archaludon|Body Press|p2a: Grimmsnarl
|-crit|p2a: Grimmsnarl
|-damage|p2a: Grimmsnarl|0 fnt
|faint|p2a: Grimmsnarl
|move|p2b: Gogoat|Horn Leech|p1b: Archaludon
|-resisted|p1b: Archaludon
|-damage|p1b: Archaludon|26/100
|-heal|p2b: Gogoat|43/100|[from] drain|[of] p1b: Archaludon
|
|upkeep
|turn|15
|
|t:|1757779686
|move|p1b: Archaludon|Body Press|p2b: Gogoat
|-damage|p2b: Gogoat|19/100
|move|p2b: Gogoat|Horn Leech|p1b: Archaludon
|-resisted|p1b: Archaludon
|-damage|p1b: Archaludon|19/100
|-heal|p2b: Gogoat|22/100|[from] drain|[of] p1b: Archaludon
|
|upkeep
|turn|16
|
|t:|1757779695
|move|p1b: Archaludon|Body Press|p2b: Gogoat
|-damage|p2b: Gogoat|0 fnt
|faint|p2b: Gogoat
|
|win|Richiskz
|raw|Richiskz's rating: 1114 → 1132(+18 for winning)
|raw|shakyturtle's rating: 1013 → 1004(-9 for losing)
|l|☆shakyturtle
|player|p2|
|l|☆Richiskz
|player|p1|
