|j|☆McPootisCakes
|j|☆Twidelia
|html|McPootisCakesTwidelia    
|uhtml|bestof|Game 1 of a best-of-3
|t:|1782412768
|gametype|doubles
|player|p1|McPootisCakes|ethan|1079
|player|p2|Twidelia|266|1040
|gen|9
|tier|[Gen 9 Champions] VGC 2026 Reg M-B (Bo3)
|rated|
|rule|Species Clause: Limit one of each Pokémon
|rule|Item Clause: Limit 1 of each item
|clearpoke
|poke|p1|Pelipper, L50, M|
|poke|p1|Swampert, L50, F|
|poke|p1|Archaludon, L50, M|
|poke|p1|Sinistcha, L50|
|poke|p1|Grimmsnarl, L50, M|
|poke|p1|Floette-Eternal, L50, F|
|poke|p2|Venusaur, L50, F, shiny|
|poke|p2|Toxapex, L50, F, shiny|
|poke|p2|Basculegion, L50, M|
|poke|p2|Torkoal, L50, F|
|poke|p2|Sinistcha-Masterpiece, L50|
|poke|p2|Farigiraf, L50, F, shiny|
|teampreview|4
|showteam|p1|Pelipper||SitrusBerry|Drizzle|Tailwind,Hurricane,WeatherBall,Protect|Bold||M|||50|]Swampert||Swampertite|Damp|WaveCrash,Earthquake,IcePunch,Protect|Adamant||F|||50|]Archaludon||Leftovers|Stamina|DracoMeteor,FlashCannon,ElectroShot,Protect|Modest||M|||50|]Sinistcha||KasibBerry|Hospitality|MatchaGotcha,LifeDew,RagePowder,TrickRoom|Calm|||||50|]Grimmsnarl||LightClay|Prankster|SpiritBreak,Reflect,LightScreen,PartingShot|Careful||M|||50|]Floette-Eternal||Floettite|FlowerVeil|Moonblast,DazzlingGleam,CalmMind,Protect|Modest||F|||50|
|showteam|p2|Venusaur||Venusaurite|Chlorophyll|Substitute,Toxic,Protect,LeechSeed|Calm||F|||50|]Toxapex||Leftovers|Regenerator|BanefulBunker,Infestation,WideGuard,Toxic|Relaxed||F|||50|]Basculegion||LifeOrb|Adaptability|AquaJet,LastRespects,WaveCrash,Protect|Brave||M|||50|]Torkoal||Charcoal|Drought|Eruption,EarthPower,Protect,SolarBeam|Quiet||F|||50|]Sinistcha-Masterpiece||OccaBerry|Hospitality|TrickRoom,MatchaGotcha,Protect,Memento|Relaxed|||||50|]Farigiraf||SitrusBerry|CudChew|TrickRoom,TwinBeam,Thunderbolt,CalmMind|Quiet||F|||50|
|j| Void_Tierra
|inactive|Battle timer is ON: inactive players will automatically lose when time's up. (requested by Twidelia)
|inactive|McPootisCakes has 60 seconds left.
|
|t:|1782412949
|teamsize|p1|4
|teamsize|p2|4
|start
|switch|p1a: Archaludon|Archaludon, L50, M|100/100
|switch|p1b: Grimmsnarl|Grimmsnarl, L50, M|100/100
|switch|p2a: Venusaur|Venusaur, L50, F, shiny|100/100
|switch|p2b: Toxapex|Toxapex, L50, F, shiny|100/100
|turn|1
|inactive|McPootisCakes has 30 seconds left.
|inactive|Twidelia has 30 seconds left.
|inactive|McPootisCakes has 20 seconds left.
|inactive|Twidelia has 20 seconds left.
|inactive|McPootisCakes has 15 seconds left.
|inactive|Twidelia has 15 seconds left.
|inactive|McPootisCakes has 10 seconds left.
|inactive|Twidelia has 10 seconds left.
|inactive|McPootisCakes has 5 seconds left.
|inactive|Twidelia has 5 seconds left.
|
|t:|1782413005
|switch|p1b: Pelipper|Pelipper, L50, M|100/100
|-weather|RainDance|[from] ability: Drizzle|[of] p1b: Pelipper
|move|p2b: Toxapex|Baneful Bunker|p2b: Toxapex
|-singleturn|p2b: Toxapex|move: Protect
|move|p1a: Archaludon|Electro Shot||[still]
|-prepare|p1a: Archaludon|Electro Shot
|-boost|p1a: Archaludon|spa|1
|-anim|p1a: Archaludon|Electro Shot|p2b: Toxapex
|-activate|p2b: Toxapex|move: Protect
|move|p2a: Venusaur|Substitute|p2a: Venusaur
|-start|p2a: Venusaur|Substitute
|-damage|p2a: Venusaur|75/100
|
|-weather|RainDance|[upkeep]
|upkeep
|turn|2
|inactive|McPootisCakes has 30 seconds left.
|inactive|Twidelia has 30 seconds left.
|inactive|McPootisCakes has 20 seconds left.
|inactive|McPootisCakes has 15 seconds left.
|inactive|McPootisCakes has 10 seconds left.
|
|t:|1782413054
|switch|p1b: Grimmsnarl|Grimmsnarl, L50, M|100/100
|move|p1a: Archaludon|Draco Meteor|p2b: Toxapex
|-damage|p2b: Toxapex|21/100
|-unboost|p1a: Archaludon|spa|2
|move|p2a: Venusaur|Leech Seed|p1a: Archaludon
|-start|p1a: Archaludon|move: Leech Seed
|move|p2b: Toxapex|Infestation|p1a: Archaludon
|-resisted|p1a: Archaludon|1
|-damage|p1a: Archaludon|98/100
|-activate|p1a: Archaludon|move: Infestation|[of] p2b: Toxapex
|-ability|p1a: Archaludon|Stamina|boost
|-boost|p1a: Archaludon|def|1
|
|-weather|RainDance|[upkeep]
|-heal|p1a: Archaludon|100/100|[from] item: Leftovers
|-heal|p2b: Toxapex|27/100|[from] item: Leftovers
|-damage|p1a: Archaludon|87/100|[from] Leech Seed|[of] p2a: Venusaur
|-heal|p2a: Venusaur|88/100|[silent]
|-damage|p1a: Archaludon|75/100|[from] move: Infestation|[partiallytrapped]
|upkeep
|turn|3
|inactive|McPootisCakes has 30 seconds left.
|inactive|Twidelia has 30 seconds left.
|inactive|McPootisCakes has 20 seconds left.
|inactive|McPootisCakes has 15 seconds left.
|inactive|McPootisCakes has 10 seconds left.
|inactive|McPootisCakes has 5 seconds left.
|
|t:|1782413108
|detailschange|p2a: Venusaur|Venusaur-Mega, L50, F, shiny
|-mega|p2a: Venusaur|Venusaur|Venusaurite
|move|p2b: Toxapex|Baneful Bunker|p2b: Toxapex
|-singleturn|p2b: Toxapex|move: Protect
|move|p1a: Archaludon|Electro Shot||[still]
|-prepare|p1a: Archaludon|Electro Shot
|-boost|p1a: Archaludon|spa|1
|-anim|p1a: Archaludon|Electro Shot|p2a: Venusaur
|-resisted|p2a: Venusaur|1
|-activate|p2a: Venusaur|move: Substitute|[damage]
|move|p2a: Venusaur|Toxic|p1b: Grimmsnarl
|-status|p1b: Grimmsnarl|tox
|move|p1b: Grimmsnarl|Spirit Break|p2a: Venusaur
|-resisted|p2a: Venusaur|1
|-end|p2a: Venusaur|Substitute
|
|-weather|RainDance|[upkeep]
|-heal|p1a: Archaludon|81/100|[from] item: Leftovers
|-heal|p2b: Toxapex|33/100|[from] item: Leftovers
|-damage|p1a: Archaludon|69/100|[from] Leech Seed|[of] p2a: Venusaur
|-heal|p2a: Venusaur|100/100|[silent]
|-damage|p1b: Grimmsnarl|94/100 tox|[from] psn
|-damage|p1a: Archaludon|57/100|[from] move: Infestation|[partiallytrapped]
|upkeep
|turn|4
|inactive|McPootisCakes has 30 seconds left.
|inactive|Twidelia has 30 seconds left.
|inactive|Twidelia has 20 seconds left.
|
|t:|1782413144
|switch|p2a: Sinistcha|Sinistcha-Masterpiece, L50|100/100
|-heal|p2b: Toxapex|58/100|[from] ability: Hospitality|[of] p2a: Sinistcha
|-heal|p2b: Toxapex|91/100|[from] ability: Regenerator|[silent]
|switch|p2b: Farigiraf|Farigiraf, L50, F, shiny|100/100
|move|p1b: Grimmsnarl|Parting Shot|p2a: Sinistcha
|-unboost|p2a: Sinistcha|atk|1
|-unboost|p2a: Sinistcha|spa|1
|
|t:|1782413168
|switch|p1b: Pelipper|Pelipper, L50, M|100/100|[from] Parting Shot
|move|p1a: Archaludon|Electro Shot||[still]
|-prepare|p1a: Archaludon|Electro Shot
|-boost|p1a: Archaludon|spa|1
|-anim|p1a: Archaludon|Electro Shot|p2b: Farigiraf
|-damage|p2b: Farigiraf|33/100
|-enditem|p2b: Farigiraf|Sitrus Berry|[eat]
|-heal|p2b: Farigiraf|58/100|[from] item: Sitrus Berry
|
|-weather|RainDance|[upkeep]
|-heal|p1a: Archaludon|63/100|[from] item: Leftovers
|-damage|p1a: Archaludon|51/100|[from] Leech Seed|[of] p2a: Sinistcha
|-end|p1a: Archaludon|Infestation|[partiallytrapped]|[silent]
|upkeep
|turn|5
|inactive|McPootisCakes has 30 seconds left.
|inactive|Twidelia has 30 seconds left.
|
|t:|1782413202
|switch|p2b: Venusaur|Venusaur-Mega, L50, F, shiny|100/100
|move|p1a: Archaludon|Electro Shot||[still]
|-prepare|p1a: Archaludon|Electro Shot
|-boost|p1a: Archaludon|spa|1
|-anim|p1a: Archaludon|Electro Shot|p2b: Venusaur
|-resisted|p2b: Venusaur|1
|-damage|p2b: Venusaur|71/100
|move|p1b: Pelipper|Hurricane|p2a: Sinistcha
|-supereffective|p2a: Sinistcha|1
|-damage|p2a: Sinistcha|25/100
|move|p2a: Sinistcha|Trick Room|p2a: Sinistcha
|-fieldstart|move: Trick Room|[of] p2a: Sinistcha
|
|-weather|none
|-heal|p1a: Archaludon|57/100|[from] item: Leftovers
|-damage|p1a: Archaludon|45/100|[from] Leech Seed|[of] p2a: Sinistcha
|-heal|p2a: Sinistcha|39/100|[silent]
|upkeep
|turn|6
|inactive|McPootisCakes has 30 seconds left.
|inactive|Twidelia has 30 seconds left.
|
|t:|1782413235
|switch|p2a: Toxapex|Toxapex, L50, F, shiny|91/100
|switch|p1b: Grimmsnarl|Grimmsnarl, L50, M|94/100 tox
|move|p2b: Venusaur|Toxic|p1b: Grimmsnarl
|-fail|p1b: Grimmsnarl|tox
|move|p1a: Archaludon|Flash Cannon|p2b: Venusaur
|-damage|p2b: Venusaur|22/100
|-unboost|p2b: Venusaur|spd|1
|
|-heal|p2a: Toxapex|97/100|[from] item: Leftovers
|-heal|p1a: Archaludon|51/100|[from] item: Leftovers
|-damage|p1a: Archaludon|39/100|[from] Leech Seed|[of] p2a: Toxapex
|-heal|p2a: Toxapex|100/100|[silent]
|-damage|p1b: Grimmsnarl|88/100 tox|[from] psn
|upkeep
|turn|7
|
|t:|1782413260
|switch|p2a: Sinistcha|Sinistcha-Masterpiece, L50|39/100
|-heal|p2b: Venusaur|47/100|[from] ability: Hospitality|[of] p2a: Sinistcha
|switch|p1b: Pelipper|Pelipper, L50, M|100/100
|-weather|RainDance|[from] ability: Drizzle|[of] p1b: Pelipper
|switch|p2b: Farigiraf|Farigiraf, L50, F, shiny|58/100
|move|p1a: Archaludon|Electro Shot||[still]
|-prepare|p1a: Archaludon|Electro Shot
|-boost|p1a: Archaludon|spa|1
|-anim|p1a: Archaludon|Electro Shot|p2a: Sinistcha
|-resisted|p2a: Sinistcha|1
|-damage|p2a: Sinistcha|0 fnt
|faint|p2a: Sinistcha
|
|-weather|RainDance|[upkeep]
|-heal|p1a: Archaludon|45/100|[from] item: Leftovers
|upkeep
|
|t:|1782413284
|switch|p2a: Toxapex|Toxapex, L50, F, shiny|100/100
|turn|8
|inactive|McPootisCakes has 30 seconds left.
|inactive|Twidelia has 30 seconds left.
|inactive|McPootisCakes has 20 seconds left.
|inactive|Twidelia has 20 seconds left.
|inactive|McPootisCakes has 15 seconds left.
|inactive|Twidelia has 15 seconds left.
|inactive|Twidelia has 10 seconds left.
|
|t:|1782413329
|switch|p1b: Grimmsnarl|Grimmsnarl, L50, M|88/100 tox
|move|p2a: Toxapex|Infestation|p1a: Archaludon
|-resisted|p1a: Archaludon|1
|-damage|p1a: Archaludon|43/100
|-activate|p1a: Archaludon|move: Infestation|[of] p2a: Toxapex
|-ability|p1a: Archaludon|Stamina|boost
|-boost|p1a: Archaludon|def|1
|move|p2b: Farigiraf|Thunderbolt|p1b: Grimmsnarl
|-damage|p1b: Grimmsnarl|57/100 tox
|move|p1a: Archaludon|Electro Shot||[still]
|-prepare|p1a: Archaludon|Electro Shot
|-boost|p1a: Archaludon|spa|1
|-anim|p1a: Archaludon|Electro Shot|p2a: Toxapex
|-supereffective|p2a: Toxapex|1
|-damage|p2a: Toxapex|0 fnt
|faint|p2a: Toxapex
|
|-weather|RainDance|[upkeep]
|-heal|p1a: Archaludon|49/100|[from] item: Leftovers
|-damage|p1b: Grimmsnarl|51/100 tox|[from] psn
|-end|p1a: Archaludon|Infestation|[partiallytrapped]|[silent]
|upkeep
|
|t:|1782413347
|switch|p2a: Venusaur|Venusaur-Mega, L50, F, shiny|47/100
|turn|9
|inactive|McPootisCakes has 30 seconds left.
|
|t:|1782413375
|move|p2a: Venusaur|Protect|p2a: Venusaur
|-singleturn|p2a: Venusaur|Protect
|move|p2b: Farigiraf|Twin Beam|p1a: Archaludon
|-resisted|p1a: Archaludon|1
|-damage|p1a: Archaludon|40/100
|-ability|p1a: Archaludon|Stamina|boost
|-boost|p1a: Archaludon|def|1
|-resisted|p1a: Archaludon|1
|-damage|p1a: Archaludon|30/100
|-ability|p1a: Archaludon|Stamina|boost
|-boost|p1a: Archaludon|def|1
|-hitcount|p1a: Archaludon|2
|move|p1b: Grimmsnarl|Spirit Break|p2b: Farigiraf
|-damage|p2b: Farigiraf|24/100
|-unboost|p2b: Farigiraf|spa|1
|move|p1a: Archaludon|Electro Shot||[still]
|-prepare|p1a: Archaludon|Electro Shot
|-boost|p1a: Archaludon|spa|1
|-anim|p1a: Archaludon|Electro Shot|p2b: Farigiraf
|-damage|p2b: Farigiraf|0 fnt
|faint|p2b: Farigiraf
|
|-weather|RainDance|[upkeep]
|-heal|p1a: Archaludon|37/100|[from] item: Leftovers
|-damage|p1a: Archaludon|24/100|[from] Leech Seed|[of] p2a: Venusaur
|-heal|p2a: Venusaur|60/100|[silent]
|-damage|p1b: Grimmsnarl|40/100 tox|[from] psn
|-fieldend|move: Trick Room
|upkeep
|turn|10
|inactive|McPootisCakes has 30 seconds left.
|inactive|Twidelia has 30 seconds left.
|l|☆Twidelia
|inactive|Twidelia disconnected and has a minute to reconnect!
|player|p2|
|inactive|Twidelia has 20 seconds left.
|inactive|Twidelia has 15 seconds left.
|inactive|Twidelia has 10 seconds left.
|inactive|Twidelia has 5 seconds left.
|-message|Twidelia lost due to inactivity.
|
|win|McPootisCakes
