|j|☆lebronsusedtoilet
|j|☆AbadanRiyi92
|html|lebronsusedtoiletAbadanRiyi92    
|uhtml|bestof|Game 1 of a best-of-3
|t:|1785094032
|gametype|doubles
|player|p1|lebronsusedtoilet|102|1116
|player|p2|AbadanRiyi92|colress|1108
|gen|9
|tier|[Gen 9 Champions] VGC 2026 Reg M-B (Bo3)
|rated|
|rule|Species Clause: Limit one of each Pokémon
|rule|Item Clause: Limit 1 of each item
|clearpoke
|poke|p1|Garchomp, L50, F|
|poke|p1|Oranguru, L50, F|
|poke|p1|Gengar, L50, F|
|poke|p1|Whimsicott, L50, M|
|poke|p1|Farigiraf, L50, M|
|poke|p1|Corviknight, L50, M|
|poke|p2|Gengar, L50, M, shiny|
|poke|p2|Maushold-Four, L50|
|poke|p2|Annihilape, L50, M|
|poke|p2|Incineroar, L50, M|
|poke|p2|Politoed, L50, M, shiny|
|poke|p2|Archaludon, L50, F|
|teampreview|4
|showteam|p1|Garchomp||Garchompite|RoughSkin|Earthquake,RockSlide,ScaleShot,Protect|Adamant||F|||50|]Oranguru||Leftovers|Telepathy|KnockOff,TrickRoom,Instruct,Reflect|Relaxed||F|||50|]Gengar||Gengarite|CursedBody|SludgeBomb,ShadowBall,DestinyBond,Protect|Modest||F|||50|]Whimsicott||FocusSash|Prankster|Moonblast,Tailwind,Encore,WorrySeed|Modest||M|||50|]Farigiraf||SitrusBerry|ArmorTail|HyperVoice,HelpingHand,TrickRoom,Thunderbolt|Calm||M|||50|]Corviknight||BrightPowder|MirrorArmor|BodyPress,BraveBird,IronDefense,Roost|Impish||M|||50|
|showteam|p2|Gengar||Gengarite|CursedBody|ShadowBall,Disable,PerishSong,Protect|Timid||M|||50|]Maushold-Four||FocusSash|FriendGuard|FollowMe,Encore,BeatUp,Protect|Jolly|||||50|]Annihilape||RoseliBerry|Defiant|RageFist,DrainPunch,BulkUp,Protect|Adamant||M|||50|]Incineroar||PasshoBerry|Intimidate|PartingShot,ThroatChop,Protect,FakeOut|Sassy||M|||50|]Politoed||SitrusBerry|Drizzle|WeatherBall,Encore,PerishSong,Protect|Calm||M|||50|]Archaludon||Leftovers|Stamina|DragonPulse,FlashCannon,ElectroShot,Protect|Bold||F|||50|
|inactive|Battle timer is ON: inactive players will automatically lose when time's up. (requested by lebronsusedtoilet)
|inactive|lebronsusedtoilet has 60 seconds left.
|inactive|AbadanRiyi92 has 60 seconds left.
|
|t:|1785094089
|teamsize|p1|4
|teamsize|p2|4
|start
|switch|p1a: Garchomp|Garchomp, L50, F|100/100
|switch|p1b: Oranguru|Oranguru, L50, F|100/100
|switch|p2a: Maushold|Maushold-Four, L50|100/100
|switch|p2b: Annihilape|Annihilape, L50, M|100/100
|turn|1
|inactive|AbadanRiyi92 has 30 seconds left.
|
|t:|1785094123
|detailschange|p1a: Garchomp|Garchomp-Mega, L50, F
|-mega|p1a: Garchomp|Garchomp|Garchompite
|move|p2a: Maushold|Beat Up|p2b: Annihilape
|-damage|p2b: Annihilape|98/100
|-damage|p2b: Annihilape|95/100
|-damage|p2b: Annihilape|93/100
|-damage|p2b: Annihilape|91/100
|-hitcount|p2b: Annihilape|4
|move|p1a: Garchomp|Earthquake|p2b: Annihilape|[spread] p2a,p2b
|-activate|p1b: Oranguru|ability: Telepathy
|-damage|p2a: Maushold|30/100
|-damage|p2b: Annihilape|52/100
|move|p2b: Annihilape|Bulk Up|p2b: Annihilape
|-boost|p2b: Annihilape|atk|1
|-boost|p2b: Annihilape|def|1
|move|p1b: Oranguru|Instruct|p1a: Garchomp
|-singleturn|p1a: Garchomp|move: Instruct|[of] p1b: Oranguru
|move|p1a: Garchomp|Earthquake|p2a: Maushold|[spread] p2a,p2b
|-activate|p1b: Oranguru|ability: Telepathy
|-damage|p2a: Maushold|0 fnt
|-damage|p2b: Annihilape|27/100
|faint|p2a: Maushold
|
|upkeep
|
|t:|1785094145
|switch|p2a: Incineroar|Incineroar, L50, M|100/100
|-ability|p2a: Incineroar|Intimidate|boost
|-unboost|p1a: Garchomp|atk|1
|-unboost|p1b: Oranguru|atk|1
|turn|2
|
|t:|1785094154
|switch|p1a: Farigiraf|Farigiraf, L50, M|100/100
|move|p2a: Incineroar|Fake Out||[still]
|cant|p1a: Farigiraf|ability: Armor Tail|Fake Out|[of] p2a: Incineroar
|move|p2b: Annihilape|Drain Punch|p1b: Oranguru
|-damage|p1b: Oranguru|49/100
|-heal|p2b: Annihilape|47/100|[from] drain|[of] p1b: Oranguru
|move|p1b: Oranguru|Knock Off|p2b: Annihilape
|-damage|p2b: Annihilape|40/100
|-enditem|p2b: Annihilape|Roseli Berry|[from] move: Knock Off|[of] p1b: Oranguru
|
|-heal|p1b: Oranguru|55/100|[from] item: Leftovers
|upkeep
|turn|3
|inactive|AbadanRiyi92 has 30 seconds left.
|
|t:|1785094187
|move|p2b: Annihilape|Drain Punch|p1a: Farigiraf
|-damage|p1a: Farigiraf|51/100
|-heal|p2b: Annihilape|63/100|[from] drain|[of] p1a: Farigiraf
|move|p1a: Farigiraf|Thunderbolt|p2b: Annihilape
|-damage|p2b: Annihilape|39/100
|move|p2a: Incineroar|Throat Chop|p1a: Farigiraf
|-supereffective|p1a: Farigiraf|1
|-damage|p1a: Farigiraf|0 fnt
|faint|p1a: Farigiraf
|move|p1b: Oranguru|Reflect|p1b: Oranguru
|-sidestart|p1: lebronsusedtoilet|Reflect
|
|-heal|p1b: Oranguru|61/100|[from] item: Leftovers
|upkeep
|
|t:|1785094200
|switch|p1a: Garchomp|Garchomp-Mega, L50, F|100/100
|turn|4
|
|t:|1785094213
|move|p2b: Annihilape|Protect|p2b: Annihilape
|-singleturn|p2b: Annihilape|Protect
|move|p1a: Garchomp|Earthquake|p2b: Annihilape|[spread] p2a
|-activate|p2b: Annihilape|move: Protect
|-activate|p1b: Oranguru|ability: Telepathy
|-supereffective|p2a: Incineroar|1
|-damage|p2a: Incineroar|7/100
|move|p2a: Incineroar|Parting Shot|p1a: Garchomp
|-unboost|p1a: Garchomp|atk|1
|-unboost|p1a: Garchomp|spa|1
|
|t:|1785094223
|switch|p2a: Politoed|Politoed, L50, M, shiny|100/100|[from] Parting Shot
|-weather|RainDance|[from] ability: Drizzle|[of] p2a: Politoed
|move|p1b: Oranguru|Instruct|p1a: Garchomp
|-singleturn|p1a: Garchomp|move: Instruct|[of] p1b: Oranguru
|move|p1a: Garchomp|Earthquake|p2b: Annihilape|[spread] p2a
|-activate|p2b: Annihilape|move: Protect
|-activate|p1b: Oranguru|ability: Telepathy
|-damage|p2a: Politoed|64/100
|
|-weather|RainDance|[upkeep]
|-heal|p1b: Oranguru|67/100|[from] item: Leftovers
|upkeep
|turn|5
|inactive|lebronsusedtoilet has 30 seconds left.
|
|t:|1785094249
|switch|p2a: Incineroar|Incineroar, L50, M|7/100
|-ability|p2a: Incineroar|Intimidate|boost
|-unboost|p1a: Garchomp|atk|1
|-unboost|p1b: Oranguru|atk|1
|move|p1a: Garchomp|Earthquake|p2b: Annihilape|[spread] p2a,p2b
|-activate|p1b: Oranguru|ability: Telepathy
|-supereffective|p2a: Incineroar|1
|-damage|p2a: Incineroar|0 fnt
|-damage|p2b: Annihilape|22/100
|faint|p2a: Incineroar
|move|p2b: Annihilape|Drain Punch|p1a: Garchomp
|-damage|p1a: Garchomp|64/100
|-heal|p2b: Annihilape|38/100|[from] drain|[of] p1a: Garchomp
|move|p1b: Oranguru|Instruct|p1a: Garchomp
|-singleturn|p1a: Garchomp|move: Instruct|[of] p1b: Oranguru
|move|p1a: Garchomp|Earthquake|p2b: Annihilape|[spread] p2b
|-activate|p1b: Oranguru|ability: Telepathy
|-damage|p2b: Annihilape|21/100
|
|-weather|RainDance|[upkeep]
|-heal|p1b: Oranguru|73/100|[from] item: Leftovers
|upkeep
|
|t:|1785094272
|switch|p2a: Politoed|Politoed, L50, M, shiny|64/100
|turn|6
|
|t:|1785094284
|switch|p1a: Corviknight|Corviknight, L50, M|100/100
|move|p2b: Annihilape|Protect|p2b: Annihilape
|-singleturn|p2b: Annihilape|Protect
|move|p2a: Politoed|Weather Ball|p1a: Corviknight
|-damage|p1a: Corviknight|53/100
|move|p1b: Oranguru|Knock Off|p2a: Politoed
|-damage|p2a: Politoed|57/100
|-enditem|p2a: Politoed|Sitrus Berry|[from] move: Knock Off|[of] p1b: Oranguru
|
|-weather|RainDance|[upkeep]
|-heal|p1b: Oranguru|79/100|[from] item: Leftovers
|upkeep
|turn|7
|inactive|AbadanRiyi92 has 30 seconds left.
|
|t:|1785094312
|move|p2b: Annihilape|Rage Fist|p1a: Corviknight
|-damage|p1a: Corviknight|0 fnt
|faint|p1a: Corviknight
|move|p2a: Politoed|Weather Ball|p1b: Oranguru
|-damage|p1b: Oranguru|43/100
|move|p1b: Oranguru|Instruct|p1: Corviknight|[notarget]
|-fail|p1b: Oranguru
|
|-weather|RainDance|[upkeep]
|-heal|p1b: Oranguru|49/100|[from] item: Leftovers
|-sideend|p1: lebronsusedtoilet|Reflect
|upkeep
|
|t:|1785094317
|switch|p1a: Garchomp|Garchomp-Mega, L50, F|64/100
|turn|8
|inactive|AbadanRiyi92 has 30 seconds left.
|
|t:|1785094346
|move|p2b: Annihilape|Protect|p2b: Annihilape
|-singleturn|p2b: Annihilape|Protect
|move|p1a: Garchomp|Earthquake|p2b: Annihilape|[spread] p2a
|-activate|p2b: Annihilape|move: Protect
|-activate|p1b: Oranguru|ability: Telepathy
|-damage|p2a: Politoed|5/100
|move|p2a: Politoed|Weather Ball|p1b: Oranguru
|-damage|p1b: Oranguru|14/100
|move|p1b: Oranguru|Instruct|p1a: Garchomp
|-singleturn|p1a: Garchomp|move: Instruct|[of] p1b: Oranguru
|move|p1a: Garchomp|Earthquake|p2a: Politoed|[spread] p2a
|-activate|p2b: Annihilape|move: Protect
|-activate|p1b: Oranguru|ability: Telepathy
|-damage|p2a: Politoed|0 fnt
|faint|p2a: Politoed
|
|-weather|none
|-heal|p1b: Oranguru|20/100y|[from] item: Leftovers
|upkeep
|turn|9
|
|t:|1785094366
|move|p1a: Garchomp|Scale Shot|p2b: Annihilape
|-damage|p2b: Annihilape|9/100
|-damage|p2b: Annihilape|0 fnt
|faint|p2b: Annihilape
|-hitcount|p2: Annihilape|2
|
|win|lebronsusedtoilet
