|j|☆crullvgc
|j|☆pink dragon gaming
|html|crullvgcpink dragon gaming    
|uhtml|bestof|Game 1 of a best-of-3
|t:|1757644627
|gametype|doubles
|player|p1|crullvgc|janitor|1128
|player|p2|pink dragon gaming|1|1126
|gen|9
|tier|[Gen 9] VGC 2025 Reg H (Bo3)
|rated|
|rule|Species Clause: Limit one of each Pokémon
|rule|Item Clause: Limit 1 of each item
|clearpoke
|poke|p1|Gholdengo, L50|
|poke|p1|Porygon2, L50|
|poke|p1|Ursaluna, L50, M|
|poke|p1|Amoonguss, L50, F|
|poke|p1|Incineroar, L50, F|
|poke|p1|Dragonite, L50, M|
|poke|p2|Kommo-o, L50, M|
|poke|p2|Smeargle, L50, F|
|poke|p2|Rillaboom, L50, F|
|poke|p2|Whimsicott, L50, M|
|poke|p2|Arcanine-Hisui, L50, M|
|poke|p2|Gholdengo, L50|
|teampreview|4
|showteam|p1|Gholdengo||LifeOrb|GoodasGold|MakeItRain,ShadowBall,NastyPlot,Protect||||||50|,,,,,Water]Porygon2||Eviolite|Download|TeraBlast,IceBeam,Recover,TrickRoom||||||50|,,,,,Fighting]Ursaluna||FlameOrb|Guts|Facade,Earthquake,HeadlongRush,Protect|||M|||50|,,,,,Ghost]Amoonguss||SitrusBerry|Regenerator|RagePowder,PollenPuff,Spore,Protect|||F|||50|,,,,,Water]Incineroar||SafetyGoggles|Intimidate|FlareBlitz,KnockOff,FakeOut,PartingShot|||F|||50|,,,,,Ghost]Dragonite||LoadedDice|Multiscale|ScaleShot,Haze,Tailwind,Protect|||M|||50|,,,,,Fairy
|showteam|p2|Kommo-o||LifeOrb|Soundproof|ClangingScales,AuraSphere,Flamethrower,Protect|||M|||50|,,,,,Fire]Smeargle||FocusSash|Moody|Spore,Decorate,FollowMe,SpikyShield|||F|||50|,,,,,Ghost]Rillaboom||AssaultVest|GrassySurge|FakeOut,GrassyGlide,WoodHammer,HighHorsepower|||F|||50|,,,,,Ghost]Whimsicott||CovertCloak|Prankster|Moonblast,Tailwind,Encore,FakeTears|||M|||50|,,,,,Electric]Arcanine-Hisui||ClearAmulet|Intimidate|FlareBlitz,RockSlide,ExtremeSpeed,Protect|||M|||50|,,,,,Ghost]Gholdengo||MetalCoat|GoodasGold|MakeItRain,ShadowBall,NastyPlot,Protect||||||50|,,,,,Water
|
|t:|1757644665
|teamsize|p1|4
|teamsize|p2|4
|start
|switch|p1a: Porygon2|Porygon2, L50|100/100
|switch|p1b: Incineroar|Incineroar, L50, F|100/100
|switch|p2a: Picasso|Smeargle, L50, F, shiny|100/100
|switch|p2b: Kommo-o|Kommo-o, L50, M, shiny|100/100
|-ability|p1b: Incineroar|Intimidate|boost
|-unboost|p2a: Picasso|atk|1
|-unboost|p2b: Kommo-o|atk|1
|-ability|p1a: Porygon2|Download|boost
|-boost|p1a: Porygon2|spa|1
|turn|1
|inactive|Battle timer is ON: inactive players will automatically lose when time's up. (requested by pink dragon gaming)
|
|t:|1757644684
|switch|p1a: Amoonguss|Amoonguss, L50, F|100/100
|-terastallize|p2a: Picasso|Ghost
|move|p2b: Kommo-o|Protect|p2b: Kommo-o
|-singleturn|p2b: Kommo-o|Protect
|move|p2a: Picasso|Spore|p1a: Amoonguss
|-immune|p1a: Amoonguss
|move|p1b: Incineroar|Parting Shot|p2b: Kommo-o
|-activate|p2b: Kommo-o|move: Protect
|
|-ability|p2a: Picasso|Moody|boost
|-boost|p2a: Picasso|spd|2
|-unboost|p2a: Picasso|spa|1
|upkeep
|turn|2
|
|t:|1757644702
|move|p2a: Picasso|Follow Me|p2a: Picasso
|-singleturn|p2a: Picasso|move: Follow Me
|move|p2b: Kommo-o|Flamethrower|p1a: Amoonguss
|-supereffective|p1a: Amoonguss
|-damage|p1a: Amoonguss|39/100
|-enditem|p1a: Amoonguss|Sitrus Berry|[eat]
|-heal|p1a: Amoonguss|64/100|[from] item: Sitrus Berry
|-damage|p2b: Kommo-o|91/100|[from] item: Life Orb
|move|p1b: Incineroar|Knock Off|p2a: Picasso
|-supereffective|p2a: Picasso
|-enditem|p2a: Picasso|Focus Sash
|-damage|p2a: Picasso|1/100
|move|p1a: Amoonguss|Spore|p2a: Picasso
|-status|p2a: Picasso|slp|[from] move: Spore
|
|-ability|p2a: Picasso|Moody|boost
|-boost|p2a: Picasso|spe|2
|-unboost|p2a: Picasso|spd|1
|upkeep
|turn|3
|
|t:|1757644719
|switch|p2a: Rillaboom|Rillaboom, L50, F|100/100
|-fieldstart|move: Grassy Terrain|[from] ability: Grassy Surge|[of] p2a: Rillaboom
|move|p2b: Kommo-o|Protect|p2b: Kommo-o
|-singleturn|p2b: Kommo-o|Protect
|move|p1a: Amoonguss|Protect|p1a: Amoonguss
|-singleturn|p1a: Amoonguss|Protect
|move|p1b: Incineroar|Parting Shot|p2b: Kommo-o
|-activate|p2b: Kommo-o|move: Protect
|
|-heal|p2b: Kommo-o|97/100|[from] Grassy Terrain
|-heal|p1a: Amoonguss|69/100|[from] Grassy Terrain
|upkeep
|turn|4
|
|t:|1757644735
|move|p1a: Amoonguss|Protect||[still]
|-fail|p1a: Amoonguss
|move|p2a: Rillaboom|Fake Out|p1a: Amoonguss
|-damage|p1a: Amoonguss|58/100
|move|p2b: Kommo-o|Clanging Scales|p1b: Incineroar|[spread] p1a,p1b
|-damage|p1a: Amoonguss|20/100
|-damage|p1b: Incineroar|55/100
|-unboost|p2b: Kommo-o|def|1
|-damage|p2b: Kommo-o|88/100|[from] item: Life Orb
|move|p1b: Incineroar|Parting Shot|p2b: Kommo-o
|-immune|p2b: Kommo-o|[from] ability: Soundproof
|
|-heal|p2b: Kommo-o|94/100|[from] Grassy Terrain
|-heal|p1b: Incineroar|61/100|[from] Grassy Terrain
|-heal|p1a: Amoonguss|26/100|[from] Grassy Terrain
|upkeep
|turn|5
|
|t:|1757644758
|switch|p1a: Porygon2|Porygon2, L50|100/100
|-ability|p1a: Porygon2|Download|boost
|-boost|p1a: Porygon2|atk|1
|move|p2b: Kommo-o|Clanging Scales|p1a: Porygon2|[spread] p1a,p1b
|-damage|p1a: Porygon2|70/100
|-damage|p1b: Incineroar|13/100
|-unboost|p2b: Kommo-o|def|1
|-damage|p2b: Kommo-o|84/100|[from] item: Life Orb
|move|p2a: Rillaboom|High Horsepower|p1b: Incineroar
|-supereffective|p1b: Incineroar
|-damage|p1b: Incineroar|0 fnt
|faint|p1b: Incineroar
|
|-heal|p2b: Kommo-o|90/100|[from] Grassy Terrain
|-heal|p1a: Porygon2|77/100|[from] Grassy Terrain
|upkeep
|
|t:|1757644768
|switch|p1b: Amoonguss|Amoonguss, L50, F|59/100
|turn|6
|inactive|pink dragon gaming has 30 seconds left.
|inactive|pink dragon gaming has 20 seconds left.
|inactive|pink dragon gaming has 15 seconds left.
|
|t:|1757644809
|move|p1b: Amoonguss|Rage Powder|p1b: Amoonguss
|-singleturn|p1b: Amoonguss|move: Rage Powder
|move|p2b: Kommo-o|Aura Sphere|p1b: Amoonguss
|-resisted|p1b: Amoonguss
|-damage|p1b: Amoonguss|40/100
|-damage|p2b: Kommo-o|81/100|[from] item: Life Orb
|move|p2a: Rillaboom|High Horsepower|p1b: Amoonguss
|-damage|p1b: Amoonguss|15/100
|move|p1a: Porygon2|Trick Room|p1a: Porygon2
|-fieldstart|move: Trick Room|[of] p1a: Porygon2
|
|-heal|p1b: Amoonguss|21/100|[from] Grassy Terrain
|-heal|p1a: Porygon2|83/100|[from] Grassy Terrain
|-heal|p2b: Kommo-o|87/100|[from] Grassy Terrain
|upkeep
|turn|7
|
|t:|1757644830
|switch|p1b: Ursaluna|Ursaluna, L50, M|100/100
|move|p2b: Kommo-o|Protect|p2b: Kommo-o
|-singleturn|p2b: Kommo-o|Protect
|move|p1a: Porygon2|Ice Beam|p2b: Kommo-o
|-activate|p2b: Kommo-o|move: Protect
|move|p2a: Rillaboom|Wood Hammer|p1a: Porygon2
|-damage|p1a: Porygon2|29/100
|-damage|p2a: Rillaboom|83/100|[from] Recoil
|
|-heal|p1a: Porygon2|35/100|[from] Grassy Terrain
|-heal|p2a: Rillaboom|89/100|[from] Grassy Terrain
|-heal|p2b: Kommo-o|93/100|[from] Grassy Terrain
|-fieldend|move: Grassy Terrain
|-status|p1b: Ursaluna|brn|[from] item: Flame Orb
|upkeep
|turn|8
|inactive|pink dragon gaming has 30 seconds left.
|inactive|crullvgc has 30 seconds left.
|
|t:|1757644864
|switch|p2b: Arcanine|Arcanine-Hisui, L50, M|100/100
|-ability|p2b: Arcanine|Intimidate|boost
|-unboost|p1a: Porygon2|atk|1
|-unboost|p1b: Ursaluna|atk|1
|-terastallize|p1b: Ursaluna|Ghost
|move|p1a: Porygon2|Recover|p1a: Porygon2
|-heal|p1a: Porygon2|85/100
|move|p1b: Ursaluna|Facade|p2b: Arcanine
|-resisted|p2b: Arcanine
|-damage|p2b: Arcanine|56/100
|move|p2a: Rillaboom|Wood Hammer|p1b: Ursaluna
|-damage|p1b: Ursaluna|53/100 brn
|-damage|p2a: Rillaboom|72/100|[from] Recoil
|
|-damage|p1b: Ursaluna|48/100 brn|[from] brn
|upkeep
|turn|9
|
|t:|1757644887
|move|p1a: Porygon2|Ice Beam|p2a: Rillaboom
|-supereffective|p2a: Rillaboom
|-damage|p2a: Rillaboom|35/100
|move|p1b: Ursaluna|Earthquake|p2a: Rillaboom|[spread] p1a,p2a,p2b
|-resisted|p2a: Rillaboom
|-supereffective|p2b: Arcanine
|-damage|p1a: Porygon2|56/100
|-damage|p2a: Rillaboom|15/100
|-damage|p2b: Arcanine|0 fnt
|faint|p2b: Arcanine
|move|p2a: Rillaboom|Wood Hammer|p1b: Ursaluna
|-damage|p1b: Ursaluna|5/100 brn
|-damage|p2a: Rillaboom|0 fnt|[from] Recoil
|faint|p2a: Rillaboom
|
|-damage|p1b: Ursaluna|0 fnt|[from] brn
|faint|p1b: Ursaluna
|upkeep
|
|t:|1757644900
|switch|p1b: Amoonguss|Amoonguss, L50, F|54/100
|switch|p2a: Kommo-o|Kommo-o, L50, M, shiny|93/100
|switch|p2b: Picasso|Smeargle, L50, F, shiny, tera:Ghost|1/100 slp
|turn|10
|
|t:|1757644912
|move|p1b: Amoonguss|Spore|p2a: Kommo-o
|-status|p2a: Kommo-o|slp|[from] move: Spore
|move|p1a: Porygon2|Ice Beam|p2b: Picasso
|-damage|p2b: Picasso|0 fnt
|faint|p2b: Picasso
|cant|p2a: Kommo-o|slp
|
|-fieldend|move: Trick Room
|upkeep
|turn|11
|
|t:|1757644925
|cant|p2a: Kommo-o|slp
|move|p1a: Porygon2|Ice Beam|p2a: Kommo-o
|-supereffective|p2a: Kommo-o
|-damage|p2a: Kommo-o|34/100 slp
|move|p1b: Amoonguss|Pollen Puff|p1a: Porygon2
|-heal|p1a: Porygon2|100/100
|
|upkeep
|turn|12
|
|t:|1757644933
|move|p1b: Amoonguss|Rage Powder|p1b: Amoonguss
|-singleturn|p1b: Amoonguss|move: Rage Powder
|-curestatus|p2a: Kommo-o|slp|[msg]
|move|p2a: Kommo-o|Aura Sphere|p1b: Amoonguss
|-resisted|p1b: Amoonguss
|-damage|p1b: Amoonguss|36/100
|-damage|p2a: Kommo-o|25/100|[from] item: Life Orb
|move|p1a: Porygon2|Ice Beam|p2a: Kommo-o
|-supereffective|p2a: Kommo-o
|-damage|p2a: Kommo-o|0 fnt
|faint|p2a: Kommo-o
|
|win|crullvgc
||pink dragon gaming is ready for game 2.
