|j|☆TreyBayBay
|j|☆Stutesting
|html|TreyBayBayStutesting    
|uhtml|bestof|Game 1 of a best-of-3
|t:|1757632472
|gametype|doubles
|player|p1|TreyBayBay|ninjaboy|1135
|player|p2|Stutesting|265|1204
|gen|9
|tier|[Gen 9] VGC 2025 Reg H (Bo3)
|rated|
|rule|Species Clause: Limit one of each Pokémon
|rule|Item Clause: Limit 1 of each item
|clearpoke
|poke|p1|Ninetales-Alola, L50, M|
|poke|p1|Farigiraf, L50, M|
|poke|p1|Sneasler, L50, M|
|poke|p1|Incineroar, L50, M|
|poke|p1|Archaludon, L50, F|
|poke|p1|Hydreigon, L50, F|
|poke|p2|Amoonguss, L50, F|
|poke|p2|Incineroar, L50, F|
|poke|p2|Ceruledge, L50, F|
|poke|p2|Porygon2, L50|
|poke|p2|Palafin, L50, F|
|poke|p2|Ursaluna, L50, F|
|teampreview|4
|showteam|p1|Ninetales-Alola||LightClay|SnowWarning|Protect,Blizzard,Moonblast,AuroraVeil|||M|||50|,,,,,Ghost]Farigiraf||ThroatSpray|ArmorTail|ExpandingForce,HyperVoice,TrickRoom,Imprison|||M|||50|,,,,,Fairy]Sneasler||FocusSash|PoisonTouch|FakeOut,DireClaw,CloseCombat,Taunt|||M|||50|,,,,,Stellar]Incineroar||SafetyGoggles|Intimidate|FakeOut,FlareBlitz,KnockOff,WillOWisp|||M|||50|,,,,,Ghost]Archaludon||AssaultVest|Stamina|DracoMeteor,FlashCannon,BodyPress,Snarl|||F|||50|,,,,,Bug]Hydreigon||CovertCloak|Levitate|DarkPulse,EarthPower,NastyPlot,Tailwind|||F|||50|,,,,,Ghost
|showteam|p2|Amoonguss||SitrusBerry|Regenerator|Spore,RagePowder,PollenPuff,Protect|||F|||50|,,,,,Dark]Incineroar||SafetyGoggles|Intimidate|FakeOut,KnockOff,FlareBlitz,PartingShot|||F|||50|,,,,,Ghost]Ceruledge||AssaultVest|FlashFire|BitterBlade,ShadowSneak,CloseCombat,TeraBlast|||F|||50|,,,,,Grass]Porygon2||Eviolite|Download|TeraBlast,IceBeam,TrickRoom,Recover||||||50|,,,,,Fairy]Palafin||MysticWater|ZerotoHero|JetPunch,WaveCrash,CloseCombat,Protect|||F|||50|,,,,,Water]Ursaluna||FlameOrb|Guts|Facade,HeadlongRush,Earthquake,Protect|||F|||50|,,,,,Poison
|inactive|Battle timer is ON: inactive players will automatically lose when time's up. (requested by Stutesting)
|c|☆Stutesting|Glhf
|c|☆TreyBayBay|u2
|
|t:|1757632501
|teamsize|p1|4
|teamsize|p2|4
|start
|switch|p1a: Sneasler|Sneasler, L50, M|100/100
|switch|p1b: Farigiraf|Farigiraf, L50, M, shiny|100/100
|switch|p2a: Palafin|Palafin, L50, F, shiny|100/100
|switch|p2b: Incineroar|Incineroar, L50, F|100/100
|-ability|p2b: Incineroar|Intimidate|boost
|-unboost|p1a: Sneasler|atk|1
|-unboost|p1b: Farigiraf|atk|1
|turn|1
|
|t:|1757632523
|move|p2a: Palafin|Jet Punch||[still]
|cant|p1b: Farigiraf|ability: Armor Tail|Jet Punch|[of] p2a: Palafin
|move|p1a: Sneasler|Close Combat|p2b: Incineroar
|-supereffective|p2b: Incineroar
|-damage|p2b: Incineroar|37/100
|-unboost|p1a: Sneasler|def|1
|-unboost|p1a: Sneasler|spd|1
|-status|p2b: Incineroar|psn|[from] ability: Poison Touch|[of] p1a: Sneasler
|move|p1b: Farigiraf|Hyper Voice|p2b: Incineroar|[spread] p2a,p2b
|-damage|p2a: Palafin|70/100
|-damage|p2b: Incineroar|14/100 psn
|-enditem|p1b: Farigiraf|Throat Spray
|-boost|p1b: Farigiraf|spa|1|[from] item: Throat Spray
|move|p2b: Incineroar|Flare Blitz|p1a: Sneasler
|-enditem|p1a: Sneasler|Focus Sash
|-damage|p1a: Sneasler|1/100
|-status|p1a: Sneasler|brn
|-damage|p2b: Incineroar|0 fnt|[from] Recoil
|faint|p2b: Incineroar
|
|-damage|p1a: Sneasler|0 fnt|[from] brn
|faint|p1a: Sneasler
|upkeep
|c|☆Stutesting|Yo can we restart? I’m clearly mentally handicapped
|
|t:|1757632547
|switch|p1a: Incineroar|Incineroar, L50, M|100/100
|switch|p2b: Porygon2|Porygon2, L50|100/100
|-ability|p1a: Incineroar|Intimidate|boost
|-unboost|p2a: Palafin|atk|1
|-unboost|p2b: Porygon2|atk|1
|-ability|p2b: Porygon2|Download|boost
|-boost|p2b: Porygon2|spa|1
|turn|2
|
|t:|1757632560
|detailschange|p2a: Palafin|Palafin-Hero, L50, F, shiny
|switch|p2a: Amoonguss|Amoonguss, L50, F|100/100
|move|p1a: Incineroar|Knock Off|p2b: Porygon2
|-damage|p2b: Porygon2|75/100
|-enditem|p2b: Porygon2|Eviolite|[from] move: Knock Off|[of] p1a: Incineroar
|move|p1b: Farigiraf|Imprison|p1b: Farigiraf
|-start|p1b: Farigiraf|move: Imprison
|cant|p2b: Porygon2|move: Imprison|Trick Room
|
|upkeep
|turn|3
|
|t:|1757632583
|-terastallize|p2a: Amoonguss|Dark
|move|p1a: Incineroar|Knock Off|p2a: Amoonguss
|-resisted|p2a: Amoonguss
|-damage|p2a: Amoonguss|83/100
|-enditem|p2a: Amoonguss|Sitrus Berry|[from] move: Knock Off|[of] p1a: Incineroar
|move|p2b: Porygon2|Tera Blast|p1a: Incineroar
|-damage|p1a: Incineroar|54/100
|move|p1b: Farigiraf|Hyper Voice|p2a: Amoonguss|[spread] p2a,p2b
|-damage|p2a: Amoonguss|55/100
|-damage|p2b: Porygon2|38/100
|move|p2a: Amoonguss|Spore|p1b: Farigiraf
|-status|p1b: Farigiraf|slp|[from] move: Spore
|
|upkeep
|turn|4
|inactive|TreyBayBay has 30 seconds left.
|inactive|Stutesting has 30 seconds left.
|inactive|Stutesting has 20 seconds left.
|
|t:|1757632619
|switch|p2b: Palafin|Palafin-Hero, L50, F, shiny|70/100
|-activate|p2b: Palafin|ability: Zero to Hero
|move|p1a: Incineroar|Flare Blitz|p2b: Palafin
|-resisted|p2b: Palafin
|-damage|p2b: Palafin|49/100
|-damage|p1a: Incineroar|48/100|[from] Recoil
|cant|p1b: Farigiraf|slp
|move|p2a: Amoonguss|Pollen Puff|p2b: Palafin
|-heal|p2b: Palafin|99/100
|
|upkeep
|turn|5
|inactive|TreyBayBay has 30 seconds left.
|
|t:|1757632645
|switch|p1a: Hydreigon|Hydreigon, L50, F, shiny|100/100
|switch|p2a: Porygon2|Porygon2, L50|38/100
|-ability|p2a: Porygon2|Download|boost
|-boost|p2a: Porygon2|spa|1
|move|p2b: Palafin|Wave Crash|p1b: Farigiraf
|-damage|p1b: Farigiraf|32/100 slp
|-damage|p2b: Palafin|74/100|[from] Recoil
|cant|p1b: Farigiraf|slp
|
|upkeep
|turn|6
|inactive|TreyBayBay has 30 seconds left.
|
|t:|1757632671
|move|p1a: Hydreigon|Dark Pulse|p2a: Porygon2
|-damage|p2a: Porygon2|0 fnt
|faint|p2a: Porygon2
|move|p2b: Palafin|Wave Crash|p1b: Farigiraf
|-damage|p1b: Farigiraf|0 fnt
|faint|p1b: Farigiraf
|-damage|p2b: Palafin|63/100|[from] Recoil
|
|upkeep
|
|t:|1757632688
|switch|p2a: Amoonguss|Amoonguss, L50, F, tera:Dark|89/100
|switch|p1b: Incineroar|Incineroar, L50, M|48/100
|-ability|p1b: Incineroar|Intimidate|boost
|-unboost|p2a: Amoonguss|atk|1
|-unboost|p2b: Palafin|atk|1
|turn|7
|
|t:|1757632712
|move|p2b: Palafin|Protect|p2b: Palafin
|-singleturn|p2b: Palafin|Protect
|move|p2a: Amoonguss|Protect|p2a: Amoonguss
|-singleturn|p2a: Amoonguss|Protect
|move|p1a: Hydreigon|Earth Power|p2a: Amoonguss
|-activate|p2a: Amoonguss|move: Protect
|move|p1b: Incineroar|Flare Blitz|p2a: Amoonguss
|-activate|p2a: Amoonguss|move: Protect
|
|upkeep
|turn|8
|
|t:|1757632727
|move|p1a: Hydreigon|Dark Pulse|p2b: Palafin
|-damage|p2b: Palafin|24/100
|move|p2b: Palafin|Wave Crash|p1b: Incineroar
|-supereffective|p1b: Incineroar
|-damage|p1b: Incineroar|0 fnt
|faint|p1b: Incineroar
|-damage|p2b: Palafin|9/100|[from] Recoil
|move|p2a: Amoonguss|Spore|p1a: Hydreigon
|-status|p1a: Hydreigon|slp|[from] move: Spore
|
|upkeep
|turn|9
|
|t:|1757632749
|-terastallize|p1a: Hydreigon|Ghost
|cant|p1a: Hydreigon|slp
|move|p2b: Palafin|Close Combat|p1a: Hydreigon
|-immune|p1a: Hydreigon
|move|p2a: Amoonguss|Pollen Puff|p2b: Palafin
|-heal|p2b: Palafin|59/100
|
|upkeep
|turn|10
|
|t:|1757632762
|cant|p1a: Hydreigon|slp
|move|p2b: Palafin|Wave Crash|p1a: Hydreigon
|-damage|p1a: Hydreigon|41/100 slp
|-damage|p2b: Palafin|40/100|[from] Recoil
|move|p2a: Amoonguss|Pollen Puff|p2b: Palafin
|-heal|p2b: Palafin|90/100
|
|upkeep
|turn|11
|
|t:|1757632773
|move|p2a: Amoonguss|Rage Powder|p2a: Amoonguss
|-singleturn|p2a: Amoonguss|move: Rage Powder
|cant|p1a: Hydreigon|slp
|move|p2b: Palafin|Wave Crash|p1a: Hydreigon
|-damage|p1a: Hydreigon|0 fnt
|faint|p1a: Hydreigon
|-damage|p2b: Palafin|77/100|[from] Recoil
|
|win|Stutesting
||Stutesting is ready for game 2.
|l|☆Stutesting
|player|p2|
|c|☆TreyBayBay|these sleeps
