|j|☆aqueousbloop
|j|☆amaro29
|html|aqueousbloopamaro29    
|uhtml|bestof|Game 2 of a best-of-3
|t:|1785303192
|gametype|doubles
|player|p1|aqueousbloop|2|1085
|player|p2|amaro29|cilan|1076
|gen|9
|tier|[Gen 9 Champions] VGC 2026 Reg M-B (Bo3)
|rated|
|rule|Species Clause: Limit one of each Pokémon
|rule|Item Clause: Limit 1 of each item
|clearpoke
|poke|p1|Hatterene, L50, F|
|poke|p1|Oranguru, L50, M|
|poke|p1|Mawile, L50, F|
|poke|p1|Kangaskhan, L50, F|
|poke|p1|Venusaur, L50, F|
|poke|p1|Torkoal, L50, F|
|poke|p2|Swampert, L50, M|
|poke|p2|Pelipper, L50, F, shiny|
|poke|p2|Archaludon, L50, F|
|poke|p2|Basculegion, L50, M, shiny|
|poke|p2|Grimmsnarl, L50, M, shiny|
|poke|p2|Sinistcha, L50|
|teampreview|4
|showteam|p1|Hatterene||LifeOrb|MagicBounce|Protect,Psychic,TrickRoom,DazzlingGleam|Quiet||F|||50|]Oranguru||MentalHerb|InnerFocus|Protect,Instruct,Psychic,TrickRoom|Bold||M|||50|]Mawile||Mawilite|HyperCutter|SuckerPunch,PlayRough,Protect,IronHead|Brave||F|||50|]Kangaskhan||SilkScarf|Scrappy|LastResort,FakeOut|Brave||F|||50|]Venusaur||FocusSash|Chlorophyll|LeafStorm,SludgeBomb,SleepPowder,Protect|Modest||F|||50|]Torkoal||Charcoal|Drought|Eruption,Protect,EarthPower,HeatWave|Quiet||F|||50|
|showteam|p2|Swampert||Swampertite|Torrent|WaveCrash,HighHorsepower,IcePunch,Protect|Adamant||M|||50|]Pelipper||FocusSash|Drizzle|WeatherBall,Tailwind,WideGuard,Hurricane|Modest||F|||50|]Archaludon||Leftovers|Stamina|ElectroShot,Protect,DragonPulse,FlashCannon|Modest||F|||50|]Basculegion||ChoiceScarf|Adaptability|WaveCrash,FlipTurn,AquaJet,LastRespects|Jolly||M|||50|]Grimmsnarl||LightClay|Prankster|SpiritBreak,PartingShot,LightScreen,Reflect|Careful||M|||50|]Sinistcha||SitrusBerry|Hospitality|MatchaGotcha,Protect,RagePowder,TrickRoom|Bold|||||50|
|inactive|Battle timer is ON: inactive players will automatically lose when time's up. (requested by amaro29)
|
|t:|1785303234
|teamsize|p1|4
|teamsize|p2|4
|start
|switch|p1a: Venusaur|Venusaur, L50, F|100/100
|switch|p1b: Oranguru|Oranguru, L50, M|100/100
|switch|p2a: Grimmsnarl|Grimmsnarl, L50, M, shiny|100/100
|switch|p2b: Archaludon|Archaludon, L50, F|100/100
|turn|1
|inactive|amaro29 has 30 seconds left.
|
|t:|1785303259
|move|p2a: Grimmsnarl|Light Screen|p2a: Grimmsnarl
|-sidestart|p2: amaro29|move: Light Screen
|move|p1a: Venusaur|Sludge Bomb|p2a: Grimmsnarl
|-supereffective|p2a: Grimmsnarl|1
|-damage|p2a: Grimmsnarl|44/100
|move|p2b: Archaludon|Dragon Pulse|p1a: Venusaur
|-damage|p1a: Venusaur|57/100
|move|p1b: Oranguru|Instruct|p1a: Venusaur
|-singleturn|p1a: Venusaur|move: Instruct|[of] p1b: Oranguru
|move|p1a: Venusaur|Sludge Bomb|p2a: Grimmsnarl
|-supereffective|p2a: Grimmsnarl|1
|-damage|p2a: Grimmsnarl|0 fnt
|faint|p2a: Grimmsnarl
|
|upkeep
|
|t:|1785303274
|switch|p2a: Pelipper|Pelipper, L50, F, shiny|100/100
|-weather|RainDance|[from] ability: Drizzle|[of] p2a: Pelipper
|turn|2
|inactive|aqueousbloop has 30 seconds left.
|inactive|aqueousbloop has 20 seconds left.
|
|t:|1785303312
|move|p1a: Venusaur|Sludge Bomb|p2a: Pelipper
|-damage|p2a: Pelipper|54/100
|move|p2a: Pelipper|Hurricane|p1b: Oranguru
|-damage|p1b: Oranguru|63/100
|-start|p1b: Oranguru|confusion
|move|p2b: Archaludon|Dragon Pulse|p1b: Oranguru
|-damage|p1b: Oranguru|29/100
|-activate|p1b: Oranguru|confusion
|-damage|p1b: Oranguru|24/100|[from] confusion
|
|-weather|RainDance|[upkeep]
|upkeep
|turn|3
|
|t:|1785303331
|-activate|p1b: Oranguru|confusion
|move|p1b: Oranguru|Protect|p1b: Oranguru
|-singleturn|p1b: Oranguru|Protect
|move|p1a: Venusaur|Sludge Bomb|p2a: Pelipper
|-damage|p2a: Pelipper|5/100
|-status|p2a: Pelipper|psn
|move|p2a: Pelipper|Hurricane|p1a: Venusaur
|-supereffective|p1a: Venusaur|1
|-damage|p1a: Venusaur|0 fnt
|faint|p1a: Venusaur
|move|p2b: Archaludon|Dragon Pulse|p1b: Oranguru
|-activate|p1b: Oranguru|move: Protect
|
|-weather|RainDance|[upkeep]
|-damage|p2a: Pelipper|0 fnt|[from] psn
|faint|p2a: Pelipper
|upkeep
|
|t:|1785303346
|switch|p1a: Kangaskhan|Kangaskhan, L50, F|100/100
|switch|p2a: Sinistcha|Sinistcha, L50|100/100
|turn|4
|
|t:|1785303368
|move|p2b: Archaludon|Protect|p2b: Archaludon
|-singleturn|p2b: Archaludon|Protect
|-activate|p1b: Oranguru|confusion
|-damage|p1b: Oranguru|19/100|[from] confusion
|move|p1a: Kangaskhan|Fake Out|p2b: Archaludon
|-activate|p2b: Archaludon|move: Protect
|move|p2a: Sinistcha|Trick Room|p2a: Sinistcha
|-fieldstart|move: Trick Room|[of] p2a: Sinistcha
|
|-weather|RainDance|[upkeep]
|upkeep
|turn|5
|
|t:|1785303387
|move|p2a: Sinistcha|Rage Powder|p2a: Sinistcha
|-singleturn|p2a: Sinistcha|move: Rage Powder
|-activate|p1b: Oranguru|confusion
|move|p1b: Oranguru|Instruct|p2a: Sinistcha
|-singleturn|p2a: Sinistcha|move: Instruct|[of] p1b: Oranguru
|move|p2a: Sinistcha|Rage Powder||[still]
|-fail|p2a: Sinistcha
|move|p1a: Kangaskhan|Last Resort|p2a: Sinistcha
|-damage|p2a: Sinistcha|38/100
|-enditem|p2a: Sinistcha|Sitrus Berry|[eat]
|-heal|p2a: Sinistcha|63/100|[from] item: Sitrus Berry
|move|p2b: Archaludon|Electro Shot||[still]
|-prepare|p2b: Archaludon|Electro Shot
|-boost|p2b: Archaludon|spa|1
|-anim|p2b: Archaludon|Electro Shot|p1a: Kangaskhan
|-damage|p1a: Kangaskhan|41/100
|
|-weather|RainDance|[upkeep]
|upkeep
|turn|6
|
|t:|1785303411
|move|p2a: Sinistcha|Protect|p2a: Sinistcha
|-singleturn|p2a: Sinistcha|Protect
|-end|p1b: Oranguru|confusion
|move|p1b: Oranguru|Instruct|p1a: Kangaskhan
|-singleturn|p1a: Kangaskhan|move: Instruct|[of] p1b: Oranguru
|move|p1a: Kangaskhan|Last Resort|p2a: Sinistcha
|-activate|p2a: Sinistcha|move: Protect
|move|p1a: Kangaskhan|Last Resort|p2a: Sinistcha
|-activate|p2a: Sinistcha|move: Protect
|move|p2b: Archaludon|Dragon Pulse|p1a: Kangaskhan
|-damage|p1a: Kangaskhan|0 fnt
|faint|p1a: Kangaskhan
|
|-weather|none
|upkeep
|
|t:|1785303427
|switch|p1a: Torkoal|Torkoal, L50, F|100/100
|-weather|SunnyDay|[from] ability: Drought|[of] p1a: Torkoal
|turn|7
|
|t:|1785303448
|move|p1a: Torkoal|Eruption|p2b: Archaludon|[spread] p2a,p2b
|-supereffective|p2a: Sinistcha|1
|-damage|p2a: Sinistcha|0 fnt
|-damage|p2b: Archaludon|45/100
|-ability|p2b: Archaludon|Stamina|boost
|-boost|p2b: Archaludon|def|1
|faint|p2a: Sinistcha
|move|p1b: Oranguru|Instruct|p1a: Torkoal
|-singleturn|p1a: Torkoal|move: Instruct|[of] p1b: Oranguru
|move|p1a: Torkoal|Eruption|p2b: Archaludon
|-damage|p2b: Archaludon|0 fnt
|faint|p2b: Archaludon
|
|win|aqueousbloop
||amaro29 is ready for game 3.
|inactive|aqueousbloop has 30 seconds to confirm battle start!
||aqueousbloop is ready for game 3.
|uhtml|next|Next: Game 3 of 3
|l|☆amaro29
|player|p2|
