|j|☆heycoachitsnate
|j|☆goodfish6211
|html|heycoachitsnategoodfish6211    
|uhtml|bestof|Game 2 of a best-of-3
|t:|1785479385
|gametype|doubles
|player|p1|heycoachitsnate|n|1000
|player|p2|goodfish6211|102|1115
|gen|9
|tier|[Gen 9 Champions] VGC 2026 Reg M-B (Bo3)
|rated|
|rule|Species Clause: Limit one of each Pokémon
|rule|Item Clause: Limit 1 of each item
|clearpoke
|poke|p1|Venusaur, L50, F|
|poke|p1|Charizard, L50, M, shiny|
|poke|p1|Garchomp, L50, F|
|poke|p1|Annihilape, L50, M, shiny|
|poke|p1|Incineroar, L50, M|
|poke|p1|Toxapex, L50, F, shiny|
|poke|p2|Charizard, L50, F|
|poke|p2|Sylveon, L50, M, shiny|
|poke|p2|Venusaur, L50, F|
|poke|p2|Kingambit, L50, M|
|poke|p2|Basculegion, L50, M|
|poke|p2|Aerodactyl, L50, M, shiny|
|teampreview|4
|showteam|p1|Venusaur||LifeOrb|Chlorophyll|SolarBeam,SludgeBomb,EarthPower,Protect|Modest||F|||50|]Charizard||CharizarditeY|Blaze|HeatWave,WeatherBall,HelpingHand,Protect|Bold||M|||50|]Garchomp||ChoiceScarf|RoughSkin|RockSlide,DragonClaw,Earthquake,StompingTantrum|Adamant||F|||50|]Annihilape||FocusSash|Defiant|PhantomForce,CloseCombat,RockTomb,Protect|Jolly||M|||50|]Incineroar||SitrusBerry|Intimidate|FlareBlitz,ThroatChop,PartingShot,FakeOut|Impish||M|||50|]Toxapex||Leftovers|Regenerator|Infestation,Toxic,WideGuard,BanefulBunker|Impish||F|||50|
|showteam|p2|Charizard||CharizarditeY|Blaze|HeatWave,WeatherBall,SolarBeam,Protect|Timid||F|||50|]Sylveon||FairyFeather|Pixilate|HyperVoice,Moonblast,QuickAttack,Detect|Modest||M|||50|]Venusaur||LifeOrb|Chlorophyll|GigaDrain,SludgeBomb,EarthPower,Protect|Timid||F|||50|]Kingambit||BlackGlasses|Defiant|KowtowCleave,SuckerPunch,SwordsDance,Protect|Adamant||M|||50|]Basculegion||MysticWater|Adaptability|WaveCrash,LastRespects,AquaJet,Protect|Adamant||M|||50|]Aerodactyl||Aerodactylite|Unnerve|RockSlide,DualWingbeat,Tailwind,Protect|Jolly||M|||50|
|inactive|Battle timer is ON: inactive players will automatically lose when time's up. (requested by goodfish6211)
|inactive|heycoachitsnate also wants the timer to be on.
|inactive|goodfish6211 has 60 seconds left.
|
|t:|1785479420
|teamsize|p1|4
|teamsize|p2|4
|start
|switch|p1a: Charizard|Charizard, L50, M, shiny|100/100
|switch|p1b: Toxapex|Toxapex, L50, F, shiny|100/100
|switch|p2a: Aerodactyl|Aerodactyl, L50, M, shiny|100/100
|switch|p2b: Venusaur|Venusaur, L50, F|100/100
|-ability|p2a: Aerodactyl|Unnerve
|turn|1
|inactive|heycoachitsnate has 30 seconds left.
|inactive|heycoachitsnate has 20 seconds left.
|
|t:|1785479457
|switch|p2b: Charizard|Charizard, L50, F|100/100
|detailschange|p1a: Charizard|Charizard-Mega-Y, L50, M, shiny
|-mega|p1a: Charizard|Charizard|Charizardite Y
|-weather|SunnyDay|[from] ability: Drought|[of] p1a: Charizard
|move|p1b: Toxapex|Wide Guard|p1b: Toxapex
|-singleturn|p1b: Toxapex|Wide Guard
|move|p2a: Aerodactyl|Tailwind|p2a: Aerodactyl
|-sidestart|p2: goodfish6211|move: Tailwind
|move|p1a: Charizard|Heat Wave|p2b: Charizard|[spread] p2a,p2b
|-resisted|p2a: Aerodactyl|1
|-resisted|p2b: Charizard|1
|-damage|p2a: Aerodactyl|61/100
|-damage|p2b: Charizard|63/100
|-status|p2a: Aerodactyl|brn
|
|-weather|SunnyDay|[upkeep]
|-damage|p2a: Aerodactyl|56/100 brn|[from] brn
|upkeep
|turn|2
|inactive|heycoachitsnate has 30 seconds left.
|inactive|goodfish6211 has 30 seconds left.
|inactive|goodfish6211 has 20 seconds left.
|
|t:|1785479498
|detailschange|p2b: Charizard|Charizard-Mega-Y, L50, F
|-mega|p2b: Charizard|Charizard|Charizardite Y
|move|p2a: Aerodactyl|Rock Slide|p1a: Charizard|[spread] p1a,p1b
|-supereffective|p1a: Charizard|2
|-damage|p1a: Charizard|52/100
|-damage|p1b: Toxapex|91/100
|move|p2b: Charizard|Solar Beam||[still]
|-prepare|p2b: Charizard|Solar Beam
|-anim|p2b: Charizard|Solar Beam|p1b: Toxapex
|-damage|p1b: Toxapex|55/100
|move|p1a: Charizard|Weather Ball|p2b: Charizard
|-resisted|p2b: Charizard|1
|-damage|p2b: Charizard|21/100
|move|p1b: Toxapex|Infestation|p2a: Aerodactyl
|-resisted|p2a: Aerodactyl|1
|-damage|p2a: Aerodactyl|54/100 brn
|-activate|p2a: Aerodactyl|move: Infestation|[of] p1b: Toxapex
|
|-weather|SunnyDay|[upkeep]
|-heal|p1b: Toxapex|61/100|[from] item: Leftovers
|-damage|p2a: Aerodactyl|48/100 brn|[from] brn
|-damage|p2a: Aerodactyl|36/100 brn|[from] move: Infestation|[partiallytrapped]
|upkeep
|turn|3
|inactive|goodfish6211 has 30 seconds left.
|inactive|goodfish6211 has 20 seconds left.
|inactive|goodfish6211 has 15 seconds left.
|
|t:|1785479539
|switch|p2b: Basculegion|Basculegion, L50, M|100/100
|move|p1a: Charizard|Protect|p1a: Charizard
|-singleturn|p1a: Charizard|Protect
|move|p1b: Toxapex|Baneful Bunker|p1b: Toxapex
|-singleturn|p1b: Toxapex|move: Protect
|move|p2a: Aerodactyl|Dual Wingbeat|p1a: Charizard
|-activate|p1a: Charizard|move: Protect
|
|-weather|SunnyDay|[upkeep]
|-heal|p1b: Toxapex|66/100|[from] item: Leftovers
|-damage|p2a: Aerodactyl|30/100 brn|[from] brn
|-damage|p2a: Aerodactyl|18/100 brn|[from] move: Infestation|[partiallytrapped]
|upkeep
|turn|4
|inactive|heycoachitsnate has 30 seconds left.
|inactive|heycoachitsnate has 20 seconds left.
|
|t:|1785479574
|switch|p1a: Garchomp|Garchomp, L50, F|100/100
|move|p2a: Aerodactyl|Protect|p2a: Aerodactyl
|-singleturn|p2a: Aerodactyl|Protect
|move|p2b: Basculegion|Wave Crash|p1a: Garchomp
|-damage|p1a: Garchomp|56/100
|-damage|p2b: Basculegion|87/100|[from] ability: Rough Skin|[of] p1a: Garchomp
|-damage|p2b: Basculegion|73/100|[from] Recoil
|move|p1b: Toxapex|Infestation|p2b: Basculegion
|-resisted|p2b: Basculegion|1
|-damage|p2b: Basculegion|72/100
|-activate|p2b: Basculegion|move: Infestation|[of] p1b: Toxapex
|
|-weather|SunnyDay|[upkeep]
|-heal|p1b: Toxapex|72/100|[from] item: Leftovers
|-damage|p2a: Aerodactyl|12/100 brn|[from] brn
|-damage|p2a: Aerodactyl|1/100 brn|[from] move: Infestation|[partiallytrapped]
|-damage|p2b: Basculegion|59/100|[from] move: Infestation|[partiallytrapped]
|-sideend|p2: goodfish6211|move: Tailwind
|upkeep
|turn|5
|inactive|heycoachitsnate has 30 seconds left.
|
|t:|1785479601
|switch|p2b: Venusaur|Venusaur, L50, F|100/100
|move|p1a: Garchomp|Rock Slide|p2b: Venusaur|[spread] p2a,p2b
|-supereffective|p2a: Aerodactyl|1
|-damage|p2a: Aerodactyl|0 fnt
|-damage|p2b: Venusaur|70/100
|faint|p2a: Aerodactyl
|move|p1b: Toxapex|Toxic|p2b: Venusaur
|-immune|p2b: Venusaur
|
|-weather|none
|-heal|p1b: Toxapex|78/100|[from] item: Leftovers
|upkeep
|
|t:|1785479610
|switch|p2a: Charizard|Charizard-Mega-Y, L50, F|21/100
|-weather|SunnyDay|[from] ability: Drought|[of] p2a: Charizard
|turn|6
|
|t:|1785479627
|move|p2a: Charizard|Protect|p2a: Charizard
|-singleturn|p2a: Charizard|Protect
|move|p2b: Venusaur|Giga Drain|p1a: Garchomp
|-damage|p1a: Garchomp|8/100
|-heal|p2b: Venusaur|100/100|[from] drain|[of] p1a: Garchomp
|-damage|p2b: Venusaur|90/100|[from] item: Life Orb
|move|p1a: Garchomp|Rock Slide|p2b: Venusaur|[spread] p2b
|-activate|p2a: Charizard|move: Protect
|-damage|p2b: Venusaur|64/100
|move|p1b: Toxapex|Infestation|p2b: Venusaur
|-damage|p2b: Venusaur|61/100
|-activate|p2b: Venusaur|move: Infestation|[of] p1b: Toxapex
|
|-weather|SunnyDay|[upkeep]
|-heal|p1b: Toxapex|84/100|[from] item: Leftovers
|-damage|p2b: Venusaur|49/100|[from] move: Infestation|[partiallytrapped]
|upkeep
|turn|7
|inactive|heycoachitsnate has 30 seconds left.
|inactive|goodfish6211 has 30 seconds left.
|
|t:|1785479656
|move|p2b: Venusaur|Giga Drain|p1a: Garchomp
|-damage|p1a: Garchomp|0 fnt
|-heal|p2b: Venusaur|54/100|[from] drain|[of] p1a: Garchomp
|faint|p1a: Garchomp
|-damage|p2b: Venusaur|45/100|[from] item: Life Orb
|move|p2a: Charizard|Solar Beam||[still]
|-prepare|p2a: Charizard|Solar Beam
|-anim|p2a: Charizard|Solar Beam|p1b: Toxapex
|-damage|p1b: Toxapex|48/100
|move|p1b: Toxapex|Infestation|p2a: Charizard
|-resisted|p2a: Charizard|2
|-damage|p2a: Charizard|21/100
|-activate|p2a: Charizard|move: Infestation|[of] p1b: Toxapex
|
|-weather|SunnyDay|[upkeep]
|-heal|p1b: Toxapex|54/100|[from] item: Leftovers
|-damage|p2b: Venusaur|33/100|[from] move: Infestation|[partiallytrapped]
|-damage|p2a: Charizard|9/100|[from] move: Infestation|[partiallytrapped]
|upkeep
|
|t:|1785479675
|switch|p1a: Charizard|Charizard-Mega-Y, L50, M, shiny|52/100
|turn|8
|inactive|heycoachitsnate has 30 seconds left.
|
|t:|1785479706
|move|p2b: Venusaur|Protect|p2b: Venusaur
|-singleturn|p2b: Venusaur|Protect
|move|p1b: Toxapex|Baneful Bunker|p1b: Toxapex
|-singleturn|p1b: Toxapex|move: Protect
|move|p2a: Charizard|Weather Ball|p1a: Charizard
|-resisted|p1a: Charizard|1
|-damage|p1a: Charizard|10/100
|move|p1a: Charizard|Heat Wave|p2b: Venusaur|[spread] p2a
|-activate|p2b: Venusaur|move: Protect
|-resisted|p2a: Charizard|1
|-damage|p2a: Charizard|0 fnt
|faint|p2a: Charizard
|
|-weather|SunnyDay|[upkeep]
|-heal|p1b: Toxapex|59/100|[from] item: Leftovers
|-damage|p2b: Venusaur|21/100|[from] move: Infestation|[partiallytrapped]
|upkeep
|
|t:|1785479713
|switch|p2a: Basculegion|Basculegion, L50, M|59/100
|turn|9
|
|t:|1785479723
|move|p2b: Venusaur|Sludge Bomb|p1a: Charizard
|-damage|p1a: Charizard|0 fnt
|faint|p1a: Charizard
|-damage|p2b: Venusaur|11/100|[from] item: Life Orb
|move|p2a: Basculegion|Last Respects|p1b: Toxapex
|-damage|p1b: Toxapex|0 fnt
|faint|p1b: Toxapex
|
|-weather|SunnyDay|[upkeep]
|-end|p2b: Venusaur|Infestation|[partiallytrapped]|[silent]
|upkeep
|
|t:|1785479733
|switch|p1b: Annihilape|Annihilape, L50, M, shiny|100/100
|turn|10
|
|t:|1785479745
|move|p1b: Annihilape|Protect|p1b: Annihilape
|-singleturn|p1b: Annihilape|Protect
|move|p2a: Basculegion|Protect|p2a: Basculegion
|-singleturn|p2a: Basculegion|Protect
|move|p2b: Venusaur|Giga Drain|p1b: Annihilape
|-activate|p1b: Annihilape|move: Protect
|
|-weather|none
|upkeep
|turn|11
|inactive|goodfish6211 has 30 seconds left.
|
|t:|1785479775
|move|p2a: Basculegion|Aqua Jet|p1b: Annihilape
|-damage|p1b: Annihilape|62/100
|move|p1b: Annihilape|Phantom Force||[still]
|-prepare|p1b: Annihilape|Phantom Force
|move|p2b: Venusaur|Giga Drain|p1b: Annihilape|[miss]
|-miss|p2b: Venusaur|p1b: Annihilape
|
|upkeep
|turn|12
|
|t:|1785479785
|move|p2a: Basculegion|Protect|p2a: Basculegion
|-singleturn|p2a: Basculegion|Protect
|move|p1b: Annihilape|Phantom Force|p2a: Basculegion|[from] lockedmove
|-activate|p2a: Basculegion|move: Phantom Force|[broken]
|-supereffective|p2a: Basculegion|1
|-damage|p2a: Basculegion|0 fnt
|faint|p2a: Basculegion
|move|p2b: Venusaur|Giga Drain|p1b: Annihilape
|-damage|p1b: Annihilape|15/100
|-heal|p2b: Venusaur|39/100|[from] drain|[of] p1b: Annihilape
|-damage|p2b: Venusaur|29/100|[from] item: Life Orb
|
|upkeep
|turn|13
|
|t:|1785479801
|move|p1b: Annihilape|Phantom Force||[still]
|-prepare|p1b: Annihilape|Phantom Force
|move|p2b: Venusaur|Giga Drain|p1b: Annihilape|[miss]
|-miss|p2b: Venusaur|p1b: Annihilape
|
|upkeep
|turn|14
|
|t:|1785479804
|move|p1b: Annihilape|Phantom Force|p2b: Venusaur|[from] lockedmove
|-damage|p2b: Venusaur|0 fnt
|faint|p2b: Venusaur
|
|win|heycoachitsnate
||heycoachitsnate is ready for game 3.
||goodfish6211 is ready for game 3.
|uhtml|next|Next: Game 3 of 3
|l|☆heycoachitsnate
|player|p1|
