|j|☆Aeon_Twins
|j|☆parmesanlugubre206
|html|Aeon_Twinsparmesanlugubre206    
|uhtml|bestof|Game 1 of a best-of-3
|t:|1783027003
|gametype|doubles
|player|p1|Aeon_Twins|n|1319
|player|p2|parmesanlugubre206|ethan|1248
|gen|9
|tier|[Gen 9 Champions] VGC 2026 Reg M-B (Bo3)
|rated|
|rule|Species Clause: Limit one of each Pokémon
|rule|Item Clause: Limit 1 of each item
|clearpoke
|poke|p1|Raichu, L50, M|
|poke|p1|Sinistcha, L50|
|poke|p1|Ceruledge, L50, M|
|poke|p1|Milotic, L50, M|
|poke|p1|Incineroar, L50, M|
|poke|p1|Gardevoir, L50, F|
|poke|p2|Raichu, L50, F|
|poke|p2|Aerodactyl, L50, M|
|poke|p2|Gholdengo, L50|
|poke|p2|Tauros-Paldea-Aqua, L50, M|
|poke|p2|Sinistcha, L50|
|poke|p2|Arcanine-Hisui, L50, M|
|teampreview|4
|showteam|p1|Raichu||RaichuniteY|LightningRod|ZapCannon,FocusBlast,FakeOut,Protect|Timid||M|||50|]Sinistcha||KasibBerry|Hospitality|MatchaGotcha,LifeDew,RagePowder,Protect|Relaxed|||||50|]Ceruledge||ColburBerry|FlashFire|BitterBlade,ShadowSneak,BulkUp,Protect|Adamant||M|||50|]Milotic||Leftovers|Competitive|MuddyWater,Coil,Hypnosis,Protect|Calm||M|||50|]Incineroar||SitrusBerry|Intimidate|FlareBlitz,ThroatChop,FakeOut,PartingShot|Impish||M|||50|]Gardevoir||Gardevoirite|Synchronize|HyperVoice,Psyshock,CalmMind,Protect|Timid||F|||50|
|showteam|p2|Raichu||RaichuniteY|LightningRod|ZapCannon,FocusBlast,Substitute,Protect|Timid||F|||50|]Aerodactyl||Aerodactylite|Unnerve|RockSlide,IceFang,Tailwind,Protect|Jolly||M|||50|]Gholdengo||ChoiceScarf|GoodasGold|MakeItRain,FlashCannon,Hex,Trick|Modest|||||50|]Tauros-Paldea-Aqua||WhiteHerb|Intimidate|RagingBull,CloseCombat,AquaJet,Protect|Adamant||M|||50|]Sinistcha||Leftovers|Hospitality|MatchaGotcha,Hex,RagePowder,Protect|Modest|||||50|]Arcanine-Hisui||FocusSash|RockHead|RockSlide,FlareBlitz,ExtremeSpeed,Protect|Adamant||M|||50|
|inactive|Battle timer is ON: inactive players will automatically lose when time's up. (requested by parmesanlugubre206)
|inactive|Aeon_Twins has 60 seconds left.
|
|t:|1783027050
|teamsize|p1|4
|teamsize|p2|4
|start
|switch|p1a: Milotic|Milotic, L50, M|100/100
|switch|p1b: Incineroar|Incineroar, L50, M|100/100
|switch|p2a: Raichu|Raichu, L50, F|100/100
|switch|p2b: Aerodactyl|Aerodactyl, L50, M|100/100
|-ability|p2b: Aerodactyl|Unnerve
|-ability|p1b: Incineroar|Intimidate|boost
|-unboost|p2a: Raichu|atk|1
|-unboost|p2b: Aerodactyl|atk|1
|turn|1
|
|t:|1783027066
|switch|p2b: Tauros|Tauros-Paldea-Aqua, L50, M|100/100
|-ability|p2b: Tauros|Intimidate|boost
|-unboost|p1a: Milotic|atk|1
|-ability|p1a: Milotic|Competitive|boost
|-boost|p1a: Milotic|spa|2
|-unboost|p1b: Incineroar|atk|1
|switch|p1b: Raichu|Raichu, L50, M|100/100
|move|p2a: Raichu|Protect|p2a: Raichu
|-singleturn|p2a: Raichu|Protect
|move|p1a: Milotic|Coil|p1a: Milotic
|-boost|p1a: Milotic|atk|1
|-boost|p1a: Milotic|def|1
|-boost|p1a: Milotic|accuracy|1
|
|upkeep
|turn|2
|
|t:|1783027090
|move|p1b: Raichu|Fake Out|p2b: Tauros
|-damage|p2b: Tauros|91/100
|move|p2a: Raichu|Substitute|p2a: Raichu
|-start|p2a: Raichu|Substitute
|-damage|p2a: Raichu|75/100
|cant|p2b: Tauros|flinch
|move|p1a: Milotic|Hypnosis||[still]
|-fail|p1a: Milotic
|
|upkeep
|turn|3
|inactive|Aeon_Twins has 30 seconds left.
|
|t:|1783027116
|move|p2a: Raichu|Protect|p2a: Raichu
|-singleturn|p2a: Raichu|Protect
|move|p1b: Raichu|Protect|p1b: Raichu
|-singleturn|p1b: Raichu|Protect
|move|p2b: Tauros|Close Combat|p1b: Raichu
|-activate|p1b: Raichu|move: Protect
|move|p1a: Milotic|Hypnosis|p2b: Tauros|[miss]
|-miss|p1a: Milotic|p2b: Tauros
|
|upkeep
|turn|4
|inactive|Aeon_Twins has 30 seconds left.
|
|t:|1783027142
|detailschange|p2a: Raichu|Raichu-Mega-Y, L50, F
|-mega|p2a: Raichu|Raichu|Raichunite Y
|move|p2b: Tauros|Aqua Jet|p1b: Raichu
|-damage|p1b: Raichu|72/100
|move|p2a: Raichu|Focus Blast|p1b: Raichu
|-damage|p1b: Raichu|11/100
|move|p1b: Raichu|Focus Blast|p2a: Raichu
|-end|p2a: Raichu|Substitute
|move|p1a: Milotic|Hypnosis|p2b: Tauros
|-status|p2b: Tauros|slp|[from] move: Hypnosis
|
|upkeep
|turn|5
|
|t:|1783027167
|detailschange|p1b: Raichu|Raichu-Mega-Y, L50, M
|-mega|p1b: Raichu|Raichu|Raichunite Y
|cant|p2b: Tauros|slp
|move|p2a: Raichu|Focus Blast|p1a: Milotic
|-damage|p1a: Milotic|70/100
|move|p1b: Raichu|Focus Blast|p2a: Raichu
|-damage|p2a: Raichu|7/100
|move|p1a: Milotic|Muddy Water|p2b: Tauros|[spread] p2a,p2b
|-resisted|p2b: Tauros|1
|-crit|p2b: Tauros
|-damage|p2a: Raichu|0 fnt
|-damage|p2b: Tauros|49/100 slp
|faint|p2a: Raichu
|
|-heal|p1a: Milotic|76/100|[from] item: Leftovers
|upkeep
|
|t:|1783027178
|switch|p2a: Gholdengo|Gholdengo, L50|100/100
|turn|6
|
|t:|1783027184
|-curestatus|p2b: Tauros|slp|[msg]
|move|p2b: Tauros|Aqua Jet|p1b: Raichu
|-damage|p1b: Raichu|0 fnt
|faint|p1b: Raichu
|move|p2a: Gholdengo|Hex|p1a: Milotic
|-damage|p1a: Milotic|49/100
|move|p1a: Milotic|Muddy Water|p2a: Gholdengo|[spread] p2a,p2b
|-resisted|p2b: Tauros|1
|-damage|p2a: Gholdengo|50/100y
|-damage|p2b: Tauros|23/100
|-unboost|p2a: Gholdengo|accuracy|1
|
|-heal|p1a: Milotic|55/100|[from] item: Leftovers
|upkeep
|
|t:|1783027188
|switch|p1b: Sinistcha|Sinistcha, L50|100/100
|-heal|p1a: Milotic|80/100|[from] ability: Hospitality|[of] p1b: Sinistcha
|turn|7
|
|t:|1783027203
|switch|p1b: Incineroar|Incineroar, L50, M|100/100
|-ability|p1b: Incineroar|Intimidate|boost
|-unboost|p2a: Gholdengo|atk|1
|-unboost|p2b: Tauros|atk|1
|-enditem|p2b: Tauros|White Herb
|-clearnegativeboost|p2b: Tauros|[silent]
|move|p2b: Tauros|Protect|p2b: Tauros
|-singleturn|p2b: Tauros|Protect
|move|p2a: Gholdengo|Hex|p1b: Incineroar
|-resisted|p1b: Incineroar|1
|-damage|p1b: Incineroar|82/100
|move|p1a: Milotic|Muddy Water|p2a: Gholdengo|[spread] p2a
|-activate|p2b: Tauros|move: Protect
|-damage|p2a: Gholdengo|0 fnt
|faint|p2a: Gholdengo
|
|-heal|p1a: Milotic|86/100|[from] item: Leftovers
|upkeep
|
|t:|1783027205
|switch|p2a: Aerodactyl|Aerodactyl, L50, M|100/100
|-ability|p2a: Aerodactyl|Unnerve
|turn|8
|
|t:|1783027220
|switch|p1b: Sinistcha|Sinistcha, L50|100/100
|-heal|p1a: Milotic|100/100|[from] ability: Hospitality|[of] p1b: Sinistcha
|move|p2a: Aerodactyl|Rock Slide|p1a: Milotic|[spread] p1a,p1b
|-damage|p1a: Milotic|84/100
|-damage|p1b: Sinistcha|79/100
|move|p2b: Tauros|Close Combat|p1a: Milotic
|-damage|p1a: Milotic|51/100
|-unboost|p2b: Tauros|def|1
|-unboost|p2b: Tauros|spd|1
|move|p1a: Milotic|Muddy Water|p2a: Aerodactyl|[spread] p2a,p2b
|-supereffective|p2a: Aerodactyl|1
|-resisted|p2b: Tauros|1
|-damage|p2a: Aerodactyl|0 fnt
|-damage|p2b: Tauros|0 fnt
|faint|p2a: Aerodactyl
|faint|p2b: Tauros
|
|win|Aeon_Twins
||parmesanlugubre206 is ready for game 2.
|inactive|Aeon_Twins has 30 seconds to confirm battle start!
||Aeon_Twins is ready for game 2.
|uhtml|next|Next: Game 2 of 3
