|j|☆P!nkbearz07
|j|☆Strom spriggan
|html|P!nkbearz07Strom spriggan    
|uhtml|bestof|Game 2 of a best-of-3
|t:|1756520393
|gametype|doubles
|player|p1|P!nkbearz07|marlon|1065
|player|p2|Strom spriggan|lacey|1000
|gen|9
|tier|[Gen 9] VGC 2025 Reg H (Bo3)
|rated|
|rule|Species Clause: Limit one of each Pokémon
|rule|Item Clause: Limit 1 of each item
|clearpoke
|poke|p1|Pelipper, L50, F|
|poke|p1|Archaludon, L50, F|
|poke|p1|Basculegion, L50, M|
|poke|p1|Empoleon, L50, M|
|poke|p1|Serperior, L50, F|
|poke|p1|Ursaluna-Bloodmoon, L50, M|
|poke|p2|Ursaluna, L50, M|
|poke|p2|Jumpluff, L50, F|
|poke|p2|Torkoal, L50, M|
|poke|p2|Incineroar, L50, F|
|poke|p2|Porygon2, L50|
|poke|p2|Typhlosion-Hisui, L50, F|
|teampreview|4
|showteam|p1|Pelipper||FocusSash|Drizzle|Hurricane,WeatherBall,Tailwind,Protect|||F|||50|,,,,,Ghost]Archaludon||AssaultVest|Sturdy|FlashCannon,DracoMeteor,ElectroShot,BodyPress|||F|||50|,,,,,Electric]Basculegion||ChoiceBand|SwiftSwim|WaveCrash,AquaJet,FlipTurn,LastRespects|||M|||50|,,,,,Water]Empoleon||CovertCloak|Competitive|WaterPledge,FlashCannon,IceBeam,Protect|||M|||50|,,,,,Flying]Serperior||MiracleSeed|Contrary|LeafStorm,GrassPledge,TeraBlast,Protect|||F|||50|,,,,,Stellar]Ursaluna-Bloodmoon||LifeOrb|MindsEye|EarthPower,BloodMoon,HyperVoice,Protect|||M|||50|,,,,,Normal
|showteam|p2|Ursaluna||FlameOrb|Guts|HeadlongRush,Facade,Earthquake,Protect|||M|||50|,,,,,Ghost]Jumpluff||CovertCloak|Chlorophyll|SleepPowder,SunnyDay,Tailwind,RagePowder|||F|||50|,,,,,Water]Torkoal||EjectPack|Drought|HelpingHand,Eruption,Overheat,Protect|||M|||50|,,,,,Fire]Incineroar||SitrusBerry|Intimidate|FakeOut,FlareBlitz,KnockOff,PartingShot|||F|||50|,,,,,Ghost]Porygon2||Eviolite|Download|TeraBlast,IceBeam,Recover,TrickRoom||||||50|,,,,,Fighting]Typhlosion-Hisui||ChoiceScarf|Blaze|Eruption,Overheat,Extrasensory,ShadowBall|||F|||50|,,,,,Fire
|inactive|Battle timer is ON: inactive players will automatically lose when time's up. (requested by P!nkbearz07)
|
|t:|1756520424
|teamsize|p1|4
|teamsize|p2|4
|start
|switch|p1a: Atlantis|Empoleon, L50, M, shiny|100/100
|switch|p1b: Royal|Serperior, L50, F, shiny|100/100
|switch|p2a: Jumpluff|Jumpluff, L50, F|100/100
|switch|p2b: Incineroar|Incineroar, L50, F|100/100
|-ability|p2b: Incineroar|Intimidate|boost
|-unboost|p1a: Atlantis|atk|1
|-ability|p1a: Atlantis|Competitive|boost
|-boost|p1a: Atlantis|spa|2
|-boost|p1b: Royal|atk|1
|turn|1
|inactive|P!nkbearz07 has 30 seconds left.
|inactive|P!nkbearz07 has 20 seconds left.
|
|t:|1756520462
|-terastallize|p2a: Jumpluff|Water
|-terastallize|p1b: Royal|Stellar
|move|p2a: Jumpluff|Tailwind|p2a: Jumpluff
|-sidestart|p2: Strom spriggan|move: Tailwind
|move|p2b: Incineroar|Flare Blitz|p1b: Royal
|-supereffective|p1b: Royal
|-damage|p1b: Royal|0 fnt
|faint|p1b: Royal
|-damage|p2b: Incineroar|74/100|[from] Recoil
|move|p1a: Atlantis|Water Pledge|p2b: Incineroar
|-supereffective|p2b: Incineroar
|-damage|p2b: Incineroar|0 fnt
|faint|p2b: Incineroar
|
|upkeep
|inactive|Strom spriggan has 30 seconds left.
|j| Hockeystick7
|
|t:|1756520490
|switch|p1b: Shenlong|Basculegion, L50, M, shiny|100/100
|switch|p2b: Typhlosion|Typhlosion-Hisui, L50, F|100/100
|turn|2
|c| Hockeystick7|g 2 3 comeback
|c| Hockeystick7|Trust
|
|t:|1756520514
|switch|p2b: Torkoal|Torkoal, L50, M|100/100
|-weather|SunnyDay|[from] ability: Drought|[of] p2b: Torkoal
|move|p1a: Atlantis|Protect|p1a: Atlantis
|-singleturn|p1a: Atlantis|Protect
|move|p2a: Jumpluff|Sleep Powder|p1b: Shenlong
|-status|p1b: Shenlong|slp|[from] move: Sleep Powder
|cant|p1b: Shenlong|slp
|
|-weather|SunnyDay|[upkeep]
|upkeep
|turn|3
|c|☆P!nkbearz07|good read after good read
|
|t:|1756520537
|move|p2a: Jumpluff|Sleep Powder|p1a: Atlantis
|-status|p1a: Atlantis|slp|[from] move: Sleep Powder
|cant|p1b: Shenlong|slp
|cant|p1a: Atlantis|slp
|move|p2b: Torkoal|Overheat|p1a: Atlantis
|-damage|p1a: Atlantis|30/100 slp
|-unboost|p2b: Torkoal|spa|2
|-enditem|p2b: Torkoal|Eject Pack
|
|t:|1756520548
|switch|p2b: Typhlosion|Typhlosion-Hisui, L50, F|100/100
|
|-weather|SunnyDay|[upkeep]
|upkeep
|turn|4
|
|t:|1756520560
|switch|p1a: Lorb|Pelipper, L50, F, shiny|100/100
|-weather|RainDance|[from] ability: Drizzle|[of] p1a: Lorb
|-curestatus|p1b: Shenlong|slp|[msg]
|move|p1b: Shenlong|Aqua Jet|p2b: Typhlosion
|-supereffective|p2b: Typhlosion
|-damage|p2b: Typhlosion|0 fnt
|faint|p2b: Typhlosion
|move|p2a: Jumpluff|Sunny Day|p2a: Jumpluff
|-weather|SunnyDay
|
|-weather|SunnyDay|[upkeep]
|-sideend|p2: Strom spriggan|move: Tailwind
|upkeep
|
|t:|1756520568
|switch|p2b: Torkoal|Torkoal, L50, M|100/100
|turn|5
|c| Hockeystick7|GAMING
|
|t:|1756520588
|switch|p1b: Atlantis|Empoleon, L50, M, shiny|30/100 slp
|move|p1a: Lorb|Protect|p1a: Lorb
|-singleturn|p1a: Lorb|Protect
|move|p2b: Torkoal|Protect|p2b: Torkoal
|-singleturn|p2b: Torkoal|Protect
|move|p2a: Jumpluff|Sleep Powder|p1b: Atlantis|[miss]
|-miss|p2a: Jumpluff|p1b: Atlantis
|
|-weather|SunnyDay|[upkeep]
|upkeep
|turn|6
|inactive|P!nkbearz07 has 30 seconds left.
|inactive|Strom spriggan has 30 seconds left.
|
|t:|1756520618
|switch|p1a: Shenlong|Basculegion, L50, M, shiny|100/100
|cant|p1b: Atlantis|slp
|move|p2a: Jumpluff|Sleep Powder|p1a: Shenlong
|-status|p1a: Shenlong|slp|[from] move: Sleep Powder
|move|p2b: Torkoal|Overheat|p1b: Atlantis|[miss]
|-miss|p2b: Torkoal|p1b: Atlantis
|
|-weather|SunnyDay|[upkeep]
|upkeep
|turn|7
|inactive|P!nkbearz07 has 30 seconds left.
|
|t:|1756520647
|switch|p1b: Lorb|Pelipper, L50, F, shiny|100/100
|-weather|RainDance|[from] ability: Drizzle|[of] p1b: Lorb
|move|p2a: Jumpluff|Rage Powder|p2a: Jumpluff
|-singleturn|p2a: Jumpluff|move: Rage Powder
|cant|p1a: Shenlong|slp
|move|p2b: Torkoal|Overheat|p1b: Lorb
|-resisted|p1b: Lorb
|-damage|p1b: Lorb|78/100
|-unboost|p2b: Torkoal|spa|2
|
|-weather|RainDance|[upkeep]
|upkeep
|turn|8
|l| Hockeystick7
|
|t:|1756520670
|move|p2b: Torkoal|Protect|p2b: Torkoal
|-singleturn|p2b: Torkoal|Protect
|-curestatus|p1a: Shenlong|slp|[msg]
|move|p1a: Shenlong|Last Respects|p2a: Jumpluff
|-damage|p2a: Jumpluff|1/100
|move|p2a: Jumpluff|Sunny Day|p2a: Jumpluff
|-weather|SunnyDay
|move|p1b: Lorb|Hurricane|p2a: Jumpluff
|-damage|p2a: Jumpluff|0 fnt
|faint|p2a: Jumpluff
|
|-weather|SunnyDay|[upkeep]
|upkeep
|turn|9
|j| Hockeystick7
|
|t:|1756520684
|move|p1a: Shenlong|Last Respects|p2b: Torkoal
|-damage|p2b: Torkoal|46/100
|move|p1b: Lorb|Hurricane|p2b: Torkoal
|-damage|p2b: Torkoal|0 fnt
|faint|p2b: Torkoal
|
|win|P!nkbearz07
|raw|P!nkbearz07's rating: 1065 → 1090(+25 for winning)
|raw|Strom spriggan's rating: 1000 → 1000(+0 for losing)
