|j|☆insertable194
|j|☆SimplyGabby
|html|insertable194SimplyGabby    
|uhtml|bestof|Game 2 of a best-of-3
|t:|1783116646
|gametype|doubles
|player|p1|insertable194|169|
|player|p2|SimplyGabby|266|
|gen|9
|tier|[Gen 9 Champions] VGC 2026 Reg M-B (Bo3)
|rule|Species Clause: Limit one of each Pokémon
|rule|Item Clause: Limit 1 of each item
|clearpoke
|poke|p1|Charizard, L50, M|
|poke|p1|Garchomp, L50, F|
|poke|p1|Gholdengo, L50|
|poke|p1|Incineroar, L50, M|
|poke|p1|Whimsicott, L50, F|
|poke|p1|Basculegion, L50, M|
|poke|p2|Charizard, L50, M|
|poke|p2|Sylveon, L50, F|
|poke|p2|Farigiraf, L50, F|
|poke|p2|Aerodactyl, L50, F|
|poke|p2|Kingambit, L50, M|
|poke|p2|Garchomp, L50, F|
|teampreview|4
|showteam|p1|Charizard||CharizarditeY|Blaze|HeatCrash,WeatherBall,SolarBeam,Protect|Modest||M|||50|]Garchomp||LifeOrb|RoughSkin|Earthquake,RockSlide,DragonClaw,Protect|Adamant||F|||50|]Gholdengo||SpellTag|GoodasGold|MakeItRain,ShadowBall,NastyPlot,Protect|Modest|||||50|]Incineroar||SitrusBerry|Intimidate|FakeOut,FlareBlitz,DarkestLariat,PartingShot|Careful||M|||50|]Whimsicott||FocusSash|Prankster|Moonblast,Tailwind,Encore,Protect|Timid||F|||50|]Basculegion||ChoiceScarf|Adaptability|WaveCrash,LastRespects,AquaJet,FlipTurn|Jolly||M|||50|
|showteam|p2|Charizard||CharizarditeY|SolarPower|HeatWave,WeatherBall,SolarBeam,Protect|Modest||M|||50|]Sylveon||FairyFeather|Pixilate|HyperVoice,HyperBeam,QuickAttack,Detect|Modest||F|||50|]Farigiraf||SitrusBerry|ArmorTail|PsychicFangs,Thunderbolt,TrickRoom,SunnyDay|Relaxed||F|||50|]Aerodactyl||Aerodactylite|Unnerve|RockSlide,DualWingbeat,IceFang,Tailwind|Jolly||F|||50|]Kingambit||FocusSash|Defiant|KowtowCleave,IronHead,LowKick,SuckerPunch|Adamant||M|||50|]Garchomp||LifeOrb|RoughSkin|Earthquake,StompingTantrum,DragonClaw,Protect|Jolly||F|||50|
|j| Lord Roger
|j| Daepiquejt
|j| Kojay
|j| BouncyJoltik
|j| jackofspadesman
|j| Lola Bunny Window
|j| FART ON YOU S2
|j| philjonesvgc
|
|t:|1783116735
|teamsize|p1|4
|teamsize|p2|4
|start
|switch|p1a: Charizard|Charizard, L50, M|100/100
|switch|p1b: Incineroar|Incineroar, L50, M|100/100
|switch|p2a: Farigiraf|Farigiraf, L50, F|100/100
|switch|p2b: Aerodactyl|Aerodactyl, L50, F|100/100
|-ability|p2b: Aerodactyl|Unnerve
|-ability|p1b: Incineroar|Intimidate|boost
|-unboost|p2a: Farigiraf|atk|1
|-unboost|p2b: Aerodactyl|atk|1
|turn|1
|l| Daepiquejt
|j| imissthem
|
|t:|1783116779
|switch|p1a: Garchomp|Garchomp, L50, F|100/100
|detailschange|p2b: Aerodactyl|Aerodactyl-Mega, L50, F
|-mega|p2b: Aerodactyl|Aerodactyl|Aerodactylite
|move|p2b: Aerodactyl|Tailwind|p2b: Aerodactyl
|-sidestart|p2: SimplyGabby|move: Tailwind
|move|p2a: Farigiraf|Thunderbolt|p1a: Garchomp
|-immune|p1a: Garchomp
|move|p1b: Incineroar|Darkest Lariat|p2a: Farigiraf
|-supereffective|p2a: Farigiraf|1
|-damage|p2a: Farigiraf|50/100y
|-enditem|p2a: Farigiraf|Sitrus Berry|[eat]
|-heal|p2a: Farigiraf|75/100|[from] item: Sitrus Berry
|
|upkeep
|turn|2
|j| argentinateraghost
|l| argentinateraghost
|j| Daepiquejt
|
|t:|1783116817
|move|p1a: Garchomp|Protect|p1a: Garchomp
|-singleturn|p1a: Garchomp|Protect
|move|p2b: Aerodactyl|Rock Slide|p1b: Incineroar|[spread] p1b
|-activate|p1a: Garchomp|move: Protect
|-supereffective|p1b: Incineroar|1
|-damage|p1b: Incineroar|72/100
|move|p2a: Farigiraf|Thunderbolt|p1b: Incineroar
|-damage|p1b: Incineroar|55/100
|move|p1b: Incineroar|Parting Shot|p2b: Aerodactyl
|-unboost|p2b: Aerodactyl|atk|1
|-unboost|p2b: Aerodactyl|spa|1
|
|t:|1783116823
|switch|p1b: Whimsicott|Whimsicott, L50, F|100/100|[from] Parting Shot
|
|upkeep
|turn|3
|
|t:|1783116866
|switch|p2b: Kingambit|Kingambit, L50, M|100/100
|move|p1b: Whimsicott|Tailwind|p1b: Whimsicott
|-sidestart|p1: insertable194|move: Tailwind
|move|p1a: Garchomp|Rock Slide|p2b: Kingambit|[spread] p2a,p2b
|-resisted|p2b: Kingambit|1
|-damage|p2a: Farigiraf|53/100
|-damage|p2b: Kingambit|88/100
|-damage|p1a: Garchomp|90/100|[from] item: Life Orb
|move|p2a: Farigiraf|Trick Room|p2a: Farigiraf
|-fieldstart|move: Trick Room|[of] p2a: Farigiraf
|
|upkeep
|turn|4
|j| christianfinity
|
|t:|1783116905
|move|p1b: Whimsicott|Protect|p1b: Whimsicott
|-singleturn|p1b: Whimsicott|Protect
|move|p2a: Farigiraf|Psychic Fangs|p1b: Whimsicott
|-activate|p1b: Whimsicott|move: Protect
|move|p2b: Kingambit|Kowtow Cleave|p1a: Garchomp
|-damage|p1a: Garchomp|44/100
|-damage|p2b: Kingambit|75/100|[from] ability: Rough Skin|[of] p1a: Garchomp
|move|p1a: Garchomp|Earthquake|p2a: Farigiraf|[spread] p2a,p2b
|-activate|p1b: Whimsicott|move: Protect
|-supereffective|p2b: Kingambit|1
|-damage|p2a: Farigiraf|14/100
|-damage|p2b: Kingambit|0 fnt
|faint|p2b: Kingambit
|-damage|p1a: Garchomp|34/100|[from] item: Life Orb
|
|-sideend|p2: SimplyGabby|move: Tailwind
|upkeep
|l| christianfinity
|
|t:|1783116924
|switch|p2b: Aerodactyl|Aerodactyl-Mega, L50, F|100/100
|turn|5
|
|t:|1783116959
|switch|p2a: Garchomp|Garchomp, L50, F|100/100
|switch|p1a: Incineroar|Incineroar, L50, M|55/100
|-ability|p1a: Incineroar|Intimidate|boost
|-unboost|p2a: Garchomp|atk|1
|-unboost|p2b: Aerodactyl|atk|1
|move|p2b: Aerodactyl|Dual Wingbeat|p1b: Whimsicott
|-supereffective|p1b: Whimsicott|1
|-damage|p1b: Whimsicott|50/100g
|-supereffective|p1b: Whimsicott|1
|-damage|p1b: Whimsicott|0 fnt
|faint|p1b: Whimsicott
|-hitcount|p1: Whimsicott|2
|
|upkeep
|j| xmarsh
|j| A Regu1ar Guy
|
|t:|1783117000
|switch|p1b: Charizard|Charizard, L50, M|100/100
|turn|6
|
|t:|1783117034
|switch|p2a: Farigiraf|Farigiraf, L50, F|14/100
|move|p1b: Charizard|Protect|p1b: Charizard
|-singleturn|p1b: Charizard|Protect
|move|p1a: Incineroar|Darkest Lariat|p2b: Aerodactyl
|-damage|p2b: Aerodactyl|63/100
|move|p2b: Aerodactyl|Rock Slide|p1b: Charizard|[spread] p1a
|-activate|p1b: Charizard|move: Protect
|-supereffective|p1a: Incineroar|1
|-damage|p1a: Incineroar|26/100
|-enditem|p1a: Incineroar|Sitrus Berry|[eat]
|-heal|p1a: Incineroar|50/100g|[from] item: Sitrus Berry
|
|-sideend|p1: insertable194|move: Tailwind
|upkeep
|turn|7
|j| firemind12
|
|t:|1783117113
|detailschange|p1b: Charizard|Charizard-Mega-Y, L50, M
|-mega|p1b: Charizard|Charizard|Charizardite Y
|-weather|SunnyDay|[from] ability: Drought|[of] p1b: Charizard
|move|p2a: Farigiraf|Thunderbolt|p1b: Charizard
|-supereffective|p1b: Charizard|1
|-damage|p1b: Charizard|61/100
|move|p1a: Incineroar|Darkest Lariat|p2b: Aerodactyl
|-damage|p2b: Aerodactyl|25/100
|move|p1b: Charizard|Weather Ball|p2b: Aerodactyl
|-resisted|p2b: Aerodactyl|1
|-damage|p2b: Aerodactyl|0 fnt
|faint|p2b: Aerodactyl
|
|-weather|SunnyDay|[upkeep]
|-fieldend|move: Trick Room
|upkeep
|j| brimmed cap
|
|t:|1783117125
|switch|p2b: Garchomp|Garchomp, L50, F|100/100
|turn|8
|
|t:|1783117173
|move|p2b: Garchomp|Stomping Tantrum|p1a: Incineroar
|-supereffective|p1a: Incineroar|1
|-damage|p1a: Incineroar|0 fnt
|faint|p1a: Incineroar
|-damage|p2b: Garchomp|90/100|[from] item: Life Orb
|move|p1b: Charizard|Weather Ball|p2b: Garchomp
|-resisted|p2b: Garchomp|1
|-damage|p2b: Garchomp|45/100
|move|p2a: Farigiraf|Thunderbolt|p1b: Charizard
|-supereffective|p1b: Charizard|1
|-damage|p1b: Charizard|21/100
|
|-weather|SunnyDay|[upkeep]
|upkeep
|
|t:|1783117175
|switch|p1a: Garchomp|Garchomp, L50, F|34/100
|turn|9
|
|t:|1783117219
|move|p2b: Garchomp|Dragon Claw|p1a: Garchomp
|-supereffective|p1a: Garchomp|1
|-crit|p1a: Garchomp
|-damage|p1a: Garchomp|0 fnt
|-damage|p2b: Garchomp|33/100|[from] ability: Rough Skin|[of] p1a: Garchomp
|faint|p1a: Garchomp
|-damage|p2b: Garchomp|23/100|[from] item: Life Orb
|move|p1b: Charizard|Weather Ball|p2a: Farigiraf
|-damage|p2a: Farigiraf|0 fnt
|faint|p2a: Farigiraf
|
|-weather|SunnyDay|[upkeep]
|upkeep
|turn|10
|-message|insertable194 forfeited.
|
|win|SimplyGabby
||insertable194 is ready for game 3.
|inactive|SimplyGabby has 30 seconds to confirm battle start!
|l| Daepiquejt
|inactive|SimplyGabby has 20 seconds to confirm battle start!
||SimplyGabby is ready for game 3.
|uhtml|next|Next: Game 3 of 3
|l| firemind12
|l| philjonesvgc
|j| tanobaum
|l| FART ON YOU S2
|l| tanobaum
|l| xmarsh
|l| Lord Roger
|l|☆SimplyGabby
|player|p2|
|l| A Regu1ar Guy
|l| brimmed cap
