|j|☆Sizzle & Kirk
|j|☆KodeBeast0526
|html|Sizzle & KirkKodeBeast0526    
|uhtml|bestof|Game 2 of a best-of-3
|t:|1783399235
|gametype|doubles
|player|p1|Sizzle & Kirk|170|1141
|player|p2|KodeBeast0526|sailor|1257
|gen|9
|tier|[Gen 9 Champions] VGC 2026 Reg M-B (Bo3)
|rated|
|rule|Species Clause: Limit one of each Pokémon
|rule|Item Clause: Limit 1 of each item
|clearpoke
|poke|p1|Glaceon, L50, F|
|poke|p1|Ninetales-Alola, L50, M|
|poke|p1|Camerupt, L50, F|
|poke|p1|Farigiraf, L50, F|
|poke|p1|Rotom-Wash, L50|
|poke|p1|Scrafty, L50, M|
|poke|p2|Gengar, L50, F, shiny|
|poke|p2|Swampert, L50, F, shiny|
|poke|p2|Incineroar, L50, M, shiny|
|poke|p2|Politoed, L50, M, shiny|
|poke|p2|Archaludon, L50, M|
|poke|p2|Vivillon-Ocean, L50, F|
|teampreview|4
|showteam|p1|Glaceon||NeverMeltIce|SnowCloak|Blizzard,FreezeDry,IceBeam,Protect|Modest||F|||50|]Ninetales-Alola||LightClay|SnowWarning|Blizzard,IcyWind,AuroraVeil,Protect|Timid||M|||50|]Camerupt||Cameruptite|SolidRock|Eruption,HeatWave,EarthPower,Protect|Quiet||F|||50|]Farigiraf||ColburBerry|ArmorTail|Psychic,HelpingHand,TrickRoom,FoulPlay|Relaxed||F|||50|]Rotom-Wash||SitrusBerry|Levitate|HydroPump,Thunderbolt,NastyPlot,Protect|Modest|||||50|]Scrafty||Scraftinite|Intimidate|FakeOut,KnockOff,CloseCombat,Protect|Adamant||M|||50|
|showteam|p2|Gengar||Gengarite|CursedBody|ShadowBall,PerishSong,SludgeBomb,Protect|Timid||F|||50|]Swampert||Swampertite|Torrent|WaveCrash,Earthquake,IcePunch,Protect|Adamant||F|||50|]Incineroar||PasshoBerry|Intimidate|ThroatChop,PartingShot,FakeOut,Protect|Sassy||M|||50|]Politoed||SitrusBerry|Drizzle|WeatherBall,PerishSong,Encore,Protect|Calm||M|||50|]Archaludon||Leftovers|Stamina|DragonPulse,FlashCannon,ElectroShot,Protect|Bold||M|||50|]Vivillon-Ocean||FocusSash|CompoundEyes|Hurricane,SleepPowder,RagePowder,Protect|Timid||F|||50|
|inactive|Battle timer is ON: inactive players will automatically lose when time's up. (requested by Sizzle & Kirk)
|inactive|KodeBeast0526 has 60 seconds left.
|
|t:|1783399322
|teamsize|p1|4
|teamsize|p2|4
|start
|switch|p1a: Scrafty|Scrafty, L50, M|100/100
|switch|p1b: Farigiraf|Farigiraf, L50, F|100/100
|switch|p2a: Vivillon|Vivillon-Ocean, L50, F|100/100
|switch|p2b: Archaludon|Archaludon, L50, M|100/100
|-ability|p1a: Scrafty|Intimidate|boost
|-unboost|p2a: Vivillon|atk|1
|-unboost|p2b: Archaludon|atk|1
|turn|1
|
|t:|1783399332
|switch|p2b: Politoed|Politoed, L50, M, shiny|100/100
|-weather|RainDance|[from] ability: Drizzle|[of] p2b: Politoed
|move|p1a: Scrafty|Fake Out|p2a: Vivillon
|-damage|p2a: Vivillon|74/100
|cant|p2a: Vivillon|flinch
|move|p1b: Farigiraf|Trick Room|p1b: Farigiraf
|-fieldstart|move: Trick Room|[of] p1b: Farigiraf
|
|-weather|RainDance|[upkeep]
|upkeep
|turn|2
|
|t:|1783399343
|move|p1b: Farigiraf|Psychic|p2a: Vivillon
|-damage|p2a: Vivillon|11/100
|move|p1a: Scrafty|Knock Off|p2a: Vivillon
|-damage|p2a: Vivillon|0 fnt
|-enditem|p2a: Vivillon|Focus Sash|[from] move: Knock Off|[of] p1a: Scrafty
|faint|p2a: Vivillon
|move|p2b: Politoed|Perish Song|p2b: Politoed
|-start|p1a: Scrafty|perish3|[silent]
|-start|p1b: Farigiraf|perish3|[silent]
|-start|p2b: Politoed|perish3|[silent]
|-fieldactivate|move: Perish Song
|
|-weather|RainDance|[upkeep]
|-start|p1b: Farigiraf|perish3
|-start|p1a: Scrafty|perish3
|-start|p2b: Politoed|perish3
|upkeep
|
|t:|1783399352
|switch|p2a: Archaludon|Archaludon, L50, M|100/100
|turn|3
|inactive|Sizzle & Kirk has 30 seconds left.
|
|t:|1783399378
|switch|p1b: Camerupt|Camerupt, L50, F|100/100
|move|p2b: Politoed|Protect|p2b: Politoed
|-singleturn|p2b: Politoed|Protect
|move|p1a: Scrafty|Close Combat|p2a: Archaludon
|-supereffective|p2a: Archaludon|1
|-damage|p2a: Archaludon|25/100
|-unboost|p1a: Scrafty|def|1
|-unboost|p1a: Scrafty|spd|1
|-ability|p2a: Archaludon|Stamina|boost
|-boost|p2a: Archaludon|def|1
|move|p2a: Archaludon|Electro Shot||[still]
|-prepare|p2a: Archaludon|Electro Shot
|-boost|p2a: Archaludon|spa|1
|-anim|p2a: Archaludon|Electro Shot|p1b: Camerupt
|-immune|p1b: Camerupt
|
|-weather|RainDance|[upkeep]
|-heal|p2a: Archaludon|31/100|[from] item: Leftovers
|-start|p1a: Scrafty|perish2
|-start|p2b: Politoed|perish2
|upkeep
|turn|4
|inactive|KodeBeast0526 has 30 seconds left.
|
|t:|1783399411
|switch|p2b: Swampert|Swampert, L50, F, shiny|100/100
|detailschange|p1b: Camerupt|Camerupt-Mega, L50, F
|-mega|p1b: Camerupt|Camerupt|Cameruptite
|move|p2a: Archaludon|Protect|p2a: Archaludon
|-singleturn|p2a: Archaludon|Protect
|move|p1b: Camerupt|Earth Power|p2b: Swampert
|-damage|p2b: Swampert|25/100
|move|p1a: Scrafty|Close Combat|p2b: Swampert
|-damage|p2b: Swampert|0 fnt
|-unboost|p1a: Scrafty|def|1
|-unboost|p1a: Scrafty|spd|1
|faint|p2b: Swampert
|
|-weather|RainDance|[upkeep]
|-heal|p2a: Archaludon|38/100|[from] item: Leftovers
|-start|p1a: Scrafty|perish1
|upkeep
|
|t:|1783399422
|switch|p2b: Politoed|Politoed, L50, M, shiny|100/100
|turn|5
|
|t:|1783399429
|move|p2b: Politoed|Protect|p2b: Politoed
|-singleturn|p2b: Politoed|Protect
|move|p2a: Archaludon|Protect||[still]
|-fail|p2a: Archaludon
|move|p1b: Camerupt|Earth Power|p2a: Archaludon
|-supereffective|p2a: Archaludon|1
|-damage|p2a: Archaludon|0 fnt
|faint|p2a: Archaludon
|move|p1a: Scrafty|Knock Off|p2b: Politoed
|-activate|p2b: Politoed|move: Protect
|
|-weather|none
|-start|p1a: Scrafty|perish0
|-fieldend|move: Trick Room
|faint|p1a: Scrafty
|upkeep
|
|t:|1783399432
|switch|p1a: Glaceon|Glaceon, L50, F|100/100
|turn|6
|-message|KodeBeast0526 forfeited.
|
|win|Sizzle & Kirk
|raw|Sizzle & Kirk's rating: 1141 → 1174(+33 for winning)
|raw|KodeBeast0526's rating: 1257 → 1224(-33 for losing)
|l|☆KodeBeast0526
|player|p2|
|j|☆KodeBeast0526
|player|p2|KodeBeast0526|sailor|
|l|☆Sizzle & Kirk
|player|p1|
