|j|☆chuwayo
|j|☆Stereofloveeee
|html|chuwayoStereofloveeee    
|uhtml|bestof|Game 1 of a best-of-3
|t:|1785983694
|gametype|doubles
|player|p1|chuwayo|101|1269
|player|p2|Stereofloveeee|2|1244
|gen|9
|tier|[Gen 9 Champions] VGC 2026 Reg M-B (Bo3)
|rated|
|rule|Species Clause: Limit one of each Pokémon
|rule|Item Clause: Limit 1 of each item
|clearpoke
|poke|p1|Raichu, L50, F|
|poke|p1|Staraptor, L50, F|
|poke|p1|Arcanine-Hisui, L50, M|
|poke|p1|Farigiraf, L50, M|
|poke|p1|Sylveon, L50, F|
|poke|p1|Kingambit, L50, M|
|poke|p2|Excadrill, L50, F|
|poke|p2|Tyranitar, L50, M, shiny|
|poke|p2|Sinistcha, L50|
|poke|p2|Milotic, L50, F, shiny|
|poke|p2|Gholdengo, L50|
|poke|p2|Staraptor, L50, M, shiny|
|teampreview|4
|showteam|p1|Raichu||RaichuniteY|LightningRod|ZapCannon,FocusBlast,FakeOut,Protect|Timid||F|||50|]Staraptor||Staraptite|Intimidate|CloseCombat,DualWingbeat,Tailwind,Protect|Jolly||F|||50|]Arcanine-Hisui||FocusSash|RockHead|FlareBlitz,HeadSmash,ExtremeSpeed,Protect|Jolly||M|||50|]Farigiraf||SitrusBerry|ArmorTail|Psychic,HelpingHand,TrickRoom,Protect|Calm||M|||50|]Sylveon||FairyFeather|Pixilate|HyperVoice,QuickAttack,HyperBeam,Detect|Modest||F|||50|]Kingambit||LifeOrb|Defiant|KowtowCleave,SuckerPunch,SwordsDance,Protect|Adamant||M|||50|
|showteam|p2|Excadrill||FocusSash|SandRush|HighHorsepower,Protect,RockSlide,IronHead|Adamant||F|||50|]Tyranitar||Tyranitarite|SandStream|RockSlide,KnockOff,Protect,LowKick|Adamant||M|||50|]Sinistcha||SitrusBerry|Hospitality|MatchaGotcha,LifeDew,RagePowder,ShadowBall|Modest|||||50|]Milotic||Leftovers|Competitive|Scald,IceBeam,IcyWind,Protect|Quiet||F|||50|]Gholdengo||LifeOrb|GoodasGold|MakeItRain,NastyPlot,ShadowBall,Protect|Timid|||||50|]Staraptor||Staraptite|Intimidate|BraveBird,CloseCombat,Tailwind,Protect|Jolly||M|||50|
|
|t:|1785983772
|teamsize|p1|4
|teamsize|p2|4
|start
|switch|p1a: Staraptor|Staraptor, L50, F|100/100
|switch|p1b: Farigiraf|Farigiraf, L50, M|100/100
|switch|p2a: Milotic|Milotic, L50, F, shiny|100/100
|switch|p2b: Sinistcha|Sinistcha, L50|100/100
|-ability|p1a: Staraptor|Intimidate|boost
|-unboost|p2a: Milotic|atk|1
|-ability|p2a: Milotic|Competitive|boost
|-boost|p2a: Milotic|spa|2
|-unboost|p2b: Sinistcha|atk|1
|turn|1
|
|t:|1785983808
|switch|p2b: Gholdengo|Gholdengo, L50|100/100
|detailschange|p1a: Staraptor|Staraptor-Mega, L50, F
|-mega|p1a: Staraptor|Staraptor|Staraptite
|move|p1a: Staraptor|Tailwind|p1a: Staraptor
|-sidestart|p1: chuwayo|move: Tailwind
|move|p1b: Farigiraf|Psychic|p2a: Milotic
|-damage|p2a: Milotic|77/100
|move|p2a: Milotic|Scald|p1b: Farigiraf
|-damage|p1b: Farigiraf|33/100
|-status|p1b: Farigiraf|brn
|-enditem|p1b: Farigiraf|Sitrus Berry|[eat]
|-heal|p1b: Farigiraf|58/100 brn|[from] item: Sitrus Berry
|
|-heal|p2a: Milotic|83/100|[from] item: Leftovers
|-damage|p1b: Farigiraf|52/100 brn|[from] brn
|upkeep
|turn|2
|
|t:|1785983848
|switch|p1b: Arcanine|Arcanine-Hisui, L50, M|100/100
|move|p1a: Staraptor|Close Combat|p2a: Milotic
|-damage|p2a: Milotic|14/100
|-boost|p1a: Staraptor|def|1
|-boost|p1a: Staraptor|spd|1
|move|p2b: Gholdengo|Make It Rain|p1a: Staraptor|[spread] p1a
|-miss|p2b: Gholdengo|p1b: Arcanine
|-damage|p1a: Staraptor|55/100
|-unboost|p2b: Gholdengo|spa|2
|-damage|p2b: Gholdengo|90/100|[from] item: Life Orb
|move|p2a: Milotic|Ice Beam|p1a: Staraptor
|-supereffective|p1a: Staraptor|1
|-damage|p1a: Staraptor|0 fnt
|faint|p1a: Staraptor
|
|-heal|p2a: Milotic|20/100y|[from] item: Leftovers
|upkeep
|
|t:|1785983860
|switch|p1a: Sylveon|Sylveon, L50, F|100/100
|turn|3
|
|t:|1785983883
|switch|p2b: Sinistcha|Sinistcha, L50|100/100
|-heal|p2a: Milotic|45/100|[from] ability: Hospitality|[of] p2b: Sinistcha
|move|p2a: Milotic|Protect|p2a: Milotic
|-singleturn|p2a: Milotic|Protect
|move|p1b: Arcanine|Flare Blitz|p2b: Sinistcha
|-supereffective|p2b: Sinistcha|1
|-damage|p2b: Sinistcha|0 fnt
|faint|p2b: Sinistcha
|move|p1a: Sylveon|Hyper Voice|p2a: Milotic
|-activate|p2a: Milotic|move: Protect
|
|-heal|p2a: Milotic|51/100|[from] item: Leftovers
|upkeep
|
|t:|1785983904
|switch|p2b: Gholdengo|Gholdengo, L50|90/100
|turn|4
|
|t:|1785983927
|move|p1b: Arcanine|Flare Blitz|p2b: Gholdengo
|-supereffective|p2b: Gholdengo|1
|-damage|p2b: Gholdengo|0 fnt
|faint|p2b: Gholdengo
|move|p1a: Sylveon|Hyper Beam|p2a: Milotic
|-damage|p2a: Milotic|0 fnt
|-mustrecharge|p1a: Sylveon
|faint|p2a: Milotic
|
|-sideend|p1: chuwayo|move: Tailwind
|upkeep
|
|t:|1785983935
|switch|p2b: Tyranitar|Tyranitar, L50, M, shiny|100/100
|-weather|Sandstorm|[from] ability: Sand Stream|[of] p2b: Tyranitar
|turn|5
|
|t:|1785983948
|detailschange|p2b: Tyranitar|Tyranitar-Mega, L50, M, shiny
|-mega|p2b: Tyranitar|Tyranitar|Tyranitarite
|move|p1b: Arcanine|Head Smash|p2b: Tyranitar
|-damage|p2b: Tyranitar|47/100
|move|p2b: Tyranitar|Rock Slide|p1a: Sylveon|[spread] p1b
|-miss|p2b: Tyranitar|p1a: Sylveon
|-supereffective|p1b: Arcanine|1
|-damage|p1b: Arcanine|11/100
|cant|p1a: Sylveon|recharge
|
|-weather|Sandstorm|[upkeep]
|-damage|p1a: Sylveon|93/100|[from] Sandstorm
|upkeep
|turn|6
|
|t:|1785983962
|move|p1b: Arcanine|Head Smash|p2b: Tyranitar
|-damage|p2b: Tyranitar|1/100
|move|p2b: Tyranitar|Rock Slide|p1a: Sylveon|[spread] p1a,p1b
|-supereffective|p1b: Arcanine|1
|-damage|p1a: Sylveon|56/100
|-damage|p1b: Arcanine|0 fnt
|faint|p1b: Arcanine
|cant|p1a: Sylveon|flinch
|
|-weather|Sandstorm|[upkeep]
|-damage|p1a: Sylveon|50/100g|[from] Sandstorm
|upkeep
|
|t:|1785983967
|switch|p1b: Farigiraf|Farigiraf, L50, M|52/100 brn
|turn|7
|
|t:|1785983971
|move|p1b: Farigiraf|Helping Hand|p1a: Sylveon
|-singleturn|p1a: Sylveon|Helping Hand|[of] p1b: Farigiraf
|move|p1a: Sylveon|Quick Attack|p2b: Tyranitar
|-supereffective|p2b: Tyranitar|1
|-damage|p2b: Tyranitar|0 fnt
|faint|p2b: Tyranitar
|
|win|chuwayo
