|j|☆new mental
|j|☆believeinyourself0
|html|new mentalbelieveinyourself0    
|uhtml|bestof|Game 1 of a best-of-3
|t:|1783887035
|gametype|doubles
|player|p1|new mental|volkner|1281
|player|p2|believeinyourself0|veteran|1422
|gen|9
|tier|[Gen 9 Champions] VGC 2026 Reg M-B (Bo3)
|rated|
|rule|Species Clause: Limit one of each Pokémon
|rule|Item Clause: Limit 1 of each item
|clearpoke
|poke|p1|Charizard, L50, F|
|poke|p1|Kingambit, L50, F|
|poke|p1|Sylveon, L50, F|
|poke|p1|Garchomp, L50, M|
|poke|p1|Aerodactyl, L50, F|
|poke|p1|Farigiraf, L50, M|
|poke|p2|Charizard, L50, M|
|poke|p2|Aerodactyl, L50, M|
|poke|p2|Sylveon, L50, M|
|poke|p2|Farigiraf, L50, F|
|poke|p2|Kingambit, L50, M|
|poke|p2|Garchomp, L50, M|
|teampreview|4
|showteam|p1|Charizard||CharizarditeY|SolarPower|Protect,HeatWave,SolarBeam,WeatherBall|Modest||F|||50|]Kingambit||FocusSash|Defiant|IronHead,SuckerPunch,KowtowCleave,LowKick|Adamant||F|||50|]Sylveon||FairyFeather|Pixilate|Detect,HyperVoice,HyperBeam,QuickAttack|Modest||F|||50|]Garchomp||LifeOrb|RoughSkin|Protect,DragonClaw,Earthquake,RockSlide|Jolly||M|||50|]Aerodactyl||Aerodactylite|Unnerve|IceFang,RockSlide,Tailwind,DualWingbeat|Jolly||F|||50|]Farigiraf||SitrusBerry|ArmorTail|TrickRoom,Psychic,Thunderbolt,Roar|Bold||M|||50|
|showteam|p2|Charizard||CharizarditeY|Blaze|HeatWave,SolarBeam,Protect,WeatherBall|Timid||M|||50|]Aerodactyl||Aerodactylite|Unnerve|RockSlide,Tailwind,DualWingbeat,WideGuard|Jolly||M|||50|]Sylveon||FairyFeather|Pixilate|HyperVoice,HyperBeam,Detect,QuickAttack|Modest||M|||50|]Farigiraf||SitrusBerry|ArmorTail|TwinBeam,TrickRoom,HelpingHand,Thunderbolt|Bold||F|||50|]Kingambit||FocusSash|Defiant|KowtowCleave,IronHead,LowKick,SuckerPunch|Adamant||M|||50|]Garchomp||LifeOrb|RoughSkin|StompingTantrum,DragonClaw,Protect,Earthquake|Jolly||M|||50|
|inactive|Battle timer is ON: inactive players will automatically lose when time's up. (requested by believeinyourself0)
|
|t:|1783887048
|teamsize|p1|4
|teamsize|p2|4
|start
|switch|p1a: Aerodactyl|Aerodactyl, L50, F|100/100
|switch|p1b: Kingambit|Kingambit, L50, F|100/100
|switch|p2a: Aerodactyl|Aerodactyl, L50, M|100/100
|switch|p2b: Kingambit|Kingambit, L50, M|100/100
|-ability|p2a: Aerodactyl|Unnerve
|-ability|p1a: Aerodactyl|Unnerve
|turn|1
|
|t:|1783887051
|switch|p1b: Garchomp|Garchomp, L50, M|100/100
|detailschange|p1a: Aerodactyl|Aerodactyl-Mega, L50, F
|-mega|p1a: Aerodactyl|Aerodactyl|Aerodactylite
|detailschange|p2a: Aerodactyl|Aerodactyl-Mega, L50, M
|-mega|p2a: Aerodactyl|Aerodactyl|Aerodactylite
|move|p2a: Aerodactyl|Wide Guard|p2a: Aerodactyl
|-singleturn|p2a: Aerodactyl|Wide Guard
|move|p1a: Aerodactyl|Tailwind|p1a: Aerodactyl
|-sidestart|p1: new mental|move: Tailwind
|move|p2b: Kingambit|Iron Head|p1a: Aerodactyl
|-supereffective|p1a: Aerodactyl|1
|-damage|p1a: Aerodactyl|1/100
|
|upkeep
|turn|2
|inactive|new mental has 30 seconds left.
|
|t:|1783887078
|move|p2b: Kingambit|Sucker Punch|p1a: Aerodactyl
|-damage|p1a: Aerodactyl|0 fnt
|faint|p1a: Aerodactyl
|move|p1b: Garchomp|Dragon Claw|p2b: Kingambit
|-resisted|p2b: Kingambit|1
|-damage|p2b: Kingambit|77/100
|-damage|p1b: Garchomp|90/100|[from] item: Life Orb
|move|p2a: Aerodactyl|Tailwind|p2a: Aerodactyl
|-sidestart|p2: believeinyourself0|move: Tailwind
|
|upkeep
|
|t:|1783887083
|switch|p1a: Kingambit|Kingambit, L50, F|100/100
|turn|3
|
|t:|1783887094
|move|p2a: Aerodactyl|Rock Slide|p1b: Garchomp|[spread] p1a,p1b
|-resisted|p1a: Kingambit|1
|-resisted|p1b: Garchomp|1
|-damage|p1a: Kingambit|88/100
|-damage|p1b: Garchomp|77/100
|move|p1b: Garchomp|Dragon Claw|p2a: Aerodactyl
|-damage|p2a: Aerodactyl|36/100
|-damage|p1b: Garchomp|67/100|[from] item: Life Orb
|move|p1a: Kingambit|Low Kick|p2b: Kingambit
|-supereffective|p2b: Kingambit|2
|-damage|p2b: Kingambit|0 fnt
|faint|p2b: Kingambit
|
|upkeep
|
|t:|1783887107
|switch|p2b: Sylveon|Sylveon, L50, M|100/100
|turn|4
|
|t:|1783887115
|move|p2b: Sylveon|Detect|p2b: Sylveon
|-singleturn|p2b: Sylveon|Protect
|move|p2a: Aerodactyl|Rock Slide|p1a: Kingambit|[spread] p1a,p1b
|-resisted|p1a: Kingambit|1
|-resisted|p1b: Garchomp|1
|-damage|p1a: Kingambit|76/100
|-damage|p1b: Garchomp|54/100
|move|p1b: Garchomp|Dragon Claw|p2a: Aerodactyl
|-damage|p2a: Aerodactyl|0 fnt
|faint|p2a: Aerodactyl
|-damage|p1b: Garchomp|44/100|[from] item: Life Orb
|move|p1a: Kingambit|Iron Head|p2b: Sylveon
|-activate|p2b: Sylveon|move: Protect
|
|-sideend|p1: new mental|move: Tailwind
|upkeep
|
|t:|1783887117
|switch|p2a: Farigiraf|Farigiraf, L50, F|100/100
|turn|5
|inactive|believeinyourself0 has 30 seconds left.
|
|t:|1783887142
|switch|p1b: Sylveon|Sylveon, L50, F|100/100
|move|p2b: Sylveon|Hyper Voice|p1b: Sylveon|[spread] p1a,p1b
|-damage|p1a: Kingambit|23/100
|-damage|p1b: Sylveon|62/100
|move|p1a: Kingambit|Iron Head|p2b: Sylveon
|-supereffective|p2b: Sylveon|1
|-damage|p2b: Sylveon|0 fnt
|faint|p2b: Sylveon
|move|p2a: Farigiraf|Trick Room|p2a: Farigiraf
|-fieldstart|move: Trick Room|[of] p2a: Farigiraf
|
|-sideend|p2: believeinyourself0|move: Tailwind
|upkeep
|turn|6
|-message|believeinyourself0 forfeited.
|
|win|new mental
||new mental is ready for game 2.
||believeinyourself0 is ready for game 2.
|uhtml|next|Next: Game 2 of 3
|l|☆believeinyourself0
|player|p2|
