|j|â˜†TheLeoj
|j|â˜†lexerthanatauros
|html|TheLeojlexerthanatauros    
|uhtml|bestof|Game 3 of a best-of-3
|t:|1784053596
|gametype|doubles
|player|p1|TheLeoj|265|1146
|player|p2|lexerthanatauros|lucas|1154
|gen|9
|tier|[Gen 9 Champions] VGC 2026 Reg M-B (Bo3)
|rated|
|rule|Species Clause: Limit one of each PokÃ©mon
|rule|Item Clause: Limit 1 of each item
|clearpoke
|poke|p1|Raichu, L50, F, shiny|
|poke|p1|Primarina, L50, F, shiny|
|poke|p1|Kingambit, L50, F, shiny|
|poke|p1|Incineroar, L50, M, shiny|
|poke|p1|Ninetales-Alola, L50, M, shiny|
|poke|p1|Gengar, L50, M, shiny|
|poke|p2|Froslass, L50, F|
|poke|p2|Beartic, L50, M|
|poke|p2|Basculegion, L50, M|
|poke|p2|Incineroar, L50, F|
|poke|p2|Maushold-Four, L50|
|poke|p2|Gengar, L50, F|
|teampreview|4
|showteam|p1|Raichu||RaichuniteY|Static|ZapCannon,FocusBlast,FakeOut,Protect|Timid||F|||50|]Primarina||LifeOrb|LiquidVoice|HyperVoice,DazzlingGleam,Protect,Moonblast|Modest||F|||50|]Kingambit||BlackGlasses|Defiant|Protect,KowtowCleave,IronHead,SuckerPunch|Adamant||F|||50|]Incineroar||SitrusBerry|Intimidate|FakeOut,FlareBlitz,DarkestLariat,PartingShot|Adamant||M|||50|]Ninetales-Alola||LightClay|SnowWarning|Protect,Blizzard,AuroraVeil,FreezeDry|Timid||M|||50|]Gengar||Gengarite|CursedBody|Protect,ShadowBall,PerishSong,SludgeBomb|Timid||M|||50|
|showteam|p2|Froslass||Froslassite|SnowCloak|Blizzard,AuroraVeil,ShadowBall,Protect|Timid||F|||50|]Beartic||LifeOrb|SlushRush|CloseCombat,ThroatChop,IcicleCrash,Protect|Jolly||M|||50|]Basculegion||ChoiceScarf|Adaptability|PsychicFangs,LastRespects,WaveCrash,FlipTurn|Jolly||M|||50|]Incineroar||SitrusBerry|Intimidate|FakeOut,FlareBlitz,DarkestLariat,CloseCombat|Adamant||F|||50|]Maushold-Four||WideLens|FriendGuard|PopulationBomb,FollowMe,HelpingHand,Protect|Careful|||||50|]Gengar||FocusSash|CursedBody|ShadowBall,IcyWind,SludgeBomb,Protect|Timid||F|||50|
|inactive|Battle timer is ON: inactive players will automatically lose when time's up. (requested by TheLeoj)
|
|t:|1784053617
|teamsize|p1|4
|teamsize|p2|4
|start
|switch|p1a: Gengar|Gengar, L50, M, shiny|100/100
|switch|p1b: Incineroar|Incineroar, L50, M, shiny|100/100
|switch|p2a: Gengar|Gengar, L50, F|100/100
|switch|p2b: Incineroar|Incineroar, L50, F|100/100
|-ability|p1b: Incineroar|Intimidate|boost
|-unboost|p2a: Gengar|atk|1
|-unboost|p2b: Incineroar|atk|1
|-ability|p2b: Incineroar|Intimidate|boost
|-unboost|p1a: Gengar|atk|1
|-unboost|p1b: Incineroar|atk|1
|turn|1
|
|t:|1784053630
|detailschange|p1a: Gengar|Gengar-Mega, L50, M, shiny
|-mega|p1a: Gengar|Gengar|Gengarite
|move|p1b: Incineroar|Fake Out|p2a: Gengar
|-immune|p2a: Gengar
|move|p2b: Incineroar|Fake Out|p1b: Incineroar
|-damage|p1b: Incineroar|90/100
|move|p1a: Gengar|Shadow Ball|p2a: Gengar
|-supereffective|p2a: Gengar|1
|-enditem|p2a: Gengar|Focus Sash
|-damage|p2a: Gengar|1/100
|-unboost|p2a: Gengar|spd|1
|-start|p1a: Gengar|Disable|Shadow Ball|[from] ability: Cursed Body|[of] p2a: Gengar
|move|p2a: Gengar|Icy Wind|p1b: Incineroar|[spread] p1a,p1b
|-resisted|p1b: Incineroar|1
|-damage|p1a: Gengar|81/100
|-damage|p1b: Incineroar|83/100
|-unboost|p1a: Gengar|spe|1
|-unboost|p1b: Incineroar|spe|1
|
|upkeep
|turn|2
|
|t:|1784053646
|move|p2a: Gengar|Sludge Bomb|p1b: Incineroar
|-damage|p1b: Incineroar|33/100
|-enditem|p1b: Incineroar|Sitrus Berry|[eat]
|-heal|p1b: Incineroar|58/100|[from] item: Sitrus Berry
|move|p1a: Gengar|Sludge Bomb|p2a: Gengar
|-resisted|p2a: Gengar|2
|-damage|p2a: Gengar|0 fnt
|faint|p2a: Gengar
|move|p2b: Incineroar|Close Combat|p1b: Incineroar
|-supereffective|p1b: Incineroar|1
|-damage|p1b: Incineroar|10/100
|-unboost|p2b: Incineroar|def|1
|-unboost|p2b: Incineroar|spd|1
|move|p1b: Incineroar|Parting Shot|p2b: Incineroar
|-unboost|p2b: Incineroar|atk|1
|-unboost|p2b: Incineroar|spa|1
|
|t:|1784053664
|switch|p1b: Primarina|Primarina, L50, F, shiny|100/100|[from] Parting Shot
|
|upkeep
|
|t:|1784053669
|switch|p2a: Froslass|Froslass, L50, F|100/100
|turn|3
|
|t:|1784053685
|detailschange|p2a: Froslass|Froslass-Mega, L50, F
|-mega|p2a: Froslass|Froslass|Froslassite
|-weather|Snowscape|[from] ability: Snow Warning|[of] p2a: Froslass
|move|p1a: Gengar|Protect|p1a: Gengar
|-singleturn|p1a: Gengar|Protect
|move|p2a: Froslass|Aurora Veil|p2a: Froslass
|-sidestart|p2: lexerthanatauros|move: Aurora Veil
|move|p2b: Incineroar|Darkest Lariat|p1a: Gengar
|-activate|p1a: Gengar|move: Protect
|move|p1b: Primarina|Hyper Voice|p2b: Incineroar|[spread] p2a,p2b
|-supereffective|p2b: Incineroar|1
|-damage|p2a: Froslass|61/100
|-damage|p2b: Incineroar|8/100
|-enditem|p2b: Incineroar|Sitrus Berry|[eat]
|-heal|p2b: Incineroar|33/100|[from] item: Sitrus Berry
|-damage|p1b: Primarina|90/100|[from] item: Life Orb
|
|-weather|Snowscape|[upkeep]
|upkeep
|turn|4
|inactive|TheLeoj has 30 seconds left.
|
|t:|1784053718
|switch|p1a: Incineroar|Incineroar, L50, M, shiny|10/100
|-ability|p1a: Incineroar|Intimidate|boost
|-unboost|p2a: Froslass|atk|1
|-unboost|p2b: Incineroar|atk|1
|move|p2a: Froslass|Shadow Ball|p1a: Incineroar
|-resisted|p1a: Incineroar|1
|-damage|p1a: Incineroar|0 fnt
|faint|p1a: Incineroar
|move|p2b: Incineroar|Close Combat|p1b: Primarina
|-resisted|p1b: Primarina|1
|-damage|p1b: Primarina|81/100
|-unboost|p2b: Incineroar|def|1
|-unboost|p2b: Incineroar|spd|1
|move|p1b: Primarina|Hyper Voice|p2a: Froslass|[spread] p2a,p2b
|-supereffective|p2b: Incineroar|1
|-damage|p2a: Froslass|26/100
|-damage|p2b: Incineroar|0 fnt
|faint|p2b: Incineroar
|-damage|p1b: Primarina|72/100|[from] item: Life Orb
|
|-weather|Snowscape|[upkeep]
|upkeep
|inactive|TheLeoj has 30 seconds left.
|
|t:|1784053745
|switch|p1a: Kingambit|Kingambit, L50, F, shiny|100/100
|switch|p2b: Beartic|Beartic, L50, M|100/100
|turn|5
|
|t:|1784053755
|move|p1a: Kingambit|Protect|p1a: Kingambit
|-singleturn|p1a: Kingambit|Protect
|move|p2b: Beartic|Throat Chop|p1b: Primarina
|-resisted|p1b: Primarina|1
|-damage|p1b: Primarina|51/100
|-start|p1b: Primarina|Throat Chop|[silent]
|-damage|p2b: Beartic|90/100|[from] item: Life Orb
|move|p2a: Froslass|Shadow Ball|p1b: Primarina
|-damage|p1b: Primarina|20/100y
|cant|p1b: Primarina|move: Throat Chop
|
|-weather|Snowscape|[upkeep]
|upkeep
|turn|6
|
|t:|1784053766
|move|p2a: Froslass|Protect|p2a: Froslass
|-singleturn|p2a: Froslass|Protect
|move|p2b: Beartic|Close Combat|p1a: Kingambit
|-supereffective|p1a: Kingambit|2
|-damage|p1a: Kingambit|0 fnt
|-unboost|p2b: Beartic|def|1
|-unboost|p2b: Beartic|spd|1
|faint|p1a: Kingambit
|-damage|p2b: Beartic|80/100|[from] item: Life Orb
|move|p1b: Primarina|Moonblast|p2a: Froslass
|-activate|p2a: Froslass|move: Protect
|
|-weather|Snowscape|[upkeep]
|-end|p1b: Primarina|Throat Chop|[silent]
|upkeep
|
|t:|1784053773
|switch|p1a: Gengar|Gengar-Mega, L50, M, shiny|81/100
|turn|7
|c|â˜†lexerthanatauros|Ggs
|
|t:|1784053785
|move|p1a: Gengar|Protect|p1a: Gengar
|-singleturn|p1a: Gengar|Protect
|move|p1b: Primarina|Protect|p1b: Primarina
|-singleturn|p1b: Primarina|Protect
|move|p2b: Beartic|Icicle Crash|p1a: Gengar
|-activate|p1a: Gengar|move: Protect
|move|p2a: Froslass|Shadow Ball|p1b: Primarina
|-activate|p1b: Primarina|move: Protect
|
|-weather|none
|-sideend|p2: lexerthanatauros|move: Aurora Veil
|upkeep
|turn|8
|c|â˜†lexerthanatauros|Nvm
|inactive|TheLeoj has 30 seconds left.
|
|t:|1784053812
|move|p2b: Beartic|Protect|p2b: Beartic
|-singleturn|p2b: Beartic|Protect
|move|p1a: Gengar|Shadow Ball|p2a: Froslass
|-supereffective|p2a: Froslass|1
|-damage|p2a: Froslass|0 fnt
|faint|p2a: Froslass
|move|p1b: Primarina|Hyper Voice|p2b: Beartic
|-activate|p2b: Beartic|move: Protect
|
|upkeep
|turn|9
|c|â˜†lexerthanatauros|Ggs wellpalye
|
|t:|1784053832
|move|p1a: Gengar|Sludge Bomb|p2b: Beartic
|-damage|p2b: Beartic|0 fnt
|faint|p2b: Beartic
|
|win|TheLeoj
|raw|TheLeoj's rating: 1146 → 1172(+26 for winning)
|raw|lexerthanatauros's rating: 1154 → 1128(-26 for losing)
|l|â˜†lexerthanatauros
|player|p2|
