|j|☆eternatusgaming
|j|☆Midnight Crimsonn
|html|eternatusgamingMidnight Crimsonn    
|uhtml|bestof|Game 1 of a best-of-3
|t:|1783088371
|gametype|doubles
|player|p1|eternatusgaming|iono|
|player|p2|Midnight Crimsonn|acetrainerf-gen4dp|
|gen|9
|tier|[Gen 9 Champions] VGC 2026 Reg M-B (Bo3)
|rule|Species Clause: Limit one of each Pokémon
|rule|Item Clause: Limit 1 of each item
|clearpoke
|poke|p1|Whimsicott, L50, F|
|poke|p1|Garchomp, L50, M|
|poke|p1|Kingambit, L50, M|
|poke|p1|Charizard, L50, M|
|poke|p1|Basculegion, L50, M|
|poke|p1|Floette-Eternal, L50, F|
|poke|p2|Metagross, L50, shiny|
|poke|p2|Charizard, L50, M|
|poke|p2|Incineroar, L50, F, shiny|
|poke|p2|Garchomp, L50, M, shiny|
|poke|p2|Hydreigon, L50, M|
|poke|p2|Toxapex, L50, F, shiny|
|teampreview|4
|showteam|p1|Whimsicott||FocusSash|Prankster|Moonblast,Tailwind,Encore,Protect|Timid||F|||50|]Garchomp||LifeOrb|RoughSkin|Earthquake,DragonClaw,RockSlide,Protect|Jolly||M|||50|]Kingambit||OccaBerry|Defiant|KowtowCleave,SuckerPunch,IronHead,LowKick|Adamant||M|||50|]Charizard||CharizarditeY|Blaze|HeatWave,WeatherBall,SolarBeam,Protect|Modest||M|||50|]Basculegion||MysticWater|Adaptability|WaveCrash,AquaJet,LastRespects,Protect|Adamant||M|||50|]Floette-Eternal||Floettite|FlowerVeil|Moonblast,DazzlingGleam,LightofRuin,Protect|Modest||F|||50|
|showteam|p2|Metagross||Metagrossite|ClearBody|IronHead,PsychicFangs,BodyPress,Protect|Jolly|||||50|]Charizard||CharizarditeY|Blaze|HeatWave,WeatherBall,SolarBeam,Protect|Timid||M|||50|]Incineroar||SitrusBerry|Intimidate|FlareBlitz,ThroatChop,FakeOut,PartingShot|Impish||F|||50|]Garchomp||LifeOrb|RoughSkin|Earthquake,DragonClaw,RockSlide,Protect|Jolly||M|||50|]Hydreigon||ChoiceScarf|Levitate|DracoMeteor,DarkPulse,Snarl,HeatWave|Modest||M|||50|]Toxapex||Leftovers|Regenerator|Infestation,WideGuard,Toxic,BanefulBunker|Bold||F|||50|
|inactive|Battle timer is ON: inactive players will automatically lose when time's up. (requested by Midnight Crimsonn)
|c|☆Midnight Crimsonn|ah big 6
|c|☆Midnight Crimsonn|how i fucking hate it XD
|inactiveoff|Battle timer is now OFF.
|c|☆eternatusgaming|almost as if it was planned
|c|☆eternatusgaming|LMAO
|c|☆Midnight Crimsonn|oh trust me im aware but doesnt mean i wont complain XD
|
|t:|1783088458
|teamsize|p1|4
|teamsize|p2|4
|start
|switch|p1a: Basculegion|Basculegion, L50, M|100/100
|switch|p1b: Whimsicott|Whimsicott, L50, F|100/100
|switch|p2a: Charizard|Charizard, L50, M|100/100
|switch|p2b: Toxapex|Toxapex, L50, F, shiny|100/100
|turn|1
|
|t:|1783088481
|detailschange|p2a: Charizard|Charizard-Mega-Y, L50, M
|-mega|p2a: Charizard|Charizard|Charizardite Y
|-weather|SunnyDay|[from] ability: Drought|[of] p2a: Charizard
|move|p1b: Whimsicott|Protect|p1b: Whimsicott
|-singleturn|p1b: Whimsicott|Protect
|move|p2a: Charizard|Protect|p2a: Charizard
|-singleturn|p2a: Charizard|Protect
|move|p1a: Basculegion|Protect|p1a: Basculegion
|-singleturn|p1a: Basculegion|Protect
|move|p2b: Toxapex|Toxic|p1a: Basculegion
|-activate|p1a: Basculegion|move: Protect
|
|-weather|SunnyDay|[upkeep]
|upkeep
|turn|2
|
|t:|1783088508
|switch|p2a: Incineroar|Incineroar, L50, F, shiny|100/100
|-ability|p2a: Incineroar|Intimidate|boost
|-unboost|p1a: Basculegion|atk|1
|-unboost|p1b: Whimsicott|atk|1
|switch|p1a: Garchomp|Garchomp, L50, M|100/100
|move|p1b: Whimsicott|Encore|p2a: Incineroar
|-hint|Since gen 7, Dark is immune to Prankster moves.
|-immune|p2a: Incineroar
|move|p2b: Toxapex|Infestation|p1a: Garchomp
|-damage|p1a: Garchomp|95/100
|-activate|p1a: Garchomp|move: Infestation|[of] p2b: Toxapex
|-damage|p2b: Toxapex|87/100|[from] ability: Rough Skin|[of] p1a: Garchomp
|
|-weather|SunnyDay|[upkeep]
|-heal|p2b: Toxapex|93/100|[from] item: Leftovers
|-damage|p1a: Garchomp|83/100|[from] move: Infestation|[partiallytrapped]
|upkeep
|turn|3
|
|t:|1783088531
|move|p2b: Toxapex|Wide Guard|p2b: Toxapex
|-singleturn|p2b: Toxapex|Wide Guard
|move|p1b: Whimsicott|Encore|p2b: Toxapex
|-start|p2b: Toxapex|Encore
|move|p1a: Garchomp|Earthquake|p2a: Incineroar|[spread] p1b
|-activate|p2a: Incineroar|move: Wide Guard
|-activate|p2b: Toxapex|move: Wide Guard
|-resisted|p1b: Whimsicott|1
|-damage|p1b: Whimsicott|65/100
|-damage|p1a: Garchomp|73/100|[from] item: Life Orb
|move|p2a: Incineroar|Parting Shot|p1a: Garchomp
|-unboost|p1a: Garchomp|atk|1
|-unboost|p1a: Garchomp|spa|1
|
|t:|1783088543
|switch|p2a: Charizard|Charizard-Mega-Y, L50, M|100/100|[from] Parting Shot
|
|-weather|SunnyDay|[upkeep]
|-heal|p2b: Toxapex|99/100|[from] item: Leftovers
|-damage|p1a: Garchomp|61/100|[from] move: Infestation|[partiallytrapped]
|upkeep
|turn|4
|
|t:|1783088559
|-heal|p2b: Toxapex|100/100|[from] ability: Regenerator|[silent]
|switch|p2b: Incineroar|Incineroar, L50, F, shiny|100/100
|-ability|p2b: Incineroar|Intimidate|boost
|-unboost|p1a: Garchomp|atk|1
|-unboost|p1b: Whimsicott|atk|1
|move|p1b: Whimsicott|Tailwind|p1b: Whimsicott
|-sidestart|p1: eternatusgaming|move: Tailwind
|move|p1a: Garchomp|Dragon Claw|p2a: Charizard
|-damage|p2a: Charizard|67/100
|-damage|p1a: Garchomp|51/100|[from] item: Life Orb
|move|p2a: Charizard|Heat Wave|p1b: Whimsicott|[spread] p1a,p1b
|-resisted|p1a: Garchomp|1
|-supereffective|p1b: Whimsicott|1
|-damage|p1a: Garchomp|18/100
|-damage|p1b: Whimsicott|0 fnt
|faint|p1b: Whimsicott
|
|-weather|SunnyDay|[upkeep]
|-end|p1a: Garchomp|Infestation|[partiallytrapped]|[silent]
|upkeep
|
|t:|1783088562
|switch|p1b: Basculegion|Basculegion, L50, M|100/100
|turn|5
|
|t:|1783088601
|switch|p1a: Floette|Floette-Eternal, L50, F|100/100
|switch|p2a: Toxapex|Toxapex, L50, F, shiny|100/100
|move|p1b: Basculegion|Wave Crash|p2b: Incineroar
|-supereffective|p2b: Incineroar|1
|-damage|p2b: Incineroar|22/100
|-enditem|p2b: Incineroar|Sitrus Berry|[eat]
|-heal|p2b: Incineroar|47/100|[from] item: Sitrus Berry
|-damage|p1b: Basculegion|74/100|[from] Recoil
|move|p2b: Incineroar|Parting Shot|p1a: Floette
|-unboost|p1a: Floette|atk|1
|-unboost|p1a: Floette|spa|1
|
|t:|1783088615
|switch|p2b: Garchomp|Garchomp, L50, M, shiny|100/100|[from] Parting Shot
|
|-weather|none
|upkeep
|turn|6
|
|t:|1783088645
|switch|p2b: Incineroar|Incineroar, L50, F, shiny|47/100
|-ability|p2b: Incineroar|Intimidate|boost
|-unboost|p1a: Floette|atk|1
|-unboost|p1b: Basculegion|atk|1
|detailschange|p1a: Floette|Floette-Mega, L50, F
|-mega|p1a: Floette|Floette|Floettite
|-ability|p1a: Floette|Fairy Aura
|move|p1a: Floette|Dazzling Gleam|p2b: Incineroar|[spread] p2a,p2b
|-resisted|p2a: Toxapex|1
|-damage|p2a: Toxapex|87/100
|-damage|p2b: Incineroar|20/100y
|move|p1b: Basculegion|Last Respects|p2a: Toxapex
|-damage|p2a: Toxapex|56/100
|move|p2a: Toxapex|Toxic|p1b: Basculegion
|-status|p1b: Basculegion|tox
|
|-heal|p2a: Toxapex|62/100|[from] item: Leftovers
|-damage|p1b: Basculegion|68/100 tox|[from] psn
|upkeep
|turn|7
|
|t:|1783088684
|move|p2a: Toxapex|Baneful Bunker|p2a: Toxapex
|-singleturn|p2a: Toxapex|move: Protect
|move|p1a: Floette|Moonblast|p2b: Incineroar
|-damage|p2b: Incineroar|0 fnt
|faint|p2b: Incineroar
|move|p1b: Basculegion|Last Respects|p2a: Toxapex
|-activate|p2a: Toxapex|move: Protect
|
|-heal|p2a: Toxapex|68/100|[from] item: Leftovers
|-damage|p1b: Basculegion|56/100 tox|[from] psn
|-sideend|p1: eternatusgaming|move: Tailwind
|upkeep
|
|t:|1783088692
|switch|p2b: Charizard|Charizard-Mega-Y, L50, M|67/100
|-weather|SunnyDay|[from] ability: Drought|[of] p2b: Charizard
|turn|8
|
|t:|1783088700
|switch|p1a: Garchomp|Garchomp, L50, M|18/100
|move|p1b: Basculegion|Protect|p1b: Basculegion
|-singleturn|p1b: Basculegion|Protect
|move|p2b: Charizard|Heat Wave|p1a: Garchomp|[spread] p1a
|-activate|p1b: Basculegion|move: Protect
|-resisted|p1a: Garchomp|1
|-damage|p1a: Garchomp|0 fnt
|faint|p1a: Garchomp
|move|p2a: Toxapex|Infestation|p1b: Basculegion
|-activate|p1b: Basculegion|move: Protect
|
|-weather|SunnyDay|[upkeep]
|-heal|p2a: Toxapex|73/100|[from] item: Leftovers
|-damage|p1b: Basculegion|38/100 tox|[from] psn
|upkeep
|
|t:|1783088706
|switch|p1a: Floette|Floette-Mega, L50, F|100/100
|-ability|p1a: Floette|Fairy Aura
|turn|9
|c|☆eternatusgaming|ggs
|-message|eternatusgaming forfeited.
|
|win|Midnight Crimsonn
|c|☆Midnight Crimsonn|ggs
||eternatusgaming is ready for game 2.
||Midnight Crimsonn is ready for game 2.
|uhtml|next|Next: Game 2 of 3
|l|☆eternatusgaming
|player|p1|
