|j|☆S.electrowebs
|j|☆sjogis
|html|S.electrowebssjogis    
|uhtml|bestof|Game 2 of a best-of-3
|t:|1756666508
|gametype|doubles
|player|p1|S.electrowebs|2|
|player|p2|sjogis|fisherman-gen4|
|gen|9
|tier|[Gen 9] VGC 2025 Reg H (Bo3)
|rule|Species Clause: Limit one of each Pokémon
|rule|Item Clause: Limit 1 of each item
|clearpoke
|poke|p1|Rillaboom, L50, M|
|poke|p1|Electabuzz, L50, M|
|poke|p1|Archaludon, L50, F|
|poke|p1|Kingambit, L50, M|
|poke|p1|Pelipper, L50, M|
|poke|p1|Basculegion, L50, M|
|poke|p2|Indeedee-F, L50, F|
|poke|p2|Torkoal, L50, F|
|poke|p2|Gallade, L50, M|
|poke|p2|Ursaluna, L50, M|
|poke|p2|Armarouge, L50, F|
|poke|p2|Bellibolt, L50, M|
|teampreview|4
|showteam|p1|Rillaboom||LoadedDice|GrassySurge|HighHorsepower,BulletSeed,GrassyGlide,FakeOut|||M|||50|,,,,,Fire]Electabuzz||Eviolite|VitalSpirit|Electroweb,Taunt,Protect,FollowMe|||M|||50|,,,,,Ghost]Archaludon||AssaultVest|Stamina|ElectroShot,BodyPress,FlashCannon,DracoMeteor|||F|||50|,,,,,Water]Kingambit||BlackGlasses|Defiant|Protect,KowtowCleave,SwordsDance,SuckerPunch|||M|||50|,,,,,Dark]Pelipper||FocusSash|Drizzle|WeatherBall,Hurricane,Tailwind,Protect|||M|||50|,,,,,Dark]Basculegion||ChoiceBand|SwiftSwim|WaveCrash,AquaJet,FlipTurn,LastRespects|||M|||50|,,,,,Grass
|showteam|p2|Indeedee-F||RockyHelmet|PsychicSurge|DazzlingGleam,FollowMe,HelpingHand,TrickRoom|||F|||50|,,,,,Fairy]Torkoal||ChoiceSpecs|Drought|Eruption,HelpingHand,Overheat,EarthPower|||F|||50|,,,,,Fire]Gallade||ClearAmulet|Sharpness|PsychoCut,SacredSword,WideGuard,TrickRoom|||M|||50|,,,,,Normal]Ursaluna||FlameOrb|Guts|Facade,Earthquake,HeadlongRush,Protect|||M|||50|,,,,,Ghost]Armarouge||WeaknessPolicy|WeakArmor|Endure,LavaPlume,WeatherBall,ExpandingForce|||F|||50|,,,,,Psychic]Bellibolt||AssaultVest|Electromorphosis|ParabolicCharge,MuddyWater,SuckerPunch,VoltSwitch|||M|||50|,,,,,Water
|j| Auragap
|
|t:|1756666549
|teamsize|p1|4
|teamsize|p2|4
|start
|switch|p1a: Joel|Basculegion, L50, M|100/100
|switch|p1b: The Beast|Rillaboom, L50, M|100/100
|switch|p2a: Indeedee|Indeedee-F, L50, F|100/100
|switch|p2b: Gallade|Gallade, L50, M|100/100
|-fieldstart|move: Grassy Terrain|[from] ability: Grassy Surge|[of] p1b: The Beast
|-fieldstart|move: Psychic Terrain|[from] ability: Psychic Surge|[of] p2a: Indeedee
|turn|1
|
|t:|1756666581
|move|p2a: Indeedee|Follow Me|p2a: Indeedee
|-singleturn|p2a: Indeedee|move: Follow Me
|move|p1a: Joel|Flip Turn|p2a: Indeedee
|-damage|p2a: Indeedee|58/100
|-damage|p1a: Joel|84/100|[from] item: Rocky Helmet|[of] p2a: Indeedee
|
|t:|1756666588
|switch|p1a: King Arthur|Kingambit, L50, M|100/100|[from] Flip Turn
|move|p1b: The Beast|Bullet Seed|p2a: Indeedee
|-crit|p2a: Indeedee
|-damage|p2a: Indeedee|39/100
|-damage|p2a: Indeedee|27/100
|-damage|p2a: Indeedee|15/100
|-damage|p2a: Indeedee|4/100
|-damage|p2a: Indeedee|0 fnt
|faint|p2a: Indeedee
|-hitcount|p2: Indeedee|5
|move|p2b: Gallade|Trick Room|p2b: Gallade
|-fieldstart|move: Trick Room|[of] p2b: Gallade
|
|upkeep
|
|t:|1756666595
|switch|p2a: Torkoal|Torkoal, L50, F|100/100
|-weather|SunnyDay|[from] ability: Drought|[of] p2a: Torkoal
|turn|2
|
|t:|1756666608
|switch|p1a: Joel|Basculegion, L50, M|84/100
|-terastallize|p2a: Torkoal|Fire
|-terastallize|p1b: The Beast|Fire
|move|p2a: Torkoal|Eruption|p1a: Joel|[spread] p1a,p1b
|-resisted|p1a: Joel
|-resisted|p1b: The Beast
|-damage|p1a: Joel|1/100
|-damage|p1b: The Beast|34/100
|move|p2b: Gallade|Psycho Cut|p1b: The Beast
|-damage|p1b: The Beast|0 fnt
|faint|p1b: The Beast
|
|-weather|SunnyDay|[upkeep]
|upkeep
|
|t:|1756666623
|switch|p1b: Ezekiel|Electabuzz, L50, M|100/100
|turn|3
|
|t:|1756666640
|move|p1b: Ezekiel|Protect|p1b: Ezekiel
|-singleturn|p1b: Ezekiel|Protect
|move|p2a: Torkoal|Eruption|p1a: Joel|[spread] p1a
|-activate|p1b: Ezekiel|move: Protect
|-resisted|p1a: Joel
|-damage|p1a: Joel|0 fnt
|faint|p1a: Joel
|move|p2b: Gallade|Psycho Cut|p1b: Ezekiel
|-activate|p1b: Ezekiel|move: Protect
|
|-weather|SunnyDay|[upkeep]
|upkeep
|
|t:|1756666642
|switch|p1a: King Arthur|Kingambit, L50, M|100/100
|turn|4
|
|t:|1756666647
|move|p1a: King Arthur|Protect|p1a: King Arthur
|-singleturn|p1a: King Arthur|Protect
|move|p1b: Ezekiel|Protect|p1b: Ezekiel
|-singleturn|p1b: Ezekiel|Protect
|move|p2a: Torkoal|Eruption|p1b: Ezekiel|[spread] 
|-activate|p1a: King Arthur|move: Protect
|-activate|p1b: Ezekiel|move: Protect
|move|p2b: Gallade|Psycho Cut|p1b: Ezekiel
|-activate|p1b: Ezekiel|move: Protect
|
|-weather|SunnyDay|[upkeep]
|upkeep
|turn|5
|
|t:|1756666657
|move|p1a: King Arthur|Protect|p1a: King Arthur
|-singleturn|p1a: King Arthur|Protect
|move|p1b: Ezekiel|Protect||[still]
|-fail|p1b: Ezekiel
|move|p2a: Torkoal|Eruption|p1b: Ezekiel|[spread] p1b
|-activate|p1a: King Arthur|move: Protect
|-damage|p1b: Ezekiel|0 fnt
|faint|p1b: Ezekiel
|move|p2b: Gallade|Sacred Sword|p1a: King Arthur
|-activate|p1a: King Arthur|move: Protect
|
|-weather|SunnyDay|[upkeep]
|-fieldend|move: Trick Room
|-fieldend|move: Psychic Terrain
|upkeep
|turn|6
|
|t:|1756666661
|move|p2b: Gallade|Sacred Sword|p1a: King Arthur
|-supereffective|p1a: King Arthur
|-damage|p1a: King Arthur|0 fnt
|faint|p1a: King Arthur
|
|win|sjogis
|c|☆S.electrowebs|Gg
|c|☆sjogis|gg
|l| Auragap
