|j|☆Purgatory12
|j|☆p1ch1pichi
|html|Purgatory12p1ch1pichi    
|uhtml|bestof|Game 2 of a best-of-3
|t:|1784548913
|gametype|doubles
|player|p1|Purgatory12|265|1253
|player|p2|p1ch1pichi|n|1208
|gen|9
|tier|[Gen 9 Champions] VGC 2026 Reg M-B (Bo3)
|rated|
|rule|Species Clause: Limit one of each Pokémon
|rule|Item Clause: Limit 1 of each item
|clearpoke
|poke|p1|Whimsicott, L50, F|
|poke|p1|Raichu, L50, M|
|poke|p1|Staraptor, L50, M|
|poke|p1|Farigiraf, L50, F|
|poke|p1|Basculegion, L50, M|
|poke|p1|Kingambit, L50, F|
|poke|p2|Meganium, L50, M, shiny|
|poke|p2|Swampert, L50, M, shiny|
|poke|p2|Pelipper, L50, M|
|poke|p2|Archaludon, L50, M|
|poke|p2|Sableye, L50, M|
|poke|p2|Sneasler, L50, F|
|teampreview|4
|showteam|p1|Whimsicott||FairyFeather|Prankster|Moonblast,Tailwind,Protect,Encore|Timid||F|||50|]Raichu||RaichuniteY|LightningRod|Protect,ZapCannon,FocusBlast,GrassKnot|Timid||M|||50|]Staraptor||Staraptite|Intimidate|CloseCombat,BraveBird,BlazeKick,Protect|Adamant||M|||50|]Farigiraf||SitrusBerry|ArmorTail|TwinBeam,TrickRoom,HelpingHand,HyperVoice|Bold||F|||50|]Basculegion||LifeOrb|Adaptability|WaveCrash,LastRespects,Protect,AquaJet|Jolly||M|||50|]Kingambit||FocusSash|Defiant|KowtowCleave,SuckerPunch,IronHead,LowKick|Adamant||F|||50|
|showteam|p2|Meganium||Meganiumite|Overgrow|SolarBeam,WeatherBall,DazzlingGleam,Protect|Modest||M|||50|]Swampert||Swampertite|Torrent|HighHorsepower,WaveCrash,KnockOff,Protect|Adamant||M|||50|]Pelipper||FocusSash|Drizzle|WeatherBall,Hurricane,WideGuard,Tailwind|Timid||M|||50|]Archaludon||Leftovers|Stalwart|ElectroShot,AuraSphere,DragonPulse,Protect|Modest||M|||50|]Sableye||WideLens|Prankster|Taunt,Swagger,RainDance,WillOWisp|Calm||M|||50|]Sneasler||LumBerry|Unburden|DireClaw,Acrobatics,FakeOut,Protect|Adamant||F|||50|
|inactive|Battle timer is ON: inactive players will automatically lose when time's up. (requested by p1ch1pichi)
|inactive|p1ch1pichi has 60 seconds left.
|
|t:|1784548960
|teamsize|p1|4
|teamsize|p2|4
|start
|switch|p1a: Farigiraf|Farigiraf, L50, F|100/100
|switch|p1b: Raichu|Raichu, L50, M|100/100
|switch|p2a: G4MER67|Sableye, L50, M|100/100
|switch|p2b: Jojo Sira|Sneasler, L50, F|100/100
|turn|1
|
|t:|1784548982
|detailschange|p1b: Raichu|Raichu-Mega-Y, L50, M
|-mega|p1b: Raichu|Raichu|Raichunite Y
|move|p1a: Farigiraf|Helping Hand|p1b: Raichu
|-singleturn|p1b: Raichu|Helping Hand|[of] p1a: Farigiraf
|move|p2a: G4MER67|Swagger|p2b: Jojo Sira
|-boost|p2b: Jojo Sira|atk|2
|-start|p2b: Jojo Sira|confusion
|-enditem|p2b: Jojo Sira|Lum Berry|[eat]
|-end|p2b: Jojo Sira|confusion
|move|p2b: Jojo Sira|Dire Claw|p1a: Farigiraf
|-damage|p1a: Farigiraf|17/100
|-enditem|p1a: Farigiraf|Sitrus Berry|[eat]
|-heal|p1a: Farigiraf|41/100|[from] item: Sitrus Berry
|move|p1b: Raichu|Zap Cannon|p2b: Jojo Sira
|-damage|p2b: Jojo Sira|0 fnt
|faint|p2b: Jojo Sira
|
|upkeep
|
|t:|1784548999
|switch|p2b: Bougainville|Meganium, L50, M, shiny|100/100
|turn|2
|inactive|Purgatory12 has 30 seconds left.
|inactive|Purgatory12 has 20 seconds left.
|inactive|Purgatory12 has 15 seconds left.
|inactive|Purgatory12 has 10 seconds left.
|
|t:|1784549048
|switch|p2a: San Juanico|Archaludon, L50, M|100/100
|detailschange|p2b: Bougainville|Meganium-Mega, L50, M, shiny
|-mega|p2b: Bougainville|Meganium|Meganiumite
|move|p1a: Farigiraf|Helping Hand|p1b: Raichu
|-singleturn|p1b: Raichu|Helping Hand|[of] p1a: Farigiraf
|move|p1b: Raichu|Zap Cannon|p2b: Bougainville
|-resisted|p2b: Bougainville|1
|-damage|p2b: Bougainville|57/100
|-status|p2b: Bougainville|par
|move|p2b: Bougainville|Dazzling Gleam|p1a: Farigiraf|[spread] p1a,p1b
|-damage|p1a: Farigiraf|8/100
|-damage|p1b: Raichu|46/100
|
|upkeep
|turn|3
|inactive|Purgatory12 has 30 seconds left.
|inactive|Purgatory12 has 20 seconds left.
|inactive|Purgatory12 has 15 seconds left.
|inactive|Purgatory12 has 10 seconds left.
|inactive|Purgatory12 has 5 seconds left.
|
|t:|1784549099
|switch|p2a: G4MER67|Sableye, L50, M|100/100
|move|p1b: Raichu|Protect|p1b: Raichu
|-singleturn|p1b: Raichu|Protect
|move|p1a: Farigiraf|Hyper Voice|p2a: G4MER67|[spread] p2b
|-immune|p2a: G4MER67
|-damage|p2b: Bougainville|35/100 par
|move|p2b: Bougainville|Dazzling Gleam|p1a: Farigiraf|[spread] p1a
|-activate|p1b: Raichu|move: Protect
|-damage|p1a: Farigiraf|0 fnt
|faint|p1a: Farigiraf
|
|upkeep
|
|t:|1784549110
|switch|p1a: Staraptor|Staraptor, L50, M|100/100
|-ability|p1a: Staraptor|Intimidate|boost
|-unboost|p2a: G4MER67|atk|1
|-unboost|p2b: Bougainville|atk|1
|turn|4
|
|t:|1784549124
|switch|p2b: San Juanico|Archaludon, L50, M|100/100
|move|p2a: G4MER67|Will-O-Wisp|p1a: Staraptor
|-status|p1a: Staraptor|brn
|move|p1b: Raichu|Zap Cannon|p2a: G4MER67
|-damage|p2a: G4MER67|21/100
|-status|p2a: G4MER67|par
|move|p1a: Staraptor|Brave Bird|p2b: San Juanico
|-resisted|p2b: San Juanico|1
|-damage|p2b: San Juanico|88/100
|-damage|p1a: Staraptor|95/100 brn|[from] Recoil
|
|-heal|p2b: San Juanico|94/100|[from] item: Leftovers
|-damage|p1a: Staraptor|89/100 brn|[from] brn
|upkeep
|turn|5
|
|t:|1784549148
|move|p1b: Raichu|Protect|p1b: Raichu
|-singleturn|p1b: Raichu|Protect
|move|p2a: G4MER67|Rain Dance|p2a: G4MER67
|-weather|RainDance
|move|p1a: Staraptor|Brave Bird|p2a: G4MER67
|-damage|p2a: G4MER67|0 fnt
|faint|p2a: G4MER67
|-damage|p1a: Staraptor|82/100 brn|[from] Recoil
|move|p2b: San Juanico|Electro Shot||[still]
|-prepare|p2b: San Juanico|Electro Shot
|-boost|p2b: San Juanico|spa|1
|-anim|p2b: San Juanico|Electro Shot|p1a: Staraptor
|-supereffective|p1a: Staraptor|1
|-damage|p1a: Staraptor|0 fnt
|faint|p1a: Staraptor
|
|-weather|RainDance|[upkeep]
|-heal|p2b: San Juanico|100/100|[from] item: Leftovers
|upkeep
|
|t:|1784549163
|switch|p1a: Whimsicott|Whimsicott, L50, F|100/100
|switch|p2a: Bougainville|Meganium-Mega, L50, M, shiny|35/100 par
|turn|6
|
|t:|1784549182
|move|p1b: Raichu|Focus Blast|p2b: San Juanico
|-supereffective|p2b: San Juanico|1
|-damage|p2b: San Juanico|3/100
|move|p1a: Whimsicott|Moonblast|p2a: Bougainville
|-damage|p2a: Bougainville|1/100 par
|move|p2b: San Juanico|Aura Sphere|p1b: Raichu
|-damage|p1b: Raichu|0 fnt
|faint|p1b: Raichu
|move|p2a: Bougainville|Weather Ball|p1a: Whimsicott
|-supereffective|p1a: Whimsicott|1
|-damage|p1a: Whimsicott|0 fnt
|faint|p1a: Whimsicott
|
|win|p1ch1pichi
|raw|Purgatory12's rating: 1253 → 1225(-28 for losing)
|raw|p1ch1pichi's rating: 1208 → 1236(+28 for winning)
|l|☆Purgatory12
|player|p1|
