|j|☆darthnius
|j|☆dragonboy2100
|html|darthniusdragonboy2100    
|uhtml|bestof|Game 3 of a best-of-3
|t:|1755686845
|gametype|doubles
|player|p1|darthnius|volkner|1353
|player|p2|dragonboy2100|sage|1211
|gen|9
|tier|[Gen 9] VGC 2025 Reg H (Bo3)
|rated|
|rule|Species Clause: Limit one of each Pokémon
|rule|Item Clause: Limit 1 of each item
|clearpoke
|poke|p1|Gallade, L50, M|
|poke|p1|Indeedee-F, L50, F|
|poke|p1|Torkoal, L50, F|
|poke|p1|Ursaluna, L50, F|
|poke|p1|Hatterene, L50, F|
|poke|p1|Maushold-Four, L50|
|poke|p2|Sylveon, L50, M|
|poke|p2|Whimsicott, L50, M|
|poke|p2|Incineroar, L50, F|
|poke|p2|Gholdengo, L50|
|poke|p2|Garchomp, L50, M|
|poke|p2|Rillaboom, L50, F|
|teampreview|4
|showteam|p1|Gallade||ClearAmulet|Sharpness|SacredSword,PsychoCut,TrickRoom,WideGuard|||M|||50|,,,,,Grass]Indeedee-F||PsychicSeed|PsychicSurge|FollowMe,HelpingHand,TrickRoom,Psychic|||F|||50|,,,,,Water]Torkoal||ChoiceSpecs|Drought|Eruption,HeatWave,WeatherBall,EarthPower|||F|||50|,,,,,Fire]Ursaluna||FlameOrb|Guts|Protect,Facade,HeadlongRush,Earthquake|||F|||50|,,,,,Ghost]Hatterene||CovertCloak|MagicBounce|ExpandingForce,DazzlingGleam,TeraBlast,TrickRoom|||F|||50|,,,,,Fire]Maushold-Four||WideLens|Technician|PopulationBomb,FollowMe,Taunt,Protect||||||50|,,,,,Poison
|showteam|p2|Sylveon||PixiePlate|Pixilate|HyperVoice,QuickAttack,Yawn,Detect|||M|||50|,,,,,Fairy]Whimsicott||FocusSash|Prankster|Moonblast,Encore,Tailwind,FakeTears|||M|||50|,,,,,Ghost]Incineroar||AssaultVest|Intimidate|FlareBlitz,KnockOff,FakeOut,Uturn|||F|||50|,,,,,Grass]Gholdengo||ChoiceSpecs|GoodasGold|MakeItRain,ShadowBall,PowerGem,SteelBeam||||||50|,,,,,Steel]Garchomp||LoadedDice|RoughSkin|ScaleShot,SwordsDance,StompingTantrum,Protect|||M|||50|,,,,,Steel]Rillaboom||ClearAmulet|GrassySurge|WoodHammer,GrassyGlide,HighHorsepower,FakeOut|||F|||50|,,,,,Ground
|inactive|Battle timer is ON: inactive players will automatically lose when time's up. (requested by dragonboy2100)
|inactive|dragonboy2100 has 60 seconds left.
|
|t:|1755686897
|teamsize|p1|4
|teamsize|p2|4
|start
|switch|p1a: Hatterene|Hatterene, L50, F|100/100
|switch|p1b: Indeedee|Indeedee-F, L50, F|100/100
|switch|p2a: Sylveon|Sylveon, L50, M, shiny|100/100
|switch|p2b: Incineroar|Incineroar, L50, F|100/100
|-ability|p2b: Incineroar|Intimidate|boost
|-unboost|p1a: Hatterene|atk|1
|-unboost|p1b: Indeedee|atk|1
|-fieldstart|move: Psychic Terrain|[from] ability: Psychic Surge|[of] p1b: Indeedee
|-enditem|p1b: Indeedee|Psychic Seed
|-boost|p1b: Indeedee|spd|1|[from] item: Psychic Seed
|turn|1
|inactive|dragonboy2100 has 30 seconds left.
|
|t:|1755686931
|switch|p1b: Ursaluna|Ursaluna, L50, F|100/100
|-terastallize|p1a: Hatterene|Fire
|move|p2a: Sylveon|Hyper Voice|p1b: Ursaluna|[spread] p1a,p1b
|-resisted|p1a: Hatterene
|-damage|p1a: Hatterene|74/100
|-damage|p1b: Ursaluna|52/100
|move|p2b: Incineroar|Knock Off|p1a: Hatterene
|-damage|p1a: Hatterene|31/100
|-enditem|p1a: Hatterene|Covert Cloak|[from] move: Knock Off|[of] p2b: Incineroar
|move|p1a: Hatterene|Trick Room|p1a: Hatterene
|-fieldstart|move: Trick Room|[of] p1a: Hatterene
|
|-status|p1b: Ursaluna|brn|[from] item: Flame Orb
|upkeep
|turn|2
|inactive|darthnius has 30 seconds left.
|inactive|dragonboy2100 has 30 seconds left.
|inactive|darthnius has 20 seconds left.
|inactive|dragonboy2100 has 20 seconds left.
|inactive|dragonboy2100 has 15 seconds left.
|inactive|dragonboy2100 has 10 seconds left.
|inactive|dragonboy2100 has 5 seconds left.
|
|t:|1755686983
|switch|p2b: Gholdengo|Gholdengo, L50|100/100
|move|p2a: Sylveon|Detect|p2a: Sylveon
|-singleturn|p2a: Sylveon|Protect
|move|p1a: Hatterene|Dazzling Gleam|p2b: Gholdengo|[spread] p2b
|-activate|p2a: Sylveon|move: Protect
|-resisted|p2b: Gholdengo
|-damage|p2b: Gholdengo|79/100
|move|p1b: Ursaluna|Facade|p2b: Gholdengo
|-immune|p2b: Gholdengo
|
|-damage|p1b: Ursaluna|46/100 brn|[from] brn
|upkeep
|turn|3
|inactive|dragonboy2100 has 30 seconds left.
|inactive|dragonboy2100 has 20 seconds left.
|
|t:|1755687018
|switch|p2b: Incineroar|Incineroar, L50, F|100/100
|-ability|p2b: Incineroar|Intimidate|boost
|-unboost|p1a: Hatterene|atk|1
|-unboost|p1b: Ursaluna|atk|1
|move|p1a: Hatterene|Tera Blast|p2b: Incineroar|[anim] Tera Blast Fire
|-resisted|p2b: Incineroar
|-damage|p2b: Incineroar|87/100
|move|p1b: Ursaluna|Headlong Rush|p2b: Incineroar
|-supereffective|p2b: Incineroar
|-damage|p2b: Incineroar|0 fnt
|-unboost|p1b: Ursaluna|def|1
|-unboost|p1b: Ursaluna|spd|1
|faint|p2b: Incineroar
|move|p2a: Sylveon|Hyper Voice|p1a: Hatterene|[spread] p1a,p1b
|-resisted|p1a: Hatterene
|-damage|p1a: Hatterene|4/100
|-damage|p1b: Ursaluna|0 fnt
|faint|p1b: Ursaluna
|
|upkeep
|
|t:|1755687038
|switch|p1b: Torkoal|Torkoal, L50, F|100/100
|switch|p2b: Rillaboom|Rillaboom, L50, F|100/100
|-weather|SunnyDay|[from] ability: Drought|[of] p1b: Torkoal
|-fieldstart|move: Grassy Terrain|[from] ability: Grassy Surge|[of] p2b: Rillaboom
|turn|4
|
|t:|1755687050
|switch|p1a: Indeedee|Indeedee-F, L50, F|100/100
|-fieldstart|move: Psychic Terrain|[from] ability: Psychic Surge|[of] p1a: Indeedee
|switch|p2b: Gholdengo|Gholdengo, L50|79/100
|move|p2a: Sylveon|Detect|p2a: Sylveon
|-singleturn|p2a: Sylveon|Protect
|move|p1b: Torkoal|Eruption|p2a: Sylveon|[spread] p2b
|-activate|p2a: Sylveon|move: Protect
|-supereffective|p2b: Gholdengo
|-damage|p2b: Gholdengo|0 fnt
|faint|p2b: Gholdengo
|
|-weather|SunnyDay|[upkeep]
|upkeep
|
|t:|1755687053
|switch|p2b: Rillaboom|Rillaboom, L50, F|100/100
|-fieldstart|move: Grassy Terrain|[from] ability: Grassy Surge|[of] p2b: Rillaboom
|turn|5
|inactive|darthnius has 30 seconds left.
|
|t:|1755687085
|switch|p1b: Hatterene|Hatterene, L50, F, tera:Fire|4/100
|-terastallize|p2a: Sylveon|Fairy
|move|p2b: Rillaboom|Fake Out|p1b: Hatterene
|-damage|p1b: Hatterene|0 fnt
|faint|p1b: Hatterene
|move|p1a: Indeedee|Psychic|p2a: Sylveon
|-damage|p2a: Sylveon|75/100
|move|p2a: Sylveon|Hyper Voice|p1a: Indeedee
|-damage|p1a: Indeedee|21/100
|
|-weather|SunnyDay|[upkeep]
|-heal|p1a: Indeedee|28/100|[from] Grassy Terrain
|-heal|p2a: Sylveon|81/100|[from] Grassy Terrain
|-fieldend|move: Trick Room
|upkeep
|
|t:|1755687099
|switch|p1b: Torkoal|Torkoal, L50, F|100/100
|turn|6
|
|t:|1755687111
|move|p1a: Indeedee|Follow Me|p1a: Indeedee
|-singleturn|p1a: Indeedee|move: Follow Me
|move|p2b: Rillaboom|High Horsepower|p1a: Indeedee
|-damage|p1a: Indeedee|0 fnt
|faint|p1a: Indeedee
|move|p2a: Sylveon|Hyper Voice|p1b: Torkoal
|-resisted|p1b: Torkoal
|-damage|p1b: Torkoal|37/100
|move|p1b: Torkoal|Heat Wave|p2a: Sylveon|[spread] p2a,p2b
|-supereffective|p2b: Rillaboom
|-damage|p2a: Sylveon|25/100
|-damage|p2b: Rillaboom|0 fnt
|-status|p2a: Sylveon|brn
|faint|p2b: Rillaboom
|
|-weather|SunnyDay|[upkeep]
|-heal|p2a: Sylveon|31/100 brn|[from] Grassy Terrain
|-heal|p1b: Torkoal|43/100|[from] Grassy Terrain
|-damage|p2a: Sylveon|25/100 brn|[from] brn
|upkeep
|turn|7
|c|☆dragonboy2100|gg
|
|t:|1755687127
|move|p2a: Sylveon|Hyper Voice|p1b: Torkoal
|-resisted|p1b: Torkoal
|-damage|p1b: Torkoal|0 fnt
|faint|p1b: Torkoal
|
|win|dragonboy2100
|raw|darthnius's rating: 1353 → 1325(-28 for losing)
|raw|dragonboy2100's rating: 1211 → 1246(+35 for winning)
