|j|☆joey
|j|☆valxrie
|html|joeyvalxrie    
|uhtml|bestof|Game 2 of a best-of-3
|t:|1784401891
|gametype|doubles
|player|p1|joey|#gcplgrapes|
|player|p2|valxrie|102|
|gen|9
|tier|[Gen 9 Champions] VGC 2026 Reg M-B (Bo3)
|rule|Species Clause: Limit one of each Pokémon
|rule|Item Clause: Limit 1 of each item
|clearpoke
|poke|p1|Charizard, L50, F|
|poke|p1|Maushold, L50|
|poke|p1|Annihilape, L50, M|
|poke|p1|Simipour, L50, F, shiny|
|poke|p1|Venusaur, L50, F|
|poke|p1|Skarmory, L50, M|
|poke|p2|Garchomp, L50, F|
|poke|p2|Sableye, L50, M|
|poke|p2|Metagross, L50|
|poke|p2|Delphox, L50, M|
|poke|p2|Sneasler, L50, M|
|poke|p2|Floette-Eternal, L50, F|
|teampreview|4
|showteam|p1|Charizard||CharizarditeY|Blaze|HeatWave,WeatherBall,SolarBeam,Protect|Timid||F|||50|]Maushold||WideLens|FriendGuard|BeatUp,PopulationBomb,FollowMe,Protect|Jolly|||||50|]Annihilape||RoseliBerry|Defiant|RageFist,DrainPunch,BulkUp,Protect|Adamant||M|||50|]Simipour||FocusSash|Torrent|FakeOut,Scald,IcyWind,Protect|Timid||F|||50|]Venusaur||LifeOrb|Chlorophyll|SludgeBomb,GigaDrain,EarthPower,Protect|Modest||F|||50|]Skarmory||Skarmorite|KeenEye|IronHead,BraveBird,SwordsDance,Protect|Jolly||M|||50|
|showteam|p2|Garchomp||ChoiceScarf|RoughSkin|Earthquake,RockSlide,DragonClaw,FireBlast|Naive||F|||50|]Sableye||RoseliBerry|Prankster|FakeOut,Encore,KnockOff,WillOWisp|Careful||M|||50|]Metagross||Metagrossite|ClearBody|MeteorMash,PsychicFangs,RockSlide,BulletPunch|Jolly|||||50|]Delphox||Delphoxite|Blaze|HeatWave,Psychic,Overheat,DazzlingGleam|Timid||M|||50|]Sneasler||WhiteHerb|Unburden|UpperHand,CloseCombat,DireClaw,FakeOut|Adamant||M|||50|]Floette-Eternal||LifeOrb|Symbiosis|Synthesis,LightofRuin,EnergyBall,Trailblaze|Hasty||F|||50|
|inactive|Battle timer is ON: inactive players will automatically lose when time's up. (requested by joey)
|inactiveoff|Battle timer is now OFF.
|
|t:|1784401994
|teamsize|p1|4
|teamsize|p2|4
|start
|switch|p1a: Rizz God|Charizard, L50, F|100/100
|switch|p1b: Vileplumе|Venusaur, L50, F|100/100
|switch|p2a: Sableye|Sableye, L50, M|100/100
|switch|p2b: Delphox|Delphox, L50, M|100/100
|turn|1
|j| MackleMorelull
|
|t:|1784402024
|detailschange|p2b: Delphox|Delphox-Mega, L50, M
|-mega|p2b: Delphox|Delphox|Delphoxite
|move|p1a: Rizz God|Protect|p1a: Rizz God
|-singleturn|p1a: Rizz God|Protect
|move|p1b: Vileplumе|Protect|p1b: Vileplumе
|-singleturn|p1b: Vileplumе|Protect
|move|p2a: Sableye|Fake Out|p1a: Rizz God
|-activate|p1a: Rizz God|move: Protect
|move|p2b: Delphox|Psychic|p1b: Vileplumе
|-activate|p1b: Vileplumе|move: Protect
|
|upkeep
|turn|2
|
|t:|1784402056
|detailschange|p1a: Rizz God|Charizard-Mega-Y, L50, F
|-mega|p1a: Rizz God|Charizard|Charizardite Y
|-weather|SunnyDay|[from] ability: Drought|[of] p1a: Rizz God
|move|p2a: Sableye|Encore|p1b: Vileplumе
|-start|p1b: Vileplumе|Encore
|move|p1b: Vileplumе|Protect||[still]
|-fail|p1b: Vileplumе
|move|p2b: Delphox|Psychic|p1b: Vileplumе
|-supereffective|p1b: Vileplumе|1
|-damage|p1b: Vileplumе|0 fnt
|faint|p1b: Vileplumе
|move|p1a: Rizz God|Heat Wave|p2a: Sableye|[spread] p2a
|-miss|p1a: Rizz God|p2b: Delphox
|-damage|p2a: Sableye|31/100
|
|-weather|SunnyDay|[upkeep]
|upkeep
|
|t:|1784402072
|switch|p1b: Incineroаr|Simipour, L50, F, shiny|100/100
|turn|3
|
|t:|1784402085
|switch|p2b: Garchomp|Garchomp, L50, F|100/100
|move|p1b: Incineroаr|Fake Out|p2b: Garchomp
|-crit|p2b: Garchomp
|-damage|p2b: Garchomp|85/100
|-damage|p1b: Incineroаr|87/100|[from] ability: Rough Skin|[of] p2b: Garchomp
|move|p2a: Sableye|Encore|p1a: Rizz God
|-start|p1a: Rizz God|Encore
|move|p1a: Rizz God|Heat Wave|p2a: Sableye|[spread] p2a,p2b
|-resisted|p2b: Garchomp|1
|-damage|p2a: Sableye|0 fnt
|-damage|p2b: Garchomp|46/100
|faint|p2a: Sableye
|
|-weather|SunnyDay|[upkeep]
|upkeep
|
|t:|1784402089
|switch|p2a: Delphox|Delphox-Mega, L50, M|100/100
|turn|4
|
|t:|1784402128
|switch|p1a: Determinate|Annihilape, L50, M|100/100
|move|p2b: Garchomp|Rock Slide|p1a: Determinate|[spread] p1a
|-miss|p2b: Garchomp|p1b: Incineroаr
|-resisted|p1a: Determinate|1
|-damage|p1a: Determinate|90/100
|move|p2a: Delphox|Psychic|p1b: Incineroаr
|-damage|p1b: Incineroаr|4/100
|move|p1b: Incineroаr|Icy Wind|p2a: Delphox|[spread] p2a,p2b
|-resisted|p2a: Delphox|1
|-supereffective|p2b: Garchomp|2
|-damage|p2a: Delphox|95/100
|-damage|p2b: Garchomp|0 fnt
|-unboost|p2a: Delphox|spe|1
|faint|p2b: Garchomp
|
|-weather|SunnyDay|[upkeep]
|upkeep
|
|t:|1784402139
|switch|p2b: Sneasler|Sneasler, L50, M|100/100
|turn|5
|
|t:|1784402163
|move|p2b: Sneasler|Fake Out|p1b: Incineroаr
|-damage|p1b: Incineroаr|0 fnt
|faint|p1b: Incineroаr
|move|p2a: Delphox|Psychic|p1a: Determinate
|-supereffective|p1a: Determinate|1
|-damage|p1a: Determinate|0 fnt
|faint|p1a: Determinate
|
|-weather|SunnyDay|[upkeep]
|upkeep
|
|t:|1784402168
|switch|p1a: Rizz God|Charizard-Mega-Y, L50, F|100/100
|turn|6
|
|t:|1784402178
|move|p2b: Sneasler|Dire Claw|p1a: Rizz God
|-damage|p1a: Rizz God|31/100
|-status|p1a: Rizz God|slp
|cant|p1a: Rizz God|slp
|move|p2a: Delphox|Psychic|p1a: Rizz God
|-damage|p1a: Rizz God|0 fnt
|faint|p1a: Rizz God
|
|win|valxrie
|c|☆valxrie|gg
||joey is ready for game 3.
|inactive|valxrie has 30 seconds to confirm battle start!
||valxrie is ready for game 3.
|uhtml|next|Next: Game 3 of 3
|j| Spearklez
