|j|☆hastalnabo
|j|☆liamvgc1
|html|hastalnaboliamvgc1    
|uhtml|bestof|Game 1 of a best-of-3
|t:|1757862002
|gametype|doubles
|player|p1|hastalnabo|266|1345
|player|p2|liamvgc1|unknown|1414
|gen|9
|tier|[Gen 9] VGC 2025 Reg H (Bo3)
|rated|
|rule|Species Clause: Limit one of each Pokémon
|rule|Item Clause: Limit 1 of each item
|clearpoke
|poke|p1|Volcarona, L50, F|
|poke|p1|Tauros-Paldea-Aqua, L50, M|
|poke|p1|Rillaboom, L50, M|
|poke|p1|Ninetales-Alola, L50, F|
|poke|p1|Glimmora, L50, M|
|poke|p1|Kingambit, L50, F|
|poke|p2|Incineroar, L50, M|
|poke|p2|Gholdengo, L50|
|poke|p2|Whimsicott, L50, M|
|poke|p2|Dragonite, L50, M|
|poke|p2|Garchomp, L50, F|
|poke|p2|Sneasler, L50, F|
|teampreview|4
|showteam|p1|Volcarona||Leftovers|FlameBody|Protect,QuiverDance,HeatWave,GigaDrain|||F|||50|,,,,,Grass]Tauros-Paldea-Aqua||ChoiceBand|Intimidate|AquaJet,WaveCrash,CloseCombat,RockSlide|||M|||50|,,,,,Water]Rillaboom||AssaultVest|GrassySurge|FakeOut,Uturn,GrassyGlide,WoodHammer|||M|||50|,,,,,Fire]Ninetales-Alola||CovertCloak|SnowWarning|Protect,AuroraVeil,Encore,Blizzard|||F|||50|,,,,,Water]Glimmora||PowerHerb|ToxicDebris|SpikyShield,MeteorBeam,SludgeBomb,EarthPower|||M|||50|,,,,,Grass]Kingambit||BlackGlasses|Defiant|Protect,SwordsDance,SuckerPunch,KowtowCleave|||F|||50|,,,,,Ghost
|showteam|p2|Incineroar||AssaultVest|Intimidate|FakeOut,KnockOff,FlareBlitz,Uturn|||M|||50|,,,,,Ghost]Gholdengo||ChoiceSpecs|GoodasGold|MakeItRain,ShadowBall,PowerGem,Trick||||||50|,,,,,Steel]Whimsicott||FocusSash|Prankster|Tailwind,Encore,Protect,Moonblast|||M|||50|,,,,,Ghost]Dragonite||ChoiceBand|InnerFocus|Outrage,StompingTantrum,ExtremeSpeed,IceSpinner|||M|||50|,,,,,Normal]Garchomp||LifeOrb|RoughSkin|Earthquake,StompingTantrum,DragonClaw,Protect|||F|||50|,,,,,Ground]Sneasler||WhiteHerb|Unburden|FakeOut,DireClaw,CloseCombat,Protect|||F|||50|,,,,,Stellar
|inactive|Battle timer is ON: inactive players will automatically lose when time's up. (requested by liamvgc1)
|inactive|hastalnabo has 60 seconds left.
|
|t:|1757862039
|teamsize|p1|4
|teamsize|p2|4
|start
|switch|p1a: Volcarona|Volcarona, L50, F|100/100
|switch|p1b: Tauros|Tauros-Paldea-Aqua, L50, M|100/100
|switch|p2a: Sneasler|Sneasler, L50, F|100/100
|switch|p2b: Incineroar|Incineroar, L50, M|100/100
|-ability|p1b: Tauros|Intimidate|boost
|-unboost|p2a: Sneasler|atk|1
|-unboost|p2b: Incineroar|atk|1
|-ability|p2b: Incineroar|Intimidate|boost
|-unboost|p1a: Volcarona|atk|1
|-unboost|p1b: Tauros|atk|1
|-enditem|p2a: Sneasler|White Herb
|-clearnegativeboost|p2a: Sneasler|[silent]
|turn|1
|
|t:|1757862061
|switch|p1b: Glimmora|Glimmora, L50, M|100/100
|-terastallize|p2a: Sneasler|Stellar
|move|p1a: Volcarona|Protect|p1a: Volcarona
|-singleturn|p1a: Volcarona|Protect
|move|p2b: Incineroar|Fake Out|p1b: Glimmora
|-resisted|p1b: Glimmora
|-damage|p1b: Glimmora|95/100
|-activate|p1b: Glimmora|ability: Toxic Debris
|-sidestart|p2: liamvgc1|move: Toxic Spikes
|move|p2a: Sneasler|Close Combat|p1b: Glimmora
|-damage|p1b: Glimmora|0 fnt
|-unboost|p2a: Sneasler|def|1
|-unboost|p2a: Sneasler|spd|1
|-activate|p1b: Glimmora|ability: Toxic Debris
|-sidestart|p2: liamvgc1|move: Toxic Spikes
|faint|p1b: Glimmora
|
|upkeep
|
|t:|1757862076
|switch|p1b: Tauros|Tauros-Paldea-Aqua, L50, M|100/100
|-ability|p1b: Tauros|Intimidate|boost
|-unboost|p2a: Sneasler|atk|1
|-unboost|p2b: Incineroar|atk|1
|turn|2
|
|t:|1757862092
|switch|p2a: Garchomp|Garchomp, L50, F|100/100
|-status|p2a: Garchomp|tox
|switch|p2b: Dragonite|Dragonite, L50, M|100/100
|move|p1b: Tauros|Wave Crash|p2b: Dragonite
|-resisted|p2b: Dragonite
|-damage|p2b: Dragonite|55/100
|-damage|p1b: Tauros|85/100|[from] Recoil
|move|p1a: Volcarona|Heat Wave|p2b: Dragonite|[spread] p2a
|-miss|p1a: Volcarona|p2b: Dragonite
|-resisted|p2a: Garchomp
|-damage|p2a: Garchomp|79/100 tox
|
|-damage|p2a: Garchomp|73/100 tox|[from] psn
|upkeep
|turn|3
|inactive|hastalnabo has 30 seconds left.
|inactive|hastalnabo has 20 seconds left.
|inactive|hastalnabo has 15 seconds left.
|inactive|hastalnabo has 10 seconds left.
|
|t:|1757862141
|-terastallize|p1b: Tauros|Water
|move|p1a: Volcarona|Protect|p1a: Volcarona
|-singleturn|p1a: Volcarona|Protect
|move|p2a: Garchomp|Earthquake|p1a: Volcarona|[spread] p1b
|-activate|p1a: Volcarona|move: Protect
|-immune|p2b: Dragonite
|-damage|p1b: Tauros|29/100
|-damage|p2a: Garchomp|63/100 tox|[from] item: Life Orb
|move|p1b: Tauros|Wave Crash|p2b: Dragonite
|-resisted|p2b: Dragonite
|-damage|p2b: Dragonite|0 fnt
|faint|p2b: Dragonite
|-damage|p1b: Tauros|10/100|[from] Recoil
|
|-damage|p2a: Garchomp|51/100 tox|[from] psn
|upkeep
|
|t:|1757862149
|switch|p2b: Sneasler|Sneasler, L50, F, tera:Stellar|100/100
|-sideend|p2: liamvgc1|move: Toxic Spikes|[of] p2b: Sneasler
|turn|4
|
|t:|1757862168
|switch|p1b: Ninetales|Ninetales-Alola, L50, F|100/100
|-weather|Snowscape|[from] ability: Snow Warning|[of] p1b: Ninetales
|move|p2b: Sneasler|Dire Claw|p1a: Volcarona
|-damage|p1a: Volcarona|25/100
|move|p2a: Garchomp|Stomping Tantrum|p1a: Volcarona
|-damage|p1a: Volcarona|0 fnt
|faint|p1a: Volcarona
|-damage|p2a: Garchomp|41/100 tox|[from] item: Life Orb
|
|-weather|Snowscape|[upkeep]
|-damage|p2a: Garchomp|23/100 tox|[from] psn
|upkeep
|
|t:|1757862179
|switch|p1a: Tauros|Tauros-Paldea-Aqua, L50, M, tera:Water|10/100
|-ability|p1a: Tauros|Intimidate|boost
|-unboost|p2a: Garchomp|atk|1
|-unboost|p2b: Sneasler|atk|1
|turn|5
|
|t:|1757862191
|move|p1a: Tauros|Aqua Jet|p2a: Garchomp
|-damage|p2a: Garchomp|0 fnt
|-damage|p1a: Tauros|0 fnt|[from] ability: Rough Skin|[of] p2a: Garchomp
|faint|p2a: Garchomp
|faint|p1a: Tauros
|move|p2b: Sneasler|Dire Claw|p1b: Ninetales
|-supereffective|p1b: Ninetales
|-damage|p1b: Ninetales|54/100
|move|p1b: Ninetales|Aurora Veil|p1b: Ninetales
|-sidestart|p1: hastalnabo|move: Aurora Veil
|
|-weather|Snowscape|[upkeep]
|upkeep
|
|t:|1757862195
|switch|p2a: Incineroar|Incineroar, L50, M|100/100
|-ability|p2a: Incineroar|Intimidate|boost
|-unboost|p1b: Ninetales|atk|1
|turn|6
|-message|hastalnabo forfeited.
|
|win|liamvgc1
|l|☆hastalnabo
|player|p1|
||liamvgc1 is ready for game 2.
||hastalnabo is ready for game 2.
|uhtml|next|Next: Game 2 of 3
