|j|☆r4ka
|j|☆Tronman17
|html|r4kaTronman17    
|uhtml|bestof|Game 1 of a best-of-3
|t:|1756640767
|gametype|doubles
|player|p1|r4ka|169|1122
|player|p2|Tronman17|steven|1180
|gen|9
|tier|[Gen 9] VGC 2025 Reg H (Bo3)
|rated|
|rule|Species Clause: Limit one of each Pokémon
|rule|Item Clause: Limit 1 of each item
|clearpoke
|poke|p1|Rillaboom, L50, M|
|poke|p1|Dragonite, L50, M|
|poke|p1|Sneasler, L50, F|
|poke|p1|Kingambit, L50, M|
|poke|p1|Electabuzz, L50, M|
|poke|p1|Volcarona, L50, F|
|poke|p2|Archaludon, L50, F|
|poke|p2|Pelipper, L50, F|
|poke|p2|Rillaboom, L50, F|
|poke|p2|Sinistcha, L50|
|poke|p2|Ursaluna, L50, M|
|poke|p2|Annihilape, L50, F|
|teampreview|4
|showteam|p1|Rillaboom||AssaultVest|GrassySurge|FakeOut,HighHorsepower,WoodHammer,GrassyGlide|||M|||50|,,,,,Fire]Dragonite||LoadedDice|Multiscale|ExtremeSpeed,ScaleShot,Protect,Haze|||M|||50|,,,,,Steel]Sneasler||FocusSash|PoisonTouch|DireClaw,CloseCombat,FakeOut,Coaching|||F|||50|,,,,,Stellar]Kingambit||BlackGlasses|Defiant|KowtowCleave,SuckerPunch,SwordsDance,Protect|||M|||50|,,,,,Dark]Electabuzz||Eviolite|VitalSpirit|Thunderbolt,Taunt,Protect,FollowMe|||M|||50|,,,,,Ghost]Volcarona||Leftovers|FlameBody|HeatWave,TeraBlast,QuiverDance,Protect|||F|||50|,,,,,Fairy
|showteam|p2|Archaludon||AssaultVest|Stamina|BodyPress,ElectroShot,FlashCannon,DragonPulse|||F|||50|,,,,,Fairy]Pelipper||CovertCloak|Drizzle|Hurricane,WeatherBall,Tailwind,Uturn|||F|||50|,,,,,Stellar]Rillaboom||LoadedDice|GrassySurge|GrassyGlide,BulletSeed,FakeOut,HighHorsepower|||F|||50|,,,,,Fire]Sinistcha||SitrusBerry|Hospitality|MatchaGotcha,LifeDew,TrickRoom,RagePowder||||||50|,,,,,Water]Ursaluna||FlameOrb|Guts|Facade,Substitute,HeadlongRush,Protect|||M|||50|,,,,,Ghost]Annihilape||Leftovers|Defiant|DrainPunch,RageFist,BulkUp,Protect|||F|||50|,,,,,Fire
|
|t:|1756640789
|teamsize|p1|4
|teamsize|p2|4
|start
|switch|p1a: Volcarona|Volcarona, L50, F|100/100
|switch|p1b: Rillaboom|Rillaboom, L50, M|100/100
|switch|p2a: Annihilape|Annihilape, L50, F, shiny|100/100
|switch|p2b: Pelipper|Pelipper, L50, F, shiny|100/100
|-weather|RainDance|[from] ability: Drizzle|[of] p2b: Pelipper
|-fieldstart|move: Grassy Terrain|[from] ability: Grassy Surge|[of] p1b: Rillaboom
|turn|1
|
|t:|1756640831
|switch|p2b: Sinistcha|Sinistcha, L50|100/100
|move|p1a: Volcarona|Heat Wave|p2b: Sinistcha|[spread] p2a,p2b
|-supereffective|p2b: Sinistcha
|-damage|p2a: Annihilape|88/100
|-damage|p2b: Sinistcha|66/100
|move|p2a: Annihilape|Bulk Up|p2a: Annihilape
|-boost|p2a: Annihilape|atk|1
|-boost|p2a: Annihilape|def|1
|move|p1b: Rillaboom|Wood Hammer|p2b: Sinistcha
|-resisted|p2b: Sinistcha
|-damage|p2b: Sinistcha|31/100
|-enditem|p2b: Sinistcha|Sitrus Berry|[eat]
|-heal|p2b: Sinistcha|56/100|[from] item: Sitrus Berry
|-damage|p1b: Rillaboom|90/100|[from] Recoil
|
|-weather|RainDance|[upkeep]
|-heal|p2a: Annihilape|94/100|[from] Grassy Terrain
|-heal|p2a: Annihilape|99/100|[from] item: Leftovers
|-heal|p1b: Rillaboom|96/100|[from] Grassy Terrain
|-heal|p2b: Sinistcha|62/100|[from] Grassy Terrain
|upkeep
|turn|2
|
|t:|1756640861
|move|p1a: Volcarona|Quiver Dance|p1a: Volcarona
|-boost|p1a: Volcarona|spa|1
|-boost|p1a: Volcarona|spd|1
|-boost|p1a: Volcarona|spe|1
|move|p2a: Annihilape|Rage Fist|p1a: Volcarona
|-damage|p1a: Volcarona|15/100
|move|p1b: Rillaboom|Wood Hammer|p2a: Annihilape
|-damage|p2a: Annihilape|52/100
|-damage|p1b: Rillaboom|80/100|[from] Recoil
|move|p2b: Sinistcha|Life Dew|p2b: Sinistcha|[spread] p2a,p2b
|-heal|p2a: Annihilape|77/100
|-heal|p2b: Sinistcha|87/100
|
|-weather|RainDance|[upkeep]
|-heal|p1a: Volcarona|22/100|[from] Grassy Terrain
|-heal|p1a: Volcarona|28/100|[from] item: Leftovers
|-heal|p2a: Annihilape|83/100|[from] Grassy Terrain
|-heal|p2a: Annihilape|89/100|[from] item: Leftovers
|-heal|p1b: Rillaboom|86/100|[from] Grassy Terrain
|-heal|p2b: Sinistcha|93/100|[from] Grassy Terrain
|upkeep
|turn|3
|
|t:|1756640912
|-terastallize|p1a: Volcarona|Fairy
|-terastallize|p2a: Annihilape|Fire
|move|p1a: Volcarona|Tera Blast|p2a: Annihilape|[anim] Tera Blast Fairy
|-resisted|p2a: Annihilape
|-damage|p2a: Annihilape|64/100
|move|p2a: Annihilape|Rage Fist|p1b: Rillaboom
|-crit|p1b: Rillaboom
|-damage|p1b: Rillaboom|0 fnt
|faint|p1b: Rillaboom
|move|p2b: Sinistcha|Life Dew|p2b: Sinistcha|[spread] p2a,p2b
|-heal|p2a: Annihilape|89/100
|-heal|p2b: Sinistcha|100/100
|
|-weather|RainDance|[upkeep]
|-heal|p1a: Volcarona|34/100|[from] Grassy Terrain
|-heal|p1a: Volcarona|40/100|[from] item: Leftovers
|-heal|p2a: Annihilape|96/100|[from] Grassy Terrain
|-heal|p2a: Annihilape|100/100|[from] item: Leftovers
|upkeep
|
|t:|1756640931
|switch|p1b: Sneasler|Sneasler, L50, F|100/100
|turn|4
|
|t:|1756640942
|move|p2a: Annihilape|Protect|p2a: Annihilape
|-singleturn|p2a: Annihilape|Protect
|move|p1b: Sneasler|Fake Out|p2a: Annihilape
|-activate|p2a: Annihilape|move: Protect
|move|p1a: Volcarona|Quiver Dance|p1a: Volcarona
|-boost|p1a: Volcarona|spa|1
|-boost|p1a: Volcarona|spd|1
|-boost|p1a: Volcarona|spe|1
|move|p2b: Sinistcha|Trick Room|p2b: Sinistcha
|-fieldstart|move: Trick Room|[of] p2b: Sinistcha
|
|-weather|RainDance|[upkeep]
|-heal|p1a: Volcarona|47/100|[from] Grassy Terrain
|-heal|p1a: Volcarona|53/100|[from] item: Leftovers
|upkeep
|turn|5
|
|t:|1756640967
|move|p1a: Volcarona|Protect|p1a: Volcarona
|-singleturn|p1a: Volcarona|Protect
|move|p2b: Sinistcha|Matcha Gotcha|p1b: Sneasler|[spread] p1b
|-activate|p1a: Volcarona|move: Protect
|-resisted|p1b: Sneasler
|-damage|p1b: Sneasler|79/100
|move|p2a: Annihilape|Rage Fist|p1b: Sneasler
|-damage|p1b: Sneasler|0 fnt
|faint|p1b: Sneasler
|
|-weather|none
|-heal|p1a: Volcarona|59/100|[from] Grassy Terrain
|-heal|p1a: Volcarona|65/100|[from] item: Leftovers
|-fieldend|move: Grassy Terrain
|upkeep
|
|t:|1756640981
|switch|p1b: Kingambit|Kingambit, L50, M, shiny|100/100
|turn|6
|
|t:|1756640997
|move|p2b: Sinistcha|Rage Powder|p2b: Sinistcha
|-singleturn|p2b: Sinistcha|move: Rage Powder
|move|p1b: Kingambit|Swords Dance|p1b: Kingambit
|-boost|p1b: Kingambit|atk|2
|move|p2a: Annihilape|Rage Fist|p1a: Volcarona
|-damage|p1a: Volcarona|0 fnt
|faint|p1a: Volcarona
|
|upkeep
|turn|7
|-message|r4ka forfeited.
|
|win|Tronman17
||r4ka is ready for game 2.
||Tronman17 is ready for game 2.
|uhtml|next|Next: Game 2 of 3
