|j|☆K0deBeast
|j|☆paralyze u
|html|K0deBeastparalyze u    
|uhtml|bestof|Game 2 of a best-of-3
|t:|1783136742
|gametype|doubles
|player|p1|K0deBeast|hiker|1154
|player|p2|paralyze u|1|1120
|gen|9
|tier|[Gen 9 Champions] VGC 2026 Reg M-B (Bo3)
|rated|
|rule|Species Clause: Limit one of each Pokémon
|rule|Item Clause: Limit 1 of each item
|clearpoke
|poke|p1|Grimmsnarl, L50, M, shiny|
|poke|p1|Charizard, L50, F, shiny|
|poke|p1|Venusaur, L50, M, shiny|
|poke|p1|Staraptor, L50, F, shiny|
|poke|p1|Milotic, L50, M, shiny|
|poke|p1|Garchomp, L50, M, shiny|
|poke|p2|Swampert, L50, M|
|poke|p2|Archaludon, L50, F|
|poke|p2|Pelipper, L50, F|
|poke|p2|Sinistcha-Masterpiece, L50|
|poke|p2|Sableye, L50, F|
|poke|p2|Metagross, L50|
|teampreview|4
|showteam|p1|Grimmsnarl||LightClay|Prankster|LightScreen,Reflect,PartingShot,FoulPlay|Careful||M|||50|]Charizard||CharizarditeY|Blaze|HeatWave,WeatherBall,SolarBeam,Protect|Modest||F|||50|]Venusaur||FocusSash|Chlorophyll|EarthPower,SludgeBomb,GigaDrain,Protect|Timid||M|||50|]Staraptor||Staraptite|Intimidate|BraveBird,CloseCombat,Tailwind,Protect|Jolly||F|||50|]Milotic||Leftovers|Competitive|IcyWind,LifeDew,Scald,Protect|Bold||M|||50|]Garchomp||LifeOrb|RoughSkin|Earthquake,Protect,RockSlide,DragonClaw|Adamant||M|||50|
|showteam|p2|Swampert||Swampertite|Torrent|WaveCrash,IcePunch,HighHorsepower,Protect|Adamant||M|||50|]Archaludon||Leftovers|Stamina|ElectroShot,AuraSphere,FlashCannon,Protect|Modest||F|||50|]Pelipper||FocusSash|Drizzle|Hurricane,WeatherBall,Tailwind,Protect|Modest||F|||50|]Sinistcha-Masterpiece||ColburBerry|Hospitality|MatchaGotcha,ShadowBall,RagePowder,Protect|Timid|||||50|]Sableye||RoseliBerry|Prankster|WillOWisp,RainDance,Quash,LightScreen|Bold||F|||50|]Metagross||Metagrossite|ClearBody|BodyPress,IronHead,PsychicFangs,Protect|Jolly|||||50|
|inactive|Battle timer is ON: inactive players will automatically lose when time's up. (requested by K0deBeast)
|
|t:|1783136805
|teamsize|p1|4
|teamsize|p2|4
|start
|switch|p1a: Charizard|Charizard, L50, F, shiny|100/100
|switch|p1b: Venusaur|Venusaur, L50, M, shiny|100/100
|switch|p2a: Archaludon|Archaludon, L50, F|100/100
|switch|p2b: Sableye|Sableye, L50, F|100/100
|turn|1
|
|t:|1783136817
|move|p2a: Archaludon|Protect|p2a: Archaludon
|-singleturn|p2a: Archaludon|Protect
|move|p2b: Sableye|Light Screen|p2b: Sableye
|-sidestart|p2: paralyze u|move: Light Screen
|move|p1a: Charizard|Heat Wave|p2b: Sableye|[spread] p2b
|-activate|p2a: Archaludon|move: Protect
|-damage|p2b: Sableye|73/100
|move|p1b: Venusaur|Earth Power|p2a: Archaludon
|-activate|p2a: Archaludon|move: Protect
|
|upkeep
|turn|2
|
|t:|1783136835
|switch|p2a: Pelipper|Pelipper, L50, F|100/100
|-weather|RainDance|[from] ability: Drizzle|[of] p2a: Pelipper
|move|p2b: Sableye|Will-O-Wisp|p1b: Venusaur
|-status|p1b: Venusaur|brn
|move|p1a: Charizard|Heat Wave|p2a: Pelipper|[spread] p2a,p2b
|-resisted|p2a: Pelipper|1
|-damage|p2a: Pelipper|90/100
|-damage|p2b: Sableye|62/100
|move|p1b: Venusaur|Earth Power|p2a: Pelipper
|-immune|p2a: Pelipper
|
|-weather|RainDance|[upkeep]
|-damage|p1b: Venusaur|94/100 brn|[from] brn
|upkeep
|turn|3
|inactive|paralyze u has 30 seconds left.
|inactive|paralyze u has 20 seconds left.
|inactive|paralyze u has 15 seconds left.
|
|t:|1783136877
|switch|p1a: Milotic|Milotic, L50, M, shiny|100/100
|move|p2b: Sableye|Rain Dance||[still]
|-fail|p2b: Sableye
|move|p1b: Venusaur|Sludge Bomb|p2a: Pelipper
|-damage|p2a: Pelipper|40/100
|move|p2a: Pelipper|Hurricane|p1b: Venusaur
|-supereffective|p1b: Venusaur|1
|-damage|p1b: Venusaur|0 fnt
|faint|p1b: Venusaur
|
|-weather|RainDance|[upkeep]
|upkeep
|
|t:|1783136893
|switch|p1b: Grimmsnarl|Grimmsnarl, L50, M, shiny|100/100
|turn|4
|
|t:|1783136910
|switch|p2a: Archaludon|Archaludon, L50, F|100/100
|switch|p2b: Swampert|Swampert, L50, M|100/100
|move|p1b: Grimmsnarl|Light Screen|p1b: Grimmsnarl
|-sidestart|p1: K0deBeast|move: Light Screen
|move|p1a: Milotic|Scald|p2b: Swampert
|-damage|p2b: Swampert|71/100
|-status|p2b: Swampert|brn
|
|-weather|RainDance|[upkeep]
|-damage|p2b: Swampert|65/100 brn|[from] brn
|upkeep
|turn|5
|
|t:|1783136930
|detailschange|p2b: Swampert|Swampert-Mega, L50, M
|-mega|p2b: Swampert|Swampert|Swampertite
|move|p1b: Grimmsnarl|Reflect|p1b: Grimmsnarl
|-sidestart|p1: K0deBeast|Reflect
|move|p2b: Swampert|Wave Crash|p1b: Grimmsnarl
|-damage|p1b: Grimmsnarl|59/100
|-damage|p2b: Swampert|51/100 brn|[from] Recoil
|move|p2a: Archaludon|Electro Shot||[still]
|-prepare|p2a: Archaludon|Electro Shot
|-boost|p2a: Archaludon|spa|1
|-anim|p2a: Archaludon|Electro Shot|p1a: Milotic
|-supereffective|p1a: Milotic|1
|-damage|p1a: Milotic|43/100
|move|p1a: Milotic|Scald|p2b: Swampert
|-damage|p2b: Swampert|25/100 brn
|
|-weather|RainDance|[upkeep]
|-heal|p1a: Milotic|49/100|[from] item: Leftovers
|-damage|p2b: Swampert|20/100y brn|[from] brn
|-sideend|p2: paralyze u|move: Light Screen
|upkeep
|turn|6
|inactive|paralyze u has 30 seconds left.
|inactive|paralyze u has 20 seconds left.
|inactive|paralyze u has 15 seconds left.
|inactive|paralyze u has 10 seconds left.
|
|t:|1783136978
|move|p1a: Milotic|Protect|p1a: Milotic
|-singleturn|p1a: Milotic|Protect
|move|p1b: Grimmsnarl|Parting Shot|p2a: Archaludon
|-unboost|p2a: Archaludon|atk|1
|-unboost|p2a: Archaludon|spa|1
|
|t:|1783136984
|switch|p1b: Charizard|Charizard, L50, F, shiny|100/100|[from] Parting Shot
|move|p2b: Swampert|Wave Crash|p1b: Charizard
|-supereffective|p1b: Charizard|1
|-damage|p1b: Charizard|11/100
|-damage|p2b: Swampert|0 fnt|[from] Recoil
|faint|p2b: Swampert
|move|p2a: Archaludon|Electro Shot||[still]
|-prepare|p2a: Archaludon|Electro Shot
|-boost|p2a: Archaludon|spa|1
|-anim|p2a: Archaludon|Electro Shot|p1a: Milotic
|-activate|p1a: Milotic|move: Protect
|
|-weather|none
|-heal|p1a: Milotic|54/100|[from] item: Leftovers
|upkeep
|
|t:|1783136990
|switch|p2b: Sableye|Sableye, L50, F|62/100
|turn|7
|
|t:|1783137002
|move|p1b: Charizard|Protect|p1b: Charizard
|-singleturn|p1b: Charizard|Protect
|move|p2b: Sableye|Rain Dance|p2b: Sableye
|-weather|RainDance
|move|p2a: Archaludon|Electro Shot||[still]
|-prepare|p2a: Archaludon|Electro Shot
|-boost|p2a: Archaludon|spa|1
|-anim|p2a: Archaludon|Electro Shot|p1a: Milotic
|-supereffective|p1a: Milotic|1
|-damage|p1a: Milotic|0 fnt
|faint|p1a: Milotic
|
|-weather|RainDance|[upkeep]
|upkeep
|inactive|K0deBeast has 30 seconds left.
|c|☆K0deBeast|Youre annoying
|-message|K0deBeast forfeited.
|raw|K0deBeast's rating: 1154 → 1127(-27 for losing)
|raw|paralyze u's rating: 1120 → 1147(+27 for winning)
|
|win|paralyze u
|l|☆K0deBeast
|player|p1|
|j|☆K0deBeast
|player|p1|K0deBeast|hiker|
|l|☆K0deBeast
|player|p1|
|c|☆paralyze u|srry bro :(
