|j|☆shiroblast
|j|☆pqwertyuio
|html|shiroblastpqwertyuio    
|uhtml|bestof|Game 2 of a best-of-3
|t:|1785702692
|gametype|doubles
|player|p1|shiroblast|benga|1193
|player|p2|pqwertyuio|170|1276
|gen|9
|tier|[Gen 9 Champions] VGC 2026 Reg M-B (Bo3)
|rated|
|rule|Species Clause: Limit one of each Pokémon
|rule|Item Clause: Limit 1 of each item
|clearpoke
|poke|p1|Staraptor, L50, M|
|poke|p1|Garchomp, L50, M|
|poke|p1|Whimsicott, L50, M|
|poke|p1|Delphox, L50, M|
|poke|p1|Glimmora, L50, M|
|poke|p1|Kingambit, L50, M|
|poke|p2|Charizard, L50, F|
|poke|p2|Aerodactyl, L50, M|
|poke|p2|Garchomp, L50, F|
|poke|p2|Sylveon, L50, F|
|poke|p2|Farigiraf, L50, F|
|poke|p2|Incineroar, L50, M|
|teampreview|4
|showteam|p1|Staraptor||Staraptite|Intimidate|Protect,Roost,CloseCombat,BraveBird|Jolly||M|||50|]Garchomp||LifeOrb|RoughSkin|Protect,RockSlide,Earthquake,DragonClaw|Jolly||M|||50|]Whimsicott||OccaBerry|Prankster|Moonblast,Tailwind,Charm,LightScreen|Timid||M|||50|]Delphox||Delphoxite|Magician|Protect,Psychic,HeatWave,Substitute|Timid||M|||50|]Glimmora||FocusSash|ToxicDebris|SpikyShield,SludgeBomb,EarthPower,PowerGem|Timid||M|||50|]Kingambit||ChopleBerry|Defiant|SuckerPunch,LowKick,IronHead,KowtowCleave|Adamant||M|||50|
|showteam|p2|Charizard||CharizarditeY|Blaze|WeatherBall,HeatWave,SolarBeam,Protect|Modest||F|||50|]Aerodactyl||Aerodactylite|Pressure|RockSlide,IceFang,Tailwind,Protect|Jolly||M|||50|]Garchomp||LifeOrb|RoughSkin|DragonClaw,Earthquake,RockTomb,Protect|Jolly||F|||50|]Sylveon||FairyFeather|Pixilate|HyperVoice,Yawn,QuickAttack,Protect|Bold||F|||50|]Farigiraf||Leftovers|ArmorTail|TwinBeam,Roar,TrickRoom,Protect|Calm||F|||50|]Incineroar||SitrusBerry|Intimidate|FlareBlitz,DarkestLariat,PartingShot,Protect|Impish||M|||50|
|
|t:|1785702729
|teamsize|p1|4
|teamsize|p2|4
|start
|switch|p1a: Kingambit|Kingambit, L50, M|100/100
|switch|p1b: Glimmora|Glimmora, L50, M|100/100
|switch|p2a: Charizard|Charizard, L50, F|100/100
|switch|p2b: Farigiraf|Farigiraf, L50, F|100/100
|turn|1
|
|t:|1785702755
|move|p2a: Charizard|Protect|p2a: Charizard
|-singleturn|p2a: Charizard|Protect
|move|p1b: Glimmora|Power Gem|p2a: Charizard
|-activate|p2a: Charizard|move: Protect
|move|p2b: Farigiraf|Twin Beam|p1b: Glimmora
|-supereffective|p1b: Glimmora|1
|-damage|p1b: Glimmora|61/100
|-supereffective|p1b: Glimmora|1
|-damage|p1b: Glimmora|15/100
|-hitcount|p1b: Glimmora|2
|move|p1a: Kingambit|Kowtow Cleave|p2b: Farigiraf
|-supereffective|p2b: Farigiraf|1
|-damage|p2b: Farigiraf|21/100
|
|-heal|p2b: Farigiraf|27/100|[from] item: Leftovers
|upkeep
|turn|2
|
|t:|1785702784
|switch|p2b: Sylveon|Sylveon, L50, F|100/100
|detailschange|p2a: Charizard|Charizard-Mega-Y, L50, F
|-mega|p2a: Charizard|Charizard|Charizardite Y
|-weather|SunnyDay|[from] ability: Drought|[of] p2a: Charizard
|move|p1b: Glimmora|Power Gem|p2a: Charizard
|-supereffective|p2a: Charizard|2
|-damage|p2a: Charizard|0 fnt
|faint|p2a: Charizard
|move|p1a: Kingambit|Kowtow Cleave|p2b: Sylveon
|-resisted|p2b: Sylveon|1
|-damage|p2b: Sylveon|78/100
|
|-weather|SunnyDay|[upkeep]
|upkeep
|
|t:|1785702800
|switch|p2a: Aerodactyl|Aerodactyl, L50, M|100/100
|-ability|p2a: Aerodactyl|Pressure
|turn|3
|
|t:|1785702821
|move|p2a: Aerodactyl|Tailwind|p2a: Aerodactyl
|-sidestart|p2: pqwertyuio|move: Tailwind
|move|p2b: Sylveon|Hyper Voice|p1b: Glimmora|[spread] p1a,p1b
|-crit|p1a: Kingambit
|-resisted|p1b: Glimmora|1
|-damage|p1a: Kingambit|45/100
|-damage|p1b: Glimmora|0 fnt
|faint|p1b: Glimmora
|move|p1a: Kingambit|Iron Head|p2b: Sylveon
|-supereffective|p2b: Sylveon|1
|-damage|p2b: Sylveon|0 fnt
|faint|p2b: Sylveon
|
|-weather|SunnyDay|[upkeep]
|upkeep
|
|t:|1785702834
|switch|p1b: Whimsicott|Whimsicott, L50, M|100/100
|switch|p2b: Farigiraf|Farigiraf, L50, F|27/100
|turn|4
|
|t:|1785702851
|move|p1b: Whimsicott|Tailwind|p1b: Whimsicott
|-sidestart|p1: shiroblast|move: Tailwind
|move|p2a: Aerodactyl|Rock Slide|p1a: Kingambit|[spread] p1a,p1b
|-resisted|p1a: Kingambit|1
|-damage|p1a: Kingambit|38/100
|-damage|p1b: Whimsicott|72/100
|move|p2b: Farigiraf|Twin Beam|p1b: Whimsicott
|-damage|p1b: Whimsicott|49/100
|-damage|p1b: Whimsicott|27/100
|-hitcount|p1b: Whimsicott|2
|move|p1a: Kingambit|Kowtow Cleave|p2b: Farigiraf
|-supereffective|p2b: Farigiraf|1
|-damage|p2b: Farigiraf|0 fnt
|faint|p2b: Farigiraf
|
|-weather|SunnyDay|[upkeep]
|upkeep
|turn|5
|
|t:|1785702868
|move|p1a: Kingambit|Sucker Punch|p2a: Aerodactyl
|-damage|p2a: Aerodactyl|44/100
|move|p2a: Aerodactyl|Rock Slide|p1b: Whimsicott|[spread] p1a,p1b
|-resisted|p1a: Kingambit|1
|-damage|p1a: Kingambit|30/100
|-damage|p1b: Whimsicott|0 fnt
|faint|p1b: Whimsicott
|
|-weather|SunnyDay|[upkeep]
|upkeep
|
|t:|1785702876
|switch|p1b: Delphox|Delphox, L50, M|100/100
|turn|6
|
|t:|1785702883
|detailschange|p1b: Delphox|Delphox-Mega, L50, M
|-mega|p1b: Delphox|Delphox|Delphoxite
|move|p1a: Kingambit|Sucker Punch|p2a: Aerodactyl
|-damage|p2a: Aerodactyl|0 fnt
|faint|p2a: Aerodactyl
|
|win|shiroblast
||shiroblast is ready for game 3.
|inactive|pqwertyuio has 30 seconds to confirm battle start!
|inactive|pqwertyuio has 20 seconds to confirm battle start!
||pqwertyuio is ready for game 3.
|uhtml|next|Next: Game 3 of 3
|l|☆pqwertyuio
|player|p2|
