|j|☆x5414
|j|☆SHOMA_WIN
|html|x5414SHOMA_WIN    
|uhtml|bestof|Game 1 of a best-of-3
|t:|1782222479
|gametype|doubles
|player|p1|x5414|265|1176
|player|p2|SHOMA_WIN|scientist|1259
|gen|9
|tier|[Gen 9 Champions] VGC 2026 Reg M-B (Bo3)
|rated|
|rule|Species Clause: Limit one of each Pokémon
|rule|Item Clause: Limit 1 of each item
|clearpoke
|poke|p1|Incineroar, L50, F|
|poke|p1|Staraptor, L50, M|
|poke|p1|Volcarona, L50, M|
|poke|p1|Rotom-Wash, L50|
|poke|p1|Whimsicott, L50, F|
|poke|p1|Scizor, L50, F|
|poke|p2|Charizard, L50, F|
|poke|p2|Whimsicott, L50, M|
|poke|p2|Floette-Eternal, L50, F|
|poke|p2|Kingambit, L50, M|
|poke|p2|Basculegion, L50, M|
|poke|p2|Garchomp, L50, F|
|teampreview|4
|showteam|p1|Incineroar||SitrusBerry|Intimidate|FakeOut,PartingShot,ThroatChop,FlareBlitz|Relaxed||F|||50|]Staraptor||Staraptite|Intimidate|BraveBird,CloseCombat,Roost,Protect|Jolly||M|||50|]Volcarona||Leftovers|FlameBody|QuiverDance,RagePowder,FieryDance,Protect|Modest||M|||50|]Rotom-Wash||ChoiceScarf|Levitate|VoltSwitch,Electroweb,HydroPump,Trick|Timid|||||50|]Whimsicott||FocusSash|Prankster|Protect,Moonblast,Tailwind,Encore|Serious||F|||50|]Scizor||MetalCoat|Technician|BulletPunch,CloseCombat,Uturn,Protect|Serious||F|||50|
|showteam|p2|Charizard||CharizarditeY|Blaze|HeatWave,WeatherBall,SolarBeam,Protect|Modest||F|||50|]Whimsicott||FocusSash|Prankster|Moonblast,Tailwind,Encore,Protect|Timid||M|||50|]Floette-Eternal||Floettite|FlowerVeil|Moonblast,DazzlingGleam,LightofRuin,Protect|Timid||F|||50|]Kingambit||BlackGlasses|Defiant|KowtowCleave,SuckerPunch,IronHead,Protect|Adamant||M|||50|]Basculegion||MysticWater|Adaptability|WaveCrash,LastRespects,AquaJet,Protect|Adamant||M|||50|]Garchomp||LifeOrb|RoughSkin|Earthquake,DragonClaw,RockSlide,Protect|Jolly||F|||50|
|
|t:|1782222525
|teamsize|p1|4
|teamsize|p2|4
|start
|switch|p1a: Rotom|Rotom-Wash, L50|100/100
|switch|p1b: Volcarona|Volcarona, L50, M|100/100
|switch|p2a: Whimsicott|Whimsicott, L50, M|100/100
|switch|p2b: Charizard|Charizard, L50, F|100/100
|turn|1
|inactive|Battle timer is ON: inactive players will automatically lose when time's up. (requested by x5414)
|
|t:|1782222546
|detailschange|p2b: Charizard|Charizard-Mega-Y, L50, F
|-mega|p2b: Charizard|Charizard|Charizardite Y
|-weather|SunnyDay|[from] ability: Drought|[of] p2b: Charizard
|move|p1a: Rotom|Volt Switch|p2b: Charizard
|-supereffective|p2b: Charizard|1
|-damage|p2b: Charizard|54/100
|
|t:|1782222555
|switch|p1a: Incineroar|Incineroar, L50, F|100/100|[from] Volt Switch
|-ability|p1a: Incineroar|Intimidate|boost
|-unboost|p2a: Whimsicott|atk|1
|-unboost|p2b: Charizard|atk|1
|move|p2a: Whimsicott|Moonblast|p1a: Incineroar
|-damage|p1a: Incineroar|68/100
|move|p1b: Volcarona|Quiver Dance|p1b: Volcarona
|-boost|p1b: Volcarona|spa|1
|-boost|p1b: Volcarona|spd|1
|-boost|p1b: Volcarona|spe|1
|move|p2b: Charizard|Heat Wave|p1b: Volcarona|[spread] p1a
|-miss|p2b: Charizard|p1b: Volcarona
|-resisted|p1a: Incineroar|1
|-damage|p1a: Incineroar|42/100
|-enditem|p1a: Incineroar|Sitrus Berry|[eat]
|-heal|p1a: Incineroar|66/100|[from] item: Sitrus Berry
|
|-weather|SunnyDay|[upkeep]
|upkeep
|turn|2
|
|t:|1782222578
|switch|p2a: Garchomp|Garchomp, L50, F|100/100
|move|p1a: Incineroar|Fake Out|p2a: Garchomp
|-damage|p2a: Garchomp|89/100
|-damage|p1a: Incineroar|54/100|[from] ability: Rough Skin|[of] p2a: Garchomp
|move|p1b: Volcarona|Fiery Dance|p2b: Charizard
|-resisted|p2b: Charizard|1
|-damage|p2b: Charizard|13/100
|-boost|p1b: Volcarona|spa|1
|move|p2b: Charizard|Weather Ball|p1a: Incineroar
|-resisted|p1a: Incineroar|1
|-damage|p1a: Incineroar|15/100
|
|-weather|SunnyDay|[upkeep]
|upkeep
|turn|3
|
|t:|1782222598
|switch|p2b: Whimsicott|Whimsicott, L50, M|100/100
|switch|p1a: Rotom|Rotom-Wash, L50|100/100
|move|p1b: Volcarona|Protect|p1b: Volcarona
|-singleturn|p1b: Volcarona|Protect
|move|p2a: Garchomp|Rock Slide|p1a: Rotom|[spread] p1a
|-activate|p1b: Volcarona|move: Protect
|-damage|p1a: Rotom|70/100
|-damage|p2a: Garchomp|79/100|[from] item: Life Orb
|
|-weather|SunnyDay|[upkeep]
|upkeep
|turn|4
|
|t:|1782222612
|switch|p1b: Scizor|Scizor, L50, F|100/100
|move|p2b: Whimsicott|Encore||[still]
|-fail|p2b: Whimsicott
|move|p1a: Rotom|Trick|p2a: Garchomp
|-activate|p1a: Rotom|move: Trick|[of] p2a: Garchomp
|-item|p2a: Garchomp|Choice Scarf|[from] move: Trick
|-item|p1a: Rotom|Life Orb|[from] move: Trick
|move|p2a: Garchomp|Rock Slide|p1a: Rotom|[spread] p1a,p1b
|-damage|p1a: Rotom|49/100
|-damage|p1b: Scizor|80/100
|
|-weather|SunnyDay|[upkeep]
|upkeep
|turn|5
|
|t:|1782222634
|move|p1b: Scizor|Bullet Punch|p2b: Whimsicott
|-supereffective|p2b: Whimsicott|1
|-enditem|p2b: Whimsicott|Focus Sash
|-damage|p2b: Whimsicott|1/100
|move|p2a: Garchomp|Rock Slide|p1b: Scizor|[spread] p1a,p1b
|-damage|p1a: Rotom|29/100
|-damage|p1b: Scizor|60/100
|move|p2b: Whimsicott|Moonblast|p1a: Rotom
|-damage|p1a: Rotom|0 fnt
|faint|p1a: Rotom
|
|-weather|none
|upkeep
|
|t:|1782222640
|switch|p1a: Incineroar|Incineroar, L50, F|15/100
|-ability|p1a: Incineroar|Intimidate|boost
|-unboost|p2a: Garchomp|atk|1
|-unboost|p2b: Whimsicott|atk|1
|turn|6
|inactive|x5414 has 30 seconds left.
|
|t:|1782222665
|switch|p2b: Basculegion|Basculegion, L50, M|100/100
|move|p2a: Garchomp|Rock Slide|p1b: Scizor|[spread] p1a,p1b
|-supereffective|p1a: Incineroar|1
|-damage|p1a: Incineroar|0 fnt
|-damage|p1b: Scizor|46/100
|faint|p1a: Incineroar
|move|p1b: Scizor|U-turn|p2b: Basculegion
|-resisted|p2b: Basculegion|1
|-damage|p2b: Basculegion|79/100
|
|t:|1782222668
|switch|p1b: Volcarona|Volcarona, L50, M|100/100|[from] U-turn
|
|upkeep
|-message|x5414 forfeited.
|
|win|SHOMA_WIN
|l|☆x5414
|player|p1|
