|j|☆caevz027
|j|☆tryson69
|html|caevz027tryson69    
|uhtml|bestof|Game 2 of a best-of-3
|t:|1783000431
|gametype|doubles
|player|p1|caevz027|169|1109
|player|p2|tryson69|crasherwake|1220
|gen|9
|tier|[Gen 9 Champions] VGC 2026 Reg M-B (Bo3)
|rated|
|rule|Species Clause: Limit one of each Pokémon
|rule|Item Clause: Limit 1 of each item
|clearpoke
|poke|p1|Charizard, L50, F|
|poke|p1|Whimsicott, L50, F|
|poke|p1|Farigiraf, L50, F|
|poke|p1|Sneasler, L50, F|
|poke|p1|Kingambit, L50, M|
|poke|p1|Sylveon, L50, M|
|poke|p2|Tyranitar, L50, M|
|poke|p2|Sinistcha, L50|
|poke|p2|Sneasler, L50, F|
|poke|p2|Garchomp, L50, F|
|poke|p2|Corviknight, L50, M|
|poke|p2|Gholdengo, L50|
|teampreview|4
|showteam|p1|Charizard||CharizarditeY|SolarPower|HeatWave,Protect,WeatherBall,SolarBeam|Modest||F|||50|]Whimsicott||FocusSash|Prankster|Encore,Moonblast,Tailwind,SunnyDay|Timid||F|||50|]Farigiraf||SitrusBerry|ArmorTail|Thunderbolt,Psychic,TrickRoom,HelpingHand|Modest||F|||50|]Sneasler||WhiteHerb|Unburden|FakeOut,DireClaw,CloseCombat,Protect|Adamant||F|||50|]Kingambit||ChopleBerry|Defiant|KowtowCleave,LowKick,SuckerPunch,IronHead|Adamant||M|||50|]Sylveon||FairyFeather|Pixilate|HyperVoice,HyperBeam,QuickAttack,Protect|Sassy||M|||50|
|showteam|p2|Tyranitar||Tyranitarite|SandStream|KnockOff,RockSlide,Protect,DragonDance|Adamant||M|||50|]Sinistcha||SitrusBerry|Hospitality|TrickRoom,MatchaGotcha,RagePowder,Protect|Bold|||||50|]Sneasler||WhiteHerb|Unburden|CloseCombat,DireClaw,FakeOut,Protect|Jolly||F|||50|]Garchomp||LifeOrb|RoughSkin|Earthquake,RockSlide,Protect,DragonClaw|Adamant||F|||50|]Corviknight||Leftovers|MirrorArmor|Tailwind,BulkUp,Protect,BraveBird|Careful||M|||50|]Gholdengo||SpellTag|GoodasGold|MakeItRain,NastyPlot,ShadowBall,Protect|Modest|||||50|
|inactive|Battle timer is ON: inactive players will automatically lose when time's up. (requested by caevz027)
|
|t:|1783000449
|teamsize|p1|4
|teamsize|p2|4
|start
|switch|p1a: Sylveon|Sylveon, L50, M|100/100
|switch|p1b: Farigiraf|Farigiraf, L50, F|100/100
|switch|p2a: Tyranitar|Tyranitar, L50, M|100/100
|switch|p2b: Garchomp|Garchomp, L50, F|100/100
|-weather|Sandstorm|[from] ability: Sand Stream|[of] p2a: Tyranitar
|turn|1
|
|t:|1783000463
|switch|p1b: Kingambit|Kingambit, L50, M|100/100
|detailschange|p2a: Tyranitar|Tyranitar-Mega, L50, M
|-mega|p2a: Tyranitar|Tyranitar|Tyranitarite
|move|p2b: Garchomp|Rock Slide|p1b: Kingambit|[spread] p1b
|-miss|p2b: Garchomp|p1a: Sylveon
|-resisted|p1b: Kingambit|1
|-damage|p1b: Kingambit|90/100
|-damage|p2b: Garchomp|90/100|[from] item: Life Orb
|move|p2a: Tyranitar|Rock Slide|p1a: Sylveon|[spread] p1a,p1b
|-resisted|p1b: Kingambit|1
|-damage|p1a: Sylveon|57/100
|-damage|p1b: Kingambit|77/100
|move|p1a: Sylveon|Hyper Voice|p2a: Tyranitar|[spread] p2a,p2b
|-supereffective|p2a: Tyranitar|1
|-supereffective|p2b: Garchomp|1
|-damage|p2a: Tyranitar|64/100
|-damage|p2b: Garchomp|20/100y
|
|-weather|Sandstorm|[upkeep]
|-damage|p1a: Sylveon|51/100|[from] Sandstorm
|upkeep
|turn|2
|
|t:|1783000485
|move|p2a: Tyranitar|Protect|p2a: Tyranitar
|-singleturn|p2a: Tyranitar|Protect
|move|p1b: Kingambit|Sucker Punch|p2b: Garchomp
|-damage|p2b: Garchomp|0 fnt
|-damage|p1b: Kingambit|65/100|[from] ability: Rough Skin|[of] p2b: Garchomp
|faint|p2b: Garchomp
|move|p1a: Sylveon|Hyper Beam|p2a: Tyranitar
|-activate|p2a: Tyranitar|move: Protect
|
|-weather|Sandstorm|[upkeep]
|-damage|p1a: Sylveon|46/100|[from] Sandstorm
|upkeep
|
|t:|1783000489
|switch|p2b: Sneasler|Sneasler, L50, F|100/100
|turn|3
|
|t:|1783000507
|switch|p1b: Farigiraf|Farigiraf, L50, F|100/100
|move|p2b: Sneasler|Close Combat|p1b: Farigiraf
|-damage|p1b: Farigiraf|38/100
|-unboost|p2b: Sneasler|def|1
|-unboost|p2b: Sneasler|spd|1
|-enditem|p1b: Farigiraf|Sitrus Berry|[eat]
|-heal|p1b: Farigiraf|63/100|[from] item: Sitrus Berry
|-enditem|p2b: Sneasler|White Herb
|-clearnegativeboost|p2b: Sneasler|[silent]
|move|p2a: Tyranitar|Rock Slide|p1b: Farigiraf|[spread] p1a,p1b
|-damage|p1a: Sylveon|0 fnt
|-damage|p1b: Farigiraf|29/100
|faint|p1a: Sylveon
|
|-weather|Sandstorm|[upkeep]
|-damage|p2b: Sneasler|94/100|[from] Sandstorm
|-damage|p1b: Farigiraf|23/100|[from] Sandstorm
|upkeep
|
|t:|1783000523
|switch|p1a: Charizard|Charizard, L50, F|100/100
|turn|4
|inactive|tryson69 has 30 seconds left.
|
|t:|1783000553
|switch|p2a: Sinistcha|Sinistcha, L50|100/100
|-heal|p2b: Sneasler|100/100|[from] ability: Hospitality|[of] p2a: Sinistcha
|detailschange|p1a: Charizard|Charizard-Mega-Y, L50, F
|-mega|p1a: Charizard|Charizard|Charizardite Y
|-weather|SunnyDay|[from] ability: Drought|[of] p1a: Charizard
|move|p2b: Sneasler|Close Combat|p1b: Farigiraf
|-damage|p1b: Farigiraf|0 fnt
|-unboost|p2b: Sneasler|def|1
|-unboost|p2b: Sneasler|spd|1
|faint|p1b: Farigiraf
|move|p1a: Charizard|Solar Beam||[still]
|-prepare|p1a: Charizard|Solar Beam
|-anim|p1a: Charizard|Solar Beam|p2a: Sinistcha
|-resisted|p2a: Sinistcha|1
|-damage|p2a: Sinistcha|78/100
|
|-weather|SunnyDay|[upkeep]
|upkeep
|
|t:|1783000568
|switch|p1b: Kingambit|Kingambit, L50, M|65/100
|turn|5
|
|t:|1783000582
|switch|p2a: Tyranitar|Tyranitar-Mega, L50, M|64/100
|-weather|Sandstorm|[from] ability: Sand Stream|[of] p2a: Tyranitar
|move|p1b: Kingambit|Sucker Punch|p2b: Sneasler
|-resisted|p2b: Sneasler|1
|-damage|p2b: Sneasler|47/100
|move|p2b: Sneasler|Close Combat|p1b: Kingambit
|-supereffective|p1b: Kingambit|2
|-enditem|p1b: Kingambit|Chople Berry|[eat]
|-enditem|p1b: Kingambit|Chople Berry|[weaken]
|-damage|p1b: Kingambit|0 fnt
|-unboost|p2b: Sneasler|def|1
|-unboost|p2b: Sneasler|spd|1
|faint|p1b: Kingambit
|move|p1a: Charizard|Heat Wave|p2b: Sneasler|[spread] p2b
|-miss|p1a: Charizard|p2a: Tyranitar
|-damage|p2b: Sneasler|0 fnt
|faint|p2b: Sneasler
|
|-weather|Sandstorm|[upkeep]
|-damage|p1a: Charizard|94/100|[from] Sandstorm
|upkeep
|
|t:|1783000592
|switch|p2b: Sinistcha|Sinistcha, L50|78/100
|-heal|p2a: Tyranitar|88/100|[from] ability: Hospitality|[of] p2b: Sinistcha
|turn|6
|-message|caevz027 forfeited.
|
|win|tryson69
|raw|caevz027's rating: 1109 → 1092(-17 for losing)
|raw|tryson69's rating: 1220 → 1237(+17 for winning)
|l|☆caevz027
|player|p1|
