|j|☆latios66
|j|☆schlytus
|html|latios66schlytus    
|uhtml|bestof|Game 2 of a best-of-3
|t:|1756767447
|gametype|doubles
|player|p1|latios66|170|1137
|player|p2|schlytus|lucas-gen4pt|1068
|gen|9
|tier|[Gen 9] VGC 2025 Reg H (Bo3)
|rated|
|rule|Species Clause: Limit one of each Pokémon
|rule|Item Clause: Limit 1 of each item
|clearpoke
|poke|p1|Toedscruel, L50, F|
|poke|p1|Weezing-Galar, L50, F|
|poke|p1|Corviknight, L50, F|
|poke|p1|Pawmot, L50, M|
|poke|p1|Dragapult, L50, F|
|poke|p1|Typhlosion-Hisui, L50, F|
|poke|p2|Toxicroak, L50, M|
|poke|p2|Pelipper, L50, F|
|poke|p2|Archaludon, L50, M|
|poke|p2|Pincurchin, L50, M|
|poke|p2|Gallade, L50, M|
|poke|p2|Ursaluna-Bloodmoon, L50, M|
|teampreview|4
|showteam|p1|Toedscruel||CovertCloak|MyceliumMight|Spore,EarthPower,AcidSpray,RagePowder|||F|||50|,,,,,Water]Weezing-Galar||ChoiceSpecs|NeutralizingGas|DazzlingGleam,SludgeBomb,StrangeSteam,Thunderbolt|||F|||50|,,,,,Bug]Corviknight||SitrusBerry|MirrorArmor|Protect,Tailwind,Roost,BraveBird|||F|||50|,,,,,Dragon]Pawmot||FocusSash|NaturalCure|Protect,CloseCombat,DoubleShock,FakeOut|||M|||50|,,,,,Electric]Dragapult||ChoiceBand|Infiltrator|DragonDarts,Outrage,SuckerPunch,Uturn|||F|||50|,,,,,Dragon]Typhlosion-Hisui||ChoiceScarf|Blaze|Eruption,SleepTalk,HeatWave,ShadowBall|||F|||50|,,,,,Fire
|showteam|p2|Toxicroak||AssaultVest|DrySkin|FakeOut,CloseCombat,KnockOff,PoisonJab|||M|||50|,,,,,Stellar]Pelipper||FocusSash|Drizzle|WeatherBall,Hurricane,Tailwind,Protect|||F|||50|,,,,,Flying]Archaludon||PowerHerb|Stamina|DragonPulse,Protect,ElectroShot,DarkPulse|||M|||50|,,,,,Electric]Pincurchin||AbilityShield|ElectricSurge|ZingZap,SuckerPunch,ThunderWave,Protect|||M|||50|,,,,,Dark]Gallade||ElectricSeed|Sharpness|LeafBlade,PsychoCut,SacredSword,Protect|||M|||50|,,,,,Grass]Ursaluna-Bloodmoon||ThroatSpray|MindsEye|Protect,HyperVoice,BloodMoon,EarthPower|||M|||50|,,,,,Dragon
|inactive|Battle timer is ON: inactive players will automatically lose when time's up. (requested by schlytus)
|
|t:|1756767483
|teamsize|p1|4
|teamsize|p2|4
|start
|switch|p1a: Weezing|Weezing-Galar, L50, F|100/100
|switch|p1b: Toedscruel|Toedscruel, L50, F|100/100
|switch|p2a: Ursaluna|Ursaluna-Bloodmoon, L50, M|100/100
|switch|p2b: Toxicroak|Toxicroak, L50, M, shiny|100/100
|-ability|p1a: Weezing|Neutralizing Gas
|turn|1
|inactive|latios66 has 30 seconds left.
|
|t:|1756767514
|switch|p1b: Dragapult|Dragapult, L50, F|100/100
|-end|p1a: Weezing|ability: Neutralizing Gas
|switch|p1a: Typhlosion|Typhlosion-Hisui, L50, F|100/100
|move|p2b: Toxicroak|Fake Out|p1b: Dragapult
|-immune|p1b: Dragapult
|move|p2a: Ursaluna|Hyper Voice|p1b: Dragapult|[spread] p1a,p1b
|-damage|p1a: Typhlosion|43/100
|-damage|p1b: Dragapult|51/100
|-enditem|p2a: Ursaluna|Throat Spray
|-boost|p2a: Ursaluna|spa|1|[from] item: Throat Spray
|
|upkeep
|turn|2
|inactive|schlytus has 30 seconds left.
|inactive|schlytus has 20 seconds left.
|inactive|schlytus has 15 seconds left.
|inactive|schlytus has 10 seconds left.
|
|t:|1756767560
|-terastallize|p1b: Dragapult|Dragon
|move|p1a: Typhlosion|Heat Wave|p2b: Toxicroak|[spread] p2a,p2b
|-crit|p2a: Ursaluna
|-damage|p2a: Ursaluna|30/100
|-damage|p2b: Toxicroak|63/100
|move|p1b: Dragapult|Dragon Darts|p2b: Toxicroak
|-damage|p2b: Toxicroak|0 fnt
|-anim|p1b: Dragapult|Dragon Darts|p2a: Ursaluna
|-damage|p2a: Ursaluna|0 fnt
|faint|p2b: Toxicroak
|faint|p2a: Ursaluna
|
|upkeep
|
|t:|1756767571
|switch|p2b: Archaludon|Archaludon, L50, M|100/100
|switch|p2a: Pincurchin|Pincurchin, L50, M|100/100
|-fieldstart|move: Electric Terrain|[from] ability: Electric Surge|[of] p2a: Pincurchin
|turn|3
|
|t:|1756767587
|switch|p1a: Toedscruel|Toedscruel, L50, F|100/100
|move|p2a: Pincurchin|Sucker Punch||[still]
|-fail|p2a: Pincurchin
|move|p1b: Dragapult|Dragon Darts|p2a: Pincurchin
|-damage|p2a: Pincurchin|42/100
|-anim|p1b: Dragapult|Dragon Darts|p2b: Archaludon
|-damage|p2b: Archaludon|60/100
|-ability|p2b: Archaludon|Stamina|boost
|-boost|p2b: Archaludon|def|1
|move|p2b: Archaludon|Electro Shot||[still]
|-prepare|p2b: Archaludon|Electro Shot
|-boost|p2b: Archaludon|spa|1
|-enditem|p2b: Archaludon|Power Herb
|-anim|p2b: Archaludon|Electro Shot|p1b: Dragapult
|-resisted|p1b: Dragapult
|-damage|p1b: Dragapult|0 fnt
|faint|p1b: Dragapult
|
|upkeep
|
|t:|1756767608
|switch|p1b: Typhlosion|Typhlosion-Hisui, L50, F|43/100
|turn|4
|
|t:|1756767617
|move|p1a: Toedscruel|Rage Powder|p1a: Toedscruel
|-singleturn|p1a: Toedscruel|move: Rage Powder
|move|p2a: Pincurchin|Sucker Punch||[still]
|-fail|p2a: Pincurchin
|move|p1b: Typhlosion|Heat Wave|p2b: Archaludon|[spread] p2a,p2b
|-damage|p2a: Pincurchin|3/100
|-damage|p2b: Archaludon|19/100
|-ability|p2b: Archaludon|Stamina|boost
|-boost|p2b: Archaludon|def|1
|move|p2b: Archaludon|Dragon Pulse|p1a: Toedscruel
|-damage|p1a: Toedscruel|47/100
|
|upkeep
|turn|5
|
|t:|1756767634
|move|p1a: Toedscruel|Rage Powder|p1a: Toedscruel
|-singleturn|p1a: Toedscruel|move: Rage Powder
|move|p2a: Pincurchin|Sucker Punch||[still]
|-fail|p2a: Pincurchin
|move|p1b: Typhlosion|Heat Wave|p2a: Pincurchin|[spread] p2a,p2b
|-damage|p2a: Pincurchin|0 fnt
|-damage|p2b: Archaludon|0 fnt
|faint|p2a: Pincurchin
|faint|p2b: Archaludon
|
|win|latios66
|raw|latios66's rating: 1137 → 1157(+20 for winning)
|raw|schlytus's rating: 1068 → 1052(-16 for losing)
|l|☆schlytus
|player|p2|
