|j|☆atxflyer
|j|☆Phonyy1
|html|atxflyerPhonyy1    
|uhtml|bestof|Game 2 of a best-of-3
|t:|1756861971
|gametype|doubles
|player|p1|atxflyer|alder|1000
|player|p2|Phonyy1|n|1052
|gen|9
|tier|[Gen 9] VGC 2025 Reg H (Bo3)
|rated|
|rule|Species Clause: Limit one of each Pokémon
|rule|Item Clause: Limit 1 of each item
|clearpoke
|poke|p1|Dragonite, L50, M|
|poke|p1|Gholdengo, L50|
|poke|p1|Rillaboom, L50, M|
|poke|p1|Ursaluna-Bloodmoon, L50, M|
|poke|p1|Maushold-Four, L50|
|poke|p1|Annihilape, L50, M|
|poke|p2|Rillaboom, L50, M|
|poke|p2|Incineroar, L50, M|
|poke|p2|Archaludon, L50, M|
|poke|p2|Amoonguss, L50, M|
|poke|p2|Basculegion, L50, M|
|poke|p2|Politoed, L50, F|
|teampreview|4
|showteam|p1|Dragonite||LoadedDice|Multiscale|ScaleShot,Tailwind,Haze,Protect|||M|||50|,,,,,Fairy]Gholdengo||LifeOrb|GoodasGold|MakeItRain,ShadowBall,NastyPlot,Protect||||||50|,,,,,Flying]Rillaboom||MiracleSeed|GrassySurge|WoodHammer,GrassyGlide,HighHorsepower,FakeOut|||M|||50|,,,,,Fire]Ursaluna-Bloodmoon||AssaultVest|MindsEye|BloodMoon,EarthPower,HyperVoice,VacuumWave|||M|||50|,,,,,Water]Maushold-Four||FocusSash|FriendGuard|SuperFang,FollowMe,BeatUp,Protect||||||50|,,,,,Ghost]Annihilape||SitrusBerry|Defiant|DrainPunch,RageFist,BulkUp,Protect|||M|||50|,,,,,Water
|showteam|p2|Rillaboom||AssaultVest|GrassySurge|WoodHammer,Uturn,GrassyGlide,FakeOut|||M|||50|,,,,,Fire]Incineroar||SafetyGoggles|Intimidate|FakeOut,PartingShot,FlareBlitz,KnockOff|||M|||50|,,,,,Water]Archaludon||ClearAmulet|Stamina|ElectroShot,FlashCannon,Protect,DragonPulse|||M|||50|,,,,,Grass]Amoonguss||RockyHelmet|Regenerator|Spore,RagePowder,SludgeBomb,PollenPuff|||M|||50|,,,,,Ground]Basculegion||ChoiceScarf|Adaptability|FlipTurn,LastRespects,WaveCrash,IceFang|||M|||50|,,,,,Water]Politoed||Leftovers|Drizzle|WeatherBall,Protect,Encore,ChillingWater|||F|||50|,,,,,Steel
|inactive|Battle timer is ON: inactive players will automatically lose when time's up. (requested by atxflyer)
|inactive|atxflyer has 60 seconds left.
|
|t:|1756862018
|teamsize|p1|4
|teamsize|p2|4
|start
|switch|p1a: Maushold|Maushold-Four, L50, shiny|100/100
|switch|p1b: Annihilape|Annihilape, L50, M, shiny|100/100
|switch|p2a: Bull|Politoed, L50, F|100/100
|switch|p2b: Karp|Basculegion, L50, M|100/100
|-weather|RainDance|[from] ability: Drizzle|[of] p2a: Bull
|turn|1
|inactive|atxflyer has 30 seconds left.
|inactive|Phonyy1 has 30 seconds left.
|inactive|atxflyer has 20 seconds left.
|inactive|Phonyy1 has 20 seconds left.
|inactive|atxflyer has 15 seconds left.
|inactive|Phonyy1 has 15 seconds left.
|inactive|atxflyer has 10 seconds left.
|inactive|Phonyy1 has 10 seconds left.
|
|t:|1756862067
|move|p1a: Maushold|Follow Me|p1a: Maushold
|-singleturn|p1a: Maushold|move: Follow Me
|move|p2b: Karp|Wave Crash|p1a: Maushold
|-enditem|p1a: Maushold|Focus Sash
|-damage|p1a: Maushold|1/100
|-damage|p2b: Karp|70/100|[from] Recoil
|move|p1b: Annihilape|Bulk Up|p1b: Annihilape
|-boost|p1b: Annihilape|atk|1
|-boost|p1b: Annihilape|def|1
|move|p2a: Bull|Weather Ball|p1a: Maushold
|-damage|p1a: Maushold|0 fnt
|faint|p1a: Maushold
|
|-weather|RainDance|[upkeep]
|upkeep
|
|t:|1756862082
|switch|p1a: Gholdengo|Gholdengo, L50|100/100
|turn|2
|
|t:|1756862105
|move|p2a: Bull|Protect|p2a: Bull
|-singleturn|p2a: Bull|Protect
|move|p2b: Karp|Wave Crash|p1b: Annihilape
|-damage|p1b: Annihilape|18/100
|-enditem|p1b: Annihilape|Sitrus Berry|[eat]
|-heal|p1b: Annihilape|43/100|[from] item: Sitrus Berry
|-damage|p2b: Karp|41/100|[from] Recoil
|move|p1b: Annihilape|Rage Fist|p2b: Karp
|-supereffective|p2b: Karp
|-damage|p2b: Karp|0 fnt
|faint|p2b: Karp
|move|p1a: Gholdengo|Make It Rain|p2a: Bull
|-activate|p2a: Bull|move: Protect
|
|-weather|RainDance|[upkeep]
|upkeep
|
|t:|1756862128
|switch|p2b: Golden Gate|Archaludon, L50, M|100/100
|turn|3
|inactive|atxflyer has 30 seconds left.
|inactive|atxflyer has 20 seconds left.
|inactive|atxflyer has 15 seconds left.
|inactive|atxflyer has 10 seconds left.
|
|t:|1756862177
|move|p1b: Annihilape|Protect|p1b: Annihilape
|-singleturn|p1b: Annihilape|Protect
|move|p2b: Golden Gate|Protect|p2b: Golden Gate
|-singleturn|p2b: Golden Gate|Protect
|move|p1a: Gholdengo|Nasty Plot|p1a: Gholdengo
|-boost|p1a: Gholdengo|spa|2
|move|p2a: Bull|Weather Ball|p1b: Annihilape
|-activate|p1b: Annihilape|move: Protect
|
|-weather|RainDance|[upkeep]
|upkeep
|turn|4
|inactive|Phonyy1 has 30 seconds left.
|
|t:|1756862210
|switch|p2b: Stone Cold|Incineroar, L50, M|100/100
|-ability|p2b: Stone Cold|Intimidate|boost
|-unboost|p1a: Gholdengo|atk|1
|-unboost|p1b: Annihilape|atk|1
|-ability|p1b: Annihilape|Defiant|boost
|-boost|p1b: Annihilape|atk|2
|move|p1b: Annihilape|Rage Fist|p2b: Stone Cold
|-resisted|p2b: Stone Cold
|-damage|p2b: Stone Cold|65/100
|move|p1a: Gholdengo|Shadow Ball|p2b: Stone Cold
|-resisted|p2b: Stone Cold
|-damage|p2b: Stone Cold|19/100
|-damage|p1a: Gholdengo|91/100|[from] item: Life Orb
|move|p2a: Bull|Weather Ball|p1b: Annihilape
|-damage|p1b: Annihilape|0 fnt
|faint|p1b: Annihilape
|
|-weather|RainDance|[upkeep]
|upkeep
|
|t:|1756862228
|switch|p1b: Ursaluna|Ursaluna-Bloodmoon, L50, M|100/100
|turn|5
|
|t:|1756862251
|move|p1a: Gholdengo|Protect|p1a: Gholdengo
|-singleturn|p1a: Gholdengo|Protect
|move|p2b: Stone Cold|Fake Out|p1b: Ursaluna
|-damage|p1b: Ursaluna|92/100
|move|p2a: Bull|Weather Ball|p1b: Ursaluna
|-supereffective|p1b: Ursaluna
|-damage|p1b: Ursaluna|31/100
|cant|p1b: Ursaluna|flinch
|
|-weather|none
|upkeep
|turn|6
|
|t:|1756862268
|move|p1a: Gholdengo|Make It Rain|p2a: Bull|[spread] p2a,p2b
|-resisted|p2a: Bull
|-resisted|p2b: Stone Cold
|-damage|p2a: Bull|58/100
|-damage|p2b: Stone Cold|0 fnt
|-unboost|p1a: Gholdengo|spa|1
|faint|p2b: Stone Cold
|-damage|p1a: Gholdengo|82/100|[from] item: Life Orb
|move|p2a: Bull|Chilling Water|p1b: Ursaluna
|-supereffective|p1b: Ursaluna
|-damage|p1b: Ursaluna|7/100
|-unboost|p1b: Ursaluna|atk|1
|move|p1b: Ursaluna|Hyper Voice|p2a: Bull
|-damage|p2a: Bull|21/100
|
|-heal|p2a: Bull|27/100|[from] item: Leftovers
|upkeep
|
|t:|1756862282
|switch|p2b: Golden Gate|Archaludon, L50, M|100/100
|turn|7
|
|t:|1756862299
|move|p1a: Gholdengo|Shadow Ball|p2b: Golden Gate
|-damage|p2b: Golden Gate|9/100
|-ability|p2b: Golden Gate|Stamina|boost
|-boost|p2b: Golden Gate|def|1
|-damage|p1a: Gholdengo|72/100|[from] item: Life Orb
|move|p2b: Golden Gate|Dragon Pulse|p1a: Gholdengo
|-resisted|p1a: Gholdengo
|-damage|p1a: Gholdengo|44/100
|move|p2a: Bull|Chilling Water|p1b: Ursaluna
|-supereffective|p1b: Ursaluna
|-damage|p1b: Ursaluna|0 fnt
|faint|p1b: Ursaluna
|
|-heal|p2a: Bull|33/100|[from] item: Leftovers
|upkeep
|turn|8
|
|t:|1756862317
|move|p2b: Golden Gate|Protect|p2b: Golden Gate
|-singleturn|p2b: Golden Gate|Protect
|move|p1a: Gholdengo|Make It Rain|p2b: Golden Gate|[spread] p2a
|-activate|p2b: Golden Gate|move: Protect
|-resisted|p2a: Bull
|-damage|p2a: Bull|2/100
|-unboost|p1a: Gholdengo|spa|1
|-damage|p1a: Gholdengo|35/100|[from] item: Life Orb
|move|p2a: Bull|Chilling Water|p1a: Gholdengo
|-damage|p1a: Gholdengo|15/100
|-unboost|p1a: Gholdengo|atk|1
|
|-heal|p2a: Bull|8/100|[from] item: Leftovers
|upkeep
|turn|9
|
|t:|1756862334
|move|p2b: Golden Gate|Protect||[still]
|-fail|p2b: Golden Gate
|move|p2a: Bull|Protect|p2a: Bull
|-singleturn|p2a: Bull|Protect
|move|p1a: Gholdengo|Make It Rain|p2b: Golden Gate|[spread] p2b
|-activate|p2a: Bull|move: Protect
|-resisted|p2b: Golden Gate
|-damage|p2b: Golden Gate|0 fnt
|-unboost|p1a: Gholdengo|spa|1
|faint|p2b: Golden Gate
|-damage|p1a: Gholdengo|6/100|[from] item: Life Orb
|
|-heal|p2a: Bull|14/100|[from] item: Leftovers
|upkeep
|turn|10
|
|t:|1756862355
|move|p1a: Gholdengo|Make It Rain|p2a: Bull
|-resisted|p2a: Bull
|-crit|p2a: Bull
|-damage|p2a: Bull|0 fnt
|-unboost|p1a: Gholdengo|spa|1
|faint|p2a: Bull
|-damage|p1a: Gholdengo|0 fnt|[from] item: Life Orb
|faint|p1a: Gholdengo
|
|win|atxflyer
||Phonyy1 is ready for game 3.
||atxflyer is ready for game 3.
|uhtml|next|Next: Game 3 of 3
|l|☆Phonyy1
|player|p2|
|l|☆atxflyer
|player|p1|
|j|☆atxflyer
|player|p1|atxflyer|alder|
