|j|☆abgesaftet
|j|☆Il Mule
|html|abgesaftetIl Mule    
|uhtml|bestof|Game 2 of a best-of-3
|t:|1783513417
|gametype|doubles
|player|p1|abgesaftet|ballguy|1477
|player|p2|Il Mule|salvatore|1604
|gen|9
|tier|[Gen 9 Champions] VGC 2026 Reg M-B (Bo3)
|rated|
|rule|Species Clause: Limit one of each Pokémon
|rule|Item Clause: Limit 1 of each item
|clearpoke
|poke|p1|Sinistcha-Masterpiece, L50|
|poke|p1|Kingambit, L50, F|
|poke|p1|Sneasler, L50, M|
|poke|p1|Floette-Eternal, L50, F|
|poke|p1|Delphox, L50, M|
|poke|p1|Incineroar, L50, M|
|poke|p2|Excadrill, L50, F|
|poke|p2|Tyranitar, L50, F|
|poke|p2|Sneasler, L50, F|
|poke|p2|Incineroar, L50, F|
|poke|p2|Froslass, L50, F|
|poke|p2|Sinistcha, L50|
|teampreview|4
|showteam|p1|Sinistcha-Masterpiece||KasibBerry|Hospitality|MatchaGotcha,RagePowder,TrickRoom,Protect|Bold|||||50|]Kingambit||BlackGlasses|Defiant|KowtowCleave,SuckerPunch,SwordsDance,Protect|Adamant||F|||50|]Sneasler||FocusSash|PoisonTouch|FakeOut,CloseCombat,DireClaw,QuickGuard|Jolly||M|||50|]Floette-Eternal||Floettite|FlowerVeil|Moonblast,DazzlingGleam,CalmMind,Protect|Modest||F|||50|]Delphox||Delphoxite|Blaze|HeatWave,Psyshock,NastyPlot,Protect|Timid||M|||50|]Incineroar||SitrusBerry|Intimidate|PartingShot,FlareBlitz,ThroatChop,FakeOut|Careful||M|||50|
|showteam|p2|Excadrill||FocusSash|SandRush|HighHorsepower,RockSlide,IronHead,Protect|Adamant||F|||50|]Tyranitar||Tyranitarite|SandStream|KnockOff,RockSlide,DragonDance,Protect|Adamant||F|||50|]Sneasler||WhiteHerb|Unburden|CloseCombat,DireClaw,Coaching,FakeOut|Jolly||F|||50|]Incineroar||SitrusBerry|Intimidate|FlareBlitz,HelpingHand,PartingShot,FakeOut|Impish||F|||50|]Froslass||Froslassite|CursedBody|Blizzard,ShadowBall,NastyPlot,Protect|Timid||F|||50|]Sinistcha||ColburBerry|Hospitality|MatchaGotcha,ShadowBall,RagePowder,Protect|Bold|||||50|
|j| rovesciaporci
|j| lakaka siuuu
|c|☆Il Mule|no dai non essere così tranchant
|c|☆Il Mule|mi scuso perdonami
|j| kelso shrug
|c|☆Il Mule|ci sta dimenticarsi di unburden
|c| lakaka siuuu|per fortuna è laureato
|c|☆Il Mule|lo faccio sempre pure io
|c| rovesciaporci|mi stai raccontando tante panzane frate
|c| lakaka siuuu|o il laureato se sei un gran film
|j| Tridello
|j| mafav2
|c| rovesciaporci|achille laureo
|j| enesbk
|j| Slaipzy
|c| Tridello|lo faccio sempre all'ultimo try
|inactive|Battle timer is ON: inactive players will automatically lose when time's up. (requested by Il Mule)
|
|t:|1783513490
|teamsize|p1|4
|teamsize|p2|4
|start
|switch|p1a: Delphox|Delphox, L50, M|100/100
|switch|p1b: Sneasler|Sneasler, L50, M|100/100
|switch|p2a: Gervasoni|Excadrill, L50, F|100/100
|switch|p2b: Quando provo|Tyranitar, L50, F|100/100
|-weather|Sandstorm|[from] ability: Sand Stream|[of] p2b: Quando provo
|turn|1
|inactive|abgesaftet has 30 seconds left.
|inactive|abgesaftet has 20 seconds left.
|inactive|abgesaftet has 15 seconds left.
|l| enesbk
|
|t:|1783513532
|detailschange|p1a: Delphox|Delphox-Mega, L50, M
|-mega|p1a: Delphox|Delphox|Delphoxite
|move|p2a: Gervasoni|Protect|p2a: Gervasoni
|-singleturn|p2a: Gervasoni|Protect
|move|p2b: Quando provo|Protect|p2b: Quando provo
|-singleturn|p2b: Quando provo|Protect
|move|p1b: Sneasler|Fake Out|p2b: Quando provo
|-activate|p2b: Quando provo|move: Protect
|move|p1a: Delphox|Nasty Plot|p1a: Delphox
|-boost|p1a: Delphox|spa|2
|
|-weather|Sandstorm|[upkeep]
|-damage|p1a: Delphox|93/100|[from] Sandstorm
|-damage|p1b: Sneasler|94/100|[from] Sandstorm
|upkeep
|turn|2
|j| enesbk
|
|t:|1783513550
|switch|p1a: Sinistcha|Sinistcha-Masterpiece, L50|100/100
|-heal|p1b: Sneasler|100/100|[from] ability: Hospitality|[of] p1a: Sinistcha
|move|p2a: Gervasoni|High Horsepower|p1b: Sneasler
|-supereffective|p1b: Sneasler|1
|-enditem|p1b: Sneasler|Focus Sash
|-damage|p1b: Sneasler|1/100
|move|p1b: Sneasler|Close Combat|p2b: Quando provo
|-supereffective|p2b: Quando provo|2
|-damage|p2b: Quando provo|0 fnt
|-unboost|p1b: Sneasler|def|1
|-unboost|p1b: Sneasler|spd|1
|faint|p2b: Quando provo
|
|-weather|Sandstorm|[upkeep]
|-damage|p1b: Sneasler|0 fnt|[from] Sandstorm
|-damage|p1a: Sinistcha|93/100|[from] Sandstorm
|faint|p1b: Sneasler
|upkeep
|c|☆Il Mule|ha fatto i compiti a casa
|c|☆Il Mule|al contrario mio
|j| chef orte
|inactive|abgesaftet has 30 seconds left.
|inactive|Il Mule has 30 seconds left.
|
|t:|1783513575
|switch|p1b: Delphox|Delphox-Mega, L50, M|93/100
|switch|p2b: Sabotage|Sneasler, L50, F|100/100
|turn|3
|l| kelso shrug
|inactive|abgesaftet has 30 seconds left.
|
|t:|1783513607
|switch|p1b: Incineroar|Incineroar, L50, M|100/100
|-ability|p1b: Incineroar|Intimidate|boost
|-unboost|p2a: Gervasoni|atk|1
|-unboost|p2b: Sabotage|atk|1
|-enditem|p2b: Sabotage|White Herb
|-clearnegativeboost|p2b: Sabotage|[silent]
|move|p2b: Sabotage|Coaching|p2a: Gervasoni
|-boost|p2a: Gervasoni|atk|1
|-boost|p2a: Gervasoni|def|1
|move|p2a: Gervasoni|Rock Slide|p1a: Sinistcha|[spread] p1a
|-miss|p2a: Gervasoni|p1b: Incineroar
|-damage|p1a: Sinistcha|77/100
|move|p1a: Sinistcha|Trick Room|p1a: Sinistcha
|-fieldstart|move: Trick Room|[of] p1a: Sinistcha
|
|-weather|Sandstorm|[upkeep]
|-damage|p1a: Sinistcha|71/100|[from] Sandstorm
|-damage|p1b: Incineroar|93/100|[from] Sandstorm
|-damage|p2b: Sabotage|93/100|[from] Sandstorm
|upkeep
|turn|4
|j| kelso shrug
|l| chef orte
|c| rovesciaporci|g3
|inactive|abgesaftet has 30 seconds left.
|c|☆Il Mule|mo farah
|inactive|abgesaftet has 20 seconds left.
|inactive|Il Mule has 30 seconds left.
|inactive|abgesaftet has 15 seconds left.
|c| Tridello|farah scazzi
|inactive|abgesaftet has 10 seconds left.
|
|t:|1783513654
|switch|p2a: Sidy|Incineroar, L50, F|100/100
|-ability|p2a: Sidy|Intimidate|boost
|-unboost|p1a: Sinistcha|atk|1
|-unboost|p1b: Incineroar|atk|1
|move|p1a: Sinistcha|Matcha Gotcha|p2b: Sabotage|[spread] p2a,p2b
|-resisted|p2a: Sidy|1
|-resisted|p2b: Sabotage|1
|-damage|p2a: Sidy|89/100
|-heal|p1a: Sinistcha|77/100|[from] drain|[of] p2a: Sidy
|-damage|p2b: Sabotage|80/100
|-heal|p1a: Sinistcha|84/100|[from] drain|[of] p2b: Sabotage
|-status|p2b: Sabotage|brn
|move|p1b: Incineroar|Flare Blitz|p2b: Sabotage
|-damage|p2b: Sabotage|35/100 brn
|-damage|p1b: Incineroar|80/100|[from] Recoil
|move|p2b: Sabotage|Close Combat|p1b: Incineroar
|-supereffective|p1b: Incineroar|1
|-damage|p1b: Incineroar|28/100
|-unboost|p2b: Sabotage|def|1
|-unboost|p2b: Sabotage|spd|1
|-enditem|p1b: Incineroar|Sitrus Berry|[eat]
|-heal|p1b: Incineroar|53/100|[from] item: Sitrus Berry
|
|-weather|Sandstorm|[upkeep]
|-damage|p2a: Sidy|83/100|[from] Sandstorm
|-damage|p1a: Sinistcha|78/100|[from] Sandstorm
|-damage|p1b: Incineroar|46/100|[from] Sandstorm
|-damage|p2b: Sabotage|29/100 brn|[from] Sandstorm
|-damage|p2b: Sabotage|23/100 brn|[from] brn
|upkeep
|turn|5
|c|☆Il Mule|avevo preso la giocata
|c|☆Il Mule|non ci credo
|c| kelso shrug|G2
|c|☆Il Mule|questa fa male
|inactive|Il Mule has 30 seconds left.
|c| lakaka siuuu|tutto facilissimo
|inactive|Il Mule has 20 seconds left.
|inactive|Il Mule has 15 seconds left.
|j| chef orte
|inactive|Il Mule has 10 seconds left.
|
|t:|1783513704
|switch|p1b: Delphox|Delphox-Mega, L50, M|93/100
|move|p1a: Sinistcha|Protect|p1a: Sinistcha
|-singleturn|p1a: Sinistcha|Protect
|move|p2a: Sidy|Flare Blitz|p1a: Sinistcha
|-activate|p1a: Sinistcha|move: Protect
|move|p2b: Sabotage|Coaching|p2a: Sidy
|-boost|p2a: Sidy|atk|1
|-boost|p2a: Sidy|def|1
|
|-weather|none
|-damage|p2b: Sabotage|17/100 brn|[from] brn
|upkeep
|turn|6
|l| kelso shrug
|j| estupinanthepuledr
|c| chef orte|muy facile
|inactive|abgesaftet has 30 seconds left.
|inactive|Il Mule has 30 seconds left.
|
|t:|1783513731
|switch|p1a: Incineroar|Incineroar, L50, M|46/100
|-ability|p1a: Incineroar|Intimidate|boost
|-unboost|p2a: Sidy|atk|1
|-unboost|p2b: Sabotage|atk|1
|move|p2a: Sidy|Flare Blitz|p1b: Delphox
|-resisted|p1b: Delphox|1
|-damage|p1b: Delphox|62/100
|-damage|p2a: Sidy|75/100|[from] Recoil
|move|p1b: Delphox|Nasty Plot|p1b: Delphox
|-boost|p1b: Delphox|spa|2
|move|p2b: Sabotage|Coaching|p2a: Sidy
|-boost|p2a: Sidy|atk|1
|-boost|p2a: Sidy|def|1
|
|-damage|p2b: Sabotage|11/100 brn|[from] brn
|upkeep
|turn|7
|j| kelso shrug
|l| rovesciaporci
|inactive|Il Mule has 30 seconds left.
|
|t:|1783513757
|move|p1a: Incineroar|Fake Out|p2a: Sidy
|-damage|p2a: Sidy|71/100
|cant|p2a: Sidy|flinch
|move|p1b: Delphox|Heat Wave|p2a: Sidy|[spread] p2a,p2b
|-resisted|p2a: Sidy|1
|-crit|p2b: Sabotage
|-damage|p2a: Sidy|34/100
|-damage|p2b: Sabotage|0 fnt
|-enditem|p2a: Sidy|Sitrus Berry|[eat]
|-heal|p2a: Sidy|58/100|[from] item: Sitrus Berry
|faint|p2b: Sabotage
|
|-fieldend|move: Trick Room
|upkeep
|
|t:|1783513762
|switch|p2b: Gervasoni|Excadrill, L50, F|100/100
|turn|8
|c| enesbk|What you doing
|c| enesbk|Il Mule
|inactive|Il Mule has 30 seconds left.
|c| enesbk|scared?
|
|t:|1783513788
|switch|p1a: Sinistcha|Sinistcha-Masterpiece, L50|78/100
|-heal|p1b: Delphox|87/100|[from] ability: Hospitality|[of] p1a: Sinistcha
|move|p1b: Delphox|Protect|p1b: Delphox
|-singleturn|p1b: Delphox|Protect
|move|p2b: Gervasoni|Protect|p2b: Gervasoni
|-singleturn|p2b: Gervasoni|Protect
|move|p2a: Sidy|Flare Blitz|p1b: Delphox
|-activate|p1b: Delphox|move: Protect
|
|upkeep
|turn|9
|c| enesbk|Hai paura?
|c|☆Il Mule|gg brodero
|
|t:|1783513806
|switch|p1a: Incineroar|Incineroar, L50, M|46/100
|-ability|p1a: Incineroar|Intimidate|boost
|-unboost|p2a: Sidy|atk|1
|-unboost|p2b: Gervasoni|atk|1
|move|p2a: Sidy|Helping Hand|p2b: Gervasoni
|-singleturn|p2b: Gervasoni|Helping Hand|[of] p2a: Sidy
|move|p1b: Delphox|Heat Wave|p2b: Gervasoni|[spread] p2a,p2b
|-resisted|p2a: Sidy|1
|-supereffective|p2b: Gervasoni|1
|-damage|p2a: Sidy|20/100y
|-enditem|p2b: Gervasoni|Focus Sash
|-damage|p2b: Gervasoni|1/100
|move|p2b: Gervasoni|Rock Slide|p1a: Incineroar|[spread] p1a,p1b
|-supereffective|p1a: Incineroar|1
|-supereffective|p1b: Delphox|1
|-damage|p1a: Incineroar|4/100
|-damage|p1b: Delphox|24/100
|
|upkeep
|turn|10
|c| chef orte|il brodo primordiale
|c|☆Il Mule|il brodero primordiale
|
|t:|1783513827
|move|p2b: Gervasoni|Protect|p2b: Gervasoni
|-singleturn|p2b: Gervasoni|Protect
|move|p1a: Incineroar|Fake Out|p2a: Sidy
|-crit|p2a: Sidy
|-damage|p2a: Sidy|9/100
|move|p1b: Delphox|Psyshock|p2b: Gervasoni
|-activate|p2b: Gervasoni|move: Protect
|cant|p2a: Sidy|flinch
|
|upkeep
|turn|11
|
|t:|1783513838
|move|p2b: Gervasoni|Protect||[still]
|-fail|p2b: Gervasoni
|move|p1b: Delphox|Psyshock|p2b: Gervasoni
|-resisted|p2b: Gervasoni|1
|-damage|p2b: Gervasoni|0 fnt
|faint|p2b: Gervasoni
|move|p1a: Incineroar|Parting Shot|p2a: Sidy
|-unboost|p2a: Sidy|atk|1
|-unboost|p2a: Sidy|spa|1
|
|t:|1783513839
|switch|p1a: Sinistcha|Sinistcha-Masterpiece, L50|78/100|[from] Parting Shot
|-heal|p1b: Delphox|49/100|[from] ability: Hospitality|[of] p1a: Sinistcha
|move|p2a: Sidy|Flare Blitz|p1b: Delphox
|-resisted|p1b: Delphox|1
|-damage|p1b: Delphox|25/100
|-damage|p2a: Sidy|2/100|[from] Recoil
|
|upkeep
|turn|12
|-message|Il Mule forfeited.
|
|win|abgesaftet
