|j|☆komsu
|j|☆BBQ69
|html|komsuBBQ69    
|uhtml|bestof|Game 1 of a best-of-3
|t:|1783767959
|gametype|doubles
|player|p1|komsu|gambler|1219
|player|p2|BBQ69|rosa|1203
|gen|9
|tier|[Gen 9 Champions] VGC 2026 Reg M-B (Bo3)
|rated|
|rule|Species Clause: Limit one of each Pokémon
|rule|Item Clause: Limit 1 of each item
|clearpoke
|poke|p1|Kingambit, L50, F|
|poke|p1|Charizard, L50, M|
|poke|p1|Aerodactyl, L50, M|
|poke|p1|Incineroar, L50, M|
|poke|p1|Garchomp, L50, F|
|poke|p1|Sylveon, L50, M|
|poke|p2|Pelipper, L50, F|
|poke|p2|Swampert, L50, F|
|poke|p2|Grimmsnarl, L50, M, shiny|
|poke|p2|Sceptile, L50, F|
|poke|p2|Archaludon, L50, F|
|poke|p2|Rotom-Heat, L50|
|teampreview|4
|showteam|p1|Kingambit||FocusSash|Defiant|KowtowCleave,IronHead,SuckerPunch,LowKick|Adamant||F|||50|]Charizard||CharizarditeY|Blaze|HeatWave,SolarBeam,WeatherBall,Protect|Modest||M|||50|]Aerodactyl||Aerodactylite|Unnerve|RockSlide,DualWingbeat,Protect,Tailwind|Jolly||M|||50|]Incineroar||SitrusBerry|Intimidate|FlareBlitz,FakeOut,PartingShot,DarkestLariat|Careful||M|||50|]Garchomp||LifeOrb|RoughSkin|Earthquake,DragonClaw,RockSlide,Protect|Jolly||F|||50|]Sylveon||FairyFeather|Pixilate|HyperVoice,HyperBeam,QuickAttack,Protect|Modest||M|||50|
|showteam|p2|Pelipper||FocusSash|Drizzle|Protect,Hurricane,WeatherBall,WideGuard|Timid||F|||50|]Swampert||Swampertite|Torrent|Protect,WaveCrash,Earthquake,IcyWind|Adamant||F|||50|]Grimmsnarl||LightClay|Prankster|FakeOut,Reflect,LightScreen,SpiritBreak|Careful||M|||50|]Sceptile||Sceptilite|Overgrow|Protect,EnergyBall,DragonPulse,EarthPower|Modest||F|||50|]Archaludon||SitrusBerry|Stamina|Protect,ElectroShot,FlashCannon,DracoMeteor|Modest||F|||50|]Rotom-Heat||ChoiceScarf|Levitate|VoltSwitch,Discharge,Overheat,Electroweb|Timid|||||50|
|inactive|Battle timer is ON: inactive players will automatically lose when time's up. (requested by BBQ69)
|inactive|komsu has 60 seconds left.
|inactive|BBQ69 has 60 seconds left.
|inactive|komsu has 30 seconds left.
|inactive|komsu has 20 seconds left.
|
|t:|1783768031
|teamsize|p1|4
|teamsize|p2|4
|start
|switch|p1a: Charizard|Charizard, L50, M|100/100
|switch|p1b: Garchomp|Garchomp, L50, F|100/100
|switch|p2a: Rotom|Rotom-Heat, L50|100/100
|switch|p2b: Sceptile|Sceptile, L50, F|100/100
|turn|1
|inactive|komsu has 30 seconds left.
|inactive|komsu has 20 seconds left.
|inactive|komsu has 15 seconds left.
|
|t:|1783768071
|detailschange|p2b: Sceptile|Sceptile-Mega, L50, F
|-mega|p2b: Sceptile|Sceptile|Sceptilite
|move|p1b: Garchomp|Protect|p1b: Garchomp
|-singleturn|p1b: Garchomp|Protect
|move|p1a: Charizard|Protect|p1a: Charizard
|-singleturn|p1a: Charizard|Protect
|move|p2a: Rotom|Discharge|p1b: Garchomp|[spread] 
|-activate|p1a: Charizard|move: Protect
|-activate|p1b: Garchomp|move: Protect
|-ability|p2b: Sceptile|Lightning Rod|boost
|-boost|p2b: Sceptile|spa|1
|move|p2b: Sceptile|Dragon Pulse|p1b: Garchomp
|-activate|p1b: Garchomp|move: Protect
|
|upkeep
|turn|2
|
|t:|1783768090
|switch|p1b: Sylveon|Sylveon, L50, M|100/100
|detailschange|p1a: Charizard|Charizard-Mega-Y, L50, M
|-mega|p1a: Charizard|Charizard|Charizardite Y
|-weather|SunnyDay|[from] ability: Drought|[of] p1a: Charizard
|move|p2a: Rotom|Discharge|p1b: Sylveon|[spread] p1a,p1b
|-ability|p2b: Sceptile|Lightning Rod|boost
|-boost|p2b: Sceptile|spa|1
|-supereffective|p1a: Charizard|1
|-damage|p1a: Charizard|53/100
|-damage|p1b: Sylveon|78/100
|move|p2b: Sceptile|Dragon Pulse|p1b: Sylveon
|-immune|p1b: Sylveon
|move|p1a: Charizard|Weather Ball|p2b: Sceptile
|-damage|p2b: Sceptile|0 fnt
|faint|p2b: Sceptile
|
|-weather|SunnyDay|[upkeep]
|upkeep
|
|t:|1783768109
|switch|p2b: Pelipper|Pelipper, L50, F|100/100
|-weather|RainDance|[from] ability: Drizzle|[of] p2b: Pelipper
|turn|3
|
|t:|1783768129
|switch|p2a: Swampert|Swampert, L50, F|100/100
|switch|p1a: Garchomp|Garchomp, L50, F|100/100
|move|p2b: Pelipper|Weather Ball|p1a: Garchomp
|-damage|p1a: Garchomp|27/100
|move|p1b: Sylveon|Hyper Beam|p2b: Pelipper
|-enditem|p2b: Pelipper|Focus Sash
|-damage|p2b: Pelipper|1/100
|-mustrecharge|p1b: Sylveon
|
|-weather|RainDance|[upkeep]
|upkeep
|turn|4
|inactive|BBQ69 has 30 seconds left.
|
|t:|1783768157
|move|p1a: Garchomp|Protect|p1a: Garchomp
|-singleturn|p1a: Garchomp|Protect
|move|p2b: Pelipper|Protect|p2b: Pelipper
|-singleturn|p2b: Pelipper|Protect
|cant|p1b: Sylveon|recharge
|move|p2a: Swampert|Wave Crash|p1a: Garchomp
|-activate|p1a: Garchomp|move: Protect
|
|-weather|RainDance|[upkeep]
|upkeep
|turn|5
|inactive|komsu has 30 seconds left.
|inactive|komsu has 20 seconds left.
|inactive|komsu has 15 seconds left.
|
|t:|1783768198
|move|p2b: Pelipper|Wide Guard|p2b: Pelipper
|-singleturn|p2b: Pelipper|Wide Guard
|move|p1b: Sylveon|Quick Attack|p2b: Pelipper
|-damage|p2b: Pelipper|0 fnt
|faint|p2b: Pelipper
|move|p1a: Garchomp|Rock Slide|p2a: Swampert
|-activate|p2a: Swampert|move: Wide Guard
|move|p2a: Swampert|Earthquake|p1b: Sylveon|[spread] p1a,p1b
|-damage|p1a: Garchomp|0 fnt
|-damage|p1b: Sylveon|30/100
|faint|p1a: Garchomp
|
|-weather|RainDance|[upkeep]
|upkeep
|
|t:|1783768210
|switch|p1a: Charizard|Charizard-Mega-Y, L50, M|53/100
|switch|p2b: Rotom|Rotom-Heat, L50|100/100
|-weather|SunnyDay|[from] ability: Drought|[of] p1a: Charizard
|turn|6
|inactive|komsu has 30 seconds left.
|inactive|BBQ69 has 30 seconds left.
|inactive|BBQ69 has 20 seconds left.
|inactive|BBQ69 has 15 seconds left.
|
|t:|1783768257
|move|p2b: Rotom|Electroweb|p1a: Charizard|[spread] p1a,p1b
|-supereffective|p1a: Charizard|1
|-damage|p1a: Charizard|19/100
|-damage|p1b: Sylveon|16/100
|-unboost|p1a: Charizard|spe|1
|-unboost|p1b: Sylveon|spe|1
|move|p2a: Swampert|Earthquake|p1b: Sylveon|[spread] p1b
|-immune|p2b: Rotom|[from] ability: Levitate
|-immune|p1a: Charizard
|-damage|p1b: Sylveon|0 fnt
|faint|p1b: Sylveon
|move|p1a: Charizard|Solar Beam||[still]
|-prepare|p1a: Charizard|Solar Beam
|-anim|p1a: Charizard|Solar Beam|p2a: Swampert
|-supereffective|p2a: Swampert|2
|-damage|p2a: Swampert|0 fnt
|faint|p2a: Swampert
|
|-weather|SunnyDay|[upkeep]
|upkeep
|
|t:|1783768272
|switch|p1b: Kingambit|Kingambit, L50, F|100/100
|turn|7
|
|t:|1783768279
|move|p1a: Charizard|Protect|p1a: Charizard
|-singleturn|p1a: Charizard|Protect
|move|p2b: Rotom|Electroweb|p1a: Charizard|[spread] p1b
|-activate|p1a: Charizard|move: Protect
|-crit|p1b: Kingambit
|-damage|p1b: Kingambit|68/100
|-unboost|p1b: Kingambit|spe|1
|-ability|p1b: Kingambit|Defiant|boost
|-boost|p1b: Kingambit|atk|2
|move|p1b: Kingambit|Kowtow Cleave|p2b: Rotom
|-damage|p2b: Rotom|0 fnt
|faint|p2b: Rotom
|
|win|komsu
||BBQ69 is ready for game 2.
|l|☆komsu
|player|p1|
|inactive|komsu has 30 seconds to confirm battle start!
||komsu is ready for game 2.
|uhtml|next|Next: Game 2 of 3
|l|☆BBQ69
|player|p2|
|j|☆komsu
|player|p1|komsu|gambler|
