|j|☆laufey#1fan
|j|☆Boomyy
|html|laufey#1fanBoomyy    
|uhtml|bestof|Game 1 of a best-of-3
|t:|1756478121
|gametype|doubles
|player|p1|laufey#1fan|lady|1289
|player|p2|Boomyy|brawly|1169
|gen|9
|tier|[Gen 9] VGC 2025 Reg H (Bo3)
|rated|
|rule|Species Clause: Limit one of each Pokémon
|rule|Item Clause: Limit 1 of each item
|clearpoke
|poke|p1|Gholdengo, L50|
|poke|p1|Ursaluna-Bloodmoon, L50, M|
|poke|p1|Incineroar, L50, F|
|poke|p1|Maushold-Four, L50|
|poke|p1|Annihilape, L50, M|
|poke|p1|Dragonite, L50, M|
|poke|p2|Indeedee-F, L50, F|
|poke|p2|Exeggutor, L50, M|
|poke|p2|Torkoal, L50, F|
|poke|p2|Ursaluna, L50, F|
|poke|p2|Gallade, L50, M|
|poke|p2|Zoroark-Hisui, L50, M|
|teampreview|4
|showteam|p1|Gholdengo||LifeOrb|GoodasGold|MakeItRain,NastyPlot,ShadowBall,Protect||||||50|,,,,,Water]Ursaluna-Bloodmoon||AssaultVest|MindsEye|BloodMoon,EarthPower,HyperVoice,VacuumWave|||M|||50|,,,,,Water]Incineroar||SafetyGoggles|Intimidate|FakeOut,FlareBlitz,PartingShot,KnockOff|||F|||50|,,,,,Ghost]Maushold-Four||FocusSash|FriendGuard|SuperFang,FollowMe,BeatUp,Protect||||||50|,,,,,Grass]Annihilape||SitrusBerry|Defiant|DrainPunch,BulkUp,RageFist,Protect|||M|||50|,,,,,Fire]Dragonite||LoadedDice|Multiscale|ScaleShot,ExtremeSpeed,Protect,Tailwind|||M|||50|,,,,,Fairy
|showteam|p2|Indeedee-F||PsychicSeed|PsychicSurge|FollowMe,Psychic,HelpingHand,TrickRoom|||F|||50|,,,,,Grass]Exeggutor||FocusSash|Chlorophyll|ExpandingForce,EnergyBall,SleepPowder,TrickRoom|||M|||50|,,,,,Psychic]Torkoal||Charcoal|Drought|Eruption,WeatherBall,ClearSmog,Protect|||F|||50|,,,,,Fire]Ursaluna||FlameOrb|Guts|Facade,HeadlongRush,Earthquake,Protect|||F|||50|,,,,,Ghost]Gallade||ClearAmulet|Sharpness|PsychoCut,SacredSword,WideGuard,TrickRoom|||M|||50|,,,,,Fire]Zoroark-Hisui||ChoiceSpecs|Illusion|HyperVoice,ShadowBall,TeraBlast,HyperBeam|||M|||50|,,,,,Stellar
|inactive|Battle timer is ON: inactive players will automatically lose when time's up. (requested by Boomyy)
|
|t:|1756478143
|teamsize|p1|4
|teamsize|p2|4
|start
|switch|p1a: Ursaluna|Ursaluna-Bloodmoon, L50, M|100/100
|switch|p1b: Maushold|Maushold-Four, L50|100/100
|switch|p2a: Exeggutor|Exeggutor, L50, M|100/100
|switch|p2b: Torkoal|Torkoal, L50, F|100/100
|-weather|SunnyDay|[from] ability: Drought|[of] p2b: Torkoal
|turn|1
|
|t:|1756478166
|switch|p1a: Incineroar|Incineroar, L50, F|100/100
|-ability|p1a: Incineroar|Intimidate|boost
|-unboost|p2a: Exeggutor|atk|1
|-unboost|p2b: Torkoal|atk|1
|move|p1b: Maushold|Protect|p1b: Maushold
|-singleturn|p1b: Maushold|Protect
|move|p2a: Exeggutor|Sleep Powder|p1a: Incineroar
|-activate|p1a: Incineroar|item: Safety Goggles|Sleep Powder
|move|p2b: Torkoal|Eruption|p1a: Incineroar|[spread] p1a
|-activate|p1b: Maushold|move: Protect
|-resisted|p1a: Incineroar
|-damage|p1a: Incineroar|72/100
|
|-weather|SunnyDay|[upkeep]
|upkeep
|turn|2
|inactive|laufey#1fan has 30 seconds left.
|inactive|Boomyy has 30 seconds left.
|inactive|Boomyy has 20 seconds left.
|inactive|Boomyy has 15 seconds left.
|
|t:|1756478211
|switch|p2b: Ursaluna|Ursaluna, L50, F|100/100
|-terastallize|p1b: Maushold|Grass
|move|p1b: Maushold|Super Fang|p2a: Exeggutor
|-damage|p2a: Exeggutor|51/100
|move|p1a: Incineroar|Knock Off|p2b: Ursaluna
|-damage|p2b: Ursaluna|66/100
|-enditem|p2b: Ursaluna|Flame Orb|[from] move: Knock Off|[of] p1a: Incineroar
|move|p2a: Exeggutor|Trick Room|p2a: Exeggutor
|-fieldstart|move: Trick Room|[of] p2a: Exeggutor
|
|-weather|SunnyDay|[upkeep]
|upkeep
|turn|3
|inactive|laufey#1fan has 30 seconds left.
|inactive|Boomyy has 30 seconds left.
|
|t:|1756478239
|move|p1b: Maushold|Follow Me|p1b: Maushold
|-singleturn|p1b: Maushold|move: Follow Me
|move|p2b: Ursaluna|Headlong Rush|p1b: Maushold
|-resisted|p1b: Maushold
|-damage|p1b: Maushold|52/100
|-unboost|p2b: Ursaluna|def|1
|-unboost|p2b: Ursaluna|spd|1
|move|p1a: Incineroar|Parting Shot|p2b: Ursaluna
|-unboost|p2b: Ursaluna|atk|1
|-unboost|p2b: Ursaluna|spa|1
|l|☆laufey#1fan
|inactive|laufey#1fan disconnected and has a minute to reconnect!
|player|p1|
|j|☆laufey#1fan
|inactive|laufey#1fan reconnected and has 35 seconds left.
|player|p1|laufey#1fan|lady|
|
|t:|1756478263
|switch|p1a: Ursaluna|Ursaluna-Bloodmoon, L50, M|100/100|[from] Parting Shot
|move|p2a: Exeggutor|Expanding Force|p1b: Maushold
|-damage|p1b: Maushold|0 fnt
|faint|p1b: Maushold
|
|-weather|SunnyDay|[upkeep]
|upkeep
|
|t:|1756478269
|switch|p1b: Incineroar|Incineroar, L50, F|72/100
|-ability|p1b: Incineroar|Intimidate|boost
|-unboost|p2a: Exeggutor|atk|1
|-unboost|p2b: Ursaluna|atk|1
|turn|4
|
|t:|1756478280
|switch|p2b: Indeedee|Indeedee-F, L50, F|100/100
|-fieldstart|move: Psychic Terrain|[from] ability: Psychic Surge|[of] p2b: Indeedee
|-enditem|p2b: Indeedee|Psychic Seed
|-boost|p2b: Indeedee|spd|1|[from] item: Psychic Seed
|move|p1a: Ursaluna|Hyper Voice|p2b: Indeedee|[spread] p2a,p2b
|-damage|p2a: Exeggutor|0 fnt
|-damage|p2b: Indeedee|77/100
|faint|p2a: Exeggutor
|move|p1b: Incineroar|Knock Off|p2b: Indeedee
|-supereffective|p2b: Indeedee
|-damage|p2b: Indeedee|16/100
|
|-weather|SunnyDay|[upkeep]
|upkeep
|
|t:|1756478301
|switch|p2a: Torkoal|Torkoal, L50, F|100/100
|turn|5
|
|t:|1756478314
|-terastallize|p2a: Torkoal|Fire
|move|p2b: Indeedee|Helping Hand|p2a: Torkoal
|-singleturn|p2a: Torkoal|Helping Hand|[of] p2b: Indeedee
|move|p2a: Torkoal|Eruption|p1a: Ursaluna|[spread] p1a,p1b
|-resisted|p1b: Incineroar
|-crit|p1b: Incineroar
|-damage|p1a: Ursaluna|0 fnt
|-damage|p1b: Incineroar|0 fnt
|faint|p1a: Ursaluna
|faint|p1b: Incineroar
|
|-weather|none
|upkeep
|
|t:|1756478325
|switch|p1b: Annihilape|Annihilape, L50, M|100/100
|turn|6
|inactive|Boomyy has 30 seconds left.
|
|t:|1756478354
|switch|p2a: Ursaluna|Ursaluna, L50, F|66/100
|move|p1b: Annihilape|Protect|p1b: Annihilape
|-singleturn|p1b: Annihilape|Protect
|move|p2b: Indeedee|Psychic|p1b: Annihilape
|-activate|p1b: Annihilape|move: Protect
|
|-fieldend|move: Trick Room
|upkeep
|turn|7
|
|t:|1756478372
|move|p2b: Indeedee|Helping Hand|p2a: Ursaluna
|-singleturn|p2a: Ursaluna|Helping Hand|[of] p2b: Indeedee
|move|p1b: Annihilape|Drain Punch|p2b: Indeedee
|-damage|p2b: Indeedee|0 fnt
|faint|p2b: Indeedee
|move|p2a: Ursaluna|Headlong Rush|p1b: Annihilape
|-damage|p1b: Annihilape|0 fnt
|-unboost|p2a: Ursaluna|def|1
|-unboost|p2a: Ursaluna|spd|1
|faint|p1b: Annihilape
|
|win|Boomyy
||Boomyy is ready for game 2.
|inactive|laufey#1fan has 30 seconds to confirm battle start!
||laufey#1fan is ready for game 2.
|uhtml|next|Next: Game 2 of 3
