|j|☆Austinsheep
|j|☆vivamaxben10inches
|html|Austinsheepvivamaxben10inches    
|uhtml|bestof|Game 1 of a best-of-3
|t:|1756430867
|gametype|doubles
|player|p1|Austinsheep|266|
|player|p2|vivamaxben10inches|larry|
|gen|9
|tier|[Gen 9] VGC 2025 Reg H (Bo3)
|rule|Species Clause: Limit one of each Pokémon
|rule|Item Clause: Limit 1 of each item
|clearpoke
|poke|p1|Indeedee-F, L50, F|
|poke|p1|Hatterene, L50, F|
|poke|p1|Gallade, L50, M|
|poke|p1|Ursaluna, L50, F|
|poke|p1|Tyranitar, L50, M|
|poke|p1|Zoroark-Hisui, L50, M|
|poke|p2|Weavile, L50, M|
|poke|p2|Ursaluna-Bloodmoon, L50, M|
|poke|p2|Archaludon, L50, M|
|poke|p2|Dragonite, L50, F|
|poke|p2|Pelipper, L50, M|
|poke|p2|Corviknight, L50, M|
|teampreview|4
|showteam|p1|Indeedee-F||RockyHelmet|PsychicSurge|TrickRoom,Psychic,FollowMe,HelpingHand|||F|||50|,,,,,Grass]Hatterene||CovertCloak|MagicBounce|ExpandingForce,DazzlingGleam,TeraBlast,TrickRoom|||F|||50|,,,,,Electric]Gallade||ClearAmulet|Sharpness|PsychoCut,SacredSword,WideGuard,TrickRoom|||M|||50|,,,,,Normal]Ursaluna||FlameOrb|Guts|Facade,Protect,Earthquake,HeadlongRush|||F|||50|,,,,,Ghost]Tyranitar||AssaultVest|SandStream|RockSlide,KnockOff,IcePunch,TeraBlast|||M|||50|,,,,,Flying]Zoroark-Hisui||ChoiceSpecs|Illusion|HyperVoice,BitterMalice,Flamethrower,TeraBlast|||M|||50|,,,,,Stellar
|showteam|p2|Weavile||FocusSash|Pickpocket|KnockOff,IceSpinner,IceShard,Protect|||M|||50|,,,,,Ghost]Ursaluna-Bloodmoon||AssaultVest|MindsEye|HyperVoice,EarthPower,BloodMoon,VacuumWave|||M|||50|,,,,,Ghost]Archaludon||PowerHerb|Sturdy|DracoMeteor,ElectroShot,FlashCannon,Protect|||M|||50|,,,,,Electric]Dragonite||LoadedDice|Multiscale|ScaleShot,Tailwind,Haze,Protect|||F|||50|,,,,,Fairy]Pelipper||ChoiceScarf|Drizzle|Hurricane,WeatherBall,IcyWind,MuddyWater|||M|||50|,,,,,Ghost]Corviknight||SafetyGoggles|MirrorArmor|BraveBird,BodyPress,Roost,BulkUp|||M|||50|,,,,,Dragon
|c|☆vivamaxben10inches|what happened to your torkoal lol
|
|t:|1756430902
|teamsize|p1|4
|teamsize|p2|4
|start
|switch|p1a: Indeedee|Indeedee-F, L50, F|100/100
|switch|p1b: Hatterene|Hatterene, L50, F|100/100
|switch|p2a: PEACH|Weavile, L50, M|100/100
|switch|p2b: MANGO|Ursaluna-Bloodmoon, L50, M|100/100
|-fieldstart|move: Psychic Terrain|[from] ability: Psychic Surge|[of] p1a: Indeedee
|turn|1
|
|t:|1756430916
|move|p1a: Indeedee|Follow Me|p1a: Indeedee
|-singleturn|p1a: Indeedee|move: Follow Me
|move|p2a: PEACH|Ice Spinner|p1a: Indeedee
|-damage|p1a: Indeedee|62/100
|-damage|p2a: PEACH|84/100|[from] item: Rocky Helmet|[of] p1a: Indeedee
|-fieldend|move: Psychic Terrain
|move|p2b: MANGO|Hyper Voice|p1b: Hatterene|[spread] p1a,p1b
|-damage|p1a: Indeedee|29/100
|-damage|p1b: Hatterene|63/100
|move|p1b: Hatterene|Trick Room|p1b: Hatterene
|-fieldstart|move: Trick Room|[of] p1b: Hatterene
|
|upkeep
|turn|2
|
|t:|1756430938
|move|p1a: Indeedee|Helping Hand|p1b: Hatterene
|-singleturn|p1b: Hatterene|Helping Hand|[of] p1a: Indeedee
|move|p2a: PEACH|Protect|p2a: PEACH
|-singleturn|p2a: PEACH|Protect
|move|p1b: Hatterene|Dazzling Gleam|p2b: MANGO|[spread] p2b
|-activate|p2a: PEACH|move: Protect
|-damage|p2b: MANGO|62/100
|move|p2b: MANGO|Hyper Voice|p1b: Hatterene|[spread] p1a,p1b
|-damage|p1a: Indeedee|0 fnt
|-damage|p1b: Hatterene|24/100
|faint|p1a: Indeedee
|
|upkeep
|
|t:|1756430953
|switch|p1a: Tyranitar|Tyranitar, L50, M|100/100
|-weather|Sandstorm|[from] ability: Sand Stream|[of] p1a: Tyranitar
|turn|3
|
|t:|1756430980
|move|p2a: PEACH|Ice Shard|p1b: Hatterene
|-damage|p1b: Hatterene|0 fnt
|faint|p1b: Hatterene
|move|p1a: Tyranitar|Ice Punch|p2b: MANGO
|-supereffective|p2b: MANGO
|-damage|p2b: MANGO|25/100
|move|p2b: MANGO|Earth Power|p1a: Tyranitar
|-supereffective|p1a: Tyranitar
|-damage|p1a: Tyranitar|59/100
|
|-weather|Sandstorm|[upkeep]
|-damage|p2a: PEACH|78/100|[from] Sandstorm
|upkeep
|
|t:|1756430992
|switch|p1b: Gallade|Gallade, L50, M|100/100
|turn|4
|
|t:|1756431015
|switch|p2a: Pelipper|Pelipper, L50, M|100/100
|-weather|RainDance|[from] ability: Drizzle|[of] p2a: Pelipper
|-terastallize|p2b: MANGO|Ghost
|move|p2b: MANGO|Vacuum Wave|p1a: Tyranitar
|-supereffective|p1a: Tyranitar
|-damage|p1a: Tyranitar|20/100
|move|p1a: Tyranitar|Ice Punch|p2b: MANGO
|-damage|p2b: MANGO|5/100
|move|p1b: Gallade|Sacred Sword|p2a: Pelipper
|-resisted|p2a: Pelipper
|-damage|p2a: Pelipper|52/100
|
|-weather|RainDance|[upkeep]
|upkeep
|turn|5
|
|t:|1756431045
|switch|p2a: PEACH|Weavile, L50, M|78/100
|move|p2b: MANGO|Vacuum Wave|p1a: Tyranitar
|-supereffective|p1a: Tyranitar
|-damage|p1a: Tyranitar|0 fnt
|faint|p1a: Tyranitar
|move|p1b: Gallade|Psycho Cut|p2b: MANGO
|-damage|p2b: MANGO|0 fnt
|faint|p2b: MANGO
|
|-weather|RainDance|[upkeep]
|-fieldend|move: Trick Room
|upkeep
|
|t:|1756431053
|switch|p2b: Pelipper|Pelipper, L50, M|52/100
|turn|6
|
|t:|1756431062
|-terastallize|p1b: Gallade|Normal
|move|p2a: PEACH|Knock Off|p1b: Gallade
|-damage|p1b: Gallade|26/100
|-enditem|p1b: Gallade|Clear Amulet|[from] move: Knock Off|[of] p2a: PEACH
|move|p2b: Pelipper|Hurricane|p1b: Gallade
|-damage|p1b: Gallade|0 fnt
|faint|p1b: Gallade
|
|win|vivamaxben10inches
||vivamaxben10inches is ready for game 2.
|inactive|Austinsheep has 30 seconds to confirm battle start!
||Austinsheep is ready for game 2.
|uhtml|next|Next: Game 2 of 3
|l|☆Austinsheep
|player|p1|
