|j|☆lolgz
|j|☆al.fo1234
|html|lolgzal.fo1234    
|uhtml|bestof|Game 2 of a best-of-3
|t:|1783511627
|gametype|doubles
|player|p1|lolgz|dawn|1083
|player|p2|al.fo1234|acetrainer-gen4dp|1184
|gen|9
|tier|[Gen 9 Champions] VGC 2026 Reg M-B (Bo3)
|rated|
|rule|Species Clause: Limit one of each Pokémon
|rule|Item Clause: Limit 1 of each item
|clearpoke
|poke|p1|Scrafty, L50, F|
|poke|p1|Vivillon, L50, F|
|poke|p1|Incineroar, L50, M|
|poke|p1|Sinistcha, L50|
|poke|p1|Kingambit, L50, F|
|poke|p1|Delphox, L50, M|
|poke|p2|Charizard, L50, M, shiny|
|poke|p2|Venusaur, L50, F|
|poke|p2|Sylveon, L50, M|
|poke|p2|Farigiraf, L50, M|
|poke|p2|Incineroar, L50, M|
|poke|p2|Garchomp, L50, M|
|teampreview|4
|showteam|p1|Scrafty||Scraftinite|Intimidate|DrainPunch,KnockOff,Protect,DragonDance|Jolly||F|||50|]Vivillon||ChoiceScarf|CompoundEyes|SleepPowder,Hurricane,RagePowder,Tailwind|Timid||F|||50|]Incineroar||PasshoBerry|Intimidate|PartingShot,FakeOut,ThroatChop,FlareBlitz|Careful||M|||50|]Sinistcha||KasibBerry|Hospitality|MatchaGotcha,RagePowder,TrickRoom,Protect|Serious|||||50|]Kingambit||BlackGlasses|Defiant|SuckerPunch,KowtowCleave,Protect,SwordsDance|Adamant||F|||50|]Delphox||Delphoxite|Blaze|HeatWave,Psychic,Protect,NastyPlot|Timid||M|||50|
|showteam|p2|Charizard||CharizarditeY|Blaze|Protect,WeatherBall,HeatWave,SolarBeam|Serious||M|||50|]Venusaur||FocusSash|Chlorophyll|SludgeBomb,EnergyBall,SleepPowder,Protect|Modest||F|||50|]Sylveon||FairyFeather|Pixilate|Protect,HyperBeam,HyperVoice,Yawn|Modest||M|||50|]Farigiraf||ColburBerry|ArmorTail|TrickRoom,Thunderbolt,Psychic,HelpingHand|Quiet||M|||50|]Incineroar||Charcoal|Intimidate|PartingShot,FlareBlitz,ThroatChop,FakeOut|Brave||M|||50|]Garchomp||LifeOrb|RoughSkin|Protect,Earthquake,RockSlide,DragonClaw|Jolly||M|||50|
|inactive|Battle timer is ON: inactive players will automatically lose when time's up. (requested by lolgz)
|
|t:|1783511644
|teamsize|p1|4
|teamsize|p2|4
|start
|switch|p1a: Incineroar|Incineroar, L50, M|100/100
|switch|p1b: Delphox|Delphox, L50, M|100/100
|switch|p2a: Farigiraf|Farigiraf, L50, M|100/100
|switch|p2b: Incineroar|Incineroar, L50, M|100/100
|-ability|p1a: Incineroar|Intimidate|boost
|-unboost|p2a: Farigiraf|atk|1
|-unboost|p2b: Incineroar|atk|1
|-ability|p2b: Incineroar|Intimidate|boost
|-unboost|p1a: Incineroar|atk|1
|-unboost|p1b: Delphox|atk|1
|turn|1
|
|t:|1783511657
|detailschange|p1b: Delphox|Delphox-Mega, L50, M
|-mega|p1b: Delphox|Delphox|Delphoxite
|move|p1b: Delphox|Heat Wave|p2a: Farigiraf|[spread] p2a,p2b
|-resisted|p2b: Incineroar|1
|-damage|p2a: Farigiraf|61/100
|-damage|p2b: Incineroar|82/100
|move|p1a: Incineroar|Throat Chop|p2a: Farigiraf
|-supereffective|p2a: Farigiraf|1
|-enditem|p2a: Farigiraf|Colbur Berry|[eat]
|-enditem|p2a: Farigiraf|Colbur Berry|[weaken]
|-damage|p2a: Farigiraf|40/100
|-start|p2a: Farigiraf|Throat Chop|[silent]
|move|p2b: Incineroar|Throat Chop|p1b: Delphox
|-supereffective|p1b: Delphox|1
|-damage|p1b: Delphox|31/100
|-start|p1b: Delphox|Throat Chop|[silent]
|move|p2a: Farigiraf|Trick Room|p2a: Farigiraf
|-fieldstart|move: Trick Room|[of] p2a: Farigiraf
|
|upkeep
|turn|2
|inactive|al.fo1234 has 30 seconds left.
|
|t:|1783511690
|switch|p2a: Sylveon|Sylveon, L50, M|100/100
|switch|p1b: Sinistcha|Sinistcha, L50|100/100
|move|p2b: Incineroar|Flare Blitz|p1a: Incineroar
|-resisted|p1a: Incineroar|1
|-damage|p1a: Incineroar|80/100
|-damage|p2b: Incineroar|75/100|[from] Recoil
|move|p1a: Incineroar|Flare Blitz|p2a: Sylveon
|-damage|p2a: Sylveon|70/100
|-damage|p1a: Incineroar|71/100|[from] Recoil
|
|upkeep
|turn|3
|
|t:|1783511714
|move|p2b: Incineroar|Flare Blitz|p1b: Sinistcha
|-supereffective|p1b: Sinistcha|1
|-damage|p1b: Sinistcha|29/100
|-damage|p2b: Incineroar|54/100|[from] Recoil
|move|p2a: Sylveon|Hyper Voice|p1b: Sinistcha|[spread] p1a,p1b
|-damage|p1a: Incineroar|37/100
|-damage|p1b: Sinistcha|0 fnt
|faint|p1b: Sinistcha
|move|p1a: Incineroar|Flare Blitz|p2a: Sylveon
|-damage|p2a: Sylveon|37/100
|-damage|p1a: Incineroar|26/100|[from] Recoil
|
|upkeep
|
|t:|1783511723
|switch|p1b: Delphox|Delphox-Mega, L50, M|31/100
|turn|4
|
|t:|1783511731
|move|p2b: Incineroar|Parting Shot|p1a: Incineroar
|-unboost|p1a: Incineroar|atk|1
|-unboost|p1a: Incineroar|spa|1
|
|t:|1783511735
|switch|p2b: Farigiraf|Farigiraf, L50, M|40/100|[from] Parting Shot
|move|p2a: Sylveon|Yawn|p1b: Delphox
|-start|p1b: Delphox|move: Yawn|[of] p2a: Sylveon
|move|p1a: Incineroar|Flare Blitz|p2a: Sylveon
|-damage|p2a: Sylveon|14/100
|-damage|p1a: Incineroar|19/100|[from] Recoil
|move|p1b: Delphox|Heat Wave|p2a: Sylveon|[spread] p2a,p2b
|-damage|p2a: Sylveon|0 fnt
|-damage|p2b: Farigiraf|4/100
|faint|p2a: Sylveon
|
|upkeep
|
|t:|1783511748
|switch|p2a: Incineroar|Incineroar, L50, M|54/100
|-ability|p2a: Incineroar|Intimidate|boost
|-unboost|p1a: Incineroar|atk|1
|-unboost|p1b: Delphox|atk|1
|turn|5
|
|t:|1783511759
|switch|p1b: Vivillon|Vivillon, L50, F|100/100
|move|p2b: Farigiraf|Helping Hand|p2a: Incineroar
|-singleturn|p2a: Incineroar|Helping Hand|[of] p2b: Farigiraf
|move|p2a: Incineroar|Flare Blitz|p1b: Vivillon
|-supereffective|p1b: Vivillon|1
|-damage|p1b: Vivillon|0 fnt
|faint|p1b: Vivillon
|-damage|p2a: Incineroar|29/100|[from] Recoil
|move|p1a: Incineroar|Flare Blitz|p2a: Incineroar
|-resisted|p2a: Incineroar|1
|-damage|p2a: Incineroar|21/100
|-damage|p1a: Incineroar|16/100|[from] Recoil
|
|-fieldend|move: Trick Room
|upkeep
|
|t:|1783511766
|switch|p1b: Delphox|Delphox-Mega, L50, M|31/100
|turn|6
|
|t:|1783511782
|move|p1b: Delphox|Heat Wave|p2b: Farigiraf|[spread] p2a,p2b
|-resisted|p2a: Incineroar|1
|-damage|p2a: Incineroar|2/100
|-damage|p2b: Farigiraf|0 fnt
|faint|p2b: Farigiraf
|move|p1a: Incineroar|Flare Blitz|p2a: Incineroar
|-resisted|p2a: Incineroar|1
|-damage|p2a: Incineroar|0 fnt
|faint|p2a: Incineroar
|-damage|p1a: Incineroar|15/100|[from] Recoil
|
|upkeep
|
|t:|1783511789
|switch|p2b: Garchomp|Garchomp, L50, M|100/100
|turn|7
|
|t:|1783511802
|move|p1b: Delphox|Psychic|p2b: Garchomp
|-damage|p2b: Garchomp|42/100
|move|p2b: Garchomp|Rock Slide|p1b: Delphox|[spread] p1a,p1b
|-supereffective|p1a: Incineroar|1
|-supereffective|p1b: Delphox|1
|-damage|p1a: Incineroar|0 fnt
|-damage|p1b: Delphox|0 fnt
|faint|p1a: Incineroar
|faint|p1b: Delphox
|-damage|p2b: Garchomp|32/100|[from] item: Life Orb
|
|win|al.fo1234
