|j|☆Rodrigor8054
|j|☆testdigi
|html|Rodrigor8054testdigi    
|uhtml|bestof|Game 2 of a best-of-3
|t:|1784896138
|gametype|doubles
|player|p1|Rodrigor8054|pokemaniac|1203
|player|p2|testdigi|101|1085
|gen|9
|tier|[Gen 9 Champions] VGC 2026 Reg M-B (Bo3)
|rated|
|rule|Species Clause: Limit one of each Pokémon
|rule|Item Clause: Limit 1 of each item
|clearpoke
|poke|p1|Delphox, L50, M|
|poke|p1|Incineroar, L50, M|
|poke|p1|Sinistcha, L50|
|poke|p1|Kingambit, L50, F|
|poke|p1|Sneasler, L50, F|
|poke|p1|Floette-Eternal, L50, F|
|poke|p2|Raichu, L50, M|
|poke|p2|Toxapex, L50, F|
|poke|p2|Mamoswine, L50, F|
|poke|p2|Sylveon, L50, M|
|poke|p2|Corviknight, L50, F|
|poke|p2|Basculegion, L50, M|
|teampreview|4
|showteam|p1|Delphox||Delphoxite|Blaze|Protect,NastyPlot,HeatWave,Psychic|Timid||M|||50|]Incineroar||SitrusBerry|Intimidate|PartingShot,FlareBlitz,ThroatChop,FakeOut|Adamant||M|||50|]Sinistcha||KasibBerry|Hospitality|Protect,RagePowder,MatchaGotcha,TrickRoom|Bold|||||50|]Kingambit||BlackGlasses|Defiant|Protect,SwordsDance,KowtowCleave,SuckerPunch|Adamant||F|||50|]Sneasler||FocusSash|PoisonTouch|FakeOut,CloseCombat,PoisonJab,QuickGuard|Jolly||F|||50|]Floette-Eternal||Floettite|FlowerVeil|Protect,CalmMind,Moonblast,DazzlingGleam|Modest||F|||50|
|showteam|p2|Raichu||RaichuniteY|LightningRod|ZapCannon,FocusBlast,FakeOut,Protect|Timid||M|||50|]Toxapex||Leftovers|Regenerator|Infestation,Toxic,WideGuard,BanefulBunker|Relaxed||F|||50|]Mamoswine||LifeOrb|Oblivious|StompingTantrum,IceShard,RockSlide,Protect|Adamant||F|||50|]Sylveon||FairyFeather|Pixilate|HyperVoice,QuickAttack,Yawn,Detect|Modest||M|||50|]Corviknight||OccaBerry|MirrorArmor|IronHead,BraveBird,Tailwind,Protect|Adamant||F|||50|]Basculegion||FocusSash|Adaptability|LastRespects,Liquidation,AquaJet,Protect|Adamant||M|||50|
|inactive|Battle timer is ON: inactive players will automatically lose when time's up. (requested by testdigi)
|inactive|Rodrigor8054 has 60 seconds left.
|
|t:|1784896206
|teamsize|p1|4
|teamsize|p2|4
|start
|switch|p1a: Delphox|Delphox, L50, M|100/100
|switch|p1b: Incineroar|Incineroar, L50, M|100/100
|switch|p2a: Mamoswine|Mamoswine, L50, F|100/100
|switch|p2b: Raichu|Raichu, L50, M|100/100
|-ability|p1b: Incineroar|Intimidate|boost
|-fail|p2a: Mamoswine|unboost|Attack|[from] ability: Oblivious|[of] p2a: Mamoswine
|-unboost|p2b: Raichu|atk|1
|turn|1
|inactive|testdigi has 30 seconds left.
|inactive|testdigi has 20 seconds left.
|inactive|Rodrigor8054 has 30 seconds left.
|inactive|testdigi has 15 seconds left.
|inactive|testdigi has 10 seconds left.
|
|t:|1784896255
|detailschange|p1a: Delphox|Delphox-Mega, L50, M
|-mega|p1a: Delphox|Delphox|Delphoxite
|detailschange|p2b: Raichu|Raichu-Mega-Y, L50, M
|-mega|p2b: Raichu|Raichu|Raichunite Y
|move|p2b: Raichu|Fake Out|p1a: Delphox
|-damage|p1a: Delphox|91/100
|cant|p1a: Delphox|flinch
|move|p2a: Mamoswine|Stomping Tantrum|p1a: Delphox
|-immune|p1a: Delphox|[from] ability: Levitate
|move|p1b: Incineroar|Flare Blitz|p2a: Mamoswine
|-supereffective|p2a: Mamoswine|1
|-damage|p2a: Mamoswine|0 fnt
|faint|p2a: Mamoswine
|-damage|p1b: Incineroar|69/100|[from] Recoil
|
|upkeep
|
|t:|1784896263
|switch|p2a: Sylveon|Sylveon, L50, M|100/100
|turn|2
|
|t:|1784896286
|move|p1a: Delphox|Protect|p1a: Delphox
|-singleturn|p1a: Delphox|Protect
|move|p2b: Raichu|Zap Cannon|p1a: Delphox
|-activate|p1a: Delphox|move: Protect
|move|p1b: Incineroar|Parting Shot|p2a: Sylveon
|-unboost|p2a: Sylveon|atk|1
|-unboost|p2a: Sylveon|spa|1
|
|t:|1784896294
|switch|p1b: Sinistcha|Sinistcha, L50|100/100|[from] Parting Shot
|-heal|p1a: Delphox|100/100|[from] ability: Hospitality|[of] p1b: Sinistcha
|move|p2a: Sylveon|Hyper Voice|p1b: Sinistcha|[spread] p1b
|-activate|p1a: Delphox|move: Protect
|-damage|p1b: Sinistcha|72/100
|
|upkeep
|turn|3
|
|t:|1784896303
|move|p2b: Raichu|Protect|p2b: Raichu
|-singleturn|p2b: Raichu|Protect
|move|p1b: Sinistcha|Rage Powder|p1b: Sinistcha
|-singleturn|p1b: Sinistcha|move: Rage Powder
|move|p1a: Delphox|Nasty Plot|p1a: Delphox
|-boost|p1a: Delphox|spa|2
|move|p2a: Sylveon|Yawn|p1b: Sinistcha
|-start|p1b: Sinistcha|move: Yawn|[of] p2a: Sylveon
|
|upkeep
|turn|4
|inactive|Rodrigor8054 has 30 seconds left.
|inactive|Rodrigor8054 has 20 seconds left.
|inactive|Rodrigor8054 has 15 seconds left.
|inactive|Rodrigor8054 has 10 seconds left.
|
|t:|1784896349
|switch|p2b: Basculegion|Basculegion, L50, M|100/100
|switch|p1b: Kingambit|Kingambit, L50, F|100/100
|move|p2a: Sylveon|Detect|p2a: Sylveon
|-singleturn|p2a: Sylveon|Protect
|move|p1a: Delphox|Heat Wave|p2a: Sylveon|[spread] p2b
|-activate|p2a: Sylveon|move: Protect
|-resisted|p2b: Basculegion|1
|-damage|p2b: Basculegion|52/100
|
|upkeep
|turn|5
|inactive|Rodrigor8054 has 30 seconds left.
|
|t:|1784896378
|move|p2b: Basculegion|Aqua Jet|p1a: Delphox
|-supereffective|p1a: Delphox|1
|-damage|p1a: Delphox|23/100
|move|p1b: Kingambit|Sucker Punch||[still]
|-fail|p1b: Kingambit
|move|p1a: Delphox|Psychic|p2a: Sylveon
|-damage|p2a: Sylveon|22/100
|move|p2a: Sylveon|Yawn|p1a: Delphox
|-start|p1a: Delphox|move: Yawn|[of] p2a: Sylveon
|
|upkeep
|turn|6
|
|t:|1784896391
|switch|p1a: Incineroar|Incineroar, L50, M|69/100
|-ability|p1a: Incineroar|Intimidate|boost
|-unboost|p2a: Sylveon|atk|1
|-unboost|p2b: Basculegion|atk|1
|move|p2b: Basculegion|Protect|p2b: Basculegion
|-singleturn|p2b: Basculegion|Protect
|move|p2a: Sylveon|Detect|p2a: Sylveon
|-singleturn|p2a: Sylveon|Protect
|move|p1b: Kingambit|Kowtow Cleave|p2b: Basculegion
|-activate|p2b: Basculegion|move: Protect
|
|upkeep
|turn|7
|
|t:|1784896408
|switch|p2a: Raichu|Raichu-Mega-Y, L50, M|100/100
|move|p1a: Incineroar|Fake Out|p2a: Raichu
|-damage|p2a: Raichu|81/100
|move|p2b: Basculegion|Aqua Jet|p1a: Incineroar
|-supereffective|p1a: Incineroar|1
|-damage|p1a: Incineroar|33/100
|-enditem|p1a: Incineroar|Sitrus Berry|[eat]
|-heal|p1a: Incineroar|58/100|[from] item: Sitrus Berry
|move|p1b: Kingambit|Kowtow Cleave|p2b: Basculegion
|-supereffective|p2b: Basculegion|1
|-damage|p2b: Basculegion|0 fnt
|faint|p2b: Basculegion
|
|upkeep
|
|t:|1784896413
|switch|p2b: Sylveon|Sylveon, L50, M|22/100
|turn|8
|
|t:|1784896425
|move|p1b: Kingambit|Sucker Punch|p2a: Raichu
|-damage|p2a: Raichu|11/100
|move|p2a: Raichu|Zap Cannon|p1a: Incineroar
|-damage|p1a: Incineroar|7/100
|-status|p1a: Incineroar|par
|move|p2b: Sylveon|Yawn|p1b: Kingambit
|-start|p1b: Kingambit|move: Yawn|[of] p2b: Sylveon
|move|p1a: Incineroar|Flare Blitz|p2b: Sylveon
|-damage|p2b: Sylveon|0 fnt
|faint|p2b: Sylveon
|-damage|p1a: Incineroar|1/100 par|[from] Recoil
|
|upkeep
|turn|9
|-message|testdigi forfeited.
|
|win|Rodrigor8054
