|j|☆predahound
|j|☆DrXJ13
|html|predahoundDrXJ13    
|uhtml|bestof|Game 1 of a best-of-3
|t:|1757241967
|gametype|doubles
|player|p1|predahound|volkner|1137
|player|p2|DrXJ13|2|1079
|gen|9
|tier|[Gen 9] VGC 2025 Reg H (Bo3)
|rated|
|rule|Species Clause: Limit one of each Pokémon
|rule|Item Clause: Limit 1 of each item
|clearpoke
|poke|p1|Incineroar, L50, M|
|poke|p1|Rillaboom, L50, M|
|poke|p1|Pelipper, L50, M|
|poke|p1|Electabuzz, L50, M|
|poke|p1|Gengar, L50, F|
|poke|p1|Baxcalibur, L50, F|
|poke|p2|Sinistcha, L50|
|poke|p2|Ursaluna-Bloodmoon, L50, M|
|poke|p2|Incineroar, L50, F|
|poke|p2|Sneasler, L50, M|
|poke|p2|Dragonite, L50, M|
|poke|p2|Corviknight, L50, M|
|teampreview|4
|showteam|p1|Incineroar||FigyBerry|Intimidate|FakeOut,KnockOff,PartingShot,WillOWisp|||M|||50|,,,,,Dragon]Rillaboom||AssaultVest|GrassySurge|FakeOut,GrassyGlide,KnockOff,Uturn|||M|||50|,,,,,Fire]Pelipper||FocusSash|Drizzle|MuddyWater,Hurricane,Tailwind,Protect|||M|||50|,,,,,Ground]Electabuzz||Eviolite|VitalSpirit|Electroweb,FollowMe,EerieImpulse,Protect|||M|||50|,,,,,Ghost]Gengar||LifeOrb|CursedBody|ShadowBall,SludgeBomb,Taunt,Protect|||F|||50|,,,,,Stellar]Baxcalibur||ClearAmulet|ThermalExchange|IcicleCrash,HighHorsepower,DragonDance,Protect|||F|||50|,,,,,Poison
|showteam|p2|Sinistcha||RockyHelmet|Hospitality|MatchaGotcha,ShadowBall,TrickRoom,RagePowder||||||50|,,,,,Water]Ursaluna-Bloodmoon||Leftovers|MindsEye|HyperVoice,EarthPower,CalmMind,Protect|||M|||50|,,,,,Water]Incineroar||SafetyGoggles|Intimidate|FakeOut,KnockOff,FlareBlitz,PartingShot|||F|||50|,,,,,Ghost]Sneasler||FocusSash|Unburden|Coaching,DireClaw,CloseCombat,Protect|||M|||50|,,,,,Stellar]Dragonite||LoadedDice|Multiscale|ScaleShot,ExtremeSpeed,Haze,Protect|||M|||50|,,,,,Fairy]Corviknight||CovertCloak|MirrorArmor|DualWingbeat,Tailwind,IronHead,Taunt|||M|||50|,,,,,Dragon
|inactive|Battle timer is ON: inactive players will automatically lose when time's up. (requested by DrXJ13)
|inactive|predahound has 60 seconds left.
|
|t:|1757242016
|teamsize|p1|4
|teamsize|p2|4
|start
|switch|p1a: Incineroar|Incineroar, L50, M|100/100
|switch|p1b: Baxcalibur|Baxcalibur, L50, F|100/100
|switch|p2a: Wellington|Ursaluna-Bloodmoon, L50, M|100/100
|switch|p2b: Té (en) tazas|Sinistcha, L50|100/100
|-ability|p1a: Incineroar|Intimidate|boost
|-unboost|p2a: Wellington|atk|1
|-unboost|p2b: Té (en) tazas|atk|1
|turn|1
|inactive|predahound has 30 seconds left.
|
|t:|1757242048
|-terastallize|p2a: Wellington|Water
|move|p1b: Baxcalibur|Icicle Crash|p2b: Té (en) tazas
|-supereffective|p2b: Té (en) tazas
|-damage|p2b: Té (en) tazas|29/100
|move|p1a: Incineroar|Knock Off|p2b: Té (en) tazas
|-supereffective|p2b: Té (en) tazas
|-damage|p2b: Té (en) tazas|0 fnt
|-damage|p1a: Incineroar|84/100|[from] item: Rocky Helmet|[of] p2b: Té (en) tazas
|-enditem|p2b: Té (en) tazas|Rocky Helmet|[from] move: Knock Off|[of] p1a: Incineroar
|faint|p2b: Té (en) tazas
|move|p2a: Wellington|Calm Mind|p2a: Wellington
|-boost|p2a: Wellington|spa|1
|-boost|p2a: Wellington|spd|1
|
|upkeep
|
|t:|1757242056
|switch|p2b: Maximiliano|Corviknight, L50, M|100/100
|turn|2
|
|t:|1757242080
|move|p1b: Baxcalibur|Protect|p1b: Baxcalibur
|-singleturn|p1b: Baxcalibur|Protect
|move|p2b: Maximiliano|Dual Wingbeat|p1a: Incineroar
|-damage|p1a: Incineroar|71/100
|-damage|p1a: Incineroar|59/100
|-hitcount|p1a: Incineroar|2
|move|p1a: Incineroar|Parting Shot|p2a: Wellington
|-unboost|p2a: Wellington|atk|1
|-unboost|p2a: Wellington|spa|1
|
|t:|1757242088
|switch|p1a: Electabuzz|Electabuzz, L50, M|100/100|[from] Parting Shot
|move|p2a: Wellington|Hyper Voice|p1a: Electabuzz|[spread] p1a
|-activate|p1b: Baxcalibur|move: Protect
|-damage|p1a: Electabuzz|75/100
|
|upkeep
|turn|3
|
|t:|1757242099
|-terastallize|p1b: Baxcalibur|Poison
|move|p1a: Electabuzz|Eerie Impulse|p2a: Wellington
|-unboost|p2a: Wellington|spa|2
|move|p1b: Baxcalibur|Dragon Dance|p1b: Baxcalibur
|-boost|p1b: Baxcalibur|atk|1
|-boost|p1b: Baxcalibur|spe|1
|move|p2b: Maximiliano|Tailwind|p2b: Maximiliano
|-sidestart|p2: DrXJ13|move: Tailwind
|move|p2a: Wellington|Calm Mind|p2a: Wellington
|-boost|p2a: Wellington|spa|1
|-boost|p2a: Wellington|spd|1
|
|upkeep
|turn|4
|
|t:|1757242112
|move|p2b: Maximiliano|Taunt|p1a: Electabuzz
|-start|p1a: Electabuzz|move: Taunt
|move|p1b: Baxcalibur|Dragon Dance|p1b: Baxcalibur
|-boost|p1b: Baxcalibur|atk|1
|-boost|p1b: Baxcalibur|spe|1
|move|p2a: Wellington|Calm Mind|p2a: Wellington
|-boost|p2a: Wellington|spa|1
|-boost|p2a: Wellington|spd|1
|cant|p1a: Electabuzz|move: Taunt|Eerie Impulse
|
|upkeep
|turn|5
|
|t:|1757242131
|switch|p1a: Incineroar|Incineroar, L50, M|59/100
|-ability|p1a: Incineroar|Intimidate|boost
|-unboost|p2a: Wellington|atk|1
|-ability|p2b: Maximiliano|Mirror Armor
|-unboost|p1a: Incineroar|atk|1
|move|p1b: Baxcalibur|Dragon Dance|p1b: Baxcalibur
|-boost|p1b: Baxcalibur|atk|1
|-boost|p1b: Baxcalibur|spe|1
|move|p2b: Maximiliano|Iron Head|p1b: Baxcalibur
|-damage|p1b: Baxcalibur|74/100
|move|p2a: Wellington|Earth Power|p1b: Baxcalibur
|-supereffective|p1b: Baxcalibur
|-damage|p1b: Baxcalibur|0 fnt
|faint|p1b: Baxcalibur
|
|upkeep
|
|t:|1757242144
|switch|p1b: Electabuzz|Electabuzz, L50, M|75/100
|turn|6
|
|t:|1757242158
|move|p2b: Maximiliano|Taunt|p1b: Electabuzz
|-start|p1b: Electabuzz|move: Taunt
|move|p2a: Wellington|Calm Mind|p2a: Wellington
|-boost|p2a: Wellington|spa|1
|-boost|p2a: Wellington|spd|1
|move|p1b: Electabuzz|Electroweb|p2b: Maximiliano|[spread] p2a,p2b
|-supereffective|p2a: Wellington
|-supereffective|p2b: Maximiliano
|-damage|p2a: Wellington|92/100
|-damage|p2b: Maximiliano|73/100
|-unboost|p2a: Wellington|spe|1
|move|p1a: Incineroar|Will-O-Wisp|p2b: Maximiliano
|-status|p2b: Maximiliano|brn
|
|-heal|p2a: Wellington|98/100|[from] item: Leftovers
|-damage|p2b: Maximiliano|67/100 brn|[from] brn
|-sideend|p2: DrXJ13|move: Tailwind
|upkeep
|turn|7
|
|t:|1757242177
|switch|p1b: Pelipper|Pelipper, L50, M|100/100
|-weather|RainDance|[from] ability: Drizzle|[of] p1b: Pelipper
|move|p2b: Maximiliano|Tailwind|p2b: Maximiliano
|-sidestart|p2: DrXJ13|move: Tailwind
|move|p2a: Wellington|Hyper Voice|p1b: Pelipper|[spread] p1a,p1b
|-damage|p1a: Incineroar|16/100
|-enditem|p1b: Pelipper|Focus Sash
|-damage|p1b: Pelipper|1/100
|-enditem|p1a: Incineroar|Figy Berry|[eat]
|-heal|p1a: Incineroar|49/100|[from] item: Figy Berry
|move|p1a: Incineroar|Parting Shot|p2a: Wellington
|-unboost|p2a: Wellington|atk|1
|-unboost|p2a: Wellington|spa|1
|
|t:|1757242190
|switch|p1a: Electabuzz|Electabuzz, L50, M|75/100|[from] Parting Shot
|
|-weather|RainDance|[upkeep]
|-heal|p2a: Wellington|100/100|[from] item: Leftovers
|-damage|p2b: Maximiliano|61/100 brn|[from] brn
|upkeep
|turn|8
|inactive|DrXJ13 has 30 seconds left.
|
|t:|1757242216
|move|p1b: Pelipper|Protect|p1b: Pelipper
|-singleturn|p1b: Pelipper|Protect
|move|p2b: Maximiliano|Iron Head|p1a: Electabuzz
|-resisted|p1a: Electabuzz
|-damage|p1a: Electabuzz|70/100
|move|p1a: Electabuzz|Electroweb|p2a: Wellington|[spread] p2a,p2b
|-supereffective|p2a: Wellington
|-supereffective|p2b: Maximiliano
|-damage|p2a: Wellington|92/100
|-damage|p2b: Maximiliano|30/100 brn
|-unboost|p2a: Wellington|spe|1
|move|p2a: Wellington|Hyper Voice|p1a: Electabuzz|[spread] p1a
|-activate|p1b: Pelipper|move: Protect
|-damage|p1a: Electabuzz|45/100
|
|-weather|RainDance|[upkeep]
|-heal|p2a: Wellington|98/100|[from] item: Leftovers
|-damage|p2b: Maximiliano|24/100 brn|[from] brn
|upkeep
|turn|9
|inactive|DrXJ13 has 30 seconds left.
|
|t:|1757242245
|switch|p1b: Incineroar|Incineroar, L50, M|49/100
|-ability|p1b: Incineroar|Intimidate|boost
|-unboost|p2a: Wellington|atk|1
|-ability|p2b: Maximiliano|Mirror Armor
|-unboost|p1b: Incineroar|atk|1
|move|p2b: Maximiliano|Taunt|p1a: Electabuzz
|-start|p1a: Electabuzz|move: Taunt
|cant|p1a: Electabuzz|move: Taunt|Eerie Impulse
|move|p2a: Wellington|Calm Mind|p2a: Wellington
|-boost|p2a: Wellington|spa|1
|-boost|p2a: Wellington|spd|1
|
|-weather|RainDance|[upkeep]
|-heal|p2a: Wellington|100/100|[from] item: Leftovers
|-damage|p2b: Maximiliano|18/100 brn|[from] brn
|upkeep
|turn|10
|
|t:|1757242267
|move|p2b: Maximiliano|Taunt|p1b: Incineroar
|-start|p1b: Incineroar|move: Taunt
|move|p1a: Electabuzz|Electroweb|p2b: Maximiliano|[spread] p2a,p2b
|-supereffective|p2a: Wellington
|-supereffective|p2b: Maximiliano
|-damage|p2a: Wellington|94/100
|-damage|p2b: Maximiliano|0 fnt
|-unboost|p2a: Wellington|spe|1
|faint|p2b: Maximiliano
|move|p1b: Incineroar|Knock Off|p2a: Wellington
|-damage|p2a: Wellington|74/100
|-enditem|p2a: Wellington|Leftovers|[from] move: Knock Off|[of] p1b: Incineroar
|move|p2a: Wellington|Calm Mind|p2a: Wellington
|-boost|p2a: Wellington|spa|1
|-boost|p2a: Wellington|spd|1
|
|-weather|RainDance|[upkeep]
|-sideend|p2: DrXJ13|move: Tailwind
|upkeep
|
|t:|1757242275
|switch|p2b: Toño|Incineroar, L50, F|100/100
|-ability|p2b: Toño|Intimidate|boost
|-unboost|p1a: Electabuzz|atk|1
|-unboost|p1b: Incineroar|atk|1
|turn|11
|
|t:|1757242287
|switch|p1a: Pelipper|Pelipper, L50, M|1/100
|move|p2b: Toño|Knock Off|p1a: Pelipper
|-damage|p1a: Pelipper|0 fnt
|faint|p1a: Pelipper
|move|p1b: Incineroar|Knock Off|p2a: Wellington
|-damage|p2a: Wellington|64/100
|move|p2a: Wellington|Hyper Voice|p1b: Incineroar
|-damage|p1b: Incineroar|0 fnt
|faint|p1b: Incineroar
|
|-weather|none
|upkeep
|-message|predahound forfeited.
|
|win|DrXJ13
|l|☆predahound
|player|p1|
||predahound is ready for game 2.
||DrXJ13 is ready for game 2.
|uhtml|next|Next: Game 2 of 3
