|j|☆wenopoly
|j|☆itangood5
|html|wenopolyitangood5    
|uhtml|bestof|Game 2 of a best-of-3
|t:|1783319731
|gametype|doubles
|player|p1|wenopoly|102|1073
|player|p2|itangood5|nate|1092
|gen|9
|tier|[Gen 9 Champions] VGC 2026 Reg M-B (Bo3)
|rated|
|rule|Species Clause: Limit one of each Pokémon
|rule|Item Clause: Limit 1 of each item
|clearpoke
|poke|p1|Venusaur, L50, M|
|poke|p1|Sinistcha, L50|
|poke|p1|Pelipper, L50, M|
|poke|p1|Archaludon, L50, F|
|poke|p1|Swampert, L50, F|
|poke|p1|Grimmsnarl, L50, M|
|poke|p2|Charizard, L50, M, shiny|
|poke|p2|Venusaur, L50, F|
|poke|p2|Floette-Eternal, L50, F|
|poke|p2|Farigiraf, L50, F|
|poke|p2|Incineroar, L50, F, shiny|
|poke|p2|Azumarill, L50, M|
|teampreview|4
|showteam|p1|Venusaur||Venusaurite|Chlorophyll|GigaDrain,EarthPower,SludgeBomb,Protect|Calm||M|||50|]Sinistcha||CobaBerry|Hospitality|MatchaGotcha,RagePowder,TrickRoom,LifeDew|Relaxed|||||50|]Pelipper||SitrusBerry|Drizzle|Hurricane,Tailwind,WeatherBall,WideGuard|Serious||M|||50|]Archaludon||Leftovers|Stamina|ElectroShot,DragonPulse,FlashCannon,Protect|Modest||F|||50|]Swampert||Swampertite|Torrent|WaveCrash,Earthquake,IcePunch,Protect|Adamant||F|||50|]Grimmsnarl||LightClay|Prankster|FoulPlay,PartingShot,Reflect,LightScreen|Calm||M|||50|
|showteam|p2|Charizard||CharizarditeY|SolarPower|HeatWave,Protect,WeatherBall,SolarBeam|Modest||M|||50|]Venusaur||FocusSash|Chlorophyll|LeafStorm,EarthPower,SludgeBomb,SleepPowder|Timid||F|||50|]Floette-Eternal||Floettite|FlowerVeil|Moonblast,CalmMind,DrainingKiss,Protect|Modest||F|||50|]Farigiraf||SitrusBerry|ArmorTail|PsychicNoise,Roar,HelpingHand,TrickRoom|Bold||F|||50|]Incineroar||WhiteHerb|Intimidate|CloseCombat,FlareBlitz,PartingShot,FakeOut|Brave||F|||50|]Azumarill||LifeOrb|HugePower|Liquidation,PlayRough,Protect,AquaJet|Brave||M|||50|
|inactive|Battle timer is ON: inactive players will automatically lose when time's up. (requested by itangood5)
|
|t:|1783319741
|teamsize|p1|4
|teamsize|p2|4
|start
|switch|p1a: Pelipper|Pelipper, L50, M|100/100
|switch|p1b: Swampert|Swampert, L50, F|100/100
|switch|p2a: Rookie|Floette-Eternal, L50, F|100/100
|switch|p2b: Boss battle|Incineroar, L50, F, shiny|100/100
|-weather|RainDance|[from] ability: Drizzle|[of] p1a: Pelipper
|-ability|p2b: Boss battle|Intimidate|boost
|-unboost|p1a: Pelipper|atk|1
|-unboost|p1b: Swampert|atk|1
|turn|1
|
|t:|1783319761
|detailschange|p2a: Rookie|Floette-Mega, L50, F
|-mega|p2a: Rookie|Floette|Floettite
|-ability|p2a: Rookie|Fairy Aura
|detailschange|p1b: Swampert|Swampert-Mega, L50, F
|-mega|p1b: Swampert|Swampert|Swampertite
|move|p1b: Swampert|Protect|p1b: Swampert
|-singleturn|p1b: Swampert|Protect
|move|p2b: Boss battle|Fake Out|p1b: Swampert
|-activate|p1b: Swampert|move: Protect
|move|p2a: Rookie|Moonblast|p1a: Pelipper
|-damage|p1a: Pelipper|6/100
|-enditem|p1a: Pelipper|Sitrus Berry|[eat]
|-heal|p1a: Pelipper|31/100|[from] item: Sitrus Berry
|move|p1a: Pelipper|Hurricane|p2a: Rookie
|-damage|p2a: Rookie|67/100
|
|-weather|RainDance|[upkeep]
|upkeep
|turn|2
|
|t:|1783319785
|switch|p1a: Archaludon|Archaludon, L50, F|100/100
|move|p1b: Swampert|Wave Crash|p2a: Rookie
|-damage|p2a: Rookie|0 fnt
|faint|p2a: Rookie
|-damage|p1b: Swampert|81/100|[from] Recoil
|move|p2b: Boss battle|Parting Shot|p1b: Swampert
|-unboost|p1b: Swampert|atk|1
|-unboost|p1b: Swampert|spa|1
|
|t:|1783319794
|switch|p2b: Right HM|Farigiraf, L50, F|100/100|[from] Parting Shot
|
|-weather|RainDance|[upkeep]
|upkeep
|
|t:|1783319795
|switch|p2a: Az|Azumarill, L50, M|100/100
|turn|3
|
|t:|1783319805
|move|p2a: Az|Protect|p2a: Az
|-singleturn|p2a: Az|Protect
|move|p1b: Swampert|Wave Crash|p2b: Right HM
|-damage|p2b: Right HM|57/100
|-damage|p1b: Swampert|65/100|[from] Recoil
|move|p1a: Archaludon|Electro Shot||[still]
|-prepare|p1a: Archaludon|Electro Shot
|-boost|p1a: Archaludon|spa|1
|-anim|p1a: Archaludon|Electro Shot|p2a: Az
|-activate|p2a: Az|move: Protect
|move|p2b: Right HM|Trick Room|p2b: Right HM
|-fieldstart|move: Trick Room|[of] p2b: Right HM
|
|-weather|RainDance|[upkeep]
|upkeep
|turn|4
|
|t:|1783319823
|move|p2b: Right HM|Helping Hand|p2a: Az
|-singleturn|p2a: Az|Helping Hand|[of] p2b: Right HM
|move|p1b: Swampert|Protect|p1b: Swampert
|-singleturn|p1b: Swampert|Protect
|move|p2a: Az|Play Rough|p1a: Archaludon
|-damage|p1a: Archaludon|24/100
|-unboost|p1a: Archaludon|atk|1
|-ability|p1a: Archaludon|Stamina|boost
|-boost|p1a: Archaludon|def|1
|-damage|p2a: Az|90/100|[from] item: Life Orb
|move|p1a: Archaludon|Electro Shot||[still]
|-prepare|p1a: Archaludon|Electro Shot
|-boost|p1a: Archaludon|spa|1
|-anim|p1a: Archaludon|Electro Shot|p2a: Az
|-supereffective|p2a: Az|1
|-damage|p2a: Az|0 fnt
|faint|p2a: Az
|
|-weather|RainDance|[upkeep]
|-heal|p1a: Archaludon|30/100|[from] item: Leftovers
|upkeep
|
|t:|1783319831
|switch|p2a: Boss battle|Incineroar, L50, F, shiny|100/100
|-ability|p2a: Boss battle|Intimidate|boost
|-unboost|p1a: Archaludon|atk|1
|-unboost|p1b: Swampert|atk|1
|turn|5
|
|t:|1783319849
|switch|p1b: Sinistcha|Sinistcha, L50|100/100
|-heal|p1a: Archaludon|55/100|[from] ability: Hospitality|[of] p1b: Sinistcha
|move|p2a: Boss battle|Close Combat|p1a: Archaludon
|-supereffective|p1a: Archaludon|1
|-damage|p1a: Archaludon|17/100
|-unboost|p2a: Boss battle|def|1
|-unboost|p2a: Boss battle|spd|1
|-ability|p1a: Archaludon|Stamina|boost
|-boost|p1a: Archaludon|def|1
|-enditem|p2a: Boss battle|White Herb
|-clearnegativeboost|p2a: Boss battle|[silent]
|move|p2b: Right HM|Psychic Noise|p1b: Sinistcha
|-damage|p1b: Sinistcha|67/100
|-start|p1b: Sinistcha|move: Heal Block
|move|p1a: Archaludon|Electro Shot||[still]
|-prepare|p1a: Archaludon|Electro Shot
|-boost|p1a: Archaludon|spa|1
|-anim|p1a: Archaludon|Electro Shot|p2b: Right HM
|-damage|p2b: Right HM|0 fnt
|faint|p2b: Right HM
|
|-weather|none
|-heal|p1a: Archaludon|23/100|[from] item: Leftovers
|upkeep
|turn|6
|inactive|wenopoly has 30 seconds left.
|inactive|wenopoly has 20 seconds left.
|
|t:|1783319884
|move|p1b: Sinistcha|Rage Powder|p1b: Sinistcha
|-singleturn|p1b: Sinistcha|move: Rage Powder
|move|p2a: Boss battle|Flare Blitz|p1b: Sinistcha
|-supereffective|p1b: Sinistcha|1
|-damage|p1b: Sinistcha|0 fnt
|faint|p1b: Sinistcha
|-damage|p2a: Boss battle|80/100|[from] Recoil
|move|p1a: Archaludon|Electro Shot||[still]
|-prepare|p1a: Archaludon|Electro Shot
|-boost|p1a: Archaludon|spa|1
|
|-heal|p1a: Archaludon|29/100|[from] item: Leftovers
|upkeep
|
|t:|1783319896
|switch|p1b: Swampert|Swampert-Mega, L50, F|65/100
|turn|7
|
|t:|1783319904
|move|p2a: Boss battle|Close Combat|p1a: Archaludon
|-supereffective|p1a: Archaludon|1
|-damage|p1a: Archaludon|5/100
|-unboost|p2a: Boss battle|def|1
|-unboost|p2a: Boss battle|spd|1
|-ability|p1a: Archaludon|Stamina|boost
|-boost|p1a: Archaludon|def|1
|move|p1b: Swampert|Wave Crash|p2a: Boss battle
|-supereffective|p2a: Boss battle|1
|-damage|p2a: Boss battle|0 fnt
|faint|p2a: Boss battle
|-damage|p1b: Swampert|37/100|[from] Recoil
|
|win|wenopoly
||itangood5 is ready for game 3.
||wenopoly is ready for game 3.
|uhtml|next|Next: Game 3 of 3
