|j|☆eltsurito
|j|☆Stutesting
|html|eltsuritoStutesting    
|uhtml|bestof|Game 2 of a best-of-3
|t:|1757191828
|gametype|doubles
|player|p1|eltsurito|265|1091
|player|p2|Stutesting|170|1145
|gen|9
|tier|[Gen 9] VGC 2025 Reg H (Bo3)
|rated|
|rule|Species Clause: Limit one of each Pokémon
|rule|Item Clause: Limit 1 of each item
|clearpoke
|poke|p1|Sneasler, L50, M|
|poke|p1|Indeedee, L50, M|
|poke|p1|Volcarona, L50, F|
|poke|p1|Ursaluna-Bloodmoon, L50, M|
|poke|p1|Annihilape, L50, F|
|poke|p1|Tyranitar, L50, M|
|poke|p2|Amoonguss, L50, M|
|poke|p2|Incineroar, L50, M|
|poke|p2|Ceruledge, L50, F|
|poke|p2|Porygon2, L50|
|poke|p2|Palafin, L50, F|
|poke|p2|Ursaluna, L50, M|
|teampreview|4
|showteam|p1|Sneasler||PsychicSeed|Unburden|CloseCombat,DireClaw,ThroatChop,Protect|||M|||50|,,,,,Dark]Indeedee||ChoiceScarf|PsychicSurge|ExpandingForce,TeraBlast,Trick,Protect|||M|||50|,,,,,Psychic]Volcarona||SitrusBerry|FlameBody|Overheat,StruggleBug,RagePowder,Tailwind|||F|||50|,,,,,Grass]Ursaluna-Bloodmoon||LifeOrb|MindsEye|BloodMoon,HyperVoice,EarthPower,Protect|||M|||50|,,,,,Normal]Annihilape||SafetyGoggles|Defiant|CloseCombat,RageFist,Taunt,FinalGambit|||F|||50|,,,,,Fairy]Tyranitar||AssaultVest|SandStream|RockSlide,KnockOff,TeraBlast,LowKick|||M|||50|,,,,,Flying
|showteam|p2|Amoonguss||SitrusBerry|Regenerator|Spore,RagePowder,PollenPuff,Protect|||M|||50|,,,,,Water]Incineroar||SafetyGoggles|Intimidate|FakeOut,KnockOff,FlareBlitz,PartingShot|||M|||50|,,,,,Grass]Ceruledge||AssaultVest|FlashFire|BitterBlade,ShadowSneak,CloseCombat,TeraBlast|||F|||50|,,,,,Grass]Porygon2||Eviolite|Download|TeraBlast,IceBeam,TrickRoom,Recover||||||50|,,,,,Flying]Palafin||MysticWater|ZerotoHero|JetPunch,WaveCrash,CloseCombat,Protect|||F|||50|,,,,,Water]Ursaluna||FlameOrb|Guts|Facade,HeadlongRush,Earthquake,Protect|||M|||50|,,,,,Poison
|inactive|Battle timer is ON: inactive players will automatically lose when time's up. (requested by Stutesting)
|inactive|eltsurito also wants the timer to be on.
|inactive|eltsurito has 60 seconds left.
|
|t:|1757191867
|teamsize|p1|4
|teamsize|p2|4
|start
|switch|p1a: Annihilape|Annihilape, L50, F|100/100
|switch|p1b: Indeedee|Indeedee, L50, M|100/100
|switch|p2a: Ceruledge|Ceruledge, L50, F, shiny|100/100
|switch|p2b: Porygon2|Porygon2, L50|100/100
|-fieldstart|move: Psychic Terrain|[from] ability: Psychic Surge|[of] p1b: Indeedee
|-ability|p2b: Porygon2|Download|boost
|-boost|p2b: Porygon2|atk|1
|turn|1
|inactive|eltsurito has 30 seconds left.
|inactive|Stutesting has 30 seconds left.
|inactive|eltsurito has 20 seconds left.
|inactive|eltsurito has 15 seconds left.
|inactive|eltsurito has 10 seconds left.
|inactive|eltsurito has 5 seconds left.
|
|t:|1757191920
|switch|p2b: Amoonguss|Amoonguss, L50, M|100/100
|move|p1b: Indeedee|Trick|p2a: Ceruledge
|-activate|p1b: Indeedee|move: Trick|[of] p2a: Ceruledge
|-item|p2a: Ceruledge|Choice Scarf|[from] move: Trick
|-item|p1b: Indeedee|Assault Vest|[from] move: Trick
|move|p2a: Ceruledge|Bitter Blade|p1b: Indeedee
|-damage|p1b: Indeedee|3/100
|move|p1a: Annihilape|Close Combat|p2b: Amoonguss
|-resisted|p2b: Amoonguss
|-damage|p2b: Amoonguss|79/100
|-unboost|p1a: Annihilape|def|1
|-unboost|p1a: Annihilape|spd|1
|
|upkeep
|turn|2
|inactive|eltsurito has 30 seconds left.
|
|t:|1757191951
|switch|p1a: Volcarona|Volcarona, L50, F|100/100
|switch|p1b: Tyranitar|Tyranitar, L50, M|100/100
|-weather|Sandstorm|[from] ability: Sand Stream|[of] p1b: Tyranitar
|move|p2a: Ceruledge|Bitter Blade|p1b: Tyranitar
|-resisted|p1b: Tyranitar
|-damage|p1b: Tyranitar|80/100
|move|p2b: Amoonguss|Spore|p1b: Tyranitar
|-status|p1b: Tyranitar|slp|[from] move: Spore
|
|-weather|Sandstorm|[upkeep]
|-damage|p1a: Volcarona|94/100|[from] Sandstorm
|-damage|p2a: Ceruledge|94/100|[from] Sandstorm
|-damage|p2b: Amoonguss|73/100|[from] Sandstorm
|upkeep
|turn|3
|
|t:|1757191971
|switch|p1b: Annihilape|Annihilape, L50, F|100/100
|switch|p2b: Porygon2|Porygon2, L50|100/100
|-ability|p2b: Porygon2|Download|boost
|-boost|p2b: Porygon2|atk|1
|move|p1a: Volcarona|Overheat|p2b: Porygon2
|-damage|p2b: Porygon2|65/100
|-unboost|p1a: Volcarona|spa|2
|move|p2a: Ceruledge|Bitter Blade|p1a: Volcarona
|-damage|p1a: Volcarona|34/100
|-heal|p2a: Ceruledge|100/100|[from] drain|[of] p1a: Volcarona
|-enditem|p1a: Volcarona|Sitrus Berry|[eat]
|-heal|p1a: Volcarona|59/100|[from] item: Sitrus Berry
|
|-weather|Sandstorm|[upkeep]
|-damage|p1a: Volcarona|53/100|[from] Sandstorm
|-damage|p2a: Ceruledge|94/100|[from] Sandstorm
|-damage|p2b: Porygon2|58/100|[from] Sandstorm
|upkeep
|turn|4
|
|t:|1757191993
|switch|p2a: Ursaluna|Ursaluna, L50, M|100/100
|move|p1a: Volcarona|Struggle Bug|p2b: Porygon2|[spread] p2a,p2b
|-damage|p2a: Ursaluna|94/100
|-damage|p2b: Porygon2|53/100
|-unboost|p2a: Ursaluna|spa|1
|-unboost|p2b: Porygon2|spa|1
|move|p1b: Annihilape|Close Combat|p2b: Porygon2
|-supereffective|p2b: Porygon2
|-crit|p2b: Porygon2
|-damage|p2b: Porygon2|0 fnt
|-unboost|p1b: Annihilape|def|1
|-unboost|p1b: Annihilape|spd|1
|faint|p2b: Porygon2
|
|-weather|Sandstorm|[upkeep]
|-damage|p1a: Volcarona|47/100|[from] Sandstorm
|-status|p2a: Ursaluna|brn|[from] item: Flame Orb
|upkeep
|
|t:|1757192007
|switch|p2b: Amoonguss|Amoonguss, L50, M|100/100
|turn|5
|
|t:|1757192022
|-terastallize|p1a: Volcarona|Grass
|-terastallize|p2a: Ursaluna|Poison
|move|p1a: Volcarona|Overheat|p2b: Amoonguss
|-supereffective|p2b: Amoonguss
|-damage|p2b: Amoonguss|59/100
|-unboost|p1a: Volcarona|spa|2
|move|p1b: Annihilape|Final Gambit|p2a: Ursaluna
|-damage|p2a: Ursaluna|2/100 brn
|faint|p1b: Annihilape
|move|p2a: Ursaluna|Earthquake|p1a: Volcarona|[spread] p2b,p1a
|-resisted|p1a: Volcarona
|-damage|p2b: Amoonguss|0 fnt
|-damage|p1a: Volcarona|3/100
|faint|p2b: Amoonguss
|
|-weather|Sandstorm|[upkeep]
|-damage|p1a: Volcarona|0 fnt|[from] Sandstorm
|-damage|p2a: Ursaluna|0 fnt|[from] Sandstorm
|faint|p1a: Volcarona
|faint|p2a: Ursaluna
|-fieldend|move: Psychic Terrain
|upkeep
|
|t:|1757192041
|switch|p1a: Tyranitar|Tyranitar, L50, M|80/100 slp
|switch|p1b: Indeedee|Indeedee, L50, M|3/100
|switch|p2b: Ceruledge|Ceruledge, L50, F, shiny|94/100
|-fieldstart|move: Psychic Terrain|[from] ability: Psychic Surge|[of] p1b: Indeedee
|turn|6
|
|t:|1757192052
|move|p2b: Ceruledge|Close Combat|p1b: Indeedee
|-damage|p1b: Indeedee|0 fnt
|-unboost|p2b: Ceruledge|def|1
|-unboost|p2b: Ceruledge|spd|1
|faint|p1b: Indeedee
|cant|p1a: Tyranitar|slp
|
|-weather|none
|upkeep
|turn|7
|
|t:|1757192067
|move|p2b: Ceruledge|Close Combat|p1a: Tyranitar
|-supereffective|p1a: Tyranitar
|-damage|p1a: Tyranitar|0 fnt
|-unboost|p2b: Ceruledge|def|1
|-unboost|p2b: Ceruledge|spd|1
|faint|p1a: Tyranitar
|
|win|Stutesting
|raw|eltsurito's rating: 1091 → 1071(-20 for losing)
|raw|Stutesting's rating: 1145 → 1166(+21 for winning)
