|j|☆NightshadeAI
|j|☆keahi
|html|NightshadeAIkeahi    
|uhtml|bestof|Game 1 of a best-of-3
|t:|1783553047
|gametype|doubles
|player|p1|NightshadeAI|265|1120
|player|p2|keahi|giovanni|1168
|gen|9
|tier|[Gen 9 Champions] VGC 2026 Reg M-B (Bo3)
|rated|
|rule|Species Clause: Limit one of each Pokémon
|rule|Item Clause: Limit 1 of each item
|clearpoke
|poke|p1|Whimsicott, L50, M|
|poke|p1|Charizard, L50, M|
|poke|p1|Basculegion, L50, M|
|poke|p1|Garchomp, L50, M|
|poke|p1|Floette-Eternal, L50, F|
|poke|p1|Kingambit, L50, F|
|poke|p2|Scovillain, L50, M, shiny|
|poke|p2|Tyranitar, L50, M|
|poke|p2|Excadrill, L50, M|
|poke|p2|Talonflame, L50, F|
|poke|p2|Sylveon, L50, M, shiny|
|poke|p2|Araquanid, L50, F|
|teampreview|4
|showteam|p1|Whimsicott||FocusSash|Prankster|Moonblast,Tailwind,Encore,Protect|Timid||M|||50|]Charizard||CharizarditeY|Blaze|WeatherBall,SolarBeam,HeatWave,Protect|Modest||M|||50|]Basculegion||MysticWater|Adaptability|LastRespects,WaveCrash,AquaJet,Protect|Adamant||M|||50|]Garchomp||LifeOrb|RoughSkin|DragonClaw,Earthquake,RockSlide,Protect|Adamant||M|||50|]Floette-Eternal||Floettite|FlowerVeil|DazzlingGleam,LightofRuin,Moonblast,Protect|Modest||F|||50|]Kingambit||ChopleBerry|Defiant|KowtowCleave,SuckerPunch,IronHead,LowKick|Adamant||F|||50|
|showteam|p2|Scovillain||Scovillainite|Moody|Protect,GigaDrain,Flamethrower,RagePowder|Bold||M|||50|]Tyranitar||Tyranitarite|SandStream|RockSlide,Protect,Assurance,LowKick|Adamant||M|||50|]Excadrill||FocusSash|SandRush|HighHorsepower,IronHead,Protect,RockSlide|Adamant||M|||50|]Talonflame||SharpBeak|GaleWings|BraveBird,Tailwind,FlareBlitz,Protect|Jolly||F|||50|]Sylveon||FairyFeather|Pixilate|HyperVoice,Detect,QuickAttack,HyperBeam|Modest||M|||50|]Araquanid||MysticWater|WaterBubble|Liquidation,LeechLife,WideGuard,Protect|Careful||F|||50|
|inactive|Battle timer is ON: inactive players will automatically lose when time's up. (requested by NightshadeAI)
|
|t:|1783553072
|teamsize|p1|4
|teamsize|p2|4
|start
|switch|p1a: Garchomp|Garchomp, L50, M|100/100
|switch|p1b: Whimsicott|Whimsicott, L50, M|100/100
|switch|p2a: Araquanid|Araquanid, L50, F|100/100
|switch|p2b: Talonflame|Talonflame, L50, F|100/100
|turn|1
|
|t:|1783553093
|switch|p2a: Tyranitar|Tyranitar, L50, M|100/100
|-weather|Sandstorm|[from] ability: Sand Stream|[of] p2a: Tyranitar
|move|p1b: Whimsicott|Protect|p1b: Whimsicott
|-singleturn|p1b: Whimsicott|Protect
|move|p1a: Garchomp|Protect|p1a: Garchomp
|-singleturn|p1a: Garchomp|Protect
|move|p2b: Talonflame|Brave Bird|p1b: Whimsicott
|-activate|p1b: Whimsicott|move: Protect
|
|-weather|Sandstorm|[upkeep]
|-damage|p2b: Talonflame|94/100|[from] Sandstorm
|-damage|p1b: Whimsicott|94/100|[from] Sandstorm
|upkeep
|turn|2
|inactive|keahi has 30 seconds left.
|
|t:|1783553120
|switch|p2b: Excadrill|Excadrill, L50, M|100/100
|move|p1b: Whimsicott|Tailwind|p1b: Whimsicott
|-sidestart|p1: NightshadeAI|move: Tailwind
|move|p1a: Garchomp|Earthquake|p2b: Excadrill|[spread] p1b,p2a,p2b
|-resisted|p1b: Whimsicott|1
|-supereffective|p2a: Tyranitar|1
|-crit|p2a: Tyranitar
|-supereffective|p2b: Excadrill|1
|-damage|p1b: Whimsicott|59/100
|-damage|p2a: Tyranitar|0 fnt
|-enditem|p2b: Excadrill|Focus Sash
|-damage|p2b: Excadrill|1/100
|faint|p2a: Tyranitar
|-damage|p1a: Garchomp|90/100|[from] item: Life Orb
|
|-weather|Sandstorm|[upkeep]
|-damage|p1b: Whimsicott|53/100|[from] Sandstorm
|upkeep
|
|t:|1783553128
|switch|p2a: Talonflame|Talonflame, L50, F|94/100
|turn|3
|
|t:|1783553137
|move|p1b: Whimsicott|Protect|p1b: Whimsicott
|-singleturn|p1b: Whimsicott|Protect
|move|p1a: Garchomp|Rock Slide|p2a: Talonflame|[spread] 
|-miss|p1a: Garchomp|p2a: Talonflame
|-miss|p1a: Garchomp|p2b: Excadrill
|move|p2b: Excadrill|Rock Slide|p1b: Whimsicott|[spread] p1a
|-activate|p1b: Whimsicott|move: Protect
|-resisted|p1a: Garchomp|1
|-damage|p1a: Garchomp|79/100
|move|p2a: Talonflame|Tailwind|p2a: Talonflame
|-sidestart|p2: keahi|move: Tailwind
|
|-weather|Sandstorm|[upkeep]
|-damage|p2a: Talonflame|88/100|[from] Sandstorm
|-damage|p1b: Whimsicott|47/100|[from] Sandstorm
|upkeep
|turn|4
|
|t:|1783553148
|move|p1b: Whimsicott|Protect|p1b: Whimsicott
|-singleturn|p1b: Whimsicott|Protect
|move|p2b: Excadrill|Rock Slide|p1b: Whimsicott|[spread] p1a
|-activate|p1b: Whimsicott|move: Protect
|-resisted|p1a: Garchomp|1
|-damage|p1a: Garchomp|68/100
|move|p2a: Talonflame|Brave Bird|p1a: Garchomp
|-damage|p1a: Garchomp|16/100
|-damage|p2a: Talonflame|76/100|[from] ability: Rough Skin|[of] p1a: Garchomp
|-damage|p2a: Talonflame|54/100|[from] Recoil
|move|p1a: Garchomp|Rock Slide|p2a: Talonflame|[spread] p2a,p2b
|-supereffective|p2a: Talonflame|2
|-resisted|p2b: Excadrill|2
|-damage|p2a: Talonflame|0 fnt
|-damage|p2b: Excadrill|0 fnt
|faint|p2a: Talonflame
|faint|p2b: Excadrill
|-damage|p1a: Garchomp|6/100|[from] item: Life Orb
|
|-weather|Sandstorm|[upkeep]
|-damage|p1b: Whimsicott|41/100|[from] Sandstorm
|upkeep
|
|t:|1783553156
|switch|p2a: Araquanid|Araquanid, L50, F|100/100
|turn|5
|
|t:|1783553161
|move|p1b: Whimsicott|Moonblast|p2a: Araquanid
|-damage|p2a: Araquanid|80/100
|move|p1a: Garchomp|Rock Slide|p2a: Araquanid
|-supereffective|p2a: Araquanid|1
|-crit|p2a: Araquanid
|-damage|p2a: Araquanid|0 fnt
|faint|p2a: Araquanid
|-damage|p1a: Garchomp|0 fnt|[from] item: Life Orb
|faint|p1a: Garchomp
|
|win|NightshadeAI
||keahi is ready for game 2.
|inactive|NightshadeAI has 30 seconds to confirm battle start!
|c|☆keahi|that
|c|☆keahi|was embarrassing
|c|☆keahi|for me
|inactive|NightshadeAI has 20 seconds to confirm battle start!
|inactive|NightshadeAI has 10 seconds to confirm battle start!
|uhtml|next|Next: Game 2 of 3
