|j|☆phuc_lamvgc
|j|☆Savitz
|html|phuc_lamvgcSavitz    
|uhtml|bestof|Game 2 of a best-of-3
|t:|1783757630
|gametype|doubles
|player|p1|phuc_lamvgc|miku-ghost|1112
|player|p2|Savitz|102|1106
|gen|9
|tier|[Gen 9 Champions] VGC 2026 Reg M-B (Bo3)
|rated|
|rule|Species Clause: Limit one of each Pokémon
|rule|Item Clause: Limit 1 of each item
|clearpoke
|poke|p1|Raichu, L50, M|
|poke|p1|Sinistcha, L50|
|poke|p1|Ceruledge, L50, M|
|poke|p1|Incineroar, L50, M|
|poke|p1|Milotic, L50, M|
|poke|p1|Ninetales-Alola, L50, M|
|poke|p2|Eelektross, L50, F|
|poke|p2|Zoroark-Hisui, L50, M|
|poke|p2|Scrafty, L50, M|
|poke|p2|Whimsicott, L50, M|
|poke|p2|Gholdengo, L50|
|poke|p2|Garchomp, L50, M|
|teampreview|4
|showteam|p1|Raichu||RaichuniteY|LightningRod|ZapCannon,VoltSwitch,FocusBlast,FakeOut|Timid||M|||50|]Sinistcha||KasibBerry|Hospitality|MatchaGotcha,RagePowder,LifeDew,Protect|Bold|||||50|]Ceruledge||ColburBerry|FlashFire|BitterBlade,ShadowSneak,BulkUp,Protect|Adamant||M|||50|]Incineroar||SitrusBerry|Intimidate|FlareBlitz,ThroatChop,FakeOut,PartingShot|Impish||M|||50|]Milotic||Leftovers|Competitive|MuddyWater,Hypnosis,Coil,Protect|Calm||M|||50|]Ninetales-Alola||FocusSash|SnowWarning|Blizzard,FreezeDry,AuroraVeil,Protect|Timid||M|||50|
|showteam|p2|Eelektross||Eelektrossite|Levitate|Flamethrower,GigaDrain,Thunderbolt,Protect|Modest||F|||50|]Zoroark-Hisui||ChoiceScarf|Illusion|BitterMalice,Psychic,IcyWind,Snarl|Modest||M|||50|]Scrafty||Scraftinite|Intimidate|DrainPunch,FakeOut,Protect,KnockOff|Adamant||M|||50|]Whimsicott||FocusSash|Prankster|Moonblast,Tailwind,Encore,Protect|Timid||M|||50|]Gholdengo||LifeOrb|GoodasGold|MakeItRain,ShadowBall,Protect,PowerGem|Timid|||||50|]Garchomp||SitrusBerry|RoughSkin|DragonClaw,Earthquake,RockTomb,Protect|Jolly||M|||50|
|
|t:|1783757663
|teamsize|p1|4
|teamsize|p2|4
|start
|switch|p1a: Incineroar|Incineroar, L50, M|100/100
|switch|p1b: Milotic|Milotic, L50, M|100/100
|switch|p2a: Eelektross|Eelektross, L50, F|100/100
|switch|p2b: Gholdengo|Gholdengo, L50|100/100
|-ability|p1a: Incineroar|Intimidate|boost
|-unboost|p2a: Eelektross|atk|1
|-unboost|p2b: Gholdengo|atk|1
|turn|1
|
|t:|1783757693
|detailschange|p2a: Eelektross|Eelektross-Mega, L50, F
|-mega|p2a: Eelektross|Eelektross|Eelektrossite
|move|p2b: Gholdengo|Protect|p2b: Gholdengo
|-singleturn|p2b: Gholdengo|Protect
|move|p1b: Milotic|Protect|p1b: Milotic
|-singleturn|p1b: Milotic|Protect
|move|p2a: Eelektross|Protect|p2a: Eelektross
|-singleturn|p2a: Eelektross|Protect
|move|p1a: Incineroar|Flare Blitz|p2b: Gholdengo
|-activate|p2b: Gholdengo|move: Protect
|
|upkeep
|turn|2
|
|t:|1783757708
|switch|p2b: Garchomp|Garchomp, L50, M|100/100
|switch|p1b: Sinistcha|Sinistcha, L50|100/100
|move|p2a: Eelektross|Thunderbolt|p1b: Sinistcha
|-resisted|p1b: Sinistcha|1
|-damage|p1b: Sinistcha|72/100
|move|p1a: Incineroar|Flare Blitz|p2b: Garchomp
|-resisted|p2b: Garchomp|1
|-damage|p2b: Garchomp|76/100
|-damage|p1a: Incineroar|87/100|[from] ability: Rough Skin|[of] p2b: Garchomp
|-damage|p1a: Incineroar|80/100|[from] Recoil
|
|upkeep
|turn|3
|
|t:|1783757724
|switch|p1a: Ninetales|Ninetales-Alola, L50, M|100/100
|-weather|Snowscape|[from] ability: Snow Warning|[of] p1a: Ninetales
|move|p2b: Garchomp|Earthquake|p1b: Sinistcha|[spread] p1a,p1b
|-immune|p2a: Eelektross|[from] ability: Eelevate
|-resisted|p1b: Sinistcha|1
|-damage|p1a: Ninetales|58/100
|-damage|p1b: Sinistcha|56/100
|move|p2a: Eelektross|Flamethrower|p1b: Sinistcha
|-supereffective|p1b: Sinistcha|1
|-damage|p1b: Sinistcha|0 fnt
|faint|p1b: Sinistcha
|-ability|p2a: Eelektross|Eelevate|boost
|-boost|p2a: Eelektross|spa|1
|
|-weather|Snowscape|[upkeep]
|upkeep
|
|t:|1783757733
|switch|p1b: Incineroar|Incineroar, L50, M|80/100
|-ability|p1b: Incineroar|Intimidate|boost
|-unboost|p2a: Eelektross|atk|1
|-unboost|p2b: Garchomp|atk|1
|turn|4
|
|t:|1783757754
|move|p1b: Incineroar|Fake Out|p2a: Eelektross
|-damage|p2a: Eelektross|88/100
|move|p1a: Ninetales|Blizzard|p2a: Eelektross|[spread] p2a,p2b
|-supereffective|p2b: Garchomp|2
|-damage|p2a: Eelektross|58/100
|-damage|p2b: Garchomp|0 fnt
|faint|p2b: Garchomp
|cant|p2a: Eelektross|flinch
|
|-weather|Snowscape|[upkeep]
|upkeep
|
|t:|1783757769
|switch|p2b: Gholdengo|Gholdengo, L50|100/100
|turn|5
|
|t:|1783757783
|move|p1a: Ninetales|Aurora Veil|p1a: Ninetales
|-sidestart|p1: phuc_lamvgc|move: Aurora Veil
|move|p2b: Gholdengo|Power Gem|p1b: Incineroar
|-supereffective|p1b: Incineroar|1
|-damage|p1b: Incineroar|31/100
|-enditem|p1b: Incineroar|Sitrus Berry|[eat]
|-heal|p1b: Incineroar|56/100|[from] item: Sitrus Berry
|-damage|p2b: Gholdengo|90/100|[from] item: Life Orb
|move|p2a: Eelektross|Flamethrower|p1a: Ninetales
|-supereffective|p1a: Ninetales|1
|-damage|p1a: Ninetales|0 fnt
|faint|p1a: Ninetales
|-ability|p2a: Eelektross|Eelevate|boost
|-boost|p2a: Eelektross|spa|1
|move|p1b: Incineroar|Parting Shot|p2a: Eelektross
|-unboost|p2a: Eelektross|atk|1
|-unboost|p2a: Eelektross|spa|1
|
|t:|1783757792
|switch|p1b: Milotic|Milotic, L50, M|100/100|[from] Parting Shot
|
|-weather|Snowscape|[upkeep]
|upkeep
|
|t:|1783757796
|switch|p1a: Incineroar|Incineroar, L50, M|56/100
|-ability|p1a: Incineroar|Intimidate|boost
|-unboost|p2a: Eelektross|atk|1
|-unboost|p2b: Gholdengo|atk|1
|turn|6
|
|t:|1783757822
|move|p1a: Incineroar|Fake Out|p2a: Eelektross
|-damage|p2a: Eelektross|45/100
|move|p2b: Gholdengo|Shadow Ball|p1b: Milotic
|-damage|p1b: Milotic|74/100
|-damage|p2b: Gholdengo|80/100|[from] item: Life Orb
|move|p1b: Milotic|Muddy Water|p2b: Gholdengo|[spread] p2a
|-miss|p1b: Milotic|p2b: Gholdengo
|-damage|p2a: Eelektross|21/100
|cant|p2a: Eelektross|flinch
|
|-weather|Snowscape|[upkeep]
|-heal|p1b: Milotic|80/100|[from] item: Leftovers
|upkeep
|turn|7
|
|t:|1783757836
|move|p2b: Gholdengo|Shadow Ball|p1b: Milotic
|-damage|p1b: Milotic|55/100
|-damage|p2b: Gholdengo|70/100|[from] item: Life Orb
|move|p1b: Milotic|Muddy Water|p2a: Eelektross|[spread] p2b
|-miss|p1b: Milotic|p2a: Eelektross
|-crit|p2b: Gholdengo
|-damage|p2b: Gholdengo|28/100
|move|p2a: Eelektross|Giga Drain|p1b: Milotic
|-supereffective|p1b: Milotic|1
|-damage|p1b: Milotic|15/100
|-heal|p2a: Eelektross|43/100|[from] drain|[of] p1b: Milotic
|move|p1a: Incineroar|Throat Chop|p2b: Gholdengo
|-supereffective|p2b: Gholdengo|1
|-damage|p2b: Gholdengo|0 fnt
|faint|p2b: Gholdengo
|
|-weather|none
|-heal|p1b: Milotic|21/100|[from] item: Leftovers
|upkeep
|
|t:|1783757849
|switch|p2b: Scrafty|Scrafty, L50, M|100/100
|-ability|p2b: Scrafty|Intimidate|boost
|-unboost|p1a: Incineroar|atk|1
|-unboost|p1b: Milotic|atk|1
|-ability|p1b: Milotic|Competitive|boost
|-boost|p1b: Milotic|spa|2
|turn|8
|
|t:|1783757883
|move|p1b: Milotic|Protect|p1b: Milotic
|-singleturn|p1b: Milotic|Protect
|move|p2b: Scrafty|Fake Out|p1b: Milotic
|-activate|p1b: Milotic|move: Protect
|move|p2a: Eelektross|Giga Drain|p1b: Milotic
|-activate|p1b: Milotic|move: Protect
|move|p1a: Incineroar|Flare Blitz|p2a: Eelektross
|-damage|p2a: Eelektross|6/100
|-damage|p1a: Incineroar|45/100|[from] Recoil
|
|-heal|p1b: Milotic|27/100|[from] item: Leftovers
|upkeep
|turn|9
|
|t:|1783757897
|move|p1b: Milotic|Muddy Water|p2b: Scrafty|[spread] p2a,p2b
|-damage|p2a: Eelektross|0 fnt
|-damage|p2b: Scrafty|57/100
|faint|p2a: Eelektross
|move|p1a: Incineroar|Flare Blitz|p2b: Scrafty
|-damage|p2b: Scrafty|27/100
|-damage|p1a: Incineroar|36/100|[from] Recoil
|move|p2b: Scrafty|Drain Punch|p1a: Incineroar
|-supereffective|p1a: Incineroar|1
|-damage|p1a: Incineroar|4/100
|-heal|p2b: Scrafty|46/100|[from] drain|[of] p1a: Incineroar
|
|-heal|p1b: Milotic|33/100|[from] item: Leftovers
|-sideend|p1: phuc_lamvgc|move: Aurora Veil
|upkeep
|turn|10
|
|t:|1783757924
|move|p1b: Milotic|Muddy Water|p2b: Scrafty
|-damage|p2b: Scrafty|0 fnt
|faint|p2b: Scrafty
|
|win|phuc_lamvgc
||Savitz is ready for game 3.
||phuc_lamvgc is ready for game 3.
|uhtml|next|Next: Game 3 of 3
|l|☆Savitz
|player|p2|
