|j|☆capacete5
|j|☆tipolucha
|html|capacete5tipolucha    
|uhtml|bestof|Game 3 of a best-of-3
|t:|1782427497
|gametype|doubles
|player|p1|capacete5|byron|1091
|player|p2|tipolucha|170|1048
|gen|9
|tier|[Gen 9 Champions] VGC 2026 Reg M-B (Bo3)
|rated|
|rule|Species Clause: Limit one of each Pokémon
|rule|Item Clause: Limit 1 of each item
|clearpoke
|poke|p1|Aerodactyl, L50, F|
|poke|p1|Garchomp, L50, M|
|poke|p1|Kingambit, L50, M|
|poke|p1|Farigiraf, L50, M|
|poke|p1|Sylveon, L50, M|
|poke|p1|Charizard, L50, F|
|poke|p2|Sableye, L50, M|
|poke|p2|Kingambit, L50, M|
|poke|p2|Pelipper, L50, F|
|poke|p2|Milotic, L50, F|
|poke|p2|Swampert, L50, F|
|poke|p2|Scizor, L50, F|
|teampreview|4
|showteam|p1|Aerodactyl||Aerodactylite|Unnerve|RockSlide,IceFang,DualWingbeat,Tailwind|Jolly||F|||50|]Garchomp||LifeOrb|RoughSkin|Protect,DragonClaw,Earthquake,StompingTantrum|Adamant||M|||50|]Kingambit||FocusSash|Defiant|LowKick,IronHead,SuckerPunch,Protect|Adamant||M|||50|]Farigiraf||SitrusBerry|ArmorTail|HelpingHand,Psychic,TrickRoom,EnergyBall|Bold||M|||50|]Sylveon||FairyFeather|Pixilate|HyperVoice,Protect,HyperBeam,QuickAttack|Bold||M|||50|]Charizard||CharizarditeY|Blaze|HeatWave,WeatherBall,SolarBeam,Protect|Modest||F|||50|
|showteam|p2|Sableye||SitrusBerry|Prankster|RainDance,Encore,FakeOut,WillOWisp|Careful||M|||50|]Kingambit||BlackGlasses|Defiant|KowtowCleave,LowKick,SuckerPunch,Protect|Adamant||M|||50|]Pelipper||FocusSash|Drizzle|WideGuard,Tailwind,Hurricane,WeatherBall|Modest||F|||50|]Milotic||LifeOrb|Competitive|Scald,IcyWind,AlluringVoice,Protect|Timid||F|||50|]Swampert||Swampertite|Torrent|IcePunch,WaveCrash,RockSlide,Protect|Adamant||F|||50|]Scizor||Scizorite|Technician|BulletPunch,XScissor,CloseCombat,Protect|Adamant||F|||50|
|inactive|Battle timer is ON: inactive players will automatically lose when time's up. (requested by capacete5)
|inactive|capacete5 has 60 seconds left.
|inactive|capacete5 has 30 seconds left.
|inactive|capacete5 has 20 seconds left.
|inactive|capacete5 has 15 seconds left.
|inactive|capacete5 has 10 seconds left.
|
|t:|1782427579
|teamsize|p1|4
|teamsize|p2|4
|start
|switch|p1a: Aerodactyl|Aerodactyl, L50, F|100/100
|switch|p1b: Sylveon|Sylveon, L50, M|100/100
|switch|p2a: Pelipper|Pelipper, L50, F|100/100
|switch|p2b: Milotic|Milotic, L50, F|100/100
|-ability|p1a: Aerodactyl|Unnerve
|-weather|RainDance|[from] ability: Drizzle|[of] p2a: Pelipper
|turn|1
|
|t:|1782427605
|detailschange|p1a: Aerodactyl|Aerodactyl-Mega, L50, F
|-mega|p1a: Aerodactyl|Aerodactyl|Aerodactylite
|move|p1a: Aerodactyl|Tailwind|p1a: Aerodactyl
|-sidestart|p1: capacete5|move: Tailwind
|move|p1b: Sylveon|Hyper Voice|p2b: Milotic|[spread] p2a,p2b
|-damage|p2a: Pelipper|36/100
|-damage|p2b: Milotic|59/100
|move|p2b: Milotic|Icy Wind|p1b: Sylveon|[spread] p1a,p1b
|-supereffective|p1a: Aerodactyl|1
|-damage|p1a: Aerodactyl|66/100
|-damage|p1b: Sylveon|88/100
|-unboost|p1a: Aerodactyl|spe|1
|-unboost|p1b: Sylveon|spe|1
|-damage|p2b: Milotic|49/100|[from] item: Life Orb
|move|p2a: Pelipper|Tailwind|p2a: Pelipper
|-sidestart|p2: tipolucha|move: Tailwind
|
|-weather|RainDance|[upkeep]
|upkeep
|turn|2
|inactive|tipolucha has 30 seconds left.
|
|t:|1782427632
|switch|p1a: Farigiraf|Farigiraf, L50, M|100/100
|move|p2b: Milotic|Protect|p2b: Milotic
|-singleturn|p2b: Milotic|Protect
|move|p2a: Pelipper|Weather Ball|p1b: Sylveon
|-damage|p1b: Sylveon|27/100
|move|p1b: Sylveon|Hyper Voice|p2b: Milotic|[spread] p2a
|-activate|p2b: Milotic|move: Protect
|-damage|p2a: Pelipper|0 fnt
|faint|p2a: Pelipper
|
|-weather|RainDance|[upkeep]
|upkeep
|
|t:|1782427647
|switch|p2a: Swampert|Swampert, L50, F|100/100
|turn|3
|
|t:|1782427661
|detailschange|p2a: Swampert|Swampert-Mega, L50, F
|-mega|p2a: Swampert|Swampert|Swampertite
|move|p1b: Sylveon|Protect|p1b: Sylveon
|-singleturn|p1b: Sylveon|Protect
|move|p2a: Swampert|Wave Crash|p1a: Farigiraf
|-crit|p1a: Farigiraf
|-damage|p1a: Farigiraf|0 fnt
|faint|p1a: Farigiraf
|-damage|p2a: Swampert|58/100|[from] Recoil
|move|p2b: Milotic|Scald|p1b: Sylveon
|-activate|p1b: Sylveon|move: Protect
|
|-weather|RainDance|[upkeep]
|upkeep
|inactive|capacete5 has 30 seconds left.
|
|t:|1782427688
|switch|p1a: Aerodactyl|Aerodactyl-Mega, L50, F|66/100
|turn|4
|
|t:|1782427697
|move|p2a: Swampert|Protect|p2a: Swampert
|-singleturn|p2a: Swampert|Protect
|move|p1a: Aerodactyl|Rock Slide|p2a: Swampert|[spread] p2b
|-activate|p2a: Swampert|move: Protect
|-damage|p2b: Milotic|15/100
|move|p2b: Milotic|Icy Wind|p1a: Aerodactyl|[spread] p1a,p1b
|-supereffective|p1a: Aerodactyl|1
|-damage|p1a: Aerodactyl|28/100
|-damage|p1b: Sylveon|15/100
|-unboost|p1a: Aerodactyl|spe|1
|-unboost|p1b: Sylveon|spe|1
|-damage|p2b: Milotic|5/100|[from] item: Life Orb
|move|p1b: Sylveon|Hyper Voice|p2a: Swampert|[spread] p2b
|-activate|p2a: Swampert|move: Protect
|-damage|p2b: Milotic|0 fnt
|faint|p2b: Milotic
|
|-weather|RainDance|[upkeep]
|-sideend|p1: capacete5|move: Tailwind
|-sideend|p2: tipolucha|move: Tailwind
|upkeep
|
|t:|1782427702
|switch|p2b: Kingambit|Kingambit, L50, M|100/100
|turn|5
|inactive|capacete5 has 30 seconds left.
|
|t:|1782427733
|switch|p1a: Kingambit|Kingambit, L50, M|100/100
|move|p1b: Sylveon|Protect|p1b: Sylveon
|-singleturn|p1b: Sylveon|Protect
|move|p2a: Swampert|Wave Crash|p1a: Kingambit
|-damage|p1a: Kingambit|6/100
|-damage|p2a: Swampert|28/100|[from] Recoil
|move|p2b: Kingambit|Kowtow Cleave|p1b: Sylveon
|-activate|p1b: Sylveon|move: Protect
|
|-weather|none
|upkeep
|turn|6
|inactive|capacete5 has 30 seconds left.
|
|t:|1782427763
|move|p2a: Swampert|Protect|p2a: Swampert
|-singleturn|p2a: Swampert|Protect
|move|p1a: Kingambit|Sucker Punch||[still]
|-fail|p1a: Kingambit
|move|p2b: Kingambit|Low Kick|p1a: Kingambit
|-supereffective|p1a: Kingambit|2
|-damage|p1a: Kingambit|0 fnt
|faint|p1a: Kingambit
|move|p1b: Sylveon|Hyper Beam|p2b: Kingambit
|-damage|p2b: Kingambit|5/100
|-mustrecharge|p1b: Sylveon
|
|upkeep
|
|t:|1782427774
|switch|p1a: Aerodactyl|Aerodactyl-Mega, L50, F|28/100
|turn|7
|inactive|capacete5 has 30 seconds left.
|
|t:|1782427800
|move|p2b: Kingambit|Sucker Punch||[still]
|-fail|p2b: Kingambit
|move|p1a: Aerodactyl|Tailwind|p1a: Aerodactyl
|-sidestart|p1: capacete5|move: Tailwind
|move|p2a: Swampert|Wave Crash|p1b: Sylveon
|-damage|p1b: Sylveon|0 fnt
|faint|p1b: Sylveon
|-damage|p2a: Swampert|23/100|[from] Recoil
|
|upkeep
|turn|8
|
|t:|1782427812
|move|p2b: Kingambit|Sucker Punch|p1a: Aerodactyl
|-damage|p1a: Aerodactyl|0 fnt
|faint|p1a: Aerodactyl
|
|win|tipolucha
|raw|capacete5's rating: 1091 → 1064(-27 for losing)
|raw|tipolucha's rating: 1048 → 1085(+37 for winning)
