|j|☆Streetside
|j|☆NettoFagundes
|html|StreetsideNettoFagundes    
|uhtml|bestof|Game 2 of a best-of-3
|t:|1783640333
|gametype|doubles
|player|p1|Streetside|caitlin|1073
|player|p2|NettoFagundes|hugh|1045
|gen|9
|tier|[Gen 9 Champions] VGC 2026 Reg M-B (Bo3)
|rated|
|rule|Species Clause: Limit one of each Pokémon
|rule|Item Clause: Limit 1 of each item
|clearpoke
|poke|p1|Garchomp, L50, M|
|poke|p1|Ninetales-Alola, L50, F|
|poke|p1|Whimsicott, L50, F|
|poke|p1|Glimmora, L50, M|
|poke|p1|Basculegion, L50, M|
|poke|p1|Greninja, L50, M|
|poke|p2|Garchomp, L50, M|
|poke|p2|Tyranitar, L50, M|
|poke|p2|Sinistcha, L50|
|poke|p2|Staraptor, L50, M|
|poke|p2|Whimsicott, L50, F|
|poke|p2|Floette-Eternal, L50, F|
|teampreview|4
|showteam|p1|Garchomp||SoftSand|RoughSkin|HelpingHand,StompingTantrum,RockSlide,DragonClaw|Jolly||M|||50|]Ninetales-Alola||FocusSash|SnowWarning|Blizzard,AuroraVeil,FreezeDry,Moonblast|Modest||F|||50|]Whimsicott||MentalHerb|Prankster|Protect,Tailwind,Moonblast,Encore|Bold||F|||50|]Glimmora||Glimmoranite|ToxicDebris|SpikyShield,SludgeBomb,EarthPower,PowerGem|Timid||M|||50|]Basculegion||ChoiceScarf|Adaptability|LastRespects,FlipTurn,WaveCrash,HeadSmash|Adamant||M|||50|]Greninja||Greninjite|Protean|Blizzard,HydroPump,Taunt,DarkPulse|Timid||M|||50|
|showteam|p2|Garchomp||BrightPowder|SandVeil|DragonTail,Earthquake,RockSlide,Protect|Jolly||M|||50|]Tyranitar||ChopleBerry|SandStream|RockSlide,KnockOff,Sandstorm,Protect|Careful||M|||50|]Sinistcha||BigRoot|Hospitality|MatchaGotcha,LifeDew,RagePowder,StrengthSap|Bold|||||50|]Staraptor||Staraptite|Intimidate|CloseCombat,DualWingbeat,Substitute,Protect|Jolly||M|||50|]Whimsicott||ChoiceScarf|Prankster|DazzlingGleam,Tailwind,Charm,Switcheroo|Timid||F|||50|]Floette-Eternal||Floettite|FlowerVeil|DazzlingGleam,StoredPower,CalmMind,Protect|Timid||F|||50|
|inactive|Battle timer is ON: inactive players will automatically lose when time's up. (requested by NettoFagundes)
|
|t:|1783640372
|teamsize|p1|4
|teamsize|p2|4
|start
|switch|p1a: Ninetales|Ninetales-Alola, L50, F|100/100
|switch|p1b: Whimsicott|Whimsicott, L50, F|100/100
|switch|p2a: Whimsicott|Whimsicott, L50, F|100/100
|switch|p2b: Staraptor|Staraptor, L50, M|100/100
|-ability|p2b: Staraptor|Intimidate|boost
|-unboost|p1a: Ninetales|atk|1
|-unboost|p1b: Whimsicott|atk|1
|-weather|Snowscape|[from] ability: Snow Warning|[of] p1a: Ninetales
|turn|1
|
|t:|1783640385
|detailschange|p2b: Staraptor|Staraptor-Mega, L50, M
|-mega|p2b: Staraptor|Staraptor|Staraptite
|move|p2b: Staraptor|Protect|p2b: Staraptor
|-singleturn|p2b: Staraptor|Protect
|move|p2a: Whimsicott|Switcheroo|p1a: Ninetales
|-activate|p2a: Whimsicott|move: Trick|[of] p1a: Ninetales
|-item|p1a: Ninetales|Choice Scarf|[from] move: Switcheroo
|-item|p2a: Whimsicott|Focus Sash|[from] move: Switcheroo
|move|p1b: Whimsicott|Tailwind|p1b: Whimsicott
|-sidestart|p1: Streetside|move: Tailwind
|move|p1a: Ninetales|Aurora Veil|p1a: Ninetales
|-sidestart|p1: Streetside|move: Aurora Veil
|
|-weather|Snowscape|[upkeep]
|upkeep
|turn|2
|
|t:|1783640408
|switch|p1a: Glimmora|Glimmora, L50, M|100/100
|move|p1b: Whimsicott|Encore|p2a: Whimsicott
|-start|p2a: Whimsicott|Encore
|move|p2a: Whimsicott|Switcheroo||[still]
|-fail|p2a: Whimsicott
|move|p2b: Staraptor|Close Combat|p1a: Glimmora
|-damage|p1a: Glimmora|45/100
|-boost|p2b: Staraptor|def|1
|-boost|p2b: Staraptor|spd|1
|-activate|p1a: Glimmora|ability: Toxic Debris
|-sidestart|p2: NettoFagundes|move: Toxic Spikes
|
|-weather|Snowscape|[upkeep]
|upkeep
|turn|3
|inactive|Streetside has 30 seconds left.
|
|t:|1783640434
|detailschange|p1a: Glimmora|Glimmora-Mega, L50, M
|-mega|p1a: Glimmora|Glimmora|Glimmoranite
|move|p2a: Whimsicott|Switcheroo|p1b: Whimsicott
|-activate|p2a: Whimsicott|move: Trick|[of] p1b: Whimsicott
|-item|p1b: Whimsicott|Focus Sash|[from] move: Switcheroo
|-item|p2a: Whimsicott|Mental Herb|[from] move: Switcheroo
|-enditem|p2a: Whimsicott|Mental Herb
|-end|p2a: Whimsicott|Encore
|move|p1a: Glimmora|Sludge Bomb|p2a: Whimsicott
|-supereffective|p2a: Whimsicott|2
|-damage|p2a: Whimsicott|0 fnt
|faint|p2a: Whimsicott
|move|p1b: Whimsicott|Moonblast|p2b: Staraptor
|-supereffective|p2b: Staraptor|1
|-damage|p2b: Staraptor|54/100
|move|p2b: Staraptor|Close Combat|p1a: Glimmora
|-damage|p1a: Glimmora|0 fnt
|-boost|p2b: Staraptor|def|1
|-boost|p2b: Staraptor|spd|1
|faint|p1a: Glimmora
|
|-weather|Snowscape|[upkeep]
|upkeep
|inactive|NettoFagundes has 30 seconds left.
|
|t:|1783640460
|switch|p2a: Garchomp|Garchomp, L50, M|100/100
|switch|p1a: Ninetales|Ninetales-Alola, L50, F|100/100
|-status|p2a: Garchomp|psn
|turn|4
|
|t:|1783640484
|switch|p2a: Tyranitar|Tyranitar, L50, M|100/100
|-status|p2a: Tyranitar|psn
|-weather|Sandstorm|[from] ability: Sand Stream|[of] p2a: Tyranitar
|move|p1a: Ninetales|Blizzard|p2b: Staraptor|[spread] p2b
|-miss|p1a: Ninetales|p2a: Tyranitar
|-supereffective|p2b: Staraptor|1
|-damage|p2b: Staraptor|11/100
|move|p1b: Whimsicott|Moonblast|p2b: Staraptor
|-supereffective|p2b: Staraptor|1
|-damage|p2b: Staraptor|0 fnt
|faint|p2b: Staraptor
|
|-weather|Sandstorm|[upkeep]
|-damage|p1a: Ninetales|93/100|[from] Sandstorm
|-damage|p1b: Whimsicott|94/100|[from] Sandstorm
|-damage|p2a: Tyranitar|87/100 psn|[from] psn
|-sideend|p1: Streetside|move: Tailwind
|upkeep
|
|t:|1783640496
|switch|p2b: Garchomp|Garchomp, L50, M|100/100 psn
|turn|5
|
|t:|1783640508
|switch|p1a: Garchomp|Garchomp, L50, M|100/100
|move|p1b: Whimsicott|Tailwind|p1b: Whimsicott
|-sidestart|p1: Streetside|move: Tailwind
|move|p2b: Garchomp|Rock Slide|p1b: Whimsicott|[spread] p1a,p1b
|-resisted|p1a: Garchomp|1
|-damage|p1a: Garchomp|94/100
|-damage|p1b: Whimsicott|82/100
|move|p2a: Tyranitar|Rock Slide|p1b: Whimsicott|[spread] p1a,p1b
|-resisted|p1a: Garchomp|1
|-damage|p1a: Garchomp|85/100
|-damage|p1b: Whimsicott|67/100
|
|-weather|Sandstorm|[upkeep]
|-damage|p1b: Whimsicott|61/100|[from] Sandstorm
|-damage|p2b: Garchomp|87/100 psn|[from] psn
|-damage|p2a: Tyranitar|75/100 psn|[from] psn
|-sideend|p1: Streetside|move: Aurora Veil
|upkeep
|turn|6
|-message|NettoFagundes forfeited.
|
|win|Streetside
|raw|Streetside's rating: 1073 → 1100(+27 for winning)
|raw|NettoFagundes's rating: 1045 → 1030(-15 for losing)
|l|☆NettoFagundes
|player|p2|
