|j|☆gargatest
|j|☆snailboss
|html|gargatestsnailboss    
|uhtml|bestof|Game 2 of a best-of-3
|t:|1756609330
|gametype|doubles
|player|p1|gargatest|cyclist|1135
|player|p2|snailboss|hilda-wonderlauncher|1136
|gen|9
|tier|[Gen 9] VGC 2025 Reg H (Bo3)
|rated|
|rule|Species Clause: Limit one of each Pokémon
|rule|Item Clause: Limit 1 of each item
|clearpoke
|poke|p1|Gyarados, L50, M|
|poke|p1|Sneasler, L50, M|
|poke|p1|Indeedee, L50, M|
|poke|p1|Volcarona, L50, F|
|poke|p1|Ursaluna-Bloodmoon, L50, M|
|poke|p1|Tyranitar, L50, M|
|poke|p2|Zoroark-Hisui, L50, M|
|poke|p2|Tyranitar, L50, F|
|poke|p2|Excadrill, L50, F|
|poke|p2|Indeedee-F, L50, F|
|poke|p2|Gallade, L50, M|
|poke|p2|Talonflame, L50, F|
|teampreview|4
|showteam|p1|Gyarados||SafetyGoggles|Intimidate|Taunt,ThunderWave,Waterfall,Protect|||M|||50|,,,,,Steel]Sneasler||PsychicSeed|Unburden|CloseCombat,DireClaw,ThroatChop,Protect|||M|||50|,,,,,Dark]Indeedee||ChoiceScarf|PsychicSurge|ExpandingForce,TeraBlast,Trick,Protect|||M|||50|,,,,,Psychic]Volcarona||SitrusBerry|FlameBody|Overheat,StruggleBug,RagePowder,Tailwind|||F|||50|,,,,,Grass]Ursaluna-Bloodmoon||LifeOrb|MindsEye|HyperVoice,BloodMoon,EarthPower,Protect|||M|||50|,,,,,Normal]Tyranitar||AssaultVest|SandStream|LowKick,TeraBlast,KnockOff,RockSlide|||M|||50|,,,,,Flying
|showteam|p2|Zoroark-Hisui||ChoiceSpecs|Illusion|HyperVoice,Flamethrower,ShadowBall,HyperBeam|||M|||50|,,,,,Normal]Tyranitar||AssaultVest|SandStream|RockSlide,KnockOff,LowKick,TeraBlast|||F|||50|,,,,,Flying]Excadrill||FocusSash|SandRush|IronHead,Protect,SwordsDance,Earthquake|||F|||50|,,,,,Ground]Indeedee-F||SafetyGoggles|PsychicSurge|TrickRoom,FollowMe,Psychic,HelpingHand|||F|||50|,,,,,Fairy]Gallade||ClearAmulet|Sharpness|PsychoCut,TrickRoom,WideGuard,SacredSword|||M|||50|,,,,,Grass]Talonflame||CovertCloak|GaleWings|Tailwind,BraveBird,FlareBlitz,Taunt|||F|||50|,,,,,Grass
|inactive|Battle timer is ON: inactive players will automatically lose when time's up. (requested by snailboss)
|
|t:|1756609402
|teamsize|p1|4
|teamsize|p2|4
|start
|switch|p1a: Gyarados|Gyarados, L50, M, shiny|100/100
|switch|p1b: Sneasler|Sneasler, L50, M|100/100
|switch|p2a: Alistair|Gallade, L50, M|100/100
|switch|p2b: Bruce|Talonflame, L50, F|100/100
|-ability|p1a: Gyarados|Intimidate|boost
|-fail|p2a: Alistair|unboost|[from] item: Clear Amulet|[of] p2a: Alistair
|-unboost|p2b: Bruce|atk|1
|turn|1
|inactive|snailboss has 30 seconds left.
|inactive|snailboss has 20 seconds left.
|inactive|snailboss has 15 seconds left.
|
|t:|1756609445
|move|p1b: Sneasler|Protect|p1b: Sneasler
|-singleturn|p1b: Sneasler|Protect
|move|p2b: Bruce|Tailwind|p2b: Bruce
|-sidestart|p2: snailboss|move: Tailwind
|move|p2a: Alistair|Psycho Cut|p1b: Sneasler
|-activate|p1b: Sneasler|move: Protect
|move|p1a: Gyarados|Waterfall|p2b: Bruce
|-supereffective|p2b: Bruce
|-damage|p2b: Bruce|0 fnt
|faint|p2b: Bruce
|
|upkeep
|
|t:|1756609454
|switch|p2b: Alice|Tyranitar, L50, F|100/100
|-weather|Sandstorm|[from] ability: Sand Stream|[of] p2b: Alice
|turn|2
|
|t:|1756609461
|switch|p1a: Indeedee|Indeedee, L50, M, shiny|100/100
|-fieldstart|move: Psychic Terrain|[from] ability: Psychic Surge|[of] p1a: Indeedee
|-enditem|p1b: Sneasler|Psychic Seed
|-boost|p1b: Sneasler|spd|1|[from] item: Psychic Seed
|-terastallize|p2b: Alice|Flying
|-terastallize|p1b: Sneasler|Dark
|move|p1b: Sneasler|Close Combat|p2b: Alice
|-resisted|p2b: Alice
|-damage|p2b: Alice|73/100
|-unboost|p1b: Sneasler|def|1
|-unboost|p1b: Sneasler|spd|1
|move|p2b: Alice|Rock Slide|p1b: Sneasler|[spread] p1a,p1b
|-damage|p1a: Indeedee|40/100
|-damage|p1b: Sneasler|28/100
|move|p2a: Alistair|Psycho Cut|p1a: Indeedee
|-resisted|p1a: Indeedee
|-damage|p1a: Indeedee|0 fnt
|faint|p1a: Indeedee
|
|-weather|Sandstorm|[upkeep]
|-damage|p1b: Sneasler|22/100|[from] Sandstorm
|-damage|p2b: Alice|67/100|[from] Sandstorm
|-damage|p2a: Alistair|95/100|[from] Sandstorm
|upkeep
|
|t:|1756609474
|switch|p1a: Gyarados|Gyarados, L50, M, shiny|100/100
|-ability|p1a: Gyarados|Intimidate|boost
|-fail|p2a: Alistair|unboost|[from] item: Clear Amulet|[of] p2a: Alistair
|-unboost|p2b: Alice|atk|1
|turn|3
|
|t:|1756609493
|move|p1b: Sneasler|Throat Chop|p2a: Alistair
|-damage|p2a: Alistair|28/100
|-start|p2a: Alistair|Throat Chop|[silent]
|move|p2b: Alice|Rock Slide|p1a: Gyarados|[spread] p1a,p1b
|-supereffective|p1a: Gyarados
|-damage|p1a: Gyarados|68/100
|-damage|p1b: Sneasler|0 fnt
|faint|p1b: Sneasler
|move|p2a: Alistair|Psycho Cut|p1a: Gyarados
|-damage|p1a: Gyarados|5/100
|move|p1a: Gyarados|Waterfall|p2a: Alistair
|-damage|p2a: Alistair|0 fnt
|faint|p2a: Alistair
|
|-weather|Sandstorm|[upkeep]
|-damage|p2b: Alice|62/100|[from] Sandstorm
|upkeep
|
|t:|1756609507
|switch|p1b: Ursaluna|Ursaluna-Bloodmoon, L50, M|100/100
|switch|p2a: Dr. Drills|Excadrill, L50, F|100/100
|turn|4
|
|t:|1756609521
|move|p1a: Gyarados|Protect|p1a: Gyarados
|-singleturn|p1a: Gyarados|Protect
|move|p2a: Dr. Drills|Swords Dance|p2a: Dr. Drills
|-boost|p2a: Dr. Drills|atk|2
|move|p2b: Alice|Rock Slide|p1a: Gyarados|[spread] p1b
|-activate|p1a: Gyarados|move: Protect
|-resisted|p1b: Ursaluna
|-damage|p1b: Ursaluna|93/100
|move|p1b: Ursaluna|Blood Moon|p2b: Alice
|-damage|p2b: Alice|0 fnt
|faint|p2b: Alice
|-damage|p1b: Ursaluna|84/100|[from] item: Life Orb
|
|-weather|Sandstorm|[upkeep]
|-sideend|p2: snailboss|move: Tailwind
|upkeep
|turn|5
|
|t:|1756609539
|move|p2a: Dr. Drills|Iron Head|p1a: Gyarados
|-resisted|p1a: Gyarados
|-damage|p1a: Gyarados|0 fnt
|faint|p1a: Gyarados
|move|p1b: Ursaluna|Earth Power|p2a: Dr. Drills
|-supereffective|p2a: Dr. Drills
|-enditem|p2a: Dr. Drills|Focus Sash
|-damage|p2a: Dr. Drills|1/100
|-damage|p1b: Ursaluna|74/100|[from] item: Life Orb
|
|-weather|Sandstorm|[upkeep]
|upkeep
|turn|6
|
|t:|1756609552
|move|p1b: Ursaluna|Protect|p1b: Ursaluna
|-singleturn|p1b: Ursaluna|Protect
|move|p2a: Dr. Drills|Earthquake|p1b: Ursaluna
|-activate|p1b: Ursaluna|move: Protect
|
|-weather|none
|-fieldend|move: Psychic Terrain
|upkeep
|turn|7
|
|t:|1756609557
|move|p2a: Dr. Drills|Earthquake|p1b: Ursaluna
|-damage|p1b: Ursaluna|0 fnt
|faint|p1b: Ursaluna
|
|win|snailboss
|raw|gargatest's rating: 1135 → 1110(-25 for losing)
|raw|snailboss's rating: 1136 → 1161(+25 for winning)
