|j|☆sweetlysunny
|j|☆DDO15
|html|sweetlysunnyDDO15    
|uhtml|bestof|Game 3 of a best-of-3
|t:|1783302941
|gametype|doubles
|player|p1|sweetlysunny|serena|1085
|player|p2|DDO15|2|1165
|gen|9
|tier|[Gen 9 Champions] VGC 2026 Reg M-B (Bo3)
|rated|
|rule|Species Clause: Limit one of each Pokémon
|rule|Item Clause: Limit 1 of each item
|clearpoke
|poke|p1|Torkoal, L50, F|
|poke|p1|Pyroar, L50, F|
|poke|p1|Vileplume, L50, M|
|poke|p1|Scrafty, L50, F|
|poke|p1|Farigiraf, L50, M|
|poke|p1|Sylveon, L50, F|
|poke|p2|Tyranitar, L50, M|
|poke|p2|Excadrill, L50, F|
|poke|p2|Houndstone, L50, F|
|poke|p2|Gardevoir, L50, M|
|poke|p2|Sneasler, L50, M|
|poke|p2|Palafin, L50, F|
|teampreview|4
|showteam|p1|Torkoal||Charcoal|Drought|HeatWave,Eruption,HelpingHand,Protect|Quiet||F|||50|]Pyroar||Pyroarite|Unnerve|HeatWave,Overheat,ScorchingSands,Protect|Timid||F|||50|]Vileplume||FocusSash|Chlorophyll|EnergyBall,SludgeBomb,SleepPowder,AfterYou|Timid||M|||50|]Scrafty||Scraftinite|Intimidate|FakeOut,CloseCombat,PoisonJab,KnockOff|Brave||F|||50|]Farigiraf||SitrusBerry|ArmorTail|HyperVoice,Psychic,HelpingHand,TrickRoom|Bold||M|||50|]Sylveon||FairyFeather|Pixilate|HyperVoice,HyperBeam,QuickAttack,Protect|Quiet||F|||50|
|showteam|p2|Tyranitar||Tyranitarite|SandStream|DragonDance,RockSlide,Protect,Crunch|Adamant||M|||50|]Excadrill||FocusSash|SandRush|Earthquake,RockSlide,IronHead,Protect|Adamant||F|||50|]Houndstone||ChoiceScarf|SandRush|LastRespects,WillOWisp,PsychicFangs,Poltergeist|Jolly||F|||50|]Gardevoir||LifeOrb|Trace|Moonblast,Psychic,AuraSphere,Protect|Modest||M|||50|]Sneasler||WhiteHerb|Unburden|FakeOut,CloseCombat,DireClaw,Coaching|Adamant||M|||50|]Palafin||SitrusBerry|ZerotoHero|BulkUp,WaveCrash,JetPunch,DrainPunch|Careful||F|||50|
|inactive|Battle timer is ON: inactive players will automatically lose when time's up. (requested by sweetlysunny)
|inactive|sweetlysunny has 60 seconds left.
|inactive|DDO15 has 60 seconds left.
|inactive|DDO15 has 30 seconds left.
|inactive|DDO15 has 20 seconds left.
|inactive|DDO15 has 15 seconds left.
|
|t:|1783303020
|teamsize|p1|4
|teamsize|p2|4
|start
|switch|p1a: Farigiraf|Farigiraf, L50, M|100/100
|switch|p1b: Scrafty|Scrafty, L50, F|100/100
|switch|p2a: Palafin|Palafin, L50, F|100/100
|switch|p2b: Sneasler|Sneasler, L50, M|100/100
|-ability|p1b: Scrafty|Intimidate|boost
|-unboost|p2a: Palafin|atk|1
|-unboost|p2b: Sneasler|atk|1
|-enditem|p2b: Sneasler|White Herb
|-clearnegativeboost|p2b: Sneasler|[silent]
|turn|1
|inactive|sweetlysunny has 30 seconds left.
|
|t:|1783303045
|detailschange|p2a: Palafin|Palafin-Hero, L50, F
|switch|p2a: Houndstone|Houndstone, L50, F|100/100
|detailschange|p1b: Scrafty|Scrafty-Mega, L50, F
|-mega|p1b: Scrafty|Scrafty|Scraftinite
|-ability|p1b: Scrafty|Intimidate|boost
|-unboost|p2a: Houndstone|atk|1
|-unboost|p2b: Sneasler|atk|1
|move|p1b: Scrafty|Fake Out|p2b: Sneasler
|-damage|p2b: Sneasler|79/100
|cant|p2b: Sneasler|flinch
|move|p1a: Farigiraf|Trick Room|p1a: Farigiraf
|-fieldstart|move: Trick Room|[of] p1a: Farigiraf
|
|upkeep
|turn|2
|
|t:|1783303065
|switch|p2b: Tyranitar|Tyranitar, L50, M|100/100
|-weather|Sandstorm|[from] ability: Sand Stream|[of] p2b: Tyranitar
|move|p1b: Scrafty|Knock Off|p2a: Houndstone
|-supereffective|p2a: Houndstone|1
|-damage|p2a: Houndstone|0 fnt
|-enditem|p2a: Houndstone|Choice Scarf|[from] move: Knock Off|[of] p1b: Scrafty
|faint|p2a: Houndstone
|move|p1a: Farigiraf|Psychic|p2b: Tyranitar
|-immune|p2b: Tyranitar
|
|-weather|Sandstorm|[upkeep]
|-damage|p1b: Scrafty|94/100|[from] Sandstorm
|-damage|p1a: Farigiraf|93/100|[from] Sandstorm
|upkeep
|
|t:|1783303079
|switch|p2a: Palafin|Palafin-Hero, L50, F|100/100
|-activate|p2a: Palafin|ability: Zero to Hero
|turn|3
|
|t:|1783303096
|move|p2b: Tyranitar|Protect|p2b: Tyranitar
|-singleturn|p2b: Tyranitar|Protect
|move|p1b: Scrafty|Close Combat|p2b: Tyranitar
|-activate|p2b: Tyranitar|move: Protect
|move|p1a: Farigiraf|Hyper Voice|p2b: Tyranitar|[spread] p2a
|-activate|p2b: Tyranitar|move: Protect
|-damage|p2a: Palafin|82/100
|move|p2a: Palafin|Bulk Up|p2a: Palafin
|-boost|p2a: Palafin|atk|1
|-boost|p2a: Palafin|def|1
|
|-weather|Sandstorm|[upkeep]
|-damage|p1b: Scrafty|88/100|[from] Sandstorm
|-damage|p1a: Farigiraf|87/100|[from] Sandstorm
|-damage|p2a: Palafin|76/100|[from] Sandstorm
|upkeep
|turn|4
|inactive|DDO15 has 30 seconds left.
|
|t:|1783303125
|switch|p2b: Sneasler|Sneasler, L50, M|79/100
|move|p1b: Scrafty|Close Combat|p2b: Sneasler
|-resisted|p2b: Sneasler|1
|-damage|p2b: Sneasler|31/100
|-unboost|p1b: Scrafty|def|1
|-unboost|p1b: Scrafty|spd|1
|move|p1a: Farigiraf|Psychic|p2a: Palafin
|-damage|p2a: Palafin|50/100g
|-unboost|p2a: Palafin|spd|1
|move|p2a: Palafin|Wave Crash|p1a: Farigiraf
|-damage|p1a: Farigiraf|15/100
|-enditem|p1a: Farigiraf|Sitrus Berry|[eat]
|-heal|p1a: Farigiraf|40/100|[from] item: Sitrus Berry
|-damage|p2a: Palafin|26/100|[from] Recoil
|-enditem|p2a: Palafin|Sitrus Berry|[eat]
|-heal|p2a: Palafin|50/100g|[from] item: Sitrus Berry
|
|-weather|Sandstorm|[upkeep]
|-damage|p1b: Scrafty|82/100|[from] Sandstorm
|-damage|p1a: Farigiraf|34/100|[from] Sandstorm
|-damage|p2a: Palafin|44/100|[from] Sandstorm
|-damage|p2b: Sneasler|25/100|[from] Sandstorm
|upkeep
|turn|5
|inactive|DDO15 has 30 seconds left.
|
|t:|1783303150
|switch|p2a: Tyranitar|Tyranitar, L50, M|100/100
|move|p1b: Scrafty|Poison Jab|p2a: Tyranitar
|-resisted|p2a: Tyranitar|1
|-damage|p2a: Tyranitar|86/100
|move|p1a: Farigiraf|Psychic|p2a: Tyranitar
|-immune|p2a: Tyranitar
|move|p2b: Sneasler|Close Combat|p1b: Scrafty
|-supereffective|p1b: Scrafty|1
|-damage|p1b: Scrafty|0 fnt
|-unboost|p2b: Sneasler|def|1
|-unboost|p2b: Sneasler|spd|1
|faint|p1b: Scrafty
|
|-weather|Sandstorm|[upkeep]
|-damage|p1a: Farigiraf|28/100|[from] Sandstorm
|-damage|p2b: Sneasler|19/100|[from] Sandstorm
|-fieldend|move: Trick Room
|upkeep
|
|t:|1783303162
|switch|p1b: Torkoal|Torkoal, L50, F|100/100
|-weather|SunnyDay|[from] ability: Drought|[of] p1b: Torkoal
|turn|6
|
|t:|1783303172
|detailschange|p2a: Tyranitar|Tyranitar-Mega, L50, M
|-mega|p2a: Tyranitar|Tyranitar|Tyranitarite
|-weather|Sandstorm|[from] ability: Sand Stream|[of] p2a: Tyranitar
|move|p2b: Sneasler|Close Combat|p1a: Farigiraf
|-damage|p1a: Farigiraf|0 fnt
|-unboost|p2b: Sneasler|def|1
|-unboost|p2b: Sneasler|spd|1
|faint|p1a: Farigiraf
|move|p2a: Tyranitar|Rock Slide|p1b: Torkoal
|-supereffective|p1b: Torkoal|1
|-crit|p1b: Torkoal
|-damage|p1b: Torkoal|0 fnt
|faint|p1b: Torkoal
|
|-weather|Sandstorm|[upkeep]
|-damage|p2b: Sneasler|13/100|[from] Sandstorm
|upkeep
|
|t:|1783303179
|switch|p1b: Sylveon|Sylveon, L50, F|100/100
|turn|7
|
|t:|1783303196
|move|p2b: Sneasler|Dire Claw|p1b: Sylveon
|-supereffective|p1b: Sylveon|1
|-damage|p1b: Sylveon|6/100
|-status|p1b: Sylveon|slp
|move|p2a: Tyranitar|Dragon Dance|p2a: Tyranitar
|-boost|p2a: Tyranitar|atk|1
|-boost|p2a: Tyranitar|spe|1
|cant|p1b: Sylveon|slp
|
|-weather|Sandstorm|[upkeep]
|-damage|p2b: Sneasler|7/100|[from] Sandstorm
|-damage|p1b: Sylveon|1/100 slp|[from] Sandstorm
|upkeep
|turn|8
|
|t:|1783303204
|move|p2a: Tyranitar|Crunch|p1b: Sylveon
|-resisted|p1b: Sylveon|1
|-damage|p1b: Sylveon|0 fnt
|faint|p1b: Sylveon
|
|win|DDO15
|raw|sweetlysunny's rating: 1085 → 1067(-18 for losing)
|raw|DDO15's rating: 1165 → 1184(+19 for winning)
|c|☆DDO15|gg
|c|☆sweetlysunny|gg
