|j|☆sbhaga34
|j|☆Lucario191
|html|sbhaga34Lucario191    
|uhtml|bestof|Game 1 of a best-of-3
|t:|1784665952
|gametype|doubles
|player|p1|sbhaga34|hugh|1302
|player|p2|Lucario191|steven|1215
|gen|9
|tier|[Gen 9 Champions] VGC 2026 Reg M-B (Bo3)
|rated|
|rule|Species Clause: Limit one of each Pokémon
|rule|Item Clause: Limit 1 of each item
|clearpoke
|poke|p1|Excadrill, L50, F|
|poke|p1|Tyranitar, L50, M|
|poke|p1|Corviknight, L50, F|
|poke|p1|Rotom-Wash, L50|
|poke|p1|Chandelure, L50, M|
|poke|p1|Scovillain, L50, M|
|poke|p2|Charizard, L50, M, shiny|
|poke|p2|Whimsicott, L50, M, shiny|
|poke|p2|Excadrill, L50, F, shiny|
|poke|p2|Incineroar, L50, F, shiny|
|poke|p2|Kingambit, L50, M, shiny|
|poke|p2|Gyarados, L50, F, shiny|
|teampreview|4
|showteam|p1|Excadrill||FocusSash|SandRush|Earthquake,IronHead,SwordsDance,Protect|Adamant||F|||50|]Tyranitar||Tyranitarite|SandStream|RockSlide,KnockOff,LowKick,Protect|Adamant||M|||50|]Corviknight||SharpBeak|MirrorArmor|BraveBird,Tailwind,BulkUp,Roost|Careful||F|||50|]Rotom-Wash||ChoiceScarf|Levitate|VoltSwitch,Thunderbolt,Electroweb,HydroPump|Timid|||||50|]Chandelure||ShucaBerry|FlashFire|HeatWave,ShadowBall,TrickRoom,Protect|Modest||M|||50|]Scovillain||Scovillainite|Chlorophyll|RagePowder,Overheat,GigaDrain,Protect|Calm||M|||50|
|showteam|p2|Charizard||CharizarditeY|SolarPower|SolarBeam,HeatWave,ScorchingSands,Protect|Modest||M|||50|]Whimsicott||FocusSash|Prankster|Moonblast,Encore,FakeTears,Tailwind|Serious||M|||50|]Excadrill||Excadrite|MoldBreaker|Protect,IronHead,HighHorsepower,RockSlide|Adamant||F|||50|]Incineroar||SitrusBerry|Intimidate|FakeOut,FlareBlitz,DarkestLariat,PartingShot|Adamant||F|||50|]Kingambit||BlackGlasses|Defiant|SwordsDance,KowtowCleave,IronHead,SuckerPunch|Brave||M|||50|]Gyarados||MysticWater|Intimidate|DragonDance,Waterfall,Crunch,IronHead|Adamant||F|||50|
|inactive|Battle timer is ON: inactive players will automatically lose when time's up. (requested by Lucario191)
|inactive|sbhaga34 has 60 seconds left.
|
|t:|1784666011
|teamsize|p1|4
|teamsize|p2|4
|start
|switch|p1a: Scovillain|Scovillain, L50, M|100/100
|switch|p1b: Chandelure|Chandelure, L50, M|100/100
|switch|p2a: Excadrill|Excadrill, L50, F, shiny|100/100
|switch|p2b: Whimsicott|Whimsicott, L50, M, shiny|100/100
|-ability|p2a: Excadrill|Mold Breaker
|turn|1
|inactive|sbhaga34 has 30 seconds left.
|inactive|Lucario191 has 30 seconds left.
|inactive|Lucario191 has 20 seconds left.
|inactive|Lucario191 has 15 seconds left.
|
|t:|1784666055
|switch|p2a: Incineroar|Incineroar, L50, F, shiny|100/100
|-ability|p2a: Incineroar|Intimidate|boost
|-unboost|p1a: Scovillain|atk|1
|-unboost|p1b: Chandelure|atk|1
|detailschange|p1a: Scovillain|Scovillain-Mega, L50, M
|-mega|p1a: Scovillain|Scovillain|Scovillainite
|move|p2b: Whimsicott|Fake Tears|p1a: Scovillain
|-unboost|p1a: Scovillain|spd|2
|move|p1a: Scovillain|Overheat|p2a: Incineroar|[miss]
|-miss|p1a: Scovillain|p2a: Incineroar
|move|p1b: Chandelure|Trick Room|p1b: Chandelure
|-fieldstart|move: Trick Room|[of] p1b: Chandelure
|
|upkeep
|turn|2
|
|t:|1784666077
|switch|p1b: Tyranitar|Tyranitar, L50, M|100/100
|-weather|Sandstorm|[from] ability: Sand Stream|[of] p1b: Tyranitar
|move|p2a: Incineroar|Fake Out|p1a: Scovillain
|-damage|p1a: Scovillain|86/100
|-immune|p2a: Incineroar
|move|p2b: Whimsicott|Encore|p1b: Tyranitar
|-hint|Since gen 7, Dark is immune to Prankster moves.
|-immune|p1b: Tyranitar
|cant|p1a: Scovillain|flinch
|
|-weather|Sandstorm|[upkeep]
|-damage|p2a: Incineroar|94/100|[from] Sandstorm
|-damage|p1a: Scovillain|80/100|[from] Sandstorm
|-damage|p2b: Whimsicott|94/100|[from] Sandstorm
|upkeep
|turn|3
|inactive|Lucario191 has 30 seconds left.
|inactive|Lucario191 has 20 seconds left.
|
|t:|1784666115
|move|p2a: Incineroar|Parting Shot|p1b: Tyranitar
|-unboost|p1b: Tyranitar|atk|1
|-unboost|p1b: Tyranitar|spa|1
|
|t:|1784666119
|switch|p2a: Excadrill|Excadrill, L50, F, shiny|100/100|[from] Parting Shot
|-ability|p2a: Excadrill|Mold Breaker
|move|p1a: Scovillain|Overheat|p2b: Whimsicott
|-supereffective|p2b: Whimsicott|1
|-damage|p2b: Whimsicott|0 fnt
|-unboost|p1a: Scovillain|spa|2
|faint|p2b: Whimsicott
|move|p1b: Tyranitar|Rock Slide|p2a: Excadrill
|-resisted|p2a: Excadrill|2
|-damage|p2a: Excadrill|91/100
|
|-weather|Sandstorm|[upkeep]
|-damage|p1a: Scovillain|74/100|[from] Sandstorm
|upkeep
|
|t:|1784666140
|switch|p2b: Charizard|Charizard, L50, M, shiny|100/100
|turn|4
|
|t:|1784666158
|move|p2a: Excadrill|Protect|p2a: Excadrill
|-singleturn|p2a: Excadrill|Protect
|move|p2b: Charizard|Protect|p2b: Charizard
|-singleturn|p2b: Charizard|Protect
|move|p1a: Scovillain|Overheat|p2a: Excadrill
|-activate|p2a: Excadrill|move: Protect
|move|p1b: Tyranitar|Rock Slide|p2b: Charizard|[spread] 
|-activate|p2a: Excadrill|move: Protect
|-activate|p2b: Charizard|move: Protect
|
|-weather|Sandstorm|[upkeep]
|-damage|p1a: Scovillain|68/100|[from] Sandstorm
|-damage|p2b: Charizard|94/100|[from] Sandstorm
|upkeep
|turn|5
|
|t:|1784666174
|switch|p1b: Chandelure|Chandelure, L50, M|100/100
|detailschange|p2b: Charizard|Charizard-Mega-Y, L50, M, shiny
|-mega|p2b: Charizard|Charizard|Charizardite Y
|-weather|SunnyDay|[from] ability: Drought|[of] p2b: Charizard
|move|p1a: Scovillain|Overheat|p2a: Excadrill
|-supereffective|p2a: Excadrill|1
|-damage|p2a: Excadrill|0 fnt
|-unboost|p1a: Scovillain|spa|2
|faint|p2a: Excadrill
|move|p2b: Charizard|Heat Wave|p1a: Scovillain|[spread] p1a
|-start|p1b: Chandelure|ability: Flash Fire
|-damage|p1a: Scovillain|0 fnt
|-immune|p2b: Charizard
|faint|p1a: Scovillain
|
|-weather|SunnyDay|[upkeep]
|-fieldend|move: Trick Room
|upkeep
|
|t:|1784666196
|switch|p2a: Incineroar|Incineroar, L50, F, shiny|94/100
|switch|p1a: Excadrill|Excadrill, L50, F|100/100
|-ability|p2a: Incineroar|Intimidate|boost
|-unboost|p1a: Excadrill|atk|1
|-unboost|p1b: Chandelure|atk|1
|turn|6
|
|t:|1784666209
|move|p1a: Excadrill|Protect|p1a: Excadrill
|-singleturn|p1a: Excadrill|Protect
|move|p2a: Incineroar|Fake Out|p1a: Excadrill
|-activate|p1a: Excadrill|move: Protect
|move|p2b: Charizard|Scorching Sands|p1b: Chandelure
|-supereffective|p1b: Chandelure|1
|-crit|p1b: Chandelure
|-enditem|p1b: Chandelure|Shuca Berry|[eat]
|-enditem|p1b: Chandelure|Shuca Berry|[weaken]
|-damage|p1b: Chandelure|42/100
|move|p1b: Chandelure|Heat Wave|p2a: Incineroar|[spread] p2b
|-miss|p1b: Chandelure|p2a: Incineroar
|-resisted|p2b: Charizard|1
|-damage|p2b: Charizard|49/100
|
|-weather|SunnyDay|[upkeep]
|upkeep
|turn|7
|inactive|Lucario191 has 30 seconds left.
|
|t:|1784666234
|switch|p1a: Tyranitar|Tyranitar, L50, M|100/100
|-weather|Sandstorm|[from] ability: Sand Stream|[of] p1a: Tyranitar
|move|p2b: Charizard|Solar Beam||[still]
|-prepare|p2b: Charizard|Solar Beam
|move|p1b: Chandelure|Shadow Ball|p2b: Charizard
|-damage|p2b: Charizard|0 fnt
|faint|p2b: Charizard
|move|p2a: Incineroar|Flare Blitz|p1a: Tyranitar
|-resisted|p1a: Tyranitar|1
|-damage|p1a: Tyranitar|78/100
|-damage|p2a: Incineroar|86/100|[from] Recoil
|
|-weather|Sandstorm|[upkeep]
|-damage|p1b: Chandelure|36/100|[from] Sandstorm
|-damage|p2a: Incineroar|80/100|[from] Sandstorm
|upkeep
|turn|8
|
|t:|1784666245
|move|p1b: Chandelure|Shadow Ball|p2a: Incineroar
|-resisted|p2a: Incineroar|1
|-damage|p2a: Incineroar|61/100
|move|p1a: Tyranitar|Rock Slide|p2a: Incineroar
|-supereffective|p2a: Incineroar|1
|-damage|p2a: Incineroar|0 fnt
|faint|p2a: Incineroar
|
|win|sbhaga34
