|j|â˜†RamonTheKiller
|j|â˜†fdaza
|html|RamonTheKillerfdaza    
|uhtml|bestof|Game 2 of a best-of-3
|t:|1757689182
|gametype|doubles
|player|p1|RamonTheKiller|palmer|1258
|player|p2|fdaza|steven|1312
|gen|9
|tier|[Gen 9] VGC 2025 Reg H (Bo3)
|rated|
|rule|Species Clause: Limit one of each PokÃ©mon
|rule|Item Clause: Limit 1 of each item
|clearpoke
|poke|p1|Ninetales-Alola, L50, F|
|poke|p1|Archaludon, L50, F|
|poke|p1|Annihilape, L50, M|
|poke|p1|Arcanine-Hisui, L50, F|
|poke|p1|Rillaboom, L50, F|
|poke|p1|Electabuzz, L50, M|
|poke|p2|Gholdengo, L50|
|poke|p2|Sneasler, L50, M|
|poke|p2|Incineroar, L50, M|
|poke|p2|Weezing, L50, M|
|poke|p2|Toedscruel, L50, F|
|poke|p2|Slaking, L50, M|
|teampreview|4
|showteam|p1|Ninetales-Alola||FocusSash|SnowWarning|Blizzard,Protect,AuroraVeil,Encore|||F|||50|,,,,,Ghost]Archaludon||PowerHerb|Sturdy|ElectroShot,DragonPulse,Protect,FlashCannon|||F|||50|,,,,,Electric]Annihilape||SafetyGoggles|Defiant|DrainPunch,RageFist,Protect,BulkUp|||M|||50|,,,,,Fire]Arcanine-Hisui||ChoiceBand|Intimidate|FlareBlitz,RockSlide,ExtremeSpeed,TeraBlast|||F|||50|,,,,,Fairy]Rillaboom||AssaultVest|GrassySurge|GrassyGlide,FakeOut,WoodHammer,Uturn|||F|||50|,,,,,Fire]Electabuzz||Eviolite|VitalSpirit|Electroweb,FollowMe,Protect,Taunt|||M|||50|,,,,,Dragon
|showteam|p2|Gholdengo||ChoiceSpecs|GoodasGold|MakeItRain,ShadowBall,Thunderbolt,PowerGem||||||50|,,,,,Water]Sneasler||FocusSash|PoisonTouch|ThroatChop,DireClaw,CloseCombat,Protect|||M|||50|,,,,,Stellar]Incineroar||AbilityShield|Intimidate|FakeOut,FlareBlitz,KnockOff,PartingShot|||M|||50|,,,,,Ghost]Weezing||Leftovers|NeutralizingGas|Haze,SludgeBomb,Protect,WillOWisp|||M|||50|,,,,,Flying]Toedscruel||CovertCloak|MyceliumMight|RagePowder,EarthPower,Taunt,Spore|||F|||50|,,,,,Water]Slaking||ChoiceBand|Truant|DoubleEdge,HighHorsepower,SuckerPunch,PlayRough|||M|||50|,,,,,Ghost
|c|â˜†RamonTheKiller|Ese weezing aqui es muy mamon
|l|â˜†fdaza
|player|p2|
|c|â˜†RamonTheKiller|En reg G era mÃ¡s manejable porque habÃ­an mas cosas que lo mataban rÃ¡pido
|j|â˜†fdaza
|player|p2|fdaza|steven|
|c|â˜†fdaza|Jajaja claro
|c|â˜†fdaza|Pero aqui da mejor rezultado
|
|t:|1757689293
|teamsize|p1|4
|teamsize|p2|4
|start
|switch|p1a: Annihilape|Annihilape, L50, M|100/100
|switch|p1b: Archaludon|Archaludon, L50, F|100/100
|switch|p2a: Weezing|Weezing, L50, M, shiny|100/100
|switch|p2b: Slaking|Slaking, L50, M, shiny|100/100
|-ability|p2a: Weezing|Neutralizing Gas
|turn|1
|
|t:|1757689310
|move|p1a: Annihilape|Protect|p1a: Annihilape
|-singleturn|p1a: Annihilape|Protect
|move|p1b: Archaludon|Protect|p1b: Archaludon
|-singleturn|p1b: Archaludon|Protect
|move|p2a: Weezing|Protect|p2a: Weezing
|-singleturn|p2a: Weezing|Protect
|move|p2b: Slaking|Play Rough|p1a: Annihilape
|-activate|p1a: Annihilape|move: Protect
|
|upkeep
|turn|2
|
|t:|1757689333
|switch|p2b: Incineroar|Incineroar, L50, M, shiny|100/100
|-ability|p2b: Incineroar|Intimidate|boost
|-unboost|p1a: Annihilape|atk|1
|-unboost|p1b: Archaludon|atk|1
|-end|p2a: Weezing|ability: Neutralizing Gas
|switch|p2a: Sneasler|Sneasler, L50, M|100/100
|-terastallize|p1a: Annihilape|Fire
|move|p1a: Annihilape|Rage Fist|p2a: Sneasler
|-damage|p2a: Sneasler|75/100
|move|p1b: Archaludon|Electro Shot||[still]
|-prepare|p1b: Archaludon|Electro Shot
|-boost|p1b: Archaludon|spa|1
|-enditem|p1b: Archaludon|Power Herb
|-anim|p1b: Archaludon|Electro Shot|p2a: Sneasler
|-damage|p2a: Sneasler|0 fnt
|faint|p2a: Sneasler
|
|upkeep
|
|t:|1757689351
|switch|p2a: Weezing|Weezing, L50, M, shiny|100/100
|-ability|p2a: Weezing|Neutralizing Gas
|-block|p2b: Incineroar|item: Ability Shield
|turn|3
|
|t:|1757689371
|move|p1a: Annihilape|Bulk Up|p1a: Annihilape
|-boost|p1a: Annihilape|atk|1
|-boost|p1a: Annihilape|def|1
|move|p1b: Archaludon|Electro Shot||[still]
|-prepare|p1b: Archaludon|Electro Shot
|-boost|p1b: Archaludon|spa|1
|move|p2a: Weezing|Sludge Bomb|p1a: Annihilape
|-damage|p1a: Annihilape|75/100
|move|p2b: Incineroar|Parting Shot|p1b: Archaludon
|-unboost|p1b: Archaludon|atk|1
|-unboost|p1b: Archaludon|spa|1
|
|t:|1757689381
|switch|p2b: Slaking|Slaking, L50, M, shiny|100/100|[from] Parting Shot
|
|upkeep
|turn|4
|
|t:|1757689393
|-terastallize|p2b: Slaking|Ghost
|move|p2a: Weezing|Protect|p2a: Weezing
|-singleturn|p2a: Weezing|Protect
|move|p1a: Annihilape|Bulk Up|p1a: Annihilape
|-boost|p1a: Annihilape|atk|1
|-boost|p1a: Annihilape|def|1
|move|p1b: Archaludon|Electro Shot|p2a: Weezing|[from] lockedmove
|-activate|p2a: Weezing|move: Protect
|move|p2b: Slaking|High Horsepower|p1b: Archaludon
|-supereffective|p1b: Archaludon
|-damage|p1b: Archaludon|0 fnt
|faint|p1b: Archaludon
|
|upkeep
|
|t:|1757689416
|switch|p1b: Electabuzz|Electabuzz, L50, M|100/100
|turn|5
|
|t:|1757689430
|switch|p2b: Incineroar|Incineroar, L50, M, shiny|100/100
|-ability|p2b: Incineroar|Intimidate|boost
|-unboost|p1a: Annihilape|atk|1
|-unboost|p1b: Electabuzz|atk|1
|move|p1b: Electabuzz|Follow Me|p1b: Electabuzz
|-singleturn|p1b: Electabuzz|move: Follow Me
|move|p1a: Annihilape|Rage Fist|p2a: Weezing
|-damage|p2a: Weezing|72/100
|move|p2a: Weezing|Sludge Bomb|p1b: Electabuzz
|-damage|p1b: Electabuzz|80/100
|
|-heal|p2a: Weezing|78/100|[from] item: Leftovers
|upkeep
|turn|6
|
|t:|1757689471
|move|p1a: Annihilape|Bulk Up|p1a: Annihilape
|-boost|p1a: Annihilape|atk|1
|-boost|p1a: Annihilape|def|1
|move|p1b: Electabuzz|Taunt|p2a: Weezing
|-start|p2a: Weezing|move: Taunt
|move|p2a: Weezing|Sludge Bomb|p1b: Electabuzz
|-damage|p1b: Electabuzz|60/100
|move|p2b: Incineroar|Knock Off|p1a: Annihilape
|-damage|p1a: Annihilape|60/100
|-enditem|p1a: Annihilape|Safety Goggles|[from] move: Knock Off|[of] p2b: Incineroar
|
|-heal|p2a: Weezing|84/100|[from] item: Leftovers
|upkeep
|turn|7
|
|t:|1757689489
|move|p1a: Annihilape|Rage Fist|p2a: Weezing
|-damage|p2a: Weezing|15/100
|move|p1b: Electabuzz|Taunt|p2b: Incineroar
|-start|p2b: Incineroar|move: Taunt
|move|p2a: Weezing|Sludge Bomb|p1a: Annihilape
|-damage|p1a: Annihilape|33/100
|-status|p1a: Annihilape|psn
|cant|p2b: Incineroar|move: Taunt|Parting Shot
|
|-heal|p2a: Weezing|21/100|[from] item: Leftovers
|-damage|p1a: Annihilape|21/100 psn|[from] psn
|upkeep
|turn|8
|
|t:|1757689513
|switch|p2b: Slaking|Slaking, L50, M, shiny, tera:Ghost|100/100
|move|p1b: Electabuzz|Follow Me|p1b: Electabuzz
|-singleturn|p1b: Electabuzz|move: Follow Me
|move|p1a: Annihilape|Rage Fist|p2b: Slaking
|-supereffective|p2b: Slaking
|-damage|p2b: Slaking|0 fnt
|faint|p2b: Slaking
|move|p2a: Weezing|Sludge Bomb|p1b: Electabuzz
|-damage|p1b: Electabuzz|38/100
|-status|p1b: Electabuzz|psn
|
|-heal|p2a: Weezing|27/100|[from] item: Leftovers
|-damage|p1a: Annihilape|8/100 psn|[from] psn
|-damage|p1b: Electabuzz|25/100 psn|[from] psn
|-end|p2a: Weezing|move: Taunt
|upkeep
|
|t:|1757689528
|switch|p2b: Incineroar|Incineroar, L50, M, shiny|100/100
|-ability|p2b: Incineroar|Intimidate|boost
|-unboost|p1a: Annihilape|atk|1
|-unboost|p1b: Electabuzz|atk|1
|turn|9
|
|t:|1757689542
|move|p1b: Electabuzz|Protect|p1b: Electabuzz
|-singleturn|p1b: Electabuzz|Protect
|move|p2b: Incineroar|Fake Out|p1a: Annihilape
|-damage|p1a: Annihilape|4/100 psn
|cant|p1a: Annihilape|flinch
|move|p2a: Weezing|Sludge Bomb|p1b: Electabuzz
|-activate|p1b: Electabuzz|move: Protect
|
|-heal|p2a: Weezing|34/100|[from] item: Leftovers
|-damage|p1a: Annihilape|0 fnt|[from] psn
|faint|p1a: Annihilape
|-damage|p1b: Electabuzz|13/100 psn|[from] psn
|upkeep
|
|t:|1757689557
|switch|p1a: Arcanine|Arcanine-Hisui, L50, F|100/100
|turn|10
|
|t:|1757689567
|move|p2a: Weezing|Protect|p2a: Weezing
|-singleturn|p2a: Weezing|Protect
|move|p1b: Electabuzz|Follow Me|p1b: Electabuzz
|-singleturn|p1b: Electabuzz|move: Follow Me
|move|p1a: Arcanine|Rock Slide|p2b: Incineroar|[spread] p2b
|-activate|p2a: Weezing|move: Protect
|-supereffective|p2b: Incineroar
|-damage|p2b: Incineroar|31/100
|cant|p2b: Incineroar|flinch
|
|-heal|p2a: Weezing|40/100|[from] item: Leftovers
|-damage|p1b: Electabuzz|1/100 psn|[from] psn
|upkeep
|turn|11
|
|t:|1757689585
|move|p1b: Electabuzz|Follow Me|p1b: Electabuzz
|-singleturn|p1b: Electabuzz|move: Follow Me
|move|p1a: Arcanine|Rock Slide|p2b: Incineroar|[spread] p2a,p2b
|-supereffective|p2b: Incineroar
|-damage|p2a: Weezing|12/100
|-damage|p2b: Incineroar|0 fnt
|faint|p2b: Incineroar
|cant|p2a: Weezing|flinch
|
|-heal|p2a: Weezing|18/100|[from] item: Leftovers
|-damage|p1b: Electabuzz|0 fnt|[from] psn
|faint|p1b: Electabuzz
|upkeep
|turn|12
|c|â˜†fdaza|buenaaa ajajaja
|c|â˜†RamonTheKiller|Gg mk
|c|â˜†RamonTheKiller|Esta jugando muy muy bien
|
|t:|1757689618
|move|p2a: Weezing|Protect|p2a: Weezing
|-singleturn|p2a: Weezing|Protect
|move|p1a: Arcanine|Rock Slide|p2a: Weezing
|-activate|p2a: Weezing|move: Protect
|
|-heal|p2a: Weezing|24/100|[from] item: Leftovers
|upkeep
|turn|13
|c|â˜†fdaza|Mk la cague en el g1
|c|â˜†RamonTheKiller|Con el dengo? Total mk
|l|â˜†fdaza
|player|p2|
|c|â˜†RamonTheKiller|Ese bicho era mejor guardarlo para cuando ya weezing no estuviera
|j|â˜†fdaza
|player|p2|fdaza|steven|
|
|t:|1757689680
|move|p1a: Arcanine|Rock Slide|p2a: Weezing
|-damage|p2a: Weezing|0 fnt
|faint|p2a: Weezing
|-end|p2a: Weezing|ability: Neutralizing Gas
|
|win|RamonTheKiller
|raw|RamonTheKiller's rating: 1258 → 1287(+29 for winning)
|raw|fdaza's rating: 1312 → 1289(-23 for losing)
|c|â˜†fdaza|Claro jajaa no me fije en la apertura y paila
