|j|☆pinkeyt569
|j|☆Black-Templars40
|html|pinkeyt569Black-Templars40    
|uhtml|bestof|Game 2 of a best-of-3
|t:|1756605881
|gametype|doubles
|player|p1|pinkeyt569|266|1100
|player|p2|Black-Templars40|plasmagrunt-gen5bw|1000
|gen|9
|tier|[Gen 9] VGC 2025 Reg H (Bo3)
|rated|
|rule|Species Clause: Limit one of each Pokémon
|rule|Item Clause: Limit 1 of each item
|clearpoke
|poke|p1|Smeargle, L50, F|
|poke|p1|Dragonite, L50, F|
|poke|p1|Rillaboom, L50, M|
|poke|p1|Kingambit, L50, M|
|poke|p1|Flamigo, L50, M|
|poke|p1|Farigiraf, L50, M|
|poke|p2|Sinistcha, L50|
|poke|p2|Archaludon, L50, F|
|poke|p2|Pelipper, L50, F|
|poke|p2|Electabuzz, L50, F|
|poke|p2|Arcanine-Hisui, L50, M|
|poke|p2|Araquanid, L50, M|
|teampreview|4
|showteam|p1|Smeargle||FocusSash|Moody|WideGuard,FollowMe,Spore,Decorate|||F|||50|,,,,,Ghost]Dragonite||LoadedDice|Multiscale|Protect,Tailwind,Haze,ScaleShot|||F|||50|,,,,,Fairy]Rillaboom||AssaultVest|GrassySurge|FakeOut,GrassyGlide,WoodHammer,HighHorsepower|||M|||50|,,,,,Fire]Kingambit||BlackGlasses|Defiant|Protect,SuckerPunch,KowtowCleave,IronHead|||M|||50|,,,,,Ghost]Flamigo||WhiteHerb|Costar|Protect,Acrobatics,CloseCombat,ThroatChop|||M|||50|,,,,,Steel]Farigiraf||SitrusBerry|ArmorTail|HyperVoice,Psychic,Imprison,TrickRoom|||M|||50|,,,,,Fairy
|showteam|p2|Sinistcha||SitrusBerry|Hospitality|RagePowder,MatchaGotcha,Scald,Protect||||||50|,,,,,Water]Archaludon||AssaultVest|Stalwart|ElectroShot,FlashCannon,DragonPulse,AuraSphere|||F|||50|,,,,,Steel]Pelipper||FocusSash|Drizzle|Tailwind,Hurricane,Uturn,HydroPump|||F|||50|,,,,,Water]Electabuzz||Eviolite|VitalSpirit|FollowMe,BrickBreak,Electroweb,Taunt|||F|||50|,,,,,Ghost]Arcanine-Hisui||PasshoBerry|Intimidate|RockSlide,FlareBlitz,WildCharge,Protect|||M|||50|,,,,,Fairy]Araquanid||ClearAmulet|WaterBubble|LeechLife,Liquidation,Protect,Crunch|||M|||50|,,,,,Water
|
|t:|1756605949
|teamsize|p1|4
|teamsize|p2|4
|start
|switch|p1a: Kingambit|Kingambit, L50, M|100/100
|switch|p1b: Smeargle|Smeargle, L50, F|100/100
|switch|p2a: Sinistcha|Sinistcha, L50|100/100
|switch|p2b: Araquanid|Araquanid, L50, M|100/100
|turn|1
|
|t:|1756605974
|move|p2a: Sinistcha|Rage Powder|p2a: Sinistcha
|-singleturn|p2a: Sinistcha|move: Rage Powder
|move|p1b: Smeargle|Decorate|p2a: Sinistcha
|-boost|p2a: Sinistcha|atk|2
|-boost|p2a: Sinistcha|spa|2
|move|p1a: Kingambit|Kowtow Cleave|p2a: Sinistcha
|-supereffective|p2a: Sinistcha
|-damage|p2a: Sinistcha|0 fnt
|faint|p2a: Sinistcha
|move|p2b: Araquanid|Liquidation|p1b: Smeargle
|-enditem|p1b: Smeargle|Focus Sash
|-damage|p1b: Smeargle|1/100
|
|-ability|p1b: Smeargle|Moody|boost
|-boost|p1b: Smeargle|spd|2
|-unboost|p1b: Smeargle|spe|1
|upkeep
|
|t:|1756605994
|switch|p2a: Pelipper|Pelipper, L50, F|100/100
|-weather|RainDance|[from] ability: Drizzle|[of] p2a: Pelipper
|turn|2
|
|t:|1756606027
|switch|p1b: Rillaboom|Rillaboom, L50, M|100/100
|-fieldstart|move: Grassy Terrain|[from] ability: Grassy Surge|[of] p1b: Rillaboom
|move|p2a: Pelipper|Tailwind|p2a: Pelipper
|-sidestart|p2: Black-Templars40|move: Tailwind
|move|p2b: Araquanid|Leech Life|p1b: Rillaboom
|-supereffective|p1b: Rillaboom
|-damage|p1b: Rillaboom|45/100
|move|p1a: Kingambit|Kowtow Cleave|p2b: Araquanid
|-damage|p2b: Araquanid|40/100
|
|-weather|RainDance|[upkeep]
|-heal|p2b: Araquanid|46/100|[from] Grassy Terrain
|-heal|p1b: Rillaboom|51/100|[from] Grassy Terrain
|upkeep
|turn|3
|
|t:|1756606049
|move|p2b: Araquanid|Protect|p2b: Araquanid
|-singleturn|p2b: Araquanid|Protect
|move|p1b: Rillaboom|Fake Out|p2a: Pelipper
|-damage|p2a: Pelipper|80/100
|move|p1a: Kingambit|Sucker Punch||[still]
|-fail|p1a: Kingambit
|cant|p2a: Pelipper|flinch
|
|-weather|RainDance|[upkeep]
|-heal|p2b: Araquanid|52/100|[from] Grassy Terrain
|-heal|p1b: Rillaboom|57/100|[from] Grassy Terrain
|upkeep
|turn|4
|
|t:|1756606075
|switch|p2b: Archaludon|Archaludon, L50, F|100/100
|move|p1b: Rillaboom|Grassy Glide|p2a: Pelipper
|-damage|p2a: Pelipper|28/100
|move|p1a: Kingambit|Sucker Punch|p2a: Pelipper
|-damage|p2a: Pelipper|0 fnt
|faint|p2a: Pelipper
|
|-weather|RainDance|[upkeep]
|-heal|p1b: Rillaboom|63/100|[from] Grassy Terrain
|upkeep
|
|t:|1756606085
|switch|p2a: Araquanid|Araquanid, L50, M|52/100
|turn|5
|
|t:|1756606101
|move|p1a: Kingambit|Protect|p1a: Kingambit
|-singleturn|p1a: Kingambit|Protect
|move|p1b: Rillaboom|Grassy Glide|p2a: Araquanid
|-damage|p2a: Araquanid|12/100
|move|p2b: Archaludon|Electro Shot||[still]
|-prepare|p2b: Archaludon|Electro Shot
|-boost|p2b: Archaludon|spa|1
|-anim|p2b: Archaludon|Electro Shot|p1a: Kingambit
|-activate|p1a: Kingambit|move: Protect
|move|p2a: Araquanid|Leech Life|p1b: Rillaboom
|-supereffective|p1b: Rillaboom
|-damage|p1b: Rillaboom|4/100
|-heal|p2a: Araquanid|46/100|[from] drain|[of] p1b: Rillaboom
|
|-weather|RainDance|[upkeep]
|-heal|p2a: Araquanid|51/100|[from] Grassy Terrain
|-heal|p1b: Rillaboom|10/100|[from] Grassy Terrain
|-sideend|p2: Black-Templars40|move: Tailwind
|upkeep
|turn|6
|
|t:|1756606161
|move|p1b: Rillaboom|Wood Hammer|p2a: Araquanid
|-damage|p2a: Araquanid|0 fnt
|faint|p2a: Araquanid
|-damage|p1b: Rillaboom|0 fnt|[from] Recoil
|faint|p1b: Rillaboom
|move|p2b: Archaludon|Electro Shot||[still]
|-prepare|p2b: Archaludon|Electro Shot
|-boost|p2b: Archaludon|spa|1
|-anim|p2b: Archaludon|Electro Shot|p1a: Kingambit
|-damage|p1a: Kingambit|15/100
|move|p1a: Kingambit|Kowtow Cleave|p2b: Archaludon
|-damage|p2b: Archaludon|51/100
|
|-weather|none
|-heal|p2b: Archaludon|57/100|[from] Grassy Terrain
|-heal|p1a: Kingambit|21/100|[from] Grassy Terrain
|-fieldend|move: Grassy Terrain
|upkeep
|
|t:|1756606165
|switch|p1b: Flamigo|Flamigo, L50, M|100/100
|-copyboost|p1b: Flamigo|p1a: Kingambit|[from] ability: Costar
|turn|7
|
|t:|1756606183
|move|p1b: Flamigo|Protect|p1b: Flamigo
|-singleturn|p1b: Flamigo|Protect
|move|p2b: Archaludon|Aura Sphere|p1a: Kingambit
|-supereffective|p1a: Kingambit
|-crit|p1a: Kingambit
|-damage|p1a: Kingambit|0 fnt
|faint|p1a: Kingambit
|
|upkeep
|
|t:|1756606189
|switch|p1a: Smeargle|Smeargle, L50, F|1/100
|turn|8
|
|t:|1756606200
|move|p1a: Smeargle|Follow Me|p1a: Smeargle
|-singleturn|p1a: Smeargle|move: Follow Me
|move|p1b: Flamigo|Close Combat|p2b: Archaludon
|-supereffective|p2b: Archaludon
|-damage|p2b: Archaludon|0 fnt
|-unboost|p1b: Flamigo|def|1
|-unboost|p1b: Flamigo|spd|1
|faint|p2b: Archaludon
|-enditem|p1b: Flamigo|White Herb
|-clearnegativeboost|p1b: Flamigo|[silent]
|
|win|pinkeyt569
||pinkeyt569 is ready for game 3.
||Black-Templars40 is ready for game 3.
|uhtml|next|Next: Game 3 of 3
|l|☆Black-Templars40
|player|p2|
