|j|☆scawy monsta
|j|☆mikelpoyarzabal
|html|scawy monstamikelpoyarzabal    
|uhtml|bestof|Game 2 of a best-of-3
|t:|1785275250
|gametype|doubles
|player|p1|scawy monsta|roxie|1361
|player|p2|mikelpoyarzabal|morty|1264
|gen|9
|tier|[Gen 9 Champions] VGC 2026 Reg M-B (Bo3)
|rated|
|rule|Species Clause: Limit one of each Pokémon
|rule|Item Clause: Limit 1 of each item
|clearpoke
|poke|p1|Staraptor, L50, F|
|poke|p1|Gholdengo, L50|
|poke|p1|Whimsicott, L50, F, shiny|
|poke|p1|Samurott-Hisui, L50, M|
|poke|p1|Glimmora, L50, F|
|poke|p1|Blastoise, L50, M|
|poke|p2|Gengar, L50, F|
|poke|p2|Swampert, L50, M|
|poke|p2|Incineroar, L50, F|
|poke|p2|Politoed, L50, M|
|poke|p2|Archaludon, L50, F|
|poke|p2|Vivillon, L50, M|
|teampreview|4
|showteam|p1|Staraptor||Staraptite|Intimidate|CloseCombat,BraveBird,Roost,Protect|Jolly||F|||50|]Gholdengo||LifeOrb|GoodasGold|MakeItRain,ShadowBall,NastyPlot,Protect|Modest|||||50|]Whimsicott||FocusSash|Prankster|Tailwind,Encore,Protect,Moonblast|Timid||F|||50|]Samurott-Hisui||BlackGlasses|Sharpness|NightSlash,SuckerPunch,SacredSword,Protect|Adamant||M|||50|]Glimmora||ExpertBelt|ToxicDebris|PowerGem,EarthPower,SludgeBomb,SpikyShield|Timid||F|||50|]Blastoise||Blastoisinite|Torrent|WaterSpout,WaterPulse,DarkPulse,Protect|Modest||M|||50|
|showteam|p2|Gengar||Gengarite|CursedBody|ShadowBall,SludgeBomb,Protect,PerishSong|Timid||F|||50|]Swampert||Swampertite|Torrent|WaveCrash,Earthquake,IcePunch,Protect|Adamant||M|||50|]Incineroar||PasshoBerry|Intimidate|ThroatChop,PartingShot,FakeOut,Protect|Sassy||F|||50|]Politoed||SitrusBerry|Drizzle|WeatherBall,PerishSong,Encore,Protect|Calm||M|||50|]Archaludon||Leftovers|Stamina|DragonPulse,FlashCannon,ElectroShot,Protect|Bold||F|||50|]Vivillon||FocusSash|CompoundEyes|Hurricane,SleepPowder,RagePowder,Protect|Timid||M|||50|
|inactive|Battle timer is ON: inactive players will automatically lose when time's up. (requested by mikelpoyarzabal)
|inactive|scawy monsta also wants the timer to be on.
|
|t:|1785275280
|teamsize|p1|4
|teamsize|p2|4
|start
|switch|p1a: Staraptor|Staraptor, L50, F|100/100
|switch|p1b: Whimsicott|Whimsicott, L50, F, shiny|100/100
|switch|p2a: Swampert|Swampert, L50, M|100/100
|switch|p2b: Vivillon|Vivillon, L50, M|100/100
|-ability|p1a: Staraptor|Intimidate|boost
|-unboost|p2a: Swampert|atk|1
|-unboost|p2b: Vivillon|atk|1
|turn|1
|
|t:|1785275293
|switch|p2b: Archaludon|Archaludon, L50, F|100/100
|detailschange|p1a: Staraptor|Staraptor-Mega, L50, F
|-mega|p1a: Staraptor|Staraptor|Staraptite
|detailschange|p2a: Swampert|Swampert-Mega, L50, M
|-mega|p2a: Swampert|Swampert|Swampertite
|move|p1b: Whimsicott|Tailwind|p1b: Whimsicott
|-sidestart|p1: scawy monsta|move: Tailwind
|move|p1a: Staraptor|Close Combat|p2a: Swampert
|-damage|p2a: Swampert|46/100
|-boost|p1a: Staraptor|def|1
|-boost|p1a: Staraptor|spd|1
|move|p2a: Swampert|Ice Punch|p1b: Whimsicott
|-supereffective|p1b: Whimsicott|1
|-damage|p1b: Whimsicott|37/100
|
|upkeep
|turn|2
|
|t:|1785275314
|switch|p2a: Vivillon|Vivillon, L50, M|100/100
|move|p1b: Whimsicott|Moonblast|p2b: Archaludon
|-damage|p2b: Archaludon|65/100
|-ability|p2b: Archaludon|Stamina|boost
|-boost|p2b: Archaludon|def|1
|move|p1a: Staraptor|Close Combat|p2b: Archaludon
|-supereffective|p2b: Archaludon|1
|-damage|p2b: Archaludon|16/100
|-boost|p1a: Staraptor|def|1
|-boost|p1a: Staraptor|spd|1
|-ability|p2b: Archaludon|Stamina|boost
|-boost|p2b: Archaludon|def|1
|move|p2b: Archaludon|Flash Cannon|p1b: Whimsicott
|-supereffective|p1b: Whimsicott|1
|-damage|p1b: Whimsicott|0 fnt
|faint|p1b: Whimsicott
|
|-heal|p2b: Archaludon|22/100|[from] item: Leftovers
|upkeep
|
|t:|1785275321
|switch|p1b: Gholdengo|Gholdengo, L50|100/100
|turn|3
|
|t:|1785275330
|move|p2a: Vivillon|Protect|p2a: Vivillon
|-singleturn|p2a: Vivillon|Protect
|move|p2b: Archaludon|Protect|p2b: Archaludon
|-singleturn|p2b: Archaludon|Protect
|move|p1a: Staraptor|Brave Bird|p2a: Vivillon
|-activate|p2a: Vivillon|move: Protect
|move|p1b: Gholdengo|Make It Rain|p2b: Archaludon|[spread] 
|-activate|p2a: Vivillon|move: Protect
|-activate|p2b: Archaludon|move: Protect
|
|-heal|p2b: Archaludon|28/100|[from] item: Leftovers
|upkeep
|turn|4
|
|t:|1785275343
|switch|p2a: Politoed|Politoed, L50, M|100/100
|-weather|RainDance|[from] ability: Drizzle|[of] p2a: Politoed
|move|p1a: Staraptor|Brave Bird|p2a: Politoed
|-damage|p2a: Politoed|45/100
|-enditem|p2a: Politoed|Sitrus Berry|[eat]
|-heal|p2a: Politoed|70/100|[from] item: Sitrus Berry
|-damage|p1a: Staraptor|79/100|[from] Recoil
|move|p1b: Gholdengo|Shadow Ball|p2b: Archaludon
|-damage|p2b: Archaludon|0 fnt
|faint|p2b: Archaludon
|-damage|p1b: Gholdengo|90/100|[from] item: Life Orb
|
|-weather|RainDance|[upkeep]
|-sideend|p1: scawy monsta|move: Tailwind
|upkeep
|
|t:|1785275359
|switch|p2b: Vivillon|Vivillon, L50, M|100/100
|turn|5
|
|t:|1785275365
|move|p1a: Staraptor|Close Combat|p2b: Vivillon
|-resisted|p2b: Vivillon|2
|-damage|p2b: Vivillon|67/100
|-boost|p1a: Staraptor|def|1
|-boost|p1a: Staraptor|spd|1
|move|p2b: Vivillon|Sleep Powder|p1a: Staraptor
|-status|p1a: Staraptor|slp|[from] move: Sleep Powder
|move|p1b: Gholdengo|Make It Rain|p2a: Politoed|[spread] p2a,p2b
|-resisted|p2a: Politoed|1
|-damage|p2a: Politoed|42/100
|-damage|p2b: Vivillon|0 fnt
|-unboost|p1b: Gholdengo|spa|2
|faint|p2b: Vivillon
|-damage|p1b: Gholdengo|80/100|[from] item: Life Orb
|move|p2a: Politoed|Weather Ball|p1b: Gholdengo
|-damage|p1b: Gholdengo|28/100
|
|-weather|RainDance|[upkeep]
|upkeep
|
|t:|1785275370
|switch|p2b: Swampert|Swampert-Mega, L50, M|46/100
|turn|6
|
|t:|1785275390
|move|p2b: Swampert|Ice Punch|p1a: Staraptor
|-supereffective|p1a: Staraptor|1
|-damage|p1a: Staraptor|53/100 slp
|cant|p1a: Staraptor|slp
|move|p1b: Gholdengo|Shadow Ball|p2a: Politoed
|-damage|p2a: Politoed|18/100
|-unboost|p2a: Politoed|spd|1
|-damage|p1b: Gholdengo|19/100|[from] item: Life Orb
|move|p2a: Politoed|Weather Ball|p1a: Staraptor
|-damage|p1a: Staraptor|32/100 slp
|
|-weather|RainDance|[upkeep]
|upkeep
|turn|7
|
|t:|1785275409
|move|p2a: Politoed|Protect|p2a: Politoed
|-singleturn|p2a: Politoed|Protect
|move|p2b: Swampert|Wave Crash|p1a: Staraptor
|-damage|p1a: Staraptor|0 fnt
|faint|p1a: Staraptor
|-damage|p2b: Swampert|36/100|[from] Recoil
|move|p1b: Gholdengo|Shadow Ball|p2a: Politoed
|-activate|p2a: Politoed|move: Protect
|
|-weather|RainDance|[upkeep]
|upkeep
|
|t:|1785275413
|switch|p1a: Samurott|Samurott-Hisui, L50, M|100/100
|turn|8
|
|t:|1785275426
|move|p1a: Samurott|Sucker Punch|p2b: Swampert
|-damage|p2b: Swampert|0 fnt
|faint|p2b: Swampert
|move|p1b: Gholdengo|Shadow Ball|p2a: Politoed
|-crit|p2a: Politoed
|-damage|p2a: Politoed|0 fnt
|faint|p2a: Politoed
|-damage|p1b: Gholdengo|9/100|[from] item: Life Orb
|
|win|scawy monsta
|raw|scawy monsta's rating: 1361 → 1376(+15 for winning)
|raw|mikelpoyarzabal's rating: 1264 → 1246(-18 for losing)
