|j|☆munjah 14
|j|☆Aquarior_testing2
|html|munjah 14Aquarior_testing2    
|uhtml|bestof|Game 2 of a best-of-3
|t:|1783268373
|gametype|doubles
|player|p1|munjah 14|101|1111
|player|p2|Aquarior_testing2|mustard-master|1089
|gen|9
|tier|[Gen 9 Champions] VGC 2026 Reg M-B (Bo3)
|rated|
|rule|Species Clause: Limit one of each Pokémon
|rule|Item Clause: Limit 1 of each item
|clearpoke
|poke|p1|Tyranitar, L50, M, shiny|
|poke|p1|Talonflame, L50, M, shiny|
|poke|p1|Sneasler, L50, M, shiny|
|poke|p1|Grimmsnarl, L50, M, shiny|
|poke|p1|Venusaur, L50, F, shiny|
|poke|p1|Rotom-Wash, L50, shiny|
|poke|p2|Kingambit, L50, F, shiny|
|poke|p2|Charizard, L50, F, shiny|
|poke|p2|Aerodactyl, L50, F, shiny|
|poke|p2|Farigiraf, L50, F, shiny|
|poke|p2|Garchomp, L50, F, shiny|
|poke|p2|Sylveon, L50, F, shiny|
|teampreview|4
|showteam|p1|Tyranitar||Tyranitarite|SandStream|DragonDance,RockSlide,KnockOff,Protect|Jolly||M|||50|]Talonflame||SharpBeak|GaleWings|Tailwind,FlareBlitz,BraveBird,Protect|Jolly||M|||50|]Sneasler||WhiteHerb|Unburden|FakeOut,CloseCombat,DireClaw,Protect|Jolly||M|||50|]Grimmsnarl||LightClay|Prankster|Reflect,LightScreen,PartingShot,FoulPlay|Careful||M|||50|]Venusaur||Venusaurite|Chlorophyll|SleepPowder,SludgeBomb,EnergyBall,Protect|Modest||F|||50|]Rotom-Wash||WideLens|Levitate|HydroPump,Thunderbolt,WillOWisp,VoltSwitch|Modest|||||50|
|showteam|p2|Kingambit||FocusSash|Defiant|KowtowCleave,SuckerPunch,IronHead,LowKick|Adamant||F|||50|]Charizard||CharizarditeY|Blaze|HeatWave,WeatherBall,SolarBeam,Protect|Serious||F|||50|]Aerodactyl||Aerodactylite|Unnerve|RockSlide,DualWingbeat,IceFang,Tailwind|Jolly||F|||50|]Farigiraf||SitrusBerry|ArmorTail|Psychic,Thunderbolt,TrickRoom,Protect|Bold||F|||50|]Garchomp||LifeOrb|RoughSkin|Earthquake,StompingTantrum,DragonClaw,Protect|Jolly||F|||50|]Sylveon||FairyFeather|Pixilate|HyperVoice,HyperBeam,QuickAttack,Detect|Modest||F|||50|
|inactive|Battle timer is ON: inactive players will automatically lose when time's up. (requested by Aquarior_testing2)
|
|t:|1783268395
|teamsize|p1|4
|teamsize|p2|4
|start
|switch|p1a: Rotom|Rotom-Wash, L50, shiny|100/100
|switch|p1b: Grimmsnarl|Grimmsnarl, L50, M, shiny|100/100
|switch|p2a: Farigiraf|Farigiraf, L50, F, shiny|100/100
|switch|p2b: Garchomp|Garchomp, L50, F, shiny|100/100
|turn|1
|
|t:|1783268408
|switch|p2b: Sylveon|Sylveon, L50, F, shiny|100/100
|move|p1b: Grimmsnarl|Reflect|p1b: Grimmsnarl
|-sidestart|p1: munjah 14|Reflect
|move|p1a: Rotom|Will-O-Wisp|p2b: Sylveon
|-status|p2b: Sylveon|brn
|move|p2a: Farigiraf|Trick Room|p2a: Farigiraf
|-fieldstart|move: Trick Room|[of] p2a: Farigiraf
|
|-damage|p2b: Sylveon|94/100 brn|[from] brn
|upkeep
|turn|2
|
|t:|1783268421
|move|p1b: Grimmsnarl|Light Screen|p1b: Grimmsnarl
|-sidestart|p1: munjah 14|move: Light Screen
|move|p2a: Farigiraf|Psychic|p1a: Rotom
|-crit|p1a: Rotom
|-damage|p1a: Rotom|49/100
|move|p2b: Sylveon|Hyper Voice|p1a: Rotom|[spread] p1a,p1b
|-supereffective|p1b: Grimmsnarl|1
|-crit|p1b: Grimmsnarl
|-damage|p1a: Rotom|19/100
|-damage|p1b: Grimmsnarl|0 fnt
|faint|p1b: Grimmsnarl
|move|p1a: Rotom|Thunderbolt|p2b: Sylveon
|-damage|p2b: Sylveon|60/100 brn
|
|-damage|p2b: Sylveon|54/100 brn|[from] brn
|upkeep
|
|t:|1783268433
|switch|p1b: Venusaur|Venusaur, L50, F, shiny|100/100
|turn|3
|
|t:|1783268449
|switch|p1a: Tyranitar|Tyranitar, L50, M, shiny|100/100
|-weather|Sandstorm|[from] ability: Sand Stream|[of] p1a: Tyranitar
|detailschange|p1b: Venusaur|Venusaur-Mega, L50, F, shiny
|-mega|p1b: Venusaur|Venusaur|Venusaurite
|move|p2a: Farigiraf|Psychic|p1b: Venusaur
|-supereffective|p1b: Venusaur|1
|-damage|p1b: Venusaur|63/100
|move|p2b: Sylveon|Hyper Voice|p1b: Venusaur|[spread] p1a,p1b
|-supereffective|p1a: Tyranitar|1
|-resisted|p1b: Venusaur|1
|-damage|p1a: Tyranitar|58/100
|-damage|p1b: Venusaur|50/100g
|move|p1b: Venusaur|Sludge Bomb|p2a: Farigiraf
|-damage|p2a: Farigiraf|60/100
|
|-weather|Sandstorm|[upkeep]
|-damage|p2a: Farigiraf|54/100|[from] Sandstorm
|-damage|p2b: Sylveon|48/100 brn|[from] Sandstorm
|-damage|p1b: Venusaur|44/100|[from] Sandstorm
|-damage|p2b: Sylveon|42/100 brn|[from] brn
|upkeep
|turn|4
|inactive|munjah 14 has 30 seconds left.
|
|t:|1783268480
|move|p1b: Venusaur|Protect|p1b: Venusaur
|-singleturn|p1b: Venusaur|Protect
|move|p2a: Farigiraf|Psychic|p1b: Venusaur
|-activate|p1b: Venusaur|move: Protect
|move|p2b: Sylveon|Hyper Voice|p1a: Tyranitar|[spread] p1a
|-activate|p1b: Venusaur|move: Protect
|-supereffective|p1a: Tyranitar|1
|-damage|p1a: Tyranitar|15/100
|move|p1a: Tyranitar|Rock Slide|p2b: Sylveon|[spread] p2a,p2b
|-damage|p2a: Farigiraf|28/100
|-damage|p2b: Sylveon|5/100 brn
|-enditem|p2a: Farigiraf|Sitrus Berry|[eat]
|-heal|p2a: Farigiraf|53/100|[from] item: Sitrus Berry
|
|-weather|Sandstorm|[upkeep]
|-damage|p2a: Farigiraf|47/100|[from] Sandstorm
|-damage|p2b: Sylveon|0 fnt|[from] Sandstorm
|-damage|p1b: Venusaur|38/100|[from] Sandstorm
|faint|p2b: Sylveon
|upkeep
|
|t:|1783268486
|switch|p2b: Garchomp|Garchomp, L50, F, shiny|100/100
|turn|5
|inactive|munjah 14 has 30 seconds left.
|
|t:|1783268514
|switch|p1b: Rotom|Rotom-Wash, L50, shiny|19/100
|move|p2b: Garchomp|Protect|p2b: Garchomp
|-singleturn|p2b: Garchomp|Protect
|move|p2a: Farigiraf|Psychic|p1b: Rotom
|-crit|p1b: Rotom
|-damage|p1b: Rotom|0 fnt
|faint|p1b: Rotom
|move|p1a: Tyranitar|Knock Off|p2b: Garchomp
|-activate|p2b: Garchomp|move: Protect
|
|-weather|Sandstorm|[upkeep]
|-damage|p2a: Farigiraf|41/100|[from] Sandstorm
|-fieldend|move: Trick Room
|upkeep
|
|t:|1783268526
|switch|p1b: Venusaur|Venusaur-Mega, L50, F, shiny|38/100
|turn|6
|
|t:|1783268544
|move|p2b: Garchomp|Stomping Tantrum|p1a: Tyranitar
|-supereffective|p1a: Tyranitar|1
|-damage|p1a: Tyranitar|0 fnt
|faint|p1a: Tyranitar
|-damage|p2b: Garchomp|90/100|[from] item: Life Orb
|move|p1b: Venusaur|Sleep Powder|p2b: Garchomp|[miss]
|-miss|p1b: Venusaur|p2b: Garchomp
|move|p2a: Farigiraf|Psychic|p1b: Venusaur
|-supereffective|p1b: Venusaur|1
|-damage|p1b: Venusaur|3/100
|-unboost|p1b: Venusaur|spd|1
|
|-weather|Sandstorm|[upkeep]
|-damage|p1b: Venusaur|0 fnt|[from] Sandstorm
|-damage|p2a: Farigiraf|36/100|[from] Sandstorm
|faint|p1b: Venusaur
|
|win|Aquarior_testing2
|raw|munjah 14's rating: 1111 → 1084(-27 for losing)
|raw|Aquarior_testing2's rating: 1089 → 1117(+28 for winning)
|c|☆Aquarior_testing2|gg
|l|☆munjah 14
|player|p1|
