|j|☆natsukivgc
|j|☆gymprincess99
|html|natsukivgcgymprincess99    
|uhtml|bestof|Game 1 of a best-of-3
|t:|1786041296
|gametype|doubles
|player|p1|natsukivgc|101|
|player|p2|gymprincess99|dawn|
|gen|9
|tier|[Gen 9 Champions] VGC 2026 Reg M-B (Bo3)
|rule|Species Clause: Limit one of each Pokémon
|rule|Item Clause: Limit 1 of each item
|clearpoke
|poke|p1|Garchomp, L50, F|
|poke|p1|Venusaur, L50, F|
|poke|p1|Incineroar, L50, M|
|poke|p1|Charizard, L50, F|
|poke|p1|Toxapex, L50, F|
|poke|p1|Annihilape, L50, F|
|poke|p2|Froslass, L50, F, shiny|
|poke|p2|Scovillain, L50, M, shiny|
|poke|p2|Basculegion, L50, M, shiny|
|poke|p2|Kingambit, L50, M, shiny|
|poke|p2|Sneasler, L50, M, shiny|
|poke|p2|Lycanroc-Dusk, L50, F, shiny|
|teampreview|4
|showteam|p1|Garchomp||ChoiceScarf|RoughSkin|Earthquake,DragonClaw,StompingTantrum,RockSlide|Adamant||F|||50|]Venusaur||LifeOrb|Chlorophyll|SolarBeam,SludgeBomb,EarthPower,Protect|Modest||F|||50|]Incineroar||SitrusBerry|Intimidate|FlareBlitz,ThroatChop,FakeOut,PartingShot|Impish||M|||50|]Charizard||CharizarditeY|Blaze|HeatWave,WeatherBall,Protect,HelpingHand|Modest||F|||50|]Toxapex||Leftovers|Regenerator|Infestation,Toxic,WideGuard,BanefulBunker|Bold||F|||50|]Annihilape||FocusSash|Defiant|CloseCombat,PhantomForce,RockTomb,Protect|Jolly||F|||50|
|showteam|p2|Froslass||Froslassite|SnowCloak|Blizzard,ShadowBall,AuroraVeil,Protect|Modest||F|||50|]Scovillain||Scovillainite|Moody|GigaDrain,Overheat,RagePowder,Protect|Bold||M|||50|]Basculegion||SitrusBerry|Adaptability|WaveCrash,LastRespects,AquaJet,Protect|Adamant||M|||50|]Kingambit||BlackGlasses|Defiant|KowtowCleave,SuckerPunch,SwordsDance,Protect|Adamant||M|||50|]Sneasler||WhiteHerb|Unburden|GunkShot,CloseCombat,FakeOut,Protect|Adamant||M|||50|]Lycanroc-Dusk||FocusSash|ToughClaws|RockSlide,CloseCombat,Accelerock,Protect|Adamant||F|||50|
|
|t:|1786041640
|teamsize|p1|4
|teamsize|p2|4
|start
|switch|p1a: Annihilape|Annihilape, L50, F|100/100
|switch|p1b: Toxapex|Toxapex, L50, F|100/100
|switch|p2a: Sneasler|Sneasler, L50, M, shiny|100/100
|switch|p2b: Kingambit|Kingambit, L50, M, shiny|100/100
|turn|1
|
|t:|1786041777
|switch|p2b: Froslass|Froslass, L50, F, shiny|100/100
|move|p2a: Sneasler|Gunk Shot|p1a: Annihilape
|-resisted|p1a: Annihilape|1
|-damage|p1a: Annihilape|65/100
|move|p1a: Annihilape|Close Combat|p2b: Froslass
|-immune|p2b: Froslass
|move|p1b: Toxapex|Infestation|p2b: Froslass
|-resisted|p2b: Froslass|1
|-damage|p2b: Froslass|97/100
|-activate|p2b: Froslass|move: Infestation|[of] p1b: Toxapex
|
|-damage|p2b: Froslass|85/100|[from] move: Infestation|[partiallytrapped]
|upkeep
|turn|2
|j| cillianvgc
|l| cillianvgc
|
|t:|1786041840
|switch|p2a: Kingambit|Kingambit, L50, M, shiny|100/100
|switch|p1b: Incineroar|Incineroar, L50, M|100/100
|-ability|p1b: Incineroar|Intimidate|boost
|-unboost|p2a: Kingambit|atk|1
|-ability|p2a: Kingambit|Defiant|boost
|-boost|p2a: Kingambit|atk|2
|-unboost|p2b: Froslass|atk|1
|detailschange|p2b: Froslass|Froslass-Mega, L50, F, shiny
|-mega|p2b: Froslass|Froslass|Froslassite
|-weather|Snowscape|[from] ability: Snow Warning|[of] p2b: Froslass
|move|p1a: Annihilape|Protect|p1a: Annihilape
|-singleturn|p1a: Annihilape|Protect
|move|p2b: Froslass|Aurora Veil|p2b: Froslass
|-sidestart|p2: gymprincess99|move: Aurora Veil
|
|-weather|Snowscape|[upkeep]
|-end|p2b: Froslass|Infestation|[partiallytrapped]|[silent]
|upkeep
|turn|3
|
|t:|1786041883
|move|p2a: Kingambit|Protect|p2a: Kingambit
|-singleturn|p2a: Kingambit|Protect
|move|p1b: Incineroar|Fake Out|p2a: Kingambit
|-activate|p2a: Kingambit|move: Protect
|move|p2b: Froslass|Shadow Ball|p1a: Annihilape
|-supereffective|p1a: Annihilape|1
|-damage|p1a: Annihilape|0 fnt
|faint|p1a: Annihilape
|
|-weather|Snowscape|[upkeep]
|upkeep
|
|t:|1786041911
|switch|p1a: Charizard|Charizard, L50, F|100/100
|turn|4
|
|t:|1786041948
|detailschange|p1a: Charizard|Charizard-Mega-Y, L50, F
|-mega|p1a: Charizard|Charizard|Charizardite Y
|-weather|SunnyDay|[from] ability: Drought|[of] p1a: Charizard
|move|p2a: Kingambit|Sucker Punch|p1a: Charizard
|-damage|p1a: Charizard|29/100
|move|p2b: Froslass|Shadow Ball|p1a: Charizard
|-damage|p1a: Charizard|0 fnt
|faint|p1a: Charizard
|move|p1b: Incineroar|Flare Blitz|p2a: Kingambit
|-supereffective|p2a: Kingambit|1
|-damage|p2a: Kingambit|30/100
|-damage|p1b: Incineroar|76/100|[from] Recoil
|
|-weather|SunnyDay|[upkeep]
|upkeep
|
|t:|1786041961
|switch|p1a: Toxapex|Toxapex, L50, F|100/100
|turn|5
|
|t:|1786041974
|switch|p2b: Lycanroc|Lycanroc-Dusk, L50, F, shiny|100/100
|move|p2a: Kingambit|Protect|p2a: Kingambit
|-singleturn|p2a: Kingambit|Protect
|move|p1b: Incineroar|Throat Chop|p2b: Lycanroc
|-damage|p2b: Lycanroc|66/100
|-start|p2b: Lycanroc|Throat Chop|[silent]
|move|p1a: Toxapex|Infestation|p2a: Kingambit
|-activate|p2a: Kingambit|move: Protect
|
|-weather|SunnyDay|[upkeep]
|upkeep
|turn|6
|
|t:|1786042000
|move|p2b: Lycanroc|Close Combat|p1b: Incineroar
|-supereffective|p1b: Incineroar|1
|-damage|p1b: Incineroar|0 fnt
|-unboost|p2b: Lycanroc|def|1
|-unboost|p2b: Lycanroc|spd|1
|faint|p1b: Incineroar
|move|p2a: Kingambit|Swords Dance|p2a: Kingambit
|-boost|p2a: Kingambit|atk|2
|move|p1a: Toxapex|Infestation|p2a: Kingambit
|-damage|p2a: Kingambit|28/100
|-activate|p2a: Kingambit|move: Infestation|[of] p1a: Toxapex
|
|-weather|SunnyDay|[upkeep]
|-damage|p2a: Kingambit|16/100|[from] move: Infestation|[partiallytrapped]
|-end|p2b: Lycanroc|Throat Chop|[silent]
|-sideend|p2: gymprincess99|move: Aurora Veil
|upkeep
|turn|7
|
|t:|1786042028
|switch|p2b: Froslass|Froslass-Mega, L50, F, shiny|85/100
|-weather|Snowscape|[from] ability: Snow Warning|[of] p2b: Froslass
|move|p2a: Kingambit|Kowtow Cleave|p1a: Toxapex
|-damage|p1a: Toxapex|0 fnt
|faint|p1a: Toxapex
|
|win|gymprincess99
||natsukivgc is ready for game 2.
|inactive|gymprincess99 has 30 seconds to confirm battle start!
