|j|☆emb3rrr
|j|☆SHOMA_WIN
|html|emb3rrrSHOMA_WIN    
|uhtml|bestof|Game 2 of a best-of-3
|t:|1782223127
|gametype|doubles
|player|p1|emb3rrr|caitlin|1209
|player|p2|SHOMA_WIN|scientist|1278
|gen|9
|tier|[Gen 9 Champions] VGC 2026 Reg M-B (Bo3)
|rated|
|rule|Species Clause: Limit one of each Pokémon
|rule|Item Clause: Limit 1 of each item
|clearpoke
|poke|p1|Pyroar, L50, F|
|poke|p1|Torkoal, L50, F|
|poke|p1|Venusaur, L50, M|
|poke|p1|Garchomp, L50, M|
|poke|p1|Aerodactyl, L50, F|
|poke|p1|Basculegion, L50, M|
|poke|p2|Charizard, L50, F|
|poke|p2|Whimsicott, L50, M|
|poke|p2|Floette-Eternal, L50, F|
|poke|p2|Kingambit, L50, F|
|poke|p2|Basculegion, L50, M|
|poke|p2|Garchomp, L50, M|
|teampreview|4
|showteam|p1|Pyroar||Pyroarite|Unnerve|HeatWave,Overheat,SolarBeam,Protect|Modest||F|||50|]Torkoal||HeatRock|Drought|HeatWave,HelpingHand,Yawn,Protect|Relaxed||F|||50|]Venusaur||FocusSash|Chlorophyll|LeafStorm,SludgeBomb,SleepPowder,Protect|Modest||M|||50|]Garchomp||LifeOrb|RoughSkin|StompingTantrum,RockSlide,DragonClaw,Protect|Jolly||M|||50|]Aerodactyl||Aerodactylite|Unnerve|RockSlide,IceFang,DualWingbeat,Tailwind|Jolly||F|||50|]Basculegion||MuscleBand|Adaptability|WaveCrash,AquaJet,LastRespects,Protect|Adamant||M|||50|
|showteam|p2|Charizard||CharizarditeY|Blaze|HeatWave,WeatherBall,SolarBeam,Protect|Modest||F|||50|]Whimsicott||FocusSash|Prankster|Moonblast,Tailwind,Encore,Protect|Timid||M|||50|]Floette-Eternal||Floettite|FlowerVeil|Moonblast,DazzlingGleam,LightofRuin,Protect|Timid||F|||50|]Kingambit||BlackGlasses|Defiant|KowtowCleave,SuckerPunch,IronHead,Protect|Adamant||F|||50|]Basculegion||MysticWater|Adaptability|WaveCrash,LastRespects,AquaJet,Protect|Adamant||M|||50|]Garchomp||LifeOrb|RoughSkin|Earthquake,DragonClaw,RockSlide,Protect|Jolly||M|||50|
|inactive|Battle timer is ON: inactive players will automatically lose when time's up. (requested by emb3rrr)
|inactive|SHOMA_WIN has 60 seconds left.
|inactive|SHOMA_WIN has 30 seconds left.
|
|t:|1782223193
|teamsize|p1|4
|teamsize|p2|4
|start
|switch|p1a: Pyroar|Pyroar, L50, F|100/100
|switch|p1b: Aerodactyl|Aerodactyl, L50, F|100/100
|switch|p2a: Garchomp|Garchomp, L50, M|100/100
|switch|p2b: Whimsicott|Whimsicott, L50, M|100/100
|-ability|p1b: Aerodactyl|Unnerve
|-ability|p1a: Pyroar|Unnerve
|turn|1
|inactive|emb3rrr has 30 seconds left.
|inactive|emb3rrr has 20 seconds left.
|inactive|emb3rrr has 15 seconds left.
|inactive|emb3rrr has 10 seconds left.
|inactive|emb3rrr has 5 seconds left.
|
|t:|1782223244
|move|p1a: Pyroar|Protect|p1a: Pyroar
|-singleturn|p1a: Pyroar|Protect
|move|p2b: Whimsicott|Tailwind|p2b: Whimsicott
|-sidestart|p2: SHOMA_WIN|move: Tailwind
|move|p2a: Garchomp|Rock Slide|p1b: Aerodactyl|[spread] 
|-activate|p1a: Pyroar|move: Protect
|-miss|p2a: Garchomp|p1b: Aerodactyl
|move|p1b: Aerodactyl|Ice Fang|p2a: Garchomp
|-supereffective|p2a: Garchomp|2
|-damage|p2a: Garchomp|34/100
|-damage|p1b: Aerodactyl|87/100|[from] ability: Rough Skin|[of] p2a: Garchomp
|
|upkeep
|turn|2
|inactive|emb3rrr has 30 seconds left.
|
|t:|1782223276
|switch|p1a: Torkoal|Torkoal, L50, F|100/100
|-weather|SunnyDay|[from] ability: Drought|[of] p1a: Torkoal
|move|p2b: Whimsicott|Moonblast|p1b: Aerodactyl
|-damage|p1b: Aerodactyl|41/100
|move|p2a: Garchomp|Rock Slide|p1b: Aerodactyl|[spread] p1b
|-miss|p2a: Garchomp|p1a: Torkoal
|-supereffective|p1b: Aerodactyl|1
|-damage|p1b: Aerodactyl|0 fnt
|faint|p1b: Aerodactyl
|-damage|p2a: Garchomp|24/100|[from] item: Life Orb
|
|-weather|SunnyDay|[upkeep]
|upkeep
|
|t:|1782223288
|switch|p1b: Venusaur|Venusaur, L50, M|100/100
|turn|3
|
|t:|1782223301
|move|p2b: Whimsicott|Protect|p2b: Whimsicott
|-singleturn|p2b: Whimsicott|Protect
|move|p2a: Garchomp|Earthquake|p1b: Venusaur|[spread] p1a,p1b
|-activate|p2b: Whimsicott|move: Protect
|-supereffective|p1a: Torkoal|1
|-damage|p1a: Torkoal|32/100
|-damage|p1b: Venusaur|31/100
|-damage|p2a: Garchomp|14/100|[from] item: Life Orb
|move|p1b: Venusaur|Sleep Powder|p2a: Garchomp
|-status|p2a: Garchomp|slp|[from] move: Sleep Powder
|move|p1a: Torkoal|Heat Wave|p2a: Garchomp|[spread] p2a
|-activate|p2b: Whimsicott|move: Protect
|-resisted|p2a: Garchomp|1
|-damage|p2a: Garchomp|0 fnt
|faint|p2a: Garchomp
|
|-weather|SunnyDay|[upkeep]
|upkeep
|
|t:|1782223306
|switch|p2a: Charizard|Charizard, L50, F|100/100
|turn|4
|inactive|emb3rrr has 30 seconds left.
|
|t:|1782223337
|detailschange|p2a: Charizard|Charizard-Mega-Y, L50, F
|-mega|p2a: Charizard|Charizard|Charizardite Y
|move|p2b: Whimsicott|Moonblast|p1b: Venusaur
|-resisted|p1b: Venusaur|1
|-damage|p1b: Venusaur|13/100
|move|p1b: Venusaur|Sleep Powder|p2a: Charizard
|-status|p2a: Charizard|slp|[from] move: Sleep Powder
|cant|p2a: Charizard|slp
|move|p1a: Torkoal|Yawn||[still]
|-fail|p1a: Torkoal
|
|-weather|SunnyDay|[upkeep]
|-sideend|p2: SHOMA_WIN|move: Tailwind
|upkeep
|turn|5
|
|t:|1782223353
|switch|p1b: Pyroar|Pyroar, L50, F|100/100
|-ability|p1b: Pyroar|Unnerve
|move|p2b: Whimsicott|Moonblast|p1b: Pyroar
|-resisted|p1b: Pyroar|1
|-damage|p1b: Pyroar|73/100
|-curestatus|p2a: Charizard|slp|[msg]
|move|p2a: Charizard|Heat Wave|p1a: Torkoal|[spread] p1a,p1b
|-resisted|p1a: Torkoal|1
|-resisted|p1b: Pyroar|1
|-damage|p1a: Torkoal|1/100
|-damage|p1b: Pyroar|23/100
|move|p1a: Torkoal|Heat Wave|p2a: Charizard|[spread] p2a,p2b
|-resisted|p2a: Charizard|1
|-supereffective|p2b: Whimsicott|1
|-damage|p2a: Charizard|85/100
|-enditem|p2b: Whimsicott|Focus Sash
|-damage|p2b: Whimsicott|1/100
|
|-weather|SunnyDay|[upkeep]
|upkeep
|turn|6
|inactive|emb3rrr has 30 seconds left.
|
|t:|1782223378
|detailschange|p1b: Pyroar|Pyroar-Mega, L50, F
|-mega|p1b: Pyroar|Pyroar|Pyroarite
|move|p2b: Whimsicott|Tailwind|p2b: Whimsicott
|-sidestart|p2: SHOMA_WIN|move: Tailwind
|move|p2a: Charizard|Heat Wave|p1b: Pyroar|[spread] p1a,p1b
|-resisted|p1a: Torkoal|1
|-resisted|p1b: Pyroar|1
|-damage|p1a: Torkoal|0 fnt
|-damage|p1b: Pyroar|0 fnt
|faint|p1a: Torkoal
|faint|p1b: Pyroar
|
|-weather|SunnyDay|[upkeep]
|upkeep
|
|t:|1782223388
|switch|p1b: Venusaur|Venusaur, L50, M|13/100
|turn|7
|
|t:|1782223397
|move|p2b: Whimsicott|Moonblast|p1b: Venusaur
|-resisted|p1b: Venusaur|1
|-damage|p1b: Venusaur|0 fnt
|faint|p1b: Venusaur
|
|win|SHOMA_WIN
|raw|emb3rrr's rating: 1209 → 1189(-20 for losing)
|raw|SHOMA_WIN's rating: 1278 → 1298(+20 for winning)
