|j|☆spacesnake11
|j|☆TMJS01
|html|spacesnake11TMJS01    
|uhtml|bestof|Game 1 of a best-of-3
|t:|1782181392
|gametype|doubles
|player|p1|spacesnake11|ghetsis|1263
|player|p2|TMJS01|unknown|1314
|gen|9
|tier|[Gen 9 Champions] VGC 2026 Reg M-B (Bo3)
|rated|
|rule|Species Clause: Limit one of each Pokémon
|rule|Item Clause: Limit 1 of each item
|clearpoke
|poke|p1|Charizard, L50, F|
|poke|p1|Aerodactyl, L50, M|
|poke|p1|Garchomp, L50, F|
|poke|p1|Sylveon, L50, F|
|poke|p1|Incineroar, L50, F|
|poke|p1|Farigiraf, L50, M|
|poke|p2|Sinistcha, L50|
|poke|p2|Incineroar, L50, M|
|poke|p2|Garchomp, L50, F|
|poke|p2|Floette-Eternal, L50, F|
|poke|p2|Vivillon, L50, M|
|poke|p2|Delphox, L50, F|
|teampreview|4
|showteam|p1|Charizard||CharizarditeY|Blaze|HeatWave,WeatherBall,SolarBeam,Protect|Modest||F|||50|]Aerodactyl||Aerodactylite|RockHead|RockSlide,IceFang,Tailwind,WideGuard|Jolly||M|||50|]Garchomp||LifeOrb|RoughSkin|DragonClaw,Earthquake,PoisonJab,Protect|Jolly||F|||50|]Sylveon||FairyFeather|Pixilate|HyperVoice,HyperBeam,QuickAttack,Detect|Modest||F|||50|]Incineroar||PasshoBerry|Intimidate|FakeOut,FlareBlitz,DarkestLariat,PartingShot|Adamant||F|||50|]Farigiraf||SitrusBerry|ArmorTail|Thunderbolt,GrassKnot,TwinBeam,TrickRoom|Modest||M|||50|
|showteam|p2|Sinistcha||KasibBerry|Hospitality|MatchaGotcha,RagePowder,TrickRoom,LifeDew|Relaxed|||||50|]Incineroar||ChopleBerry|Intimidate|ThroatChop,FlareBlitz,PartingShot,FakeOut|Impish||M|||50|]Garchomp||LifeOrb|RoughSkin|ScaleShot,StompingTantrum,Protect,RockTomb|Jolly||F|||50|]Floette-Eternal||Floettite|FlowerVeil|Protect,CalmMind,Moonblast,DazzlingGleam|Modest||F|||50|]Vivillon||FocusSash|CompoundEyes|SleepPowder,Hurricane,Protect,Tailwind|Timid||M|||50|]Delphox||Delphoxite|Blaze|NastyPlot,HeatWave,Psyshock,Protect|Timid||F|||50|
|inactive|Battle timer is ON: inactive players will automatically lose when time's up. (requested by TMJS01)
|inactive|spacesnake11 has 60 seconds left.
|inactive|TMJS01 has 60 seconds left.
|
|t:|1782181447
|teamsize|p1|4
|teamsize|p2|4
|start
|switch|p1a: Aerodactyl|Aerodactyl, L50, M|100/100
|switch|p1b: Incineroar|Incineroar, L50, F|100/100
|switch|p2a: Incineroar|Incineroar, L50, M|100/100
|switch|p2b: Delphox|Delphox, L50, F|100/100
|-ability|p1b: Incineroar|Intimidate|boost
|-unboost|p2a: Incineroar|atk|1
|-unboost|p2b: Delphox|atk|1
|-ability|p2a: Incineroar|Intimidate|boost
|-unboost|p1a: Aerodactyl|atk|1
|-unboost|p1b: Incineroar|atk|1
|turn|1
|
|t:|1782181472
|switch|p2a: Garchomp|Garchomp, L50, F|100/100
|detailschange|p1a: Aerodactyl|Aerodactyl-Mega, L50, M
|-mega|p1a: Aerodactyl|Aerodactyl|Aerodactylite
|move|p2b: Delphox|Protect|p2b: Delphox
|-singleturn|p2b: Delphox|Protect
|move|p1a: Aerodactyl|Rock Slide|p2a: Garchomp|[spread] p2a
|-activate|p2b: Delphox|move: Protect
|-resisted|p2a: Garchomp|1
|-damage|p2a: Garchomp|89/100
|move|p1b: Incineroar|Darkest Lariat|p2b: Delphox
|-activate|p2b: Delphox|move: Protect
|
|upkeep
|turn|2
|
|t:|1782181493
|switch|p2a: Incineroar|Incineroar, L50, M|100/100
|-ability|p2a: Incineroar|Intimidate|boost
|-unboost|p1a: Aerodactyl|atk|1
|-unboost|p1b: Incineroar|atk|1
|detailschange|p2b: Delphox|Delphox-Mega, L50, F
|-mega|p2b: Delphox|Delphox|Delphoxite
|move|p1a: Aerodactyl|Ice Fang|p2a: Incineroar
|-resisted|p2a: Incineroar|1
|-damage|p2a: Incineroar|93/100
|move|p2b: Delphox|Nasty Plot|p2b: Delphox
|-boost|p2b: Delphox|spa|2
|move|p1b: Incineroar|Parting Shot|p2b: Delphox
|-unboost|p2b: Delphox|atk|1
|-unboost|p2b: Delphox|spa|1
|
|t:|1782181504
|switch|p1b: Garchomp|Garchomp, L50, F|100/100|[from] Parting Shot
|
|upkeep
|turn|3
|
|t:|1782181512
|move|p2a: Incineroar|Fake Out|p1b: Garchomp
|-damage|p1b: Garchomp|87/100
|-damage|p2a: Incineroar|81/100|[from] ability: Rough Skin|[of] p1b: Garchomp
|move|p1a: Aerodactyl|Tailwind|p1a: Aerodactyl
|-sidestart|p1: spacesnake11|move: Tailwind
|cant|p1b: Garchomp|flinch
|move|p2b: Delphox|Psyshock|p1a: Aerodactyl
|-damage|p1a: Aerodactyl|18/100
|
|upkeep
|turn|4
|inactive|spacesnake11 has 30 seconds left.
|inactive|TMJS01 has 30 seconds left.
|
|t:|1782181543
|move|p2b: Delphox|Protect|p2b: Delphox
|-singleturn|p2b: Delphox|Protect
|move|p1a: Aerodactyl|Rock Slide|p2a: Incineroar|[spread] p2a
|-activate|p2b: Delphox|move: Protect
|-supereffective|p2a: Incineroar|1
|-damage|p2a: Incineroar|56/100
|move|p1b: Garchomp|Earthquake|p2a: Incineroar|[spread] p2a
|-activate|p2b: Delphox|move: Protect
|-immune|p1a: Aerodactyl
|-supereffective|p2a: Incineroar|1
|-damage|p2a: Incineroar|0 fnt
|faint|p2a: Incineroar
|-damage|p1b: Garchomp|78/100|[from] item: Life Orb
|
|upkeep
|
|t:|1782181553
|switch|p2a: Sinistcha|Sinistcha, L50|100/100
|turn|5
|
|t:|1782181569
|move|p1a: Aerodactyl|Rock Slide|p2a: Sinistcha|[spread] p2a,p2b
|-supereffective|p2b: Delphox|1
|-damage|p2a: Sinistcha|88/100
|-damage|p2b: Delphox|55/100
|move|p1b: Garchomp|Dragon Claw|p2a: Sinistcha
|-damage|p2a: Sinistcha|46/100
|-damage|p1b: Garchomp|68/100|[from] item: Life Orb
|move|p2b: Delphox|Psyshock|p1a: Aerodactyl
|-damage|p1a: Aerodactyl|0 fnt
|faint|p1a: Aerodactyl
|move|p2a: Sinistcha|Life Dew|p2a: Sinistcha|[spread] p2a,p2b
|-heal|p2a: Sinistcha|71/100
|-heal|p2b: Delphox|80/100
|
|upkeep
|
|t:|1782181577
|switch|p1a: Incineroar|Incineroar, L50, F|100/100
|-ability|p1a: Incineroar|Intimidate|boost
|-unboost|p2a: Sinistcha|atk|1
|-unboost|p2b: Delphox|atk|1
|turn|6
|
|t:|1782181584
|switch|p2a: Garchomp|Garchomp, L50, F|89/100
|move|p1b: Garchomp|Protect|p1b: Garchomp
|-singleturn|p1b: Garchomp|Protect
|move|p2b: Delphox|Protect|p2b: Delphox
|-singleturn|p2b: Delphox|Protect
|move|p1a: Incineroar|Darkest Lariat|p2b: Delphox
|-activate|p2b: Delphox|move: Protect
|
|-sideend|p1: spacesnake11|move: Tailwind
|upkeep
|turn|7
|
|t:|1782181598
|move|p2b: Delphox|Heat Wave|p1b: Garchomp|[spread] p1a,p1b
|-resisted|p1a: Incineroar|1
|-resisted|p1b: Garchomp|1
|-damage|p1a: Incineroar|73/100
|-damage|p1b: Garchomp|35/100
|move|p1b: Garchomp|Dragon Claw|p2a: Garchomp
|-supereffective|p2a: Garchomp|1
|-damage|p2a: Garchomp|0 fnt
|-damage|p1b: Garchomp|23/100|[from] ability: Rough Skin|[of] p2a: Garchomp
|faint|p2a: Garchomp
|-damage|p1b: Garchomp|13/100|[from] item: Life Orb
|move|p1a: Incineroar|Darkest Lariat|p2b: Delphox
|-supereffective|p2b: Delphox|1
|-damage|p2b: Delphox|0 fnt
|faint|p2b: Delphox
|
|upkeep
|-message|TMJS01 forfeited.
|
|win|spacesnake11
||spacesnake11 is ready for game 2.
||TMJS01 is ready for game 2.
|uhtml|next|Next: Game 2 of 3
|l|☆spacesnake11
|player|p1|
