|j|☆testdigi
|j|☆ThunderScoreXD
|html|testdigiThunderScoreXD    
|uhtml|bestof|Game 2 of a best-of-3
|t:|1784829925
|gametype|doubles
|player|p1|testdigi|101|1074
|player|p2|ThunderScoreXD|1|1000
|gen|9
|tier|[Gen 9 Champions] VGC 2026 Reg M-B (Bo3)
|rated|
|rule|Species Clause: Limit one of each Pokémon
|rule|Item Clause: Limit 1 of each item
|clearpoke
|poke|p1|Raichu, L50, M|
|poke|p1|Mamoswine, L50, F|
|poke|p1|Sylveon, L50, M|
|poke|p1|Corviknight, L50, F|
|poke|p1|Basculegion, L50, M|
|poke|p1|Meowscarada, L50, F|
|poke|p2|Aerodactyl, L50, F|
|poke|p2|Kingambit, L50, M|
|poke|p2|Sylveon, L50, F|
|poke|p2|Garchomp, L50, M|
|poke|p2|Charizard, L50, M|
|poke|p2|Incineroar, L50, F|
|teampreview|4
|showteam|p1|Raichu||RaichuniteY|LightningRod|ZapCannon,FocusBlast,FakeOut,Protect|Timid||M|||50|]Mamoswine||LifeOrb|Oblivious|StompingTantrum,IceShard,RockSlide,Protect|Adamant||F|||50|]Sylveon||FairyFeather|Pixilate|HyperVoice,QuickAttack,Yawn,Detect|Modest||M|||50|]Corviknight||OccaBerry|MirrorArmor|IronHead,BraveBird,Tailwind,Protect|Adamant||F|||50|]Basculegion||FocusSash|Adaptability|LastRespects,Liquidation,AquaJet,Protect|Adamant||M|||50|]Meowscarada||ExpertBelt|Protean|FlowerTrick,Taunt,KnockOff,Protect|Jolly||F|||50|
|showteam|p2|Aerodactyl||Aerodactylite|Unnerve|RockSlide,IceFang,Tailwind,WideGuard|Jolly||F|||50|]Kingambit||FocusSash|Defiant|KowtowCleave,SuckerPunch,IronHead,Protect|Adamant||M|||50|]Sylveon||FairyFeather|Pixilate|Detect,HyperVoice,HyperBeam,QuickAttack|Modest||F|||50|]Garchomp||LifeOrb|RoughSkin|Earthquake,DragonClaw,StompingTantrum,Protect|Jolly||M|||50|]Charizard||CharizarditeY|Blaze|Protect,HeatWave,SolarBeam,WeatherBall|Modest||M|||50|]Incineroar||SitrusBerry|Intimidate|DarkestLariat,FlareBlitz,FakeOut,PartingShot|Impish||F|||50|
|
|t:|1784829951
|teamsize|p1|4
|teamsize|p2|4
|start
|switch|p1a: Corviknight|Corviknight, L50, F|100/100
|switch|p1b: Raichu|Raichu, L50, M|100/100
|switch|p2a: Garchomp|Garchomp, L50, M|100/100
|switch|p2b: Incineroar|Incineroar, L50, F|100/100
|-ability|p2b: Incineroar|Intimidate|boost
|-ability|p1a: Corviknight|Mirror Armor
|-unboost|p2b: Incineroar|atk|1
|-unboost|p1b: Raichu|atk|1
|turn|1
|inactive|Battle timer is ON: inactive players will automatically lose when time's up. (requested by testdigi)
|
|t:|1784829965
|detailschange|p1b: Raichu|Raichu-Mega-Y, L50, M
|-mega|p1b: Raichu|Raichu|Raichunite Y
|move|p1b: Raichu|Fake Out|p2b: Incineroar
|-damage|p2b: Incineroar|95/100
|cant|p2b: Incineroar|flinch
|move|p2a: Garchomp|Stomping Tantrum|p1b: Raichu
|-supereffective|p1b: Raichu|1
|-damage|p1b: Raichu|0 fnt
|faint|p1b: Raichu
|-damage|p2a: Garchomp|90/100|[from] item: Life Orb
|move|p1a: Corviknight|Tailwind|p1a: Corviknight
|-sidestart|p1: testdigi|move: Tailwind
|
|upkeep
|
|t:|1784829971
|switch|p1b: Sylveon|Sylveon, L50, M|100/100
|turn|2
|inactive|ThunderScoreXD has 30 seconds left.
|
|t:|1784830003
|move|p2a: Garchomp|Protect|p2a: Garchomp
|-singleturn|p2a: Garchomp|Protect
|move|p1a: Corviknight|Iron Head|p2a: Garchomp
|-activate|p2a: Garchomp|move: Protect
|move|p1b: Sylveon|Hyper Voice|p2b: Incineroar|[spread] p2b
|-activate|p2a: Garchomp|move: Protect
|-damage|p2b: Incineroar|53/100
|move|p2b: Incineroar|Parting Shot|p1b: Sylveon
|-unboost|p1b: Sylveon|atk|1
|-unboost|p1b: Sylveon|spa|1
|
|t:|1784830014
|switch|p2b: Charizard|Charizard, L50, M|100/100|[from] Parting Shot
|
|upkeep
|turn|3
|
|t:|1784830027
|switch|p2a: Incineroar|Incineroar, L50, F|53/100
|-ability|p2a: Incineroar|Intimidate|boost
|-ability|p1a: Corviknight|Mirror Armor
|-unboost|p2a: Incineroar|atk|1
|-unboost|p1b: Sylveon|atk|1
|detailschange|p2b: Charizard|Charizard-Mega-Y, L50, M
|-mega|p2b: Charizard|Charizard|Charizardite Y
|-weather|SunnyDay|[from] ability: Drought|[of] p2b: Charizard
|move|p1a: Corviknight|Protect|p1a: Corviknight
|-singleturn|p1a: Corviknight|Protect
|move|p1b: Sylveon|Yawn|p2b: Charizard
|-start|p2b: Charizard|move: Yawn|[of] p1b: Sylveon
|move|p2b: Charizard|Heat Wave|p1b: Sylveon|[spread] p1b
|-activate|p1a: Corviknight|move: Protect
|-damage|p1b: Sylveon|50/100g
|
|-weather|SunnyDay|[upkeep]
|upkeep
|turn|4
|
|t:|1784830051
|switch|p2b: Kingambit|Kingambit, L50, M|100/100
|move|p1b: Sylveon|Detect|p1b: Sylveon
|-singleturn|p1b: Sylveon|Protect
|move|p2a: Incineroar|Fake Out|p1b: Sylveon
|-activate|p1b: Sylveon|move: Protect
|move|p1a: Corviknight|Brave Bird|p2a: Incineroar
|-damage|p2a: Incineroar|19/100
|-enditem|p2a: Incineroar|Sitrus Berry|[eat]
|-heal|p2a: Incineroar|44/100|[from] item: Sitrus Berry
|-damage|p1a: Corviknight|88/100|[from] Recoil
|
|-weather|SunnyDay|[upkeep]
|-sideend|p1: testdigi|move: Tailwind
|upkeep
|turn|5
|
|t:|1784830068
|move|p2b: Kingambit|Iron Head|p1b: Sylveon
|-supereffective|p1b: Sylveon|1
|-damage|p1b: Sylveon|0 fnt
|faint|p1b: Sylveon
|move|p1a: Corviknight|Tailwind|p1a: Corviknight
|-sidestart|p1: testdigi|move: Tailwind
|move|p2a: Incineroar|Flare Blitz|p1a: Corviknight
|-supereffective|p1a: Corviknight|1
|-enditem|p1a: Corviknight|Occa Berry|[eat]
|-enditem|p1a: Corviknight|Occa Berry|[weaken]
|-damage|p1a: Corviknight|51/100
|-damage|p2a: Incineroar|32/100|[from] Recoil
|
|-weather|SunnyDay|[upkeep]
|upkeep
|
|t:|1784830073
|switch|p1b: Basculegion|Basculegion, L50, M|100/100
|turn|6
|
|t:|1784830086
|move|p1b: Basculegion|Aqua Jet|p2b: Kingambit
|-damage|p2b: Kingambit|88/100
|move|p1a: Corviknight|Brave Bird|p2a: Incineroar
|-damage|p2a: Incineroar|0 fnt
|faint|p2a: Incineroar
|-damage|p1a: Corviknight|41/100|[from] Recoil
|move|p2b: Kingambit|Kowtow Cleave|p1b: Basculegion
|-supereffective|p1b: Basculegion|1
|-enditem|p1b: Basculegion|Focus Sash
|-damage|p1b: Basculegion|1/100
|
|-weather|SunnyDay|[upkeep]
|upkeep
|-message|testdigi forfeited.
|
|win|ThunderScoreXD
