|j|☆soulmoonvgc
|j|☆EastyLiam
|html|soulmoonvgcEastyLiam    
|uhtml|bestof|Game 1 of a best-of-3
|t:|1783178934
|gametype|doubles
|player|p1|soulmoonvgc|marshal|1361
|player|p2|EastyLiam|101|1272
|gen|9
|tier|[Gen 9 Champions] VGC 2026 Reg M-B (Bo3)
|rated|
|rule|Species Clause: Limit one of each Pokémon
|rule|Item Clause: Limit 1 of each item
|clearpoke
|poke|p1|Charizard, L50, M|
|poke|p1|Glimmora, L50, M|
|poke|p1|Basculegion, L50, M|
|poke|p1|Whimsicott, L50, M|
|poke|p1|Aegislash, L50, F|
|poke|p1|Hydreigon, L50, M|
|poke|p2|Blaziken, L50, F|
|poke|p2|Kingambit, L50, M|
|poke|p2|Basculegion, L50, M|
|poke|p2|Mamoswine, L50, F|
|poke|p2|Corviknight, L50, M|
|poke|p2|Venusaur, L50, M|
|teampreview|4
|showteam|p1|Charizard||CharizarditeY|Blaze|HeatWave,WeatherBall,SolarBeam,Protect|Modest||M|||50|]Glimmora||Glimmoranite|ToxicDebris|PowerGem,SludgeBomb,EarthPower,SpikyShield|Modest||M|||50|]Basculegion||ChoiceScarf|Adaptability|WaveCrash,FlipTurn,LastRespects,AquaJet|Jolly||M|||50|]Whimsicott||LifeOrb|Prankster|Moonblast,EnergyBall,Tailwind,Encore|Timid||M|||50|]Aegislash||ColburBerry|StanceChange|IronHead,ShadowSneak,SacredSword,KingsShield|Adamant||F|||50|]Hydreigon||HabanBerry|Levitate|DracoMeteor,DarkPulse,EarthPower,Protect|Modest||M|||50|
|showteam|p2|Blaziken||Blazikenite|SpeedBoost|CloseCombat,FlareBlitz,StoneEdge,Detect|Adamant||F|||50|]Kingambit||LifeOrb|Defiant|KowtowCleave,SuckerPunch,IronHead,Protect|Adamant||M|||50|]Basculegion||SitrusBerry|Adaptability|WaveCrash,LastRespects,AquaJet,Protect|Adamant||M|||50|]Mamoswine||FocusSash|Oblivious|HighHorsepower,IcicleCrash,IceShard,Protect|Adamant||F|||50|]Corviknight||OccaBerry|MirrorArmor|BraveBird,IronHead,Uturn,Roost|Careful||M|||50|]Venusaur||Venusaurite|Chlorophyll|GigaDrain,SludgeBomb,EarthPower,Protect|Modest||M|||50|
|inactive|Battle timer is ON: inactive players will automatically lose when time's up. (requested by soulmoonvgc)
|inactive|soulmoonvgc has 60 seconds left.
|inactive|soulmoonvgc has 30 seconds left.
|inactive|soulmoonvgc has 20 seconds left.
|inactive|soulmoonvgc has 15 seconds left.
|inactive|soulmoonvgc has 10 seconds left.
|
|t:|1783179018
|teamsize|p1|4
|teamsize|p2|4
|start
|switch|p1a: Aegislash|Aegislash, L50, F|100/100
|switch|p1b: Basculegion|Basculegion, L50, M|100/100
|switch|p2a: Blaziken|Blaziken, L50, F|100/100
|switch|p2b: Mamoswine|Mamoswine, L50, F|100/100
|turn|1
|inactive|soulmoonvgc has 30 seconds left.
|inactive|EastyLiam has 30 seconds left.
|inactive|EastyLiam has 20 seconds left.
|inactive|EastyLiam has 15 seconds left.
|inactive|EastyLiam has 10 seconds left.
|
|t:|1783179065
|detailschange|p2a: Blaziken|Blaziken-Mega, L50, F
|-mega|p2a: Blaziken|Blaziken|Blazikenite
|move|p2a: Blaziken|Detect|p2a: Blaziken
|-singleturn|p2a: Blaziken|Protect
|move|p2b: Mamoswine|Protect|p2b: Mamoswine
|-singleturn|p2b: Mamoswine|Protect
|move|p1a: Aegislash|King's Shield|p1a: Aegislash
|-singleturn|p1a: Aegislash|Protect
|move|p1b: Basculegion|Flip Turn|p2a: Blaziken
|-activate|p2a: Blaziken|move: Protect
|
|-ability|p2a: Blaziken|Speed Boost|boost
|-boost|p2a: Blaziken|spe|1
|upkeep
|turn|2
|inactive|EastyLiam has 30 seconds left.
|inactive|EastyLiam has 20 seconds left.
|inactive|EastyLiam has 15 seconds left.
|
|t:|1783179106
|move|p2a: Blaziken|Flare Blitz|p1a: Aegislash
|-supereffective|p1a: Aegislash|1
|-damage|p1a: Aegislash|0 fnt
|faint|p1a: Aegislash
|-damage|p2a: Blaziken|65/100|[from] Recoil
|move|p1b: Basculegion|Flip Turn|p2a: Blaziken
|-supereffective|p2a: Blaziken|1
|-damage|p2a: Blaziken|0 fnt
|faint|p2a: Blaziken
|
|t:|1783179116
|switch|p1b: Charizard|Charizard, L50, M|100/100|[from] Flip Turn
|move|p2b: Mamoswine|Icicle Crash|p1b: Charizard|[miss]
|-miss|p2b: Mamoswine|p1b: Charizard
|
|upkeep
|
|t:|1783179134
|switch|p2a: Corviknight|Corviknight, L50, M|100/100
|switch|p1a: Basculegion|Basculegion, L50, M|100/100
|turn|3
|
|t:|1783179158
|detailschange|p1b: Charizard|Charizard-Mega-Y, L50, M
|-mega|p1b: Charizard|Charizard|Charizardite Y
|-weather|SunnyDay|[from] ability: Drought|[of] p1b: Charizard
|move|p2b: Mamoswine|Protect|p2b: Mamoswine
|-singleturn|p2b: Mamoswine|Protect
|move|p1a: Basculegion|Last Respects|p2a: Corviknight
|-damage|p2a: Corviknight|52/100
|move|p1b: Charizard|Heat Wave|p2b: Mamoswine|[spread] p2a
|-activate|p2b: Mamoswine|move: Protect
|-supereffective|p2a: Corviknight|1
|-enditem|p2a: Corviknight|Occa Berry|[eat]
|-enditem|p2a: Corviknight|Occa Berry|[weaken]
|-damage|p2a: Corviknight|3/100
|move|p2a: Corviknight|Brave Bird|p1b: Charizard
|-damage|p1b: Charizard|64/100
|-damage|p2a: Corviknight|0 fnt|[from] Recoil
|faint|p2a: Corviknight
|
|-weather|SunnyDay|[upkeep]
|upkeep
|
|t:|1783179166
|switch|p2a: Kingambit|Kingambit, L50, M|100/100
|turn|4
|inactive|soulmoonvgc has 30 seconds left.
|inactive|EastyLiam has 30 seconds left.
|
|t:|1783179199
|switch|p1b: Glimmora|Glimmora, L50, M|100/100
|move|p2b: Mamoswine|Ice Shard|p1b: Glimmora
|-damage|p1b: Glimmora|75/100
|-activate|p1b: Glimmora|ability: Toxic Debris
|-sidestart|p2: EastyLiam|move: Toxic Spikes
|move|p2a: Kingambit|Sucker Punch||[still]
|-fail|p2a: Kingambit
|move|p1a: Basculegion|Last Respects|p2b: Mamoswine
|-damage|p2b: Mamoswine|32/100
|
|-weather|SunnyDay|[upkeep]
|upkeep
|turn|5
|inactive|soulmoonvgc has 30 seconds left.
|inactive|EastyLiam has 30 seconds left.
|inactive|soulmoonvgc has 20 seconds left.
|
|t:|1783179237
|switch|p1a: Charizard|Charizard-Mega-Y, L50, M|64/100
|move|p2b: Mamoswine|Protect|p2b: Mamoswine
|-singleturn|p2b: Mamoswine|Protect
|move|p1b: Glimmora|Power Gem|p2b: Mamoswine
|-activate|p2b: Mamoswine|move: Protect
|move|p2a: Kingambit|Kowtow Cleave|p1a: Charizard
|-damage|p1a: Charizard|0 fnt
|faint|p1a: Charizard
|-damage|p2a: Kingambit|90/100|[from] item: Life Orb
|
|-weather|SunnyDay|[upkeep]
|upkeep
|
|t:|1783179243
|switch|p1a: Basculegion|Basculegion, L50, M|100/100
|turn|6
|inactive|soulmoonvgc has 30 seconds left.
|
|t:|1783179270
|move|p1a: Basculegion|Aqua Jet|p2b: Mamoswine
|-supereffective|p2b: Mamoswine|1
|-damage|p2b: Mamoswine|2/100
|move|p1b: Glimmora|Earth Power|p2b: Mamoswine
|-damage|p2b: Mamoswine|0 fnt
|faint|p2b: Mamoswine
|move|p2a: Kingambit|Iron Head|p1b: Glimmora
|-supereffective|p1b: Glimmora|1
|-damage|p1b: Glimmora|0 fnt
|-activate|p1b: Glimmora|ability: Toxic Debris
|-sidestart|p2: EastyLiam|move: Toxic Spikes
|faint|p1b: Glimmora
|-damage|p2a: Kingambit|80/100|[from] item: Life Orb
|
|-weather|SunnyDay|[upkeep]
|upkeep
|turn|7
|
|t:|1783179278
|move|p1a: Basculegion|Aqua Jet|p2a: Kingambit
|-damage|p2a: Kingambit|71/100
|move|p2a: Kingambit|Kowtow Cleave|p1a: Basculegion
|-supereffective|p1a: Basculegion|1
|-damage|p1a: Basculegion|0 fnt
|faint|p1a: Basculegion
|-damage|p2a: Kingambit|62/100|[from] item: Life Orb
|
|win|EastyLiam
