|j|☆Qicide
|j|☆Clementine1997
|html|QicideClementine1997    
|uhtml|bestof|Game 1 of a best-of-3
|t:|1756238211
|gametype|doubles
|player|p1|Qicide|red|1272
|player|p2|Clementine1997|clair|1142
|gen|9
|tier|[Gen 9] VGC 2025 Reg H (Bo3)
|rated|
|rule|Species Clause: Limit one of each Pokémon
|rule|Item Clause: Limit 1 of each item
|clearpoke
|poke|p1|Porygon2, L50|
|poke|p1|Incineroar, L50, F|
|poke|p1|Ursaluna, L50, F|
|poke|p1|Jumpluff, L50, F|
|poke|p1|Charizard, L50, M|
|poke|p1|Torkoal, L50, F|
|poke|p2|Whimsicott, L50, M|
|poke|p2|Ursaluna-Bloodmoon, L50, M|
|poke|p2|Incineroar, L50, F|
|poke|p2|Rillaboom, L50, F|
|poke|p2|Kingambit, L50, M|
|poke|p2|Primarina, L50, M|
|teampreview|4
|showteam|p1|Porygon2||Eviolite|Download|TeraBlast,IceBeam,TrickRoom,Recover||||||50|,,,,,Fighting]Incineroar||SitrusBerry|Intimidate|FakeOut,KnockOff,FlareBlitz,PartingShot|||F|||50|,,,,,Ghost]Ursaluna||FlameOrb|Guts|HeadlongRush,Facade,Earthquake,Protect|||F|||50|,,,,,Ghost]Jumpluff||CovertCloak|Chlorophyll|RagePowder,PollenPuff,Tailwind,SleepPowder|||F|||50|,,,,,Water]Charizard||ChoiceSpecs|SolarPower|HeatWave,Overheat,WeatherBall,DragonPulse|||M|||50|,,,,,Ghost]Torkoal||EjectPack|Drought|Overheat,Eruption,HelpingHand,Protect|||F|||50|,,,,,Fire
|showteam|p2|Whimsicott||FocusSash|Prankster|Moonblast,Encore,Tailwind,Taunt|||M|||50|,,,,,Fire]Ursaluna-Bloodmoon||LifeOrb|MindsEye|BloodMoon,EarthPower,VacuumWave,Protect|||M|||50|,,,,,Ghost]Incineroar||SitrusBerry|Intimidate|KnockOff,PartingShot,FlareBlitz,FakeOut|||F|||50|,,,,,Grass]Rillaboom||AssaultVest|GrassySurge|GrassyGlide,HighHorsepower,FakeOut,Uturn|||F|||50|,,,,,Fire]Kingambit||SafetyGoggles|Defiant|SuckerPunch,IronHead,SwordsDance,Protect|||M|||50|,,,,,Flying]Primarina||ThroatSpray|LiquidVoice|HyperVoice,Moonblast,Haze,Protect|||M|||50|,,,,,Grass
|inactive|Battle timer is ON: inactive players will automatically lose when time's up. (requested by Qicide)
|inactive|Clementine1997 has 60 seconds left.
|
|t:|1756238249
|teamsize|p1|4
|teamsize|p2|4
|start
|switch|p1a: Jumpluff|Jumpluff, L50, F|100/100
|switch|p1b: Torkoal|Torkoal, L50, F|100/100
|switch|p2a: Whimsicott|Whimsicott, L50, M, shiny|100/100
|switch|p2b: Ursaluna|Ursaluna-Bloodmoon, L50, M|100/100
|-weather|SunnyDay|[from] ability: Drought|[of] p1b: Torkoal
|turn|1
|inactive|Qicide has 30 seconds left.
|
|t:|1756238281
|switch|p1b: Charizard|Charizard, L50, M, shiny|100/100
|move|p2a: Whimsicott|Taunt|p1a: Jumpluff
|-start|p1a: Jumpluff|move: Taunt
|cant|p1a: Jumpluff|move: Taunt|Tailwind
|move|p2b: Ursaluna|Earth Power|p1b: Charizard
|-immune|p1b: Charizard
|
|-weather|SunnyDay|[upkeep]
|-damage|p1b: Charizard|88/100|[from] ability: Solar Power|[of] p1b: Charizard
|upkeep
|turn|2
|
|t:|1756238293
|move|p2a: Whimsicott|Tailwind|p2a: Whimsicott
|-sidestart|p2: Clementine1997|move: Tailwind
|move|p1a: Jumpluff|Pollen Puff|p1b: Charizard
|-heal|p1b: Charizard|100/100
|move|p2b: Ursaluna|Blood Moon|p1b: Charizard
|-damage|p1b: Charizard|0 fnt
|faint|p1b: Charizard
|-damage|p2b: Ursaluna|91/100|[from] item: Life Orb
|
|-weather|SunnyDay|[upkeep]
|upkeep
|
|t:|1756238305
|switch|p1b: Torkoal|Torkoal, L50, F|100/100
|turn|3
|
|t:|1756238317
|switch|p2a: Incineroar|Incineroar, L50, F, shiny|100/100
|-ability|p2a: Incineroar|Intimidate|boost
|-unboost|p1a: Jumpluff|atk|1
|-unboost|p1b: Torkoal|atk|1
|-enditem|p1b: Torkoal|Eject Pack
|
|t:|1756238322
|switch|p1b: Ursaluna|Ursaluna, L50, F|100/100
|move|p1a: Jumpluff|Pollen Puff|p1b: Ursaluna
|move|p2b: Ursaluna|Earth Power|p1b: Ursaluna
|-damage|p1b: Ursaluna|36/100
|-damage|p2b: Ursaluna|81/100|[from] item: Life Orb
|
|-weather|SunnyDay|[upkeep]
|-end|p1a: Jumpluff|move: Taunt
|-status|p1b: Ursaluna|brn|[from] item: Flame Orb
|upkeep
|turn|4
|
|t:|1756238340
|-terastallize|p1b: Ursaluna|Ghost
|move|p1a: Jumpluff|Sleep Powder|p2b: Ursaluna
|-status|p2b: Ursaluna|slp|[from] move: Sleep Powder
|move|p2a: Incineroar|Knock Off|p1b: Ursaluna
|-supereffective|p1b: Ursaluna
|-crit|p1b: Ursaluna
|-damage|p1b: Ursaluna|0 fnt
|-enditem|p1b: Ursaluna|Flame Orb|[from] move: Knock Off|[of] p2a: Incineroar
|faint|p1b: Ursaluna
|cant|p2b: Ursaluna|slp
|
|-weather|SunnyDay|[upkeep]
|upkeep
|
|t:|1756238347
|switch|p1b: Torkoal|Torkoal, L50, F|100/100
|turn|5
|
|t:|1756238365
|-curestatus|p2b: Ursaluna|slp|[msg]
|move|p2b: Ursaluna|Protect|p2b: Ursaluna
|-singleturn|p2b: Ursaluna|Protect
|move|p1a: Jumpluff|Sleep Powder|p2a: Incineroar
|-status|p2a: Incineroar|slp|[from] move: Sleep Powder
|cant|p2a: Incineroar|slp
|move|p1b: Torkoal|Eruption|p2a: Incineroar|[spread] p2a
|-activate|p2b: Ursaluna|move: Protect
|-resisted|p2a: Incineroar
|-damage|p2a: Incineroar|61/100 slp
|
|-weather|none
|-sideend|p2: Clementine1997|move: Tailwind
|upkeep
|turn|6
|
|t:|1756238386
|move|p2b: Ursaluna|Vacuum Wave|p1b: Torkoal
|-damage|p1b: Torkoal|71/100
|-damage|p2b: Ursaluna|72/100|[from] item: Life Orb
|move|p1a: Jumpluff|Sleep Powder|p2b: Ursaluna
|-status|p2b: Ursaluna|slp|[from] move: Sleep Powder
|cant|p2a: Incineroar|slp
|move|p1b: Torkoal|Eruption|p2b: Ursaluna|[spread] p2a,p2b
|-resisted|p2a: Incineroar
|-damage|p2a: Incineroar|43/100 slp
|-damage|p2b: Ursaluna|26/100 slp
|-enditem|p2a: Incineroar|Sitrus Berry|[eat]
|-heal|p2a: Incineroar|68/100 slp|[from] item: Sitrus Berry
|
|upkeep
|turn|7
|
|t:|1756238399
|cant|p2b: Ursaluna|slp
|move|p1a: Jumpluff|Pollen Puff|p1b: Torkoal
|-heal|p1b: Torkoal|100/100
|-curestatus|p2a: Incineroar|slp|[msg]
|move|p2a: Incineroar|Flare Blitz|p1a: Jumpluff
|-supereffective|p1a: Jumpluff
|-damage|p1a: Jumpluff|0 fnt
|faint|p1a: Jumpluff
|-damage|p2a: Incineroar|36/100|[from] Recoil
|move|p1b: Torkoal|Eruption|p2b: Ursaluna|[spread] p2a,p2b
|-resisted|p2a: Incineroar
|-damage|p2a: Incineroar|14/100
|-damage|p2b: Ursaluna|0 fnt
|faint|p2b: Ursaluna
|
|upkeep
|
|t:|1756238405
|switch|p2b: Whimsicott|Whimsicott, L50, M, shiny|100/100
|turn|8
|
|t:|1756238419
|-terastallize|p2b: Whimsicott|Fire
|move|p2b: Whimsicott|Taunt|p1b: Torkoal
|-start|p1b: Torkoal|move: Taunt
|move|p2a: Incineroar|Knock Off|p1b: Torkoal
|-damage|p1b: Torkoal|77/100
|move|p1b: Torkoal|Eruption|p2b: Whimsicott|[spread] p2a,p2b
|-resisted|p2a: Incineroar
|-resisted|p2b: Whimsicott
|-damage|p2a: Incineroar|0 fnt
|-damage|p2b: Whimsicott|75/100
|faint|p2a: Incineroar
|
|upkeep
|
|t:|1756238424
|switch|p2a: Rillaboom|Rillaboom, L50, F, shiny|100/100
|-fieldstart|move: Grassy Terrain|[from] ability: Grassy Surge|[of] p2a: Rillaboom
|turn|9
|
|t:|1756238432
|move|p2b: Whimsicott|Moonblast|p1b: Torkoal
|-resisted|p1b: Torkoal
|-damage|p1b: Torkoal|58/100
|-unboost|p1b: Torkoal|spa|1
|move|p2a: Rillaboom|High Horsepower|p1b: Torkoal
|-supereffective|p1b: Torkoal
|-damage|p1b: Torkoal|0 fnt
|faint|p1b: Torkoal
|
|win|Clementine1997
||Clementine1997 is ready for game 2.
