|j|☆spellbreakvgc
|j|☆Cm3112
|html|spellbreakvgcCm3112    
|uhtml|bestof|Game 1 of a best-of-3
|t:|1756795059
|gametype|doubles
|player|p1|spellbreakvgc|lance|1129
|player|p2|Cm3112|169|1279
|gen|9
|tier|[Gen 9] VGC 2025 Reg H (Bo3)
|rated|
|rule|Species Clause: Limit one of each Pokémon
|rule|Item Clause: Limit 1 of each item
|clearpoke
|poke|p1|Garchomp, L50, F|
|poke|p1|Weezing-Galar, L50, M|
|poke|p1|Archaludon, L50, M|
|poke|p1|Gholdengo, L50|
|poke|p1|Talonflame, L50, F|
|poke|p1|Annihilape, L50, M|
|poke|p2|Archaludon, L50, F|
|poke|p2|Annihilape, L50, F|
|poke|p2|Maushold-Four, L50|
|poke|p2|Pelipper, L50, F|
|poke|p2|Basculegion, L50, M|
|poke|p2|Sinistcha, L50|
|teampreview|4
|showteam|p1|Garchomp||LifeOrb|RoughSkin|DragonClaw,Earthquake,StompingTantrum,Protect|||F|||50|,,,,,Ground]Weezing-Galar||FocusSash|NeutralizingGas|Protect,SludgeBomb,Taunt,StrangeSteam|||M|||50|,,,,,Flying]Archaludon||PowerHerb|Sturdy|ElectroShot,Thunderbolt,DracoMeteor,Protect|||M|||50|,,,,,Electric]Gholdengo||ChoiceSpecs|GoodasGold|ShadowBall,DazzlingGleam,PowerGem,MakeItRain||||||50|,,,,,Fairy]Talonflame||CovertCloak|GaleWings|Tailwind,DualWingbeat,WillOWisp,FlareBlitz|||F|||50|,,,,,Stellar]Annihilape||AssaultVest|Defiant|CloseCombat,RageFist,FinalGambit,IcePunch|||M|||50|,,,,,Grass
|showteam|p2|Archaludon||AssaultVest|Stamina|FlashCannon,ElectroShot,DracoMeteor,BodyPress|||F|||50|,,,,,Fairy]Annihilape||SafetyGoggles|Defiant|DrainPunch,RageFist,BulkUp,Protect|||F|||50|,,,,,Dragon]Maushold-Four||WideLens|Technician|PopulationBomb,BeatUp,FollowMe,Protect||||||50|,,,,,Ghost]Pelipper||FocusSash|Drizzle|MuddyWater,Hurricane,WideGuard,Tailwind|||F|||50|,,,,,Water]Basculegion||ChoiceBand|SwiftSwim|WaveCrash,FlipTurn,AquaJet,LastRespects|||M|||50|,,,,,Dark]Sinistcha||RockyHelmet|Hospitality|MatchaGotcha,RagePowder,StrengthSap,TrickRoom||||||50|,,,,,Fairy
|inactive|Battle timer is ON: inactive players will automatically lose when time's up. (requested by Cm3112)
|
|t:|1756795089
|teamsize|p1|4
|teamsize|p2|4
|start
|switch|p1a: Talonflame|Talonflame, L50, F|100/100
|switch|p1b: Gholdengo|Gholdengo, L50|100/100
|switch|p2a: Basculegion|Basculegion, L50, M|100/100
|switch|p2b: Archaludon|Archaludon, L50, F|100/100
|turn|1
|inactive|spellbreakvgc has 30 seconds left.
|inactive|Cm3112 has 30 seconds left.
|
|t:|1756795123
|switch|p2b: Pelipper|Pelipper, L50, F|100/100
|-weather|RainDance|[from] ability: Drizzle|[of] p2b: Pelipper
|move|p2a: Basculegion|Aqua Jet|p1a: Talonflame
|-supereffective|p1a: Talonflame
|-damage|p1a: Talonflame|0 fnt
|faint|p1a: Talonflame
|move|p1b: Gholdengo|Make It Rain|p2b: Pelipper|[spread] p2a,p2b
|-resisted|p2a: Basculegion
|-resisted|p2b: Pelipper
|-damage|p2a: Basculegion|61/100
|-damage|p2b: Pelipper|34/100
|-unboost|p1b: Gholdengo|spa|1
|
|-weather|RainDance|[upkeep]
|upkeep
|
|t:|1756795137
|switch|p1a: Archaludon|Archaludon, L50, M|100/100
|turn|2
|
|t:|1756795156
|switch|p2a: Archaludon|Archaludon, L50, F|100/100
|move|p1a: Archaludon|Electro Shot||[still]
|-prepare|p1a: Archaludon|Electro Shot
|-boost|p1a: Archaludon|spa|1
|-anim|p1a: Archaludon|Electro Shot|p2a: Archaludon
|-resisted|p2a: Archaludon
|-damage|p2a: Archaludon|77/100
|-ability|p2a: Archaludon|Stamina|boost
|-boost|p2a: Archaludon|def|1
|move|p1b: Gholdengo|Make It Rain|p2a: Archaludon|[spread] p2a,p2b
|-resisted|p2a: Archaludon
|-resisted|p2b: Pelipper
|-damage|p2a: Archaludon|60/100
|-damage|p2b: Pelipper|0 fnt
|-unboost|p1b: Gholdengo|spa|1
|-ability|p2a: Archaludon|Stamina|boost
|-boost|p2a: Archaludon|def|1
|faint|p2b: Pelipper
|
|-weather|RainDance|[upkeep]
|upkeep
|
|t:|1756795174
|switch|p2b: Basculegion|Basculegion, L50, M|61/100
|turn|3
|inactive|spellbreakvgc has 30 seconds left.
|inactive|spellbreakvgc has 20 seconds left.
|inactive|Cm3112 has 30 seconds left.
|
|t:|1756795219
|switch|p1b: Annihilape|Annihilape, L50, M|100/100
|-terastallize|p2a: Archaludon|Fairy
|move|p2b: Basculegion|Flip Turn|p1a: Archaludon
|-resisted|p1a: Archaludon
|-damage|p1a: Archaludon|70/100
|j| Auragap
|
|t:|1756795226
|switch|p2b: Annihilape|Annihilape, L50, F|100/100|[from] Flip Turn
|move|p1a: Archaludon|Electro Shot||[still]
|-prepare|p1a: Archaludon|Electro Shot
|-boost|p1a: Archaludon|spa|1
|-anim|p1a: Archaludon|Electro Shot|p2b: Annihilape
|-damage|p2b: Annihilape|16/100
|move|p2a: Archaludon|Body Press|p1a: Archaludon
|-supereffective|p1a: Archaludon
|-damage|p1a: Archaludon|0 fnt
|faint|p1a: Archaludon
|
|-weather|RainDance|[upkeep]
|upkeep
|l| Auragap
|
|t:|1756795238
|switch|p1a: Gholdengo|Gholdengo, L50|100/100
|turn|4
|inactive|spellbreakvgc has 30 seconds left.
|inactive|spellbreakvgc has 20 seconds left.
|inactive|spellbreakvgc has 15 seconds left.
|
|t:|1756795282
|-terastallize|p1b: Annihilape|Grass
|move|p2b: Annihilape|Rage Fist|p1a: Gholdengo
|-supereffective|p1a: Gholdengo
|-damage|p1a: Gholdengo|12/100
|move|p1b: Annihilape|Rage Fist|p2a: Archaludon
|-damage|p2a: Archaludon|52/100
|-ability|p2a: Archaludon|Stamina|boost
|-boost|p2a: Archaludon|def|1
|move|p1a: Gholdengo|Make It Rain|p2a: Archaludon|[spread] p2a,p2b
|-supereffective|p2a: Archaludon
|-damage|p2a: Archaludon|0 fnt
|-damage|p2b: Annihilape|0 fnt
|-unboost|p1a: Gholdengo|spa|1
|faint|p2a: Archaludon
|faint|p2b: Annihilape
|
|-weather|RainDance|[upkeep]
|upkeep
|
|t:|1756795296
|switch|p2b: Basculegion|Basculegion, L50, M|61/100
|turn|5
|
|t:|1756795304
|move|p2b: Basculegion|Last Respects|p1b: Annihilape
|-damage|p1b: Annihilape|0 fnt
|faint|p1b: Annihilape
|move|p1a: Gholdengo|Make It Rain|p2b: Basculegion
|-resisted|p2b: Basculegion
|-damage|p2b: Basculegion|23/100
|-unboost|p1a: Gholdengo|spa|1
|
|-weather|none
|upkeep
|turn|6
|-message|spellbreakvgc forfeited.
|
|win|Cm3112
