|j|☆lux raymundi
|j|☆papucaru
|html|lux raymundipapucaru    
|uhtml|bestof|Game 2 of a best-of-3
|t:|1783109051
|gametype|doubles
|player|p1|lux raymundi|2|1133
|player|p2|papucaru|169|1165
|gen|9
|tier|[Gen 9 Champions] VGC 2026 Reg M-B (Bo3)
|rated|
|rule|Species Clause: Limit one of each Pokémon
|rule|Item Clause: Limit 1 of each item
|clearpoke
|poke|p1|Farigiraf, L50, F|
|poke|p1|Floette-Eternal, L50, F|
|poke|p1|Basculegion, L50, M|
|poke|p1|Sneasler, L50, F|
|poke|p1|Sinistcha, L50|
|poke|p1|Delphox, L50, F|
|poke|p2|Blastoise, L50, F|
|poke|p2|Slowking-Galar, L50, M|
|poke|p2|Pelipper, L50, F|
|poke|p2|Archaludon, L50, M|
|poke|p2|Kingambit, L50, M|
|poke|p2|Sylveon, L50, F|
|teampreview|4
|showteam|p1|Farigiraf||SitrusBerry|ArmorTail|TrickRoom,HelpingHand,Protect,TwinBeam|Bold||F|||50|]Floette-Eternal||Floettite|FlowerVeil|CalmMind,DazzlingGleam,Moonblast,Protect|Modest||F|||50|]Basculegion||FocusSash|Adaptability|AquaJet,Liquidation,LastRespects,Protect|Adamant||M|||50|]Sneasler||WhiteHerb|Unburden|FakeOut,CloseCombat,DireClaw,Protect|Jolly||F|||50|]Sinistcha||KasibBerry|Hospitality|MatchaGotcha,RagePowder,TrickRoom,LifeDew|Serious|||||50|]Delphox||Delphoxite|Blaze|NastyPlot,HeatWave,Psychic,Protect|Timid||F|||50|
|showteam|p2|Blastoise||Blastoisinite|Torrent|Protect,FakeOut,WaterSpout,AuraSphere|Modest||F|||50|]Slowking-Galar||MentalHerb|Regenerator|TrickRoom,RainDance,AcidSpray,HealPulse|Relaxed||M|||50|]Pelipper||SitrusBerry|Drizzle|WeatherBall,Uturn,Hurricane,Tailwind|Modest||F|||50|]Archaludon||DragonFang|Sturdy|Protect,DracoMeteor,SteelBeam,ElectroShot|Modest||M|||50|]Kingambit||BlackGlasses|Defiant|Protect,SwordsDance,KowtowCleave,SuckerPunch|Brave||M|||50|]Sylveon||FairyFeather|Pixilate|Detect,QuickAttack,HyperVoice,Psyshock|Modest||F|||50|
|
|t:|1783109075
|teamsize|p1|4
|teamsize|p2|4
|start
|switch|p1a: Sneasler|Sneasler, L50, F|100/100
|switch|p1b: Floette|Floette-Eternal, L50, F|100/100
|switch|p2a: Blastoise|Blastoise, L50, F|100/100
|switch|p2b: Slowking|Slowking-Galar, L50, M|100/100
|turn|1
|
|t:|1783109102
|detailschange|p1b: Floette|Floette-Mega, L50, F
|-mega|p1b: Floette|Floette|Floettite
|-ability|p1b: Floette|Fairy Aura
|detailschange|p2a: Blastoise|Blastoise-Mega, L50, F
|-mega|p2a: Blastoise|Blastoise|Blastoisinite
|move|p1a: Sneasler|Fake Out|p2a: Blastoise
|-damage|p2a: Blastoise|88/100
|cant|p2a: Blastoise|flinch
|move|p1b: Floette|Calm Mind|p1b: Floette
|-boost|p1b: Floette|spa|1
|-boost|p1b: Floette|spd|1
|move|p2b: Slowking|Trick Room|p2b: Slowking
|-fieldstart|move: Trick Room|[of] p2b: Slowking
|
|upkeep
|turn|2
|
|t:|1783109126
|switch|p1a: Sinistcha|Sinistcha, L50|100/100
|move|p1b: Floette|Protect|p1b: Floette
|-singleturn|p1b: Floette|Protect
|move|p2b: Slowking|Acid Spray|p1b: Floette
|-activate|p1b: Floette|move: Protect
|move|p2a: Blastoise|Water Spout|p1b: Floette|[spread] p1a
|-activate|p1b: Floette|move: Protect
|-resisted|p1a: Sinistcha|1
|-damage|p1a: Sinistcha|72/100
|
|upkeep
|turn|3
|
|t:|1783109146
|switch|p2a: Archaludon|Archaludon, L50, M|100/100
|move|p1a: Sinistcha|Rage Powder|p1a: Sinistcha
|-singleturn|p1a: Sinistcha|move: Rage Powder
|move|p2b: Slowking|Acid Spray|p1a: Sinistcha
|-damage|p1a: Sinistcha|58/100
|-unboost|p1a: Sinistcha|spd|2
|move|p1b: Floette|Calm Mind|p1b: Floette
|-boost|p1b: Floette|spa|1
|-boost|p1b: Floette|spd|1
|
|upkeep
|turn|4
|
|t:|1783109179
|move|p2a: Archaludon|Protect|p2a: Archaludon
|-singleturn|p2a: Archaludon|Protect
|move|p1a: Sinistcha|Rage Powder|p1a: Sinistcha
|-singleturn|p1a: Sinistcha|move: Rage Powder
|move|p2b: Slowking|Acid Spray|p1a: Sinistcha
|-damage|p1a: Sinistcha|29/100
|-unboost|p1a: Sinistcha|spd|2
|move|p1b: Floette|Moonblast|p2a: Archaludon
|-activate|p2a: Archaludon|move: Protect
|
|upkeep
|turn|5
|
|t:|1783109203
|switch|p1a: Sneasler|Sneasler, L50, F|100/100
|switch|p2a: Blastoise|Blastoise-Mega, L50, F|88/100
|move|p1b: Floette|Protect|p1b: Floette
|-singleturn|p1b: Floette|Protect
|move|p2b: Slowking|Acid Spray|p1a: Sneasler
|-resisted|p1a: Sneasler|1
|-damage|p1a: Sneasler|89/100
|-unboost|p1a: Sneasler|spd|2
|-enditem|p1a: Sneasler|White Herb
|-clearnegativeboost|p1a: Sneasler|[silent]
|
|-fieldend|move: Trick Room
|upkeep
|turn|6
|
|t:|1783109226
|move|p1a: Sneasler|Fake Out|p2a: Blastoise
|-damage|p2a: Blastoise|76/100
|cant|p2a: Blastoise|flinch
|move|p1b: Floette|Moonblast|p2a: Blastoise
|-damage|p2a: Blastoise|0 fnt
|faint|p2a: Blastoise
|move|p2b: Slowking|Trick Room|p2b: Slowking
|-fieldstart|move: Trick Room|[of] p2b: Slowking
|
|upkeep
|
|t:|1783109246
|switch|p2a: Archaludon|Archaludon, L50, M|100/100
|turn|7
|
|t:|1783109260
|move|p1b: Floette|Protect|p1b: Floette
|-singleturn|p1b: Floette|Protect
|move|p2b: Slowking|Acid Spray|p1a: Sneasler
|-resisted|p1a: Sneasler|1
|-damage|p1a: Sneasler|78/100
|-unboost|p1a: Sneasler|spd|2
|move|p2a: Archaludon|Draco Meteor|p1a: Sneasler
|-damage|p1a: Sneasler|0 fnt
|-unboost|p2a: Archaludon|spa|2
|faint|p1a: Sneasler
|
|upkeep
|
|t:|1783109271
|switch|p1a: Sinistcha|Sinistcha, L50|29/100
|turn|8
|
|t:|1783109297
|move|p2a: Archaludon|Protect|p2a: Archaludon
|-singleturn|p2a: Archaludon|Protect
|move|p2b: Slowking|Acid Spray|p1b: Floette
|-supereffective|p1b: Floette|1
|-damage|p1b: Floette|88/100
|-unboost|p1b: Floette|spd|2
|move|p1a: Sinistcha|Matcha Gotcha|p2b: Slowking|[spread] p2b
|-activate|p2a: Archaludon|move: Protect
|-resisted|p2b: Slowking|1
|-damage|p2b: Slowking|89/100
|-heal|p1a: Sinistcha|35/100|[from] drain|[of] p2b: Slowking
|-status|p2b: Slowking|brn
|move|p1b: Floette|Moonblast|p2a: Archaludon
|-activate|p2a: Archaludon|move: Protect
|
|-damage|p2b: Slowking|83/100 brn|[from] brn
|upkeep
|turn|9
|
|t:|1783109319
|move|p1a: Sinistcha|Rage Powder|p1a: Sinistcha
|-singleturn|p1a: Sinistcha|move: Rage Powder
|move|p2b: Slowking|Acid Spray|p1a: Sinistcha
|-damage|p1a: Sinistcha|20/100y
|-unboost|p1a: Sinistcha|spd|2
|move|p2a: Archaludon|Steel Beam|p1a: Sinistcha
|-damage|p1a: Sinistcha|0 fnt
|-damage|p2a: Archaludon|49/100|[from] steelbeam
|faint|p1a: Sinistcha
|move|p1b: Floette|Moonblast|p2a: Archaludon
|-damage|p2a: Archaludon|0 fnt
|faint|p2a: Archaludon
|
|-damage|p2b: Slowking|77/100 brn|[from] brn
|upkeep
|
|t:|1783109334
|switch|p1a: Basculegion|Basculegion, L50, M|100/100
|switch|p2a: Pelipper|Pelipper, L50, F|100/100
|-weather|RainDance|[from] ability: Drizzle|[of] p2a: Pelipper
|turn|10
|
|t:|1783109351
|move|p1b: Floette|Protect|p1b: Floette
|-singleturn|p1b: Floette|Protect
|move|p2b: Slowking|Acid Spray|p1b: Floette
|-activate|p1b: Floette|move: Protect
|move|p2a: Pelipper|Hurricane|p1b: Floette
|-activate|p1b: Floette|move: Protect
|move|p1a: Basculegion|Last Respects|p2b: Slowking
|-supereffective|p2b: Slowking|1
|-damage|p2b: Slowking|0 fnt
|faint|p2b: Slowking
|
|-weather|RainDance|[upkeep]
|-fieldend|move: Trick Room
|upkeep
|turn|11
|-message|papucaru forfeited.
|
|win|lux raymundi
|raw|lux raymundi's rating: 1133 → 1160(+27 for winning)
|raw|papucaru's rating: 1165 → 1138(-27 for losing)
