|j|☆Julio Potencia
|j|☆bosilek
|html|Julio Potenciabosilek    
|uhtml|bestof|Game 3 of a best-of-3
|t:|1756179286
|gametype|doubles
|player|p1|Julio Potencia|biker-gen4|1033
|player|p2|bosilek|hilbert-wonderlauncher|1071
|gen|9
|tier|[Gen 9] VGC 2025 Reg H (Bo3)
|rated|
|rule|Species Clause: Limit one of each Pokémon
|rule|Item Clause: Limit 1 of each item
|clearpoke
|poke|p1|Electabuzz, L50, F|
|poke|p1|Kingambit, L50, F|
|poke|p1|Volcarona, L50, F|
|poke|p1|Dragonite, L50, F|
|poke|p1|Sneasler, L50, F|
|poke|p1|Rillaboom, L50, M|
|poke|p2|Garchomp, L50, F|
|poke|p2|Incineroar, L50, M|
|poke|p2|Dragonite, L50, F|
|poke|p2|Farigiraf, L50, M|
|poke|p2|Sneasler, L50, M|
|poke|p2|Ninetales-Alola, L50, M|
|teampreview|4
|showteam|p1|Electabuzz||Eviolite|VitalSpirit|FollowMe,Thunderbolt,Taunt,Protect|||F|||50|,,,,,Ghost]Kingambit||BlackGlasses|Defiant|KowtowCleave,SuckerPunch,SwordsDance,Protect|||F|||50|,,,,,Dark]Volcarona||Leftovers|FlameBody|HeatWave,TeraBlast,QuiverDance,Protect|||F|||50|,,,,,Fairy]Dragonite||LoadedDice|Multiscale|ScaleShot,ExtremeSpeed,Haze,Protect|||F|||50|,,,,,Fairy]Sneasler||FocusSash|Unburden|DireClaw,CloseCombat,Coaching,FakeOut|||F|||50|,,,,,Stellar]Rillaboom||AssaultVest|GrassySurge|FakeOut,WoodHammer,GrassyGlide,HighHorsepower|||M|||50|,,,,,Fire
|showteam|p2|Garchomp||LifeOrb|RoughSkin|Protect,Earthquake,DragonClaw,StompingTantrum|||F|||50|,,,,,Ground]Incineroar||SafetyGoggles|Intimidate|FakeOut,PartingShot,KnockOff,FlareBlitz|||M|||50|,,,,,Ghost]Dragonite||LoadedDice|Multiscale|Protect,Tailwind,ScaleShot,ExtremeSpeed|||F|||50|,,,,,Fairy]Farigiraf||RockyHelmet|ArmorTail|DazzlingGleam,PsychicNoise,HelpingHand,TrickRoom|||M|||50|,,,,,Fairy]Sneasler||FocusSash|Unburden|Protect,CloseCombat,DireClaw,Coaching|||M|||50|,,,,,Flying]Ninetales-Alola||CovertCloak|SnowWarning|Blizzard,Moonblast,AuroraVeil,Encore|||M|||50|,,,,,Ghost
|
|t:|1756179325
|teamsize|p1|4
|teamsize|p2|4
|start
|switch|p1a: Sneasler|Sneasler, L50, F|100/100
|switch|p1b: Rillaboom|Rillaboom, L50, M|100/100
|switch|p2a: Garchomp|Garchomp, L50, F, shiny|100/100
|switch|p2b: Dragonite|Dragonite, L50, F|100/100
|-fieldstart|move: Grassy Terrain|[from] ability: Grassy Surge|[of] p1b: Rillaboom
|turn|1
|
|t:|1756179353
|switch|p2a: Farigiraf|Farigiraf, L50, M|100/100
|move|p1a: Sneasler|Fake Out||[still]
|cant|p2a: Farigiraf|ability: Armor Tail|Fake Out|[of] p1a: Sneasler
|move|p2b: Dragonite|Tailwind|p2b: Dragonite
|-sidestart|p2: bosilek|move: Tailwind
|move|p1b: Rillaboom|Wood Hammer|p2a: Farigiraf
|-damage|p2a: Farigiraf|49/100
|-damage|p1b: Rillaboom|84/100|[from] item: Rocky Helmet|[of] p2a: Farigiraf
|-damage|p1b: Rillaboom|65/100|[from] Recoil
|
|-heal|p2a: Farigiraf|55/100|[from] Grassy Terrain
|-heal|p1b: Rillaboom|71/100|[from] Grassy Terrain
|upkeep
|turn|2
|
|t:|1756179385
|switch|p1a: Kingambit|Kingambit, L50, F|100/100
|move|p2b: Dragonite|Scale Shot|p1b: Rillaboom
|-damage|p1b: Rillaboom|56/100
|-damage|p1b: Rillaboom|43/100
|-damage|p1b: Rillaboom|30/100
|-damage|p1b: Rillaboom|16/100
|-hitcount|p1b: Rillaboom|4
|-unboost|p2b: Dragonite|def|1
|-boost|p2b: Dragonite|spe|1
|move|p2a: Farigiraf|Psychic Noise|p1a: Kingambit
|-immune|p1a: Kingambit
|move|p1b: Rillaboom|Wood Hammer|p2a: Farigiraf
|-damage|p2a: Farigiraf|3/100
|-damage|p1b: Rillaboom|0 fnt|[from] item: Rocky Helmet|[of] p2a: Farigiraf
|faint|p1b: Rillaboom
|
|-heal|p2a: Farigiraf|9/100|[from] Grassy Terrain
|upkeep
|
|t:|1756179405
|switch|p1b: Dragonite|Dragonite, L50, F|100/100
|turn|3
|
|t:|1756179427
|switch|p2a: Sneasler|Sneasler, L50, M|100/100
|move|p2b: Dragonite|Protect|p2b: Dragonite
|-singleturn|p2b: Dragonite|Protect
|move|p1b: Dragonite|Protect|p1b: Dragonite
|-singleturn|p1b: Dragonite|Protect
|move|p1a: Kingambit|Kowtow Cleave|p2a: Sneasler
|-resisted|p2a: Sneasler
|-damage|p2a: Sneasler|50/100
|
|-heal|p2a: Sneasler|56/100|[from] Grassy Terrain
|upkeep
|turn|4
|
|t:|1756179475
|-terastallize|p2b: Dragonite|Fairy
|-terastallize|p1b: Dragonite|Fairy
|move|p1a: Kingambit|Protect|p1a: Kingambit
|-singleturn|p1a: Kingambit|Protect
|move|p2b: Dragonite|Extreme Speed|p1b: Dragonite
|-damage|p1b: Dragonite|84/100
|move|p2a: Sneasler|Coaching|p2b: Dragonite
|-boost|p2b: Dragonite|atk|1
|-boost|p2b: Dragonite|def|1
|move|p1b: Dragonite|Scale Shot|p2b: Dragonite
|-immune|p2b: Dragonite
|
|-heal|p2a: Sneasler|62/100|[from] Grassy Terrain
|-heal|p1b: Dragonite|90/100|[from] Grassy Terrain
|-sideend|p2: bosilek|move: Tailwind
|upkeep
|turn|5
|
|t:|1756179527
|switch|p2b: Farigiraf|Farigiraf, L50, M|9/100
|switch|p1a: Sneasler|Sneasler, L50, F|100/100
|move|p2a: Sneasler|Dire Claw|p1b: Dragonite
|-supereffective|p1b: Dragonite
|-damage|p1b: Dragonite|4/100
|move|p1b: Dragonite|Haze|p1b: Dragonite
|-clearallboost
|
|-heal|p2a: Sneasler|68/100|[from] Grassy Terrain
|-heal|p1b: Dragonite|10/100|[from] Grassy Terrain
|-heal|p2b: Farigiraf|15/100|[from] Grassy Terrain
|-fieldend|move: Grassy Terrain
|upkeep
|turn|6
|
|t:|1756179551
|move|p1b: Dragonite|Protect|p1b: Dragonite
|-singleturn|p1b: Dragonite|Protect
|move|p2a: Sneasler|Dire Claw|p1b: Dragonite
|-activate|p1b: Dragonite|move: Protect
|move|p1a: Sneasler|Dire Claw|p2b: Farigiraf
|-damage|p2b: Farigiraf|0 fnt
|-damage|p1a: Sneasler|84/100|[from] item: Rocky Helmet|[of] p2b: Farigiraf
|faint|p2b: Farigiraf
|
|upkeep
|
|t:|1756179563
|switch|p2b: Dragonite|Dragonite, L50, F, tera:Fairy|100/100
|turn|7
|
|t:|1756179575
|move|p1b: Dragonite|Extreme Speed|p2b: Dragonite
|-damage|p2b: Dragonite|85/100
|move|p2b: Dragonite|Extreme Speed|p1b: Dragonite
|-crit|p1b: Dragonite
|-damage|p1b: Dragonite|0 fnt
|faint|p1b: Dragonite
|move|p1a: Sneasler|Dire Claw|p2b: Dragonite
|-supereffective|p2b: Dragonite
|-damage|p2b: Dragonite|0 fnt
|faint|p2b: Dragonite
|move|p2a: Sneasler|Close Combat|p1a: Sneasler
|-resisted|p1a: Sneasler
|-damage|p1a: Sneasler|29/100
|-unboost|p2a: Sneasler|def|1
|-unboost|p2a: Sneasler|spd|1
|
|upkeep
|
|t:|1756179588
|switch|p1b: Kingambit|Kingambit, L50, F|100/100
|switch|p2b: Garchomp|Garchomp, L50, F, shiny|100/100
|turn|8
|
|t:|1756179597
|move|p2a: Sneasler|Protect|p2a: Sneasler
|-singleturn|p2a: Sneasler|Protect
|move|p1b: Kingambit|Protect|p1b: Kingambit
|-singleturn|p1b: Kingambit|Protect
|move|p1a: Sneasler|Close Combat|p2b: Garchomp
|-damage|p2b: Garchomp|33/100
|-unboost|p1a: Sneasler|def|1
|-unboost|p1a: Sneasler|spd|1
|-damage|p1a: Sneasler|17/100|[from] ability: Rough Skin|[of] p2b: Garchomp
|move|p2b: Garchomp|Earthquake|p1a: Sneasler|[spread] p1a
|-activate|p2a: Sneasler|move: Protect
|-activate|p1b: Kingambit|move: Protect
|-supereffective|p1a: Sneasler
|-damage|p1a: Sneasler|0 fnt
|faint|p1a: Sneasler
|-damage|p2b: Garchomp|23/100|[from] item: Life Orb
|
|upkeep
|turn|9
|
|t:|1756179616
|move|p1b: Kingambit|Sucker Punch|p2a: Sneasler
|-resisted|p2a: Sneasler
|-damage|p2a: Sneasler|0 fnt
|faint|p2a: Sneasler
|move|p2b: Garchomp|Stomping Tantrum|p1b: Kingambit
|-supereffective|p1b: Kingambit
|-damage|p1b: Kingambit|29/100
|-damage|p2b: Garchomp|14/100|[from] item: Life Orb
|
|upkeep
|turn|10
|
|t:|1756179630
|move|p2b: Garchomp|Protect|p2b: Garchomp
|-singleturn|p2b: Garchomp|Protect
|move|p1b: Kingambit|Protect||[still]
|-fail|p1b: Kingambit
|
|upkeep
|turn|11
|
|t:|1756179642
|move|p1b: Kingambit|Sucker Punch|p2b: Garchomp
|-damage|p2b: Garchomp|0 fnt
|-damage|p1b: Kingambit|17/100|[from] ability: Rough Skin|[of] p2b: Garchomp
|faint|p2b: Garchomp
|
|win|Julio Potencia
|raw|Julio Potencia's rating: 1033 → 1072(+39 for winning)
|raw|bosilek's rating: 1071 → 1048(-23 for losing)
