|j|☆lebronsusedtoilet
|j|☆failandimprove2
|html|lebronsusedtoiletfailandimprove2    
|uhtml|bestof|Game 1 of a best-of-3
|t:|1782609545
|gametype|doubles
|player|p1|lebronsusedtoilet|169|1057
|player|p2|failandimprove2|2|1141
|gen|9
|tier|[Gen 9 Champions] VGC 2026 Reg M-B (Bo3)
|rated|
|rule|Species Clause: Limit one of each Pokémon
|rule|Item Clause: Limit 1 of each item
|clearpoke
|poke|p1|Tyranitar, L50, M|
|poke|p1|Arcanine-Hisui, L50, M|
|poke|p1|Klefki, L50, M|
|poke|p1|Sandaconda, L50, M|
|poke|p1|Garchomp, L50, F, shiny|
|poke|p1|Sinistcha, L50|
|poke|p2|Incineroar, L50, F|
|poke|p2|Kingambit, L50, F|
|poke|p2|Sneasler, L50, M|
|poke|p2|Floette-Eternal, L50, F|
|poke|p2|Sinistcha, L50|
|poke|p2|Dragonite, L50, F|
|teampreview|4
|showteam|p1|Tyranitar||Tyranitarite|SandStream|RockSlide,Protect,KnockOff,LowKick|Serious||M|||50|]Arcanine-Hisui||FocusSash|Intimidate|FlareBlitz,WillOWisp,Protect,ExtremeSpeed|Adamant||M|||50|]Klefki||Leftovers|Prankster|ThunderWave,TrickRoom,Reflect,Spikes|Relaxed||M|||50|]Sandaconda||BrightPowder|SandVeil|BodyPress,Minimize,IronDefense,ZenHeadbutt|Impish||M|||50|]Garchomp||Garchompite|SandVeil|EarthPower,DracoMeteor,HelpingHand,Protect|Modest||F|||50|]Sinistcha||SitrusBerry|Hospitality|LifeDew,RagePowder,MatchaGotcha,TrickRoom|Modest|||||50|
|showteam|p2|Incineroar||SitrusBerry|Intimidate|FakeOut,FlareBlitz,DarkestLariat,PartingShot|Careful||F|||50|]Kingambit||ChopleBerry|Defiant|KowtowCleave,SuckerPunch,SwordsDance,Protect|Adamant||F|||50|]Sneasler||FocusSash|PoisonTouch|FakeOut,Coaching,CloseCombat,PoisonJab|Jolly||M|||50|]Floette-Eternal||Floettite|FlowerVeil|DrainingKiss,DazzlingGleam,CalmMind,Protect|Bold||F|||50|]Sinistcha||Leftovers|Hospitality|TrickRoom,RagePowder,MatchaGotcha,Protect|Bold|||||50|]Dragonite||LumBerry|Multiscale|ExtremeSpeed,DragonClaw,Protect,FirePunch|Adamant||F|||50|
|inactive|Battle timer is ON: inactive players will automatically lose when time's up. (requested by lebronsusedtoilet)
|inactive|failandimprove2 has 60 seconds left.
|
|t:|1782609615
|teamsize|p1|4
|teamsize|p2|4
|start
|switch|p1a: Klefki|Klefki, L50, M|100/100
|switch|p1b: Garchomp|Garchomp, L50, F, shiny|100/100
|switch|p2a: Kingambit|Kingambit, L50, F|100/100
|switch|p2b: Incineroar|Incineroar, L50, F|100/100
|-ability|p2b: Incineroar|Intimidate|boost
|-unboost|p1a: Klefki|atk|1
|-unboost|p1b: Garchomp|atk|1
|turn|1
|
|t:|1782609638
|move|p1b: Garchomp|Protect|p1b: Garchomp
|-singleturn|p1b: Garchomp|Protect
|move|p2b: Incineroar|Fake Out|p1b: Garchomp
|-activate|p1b: Garchomp|move: Protect
|move|p1a: Klefki|Spikes|p2b: Incineroar
|-sidestart|p2: failandimprove2|Spikes
|move|p2a: Kingambit|Swords Dance|p2a: Kingambit
|-boost|p2a: Kingambit|atk|2
|
|upkeep
|turn|2
|inactive|lebronsusedtoilet has 30 seconds left.
|inactive|failandimprove2 has 30 seconds left.
|inactive|failandimprove2 has 20 seconds left.
|inactive|failandimprove2 has 15 seconds left.
|
|t:|1782609678
|move|p2a: Kingambit|Protect|p2a: Kingambit
|-singleturn|p2a: Kingambit|Protect
|move|p1a: Klefki|Thunder Wave|p2a: Kingambit
|-activate|p2a: Kingambit|move: Protect
|move|p1b: Garchomp|Earth Power|p2b: Incineroar
|-supereffective|p2b: Incineroar|1
|-damage|p2b: Incineroar|39/100
|-enditem|p2b: Incineroar|Sitrus Berry|[eat]
|-heal|p2b: Incineroar|64/100|[from] item: Sitrus Berry
|move|p2b: Incineroar|Parting Shot|p1b: Garchomp
|-unboost|p1b: Garchomp|atk|1
|-unboost|p1b: Garchomp|spa|1
|
|t:|1782609689
|switch|p2b: Sneasler|Sneasler, L50, M|100/100|[from] Parting Shot
|-damage|p2b: Sneasler|87/100|[from] Spikes
|
|upkeep
|turn|3
|
|t:|1782609701
|move|p1b: Garchomp|Protect|p1b: Garchomp
|-singleturn|p1b: Garchomp|Protect
|move|p2b: Sneasler|Fake Out|p1b: Garchomp
|-activate|p1b: Garchomp|move: Protect
|move|p1a: Klefki|Thunder Wave|p2b: Sneasler
|-status|p2b: Sneasler|par
|move|p2a: Kingambit|Swords Dance|p2a: Kingambit
|-boost|p2a: Kingambit|atk|2
|
|upkeep
|turn|4
|inactive|lebronsusedtoilet has 30 seconds left.
|
|t:|1782609733
|move|p1a: Klefki|Reflect|p1a: Klefki
|-sidestart|p1: lebronsusedtoilet|Reflect
|move|p2a: Kingambit|Sucker Punch|p1b: Garchomp
|-damage|p1b: Garchomp|25/100
|move|p1b: Garchomp|Earth Power|p2a: Kingambit
|-supereffective|p2a: Kingambit|1
|-damage|p2a: Kingambit|49/100
|move|p2b: Sneasler|Coaching|p2a: Kingambit
|-boost|p2a: Kingambit|atk|1
|-boost|p2a: Kingambit|def|1
|
|upkeep
|turn|5
|inactive|failandimprove2 has 30 seconds left.
|
|t:|1782609763
|switch|p2b: Sinistcha|Sinistcha, L50|100/100
|-damage|p2b: Sinistcha|87/100|[from] Spikes
|-heal|p2a: Kingambit|74/100|[from] ability: Hospitality|[of] p2b: Sinistcha
|move|p1b: Garchomp|Protect|p1b: Garchomp
|-singleturn|p1b: Garchomp|Protect
|move|p2a: Kingambit|Protect|p2a: Kingambit
|-singleturn|p2a: Kingambit|Protect
|move|p1a: Klefki|Spikes|p2b: Sinistcha
|-sidestart|p2: failandimprove2|Spikes
|
|-heal|p2b: Sinistcha|93/100|[from] item: Leftovers
|upkeep
|turn|6
|inactive|lebronsusedtoilet has 30 seconds left.
|inactive|lebronsusedtoilet has 20 seconds left.
|
|t:|1782609799
|move|p1a: Klefki|Spikes|p2a: Kingambit
|-sidestart|p2: failandimprove2|Spikes
|move|p2a: Kingambit|Sucker Punch|p1b: Garchomp
|-damage|p1b: Garchomp|0 fnt
|faint|p1b: Garchomp
|move|p2b: Sinistcha|Trick Room|p2b: Sinistcha
|-fieldstart|move: Trick Room|[of] p2b: Sinistcha
|
|-heal|p2b: Sinistcha|100/100|[from] item: Leftovers
|upkeep
|
|t:|1782609817
|switch|p1b: Tyranitar|Tyranitar, L50, M|100/100
|-weather|Sandstorm|[from] ability: Sand Stream|[of] p1b: Tyranitar
|turn|7
|
|t:|1782609840
|switch|p2b: Incineroar|Incineroar, L50, F|64/100
|-damage|p2b: Incineroar|39/100|[from] Spikes
|-ability|p2b: Incineroar|Intimidate|boost
|-unboost|p1a: Klefki|atk|1
|-unboost|p1b: Tyranitar|atk|1
|detailschange|p1b: Tyranitar|Tyranitar-Mega, L50, M
|-mega|p1b: Tyranitar|Tyranitar|Tyranitarite
|move|p1a: Klefki|Thunder Wave|p2b: Incineroar
|-hint|Since gen 7, Dark is immune to Prankster moves.
|-immune|p2b: Incineroar
|move|p2a: Kingambit|Kowtow Cleave|p1b: Tyranitar
|-resisted|p1b: Tyranitar|1
|-damage|p1b: Tyranitar|67/100
|move|p1b: Tyranitar|Low Kick|p2a: Kingambit
|-supereffective|p2a: Kingambit|2
|-enditem|p2a: Kingambit|Chople Berry|[eat]
|-enditem|p2a: Kingambit|Chople Berry|[weaken]
|-damage|p2a: Kingambit|44/100
|
|-weather|Sandstorm|[upkeep]
|-damage|p2b: Incineroar|33/100|[from] Sandstorm
|upkeep
|turn|8
|inactive|lebronsusedtoilet has 30 seconds left.
|
|t:|1782609873
|move|p1b: Tyranitar|Protect|p1b: Tyranitar
|-singleturn|p1b: Tyranitar|Protect
|move|p2b: Incineroar|Fake Out|p1b: Tyranitar
|-activate|p1b: Tyranitar|move: Protect
|move|p1a: Klefki|Thunder Wave|p2b: Incineroar
|-hint|Since gen 7, Dark is immune to Prankster moves.
|-immune|p2b: Incineroar
|move|p2a: Kingambit|Kowtow Cleave|p1b: Tyranitar
|-activate|p1b: Tyranitar|move: Protect
|
|-weather|Sandstorm|[upkeep]
|-damage|p2b: Incineroar|27/100|[from] Sandstorm
|-sideend|p1: lebronsusedtoilet|Reflect
|upkeep
|turn|9
|inactive|lebronsusedtoilet has 30 seconds left.
|
|t:|1782609901
|move|p1a: Klefki|Reflect|p1a: Klefki
|-sidestart|p1: lebronsusedtoilet|Reflect
|move|p2a: Kingambit|Kowtow Cleave|p1b: Tyranitar
|-resisted|p1b: Tyranitar|1
|-damage|p1b: Tyranitar|30/100
|move|p2b: Incineroar|Parting Shot|p1b: Tyranitar
|-unboost|p1b: Tyranitar|atk|1
|-unboost|p1b: Tyranitar|spa|1
|
|t:|1782609904
|switch|p2b: Sinistcha|Sinistcha, L50|100/100|[from] Parting Shot
|-damage|p2b: Sinistcha|75/100|[from] Spikes
|-heal|p2a: Kingambit|69/100|[from] ability: Hospitality|[of] p2b: Sinistcha
|move|p1b: Tyranitar|Low Kick|p2a: Kingambit
|-supereffective|p2a: Kingambit|2
|-damage|p2a: Kingambit|28/100
|
|-weather|Sandstorm|[upkeep]
|-damage|p2b: Sinistcha|69/100|[from] Sandstorm
|-heal|p2b: Sinistcha|75/100|[from] item: Leftovers
|upkeep
|turn|10
|inactive|lebronsusedtoilet has 30 seconds left.
|
|t:|1782609931
|switch|p2b: Sneasler|Sneasler, L50, M|87/100 par
|-damage|p2b: Sneasler|63/100 par|[from] Spikes
|switch|p1b: Arcanine|Arcanine-Hisui, L50, M|100/100
|-ability|p1b: Arcanine|Intimidate|boost
|-unboost|p2a: Kingambit|atk|1
|-ability|p2a: Kingambit|Defiant|boost
|-boost|p2a: Kingambit|atk|2
|-unboost|p2b: Sneasler|atk|1
|move|p1a: Klefki|Thunder Wave|p2b: Sneasler|[miss]
|-miss|p1a: Klefki|p2b: Sneasler
|move|p2a: Kingambit|Kowtow Cleave|p1b: Arcanine
|-enditem|p1b: Arcanine|Focus Sash
|-damage|p1b: Arcanine|1/100
|
|-weather|Sandstorm|[upkeep]
|-damage|p2b: Sneasler|57/100 par|[from] Sandstorm
|-fieldend|move: Trick Room
|upkeep
|turn|11
|inactive|lebronsusedtoilet has 30 seconds left.
|
|t:|1782609961
|move|p2b: Sneasler|Fake Out|p1b: Arcanine
|-resisted|p1b: Arcanine|1
|-damage|p1b: Arcanine|0 fnt
|faint|p1b: Arcanine
|move|p1a: Klefki|Spikes||[still]
|-fail|p1a: Klefki
|move|p2a: Kingambit|Kowtow Cleave|p1a: Klefki
|-resisted|p1a: Klefki|1
|-damage|p1a: Klefki|26/100
|
|-weather|none
|-heal|p1a: Klefki|32/100|[from] item: Leftovers
|upkeep
|
|t:|1782609965
|switch|p1b: Tyranitar|Tyranitar-Mega, L50, M|30/100
|-weather|Sandstorm|[from] ability: Sand Stream|[of] p1b: Tyranitar
|turn|12
|
|t:|1782609976
|move|p2a: Kingambit|Protect|p2a: Kingambit
|-singleturn|p2a: Kingambit|Protect
|move|p1a: Klefki|Thunder Wave|p2a: Kingambit
|-activate|p2a: Kingambit|move: Protect
|move|p2b: Sneasler|Close Combat|p1b: Tyranitar
|-supereffective|p1b: Tyranitar|2
|-damage|p1b: Tyranitar|0 fnt
|-unboost|p2b: Sneasler|def|1
|-unboost|p2b: Sneasler|spd|1
|faint|p1b: Tyranitar
|
|-weather|Sandstorm|[upkeep]
|-damage|p2b: Sneasler|51/100 par|[from] Sandstorm
|-heal|p1a: Klefki|38/100|[from] item: Leftovers
|upkeep
|turn|13
|
|t:|1782609991
|move|p2b: Sneasler|Close Combat|p1a: Klefki
|-damage|p1a: Klefki|9/100
|-unboost|p2b: Sneasler|def|1
|-unboost|p2b: Sneasler|spd|1
|move|p2a: Kingambit|Kowtow Cleave|p1a: Klefki
|-resisted|p1a: Klefki|1
|-damage|p1a: Klefki|0 fnt
|faint|p1a: Klefki
|
|win|failandimprove2
