|j|☆Spookz_Legend
|j|☆EnigmaEUW
|html|Spookz_LegendEnigmaEUW    
|uhtml|bestof|Game 2 of a best-of-3
|t:|1757790198
|gametype|doubles
|player|p1|Spookz_Legend|cheren-gen5bw2|
|player|p2|EnigmaEUW|ingo|
|gen|9
|tier|[Gen 9] VGC 2025 Reg H (Bo3)
|rule|Species Clause: Limit one of each Pokémon
|rule|Item Clause: Limit 1 of each item
|clearpoke
|poke|p1|Torkoal, L50, M|
|poke|p1|Lilligant-Hisui, L50, F|
|poke|p1|Zoroark-Hisui, L50, F|
|poke|p1|Ursaluna, L50, M|
|poke|p1|Indeedee-F, L50, F|
|poke|p1|Delphox, L50, F|
|poke|p2|Pelipper, L50, F|
|poke|p2|Archaludon, L50, M|
|poke|p2|Incineroar, L50, F|
|poke|p2|Hydreigon, L50, M|
|poke|p2|Ursaluna, L50, M|
|poke|p2|Amoonguss, L50, F|
|teampreview|4
|showteam|p1|Torkoal||EjectPack|Drought|Eruption,Overheat,EarthPower,Protect|||M|||50|,,,,,Fire]Lilligant-Hisui||FocusSash|Chlorophyll|CloseCombat,TripleAxel,AfterYou,SleepPowder|||F|||50|,,,,,Ghost]Zoroark-Hisui||LifeOrb|Illusion|ShadowBall,HyperVoice,WillOWisp,Protect|||F|||50|,,,,,Dark]Ursaluna||FlameOrb|Guts|HeadlongRush,Facade,Earthquake,Protect|||M|||50|,,,,,Ghost]Indeedee-F||PsychicSeed|PsychicSurge|DazzlingGleam,Protect,FollowMe,TrickRoom|||F|||50|,,,,,Fairy]Delphox||ChoiceScarf|Blaze|HeatWave,ExpandingForce,ScorchingSands,SolarBeam|||F|||50|,,,,,Ground
|showteam|p2|Pelipper||CovertCloak|Drizzle|WeatherBall,Hurricane,Tailwind,Protect|||F|||50|,,,,,Grass]Archaludon||AssaultVest|Stamina|ElectroShot,BodyPress,DracoMeteor,FlashCannon|||M|||50|,,,,,Bug]Incineroar||RockyHelmet|Intimidate|FlareBlitz,KnockOff,FakeOut,PartingShot|||F|||50|,,,,,Grass]Hydreigon||SafetyGoggles|Levitate|Snarl,DracoMeteor,Tailwind,Protect|||M|||50|,,,,,Poison]Ursaluna||FlameOrb|Guts|Facade,Earthquake,HeadlongRush,Protect|||M|||50|,,,,,Ghost]Amoonguss||SitrusBerry|Regenerator|Spore,RagePowder,PollenPuff,Protect|||F|||50|,,,,,Water
|inactive|Battle timer is ON: inactive players will automatically lose when time's up. (requested by EnigmaEUW)
|inactive|Spookz_Legend has 60 seconds left.
|inactive|Spookz_Legend has 30 seconds left.
|inactive|Spookz_Legend has 20 seconds left.
|inactive|Spookz_Legend has 15 seconds left.
|
|t:|1757790277
|teamsize|p1|4
|teamsize|p2|4
|start
|switch|p1a: Dancing Queen|Lilligant-Hisui, L50, F|100/100
|switch|p1b: Delphox|Delphox, L50, F|100/100
|switch|p2a: Hydreigon|Hydreigon, L50, M|100/100
|switch|p2b: Amoonguss|Amoonguss, L50, F|100/100
|turn|1
|
|t:|1757790301
|move|p1b: Delphox|Hyper Voice|p2b: Amoonguss|[spread] p2a,p2b
|-damage|p2a: Hydreigon|54/100
|-damage|p2b: Amoonguss|65/100
|-damage|p1b: Delphox|91/100|[from] item: Life Orb
|move|p1a: Dancing Queen|Triple Axel|p2a: Hydreigon
|-supereffective|p2a: Hydreigon
|-damage|p2a: Hydreigon|41/100
|-supereffective|p2a: Hydreigon
|-damage|p2a: Hydreigon|15/100
|-supereffective|p2a: Hydreigon
|-damage|p2a: Hydreigon|0 fnt
|faint|p2a: Hydreigon
|-hitcount|p2: Hydreigon|3
|move|p2b: Amoonguss|Spore|p1b: Delphox
|-status|p1b: Delphox|slp|[from] move: Spore
|
|upkeep
|
|t:|1757790315
|switch|p2a: Incineroar|Incineroar, L50, F|100/100
|-ability|p2a: Incineroar|Intimidate|boost
|-unboost|p1a: Dancing Queen|atk|1
|-unboost|p1b: Delphox|atk|1
|turn|2
|inactive|Spookz_Legend has 30 seconds left.
|inactive|EnigmaEUW has 30 seconds left.
|
|t:|1757790345
|switch|p1a: Indeed|Indeedee-F, L50, F|100/100
|-fieldstart|move: Psychic Terrain|[from] ability: Psychic Surge|[of] p1a: Indeed
|-enditem|p1a: Indeed|Psychic Seed
|-boost|p1a: Indeed|spd|1|[from] item: Psychic Seed
|-terastallize|p2a: Incineroar|Grass
|cant|p1b: Delphox|slp
|move|p2a: Incineroar|Flare Blitz|p1a: Indeed
|-damage|p1a: Indeed|53/100
|-damage|p2a: Incineroar|86/100|[from] Recoil
|move|p2b: Amoonguss|Pollen Puff|p1a: Indeed
|-supereffective|p1a: Indeed
|-damage|p1a: Indeed|27/100
|
|upkeep
|turn|3
|
|t:|1757790370
|move|p1a: Indeed|Protect|p1a: Indeed
|-singleturn|p1a: Indeed|Protect
|-curestatus|p1b: Delphox|slp|[msg]
|move|p1b: Delphox|Will-O-Wisp|p2a: Incineroar|[miss]
|-miss|p1b: Delphox|p2a: Incineroar
|move|p2a: Incineroar|Knock Off|p1b: Delphox
|-supereffective|p1b: Delphox
|-crit|p1b: Delphox
|-damage|p1b: Delphox|0 fnt
|replace|p1b: Tricked Ya|Zoroark-Hisui, L50, F
|-end|p1b: Tricked Ya|Illusion
|-enditem|p1b: Tricked Ya|Life Orb|[from] move: Knock Off|[of] p2a: Incineroar
|faint|p1b: Tricked Ya
|move|p2b: Amoonguss|Spore|p1a: Indeed
|-activate|p1a: Indeed|move: Protect
|
|upkeep
|
|t:|1757790378
|switch|p1b: Delphox|Delphox, L50, F|100/100
|turn|4
|
|t:|1757790390
|switch|p2a: Pelipper|Pelipper, L50, F|100/100
|-weather|RainDance|[from] ability: Drizzle|[of] p2a: Pelipper
|move|p1a: Indeed|Follow Me|p1a: Indeed
|-singleturn|p1a: Indeed|move: Follow Me
|move|p1b: Delphox|Expanding Force|p2b: Amoonguss|[spread] p2a,p2b
|-supereffective|p2b: Amoonguss
|-damage|p2a: Pelipper|11/100
|-damage|p2b: Amoonguss|0 fnt
|faint|p2b: Amoonguss
|
|-weather|RainDance|[upkeep]
|upkeep
|
|t:|1757790400
|switch|p2b: Incineroar|Incineroar, L50, F, tera:Grass|86/100
|-ability|p2b: Incineroar|Intimidate|boost
|-unboost|p1a: Indeed|atk|1
|-unboost|p1b: Delphox|atk|1
|turn|5
|
|t:|1757790410
|move|p1a: Indeed|Follow Me|p1a: Indeed
|-singleturn|p1a: Indeed|move: Follow Me
|move|p1b: Delphox|Expanding Force|p2a: Pelipper|[spread] p2a,p2b
|-damage|p2a: Pelipper|0 fnt
|-damage|p2b: Incineroar|41/100
|faint|p2a: Pelipper
|move|p2b: Incineroar|Knock Off|p1a: Indeed
|-supereffective|p1a: Indeed
|-damage|p1a: Indeed|0 fnt
|faint|p1a: Indeed
|
|-weather|RainDance|[upkeep]
|upkeep
|
|t:|1757790417
|switch|p1a: Dancing Queen|Lilligant-Hisui, L50, F|100/100
|turn|6
|
|t:|1757790422
|move|p1b: Delphox|Expanding Force|p2b: Incineroar
|-damage|p2b: Incineroar|0 fnt
|faint|p2b: Incineroar
|
|win|Spookz_Legend
||EnigmaEUW is ready for game 3.
||Spookz_Legend is ready for game 3.
|uhtml|next|Next: Game 3 of 3
|l|☆EnigmaEUW
|player|p2|
|j|☆EnigmaEUW
|player|p2|EnigmaEUW|ingo|
