|j|☆rodjilius
|j|☆tessa scarlet
|html|rodjiliustessa scarlet    
|uhtml|bestof|Game 2 of a best-of-3
|t:|1756301384
|gametype|doubles
|player|p1|rodjilius|unknown|1345
|player|p2|tessa scarlet|170|1289
|gen|9
|tier|[Gen 9] VGC 2025 Reg H (Bo3)
|rated|
|rule|Species Clause: Limit one of each Pokémon
|rule|Item Clause: Limit 1 of each item
|clearpoke
|poke|p1|Dragapult, L50, F|
|poke|p1|Sneasler, L50, M|
|poke|p1|Indeedee, L50, M|
|poke|p1|Incineroar, L50, M|
|poke|p1|Typhlosion-Hisui, L50, F|
|poke|p1|Whimsicott, L50, F|
|poke|p2|Volcarona, L50, F|
|poke|p2|Archaludon, L50, M|
|poke|p2|Annihilape, L50, F|
|poke|p2|Dragonite, L50, M|
|poke|p2|Whimsicott, L50, F|
|poke|p2|Incineroar, L50, M|
|teampreview|4
|showteam|p1|Dragapult||ChoiceBand|ClearBody|DragonDarts,PhantomForce,Uturn,Outrage|||F|||50|,,,,,Dragon]Sneasler||PsychicSeed|Unburden|DireClaw,CloseCombat,Protect,ThroatChop|||M|||50|,,,,,Dark]Indeedee||FocusSash|PsychicSurge|ExpandingForce,Imprison,TeraBlast,TrickRoom|||M|||50|,,,,,Fighting]Incineroar||SafetyGoggles|Intimidate|FakeOut,FlareBlitz,KnockOff,PartingShot|||M|||50|,,,,,Bug]Typhlosion-Hisui||ChoiceSpecs|Blaze|Eruption,HeatWave,ShadowBall,Overheat|||F|||50|,,,,,Fire]Whimsicott||CovertCloak|Prankster|Moonblast,Protect,Tailwind,SunnyDay|||F|||50|,,,,,Steel
|showteam|p2|Volcarona||CovertCloak|FlameBody|StruggleBug,HeatWave,RagePowder,WillOWisp|||F|||50|,,,,,Fairy]Archaludon||PowerHerb|Sturdy|DracoMeteor,Protect,ElectroShot,Thunderbolt|||M|||50|,,,,,Electric]Annihilape||SafetyGoggles|Defiant|BulkUp,RageFist,DrainPunch,Protect|||F|||50|,,,,,Water]Dragonite||LoadedDice|Multiscale|ScaleShot,ExtremeSpeed,Protect,Haze|||M|||50|,,,,,Steel]Whimsicott||FocusSash|Prankster|Moonblast,Tailwind,BeatUp,Protect|||F|||50|,,,,,Ghost]Incineroar||AssaultVest|Intimidate|FakeOut,FlareBlitz,KnockOff,Uturn|||M|||50|,,,,,Water
|inactive|Battle timer is ON: inactive players will automatically lose when time's up. (requested by rodjilius)
|
|t:|1756301410
|teamsize|p1|4
|teamsize|p2|4
|start
|switch|p1a: Incineroar|Incineroar, L50, M|100/100
|switch|p1b: Whimsicott|Whimsicott, L50, F|100/100
|switch|p2a: Annihilape|Annihilape, L50, F|100/100
|switch|p2b: Whimsicott|Whimsicott, L50, F|100/100
|-ability|p1a: Incineroar|Intimidate|boost
|-unboost|p2a: Annihilape|atk|1
|-ability|p2a: Annihilape|Defiant|boost
|-boost|p2a: Annihilape|atk|2
|-unboost|p2b: Whimsicott|atk|1
|turn|1
|inactive|tessa scarlet has 30 seconds left.
|inactive|tessa scarlet has 20 seconds left.
|inactive|tessa scarlet has 15 seconds left.
|
|t:|1756301454
|switch|p1a: Dragapult|Dragapult, L50, F|100/100
|move|p2b: Whimsicott|Moonblast|p1a: Dragapult
|-supereffective|p1a: Dragapult
|-damage|p1a: Dragapult|8/100
|move|p1b: Whimsicott|Moonblast|p2b: Whimsicott
|-damage|p2b: Whimsicott|48/100
|move|p2a: Annihilape|Drain Punch|p1a: Dragapult
|-immune|p1a: Dragapult
|
|upkeep
|turn|2
|
|t:|1756301470
|move|p2b: Whimsicott|Tailwind|p2b: Whimsicott
|-sidestart|p2: tessa scarlet|move: Tailwind
|move|p1b: Whimsicott|Tailwind|p1b: Whimsicott
|-sidestart|p1: rodjilius|move: Tailwind
|move|p1a: Dragapult|Phantom Force||[still]
|-prepare|p1a: Dragapult|Phantom Force
|move|p2a: Annihilape|Bulk Up|p2a: Annihilape
|-boost|p2a: Annihilape|atk|1
|-boost|p2a: Annihilape|def|1
|
|upkeep
|turn|3
|
|t:|1756301485
|switch|p2b: Incineroar|Incineroar, L50, M|100/100
|-ability|p2b: Incineroar|Intimidate|boost
|-fail|p1a: Dragapult|unboost|[from] ability: Clear Body|[of] p1a: Dragapult
|-unboost|p1b: Whimsicott|atk|1
|-terastallize|p2a: Annihilape|Water
|move|p1a: Dragapult|Phantom Force|p2a: Annihilape|[from] lockedmove
|-damage|p2a: Annihilape|52/100
|move|p1b: Whimsicott|Moonblast|p2b: Incineroar
|-damage|p2b: Incineroar|80/100
|move|p2a: Annihilape|Rage Fist|p1b: Whimsicott
|-damage|p1b: Whimsicott|0 fnt
|faint|p1b: Whimsicott
|
|upkeep
|
|t:|1756301503
|switch|p1b: Typhlosion|Typhlosion-Hisui, L50, F|100/100
|turn|4
|
|t:|1756301515
|-terastallize|p1b: Typhlosion|Fire
|move|p2a: Annihilape|Protect|p2a: Annihilape
|-singleturn|p2a: Annihilape|Protect
|move|p1a: Dragapult|Phantom Force||[still]
|-prepare|p1a: Dragapult|Phantom Force
|move|p1b: Typhlosion|Overheat|p2b: Incineroar
|-resisted|p2b: Incineroar
|-damage|p2b: Incineroar|36/100
|-unboost|p1b: Typhlosion|spa|2
|move|p2b: Incineroar|Knock Off|p1b: Typhlosion
|-damage|p1b: Typhlosion|38/100
|-enditem|p1b: Typhlosion|Choice Specs|[from] move: Knock Off|[of] p2b: Incineroar
|
|upkeep
|turn|5
|
|t:|1756301530
|switch|p1b: Incineroar|Incineroar, L50, M|100/100
|-ability|p1b: Incineroar|Intimidate|boost
|-unboost|p2a: Annihilape|atk|1
|-ability|p2a: Annihilape|Defiant|boost
|-boost|p2a: Annihilape|atk|2
|-unboost|p2b: Incineroar|atk|1
|move|p1a: Dragapult|Phantom Force|p2a: Annihilape|[from] lockedmove
|-damage|p2a: Annihilape|10/100
|move|p2a: Annihilape|Drain Punch|p1b: Incineroar
|-supereffective|p1b: Incineroar
|-damage|p1b: Incineroar|0 fnt
|-heal|p2a: Annihilape|57/100|[from] drain|[of] p1b: Incineroar
|faint|p1b: Incineroar
|move|p2b: Incineroar|U-turn|p1a: Dragapult
|-resisted|p1a: Dragapult
|-damage|p1a: Dragapult|0 fnt
|faint|p1a: Dragapult
|
|t:|1756301541
|switch|p2b: Whimsicott|Whimsicott, L50, F|48/100|[from] U-turn
|
|-sideend|p2: tessa scarlet|move: Tailwind
|-sideend|p1: rodjilius|move: Tailwind
|upkeep
|-message|rodjilius forfeited.
|
|win|tessa scarlet
|raw|rodjilius's rating: 1345 → 1322(-23 for losing)
|raw|tessa scarlet's rating: 1289 → 1318(+29 for winning)
|l|☆rodjilius
|player|p1|
