|j|☆CometaMiedoso97
|j|☆Awesome Person III
|html|CometaMiedoso97Awesome Person III    
|uhtml|bestof|Game 2 of a best-of-3
|t:|1757718767
|gametype|doubles
|player|p1|CometaMiedoso97|102|1456
|player|p2|Awesome Person III|fisherman-gen4|1483
|gen|9
|tier|[Gen 9] VGC 2025 Reg H (Bo3)
|rated|
|rule|Species Clause: Limit one of each Pokémon
|rule|Item Clause: Limit 1 of each item
|clearpoke
|poke|p1|Pelipper, L50, M|
|poke|p1|Archaludon, L50, F|
|poke|p1|Sinistcha, L50|
|poke|p1|Ursaluna, L50, M|
|poke|p1|Dragonite, L50, M|
|poke|p1|Incineroar, L50, M|
|poke|p2|Dragonite, L50, M|
|poke|p2|Incineroar, L50, M|
|poke|p2|Rillaboom, L50, M|
|poke|p2|Sneasler, L50, F|
|poke|p2|Gholdengo, L50|
|poke|p2|Ursaluna-Bloodmoon, L50, M|
|teampreview|4
|showteam|p1|Pelipper||FocusSash|Drizzle|MuddyWater,Hurricane,Protect,Tailwind|||M|||50|,,,,,Ground]Archaludon||AssaultVest|Stamina|FlashCannon,BodyPress,ElectroShot,Snarl|||F|||50|,,,,,Fighting]Sinistcha||SitrusBerry|Hospitality|MatchaGotcha,LifeDew,RagePowder,TrickRoom||||||50|,,,,,Dark]Ursaluna||FlameOrb|Guts|Protect,Facade,HeadlongRush,Earthquake|||M|||50|,,,,,Ghost]Dragonite||LoadedDice|Multiscale|Protect,ScaleShot,Haze,Tailwind|||M|||50|,,,,,Fairy]Incineroar||SafetyGoggles|Intimidate|FakeOut,PartingShot,KnockOff,FlareBlitz|||M|||50|,,,,,Ghost
|showteam|p2|Dragonite||LoadedDice|Multiscale|ScaleShot,Tailwind,Protect,Haze|||M|||50|,,,,,Fairy]Incineroar||SafetyGoggles|Intimidate|FlareBlitz,KnockOff,FakeOut,PartingShot|||M|||50|,,,,,Ghost]Rillaboom||MiracleSeed|GrassySurge|WoodHammer,GrassyGlide,HighHorsepower,FakeOut|||M|||50|,,,,,Water]Sneasler||FocusSash|Unburden|CloseCombat,DireClaw,ThroatChop,Protect|||F|||50|,,,,,Stellar]Gholdengo||LifeOrb|GoodasGold|MakeItRain,ShadowBall,Protect,NastyPlot||||||50|,,,,,Water]Ursaluna-Bloodmoon||AssaultVest|MindsEye|BloodMoon,EarthPower,HyperVoice,VacuumWave|||M|||50|,,,,,Electric
|inactive|Battle timer is ON: inactive players will automatically lose when time's up. (requested by Awesome Person III)
|inactive|Awesome Person III has 60 seconds left.
|
|t:|1757718818
|teamsize|p1|4
|teamsize|p2|4
|start
|switch|p1a: Dragonite|Dragonite, L50, M|100/100
|switch|p1b: Incineroar|Incineroar, L50, M|100/100
|switch|p2a: Dragonite|Dragonite, L50, M|100/100
|switch|p2b: Sneasler|Sneasler, L50, F|100/100
|-ability|p1b: Incineroar|Intimidate|boost
|-unboost|p2a: Dragonite|atk|1
|-unboost|p2b: Sneasler|atk|1
|turn|1
|
|t:|1757718829
|move|p2b: Sneasler|Protect|p2b: Sneasler
|-singleturn|p2b: Sneasler|Protect
|move|p1b: Incineroar|Fake Out|p2a: Dragonite
|-damage|p2a: Dragonite|95/100
|move|p1a: Dragonite|Tailwind|p1a: Dragonite
|-sidestart|p1: CometaMiedoso97|move: Tailwind
|cant|p2a: Dragonite|flinch
|
|upkeep
|turn|2
|
|t:|1757718848
|switch|p2b: Gholdengo|Gholdengo, L50, shiny|100/100
|-terastallize|p1a: Dragonite|Fairy
|-terastallize|p2a: Dragonite|Fairy
|move|p1a: Dragonite|Scale Shot|p2b: Gholdengo
|-resisted|p2b: Gholdengo
|-damage|p2b: Gholdengo|93/100
|-resisted|p2b: Gholdengo
|-damage|p2b: Gholdengo|85/100
|-resisted|p2b: Gholdengo
|-damage|p2b: Gholdengo|77/100
|-resisted|p2b: Gholdengo
|-damage|p2b: Gholdengo|69/100
|-hitcount|p2b: Gholdengo|4
|-unboost|p1a: Dragonite|def|1
|-boost|p1a: Dragonite|spe|1
|move|p1b: Incineroar|Parting Shot|p2b: Gholdengo
|-immune|p2b: Gholdengo|[from] ability: Good as Gold
|move|p2a: Dragonite|Tailwind|p2a: Dragonite
|-sidestart|p2: Awesome Person III|move: Tailwind
|
|upkeep
|turn|3
|inactive|CometaMiedoso97 has 30 seconds left.
|inactive|Awesome Person III has 30 seconds left.
|
|t:|1757718877
|switch|p1a: Archaludon|Archaludon, L50, F|100/100
|move|p2b: Gholdengo|Make It Rain|p1b: Incineroar|[spread] p1a,p1b
|-resisted|p1a: Archaludon
|-resisted|p1b: Incineroar
|-damage|p1a: Archaludon|78/100
|-damage|p1b: Incineroar|82/100
|-unboost|p2b: Gholdengo|spa|1
|-ability|p1a: Archaludon|Stamina|boost
|-boost|p1a: Archaludon|def|1
|-damage|p2b: Gholdengo|59/100|[from] item: Life Orb
|move|p2a: Dragonite|Scale Shot|p1b: Incineroar
|-damage|p1b: Incineroar|71/100
|-crit|p1b: Incineroar
|-damage|p1b: Incineroar|50/100
|-damage|p1b: Incineroar|41/100
|-damage|p1b: Incineroar|30/100
|-hitcount|p1b: Incineroar|4
|-unboost|p2a: Dragonite|def|1
|-boost|p2a: Dragonite|spe|1
|move|p1b: Incineroar|Knock Off|p2b: Gholdengo
|-supereffective|p2b: Gholdengo
|-damage|p2b: Gholdengo|0 fnt
|-enditem|p2b: Gholdengo|Life Orb|[from] move: Knock Off|[of] p1b: Incineroar
|faint|p2b: Gholdengo
|
|upkeep
|
|t:|1757718883
|switch|p2b: Ursaluna|Ursaluna-Bloodmoon, L50, M|100/100
|turn|4
|
|t:|1757718908
|switch|p1a: Pelipper|Pelipper, L50, M|100/100
|-weather|RainDance|[from] ability: Drizzle|[of] p1a: Pelipper
|switch|p1b: Dragonite|Dragonite, L50, M, tera:Fairy|100/100
|move|p2a: Dragonite|Scale Shot|p1b: Dragonite
|-immune|p1b: Dragonite
|move|p2b: Ursaluna|Earth Power|p1a: Pelipper
|-immune|p1a: Pelipper
|
|-weather|RainDance|[upkeep]
|-sideend|p1: CometaMiedoso97|move: Tailwind
|upkeep
|turn|5
|
|t:|1757718920
|move|p1b: Dragonite|Protect|p1b: Dragonite
|-singleturn|p1b: Dragonite|Protect
|move|p1a: Pelipper|Protect|p1a: Pelipper
|-singleturn|p1a: Pelipper|Protect
|move|p2a: Dragonite|Scale Shot|p1a: Pelipper
|-activate|p1a: Pelipper|move: Protect
|move|p2b: Ursaluna|Hyper Voice|p1b: Dragonite|[spread] 
|-activate|p1a: Pelipper|move: Protect
|-activate|p1b: Dragonite|move: Protect
|
|-weather|RainDance|[upkeep]
|-sideend|p2: Awesome Person III|move: Tailwind
|upkeep
|turn|6
|
|t:|1757718929
|move|p2a: Dragonite|Scale Shot|p1a: Pelipper
|-damage|p1a: Pelipper|87/100
|-damage|p1a: Pelipper|73/100
|-damage|p1a: Pelipper|60/100
|-damage|p1a: Pelipper|47/100
|-damage|p1a: Pelipper|35/100
|-hitcount|p1a: Pelipper|5
|-unboost|p2a: Dragonite|def|1
|-boost|p2a: Dragonite|spe|1
|move|p1b: Dragonite|Scale Shot|p2b: Ursaluna
|-damage|p2b: Ursaluna|89/100
|-damage|p2b: Ursaluna|79/100
|-crit|p2b: Ursaluna
|-damage|p2b: Ursaluna|62/100
|-damage|p2b: Ursaluna|51/100
|-hitcount|p2b: Ursaluna|4
|-unboost|p1b: Dragonite|def|1
|-boost|p1b: Dragonite|spe|1
|move|p1a: Pelipper|Muddy Water|p2b: Ursaluna|[spread] p2a,p2b
|-supereffective|p2b: Ursaluna
|-damage|p2a: Dragonite|45/100
|-damage|p2b: Ursaluna|0 fnt
|-unboost|p2a: Dragonite|accuracy|1
|faint|p2b: Ursaluna
|
|-weather|RainDance|[upkeep]
|upkeep
|
|t:|1757718931
|switch|p2b: Sneasler|Sneasler, L50, F|100/100
|turn|7
|inactive|CometaMiedoso97 has 30 seconds left.
|
|t:|1757718957
|move|p1b: Dragonite|Protect|p1b: Dragonite
|-singleturn|p1b: Dragonite|Protect
|move|p2a: Dragonite|Haze|p2a: Dragonite
|-clearallboost
|move|p2b: Sneasler|Dire Claw|p1b: Dragonite
|-activate|p1b: Dragonite|move: Protect
|move|p1a: Pelipper|Muddy Water|p2a: Dragonite|[spread] p2a,p2b
|-damage|p2a: Dragonite|0 fnt
|-damage|p2b: Sneasler|33/100
|faint|p2a: Dragonite
|
|-weather|RainDance|[upkeep]
|upkeep
|turn|8
|-message|Awesome Person III forfeited.
|
|win|CometaMiedoso97
|l|☆Awesome Person III
|player|p2|
||Awesome Person III is ready for game 3.
|j|☆Awesome Person III
|player|p2|Awesome Person III|fisherman-gen4|
