|j|☆kartonillo
|j|☆RonaldoPlaysVGC
|html|kartonilloRonaldoPlaysVGC    
|uhtml|bestof|Game 3 of a best-of-3
|t:|1786170806
|gametype|doubles
|player|p1|kartonillo|pokemonranger-gen4|1137
|player|p2|RonaldoPlaysVGC|169|1123
|gen|9
|tier|[Gen 9 Champions] VGC 2026 Reg M-B (Bo3)
|rated|
|rule|Species Clause: Limit one of each Pokémon
|rule|Item Clause: Limit 1 of each item
|clearpoke
|poke|p1|Clefable, L50, M|
|poke|p1|Kingambit, L50, F|
|poke|p1|Torkoal, L50, F|
|poke|p1|Delphox, L50, M|
|poke|p1|Dragapult, L50, M|
|poke|p1|Incineroar, L50, F|
|poke|p2|Aerodactyl, L50, M|
|poke|p2|Kingambit, L50, M|
|poke|p2|Farigiraf, L50, F|
|poke|p2|Sylveon, L50, F|
|poke|p2|Charizard, L50, M|
|poke|p2|Garchomp, L50, M|
|teampreview|4
|showteam|p1|Clefable||LifeOrb|MagicGuard|Moonblast,Moonlight,StealthRock,Flamethrower|Bold||M|||50|]Kingambit||ChopleBerry|Defiant|IronHead,SuckerPunch,KowtowCleave,Protect|Adamant||F|||50|]Torkoal||HeatRock|Drought|BodyPress,Protect,Flamethrower,SunnyDay|Relaxed||F|||50|]Delphox||Delphoxite|Magician|NastyPlot,Protect,HeatWave,Psyshock|Timid||M|||50|]Dragapult||LumBerry|ClearBody|PhantomForce,DragonDarts,SuckerPunch,Protect|Jolly||M|||50|]Incineroar||SitrusBerry|Intimidate|FakeOut,DarkestLariat,BrickBreak,PartingShot|Adamant||F|||50|
|showteam|p2|Aerodactyl||Aerodactylite|Unnerve|RockSlide,DualWingbeat,IceFang,Tailwind|Jolly||M|||50|]Kingambit||FocusSash|Defiant|KowtowCleave,SuckerPunch,IronHead,Protect|Adamant||M|||50|]Farigiraf||SitrusBerry|ArmorTail|Psychic,HelpingHand,TrickRoom,Protect|Calm||F|||50|]Sylveon||FairyFeather|Pixilate|HyperVoice,HyperBeam,QuickAttack,Protect|Modest||F|||50|]Charizard||CharizarditeY|Blaze|HeatWave,WeatherBall,SolarBeam,Protect|Modest||M|||50|]Garchomp||LifeOrb|RoughSkin|StompingTantrum,RockSlide,Earthquake,Protect|Adamant||M|||50|
|inactive|Battle timer is ON: inactive players will automatically lose when time's up. (requested by RonaldoPlaysVGC)
|inactive|kartonillo has 60 seconds left.
|inactive|kartonillo has 30 seconds left.
|
|t:|1786170878
|teamsize|p1|4
|teamsize|p2|4
|start
|switch|p1a: Incineroar|Incineroar, L50, F|100/100
|switch|p1b: Clefable|Clefable, L50, M|100/100
|switch|p2a: Aerodactyl|Aerodactyl, L50, M|100/100
|switch|p2b: Kingambit|Kingambit, L50, M|100/100
|-ability|p2a: Aerodactyl|Unnerve
|-ability|p1a: Incineroar|Intimidate|boost
|-unboost|p2a: Aerodactyl|atk|1
|-unboost|p2b: Kingambit|atk|1
|-ability|p2b: Kingambit|Defiant|boost
|-boost|p2b: Kingambit|atk|2
|turn|1
|
|t:|1786170896
|switch|p1b: Kingambit|Kingambit, L50, F|100/100
|detailschange|p2a: Aerodactyl|Aerodactyl-Mega, L50, M
|-mega|p2a: Aerodactyl|Aerodactyl|Aerodactylite
|move|p2a: Aerodactyl|Rock Slide|p1a: Incineroar|[spread] p1a,p1b
|-supereffective|p1a: Incineroar|1
|-resisted|p1b: Kingambit|1
|-damage|p1a: Incineroar|66/100
|-damage|p1b: Kingambit|92/100
|move|p2b: Kingambit|Iron Head|p1b: Kingambit
|-resisted|p1b: Kingambit|1
|-damage|p1b: Kingambit|65/100
|cant|p1a: Incineroar|flinch
|
|upkeep
|turn|2
|inactive|kartonillo has 30 seconds left.
|inactive|RonaldoPlaysVGC has 30 seconds left.
|inactive|RonaldoPlaysVGC has 20 seconds left.
|inactive|RonaldoPlaysVGC has 15 seconds left.
|inactive|RonaldoPlaysVGC has 10 seconds left.
|
|t:|1786170945
|move|p2a: Aerodactyl|Tailwind|p2a: Aerodactyl
|-sidestart|p2: RonaldoPlaysVGC|move: Tailwind
|move|p2b: Kingambit|Kowtow Cleave|p1b: Kingambit
|-resisted|p1b: Kingambit|1
|-damage|p1b: Kingambit|36/100
|move|p1a: Incineroar|Brick Break|p2b: Kingambit
|-supereffective|p2b: Kingambit|2
|-damage|p2b: Kingambit|25/100
|move|p1b: Kingambit|Iron Head|p2a: Aerodactyl
|-supereffective|p2a: Aerodactyl|1
|-damage|p2a: Aerodactyl|0 fnt
|faint|p2a: Aerodactyl
|
|upkeep
|
|t:|1786170955
|switch|p2a: Sylveon|Sylveon, L50, F|100/100
|turn|3
|inactive|kartonillo has 30 seconds left.
|
|t:|1786170981
|move|p2b: Kingambit|Kowtow Cleave|p1a: Incineroar
|-resisted|p1a: Incineroar|1
|-damage|p1a: Incineroar|34/100
|-enditem|p1a: Incineroar|Sitrus Berry|[eat]
|-heal|p1a: Incineroar|59/100|[from] item: Sitrus Berry
|move|p2a: Sylveon|Hyper Voice|p1a: Incineroar|[spread] p1a,p1b
|-crit|p1b: Kingambit
|-damage|p1a: Incineroar|20/100y
|-damage|p1b: Kingambit|0 fnt
|faint|p1b: Kingambit
|move|p1a: Incineroar|Brick Break|p2b: Kingambit
|-supereffective|p2b: Kingambit|2
|-damage|p2b: Kingambit|0 fnt
|faint|p2b: Kingambit
|
|upkeep
|
|t:|1786170995
|switch|p2b: Garchomp|Garchomp, L50, M|100/100
|switch|p1b: Clefable|Clefable, L50, M|100/100
|turn|4
|
|t:|1786171019
|move|p2b: Garchomp|Stomping Tantrum|p1b: Clefable
|-damage|p1b: Clefable|50/100g
|-damage|p2b: Garchomp|90/100|[from] item: Life Orb
|move|p2a: Sylveon|Hyper Voice|p1a: Incineroar|[spread] p1a,p1b
|-damage|p1a: Incineroar|0 fnt
|-damage|p1b: Clefable|8/100
|faint|p1a: Incineroar
|move|p1b: Clefable|Moonblast|p2b: Garchomp
|-supereffective|p2b: Garchomp|1
|-damage|p2b: Garchomp|1/100
|
|upkeep
|
|t:|1786171029
|switch|p1a: Delphox|Delphox, L50, M|100/100
|turn|5
|
|t:|1786171038
|detailschange|p1a: Delphox|Delphox-Mega, L50, M
|-mega|p1a: Delphox|Delphox|Delphoxite
|move|p2b: Garchomp|Rock Slide|p1b: Clefable|[spread] p1a,p1b
|-supereffective|p1a: Delphox|1
|-damage|p1a: Delphox|10/100
|-damage|p1b: Clefable|0 fnt
|faint|p1b: Clefable
|-damage|p2b: Garchomp|0 fnt|[from] item: Life Orb
|faint|p2b: Garchomp
|cant|p1a: Delphox|flinch
|move|p2a: Sylveon|Hyper Beam|p1a: Delphox
|-resisted|p1a: Delphox|1
|-damage|p1a: Delphox|0 fnt
|-mustrecharge|p2a: Sylveon
|faint|p1a: Delphox
|
|win|RonaldoPlaysVGC
|raw|kartonillo's rating: 1137 → 1111(-26 for losing)
|raw|RonaldoPlaysVGC's rating: 1123 → 1149(+26 for winning)
|c|☆kartonillo|realy?
|c|☆kartonillo|4 times
|c|☆RonaldoPlaysVGC|Bro
|c|☆RonaldoPlaysVGC|You wouldn't even kill my Sylveon
|c|☆kartonillo|what?
|c|☆kartonillo|for what?
|c|☆RonaldoPlaysVGC|Last turn
