|j|☆axewgesundheit
|j|☆wade connects
|html|axewgesundheitwade connects    
|uhtml|bestof|Game 3 of a best-of-3
|t:|1755745114
|gametype|doubles
|player|p1|axewgesundheit|aaron|1179
|player|p2|wade connects|102|1254
|gen|9
|tier|[Gen 9] VGC 2025 Reg H (Bo3)
|rated|
|rule|Species Clause: Limit one of each Pokémon
|rule|Item Clause: Limit 1 of each item
|clearpoke
|poke|p1|Basculegion, L50, M|
|poke|p1|Volcarona, L50, F|
|poke|p1|Primarina, L50, M|
|poke|p1|Ursaluna-Bloodmoon, L50, M|
|poke|p1|Rillaboom, L50, F|
|poke|p1|Hitmontop, L50, M|
|poke|p2|Delphox, L50, M|
|poke|p2|Indeedee, L50, M|
|poke|p2|Sneasler, L50, M|
|poke|p2|Clefairy, L50, F|
|poke|p2|Whimsicott, L50, M|
|poke|p2|Ursaluna-Bloodmoon, L50, M|
|teampreview|4
|showteam|p1|Basculegion||ChoiceScarf|Adaptability|WaveCrash,LastRespects,TeraBlast,FlipTurn|||M|||50|,,,,,Fairy]Volcarona||CovertCloak|FlameBody|HeatWave,TeraBlast,Protect,QuiverDance|||F|||50|,,,,,Fairy]Primarina||ThroatSpray|LiquidVoice|HyperVoice,Moonblast,Protect,Haze|||M|||50|,,,,,Ghost]Ursaluna-Bloodmoon||LifeOrb|MindsEye|BloodMoon,EarthPower,HyperVoice,Protect|||M|||50|,,,,,Ghost]Rillaboom||AssaultVest|GrassySurge|WoodHammer,HighHorsepower,GrassyGlide,FakeOut|||F|||50|,,,,,Dragon]Hitmontop||ClearAmulet|Intimidate|CloseCombat,WideGuard,QuickGuard,FakeOut|||M|||50|,,,,,Dark
|showteam|p2|Delphox||ChoiceSpecs|Blaze|HeatWave,Psychic,ExpandingForce,Overheat|||M|||50|,,,,,Psychic]Indeedee||FocusSash|PsychicSurge|Imprison,TrickRoom,TeraBlast,ExpandingForce|||M|||50|,,,,,Fighting]Sneasler||PsychicSeed|Unburden|Protect,DireClaw,CloseCombat,ThroatChop|||M|||50|,,,,,Dark]Clefairy||Eviolite|FriendGuard|FollowMe,AfterYou,Protect,Sing|||F|||50|,,,,,Grass]Whimsicott||CovertCloak|Prankster|Tailwind,SunnyDay,Encore,Moonblast|||M|||50|,,,,,Dark]Ursaluna-Bloodmoon||LifeOrb|MindsEye|Protect,BloodMoon,HyperVoice,EarthPower|||M|||50|,,,,,Normal
|inactive|Battle timer is ON: inactive players will automatically lose when time's up. (requested by axewgesundheit)
|
|t:|1755745147
|teamsize|p1|4
|teamsize|p2|4
|start
|switch|p1a: Volcarona|Volcarona, L50, F|100/100
|switch|p1b: Hitmontop|Hitmontop, L50, M|100/100
|switch|p2a: Sneasler|Sneasler, L50, M, shiny|100/100
|switch|p2b: Whimsicott|Whimsicott, L50, M|100/100
|-ability|p1b: Hitmontop|Intimidate|boost
|-unboost|p2a: Sneasler|atk|1
|-unboost|p2b: Whimsicott|atk|1
|turn|1
|
|t:|1755745160
|move|p2a: Sneasler|Protect|p2a: Sneasler
|-singleturn|p2a: Sneasler|Protect
|move|p1b: Hitmontop|Fake Out|p2a: Sneasler
|-activate|p2a: Sneasler|move: Protect
|move|p2b: Whimsicott|Tailwind|p2b: Whimsicott
|-sidestart|p2: wade connects|move: Tailwind
|move|p1a: Volcarona|Quiver Dance|p1a: Volcarona
|-boost|p1a: Volcarona|spa|1
|-boost|p1a: Volcarona|spd|1
|-boost|p1a: Volcarona|spe|1
|
|upkeep
|turn|2
|
|t:|1755745174
|move|p1b: Hitmontop|Quick Guard|p1b: Hitmontop
|-singleturn|p1b: Hitmontop|Quick Guard
|move|p2b: Whimsicott|Encore|p1a: Volcarona
|-activate|p1a: Volcarona|move: Quick Guard
|move|p2a: Sneasler|Dire Claw|p1b: Hitmontop
|-damage|p1b: Hitmontop|62/100
|-status|p1b: Hitmontop|par
|move|p1a: Volcarona|Heat Wave|p2b: Whimsicott|[spread] p2a,p2b
|-supereffective|p2b: Whimsicott
|-damage|p2a: Sneasler|25/100
|-damage|p2b: Whimsicott|0 fnt
|faint|p2b: Whimsicott
|
|upkeep
|
|t:|1755745191
|switch|p2b: Delphox|Delphox, L50, M|100/100
|turn|3
|
|t:|1755745199
|-terastallize|p2b: Delphox|Psychic
|move|p1b: Hitmontop|Wide Guard|p1b: Hitmontop
|-singleturn|p1b: Hitmontop|Wide Guard
|move|p2a: Sneasler|Dire Claw|p1a: Volcarona
|-damage|p1a: Volcarona|68/100
|-status|p2a: Sneasler|brn|[from] ability: Flame Body|[of] p1a: Volcarona
|move|p2b: Delphox|Psychic|p1a: Volcarona
|-damage|p1a: Volcarona|17/100
|move|p1a: Volcarona|Heat Wave|p2a: Sneasler|[spread] p2a,p2b
|-damage|p2a: Sneasler|0 fnt
|-damage|p2b: Delphox|36/100
|faint|p2a: Sneasler
|
|upkeep
|
|t:|1755745215
|switch|p2a: Indeedee|Indeedee, L50, M|100/100
|-fieldstart|move: Psychic Terrain|[from] ability: Psychic Surge|[of] p2a: Indeedee
|turn|4
|
|t:|1755745224
|move|p1a: Volcarona|Protect|p1a: Volcarona
|-singleturn|p1a: Volcarona|Protect
|move|p2b: Delphox|Psychic|p1a: Volcarona
|-activate|p1a: Volcarona|move: Protect
|move|p2a: Indeedee|Expanding Force|p1b: Hitmontop|[spread] p1b
|-activate|p1a: Volcarona|move: Protect
|-supereffective|p1b: Hitmontop
|-damage|p1b: Hitmontop|0 fnt
|faint|p1b: Hitmontop
|
|-sideend|p2: wade connects|move: Tailwind
|upkeep
|
|t:|1755745235
|switch|p1b: Rillaboom|Rillaboom, L50, F|100/100
|-fieldstart|move: Grassy Terrain|[from] ability: Grassy Surge|[of] p1b: Rillaboom
|turn|5
|
|t:|1755745242
|move|p1b: Rillaboom|Fake Out|p2a: Indeedee
|-damage|p2a: Indeedee|67/100
|move|p1a: Volcarona|Heat Wave|p2b: Delphox|[spread] p2a,p2b
|-damage|p2a: Indeedee|0 fnt
|-damage|p2b: Delphox|0 fnt
|faint|p2a: Indeedee
|faint|p2b: Delphox
|
|win|axewgesundheit
|raw|axewgesundheit's rating: 1179 → 1209(+30 for winning)
|raw|wade connects's rating: 1254 → 1224(-30 for losing)
|c|☆axewgesundheit|gg
|l|☆wade connects
|player|p2|
