|j|☆neuesspielzeug
|j|☆Eneix1234
|html|neuesspielzeugEneix1234    
|uhtml|bestof|Game 3 of a best-of-3
|t:|1784507104
|gametype|doubles
|player|p1|neuesspielzeug|2|1099
|player|p2|Eneix1234|266|1189
|gen|9
|tier|[Gen 9 Champions] VGC 2026 Reg M-B (Bo3)
|rated|
|rule|Species Clause: Limit one of each Pokémon
|rule|Item Clause: Limit 1 of each item
|clearpoke
|poke|p1|Scrafty, L50, M|
|poke|p1|Toxapex, L50, M|
|poke|p1|Meowstic-F, L50, F|
|poke|p1|Chandelure, L50, F|
|poke|p1|Hydreigon, L50, F|
|poke|p1|Sneasler, L50, F|
|poke|p2|Gengar, L50, F|
|poke|p2|Hawlucha, L50, F|
|poke|p2|Ninetales-Alola, L50, F|
|poke|p2|Incineroar, L50, F|
|poke|p2|Maushold-Four, L50|
|poke|p2|Araquanid, L50, F|
|teampreview|4
|showteam|p1|Scrafty||Scraftinite|Intimidate|FakeOut,DrainPunch,KnockOff,PoisonJab|Careful||M|||50|]Toxapex||Leftovers|Regenerator|Infestation,Toxic,BanefulBunker,WideGuard|Bold||M|||50|]Meowstic-F||Meowsticite|KeenEye|PsychicTerrain,ExpandingForce,Protect,ShadowBall|Timid||F|||50|]Chandelure||FocusSash|FlashFire|EnergyBall,HeatWave,ShadowBall,Protect|Timid||F|||50|]Hydreigon||ChoiceScarf|Levitate|DracoMeteor,Snarl,DarkPulse,EarthPower|Modest||F|||50|]Sneasler||LifeOrb|PoisonTouch|FakeOut,CloseCombat,DireClaw,Protect|Jolly||F|||50|
|showteam|p2|Gengar||Gengarite|CursedBody|Protect,Disable,SludgeBomb,ShadowBall|Modest||F|||50|]Hawlucha||FocusSash|Unburden|Protect,DrainPunch,DualWingbeat,Encore|Jolly||F|||50|]Ninetales-Alola||NeverMeltIce|SnowWarning|Protect,Moonblast,Blizzard,Encore|Timid||F|||50|]Incineroar||ExpertBelt|Intimidate|FakeOut,FlareBlitz,DrainPunch,PartingShot|Adamant||F|||50|]Maushold-Four||ChopleBerry|FriendGuard|Protect,FollowMe,Taunt,SuperFang|Jolly|||||50|]Araquanid||MysticWater|WaterBubble|Protect,WideGuard,Liquidation,LeechLife|Brave||F|||50|
|
|t:|1784507134
|teamsize|p1|4
|teamsize|p2|4
|start
|switch|p1a: Toxapex|Toxapex, L50, M|100/100
|switch|p1b: Scrafty|Scrafty, L50, M|100/100
|switch|p2a: Hawlucha|Hawlucha, L50, F|100/100
|switch|p2b: Ninetales|Ninetales-Alola, L50, F|100/100
|-weather|Snowscape|[from] ability: Snow Warning|[of] p2b: Ninetales
|-ability|p1b: Scrafty|Intimidate|boost
|-unboost|p2a: Hawlucha|atk|1
|-unboost|p2b: Ninetales|atk|1
|turn|1
|inactive|Battle timer is ON: inactive players will automatically lose when time's up. (requested by Eneix1234)
|inactive|neuesspielzeug has 60 seconds left.
|
|t:|1784507171
|switch|p1b: Meowstic|Meowstic-F, L50, F|100/100
|move|p2a: Hawlucha|Protect|p2a: Hawlucha
|-singleturn|p2a: Hawlucha|Protect
|move|p2b: Ninetales|Protect|p2b: Ninetales
|-singleturn|p2b: Ninetales|Protect
|move|p1a: Toxapex|Toxic|p2b: Ninetales
|-activate|p2b: Ninetales|move: Protect
|
|-weather|Snowscape|[upkeep]
|upkeep
|turn|2
|inactive|neuesspielzeug has 30 seconds left.
|
|t:|1784507199
|move|p2a: Hawlucha|Dual Wingbeat|p1b: Meowstic
|-damage|p1b: Meowstic|85/100
|-damage|p1b: Meowstic|70/100
|-hitcount|p1b: Meowstic|2
|move|p2b: Ninetales|Blizzard|p1a: Toxapex|[spread] p1a,p1b
|-resisted|p1a: Toxapex|1
|-damage|p1a: Toxapex|87/100
|-damage|p1b: Meowstic|24/100
|move|p1b: Meowstic|Psychic Terrain|p1b: Meowstic
|-fieldstart|move: Psychic Terrain
|move|p1a: Toxapex|Toxic|p2b: Ninetales
|-status|p2b: Ninetales|tox
|
|-weather|Snowscape|[upkeep]
|-heal|p1a: Toxapex|92/100|[from] item: Leftovers
|-damage|p2b: Ninetales|93/100 tox|[from] psn
|upkeep
|turn|3
|
|t:|1784507219
|move|p1b: Meowstic|Protect|p1b: Meowstic
|-singleturn|p1b: Meowstic|Protect
|move|p2a: Hawlucha|Dual Wingbeat|p1b: Meowstic
|-activate|p1b: Meowstic|move: Protect
|move|p2b: Ninetales|Blizzard|p1a: Toxapex|[spread] p1a
|-activate|p1b: Meowstic|move: Protect
|-resisted|p1a: Toxapex|1
|-damage|p1a: Toxapex|80/100
|move|p1a: Toxapex|Infestation|p2a: Hawlucha
|-resisted|p2a: Hawlucha|2
|-damage|p2a: Hawlucha|99/100
|-activate|p2a: Hawlucha|move: Infestation|[of] p1a: Toxapex
|
|-weather|Snowscape|[upkeep]
|-heal|p1a: Toxapex|86/100|[from] item: Leftovers
|-damage|p2b: Ninetales|81/100 tox|[from] psn
|-damage|p2a: Hawlucha|86/100|[from] move: Infestation|[partiallytrapped]
|upkeep
|turn|4
|
|t:|1784507243
|detailschange|p1b: Meowstic|Meowstic-F-Mega, L50, F
|-mega|p1b: Meowstic|Meowstic|Meowsticite
|-ability|p1b: Meowstic|Snow Warning|Trace|[from] ability: Trace|[of] p2b: Ninetales
|move|p1b: Meowstic|Expanding Force|p2a: Hawlucha|[spread] p2a,p2b
|-supereffective|p2a: Hawlucha|1
|-damage|p2a: Hawlucha|0 fnt
|-damage|p2b: Ninetales|15/100 tox
|faint|p2a: Hawlucha
|move|p2b: Ninetales|Blizzard|p1b: Meowstic|[spread] p1a,p1b
|-resisted|p1a: Toxapex|1
|-damage|p1a: Toxapex|75/100
|-damage|p1b: Meowstic|0 fnt
|faint|p1b: Meowstic
|move|p1a: Toxapex|Toxic|p2b: Ninetales
|-fail|p2b: Ninetales|tox
|
|-weather|Snowscape|[upkeep]
|-heal|p1a: Toxapex|80/100|[from] item: Leftovers
|-damage|p2b: Ninetales|0 fnt|[from] psn
|faint|p2b: Ninetales
|upkeep
|inactive|Eneix1234 has 30 seconds left.
|
|t:|1784507270
|switch|p1b: Sneasler|Sneasler, L50, F|100/100
|switch|p2a: Gengar|Gengar, L50, F|100/100
|switch|p2b: Incineroar|Incineroar, L50, F|100/100
|-ability|p2b: Incineroar|Intimidate|boost
|-unboost|p1a: Toxapex|atk|1
|-unboost|p1b: Sneasler|atk|1
|turn|5
|inactive|Eneix1234 has 30 seconds left.
|
|t:|1784507298
|switch|p1b: Scrafty|Scrafty, L50, M|100/100
|-ability|p1b: Scrafty|Intimidate|boost
|-unboost|p2a: Gengar|atk|1
|-unboost|p2b: Incineroar|atk|1
|detailschange|p2a: Gengar|Gengar-Mega, L50, F
|-mega|p2a: Gengar|Gengar|Gengarite
|move|p2a: Gengar|Shadow Ball|p1b: Scrafty
|-resisted|p1b: Scrafty|1
|-damage|p1b: Scrafty|80/100
|move|p2b: Incineroar|Flare Blitz|p1b: Scrafty
|-damage|p1b: Scrafty|42/100
|-damage|p2b: Incineroar|88/100|[from] Recoil
|move|p1a: Toxapex|Toxic|p2b: Incineroar
|-status|p2b: Incineroar|tox
|
|-weather|none
|-heal|p1a: Toxapex|86/100|[from] item: Leftovers
|-damage|p2b: Incineroar|82/100 tox|[from] psn
|upkeep
|turn|6
|inactive|neuesspielzeug has 30 seconds left.
|
|t:|1784507326
|move|p2a: Gengar|Sludge Bomb|p1b: Scrafty
|-damage|p1b: Scrafty|0 fnt
|faint|p1b: Scrafty
|move|p2b: Incineroar|Flare Blitz|p1a: Toxapex
|-resisted|p1a: Toxapex|1
|-damage|p1a: Toxapex|71/100
|-damage|p2b: Incineroar|78/100 tox|[from] Recoil
|move|p1a: Toxapex|Infestation|p2a: Gengar
|-resisted|p2a: Gengar|2
|-damage|p2a: Gengar|99/100
|-activate|p2a: Gengar|move: Infestation|[of] p1a: Toxapex
|
|-heal|p1a: Toxapex|77/100|[from] item: Leftovers
|-damage|p2b: Incineroar|66/100 tox|[from] psn
|-damage|p2a: Gengar|87/100|[from] move: Infestation|[partiallytrapped]
|-fieldend|move: Psychic Terrain
|upkeep
|
|t:|1784507339
|switch|p1b: Sneasler|Sneasler, L50, F|100/100
|turn|7
|
|t:|1784507363
|move|p1b: Sneasler|Fake Out|p2b: Incineroar
|-damage|p2b: Incineroar|49/100 tox
|-damage|p1b: Sneasler|90/100|[from] item: Life Orb
|move|p2a: Gengar|Shadow Ball|p1b: Sneasler
|-damage|p1b: Sneasler|23/100
|cant|p2b: Incineroar|flinch
|move|p1a: Toxapex|Infestation|p2b: Incineroar
|-damage|p2b: Incineroar|46/100 tox
|-activate|p2b: Incineroar|move: Infestation|[of] p1a: Toxapex
|
|-heal|p1a: Toxapex|82/100|[from] item: Leftovers
|-damage|p2b: Incineroar|29/100 tox|[from] psn
|-damage|p2a: Gengar|75/100|[from] move: Infestation|[partiallytrapped]
|-damage|p2b: Incineroar|16/100 tox|[from] move: Infestation|[partiallytrapped]
|upkeep
|turn|8
|
|t:|1784507386
|move|p1b: Sneasler|Protect|p1b: Sneasler
|-singleturn|p1b: Sneasler|Protect
|move|p2a: Gengar|Shadow Ball|p1a: Toxapex
|-damage|p1a: Toxapex|48/100
|move|p2b: Incineroar|Flare Blitz|p1b: Sneasler
|-activate|p1b: Sneasler|move: Protect
|move|p1a: Toxapex|Infestation|p2a: Gengar
|-resisted|p2a: Gengar|2
|-damage|p2a: Gengar|74/100
|
|-heal|p1a: Toxapex|54/100|[from] item: Leftovers
|-damage|p2b: Incineroar|0 fnt|[from] psn
|faint|p2b: Incineroar
|-damage|p2a: Gengar|62/100|[from] move: Infestation|[partiallytrapped]
|upkeep
|turn|9
|
|t:|1784507404
|move|p1b: Sneasler|Dire Claw|p2a: Gengar
|-resisted|p2a: Gengar|2
|-damage|p2a: Gengar|44/100
|-damage|p1b: Sneasler|14/100|[from] item: Life Orb
|move|p2a: Gengar|Shadow Ball|p1b: Sneasler
|-damage|p1b: Sneasler|0 fnt
|faint|p1b: Sneasler
|move|p1a: Toxapex|Infestation|p2a: Gengar
|-resisted|p2a: Gengar|2
|-damage|p2a: Gengar|43/100
|
|-heal|p1a: Toxapex|59/100|[from] item: Leftovers
|-damage|p2a: Gengar|31/100|[from] move: Infestation|[partiallytrapped]
|upkeep
|turn|10
|c|☆Eneix1234|does using toxapex make you feel cool
|inactive|Eneix1234 has 30 seconds left.
|
|t:|1784507430
|move|p1a: Toxapex|Baneful Bunker|p1a: Toxapex
|-singleturn|p1a: Toxapex|move: Protect
|move|p2a: Gengar|Shadow Ball|p1a: Toxapex
|-activate|p1a: Toxapex|move: Protect
|
|-heal|p1a: Toxapex|65/100|[from] item: Leftovers
|-damage|p2a: Gengar|19/100|[from] move: Infestation|[partiallytrapped]
|upkeep
|turn|11
|c|☆neuesspielzeug|it's meta
|c|☆Eneix1234|damn ur weird
|c|☆Eneix1234|lol
|inactive|neuesspielzeug has 30 seconds left.
|c|☆neuesspielzeug|deal with it, if you don't have an answere then it's your fault
|inactive|neuesspielzeug has 20 seconds left.
|
|t:|1784507468
|move|p2a: Gengar|Disable|p1a: Toxapex
|-start|p1a: Toxapex|Disable|Baneful Bunker
|move|p1a: Toxapex|Infestation|p2a: Gengar
|-resisted|p2a: Gengar|2
|-damage|p2a: Gengar|19/100
|
|-heal|p1a: Toxapex|71/100|[from] item: Leftovers
|-end|p2a: Gengar|Infestation|[partiallytrapped]
|upkeep
|turn|12
|
|t:|1784507480
|move|p2a: Gengar|Protect|p2a: Gengar
|-singleturn|p2a: Gengar|Protect
|move|p1a: Toxapex|Infestation|p2a: Gengar
|-activate|p2a: Gengar|move: Protect
|
|-heal|p1a: Toxapex|77/100|[from] item: Leftovers
|upkeep
|turn|13
|
|t:|1784507487
|move|p2a: Gengar|Disable||[still]
|-fail|p2a: Gengar
|move|p1a: Toxapex|Infestation|p2a: Gengar
|-resisted|p2a: Gengar|2
|-damage|p2a: Gengar|18/100
|-activate|p2a: Gengar|move: Infestation|[of] p1a: Toxapex
|
|-heal|p1a: Toxapex|82/100|[from] item: Leftovers
|-damage|p2a: Gengar|6/100|[from] move: Infestation|[partiallytrapped]
|upkeep
|turn|14
|c|☆Eneix1234|lol
|
|t:|1784507502
|move|p2a: Gengar|Shadow Ball|p1a: Toxapex
|-damage|p1a: Toxapex|45/100
|move|p1a: Toxapex|Infestation|p2a: Gengar
|-resisted|p2a: Gengar|2
|-damage|p2a: Gengar|5/100
|
|-heal|p1a: Toxapex|51/100|[from] item: Leftovers
|-damage|p2a: Gengar|0 fnt|[from] move: Infestation|[partiallytrapped]
|faint|p2a: Gengar
|
|win|neuesspielzeug
|raw|neuesspielzeug's rating: 1099 → 1131(+32 for winning)
|raw|Eneix1234's rating: 1189 → 1158(-31 for losing)
