|j|☆useless0o0
|j|☆TobiYume
|html|useless0o0TobiYume    
|uhtml|bestof|Game 1 of a best-of-3
|t:|1757667279
|gametype|doubles
|player|p1|useless0o0|169|1190
|player|p2|TobiYume|roxie|1291
|gen|9
|tier|[Gen 9] VGC 2025 Reg H (Bo3)
|rated|
|rule|Species Clause: Limit one of each Pokémon
|rule|Item Clause: Limit 1 of each item
|clearpoke
|poke|p1|Amoonguss, L50, F|
|poke|p1|Incineroar, L50, F|
|poke|p1|Palafin, L50, M|
|poke|p1|Gholdengo, L50|
|poke|p1|Ursaluna-Bloodmoon, L50, M|
|poke|p1|Dragonite, L50, M|
|poke|p2|Garchomp, L50, M|
|poke|p2|Talonflame, L50, F|
|poke|p2|Sylveon, L50, F|
|poke|p2|Tyranitar, L50, M|
|poke|p2|Decidueye-Hisui, L50, F|
|poke|p2|Gholdengo, L50|
|teampreview|4
|showteam|p1|Amoonguss||MentalHerb|Regenerator|Protect,Spore,RagePowder,PollenPuff|||F|||50|,,,,,Water]Incineroar||SafetyGoggles|Intimidate|FakeOut,FlareBlitz,KnockOff,Uturn|||F|||50|,,,,,Grass]Palafin||ClearAmulet|ZerotoHero|Protect,JetPunch,WaveCrash,DrainPunch|||M|||50|,,,,,Grass]Gholdengo||MetalCoat|GoodasGold|MakeItRain,ShadowBall,NastyPlot,Protect||||||50|,,,,,Steel]Ursaluna-Bloodmoon||LifeOrb|MindsEye|BloodMoon,HyperVoice,EarthPower,Protect|||M|||50|,,,,,Normal]Dragonite||LoadedDice|Multiscale|ScaleShot,StompingTantrum,Tailwind,Protect|||M|||50|,,,,,Fairy
|showteam|p2|Garchomp||LifeOrb|SandVeil|DragonClaw,StompingTantrum,Earthquake,Protect|||M|||50|,,,,,Steel]Talonflame||CovertCloak|GaleWings|Tailwind,WillOWisp,BraveBird,Taunt|||F|||50|,,,,,Grass]Sylveon||ThroatSpray|Pixilate|HyperVoice,HyperBeam,TeraBlast,Protect|||F|||50|,,,,,Water]Tyranitar||AssaultVest|SandStream|RockSlide,KnockOff,TeraBlast,LowKick|||M|||50|,,,,,Flying]Decidueye-Hisui||RazorClaw|Scrappy|TripleArrows,LeafBlade,SuckerPunch,Protect|||F|||50|,,,,,Fire]Gholdengo||Leftovers|GoodasGold|MakeItRain,ShadowBall,NastyPlot,Protect||||||50|,,,,,Dragon
|inactive|Battle timer is ON: inactive players will automatically lose when time's up. (requested by useless0o0)
|inactive|TobiYume has 60 seconds left.
|
|t:|1757667315
|teamsize|p1|4
|teamsize|p2|4
|start
|switch|p1a: Palafin|Palafin, L50, M|100/100
|switch|p1b: Incineroar|Incineroar, L50, F|100/100
|switch|p2a: Elie|Talonflame, L50, F|100/100
|switch|p2b: Noel|Decidueye-Hisui, L50, F|100/100
|-ability|p1b: Incineroar|Intimidate|boost
|-unboost|p2a: Elie|atk|1
|-fail|p2b: Noel|unboost|Attack|[from] ability: Scrappy|[of] p2b: Noel
|turn|1
|inactive|useless0o0 has 30 seconds left.
|inactive|TobiYume has 30 seconds left.
|
|t:|1757667348
|detailschange|p1a: Palafin|Palafin-Hero, L50, M
|switch|p1a: Amoonguss|Amoonguss, L50, F|100/100
|move|p2a: Elie|Tailwind|p2a: Elie
|-sidestart|p2: TobiYume|move: Tailwind
|move|p2b: Noel|Leaf Blade|p1a: Amoonguss
|-resisted|p1a: Amoonguss
|-damage|p1a: Amoonguss|91/100
|move|p1b: Incineroar|U-turn|p2a: Elie
|-resisted|p2a: Elie
|-damage|p2a: Elie|95/100
|
|t:|1757667361
|switch|p1b: Palafin|Palafin-Hero, L50, M|100/100|[from] U-turn
|-activate|p1b: Palafin|ability: Zero to Hero
|
|upkeep
|turn|2
|inactive|useless0o0 has 30 seconds left.
|inactive|TobiYume has 30 seconds left.
|
|t:|1757667388
|switch|p1b: Incineroar|Incineroar, L50, F|100/100
|-ability|p1b: Incineroar|Intimidate|boost
|-unboost|p2a: Elie|atk|1
|-fail|p2b: Noel|unboost|Attack|[from] ability: Scrappy|[of] p2b: Noel
|switch|p1a: Dragonite|Dragonite, L50, M|100/100
|move|p2a: Elie|Taunt|p1a: Dragonite
|-start|p1a: Dragonite|move: Taunt
|move|p2b: Noel|Leaf Blade|p1b: Incineroar
|-resisted|p1b: Incineroar
|-damage|p1b: Incineroar|84/100
|
|upkeep
|turn|3
|inactive|useless0o0 has 30 seconds left.
|inactive|useless0o0 has 20 seconds left.
|
|t:|1757667427
|move|p1b: Incineroar|Fake Out|p2a: Elie
|-damage|p2a: Elie|83/100
|move|p2a: Elie|Will-O-Wisp|p1a: Dragonite
|-status|p1a: Dragonite|brn
|move|p2b: Noel|Triple Arrows|p1b: Incineroar
|-supereffective|p1b: Incineroar
|-crit|p1b: Incineroar
|-damage|p1b: Incineroar|0 fnt
|faint|p1b: Incineroar
|move|p1a: Dragonite|Scale Shot|p2b: Noel
|-damage|p2b: Noel|92/100
|-damage|p2b: Noel|83/100
|-damage|p2b: Noel|73/100
|-damage|p2b: Noel|63/100
|-hitcount|p2b: Noel|4
|-unboost|p1a: Dragonite|def|1
|-boost|p1a: Dragonite|spe|1
|
|-damage|p1a: Dragonite|95/100 brn|[from] brn
|upkeep
|
|t:|1757667443
|switch|p1b: Palafin|Palafin-Hero, L50, M|100/100
|turn|4
|
|t:|1757667452
|-terastallize|p1b: Palafin|Grass
|move|p2a: Elie|Will-O-Wisp|p1b: Palafin
|-status|p1b: Palafin|brn
|move|p2b: Noel|Triple Arrows|p1b: Palafin
|-damage|p1b: Palafin|56/100 brn
|move|p1a: Dragonite|Scale Shot|p2b: Noel
|-damage|p2b: Noel|54/100
|-damage|p2b: Noel|43/100
|-damage|p2b: Noel|34/100
|-damage|p2b: Noel|25/100
|-hitcount|p2b: Noel|4
|-unboost|p1a: Dragonite|def|1
|-boost|p1a: Dragonite|spe|1
|move|p1b: Palafin|Wave Crash|p2a: Elie
|-supereffective|p2a: Elie
|-damage|p2a: Elie|4/100
|-damage|p1b: Palafin|30/100 brn|[from] Recoil
|
|-damage|p1a: Dragonite|89/100 brn|[from] brn
|-damage|p1b: Palafin|24/100 brn|[from] brn
|-end|p1a: Dragonite|move: Taunt
|-sideend|p2: TobiYume|move: Tailwind
|upkeep
|turn|5
|
|t:|1757667469
|move|p1b: Palafin|Jet Punch|p2a: Elie
|-supereffective|p2a: Elie
|-damage|p2a: Elie|0 fnt
|faint|p2a: Elie
|move|p2b: Noel|Sucker Punch|p1a: Dragonite
|-damage|p1a: Dragonite|44/100 brn
|move|p1a: Dragonite|Stomping Tantrum|p2b: Noel
|-resisted|p2b: Noel
|-damage|p2b: Noel|15/100
|
|-damage|p1a: Dragonite|39/100 brn|[from] brn
|-damage|p1b: Palafin|18/100 brn|[from] brn
|upkeep
|
|t:|1757667483
|switch|p2a: Randy|Tyranitar, L50, M|100/100
|-weather|Sandstorm|[from] ability: Sand Stream|[of] p2a: Randy
|turn|6
|
|t:|1757667492
|-terastallize|p2a: Randy|Flying
|move|p1b: Palafin|Jet Punch|p2a: Randy
|-damage|p2a: Randy|86/100
|move|p2b: Noel|Sucker Punch||[still]
|-fail|p2b: Noel
|move|p1a: Dragonite|Tailwind|p1a: Dragonite
|-sidestart|p1: useless0o0|move: Tailwind
|move|p2a: Randy|Rock Slide|p1a: Dragonite|[spread] p1a,p1b
|-supereffective|p1a: Dragonite
|-damage|p1a: Dragonite|0 fnt
|-damage|p1b: Palafin|0 fnt
|faint|p1a: Dragonite
|faint|p1b: Palafin
|
|-weather|Sandstorm|[upkeep]
|-damage|p2b: Noel|9/100|[from] Sandstorm
|-damage|p2a: Randy|79/100|[from] Sandstorm
|upkeep
|
|t:|1757667502
|switch|p1b: Amoonguss|Amoonguss, L50, F|100/100
|turn|7
|-message|useless0o0 forfeited.
|
|win|TobiYume
|l|☆useless0o0
|player|p1|
||TobiYume is ready for game 2.
||useless0o0 is ready for game 2.
|uhtml|next|Next: Game 2 of 3
