|j|☆abadanriyi92
|j|☆AyushXD
|html|abadanriyi92AyushXD    
|uhtml|bestof|Game 2 of a best-of-3
|t:|1785902511
|gametype|doubles
|player|p1|abadanriyi92|colress|1277
|player|p2|AyushXD|lucas|1337
|gen|9
|tier|[Gen 9 Champions] VGC 2026 Reg M-B (Bo3)
|rated|
|rule|Species Clause: Limit one of each Pokémon
|rule|Item Clause: Limit 1 of each item
|clearpoke
|poke|p1|Tyranitar, L50, F|
|poke|p1|Excadrill, L50, F|
|poke|p1|Milotic, L50, M|
|poke|p1|Sinistcha, L50|
|poke|p1|Staraptor, L50, M|
|poke|p1|Gholdengo, L50|
|poke|p2|Gengar, L50, M, shiny|
|poke|p2|Archaludon, L50, M|
|poke|p2|Politoed, L50, F|
|poke|p2|Swampert, L50, M|
|poke|p2|Vivillon, L50, F|
|poke|p2|Incineroar, L50, M|
|teampreview|4
|showteam|p1|Tyranitar||Tyranitarite|SandStream|KnockOff,RockSlide,HighHorsepower,Protect|Jolly||F|||50|]Excadrill||FocusSash|SandRush|Earthquake,IronHead,RockSlide,Protect|Adamant||F|||50|]Milotic||SitrusBerry|Competitive|Scald,IcyWind,Haze,Protect|Calm||M|||50|]Sinistcha||ColburBerry|Hospitality|MatchaGotcha,ShadowBall,Protect,RagePowder|Bold|||||50|]Staraptor||Staraptite|Intimidate|CloseCombat,BraveBird,Tailwind,Protect|Jolly||M|||50|]Gholdengo||LifeOrb|GoodasGold|MakeItRain,ShadowBall,NastyPlot,Protect|Modest|||||50|
|showteam|p2|Gengar||Gengarite|CursedBody|ShadowBall,SludgeBomb,PerishSong,Protect|Modest||M|||50|]Archaludon||Leftovers|Stamina|ElectroShot,DragonPulse,FlashCannon,Protect|Bold||M|||50|]Politoed||SitrusBerry|Drizzle|WeatherBall,Hypnosis,PerishSong,Protect|Calm||F|||50|]Swampert||Swampertite|Torrent|WaveCrash,Earthquake,IcePunch,Protect|Adamant||M|||50|]Vivillon||FocusSash|CompoundEyes|Hurricane,SleepPowder,RagePowder,Protect|Timid||F|||50|]Incineroar||PasshoBerry|Intimidate|ThroatChop,FakeOut,PartingShot,Protect|Impish||M|||50|
|
|t:|1785902532
|teamsize|p1|4
|teamsize|p2|4
|start
|switch|p1a: Milotic|Milotic, L50, M|100/100
|switch|p1b: Gholdengo|Gholdengo, L50|100/100
|switch|p2a: Swampert|Swampert, L50, M|100/100
|switch|p2b: Vivillon|Vivillon, L50, F|100/100
|turn|1
|inactive|Battle timer is ON: inactive players will automatically lose when time's up. (requested by AyushXD)
|
|t:|1785902546
|detailschange|p2a: Swampert|Swampert-Mega, L50, M
|-mega|p2a: Swampert|Swampert|Swampertite
|move|p1b: Gholdengo|Protect|p1b: Gholdengo
|-singleturn|p1b: Gholdengo|Protect
|move|p2b: Vivillon|Sleep Powder|p1a: Milotic
|-status|p1a: Milotic|slp|[from] move: Sleep Powder
|move|p2a: Swampert|Earthquake|p1b: Gholdengo|[spread] p1a
|-activate|p1b: Gholdengo|move: Protect
|-immune|p2b: Vivillon
|-damage|p1a: Milotic|55/100 slp
|cant|p1a: Milotic|slp
|
|upkeep
|turn|2
|inactive|abadanriyi92 has 30 seconds left.
|
|t:|1785902573
|switch|p1b: Sinistcha|Sinistcha, L50|100/100
|-heal|p1a: Milotic|80/100 slp|[from] ability: Hospitality|[of] p1b: Sinistcha
|move|p2b: Vivillon|Hurricane|p1a: Milotic
|-damage|p1a: Milotic|50/100g slp
|-start|p1a: Milotic|confusion
|move|p2a: Swampert|Earthquake|p1a: Milotic|[spread] p1a,p1b
|-immune|p2b: Vivillon
|-resisted|p1b: Sinistcha|1
|-damage|p1a: Milotic|7/100 slp
|-damage|p1b: Sinistcha|80/100
|-enditem|p1a: Milotic|Sitrus Berry|[eat]
|-heal|p1a: Milotic|32/100 slp|[from] item: Sitrus Berry
|cant|p1a: Milotic|slp
|
|upkeep
|turn|3
|
|t:|1785902590
|switch|p1b: Staraptor|Staraptor, L50, M|100/100
|-ability|p1b: Staraptor|Intimidate|boost
|-unboost|p2a: Swampert|atk|1
|-unboost|p2b: Vivillon|atk|1
|-curestatus|p1a: Milotic|slp|[msg]
|-activate|p1a: Milotic|confusion
|move|p1a: Milotic|Protect|p1a: Milotic
|-singleturn|p1a: Milotic|Protect
|move|p2b: Vivillon|Hurricane|p1b: Staraptor
|-damage|p1b: Staraptor|38/100
|move|p2a: Swampert|Earthquake|p1a: Milotic|[spread] 
|-activate|p1a: Milotic|move: Protect
|-immune|p2b: Vivillon
|-immune|p1b: Staraptor
|
|upkeep
|turn|4
|inactive|abadanriyi92 has 30 seconds left.
|inactive|AyushXD has 30 seconds left.
|
|t:|1785902621
|switch|p2b: Politoed|Politoed, L50, F|100/100
|-weather|RainDance|[from] ability: Drizzle|[of] p2b: Politoed
|detailschange|p1b: Staraptor|Staraptor-Mega, L50, M
|-mega|p1b: Staraptor|Staraptor|Staraptite
|move|p2a: Swampert|Wave Crash|p1b: Staraptor
|-crit|p1b: Staraptor
|-damage|p1b: Staraptor|0 fnt
|faint|p1b: Staraptor
|-damage|p2a: Swampert|86/100|[from] Recoil
|-end|p1a: Milotic|confusion
|move|p1a: Milotic|Icy Wind|p2b: Politoed|[spread] p2a,p2b
|-resisted|p2b: Politoed|1
|-damage|p2a: Swampert|76/100
|-damage|p2b: Politoed|96/100
|-unboost|p2a: Swampert|spe|1
|-unboost|p2b: Politoed|spe|1
|
|-weather|RainDance|[upkeep]
|upkeep
|
|t:|1785902642
|switch|p1b: Sinistcha|Sinistcha, L50|80/100
|-heal|p1a: Milotic|56/100|[from] ability: Hospitality|[of] p1b: Sinistcha
|turn|5
|
|t:|1785902660
|switch|p2a: Archaludon|Archaludon, L50, M|100/100
|switch|p2b: Vivillon|Vivillon, L50, F|100/100
|move|p1a: Milotic|Icy Wind|p2a: Archaludon|[spread] p2a,p2b
|-supereffective|p2b: Vivillon|1
|-damage|p2a: Archaludon|90/100
|-damage|p2b: Vivillon|60/100
|-unboost|p2a: Archaludon|spe|1
|-unboost|p2b: Vivillon|spe|1
|-ability|p2a: Archaludon|Stamina|boost
|-boost|p2a: Archaludon|def|1
|move|p1b: Sinistcha|Matcha Gotcha|p2a: Archaludon|[spread] p2b
|-miss|p1b: Sinistcha|p2a: Archaludon
|-resisted|p2b: Vivillon|2
|-crit|p2b: Vivillon
|-damage|p2b: Vivillon|41/100
|-heal|p1b: Sinistcha|89/100|[from] drain|[of] p2b: Vivillon
|-status|p2b: Vivillon|brn
|
|-weather|RainDance|[upkeep]
|-heal|p2a: Archaludon|96/100|[from] item: Leftovers
|-damage|p2b: Vivillon|35/100 brn|[from] brn
|upkeep
|turn|6
|inactive|abadanriyi92 has 30 seconds left.
|
|t:|1785902688
|move|p1b: Sinistcha|Rage Powder|p1b: Sinistcha
|-singleturn|p1b: Sinistcha|move: Rage Powder
|move|p1a: Milotic|Scald|p2b: Vivillon
|-damage|p2b: Vivillon|0 fnt
|faint|p2b: Vivillon
|move|p2a: Archaludon|Electro Shot||[still]
|-prepare|p2a: Archaludon|Electro Shot
|-boost|p2a: Archaludon|spa|1
|-anim|p2a: Archaludon|Electro Shot|p1b: Sinistcha
|-resisted|p1b: Sinistcha|1
|-damage|p1b: Sinistcha|60/100
|
|-weather|RainDance|[upkeep]
|-heal|p2a: Archaludon|100/100|[from] item: Leftovers
|upkeep
|
|t:|1785902708
|switch|p2b: Swampert|Swampert-Mega, L50, M|76/100
|turn|7
|
|t:|1785902723
|move|p2b: Swampert|Protect|p2b: Swampert
|-singleturn|p2b: Swampert|Protect
|move|p1a: Milotic|Protect|p1a: Milotic
|-singleturn|p1a: Milotic|Protect
|move|p1b: Sinistcha|Protect|p1b: Sinistcha
|-singleturn|p1b: Sinistcha|Protect
|move|p2a: Archaludon|Electro Shot||[still]
|-prepare|p2a: Archaludon|Electro Shot
|-boost|p2a: Archaludon|spa|1
|-anim|p2a: Archaludon|Electro Shot|p1a: Milotic
|-activate|p1a: Milotic|move: Protect
|
|-weather|RainDance|[upkeep]
|upkeep
|turn|8
|
|t:|1785902749
|move|p2b: Swampert|Ice Punch|p1b: Sinistcha
|-supereffective|p1b: Sinistcha|1
|-damage|p1b: Sinistcha|12/100
|move|p1a: Milotic|Haze|p1a: Milotic
|-clearallboost
|move|p2a: Archaludon|Electro Shot||[still]
|-prepare|p2a: Archaludon|Electro Shot
|-boost|p2a: Archaludon|spa|1
|-anim|p2a: Archaludon|Electro Shot|p1a: Milotic
|-supereffective|p1a: Milotic|1
|-damage|p1a: Milotic|0 fnt
|faint|p1a: Milotic
|move|p1b: Sinistcha|Matcha Gotcha|p2b: Swampert|[spread] p2a,p2b
|-resisted|p2a: Archaludon|2
|-supereffective|p2b: Swampert|2
|-damage|p2a: Archaludon|94/100
|-heal|p1b: Sinistcha|14/100|[from] drain|[of] p2a: Archaludon
|-damage|p2b: Swampert|0 fnt
|-heal|p1b: Sinistcha|53/100|[from] drain|[of] p2b: Swampert
|-ability|p2a: Archaludon|Stamina|boost
|-boost|p2a: Archaludon|def|1
|faint|p2b: Swampert
|
|-weather|none
|-heal|p2a: Archaludon|100/100|[from] item: Leftovers
|upkeep
|
|t:|1785902772
|switch|p2b: Politoed|Politoed, L50, F|96/100
|switch|p1a: Gholdengo|Gholdengo, L50|100/100
|-weather|RainDance|[from] ability: Drizzle|[of] p2b: Politoed
|turn|9
|inactive|abadanriyi92 has 30 seconds left.
|
|t:|1785902801
|move|p1b: Sinistcha|Rage Powder|p1b: Sinistcha
|-singleturn|p1b: Sinistcha|move: Rage Powder
|move|p1a: Gholdengo|Nasty Plot|p1a: Gholdengo
|-boost|p1a: Gholdengo|spa|2
|move|p2a: Archaludon|Electro Shot||[still]
|-prepare|p2a: Archaludon|Electro Shot
|-boost|p2a: Archaludon|spa|1
|-anim|p2a: Archaludon|Electro Shot|p1b: Sinistcha
|-resisted|p1b: Sinistcha|1
|-damage|p1b: Sinistcha|18/100
|move|p2b: Politoed|Weather Ball|p1b: Sinistcha
|-resisted|p1b: Sinistcha|1
|-damage|p1b: Sinistcha|0 fnt
|faint|p1b: Sinistcha
|
|-weather|RainDance|[upkeep]
|upkeep
|turn|10
|
|t:|1785902819
|move|p2a: Archaludon|Protect|p2a: Archaludon
|-singleturn|p2a: Archaludon|Protect
|move|p1a: Gholdengo|Shadow Ball|p2a: Archaludon
|-activate|p2a: Archaludon|move: Protect
|move|p2b: Politoed|Weather Ball|p1a: Gholdengo
|-damage|p1a: Gholdengo|52/100
|
|-weather|RainDance|[upkeep]
|upkeep
|turn|11
|
|t:|1785902830
|move|p1a: Gholdengo|Shadow Ball|p2a: Archaludon
|-damage|p2a: Archaludon|0 fnt
|faint|p2a: Archaludon
|-damage|p1a: Gholdengo|42/100|[from] item: Life Orb
|move|p2b: Politoed|Weather Ball|p1a: Gholdengo
|-damage|p1a: Gholdengo|0 fnt
|faint|p1a: Gholdengo
|
|win|AyushXD
||AyushXD is ready for game 3.
