|j|☆ladderingwithcalys
|j|☆palle synchro
|html|ladderingwithcalyspalle synchro    
|uhtml|bestof|Game 2 of a best-of-3
|t:|1756990563
|gametype|doubles
|player|p1|ladderingwithcalys|2|1378
|player|p2|palle synchro|volkner|1368
|gen|9
|tier|[Gen 9] VGC 2025 Reg H (Bo3)
|rated|
|rule|Species Clause: Limit one of each Pokémon
|rule|Item Clause: Limit 1 of each item
|clearpoke
|poke|p1|Archaludon, L50, M|
|poke|p1|Pelipper, L50, M|
|poke|p1|Kingdra, L50, M|
|poke|p1|Toedscruel, L50, M|
|poke|p1|Comfey, L50, M|
|poke|p1|Weezing-Galar, L50, M|
|poke|p2|Whimsicott, L50, M|
|poke|p2|Corviknight, L50, M|
|poke|p2|Indeedee, L50, M|
|poke|p2|Sneasler, L50, F|
|poke|p2|Ursaluna-Bloodmoon, L50, M|
|poke|p2|Archaludon, L50, F|
|teampreview|4
|showteam|p1|Archaludon||AssaultVest|Stamina|ElectroShot,BodyPress,FlashCannon,Snarl|||M|||50|,,,,,Grass]Pelipper||ChoiceScarf|Drizzle|Tailwind,Hurricane,WeatherBall,Uturn|||M|||50|,,,,,Ghost]Kingdra||LifeOrb|SwiftSwim|Protect,WeatherBall,DracoMeteor,Surf|||M|||50|,,,,,Stellar]Toedscruel||CovertCloak|MyceliumMight|Spore,EarthPower,BulletSeed,Protect|||M|||50|,,,,,Water]Comfey||SafetyGoggles|Triage|DrainingKiss,FloralHealing,LightScreen,Protect|||M|||50|,,,,,Steel]Weezing-Galar||ChoiceSpecs|NeutralizingGas|AromaticMist,SludgeBomb,ClearSmog,DazzlingGleam|||M|||50|,,,,,Ghost
|showteam|p2|Whimsicott||CovertCloak|Prankster|Moonblast,Taunt,Tailwind,FakeTears|||M|||50|,,,,,Water]Corviknight||Leftovers|MirrorArmor|BraveBird,BulkUp,Tailwind,Roost|||M|||50|,,,,,Dragon]Indeedee||FocusSash|PsychicSurge|ExpandingForce,TeraBlast,Imprison,TrickRoom|||M|||50|,,,,,Psychic]Sneasler||PsychicSeed|Unburden|CloseCombat,DireClaw,ThroatChop,Protect|||F|||50|,,,,,Dark]Ursaluna-Bloodmoon||LifeOrb|MindsEye|HyperVoice,BloodMoon,EarthPower,Protect|||M|||50|,,,,,Normal]Archaludon||PowerHerb|Stalwart|ElectroShot,DragonPulse,Thunderbolt,Protect|||F|||50|,,,,,Electric
|inactive|Battle timer is ON: inactive players will automatically lose when time's up. (requested by palle synchro)
|inactive|ladderingwithcalys has 60 seconds left.
|
|t:|1756990610
|teamsize|p1|4
|teamsize|p2|4
|start
|switch|p1a: Pelipper|Pelipper, L50, M|100/100
|switch|p1b: Kingdra|Kingdra, L50, M, shiny|100/100
|switch|p2a: Indeedee|Indeedee, L50, M|100/100
|switch|p2b: Sneasler|Sneasler, L50, F|100/100
|-weather|RainDance|[from] ability: Drizzle|[of] p1a: Pelipper
|-fieldstart|move: Psychic Terrain|[from] ability: Psychic Surge|[of] p2a: Indeedee
|-enditem|p2b: Sneasler|Psychic Seed
|-boost|p2b: Sneasler|spd|1|[from] item: Psychic Seed
|turn|1
|
|t:|1756990631
|move|p2b: Sneasler|Dire Claw|p1b: Kingdra
|-damage|p1b: Kingdra|57/100
|-status|p1b: Kingdra|psn
|move|p1b: Kingdra|Surf|p2a: Indeedee|[spread] p1a,p2a,p2b
|-resisted|p1a: Pelipper
|-damage|p1a: Pelipper|49/100
|-damage|p2a: Indeedee|11/100
|-damage|p2b: Sneasler|47/100
|-damage|p1b: Kingdra|48/100 psn|[from] item: Life Orb
|move|p1a: Pelipper|U-turn|p2a: Indeedee
|-supereffective|p2a: Indeedee
|-damage|p2a: Indeedee|0 fnt
|faint|p2a: Indeedee
|
|t:|1756990644
|switch|p1a: Comfey|Comfey, L50, M|100/100|[from] U-turn
|
|-weather|RainDance|[upkeep]
|-damage|p1b: Kingdra|35/100 psn|[from] psn
|upkeep
|
|t:|1756990650
|switch|p2a: Whimsicott|Whimsicott, L50, M|100/100
|turn|2
|
|t:|1756990669
|move|p1a: Comfey|Floral Healing|p1b: Kingdra
|-heal|p1b: Kingdra|86/100 psn
|move|p2b: Sneasler|Dire Claw|p1a: Comfey
|-supereffective|p1a: Comfey
|-damage|p1a: Comfey|13/100
|-status|p1a: Comfey|psn
|move|p1b: Kingdra|Weather Ball|p2a: Whimsicott
|-resisted|p2a: Whimsicott
|-damage|p2a: Whimsicott|44/100
|-damage|p1b: Kingdra|76/100 psn|[from] item: Life Orb
|move|p2a: Whimsicott|Moonblast|p1b: Kingdra
|-supereffective|p1b: Kingdra
|-damage|p1b: Kingdra|18/100 psn
|
|-weather|RainDance|[upkeep]
|-damage|p1b: Kingdra|6/100 psn|[from] psn
|-damage|p1a: Comfey|1/100 psn|[from] psn
|upkeep
|turn|3
|inactive|ladderingwithcalys has 30 seconds left.
|
|t:|1756990705
|switch|p1b: Pelipper|Pelipper, L50, M|49/100
|move|p1a: Comfey|Floral Healing|p1b: Pelipper
|-heal|p1b: Pelipper|99/100
|move|p2b: Sneasler|Close Combat|p1b: Pelipper
|-resisted|p1b: Pelipper
|-damage|p1b: Pelipper|59/100
|-unboost|p2b: Sneasler|def|1
|-unboost|p2b: Sneasler|spd|1
|move|p2a: Whimsicott|Moonblast|p1a: Comfey
|-damage|p1a: Comfey|0 fnt
|faint|p1a: Comfey
|
|-weather|RainDance|[upkeep]
|upkeep
|
|t:|1756990714
|switch|p1a: Archaludon|Archaludon, L50, M|100/100
|turn|4
|
|t:|1756990734
|-terastallize|p1a: Archaludon|Grass
|move|p2b: Sneasler|Protect|p2b: Sneasler
|-singleturn|p2b: Sneasler|Protect
|move|p2a: Whimsicott|Tailwind|p2a: Whimsicott
|-sidestart|p2: palle synchro|move: Tailwind
|move|p1b: Pelipper|Tailwind|p1b: Pelipper
|-sidestart|p1: ladderingwithcalys|move: Tailwind
|move|p1a: Archaludon|Electro Shot||[still]
|-prepare|p1a: Archaludon|Electro Shot
|-boost|p1a: Archaludon|spa|1
|-anim|p1a: Archaludon|Electro Shot|p2b: Sneasler
|-activate|p2b: Sneasler|move: Protect
|
|-weather|RainDance|[upkeep]
|upkeep
|turn|5
|
|t:|1756990753
|switch|p1b: Kingdra|Kingdra, L50, M, shiny|6/100 psn
|move|p2b: Sneasler|Dire Claw|p1b: Kingdra
|-damage|p1b: Kingdra|0 fnt
|faint|p1b: Kingdra
|move|p2a: Whimsicott|Moonblast|p1a: Archaludon
|-damage|p1a: Archaludon|85/100
|-unboost|p1a: Archaludon|spa|1
|-ability|p1a: Archaludon|Stamina|boost
|-boost|p1a: Archaludon|def|1
|move|p1a: Archaludon|Electro Shot||[still]
|-prepare|p1a: Archaludon|Electro Shot
|-boost|p1a: Archaludon|spa|1
|-anim|p1a: Archaludon|Electro Shot|p2b: Sneasler
|-crit|p2b: Sneasler
|-damage|p2b: Sneasler|0 fnt
|faint|p2b: Sneasler
|
|-weather|none
|-fieldend|move: Psychic Terrain
|upkeep
|
|t:|1756990768
|switch|p2b: Ursaluna|Ursaluna-Bloodmoon, L50, M|100/100
|switch|p1b: Pelipper|Pelipper, L50, M|59/100
|-weather|RainDance|[from] ability: Drizzle|[of] p1b: Pelipper
|turn|6
|
|t:|1756990787
|-terastallize|p2b: Ursaluna|Normal
|move|p2a: Whimsicott|Fake Tears|p1a: Archaludon
|-unboost|p1a: Archaludon|spd|2
|move|p1b: Pelipper|Hurricane|p2a: Whimsicott
|-supereffective|p2a: Whimsicott
|-damage|p2a: Whimsicott|0 fnt
|faint|p2a: Whimsicott
|move|p2b: Ursaluna|Hyper Voice|p1b: Pelipper|[spread] p1a,p1b
|-damage|p1a: Archaludon|9/100
|-damage|p1b: Pelipper|0 fnt
|-ability|p1a: Archaludon|Stamina|boost
|-boost|p1a: Archaludon|def|1
|faint|p1b: Pelipper
|-damage|p2b: Ursaluna|91/100|[from] item: Life Orb
|move|p1a: Archaludon|Flash Cannon|p2b: Ursaluna
|-damage|p2b: Ursaluna|25/100
|
|-weather|RainDance|[upkeep]
|upkeep
|turn|7
|
|t:|1756990805
|move|p2b: Ursaluna|Hyper Voice|p1a: Archaludon
|-damage|p1a: Archaludon|0 fnt
|faint|p1a: Archaludon
|-damage|p2b: Ursaluna|16/100|[from] item: Life Orb
|
|win|palle synchro
|raw|ladderingwithcalys's rating: 1378 → 1357(-21 for losing)
|raw|palle synchro's rating: 1368 → 1389(+21 for winning)
