|j|☆Woodbox
|j|☆lettitripppp
|html|Woodboxlettitripppp    
|uhtml|bestof|Game 1 of a best-of-3
|t:|1783898308
|gametype|doubles
|player|p1|Woodbox|1|1299
|player|p2|lettitripppp|lucas|1332
|gen|9
|tier|[Gen 9 Champions] VGC 2026 Reg M-B (Bo3)
|rated|
|rule|Species Clause: Limit one of each Pokémon
|rule|Item Clause: Limit 1 of each item
|clearpoke
|poke|p1|Incineroar, L50, F|
|poke|p1|Charizard, L50, M|
|poke|p1|Garchomp, L50, M|
|poke|p1|Sneasler, L50, F|
|poke|p1|Metagross, L50|
|poke|p1|Whimsicott, L50, F|
|poke|p2|Charizard, L50, M|
|poke|p2|Floette-Eternal, L50, F|
|poke|p2|Basculegion, L50, M|
|poke|p2|Whimsicott, L50, F, shiny|
|poke|p2|Garchomp, L50, M, shiny|
|poke|p2|Kingambit, L50, M, shiny|
|teampreview|4
|showteam|p1|Incineroar||SitrusBerry|Intimidate|FlareBlitz,FakeOut,PartingShot,DarkestLariat|Careful||F|||50|]Charizard||CharizarditeY|Blaze|WeatherBall,HeatWave,SolarBeam,Protect|Modest||M|||50|]Garchomp||LifeOrb|RoughSkin|StompingTantrum,DragonClaw,RockSlide,Protect|Jolly||M|||50|]Sneasler||WhiteHerb|Unburden|FakeOut,CloseCombat,DireClaw,Protect|Jolly||F|||50|]Metagross||Metagrossite|ClearBody|MeteorMash,IcePunch,PsychicFangs,Protect|Jolly|||||50|]Whimsicott||FocusSash|Prankster|Moonblast,Encore,Tailwind,Protect|Timid||F|||50|
|showteam|p2|Charizard||CharizarditeY|Blaze|WeatherBall,SolarBeam,HeatWave,Protect|Modest||M|||50|]Floette-Eternal||Floettite|FlowerVeil|DazzlingGleam,LightofRuin,Moonblast,Protect|Modest||F|||50|]Basculegion||MysticWater|Adaptability|LastRespects,WaveCrash,AquaJet,Protect|Adamant||M|||50|]Whimsicott||FocusSash|Prankster|Moonblast,Tailwind,Encore,Protect|Timid||F|||50|]Garchomp||LifeOrb|RoughSkin|DragonClaw,Earthquake,RockSlide,Protect|Jolly||M|||50|]Kingambit||ChopleBerry|Defiant|KowtowCleave,SuckerPunch,IronHead,LowKick|Adamant||M|||50|
|inactive|Battle timer is ON: inactive players will automatically lose when time's up. (requested by lettitripppp)
|inactive|Woodbox has 60 seconds left.
|
|t:|1783898345
|teamsize|p1|4
|teamsize|p2|4
|start
|switch|p1a: Charizard|Charizard, L50, M|100/100
|switch|p1b: Sneasler|Sneasler, L50, F|100/100
|switch|p2a: GHOSTWAVE|Basculegion, L50, M|100/100
|switch|p2b: LETS GO GO|Whimsicott, L50, F, shiny|100/100
|turn|1
|
|t:|1783898358
|detailschange|p1a: Charizard|Charizard-Mega-Y, L50, M
|-mega|p1a: Charizard|Charizard|Charizardite Y
|-weather|SunnyDay|[from] ability: Drought|[of] p1a: Charizard
|move|p2b: LETS GO GO|Protect|p2b: LETS GO GO
|-singleturn|p2b: LETS GO GO|Protect
|move|p1a: Charizard|Protect|p1a: Charizard
|-singleturn|p1a: Charizard|Protect
|move|p2a: GHOSTWAVE|Protect|p2a: GHOSTWAVE
|-singleturn|p2a: GHOSTWAVE|Protect
|move|p1b: Sneasler|Fake Out|p2b: LETS GO GO
|-activate|p2b: LETS GO GO|move: Protect
|
|-weather|SunnyDay|[upkeep]
|upkeep
|turn|2
|
|t:|1783898379
|switch|p1a: Whimsicott|Whimsicott, L50, F|100/100
|move|p2b: LETS GO GO|Encore||[still]
|-fail|p2b: LETS GO GO
|move|p1b: Sneasler|Dire Claw|p2b: LETS GO GO
|-supereffective|p2b: LETS GO GO|2
|-enditem|p2b: LETS GO GO|Focus Sash
|-damage|p2b: LETS GO GO|1/100
|-status|p2b: LETS GO GO|psn
|move|p2a: GHOSTWAVE|Wave Crash|p1b: Sneasler
|-damage|p1b: Sneasler|28/100
|-damage|p2a: GHOSTWAVE|81/100|[from] Recoil
|
|-weather|SunnyDay|[upkeep]
|-damage|p2b: LETS GO GO|0 fnt|[from] psn
|faint|p2b: LETS GO GO
|upkeep
|
|t:|1783898391
|switch|p2b: CRUSH SHARK|Garchomp, L50, M, shiny|100/100
|turn|3
|inactive|Woodbox has 30 seconds left.
|
|t:|1783898417
|move|p1a: Whimsicott|Tailwind|p1a: Whimsicott
|-sidestart|p1: Woodbox|move: Tailwind
|move|p1b: Sneasler|Close Combat|p2b: CRUSH SHARK
|-crit|p2b: CRUSH SHARK
|-damage|p2b: CRUSH SHARK|4/100
|-unboost|p1b: Sneasler|def|1
|-unboost|p1b: Sneasler|spd|1
|-damage|p1b: Sneasler|16/100|[from] ability: Rough Skin|[of] p2b: CRUSH SHARK
|-enditem|p1b: Sneasler|White Herb
|-clearnegativeboost|p1b: Sneasler|[silent]
|move|p2b: CRUSH SHARK|Earthquake|p1b: Sneasler|[spread] p2a,p1a,p1b
|-resisted|p1a: Whimsicott|1
|-supereffective|p1b: Sneasler|1
|-damage|p2a: GHOSTWAVE|27/100
|-damage|p1a: Whimsicott|59/100
|-damage|p1b: Sneasler|0 fnt
|faint|p1b: Sneasler
|-damage|p2b: CRUSH SHARK|0 fnt|[from] item: Life Orb
|faint|p2b: CRUSH SHARK
|move|p2a: GHOSTWAVE|Last Respects|p1a: Whimsicott
|-damage|p1a: Whimsicott|0 fnt
|faint|p1a: Whimsicott
|
|-weather|SunnyDay|[upkeep]
|upkeep
|
|t:|1783898435
|switch|p1b: Charizard|Charizard-Mega-Y, L50, M|100/100
|switch|p1a: Garchomp|Garchomp, L50, M|100/100
|switch|p2b: AGNI|Charizard, L50, M|100/100
|turn|4
|
|t:|1783898448
|detailschange|p2b: AGNI|Charizard-Mega-Y, L50, M
|-mega|p2b: AGNI|Charizard|Charizardite Y
|move|p1a: Garchomp|Protect|p1a: Garchomp
|-singleturn|p1a: Garchomp|Protect
|move|p1b: Charizard|Solar Beam||[still]
|-prepare|p1b: Charizard|Solar Beam
|-anim|p1b: Charizard|Solar Beam|p2a: GHOSTWAVE
|-supereffective|p2a: GHOSTWAVE|1
|-damage|p2a: GHOSTWAVE|0 fnt
|faint|p2a: GHOSTWAVE
|move|p2b: AGNI|Heat Wave|p1b: Charizard|[spread] p1b
|-activate|p1a: Garchomp|move: Protect
|-resisted|p1b: Charizard|1
|-damage|p1b: Charizard|67/100
|
|-weather|SunnyDay|[upkeep]
|upkeep
|turn|5
|
|t:|1783898461
|move|p1a: Garchomp|Rock Slide|p2b: AGNI
|-supereffective|p2b: AGNI|2
|-damage|p2b: AGNI|0 fnt
|faint|p2b: AGNI
|-damage|p1a: Garchomp|90/100|[from] item: Life Orb
|
|win|Woodbox
