|j|☆kdbc73
|j|☆KilamanolaVGC
|html|kdbc73KilamanolaVGC    
|uhtml|bestof|Game 2 of a best-of-3
|t:|1756229554
|gametype|doubles
|player|p1|kdbc73|lucas|1255
|player|p2|KilamanolaVGC|266|1304
|gen|9
|tier|[Gen 9] VGC 2025 Reg H (Bo3)
|rated|
|rule|Species Clause: Limit one of each Pokémon
|rule|Item Clause: Limit 1 of each item
|clearpoke
|poke|p1|Sneasler, L50, F|
|poke|p1|Indeedee, L50, M|
|poke|p1|Ursaluna-Bloodmoon, L50, M|
|poke|p1|Electabuzz, L50, M|
|poke|p1|Incineroar, L50, M|
|poke|p1|Talonflame, L50, F|
|poke|p2|Weezing-Galar, L50, F|
|poke|p2|Slaking, L50, M|
|poke|p2|Dragapult, L50, M|
|poke|p2|Corviknight, L50, M|
|poke|p2|Dondozo, L50, M|
|poke|p2|Tatsugiri, L50, M|
|teampreview|4
|showteam|p1|Sneasler||PsychicSeed|Unburden|CloseCombat,DireClaw,ThroatChop,Protect|||F|||50|,,,,,Dark]Indeedee||FocusSash|PsychicSurge|ExpandingForce,TrickRoom,HelpingHand,Protect|||M|||50|,,,,,Psychic]Ursaluna-Bloodmoon||LifeOrb|MindsEye|BloodMoon,HyperVoice,EarthPower,Protect|||M|||50|,,,,,Normal]Electabuzz||Eviolite|VitalSpirit|Electroweb,FollowMe,Taunt,Protect|||M|||50|,,,,,Dragon]Incineroar||SafetyGoggles|Intimidate|FlareBlitz,KnockOff,PartingShot,FakeOut|||M|||50|,,,,,Ghost]Talonflame||CovertCloak|GaleWings|FlareBlitz,DualWingbeat,WillOWisp,Tailwind|||F|||50|,,,,,Fairy
|showteam|p2|Weezing-Galar||CovertCloak|NeutralizingGas|StrangeSteam,WillOWisp,Taunt,Protect|||F|||50|,,,,,Water]Slaking||LifeOrb|Truant|DoubleEdge,SuckerPunch,HighHorsepower,Protect|||M|||50|,,,,,Ghost]Dragapult||ChoiceBand|ClearBody|DragonDarts,TeraBlast,PhantomForce,Uturn|||M|||50|,,,,,Ghost]Corviknight||SitrusBerry|MirrorArmor|BraveBird,Tailwind,Roost,Protect|||M|||50|,,,,,Dragon]Dondozo||Leftovers|Unaware|WaveCrash,HeavySlam,OrderUp,Protect|||M|||50|,,,,,Grass]Tatsugiri||FocusSash|Commander|MuddyWater,DragonPulse,IcyWind,Protect|||M|||50|,,,,,Grass
|inactive|Battle timer is ON: inactive players will automatically lose when time's up. (requested by KilamanolaVGC)
|inactive|KilamanolaVGC has 60 seconds left.
|
|t:|1756229595
|teamsize|p1|4
|teamsize|p2|4
|start
|switch|p1a: Talonflame|Talonflame, L50, F|100/100
|switch|p1b: Ursaluna|Ursaluna-Bloodmoon, L50, M|100/100
|switch|p2a: Dragapult|Dragapult, L50, M, shiny|100/100
|switch|p2b: Weezing|Weezing-Galar, L50, F, shiny|100/100
|-ability|p2b: Weezing|Neutralizing Gas
|turn|1
|inactive|kdbc73 has 30 seconds left.
|
|t:|1756229624
|-terastallize|p2a: Dragapult|Ghost
|move|p2a: Dragapult|Tera Blast|p1a: Talonflame|[anim] Tera Blast Ghost
|-damage|p1a: Talonflame|0 fnt
|faint|p1a: Talonflame
|move|p1b: Ursaluna|Earth Power|p2b: Weezing
|-supereffective|p2b: Weezing
|-damage|p2b: Weezing|0 fnt
|faint|p2b: Weezing
|-end|p2b: Weezing|ability: Neutralizing Gas
|-damage|p1b: Ursaluna|91/100|[from] item: Life Orb
|
|upkeep
|
|t:|1756229635
|switch|p1a: Indeedee|Indeedee, L50, M|100/100
|switch|p2b: Dondozo|Dondozo, L50, M, shiny|100/100
|-fieldstart|move: Psychic Terrain|[from] ability: Psychic Surge|[of] p1a: Indeedee
|turn|2
|inactive|kdbc73 has 30 seconds left.
|
|t:|1756229662
|switch|p2a: Tatsugiri|Tatsugiri, L50, M, shiny|100/100
|-activate|p2a: Tatsugiri|ability: Commander|[of] p2b: Dondozo
|-boost|p2b: Dondozo|atk|2
|-boost|p2b: Dondozo|spa|2
|-boost|p2b: Dondozo|spe|2
|-boost|p2b: Dondozo|def|2
|-boost|p2b: Dondozo|spd|2
|move|p2b: Dondozo|Wave Crash|p1b: Ursaluna
|-supereffective|p1b: Ursaluna
|-damage|p1b: Ursaluna|0 fnt
|faint|p1b: Ursaluna
|-damage|p2b: Dondozo|76/100|[from] Recoil
|move|p1a: Indeedee|Expanding Force|p2a: Tatsugiri|[spread] p2b
|-miss|p1a: Indeedee|p2a: Tatsugiri
|-damage|p2b: Dondozo|50/100
|
|-heal|p2b: Dondozo|57/100|[from] item: Leftovers
|upkeep
|
|t:|1756229671
|switch|p1b: Sneasler|Sneasler, L50, F|100/100
|-enditem|p1b: Sneasler|Psychic Seed
|-boost|p1b: Sneasler|spd|1|[from] item: Psychic Seed
|turn|3
|
|t:|1756229692
|-terastallize|p1a: Indeedee|Psychic
|move|p1b: Sneasler|Dire Claw|p2b: Dondozo
|-damage|p2b: Dondozo|42/100
|move|p2b: Dondozo|Order Up|p1a: Indeedee
|-damage|p1a: Indeedee|1/100
|-boost|p2b: Dondozo|atk|1
|move|p1a: Indeedee|Expanding Force|p2a: Tatsugiri|[spread] p2b
|-miss|p1a: Indeedee|p2a: Tatsugiri
|-damage|p2b: Dondozo|9/100
|
|-heal|p2b: Dondozo|16/100|[from] item: Leftovers
|upkeep
|turn|4
|inactive|kdbc73 has 30 seconds left.
|inactive|kdbc73 has 20 seconds left.
|inactive|kdbc73 has 15 seconds left.
|inactive|kdbc73 has 10 seconds left.
|
|t:|1756229742
|move|p2b: Dondozo|Protect|p2b: Dondozo
|-singleturn|p2b: Dondozo|Protect
|move|p1b: Sneasler|Close Combat|p2b: Dondozo
|-activate|p2b: Dondozo|move: Protect
|move|p1a: Indeedee|Trick Room|p1a: Indeedee
|-fieldstart|move: Trick Room|[of] p1a: Indeedee
|
|-heal|p2b: Dondozo|22/100|[from] item: Leftovers
|upkeep
|turn|5
|
|t:|1756229759
|move|p1a: Indeedee|Expanding Force|p2b: Dondozo|[spread] p2b
|-miss|p1a: Indeedee|p2a: Tatsugiri
|-damage|p2b: Dondozo|0 fnt
|faint|p2b: Dondozo
|move|p1b: Sneasler|Dire Claw|p2a: Tatsugiri
|-damage|p2a: Tatsugiri|9/100
|-status|p2a: Tatsugiri|slp
|
|upkeep
|
|t:|1756229764
|switch|p2b: Dragapult|Dragapult, L50, M, shiny, tera:Ghost|100/100
|turn|6
|
|t:|1756229777
|cant|p2a: Tatsugiri|slp
|move|p1a: Indeedee|Expanding Force|p2b: Dragapult|[spread] p2a,p2b
|-damage|p2a: Tatsugiri|0 fnt
|-damage|p2b: Dragapult|8/100
|faint|p2a: Tatsugiri
|move|p2b: Dragapult|Dragon Darts|p1a: Indeedee
|-damage|p1a: Indeedee|0 fnt
|-anim|p2b: Dragapult|Dragon Darts|p1b: Sneasler
|-damage|p1b: Sneasler|32/100
|faint|p1a: Indeedee
|move|p1b: Sneasler|Throat Chop|p2b: Dragapult
|-supereffective|p2b: Dragapult
|-damage|p2b: Dragapult|0 fnt
|faint|p2b: Dragapult
|
|win|kdbc73
|raw|kdbc73's rating: 1255 → 1284(+29 for winning)
|raw|KilamanolaVGC's rating: 1304 → 1281(-23 for losing)
|l|☆KilamanolaVGC
|player|p2|
