|j|☆Googie06
|j|☆viatles
|html|Googie06viatles    
|uhtml|bestof|Game 1 of a best-of-3
|t:|1756752088
|gametype|doubles
|player|p1|Googie06|clay|1143
|player|p2|viatles|hiker|1034
|gen|9
|tier|[Gen 9] VGC 2025 Reg H (Bo3)
|rated|
|rule|Species Clause: Limit one of each Pokémon
|rule|Item Clause: Limit 1 of each item
|clearpoke
|poke|p1|Garchomp, L50, F|
|poke|p1|Hawlucha, L50, F|
|poke|p1|Rillaboom, L50, M|
|poke|p1|Dondozo, L50, M|
|poke|p1|Kingambit, L50, F|
|poke|p1|Volcarona, L50, F|
|poke|p2|Oricorio-Sensu, L50, F|
|poke|p2|Volcarona, L50, M|
|poke|p2|Garchomp, L50, F|
|poke|p2|Scizor, L50, F|
|poke|p2|Mienshao, L50, M|
|poke|p2|Milotic, L50, F|
|teampreview|4
|showteam|p1|Garchomp||AssaultVest|RoughSkin|ScaleShot,StompingTantrum,Earthquake,RockSlide|||F|||50|,,,,,Ghost]Hawlucha||FocusSash|Unburden|DualWingbeat,Coaching,Taunt,Endeavor|||F|||50|,,,,,Ghost]Rillaboom||MiracleSeed|GrassySurge|WoodHammer,GrassyGlide,FakeOut,HighHorsepower|||M|||50|,,,,,Fire]Dondozo||Leftovers|Unaware|WaveCrash,Yawn,Fissure,Protect|||M|||50|,,,,,Grass]Kingambit||BlackGlasses|Defiant|KowtowCleave,SuckerPunch,IronHead,Protect|||F|||50|,,,,,Flying]Volcarona||SitrusBerry|FlameBody|HeatWave,TeraBlast,QuiverDance,Protect|||F|||50|,,,,,Fairy
|showteam|p2|Oricorio-Sensu||FocusSash|Dancer|QuiverDance,BatonPass,RevelationDance,Protect|||F|||50|,,,,,Fighting]Volcarona||SitrusBerry|FlameBody|QuiverDance,GigaDrain,FieryDance,Protect|||M|||50|,,,,,Grass]Garchomp||ClearAmulet|RoughSkin|IronHead,DragonClaw,RockSlide,Earthquake|||F|||50|,,,,,Steel]Scizor||AssaultVest|Technician|BulletPunch,BugBite,DualWingbeat,Thief|||F|||50|,,,,,Bug]Mienshao||SafetyGoggles|InnerFocus|FakeOut,CloseCombat,TripleAxel,WideGuard|||M|||50|,,,,,Fire]Milotic||Leftovers|Competitive|Scald,Protect,IcyWind,LifeDew|||F|||50|,,,,,Grass
|inactive|Battle timer is ON: inactive players will automatically lose when time's up. (requested by viatles)
|c|☆viatles|gl hf
|
|t:|1756752125
|teamsize|p1|4
|teamsize|p2|4
|start
|switch|p1a: Garchomp|Garchomp, L50, F|100/100
|switch|p1b: Hawlucha|Hawlucha, L50, F|100/100
|switch|p2a: Oricorio|Oricorio-Sensu, L50, F|100/100
|switch|p2b: Volcarona|Volcarona, L50, M|100/100
|turn|1
|inactive|Googie06 has 30 seconds left.
|inactive|viatles has 30 seconds left.
|
|t:|1756752158
|-terastallize|p2b: Volcarona|Grass
|move|p1b: Hawlucha|Taunt|p2b: Volcarona
|-start|p2b: Volcarona|move: Taunt
|move|p1a: Garchomp|Rock Slide|p2a: Oricorio|[spread] p2a,p2b
|-supereffective|p2a: Oricorio
|-damage|p2a: Oricorio|46/100
|-damage|p2b: Volcarona|79/100
|move|p2a: Oricorio|Quiver Dance|p2a: Oricorio
|-boost|p2a: Oricorio|spa|1
|-boost|p2a: Oricorio|spd|1
|-boost|p2a: Oricorio|spe|1
|cant|p2b: Volcarona|flinch
|
|upkeep
|turn|2
|inactive|Googie06 has 30 seconds left.
|
|t:|1756752188
|move|p2a: Oricorio|Protect|p2a: Oricorio
|-singleturn|p2a: Oricorio|Protect
|move|p1b: Hawlucha|Coaching|p1a: Garchomp
|-boost|p1a: Garchomp|atk|1
|-boost|p1a: Garchomp|def|1
|move|p1a: Garchomp|Rock Slide|p2b: Volcarona|[spread] p2b
|-activate|p2a: Oricorio|move: Protect
|-damage|p2b: Volcarona|48/100
|-enditem|p2b: Volcarona|Sitrus Berry|[eat]
|-heal|p2b: Volcarona|73/100|[from] item: Sitrus Berry
|move|p2b: Volcarona|Giga Drain|p1a: Garchomp
|-damage|p1a: Garchomp|78/100
|-heal|p2b: Volcarona|84/100|[from] drain|[of] p1a: Garchomp
|
|upkeep
|turn|3
|
|t:|1756752212
|move|p2a: Oricorio|Revelation Dance|p1a: Garchomp
|-damage|p1a: Garchomp|40/100
|move|p1b: Hawlucha|Dual Wingbeat|p2b: Volcarona
|-supereffective|p2b: Volcarona
|-damage|p2b: Volcarona|45/100
|-supereffective|p2b: Volcarona
|-damage|p2b: Volcarona|9/100
|-hitcount|p2b: Volcarona|2
|move|p1a: Garchomp|Rock Slide|p2a: Oricorio|[spread] p2a,p2b
|-supereffective|p2a: Oricorio
|-damage|p2a: Oricorio|0 fnt
|-damage|p2b: Volcarona|0 fnt
|faint|p2a: Oricorio
|faint|p2b: Volcarona
|
|upkeep
|
|t:|1756752226
|switch|p2a: Milotic|Milotic, L50, F|100/100
|switch|p2b: Scizor|Scizor, L50, F|100/100
|turn|4
|inactive|Googie06 has 30 seconds left.
|inactive|Googie06 has 20 seconds left.
|inactive|Googie06 has 15 seconds left.
|
|t:|1756752267
|move|p1b: Hawlucha|Coaching|p1a: Garchomp
|-boost|p1a: Garchomp|atk|1
|-boost|p1a: Garchomp|def|1
|move|p1a: Garchomp|Earthquake|p2a: Milotic|[spread] p2a,p2b
|-immune|p1b: Hawlucha
|-damage|p2a: Milotic|23/100
|-damage|p2b: Scizor|25/100
|move|p2a: Milotic|Icy Wind|p1b: Hawlucha|[spread] p1a,p1b
|-supereffective|p1a: Garchomp
|-supereffective|p1b: Hawlucha
|-damage|p1a: Garchomp|10/100
|-damage|p1b: Hawlucha|61/100
|-unboost|p1a: Garchomp|spe|1
|-unboost|p1b: Hawlucha|spe|1
|move|p2b: Scizor|Dual Wingbeat|p1b: Hawlucha|[miss]
|-miss|p2b: Scizor|p1b: Hawlucha
|
|-heal|p2a: Milotic|29/100|[from] item: Leftovers
|upkeep
|turn|5
|inactive|Googie06 has 30 seconds left.
|inactive|viatles has 30 seconds left.
|
|t:|1756752300
|move|p2b: Scizor|Bullet Punch|p1a: Garchomp
|-damage|p1a: Garchomp|0 fnt
|-damage|p2b: Scizor|13/100|[from] ability: Rough Skin|[of] p1a: Garchomp
|faint|p1a: Garchomp
|move|p1b: Hawlucha|Dual Wingbeat|p2b: Scizor|[miss]
|-miss|p1b: Hawlucha|p2b: Scizor
|move|p2a: Milotic|Life Dew|p2a: Milotic|[spread] p2a,p2b
|-heal|p2a: Milotic|54/100
|-heal|p2b: Scizor|38/100
|
|-heal|p2a: Milotic|60/100|[from] item: Leftovers
|upkeep
|
|t:|1756752311
|switch|p1a: Rillaboom|Rillaboom, L50, M|100/100
|-fieldstart|move: Grassy Terrain|[from] ability: Grassy Surge|[of] p1a: Rillaboom
|turn|6
|
|t:|1756752321
|move|p2a: Milotic|Protect|p2a: Milotic
|-singleturn|p2a: Milotic|Protect
|move|p1a: Rillaboom|Fake Out|p2b: Scizor
|-resisted|p2b: Scizor
|-damage|p2b: Scizor|31/100
|move|p1b: Hawlucha|Dual Wingbeat|p2b: Scizor
|-damage|p2b: Scizor|16/100
|-damage|p2b: Scizor|0 fnt
|faint|p2b: Scizor
|-hitcount|p2: Scizor|2
|
|-heal|p2a: Milotic|66/100|[from] Grassy Terrain
|-heal|p2a: Milotic|72/100|[from] item: Leftovers
|upkeep
|turn|7
|
|t:|1756752340
|move|p1b: Hawlucha|Coaching|p1a: Rillaboom
|-boost|p1a: Rillaboom|atk|1
|-boost|p1a: Rillaboom|def|1
|move|p1a: Rillaboom|Wood Hammer|p2a: Milotic
|-supereffective|p2a: Milotic
|-damage|p2a: Milotic|0 fnt
|faint|p2a: Milotic
|-damage|p1a: Rillaboom|77/100|[from] Recoil
|
|win|Googie06
