|j|☆red john7777
|j|☆Data.log V.S!
|html|red john7777Data.log V.S!    
|uhtml|bestof|Game 2 of a best-of-3
|t:|1756938704
|gametype|doubles
|player|p1|red john7777|ghetsis-gen5bw|1000
|player|p2|Data.log V.S!|nurse|1000
|gen|9
|tier|[Gen 9] VGC 2025 Reg H (Bo3)
|rated|
|rule|Species Clause: Limit one of each Pokémon
|rule|Item Clause: Limit 1 of each item
|clearpoke
|poke|p1|Annihilape, L50, M|
|poke|p1|Ursaluna, L50, M|
|poke|p1|Porygon2, L50|
|poke|p1|Incineroar, L50, M|
|poke|p1|Torkoal, L50, F|
|poke|p1|Charizard, L50, F|
|poke|p2|Pelipper, L50, M|
|poke|p2|Archaludon, L50, M|
|poke|p2|Basculegion, L50, M|
|poke|p2|Rillaboom, L50, M|
|poke|p2|Sneasler, L50, M|
|poke|p2|Clawitzer, L50, F|
|teampreview|4
|showteam|p1|Annihilape||FocusSash|Defiant|Coaching,Protect,HelpingHand,CrossChop|||M|||50|,,,,,Fighting]Ursaluna||FlameOrb|Guts|Facade,Protect,Crunch,HighHorsepower|||M|||50|,,,,,Fairy]Porygon2||Eviolite|Download|TrickRoom,Protect,IceBeam,Recover||||||50|,,,,,Normal]Incineroar||SitrusBerry|Intimidate|PartingShot,Protect,FlareBlitz,FakeOut|||M|||50|,,,,,Fire]Torkoal||LifeOrb|Drought|Eruption,HeatWave,Protect,HelpingHand|||F|||50|,,,,,Fire]Charizard||ChoiceSpecs|SolarPower|HeatWave,AirSlash,SolarBeam,DragonPulse|||F|||50|,,,,,Stellar
|showteam|p2|Pelipper||FocusSash|Drizzle|WeatherBall,Hurricane,Tailwind,WideGuard|||M|||50|,,,,,Grass]Archaludon||AssaultVest|Stamina|BodyPress,DracoMeteor,ElectroShot,FlashCannon|||M|||50|,,,,,Flying]Basculegion||ChoiceBand|SwiftSwim|FlipTurn,WaveCrash,LastRespects,AquaJet|||M|||50|,,,,,Grass]Rillaboom||MiracleSeed|GrassySurge|WoodHammer,GrassyGlide,FakeOut,Uturn|||M|||50|,,,,,Fire]Sneasler||GrassySeed|Unburden|DireClaw,CloseCombat,Protect,FakeOut|||M|||50|,,,,,Stellar]Clawitzer||ChoiceSpecs|MegaLauncher|AuraSphere,DarkPulse,WaterPulse,DragonPulse|||F|||50|,,,,,Water
|
|t:|1756938735
|teamsize|p1|4
|teamsize|p2|4
|start
|switch|p1a: Porygon2|Porygon2, L50|100/100
|switch|p1b: Torkoal|Torkoal, L50, F|100/100
|switch|p2a: Rillaboom|Rillaboom, L50, M|100/100
|switch|p2b: Sneasler|Sneasler, L50, M|100/100
|-fieldstart|move: Grassy Terrain|[from] ability: Grassy Surge|[of] p2a: Rillaboom
|-enditem|p2b: Sneasler|Grassy Seed
|-boost|p2b: Sneasler|def|1|[from] item: Grassy Seed
|-ability|p1a: Porygon2|Download|boost
|-boost|p1a: Porygon2|spa|1
|-weather|SunnyDay|[from] ability: Drought|[of] p1b: Torkoal
|turn|1
|inactive|Battle timer is ON: inactive players will automatically lose when time's up. (requested by red john7777)
|
|t:|1756938753
|move|p1b: Torkoal|Protect|p1b: Torkoal
|-singleturn|p1b: Torkoal|Protect
|move|p2a: Rillaboom|Fake Out|p1b: Torkoal
|-activate|p1b: Torkoal|move: Protect
|move|p2b: Sneasler|Close Combat|p1a: Porygon2
|-supereffective|p1a: Porygon2
|-damage|p1a: Porygon2|12/100
|-unboost|p2b: Sneasler|def|1
|-unboost|p2b: Sneasler|spd|1
|move|p1a: Porygon2|Trick Room|p1a: Porygon2
|-fieldstart|move: Trick Room|[of] p1a: Porygon2
|
|-weather|SunnyDay|[upkeep]
|-heal|p1a: Porygon2|18/100|[from] Grassy Terrain
|upkeep
|turn|2
|
|t:|1756938768
|switch|p2b: Pelipper|Pelipper, L50, M|100/100
|-weather|RainDance|[from] ability: Drizzle|[of] p2b: Pelipper
|move|p2a: Rillaboom|Grassy Glide|p1a: Porygon2
|-damage|p1a: Porygon2|0 fnt
|faint|p1a: Porygon2
|move|p1b: Torkoal|Eruption|p2a: Rillaboom|[spread] p2a,p2b
|-supereffective|p2a: Rillaboom
|-resisted|p2b: Pelipper
|-damage|p2a: Rillaboom|21/100
|-damage|p2b: Pelipper|74/100
|-damage|p1b: Torkoal|91/100|[from] item: Life Orb
|
|-weather|RainDance|[upkeep]
|-heal|p1b: Torkoal|97/100|[from] Grassy Terrain
|-heal|p2a: Rillaboom|28/100|[from] Grassy Terrain
|upkeep
|
|t:|1756938781
|switch|p1a: Annihilape|Annihilape, L50, M|100/100
|turn|3
|
|t:|1756938793
|move|p1a: Annihilape|Helping Hand|p1b: Torkoal
|-singleturn|p1b: Torkoal|Helping Hand|[of] p1a: Annihilape
|move|p2a: Rillaboom|Grassy Glide|p1a: Annihilape
|-damage|p1a: Annihilape|62/100
|move|p1b: Torkoal|Heat Wave|p2a: Rillaboom|[spread] p2a,p2b
|-supereffective|p2a: Rillaboom
|-resisted|p2b: Pelipper
|-crit|p2b: Pelipper
|-damage|p2a: Rillaboom|0 fnt
|-damage|p2b: Pelipper|37/100
|faint|p2a: Rillaboom
|-damage|p1b: Torkoal|88/100|[from] item: Life Orb
|move|p2b: Pelipper|Weather Ball|p1b: Torkoal
|-supereffective|p1b: Torkoal
|-crit|p1b: Torkoal
|-damage|p1b: Torkoal|0 fnt
|faint|p1b: Torkoal
|
|-weather|RainDance|[upkeep]
|-heal|p1a: Annihilape|68/100|[from] Grassy Terrain
|upkeep
|
|t:|1756938809
|switch|p1b: Ursaluna|Ursaluna, L50, M|100/100
|switch|p2a: Sneasler|Sneasler, L50, M|100/100
|turn|4
|
|t:|1756938817
|-terastallize|p1b: Ursaluna|Fairy
|move|p1b: Ursaluna|Protect|p1b: Ursaluna
|-singleturn|p1b: Ursaluna|Protect
|move|p2a: Sneasler|Fake Out|p1b: Ursaluna
|-activate|p1b: Ursaluna|move: Protect
|move|p1a: Annihilape|Coaching|p1b: Ursaluna
|-boost|p1b: Ursaluna|atk|1
|-boost|p1b: Ursaluna|def|1
|move|p2b: Pelipper|Hurricane|p1a: Annihilape
|-supereffective|p1a: Annihilape
|-damage|p1a: Annihilape|0 fnt
|faint|p1a: Annihilape
|
|-weather|RainDance|[upkeep]
|-status|p1b: Ursaluna|brn|[from] item: Flame Orb
|upkeep
|turn|5
|
|t:|1756938837
|switch|p2b: Basculegion|Basculegion, L50, M|100/100
|move|p2a: Sneasler|Protect|p2a: Sneasler
|-singleturn|p2a: Sneasler|Protect
|move|p1b: Ursaluna|Facade|p2b: Basculegion
|-immune|p2b: Basculegion
|
|-weather|RainDance|[upkeep]
|-damage|p1b: Ursaluna|95/100 brn|[from] brn
|-fieldend|move: Trick Room
|-fieldend|move: Grassy Terrain
|upkeep
|turn|6
|
|t:|1756938852
|-terastallize|p2a: Sneasler|Stellar
|move|p2b: Basculegion|Wave Crash|p1b: Ursaluna
|-damage|p1b: Ursaluna|27/100 brn
|-damage|p2b: Basculegion|77/100|[from] Recoil
|move|p2a: Sneasler|Dire Claw|p1b: Ursaluna
|-supereffective|p1b: Ursaluna
|-damage|p1b: Ursaluna|0 fnt
|faint|p1b: Ursaluna
|
|win|Data.log V.S!
|l|☆red john7777
|player|p1|
||Data.log V.S! is ready for game 3.
||red john7777 is ready for game 3.
|uhtml|next|Next: Game 3 of 3
