|j|☆SlowHomie
|j|☆dipsy derek
|html|SlowHomiedipsy derek    
|uhtml|bestof|Game 2 of a best-of-3
|t:|1757099789
|gametype|doubles
|player|p1|SlowHomie|skier|
|player|p2|dipsy derek|101|
|gen|9
|tier|[Gen 9] VGC 2025 Reg H (Bo3)
|rule|Species Clause: Limit one of each Pokémon
|rule|Item Clause: Limit 1 of each item
|clearpoke
|poke|p1|Murkrow, L50, M|
|poke|p1|Abomasnow, L50, M|
|poke|p1|Indeedee, L50, M|
|poke|p1|Sneasler, L50, M|
|poke|p1|Gholdengo, L50|
|poke|p1|Basculegion, L50, M|
|poke|p2|Archaludon, L50, F|
|poke|p2|Sneasler, L50, F|
|poke|p2|Pelipper, L50, F|
|poke|p2|Amoonguss, L50, F|
|poke|p2|Kingdra, L50, M|
|poke|p2|Volcarona, L50, F|
|teampreview|4
|showteam|p1|Murkrow||Eviolite|Prankster|FoulPlay,Tailwind,Haze,Protect|||M|||50|,,,,,Ghost]Abomasnow||AssaultVest|SnowWarning|Blizzard,LeafStorm,EarthPower,WeatherBall|||M|||50|,,,,,Fire]Indeedee||FocusSash|PsychicSurge|ExpandingForce,TeraBlast,Imprison,TrickRoom|||M|||50|,,,,,Fighting]Sneasler||PsychicSeed|Unburden|DireClaw,CloseCombat,ThroatChop,Protect|||M|||50|,,,,,Dark]Gholdengo||LifeOrb|GoodasGold|MakeItRain,ShadowBall,NastyPlot,Protect||||||50|,,,,,Steel]Basculegion||ChoiceScarf|Adaptability|WaveCrash,LastRespects,AquaJet,FlipTurn|||M|||50|,,,,,Grass
|showteam|p2|Archaludon||PowerHerb|Sturdy|ElectroShot,DracoMeteor,FlashCannon,Protect|||F|||50|,,,,,Grass]Sneasler||FocusSash|Unburden|FakeOut,DireClaw,CloseCombat,Protect|||F|||50|,,,,,Stellar]Pelipper||SafetyGoggles|Drizzle|Hurricane,WeatherBall,WideGuard,Tailwind|||F|||50|,,,,,Ghost]Amoonguss||SitrusBerry|Regenerator|Spore,RagePowder,PollenPuff,Protect|||F|||50|,,,,,Fairy]Kingdra||LifeOrb|SwiftSwim|MuddyWater,DracoMeteor,WeatherBall,Protect|||M|||50|,,,,,Water]Volcarona||CovertCloak|FlameBody|Overheat,StruggleBug,RagePowder,WillOWisp|||F|||50|,,,,,Dragon
|l|☆SlowHomie
|player|p1|
|
|t:|1757099843
|teamsize|p1|4
|teamsize|p2|4
|start
|switch|p1a: Brynden Rivers|Murkrow, L50, M|100/100
|switch|p1b: MDD|Indeedee, L50, M, shiny|100/100
|switch|p2a: Pelipper|Pelipper, L50, F|100/100
|switch|p2b: Kingdra|Kingdra, L50, M|100/100
|-fieldstart|move: Psychic Terrain|[from] ability: Psychic Surge|[of] p1b: MDD
|-weather|RainDance|[from] ability: Drizzle|[of] p2a: Pelipper
|turn|1
|j|☆SlowHomie
|player|p1|SlowHomie|skier|
|
|t:|1757099949
|move|p1a: Brynden Rivers|Tailwind|p1a: Brynden Rivers
|-sidestart|p1: SlowHomie|move: Tailwind
|move|p1b: MDD|Tera Blast|p2a: Pelipper
|-damage|p2a: Pelipper|48/100
|move|p2b: Kingdra|Muddy Water|p1a: Brynden Rivers|[spread] p1a,p1b
|-damage|p1a: Brynden Rivers|27/100
|-damage|p1b: MDD|9/100
|-unboost|p1b: MDD|accuracy|1
|-damage|p2b: Kingdra|91/100|[from] item: Life Orb
|move|p2a: Pelipper|Hurricane|p1b: MDD
|-crit|p1b: MDD
|-damage|p1b: MDD|0 fnt
|faint|p1b: MDD
|
|-weather|RainDance|[upkeep]
|upkeep
|
|t:|1757099966
|switch|p1b: Longclaw|Sneasler, L50, M, shiny|100/100
|-enditem|p1b: Longclaw|Psychic Seed
|-boost|p1b: Longclaw|spd|1|[from] item: Psychic Seed
|turn|2
|
|t:|1757100007
|switch|p2a: Archaludon|Archaludon, L50, F|100/100
|move|p1b: Longclaw|Dire Claw|p2a: Archaludon
|-immune|p2a: Archaludon
|move|p2b: Kingdra|Muddy Water|p1a: Brynden Rivers|[spread] p1a
|-miss|p2b: Kingdra|p1b: Longclaw
|-damage|p1a: Brynden Rivers|0 fnt
|faint|p1a: Brynden Rivers
|-damage|p2b: Kingdra|82/100|[from] item: Life Orb
|
|-weather|RainDance|[upkeep]
|upkeep
|
|t:|1757100021
|switch|p1a: Houndfish|Basculegion, L50, M, shiny|100/100
|turn|3
|
|t:|1757100049
|-terastallize|p1a: Houndfish|Grass
|move|p2a: Archaludon|Protect|p2a: Archaludon
|-singleturn|p2a: Archaludon|Protect
|move|p1b: Longclaw|Close Combat|p2a: Archaludon
|-activate|p2a: Archaludon|move: Protect
|move|p1a: Houndfish|Last Respects|p2b: Kingdra
|-damage|p2b: Kingdra|0 fnt
|faint|p2b: Kingdra
|
|-weather|RainDance|[upkeep]
|upkeep
|
|t:|1757100064
|switch|p2b: Amoonguss|Amoonguss, L50, F|100/100
|turn|4
|
|t:|1757100097
|switch|p2a: Pelipper|Pelipper, L50, F|48/100
|move|p1b: Longclaw|Dire Claw|p2b: Amoonguss
|-damage|p2b: Amoonguss|62/100
|move|p1a: Houndfish|Last Respects|p2b: Amoonguss
|-damage|p2b: Amoonguss|0 fnt
|faint|p2b: Amoonguss
|
|-weather|RainDance|[upkeep]
|-sideend|p1: SlowHomie|move: Tailwind
|upkeep
|
|t:|1757100105
|switch|p2b: Archaludon|Archaludon, L50, F|100/100
|turn|5
|
|t:|1757100114
|move|p1b: Longclaw|Dire Claw|p2a: Pelipper
|-damage|p2a: Pelipper|0 fnt
|faint|p2a: Pelipper
|move|p1a: Houndfish|Last Respects|p2b: Archaludon
|-damage|p2b: Archaludon|34/100
|move|p2b: Archaludon|Electro Shot||[still]
|-prepare|p2b: Archaludon|Electro Shot
|-boost|p2b: Archaludon|spa|1
|-anim|p2b: Archaludon|Electro Shot|p1b: Longclaw
|-damage|p1b: Longclaw|38/100
|
|-weather|none
|-fieldend|move: Psychic Terrain
|upkeep
|turn|6
|
|t:|1757100123
|move|p1b: Longclaw|Close Combat|p2b: Archaludon
|-supereffective|p2b: Archaludon
|-damage|p2b: Archaludon|0 fnt
|-unboost|p1b: Longclaw|def|1
|-unboost|p1b: Longclaw|spd|1
|faint|p2b: Archaludon
|
|win|SlowHomie
||dipsy derek is ready for game 3.
||SlowHomie is ready for game 3.
|uhtml|next|Next: Game 3 of 3
|l|☆SlowHomie
|player|p1|
|l|☆dipsy derek
|player|p2|
|j|☆SlowHomie
|player|p1|SlowHomie|skier|
