|j|☆kanonkugle
|j|☆M9RBLEST6R
|html|kanonkugleM9RBLEST6R    
|uhtml|bestof|Game 1 of a best-of-3
|t:|1784429782
|gametype|doubles
|player|p1|kanonkugle|unknown|
|player|p2|M9RBLEST6R|hilda-wonderlauncher|
|gen|9
|tier|[Gen 9 Champions] VGC 2026 Reg M-B (Bo3)
|rule|Species Clause: Limit one of each Pokémon
|rule|Item Clause: Limit 1 of each item
|clearpoke
|poke|p1|Pelipper, L50, F|
|poke|p1|Eelektross, L50, M|
|poke|p1|Basculegion-F, L50, F|
|poke|p1|Politoed, L50, F|
|poke|p1|Roserade, L50, M|
|poke|p1|Archaludon, L50, F|
|poke|p2|Zoroark-Hisui, L50, M, shiny|
|poke|p2|Klefki, L50, M|
|poke|p2|Scizor, L50, F|
|poke|p2|Milotic, L50, M|
|poke|p2|Roserade, L50, F, shiny|
|poke|p2|Incineroar, L50, F|
|teampreview|4
|showteam|p1|Pelipper||DampRock|Drizzle|Hurricane,HydroPump,Tailwind,Uturn|Modest||F|||50|]Eelektross||Eelektrossite|Levitate|Thunder,Liquidation,ThunderWave,Coil|Hasty||M|||50|]Basculegion-F||LifeOrb|SwiftSwim|LastRespects,Waterfall,AquaJet,IceFang|Adamant||F|||50|]Politoed||Leftovers|Drizzle|HelpingHand,IcyWind,HydroPump,Rest|Modest||F|||50|]Roserade||BigRoot|PoisonPoint|LeechSeed,Toxic,SludgeBomb,GigaDrain|Calm||M|||50|]Archaludon||SitrusBerry|Stamina|ElectroShot,FlashCannon,AuraSphere,Protect|Timid||F|||50|
|showteam|p2|Zoroark-Hisui||FocusSash|Illusion|IcyWind,PhantomForce,BitterMalice,ShadowBall|Hasty||M|||50|]Klefki||LightClay|Prankster|LightScreen,PlayRough,Protect,Reflect|Brave||M|||50|]Scizor||Scizorite|Technician|AerialAce,Uturn,KnockOff,BulletPunch|Adamant||F|||50|]Milotic||Leftovers|Competitive|IcyWind,HydroPump,AlluringVoice,Recover|Modest||M|||50|]Roserade||BrightPowder|NaturalCure|StunSpore,SludgeBomb,PetalDance,Protect|Modest||F|||50|]Incineroar||BlackGlasses|Intimidate|BulkUp,DarkestLariat,FakeOut,FlareBlitz|Adamant||F|||50|
|c|☆kanonkugle|glgl
|
|t:|1784429834
|teamsize|p1|4
|teamsize|p2|4
|start
|switch|p1a: Pelipper|Pelipper, L50, F|100/100
|switch|p1b: Archaludon|Archaludon, L50, F|100/100
|switch|p2a: Bud-Bud|Roserade, L50, F, shiny|100/100
|switch|p2b: Klefki|Klefki, L50, M|100/100
|-weather|RainDance|[from] ability: Drizzle|[of] p1a: Pelipper
|turn|1
|c|☆M9RBLEST6R|Genuinely fuming at how many weather teams there are (I love them)
|
|t:|1784429857
|move|p2b: Klefki|Light Screen|p2b: Klefki
|-sidestart|p2: M9RBLEST6R|move: Light Screen
|move|p1b: Archaludon|Electro Shot||[still]
|-prepare|p1b: Archaludon|Electro Shot
|-boost|p1b: Archaludon|spa|1
|-anim|p1b: Archaludon|Electro Shot|p2b: Klefki
|-damage|p2b: Klefki|47/100
|move|p2a: Bud-Bud|Stun Spore|p1b: Archaludon
|-status|p1b: Archaludon|par
|move|p1a: Pelipper|Tailwind|p1a: Pelipper
|-sidestart|p1: kanonkugle|move: Tailwind
|
|-weather|RainDance|[upkeep]
|upkeep
|turn|2
|c|☆kanonkugle|i love weather...
|
|t:|1784429895
|move|p2b: Klefki|Reflect|p2b: Klefki
|-sidestart|p2: M9RBLEST6R|Reflect
|move|p1a: Pelipper|Hurricane|p2a: Bud-Bud
|-supereffective|p2a: Bud-Bud|1
|-damage|p2a: Bud-Bud|12/100
|move|p1b: Archaludon|Electro Shot||[still]
|-prepare|p1b: Archaludon|Electro Shot
|-boost|p1b: Archaludon|spa|1
|-anim|p1b: Archaludon|Electro Shot|p2b: Klefki
|-damage|p2b: Klefki|0 fnt
|faint|p2b: Klefki
|move|p2a: Bud-Bud|Sludge Bomb|p1a: Pelipper
|-damage|p1a: Pelipper|32/100
|
|-weather|RainDance|[upkeep]
|upkeep
|c|☆M9RBLEST6R|I just keep on losing to them
|
|t:|1784429913
|switch|p2b: Scizor|Scizor, L50, F|100/100
|turn|3
|
|t:|1784429931
|move|p1a: Pelipper|U-turn|p2a: Bud-Bud
|-damage|p2a: Bud-Bud|3/100
|
|t:|1784429955
|switch|p1a: Eelektross|Eelektross, L50, M|100/100|[from] U-turn
|move|p2b: Scizor|Phantom Force||[still]
|-prepare|p2b: Scizor|Phantom Force
|move|p1b: Archaludon|Electro Shot||[still]
|-prepare|p1b: Archaludon|Electro Shot
|-boost|p1b: Archaludon|spa|1
|-anim|p1b: Archaludon|Electro Shot|p2b: Scizor|[miss]
|-miss|p1b: Archaludon|p2b: Scizor
|move|p2a: Bud-Bud|Petal Dance|p1b: Archaludon
|-resisted|p1b: Archaludon|2
|-damage|p1b: Archaludon|77/100 par
|-ability|p1b: Archaludon|Stamina|boost
|-boost|p1b: Archaludon|def|1
|
|-weather|RainDance|[upkeep]
|upkeep
|turn|4
|
|t:|1784429979
|move|p1a: Eelektross|Thunder|p2a: Bud-Bud
|-resisted|p2a: Bud-Bud|1
|-damage|p2a: Bud-Bud|0 fnt
|faint|p2a: Bud-Bud
|move|p2b: Scizor|Phantom Force|p1a: Eelektross|[from] lockedmove
|-damage|p1a: Eelektross|47/100
|move|p1b: Archaludon|Electro Shot||[still]
|-prepare|p1b: Archaludon|Electro Shot
|-boost|p1b: Archaludon|spa|1
|-anim|p1b: Archaludon|Electro Shot|p2b: Scizor
|-enditem|p2b: Scizor|Focus Sash
|-damage|p2b: Scizor|1/100
|replace|p2b: Fallible|Zoroark-Hisui, L50, M, shiny
|-end|p2b: Fallible|Illusion
|
|-weather|RainDance|[upkeep]
|-sideend|p1: kanonkugle|move: Tailwind
|upkeep
|
|t:|1784430000
|switch|p2a: Scizor|Scizor, L50, F|100/100
|turn|5
|
|t:|1784430027
|detailschange|p1a: Eelektross|Eelektross-Mega, L50, M
|-mega|p1a: Eelektross|Eelektross|Eelektrossite
|move|p2a: Scizor|Bullet Punch|p1a: Eelektross
|-resisted|p1a: Eelektross|1
|-damage|p1a: Eelektross|22/100
|move|p2b: Fallible|Phantom Force||[still]
|-prepare|p2b: Fallible|Phantom Force
|move|p1a: Eelektross|Thunder|p2a: Scizor
|-damage|p2a: Scizor|60/100
|move|p1b: Archaludon|Electro Shot||[still]
|-prepare|p1b: Archaludon|Electro Shot
|-boost|p1b: Archaludon|spa|1
|-anim|p1b: Archaludon|Electro Shot|p2b: Fallible|[miss]
|-miss|p1b: Archaludon|p2b: Fallible
|
|-weather|RainDance|[upkeep]
|upkeep
|turn|6
|
|t:|1784430050
|detailschange|p2a: Scizor|Scizor-Mega, L50, F
|-mega|p2a: Scizor|Scizor|Scizorite
|move|p2b: Fallible|Phantom Force|p1a: Eelektross|[from] lockedmove
|-damage|p1a: Eelektross|0 fnt
|faint|p1a: Eelektross
|move|p2a: Scizor|Knock Off|p1b: Archaludon
|-damage|p1b: Archaludon|56/100 par
|-ability|p1b: Archaludon|Stamina|boost
|-boost|p1b: Archaludon|def|1
|-enditem|p1b: Archaludon|Sitrus Berry|[from] move: Knock Off|[of] p2a: Scizor
|move|p1b: Archaludon|Electro Shot||[still]
|-prepare|p1b: Archaludon|Electro Shot
|-boost|p1b: Archaludon|spa|1
|-anim|p1b: Archaludon|Electro Shot|p2a: Scizor
|-damage|p2a: Scizor|0 fnt
|faint|p2a: Scizor
|
|-weather|RainDance|[upkeep]
|upkeep
|
|t:|1784430055
|switch|p1a: abros cc9|Roserade, L50, M|100/100
|turn|7
|
|t:|1784430078
|move|p2b: Fallible|Phantom Force||[still]
|-prepare|p2b: Fallible|Phantom Force
|move|p1a: abros cc9|Giga Drain|p2b: Fallible|[miss]
|-miss|p1a: abros cc9|p2b: Fallible
|move|p1b: Archaludon|Electro Shot||[still]
|-prepare|p1b: Archaludon|Electro Shot
|-boost|p1b: Archaludon|spa|0
|-anim|p1b: Archaludon|Electro Shot|p2b: Fallible|[miss]
|-miss|p1b: Archaludon|p2b: Fallible
|
|-weather|RainDance|[upkeep]
|upkeep
|turn|8
|
|t:|1784430096
|move|p1b: Archaludon|Protect|p1b: Archaludon
|-singleturn|p1b: Archaludon|Protect
|move|p2b: Fallible|Phantom Force|p1b: Archaludon|[from] lockedmove
|-activate|p1b: Archaludon|move: Phantom Force|[broken]
|-damage|p1b: Archaludon|41/100 par
|-ability|p1b: Archaludon|Stamina|boost
|-boost|p1b: Archaludon|def|1
|move|p1a: abros cc9|Giga Drain|p2b: Fallible
|-damage|p2b: Fallible|0 fnt
|faint|p2b: Fallible
|
|win|kanonkugle
||M9RBLEST6R is ready for game 2.
|inactive|kanonkugle has 30 seconds to confirm battle start!
||kanonkugle is ready for game 2.
|uhtml|next|Next: Game 2 of 3
