|j|☆mr.pickup
|j|☆TeyVgc
|html|mr.pickupTeyVgc    
|uhtml|bestof|Game 2 of a best-of-3
|t:|1757132594
|gametype|doubles
|player|p1|mr.pickup|pokemaniac|1298
|player|p2|TeyVgc|101|1264
|gen|9
|tier|[Gen 9] VGC 2025 Reg H (Bo3)
|rated|
|rule|Species Clause: Limit one of each Pokémon
|rule|Item Clause: Limit 1 of each item
|clearpoke
|poke|p1|Raichu, L50, M|
|poke|p1|Dragapult, L50, F|
|poke|p1|Delphox, L50, M|
|poke|p1|Indeedee-F, L50, F|
|poke|p1|Gallade, L50, M|
|poke|p1|Ursaluna, L50, M|
|poke|p2|Gholdengo, L50|
|poke|p2|Dragonite, L50, F|
|poke|p2|Sneasler, L50, F|
|poke|p2|Incineroar, L50, M|
|poke|p2|Indeedee, L50, M|
|poke|p2|Ninetales-Alola, L50, M|
|teampreview|4
|showteam|p1|Raichu||SafetyGoggles|LightningRod|FakeOut,Electroweb,Nuzzle,Protect|||M|||50|,,,,,Fairy]Dragapult||ChoiceBand|ClearBody|DragonDarts,Outrage,Uturn,PhantomForce|||F|||50|,,,,,Dragon]Delphox||FocusSash|Magician|ExpandingForce,FireBlast,Protect,NastyPlot|||M|||50|,,,,,Psychic]Indeedee-F||RockyHelmet|PsychicSurge|FollowMe,TrickRoom,Protect,Psychic|||F|||50|,,,,,Fairy]Gallade||ClearAmulet|Sharpness|TrickRoom,PsychoCut,SacredSword,WideGuard|||M|||50|,,,,,Fighting]Ursaluna||FlameOrb|Guts|Facade,HeadlongRush,Earthquake,Protect|||M|||50|,,,,,Ground
|showteam|p2|Gholdengo||LifeOrb|GoodasGold|Protect,MakeItRain,ShadowBall,NastyPlot||||||50|,,,,,Water]Dragonite||LoadedDice|Multiscale|ScaleShot,Tailwind,Haze,Protect|||F|||50|,,,,,Fairy]Sneasler||PsychicSeed|Unburden|Protect,DireClaw,CloseCombat,ThroatChop|||F|||50|,,,,,Dark]Incineroar||SafetyGoggles|Intimidate|KnockOff,PartingShot,FlareBlitz,FakeOut|||M|||50|,,,,,Ghost]Indeedee||ChoiceScarf|PsychicSurge|Protect,Trick,TeraBlast,ExpandingForce|||M|||50|,,,,,Psychic]Ninetales-Alola||FocusSash|SnowWarning|Blizzard,IcyWind,Encore,AuroraVeil|||M|||50|,,,,,Ghost
|inactive|Battle timer is ON: inactive players will automatically lose when time's up. (requested by mr.pickup)
|
|t:|1757132612
|teamsize|p1|4
|teamsize|p2|4
|start
|switch|p1a: Indeedee|Indeedee-F, L50, F|100/100
|switch|p1b: Gallade|Gallade, L50, M|100/100
|switch|p2a: Gholdengo|Gholdengo, L50|100/100
|switch|p2b: Incineroar|Incineroar, L50, M|100/100
|-fieldstart|move: Psychic Terrain|[from] ability: Psychic Surge|[of] p1a: Indeedee
|-ability|p2b: Incineroar|Intimidate|boost
|-unboost|p1a: Indeedee|atk|1
|-fail|p1b: Gallade|unboost|[from] item: Clear Amulet|[of] p1b: Gallade
|turn|1
|inactive|TeyVgc has 30 seconds left.
|
|t:|1757132644
|move|p2a: Gholdengo|Nasty Plot|p2a: Gholdengo
|-boost|p2a: Gholdengo|spa|2
|move|p2b: Incineroar|Knock Off|p1b: Gallade
|-crit|p1b: Gallade
|-damage|p1b: Gallade|22/100
|-enditem|p1b: Gallade|Clear Amulet|[from] move: Knock Off|[of] p2b: Incineroar
|move|p1b: Gallade|Sacred Sword|p2b: Incineroar
|-supereffective|p2b: Incineroar
|-damage|p2b: Incineroar|0 fnt
|faint|p2b: Incineroar
|move|p1a: Indeedee|Trick Room|p1a: Indeedee
|-fieldstart|move: Trick Room|[of] p1a: Indeedee
|
|upkeep
|
|t:|1757132655
|switch|p2b: Ninetales|Ninetales-Alola, L50, M|100/100
|-weather|Snowscape|[from] ability: Snow Warning|[of] p2b: Ninetales
|turn|2
|j| learning to trap
|
|t:|1757132672
|move|p1b: Gallade|Psycho Cut|p2b: Ninetales
|-damage|p2b: Ninetales|27/100
|move|p1a: Indeedee|Psychic|p2b: Ninetales
|-damage|p2b: Ninetales|0 fnt
|faint|p2b: Ninetales
|move|p2a: Gholdengo|Make It Rain|p1a: Indeedee|[spread] p1a,p1b
|-damage|p1a: Indeedee|0 fnt
|-damage|p1b: Gallade|0 fnt
|-unboost|p2a: Gholdengo|spa|1
|faint|p1a: Indeedee
|faint|p1b: Gallade
|-damage|p2a: Gholdengo|91/100|[from] item: Life Orb
|
|-weather|Snowscape|[upkeep]
|upkeep
|
|t:|1757132681
|switch|p1b: Dragapult|Dragapult, L50, F|100/100
|switch|p1a: Ursaluna|Ursaluna, L50, M|100/100
|switch|p2b: Dragonite|Dragonite, L50, F|100/100
|turn|3
|inactive|TeyVgc has 30 seconds left.
|
|t:|1757132712
|move|p1a: Ursaluna|Protect|p1a: Ursaluna
|-singleturn|p1a: Ursaluna|Protect
|move|p2b: Dragonite|Scale Shot|p1a: Ursaluna
|-activate|p1a: Ursaluna|move: Protect
|move|p2a: Gholdengo|Shadow Ball|p1b: Dragapult
|-supereffective|p1b: Dragapult
|-damage|p1b: Dragapult|0 fnt
|faint|p1b: Dragapult
|-damage|p2a: Gholdengo|82/100|[from] item: Life Orb
|
|-weather|Snowscape|[upkeep]
|-status|p1a: Ursaluna|brn|[from] item: Flame Orb
|upkeep
|turn|4
|inactive|TeyVgc has 30 seconds left.
|inactive|TeyVgc has 20 seconds left.
|inactive|TeyVgc has 15 seconds left.
|inactive|TeyVgc has 10 seconds left.
|
|t:|1757132757
|move|p2a: Gholdengo|Protect|p2a: Gholdengo
|-singleturn|p2a: Gholdengo|Protect
|move|p1a: Ursaluna|Facade|p2a: Gholdengo
|-activate|p2a: Gholdengo|move: Protect
|move|p2b: Dragonite|Scale Shot|p1a: Ursaluna|[miss]
|-miss|p2b: Dragonite|p1a: Ursaluna
|
|-weather|Snowscape|[upkeep]
|-damage|p1a: Ursaluna|95/100 brn|[from] brn
|upkeep
|turn|5
|
|t:|1757132772
|move|p1a: Ursaluna|Earthquake|p2b: Dragonite|[spread] p2a
|-immune|p2b: Dragonite
|-supereffective|p2a: Gholdengo
|-damage|p2a: Gholdengo|0 fnt
|faint|p2a: Gholdengo
|move|p2b: Dragonite|Scale Shot|p1a: Ursaluna|[miss]
|-miss|p2b: Dragonite|p1a: Ursaluna
|
|-weather|Snowscape|[upkeep]
|-damage|p1a: Ursaluna|89/100 brn|[from] brn
|-fieldend|move: Trick Room
|-fieldend|move: Psychic Terrain
|upkeep
|turn|6
|
|t:|1757132784
|move|p2b: Dragonite|Scale Shot|p1a: Ursaluna
|-damage|p1a: Ursaluna|77/100 brn
|-damage|p1a: Ursaluna|66/100 brn
|-damage|p1a: Ursaluna|55/100 brn
|-damage|p1a: Ursaluna|45/100 brn
|-damage|p1a: Ursaluna|35/100 brn
|-hitcount|p1a: Ursaluna|5
|-unboost|p2b: Dragonite|def|1
|-boost|p2b: Dragonite|spe|1
|move|p1a: Ursaluna|Facade|p2b: Dragonite
|-damage|p2b: Dragonite|0 fnt
|faint|p2b: Dragonite
|
|win|mr.pickup
|raw|mr.pickup's rating: 1298 → 1321(+23 for winning)
|raw|TeyVgc's rating: 1264 → 1241(-23 for losing)
