|j|☆dialghite
|j|☆jacre22
|html|dialghitejacre22    
|uhtml|bestof|Game 1 of a best-of-3
|t:|1756671714
|gametype|doubles
|player|p1|dialghite|volkner|1483
|player|p2|jacre22|iris-gen5bw2|1438
|gen|9
|tier|[Gen 9] VGC 2025 Reg H (Bo3)
|rated|
|rule|Species Clause: Limit one of each Pokémon
|rule|Item Clause: Limit 1 of each item
|clearpoke
|poke|p1|Indeedee, L50, M|
|poke|p1|Sneasler, L50, F|
|poke|p1|Tyranitar, L50, F|
|poke|p1|Excadrill, L50, F|
|poke|p1|Corviknight, L50, M|
|poke|p1|Annihilape, L50, F|
|poke|p2|Whimsicott, L50, F|
|poke|p2|Garchomp, L50, F|
|poke|p2|Gholdengo, L50|
|poke|p2|Incineroar, L50, M|
|poke|p2|Sneasler, L50, F|
|poke|p2|Dragonite, L50, F|
|teampreview|4
|showteam|p1|Indeedee||ChoiceScarf|PsychicSurge|ExpandingForce,TeraBlast,Trick,Protect|||M|||50|,,,,,Psychic]Sneasler||PsychicSeed|Unburden|CloseCombat,DireClaw,ThroatChop,Protect|||F|||50|,,,,,Dark]Tyranitar||AssaultVest|SandStream|RockSlide,KnockOff,TeraBlast,LowKick|||F|||50|,,,,,Flying]Excadrill||FocusSash|SandRush|Earthquake,IronHead,HighHorsepower,Protect|||F|||50|,,,,,Ground]Corviknight||Leftovers|MirrorArmor|BraveBird,Tailwind,Roost,BulkUp|||M|||50|,,,,,Dragon]Annihilape||SafetyGoggles|Defiant|CloseCombat,RageFist,FinalGambit,Taunt|||F|||50|,,,,,Water
|showteam|p2|Whimsicott||FocusSash|Prankster|Moonblast,Tailwind,Encore,Protect|||F|||50|,,,,,Ghost]Garchomp||LifeOrb|RoughSkin|Earthquake,DragonClaw,StompingTantrum,Protect|||F|||50|,,,,,Ground]Gholdengo||ChoiceSpecs|GoodasGold|MakeItRain,ShadowBall,Trick,PowerGem||||||50|,,,,,Steel]Incineroar||AssaultVest|Intimidate|FakeOut,FlareBlitz,KnockOff,Uturn|||M|||50|,,,,,Grass]Sneasler||WhiteHerb|Unburden|FakeOut,DireClaw,CloseCombat,Protect|||F|||50|,,,,,Stellar]Dragonite||ChoiceBand|InnerFocus|ExtremeSpeed,Outrage,IceSpinner,StompingTantrum|||F|||50|,,,,,Normal
|inactive|Battle timer is ON: inactive players will automatically lose when time's up. (requested by dialghite)
|l|☆dialghite
|inactive|dialghite disconnected and has a minute to reconnect!
|player|p1|
|inactive|dialghite has 30 seconds to reconnect!
|j|☆dialghite
|inactive|dialghite reconnected and has 60 seconds left.
|player|p1|dialghite|volkner|
|inactive|dialghite has 30 seconds left.
|
|t:|1756671805
|teamsize|p1|4
|teamsize|p2|4
|start
|switch|p1a: Tyranitar|Tyranitar, L50, F|100/100
|switch|p1b: Excadrill|Excadrill, L50, F|100/100
|switch|p2a: Incineroar|Incineroar, L50, M|100/100
|switch|p2b: Sneasler|Sneasler, L50, F|100/100
|-ability|p2a: Incineroar|Intimidate|boost
|-unboost|p1a: Tyranitar|atk|1
|-unboost|p1b: Excadrill|atk|1
|-weather|Sandstorm|[from] ability: Sand Stream|[of] p1a: Tyranitar
|turn|1
|inactive|dialghite has 30 seconds left.
|
|t:|1756671834
|switch|p2b: Whimsicott|Whimsicott, L50, F|100/100
|switch|p1a: Corviknight|Corviknight, L50, M|100/100
|move|p1b: Excadrill|Protect|p1b: Excadrill
|-singleturn|p1b: Excadrill|Protect
|move|p2a: Incineroar|Fake Out|p1b: Excadrill
|-activate|p1b: Excadrill|move: Protect
|
|-weather|Sandstorm|[upkeep]
|-damage|p2b: Whimsicott|95/100|[from] Sandstorm
|-damage|p2a: Incineroar|94/100|[from] Sandstorm
|upkeep
|turn|2
|
|t:|1756671853
|switch|p2a: Dragonite|Dragonite, L50, F|100/100
|move|p2b: Whimsicott|Tailwind|p2b: Whimsicott
|-sidestart|p2: jacre22|move: Tailwind
|move|p1b: Excadrill|Earthquake|p2b: Whimsicott|[spread] p2b
|-immune|p1a: Corviknight
|-immune|p2a: Dragonite
|-resisted|p2b: Whimsicott
|-damage|p2b: Whimsicott|71/100
|move|p1a: Corviknight|Bulk Up|p1a: Corviknight
|-boost|p1a: Corviknight|atk|1
|-boost|p1a: Corviknight|def|1
|
|-weather|Sandstorm|[upkeep]
|-damage|p2b: Whimsicott|65/100|[from] Sandstorm
|-damage|p2a: Dragonite|95/100|[from] Sandstorm
|upkeep
|turn|3
|inactive|dialghite has 30 seconds left.
|inactive|jacre22 has 30 seconds left.
|inactive|jacre22 has 20 seconds left.
|
|t:|1756671896
|move|p2b: Whimsicott|Encore|p1a: Corviknight
|-start|p1a: Corviknight|Encore
|move|p1b: Excadrill|Iron Head|p2a: Dragonite
|-damage|p2a: Dragonite|61/100
|move|p2a: Dragonite|Stomping Tantrum|p1b: Excadrill
|-supereffective|p1b: Excadrill
|-enditem|p1b: Excadrill|Focus Sash
|-damage|p1b: Excadrill|1/100
|move|p1a: Corviknight|Bulk Up|p1a: Corviknight
|-boost|p1a: Corviknight|atk|1
|-boost|p1a: Corviknight|def|1
|
|-weather|Sandstorm|[upkeep]
|-damage|p2b: Whimsicott|59/100|[from] Sandstorm
|-damage|p2a: Dragonite|55/100|[from] Sandstorm
|upkeep
|turn|4
|
|t:|1756671917
|switch|p2b: Incineroar|Incineroar, L50, M|94/100
|-ability|p2b: Incineroar|Intimidate|boost
|-ability|p1a: Corviknight|Mirror Armor
|-unboost|p2b: Incineroar|atk|1
|-unboost|p1b: Excadrill|atk|1
|move|p1b: Excadrill|Iron Head|p2b: Incineroar
|-resisted|p2b: Incineroar
|-damage|p2b: Incineroar|82/100
|move|p2a: Dragonite|Stomping Tantrum|p1b: Excadrill
|-supereffective|p1b: Excadrill
|-damage|p1b: Excadrill|0 fnt
|faint|p1b: Excadrill
|move|p1a: Corviknight|Bulk Up|p1a: Corviknight
|-boost|p1a: Corviknight|atk|1
|-boost|p1a: Corviknight|def|1
|
|-weather|Sandstorm|[upkeep]
|-damage|p2a: Dragonite|50/100|[from] Sandstorm
|-damage|p2b: Incineroar|76/100|[from] Sandstorm
|upkeep
|
|t:|1756671935
|switch|p1b: Tyranitar|Tyranitar, L50, F|100/100
|turn|5
|
|t:|1756671947
|switch|p2a: Whimsicott|Whimsicott, L50, F|59/100
|-terastallize|p1b: Tyranitar|Flying
|move|p2b: Incineroar|Fake Out|p1b: Tyranitar
|-damage|p1b: Tyranitar|94/100
|move|p1a: Corviknight|Bulk Up|p1a: Corviknight
|-boost|p1a: Corviknight|atk|1
|-boost|p1a: Corviknight|def|1
|cant|p1b: Tyranitar|flinch
|
|-weather|none
|-end|p1a: Corviknight|Encore
|-sideend|p2: jacre22|move: Tailwind
|upkeep
|turn|6
|
|t:|1756671969
|move|p2a: Whimsicott|Encore|p1a: Corviknight
|-start|p1a: Corviknight|Encore
|move|p2b: Incineroar|Flare Blitz|p1b: Tyranitar
|-damage|p1b: Tyranitar|65/100
|-damage|p2b: Incineroar|66/100|[from] Recoil
|move|p1a: Corviknight|Bulk Up|p1a: Corviknight
|-boost|p1a: Corviknight|atk|1
|-boost|p1a: Corviknight|def|1
|move|p1b: Tyranitar|Tera Blast|p2a: Whimsicott|[anim] Tera Blast Flying
|-supereffective|p2a: Whimsicott
|-damage|p2a: Whimsicott|0 fnt
|faint|p2a: Whimsicott
|
|upkeep
|
|t:|1756671985
|switch|p2a: Dragonite|Dragonite, L50, F|50/100
|turn|7
|j| birra di ciconia
|
|t:|1756672000
|move|p2a: Dragonite|Outrage|p1a: Corviknight
|-resisted|p1a: Corviknight
|-damage|p1a: Corviknight|88/100
|move|p2b: Incineroar|Knock Off|p1a: Corviknight
|-damage|p1a: Corviknight|81/100
|-enditem|p1a: Corviknight|Leftovers|[from] move: Knock Off|[of] p2b: Incineroar
|move|p1a: Corviknight|Bulk Up|p1a: Corviknight
|-boost|p1a: Corviknight|atk|1
|-boost|p1a: Corviknight|def|1
|move|p1b: Tyranitar|Rock Slide|p2a: Dragonite|[spread] p2a,p2b
|-supereffective|p2a: Dragonite
|-supereffective|p2b: Incineroar
|-crit|p2b: Incineroar
|-damage|p2a: Dragonite|0 fnt
|-damage|p2b: Incineroar|0 fnt
|faint|p2a: Dragonite
|faint|p2b: Incineroar
|
|upkeep
|
|t:|1756672016
|switch|p2b: Sneasler|Sneasler, L50, F|100/100
|turn|8
|
|t:|1756672027
|-terastallize|p2b: Sneasler|Stellar
|move|p2b: Sneasler|Dire Claw|p1b: Tyranitar
|-damage|p1b: Tyranitar|23/100
|move|p1a: Corviknight|Bulk Up|p1a: Corviknight
|-boost|p1a: Corviknight|atk|0
|-boost|p1a: Corviknight|def|0
|move|p1b: Tyranitar|Tera Blast|p2b: Sneasler|[anim] Tera Blast Flying
|-supereffective|p2b: Sneasler
|-damage|p2b: Sneasler|0 fnt
|faint|p2b: Sneasler
|
|win|dialghite
||dialghite is ready for game 2.
||jacre22 is ready for game 2.
|uhtml|next|Next: Game 2 of 3
|l|☆dialghite
|player|p1|
