|j|☆Alysa Liu
|j|☆palle synchro
|html|Alysa Liupalle synchro    
|uhtml|bestof|Game 2 of a best-of-3
|t:|1756158688
|gametype|doubles
|player|p1|Alysa Liu|lady|1462
|player|p2|palle synchro|volkner|1479
|gen|9
|tier|[Gen 9] VGC 2025 Reg H (Bo3)
|rated|
|rule|Species Clause: Limit one of each Pokémon
|rule|Item Clause: Limit 1 of each item
|clearpoke
|poke|p1|Dachsbun, L50, M|
|poke|p1|Typhlosion-Hisui, L50, M|
|poke|p1|Kingambit, L50, M|
|poke|p1|Jumpluff, L50, F|
|poke|p1|Rillaboom, L50, M|
|poke|p1|Torkoal, L50, M|
|poke|p2|Whimsicott, L50, F|
|poke|p2|Garchomp, L50, F|
|poke|p2|Indeedee, L50, M|
|poke|p2|Sneasler, L50, M|
|poke|p2|Ursaluna-Bloodmoon, L50, M|
|poke|p2|Archaludon, L50, F|
|teampreview|4
|showteam|p1|Dachsbun||Leftovers|WellBakedBody|BodyPress,Snarl,HelpingHand,Protect|||M|||50|,,,,,Steel]Typhlosion-Hisui||ChoiceSpecs|Blaze|Eruption,LavaPlume,Overheat,ShadowBall|||M|||50|,,,,,Fire]Kingambit||SafetyGoggles|Defiant|Protect,KowtowCleave,SuckerPunch,SwordsDance|||M|||50|,,,,,Dark]Jumpluff||CovertCloak|Chlorophyll|SleepPowder,SunnyDay,RagePowder,Tailwind|||F|||50|,,,,,Water]Rillaboom||AssaultVest|GrassySurge|WoodHammer,GrassyGlide,FakeOut,HighHorsepower|||M|||50|,,,,,Water]Torkoal||SitrusBerry|Drought|HeatWave,LavaPlume,ClearSmog,Protect|||M|||50|,,,,,Fairy
|showteam|p2|Whimsicott||CovertCloak|Prankster|Moonblast,Taunt,Tailwind,FakeTears|||F|||50|,,,,,Water]Garchomp||LoadedDice|RoughSkin|ScaleShot,StompingTantrum,SwordsDance,Protect|||F|||50|,,,,,Steel]Indeedee||FocusSash|PsychicSurge|ExpandingForce,TeraBlast,Imprison,TrickRoom|||M|||50|,,,,,Psychic]Sneasler||PsychicSeed|Unburden|CloseCombat,DireClaw,ThroatChop,Protect|||M|||50|,,,,,Dark]Ursaluna-Bloodmoon||LifeOrb|MindsEye|HyperVoice,BloodMoon,EarthPower,Protect|||M|||50|,,,,,Normal]Archaludon||PowerHerb|Stalwart|ElectroShot,DragonPulse,Thunderbolt,Protect|||F|||50|,,,,,Electric
|inactive|Battle timer is ON: inactive players will automatically lose when time's up. (requested by Alysa Liu)
|inactive|Alysa Liu has 60 seconds left.
|
|t:|1756158727
|teamsize|p1|4
|teamsize|p2|4
|start
|switch|p1a: Jumpluff|Jumpluff, L50, F|100/100
|switch|p1b: Torkoal|Torkoal, L50, M|100/100
|switch|p2a: Whimsicott|Whimsicott, L50, F|100/100
|switch|p2b: Ursaluna|Ursaluna-Bloodmoon, L50, M|100/100
|-weather|SunnyDay|[from] ability: Drought|[of] p1b: Torkoal
|turn|1
|inactive|Alysa Liu has 30 seconds left.
|
|t:|1756158752
|switch|p1a: Dachsbun|Dachsbun, L50, M|100/100
|-terastallize|p2a: Whimsicott|Water
|move|p2a: Whimsicott|Taunt|p1a: Dachsbun
|-start|p1a: Dachsbun|move: Taunt
|move|p2b: Ursaluna|Blood Moon|p1b: Torkoal
|-damage|p1b: Torkoal|0 fnt
|faint|p1b: Torkoal
|-damage|p2b: Ursaluna|91/100|[from] item: Life Orb
|
|-weather|SunnyDay|[upkeep]
|upkeep
|
|t:|1756158769
|switch|p1b: Typhlosion|Typhlosion-Hisui, L50, M|100/100
|turn|2
|
|t:|1756158781
|switch|p1b: Jumpluff|Jumpluff, L50, F|100/100
|move|p2a: Whimsicott|Tailwind|p2a: Whimsicott
|-sidestart|p2: palle synchro|move: Tailwind
|move|p2b: Ursaluna|Hyper Voice|p1b: Jumpluff|[spread] p1a,p1b
|-damage|p1a: Dachsbun|43/100
|-damage|p1b: Jumpluff|51/100
|-damage|p2b: Ursaluna|81/100|[from] item: Life Orb
|move|p1a: Dachsbun|Body Press|p2b: Ursaluna
|-supereffective|p2b: Ursaluna
|-damage|p2b: Ursaluna|36/100
|
|-weather|SunnyDay|[upkeep]
|-heal|p1a: Dachsbun|49/100|[from] item: Leftovers
|upkeep
|turn|3
|
|t:|1756158798
|-terastallize|p1a: Dachsbun|Steel
|move|p1b: Jumpluff|Rage Powder|p1b: Jumpluff
|-singleturn|p1b: Jumpluff|move: Rage Powder
|move|p2a: Whimsicott|Taunt|p1b: Jumpluff
|-start|p1b: Jumpluff|move: Taunt
|move|p2b: Ursaluna|Hyper Voice|p1a: Dachsbun|[spread] p1a,p1b
|-resisted|p1a: Dachsbun
|-damage|p1a: Dachsbun|22/100
|-damage|p1b: Jumpluff|1/100
|-damage|p2b: Ursaluna|26/100|[from] item: Life Orb
|move|p1a: Dachsbun|Body Press|p2b: Ursaluna
|-supereffective|p2b: Ursaluna
|-crit|p2b: Ursaluna
|-damage|p2b: Ursaluna|0 fnt
|faint|p2b: Ursaluna
|
|-weather|SunnyDay|[upkeep]
|-heal|p1a: Dachsbun|28/100|[from] item: Leftovers
|-end|p1a: Dachsbun|move: Taunt
|upkeep
|
|t:|1756158813
|switch|p2b: Indeedee|Indeedee, L50, M|100/100
|-fieldstart|move: Psychic Terrain|[from] ability: Psychic Surge|[of] p2b: Indeedee
|turn|4
|
|t:|1756158824
|move|p1a: Dachsbun|Protect|p1a: Dachsbun
|-singleturn|p1a: Dachsbun|Protect
|move|p2a: Whimsicott|Moonblast|p1a: Dachsbun
|-activate|p1a: Dachsbun|move: Protect
|-activate|p1b: Jumpluff|move: Struggle
|move|p1b: Jumpluff|Struggle|p2a: Whimsicott
|-damage|p2a: Whimsicott|93/100
|-damage|p1b: Jumpluff|0 fnt|[from] recoil
|faint|p1b: Jumpluff
|move|p2b: Indeedee|Expanding Force|p1a: Dachsbun
|-activate|p1a: Dachsbun|move: Protect
|
|-weather|SunnyDay|[upkeep]
|-heal|p1a: Dachsbun|34/100|[from] item: Leftovers
|upkeep
|
|t:|1756158828
|switch|p1b: Typhlosion|Typhlosion-Hisui, L50, M|100/100
|turn|5
|
|t:|1756158840
|move|p1a: Dachsbun|Protect|p1a: Dachsbun
|-singleturn|p1a: Dachsbun|Protect
|move|p2a: Whimsicott|Moonblast|p1b: Typhlosion
|-resisted|p1b: Typhlosion
|-damage|p1b: Typhlosion|80/100
|move|p2b: Indeedee|Expanding Force|p1b: Typhlosion|[spread] p1b
|-activate|p1a: Dachsbun|move: Protect
|-damage|p1b: Typhlosion|11/100
|move|p1b: Typhlosion|Lava Plume|p2b: Indeedee|[spread] p2a,p2b
|-activate|p1a: Dachsbun|move: Protect
|-resisted|p2a: Whimsicott
|-damage|p2a: Whimsicott|33/100
|-enditem|p2b: Indeedee|Focus Sash
|-damage|p2b: Indeedee|1/100
|
|-weather|none
|-heal|p1a: Dachsbun|40/100|[from] item: Leftovers
|-sideend|p2: palle synchro|move: Tailwind
|upkeep
|turn|6
|
|t:|1756158864
|move|p2a: Whimsicott|Tailwind|p2a: Whimsicott
|-sidestart|p2: palle synchro|move: Tailwind
|move|p2b: Indeedee|Expanding Force|p1b: Typhlosion|[spread] p1a,p1b
|-resisted|p1a: Dachsbun
|-damage|p1a: Dachsbun|7/100
|-damage|p1b: Typhlosion|0 fnt
|faint|p1b: Typhlosion
|move|p1a: Dachsbun|Body Press|p2a: Whimsicott
|-damage|p2a: Whimsicott|0 fnt
|faint|p2a: Whimsicott
|
|-heal|p1a: Dachsbun|13/100|[from] item: Leftovers
|upkeep
|
|t:|1756158870
|switch|p2a: Sneasler|Sneasler, L50, M|100/100
|-enditem|p2a: Sneasler|Psychic Seed
|-boost|p2a: Sneasler|spd|1|[from] item: Psychic Seed
|turn|7
|-message|Alysa Liu forfeited.
|
|win|palle synchro
