|j|☆razorsharp01
|j|☆CryForCrys
|html|razorsharp01CryForCrys    
|uhtml|bestof|Game 1 of a best-of-3
|t:|1756976196
|gametype|doubles
|player|p1|razorsharp01|falkner|
|player|p2|CryForCrys|caitlin|
|gen|9
|tier|[Gen 9] VGC 2025 Reg H (Bo3)
|rule|Species Clause: Limit one of each Pokémon
|rule|Item Clause: Limit 1 of each item
|clearpoke
|poke|p1|Archaludon, L50, F|
|poke|p1|Maushold, L50|
|poke|p1|Porygon2, L50|
|poke|p1|Incineroar, L50, M|
|poke|p1|Ursaluna, L50, M|
|poke|p1|Smeargle, L50, M|
|poke|p2|Ursaluna-Bloodmoon, L50, M|
|poke|p2|Porygon2, L50|
|poke|p2|Amoonguss, L50, F|
|poke|p2|Incineroar, L50, F|
|poke|p2|Dragapult, L50, M|
|poke|p2|Sneasler, L50, M|
|teampreview|4
|showteam|p1|Archaludon||PowerHerb|Stamina|ElectroShot,DragonPulse,Thunderbolt,BodyPress|||F|||50|,,,,,Electric]Maushold||SilkScarf|FriendGuard|PopulationBomb,Encore,HelpingHand,DoubleEdge||||||50|,,,,,Ghost]Porygon2||Eviolite|Download|IceBeam,Recover,TrickRoom,TeraBlast||||||50|,,,,,Fighting]Incineroar||AssaultVest|Intimidate|FakeOut,FlareBlitz,KnockOff,Uturn|||M|||50|,,,,,Ghost]Ursaluna||FlameOrb|Guts|Facade,Earthquake,Protect,CloseCombat|||M|||50|,,,,,Normal]Smeargle||FocusSash|Moody|FakeOut,Decorate,Spore,FollowMe|||M|||50|,,,,,Normal
|showteam|p2|Ursaluna-Bloodmoon||AssaultVest|MindsEye|BloodMoon,HyperVoice,EarthPower,VacuumWave|||M|||50|,,,,,Normal]Porygon2||Eviolite|Trace|IceBeam,Thunderbolt,Recover,TrickRoom||||||50|,,,,,Ghost]Amoonguss||CovertCloak|Regenerator|Spore,RagePowder,PollenPuff,SludgeBomb|||F|||50|,,,,,Water]Incineroar||SafetyGoggles|Intimidate|KnockOff,FakeOut,PartingShot,FlareBlitz|||F|||50|,,,,,Ghost]Dragapult||ChoiceBand|ClearBody|DragonDarts,PhantomForce,Uturn,Outrage|||M|||50|,,,,,Fairy]Sneasler||FocusSash|PoisonTouch|CloseCombat,DireClaw,ThroatChop,FakeOut|||M|||50|,,,,,Dark
|
|t:|1756976239
|teamsize|p1|4
|teamsize|p2|4
|start
|switch|p1a: Porygon2|Porygon2, L50, shiny|100/100
|switch|p1b: Ursaluna|Ursaluna, L50, M|100/100
|switch|p2a: Sneasler|Sneasler, L50, M|100/100
|switch|p2b: Incineroar|Incineroar, L50, F|100/100
|-ability|p2b: Incineroar|Intimidate|boost
|-unboost|p1a: Porygon2|atk|1
|-unboost|p1b: Ursaluna|atk|1
|-ability|p1a: Porygon2|Download|boost
|-boost|p1a: Porygon2|atk|1
|turn|1
|
|t:|1756976268
|switch|p1b: Archaludon|Archaludon, L50, F|100/100
|switch|p1a: Smeargle|Smeargle, L50, M|100/100
|move|p2a: Sneasler|Fake Out|p1a: Smeargle
|-damage|p1a: Smeargle|68/100
|move|p2b: Incineroar|Knock Off|p1b: Archaludon
|-damage|p1b: Archaludon|73/100
|-ability|p1b: Archaludon|Stamina|boost
|-boost|p1b: Archaludon|def|1
|-enditem|p1b: Archaludon|Power Herb|[from] move: Knock Off|[of] p2b: Incineroar
|
|-ability|p1a: Smeargle|Moody|boost
|-boost|p1a: Smeargle|spd|2
|-unboost|p1a: Smeargle|atk|1
|upkeep
|turn|2
|
|t:|1756976315
|switch|p1b: Porygon2|Porygon2, L50, shiny|100/100
|-ability|p1b: Porygon2|Download|boost
|-boost|p1b: Porygon2|atk|1
|move|p2a: Sneasler|Dire Claw|p1a: Smeargle
|-damage|p1a: Smeargle|0 fnt
|faint|p1a: Smeargle
|move|p2b: Incineroar|Parting Shot|p1b: Porygon2
|-unboost|p1b: Porygon2|atk|1
|-unboost|p1b: Porygon2|spa|1
|
|t:|1756976332
|switch|p2b: Dragapult|Dragapult, L50, M|100/100|[from] Parting Shot
|
|upkeep
|
|t:|1756976335
|switch|p1a: Ursaluna|Ursaluna, L50, M|100/100
|turn|3
|
|t:|1756976371
|move|p1a: Ursaluna|Protect|p1a: Ursaluna
|-singleturn|p1a: Ursaluna|Protect
|move|p2b: Dragapult|Dragon Darts|p1b: Porygon2
|-damage|p1b: Porygon2|71/100
|-anim|p2b: Dragapult|Dragon Darts|p1b: Porygon2
|-damage|p1b: Porygon2|43/100
|move|p2a: Sneasler|Close Combat|p1b: Porygon2
|-supereffective|p1b: Porygon2
|-damage|p1b: Porygon2|0 fnt
|-unboost|p2a: Sneasler|def|1
|-unboost|p2a: Sneasler|spd|1
|faint|p1b: Porygon2
|
|-status|p1a: Ursaluna|brn|[from] item: Flame Orb
|upkeep
|
|t:|1756976381
|switch|p1b: Archaludon|Archaludon, L50, F|73/100
|turn|4
|
|t:|1756976410
|-terastallize|p2b: Dragapult|Fairy
|move|p2b: Dragapult|Dragon Darts|p1a: Ursaluna
|-damage|p1a: Ursaluna|72/100 brn
|-anim|p2b: Dragapult|Dragon Darts|p1b: Archaludon
|-damage|p1b: Archaludon|49/100
|-ability|p1b: Archaludon|Stamina|boost
|-boost|p1b: Archaludon|def|1
|move|p2a: Sneasler|Close Combat|p1b: Archaludon
|-supereffective|p1b: Archaludon
|-damage|p1b: Archaludon|0 fnt
|-unboost|p2a: Sneasler|def|1
|-unboost|p2a: Sneasler|spd|1
|faint|p1b: Archaludon
|move|p1a: Ursaluna|Facade|p2a: Sneasler
|-enditem|p2a: Sneasler|Focus Sash
|-damage|p2a: Sneasler|1/100
|
|-damage|p1a: Ursaluna|66/100 brn|[from] brn
|upkeep
|turn|5
|
|t:|1756976434
|move|p2b: Dragapult|Dragon Darts|p1a: Ursaluna
|-damage|p1a: Ursaluna|37/100 brn
|-anim|p2b: Dragapult|Dragon Darts|p1a: Ursaluna
|-damage|p1a: Ursaluna|10/100 brn
|move|p2a: Sneasler|Close Combat|p1a: Ursaluna
|-supereffective|p1a: Ursaluna
|-damage|p1a: Ursaluna|0 fnt
|-unboost|p2a: Sneasler|def|1
|-unboost|p2a: Sneasler|spd|1
|faint|p1a: Ursaluna
|
|win|CryForCrys
||razorsharp01 is ready for game 2.
|inactive|CryForCrys has 30 seconds to confirm battle start!
