|j|☆gohan92
|j|☆STL Donductor
|html|gohan92STL Donductor    
|uhtml|bestof|Game 3 of a best-of-3
|t:|1756670979
|gametype|doubles
|player|p1|gohan92|2|1240
|player|p2|STL Donductor|hilbert|1265
|gen|9
|tier|[Gen 9] VGC 2025 Reg H (Bo3)
|rated|
|rule|Species Clause: Limit one of each Pokémon
|rule|Item Clause: Limit 1 of each item
|clearpoke
|poke|p1|Ursaluna-Bloodmoon, L50, M|
|poke|p1|Gholdengo, L50|
|poke|p1|Dragonite, L50, F|
|poke|p1|Rillaboom, L50, F|
|poke|p1|Annihilape, L50, M|
|poke|p1|Maushold, L50|
|poke|p2|Weezing-Galar, L50, M|
|poke|p2|Toedscruel, L50, F|
|poke|p2|Kilowattrel, L50, F|
|poke|p2|Garchomp, L50, F|
|poke|p2|Corviknight, L50, F|
|poke|p2|Typhlosion-Hisui, L50, M|
|teampreview|4
|showteam|p1|Ursaluna-Bloodmoon||AssaultVest|MindsEye|BloodMoon,HyperVoice,EarthPower,VacuumWave|||M|||50|,,,,,Water]Gholdengo||LifeOrb|GoodasGold|MakeItRain,ShadowBall,NastyPlot,Protect||||||50|,,,,,Water]Dragonite||LoadedDice|Multiscale|ScaleShot,Tailwind,Haze,Protect|||F|||50|,,,,,Fairy]Rillaboom||MiracleSeed|GrassySurge|FakeOut,WoodHammer,GrassyGlide,HighHorsepower|||F|||50|,,,,,Fire]Annihilape||SitrusBerry|Defiant|RageFist,DrainPunch,BulkUp,Protect|||M|||50|,,,,,Fire]Maushold||FocusSash|FriendGuard|SuperFang,BeatUp,FollowMe,Protect||||||50|,,,,,Ghost
|showteam|p2|Weezing-Galar||ChoiceSpecs|NeutralizingGas|StrangeSteam,SludgeBomb,DazzlingGleam,Flamethrower|||M|||50|,,,,,Water]Toedscruel||CovertCloak|MyceliumMight|Spore,RagePowder,AcidSpray,EarthPower|||F|||50|,,,,,Water]Kilowattrel||FocusSash|Competitive|Discharge,AirSlash,Tailwind,Protect|||F|||50|,,,,,Ghost]Garchomp||LifeOrb|RoughSkin|Earthquake,DragonClaw,StompingTantrum,Protect|||F|||50|,,,,,Ground]Corviknight||SitrusBerry|MirrorArmor|BraveBird,Roost,Taunt,Protect|||F|||50|,,,,,Dragon]Typhlosion-Hisui||ChoiceScarf|Blaze|Eruption,HeatWave,ShadowBall,WillOWisp|||M|||50|,,,,,Fire
|inactive|Battle timer is ON: inactive players will automatically lose when time's up. (requested by STL Donductor)
|inactive|gohan92 has 60 seconds left.
|inactive|gohan92 has 30 seconds left.
|inactive|gohan92 has 20 seconds left.
|inactive|gohan92 has 15 seconds left.
|
|t:|1756671056
|teamsize|p1|4
|teamsize|p2|4
|start
|switch|p1a: Dragonite|Dragonite, L50, F|100/100
|switch|p1b: Maushold|Maushold, L50|100/100
|switch|p2a: Oleander|Weezing-Galar, L50, M, shiny|100/100
|switch|p2b: Triboulet|Typhlosion-Hisui, L50, M|100/100
|-ability|p2a: Oleander|Neutralizing Gas
|turn|1
|
|t:|1756671078
|-terastallize|p2b: Triboulet|Fire
|move|p1b: Maushold|Protect|p1b: Maushold
|-singleturn|p1b: Maushold|Protect
|move|p2b: Triboulet|Eruption|p1a: Dragonite|[spread] p1a
|-activate|p1b: Maushold|move: Protect
|-resisted|p1a: Dragonite
|-damage|p1a: Dragonite|60/100
|move|p1a: Dragonite|Tailwind|p1a: Dragonite
|-sidestart|p1: gohan92|move: Tailwind
|move|p2a: Oleander|Sludge Bomb|p1a: Dragonite
|-damage|p1a: Dragonite|10/100
|-status|p1a: Dragonite|psn
|
|-damage|p1a: Dragonite|0 fnt|[from] psn
|faint|p1a: Dragonite
|upkeep
|
|t:|1756671097
|switch|p1a: Annihilape|Annihilape, L50, M|100/100
|turn|2
|inactive|STL Donductor has 30 seconds left.
|inactive|gohan92 has 30 seconds left.
|inactive|STL Donductor has 20 seconds left.
|
|t:|1756671133
|move|p1b: Maushold|Beat Up|p1a: Annihilape
|-damage|p1a: Annihilape|97/100
|-damage|p1a: Annihilape|95/100
|-damage|p1a: Annihilape|92/100
|-hitcount|p1a: Annihilape|3
|move|p1a: Annihilape|Rage Fist|p2a: Oleander
|-crit|p2a: Oleander
|-damage|p2a: Oleander|0 fnt
|faint|p2a: Oleander
|-end|p2a: Oleander|ability: Neutralizing Gas
|move|p2b: Triboulet|Eruption|p1a: Annihilape|[spread] p1a,p1b
|-damage|p1a: Annihilape|37/100
|-enditem|p1b: Maushold|Focus Sash
|-damage|p1b: Maushold|1/100
|-enditem|p1a: Annihilape|Sitrus Berry|[eat]
|-heal|p1a: Annihilape|62/100|[from] item: Sitrus Berry
|
|upkeep
|inactive|STL Donductor has 30 seconds left.
|
|t:|1756671159
|switch|p2a: Voltaire|Kilowattrel, L50, F|100/100
|turn|3
|inactive|gohan92 has 30 seconds left.
|inactive|STL Donductor has 30 seconds left.
|
|t:|1756671189
|move|p2a: Voltaire|Protect|p2a: Voltaire
|-singleturn|p2a: Voltaire|Protect
|move|p1b: Maushold|Super Fang|p2a: Voltaire
|-activate|p2a: Voltaire|move: Protect
|move|p1a: Annihilape|Rage Fist|p2b: Triboulet
|-damage|p2b: Triboulet|0 fnt
|faint|p2b: Triboulet
|
|upkeep
|
|t:|1756671198
|switch|p2b: Greyscale|Garchomp, L50, F|100/100
|turn|4
|
|t:|1756671213
|move|p2b: Greyscale|Protect|p2b: Greyscale
|-singleturn|p2b: Greyscale|Protect
|move|p1b: Maushold|Beat Up|p2a: Voltaire
|-damage|p2a: Voltaire|94/100
|-damage|p2a: Voltaire|89/100
|-damage|p2a: Voltaire|84/100
|-hitcount|p2a: Voltaire|3
|move|p1a: Annihilape|Rage Fist|p2a: Voltaire
|-damage|p2a: Voltaire|0 fnt
|faint|p2a: Voltaire
|
|-sideend|p1: gohan92|move: Tailwind
|upkeep
|turn|5
|
|t:|1756671232
|move|p1b: Maushold|Super Fang|p2b: Greyscale
|-damage|p2b: Greyscale|50/100
|-damage|p1b: Maushold|0 fnt|[from] ability: Rough Skin|[of] p2b: Greyscale
|faint|p1b: Maushold
|move|p2b: Greyscale|Dragon Claw|p1a: Annihilape
|-damage|p1a: Annihilape|9/100
|-damage|p2b: Greyscale|41/100|[from] item: Life Orb
|move|p1a: Annihilape|Rage Fist|p2b: Greyscale
|-damage|p2b: Greyscale|0 fnt
|-damage|p1a: Annihilape|0 fnt|[from] ability: Rough Skin|[of] p2b: Greyscale
|faint|p2b: Greyscale
|faint|p1a: Annihilape
|
|win|gohan92
|raw|gohan92's rating: 1240 → 1267(+27 for winning)
|raw|STL Donductor's rating: 1265 → 1238(-27 for losing)
