|j|☆Pikapoololol
|j|☆Basura2U
|html|PikapoolololBasura2U    
|uhtml|bestof|Game 1 of a best-of-3
|t:|1757773759
|gametype|doubles
|player|p1|Pikapoololol|ninjaboy|1134
|player|p2|Basura2U|lucas|1111
|gen|9
|tier|[Gen 9] VGC 2025 Reg H (Bo3)
|rated|
|rule|Species Clause: Limit one of each Pokémon
|rule|Item Clause: Limit 1 of each item
|clearpoke
|poke|p1|Pelipper, L50, F|
|poke|p1|Archaludon, L50, F|
|poke|p1|Incineroar, L50, M|
|poke|p1|Kingdra, L50, M|
|poke|p1|Amoonguss, L50, F|
|poke|p1|Rillaboom, L50, F|
|poke|p2|Talonflame, L50, F|
|poke|p2|Glimmora, L50, F|
|poke|p2|Gallade, L50, M|
|poke|p2|Dragapult, L50, M|
|poke|p2|Electabuzz, L50, F|
|poke|p2|Brambleghast, L50, M|
|teampreview|4
|showteam|p1|Pelipper||FocusSash|Drizzle|Hurricane,WeatherBall,Tailwind,Protect|||F|||50|,,,,,Ground]Archaludon||AssaultVest|Stamina|ElectroShot,DragonPulse,FlashCannon,BodyPress|||F|||50|,,,,,Bug]Incineroar||SafetyGoggles|Intimidate|FlareBlitz,KnockOff,PartingShot,FakeOut|||M|||50|,,,,,Ghost]Kingdra||LifeOrb|SwiftSwim|DracoMeteor,WeatherBall,Protect,MuddyWater|||M|||50|,,,,,Stellar]Amoonguss||SitrusBerry|Regenerator|PollenPuff,Protect,RagePowder,Spore|||F|||50|,,,,,Psychic]Rillaboom||LoadedDice|GrassySurge|BulletSeed,GrassyGlide,HighHorsepower,FakeOut|||F|||50|,,,,,Fire
|showteam|p2|Talonflame|||GaleWings|Acrobatics,FlareBlitz,Tailwind,Protect|||F|||50|,,,,,Ghost]Glimmora||PowerHerb|ToxicDebris|SpikyShield,EarthPower,MeteorBeam,SludgeBomb|||F|||50|,,,,,Flying]Gallade||ClearAmulet|Sharpness|Protect,SacredSword,PsychoCut,NightSlash|||M|||50|,,,,,Stellar]Dragapult||ChoiceScarf|ClearBody|DragonDarts,PhantomForce,PsychicFangs,Uturn|||M|||50|,,,,,Dragon]Electabuzz||Eviolite|VitalSpirit|FollowMe,Electroweb,Taunt,HelpingHand|||F|||50|,,,,,Fairy]Brambleghast||FocusSash|WindRider|Poltergeist,PowerWhip,ShadowSneak,StrengthSap|||M|||50|,,,,,Ghost
|inactive|Battle timer is ON: inactive players will automatically lose when time's up. (requested by Basura2U)
|inactive|Pikapoololol has 60 seconds left.
|
|t:|1757773828
|teamsize|p1|4
|teamsize|p2|4
|start
|switch|p1a: Pelipper|Pelipper, L50, F|100/100
|switch|p1b: Kingdra|Kingdra, L50, M|100/100
|switch|p2a: Talonflame|Talonflame, L50, F|100/100
|switch|p2b: Dragapult|Dragapult, L50, M|100/100
|-weather|RainDance|[from] ability: Drizzle|[of] p1a: Pelipper
|turn|1
|l|☆Basura2U
|inactive|Basura2U disconnected and has a minute to reconnect!
|player|p2|
|j|☆Basura2U
|inactive|Basura2U reconnected and has 45 seconds left.
|player|p2|Basura2U|lucas|
|inactive|Pikapoololol has 30 seconds left.
|inactive|Basura2U has 30 seconds left.
|
|t:|1757773861
|-terastallize|p2b: Dragapult|Dragon
|move|p1b: Kingdra|Protect|p1b: Kingdra
|-singleturn|p1b: Kingdra|Protect
|move|p2a: Talonflame|Tailwind|p2a: Talonflame
|-sidestart|p2: Basura2U|move: Tailwind
|move|p2b: Dragapult|Dragon Darts|p1a: Pelipper
|-damage|p1a: Pelipper|53/100
|-anim|p2b: Dragapult|Dragon Darts|p1a: Pelipper
|-damage|p1a: Pelipper|8/100
|move|p1a: Pelipper|Weather Ball|p2a: Talonflame
|-supereffective|p2a: Talonflame
|-damage|p2a: Talonflame|0 fnt
|faint|p2a: Talonflame
|
|-weather|RainDance|[upkeep]
|upkeep
|
|t:|1757773878
|switch|p2a: Brambleghast|Brambleghast, L50, M|100/100
|-ability|p2a: Brambleghast|Wind Rider|boost
|-boost|p2a: Brambleghast|atk|1
|turn|2
|
|t:|1757773896
|switch|p1b: Archaludon|Archaludon, L50, F|100/100
|move|p1a: Pelipper|Protect|p1a: Pelipper
|-singleturn|p1a: Pelipper|Protect
|move|p2a: Brambleghast|Shadow Sneak|p1a: Pelipper
|-activate|p1a: Pelipper|move: Protect
|move|p2b: Dragapult|Dragon Darts|p1b: Archaludon
|-damage|p1b: Archaludon|71/100
|-ability|p1b: Archaludon|Stamina|boost
|-boost|p1b: Archaludon|def|1
|-anim|p2b: Dragapult|Dragon Darts|p1b: Archaludon
|-damage|p1b: Archaludon|53/100
|-ability|p1b: Archaludon|Stamina|boost
|-boost|p1b: Archaludon|def|1
|
|-weather|RainDance|[upkeep]
|upkeep
|turn|3
|
|t:|1757773915
|switch|p1a: Amoonguss|Amoonguss, L50, F|100/100
|move|p2b: Dragapult|Dragon Darts|p1b: Archaludon
|-damage|p1b: Archaludon|39/100
|-ability|p1b: Archaludon|Stamina|boost
|-boost|p1b: Archaludon|def|1
|-anim|p2b: Dragapult|Dragon Darts|p1a: Amoonguss
|-damage|p1a: Amoonguss|70/100
|move|p2a: Brambleghast|Poltergeist|p1b: Archaludon|[miss]
|-miss|p2a: Brambleghast|p1b: Archaludon
|move|p1b: Archaludon|Dragon Pulse|p2b: Dragapult
|-supereffective|p2b: Dragapult
|-damage|p2b: Dragapult|0 fnt
|faint|p2b: Dragapult
|
|-weather|RainDance|[upkeep]
|upkeep
|
|t:|1757773920
|switch|p2b: Gallade|Gallade, L50, M|100/100
|turn|4
|
|t:|1757773938
|-terastallize|p1a: Amoonguss|Psychic
|move|p2b: Gallade|Protect|p2b: Gallade
|-singleturn|p2b: Gallade|Protect
|move|p1a: Amoonguss|Rage Powder|p1a: Amoonguss
|-singleturn|p1a: Amoonguss|move: Rage Powder
|move|p2a: Brambleghast|Poltergeist|p1a: Amoonguss|[miss]
|-miss|p2a: Brambleghast|p1a: Amoonguss
|move|p1b: Archaludon|Electro Shot||[still]
|-prepare|p1b: Archaludon|Electro Shot
|-boost|p1b: Archaludon|spa|1
|-anim|p1b: Archaludon|Electro Shot|p2b: Gallade
|-activate|p2b: Gallade|move: Protect
|
|-weather|RainDance|[upkeep]
|-sideend|p2: Basura2U|move: Tailwind
|upkeep
|turn|5
|
|t:|1757773953
|move|p1a: Amoonguss|Rage Powder|p1a: Amoonguss
|-singleturn|p1a: Amoonguss|move: Rage Powder
|move|p2a: Brambleghast|Poltergeist|p1a: Amoonguss
|-activate|p1a: Amoonguss|move: Poltergeist|Sitrus Berry
|-supereffective|p1a: Amoonguss
|-damage|p1a: Amoonguss|0 fnt
|faint|p1a: Amoonguss
|move|p2b: Gallade|Sacred Sword|p1b: Archaludon
|-supereffective|p1b: Archaludon
|-damage|p1b: Archaludon|0 fnt
|faint|p1b: Archaludon
|
|-weather|none
|upkeep
|
|t:|1757773963
|switch|p1b: Kingdra|Kingdra, L50, M|100/100
|switch|p1a: Pelipper|Pelipper, L50, F|8/100
|-weather|RainDance|[from] ability: Drizzle|[of] p1a: Pelipper
|turn|6
|inactive|Basura2U has 30 seconds left.
|
|t:|1757773994
|move|p1a: Pelipper|Protect|p1a: Pelipper
|-singleturn|p1a: Pelipper|Protect
|move|p2a: Brambleghast|Shadow Sneak|p1a: Pelipper
|-activate|p1a: Pelipper|move: Protect
|move|p1b: Kingdra|Weather Ball|p2b: Gallade
|-damage|p2b: Gallade|0 fnt
|faint|p2b: Gallade
|-damage|p1b: Kingdra|91/100|[from] item: Life Orb
|
|-weather|RainDance|[upkeep]
|upkeep
|turn|7
|
|t:|1757774012
|move|p1b: Kingdra|Weather Ball|p2a: Brambleghast
|-resisted|p2a: Brambleghast
|-damage|p2a: Brambleghast|21/100
|-damage|p1b: Kingdra|81/100|[from] item: Life Orb
|move|p2a: Brambleghast|Power Whip|p1b: Kingdra
|-damage|p1b: Kingdra|0 fnt
|faint|p1b: Kingdra
|move|p1a: Pelipper|Hurricane|p2a: Brambleghast
|-ability|p2a: Brambleghast|Wind Rider|boost
|-boost|p2a: Brambleghast|atk|1
|
|-weather|RainDance|[upkeep]
|upkeep
|turn|8
|
|t:|1757774030
|move|p2a: Brambleghast|Shadow Sneak|p1a: Pelipper
|-crit|p1a: Pelipper
|-damage|p1a: Pelipper|0 fnt
|faint|p1a: Pelipper
|
|win|Basura2U
||Pikapoololol is ready for game 2.
