|j|☆Raijin and Tonic
|j|☆Ritzbitz12
|html|Raijin and TonicRitzbitz12    
|uhtml|bestof|Game 1 of a best-of-3
|t:|1756955113
|gametype|doubles
|player|p1|Raijin and Tonic|1|1140
|player|p2|Ritzbitz12|palmer|1109
|gen|9
|tier|[Gen 9] VGC 2025 Reg H (Bo3)
|rated|
|rule|Species Clause: Limit one of each Pokémon
|rule|Item Clause: Limit 1 of each item
|clearpoke
|poke|p1|Typhlosion-Hisui, L50, F|
|poke|p1|Torkoal, L50, M|
|poke|p1|Porygon2, L50|
|poke|p1|Incineroar, L50, F|
|poke|p1|Jumpluff, L50, M|
|poke|p1|Ursaluna, L50, F|
|poke|p2|Ninetales-Alola, L50, M|
|poke|p2|Gholdengo, L50|
|poke|p2|Garchomp, L50, F|
|poke|p2|Incineroar, L50, M|
|poke|p2|Sneasler, L50, F|
|poke|p2|Dragonite, L50, F|
|teampreview|4
|showteam|p1|Typhlosion-Hisui||ChoiceSpecs|Blaze|Eruption,HeatWave,Overheat,ShadowBall|||F|||50|,,,,,Fire]Torkoal||EjectPack|Drought|Eruption,Overheat,HelpingHand,Protect|||M|||50|,,,,,Fire]Porygon2||Eviolite|Download|TeraBlast,IceBeam,Recover,TrickRoom||||||50|,,,,,Fighting]Incineroar||SitrusBerry|Intimidate|FlareBlitz,KnockOff,FakeOut,PartingShot|||F|||50|,,,,,Ghost]Jumpluff||CovertCloak|Chlorophyll|SleepPowder,SunnyDay,RagePowder,Tailwind|||M|||50|,,,,,Water]Ursaluna||FlameOrb|Guts|HeadlongRush,Facade,Earthquake,Protect|||F|||50|,,,,,Ghost
|showteam|p2|Ninetales-Alola||LightClay|SnowWarning|AuroraVeil,Blizzard,FreezeDry,Protect|||M|||50|,,,,,Ghost]Gholdengo||LifeOrb|GoodasGold|MakeItRain,ShadowBall,NastyPlot,Protect||||||50|,,,,,Water]Garchomp||ClearAmulet|RoughSkin|Earthquake,StompingTantrum,DragonClaw,Protect|||F|||50|,,,,,Ground]Incineroar||AssaultVest|Intimidate|FakeOut,KnockOff,FlareBlitz,Uturn|||M|||50|,,,,,Grass]Sneasler||WhiteHerb|Unburden|Coaching,CloseCombat,DireClaw,Protect|||F|||50|,,,,,Ghost]Dragonite||LoadedDice|Multiscale|ScaleShot,Haze,Tailwind,Protect|||F|||50|,,,,,Fairy
|inactive|Battle timer is ON: inactive players will automatically lose when time's up. (requested by Raijin and Tonic)
|inactive|Raijin and Tonic has 60 seconds left.
|inactive|Ritzbitz12 has 60 seconds left.
|
|t:|1756955164
|teamsize|p1|4
|teamsize|p2|4
|start
|switch|p1a: Porygon2|Porygon2, L50|100/100
|switch|p1b: Incineroar|Incineroar, L50, F|100/100
|switch|p2a: Ninetales|Ninetales-Alola, L50, M|100/100
|switch|p2b: Garchomp|Garchomp, L50, F|100/100
|-weather|Snowscape|[from] ability: Snow Warning|[of] p2a: Ninetales
|-ability|p1b: Incineroar|Intimidate|boost
|-unboost|p2a: Ninetales|atk|1
|-fail|p2b: Garchomp|unboost|[from] item: Clear Amulet|[of] p2b: Garchomp
|-ability|p1a: Porygon2|Download|boost
|-boost|p1a: Porygon2|atk|1
|turn|1
|inactive|Ritzbitz12 has 30 seconds left.
|inactive|Ritzbitz12 has 20 seconds left.
|inactive|Ritzbitz12 has 15 seconds left.
|inactive|Ritzbitz12 has 10 seconds left.
|
|t:|1756955212
|switch|p1b: Torkoal|Torkoal, L50, M|100/100
|-weather|SunnyDay|[from] ability: Drought|[of] p1b: Torkoal
|move|p2a: Ninetales|Aurora Veil||[still]
|-fail|p2a: Ninetales
|move|p2b: Garchomp|Dragon Claw|p1a: Porygon2
|-damage|p1a: Porygon2|73/100
|move|p1a: Porygon2|Ice Beam|p2b: Garchomp
|-supereffective|p2b: Garchomp
|-damage|p2b: Garchomp|0 fnt
|faint|p2b: Garchomp
|
|-weather|SunnyDay|[upkeep]
|upkeep
|
|t:|1756955226
|switch|p2b: Sneasler|Sneasler, L50, F|100/100
|turn|2
|inactive|Ritzbitz12 has 30 seconds left.
|
|t:|1756955258
|switch|p2a: Incineroar|Incineroar, L50, M|100/100
|-ability|p2a: Incineroar|Intimidate|boost
|-unboost|p1a: Porygon2|atk|1
|-unboost|p1b: Torkoal|atk|1
|-enditem|p1b: Torkoal|Eject Pack
|
|t:|1756955263
|switch|p1b: Incineroar|Incineroar, L50, F|100/100
|-ability|p1b: Incineroar|Intimidate|boost
|-unboost|p2a: Incineroar|atk|1
|-unboost|p2b: Sneasler|atk|1
|-enditem|p2b: Sneasler|White Herb
|-clearnegativeboost|p2b: Sneasler|[silent]
|-terastallize|p1a: Porygon2|Fighting
|move|p2b: Sneasler|Close Combat|p1b: Incineroar
|-supereffective|p1b: Incineroar
|-damage|p1b: Incineroar|0 fnt
|-unboost|p2b: Sneasler|def|1
|-unboost|p2b: Sneasler|spd|1
|faint|p1b: Incineroar
|move|p1a: Porygon2|Trick Room|p1a: Porygon2
|-fieldstart|move: Trick Room|[of] p1a: Porygon2
|
|-weather|SunnyDay|[upkeep]
|upkeep
|
|t:|1756955276
|switch|p1b: Torkoal|Torkoal, L50, M|100/100
|turn|3
|inactive|Ritzbitz12 has 30 seconds left.
|
|t:|1756955302
|switch|p2b: Ninetales|Ninetales-Alola, L50, M|100/100
|-weather|Snowscape|[from] ability: Snow Warning|[of] p2b: Ninetales
|move|p2a: Incineroar|Fake Out|p1b: Torkoal
|-damage|p1b: Torkoal|94/100
|cant|p1b: Torkoal|flinch
|move|p1a: Porygon2|Tera Blast|p2a: Incineroar|[anim] Tera Blast Fighting
|-supereffective|p2a: Incineroar
|-damage|p2a: Incineroar|53/100
|
|-weather|Snowscape|[upkeep]
|upkeep
|turn|4
|inactive|Ritzbitz12 has 30 seconds left.
|inactive|Ritzbitz12 has 20 seconds left.
|inactive|Ritzbitz12 has 15 seconds left.
|inactive|Ritzbitz12 has 10 seconds left.
|
|t:|1756955351
|-terastallize|p2b: Ninetales|Ghost
|move|p1b: Torkoal|Eruption|p2a: Incineroar|[spread] p2a,p2b
|-resisted|p2a: Incineroar
|-damage|p2a: Incineroar|40/100
|-damage|p2b: Ninetales|53/100
|move|p1a: Porygon2|Tera Blast|p2a: Incineroar|[anim] Tera Blast Fighting
|-supereffective|p2a: Incineroar
|-damage|p2a: Incineroar|0 fnt
|faint|p2a: Incineroar
|move|p2b: Ninetales|Aurora Veil|p2b: Ninetales
|-sidestart|p2: Ritzbitz12|move: Aurora Veil
|
|-weather|Snowscape|[upkeep]
|upkeep
|
|t:|1756955362
|switch|p2a: Sneasler|Sneasler, L50, F|100/100
|turn|5
|inactive|Ritzbitz12 has 30 seconds left.
|inactive|Ritzbitz12 has 20 seconds left.
|
|t:|1756955402
|move|p2b: Ninetales|Protect|p2b: Ninetales
|-singleturn|p2b: Ninetales|Protect
|move|p1b: Torkoal|Eruption|p2b: Ninetales|[spread] p2a
|-activate|p2b: Ninetales|move: Protect
|-damage|p2a: Sneasler|62/100
|move|p1a: Porygon2|Ice Beam|p2b: Ninetales
|-activate|p2b: Ninetales|move: Protect
|move|p2a: Sneasler|Dire Claw|p1b: Torkoal
|-damage|p1b: Torkoal|64/100
|-status|p1b: Torkoal|psn
|
|-weather|Snowscape|[upkeep]
|-damage|p1b: Torkoal|51/100 psn|[from] psn
|upkeep
|turn|6
|inactive|Raijin and Tonic has 30 seconds left.
|inactive|Ritzbitz12 has 30 seconds left.
|
|t:|1756955431
|move|p1b: Torkoal|Overheat|p2b: Ninetales
|-damage|p2b: Ninetales|19/100
|-unboost|p1b: Torkoal|spa|2
|move|p1a: Porygon2|Ice Beam|p2a: Sneasler
|-damage|p2a: Sneasler|38/100
|move|p2b: Ninetales|Blizzard|p1a: Porygon2|[spread] p1a,p1b
|-resisted|p1b: Torkoal
|-crit|p1b: Torkoal
|-damage|p1a: Porygon2|56/100
|-damage|p1b: Torkoal|24/100 psn
|move|p2a: Sneasler|Dire Claw|p1a: Porygon2
|-damage|p1a: Porygon2|28/100
|-status|p1a: Porygon2|psn
|
|-weather|Snowscape|[upkeep]
|-damage|p1b: Torkoal|12/100 psn|[from] psn
|-damage|p1a: Porygon2|15/100 psn|[from] psn
|-fieldend|move: Trick Room
|upkeep
|turn|7
|inactive|Ritzbitz12 has 30 seconds left.
|inactive|Ritzbitz12 has 20 seconds left.
|inactive|Ritzbitz12 has 15 seconds left.
|inactive|Ritzbitz12 has 10 seconds left.
|
|t:|1756955480
|switch|p1b: Ursaluna|Ursaluna, L50, F|100/100
|move|p2b: Ninetales|Blizzard|p1a: Porygon2|[spread] p1a,p1b
|-supereffective|p1b: Ursaluna
|-damage|p1a: Porygon2|0 fnt
|-damage|p1b: Ursaluna|52/100
|faint|p1a: Porygon2
|move|p2a: Sneasler|Dire Claw|p1b: Ursaluna
|-resisted|p1b: Ursaluna
|-damage|p1b: Ursaluna|37/100
|-status|p1b: Ursaluna|psn
|
|-weather|none
|-damage|p1b: Ursaluna|25/100 psn|[from] psn
|upkeep
|
|t:|1756955490
|switch|p1a: Torkoal|Torkoal, L50, M|12/100 psn
|-weather|SunnyDay|[from] ability: Drought|[of] p1a: Torkoal
|turn|8
|
|t:|1756955505
|move|p1b: Ursaluna|Protect|p1b: Ursaluna
|-singleturn|p1b: Ursaluna|Protect
|move|p2b: Ninetales|Freeze-Dry|p1b: Ursaluna
|-activate|p1b: Ursaluna|move: Protect
|move|p2a: Sneasler|Close Combat|p1a: Torkoal
|-damage|p1a: Torkoal|0 fnt
|-unboost|p2a: Sneasler|def|1
|-unboost|p2a: Sneasler|spd|1
|faint|p1a: Torkoal
|
|-weather|SunnyDay|[upkeep]
|-damage|p1b: Ursaluna|13/100 psn|[from] psn
|upkeep
|turn|9
|-message|Raijin and Tonic forfeited.
|
|win|Ritzbitz12
|l|☆Raijin and Tonic
|player|p1|
||Raijin and Tonic is ready for game 2.
||Ritzbitz12 is ready for game 2.
|uhtml|next|Next: Game 2 of 3
