|j|☆sogreenitslime
|j|☆fjfjdjdjd
|html|sogreenitslimefjfjdjdjd    
|uhtml|bestof|Game 1 of a best-of-3
|t:|1785470315
|gametype|doubles
|player|p1|sogreenitslime|pokemaniac|1083
|player|p2|fjfjdjdjd|170|1000
|gen|9
|tier|[Gen 9 Champions] VGC 2026 Reg M-B (Bo3)
|rated|
|rule|Species Clause: Limit one of each Pokémon
|rule|Item Clause: Limit 1 of each item
|clearpoke
|poke|p1|Raichu, L50, F|
|poke|p1|Pelipper, L50, M|
|poke|p1|Archaludon, L50, M, shiny|
|poke|p1|Scovillain, L50, F|
|poke|p1|Basculegion, L50, M|
|poke|p1|Grimmsnarl, L50, M|
|poke|p2|Raichu, L50, F|
|poke|p2|Palafin, L50, M|
|poke|p2|Incineroar, L50, M|
|poke|p2|Corviknight, L50, M|
|poke|p2|Garchomp, L50, F|
|poke|p2|Froslass, L50, F|
|teampreview|4
|showteam|p1|Raichu||RaichuniteX|LightningRod|KnockOff,Protect,FakeOut,VoltTackle|Adamant||F|||50|]Pelipper||SitrusBerry|Drizzle|RainDance,Tailwind,MuddyWater,Hurricane|Bold||M|||50|]Archaludon||Leftovers|Stamina|FlashCannon,DragonPulse,ElectroShot,Protect|Calm||M|||50|]Scovillain||Scovillainite|Chlorophyll|Overheat,GigaDrain,Protect,RagePowder|Calm||F|||50|]Basculegion||ChoiceScarf|Adaptability|FlipTurn,WaveCrash,LastRespects,AquaJet|Jolly||M|||50|]Grimmsnarl||LightClay|Prankster|PartingShot,Reflect,LightScreen,SpiritBreak|Impish||M|||50|
|showteam|p2|Raichu||RaichuniteY|Static|ZapCannon,FocusBlast,FakeOut,Protect|Timid||F|||50|]Palafin||MysticWater|ZerotoHero|WaveCrash,JetPunch,Protect,DrainPunch|Adamant||M|||50|]Incineroar||SitrusBerry|Intimidate|FlareBlitz,FakeOut,PartingShot,DarkestLariat|Adamant||M|||50|]Corviknight||OccaBerry|MirrorArmor|BraveBird,IronHead,Tailwind,Protect|Jolly||M|||50|]Garchomp||LifeOrb|RoughSkin|Earthquake,StompingTantrum,DragonClaw,Protect|Jolly||F|||50|]Froslass||Froslassite|SnowCloak|Blizzard,ShadowBall,AuroraVeil,Protect|Modest||F|||50|
|
|t:|1785470367
|teamsize|p1|4
|teamsize|p2|4
|start
|switch|p1a: Raichu|Raichu, L50, F|100/100
|switch|p1b: Grimmsnarl|Grimmsnarl, L50, M|100/100
|switch|p2a: Palafin|Palafin, L50, M|100/100
|switch|p2b: Raichu|Raichu, L50, F|100/100
|turn|1
|
|t:|1785470393
|detailschange|p2a: Palafin|Palafin-Hero, L50, M
|switch|p2a: Garchomp|Garchomp, L50, F|100/100
|detailschange|p2b: Raichu|Raichu-Mega-Y, L50, F
|-mega|p2b: Raichu|Raichu|Raichunite Y
|detailschange|p1a: Raichu|Raichu-Mega-X, L50, F
|-mega|p1a: Raichu|Raichu|Raichunite X
|-fieldstart|move: Electric Terrain|[from] ability: Electric Surge|[of] p1a: Raichu
|move|p2b: Raichu|Fake Out|p1a: Raichu
|-damage|p1a: Raichu|87/100
|move|p1b: Grimmsnarl|Light Screen|p1b: Grimmsnarl
|-sidestart|p1: sogreenitslime|move: Light Screen
|cant|p1a: Raichu|flinch
|
|upkeep
|turn|2
|
|t:|1785470412
|move|p1b: Grimmsnarl|Reflect|p1b: Grimmsnarl
|-sidestart|p1: sogreenitslime|Reflect
|move|p2b: Raichu|Zap Cannon|p1b: Grimmsnarl
|-damage|p1b: Grimmsnarl|52/100
|-status|p1b: Grimmsnarl|par
|move|p2a: Garchomp|Stomping Tantrum|p1a: Raichu
|-supereffective|p1a: Raichu|1
|-damage|p1a: Raichu|2/100
|-damage|p2a: Garchomp|90/100|[from] item: Life Orb
|move|p1a: Raichu|Volt Tackle|p2b: Raichu
|-resisted|p2b: Raichu|1
|-damage|p2b: Raichu|26/100
|-damage|p1a: Raichu|0 fnt|[from] Recoil
|faint|p1a: Raichu
|
|upkeep
|
|t:|1785470438
|switch|p1a: Basculegion|Basculegion, L50, M|100/100
|turn|3
|inactive|Battle timer is ON: inactive players will automatically lose when time's up. (requested by sogreenitslime)
|
|t:|1785470475
|move|p1a: Basculegion|Last Respects|p2b: Raichu
|-damage|p2b: Raichu|0 fnt
|faint|p2b: Raichu
|move|p2a: Garchomp|Dragon Claw|p1a: Basculegion
|-damage|p1a: Basculegion|55/100
|-damage|p2a: Garchomp|80/100|[from] item: Life Orb
|cant|p1b: Grimmsnarl|par
|
|upkeep
|
|t:|1785470489
|switch|p2b: Palafin|Palafin-Hero, L50, M|100/100
|-activate|p2b: Palafin|ability: Zero to Hero
|turn|4
|inactive|fjfjdjdjd has 30 seconds left.
|
|t:|1785470522
|move|p1a: Basculegion|Last Respects|p2b: Palafin
|-damage|p2b: Palafin|48/100
|move|p2a: Garchomp|Stomping Tantrum|p1b: Grimmsnarl
|-damage|p1b: Grimmsnarl|18/100 par
|-damage|p2a: Garchomp|70/100|[from] item: Life Orb
|move|p2b: Palafin|Wave Crash|p1a: Basculegion
|-resisted|p1a: Basculegion|1
|-damage|p1a: Basculegion|17/100
|-damage|p2b: Palafin|36/100|[from] Recoil
|move|p1b: Grimmsnarl|Spirit Break|p2a: Garchomp
|-supereffective|p2a: Garchomp|1
|-damage|p2a: Garchomp|9/100
|-unboost|p2a: Garchomp|spa|1
|-damage|p1b: Grimmsnarl|6/100 par|[from] ability: Rough Skin|[of] p2a: Garchomp
|
|upkeep
|turn|5
|
|t:|1785470544
|move|p2b: Palafin|Jet Punch|p1a: Basculegion
|-resisted|p1a: Basculegion|1
|-damage|p1a: Basculegion|0 fnt
|faint|p1a: Basculegion
|move|p1b: Grimmsnarl|Parting Shot|p2a: Garchomp
|-unboost|p2a: Garchomp|atk|1
|-unboost|p2a: Garchomp|spa|1
|
|t:|1785470550
|switch|p1b: Pelipper|Pelipper, L50, M|100/100|[from] Parting Shot
|-weather|RainDance|[from] ability: Drizzle|[of] p1b: Pelipper
|move|p2a: Garchomp|Stomping Tantrum|p1b: Pelipper
|-immune|p1b: Pelipper
|
|-weather|RainDance|[upkeep]
|-fieldend|move: Electric Terrain
|upkeep
|
|t:|1785470558
|switch|p1a: Grimmsnarl|Grimmsnarl, L50, M|6/100 par
|turn|6
|
|t:|1785470569
|move|p2b: Palafin|Jet Punch|p1a: Grimmsnarl
|-damage|p1a: Grimmsnarl|0 fnt
|faint|p1a: Grimmsnarl
|move|p2a: Garchomp|Dragon Claw|p1b: Pelipper
|-damage|p1b: Pelipper|76/100
|-damage|p2a: Garchomp|0 fnt|[from] item: Life Orb
|faint|p2a: Garchomp
|move|p1b: Pelipper|Muddy Water|p2b: Palafin
|-resisted|p2b: Palafin|1
|-damage|p2b: Palafin|14/100
|
|-weather|RainDance|[upkeep]
|upkeep
|
|t:|1785470581
|switch|p2a: Incineroar|Incineroar, L50, M|100/100
|-ability|p2a: Incineroar|Intimidate|boost
|-unboost|p1b: Pelipper|atk|1
|turn|7
|
|t:|1785470588
|move|p2a: Incineroar|Fake Out|p1b: Pelipper
|-damage|p1b: Pelipper|67/100
|move|p2b: Palafin|Wave Crash|p1b: Pelipper
|-resisted|p1b: Pelipper|1
|-damage|p1b: Pelipper|18/100
|-enditem|p1b: Pelipper|Sitrus Berry|[eat]
|-heal|p1b: Pelipper|43/100|[from] item: Sitrus Berry
|-damage|p2b: Palafin|1/100|[from] Recoil
|cant|p1b: Pelipper|flinch
|
|-weather|RainDance|[upkeep]
|upkeep
|turn|8
|
|t:|1785470604
|move|p2b: Palafin|Wave Crash|p1b: Pelipper
|-resisted|p1b: Pelipper|1
|-damage|p1b: Pelipper|0 fnt
|faint|p1b: Pelipper
|-damage|p2b: Palafin|0 fnt|[from] Recoil
|faint|p2b: Palafin
|
|win|fjfjdjdjd
|raw|sogreenitslime's rating: 1083 → 1104(+21 for winning)
|raw|fjfjdjdjd's rating: 1000 → 1000(+0 for losing)
|l|☆fjfjdjdjd
|player|p2|
|l|☆sogreenitslime
|player|p1|
|j|☆sogreenitslime
|player|p1|sogreenitslime|pokemaniac|
