|j|☆lecab
|j|☆el mas fenicio
|html|lecabel mas fenicio    
|uhtml|bestof|Game 1 of a best-of-3
|t:|1782231464
|gametype|doubles
|player|p1|lecab|roughneck|1142
|player|p2|el mas fenicio|alder|1246
|gen|9
|tier|[Gen 9 Champions] VGC 2026 Reg M-B (Bo3)
|rated|
|rule|Species Clause: Limit one of each Pokémon
|rule|Item Clause: Limit 1 of each item
|clearpoke
|poke|p1|Chesnaught, L50, M|
|poke|p1|Toxapex, L50, F|
|poke|p1|Rotom-Wash, L50|
|poke|p1|Armarouge, L50, F|
|poke|p1|Sinistcha, L50|
|poke|p1|Kingambit, L50, M|
|poke|p2|Pelipper, L50, F|
|poke|p2|Sinistcha, L50|
|poke|p2|Swampert, L50, M|
|poke|p2|Archaludon, L50, F|
|poke|p2|Grimmsnarl, L50, M|
|poke|p2|Gholdengo, L50|
|teampreview|4
|showteam|p1|Chesnaught||Chesnaughtite|Bulletproof|SeedBomb,LeechSeed,DrainPunch,SpikyShield|Serious||M|||50|]Toxapex||Leftovers|Regenerator|Toxic,Infestation,BanefulBunker,WideGuard|Calm||F|||50|]Rotom-Wash||SitrusBerry|Levitate|Thunderbolt,HydroPump,WillOWisp,LightScreen|Calm|||||50|]Armarouge||FocusSash|FlashFire|HeatWave,Psychic,TrickRoom,WideGuard|Calm||F|||50|]Sinistcha||ColburBerry|Hospitality|MatchaGotcha,RagePowder,TrickRoom,Protect|Calm|||||50|]Kingambit||ChopleBerry|Defiant|KowtowCleave,SuckerPunch,IronHead,LowKick|Brave||M|||50|
|showteam|p2|Pelipper||FocusSash|Drizzle|Hurricane,WeatherBall,Protect,Tailwind|Modest||F|||50|]Sinistcha||KasibBerry|Hospitality|MatchaGotcha,RagePowder,LifeDew,Protect|Calm|||||50|]Swampert||Swampertite|Damp|WaveCrash,Earthquake,IcePunch,Protect|Adamant||M|||50|]Archaludon||Leftovers|Stamina|ElectroShot,DragonPulse,FlashCannon,Protect|Modest||F|||50|]Grimmsnarl||LightClay|Prankster|PartingShot,SpiritBreak,LightScreen,Reflect|Impish||M|||50|]Gholdengo||LifeOrb|GoodasGold|MakeItRain,ShadowBall,PowerGem,Protect|Modest|||||50|
|inactive|Battle timer is ON: inactive players will automatically lose when time's up. (requested by el mas fenicio)
|
|t:|1782231557
|teamsize|p1|4
|teamsize|p2|4
|start
|switch|p1a: Rotom|Rotom-Wash, L50|100/100
|switch|p1b: Toxapex|Toxapex, L50, F|100/100
|switch|p2a: Pelipper|Pelipper, L50, F|100/100
|switch|p2b: Grimmsnarl|Grimmsnarl, L50, M|100/100
|-weather|RainDance|[from] ability: Drizzle|[of] p2a: Pelipper
|turn|1
|inactive|el mas fenicio has 30 seconds left.
|
|t:|1782231583
|switch|p2a: Archaludon|Archaludon, L50, F|100/100
|move|p2b: Grimmsnarl|Light Screen|p2b: Grimmsnarl
|-sidestart|p2: el mas fenicio|move: Light Screen
|move|p1a: Rotom|Thunderbolt|p2a: Archaludon
|-resisted|p2a: Archaludon|1
|-damage|p2a: Archaludon|90/100
|-ability|p2a: Archaludon|Stamina|boost
|-boost|p2a: Archaludon|def|1
|move|p1b: Toxapex|Toxic|p2b: Grimmsnarl
|-status|p2b: Grimmsnarl|tox
|
|-weather|RainDance|[upkeep]
|-heal|p2a: Archaludon|96/100|[from] item: Leftovers
|-damage|p2b: Grimmsnarl|94/100 tox|[from] psn
|upkeep
|turn|2
|inactive|lecab has 30 seconds left.
|inactive|el mas fenicio has 30 seconds left.
|
|t:|1782231619
|switch|p1b: Chesnaught|Chesnaught, L50, M|100/100
|move|p2a: Archaludon|Electro Shot||[still]
|-prepare|p2a: Archaludon|Electro Shot
|-boost|p2a: Archaludon|spa|1
|-anim|p2a: Archaludon|Electro Shot|p1a: Rotom
|-damage|p1a: Rotom|51/100
|move|p1a: Rotom|Light Screen|p1a: Rotom
|-sidestart|p1: lecab|move: Light Screen
|move|p2b: Grimmsnarl|Spirit Break|p1a: Rotom
|-damage|p1a: Rotom|21/100
|-unboost|p1a: Rotom|spa|1
|-enditem|p1a: Rotom|Sitrus Berry|[eat]
|-heal|p1a: Rotom|45/100|[from] item: Sitrus Berry
|
|-weather|RainDance|[upkeep]
|-heal|p2a: Archaludon|100/100|[from] item: Leftovers
|-damage|p2b: Grimmsnarl|82/100 tox|[from] psn
|upkeep
|turn|3
|
|t:|1782231637
|switch|p1a: Sinistcha|Sinistcha, L50|100/100
|detailschange|p1b: Chesnaught|Chesnaught-Mega, L50, M
|-mega|p1b: Chesnaught|Chesnaught|Chesnaughtite
|move|p2b: Grimmsnarl|Reflect|p2b: Grimmsnarl
|-sidestart|p2: el mas fenicio|Reflect
|move|p2a: Archaludon|Electro Shot||[still]
|-prepare|p2a: Archaludon|Electro Shot
|-boost|p2a: Archaludon|spa|1
|-anim|p2a: Archaludon|Electro Shot|p1a: Sinistcha
|-resisted|p1a: Sinistcha|1
|-damage|p1a: Sinistcha|73/100
|move|p1b: Chesnaught|Leech Seed|p2a: Archaludon
|-start|p2a: Archaludon|move: Leech Seed
|
|-weather|RainDance|[upkeep]
|-damage|p2a: Archaludon|87/100|[from] Leech Seed|[of] p1b: Chesnaught
|-damage|p2b: Grimmsnarl|64/100 tox|[from] psn
|upkeep
|turn|4
|
|t:|1782231657
|move|p2b: Grimmsnarl|Parting Shot|p1b: Chesnaught
|-unboost|p1b: Chesnaught|atk|1
|-unboost|p1b: Chesnaught|spa|1
|
|t:|1782231659
|switch|p2b: Pelipper|Pelipper, L50, F|100/100|[from] Parting Shot
|move|p2a: Archaludon|Electro Shot||[still]
|-prepare|p2a: Archaludon|Electro Shot
|-boost|p2a: Archaludon|spa|1
|-anim|p2a: Archaludon|Electro Shot|p1a: Sinistcha
|-resisted|p1a: Sinistcha|1
|-damage|p1a: Sinistcha|43/100
|move|p1b: Chesnaught|Leech Seed|p2b: Pelipper
|-start|p2b: Pelipper|move: Leech Seed
|move|p1a: Sinistcha|Trick Room|p1a: Sinistcha
|-fieldstart|move: Trick Room|[of] p1a: Sinistcha
|
|-weather|RainDance|[upkeep]
|-heal|p2a: Archaludon|93/100|[from] item: Leftovers
|-damage|p2a: Archaludon|81/100|[from] Leech Seed|[of] p1b: Chesnaught
|-damage|p2b: Pelipper|88/100|[from] Leech Seed|[of] p1b: Chesnaught
|upkeep
|turn|5
|
|t:|1782231674
|switch|p1b: Rotom|Rotom-Wash, L50|45/100
|move|p1a: Sinistcha|Matcha Gotcha|p2b: Pelipper|[spread] p2a,p2b
|-resisted|p2a: Archaludon|2
|-damage|p2a: Archaludon|77/100
|-heal|p1a: Sinistcha|45/100|[from] drain|[of] p2a: Archaludon
|-damage|p2b: Pelipper|60/100
|-heal|p1a: Sinistcha|56/100|[from] drain|[of] p2b: Pelipper
|-ability|p2a: Archaludon|Stamina|boost
|-boost|p2a: Archaludon|def|1
|move|p2a: Archaludon|Electro Shot||[still]
|-prepare|p2a: Archaludon|Electro Shot
|-boost|p2a: Archaludon|spa|1
|-anim|p2a: Archaludon|Electro Shot|p1b: Rotom
|-damage|p1b: Rotom|0 fnt
|faint|p1b: Rotom
|move|p2b: Pelipper|Hurricane|p1a: Sinistcha
|-supereffective|p1a: Sinistcha|1
|-damage|p1a: Sinistcha|0 fnt
|faint|p1a: Sinistcha
|
|-weather|none
|-heal|p2a: Archaludon|83/100|[from] item: Leftovers
|upkeep
|
|t:|1782231685
|switch|p1a: Toxapex|Toxapex, L50, F|100/100
|switch|p1b: Chesnaught|Chesnaught-Mega, L50, M|100/100
|turn|6
|
|t:|1782231695
|switch|p2b: Grimmsnarl|Grimmsnarl, L50, M|64/100 tox
|move|p1a: Toxapex|Baneful Bunker|p1a: Toxapex
|-singleturn|p1a: Toxapex|move: Protect
|move|p1b: Chesnaught|Drain Punch|p2a: Archaludon
|-supereffective|p2a: Archaludon|1
|-damage|p2a: Archaludon|67/100
|-ability|p2a: Archaludon|Stamina|boost
|-boost|p2a: Archaludon|def|1
|move|p2a: Archaludon|Dragon Pulse|p1b: Chesnaught
|-damage|p1b: Chesnaught|33/100
|
|-heal|p2a: Archaludon|73/100|[from] item: Leftovers
|-damage|p2a: Archaludon|60/100|[from] Leech Seed|[of] p1b: Chesnaught
|-heal|p1b: Chesnaught|46/100|[silent]
|-damage|p2b: Grimmsnarl|58/100 tox|[from] psn
|-sideend|p1: lecab|move: Light Screen
|upkeep
|turn|7
|c|☆lecab|fuck this stupid skyscraper
|c|☆lecab|dumb fucking design
|
|t:|1782231720
|switch|p2b: Pelipper|Pelipper, L50, F|60/100
|-weather|RainDance|[from] ability: Drizzle|[of] p2b: Pelipper
|move|p1b: Chesnaught|Spiky Shield|p1b: Chesnaught
|-singleturn|p1b: Chesnaught|move: Protect
|move|p1a: Toxapex|Infestation|p2b: Pelipper
|-resisted|p2b: Pelipper|1
|-damage|p2b: Pelipper|58/100
|-activate|p2b: Pelipper|move: Infestation|[of] p1a: Toxapex
|move|p2a: Archaludon|Electro Shot||[still]
|-prepare|p2a: Archaludon|Electro Shot
|-boost|p2a: Archaludon|spa|1
|-anim|p2a: Archaludon|Electro Shot|p1a: Toxapex
|-supereffective|p1a: Toxapex|1
|-damage|p1a: Toxapex|0 fnt
|faint|p1a: Toxapex
|
|-weather|RainDance|[upkeep]
|-heal|p2a: Archaludon|67/100|[from] item: Leftovers
|-damage|p2a: Archaludon|54/100|[from] Leech Seed|[of] p1b: Chesnaught
|-heal|p1b: Chesnaught|58/100|[silent]
|-end|p2b: Pelipper|Infestation|[partiallytrapped]|[silent]
|upkeep
|turn|8
|
|t:|1782231736
|move|p1b: Chesnaught|Drain Punch|p2a: Archaludon
|-supereffective|p2a: Archaludon|1
|-damage|p2a: Archaludon|42/100
|-heal|p1b: Chesnaught|64/100|[from] drain|[of] p2a: Archaludon
|-ability|p2a: Archaludon|Stamina|boost
|-boost|p2a: Archaludon|def|1
|move|p2a: Archaludon|Dragon Pulse|p1b: Chesnaught
|-damage|p1b: Chesnaught|0 fnt
|faint|p1b: Chesnaught
|
|win|el mas fenicio
