|j|☆VOQJKk
|j|☆TenkiBD
|html|VOQJKkTenkiBD    
|uhtml|bestof|Game 1 of a best-of-3
|t:|1785011912
|gametype|doubles
|player|p1|VOQJKk|steven|1087
|player|p2|TenkiBD|lucas|1185
|gen|9
|tier|[Gen 9 Champions] VGC 2026 Reg M-B (Bo3)
|rated|
|rule|Species Clause: Limit one of each Pokémon
|rule|Item Clause: Limit 1 of each item
|clearpoke
|poke|p1|Metagross, L50|
|poke|p1|Eelektross, L50, M|
|poke|p1|Hydreigon, L50, M|
|poke|p1|Garchomp, L50, M|
|poke|p1|Basculegion, L50, M|
|poke|p1|Whimsicott, L50, M|
|poke|p2|Charizard, L50, F|
|poke|p2|Floette-Eternal, L50, F|
|poke|p2|Garchomp, L50, F|
|poke|p2|Whimsicott, L50, M|
|poke|p2|Basculegion, L50, M|
|poke|p2|Kingambit, L50, F|
|teampreview|4
|showteam|p1|Metagross||Metagrossite|ClearBody|IronHead,PsychicFangs,IcePunch,Protect|Jolly|||||50|]Eelektross||Eelektrossite|Levitate|Thunderbolt,Flamethrower,GrassKnot,Protect|Timid||M|||50|]Hydreigon||ChoiceScarf|Levitate|DracoMeteor,DarkPulse,Snarl,HeatWave|Modest||M|||50|]Garchomp||LifeOrb|RoughSkin|DragonClaw,RockSlide,Earthquake,Protect|Jolly||M|||50|]Basculegion||MysticWater|Adaptability|WaveCrash,LastRespects,AquaJet,Protect|Adamant||M|||50|]Whimsicott||FocusSash|Prankster|Moonblast,Protect,Encore,Tailwind|Timid||M|||50|
|showteam|p2|Charizard||CharizarditeY|Blaze|HeatWave,SolarBeam,WeatherBall,Protect|Modest||F|||50|]Floette-Eternal||Floettite|FlowerVeil|Moonblast,DazzlingGleam,LightofRuin,Protect|Modest||F|||50|]Garchomp||LifeOrb|RoughSkin|DragonClaw,Earthquake,Protect,RockSlide|Jolly||F|||50|]Whimsicott||FocusSash|Prankster|Moonblast,Tailwind,Encore,Protect|Timid||M|||50|]Basculegion||MysticWater|Adaptability|WaveCrash,LastRespects,AquaJet,Protect|Adamant||M|||50|]Kingambit||BlackGlasses|Defiant|KowtowCleave,Protect,SuckerPunch,IronHead|Adamant||F|||50|
|inactive|Battle timer is ON: inactive players will automatically lose when time's up. (requested by VOQJKk)
|inactive|TenkiBD has 60 seconds left.
|inactive|TenkiBD has 30 seconds left.
|
|t:|1785011989
|teamsize|p1|4
|teamsize|p2|4
|start
|switch|p1a: Garchomp|Garchomp, L50, M|100/100
|switch|p1b: Whimsicott|Whimsicott, L50, M|100/100
|switch|p2a: Whimsicott|Whimsicott, L50, M|100/100
|switch|p2b: Basculegion|Basculegion, L50, M|100/100
|turn|1
|inactive|VOQJKk has 30 seconds left.
|inactive|TenkiBD has 30 seconds left.
|inactive|VOQJKk has 20 seconds left.
|
|t:|1785012026
|move|p2a: Whimsicott|Moonblast|p1b: Whimsicott
|-damage|p1b: Whimsicott|42/100
|move|p1b: Whimsicott|Moonblast|p2b: Basculegion
|-damage|p2b: Basculegion|62/100
|move|p1a: Garchomp|Dragon Claw|p2b: Basculegion
|-damage|p2b: Basculegion|0 fnt
|faint|p2b: Basculegion
|-damage|p1a: Garchomp|90/100|[from] item: Life Orb
|
|upkeep
|
|t:|1785012043
|switch|p2b: Floette|Floette-Eternal, L50, F|100/100
|turn|2
|
|t:|1785012062
|detailschange|p2b: Floette|Floette-Mega, L50, F
|-mega|p2b: Floette|Floette|Floettite
|-ability|p2b: Floette|Fairy Aura
|move|p2b: Floette|Protect|p2b: Floette
|-singleturn|p2b: Floette|Protect
|move|p1b: Whimsicott|Tailwind|p1b: Whimsicott
|-sidestart|p1: VOQJKk|move: Tailwind
|move|p2a: Whimsicott|Encore|p1b: Whimsicott
|-start|p1b: Whimsicott|Encore
|move|p1a: Garchomp|Earthquake|p2b: Floette|[spread] p1b,p2a
|-activate|p2b: Floette|move: Protect
|-resisted|p1b: Whimsicott|1
|-resisted|p2a: Whimsicott|1
|-damage|p1b: Whimsicott|8/100
|-damage|p2a: Whimsicott|62/100
|-damage|p1a: Garchomp|80/100|[from] item: Life Orb
|
|upkeep
|turn|3
|inactive|VOQJKk has 30 seconds left.
|inactive|TenkiBD has 30 seconds left.
|
|t:|1785012094
|move|p1b: Whimsicott|Tailwind||[still]
|-fail|p1b: Whimsicott
|move|p1a: Garchomp|Earthquake|p2b: Floette|[spread] p1b,p2a,p2b
|-resisted|p1b: Whimsicott|1
|-resisted|p2a: Whimsicott|1
|-damage|p1b: Whimsicott|0 fnt
|-damage|p2a: Whimsicott|26/100
|-damage|p2b: Floette|43/100
|faint|p1b: Whimsicott
|-damage|p1a: Garchomp|71/100|[from] item: Life Orb
|move|p2a: Whimsicott|Moonblast|p1a: Garchomp
|-supereffective|p1a: Garchomp|1
|-damage|p1a: Garchomp|0 fnt
|faint|p1a: Garchomp
|move|p2b: Floette|Dazzling Gleam|p1: Garchomp|[notarget]
|-fail|p2b: Floette
|
|upkeep
|
|t:|1785012106
|switch|p1b: Eelektross|Eelektross, L50, M|100/100
|switch|p1a: Basculegion|Basculegion, L50, M|100/100
|turn|4
|inactive|VOQJKk has 30 seconds left.
|inactive|VOQJKk has 20 seconds left.
|
|t:|1785012143
|move|p2a: Whimsicott|Protect|p2a: Whimsicott
|-singleturn|p2a: Whimsicott|Protect
|move|p2b: Floette|Protect|p2b: Floette
|-singleturn|p2b: Floette|Protect
|move|p1b: Eelektross|Thunderbolt|p2b: Floette
|-activate|p2b: Floette|move: Protect
|move|p1a: Basculegion|Last Respects|p2a: Whimsicott
|-activate|p2a: Whimsicott|move: Protect
|
|upkeep
|turn|5
|inactive|TenkiBD has 30 seconds left.
|
|t:|1785012175
|switch|p2b: Kingambit|Kingambit, L50, F|100/100
|detailschange|p1b: Eelektross|Eelektross-Mega, L50, M
|-mega|p1b: Eelektross|Eelektross|Eelektrossite
|move|p2a: Whimsicott|Tailwind|p2a: Whimsicott
|-sidestart|p2: TenkiBD|move: Tailwind
|move|p1b: Eelektross|Grass Knot|p2b: Kingambit
|-resisted|p2b: Kingambit|1
|-damage|p2b: Kingambit|82/100
|move|p1a: Basculegion|Last Respects|p2a: Whimsicott
|-damage|p2a: Whimsicott|0 fnt
|faint|p2a: Whimsicott
|
|-sideend|p1: VOQJKk|move: Tailwind
|upkeep
|
|t:|1785012187
|switch|p2a: Floette|Floette-Mega, L50, F|43/100
|-ability|p2a: Floette|Fairy Aura
|turn|6
|l|☆TenkiBD
|inactive|TenkiBD disconnected and has a minute to reconnect!
|player|p2|
|inactive|TenkiBD has 30 seconds left.
|inactive|TenkiBD has 20 seconds left.
|j|☆TenkiBD
|inactive|TenkiBD reconnected and has 20 seconds left.
|player|p2|TenkiBD|lucas|
|inactive|TenkiBD has 15 seconds left.
|inactive|TenkiBD has 10 seconds left.
|
|t:|1785012234
|move|p2b: Kingambit|Sucker Punch|p1b: Eelektross
|-damage|p1b: Eelektross|35/100
|move|p1a: Basculegion|Aqua Jet|p2a: Floette
|-damage|p2a: Floette|9/100
|move|p2a: Floette|Moonblast|p1b: Eelektross
|-damage|p1b: Eelektross|0 fnt
|faint|p1b: Eelektross
|
|upkeep
|turn|7
|
|t:|1785012257
|move|p2a: Floette|Moonblast|p1a: Basculegion
|-damage|p1a: Basculegion|23/100
|move|p2b: Kingambit|Kowtow Cleave|p1a: Basculegion
|-supereffective|p1a: Basculegion|1
|-damage|p1a: Basculegion|0 fnt
|faint|p1a: Basculegion
|
|win|TenkiBD
||VOQJKk is ready for game 2.
||TenkiBD is ready for game 2.
|uhtml|next|Next: Game 2 of 3
|l|☆VOQJKk
|player|p1|
