|j|☆rom6x
|j|☆fumomarlboro
|html|rom6xfumomarlboro    
|uhtml|bestof|Game 2 of a best-of-3
|t:|1757776885
|gametype|doubles
|player|p1|rom6x|miku-ground|1168
|player|p2|fumomarlboro|swimmerf-gen4|1285
|gen|9
|tier|[Gen 9] VGC 2025 Reg H (Bo3)
|rated|
|rule|Species Clause: Limit one of each Pokémon
|rule|Item Clause: Limit 1 of each item
|clearpoke
|poke|p1|Serperior, L50, M|
|poke|p1|Rillaboom, L50, M|
|poke|p1|Volcarona, L50, M|
|poke|p1|Sneasler, L50, M|
|poke|p1|Ursaluna-Bloodmoon, L50, M|
|poke|p1|Incineroar, L50, M|
|poke|p2|Tauros-Paldea-Aqua, L50, M|
|poke|p2|Gholdengo, L50|
|poke|p2|Sinistcha, L50|
|poke|p2|Pelipper, L50, M|
|poke|p2|Dragonite, L50, F|
|poke|p2|Archaludon, L50, M|
|teampreview|4
|showteam|p1|Serperior||LightClay|Contrary|LeafStorm,Reflect,LightScreen,Glare|||M|||50|,,,,,Water]Rillaboom||MiracleSeed|GrassySurge|FakeOut,WoodHammer,GrassyGlide,HighHorsepower|||M|||50|,,,,,Fire]Volcarona||GrassySeed|FlameBody|HeatWave,WillOWisp,QuiverDance,GigaDrain|||M|||50|,,,,,Dragon]Sneasler||FocusSash|Unburden|DireClaw,CloseCombat,Coaching,Protect|||M|||50|,,,,,Stellar]Ursaluna-Bloodmoon||AssaultVest|MindsEye|BloodMoon,HyperVoice,EarthPower,VacuumWave|||M|||50|,,,,,Ghost]Incineroar||SafetyGoggles|Intimidate|FakeOut,KnockOff,FlareBlitz,PartingShot|||M|||50|,,,,,Ghost
|showteam|p2|Tauros-Paldea-Aqua||MirrorHerb|Intimidate|WaveCrash,CloseCombat,AquaJet,Protect|||M|||50|,,,,,Grass]Gholdengo||ChoiceScarf|GoodasGold|MakeItRain,ShadowBall,Trick,Protect||||||50|,,,,,Fairy]Sinistcha||SitrusBerry|Hospitality|MatchaGotcha,LifeDew,RagePowder,TrickRoom||||||50|,,,,,Dark]Pelipper||FocusSash|Drizzle|MuddyWater,Hurricane,Tailwind,Protect|||M|||50|,,,,,Ghost]Dragonite||LoadedDice|Multiscale|ScaleShot,Tailwind,Haze,Protect|||F|||50|,,,,,Fairy]Archaludon||AssaultVest|Stamina|DragonPulse,BodyPress,ElectroShot,Snarl|||M|||50|,,,,,Grass
|inactive|Battle timer is ON: inactive players will automatically lose when time's up. (requested by rom6x)
|inactive|rom6x has 60 seconds left.
|
|t:|1757776920
|teamsize|p1|4
|teamsize|p2|4
|start
|switch|p1a: Incineroar|Incineroar, L50, M|100/100
|switch|p1b: Ursaluna|Ursaluna-Bloodmoon, L50, M|100/100
|switch|p2a: Gholdengo|Gholdengo, L50|100/100
|switch|p2b: Dragonite|Dragonite, L50, F|100/100
|-ability|p1a: Incineroar|Intimidate|boost
|-unboost|p2a: Gholdengo|atk|1
|-unboost|p2b: Dragonite|atk|1
|turn|1
|inactive|rom6x has 30 seconds left.
|
|t:|1757776945
|switch|p2a: Pelipper|Pelipper, L50, M|100/100
|-weather|RainDance|[from] ability: Drizzle|[of] p2a: Pelipper
|move|p2b: Dragonite|Protect|p2b: Dragonite
|-singleturn|p2b: Dragonite|Protect
|move|p1a: Incineroar|Fake Out|p2b: Dragonite
|-activate|p2b: Dragonite|move: Protect
|move|p1b: Ursaluna|Blood Moon|p2a: Pelipper
|-enditem|p2a: Pelipper|Focus Sash
|-damage|p2a: Pelipper|1/100
|
|-weather|RainDance|[upkeep]
|upkeep
|turn|2
|inactive|rom6x has 30 seconds left.
|
|t:|1757776974
|move|p2a: Pelipper|Protect|p2a: Pelipper
|-singleturn|p2a: Pelipper|Protect
|move|p1b: Ursaluna|Vacuum Wave|p2a: Pelipper
|-activate|p2a: Pelipper|move: Protect
|move|p2b: Dragonite|Scale Shot|p1b: Ursaluna
|-damage|p1b: Ursaluna|93/100
|-damage|p1b: Ursaluna|86/100
|-damage|p1b: Ursaluna|78/100
|-damage|p1b: Ursaluna|71/100
|-damage|p1b: Ursaluna|62/100
|-hitcount|p1b: Ursaluna|5
|-unboost|p2b: Dragonite|def|1
|-boost|p2b: Dragonite|spe|1
|move|p1a: Incineroar|Parting Shot|p2b: Dragonite
|-unboost|p2b: Dragonite|atk|1
|-unboost|p2b: Dragonite|spa|1
|
|t:|1757776992
|switch|p1a: Rillaboom|Rillaboom, L50, M|100/100|[from] Parting Shot
|-fieldstart|move: Grassy Terrain|[from] ability: Grassy Surge|[of] p1a: Rillaboom
|
|-weather|RainDance|[upkeep]
|-heal|p1b: Ursaluna|68/100|[from] Grassy Terrain
|upkeep
|turn|3
|
|t:|1757777010
|move|p2b: Dragonite|Protect|p2b: Dragonite
|-singleturn|p2b: Dragonite|Protect
|move|p1a: Rillaboom|Grassy Glide|p2a: Pelipper
|-damage|p2a: Pelipper|0 fnt
|faint|p2a: Pelipper
|move|p1b: Ursaluna|Blood Moon|p2b: Dragonite
|-activate|p2b: Dragonite|move: Protect
|
|-weather|RainDance|[upkeep]
|-heal|p1b: Ursaluna|75/100|[from] Grassy Terrain
|upkeep
|
|t:|1757777023
|switch|p2a: Archaludon|Archaludon, L50, M|100/100
|turn|4
|inactive|rom6x has 30 seconds left.
|
|t:|1757777054
|switch|p1a: Incineroar|Incineroar, L50, M|100/100
|-ability|p1a: Incineroar|Intimidate|boost
|-unboost|p2a: Archaludon|atk|1
|-unboost|p2b: Dragonite|atk|1
|switch|p1b: Volcarona|Volcarona, L50, M|100/100
|-enditem|p1b: Volcarona|Grassy Seed
|-boost|p1b: Volcarona|def|1|[from] item: Grassy Seed
|-terastallize|p2a: Archaludon|Grass
|move|p2b: Dragonite|Scale Shot|p1b: Volcarona
|-damage|p1b: Volcarona|96/100
|-damage|p1b: Volcarona|91/100
|-damage|p1b: Volcarona|86/100
|-crit|p1b: Volcarona
|-damage|p1b: Volcarona|61/100
|-damage|p1b: Volcarona|56/100
|-hitcount|p1b: Volcarona|5
|-unboost|p2b: Dragonite|def|1
|-boost|p2b: Dragonite|spe|1
|move|p2a: Archaludon|Snarl|p1b: Volcarona|[spread] p1a,p1b
|-resisted|p1a: Incineroar
|-crit|p1b: Volcarona
|-damage|p1a: Incineroar|97/100
|-damage|p1b: Volcarona|42/100
|-unboost|p1a: Incineroar|spa|1
|-unboost|p1b: Volcarona|spa|1
|
|-weather|RainDance|[upkeep]
|-heal|p1b: Volcarona|48/100|[from] Grassy Terrain
|-heal|p1a: Incineroar|100/100|[from] Grassy Terrain
|upkeep
|turn|5
|inactive|rom6x has 30 seconds left.
|inactive|fumomarlboro has 30 seconds left.
|inactive|rom6x has 20 seconds left.
|
|t:|1757777090
|switch|p2b: Gholdengo|Gholdengo, L50|100/100
|move|p1b: Volcarona|Quiver Dance|p1b: Volcarona
|-boost|p1b: Volcarona|spa|1
|-boost|p1b: Volcarona|spd|1
|-boost|p1b: Volcarona|spe|1
|move|p2a: Archaludon|Electro Shot||[still]
|-prepare|p2a: Archaludon|Electro Shot
|-boost|p2a: Archaludon|spa|1
|-anim|p2a: Archaludon|Electro Shot|p1b: Volcarona
|-damage|p1b: Volcarona|19/100
|move|p1a: Incineroar|Knock Off|p2a: Archaludon
|-damage|p2a: Archaludon|74/100
|-ability|p2a: Archaludon|Stamina|boost
|-boost|p2a: Archaludon|def|1
|-enditem|p2a: Archaludon|Assault Vest|[from] move: Knock Off|[of] p1a: Incineroar
|
|-weather|none
|-heal|p1b: Volcarona|25/100|[from] Grassy Terrain
|-heal|p2a: Archaludon|80/100|[from] Grassy Terrain
|upkeep
|turn|6
|inactive|rom6x has 30 seconds left.
|
|t:|1757777120
|switch|p1a: Rillaboom|Rillaboom, L50, M|100/100
|move|p2b: Gholdengo|Shadow Ball|p1b: Volcarona
|-damage|p1b: Volcarona|2/100
|-unboost|p1b: Volcarona|spd|1
|move|p1b: Volcarona|Heat Wave|p2b: Gholdengo|[spread] p2a,p2b
|-supereffective|p2a: Archaludon
|-supereffective|p2b: Gholdengo
|-damage|p2a: Archaludon|7/100
|-damage|p2b: Gholdengo|16/100
|-ability|p2a: Archaludon|Stamina|boost
|-boost|p2a: Archaludon|def|1
|move|p2a: Archaludon|Body Press|p1a: Rillaboom
|-damage|p1a: Rillaboom|42/100
|
|-heal|p2b: Gholdengo|22/100|[from] Grassy Terrain
|-heal|p1b: Volcarona|8/100|[from] Grassy Terrain
|-heal|p1a: Rillaboom|48/100|[from] Grassy Terrain
|-heal|p2a: Archaludon|13/100|[from] Grassy Terrain
|-fieldend|move: Grassy Terrain
|upkeep
|turn|7
|inactive|fumomarlboro has 30 seconds left.
|
|t:|1757777150
|switch|p2b: Dragonite|Dragonite, L50, F|100/100
|move|p1a: Rillaboom|Fake Out|p2a: Archaludon
|-damage|p2a: Archaludon|8/100
|-ability|p2a: Archaludon|Stamina|boost
|-boost|p2a: Archaludon|def|1
|move|p1b: Volcarona|Heat Wave|p2a: Archaludon|[spread] p2a,p2b
|-supereffective|p2a: Archaludon
|-resisted|p2b: Dragonite
|-damage|p2a: Archaludon|0 fnt
|-damage|p2b: Dragonite|92/100
|faint|p2a: Archaludon
|
|upkeep
|
|t:|1757777158
|switch|p2a: Gholdengo|Gholdengo, L50|22/100
|turn|8
|
|t:|1757777172
|switch|p1a: Incineroar|Incineroar, L50, M|100/100
|-ability|p1a: Incineroar|Intimidate|boost
|-unboost|p2a: Gholdengo|atk|1
|-unboost|p2b: Dragonite|atk|1
|move|p2a: Gholdengo|Make It Rain|p1a: Incineroar|[spread] p1a,p1b
|-resisted|p1a: Incineroar
|-resisted|p1b: Volcarona
|-damage|p1a: Incineroar|81/100
|-damage|p1b: Volcarona|0 fnt
|-unboost|p2a: Gholdengo|spa|1
|faint|p1b: Volcarona
|move|p2b: Dragonite|Scale Shot|p1a: Incineroar|[miss]
|-miss|p2b: Dragonite|p1a: Incineroar
|
|upkeep
|
|t:|1757777185
|switch|p1b: Ursaluna|Ursaluna-Bloodmoon, L50, M|75/100
|turn|9
|
|t:|1757777202
|move|p1a: Incineroar|Fake Out|p2b: Dragonite
|-damage|p2b: Dragonite|79/100
|move|p1b: Ursaluna|Vacuum Wave|p2a: Gholdengo
|-supereffective|p2a: Gholdengo
|-damage|p2a: Gholdengo|0 fnt
|faint|p2a: Gholdengo
|cant|p2b: Dragonite|flinch
|
|upkeep
|turn|10
|-message|fumomarlboro forfeited.
|l|☆fumomarlboro
|inactive|fumomarlboro disconnected and has a minute to reconnect!
|player|p2|
|
|win|rom6x
||fumomarlboro is ready for game 3.
||rom6x is ready for game 3.
|uhtml|next|Next: Game 3 of 3
