|j|☆boncuss
|j|☆NoitUK_VGC
|html|boncussNoitUK_VGC    
|uhtml|bestof|Game 2 of a best-of-3
|t:|1783850754
|gametype|doubles
|player|p1|boncuss|wattson|1132
|player|p2|NoitUK_VGC|102|1082
|gen|9
|tier|[Gen 9 Champions] VGC 2026 Reg M-B (Bo3)
|rated|
|rule|Species Clause: Limit one of each Pokémon
|rule|Item Clause: Limit 1 of each item
|clearpoke
|poke|p1|Annihilape, L50, F|
|poke|p1|Grimmsnarl, L50, M|
|poke|p1|Pelipper, L50, M|
|poke|p1|Gholdengo, L50|
|poke|p1|Feraligatr, L50, M|
|poke|p1|Meowscarada, L50, M|
|poke|p2|Archaludon, L50, M|
|poke|p2|Swampert, L50, M|
|poke|p2|Pelipper, L50, F|
|poke|p2|Raichu, L50, F|
|poke|p2|Sableye, L50, F|
|poke|p2|Kingambit, L50, M|
|teampreview|4
|showteam|p1|Annihilape||Leftovers|Defiant|RageFist,DrainPunch,BulkUp,Protect|Careful||F|||50|]Grimmsnarl||LightClay|Prankster|FakeOut,Reflect,LightScreen,PartingShot|Careful||M|||50|]Pelipper||FocusSash|Drizzle|Hurricane,WeatherBall,Tailwind,Protect|Timid||M|||50|]Gholdengo||KasibBerry|GoodasGold|MakeItRain,ShadowBall,Protect,NastyPlot|Modest|||||50|]Feraligatr||Feraligite|SheerForce|Liquidation,DragonDance,DoubleEdge,Protect|Adamant||M|||50|]Meowscarada||ChoiceScarf|Protean|FlowerTrick,TripleAxel,Uturn,ThroatChop|Adamant||M|||50|
|showteam|p2|Archaludon||Leftovers|Stamina|Protect,ElectroShot,FlashCannon,DragonPulse|Modest||M|||50|]Swampert||Swampertite|Torrent|Protect,WaveCrash,Earthquake,IcePunch|Adamant||M|||50|]Pelipper||SitrusBerry|Drizzle|WideGuard,WeatherBall,Hurricane,Tailwind|Bold||F|||50|]Raichu||RaichuniteX|LightningRod|FakeOut,VoltTackle,VoltSwitch,PlayRough|Hasty||F|||50|]Sableye||RoseliBerry|Prankster|Encore,Disable,WillOWisp,RainDance|Relaxed||F|||50|]Kingambit||ChopleBerry|Defiant|KowtowCleave,SuckerPunch,IronHead,LowKick|Adamant||M|||50|
|inactive|Battle timer is ON: inactive players will automatically lose when time's up. (requested by boncuss)
|inactive|boncuss has 60 seconds left.
|inactive|NoitUK_VGC has 60 seconds left.
|
|t:|1783850809
|teamsize|p1|4
|teamsize|p2|4
|start
|switch|p1a: Pelipper|Pelipper, L50, M|100/100
|switch|p1b: Meowscarada|Meowscarada, L50, M|100/100
|switch|p2a: Swampert|Swampert, L50, M|100/100
|switch|p2b: Pelipper|Pelipper, L50, F|100/100
|-weather|RainDance|[from] ability: Drizzle|[of] p1a: Pelipper
|turn|1
|inactive|NoitUK_VGC has 30 seconds left.
|
|t:|1783850838
|switch|p2a: Archaludon|Archaludon, L50, M|100/100
|move|p1b: Meowscarada|Flower Trick|p2a: Archaludon
|-start|p1b: Meowscarada|typechange|Grass|[from] ability: Protean
|-resisted|p2a: Archaludon|2
|-crit|p2a: Archaludon
|-damage|p2a: Archaludon|89/100
|-ability|p2a: Archaludon|Stamina|boost
|-boost|p2a: Archaludon|def|1
|move|p1a: Pelipper|Tailwind|p1a: Pelipper
|-sidestart|p1: boncuss|move: Tailwind
|move|p2b: Pelipper|Hurricane|p1b: Meowscarada
|-supereffective|p1b: Meowscarada|1
|-damage|p1b: Meowscarada|0 fnt
|faint|p1b: Meowscarada
|
|-weather|RainDance|[upkeep]
|-heal|p2a: Archaludon|95/100|[from] item: Leftovers
|upkeep
|inactive|boncuss has 30 seconds left.
|
|t:|1783850865
|switch|p1b: Feraligatr|Feraligatr, L50, M|100/100
|turn|2
|
|t:|1783850877
|detailschange|p1b: Feraligatr|Feraligatr-Mega, L50, M
|-mega|p1b: Feraligatr|Feraligatr|Feraligite
|move|p1b: Feraligatr|Double-Edge|p2a: Archaludon
|-damage|p2a: Archaludon|46/100
|-ability|p2a: Archaludon|Stamina|boost
|-boost|p2a: Archaludon|def|1
|-damage|p1b: Feraligatr|80/100|[from] Recoil
|move|p1a: Pelipper|Weather Ball|p2a: Archaludon
|-resisted|p2a: Archaludon|1
|-damage|p2a: Archaludon|12/100
|-ability|p2a: Archaludon|Stamina|boost
|-boost|p2a: Archaludon|def|1
|move|p2a: Archaludon|Electro Shot||[still]
|-prepare|p2a: Archaludon|Electro Shot
|-boost|p2a: Archaludon|spa|1
|-anim|p2a: Archaludon|Electro Shot|p1a: Pelipper
|-supereffective|p1a: Pelipper|2
|-enditem|p1a: Pelipper|Focus Sash
|-damage|p1a: Pelipper|1/100
|move|p2b: Pelipper|Tailwind|p2b: Pelipper
|-sidestart|p2: NoitUK_VGC|move: Tailwind
|
|-weather|RainDance|[upkeep]
|-heal|p2a: Archaludon|18/100|[from] item: Leftovers
|upkeep
|turn|3
|inactive|NoitUK_VGC has 30 seconds left.
|
|t:|1783850904
|move|p2a: Archaludon|Protect|p2a: Archaludon
|-singleturn|p2a: Archaludon|Protect
|move|p1b: Feraligatr|Double-Edge|p2b: Pelipper
|-damage|p2b: Pelipper|11/100
|-enditem|p2b: Pelipper|Sitrus Berry|[eat]
|-heal|p2b: Pelipper|36/100|[from] item: Sitrus Berry
|-damage|p1b: Feraligatr|50/100g|[from] Recoil
|move|p1a: Pelipper|Hurricane|p2b: Pelipper
|-damage|p2b: Pelipper|0 fnt
|faint|p2b: Pelipper
|
|-weather|RainDance|[upkeep]
|-heal|p2a: Archaludon|24/100|[from] item: Leftovers
|upkeep
|
|t:|1783850919
|switch|p2b: Swampert|Swampert, L50, M|100/100
|turn|4
|inactive|NoitUK_VGC has 30 seconds left.
|
|t:|1783850949
|detailschange|p2b: Swampert|Swampert-Mega, L50, M
|-mega|p2b: Swampert|Swampert|Swampertite
|move|p2b: Swampert|Ice Punch|p1a: Pelipper
|-damage|p1a: Pelipper|0 fnt
|faint|p1a: Pelipper
|move|p1b: Feraligatr|Double-Edge|p2b: Swampert
|-damage|p2b: Swampert|2/100
|-damage|p1b: Feraligatr|15/100|[from] Recoil
|move|p2a: Archaludon|Electro Shot||[still]
|-prepare|p2a: Archaludon|Electro Shot
|-boost|p2a: Archaludon|spa|1
|-anim|p2a: Archaludon|Electro Shot|p1b: Feraligatr
|-damage|p1b: Feraligatr|0 fnt
|faint|p1b: Feraligatr
|
|-weather|RainDance|[upkeep]
|-heal|p2a: Archaludon|30/100|[from] item: Leftovers
|-sideend|p1: boncuss|move: Tailwind
|upkeep
|
|t:|1783850959
|switch|p1b: Annihilape|Annihilape, L50, F|100/100
|turn|5
|
|t:|1783850971
|move|p1b: Annihilape|Protect|p1b: Annihilape
|-singleturn|p1b: Annihilape|Protect
|move|p2b: Swampert|Wave Crash|p1b: Annihilape
|-activate|p1b: Annihilape|move: Protect
|move|p2a: Archaludon|Electro Shot||[still]
|-prepare|p2a: Archaludon|Electro Shot
|-boost|p2a: Archaludon|spa|1
|-anim|p2a: Archaludon|Electro Shot|p1b: Annihilape
|-activate|p1b: Annihilape|move: Protect
|
|-weather|none
|-heal|p2a: Archaludon|37/100|[from] item: Leftovers
|-sideend|p2: NoitUK_VGC|move: Tailwind
|upkeep
|turn|6
|
|t:|1783850986
|move|p2a: Archaludon|Protect|p2a: Archaludon
|-singleturn|p2a: Archaludon|Protect
|move|p2b: Swampert|Wave Crash|p1b: Annihilape
|-damage|p1b: Annihilape|23/100
|-damage|p2b: Swampert|0 fnt|[from] Recoil
|faint|p2b: Swampert
|move|p1b: Annihilape|Drain Punch|p2a: Archaludon
|-activate|p2a: Archaludon|move: Protect
|
|-heal|p2a: Archaludon|43/100|[from] item: Leftovers
|-heal|p1b: Annihilape|29/100|[from] item: Leftovers
|upkeep
|
|t:|1783850997
|switch|p2b: Kingambit|Kingambit, L50, M|100/100
|turn|7
|
|t:|1783851005
|move|p1b: Annihilape|Protect|p1b: Annihilape
|-singleturn|p1b: Annihilape|Protect
|move|p2b: Kingambit|Sucker Punch||[still]
|-fail|p2b: Kingambit
|move|p2a: Archaludon|Dragon Pulse|p1b: Annihilape
|-activate|p1b: Annihilape|move: Protect
|
|-heal|p2a: Archaludon|49/100|[from] item: Leftovers
|-heal|p1b: Annihilape|35/100|[from] item: Leftovers
|upkeep
|turn|8
|
|t:|1783851021
|move|p2b: Kingambit|Sucker Punch|p1b: Annihilape
|-damage|p1b: Annihilape|1/100
|move|p2a: Archaludon|Dragon Pulse|p1b: Annihilape
|-damage|p1b: Annihilape|0 fnt
|faint|p1b: Annihilape
|
|win|NoitUK_VGC
|raw|boncuss's rating: 1132 → 1103(-29 for losing)
|raw|NoitUK_VGC's rating: 1082 → 1114(+32 for winning)
|l|☆boncuss
|player|p1|
