|j|☆new mental
|j|☆babysha
|html|new mentalbabysha    
|uhtml|bestof|Game 2 of a best-of-3
|t:|1783885921
|gametype|doubles
|player|p1|new mental|volkner|1232
|player|p2|babysha|102|1072
|gen|9
|tier|[Gen 9 Champions] VGC 2026 Reg M-B (Bo3)
|rated|
|rule|Species Clause: Limit one of each Pokémon
|rule|Item Clause: Limit 1 of each item
|clearpoke
|poke|p1|Charizard, L50, F|
|poke|p1|Kingambit, L50, F|
|poke|p1|Sylveon, L50, F|
|poke|p1|Garchomp, L50, F|
|poke|p1|Aerodactyl, L50, M|
|poke|p1|Farigiraf, L50, F|
|poke|p2|Tyranitar, L50, M|
|poke|p2|Corviknight, L50, M|
|poke|p2|Sinistcha, L50|
|poke|p2|Scovillain, L50, F|
|poke|p2|Sneasler, L50, F|
|poke|p2|Pelipper, L50, F|
|teampreview|4
|showteam|p1|Charizard||CharizarditeY|SolarPower|Protect,HeatWave,SolarBeam,WeatherBall|Modest||F|||50|]Kingambit||FocusSash|Defiant|IronHead,SuckerPunch,KowtowCleave,LowKick|Adamant||F|||50|]Sylveon||FairyFeather|Pixilate|Detect,HyperVoice,HyperBeam,QuickAttack|Modest||F|||50|]Garchomp||LifeOrb|RoughSkin|Protect,DragonClaw,Earthquake,RockSlide|Jolly||F|||50|]Aerodactyl||Aerodactylite|Unnerve|IceFang,RockSlide,Tailwind,DualWingbeat|Jolly||M|||50|]Farigiraf||SitrusBerry|ArmorTail|TrickRoom,Psychic,Thunderbolt,Roar|Bold||F|||50|
|showteam|p2|Tyranitar||Tyranitarite|SandStream|DragonDance,RockSlide,KnockOff,Protect|Jolly||M|||50|]Corviknight||WacanBerry|MirrorArmor|BulkUp,BraveBird,IronHead,Roost|Adamant||M|||50|]Sinistcha||SitrusBerry|Hospitality|RagePowder,MatchaGotcha,TrickRoom,Protect|Relaxed|||||50|]Scovillain||Scovillainite|Moody|RagePowder,LeechSeed,Overheat,Protect|Bold||F|||50|]Sneasler||WhiteHerb|Unburden|FakeOut,DireClaw,CloseCombat,Protect|Jolly||F|||50|]Pelipper||FocusSash|Drizzle|Tailwind,Hurricane,WeatherBall,Protect|Modest||F|||50|
|inactive|Battle timer is ON: inactive players will automatically lose when time's up. (requested by babysha)
|
|t:|1783885942
|teamsize|p1|4
|teamsize|p2|4
|start
|switch|p1a: Charizard|Charizard, L50, F|100/100
|switch|p1b: Garchomp|Garchomp, L50, F|100/100
|switch|p2a: Tyranitar|Tyranitar, L50, M|100/100
|switch|p2b: Sneasler|Sneasler, L50, F|100/100
|-weather|Sandstorm|[from] ability: Sand Stream|[of] p2a: Tyranitar
|turn|1
|
|t:|1783885955
|switch|p1a: Farigiraf|Farigiraf, L50, F|100/100
|move|p2b: Sneasler|Fake Out||[still]
|cant|p1a: Farigiraf|ability: Armor Tail|Fake Out|[of] p2b: Sneasler
|move|p1b: Garchomp|Earthquake|p2a: Tyranitar|[spread] p1a,p2a,p2b
|-supereffective|p2a: Tyranitar|1
|-crit|p2a: Tyranitar
|-supereffective|p2b: Sneasler|1
|-damage|p1a: Farigiraf|60/100
|-damage|p2a: Tyranitar|0 fnt
|-damage|p2b: Sneasler|0 fnt
|faint|p2a: Tyranitar
|faint|p2b: Sneasler
|-damage|p1b: Garchomp|90/100|[from] item: Life Orb
|
|-weather|Sandstorm|[upkeep]
|-damage|p1a: Farigiraf|54/100|[from] Sandstorm
|upkeep
|c|☆babysha|nice
|c|☆babysha|forgor
|
|t:|1783885970
|switch|p2b: Scovillain|Scovillain, L50, F|100/100
|switch|p2a: Pelipper|Pelipper, L50, F|100/100
|-weather|RainDance|[from] ability: Drizzle|[of] p2a: Pelipper
|turn|2
|inactive|babysha has 30 seconds left.
|
|t:|1783886002
|detailschange|p2b: Scovillain|Scovillain-Mega, L50, F
|-mega|p2b: Scovillain|Scovillain|Scovillainite
|move|p2a: Pelipper|Protect|p2a: Pelipper
|-singleturn|p2a: Pelipper|Protect
|move|p1b: Garchomp|Rock Slide|p2b: Scovillain|[spread] p2b
|-activate|p2a: Pelipper|move: Protect
|-supereffective|p2b: Scovillain|1
|-damage|p2b: Scovillain|59/100
|-status|p1b: Garchomp|brn|[from] ability: Spicy Spray|[of] p2b: Scovillain
|-damage|p1b: Garchomp|80/100 brn|[from] item: Life Orb
|cant|p2b: Scovillain|flinch
|move|p1a: Farigiraf|Trick Room|p1a: Farigiraf
|-fieldstart|move: Trick Room|[of] p1a: Farigiraf
|
|-weather|RainDance|[upkeep]
|-damage|p1b: Garchomp|74/100 brn|[from] brn
|upkeep
|turn|3
|inactive|babysha has 30 seconds left.
|inactive|babysha has 20 seconds left.
|inactive|babysha has 15 seconds left.
|inactive|babysha has 10 seconds left.
|inactive|babysha has 5 seconds left.
|
|t:|1783886053
|move|p1a: Farigiraf|Thunderbolt|p2a: Pelipper
|-supereffective|p2a: Pelipper|2
|-enditem|p2a: Pelipper|Focus Sash
|-damage|p2a: Pelipper|1/100
|move|p2a: Pelipper|Hurricane|p1a: Farigiraf
|-damage|p1a: Farigiraf|9/100
|-enditem|p1a: Farigiraf|Sitrus Berry|[eat]
|-heal|p1a: Farigiraf|34/100|[from] item: Sitrus Berry
|move|p2b: Scovillain|Leech Seed|p1b: Garchomp
|-start|p1b: Garchomp|move: Leech Seed
|move|p1b: Garchomp|Rock Slide|p2b: Scovillain|[spread] p2a,p2b
|-supereffective|p2a: Pelipper|1
|-supereffective|p2b: Scovillain|1
|-damage|p2a: Pelipper|0 fnt
|-damage|p2b: Scovillain|35/100
|faint|p2a: Pelipper
|-damage|p1b: Garchomp|64/100 brn|[from] item: Life Orb
|
|-weather|RainDance|[upkeep]
|-damage|p1b: Garchomp|52/100 brn|[from] Leech Seed|[of] p2b: Scovillain
|-heal|p2b: Scovillain|48/100|[silent]
|-damage|p1b: Garchomp|46/100 brn|[from] brn
|upkeep
|turn|4
|
|t:|1783886068
|move|p2b: Scovillain|Protect|p2b: Scovillain
|-singleturn|p2b: Scovillain|Protect
|move|p1a: Farigiraf|Psychic|p2b: Scovillain
|-activate|p2b: Scovillain|move: Protect
|move|p1b: Garchomp|Dragon Claw|p2b: Scovillain
|-activate|p2b: Scovillain|move: Protect
|
|-weather|RainDance|[upkeep]
|-damage|p1b: Garchomp|34/100 brn|[from] Leech Seed|[of] p2b: Scovillain
|-heal|p2b: Scovillain|61/100|[silent]
|-damage|p1b: Garchomp|28/100 brn|[from] brn
|upkeep
|turn|5
|
|t:|1783886081
|move|p1a: Farigiraf|Psychic|p2b: Scovillain
|-damage|p2b: Scovillain|22/100
|-status|p1a: Farigiraf|brn|[from] ability: Spicy Spray|[of] p2b: Scovillain
|move|p2b: Scovillain|Leech Seed|p1a: Farigiraf
|-start|p1a: Farigiraf|move: Leech Seed
|move|p1b: Garchomp|Dragon Claw|p2b: Scovillain
|-damage|p2b: Scovillain|1/100
|-damage|p1b: Garchomp|18/100 brn|[from] item: Life Orb
|
|-weather|RainDance|[upkeep]
|-damage|p1a: Farigiraf|22/100 brn|[from] Leech Seed|[of] p2b: Scovillain
|-heal|p2b: Scovillain|16/100|[silent]
|-damage|p1b: Garchomp|6/100 brn|[from] Leech Seed|[of] p2b: Scovillain
|-heal|p2b: Scovillain|29/100|[silent]
|-damage|p1a: Farigiraf|16/100 brn|[from] brn
|-damage|p1b: Garchomp|1/100 brn|[from] brn
|upkeep
|turn|6
|
|t:|1783886095
|move|p2b: Scovillain|Protect|p2b: Scovillain
|-singleturn|p2b: Scovillain|Protect
|move|p1a: Farigiraf|Psychic|p2b: Scovillain
|-activate|p2b: Scovillain|move: Protect
|move|p1b: Garchomp|Dragon Claw|p2b: Scovillain
|-activate|p2b: Scovillain|move: Protect
|
|-weather|none
|-damage|p1a: Farigiraf|4/100 brn|[from] Leech Seed|[of] p2b: Scovillain
|-heal|p2b: Scovillain|45/100|[silent]
|-damage|p1b: Garchomp|0 fnt|[from] Leech Seed|[of] p2b: Scovillain
|-heal|p2b: Scovillain|46/100|[silent]
|faint|p1b: Garchomp
|-damage|p1a: Farigiraf|0 fnt|[from] brn
|faint|p1a: Farigiraf
|-fieldend|move: Trick Room
|upkeep
|
|t:|1783886097
|switch|p1b: Sylveon|Sylveon, L50, F|100/100
|switch|p1a: Charizard|Charizard, L50, F|100/100
|turn|7
|c|☆babysha|lol
|c|☆new mental|?
|inactive|babysha has 30 seconds left.
|c|☆babysha|just that he got two
|c|☆babysha|my goat
|inactive|babysha has 20 seconds left.
|
|t:|1783886135
|detailschange|p1a: Charizard|Charizard-Mega-Y, L50, F
|-mega|p1a: Charizard|Charizard|Charizardite Y
|-weather|SunnyDay|[from] ability: Drought|[of] p1a: Charizard
|move|p1a: Charizard|Weather Ball|p2b: Scovillain
|-damage|p2b: Scovillain|0 fnt
|-immune|p1a: Charizard
|faint|p2b: Scovillain
|
|win|new mental
||babysha is ready for game 3.
|c|☆new mental|i literally killed them?
|inactive|new mental has 30 seconds to confirm battle start!
||new mental is ready for game 3.
|uhtml|next|Next: Game 3 of 3
|l|☆babysha
|player|p2|
