|j|ﻗ»│avigolvgc
|j|ﻗ»│TeyVgc
|html|avigolvgcTeyVgc    
|uhtml|bestof|Game 2 of a best-of-3
|t:|1757097677
|gametype|doubles
|player|p1|avigolvgc|265|1260
|player|p2|TeyVgc|101|1310
|gen|9
|tier|[Gen 9] VGC 2025 Reg H (Bo3)
|rated|
|rule|Species Clause: Limit one of each Pokﺃﺏmon
|rule|Item Clause: Limit 1 of each item
|clearpoke
|poke|p1|Farigiraf, L50, F|
|poke|p1|Sylveon, L50, F|
|poke|p1|Rillaboom, L50, M|
|poke|p1|Dragonite, L50, M|
|poke|p1|Incineroar, L50, M|
|poke|p1|Sneasler, L50, M|
|poke|p2|Gholdengo, L50|
|poke|p2|Dragonite, L50, F|
|poke|p2|Sneasler, L50, F|
|poke|p2|Incineroar, L50, M|
|poke|p2|Indeedee, L50, M|
|poke|p2|Gastrodon, L50, M|
|teampreview|4
|showteam|p1|Farigiraf||ThroatSpray|ArmorTail|PsychicNoise,HyperVoice,TrickRoom,Protect|||F|||50|,,,,,Fairy]Sylveon||PixiePlate|Pixilate|HyperVoice,TeraBlast,CalmMind,Protect|||F|||50|,,,,,Fire]Rillaboom||AssaultVest|GrassySurge|WoodHammer,GrassyGlide,Uturn,FakeOut|||M|||50|,,,,,Steel]Dragonite||SafetyGoggles|InnerFocus|ExtremeSpeed,TeraBlast,DragonDance,Protect|||M|||50|,,,,,Flying]Incineroar||SitrusBerry|Intimidate|KnockOff,PartingShot,Snarl,FakeOut|||M|||50|,,,,,Water]Sneasler||FocusSash|Unburden|DireClaw,CloseCombat,Uturn,Protect|||M|||50|,,,,,Ghost
|showteam|p2|Gholdengo||LifeOrb|GoodasGold|Protect,MakeItRain,ShadowBall,NastyPlot||||||50|,,,,,Water]Dragonite||LoadedDice|Multiscale|ScaleShot,Tailwind,Haze,Protect|||F|||50|,,,,,Fairy]Sneasler||PsychicSeed|Unburden|Protect,DireClaw,CloseCombat,ThroatChop|||F|||50|,,,,,Dark]Incineroar||SafetyGoggles|Intimidate|KnockOff,PartingShot,FlareBlitz,FakeOut|||M|||50|,,,,,Ghost]Indeedee||FocusSash|PsychicSurge|ExpandingForce,TrickRoom,Imprison,TeraBlast|||M|||50|,,,,,Fighting]Gastrodon||Leftovers|StormDrain|EarthPower,Yawn,Recover,IceBeam|||M|||50|,,,,,Poison
|inactive|Battle timer is ON: inactive players will automatically lose when time's up. (requested by avigolvgc)
|
|t:|1757097709
|teamsize|p1|4
|teamsize|p2|4
|start
|switch|p1a: Samuel|Incineroar, L50, M, shiny|100/100
|switch|p1b: Felipe|Sneasler, L50, M|100/100
|switch|p2a: Tuco|Incineroar, L50, M|100/100
|switch|p2b: Hector|Gholdengo, L50|100/100
|-ability|p2a: Tuco|Intimidate|boost
|-unboost|p1a: Samuel|atk|1
|-unboost|p1b: Felipe|atk|1
|-ability|p1a: Samuel|Intimidate|boost
|-unboost|p2a: Tuco|atk|1
|-unboost|p2b: Hector|atk|1
|turn|1
|inactive|avigolvgc has 30 seconds left.
|inactive|TeyVgc has 30 seconds left.
|inactive|avigolvgc has 20 seconds left.
|
|t:|1757097747
|-terastallize|p1b: Felipe|Ghost
|move|p2a: Tuco|Fake Out|p1a: Samuel
|-damage|p1a: Samuel|92/100
|move|p1b: Felipe|U-turn|p2a: Tuco
|-damage|p2a: Tuco|83/100
|
|t:|1757097752
|switch|p1b: Noroﺃ١a|Rillaboom, L50, M|100/100|[from] U-turn
|-fieldstart|move: Grassy Terrain|[from] ability: Grassy Surge|[of] p1b: Noroﺃ١a
|move|p2b: Hector|Nasty Plot|p2b: Hector
|-boost|p2b: Hector|spa|2
|cant|p1a: Samuel|flinch
|
|-heal|p2a: Tuco|89/100|[from] Grassy Terrain
|-heal|p1a: Samuel|98/100|[from] Grassy Terrain
|upkeep
|turn|2
|inactive|TeyVgc has 30 seconds left.
|inactive|TeyVgc has 20 seconds left.
|inactive|TeyVgc has 15 seconds left.
|
|t:|1757097797
|switch|p2a: Marco|Indeedee, L50, M|100/100
|-fieldstart|move: Psychic Terrain|[from] ability: Psychic Surge|[of] p2a: Marco
|-terastallize|p2b: Hector|Water
|move|p2b: Hector|Make It Rain|p1b: Noroﺃ١a|[spread] p1a,p1b
|-resisted|p1a: Samuel
|-damage|p1a: Samuel|61/100
|-damage|p1b: Noroﺃ١a|2/100
|-unboost|p2b: Hector|spa|1
|-damage|p2b: Hector|91/100|[from] item: Life Orb
|move|p1b: Noroﺃ١a|Wood Hammer|p2b: Hector
|-supereffective|p2b: Hector
|-damage|p2b: Hector|0 fnt
|faint|p2b: Hector
|-damage|p1b: Noroﺃ١a|0 fnt|[from] Recoil
|faint|p1b: Noroﺃ١a
|move|p1a: Samuel|Knock Off|p2a: Marco
|-supereffective|p2a: Marco
|-enditem|p2a: Marco|Focus Sash
|-damage|p2a: Marco|1/100
|
|upkeep
|
|t:|1757097821
|switch|p2b: Leonel|Sneasler, L50, F|100/100
|switch|p1b: Felipe|Sneasler, L50, M, tera:Ghost|100/100
|-enditem|p2b: Leonel|Psychic Seed
|-boost|p2b: Leonel|spd|1|[from] item: Psychic Seed
|turn|3
|
|t:|1757097844
|switch|p2a: Tuco|Incineroar, L50, M|89/100
|-ability|p2a: Tuco|Intimidate|boost
|-unboost|p1a: Samuel|atk|1
|-unboost|p1b: Felipe|atk|1
|move|p2b: Leonel|Close Combat|p1a: Samuel
|-supereffective|p1a: Samuel
|-damage|p1a: Samuel|0 fnt
|-unboost|p2b: Leonel|def|1
|-unboost|p2b: Leonel|spd|1
|faint|p1a: Samuel
|move|p1b: Felipe|U-turn|p2a: Tuco
|-damage|p2a: Tuco|72/100
|
|t:|1757097854
|switch|p1b: Malova|Sylveon, L50, F|100/100|[from] U-turn
|
|upkeep
|
|t:|1757097857
|switch|p1a: Felipe|Sneasler, L50, M, tera:Ghost|100/100
|turn|4
|
|t:|1757097869
|switch|p2a: Marco|Indeedee, L50, M|1/100
|move|p2b: Leonel|Protect|p2b: Leonel
|-singleturn|p2b: Leonel|Protect
|move|p1b: Malova|Protect|p1b: Malova
|-singleturn|p1b: Malova|Protect
|move|p1a: Felipe|Close Combat|p2b: Leonel
|-activate|p2b: Leonel|move: Protect
|
|upkeep
|turn|5
|inactive|avigolvgc has 30 seconds left.
|
|t:|1757097896
|move|p2b: Leonel|Dire Claw|p1b: Malova
|-supereffective|p1b: Malova
|-damage|p1b: Malova|18/100
|-status|p1b: Malova|slp
|move|p1a: Felipe|Dire Claw|p2a: Marco
|-damage|p2a: Marco|0 fnt
|faint|p2a: Marco
|cant|p1b: Malova|slp
|
|upkeep
|c|ﻗ»│avigolvgc|bueno alv
|
|t:|1757097904
|switch|p2a: Tuco|Incineroar, L50, M|72/100
|-ability|p2a: Tuco|Intimidate|boost
|-unboost|p1a: Felipe|atk|1
|-unboost|p1b: Malova|atk|1
|turn|6
|c|ﻗ»│avigolvgc|me durimo 3 veces
|c|ﻗ»│TeyVgc|g
|c|ﻗ»│TeyVgc|gg
|c|ﻗ»│TeyVgc|yeah thats crazy
|c|ﻗ»│avigolvgc|ggs
|inactive|TeyVgc has 30 seconds left.
|
|t:|1757097934
|move|p2b: Leonel|Dire Claw|p1a: Felipe
|-resisted|p1a: Felipe
|-damage|p1a: Felipe|67/100
|-status|p1a: Felipe|psn
|move|p1a: Felipe|Close Combat|p2a: Tuco
|-supereffective|p2a: Tuco
|-damage|p2a: Tuco|0 fnt
|-unboost|p1a: Felipe|def|1
|-unboost|p1a: Felipe|spd|1
|faint|p2a: Tuco
|-curestatus|p1b: Malova|slp|[msg]
|move|p1b: Malova|Tera Blast|p2b: Leonel
|-damage|p2b: Leonel|33/100
|
|-damage|p1a: Felipe|55/100 psn|[from] psn
|-fieldend|move: Psychic Terrain
|upkeep
|turn|7
|
|t:|1757097954
|move|p2b: Leonel|Dire Claw|p1a: Felipe
|-resisted|p1a: Felipe
|-crit|p1a: Felipe
|-damage|p1a: Felipe|0 fnt
|faint|p1a: Felipe
|move|p1b: Malova|Tera Blast|p2b: Leonel
|-damage|p2b: Leonel|0 fnt
|faint|p2b: Leonel
|
|win|avigolvgc
