|j|☆budster16
|j|☆morphiusdoorphius
|html|budster16morphiusdoorphius    
|uhtml|bestof|Game 1 of a best-of-3
|t:|1783734102
|gametype|doubles
|player|p1|budster16|silver|
|player|p2|morphiusdoorphius|linebacker|
|gen|9
|tier|[Gen 9 Champions] VGC 2026 Reg M-B (Bo3)
|rule|Species Clause: Limit one of each Pokémon
|rule|Item Clause: Limit 1 of each item
|clearpoke
|poke|p1|Conkeldurr, L50, M|
|poke|p1|Skeledirge, L50, F|
|poke|p1|Leafeon, L50, M|
|poke|p1|Barbaracle, L50, M|
|poke|p1|Infernape, L50, F|
|poke|p1|Pyroar, L50, F|
|poke|p2|Charizard, L50, F|
|poke|p2|Talonflame, L50, F|
|poke|p2|Primarina, L50, F|
|poke|p2|Kingambit, L50, M|
|poke|p2|Kleavor, L50, F|
|poke|p2|Scrafty, L50, F|
|teampreview|4
|showteam|p1|Conkeldurr||LifeOrb|SheerForce|CloseCombat,RockSlide,IcePunch,MachPunch|Adamant||M|||50|]Skeledirge||Leftovers|Unaware|TorchSong,ShadowBall,SlackOff,Protect|Modest||F|||50|]Leafeon||MiracleSeed|Chlorophyll|SolarBlade,SwordsDance,SunnyDay,KnockOff|Adamant||M|||50|]Barbaracle||Barbaracite|ToughClaws|RockSlide,CloseCombat,ShellSmash,Protect|Adamant||M|||50|]Infernape||FocusSash|Blaze|FakeOut,FlareBlitz,CloseCombat,SunnyDay|Jolly||F|||50|]Pyroar||Pyroarite|Unnerve|HeatWave,Overheat,ScorchingSands,Protect|Timid||F|||50|
|showteam|p2|Charizard||CharizarditeY|Blaze|HeatWave,Protect,WeatherBall,SolarBeam|Modest||F|||50|]Talonflame||FocusSash|GaleWings|Tailwind,Protect,FlareBlitz,BraveBird|Jolly||F|||50|]Primarina||MysticWater|LiquidVoice|IceBeam,Moonblast,Protect,HyperVoice|Naive||F|||50|]Kingambit||ChopleBerry|Defiant|IronHead,Protect,SuckerPunch,SwordsDance|Adamant||M|||50|]Kleavor||WideLens|Sharpness|StoneAxe,XScissor,RockSlide,Protect|Adamant||F|||50|]Scrafty||Scraftinite|Intimidate|SuperFang,FakeOut,Protect,CloseCombat|Adamant||F|||50|
|j| clare_chan1738
|j| InfiniKnight
|j| ChocoHammy
|
|t:|1783734154
|teamsize|p1|4
|teamsize|p2|4
|start
|switch|p1a: Punc Hands|Barbaracle, L50, M|100/100
|switch|p1b: Conk|Conkeldurr, L50, M|100/100
|switch|p2a: Scrafty|Scrafty, L50, F|100/100
|switch|p2b: Talonflame|Talonflame, L50, F|100/100
|-ability|p2a: Scrafty|Intimidate|boost
|-unboost|p1a: Punc Hands|atk|1
|-unboost|p1b: Conk|atk|1
|turn|1
|c| InfiniKnight|why does the skeledirge model look like its from a diff game?
|
|t:|1783734189
|move|p2b: Talonflame|Tailwind|p2b: Talonflame
|-sidestart|p2: morphiusdoorphius|move: Tailwind
|move|p2a: Scrafty|Close Combat|p1a: Punc Hands
|-supereffective|p1a: Punc Hands|1
|-damage|p1a: Punc Hands|15/100
|-unboost|p2a: Scrafty|def|1
|-unboost|p2a: Scrafty|spd|1
|move|p1a: Punc Hands|Shell Smash|p1a: Punc Hands
|-unboost|p1a: Punc Hands|def|1
|-unboost|p1a: Punc Hands|spd|1
|-boost|p1a: Punc Hands|atk|2
|-boost|p1a: Punc Hands|spa|2
|-boost|p1a: Punc Hands|spe|2
|move|p1b: Conk|Rock Slide|p2a: Scrafty|[spread] p2a,p2b
|-resisted|p2a: Scrafty|1
|-supereffective|p2b: Talonflame|2
|-damage|p2a: Scrafty|83/100
|-enditem|p2b: Talonflame|Focus Sash
|-damage|p2b: Talonflame|1/100
|
|upkeep
|turn|2
|c| ChocoHammy|I think that's just showdown custom sprites
|c| ChocoHammy|iirc they animated a bunch of them over years
|
|t:|1783734280
|detailschange|p1a: Punc Hands|Barbaracle-Mega, L50, M
|-mega|p1a: Punc Hands|Barbaracle|Barbaracite
|move|p2b: Talonflame|Protect|p2b: Talonflame
|-singleturn|p2b: Talonflame|Protect
|move|p2a: Scrafty|Protect|p2a: Scrafty
|-singleturn|p2a: Scrafty|Protect
|move|p1b: Conk|Mach Punch|p2b: Talonflame
|-activate|p2b: Talonflame|move: Protect
|move|p1a: Punc Hands|Close Combat|p2a: Scrafty
|-activate|p2a: Scrafty|move: Protect
|
|upkeep
|turn|3
|
|t:|1783734308
|switch|p2b: Primarina|Primarina, L50, F|100/100
|move|p1a: Punc Hands|Protect|p1a: Punc Hands
|-singleturn|p1a: Punc Hands|Protect
|move|p1b: Conk|Mach Punch|p2b: Primarina
|-resisted|p2b: Primarina|1
|-damage|p2b: Primarina|87/100
|-damage|p1b: Conk|90/100|[from] item: Life Orb
|move|p2a: Scrafty|Close Combat|p1a: Punc Hands
|-activate|p1a: Punc Hands|move: Protect
|
|upkeep
|turn|4
|
|t:|1783734344
|move|p2b: Primarina|Hyper Voice|p1b: Conk|[spread] p1a,p1b
|-supereffective|p1a: Punc Hands|1
|-damage|p1a: Punc Hands|0 fnt
|-damage|p1b: Conk|50/100y
|faint|p1a: Punc Hands
|move|p2a: Scrafty|Super Fang|p1b: Conk
|-damage|p1b: Conk|25/100
|move|p1b: Conk|Rock Slide|p2b: Primarina|[spread] p2b
|-miss|p1b: Conk|p2a: Scrafty
|-damage|p2b: Primarina|55/100
|
|-sideend|p2: morphiusdoorphius|move: Tailwind
|upkeep
|
|t:|1783734356
|switch|p1a: Conk's Lawn|Leafeon, L50, M|100/100
|turn|5
|
|t:|1783734414
|switch|p2a: Talonflame|Talonflame, L50, F|1/100
|move|p2b: Primarina|Protect|p2b: Primarina
|-singleturn|p2b: Primarina|Protect
|move|p1b: Conk|Mach Punch|p2a: Talonflame
|-resisted|p2a: Talonflame|1
|-damage|p2a: Talonflame|0 fnt
|faint|p2a: Talonflame
|-damage|p1b: Conk|15/100|[from] item: Life Orb
|move|p1a: Conk's Lawn|Swords Dance|p1a: Conk's Lawn
|-boost|p1a: Conk's Lawn|atk|2
|
|upkeep
|
|t:|1783734428
|switch|p2a: Scrafty|Scrafty, L50, F|83/100
|-ability|p2a: Scrafty|Intimidate|boost
|-unboost|p1a: Conk's Lawn|atk|1
|-unboost|p1b: Conk|atk|1
|turn|6
|
|t:|1783734490
|move|p2a: Scrafty|Fake Out|p1a: Conk's Lawn
|-damage|p1a: Conk's Lawn|89/100
|move|p1b: Conk|Mach Punch|p2a: Scrafty
|-supereffective|p2a: Scrafty|1
|-damage|p2a: Scrafty|54/100
|-damage|p1b: Conk|5/100|[from] item: Life Orb
|cant|p1a: Conk's Lawn|flinch
|move|p2b: Primarina|Hyper Voice|p1b: Conk|[spread] p1a,p1b
|-resisted|p1a: Conk's Lawn|1
|-damage|p1a: Conk's Lawn|61/100
|-damage|p1b: Conk|0 fnt
|faint|p1b: Conk
|
|upkeep
|
|t:|1783734502
|switch|p1b: Conk's FO User|Infernape, L50, F|100/100
|turn|7
|
|t:|1783734559
|detailschange|p2a: Scrafty|Scrafty-Mega, L50, F
|-mega|p2a: Scrafty|Scrafty|Scraftinite
|-ability|p2a: Scrafty|Intimidate|boost
|-unboost|p1a: Conk's Lawn|atk|1
|-unboost|p1b: Conk's FO User|atk|1
|move|p1b: Conk's FO User|Fake Out|p2b: Primarina
|-damage|p2b: Primarina|42/100
|move|p1a: Conk's Lawn|Sunny Day|p1a: Conk's Lawn
|-weather|SunnyDay
|cant|p2b: Primarina|flinch
|move|p2a: Scrafty|Close Combat|p1a: Conk's Lawn
|-damage|p1a: Conk's Lawn|4/100
|-unboost|p2a: Scrafty|def|1
|-unboost|p2a: Scrafty|spd|1
|
|-weather|SunnyDay|[upkeep]
|upkeep
|turn|8
|
|t:|1783734592
|switch|p2a: Kleavor|Kleavor, L50, F|100/100
|move|p2b: Primarina|Protect|p2b: Primarina
|-singleturn|p2b: Primarina|Protect
|move|p1a: Conk's Lawn|Solar Blade||[still]
|-prepare|p1a: Conk's Lawn|Solar Blade
|-anim|p1a: Conk's Lawn|Solar Blade|p2b: Primarina
|-activate|p2b: Primarina|move: Protect
|move|p1b: Conk's FO User|Close Combat|p2a: Kleavor
|-damage|p2a: Kleavor|52/100
|-unboost|p1b: Conk's FO User|def|1
|-unboost|p1b: Conk's FO User|spd|1
|
|-weather|SunnyDay|[upkeep]
|upkeep
|turn|9
|
|t:|1783734659
|switch|p2b: Scrafty|Scrafty-Mega, L50, F|54/100
|-ability|p2b: Scrafty|Intimidate|boost
|-unboost|p1a: Conk's Lawn|atk|1
|-unboost|p1b: Conk's FO User|atk|1
|move|p1a: Conk's Lawn|Solar Blade||[still]
|-prepare|p1a: Conk's Lawn|Solar Blade
|-anim|p1a: Conk's Lawn|Solar Blade|p2b: Scrafty
|-damage|p2b: Scrafty|11/100
|move|p1b: Conk's FO User|Flare Blitz|p2a: Kleavor
|-damage|p2a: Kleavor|4/100
|-damage|p1b: Conk's FO User|84/100|[from] Recoil
|move|p2a: Kleavor|Rock Slide|p1a: Conk's Lawn|[spread] p1a,p1b
|-damage|p1a: Conk's Lawn|0 fnt
|-damage|p1b: Conk's FO User|12/100
|faint|p1a: Conk's Lawn
|
|-weather|SunnyDay|[upkeep]
|upkeep
|turn|10
|
|t:|1783734685
|move|p2b: Scrafty|Fake Out|p1b: Conk's FO User
|-damage|p1b: Conk's FO User|0 fnt
|faint|p1b: Conk's FO User
|
|win|morphiusdoorphius
||morphiusdoorphius is ready for game 2.
||budster16 is ready for game 2.
|uhtml|next|Next: Game 2 of 3
