|j|☆Tizio20
|j|☆jonen
|html|Tizio20jonen    
|uhtml|bestof|Game 2 of a best-of-3
|t:|1756928778
|gametype|doubles
|player|p1|Tizio20|hilda-wonderlauncher|
|player|p2|jonen|ruinmaniac-gen3|
|gen|9
|tier|[Gen 9] VGC 2025 Reg H (Bo3)
|rule|Species Clause: Limit one of each Pokémon
|rule|Item Clause: Limit 1 of each item
|clearpoke
|poke|p1|Typhlosion-Hisui, L50, M|
|poke|p1|Whimsicott, L50, F|
|poke|p1|Gyarados, L50, F|
|poke|p1|Ursaluna-Bloodmoon, L50, M|
|poke|p1|Kingambit, L50, F|
|poke|p1|Gengar, L50, M|
|poke|p2|Garchomp, L50, F|
|poke|p2|Weezing-Galar, L50, M|
|poke|p2|Archaludon, L50, F|
|poke|p2|Gholdengo, L50|
|poke|p2|Talonflame, L50, M|
|poke|p2|Annihilape, L50, F|
|teampreview|4
|showteam|p1|Typhlosion-Hisui||ChoiceSpecs|Blaze|Eruption,HeatWave,Overheat,ShadowBall|||M|||50|,,,,,Fire]Whimsicott||CovertCloak|Prankster|Tailwind,SunnyDay,FakeTears,Moonblast|||F|||50|,,,,,Water]Gyarados||SafetyGoggles|Intimidate|Waterfall,ThunderWave,Taunt,Protect|||F|||50|,,,,,Steel]Ursaluna-Bloodmoon||LifeOrb|MindsEye|Protect,BloodMoon,HyperVoice,EarthPower|||M|||50|,,,,,Normal]Kingambit||AssaultVest|Defiant|KowtowCleave,SuckerPunch,IronHead,LowKick|||F|||50|,,,,,Fairy]Gengar||FocusSash|CursedBody|SludgeBomb,ShadowBall,Haze,Protect|||M|||50|,,,,,Stellar
|showteam|p2|Garchomp||LifeOrb|RoughSkin|DragonClaw,Earthquake,StompingTantrum,Protect|||F|||50|,,,,,Ground]Weezing-Galar||FocusSash|NeutralizingGas|Protect,SludgeBomb,Taunt,StrangeSteam|||M|||50|,,,,,Flying]Archaludon||PowerHerb|Sturdy|ElectroShot,Thunderbolt,DracoMeteor,Protect|||F|||50|,,,,,Electric]Gholdengo||ChoiceSpecs|GoodasGold|ShadowBall,DazzlingGleam,PowerGem,MakeItRain||||||50|,,,,,Fairy]Talonflame||CovertCloak|GaleWings|Tailwind,DualWingbeat,UpperHand,FlareBlitz|||M|||50|,,,,,Fairy]Annihilape||AssaultVest|Defiant|CloseCombat,RageFist,FinalGambit,IcePunch|||F|||50|,,,,,Grass
|inactive|Battle timer is ON: inactive players will automatically lose when time's up. (requested by Tizio20)
|
|t:|1756928799
|teamsize|p1|4
|teamsize|p2|4
|start
|switch|p1a: Gyarados|Gyarados, L50, F|100/100
|switch|p1b: Ursaluna|Ursaluna-Bloodmoon, L50, M|100/100
|switch|p2a: Talonflame|Talonflame, L50, M|100/100
|switch|p2b: Annihilape|Annihilape, L50, F|100/100
|-ability|p1a: Gyarados|Intimidate|boost
|-unboost|p2a: Talonflame|atk|1
|-unboost|p2b: Annihilape|atk|1
|-ability|p2b: Annihilape|Defiant|boost
|-boost|p2b: Annihilape|atk|2
|turn|1
|inactive|jonen has 30 seconds left.
|
|t:|1756928829
|switch|p2a: Garchomp|Garchomp, L50, F|100/100
|move|p1b: Ursaluna|Protect|p1b: Ursaluna
|-singleturn|p1b: Ursaluna|Protect
|move|p2b: Annihilape|Close Combat|p1b: Ursaluna
|-activate|p1b: Ursaluna|move: Protect
|move|p1a: Gyarados|Waterfall|p2a: Garchomp
|-damage|p2a: Garchomp|62/100
|-damage|p1a: Gyarados|88/100|[from] ability: Rough Skin|[of] p2a: Garchomp
|
|upkeep
|turn|2
|inactive|Tizio20 has 30 seconds left.
|
|t:|1756928855
|switch|p1b: Whimsicott|Whimsicott, L50, F|100/100
|move|p2a: Garchomp|Dragon Claw|p1b: Whimsicott
|-immune|p1b: Whimsicott
|move|p2b: Annihilape|Rage Fist|p1b: Whimsicott
|-damage|p1b: Whimsicott|59/100
|move|p1a: Gyarados|Waterfall|p2a: Garchomp
|-damage|p2a: Garchomp|26/100
|-damage|p1a: Gyarados|76/100|[from] ability: Rough Skin|[of] p2a: Garchomp
|
|upkeep
|turn|3
|
|t:|1756928871
|move|p1b: Whimsicott|Tailwind|p1b: Whimsicott
|-sidestart|p1: Tizio20|move: Tailwind
|move|p1a: Gyarados|Thunder Wave|p2b: Annihilape
|-status|p2b: Annihilape|par
|move|p2a: Garchomp|Dragon Claw|p1a: Gyarados
|-damage|p1a: Gyarados|26/100
|-damage|p2a: Garchomp|16/100|[from] item: Life Orb
|move|p2b: Annihilape|Ice Punch|p1b: Whimsicott
|-supereffective|p1b: Whimsicott
|-damage|p1b: Whimsicott|0 fnt
|faint|p1b: Whimsicott
|
|upkeep
|
|t:|1756928887
|switch|p1b: Typhlosion|Typhlosion-Hisui, L50, M|100/100
|turn|4
|
|t:|1756928897
|-terastallize|p1b: Typhlosion|Fire
|move|p1b: Typhlosion|Eruption|p2a: Garchomp|[spread] p2a,p2b
|-resisted|p2a: Garchomp
|-damage|p2a: Garchomp|0 fnt
|-damage|p2b: Annihilape|25/100 par
|faint|p2a: Garchomp
|move|p1a: Gyarados|Waterfall|p2b: Annihilape
|-damage|p2b: Annihilape|0 fnt
|faint|p2b: Annihilape
|
|upkeep
|
|t:|1756928902
|switch|p2a: Talonflame|Talonflame, L50, M|100/100
|switch|p2b: Gholdengo|Gholdengo, L50|100/100
|turn|5
|
|t:|1756928915
|-terastallize|p2b: Gholdengo|Fairy
|move|p2a: Talonflame|Tailwind|p2a: Talonflame
|-sidestart|p2: jonen|move: Tailwind
|move|p1b: Typhlosion|Eruption|p2b: Gholdengo|[spread] p2a,p2b
|-resisted|p2a: Talonflame
|-crit|p2a: Talonflame
|-crit|p2b: Gholdengo
|-damage|p2a: Talonflame|0 fnt
|-damage|p2b: Gholdengo|0 fnt
|faint|p2a: Talonflame
|faint|p2b: Gholdengo
|
|win|Tizio20
