|j|☆rgangel
|j|☆Welwitchia
|html|rgangelWelwitchia    
|uhtml|bestof|Game 1 of a best-of-3
|t:|1784154263
|gametype|doubles
|player|p1|rgangel|cynthia|1109
|player|p2|Welwitchia|pokemonbreeder-gen4|1014
|gen|9
|tier|[Gen 9 Champions] VGC 2026 Reg M-B (Bo3)
|rated|
|rule|Species Clause: Limit one of each Pokémon
|rule|Item Clause: Limit 1 of each item
|clearpoke
|poke|p1|Sneasler, L50, M|
|poke|p1|Garchomp, L50, M|
|poke|p1|Froslass, L50, F|
|poke|p1|Glimmora, L50, M|
|poke|p1|Incineroar, L50, M|
|poke|p1|Rotom-Mow, L50|
|poke|p2|Spiritomb, L50, F, shiny|
|poke|p2|Corviknight, L50, M|
|poke|p2|Pyroar, L50, F, shiny|
|poke|p2|Meganium, L50, M|
|poke|p2|Clawitzer, L50, F, shiny|
|poke|p2|Slowking-Galar, L50, M|
|teampreview|4
|showteam|p1|Sneasler||FocusSash|PoisonTouch|FakeOut,CloseCombat,Protect,DireClaw|Jolly||M|||50|]Garchomp||LifeOrb|RoughSkin|StompingTantrum,RockSlide,DragonClaw,Protect|Jolly||M|||50|]Froslass||Froslassite|SnowCloak|Blizzard,ShadowBall,AuroraVeil,Protect|Modest||F|||50|]Glimmora||Glimmoranite|ToxicDebris|PowerGem,SpikyShield,EarthPower,SludgeBomb|Timid||M|||50|]Incineroar||SitrusBerry|Intimidate|PartingShot,FlareBlitz,Roar,FakeOut|Careful||M|||50|]Rotom-Mow||OccaBerry|Levitate|Thunderbolt,LeafStorm,WillOWisp,Protect|Modest|||||50|
|showteam|p2|Spiritomb||LeppaBerry|Pressure|Curse,PainSplit,Spite,FoulPlay|Calm||F|||50|]Corviknight||Leftovers|Pressure|Spite,IronHead,Roost,Protect|Impish||M|||50|]Pyroar||Pyroarite|Rivalry|Trailblaze,MudSlap,Entrainment,Flamethrower|Timid||F|||50|]Meganium||Meganiumite|LeafGuard|LeechSeed,Counter,WeatherBall,SolarBeam|Timid||M|||50|]Clawitzer||MysticWater|MegaLauncher|HealPulse,AuraSphere,Protect,WaterPulse|Calm||F|||50|]Slowking-Galar||ColburBerry|CuriousMedicine|SkillSwap,ThunderWave,EerieSpell,TrickRoom|Sassy||M|||50|
|inactive|Battle timer is ON: inactive players will automatically lose when time's up. (requested by rgangel)
|
|t:|1784154290
|teamsize|p1|4
|teamsize|p2|4
|start
|switch|p1a: Incineroar|Incineroar, L50, M|100/100
|switch|p1b: Glimmora|Glimmora, L50, M|100/100
|switch|p2a: Corviknight|Corviknight, L50, M|100/100
|switch|p2b: Slowking|Slowking-Galar, L50, M|100/100
|-ability|p2a: Corviknight|Pressure
|-ability|p1a: Incineroar|Intimidate|boost
|-unboost|p2a: Corviknight|atk|1
|-unboost|p2b: Slowking|atk|1
|-clearboost|p2a: Corviknight|[from] ability: Curious Medicine|[of] p2b: Slowking
|turn|1
|inactive|rgangel has 30 seconds left.
|
|t:|1784154321
|detailschange|p1b: Glimmora|Glimmora-Mega, L50, M
|-mega|p1b: Glimmora|Glimmora|Glimmoranite
|move|p1b: Glimmora|Power Gem|p2a: Corviknight
|-damage|p2a: Corviknight|33/100
|move|p2a: Corviknight|Iron Head|p1b: Glimmora
|-supereffective|p1b: Glimmora|1
|-damage|p1b: Glimmora|46/100
|move|p2b: Slowking|Thunder Wave|p1b: Glimmora
|-status|p1b: Glimmora|par
|move|p1a: Incineroar|Roar|p2b: Slowking
|drag|p2b: Meganium|Meganium, L50, M|100/100
|
|-heal|p2a: Corviknight|39/100|[from] item: Leftovers
|upkeep
|turn|2
|inactive|Welwitchia has 30 seconds left.
|
|t:|1784154351
|detailschange|p2b: Meganium|Meganium-Mega, L50, M
|-mega|p2b: Meganium|Meganium|Meganiumite
|move|p2b: Meganium|Leech Seed|p1a: Incineroar
|-start|p1a: Incineroar|move: Leech Seed
|move|p2a: Corviknight|Roost|p2a: Corviknight
|-heal|p2a: Corviknight|89/100
|-singleturn|p2a: Corviknight|move: Roost
|move|p1a: Incineroar|Flare Blitz|p2a: Corviknight
|-supereffective|p2a: Corviknight|1
|-damage|p2a: Corviknight|36/100
|-status|p2a: Corviknight|brn
|-damage|p1a: Incineroar|82/100|[from] Recoil
|move|p1b: Glimmora|Sludge Bomb|p2b: Meganium
|-supereffective|p2b: Meganium|2
|-damage|p2b: Meganium|0 fnt
|faint|p2b: Meganium
|
|-heal|p2a: Corviknight|41/100 brn|[from] item: Leftovers
|-damage|p2a: Corviknight|36/100 brn|[from] brn
|upkeep
|
|t:|1784154370
|switch|p2b: Pyroar|Pyroar, L50, F, shiny|100/100
|turn|3
|
|t:|1784154386
|move|p1b: Glimmora|Spiky Shield|p1b: Glimmora
|-singleturn|p1b: Glimmora|move: Protect
|move|p2b: Pyroar|Mud-Slap|p1b: Glimmora
|-activate|p1b: Glimmora|move: Protect
|move|p2a: Corviknight|Spite|p1b: Glimmora
|-activate|p1b: Glimmora|move: Protect
|move|p1a: Incineroar|Parting Shot|p2b: Pyroar
|-unboost|p2b: Pyroar|atk|1
|-unboost|p2b: Pyroar|spa|1
|
|t:|1784154401
|switch|p1a: Sneasler|Sneasler, L50, M|100/100|[from] Parting Shot
|
|-heal|p2a: Corviknight|41/100 brn|[from] item: Leftovers
|-damage|p2a: Corviknight|36/100 brn|[from] brn
|upkeep
|turn|4
|
|t:|1784154414
|switch|p2b: Slowking|Slowking-Galar, L50, M|100/100
|-clearboost|p2a: Corviknight|[from] ability: Curious Medicine|[of] p2b: Slowking
|move|p1a: Sneasler|Close Combat|p2b: Slowking
|-resisted|p2b: Slowking|2
|-damage|p2b: Slowking|83/100
|-unboost|p1a: Sneasler|def|1
|-unboost|p1a: Sneasler|spd|1
|move|p2a: Corviknight|Roost|p2a: Corviknight
|-heal|p2a: Corviknight|86/100 brn
|-singleturn|p2a: Corviknight|move: Roost
|move|p1b: Glimmora|Power Gem|p2a: Corviknight
|-resisted|p2a: Corviknight|1
|-damage|p2a: Corviknight|57/100 brn
|
|-heal|p2a: Corviknight|62/100 brn|[from] item: Leftovers
|-damage|p2a: Corviknight|57/100 brn|[from] brn
|upkeep
|turn|5
|inactive|Welwitchia has 30 seconds left.
|
|t:|1784154441
|move|p2a: Corviknight|Protect|p2a: Corviknight
|-singleturn|p2a: Corviknight|Protect
|move|p1a: Sneasler|Close Combat|p2a: Corviknight
|-activate|p2a: Corviknight|move: Protect
|move|p1b: Glimmora|Earth Power|p2b: Slowking
|-supereffective|p2b: Slowking|1
|-damage|p2b: Slowking|41/100
|move|p2b: Slowking|Eerie Spell|p1b: Glimmora
|-supereffective|p1b: Glimmora|1
|-damage|p1b: Glimmora|0 fnt
|faint|p1b: Glimmora
|
|-heal|p2a: Corviknight|62/100 brn|[from] item: Leftovers
|-damage|p2a: Corviknight|57/100 brn|[from] brn
|upkeep
|
|t:|1784154455
|switch|p1b: Rotom|Rotom-Mow, L50|100/100
|turn|6
|
|t:|1784154476
|move|p1a: Sneasler|Close Combat|p2a: Corviknight
|-damage|p2a: Corviknight|21/100 brn
|-unboost|p1a: Sneasler|def|1
|-unboost|p1a: Sneasler|spd|1
|move|p1b: Rotom|Thunderbolt|p2a: Corviknight
|-supereffective|p2a: Corviknight|1
|-damage|p2a: Corviknight|0 fnt
|faint|p2a: Corviknight
|move|p2b: Slowking|Trick Room|p2b: Slowking
|-fieldstart|move: Trick Room|[of] p2b: Slowking
|
|upkeep
|
|t:|1784154487
|switch|p2a: Pyroar|Pyroar, L50, F, shiny|100/100
|turn|7
|inactive|Welwitchia has 30 seconds left.
|inactive|Welwitchia has 20 seconds left.
|
|t:|1784154524
|move|p2b: Slowking|Eerie Spell|p1a: Sneasler
|-supereffective|p1a: Sneasler|2
|-enditem|p1a: Sneasler|Focus Sash
|-damage|p1a: Sneasler|1/100
|-activate|p1a: Sneasler|move: Eerie Spell|Close Combat|3
|move|p1b: Rotom|Thunderbolt|p2b: Slowking
|-damage|p2b: Slowking|16/100
|move|p2a: Pyroar|Flamethrower|p1b: Rotom
|-supereffective|p1b: Rotom|1
|-enditem|p1b: Rotom|Occa Berry|[eat]
|-enditem|p1b: Rotom|Occa Berry|[weaken]
|-damage|p1b: Rotom|58/100
|cant|p1a: Sneasler|nopp|Close Combat
|
|upkeep
|turn|8
|
|t:|1784154546
|move|p2b: Slowking|Eerie Spell|p1a: Sneasler
|-supereffective|p1a: Sneasler|2
|-damage|p1a: Sneasler|0 fnt
|faint|p1a: Sneasler
|move|p1b: Rotom|Thunderbolt|p2b: Slowking
|-crit|p2b: Slowking
|-damage|p2b: Slowking|0 fnt
|faint|p2b: Slowking
|move|p2a: Pyroar|Flamethrower|p1b: Rotom
|-supereffective|p1b: Rotom|1
|-damage|p1b: Rotom|0 fnt
|faint|p1b: Rotom
|
|upkeep
|
|t:|1784154557
|switch|p1b: Incineroar|Incineroar, L50, M|82/100
|-ability|p1b: Incineroar|Intimidate|boost
|-unboost|p2a: Pyroar|atk|1
|turn|9
|
|t:|1784154571
|move|p1b: Incineroar|Fake Out|p2a: Pyroar
|-damage|p2a: Pyroar|87/100
|cant|p2a: Pyroar|flinch
|
|upkeep
|turn|10
|
|t:|1784154577
|move|p1b: Incineroar|Flare Blitz|p2a: Pyroar
|-resisted|p2a: Pyroar|1
|-damage|p2a: Pyroar|61/100
|-damage|p1b: Incineroar|73/100|[from] Recoil
|move|p2a: Pyroar|Entrainment|p1b: Incineroar
|-ability|p1b: Incineroar|Rivalry|Intimidate|[from] move: Entrainment|[of] p2a: Pyroar
|
|-fieldend|move: Trick Room
|upkeep
|turn|11
|
|t:|1784154589
|move|p2a: Pyroar|Mud-Slap|p1b: Incineroar
|-supereffective|p1b: Incineroar|1
|-damage|p1b: Incineroar|67/100
|-unboost|p1b: Incineroar|accuracy|1
|move|p1b: Incineroar|Parting Shot|p2a: Pyroar
|-unboost|p2a: Pyroar|atk|1
|-unboost|p2a: Pyroar|spa|1
|
|upkeep
|turn|12
|
|t:|1784154597
|move|p2a: Pyroar|Mud-Slap|p1b: Incineroar
|-supereffective|p1b: Incineroar|1
|-damage|p1b: Incineroar|63/100
|-unboost|p1b: Incineroar|accuracy|1
|move|p1b: Incineroar|Flare Blitz|p2a: Pyroar|[miss]
|-miss|p1b: Incineroar|p2a: Pyroar
|
|upkeep
|turn|13
|
|t:|1784154604
|move|p2a: Pyroar|Mud-Slap|p1b: Incineroar
|-supereffective|p1b: Incineroar|1
|-damage|p1b: Incineroar|59/100
|-unboost|p1b: Incineroar|accuracy|1
|move|p1b: Incineroar|Flare Blitz|p2a: Pyroar
|-resisted|p2a: Pyroar|1
|-damage|p2a: Pyroar|38/100
|-damage|p1b: Incineroar|52/100|[from] Recoil
|
|upkeep
|turn|14
|
|t:|1784154613
|move|p2a: Pyroar|Mud-Slap|p1b: Incineroar
|-supereffective|p1b: Incineroar|1
|-damage|p1b: Incineroar|48/100
|-unboost|p1b: Incineroar|accuracy|1
|-enditem|p1b: Incineroar|Sitrus Berry|[eat]
|-heal|p1b: Incineroar|73/100|[from] item: Sitrus Berry
|move|p1b: Incineroar|Flare Blitz|p2a: Pyroar|[miss]
|-miss|p1b: Incineroar|p2a: Pyroar
|
|upkeep
|turn|15
|
|t:|1784154624
|move|p2a: Pyroar|Mud-Slap|p1b: Incineroar
|-supereffective|p1b: Incineroar|1
|-damage|p1b: Incineroar|69/100
|-unboost|p1b: Incineroar|accuracy|1
|move|p1b: Incineroar|Flare Blitz|p2a: Pyroar|[miss]
|-miss|p1b: Incineroar|p2a: Pyroar
|
|upkeep
|turn|16
|
|t:|1784154631
|move|p2a: Pyroar|Mud-Slap|p1b: Incineroar
|-supereffective|p1b: Incineroar|1
|-damage|p1b: Incineroar|65/100
|-unboost|p1b: Incineroar|accuracy|1
|move|p1b: Incineroar|Flare Blitz|p2a: Pyroar|[miss]
|-miss|p1b: Incineroar|p2a: Pyroar
|
|upkeep
|turn|17
|
|t:|1784154639
|move|p2a: Pyroar|Mud-Slap|p1b: Incineroar
|-supereffective|p1b: Incineroar|1
|-damage|p1b: Incineroar|61/100
|move|p1b: Incineroar|Flare Blitz|p2a: Pyroar|[miss]
|-miss|p1b: Incineroar|p2a: Pyroar
|
|upkeep
|turn|18
|
|t:|1784154645
|move|p2a: Pyroar|Mud-Slap|p1b: Incineroar
|-supereffective|p1b: Incineroar|1
|-damage|p1b: Incineroar|57/100
|move|p1b: Incineroar|Flare Blitz|p2a: Pyroar
|-resisted|p2a: Pyroar|1
|-damage|p2a: Pyroar|17/100
|-damage|p1b: Incineroar|50/100g|[from] Recoil
|
|upkeep
|turn|19
|
|t:|1784154667
|move|p2a: Pyroar|Mud-Slap|p1b: Incineroar
|-supereffective|p1b: Incineroar|1
|-damage|p1b: Incineroar|46/100
|move|p1b: Incineroar|Flare Blitz|p2a: Pyroar|[miss]
|-miss|p1b: Incineroar|p2a: Pyroar
|
|upkeep
|turn|20
|
|t:|1784154678
|move|p2a: Pyroar|Flamethrower|p1b: Incineroar
|-resisted|p1b: Incineroar|1
|-damage|p1b: Incineroar|40/100
|move|p1b: Incineroar|Flare Blitz|p2a: Pyroar|[miss]
|-miss|p1b: Incineroar|p2a: Pyroar
|
|upkeep
|turn|21
|
|t:|1784154685
|move|p2a: Pyroar|Mud-Slap|p1b: Incineroar
|-supereffective|p1b: Incineroar|1
|-damage|p1b: Incineroar|36/100
|move|p1b: Incineroar|Flare Blitz|p2a: Pyroar|[miss]
|-miss|p1b: Incineroar|p2a: Pyroar
|
|upkeep
|turn|22
|
|t:|1784154693
|move|p2a: Pyroar|Mud-Slap|p1b: Incineroar
|-supereffective|p1b: Incineroar|1
|-damage|p1b: Incineroar|32/100
|move|p1b: Incineroar|Flare Blitz|p2a: Pyroar|[miss]
|-miss|p1b: Incineroar|p2a: Pyroar
|
|upkeep
|turn|23
|
|t:|1784154700
|move|p2a: Pyroar|Trailblaze|p1b: Incineroar
|-resisted|p1b: Incineroar|1
|-damage|p1b: Incineroar|31/100
|-boost|p2a: Pyroar|spe|1
|move|p1b: Incineroar|Flare Blitz|p2a: Pyroar|[miss]
|-miss|p1b: Incineroar|p2a: Pyroar
|
|upkeep
|turn|24
|
|t:|1784154709
|move|p2a: Pyroar|Flamethrower|p1b: Incineroar
|-resisted|p1b: Incineroar|1
|-damage|p1b: Incineroar|25/100
|move|p1b: Incineroar|Flare Blitz|p2a: Pyroar
|-resisted|p2a: Pyroar|1
|-damage|p2a: Pyroar|0 fnt
|faint|p2a: Pyroar
|-damage|p1b: Incineroar|19/100|[from] Recoil
|
|win|rgangel
