|j|☆SHyperdestroyerVGC
|j|☆bathoven
|html|SHyperdestroyerVGCbathoven    
|uhtml|bestof|Game 3 of a best-of-3
|t:|1785409434
|gametype|doubles
|player|p1|SHyperdestroyerVGC|lady|1176
|player|p2|bathoven|pokemaniac|1180
|gen|9
|tier|[Gen 9 Champions] VGC 2026 Reg M-B (Bo3)
|rated|
|rule|Species Clause: Limit one of each Pokémon
|rule|Item Clause: Limit 1 of each item
|clearpoke
|poke|p1|Froslass, L50, F|
|poke|p1|Kingambit, L50, F|
|poke|p1|Sneasler, L50, M|
|poke|p1|Talonflame, L50, M|
|poke|p1|Garchomp, L50, F|
|poke|p1|Sinistcha, L50|
|poke|p2|Delphox, L50, M|
|poke|p2|Talonflame, L50, M|
|poke|p2|Garchomp, L50, F|
|poke|p2|Tinkaton, L50, F|
|poke|p2|Gholdengo, L50|
|poke|p2|Gyarados, L50, M|
|teampreview|4
|showteam|p1|Froslass||Froslassite|SnowCloak|Blizzard,AuroraVeil,ShadowBall,Protect|Timid||F|||50|]Kingambit||ChopleBerry|Defiant|KowtowCleave,SuckerPunch,IronHead,Protect|Jolly||F|||50|]Sneasler||WhiteHerb|Unburden|FakeOut,CloseCombat,DireClaw,Protect|Adamant||M|||50|]Talonflame||FocusSash|GaleWings|DualWingbeat,FlareBlitz,Tailwind,Protect|Jolly||M|||50|]Garchomp||LifeOrb|RoughSkin|DragonClaw,Earthquake,RockSlide,Protect|Jolly||F|||50|]Sinistcha||OccaBerry|Hospitality|MatchaGotcha,TrickRoom,RagePowder,Protect|Calm|||||50|
|showteam|p2|Delphox||Delphoxite|Blaze|Protect,HeatWave,HelpingHand,Psychic|Timid||M|||50|]Talonflame||FocusSash|GaleWings|Tailwind,Taunt,DualWingbeat,QuickGuard|Jolly||M|||50|]Garchomp||LifeOrb|RoughSkin|Earthquake,RockSlide,Protect,IronHead|Jolly||F|||50|]Tinkaton||LumBerry|MoldBreaker|FakeOut,WoodHammer,GigatonHammer,Encore|Adamant||F|||50|]Gholdengo||ChoiceScarf|GoodasGold|MakeItRain,Trick,ShadowBall,Thunderbolt|Timid|||||50|]Gyarados||Gyaradosite|Intimidate|DragonDance,Protect,Waterfall,Crunch|Jolly||M|||50|
|inactive|Battle timer is ON: inactive players will automatically lose when time's up. (requested by bathoven)
|inactive|bathoven has 60 seconds left.
|
|t:|1785409468
|teamsize|p1|4
|teamsize|p2|4
|start
|switch|p1a: Sneasler|Sneasler, L50, M|100/100
|switch|p1b: Kingambit|Kingambit, L50, F|100/100
|switch|p2a: Garchomp|Garchomp, L50, F|100/100
|switch|p2b: Talonflame|Talonflame, L50, M|100/100
|turn|1
|
|t:|1785409493
|switch|p1a: Talonflame|Talonflame, L50, M|100/100
|move|p2b: Talonflame|Dual Wingbeat|p1a: Talonflame
|-damage|p1a: Talonflame|81/100
|-damage|p1a: Talonflame|63/100
|-hitcount|p1a: Talonflame|2
|move|p2a: Garchomp|Earthquake|p1a: Talonflame|[spread] p1b
|-immune|p2b: Talonflame
|-immune|p1a: Talonflame
|-supereffective|p1b: Kingambit|1
|-damage|p1b: Kingambit|32/100
|-damage|p2a: Garchomp|90/100|[from] item: Life Orb
|move|p1b: Kingambit|Kowtow Cleave|p2a: Garchomp
|-damage|p2a: Garchomp|45/100
|-damage|p1b: Kingambit|20/100y|[from] ability: Rough Skin|[of] p2a: Garchomp
|
|upkeep
|turn|2
|
|t:|1785409518
|switch|p1a: Garchomp|Garchomp, L50, F|100/100
|move|p2b: Talonflame|Tailwind|p2b: Talonflame
|-sidestart|p2: bathoven|move: Tailwind
|move|p2a: Garchomp|Rock Slide|p1b: Kingambit|[spread] p1a,p1b
|-resisted|p1a: Garchomp|1
|-resisted|p1b: Kingambit|1
|-damage|p1a: Garchomp|88/100
|-damage|p1b: Kingambit|11/100
|-damage|p2a: Garchomp|35/100|[from] item: Life Orb
|move|p1b: Kingambit|Kowtow Cleave|p2a: Garchomp
|-damage|p2a: Garchomp|0 fnt
|-damage|p1b: Kingambit|0 fnt|[from] ability: Rough Skin|[of] p2a: Garchomp
|faint|p2a: Garchomp
|faint|p1b: Kingambit
|
|upkeep
|
|t:|1785409538
|switch|p2a: Delphox|Delphox, L50, M|100/100
|switch|p1b: Sneasler|Sneasler, L50, M|100/100
|turn|3
|
|t:|1785409549
|detailschange|p2a: Delphox|Delphox-Mega, L50, M
|-mega|p2a: Delphox|Delphox|Delphoxite
|move|p2b: Talonflame|Quick Guard|p2b: Talonflame
|-singleturn|p2b: Talonflame|Quick Guard
|move|p1b: Sneasler|Fake Out|p2a: Delphox
|-activate|p2a: Delphox|move: Quick Guard
|move|p2a: Delphox|Heat Wave|p1a: Garchomp|[spread] p1a
|-miss|p2a: Delphox|p1b: Sneasler
|-resisted|p1a: Garchomp|1
|-damage|p1a: Garchomp|67/100
|move|p1a: Garchomp|Rock Slide|p2b: Talonflame|[spread] p2a,p2b
|-supereffective|p2a: Delphox|1
|-supereffective|p2b: Talonflame|2
|-damage|p2a: Delphox|32/100
|-enditem|p2b: Talonflame|Focus Sash
|-damage|p2b: Talonflame|1/100
|-damage|p1a: Garchomp|57/100|[from] item: Life Orb
|
|upkeep
|turn|4
|inactive|SHyperdestroyerVGC has 30 seconds left.
|inactive|bathoven has 30 seconds left.
|
|t:|1785409577
|move|p2a: Delphox|Psychic|p1a: Garchomp
|-damage|p1a: Garchomp|7/100
|move|p2b: Talonflame|Dual Wingbeat|p1b: Sneasler
|-supereffective|p1b: Sneasler|1
|-damage|p1b: Sneasler|57/100
|-supereffective|p1b: Sneasler|1
|-damage|p1b: Sneasler|15/100
|-hitcount|p1b: Sneasler|2
|move|p1b: Sneasler|Dire Claw|p2a: Delphox
|-damage|p2a: Delphox|0 fnt
|faint|p2a: Delphox
|move|p1a: Garchomp|Rock Slide|p2b: Talonflame
|-supereffective|p2b: Talonflame|2
|-damage|p2b: Talonflame|0 fnt
|faint|p2b: Talonflame
|-damage|p1a: Garchomp|0 fnt|[from] item: Life Orb
|faint|p1a: Garchomp
|
|upkeep
|
|t:|1785409593
|switch|p2b: Tinkaton|Tinkaton, L50, F|100/100
|switch|p1a: Talonflame|Talonflame, L50, M|63/100
|-ability|p2b: Tinkaton|Mold Breaker
|turn|5
|
|t:|1785409603
|move|p1b: Sneasler|Protect|p1b: Sneasler
|-singleturn|p1b: Sneasler|Protect
|move|p2b: Tinkaton|Gigaton Hammer|p1a: Talonflame
|-resisted|p1a: Talonflame|1
|-damage|p1a: Talonflame|26/100
|move|p1a: Talonflame|Tailwind|p1a: Talonflame
|-sidestart|p1: SHyperdestroyerVGC|move: Tailwind
|
|-sideend|p2: bathoven|move: Tailwind
|upkeep
|turn|6
|
|t:|1785409616
|move|p1a: Talonflame|Flare Blitz|p2b: Tinkaton
|-supereffective|p2b: Tinkaton|1
|-damage|p2b: Tinkaton|1/100
|-damage|p1a: Talonflame|0 fnt|[from] Recoil
|faint|p1a: Talonflame
|move|p1b: Sneasler|Close Combat|p2b: Tinkaton
|-damage|p2b: Tinkaton|0 fnt
|-unboost|p1b: Sneasler|def|1
|-unboost|p1b: Sneasler|spd|1
|faint|p2b: Tinkaton
|
|win|SHyperdestroyerVGC
|raw|SHyperdestroyerVGC's rating: 1176 → 1201(+25 for winning)
|raw|bathoven's rating: 1180 → 1155(-25 for losing)
|c|☆SHyperdestroyerVGC|gg
|l|☆bathoven
|player|p2|
|c|☆SHyperdestroyerVGC|I'm so bad
