|j|☆dambro222
|j|☆upchicken
|html|dambro222upchicken    
|uhtml|bestof|Game 1 of a best-of-3
|t:|1756239153
|gametype|doubles
|player|p1|dambro222|ethan|1159
|player|p2|upchicken|az|1298
|gen|9
|tier|[Gen 9] VGC 2025 Reg H (Bo3)
|rated|
|rule|Species Clause: Limit one of each Pokémon
|rule|Item Clause: Limit 1 of each item
|clearpoke
|poke|p1|Dragonite, L50, M|
|poke|p1|Volcarona, L50, F|
|poke|p1|Sneasler, L50, M|
|poke|p1|Rillaboom, L50, M|
|poke|p1|Electabuzz, L50, M|
|poke|p1|Kingambit, L50, M|
|poke|p2|Grimmsnarl, L50, M|
|poke|p2|Annihilape, L50, F|
|poke|p2|Maushold, L50|
|poke|p2|Pelipper, L50, F|
|poke|p2|Archaludon, L50, F|
|poke|p2|Sinistcha, L50|
|teampreview|4
|showteam|p1|Dragonite||LoadedDice|Multiscale|ScaleShot,ExtremeSpeed,Haze,Protect|||M|||50|,,,,,Fairy]Volcarona||CovertCloak|FlameBody|HeatWave,TeraBlast,QuiverDance,Protect|||F|||50|,,,,,Fairy]Sneasler||FocusSash|Unburden|CloseCombat,DireClaw,Coaching,Protect|||M|||50|,,,,,Stellar]Rillaboom||AssaultVest|GrassySurge|WoodHammer,GrassyGlide,HighHorsepower,FakeOut|||M|||50|,,,,,Water]Electabuzz||Eviolite|VitalSpirit|Electroweb,FollowMe,Taunt,Protect|||M|||50|,,,,,Ghost]Kingambit||BlackGlasses|Defiant|KowtowCleave,SuckerPunch,SwordsDance,Protect|||M|||50|,,,,,Dark
|showteam|p2|Grimmsnarl||LightClay|Prankster|Reflect,LightScreen,ThunderWave,SpiritBreak|||M|||50|,,,,,Steel]Annihilape||SpellTag|Defiant|BulkUp,Protect,DrainPunch,RageFist|||F|||50|,,,,,Fire]Maushold||SafetyGoggles|FriendGuard|BeatUp,Taunt,FollowMe,Protect||||||50|,,,,,Ghost]Pelipper||LifeOrb|Drizzle|Hurricane,WeatherBall,Tailwind,Protect|||F|||50|,,,,,Stellar]Archaludon||AssaultVest|Stamina|ElectroShot,DracoMeteor,Snarl,BodyPress|||F|||50|,,,,,Grass]Sinistcha||SitrusBerry|Hospitality|LifeDew,RagePowder,TrickRoom,MatchaGotcha||||||50|,,,,,Water
|inactive|Battle timer is ON: inactive players will automatically lose when time's up. (requested by dambro222)
|
|t:|1756239179
|teamsize|p1|4
|teamsize|p2|4
|start
|switch|p1a: Electabuzz|Electabuzz, L50, M|100/100
|switch|p1b: Kingambit|Kingambit, L50, M, shiny|100/100
|switch|p2a: Maushold|Maushold, L50|100/100
|switch|p2b: Archaludon|Archaludon, L50, F|100/100
|turn|1
|
|t:|1756239196
|-terastallize|p1a: Electabuzz|Ghost
|move|p1a: Electabuzz|Follow Me|p1a: Electabuzz
|-singleturn|p1a: Electabuzz|move: Follow Me
|move|p2a: Maushold|Taunt|p1a: Electabuzz
|-start|p1a: Electabuzz|move: Taunt
|move|p2b: Archaludon|Body Press|p1a: Electabuzz
|-immune|p1a: Electabuzz
|move|p1b: Kingambit|Swords Dance|p1b: Kingambit
|-boost|p1b: Kingambit|atk|2
|
|upkeep
|turn|2
|inactive|dambro222 has 30 seconds left.
|
|t:|1756239223
|switch|p1a: Rillaboom|Rillaboom, L50, M|100/100
|-fieldstart|move: Grassy Terrain|[from] ability: Grassy Surge|[of] p1a: Rillaboom
|move|p1b: Kingambit|Protect|p1b: Kingambit
|-singleturn|p1b: Kingambit|Protect
|move|p2a: Maushold|Beat Up|p2b: Archaludon
|-damage|p2b: Archaludon|99/100
|-ability|p2b: Archaludon|Stamina|boost
|-boost|p2b: Archaludon|def|1
|-crit|p2b: Archaludon
|-damage|p2b: Archaludon|97/100
|-ability|p2b: Archaludon|Stamina|boost
|-boost|p2b: Archaludon|def|1
|-damage|p2b: Archaludon|97/100
|-ability|p2b: Archaludon|Stamina|boost
|-boost|p2b: Archaludon|def|1
|-damage|p2b: Archaludon|96/100
|-ability|p2b: Archaludon|Stamina|boost
|-boost|p2b: Archaludon|def|1
|-hitcount|p2b: Archaludon|4
|move|p2b: Archaludon|Body Press|p1b: Kingambit
|-activate|p1b: Kingambit|move: Protect
|
|-heal|p2b: Archaludon|100/100|[from] Grassy Terrain
|upkeep
|turn|3
|
|t:|1756239241
|move|p2a: Maushold|Protect|p2a: Maushold
|-singleturn|p2a: Maushold|Protect
|move|p1a: Rillaboom|Fake Out|p2b: Archaludon
|-resisted|p2b: Archaludon
|-damage|p2b: Archaludon|99/100
|-ability|p2b: Archaludon|Stamina|boost
|-boost|p2b: Archaludon|def|1
|cant|p2b: Archaludon|flinch
|move|p1b: Kingambit|Kowtow Cleave|p2a: Maushold
|-activate|p2a: Maushold|move: Protect
|
|-heal|p2b: Archaludon|100/100|[from] Grassy Terrain
|upkeep
|turn|4
|
|t:|1756239255
|switch|p2a: Grimmsnarl|Grimmsnarl, L50, M|100/100
|switch|p1a: Electabuzz|Electabuzz, L50, M, tera:Ghost|100/100
|move|p1b: Kingambit|Protect|p1b: Kingambit
|-singleturn|p1b: Kingambit|Protect
|move|p2b: Archaludon|Body Press|p1b: Kingambit
|-activate|p1b: Kingambit|move: Protect
|
|upkeep
|turn|5
|
|t:|1756239270
|move|p1a: Electabuzz|Follow Me|p1a: Electabuzz
|-singleturn|p1a: Electabuzz|move: Follow Me
|move|p2a: Grimmsnarl|Reflect|p2a: Grimmsnarl
|-sidestart|p2: upchicken|Reflect
|move|p2b: Archaludon|Body Press|p1a: Electabuzz
|-immune|p1a: Electabuzz
|move|p1b: Kingambit|Kowtow Cleave|p2a: Grimmsnarl
|-resisted|p2a: Grimmsnarl
|-damage|p2a: Grimmsnarl|80/100
|
|-heal|p2a: Grimmsnarl|86/100|[from] Grassy Terrain
|upkeep
|turn|6
|inactive|upchicken has 30 seconds left.
|
|t:|1756239299
|switch|p2a: Pelipper|Pelipper, L50, F|100/100
|-weather|RainDance|[from] ability: Drizzle|[of] p2a: Pelipper
|move|p1a: Electabuzz|Follow Me|p1a: Electabuzz
|-singleturn|p1a: Electabuzz|move: Follow Me
|move|p2b: Archaludon|Electro Shot||[still]
|-prepare|p2b: Archaludon|Electro Shot
|-boost|p2b: Archaludon|spa|1
|-anim|p2b: Archaludon|Electro Shot|p1a: Electabuzz
|-damage|p1a: Electabuzz|50/100
|move|p1b: Kingambit|Swords Dance|p1b: Kingambit
|-boost|p1b: Kingambit|atk|2
|
|-weather|RainDance|[upkeep]
|-heal|p1a: Electabuzz|55/100|[from] Grassy Terrain
|-fieldend|move: Grassy Terrain
|upkeep
|turn|7
|
|t:|1756239317
|switch|p2a: Grimmsnarl|Grimmsnarl, L50, M|86/100
|move|p1b: Kingambit|Protect|p1b: Kingambit
|-singleturn|p1b: Kingambit|Protect
|move|p1a: Electabuzz|Electroweb|p2b: Archaludon|[spread] p2a,p2b
|-resisted|p2b: Archaludon
|-damage|p2a: Grimmsnarl|74/100
|-damage|p2b: Archaludon|96/100
|-unboost|p2a: Grimmsnarl|spe|1
|-unboost|p2b: Archaludon|spe|1
|-ability|p2b: Archaludon|Stamina|boost
|-boost|p2b: Archaludon|def|1
|move|p2b: Archaludon|Electro Shot||[still]
|-prepare|p2b: Archaludon|Electro Shot
|-boost|p2b: Archaludon|spa|1
|-anim|p2b: Archaludon|Electro Shot|p1a: Electabuzz
|-damage|p1a: Electabuzz|0 fnt
|faint|p1a: Electabuzz
|
|-weather|RainDance|[upkeep]
|upkeep
|
|t:|1756239334
|switch|p1a: Rillaboom|Rillaboom, L50, M|100/100
|-fieldstart|move: Grassy Terrain|[from] ability: Grassy Surge|[of] p1a: Rillaboom
|turn|8
|
|t:|1756239353
|move|p1a: Rillaboom|Fake Out|p2b: Archaludon
|-resisted|p2b: Archaludon
|-damage|p2b: Archaludon|95/100
|move|p2a: Grimmsnarl|Thunder Wave|p1a: Rillaboom
|-status|p1a: Rillaboom|par
|move|p1b: Kingambit|Kowtow Cleave|p2b: Archaludon
|-damage|p2b: Archaludon|75/100
|cant|p2b: Archaludon|flinch
|
|-weather|RainDance|[upkeep]
|-heal|p2b: Archaludon|81/100|[from] Grassy Terrain
|-heal|p2a: Grimmsnarl|80/100|[from] Grassy Terrain
|upkeep
|turn|9
|
|t:|1756239371
|move|p2a: Grimmsnarl|Light Screen|p2a: Grimmsnarl
|-sidestart|p2: upchicken|move: Light Screen
|move|p1b: Kingambit|Kowtow Cleave|p2b: Archaludon
|-damage|p2b: Archaludon|58/100
|move|p2b: Archaludon|Electro Shot||[still]
|-prepare|p2b: Archaludon|Electro Shot
|-boost|p2b: Archaludon|spa|1
|-anim|p2b: Archaludon|Electro Shot|p1a: Rillaboom
|-resisted|p1a: Rillaboom
|-damage|p1a: Rillaboom|63/100 par
|cant|p1a: Rillaboom|par
|
|-weather|RainDance|[upkeep]
|-heal|p2b: Archaludon|64/100|[from] Grassy Terrain
|-heal|p1a: Rillaboom|69/100 par|[from] Grassy Terrain
|-heal|p2a: Grimmsnarl|86/100|[from] Grassy Terrain
|upkeep
|turn|10
|
|t:|1756239390
|move|p1b: Kingambit|Kowtow Cleave|p2b: Archaludon
|-damage|p2b: Archaludon|43/100
|move|p2b: Archaludon|Body Press|p1b: Kingambit
|-supereffective|p1b: Kingambit
|-damage|p1b: Kingambit|0 fnt
|faint|p1b: Kingambit
|move|p1a: Rillaboom|Wood Hammer|p2a: Grimmsnarl
|-crit|p2a: Grimmsnarl
|-damage|p2a: Grimmsnarl|0 fnt
|faint|p2a: Grimmsnarl
|-damage|p1a: Rillaboom|40/100 par|[from] Recoil
|
|-weather|none
|-heal|p2b: Archaludon|49/100|[from] Grassy Terrain
|-heal|p1a: Rillaboom|46/100 par|[from] Grassy Terrain
|upkeep
|
|t:|1756239403
|switch|p2a: Pelipper|Pelipper, L50, F|100/100
|switch|p1b: Volcarona|Volcarona, L50, F|100/100
|-weather|RainDance|[from] ability: Drizzle|[of] p2a: Pelipper
|turn|11
|inactive|dambro222 has 30 seconds left.
|
|t:|1756239429
|cant|p1a: Rillaboom|par
|move|p1b: Volcarona|Heat Wave|p2b: Archaludon|[spread] p2a,p2b
|-resisted|p2a: Pelipper
|-damage|p2a: Pelipper|91/100
|-damage|p2b: Archaludon|41/100
|move|p2a: Pelipper|Hurricane|p1a: Rillaboom
|-supereffective|p1a: Rillaboom
|-damage|p1a: Rillaboom|0 fnt
|faint|p1a: Rillaboom
|-damage|p2a: Pelipper|81/100|[from] item: Life Orb
|move|p2b: Archaludon|Snarl|p1b: Volcarona
|-damage|p1b: Volcarona|56/100
|
|-weather|RainDance|[upkeep]
|-heal|p1b: Volcarona|63/100|[from] Grassy Terrain
|-heal|p2b: Archaludon|47/100|[from] Grassy Terrain
|upkeep
|turn|12
|c|☆dambro222|gg
|
|t:|1756239444
|move|p1b: Volcarona|Heat Wave|p2b: Archaludon|[spread] p2a,p2b
|-resisted|p2a: Pelipper
|-damage|p2a: Pelipper|72/100
|-damage|p2b: Archaludon|40/100
|move|p2a: Pelipper|Weather Ball|p1b: Volcarona
|-supereffective|p1b: Volcarona
|-damage|p1b: Volcarona|0 fnt
|faint|p1b: Volcarona
|-damage|p2a: Pelipper|62/100|[from] item: Life Orb
|
|win|upchicken
||dambro222 is ready for game 2.
||upchicken is ready for game 2.
|uhtml|next|Next: Game 2 of 3
