|j|☆dilfasaur
|j|☆carmelotb
|html|dilfasaurcarmelotb    
|uhtml|bestof|Game 3 of a best-of-3
|t:|1786055450
|gametype|doubles
|player|p1|dilfasaur|169|1129
|player|p2|carmelotb|pilot|1084
|gen|9
|tier|[Gen 9 Champions] VGC 2026 Reg M-B (Bo3)
|rated|
|rule|Species Clause: Limit one of each Pokémon
|rule|Item Clause: Limit 1 of each item
|clearpoke
|poke|p1|Aerodactyl, L50, M|
|poke|p1|Delphox, L50, F|
|poke|p1|Garchomp, L50, F|
|poke|p1|Incineroar, L50, F|
|poke|p1|Sylveon, L50, M|
|poke|p1|Sneasler, L50, M|
|poke|p2|Staraptor, L50, F|
|poke|p2|Tyranitar, L50, F|
|poke|p2|Venusaur, L50, F|
|poke|p2|Milotic, L50, F|
|poke|p2|Excadrill, L50, F|
|poke|p2|Sinistcha-Masterpiece, L50|
|teampreview|4
|showteam|p1|Aerodactyl||Aerodactylite|Unnerve|RockSlide,DualWingbeat,Tailwind,Protect|Jolly||M|||50|]Delphox||Delphoxite|Blaze|HeatWave,Psychic,NastyPlot,Protect|Timid||F|||50|]Garchomp||LifeOrb|RoughSkin|Earthquake,DragonClaw,StompingTantrum,Protect|Adamant||F|||50|]Incineroar||PasshoBerry|Intimidate|FakeOut,FlareBlitz,ThroatChop,PartingShot|Impish||F|||50|]Sylveon||FairyFeather|Pixilate|HyperVoice,HyperBeam,QuickAttack,Protect|Modest||M|||50|]Sneasler||FocusSash|PoisonTouch|FakeOut,PoisonJab,CloseCombat,Protect|Jolly||M|||50|
|showteam|p2|Staraptor||Staraptite|Intimidate|Tailwind,CloseCombat,BraveBird,Protect|Jolly||F|||50|]Tyranitar||ChoiceScarf|SandStream|RockSlide,HighHorsepower,KnockOff,IcePunch|Jolly||F|||50|]Venusaur||Venusaurite|Chlorophyll|EarthPower,GigaDrain,SludgeBomb,Protect|Modest||F|||50|]Milotic||Leftovers|Competitive|Scald,IcyWind,Protect,Recover|Calm||F|||50|]Excadrill||FocusSash|SandRush|Earthquake,RockSlide,IronHead,Protect|Adamant||F|||50|]Sinistcha-Masterpiece||SitrusBerry|Hospitality|MatchaGotcha,RagePowder,LifeDew,TrickRoom|Bold|||||50|
|inactive|Battle timer is ON: inactive players will automatically lose when time's up. (requested by dilfasaur)
|
|t:|1786055467
|teamsize|p1|4
|teamsize|p2|4
|start
|switch|p1a: Aerodactyl|Aerodactyl, L50, M|100/100
|switch|p1b: Delphox|Delphox, L50, F|100/100
|switch|p2a: Tyranitar|Tyranitar, L50, F|100/100
|switch|p2b: Excadrill|Excadrill, L50, F|100/100
|-ability|p1a: Aerodactyl|Unnerve
|-weather|Sandstorm|[from] ability: Sand Stream|[of] p2a: Tyranitar
|turn|1
|inactive|dilfasaur has 30 seconds left.
|
|t:|1786055494
|switch|p1a: Incineroar|Incineroar, L50, F|100/100
|-ability|p1a: Incineroar|Intimidate|boost
|-unboost|p2a: Tyranitar|atk|1
|-unboost|p2b: Excadrill|atk|1
|switch|p1b: Garchomp|Garchomp, L50, F|100/100
|move|p2b: Excadrill|Rock Slide|p1b: Garchomp|[spread] p1b
|-miss|p2b: Excadrill|p1a: Incineroar
|-resisted|p1b: Garchomp|1
|-damage|p1b: Garchomp|93/100
|move|p2a: Tyranitar|Rock Slide|p1a: Incineroar|[spread] p1a,p1b
|-supereffective|p1a: Incineroar|1
|-resisted|p1b: Garchomp|1
|-damage|p1a: Incineroar|67/100
|-damage|p1b: Garchomp|83/100
|
|-weather|Sandstorm|[upkeep]
|-damage|p1a: Incineroar|61/100|[from] Sandstorm
|upkeep
|turn|2
|inactive|dilfasaur has 30 seconds left.
|inactive|carmelotb has 30 seconds left.
|
|t:|1786055521
|switch|p2a: Staraptor|Staraptor, L50, F|100/100
|-ability|p2a: Staraptor|Intimidate|boost
|-unboost|p1a: Incineroar|atk|1
|-unboost|p1b: Garchomp|atk|1
|move|p2b: Excadrill|Earthquake|p1b: Garchomp|[spread] p1a,p1b
|-immune|p2a: Staraptor
|-supereffective|p1a: Incineroar|1
|-damage|p1a: Incineroar|13/100
|-damage|p1b: Garchomp|55/100
|move|p1b: Garchomp|Stomping Tantrum|p2a: Staraptor
|-immune|p2a: Staraptor
|move|p1a: Incineroar|Flare Blitz|p2b: Excadrill
|-supereffective|p2b: Excadrill|1
|-damage|p2b: Excadrill|10/100
|-damage|p1a: Incineroar|0 fnt|[from] Recoil
|faint|p1a: Incineroar
|
|-weather|Sandstorm|[upkeep]
|-damage|p2a: Staraptor|93/100|[from] Sandstorm
|upkeep
|
|t:|1786055539
|switch|p1a: Aerodactyl|Aerodactyl, L50, M|100/100
|-ability|p1a: Aerodactyl|Unnerve
|turn|3
|inactive|dilfasaur has 30 seconds left.
|
|t:|1786055568
|detailschange|p1a: Aerodactyl|Aerodactyl-Mega, L50, M
|-mega|p1a: Aerodactyl|Aerodactyl|Aerodactylite
|detailschange|p2a: Staraptor|Staraptor-Mega, L50, F
|-mega|p2a: Staraptor|Staraptor|Staraptite
|move|p2b: Excadrill|Rock Slide|p1a: Aerodactyl|[spread] p1a,p1b
|-supereffective|p1a: Aerodactyl|1
|-resisted|p1b: Garchomp|1
|-damage|p1a: Aerodactyl|59/100
|-damage|p1b: Garchomp|48/100
|move|p1a: Aerodactyl|Tailwind|p1a: Aerodactyl
|-sidestart|p1: dilfasaur|move: Tailwind
|move|p1b: Garchomp|Dragon Claw|p2a: Staraptor
|-damage|p2a: Staraptor|53/100
|-damage|p1b: Garchomp|38/100|[from] item: Life Orb
|move|p2a: Staraptor|Close Combat|p1b: Garchomp
|-damage|p1b: Garchomp|0 fnt
|-boost|p2a: Staraptor|def|1
|-boost|p2a: Staraptor|spd|1
|-damage|p2a: Staraptor|40/100|[from] ability: Rough Skin|[of] p1b: Garchomp
|faint|p1b: Garchomp
|
|-weather|Sandstorm|[upkeep]
|-damage|p2a: Staraptor|34/100|[from] Sandstorm
|upkeep
|
|t:|1786055588
|switch|p1b: Delphox|Delphox, L50, F|100/100
|turn|4
|
|t:|1786055598
|move|p2b: Excadrill|Protect|p2b: Excadrill
|-singleturn|p2b: Excadrill|Protect
|move|p1a: Aerodactyl|Rock Slide|p2b: Excadrill|[spread] p2a
|-activate|p2b: Excadrill|move: Protect
|-damage|p2a: Staraptor|15/100
|move|p1b: Delphox|Heat Wave|p2b: Excadrill|[spread] p2a
|-activate|p2b: Excadrill|move: Protect
|-damage|p2a: Staraptor|0 fnt
|faint|p2a: Staraptor
|
|-weather|Sandstorm|[upkeep]
|-damage|p1b: Delphox|94/100|[from] Sandstorm
|upkeep
|
|t:|1786055600
|switch|p2a: Sinistcha|Sinistcha-Masterpiece, L50|100/100
|-heal|p2b: Excadrill|34/100|[from] ability: Hospitality|[of] p2a: Sinistcha
|turn|5
|
|t:|1786055615
|switch|p2b: Tyranitar|Tyranitar, L50, F|100/100
|move|p1a: Aerodactyl|Dual Wingbeat|p2a: Sinistcha
|-supereffective|p2a: Sinistcha|1
|-damage|p2a: Sinistcha|62/100
|-supereffective|p2a: Sinistcha|1
|-damage|p2a: Sinistcha|25/100
|-enditem|p2a: Sinistcha|Sitrus Berry|[eat]
|-heal|p2a: Sinistcha|50/100g|[from] item: Sitrus Berry
|-hitcount|p2a: Sinistcha|2
|move|p1b: Delphox|Heat Wave|p2b: Tyranitar|[spread] p2a,p2b
|-supereffective|p2a: Sinistcha|1
|-resisted|p2b: Tyranitar|1
|-crit|p2b: Tyranitar
|-damage|p2a: Sinistcha|0 fnt
|-damage|p2b: Tyranitar|83/100
|faint|p2a: Sinistcha
|
|-weather|none
|upkeep
|
|t:|1786055627
|switch|p2a: Excadrill|Excadrill, L50, F|34/100
|turn|6
|
|t:|1786055651
|move|p1a: Aerodactyl|Rock Slide|p2a: Excadrill|[spread] p2a,p2b
|-resisted|p2a: Excadrill|2
|-damage|p2a: Excadrill|24/100
|-damage|p2b: Tyranitar|53/100
|move|p1b: Delphox|Heat Wave|p2b: Tyranitar|[spread] p2a,p2b
|-supereffective|p2a: Excadrill|1
|-resisted|p2b: Tyranitar|1
|-damage|p2a: Excadrill|0 fnt
|-damage|p2b: Tyranitar|36/100
|faint|p2a: Excadrill
|cant|p2b: Tyranitar|flinch
|
|-sideend|p1: dilfasaur|move: Tailwind
|upkeep
|turn|7
|
|t:|1786055672
|move|p1b: Delphox|Protect|p1b: Delphox
|-singleturn|p1b: Delphox|Protect
|move|p1a: Aerodactyl|Rock Slide|p2b: Tyranitar
|-damage|p2b: Tyranitar|0 fnt
|faint|p2b: Tyranitar
|
|win|dilfasaur
|raw|dilfasaur's rating: 1129 → 1151(+22 for winning)
|raw|carmelotb's rating: 1084 → 1064(-20 for losing)
|l|☆carmelotb
|player|p2|
