|j|☆someminamina
|j|☆cheesebiscuit12
|html|someminaminacheesebiscuit12    
|uhtml|bestof|Game 1 of a best-of-3
|t:|1785934791
|gametype|doubles
|player|p1|someminamina|101|
|player|p2|cheesebiscuit12|169|
|gen|9
|tier|[Gen 9 Champions] VGC 2026 Reg M-B (Bo3)
|rule|Species Clause: Limit one of each Pokémon
|rule|Item Clause: Limit 1 of each item
|clearpoke
|poke|p1|Sylveon, L50, M|
|poke|p1|Scrafty, L50, F, shiny|
|poke|p1|Raichu, L50, F, shiny|
|poke|p1|Grimmsnarl, L50, M, shiny|
|poke|p1|Rotom-Heat, L50, shiny|
|poke|p1|Slowking-Galar, L50, M|
|poke|p2|Gardevoir, L50, F|
|poke|p2|Metagross, L50|
|poke|p2|Whimsicott, L50, F|
|poke|p2|Sableye, L50, F|
|poke|p2|Arcanine, L50, M|
|poke|p2|Vileplume, L50, F|
|teampreview|4
|showteam|p1|Sylveon||FairyFeather|Pixilate|HyperBeam,HyperVoice,DrainingKiss,Detect|Quiet||M|||50|]Scrafty||LifeOrb|Intimidate|FakeOut,KnockOff,DrainPunch,Protect|Adamant||F|||50|]Raichu||RaichuniteY|LightningRod|FocusBlast,ZapCannon,GrassKnot,Protect|Rash||F|||50|]Grimmsnarl||LightClay|Prankster|FakeOut,PartingShot,SuckerPunch,ScaryFace|Brave||M|||50|]Rotom-Heat||FocusSash|Levitate|Overheat,VoltSwitch,FoulPlay,WillOWisp|Bold|||||50|]Slowking-Galar||SitrusBerry|Regenerator|ChillyReception,GrassKnot,TrickRoom,HelpingHand|Bold||M|||50|
|showteam|p2|Gardevoir||Gardevoirite|Telepathy|HyperVoice,Protect,Psyshock,CalmMind|Timid||F|||50|]Metagross||ExpertBelt|ClearBody|IronHead,IcePunch,Earthquake,PsychicFangs|Adamant|||||50|]Whimsicott||FocusSash|Chlorophyll|Protect,Moonblast,Tailwind,SunnyDay|Relaxed||F|||50|]Sableye||Sablenite|Prankster|FoulPlay,Taunt,SuckerPunch,LightScreen|Careful||F|||50|]Arcanine||Leftovers|Intimidate|ExtremeSpeed,WildCharge,FlareBlitz,MorningSun|Jolly||M|||50|]Vileplume||ZoomLens|Chlorophyll|StrengthSap,Protect,SludgeBomb,SleepPowder|Timid||F|||50|
|j| ninja99g
|
|t:|1785934827
|teamsize|p1|4
|teamsize|p2|4
|start
|switch|p1a: Raichu|Raichu, L50, F, shiny|100/100
|switch|p1b: Grimmsnarl|Grimmsnarl, L50, M, shiny|100/100
|switch|p2a: Xi Jinping|Whimsicott, L50, F|100/100
|switch|p2b: Vileplume|Vileplume, L50, F|100/100
|turn|1
|l| ninja99g
|
|t:|1785934850
|detailschange|p1a: Raichu|Raichu-Mega-Y, L50, F, shiny
|-mega|p1a: Raichu|Raichu|Raichunite Y
|move|p1a: Raichu|Protect|p1a: Raichu
|-singleturn|p1a: Raichu|Protect
|move|p2a: Xi Jinping|Protect|p2a: Xi Jinping
|-singleturn|p2a: Xi Jinping|Protect
|move|p2b: Vileplume|Protect|p2b: Vileplume
|-singleturn|p2b: Vileplume|Protect
|move|p1b: Grimmsnarl|Fake Out|p2b: Vileplume
|-activate|p2b: Vileplume|move: Protect
|
|upkeep
|turn|2
|
|t:|1785934876
|switch|p1a: Rotom|Rotom-Heat, L50, shiny|100/100
|move|p1b: Grimmsnarl|Parting Shot|p2b: Vileplume
|-unboost|p2b: Vileplume|atk|1
|-unboost|p2b: Vileplume|spa|1
|
|t:|1785934882
|switch|p1b: Scrafty|Scrafty, L50, F, shiny|100/100|[from] Parting Shot
|-ability|p1b: Scrafty|Intimidate|boost
|-unboost|p2a: Xi Jinping|atk|1
|-unboost|p2b: Vileplume|atk|1
|move|p2a: Xi Jinping|Sunny Day|p2a: Xi Jinping
|-weather|SunnyDay
|move|p2b: Vileplume|Sleep Powder|p1a: Rotom
|-status|p1a: Rotom|slp|[from] move: Sleep Powder
|
|-weather|SunnyDay|[upkeep]
|upkeep
|turn|3
|
|t:|1785934910
|switch|p1a: Grimmsnarl|Grimmsnarl, L50, M, shiny|100/100
|move|p1b: Scrafty|Fake Out|p2b: Vileplume
|-damage|p2b: Vileplume|82/100
|-damage|p1b: Scrafty|90/100|[from] item: Life Orb
|move|p2a: Xi Jinping|Tailwind|p2a: Xi Jinping
|-sidestart|p2: cheesebiscuit12|move: Tailwind
|cant|p2b: Vileplume|flinch
|
|-weather|SunnyDay|[upkeep]
|upkeep
|turn|4
|
|t:|1785934938
|move|p1a: Grimmsnarl|Fake Out|p2b: Vileplume
|-damage|p2b: Vileplume|68/100
|move|p2a: Xi Jinping|Moonblast|p1b: Scrafty
|-supereffective|p1b: Scrafty|2
|-damage|p1b: Scrafty|0 fnt
|faint|p1b: Scrafty
|cant|p2b: Vileplume|flinch
|
|-weather|SunnyDay|[upkeep]
|upkeep
|
|t:|1785934946
|switch|p1b: Rotom|Rotom-Heat, L50, shiny|100/100 slp
|turn|5
|
|t:|1785934955
|move|p1a: Grimmsnarl|Sucker Punch||[still]
|-fail|p1a: Grimmsnarl
|move|p2a: Xi Jinping|Moonblast|p1a: Grimmsnarl
|-supereffective|p1a: Grimmsnarl|1
|-damage|p1a: Grimmsnarl|46/100
|move|p2b: Vileplume|Strength Sap|p1a: Grimmsnarl
|-unboost|p1a: Grimmsnarl|atk|1
|-heal|p2b: Vileplume|100/100
|cant|p1b: Rotom|slp
|
|-weather|SunnyDay|[upkeep]
|upkeep
|turn|6
|
|t:|1785934972
|switch|p1a: Raichu|Raichu-Mega-Y, L50, F, shiny|100/100
|move|p2a: Xi Jinping|Moonblast|p1a: Raichu
|-damage|p1a: Raichu|55/100
|move|p2b: Vileplume|Sludge Bomb|p1b: Rotom
|-damage|p1b: Rotom|73/100 slp
|-curestatus|p1b: Rotom|slp|[msg]
|move|p1b: Rotom|Overheat|p2b: Vileplume
|-supereffective|p2b: Vileplume|1
|-damage|p2b: Vileplume|0 fnt
|-unboost|p1b: Rotom|spa|2
|faint|p2b: Vileplume
|
|-weather|none
|-sideend|p2: cheesebiscuit12|move: Tailwind
|upkeep
|
|t:|1785934992
|switch|p2b: Arcanine|Arcanine, L50, M|100/100
|-ability|p2b: Arcanine|Intimidate|boost
|-unboost|p1a: Raichu|atk|1
|-unboost|p1b: Rotom|atk|1
|turn|7
|
|t:|1785935011
|move|p2b: Arcanine|Extreme Speed|p1a: Raichu
|-damage|p1a: Raichu|9/100
|move|p1a: Raichu|Zap Cannon|p2b: Arcanine
|-damage|p2b: Arcanine|0 fnt
|faint|p2b: Arcanine
|move|p1b: Rotom|Foul Play|p2a: Xi Jinping
|-resisted|p2a: Xi Jinping|1
|-damage|p2a: Xi Jinping|95/100
|move|p2a: Xi Jinping|Sunny Day|p2a: Xi Jinping
|-weather|SunnyDay
|
|-weather|SunnyDay|[upkeep]
|upkeep
|
|t:|1785935024
|switch|p2b: Imelda Marcos|Gardevoir, L50, F|100/100
|turn|8
|
|t:|1785935035
|detailschange|p2b: Imelda Marcos|Gardevoir-Mega, L50, F
|-mega|p2b: Imelda Marcos|Gardevoir|Gardevoirite
|move|p2a: Xi Jinping|Tailwind|p2a: Xi Jinping
|-sidestart|p2: cheesebiscuit12|move: Tailwind
|move|p2b: Imelda Marcos|Hyper Voice|p1b: Rotom|[spread] p1a,p1b
|-resisted|p1b: Rotom|1
|-damage|p1a: Raichu|0 fnt
|-damage|p1b: Rotom|47/100
|faint|p1a: Raichu
|move|p1b: Rotom|Overheat|p2a: Xi Jinping
|-supereffective|p2a: Xi Jinping|1
|-damage|p2a: Xi Jinping|0 fnt
|-unboost|p1b: Rotom|spa|2
|faint|p2a: Xi Jinping
|
|-weather|SunnyDay|[upkeep]
|upkeep
|
|t:|1785935046
|switch|p1a: Grimmsnarl|Grimmsnarl, L50, M, shiny|46/100
|turn|9
|
|t:|1785935053
|move|p1a: Grimmsnarl|Fake Out|p2b: Imelda Marcos
|-crit|p2b: Imelda Marcos
|-damage|p2b: Imelda Marcos|75/100
|cant|p2b: Imelda Marcos|flinch
|move|p1b: Rotom|Foul Play|p2b: Imelda Marcos
|-damage|p2b: Imelda Marcos|52/100
|
|-weather|SunnyDay|[upkeep]
|upkeep
|turn|10
|
|t:|1785935066
|move|p1a: Grimmsnarl|Sucker Punch|p2b: Imelda Marcos
|-damage|p2b: Imelda Marcos|15/100
|move|p2b: Imelda Marcos|Hyper Voice|p1b: Rotom|[spread] p1a,p1b
|-supereffective|p1a: Grimmsnarl|1
|-resisted|p1b: Rotom|1
|-damage|p1a: Grimmsnarl|0 fnt
|-damage|p1b: Rotom|21/100
|faint|p1a: Grimmsnarl
|move|p1b: Rotom|Overheat|p2b: Imelda Marcos|[miss]
|-miss|p1b: Rotom|p2b: Imelda Marcos
|
|-weather|SunnyDay|[upkeep]
|upkeep
|turn|11
|
|t:|1785935082
|move|p2b: Imelda Marcos|Psyshock|p1b: Rotom
|-damage|p1b: Rotom|0 fnt
|faint|p1b: Rotom
|
|win|cheesebiscuit12
||someminamina is ready for game 2.
|inactive|cheesebiscuit12 has 30 seconds to confirm battle start!
