|j|☆tizio20
|j|☆Tussicaria
|html|tizio20Tussicaria    
|uhtml|bestof|Game 2 of a best-of-3
|t:|1785344990
|gametype|doubles
|player|p1|tizio20|169|
|player|p2|Tussicaria|dawn|
|gen|9
|tier|[Gen 9 Champions] VGC 2026 Reg M-B (Bo3)
|rule|Species Clause: Limit one of each Pokémon
|rule|Item Clause: Limit 1 of each item
|clearpoke
|poke|p1|Blastoise, L50, F|
|poke|p1|Delphox, L50, M|
|poke|p1|Incineroar, L50, M|
|poke|p1|Sneasler, L50, M|
|poke|p1|Sinistcha, L50|
|poke|p1|Kingambit, L50, M|
|poke|p2|Chandelure, L50, M|
|poke|p2|Garchomp, L50, F|
|poke|p2|Raichu, L50, M|
|poke|p2|Whimsicott, L50, M|
|poke|p2|Grimmsnarl, L50, M|
|poke|p2|Corviknight, L50, M|
|teampreview|4
|showteam|p1|Blastoise||Blastoisinite|RainDish|WaterSpout,DarkPulse,ShellSmash,Protect|Modest||F|||50|]Delphox||Delphoxite|Blaze|HeatWave,Psyshock,NastyPlot,Protect|Modest||M|||50|]Incineroar||SitrusBerry|Intimidate|FakeOut,FlareBlitz,HelpingHand,PartingShot|Careful||M|||50|]Sneasler||FocusSash|PoisonTouch|PoisonJab,CloseCombat,FakeOut,QuickGuard|Jolly||M|||50|]Sinistcha||KasibBerry|Hospitality|MatchaGotcha,RagePowder,TrickRoom,Protect|Bold|||||50|]Kingambit||BlackGlasses|Defiant|KowtowCleave,SuckerPunch,SwordsDance,Protect|Adamant||M|||50|
|showteam|p2|Chandelure||Chandelurite|FlashFire|DarkPulse,HeatWave,ShadowBall,Protect|Modest||M|||50|]Garchomp||LifeOrb|RoughSkin|Earthquake,RockSlide,DragonClaw,Protect|Jolly||F|||50|]Raichu||RaichuniteY|LightningRod|ZapCannon,FocusBlast,Protect,FakeOut|Timid||M|||50|]Whimsicott||FocusSash|Prankster|GigaDrain,Tailwind,Protect,Moonblast|Timid||M|||50|]Grimmsnarl||LightClay|Prankster|LightScreen,PartingShot,SpiritBreak,Reflect|Impish||M|||50|]Corviknight||Leftovers|MirrorArmor|BodyPress,IronHead,IronDefense,Protect|Careful||M|||50|
|inactive|Battle timer is ON: inactive players will automatically lose when time's up. (requested by tizio20)
|inactive|Tussicaria has 60 seconds left.
|
|t:|1785345029
|teamsize|p1|4
|teamsize|p2|4
|start
|switch|p1a: Delphox|Delphox, L50, M|100/100
|switch|p1b: Incineroar|Incineroar, L50, M|100/100
|switch|p2a: Raichu|Raichu, L50, M|100/100
|switch|p2b: Grimmsnarl|Grimmsnarl, L50, M|100/100
|-ability|p1b: Incineroar|Intimidate|boost
|-unboost|p2a: Raichu|atk|1
|-unboost|p2b: Grimmsnarl|atk|1
|turn|1
|
|t:|1785345054
|detailschange|p1a: Delphox|Delphox-Mega, L50, M
|-mega|p1a: Delphox|Delphox|Delphoxite
|detailschange|p2a: Raichu|Raichu-Mega-Y, L50, M
|-mega|p2a: Raichu|Raichu|Raichunite Y
|move|p1a: Delphox|Protect|p1a: Delphox
|-singleturn|p1a: Delphox|Protect
|move|p2a: Raichu|Fake Out|p1a: Delphox
|-activate|p1a: Delphox|move: Protect
|move|p2b: Grimmsnarl|Light Screen|p2b: Grimmsnarl
|-sidestart|p2: Tussicaria|move: Light Screen
|move|p1b: Incineroar|Parting Shot|p2a: Raichu
|-unboost|p2a: Raichu|atk|1
|-unboost|p2a: Raichu|spa|1
|
|t:|1785345064
|switch|p1b: Sneasler|Sneasler, L50, M|100/100|[from] Parting Shot
|
|upkeep
|turn|2
|inactive|Tussicaria has 30 seconds left.
|
|t:|1785345090
|switch|p2b: Garchomp|Garchomp, L50, F|100/100
|move|p2a: Raichu|Protect|p2a: Raichu
|-singleturn|p2a: Raichu|Protect
|move|p1b: Sneasler|Fake Out|p2a: Raichu
|-activate|p2a: Raichu|move: Protect
|move|p1a: Delphox|Nasty Plot|p1a: Delphox
|-boost|p1a: Delphox|spa|2
|
|upkeep
|turn|3
|inactive|tizio20 has 30 seconds left.
|inactive|tizio20 has 20 seconds left.
|
|t:|1785345130
|move|p1a: Delphox|Protect|p1a: Delphox
|-singleturn|p1a: Delphox|Protect
|move|p1b: Sneasler|Poison Jab|p2a: Raichu
|-damage|p2a: Raichu|47/100
|move|p2b: Garchomp|Rock Slide|p1b: Sneasler|[spread] p1b
|-activate|p1a: Delphox|move: Protect
|-resisted|p1b: Sneasler|1
|-damage|p1b: Sneasler|77/100
|-damage|p2b: Garchomp|90/100|[from] item: Life Orb
|move|p2a: Raichu|Zap Cannon|p1a: Delphox
|-activate|p1a: Delphox|move: Protect
|
|upkeep
|turn|4
|
|t:|1785345153
|move|p2a: Raichu|Protect|p2a: Raichu
|-singleturn|p2a: Raichu|Protect
|move|p1b: Sneasler|Poison Jab|p2a: Raichu
|-activate|p2a: Raichu|move: Protect
|move|p1a: Delphox|Psyshock|p2b: Garchomp
|-damage|p2b: Garchomp|26/100
|move|p2b: Garchomp|Earthquake|p1b: Sneasler|[spread] p1b
|-activate|p2a: Raichu|move: Protect
|-immune|p1a: Delphox|[from] ability: Levitate
|-supereffective|p1b: Sneasler|1
|-damage|p1b: Sneasler|0 fnt
|faint|p1b: Sneasler
|-damage|p2b: Garchomp|16/100|[from] item: Life Orb
|
|upkeep
|
|t:|1785345167
|switch|p1b: Incineroar|Incineroar, L50, M|100/100
|-ability|p1b: Incineroar|Intimidate|boost
|-unboost|p2a: Raichu|atk|1
|-unboost|p2b: Garchomp|atk|1
|turn|5
|
|t:|1785345184
|move|p1b: Incineroar|Fake Out|p2a: Raichu
|-damage|p2a: Raichu|33/100
|move|p1a: Delphox|Heat Wave|p2b: Garchomp|[spread] p2a,p2b
|-resisted|p2b: Garchomp|1
|-damage|p2a: Raichu|0 fnt
|-damage|p2b: Garchomp|0 fnt
|faint|p2a: Raichu
|faint|p2b: Garchomp
|
|upkeep
|
|t:|1785345193
|switch|p2b: Grimmsnarl|Grimmsnarl, L50, M|100/100
|switch|p2a: Corviknight|Corviknight, L50, M|100/100
|turn|6
|
|t:|1785345203
|move|p1b: Incineroar|Helping Hand|p1a: Delphox
|-singleturn|p1a: Delphox|Helping Hand|[of] p1b: Incineroar
|move|p2b: Grimmsnarl|Parting Shot|p1a: Delphox
|-unboost|p1a: Delphox|atk|1
|-unboost|p1a: Delphox|spa|1
|move|p1a: Delphox|Heat Wave|p2b: Grimmsnarl|[spread] p2a,p2b
|-supereffective|p2a: Corviknight|1
|-crit|p2b: Grimmsnarl
|-damage|p2a: Corviknight|12/100
|-damage|p2b: Grimmsnarl|0 fnt
|-status|p2a: Corviknight|brn
|faint|p2b: Grimmsnarl
|move|p2a: Corviknight|Iron Defense|p2a: Corviknight
|-boost|p2a: Corviknight|def|2
|
|-heal|p2a: Corviknight|18/100 brn|[from] item: Leftovers
|-damage|p2a: Corviknight|12/100 brn|[from] brn
|upkeep
|turn|7
|c|☆tizio20|ggwp
|c|☆Tussicaria|gg
|-message|Tussicaria forfeited.
|
|win|tizio20
|l|☆Tussicaria
|player|p2|
|l|☆tizio20
|player|p1|
|j|☆tizio20
|player|p1|tizio20|169|
