|j|☆toxicwofl
|j|☆Brutalandathebozz
|html|toxicwoflBrutalandathebozz    
|uhtml|bestof|Game 3 of a best-of-3
|t:|1756369568
|gametype|doubles
|player|p1|toxicwofl|cynthia|1171
|player|p2|Brutalandathebozz|266|1322
|gen|9
|tier|[Gen 9] VGC 2025 Reg H (Bo3)
|rated|
|rule|Species Clause: Limit one of each Pokémon
|rule|Item Clause: Limit 1 of each item
|clearpoke
|poke|p1|Sneasler, L50, F|
|poke|p1|Indeedee, L50, M|
|poke|p1|Ursaluna-Bloodmoon, L50, M|
|poke|p1|Annihilape, L50, M|
|poke|p1|Tyranitar, L50, M|
|poke|p1|Maushold-Four, L50|
|poke|p2|Sneasler, L50, M|
|poke|p2|Electabuzz, L50, F|
|poke|p2|Rillaboom, L50, F|
|poke|p2|Primarina, L50, F|
|poke|p2|Kingambit, L50, F|
|poke|p2|Volcarona, L50, M|
|teampreview|4
|showteam|p1|Sneasler||PsychicSeed|Unburden|CloseCombat,DireClaw,ThroatChop,Protect|||F|||50|,,,,,Dark]Indeedee||ChoiceScarf|PsychicSurge|ExpandingForce,TeraBlast,Trick,Protect|||M|||50|,,,,,Psychic]Ursaluna-Bloodmoon||LifeOrb|MindsEye|BloodMoon,HyperVoice,EarthPower,Protect|||M|||50|,,,,,Normal]Annihilape||SafetyGoggles|Defiant|DrainPunch,RageFist,BulkUp,FinalGambit|||M|||50|,,,,,Fairy]Tyranitar||AssaultVest|SandStream|RockSlide,KnockOff,TeraBlast,LowKick|||M|||50|,,,,,Flying]Maushold-Four||CovertCloak|FriendGuard|FollowMe,Taunt,Protect,PopulationBomb||||||50|,,,,,Normal
|showteam|p2|Sneasler||FocusSash|PoisonTouch|FakeOut,CloseCombat,DireClaw,Protect|||M|||50|,,,,,Ghost]Electabuzz||Eviolite|VitalSpirit|Protect,Taunt,FollowMe,Electroweb|||F|||50|,,,,,Ghost]Rillaboom||AssaultVest|GrassySurge|WoodHammer,GrassyGlide,FakeOut,HighHorsepower|||F|||50|,,,,,Fire]Primarina||SitrusBerry|LiquidVoice|HyperVoice,Moonblast,Protect,Haze|||F|||50|,,,,,Poison]Kingambit||BlackGlasses|Defiant|KowtowCleave,SuckerPunch,Protect,SwordsDance|||F|||50|,,,,,Dark]Volcarona||Leftovers|FlameBody|HeatWave,TeraBlast,QuiverDance,Protect|||M|||50|,,,,,Fairy
|inactive|Battle timer is ON: inactive players will automatically lose when time's up. (requested by Brutalandathebozz)
|
|t:|1756369583
|teamsize|p1|4
|teamsize|p2|4
|start
|switch|p1a: Maushold|Maushold-Four, L50, shiny|100/100
|switch|p1b: Annihilape|Annihilape, L50, M|100/100
|switch|p2a: Electabuzz|Electabuzz, L50, F|100/100
|switch|p2b: Volcarona|Volcarona, L50, M, shiny|100/100
|turn|1
|
|t:|1756369598
|-terastallize|p2a: Electabuzz|Ghost
|move|p2a: Electabuzz|Follow Me|p2a: Electabuzz
|-singleturn|p2a: Electabuzz|move: Follow Me
|move|p1a: Maushold|Taunt|p2a: Electabuzz
|-start|p2a: Electabuzz|move: Taunt
|move|p1b: Annihilape|Bulk Up|p1b: Annihilape
|-boost|p1b: Annihilape|atk|1
|-boost|p1b: Annihilape|def|1
|move|p2b: Volcarona|Quiver Dance|p2b: Volcarona
|-boost|p2b: Volcarona|spa|1
|-boost|p2b: Volcarona|spd|1
|-boost|p2b: Volcarona|spe|1
|
|upkeep
|turn|2
|
|t:|1756369612
|switch|p2a: Rillaboom|Rillaboom, L50, F|100/100
|-fieldstart|move: Grassy Terrain|[from] ability: Grassy Surge|[of] p2a: Rillaboom
|move|p2b: Volcarona|Quiver Dance|p2b: Volcarona
|-boost|p2b: Volcarona|spa|1
|-boost|p2b: Volcarona|spd|1
|-boost|p2b: Volcarona|spe|1
|move|p1a: Maushold|Taunt|p2b: Volcarona
|-start|p2b: Volcarona|move: Taunt
|move|p1b: Annihilape|Rage Fist|p2a: Rillaboom
|-damage|p2a: Rillaboom|70/100
|
|-heal|p2a: Rillaboom|77/100|[from] Grassy Terrain
|upkeep
|turn|3
|inactive|toxicwofl has 30 seconds left.
|inactive|toxicwofl has 20 seconds left.
|inactive|toxicwofl has 15 seconds left.
|inactive|toxicwofl has 10 seconds left.
|
|t:|1756369657
|switch|p2a: Electabuzz|Electabuzz, L50, F, tera:Ghost|100/100
|move|p1a: Maushold|Follow Me|p1a: Maushold
|-singleturn|p1a: Maushold|move: Follow Me
|move|p2b: Volcarona|Heat Wave|p1a: Maushold|[spread] p1a,p1b
|-damage|p1a: Maushold|10/100
|-damage|p1b: Annihilape|47/100
|move|p1b: Annihilape|Drain Punch|p2b: Volcarona
|-resisted|p2b: Volcarona
|-damage|p2b: Volcarona|75/100
|-heal|p1b: Annihilape|59/100|[from] drain|[of] p2b: Volcarona
|
|-heal|p2b: Volcarona|81/100|[from] Grassy Terrain
|-heal|p2b: Volcarona|87/100|[from] item: Leftovers
|-heal|p1a: Maushold|17/100|[from] Grassy Terrain
|-heal|p1b: Annihilape|66/100|[from] Grassy Terrain
|upkeep
|turn|4
|
|t:|1756369680
|move|p2a: Electabuzz|Follow Me|p2a: Electabuzz
|-singleturn|p2a: Electabuzz|move: Follow Me
|move|p2b: Volcarona|Heat Wave|p1b: Annihilape|[spread] p1a
|-miss|p2b: Volcarona|p1b: Annihilape
|-damage|p1a: Maushold|0 fnt
|faint|p1a: Maushold
|move|p1b: Annihilape|Rage Fist|p2a: Electabuzz
|-supereffective|p2a: Electabuzz
|-damage|p2a: Electabuzz|0 fnt
|faint|p2a: Electabuzz
|
|-heal|p2b: Volcarona|94/100|[from] Grassy Terrain
|-heal|p2b: Volcarona|99/100|[from] item: Leftovers
|-heal|p1b: Annihilape|72/100|[from] Grassy Terrain
|upkeep
|
|t:|1756369698
|switch|p1a: Indeedee|Indeedee, L50, M|100/100
|switch|p2a: Sneasler|Sneasler, L50, M|100/100
|-fieldstart|move: Psychic Terrain|[from] ability: Psychic Surge|[of] p1a: Indeedee
|turn|5
|
|t:|1756369718
|move|p2b: Volcarona|Heat Wave|p1b: Annihilape|[spread] p1a,p1b
|-damage|p1a: Indeedee|10/100
|-damage|p1b: Annihilape|7/100
|move|p1a: Indeedee|Expanding Force|p2a: Sneasler|[spread] p2a,p2b
|-supereffective|p2a: Sneasler
|-enditem|p2a: Sneasler|Focus Sash
|-damage|p2a: Sneasler|1/100
|-damage|p2b: Volcarona|72/100
|move|p2a: Sneasler|Dire Claw|p1b: Annihilape
|-resisted|p1b: Annihilape
|-damage|p1b: Annihilape|0 fnt
|faint|p1b: Annihilape
|
|-heal|p2b: Volcarona|78/100|[from] item: Leftovers
|-end|p2b: Volcarona|move: Taunt
|upkeep
|
|t:|1756369732
|switch|p1b: Sneasler|Sneasler, L50, F|100/100
|-enditem|p1b: Sneasler|Psychic Seed
|-boost|p1b: Sneasler|spd|1|[from] item: Psychic Seed
|turn|6
|
|t:|1756369739
|switch|p2a: Rillaboom|Rillaboom, L50, F|77/100
|-fieldstart|move: Grassy Terrain|[from] ability: Grassy Surge|[of] p2a: Rillaboom
|move|p2b: Volcarona|Protect|p2b: Volcarona
|-singleturn|p2b: Volcarona|Protect
|move|p1b: Sneasler|Dire Claw|p2b: Volcarona
|-activate|p2b: Volcarona|move: Protect
|move|p1a: Indeedee|Expanding Force|p2b: Volcarona
|-activate|p2b: Volcarona|move: Protect
|
|-heal|p2b: Volcarona|84/100|[from] Grassy Terrain
|-heal|p2b: Volcarona|91/100|[from] item: Leftovers
|-heal|p1a: Indeedee|16/100|[from] Grassy Terrain
|-heal|p2a: Rillaboom|83/100|[from] Grassy Terrain
|upkeep
|turn|7
|
|t:|1756369759
|move|p2a: Rillaboom|Grassy Glide|p1a: Indeedee
|-damage|p1a: Indeedee|0 fnt
|faint|p1a: Indeedee
|move|p1b: Sneasler|Dire Claw|p2a: Rillaboom
|-supereffective|p2a: Rillaboom
|-damage|p2a: Rillaboom|0 fnt
|faint|p2a: Rillaboom
|move|p2b: Volcarona|Heat Wave|p1b: Sneasler|[miss]
|-miss|p2b: Volcarona|p1b: Sneasler
|
|-heal|p2b: Volcarona|97/100|[from] Grassy Terrain
|-heal|p2b: Volcarona|100/100|[from] item: Leftovers
|upkeep
|
|t:|1756369766
|switch|p2a: Sneasler|Sneasler, L50, M|1/100
|turn|8
|
|t:|1756369774
|move|p1b: Sneasler|Protect|p1b: Sneasler
|-singleturn|p1b: Sneasler|Protect
|move|p2a: Sneasler|Fake Out|p1b: Sneasler
|-activate|p1b: Sneasler|move: Protect
|move|p2b: Volcarona|Quiver Dance|p2b: Volcarona
|-boost|p2b: Volcarona|spa|1
|-boost|p2b: Volcarona|spd|1
|-boost|p2b: Volcarona|spe|1
|
|-heal|p2a: Sneasler|7/100|[from] Grassy Terrain
|upkeep
|turn|9
|
|t:|1756369786
|move|p2b: Volcarona|Heat Wave|p1b: Sneasler
|-damage|p1b: Sneasler|0 fnt
|faint|p1b: Sneasler
|
|win|Brutalandathebozz
|raw|toxicwofl's rating: 1171 → 1156(-15 for losing)
|raw|Brutalandathebozz's rating: 1322 → 1334(+12 for winning)
|l|☆toxicwofl
|player|p1|
