|j|☆furretusedpunch
|j|☆PTP_VGC
|html|furretusedpunchPTP_VGC    
|uhtml|bestof|Game 2 of a best-of-3
|t:|1756184640
|gametype|doubles
|player|p1|furretusedpunch|lacey|1172
|player|p2|PTP_VGC|birdkeeper|1262
|gen|9
|tier|[Gen 9] VGC 2025 Reg H (Bo3)
|rated|
|rule|Species Clause: Limit one of each Pokémon
|rule|Item Clause: Limit 1 of each item
|clearpoke
|poke|p1|Gholdengo, L50|
|poke|p1|Sneasler, L50, M|
|poke|p1|Rillaboom, L50, M|
|poke|p1|Dragonite, L50, F|
|poke|p1|Ninetales-Alola, L50, M|
|poke|p1|Arcanine-Hisui, L50, F|
|poke|p2|Arcanine-Hisui, L50, M|
|poke|p2|Weezing, L50, F|
|poke|p2|Porygon2, L50|
|poke|p2|Weavile, L50, M|
|poke|p2|Pawmot, L50, M|
|poke|p2|Toedscruel, L50, F|
|teampreview|4
|showteam|p1|Gholdengo||GrassySeed|GoodasGold|NastyPlot,MakeItRain,ShadowBall,Protect||||||50|,,,,,Water]Sneasler||WhiteHerb|Unburden|CloseCombat,DireClaw,Coaching,Protect|||M|||50|,,,,,Ghost]Rillaboom||AssaultVest|GrassySurge|FakeOut,GrassyGlide,DrumBeating,HighHorsepower|||M|||50|,,,,,Fire]Dragonite||LoadedDice|Multiscale|ScaleShot,StompingTantrum,Tailwind,Protect|||F|||50|,,,,,Ground]Ninetales-Alola||FocusSash|SnowWarning|Blizzard,IcyWind,Encore,AuroraVeil|||M|||50|,,,,,Ghost]Arcanine-Hisui||SafetyGoggles|Intimidate|RockSlide,FlareBlitz,ExtremeSpeed,Protect|||F|||50|,,,,,Water
|showteam|p2|Arcanine-Hisui||AbilityShield|Intimidate|FlareBlitz,RockSlide,ExtremeSpeed,Protect|||M|||50|,,,,,Ghost]Weezing||SitrusBerry|NeutralizingGas|SludgeBomb,WillOWisp,Taunt,Protect|||F|||50|,,,,,Grass]Porygon2||Eviolite|Download|TeraBlast,IceBeam,Recover,TrickRoom||||||50|,,,,,Water]Weavile||WideLens|Pressure|KnockOff,TripleAxel,FakeOut,Protect|||M|||50|,,,,,Stellar]Pawmot||FocusSash|NaturalCure|DoubleShock,CloseCombat,RevivalBlessing,Protect|||M|||50|,,,,,Stellar]Toedscruel||LifeOrb|MyceliumMight|EarthPower,EnergyBall,Spore,RagePowder|||F|||50|,,,,,Water
|inactive|Battle timer is ON: inactive players will automatically lose when time's up. (requested by PTP_VGC)
|inactive|furretusedpunch has 60 seconds left.
|inactive|furretusedpunch has 30 seconds left.
|inactive|furretusedpunch has 20 seconds left.
|
|t:|1756184716
|teamsize|p1|4
|teamsize|p2|4
|start
|switch|p1a: Ninetales|Ninetales-Alola, L50, M|100/100
|switch|p1b: Gholdengo|Gholdengo, L50|100/100
|switch|p2a: Funky Duck|Porygon2, L50|100/100
|switch|p2b: Adr. & Adr.|Weezing, L50, F|100/100
|-ability|p2b: Adr. & Adr.|Neutralizing Gas
|turn|1
|
|t:|1756184736
|switch|p1a: Rillaboom|Rillaboom, L50, M|100/100
|move|p1b: Gholdengo|Nasty Plot|p1b: Gholdengo
|-boost|p1b: Gholdengo|spa|2
|move|p2b: Adr. & Adr.|Sludge Bomb|p1a: Rillaboom
|-supereffective|p1a: Rillaboom
|-damage|p1a: Rillaboom|53/100
|move|p2a: Funky Duck|Trick Room|p2a: Funky Duck
|-fieldstart|move: Trick Room|[of] p2a: Funky Duck
|
|upkeep
|turn|2
|inactive|PTP_VGC has 30 seconds left.
|inactive|PTP_VGC has 20 seconds left.
|inactive|PTP_VGC has 15 seconds left.
|
|t:|1756184777
|move|p1a: Rillaboom|Fake Out|p2b: Adr. & Adr.
|-damage|p2b: Adr. & Adr.|89/100
|move|p2a: Funky Duck|Ice Beam|p1a: Rillaboom
|-supereffective|p1a: Rillaboom
|-damage|p1a: Rillaboom|7/100
|cant|p2b: Adr. & Adr.|flinch
|move|p1b: Gholdengo|Nasty Plot|p1b: Gholdengo
|-boost|p1b: Gholdengo|spa|2
|
|upkeep
|turn|3
|inactive|furretusedpunch has 30 seconds left.
|
|t:|1756184805
|switch|p1a: Ninetales|Ninetales-Alola, L50, M|100/100
|-terastallize|p2a: Funky Duck|Water
|move|p2a: Funky Duck|Tera Blast|p1b: Gholdengo|[anim] Tera Blast Water
|-damage|p1b: Gholdengo|67/100
|move|p2b: Adr. & Adr.|Sludge Bomb|p1a: Ninetales
|-supereffective|p1a: Ninetales
|-damage|p1a: Ninetales|35/100
|move|p1b: Gholdengo|Shadow Ball|p2b: Adr. & Adr.
|-damage|p2b: Adr. & Adr.|0 fnt
|faint|p2b: Adr. & Adr.
|-end|p2b: Adr. & Adr.|ability: Neutralizing Gas
|-ability|p2a: Funky Duck|Download|boost
|-boost|p2a: Funky Duck|atk|1
|-weather|Snowscape|[from] ability: Snow Warning|[of] p1a: Ninetales
|
|-weather|Snowscape|[upkeep]
|upkeep
|
|t:|1756184827
|switch|p2b: Back Pocket|Pawmot, L50, M|100/100
|turn|4
|
|t:|1756184848
|move|p1b: Gholdengo|Protect|p1b: Gholdengo
|-singleturn|p1b: Gholdengo|Protect
|move|p2a: Funky Duck|Tera Blast|p1a: Ninetales|[anim] Tera Blast Water
|-damage|p1a: Ninetales|0 fnt
|faint|p1a: Ninetales
|move|p2b: Back Pocket|Double Shock|p1b: Gholdengo
|-activate|p1b: Gholdengo|move: Protect
|
|-weather|Snowscape|[upkeep]
|upkeep
|
|t:|1756184853
|switch|p1a: Rillaboom|Rillaboom, L50, M|7/100
|-fieldstart|move: Grassy Terrain|[from] ability: Grassy Surge|[of] p1a: Rillaboom
|-enditem|p1b: Gholdengo|Grassy Seed
|-boost|p1b: Gholdengo|def|1|[from] item: Grassy Seed
|turn|5
|inactive|PTP_VGC has 30 seconds left.
|inactive|PTP_VGC has 20 seconds left.
|
|t:|1756184889
|move|p2b: Back Pocket|Protect|p2b: Back Pocket
|-singleturn|p2b: Back Pocket|Protect
|move|p1a: Rillaboom|Fake Out|p2b: Back Pocket
|-activate|p2b: Back Pocket|move: Protect
|move|p2a: Funky Duck|Ice Beam|p1a: Rillaboom
|-supereffective|p1a: Rillaboom
|-damage|p1a: Rillaboom|0 fnt
|faint|p1a: Rillaboom
|move|p1b: Gholdengo|Shadow Ball|p2a: Funky Duck
|-crit|p2a: Funky Duck
|-damage|p2a: Funky Duck|0 fnt
|faint|p2a: Funky Duck
|
|-weather|Snowscape|[upkeep]
|-heal|p1b: Gholdengo|73/100|[from] Grassy Terrain
|-fieldend|move: Trick Room
|upkeep
|
|t:|1756184895
|switch|p1a: Dragonite|Dragonite, L50, F|100/100
|switch|p2a: Vulfmon|Arcanine-Hisui, L50, M|100/100
|-ability|p2a: Vulfmon|Intimidate|boost
|-unboost|p1a: Dragonite|atk|1
|-unboost|p1b: Gholdengo|atk|1
|turn|6
|inactive|PTP_VGC has 30 seconds left.
|
|t:|1756184921
|-terastallize|p1a: Dragonite|Ground
|move|p2a: Vulfmon|Protect|p2a: Vulfmon
|-singleturn|p2a: Vulfmon|Protect
|move|p1b: Gholdengo|Protect|p1b: Gholdengo
|-singleturn|p1b: Gholdengo|Protect
|move|p2b: Back Pocket|Revival Blessing|p2b: Back Pocket
|
|t:|1756184926
|-heal|p2: Funky Duck|50/100|[from] move: Revival Blessing
|move|p1a: Dragonite|Tailwind|p1a: Dragonite
|-sidestart|p1: furretusedpunch|move: Tailwind
|
|-weather|Snowscape|[upkeep]
|-heal|p1b: Gholdengo|78/100|[from] Grassy Terrain
|upkeep
|turn|7
|
|t:|1756184940
|move|p2b: Back Pocket|Protect|p2b: Back Pocket
|-singleturn|p2b: Back Pocket|Protect
|move|p1b: Gholdengo|Make It Rain|p2b: Back Pocket|[spread] p2a
|-activate|p2b: Back Pocket|move: Protect
|-damage|p2a: Vulfmon|0 fnt
|-unboost|p1b: Gholdengo|spa|1
|faint|p2a: Vulfmon
|move|p1a: Dragonite|Stomping Tantrum|p2b: Back Pocket
|-activate|p2b: Back Pocket|move: Protect
|
|-weather|none
|-heal|p1b: Gholdengo|84/100|[from] Grassy Terrain
|upkeep
|-message|PTP_VGC forfeited.
|
|win|furretusedpunch
|raw|furretusedpunch's rating: 1172 → 1203(+31 for winning)
|raw|PTP_VGC's rating: 1262 → 1231(-31 for losing)
