|j|☆TeyVgc
|j|☆BoloinaBox
|html|TeyVgcBoloinaBox    
|uhtml|bestof|Game 3 of a best-of-3
|t:|1757110260
|gametype|doubles
|player|p1|TeyVgc|101|1274
|player|p2|BoloinaBox|170|1202
|gen|9
|tier|[Gen 9] VGC 2025 Reg H (Bo3)
|rated|
|rule|Species Clause: Limit one of each Pokémon
|rule|Item Clause: Limit 1 of each item
|clearpoke
|poke|p1|Gholdengo, L50|
|poke|p1|Dragonite, L50, M|
|poke|p1|Sneasler, L50, M|
|poke|p1|Incineroar, L50, F|
|poke|p1|Indeedee, L50, M|
|poke|p1|Gastrodon, L50, M|
|poke|p2|Annihilape, L50, F|
|poke|p2|Sinistcha, L50|
|poke|p2|Maushold-Four, L50|
|poke|p2|Klefki, L50, F|
|poke|p2|Ursaluna-Bloodmoon, L50, M|
|poke|p2|Ninetales-Alola, L50, F|
|teampreview|4
|showteam|p1|Gholdengo||LifeOrb|GoodasGold|Protect,MakeItRain,ShadowBall,NastyPlot||||||50|,,,,,Water]Dragonite||LoadedDice|Multiscale|ScaleShot,Tailwind,Haze,Protect|||M|||50|,,,,,Fairy]Sneasler||PsychicSeed|Unburden|Protect,DireClaw,CloseCombat,ThroatChop|||M|||50|,,,,,Dark]Incineroar||SafetyGoggles|Intimidate|KnockOff,PartingShot,FlareBlitz,FakeOut|||F|||50|,,,,,Ghost]Indeedee||FocusSash|PsychicSurge|ExpandingForce,TrickRoom,Imprison,TeraBlast|||M|||50|,,,,,Fighting]Gastrodon||Leftovers|StormDrain|EarthPower,Yawn,Recover,IceBeam|||M|||50|,,,,,Poison
|showteam|p2|Annihilape||Leftovers|Defiant|Protect,BulkUp,DrainPunch,RageFist|||F|||50|,,,,,Fire]Sinistcha||SitrusBerry|Hospitality|MatchaGotcha,TrickRoom,LifeDew,RagePowder||||||50|,,,,,Water]Maushold-Four||SafetyGoggles|FriendGuard|FollowMe,Taunt,BeatUp,Protect||||||50|,,,,,Ghost]Klefki||LightClay|Prankster|Reflect,LightScreen,MistyTerrain,DazzlingGleam|||F|||50|,,,,,Ghost]Ursaluna-Bloodmoon||AssaultVest|MindsEye|BloodMoon,HyperVoice,EarthPower,VacuumWave|||M|||50|,,,,,Water]Ninetales-Alola||FocusSash|SnowWarning|Protect,Encore,FreezeDry,Blizzard|||F|||50|,,,,,Ghost
|inactive|Battle timer is ON: inactive players will automatically lose when time's up. (requested by BoloinaBox)
|inactive|TeyVgc has 60 seconds left.
|inactive|BoloinaBox has 60 seconds left.
|
|t:|1757110304
|teamsize|p1|4
|teamsize|p2|4
|start
|switch|p1a: Sneasler|Sneasler, L50, M|100/100
|switch|p1b: Indeedee|Indeedee, L50, M|100/100
|switch|p2a: Annihilape|Annihilape, L50, F, shiny|100/100
|switch|p2b: Klefki|Klefki, L50, F|100/100
|-fieldstart|move: Psychic Terrain|[from] ability: Psychic Surge|[of] p1b: Indeedee
|-enditem|p1a: Sneasler|Psychic Seed
|-boost|p1a: Sneasler|spd|1|[from] item: Psychic Seed
|turn|1
|inactive|TeyVgc has 30 seconds left.
|inactive|BoloinaBox has 30 seconds left.
|inactive|BoloinaBox has 20 seconds left.
|inactive|BoloinaBox has 15 seconds left.
|
|t:|1757110345
|-terastallize|p2a: Annihilape|Fire
|move|p2b: Klefki|Misty Terrain|p2b: Klefki
|-fieldstart|move: Misty Terrain
|move|p1a: Sneasler|Close Combat|p2a: Annihilape
|-damage|p2a: Annihilape|33/100
|-unboost|p1a: Sneasler|def|1
|-unboost|p1a: Sneasler|spd|1
|move|p1b: Indeedee|Expanding Force|p2a: Annihilape
|-damage|p2a: Annihilape|0 fnt
|faint|p2a: Annihilape
|
|upkeep
|
|t:|1757110357
|switch|p2a: Ursaluna|Ursaluna-Bloodmoon, L50, M|100/100
|turn|2
|inactive|BoloinaBox has 30 seconds left.
|
|t:|1757110390
|switch|p2a: Maushold|Maushold-Four, L50|100/100
|-terastallize|p1b: Indeedee|Fighting
|move|p2b: Klefki|Reflect|p2b: Klefki
|-sidestart|p2: BoloinaBox|Reflect
|move|p1a: Sneasler|Close Combat|p2a: Maushold
|-supereffective|p2a: Maushold
|-damage|p2a: Maushold|5/100
|-unboost|p1a: Sneasler|def|1
|-unboost|p1a: Sneasler|spd|1
|move|p1b: Indeedee|Tera Blast|p2a: Maushold|[anim] Tera Blast Fighting
|-supereffective|p2a: Maushold
|-damage|p2a: Maushold|0 fnt
|faint|p2a: Maushold
|
|upkeep
|
|t:|1757110400
|switch|p2a: Ursaluna|Ursaluna-Bloodmoon, L50, M|100/100
|turn|3
|
|t:|1757110414
|switch|p1b: Dragonite|Dragonite, L50, M|100/100
|move|p1a: Sneasler|Protect|p1a: Sneasler
|-singleturn|p1a: Sneasler|Protect
|move|p2b: Klefki|Light Screen|p2b: Klefki
|-sidestart|p2: BoloinaBox|move: Light Screen
|move|p2a: Ursaluna|Hyper Voice|p1a: Sneasler|[spread] p1b
|-activate|p1a: Sneasler|move: Protect
|-damage|p1b: Dragonite|81/100
|
|upkeep
|turn|4
|inactive|TeyVgc has 30 seconds left.
|inactive|BoloinaBox has 30 seconds left.
|
|t:|1757110454
|switch|p1a: Indeedee|Indeedee, L50, M, tera:Fighting|100/100
|-fieldstart|move: Psychic Terrain|[from] ability: Psychic Surge|[of] p1a: Indeedee
|move|p2b: Klefki|Misty Terrain|p2b: Klefki
|-fieldstart|move: Misty Terrain
|move|p1b: Dragonite|Scale Shot|p2a: Ursaluna
|-damage|p2a: Ursaluna|97/100
|-damage|p2a: Ursaluna|93/100
|-damage|p2a: Ursaluna|90/100
|-damage|p2a: Ursaluna|86/100
|-damage|p2a: Ursaluna|82/100
|-hitcount|p2a: Ursaluna|5
|-unboost|p1b: Dragonite|def|1
|-boost|p1b: Dragonite|spe|1
|move|p2a: Ursaluna|Hyper Voice|p1a: Indeedee|[spread] p1a,p1b
|-damage|p1a: Indeedee|53/100
|-damage|p1b: Dragonite|39/100
|
|upkeep
|turn|5
|inactive|TeyVgc has 30 seconds left.
|inactive|BoloinaBox has 30 seconds left.
|inactive|BoloinaBox has 20 seconds left.
|
|t:|1757110493
|move|p1b: Dragonite|Scale Shot|p2a: Ursaluna|[miss]
|-miss|p1b: Dragonite|p2a: Ursaluna
|move|p1a: Indeedee|Tera Blast|p2a: Ursaluna|[anim] Tera Blast Fighting
|-supereffective|p2a: Ursaluna
|-damage|p2a: Ursaluna|51/100
|move|p2b: Klefki|Dazzling Gleam|p1a: Indeedee|[spread] p1a,p1b
|-supereffective|p1a: Indeedee
|-supereffective|p1b: Dragonite
|-damage|p1a: Indeedee|0 fnt
|-damage|p1b: Dragonite|0 fnt
|faint|p1a: Indeedee
|faint|p1b: Dragonite
|move|p2a: Ursaluna|Hyper Voice|p1: Indeedee|[notarget]
|-fail|p2a: Ursaluna
|
|upkeep
|
|t:|1757110501
|switch|p1a: Sneasler|Sneasler, L50, M|100/100
|switch|p1b: Gholdengo|Gholdengo, L50|100/100
|turn|6
|
|t:|1757110522
|move|p2a: Ursaluna|Vacuum Wave|p1b: Gholdengo
|-supereffective|p1b: Gholdengo
|-damage|p1b: Gholdengo|71/100
|move|p1a: Sneasler|Close Combat|p2a: Ursaluna
|-supereffective|p2a: Ursaluna
|-damage|p2a: Ursaluna|0 fnt
|-unboost|p1a: Sneasler|def|1
|-unboost|p1a: Sneasler|spd|1
|faint|p2a: Ursaluna
|move|p1b: Gholdengo|Make It Rain|p2b: Klefki
|-damage|p2b: Klefki|51/100
|-unboost|p1b: Gholdengo|spa|1
|-damage|p1b: Gholdengo|62/100|[from] item: Life Orb
|move|p2b: Klefki|Dazzling Gleam|p1b: Gholdengo|[spread] p1a,p1b
|-resisted|p1b: Gholdengo
|-crit|p1b: Gholdengo
|-damage|p1a: Sneasler|66/100
|-damage|p1b: Gholdengo|47/100
|
|upkeep
|turn|7
|
|t:|1757110546
|move|p1a: Sneasler|Protect|p1a: Sneasler
|-singleturn|p1a: Sneasler|Protect
|move|p1b: Gholdengo|Nasty Plot|p1b: Gholdengo
|-boost|p1b: Gholdengo|spa|2
|move|p2b: Klefki|Dazzling Gleam|p1b: Gholdengo|[spread] p1b
|-activate|p1a: Sneasler|move: Protect
|-resisted|p1b: Gholdengo
|-damage|p1b: Gholdengo|38/100
|
|upkeep
|turn|8
|
|t:|1757110566
|move|p1a: Sneasler|Close Combat|p2b: Klefki
|-damage|p2b: Klefki|10/100
|-unboost|p1a: Sneasler|def|1
|-unboost|p1a: Sneasler|spd|1
|move|p1b: Gholdengo|Shadow Ball|p2b: Klefki
|-damage|p2b: Klefki|0 fnt
|faint|p2b: Klefki
|-damage|p1b: Gholdengo|28/100|[from] item: Life Orb
|
|win|TeyVgc
|raw|TeyVgc's rating: 1274 → 1294(+20 for winning)
|raw|BoloinaBox's rating: 1202 → 1182(-20 for losing)
