|j|☆caterleigh
|j|☆fidelillo
|html|caterleighfidelillo    
|uhtml|bestof|Game 2 of a best-of-3
|t:|1756479368
|gametype|doubles
|player|p1|caterleigh|waiter-gen4|1220
|player|p2|fidelillo|silver|1098
|gen|9
|tier|[Gen 9] VGC 2025 Reg H (Bo3)
|rated|
|rule|Species Clause: Limit one of each Pokémon
|rule|Item Clause: Limit 1 of each item
|clearpoke
|poke|p1|Gholdengo, L50|
|poke|p1|Dragonite, L50, F|
|poke|p1|Rillaboom, L50, F|
|poke|p1|Ninetales-Alola, L50, F|
|poke|p1|Sneasler, L50, F|
|poke|p1|Maushold-Four, L50|
|poke|p2|Torkoal, L50, F|
|poke|p2|Indeedee-F, L50, F|
|poke|p2|Hatterene, L50, F|
|poke|p2|Gallade, L50, M|
|poke|p2|Annihilape, L50, M|
|poke|p2|Lilligant-Hisui, L50, F|
|teampreview|4
|showteam|p1|Gholdengo||MetalCoat|GoodasGold|MakeItRain,ShadowBall,NastyPlot,Protect||||||50|,,,,,Water]Dragonite||LoadedDice|Multiscale|ScaleShot,Tailwind,ExtremeSpeed,Protect|||F|||50|,,,,,Fairy]Rillaboom||AssaultVest|GrassySurge|FakeOut,DrumBeating,GrassyGlide,HighHorsepower|||F|||50|,,,,,Fire]Ninetales-Alola||NeverMeltIce|SnowWarning|Blizzard,FreezeDry,Encore,Protect|||F|||50|,,,,,Ghost]Sneasler||FocusSash|PoisonTouch|CloseCombat,DireClaw,FakeOut,Protect|||F|||50|,,,,,Stellar]Maushold-Four||SafetyGoggles|FriendGuard|SuperFang,Taunt,FollowMe,Protect||||||50|,,,,,Fairy
|showteam|p2|Torkoal||ChoiceSpecs|Drought|Eruption,WeatherBall,EarthPower,HeatWave|||F|||50|,,,,,Fire]Indeedee-F||PsychicSeed|PsychicSurge|TrickRoom,HelpingHand,FollowMe,Psychic|||F|||50|,,,,,Grass]Hatterene||LifeOrb|MagicBounce|DazzlingGleam,ExpandingForce,Psyshock,TrickRoom|||F|||50|,,,,,Water]Gallade||ClearAmulet|Sharpness|TrickRoom,SacredSword,PsychoCut,WideGuard|||M|||50|,,,,,Fire]Annihilape||ChoiceScarf|Defiant|FinalGambit,CloseCombat,ShadowClaw,Uturn|||M|||50|,,,,,Stellar]Lilligant-Hisui||FocusSash|Chlorophyll|AfterYou,Encore,CloseCombat,Protect|||F|||50|,,,,,Ghost
|inactive|Battle timer is ON: inactive players will automatically lose when time's up. (requested by fidelillo)
|l|☆fidelillo
|inactive|fidelillo disconnected and has a minute to reconnect!
|player|p2|
|j|☆fidelillo
|inactive|fidelillo reconnected and has 70 seconds left.
|player|p2|fidelillo|silver|
|inactive|fidelillo has 60 seconds left.
|
|t:|1756479402
|teamsize|p1|4
|teamsize|p2|4
|start
|switch|p1a: Gholdengo|Gholdengo, L50|100/100
|switch|p1b: Sneasler|Sneasler, L50, F|100/100
|switch|p2a: Annihilape|Annihilape, L50, M|100/100
|switch|p2b: Hatterene|Hatterene, L50, F|100/100
|turn|1
|inactive|caterleigh has 30 seconds left.
|
|t:|1756479430
|-terastallize|p2b: Hatterene|Water
|move|p2a: Annihilape|Shadow Claw|p1a: Gholdengo
|-supereffective|p1a: Gholdengo
|-damage|p1a: Gholdengo|38/100
|move|p1b: Sneasler|Close Combat|p2b: Hatterene
|-damage|p2b: Hatterene|24/100
|-unboost|p1b: Sneasler|def|1
|-unboost|p1b: Sneasler|spd|1
|-status|p2b: Hatterene|psn|[from] ability: Poison Touch|[of] p1b: Sneasler
|move|p1a: Gholdengo|Make It Rain|p2a: Annihilape|[spread] p2a,p2b
|-resisted|p2b: Hatterene
|-damage|p2a: Annihilape|40/100
|-damage|p2b: Hatterene|0 fnt
|-unboost|p1a: Gholdengo|spa|1
|faint|p2b: Hatterene
|
|upkeep
|
|t:|1756479447
|switch|p2b: Indeedee|Indeedee-F, L50, F|100/100
|-fieldstart|move: Psychic Terrain|[from] ability: Psychic Surge|[of] p2b: Indeedee
|-enditem|p2b: Indeedee|Psychic Seed
|-boost|p2b: Indeedee|spd|1|[from] item: Psychic Seed
|turn|2
|inactive|caterleigh has 30 seconds left.
|
|t:|1756479475
|switch|p1a: Rillaboom|Rillaboom, L50, F|100/100
|-fieldstart|move: Grassy Terrain|[from] ability: Grassy Surge|[of] p1a: Rillaboom
|move|p2a: Annihilape|Shadow Claw|p1b: Sneasler
|-damage|p1b: Sneasler|23/100
|move|p1b: Sneasler|Dire Claw|p2b: Indeedee
|-damage|p2b: Indeedee|62/100
|-status|p2b: Indeedee|psn
|move|p2b: Indeedee|Trick Room|p2b: Indeedee
|-fieldstart|move: Trick Room|[of] p2b: Indeedee
|
|-heal|p2b: Indeedee|68/100 psn|[from] Grassy Terrain
|-heal|p1b: Sneasler|29/100|[from] Grassy Terrain
|-heal|p2a: Annihilape|46/100|[from] Grassy Terrain
|-damage|p2b: Indeedee|55/100 psn|[from] psn
|upkeep
|turn|3
|inactive|caterleigh has 30 seconds left.
|inactive|caterleigh has 20 seconds left.
|
|t:|1756479512
|move|p1a: Rillaboom|Fake Out|p2b: Indeedee
|-damage|p2b: Indeedee|41/100 psn
|cant|p2b: Indeedee|flinch
|move|p1b: Sneasler|Dire Claw|p2b: Indeedee
|-damage|p2b: Indeedee|1/100 psn
|move|p2a: Annihilape|Shadow Claw|p1b: Sneasler
|-damage|p1b: Sneasler|0 fnt
|faint|p1b: Sneasler
|
|-heal|p2b: Indeedee|7/100 psn|[from] Grassy Terrain
|-heal|p2a: Annihilape|52/100|[from] Grassy Terrain
|-damage|p2b: Indeedee|0 fnt|[from] psn
|faint|p2b: Indeedee
|upkeep
|
|t:|1756479528
|switch|p2b: Torkoal|Torkoal, L50, F|100/100
|switch|p1b: Dragonite|Dragonite, L50, F|100/100
|-weather|SunnyDay|[from] ability: Drought|[of] p2b: Torkoal
|turn|4
|inactive|caterleigh has 30 seconds left.
|inactive|caterleigh has 20 seconds left.
|inactive|caterleigh has 15 seconds left.
|inactive|caterleigh has 10 seconds left.
|
|t:|1756479576
|-terastallize|p1a: Rillaboom|Fire
|move|p2b: Torkoal|Eruption|p1b: Dragonite|[spread] p1a,p1b
|-resisted|p1a: Rillaboom
|-resisted|p1b: Dragonite
|-damage|p1a: Rillaboom|54/100
|-damage|p1b: Dragonite|71/100
|move|p1b: Dragonite|Scale Shot|p2b: Torkoal
|-damage|p2b: Torkoal|90/100
|-damage|p2b: Torkoal|78/100
|-damage|p2b: Torkoal|67/100
|-damage|p2b: Torkoal|54/100
|-hitcount|p2b: Torkoal|4
|-unboost|p1b: Dragonite|def|1
|-boost|p1b: Dragonite|spe|1
|move|p1a: Rillaboom|High Horsepower|p2b: Torkoal
|-supereffective|p2b: Torkoal
|-damage|p2b: Torkoal|8/100
|move|p2a: Annihilape|Shadow Claw|p1b: Dragonite
|-damage|p1b: Dragonite|23/100
|
|-weather|SunnyDay|[upkeep]
|-heal|p2b: Torkoal|15/100|[from] Grassy Terrain
|-heal|p1a: Rillaboom|61/100|[from] Grassy Terrain
|-heal|p2a: Annihilape|59/100|[from] Grassy Terrain
|upkeep
|turn|5
|inactive|caterleigh has 30 seconds left.
|
|t:|1756479602
|move|p1b: Dragonite|Extreme Speed|p2b: Torkoal
|-damage|p2b: Torkoal|0 fnt
|faint|p2b: Torkoal
|move|p1a: Rillaboom|Drum Beating|p2a: Annihilape
|-damage|p2a: Annihilape|0 fnt
|faint|p2a: Annihilape
|
|win|caterleigh
|raw|caterleigh's rating: 1220 → 1237(+17 for winning)
|raw|fidelillo's rating: 1098 → 1082(-16 for losing)
