|j|☆fudii
|j|☆Abelonche21
|html|fudiiAbelonche21    
|uhtml|bestof|Game 1 of a best-of-3
|t:|1757822593
|gametype|doubles
|player|p1|fudii|dahlia|1145
|player|p2|Abelonche21|101|1170
|gen|9
|tier|[Gen 9] VGC 2025 Reg H (Bo3)
|rated|
|rule|Species Clause: Limit one of each Pokémon
|rule|Item Clause: Limit 1 of each item
|clearpoke
|poke|p1|Annihilape, L50, F|
|poke|p1|Sinistcha, L50|
|poke|p1|Maushold-Four, L50|
|poke|p1|Klefki, L50, F|
|poke|p1|Ursaluna-Bloodmoon, L50, M|
|poke|p1|Ninetales-Alola, L50, F|
|poke|p2|Porygon2, L50|
|poke|p2|Ursaluna, L50, F|
|poke|p2|Incineroar, L50, F|
|poke|p2|Yanmega, L50, F|
|poke|p2|Sneasler, L50, F|
|poke|p2|Archaludon, L50, F|
|teampreview|4
|showteam|p1|Annihilape||Leftovers|Defiant|Protect,BulkUp,DrainPunch,RageFist|||F|||50|,,,,,Fire]Sinistcha||SitrusBerry|Hospitality|MatchaGotcha,TrickRoom,LifeDew,RagePowder||||||50|,,,,,Water]Maushold-Four||SafetyGoggles|FriendGuard|FollowMe,Taunt,BeatUp,Protect||||||50|,,,,,Ghost]Klefki||LightClay|Prankster|Reflect,LightScreen,MistyTerrain,DazzlingGleam|||F|||50|,,,,,Ghost]Ursaluna-Bloodmoon||AssaultVest|MindsEye|BloodMoon,HyperVoice,EarthPower,VacuumWave|||M|||50|,,,,,Water]Ninetales-Alola||FocusSash|SnowWarning|Protect,Encore,FreezeDry,Blizzard|||F|||50|,,,,,Ghost
|showteam|p2|Porygon2||Eviolite|Download|TrickRoom,IceBeam,Recover,TeraBlast||||||50|,,,,,Flying]Ursaluna||FlameOrb|Guts|Protect,Facade,HeadlongRush,Earthquake|||F|||50|,,,,,Ghost]Incineroar||SafetyGoggles|Intimidate|FakeOut,PartingShot,KnockOff,FlareBlitz|||F|||50|,,,,,Ghost]Yanmega||FocusSash|SpeedBoost|AirSlash,BugBuzz,Tailwind,Detect|||F|||50|,,,,,Ghost]Sneasler||WhiteHerb|Unburden|Protect,CloseCombat,DireClaw,ThroatChop|||F|||50|,,,,,Stellar]Archaludon||PowerHerb|Stalwart|DragonPulse,ElectroShot,Protect,Thunderbolt|||F|||50|,,,,,Electric
|inactive|Battle timer is ON: inactive players will automatically lose when time's up. (requested by Abelonche21)
|inactive|fudii has 60 seconds left.
|
|t:|1757822662
|teamsize|p1|4
|teamsize|p2|4
|start
|switch|p1a: Annihilape|Annihilape, L50, F, shiny|100/100
|switch|p1b: Klefki|Klefki, L50, F|100/100
|switch|p2a: Sneasler|Sneasler, L50, F|100/100
|switch|p2b: Yanmega|Yanmega, L50, F|100/100
|turn|1
|inactive|fudii has 30 seconds left.
|inactive|Abelonche21 has 30 seconds left.
|inactive|fudii has 20 seconds left.
|inactive|fudii has 15 seconds left.
|
|t:|1757822704
|-terastallize|p1a: Annihilape|Fire
|move|p1b: Klefki|Light Screen|p1b: Klefki
|-sidestart|p1: fudii|move: Light Screen
|move|p2a: Sneasler|Close Combat|p1b: Klefki
|-damage|p1b: Klefki|38/100
|-unboost|p2a: Sneasler|def|1
|-unboost|p2a: Sneasler|spd|1
|-enditem|p2a: Sneasler|White Herb
|-clearnegativeboost|p2a: Sneasler|[silent]
|move|p1a: Annihilape|Bulk Up|p1a: Annihilape
|-boost|p1a: Annihilape|atk|1
|-boost|p1a: Annihilape|def|1
|move|p2b: Yanmega|Tailwind|p2b: Yanmega
|-sidestart|p2: Abelonche21|move: Tailwind
|
|-ability|p2b: Yanmega|Speed Boost|boost
|-boost|p2b: Yanmega|spe|1
|upkeep
|turn|2
|
|t:|1757822725
|move|p1b: Klefki|Reflect|p1b: Klefki
|-sidestart|p1: fudii|Reflect
|move|p2a: Sneasler|Dire Claw|p1a: Annihilape
|-damage|p1a: Annihilape|83/100
|move|p2b: Yanmega|Air Slash|p1a: Annihilape
|-damage|p1a: Annihilape|59/100
|cant|p1a: Annihilape|flinch
|
|-heal|p1a: Annihilape|65/100|[from] item: Leftovers
|-ability|p2b: Yanmega|Speed Boost|boost
|-boost|p2b: Yanmega|spe|1
|upkeep
|turn|3
|
|t:|1757822743
|move|p2a: Sneasler|Dire Claw|p1a: Annihilape
|-damage|p1a: Annihilape|46/100
|-status|p1a: Annihilape|slp
|move|p2b: Yanmega|Air Slash|p1a: Annihilape
|-damage|p1a: Annihilape|21/100 slp
|cant|p1a: Annihilape|slp
|move|p1b: Klefki|Dazzling Gleam|p2b: Yanmega|[spread] p2a,p2b
|-damage|p2a: Sneasler|79/100
|-damage|p2b: Yanmega|71/100
|
|-heal|p1a: Annihilape|27/100 slp|[from] item: Leftovers
|-ability|p2b: Yanmega|Speed Boost|boost
|-boost|p2b: Yanmega|spe|1
|upkeep
|turn|4
|
|t:|1757822761
|switch|p1b: Sinistcha|Sinistcha, L50|100/100
|-heal|p1a: Annihilape|52/100 slp|[from] ability: Hospitality|[of] p1b: Sinistcha
|move|p2b: Yanmega|Bug Buzz|p1b: Sinistcha
|-damage|p1b: Sinistcha|67/100
|move|p2a: Sneasler|Close Combat|p1a: Annihilape
|-damage|p1a: Annihilape|26/100 slp
|-unboost|p2a: Sneasler|def|1
|-unboost|p2a: Sneasler|spd|1
|cant|p1a: Annihilape|slp
|
|-heal|p1a: Annihilape|32/100 slp|[from] item: Leftovers
|-sideend|p2: Abelonche21|move: Tailwind
|-ability|p2b: Yanmega|Speed Boost|boost
|-boost|p2b: Yanmega|spe|1
|upkeep
|turn|5
|inactive|fudii has 30 seconds left.
|
|t:|1757822796
|move|p1b: Sinistcha|Rage Powder|p1b: Sinistcha
|-singleturn|p1b: Sinistcha|move: Rage Powder
|move|p2b: Yanmega|Air Slash|p1b: Sinistcha
|-supereffective|p1b: Sinistcha
|-damage|p1b: Sinistcha|15/100
|-enditem|p1b: Sinistcha|Sitrus Berry|[eat]
|-heal|p1b: Sinistcha|40/100|[from] item: Sitrus Berry
|move|p2a: Sneasler|Close Combat|p1b: Sinistcha
|-immune|p1b: Sinistcha
|-curestatus|p1a: Annihilape|slp|[msg]
|move|p1a: Annihilape|Rage Fist|p2b: Yanmega
|-damage|p2b: Yanmega|0 fnt
|faint|p2b: Yanmega
|
|-heal|p1a: Annihilape|38/100|[from] item: Leftovers
|upkeep
|
|t:|1757822804
|switch|p2b: Ursaluna|Ursaluna, L50, F|100/100
|turn|6
|
|t:|1757822821
|switch|p1b: Klefki|Klefki, L50, F|38/100
|move|p1a: Annihilape|Protect|p1a: Annihilape
|-singleturn|p1a: Annihilape|Protect
|move|p2b: Ursaluna|Protect|p2b: Ursaluna
|-singleturn|p2b: Ursaluna|Protect
|move|p2a: Sneasler|Dire Claw|p1a: Annihilape
|-activate|p1a: Annihilape|move: Protect
|
|-heal|p1a: Annihilape|45/100|[from] item: Leftovers
|-status|p2b: Ursaluna|brn|[from] item: Flame Orb
|upkeep
|turn|7
|inactive|fudii has 30 seconds left.
|inactive|fudii has 20 seconds left.
|inactive|fudii has 15 seconds left.
|inactive|fudii has 10 seconds left.
|
|t:|1757822868
|switch|p1b: Sinistcha|Sinistcha, L50|40/100
|-heal|p1a: Annihilape|70/100|[from] ability: Hospitality|[of] p1b: Sinistcha
|-terastallize|p2b: Ursaluna|Ghost
|move|p2a: Sneasler|Close Combat|p1b: Sinistcha
|-immune|p1b: Sinistcha
|move|p1a: Annihilape|Drain Punch|p2a: Sneasler
|-resisted|p2a: Sneasler
|-damage|p2a: Sneasler|33/100
|-heal|p1a: Annihilape|88/100|[from] drain|[of] p2a: Sneasler
|move|p2b: Ursaluna|Headlong Rush|p1a: Annihilape
|-supereffective|p1a: Annihilape
|-damage|p1a: Annihilape|0 fnt
|-unboost|p2b: Ursaluna|def|1
|-unboost|p2b: Ursaluna|spd|1
|faint|p1a: Annihilape
|
|-damage|p2b: Ursaluna|95/100 brn|[from] brn
|upkeep
|
|t:|1757822888
|switch|p1a: Ursaluna|Ursaluna-Bloodmoon, L50, M|100/100
|turn|8
|
|t:|1757822910
|switch|p1b: Klefki|Klefki, L50, F|38/100
|move|p2a: Sneasler|Dire Claw|p1b: Klefki
|-immune|p1b: Klefki
|move|p2b: Ursaluna|Facade|p1a: Ursaluna
|-damage|p1a: Ursaluna|52/100
|move|p1a: Ursaluna|Blood Moon|p2b: Ursaluna
|-damage|p2b: Ursaluna|0 fnt
|faint|p2b: Ursaluna
|
|-sideend|p1: fudii|move: Light Screen
|upkeep
|
|t:|1757822912
|switch|p2b: Archaludon|Archaludon, L50, F|100/100
|turn|9
|inactive|fudii has 30 seconds left.
|
|t:|1757822944
|switch|p1a: Sinistcha|Sinistcha, L50|40/100
|-heal|p1b: Klefki|63/100|[from] ability: Hospitality|[of] p1a: Sinistcha
|move|p1b: Klefki|Light Screen|p1b: Klefki
|-sidestart|p1: fudii|move: Light Screen
|move|p2a: Sneasler|Close Combat|p1a: Sinistcha
|-immune|p1a: Sinistcha
|move|p2b: Archaludon|Dragon Pulse|p1a: Sinistcha
|-damage|p1a: Sinistcha|12/100
|
|-sideend|p1: fudii|Reflect
|upkeep
|turn|10
|inactive|fudii has 30 seconds left.
|
|t:|1757822974
|switch|p1a: Ursaluna|Ursaluna-Bloodmoon, L50, M|52/100
|move|p1b: Klefki|Reflect|p1b: Klefki
|-sidestart|p1: fudii|Reflect
|move|p2a: Sneasler|Dire Claw|p1a: Ursaluna
|-resisted|p1a: Ursaluna
|-damage|p1a: Ursaluna|43/100
|-status|p1a: Ursaluna|par
|move|p2b: Archaludon|Electro Shot||[still]
|-prepare|p2b: Archaludon|Electro Shot
|-boost|p2b: Archaludon|spa|1
|-enditem|p2b: Archaludon|Power Herb
|-anim|p2b: Archaludon|Electro Shot|p1b: Klefki
|-damage|p1b: Klefki|25/100
|
|upkeep
|turn|11
|inactive|fudii has 30 seconds left.
|
|t:|1757823008
|switch|p1b: Sinistcha|Sinistcha, L50|12/100
|-heal|p1a: Ursaluna|68/100 par|[from] ability: Hospitality|[of] p1b: Sinistcha
|move|p2a: Sneasler|Close Combat|p1a: Ursaluna
|-supereffective|p1a: Ursaluna
|-damage|p1a: Ursaluna|9/100 par
|-unboost|p2a: Sneasler|def|1
|-unboost|p2a: Sneasler|spd|1
|move|p2b: Archaludon|Dragon Pulse|p1a: Ursaluna
|-damage|p1a: Ursaluna|0 fnt
|faint|p1a: Ursaluna
|
|upkeep
|
|t:|1757823019
|switch|p1a: Klefki|Klefki, L50, F|25/100
|turn|12
|-message|fudii forfeited.
|
|win|Abelonche21
||fudii is ready for game 2.
||Abelonche21 is ready for game 2.
|uhtml|next|Next: Game 2 of 3
|l|☆fudii
|player|p1|
