|j|☆thebrickwall285
|j|☆afdsd33
|html|thebrickwall285afdsd33    
|uhtml|bestof|Game 3 of a best-of-3
|t:|1786021125
|gametype|doubles
|player|p1|thebrickwall285|266|1103
|player|p2|afdsd33|101|1000
|gen|9
|tier|[Gen 9 Champions] VGC 2026 Reg M-B (Bo3)
|rated|
|rule|Species Clause: Limit one of each Pokémon
|rule|Item Clause: Limit 1 of each item
|clearpoke
|poke|p1|Scovillain, L50, M|
|poke|p1|Aerodactyl, L50, M|
|poke|p1|Sylveon, L50, F|
|poke|p1|Salazzle, L50, F|
|poke|p1|Meowstic, L50, M|
|poke|p1|Kingambit, L50, F|
|poke|p2|Tyranitar, L50, M|
|poke|p2|Excadrill, L50, F|
|poke|p2|Milotic, L50, F|
|poke|p2|Sinistcha, L50|
|poke|p2|Staraptor, L50, F|
|poke|p2|Gholdengo, L50|
|teampreview|4
|showteam|p1|Scovillain||Scovillainite|Chlorophyll|Flamethrower,GigaDrain,RagePowder,LeechSeed|Modest||M|||50|]Aerodactyl||Aerodactylite|RockHead|DragonClaw,Tailwind,DualWingbeat,RockSlide|Jolly||M|||50|]Sylveon||SitrusBerry|Pixilate|CalmMind,Protect,HyperVoice,ShadowBall|Modest||F|||50|]Salazzle||ShellBell|Corrosion|FakeOut,Flamethrower,SludgeBomb,Toxic|Hasty||F|||50|]Meowstic||FocusSash|Prankster|FakeOut,TrickRoom,Psychic,SunnyDay|Sassy||M|||50|]Kingambit||Leftovers|Defiant|IronHead,LowKick,SuckerPunch,KowtowCleave|Adamant||F|||50|
|showteam|p2|Tyranitar||Tyranitarite|SandStream|KnockOff,RockSlide,LowKick,Protect|Jolly||M|||50|]Excadrill||FocusSash|SandRush|HighHorsepower,IronHead,RockSlide,Protect|Jolly||F|||50|]Milotic||SitrusBerry|Competitive|Scald,IceBeam,IcyWind,Protect|Calm||F|||50|]Sinistcha||ColburBerry|Hospitality|MatchaGotcha,ShadowBall,Protect,RagePowder|Bold|||||50|]Staraptor||Staraptite|Intimidate|CloseCombat,BraveBird,Tailwind,Protect|Jolly||F|||50|]Gholdengo||LifeOrb|GoodasGold|MakeItRain,ShadowBall,NastyPlot,Protect|Modest|||||50|
|inactive|Battle timer is ON: inactive players will automatically lose when time's up. (requested by afdsd33)
|
|t:|1786021144
|teamsize|p1|4
|teamsize|p2|4
|start
|switch|p1a: Sylveon|Sylveon, L50, F|100/100
|switch|p1b: Aerodactyl|Aerodactyl, L50, M|100/100
|switch|p2a: Staraptor|Staraptor, L50, F|100/100
|switch|p2b: Tyranitar|Tyranitar, L50, M|100/100
|-ability|p2a: Staraptor|Intimidate|boost
|-unboost|p1a: Sylveon|atk|1
|-unboost|p1b: Aerodactyl|atk|1
|-weather|Sandstorm|[from] ability: Sand Stream|[of] p2b: Tyranitar
|turn|1
|
|t:|1786021160
|detailschange|p1b: Aerodactyl|Aerodactyl-Mega, L50, M
|-mega|p1b: Aerodactyl|Aerodactyl|Aerodactylite
|detailschange|p2b: Tyranitar|Tyranitar-Mega, L50, M
|-mega|p2b: Tyranitar|Tyranitar|Tyranitarite
|move|p1b: Aerodactyl|Rock Slide|p2b: Tyranitar|[spread] p2a,p2b
|-supereffective|p2a: Staraptor|1
|-damage|p2a: Staraptor|52/100
|-damage|p2b: Tyranitar|87/100
|move|p2a: Staraptor|Tailwind|p2a: Staraptor
|-sidestart|p2: afdsd33|move: Tailwind
|move|p2b: Tyranitar|Rock Slide|p1a: Sylveon|[spread] p1a,p1b
|-supereffective|p1b: Aerodactyl|1
|-damage|p1a: Sylveon|59/100
|-damage|p1b: Aerodactyl|21/100
|move|p1a: Sylveon|Hyper Voice|p2a: Staraptor|[spread] p2a,p2b
|-supereffective|p2b: Tyranitar|1
|-damage|p2a: Staraptor|0 fnt
|-damage|p2b: Tyranitar|45/100
|faint|p2a: Staraptor
|
|-weather|Sandstorm|[upkeep]
|-damage|p1a: Sylveon|53/100|[from] Sandstorm
|upkeep
|
|t:|1786021182
|switch|p2a: Sinistcha|Sinistcha, L50|100/100
|-heal|p2b: Tyranitar|70/100|[from] ability: Hospitality|[of] p2a: Sinistcha
|turn|2
|
|t:|1786021190
|move|p2b: Tyranitar|Rock Slide|p1b: Aerodactyl|[spread] p1a,p1b
|-supereffective|p1b: Aerodactyl|1
|-damage|p1a: Sylveon|10/100
|-damage|p1b: Aerodactyl|0 fnt
|-enditem|p1a: Sylveon|Sitrus Berry|[eat]
|-heal|p1a: Sylveon|35/100|[from] item: Sitrus Berry
|faint|p1b: Aerodactyl
|move|p2a: Sinistcha|Matcha Gotcha|p1a: Sylveon
|-damage|p1a: Sylveon|11/100
|move|p1a: Sylveon|Hyper Voice|p2a: Sinistcha|[spread] p2a,p2b
|-supereffective|p2b: Tyranitar|1
|-damage|p2a: Sinistcha|60/100
|-damage|p2b: Tyranitar|23/100
|
|-weather|Sandstorm|[upkeep]
|-damage|p2a: Sinistcha|54/100|[from] Sandstorm
|-damage|p1a: Sylveon|5/100|[from] Sandstorm
|upkeep
|
|t:|1786021204
|switch|p1b: Kingambit|Kingambit, L50, F|100/100
|turn|3
|
|t:|1786021219
|move|p2a: Sinistcha|Rage Powder|p2a: Sinistcha
|-singleturn|p2a: Sinistcha|move: Rage Powder
|move|p1b: Kingambit|Sucker Punch||[still]
|-fail|p1b: Kingambit
|move|p2b: Tyranitar|Low Kick|p1b: Kingambit
|-supereffective|p1b: Kingambit|2
|-damage|p1b: Kingambit|0 fnt
|faint|p1b: Kingambit
|move|p1a: Sylveon|Hyper Voice|p2a: Sinistcha|[spread] p2a,p2b
|-supereffective|p2b: Tyranitar|1
|-damage|p2a: Sinistcha|16/100
|-damage|p2b: Tyranitar|0 fnt
|faint|p2b: Tyranitar
|
|-weather|Sandstorm|[upkeep]
|-damage|p2a: Sinistcha|10/100|[from] Sandstorm
|-damage|p1a: Sylveon|0 fnt|[from] Sandstorm
|faint|p1a: Sylveon
|upkeep
|
|t:|1786021233
|switch|p2b: Excadrill|Excadrill, L50, F|100/100
|switch|p1a: Salazzle|Salazzle, L50, F|100/100
|turn|4
|
|t:|1786021246
|move|p2b: Excadrill|Protect|p2b: Excadrill
|-singleturn|p2b: Excadrill|Protect
|move|p1a: Salazzle|Fake Out|p2b: Excadrill
|-activate|p2b: Excadrill|move: Protect
|move|p2a: Sinistcha|Shadow Ball|p1a: Salazzle
|-damage|p1a: Salazzle|36/100
|
|-weather|Sandstorm|[upkeep]
|-damage|p1a: Salazzle|30/100|[from] Sandstorm
|-damage|p2a: Sinistcha|4/100|[from] Sandstorm
|-sideend|p2: afdsd33|move: Tailwind
|upkeep
|turn|5
|c|☆thebrickwall285|gg
|
|t:|1786021262
|move|p2b: Excadrill|High Horsepower|p1a: Salazzle
|-supereffective|p1a: Salazzle|2
|-damage|p1a: Salazzle|0 fnt
|faint|p1a: Salazzle
|
|win|afdsd33
|raw|thebrickwall285's rating: 1103 → 1071(-32 for losing)
|raw|afdsd33's rating: 1000 → 1052(+52 for winning)
