|j|☆riditor
|j|☆platanoso
|html|riditorplatanoso    
|uhtml|bestof|Game 2 of a best-of-3
|t:|1785899306
|gametype|doubles
|player|p1|riditor|169|1118
|player|p2|platanoso|madame-gen4|1206
|gen|9
|tier|[Gen 9 Champions] VGC 2026 Reg M-B (Bo3)
|rated|
|rule|Species Clause: Limit one of each Pokémon
|rule|Item Clause: Limit 1 of each item
|clearpoke
|poke|p1|Garchomp, L50, M|
|poke|p1|Charizard, L50, F|
|poke|p1|Aerodactyl, L50, M|
|poke|p1|Farigiraf, L50, M|
|poke|p1|Venusaur, L50, M|
|poke|p1|Metagross, L50|
|poke|p2|Floette-Eternal, L50, F|
|poke|p2|Sneasler, L50, M|
|poke|p2|Incineroar, L50, F|
|poke|p2|Sinistcha, L50|
|poke|p2|Delphox, L50, M|
|poke|p2|Garchomp, L50, F|
|teampreview|4
|showteam|p1|Garchomp||ChoiceScarf|RoughSkin|DragonClaw,RockSlide,StompingTantrum,Earthquake|Adamant||M|||50|]Charizard||CharizarditeY|Blaze|AncientPower,HeatWave,SolarBeam,Protect|Modest||F|||50|]Aerodactyl||SitrusBerry|Unnerve|WideGuard,RockSlide,Tailwind,Taunt|Jolly||M|||50|]Farigiraf||Leftovers|ArmorTail|HelpingHand,TrickRoom,ShadowBall,HyperVoice|Modest||M|||50|]Venusaur||FocusSash|Chlorophyll|SleepPowder,SludgeBomb,Protect,EnergyBall|Timid||M|||50|]Metagross||Metagrossite|ClearBody|Earthquake,RockSlide,MeteorMash,Protect|Jolly|||||50|
|showteam|p2|Floette-Eternal||Floettite|FlowerVeil|DazzlingGleam,DrainingKiss,CalmMind,Protect|Modest||F|||50|]Sneasler||FocusSash|PoisonTouch|CloseCombat,PoisonJab,FakeOut,Protect|Jolly||M|||50|]Incineroar||SitrusBerry|Intimidate|FlareBlitz,DarkestLariat,PartingShot,FakeOut|Impish||F|||50|]Sinistcha||OccaBerry|Hospitality|MatchaGotcha,RagePowder,TrickRoom,Protect|Bold|||||50|]Delphox||Delphoxite|Blaze|Psychic,HeatWave,NastyPlot,Protect|Timid||M|||50|]Garchomp||ChoiceScarf|RoughSkin|DragonClaw,StompingTantrum,Earthquake,RockSlide|Adamant||F|||50|
|inactive|Battle timer is ON: inactive players will automatically lose when time's up. (requested by riditor)
|inactive|riditor has 60 seconds left.
|inactive|riditor has 30 seconds left.
|inactive|riditor has 20 seconds left.
|inactive|riditor has 15 seconds left.
|inactive|riditor has 10 seconds left.
|
|t:|1785899391
|teamsize|p1|4
|teamsize|p2|4
|start
|switch|p1a: Aerodactyl|Aerodactyl, L50, M|100/100
|switch|p1b: Garchomp|Garchomp, L50, M|100/100
|switch|p2a: Incineroar|Incineroar, L50, F|100/100
|switch|p2b: Delphox|Delphox, L50, M|100/100
|-ability|p1a: Aerodactyl|Unnerve
|-ability|p2a: Incineroar|Intimidate|boost
|-unboost|p1a: Aerodactyl|atk|1
|-unboost|p1b: Garchomp|atk|1
|turn|1
|
|t:|1785899409
|switch|p1b: Farigiraf|Farigiraf, L50, M|100/100
|detailschange|p2b: Delphox|Delphox-Mega, L50, M
|-mega|p2b: Delphox|Delphox|Delphoxite
|move|p1a: Aerodactyl|Taunt|p2b: Delphox
|-start|p2b: Delphox|move: Taunt
|cant|p2b: Delphox|move: Taunt|Nasty Plot
|move|p2a: Incineroar|Parting Shot|p1b: Farigiraf
|-unboost|p1b: Farigiraf|atk|1
|-unboost|p1b: Farigiraf|spa|1
|
|t:|1785899419
|switch|p2a: Garchomp|Garchomp, L50, F|100/100|[from] Parting Shot
|
|upkeep
|turn|2
|
|t:|1785899434
|switch|p2b: Incineroar|Incineroar, L50, F|100/100
|-ability|p2b: Incineroar|Intimidate|boost
|-unboost|p1a: Aerodactyl|atk|1
|-unboost|p1b: Farigiraf|atk|1
|switch|p1b: Metagross|Metagross, L50|100/100
|move|p1a: Aerodactyl|Wide Guard|p1a: Aerodactyl
|-singleturn|p1a: Aerodactyl|Wide Guard
|move|p2a: Garchomp|Dragon Claw|p1a: Aerodactyl
|-damage|p1a: Aerodactyl|37/100
|-enditem|p1a: Aerodactyl|Sitrus Berry|[eat]
|-heal|p1a: Aerodactyl|61/100|[from] item: Sitrus Berry
|
|upkeep
|turn|3
|inactive|riditor has 30 seconds left.
|
|t:|1785899465
|move|p1b: Metagross|Protect|p1b: Metagross
|-singleturn|p1b: Metagross|Protect
|move|p2a: Garchomp|Dragon Claw|p1a: Aerodactyl
|-damage|p1a: Aerodactyl|0 fnt
|faint|p1a: Aerodactyl
|move|p2b: Incineroar|Parting Shot|p1b: Metagross
|-activate|p1b: Metagross|move: Protect
|
|upkeep
|
|t:|1785899474
|switch|p1a: Garchomp|Garchomp, L50, M|100/100
|turn|4
|
|t:|1785899496
|switch|p2a: Sinistcha|Sinistcha, L50|100/100
|switch|p1a: Farigiraf|Farigiraf, L50, M|100/100
|detailschange|p1b: Metagross|Metagross-Mega, L50
|-mega|p1b: Metagross|Metagross|Metagrossite
|move|p1b: Metagross|Earthquake|p2b: Incineroar|[spread] p1a,p2a,p2b
|-resisted|p2a: Sinistcha|1
|-supereffective|p2b: Incineroar|1
|-damage|p1a: Farigiraf|77/100
|-damage|p2a: Sinistcha|89/100
|-damage|p2b: Incineroar|62/100
|move|p2b: Incineroar|Parting Shot|p1a: Farigiraf
|-unboost|p1a: Farigiraf|atk|1
|-unboost|p1a: Farigiraf|spa|1
|
|t:|1785899509
|switch|p2b: Delphox|Delphox-Mega, L50, M|100/100|[from] Parting Shot
|
|-heal|p1a: Farigiraf|83/100|[from] item: Leftovers
|upkeep
|turn|5
|
|t:|1785899531
|move|p1b: Metagross|Protect|p1b: Metagross
|-singleturn|p1b: Metagross|Protect
|move|p2a: Sinistcha|Rage Powder|p2a: Sinistcha
|-singleturn|p2a: Sinistcha|move: Rage Powder
|move|p2b: Delphox|Nasty Plot|p2b: Delphox
|-boost|p2b: Delphox|spa|2
|move|p1a: Farigiraf|Trick Room|p1a: Farigiraf
|-fieldstart|move: Trick Room|[of] p1a: Farigiraf
|
|-heal|p1a: Farigiraf|89/100|[from] item: Leftovers
|upkeep
|turn|6
|
|t:|1785899546
|move|p1a: Farigiraf|Helping Hand|p1b: Metagross
|-singleturn|p1b: Metagross|Helping Hand|[of] p1a: Farigiraf
|move|p2a: Sinistcha|Rage Powder|p2a: Sinistcha
|-singleturn|p2a: Sinistcha|move: Rage Powder
|move|p1b: Metagross|Rock Slide|p2b: Delphox|[spread] p2a,p2b
|-supereffective|p2b: Delphox|1
|-damage|p2a: Sinistcha|64/100
|-damage|p2b: Delphox|25/100
|move|p2b: Delphox|Heat Wave|p1a: Farigiraf|[spread] p1a,p1b
|-supereffective|p1b: Metagross|1
|-damage|p1a: Farigiraf|0 fnt
|-damage|p1b: Metagross|0 fnt
|faint|p1a: Farigiraf
|faint|p1b: Metagross
|
|upkeep
|-message|riditor forfeited.
|
|win|platanoso
