|j|☆gardevoirandvapo
|j|☆BlRD BOY
|html|gardevoirandvapoBlRD BOY    
|uhtml|bestof|Game 1 of a best-of-3
|t:|1783438311
|gametype|doubles
|player|p1|gardevoirandvapo|101|1027
|player|p2|BlRD BOY|brycen|1124
|gen|9
|tier|[Gen 9 Champions] VGC 2026 Reg M-B (Bo3)
|rated|
|rule|Species Clause: Limit one of each Pokémon
|rule|Item Clause: Limit 1 of each item
|clearpoke
|poke|p1|Clefable, L50, F|
|poke|p1|Excadrill, L50, F|
|poke|p1|Aerodactyl, L50, M|
|poke|p1|Scrafty, L50, M|
|poke|p1|Altaria, L50, F|
|poke|p1|Ditto, L50|
|poke|p2|Torkoal, L50, F|
|poke|p2|Avalugg-Hisui, L50, M|
|poke|p2|Farigiraf, L50, F|
|poke|p2|Scrafty, L50, M|
|poke|p2|Typhlosion-Hisui, L50, M|
|poke|p2|Sinistcha-Masterpiece, L50|
|teampreview|4
|showteam|p1|Clefable||Clefablite|Unaware|Moonblast,AirSlash,FollowMe,Protect|Modest||F|||50|]Excadrill||FocusSash|MoldBreaker|Earthquake,HighHorsepower,IronHead,Protect|Adamant||F|||50|]Aerodactyl||FocusBand|Unnerve|Tailwind,WideGuard,DualWingbeat,StoneEdge|Jolly||M|||50|]Scrafty||SitrusBerry|Intimidate|FakeOut,QuickGuard,KnockOff,HelpingHand|Sassy||M|||50|]Altaria||Altarianite|CloudNine|HyperBeam,WillOWisp,Roost,DracoMeteor|Modest||F|||50|]Ditto||LifeOrb|Imposter|Transform|Timid|||||50|
|showteam|p2|Torkoal||Charcoal|Drought|Protect,Eruption,WeatherBall,EarthPower|Quiet||F|||50|]Avalugg-Hisui||WideLens|Sturdy|MountainGale,RockSlide,BodyPress,WideGuard|Brave||M|||50|]Farigiraf||SitrusBerry|ArmorTail|PsychicFangs,Thunderbolt,HelpingHand,TrickRoom|Relaxed||F|||50|]Scrafty||Scraftinite|Intimidate|Detect,KnockOff,CloseCombat,FakeOut|Brave||M|||50|]Typhlosion-Hisui||ChoiceScarf|Frisk|Eruption,HeatWave,ShadowBall,SolarBeam|Modest||M|||50|]Sinistcha-Masterpiece||KasibBerry|Hospitality|MatchaGotcha,ShadowBall,RagePowder,TrickRoom|Sassy|||||50|
|
|t:|1783438361
|teamsize|p1|4
|teamsize|p2|4
|start
|switch|p1a: Clefable|Clefable, L50, F|100/100
|switch|p1b: Ditto|Ditto, L50|100/100
|switch|p2a: Avalugg|Avalugg-Hisui, L50, M|100/100
|switch|p2b: Typhlosion|Typhlosion-Hisui, L50, M|100/100
|-item|p1a: Clefable|Clefablite|[from] ability: Frisk|[of] p2b: Typhlosion
|-item|p1b: Ditto|Life Orb|[from] ability: Frisk|[of] p2b: Typhlosion
|-transform|p1b: Ditto|p2a: Avalugg|[from] ability: Imposter
|turn|1
|inactive|Battle timer is ON: inactive players will automatically lose when time's up. (requested by gardevoirandvapo)
|inactive|gardevoirandvapo has 60 seconds left.
|
|t:|1783438407
|move|p2b: Typhlosion|Eruption|p1a: Clefable|[spread] p1a,p1b
|-damage|p1a: Clefable|43/100
|-ability|p1b: Ditto|Sturdy
|-damage|p1b: Ditto|1/100
|move|p1a: Clefable|Moonblast|p2b: Typhlosion
|-resisted|p2b: Typhlosion|1
|-crit|p2b: Typhlosion
|-damage|p2b: Typhlosion|53/100
|move|p2a: Avalugg|Body Press|p1b: Ditto
|-supereffective|p1b: Ditto|2
|-damage|p1b: Ditto|0 fnt
|faint|p1b: Ditto
|
|upkeep
|inactive|gardevoirandvapo has 30 seconds left.
|
|t:|1783438440
|switch|p1b: Excadrill|Excadrill, L50, F|100/100
|-ability|p1b: Excadrill|Mold Breaker
|turn|2
|
|t:|1783438455
|detailschange|p1a: Clefable|Clefable-Mega, L50, F
|-mega|p1a: Clefable|Clefable|Clefablite
|move|p2b: Typhlosion|Eruption|p1b: Excadrill|[spread] p1a,p1b
|-supereffective|p1b: Excadrill|1
|-damage|p1a: Clefable|16/100
|-damage|p1b: Excadrill|13/100
|move|p1b: Excadrill|Earthquake|p2a: Avalugg|[spread] p2a,p2b
|-immune|p1a: Clefable
|-supereffective|p2a: Avalugg|1
|-supereffective|p2b: Typhlosion|1
|-damage|p2a: Avalugg|51/100
|-damage|p2b: Typhlosion|0 fnt
|faint|p2b: Typhlosion
|move|p1a: Clefable|Moonblast|p2a: Avalugg
|-damage|p2a: Avalugg|0 fnt
|faint|p2a: Avalugg
|
|upkeep
|
|t:|1783438466
|switch|p2b: Torkoal|Torkoal, L50, F|100/100
|switch|p2a: Farigiraf|Farigiraf, L50, F|100/100
|-weather|SunnyDay|[from] ability: Drought|[of] p2b: Torkoal
|turn|3
|
|t:|1783438487
|move|p2b: Torkoal|Protect|p2b: Torkoal
|-singleturn|p2b: Torkoal|Protect
|move|p1b: Excadrill|Iron Head|p2a: Farigiraf
|-damage|p2a: Farigiraf|65/100
|move|p1a: Clefable|Moonblast|p2a: Farigiraf
|-damage|p2a: Farigiraf|8/100
|-enditem|p2a: Farigiraf|Sitrus Berry|[eat]
|-heal|p2a: Farigiraf|33/100|[from] item: Sitrus Berry
|move|p2a: Farigiraf|Trick Room|p2a: Farigiraf
|-fieldstart|move: Trick Room|[of] p2a: Farigiraf
|
|-weather|SunnyDay|[upkeep]
|upkeep
|turn|4
|
|t:|1783438502
|move|p1a: Clefable|Protect|p1a: Clefable
|-singleturn|p1a: Clefable|Protect
|move|p1b: Excadrill|Protect|p1b: Excadrill
|-singleturn|p1b: Excadrill|Protect
|move|p2b: Torkoal|Eruption|p1a: Clefable|[spread] 
|-activate|p1a: Clefable|move: Protect
|-activate|p1b: Excadrill|move: Protect
|move|p2a: Farigiraf|Psychic Fangs|p1a: Clefable
|-activate|p1a: Clefable|move: Protect
|
|-weather|SunnyDay|[upkeep]
|upkeep
|turn|5
|inactive|gardevoirandvapo has 30 seconds left.
|inactive|gardevoirandvapo has 20 seconds left.
|
|t:|1783438537
|move|p2b: Torkoal|Eruption|p1a: Clefable|[spread] p1a,p1b
|-supereffective|p1b: Excadrill|1
|-damage|p1a: Clefable|0 fnt
|-damage|p1b: Excadrill|0 fnt
|faint|p1a: Clefable
|faint|p1b: Excadrill
|move|p2a: Farigiraf|Psychic Fangs|p1: Clefable|[notarget]
|-fail|p2a: Farigiraf
|
|-weather|SunnyDay|[upkeep]
|upkeep
|
|t:|1783438548
|switch|p1a: Scrafty|Scrafty, L50, M|100/100
|-ability|p1a: Scrafty|Intimidate|boost
|-unboost|p2a: Farigiraf|atk|1
|-unboost|p2b: Torkoal|atk|1
|turn|6
|
|t:|1783438559
|move|p2a: Farigiraf|Helping Hand|p2b: Torkoal
|-singleturn|p2b: Torkoal|Helping Hand|[of] p2a: Farigiraf
|move|p2b: Torkoal|Eruption|p1a: Scrafty
|-damage|p1a: Scrafty|0 fnt
|faint|p1a: Scrafty
|
|win|BlRD BOY
||gardevoirandvapo is ready for game 2.
|inactive|BlRD BOY has 30 seconds to confirm battle start!
