|j|☆monkeychese
|j|☆KingNoahC17
|html|monkeycheseKingNoahC17    
|uhtml|bestof|Game 2 of a best-of-3
|t:|1784319758
|gametype|doubles
|player|p1|monkeychese|lucas|
|player|p2|KingNoahC17|alec-anime|
|gen|9
|tier|[Gen 9 Champions] VGC 2026 Reg M-B (Bo3)
|rule|Species Clause: Limit one of each Pokémon
|rule|Item Clause: Limit 1 of each item
|clearpoke
|poke|p1|Metagross, L50|
|poke|p1|Whimsicott, L50, M|
|poke|p1|Garchomp, L50, F|
|poke|p1|Ceruledge, L50, M|
|poke|p1|Sneasler, L50, M|
|poke|p1|Milotic, L50, M|
|poke|p2|Grimmsnarl, L50, M|
|poke|p2|Ditto, L50|
|poke|p2|Charizard, L50, M|
|poke|p2|Garchomp, L50, M|
|poke|p2|Metagross, L50|
|poke|p2|Sylveon, L50, M|
|teampreview|4
|showteam|p1|Metagross||Metagrossite|ClearBody|IronHead,PsychicFangs,StompingTantrum,Protect|Adamant|||||50|]Whimsicott||FocusSash|Prankster|Moonblast,Encore,Tailwind,Protect|Timid||M|||50|]Garchomp||LifeOrb|RoughSkin|RockSlide,DragonClaw,StompingTantrum,Protect|Jolly||F|||50|]Ceruledge||ColburBerry|FlashFire|BitterBlade,ShadowSneak,BulkUp,Protect|Adamant||M|||50|]Sneasler||WhiteHerb|Unburden|DireClaw,CloseCombat,FakeOut,Protect|Jolly||M|||50|]Milotic||Leftovers|Competitive|MuddyWater,Coil,Hypnosis,Recover|Modest||M|||50|
|showteam|p2|Grimmsnarl||LightClay|Prankster|FoulPlay,FakeOut,Reflect,LightScreen|Careful||M|||50|]Ditto||ChoiceScarf|Imposter|Transform|Bashful|||||50|]Charizard||CharizarditeY|Blaze|HeatWave,WeatherBall,SolarBeam,Protect|Modest||M|||50|]Garchomp||SitrusBerry|RoughSkin|DragonClaw,Earthquake,RockSlide,Protect|Adamant||M|||50|]Metagross||Metagrossite|ClearBody|IronHead,PsychicFangs,BodyPress,Protect|Adamant|||||50|]Sylveon||FairyFeather|Pixilate|HyperVoice,QuickAttack,Yawn,Detect|Modest||M|||50|
|inactive|Battle timer is ON: inactive players will automatically lose when time's up. (requested by KingNoahC17)
|
|t:|1784319782
|teamsize|p1|4
|teamsize|p2|4
|start
|switch|p1a: Sneasler|Sneasler, L50, M|100/100
|switch|p1b: Garchomp|Garchomp, L50, F|100/100
|switch|p2a: Ditto|Ditto, L50|100/100
|switch|p2b: Grimmsnarl|Grimmsnarl, L50, M|100/100
|-transform|p2a: Ditto|p1b: Garchomp|[from] ability: Imposter
|turn|1
|
|t:|1784319794
|move|p1a: Sneasler|Fake Out|p2a: Ditto
|-damage|p2a: Ditto|83/100
|-damage|p1a: Sneasler|87/100|[from] ability: Rough Skin|[of] p2a: Ditto
|move|p2b: Grimmsnarl|Fake Out|p1b: Garchomp
|-damage|p1b: Garchomp|89/100
|-damage|p2b: Grimmsnarl|87/100|[from] ability: Rough Skin|[of] p1b: Garchomp
|cant|p2a: Ditto|flinch
|cant|p1b: Garchomp|flinch
|
|upkeep
|turn|2
|
|t:|1784319808
|switch|p1b: Whimsicott|Whimsicott, L50, M|100/100
|move|p2b: Grimmsnarl|Reflect|p2b: Grimmsnarl
|-sidestart|p2: KingNoahC17|Reflect
|move|p2a: Ditto|Dragon Claw|p1b: Whimsicott
|-immune|p1b: Whimsicott
|move|p1a: Sneasler|Close Combat|p2a: Ditto
|-damage|p2a: Ditto|29/100
|-unboost|p1a: Sneasler|def|1
|-unboost|p1a: Sneasler|spd|1
|-damage|p1a: Sneasler|75/100|[from] ability: Rough Skin|[of] p2a: Ditto
|-enditem|p1a: Sneasler|White Herb
|-clearnegativeboost|p1a: Sneasler|[silent]
|
|upkeep
|turn|3
|
|t:|1784319821
|switch|p2a: Charizard|Charizard, L50, M|100/100
|move|p1a: Sneasler|Protect|p1a: Sneasler
|-singleturn|p1a: Sneasler|Protect
|move|p2b: Grimmsnarl|Light Screen|p2b: Grimmsnarl
|-sidestart|p2: KingNoahC17|move: Light Screen
|move|p1b: Whimsicott|Moonblast|p2a: Charizard
|-resisted|p2a: Charizard|1
|-damage|p2a: Charizard|85/100
|
|upkeep
|turn|4
|
|t:|1784319831
|switch|p1a: Garchomp|Garchomp, L50, F|89/100
|detailschange|p2a: Charizard|Charizard-Mega-Y, L50, M
|-mega|p2a: Charizard|Charizard|Charizardite Y
|-weather|SunnyDay|[from] ability: Drought|[of] p2a: Charizard
|move|p1b: Whimsicott|Tailwind|p1b: Whimsicott
|-sidestart|p1: monkeychese|move: Tailwind
|move|p2a: Charizard|Heat Wave|p1a: Garchomp|[spread] p1a
|-miss|p2a: Charizard|p1b: Whimsicott
|-resisted|p1a: Garchomp|1
|-damage|p1a: Garchomp|56/100
|move|p2b: Grimmsnarl|Foul Play|p1a: Garchomp
|-damage|p1a: Garchomp|4/100
|-damage|p2b: Grimmsnarl|75/100|[from] ability: Rough Skin|[of] p1a: Garchomp
|
|-weather|SunnyDay|[upkeep]
|upkeep
|turn|5
|
|t:|1784319850
|move|p1a: Garchomp|Protect|p1a: Garchomp
|-singleturn|p1a: Garchomp|Protect
|move|p1b: Whimsicott|Moonblast|p2b: Grimmsnarl
|-supereffective|p2b: Grimmsnarl|1
|-damage|p2b: Grimmsnarl|31/100
|move|p2a: Charizard|Heat Wave|p1b: Whimsicott|[spread] p1b
|-activate|p1a: Garchomp|move: Protect
|-supereffective|p1b: Whimsicott|1
|-enditem|p1b: Whimsicott|Focus Sash
|-damage|p1b: Whimsicott|1/100
|move|p2b: Grimmsnarl|Foul Play|p1b: Whimsicott
|-resisted|p1b: Whimsicott|1
|-damage|p1b: Whimsicott|0 fnt
|faint|p1b: Whimsicott
|
|-weather|SunnyDay|[upkeep]
|upkeep
|
|t:|1784319860
|switch|p1b: Sneasler|Sneasler, L50, M|75/100
|turn|6
|
|t:|1784319867
|switch|p2b: Garchomp|Garchomp, L50, M|100/100
|move|p2a: Charizard|Protect|p2a: Charizard
|-singleturn|p2a: Charizard|Protect
|move|p1b: Sneasler|Fake Out|p2b: Garchomp
|-damage|p2b: Garchomp|91/100
|-damage|p1b: Sneasler|63/100|[from] ability: Rough Skin|[of] p2b: Garchomp
|move|p1a: Garchomp|Rock Slide|p2b: Garchomp|[spread] p2b
|-activate|p2a: Charizard|move: Protect
|-resisted|p2b: Garchomp|1
|-damage|p2b: Garchomp|84/100
|-damage|p1a: Garchomp|0 fnt|[from] item: Life Orb
|faint|p1a: Garchomp
|
|-weather|SunnyDay|[upkeep]
|upkeep
|
|t:|1784319877
|switch|p1a: Ceruledge|Ceruledge, L50, M|100/100
|turn|7
|
|t:|1784319885
|switch|p2a: Ditto|Ditto, L50|29/100
|-transform|p2a: Ditto|p1b: Sneasler|[from] ability: Imposter
|move|p1b: Sneasler|Protect|p1b: Sneasler
|-singleturn|p1b: Sneasler|Protect
|move|p1a: Ceruledge|Bulk Up|p1a: Ceruledge
|-boost|p1a: Ceruledge|atk|1
|-boost|p1a: Ceruledge|def|1
|move|p2b: Garchomp|Earthquake|p1a: Ceruledge|[spread] p2a,p1a
|-activate|p1b: Sneasler|move: Protect
|-supereffective|p2a: Ditto|1
|-supereffective|p1a: Ceruledge|1
|-damage|p2a: Ditto|0 fnt
|-damage|p1a: Ceruledge|37/100
|faint|p2a: Ditto
|
|-weather|SunnyDay|[upkeep]
|-sideend|p1: monkeychese|move: Tailwind
|upkeep
|
|t:|1784319893
|switch|p2a: Grimmsnarl|Grimmsnarl, L50, M|31/100
|turn|8
|
|t:|1784319905
|move|p1a: Ceruledge|Protect|p1a: Ceruledge
|-singleturn|p1a: Ceruledge|Protect
|move|p2a: Grimmsnarl|Fake Out|p1b: Sneasler
|-damage|p1b: Sneasler|45/100
|cant|p1b: Sneasler|flinch
|move|p2b: Garchomp|Earthquake|p1b: Sneasler|[spread] p2a,p1b
|-activate|p1a: Ceruledge|move: Protect
|-supereffective|p1b: Sneasler|1
|-damage|p2a: Grimmsnarl|5/100
|-damage|p1b: Sneasler|0 fnt
|faint|p1b: Sneasler
|
|-weather|none
|upkeep
|turn|9
|
|t:|1784319912
|move|p1a: Ceruledge|Shadow Sneak|p2b: Garchomp
|-damage|p2b: Garchomp|65/100
|-damage|p1a: Ceruledge|25/100|[from] ability: Rough Skin|[of] p2b: Garchomp
|move|p2b: Garchomp|Earthquake|p1a: Ceruledge|[spread] p2a,p1a
|-supereffective|p1a: Ceruledge|1
|-damage|p2a: Grimmsnarl|0 fnt
|-damage|p1a: Ceruledge|0 fnt
|faint|p2a: Grimmsnarl
|faint|p1a: Ceruledge
|
|win|KingNoahC17
|c|☆monkeychese|gg
|c|☆KingNoahC17|ggwp
|l|☆monkeychese
|player|p1|
