|j|☆bananapanner
|j|☆Rantix D Red
|html|bananapannerRantix D Red    
|uhtml|bestof|Game 2 of a best-of-3
|t:|1785176694
|gametype|doubles
|player|p1|bananapanner|wattson|1130
|player|p2|Rantix D Red|ghetsis-gen5bw|1093
|gen|9
|tier|[Gen 9 Champions] VGC 2026 Reg M-B (Bo3)
|rated|
|rule|Species Clause: Limit one of each Pokémon
|rule|Item Clause: Limit 1 of each item
|clearpoke
|poke|p1|Excadrill, L50, F, shiny|
|poke|p1|Tyranitar, L50, F, shiny|
|poke|p1|Sinistcha-Masterpiece, L50|
|poke|p1|Corviknight, L50, M, shiny|
|poke|p1|Rotom-Wash, L50, shiny|
|poke|p1|Mimikyu, L50, F|
|poke|p2|Charizard, L50, F|
|poke|p2|Pelipper, L50, F|
|poke|p2|Archaludon, L50, F|
|poke|p2|Venusaur, L50, F|
|poke|p2|Swampert, L50, M|
|poke|p2|Grimmsnarl, L50, M|
|teampreview|4
|showteam|p1|Excadrill||FocusSash|SandRush|Earthquake,IronHead,RockSlide,SwordsDance|Adamant||F|||50|]Tyranitar||Tyranitarite|SandStream|RockSlide,KnockOff,DragonDance,Protect|Adamant||F|||50|]Sinistcha-Masterpiece||SitrusBerry|Hospitality|MatchaGotcha,RagePowder,NastyPlot,LifeDew|Bold|||||50|]Corviknight||Leftovers|MirrorArmor|BulkUp,Tailwind,Roost,BraveBird|Impish||M|||50|]Rotom-Wash||LightClay|Levitate|Thunderbolt,HydroPump,WillOWisp,LightScreen|Timid|||||50|]Mimikyu||FairyFeather|Disguise|SwordsDance,PlayRough,ShadowSneak,Protect|Jolly||F|||50|
|showteam|p2|Charizard||CharizarditeY|Blaze|Protect,HeatWave,WeatherBall,SolarBeam|Modest||F|||50|]Pelipper||SitrusBerry|Drizzle|Hurricane,WeatherBall,Tailwind,WideGuard|Calm||F|||50|]Archaludon||Leftovers|Stamina|Protect,ElectroShot,DragonPulse,FlashCannon|Modest||F|||50|]Venusaur||FocusSash|Chlorophyll|Protect,SleepPowder,SludgeBomb,EarthPower|Timid||F|||50|]Swampert||Swampertite|Torrent|Protect,WaveCrash,Earthquake,IcePunch|Jolly||M|||50|]Grimmsnarl||LightClay|Prankster|SpiritBreak,Reflect,LightScreen,PartingShot|Careful||M|||50|
|inactive|Battle timer is ON: inactive players will automatically lose when time's up. (requested by Rantix D Red)
|inactive|bananapanner has 60 seconds left.
|
|t:|1785176729
|teamsize|p1|4
|teamsize|p2|4
|start
|switch|p1a: Dust bunny Jr.|Tyranitar, L50, F, shiny|100/100
|switch|p1b: Iron manicure|Excadrill, L50, F, shiny|100/100
|switch|p2a: Grimmsnarl|Grimmsnarl, L50, M|100/100
|switch|p2b: Archaludon|Archaludon, L50, F|100/100
|-weather|Sandstorm|[from] ability: Sand Stream|[of] p1a: Dust bunny Jr.
|turn|1
|inactive|bananapanner has 30 seconds left.
|inactive|Rantix D Red has 30 seconds left.
|inactive|Rantix D Red has 20 seconds left.
|
|t:|1785176768
|switch|p1b: Content crow|Corviknight, L50, M, shiny|100/100
|move|p2a: Grimmsnarl|Parting Shot|p1b: Content crow
|-ability|p1b: Content crow|Mirror Armor
|-unboost|p2a: Grimmsnarl|atk|1
|-ability|p1b: Content crow|Mirror Armor
|-unboost|p2a: Grimmsnarl|spa|1
|
|t:|1785176771
|switch|p2a: Pelipper|Pelipper, L50, F|100/100|[from] Parting Shot
|-weather|RainDance|[from] ability: Drizzle|[of] p2a: Pelipper
|move|p2b: Archaludon|Electro Shot||[still]
|-prepare|p2b: Archaludon|Electro Shot
|-boost|p2b: Archaludon|spa|1
|-anim|p2b: Archaludon|Electro Shot|p1a: Dust bunny Jr.
|-damage|p1a: Dust bunny Jr.|36/100
|move|p1a: Dust bunny Jr.|Dragon Dance|p1a: Dust bunny Jr.
|-boost|p1a: Dust bunny Jr.|atk|1
|-boost|p1a: Dust bunny Jr.|spe|1
|
|-weather|RainDance|[upkeep]
|upkeep
|turn|2
|inactive|bananapanner has 30 seconds left.
|inactive|Rantix D Red has 30 seconds left.
|inactive|bananapanner has 20 seconds left.
|
|t:|1785176808
|switch|p2a: Grimmsnarl|Grimmsnarl, L50, M|100/100
|detailschange|p1a: Dust bunny Jr.|Tyranitar-Mega, L50, F, shiny
|-mega|p1a: Dust bunny Jr.|Tyranitar|Tyranitarite
|-weather|Sandstorm|[from] ability: Sand Stream|[of] p1a: Dust bunny Jr.
|move|p1a: Dust bunny Jr.|Knock Off|p2b: Archaludon
|-damage|p2b: Archaludon|29/100
|-ability|p2b: Archaludon|Stamina|boost
|-boost|p2b: Archaludon|def|1
|-enditem|p2b: Archaludon|Leftovers|[from] move: Knock Off|[of] p1a: Dust bunny Jr.
|move|p2b: Archaludon|Dragon Pulse|p1a: Dust bunny Jr.
|-damage|p1a: Dust bunny Jr.|2/100
|move|p1b: Content crow|Tailwind|p1b: Content crow
|-sidestart|p1: bananapanner|move: Tailwind
|
|-weather|Sandstorm|[upkeep]
|-damage|p2a: Grimmsnarl|94/100|[from] Sandstorm
|upkeep
|turn|3
|inactive|bananapanner has 30 seconds left.
|
|t:|1785176837
|switch|p1a: Iron manicure|Excadrill, L50, F, shiny|100/100
|move|p2b: Archaludon|Protect|p2b: Archaludon
|-singleturn|p2b: Archaludon|Protect
|move|p1b: Content crow|Brave Bird|p2a: Grimmsnarl
|-damage|p2a: Grimmsnarl|49/100
|-damage|p1b: Content crow|85/100|[from] Recoil
|move|p2a: Grimmsnarl|Spirit Break|p1a: Iron manicure
|-resisted|p1a: Iron manicure|1
|-damage|p1a: Iron manicure|79/100
|-unboost|p1a: Iron manicure|spa|1
|
|-weather|Sandstorm|[upkeep]
|-damage|p2a: Grimmsnarl|43/100|[from] Sandstorm
|-heal|p1b: Content crow|91/100|[from] item: Leftovers
|upkeep
|turn|4
|
|t:|1785176858
|move|p2a: Grimmsnarl|Parting Shot|p1a: Iron manicure
|-unboost|p1a: Iron manicure|atk|1
|-unboost|p1a: Iron manicure|spa|1
|
|t:|1785176861
|switch|p2a: Pelipper|Pelipper, L50, F|100/100|[from] Parting Shot
|-weather|RainDance|[from] ability: Drizzle|[of] p2a: Pelipper
|move|p1a: Iron manicure|Earthquake|p2a: Pelipper|[spread] p2b
|-immune|p1b: Content crow
|-immune|p2a: Pelipper
|-supereffective|p2b: Archaludon|1
|-damage|p2b: Archaludon|0 fnt
|faint|p2b: Archaludon
|move|p1b: Content crow|Brave Bird|p2a: Pelipper
|-damage|p2a: Pelipper|56/100
|-damage|p1b: Content crow|79/100|[from] Recoil
|
|-weather|RainDance|[upkeep]
|-heal|p1b: Content crow|85/100|[from] item: Leftovers
|upkeep
|
|t:|1785176870
|switch|p2b: Swampert|Swampert, L50, M|100/100
|turn|5
|
|t:|1785176894
|switch|p1a: Tea party|Sinistcha-Masterpiece, L50|100/100
|-heal|p1b: Content crow|100/100|[from] ability: Hospitality|[of] p1a: Tea party
|detailschange|p2b: Swampert|Swampert-Mega, L50, M
|-mega|p2b: Swampert|Swampert|Swampertite
|move|p2b: Swampert|Earthquake|p1a: Tea party|[spread] p1a
|-immune|p2a: Pelipper
|-immune|p1b: Content crow
|-resisted|p1a: Tea party|1
|-damage|p1a: Tea party|84/100
|move|p1b: Content crow|Bulk Up|p1b: Content crow
|-boost|p1b: Content crow|atk|1
|-boost|p1b: Content crow|def|1
|move|p2a: Pelipper|Tailwind|p2a: Pelipper
|-sidestart|p2: Rantix D Red|move: Tailwind
|
|-weather|RainDance|[upkeep]
|-sideend|p1: bananapanner|move: Tailwind
|upkeep
|turn|6
|inactive|bananapanner has 30 seconds left.
|inactive|bananapanner has 20 seconds left.
|
|t:|1785176932
|move|p2b: Swampert|Ice Punch|p1a: Tea party
|-supereffective|p1a: Tea party|1
|-damage|p1a: Tea party|42/100
|-enditem|p1a: Tea party|Sitrus Berry|[eat]
|-heal|p1a: Tea party|67/100|[from] item: Sitrus Berry
|move|p2a: Pelipper|Hurricane|p1a: Tea party
|-supereffective|p1a: Tea party|1
|-damage|p1a: Tea party|0 fnt
|faint|p1a: Tea party
|move|p1b: Content crow|Tailwind|p1b: Content crow
|-sidestart|p1: bananapanner|move: Tailwind
|
|-weather|RainDance|[upkeep]
|upkeep
|
|t:|1785176942
|switch|p1a: Iron manicure|Excadrill, L50, F, shiny|79/100
|turn|7
|
|t:|1785176951
|switch|p2a: Grimmsnarl|Grimmsnarl, L50, M|43/100
|switch|p1b: Dust bunny Jr.|Tyranitar-Mega, L50, F, shiny|2/100
|-weather|Sandstorm|[from] ability: Sand Stream|[of] p1b: Dust bunny Jr.
|move|p1a: Iron manicure|Rock Slide|p2a: Grimmsnarl|[spread] p2a,p2b
|-resisted|p2b: Swampert|1
|-damage|p2a: Grimmsnarl|16/100
|-damage|p2b: Swampert|90/100
|move|p2b: Swampert|Earthquake|p1a: Iron manicure|[spread] p2a,p1a,p1b
|-supereffective|p1a: Iron manicure|1
|-supereffective|p1b: Dust bunny Jr.|1
|-damage|p2a: Grimmsnarl|0 fnt
|-damage|p1a: Iron manicure|0 fnt
|-damage|p1b: Dust bunny Jr.|0 fnt
|faint|p2a: Grimmsnarl
|faint|p1a: Iron manicure
|faint|p1b: Dust bunny Jr.
|
|-weather|Sandstorm|[upkeep]
|upkeep
|
|t:|1785176962
|switch|p1b: Content crow|Corviknight, L50, M, shiny|100/100
|switch|p2a: Pelipper|Pelipper, L50, F|56/100
|-weather|RainDance|[from] ability: Drizzle|[of] p2a: Pelipper
|turn|8
|c|☆bananapanner|ggwp
|c|☆Rantix D Red|gg
|
|t:|1785176976
|move|p2b: Swampert|Ice Punch|p1b: Content crow
|-damage|p1b: Content crow|83/100
|move|p2a: Pelipper|Weather Ball|p1b: Content crow
|-damage|p1b: Content crow|30/100
|move|p1b: Content crow|Bulk Up|p1b: Content crow
|-boost|p1b: Content crow|atk|1
|-boost|p1b: Content crow|def|1
|
|-weather|RainDance|[upkeep]
|-heal|p1b: Content crow|36/100|[from] item: Leftovers
|-sideend|p2: Rantix D Red|move: Tailwind
|upkeep
|turn|9
|
|t:|1785176984
|move|p2b: Swampert|Wave Crash|p1b: Content crow
|-damage|p1b: Content crow|0 fnt
|faint|p1b: Content crow
|-damage|p2b: Swampert|76/100|[from] Recoil
|
|win|Rantix D Red
|raw|bananapanner's rating: 1130 → 1102(-28 for losing)
|raw|Rantix D Red's rating: 1093 → 1122(+29 for winning)
|l|☆Rantix D Red
|player|p2|
|l|☆bananapanner
|player|p1|
|j| tedidn
