|j|☆olafac
|j|☆dmac55
|html|olafacdmac55    
|uhtml|bestof|Game 1 of a best-of-3
|t:|1786126178
|gametype|doubles
|player|p1|olafac|cyrus|1258
|player|p2|dmac55|170|1337
|gen|9
|tier|[Gen 9 Champions] VGC 2026 Reg M-B (Bo3)
|rated|
|rule|Species Clause: Limit one of each Pokémon
|rule|Item Clause: Limit 1 of each item
|clearpoke
|poke|p1|Ceruledge, L50, F|
|poke|p1|Raichu, L50, M|
|poke|p1|Incineroar, L50, M|
|poke|p1|Sylveon, L50, F|
|poke|p1|Lopunny, L50, F|
|poke|p1|Whimsicott, L50, M|
|poke|p2|Vanilluxe, L50, F|
|poke|p2|Kingambit, L50, M|
|poke|p2|Raichu, L50, M|
|poke|p2|Basculegion, L50, M|
|poke|p2|Volcarona, L50, M|
|poke|p2|Garchomp, L50, M|
|teampreview|4
|showteam|p1|Ceruledge||FocusSash|WeakArmor|BitterBlade,ShadowSneak,SwordsDance,CloseCombat|Jolly||F|||50|]Raichu||RaichuniteY|LightningRod|ZapCannon,FocusBlast,Protect,GrassKnot|Timid||M|||50|]Incineroar||SitrusBerry|Intimidate|FlareBlitz,PartingShot,FakeOut,DarkestLariat|Adamant||M|||50|]Sylveon||FairyFeather|Pixilate|HyperVoice,HyperBeam,CalmMind,Protect|Modest||F|||50|]Lopunny||Lopunnite|Limber|Acrobatics,FakeOut,CloseCombat,Protect|Jolly||F|||50|]Whimsicott||MentalHerb|Prankster|Tailwind,Moonblast,Encore,SunnyDay|Bold||M|||50|
|showteam|p2|Vanilluxe||NeverMeltIce|SnowWarning|Blizzard,FreezeDry,IceShard,Protect|Modest||F|||50|]Kingambit||ChopleBerry|Defiant|KowtowCleave,SuckerPunch,IronHead,LowKick|Adamant||M|||50|]Raichu||RaichuniteY|LightningRod|FakeOut,ZapCannon,FocusBlast,Protect|Timid||M|||50|]Basculegion||ChoiceScarf|Adaptability|LastRespects,WaveCrash,AquaJet,FlipTurn|Jolly||M|||50|]Volcarona||SitrusBerry|FlameBody|Tailwind,RagePowder,HeatWave,AirSlash|Bold||M|||50|]Garchomp||LifeOrb|RoughSkin|DragonClaw,StompingTantrum,RockSlide,Protect|Jolly||M|||50|
|
|t:|1786126219
|teamsize|p1|4
|teamsize|p2|4
|start
|switch|p1a: Incineroar|Incineroar, L50, M|100/100
|switch|p1b: Whimsicott|Whimsicott, L50, M|100/100
|switch|p2a: Volcarona|Volcarona, L50, M|100/100
|switch|p2b: Vanilluxe|Vanilluxe, L50, F|100/100
|-ability|p1a: Incineroar|Intimidate|boost
|-unboost|p2a: Volcarona|atk|1
|-unboost|p2b: Vanilluxe|atk|1
|-weather|Snowscape|[from] ability: Snow Warning|[of] p2b: Vanilluxe
|turn|1
|
|t:|1786126234
|move|p1a: Incineroar|Fake Out|p2a: Volcarona
|-damage|p2a: Volcarona|87/100
|move|p1b: Whimsicott|Tailwind|p1b: Whimsicott
|-sidestart|p1: olafac|move: Tailwind
|cant|p2a: Volcarona|flinch
|move|p2b: Vanilluxe|Blizzard|p1b: Whimsicott|[spread] p1a,p1b
|-resisted|p1a: Incineroar|1
|-supereffective|p1b: Whimsicott|1
|-damage|p1a: Incineroar|73/100
|-damage|p1b: Whimsicott|0 fnt
|faint|p1b: Whimsicott
|
|-weather|Snowscape|[upkeep]
|upkeep
|
|t:|1786126244
|switch|p1b: Ceruledge|Ceruledge, L50, F|100/100
|turn|2
|
|t:|1786126255
|switch|p2b: Basculegion|Basculegion, L50, M|100/100
|move|p1b: Ceruledge|Swords Dance|p1b: Ceruledge
|-boost|p1b: Ceruledge|atk|2
|move|p1a: Incineroar|Flare Blitz|p2a: Volcarona
|-damage|p2a: Volcarona|29/100
|-enditem|p2a: Volcarona|Sitrus Berry|[eat]
|-heal|p2a: Volcarona|54/100|[from] item: Sitrus Berry
|-damage|p1a: Incineroar|52/100|[from] Recoil
|move|p2a: Volcarona|Tailwind|p2a: Volcarona
|-sidestart|p2: dmac55|move: Tailwind
|
|-weather|Snowscape|[upkeep]
|upkeep
|turn|3
|
|t:|1786126278
|move|p2a: Volcarona|Rage Powder|p2a: Volcarona
|-singleturn|p2a: Volcarona|move: Rage Powder
|move|p1b: Ceruledge|Shadow Sneak|p2a: Volcarona
|-damage|p2a: Volcarona|19/100
|move|p2b: Basculegion|Flip Turn|p1a: Incineroar
|-supereffective|p1a: Incineroar|1
|-damage|p1a: Incineroar|0 fnt
|faint|p1a: Incineroar
|
|t:|1786126287
|switch|p2b: Raichu|Raichu, L50, M|100/100|[from] Flip Turn
|
|-weather|Snowscape|[upkeep]
|upkeep
|
|t:|1786126290
|switch|p1a: Sylveon|Sylveon, L50, F|100/100
|turn|4
|
|t:|1786126302
|move|p1b: Ceruledge|Shadow Sneak|p2a: Volcarona
|-damage|p2a: Volcarona|0 fnt
|faint|p2a: Volcarona
|move|p2b: Raichu|Zap Cannon|p1b: Ceruledge|[miss]
|-miss|p2b: Raichu|p1b: Ceruledge
|move|p1a: Sylveon|Hyper Voice|p2b: Raichu
|-damage|p2b: Raichu|13/100
|
|-weather|Snowscape|[upkeep]
|-sideend|p1: olafac|move: Tailwind
|upkeep
|
|t:|1786126314
|switch|p2a: Basculegion|Basculegion, L50, M|100/100
|turn|5
|c|☆olafac|Did you forget to mega?
|
|t:|1786126324
|detailschange|p2b: Raichu|Raichu-Mega-Y, L50, M
|-mega|p2b: Raichu|Raichu|Raichunite Y
|move|p2a: Basculegion|Aqua Jet|p1b: Ceruledge
|-supereffective|p1b: Ceruledge|1
|-damage|p1b: Ceruledge|20/100y
|-ability|p1b: Ceruledge|Weak Armor|boost
|-unboost|p1b: Ceruledge|def|1
|-boost|p1b: Ceruledge|spe|2
|move|p1b: Ceruledge|Shadow Sneak|p2a: Basculegion
|-supereffective|p2a: Basculegion|1
|-damage|p2a: Basculegion|0 fnt
|faint|p2a: Basculegion
|move|p2b: Raichu|Zap Cannon|p1b: Ceruledge
|-damage|p1b: Ceruledge|0 fnt
|faint|p1b: Ceruledge
|move|p1a: Sylveon|Hyper Voice|p2b: Raichu
|-damage|p2b: Raichu|0 fnt
|faint|p2b: Raichu
|
|-weather|none
|-sideend|p2: dmac55|move: Tailwind
|upkeep
|-message|dmac55 forfeited.
|
|win|olafac
||olafac is ready for game 2.
