|j|☆grimmnay
|j|☆i still have it
|html|grimmnayi still have it    
|uhtml|bestof|Game 1 of a best-of-3
|t:|1756242958
|gametype|doubles
|player|p1|grimmnay|crasherwake|1370
|player|p2|i still have it|benga|1423
|gen|9
|tier|[Gen 9] VGC 2025 Reg H (Bo3)
|rated|
|rule|Species Clause: Limit one of each Pokémon
|rule|Item Clause: Limit 1 of each item
|clearpoke
|poke|p1|Archaludon, L50, F|
|poke|p1|Dragonite, L50, F|
|poke|p1|Pelipper, L50, M|
|poke|p1|Ursaluna, L50, F|
|poke|p1|Sinistcha, L50|
|poke|p1|Gholdengo, L50|
|poke|p2|Rillaboom, L50, M|
|poke|p2|Dragonite, L50, F|
|poke|p2|Incineroar, L50, M|
|poke|p2|Sneasler, L50, F|
|poke|p2|Kingambit, L50, M|
|poke|p2|Ninetales-Alola, L50, M|
|teampreview|4
|showteam|p1|Archaludon||AssaultVest|Stamina|FlashCannon,BodyPress,ElectroShot,Snarl|||F|||50|,,,,,Fighting]Dragonite||LoadedDice|Multiscale|ScaleShot,Tailwind,Haze,Protect|||F|||50|,,,,,Fairy]Pelipper||FocusSash|Drizzle|MuddyWater,Hurricane,Tailwind,Protect|||M|||50|,,,,,Ghost]Ursaluna||FlameOrb|Guts|Facade,HeadlongRush,Earthquake,Protect|||F|||50|,,,,,Ghost]Sinistcha||SitrusBerry|Hospitality|MatchaGotcha,LifeDew,RagePowder,TrickRoom||||||50|,,,,,Dark]Gholdengo||ChoiceScarf|GoodasGold|MakeItRain,ShadowBall,Trick,Protect||||||50|,,,,,Flying
|showteam|p2|Rillaboom||AssaultVest|GrassySurge|WoodHammer,Uturn,FakeOut,GrassyGlide|||M|||50|,,,,,Fire]Dragonite||LoadedDice|Multiscale|ScaleShot,Tailwind,Haze,Protect|||F|||50|,,,,,Steel]Incineroar||SafetyGoggles|Intimidate|FlareBlitz,KnockOff,FakeOut,PartingShot|||M|||50|,,,,,Ghost]Sneasler||FocusSash|PoisonTouch|CloseCombat,DireClaw,Coaching,Protect|||F|||50|,,,,,Stellar]Kingambit||DreadPlate|Defiant|KowtowCleave,SwordsDance,SuckerPunch,Protect|||M|||50|,,,,,Dark]Ninetales-Alola||CovertCloak|SnowWarning|FreezeDry,AuroraVeil,Blizzard,Protect|||M|||50|,,,,,Water
|inactive|Battle timer is ON: inactive players will automatically lose when time's up. (requested by grimmnay)
|inactive|grimmnay has 60 seconds left.
|inactive|i still have it has 60 seconds left.
|inactive|grimmnay has 30 seconds left.
|inactive|grimmnay has 20 seconds left.
|inactive|grimmnay has 15 seconds left.
|inactive|grimmnay has 10 seconds left.
|
|t:|1756243040
|teamsize|p1|4
|teamsize|p2|4
|start
|switch|p1a: Dragonite|Dragonite, L50, F|100/100
|switch|p1b: Sinistcha|Sinistcha, L50|100/100
|switch|p2a: Kingambit|Kingambit, L50, M|100/100
|switch|p2b: Sneasler|Sneasler, L50, F|100/100
|turn|1
|inactive|i still have it has 30 seconds left.
|inactive|i still have it has 20 seconds left.
|inactive|i still have it has 15 seconds left.
|
|t:|1756243086
|switch|p1b: Archaludon|Archaludon, L50, F|100/100
|-terastallize|p2a: Kingambit|Dark
|move|p2b: Sneasler|Close Combat|p1b: Archaludon
|-supereffective|p1b: Archaludon
|-damage|p1b: Archaludon|5/100
|-unboost|p2b: Sneasler|def|1
|-unboost|p2b: Sneasler|spd|1
|-ability|p1b: Archaludon|Stamina|boost
|-boost|p1b: Archaludon|def|1
|move|p1a: Dragonite|Scale Shot|p2b: Sneasler
|-damage|p2b: Sneasler|64/100
|-damage|p2b: Sneasler|22/100
|-damage|p2b: Sneasler|0 fnt
|faint|p2b: Sneasler
|-hitcount|p2: Sneasler|3
|-unboost|p1a: Dragonite|def|1
|-boost|p1a: Dragonite|spe|1
|move|p2a: Kingambit|Kowtow Cleave|p1b: Archaludon
|-damage|p1b: Archaludon|0 fnt
|faint|p1b: Archaludon
|
|upkeep
|inactive|grimmnay has 30 seconds left.
|
|t:|1756243112
|switch|p2b: Incineroar|Incineroar, L50, M|100/100
|switch|p1b: Sinistcha|Sinistcha, L50|100/100
|-ability|p2b: Incineroar|Intimidate|boost
|-unboost|p1a: Dragonite|atk|1
|-unboost|p1b: Sinistcha|atk|1
|turn|2
|inactive|i still have it has 30 seconds left.
|
|t:|1756243139
|switch|p1a: Ursaluna|Ursaluna, L50, F|100/100
|-terastallize|p1b: Sinistcha|Dark
|move|p2b: Incineroar|Fake Out|p1b: Sinistcha
|-damage|p1b: Sinistcha|90/100
|move|p2a: Kingambit|Kowtow Cleave|p1b: Sinistcha
|-resisted|p1b: Sinistcha
|-damage|p1b: Sinistcha|58/100
|cant|p1b: Sinistcha|flinch
|
|-status|p1a: Ursaluna|brn|[from] item: Flame Orb
|upkeep
|turn|3
|inactive|grimmnay has 30 seconds left.
|inactive|grimmnay has 20 seconds left.
|
|t:|1756243177
|move|p1b: Sinistcha|Rage Powder|p1b: Sinistcha
|-singleturn|p1b: Sinistcha|move: Rage Powder
|move|p2b: Incineroar|Flare Blitz|p1b: Sinistcha
|-damage|p1b: Sinistcha|13/100
|-enditem|p1b: Sinistcha|Sitrus Berry|[eat]
|-heal|p1b: Sinistcha|38/100|[from] item: Sitrus Berry
|-damage|p2b: Incineroar|87/100|[from] Recoil
|move|p1a: Ursaluna|Facade|p2b: Incineroar
|-damage|p2b: Incineroar|0 fnt
|faint|p2b: Incineroar
|move|p2a: Kingambit|Kowtow Cleave|p1b: Sinistcha
|-resisted|p1b: Sinistcha
|-damage|p1b: Sinistcha|3/100
|
|-damage|p1a: Ursaluna|94/100 brn|[from] brn
|upkeep
|
|t:|1756243183
|switch|p2b: Ninetales|Ninetales-Alola, L50, M|100/100
|-weather|Snowscape|[from] ability: Snow Warning|[of] p2b: Ninetales
|turn|4
|inactive|grimmnay has 30 seconds left.
|inactive|grimmnay has 20 seconds left.
|inactive|grimmnay has 15 seconds left.
|inactive|grimmnay has 10 seconds left.
|
|t:|1756243230
|move|p1a: Ursaluna|Protect|p1a: Ursaluna
|-singleturn|p1a: Ursaluna|Protect
|move|p2a: Kingambit|Sucker Punch||[still]
|-fail|p2a: Kingambit
|move|p2b: Ninetales|Blizzard|p1b: Sinistcha|[spread] p1b
|-activate|p1a: Ursaluna|move: Protect
|-damage|p1b: Sinistcha|0 fnt
|faint|p1b: Sinistcha
|
|-weather|Snowscape|[upkeep]
|-damage|p1a: Ursaluna|88/100 brn|[from] brn
|upkeep
|
|t:|1756243232
|switch|p1b: Dragonite|Dragonite, L50, F|100/100
|turn|5
|
|t:|1756243250
|move|p2a: Kingambit|Sucker Punch|p1a: Ursaluna
|-crit|p1a: Ursaluna
|-damage|p1a: Ursaluna|23/100 brn
|move|p2b: Ninetales|Blizzard|p1a: Ursaluna|[spread] p1a,p1b
|-supereffective|p1a: Ursaluna
|-supereffective|p1b: Dragonite
|-damage|p1a: Ursaluna|0 fnt
|-damage|p1b: Dragonite|52/100
|faint|p1a: Ursaluna
|move|p1b: Dragonite|Tailwind|p1b: Dragonite
|-sidestart|p1: grimmnay|move: Tailwind
|
|-weather|Snowscape|[upkeep]
|upkeep
|turn|6
|-message|grimmnay forfeited.
|
|win|i still have it
||i still have it is ready for game 2.
||grimmnay is ready for game 2.
|uhtml|next|Next: Game 2 of 3
|l|☆i still have it
|player|p2|
