|j|☆Lord_of_Ewoks
|j|☆soulmoonvgc
|html|Lord_of_Ewokssoulmoonvgc    
|uhtml|bestof|Game 2 of a best-of-3
|t:|1782759307
|gametype|doubles
|player|p1|Lord_of_Ewoks|lass-gen4|1127
|player|p2|soulmoonvgc|marshal|1117
|gen|9
|tier|[Gen 9 Champions] VGC 2026 Reg M-B (Bo3)
|rated|
|rule|Species Clause: Limit one of each Pokémon
|rule|Item Clause: Limit 1 of each item
|clearpoke
|poke|p1|Cofagrigus, L50, F|
|poke|p1|Sinistcha, L50|
|poke|p1|Mawile, L50, M|
|poke|p1|Primarina, L50, M|
|poke|p1|Incineroar, L50, F|
|poke|p1|Garganacl, L50, M|
|poke|p2|Aerodactyl, L50, F|
|poke|p2|Scovillain, L50, M|
|poke|p2|Gholdengo, L50|
|poke|p2|Sneasler, L50, M|
|poke|p2|Basculegion, L50, M|
|poke|p2|Garchomp, L50, F|
|teampreview|4
|showteam|p1|Cofagrigus||Leftovers|Mummy|Hex,WillOWisp,TrickRoom,Protect|Sassy||F|||50|]Sinistcha||SitrusBerry|Hospitality|MatchaGotcha,LifeDew,TrickRoom,Protect|Bold|||||50|]Mawile||Mawilite|Intimidate|IronHead,PlayRough,SuckerPunch,Protect|Adamant||M|||50|]Primarina||MysticWater|LiquidVoice|HyperVoice,Moonblast,EnergyBall,Protect|Modest||M|||50|]Incineroar||Charcoal|Intimidate|FakeOut,FlareBlitz,DarkestLariat,PartingShot|Adamant||F|||50|]Garganacl||FocusSash|PurifyingSalt|SaltCure,BodyPress,Recover,Protect|Relaxed||M|||50|
|showteam|p2|Aerodactyl||Aerodactylite|Unnerve|DualWingbeat,Tailwind,RockSlide,Protect|Jolly||F|||50|]Scovillain||Scovillainite|Moody|Overheat,LeechSeed,RagePowder,Protect|Calm||M|||50|]Gholdengo||LifeOrb|GoodasGold|MakeItRain,ShadowBall,NastyPlot,Protect|Modest|||||50|]Sneasler||FocusSash|Unburden|CloseCombat,DireClaw,FakeOut,QuickGuard|Jolly||M|||50|]Basculegion||ChoiceScarf|Adaptability|WaveCrash,FlipTurn,LastRespects,AquaJet|Jolly||M|||50|]Garchomp||ExpertBelt|RoughSkin|Earthquake,DragonClaw,RockSlide,Protect|Jolly||F|||50|
|inactive|Battle timer is ON: inactive players will automatically lose when time's up. (requested by soulmoonvgc)
|
|t:|1782759326
|teamsize|p1|4
|teamsize|p2|4
|start
|switch|p1a: Cofagrigus|Cofagrigus, L50, F|100/100
|switch|p1b: Incineroar|Incineroar, L50, F|100/100
|switch|p2a: Sneasler|Sneasler, L50, M|100/100
|switch|p2b: Gholdengo|Gholdengo, L50|100/100
|-ability|p1b: Incineroar|Intimidate|boost
|-unboost|p2a: Sneasler|atk|1
|-unboost|p2b: Gholdengo|atk|1
|turn|1
|
|t:|1782759334
|move|p2a: Sneasler|Fake Out|p1b: Incineroar
|-damage|p1b: Incineroar|90/100
|cant|p1b: Incineroar|flinch
|move|p2b: Gholdengo|Shadow Ball|p1a: Cofagrigus
|-supereffective|p1a: Cofagrigus|1
|-damage|p1a: Cofagrigus|10/100
|-damage|p2b: Gholdengo|90/100|[from] item: Life Orb
|move|p1a: Cofagrigus|Trick Room|p1a: Cofagrigus
|-fieldstart|move: Trick Room|[of] p1a: Cofagrigus
|
|-heal|p1a: Cofagrigus|16/100|[from] item: Leftovers
|upkeep
|turn|2
|
|t:|1782759348
|switch|p2a: Scovillain|Scovillain, L50, M|100/100
|move|p2b: Gholdengo|Protect|p2b: Gholdengo
|-singleturn|p2b: Gholdengo|Protect
|move|p1a: Cofagrigus|Will-O-Wisp|p2a: Scovillain
|-immune|p2a: Scovillain
|move|p1b: Incineroar|Flare Blitz|p2b: Gholdengo
|-activate|p2b: Gholdengo|move: Protect
|
|-heal|p1a: Cofagrigus|23/100|[from] item: Leftovers
|-ability|p2a: Scovillain|Moody|boost
|-boost|p2a: Scovillain|spa|2
|-unboost|p2a: Scovillain|atk|1
|upkeep
|turn|3
|
|t:|1782759361
|detailschange|p2a: Scovillain|Scovillain-Mega, L50, M
|-mega|p2a: Scovillain|Scovillain|Scovillainite
|move|p1a: Cofagrigus|Protect|p1a: Cofagrigus
|-singleturn|p1a: Cofagrigus|Protect
|move|p2a: Scovillain|Rage Powder|p2a: Scovillain
|-singleturn|p2a: Scovillain|move: Rage Powder
|move|p1b: Incineroar|Flare Blitz|p2a: Scovillain
|-damage|p2a: Scovillain|28/100
|-immune|p1b: Incineroar
|-damage|p1b: Incineroar|70/100|[from] Recoil
|move|p2b: Gholdengo|Nasty Plot|p2b: Gholdengo
|-boost|p2b: Gholdengo|spa|2
|
|-heal|p1a: Cofagrigus|29/100|[from] item: Leftovers
|upkeep
|turn|4
|
|t:|1782759373
|move|p2a: Scovillain|Protect|p2a: Scovillain
|-singleturn|p2a: Scovillain|Protect
|move|p2b: Gholdengo|Protect|p2b: Gholdengo
|-singleturn|p2b: Gholdengo|Protect
|move|p1a: Cofagrigus|Hex|p2a: Scovillain
|-activate|p2a: Scovillain|move: Protect
|move|p1b: Incineroar|Flare Blitz|p2b: Gholdengo
|-activate|p2b: Gholdengo|move: Protect
|
|-heal|p1a: Cofagrigus|35/100|[from] item: Leftovers
|upkeep
|turn|5
|
|t:|1782759384
|move|p2a: Scovillain|Protect|p2a: Scovillain
|-singleturn|p2a: Scovillain|Protect
|move|p2b: Gholdengo|Protect|p2b: Gholdengo
|-singleturn|p2b: Gholdengo|Protect
|move|p1a: Cofagrigus|Hex|p2a: Scovillain
|-activate|p2a: Scovillain|move: Protect
|move|p1b: Incineroar|Flare Blitz|p2b: Gholdengo
|-activate|p2b: Gholdengo|move: Protect
|
|-heal|p1a: Cofagrigus|41/100|[from] item: Leftovers
|-fieldend|move: Trick Room
|upkeep
|turn|6
|c|☆Lord_of_Ewoks|nice double
|
|t:|1782759402
|move|p1a: Cofagrigus|Protect|p1a: Cofagrigus
|-singleturn|p1a: Cofagrigus|Protect
|move|p2b: Gholdengo|Make It Rain|p1b: Incineroar|[spread] p1b
|-activate|p1a: Cofagrigus|move: Protect
|-resisted|p1b: Incineroar|1
|-damage|p1b: Incineroar|20/100r
|-unboost|p2b: Gholdengo|spa|2
|-damage|p2b: Gholdengo|80/100|[from] item: Life Orb
|move|p2a: Scovillain|Overheat|p1b: Incineroar
|-resisted|p1b: Incineroar|1
|-damage|p1b: Incineroar|0 fnt
|-unboost|p2a: Scovillain|spa|2
|faint|p1b: Incineroar
|
|-heal|p1a: Cofagrigus|48/100|[from] item: Leftovers
|upkeep
|
|t:|1782759416
|switch|p1b: Primarina|Primarina, L50, M|100/100
|turn|7
|
|t:|1782759430
|move|p2b: Gholdengo|Make It Rain|p1b: Primarina|[spread] p1a,p1b
|-damage|p1a: Cofagrigus|0 fnt
|-damage|p1b: Primarina|44/100
|-unboost|p2b: Gholdengo|spa|2
|faint|p1a: Cofagrigus
|-damage|p2b: Gholdengo|70/100|[from] item: Life Orb
|move|p2a: Scovillain|Leech Seed|p1b: Primarina
|-start|p1b: Primarina|move: Leech Seed
|move|p1b: Primarina|Hyper Voice|p2b: Gholdengo|[spread] p2a,p2b
|-damage|p2a: Scovillain|0 fnt
|-damage|p2b: Gholdengo|23/100
|-status|p1b: Primarina|brn|[from] ability: Spicy Spray|[of] p2a: Scovillain
|faint|p2a: Scovillain
|
|-damage|p1b: Primarina|39/100 brn|[from] brn
|upkeep
|
|t:|1782759440
|switch|p2a: Sneasler|Sneasler, L50, M|100/100
|switch|p1a: Mawile|Mawile, L50, M|100/100
|-ability|p1a: Mawile|Intimidate|boost
|-unboost|p2a: Sneasler|atk|1
|-unboost|p2b: Gholdengo|atk|1
|turn|8
|
|t:|1782759450
|switch|p2b: Garchomp|Garchomp, L50, F|100/100
|detailschange|p1a: Mawile|Mawile-Mega, L50, M
|-mega|p1a: Mawile|Mawile|Mawilite
|move|p1a: Mawile|Sucker Punch|p2a: Sneasler
|-resisted|p2a: Sneasler|1
|-damage|p2a: Sneasler|58/100
|move|p2a: Sneasler|Dire Claw|p1b: Primarina
|-supereffective|p1b: Primarina|1
|-damage|p1b: Primarina|0 fnt
|faint|p1b: Primarina
|
|upkeep
|turn|9
|
|t:|1782759461
|switch|p2a: Gholdengo|Gholdengo, L50|23/100
|move|p2b: Garchomp|Earthquake|p1a: Mawile|[spread] p2a,p1a
|-supereffective|p2a: Gholdengo|1
|-supereffective|p1a: Mawile|1
|-damage|p2a: Gholdengo|0 fnt
|-damage|p1a: Mawile|6/100
|faint|p2a: Gholdengo
|move|p1a: Mawile|Play Rough|p2b: Garchomp
|-supereffective|p2b: Garchomp|1
|-damage|p2b: Garchomp|0 fnt
|-damage|p1a: Mawile|0 fnt|[from] ability: Rough Skin|[of] p2b: Garchomp
|faint|p2b: Garchomp
|faint|p1a: Mawile
|
|win|soulmoonvgc
