|j|☆jdhdjsidhx
|j|☆vfdg
|html|jdhdjsidhxvfdg    
|uhtml|bestof|Game 2 of a best-of-3
|t:|1784146918
|gametype|doubles
|player|p1|jdhdjsidhx|266|
|player|p2|vfdg|170|
|gen|9
|tier|[Gen 9 Champions] VGC 2026 Reg M-B (Bo3)
|rule|Species Clause: Limit one of each Pokémon
|rule|Item Clause: Limit 1 of each item
|clearpoke
|poke|p1|Staraptor, L50, F|
|poke|p1|Whimsicott, L50, M|
|poke|p1|Grimmsnarl, L50, M|
|poke|p1|Incineroar, L50, F|
|poke|p1|Farigiraf, L50, F|
|poke|p1|Corviknight, L50, F|
|poke|p2|Ninetales, L50, F|
|poke|p2|Ceruledge, L50, F|
|poke|p2|Gholdengo, L50|
|poke|p2|Zoroark-Hisui, L50, M|
|poke|p2|Umbreon, L50, F|
|poke|p2|Sylveon, L50, M|
|teampreview|4
|showteam|p1|Staraptor||Staraptite|Intimidate|Protect,CloseCombat,BraveBird,Roost|Jolly||F|||50|]Whimsicott||Leftovers|Prankster|Tailwind,Charm,Moonblast,FakeTears|Calm||M|||50|]Grimmsnarl||LightClay|Prankster|Reflect,LightScreen,PartingShot,SpiritBreak|Impish||M|||50|]Incineroar||SitrusBerry|Intimidate|FakeOut,WillOWisp,FlameCharge,PartingShot|Impish||F|||50|]Farigiraf||WiseGlasses|ArmorTail|HelpingHand,TrickRoom,HyperVoice,Psychic|Timid||F|||50|]Corviknight||BrightPowder|MirrorArmor|BodyPress,IronDefense,Protect,BraveBird|Impish||F|||50|
|showteam|p2|Ninetales||LifeOrb|Drought|Protect,CalmMind,EnergyBall,SunnyDay|Serious||F|||50|]Ceruledge||Leftovers|FlashFire|NightSlash,Protect,Taunt,ShadowBall|Serious||F|||50|]Gholdengo||FocusSash|GoodasGold|Protect,Surf,FocusPunch,LightScreen|Serious|||||50|]Zoroark-Hisui||MentalHerb|Illusion|Crunch,Detect,Protect,FocusPunch|Serious||M|||50|]Umbreon||BlackGlasses|InnerFocus|Crunch,DarkPulse,Protect,Moonlight|Serious||F|||50|]Sylveon||Charcoal|Pixilate|Protect,HelpingHand,SkillSwap,DrainingKiss|Serious||M|||50|
|
|t:|1784146956
|teamsize|p1|4
|teamsize|p2|4
|start
|switch|p1a: Grimmsnarl|Grimmsnarl, L50, M|100/100
|switch|p1b: Staraptor|Staraptor, L50, F|100/100
|switch|p2a: Ninetales|Ninetales, L50, F|100/100
|switch|p2b: Sylveon|Sylveon, L50, M|100/100
|-ability|p1b: Staraptor|Intimidate|boost
|-unboost|p2a: Ninetales|atk|1
|-unboost|p2b: Sylveon|atk|1
|-weather|SunnyDay|[from] ability: Drought|[of] p2a: Ninetales
|turn|1
|
|t:|1784146977
|detailschange|p1b: Staraptor|Staraptor-Mega, L50, F
|-mega|p1b: Staraptor|Staraptor|Staraptite
|move|p2b: Sylveon|Helping Hand|p2a: Ninetales
|-singleturn|p2a: Ninetales|Helping Hand|[of] p2b: Sylveon
|move|p1a: Grimmsnarl|Parting Shot|p1b: Staraptor
|-boost|p1b: Staraptor|atk|1
|-boost|p1b: Staraptor|spa|1
|
|t:|1784146987
|switch|p1a: Incineroar|Incineroar, L50, F|100/100|[from] Parting Shot
|-ability|p1a: Incineroar|Intimidate|boost
|-unboost|p2a: Ninetales|atk|1
|-unboost|p2b: Sylveon|atk|1
|move|p1b: Staraptor|Close Combat|p2a: Ninetales
|-damage|p2a: Ninetales|0 fnt
|-boost|p1b: Staraptor|def|1
|-boost|p1b: Staraptor|spd|1
|faint|p2a: Ninetales
|
|-weather|SunnyDay|[upkeep]
|upkeep
|
|t:|1784147000
|switch|p2a: Ceruledge|Ceruledge, L50, F|100/100
|turn|2
|
|t:|1784147013
|move|p2a: Ceruledge|Detect|p2a: Ceruledge
|-singleturn|p2a: Ceruledge|Protect
|move|p1a: Incineroar|Fake Out|p2b: Sylveon
|-damage|p2b: Sylveon|86/100
|move|p1b: Staraptor|Close Combat|p2b: Sylveon
|-resisted|p2b: Sylveon|1
|-damage|p2b: Sylveon|32/100
|-boost|p1b: Staraptor|def|1
|-boost|p1b: Staraptor|spd|1
|cant|p2b: Sylveon|flinch
|
|-weather|SunnyDay|[upkeep]
|upkeep
|turn|3
|
|t:|1784147032
|move|p2a: Ceruledge|Protect|p2a: Ceruledge
|-singleturn|p2a: Ceruledge|Protect
|move|p2b: Sylveon|Protect|p2b: Sylveon
|-singleturn|p2b: Sylveon|Protect
|move|p1b: Staraptor|Close Combat|p2b: Sylveon
|-activate|p2b: Sylveon|move: Protect
|move|p1a: Incineroar|Parting Shot|p1b: Staraptor
|-boost|p1b: Staraptor|atk|1
|-boost|p1b: Staraptor|spa|1
|
|t:|1784147043
|switch|p1a: Grimmsnarl|Grimmsnarl, L50, M|100/100|[from] Parting Shot
|
|-weather|SunnyDay|[upkeep]
|upkeep
|turn|4
|
|t:|1784147053
|move|p2a: Ceruledge|Protect||[still]
|-fail|p2a: Ceruledge
|move|p2b: Sylveon|Protect||[still]
|-fail|p2b: Sylveon
|move|p1a: Grimmsnarl|Parting Shot|p1b: Staraptor
|-boost|p1b: Staraptor|atk|1
|-boost|p1b: Staraptor|spa|1
|
|t:|1784147061
|switch|p1a: Incineroar|Incineroar, L50, F|100/100|[from] Parting Shot
|-ability|p1a: Incineroar|Intimidate|boost
|-unboost|p2a: Ceruledge|atk|1
|-unboost|p2b: Sylveon|atk|1
|move|p1b: Staraptor|Close Combat|p2b: Sylveon
|-resisted|p2b: Sylveon|1
|-damage|p2b: Sylveon|0 fnt
|-boost|p1b: Staraptor|def|1
|-boost|p1b: Staraptor|spd|1
|faint|p2b: Sylveon
|
|-weather|SunnyDay|[upkeep]
|upkeep
|
|t:|1784147074
|switch|p2b: Ceruledge|Ceruledge, L50, F|100/100
|turn|5
|
|t:|1784147092
|-singleturn|p2a: Ceruledge|move: Focus Punch
|move|p1b: Staraptor|Brave Bird|p2a: Ceruledge
|-damage|p2a: Ceruledge|0 fnt
|replace|p2a: Zoroark|Zoroark-Hisui, L50, M
|-end|p2a: Zoroark|Illusion
|faint|p2a: Zoroark
|-damage|p1b: Staraptor|73/100|[from] Recoil
|move|p2b: Ceruledge|Taunt|p1a: Incineroar
|-start|p1a: Incineroar|move: Taunt
|cant|p1a: Incineroar|move: Taunt|Parting Shot
|
|-weather|none
|upkeep
|turn|6
|
|t:|1784147108
|move|p1b: Staraptor|Brave Bird|p2b: Ceruledge
|-damage|p2b: Ceruledge|0 fnt
|faint|p2b: Ceruledge
|-damage|p1b: Staraptor|42/100|[from] Recoil
|
|win|jdhdjsidhx
