|j|☆lemons2738
|j|☆Il Mule
|html|lemons2738Il Mule    
|uhtml|bestof|Game 1 of a best-of-3
|t:|1784732812
|gametype|doubles
|player|p1|lemons2738|benga|1362
|player|p2|Il Mule|salvatore|1538
|gen|9
|tier|[Gen 9 Champions] VGC 2026 Reg M-B (Bo3)
|rated|
|rule|Species Clause: Limit one of each Pokémon
|rule|Item Clause: Limit 1 of each item
|clearpoke
|poke|p1|Tyranitar, L50, F|
|poke|p1|Excadrill, L50, M|
|poke|p1|Gholdengo, L50|
|poke|p1|Sinistcha, L50|
|poke|p1|Milotic, L50, F|
|poke|p1|Staraptor, L50, M|
|poke|p2|Excadrill, L50, F|
|poke|p2|Tyranitar, L50, F|
|poke|p2|Sneasler, L50, M|
|poke|p2|Incineroar, L50, F|
|poke|p2|Froslass, L50, F|
|poke|p2|Sinistcha, L50|
|teampreview|4
|showteam|p1|Tyranitar||Tyranitarite|SandStream|RockSlide,KnockOff,LowKick,Protect|Adamant||F|||50|]Excadrill||FocusSash|SandRush|IronHead,HighHorsepower,RockSlide,Protect|Adamant||M|||50|]Gholdengo||LifeOrb|GoodasGold|ShadowBall,MakeItRain,NastyPlot,Protect|Modest|||||50|]Sinistcha||ColburBerry|Hospitality|MatchaGotcha,RagePowder,TrickRoom,Protect|Bold|||||50|]Milotic||SitrusBerry|Competitive|Scald,IceBeam,Recover,Protect|Modest||F|||50|]Staraptor||Staraptite|Intimidate|BraveBird,CloseCombat,Tailwind,Protect|Jolly||M|||50|
|showteam|p2|Excadrill||FocusSash|SandRush|HighHorsepower,RockSlide,IronHead,Protect|Adamant||F|||50|]Tyranitar||Tyranitarite|SandStream|KnockOff,RockSlide,DragonDance,Protect|Adamant||F|||50|]Sneasler||WhiteHerb|Unburden|CloseCombat,DireClaw,Coaching,FakeOut|Jolly||M|||50|]Incineroar||SitrusBerry|Intimidate|FlareBlitz,HelpingHand,PartingShot,FakeOut|Impish||F|||50|]Froslass||Froslassite|CursedBody|Blizzard,ShadowBall,NastyPlot,Protect|Timid||F|||50|]Sinistcha||ColburBerry|Hospitality|ShadowBall,LeafStorm,RagePowder,Protect|Bold|||||50|
|inactive|Battle timer is ON: inactive players will automatically lose when time's up. (requested by lemons2738)
|inactive|lemons2738 has 60 seconds left.
|inactive|Il Mule has 60 seconds left.
|inactive|lemons2738 has 30 seconds left.
|
|t:|1784732879
|teamsize|p1|4
|teamsize|p2|4
|start
|switch|p1a: Milotic|Milotic, L50, F|100/100
|switch|p1b: Staraptor|Staraptor, L50, M|100/100
|switch|p2a: Gervasoni|Excadrill, L50, F|100/100
|switch|p2b: odi et amo|Froslass, L50, F|100/100
|-ability|p1b: Staraptor|Intimidate|boost
|-unboost|p2a: Gervasoni|atk|1
|-unboost|p2b: odi et amo|atk|1
|turn|1
|inactive|lemons2738 has 30 seconds left.
|inactive|Il Mule has 30 seconds left.
|
|t:|1784732912
|switch|p2a: Las brulè|Sinistcha, L50|100/100
|detailschange|p2b: odi et amo|Froslass-Mega, L50, F
|-mega|p2b: odi et amo|Froslass|Froslassite
|-weather|Snowscape|[from] ability: Snow Warning|[of] p2b: odi et amo
|detailschange|p1b: Staraptor|Staraptor-Mega, L50, M
|-mega|p1b: Staraptor|Staraptor|Staraptite
|move|p2b: odi et amo|Nasty Plot|p2b: odi et amo
|-boost|p2b: odi et amo|spa|2
|move|p1b: Staraptor|Tailwind|p1b: Staraptor
|-sidestart|p1: lemons2738|move: Tailwind
|move|p1a: Milotic|Scald|p2a: Las brulè
|-resisted|p2a: Las brulè|1
|-damage|p2a: Las brulè|85/100
|-status|p2a: Las brulè|brn
|
|-weather|Snowscape|[upkeep]
|-damage|p2a: Las brulè|79/100 brn|[from] brn
|upkeep
|turn|2
|inactive|lemons2738 has 30 seconds left.
|
|t:|1784732943
|move|p1b: Staraptor|Brave Bird|p2a: Las brulè
|-supereffective|p2a: Las brulè|1
|-damage|p2a: Las brulè|0 fnt
|faint|p2a: Las brulè
|-damage|p1b: Staraptor|74/100|[from] Recoil
|move|p1a: Milotic|Scald|p2b: odi et amo
|-damage|p2b: odi et amo|64/100
|move|p2b: odi et amo|Blizzard|p1b: Staraptor|[spread] p1a,p1b
|-resisted|p1a: Milotic|1
|-supereffective|p1b: Staraptor|1
|-damage|p1a: Milotic|69/100
|-damage|p1b: Staraptor|0 fnt
|faint|p1b: Staraptor
|
|-weather|Snowscape|[upkeep]
|upkeep
|
|t:|1784732955
|switch|p1b: Gholdengo|Gholdengo, L50|100/100
|switch|p2a: Gervasoni|Excadrill, L50, F|100/100
|turn|3
|inactive|Il Mule has 30 seconds left.
|inactive|Il Mule has 20 seconds left.
|inactive|Il Mule has 15 seconds left.
|
|t:|1784732996
|switch|p2b: Sidy|Incineroar, L50, F|100/100
|-ability|p2b: Sidy|Intimidate|boost
|-unboost|p1a: Milotic|atk|1
|-ability|p1a: Milotic|Competitive|boost
|-boost|p1a: Milotic|spa|2
|-unboost|p1b: Gholdengo|atk|1
|move|p2a: Gervasoni|Protect|p2a: Gervasoni
|-singleturn|p2a: Gervasoni|Protect
|move|p1b: Gholdengo|Make It Rain|p2a: Gervasoni|[spread] p2b
|-activate|p2a: Gervasoni|move: Protect
|-resisted|p2b: Sidy|1
|-damage|p2b: Sidy|73/100
|-unboost|p1b: Gholdengo|spa|2
|-damage|p1b: Gholdengo|90/100|[from] item: Life Orb
|move|p1a: Milotic|Scald|p2a: Gervasoni
|-activate|p2a: Gervasoni|move: Protect
|
|-weather|Snowscape|[upkeep]
|upkeep
|turn|4
|
|t:|1784733016
|switch|p1b: Sinistcha|Sinistcha, L50|100/100
|-heal|p1a: Milotic|94/100|[from] ability: Hospitality|[of] p1b: Sinistcha
|move|p2b: Sidy|Fake Out|p1a: Milotic
|-damage|p1a: Milotic|84/100
|cant|p1a: Milotic|flinch
|move|p2a: Gervasoni|High Horsepower|p1a: Milotic
|-damage|p1a: Milotic|27/100
|-enditem|p1a: Milotic|Sitrus Berry|[eat]
|-heal|p1a: Milotic|52/100|[from] item: Sitrus Berry
|
|-weather|Snowscape|[upkeep]
|-sideend|p1: lemons2738|move: Tailwind
|upkeep
|turn|5
|
|t:|1784733039
|move|p2a: Gervasoni|Protect|p2a: Gervasoni
|-singleturn|p2a: Gervasoni|Protect
|move|p1a: Milotic|Recover|p1a: Milotic
|-heal|p1a: Milotic|100/100
|move|p2b: Sidy|Flare Blitz|p1b: Sinistcha
|-supereffective|p1b: Sinistcha|1
|-damage|p1b: Sinistcha|17/100
|-damage|p2b: Sidy|50/100y|[from] Recoil
|-enditem|p2b: Sidy|Sitrus Berry|[eat]
|-heal|p2b: Sidy|74/100|[from] item: Sitrus Berry
|move|p1b: Sinistcha|Trick Room|p1b: Sinistcha
|-fieldstart|move: Trick Room|[of] p1b: Sinistcha
|
|-weather|none
|upkeep
|turn|6
|
|t:|1784733058
|move|p2b: Sidy|Flare Blitz|p1b: Sinistcha
|-supereffective|p1b: Sinistcha|1
|-damage|p1b: Sinistcha|0 fnt
|faint|p1b: Sinistcha
|-damage|p2b: Sidy|69/100|[from] Recoil
|move|p1a: Milotic|Scald|p2b: Sidy
|-supereffective|p2b: Sidy|1
|-damage|p2b: Sidy|0 fnt
|faint|p2b: Sidy
|move|p2a: Gervasoni|High Horsepower|p1a: Milotic
|-damage|p1a: Milotic|50/100g
|
|upkeep
|
|t:|1784733069
|switch|p2b: odi et amo|Froslass-Mega, L50, F|64/100
|switch|p1b: Gholdengo|Gholdengo, L50|90/100
|-weather|Snowscape|[from] ability: Snow Warning|[of] p2b: odi et amo
|turn|7
|
|t:|1784733080
|move|p2a: Gervasoni|Protect|p2a: Gervasoni
|-singleturn|p2a: Gervasoni|Protect
|move|p1a: Milotic|Scald|p2a: Gervasoni
|-activate|p2a: Gervasoni|move: Protect
|move|p1b: Gholdengo|Make It Rain|p2a: Gervasoni|[spread] p2b
|-activate|p2a: Gervasoni|move: Protect
|-supereffective|p2b: odi et amo|1
|-damage|p2b: odi et amo|0 fnt
|-unboost|p1b: Gholdengo|spa|2
|faint|p2b: odi et amo
|-damage|p1b: Gholdengo|81/100|[from] item: Life Orb
|
|-weather|Snowscape|[upkeep]
|upkeep
|turn|8
|-message|Il Mule forfeited.
|
|win|lemons2738
|l|☆Il Mule
|player|p2|
||Il Mule is ready for game 2.
|j| lakaka siuuu
||lemons2738 is ready for game 2.
|uhtml|next|Next: Game 2 of 3
|j| tirannosauro
|j| Tridello
|j| kelso shrug
|l| Tridello
|l| tirannosauro
|j| Tridello
|l| kelso shrug
|l| Tridello
|l| lakaka siuuu
