|j|ŌśåSpookz_Legend
|j|Ōśåronansting
|html|Spookz_Legendronansting    
|uhtml|bestof|Game 3 of a best-of-3
|t:|1756220085
|gametype|doubles
|player|p1|Spookz_Legend|cheren-gen5bw2|
|player|p2|ronansting|baker|
|gen|9
|tier|[Gen 9] VGC 2025 Reg H (Bo3)
|rule|Species Clause: Limit one of each Pok├®mon
|rule|Item Clause: Limit 1 of each item
|clearpoke
|poke|p1|Eiscue, L50, M|
|poke|p1|Ninetales-Alola, L50, M|
|poke|p1|Garchomp, L50, F|
|poke|p1|Talonflame, L50, F|
|poke|p1|Rillaboom, L50, M|
|poke|p1|Gholdengo, L50|
|poke|p2|Archaludon, L50, F|
|poke|p2|Pelipper, L50, M|
|poke|p2|Indeedee, L50, M|
|poke|p2|Amoonguss, L50, F|
|poke|p2|Basculegion, L50, M|
|poke|p2|Hydreigon, L50, M|
|teampreview|4
|showteam|p1|Eiscue||CovertCloak|IceFace|IcicleCrash,Liquidation,BellyDrum,Protect|||M|||50|,,,,,Water]Ninetales-Alola||FocusSash|SnowWarning|Blizzard,Moonblast,AuroraVeil,Protect|||M|||50|,,,,,Ghost]Garchomp||ClearAmulet|RoughSkin|Earthquake,StompingTantrum,DragonClaw,Protect|||F|||50|,,,,,Steel]Talonflame||SharpBeak|GaleWings|BraveBird,FlareBlitz,Taunt,Tailwind|||F|||50|,,,,,Ghost]Rillaboom||AssaultVest|GrassySurge|GrassyGlide,WoodHammer,Uturn,FakeOut|||M|||50|,,,,,Fire]Gholdengo||ChoiceSpecs|GoodasGold|ShadowBall,MakeItRain,Thunderbolt,Trick||||||50|,,,,,Steel
|showteam|p2|Archaludon||AssaultVest|Stamina|ElectroShot,DracoMeteor,BodyPress,FlashCannon|||F|||50|,,,,,Grass]Pelipper||FocusSash|Drizzle|WeatherBall,Hurricane,Tailwind,Protect|||M|||50|,,,,,Ghost]Indeedee||ChoiceScarf|PsychicSurge|ExpandingForce,TeraBlast,Trick,DazzlingGleam|||M|||50|,,,,,Ground]Amoonguss||SitrusBerry|Regenerator|Spore,SludgeBomb,Protect,RagePowder|||F|||50|,,,,,Water]Basculegion||ChoiceBand|SwiftSwim|FlipTurn,WaveCrash,LastRespects,AquaJet|||M|||50|,,,,,Poison]Hydreigon||CovertCloak|Levitate|Taunt,Snarl,DracoMeteor,EarthPower|||M|||50|,,,,,Fairy
|j| MidoMidori
|c| MidoMidori|Hij moet gwn de arch KOd krijgen voorda hij zijn ice face opgeeft
|c|Ōśåronansting|ik legit denk
|c|Ōśåronansting|dat arch like 20-30 maar nam van die crash
|c| MidoMidori|Tbf ge last respect wss eiscue
|c| MidoMidori|Nah eiscue is de goat
|c|Ōśåronansting|ik was like +2 def
|c| MidoMidori|+6 252+ Atk Eiscue Icicle Crash vs. +2 252 HP  / 4 Def Archaludon: 93-109 (47.2 - 55.3%) -- 69.53% chance to 2HKO
|c| MidoMidori|Bro ging ge2hit worden ez
|c|Ōśåronansting|hij
|c| MidoMidori|(ignore terrain)
|c|Ōśåronansting|is adamant
|c|ŌśåSpookz_Legend|lol
|c|Ōśåronansting|niet adamant
|c|Ōśåronansting|hij is jolly
|c| MidoMidori|Ah ok
|c| MidoMidori|Da had ik ni gezien
|c| MidoMidori|Ja dan is het een 3 hit
|c|Ōśåronansting|anders outspeed hij niet arch
|c| MidoMidori|Ahhhhhhhh
|
|t:|1756220199
|teamsize|p1|4
|teamsize|p2|4
|start
|switch|p1a: Ninetales|Ninetales-Alola, L50, M|100/100
|switch|p1b: Garchomp|Garchomp, L50, F|100/100
|switch|p2a: Piedragon|Hydreigon, L50, M|100/100
|switch|p2b: Empire|Basculegion, L50, M|100/100
|-weather|Snowscape|[from] ability: Snow Warning|[of] p1a: Ninetales
|turn|1
|c| MidoMidori|Ja ik weet ni welke speed da gij zijt
|c| MidoMidori|Kheb uw paste ni openstaan
|c|Ōśåronansting|arch is naturally altijd sneller dan adamant
|c|Ōśåronansting|eiscue hit maar 102 met adamant
|c|Ōśåronansting|en arch met 0 is 105
|c|ŌśåSpookz_Legend|play the game pls
|c| MidoMidori|Damn
|c| MidoMidori|Arch is zo snel voor geen reden
|c|Ōśåronansting|hell nah
|c|Ōśåronansting|gotta have those mindgames
|c|Ōśåronansting|buckoroo
|c|ŌśåSpookz_Legend|kben ni eens aant leze lol
|
|t:|1756220267
|switch|p1b: Rillaboom|Rillaboom, L50, M|100/100
|-fieldstart|move: Grassy Terrain|[from] ability: Grassy Surge|[of] p1b: Rillaboom
|switch|p2a: Smellypper|Pelipper, L50, M|100/100
|-weather|RainDance|[from] ability: Drizzle|[of] p2a: Smellypper
|move|p2b: Empire|Flip Turn|p1b: Rillaboom
|-resisted|p1b: Rillaboom
|-damage|p1b: Rillaboom|69/100
|
|t:|1756220277
|switch|p2b: Arching|Archaludon, L50, F|100/100|[from] Flip Turn
|move|p1a: Ninetales|Blizzard|p2b: Arching|[spread] p2b
|-miss|p1a: Ninetales|p2a: Smellypper
|-damage|p2b: Arching|79/100
|-ability|p2b: Arching|Stamina|boost
|-boost|p2b: Arching|def|1
|
|-weather|RainDance|[upkeep]
|-heal|p1b: Rillaboom|76/100|[from] Grassy Terrain
|-heal|p2b: Arching|85/100|[from] Grassy Terrain
|upkeep
|turn|2
|
|t:|1756220311
|switch|p1a: Garchomp|Garchomp, L50, F|100/100
|switch|p2a: Piedragon|Hydreigon, L50, M|100/100
|move|p1b: Rillaboom|U-turn|p2a: Piedragon
|-supereffective|p2a: Piedragon
|-damage|p2a: Piedragon|51/100
|
|t:|1756220318
|switch|p1b: Ninetales|Ninetales-Alola, L50, M|100/100|[from] U-turn
|-weather|Snowscape|[from] ability: Snow Warning|[of] p1b: Ninetales
|move|p2b: Arching|Flash Cannon|p1a: Garchomp
|-damage|p1a: Garchomp|62/100
|
|-weather|Snowscape|[upkeep]
|-heal|p1a: Garchomp|68/100|[from] Grassy Terrain
|-heal|p2b: Arching|91/100|[from] Grassy Terrain
|upkeep
|turn|3
|c|Ōśåronansting|ooh
|c|Ōśåronansting|no eiscue gaming
|c| MidoMidori|Bwa
|c| MidoMidori|Da weten we nog ni eh
|c|Ōśåronansting|100000% ghold in the back
|c| MidoMidori|Ik heb nu pas door da da 3 attack clam chomp is
|c| MidoMidori|Zamn
|
|t:|1756220382
|switch|p2a: Smellypper|Pelipper, L50, M|100/100
|-weather|RainDance|[from] ability: Drizzle|[of] p2a: Smellypper
|move|p1b: Ninetales|Blizzard|p2a: Smellypper|[spread] p2a,p2b
|-crit|p2b: Arching
|-damage|p2a: Smellypper|48/100
|-damage|p2b: Arching|59/100
|-ability|p2b: Arching|Stamina|boost
|-boost|p2b: Arching|def|1
|move|p1a: Garchomp|Stomping Tantrum|p2b: Arching
|-supereffective|p2b: Arching
|-damage|p2b: Arching|31/100
|-ability|p2b: Arching|Stamina|boost
|-boost|p2b: Arching|def|1
|move|p2b: Arching|Flash Cannon|p1b: Ninetales
|-supereffective|p1b: Ninetales
|-enditem|p1b: Ninetales|Focus Sash
|-damage|p1b: Ninetales|1/100
|
|-weather|RainDance|[upkeep]
|-heal|p1b: Ninetales|7/100|[from] Grassy Terrain
|-heal|p1a: Garchomp|74/100|[from] Grassy Terrain
|-heal|p2b: Arching|37/100|[from] Grassy Terrain
|upkeep
|turn|4
|c|Ōśåronansting|ngl
|c| MidoMidori|Mss maakte die crit uit
|
|t:|1756220422
|switch|p2a: Empire|Basculegion, L50, M|100/100
|move|p1b: Ninetales|Moonblast|p2a: Empire
|-damage|p2a: Empire|56/100
|move|p1a: Garchomp|Dragon Claw|p2b: Arching
|-damage|p2b: Arching|24/100
|-ability|p2b: Arching|Stamina|boost
|-boost|p2b: Arching|def|1
|move|p2b: Arching|Draco Meteor|p1a: Garchomp
|-supereffective|p1a: Garchomp
|-damage|p1a: Garchomp|0 fnt
|-unboost|p2b: Arching|spa|2
|faint|p1a: Garchomp
|
|-weather|RainDance|[upkeep]
|-heal|p2a: Empire|62/100|[from] Grassy Terrain
|-heal|p1b: Ninetales|13/100|[from] Grassy Terrain
|-heal|p2b: Arching|31/100|[from] Grassy Terrain
|upkeep
|c| MidoMidori|Op blizzard
|c| MidoMidori|Let's see
|c|Ōśåronansting|dacht niet dat ge me de chomp voor free ging geven
|
|t:|1756220435
|switch|p1a: Rillaboom|Rillaboom, L50, M|76/100
|turn|5
|
|t:|1756220461
|-terastallize|p2a: Empire|Poison
|move|p1a: Rillaboom|Grassy Glide|p2a: Empire
|-resisted|p2a: Empire
|-damage|p2a: Empire|40/100
|move|p2a: Empire|Flip Turn|p1b: Ninetales
|-damage|p1b: Ninetales|0 fnt
|faint|p1b: Ninetales
|
|t:|1756220475
|switch|p2a: Piedragon|Hydreigon, L50, M|51/100|[from] Flip Turn
|move|p2b: Arching|Body Press|p1a: Rillaboom
|-damage|p1a: Rillaboom|7/100
|
|-weather|RainDance|[upkeep]
|-heal|p1a: Rillaboom|13/100|[from] Grassy Terrain
|-heal|p2b: Arching|37/100|[from] Grassy Terrain
|-fieldend|move: Grassy Terrain
|upkeep
|
|t:|1756220482
|switch|p1b: Gholdengo|Gholdengo, L50|100/100
|turn|6
|c|Ōśåronansting|told youuuuu
|c| MidoMidori|Yep ge had gelijk
|c| MidoMidori|Das wel gg
|c|Ōśåronansting|nah
|c|Ōśåronansting|snarl kan missne
|c| MidoMidori|True!!
|
|t:|1756220512
|-terastallize|p1b: Gholdengo|Steel
|move|p2a: Piedragon|Snarl|p1a: Rillaboom|[spread] p1a,p1b
|-damage|p1a: Rillaboom|1/100
|-damage|p1b: Gholdengo|77/100
|-unboost|p1a: Rillaboom|spa|1
|-unboost|p1b: Gholdengo|spa|1
|move|p1b: Gholdengo|Make It Rain|p2b: Arching|[spread] p2a,p2b
|-resisted|p2b: Arching
|-damage|p2a: Piedragon|0 fnt
|-damage|p2b: Arching|18/100
|-unboost|p1b: Gholdengo|spa|1
|-ability|p2b: Arching|Stamina|boost
|-boost|p2b: Arching|def|1
|faint|p2a: Piedragon
|move|p1a: Rillaboom|U-turn|p2b: Arching
|-resisted|p2b: Arching
|-damage|p2b: Arching|15/100
|-ability|p2b: Arching|Stamina|boost
|-boost|p2b: Arching|def|1
|move|p2b: Arching|Body Press|p1a: Rillaboom
|-damage|p1a: Rillaboom|0 fnt
|faint|p1a: Rillaboom
|
|-weather|RainDance|[upkeep]
|upkeep
|c| MidoMidori|Wel nu is het gg
|
|t:|1756220533
|switch|p2a: Empire|Basculegion, L50, M, tera:Poison|40/100
|turn|7
|c|Ōśåronansting|yeah
|
|t:|1756220540
|move|p2a: Empire|Wave Crash|p1b: Gholdengo
|-damage|p1b: Gholdengo|0 fnt
|faint|p1b: Gholdengo
|-damage|p2a: Empire|19/100|[from] Recoil
|
|win|ronansting
|c|ŌśåSpookz_Legend|gg
|c|Ōśåronansting|gg
|c|ŌśåSpookz_Legend|ufnor
|c|Ōśåronansting|no eiscueeeeeeeeee
|c|ŌśåSpookz_Legend|no eiscue for lille
|l| MidoMidori
|c|Ōśåronansting|easy w
|c|ŌśåSpookz_Legend|was ook ni men plan nrm maar het was funny da ge men fun team wa beate
|c|ŌśåSpookz_Legend|toch een game meer gewonne dan ik dacht
|c|ŌśåSpookz_Legend|met mijn 0 practice lol
