|j|☆Bonome Bilduetarra
|j|☆javivaarela
|html|Bonome Bilduetarrajavivaarela    
|uhtml|bestof|Game 2 of a best-of-3
|t:|1783878890
|gametype|doubles
|player|p1|Bonome Bilduetarra|burglar|
|player|p2|javivaarela|1|
|gen|9
|tier|[Gen 9 Champions] VGC 2026 Reg M-B (Bo3)
|rule|Species Clause: Limit one of each Pokémon
|rule|Item Clause: Limit 1 of each item
|clearpoke
|poke|p1|Scolipede, L50, M|
|poke|p1|Raichu, L50, M|
|poke|p1|Sinistcha, L50|
|poke|p1|Weavile, L50, M|
|poke|p1|Ceruledge, L50, F|
|poke|p1|Milotic, L50, F|
|poke|p2|Blastoise, L50, F|
|poke|p2|Delphox, L50, F|
|poke|p2|Incineroar, L50, F|
|poke|p2|Sneasler, L50, M|
|poke|p2|Sinistcha, L50|
|poke|p2|Maushold-Four, L50|
|teampreview|4
|showteam|p1|Scolipede||Scolipite|SpeedBoost|LeechLife,PoisonJab,SwordsDance,Protect|Jolly||M|||50|]Raichu||RaichuniteY|LightningRod|ZapCannon,FocusBlast,Protect,FakeOut|Timid||M|||50|]Sinistcha||KasibBerry|Hospitality|MatchaGotcha,LifeDew,Protect,RagePowder|Relaxed|||||50|]Weavile||FocusSash|Pickpocket|KnockOff,TripleAxel,LowKick,FakeOut|Jolly||M|||50|]Ceruledge||ColburBerry|FlashFire|BitterBlade,ShadowSneak,Protect,BulkUp|Adamant||F|||50|]Milotic||Leftovers|Competitive|MuddyWater,Coil,Protect,Hypnosis|Calm||F|||50|
|showteam|p2|Blastoise||Blastoisinite|RainDish|WaterSpout,DarkPulse,ShellSmash,Protect|Modest||F|||50|]Delphox||Delphoxite|Blaze|HeatWave,Psyshock,NastyPlot,Protect|Timid||F|||50|]Incineroar||SitrusBerry|Intimidate|FakeOut,FlareBlitz,ThroatChop,PartingShot|Impish||F|||50|]Sneasler||FocusSash|PoisonTouch|FakeOut,CloseCombat,DireClaw,QuickGuard|Jolly||M|||50|]Sinistcha||KasibBerry|Hospitality|MatchaGotcha,LifeDew,RagePowder,Protect|Bold|||||50|]Maushold-Four||ChopleBerry|FriendGuard|SuperFang,Feint,FollowMe,Protect|Impish|||||50|
|inactive|Battle timer is ON: inactive players will automatically lose when time's up. (requested by Bonome Bilduetarra)
|inactive|Bonome Bilduetarra has 60 seconds left.
|
|t:|1783878926
|teamsize|p1|4
|teamsize|p2|4
|start
|switch|p1a: Raichu|Raichu, L50, M|100/100
|switch|p1b: Weavile|Weavile, L50, M|100/100
|switch|p2a: Blastoise|Blastoise, L50, F|100/100
|switch|p2b: Sneasler|Sneasler, L50, M|100/100
|turn|1
|
|t:|1783878949
|detailschange|p1a: Raichu|Raichu-Mega-Y, L50, M
|-mega|p1a: Raichu|Raichu|Raichunite Y
|move|p2a: Blastoise|Protect|p2a: Blastoise
|-singleturn|p2a: Blastoise|Protect
|move|p1b: Weavile|Fake Out|p2b: Sneasler
|-damage|p2b: Sneasler|78/100
|move|p1a: Raichu|Zap Cannon|p2b: Sneasler
|-damage|p2b: Sneasler|0 fnt
|faint|p2b: Sneasler
|
|upkeep
|
|t:|1783878964
|switch|p2b: Maushold|Maushold-Four, L50|100/100
|turn|2
|
|t:|1783878973
|detailschange|p2a: Blastoise|Blastoise-Mega, L50, F
|-mega|p2a: Blastoise|Blastoise|Blastoisinite
|move|p1a: Raichu|Protect|p1a: Raichu
|-singleturn|p1a: Raichu|Protect
|move|p2b: Maushold|Follow Me|p2b: Maushold
|-singleturn|p2b: Maushold|move: Follow Me
|move|p1b: Weavile|Knock Off|p2b: Maushold
|-damage|p2b: Maushold|51/100
|-enditem|p2b: Maushold|Chople Berry|[from] move: Knock Off|[of] p1b: Weavile
|move|p2a: Blastoise|Shell Smash|p2a: Blastoise
|-unboost|p2a: Blastoise|def|1
|-unboost|p2a: Blastoise|spd|1
|-boost|p2a: Blastoise|atk|2
|-boost|p2a: Blastoise|spa|2
|-boost|p2a: Blastoise|spe|2
|
|upkeep
|turn|3
|inactive|Bonome Bilduetarra has 30 seconds left.
|inactive|Bonome Bilduetarra has 20 seconds left.
|
|t:|1783879009
|move|p2b: Maushold|Feint|p1b: Weavile
|-damage|p1b: Weavile|85/100
|move|p2a: Blastoise|Water Spout|p1a: Raichu|[spread] p1a,p1b
|-crit|p1b: Weavile
|-damage|p1a: Raichu|0 fnt
|-damage|p1b: Weavile|0 fnt
|faint|p1a: Raichu
|faint|p1b: Weavile
|
|upkeep
|
|t:|1783879014
|switch|p1b: Milotic|Milotic, L50, F|100/100
|switch|p1a: Sinistcha|Sinistcha, L50|100/100
|turn|4
|
|t:|1783879029
|move|p2b: Maushold|Follow Me|p2b: Maushold
|-singleturn|p2b: Maushold|move: Follow Me
|move|p2a: Blastoise|Dark Pulse|p1a: Sinistcha
|-supereffective|p1a: Sinistcha|1
|-crit|p1a: Sinistcha
|-damage|p1a: Sinistcha|0 fnt
|faint|p1a: Sinistcha
|move|p1b: Milotic|Hypnosis|p2b: Maushold
|-status|p2b: Maushold|slp|[from] move: Hypnosis
|
|upkeep
|turn|5
|
|t:|1783879041
|move|p2a: Blastoise|Dark Pulse|p1b: Milotic
|-damage|p1b: Milotic|35/100
|cant|p2b: Maushold|slp
|move|p1b: Milotic|Muddy Water|p2b: Maushold|[spread] p2a,p2b
|-resisted|p2a: Blastoise|1
|-damage|p2a: Blastoise|87/100
|-damage|p2b: Maushold|26/100 slp
|
|-heal|p1b: Milotic|41/100|[from] item: Leftovers
|upkeep
|turn|6
|
|t:|1783879051
|cant|p2b: Maushold|slp
|move|p2a: Blastoise|Dark Pulse|p1b: Milotic
|-damage|p1b: Milotic|0 fnt
|faint|p1b: Milotic
|
|win|javivaarela
|c|☆javivaarela|gg rey
|l|☆Bonome Bilduetarra
|player|p1|
