|j|☆lastdanceqq
|j|☆ChurronetaVGC
|html|lastdanceqqChurronetaVGC    
|uhtml|bestof|Game 2 of a best-of-3
|t:|1756482137
|gametype|doubles
|player|p1|lastdanceqq|pokemaniac|
|player|p2|ChurronetaVGC|2|
|gen|9
|tier|[Gen 9] VGC 2025 Reg H (Bo3)
|rule|Species Clause: Limit one of each Pokémon
|rule|Item Clause: Limit 1 of each item
|clearpoke
|poke|p1|Sneasler, L50, M|
|poke|p1|Indeedee, L50, M|
|poke|p1|Ursaluna-Bloodmoon, L50, M|
|poke|p1|Electabuzz, L50, F|
|poke|p1|Incineroar, L50, F|
|poke|p1|Talonflame, L50, M|
|poke|p2|Annihilape, L50, F|
|poke|p2|Sneasler, L50, F|
|poke|p2|Dragonite, L50, M|
|poke|p2|Maushold, L50|
|poke|p2|Archaludon, L50, F|
|poke|p2|Pelipper, L50, M|
|teampreview|4
|showteam|p1|Sneasler||PsychicSeed|Unburden|CloseCombat,DireClaw,ThroatChop,Protect|||M|||50|,,,,,Dark]Indeedee||FocusSash|PsychicSurge|ExpandingForce,TrickRoom,HelpingHand,Protect|||M|||50|,,,,,Psychic]Ursaluna-Bloodmoon||LifeOrb|MindsEye|BloodMoon,HyperVoice,EarthPower,Protect|||M|||50|,,,,,Normal]Electabuzz||Eviolite|VitalSpirit|Electroweb,FollowMe,Taunt,Protect|||F|||50|,,,,,Dragon]Incineroar||SafetyGoggles|Intimidate|FlareBlitz,KnockOff,PartingShot,FakeOut|||F|||50|,,,,,Ghost]Talonflame||CovertCloak|GaleWings|FlareBlitz,DualWingbeat,WillOWisp,Tailwind|||M|||50|,,,,,Fairy
|showteam|p2|Annihilape||SitrusBerry|Defiant|DrainPunch,RageFist,BulkUp,Protect|||F|||50|,,,,,Water]Sneasler||FocusSash|Unburden|CloseCombat,DireClaw,Coaching,FakeOut|||F|||50|,,,,,Stellar]Dragonite||LoadedDice|Multiscale|ScaleShot,Tailwind,Haze,Protect|||M|||50|,,,,,Fairy]Maushold||SafetyGoggles|FriendGuard|BeatUp,FollowMe,Taunt,Protect||||||50|,,,,,Ghost]Archaludon||AssaultVest|Stamina|ElectroShot,Snarl,BodyPress,DracoMeteor|||F|||50|,,,,,Grass]Pelipper||ChoiceScarf|Drizzle|Hurricane,WeatherBall,IcyWind,WideGuard|||M|||50|,,,,,Ghost
|inactive|Battle timer is ON: inactive players will automatically lose when time's up. (requested by ChurronetaVGC)
|inactive|lastdanceqq has 60 seconds left.
|
|t:|1756482182
|teamsize|p1|4
|teamsize|p2|4
|start
|switch|p1a: Ursaluna|Ursaluna-Bloodmoon, L50, M|100/100
|switch|p1b: Talonflame|Talonflame, L50, M|100/100
|switch|p2a: Sneasler|Sneasler, L50, F|100/100
|switch|p2b: Dragonite|Dragonite, L50, M|100/100
|turn|1
|inactive|lastdanceqq has 30 seconds left.
|inactive|ChurronetaVGC has 30 seconds left.
|inactive|lastdanceqq has 20 seconds left.
|
|t:|1756482219
|switch|p2a: Archaludon|Archaludon, L50, F|100/100
|move|p1b: Talonflame|Dual Wingbeat|p2a: Archaludon
|-resisted|p2a: Archaludon
|-damage|p2a: Archaludon|95/100
|-ability|p2a: Archaludon|Stamina|boost
|-boost|p2a: Archaludon|def|1
|-resisted|p2a: Archaludon
|-damage|p2a: Archaludon|91/100
|-ability|p2a: Archaludon|Stamina|boost
|-boost|p2a: Archaludon|def|1
|-hitcount|p2a: Archaludon|2
|move|p2b: Dragonite|Scale Shot|p1b: Talonflame
|-damage|p1b: Talonflame|79/100
|-damage|p1b: Talonflame|57/100
|-damage|p1b: Talonflame|35/100
|-damage|p1b: Talonflame|13/100
|-hitcount|p1b: Talonflame|4
|-unboost|p2b: Dragonite|def|1
|-boost|p2b: Dragonite|spe|1
|move|p1a: Ursaluna|Blood Moon|p2b: Dragonite
|-damage|p2b: Dragonite|38/100
|-damage|p1a: Ursaluna|91/100|[from] item: Life Orb
|
|upkeep
|turn|2
|inactive|lastdanceqq has 30 seconds left.
|inactive|ChurronetaVGC has 30 seconds left.
|inactive|ChurronetaVGC has 20 seconds left.
|inactive|ChurronetaVGC has 15 seconds left.
|inactive|ChurronetaVGC has 10 seconds left.
|inactive|ChurronetaVGC has 5 seconds left.
|
|t:|1756482269
|-terastallize|p2a: Archaludon|Grass
|-terastallize|p1a: Ursaluna|Normal
|move|p2b: Dragonite|Protect|p2b: Dragonite
|-singleturn|p2b: Dragonite|Protect
|move|p1b: Talonflame|Tailwind|p1b: Talonflame
|-sidestart|p1: lastdanceqq|move: Tailwind
|move|p1a: Ursaluna|Hyper Voice|p2a: Archaludon|[spread] p2a
|-activate|p2b: Dragonite|move: Protect
|-damage|p2a: Archaludon|42/100
|-ability|p2a: Archaludon|Stamina|boost
|-boost|p2a: Archaludon|def|1
|-damage|p1a: Ursaluna|81/100|[from] item: Life Orb
|move|p2a: Archaludon|Body Press|p1a: Ursaluna
|-supereffective|p1a: Ursaluna
|-damage|p1a: Ursaluna|0 fnt
|faint|p1a: Ursaluna
|
|upkeep
|
|t:|1756482278
|switch|p1a: Indeedee|Indeedee, L50, M|100/100
|-fieldstart|move: Psychic Terrain|[from] ability: Psychic Surge|[of] p1a: Indeedee
|turn|3
|inactive|lastdanceqq has 30 seconds left.
|inactive|ChurronetaVGC has 30 seconds left.
|inactive|ChurronetaVGC has 20 seconds left.
|inactive|ChurronetaVGC has 15 seconds left.
|
|t:|1756482323
|switch|p2b: Sneasler|Sneasler, L50, F|100/100
|move|p1b: Talonflame|Dual Wingbeat|p2a: Archaludon
|-supereffective|p2a: Archaludon
|-damage|p2a: Archaludon|32/100
|-ability|p2a: Archaludon|Stamina|boost
|-boost|p2a: Archaludon|def|1
|-supereffective|p2a: Archaludon
|-damage|p2a: Archaludon|24/100
|-ability|p2a: Archaludon|Stamina|boost
|-boost|p2a: Archaludon|def|1
|-hitcount|p2a: Archaludon|2
|move|p1a: Indeedee|Expanding Force|p2a: Archaludon|[spread] p2a,p2b
|-supereffective|p2b: Sneasler
|-damage|p2a: Archaludon|0 fnt
|-enditem|p2b: Sneasler|Focus Sash
|-damage|p2b: Sneasler|1/100
|faint|p2a: Archaludon
|
|upkeep
|inactive|ChurronetaVGC has 30 seconds left.
|
|t:|1756482351
|switch|p2a: Pelipper|Pelipper, L50, M|100/100
|-weather|RainDance|[from] ability: Drizzle|[of] p2a: Pelipper
|turn|4
|inactive|lastdanceqq has 30 seconds left.
|inactive|lastdanceqq has 20 seconds left.
|inactive|lastdanceqq has 15 seconds left.
|
|t:|1756482393
|move|p2b: Sneasler|Fake Out|p1b: Talonflame
|-hint|Psychic Terrain doesn't affect Pokémon immune to Ground.
|-damage|p1b: Talonflame|0 fnt
|faint|p1b: Talonflame
|move|p1a: Indeedee|Expanding Force|p2b: Sneasler|[spread] p2a,p2b
|-supereffective|p2b: Sneasler
|-damage|p2a: Pelipper|25/100
|-damage|p2b: Sneasler|0 fnt
|faint|p2b: Sneasler
|move|p2a: Pelipper|Hurricane|p1a: Indeedee
|-damage|p1a: Indeedee|43/100
|
|-weather|RainDance|[upkeep]
|upkeep
|
|t:|1756482402
|switch|p1b: Electabuzz|Electabuzz, L50, F|100/100
|switch|p2b: Dragonite|Dragonite, L50, M|38/100
|turn|5
|
|t:|1756482420
|move|p2b: Dragonite|Protect|p2b: Dragonite
|-singleturn|p2b: Dragonite|Protect
|move|p1b: Electabuzz|Electroweb|p2b: Dragonite|[spread] p2a
|-activate|p2b: Dragonite|move: Protect
|-supereffective|p2a: Pelipper
|-damage|p2a: Pelipper|0 fnt
|faint|p2a: Pelipper
|move|p1a: Indeedee|Expanding Force|p2b: Dragonite
|-activate|p2b: Dragonite|move: Protect
|
|-weather|RainDance|[upkeep]
|-sideend|p1: lastdanceqq|move: Tailwind
|upkeep
|turn|6
|
|t:|1756482434
|move|p1b: Electabuzz|Electroweb|p2b: Dragonite
|-damage|p2b: Dragonite|17/100
|-unboost|p2b: Dragonite|spe|1
|move|p1a: Indeedee|Expanding Force|p2b: Dragonite
|-damage|p2b: Dragonite|0 fnt
|faint|p2b: Dragonite
|
|win|lastdanceqq
|l|☆ChurronetaVGC
|player|p2|
|j| KerriganExanime
|l| KerriganExanime
