|j|☆KptainFr
|j|☆sawawa256
|html|KptainFrsawawa256    
|uhtml|bestof|Game 1 of a best-of-3
|t:|1757666215
|gametype|doubles
|player|p1|KptainFr|steven|1086
|player|p2|sawawa256|hilbert|1106
|gen|9
|tier|[Gen 9] VGC 2025 Reg H (Bo3)
|rated|
|rule|Species Clause: Limit one of each Pokémon
|rule|Item Clause: Limit 1 of each item
|clearpoke
|poke|p1|Ceruledge, L50, M|
|poke|p1|Gastrodon, L50, F|
|poke|p1|Gyarados, L50, F|
|poke|p1|Rillaboom, L50, M|
|poke|p1|Sneasler, L50, F|
|poke|p1|Hydreigon, L50, F|
|poke|p2|Rillaboom, L50, M|
|poke|p2|Gholdengo, L50|
|poke|p2|Maushold-Four, L50|
|poke|p2|Dragonite, L50, M|
|poke|p2|Garchomp, L50, M|
|poke|p2|Sneasler, L50, M|
|teampreview|4
|showteam|p1|Ceruledge||Leftovers|WeakArmor|BitterBlade,ShadowSneak,BulkUp,Protect|||M|||50|,,,,,Water]Gastrodon||SitrusBerry|StormDrain|IceBeam,EarthPower,ClearSmog,Protect|||F|||50|,,,,,Grass]Gyarados||LifeOrb|Intimidate|Waterfall,Crunch,DragonDance,Protect|||F|||50|,,,,,Grass]Rillaboom||AssaultVest|GrassySurge|WoodHammer,GrassyGlide,HighHorsepower,FakeOut|||M|||50|,,,,,Fire]Sneasler||FocusSash|PoisonTouch|CloseCombat,DireClaw,Coaching,Protect|||F|||50|,,,,,Stellar]Hydreigon||CovertCloak|Levitate|DracoMeteor,Snarl,HeatWave,Tailwind|||F|||50|,,,,,Fire
|showteam|p2|Rillaboom||AssaultVest|GrassySurge|WoodHammer,GrassyGlide,HighHorsepower,FakeOut|||M|||50|,,,,,Fire]Gholdengo||ChoiceSpecs|GoodasGold|MakeItRain,ShadowBall,SteelBeam,TeraBlast||||||50|,,,,,Dragon]Maushold-Four||RockyHelmet|FriendGuard|FollowMe,SuperFang,Protect,Taunt||||||50|,,,,,Ghost]Dragonite||LoadedDice|Multiscale|ExtremeSpeed,ScaleShot,Tailwind,Haze|||M|||50|,,,,,Normal]Garchomp||EarthPlate|RoughSkin|SwordsDance,Protect,StompingTantrum,DragonClaw|||M|||50|,,,,,Fire]Sneasler||GrassySeed|Unburden|Protect,CloseCombat,DireClaw,ThroatChop|||M|||50|,,,,,Dark
|inactive|Battle timer is ON: inactive players will automatically lose when time's up. (requested by KptainFr)
|inactive|KptainFr has 60 seconds left.
|inactive|sawawa256 has 60 seconds left.
|inactive|KptainFr has 30 seconds left.
|inactive|sawawa256 has 30 seconds left.
|inactive|KptainFr has 20 seconds left.
|inactive|KptainFr has 15 seconds left.
|inactive|KptainFr has 10 seconds left.
|inactive|KptainFr has 5 seconds left.
|
|t:|1757666301
|teamsize|p1|4
|teamsize|p2|4
|start
|switch|p1a: Gyarados|Gyarados, L50, F|100/100
|switch|p1b: Hydreigon|Hydreigon, L50, F|100/100
|switch|p2a: Gholdengo|Gholdengo, L50|100/100
|switch|p2b: Maushold|Maushold-Four, L50|100/100
|-ability|p1a: Gyarados|Intimidate|boost
|-unboost|p2a: Gholdengo|atk|1
|-unboost|p2b: Maushold|atk|1
|turn|1
|inactive|sawawa256 has 30 seconds left.
|
|t:|1757666327
|move|p2b: Maushold|Taunt|p1a: Gyarados
|-start|p1a: Gyarados|move: Taunt
|move|p1b: Hydreigon|Snarl|p2b: Maushold|[spread] p2a,p2b
|-supereffective|p2a: Gholdengo
|-damage|p2a: Gholdengo|67/100
|-damage|p2b: Maushold|77/100
|-unboost|p2a: Gholdengo|spa|1
|-unboost|p2b: Maushold|spa|1
|move|p2a: Gholdengo|Shadow Ball|p1a: Gyarados
|-damage|p1a: Gyarados|61/100
|-unboost|p1a: Gyarados|spd|1
|cant|p1a: Gyarados|move: Taunt|Dragon Dance
|
|upkeep
|turn|2
|inactive|KptainFr has 30 seconds left.
|
|t:|1757666356
|switch|p2a: Sneasler|Sneasler, L50, M|100/100
|move|p2b: Maushold|Taunt|p1b: Hydreigon
|-start|p1b: Hydreigon|move: Taunt
|cant|p1b: Hydreigon|move: Taunt|Tailwind
|move|p1a: Gyarados|Waterfall|p2a: Sneasler
|-damage|p2a: Sneasler|50/100
|-damage|p1a: Gyarados|51/100|[from] item: Life Orb
|
|upkeep
|turn|3
|inactive|KptainFr has 30 seconds left.
|
|t:|1757666388
|switch|p1b: Sneasler|Sneasler, L50, F|100/100
|switch|p1a: Ceruledge|Ceruledge, L50, M|100/100
|move|p2b: Maushold|Follow Me|p2b: Maushold
|-singleturn|p2b: Maushold|move: Follow Me
|move|p2a: Sneasler|Close Combat|p1b: Sneasler
|-resisted|p1b: Sneasler
|-damage|p1b: Sneasler|50/100
|-unboost|p2a: Sneasler|def|1
|-unboost|p2a: Sneasler|spd|1
|
|upkeep
|turn|4
|inactive|sawawa256 has 30 seconds left.
|inactive|KptainFr has 30 seconds left.
|inactive|sawawa256 has 20 seconds left.
|
|t:|1757666432
|switch|p1b: Gyarados|Gyarados, L50, F|51/100
|-ability|p1b: Gyarados|Intimidate|boost
|-unboost|p2a: Sneasler|atk|1
|-unboost|p2b: Maushold|atk|1
|move|p2a: Sneasler|Throat Chop|p1a: Ceruledge
|-supereffective|p1a: Ceruledge
|-damage|p1a: Ceruledge|56/100
|-start|p1a: Ceruledge|Throat Chop|[silent]
|-ability|p1a: Ceruledge|Weak Armor|boost
|-unboost|p1a: Ceruledge|def|1
|-boost|p1a: Ceruledge|spe|2
|move|p1a: Ceruledge|Bitter Blade|p2a: Sneasler
|-damage|p2a: Sneasler|0 fnt
|-heal|p1a: Ceruledge|78/100|[from] drain|[of] p2a: Sneasler
|faint|p2a: Sneasler
|move|p2b: Maushold|Taunt|p1a: Ceruledge
|-start|p1a: Ceruledge|move: Taunt
|
|-heal|p1a: Ceruledge|84/100|[from] item: Leftovers
|upkeep
|
|t:|1757666455
|switch|p2a: Dragonite|Dragonite, L50, M|100/100
|turn|5
|
|t:|1757666475
|move|p1b: Gyarados|Protect|p1b: Gyarados
|-singleturn|p1b: Gyarados|Protect
|move|p1a: Ceruledge|Bitter Blade|p2a: Dragonite
|-resisted|p2a: Dragonite
|-damage|p2a: Dragonite|91/100
|-heal|p1a: Ceruledge|89/100|[from] drain|[of] p2a: Dragonite
|move|p2b: Maushold|Taunt|p1b: Gyarados
|-activate|p1b: Gyarados|move: Protect
|move|p2a: Dragonite|Tailwind|p2a: Dragonite
|-sidestart|p2: sawawa256|move: Tailwind
|
|-heal|p1a: Ceruledge|95/100|[from] item: Leftovers
|-end|p1a: Ceruledge|Throat Chop|[silent]
|upkeep
|turn|6
|
|t:|1757666496
|switch|p1b: Sneasler|Sneasler, L50, F|50/100
|move|p2b: Maushold|Follow Me|p2b: Maushold
|-singleturn|p2b: Maushold|move: Follow Me
|move|p2a: Dragonite|Scale Shot|p1a: Ceruledge
|-damage|p1a: Ceruledge|71/100
|-ability|p1a: Ceruledge|Weak Armor|boost
|-unboost|p1a: Ceruledge|def|1
|-boost|p1a: Ceruledge|spe|2
|-damage|p1a: Ceruledge|40/100
|-ability|p1a: Ceruledge|Weak Armor|boost
|-unboost|p1a: Ceruledge|def|1
|-boost|p1a: Ceruledge|spe|2
|-damage|p1a: Ceruledge|2/100
|-ability|p1a: Ceruledge|Weak Armor|boost
|-unboost|p1a: Ceruledge|def|1
|-damage|p1a: Ceruledge|0 fnt
|faint|p1a: Ceruledge
|-hitcount|p1: Ceruledge|4
|-unboost|p2a: Dragonite|def|1
|-boost|p2a: Dragonite|spe|1
|
|upkeep
|
|t:|1757666507
|switch|p1a: Gyarados|Gyarados, L50, F|51/100
|-ability|p1a: Gyarados|Intimidate|boost
|-unboost|p2a: Dragonite|atk|1
|-unboost|p2b: Maushold|atk|1
|turn|7
|inactive|sawawa256 has 30 seconds left.
|inactive|KptainFr has 30 seconds left.
|inactive|sawawa256 has 20 seconds left.
|inactive|sawawa256 has 15 seconds left.
|inactive|sawawa256 has 10 seconds left.
|
|t:|1757666554
|move|p2b: Maushold|Follow Me|p2b: Maushold
|-singleturn|p2b: Maushold|move: Follow Me
|move|p2a: Dragonite|Scale Shot|p1b: Sneasler
|-damage|p1b: Sneasler|34/100
|-damage|p1b: Sneasler|17/100
|-damage|p1b: Sneasler|0 fnt
|faint|p1b: Sneasler
|-hitcount|p1: Sneasler|3
|-unboost|p2a: Dragonite|def|1
|-boost|p2a: Dragonite|spe|1
|move|p1a: Gyarados|Waterfall|p2b: Maushold
|-damage|p2b: Maushold|16/100
|-damage|p1a: Gyarados|35/100|[from] item: Rocky Helmet|[of] p2b: Maushold
|-damage|p1a: Gyarados|25/100|[from] item: Life Orb
|
|upkeep
|
|t:|1757666559
|switch|p1b: Hydreigon|Hydreigon, L50, F|100/100
|turn|8
|inactive|sawawa256 has 30 seconds left.
|inactive|sawawa256 has 20 seconds left.
|inactive|sawawa256 has 15 seconds left.
|
|t:|1757666601
|-terastallize|p2a: Dragonite|Normal
|-terastallize|p1b: Hydreigon|Fire
|move|p1a: Gyarados|Protect|p1a: Gyarados
|-singleturn|p1a: Gyarados|Protect
|move|p2a: Dragonite|Extreme Speed|p1a: Gyarados
|-activate|p1a: Gyarados|move: Protect
|move|p2b: Maushold|Taunt|p1b: Hydreigon
|-start|p1b: Hydreigon|move: Taunt
|move|p1b: Hydreigon|Heat Wave|p2a: Dragonite|[spread] p2a
|-miss|p1b: Hydreigon|p2b: Maushold
|-damage|p2a: Dragonite|63/100
|
|-sideend|p2: sawawa256|move: Tailwind
|upkeep
|turn|9
|
|t:|1757666618
|move|p2a: Dragonite|Extreme Speed|p1a: Gyarados
|-damage|p1a: Gyarados|0 fnt
|faint|p1a: Gyarados
|move|p2b: Maushold|Super Fang|p1b: Hydreigon
|-damage|p1b: Hydreigon|51/100
|move|p1b: Hydreigon|Heat Wave|p2b: Maushold|[spread] p2a,p2b
|-damage|p2a: Dragonite|38/100
|-damage|p2b: Maushold|0 fnt
|faint|p2b: Maushold
|
|upkeep
|
|t:|1757666627
|switch|p2b: Gholdengo|Gholdengo, L50|67/100
|turn|10
|
|t:|1757666638
|move|p2a: Dragonite|Scale Shot|p1b: Hydreigon
|-damage|p1b: Hydreigon|41/100
|-damage|p1b: Hydreigon|32/100
|-damage|p1b: Hydreigon|23/100
|-damage|p1b: Hydreigon|14/100
|-hitcount|p1b: Hydreigon|4
|-unboost|p2a: Dragonite|def|1
|-boost|p2a: Dragonite|spe|1
|move|p1b: Hydreigon|Heat Wave|p2b: Gholdengo|[spread] p2a,p2b
|-supereffective|p2b: Gholdengo
|-damage|p2a: Dragonite|0 fnt
|-damage|p2b: Gholdengo|0 fnt
|faint|p2a: Dragonite
|faint|p2b: Gholdengo
|
|win|KptainFr
||KptainFr is ready for game 2.
|inactive|sawawa256 has 30 seconds to confirm battle start!
||sawawa256 is ready for game 2.
|uhtml|next|Next: Game 2 of 3
