|j|☆gmariotti
|j|☆natsukookie
|html|gmariottinatsukookie    
|uhtml|bestof|Game 1 of a best-of-3
|t:|1785597801
|gametype|doubles
|player|p1|gmariotti|wattson|1118
|player|p2|natsukookie|102|1043
|gen|9
|tier|[Gen 9 Champions] VGC 2026 Reg M-B (Bo3)
|rated|
|rule|Species Clause: Limit one of each Pokémon
|rule|Item Clause: Limit 1 of each item
|clearpoke
|poke|p1|Basculegion, L50, M|
|poke|p1|Scizor, L50, F|
|poke|p1|Sneasler, L50, F|
|poke|p1|Garchomp, L50, F|
|poke|p1|Tyranitar, L50, F|
|poke|p1|Corviknight, L50, F|
|poke|p2|Hatterene, L50, F|
|poke|p2|Oranguru, L50, M|
|poke|p2|Mawile, L50, M|
|poke|p2|Kangaskhan, L50, F|
|poke|p2|Venusaur, L50, M|
|poke|p2|Torkoal, L50, M|
|teampreview|4
|showteam|p1|Basculegion||SitrusBerry|Adaptability|WaveCrash,LastRespects,AquaJet,Protect|Jolly||M|||50|]Scizor||LifeOrb|Technician|BulletPunch,BugBite,SwordsDance,Protect|Adamant||F|||50|]Sneasler||FocusSash|PoisonTouch|PoisonJab,CloseCombat,FakeOut,Protect|Jolly||F|||50|]Garchomp||Garchompite|RoughSkin|EarthPower,DracoMeteor,PowerGem,Protect|Modest||F|||50|]Tyranitar||ChoiceScarf|SandStream|RockSlide,KnockOff,IcePunch,Superpower|Jolly||F|||50|]Corviknight||Leftovers|MirrorArmor|IronHead,BraveBird,Tailwind,Protect|Bold||F|||50|
|showteam|p2|Hatterene||LifeOrb|MagicBounce|Protect,Psychic,TrickRoom,DazzlingGleam|Quiet||F|||50|]Oranguru||MentalHerb|InnerFocus|Protect,Instruct,Psychic,TrickRoom|Bold||M|||50|]Mawile||Mawilite|HyperCutter|SuckerPunch,PlayRough,Protect,IronHead|Brave||M|||50|]Kangaskhan||SilkScarf|Scrappy|LastResort,FakeOut|Brave||F|||50|]Venusaur||FocusSash|Chlorophyll|LeafStorm,SludgeBomb,SleepPowder,Protect|Modest||M|||50|]Torkoal||Charcoal|Drought|Eruption,Protect,EarthPower,HeatWave|Quiet||M|||50|
|inactive|Battle timer is ON: inactive players will automatically lose when time's up. (requested by gmariotti)
|inactive|gmariotti has 60 seconds left.
|inactive|natsukookie has 60 seconds left.
|
|t:|1785597847
|teamsize|p1|4
|teamsize|p2|4
|start
|switch|p1a: Garchomp|Garchomp, L50, F|100/100
|switch|p1b: Scizor|Scizor, L50, F|100/100
|switch|p2a: Kangaskhan|Kangaskhan, L50, F|100/100
|switch|p2b: Oranguru|Oranguru, L50, M|100/100
|turn|1
|inactive|gmariotti has 30 seconds left.
|inactive|gmariotti has 20 seconds left.
|inactive|gmariotti has 15 seconds left.
|inactive|gmariotti has 10 seconds left.
|
|t:|1785597893
|detailschange|p1a: Garchomp|Garchomp-Mega, L50, F
|-mega|p1a: Garchomp|Garchomp|Garchompite
|move|p2a: Kangaskhan|Fake Out|p1b: Scizor
|-resisted|p1b: Scizor|1
|-damage|p1b: Scizor|89/100
|move|p1a: Garchomp|Earth Power|p2b: Oranguru
|-crit|p2b: Oranguru
|-damage|p2b: Oranguru|43/100
|cant|p1b: Scizor|flinch
|move|p2b: Oranguru|Trick Room|p2b: Oranguru
|-fieldstart|move: Trick Room|[of] p2b: Oranguru
|
|upkeep
|turn|2
|inactive|gmariotti has 30 seconds left.
|inactive|natsukookie has 30 seconds left.
|
|t:|1785597927
|move|p1b: Scizor|Protect|p1b: Scizor
|-singleturn|p1b: Scizor|Protect
|move|p1a: Garchomp|Protect|p1a: Garchomp
|-singleturn|p1a: Garchomp|Protect
|move|p2b: Oranguru|Instruct|p2a: Kangaskhan
|-singleturn|p2a: Kangaskhan|move: Instruct|[of] p2b: Oranguru
|move|p2a: Kangaskhan|Fake Out||[still]
|-hint|Fake Out only works on your first turn out.
|-fail|p2a: Kangaskhan
|move|p2a: Kangaskhan|Last Resort|p1a: Garchomp
|-activate|p1a: Garchomp|move: Protect
|
|upkeep
|turn|3
|inactive|gmariotti has 30 seconds left.
|
|t:|1785597957
|move|p2b: Oranguru|Instruct|p2a: Kangaskhan
|-singleturn|p2a: Kangaskhan|move: Instruct|[of] p2b: Oranguru
|move|p2a: Kangaskhan|Last Resort|p1a: Garchomp
|-damage|p1a: Garchomp|34/100
|move|p1b: Scizor|Bug Bite|p2b: Oranguru
|-supereffective|p2b: Oranguru|1
|-damage|p2b: Oranguru|0 fnt
|faint|p2b: Oranguru
|-damage|p1b: Scizor|79/100|[from] item: Life Orb
|move|p2a: Kangaskhan|Last Resort|p1a: Garchomp
|-damage|p1a: Garchomp|0 fnt
|faint|p1a: Garchomp
|
|upkeep
|
|t:|1785597974
|switch|p2b: Torkoal|Torkoal, L50, M|100/100
|switch|p1a: Basculegion|Basculegion, L50, M|100/100
|-weather|SunnyDay|[from] ability: Drought|[of] p2b: Torkoal
|turn|4
|inactive|gmariotti has 30 seconds left.
|
|t:|1785598000
|move|p1b: Scizor|Bullet Punch|p2b: Torkoal
|-resisted|p2b: Torkoal|1
|-damage|p2b: Torkoal|82/100
|-damage|p1b: Scizor|69/100|[from] item: Life Orb
|move|p1a: Basculegion|Aqua Jet|p2b: Torkoal
|-supereffective|p2b: Torkoal|1
|-damage|p2b: Torkoal|64/100
|move|p2b: Torkoal|Eruption|p1b: Scizor|[spread] p1a,p1b
|-resisted|p1a: Basculegion|1
|-supereffective|p1b: Scizor|2
|-damage|p1a: Basculegion|67/100
|-damage|p1b: Scizor|0 fnt
|faint|p1b: Scizor
|move|p2a: Kangaskhan|Last Resort|p1a: Basculegion
|-damage|p1a: Basculegion|0 fnt
|faint|p1a: Basculegion
|
|-weather|SunnyDay|[upkeep]
|upkeep
|inactive|gmariotti has 30 seconds left.
|
|t:|1785598029
|switch|p1a: Tyranitar|Tyranitar, L50, F|100/100
|-weather|Sandstorm|[from] ability: Sand Stream|[of] p1a: Tyranitar
|turn|5
|
|t:|1785598036
|move|p2b: Torkoal|Earth Power|p1a: Tyranitar
|-supereffective|p1a: Tyranitar|1
|-damage|p1a: Tyranitar|60/100
|move|p2a: Kangaskhan|Last Resort|p1a: Tyranitar
|-resisted|p1a: Tyranitar|1
|-damage|p1a: Tyranitar|26/100
|move|p1a: Tyranitar|Rock Slide|p2b: Torkoal|[spread] p2a,p2b
|-supereffective|p2b: Torkoal|1
|-damage|p2a: Kangaskhan|71/100
|-damage|p2b: Torkoal|19/100
|
|-weather|Sandstorm|[upkeep]
|-damage|p2b: Torkoal|12/100|[from] Sandstorm
|-damage|p2a: Kangaskhan|65/100|[from] Sandstorm
|-fieldend|move: Trick Room
|upkeep
|turn|6
|
|t:|1785598051
|move|p1a: Tyranitar|Rock Slide|p2a: Kangaskhan|[spread] p2b
|-miss|p1a: Tyranitar|p2a: Kangaskhan
|-supereffective|p2b: Torkoal|1
|-damage|p2b: Torkoal|0 fnt
|faint|p2b: Torkoal
|move|p2a: Kangaskhan|Last Resort|p1a: Tyranitar
|-resisted|p1a: Tyranitar|1
|-damage|p1a: Tyranitar|0 fnt
|faint|p1a: Tyranitar
|
|win|natsukookie
||gmariotti is ready for game 2.
|inactive|natsukookie has 30 seconds to confirm battle start!
||natsukookie is ready for game 2.
|uhtml|next|Next: Game 2 of 3
|l|☆gmariotti
|player|p1|
