|j|☆kokomiiiii
|j|☆Karkz
|html|kokomiiiiiKarkz    
|uhtml|bestof|Game 3 of a best-of-3
|t:|1757904632
|gametype|doubles
|player|p1|kokomiiiii|lillie-masters|1172
|player|p2|Karkz|lance|1156
|gen|9
|tier|[Gen 9] VGC 2025 Reg H (Bo3)
|rated|
|rule|Species Clause: Limit one of each Pokémon
|rule|Item Clause: Limit 1 of each item
|clearpoke
|poke|p1|Gholdengo, L50|
|poke|p1|Ursaluna, L50, M|
|poke|p1|Dragonite, L50, F|
|poke|p1|Porygon2, L50|
|poke|p1|Incineroar, L50, M|
|poke|p1|Amoonguss, L50, M|
|poke|p2|Garganacl, L50, M|
|poke|p2|Volcarona, L50, F|
|poke|p2|Dondozo, L50, F|
|poke|p2|Grimmsnarl, L50, M|
|poke|p2|Rillaboom, L50, F|
|poke|p2|Tyranitar, L50, M|
|teampreview|4
|showteam|p1|Gholdengo||LifeOrb|GoodasGold|MakeItRain,ShadowBall,NastyPlot,Protect||||||50|,,,,,Water]Ursaluna||FlameOrb|Guts|HeadlongRush,Facade,Earthquake,Protect|||M|||50|,,,,,Ghost]Dragonite||LoadedDice|Multiscale|ScaleShot,Haze,Tailwind,Protect|||F|||50|,,,,,Fairy]Porygon2||Eviolite|Download|IceBeam,TeraBlast,TrickRoom,Recover||||||50|,,,,,Fighting]Incineroar||SafetyGoggles|Intimidate|FakeOut,KnockOff,FlareBlitz,PartingShot|||M|||50|,,,,,Ghost]Amoonguss||SitrusBerry|Regenerator|RagePowder,PollenPuff,Spore,Protect|||M|||50|,,,,,Water
|showteam|p2|Garganacl||SitrusBerry|PurifyingSalt|SaltCure,Recover,IronDefense,Protect|||M|||50|,,,,,Poison]Volcarona||Leftovers|FlameBody|HeatWave,GigaDrain,QuiverDance,Protect|||F|||50|,,,,,Dragon]Dondozo||SafetyGoggles|Unaware|WaveCrash,Fissure,Yawn,Protect|||F|||50|,,,,,Dragon]Grimmsnarl||LightClay|Prankster|SpiritBreak,ThunderWave,Reflect,LightScreen|||M|||50|,,,,,Ghost]Rillaboom||MiracleSeed|GrassySurge|WoodHammer,GrassyGlide,Uturn,FakeOut|||F|||50|,,,,,Grass]Tyranitar||AssaultVest|SandStream|RockSlide,KnockOff,TeraBlast,SandTomb|||M|||50|,,,,,Flying
|inactive|Battle timer is ON: inactive players will automatically lose when time's up. (requested by Karkz)
|inactive|kokomiiiii has 60 seconds left.
|inactive|Karkz has 60 seconds left.
|
|t:|1757904668
|teamsize|p1|4
|teamsize|p2|4
|start
|switch|p1a: dragon right|Dragonite, L50, F, shiny|100/100
|switch|p1b: da king|Gholdengo, L50|100/100
|switch|p2a: Haruspex|Garganacl, L50, M|100/100
|switch|p2b: Cloverfield|Tyranitar, L50, M|100/100
|-weather|Sandstorm|[from] ability: Sand Stream|[of] p2b: Cloverfield
|turn|1
|
|t:|1757904691
|move|p2a: Haruspex|Protect|p2a: Haruspex
|-singleturn|p2a: Haruspex|Protect
|move|p1b: da king|Make It Rain|p2a: Haruspex|[spread] p2b
|-activate|p2a: Haruspex|move: Protect
|-supereffective|p2b: Cloverfield
|-damage|p2b: Cloverfield|57/100
|-unboost|p1b: da king|spa|1
|-damage|p1b: da king|91/100|[from] item: Life Orb
|move|p1a: dragon right|Scale Shot|p2b: Cloverfield
|-damage|p2b: Cloverfield|47/100
|-damage|p2b: Cloverfield|36/100
|-damage|p2b: Cloverfield|25/100
|-damage|p2b: Cloverfield|13/100
|-hitcount|p2b: Cloverfield|4
|-unboost|p1a: dragon right|def|1
|-boost|p1a: dragon right|spe|1
|move|p2b: Cloverfield|Knock Off|p1b: da king
|-supereffective|p1b: da king
|-damage|p1b: da king|0 fnt
|-enditem|p1b: da king|Life Orb|[from] move: Knock Off|[of] p2b: Cloverfield
|faint|p1b: da king
|
|-weather|Sandstorm|[upkeep]
|-damage|p1a: dragon right|94/100|[from] Sandstorm
|upkeep
|
|t:|1757904701
|switch|p1b: Annoyingon2|Porygon2, L50, shiny|100/100
|-ability|p1b: Annoyingon2|Download|boost
|-boost|p1b: Annoyingon2|spa|1
|turn|2
|
|t:|1757904710
|-terastallize|p1b: Annoyingon2|Fighting
|-terastallize|p2a: Haruspex|Poison
|move|p1a: dragon right|Scale Shot|p2b: Cloverfield
|-damage|p2b: Cloverfield|3/100
|-damage|p2b: Cloverfield|0 fnt
|faint|p2b: Cloverfield
|-hitcount|p2: Cloverfield|2
|-unboost|p1a: dragon right|def|1
|-boost|p1a: dragon right|spe|1
|move|p1b: Annoyingon2|Tera Blast|p2a: Haruspex|[anim] Tera Blast Fighting
|-resisted|p2a: Haruspex
|-damage|p2a: Haruspex|84/100
|move|p2a: Haruspex|Iron Defense|p2a: Haruspex
|-boost|p2a: Haruspex|def|2
|
|-weather|Sandstorm|[upkeep]
|-damage|p1a: dragon right|88/100|[from] Sandstorm
|-damage|p1b: Annoyingon2|95/100|[from] Sandstorm
|-damage|p2a: Haruspex|78/100|[from] Sandstorm
|upkeep
|
|t:|1757904714
|switch|p2b: Boto|Dondozo, L50, F|100/100
|turn|3
|
|t:|1757904728
|move|p1a: dragon right|Scale Shot|p2b: Boto
|-crit|p2b: Boto
|-damage|p2b: Boto|88/100
|-damage|p2b: Boto|79/100
|-damage|p2b: Boto|72/100
|-damage|p2b: Boto|63/100
|-hitcount|p2b: Boto|4
|-unboost|p1a: dragon right|def|1
|-boost|p1a: dragon right|spe|1
|move|p1b: Annoyingon2|Tera Blast|p2b: Boto|[anim] Tera Blast Fighting
|-damage|p2b: Boto|36/100
|move|p2b: Boto|Yawn|p1b: Annoyingon2
|-start|p1b: Annoyingon2|move: Yawn|[of] p2b: Boto
|move|p2a: Haruspex|Iron Defense|p2a: Haruspex
|-boost|p2a: Haruspex|def|2
|
|-weather|Sandstorm|[upkeep]
|-damage|p1a: dragon right|82/100|[from] Sandstorm
|-damage|p1b: Annoyingon2|89/100|[from] Sandstorm
|-damage|p2a: Haruspex|72/100|[from] Sandstorm
|upkeep
|turn|4
|
|t:|1757904749
|switch|p1b: bam|Ursaluna, L50, M, shiny|100/100
|move|p1a: dragon right|Protect|p1a: dragon right
|-singleturn|p1a: dragon right|Protect
|move|p2b: Boto|Protect|p2b: Boto
|-singleturn|p2b: Boto|Protect
|move|p2a: Haruspex|Salt Cure|p1a: dragon right
|-activate|p1a: dragon right|move: Protect
|
|-weather|Sandstorm|[upkeep]
|-damage|p1a: dragon right|76/100|[from] Sandstorm
|-damage|p2a: Haruspex|66/100|[from] Sandstorm
|-status|p1b: bam|brn|[from] item: Flame Orb
|upkeep
|turn|5
|
|t:|1757904765
|move|p1a: dragon right|Haze|p1a: dragon right
|-clearallboost
|move|p1b: bam|Earthquake|p2b: Boto|[spread] p2a,p2b
|-immune|p1a: dragon right
|-supereffective|p2a: Haruspex
|-damage|p2a: Haruspex|0 fnt
|-damage|p2b: Boto|0 fnt
|faint|p2a: Haruspex
|faint|p2b: Boto
|
|-weather|none
|-damage|p1b: bam|95/100 brn|[from] brn
|upkeep
|-message|Karkz forfeited.
|
|win|kokomiiiii
|raw|kokomiiiii's rating: 1172 → 1194(+22 for winning)
|raw|Karkz's rating: 1136 → 1114(-22 for losing)
|l|☆Karkz
|player|p2|
