|j|☆medical maractus
|j|☆langschlong
|html|medical maractuslangschlong    
|uhtml|bestof|Game 1 of a best-of-3
|t:|1756572899
|gametype|doubles
|player|p1|medical maractus|gambler|
|player|p2|langschlong|steven|
|gen|9
|tier|[Gen 9] VGC 2025 Reg H (Bo3)
|rule|Species Clause: Limit one of each Pokémon
|rule|Item Clause: Limit 1 of each item
|clearpoke
|poke|p1|Incineroar, L50, M|
|poke|p1|Amoonguss, L50, M|
|poke|p1|Sneasler, L50, F|
|poke|p1|Porygon2, L50|
|poke|p1|Garchomp, L50, M|
|poke|p1|Gholdengo, L50|
|poke|p2|Gholdengo, L50|
|poke|p2|Maushold, L50|
|poke|p2|Dragonite, L50, M|
|poke|p2|Ursaluna-Bloodmoon, L50, M|
|poke|p2|Grimmsnarl, L50, M|
|poke|p2|Basculegion, L50, M|
|teampreview|4
|showteam|p1|Incineroar||SafetyGoggles|Intimidate|FlareBlitz,KnockOff,FakeOut,PartingShot|||M|||50|,,,,,Ghost]Amoonguss||SitrusBerry|Regenerator|SludgeBomb,Spore,RagePowder,Protect|||M|||50|,,,,,Psychic]Sneasler||FocusSash|PoisonTouch|FakeOut,CloseCombat,DireClaw,Protect|||F|||50|,,,,,Stellar]Porygon2||Eviolite|Download|TeraBlast,IceBeam,Recover,TrickRoom||||||50|,,,,,Fighting]Garchomp||LifeOrb|RoughSkin|StompingTantrum,DragonClaw,Earthquake,Protect|||M|||50|,,,,,Steel]Gholdengo||IronPlate|GoodasGold|MakeItRain,ShadowBall,NastyPlot,Protect||||||50|,,,,,Water
|showteam|p2|Gholdengo||LifeOrb|GoodasGold|MakeItRain,Protect,ShadowBall,TeraBlast||||||50|,,,,,Fighting]Maushold||WideLens|FriendGuard|FollowMe,ThunderWave,PopulationBomb,Taunt||||||50|,,,,,Ghost]Dragonite||LoadedDice|InnerFocus|ScaleShot,Haze,LowKick,ExtremeSpeed|||M|||50|,,,,,Steel]Ursaluna-Bloodmoon||AssaultVest|MindsEye|HyperVoice,EarthPower,BloodMoon,VacuumWave|||M|||50|,,,,,Normal]Grimmsnarl||LightClay|Prankster|SpiritBreak,LightScreen,Reflect,ThunderWave|||M|||50|,,,,,Steel]Basculegion||FocusSash|Adaptability|Liquidation,LastRespects,AquaJet,Protect|||M|||50|,,,,,Water
|j| GreenArrowWB
|c|☆langschlong|gl
|c|☆medical maractus|glhf!
|c|☆langschlong|hf
|l| GreenArrowWB
|
|t:|1756572981
|teamsize|p1|4
|teamsize|p2|4
|start
|switch|p1a: Gholdengo|Gholdengo, L50|100/100
|switch|p1b: Incineroar|Incineroar, L50, M|100/100
|switch|p2a: Gholdengo|Gholdengo, L50|100/100
|switch|p2b: Basculegion|Basculegion, L50, M|100/100
|-ability|p1b: Incineroar|Intimidate|boost
|-unboost|p2a: Gholdengo|atk|1
|-unboost|p2b: Basculegion|atk|1
|turn|1
|
|t:|1756573048
|-terastallize|p2a: Gholdengo|Fighting
|-terastallize|p1a: Gholdengo|Water
|move|p2a: Gholdengo|Shadow Ball|p1a: Gholdengo
|-damage|p1a: Gholdengo|47/100
|-damage|p2a: Gholdengo|91/100|[from] item: Life Orb
|move|p2b: Basculegion|Liquidation|p1b: Incineroar
|-supereffective|p1b: Incineroar
|-damage|p1b: Incineroar|27/100
|move|p1a: Gholdengo|Shadow Ball|p2a: Gholdengo
|-damage|p2a: Gholdengo|43/100
|move|p1b: Incineroar|Knock Off|p2b: Basculegion
|-supereffective|p2b: Basculegion
|-enditem|p2b: Basculegion|Focus Sash
|-damage|p2b: Basculegion|1/100
|
|upkeep
|turn|2
|j| T-Soro
|l| T-Soro
|
|t:|1756573097
|move|p1a: Gholdengo|Protect|p1a: Gholdengo
|-singleturn|p1a: Gholdengo|Protect
|move|p2b: Basculegion|Aqua Jet|p1b: Incineroar
|-supereffective|p1b: Incineroar
|-damage|p1b: Incineroar|0 fnt
|faint|p1b: Incineroar
|move|p2a: Gholdengo|Shadow Ball|p1a: Gholdengo
|-activate|p1a: Gholdengo|move: Protect
|
|upkeep
|
|t:|1756573114
|switch|p1b: Garchomp|Garchomp, L50, M|100/100
|turn|3
|
|t:|1756573173
|switch|p2a: Grimmsnarl|Grimmsnarl, L50, M|100/100
|move|p2b: Basculegion|Protect|p2b: Basculegion
|-singleturn|p2b: Basculegion|Protect
|move|p1b: Garchomp|Earthquake|p2b: Basculegion|[spread] p1a,p2a
|-activate|p2b: Basculegion|move: Protect
|-damage|p1a: Gholdengo|2/100
|-damage|p2a: Grimmsnarl|51/100
|-damage|p1b: Garchomp|91/100|[from] item: Life Orb
|move|p1a: Gholdengo|Nasty Plot|p1a: Gholdengo
|-boost|p1a: Gholdengo|spa|2
|
|upkeep
|turn|4
|
|t:|1756573227
|move|p2b: Basculegion|Aqua Jet|p1a: Gholdengo
|-resisted|p1a: Gholdengo
|-damage|p1a: Gholdengo|0 fnt
|faint|p1a: Gholdengo
|move|p2a: Grimmsnarl|Reflect|p2a: Grimmsnarl
|-sidestart|p2: langschlong|Reflect
|move|p1b: Garchomp|Stomping Tantrum|p2a: Grimmsnarl
|-damage|p2a: Grimmsnarl|14/100
|-damage|p1b: Garchomp|81/100|[from] item: Life Orb
|
|upkeep
|
|t:|1756573235
|switch|p1a: Sneasler|Sneasler, L50, F|100/100
|turn|5
|c|☆langschlong|1 sec
|
|t:|1756573343
|move|p1a: Sneasler|Protect|p1a: Sneasler
|-singleturn|p1a: Sneasler|Protect
|move|p2b: Basculegion|Protect|p2b: Basculegion
|-singleturn|p2b: Basculegion|Protect
|move|p2a: Grimmsnarl|Thunder Wave|p1a: Sneasler
|-activate|p1a: Sneasler|move: Protect
|move|p1b: Garchomp|Earthquake|p2b: Basculegion|[spread] p2a
|-activate|p1a: Sneasler|move: Protect
|-activate|p2b: Basculegion|move: Protect
|-damage|p2a: Grimmsnarl|0 fnt
|faint|p2a: Grimmsnarl
|-damage|p1b: Garchomp|71/100|[from] item: Life Orb
|
|upkeep
|
|t:|1756573380
|switch|p2a: Gholdengo|Gholdengo, L50, tera:Fighting|43/100
|turn|6
|
|t:|1756573449
|move|p2a: Gholdengo|Protect|p2a: Gholdengo
|-singleturn|p2a: Gholdengo|Protect
|move|p2b: Basculegion|Aqua Jet|p1b: Garchomp
|-damage|p1b: Garchomp|50/100
|-damage|p2b: Basculegion|0 fnt|[from] ability: Rough Skin|[of] p1b: Garchomp
|faint|p2b: Basculegion
|move|p1a: Sneasler|Dire Claw|p2a: Gholdengo
|-activate|p2a: Gholdengo|move: Protect
|move|p1b: Garchomp|Dragon Claw|p2a: Gholdengo
|-activate|p2a: Gholdengo|move: Protect
|
|upkeep
|
|t:|1756573460
|switch|p2b: Dragonite|Dragonite, L50, M|100/100
|turn|7
|
|t:|1756573523
|move|p1b: Garchomp|Protect|p1b: Garchomp
|-singleturn|p1b: Garchomp|Protect
|move|p1a: Sneasler|Dire Claw|p2b: Dragonite
|-damage|p2b: Dragonite|73/100
|move|p2a: Gholdengo|Make It Rain|p1a: Sneasler|[spread] p1a
|-activate|p1b: Garchomp|move: Protect
|-damage|p1a: Sneasler|17/100
|-unboost|p2a: Gholdengo|spa|1
|-damage|p2a: Gholdengo|34/100|[from] item: Life Orb
|move|p2b: Dragonite|Scale Shot|p1b: Garchomp
|-activate|p1b: Garchomp|move: Protect
|
|upkeep
|turn|8
|
|t:|1756573635
|move|p2b: Dragonite|Extreme Speed|p1a: Sneasler
|-damage|p1a: Sneasler|0 fnt
|faint|p1a: Sneasler
|move|p1b: Garchomp|Dragon Claw|p2b: Dragonite
|-supereffective|p2b: Dragonite
|-damage|p2b: Dragonite|0 fnt
|faint|p2b: Dragonite
|-damage|p1b: Garchomp|40/100|[from] item: Life Orb
|move|p2a: Gholdengo|Make It Rain|p1b: Garchomp
|-damage|p1b: Garchomp|0 fnt
|-unboost|p2a: Gholdengo|spa|1
|faint|p1b: Garchomp
|-damage|p2a: Gholdengo|24/100|[from] item: Life Orb
|
|win|langschlong
||medical maractus is ready for game 2.
|inactive|langschlong has 30 seconds to confirm battle start!
