|j|☆rye305
|j|☆jonathan53332
|html|rye305jonathan53332    
|uhtml|bestof|Game 1 of a best-of-3
|t:|1785641961
|gametype|doubles
|player|p1|rye305|266|
|player|p2|jonathan53332|2|
|gen|9
|tier|[Gen 9 Champions] VGC 2026 Reg M-B (Bo3)
|rule|Species Clause: Limit one of each Pokémon
|rule|Item Clause: Limit 1 of each item
|clearpoke
|poke|p1|Aegislash, L50, F|
|poke|p1|Garchomp, L50, M|
|poke|p1|Delphox, L50, F|
|poke|p1|Staraptor, L50, M|
|poke|p1|Kangaskhan, L50, F|
|poke|p1|Basculegion, L50, M|
|poke|p2|Charizard, L50, F|
|poke|p2|Sinistcha-Masterpiece, L50|
|poke|p2|Pelipper, L50, M|
|poke|p2|Tauros-Paldea-Aqua, L50, M|
|poke|p2|Primarina, L50, M|
|poke|p2|Tyranitar, L50, M|
|teampreview|4
|showteam|p1|Aegislash||FocusSash|StanceChange|Poltergeist,IronHead,ShadowSneak,KingsShield|Adamant||F|||50|]Garchomp||LifeOrb|RoughSkin|Earthquake,ScaleShot,DragonClaw,Protect|Adamant||M|||50|]Delphox||Delphoxite|Blaze|HeatWave,Psyshock,NastyPlot,Protect|Timid||F|||50|]Staraptor||Staraptite|Intimidate|BraveBird,CloseCombat,Roost,Protect|Adamant||M|||50|]Kangaskhan||ChopleBerry|Scrappy|FakeOut,IcePunch,HelpingHand,DoubleEdge|Adamant||F|||50|]Basculegion||ChoiceScarf|Adaptability|LastRespects,WaveCrash,AquaJet,FlipTurn|Jolly||M|||50|
|showteam|p2|Charizard||CharizarditeY|SolarPower|SolarBeam,WeatherBall,AirCutter,HeatWave|Timid||F|||50|]Sinistcha-Masterpiece||SitrusBerry|Hospitality|Scald,MatchaGotcha,ShadowBall,StrengthSap|Modest|||||50|]Pelipper||FocusSash|Drizzle|Tailwind,IcyWind,Hurricane,WideGuard|Modest||M|||50|]Tauros-Paldea-Aqua||LifeOrb|Intimidate|DrillRun,CloseCombat,AquaJet,RagingBull|Jolly||M|||50|]Primarina||Leftovers|LiquidVoice|HyperVoice,Blizzard,EnergyBall,ShadowBall|Modest||M|||50|]Tyranitar||Tyranitarite|SandStream|Earthquake,RockSlide,FirePunch,Protect|Adamant||M|||50|
|
|t:|1785641995
|teamsize|p1|4
|teamsize|p2|4
|start
|switch|p1a: Delphox|Delphox, L50, F|100/100
|switch|p1b: Kangaskhan|Kangaskhan, L50, F|100/100
|switch|p2a: Tyranitar|Tyranitar, L50, M|100/100
|switch|p2b: Tauros|Tauros-Paldea-Aqua, L50, M|100/100
|-ability|p2b: Tauros|Intimidate|boost
|-unboost|p1a: Delphox|atk|1
|-fail|p1b: Kangaskhan|unboost|Attack|[from] ability: Scrappy|[of] p1b: Kangaskhan
|-weather|Sandstorm|[from] ability: Sand Stream|[of] p2a: Tyranitar
|turn|1
|
|t:|1785642015
|detailschange|p1a: Delphox|Delphox-Mega, L50, F
|-mega|p1a: Delphox|Delphox|Delphoxite
|move|p1b: Kangaskhan|Fake Out|p2a: Tyranitar
|-resisted|p2a: Tyranitar|1
|-damage|p2a: Tyranitar|91/100
|move|p1a: Delphox|Psyshock|p2b: Tauros
|-supereffective|p2b: Tauros|1
|-damage|p2b: Tauros|0 fnt
|faint|p2b: Tauros
|cant|p2a: Tyranitar|flinch
|
|-weather|Sandstorm|[upkeep]
|-damage|p1a: Delphox|93/100|[from] Sandstorm
|-damage|p1b: Kangaskhan|93/100|[from] Sandstorm
|upkeep
|
|t:|1785642032
|switch|p2b: Charizard|Charizard, L50, F|100/100
|turn|2
|
|t:|1785642063
|detailschange|p2b: Charizard|Charizard-Mega-Y, L50, F
|-mega|p2b: Charizard|Charizard|Charizardite Y
|-weather|SunnyDay|[from] ability: Drought|[of] p2b: Charizard
|move|p1a: Delphox|Protect|p1a: Delphox
|-singleturn|p1a: Delphox|Protect
|move|p2b: Charizard|Heat Wave|p1b: Kangaskhan|[spread] p1b
|-activate|p1a: Delphox|move: Protect
|-damage|p1b: Kangaskhan|27/100
|move|p1b: Kangaskhan|Double-Edge|p2b: Charizard
|-damage|p2b: Charizard|23/100
|-damage|p1b: Kangaskhan|8/100|[from] Recoil
|move|p2a: Tyranitar|Rock Slide|p1a: Delphox|[spread] p1b
|-activate|p1a: Delphox|move: Protect
|-damage|p1b: Kangaskhan|0 fnt
|faint|p1b: Kangaskhan
|
|-weather|SunnyDay|[upkeep]
|upkeep
|c|☆jonathan53332|Didn't expect the fake out somehow
|
|t:|1785642081
|switch|p1b: Aegislash|Aegislash, L50, F|100/100
|turn|3
|
|t:|1785642097
|move|p1a: Delphox|Heat Wave|p2a: Tyranitar|[spread] p2a,p2b
|-resisted|p2a: Tyranitar|1
|-resisted|p2b: Charizard|1
|-damage|p2a: Tyranitar|63/100
|-damage|p2b: Charizard|0 fnt
|faint|p2b: Charizard
|move|p2a: Tyranitar|Rock Slide|p1b: Aegislash|[spread] p1a,p1b
|-supereffective|p1a: Delphox|1
|-resisted|p1b: Aegislash|1
|-damage|p1a: Delphox|0 fnt
|-damage|p1b: Aegislash|87/100
|faint|p1a: Delphox
|-formechange|p1b: Aegislash|Aegislash-Blade|
|move|p1b: Aegislash|Iron Head|p2a: Tyranitar
|-supereffective|p2a: Tyranitar|1
|-damage|p2a: Tyranitar|0 fnt
|faint|p2a: Tyranitar
|
|-weather|SunnyDay|[upkeep]
|upkeep
|
|t:|1785642108
|switch|p1a: Basculegion|Basculegion, L50, M|100/100
|switch|p2b: Pelipper|Pelipper, L50, M|100/100
|-weather|RainDance|[from] ability: Drizzle|[of] p2b: Pelipper
|turn|4
|
|t:|1785642115
|move|p1a: Basculegion|Last Respects|p2b: Pelipper
|-enditem|p2b: Pelipper|Focus Sash
|-damage|p2b: Pelipper|1/100
|move|p2b: Pelipper|Hurricane|p1a: Basculegion
|-damage|p1a: Basculegion|45/100
|-start|p1a: Basculegion|confusion
|move|p1b: Aegislash|Poltergeist||[still]
|-fail|p1b: Aegislash
|
|-weather|RainDance|[upkeep]
|upkeep
|turn|5
|
|t:|1785642126
|move|p1b: Aegislash|Shadow Sneak|p2b: Pelipper
|-damage|p2b: Pelipper|0 fnt
|faint|p2b: Pelipper
|
|win|rye305
||rye305 is ready for game 2.
