|j|☆tang de maracuja
|j|☆TheMochiMan
|html|tang de maracujaTheMochiMan    
|uhtml|bestof|Game 3 of a best-of-3
|t:|1784689927
|gametype|doubles
|player|p1|tang de maracuja|morty|1244
|player|p2|TheMochiMan|doctor|1222
|gen|9
|tier|[Gen 9 Champions] VGC 2026 Reg M-B (Bo3)
|rated|
|rule|Species Clause: Limit one of each Pokémon
|rule|Item Clause: Limit 1 of each item
|clearpoke
|poke|p1|Sinistcha, L50|
|poke|p1|Gholdengo, L50|
|poke|p1|Incineroar, L50, F|
|poke|p1|Staraptor, L50, F|
|poke|p1|Arcanine-Hisui, L50, F|
|poke|p1|Ninetales-Alola, L50, F|
|poke|p2|Toxapex, L50, F, shiny|
|poke|p2|Charizard, L50, M|
|poke|p2|Garchomp, L50, M|
|poke|p2|Annihilape, L50, F, shiny|
|poke|p2|Venusaur, L50, F|
|poke|p2|Incineroar, L50, M|
|teampreview|4
|showteam|p1|Sinistcha||ColburBerry|Hospitality|MatchaGotcha,RagePowder,TrickRoom,StrengthSap|Calm|||||50|]Gholdengo||LifeOrb|GoodasGold|Protect,MakeItRain,ShadowBall,NastyPlot|Modest|||||50|]Incineroar||SitrusBerry|Intimidate|PartingShot,FlareBlitz,DarkestLariat,FakeOut|Careful||F|||50|]Staraptor||Staraptite|Intimidate|Protect,CloseCombat,BraveBird,Roost|Jolly||F|||50|]Arcanine-Hisui||FocusSash|RockHead|Protect,HeadSmash,FlareBlitz,ExtremeSpeed|Jolly||F|||50|]Ninetales-Alola||NeverMeltIce|SnowWarning|Protect,Blizzard,FreezeDry,AuroraVeil|Timid||F|||50|
|showteam|p2|Toxapex||Leftovers|Regenerator|Toxic,Infestation,BanefulBunker,WideGuard|Bold||F|||50|]Charizard||CharizarditeY|Blaze|Protect,HeatWave,SolarBeam,WeatherBall|Modest||M|||50|]Garchomp||ChoiceScarf|RoughSkin|Protect,Earthquake,DragonClaw,RockSlide|Adamant||M|||50|]Annihilape||FocusSash|Defiant|Protect,CloseCombat,PhantomForce,RageFist|Jolly||F|||50|]Venusaur||LifeOrb|Chlorophyll|Protect,EarthPower,SludgeBomb,EnergyBall|Modest||F|||50|]Incineroar||SitrusBerry|Intimidate|FakeOut,PartingShot,ThroatChop,FlareBlitz|Impish||M|||50|
|inactive|Battle timer is ON: inactive players will automatically lose when time's up. (requested by tang de maracuja)
|inactive|TheMochiMan has 60 seconds left.
|
|t:|1784689975
|teamsize|p1|4
|teamsize|p2|4
|start
|switch|p1a: Incineroar|Incineroar, L50, F|100/100
|switch|p1b: Arcanine|Arcanine-Hisui, L50, F|100/100
|switch|p2a: Toxapex|Toxapex, L50, F, shiny|100/100
|switch|p2b: Incineroar|Incineroar, L50, M|100/100
|-ability|p2b: Incineroar|Intimidate|boost
|-unboost|p1a: Incineroar|atk|1
|-unboost|p1b: Arcanine|atk|1
|-ability|p1a: Incineroar|Intimidate|boost
|-unboost|p2a: Toxapex|atk|1
|-unboost|p2b: Incineroar|atk|1
|turn|1
|inactive|tang de maracuja has 30 seconds left.
|
|t:|1784690006
|move|p1b: Arcanine|Protect|p1b: Arcanine
|-singleturn|p1b: Arcanine|Protect
|move|p2b: Incineroar|Fake Out|p1b: Arcanine
|-activate|p1b: Arcanine|move: Protect
|move|p1a: Incineroar|Parting Shot|p2b: Incineroar
|-unboost|p2b: Incineroar|atk|1
|-unboost|p2b: Incineroar|spa|1
|
|t:|1784690017
|switch|p1a: Ninetales|Ninetales-Alola, L50, F|100/100|[from] Parting Shot
|-weather|Snowscape|[from] ability: Snow Warning|[of] p1a: Ninetales
|move|p2a: Toxapex|Toxic|p1b: Arcanine
|-activate|p1b: Arcanine|move: Protect
|
|-weather|Snowscape|[upkeep]
|upkeep
|turn|2
|
|t:|1784690032
|move|p1a: Ninetales|Blizzard|p2b: Incineroar|[spread] p2a,p2b
|-resisted|p2a: Toxapex|1
|-resisted|p2b: Incineroar|1
|-damage|p2a: Toxapex|85/100
|-damage|p2b: Incineroar|84/100
|move|p1b: Arcanine|Head Smash|p2b: Incineroar
|-supereffective|p2b: Incineroar|1
|-damage|p2b: Incineroar|12/100
|-enditem|p2b: Incineroar|Sitrus Berry|[eat]
|-heal|p2b: Incineroar|37/100|[from] item: Sitrus Berry
|move|p2b: Incineroar|Parting Shot|p1b: Arcanine
|-unboost|p1b: Arcanine|atk|1
|-unboost|p1b: Arcanine|spa|1
|
|t:|1784690046
|switch|p2b: Charizard|Charizard, L50, M|100/100|[from] Parting Shot
|move|p2a: Toxapex|Infestation|p1a: Ninetales
|-resisted|p1a: Ninetales|1
|-damage|p1a: Ninetales|97/100
|-activate|p1a: Ninetales|move: Infestation|[of] p2a: Toxapex
|
|-weather|Snowscape|[upkeep]
|-heal|p2a: Toxapex|91/100|[from] item: Leftovers
|-damage|p1a: Ninetales|85/100|[from] move: Infestation|[partiallytrapped]
|upkeep
|turn|3
|
|t:|1784690066
|switch|p1b: Incineroar|Incineroar, L50, F|100/100
|-ability|p1b: Incineroar|Intimidate|boost
|-unboost|p2a: Toxapex|atk|1
|-unboost|p2b: Charizard|atk|1
|detailschange|p2b: Charizard|Charizard-Mega-Y, L50, M
|-mega|p2b: Charizard|Charizard|Charizardite Y
|-weather|SunnyDay|[from] ability: Drought|[of] p2b: Charizard
|move|p1a: Ninetales|Protect|p1a: Ninetales
|-singleturn|p1a: Ninetales|Protect
|move|p2b: Charizard|Protect|p2b: Charizard
|-singleturn|p2b: Charizard|Protect
|move|p2a: Toxapex|Infestation|p1b: Incineroar
|-damage|p1b: Incineroar|97/100
|-activate|p1b: Incineroar|move: Infestation|[of] p2a: Toxapex
|
|-weather|SunnyDay|[upkeep]
|-heal|p2a: Toxapex|96/100|[from] item: Leftovers
|-damage|p1a: Ninetales|73/100|[from] move: Infestation|[partiallytrapped]
|-damage|p1b: Incineroar|85/100|[from] move: Infestation|[partiallytrapped]
|upkeep
|turn|4
|
|t:|1784690082
|move|p1b: Incineroar|Fake Out|p2b: Charizard
|-damage|p2b: Charizard|90/100
|move|p1a: Ninetales|Freeze-Dry|p2a: Toxapex
|-supereffective|p2a: Toxapex|1
|-damage|p2a: Toxapex|43/100
|cant|p2b: Charizard|flinch
|move|p2a: Toxapex|Toxic|p1a: Ninetales
|-status|p1a: Ninetales|tox
|
|-weather|SunnyDay|[upkeep]
|-heal|p2a: Toxapex|49/100|[from] item: Leftovers
|-damage|p1a: Ninetales|67/100 tox|[from] psn
|-damage|p1a: Ninetales|55/100 tox|[from] move: Infestation|[partiallytrapped]
|-damage|p1b: Incineroar|72/100|[from] move: Infestation|[partiallytrapped]
|upkeep
|turn|5
|
|t:|1784690092
|move|p1a: Ninetales|Protect|p1a: Ninetales
|-singleturn|p1a: Ninetales|Protect
|move|p2b: Charizard|Heat Wave|p1a: Ninetales|[spread] p1b
|-activate|p1a: Ninetales|move: Protect
|-resisted|p1b: Incineroar|1
|-damage|p1b: Incineroar|47/100
|-enditem|p1b: Incineroar|Sitrus Berry|[eat]
|-heal|p1b: Incineroar|72/100|[from] item: Sitrus Berry
|move|p1b: Incineroar|Parting Shot|p2b: Charizard
|-unboost|p2b: Charizard|atk|1
|-unboost|p2b: Charizard|spa|1
|
|t:|1784690103
|switch|p1b: Arcanine|Arcanine-Hisui, L50, F|100/100|[from] Parting Shot
|move|p2a: Toxapex|Toxic|p1b: Arcanine
|-status|p1b: Arcanine|tox
|
|-weather|SunnyDay|[upkeep]
|-heal|p2a: Toxapex|54/100|[from] item: Leftovers
|-damage|p1a: Ninetales|43/100 tox|[from] psn
|-damage|p1b: Arcanine|94/100 tox|[from] psn
|-damage|p1a: Ninetales|31/100 tox|[from] move: Infestation|[partiallytrapped]
|upkeep
|turn|6
|inactive|TheMochiMan has 30 seconds left.
|
|t:|1784690136
|switch|p2b: Incineroar|Incineroar, L50, M|37/100
|-ability|p2b: Incineroar|Intimidate|boost
|-unboost|p1a: Ninetales|atk|1
|-unboost|p1b: Arcanine|atk|1
|move|p1a: Ninetales|Freeze-Dry|p2a: Toxapex
|-supereffective|p2a: Toxapex|1
|-damage|p2a: Toxapex|8/100
|move|p1b: Arcanine|Head Smash|p2b: Incineroar|[miss]
|-miss|p1b: Arcanine|p2b: Incineroar
|move|p2a: Toxapex|Infestation|p1b: Arcanine
|-resisted|p1b: Arcanine|1
|-damage|p1b: Arcanine|92/100 tox
|-activate|p1b: Arcanine|move: Infestation|[of] p2a: Toxapex
|
|-weather|SunnyDay|[upkeep]
|-heal|p2a: Toxapex|14/100|[from] item: Leftovers
|-damage|p1a: Ninetales|13/100 tox|[from] psn
|-damage|p1b: Arcanine|80/100 tox|[from] psn
|-damage|p1a: Ninetales|1/100 tox|[from] move: Infestation|[partiallytrapped]
|-damage|p1b: Arcanine|68/100 tox|[from] move: Infestation|[partiallytrapped]
|upkeep
|turn|7
|inactive|TheMochiMan has 30 seconds left.
|inactive|TheMochiMan has 20 seconds left.
|
|t:|1784690172
|move|p2a: Toxapex|Baneful Bunker|p2a: Toxapex
|-singleturn|p2a: Toxapex|move: Protect
|move|p2b: Incineroar|Fake Out|p1b: Arcanine
|-resisted|p1b: Arcanine|1
|-damage|p1b: Arcanine|62/100 tox
|move|p1a: Ninetales|Freeze-Dry|p2a: Toxapex
|-activate|p2a: Toxapex|move: Protect
|cant|p1b: Arcanine|flinch
|
|-weather|none
|-heal|p2a: Toxapex|20/100y|[from] item: Leftovers
|-damage|p1a: Ninetales|0 fnt|[from] psn
|faint|p1a: Ninetales
|-damage|p1b: Arcanine|44/100 tox|[from] psn
|-damage|p1b: Arcanine|32/100 tox|[from] move: Infestation|[partiallytrapped]
|upkeep
|
|t:|1784690181
|switch|p1a: Staraptor|Staraptor, L50, F|100/100
|-ability|p1a: Staraptor|Intimidate|boost
|-unboost|p2a: Toxapex|atk|1
|-unboost|p2b: Incineroar|atk|1
|turn|8
|inactive|TheMochiMan has 30 seconds left.
|
|t:|1784690212
|detailschange|p1a: Staraptor|Staraptor-Mega, L50, F
|-mega|p1a: Staraptor|Staraptor|Staraptite
|move|p1a: Staraptor|Close Combat|p2b: Incineroar
|-supereffective|p2b: Incineroar|1
|-damage|p2b: Incineroar|0 fnt
|-boost|p1a: Staraptor|def|1
|-boost|p1a: Staraptor|spd|1
|faint|p2b: Incineroar
|move|p1b: Arcanine|Head Smash|p2a: Toxapex
|-damage|p2a: Toxapex|0 fnt
|faint|p2a: Toxapex
|
|-damage|p1b: Arcanine|9/100 tox|[from] psn
|-end|p1b: Arcanine|Infestation|[partiallytrapped]|[silent]
|upkeep
|
|t:|1784690220
|switch|p2b: Venusaur|Venusaur, L50, F|100/100
|switch|p2a: Charizard|Charizard-Mega-Y, L50, M|90/100
|-weather|SunnyDay|[from] ability: Drought|[of] p2a: Charizard
|turn|9
|
|t:|1784690240
|move|p1a: Staraptor|Protect|p1a: Staraptor
|-singleturn|p1a: Staraptor|Protect
|move|p1b: Arcanine|Extreme Speed|p2a: Charizard
|-damage|p2a: Charizard|73/100
|move|p2b: Venusaur|Sludge Bomb|p1a: Staraptor
|-activate|p1a: Staraptor|move: Protect
|move|p2a: Charizard|Weather Ball|p1a: Staraptor
|-activate|p1a: Staraptor|move: Protect
|
|-weather|SunnyDay|[upkeep]
|-damage|p1b: Arcanine|0 fnt|[from] psn
|faint|p1b: Arcanine
|upkeep
|
|t:|1784690249
|switch|p1b: Incineroar|Incineroar, L50, F|72/100
|-ability|p1b: Incineroar|Intimidate|boost
|-unboost|p2a: Charizard|atk|1
|-unboost|p2b: Venusaur|atk|1
|turn|10
|
|t:|1784690269
|move|p2b: Venusaur|Protect|p2b: Venusaur
|-singleturn|p2b: Venusaur|Protect
|move|p2a: Charizard|Protect|p2a: Charizard
|-singleturn|p2a: Charizard|Protect
|move|p1a: Staraptor|Brave Bird|p2b: Venusaur
|-activate|p2b: Venusaur|move: Protect
|move|p1b: Incineroar|Parting Shot|p1a: Staraptor
|-boost|p1a: Staraptor|atk|1
|-boost|p1a: Staraptor|spa|1
|
|-weather|SunnyDay|[upkeep]
|upkeep
|turn|11
|
|t:|1784690291
|move|p1a: Staraptor|Protect|p1a: Staraptor
|-singleturn|p1a: Staraptor|Protect
|move|p2b: Venusaur|Earth Power|p1b: Incineroar
|-supereffective|p1b: Incineroar|1
|-damage|p1b: Incineroar|15/100
|-damage|p2b: Venusaur|90/100|[from] item: Life Orb
|move|p2a: Charizard|Weather Ball|p1a: Staraptor
|-activate|p1a: Staraptor|move: Protect
|move|p1b: Incineroar|Flare Blitz|p2b: Venusaur
|-supereffective|p2b: Venusaur|1
|-damage|p2b: Venusaur|0 fnt
|faint|p2b: Venusaur
|-damage|p1b: Incineroar|0 fnt|[from] Recoil
|faint|p1b: Incineroar
|
|-weather|SunnyDay|[upkeep]
|upkeep
|turn|12
|
|t:|1784690305
|move|p1a: Staraptor|Close Combat|p2a: Charizard
|-resisted|p2a: Charizard|1
|-damage|p2a: Charizard|35/100
|-boost|p1a: Staraptor|def|1
|-boost|p1a: Staraptor|spd|1
|move|p2a: Charizard|Weather Ball|p1a: Staraptor
|-damage|p1a: Staraptor|53/100
|
|-weather|SunnyDay|[upkeep]
|upkeep
|turn|13
|
|t:|1784690311
|move|p1a: Staraptor|Brave Bird|p2a: Charizard
|-damage|p2a: Charizard|0 fnt
|faint|p2a: Charizard
|-damage|p1a: Staraptor|42/100|[from] Recoil
|
|win|tang de maracuja
