|j|☆ruddyreboot
|j|☆certified urgl
|html|ruddyrebootcertified urgl    
|uhtml|bestof|Game 1 of a best-of-3
|t:|1756633432
|gametype|doubles
|player|p1|ruddyreboot|266|1225
|player|p2|certified urgl|1|1423
|gen|9
|tier|[Gen 9] VGC 2025 Reg H (Bo3)
|rated|
|rule|Species Clause: Limit one of each Pokémon
|rule|Item Clause: Limit 1 of each item
|clearpoke
|poke|p1|Indeedee, L50, M|
|poke|p1|Drifblim, L50, M|
|poke|p1|Volcarona, L50, F|
|poke|p1|Kommo-o, L50, M|
|poke|p1|Toxtricity, L50, M|
|poke|p1|Hydreigon, L50, M|
|poke|p2|Gholdengo, L50|
|poke|p2|Sneasler, L50, M|
|poke|p2|Rillaboom, L50, M|
|poke|p2|Dragonite, L50, F|
|poke|p2|Ninetales-Alola, L50, M|
|poke|p2|Arcanine-Hisui, L50, F|
|teampreview|4
|showteam|p1|Indeedee||FocusSash|PsychicSurge|ExpandingForce,TeraBlast,Imprison,TrickRoom|||M|||50|,,,,,Ground]Drifblim||PsychicSeed|Unburden|Acrobatics,WillOWisp,StrengthSap,Tailwind|||M|||50|,,,,,Grass]Volcarona||LifeOrb|FlameBody|BugBuzz,HeatWave,TeraBlast,Protect|||F|||50|,,,,,Fairy]Kommo-o||Leftovers|Soundproof|BodyPress,Flamethrower,IronDefense,Protect|||M|||50|,,,,,Fire]Toxtricity||ChoiceSpecs|PunkRock|Overdrive,SludgeBomb,Boomburst,VoltSwitch|||M|||50|,,,,,Normal]Hydreigon||AssaultVest|Levitate|DarkPulse,DracoMeteor,EarthPower,Snarl|||M|||50|,,,,,Ghost
|showteam|p2|Gholdengo||GrassySeed|GoodasGold|NastyPlot,MakeItRain,ShadowBall,Protect||||||50|,,,,,Dragon]Sneasler||WhiteHerb|Unburden|CloseCombat,DireClaw,Coaching,Protect|||M|||50|,,,,,Ghost]Rillaboom||AssaultVest|GrassySurge|FakeOut,GrassyGlide,DrumBeating,HighHorsepower|||M|||50|,,,,,Fire]Dragonite||LoadedDice|Multiscale|ScaleShot,StompingTantrum,Tailwind,Protect|||F|||50|,,,,,Ground]Ninetales-Alola||FocusSash|SnowWarning|Blizzard,IcyWind,Encore,AuroraVeil|||M|||50|,,,,,Ghost]Arcanine-Hisui||ClearAmulet|Intimidate|RockSlide,FlareBlitz,ExtremeSpeed,Protect|||F|||50|,,,,,Water
|inactive|Battle timer is ON: inactive players will automatically lose when time's up. (requested by certified urgl)
|inactive|ruddyreboot also wants the timer to be on.
|j| meilai
|inactive|certified urgl has 60 seconds left.
|inactive|certified urgl has 30 seconds left.
|
|t:|1756633494
|teamsize|p1|4
|teamsize|p2|4
|start
|switch|p1a: Drifblim|Drifblim, L50, M|100/100
|switch|p1b: Hydreigon|Hydreigon, L50, M|100/100
|switch|p2a: Rillaboom|Rillaboom, L50, M|100/100
|switch|p2b: Dragonite|Dragonite, L50, F|100/100
|-fieldstart|move: Grassy Terrain|[from] ability: Grassy Surge|[of] p2a: Rillaboom
|turn|1
|
|t:|1756633515
|switch|p2b: Arcanine|Arcanine-Hisui, L50, F|100/100
|-ability|p2b: Arcanine|Intimidate|boost
|-unboost|p1a: Drifblim|atk|1
|-unboost|p1b: Hydreigon|atk|1
|switch|p1a: Indeedee|Indeedee, L50, M|100/100
|-fieldstart|move: Psychic Terrain|[from] ability: Psychic Surge|[of] p1a: Indeedee
|move|p1b: Hydreigon|Draco Meteor|p2b: Arcanine|[miss]
|-miss|p1b: Hydreigon|p2b: Arcanine
|move|p2a: Rillaboom|Drum Beating|p1b: Hydreigon
|-resisted|p1b: Hydreigon
|-damage|p1b: Hydreigon|82/100
|-unboost|p1b: Hydreigon|spe|1
|
|upkeep
|turn|2
|inactive|ruddyreboot has 30 seconds left.
|
|t:|1756633543
|switch|p1b: Toxtricity|Toxtricity, L50, M|100/100
|move|p2b: Arcanine|Protect|p2b: Arcanine
|-singleturn|p2b: Arcanine|Protect
|move|p1a: Indeedee|Expanding Force|p2a: Rillaboom|[spread] p2a
|-activate|p2b: Arcanine|move: Protect
|-damage|p2a: Rillaboom|56/100
|move|p2a: Rillaboom|Drum Beating|p1a: Indeedee
|-damage|p1a: Indeedee|16/100
|-unboost|p1a: Indeedee|spe|1
|
|upkeep
|turn|3
|
|t:|1756633558
|switch|p1a: Drifblim|Drifblim, L50, M|100/100
|-enditem|p1a: Drifblim|Psychic Seed
|-boost|p1a: Drifblim|spd|1|[from] item: Psychic Seed
|-terastallize|p1b: Toxtricity|Normal
|move|p2b: Arcanine|Rock Slide|p1b: Toxtricity|[spread] p1a,p1b
|-supereffective|p1a: Drifblim
|-damage|p1a: Drifblim|44/100
|-damage|p1b: Toxtricity|61/100
|move|p2a: Rillaboom|High Horsepower|p1b: Toxtricity
|-damage|p1b: Toxtricity|18/100
|move|p1b: Toxtricity|Boomburst|p2b: Arcanine|[spread] p2a,p2b
|-immune|p1a: Drifblim
|-resisted|p2b: Arcanine
|-damage|p2a: Rillaboom|0 fnt
|-damage|p2b: Arcanine|41/100
|faint|p2a: Rillaboom
|
|upkeep
|
|t:|1756633582
|switch|p2a: Dragonite|Dragonite, L50, F|100/100
|turn|4
|
|t:|1756633598
|move|p2b: Arcanine|Protect|p2b: Arcanine
|-singleturn|p2b: Arcanine|Protect
|move|p1a: Drifblim|Strength Sap|p2b: Arcanine
|-activate|p2b: Arcanine|move: Protect
|move|p1b: Toxtricity|Boomburst|p2a: Dragonite|[spread] p2a
|-activate|p2b: Arcanine|move: Protect
|-immune|p1a: Drifblim
|-damage|p2a: Dragonite|51/100
|move|p2a: Dragonite|Tailwind|p2a: Dragonite
|-sidestart|p2: certified urgl|move: Tailwind
|
|upkeep
|turn|5
|
|t:|1756633621
|move|p2b: Arcanine|Rock Slide|p1b: Toxtricity|[spread] p1a,p1b
|-supereffective|p1a: Drifblim
|-damage|p1a: Drifblim|0 fnt
|-damage|p1b: Toxtricity|0 fnt
|faint|p1a: Drifblim
|faint|p1b: Toxtricity
|move|p2a: Dragonite|Stomping Tantrum|p1: Drifblim|[notarget]
|-fail|p2a: Dragonite
|
|-fieldend|move: Psychic Terrain
|upkeep
|
|t:|1756633624
|switch|p1b: Hydreigon|Hydreigon, L50, M|82/100
|switch|p1a: Indeedee|Indeedee, L50, M|16/100
|-fieldstart|move: Psychic Terrain|[from] ability: Psychic Surge|[of] p1a: Indeedee
|turn|6
|
|t:|1756633635
|move|p2b: Arcanine|Flare Blitz|p1a: Indeedee
|-damage|p1a: Indeedee|0 fnt
|faint|p1a: Indeedee
|-damage|p2b: Arcanine|37/100|[from] Recoil
|move|p2a: Dragonite|Scale Shot|p1b: Hydreigon
|-supereffective|p1b: Hydreigon
|-damage|p1b: Hydreigon|49/100
|-supereffective|p1b: Hydreigon
|-damage|p1b: Hydreigon|19/100
|-supereffective|p1b: Hydreigon
|-damage|p1b: Hydreigon|0 fnt
|faint|p1b: Hydreigon
|-hitcount|p1: Hydreigon|3
|
|win|certified urgl
