|j|☆ThierryVGC
|j|☆MudkipC4
|html|ThierryVGCMudkipC4    
|uhtml|bestof|Game 3 of a best-of-3
|t:|1756260899
|gametype|doubles
|player|p1|ThierryVGC|1|1157
|player|p2|MudkipC4|norman|1305
|gen|9
|tier|[Gen 9] VGC 2025 Reg H (Bo3)
|rated|
|rule|Species Clause: Limit one of each Pokémon
|rule|Item Clause: Limit 1 of each item
|clearpoke
|poke|p1|Ursaluna, L50, F|
|poke|p1|Porygon2, L50|
|poke|p1|Incineroar, L50, F|
|poke|p1|Amoonguss, L50, F|
|poke|p1|Maushold-Four, L50|
|poke|p1|Gholdengo, L50|
|poke|p2|Incineroar, L50, M|
|poke|p2|Garchomp, L50, M|
|poke|p2|Talonflame, L50, F|
|poke|p2|Tyranitar, L50, F|
|poke|p2|Gothitelle, L50, F|
|poke|p2|Gholdengo, L50|
|teampreview|4
|showteam|p1|Ursaluna||FlameOrb|Guts|Facade,Earthquake,HeadlongRush,Protect|||F|||50|,,,,,Ghost]Porygon2||Eviolite|Trace|TrickRoom,Recover,TriAttack,Thunderbolt||||||50|,,,,,Electric]Incineroar||SafetyGoggles|Intimidate|KnockOff,FlareBlitz,PartingShot,FakeOut|||F|||50|,,,,,Ghost]Amoonguss||CovertCloak|Regenerator|Spore,RagePowder,ClearSmog,PollenPuff|||F|||50|,,,,,Water]Maushold-Four||FocusSash|Technician|PopulationBomb,Taunt,FollowMe,Protect||||||50|,,,,,Ghost]Gholdengo||LifeOrb|GoodasGold|ShadowBall,MakeItRain,NastyPlot,Protect||||||50|,,,,,Water
|showteam|p2|Incineroar||RockyHelmet|Intimidate|FakeOut,KnockOff,FlareBlitz,PartingShot|||M|||50|,,,,,Grass]Garchomp||ClearAmulet|SandVeil|SwordsDance,Protect,Earthquake,DragonClaw|||M|||50|,,,,,Ground]Talonflame||SafetyGoggles|GaleWings|Tailwind,BraveBird,WillOWisp,QuickGuard|||F|||50|,,,,,Ghost]Tyranitar||AssaultVest|SandStream|RockSlide,KnockOff,LowKick,TeraBlast|||F|||50|,,,,,Flying]Gothitelle||SitrusBerry|ShadowTag|FakeOut,Psychic,Taunt,Protect|||F|||50|,,,,,Grass]Gholdengo||Leftovers|GoodasGold|NastyPlot,MakeItRain,ShadowBall,Protect||||||50|,,,,,Steel
|inactive|Battle timer is ON: inactive players will automatically lose when time's up. (requested by MudkipC4)
|
|t:|1756260926
|teamsize|p1|4
|teamsize|p2|4
|start
|switch|p1a: Porygon2|Porygon2, L50|100/100
|switch|p1b: Amoonguss|Amoonguss, L50, F|100/100
|switch|p2a: Lumberchomp|Garchomp, L50, M|100/100
|switch|p2b: MegaTar|Tyranitar, L50, F, shiny|100/100
|-weather|Sandstorm|[from] ability: Sand Stream|[of] p2b: MegaTar
|-ability|p1a: Porygon2|Sand Veil|Trace|[from] ability: Trace|[of] p2a: Lumberchomp
|turn|1
|
|t:|1756260941
|switch|p1b: Incineroar|Incineroar, L50, F|100/100
|-ability|p1b: Incineroar|Intimidate|boost
|-fail|p2a: Lumberchomp|unboost|[from] item: Clear Amulet|[of] p2a: Lumberchomp
|-unboost|p2b: MegaTar|atk|1
|-terastallize|p2b: MegaTar|Flying
|move|p2a: Lumberchomp|Earthquake|p1b: Incineroar|[spread] p1b
|-immune|p2b: MegaTar
|-miss|p2a: Lumberchomp|p1a: Porygon2
|-supereffective|p1b: Incineroar
|-damage|p1b: Incineroar|28/100
|move|p2b: MegaTar|Tera Blast|p1b: Incineroar|[anim] Tera Blast Flying
|-damage|p1b: Incineroar|1/100
|move|p1a: Porygon2|Trick Room|p1a: Porygon2
|-fieldstart|move: Trick Room|[of] p1a: Porygon2
|
|-weather|Sandstorm|[upkeep]
|-damage|p2b: MegaTar|95/100|[from] Sandstorm
|upkeep
|turn|2
|inactive|ThierryVGC has 30 seconds left.
|inactive|MudkipC4 has 30 seconds left.
|inactive|ThierryVGC has 20 seconds left.
|
|t:|1756260980
|move|p1a: Porygon2|Tri Attack|p2a: Lumberchomp
|-damage|p2a: Lumberchomp|65/100
|-status|p2a: Lumberchomp|frz
|move|p1b: Incineroar|Parting Shot|p2b: MegaTar
|-unboost|p2b: MegaTar|atk|1
|-unboost|p2b: MegaTar|spa|1
|
|t:|1756260988
|switch|p1b: Ursaluna|Ursaluna, L50, F|100/100|[from] Parting Shot
|move|p2b: MegaTar|Knock Off|p1a: Porygon2|[miss]
|-miss|p2b: MegaTar|p1a: Porygon2
|-curestatus|p2a: Lumberchomp|frz|[msg]
|move|p2a: Lumberchomp|Earthquake|p1a: Porygon2|[spread] p1b
|-immune|p2b: MegaTar
|-miss|p2a: Lumberchomp|p1a: Porygon2
|-damage|p1b: Ursaluna|70/100
|
|-weather|Sandstorm|[upkeep]
|-damage|p2b: MegaTar|89/100|[from] Sandstorm
|-status|p1b: Ursaluna|brn|[from] item: Flame Orb
|upkeep
|turn|3
|
|t:|1756261006
|switch|p1a: Amoonguss|Amoonguss, L50, F|100/100
|switch|p2b: MiniRoar|Incineroar, L50, M|100/100
|-ability|p2b: MiniRoar|Intimidate|boost
|-unboost|p1a: Amoonguss|atk|1
|-unboost|p1b: Ursaluna|atk|1
|move|p2a: Lumberchomp|Protect|p2a: Lumberchomp
|-singleturn|p2a: Lumberchomp|Protect
|move|p1b: Ursaluna|Facade|p2b: MiniRoar
|-damage|p2b: MiniRoar|29/100
|-damage|p1b: Ursaluna|53/100 brn|[from] item: Rocky Helmet|[of] p2b: MiniRoar
|
|-weather|Sandstorm|[upkeep]
|-damage|p1a: Amoonguss|95/100|[from] Sandstorm
|-damage|p2b: MiniRoar|23/100|[from] Sandstorm
|-damage|p1b: Ursaluna|47/100 brn|[from] brn
|upkeep
|turn|4
|
|t:|1756261028
|move|p2b: MiniRoar|Fake Out|p1a: Amoonguss
|-damage|p1a: Amoonguss|85/100
|move|p1a: Amoonguss|Spore|p2a: Lumberchomp
|-status|p2a: Lumberchomp|slp|[from] move: Spore
|move|p1b: Ursaluna|Facade|p2a: Lumberchomp
|-damage|p2a: Lumberchomp|0 fnt
|faint|p2a: Lumberchomp
|
|-weather|Sandstorm|[upkeep]
|-damage|p1a: Amoonguss|79/100|[from] Sandstorm
|-damage|p2b: MiniRoar|17/100|[from] Sandstorm
|-damage|p1b: Ursaluna|41/100 brn|[from] brn
|upkeep
|
|t:|1756261036
|switch|p2a: Golemdengo|Gholdengo, L50|100/100
|turn|5
|inactive|ThierryVGC has 30 seconds left.
|
|t:|1756261063
|switch|p2b: MegaTar|Tyranitar, L50, F, shiny, tera:Flying|89/100
|move|p2a: Golemdengo|Protect|p2a: Golemdengo
|-singleturn|p2a: Golemdengo|Protect
|move|p1a: Amoonguss|Pollen Puff|p1b: Ursaluna
|-heal|p1b: Ursaluna|91/100 brn
|move|p1b: Ursaluna|Facade|p2b: MegaTar
|-damage|p2b: MegaTar|16/100
|
|-weather|none
|-damage|p1b: Ursaluna|85/100 brn|[from] brn
|-fieldend|move: Trick Room
|upkeep
|turn|6
|
|t:|1756261080
|move|p2a: Golemdengo|Make It Rain|p1a: Amoonguss|[spread] p1a,p1b
|-damage|p1a: Amoonguss|48/100
|-damage|p1b: Ursaluna|46/100 brn
|-unboost|p2a: Golemdengo|spa|1
|move|p2b: MegaTar|Low Kick|p1b: Ursaluna
|-supereffective|p1b: Ursaluna
|-damage|p1b: Ursaluna|0 fnt
|faint|p1b: Ursaluna
|move|p1a: Amoonguss|Spore|p2b: MegaTar
|-status|p2b: MegaTar|slp|[from] move: Spore
|
|upkeep
|
|t:|1756261091
|switch|p1b: Porygon2|Porygon2, L50|100/100
|-ability|p1b: Porygon2|Sand Stream|Trace|[from] ability: Trace|[of] p2b: MegaTar
|-weather|Sandstorm|[from] ability: Sand Stream|[of] p1b: Porygon2
|turn|7
|
|t:|1756261114
|switch|p2b: MiniRoar|Incineroar, L50, M|17/100
|-ability|p2b: MiniRoar|Intimidate|boost
|-unboost|p1a: Amoonguss|atk|1
|-unboost|p1b: Porygon2|atk|1
|move|p2a: Golemdengo|Nasty Plot|p2a: Golemdengo
|-boost|p2a: Golemdengo|spa|2
|move|p1a: Amoonguss|Spore|p2a: Golemdengo
|-immune|p2a: Golemdengo|[from] ability: Good as Gold
|move|p1b: Porygon2|Trick Room|p1b: Porygon2
|-fieldstart|move: Trick Room|[of] p1b: Porygon2
|
|-weather|Sandstorm|[upkeep]
|-damage|p1a: Amoonguss|42/100|[from] Sandstorm
|-damage|p1b: Porygon2|94/100|[from] Sandstorm
|-damage|p2b: MiniRoar|11/100|[from] Sandstorm
|upkeep
|turn|8
|inactive|ThierryVGC has 30 seconds left.
|inactive|MudkipC4 has 30 seconds left.
|
|t:|1756261141
|switch|p1a: Incineroar|Incineroar, L50, F|1/100
|-ability|p1a: Incineroar|Intimidate|boost
|-unboost|p2a: Golemdengo|atk|1
|-unboost|p2b: MiniRoar|atk|1
|-terastallize|p1b: Porygon2|Electric
|move|p1b: Porygon2|Thunderbolt|p2a: Golemdengo
|-damage|p2a: Golemdengo|67/100
|move|p2b: MiniRoar|Parting Shot|p1b: Porygon2
|-unboost|p1b: Porygon2|atk|1
|-unboost|p1b: Porygon2|spa|1
|
|t:|1756261152
|switch|p2b: MegaTar|Tyranitar, L50, F, shiny, tera:Flying|16/100 slp|[from] Parting Shot
|move|p2a: Golemdengo|Nasty Plot|p2a: Golemdengo
|-boost|p2a: Golemdengo|spa|2
|
|-weather|Sandstorm|[upkeep]
|-damage|p1b: Porygon2|88/100|[from] Sandstorm
|-damage|p2b: MegaTar|10/100 slp|[from] Sandstorm
|-heal|p2a: Golemdengo|73/100|[from] item: Leftovers
|upkeep
|turn|9
|
|t:|1756261169
|switch|p1b: Amoonguss|Amoonguss, L50, F|75/100
|switch|p2b: MiniRoar|Incineroar, L50, M|11/100
|-ability|p2b: MiniRoar|Intimidate|boost
|-unboost|p1a: Incineroar|atk|1
|-unboost|p1b: Amoonguss|atk|1
|move|p2a: Golemdengo|Protect|p2a: Golemdengo
|-singleturn|p2a: Golemdengo|Protect
|move|p1a: Incineroar|Flare Blitz|p2a: Golemdengo
|-activate|p2a: Golemdengo|move: Protect
|
|-weather|Sandstorm|[upkeep]
|-damage|p1b: Amoonguss|69/100|[from] Sandstorm
|-damage|p2b: MiniRoar|5/100|[from] Sandstorm
|-heal|p2a: Golemdengo|80/100|[from] item: Leftovers
|upkeep
|turn|10
|
|t:|1756261193
|move|p2b: MiniRoar|Fake Out|p1a: Incineroar
|-damage|p1a: Incineroar|0 fnt
|faint|p1a: Incineroar
|move|p1b: Amoonguss|Spore|p2b: MiniRoar
|-status|p2b: MiniRoar|slp|[from] move: Spore
|move|p2a: Golemdengo|Make It Rain|p1b: Amoonguss
|-damage|p1b: Amoonguss|0 fnt
|-unboost|p2a: Golemdengo|spa|1
|faint|p1b: Amoonguss
|
|-weather|Sandstorm|[upkeep]
|-damage|p2b: MiniRoar|0 fnt|[from] Sandstorm
|faint|p2b: MiniRoar
|-heal|p2a: Golemdengo|86/100|[from] item: Leftovers
|upkeep
|
|t:|1756261200
|switch|p1b: Porygon2|Porygon2, L50, tera:Electric|88/100
|switch|p2b: MegaTar|Tyranitar, L50, F, shiny, tera:Flying|10/100 slp
|-ability|p1b: Porygon2|Good as Gold|Trace|[from] ability: Trace|[of] p2a: Golemdengo
|turn|11
|
|t:|1756261208
|move|p2a: Golemdengo|Protect|p2a: Golemdengo
|-singleturn|p2a: Golemdengo|Protect
|move|p1b: Porygon2|Thunderbolt|p2a: Golemdengo
|-activate|p2a: Golemdengo|move: Protect
|cant|p2b: MegaTar|slp
|
|-weather|none
|-heal|p2a: Golemdengo|92/100|[from] item: Leftovers
|-fieldend|move: Trick Room
|upkeep
|turn|12
|
|t:|1756261216
|move|p2a: Golemdengo|Shadow Ball|p1b: Porygon2
|-damage|p1b: Porygon2|36/100
|-curestatus|p2b: MegaTar|slp|[msg]
|move|p2b: MegaTar|Knock Off|p1b: Porygon2
|-damage|p1b: Porygon2|5/100
|-enditem|p1b: Porygon2|Eviolite|[from] move: Knock Off|[of] p2b: MegaTar
|move|p1b: Porygon2|Thunderbolt|p2a: Golemdengo
|-damage|p2a: Golemdengo|58/100
|
|-heal|p2a: Golemdengo|64/100|[from] item: Leftovers
|upkeep
|turn|13
|
|t:|1756261224
|move|p2a: Golemdengo|Shadow Ball|p1b: Porygon2
|-damage|p1b: Porygon2|0 fnt
|faint|p1b: Porygon2
|
|win|MudkipC4
|raw|ThierryVGC's rating: 1157 → 1142(-15 for losing)
|raw|MudkipC4's rating: 1305 → 1317(+12 for winning)
|c|☆MudkipC4|Gg
|c|☆ThierryVGC|Gg
