|j|☆Aketzagar18
|j|☆Sir Missalot III
|html|Aketzagar18Sir Missalot III    
|uhtml|bestof|Game 1 of a best-of-3
|t:|1783969916
|gametype|doubles
|player|p1|Aketzagar18|170|1091
|player|p2|Sir Missalot III|ghetsis|1164
|gen|9
|tier|[Gen 9 Champions] VGC 2026 Reg M-B (Bo3)
|rated|
|rule|Species Clause: Limit one of each Pokémon
|rule|Item Clause: Limit 1 of each item
|clearpoke
|poke|p1|Incineroar, L50, M|
|poke|p1|Maushold, L50|
|poke|p1|Sinistcha, L50|
|poke|p1|Sneasler, L50, M|
|poke|p1|Blastoise, L50, F|
|poke|p1|Delphox, L50, M|
|poke|p2|Metagross, L50|
|poke|p2|Hydreigon, L50, F|
|poke|p2|Basculegion, L50, M|
|poke|p2|Blastoise, L50, M|
|poke|p2|Sneasler, L50, M|
|poke|p2|Grimmsnarl, L50, M|
|teampreview|4
|showteam|p1|Incineroar||SitrusBerry|Intimidate|FakeOut,FlareBlitz,ThroatChop,PartingShot|Impish||M|||50|]Maushold||ChopleBerry|FriendGuard|SuperFang,Feint,FollowMe,Protect|Impish|||||50|]Sinistcha||KasibBerry|Hospitality|MatchaGotcha,LifeDew,RagePowder,Protect|Bold|||||50|]Sneasler||FocusSash|PoisonTouch|FakeOut,CloseCombat,DireClaw,QuickGuard|Jolly||M|||50|]Blastoise||Blastoisinite|RainDish|WaterSpout,DarkPulse,ShellSmash,Protect|Modest||F|||50|]Delphox||Delphoxite|Blaze|HeatWave,Psyshock,NastyPlot,Protect|Timid||M|||50|
|showteam|p2|Metagross||Metagrossite|ClearBody|IronHead,PsychicFangs,RockSlide,Protect|Jolly|||||50|]Hydreigon||FocusSash|Levitate|DarkPulse,DracoMeteor,Tailwind,Protect|Modest||F|||50|]Basculegion||ChoiceScarf|Adaptability|WaveCrash,LastRespects,AquaJet,FlipTurn|Jolly||M|||50|]Blastoise||Blastoisinite|Torrent|WaterSpout,DarkPulse,ShellSmash,Protect|Modest||M|||50|]Sneasler||WhiteHerb|Unburden|CloseCombat,DireClaw,FakeOut,Protect|Adamant||M|||50|]Grimmsnarl||LightClay|Prankster|SpiritBreak,LightScreen,Reflect,FakeOut|Adamant||M|||50|
|inactive|Battle timer is ON: inactive players will automatically lose when time's up. (requested by Aketzagar18)
|inactive|Aketzagar18 has 60 seconds left.
|inactive|Sir Missalot III has 60 seconds left.
|inactive|Sir Missalot III has 30 seconds left.
|
|t:|1783969982
|teamsize|p1|4
|teamsize|p2|4
|start
|switch|p1a: Sinistcha|Sinistcha, L50|100/100
|switch|p1b: Delphox|Delphox, L50, M|100/100
|switch|p2a: Metagross|Metagross, L50|100/100
|switch|p2b: Sneasler|Sneasler, L50, M|100/100
|turn|1
|inactive|Sir Missalot III has 30 seconds left.
|inactive|Sir Missalot III has 20 seconds left.
|
|t:|1783970019
|detailschange|p1b: Delphox|Delphox-Mega, L50, M
|-mega|p1b: Delphox|Delphox|Delphoxite
|detailschange|p2a: Metagross|Metagross-Mega, L50
|-mega|p2a: Metagross|Metagross|Metagrossite
|move|p1a: Sinistcha|Rage Powder|p1a: Sinistcha
|-singleturn|p1a: Sinistcha|move: Rage Powder
|move|p1b: Delphox|Heat Wave|p2a: Metagross|[spread] p2a,p2b
|-supereffective|p2a: Metagross|1
|-damage|p2a: Metagross|18/100
|-damage|p2b: Sneasler|52/100
|move|p2a: Metagross|Iron Head|p1a: Sinistcha
|-damage|p1a: Sinistcha|53/100
|move|p2b: Sneasler|Dire Claw|p1a: Sinistcha
|-damage|p1a: Sinistcha|11/100
|
|upkeep
|turn|2
|inactive|Aketzagar18 has 30 seconds left.
|inactive|Sir Missalot III has 30 seconds left.
|inactive|Aketzagar18 has 20 seconds left.
|inactive|Sir Missalot III has 20 seconds left.
|
|t:|1783970059
|switch|p2a: Hydreigon|Hydreigon, L50, F|100/100
|move|p1a: Sinistcha|Rage Powder|p1a: Sinistcha
|-singleturn|p1a: Sinistcha|move: Rage Powder
|move|p1b: Delphox|Heat Wave|p2a: Hydreigon|[spread] p2a,p2b
|-resisted|p2a: Hydreigon|1
|-damage|p2a: Hydreigon|80/100
|-damage|p2b: Sneasler|1/100
|move|p2b: Sneasler|Dire Claw|p1a: Sinistcha
|-damage|p1a: Sinistcha|0 fnt
|faint|p1a: Sinistcha
|
|upkeep
|
|t:|1783970073
|switch|p1a: Sneasler|Sneasler, L50, M|100/100
|turn|3
|inactive|Sir Missalot III has 30 seconds left.
|
|t:|1783970098
|switch|p2b: Metagross|Metagross-Mega, L50|18/100
|switch|p2a: Basculegion|Basculegion, L50, M|100/100
|move|p1b: Delphox|Heat Wave|p2a: Basculegion|[spread] p2a,p2b
|-resisted|p2a: Basculegion|1
|-supereffective|p2b: Metagross|1
|-damage|p2a: Basculegion|79/100
|-damage|p2b: Metagross|0 fnt
|faint|p2b: Metagross
|move|p1a: Sneasler|Close Combat|p2a: Basculegion
|-immune|p2a: Basculegion
|
|upkeep
|
|t:|1783970110
|switch|p2b: Sneasler|Sneasler, L50, M|1/100
|turn|4
|
|t:|1783970127
|move|p1b: Delphox|Protect|p1b: Delphox
|-singleturn|p1b: Delphox|Protect
|move|p2b: Sneasler|Fake Out|p1a: Sneasler
|-damage|p1a: Sneasler|76/100
|move|p2a: Basculegion|Last Respects|p1b: Delphox
|-activate|p1b: Delphox|move: Protect
|cant|p1a: Sneasler|flinch
|
|upkeep
|turn|5
|inactive|Aketzagar18 has 30 seconds left.
|inactive|Aketzagar18 has 20 seconds left.
|
|t:|1783970163
|switch|p1b: Incineroar|Incineroar, L50, M|100/100
|-ability|p1b: Incineroar|Intimidate|boost
|-unboost|p2a: Basculegion|atk|1
|-unboost|p2b: Sneasler|atk|1
|-enditem|p2b: Sneasler|White Herb
|-clearnegativeboost|p2b: Sneasler|[silent]
|move|p2b: Sneasler|Close Combat|p1a: Sneasler
|-resisted|p1a: Sneasler|1
|-damage|p1a: Sneasler|21/100
|-unboost|p2b: Sneasler|def|1
|-unboost|p2b: Sneasler|spd|1
|move|p2a: Basculegion|Last Respects|p1b: Incineroar
|-resisted|p1b: Incineroar|1
|-damage|p1b: Incineroar|84/100
|move|p1a: Sneasler|Dire Claw|p2b: Sneasler
|-resisted|p2b: Sneasler|1
|-damage|p2b: Sneasler|0 fnt
|faint|p2b: Sneasler
|
|upkeep
|
|t:|1783970178
|switch|p2b: Hydreigon|Hydreigon, L50, F|80/100
|turn|6
|
|t:|1783970191
|move|p2a: Basculegion|Last Respects|p1a: Sneasler
|-damage|p1a: Sneasler|0 fnt
|faint|p1a: Sneasler
|move|p2b: Hydreigon|Tailwind|p2b: Hydreigon
|-sidestart|p2: Sir Missalot III|move: Tailwind
|move|p1b: Incineroar|Throat Chop|p2a: Basculegion
|-supereffective|p2a: Basculegion|1
|-damage|p2a: Basculegion|0 fnt
|faint|p2a: Basculegion
|
|upkeep
|
|t:|1783970198
|switch|p1a: Delphox|Delphox-Mega, L50, M|100/100
|turn|7
|inactive|Aketzagar18 has 30 seconds left.
|inactive|Sir Missalot III has 30 seconds left.
|inactive|Sir Missalot III has 20 seconds left.
|inactive|Sir Missalot III has 15 seconds left.
|inactive|Sir Missalot III has 10 seconds left.
|inactive|Sir Missalot III has 5 seconds left.
|
|t:|1783970253
|move|p1a: Delphox|Protect|p1a: Delphox
|-singleturn|p1a: Delphox|Protect
|move|p2b: Hydreigon|Dark Pulse|p1a: Delphox
|-activate|p1a: Delphox|move: Protect
|move|p1b: Incineroar|Flare Blitz|p2b: Hydreigon
|-resisted|p2b: Hydreigon|1
|-damage|p2b: Hydreigon|54/100
|-damage|p1b: Incineroar|77/100|[from] Recoil
|
|upkeep
|turn|8
|inactive|Sir Missalot III has 30 seconds left.
|inactive|Sir Missalot III has 20 seconds left.
|
|t:|1783970291
|move|p2b: Hydreigon|Dark Pulse|p1a: Delphox
|-supereffective|p1a: Delphox|1
|-damage|p1a: Delphox|20/100y
|move|p1a: Delphox|Heat Wave|p2b: Hydreigon
|-resisted|p2b: Hydreigon|1
|-damage|p2b: Hydreigon|27/100
|move|p1b: Incineroar|Flare Blitz|p2b: Hydreigon
|-resisted|p2b: Hydreigon|1
|-damage|p2b: Hydreigon|0 fnt
|faint|p2b: Hydreigon
|-damage|p1b: Incineroar|69/100|[from] Recoil
|
|win|Aketzagar18
||Sir Missalot III is ready for game 2.
|inactive|Aketzagar18 has 30 seconds to confirm battle start!
||Aketzagar18 is ready for game 2.
|uhtml|next|Next: Game 2 of 3
|l|☆Sir Missalot III
|player|p2|
