|j|☆NotBad4first
|j|☆FrancoilCieco777
|html|NotBad4firstFrancoilCieco777    
|uhtml|bestof|Game 1 of a best-of-3
|t:|1757001330
|gametype|doubles
|player|p1|NotBad4first|102|1080
|player|p2|FrancoilCieco777|baker|1017
|gen|9
|tier|[Gen 9] VGC 2025 Reg H (Bo3)
|rated|
|rule|Species Clause: Limit one of each Pokémon
|rule|Item Clause: Limit 1 of each item
|clearpoke
|poke|p1|Archaludon, L50, M|
|poke|p1|Pelipper, L50, M|
|poke|p1|Gholdengo, L50|
|poke|p1|Incineroar, L50, F|
|poke|p1|Basculegion, L50, M|
|poke|p1|Amoonguss, L50, M|
|poke|p2|Volcarona, L50, F|
|poke|p2|Electabuzz, L50, F|
|poke|p2|Sneasler, L50, F|
|poke|p2|Kingambit, L50, F|
|poke|p2|Dragonite, L50, F|
|poke|p2|Rillaboom, L50, F|
|teampreview|4
|showteam|p1|Archaludon||AssaultVest|Stamina|FlashCannon,BodyPress,DracoMeteor,ElectroShot|||M|||50|,,,,,Fairy]Pelipper|||Drizzle|Hurricane,Tailwind,WeatherBall,WideGuard|||M|||50|,,,,,Ground]Gholdengo||LifeOrb|GoodasGold|NastyPlot,Protect,MakeItRain,ShadowBall||||||50|,,,,,Dragon]Incineroar||SitrusBerry|Intimidate|FakeOut,PartingShot,KnockOff,Taunt|||F|||50|,,,,,Grass]Basculegion||ChoiceBand|SwiftSwim|WaveCrash,LastRespects,AquaJet,FlipTurn|||M|||50|,,,,,Water]Amoonguss||RockyHelmet|Regenerator|RagePowder,Spore,Protect,PollenPuff|||M|||50|,,,,,Water
|showteam|p2|Volcarona||CovertCloak|FlameBody|HeatWave,TeraBlast,QuiverDance,Protect|||F|||50|,,,,,Fairy]Electabuzz||Eviolite|VitalSpirit|Thunderbolt,FollowMe,Taunt,Protect|||F|||50|,,,,,Ghost]Sneasler||FocusSash|Unburden|FakeOut,CloseCombat,DireClaw,Coaching|||F|||50|,,,,,Stellar]Kingambit||BlackGlasses|Defiant|KowtowCleave,SuckerPunch,SwordsDance,Protect|||F|||50|,,,,,Dark]Dragonite||LoadedDice|Multiscale|ScaleShot,ExtremeSpeed,Haze,Protect|||F|||50|,,,,,Normal]Rillaboom||AssaultVest|GrassySurge|WoodHammer,GrassyGlide,HighHorsepower,FakeOut|||F|||50|,,,,,Fire
|inactive|Battle timer is ON: inactive players will automatically lose when time's up. (requested by FrancoilCieco777)
|inactive|NotBad4first has 60 seconds left.
|
|t:|1757001365
|teamsize|p1|4
|teamsize|p2|4
|start
|switch|p1a: Incineroar|Incineroar, L50, F|100/100
|switch|p1b: Amoonguss|Amoonguss, L50, M|100/100
|switch|p2a: Electabuzz|Electabuzz, L50, F|100/100
|switch|p2b: Kingambit|Kingambit, L50, F, shiny|100/100
|-ability|p1a: Incineroar|Intimidate|boost
|-unboost|p2a: Electabuzz|atk|1
|-unboost|p2b: Kingambit|atk|1
|-ability|p2b: Kingambit|Defiant|boost
|-boost|p2b: Kingambit|atk|2
|turn|1
|inactive|NotBad4first has 30 seconds left.
|
|t:|1757001399
|-terastallize|p2b: Kingambit|Dark
|move|p2a: Electabuzz|Taunt|p1b: Amoonguss
|-start|p1b: Amoonguss|move: Taunt
|move|p1a: Incineroar|Parting Shot|p2a: Electabuzz
|-unboost|p2a: Electabuzz|atk|1
|-unboost|p2a: Electabuzz|spa|1
|
|t:|1757001408
|switch|p1a: Archaludon|Archaludon, L50, M|100/100|[from] Parting Shot
|move|p2b: Kingambit|Swords Dance|p2b: Kingambit
|-boost|p2b: Kingambit|atk|2
|cant|p1b: Amoonguss|move: Taunt|Spore
|
|upkeep
|turn|2
|
|t:|1757001427
|move|p2a: Electabuzz|Follow Me|p2a: Electabuzz
|-singleturn|p2a: Electabuzz|move: Follow Me
|move|p1a: Archaludon|Body Press|p2a: Electabuzz
|-damage|p2a: Electabuzz|82/100
|move|p2b: Kingambit|Kowtow Cleave|p1a: Archaludon
|-damage|p1a: Archaludon|0 fnt
|faint|p1a: Archaludon
|move|p1b: Amoonguss|Pollen Puff|p2a: Electabuzz
|-damage|p2a: Electabuzz|68/100
|
|upkeep
|
|t:|1757001440
|switch|p1a: Pelipper|Pelipper, L50, M|100/100
|-weather|RainDance|[from] ability: Drizzle|[of] p1a: Pelipper
|turn|3
|inactive|NotBad4first has 30 seconds left.
|
|t:|1757001469
|move|p2a: Electabuzz|Follow Me|p2a: Electabuzz
|-singleturn|p2a: Electabuzz|move: Follow Me
|move|p1a: Pelipper|Hurricane|p2a: Electabuzz
|-resisted|p2a: Electabuzz
|-damage|p2a: Electabuzz|53/100
|move|p2b: Kingambit|Kowtow Cleave|p1b: Amoonguss
|-damage|p1b: Amoonguss|0 fnt
|-damage|p2b: Kingambit|84/100|[from] item: Rocky Helmet|[of] p1b: Amoonguss
|faint|p1b: Amoonguss
|
|-weather|RainDance|[upkeep]
|upkeep
|
|t:|1757001478
|switch|p1b: Incineroar|Incineroar, L50, F|100/100
|-ability|p1b: Incineroar|Intimidate|boost
|-unboost|p2a: Electabuzz|atk|1
|-unboost|p2b: Kingambit|atk|1
|-ability|p2b: Kingambit|Defiant|boost
|-boost|p2b: Kingambit|atk|2
|turn|4
|
|t:|1757001489
|move|p1b: Incineroar|Fake Out|p2b: Kingambit
|-damage|p2b: Kingambit|76/100
|cant|p2b: Kingambit|flinch
|move|p2a: Electabuzz|Thunderbolt|p1a: Pelipper
|-supereffective|p1a: Pelipper
|-damage|p1a: Pelipper|7/100
|move|p1a: Pelipper|Weather Ball|p2a: Electabuzz
|-damage|p2a: Electabuzz|14/100
|
|-weather|RainDance|[upkeep]
|upkeep
|turn|5
|
|t:|1757001510
|move|p2a: Electabuzz|Follow Me|p2a: Electabuzz
|-singleturn|p2a: Electabuzz|move: Follow Me
|move|p1a: Pelipper|Hurricane|p2a: Electabuzz
|-resisted|p2a: Electabuzz
|-damage|p2a: Electabuzz|0 fnt
|faint|p2a: Electabuzz
|move|p1b: Incineroar|Knock Off|p2b: Kingambit
|-resisted|p2b: Kingambit
|-damage|p2b: Kingambit|63/100
|-enditem|p2b: Kingambit|Black Glasses|[from] move: Knock Off|[of] p1b: Incineroar
|move|p2b: Kingambit|Kowtow Cleave|p1b: Incineroar
|-resisted|p1b: Incineroar
|-damage|p1b: Incineroar|16/100
|-enditem|p1b: Incineroar|Sitrus Berry|[eat]
|-heal|p1b: Incineroar|41/100|[from] item: Sitrus Berry
|
|-weather|RainDance|[upkeep]
|upkeep
|
|t:|1757001523
|switch|p2a: Rillaboom|Rillaboom, L50, F|100/100
|-fieldstart|move: Grassy Terrain|[from] ability: Grassy Surge|[of] p2a: Rillaboom
|turn|6
|
|t:|1757001536
|move|p2a: Rillaboom|Grassy Glide|p1a: Pelipper
|-damage|p1a: Pelipper|0 fnt
|faint|p1a: Pelipper
|move|p2b: Kingambit|Sucker Punch|p1b: Incineroar
|-resisted|p1b: Incineroar
|-damage|p1b: Incineroar|0 fnt
|faint|p1b: Incineroar
|
|win|FrancoilCieco777
