|j|☆sedrav
|j|☆Joseph Terastalin
|html|sedravJoseph Terastalin    
|uhtml|bestof|Game 2 of a best-of-3
|t:|1757007178
|gametype|doubles
|player|p1|sedrav|hilbert|1132
|player|p2|Joseph Terastalin|blaine|1000
|gen|9
|tier|[Gen 9] VGC 2025 Reg H (Bo3)
|rated|
|rule|Species Clause: Limit one of each Pokémon
|rule|Item Clause: Limit 1 of each item
|clearpoke
|poke|p1|Garchomp, L50, F|
|poke|p1|Talonflame, L50, M|
|poke|p1|Gholdengo, L50|
|poke|p1|Tyranitar, L50, F|
|poke|p1|Amoonguss, L50, M|
|poke|p1|Milotic, L50, F|
|poke|p2|Venusaur, L50, M|
|poke|p2|Torkoal, L50, M|
|poke|p2|Tyranitar, L50, F|
|poke|p2|Farigiraf, L50, M|
|poke|p2|Electabuzz, L50, F|
|poke|p2|Hydreigon, L50, F|
|teampreview|4
|showteam|p1|Garchomp||LifeOrb|RoughSkin|DragonClaw,StompingTantrum,Earthquake,Protect|||F|||50|,,,,,Fairy]Talonflame||CovertCloak|GaleWings|BraveBird,Tailwind,WillOWisp,Taunt|||M|||50|,,,,,Grass]Gholdengo||MetalCoat|GoodasGold|MakeItRain,ShadowBall,NastyPlot,Protect||||||50|,,,,,Flying]Tyranitar||AssaultVest|SandStream|RockSlide,KnockOff,LowKick,TeraBlast|||F|||50|,,,,,Flying]Amoonguss||SitrusBerry|Regenerator|Spore,RagePowder,PollenPuff,Protect|||M|||50|,,,,,Water]Milotic||SafetyGoggles|Competitive|Scald,IcyWind,Haze,Protect|||F|||50|,,,,,Dragon
|showteam|p2|Venusaur||LifeOrb|Chlorophyll|Protect,SludgeBomb,GigaDrain,WeatherBall|||M|||50|,,,,,Rock]Torkoal||EjectPack|Drought|Overheat,BodyPress,HelpingHand,Yawn|||M|||50|,,,,,Grass]Tyranitar||ChoiceBand|SandStream|RockSlide,KnockOff,TeraBlast,HeavySlam|||F|||50|,,,,,Flying]Farigiraf||ThroatSpray|ArmorTail|Protect,HyperVoice,Psychic,TrickRoom|||M|||50|,,,,,Fairy]Electabuzz||Eviolite|VitalSpirit|Electroweb,Taunt,FollowMe,VoltSwitch|||F|||50|,,,,,Fairy]Hydreigon||ChoiceScarf|Levitate|DracoMeteor,DarkPulse,HeatWave,FlashCannon|||F|||50|,,,,,Fire
|inactive|Battle timer is ON: inactive players will automatically lose when time's up. (requested by Joseph Terastalin)
|inactive|sedrav has 60 seconds left.
|inactive|sedrav has 30 seconds left.
|
|t:|1757007249
|teamsize|p1|4
|teamsize|p2|4
|start
|switch|p1a: Garchomp|Garchomp, L50, F|100/100
|switch|p1b: Gholdengo|Gholdengo, L50|100/100
|switch|p2a: Farigiraf|Farigiraf, L50, M|100/100
|switch|p2b: Electabuzz|Electabuzz, L50, F|100/100
|turn|1
|inactive|Joseph Terastalin has 30 seconds left.
|inactive|Joseph Terastalin has 20 seconds left.
|inactive|Joseph Terastalin has 15 seconds left.
|inactive|Joseph Terastalin has 10 seconds left.
|
|t:|1757007295
|-terastallize|p1b: Gholdengo|Flying
|move|p2a: Farigiraf|Protect|p2a: Farigiraf
|-singleturn|p2a: Farigiraf|Protect
|move|p2b: Electabuzz|Volt Switch|p1b: Gholdengo
|-supereffective|p1b: Gholdengo
|-damage|p1b: Gholdengo|46/100
|
|t:|1757007302
|switch|p2b: Hydreigon|Hydreigon, L50, F|100/100|[from] Volt Switch
|move|p1a: Garchomp|Earthquake|p2a: Farigiraf|[spread] 
|-activate|p2a: Farigiraf|move: Protect
|-immune|p1b: Gholdengo
|-immune|p2b: Hydreigon|[from] ability: Levitate
|move|p1b: Gholdengo|Make It Rain|p2b: Hydreigon|[spread] p2b
|-activate|p2a: Farigiraf|move: Protect
|-damage|p2b: Hydreigon|41/100
|-unboost|p1b: Gholdengo|spa|1
|
|upkeep
|turn|2
|inactive|sedrav has 30 seconds left.
|inactive|Joseph Terastalin has 30 seconds left.
|inactive|Joseph Terastalin has 20 seconds left.
|inactive|Joseph Terastalin has 15 seconds left.
|inactive|Joseph Terastalin has 10 seconds left.
|
|t:|1757007348
|switch|p1a: Tyranitar|Tyranitar, L50, F|100/100
|-weather|Sandstorm|[from] ability: Sand Stream|[of] p1a: Tyranitar
|move|p2b: Hydreigon|Draco Meteor|p1a: Tyranitar
|-damage|p1a: Tyranitar|76/100
|-unboost|p2b: Hydreigon|spa|2
|move|p1b: Gholdengo|Nasty Plot|p1b: Gholdengo
|-boost|p1b: Gholdengo|spa|2
|move|p2a: Farigiraf|Hyper Voice|p1a: Tyranitar|[spread] p1a,p1b
|-resisted|p1a: Tyranitar
|-damage|p1a: Tyranitar|70/100
|-damage|p1b: Gholdengo|8/100
|-enditem|p2a: Farigiraf|Throat Spray
|-boost|p2a: Farigiraf|spa|1|[from] item: Throat Spray
|
|-weather|Sandstorm|[upkeep]
|-damage|p2b: Hydreigon|35/100|[from] Sandstorm
|-damage|p1b: Gholdengo|2/100|[from] Sandstorm
|-damage|p2a: Farigiraf|95/100|[from] Sandstorm
|upkeep
|turn|3
|
|t:|1757007371
|switch|p2b: Electabuzz|Electabuzz, L50, F|100/100
|move|p2a: Farigiraf|Protect|p2a: Farigiraf
|-singleturn|p2a: Farigiraf|Protect
|move|p1b: Gholdengo|Make It Rain|p2a: Farigiraf|[spread] p2b
|-activate|p2a: Farigiraf|move: Protect
|-resisted|p2b: Electabuzz
|-damage|p2b: Electabuzz|67/100
|-unboost|p1b: Gholdengo|spa|1
|move|p1a: Tyranitar|Knock Off|p2a: Farigiraf
|-activate|p2a: Farigiraf|move: Protect
|
|-weather|Sandstorm|[upkeep]
|-damage|p2b: Electabuzz|61/100|[from] Sandstorm
|-damage|p1b: Gholdengo|0 fnt|[from] Sandstorm
|-damage|p2a: Farigiraf|89/100|[from] Sandstorm
|faint|p1b: Gholdengo
|upkeep
|
|t:|1757007388
|switch|p1b: Garchomp|Garchomp, L50, F|100/100
|turn|4
|inactive|Joseph Terastalin has 30 seconds left.
|
|t:|1757007413
|-terastallize|p2a: Farigiraf|Fairy
|move|p2b: Electabuzz|Volt Switch|p1a: Tyranitar
|-damage|p1a: Tyranitar|60/100
|
|t:|1757007418
|switch|p2b: Hydreigon|Hydreigon, L50, F|35/100|[from] Volt Switch
|move|p1b: Garchomp|Stomping Tantrum|p2b: Hydreigon
|-immune|p2b: Hydreigon|[from] ability: Levitate
|move|p1a: Tyranitar|Knock Off|p2a: Farigiraf
|-resisted|p2a: Farigiraf
|-damage|p2a: Farigiraf|70/100
|move|p2a: Farigiraf|Psychic|p1b: Garchomp
|-damage|p1b: Garchomp|30/100
|
|-weather|Sandstorm|[upkeep]
|-damage|p2b: Hydreigon|29/100|[from] Sandstorm
|-damage|p2a: Farigiraf|64/100|[from] Sandstorm
|upkeep
|turn|5
|inactive|Joseph Terastalin has 30 seconds left.
|inactive|Joseph Terastalin has 20 seconds left.
|
|t:|1757007454
|switch|p1b: Amoonguss|Amoonguss, L50, M|100/100
|move|p2a: Farigiraf|Protect|p2a: Farigiraf
|-singleturn|p2a: Farigiraf|Protect
|move|p2b: Hydreigon|Flash Cannon|p1a: Tyranitar
|-supereffective|p1a: Tyranitar
|-damage|p1a: Tyranitar|40/100
|move|p1a: Tyranitar|Rock Slide|p2b: Hydreigon|[spread] p2b
|-activate|p2a: Farigiraf|move: Protect
|-damage|p2b: Hydreigon|0 fnt
|faint|p2b: Hydreigon
|
|-weather|Sandstorm|[upkeep]
|-damage|p2a: Farigiraf|58/100|[from] Sandstorm
|-damage|p1b: Amoonguss|95/100|[from] Sandstorm
|upkeep
|
|t:|1757007468
|switch|p2b: Electabuzz|Electabuzz, L50, F|61/100
|turn|6
|
|t:|1757007490
|move|p2b: Electabuzz|Follow Me|p2b: Electabuzz
|-singleturn|p2b: Electabuzz|move: Follow Me
|move|p1a: Tyranitar|Rock Slide|p2a: Farigiraf|[spread] p2b
|-miss|p1a: Tyranitar|p2a: Farigiraf
|-damage|p2b: Electabuzz|31/100
|move|p2a: Farigiraf|Psychic|p1b: Amoonguss
|-supereffective|p1b: Amoonguss
|-damage|p1b: Amoonguss|0 fnt
|faint|p1b: Amoonguss
|
|-weather|none
|upkeep
|
|t:|1757007499
|switch|p1b: Garchomp|Garchomp, L50, F|30/100
|turn|7
|
|t:|1757007512
|move|p2b: Electabuzz|Follow Me|p2b: Electabuzz
|-singleturn|p2b: Electabuzz|move: Follow Me
|move|p1b: Garchomp|Stomping Tantrum|p2b: Electabuzz
|-supereffective|p2b: Electabuzz
|-damage|p2b: Electabuzz|0 fnt
|faint|p2b: Electabuzz
|-damage|p1b: Garchomp|20/100|[from] item: Life Orb
|move|p1a: Tyranitar|Rock Slide|p2a: Farigiraf
|-damage|p2a: Farigiraf|14/100
|move|p2a: Farigiraf|Psychic|p1b: Garchomp
|-damage|p1b: Garchomp|0 fnt
|faint|p1b: Garchomp
|
|upkeep
|
|t:|1757007517
|switch|p2b: Torkoal|Torkoal, L50, M|100/100
|-weather|SunnyDay|[from] ability: Drought|[of] p2b: Torkoal
|turn|8
|
|t:|1757007524
|move|p1a: Tyranitar|Rock Slide|p2a: Farigiraf|[spread] p2a,p2b
|-supereffective|p2b: Torkoal
|-damage|p2a: Farigiraf|0 fnt
|-damage|p2b: Torkoal|52/100
|faint|p2a: Farigiraf
|cant|p2b: Torkoal|flinch
|
|-weather|SunnyDay|[upkeep]
|upkeep
|turn|9
|
|t:|1757007531
|move|p1a: Tyranitar|Rock Slide|p2b: Torkoal
|-supereffective|p2b: Torkoal
|-damage|p2b: Torkoal|0 fnt
|faint|p2b: Torkoal
|
|win|sedrav
|raw|sedrav's rating: 1132 → 1148(+16 for winning)
|raw|Joseph Terastalin's rating: 1000 → 1000(+0 for losing)
