|j|☆bartei
|j|☆RosieAndJim
|html|barteiRosieAndJim    
|uhtml|bestof|Game 1 of a best-of-3
|t:|1756257006
|gametype|doubles
|player|p1|bartei|266|1198
|player|p2|RosieAndJim|2|1069
|gen|9
|tier|[Gen 9] VGC 2025 Reg H (Bo3)
|rated|
|rule|Species Clause: Limit one of each Pokémon
|rule|Item Clause: Limit 1 of each item
|clearpoke
|poke|p1|Dragonite, L50, M|
|poke|p1|Volcarona, L50, F|
|poke|p1|Sneasler, L50, M|
|poke|p1|Rillaboom, L50, M|
|poke|p1|Electabuzz, L50, M|
|poke|p1|Kingambit, L50, M|
|poke|p2|Archaludon, L50, M|
|poke|p2|Garchomp, L50, M|
|poke|p2|Incineroar, L50, F|
|poke|p2|Pelipper, L50, F|
|poke|p2|Talonflame, L50, F|
|poke|p2|Tinkaton, L50, F|
|teampreview|4
|showteam|p1|Dragonite||LoadedDice|Multiscale|ScaleShot,ExtremeSpeed,Haze,Protect|||M|||50|,,,,,Fairy]Volcarona||CovertCloak|FlameBody|HeatWave,TeraBlast,QuiverDance,Protect|||F|||50|,,,,,Fairy]Sneasler||FocusSash|Unburden|CloseCombat,DireClaw,Coaching,Protect|||M|||50|,,,,,Stellar]Rillaboom||AssaultVest|GrassySurge|WoodHammer,GrassyGlide,HighHorsepower,FakeOut|||M|||50|,,,,,Water]Electabuzz||Eviolite|VitalSpirit|Thunderbolt,FollowMe,Taunt,Protect|||M|||50|,,,,,Ghost]Kingambit||BlackGlasses|Defiant|KowtowCleave,SuckerPunch,SwordsDance,Protect|||M|||50|,,,,,Dark
|showteam|p2|Archaludon||AssaultVest|Stamina|ElectroShot,DragonPulse,BodyPress,Snarl|||M|||50|,,,,,Grass]Garchomp||LifeOrb|RoughSkin|Earthquake,DragonClaw,StompingTantrum,Protect|||M|||50|,,,,,Ground]Incineroar||SafetyGoggles|Intimidate|FlareBlitz,KnockOff,PartingShot,FakeOut|||F|||50|,,,,,Ghost]Pelipper||FocusSash|Drizzle|WeatherBall,Hurricane,Tailwind,Protect|||F|||50|,,,,,Stellar]Talonflame||CovertCloak|GaleWings|BraveBird,Tailwind,Taunt,RainDance|||F|||50|,,,,,Flying]Tinkaton||SitrusBerry|MoldBreaker|GigatonHammer,KnockOff,ThunderWave,FakeOut|||F|||50|,,,,,Fairy
|inactive|Battle timer is ON: inactive players will automatically lose when time's up. (requested by RosieAndJim)
|inactive|bartei has 60 seconds left.
|
|t:|1756257108
|teamsize|p1|4
|teamsize|p2|4
|start
|switch|p1a: Volcarona|Volcarona, L50, F|100/100
|switch|p1b: Rillaboom|Rillaboom, L50, M|100/100
|switch|p2a: Talonflame|Talonflame, L50, F|100/100
|switch|p2b: Incineroar|Incineroar, L50, F|100/100
|-fieldstart|move: Grassy Terrain|[from] ability: Grassy Surge|[of] p1b: Rillaboom
|-ability|p2b: Incineroar|Intimidate|boost
|-unboost|p1a: Volcarona|atk|1
|-unboost|p1b: Rillaboom|atk|1
|turn|1
|inactive|bartei has 30 seconds left.
|inactive|RosieAndJim has 30 seconds left.
|
|t:|1756257138
|switch|p1b: Electabuzz|Electabuzz, L50, M|100/100
|move|p1a: Volcarona|Protect|p1a: Volcarona
|-singleturn|p1a: Volcarona|Protect
|move|p2a: Talonflame|Taunt|p1a: Volcarona
|-activate|p1a: Volcarona|move: Protect
|move|p2b: Incineroar|Flare Blitz|p1b: Electabuzz
|-damage|p1b: Electabuzz|62/100
|-damage|p2b: Incineroar|89/100|[from] Recoil
|
|-heal|p1b: Electabuzz|68/100|[from] Grassy Terrain
|-heal|p2b: Incineroar|95/100|[from] Grassy Terrain
|upkeep
|turn|2
|
|t:|1756257156
|move|p1b: Electabuzz|Follow Me|p1b: Electabuzz
|-singleturn|p1b: Electabuzz|move: Follow Me
|move|p2a: Talonflame|Taunt|p1b: Electabuzz
|-start|p1b: Electabuzz|move: Taunt
|move|p1a: Volcarona|Quiver Dance|p1a: Volcarona
|-boost|p1a: Volcarona|spa|1
|-boost|p1a: Volcarona|spd|1
|-boost|p1a: Volcarona|spe|1
|move|p2b: Incineroar|Parting Shot|p1b: Electabuzz
|-unboost|p1b: Electabuzz|atk|1
|-unboost|p1b: Electabuzz|spa|1
|
|t:|1756257170
|switch|p2b: Garchomp|Garchomp, L50, M|100/100|[from] Parting Shot
|
|-heal|p1b: Electabuzz|74/100|[from] Grassy Terrain
|upkeep
|turn|3
|inactive|RosieAndJim has 30 seconds left.
|
|t:|1756257199
|switch|p2b: Incineroar|Incineroar, L50, F|95/100
|-ability|p2b: Incineroar|Intimidate|boost
|-unboost|p1a: Volcarona|atk|1
|-unboost|p1b: Electabuzz|atk|1
|move|p1a: Volcarona|Protect|p1a: Volcarona
|-singleturn|p1a: Volcarona|Protect
|move|p2a: Talonflame|Brave Bird|p1a: Volcarona
|-activate|p1a: Volcarona|move: Protect
|move|p1b: Electabuzz|Thunderbolt|p2a: Talonflame
|-supereffective|p2a: Talonflame
|-damage|p2a: Talonflame|43/100
|
|-heal|p1b: Electabuzz|79/100|[from] Grassy Terrain
|-heal|p2b: Incineroar|100/100|[from] Grassy Terrain
|upkeep
|turn|4
|inactive|RosieAndJim has 30 seconds left.
|inactive|RosieAndJim has 20 seconds left.
|inactive|bartei has 30 seconds left.
|
|t:|1756257239
|switch|p2a: Archaludon|Archaludon, L50, M|100/100
|switch|p1b: Sneasler|Sneasler, L50, M|100/100
|move|p1a: Volcarona|Tera Blast|p2a: Archaludon
|-resisted|p2a: Archaludon
|-crit|p2a: Archaludon
|-damage|p2a: Archaludon|78/100
|-ability|p2a: Archaludon|Stamina|boost
|-boost|p2a: Archaludon|def|1
|move|p2b: Incineroar|Parting Shot|p1a: Volcarona
|-unboost|p1a: Volcarona|atk|1
|-unboost|p1a: Volcarona|spa|1
|
|t:|1756257255
|switch|p2b: Talonflame|Talonflame, L50, F|43/100|[from] Parting Shot
|
|-heal|p2a: Archaludon|84/100|[from] Grassy Terrain
|upkeep
|turn|5
|
|t:|1756257277
|-terastallize|p2a: Archaludon|Grass
|move|p1a: Volcarona|Quiver Dance|p1a: Volcarona
|-boost|p1a: Volcarona|spa|1
|-boost|p1a: Volcarona|spd|1
|-boost|p1a: Volcarona|spe|1
|move|p2b: Talonflame|Brave Bird|p1b: Sneasler
|-supereffective|p1b: Sneasler
|-enditem|p1b: Sneasler|Focus Sash
|-damage|p1b: Sneasler|1/100
|-damage|p2b: Talonflame|10/100|[from] Recoil
|move|p1b: Sneasler|Close Combat|p2a: Archaludon
|-damage|p2a: Archaludon|55/100
|-unboost|p1b: Sneasler|def|1
|-unboost|p1b: Sneasler|spd|1
|-ability|p2a: Archaludon|Stamina|boost
|-boost|p2a: Archaludon|def|1
|move|p2a: Archaludon|Snarl|p1b: Sneasler|[spread] p1a,p1b
|-resisted|p1b: Sneasler
|-damage|p1a: Volcarona|94/100
|-damage|p1b: Sneasler|0 fnt
|faint|p1b: Sneasler
|
|-heal|p1a: Volcarona|100/100|[from] Grassy Terrain
|-heal|p2a: Archaludon|61/100|[from] Grassy Terrain
|-fieldend|move: Grassy Terrain
|upkeep
|
|t:|1756257298
|switch|p1b: Electabuzz|Electabuzz, L50, M|79/100
|turn|6
|
|t:|1756257308
|switch|p2b: Incineroar|Incineroar, L50, F|100/100
|-ability|p2b: Incineroar|Intimidate|boost
|-unboost|p1a: Volcarona|atk|1
|-unboost|p1b: Electabuzz|atk|1
|switch|p1b: Rillaboom|Rillaboom, L50, M|100/100
|-fieldstart|move: Grassy Terrain|[from] ability: Grassy Surge|[of] p1b: Rillaboom
|move|p1a: Volcarona|Heat Wave|p2b: Incineroar|[spread] p2a,p2b
|-supereffective|p2a: Archaludon
|-resisted|p2b: Incineroar
|-damage|p2a: Archaludon|0 fnt
|-damage|p2b: Incineroar|79/100
|faint|p2a: Archaludon
|
|-heal|p2b: Incineroar|85/100|[from] Grassy Terrain
|upkeep
|
|t:|1756257328
|switch|p2a: Talonflame|Talonflame, L50, F|10/100
|turn|7
|
|t:|1756257344
|move|p1a: Volcarona|Heat Wave|p2b: Incineroar|[spread] p2a,p2b
|-resisted|p2a: Talonflame
|-resisted|p2b: Incineroar
|-damage|p2a: Talonflame|0 fnt
|-damage|p2b: Incineroar|65/100
|faint|p2a: Talonflame
|move|p1b: Rillaboom|High Horsepower|p2b: Incineroar
|-supereffective|p2b: Incineroar
|-damage|p2b: Incineroar|9/100
|move|p2b: Incineroar|Parting Shot|p1a: Volcarona
|-unboost|p1a: Volcarona|atk|1
|-unboost|p1a: Volcarona|spa|1
|
|t:|1756257353
|switch|p2b: Garchomp|Garchomp, L50, M|100/100|[from] Parting Shot
|
|upkeep
|
|t:|1756257357
|switch|p2a: Incineroar|Incineroar, L50, F|9/100
|-ability|p2a: Incineroar|Intimidate|boost
|-unboost|p1a: Volcarona|atk|1
|-unboost|p1b: Rillaboom|atk|1
|turn|8
|inactive|RosieAndJim has 30 seconds left.
|inactive|RosieAndJim has 20 seconds left.
|inactive|RosieAndJim has 15 seconds left.
|inactive|RosieAndJim has 10 seconds left.
|
|t:|1756257406
|switch|p1b: Electabuzz|Electabuzz, L50, M|79/100
|-terastallize|p1a: Volcarona|Fairy
|move|p1a: Volcarona|Tera Blast|p2b: Garchomp|[anim] Tera Blast Fairy
|-supereffective|p2b: Garchomp
|-damage|p2b: Garchomp|18/100
|move|p2b: Garchomp|Stomping Tantrum|p1a: Volcarona
|-damage|p1a: Volcarona|29/100
|-status|p2b: Garchomp|brn|[from] ability: Flame Body|[of] p1a: Volcarona
|-damage|p2b: Garchomp|8/100 brn|[from] item: Life Orb
|move|p2a: Incineroar|Flare Blitz|p1a: Volcarona
|-damage|p1a: Volcarona|0 fnt
|faint|p1a: Volcarona
|-damage|p2a: Incineroar|0 fnt|[from] Recoil
|faint|p2a: Incineroar
|
|-heal|p2b: Garchomp|14/100 brn|[from] Grassy Terrain
|-heal|p1b: Electabuzz|85/100|[from] Grassy Terrain
|-damage|p2b: Garchomp|8/100 brn|[from] brn
|upkeep
|
|t:|1756257419
|switch|p1a: Rillaboom|Rillaboom, L50, M|100/100
|turn|9
|
|t:|1756257426
|move|p2b: Garchomp|Protect|p2b: Garchomp
|-singleturn|p2b: Garchomp|Protect
|move|p1b: Electabuzz|Follow Me|p1b: Electabuzz
|-singleturn|p1b: Electabuzz|move: Follow Me
|move|p1a: Rillaboom|Grassy Glide|p2b: Garchomp
|-activate|p2b: Garchomp|move: Protect
|
|-heal|p2b: Garchomp|14/100 brn|[from] Grassy Terrain
|-heal|p1b: Electabuzz|91/100|[from] Grassy Terrain
|-damage|p2b: Garchomp|8/100 brn|[from] brn
|upkeep
|turn|10
|
|t:|1756257436
|move|p1b: Electabuzz|Follow Me|p1b: Electabuzz
|-singleturn|p1b: Electabuzz|move: Follow Me
|move|p1a: Rillaboom|Grassy Glide|p2b: Garchomp
|-damage|p2b: Garchomp|0 fnt
|-damage|p1a: Rillaboom|88/100|[from] ability: Rough Skin|[of] p2b: Garchomp
|faint|p2b: Garchomp
|
|win|bartei
