|j|☆ayoadjkln
|j|☆BergerKing29
|html|ayoadjklnBergerKing29    
|uhtml|bestof|Game 1 of a best-of-3
|t:|1784411225
|gametype|doubles
|player|p1|ayoadjkln|170|
|player|p2|BergerKing29|1|
|gen|9
|tier|[Gen 9 Champions] VGC 2026 Reg M-B (Bo3)
|rule|Species Clause: Limit one of each Pokémon
|rule|Item Clause: Limit 1 of each item
|clearpoke
|poke|p1|Scovillain, L50, M|
|poke|p1|Reuniclus, L50, F|
|poke|p1|Rhyperior, L50, F|
|poke|p1|Runerigus, L50, F|
|poke|p1|Charizard, L50, F|
|poke|p1|Kommo-o, L50, F|
|poke|p2|Charizard, L50, F|
|poke|p2|Mamoswine, L50, F|
|poke|p2|Slowbro-Galar, L50, F|
|poke|p2|Raichu-Alola, L50, F|
|poke|p2|Gourgeist, L50, F|
|poke|p2|Vaporeon, L50, M|
|teampreview|4
|showteam|p1|Scovillain||LifeOrb|Chlorophyll|SolarBeam,Flamethrower,Protect,RagePowder|Timid||M|||50|]Reuniclus||FocusSash|MagicGuard|Psychic,AllySwitch,TrickRoom,FocusBlast|Quiet||F|||50|]Rhyperior||KingsRock|SolidRock|Counter,DrillRun,StealthRock,RockSlide|Adamant||F|||50|]Runerigus||Leftovers|WanderingSpirit|BodyPress,DestinyBond,Memento,Earthquake|Impish||F|||50|]Charizard||CharizarditeY|SolarPower|HeatWave,ScorchingSands,AirSlash,Protect|Timid||F|||50|]Kommo-o||ExpertBelt|Overcoat|BodyPress,IronDefense,Protect,DragonClaw|Jolly||F|||50|
|showteam|p2|Charizard||CharizarditeX|Blaze|Acrobatics,BodySlam,DragonTail,FireBlast|Serious||F|||50|]Mamoswine||Leftovers|Oblivious|FreezeDry,HighHorsepower,HeavySlam,IceShard|Serious||F|||50|]Slowbro-Galar||ChoiceScarf|QuickDraw|DrainPunch,CalmMind,FoulPlay,Disable|Serious||F|||50|]Raichu-Alola||ExpertBelt|SurgeSurfer|Discharge,FocusPunch,GrassKnot,AlluringVoice|Serious||F|||50|]Gourgeist||FocusSash|Pickup|DestinyBond,LeechSeed,Explosion,FireBlast|Serious||F|||50|]Vaporeon||MentalHerb|WaterAbsorb|Facade,IronTail,LastResort,HydroPump|Serious||M|||50|
|
|t:|1784411244
|teamsize|p1|4
|teamsize|p2|4
|start
|switch|p1a: Charizard|Charizard, L50, F|100/100
|switch|p1b: Scovillain|Scovillain, L50, M|100/100
|switch|p2a: Charizard|Charizard, L50, F|100/100
|switch|p2b: Gourgeist|Gourgeist, L50, F|100/100
|turn|1
|
|t:|1784411261
|detailschange|p1a: Charizard|Charizard-Mega-Y, L50, F
|-mega|p1a: Charizard|Charizard|Charizardite Y
|-weather|SunnyDay|[from] ability: Drought|[of] p1a: Charizard
|move|p1b: Scovillain|Flamethrower|p2b: Gourgeist
|-supereffective|p2b: Gourgeist|1
|-enditem|p2b: Gourgeist|Focus Sash
|-damage|p2b: Gourgeist|1/100
|-status|p2b: Gourgeist|brn
|-damage|p1b: Scovillain|90/100|[from] item: Life Orb
|move|p1a: Charizard|Scorching Sands|p2a: Charizard
|-immune|p2a: Charizard
|move|p2a: Charizard|Acrobatics|p1b: Scovillain
|-supereffective|p1b: Scovillain|1
|-damage|p1b: Scovillain|30/100
|move|p2b: Gourgeist|Destiny Bond|p2b: Gourgeist
|-singlemove|p2b: Gourgeist|Destiny Bond
|
|-weather|SunnyDay|[upkeep]
|-damage|p2b: Gourgeist|0 fnt|[from] brn
|faint|p2b: Gourgeist
|upkeep
|
|t:|1784411288
|switch|p2b: Mamoswine|Mamoswine, L50, F|100/100
|turn|2
|
|t:|1784411332
|detailschange|p2a: Charizard|Charizard-Mega-X, L50, F
|-mega|p2a: Charizard|Charizard|Charizardite X
|move|p1a: Charizard|Protect|p1a: Charizard
|-singleturn|p1a: Charizard|Protect
|move|p2b: Mamoswine|Ice Shard|p1a: Charizard
|-activate|p1a: Charizard|move: Protect
|move|p1b: Scovillain|Flamethrower|p2b: Mamoswine
|-supereffective|p2b: Mamoswine|1
|-damage|p2b: Mamoswine|0 fnt
|faint|p2b: Mamoswine
|-damage|p1b: Scovillain|20/100y|[from] item: Life Orb
|move|p2a: Charizard|Acrobatics|p1b: Scovillain
|-supereffective|p1b: Scovillain|1
|-damage|p1b: Scovillain|0 fnt
|faint|p1b: Scovillain
|
|-weather|SunnyDay|[upkeep]
|upkeep
|
|t:|1784411351
|switch|p1b: Kommo-o|Kommo-o, L50, F|100/100
|switch|p2b: Vaporeon|Vaporeon, L50, M|100/100
|turn|3
|
|t:|1784411379
|move|p1a: Charizard|Scorching Sands|p2a: Charizard
|-supereffective|p2a: Charizard|1
|-damage|p2a: Charizard|47/100
|move|p1b: Kommo-o|Iron Defense|p1b: Kommo-o
|-boost|p1b: Kommo-o|def|2
|move|p2a: Charizard|Acrobatics|p1b: Kommo-o
|-supereffective|p1b: Kommo-o|1
|-damage|p1b: Kommo-o|77/100
|move|p2b: Vaporeon|Hydro Pump|p1a: Charizard
|-supereffective|p1a: Charizard|1
|-damage|p1a: Charizard|60/100
|
|-weather|SunnyDay|[upkeep]
|upkeep
|turn|4
|
|t:|1784411416
|move|p1a: Charizard|Scorching Sands|p2a: Charizard
|-supereffective|p2a: Charizard|1
|-damage|p2a: Charizard|0 fnt
|faint|p2a: Charizard
|move|p1b: Kommo-o|Body Press|p2b: Vaporeon
|-damage|p2b: Vaporeon|38/100
|move|p2b: Vaporeon|Hydro Pump|p1a: Charizard
|-supereffective|p1a: Charizard|1
|-damage|p1a: Charizard|17/100
|
|-weather|SunnyDay|[upkeep]
|upkeep
|turn|5
|
|t:|1784411441
|move|p1a: Charizard|Scorching Sands|p2b: Vaporeon
|-damage|p2b: Vaporeon|13/100
|-status|p2b: Vaporeon|brn
|move|p1b: Kommo-o|Body Press|p2b: Vaporeon
|-damage|p2b: Vaporeon|0 fnt
|faint|p2b: Vaporeon
|
|win|ayoadjkln
||ayoadjkln is ready for game 2.
|inactive|BergerKing29 has 30 seconds to confirm battle start!
|inactive|BergerKing29 has 20 seconds to confirm battle start!
|inactive|BergerKing29 has 10 seconds to confirm battle start!
|uhtml|next|Next: Game 2 of 3
|l|☆BergerKing29
|player|p2|
