|j|☆1700 for rogue
|j|☆new mental
|html|1700 for roguenew mental    
|uhtml|bestof|Game 1 of a best-of-3
|t:|1784462619
|gametype|doubles
|player|p1|1700 for rogue|scientist-gen4|1416
|player|p2|new mental|volkner|1180
|gen|9
|tier|[Gen 9 Champions] VGC 2026 Reg M-B (Bo3)
|rated|
|rule|Species Clause: Limit one of each Pokémon
|rule|Item Clause: Limit 1 of each item
|clearpoke
|poke|p1|Gengar, L50, F|
|poke|p1|Kingambit, L50, M|
|poke|p1|Sneasler, L50, M|
|poke|p1|Incineroar, L50, M|
|poke|p1|Altaria, L50, F|
|poke|p1|Zoroark-Hisui, L50, M|
|poke|p2|Aerodactyl, L50, F|
|poke|p2|Garchomp, L50, M|
|poke|p2|Kingambit, L50, F|
|poke|p2|Charizard, L50, M|
|poke|p2|Sylveon, L50, F|
|poke|p2|Farigiraf, L50, F|
|teampreview|4
|showteam|p1|Gengar||Gengarite|CursedBody|PerishSong,ShadowBall,SludgeBomb,Protect|Modest||F|||50|]Kingambit||LifeOrb|Defiant|SuckerPunch,KowtowCleave,SwordsDance,Protect|Adamant||M|||50|]Sneasler||WhiteHerb|Unburden|FakeOut,CloseCombat,DireClaw,Protect|Adamant||M|||50|]Incineroar||SitrusBerry|Intimidate|Protect,FlareBlitz,FakeOut,PartingShot|Careful||M|||50|]Altaria||Altarianite|CloudNine|PerishSong,HyperVoice,DracoMeteor,Protect|Calm||F|||50|]Zoroark-Hisui||FocusSash|Illusion|BitterMalice,WillOWisp,IcyWind,Protect|Timid||M|||50|
|showteam|p2|Aerodactyl||Aerodactylite|Unnerve|IceFang,RockSlide,Tailwind,DualWingbeat|Jolly||F|||50|]Garchomp||LifeOrb|RoughSkin|DragonClaw,RockSlide,Earthquake,Protect|Jolly||M|||50|]Kingambit||FocusSash|Defiant|SuckerPunch,KowtowCleave,IronHead,LowKick|Adamant||F|||50|]Charizard||CharizarditeY|SolarPower|Protect,WeatherBall,HeatWave,SolarBeam|Modest||M|||50|]Sylveon||FairyFeather|Pixilate|Protect,HyperVoice,HyperBeam,QuickAttack|Modest||F|||50|]Farigiraf||SitrusBerry|ArmorTail|TrickRoom,Thunderbolt,Roar,Psychic|Bold||F|||50|
|inactive|Battle timer is ON: inactive players will automatically lose when time's up. (requested by 1700 for rogue)
|inactive|new mental has 60 seconds left.
|
|t:|1784462651
|teamsize|p1|4
|teamsize|p2|4
|start
|switch|p1a: Sneasler|Sneasler, L50, M|100/100
|switch|p1b: Kingambit|Kingambit, L50, M|100/100
|switch|p2a: Aerodactyl|Aerodactyl, L50, F|100/100
|switch|p2b: Sylveon|Sylveon, L50, F|100/100
|-ability|p2a: Aerodactyl|Unnerve
|turn|1
|
|t:|1784462666
|switch|p2b: Farigiraf|Farigiraf, L50, F|100/100
|detailschange|p2a: Aerodactyl|Aerodactyl-Mega, L50, F
|-mega|p2a: Aerodactyl|Aerodactyl|Aerodactylite
|move|p1a: Sneasler|Protect|p1a: Sneasler
|-singleturn|p1a: Sneasler|Protect
|move|p2a: Aerodactyl|Dual Wingbeat|p1a: Sneasler
|-activate|p1a: Sneasler|move: Protect
|move|p1b: Kingambit|Icy Wind|p2b: Farigiraf|[spread] p2a,p2b
|-supereffective|p2a: Aerodactyl|1
|-damage|p2a: Aerodactyl|65/100
|-damage|p2b: Farigiraf|86/100
|-unboost|p2a: Aerodactyl|spe|1
|-unboost|p2b: Farigiraf|spe|1
|
|upkeep
|turn|2
|
|t:|1784462687
|switch|p1a: Kingambit|Kingambit, L50, M|100/100
|switch|p2a: Kingambit|Kingambit, L50, F|100/100
|move|p1b: Kingambit|Bitter Malice|p2a: Kingambit
|-resisted|p2a: Kingambit|1
|-damage|p2a: Kingambit|79/100
|-unboost|p2a: Kingambit|atk|1
|-ability|p2a: Kingambit|Defiant|boost
|-boost|p2a: Kingambit|atk|2
|move|p2b: Farigiraf|Trick Room|p2b: Farigiraf
|-fieldstart|move: Trick Room|[of] p2b: Farigiraf
|
|upkeep
|turn|3
|inactive|new mental has 30 seconds left.
|
|t:|1784462713
|switch|p2b: Sylveon|Sylveon, L50, F|100/100
|move|p1a: Kingambit|Kowtow Cleave|p2b: Sylveon
|-resisted|p2b: Sylveon|1
|-damage|p2b: Sylveon|63/100
|-damage|p1a: Kingambit|90/100|[from] item: Life Orb
|move|p2a: Kingambit|Kowtow Cleave|p1b: Kingambit
|-supereffective|p1b: Kingambit|1
|-enditem|p1b: Kingambit|Focus Sash
|-damage|p1b: Kingambit|1/100
|replace|p1b: Zoroark|Zoroark-Hisui, L50, M
|-end|p1b: Zoroark|Illusion
|move|p1b: Zoroark|Will-O-Wisp|p2a: Kingambit
|-status|p2a: Kingambit|brn
|
|-damage|p2a: Kingambit|73/100 brn|[from] brn
|upkeep
|turn|4
|inactive|1700 for rogue has 30 seconds left.
|
|t:|1784462738
|move|p1a: Kingambit|Protect|p1a: Kingambit
|-singleturn|p1a: Kingambit|Protect
|move|p2b: Sylveon|Hyper Voice|p1b: Zoroark|[spread] p1b
|-activate|p1a: Kingambit|move: Protect
|-damage|p1b: Zoroark|0 fnt
|faint|p1b: Zoroark
|move|p2a: Kingambit|Low Kick|p1a: Kingambit
|-activate|p1a: Kingambit|move: Protect
|
|-damage|p2a: Kingambit|67/100 brn|[from] brn
|upkeep
|
|t:|1784462746
|switch|p1b: Sneasler|Sneasler, L50, M|100/100
|turn|5
|
|t:|1784462762
|switch|p1a: Altaria|Altaria, L50, F|100/100
|-ability|p1a: Altaria|Cloud Nine
|switch|p2a: Farigiraf|Farigiraf, L50, F|86/100
|move|p1b: Sneasler|Fake Out||[still]
|cant|p2a: Farigiraf|ability: Armor Tail|Fake Out|[of] p1b: Sneasler
|move|p2b: Sylveon|Hyper Beam|p1a: Altaria|[miss]
|-miss|p2b: Sylveon|p1a: Altaria
|
|upkeep
|turn|6
|
|t:|1784462784
|switch|p2a: Aerodactyl|Aerodactyl-Mega, L50, F|65/100
|move|p1a: Altaria|Protect|p1a: Altaria
|-singleturn|p1a: Altaria|Protect
|move|p1b: Sneasler|Protect|p1b: Sneasler
|-singleturn|p1b: Sneasler|Protect
|move|p2b: Sylveon|Hyper Voice|p1a: Altaria|[spread] 
|-activate|p1a: Altaria|move: Protect
|-activate|p1b: Sneasler|move: Protect
|
|-fieldend|move: Trick Room
|upkeep
|turn|7
|
|t:|1784462797
|switch|p1b: Kingambit|Kingambit, L50, M|90/100
|detailschange|p1a: Altaria|Altaria-Mega, L50, F
|-mega|p1a: Altaria|Altaria|Altarianite
|move|p2a: Aerodactyl|Dual Wingbeat|p1b: Kingambit
|-resisted|p1b: Kingambit|1
|-damage|p1b: Kingambit|81/100
|-resisted|p1b: Kingambit|1
|-damage|p1b: Kingambit|72/100
|-hitcount|p1b: Kingambit|2
|move|p1a: Altaria|Hyper Voice|p2b: Sylveon|[spread] p2a,p2b
|-damage|p2a: Aerodactyl|25/100
|-damage|p2b: Sylveon|32/100
|move|p2b: Sylveon|Hyper Voice|p1b: Kingambit|[spread] p1a,p1b
|-supereffective|p1a: Altaria|1
|-damage|p1a: Altaria|19/100
|-damage|p1b: Kingambit|27/100
|
|upkeep
|turn|8
|
|t:|1784462814
|move|p1a: Altaria|Protect|p1a: Altaria
|-singleturn|p1a: Altaria|Protect
|move|p2a: Aerodactyl|Tailwind|p2a: Aerodactyl
|-sidestart|p2: new mental|move: Tailwind
|move|p2b: Sylveon|Hyper Voice|p1b: Kingambit|[spread] p1b
|-activate|p1a: Altaria|move: Protect
|-damage|p1b: Kingambit|0 fnt
|faint|p1b: Kingambit
|
|upkeep
|-message|1700 for rogue forfeited.
|
|win|new mental
