|j|Ōśåregitron 21
|j|ŌśåMiguedeth
|html|regitron 21Miguedeth    
|uhtml|bestof|Game 2 of a best-of-3
|t:|1756622140
|gametype|doubles
|player|p1|regitron 21|shauntal|1118
|player|p2|Miguedeth|102|1191
|gen|9
|tier|[Gen 9] VGC 2025 Reg H (Bo3)
|rated|
|rule|Species Clause: Limit one of each Pok├®mon
|rule|Item Clause: Limit 1 of each item
|clearpoke
|poke|p1|Ursaluna, L50, F|
|poke|p1|Farigiraf, L50, F|
|poke|p1|Volcarona, L50, M|
|poke|p1|Typhlosion-Hisui, L50, F|
|poke|p1|Whimsicott, L50, F|
|poke|p1|Dragonite, L50, F|
|poke|p2|Ursaluna, L50, F|
|poke|p2|Sinistcha, L50|
|poke|p2|Dragonite, L50, M|
|poke|p2|Incineroar, L50, M|
|poke|p2|Sneasler, L50, F|
|poke|p2|Volcarona, L50, F|
|teampreview|4
|showteam|p1|Ursaluna||FlameOrb|Guts|Facade,HeadlongRush,Earthquake,Protect|||F|||50|,,,,,Ghost]Farigiraf||ThroatSpray|ArmorTail|TrickRoom,Imprison,HyperVoice,Protect|||F|||50|,,,,,Fairy]Volcarona||Leftovers|FlameBody|GigaDrain,QuiverDance,BugBuzz,HeatWave|||M|||50|,,,,,Grass]Typhlosion-Hisui||LifeOrb|Blaze|Eruption,ShadowBall,HeatWave,Protect|||F|||50|,,,,,Fire]Whimsicott||FocusSash|Prankster|Moonblast,Taunt,SunnyDay,Tailwind|||F|||50|,,,,,Dark]Dragonite||ClearAmulet|Multiscale|Tailwind,Haze,ExtremeSpeed,DragonClaw|||F|||50|,,,,,Normal
|showteam|p2|Ursaluna||FlameOrb|Guts|Earthquake,Facade,TeraBlast,Protect|||F|||50|,,,,,Fairy]Sinistcha||RockyHelmet|Hospitality|MatchaGotcha,LifeDew,TrickRoom,RagePowder||||||50|,,,,,Dark]Dragonite||LoadedDice|Multiscale|Tailwind,ExtremeSpeed,ScaleShot,Haze|||M|||50|,,,,,Fairy]Incineroar||MirrorHerb|Intimidate|FakeOut,KnockOff,FlareBlitz,PartingShot|||M|||50|,,,,,Ghost]Sneasler||FocusSash|Unburden|DireClaw,CloseCombat,FakeOut,Protect|||F|||50|,,,,,Stellar]Volcarona||CovertCloak|FlameBody|QuiverDance,TeraBlast,HeatWave,Protect|||F|||50|,,,,,Fairy
|c|Ōśåregitron 21|hey good luck man
|c|Ōśåregitron 21|that was a very good match
|
|t:|1756622179
|teamsize|p1|4
|teamsize|p2|4
|start
|switch|p1a: Amelia|Farigiraf, L50, F|100/100
|switch|p1b: Sada|Ursaluna, L50, F|100/100
|switch|p2a: Incineroar|Incineroar, L50, M, shiny|100/100
|switch|p2b: Dragonite|Dragonite, L50, M|100/100
|-ability|p2a: Incineroar|Intimidate|boost
|-unboost|p1a: Amelia|atk|1
|-unboost|p1b: Sada|atk|1
|turn|1
|
|t:|1756622207
|switch|p2b: Ursaluna|Ursaluna, L50, F, shiny|100/100
|move|p2a: Incineroar|Knock Off|p1a: Amelia
|-supereffective|p1a: Amelia
|-damage|p1a: Amelia|37/100
|-enditem|p1a: Amelia|Throat Spray|[from] move: Knock Off|[of] p2a: Incineroar
|move|p1b: Sada|Headlong Rush|p2a: Incineroar
|-supereffective|p2a: Incineroar
|-damage|p2a: Incineroar|13/100
|-unboost|p1b: Sada|def|1
|-unboost|p1b: Sada|spd|1
|move|p1a: Amelia|Trick Room|p1a: Amelia
|-fieldstart|move: Trick Room|[of] p1a: Amelia
|
|-status|p2b: Ursaluna|brn|[from] item: Flame Orb
|-status|p1b: Sada|brn|[from] item: Flame Orb
|upkeep
|turn|2
|
|t:|1756622241
|move|p1a: Amelia|Protect|p1a: Amelia
|-singleturn|p1a: Amelia|Protect
|move|p2b: Ursaluna|Earthquake|p1a: Amelia|[spread] p2a,p1b
|-activate|p1a: Amelia|move: Protect
|-supereffective|p2a: Incineroar
|-crit|p2a: Incineroar
|-damage|p2a: Incineroar|0 fnt
|-damage|p1b: Sada|31/100 brn
|faint|p2a: Incineroar
|move|p1b: Sada|Earthquake|p2b: Ursaluna|[spread] p2b
|-activate|p1a: Amelia|move: Protect
|-damage|p2b: Ursaluna|64/100 brn
|
|-damage|p2b: Ursaluna|58/100 brn|[from] brn
|-damage|p1b: Sada|25/100 brn|[from] brn
|upkeep
|
|t:|1756622258
|switch|p2a: Dragonite|Dragonite, L50, M|100/100
|turn|3
|
|t:|1756622280
|move|p2b: Ursaluna|Earthquake|p1a: Amelia|[spread] p1a,p1b
|-immune|p2a: Dragonite
|-crit|p1a: Amelia
|-damage|p1a: Amelia|0 fnt
|-damage|p1b: Sada|0 fnt
|faint|p1a: Amelia
|faint|p1b: Sada
|move|p2a: Dragonite|Scale Shot|p1: Amelia|[notarget]
|-fail|p2a: Dragonite
|
|-damage|p2b: Ursaluna|52/100 brn|[from] brn
|upkeep
|
|t:|1756622283
|switch|p1b: Ostin|Volcarona, L50, M|100/100
|switch|p1a: Sugar|Whimsicott, L50, F|100/100
|turn|4
|c|Ōśåregitron 21|gg
|
|t:|1756622295
|move|p2b: Ursaluna|Earthquake|p1a: Sugar|[spread] p1a,p1b
|-immune|p2a: Dragonite
|-resisted|p1a: Sugar
|-damage|p1a: Sugar|53/100
|-damage|p1b: Ostin|27/100
|move|p2a: Dragonite|Scale Shot|p1b: Ostin
|-damage|p1b: Ostin|9/100
|-damage|p1b: Ostin|0 fnt
|faint|p1b: Ostin
|-hitcount|p1: Ostin|2
|-unboost|p2a: Dragonite|def|1
|-boost|p2a: Dragonite|spe|1
|move|p1a: Sugar|Moonblast|p2a: Dragonite
|-supereffective|p2a: Dragonite
|-damage|p2a: Dragonite|63/100
|
|-damage|p2b: Ursaluna|46/100 brn|[from] brn
|upkeep
|turn|5
|
|t:|1756622313
|move|p2b: Ursaluna|Facade|p1a: Sugar
|-damage|p1a: Sugar|0 fnt
|faint|p1a: Sugar
|
|win|Miguedeth
|raw|regitron 21's rating: 1118 → 1098(-20 for losing)
|raw|Miguedeth's rating: 1191 → 1211(+20 for winning)
