|j|☆edhen
|j|☆Ishi30
|html|edhenIshi30    
|uhtml|bestof|Game 2 of a best-of-3
|t:|1757832513
|gametype|doubles
|player|p1|edhen|clair|1204
|player|p2|Ishi30|169|1166
|gen|9
|tier|[Gen 9] VGC 2025 Reg H (Bo3)
|rated|
|rule|Species Clause: Limit one of each Pokémon
|rule|Item Clause: Limit 1 of each item
|clearpoke
|poke|p1|Politoed, L50, M|
|poke|p1|Archaludon, L50, M|
|poke|p1|Comfey, L50, M|
|poke|p1|Rillaboom, L50, M|
|poke|p1|Basculegion, L50, M|
|poke|p1|Talonflame, L50, F|
|poke|p2|Indeedee-F, L50, F|
|poke|p2|Gallade, L50, M|
|poke|p2|Maushold-Four, L50|
|poke|p2|Torkoal, L50, M|
|poke|p2|Ursaluna, L50, F|
|poke|p2|Hatterene, L50, F|
|teampreview|4
|showteam|p1|Politoed||Leftovers|Drizzle|Protect,MuddyWater,Haze,Hypnosis|||M|||50|,,,,,Grass]Archaludon||AssaultVest|Stamina|ElectroShot,BodyPress,FlashCannon,DracoMeteor|||M|||50|,,,,,Grass]Comfey||WikiBerry|Triage|Protect,FloralHealing,DrainingKiss,Taunt|||M|||50|,,,,,Steel]Rillaboom||LoadedDice|GrassySurge|BulletSeed,GrassyGlide,FakeOut,HighHorsepower|||M|||50|,,,,,Fire]Basculegion||ChoiceBand|SwiftSwim|LastRespects,WaveCrash,AquaJet,FlipTurn|||M|||50|,,,,,Water]Talonflame||CovertCloak|GaleWings|Tailwind,WillOWisp,DualWingbeat,FlareBlitz|||F|||50|,,,,,Ghost
|showteam|p2|Indeedee-F||SafetyGoggles|PsychicSurge|DazzlingGleam,FollowMe,HelpingHand,TrickRoom|||F|||50|,,,,,Fire]Gallade||ClearAmulet|Sharpness|PsychoCut,SacredSword,TrickRoom,WideGuard|||M|||50|,,,,,Grass]Maushold-Four||WideLens|FriendGuard|PopulationBomb,FollowMe,AfterYou,Protect||||||50|,,,,,Normal]Torkoal||Charcoal|Drought|WeatherBall,HeatWave,EarthPower,Eruption|||M|||50|,,,,,Fire]Ursaluna||FlameOrb|Guts|HeadlongRush,Earthquake,Protect,Facade|||F|||50|,,,,,Ghost]Hatterene||LifeOrb|MagicBounce|DazzlingGleam,ExpandingForce,Protect,TrickRoom|||F|||50|,,,,,Psychic
|
|t:|1757832526
|teamsize|p1|4
|teamsize|p2|4
|start
|switch|p1a: Politoed|Politoed, L50, M|100/100
|switch|p1b: Basculegion|Basculegion, L50, M|100/100
|switch|p2a: Maushold|Maushold-Four, L50|100/100
|switch|p2b: Gallade|Gallade, L50, M|100/100
|-weather|RainDance|[from] ability: Drizzle|[of] p1a: Politoed
|turn|1
|
|t:|1757832547
|switch|p2b: Torkoal|Torkoal, L50, M|100/100
|-weather|SunnyDay|[from] ability: Drought|[of] p2b: Torkoal
|-terastallize|p2a: Maushold|Normal
|move|p2a: Maushold|Population Bomb|p1a: Politoed
|-damage|p1a: Politoed|89/100
|-damage|p1a: Politoed|79/100
|-damage|p1a: Politoed|68/100
|-damage|p1a: Politoed|58/100
|-damage|p1a: Politoed|48/100
|-damage|p1a: Politoed|37/100
|-damage|p1a: Politoed|25/100
|-damage|p1a: Politoed|13/100
|-damage|p1a: Politoed|2/100
|-damage|p1a: Politoed|0 fnt
|faint|p1a: Politoed
|-hitcount|p1: Politoed|10
|move|p1b: Basculegion|Flip Turn|p2a: Maushold
|-damage|p2a: Maushold|66/100
|
|t:|1757832559
|switch|p1b: Rillaboom|Rillaboom, L50, M|100/100|[from] Flip Turn
|-fieldstart|move: Grassy Terrain|[from] ability: Grassy Surge|[of] p1b: Rillaboom
|
|-weather|SunnyDay|[upkeep]
|-heal|p2a: Maushold|72/100|[from] Grassy Terrain
|upkeep
|
|t:|1757832567
|switch|p1a: Basculegion|Basculegion, L50, M|100/100
|turn|2
|
|t:|1757832605
|switch|p2b: Indeedee|Indeedee-F, L50, F|100/100
|-fieldstart|move: Psychic Terrain|[from] ability: Psychic Surge|[of] p2b: Indeedee
|move|p1b: Rillaboom|Fake Out|p2a: Maushold
|-activate|p2a: Maushold|move: Psychic Terrain
|move|p2a: Maushold|Population Bomb|p1b: Rillaboom
|-damage|p1b: Rillaboom|88/100
|-damage|p1b: Rillaboom|76/100
|-damage|p1b: Rillaboom|63/100
|-damage|p1b: Rillaboom|50/100
|-damage|p1b: Rillaboom|38/100
|-damage|p1b: Rillaboom|26/100
|-damage|p1b: Rillaboom|13/100
|-damage|p1b: Rillaboom|0 fnt
|faint|p1b: Rillaboom
|-hitcount|p1: Rillaboom|8
|move|p1a: Basculegion|Last Respects|p2b: Indeedee
|-immune|p2b: Indeedee
|
|-weather|SunnyDay|[upkeep]
|upkeep
|
|t:|1757832612
|switch|p1b: Archaludon|Archaludon, L50, M|100/100
|turn|3
|
|t:|1757832649
|switch|p2b: Torkoal|Torkoal, L50, M|100/100
|move|p2a: Maushold|Follow Me|p2a: Maushold
|-singleturn|p2a: Maushold|move: Follow Me
|move|p1a: Basculegion|Last Respects|p2a: Maushold
|-immune|p2a: Maushold
|move|p1b: Archaludon|Body Press|p2a: Maushold
|-supereffective|p2a: Maushold
|-damage|p2a: Maushold|0 fnt
|faint|p2a: Maushold
|
|-weather|SunnyDay|[upkeep]
|upkeep
|
|t:|1757832664
|switch|p2a: Indeedee|Indeedee-F, L50, F|100/100
|turn|4
|
|t:|1757832678
|move|p2a: Indeedee|Follow Me|p2a: Indeedee
|-singleturn|p2a: Indeedee|move: Follow Me
|move|p1a: Basculegion|Last Respects|p2a: Indeedee
|-immune|p2a: Indeedee
|move|p1b: Archaludon|Body Press|p2a: Indeedee
|-damage|p2a: Indeedee|78/100
|move|p2b: Torkoal|Eruption|p1b: Archaludon|[spread] p1a,p1b
|-resisted|p1a: Basculegion
|-damage|p1a: Basculegion|48/100
|-damage|p1b: Archaludon|35/100
|-ability|p1b: Archaludon|Stamina|boost
|-boost|p1b: Archaludon|def|1
|
|-weather|SunnyDay|[upkeep]
|upkeep
|turn|5
|
|t:|1757832700
|move|p2a: Indeedee|Follow Me|p2a: Indeedee
|-singleturn|p2a: Indeedee|move: Follow Me
|move|p1a: Basculegion|Last Respects|p2a: Indeedee
|-immune|p2a: Indeedee
|move|p1b: Archaludon|Body Press|p2a: Indeedee
|-damage|p2a: Indeedee|46/100
|move|p2b: Torkoal|Eruption|p1b: Archaludon|[spread] p1a,p1b
|-resisted|p1a: Basculegion
|-damage|p1a: Basculegion|0 fnt
|-damage|p1b: Archaludon|0 fnt
|faint|p1a: Basculegion
|faint|p1b: Archaludon
|
|win|Ishi30
||edhen is ready for game 3.
|l|☆edhen
|player|p1|
|inactive|Ishi30 has 30 seconds to confirm battle start!
||Ishi30 is ready for game 3.
|uhtml|next|Next: Game 3 of 3
