|j|☆moicito
|j|☆dinglustan
|html|moicitodinglustan    
|uhtml|bestof|Game 2 of a best-of-3
|t:|1756261118
|gametype|doubles
|player|p1|moicito|266|1234
|player|p2|dinglustan|169|1234
|gen|9
|tier|[Gen 9] VGC 2025 Reg H (Bo3)
|rated|
|rule|Species Clause: Limit one of each Pokémon
|rule|Item Clause: Limit 1 of each item
|clearpoke
|poke|p1|Kingambit, L50, F|
|poke|p1|Rillaboom, L50, F|
|poke|p1|Electabuzz, L50, M|
|poke|p1|Volcarona, L50, M|
|poke|p1|Sneasler, L50, M|
|poke|p1|Dragonite, L50, F|
|poke|p2|Whimsicott, L50, F|
|poke|p2|Arcanine-Hisui, L50, M|
|poke|p2|Basculegion, L50, M|
|poke|p2|Hydreigon, L50, M|
|poke|p2|Farigiraf, L50, M|
|poke|p2|Pawmot, L50, F|
|teampreview|4
|showteam|p1|Kingambit||BlackGlasses|Defiant|Protect,KowtowCleave,SuckerPunch,SwordsDance|||F|||50|,,,,,Dark]Rillaboom||AssaultVest|GrassySurge|WoodHammer,GrassyGlide,HighHorsepower,FakeOut|||F|||50|,,,,,Fire]Electabuzz||Eviolite|VitalSpirit|Protect,Thunderbolt,HelpingHand,FollowMe|||M|||50|,,,,,Ghost]Volcarona||CovertCloak|FlameBody|Protect,HeatWave,TeraBlast,QuiverDance|||M|||50|,,,,,Fairy]Sneasler||FocusSash|Unburden|CloseCombat,DireClaw,Coaching,FakeOut|||M|||50|,,,,,Stellar]Dragonite||LoadedDice|Multiscale|ScaleShot,Haze,ExtremeSpeed,Protect|||F|||50|,,,,,Fairy
|showteam|p2|Whimsicott||CovertCloak|Prankster|Tailwind,Moonblast,GigaDrain,Encore|||F|||50|,,,,,Water]Arcanine-Hisui||AssaultVest|Intimidate|ExtremeSpeed,FlareBlitz,RockSlide,TeraBlast|||M|||50|,,,,,Grass]Basculegion||ChoiceBand|Adaptability|AquaJet,LastRespects,WaveCrash,TeraBlast|||M|||50|,,,,,Fairy]Hydreigon||LifeOrb|Levitate|Protect,DracoMeteor,DarkPulse,HeatWave|||M|||50|,,,,,Fire]Farigiraf||ThroatSpray|ArmorTail|Protect,TrickRoom,HyperVoice,TwinBeam|||M|||50|,,,,,Grass]Pawmot||FocusSash|VoltAbsorb|FakeOut,DoubleShock,CloseCombat,RevivalBlessing|||F|||50|,,,,,Electric
|inactive|Battle timer is ON: inactive players will automatically lose when time's up. (requested by dinglustan)
|inactive|moicito has 60 seconds left.
|
|t:|1756261168
|teamsize|p1|4
|teamsize|p2|4
|start
|switch|p1a: Elii|Electabuzz, L50, M, shiny|100/100
|switch|p1b: Kingii|Kingambit, L50, F, shiny|100/100
|switch|p2a: Whimsicott|Whimsicott, L50, F|100/100
|switch|p2b: Hydreigon|Hydreigon, L50, M|100/100
|turn|1
|inactive|moicito has 30 seconds left.
|inactive|moicito has 20 seconds left.
|
|t:|1756261204
|-terastallize|p1b: Kingii|Dark
|move|p1a: Elii|Helping Hand|p1b: Kingii
|-singleturn|p1b: Kingii|Helping Hand|[of] p1a: Elii
|move|p2a: Whimsicott|Tailwind|p2a: Whimsicott
|-sidestart|p2: dinglustan|move: Tailwind
|move|p2b: Hydreigon|Heat Wave|p1b: Kingii|[spread] p1b
|-miss|p2b: Hydreigon|p1a: Elii
|-damage|p1b: Kingii|71/100
|-damage|p2b: Hydreigon|91/100|[from] item: Life Orb
|move|p1b: Kingii|Kowtow Cleave|p2b: Hydreigon
|-resisted|p2b: Hydreigon
|-damage|p2b: Hydreigon|31/100
|
|upkeep
|turn|2
|inactive|moicito has 30 seconds left.
|
|t:|1756261236
|switch|p2a: Farigiraf|Farigiraf, L50, M|100/100
|move|p1a: Elii|Follow Me|p1a: Elii
|-singleturn|p1a: Elii|move: Follow Me
|move|p2b: Hydreigon|Draco Meteor|p1a: Elii
|-damage|p1a: Elii|34/100
|-unboost|p2b: Hydreigon|spa|2
|-damage|p2b: Hydreigon|22/100|[from] item: Life Orb
|move|p1b: Kingii|Kowtow Cleave|p2b: Hydreigon
|-resisted|p2b: Hydreigon
|-damage|p2b: Hydreigon|0 fnt
|faint|p2b: Hydreigon
|
|upkeep
|
|t:|1756261250
|switch|p2b: Whimsicott|Whimsicott, L50, F|100/100
|turn|3
|
|t:|1756261270
|-terastallize|p2a: Farigiraf|Grass
|move|p1a: Elii|Follow Me|p1a: Elii
|-singleturn|p1a: Elii|move: Follow Me
|move|p2b: Whimsicott|Moonblast|p1a: Elii
|-damage|p1a: Elii|12/100
|move|p2a: Farigiraf|Hyper Voice|p1b: Kingii|[spread] p1a,p1b
|-damage|p1a: Elii|0 fnt
|-damage|p1b: Kingii|42/100
|faint|p1a: Elii
|-enditem|p2a: Farigiraf|Throat Spray
|-boost|p2a: Farigiraf|spa|1|[from] item: Throat Spray
|move|p1b: Kingii|Kowtow Cleave|p2a: Farigiraf
|-damage|p2a: Farigiraf|15/100
|
|upkeep
|
|t:|1756261286
|switch|p1a: Volkii|Volcarona, L50, M, shiny|100/100
|turn|4
|
|t:|1756261306
|switch|p1b: Rilli|Rillaboom, L50, F, shiny|100/100
|-fieldstart|move: Grassy Terrain|[from] ability: Grassy Surge|[of] p1b: Rilli
|move|p2a: Farigiraf|Protect|p2a: Farigiraf
|-singleturn|p2a: Farigiraf|Protect
|move|p2b: Whimsicott|Moonblast|p1b: Rilli
|-damage|p1b: Rilli|80/100
|move|p1a: Volkii|Heat Wave|p2a: Farigiraf|[spread] 
|-activate|p2a: Farigiraf|move: Protect
|-miss|p1a: Volkii|p2b: Whimsicott
|
|-heal|p2a: Farigiraf|22/100|[from] Grassy Terrain
|-heal|p1b: Rilli|86/100|[from] Grassy Terrain
|-sideend|p2: dinglustan|move: Tailwind
|upkeep
|turn|5
|
|t:|1756261327
|switch|p2a: Basculegion|Basculegion, L50, M|100/100
|move|p2b: Whimsicott|Tailwind|p2b: Whimsicott
|-sidestart|p2: dinglustan|move: Tailwind
|move|p1a: Volkii|Heat Wave|p2b: Whimsicott|[spread] p2a
|-miss|p1a: Volkii|p2b: Whimsicott
|-resisted|p2a: Basculegion
|-damage|p2a: Basculegion|82/100
|move|p1b: Rilli|Wood Hammer|p2b: Whimsicott
|-resisted|p2b: Whimsicott
|-damage|p2b: Whimsicott|62/100
|-damage|p1b: Rilli|75/100|[from] Recoil
|
|-heal|p2b: Whimsicott|68/100|[from] Grassy Terrain
|-heal|p2a: Basculegion|87/100|[from] Grassy Terrain
|-heal|p1b: Rilli|81/100|[from] Grassy Terrain
|upkeep
|turn|6
|
|t:|1756261352
|switch|p2b: Farigiraf|Farigiraf, L50, M, tera:Grass|22/100
|move|p1a: Volkii|Protect|p1a: Volkii
|-singleturn|p1a: Volkii|Protect
|move|p1b: Rilli|Grassy Glide||[still]
|cant|p2b: Farigiraf|ability: Armor Tail|Grassy Glide|[of] p1b: Rilli
|move|p2a: Basculegion|Last Respects|p1b: Rilli
|-damage|p1b: Rilli|0 fnt
|faint|p1b: Rilli
|
|-heal|p2a: Basculegion|93/100|[from] Grassy Terrain
|-heal|p2b: Farigiraf|28/100|[from] Grassy Terrain
|upkeep
|
|t:|1756261357
|switch|p1b: Kingii|Kingambit, L50, F, shiny, tera:Dark|42/100
|turn|7
|inactive|moicito has 30 seconds left.
|
|t:|1756261383
|move|p2b: Farigiraf|Protect|p2b: Farigiraf
|-singleturn|p2b: Farigiraf|Protect
|move|p2a: Basculegion|Last Respects|p1a: Volkii
|-damage|p1a: Volkii|0 fnt
|faint|p1a: Volkii
|move|p1b: Kingii|Kowtow Cleave|p2a: Basculegion
|-supereffective|p2a: Basculegion
|-damage|p2a: Basculegion|0 fnt
|faint|p2a: Basculegion
|
|-heal|p2b: Farigiraf|34/100|[from] Grassy Terrain
|-heal|p1b: Kingii|47/100|[from] Grassy Terrain
|upkeep
|
|t:|1756261388
|switch|p2a: Whimsicott|Whimsicott, L50, F|68/100
|turn|8
|
|t:|1756261401
|move|p2a: Whimsicott|Moonblast|p1b: Kingii
|-supereffective|p1b: Kingii
|-damage|p1b: Kingii|0 fnt
|faint|p1b: Kingii
|
|win|dinglustan
|raw|moicito's rating: 1234 → 1209(-25 for losing)
|raw|dinglustan's rating: 1234 → 1259(+25 for winning)
|c|☆dinglustan|ggs
|c|☆moicito|Gg
|l|☆dinglustan
|player|p2|
