|j|☆xareu
|j|☆IcedOutObama
|html|xareuIcedOutObama    
|uhtml|bestof|Game 1 of a best-of-3
|t:|1757163098
|gametype|doubles
|player|p1|xareu|clay|1099
|player|p2|IcedOutObama|skier|1170
|gen|9
|tier|[Gen 9] VGC 2025 Reg H (Bo3)
|rated|
|rule|Species Clause: Limit one of each Pokémon
|rule|Item Clause: Limit 1 of each item
|clearpoke
|poke|p1|Volcarona, L50, F|
|poke|p1|Rillaboom, L50, F|
|poke|p1|Electabuzz, L50, M|
|poke|p1|Dragonite, L50, M|
|poke|p1|Kingambit, L50, F|
|poke|p1|Sneasler, L50, F|
|poke|p2|Murkrow, L50, M|
|poke|p2|Abomasnow, L50, F|
|poke|p2|Indeedee, L50, M|
|poke|p2|Sneasler, L50, M|
|poke|p2|Gholdengo, L50|
|poke|p2|Basculegion, L50, M|
|teampreview|4
|showteam|p1|Volcarona||Leftovers|FlameBody|HeatWave,TeraBlast,QuiverDance,Protect|||F|||50|,,,,,Fairy]Rillaboom||AssaultVest|GrassySurge|WoodHammer,GrassyGlide,HighHorsepower,FakeOut|||F|||50|,,,,,Fire]Electabuzz||Eviolite|VitalSpirit|Thunderbolt,FollowMe,Taunt,Protect|||M|||50|,,,,,Ghost]Dragonite||LoadedDice|Multiscale|ScaleShot,ExtremeSpeed,Haze,Protect|||M|||50|,,,,,Steel]Kingambit||BlackGlasses|Defiant|KowtowCleave,SuckerPunch,SwordsDance,Protect|||F|||50|,,,,,Dark]Sneasler||FocusSash|Unburden|CloseCombat,DireClaw,Coaching,FakeOut|||F|||50|,,,,,Stellar
|showteam|p2|Murkrow||Eviolite|Prankster|FoulPlay,Tailwind,Haze,Protect|||M|||50|,,,,,Ghost]Abomasnow||AssaultVest|SnowWarning|Blizzard,LeafStorm,EarthPower,WeatherBall|||F|||50|,,,,,Fire]Indeedee||FocusSash|PsychicSurge|ExpandingForce,TeraBlast,Imprison,TrickRoom|||M|||50|,,,,,Fighting]Sneasler||PsychicSeed|Unburden|DireClaw,CloseCombat,ThroatChop,Protect|||M|||50|,,,,,Dark]Gholdengo||LifeOrb|GoodasGold|MakeItRain,ShadowBall,NastyPlot,Protect||||||50|,,,,,Steel]Basculegion||ChoiceScarf|Adaptability|WaveCrash,LastRespects,AquaJet,FlipTurn|||M|||50|,,,,,Grass
|
|t:|1757163167
|teamsize|p1|4
|teamsize|p2|4
|start
|switch|p1a: Kingambit|Kingambit, L50, F|100/100
|switch|p1b: Electabuzz|Electabuzz, L50, M|100/100
|switch|p2a: Brynden Rivers|Murkrow, L50, M|100/100
|switch|p2b: Longclaw|Sneasler, L50, M, shiny|100/100
|turn|1
|inactive|Battle timer is ON: inactive players will automatically lose when time's up. (requested by xareu)
|
|t:|1757163196
|switch|p1a: Volcarona|Volcarona, L50, F|100/100
|move|p2a: Brynden Rivers|Protect|p2a: Brynden Rivers
|-singleturn|p2a: Brynden Rivers|Protect
|move|p2b: Longclaw|Close Combat|p1a: Volcarona
|-resisted|p1a: Volcarona
|-damage|p1a: Volcarona|59/100
|-unboost|p2b: Longclaw|def|1
|-unboost|p2b: Longclaw|spd|1
|move|p1b: Electabuzz|Thunderbolt|p2a: Brynden Rivers
|-activate|p2a: Brynden Rivers|move: Protect
|
|-heal|p1a: Volcarona|65/100|[from] item: Leftovers
|upkeep
|turn|2
|
|t:|1757163215
|move|p2a: Brynden Rivers|Haze|p2a: Brynden Rivers
|-clearallboost
|move|p2b: Longclaw|Dire Claw|p1a: Volcarona
|-damage|p1a: Volcarona|13/100
|-status|p1a: Volcarona|par
|move|p1b: Electabuzz|Thunderbolt|p2a: Brynden Rivers
|-supereffective|p2a: Brynden Rivers
|-damage|p2a: Brynden Rivers|35/100
|move|p1a: Volcarona|Quiver Dance|p1a: Volcarona
|-boost|p1a: Volcarona|spa|1
|-boost|p1a: Volcarona|spd|1
|-boost|p1a: Volcarona|spe|1
|
|-heal|p1a: Volcarona|19/100 par|[from] item: Leftovers
|upkeep
|turn|3
|
|t:|1757163235
|move|p1b: Electabuzz|Follow Me|p1b: Electabuzz
|-singleturn|p1b: Electabuzz|move: Follow Me
|move|p2a: Brynden Rivers|Tailwind|p2a: Brynden Rivers
|-sidestart|p2: IcedOutObama|move: Tailwind
|move|p2b: Longclaw|Dire Claw|p1b: Electabuzz
|-damage|p1b: Electabuzz|62/100
|move|p1a: Volcarona|Heat Wave|p2a: Brynden Rivers|[spread] p2a,p2b
|-damage|p2a: Brynden Rivers|0 fnt
|-damage|p2b: Longclaw|27/100
|faint|p2a: Brynden Rivers
|
|-heal|p1a: Volcarona|25/100 par|[from] item: Leftovers
|upkeep
|
|t:|1757163238
|switch|p2a: Evergreen|Abomasnow, L50, F|100/100
|-weather|Snowscape|[from] ability: Snow Warning|[of] p2a: Evergreen
|turn|4
|
|t:|1757163262
|move|p1b: Electabuzz|Protect|p1b: Electabuzz
|-singleturn|p1b: Electabuzz|Protect
|move|p1a: Volcarona|Protect|p1a: Volcarona
|-singleturn|p1a: Volcarona|Protect
|move|p2b: Longclaw|Close Combat|p1b: Electabuzz
|-activate|p1b: Electabuzz|move: Protect
|move|p2a: Evergreen|Blizzard|p1a: Volcarona|[spread] 
|-activate|p1a: Volcarona|move: Protect
|-activate|p1b: Electabuzz|move: Protect
|
|-weather|Snowscape|[upkeep]
|-heal|p1a: Volcarona|32/100 par|[from] item: Leftovers
|upkeep
|turn|5
|inactive|IcedOutObama has 30 seconds left.
|
|t:|1757163290
|-terastallize|p2a: Evergreen|Fire
|move|p1b: Electabuzz|Follow Me|p1b: Electabuzz
|-singleturn|p1b: Electabuzz|move: Follow Me
|move|p2b: Longclaw|Close Combat|p1b: Electabuzz
|-damage|p1b: Electabuzz|9/100
|-unboost|p2b: Longclaw|def|1
|-unboost|p2b: Longclaw|spd|1
|move|p2a: Evergreen|Earth Power|p1b: Electabuzz
|-supereffective|p1b: Electabuzz
|-damage|p1b: Electabuzz|0 fnt
|faint|p1b: Electabuzz
|move|p1a: Volcarona|Heat Wave|p2a: Evergreen|[spread] p2a
|-miss|p1a: Volcarona|p2b: Longclaw
|-resisted|p2a: Evergreen
|-damage|p2a: Evergreen|81/100
|
|-weather|Snowscape|[upkeep]
|-heal|p1a: Volcarona|38/100 par|[from] item: Leftovers
|upkeep
|
|t:|1757163312
|switch|p1b: Rillaboom|Rillaboom, L50, F|100/100
|-fieldstart|move: Grassy Terrain|[from] ability: Grassy Surge|[of] p1b: Rillaboom
|turn|6
|
|t:|1757163336
|-terastallize|p1b: Rillaboom|Fire
|move|p2b: Longclaw|Protect|p2b: Longclaw
|-singleturn|p2b: Longclaw|Protect
|move|p1a: Volcarona|Protect|p1a: Volcarona
|-singleturn|p1a: Volcarona|Protect
|move|p1b: Rillaboom|Fake Out|p2b: Longclaw
|-activate|p2b: Longclaw|move: Protect
|move|p2a: Evergreen|Blizzard|p1a: Volcarona|[spread] p1b
|-activate|p1a: Volcarona|move: Protect
|-resisted|p1b: Rillaboom
|-damage|p1b: Rillaboom|90/100
|
|-weather|Snowscape|[upkeep]
|-heal|p2b: Longclaw|33/100|[from] Grassy Terrain
|-heal|p2a: Evergreen|87/100|[from] Grassy Terrain
|-heal|p1b: Rillaboom|96/100|[from] Grassy Terrain
|-heal|p1a: Volcarona|44/100 par|[from] Grassy Terrain
|-heal|p1a: Volcarona|50/100 par|[from] item: Leftovers
|-sideend|p2: IcedOutObama|move: Tailwind
|upkeep
|turn|7
|
|t:|1757163353
|move|p2b: Longclaw|Dire Claw|p1a: Volcarona
|-damage|p1a: Volcarona|0 fnt
|-status|p2b: Longclaw|brn|[from] ability: Flame Body|[of] p1a: Volcarona
|faint|p1a: Volcarona
|move|p1b: Rillaboom|High Horsepower|p2a: Evergreen
|-supereffective|p2a: Evergreen
|-damage|p2a: Evergreen|27/100
|move|p2a: Evergreen|Earth Power|p1b: Rillaboom
|-supereffective|p1b: Rillaboom
|-damage|p1b: Rillaboom|64/100
|
|-weather|Snowscape|[upkeep]
|-heal|p2b: Longclaw|38/100 brn|[from] Grassy Terrain
|-heal|p1b: Rillaboom|70/100|[from] Grassy Terrain
|-heal|p2a: Evergreen|33/100|[from] Grassy Terrain
|-damage|p2b: Longclaw|33/100 brn|[from] brn
|upkeep
|
|t:|1757163363
|switch|p1a: Kingambit|Kingambit, L50, F|100/100
|turn|8
|inactive|xareu has 30 seconds left.
|
|t:|1757163391
|move|p1a: Kingambit|Protect|p1a: Kingambit
|-singleturn|p1a: Kingambit|Protect
|move|p2b: Longclaw|Dire Claw|p1b: Rillaboom
|-damage|p1b: Rillaboom|47/100
|move|p1b: Rillaboom|High Horsepower|p2a: Evergreen
|-supereffective|p2a: Evergreen
|-damage|p2a: Evergreen|0 fnt
|faint|p2a: Evergreen
|
|-weather|none
|-heal|p2b: Longclaw|38/100 brn|[from] Grassy Terrain
|-heal|p1b: Rillaboom|53/100|[from] Grassy Terrain
|-damage|p2b: Longclaw|33/100 brn|[from] brn
|upkeep
|
|t:|1757163398
|switch|p2a: Houndfish|Basculegion, L50, M, shiny|100/100
|turn|9
|
|t:|1757163407
|move|p2a: Houndfish|Aqua Jet|p1b: Rillaboom
|-supereffective|p1b: Rillaboom
|-damage|p1b: Rillaboom|3/100
|move|p1a: Kingambit|Sucker Punch||[still]
|-fail|p1a: Kingambit
|move|p2b: Longclaw|Close Combat|p1a: Kingambit
|-supereffective|p1a: Kingambit
|-damage|p1a: Kingambit|10/100
|-unboost|p2b: Longclaw|def|1
|-unboost|p2b: Longclaw|spd|1
|move|p1b: Rillaboom|High Horsepower|p2b: Longclaw
|-supereffective|p2b: Longclaw
|-damage|p2b: Longclaw|0 fnt
|faint|p2b: Longclaw
|
|-heal|p1b: Rillaboom|9/100|[from] Grassy Terrain
|-heal|p1a: Kingambit|15/100|[from] Grassy Terrain
|upkeep
|turn|10
|
|t:|1757163421
|move|p2a: Houndfish|Aqua Jet|p1b: Rillaboom
|-supereffective|p1b: Rillaboom
|-damage|p1b: Rillaboom|0 fnt
|faint|p1b: Rillaboom
|move|p1a: Kingambit|Kowtow Cleave|p2a: Houndfish
|-supereffective|p2a: Houndfish
|-damage|p2a: Houndfish|0 fnt
|faint|p2a: Houndfish
|
|win|xareu
