|j|☆Ederzuri
|j|☆mudkipc4
|html|Ederzurimudkipc4    
|uhtml|bestof|Game 1 of a best-of-3
|t:|1783185681
|gametype|doubles
|player|p1|Ederzuri|bugsy|1203
|player|p2|mudkipc4|pokemaniac|1150
|gen|9
|tier|[Gen 9 Champions] VGC 2026 Reg M-B (Bo3)
|rated|
|rule|Species Clause: Limit one of each Pokémon
|rule|Item Clause: Limit 1 of each item
|clearpoke
|poke|p1|Grimmsnarl, L50, M, shiny|
|poke|p1|Pelipper, L50, F, shiny|
|poke|p1|Archaludon, L50, F|
|poke|p1|Swampert, L50, F, shiny|
|poke|p1|Metagross, L50|
|poke|p1|Sneasler, L50, M|
|poke|p2|Mawile, L50, F|
|poke|p2|Farigiraf, L50, M|
|poke|p2|Torkoal, L50, F|
|poke|p2|Gengar, L50, M|
|poke|p2|Grimmsnarl, L50, M|
|poke|p2|Hydreigon, L50, M|
|teampreview|4
|showteam|p1|Grimmsnarl||LightClay|Prankster|PartingShot,Reflect,LightScreen,SpiritBreak|Careful||M|||50|]Pelipper||SitrusBerry|Drizzle|Hurricane,Tailwind,WeatherBall,WideGuard|Modest||F|||50|]Archaludon||Leftovers|Stamina|ElectroShot,Protect,DragonPulse,FlashCannon|Modest||F|||50|]Swampert||Swampertite|Torrent|WaveCrash,Protect,Earthquake,IcePunch|Adamant||F|||50|]Metagross||Metagrossite|ClearBody|BodyPress,PsychicFangs,IronHead,Protect|Adamant|||||50|]Sneasler||FocusSash|PoisonTouch|FakeOut,CloseCombat,Coaching,DireClaw|Jolly||M|||50|
|showteam|p2|Mawile||Mawilite|Intimidate|PlayRough,IronHead,SuckerPunch,Protect|Brave||F|||50|]Farigiraf||SitrusBerry|ArmorTail|TrickRoom,Psychic,Protect,Imprison|Bold||M|||50|]Torkoal||Charcoal|Drought|Yawn,WeatherBall,Eruption,Protect|Quiet||F|||50|]Gengar||Gengarite|CursedBody|SludgeBomb,ShadowBall,Protect,WillOWisp|Timid||M|||50|]Grimmsnarl||LightClay|Prankster|FakeOut,PartingShot,Reflect,SpiritBreak|Impish||M|||50|]Hydreigon||ChoiceScarf|Levitate|DarkPulse,DracoMeteor,EarthPower,Snarl|Modest||M|||50|
|inactive|Battle timer is ON: inactive players will automatically lose when time's up. (requested by Ederzuri)
|c|☆mudkipc4|this team is so original dude, props
|inactive|Ederzuri has 60 seconds left.
|inactive|mudkipc4 has 60 seconds left.
|
|t:|1783185716
|teamsize|p1|4
|teamsize|p2|4
|start
|switch|p1a: Metagross|Metagross, L50|100/100
|switch|p1b: Sneasler|Sneasler, L50, M|100/100
|switch|p2a: Purple Rain|Gengar, L50, M|100/100
|switch|p2b: Slow it Down|Grimmsnarl, L50, M|100/100
|turn|1
|
|t:|1783185736
|detailschange|p2a: Purple Rain|Gengar-Mega, L50, M
|-mega|p2a: Purple Rain|Gengar|Gengarite
|detailschange|p1a: Metagross|Metagross-Mega, L50
|-mega|p1a: Metagross|Metagross|Metagrossite
|move|p1b: Sneasler|Fake Out|p2b: Slow it Down
|-damage|p2b: Slow it Down|87/100
|cant|p2b: Slow it Down|flinch
|move|p2a: Purple Rain|Will-O-Wisp|p1a: Metagross
|-status|p1a: Metagross|brn
|move|p1a: Metagross|Psychic Fangs|p2a: Purple Rain
|-supereffective|p2a: Purple Rain|1
|-damage|p2a: Purple Rain|35/100
|
|-damage|p1a: Metagross|94/100 brn|[from] brn
|upkeep
|turn|2
|inactive|mudkipc4 has 30 seconds left.
|
|t:|1783185770
|switch|p2a: ProtecYaNecK|Farigiraf, L50, M|100/100
|move|p1b: Sneasler|Dire Claw|p2b: Slow it Down
|-supereffective|p2b: Slow it Down|1
|-damage|p2b: Slow it Down|8/100
|-status|p2b: Slow it Down|psn|[from] ability: Poison Touch|[of] p1b: Sneasler
|move|p1a: Metagross|Psychic Fangs|p2a: ProtecYaNecK
|-resisted|p2a: ProtecYaNecK|1
|-damage|p2a: ProtecYaNecK|87/100
|move|p2b: Slow it Down|Spirit Break|p1b: Sneasler
|-damage|p1b: Sneasler|52/100
|-unboost|p1b: Sneasler|spa|1
|
|-damage|p2b: Slow it Down|0 fnt|[from] psn
|faint|p2b: Slow it Down
|-damage|p1a: Metagross|88/100 brn|[from] brn
|upkeep
|
|t:|1783185794
|switch|p2b: Purple Rain|Gengar-Mega, L50, M|35/100
|turn|3
|inactive|Ederzuri has 30 seconds left.
|
|t:|1783185821
|move|p2b: Purple Rain|Protect|p2b: Purple Rain
|-singleturn|p2b: Purple Rain|Protect
|move|p1b: Sneasler|Close Combat|p2a: ProtecYaNecK
|-damage|p2a: ProtecYaNecK|42/100
|-unboost|p1b: Sneasler|def|1
|-unboost|p1b: Sneasler|spd|1
|-status|p2a: ProtecYaNecK|psn|[from] ability: Poison Touch|[of] p1b: Sneasler
|-enditem|p2a: ProtecYaNecK|Sitrus Berry|[eat]
|-heal|p2a: ProtecYaNecK|66/100 psn|[from] item: Sitrus Berry
|move|p1a: Metagross|Psychic Fangs|p2b: Purple Rain
|-activate|p2b: Purple Rain|move: Protect
|move|p2a: ProtecYaNecK|Psychic|p1b: Sneasler
|-supereffective|p1b: Sneasler|2
|-damage|p1b: Sneasler|0 fnt
|faint|p1b: Sneasler
|
|-damage|p2a: ProtecYaNecK|54/100 psn|[from] psn
|-damage|p1a: Metagross|82/100 brn|[from] brn
|upkeep
|
|t:|1783185836
|switch|p1b: Mahoraga|Archaludon, L50, F|100/100
|turn|4
|
|t:|1783185846
|move|p1a: Metagross|Protect|p1a: Metagross
|-singleturn|p1a: Metagross|Protect
|move|p2b: Purple Rain|Shadow Ball|p1b: Mahoraga
|-damage|p1b: Mahoraga|43/100
|-ability|p1b: Mahoraga|Stamina|boost
|-boost|p1b: Mahoraga|def|1
|move|p1b: Mahoraga|Dragon Pulse|p2b: Purple Rain
|-damage|p2b: Purple Rain|0 fnt
|faint|p2b: Purple Rain
|move|p2a: ProtecYaNecK|Trick Room|p2a: ProtecYaNecK
|-fieldstart|move: Trick Room|[of] p2a: ProtecYaNecK
|
|-heal|p1b: Mahoraga|49/100|[from] item: Leftovers
|-damage|p2a: ProtecYaNecK|42/100 psn|[from] psn
|-damage|p1a: Metagross|76/100 brn|[from] brn
|upkeep
|
|t:|1783185854
|switch|p2b: Ring of Fire|Torkoal, L50, F|100/100
|-weather|SunnyDay|[from] ability: Drought|[of] p2b: Ring of Fire
|turn|5
|
|t:|1783185869
|switch|p1a: GET OUT!!|Pelipper, L50, F, shiny|100/100
|-weather|RainDance|[from] ability: Drizzle|[of] p1a: GET OUT!!
|move|p2b: Ring of Fire|Eruption|p1b: Mahoraga|[spread] p1a,p1b
|-resisted|p1a: GET OUT!!|1
|-damage|p1a: GET OUT!!|79/100
|-damage|p1b: Mahoraga|12/100
|-ability|p1b: Mahoraga|Stamina|boost
|-boost|p1b: Mahoraga|def|1
|move|p2a: ProtecYaNecK|Psychic|p1b: Mahoraga
|-resisted|p1b: Mahoraga|1
|-damage|p1b: Mahoraga|0 fnt
|faint|p1b: Mahoraga
|
|-weather|RainDance|[upkeep]
|-damage|p2a: ProtecYaNecK|30/100 psn|[from] psn
|upkeep
|
|t:|1783185879
|switch|p1b: Metagross|Metagross-Mega, L50|76/100 brn
|turn|6
|
|t:|1783185888
|move|p2b: Ring of Fire|Weather Ball|p1a: GET OUT!!
|-resisted|p1a: GET OUT!!|1
|-damage|p1a: GET OUT!!|48/100
|-enditem|p1a: GET OUT!!|Sitrus Berry|[eat]
|-heal|p1a: GET OUT!!|72/100|[from] item: Sitrus Berry
|move|p2a: ProtecYaNecK|Psychic|p1a: GET OUT!!
|-damage|p1a: GET OUT!!|20/100y
|move|p1a: GET OUT!!|Weather Ball|p2b: Ring of Fire
|-supereffective|p2b: Ring of Fire|1
|-crit|p2b: Ring of Fire
|-damage|p2b: Ring of Fire|0 fnt
|faint|p2b: Ring of Fire
|move|p1b: Metagross|Iron Head|p2a: ProtecYaNecK
|-damage|p2a: ProtecYaNecK|9/100 psn
|
|-weather|RainDance|[upkeep]
|-damage|p2a: ProtecYaNecK|0 fnt|[from] psn
|faint|p2a: ProtecYaNecK
|
|win|Ederzuri
||mudkipc4 is ready for game 2.
|inactive|Ederzuri has 30 seconds to confirm battle start!
|inactive|Ederzuri has 20 seconds to confirm battle start!
||Ederzuri is ready for game 2.
|uhtml|next|Next: Game 2 of 3
