|j|☆SongokuVG Fr
|j|☆Trestkon
|html|SongokuVG FrTrestkon    
|uhtml|bestof|Game 1 of a best-of-3
|t:|1756387590
|gametype|doubles
|player|p1|SongokuVG Fr|lucian|1216
|player|p2|Trestkon|1|1165
|gen|9
|tier|[Gen 9] VGC 2025 Reg H (Bo3)
|rated|
|rule|Species Clause: Limit one of each Pokémon
|rule|Item Clause: Limit 1 of each item
|clearpoke
|poke|p1|Rillaboom, L50, M|
|poke|p1|Kingambit, L50, F|
|poke|p1|Sneasler, L50, M|
|poke|p1|Magmar, L50, F|
|poke|p1|Dragapult, L50, F|
|poke|p1|Dondozo, L50, M|
|poke|p2|Indeedee-F, L50, F|
|poke|p2|Gallade, L50, M|
|poke|p2|Torkoal, L50, F|
|poke|p2|Ursaluna-Bloodmoon, L50, M|
|poke|p2|Armarouge, L50, M|
|poke|p2|Exeggutor, L50, F|
|teampreview|4
|showteam|p1|Rillaboom||AssaultVest|GrassySurge|FakeOut,WoodHammer,GrassyGlide,HighHorsepower|||M|||50|,,,,,Fire]Kingambit||DreadPlate|Defiant|KowtowCleave,Protect,SwordsDance,SuckerPunch|||F|||50|,,,,,Ghost]Sneasler||FocusSash|PoisonTouch|DireClaw,CloseCombat,FakeOut,Protect|||M|||50|,,,,,Ghost]Magmar||Eviolite|VitalSpirit|FollowMe,HeatWave,Protect,Taunt|||F|||50|,,,,,Ghost]Dragapult||ChoiceBand|ClearBody|DragonDarts,Uturn,Outrage,PhantomForce|||F|||50|,,,,,Dragon]Dondozo||Leftovers|Unaware|WaveCrash,Yawn,Protect,Fissure|||M|||50|,,,,,Bug
|showteam|p2|Indeedee-F||SafetyGoggles|PsychicSurge|FollowMe,Psychic,HelpingHand,TrickRoom|||F|||50|,,,,,Fairy]Gallade||ClearAmulet|Sharpness|PsychoCut,SacredSword,WideGuard,TrickRoom|||M|||50|,,,,,Steel]Torkoal||Charcoal|Drought|Eruption,WeatherBall,ClearSmog,Protect|||F|||50|,,,,,Fire]Ursaluna-Bloodmoon||ThroatSpray|MindsEye|EarthPower,HyperVoice,BloodMoon,Protect|||M|||50|,,,,,Normal]Armarouge||PowerHerb|FlashFire|ArmorCannon,ExpandingForce,MeteorBeam,TrickRoom|||M|||50|,,,,,Grass]Exeggutor||FocusSash|Chlorophyll|TrickRoom,ExpandingForce,EnergyBall,SleepPowder|||F|||50|,,,,,Psychic
|inactive|Battle timer is ON: inactive players will automatically lose when time's up. (requested by SongokuVG Fr)
|inactive|Trestkon has 60 seconds left.
|
|t:|1756387651
|teamsize|p1|4
|teamsize|p2|4
|start
|switch|p1a: Magmar|Magmar, L50, F|100/100
|switch|p1b: Dragapult|Dragapult, L50, F|100/100
|switch|p2a: Dr. Love|Torkoal, L50, F|100/100
|switch|p2b: Rumples|Exeggutor, L50, F|100/100
|-weather|SunnyDay|[from] ability: Drought|[of] p2a: Dr. Love
|turn|1
|
|t:|1756387670
|switch|p2a: Dermezel|Indeedee-F, L50, F|100/100
|-fieldstart|move: Psychic Terrain|[from] ability: Psychic Surge|[of] p2a: Dermezel
|-terastallize|p2b: Rumples|Psychic
|move|p2b: Rumples|Expanding Force|p1a: Magmar|[spread] p1a,p1b
|-damage|p1a: Magmar|34/100
|-damage|p1b: Dragapult|0 fnt
|faint|p1b: Dragapult
|move|p1a: Magmar|Heat Wave|p2b: Rumples|[spread] p2a,p2b
|-damage|p2a: Dermezel|68/100
|-damage|p2b: Rumples|54/100
|-status|p2b: Rumples|brn
|
|-weather|SunnyDay|[upkeep]
|-damage|p2b: Rumples|48/100 brn|[from] brn
|upkeep
|
|t:|1756387683
|switch|p1b: Rillaboom|Rillaboom, L50, M|100/100
|-fieldstart|move: Grassy Terrain|[from] ability: Grassy Surge|[of] p1b: Rillaboom
|turn|2
|
|t:|1756387704
|move|p1b: Rillaboom|Fake Out|p2b: Rumples
|-damage|p2b: Rumples|31/100 brn
|cant|p2b: Rumples|flinch
|move|p1a: Magmar|Taunt|p2a: Dermezel
|-start|p2a: Dermezel|move: Taunt
|cant|p2a: Dermezel|move: Taunt|Trick Room
|
|-weather|SunnyDay|[upkeep]
|-heal|p2b: Rumples|37/100 brn|[from] Grassy Terrain
|-heal|p1a: Magmar|40/100|[from] Grassy Terrain
|-heal|p2a: Dermezel|74/100|[from] Grassy Terrain
|-damage|p2b: Rumples|31/100 brn|[from] brn
|upkeep
|turn|3
|
|t:|1756387722
|switch|p2a: Dr. Love|Torkoal, L50, F|100/100
|move|p1a: Magmar|Protect|p1a: Magmar
|-singleturn|p1a: Magmar|Protect
|move|p2b: Rumples|Expanding Force|p1a: Magmar
|-activate|p1a: Magmar|move: Protect
|move|p1b: Rillaboom|Wood Hammer|p2b: Rumples
|-damage|p2b: Rumples|0 fnt
|faint|p2b: Rumples
|-damage|p1b: Rillaboom|92/100|[from] Recoil
|
|-weather|SunnyDay|[upkeep]
|-heal|p1a: Magmar|46/100|[from] Grassy Terrain
|-heal|p1b: Rillaboom|98/100|[from] Grassy Terrain
|upkeep
|inactive|Trestkon has 30 seconds left.
|
|t:|1756387757
|switch|p2b: Ursaluna|Ursaluna-Bloodmoon, L50, M|100/100
|turn|4
|
|t:|1756387772
|switch|p2b: Dermezel|Indeedee-F, L50, F|74/100
|-fieldstart|move: Psychic Terrain|[from] ability: Psychic Surge|[of] p2b: Dermezel
|-terastallize|p1b: Rillaboom|Fire
|move|p1a: Magmar|Heat Wave|p2a: Dr. Love|[spread] p2b
|-miss|p1a: Magmar|p2a: Dr. Love
|-damage|p2b: Dermezel|39/100
|move|p1b: Rillaboom|Wood Hammer|p2b: Dermezel
|-damage|p2b: Dermezel|0 fnt
|faint|p2b: Dermezel
|-damage|p1b: Rillaboom|86/100|[from] Recoil
|move|p2a: Dr. Love|Eruption|p1b: Rillaboom|[spread] p1a,p1b
|-resisted|p1a: Magmar
|-resisted|p1b: Rillaboom
|-damage|p1a: Magmar|10/100
|-damage|p1b: Rillaboom|56/100
|
|-weather|SunnyDay|[upkeep]
|upkeep
|
|t:|1756387788
|switch|p2b: Ursaluna|Ursaluna-Bloodmoon, L50, M|100/100
|turn|5
|
|t:|1756387800
|switch|p1b: Dondozo|Dondozo, L50, M|100/100
|move|p1a: Magmar|Protect|p1a: Magmar
|-singleturn|p1a: Magmar|Protect
|move|p2a: Dr. Love|Protect|p2a: Dr. Love
|-singleturn|p2a: Dr. Love|Protect
|move|p2b: Ursaluna|Earth Power|p1b: Dondozo
|-damage|p1b: Dondozo|55/100
|
|-weather|none
|-heal|p1b: Dondozo|61/100|[from] item: Leftovers
|upkeep
|turn|6
|
|t:|1756387814
|move|p1a: Magmar|Heat Wave|p2b: Ursaluna|[spread] p2a,p2b
|-resisted|p2a: Dr. Love
|-damage|p2a: Dr. Love|85/100
|-damage|p2b: Ursaluna|73/100
|move|p1b: Dondozo|Wave Crash|p2a: Dr. Love
|-supereffective|p2a: Dr. Love
|-damage|p2a: Dr. Love|0 fnt
|faint|p2a: Dr. Love
|-damage|p1b: Dondozo|41/100|[from] Recoil
|move|p2b: Ursaluna|Hyper Voice|p1b: Dondozo|[spread] p1a,p1b
|-damage|p1a: Magmar|0 fnt
|-damage|p1b: Dondozo|6/100
|faint|p1a: Magmar
|-enditem|p2b: Ursaluna|Throat Spray
|-boost|p2b: Ursaluna|spa|1|[from] item: Throat Spray
|
|-heal|p1b: Dondozo|12/100|[from] item: Leftovers
|upkeep
|
|t:|1756387826
|switch|p1a: Rillaboom|Rillaboom, L50, M, tera:Fire|56/100
|-fieldstart|move: Grassy Terrain|[from] ability: Grassy Surge|[of] p1a: Rillaboom
|turn|7
|
|t:|1756387830
|move|p1a: Rillaboom|Fake Out|p2b: Ursaluna
|-damage|p2b: Ursaluna|64/100
|move|p1b: Dondozo|Wave Crash|p2b: Ursaluna
|-supereffective|p2b: Ursaluna
|-damage|p2b: Ursaluna|0 fnt
|faint|p2b: Ursaluna
|-damage|p1b: Dondozo|0 fnt|[from] Recoil
|faint|p1b: Dondozo
|
|win|SongokuVG Fr
||Trestkon is ready for game 2.
||SongokuVG Fr is ready for game 2.
|uhtml|next|Next: Game 2 of 3
|l|☆SongokuVG Fr
|player|p1|
