|j|☆SRareFox
|j|☆Testbericht2
|html|SRareFoxTestbericht2    
|uhtml|bestof|Game 2 of a best-of-3
|t:|1754563467
|gametype|doubles
|player|p1|SRareFox|1|1284
|player|p2|Testbericht2|1|1322
|gen|9
|tier|[Gen 9] VGC 2025 Reg H (Bo3)
|rated|
|rule|Species Clause: Limit one of each Pokémon
|rule|Item Clause: Limit 1 of each item
|clearpoke
|poke|p1|Hatterene, L50, F|
|poke|p1|Indeedee-F, L50, F|
|poke|p1|Gallade, L50, M|
|poke|p1|Ursaluna, L50, F|
|poke|p1|Torkoal, L50, M|
|poke|p1|Porygon2, L50|
|poke|p2|Politoed, L50, F|
|poke|p2|Gothitelle, L50, F|
|poke|p2|Kingdra, L50, F|
|poke|p2|Archaludon, L50, M|
|poke|p2|Amoonguss, L50, M|
|poke|p2|Incineroar, L50, F|
|teampreview|4
|showteam|p1|Hatterene||LifeOrb|MagicBounce|ExpandingForce,DazzlingGleam,TrickRoom,MysticalFire|||F|||50|,,,,,Fire]Indeedee-F||SafetyGoggles|PsychicSurge|Psychic,FollowMe,TrickRoom,HelpingHand|||F|||50|,,,,,Water]Gallade||ClearAmulet|Sharpness|PsychoCut,SacredSword,TrickRoom,WideGuard|||M|||50|,,,,,Grass]Ursaluna||FlameOrb|Guts|Facade,HeadlongRush,Earthquake,Protect|||F|||50|,,,,,Ghost]Torkoal||Charcoal|Drought|Eruption,WeatherBall,ClearSmog,Protect|||M|||50|,,,,,Fire]Porygon2||Eviolite|Download|IceBeam,TeraBlast,TrickRoom,Recover||||||50|,,,,,Flying
|showteam|p2|Politoed||Leftovers|Drizzle|PerishSong,WeatherBall,Protect,Encore|||F|||50|,,,,,Grass]Gothitelle||SitrusBerry|ShadowTag|Psychic,FakeOut,TrickRoom,Protect|||F|||50|,,,,,Dark]Kingdra||LifeOrb|SwiftSwim|DracoMeteor,MuddyWater,WeatherBall,Protect|||F|||50|,,,,,Stellar]Archaludon||PowerHerb|Sturdy|ElectroShot,DragonPulse,FlashCannon,Protect|||M|||50|,,,,,Electric]Amoonguss||EjectButton|Regenerator|Spore,PollenPuff,RagePowder,Protect|||M|||50|,,,,,Fairy]Incineroar||SafetyGoggles|Intimidate|FakeOut,KnockOff,PartingShot,Protect|||F|||50|,,,,,Ghost
|inactive|Battle timer is ON: inactive players will automatically lose when time's up. (requested by SRareFox)
|inactive|Testbericht2 has 60 seconds left.
|
|t:|1754563509
|teamsize|p1|4
|teamsize|p2|4
|start
|switch|p1a: Hatterene|Hatterene, L50, F|100/100
|switch|p1b: Indeedee|Indeedee-F, L50, F|100/100
|switch|p2a: Gothitelle|Gothitelle, L50, F|100/100
|switch|p2b: Kingdra|Kingdra, L50, F|100/100
|-fieldstart|move: Psychic Terrain|[from] ability: Psychic Surge|[of] p1b: Indeedee
|turn|1
|inactive|SRareFox has 30 seconds left.
|
|t:|1754563540
|switch|p2a: Politoed|Politoed, L50, F|100/100
|-weather|RainDance|[from] ability: Drizzle|[of] p2a: Politoed
|-terastallize|p2b: Kingdra|Stellar
|move|p1b: Indeedee|Follow Me|p1b: Indeedee
|-singleturn|p1b: Indeedee|move: Follow Me
|move|p2b: Kingdra|Muddy Water|p1b: Indeedee|[spread] p1a,p1b
|-damage|p1a: Hatterene|8/100
|-damage|p1b: Indeedee|18/100
|-damage|p2b: Kingdra|90/100|[from] item: Life Orb
|move|p1a: Hatterene|Expanding Force|p2b: Kingdra|[spread] p2a,p2b
|-damage|p2a: Politoed|35/100
|-damage|p2b: Kingdra|0 fnt
|faint|p2b: Kingdra
|-damage|p1a: Hatterene|0 fnt|[from] item: Life Orb
|faint|p1a: Hatterene
|
|-weather|RainDance|[upkeep]
|-heal|p2a: Politoed|41/100|[from] item: Leftovers
|upkeep
|
|t:|1754563564
|switch|p2b: Gothitelle|Gothitelle, L50, F|100/100
|switch|p1a: Gallade|Gallade, L50, M|100/100
|turn|2
|inactive|SRareFox has 30 seconds left.
|inactive|Testbericht2 has 30 seconds left.
|inactive|Testbericht2 has 20 seconds left.
|
|t:|1754563599
|-terastallize|p1a: Gallade|Grass
|move|p2a: Politoed|Protect|p2a: Politoed
|-singleturn|p2a: Politoed|Protect
|move|p1b: Indeedee|Follow Me|p1b: Indeedee
|-singleturn|p1b: Indeedee|move: Follow Me
|move|p2b: Gothitelle|Psychic|p1b: Indeedee
|-resisted|p1b: Indeedee
|-damage|p1b: Indeedee|0 fnt
|faint|p1b: Indeedee
|move|p1a: Gallade|Trick Room|p1a: Gallade
|-fieldstart|move: Trick Room|[of] p1a: Gallade
|
|-weather|RainDance|[upkeep]
|-heal|p2a: Politoed|47/100|[from] item: Leftovers
|upkeep
|
|t:|1754563610
|switch|p1b: Torkoal|Torkoal, L50, M|100/100
|-weather|SunnyDay|[from] ability: Drought|[of] p1b: Torkoal
|turn|3
|inactive|Testbericht2 has 30 seconds left.
|inactive|Testbericht2 has 20 seconds left.
|inactive|Testbericht2 has 15 seconds left.
|
|t:|1754563651
|switch|p2b: Incineroar|Incineroar, L50, F|100/100
|-ability|p2b: Incineroar|Intimidate|boost
|-fail|p1a: Gallade|unboost|[from] item: Clear Amulet|[of] p1a: Gallade
|-unboost|p1b: Torkoal|atk|1
|move|p1b: Torkoal|Eruption|p2b: Incineroar|[spread] p2a,p2b
|-resisted|p2a: Politoed
|-resisted|p2b: Incineroar
|-damage|p2a: Politoed|13/100
|-damage|p2b: Incineroar|73/100
|move|p1a: Gallade|Sacred Sword|p2a: Politoed
|-damage|p2a: Politoed|0 fnt
|faint|p2a: Politoed
|
|-weather|SunnyDay|[upkeep]
|upkeep
|
|t:|1754563664
|switch|p2a: Gothitelle|Gothitelle, L50, F|100/100
|turn|4
|
|t:|1754563693
|move|p2b: Incineroar|Protect|p2b: Incineroar
|-singleturn|p2b: Incineroar|Protect
|move|p1b: Torkoal|Eruption|p2a: Gothitelle|[spread] p2a
|-activate|p2b: Incineroar|move: Protect
|-damage|p2a: Gothitelle|38/100
|-enditem|p2a: Gothitelle|Sitrus Berry|[eat]
|-heal|p2a: Gothitelle|63/100|[from] item: Sitrus Berry
|move|p2a: Gothitelle|Psychic|p1b: Torkoal
|-damage|p1b: Torkoal|51/100
|move|p1a: Gallade|Sacred Sword|p2b: Incineroar
|-activate|p2b: Incineroar|move: Protect
|
|-weather|SunnyDay|[upkeep]
|upkeep
|turn|5
|inactive|SRareFox has 30 seconds left.
|inactive|Testbericht2 has 30 seconds left.
|inactive|SRareFox has 20 seconds left.
|
|t:|1754563730
|move|p1b: Torkoal|Weather Ball|p2a: Gothitelle
|-damage|p2a: Gothitelle|5/100
|move|p2b: Incineroar|Knock Off|p1a: Gallade
|-damage|p1a: Gallade|50/100
|-enditem|p1a: Gallade|Clear Amulet|[from] move: Knock Off|[of] p2b: Incineroar
|move|p2a: Gothitelle|Psychic|p1a: Gallade
|-damage|p1a: Gallade|16/100
|move|p1a: Gallade|Sacred Sword|p2b: Incineroar
|-supereffective|p2b: Incineroar
|-damage|p2b: Incineroar|0 fnt
|faint|p2b: Incineroar
|
|-weather|SunnyDay|[upkeep]
|-fieldend|move: Psychic Terrain
|upkeep
|turn|6
|
|t:|1754563746
|move|p1b: Torkoal|Weather Ball|p2a: Gothitelle
|-damage|p2a: Gothitelle|0 fnt
|faint|p2a: Gothitelle
|
|win|SRareFox
|raw|SRareFox's rating: 1284 → 1312(+28 for winning)
|raw|Testbericht2's rating: 1322 → 1300(-22 for losing)
