|j|☆Inteligent8pro
|j|☆vglabmty
|html|Inteligent8provglabmty    
|uhtml|bestof|Game 3 of a best-of-3
|t:|1786053825
|gametype|doubles
|player|p1|Inteligent8pro|elesa|1124
|player|p2|vglabmty|170|1159
|gen|9
|tier|[Gen 9 Champions] VGC 2026 Reg M-B (Bo3)
|rated|
|rule|Species Clause: Limit one of each Pokémon
|rule|Item Clause: Limit 1 of each item
|clearpoke
|poke|p1|Blaziken, L50, F|
|poke|p1|Venusaur, L50, F|
|poke|p1|Kingambit, L50, F|
|poke|p1|Ninetales-Alola, L50, F|
|poke|p1|Lycanroc-Dusk, L50, F|
|poke|p1|Basculegion, L50, M|
|poke|p2|Excadrill, L50, M|
|poke|p2|Sinistcha-Masterpiece, L50|
|poke|p2|Tyranitar, L50, M|
|poke|p2|Froslass, L50, F|
|poke|p2|Sneasler, L50, F|
|poke|p2|Kingambit, L50, F|
|teampreview|4
|showteam|p1|Blaziken||Blazikenite|SpeedBoost|FlareBlitz,CloseCombat,RockSlide,Detect|Adamant||F|||50|]Venusaur||Venusaurite|Chlorophyll|GigaDrain,SludgeBomb,EarthPower,Protect|Modest||F|||50|]Kingambit||LifeOrb|Defiant|KowtowCleave,SuckerPunch,IronHead,Protect|Adamant||F|||50|]Ninetales-Alola||NeverMeltIce|SnowWarning|Blizzard,FreezeDry,Encore,Protect|Timid||F|||50|]Lycanroc-Dusk||FocusSash|ToughClaws|RockSlide,Accelerock,CloseCombat,Protect|Adamant||F|||50|]Basculegion||ChoiceScarf|Adaptability|LastRespects,WaveCrash,AquaJet,FlipTurn|Jolly||M|||50|
|showteam|p2|Excadrill||FocusSash|SandRush|Protect,HighHorsepower,IronHead,BrickBreak|Adamant||M|||50|]Sinistcha-Masterpiece||ColburBerry|Hospitality|MatchaGotcha,RagePowder,Scald,Protect|Calm|||||50|]Tyranitar||Tyranitarite|SandStream|KnockOff,RockSlide,Protect,HelpingHand|Adamant||M|||50|]Froslass||Froslassite|CursedBody|Thunderbolt,Protect,Blizzard,ShadowBall|Timid||F|||50|]Sneasler||WhiteHerb|Unburden|FakeOut,DireClaw,CloseCombat,Protect|Adamant||F|||50|]Kingambit||BlackGlasses|Defiant|Protect,IronHead,SuckerPunch,KowtowCleave|Adamant||F|||50|
|
|t:|1786053859
|teamsize|p1|4
|teamsize|p2|4
|start
|switch|p1a: Venusaur|Venusaur, L50, F|100/100
|switch|p1b: Blaziken|Blaziken, L50, F|100/100
|switch|p2a: Sneasler|Sneasler, L50, F|100/100
|switch|p2b: Kingambit|Kingambit, L50, F|100/100
|turn|1
|inactive|Battle timer is ON: inactive players will automatically lose when time's up. (requested by Inteligent8pro)
|c|☆vglabmty|tuviste suerte en la primer partida, ya no se va a repetir
|inactive|Inteligent8pro has 60 seconds left.
|
|t:|1786053897
|move|p1b: Blaziken|Detect|p1b: Blaziken
|-singleturn|p1b: Blaziken|Protect
|move|p1a: Venusaur|Protect|p1a: Venusaur
|-singleturn|p1a: Venusaur|Protect
|move|p2a: Sneasler|Fake Out|p1b: Blaziken
|-activate|p1b: Blaziken|move: Protect
|move|p2b: Kingambit|Kowtow Cleave|p1a: Venusaur
|-activate|p1a: Venusaur|move: Protect
|
|-ability|p1b: Blaziken|Speed Boost|boost
|-boost|p1b: Blaziken|spe|1
|upkeep
|turn|2
|inactive|Inteligent8pro has 30 seconds left.
|
|t:|1786053930
|switch|p2b: Sinistcha|Sinistcha-Masterpiece, L50|100/100
|detailschange|p1a: Venusaur|Venusaur-Mega, L50, F
|-mega|p1a: Venusaur|Venusaur|Venusaurite
|move|p1b: Blaziken|Flare Blitz|p2a: Sneasler
|-damage|p2a: Sneasler|0 fnt
|faint|p2a: Sneasler
|-damage|p1b: Blaziken|68/100|[from] Recoil
|move|p1a: Venusaur|Earth Power|p2b: Sinistcha
|-resisted|p2b: Sinistcha|1
|-damage|p2b: Sinistcha|86/100
|
|-ability|p1b: Blaziken|Speed Boost|boost
|-boost|p1b: Blaziken|spe|1
|upkeep
|inactive|vglabmty has 30 seconds left.
|
|t:|1786053959
|switch|p2a: Tyranitar|Tyranitar, L50, M|100/100
|-weather|Sandstorm|[from] ability: Sand Stream|[of] p2a: Tyranitar
|turn|3
|inactive|Inteligent8pro has 30 seconds left.
|
|t:|1786053990
|detailschange|p2a: Tyranitar|Tyranitar-Mega, L50, M
|-mega|p2a: Tyranitar|Tyranitar|Tyranitarite
|move|p1b: Blaziken|Detect|p1b: Blaziken
|-singleturn|p1b: Blaziken|Protect
|move|p2b: Sinistcha|Rage Powder|p2b: Sinistcha
|-singleturn|p2b: Sinistcha|move: Rage Powder
|move|p2a: Tyranitar|Rock Slide|p1a: Venusaur|[spread] p1a
|-activate|p1b: Blaziken|move: Protect
|-damage|p1a: Venusaur|74/100
|move|p1a: Venusaur|Giga Drain|p2a: Tyranitar
|-supereffective|p2a: Tyranitar|1
|-damage|p2a: Tyranitar|62/100
|-heal|p1a: Venusaur|93/100|[from] drain|[of] p2a: Tyranitar
|
|-weather|Sandstorm|[upkeep]
|-damage|p1b: Blaziken|62/100|[from] Sandstorm
|-damage|p1a: Venusaur|87/100|[from] Sandstorm
|-damage|p2b: Sinistcha|80/100|[from] Sandstorm
|-ability|p1b: Blaziken|Speed Boost|boost
|-boost|p1b: Blaziken|spe|1
|upkeep
|turn|4
|inactive|Inteligent8pro has 30 seconds left.
|
|t:|1786054021
|move|p1b: Blaziken|Flare Blitz|p2b: Sinistcha
|-supereffective|p2b: Sinistcha|1
|-damage|p2b: Sinistcha|0 fnt
|faint|p2b: Sinistcha
|-damage|p1b: Blaziken|33/100|[from] Recoil
|move|p2a: Tyranitar|Rock Slide|p1b: Blaziken|[spread] p1a,p1b
|-crit|p1b: Blaziken
|-damage|p1a: Venusaur|63/100
|-damage|p1b: Blaziken|0 fnt
|faint|p1b: Blaziken
|move|p1a: Venusaur|Giga Drain|p2a: Tyranitar
|-supereffective|p2a: Tyranitar|1
|-damage|p2a: Tyranitar|26/100
|-heal|p1a: Venusaur|81/100|[from] drain|[of] p2a: Tyranitar
|
|-weather|Sandstorm|[upkeep]
|-damage|p1a: Venusaur|75/100|[from] Sandstorm
|upkeep
|
|t:|1786054044
|switch|p1b: Lycanroc|Lycanroc-Dusk, L50, F|100/100
|switch|p2b: Kingambit|Kingambit, L50, F|100/100
|turn|5
|inactive|vglabmty has 30 seconds left.
|
|t:|1786054075
|move|p1b: Lycanroc|Protect|p1b: Lycanroc
|-singleturn|p1b: Lycanroc|Protect
|move|p2a: Tyranitar|Protect|p2a: Tyranitar
|-singleturn|p2a: Tyranitar|Protect
|move|p2b: Kingambit|Protect|p2b: Kingambit
|-singleturn|p2b: Kingambit|Protect
|move|p1a: Venusaur|Giga Drain|p2a: Tyranitar
|-activate|p2a: Tyranitar|move: Protect
|
|-weather|Sandstorm|[upkeep]
|-damage|p1a: Venusaur|69/100|[from] Sandstorm
|upkeep
|turn|6
|inactive|Inteligent8pro has 30 seconds left.
|
|t:|1786054101
|move|p2a: Tyranitar|Helping Hand|p2b: Kingambit
|-singleturn|p2b: Kingambit|Helping Hand|[of] p2a: Tyranitar
|move|p2b: Kingambit|Sucker Punch|p1a: Venusaur
|-crit|p1a: Venusaur
|-damage|p1a: Venusaur|0 fnt
|faint|p1a: Venusaur
|move|p1b: Lycanroc|Close Combat|p2b: Kingambit
|-supereffective|p2b: Kingambit|2
|-damage|p2b: Kingambit|0 fnt
|-unboost|p1b: Lycanroc|def|1
|-unboost|p1b: Lycanroc|spd|1
|faint|p2b: Kingambit
|
|-weather|Sandstorm|[upkeep]
|upkeep
|
|t:|1786054112
|switch|p1a: Basculegion|Basculegion, L50, M|100/100
|turn|7
|-message|vglabmty forfeited.
|
|win|Inteligent8pro
|raw|Inteligent8pro's rating: 1124 → 1152(+28 for winning)
|raw|vglabmty's rating: 1159 → 1131(-28 for losing)
|l|☆vglabmty
|player|p2|
|c|☆Inteligent8pro|xDDD
