|j|â˜†LorGhez
|j|â˜†cretaceousdraconid
|html|LorGhezcretaceousdraconid    
|uhtml|bestof|Game 3 of a best-of-3
|t:|1782452806
|gametype|doubles
|player|p1|LorGhez|101|1066
|player|p2|cretaceousdraconid|zinnia-masters|1183
|gen|9
|tier|[Gen 9 Champions] VGC 2026 Reg M-B (Bo3)
|rated|
|rule|Species Clause: Limit one of each PokÃ©mon
|rule|Item Clause: Limit 1 of each item
|clearpoke
|poke|p1|Sceptile, L50, M|
|poke|p1|Tinkaton, L50, F|
|poke|p1|Rotom-Wash, L50|
|poke|p1|Aerodactyl, L50, F|
|poke|p1|Gyarados, L50, F|
|poke|p1|Kingambit, L50, M|
|poke|p2|Pyroar, L50, M|
|poke|p2|Vileplume, L50, M|
|poke|p2|Torkoal, L50, M|
|poke|p2|Farigiraf, L50, F|
|poke|p2|Incineroar, L50, M|
|poke|p2|Floette-Eternal, L50, F|
|teampreview|4
|showteam|p1|Sceptile||Sceptilite|Overgrow|Protect,GrassKnot,DragonPulse,EarthPower|Timid||M|||50|]Tinkaton||FocusSash|MoldBreaker|Protect,FakeOut,GigatonHammer,PlayRough|Adamant||F|||50|]Rotom-Wash||ChoiceScarf|Levitate|WillOWisp,Discharge,HydroPump,LightScreen|Timid|||||50|]Aerodactyl||Aerodactylite|RockHead|Protect,Tailwind,RockSlide,DualWingbeat|Jolly||F|||50|]Gyarados||ExpertBelt|Intimidate|Protect,DragonCheer,Waterfall,TemperFlare|Jolly||F|||50|]Kingambit||ChopleBerry|Defiant|Protect,SuckerPunch,KowtowCleave,LowKick|Adamant||M|||50|
|showteam|p2|Pyroar||Pyroarite|Unnerve|HeatWave,Overheat,SolarBeam,Protect|Timid||M|||50|]Vileplume||FocusSash|Chlorophyll|SleepPowder,SludgeBomb,AfterYou,SolarBeam|Modest||M|||50|]Torkoal||Charcoal|Drought|Eruption,WeatherBall,HelpingHand,Protect|Modest||M|||50|]Farigiraf||SitrusBerry|ArmorTail|HelpingHand,Psychic,Thunderbolt,TrickRoom|Quiet||F|||50|]Incineroar||WhiteHerb|Intimidate|FakeOut,DarkestLariat,FlareBlitz,CloseCombat|Brave||M|||50|]Floette-Eternal||Floettite|FlowerVeil|Moonblast,DrainingKiss,CalmMind,Protect|Modest||F|||50|
|inactive|Battle timer is ON: inactive players will automatically lose when time's up. (requested by LorGhez)
|inactive|LorGhez has 60 seconds left.
|inactive|cretaceousdraconid has 60 seconds left.
|
|t:|1782452852
|teamsize|p1|4
|teamsize|p2|4
|start
|switch|p1a: Aerodactyl|Aerodactyl, L50, F|100/100
|switch|p1b: Tinkaton|Tinkaton, L50, F|100/100
|switch|p2a: Incineroar|Incineroar, L50, M|100/100
|switch|p2b: Farigiraf|Farigiraf, L50, F|100/100
|-ability|p1b: Tinkaton|Mold Breaker
|-ability|p2a: Incineroar|Intimidate|boost
|-unboost|p1a: Aerodactyl|atk|1
|-unboost|p1b: Tinkaton|atk|1
|turn|1
|
|t:|1782452868
|detailschange|p1a: Aerodactyl|Aerodactyl-Mega, L50, F
|-mega|p1a: Aerodactyl|Aerodactyl|Aerodactylite
|move|p1b: Tinkaton|Fake Out|p2a: Incineroar
|-damage|p2a: Incineroar|93/100
|cant|p2a: Incineroar|flinch
|move|p1a: Aerodactyl|Rock Slide|p2a: Incineroar|[spread] p2a,p2b
|-supereffective|p2a: Incineroar|1
|-damage|p2a: Incineroar|54/100
|-damage|p2b: Farigiraf|81/100
|cant|p2b: Farigiraf|flinch
|
|upkeep
|turn|2
|
|t:|1782452889
|move|p1a: Aerodactyl|Rock Slide|p2b: Farigiraf|[spread] p2a,p2b
|-supereffective|p2a: Incineroar|1
|-crit|p2b: Farigiraf
|-damage|p2a: Incineroar|19/100
|-damage|p2b: Farigiraf|33/100
|-enditem|p2b: Farigiraf|Sitrus Berry|[eat]
|-heal|p2b: Farigiraf|58/100|[from] item: Sitrus Berry
|move|p1b: Tinkaton|Gigaton Hammer|p2b: Farigiraf
|-damage|p2b: Farigiraf|13/100
|move|p2a: Incineroar|Flare Blitz|p1b: Tinkaton
|-supereffective|p1b: Tinkaton|1
|-enditem|p1b: Tinkaton|Focus Sash
|-damage|p1b: Tinkaton|1/100
|-damage|p2a: Incineroar|0 fnt|[from] Recoil
|faint|p2a: Incineroar
|move|p2b: Farigiraf|Trick Room|p2b: Farigiraf
|-fieldstart|move: Trick Room|[of] p2b: Farigiraf
|
|upkeep
|
|t:|1782452904
|switch|p2a: Torkoal|Torkoal, L50, M|100/100
|-weather|SunnyDay|[from] ability: Drought|[of] p2a: Torkoal
|turn|3
|
|t:|1782452912
|switch|p1b: Gyarados|Gyarados, L50, F|100/100
|-ability|p1b: Gyarados|Intimidate|boost
|-unboost|p2a: Torkoal|atk|1
|-unboost|p2b: Farigiraf|atk|1
|move|p2b: Farigiraf|Helping Hand|p2a: Torkoal
|-singleturn|p2a: Torkoal|Helping Hand|[of] p2b: Farigiraf
|move|p1a: Aerodactyl|Protect|p1a: Aerodactyl
|-singleturn|p1a: Aerodactyl|Protect
|move|p2a: Torkoal|Eruption|p1a: Aerodactyl|[spread] p1b
|-activate|p1a: Aerodactyl|move: Protect
|-resisted|p1b: Gyarados|1
|-damage|p1b: Gyarados|31/100
|
|-weather|SunnyDay|[upkeep]
|upkeep
|turn|4
|
|t:|1782452935
|move|p2b: Farigiraf|Helping Hand|p2a: Torkoal
|-singleturn|p2a: Torkoal|Helping Hand|[of] p2b: Farigiraf
|move|p2a: Torkoal|Eruption|p1b: Gyarados|[spread] p1a,p1b
|-resisted|p1a: Aerodactyl|1
|-resisted|p1b: Gyarados|1
|-damage|p1a: Aerodactyl|18/100
|-damage|p1b: Gyarados|0 fnt
|faint|p1b: Gyarados
|move|p1a: Aerodactyl|Rock Slide|p2a: Torkoal|[spread] p2a,p2b
|-supereffective|p2a: Torkoal|1
|-damage|p2a: Torkoal|71/100
|-damage|p2b: Farigiraf|0 fnt
|faint|p2b: Farigiraf
|
|-weather|SunnyDay|[upkeep]
|upkeep
|
|t:|1782452947
|switch|p2b: Floette|Floette-Eternal, L50, F|100/100
|switch|p1b: Tinkaton|Tinkaton, L50, F|1/100
|-ability|p1b: Tinkaton|Mold Breaker
|turn|5
|
|t:|1782452968
|detailschange|p2b: Floette|Floette-Mega, L50, F
|-mega|p2b: Floette|Floette|Floettite
|-ability|p2b: Floette|Fairy Aura
|move|p1b: Tinkaton|Fake Out|p2a: Torkoal
|-damage|p2a: Torkoal|62/100
|cant|p2a: Torkoal|flinch
|move|p2b: Floette|Moonblast|p1b: Tinkaton
|-resisted|p1b: Tinkaton|1
|-damage|p1b: Tinkaton|0 fnt
|faint|p1b: Tinkaton
|move|p1a: Aerodactyl|Rock Slide|p2a: Torkoal|[spread] p2b
|-miss|p1a: Aerodactyl|p2a: Torkoal
|-damage|p2b: Floette|77/100
|
|-weather|SunnyDay|[upkeep]
|upkeep
|
|t:|1782452983
|switch|p1b: Kingambit|Kingambit, L50, M|100/100
|turn|6
|
|t:|1782452990
|move|p1b: Kingambit|Protect|p1b: Kingambit
|-singleturn|p1b: Kingambit|Protect
|move|p1a: Aerodactyl|Protect|p1a: Aerodactyl
|-singleturn|p1a: Aerodactyl|Protect
|move|p2a: Torkoal|Weather Ball|p1b: Kingambit
|-activate|p1b: Kingambit|move: Protect
|move|p2b: Floette|Calm Mind|p2b: Floette
|-boost|p2b: Floette|spa|1
|-boost|p2b: Floette|spd|1
|
|-weather|SunnyDay|[upkeep]
|-fieldend|move: Trick Room
|upkeep
|turn|7
|
|t:|1782453005
|move|p1a: Aerodactyl|Rock Slide|p2b: Floette|[spread] p2a,p2b
|-supereffective|p2a: Torkoal|1
|-crit|p2b: Floette
|-damage|p2a: Torkoal|31/100
|-damage|p2b: Floette|24/100
|move|p2b: Floette|Draining Kiss|p1a: Aerodactyl
|-damage|p1a: Aerodactyl|0 fnt
|-heal|p2b: Floette|37/100|[from] drain|[of] p1a: Aerodactyl
|faint|p1a: Aerodactyl
|move|p1b: Kingambit|Kowtow Cleave|p2a: Torkoal
|-damage|p2a: Torkoal|0 fnt
|faint|p2a: Torkoal
|
|-weather|none
|upkeep
|turn|8
|
|t:|1782453023
|move|p1b: Kingambit|Sucker Punch|p2b: Floette
|-resisted|p2b: Floette|1
|-damage|p2b: Floette|13/100
|move|p2b: Floette|Draining Kiss|p1b: Kingambit
|-damage|p1b: Kingambit|34/100
|-heal|p2b: Floette|72/100|[from] drain|[of] p1b: Kingambit
|
|upkeep
|turn|9
|
|t:|1782453038
|move|p2b: Floette|Draining Kiss|p1b: Kingambit
|-damage|p1b: Kingambit|0 fnt
|-heal|p2b: Floette|100/100|[from] drain|[of] p1b: Kingambit
|faint|p1b: Kingambit
|
|win|cretaceousdraconid
|raw|LorGhez's rating: 1066 → 1053(-13 for losing)
|raw|cretaceousdraconid's rating: 1183 → 1200(+17 for winning)
