|j|☆Trestkon
|j|☆furretusedpunch
|html|Trestkonfurretusedpunch    
|uhtml|bestof|Game 2 of a best-of-3
|t:|1757827422
|gametype|doubles
|player|p1|Trestkon|102|1316
|player|p2|furretusedpunch|lacey|1330
|gen|9
|tier|[Gen 9] VGC 2025 Reg H (Bo3)
|rated|
|rule|Species Clause: Limit one of each Pokémon
|rule|Item Clause: Limit 1 of each item
|clearpoke
|poke|p1|Indeedee-F, L50, F|
|poke|p1|Gallade, L50, M|
|poke|p1|Torkoal, L50, F|
|poke|p1|Kingambit, L50, F|
|poke|p1|Armarouge, L50, M|
|poke|p1|Exeggutor, L50, F|
|poke|p2|Gholdengo, L50|
|poke|p2|Sneasler, L50, M|
|poke|p2|Rillaboom, L50, M|
|poke|p2|Dragonite, L50, F|
|poke|p2|Ninetales-Alola, L50, F|
|poke|p2|Incineroar, L50, M|
|teampreview|4
|showteam|p1|Indeedee-F||SafetyGoggles|PsychicSurge|FollowMe,Psychic,HelpingHand,TrickRoom|||F|||50|,,,,,Fairy]Gallade||ClearAmulet|Sharpness|PsychoCut,SacredSword,WideGuard,TrickRoom|||M|||50|,,,,,Steel]Torkoal||Charcoal|Drought|Eruption,WeatherBall,ClearSmog,Protect|||F|||50|,,,,,Fire]Kingambit||BlackGlasses|Defiant|SwordsDance,KowtowCleave,LowKick,Protect|||F|||50|,,,,,Dark]Armarouge||PowerHerb|FlashFire|ArmorCannon,ExpandingForce,MeteorBeam,TrickRoom|||M|||50|,,,,,Grass]Exeggutor||FocusSash|Chlorophyll|TrickRoom,ExpandingForce,EnergyBall,SleepPowder|||F|||50|,,,,,Psychic
|showteam|p2|Gholdengo||LifeOrb|GoodasGold|NastyPlot,MakeItRain,ShadowBall,Protect||||||50|,,,,,Water]Sneasler||WhiteHerb|Unburden|CloseCombat,DireClaw,Coaching,Protect|||M|||50|,,,,,Ghost]Rillaboom||AssaultVest|GrassySurge|FakeOut,GrassyGlide,DrumBeating,HighHorsepower|||M|||50|,,,,,Fire]Dragonite||LoadedDice|Multiscale|ScaleShot,StompingTantrum,Tailwind,Protect|||F|||50|,,,,,Ground]Ninetales-Alola||FocusSash|SnowWarning|IcyWind,Encore,FreezeDry,Blizzard|||F|||50|,,,,,Ghost]Incineroar||SitrusBerry|Intimidate|FlareBlitz,KnockOff,FakeOut,PartingShot|||M|||50|,,,,,Ghost
|
|t:|1757827467
|teamsize|p1|4
|teamsize|p2|4
|start
|switch|p1a: Dr. Love|Torkoal, L50, F|100/100
|switch|p1b: Rumples|Exeggutor, L50, F|100/100
|switch|p2a: Gholdengo|Gholdengo, L50|100/100
|switch|p2b: Incineroar|Incineroar, L50, M|100/100
|-ability|p2b: Incineroar|Intimidate|boost
|-unboost|p1a: Dr. Love|atk|1
|-unboost|p1b: Rumples|atk|1
|-weather|SunnyDay|[from] ability: Drought|[of] p1a: Dr. Love
|turn|1
|
|t:|1757827493
|move|p1b: Rumples|Sleep Powder|p2b: Incineroar
|-status|p2b: Incineroar|slp|[from] move: Sleep Powder
|move|p2a: Gholdengo|Shadow Ball|p1a: Dr. Love
|-damage|p1a: Dr. Love|25/100
|-damage|p2a: Gholdengo|91/100|[from] item: Life Orb
|cant|p2b: Incineroar|slp
|move|p1a: Dr. Love|Weather Ball|p2a: Gholdengo
|-supereffective|p2a: Gholdengo
|-damage|p2a: Gholdengo|0 fnt
|faint|p2a: Gholdengo
|
|-weather|SunnyDay|[upkeep]
|upkeep
|
|t:|1757827501
|switch|p2a: Dragonite|Dragonite, L50, F|100/100
|turn|2
|
|t:|1757827521
|switch|p1a: Rockman.EXE|Armarouge, L50, M|100/100
|move|p2a: Dragonite|Protect|p2a: Dragonite
|-singleturn|p2a: Dragonite|Protect
|move|p1b: Rumples|Sleep Powder|p2a: Dragonite
|-activate|p2a: Dragonite|move: Protect
|-curestatus|p2b: Incineroar|slp|[msg]
|move|p2b: Incineroar|Knock Off|p1b: Rumples
|-supereffective|p1b: Rumples
|-enditem|p1b: Rumples|Focus Sash
|-damage|p1b: Rumples|1/100
|
|-weather|SunnyDay|[upkeep]
|upkeep
|turn|3
|
|t:|1757827555
|-terastallize|p1a: Rockman.EXE|Grass
|move|p1b: Rumples|Sleep Powder|p2b: Incineroar|[miss]
|-miss|p1b: Rumples|p2b: Incineroar
|move|p2a: Dragonite|Scale Shot|p1a: Rockman.EXE
|-damage|p1a: Rockman.EXE|87/100
|-damage|p1a: Rockman.EXE|73/100
|-damage|p1a: Rockman.EXE|59/100
|-damage|p1a: Rockman.EXE|44/100
|-damage|p1a: Rockman.EXE|30/100
|-hitcount|p1a: Rockman.EXE|5
|-unboost|p2a: Dragonite|def|1
|-boost|p2a: Dragonite|spe|1
|move|p2b: Incineroar|Parting Shot|p1a: Rockman.EXE
|-unboost|p1a: Rockman.EXE|atk|1
|-unboost|p1a: Rockman.EXE|spa|1
|
|t:|1757827561
|switch|p2b: Rillaboom|Rillaboom, L50, M|100/100|[from] Parting Shot
|-fieldstart|move: Grassy Terrain|[from] ability: Grassy Surge|[of] p2b: Rillaboom
|move|p1a: Rockman.EXE|Trick Room|p1a: Rockman.EXE
|-fieldstart|move: Trick Room|[of] p1a: Rockman.EXE
|
|-weather|SunnyDay|[upkeep]
|-heal|p1a: Rockman.EXE|36/100|[from] Grassy Terrain
|-heal|p1b: Rumples|7/100|[from] Grassy Terrain
|upkeep
|turn|4
|
|t:|1757827586
|-terastallize|p2b: Rillaboom|Fire
|move|p1a: Rockman.EXE|Meteor Beam||[still]
|-prepare|p1a: Rockman.EXE|Meteor Beam
|-boost|p1a: Rockman.EXE|spa|1
|-enditem|p1a: Rockman.EXE|Power Herb
|-anim|p1a: Rockman.EXE|Meteor Beam|p2b: Rillaboom
|-supereffective|p2b: Rillaboom
|-damage|p2b: Rillaboom|33/100
|move|p2b: Rillaboom|Drum Beating|p1a: Rockman.EXE
|-resisted|p1a: Rockman.EXE
|-damage|p1a: Rockman.EXE|12/100
|-unboost|p1a: Rockman.EXE|spe|1
|move|p2a: Dragonite|Scale Shot|p1b: Rumples
|-damage|p1b: Rumples|0 fnt
|faint|p1b: Rumples
|-hitcount|p1: Rumples|1
|-unboost|p2a: Dragonite|def|1
|-boost|p2a: Dragonite|spe|1
|
|-weather|SunnyDay|[upkeep]
|-heal|p1a: Rockman.EXE|19/100|[from] Grassy Terrain
|-heal|p2b: Rillaboom|39/100|[from] Grassy Terrain
|upkeep
|
|t:|1757827609
|switch|p1b: Dermezel|Indeedee-F, L50, F|100/100
|-fieldstart|move: Psychic Terrain|[from] ability: Psychic Surge|[of] p1b: Dermezel
|turn|5
|
|t:|1757827621
|switch|p2b: Incineroar|Incineroar, L50, M|100/100
|-ability|p2b: Incineroar|Intimidate|boost
|-unboost|p1a: Rockman.EXE|atk|1
|-unboost|p1b: Dermezel|atk|1
|move|p2a: Dragonite|Protect|p2a: Dragonite
|-singleturn|p2a: Dragonite|Protect
|move|p1b: Dermezel|Follow Me|p1b: Dermezel
|-singleturn|p1b: Dermezel|move: Follow Me
|move|p1a: Rockman.EXE|Expanding Force|p2a: Dragonite|[spread] 
|-activate|p2a: Dragonite|move: Protect
|-immune|p2b: Incineroar
|
|-weather|none
|upkeep
|turn|6
|-message|Trestkon forfeited.
|
|win|furretusedpunch
|raw|Trestkon's rating: 1316 → 1297(-19 for losing)
|raw|furretusedpunch's rating: 1330 → 1349(+19 for winning)
|l|☆Trestkon
|player|p1|
|l|☆furretusedpunch
|player|p2|
