|j|☆dxmxim
|j|☆VYNCHIO
|html|dxmximVYNCHIO    
|uhtml|bestof|Game 1 of a best-of-3
|t:|1757845873
|gametype|doubles
|player|p1|dxmxim|265|1089
|player|p2|VYNCHIO|zinnia-masters|1162
|gen|9
|tier|[Gen 9] VGC 2025 Reg H (Bo3)
|rated|
|rule|Species Clause: Limit one of each Pokémon
|rule|Item Clause: Limit 1 of each item
|clearpoke
|poke|p1|Pelipper, L50, M|
|poke|p1|Archaludon, L50, F|
|poke|p1|Gholdengo, L50|
|poke|p1|Dragonite, L50, M|
|poke|p1|Incineroar, L50, F|
|poke|p1|Venonat, L50, M|
|poke|p2|Indeedee-F, L50, F|
|poke|p2|Hatterene, L50, F|
|poke|p2|Torkoal, L50, F|
|poke|p2|Gallade, L50, M|
|poke|p2|Ursaluna, L50, M|
|poke|p2|Annihilape, L50, F|
|teampreview|4
|showteam|p1|Pelipper||FocusSash|Drizzle|WideGuard,Hurricane,MuddyWater,Protect|||M|||50|,,,,,Ground]Archaludon||AssaultVest|Stamina|BodyPress,DragonPulse,FlashCannon,ElectroShot|||F|||50|,,,,,Electric]Gholdengo||LifeOrb|GoodasGold|ShadowBall,Protect,NastyPlot,MakeItRain||||||50|,,,,,Water]Dragonite||LoadedDice|Multiscale|ExtremeSpeed,ScaleShot,Haze,Tailwind|||M|||50|,,,,,Normal]Incineroar||SafetyGoggles|Intimidate|FakeOut,PartingShot,FlareBlitz,Protect|||F|||50|,,,,,Ghost]Venonat||Eviolite|CompoundEyes|RagePowder,SleepPowder,Toxic,MorningSun|||M|||50|,,,,,Grass
|showteam|p2|Indeedee-F||FocusSash|PsychicSurge|Psychic,TrickRoom,HelpingHand,FollowMe|||F|||50|,,,,,Grass]Hatterene||LifeOrb|MagicBounce|ExpandingForce,DazzlingGleam,ShadowBall,TrickRoom|||F|||50|,,,,,Fire]Torkoal||ChoiceSpecs|Drought|Eruption,WeatherBall,EarthPower,SolarBeam|||F|||50|,,,,,Fire]Gallade||ClearAmulet|Sharpness|SacredSword,PsychoCut,TrickRoom,WideGuard|||M|||50|,,,,,Water]Ursaluna||FlameOrb|Guts|Facade,Earthquake,HeadlongRush,Protect|||M|||50|,,,,,Normal]Annihilape||ChoiceScarf|Defiant|CloseCombat,ShadowClaw,Uturn,FinalGambit|||F|||50|,,,,,Stellar
|inactive|Battle timer is ON: inactive players will automatically lose when time's up. (requested by dxmxim)
|
|t:|1757845898
|teamsize|p1|4
|teamsize|p2|4
|start
|switch|p1a: Pelipper|Pelipper, L50, M|100/100
|switch|p1b: Archaludon|Archaludon, L50, F|100/100
|switch|p2a: MS. CYLVIE|Indeedee-F, L50, F, shiny|100/100
|switch|p2b: MR. FINN|Gallade, L50, M, shiny|100/100
|-weather|RainDance|[from] ability: Drizzle|[of] p1a: Pelipper
|-fieldstart|move: Psychic Terrain|[from] ability: Psychic Surge|[of] p2a: MS. CYLVIE
|turn|1
|c|☆dxmxim|shadow claw? no rage fist?
|c|☆VYNCHIO|yes
|
|t:|1757845915
|move|p2a: MS. CYLVIE|Follow Me|p2a: MS. CYLVIE
|-singleturn|p2a: MS. CYLVIE|move: Follow Me
|move|p1b: Archaludon|Electro Shot||[still]
|-prepare|p1b: Archaludon|Electro Shot
|-boost|p1b: Archaludon|spa|1
|-anim|p1b: Archaludon|Electro Shot|p2a: MS. CYLVIE
|-damage|p2a: MS. CYLVIE|37/100
|move|p1a: Pelipper|Hurricane|p2a: MS. CYLVIE
|-damage|p2a: MS. CYLVIE|0 fnt
|faint|p2a: MS. CYLVIE
|move|p2b: MR. FINN|Trick Room|p2b: MR. FINN
|-fieldstart|move: Trick Room|[of] p2b: MR. FINN
|
|-weather|RainDance|[upkeep]
|upkeep
|
|t:|1757845929
|switch|p2a: MR. Krakatoa|Torkoal, L50, F|100/100
|-weather|SunnyDay|[from] ability: Drought|[of] p2a: MR. Krakatoa
|turn|2
|
|t:|1757845941
|-terastallize|p2a: MR. Krakatoa|Fire
|move|p1a: Pelipper|Wide Guard|p1a: Pelipper
|-singleturn|p1a: Pelipper|Wide Guard
|move|p2a: MR. Krakatoa|Weather Ball|p1b: Archaludon
|-damage|p1b: Archaludon|0 fnt
|faint|p1b: Archaludon
|move|p2b: MR. FINN|Psycho Cut|p1a: Pelipper
|-damage|p1a: Pelipper|22/100
|
|-weather|SunnyDay|[upkeep]
|upkeep
|
|t:|1757845952
|switch|p1b: Dragonite|Dragonite, L50, M|100/100
|turn|3
|
|t:|1757845967
|move|p1a: Pelipper|Wide Guard|p1a: Pelipper
|-singleturn|p1a: Pelipper|Wide Guard
|move|p2a: MR. Krakatoa|Weather Ball|p1a: Pelipper
|-resisted|p1a: Pelipper
|-damage|p1a: Pelipper|0 fnt
|faint|p1a: Pelipper
|move|p2b: MR. FINN|Psycho Cut|p1b: Dragonite
|-crit|p1b: Dragonite
|-damage|p1b: Dragonite|48/100
|move|p1b: Dragonite|Scale Shot|p2b: MR. FINN|[miss]
|-miss|p1b: Dragonite|p2b: MR. FINN
|
|-weather|SunnyDay|[upkeep]
|upkeep
|
|t:|1757845979
|switch|p1a: Gholdengo|Gholdengo, L50|100/100
|turn|4
|
|t:|1757845988
|-terastallize|p1a: Gholdengo|Water
|move|p2a: MR. Krakatoa|Weather Ball|p1a: Gholdengo
|-resisted|p1a: Gholdengo
|-damage|p1a: Gholdengo|37/100
|move|p2b: MR. FINN|Psycho Cut|p1b: Dragonite
|-damage|p1b: Dragonite|0 fnt
|faint|p1b: Dragonite
|move|p1a: Gholdengo|Nasty Plot|p1a: Gholdengo
|-boost|p1a: Gholdengo|spa|2
|
|-weather|SunnyDay|[upkeep]
|upkeep
|turn|5
|
|t:|1757846008
|move|p1a: Gholdengo|Protect|p1a: Gholdengo
|-singleturn|p1a: Gholdengo|Protect
|move|p2a: MR. Krakatoa|Weather Ball|p1a: Gholdengo
|-activate|p1a: Gholdengo|move: Protect
|move|p2b: MR. FINN|Sacred Sword|p1a: Gholdengo
|-activate|p1a: Gholdengo|move: Protect
|
|-weather|SunnyDay|[upkeep]
|-fieldend|move: Trick Room
|-fieldend|move: Psychic Terrain
|upkeep
|turn|6
|
|t:|1757846018
|move|p1a: Gholdengo|Make It Rain|p2b: MR. FINN|[spread] p2a,p2b
|-resisted|p2a: MR. Krakatoa
|-damage|p2a: MR. Krakatoa|20/100
|-damage|p2b: MR. FINN|0 fnt
|-unboost|p1a: Gholdengo|spa|1
|faint|p2b: MR. FINN
|-damage|p1a: Gholdengo|27/100|[from] item: Life Orb
|move|p2a: MR. Krakatoa|Weather Ball|p1a: Gholdengo
|-resisted|p1a: Gholdengo
|-damage|p1a: Gholdengo|0 fnt
|faint|p1a: Gholdengo
|
|win|VYNCHIO
|l|☆dxmxim
|player|p1|
||VYNCHIO is ready for game 2.
|raw|dxmxim's rating: 1089 → 1070(-19 for losing)
|raw|VYNCHIO's rating: 1162 → 1182(+20 for winning)
|l|☆VYNCHIO
|player|p2|
