|j|☆A Regu1ar Guy
|j|☆Giraffes in Gdansk
|html|A Regu1ar GuyGiraffes in Gdansk    
|uhtml|bestof|Game 1 of a best-of-3
|t:|1756379572
|gametype|doubles
|player|p1|A Regu1ar Guy|elesa|1321
|player|p2|Giraffes in Gdansk|acetrainer-gen4dp|1350
|gen|9
|tier|[Gen 9] VGC 2025 Reg H (Bo3)
|rated|
|rule|Species Clause: Limit one of each Pokémon
|rule|Item Clause: Limit 1 of each item
|clearpoke
|poke|p1|Volcarona, L50, F|
|poke|p1|Rillaboom, L50, M|
|poke|p1|Electabuzz, L50, F|
|poke|p1|Tauros-Paldea-Aqua, L50, M|
|poke|p1|Kingambit, L50, F|
|poke|p1|Dragonite, L50, M|
|poke|p2|Dragonite, L50, F|
|poke|p2|Amoonguss, L50, M|
|poke|p2|Incineroar, L50, M|
|poke|p2|Ursaluna, L50, M|
|poke|p2|Sneasler, L50, M|
|poke|p2|Farigiraf, L50, M|
|teampreview|4
|showteam|p1|Volcarona||GrassySeed|FlameBody|HeatWave,GigaDrain,QuiverDance,Protect|||F|||50|,,,,,Grass]Rillaboom||AssaultVest|GrassySurge|FakeOut,WoodHammer,GrassyGlide,HighHorsepower|||M|||50|,,,,,Fire]Electabuzz||Eviolite|VitalSpirit|Thunderbolt,FollowMe,Taunt,Protect|||F|||50|,,,,,Ghost]Tauros-Paldea-Aqua||MirrorHerb|Intimidate|WaveCrash,AquaJet,CloseCombat,Protect|||M|||50|,,,,,Water]Kingambit||BlackGlasses|Defiant|KowtowCleave,SuckerPunch,SwordsDance,Protect|||F|||50|,,,,,Dark]Dragonite||LoadedDice|Multiscale|ScaleShot,ExtremeSpeed,Haze,Protect|||M|||50|,,,,,Fairy
|showteam|p2|Dragonite||LoadedDice|Multiscale|ScaleShot,Tailwind,Haze,Protect|||F|||50|,,,,,Fairy]Amoonguss||SitrusBerry|Regenerator|Spore,RagePowder,PollenPuff,Protect|||M|||50|,,,,,Psychic]Incineroar||SafetyGoggles|Intimidate|FlareBlitz,KnockOff,FakeOut,PartingShot|||M|||50|,,,,,Ghost]Ursaluna||FlameOrb|Guts|Earthquake,HeadlongRush,Facade,Protect|||M|||50|,,,,,Normal]Sneasler||FocusSash|Unburden|CloseCombat,DireClaw,Coaching,Protect|||M|||50|,,,,,Stellar]Farigiraf||ThroatSpray|ArmorTail|HyperVoice,TwinBeam,TrickRoom,Protect|||M|||50|,,,,,Fire
|c|☆Giraffes in Gdansk|Glhf
|
|t:|1756379623
|teamsize|p1|4
|teamsize|p2|4
|start
|switch|p1a: Tauros|Tauros-Paldea-Aqua, L50, M|100/100
|switch|p1b: Dragonite|Dragonite, L50, M|100/100
|switch|p2a: Jbungo|Dragonite, L50, F, shiny|100/100
|switch|p2b: Shblingus|Sneasler, L50, M, shiny|100/100
|-ability|p1a: Tauros|Intimidate|boost
|-unboost|p2a: Jbungo|atk|1
|-unboost|p2b: Shblingus|atk|1
|turn|1
|
|t:|1756379638
|-terastallize|p1b: Dragonite|Fairy
|move|p2b: Shblingus|Dire Claw|p1b: Dragonite
|-supereffective|p1b: Dragonite
|-damage|p1b: Dragonite|68/100
|-status|p1b: Dragonite|par
|move|p1a: Tauros|Wave Crash|p2a: Jbungo
|-resisted|p2a: Jbungo
|-damage|p2a: Jbungo|86/100
|-damage|p1a: Tauros|95/100|[from] Recoil
|move|p2a: Jbungo|Tailwind|p2a: Jbungo
|-sidestart|p2: Giraffes in Gdansk|move: Tailwind
|move|p1b: Dragonite|Scale Shot|p2b: Shblingus
|-damage|p2b: Shblingus|77/100
|-damage|p2b: Shblingus|50/100
|-damage|p2b: Shblingus|27/100
|-damage|p2b: Shblingus|4/100
|-damage|p2b: Shblingus|0 fnt
|faint|p2b: Shblingus
|-hitcount|p2: Shblingus|5
|-unboost|p1b: Dragonite|def|1
|-boost|p1b: Dragonite|spe|1
|
|upkeep
|
|t:|1756379658
|switch|p2b: Shmungus|Amoonguss, L50, M, shiny|100/100
|turn|2
|
|t:|1756379670
|switch|p2a: No Idea|Ursaluna, L50, M, shiny|100/100
|switch|p1a: Electabuzz|Electabuzz, L50, F|100/100
|cant|p1b: Dragonite|par
|move|p2b: Shmungus|Spore|p1a: Electabuzz
|-immune|p1a: Electabuzz|[from] ability: Vital Spirit
|
|-status|p2a: No Idea|brn|[from] item: Flame Orb
|upkeep
|turn|3
|
|t:|1756379692
|switch|p1a: Tauros|Tauros-Paldea-Aqua, L50, M|95/100
|-ability|p1a: Tauros|Intimidate|boost
|-unboost|p2a: No Idea|atk|1
|-unboost|p2b: Shmungus|atk|1
|switch|p2b: Jbungo|Dragonite, L50, F, shiny|86/100
|move|p2a: No Idea|Earthquake|p1b: Dragonite|[spread] p1a,p1b
|-immune|p2b: Jbungo
|-damage|p1a: Tauros|50/100
|-damage|p1b: Dragonite|0 fnt
|faint|p1b: Dragonite
|
|-damage|p2a: No Idea|95/100 brn|[from] brn
|upkeep
|
|t:|1756379702
|switch|p1b: Kingambit|Kingambit, L50, F|100/100
|turn|4
|
|t:|1756379716
|move|p2b: Jbungo|Scale Shot|p1a: Tauros|[miss]
|-miss|p2b: Jbungo|p1a: Tauros
|move|p2a: No Idea|Earthquake|p1b: Kingambit|[spread] p1a,p1b
|-immune|p2b: Jbungo
|-supereffective|p1b: Kingambit
|-crit|p1b: Kingambit
|-damage|p1a: Tauros|0 fnt
|-damage|p1b: Kingambit|0 fnt
|faint|p1a: Tauros
|faint|p1b: Kingambit
|
|-damage|p2a: No Idea|89/100 brn|[from] brn
|-sideend|p2: Giraffes in Gdansk|move: Tailwind
|upkeep
|
|t:|1756379723
|switch|p1b: Electabuzz|Electabuzz, L50, F|100/100
|turn|5
|
|t:|1756379728
|move|p1b: Electabuzz|Thunderbolt|p2b: Jbungo
|-damage|p2b: Jbungo|55/100
|-status|p2b: Jbungo|par
|move|p2a: No Idea|Earthquake|p1b: Electabuzz|[spread] p1b
|-immune|p2b: Jbungo
|-supereffective|p1b: Electabuzz
|-damage|p1b: Electabuzz|34/100
|move|p2b: Jbungo|Scale Shot|p1b: Electabuzz
|-damage|p1b: Electabuzz|22/100
|-damage|p1b: Electabuzz|11/100
|-damage|p1b: Electabuzz|0 fnt
|faint|p1b: Electabuzz
|-hitcount|p1: Electabuzz|3
|
|win|Giraffes in Gdansk
||A Regu1ar Guy is ready for game 2.
