|j|☆lose to duskull?
|j|☆Qicide
|html|lose to duskull?Qicide    
|uhtml|bestof|Game 3 of a best-of-3
|t:|1755791973
|gametype|doubles
|player|p1|lose to duskull?|az|1190
|player|p2|Qicide|red|1211
|gen|9
|tier|[Gen 9] VGC 2025 Reg H (Bo3)
|rated|
|rule|Species Clause: Limit one of each Pokémon
|rule|Item Clause: Limit 1 of each item
|clearpoke
|poke|p1|Duskull, L50, F|
|poke|p1|Ursaluna, L50, M|
|poke|p1|Amoonguss, L50, M|
|poke|p1|Torkoal, L50, F|
|poke|p1|Indeedee-F, L50, F|
|poke|p1|Armarouge, L50, M|
|poke|p2|Porygon2, L50|
|poke|p2|Incineroar, L50, F|
|poke|p2|Ursaluna, L50, M|
|poke|p2|Jumpluff, L50, F|
|poke|p2|Charizard, L50, F|
|poke|p2|Torkoal, L50, F|
|teampreview|4
|showteam|p1|Duskull||Eviolite|Levitate|WillOWisp,TrickRoom,PainSplit,Haze|||F|||50|,,,,,Steel]Ursaluna||FlameOrb|Guts|Facade,HeadlongRush,Earthquake,Protect|||M|||50|,,,,,Ghost]Amoonguss||SitrusBerry|Regenerator|RagePowder,Spore,PollenPuff,Protect|||M|||50|,,,,,Water]Torkoal||ChoiceSpecs|Drought|Eruption,HeatWave,WeatherBall,EarthPower|||F|||50|,,,,,Fire]Indeedee-F||SafetyGoggles|PsychicSurge|FollowMe,TrickRoom,Psychic,HelpingHand|||F|||50|,,,,,Steel]Armarouge||PowerHerb|FlashFire|MeteorBeam,ArmorCannon,ExpandingForce,TrickRoom|||M|||50|,,,,,Grass
|showteam|p2|Porygon2||Eviolite|Download|TeraBlast,IceBeam,TrickRoom,Recover||||||50|,,,,,Fighting]Incineroar||SitrusBerry|Intimidate|FakeOut,KnockOff,FlareBlitz,PartingShot|||F|||50|,,,,,Ghost]Ursaluna||FlameOrb|Guts|HeadlongRush,Facade,Earthquake,Protect|||M|||50|,,,,,Ghost]Jumpluff||CovertCloak|Chlorophyll|RagePowder,PollenPuff,Tailwind,SleepPowder|||F|||50|,,,,,Water]Charizard||ChoiceSpecs|SolarPower|HeatWave,Overheat,WeatherBall,DragonPulse|||F|||50|,,,,,Ghost]Torkoal||EjectPack|Drought|Overheat,Eruption,HelpingHand,Protect|||F|||50|,,,,,Fire
|inactive|Battle timer is ON: inactive players will automatically lose when time's up. (requested by Qicide)
|
|t:|1755791997
|teamsize|p1|4
|teamsize|p2|4
|start
|switch|p1a: Indeedee|Indeedee-F, L50, F|100/100
|switch|p1b: Armarouge|Armarouge, L50, M|100/100
|switch|p2a: Incineroar|Incineroar, L50, F|100/100
|switch|p2b: Ursaluna|Ursaluna, L50, M|100/100
|-fieldstart|move: Psychic Terrain|[from] ability: Psychic Surge|[of] p1a: Indeedee
|-ability|p2a: Incineroar|Intimidate|boost
|-unboost|p1a: Indeedee|atk|1
|-unboost|p1b: Armarouge|atk|1
|turn|1
|j| spicy rider
|
|t:|1755792010
|switch|p2a: Porygon2|Porygon2, L50, shiny|100/100
|-ability|p2a: Porygon2|Download|boost
|-boost|p2a: Porygon2|spa|1
|-terastallize|p1b: Armarouge|Grass
|move|p2b: Ursaluna|Headlong Rush|p1b: Armarouge
|-resisted|p1b: Armarouge
|-damage|p1b: Armarouge|64/100
|-unboost|p2b: Ursaluna|def|1
|-unboost|p2b: Ursaluna|spd|1
|move|p1b: Armarouge|Meteor Beam||[still]
|-prepare|p1b: Armarouge|Meteor Beam
|-boost|p1b: Armarouge|spa|1
|-enditem|p1b: Armarouge|Power Herb
|-anim|p1b: Armarouge|Meteor Beam|p2a: Porygon2
|-damage|p2a: Porygon2|61/100
|move|p1a: Indeedee|Trick Room|p1a: Indeedee
|-fieldstart|move: Trick Room|[of] p1a: Indeedee
|
|-status|p2b: Ursaluna|brn|[from] item: Flame Orb
|upkeep
|turn|2
|l| spicy rider
|inactive|Qicide has 30 seconds left.
|inactive|Qicide has 20 seconds left.
|
|t:|1755792047
|move|p2b: Ursaluna|Protect|p2b: Ursaluna
|-singleturn|p2b: Ursaluna|Protect
|move|p1a: Indeedee|Follow Me|p1a: Indeedee
|-singleturn|p1a: Indeedee|move: Follow Me
|move|p2a: Porygon2|Tera Blast|p1a: Indeedee
|-crit|p1a: Indeedee
|-damage|p1a: Indeedee|15/100
|move|p1b: Armarouge|Expanding Force|p2a: Porygon2|[spread] p2a
|-activate|p2b: Ursaluna|move: Protect
|-damage|p2a: Porygon2|1/100
|
|-damage|p2b: Ursaluna|95/100 brn|[from] brn
|upkeep
|turn|3
|inactive|Qicide has 30 seconds left.
|inactive|Qicide has 20 seconds left.
|
|t:|1755792085
|switch|p2b: Incineroar|Incineroar, L50, F|100/100
|-ability|p2b: Incineroar|Intimidate|boost
|-unboost|p1a: Indeedee|atk|1
|-unboost|p1b: Armarouge|atk|1
|move|p1a: Indeedee|Follow Me|p1a: Indeedee
|-singleturn|p1a: Indeedee|move: Follow Me
|move|p2a: Porygon2|Tera Blast|p1a: Indeedee
|-damage|p1a: Indeedee|0 fnt
|faint|p1a: Indeedee
|move|p1b: Armarouge|Expanding Force|p2b: Incineroar|[spread] p2a
|-immune|p2b: Incineroar
|-damage|p2a: Porygon2|0 fnt
|faint|p2a: Porygon2
|
|upkeep
|
|t:|1755792094
|switch|p2a: Torkoal|Torkoal, L50, F|100/100
|switch|p1a: Torkoal|Torkoal, L50, F|100/100
|-weather|SunnyDay|[from] ability: Drought|[of] p2a: Torkoal
|turn|4
|inactive|Qicide has 30 seconds left.
|
|t:|1755792124
|move|p1a: Torkoal|Eruption|p2a: Torkoal|[spread] p2a,p2b
|-resisted|p2a: Torkoal
|-resisted|p2b: Incineroar
|-damage|p2a: Torkoal|28/100
|-damage|p2b: Incineroar|49/100
|-enditem|p2b: Incineroar|Sitrus Berry|[eat]
|-heal|p2b: Incineroar|73/100|[from] item: Sitrus Berry
|move|p2a: Torkoal|Overheat|p1a: Torkoal
|-resisted|p1a: Torkoal
|-damage|p1a: Torkoal|42/100
|-unboost|p2a: Torkoal|spa|2
|-enditem|p2a: Torkoal|Eject Pack
|
|t:|1755792134
|switch|p2a: Ursaluna|Ursaluna, L50, M|95/100 brn
|move|p2b: Incineroar|Parting Shot|p1b: Armarouge
|-unboost|p1b: Armarouge|atk|1
|-unboost|p1b: Armarouge|spa|1
|
|t:|1755792140
|switch|p2b: Torkoal|Torkoal, L50, F|28/100|[from] Parting Shot
|move|p1b: Armarouge|Expanding Force|p2b: Torkoal|[spread] p2a,p2b
|-damage|p2a: Ursaluna|37/100 brn
|-damage|p2b: Torkoal|0 fnt
|faint|p2b: Torkoal
|
|-weather|SunnyDay|[upkeep]
|-damage|p2a: Ursaluna|31/100 brn|[from] brn
|upkeep
|
|t:|1755792145
|switch|p2b: Incineroar|Incineroar, L50, F|73/100
|-ability|p2b: Incineroar|Intimidate|boost
|-unboost|p1a: Torkoal|atk|1
|-unboost|p1b: Armarouge|atk|1
|turn|5
|
|t:|1755792164
|move|p2a: Ursaluna|Protect|p2a: Ursaluna
|-singleturn|p2a: Ursaluna|Protect
|move|p1a: Torkoal|Eruption|p2a: Ursaluna|[spread] p2b
|-activate|p2a: Ursaluna|move: Protect
|-resisted|p2b: Incineroar
|-damage|p2b: Incineroar|50/100
|move|p2b: Incineroar|Knock Off|p1a: Torkoal
|-damage|p1a: Torkoal|6/100
|-enditem|p1a: Torkoal|Choice Specs|[from] move: Knock Off|[of] p2b: Incineroar
|move|p1b: Armarouge|Armor Cannon|p2b: Incineroar
|-resisted|p2b: Incineroar
|-damage|p2b: Incineroar|1/100
|-unboost|p1b: Armarouge|def|1
|-unboost|p1b: Armarouge|spd|1
|
|-weather|SunnyDay|[upkeep]
|-damage|p2a: Ursaluna|25/100 brn|[from] brn
|-fieldend|move: Trick Room
|-fieldend|move: Psychic Terrain
|upkeep
|turn|6
|
|t:|1755792187
|switch|p1a: Ursaluna|Ursaluna, L50, M|100/100
|move|p2a: Ursaluna|Facade|p1b: Armarouge
|-damage|p1b: Armarouge|0 fnt
|faint|p1b: Armarouge
|move|p2b: Incineroar|Knock Off|p1a: Ursaluna
|-damage|p1a: Ursaluna|61/100
|-enditem|p1a: Ursaluna|Flame Orb|[from] move: Knock Off|[of] p2b: Incineroar
|
|-weather|SunnyDay|[upkeep]
|-damage|p2a: Ursaluna|19/100 brn|[from] brn
|upkeep
|
|t:|1755792192
|switch|p1b: Torkoal|Torkoal, L50, F|6/100
|turn|7
|
|t:|1755792200
|-terastallize|p2a: Ursaluna|Ghost
|move|p2a: Ursaluna|Headlong Rush|p1a: Ursaluna
|-damage|p1a: Ursaluna|0 fnt
|-unboost|p2a: Ursaluna|def|1
|-unboost|p2a: Ursaluna|spd|1
|faint|p1a: Ursaluna
|move|p2b: Incineroar|Knock Off|p1b: Torkoal
|-damage|p1b: Torkoal|0 fnt
|faint|p1b: Torkoal
|
|win|Qicide
|raw|lose to duskull?'s rating: 1190 → 1167(-23 for losing)
|raw|Qicide's rating: 1211 → 1234(+23 for winning)
|l|☆lose to duskull?
|player|p1|
|c|☆Qicide|gg
|l|☆Qicide
|player|p2|
|j|☆Qicide
|player|p2|Qicide|red|
