|j|☆zubrowka
|j|☆Markknight05
|html|zubrowkaMarkknight05    
|uhtml|bestof|Game 2 of a best-of-3
|t:|1784927999
|gametype|doubles
|player|p1|zubrowka|clair|1079
|player|p2|Markknight05|266|1094
|gen|9
|tier|[Gen 9 Champions] VGC 2026 Reg M-B (Bo3)
|rated|
|rule|Species Clause: Limit one of each Pokémon
|rule|Item Clause: Limit 1 of each item
|clearpoke
|poke|p1|Charizard, L50, F|
|poke|p1|Whimsicott, L50, F|
|poke|p1|Garchomp, L50, M|
|poke|p1|Basculegion, L50, M|
|poke|p1|Sylveon, L50, M|
|poke|p1|Metagross, L50|
|poke|p2|Hawlucha, L50, F|
|poke|p2|Snorlax, L50, F|
|poke|p2|Incineroar, L50, M|
|poke|p2|Sinistcha, L50|
|poke|p2|Politoed, L50, F|
|poke|p2|Gengar, L50, F|
|teampreview|4
|showteam|p1|Charizard||CharizarditeY|SolarPower|HeatWave,WeatherBall,SolarBeam,Protect|Modest||F|||50|]Whimsicott||FocusSash|Prankster|Moonblast,Tailwind,Encore,Protect|Timid||F|||50|]Garchomp||LifeOrb|RoughSkin|Earthquake,DragonClaw,RockSlide,Protect|Jolly||M|||50|]Basculegion||ChoiceScarf|Adaptability|WaveCrash,FlipTurn,LastRespects,AquaJet|Jolly||M|||50|]Sylveon||FairyFeather|Pixilate|HyperVoice,Yawn,HyperBeam,Protect|Modest||M|||50|]Metagross||Metagrossite|ClearBody|IronHead,PsychicFangs,BodyPress,Protect|Jolly|||||50|
|showteam|p2|Hawlucha||Hawluchanite|Unburden|CloseCombat,BraveBird,Protect,Entrainment|Jolly||F|||50|]Snorlax||Leftovers|ThickFat|Fissure,BodyPress,Stockpile,Protect|Impish||F|||50|]Incineroar||PasshoBerry|Intimidate|FakeOut,Protect,PartingShot,DarkestLariat|Impish||M|||50|]Sinistcha||KasibBerry|Hospitality|RagePowder,TrickRoom,MatchaGotcha,Protect|Bold|||||50|]Politoed||SitrusBerry|Drizzle|WeatherBall,Protect,Encore,PerishSong|Bold||F|||50|]Gengar||Gengarite|CursedBody|ShadowBall,Disable,Protect,PerishSong|Calm||F|||50|
|inactive|Battle timer is ON: inactive players will automatically lose when time's up. (requested by zubrowka)
|inactive|Markknight05 has 60 seconds left.
|
|t:|1784928050
|teamsize|p1|4
|teamsize|p2|4
|start
|switch|p1a: Whimsicott|Whimsicott, L50, F|100/100
|switch|p1b: Metagross|Metagross, L50|100/100
|switch|p2a: Sinistcha|Sinistcha, L50|100/100
|switch|p2b: Snorlax|Snorlax, L50, F|100/100
|turn|1
|
|t:|1784928067
|detailschange|p1b: Metagross|Metagross-Mega, L50
|-mega|p1b: Metagross|Metagross|Metagrossite
|move|p2a: Sinistcha|Rage Powder|p2a: Sinistcha
|-singleturn|p2a: Sinistcha|move: Rage Powder
|move|p1a: Whimsicott|Moonblast|p2a: Sinistcha
|-damage|p2a: Sinistcha|57/100
|move|p1b: Metagross|Iron Head|p2a: Sinistcha
|-damage|p2a: Sinistcha|15/100
|move|p2b: Snorlax|Stockpile|p2b: Snorlax
|-start|p2b: Snorlax|stockpile1
|-boost|p2b: Snorlax|def|1
|-boost|p2b: Snorlax|spd|1
|
|upkeep
|turn|2
|
|t:|1784928086
|move|p1a: Whimsicott|Protect|p1a: Whimsicott
|-singleturn|p1a: Whimsicott|Protect
|move|p2a: Sinistcha|Protect|p2a: Sinistcha
|-singleturn|p2a: Sinistcha|Protect
|move|p1b: Metagross|Psychic Fangs|p2a: Sinistcha
|-activate|p2a: Sinistcha|move: Protect
|move|p2b: Snorlax|Stockpile|p2b: Snorlax
|-start|p2b: Snorlax|stockpile2
|-boost|p2b: Snorlax|def|1
|-boost|p2b: Snorlax|spd|1
|
|upkeep
|turn|3
|
|t:|1784928106
|move|p2a: Sinistcha|Rage Powder|p2a: Sinistcha
|-singleturn|p2a: Sinistcha|move: Rage Powder
|move|p1a: Whimsicott|Moonblast|p2a: Sinistcha
|-damage|p2a: Sinistcha|0 fnt
|faint|p2a: Sinistcha
|move|p1b: Metagross|Body Press|p2b: Snorlax
|-supereffective|p2b: Snorlax|1
|-damage|p2b: Snorlax|77/100
|move|p2b: Snorlax|Body Press|p1b: Metagross
|-crit|p1b: Metagross
|-damage|p1b: Metagross|51/100
|
|-heal|p2b: Snorlax|83/100|[from] item: Leftovers
|upkeep
|
|t:|1784928120
|switch|p2a: Gengar|Gengar, L50, F|100/100
|turn|4
|
|t:|1784928136
|detailschange|p2a: Gengar|Gengar-Mega, L50, F
|-mega|p2a: Gengar|Gengar|Gengarite
|move|p2a: Gengar|Protect|p2a: Gengar
|-singleturn|p2a: Gengar|Protect
|move|p1a: Whimsicott|Tailwind|p1a: Whimsicott
|-sidestart|p1: zubrowka|move: Tailwind
|move|p1b: Metagross|Psychic Fangs|p2a: Gengar
|-activate|p2a: Gengar|move: Protect
|move|p2b: Snorlax|Body Press|p1b: Metagross
|-damage|p1b: Metagross|19/100
|
|-heal|p2b: Snorlax|89/100|[from] item: Leftovers
|upkeep
|turn|5
|
|t:|1784928151
|switch|p2a: Politoed|Politoed, L50, F|100/100
|-weather|RainDance|[from] ability: Drizzle|[of] p2a: Politoed
|move|p1a: Whimsicott|Encore|p2b: Snorlax
|-start|p2b: Snorlax|Encore
|move|p1b: Metagross|Psychic Fangs|p2a: Politoed
|-damage|p2a: Politoed|45/100
|-enditem|p2a: Politoed|Sitrus Berry|[eat]
|-heal|p2a: Politoed|70/100|[from] item: Sitrus Berry
|move|p2b: Snorlax|Body Press|p1b: Metagross
|-damage|p1b: Metagross|0 fnt
|faint|p1b: Metagross
|
|-weather|RainDance|[upkeep]
|-heal|p2b: Snorlax|95/100|[from] item: Leftovers
|upkeep
|
|t:|1784928169
|switch|p1b: Sylveon|Sylveon, L50, M|100/100
|turn|6
|
|t:|1784928180
|switch|p1a: Basculegion|Basculegion, L50, M|100/100
|switch|p2b: Gengar|Gengar-Mega, L50, F|100/100
|move|p1b: Sylveon|Yawn|p2b: Gengar
|-start|p2b: Gengar|move: Yawn|[of] p1b: Sylveon
|move|p2a: Politoed|Perish Song|p2a: Politoed
|-start|p1a: Basculegion|perish3|[silent]
|-start|p1b: Sylveon|perish3|[silent]
|-start|p2a: Politoed|perish3|[silent]
|-start|p2b: Gengar|perish3|[silent]
|-fieldactivate|move: Perish Song
|
|-weather|RainDance|[upkeep]
|-start|p1a: Basculegion|perish3
|-start|p2b: Gengar|perish3
|-start|p1b: Sylveon|perish3
|-start|p2a: Politoed|perish3
|upkeep
|turn|7
|inactive|zubrowka has 30 seconds left.
|
|t:|1784928206
|switch|p2b: Snorlax|Snorlax, L50, F|95/100
|move|p1a: Basculegion|Wave Crash|p2b: Snorlax
|-damage|p2b: Snorlax|21/100
|-damage|p1a: Basculegion|67/100|[from] Recoil
|move|p1b: Sylveon|Hyper Voice|p2b: Snorlax|[spread] p2a,p2b
|-damage|p2a: Politoed|33/100
|-damage|p2b: Snorlax|0 fnt
|faint|p2b: Snorlax
|move|p2a: Politoed|Encore|p1b: Sylveon
|-start|p1b: Sylveon|Encore
|
|-weather|RainDance|[upkeep]
|-start|p1a: Basculegion|perish2
|-start|p1b: Sylveon|perish2
|-start|p2a: Politoed|perish2
|-sideend|p1: zubrowka|move: Tailwind
|upkeep
|
|t:|1784928221
|switch|p2b: Gengar|Gengar-Mega, L50, F|100/100
|turn|8
|
|t:|1784928237
|move|p2b: Gengar|Protect|p2b: Gengar
|-singleturn|p2b: Gengar|Protect
|move|p1a: Basculegion|Wave Crash|p2b: Gengar
|-activate|p2b: Gengar|move: Protect
|move|p2a: Politoed|Weather Ball|p1b: Sylveon
|-damage|p1b: Sylveon|63/100
|move|p1b: Sylveon|Hyper Voice|p2b: Gengar|[spread] p2a
|-activate|p2b: Gengar|move: Protect
|-damage|p2a: Politoed|0 fnt
|faint|p2a: Politoed
|
|-weather|RainDance|[upkeep]
|-start|p1a: Basculegion|perish1
|-start|p1b: Sylveon|perish1
|upkeep
|turn|9
|
|t:|1784928256
|switch|p1a: Whimsicott|Whimsicott, L50, F|100/100
|move|p2b: Gengar|Protect|p2b: Gengar
|-singleturn|p2b: Gengar|Protect
|move|p1b: Sylveon|Hyper Voice|p2b: Gengar
|-activate|p2b: Gengar|move: Protect
|
|-weather|none
|-start|p1b: Sylveon|perish0
|faint|p1b: Sylveon
|upkeep
|
|t:|1784928265
|switch|p1b: Basculegion|Basculegion, L50, M|67/100
|turn|10
|
|t:|1784928269
|move|p1a: Whimsicott|Encore|p2b: Gengar
|-start|p2b: Gengar|Encore
|move|p2b: Gengar|Protect||[still]
|-fail|p2b: Gengar
|move|p1b: Basculegion|Last Respects|p2b: Gengar
|-supereffective|p2b: Gengar|1
|-damage|p2b: Gengar|0 fnt
|faint|p2b: Gengar
|
|win|zubrowka
|raw|zubrowka's rating: 1079 → 1108(+29 for winning)
|raw|Markknight05's rating: 1094 → 1069(-25 for losing)
