|j|☆15Hugs
|j|☆userover
|html|15Hugsuserover    
|uhtml|bestof|Game 2 of a best-of-3
|t:|1786034797
|gametype|doubles
|player|p1|15Hugs|ingo|1090
|player|p2|userover|102|1071
|gen|9
|tier|[Gen 9 Champions] VGC 2026 Reg M-B (Bo3)
|rated|
|rule|Species Clause: Limit one of each Pokémon
|rule|Item Clause: Limit 1 of each item
|clearpoke
|poke|p1|Mawile, L50, M|
|poke|p1|Sneasler, L50, M|
|poke|p1|Raichu, L50, M|
|poke|p1|Hydreigon, L50, M|
|poke|p1|Farigiraf, L50, F, shiny|
|poke|p1|Sinistcha, L50|
|poke|p2|Froslass, L50, F|
|poke|p2|Sneasler, L50, M|
|poke|p2|Kingambit, L50, M|
|poke|p2|Lycanroc-Dusk, L50, F|
|poke|p2|Milotic, L50, F|
|poke|p2|Tsareena, L50, F|
|teampreview|4
|showteam|p1|Mawile||Mawilite|Intimidate|Protect,PlayRough,IronHead,SuckerPunch|Brave||M|||50|]Sneasler||WhiteHerb|Unburden|FakeOut,RockTomb,CloseCombat,DireClaw|Jolly||M|||50|]Raichu||RaichuniteY|LightningRod|Protect,FakeOut,ZapCannon,FocusBlast|Timid||M|||50|]Hydreigon||ChoiceScarf|Levitate|DracoMeteor,Snarl,DarkPulse,EarthPower|Timid||M|||50|]Farigiraf||SitrusBerry|ArmorTail|TrickRoom,HelpingHand,FoulPlay,Psychic|Quiet||F|||50|]Sinistcha||KasibBerry|Hospitality|TrickRoom,Hex,MatchaGotcha,RagePowder|Modest|||||50|
|showteam|p2|Froslass||Froslassite|CursedBody|ShadowBall,Blizzard,Protect,NastyPlot|Timid||F|||50|]Sneasler||MentalHerb|Pressure|CloseCombat,Protect,FakeOut,DireClaw|Jolly||M|||50|]Kingambit||BlackGlasses|Defiant|KowtowCleave,SuckerPunch,Protect,SwordsDance|Adamant||M|||50|]Lycanroc-Dusk||FocusSash|ToughClaws|RockSlide,CloseCombat,Accelerock,Protect|Jolly||F|||50|]Milotic||Leftovers|Competitive|HydroPump,Coil,Hypnosis,Protect|Calm||F|||50|]Tsareena||WideLens|QueenlyMajesty|PowerWhip,HighJumpKick,TripleAxel,Protect|Adamant||F|||50|
|
|t:|1786034841
|teamsize|p1|4
|teamsize|p2|4
|start
|switch|p1a: Farigiraf|Farigiraf, L50, F, shiny|100/100
|switch|p1b: Mawile|Mawile, L50, M|100/100
|switch|p2a: Sneasler|Sneasler, L50, M|100/100
|switch|p2b: Kingambit|Kingambit, L50, M|100/100
|-ability|p2a: Sneasler|Pressure
|-ability|p1b: Mawile|Intimidate|boost
|-unboost|p2a: Sneasler|atk|1
|-unboost|p2b: Kingambit|atk|1
|-ability|p2b: Kingambit|Defiant|boost
|-boost|p2b: Kingambit|atk|2
|turn|1
|inactive|Battle timer is ON: inactive players will automatically lose when time's up. (requested by 15Hugs)
|
|t:|1786034873
|switch|p2a: Tsareena|Tsareena, L50, F|100/100
|detailschange|p1b: Mawile|Mawile-Mega, L50, M
|-mega|p1b: Mawile|Mawile|Mawilite
|move|p1a: Farigiraf|Helping Hand|p1b: Mawile
|-singleturn|p1b: Mawile|Helping Hand|[of] p1a: Farigiraf
|move|p2b: Kingambit|Swords Dance|p2b: Kingambit
|-boost|p2b: Kingambit|atk|2
|move|p1b: Mawile|Play Rough|p2b: Kingambit
|-damage|p2b: Kingambit|10/100
|
|upkeep
|turn|2
|inactive|15Hugs has 30 seconds left.
|inactive|15Hugs has 20 seconds left.
|inactive|15Hugs has 15 seconds left.
|inactive|15Hugs has 10 seconds left.
|
|t:|1786034927
|move|p2a: Tsareena|High Jump Kick|p1b: Mawile
|-damage|p1b: Mawile|54/100
|move|p1a: Farigiraf|Foul Play|p2b: Kingambit
|-resisted|p2b: Kingambit|1
|-damage|p2b: Kingambit|0 fnt
|faint|p2b: Kingambit
|move|p1b: Mawile|Iron Head|p2a: Tsareena
|-damage|p2a: Tsareena|3/100
|
|upkeep
|
|t:|1786034938
|switch|p2b: Sneasler|Sneasler, L50, M|100/100
|-ability|p2b: Sneasler|Pressure
|turn|3
|
|t:|1786034951
|move|p1b: Mawile|Sucker Punch||[still]
|cant|p2a: Tsareena|ability: Queenly Majesty|Sucker Punch|[of] p1b: Mawile
|move|p2b: Sneasler|Close Combat|p1a: Farigiraf
|-damage|p1a: Farigiraf|45/100
|-unboost|p2b: Sneasler|def|1
|-unboost|p2b: Sneasler|spd|1
|-enditem|p1a: Farigiraf|Sitrus Berry|[eat]
|-heal|p1a: Farigiraf|70/100|[from] item: Sitrus Berry
|move|p2a: Tsareena|High Jump Kick|p1a: Farigiraf
|-damage|p1a: Farigiraf|25/100
|move|p1a: Farigiraf|Psychic|p2b: Sneasler
|-supereffective|p2b: Sneasler|2
|-damage|p2b: Sneasler|0 fnt
|faint|p2b: Sneasler
|
|upkeep
|inactive|userover has 30 seconds left.
|
|t:|1786034981
|switch|p2b: Froslass|Froslass, L50, F|100/100
|turn|4
|
|t:|1786034996
|switch|p1a: Sinistcha|Sinistcha, L50|100/100
|-heal|p1b: Mawile|78/100|[from] ability: Hospitality|[of] p1a: Sinistcha
|detailschange|p2b: Froslass|Froslass-Mega, L50, F
|-mega|p2b: Froslass|Froslass|Froslassite
|-weather|Snowscape|[from] ability: Snow Warning|[of] p2b: Froslass
|move|p2a: Tsareena|Protect|p2a: Tsareena
|-singleturn|p2a: Tsareena|Protect
|move|p2b: Froslass|Nasty Plot|p2b: Froslass
|-boost|p2b: Froslass|spa|2
|move|p1b: Mawile|Iron Head|p2b: Froslass
|-supereffective|p2b: Froslass|1
|-damage|p2b: Froslass|0 fnt
|faint|p2b: Froslass
|
|-weather|Snowscape|[upkeep]
|upkeep
|turn|5
|-message|userover forfeited.
|
|win|15Hugs
||userover is ready for game 3.
