|j|☆tomnumbers
|j|☆hardik2105
|html|tomnumbershardik2105    
|uhtml|bestof|Game 1 of a best-of-3
|t:|1756280589
|gametype|doubles
|player|p1|tomnumbers|gambler|1278
|player|p2|hardik2105|alain|1171
|gen|9
|tier|[Gen 9] VGC 2025 Reg H (Bo3)
|rated|
|rule|Species Clause: Limit one of each Pokémon
|rule|Item Clause: Limit 1 of each item
|clearpoke
|poke|p1|Electabuzz, L50, F|
|poke|p1|Volcarona, L50, M|
|poke|p1|Dragonite, L50, M|
|poke|p1|Rillaboom, L50, M|
|poke|p1|Gholdengo, L50|
|poke|p1|Ursaluna-Bloodmoon, L50, M|
|poke|p2|Politoed, L50, F|
|poke|p2|Gothitelle, L50, F|
|poke|p2|Incineroar, L50, F|
|poke|p2|Amoonguss, L50, F|
|poke|p2|Kingdra, L50, M|
|poke|p2|Archaludon, L50, F|
|teampreview|4
|showteam|p1|Electabuzz||Eviolite|VitalSpirit|Electroweb,FollowMe,Taunt,Protect|||F|||50|,,,,,Dragon]Volcarona||Leftovers|FlameBody|HeatWave,TeraBlast,QuiverDance,Protect|||M|||50|,,,,,Fairy]Dragonite||LoadedDice|Multiscale|ScaleShot,ExtremeSpeed,Tailwind,Protect|||M|||50|,,,,,Fairy]Rillaboom||AssaultVest|GrassySurge|FakeOut,WoodHammer,GrassyGlide,HighHorsepower|||M|||50|,,,,,Fire]Gholdengo||GrassySeed|GoodasGold|NastyPlot,MakeItRain,ShadowBall,Protect||||||50|,,,,,Water]Ursaluna-Bloodmoon||LifeOrb|MindsEye|BloodMoon,HyperVoice,EarthPower,Protect|||M|||50|,,,,,Normal
|showteam|p2|Politoed||Leftovers|Drizzle|Protect,WeatherBall,PerishSong,Encore|||F|||50|,,,,,Grass]Gothitelle||SitrusBerry|ShadowTag|Protect,Psychic,FakeOut,TrickRoom|||F|||50|,,,,,Dark]Incineroar||SafetyGoggles|Intimidate|Protect,KnockOff,FakeOut,PartingShot|||F|||50|,,,,,Ghost]Amoonguss||EjectButton|Regenerator|Protect,RagePowder,PollenPuff,Spore|||F|||50|,,,,,Fairy]Kingdra||LifeOrb|SwiftSwim|Protect,WeatherBall,DracoMeteor,MuddyWater|||M|||50|,,,,,Stellar]Archaludon||PowerHerb|Sturdy|Protect,ElectroShot,DragonPulse,FlashCannon|||F|||50|,,,,,Electric
|inactive|Battle timer is ON: inactive players will automatically lose when time's up. (requested by tomnumbers)
|inactive|hardik2105 has 60 seconds left.
|
|t:|1756280621
|teamsize|p1|4
|teamsize|p2|4
|start
|switch|p1a: Electabuzz|Electabuzz, L50, F|100/100
|switch|p1b: Ursaluna|Ursaluna-Bloodmoon, L50, M|100/100
|switch|p2a: Archaludon|Archaludon, L50, F|100/100
|switch|p2b: Incineroar|Incineroar, L50, F|100/100
|-ability|p2b: Incineroar|Intimidate|boost
|-unboost|p1a: Electabuzz|atk|1
|-unboost|p1b: Ursaluna|atk|1
|turn|1
|inactive|hardik2105 has 30 seconds left.
|inactive|hardik2105 has 20 seconds left.
|
|t:|1756280660
|switch|p2a: Politoed|Politoed, L50, F|100/100
|-weather|RainDance|[from] ability: Drizzle|[of] p2a: Politoed
|move|p2b: Incineroar|Fake Out|p1b: Ursaluna
|-damage|p1b: Ursaluna|93/100
|move|p1a: Electabuzz|Taunt|p2b: Incineroar
|-start|p2b: Incineroar|move: Taunt
|cant|p1b: Ursaluna|flinch
|
|-weather|RainDance|[upkeep]
|upkeep
|turn|2
|
|t:|1756280676
|switch|p2b: Gothitelle|Gothitelle, L50, F|100/100
|-terastallize|p1b: Ursaluna|Normal
|move|p2a: Politoed|Protect|p2a: Politoed
|-singleturn|p2a: Politoed|Protect
|move|p1a: Electabuzz|Electroweb|p2b: Gothitelle|[spread] p2b
|-activate|p2a: Politoed|move: Protect
|-damage|p2b: Gothitelle|90/100
|-unboost|p2b: Gothitelle|spe|1
|move|p1b: Ursaluna|Blood Moon|p2a: Politoed
|-activate|p2a: Politoed|move: Protect
|
|-weather|RainDance|[upkeep]
|upkeep
|turn|3
|
|t:|1756280692
|move|p2b: Gothitelle|Fake Out|p1a: Electabuzz
|-damage|p1a: Electabuzz|95/100
|cant|p1a: Electabuzz|flinch
|move|p2a: Politoed|Perish Song|p2a: Politoed
|-start|p1a: Electabuzz|perish3|[silent]
|-start|p1b: Ursaluna|perish3|[silent]
|-start|p2a: Politoed|perish3|[silent]
|-start|p2b: Gothitelle|perish3|[silent]
|-fieldactivate|move: Perish Song
|move|p1b: Ursaluna|Hyper Voice|p2b: Gothitelle|[spread] p2a,p2b
|-damage|p2a: Politoed|50/100
|-damage|p2b: Gothitelle|41/100
|-enditem|p2b: Gothitelle|Sitrus Berry|[eat]
|-heal|p2b: Gothitelle|65/100|[from] item: Sitrus Berry
|-damage|p1b: Ursaluna|83/100|[from] item: Life Orb
|
|-weather|RainDance|[upkeep]
|-heal|p2a: Politoed|56/100|[from] item: Leftovers
|-start|p1a: Electabuzz|perish3
|-start|p2a: Politoed|perish3
|-start|p1b: Ursaluna|perish3
|-start|p2b: Gothitelle|perish3
|upkeep
|turn|4
|
|t:|1756280702
|move|p2a: Politoed|Protect|p2a: Politoed
|-singleturn|p2a: Politoed|Protect
|move|p2b: Gothitelle|Protect|p2b: Gothitelle
|-singleturn|p2b: Gothitelle|Protect
|move|p1a: Electabuzz|Electroweb|p2b: Gothitelle|[spread] 
|-activate|p2a: Politoed|move: Protect
|-activate|p2b: Gothitelle|move: Protect
|move|p1b: Ursaluna|Hyper Voice|p2b: Gothitelle|[spread] 
|-activate|p2a: Politoed|move: Protect
|-activate|p2b: Gothitelle|move: Protect
|
|-weather|RainDance|[upkeep]
|-heal|p2a: Politoed|62/100|[from] item: Leftovers
|-start|p1a: Electabuzz|perish2
|-start|p2a: Politoed|perish2
|-start|p1b: Ursaluna|perish2
|-start|p2b: Gothitelle|perish2
|upkeep
|turn|5
|inactive|hardik2105 has 30 seconds left.
|
|t:|1756280735
|switch|p2b: Incineroar|Incineroar, L50, F|100/100
|-ability|p2b: Incineroar|Intimidate|boost
|-unboost|p1a: Electabuzz|atk|1
|-unboost|p1b: Ursaluna|atk|1
|move|p1a: Electabuzz|Electroweb|p2a: Politoed|[spread] p2a,p2b
|-supereffective|p2a: Politoed
|-damage|p2a: Politoed|41/100
|-damage|p2b: Incineroar|90/100
|-unboost|p2a: Politoed|spe|1
|-unboost|p2b: Incineroar|spe|1
|move|p1b: Ursaluna|Blood Moon|p2b: Incineroar
|-damage|p2b: Incineroar|0 fnt
|faint|p2b: Incineroar
|-damage|p1b: Ursaluna|74/100|[from] item: Life Orb
|move|p2a: Politoed|Weather Ball|p1b: Ursaluna
|-damage|p1b: Ursaluna|14/100
|
|-weather|none
|-heal|p2a: Politoed|47/100|[from] item: Leftovers
|-start|p1a: Electabuzz|perish1
|-start|p1b: Ursaluna|perish1
|-start|p2a: Politoed|perish1
|upkeep
|
|t:|1756280748
|switch|p2b: Gothitelle|Gothitelle, L50, F|65/100
|turn|6
|inactive|tomnumbers has 30 seconds left.
|
|t:|1756280776
|switch|p2a: Archaludon|Archaludon, L50, F|100/100
|move|p2b: Gothitelle|Fake Out|p1b: Ursaluna
|-crit|p1b: Ursaluna
|-damage|p1b: Ursaluna|6/100
|move|p1a: Electabuzz|Electroweb|p2a: Archaludon|[spread] p2a,p2b
|-resisted|p2a: Archaludon
|-damage|p2a: Archaludon|90/100
|-damage|p2b: Gothitelle|55/100
|-unboost|p2a: Archaludon|spe|1
|-unboost|p2b: Gothitelle|spe|1
|cant|p1b: Ursaluna|flinch
|
|-start|p1a: Electabuzz|perish0
|-start|p1b: Ursaluna|perish0
|upkeep
|faint|p1a: Electabuzz
|faint|p1b: Ursaluna
|
|t:|1756280780
|switch|p1a: Gholdengo|Gholdengo, L50|100/100
|switch|p1b: Dragonite|Dragonite, L50, M|100/100
|turn|7
|inactive|hardik2105 has 30 seconds left.
|inactive|hardik2105 has 20 seconds left.
|inactive|hardik2105 has 15 seconds left.
|
|t:|1756280820
|switch|p2a: Politoed|Politoed, L50, F|47/100
|-weather|RainDance|[from] ability: Drizzle|[of] p2a: Politoed
|move|p1a: Gholdengo|Protect|p1a: Gholdengo
|-singleturn|p1a: Gholdengo|Protect
|move|p2b: Gothitelle|Protect|p2b: Gothitelle
|-singleturn|p2b: Gothitelle|Protect
|move|p1b: Dragonite|Scale Shot|p2a: Politoed
|-damage|p2a: Politoed|33/100
|-damage|p2a: Politoed|17/100
|-damage|p2a: Politoed|2/100
|-damage|p2a: Politoed|0 fnt
|faint|p2a: Politoed
|-hitcount|p2: Politoed|4
|-unboost|p1b: Dragonite|def|1
|-boost|p1b: Dragonite|spe|1
|
|-weather|RainDance|[upkeep]
|upkeep
|
|t:|1756280830
|switch|p2a: Archaludon|Archaludon, L50, F|90/100
|turn|8
|
|t:|1756280839
|-terastallize|p2a: Archaludon|Electric
|move|p1b: Dragonite|Scale Shot|p2a: Archaludon
|-damage|p2a: Archaludon|78/100
|-damage|p2a: Archaludon|64/100
|-damage|p2a: Archaludon|52/100
|-damage|p2a: Archaludon|39/100
|-hitcount|p2a: Archaludon|4
|-unboost|p1b: Dragonite|def|1
|-boost|p1b: Dragonite|spe|1
|move|p2a: Archaludon|Electro Shot||[still]
|-prepare|p2a: Archaludon|Electro Shot
|-boost|p2a: Archaludon|spa|1
|-anim|p2a: Archaludon|Electro Shot|p1a: Gholdengo
|-damage|p1a: Gholdengo|0 fnt
|faint|p1a: Gholdengo
|move|p2b: Gothitelle|Trick Room|p2b: Gothitelle
|-fieldstart|move: Trick Room|[of] p2b: Gothitelle
|
|-weather|RainDance|[upkeep]
|upkeep
|turn|9
|
|t:|1756280853
|move|p1b: Dragonite|Protect|p1b: Dragonite
|-singleturn|p1b: Dragonite|Protect
|move|p2b: Gothitelle|Psychic|p1b: Dragonite
|-activate|p1b: Dragonite|move: Protect
|move|p2a: Archaludon|Dragon Pulse|p1b: Dragonite
|-activate|p1b: Dragonite|move: Protect
|
|-weather|RainDance|[upkeep]
|upkeep
|turn|10
|c|☆hardik2105|gg
|
|t:|1756280860
|move|p1b: Dragonite|Extreme Speed|p2a: Archaludon
|-damage|p2a: Archaludon|13/100
|move|p2b: Gothitelle|Psychic|p1b: Dragonite
|-damage|p1b: Dragonite|84/100
|-unboost|p1b: Dragonite|spd|1
|move|p2a: Archaludon|Dragon Pulse|p1b: Dragonite
|-supereffective|p1b: Dragonite
|-damage|p1b: Dragonite|0 fnt
|faint|p1b: Dragonite
|
|win|hardik2105
||tomnumbers is ready for game 2.
|l|☆hardik2105
|player|p2|
||hardik2105 is ready for game 2.
|uhtml|next|Next: Game 2 of 3
