|j|☆dipiisabum
|j|☆52Bomboclat
|html|dipiisabum52Bomboclat    
|uhtml|bestof|Game 1 of a best-of-3
|t:|1785219821
|gametype|doubles
|player|p1|dipiisabum|266|
|player|p2|52Bomboclat|hiker-gen4|
|gen|9
|tier|[Gen 9 Champions] VGC 2026 Reg M-B (Bo3)
|rule|Species Clause: Limit one of each Pokémon
|rule|Item Clause: Limit 1 of each item
|clearpoke
|poke|p1|Raichu, L50, M, shiny|
|poke|p1|Corviknight, L50, M|
|poke|p1|Glimmora, L50, F|
|poke|p1|Venusaur, L50, F|
|poke|p1|Kingambit, L50, M, shiny|
|poke|p1|Charizard, L50, F, shiny|
|poke|p2|Morpeko, L50, F, shiny|
|poke|p2|Clefable, L50, F, shiny|
|poke|p2|Garchomp, L50, M|
|poke|p2|Gengar, L50, M, shiny|
|poke|p2|Slowbro-Galar, L50, M|
|poke|p2|Rotom-Heat, L50|
|teampreview|4
|showteam|p1|Raichu||ShucaBerry|LightningRod|VoltSwitch,FakeOut,Nuzzle,HelpingHand|Modest||M|||50|]Corviknight||OccaBerry|MirrorArmor|IronDefense,BodyPress,Protect,IronHead|Careful||M|||50|]Glimmora||Leftovers|ToxicDebris|SpikyShield,Spikes,MortalSpin,SludgeBomb|Modest||F|||50|]Venusaur||KingsRock|Chlorophyll|SleepPowder,EarthPower,GigaDrain,Protect|Modest||F|||50|]Kingambit||BlackGlasses|Defiant|Protect,KowtowCleave,SuckerPunch,IronHead|Adamant||M|||50|]Charizard||CharizarditeY|Blaze|HeatWave,WeatherBall,Protect,SolarBeam|Modest||F|||50|
|showteam|p2|Morpeko||BlackGlasses|HungerSwitch|PartingShot,FakeOut,AuraWheel,Protect|Adamant||F|||50|]Clefable||Clefablite|Unaware|FollowMe,HelpingHand,Moonblast,Protect|Calm||F|||50|]Garchomp||LifeOrb|RoughSkin|RockSlide,DragonClaw,Protect,Bulldoze|Adamant||M|||50|]Gengar||Gengarite|CursedBody|PerishSong,ShadowBall,Protect,FocusBlast|Modest||M|||50|]Slowbro-Galar||QuickClaw|QuickDraw|ShellSideArm,Psychic,Protect,SlackOff|Sassy||M|||50|]Rotom-Heat||ChoiceScarf|Levitate|Overheat,Protect,Thunderbolt,NastyPlot|Modest|||||50|
|j| blockything
|j| dragongoggl
|
|t:|1785219918
|teamsize|p1|4
|teamsize|p2|4
|start
|switch|p1a: Tera|Charizard, L50, F, shiny|100/100
|switch|p1b: Gloria|Glimmora, L50, F|100/100
|switch|p2a: Bomboclat 1|Gengar, L50, M, shiny|100/100
|switch|p2b: Bomboclat 2|Morpeko, L50, F, shiny|100/100
|turn|1
|
|t:|1785219977
|detailschange|p1a: Tera|Charizard-Mega-Y, L50, F, shiny
|-mega|p1a: Tera|Charizard|Charizardite Y
|-weather|SunnyDay|[from] ability: Drought|[of] p1a: Tera
|detailschange|p2a: Bomboclat 1|Gengar-Mega, L50, M, shiny
|-mega|p2a: Bomboclat 1|Gengar|Gengarite
|move|p2b: Bomboclat 2|Fake Out|p1a: Tera
|-damage|p1a: Tera|84/100
|move|p2a: Bomboclat 1|Perish Song|p2a: Bomboclat 1
|-start|p1a: Tera|perish3|[silent]
|-start|p1b: Gloria|perish3|[silent]
|-start|p2a: Bomboclat 1|perish3|[silent]
|-start|p2b: Bomboclat 2|perish3|[silent]
|-fieldactivate|move: Perish Song
|cant|p1a: Tera|flinch
|move|p1b: Gloria|Spikes|p2b: Bomboclat 2
|-sidestart|p2: 52Bomboclat|Spikes
|
|-weather|SunnyDay|[upkeep]
|-start|p2a: Bomboclat 1|perish3
|-start|p1a: Tera|perish3
|-start|p2b: Bomboclat 2|perish3
|-start|p1b: Gloria|perish3
|-formechange|p2b: Bomboclat 2|Morpeko-Hangry|
|upkeep
|turn|2
|
|t:|1785220038
|move|p2a: Bomboclat 1|Protect|p2a: Bomboclat 1
|-singleturn|p2a: Bomboclat 1|Protect
|move|p1a: Tera|Weather Ball|p2a: Bomboclat 1
|-activate|p2a: Bomboclat 1|move: Protect
|move|p2b: Bomboclat 2|Aura Wheel|p1b: Gloria
|-damage|p1b: Gloria|48/100
|-boost|p2b: Bomboclat 2|spe|1
|-activate|p1b: Gloria|ability: Toxic Debris
|-sidestart|p2: 52Bomboclat|move: Toxic Spikes
|move|p1b: Gloria|Sludge Bomb|p2b: Bomboclat 2
|-crit|p2b: Bomboclat 2
|-damage|p2b: Bomboclat 2|0 fnt
|faint|p2b: Bomboclat 2
|
|-weather|SunnyDay|[upkeep]
|-heal|p1b: Gloria|54/100|[from] item: Leftovers
|-start|p2a: Bomboclat 1|perish2
|-start|p1a: Tera|perish2
|-start|p1b: Gloria|perish2
|upkeep
|
|t:|1785220060
|switch|p2b: 🧒🏿|Rotom-Heat, L50|100/100
|turn|3
|
|t:|1785220114
|move|p2b: 🧒🏿|Thunderbolt|p1b: Gloria
|-damage|p1b: Gloria|16/100
|move|p2a: Bomboclat 1|Shadow Ball|p1a: Tera
|-damage|p1a: Tera|31/100
|move|p1a: Tera|Heat Wave|p2b: 🧒🏿|[spread] p2a,p2b
|-resisted|p2b: 🧒🏿|1
|-damage|p2a: Bomboclat 1|16/100
|-damage|p2b: 🧒🏿|64/100
|move|p1b: Gloria|Mortal Spin|p2b: 🧒🏿|[spread] p2a,p2b
|-resisted|p2a: Bomboclat 1|2
|-damage|p2a: Bomboclat 1|15/100
|-damage|p2b: 🧒🏿|60/100
|-status|p2b: 🧒🏿|psn
|
|-weather|SunnyDay|[upkeep]
|-heal|p1b: Gloria|22/100|[from] item: Leftovers
|-damage|p2b: 🧒🏿|48/100 psn|[from] psn
|-start|p2a: Bomboclat 1|perish1
|-start|p1a: Tera|perish1
|-start|p1b: Gloria|perish1
|upkeep
|turn|4
|
|t:|1785220149
|switch|p2a: Babiessss|Slowbro-Galar, L50, M|100/100
|-damage|p2a: Babiessss|87/100|[from] Spikes
|-sideend|p2: 52Bomboclat|move: Toxic Spikes|[of] p2a: Babiessss
|move|p1a: Tera|Protect|p1a: Tera
|-singleturn|p1a: Tera|Protect
|move|p2b: 🧒🏿|Thunderbolt|p1b: Gloria
|-damage|p1b: Gloria|0 fnt
|faint|p1b: Gloria
|
|-weather|SunnyDay|[upkeep]
|-damage|p2b: 🧒🏿|36/100 psn|[from] psn
|-start|p1a: Tera|perish0
|faint|p1a: Tera
|upkeep
|
|t:|1785220179
|switch|p1a: Riri|Raichu, L50, M, shiny|100/100
|switch|p1b: Wang|Kingambit, L50, M, shiny|100/100
|turn|5
|
|t:|1785220226
|switch|p2b: Bomboclat 1|Gengar-Mega, L50, M, shiny|15/100
|-damage|p2b: Bomboclat 1|3/100|[from] Spikes
|move|p2a: Babiessss|Protect|p2a: Babiessss
|-singleturn|p2a: Babiessss|Protect
|move|p1a: Riri|Volt Switch|p2a: Babiessss
|-activate|p2a: Babiessss|move: Protect
|move|p1b: Wang|Kowtow Cleave|p2b: Bomboclat 1
|-supereffective|p2b: Bomboclat 1|1
|-damage|p2b: Bomboclat 1|0 fnt
|faint|p2b: Bomboclat 1
|
|-weather|none
|upkeep
|
|t:|1785220242
|switch|p2b: 🧒🏿|Rotom-Heat, L50|36/100 psn
|turn|6
|
|t:|1785220263
|move|p2b: 🧒🏿|Overheat|p1b: Wang
|-supereffective|p1b: Wang|1
|-damage|p1b: Wang|1/100
|-unboost|p2b: 🧒🏿|spa|2
|move|p1a: Riri|Volt Switch|p2a: Babiessss
|-damage|p2a: Babiessss|59/100
|move|p1b: Wang|Kowtow Cleave|p2a: Babiessss
|-supereffective|p2a: Babiessss|1
|-damage|p2a: Babiessss|0 fnt
|faint|p2a: Babiessss
|
|-damage|p2b: 🧒🏿|24/100 psn|[from] psn
|upkeep
|turn|7
|
|t:|1785220341
|move|p2b: 🧒🏿|Overheat|p1b: Wang
|-supereffective|p1b: Wang|1
|-damage|p1b: Wang|0 fnt
|-unboost|p2b: 🧒🏿|spa|2
|faint|p1b: Wang
|move|p1a: Riri|Volt Switch|p2b: 🧒🏿
|-resisted|p2b: 🧒🏿|1
|-damage|p2b: 🧒🏿|8/100 psn
|
|-damage|p2b: 🧒🏿|0 fnt|[from] psn
|faint|p2b: 🧒🏿
|
|win|dipiisabum
|inactive|dipiisabum has 30 seconds to confirm battle start!
|inactive|52Bomboclat has 30 seconds to confirm battle start!
|inactive|dipiisabum has 20 seconds to confirm battle start!
|inactive|52Bomboclat has 20 seconds to confirm battle start!
||dipiisabum is ready for game 2.
|inactive|52Bomboclat has 10 seconds to confirm battle start!
