|j|☆guby6766
|j|☆ming0mang0
|html|guby6766ming0mang0    
|uhtml|bestof|Game 2 of a best-of-3
|t:|1756588114
|gametype|doubles
|player|p1|guby6766|1|1000
|player|p2|ming0mang0|harlequin|1084
|gen|9
|tier|[Gen 9] VGC 2025 Reg H (Bo3)
|rated|
|rule|Species Clause: Limit one of each Pokémon
|rule|Item Clause: Limit 1 of each item
|clearpoke
|poke|p1|Arcanine-Hisui, L50, M|
|poke|p1|Ursaluna-Bloodmoon, L50, M|
|poke|p1|Incineroar, L50, M|
|poke|p1|Annihilape, L50, M|
|poke|p1|Overqwil, L50, M|
|poke|p1|Bronzong, L50|
|poke|p2|Porygon2, L50|
|poke|p2|Hydreigon, L50, F|
|poke|p2|Incineroar, L50, M|
|poke|p2|Garchomp, L50, F|
|poke|p2|Amoonguss, L50, F|
|poke|p2|Gholdengo, L50|
|teampreview|4
|showteam|p1|Arcanine-Hisui||FocusSash|Intimidate|FlareBlitz,RockSlide,FlameCharge,Howl|||M|||50|,,,,,Ghost]Ursaluna-Bloodmoon||LifeOrb|MindsEye|BloodMoon,EarthPower,Moonblast,Protect|||M|||50|,,,,,Fairy]Incineroar||RockyHelmet|Intimidate|FlareBlitz,KnockOff,FakeOut,CloseCombat|||M|||50|,,,,,Ghost]Annihilape||LaggingTail|Defiant|FinalGambit,RageFist,HelpingHand,Protect|||M|||50|,,,,,Grass]Overqwil||AssaultVest|Intimidate|BarbBarrage,ThroatChop,FellStinger,Liquidation|||M|||50|,,,,,Water]Bronzong||RedCard|Heatproof|TrickRoom,IronDefense,BodyPress,HeavySlam||||||50|,,,,,Fighting
|showteam|p2|Porygon2||Eviolite|Download|TeraBlast,IceBeam,TrickRoom,Recover||||||50|,,,,,Fighting]Hydreigon||SafetyGoggles|Levitate|Snarl,DracoMeteor,Tailwind,Protect|||F|||50|,,,,,Ghost]Incineroar||SitrusBerry|Intimidate|FlareBlitz,KnockOff,PartingShot,FakeOut|||M|||50|,,,,,Grass]Garchomp||LoadedDice|RoughSkin|ScaleShot,Earthquake,StompingTantrum,Protect|||F|||50|,,,,,Fire]Amoonguss||CovertCloak|Regenerator|PollenPuff,Spore,RagePowder,Protect|||F|||50|,,,,,Fire]Gholdengo||MetalCoat|GoodasGold|MakeItRain,ShadowBall,NastyPlot,Protect||||||50|,,,,,Flying
|inactive|Battle timer is ON: inactive players will automatically lose when time's up. (requested by guby6766)
|inactive|guby6766 has 60 seconds left.
|inactive|ming0mang0 has 60 seconds left.
|inactive|ming0mang0 has 30 seconds left.
|inactive|ming0mang0 has 20 seconds left.
|inactive|ming0mang0 has 15 seconds left.
|inactive|ming0mang0 has 10 seconds left.
|
|t:|1756588197
|teamsize|p1|4
|teamsize|p2|4
|start
|switch|p1a: Bronzong|Bronzong, L50|100/100
|switch|p1b: Incineroar|Incineroar, L50, M|100/100
|switch|p2a: Hydreigon|Hydreigon, L50, F, shiny|100/100
|switch|p2b: Incineroar|Incineroar, L50, M, shiny|100/100
|-ability|p2b: Incineroar|Intimidate|boost
|-unboost|p1a: Bronzong|atk|1
|-unboost|p1b: Incineroar|atk|1
|-ability|p1b: Incineroar|Intimidate|boost
|-unboost|p2a: Hydreigon|atk|1
|-unboost|p2b: Incineroar|atk|1
|turn|1
|inactive|guby6766 has 30 seconds left.
|inactive|ming0mang0 has 30 seconds left.
|inactive|ming0mang0 has 20 seconds left.
|inactive|ming0mang0 has 15 seconds left.
|inactive|ming0mang0 has 10 seconds left.
|inactive|ming0mang0 has 5 seconds left.
|
|t:|1756588250
|-terastallize|p1a: Bronzong|Fighting
|move|p2b: Incineroar|Fake Out|p1b: Incineroar
|-damage|p1b: Incineroar|95/100
|-damage|p2b: Incineroar|84/100|[from] item: Rocky Helmet|[of] p1b: Incineroar
|cant|p1b: Incineroar|flinch
|move|p2a: Hydreigon|Snarl|p1b: Incineroar|[spread] p1a,p1b
|-resisted|p1a: Bronzong
|-resisted|p1b: Incineroar
|-damage|p1a: Bronzong|92/100
|-damage|p1b: Incineroar|85/100
|-unboost|p1a: Bronzong|spa|1
|-unboost|p1b: Incineroar|spa|1
|-enditem|p1a: Bronzong|Red Card|[of] p2a: Hydreigon
|drag|p2a: Garchomp|Garchomp, L50, F, shiny|100/100
|move|p1a: Bronzong|Trick Room|p1a: Bronzong
|-fieldstart|move: Trick Room|[of] p1a: Bronzong
|
|upkeep
|turn|2
|inactive|guby6766 has 30 seconds left.
|inactive|ming0mang0 has 30 seconds left.
|inactive|guby6766 has 20 seconds left.
|inactive|ming0mang0 has 20 seconds left.
|
|t:|1756588289
|move|p2a: Garchomp|Protect|p2a: Garchomp
|-singleturn|p2a: Garchomp|Protect
|move|p1a: Bronzong|Iron Defense|p1a: Bronzong
|-boost|p1a: Bronzong|def|2
|move|p1b: Incineroar|Knock Off|p2a: Garchomp
|-activate|p2a: Garchomp|move: Protect
|move|p2b: Incineroar|Parting Shot|p1b: Incineroar
|-unboost|p1b: Incineroar|atk|1
|-unboost|p1b: Incineroar|spa|1
|
|t:|1756588299
|switch|p2b: Amoonguss|Amoonguss, L50, F, shiny|100/100|[from] Parting Shot
|
|upkeep
|turn|3
|inactive|ming0mang0 has 30 seconds left.
|
|t:|1756588332
|switch|p2a: Incineroar|Incineroar, L50, M, shiny|84/100
|-ability|p2a: Incineroar|Intimidate|boost
|-unboost|p1a: Bronzong|atk|1
|-unboost|p1b: Incineroar|atk|1
|move|p2b: Amoonguss|Spore|p1a: Bronzong
|-status|p1a: Bronzong|slp|[from] move: Spore
|cant|p1a: Bronzong|slp
|move|p1b: Incineroar|Knock Off|p2a: Incineroar
|-resisted|p2a: Incineroar
|-damage|p2a: Incineroar|77/100
|-enditem|p2a: Incineroar|Sitrus Berry|[from] move: Knock Off|[of] p1b: Incineroar
|
|upkeep
|turn|4
|inactive|ming0mang0 has 30 seconds left.
|
|t:|1756588363
|move|p2b: Amoonguss|Spore|p1b: Incineroar
|-status|p1b: Incineroar|slp|[from] move: Spore
|cant|p1a: Bronzong|slp
|cant|p1b: Incineroar|slp
|move|p2a: Incineroar|Knock Off|p1b: Incineroar
|-resisted|p1b: Incineroar
|-damage|p1b: Incineroar|70/100 slp
|-damage|p2a: Incineroar|60/100|[from] item: Rocky Helmet|[of] p1b: Incineroar
|-enditem|p1b: Incineroar|Rocky Helmet|[from] move: Knock Off|[of] p2a: Incineroar
|
|upkeep
|turn|5
|inactive|ming0mang0 has 30 seconds left.
|inactive|ming0mang0 has 20 seconds left.
|inactive|ming0mang0 has 15 seconds left.
|
|t:|1756588407
|switch|p2b: Hydreigon|Hydreigon, L50, F, shiny|100/100
|-curestatus|p1a: Bronzong|slp|[msg]
|move|p1a: Bronzong|Body Press|p2a: Incineroar
|-supereffective|p2a: Incineroar
|-damage|p2a: Incineroar|0 fnt
|faint|p2a: Incineroar
|cant|p1b: Incineroar|slp
|
|-fieldend|move: Trick Room
|upkeep
|
|t:|1756588418
|switch|p2a: Garchomp|Garchomp, L50, F, shiny|100/100
|turn|6
|inactive|ming0mang0 has 30 seconds left.
|
|t:|1756588447
|-terastallize|p2b: Hydreigon|Ghost
|move|p2b: Hydreigon|Tailwind|p2b: Hydreigon
|-sidestart|p2: ming0mang0|move: Tailwind
|move|p2a: Garchomp|Stomping Tantrum|p1b: Incineroar
|-supereffective|p1b: Incineroar
|-damage|p1b: Incineroar|10/100 slp
|-curestatus|p1b: Incineroar|slp|[msg]
|move|p1b: Incineroar|Knock Off|p2a: Garchomp
|-damage|p2a: Garchomp|84/100
|-damage|p1b: Incineroar|0 fnt|[from] ability: Rough Skin|[of] p2a: Garchomp
|faint|p1b: Incineroar
|move|p1a: Bronzong|Trick Room|p1a: Bronzong
|-fieldstart|move: Trick Room|[of] p1a: Bronzong
|
|upkeep
|
|t:|1756588465
|switch|p1b: Annihilape|Annihilape, L50, M|100/100
|turn|7
|
|t:|1756588482
|move|p2a: Garchomp|Protect|p2a: Garchomp
|-singleturn|p2a: Garchomp|Protect
|move|p1a: Bronzong|Body Press|p2a: Garchomp
|-activate|p2a: Garchomp|move: Protect
|move|p2b: Hydreigon|Draco Meteor|p1a: Bronzong
|-damage|p1a: Bronzong|42/100
|-unboost|p2b: Hydreigon|spa|2
|move|p1b: Annihilape|Rage Fist|p2b: Hydreigon
|-supereffective|p2b: Hydreigon
|-damage|p2b: Hydreigon|62/100
|
|upkeep
|turn|8
|
|t:|1756588502
|switch|p2a: Amoonguss|Amoonguss, L50, F, shiny|100/100
|move|p2b: Hydreigon|Protect|p2b: Hydreigon
|-singleturn|p2b: Hydreigon|Protect
|move|p1a: Bronzong|Body Press|p2a: Amoonguss
|-resisted|p2a: Amoonguss
|-damage|p2a: Amoonguss|68/100
|move|p1b: Annihilape|Rage Fist|p2b: Hydreigon
|-activate|p2b: Hydreigon|move: Protect
|
|upkeep
|turn|9
|inactive|guby6766 has 30 seconds left.
|inactive|ming0mang0 has 30 seconds left.
|
|t:|1756588530
|switch|p2b: Garchomp|Garchomp, L50, F, shiny|84/100
|move|p1a: Bronzong|Body Press|p2a: Amoonguss
|-resisted|p2a: Amoonguss
|-damage|p2a: Amoonguss|33/100
|move|p2a: Amoonguss|Spore|p1b: Annihilape
|-status|p1b: Annihilape|slp|[from] move: Spore
|cant|p1b: Annihilape|slp
|
|-sideend|p2: ming0mang0|move: Tailwind
|upkeep
|turn|10
|inactive|guby6766 has 30 seconds left.
|
|t:|1756588560
|move|p2a: Amoonguss|Spore|p1a: Bronzong
|-status|p1a: Bronzong|slp|[from] move: Spore
|cant|p1a: Bronzong|slp
|move|p2b: Garchomp|Scale Shot|p1a: Bronzong
|-damage|p1a: Bronzong|36/100 slp
|-damage|p1a: Bronzong|30/100 slp
|-damage|p1a: Bronzong|25/100 slp
|-damage|p1a: Bronzong|19/100 slp
|-damage|p1a: Bronzong|13/100 slp
|-hitcount|p1a: Bronzong|5
|-unboost|p2b: Garchomp|def|1
|-boost|p2b: Garchomp|spe|1
|cant|p1b: Annihilape|slp
|
|-fieldend|move: Trick Room
|upkeep
|turn|11
|inactive|guby6766 has 30 seconds left.
|inactive|ming0mang0 has 30 seconds left.
|inactive|ming0mang0 has 20 seconds left.
|inactive|ming0mang0 has 15 seconds left.
|inactive|ming0mang0 has 10 seconds left.
|
|t:|1756588607
|cant|p1b: Annihilape|slp
|move|p2b: Garchomp|Stomping Tantrum|p1a: Bronzong
|-damage|p1a: Bronzong|0 fnt
|faint|p1a: Bronzong
|move|p2a: Amoonguss|Pollen Puff|p2b: Garchomp
|-heal|p2b: Garchomp|100/100
|
|upkeep
|
|t:|1756588617
|switch|p1a: Ursaluna|Ursaluna-Bloodmoon, L50, M|100/100
|turn|12
|inactive|ming0mang0 has 30 seconds left.
|inactive|ming0mang0 has 20 seconds left.
|inactive|ming0mang0 has 15 seconds left.
|inactive|ming0mang0 has 10 seconds left.
|
|t:|1756588664
|-curestatus|p1b: Annihilape|slp|[msg]
|move|p1b: Annihilape|Helping Hand|p1a: Ursaluna
|-singleturn|p1a: Ursaluna|Helping Hand|[of] p1b: Annihilape
|move|p2b: Garchomp|Stomping Tantrum|p1b: Annihilape
|-damage|p1b: Annihilape|67/100
|move|p1a: Ursaluna|Moonblast|p2b: Garchomp
|-supereffective|p2b: Garchomp
|-damage|p2b: Garchomp|0 fnt
|faint|p2b: Garchomp
|-damage|p1a: Ursaluna|91/100|[from] item: Life Orb
|move|p2a: Amoonguss|Spore|p1a: Ursaluna
|-status|p1a: Ursaluna|slp|[from] move: Spore
|
|upkeep
|inactive|ming0mang0 has 30 seconds left.
|
|t:|1756588677
|switch|p2b: Hydreigon|Hydreigon, L50, F, shiny, tera:Ghost|62/100
|turn|13
|inactive|ming0mang0 has 25 seconds left this turn.
|inactive|ming0mang0 has 20 seconds left.
|inactive|ming0mang0 has 15 seconds left.
|inactive|ming0mang0 has 10 seconds left.
|inactive|ming0mang0 has 5 seconds left.
|-message|ming0mang0 lost due to inactivity.
|
|win|guby6766
|raw|guby6766's rating: 1000 → 1049(+49 for winning)
|raw|ming0mang0's rating: 1084 → 1056(-28 for losing)
|l|☆guby6766
|player|p1|
