|j|☆washingtongargacha
|j|☆anlerz
|html|washingtongargachaanlerz    
|uhtml|bestof|Game 2 of a best-of-3
|t:|1757692889
|gametype|doubles
|player|p1|washingtongargacha|102|1172
|player|p2|anlerz|giovanni|1205
|gen|9
|tier|[Gen 9] VGC 2025 Reg H (Bo3)
|rated|
|rule|Species Clause: Limit one of each Pokémon
|rule|Item Clause: Limit 1 of each item
|clearpoke
|poke|p1|Talonflame, L50, M|
|poke|p1|Gholdengo, L50|
|poke|p1|Dragonite, L50, M|
|poke|p1|Archaludon, L50, F|
|poke|p1|Tyranitar, L50, M|
|poke|p1|Garchomp, L50, M|
|poke|p2|Dragapult, L50, M|
|poke|p2|Rillaboom, L50, M|
|poke|p2|Volcarona, L50, M|
|poke|p2|Electabuzz, L50, M|
|poke|p2|Dondozo, L50, M|
|poke|p2|Sneasler, L50, F|
|teampreview|4
|showteam|p1|Talonflame||LifeOrb|GaleWings|Tailwind,DualWingbeat,Taunt,FlareBlitz|||M|||50|,,,,,Ghost]Gholdengo||ChoiceSpecs|GoodasGold|MakeItRain,SteelBeam,ShadowBall,PowerGem||||||50|,,,,,Flying]Dragonite||LoadedDice|Multiscale|ScaleShot,IceSpinner,Haze,Protect|||M|||50|,,,,,Steel]Archaludon||PowerHerb|Sturdy|FlashCannon,ElectroShot,DracoMeteor,Protect|||F|||50|,,,,,Flying]Tyranitar||AssaultVest|SandStream|KnockOff,RockSlide,TeraBlast,LowKick|||M|||50|,,,,,Flying]Garchomp||EarthPlate|RoughSkin|DragonClaw,StompingTantrum,Earthquake,Protect|||M|||50|,,,,,Steel
|showteam|p2|Dragapult||LifeOrb|ClearBody|DragonDarts,PhantomForce,Uturn,Protect|||M|||50|,,,,,Water]Rillaboom||AssaultVest|GrassySurge|WoodHammer,HighHorsepower,GrassyGlide,FakeOut|||M|||50|,,,,,Fire]Volcarona||CovertCloak|FlameBody|HeatWave,TeraBlast,QuiverDance,Protect|||M|||50|,,,,,Fairy]Electabuzz||Eviolite|VitalSpirit|Thunderbolt,FollowMe,Taunt,Protect|||M|||50|,,,,,Ghost]Dondozo||Leftovers|Unaware|WaveCrash,Fissure,Yawn,Protect|||M|||50|,,,,,Poison]Sneasler||FocusSash|Unburden|DireClaw,CloseCombat,FakeOut,Protect|||F|||50|,,,,,Dark
|inactive|Battle timer is ON: inactive players will automatically lose when time's up. (requested by anlerz)
|inactive|washingtongargacha has 60 seconds left.
|
|t:|1757692941
|teamsize|p1|4
|teamsize|p2|4
|start
|switch|p1a: Talonflame|Talonflame, L50, M|100/100
|switch|p1b: Tyranitar|Tyranitar, L50, M|100/100
|switch|p2a: Sneasler|Sneasler, L50, F|100/100
|switch|p2b: Dondozo|Dondozo, L50, M|100/100
|-weather|Sandstorm|[from] ability: Sand Stream|[of] p1b: Tyranitar
|turn|1
|
|t:|1757692958
|switch|p1b: Gholdengo|Gholdengo, L50|100/100
|move|p2a: Sneasler|Fake Out|p1a: Talonflame
|-damage|p1a: Talonflame|83/100
|cant|p1a: Talonflame|flinch
|move|p2b: Dondozo|Yawn|p1b: Gholdengo
|-immune|p1b: Gholdengo|[from] ability: Good as Gold
|
|-weather|Sandstorm|[upkeep]
|-damage|p1a: Talonflame|77/100|[from] Sandstorm
|-damage|p2a: Sneasler|95/100|[from] Sandstorm
|-damage|p2b: Dondozo|94/100|[from] Sandstorm
|-heal|p2b: Dondozo|100/100|[from] item: Leftovers
|upkeep
|turn|2
|inactive|washingtongargacha has 30 seconds left.
|inactive|anlerz has 30 seconds left.
|inactive|washingtongargacha has 20 seconds left.
|
|t:|1757692995
|move|p1a: Talonflame|Dual Wingbeat|p2b: Dondozo
|-damage|p2b: Dondozo|91/100
|-damage|p2b: Dondozo|80/100
|-hitcount|p2b: Dondozo|2
|-damage|p1a: Talonflame|68/100|[from] item: Life Orb
|move|p2a: Sneasler|Dire Claw|p1a: Talonflame
|-damage|p1a: Talonflame|12/100
|-status|p1a: Talonflame|psn
|move|p1b: Gholdengo|Shadow Ball|p2b: Dondozo
|-damage|p2b: Dondozo|34/100
|move|p2b: Dondozo|Wave Crash|p1a: Talonflame
|-supereffective|p1a: Talonflame
|-damage|p1a: Talonflame|0 fnt
|faint|p1a: Talonflame
|-damage|p2b: Dondozo|32/100|[from] Recoil
|
|-weather|Sandstorm|[upkeep]
|-damage|p2a: Sneasler|89/100|[from] Sandstorm
|-damage|p2b: Dondozo|25/100|[from] Sandstorm
|-heal|p2b: Dondozo|32/100|[from] item: Leftovers
|upkeep
|inactive|washingtongargacha has 30 seconds left.
|
|t:|1757693023
|switch|p1a: Tyranitar|Tyranitar, L50, M|100/100
|turn|3
|
|t:|1757693046
|-terastallize|p1a: Tyranitar|Flying
|move|p2a: Sneasler|Dire Claw|p1a: Tyranitar
|-damage|p1a: Tyranitar|64/100
|move|p1b: Gholdengo|Shadow Ball|p2b: Dondozo
|-damage|p2b: Dondozo|0 fnt
|faint|p2b: Dondozo
|move|p1a: Tyranitar|Tera Blast|p2a: Sneasler|[anim] Tera Blast Flying
|-supereffective|p2a: Sneasler
|-crit|p2a: Sneasler
|-damage|p2a: Sneasler|0 fnt
|faint|p2a: Sneasler
|
|-weather|Sandstorm|[upkeep]
|-damage|p1a: Tyranitar|58/100|[from] Sandstorm
|upkeep
|
|t:|1757693058
|switch|p2a: Dragapult|Dragapult, L50, M|100/100
|switch|p2b: Rillaboom|Rillaboom, L50, M|100/100
|-fieldstart|move: Grassy Terrain|[from] ability: Grassy Surge|[of] p2b: Rillaboom
|turn|4
|inactive|anlerz has 30 seconds left.
|inactive|anlerz has 20 seconds left.
|inactive|anlerz has 15 seconds left.
|inactive|washingtongargacha has 30 seconds left.
|inactive|anlerz has 10 seconds left.
|inactive|anlerz has 5 seconds left.
|
|t:|1757693108
|-terastallize|p2b: Rillaboom|Fire
|move|p2a: Dragapult|Protect|p2a: Dragapult
|-singleturn|p2a: Dragapult|Protect
|move|p1b: Gholdengo|Shadow Ball|p2b: Rillaboom
|-damage|p2b: Rillaboom|53/100
|move|p2b: Rillaboom|High Horsepower|p1b: Gholdengo
|-supereffective|p1b: Gholdengo
|-damage|p1b: Gholdengo|28/100
|move|p1a: Tyranitar|Tera Blast|p2b: Rillaboom|[anim] Tera Blast Flying
|-damage|p2b: Rillaboom|17/100
|
|-weather|Sandstorm|[upkeep]
|-damage|p2a: Dragapult|94/100|[from] Sandstorm
|-damage|p2b: Rillaboom|11/100|[from] Sandstorm
|-damage|p1a: Tyranitar|52/100|[from] Sandstorm
|-heal|p2a: Dragapult|100/100|[from] Grassy Terrain
|-heal|p1b: Gholdengo|34/100|[from] Grassy Terrain
|-heal|p2b: Rillaboom|17/100|[from] Grassy Terrain
|upkeep
|turn|5
|inactive|washingtongargacha has 30 seconds left.
|inactive|washingtongargacha has 20 seconds left.
|inactive|washingtongargacha has 15 seconds left.
|inactive|washingtongargacha has 10 seconds left.
|
|t:|1757693155
|move|p2b: Rillaboom|Grassy Glide|p1b: Gholdengo
|-resisted|p1b: Gholdengo
|-damage|p1b: Gholdengo|12/100
|move|p2a: Dragapult|Dragon Darts|p1a: Tyranitar
|-damage|p1a: Tyranitar|23/100
|-anim|p2a: Dragapult|Dragon Darts|p1b: Gholdengo
|-resisted|p1b: Gholdengo
|-damage|p1b: Gholdengo|0 fnt
|faint|p1b: Gholdengo
|-damage|p2a: Dragapult|91/100|[from] item: Life Orb
|move|p1a: Tyranitar|Knock Off|p2b: Rillaboom
|-damage|p2b: Rillaboom|0 fnt
|-enditem|p2b: Rillaboom|Assault Vest|[from] move: Knock Off|[of] p1a: Tyranitar
|faint|p2b: Rillaboom
|
|-weather|none
|-heal|p2a: Dragapult|97/100|[from] Grassy Terrain
|upkeep
|
|t:|1757693170
|switch|p1b: Garchomp|Garchomp, L50, M|100/100
|turn|6
|
|t:|1757693187
|move|p2a: Dragapult|Dragon Darts|p1a: Tyranitar
|-damage|p1a: Tyranitar|0 fnt
|-anim|p2a: Dragapult|Dragon Darts|p1b: Garchomp
|-supereffective|p1b: Garchomp
|-damage|p1b: Garchomp|31/100
|faint|p1a: Tyranitar
|-damage|p2a: Dragapult|88/100|[from] item: Life Orb
|move|p1b: Garchomp|Dragon Claw|p2a: Dragapult
|-supereffective|p2a: Dragapult
|-damage|p2a: Dragapult|0 fnt
|faint|p2a: Dragapult
|
|win|washingtongargacha
|raw|washingtongargacha's rating: 1172 → 1199(+27 for winning)
|raw|anlerz's rating: 1205 → 1178(-27 for losing)
