|j|☆Klerion
|j|☆yoobman
|html|Klerionyoobman    
|uhtml|bestof|Game 1 of a best-of-3
|t:|1757635974
|gametype|doubles
|player|p1|Klerion|scientist-gen4|1152
|player|p2|yoobman|265|1090
|gen|9
|tier|[Gen 9] VGC 2025 Reg H (Bo3)
|rated|
|rule|Species Clause: Limit one of each Pokémon
|rule|Item Clause: Limit 1 of each item
|clearpoke
|poke|p1|Pyroar, L50, F|
|poke|p1|Annihilape, L50, M|
|poke|p1|Murkrow, L50, F|
|poke|p1|Maushold-Four, L50|
|poke|p1|Milotic, L50, F|
|poke|p1|Garchomp, L50, M|
|poke|p2|Gholdengo, L50|
|poke|p2|Incineroar, L50, M|
|poke|p2|Farigiraf, L50, F|
|poke|p2|Baxcalibur, L50, F|
|poke|p2|Primarina, L50, M|
|poke|p2|Murkrow, L50, F|
|teampreview|4
|showteam|p1|Pyroar||FocusSash|Rivalry|Protect,HeatWave,HyperVoice,WillOWisp|||F|||50|,,,,,Fire]Annihilape||Leftovers|Defiant|Protect,Coaching,CloseCombat,RageFist|||M|||50|,,,,,Fire]Murkrow||Eviolite|Prankster|Protect,Tailwind,Taunt,FoulPlay|||F|||50|,,,,,Dark]Maushold-Four||WideLens|Technician|Protect,FollowMe,BeatUp,PopulationBomb||||||50|,,,,,Ghost]Milotic||AssaultVest|Competitive|AlluringVoice,MuddyWater,Scald,IceBeam|||F|||50|,,,,,Grass]Garchomp||LifeOrb|RoughSkin|Protect,StompingTantrum,DragonClaw,Earthquake|||M|||50|,,,,,Ground
|showteam|p2|Gholdengo||SitrusBerry|GoodasGold|NastyPlot,MakeItRain,ShadowBall,Protect||||||50|,,,,,Water]Incineroar||SafetyGoggles|Intimidate|FakeOut,PartingShot,FlareBlitz,KnockOff|||M|||50|,,,,,Water]Farigiraf||Leftovers|ArmorTail|TrickRoom,HelpingHand,Protect,Psychic|||F|||50|,,,,,Dark]Baxcalibur||LoadedDice|ThermalExchange|IceShard,IcicleSpear,ScaleShot,Protect|||F|||50|,,,,,Steel]Primarina||ChoiceSpecs|LiquidVoice|HyperVoice,Moonblast,DazzlingGleam,DrainingKiss|||M|||50|,,,,,Water]Murkrow||FocusSash|Prankster|RainDance,Tailwind,Taunt,IcyWind|||F|||50|,,,,,Ghost
|
|t:|1757636026
|teamsize|p1|4
|teamsize|p2|4
|start
|switch|p1a: Annihilape|Annihilape, L50, M|100/100
|switch|p1b: Maushold|Maushold-Four, L50|100/100
|switch|p2a: Primarina|Primarina, L50, M|100/100
|switch|p2b: Murkrow|Murkrow, L50, F|100/100
|turn|1
|
|t:|1757636054
|-terastallize|p2a: Primarina|Water
|move|p1a: Annihilape|Protect|p1a: Annihilape
|-singleturn|p1a: Annihilape|Protect
|move|p2b: Murkrow|Tailwind|p2b: Murkrow
|-sidestart|p2: yoobman|move: Tailwind
|move|p2a: Primarina|Hyper Voice|p1a: Annihilape|[spread] p1b
|-activate|p1a: Annihilape|move: Protect
|-damage|p1b: Maushold|0 fnt
|faint|p1b: Maushold
|
|upkeep
|
|t:|1757636067
|switch|p1b: Milotic|Milotic, L50, F|100/100
|turn|2
|
|t:|1757636083
|move|p2b: Murkrow|Rain Dance|p2b: Murkrow
|-weather|RainDance
|move|p2a: Primarina|Hyper Voice|p1b: Milotic|[spread] p1a,p1b
|-resisted|p1b: Milotic
|-damage|p1a: Annihilape|0 fnt
|-damage|p1b: Milotic|71/100
|faint|p1a: Annihilape
|move|p1b: Milotic|Muddy Water|p2a: Primarina|[spread] p2b
|-miss|p1b: Milotic|p2a: Primarina
|-damage|p2b: Murkrow|8/100
|
|-weather|RainDance|[upkeep]
|upkeep
|
|t:|1757636091
|switch|p1a: Murkrow|Murkrow, L50, F|100/100
|turn|3
|
|t:|1757636113
|move|p1a: Murkrow|Protect|p1a: Murkrow
|-singleturn|p1a: Murkrow|Protect
|move|p2b: Murkrow|Taunt|p1b: Milotic
|-start|p1b: Milotic|move: Taunt
|move|p2a: Primarina|Hyper Voice|p1b: Milotic|[spread] p1b
|-activate|p1a: Murkrow|move: Protect
|-resisted|p1b: Milotic
|-damage|p1b: Milotic|44/100
|move|p1b: Milotic|Muddy Water|p2a: Primarina|[spread] p2a,p2b
|-resisted|p2a: Primarina
|-damage|p2a: Primarina|80/100
|-damage|p2b: Murkrow|0 fnt
|-unboost|p2a: Primarina|accuracy|1
|faint|p2b: Murkrow
|
|-weather|RainDance|[upkeep]
|upkeep
|
|t:|1757636128
|switch|p2b: Gholdengo|Gholdengo, L50|100/100
|turn|4
|
|t:|1757636136
|move|p1a: Murkrow|Tailwind|p1a: Murkrow
|-sidestart|p1: Klerion|move: Tailwind
|move|p2b: Gholdengo|Make It Rain|p1b: Milotic|[spread] p1a,p1b
|-resisted|p1b: Milotic
|-damage|p1a: Murkrow|46/100
|-damage|p1b: Milotic|31/100
|-unboost|p2b: Gholdengo|spa|1
|move|p1b: Milotic|Muddy Water|p2b: Gholdengo|[spread] p2a,p2b
|-resisted|p2a: Primarina
|-damage|p2a: Primarina|60/100
|-damage|p2b: Gholdengo|55/100
|move|p2a: Primarina|Hyper Voice|p1a: Murkrow|[spread] p1a,p1b
|-resisted|p1b: Milotic
|-damage|p1a: Murkrow|0 fnt
|-damage|p1b: Milotic|1/100
|faint|p1a: Murkrow
|
|-weather|RainDance|[upkeep]
|-sideend|p2: yoobman|move: Tailwind
|upkeep
|turn|5
|-message|Klerion forfeited.
|
|win|yoobman
|l|☆Klerion
|player|p1|
||Klerion is ready for game 2.
|inactive|yoobman has 30 seconds to confirm battle start!
||yoobman is ready for game 2.
|uhtml|next|Next: Game 2 of 3
|l|☆yoobman
|player|p2|
