|j|☆houseofpros
|j|☆stittur##-
|html|houseofprosstittur##-    
|uhtml|bestof|Game 2 of a best-of-3
|t:|1756962224
|gametype|doubles
|player|p1|houseofpros|lucas-gen4pt|1141
|player|p2|stittur##-|169|1001
|gen|9
|tier|[Gen 9] VGC 2025 Reg H (Bo3)
|rated|
|rule|Species Clause: Limit one of each Pokémon
|rule|Item Clause: Limit 1 of each item
|clearpoke
|poke|p1|Amoonguss, L50, F|
|poke|p1|Goodra-Hisui, L50, F|
|poke|p1|Politoed, L50, F|
|poke|p1|Ludicolo, L50, M|
|poke|p1|Scizor, L50, M|
|poke|p1|Tauros-Paldea-Aqua, L50, M|
|poke|p2|Archaludon, L50, M|
|poke|p2|Amoonguss, L50, M|
|poke|p2|Gholdengo, L50|
|poke|p2|Farigiraf, L50, M|
|poke|p2|Hydreigon, L50, M|
|poke|p2|Whimsicott, L50, M|
|teampreview|4
|showteam|p1|Amoonguss||RockyHelmet|Regenerator|Spore,RagePowder,PollenPuff,LeafStorm|||F|||50|,,,,,Bug]Goodra-Hisui||AssaultVest|SapSipper|HydroPump,DracoMeteor,HeavySlam,DragonPulse|||F|||50|,,,,,Stellar]Politoed||SitrusBerry|Drizzle|Protect,WeatherBall,HelpingHand,PerishSong|||F|||50|,,,,,Grass]Ludicolo||MysticWater|SwiftSwim|FakeOut,HydroPump,EnergyBall,Protect|||M|||50|,,,,,Stellar]Scizor||ClearAmulet|Technician|KnockOff,BulletPunch,BugBite,Protect|||M|||50|,,,,,Stellar]Tauros-Paldea-Aqua||SafetyGoggles|Intimidate|AquaJet,CloseCombat,WaveCrash,Protect|||M|||50|,,,,,Fighting
|showteam|p2|Archaludon||PowerHerb|Sturdy|ElectroShot,TeraBlast,DragonPulse,Protect|||M|||50|,,,,,Flying]Amoonguss||Leftovers|Regenerator|RagePowder,ClearSmog,Protect,Spore|||M|||50|,,,,,Water]Gholdengo||LifeOrb|GoodasGold|Protect,TeraBlast,NastyPlot,MakeItRain||||||50|,,,,,Water]Farigiraf||SitrusBerry|ArmorTail|TrickRoom,Protect,DazzlingGleam,AllySwitch|||M|||50|,,,,,Fairy]Hydreigon||ChoiceSpecs|Levitate|DarkPulse,EarthPower,DracoMeteor,HeatWave|||M|||50|,,,,,Fire]Whimsicott||FocusSash|Prankster|Protect,Moonblast,Tailwind,Encore|||M|||50|,,,,,Fire
|inactive|Battle timer is ON: inactive players will automatically lose when time's up. (requested by stittur##-)
|inactive|houseofpros has 60 seconds left.
|
|t:|1756962282
|teamsize|p1|4
|teamsize|p2|4
|start
|switch|p1a: Goodra|Goodra-Hisui, L50, F, shiny|100/100
|switch|p1b: Tauros|Tauros-Paldea-Aqua, L50, M|100/100
|switch|p2a: Hydreigon|Hydreigon, L50, M|100/100
|switch|p2b: Amoonguss|Amoonguss, L50, M|100/100
|-ability|p1b: Tauros|Intimidate|boost
|-unboost|p2a: Hydreigon|atk|1
|-unboost|p2b: Amoonguss|atk|1
|turn|1
|inactive|houseofpros has 30 seconds left.
|inactive|houseofpros has 20 seconds left.
|inactive|houseofpros has 15 seconds left.
|
|t:|1756962323
|switch|p2a: Whimsicott|Whimsicott, L50, M|100/100
|switch|p1a: Amoonguss|Amoonguss, L50, F|100/100
|move|p1b: Tauros|Close Combat|p2a: Whimsicott
|-resisted|p2a: Whimsicott
|-damage|p2a: Whimsicott|53/100
|-unboost|p1b: Tauros|def|1
|-unboost|p1b: Tauros|spd|1
|move|p2b: Amoonguss|Spore|p1a: Amoonguss
|-immune|p1a: Amoonguss
|
|upkeep
|turn|2
|inactive|houseofpros has 30 seconds left.
|inactive|stittur##- has 30 seconds left.
|
|t:|1756962356
|switch|p1b: Goodra|Goodra-Hisui, L50, F, shiny|100/100
|switch|p2b: Gholdengo|Gholdengo, L50|100/100
|move|p2a: Whimsicott|Encore||[still]
|-fail|p2a: Whimsicott
|move|p1a: Amoonguss|Pollen Puff|p2a: Whimsicott
|-damage|p2a: Whimsicott|23/100
|
|upkeep
|turn|3
|inactive|houseofpros has 30 seconds left.
|inactive|stittur##- has 30 seconds left.
|inactive|houseofpros has 20 seconds left.
|inactive|houseofpros has 15 seconds left.
|
|t:|1756962399
|switch|p1a: Politoed|Politoed, L50, F|100/100
|-weather|RainDance|[from] ability: Drizzle|[of] p1a: Politoed
|move|p2a: Whimsicott|Protect|p2a: Whimsicott
|-singleturn|p2a: Whimsicott|Protect
|move|p2b: Gholdengo|Protect|p2b: Gholdengo
|-singleturn|p2b: Gholdengo|Protect
|move|p1b: Goodra|Heavy Slam|p2a: Whimsicott
|-activate|p2a: Whimsicott|move: Protect
|
|-weather|RainDance|[upkeep]
|upkeep
|turn|4
|inactive|houseofpros has 30 seconds left.
|inactive|stittur##- has 30 seconds left.
|inactive|stittur##- has 20 seconds left.
|inactive|houseofpros has 20 seconds left.
|inactive|stittur##- has 15 seconds left.
|inactive|houseofpros has 15 seconds left.
|
|t:|1756962448
|move|p2a: Whimsicott|Tailwind|p2a: Whimsicott
|-sidestart|p2: stittur##-|move: Tailwind
|move|p2b: Gholdengo|Nasty Plot|p2b: Gholdengo
|-boost|p2b: Gholdengo|spa|2
|move|p1a: Politoed|Weather Ball|p2a: Whimsicott
|-resisted|p2a: Whimsicott
|-damage|p2a: Whimsicott|0 fnt
|faint|p2a: Whimsicott
|move|p1b: Goodra|Dragon Pulse|p2b: Gholdengo
|-resisted|p2b: Gholdengo
|-damage|p2b: Gholdengo|74/100
|
|-weather|RainDance|[upkeep]
|upkeep
|
|t:|1756962463
|switch|p2a: Amoonguss|Amoonguss, L50, M|100/100
|turn|5
|inactive|houseofpros has 30 seconds left.
|inactive|houseofpros has 20 seconds left.
|
|t:|1756962500
|move|p2b: Gholdengo|Protect|p2b: Gholdengo
|-singleturn|p2b: Gholdengo|Protect
|move|p1a: Politoed|Protect|p1a: Politoed
|-singleturn|p1a: Politoed|Protect
|move|p2a: Amoonguss|Spore|p1a: Politoed
|-activate|p1a: Politoed|move: Protect
|move|p1b: Goodra|Hydro Pump|p2b: Gholdengo
|-activate|p2b: Gholdengo|move: Protect
|
|-weather|RainDance|[upkeep]
|upkeep
|turn|6
|inactive|stittur##- has 30 seconds left.
|
|t:|1756962529
|-terastallize|p2b: Gholdengo|Water
|-terastallize|p1b: Goodra|Stellar
|move|p1a: Politoed|Helping Hand|p1b: Goodra
|-singleturn|p1b: Goodra|Helping Hand|[of] p1a: Politoed
|move|p2b: Gholdengo|Make It Rain|p1b: Goodra|[spread] p1a,p1b
|-resisted|p1a: Politoed
|-resisted|p1b: Goodra
|-damage|p1a: Politoed|44/100
|-damage|p1b: Goodra|75/100
|-unboost|p2b: Gholdengo|spa|1
|-enditem|p1a: Politoed|Sitrus Berry|[eat]
|-heal|p1a: Politoed|69/100|[from] item: Sitrus Berry
|-damage|p2b: Gholdengo|64/100|[from] item: Life Orb
|move|p2a: Amoonguss|Spore|p1b: Goodra
|-ability|p1b: Goodra|Sap Sipper|boost
|-boost|p1b: Goodra|atk|1
|move|p1b: Goodra|Draco Meteor|p2a: Amoonguss
|-damage|p2a: Amoonguss|2/100
|-unboost|p1b: Goodra|spa|2
|
|-weather|RainDance|[upkeep]
|-heal|p2a: Amoonguss|8/100|[from] item: Leftovers
|upkeep
|turn|7
|c|☆houseofpros|fast amoongus?
|inactive|houseofpros has 30 seconds left.
|inactive|stittur##- has 30 seconds left.
|c|☆houseofpros|fucker is TURBO
|c|☆stittur##-|Kinda lol
|inactive|houseofpros has 20 seconds left.
|inactive|stittur##- has 20 seconds left.
|c|☆houseofpros|oh tailwind nvm
|inactive|houseofpros has 15 seconds left.
|inactive|stittur##- has 15 seconds left.
|c|☆stittur##-|I hate bulky mons
|inactive|houseofpros has 10 seconds left.
|inactive|stittur##- has 10 seconds left.
|inactive|stittur##- has 5 seconds left.
|
|t:|1756962580
|move|p2a: Amoonguss|Protect|p2a: Amoonguss
|-singleturn|p2a: Amoonguss|Protect
|move|p1a: Politoed|Protect|p1a: Politoed
|-singleturn|p1a: Politoed|Protect
|move|p2b: Gholdengo|Nasty Plot|p2b: Gholdengo
|-boost|p2b: Gholdengo|spa|2
|move|p1b: Goodra|Heavy Slam|p2a: Amoonguss
|-activate|p2a: Amoonguss|move: Protect
|
|-weather|none
|-heal|p2a: Amoonguss|15/100|[from] item: Leftovers
|-sideend|p2: stittur##-|move: Tailwind
|upkeep
|turn|8
|inactive|houseofpros has 30 seconds left.
|inactive|houseofpros has 20 seconds left.
|inactive|houseofpros has 15 seconds left.
|
|t:|1756962624
|move|p1a: Politoed|Helping Hand|p1b: Goodra
|-singleturn|p1b: Goodra|Helping Hand|[of] p1a: Politoed
|move|p2a: Amoonguss|Rage Powder|p2a: Amoonguss
|-singleturn|p2a: Amoonguss|move: Rage Powder
|move|p2b: Gholdengo|Make It Rain|p1b: Goodra|[spread] p1a,p1b
|-resisted|p1a: Politoed
|-resisted|p1b: Goodra
|-damage|p1a: Politoed|3/100
|-damage|p1b: Goodra|42/100
|-unboost|p2b: Gholdengo|spa|1
|-damage|p2b: Gholdengo|54/100|[from] item: Life Orb
|move|p1b: Goodra|Draco Meteor|p2a: Amoonguss
|-crit|p2a: Amoonguss
|-damage|p2a: Amoonguss|0 fnt
|-unboost|p1b: Goodra|spa|2
|faint|p2a: Amoonguss
|
|upkeep
|
|t:|1756962639
|switch|p2a: Hydreigon|Hydreigon, L50, M|100/100
|turn|9
|
|t:|1756962665
|switch|p1b: Tauros|Tauros-Paldea-Aqua, L50, M|100/100
|-ability|p1b: Tauros|Intimidate|boost
|-unboost|p2a: Hydreigon|atk|1
|-unboost|p2b: Gholdengo|atk|1
|move|p1a: Politoed|Protect|p1a: Politoed
|-singleturn|p1a: Politoed|Protect
|move|p2a: Hydreigon|Heat Wave|p1a: Politoed|[spread] p1b
|-activate|p1a: Politoed|move: Protect
|-resisted|p1b: Tauros
|-damage|p1b: Tauros|72/100
|move|p2b: Gholdengo|Make It Rain|p1b: Tauros|[spread] p1b
|-activate|p1a: Politoed|move: Protect
|-resisted|p1b: Tauros
|-damage|p1b: Tauros|0 fnt
|-unboost|p2b: Gholdengo|spa|1
|faint|p1b: Tauros
|-damage|p2b: Gholdengo|45/100|[from] item: Life Orb
|
|upkeep
|inactive|houseofpros has 30 seconds left.
|
|t:|1756962692
|switch|p1b: Amoonguss|Amoonguss, L50, F|100/100
|turn|10
|
|t:|1756962700
|switch|p1a: Goodra|Goodra-Hisui, L50, F, shiny, tera:Stellar|42/100
|move|p2a: Hydreigon|Heat Wave|p1a: Goodra|[spread] p1b
|-miss|p2a: Hydreigon|p1a: Goodra
|-supereffective|p1b: Amoonguss
|-damage|p1b: Amoonguss|35/100
|move|p2b: Gholdengo|Make It Rain|p1a: Goodra|[spread] p1a,p1b
|-resisted|p1a: Goodra
|-damage|p1a: Goodra|23/100
|-damage|p1b: Amoonguss|0 fnt
|-unboost|p2b: Gholdengo|spa|1
|faint|p1b: Amoonguss
|-damage|p2b: Gholdengo|35/100|[from] item: Life Orb
|
|upkeep
|
|t:|1756962709
|switch|p1b: Politoed|Politoed, L50, F|3/100
|-weather|RainDance|[from] ability: Drizzle|[of] p1b: Politoed
|turn|11
|c|☆houseofpros|oop
|c|☆stittur##-|If i miss me ded ig
|inactive|houseofpros has 30 seconds left.
|c|☆stittur##-|Lesgo
|
|t:|1756962744
|move|p1b: Politoed|Protect|p1b: Politoed
|-singleturn|p1b: Politoed|Protect
|move|p2a: Hydreigon|Heat Wave|p1a: Goodra|[spread] p1a
|-activate|p1b: Politoed|move: Protect
|-damage|p1a: Goodra|15/100
|move|p2b: Gholdengo|Make It Rain|p1b: Politoed|[spread] p1a
|-activate|p1b: Politoed|move: Protect
|-resisted|p1a: Goodra
|-damage|p1a: Goodra|2/100
|-unboost|p2b: Gholdengo|spa|1
|-damage|p2b: Gholdengo|25/100|[from] item: Life Orb
|move|p1a: Goodra|Dragon Pulse|p2b: Gholdengo
|-damage|p2b: Gholdengo|0 fnt
|faint|p2b: Gholdengo
|
|-weather|RainDance|[upkeep]
|upkeep
|turn|12
|c|☆stittur##-|Bruh
|inactive|houseofpros has 30 seconds left.
|c|☆houseofpros|THATS MY SON RIGHT THERE
|c|☆stittur##-|Why is it so bulky
|inactive|houseofpros has 20 seconds left.
|
|t:|1756962770
|move|p1b: Politoed|Helping Hand|p1a: Goodra
|-singleturn|p1a: Goodra|Helping Hand|[of] p1b: Politoed
|move|p2a: Hydreigon|Heat Wave|p1a: Goodra|[spread] p1b
|-miss|p2a: Hydreigon|p1a: Goodra
|-resisted|p1b: Politoed
|-damage|p1b: Politoed|0 fnt
|faint|p1b: Politoed
|move|p1a: Goodra|Dragon Pulse|p2a: Hydreigon
|-supereffective|p2a: Hydreigon
|-damage|p2a: Hydreigon|0 fnt
|faint|p2a: Hydreigon
|
|win|houseofpros
|raw|houseofpros's rating: 1141 → 1156(+15 for winning)
|raw|stittur##-'s rating: 1001 → 1000(-1 for losing)
|c|☆stittur##-|Annoying mon
|c|☆houseofpros|why is the sky blue
|c|☆stittur##-|Brug 😭
|c|☆houseofpros|its goodra
|c|☆houseofpros|special MONSTER
|c|☆stittur##-|🥀
|c|☆houseofpros|ggs
