|j|☆arielrai
|j|☆JavoNieto
|html|arielraiJavoNieto    
|uhtml|bestof|Game 1 of a best-of-3
|t:|1757862177
|gametype|doubles
|player|p1|arielrai|1|1136
|player|p2|JavoNieto|ghetsis-gen5bw|1148
|gen|9
|tier|[Gen 9] VGC 2025 Reg H (Bo3)
|rated|
|rule|Species Clause: Limit one of each Pokémon
|rule|Item Clause: Limit 1 of each item
|clearpoke
|poke|p1|Gothitelle, L50, F|
|poke|p1|Politoed, L50, F|
|poke|p1|Indeedee-F, L50, F|
|poke|p1|Sneasler, L50, M|
|poke|p1|Archaludon, L50, M|
|poke|p1|Breloom, L50, F|
|poke|p2|Archaludon, L50, M|
|poke|p2|Kingdra, L50, M|
|poke|p2|Politoed, L50, M|
|poke|p2|Gothitelle, L50, F|
|poke|p2|Amoonguss, L50, M|
|poke|p2|Incineroar, L50, M|
|teampreview|4
|showteam|p1|Gothitelle||SitrusBerry|ShadowTag|HealPulse,FakeOut,ExpandingForce,TrickRoom|||F|||50|,,,,,Grass]Politoed||Leftovers|Drizzle|Protect,MuddyWater,IceBeam,EarthPower|||F|||50|,,,,,Water]Indeedee-F||RockyHelmet|PsychicSurge|FollowMe,Protect,TrickRoom,DazzlingGleam|||F|||50|,,,,,Fairy]Sneasler||PsychicSeed|Unburden|Protect,DireClaw,CloseCombat,ThroatChop|||M|||50|,,,,,Dark]Archaludon||AssaultVest|Stamina|ElectroShot,FlashCannon,DracoMeteor,BodyPress|||M|||50|,,,,,Grass]Breloom||FocusSash|Technician|CloseCombat,Spore,BulletSeed,Protect|||F|||50|,,,,,Grass
|showteam|p2|Archaludon||PowerHerb|Sturdy|Protect,ElectroShot,DragonPulse,FlashCannon|||M|||50|,,,,,Electric]Kingdra||LifeOrb|SwiftSwim|Protect,WeatherBall,MuddyWater,DracoMeteor|||M|||50|,,,,,Stellar]Politoed||Leftovers|Drizzle|Protect,WeatherBall,PerishSong,Encore|||M|||50|,,,,,Grass]Gothitelle||SitrusBerry|ShadowTag|Protect,Psychic,FakeOut,TrickRoom|||F|||50|,,,,,Dark]Amoonguss||EjectButton|Regenerator|Protect,Spore,RagePowder,PollenPuff|||M|||50|,,,,,Fairy]Incineroar||SafetyGoggles|Intimidate|Protect,KnockOff,FakeOut,PartingShot|||M|||50|,,,,,Ghost
|inactive|Battle timer is ON: inactive players will automatically lose when time's up. (requested by arielrai)
|
|t:|1757862210
|teamsize|p1|4
|teamsize|p2|4
|start
|switch|p1a: Archaludon|Archaludon, L50, M|100/100
|switch|p1b: Breloom|Breloom, L50, F|100/100
|switch|p2a: Kingdra|Kingdra, L50, M, shiny|100/100
|switch|p2b: Politoed|Politoed, L50, M, shiny|100/100
|-weather|RainDance|[from] ability: Drizzle|[of] p2b: Politoed
|turn|1
|
|t:|1757862226
|switch|p2a: Gothitelle|Gothitelle, L50, F|100/100
|-terastallize|p2b: Politoed|Grass
|move|p1b: Breloom|Bullet Seed|p2b: Politoed
|-resisted|p2b: Politoed
|-damage|p2b: Politoed|90/100
|-resisted|p2b: Politoed
|-damage|p2b: Politoed|79/100
|-resisted|p2b: Politoed
|-damage|p2b: Politoed|69/100
|-hitcount|p2b: Politoed|3
|move|p1a: Archaludon|Draco Meteor|p2a: Gothitelle
|-crit|p2a: Gothitelle
|-damage|p2a: Gothitelle|36/100
|-unboost|p1a: Archaludon|spa|2
|-enditem|p2a: Gothitelle|Sitrus Berry|[eat]
|-heal|p2a: Gothitelle|60/100|[from] item: Sitrus Berry
|move|p2b: Politoed|Perish Song|p2b: Politoed
|-start|p1a: Archaludon|perish3|[silent]
|-start|p1b: Breloom|perish3|[silent]
|-start|p2a: Gothitelle|perish3|[silent]
|-start|p2b: Politoed|perish3|[silent]
|-fieldactivate|move: Perish Song
|
|-weather|RainDance|[upkeep]
|-heal|p2b: Politoed|75/100|[from] item: Leftovers
|-start|p1b: Breloom|perish3
|-start|p1a: Archaludon|perish3
|-start|p2b: Politoed|perish3
|-start|p2a: Gothitelle|perish3
|upkeep
|turn|2
|inactive|JavoNieto has 30 seconds left.
|inactive|arielrai has 30 seconds left.
|
|t:|1757862259
|move|p2a: Gothitelle|Fake Out|p1b: Breloom
|-damage|p1b: Breloom|89/100
|cant|p1b: Breloom|flinch
|move|p2b: Politoed|Encore|p1b: Breloom
|-start|p1b: Breloom|Encore
|move|p1a: Archaludon|Body Press|p2b: Politoed
|-damage|p2b: Politoed|51/100
|
|-weather|RainDance|[upkeep]
|-heal|p2b: Politoed|57/100|[from] item: Leftovers
|-start|p1b: Breloom|perish2
|-start|p1a: Archaludon|perish2
|-start|p2b: Politoed|perish2
|-start|p2a: Gothitelle|perish2
|upkeep
|turn|3
|
|t:|1757862272
|switch|p2b: Kingdra|Kingdra, L50, M, shiny|100/100
|move|p2a: Gothitelle|Protect|p2a: Gothitelle
|-singleturn|p2a: Gothitelle|Protect
|move|p1b: Breloom|Bullet Seed|p2a: Gothitelle
|-activate|p2a: Gothitelle|move: Protect
|move|p1a: Archaludon|Electro Shot||[still]
|-prepare|p1a: Archaludon|Electro Shot
|-boost|p1a: Archaludon|spa|1
|-anim|p1a: Archaludon|Electro Shot|p2a: Gothitelle
|-activate|p2a: Gothitelle|move: Protect
|
|-weather|RainDance|[upkeep]
|-start|p1b: Breloom|perish1
|-start|p1a: Archaludon|perish1
|-start|p2a: Gothitelle|perish1
|upkeep
|turn|4
|
|t:|1757862289
|switch|p2a: Politoed|Politoed, L50, M, shiny, tera:Grass|57/100
|move|p2b: Kingdra|Protect|p2b: Kingdra
|-singleturn|p2b: Kingdra|Protect
|move|p1b: Breloom|Bullet Seed|p2a: Politoed
|-resisted|p2a: Politoed
|-damage|p2a: Politoed|47/100
|-resisted|p2a: Politoed
|-damage|p2a: Politoed|37/100
|-hitcount|p2a: Politoed|2
|move|p1a: Archaludon|Draco Meteor|p2b: Kingdra
|-activate|p2b: Kingdra|move: Protect
|
|-weather|RainDance|[upkeep]
|-heal|p2a: Politoed|43/100|[from] item: Leftovers
|-start|p1b: Breloom|perish0
|-start|p1a: Archaludon|perish0
|faint|p1b: Breloom
|faint|p1a: Archaludon
|upkeep
|
|t:|1757862295
|switch|p1b: Gothitelle|Gothitelle, L50, F|100/100
|switch|p1a: Indeedee|Indeedee-F, L50, F|100/100
|-fieldstart|move: Psychic Terrain|[from] ability: Psychic Surge|[of] p1a: Indeedee
|turn|5
|
|t:|1757862303
|move|p2b: Kingdra|Muddy Water|p1b: Gothitelle|[spread] p1a,p1b
|-damage|p1a: Indeedee|38/100
|-damage|p1b: Gothitelle|49/100
|-enditem|p1b: Gothitelle|Sitrus Berry|[eat]
|-heal|p1b: Gothitelle|74/100|[from] item: Sitrus Berry
|-damage|p2b: Kingdra|91/100|[from] item: Life Orb
|move|p2a: Politoed|Perish Song|p2a: Politoed
|-start|p1a: Indeedee|perish3|[silent]
|-start|p1b: Gothitelle|perish3|[silent]
|-start|p2a: Politoed|perish3|[silent]
|-start|p2b: Kingdra|perish3|[silent]
|-fieldactivate|move: Perish Song
|move|p1a: Indeedee|Dazzling Gleam|p2a: Politoed|[spread] p2a,p2b
|-supereffective|p2b: Kingdra
|-damage|p2a: Politoed|32/100
|-damage|p2b: Kingdra|55/100
|move|p1b: Gothitelle|Expanding Force|p2a: Politoed|[spread] p2a,p2b
|-damage|p2a: Politoed|4/100
|-damage|p2b: Kingdra|11/100
|
|-weather|none
|-heal|p2a: Politoed|10/100|[from] item: Leftovers
|-start|p2b: Kingdra|perish3
|-start|p2a: Politoed|perish3
|-start|p1a: Indeedee|perish3
|-start|p1b: Gothitelle|perish3
|upkeep
|turn|6
|-message|arielrai forfeited.
|
|win|JavoNieto
|l|☆arielrai
|player|p1|
||JavoNieto is ready for game 2.
||arielrai is ready for game 2.
|uhtml|next|Next: Game 2 of 3
|l|☆JavoNieto
|player|p2|
