|j|☆Qaisnoteasy
|j|☆0oBRUNCHo0
|html|Qaisnoteasy0oBRUNCHo0    
|uhtml|bestof|Game 1 of a best-of-3
|t:|1785227569
|gametype|doubles
|player|p1|Qaisnoteasy|2|
|player|p2|0oBRUNCHo0|ethan|
|gen|9
|tier|[Gen 9 Champions] VGC 2026 Reg M-B (Bo3)
|rule|Species Clause: Limit one of each Pokémon
|rule|Item Clause: Limit 1 of each item
|clearpoke
|poke|p1|Staraptor, L50, F, shiny|
|poke|p1|Arcanine-Hisui, L50, F, shiny|
|poke|p1|Kingambit, L50, F, shiny|
|poke|p1|Raichu, L50, F, shiny|
|poke|p1|Farigiraf, L50, F, shiny|
|poke|p1|Sylveon, L50, F, shiny|
|poke|p2|Aerodactyl, L50, F|
|poke|p2|Aggron, L50, M, shiny|
|poke|p2|Kingambit, L50, M|
|poke|p2|Sneasler, L50, F|
|poke|p2|Sinistcha-Masterpiece, L50|
|poke|p2|Incineroar, L50, M|
|teampreview|4
|showteam|p1|Staraptor||Staraptite|Intimidate|DualWingbeat,CloseCombat,Tailwind,Protect|Jolly||F|||50|]Arcanine-Hisui||FocusSash|RockHead|FlareBlitz,HeadSmash,ExtremeSpeed,Protect|Jolly||F|||50|]Kingambit||LifeOrb|Defiant|KowtowCleave,SuckerPunch,SwordsDance,Protect|Adamant||F|||50|]Raichu||RaichuniteY|LightningRod|ZapCannon,FocusBlast,FakeOut,Protect|Timid||F|||50|]Farigiraf||SitrusBerry|ArmorTail|Psychic,HelpingHand,TrickRoom,Protect|Bold||F|||50|]Sylveon||FairyFeather|Pixilate|HyperVoice,HyperBeam,QuickAttack,Detect|Modest||F|||50|
|showteam|p2|Aerodactyl||Aerodactylite|Unnerve|RockSlide,DualWingbeat,IceFang,Tailwind|Jolly||F|||50|]Aggron||Aggronite|Sturdy|BodyPress,HeavySlam,IronDefense,Protect|Sassy||M|||50|]Kingambit||LifeOrb|Defiant|KowtowCleave,SuckerPunch,SwordsDance,Protect|Adamant||M|||50|]Sneasler||FocusSash|PoisonTouch|CloseCombat,PoisonJab,FakeOut,Protect|Jolly||F|||50|]Sinistcha-Masterpiece||ColburBerry|Hospitality|MatchaGotcha,RagePowder,LifeDew,TrickRoom|Calm|||||50|]Incineroar||SitrusBerry|Intimidate|FakeOut,FlareBlitz,ThroatChop,PartingShot|Impish||M|||50|
|
|t:|1785227650
|teamsize|p1|4
|teamsize|p2|4
|start
|switch|p1a: Staraptor|Staraptor, L50, F, shiny|100/100
|switch|p1b: Raichu|Raichu, L50, F, shiny|100/100
|switch|p2a: Kingambit|Kingambit, L50, M|100/100
|switch|p2b: Aerodactyl|Aerodactyl, L50, F|100/100
|-ability|p2b: Aerodactyl|Unnerve
|-ability|p1a: Staraptor|Intimidate|boost
|-unboost|p2a: Kingambit|atk|1
|-ability|p2a: Kingambit|Defiant|boost
|-boost|p2a: Kingambit|atk|2
|-unboost|p2b: Aerodactyl|atk|1
|turn|1
|
|t:|1785227734
|switch|p2b: Sinistcha|Sinistcha-Masterpiece, L50|100/100
|detailschange|p1a: Staraptor|Staraptor-Mega, L50, F, shiny
|-mega|p1a: Staraptor|Staraptor|Staraptite
|move|p1b: Raichu|Fake Out|p2b: Sinistcha
|-immune|p2b: Sinistcha
|move|p2a: Kingambit|Sucker Punch||[still]
|-fail|p2a: Kingambit
|move|p1a: Staraptor|Tailwind|p1a: Staraptor
|-sidestart|p1: Qaisnoteasy|move: Tailwind
|
|upkeep
|turn|2
|
|t:|1785227787
|move|p2a: Kingambit|Protect|p2a: Kingambit
|-singleturn|p2a: Kingambit|Protect
|move|p1b: Raichu|Zap Cannon|p2b: Sinistcha|[miss]
|-miss|p1b: Raichu|p2b: Sinistcha
|move|p1a: Staraptor|Dual Wingbeat|p2b: Sinistcha
|-supereffective|p2b: Sinistcha|1
|-damage|p2b: Sinistcha|58/100
|-supereffective|p2b: Sinistcha|1
|-damage|p2b: Sinistcha|17/100
|-hitcount|p2b: Sinistcha|2
|move|p2b: Sinistcha|Trick Room|p2b: Sinistcha
|-fieldstart|move: Trick Room|[of] p2b: Sinistcha
|
|upkeep
|turn|3
|
|t:|1785227820
|switch|p2b: Aerodactyl|Aerodactyl, L50, F|100/100
|-ability|p2b: Aerodactyl|Unnerve
|move|p1b: Raichu|Protect|p1b: Raichu
|-singleturn|p1b: Raichu|Protect
|move|p2a: Kingambit|Kowtow Cleave|p1a: Staraptor
|-resisted|p1a: Staraptor|1
|-damage|p1a: Staraptor|50/100g
|-damage|p2a: Kingambit|90/100|[from] item: Life Orb
|move|p1a: Staraptor|Dual Wingbeat|p2b: Aerodactyl
|-resisted|p2b: Aerodactyl|1
|-damage|p2b: Aerodactyl|87/100
|-resisted|p2b: Aerodactyl|1
|-damage|p2b: Aerodactyl|74/100
|-hitcount|p2b: Aerodactyl|2
|
|upkeep
|turn|4
|
|t:|1785227867
|switch|p2b: Sinistcha|Sinistcha-Masterpiece, L50|17/100
|-heal|p2a: Kingambit|100/100|[from] ability: Hospitality|[of] p2b: Sinistcha
|move|p1a: Staraptor|Protect|p1a: Staraptor
|-singleturn|p1a: Staraptor|Protect
|move|p1b: Raichu|Protect||[still]
|-fail|p1b: Raichu
|move|p2a: Kingambit|Kowtow Cleave|p1a: Staraptor
|-activate|p1a: Staraptor|move: Protect
|
|-sideend|p1: Qaisnoteasy|move: Tailwind
|upkeep
|turn|5
|
|t:|1785227913
|switch|p1a: Farigiraf|Farigiraf, L50, F, shiny|100/100
|move|p2a: Kingambit|Kowtow Cleave|p1a: Farigiraf
|-supereffective|p1a: Farigiraf|1
|-damage|p1a: Farigiraf|0 fnt
|faint|p1a: Farigiraf
|-damage|p2a: Kingambit|90/100|[from] item: Life Orb
|move|p2b: Sinistcha|Matcha Gotcha|p1b: Raichu
|-damage|p1b: Raichu|58/100
|-heal|p2b: Sinistcha|37/100|[from] drain|[of] p1b: Raichu
|move|p1b: Raichu|Focus Blast|p2a: Kingambit
|-supereffective|p2a: Kingambit|2
|-damage|p2a: Kingambit|0 fnt
|faint|p2a: Kingambit
|
|upkeep
|
|t:|1785227938
|switch|p2a: Aerodactyl|Aerodactyl, L50, F|74/100
|switch|p1a: Staraptor|Staraptor-Mega, L50, F, shiny|50/100g
|-ability|p2a: Aerodactyl|Unnerve
|turn|6
|
|t:|1785227978
|detailschange|p2a: Aerodactyl|Aerodactyl-Mega, L50, F
|-mega|p2a: Aerodactyl|Aerodactyl|Aerodactylite
|move|p2b: Sinistcha|Rage Powder|p2b: Sinistcha
|-singleturn|p2b: Sinistcha|move: Rage Powder
|move|p1a: Staraptor|Tailwind|p1a: Staraptor
|-sidestart|p1: Qaisnoteasy|move: Tailwind
|move|p2a: Aerodactyl|Tailwind|p2a: Aerodactyl
|-sidestart|p2: 0oBRUNCHo0|move: Tailwind
|move|p1b: Raichu|Zap Cannon|p2b: Sinistcha|[miss]
|-miss|p1b: Raichu|p2b: Sinistcha
|
|-fieldend|move: Trick Room
|upkeep
|turn|7
|
|t:|1785228026
|move|p2b: Sinistcha|Rage Powder|p2b: Sinistcha
|-singleturn|p2b: Sinistcha|move: Rage Powder
|move|p2a: Aerodactyl|Rock Slide|p1a: Staraptor|[spread] p1a,p1b
|-damage|p1a: Staraptor|24/100
|-damage|p1b: Raichu|18/100
|move|p1b: Raichu|Zap Cannon|p2b: Sinistcha
|-resisted|p2b: Sinistcha|1
|-crit|p2b: Sinistcha
|-damage|p2b: Sinistcha|12/100
|-status|p2b: Sinistcha|par
|move|p1a: Staraptor|Dual Wingbeat|p2b: Sinistcha
|-supereffective|p2b: Sinistcha|1
|-damage|p2b: Sinistcha|0 fnt
|faint|p2b: Sinistcha
|-hitcount|p2: Sinistcha|1
|
|upkeep
|
|t:|1785228039
|switch|p2b: Sneasler|Sneasler, L50, F|100/100
|turn|8
|
|t:|1785228063
|move|p1b: Raichu|Protect|p1b: Raichu
|-singleturn|p1b: Raichu|Protect
|move|p1a: Staraptor|Protect|p1a: Staraptor
|-singleturn|p1a: Staraptor|Protect
|move|p2b: Sneasler|Fake Out|p1a: Staraptor
|-activate|p1a: Staraptor|move: Protect
|move|p2a: Aerodactyl|Rock Slide|p1b: Raichu|[spread] 
|-activate|p1a: Staraptor|move: Protect
|-activate|p1b: Raichu|move: Protect
|
|upkeep
|turn|9
|-message|Qaisnoteasy forfeited.
|
|win|0oBRUNCHo0
|l|☆Qaisnoteasy
|player|p1|
||Qaisnoteasy is ready for game 2.
||0oBRUNCHo0 is ready for game 2.
|uhtml|next|Next: Game 2 of 3
|l|☆0oBRUNCHo0
|player|p2|
|j|☆Qaisnoteasy
|player|p1|Qaisnoteasy|2|
|l|☆Qaisnoteasy
|player|p1|
|j|☆0oBRUNCHo0
|player|p2|0oBRUNCHo0|ethan|
|l|☆0oBRUNCHo0
|player|p2|
|j|☆0oBRUNCHo0
|player|p2|0oBRUNCHo0|ethan|
|l|☆0oBRUNCHo0
|player|p2|
|j|☆Qaisnoteasy
|player|p1|Qaisnoteasy|2|
