|j|☆Shanky26
|j|☆Lrobie
|html|Shanky26Lrobie    
|uhtml|bestof|Game 3 of a best-of-3
|t:|1783806670
|gametype|doubles
|player|p1|Shanky26|2|
|player|p2|Lrobie|1|
|gen|9
|tier|[Gen 9 Champions] VGC 2026 Reg M-B (Bo3)
|rule|Species Clause: Limit one of each Pokémon
|rule|Item Clause: Limit 1 of each item
|clearpoke
|poke|p1|Gengar, L50, M, shiny|
|poke|p1|Incineroar, L50, M|
|poke|p1|Sableye, L50, F, shiny|
|poke|p1|Kommo-o, L50, F|
|poke|p1|Meowscarada, L50, F|
|poke|p1|Heliolisk, L50, M|
|poke|p2|Whimsicott, L50, F|
|poke|p2|Archaludon, L50, M|
|poke|p2|Basculegion, L50, M|
|poke|p2|Raichu, L50, F|
|poke|p2|Staraptor, L50, M|
|poke|p2|Charizard, L50, M|
|teampreview|4
|showteam|p1|Gengar||Gengarite|CursedBody|Protect,ShadowBall,PerishSong,Disable|Modest||M|||50|]Incineroar||ChopleBerry|Intimidate|Protect,FakeOut,PartingShot,FlareBlitz|Relaxed||M|||50|]Sableye||FocusSash|Prankster|Protect,FakeOut,Quash,Swagger|Impish||F|||50|]Kommo-o||HabanBerry|Soundproof|Protect,CloseCombat,PoisonJab,IcePunch|Jolly||F|||50|]Meowscarada||ChoiceScarf|Protean|TripleAxel,FlowerTrick,Uturn,KnockOff|Adamant||F|||50|]Heliolisk||LifeOrb|DrySkin|HyperVoice,VoltSwitch,Thunderbolt,Protect|Timid||M|||50|
|showteam|p2|Whimsicott||FocusSash|Prankster|Tailwind,Moonblast,Encore,Protect|Timid||F|||50|]Archaludon||Leftovers|Stamina|ElectroShot,FlashCannon,Protect,DragonPulse|Modest||M|||50|]Basculegion||ChoiceScarf|Adaptability|LastRespects,AquaJet,WaveCrash,FlipTurn|Adamant||M|||50|]Raichu||ShucaBerry|LightningRod|FakeOut,Protect,ZapCannon,FocusBlast|Timid||F|||50|]Staraptor||Staraptite|Intimidate|CloseCombat,Protect,BraveBird,Roost|Serious||M|||50|]Charizard||CharizarditeX|Blaze|FlareBlitz,DragonClaw,Protect,ScorchingSands|Serious||M|||50|
|j| ZAMNZAPDOS
|
|t:|1783806743
|teamsize|p1|4
|teamsize|p2|4
|start
|switch|p1a: Gengar|Gengar, L50, M, shiny|100/100
|switch|p1b: Incineroar|Incineroar, L50, M|100/100
|switch|p2a: Whimsicott|Whimsicott, L50, F|100/100
|switch|p2b: Charizard|Charizard, L50, M|100/100
|-ability|p1b: Incineroar|Intimidate|boost
|-unboost|p2a: Whimsicott|atk|1
|-unboost|p2b: Charizard|atk|1
|turn|1
|
|t:|1783806786
|detailschange|p1a: Gengar|Gengar-Mega, L50, M, shiny
|-mega|p1a: Gengar|Gengar|Gengarite
|detailschange|p2b: Charizard|Charizard-Mega-X, L50, M
|-mega|p2b: Charizard|Charizard|Charizardite X
|move|p1b: Incineroar|Fake Out|p2b: Charizard
|-damage|p2b: Charizard|87/100
|move|p2a: Whimsicott|Tailwind|p2a: Whimsicott
|-sidestart|p2: Lrobie|move: Tailwind
|cant|p2b: Charizard|flinch
|move|p1a: Gengar|Perish Song|p1a: Gengar
|-start|p1a: Gengar|perish3|[silent]
|-start|p1b: Incineroar|perish3|[silent]
|-start|p2a: Whimsicott|perish3|[silent]
|-start|p2b: Charizard|perish3|[silent]
|-fieldactivate|move: Perish Song
|
|-start|p2a: Whimsicott|perish3
|-start|p2b: Charizard|perish3
|-start|p1a: Gengar|perish3
|-start|p1b: Incineroar|perish3
|upkeep
|turn|2
|
|t:|1783806811
|move|p1a: Gengar|Protect|p1a: Gengar
|-singleturn|p1a: Gengar|Protect
|move|p1b: Incineroar|Protect|p1b: Incineroar
|-singleturn|p1b: Incineroar|Protect
|move|p2a: Whimsicott|Encore|p1a: Gengar
|-activate|p1a: Gengar|move: Protect
|move|p2b: Charizard|Scorching Sands|p1a: Gengar
|-activate|p1a: Gengar|move: Protect
|
|-start|p2a: Whimsicott|perish2
|-start|p2b: Charizard|perish2
|-start|p1a: Gengar|perish2
|-start|p1b: Incineroar|perish2
|upkeep
|turn|3
|
|t:|1783806838
|switch|p1a: Sableye|Sableye, L50, F, shiny|100/100
|move|p2a: Whimsicott|Moonblast|p1b: Incineroar
|-damage|p1b: Incineroar|65/100
|move|p2b: Charizard|Scorching Sands|p1a: Sableye
|-damage|p1a: Sableye|66/100
|move|p1b: Incineroar|Parting Shot|p1a: Sableye
|-unboost|p1a: Sableye|atk|1
|-unboost|p1a: Sableye|spa|1
|
|t:|1783806848
|switch|p1b: Gengar|Gengar-Mega, L50, M, shiny|100/100|[from] Parting Shot
|
|-start|p2a: Whimsicott|perish1
|-start|p2b: Charizard|perish1
|upkeep
|turn|4
|
|t:|1783806858
|move|p1a: Sableye|Protect|p1a: Sableye
|-singleturn|p1a: Sableye|Protect
|move|p1b: Gengar|Protect|p1b: Gengar
|-singleturn|p1b: Gengar|Protect
|move|p2a: Whimsicott|Moonblast|p1a: Sableye
|-activate|p1a: Sableye|move: Protect
|move|p2b: Charizard|Scorching Sands|p1b: Gengar
|-activate|p1b: Gengar|move: Protect
|
|-start|p2a: Whimsicott|perish0
|-start|p2b: Charizard|perish0
|-sideend|p2: Lrobie|move: Tailwind
|faint|p2a: Whimsicott
|faint|p2b: Charizard
|upkeep
|
|t:|1783806870
|switch|p2a: Basculegion|Basculegion, L50, M|100/100
|switch|p2b: Raichu|Raichu, L50, F|100/100
|turn|5
|
|t:|1783806884
|move|p1a: Sableye|Quash|p2a: Basculegion
|-activate|p2a: Basculegion|move: Quash
|move|p1b: Gengar|Shadow Ball|p2a: Basculegion
|-supereffective|p2a: Basculegion|1
|-damage|p2a: Basculegion|0 fnt
|faint|p2a: Basculegion
|move|p2b: Raichu|Zap Cannon|p1b: Gengar|[miss]
|-miss|p2b: Raichu|p1b: Gengar
|
|upkeep
|turn|6
|
|t:|1783806918
|move|p1a: Sableye|Swagger|p2b: Raichu
|-boost|p2b: Raichu|atk|2
|-start|p2b: Raichu|confusion
|move|p1b: Gengar|Disable|p2b: Raichu
|-start|p2b: Raichu|Disable|Zap Cannon
|cant|p2b: Raichu|Disable|Zap Cannon
|
|upkeep
|turn|7
|-message|Lrobie forfeited.
|
|win|Shanky26
|l|☆Lrobie
|player|p2|
|l| ZAMNZAPDOS
