|j|☆JoshSketch
|j|☆plaidhaxx
|html|JoshSketchplaidhaxx    
|uhtml|bestof|Game 1 of a best-of-3
|t:|1756570461
|gametype|doubles
|player|p1|JoshSketch|101|1070
|player|p2|plaidhaxx|grimsley|1127
|gen|9
|tier|[Gen 9] VGC 2025 Reg H (Bo3)
|rated|
|rule|Species Clause: Limit one of each Pokémon
|rule|Item Clause: Limit 1 of each item
|clearpoke
|poke|p1|Gholdengo, L50|
|poke|p1|Archaludon, L50, M|
|poke|p1|Pelipper, L50, M|
|poke|p1|Annihilape, L50, M|
|poke|p1|Maushold, L50|
|poke|p1|Basculegion, L50, M|
|poke|p2|Sneasler, L50, M|
|poke|p2|Dragapult, L50, M|
|poke|p2|Primarina, L50, F|
|poke|p2|Rillaboom, L50, M|
|poke|p2|Kingambit, L50, F|
|poke|p2|Magmar, L50, F|
|teampreview|4
|showteam|p1|Gholdengo||LifeOrb|GoodasGold|Protect,NastyPlot,MakeItRain,ShadowBall||||||50|,,,,,Water]Archaludon||AssaultVest|Stamina|BodyPress,ElectroShot,FlashCannon,DracoMeteor|||M|||50|,,,,,Fighting]Pelipper||FocusSash|Drizzle|Tailwind,Hurricane,WeatherBall,Protect|||M|||50|,,,,,Grass]Annihilape||SafetyGoggles|Defiant|RageFist,BulkUp,CloseCombat,Protect|||M|||50|,,,,,Fairy]Maushold||WideLens|FriendGuard|BeatUp,FollowMe,Protect,Taunt||||||50|,,,,,Normal]Basculegion||ChoiceBand|SwiftSwim|WaveCrash,AquaJet,LastRespects,FlipTurn|||M|||50|,,,,,Grass
|showteam|p2|Sneasler||FocusSash|PoisonTouch|CloseCombat,DireClaw,FakeOut,Protect|||M|||50|,,,,,Stellar]Dragapult||ChoiceBand|ClearBody|DragonDarts,TeraBlast,PhantomForce,Uturn|||M|||50|,,,,,Ghost]Primarina||SitrusBerry|LiquidVoice|HyperVoice,Moonblast,Haze,Protect|||F|||50|,,,,,Water]Rillaboom||AssaultVest|GrassySurge|WoodHammer,GrassyGlide,HighHorsepower,FakeOut|||M|||50|,,,,,Fire]Kingambit||BlackGlasses|Defiant|KowtowCleave,SuckerPunch,SwordsDance,Protect|||F|||50|,,,,,Ghost]Magmar||Eviolite|VitalSpirit|Overheat,WillOWisp,FollowMe,Protect|||F|||50|,,,,,Ghost
|inactive|Battle timer is ON: inactive players will automatically lose when time's up. (requested by JoshSketch)
|
|t:|1756570533
|teamsize|p1|4
|teamsize|p2|4
|start
|switch|p1a: Pelipper|Pelipper, L50, M|100/100
|switch|p1b: Basculegion|Basculegion, L50, M, shiny|100/100
|switch|p2a: Sneasler|Sneasler, L50, M|100/100
|switch|p2b: Magmar|Magmar, L50, F|100/100
|-weather|RainDance|[from] ability: Drizzle|[of] p1a: Pelipper
|turn|1
|inactive|JoshSketch has 30 seconds left.
|inactive|plaidhaxx has 30 seconds left.
|inactive|plaidhaxx has 20 seconds left.
|
|t:|1756570572
|move|p1b: Basculegion|Flip Turn|p2b: Magmar
|-supereffective|p2b: Magmar
|-crit|p2b: Magmar
|-damage|p2b: Magmar|0 fnt
|faint|p2b: Magmar
|
|t:|1756570577
|switch|p1b: Annihilape|Annihilape, L50, M|100/100|[from] Flip Turn
|move|p2a: Sneasler|Dire Claw|p1a: Pelipper
|-damage|p1a: Pelipper|49/100
|move|p1a: Pelipper|Tailwind|p1a: Pelipper
|-sidestart|p1: JoshSketch|move: Tailwind
|
|-weather|RainDance|[upkeep]
|upkeep
|
|t:|1756570594
|switch|p2b: Rillaboom|Rillaboom, L50, M|100/100
|-fieldstart|move: Grassy Terrain|[from] ability: Grassy Surge|[of] p2b: Rillaboom
|turn|2
|
|t:|1756570610
|move|p1a: Pelipper|Protect|p1a: Pelipper
|-singleturn|p1a: Pelipper|Protect
|move|p1b: Annihilape|Bulk Up|p1b: Annihilape
|-boost|p1b: Annihilape|atk|1
|-boost|p1b: Annihilape|def|1
|move|p2a: Sneasler|Dire Claw|p1a: Pelipper
|-activate|p1a: Pelipper|move: Protect
|move|p2b: Rillaboom|Wood Hammer|p1b: Annihilape
|-damage|p1b: Annihilape|48/100
|-damage|p2b: Rillaboom|81/100|[from] Recoil
|
|-weather|RainDance|[upkeep]
|-heal|p1b: Annihilape|53/100|[from] Grassy Terrain
|-heal|p2b: Rillaboom|87/100|[from] Grassy Terrain
|upkeep
|turn|3
|inactive|plaidhaxx has 30 seconds left.
|
|t:|1756570639
|move|p1b: Annihilape|Rage Fist|p2b: Rillaboom
|-damage|p2b: Rillaboom|32/100
|move|p1a: Pelipper|Hurricane|p2a: Sneasler
|-supereffective|p2a: Sneasler
|-enditem|p2a: Sneasler|Focus Sash
|-damage|p2a: Sneasler|1/100
|-start|p2a: Sneasler|confusion
|-activate|p2a: Sneasler|confusion
|move|p2a: Sneasler|Dire Claw|p1a: Pelipper
|-damage|p1a: Pelipper|0 fnt
|faint|p1a: Pelipper
|move|p2b: Rillaboom|Wood Hammer|p1b: Annihilape
|-damage|p1b: Annihilape|0 fnt
|faint|p1b: Annihilape
|-damage|p2b: Rillaboom|13/100|[from] Recoil
|
|-weather|RainDance|[upkeep]
|-heal|p2a: Sneasler|7/100|[from] Grassy Terrain
|-heal|p2b: Rillaboom|19/100|[from] Grassy Terrain
|upkeep
|
|t:|1756570648
|switch|p1b: Basculegion|Basculegion, L50, M, shiny|100/100
|switch|p1a: Archaludon|Archaludon, L50, M|100/100
|turn|4
|inactive|JoshSketch has 30 seconds left.
|inactive|JoshSketch has 20 seconds left.
|
|t:|1756570688
|switch|p2a: Kingambit|Kingambit, L50, F|100/100
|-terastallize|p1a: Archaludon|Fighting
|move|p1b: Basculegion|Aqua Jet|p2b: Rillaboom
|-resisted|p2b: Rillaboom
|-damage|p2b: Rillaboom|0 fnt
|faint|p2b: Rillaboom
|move|p1a: Archaludon|Electro Shot||[still]
|-prepare|p1a: Archaludon|Electro Shot
|-boost|p1a: Archaludon|spa|1
|-anim|p1a: Archaludon|Electro Shot|p2a: Kingambit
|-damage|p2a: Kingambit|33/100
|
|-weather|RainDance|[upkeep]
|-heal|p2a: Kingambit|40/100|[from] Grassy Terrain
|-sideend|p1: JoshSketch|move: Tailwind
|upkeep
|
|t:|1756570699
|switch|p2b: Sneasler|Sneasler, L50, M|7/100
|turn|5
|inactive|plaidhaxx has 30 seconds left.
|
|t:|1756570726
|move|p2b: Sneasler|Protect|p2b: Sneasler
|-singleturn|p2b: Sneasler|Protect
|move|p1b: Basculegion|Aqua Jet|p2b: Sneasler
|-activate|p2b: Sneasler|move: Protect
|move|p2a: Kingambit|Sucker Punch||[still]
|-fail|p2a: Kingambit
|move|p1a: Archaludon|Electro Shot||[still]
|-prepare|p1a: Archaludon|Electro Shot
|-boost|p1a: Archaludon|spa|1
|-anim|p1a: Archaludon|Electro Shot|p2a: Kingambit
|-damage|p2a: Kingambit|0 fnt
|faint|p2a: Kingambit
|
|-weather|none
|-heal|p2b: Sneasler|13/100|[from] Grassy Terrain
|upkeep
|turn|6
|
|t:|1756570741
|move|p1b: Basculegion|Aqua Jet|p2b: Sneasler
|-damage|p2b: Sneasler|0 fnt
|faint|p2b: Sneasler
|
|win|JoshSketch
||plaidhaxx is ready for game 2.
||JoshSketch is ready for game 2.
|uhtml|next|Next: Game 2 of 3
