|j|☆cereales revenge
|j|☆orizor
|html|cereales revengeorizor    
|uhtml|bestof|Game 3 of a best-of-3
|t:|1755900198
|gametype|doubles
|player|p1|cereales revenge|2|1295
|player|p2|orizor|169|1213
|gen|9
|tier|[Gen 9] VGC 2025 Reg H (Bo3)
|rated|
|rule|Species Clause: Limit one of each Pokémon
|rule|Item Clause: Limit 1 of each item
|clearpoke
|poke|p1|Kommo-o, L50, M|
|poke|p1|Dondozo, L50, F|
|poke|p1|Rillaboom, L50, F|
|poke|p1|Sneasler, L50, F|
|poke|p1|Electabuzz, L50, M|
|poke|p1|Gholdengo, L50|
|poke|p2|Incineroar, L50, M|
|poke|p2|Farigiraf, L50, M|
|poke|p2|Dragapult, L50, M|
|poke|p2|Ursaluna-Bloodmoon, L50, M|
|poke|p2|Kingambit, L50, M|
|poke|p2|Ninetales-Alola, L50, M|
|teampreview|4
|showteam|p1|Kommo-o||ThroatSpray|Soundproof|ClangorousSoul,ClangingScales,Flamethrower,Protect|||M|||50|,,,,,Fire]Dondozo||Leftovers|Unaware|WaveCrash,Fissure,Yawn,Protect|||F|||50|,,,,,Flying]Rillaboom||AssaultVest|GrassySurge|FakeOut,WoodHammer,GrassyGlide,HighHorsepower|||F|||50|,,,,,Fire]Sneasler||FocusSash|Unburden|FakeOut,DireClaw,CloseCombat,Protect|||F|||50|,,,,,Stellar]Electabuzz||Eviolite|VitalSpirit|Electroweb,FollowMe,HelpingHand,Protect|||M|||50|,,,,,Grass]Gholdengo||ChoiceSpecs|GoodasGold|MakeItRain,ShadowBall,DazzlingGleam,PowerGem||||||50|,,,,,Fairy
|showteam|p2|Incineroar||MirrorHerb|Intimidate|FlareBlitz,KnockOff,PartingShot,FakeOut|||M|||50|,,,,,Grass]Farigiraf||ThroatSpray|ArmorTail|HyperVoice,Psychic,TrickRoom,HelpingHand|||M|||50|,,,,,Fairy]Dragapult||ChoiceBand|ClearBody|DragonDarts,TeraBlast,Uturn,PhantomForce|||M|||50|,,,,,Ghost]Ursaluna-Bloodmoon||LifeOrb|MindsEye|BloodMoon,HyperVoice,EarthPower,Protect|||M|||50|,,,,,Normal]Kingambit||AssaultVest|Defiant|KowtowCleave,SuckerPunch,IronHead,LowKick|||M|||50|,,,,,Dark]Ninetales-Alola||FocusSash|SnowWarning|Blizzard,Moonblast,AuroraVeil,Protect|||M|||50|,,,,,Ghost
|inactive|Battle timer is ON: inactive players will automatically lose when time's up. (requested by cereales revenge)
|
|t:|1755900218
|teamsize|p1|4
|teamsize|p2|4
|start
|switch|p1a: Kommo-o|Kommo-o, L50, M|100/100
|switch|p1b: Sneasler|Sneasler, L50, F|100/100
|switch|p2a: Kingambit|Kingambit, L50, M|100/100
|switch|p2b: Incineroar|Incineroar, L50, M|100/100
|-ability|p2b: Incineroar|Intimidate|boost
|-unboost|p1a: Kommo-o|atk|1
|-unboost|p1b: Sneasler|atk|1
|turn|1
|inactive|cereales revenge has 30 seconds left.
|inactive|cereales revenge has 20 seconds left.
|inactive|cereales revenge has 15 seconds left.
|inactive|cereales revenge has 10 seconds left.
|inactive|cereales revenge has 5 seconds left.
|
|t:|1755900269
|switch|p2a: Dragapult|Dragapult, L50, M|100/100
|move|p1b: Sneasler|Fake Out|p2a: Dragapult
|-immune|p2a: Dragapult
|move|p2b: Incineroar|Fake Out|p1a: Kommo-o
|-damage|p1a: Kommo-o|90/100
|cant|p1a: Kommo-o|flinch
|
|upkeep
|turn|2
|inactive|orizor has 30 seconds left.
|
|t:|1755900295
|-terastallize|p2a: Dragapult|Ghost
|move|p1b: Sneasler|Protect|p1b: Sneasler
|-singleturn|p1b: Sneasler|Protect
|move|p1a: Kommo-o|Protect|p1a: Kommo-o
|-singleturn|p1a: Kommo-o|Protect
|move|p2a: Dragapult|Tera Blast|p1a: Kommo-o|[anim] Tera Blast Ghost
|-activate|p1a: Kommo-o|move: Protect
|move|p2b: Incineroar|Flare Blitz|p1b: Sneasler
|-activate|p1b: Sneasler|move: Protect
|
|upkeep
|turn|3
|
|t:|1755900316
|switch|p1a: Dondozo|Dondozo, L50, F|100/100
|-terastallize|p1b: Sneasler|Stellar
|move|p2a: Dragapult|Tera Blast|p1a: Dondozo|[anim] Tera Blast Ghost
|-damage|p1a: Dondozo|51/100
|move|p1b: Sneasler|Close Combat|p2b: Incineroar
|-supereffective|p2b: Incineroar
|-damage|p2b: Incineroar|0 fnt
|-unboost|p1b: Sneasler|def|1
|-unboost|p1b: Sneasler|spd|1
|faint|p2b: Incineroar
|
|-heal|p1a: Dondozo|58/100|[from] item: Leftovers
|upkeep
|
|t:|1755900327
|switch|p2b: Ninetales|Ninetales-Alola, L50, M|100/100
|-weather|Snowscape|[from] ability: Snow Warning|[of] p2b: Ninetales
|turn|4
|
|t:|1755900344
|move|p2a: Dragapult|Tera Blast|p1a: Dondozo|[anim] Tera Blast Ghost
|-damage|p1a: Dondozo|11/100
|move|p1b: Sneasler|Dire Claw|p2b: Ninetales
|-supereffective|p2b: Ninetales
|-damage|p2b: Ninetales|20/100
|move|p2b: Ninetales|Blizzard|p1b: Sneasler|[spread] p1a,p1b
|-resisted|p1a: Dondozo
|-damage|p1a: Dondozo|0 fnt
|-damage|p1b: Sneasler|39/100
|faint|p1a: Dondozo
|
|-weather|Snowscape|[upkeep]
|upkeep
|
|t:|1755900353
|switch|p1a: Rillaboom|Rillaboom, L50, F|100/100
|-fieldstart|move: Grassy Terrain|[from] ability: Grassy Surge|[of] p1a: Rillaboom
|turn|5
|
|t:|1755900367
|switch|p2b: Kingambit|Kingambit, L50, M|100/100
|move|p2a: Dragapult|Tera Blast|p1a: Rillaboom|[anim] Tera Blast Ghost
|-damage|p1a: Rillaboom|24/100
|move|p1b: Sneasler|Dire Claw|p2b: Kingambit
|-immune|p2b: Kingambit
|move|p1a: Rillaboom|Wood Hammer|p2a: Dragapult
|-damage|p2a: Dragapult|0 fnt
|faint|p2a: Dragapult
|-damage|p1a: Rillaboom|0 fnt|[from] Recoil
|faint|p1a: Rillaboom
|
|-weather|Snowscape|[upkeep]
|-heal|p1b: Sneasler|45/100|[from] Grassy Terrain
|upkeep
|
|t:|1755900378
|switch|p2a: Ninetales|Ninetales-Alola, L50, M|20/100
|switch|p1a: Kommo-o|Kommo-o, L50, M|90/100
|turn|6
|
|t:|1755900402
|move|p1b: Sneasler|Protect|p1b: Sneasler
|-singleturn|p1b: Sneasler|Protect
|move|p2b: Kingambit|Sucker Punch||[still]
|-fail|p2b: Kingambit
|move|p2a: Ninetales|Moonblast|p1a: Kommo-o
|-supereffective|p1a: Kommo-o
|-damage|p1a: Kommo-o|0 fnt
|faint|p1a: Kommo-o
|
|-weather|Snowscape|[upkeep]
|-heal|p1b: Sneasler|50/100|[from] Grassy Terrain
|-heal|p2a: Ninetales|26/100|[from] Grassy Terrain
|upkeep
|turn|7
|c|☆orizor|gg
|c|☆orizor|wp
|c|☆cereales revenge|gg wp
|-message|cereales revenge forfeited.
|
|win|orizor
|raw|cereales revenge's rating: 1295 → 1264(-31 for losing)
|raw|orizor's rating: 1213 → 1244(+31 for winning)
|l|☆cereales revenge
|player|p1|
