|j|☆roundybout
|j|☆dengonumber1fan
|html|roundyboutdengonumber1fan    
|uhtml|bestof|Game 2 of a best-of-3
|t:|1755829530
|gametype|doubles
|player|p1|roundybout|collector|1250
|player|p2|dengonumber1fan|benga|1242
|gen|9
|tier|[Gen 9] VGC 2025 Reg H (Bo3)
|rated|
|rule|Species Clause: Limit one of each Pokémon
|rule|Item Clause: Limit 1 of each item
|clearpoke
|poke|p1|Dragonite, L50, M|
|poke|p1|Pelipper, L50, M|
|poke|p1|Archaludon, L50, M|
|poke|p1|Basculegion, L50, M|
|poke|p1|Sinistcha-Masterpiece, L50|
|poke|p1|Incineroar, L50, F|
|poke|p2|Gholdengo, L50|
|poke|p2|Incineroar, L50, F|
|poke|p2|Amoonguss, L50, M|
|poke|p2|Sneasler, L50, F|
|poke|p2|Dragonite, L50, F|
|poke|p2|Ursaluna-Bloodmoon, L50, M|
|teampreview|4
|showteam|p1|Dragonite||LoadedDice|Multiscale|ScaleShot,ExtremeSpeed,Haze,Protect|||M|||50|,,,,,Fairy]Pelipper||FocusSash|Drizzle|MuddyWater,Hurricane,Tailwind,Protect|||M|||50|,,,,,Dark]Archaludon||AssaultVest|Stamina|ElectroShot,DracoMeteor,FlashCannon,BodyPress|||M|||50|,,,,,Fighting]Basculegion||ChoiceBand|SwiftSwim|WaveCrash,LastRespects,AquaJet,FlipTurn|||M|||50|,,,,,Grass]Sinistcha-Masterpiece||SitrusBerry|Hospitality|MatchaGotcha,RagePowder,TrickRoom,LifeDew||||||50|,,,,,Water]Incineroar||SafetyGoggles|Intimidate|KnockOff,Taunt,FakeOut,PartingShot|||F|||50|,,,,,Ghost
|showteam|p2|Gholdengo||LifeOrb|GoodasGold|MakeItRain,ShadowBall,NastyPlot,Protect||||||50|,,,,,Water]Incineroar||SafetyGoggles|Intimidate|PartingShot,FlareBlitz,KnockOff,FakeOut|||F|||50|,,,,,Ghost]Amoonguss||SitrusBerry|Regenerator|Spore,RagePowder,PollenPuff,Protect|||M|||50|,,,,,Psychic]Sneasler||FocusSash|Unburden|DireClaw,CloseCombat,ThroatChop,Protect|||F|||50|,,,,,Stellar]Dragonite||LoadedDice|Multiscale|ScaleShot,Tailwind,Haze,Protect|||F|||50|,,,,,Fairy]Ursaluna-Bloodmoon||AssaultVest|MindsEye|BloodMoon,EarthPower,HyperVoice,VacuumWave|||M|||50|,,,,,Water
|inactive|Battle timer is ON: inactive players will automatically lose when time's up. (requested by dengonumber1fan)
|
|t:|1755829554
|teamsize|p1|4
|teamsize|p2|4
|start
|switch|p1a: Archaludon|Archaludon, L50, M|100/100
|switch|p1b: Basculegion|Basculegion, L50, M|100/100
|switch|p2a: Dragonite|Dragonite, L50, F|100/100
|switch|p2b: Amoonguss|Amoonguss, L50, M, shiny|100/100
|turn|1
|
|t:|1755829570
|switch|p1b: Incineroar|Incineroar, L50, F|100/100
|-ability|p1b: Incineroar|Intimidate|boost
|-unboost|p2a: Dragonite|atk|1
|-unboost|p2b: Amoonguss|atk|1
|move|p2a: Dragonite|Scale Shot|p1b: Incineroar
|-damage|p1b: Incineroar|92/100
|-damage|p1b: Incineroar|83/100
|-damage|p1b: Incineroar|74/100
|-damage|p1b: Incineroar|65/100
|-damage|p1b: Incineroar|56/100
|-hitcount|p1b: Incineroar|5
|-unboost|p2a: Dragonite|def|1
|-boost|p2a: Dragonite|spe|1
|move|p1a: Archaludon|Flash Cannon|p2a: Dragonite
|-damage|p2a: Dragonite|79/100
|move|p2b: Amoonguss|Spore|p1a: Archaludon
|-status|p1a: Archaludon|slp|[from] move: Spore
|
|upkeep
|turn|2
|inactive|dengonumber1fan has 30 seconds left.
|inactive|dengonumber1fan has 20 seconds left.
|
|t:|1755829608
|switch|p2b: Ursaluna|Ursaluna-Bloodmoon, L50, M|100/100
|move|p2a: Dragonite|Scale Shot|p1b: Incineroar
|-damage|p1b: Incineroar|47/100
|-damage|p1b: Incineroar|38/100
|-damage|p1b: Incineroar|29/100
|-damage|p1b: Incineroar|20/100
|-hitcount|p1b: Incineroar|4
|-unboost|p2a: Dragonite|def|1
|-boost|p2a: Dragonite|spe|1
|cant|p1a: Archaludon|slp
|move|p1b: Incineroar|Knock Off|p2a: Dragonite
|-damage|p2a: Dragonite|0 fnt
|-enditem|p2a: Dragonite|Loaded Dice|[from] move: Knock Off|[of] p1b: Incineroar
|faint|p2a: Dragonite
|
|upkeep
|
|t:|1755829622
|switch|p2a: Sneasler|Sneasler, L50, F|100/100
|turn|3
|
|t:|1755829637
|switch|p1b: Pelipper|Pelipper, L50, M|100/100
|-weather|RainDance|[from] ability: Drizzle|[of] p1b: Pelipper
|move|p2a: Sneasler|Dire Claw|p1b: Pelipper
|-damage|p1b: Pelipper|43/100
|-status|p1b: Pelipper|psn
|-curestatus|p1a: Archaludon|slp|[msg]
|move|p1a: Archaludon|Electro Shot||[still]
|-prepare|p1a: Archaludon|Electro Shot
|-boost|p1a: Archaludon|spa|1
|-anim|p1a: Archaludon|Electro Shot|p2a: Sneasler
|-damage|p2a: Sneasler|14/100
|move|p2b: Ursaluna|Earth Power|p1a: Archaludon
|-supereffective|p1a: Archaludon
|-damage|p1a: Archaludon|21/100
|-unboost|p1a: Archaludon|spd|1
|-ability|p1a: Archaludon|Stamina|boost
|-boost|p1a: Archaludon|def|1
|
|-weather|RainDance|[upkeep]
|-damage|p1b: Pelipper|31/100 psn|[from] psn
|upkeep
|turn|4
|inactive|roundybout has 30 seconds left.
|inactive|dengonumber1fan has 30 seconds left.
|inactive|roundybout has 20 seconds left.
|
|t:|1755829676
|switch|p1a: Incineroar|Incineroar, L50, F|20/100
|-ability|p1a: Incineroar|Intimidate|boost
|-unboost|p2a: Sneasler|atk|1
|-unboost|p2b: Ursaluna|atk|1
|move|p1b: Pelipper|Protect|p1b: Pelipper
|-singleturn|p1b: Pelipper|Protect
|move|p2b: Ursaluna|Vacuum Wave|p1a: Incineroar
|-supereffective|p1a: Incineroar
|-damage|p1a: Incineroar|0 fnt
|faint|p1a: Incineroar
|move|p2a: Sneasler|Dire Claw|p1b: Pelipper
|-activate|p1b: Pelipper|move: Protect
|
|-weather|RainDance|[upkeep]
|-damage|p1b: Pelipper|18/100 psn|[from] psn
|upkeep
|
|t:|1755829680
|switch|p1a: Basculegion|Basculegion, L50, M|100/100
|turn|5
|
|t:|1755829699
|switch|p2a: Amoonguss|Amoonguss, L50, M, shiny|100/100
|-terastallize|p2b: Ursaluna|Water
|move|p1a: Basculegion|Flip Turn|p2b: Ursaluna
|-resisted|p2b: Ursaluna
|-damage|p2b: Ursaluna|74/100
|
|t:|1755829704
|switch|p1a: Archaludon|Archaludon, L50, M|21/100|[from] Flip Turn
|move|p1b: Pelipper|Muddy Water|p2b: Ursaluna|[spread] 
|-miss|p1b: Pelipper|p2a: Amoonguss
|-miss|p1b: Pelipper|p2b: Ursaluna
|move|p2b: Ursaluna|Blood Moon|p1a: Archaludon
|-resisted|p1a: Archaludon
|-damage|p1a: Archaludon|0 fnt
|faint|p1a: Archaludon
|
|-weather|RainDance|[upkeep]
|-damage|p1b: Pelipper|6/100 psn|[from] psn
|upkeep
|
|t:|1755829706
|switch|p1a: Basculegion|Basculegion, L50, M|100/100
|turn|6
|
|t:|1755829716
|-terastallize|p1a: Basculegion|Grass
|move|p2b: Ursaluna|Vacuum Wave|p1b: Pelipper
|-resisted|p1b: Pelipper
|-damage|p1b: Pelipper|0 fnt
|faint|p1b: Pelipper
|move|p1a: Basculegion|Last Respects|p2b: Ursaluna
|-damage|p2b: Ursaluna|0 fnt
|faint|p2b: Ursaluna
|move|p2a: Amoonguss|Spore|p1a: Basculegion
|-immune|p1a: Basculegion
|
|-weather|RainDance|[upkeep]
|upkeep
|
|t:|1755829721
|switch|p2b: Sneasler|Sneasler, L50, F|14/100
|turn|7
|
|t:|1755829733
|move|p2b: Sneasler|Protect|p2b: Sneasler
|-singleturn|p2b: Sneasler|Protect
|move|p1a: Basculegion|Last Respects|p2a: Amoonguss
|-damage|p2a: Amoonguss|0 fnt
|faint|p2a: Amoonguss
|
|-weather|none
|upkeep
|turn|8
|
|t:|1755829739
|move|p2b: Sneasler|Dire Claw|p1a: Basculegion
|-supereffective|p1a: Basculegion
|-damage|p1a: Basculegion|0 fnt
|faint|p1a: Basculegion
|
|win|dengonumber1fan
|raw|roundybout's rating: 1250 → 1224(-26 for losing)
|raw|dengonumber1fan's rating: 1242 → 1268(+26 for winning)
