|j|☆Yoelsan8
|j|☆abdullahsadiq3
|html|Yoelsan8abdullahsadiq3    
|uhtml|bestof|Game 2 of a best-of-3
|t:|1785843960
|gametype|doubles
|player|p1|Yoelsan8|alder|1125
|player|p2|abdullahsadiq3|169|1083
|gen|9
|tier|[Gen 9 Champions] VGC 2026 Reg M-B (Bo3)
|rated|
|rule|Species Clause: Limit one of each Pokémon
|rule|Item Clause: Limit 1 of each item
|clearpoke
|poke|p1|Whimsicott, L50, M|
|poke|p1|Basculegion, L50, M|
|poke|p1|Floette-Eternal, L50, F|
|poke|p1|Garchomp, L50, F|
|poke|p1|Kingambit, L50, F|
|poke|p1|Charizard, L50, F|
|poke|p2|Charizard, L50, F|
|poke|p2|Garchomp, L50, F|
|poke|p2|Kingambit, L50, F|
|poke|p2|Toxapex, L50, M|
|poke|p2|Sneasler, L50, F|
|poke|p2|Venusaur, L50, F|
|teampreview|4
|showteam|p1|Whimsicott||FocusSash|Prankster|Protect,Tailwind,Moonblast,Encore|Timid||M|||50|]Basculegion||LifeOrb|Adaptability|Protect,WaveCrash,LastRespects,AquaJet|Adamant||M|||50|]Floette-Eternal||Floettite|FlowerVeil|Protect,HelpingHand,Moonblast,DazzlingGleam|Timid||F|||50|]Garchomp||SitrusBerry|RoughSkin|DragonClaw,Earthquake,PoisonJab,RockSlide|Adamant||F|||50|]Kingambit||ChopleBerry|Defiant|IronHead,KowtowCleave,SuckerPunch,LowKick|Adamant||F|||50|]Charizard||CharizarditeY|Blaze|Protect,HeatWave,WeatherBall,SolarBeam|Modest||F|||50|
|showteam|p2|Charizard||CharizarditeY|Blaze|WeatherBall,HeatWave,SolarBeam,Protect|Modest||F|||50|]Garchomp||LifeOrb|RoughSkin|DragonClaw,StompingTantrum,RockSlide,Protect|Jolly||F|||50|]Kingambit||ChopleBerry|Defiant|LowKick,SuckerPunch,IronHead,KowtowCleave|Adamant||F|||50|]Toxapex||Leftovers|Regenerator|Toxic,Infestation,WideGuard,BanefulBunker|Calm||M|||50|]Sneasler||WhiteHerb|Unburden|FakeOut,CloseCombat,DireClaw,Protect|Adamant||F|||50|]Venusaur||FocusSash|Chlorophyll|SleepPowder,GigaDrain,EarthPower,WeatherBall|Modest||F|||50|
|
|t:|1785843994
|teamsize|p1|4
|teamsize|p2|4
|start
|switch|p1a: Whimsicott|Whimsicott, L50, M|100/100
|switch|p1b: Basculegion|Basculegion, L50, M|100/100
|switch|p2a: Charizard|Charizard, L50, F|100/100
|switch|p2b: Venusaur|Venusaur, L50, F|100/100
|turn|1
|
|t:|1785844036
|detailschange|p2a: Charizard|Charizard-Mega-Y, L50, F
|-mega|p2a: Charizard|Charizard|Charizardite Y
|-weather|SunnyDay|[from] ability: Drought|[of] p2a: Charizard
|move|p2a: Charizard|Protect|p2a: Charizard
|-singleturn|p2a: Charizard|Protect
|move|p1a: Whimsicott|Tailwind|p1a: Whimsicott
|-sidestart|p1: Yoelsan8|move: Tailwind
|move|p2b: Venusaur|Sleep Powder|p1b: Basculegion
|-status|p1b: Basculegion|slp|[from] move: Sleep Powder
|cant|p1b: Basculegion|slp
|
|-weather|SunnyDay|[upkeep]
|upkeep
|turn|2
|
|t:|1785844065
|switch|p1b: Charizard|Charizard, L50, F|100/100
|switch|p2a: Kingambit|Kingambit, L50, F|100/100
|move|p1a: Whimsicott|Encore|p2a: Kingambit
|-hint|Since gen 7, Dark is immune to Prankster moves.
|-immune|p2a: Kingambit
|move|p2b: Venusaur|Weather Ball|p1a: Whimsicott
|-supereffective|p1a: Whimsicott|1
|-enditem|p1a: Whimsicott|Focus Sash
|-damage|p1a: Whimsicott|1/100
|
|-weather|SunnyDay|[upkeep]
|upkeep
|turn|3
|
|t:|1785844092
|switch|p1a: Basculegion|Basculegion, L50, M|100/100 slp
|switch|p2a: Toxapex|Toxapex, L50, M|100/100
|detailschange|p1b: Charizard|Charizard-Mega-Y, L50, F
|-mega|p1b: Charizard|Charizard|Charizardite Y
|move|p2b: Venusaur|Sleep Powder|p1b: Charizard|[miss]
|-miss|p2b: Venusaur|p1b: Charizard
|move|p1b: Charizard|Heat Wave|p2a: Toxapex|[spread] 
|-miss|p1b: Charizard|p2a: Toxapex
|-miss|p1b: Charizard|p2b: Venusaur
|
|-weather|SunnyDay|[upkeep]
|upkeep
|turn|4
|
|t:|1785844115
|move|p2b: Venusaur|Sleep Powder|p1b: Charizard
|-status|p1b: Charizard|slp|[from] move: Sleep Powder
|-curestatus|p1a: Basculegion|slp|[msg]
|move|p1a: Basculegion|Last Respects|p2b: Venusaur
|-damage|p2b: Venusaur|43/100
|-damage|p1a: Basculegion|90/100|[from] item: Life Orb
|cant|p1b: Charizard|slp
|move|p2a: Toxapex|Infestation|p1a: Basculegion
|-resisted|p1a: Basculegion|1
|-damage|p1a: Basculegion|88/100
|-activate|p1a: Basculegion|move: Infestation|[of] p2a: Toxapex
|
|-weather|SunnyDay|[upkeep]
|-damage|p1a: Basculegion|76/100|[from] move: Infestation|[partiallytrapped]
|-sideend|p1: Yoelsan8|move: Tailwind
|upkeep
|turn|5
|
|t:|1785844140
|move|p1a: Basculegion|Protect|p1a: Basculegion
|-singleturn|p1a: Basculegion|Protect
|move|p2b: Venusaur|Giga Drain|p1a: Basculegion
|-activate|p1a: Basculegion|move: Protect
|cant|p1b: Charizard|slp
|move|p2a: Toxapex|Infestation|p1b: Charizard
|-resisted|p1b: Charizard|2
|-damage|p1b: Charizard|99/100 slp
|-activate|p1b: Charizard|move: Infestation|[of] p2a: Toxapex
|
|-weather|none
|-damage|p1a: Basculegion|64/100|[from] move: Infestation|[partiallytrapped]
|-damage|p1b: Charizard|87/100 slp|[from] move: Infestation|[partiallytrapped]
|upkeep
|turn|6
|
|t:|1785844166
|switch|p2a: Charizard|Charizard-Mega-Y, L50, F|100/100
|-weather|SunnyDay|[from] ability: Drought|[of] p2a: Charizard
|move|p2b: Venusaur|Giga Drain|p1a: Basculegion
|-supereffective|p1a: Basculegion|1
|-damage|p1a: Basculegion|0 fnt
|-heal|p2b: Venusaur|84/100|[from] drain|[of] p1a: Basculegion
|faint|p1a: Basculegion
|-curestatus|p1b: Charizard|slp|[msg]
|move|p1b: Charizard|Weather Ball|p2a: Charizard
|-resisted|p2a: Charizard|1
|-damage|p2a: Charizard|55/100
|
|-weather|SunnyDay|[upkeep]
|-end|p1b: Charizard|Infestation|[partiallytrapped]|[silent]
|upkeep
|
|t:|1785844196
|switch|p1a: Garchomp|Garchomp, L50, F|100/100
|turn|7
|
|t:|1785844206
|switch|p2a: Toxapex|Toxapex, L50, M|100/100
|move|p2b: Venusaur|Sleep Powder|p1b: Charizard
|-status|p1b: Charizard|slp|[from] move: Sleep Powder
|move|p1a: Garchomp|Rock Slide|p2b: Venusaur|[spread] p2a,p2b
|-damage|p2a: Toxapex|87/100
|-damage|p2b: Venusaur|59/100
|cant|p1b: Charizard|slp
|
|-weather|SunnyDay|[upkeep]
|-heal|p2a: Toxapex|92/100|[from] item: Leftovers
|upkeep
|turn|8
|
|t:|1785844234
|move|p2b: Venusaur|Sleep Powder|p1a: Garchomp|[miss]
|-miss|p2b: Venusaur|p1a: Garchomp
|move|p1a: Garchomp|Dragon Claw|p2b: Venusaur
|-damage|p2b: Venusaur|1/100
|cant|p1b: Charizard|slp
|move|p2a: Toxapex|Toxic||[still]
|-fail|p2a: Toxapex
|
|-weather|SunnyDay|[upkeep]
|-heal|p2a: Toxapex|98/100|[from] item: Leftovers
|upkeep
|turn|9
|
|t:|1785844254
|move|p2b: Venusaur|Sleep Powder|p1a: Garchomp
|-status|p1a: Garchomp|slp|[from] move: Sleep Powder
|cant|p1a: Garchomp|slp
|-curestatus|p1b: Charizard|slp|[msg]
|move|p1b: Charizard|Weather Ball|p2b: Venusaur
|-supereffective|p2b: Venusaur|1
|-damage|p2b: Venusaur|0 fnt
|faint|p2b: Venusaur
|move|p2a: Toxapex|Infestation|p1a: Garchomp
|-damage|p1a: Garchomp|97/100 slp
|-activate|p1a: Garchomp|move: Infestation|[of] p2a: Toxapex
|-damage|p2a: Toxapex|86/100|[from] ability: Rough Skin|[of] p1a: Garchomp
|
|-weather|SunnyDay|[upkeep]
|-heal|p2a: Toxapex|92/100|[from] item: Leftovers
|-damage|p1a: Garchomp|85/100 slp|[from] move: Infestation|[partiallytrapped]
|upkeep
|
|t:|1785844263
|switch|p2b: Charizard|Charizard-Mega-Y, L50, F|55/100
|turn|10
|
|t:|1785844283
|move|p2a: Toxapex|Wide Guard|p2a: Toxapex
|-singleturn|p2a: Toxapex|Wide Guard
|move|p2b: Charizard|Weather Ball|p1a: Garchomp
|-resisted|p1a: Garchomp|1
|-damage|p1a: Garchomp|42/100 slp
|-enditem|p1a: Garchomp|Sitrus Berry|[eat]
|-heal|p1a: Garchomp|66/100 slp|[from] item: Sitrus Berry
|cant|p1a: Garchomp|slp
|move|p1b: Charizard|Solar Beam||[still]
|-prepare|p1b: Charizard|Solar Beam
|-anim|p1b: Charizard|Solar Beam|p2a: Toxapex
|-damage|p2a: Toxapex|59/100
|
|-weather|none
|-heal|p2a: Toxapex|64/100|[from] item: Leftovers
|-damage|p1a: Garchomp|54/100 slp|[from] move: Infestation|[partiallytrapped]
|upkeep
|turn|11
|
|t:|1785844323
|move|p2b: Charizard|Protect|p2b: Charizard
|-singleturn|p2b: Charizard|Protect
|-curestatus|p1a: Garchomp|slp|[msg]
|move|p1a: Garchomp|Dragon Claw|p2b: Charizard
|-activate|p2b: Charizard|move: Protect
|move|p1b: Charizard|Weather Ball|p2b: Charizard
|-activate|p2b: Charizard|move: Protect
|move|p2a: Toxapex|Toxic|p1b: Charizard
|-status|p1b: Charizard|tox
|
|-heal|p2a: Toxapex|70/100|[from] item: Leftovers
|-damage|p1b: Charizard|81/100 tox|[from] psn
|-damage|p1a: Garchomp|42/100|[from] move: Infestation|[partiallytrapped]
|upkeep
|turn|12
|
|t:|1785844349
|move|p2a: Toxapex|Wide Guard|p2a: Toxapex
|-singleturn|p2a: Toxapex|Wide Guard
|move|p2b: Charizard|Heat Wave|p1a: Garchomp|[spread] p1a,p1b
|-resisted|p1a: Garchomp|1
|-resisted|p1b: Charizard|1
|-damage|p1a: Garchomp|20/100y
|-damage|p1b: Charizard|60/100 tox
|move|p1a: Garchomp|Earthquake|p2b: Charizard|[spread] 
|-activate|p2a: Toxapex|move: Wide Guard
|-activate|p2b: Charizard|move: Wide Guard
|-immune|p1b: Charizard
|move|p1b: Charizard|Weather Ball|p2a: Toxapex
|-damage|p2a: Toxapex|57/100
|
|-heal|p2a: Toxapex|63/100|[from] item: Leftovers
|-damage|p1b: Charizard|48/100 tox|[from] psn
|-damage|p1a: Garchomp|7/100|[from] move: Infestation|[partiallytrapped]
|upkeep
|turn|13
|
|t:|1785844371
|move|p2a: Toxapex|Wide Guard|p2a: Toxapex
|-singleturn|p2a: Toxapex|Wide Guard
|move|p2b: Charizard|Heat Wave|p1b: Charizard|[spread] p1a,p1b
|-resisted|p1a: Garchomp|1
|-resisted|p1b: Charizard|1
|-damage|p1a: Garchomp|0 fnt
|-damage|p1b: Charizard|27/100 tox
|faint|p1a: Garchomp
|move|p1b: Charizard|Weather Ball|p2b: Charizard
|-damage|p2b: Charizard|36/100
|
|-heal|p2a: Toxapex|68/100|[from] item: Leftovers
|-damage|p1b: Charizard|9/100 tox|[from] psn
|upkeep
|
|t:|1785844382
|switch|p1a: Whimsicott|Whimsicott, L50, M|1/100
|turn|14
|
|t:|1785844395
|move|p2b: Charizard|Protect|p2b: Charizard
|-singleturn|p2b: Charizard|Protect
|move|p1b: Charizard|Protect|p1b: Charizard
|-singleturn|p1b: Charizard|Protect
|move|p1a: Whimsicott|Moonblast|p2b: Charizard
|-activate|p2b: Charizard|move: Protect
|move|p2a: Toxapex|Toxic|p1a: Whimsicott
|-status|p1a: Whimsicott|tox
|
|-heal|p2a: Toxapex|74/100|[from] item: Leftovers
|-damage|p1a: Whimsicott|0 fnt|[from] psn
|faint|p1a: Whimsicott
|-damage|p1b: Charizard|0 fnt|[from] psn
|faint|p1b: Charizard
|
|win|abdullahsadiq3
||Yoelsan8 is ready for game 3.
|l|☆abdullahsadiq3
|player|p2|
||abdullahsadiq3 is ready for game 3.
|uhtml|next|Next: Game 3 of 3
