|j|☆Pelosis
|j|☆OccultistApe
|html|PelosisOccultistApe    
|uhtml|bestof|Game 2 of a best-of-3
|t:|1784313868
|gametype|doubles
|player|p1|Pelosis|266|1123
|player|p2|OccultistApe|ethan|1045
|gen|9
|tier|[Gen 9 Champions] VGC 2026 Reg M-B (Bo3)
|rated|
|rule|Species Clause: Limit one of each Pokémon
|rule|Item Clause: Limit 1 of each item
|clearpoke
|poke|p1|Metagross, L50|
|poke|p1|Hydreigon, L50, M|
|poke|p1|Talonflame, L50, M|
|poke|p1|Sylveon, L50, F|
|poke|p1|Sneasler, L50, F|
|poke|p1|Ninetales-Alola, L50, F|
|poke|p2|Sableye, L50, M|
|poke|p2|Milotic, L50, F|
|poke|p2|Scovillain, L50, F|
|poke|p2|Annihilape, L50, M|
|poke|p2|Bellibolt, L50, M|
|poke|p2|Scizor, L50, M|
|teampreview|4
|showteam|p1|Metagross||Metagrossite|ClearBody|Protect,IronHead,ThunderPunch,PsychicFangs|Jolly|||||50|]Hydreigon||ChoiceScarf|Levitate|Snarl,DragonPulse,DarkPulse,EarthPower|Modest||M|||50|]Talonflame||SharpBeak|GaleWings|Protect,DualWingbeat,Tailwind,FlareBlitz|Adamant||M|||50|]Sylveon||FairyFeather|Pixilate|Protect,DrainingKiss,HyperVoice,CalmMind|Modest||F|||50|]Sneasler||FocusSash|Unburden|FakeOut,DireClaw,CloseCombat,Coaching|Jolly||F|||50|]Ninetales-Alola||LightClay|SnowWarning|Protect,AuroraVeil,Blizzard,FreezeDry|Timid||F|||50|
|showteam|p2|Sableye||LightClay|Prankster|Reflect,LightScreen,Encore,Snarl|Calm||M|||50|]Milotic||Leftovers|Competitive|Recover,Scald,IceBeam,Haze|Modest||F|||50|]Scovillain||Scovillainite|Moody|Flamethrower,GigaDrain,RagePowder,Protect|Bold||F|||50|]Annihilape||KasibBerry|Defiant|BulkUp,DrainPunch,RageFist,Protect|Adamant||M|||50|]Bellibolt||SitrusBerry|Electromorphosis|Thunderbolt,Soak,SlackOff,Protect|Calm||M|||50|]Scizor||Scizorite|Technician|SwordsDance,BulletPunch,BugBite,Roost|Adamant||M|||50|
|
|t:|1784313906
|teamsize|p1|4
|teamsize|p2|4
|start
|switch|p1a: Talonflame|Talonflame, L50, M|100/100
|switch|p1b: Ninetales|Ninetales-Alola, L50, F|100/100
|switch|p2a: Sableye|Sableye, L50, M|100/100
|switch|p2b: Bellibolt|Bellibolt, L50, M|100/100
|-weather|Snowscape|[from] ability: Snow Warning|[of] p1b: Ninetales
|turn|1
|inactive|Battle timer is ON: inactive players will automatically lose when time's up. (requested by Pelosis)
|
|t:|1784313943
|move|p2a: Sableye|Light Screen|p2a: Sableye
|-sidestart|p2: OccultistApe|move: Light Screen
|move|p1a: Talonflame|Flare Blitz|p2a: Sableye
|-damage|p2a: Sableye|24/100
|-damage|p1a: Talonflame|74/100|[from] Recoil
|move|p1b: Ninetales|Blizzard|p2b: Bellibolt|[spread] p2a,p2b
|-damage|p2a: Sableye|1/100
|-damage|p2b: Bellibolt|84/100
|-start|p2b: Bellibolt|Charge|Blizzard|[from] ability: Electromorphosis
|move|p2b: Bellibolt|Soak|p1b: Ninetales
|-start|p1b: Ninetales|typechange|Water
|
|-weather|Snowscape|[upkeep]
|upkeep
|turn|2
|
|t:|1784313968
|switch|p1a: Hydreigon|Hydreigon, L50, M|100/100
|move|p2a: Sableye|Reflect|p2a: Sableye
|-sidestart|p2: OccultistApe|Reflect
|move|p1b: Ninetales|Blizzard|p2a: Sableye|[spread] p2a,p2b
|-damage|p2a: Sableye|0 fnt
|-damage|p2b: Bellibolt|75/100
|-start|p2b: Bellibolt|Charge|Blizzard|[from] ability: Electromorphosis
|faint|p2a: Sableye
|move|p2b: Bellibolt|Thunderbolt|p1a: Hydreigon
|-resisted|p1a: Hydreigon|1
|-damage|p1a: Hydreigon|65/100
|-end|p2b: Bellibolt|Charge|[silent]
|
|-weather|Snowscape|[upkeep]
|upkeep
|
|t:|1784313979
|switch|p2a: Scizor|Scizor, L50, M|100/100
|turn|3
|
|t:|1784313996
|detailschange|p2a: Scizor|Scizor-Mega, L50, M
|-mega|p2a: Scizor|Scizor|Scizorite
|move|p1a: Hydreigon|Dark Pulse|p2a: Scizor
|-damage|p2a: Scizor|68/100
|move|p1b: Ninetales|Aurora Veil|p1b: Ninetales
|-sidestart|p1: Pelosis|move: Aurora Veil
|move|p2a: Scizor|Swords Dance|p2a: Scizor
|-boost|p2a: Scizor|atk|2
|move|p2b: Bellibolt|Thunderbolt|p1b: Ninetales
|-supereffective|p1b: Ninetales|1
|-damage|p1b: Ninetales|48/100
|
|-weather|Snowscape|[upkeep]
|upkeep
|turn|4
|
|t:|1784314015
|move|p1a: Hydreigon|Dark Pulse|p2a: Scizor
|-damage|p2a: Scizor|36/100
|move|p1b: Ninetales|Blizzard|p2b: Bellibolt|[spread] p2a,p2b
|-resisted|p2a: Scizor|1
|-damage|p2a: Scizor|28/100
|-damage|p2b: Bellibolt|66/100
|-start|p2b: Bellibolt|Charge|Blizzard|[from] ability: Electromorphosis
|move|p2a: Scizor|Roost|p2a: Scizor
|-heal|p2a: Scizor|79/100
|-singleturn|p2a: Scizor|move: Roost
|move|p2b: Bellibolt|Thunderbolt|p1b: Ninetales
|-supereffective|p1b: Ninetales|1
|-damage|p1b: Ninetales|0 fnt
|faint|p1b: Ninetales
|-end|p2b: Bellibolt|Charge|[silent]
|
|-weather|Snowscape|[upkeep]
|upkeep
|
|t:|1784314034
|switch|p1b: Talonflame|Talonflame, L50, M|74/100
|turn|5
|
|t:|1784314043
|move|p2a: Scizor|Bullet Punch|p1a: Hydreigon
|-damage|p1a: Hydreigon|5/100
|move|p1a: Hydreigon|Dark Pulse|p2a: Scizor
|-damage|p2a: Scizor|46/100
|move|p1b: Talonflame|Flare Blitz|p2a: Scizor
|-supereffective|p2a: Scizor|2
|-damage|p2a: Scizor|0 fnt
|faint|p2a: Scizor
|-damage|p1b: Talonflame|56/100|[from] Recoil
|move|p2b: Bellibolt|Thunderbolt|p1b: Talonflame
|-supereffective|p1b: Talonflame|1
|-damage|p1b: Talonflame|0 fnt
|faint|p1b: Talonflame
|
|-weather|none
|upkeep
|
|t:|1784314057
|switch|p1b: Metagross|Metagross, L50|100/100
|switch|p2a: Milotic|Milotic, L50, F|100/100
|turn|6
|inactive|Pelosis has 30 seconds left.
|inactive|OccultistApe has 30 seconds left.
|
|t:|1784314086
|detailschange|p1b: Metagross|Metagross-Mega, L50
|-mega|p1b: Metagross|Metagross|Metagrossite
|move|p1a: Hydreigon|Dark Pulse|p2b: Bellibolt
|-damage|p2b: Bellibolt|45/100
|-start|p2b: Bellibolt|Charge|Dark Pulse|[from] ability: Electromorphosis
|-enditem|p2b: Bellibolt|Sitrus Berry|[eat]
|-heal|p2b: Bellibolt|70/100|[from] item: Sitrus Berry
|move|p1b: Metagross|Psychic Fangs|p2b: Bellibolt
|-sideend|p2: OccultistApe|Reflect
|-sideend|p2: OccultistApe|move: Light Screen
|-damage|p2b: Bellibolt|20/100y
|-start|p2b: Bellibolt|Charge|Psychic Fangs|[from] ability: Electromorphosis
|move|p2a: Milotic|Scald|p1b: Metagross
|-damage|p1b: Metagross|76/100
|-status|p1b: Metagross|brn
|cant|p2b: Bellibolt|flinch
|-end|p2b: Bellibolt|Charge|[silent]
|
|-damage|p1b: Metagross|70/100 brn|[from] brn
|upkeep
|turn|7
|inactive|Pelosis has 30 seconds left.
|
|t:|1784314113
|move|p2b: Bellibolt|Protect|p2b: Bellibolt
|-singleturn|p2b: Bellibolt|Protect
|move|p1a: Hydreigon|Dark Pulse|p2b: Bellibolt
|-activate|p2b: Bellibolt|move: Protect
|move|p1b: Metagross|Thunder Punch|p2a: Milotic
|-supereffective|p2a: Milotic|1
|-damage|p2a: Milotic|61/100
|move|p2a: Milotic|Scald|p1a: Hydreigon
|-resisted|p1a: Hydreigon|1
|-damage|p1a: Hydreigon|0 fnt
|faint|p1a: Hydreigon
|
|-heal|p2a: Milotic|67/100|[from] item: Leftovers
|-damage|p1b: Metagross|64/100 brn|[from] brn
|upkeep
|turn|8
|
|t:|1784314129
|move|p1b: Metagross|Iron Head|p2b: Bellibolt
|-resisted|p2b: Bellibolt|1
|-damage|p2b: Bellibolt|8/100
|-start|p2b: Bellibolt|Charge|Iron Head|[from] ability: Electromorphosis
|move|p2a: Milotic|Recover|p2a: Milotic
|-heal|p2a: Milotic|100/100
|move|p2b: Bellibolt|Slack Off|p2b: Bellibolt
|-heal|p2b: Bellibolt|58/100
|
|-damage|p1b: Metagross|57/100 brn|[from] brn
|upkeep
|turn|9
|
|t:|1784314141
|move|p1b: Metagross|Psychic Fangs|p2b: Bellibolt
|-damage|p2b: Bellibolt|30/100
|-start|p2b: Bellibolt|Charge|Psychic Fangs|[from] ability: Electromorphosis
|move|p2a: Milotic|Scald|p1b: Metagross
|-damage|p1b: Metagross|38/100 brn
|move|p2b: Bellibolt|Thunderbolt|p1b: Metagross
|-crit|p1b: Metagross
|-damage|p1b: Metagross|0 fnt
|faint|p1b: Metagross
|-end|p2b: Bellibolt|Charge|[silent]
|
|win|OccultistApe
|raw|Pelosis's rating: 1123 → 1092(-31 for losing)
|raw|OccultistApe's rating: 1045 → 1086(+41 for winning)
|c|☆Pelosis|gg
