|j|☆wideguard_user
|j|☆ben harpic
|html|wideguard_userben harpic    
|uhtml|bestof|Game 3 of a best-of-3
|t:|1755826117
|gametype|doubles
|player|p1|wideguard_user|102|1235
|player|p2|ben harpic|170|1196
|gen|9
|tier|[Gen 9] VGC 2025 Reg H (Bo3)
|rated|
|rule|Species Clause: Limit one of each Pokémon
|rule|Item Clause: Limit 1 of each item
|clearpoke
|poke|p1|Gholdengo, L50|
|poke|p1|Sneasler, L50, F|
|poke|p1|Incineroar, L50, M|
|poke|p1|Amoonguss, L50, F|
|poke|p1|Dragonite, L50, F|
|poke|p1|Ursaluna-Bloodmoon, L50, M|
|poke|p2|Garchomp, L50, F|
|poke|p2|Dragapult, L50, F|
|poke|p2|Rillaboom, L50, F|
|poke|p2|Annihilape, L50, F|
|poke|p2|Maushold-Four, L50|
|poke|p2|Weezing, L50, M|
|teampreview|4
|showteam|p1|Gholdengo||LifeOrb|GoodasGold|MakeItRain,ShadowBall,NastyPlot,Protect||||||50|,,,,,Water]Sneasler||FocusSash|Unburden|ThroatChop,CloseCombat,DireClaw,Protect|||F|||50|,,,,,Stellar]Incineroar||SafetyGoggles|Intimidate|FakeOut,FlareBlitz,KnockOff,PartingShot|||M|||50|,,,,,Ghost]Amoonguss||SitrusBerry|Regenerator|Spore,RagePowder,SludgeBomb,Protect|||F|||50|,,,,,Water]Dragonite||LoadedDice|Multiscale|ScaleShot,ExtremeSpeed,Tailwind,Protect|||F|||50|,,,,,Steel]Ursaluna-Bloodmoon||AssaultVest|MindsEye|HyperVoice,BloodMoon,EarthPower,VacuumWave|||M|||50|,,,,,Normal
|showteam|p2|Garchomp||LifeOrb|RoughSkin|Earthquake,Protect,StompingTantrum,RockSlide|||F|||50|,,,,,Ground]Dragapult||LightClay|ClearBody|DragonDarts,Reflect,LightScreen,ThunderWave|||F|||50|,,,,,Flying]Rillaboom||MiracleSeed|GrassySurge|WoodHammer,FakeOut,WorrySeed,GrassyGlide|||F|||50|,,,,,Grass]Annihilape||Leftovers|Defiant|RageFist,Protect,BulkUp,DrainPunch|||F|||50|,,,,,Normal]Maushold-Four||WideLens|FriendGuard|PopulationBomb,Protect,Taunt,ThunderWave||||||50|,,,,,Ghost]Weezing||WikiBerry|NeutralizingGas|SludgeBomb,Protect,Taunt,WillOWisp|||M|||50|,,,,,Ghost
|
|t:|1755826141
|teamsize|p1|4
|teamsize|p2|4
|start
|switch|p1a: Gholdengo|Gholdengo, L50|100/100
|switch|p1b: Dragonite|Dragonite, L50, F|100/100
|switch|p2a: Dragapult|Dragapult, L50, F|100/100
|switch|p2b: Annihilape|Annihilape, L50, F|100/100
|turn|1
|inactive|Battle timer is ON: inactive players will automatically lose when time's up. (requested by wideguard_user)
|
|t:|1755826163
|move|p1a: Gholdengo|Protect|p1a: Gholdengo
|-singleturn|p1a: Gholdengo|Protect
|move|p2a: Dragapult|Thunder Wave|p1b: Dragonite
|-status|p1b: Dragonite|par
|move|p2b: Annihilape|Bulk Up|p2b: Annihilape
|-boost|p2b: Annihilape|atk|1
|-boost|p2b: Annihilape|def|1
|cant|p1b: Dragonite|par
|
|upkeep
|turn|2
|inactive|wideguard_user has 30 seconds left.
|
|t:|1755826190
|switch|p2b: Weezing|Weezing, L50, M|100/100
|-ability|p2b: Weezing|Neutralizing Gas
|move|p2a: Dragapult|Thunder Wave|p1a: Gholdengo
|-status|p1a: Gholdengo|par
|move|p1a: Gholdengo|Shadow Ball|p2b: Weezing
|-damage|p2b: Weezing|43/100
|-damage|p1a: Gholdengo|91/100 par|[from] item: Life Orb
|move|p1b: Dragonite|Scale Shot|p2a: Dragapult
|-supereffective|p2a: Dragapult
|-damage|p2a: Dragapult|65/100
|-supereffective|p2a: Dragapult
|-damage|p2a: Dragapult|31/100
|-supereffective|p2a: Dragapult
|-damage|p2a: Dragapult|0 fnt
|faint|p2a: Dragapult
|-hitcount|p2: Dragapult|3
|-unboost|p1b: Dragonite|def|1
|-boost|p1b: Dragonite|spe|1
|
|upkeep
|
|t:|1755826205
|switch|p2a: Annihilape|Annihilape, L50, F|100/100
|turn|3
|inactive|wideguard_user has 30 seconds left.
|inactive|wideguard_user has 20 seconds left.
|
|t:|1755826242
|move|p2a: Annihilape|Rage Fist|p1a: Gholdengo
|-supereffective|p1a: Gholdengo
|-damage|p1a: Gholdengo|38/100 par
|move|p2b: Weezing|Taunt|p1b: Dragonite
|-start|p1b: Dragonite|move: Taunt
|cant|p1b: Dragonite|move: Taunt|Tailwind
|move|p1a: Gholdengo|Make It Rain|p2a: Annihilape|[spread] p2a,p2b
|-damage|p2a: Annihilape|57/100
|-damage|p2b: Weezing|0 fnt
|-unboost|p1a: Gholdengo|spa|1
|faint|p2b: Weezing
|-end|p2b: Weezing|ability: Neutralizing Gas
|-damage|p1a: Gholdengo|28/100 par|[from] item: Life Orb
|
|-heal|p2a: Annihilape|63/100|[from] item: Leftovers
|upkeep
|
|t:|1755826253
|switch|p2b: Rillaboom|Rillaboom, L50, F|100/100
|-fieldstart|move: Grassy Terrain|[from] ability: Grassy Surge|[of] p2b: Rillaboom
|turn|4
|inactive|wideguard_user has 30 seconds left.
|inactive|wideguard_user has 20 seconds left.
|inactive|wideguard_user has 15 seconds left.
|inactive|wideguard_user has 10 seconds left.
|inactive|wideguard_user has 5 seconds left.
|
|t:|1755826306
|move|p2b: Rillaboom|Wood Hammer|p1a: Gholdengo
|-resisted|p1a: Gholdengo
|-damage|p1a: Gholdengo|0 fnt
|faint|p1a: Gholdengo
|-damage|p2b: Rillaboom|93/100|[from] Recoil
|move|p2a: Annihilape|Rage Fist|p1b: Dragonite
|-damage|p1b: Dragonite|63/100 par
|move|p1b: Dragonite|Scale Shot|p2b: Rillaboom
|-damage|p2b: Rillaboom|78/100
|-damage|p2b: Rillaboom|62/100
|-damage|p2b: Rillaboom|48/100
|-damage|p2b: Rillaboom|32/100
|-damage|p2b: Rillaboom|16/100
|-hitcount|p2b: Rillaboom|5
|-unboost|p1b: Dragonite|def|1
|-boost|p1b: Dragonite|spe|1
|
|-heal|p2b: Rillaboom|22/100|[from] Grassy Terrain
|-heal|p2a: Annihilape|70/100|[from] Grassy Terrain
|-heal|p2a: Annihilape|76/100|[from] item: Leftovers
|upkeep
|
|t:|1755826329
|switch|p1a: Ursaluna|Ursaluna-Bloodmoon, L50, M|100/100
|turn|5
|
|t:|1755826347
|-terastallize|p1a: Ursaluna|Normal
|move|p1b: Dragonite|Extreme Speed|p2b: Rillaboom
|-damage|p2b: Rillaboom|0 fnt
|faint|p2b: Rillaboom
|move|p2a: Annihilape|Rage Fist|p1b: Dragonite
|-damage|p1b: Dragonite|0 fnt
|faint|p1b: Dragonite
|move|p1a: Ursaluna|Blood Moon|p2a: Annihilape
|-damage|p2a: Annihilape|2/100
|
|-heal|p2a: Annihilape|8/100|[from] Grassy Terrain
|-heal|p2a: Annihilape|14/100|[from] item: Leftovers
|upkeep
|
|t:|1755826355
|switch|p1b: Sneasler|Sneasler, L50, F|100/100
|turn|6
|-message|ben harpic forfeited.
|
|win|wideguard_user
|raw|wideguard_user's rating: 1235 → 1257(+22 for winning)
|raw|ben harpic's rating: 1196 → 1174(-22 for losing)
|l|☆ben harpic
|player|p2|
|c|☆wideguard_user|ggwp
