|j|☆ronansting
|j|☆Zero_BlazeVGC
|html|ronanstingZero_BlazeVGC    
|uhtml|bestof|Game 2 of a best-of-3
|t:|1756741402
|gametype|doubles
|player|p1|ronansting|baker|1391
|player|p2|Zero_BlazeVGC|flint|1267
|gen|9
|tier|[Gen 9] VGC 2025 Reg H (Bo3)
|rated|
|rule|Species Clause: Limit one of each Pokémon
|rule|Item Clause: Limit 1 of each item
|clearpoke
|poke|p1|Archaludon, L50, M|
|poke|p1|Pelipper, L50, M|
|poke|p1|Indeedee, L50, M|
|poke|p1|Amoonguss, L50, F|
|poke|p1|Basculegion, L50, M|
|poke|p1|Hydreigon, L50, M|
|poke|p2|Gholdengo, L50|
|poke|p2|Pelipper, L50, M|
|poke|p2|Basculegion, L50, M|
|poke|p2|Amoonguss, L50, F|
|poke|p2|Archaludon, L50, M|
|poke|p2|Incineroar, L50, M|
|teampreview|4
|showteam|p1|Archaludon||AssaultVest|Stamina|ElectroShot,DracoMeteor,BodyPress,FlashCannon|||M|||50|,,,,,Grass]Pelipper||FocusSash|Drizzle|WeatherBall,Hurricane,Tailwind,Protect|||M|||50|,,,,,Ghost]Indeedee||ChoiceScarf|PsychicSurge|ExpandingForce,TeraBlast,Trick,DazzlingGleam|||M|||50|,,,,,Ground]Amoonguss||SitrusBerry|Regenerator|Spore,SludgeBomb,Protect,RagePowder|||F|||50|,,,,,Water]Basculegion||ChoiceBand|SwiftSwim|FlipTurn,WaveCrash,LastRespects,AquaJet|||M|||50|,,,,,Poison]Hydreigon||CovertCloak|Levitate|Taunt,Snarl,DracoMeteor,EarthPower|||M|||50|,,,,,Fairy
|showteam|p2|Gholdengo||LifeOrb|GoodasGold|Protect,NastyPlot,MakeItRain,ShadowBall||||||50|,,,,,Water]Pelipper||FocusSash|Drizzle|Protect,Tailwind,MuddyWater,Hurricane|||M|||50|,,,,,Stellar]Basculegion||ChoiceBand|SwiftSwim|AquaJet,WaveCrash,FlipTurn,LastRespects|||M|||50|,,,,,Fairy]Amoonguss||SitrusBerry|Regenerator|PollenPuff,Spore,RagePowder,Protect|||F|||50|,,,,,Fairy]Archaludon||AssaultVest|Stamina|ElectroShot,Snarl,FlashCannon,BodyPress|||M|||50|,,,,,Bug]Incineroar||SafetyGoggles|Intimidate|FakeOut,KnockOff,PartingShot,Taunt|||M|||50|,,,,,Ghost
|
|t:|1756741464
|teamsize|p1|4
|teamsize|p2|4
|start
|switch|p1a: Piedragon|Hydreigon, L50, M|100/100
|switch|p1b: Empire|Basculegion, L50, M|100/100
|switch|p2a: Metalman|Archaludon, L50, M|100/100
|switch|p2b: Benadryl|Amoonguss, L50, F|100/100
|turn|1
|
|t:|1756741519
|move|p1a: Piedragon|Taunt|p2b: Benadryl
|-start|p2b: Benadryl|move: Taunt
|move|p2a: Metalman|Flash Cannon|p1a: Piedragon
|-damage|p1a: Piedragon|62/100
|move|p1b: Empire|Flip Turn|p2b: Benadryl
|-resisted|p2b: Benadryl
|-damage|p2b: Benadryl|82/100
|
|t:|1756741526
|switch|p1b: Schmooner|Amoonguss, L50, F|100/100|[from] Flip Turn
|cant|p2b: Benadryl|move: Taunt|Spore
|
|upkeep
|turn|2
|
|t:|1756741538
|switch|p2a: Incineroar|Incineroar, L50, M|100/100
|-ability|p2a: Incineroar|Intimidate|boost
|-unboost|p1a: Piedragon|atk|1
|-unboost|p1b: Schmooner|atk|1
|move|p1a: Piedragon|Snarl|p2a: Incineroar|[spread] p2a,p2b
|-resisted|p2a: Incineroar
|-damage|p2a: Incineroar|92/100
|-damage|p2b: Benadryl|68/100
|-unboost|p2a: Incineroar|spa|1
|-unboost|p2b: Benadryl|spa|1
|move|p2b: Benadryl|Pollen Puff|p2a: Incineroar
|-heal|p2a: Incineroar|100/100
|move|p1b: Schmooner|Sludge Bomb|p2a: Incineroar
|-damage|p2a: Incineroar|73/100
|
|upkeep
|turn|3
|
|t:|1756741565
|move|p2a: Incineroar|Fake Out|p1a: Piedragon
|-damage|p1a: Piedragon|52/100
|move|p1a: Piedragon|Taunt|p2a: Incineroar
|-start|p2a: Incineroar|move: Taunt
|move|p2b: Benadryl|Pollen Puff|p2a: Incineroar
|-heal|p2a: Incineroar|100/100
|move|p1b: Schmooner|Sludge Bomb|p2a: Incineroar
|-damage|p2a: Incineroar|75/100
|
|-end|p2b: Benadryl|move: Taunt
|upkeep
|turn|4
|
|t:|1756741591
|move|p2b: Benadryl|Protect|p2b: Benadryl
|-singleturn|p2b: Benadryl|Protect
|move|p1a: Piedragon|Taunt|p2b: Benadryl
|-activate|p2b: Benadryl|move: Protect
|move|p2a: Incineroar|Knock Off|p1b: Schmooner
|-damage|p1b: Schmooner|67/100
|-enditem|p1b: Schmooner|Sitrus Berry|[from] move: Knock Off|[of] p2a: Incineroar
|move|p1b: Schmooner|Sludge Bomb|p2a: Incineroar
|-damage|p2a: Incineroar|51/100
|
|upkeep
|turn|5
|
|t:|1756741628
|switch|p2a: Omega|Gholdengo, L50|100/100
|move|p1a: Piedragon|Earth Power|p2a: Omega
|-supereffective|p2a: Omega
|-damage|p2a: Omega|35/100
|move|p2b: Benadryl|Pollen Puff|p2a: Omega
|-heal|p2a: Omega|85/100
|move|p1b: Schmooner|Sludge Bomb|p2a: Omega
|-immune|p2a: Omega
|
|upkeep
|turn|6
|
|t:|1756741662
|switch|p1b: Empire|Basculegion, L50, M|100/100
|-terastallize|p2a: Omega|Water
|move|p1a: Piedragon|Snarl|p2b: Benadryl|[spread] p2a
|-miss|p1a: Piedragon|p2b: Benadryl
|-damage|p2a: Omega|62/100
|-unboost|p2a: Omega|spa|1
|move|p2a: Omega|Make It Rain|p1b: Empire|[spread] p1a,p1b
|-resisted|p1b: Empire
|-damage|p1a: Piedragon|10/100
|-damage|p1b: Empire|75/100
|-unboost|p2a: Omega|spa|1
|-damage|p2a: Omega|53/100|[from] item: Life Orb
|move|p2b: Benadryl|Pollen Puff|p2a: Omega
|-heal|p2a: Omega|100/100
|
|upkeep
|turn|7
|
|t:|1756741704
|switch|p2a: Metalman|Archaludon, L50, M|100/100
|move|p1a: Piedragon|Taunt|p2b: Benadryl
|-start|p2b: Benadryl|move: Taunt
|move|p1b: Empire|Flip Turn|p2a: Metalman
|-resisted|p2a: Metalman
|-damage|p2a: Metalman|84/100
|-ability|p2a: Metalman|Stamina|boost
|-boost|p2a: Metalman|def|1
|
|t:|1756741711
|switch|p1b: Schmooner|Amoonguss, L50, F|99/100|[from] Flip Turn
|cant|p2b: Benadryl|move: Taunt|Spore
|
|upkeep
|turn|8
|
|t:|1756741757
|move|p1a: Piedragon|Earth Power|p2a: Metalman
|-supereffective|p2a: Metalman
|-damage|p2a: Metalman|39/100
|-ability|p2a: Metalman|Stamina|boost
|-boost|p2a: Metalman|def|1
|move|p2a: Metalman|Flash Cannon|p1a: Piedragon
|-damage|p1a: Piedragon|0 fnt
|faint|p1a: Piedragon
|move|p2b: Benadryl|Pollen Puff|p2a: Metalman
|-heal|p2a: Metalman|89/100
|move|p1b: Schmooner|Spore|p2a: Metalman
|-status|p2a: Metalman|slp|[from] move: Spore
|
|upkeep
|
|t:|1756741767
|switch|p1a: Goodee|Indeedee, L50, M|100/100
|-fieldstart|move: Psychic Terrain|[from] ability: Psychic Surge|[of] p1a: Goodee
|turn|9
|
|t:|1756741789
|switch|p2b: Incineroar|Incineroar, L50, M|51/100
|-ability|p2b: Incineroar|Intimidate|boost
|-unboost|p1a: Goodee|atk|1
|-unboost|p1b: Schmooner|atk|1
|move|p1a: Goodee|Trick|p2a: Metalman
|-activate|p1a: Goodee|move: Trick|[of] p2a: Metalman
|-item|p2a: Metalman|Choice Scarf|[from] move: Trick
|-item|p1a: Goodee|Assault Vest|[from] move: Trick
|cant|p2a: Metalman|slp
|move|p1b: Schmooner|Sludge Bomb|p2b: Incineroar
|-damage|p2b: Incineroar|24/100
|
|upkeep
|turn|10
|
|t:|1756741830
|-terastallize|p1a: Goodee|Ground
|move|p1b: Schmooner|Rage Powder|p1b: Schmooner
|-singleturn|p1b: Schmooner|move: Rage Powder
|-curestatus|p2a: Metalman|slp|[msg]
|move|p2a: Metalman|Body Press|p1b: Schmooner
|-resisted|p1b: Schmooner
|-damage|p1b: Schmooner|81/100
|move|p1a: Goodee|Tera Blast|p2b: Incineroar|[anim] Tera Blast Ground
|-supereffective|p2b: Incineroar
|-damage|p2b: Incineroar|0 fnt
|faint|p2b: Incineroar
|
|upkeep
|
|t:|1756741841
|switch|p2b: Omega|Gholdengo, L50, tera:Water|100/100
|turn|11
|
|t:|1756741868
|move|p1b: Schmooner|Rage Powder|p1b: Schmooner
|-singleturn|p1b: Schmooner|move: Rage Powder
|move|p2a: Metalman|Body Press|p1b: Schmooner
|-resisted|p1b: Schmooner
|-damage|p1b: Schmooner|61/100
|move|p1a: Goodee|Expanding Force|p2b: Omega|[spread] p2a,p2b
|-resisted|p2a: Metalman
|-damage|p2a: Metalman|54/100
|-damage|p2b: Omega|41/100
|-ability|p2a: Metalman|Stamina|boost
|-boost|p2a: Metalman|def|1
|move|p2b: Omega|Make It Rain|p1a: Goodee|[spread] p1a,p1b
|-damage|p1a: Goodee|49/100
|-damage|p1b: Schmooner|12/100
|-unboost|p2b: Omega|spa|1
|-damage|p2b: Omega|31/100|[from] item: Life Orb
|
|upkeep
|turn|12
|
|t:|1756741903
|move|p2b: Omega|Protect|p2b: Omega
|-singleturn|p2b: Omega|Protect
|move|p1b: Schmooner|Rage Powder|p1b: Schmooner
|-singleturn|p1b: Schmooner|move: Rage Powder
|move|p2a: Metalman|Body Press|p1b: Schmooner
|-resisted|p1b: Schmooner
|-damage|p1b: Schmooner|0 fnt
|faint|p1b: Schmooner
|move|p1a: Goodee|Expanding Force|p2b: Omega|[spread] p2a
|-activate|p2b: Omega|move: Protect
|-resisted|p2a: Metalman
|-damage|p2a: Metalman|22/100
|-ability|p2a: Metalman|Stamina|boost
|-boost|p2a: Metalman|def|1
|
|upkeep
|
|t:|1756741916
|switch|p1b: Empire|Basculegion, L50, M|75/100
|turn|13
|
|t:|1756741938
|move|p2a: Metalman|Body Press|p1a: Goodee
|-damage|p1a: Goodee|0 fnt
|faint|p1a: Goodee
|move|p2b: Omega|Shadow Ball|p1b: Empire
|-supereffective|p1b: Empire
|-damage|p1b: Empire|0 fnt
|faint|p1b: Empire
|-damage|p2b: Omega|21/100|[from] item: Life Orb
|
|win|Zero_BlazeVGC
|raw|ronansting's rating: 1391 → 1364(-27 for losing)
|raw|Zero_BlazeVGC's rating: 1267 → 1301(+34 for winning)
