|j|☆parkertrainingarc
|j|☆char_labs
|html|parkertrainingarcchar_labs    
|uhtml|bestof|Game 2 of a best-of-3
|t:|1757810823
|gametype|doubles
|player|p1|parkertrainingarc|lady|1262
|player|p2|char_labs|clerkf|1156
|gen|9
|tier|[Gen 9] VGC 2025 Reg H (Bo3)
|rated|
|rule|Species Clause: Limit one of each Pokémon
|rule|Item Clause: Limit 1 of each item
|clearpoke
|poke|p1|Sneasler, L50, M|
|poke|p1|Indeedee, L50, M|
|poke|p1|Volcarona, L50, F|
|poke|p1|Ursaluna-Bloodmoon, L50, M|
|poke|p1|Annihilape, L50, M|
|poke|p1|Tyranitar, L50, M|
|poke|p2|Dragonite, L50, F|
|poke|p2|Vivillon, L50, F|
|poke|p2|Ursaluna, L50, F|
|poke|p2|Gholdengo, L50|
|poke|p2|Incineroar, L50, F|
|poke|p2|Primarina, L50, M|
|teampreview|4
|showteam|p1|Sneasler||PsychicSeed|Unburden|CloseCombat,DireClaw,ThroatChop,Protect|||M|||50|,,,,,Dark]Indeedee||ChoiceScarf|PsychicSurge|ExpandingForce,TeraBlast,Trick,Protect|||M|||50|,,,,,Psychic]Volcarona||SitrusBerry|FlameBody|Overheat,StruggleBug,RagePowder,Tailwind|||F|||50|,,,,,Dragon]Ursaluna-Bloodmoon||LifeOrb|MindsEye|BloodMoon,HyperVoice,EarthPower,Protect|||M|||50|,,,,,Normal]Annihilape||SafetyGoggles|Defiant|CloseCombat,RageFist,Taunt,FinalGambit|||M|||50|,,,,,Fairy]Tyranitar||AssaultVest|SandStream|RockSlide,KnockOff,TeraBlast,LowKick|||M|||50|,,,,,Flying
|showteam|p2|Dragonite||LoadedDice|Multiscale|ScaleShot,Protect,Haze,LowKick|||F|||50|,,,,,Fairy]Vivillon||FocusSash|CompoundEyes|Tailwind,Protect,Hurricane,SleepPowder|||F|||50|,,,,,Ghost]Ursaluna||FlameOrb|Guts|Protect,Facade,Earthquake,HeadlongRush|||F|||50|,,,,,Ghost]Gholdengo||Leftovers|GoodasGold|MakeItRain,ShadowBall,NastyPlot,Protect||||||50|,,,,,Water]Incineroar||SafetyGoggles|Intimidate|FakeOut,PartingShot,KnockOff,FlareBlitz|||F|||50|,,,,,Dragon]Primarina||SitrusBerry|LiquidVoice|Protect,DazzlingGleam,Moonblast,HyperVoice|||M|||50|,,,,,Steel
|inactive|Battle timer is ON: inactive players will automatically lose when time's up. (requested by char_labs)
|inactive|parkertrainingarc has 60 seconds left.
|
|t:|1757810879
|teamsize|p1|4
|teamsize|p2|4
|start
|switch|p1a: Tiara|Tyranitar, L50, M|100/100
|switch|p1b: Aldehydes|Volcarona, L50, F|100/100
|switch|p2a: Dragonite|Dragonite, L50, F|100/100
|switch|p2b: Gholdengo|Gholdengo, L50|100/100
|-weather|Sandstorm|[from] ability: Sand Stream|[of] p1a: Tiara
|turn|1
|inactive|char_labs has 30 seconds left.
|
|t:|1757810909
|switch|p2b: Incineroar|Incineroar, L50, F|100/100
|-ability|p2b: Incineroar|Intimidate|boost
|-unboost|p1a: Tiara|atk|1
|-unboost|p1b: Aldehydes|atk|1
|-terastallize|p1a: Tiara|Flying
|move|p1b: Aldehydes|Struggle Bug|p2b: Incineroar|[spread] p2a,p2b
|-resisted|p2a: Dragonite
|-damage|p2a: Dragonite|96/100
|-damage|p2b: Incineroar|86/100
|-unboost|p2a: Dragonite|spa|1
|-unboost|p2b: Incineroar|spa|1
|move|p2a: Dragonite|Scale Shot|p1a: Tiara
|-damage|p1a: Tiara|87/100
|-damage|p1a: Tiara|74/100
|-crit|p1a: Tiara
|-damage|p1a: Tiara|55/100
|-crit|p1a: Tiara
|-damage|p1a: Tiara|37/100
|-hitcount|p1a: Tiara|4
|-unboost|p2a: Dragonite|def|1
|-boost|p2a: Dragonite|spe|1
|move|p1a: Tiara|Knock Off|p2a: Dragonite
|-damage|p2a: Dragonite|37/100
|-enditem|p2a: Dragonite|Loaded Dice|[from] move: Knock Off|[of] p1a: Tiara
|
|-weather|Sandstorm|[upkeep]
|-damage|p2a: Dragonite|31/100|[from] Sandstorm
|-damage|p1b: Aldehydes|94/100|[from] Sandstorm
|-damage|p1a: Tiara|32/100|[from] Sandstorm
|upkeep
|turn|2
|
|t:|1757810933
|move|p2b: Incineroar|Fake Out|p1b: Aldehydes
|-damage|p1b: Aldehydes|82/100
|move|p2a: Dragonite|Scale Shot|p1a: Tiara
|-crit|p1a: Tiara
|-damage|p1a: Tiara|12/100
|-damage|p1a: Tiara|0 fnt
|faint|p1a: Tiara
|-hitcount|p1: Tiara|2
|-unboost|p2a: Dragonite|def|1
|-boost|p2a: Dragonite|spe|1
|cant|p1b: Aldehydes|flinch
|
|-weather|Sandstorm|[upkeep]
|-damage|p2a: Dragonite|25/100|[from] Sandstorm
|-damage|p1b: Aldehydes|75/100|[from] Sandstorm
|upkeep
|
|t:|1757810938
|switch|p1a: Meanie|Indeedee, L50, M|100/100
|-fieldstart|move: Psychic Terrain|[from] ability: Psychic Surge|[of] p1a: Meanie
|turn|3
|
|t:|1757810945
|move|p2a: Dragonite|Low Kick|p1b: Aldehydes
|-resisted|p1b: Aldehydes
|-damage|p1b: Aldehydes|62/100
|-status|p2a: Dragonite|brn|[from] ability: Flame Body|[of] p1b: Aldehydes
|move|p1a: Meanie|Expanding Force|p2b: Incineroar|[spread] p2a
|-immune|p2b: Incineroar
|-damage|p2a: Dragonite|0 fnt
|faint|p2a: Dragonite
|move|p1b: Aldehydes|Tailwind|p1b: Aldehydes
|-sidestart|p1: parkertrainingarc|move: Tailwind
|move|p2b: Incineroar|Knock Off|p1a: Meanie
|-supereffective|p1a: Meanie
|-damage|p1a: Meanie|0 fnt
|-enditem|p1a: Meanie|Choice Scarf|[from] move: Knock Off|[of] p2b: Incineroar
|faint|p1a: Meanie
|
|-weather|Sandstorm|[upkeep]
|-damage|p1b: Aldehydes|56/100|[from] Sandstorm
|upkeep
|
|t:|1757810953
|switch|p1a: HornetDisaster|Sneasler, L50, M|100/100
|switch|p2a: Primarina|Primarina, L50, M|100/100
|-enditem|p1a: HornetDisaster|Psychic Seed
|-boost|p1a: HornetDisaster|spd|1|[from] item: Psychic Seed
|turn|4
|
|t:|1757810970
|-terastallize|p2a: Primarina|Steel
|move|p1a: HornetDisaster|Close Combat|p2b: Incineroar
|-supereffective|p2b: Incineroar
|-damage|p2b: Incineroar|0 fnt
|-unboost|p1a: HornetDisaster|def|1
|-unboost|p1a: HornetDisaster|spd|1
|faint|p2b: Incineroar
|move|p1b: Aldehydes|Struggle Bug|p2a: Primarina
|-resisted|p2a: Primarina
|-damage|p2a: Primarina|92/100
|-unboost|p2a: Primarina|spa|1
|move|p2a: Primarina|Hyper Voice|p1b: Aldehydes|[spread] p1a,p1b
|-supereffective|p1b: Aldehydes
|-damage|p1a: HornetDisaster|71/100
|-damage|p1b: Aldehydes|22/100
|-enditem|p1b: Aldehydes|Sitrus Berry|[eat]
|-heal|p1b: Aldehydes|47/100|[from] item: Sitrus Berry
|
|-weather|Sandstorm|[upkeep]
|-damage|p1a: HornetDisaster|66/100|[from] Sandstorm
|-damage|p1b: Aldehydes|40/100|[from] Sandstorm
|upkeep
|
|t:|1757810973
|switch|p2b: Gholdengo|Gholdengo, L50|100/100
|turn|5
|
|t:|1757810988
|move|p2a: Primarina|Protect|p2a: Primarina
|-singleturn|p2a: Primarina|Protect
|move|p1a: HornetDisaster|Close Combat|p2a: Primarina
|-activate|p2a: Primarina|move: Protect
|move|p1b: Aldehydes|Struggle Bug|p2b: Gholdengo|[spread] p2b
|-activate|p2a: Primarina|move: Protect
|-resisted|p2b: Gholdengo
|-damage|p2b: Gholdengo|97/100
|-unboost|p2b: Gholdengo|spa|1
|move|p2b: Gholdengo|Shadow Ball|p1b: Aldehydes
|-damage|p1b: Aldehydes|15/100
|
|-weather|none
|-heal|p2b: Gholdengo|100/100|[from] item: Leftovers
|upkeep
|turn|6
|
|t:|1757811002
|move|p1a: HornetDisaster|Close Combat|p2a: Primarina
|-supereffective|p2a: Primarina
|-damage|p2a: Primarina|0 fnt
|-unboost|p1a: HornetDisaster|def|1
|-unboost|p1a: HornetDisaster|spd|1
|faint|p2a: Primarina
|move|p1b: Aldehydes|Overheat|p2b: Gholdengo
|-supereffective|p2b: Gholdengo
|-damage|p2b: Gholdengo|0 fnt
|-unboost|p1b: Aldehydes|spa|2
|faint|p2b: Gholdengo
|
|win|parkertrainingarc
||char_labs is ready for game 3.
||parkertrainingarc is ready for game 3.
|uhtml|next|Next: Game 3 of 3
|l|☆char_labs
|player|p2|
