|j|☆Sven
|j|☆EternalSnowman
|html|SvenEternalSnowman    
|uhtml|bestof|Game 2 of a best-of-3
|t:|1782578337
|gametype|doubles
|player|p1|Sven|#smogonxnpa2024winner|
|player|p2|EternalSnowman|#dwcopv|
|gen|9
|tier|[Gen 9 Champions] VGC 2026 Reg M-B (Bo3)
|rule|Species Clause: Limit one of each Pokémon
|rule|Item Clause: Limit 1 of each item
|clearpoke
|poke|p1|Incineroar, L50, M|
|poke|p1|Toxapex, L50, M|
|poke|p1|Metagross, L50|
|poke|p1|Charizard, L50, M|
|poke|p1|Garchomp, L50, M|
|poke|p1|Hydreigon, L50, M|
|poke|p2|Charizard, L50, F|
|poke|p2|Garchomp, L50, F|
|poke|p2|Whimsicott, L50, F|
|poke|p2|Hydreigon, L50, F|
|poke|p2|Mawile, L50, M|
|poke|p2|Slowbro, L50, M|
|teampreview|4
|showteam|p1|Incineroar||SitrusBerry|Intimidate|FlareBlitz,FakeOut,ThroatChop,PartingShot|Impish||M|||50|]Toxapex||Leftovers|Regenerator|Infestation,Toxic,WideGuard,BanefulBunker|Bold||M|||50|]Metagross||Metagrossite|ClearBody|IronHead,PsychicFangs,BodyPress,Protect|Jolly|||||50|]Charizard||CharizarditeY|Blaze|HeatWave,WeatherBall,SolarBeam,Protect|Modest||M|||50|]Garchomp||LifeOrb|RoughSkin|DragonClaw,Earthquake,RockSlide,Protect|Jolly||M|||50|]Hydreigon||ChoiceScarf|Levitate|DarkPulse,Snarl,DracoMeteor,EarthPower|Timid||M|||50|
|showteam|p2|Charizard||CharizarditeY|SolarPower|HeatWave,WeatherBall,SolarBeam,Protect|Modest||F|||50|]Garchomp||LifeOrb|RoughSkin|Earthquake,RockSlide,Protect,DragonClaw|Jolly||F|||50|]Whimsicott||FocusSash|Prankster|SunnyDay,Protect,Moonblast,Tailwind|Timid||F|||50|]Hydreigon||HabanBerry|Levitate|DarkPulse,DracoMeteor,EarthPower,Protect|Timid||F|||50|]Mawile||Mawilite|HyperCutter|RockSlide,SuckerPunch,PlayRough,Protect|Adamant||M|||50|]Slowbro||RindoBerry|Oblivious|TrickRoom,IronDefense,BodyPress,Psychic|Relaxed||M|||50|
|j| LogIce
|j| val16
|j| kunal
|j| repeatt
|j| AIRedzone
|l|☆Sven
|player|p1|
|j| MyPokemonRBad12
|j| skittycel
|j| Sambhar Dosa
|l| kunal
|j|☆Sven
|player|p1|Sven|#smogonxnpa2024winner|
|l| repeatt
|j| Akaru Kokuyoふわ
|j| xmarsh
|j| repeatt
|j|+Smudge
|j| q4x
|j| ratpacker
|l| AIRedzone
|l| repeatt
|j| Code
|j| Schister
|j| repeatt
|
|t:|1782578426
|teamsize|p1|4
|teamsize|p2|4
|start
|switch|p1a: Incineroar|Incineroar, L50, M|100/100
|switch|p1b: Garchomp|Garchomp, L50, M|100/100
|switch|p2a: Hydreigon|Hydreigon, L50, F|100/100
|switch|p2b: Garchomp|Garchomp, L50, F|100/100
|-ability|p1a: Incineroar|Intimidate|boost
|-unboost|p2a: Hydreigon|atk|1
|-unboost|p2b: Garchomp|atk|1
|turn|1
|j| AIRedzone
|
|t:|1782578440
|move|p2b: Garchomp|Protect|p2b: Garchomp
|-singleturn|p2b: Garchomp|Protect
|move|p2a: Hydreigon|Protect|p2a: Hydreigon
|-singleturn|p2a: Hydreigon|Protect
|move|p1a: Incineroar|Fake Out|p2a: Hydreigon
|-activate|p2a: Hydreigon|move: Protect
|move|p1b: Garchomp|Dragon Claw|p2b: Garchomp
|-activate|p2b: Garchomp|move: Protect
|
|upkeep
|turn|2
|j| AKhant
|
|t:|1782578471
|switch|p2b: Mawile|Mawile, L50, M|100/100
|move|p1b: Garchomp|Protect|p1b: Garchomp
|-singleturn|p1b: Garchomp|Protect
|move|p2a: Hydreigon|Draco Meteor|p1b: Garchomp
|-activate|p1b: Garchomp|move: Protect
|move|p1a: Incineroar|Parting Shot|p2a: Hydreigon
|-unboost|p2a: Hydreigon|atk|1
|-unboost|p2a: Hydreigon|spa|1
|
|t:|1782578473
|switch|p1a: Charizard|Charizard, L50, M|100/100|[from] Parting Shot
|
|upkeep
|turn|3
|l| AIRedzone
|
|t:|1782578491
|switch|p1b: Incineroar|Incineroar, L50, M|100/100
|-ability|p1b: Incineroar|Intimidate|boost
|-unboost|p2a: Hydreigon|atk|1
|-fail|p2b: Mawile|unboost|Attack|[from] ability: Hyper Cutter|[of] p2b: Mawile
|detailschange|p1a: Charizard|Charizard-Mega-Y, L50, M
|-mega|p1a: Charizard|Charizard|Charizardite Y
|-weather|SunnyDay|[from] ability: Drought|[of] p1a: Charizard
|move|p2b: Mawile|Protect|p2b: Mawile
|-singleturn|p2b: Mawile|Protect
|move|p2a: Hydreigon|Draco Meteor|p1b: Incineroar
|-damage|p1b: Incineroar|56/100
|-unboost|p2a: Hydreigon|spa|2
|move|p1a: Charizard|Heat Wave|p2a: Hydreigon|[spread] p2a
|-activate|p2b: Mawile|move: Protect
|-resisted|p2a: Hydreigon|1
|-damage|p2a: Hydreigon|65/100
|
|-weather|SunnyDay|[upkeep]
|upkeep
|turn|4
|j| gephicka
|
|t:|1782578507
|switch|p2b: Garchomp|Garchomp, L50, F|100/100
|move|p2a: Hydreigon|Protect|p2a: Hydreigon
|-singleturn|p2a: Hydreigon|Protect
|move|p1a: Charizard|Heat Wave|p2a: Hydreigon|[spread] p2b
|-activate|p2a: Hydreigon|move: Protect
|-resisted|p2b: Garchomp|1
|-damage|p2b: Garchomp|65/100
|move|p1b: Incineroar|Parting Shot|p2b: Garchomp
|-unboost|p2b: Garchomp|atk|1
|-unboost|p2b: Garchomp|spa|1
|
|t:|1782578513
|switch|p1b: Garchomp|Garchomp, L50, M|100/100|[from] Parting Shot
|
|-weather|SunnyDay|[upkeep]
|upkeep
|turn|5
|
|t:|1782578548
|move|p1a: Charizard|Protect|p1a: Charizard
|-singleturn|p1a: Charizard|Protect
|move|p1b: Garchomp|Dragon Claw|p2b: Garchomp
|-supereffective|p2b: Garchomp|1
|-damage|p2b: Garchomp|0 fnt
|-damage|p1b: Garchomp|87/100|[from] ability: Rough Skin|[of] p2b: Garchomp
|faint|p2b: Garchomp
|-damage|p1b: Garchomp|77/100|[from] item: Life Orb
|move|p2a: Hydreigon|Draco Meteor|p1a: Charizard
|-activate|p1a: Charizard|move: Protect
|
|-weather|SunnyDay|[upkeep]
|upkeep
|
|t:|1782578556
|switch|p2b: Slowbro|Slowbro, L50, M|100/100
|turn|6
|l| repeatt
|
|t:|1782578570
|move|p1b: Garchomp|Rock Slide|p2b: Slowbro|[spread] p2a,p2b
|-damage|p2a: Hydreigon|33/100
|-damage|p2b: Slowbro|82/100
|-damage|p1b: Garchomp|68/100|[from] item: Life Orb
|move|p2a: Hydreigon|Draco Meteor|p1b: Garchomp
|-supereffective|p1b: Garchomp|1
|-damage|p1b: Garchomp|9/100
|-unboost|p2a: Hydreigon|spa|2
|move|p1a: Charizard|Heat Wave|p2b: Slowbro|[spread] p2a,p2b
|-resisted|p2a: Hydreigon|1
|-resisted|p2b: Slowbro|1
|-damage|p2a: Hydreigon|0 fnt
|-damage|p2b: Slowbro|57/100
|faint|p2a: Hydreigon
|cant|p2b: Slowbro|flinch
|
|-weather|SunnyDay|[upkeep]
|upkeep
|j| repeatt
|j|+zee
|
|t:|1782578582
|switch|p2a: Mawile|Mawile, L50, M|100/100
|turn|7
|
|t:|1782578594
|move|p2a: Mawile|Protect|p2a: Mawile
|-singleturn|p2a: Mawile|Protect
|move|p1b: Garchomp|Earthquake|p2b: Slowbro|[spread] p2b
|-activate|p2a: Mawile|move: Protect
|-immune|p1a: Charizard
|-damage|p2b: Slowbro|20/100y
|-damage|p1b: Garchomp|0 fnt|[from] item: Life Orb
|faint|p1b: Garchomp
|move|p1a: Charizard|Solar Beam||[still]
|-prepare|p1a: Charizard|Solar Beam
|-anim|p1a: Charizard|Solar Beam|p2b: Slowbro
|-supereffective|p2b: Slowbro|1
|-enditem|p2b: Slowbro|Rindo Berry|[eat]
|-enditem|p2b: Slowbro|Rindo Berry|[weaken]
|-damage|p2b: Slowbro|0 fnt
|faint|p2b: Slowbro
|
|-weather|none
|upkeep
|
|t:|1782578596
|switch|p1b: Incineroar|Incineroar, L50, M|56/100
|-ability|p1b: Incineroar|Intimidate|boost
|-fail|p2a: Mawile|unboost|Attack|[from] ability: Hyper Cutter|[of] p2a: Mawile
|turn|8
|l| gephicka
|
|t:|1782578601
|switch|p1a: Toxapex|Toxapex, L50, M|100/100
|detailschange|p2a: Mawile|Mawile-Mega, L50, M
|-mega|p2a: Mawile|Mawile|Mawilite
|move|p1b: Incineroar|Fake Out|p2a: Mawile
|-resisted|p2a: Mawile|1
|-damage|p2a: Mawile|94/100
|cant|p2a: Mawile|flinch
|
|upkeep
|turn|9
|
|t:|1782578606
|move|p1b: Incineroar|Flare Blitz|p2a: Mawile
|-supereffective|p2a: Mawile|1
|-crit|p2a: Mawile
|-damage|p2a: Mawile|0 fnt
|faint|p2a: Mawile
|-damage|p1b: Incineroar|32/100|[from] Recoil
|-enditem|p1b: Incineroar|Sitrus Berry|[eat]
|-heal|p1b: Incineroar|57/100|[from] item: Sitrus Berry
|
|win|Sven
|l| AKhant
|c|☆EternalSnowman|gg
|l| repeatt
|c|☆Sven|GG's
|l| val16
|l| skittycel
|l| Akaru Kokuyoふわ
|l| LogIce
|l| Schister
|l|☆Sven
|player|p1|
|l| Sambhar Dosa
|j|☆Sven
|player|p1|Sven|#smogonxnpa2024winner|
|l| ratpacker
|j| elladine
|j|+bagel
|l|☆Sven
|player|p1|
|l| xmarsh
|j| LogIce
