|j|☆I am the Sweeper
|j|☆Hackervgc
|html|I am the SweeperHackervgc    
|uhtml|bestof|Game 3 of a best-of-3
|t:|1756231793
|gametype|doubles
|player|p1|I am the Sweeper|janitor|
|player|p2|Hackervgc|gentleman-gen4|
|gen|9
|tier|[Gen 9] VGC 2025 Reg H (Bo3)
|rule|Species Clause: Limit one of each Pokémon
|rule|Item Clause: Limit 1 of each item
|clearpoke
|poke|p1|Garganacl, L50, F|
|poke|p1|Dondozo, L50, M|
|poke|p1|Sneasler, L50, M|
|poke|p1|Gholdengo, L50|
|poke|p1|Ninetales-Alola, L50, F|
|poke|p1|Incineroar, L50, M|
|poke|p2|Kingambit, L50, M|
|poke|p2|Rillaboom, L50, F|
|poke|p2|Dragonite, L50, F|
|poke|p2|Sneasler, L50, F|
|poke|p2|Ursaluna-Bloodmoon, L50, M|
|poke|p2|Porygon2, L50|
|teampreview|4
|showteam|p1|Garganacl||MarangaBerry|PurifyingSalt|SaltCure,StealthRock,Protect,Recover|||F|||50|,,,,,Flying]Dondozo||Leftovers|Unaware|Liquidation,Yawn,Curse,Protect|||M|||50|,,,,,Poison]Sneasler||FocusSash|PoisonTouch|DireClaw,CloseCombat,Coaching,Protect|||M|||50|,,,,,Ghost]Gholdengo||ChoiceScarf|GoodasGold|MakeItRain,ShadowBall,Trick,PowerGem||||||50|,,,,,Steel]Ninetales-Alola||NeverMeltIce|SnowWarning|Blizzard,FreezeDry,Protect,AuroraVeil|||F|||50|,,,,,Ice]Incineroar||AssaultVest|Intimidate|FlareBlitz,KnockOff,FakeOut,DrainPunch|||M|||50|,,,,,Grass
|showteam|p2|Kingambit||BlackGlasses|Defiant|KowtowCleave,SuckerPunch,Protect,SwordsDance|||M|||50|,,,,,Dark]Rillaboom||AssaultVest|GrassySurge|HighHorsepower,WoodHammer,GrassyGlide,FakeOut|||F|||50|,,,,,Fire]Dragonite||LoadedDice|Multiscale|ScaleShot,Protect,Haze,Tailwind|||F|||50|,,,,,Fairy]Sneasler||FocusSash|Unburden|ThroatChop,DireClaw,CloseCombat,Protect|||F|||50|,,,,,Dark]Ursaluna-Bloodmoon||LifeOrb|MindsEye|BloodMoon,Protect,EarthPower,HyperVoice|||M|||50|,,,,,Ghost]Porygon2||Eviolite|Download|TeraBlast,IceBeam,Recover,TrickRoom||||||50|,,,,,Fighting
|
|t:|1756231863
|teamsize|p1|4
|teamsize|p2|4
|start
|switch|p1a: Garganacl|Garganacl, L50, F|100/100
|switch|p1b: Incineroar|Incineroar, L50, M|100/100
|switch|p2a: holy Sneasler|Sneasler, L50, F|100/100
|switch|p2b: Dragonita|Dragonite, L50, F|100/100
|-ability|p1b: Incineroar|Intimidate|boost
|-unboost|p2a: holy Sneasler|atk|1
|-unboost|p2b: Dragonita|atk|1
|turn|1
|
|t:|1756231883
|-terastallize|p1a: Garganacl|Flying
|move|p2a: holy Sneasler|Protect|p2a: holy Sneasler
|-singleturn|p2a: holy Sneasler|Protect
|move|p2b: Dragonita|Protect|p2b: Dragonita
|-singleturn|p2b: Dragonita|Protect
|move|p1b: Incineroar|Fake Out|p2a: holy Sneasler
|-activate|p2a: holy Sneasler|move: Protect
|move|p1a: Garganacl|Salt Cure|p2b: Dragonita
|-activate|p2b: Dragonita|move: Protect
|
|upkeep
|turn|2
|
|t:|1756231912
|switch|p1b: Dondozo|Dondozo, L50, M|100/100
|move|p2a: holy Sneasler|Throat Chop|p1b: Dondozo
|-damage|p1b: Dondozo|83/100
|-start|p1b: Dondozo|Throat Chop|[silent]
|move|p2b: Dragonita|Scale Shot|p1b: Dondozo
|-damage|p1b: Dondozo|74/100
|-damage|p1b: Dondozo|66/100
|-damage|p1b: Dondozo|57/100
|-damage|p1b: Dondozo|47/100
|-damage|p1b: Dondozo|39/100
|-hitcount|p1b: Dondozo|5
|-unboost|p2b: Dragonita|def|1
|-boost|p2b: Dragonita|spe|1
|move|p1a: Garganacl|Salt Cure|p2b: Dragonita
|-supereffective|p2b: Dragonita
|-damage|p2b: Dragonita|76/100
|-start|p2b: Dragonita|Salt Cure
|
|-heal|p1b: Dondozo|45/100|[from] item: Leftovers
|-damage|p2b: Dragonita|64/100|[from] Salt Cure
|upkeep
|turn|3
|
|t:|1756231937
|move|p1b: Dondozo|Protect|p1b: Dondozo
|-singleturn|p1b: Dondozo|Protect
|move|p2b: Dragonita|Haze|p2b: Dragonita
|-clearallboost
|move|p2a: holy Sneasler|Close Combat|p1b: Dondozo
|-activate|p1b: Dondozo|move: Protect
|move|p1a: Garganacl|Salt Cure|p2b: Dragonita
|-supereffective|p2b: Dragonita
|-damage|p2b: Dragonita|34/100
|
|-heal|p1b: Dondozo|51/100|[from] item: Leftovers
|-damage|p2b: Dragonita|22/100|[from] Salt Cure
|-end|p1b: Dondozo|Throat Chop|[silent]
|upkeep
|turn|4
|
|t:|1756231961
|switch|p1b: Incineroar|Incineroar, L50, M|100/100
|-ability|p1b: Incineroar|Intimidate|boost
|-unboost|p2a: holy Sneasler|atk|1
|-unboost|p2b: Dragonita|atk|1
|move|p2a: holy Sneasler|Close Combat|p1b: Incineroar
|-supereffective|p1b: Incineroar
|-damage|p1b: Incineroar|10/100
|-unboost|p2a: holy Sneasler|def|1
|-unboost|p2a: holy Sneasler|spd|1
|move|p2b: Dragonita|Scale Shot|p1b: Incineroar
|-damage|p1b: Incineroar|2/100
|-damage|p1b: Incineroar|0 fnt
|faint|p1b: Incineroar
|-hitcount|p1: Incineroar|2
|-unboost|p2b: Dragonita|def|1
|-boost|p2b: Dragonita|spe|1
|move|p1a: Garganacl|Salt Cure|p2a: holy Sneasler
|-resisted|p2a: holy Sneasler
|-damage|p2a: holy Sneasler|82/100
|-start|p2a: holy Sneasler|Salt Cure
|
|-damage|p2b: Dragonita|10/100|[from] Salt Cure
|-damage|p2a: holy Sneasler|70/100|[from] Salt Cure
|upkeep
|
|t:|1756231986
|switch|p1b: Sneasler|Sneasler, L50, M|100/100
|turn|5
|
|t:|1756232004
|move|p1b: Sneasler|Protect|p1b: Sneasler
|-singleturn|p1b: Sneasler|Protect
|move|p2a: holy Sneasler|Protect|p2a: holy Sneasler
|-singleturn|p2a: holy Sneasler|Protect
|move|p2b: Dragonita|Scale Shot|p1b: Sneasler
|-activate|p1b: Sneasler|move: Protect
|move|p1a: Garganacl|Stealth Rock|p2a: holy Sneasler
|-sidestart|p2: Hackervgc|move: Stealth Rock
|
|-damage|p2b: Dragonita|0 fnt|[from] Salt Cure
|faint|p2b: Dragonita
|-damage|p2a: holy Sneasler|57/100|[from] Salt Cure
|upkeep
|
|t:|1756232009
|switch|p2b: Ursaluna|Ursaluna-Bloodmoon, L50, M|100/100
|-damage|p2b: Ursaluna|95/100|[from] Stealth Rock
|turn|6
|
|t:|1756232043
|-terastallize|p2b: Ursaluna|Ghost
|move|p1b: Sneasler|Close Combat|p2a: holy Sneasler
|-resisted|p2a: holy Sneasler
|-damage|p2a: holy Sneasler|0 fnt
|-unboost|p1b: Sneasler|def|1
|-unboost|p1b: Sneasler|spd|1
|faint|p2a: holy Sneasler
|move|p2b: Ursaluna|Hyper Voice|p1a: Garganacl|[spread] p1a,p1b
|-damage|p1a: Garganacl|68/100
|-damage|p1b: Sneasler|2/100
|-enditem|p1a: Garganacl|Maranga Berry|[eat]
|-boost|p1a: Garganacl|spd|1|[from] item: Maranga Berry
|-damage|p2b: Ursaluna|85/100|[from] item: Life Orb
|move|p1a: Garganacl|Salt Cure|p2b: Ursaluna
|-damage|p2b: Ursaluna|76/100
|-start|p2b: Ursaluna|Salt Cure
|
|-damage|p2b: Ursaluna|64/100|[from] Salt Cure
|upkeep
|
|t:|1756232047
|switch|p2a: Kingambit|Kingambit, L50, M|100/100
|-damage|p2a: Kingambit|95/100|[from] Stealth Rock
|turn|7
|
|t:|1756232073
|move|p2a: Kingambit|Sucker Punch||[still]
|-fail|p2a: Kingambit
|move|p1b: Sneasler|Coaching|p1a: Garganacl
|-boost|p1a: Garganacl|atk|1
|-boost|p1a: Garganacl|def|1
|move|p2b: Ursaluna|Blood Moon|p1a: Garganacl
|-damage|p1a: Garganacl|16/100
|-damage|p2b: Ursaluna|54/100|[from] item: Life Orb
|move|p1a: Garganacl|Recover|p1a: Garganacl
|-heal|p1a: Garganacl|66/100
|
|-damage|p2b: Ursaluna|42/100|[from] Salt Cure
|upkeep
|turn|8
|
|t:|1756232094
|move|p1a: Garganacl|Protect|p1a: Garganacl
|-singleturn|p1a: Garganacl|Protect
|move|p1b: Sneasler|Close Combat|p2a: Kingambit
|-supereffective|p2a: Kingambit
|-damage|p2a: Kingambit|0 fnt
|-unboost|p1b: Sneasler|def|1
|-unboost|p1b: Sneasler|spd|1
|faint|p2a: Kingambit
|move|p2b: Ursaluna|Hyper Voice|p1b: Sneasler|[spread] p1b
|-activate|p1a: Garganacl|move: Protect
|-damage|p1b: Sneasler|0 fnt
|faint|p1b: Sneasler
|-damage|p2b: Ursaluna|32/100|[from] item: Life Orb
|
|-damage|p2b: Ursaluna|20/100|[from] Salt Cure
|upkeep
|
|t:|1756232108
|switch|p1b: Dondozo|Dondozo, L50, M|51/100
|turn|9
|
|t:|1756232118
|move|p2b: Ursaluna|Blood Moon|p1b: Dondozo
|-damage|p1b: Dondozo|0 fnt
|faint|p1b: Dondozo
|-damage|p2b: Ursaluna|11/100|[from] item: Life Orb
|move|p1a: Garganacl|Salt Cure|p2b: Ursaluna
|-damage|p2b: Ursaluna|0 fnt
|faint|p2b: Ursaluna
|
|win|I am the Sweeper
