|j|☆hakeezy
|j|☆battle sim trainer
|html|hakeezybattle sim trainer    
|uhtml|bestof|Game 1 of a best-of-3
|t:|1783612346
|gametype|doubles
|player|p1|hakeezy|101|1097
|player|p2|battle sim trainer|turo|1174
|gen|9
|tier|[Gen 9 Champions] VGC 2026 Reg M-B (Bo3)
|rated|
|rule|Species Clause: Limit one of each Pokémon
|rule|Item Clause: Limit 1 of each item
|clearpoke
|poke|p1|Delphox, L50, M|
|poke|p1|Sneasler, L50, F|
|poke|p1|Whimsicott, L50, M|
|poke|p1|Incineroar, L50, F|
|poke|p1|Basculegion, L50, M|
|poke|p1|Raichu, L50, F|
|poke|p2|Swampert, L50, F|
|poke|p2|Pelipper, L50, M|
|poke|p2|Archaludon, L50, M|
|poke|p2|Grimmsnarl, L50, M|
|poke|p2|Sinistcha, L50|
|poke|p2|Greninja, L50, F|
|teampreview|4
|showteam|p1|Delphox||Delphoxite|Blaze|NastyPlot,Psychic,HeatWave,Protect|Timid||M|||50|]Sneasler||WhiteHerb|Unburden|CloseCombat,DireClaw,FakeOut,Taunt|Jolly||F|||50|]Whimsicott||FocusSash|Prankster|SunnyDay,Moonblast,Tailwind,Encore|Timid||M|||50|]Incineroar||SitrusBerry|Intimidate|Taunt,FlareBlitz,FakeOut,PartingShot|Adamant||F|||50|]Basculegion||LifeOrb|Adaptability|WaveCrash,LastRespects,AquaJet,Protect|Jolly||M|||50|]Raichu||RaichuniteY|LightningRod|ZapCannon,FakeOut,FocusBlast,Protect|Timid||F|||50|
|showteam|p2|Swampert||Swampertite|Damp|WaveCrash,Earthquake,IcePunch,Protect|Adamant||F|||50|]Pelipper||SitrusBerry|Drizzle|Hurricane,WeatherBall,Tailwind,Protect|Modest||M|||50|]Archaludon||Leftovers|Stamina|ElectroShot,DragonPulse,FlashCannon,Protect|Modest||M|||50|]Grimmsnarl||LightClay|Prankster|SpiritBreak,Reflect,LightScreen,PartingShot|Careful||M|||50|]Sinistcha|||Hospitality|LifeDew,MatchaGotcha,TrickRoom,RagePowder|Bold|||||50|]Greninja||FocusSash|Protean|SludgeWave,FlipTurn,WaterShuriken,DarkPulse|Modest||F|||50|
|inactive|Battle timer is ON: inactive players will automatically lose when time's up. (requested by battle sim trainer)
|
|t:|1783612401
|teamsize|p1|4
|teamsize|p2|4
|start
|switch|p1a: Whimsicott|Whimsicott, L50, M|100/100
|switch|p1b: Delphox|Delphox, L50, M|100/100
|switch|p2a: Swampert|Swampert, L50, F|100/100
|switch|p2b: Pelipper|Pelipper, L50, M|100/100
|-weather|RainDance|[from] ability: Drizzle|[of] p2b: Pelipper
|turn|1
|inactive|hakeezy has 30 seconds left.
|
|t:|1783612428
|detailschange|p1b: Delphox|Delphox-Mega, L50, M
|-mega|p1b: Delphox|Delphox|Delphoxite
|detailschange|p2a: Swampert|Swampert-Mega, L50, F
|-mega|p2a: Swampert|Swampert|Swampertite
|move|p1a: Whimsicott|Sunny Day|p1a: Whimsicott
|-weather|SunnyDay
|move|p1b: Delphox|Nasty Plot|p1b: Delphox
|-boost|p1b: Delphox|spa|2
|move|p2a: Swampert|Wave Crash|p1b: Delphox
|-supereffective|p1b: Delphox|1
|-damage|p1b: Delphox|0 fnt
|faint|p1b: Delphox
|-damage|p2a: Swampert|72/100|[from] Recoil
|move|p2b: Pelipper|Tailwind|p2b: Pelipper
|-sidestart|p2: battle sim trainer|move: Tailwind
|
|-weather|SunnyDay|[upkeep]
|upkeep
|
|t:|1783612449
|switch|p1b: Sneasler|Sneasler, L50, F|100/100
|turn|2
|inactive|battle sim trainer has 30 seconds left.
|
|t:|1783612476
|switch|p2a: Sinistcha|Sinistcha, L50|100/100
|move|p1b: Sneasler|Fake Out|p2b: Pelipper
|-damage|p2b: Pelipper|83/100
|move|p1a: Whimsicott|Tailwind|p1a: Whimsicott
|-sidestart|p1: hakeezy|move: Tailwind
|cant|p2b: Pelipper|flinch
|
|-weather|SunnyDay|[upkeep]
|upkeep
|turn|3
|
|t:|1783612494
|move|p1a: Whimsicott|Encore|p2b: Pelipper
|-start|p2b: Pelipper|Encore
|move|p1b: Sneasler|Dire Claw|p2a: Sinistcha
|-crit|p2a: Sinistcha
|-damage|p2a: Sinistcha|52/100
|move|p2a: Sinistcha|Matcha Gotcha|p1b: Sneasler|[spread] p1a
|-miss|p2a: Sinistcha|p1b: Sneasler
|-resisted|p1a: Whimsicott|1
|-damage|p1a: Whimsicott|81/100
|-heal|p2a: Sinistcha|60/100|[from] drain|[of] p1a: Whimsicott
|-status|p1a: Whimsicott|brn
|move|p2b: Pelipper|Tailwind||[still]
|-fail|p2b: Pelipper
|
|-weather|SunnyDay|[upkeep]
|-damage|p1a: Whimsicott|75/100 brn|[from] brn
|upkeep
|turn|4
|
|t:|1783612517
|switch|p2b: Archaludon|Archaludon, L50, M|100/100
|move|p1b: Sneasler|Dire Claw|p2a: Sinistcha
|-damage|p2a: Sinistcha|29/100
|move|p1a: Whimsicott|Moonblast|p2a: Sinistcha
|-damage|p2a: Sinistcha|0 fnt
|faint|p2a: Sinistcha
|
|-weather|SunnyDay|[upkeep]
|-damage|p1a: Whimsicott|70/100 brn|[from] brn
|-sideend|p2: battle sim trainer|move: Tailwind
|upkeep
|
|t:|1783612534
|switch|p2a: Pelipper|Pelipper, L50, M|83/100
|-weather|RainDance|[from] ability: Drizzle|[of] p2a: Pelipper
|turn|5
|inactive|hakeezy has 30 seconds left.
|inactive|hakeezy has 20 seconds left.
|
|t:|1783612573
|switch|p1a: Basculegion|Basculegion, L50, M|100/100
|move|p2b: Archaludon|Protect|p2b: Archaludon
|-singleturn|p2b: Archaludon|Protect
|move|p1b: Sneasler|Close Combat|p2b: Archaludon
|-activate|p2b: Archaludon|move: Protect
|move|p2a: Pelipper|Weather Ball|p1a: Basculegion
|-resisted|p1a: Basculegion|1
|-damage|p1a: Basculegion|67/100
|
|-weather|RainDance|[upkeep]
|-sideend|p1: hakeezy|move: Tailwind
|upkeep
|turn|6
|inactive|hakeezy has 30 seconds left.
|inactive|battle sim trainer has 30 seconds left.
|
|t:|1783612602
|switch|p2b: Swampert|Swampert-Mega, L50, F|72/100
|move|p1b: Sneasler|Close Combat|p2b: Swampert
|-damage|p2b: Swampert|12/100
|-unboost|p1b: Sneasler|def|1
|-unboost|p1b: Sneasler|spd|1
|-enditem|p1b: Sneasler|White Herb
|-clearnegativeboost|p1b: Sneasler|[silent]
|move|p1a: Basculegion|Wave Crash|p2a: Pelipper
|-resisted|p2a: Pelipper|1
|-damage|p2a: Pelipper|2/100
|-enditem|p2a: Pelipper|Sitrus Berry|[eat]
|-heal|p2a: Pelipper|27/100|[from] item: Sitrus Berry
|-damage|p1a: Basculegion|44/100|[from] Recoil
|-damage|p1a: Basculegion|34/100|[from] item: Life Orb
|move|p2a: Pelipper|Hurricane|p1b: Sneasler
|-supereffective|p1b: Sneasler|1
|-damage|p1b: Sneasler|0 fnt
|faint|p1b: Sneasler
|
|-weather|RainDance|[upkeep]
|upkeep
|
|t:|1783612615
|switch|p1b: Whimsicott|Whimsicott, L50, M|70/100 brn
|turn|7
|
|t:|1783612640
|move|p2b: Swampert|Protect|p2b: Swampert
|-singleturn|p2b: Swampert|Protect
|move|p2a: Pelipper|Protect|p2a: Pelipper
|-singleturn|p2a: Pelipper|Protect
|move|p1b: Whimsicott|Sunny Day|p1b: Whimsicott
|-weather|SunnyDay
|move|p1a: Basculegion|Last Respects|p2b: Swampert
|-activate|p2b: Swampert|move: Protect
|
|-weather|SunnyDay|[upkeep]
|-damage|p1b: Whimsicott|64/100 brn|[from] brn
|upkeep
|turn|8
|inactive|hakeezy has 30 seconds left.
|inactive|battle sim trainer has 30 seconds left.
|
|t:|1783612670
|move|p1b: Whimsicott|Moonblast|p2b: Swampert
|-crit|p2b: Swampert
|-damage|p2b: Swampert|0 fnt
|faint|p2b: Swampert
|move|p1a: Basculegion|Last Respects|p2a: Pelipper
|-damage|p2a: Pelipper|0 fnt
|faint|p2a: Pelipper
|-damage|p1a: Basculegion|24/100|[from] item: Life Orb
|
|-weather|SunnyDay|[upkeep]
|-damage|p1b: Whimsicott|58/100 brn|[from] brn
|upkeep
|
|t:|1783612675
|switch|p2a: Archaludon|Archaludon, L50, M|100/100
|turn|9
|
|t:|1783612692
|move|p1b: Whimsicott|Tailwind|p1b: Whimsicott
|-sidestart|p1: hakeezy|move: Tailwind
|move|p1a: Basculegion|Last Respects|p2a: Archaludon
|-damage|p2a: Archaludon|11/100
|-ability|p2a: Archaludon|Stamina|boost
|-boost|p2a: Archaludon|def|1
|-damage|p1a: Basculegion|14/100|[from] item: Life Orb
|move|p2a: Archaludon|Dragon Pulse|p1a: Basculegion
|-damage|p1a: Basculegion|0 fnt
|faint|p1a: Basculegion
|
|-weather|SunnyDay|[upkeep]
|-heal|p2a: Archaludon|17/100|[from] item: Leftovers
|-damage|p1b: Whimsicott|52/100 brn|[from] brn
|upkeep
|turn|10
|
|t:|1783612699
|move|p2a: Archaludon|Protect|p2a: Archaludon
|-singleturn|p2a: Archaludon|Protect
|move|p1b: Whimsicott|Moonblast|p2a: Archaludon
|-activate|p2a: Archaludon|move: Protect
|
|-weather|SunnyDay|[upkeep]
|-heal|p2a: Archaludon|23/100|[from] item: Leftovers
|-damage|p1b: Whimsicott|46/100 brn|[from] brn
|upkeep
|turn|11
|
|t:|1783612706
|move|p1b: Whimsicott|Moonblast|p2a: Archaludon
|-damage|p2a: Archaludon|0 fnt
|faint|p2a: Archaludon
|
|win|hakeezy
