|j|☆Liminal Rain
|j|☆SHyperdestroyerVGC
|html|Liminal RainSHyperdestroyerVGC    
|uhtml|bestof|Game 3 of a best-of-3
|t:|1784745819
|gametype|doubles
|player|p1|Liminal Rain|cynthia-gen4|1187
|player|p2|SHyperdestroyerVGC|lady|1077
|gen|9
|tier|[Gen 9 Champions] VGC 2026 Reg M-B (Bo3)
|rated|
|rule|Species Clause: Limit one of each Pokémon
|rule|Item Clause: Limit 1 of each item
|clearpoke
|poke|p1|Whimsicott, L50, M|
|poke|p1|Gholdengo, L50|
|poke|p1|Palafin, L50, M, shiny|
|poke|p1|Blaziken, L50, F|
|poke|p1|Venusaur, L50, M|
|poke|p1|Rotom-Wash, L50|
|poke|p2|Froslass, L50, F|
|poke|p2|Kingambit, L50, M|
|poke|p2|Sneasler, L50, M|
|poke|p2|Talonflame, L50, F|
|poke|p2|Garchomp, L50, F|
|poke|p2|Sinistcha, L50|
|teampreview|4
|showteam|p1|Whimsicott||FairyFeather|Prankster|Moonblast,Tailwind,WorrySeed,Encore|Timid||M|||50|]Gholdengo||FocusSash|GoodasGold|MakeItRain,ShadowBall,PowerGem,Protect|Modest|||||50|]Palafin||ExpertBelt|ZerotoHero|ThroatChop,CloseCombat,JetPunch,Protect|Jolly||M|||50|]Blaziken||Blazikenite|SpeedBoost|FlareBlitz,CloseCombat,RockSlide,Protect|Adamant||F|||50|]Venusaur||Venusaurite|Overgrow|GigaDrain,SludgeBomb,EarthPower,Protect|Modest||M|||50|]Rotom-Wash||SitrusBerry|Levitate|HydroPump,Thunderbolt,WillOWisp,Protect|Calm|||||50|
|showteam|p2|Froslass||Froslassite|SnowCloak|Blizzard,AuroraVeil,ShadowBall,Protect|Timid||F|||50|]Kingambit||BlackGlasses|Defiant|KowtowCleave,SuckerPunch,LowKick,Protect|Adamant||M|||50|]Sneasler||WhiteHerb|Unburden|FakeOut,CloseCombat,DireClaw,Protect|Adamant||M|||50|]Talonflame||FocusSash|GaleWings|DualWingbeat,FlareBlitz,Tailwind,Protect|Jolly||F|||50|]Garchomp||LifeOrb|RoughSkin|DragonClaw,Earthquake,RockSlide,Protect|Jolly||F|||50|]Sinistcha||CobaBerry|Hospitality|MatchaGotcha,TrickRoom,RagePowder,Protect|Calm|||||50|
|
|t:|1784745848
|teamsize|p1|4
|teamsize|p2|4
|start
|switch|p1a: Gholdengo|Gholdengo, L50|100/100
|switch|p1b: Palafin|Palafin, L50, M, shiny|100/100
|switch|p2a: Sneasler|Sneasler, L50, M|100/100
|switch|p2b: Garchomp|Garchomp, L50, F|100/100
|turn|1
|
|t:|1784745864
|detailschange|p1b: Palafin|Palafin-Hero, L50, M, shiny
|switch|p1b: Rotom|Rotom-Wash, L50|100/100
|move|p1a: Gholdengo|Protect|p1a: Gholdengo
|-singleturn|p1a: Gholdengo|Protect
|move|p2a: Sneasler|Fake Out|p1b: Rotom
|-damage|p1b: Rotom|83/100
|move|p2b: Garchomp|Dragon Claw|p1b: Rotom
|-damage|p1b: Rotom|31/100
|-enditem|p1b: Rotom|Sitrus Berry|[eat]
|-heal|p1b: Rotom|56/100|[from] item: Sitrus Berry
|-damage|p2b: Garchomp|90/100|[from] item: Life Orb
|
|upkeep
|turn|2
|
|t:|1784745883
|move|p2b: Garchomp|Protect|p2b: Garchomp
|-singleturn|p2b: Garchomp|Protect
|move|p1b: Rotom|Protect|p1b: Rotom
|-singleturn|p1b: Rotom|Protect
|move|p2a: Sneasler|Close Combat|p1b: Rotom
|-activate|p1b: Rotom|move: Protect
|move|p1a: Gholdengo|Make It Rain|p2a: Sneasler|[spread] p2a
|-activate|p2b: Garchomp|move: Protect
|-damage|p2a: Sneasler|24/100
|-unboost|p1a: Gholdengo|spa|2
|
|upkeep
|turn|3
|
|t:|1784745900
|move|p2a: Sneasler|Close Combat|p1b: Rotom
|-damage|p1b: Rotom|0 fnt
|-unboost|p2a: Sneasler|def|1
|-unboost|p2a: Sneasler|spd|1
|faint|p1b: Rotom
|-enditem|p2a: Sneasler|White Herb
|-clearnegativeboost|p2a: Sneasler|[silent]
|move|p2b: Garchomp|Earthquake|p1a: Gholdengo|[spread] p2a,p1a
|-supereffective|p2a: Sneasler|1
|-supereffective|p1a: Gholdengo|1
|-damage|p2a: Sneasler|0 fnt
|-enditem|p1a: Gholdengo|Focus Sash
|-damage|p1a: Gholdengo|1/100
|faint|p2a: Sneasler
|-damage|p2b: Garchomp|80/100|[from] item: Life Orb
|move|p1a: Gholdengo|Shadow Ball|p2b: Garchomp
|-damage|p2b: Garchomp|58/100
|
|upkeep
|j| stavraid
|
|t:|1784745918
|switch|p2a: Sinistcha|Sinistcha, L50|100/100
|switch|p1b: Palafin|Palafin-Hero, L50, M, shiny|100/100
|-activate|p1b: Palafin|ability: Zero to Hero
|-heal|p2b: Garchomp|83/100|[from] ability: Hospitality|[of] p2a: Sinistcha
|turn|4
|
|t:|1784745940
|move|p1b: Palafin|Throat Chop|p2a: Sinistcha
|-supereffective|p2a: Sinistcha|1
|-damage|p2a: Sinistcha|28/100
|-start|p2a: Sinistcha|Throat Chop|[silent]
|move|p2b: Garchomp|Earthquake|p1b: Palafin|[spread] p2a,p1a,p1b
|-resisted|p2a: Sinistcha|1
|-supereffective|p1a: Gholdengo|1
|-damage|p2a: Sinistcha|6/100
|-damage|p1a: Gholdengo|0 fnt
|-damage|p1b: Palafin|51/100
|faint|p1a: Gholdengo
|-damage|p2b: Garchomp|74/100|[from] item: Life Orb
|move|p2a: Sinistcha|Matcha Gotcha|p1b: Palafin
|-supereffective|p1b: Palafin|1
|-damage|p1b: Palafin|0 fnt
|-heal|p2a: Sinistcha|32/100|[from] drain|[of] p1b: Palafin
|faint|p1b: Palafin
|
|upkeep
|
|t:|1784745947
|switch|p1b: Blaziken|Blaziken, L50, F|100/100
|turn|5
|
|t:|1784745960
|switch|p2a: Talonflame|Talonflame, L50, F|100/100
|detailschange|p1b: Blaziken|Blaziken-Mega, L50, F
|-mega|p1b: Blaziken|Blaziken|Blazikenite
|move|p2b: Garchomp|Earthquake|p1b: Blaziken|[spread] p1b
|-immune|p2a: Talonflame
|-supereffective|p1b: Blaziken|1
|-damage|p1b: Blaziken|0 fnt
|faint|p1b: Blaziken
|-damage|p2b: Garchomp|64/100|[from] item: Life Orb
|
|win|SHyperdestroyerVGC
|raw|Liminal Rain's rating: 1187 → 1154(-33 for losing)
|raw|SHyperdestroyerVGC's rating: 1077 → 1114(+37 for winning)
|l|☆Liminal Rain
|player|p1|
