|j|☆30YrOldOPMEnjoyer
|j|☆jaymoo
|html|30YrOldOPMEnjoyerjaymoo    
|uhtml|bestof|Game 2 of a best-of-3
|t:|1783906446
|gametype|doubles
|player|p1|30YrOldOPMEnjoyer|101|
|player|p2|jaymoo|schoolkid-gen4|
|gen|9
|tier|[Gen 9 Champions] VGC 2026 Reg M-B (Bo3)
|rule|Species Clause: Limit one of each Pokémon
|rule|Item Clause: Limit 1 of each item
|clearpoke
|poke|p1|Tyranitar, L50, M|
|poke|p1|Excadrill, L50, M|
|poke|p1|Garchomp, L50, M|
|poke|p1|Sableye, L50, F|
|poke|p1|Glimmora, L50, F|
|poke|p1|Hydreigon, L50, F|
|poke|p2|Froslass, L50, F|
|poke|p2|Scrafty, L50, M|
|poke|p2|Azumarill, L50, F|
|poke|p2|Scovillain, L50, F|
|poke|p2|Rotom-Wash, L50|
|poke|p2|Sneasler, L50, F|
|teampreview|4
|showteam|p1|Tyranitar||Tyranitarite|SandStream|KnockOff,LowKick,Protect,RockTomb|Adamant||M|||50|]Excadrill||FocusSash|MoldBreaker|Earthquake,IronHead,RockSlide,Protect|Adamant||M|||50|]Garchomp||LifeOrb|SandVeil|DragonClaw,Earthquake,Protect,RockSlide|Jolly||M|||50|]Sableye||Leftovers|Prankster|Safeguard,FoulPlay,LightScreen,WillOWisp|Calm||F|||50|]Glimmora||Glimmoranite|ToxicDebris|PowerGem,SludgeBomb,SpikyShield,EarthPower|Timid||F|||50|]Hydreigon||ChoiceScarf|Levitate|DarkPulse,DracoMeteor,HeatWave,Snarl|Timid||F|||50|
|showteam|p2|Froslass||Froslassite|SnowCloak|Blizzard,ShadowBall,IceShard,Protect|Naive||F|||50|]Scrafty||SitrusBerry|Intimidate|FakeOut,DrainPunch,IcePunch,KnockOff|Adamant||M|||50|]Azumarill||LifeOrb|HugePower|Liquidation,PlayRough,IceSpinner,AquaJet|Adamant||F|||50|]Scovillain||Scovillainite|Insomnia|Flamethrower,GigaDrain,Protect,RagePowder|Bold||F|||50|]Rotom-Wash||ChoiceScarf|Levitate|HydroPump,Thunderbolt,Trick,WillOWisp|Modest|||||50|]Sneasler||ShucaBerry|Pressure|FakeOut,CloseCombat,DireClaw,Protect|Adamant||F|||50|
|inactive|Battle timer is ON: inactive players will automatically lose when time's up. (requested by 30YrOldOPMEnjoyer)
|inactive|30YrOldOPMEnjoyer has 60 seconds left.
|
|t:|1783906508
|teamsize|p1|4
|teamsize|p2|4
|start
|switch|p1a: Glimmora|Glimmora, L50, F|100/100
|switch|p1b: Sableye|Sableye, L50, F|100/100
|switch|p2a: Rotom|Rotom-Wash, L50|100/100
|switch|p2b: Sneasler|Sneasler, L50, F|100/100
|-ability|p2b: Sneasler|Pressure
|turn|1
|inactive|30YrOldOPMEnjoyer has 30 seconds left.
|inactive|30YrOldOPMEnjoyer has 20 seconds left.
|
|t:|1783906547
|detailschange|p1a: Glimmora|Glimmora-Mega, L50, F
|-mega|p1a: Glimmora|Glimmora|Glimmoranite
|move|p1a: Glimmora|Spiky Shield|p1a: Glimmora
|-singleturn|p1a: Glimmora|move: Protect
|move|p2b: Sneasler|Protect|p2b: Sneasler
|-singleturn|p2b: Sneasler|Protect
|move|p1b: Sableye|Will-O-Wisp|p2b: Sneasler
|-activate|p2b: Sneasler|move: Protect
|move|p2a: Rotom|Hydro Pump|p1a: Glimmora
|-activate|p1a: Glimmora|move: Protect
|
|upkeep
|turn|2
|
|t:|1783906567
|switch|p1a: Hydreigon|Hydreigon, L50, F|100/100
|move|p1b: Sableye|Will-O-Wisp|p2b: Sneasler
|-status|p2b: Sneasler|brn
|move|p2a: Rotom|Hydro Pump|p1a: Hydreigon
|-resisted|p1a: Hydreigon|1
|-damage|p1a: Hydreigon|71/100
|move|p2b: Sneasler|Close Combat|p1a: Hydreigon
|-supereffective|p1a: Hydreigon|1
|-damage|p1a: Hydreigon|0 fnt
|-unboost|p2b: Sneasler|def|1
|-unboost|p2b: Sneasler|spd|1
|faint|p1a: Hydreigon
|
|-damage|p2b: Sneasler|94/100 brn|[from] brn
|upkeep
|
|t:|1783906587
|switch|p1a: Garchomp|Garchomp, L50, M|100/100
|turn|3
|
|t:|1783906604
|switch|p2b: Scrafty|Scrafty, L50, M|100/100
|-ability|p2b: Scrafty|Intimidate|boost
|-unboost|p1a: Garchomp|atk|1
|-unboost|p1b: Sableye|atk|1
|move|p1b: Sableye|Light Screen|p1b: Sableye
|-sidestart|p1: 30YrOldOPMEnjoyer|move: Light Screen
|move|p1a: Garchomp|Dragon Claw|p2b: Scrafty
|-damage|p2b: Scrafty|65/100
|-damage|p1a: Garchomp|90/100|[from] item: Life Orb
|move|p2a: Rotom|Hydro Pump|p1a: Garchomp|[miss]
|-miss|p2a: Rotom|p1a: Garchomp
|
|upkeep
|turn|4
|
|t:|1783906626
|switch|p2a: Sneasler|Sneasler, L50, F|94/100 brn
|-ability|p2a: Sneasler|Pressure
|move|p1a: Garchomp|Protect|p1a: Garchomp
|-singleturn|p1a: Garchomp|Protect
|move|p2b: Scrafty|Fake Out|p1a: Garchomp
|-activate|p1a: Garchomp|move: Protect
|move|p1b: Sableye|Will-O-Wisp|p2b: Scrafty
|-hint|Since gen 7, Dark is immune to Prankster moves.
|-immune|p2b: Scrafty
|
|-damage|p2a: Sneasler|88/100 brn|[from] brn
|upkeep
|turn|5
|inactive|30YrOldOPMEnjoyer has 30 seconds left.
|
|t:|1783906658
|switch|p1a: Glimmora|Glimmora-Mega, L50, F|100/100
|move|p2a: Sneasler|Fake Out|p1a: Glimmora
|-resisted|p1a: Glimmora|1
|-damage|p1a: Glimmora|96/100
|move|p1b: Sableye|Safeguard|p1b: Sableye
|-sidestart|p1: 30YrOldOPMEnjoyer|Safeguard
|move|p2b: Scrafty|Ice Punch|p1a: Glimmora
|-damage|p1a: Glimmora|72/100
|
|-damage|p2a: Sneasler|82/100 brn|[from] brn
|upkeep
|turn|6
|
|t:|1783906678
|switch|p1b: Garchomp|Garchomp, L50, M|90/100
|move|p1a: Glimmora|Sludge Bomb|p2b: Scrafty
|-damage|p2b: Scrafty|0 fnt
|faint|p2b: Scrafty
|move|p2a: Sneasler|Close Combat|p1a: Glimmora
|-damage|p1a: Glimmora|36/100
|-unboost|p2a: Sneasler|def|1
|-unboost|p2a: Sneasler|spd|1
|
|-damage|p2a: Sneasler|76/100 brn|[from] brn
|upkeep
|
|t:|1783906696
|switch|p2b: Froslass|Froslass, L50, F|100/100
|turn|7
|inactive|jaymoo has 30 seconds left.
|inactive|jaymoo has 20 seconds left.
|inactive|jaymoo has 15 seconds left.
|
|t:|1783906743
|switch|p1b: Sableye|Sableye, L50, F|100/100
|detailschange|p2b: Froslass|Froslass-Mega, L50, F
|-mega|p2b: Froslass|Froslass|Froslassite
|-weather|Snowscape|[from] ability: Snow Warning|[of] p2b: Froslass
|move|p2b: Froslass|Protect|p2b: Froslass
|-singleturn|p2b: Froslass|Protect
|move|p2a: Sneasler|Protect|p2a: Sneasler
|-singleturn|p2a: Sneasler|Protect
|move|p1a: Glimmora|Power Gem|p2b: Froslass
|-activate|p2b: Froslass|move: Protect
|
|-weather|Snowscape|[upkeep]
|-damage|p2a: Sneasler|70/100 brn|[from] brn
|-sideend|p1: 30YrOldOPMEnjoyer|move: Light Screen
|upkeep
|turn|8
|
|t:|1783906767
|move|p1b: Sableye|Light Screen|p1b: Sableye
|-sidestart|p1: 30YrOldOPMEnjoyer|move: Light Screen
|move|p2b: Froslass|Blizzard|p1a: Glimmora|[spread] p1a,p1b
|-damage|p1a: Glimmora|3/100
|-damage|p1b: Sableye|64/100
|move|p1a: Glimmora|Power Gem|p2b: Froslass
|-supereffective|p2b: Froslass|1
|-damage|p2b: Froslass|0 fnt
|faint|p2b: Froslass
|move|p2a: Sneasler|Close Combat|p1a: Glimmora
|-damage|p1a: Glimmora|0 fnt
|-unboost|p2a: Sneasler|def|1
|-unboost|p2a: Sneasler|spd|1
|faint|p1a: Glimmora
|
|-weather|Snowscape|[upkeep]
|-heal|p1b: Sableye|70/100|[from] item: Leftovers
|-damage|p2a: Sneasler|64/100 brn|[from] brn
|upkeep
|
|t:|1783906774
|switch|p2b: Rotom|Rotom-Wash, L50|100/100
|switch|p1a: Garchomp|Garchomp, L50, M|90/100
|turn|9
|
|t:|1783906787
|move|p2a: Sneasler|Protect|p2a: Sneasler
|-singleturn|p2a: Sneasler|Protect
|move|p1b: Sableye|Will-O-Wisp|p2b: Rotom
|-status|p2b: Rotom|brn
|move|p1a: Garchomp|Dragon Claw|p2b: Rotom
|-damage|p2b: Rotom|47/100 brn
|-damage|p1a: Garchomp|80/100|[from] item: Life Orb
|move|p2b: Rotom|Trick|p1b: Sableye
|-activate|p2b: Rotom|move: Trick|[of] p1b: Sableye
|-item|p1b: Sableye|Choice Scarf|[from] move: Trick
|-item|p2b: Rotom|Leftovers|[from] move: Trick
|
|-weather|Snowscape|[upkeep]
|-heal|p2b: Rotom|52/100 brn|[from] item: Leftovers
|-damage|p2a: Sneasler|58/100 brn|[from] brn
|-damage|p2b: Rotom|47/100 brn|[from] brn
|-sideend|p1: 30YrOldOPMEnjoyer|Safeguard
|upkeep
|turn|10
|
|t:|1783906811
|move|p1a: Garchomp|Dragon Claw|p2a: Sneasler
|-damage|p2a: Sneasler|0 fnt
|faint|p2a: Sneasler
|-damage|p1a: Garchomp|70/100|[from] item: Life Orb
|move|p2b: Rotom|Hydro Pump|p1a: Garchomp
|-damage|p1a: Garchomp|37/100
|move|p1b: Sableye|Foul Play|p2b: Rotom
|-damage|p2b: Rotom|29/100 brn
|
|-weather|Snowscape|[upkeep]
|-heal|p2b: Rotom|35/100 brn|[from] item: Leftovers
|-damage|p2b: Rotom|29/100 brn|[from] brn
|upkeep
|turn|11
|
|t:|1783906823
|move|p1a: Garchomp|Dragon Claw|p2b: Rotom
|-damage|p2b: Rotom|0 fnt
|faint|p2b: Rotom
|-damage|p1a: Garchomp|27/100|[from] item: Life Orb
|
|win|30YrOldOPMEnjoyer
||30YrOldOPMEnjoyer is ready for game 3.
||jaymoo is ready for game 3.
|uhtml|next|Next: Game 3 of 3
|l|☆30YrOldOPMEnjoyer
|player|p1|
