|j|☆regalac3
|j|☆ras2re
|html|regalac3ras2re    
|uhtml|bestof|Game 2 of a best-of-3
|t:|1757129602
|gametype|doubles
|player|p1|regalac3|n|1137
|player|p2|ras2re|volo|1165
|gen|9
|tier|[Gen 9] VGC 2025 Reg H (Bo3)
|rated|
|rule|Species Clause: Limit one of each Pokémon
|rule|Item Clause: Limit 1 of each item
|clearpoke
|poke|p1|Pelipper, L50, F|
|poke|p1|Basculegion, L50, M|
|poke|p1|Archaludon, L50, F|
|poke|p1|Annihilape, L50, F|
|poke|p1|Rillaboom, L50, F|
|poke|p1|Maushold-Four, L50|
|poke|p2|Orthworm, L50, F|
|poke|p2|Talonflame, L50, M|
|poke|p2|Garchomp, L50, M|
|poke|p2|Vivillon-Pokeball, L50, M|
|poke|p2|Gholdengo, L50|
|poke|p2|Hydreigon, L50, F|
|teampreview|4
|showteam|p1|Pelipper||FocusSash|Drizzle|Hurricane,WeatherBall,WideGuard,Protect|||F|||50|,,,,,Stellar]Basculegion||LifeOrb|SwiftSwim|WaveCrash,LastRespects,AquaJet,Protect|||M|||50|,,,,,Water]Archaludon||AssaultVest|Stamina|FlashCannon,DracoMeteor,ElectroShot,BodyPress|||F|||50|,,,,,Bug]Annihilape||Leftovers|Defiant|RageFist,DrainPunch,BulkUp,Protect|||F|||50|,,,,,Fire]Rillaboom||LoadedDice|GrassySurge|BulletSeed,GrassyGlide,HighHorsepower,FakeOut|||F|||50|,,,,,Water]Maushold-Four||SafetyGoggles|FriendGuard|BeatUp,FollowMe,Taunt,Protect||||||50|,,,,,Ghost
|showteam|p2|Orthworm||CovertCloak|EarthEater|IronDefense,BodyPress,IronHead,ShedTail|||F|||50|,,,,,Electric]Talonflame||ClearAmulet|GaleWings|Tailwind,DualWingbeat,FlareBlitz,BraveBird|||M|||50|,,,,,Ghost]Garchomp||ChoiceBand|RoughSkin|Earthquake,DragonClaw,StompingTantrum,RockSlide|||M|||50|,,,,,Ground]Vivillon-Pokeball||FocusSash|CompoundEyes|RagePowder,SleepPowder,Hurricane,Protect|||M|||50|,,,,,Ghost]Gholdengo||LifeOrb|GoodasGold|MakeItRain,ShadowBall,NastyPlot,Protect||||||50|,,,,,Steel]Hydreigon||ChoiceSpecs|Levitate|HeatWave,DarkPulse,DracoMeteor,DragonPulse|||F|||50|,,,,,Fire
|inactive|Battle timer is ON: inactive players will automatically lose when time's up. (requested by regalac3)
|inactive|ras2re also wants the timer to be on.
|inactive|regalac3 has 60 seconds left.
|
|t:|1757129635
|teamsize|p1|4
|teamsize|p2|4
|start
|switch|p1a: Rillaboom|Rillaboom, L50, F|100/100
|switch|p1b: Pelipper|Pelipper, L50, F|100/100
|switch|p2a: Vivillon|Vivillon-Pokeball, L50, M|100/100
|switch|p2b: Talonflame|Talonflame, L50, M|100/100
|-fieldstart|move: Grassy Terrain|[from] ability: Grassy Surge|[of] p1a: Rillaboom
|-weather|RainDance|[from] ability: Drizzle|[of] p1b: Pelipper
|turn|1
|
|t:|1757129652
|-terastallize|p2b: Talonflame|Ghost
|move|p1a: Rillaboom|Fake Out|p2b: Talonflame
|-immune|p2b: Talonflame
|move|p2b: Talonflame|Tailwind|p2b: Talonflame
|-sidestart|p2: ras2re|move: Tailwind
|move|p2a: Vivillon|Sleep Powder|p1b: Pelipper
|-status|p1b: Pelipper|slp|[from] move: Sleep Powder
|cant|p1b: Pelipper|slp
|
|-weather|RainDance|[upkeep]
|upkeep
|turn|2
|
|t:|1757129662
|move|p2b: Talonflame|Brave Bird|p1a: Rillaboom
|-supereffective|p1a: Rillaboom
|-damage|p1a: Rillaboom|12/100
|-damage|p2b: Talonflame|63/100|[from] Recoil
|move|p2a: Vivillon|Hurricane|p1b: Pelipper
|-damage|p1b: Pelipper|23/100 slp
|move|p1a: Rillaboom|Bullet Seed|p2b: Talonflame
|-damage|p2b: Talonflame|34/100
|-damage|p2b: Talonflame|7/100
|-damage|p2b: Talonflame|0 fnt
|faint|p2b: Talonflame
|-hitcount|p2: Talonflame|3
|cant|p1b: Pelipper|slp
|
|-weather|RainDance|[upkeep]
|-heal|p1a: Rillaboom|18/100|[from] Grassy Terrain
|upkeep
|
|t:|1757129670
|switch|p2b: Orthworm|Orthworm, L50, F, shiny|100/100
|turn|3
|
|t:|1757129685
|switch|p1a: Archaludon|Archaludon, L50, F|100/100
|-curestatus|p1b: Pelipper|slp|[msg]
|move|p1b: Pelipper|Protect|p1b: Pelipper
|-singleturn|p1b: Pelipper|Protect
|move|p2a: Vivillon|Hurricane|p1a: Archaludon
|-resisted|p1a: Archaludon
|-damage|p1a: Archaludon|85/100
|-start|p1a: Archaludon|confusion
|-ability|p1a: Archaludon|Stamina|boost
|-boost|p1a: Archaludon|def|1
|move|p2b: Orthworm|Iron Defense|p2b: Orthworm
|-boost|p2b: Orthworm|def|2
|
|-weather|RainDance|[upkeep]
|-heal|p1a: Archaludon|91/100|[from] Grassy Terrain
|upkeep
|turn|4
|
|t:|1757129705
|switch|p1b: Basculegion|Basculegion, L50, M|100/100
|-terastallize|p1a: Archaludon|Bug
|move|p2a: Vivillon|Sleep Powder|p1a: Archaludon
|-status|p1a: Archaludon|slp|[from] move: Sleep Powder
|move|p2b: Orthworm|Body Press|p1b: Basculegion
|-immune|p1b: Basculegion
|cant|p1a: Archaludon|slp
|
|-weather|RainDance|[upkeep]
|-heal|p1a: Archaludon|97/100 slp|[from] Grassy Terrain
|-sideend|p2: ras2re|move: Tailwind
|upkeep
|turn|5
|inactive|regalac3 has 30 seconds left.
|
|t:|1757129731
|move|p1b: Basculegion|Wave Crash|p2a: Vivillon
|-enditem|p2a: Vivillon|Focus Sash
|-damage|p2a: Vivillon|1/100
|-damage|p1b: Basculegion|74/100|[from] Recoil
|-damage|p1b: Basculegion|65/100|[from] item: Life Orb
|move|p2a: Vivillon|Sleep Powder|p1b: Basculegion
|-status|p1b: Basculegion|slp|[from] move: Sleep Powder
|cant|p1a: Archaludon|slp
|move|p2b: Orthworm|Shed Tail|p2b: Orthworm
|-start|p2b: Orthworm|Substitute|[from] move: Shed Tail
|-damage|p2b: Orthworm|50/100
|
|t:|1757129739
|switch|p2b: Garchomp|Garchomp, L50, M|100/100|[from] Shed Tail
|
|-weather|none
|-heal|p1b: Basculegion|71/100 slp|[from] Grassy Terrain
|-heal|p1a: Archaludon|100/100 slp|[from] Grassy Terrain
|-fieldend|move: Grassy Terrain
|upkeep
|turn|6
|
|t:|1757129757
|cant|p1b: Basculegion|slp
|move|p2b: Garchomp|Dragon Claw|p1b: Basculegion
|-damage|p1b: Basculegion|0 fnt
|faint|p1b: Basculegion
|move|p2a: Vivillon|Hurricane|p1a: Archaludon|[miss]
|-miss|p2a: Vivillon|p1a: Archaludon
|-curestatus|p1a: Archaludon|slp|[msg]
|-activate|p1a: Archaludon|confusion
|-damage|p1a: Archaludon|96/100|[from] confusion
|
|upkeep
|
|t:|1757129769
|switch|p1b: Rillaboom|Rillaboom, L50, F|18/100
|-fieldstart|move: Grassy Terrain|[from] ability: Grassy Surge|[of] p1b: Rillaboom
|turn|7
|
|t:|1757129778
|move|p2a: Vivillon|Protect|p2a: Vivillon
|-singleturn|p2a: Vivillon|Protect
|move|p1b: Rillaboom|Fake Out|p2a: Vivillon
|-activate|p2a: Vivillon|move: Protect
|move|p2b: Garchomp|Dragon Claw|p1b: Rillaboom
|-damage|p1b: Rillaboom|0 fnt
|faint|p1b: Rillaboom
|-activate|p1a: Archaludon|confusion
|move|p1a: Archaludon|Body Press|p2b: Garchomp
|-end|p2b: Garchomp|Substitute
|
|-heal|p1a: Archaludon|100/100|[from] Grassy Terrain
|upkeep
|
|t:|1757129781
|switch|p1b: Pelipper|Pelipper, L50, F|23/100
|-weather|RainDance|[from] ability: Drizzle|[of] p1b: Pelipper
|turn|8
|
|t:|1757129796
|move|p2b: Garchomp|Dragon Claw|p1b: Pelipper
|-damage|p1b: Pelipper|0 fnt
|faint|p1b: Pelipper
|move|p2a: Vivillon|Sleep Powder|p1a: Archaludon
|-status|p1a: Archaludon|slp|[from] move: Sleep Powder
|cant|p1a: Archaludon|slp
|
|-weather|RainDance|[upkeep]
|upkeep
|turn|9
|
|t:|1757129810
|move|p2b: Garchomp|Dragon Claw|p1a: Archaludon
|-damage|p1a: Archaludon|68/100 slp
|-ability|p1a: Archaludon|Stamina|boost
|-boost|p1a: Archaludon|def|1
|move|p2a: Vivillon|Hurricane|p1a: Archaludon
|-supereffective|p1a: Archaludon
|-damage|p1a: Archaludon|6/100 slp
|-ability|p1a: Archaludon|Stamina|boost
|-boost|p1a: Archaludon|def|1
|-curestatus|p1a: Archaludon|slp|[msg]
|-activate|p1a: Archaludon|confusion
|move|p1a: Archaludon|Draco Meteor|p2b: Garchomp
|-supereffective|p2b: Garchomp
|-damage|p2b: Garchomp|0 fnt
|-unboost|p1a: Archaludon|spa|2
|faint|p2b: Garchomp
|
|-weather|RainDance|[upkeep]
|-heal|p1a: Archaludon|12/100|[from] Grassy Terrain
|upkeep
|
|t:|1757129816
|switch|p2b: Orthworm|Orthworm, L50, F, shiny|50/100
|turn|10
|
|t:|1757129825
|move|p2a: Vivillon|Hurricane|p1a: Archaludon
|-supereffective|p1a: Archaludon
|-damage|p1a: Archaludon|0 fnt
|faint|p1a: Archaludon
|
|win|ras2re
|raw|regalac3's rating: 1137 → 1114(-23 for losing)
|raw|ras2re's rating: 1165 → 1188(+23 for winning)
