|j|☆Ederzuri
|j|☆benjitulio
|html|Ederzuribenjitulio    
|uhtml|bestof|Game 2 of a best-of-3
|t:|1783293430
|gametype|doubles
|player|p1|Ederzuri|bugsy|1197
|player|p2|benjitulio|wattson|1145
|gen|9
|tier|[Gen 9 Champions] VGC 2026 Reg M-B (Bo3)
|rated|
|rule|Species Clause: Limit one of each Pokémon
|rule|Item Clause: Limit 1 of each item
|clearpoke
|poke|p1|Grimmsnarl, L50, M, shiny|
|poke|p1|Pelipper, L50, F, shiny|
|poke|p1|Archaludon, L50, F|
|poke|p1|Swampert, L50, F, shiny|
|poke|p1|Sinistcha, L50|
|poke|p1|Gengar, L50, F, shiny|
|poke|p2|Maushold-Four, L50|
|poke|p2|Incineroar, L50, M|
|poke|p2|Metagross, L50|
|poke|p2|Aerodactyl, L50, F|
|poke|p2|Primarina, L50, M|
|poke|p2|Sinistcha, L50|
|teampreview|4
|showteam|p1|Grimmsnarl||LightClay|Prankster|PartingShot,Reflect,LightScreen,SpiritBreak|Careful||M|||50|]Pelipper||SitrusBerry|Drizzle|Hurricane,Tailwind,WeatherBall,WideGuard|Modest||F|||50|]Archaludon||Leftovers|Stamina|ElectroShot,Protect,DragonPulse,FlashCannon|Modest||F|||50|]Swampert||Swampertite|Torrent|WaveCrash,Protect,Earthquake,IcePunch|Adamant||F|||50|]Sinistcha||KasibBerry|Hospitality|MatchaGotcha,RagePowder,LifeDew,TrickRoom|Bold|||||50|]Gengar||Gengarite|CursedBody|NastyPlot,SludgeBomb,ShadowBall,Protect|Modest||F|||50|
|showteam|p2|Maushold-Four||FocusSash|FriendGuard|FollowMe,RainDance,PopulationBomb,SuperFang|Jolly|||||50|]Incineroar||ChopleBerry|Intimidate|FakeOut,FlareBlitz,PartingShot,DarkestLariat|Impish||M|||50|]Metagross||Metagrossite|ClearBody|IronHead,Protect,PsychicFangs,Earthquake|Adamant|||||50|]Aerodactyl||Aerodactylite|Unnerve|RockSlide,Protect,Tailwind,IceFang|Jolly||F|||50|]Primarina||ChoiceScarf|LiquidVoice|HyperVoice,HydroPump,IcyWind,Moonblast|Modest||M|||50|]Sinistcha||Leftovers|Hospitality|MatchaGotcha,LifeDew,ShadowBall,RagePowder|Calm|||||50|
|inactive|Battle timer is ON: inactive players will automatically lose when time's up. (requested by Ederzuri)
|
|t:|1783293447
|teamsize|p1|4
|teamsize|p2|4
|start
|switch|p1a: Gengar|Gengar, L50, F, shiny|100/100
|switch|p1b: Rage Baiter|Grimmsnarl, L50, M, shiny|100/100
|switch|p2a: Maushold|Maushold-Four, L50|100/100
|switch|p2b: Primarina|Primarina, L50, M|100/100
|turn|1
|
|t:|1783293466
|detailschange|p1a: Gengar|Gengar-Mega, L50, F, shiny
|-mega|p1a: Gengar|Gengar|Gengarite
|move|p1a: Gengar|Protect|p1a: Gengar
|-singleturn|p1a: Gengar|Protect
|move|p1b: Rage Baiter|Light Screen|p1b: Rage Baiter
|-sidestart|p1: Ederzuri|move: Light Screen
|move|p2a: Maushold|Rain Dance|p2a: Maushold
|-weather|RainDance
|move|p2b: Primarina|Hydro Pump|p1a: Gengar
|-activate|p1a: Gengar|move: Protect
|
|-weather|RainDance|[upkeep]
|upkeep
|turn|2
|
|t:|1783293478
|switch|p1a: Mahoraga|Archaludon, L50, F|100/100
|move|p1b: Rage Baiter|Parting Shot|p2b: Primarina
|-unboost|p2b: Primarina|atk|1
|-unboost|p2b: Primarina|spa|1
|
|t:|1783293484
|switch|p1b: Gengar|Gengar-Mega, L50, F, shiny|100/100|[from] Parting Shot
|move|p2a: Maushold|Population Bomb|p1b: Gengar
|-immune|p1b: Gengar
|move|p2b: Primarina|Hydro Pump|p1a: Mahoraga
|-resisted|p1a: Mahoraga|1
|-crit|p1a: Mahoraga
|-damage|p1a: Mahoraga|21/100
|-ability|p1a: Mahoraga|Stamina|boost
|-boost|p1a: Mahoraga|def|1
|
|-weather|RainDance|[upkeep]
|-heal|p1a: Mahoraga|27/100|[from] item: Leftovers
|upkeep
|turn|3
|
|t:|1783293506
|move|p2a: Maushold|Follow Me|p2a: Maushold
|-singleturn|p2a: Maushold|move: Follow Me
|move|p1b: Gengar|Sludge Bomb|p2a: Maushold
|-damage|p2a: Maushold|19/100
|move|p2b: Primarina|Hydro Pump|p1a: Mahoraga
|-resisted|p1a: Mahoraga|1
|-damage|p1a: Mahoraga|3/100
|-ability|p1a: Mahoraga|Stamina|boost
|-boost|p1a: Mahoraga|def|1
|move|p1a: Mahoraga|Electro Shot||[still]
|-prepare|p1a: Mahoraga|Electro Shot
|-boost|p1a: Mahoraga|spa|1
|-anim|p1a: Mahoraga|Electro Shot|p2a: Maushold
|-damage|p2a: Maushold|0 fnt
|faint|p2a: Maushold
|
|-weather|RainDance|[upkeep]
|-heal|p1a: Mahoraga|9/100|[from] item: Leftovers
|upkeep
|
|t:|1783293526
|switch|p2a: Metagross|Metagross, L50|100/100
|turn|4
|
|t:|1783293538
|detailschange|p2a: Metagross|Metagross-Mega, L50
|-mega|p2a: Metagross|Metagross|Metagrossite
|move|p1b: Gengar|Sludge Bomb|p2b: Primarina
|-supereffective|p2b: Primarina|1
|-damage|p2b: Primarina|0 fnt
|faint|p2b: Primarina
|move|p2a: Metagross|Earthquake|p1b: Gengar|[spread] p1a,p1b
|-supereffective|p1a: Mahoraga|1
|-supereffective|p1b: Gengar|1
|-damage|p1a: Mahoraga|0 fnt
|-damage|p1b: Gengar|18/100
|faint|p1a: Mahoraga
|
|-weather|RainDance|[upkeep]
|upkeep
|
|t:|1783293549
|switch|p2b: Sinistcha|Sinistcha, L50|100/100
|switch|p1a: GET OUT!!|Pelipper, L50, F, shiny|100/100
|turn|5
|
|t:|1783293573
|move|p1b: Gengar|Protect|p1b: Gengar
|-singleturn|p1b: Gengar|Protect
|move|p2a: Metagross|Iron Head|p1b: Gengar
|-activate|p1b: Gengar|move: Protect
|move|p1a: GET OUT!!|Hurricane|p2b: Sinistcha
|-supereffective|p2b: Sinistcha|1
|-damage|p2b: Sinistcha|24/100
|-start|p2b: Sinistcha|confusion
|-activate|p2b: Sinistcha|confusion
|-damage|p2b: Sinistcha|19/100|[from] confusion
|
|-weather|none
|-heal|p2b: Sinistcha|25/100|[from] item: Leftovers
|upkeep
|turn|6
|
|t:|1783293595
|switch|p1a: Rage Baiter|Grimmsnarl, L50, M, shiny|100/100
|-end|p2b: Sinistcha|confusion
|move|p2b: Sinistcha|Rage Powder|p2b: Sinistcha
|-singleturn|p2b: Sinistcha|move: Rage Powder
|move|p1b: Gengar|Shadow Ball|p2b: Sinistcha
|-supereffective|p2b: Sinistcha|1
|-damage|p2b: Sinistcha|0 fnt
|faint|p2b: Sinistcha
|move|p2a: Metagross|Iron Head|p1b: Gengar
|-damage|p1b: Gengar|0 fnt
|faint|p1b: Gengar
|
|upkeep
|
|t:|1783293603
|switch|p1b: GET OUT!!|Pelipper, L50, F, shiny|100/100
|-weather|RainDance|[from] ability: Drizzle|[of] p1b: GET OUT!!
|turn|7
|
|t:|1783293617
|move|p1a: Rage Baiter|Parting Shot|p2a: Metagross
|-unboost|p2a: Metagross|atk|1
|-unboost|p2a: Metagross|spa|1
|move|p2a: Metagross|Psychic Fangs|p1b: GET OUT!!
|-sideend|p1: Ederzuri|move: Light Screen
|-damage|p1b: GET OUT!!|50/100g
|move|p1b: GET OUT!!|Weather Ball|p2a: Metagross
|-damage|p2a: Metagross|27/100
|
|-weather|RainDance|[upkeep]
|upkeep
|turn|8
|
|t:|1783293628
|move|p1a: Rage Baiter|Parting Shot|p2a: Metagross
|-unboost|p2a: Metagross|atk|1
|-unboost|p2a: Metagross|spa|1
|move|p2a: Metagross|Iron Head|p1a: Rage Baiter
|-supereffective|p1a: Rage Baiter|1
|-damage|p1a: Rage Baiter|16/100
|move|p1b: GET OUT!!|Weather Ball|p2a: Metagross
|-damage|p2a: Metagross|0 fnt
|faint|p2a: Metagross
|
|win|Ederzuri
