|j|☆AUBrigade
|j|☆MichaelderBeste2
|html|AUBrigadeMichaelderBeste2    
|uhtml|bestof|Game 1 of a best-of-3
|t:|1757657660
|gametype|doubles
|player|p1|AUBrigade|morty|1357
|player|p2|MichaelderBeste2|#michaelderbeste2|1563
|gen|9
|tier|[Gen 9] VGC 2025 Reg H (Bo3)
|rated|
|rule|Species Clause: Limit one of each Pokémon
|rule|Item Clause: Limit 1 of each item
|clearpoke
|poke|p1|Sneasler, L50, M|
|poke|p1|Dragonite, L50, M|
|poke|p1|Incineroar, L50, F|
|poke|p1|Rillaboom, L50, M|
|poke|p1|Kingambit, L50, M|
|poke|p1|Ninetales-Alola, L50, F|
|poke|p2|Baxcalibur, L50, M|
|poke|p2|Sneasler, L50, M|
|poke|p2|Rillaboom, L50, M|
|poke|p2|Kingambit, L50, M|
|poke|p2|Magmar, L50, M|
|poke|p2|Dondozo, L50, F|
|teampreview|4
|showteam|p1|Sneasler||WhiteHerb|Unburden|DireClaw,Protect,Coaching,CloseCombat|||M|||50|,,,,,Ghost]Dragonite||LoadedDice|Multiscale|ScaleShot,Protect,ExtremeSpeed,Haze|||M|||50|,,,,,Steel]Incineroar||AssaultVest|Intimidate|Uturn,FakeOut,FlareBlitz,KnockOff|||F|||50|,,,,,Grass]Rillaboom||MiracleSeed|GrassySurge|GrassyGlide,WoodHammer,FakeOut,HighHorsepower|||M|||50|,,,,,Water]Kingambit||SafetyGoggles|Defiant|KowtowCleave,SuckerPunch,SwordsDance,Protect|||M|||50|,,,,,Bug]Ninetales-Alola||FocusSash|SnowWarning|Protect,Blizzard,FreezeDry,AuroraVeil|||F|||50|,,,,,Ice
|showteam|p2|Baxcalibur||LoadedDice|ThermalExchange|IcicleSpear,ScaleShot,IceShard,Protect|||M|||50|,,,,,Ghost]Sneasler||FocusSash|Unburden|CloseCombat,DireClaw,Coaching,Protect|||M|||50|,,,,,Stellar]Rillaboom||AssaultVest|GrassySurge|WoodHammer,GrassyGlide,HighHorsepower,FakeOut|||M|||50|,,,,,Water]Kingambit||BlackGlasses|Defiant|KowtowCleave,SuckerPunch,SwordsDance,Protect|||M|||50|,,,,,Ghost]Magmar||Eviolite|VitalSpirit|Overheat,WillOWisp,FollowMe,Protect|||M|||50|,,,,,Fairy]Dondozo||Leftovers|Unaware|WaveCrash,Fissure,Yawn,Protect|||F|||50|,,,,,Poison
|inactive|Battle timer is ON: inactive players will automatically lose when time's up. (requested by MichaelderBeste2)
|
|t:|1757657749
|teamsize|p1|4
|teamsize|p2|4
|start
|switch|p1a: Kingambit|Kingambit, L50, M|100/100
|switch|p1b: Sneasler|Sneasler, L50, M|100/100
|switch|p2a: Sneasler|Sneasler, L50, M|100/100
|switch|p2b: Baxcalibur|Baxcalibur, L50, M|100/100
|turn|1
|
|t:|1757657774
|switch|p1a: Incineroar|Incineroar, L50, F|100/100
|-ability|p1a: Incineroar|Intimidate|boost
|-unboost|p2a: Sneasler|atk|1
|-unboost|p2b: Baxcalibur|atk|1
|move|p2a: Sneasler|Coaching|p2b: Baxcalibur
|-boost|p2b: Baxcalibur|atk|1
|-boost|p2b: Baxcalibur|def|1
|move|p1b: Sneasler|Close Combat|p2a: Sneasler
|-resisted|p2a: Sneasler
|-damage|p2a: Sneasler|49/100
|-unboost|p1b: Sneasler|def|1
|-unboost|p1b: Sneasler|spd|1
|-enditem|p1b: Sneasler|White Herb
|-clearnegativeboost|p1b: Sneasler|[silent]
|move|p2b: Baxcalibur|Icicle Spear|p1b: Sneasler
|-damage|p1b: Sneasler|79/100
|-damage|p1b: Sneasler|57/100
|-damage|p1b: Sneasler|34/100
|-damage|p1b: Sneasler|13/100
|-hitcount|p1b: Sneasler|4
|
|upkeep
|turn|2
|inactive|AUBrigade has 30 seconds left.
|inactive|MichaelderBeste2 has 30 seconds left.
|inactive|AUBrigade has 20 seconds left.
|inactive|AUBrigade has 15 seconds left.
|inactive|MichaelderBeste2 has 20 seconds left.
|
|t:|1757657818
|-terastallize|p2b: Baxcalibur|Ghost
|move|p1b: Sneasler|Protect|p1b: Sneasler
|-singleturn|p1b: Sneasler|Protect
|move|p2b: Baxcalibur|Ice Shard|p1b: Sneasler
|-activate|p1b: Sneasler|move: Protect
|move|p2a: Sneasler|Close Combat|p1a: Incineroar
|-supereffective|p1a: Incineroar
|-damage|p1a: Incineroar|26/100
|-unboost|p2a: Sneasler|def|1
|-unboost|p2a: Sneasler|spd|1
|move|p1a: Incineroar|Knock Off|p2b: Baxcalibur
|-supereffective|p2b: Baxcalibur
|-damage|p2b: Baxcalibur|44/100
|-enditem|p2b: Baxcalibur|Loaded Dice|[from] move: Knock Off|[of] p1a: Incineroar
|
|upkeep
|turn|3
|inactive|AUBrigade has 30 seconds left.
|inactive|AUBrigade has 20 seconds left.
|inactive|AUBrigade has 15 seconds left.
|
|t:|1757657858
|switch|p1b: Kingambit|Kingambit, L50, M|100/100
|switch|p1a: Dragonite|Dragonite, L50, M|100/100
|move|p2b: Baxcalibur|Ice Shard|p1b: Kingambit
|-resisted|p1b: Kingambit
|-damage|p1b: Kingambit|92/100
|move|p2a: Sneasler|Close Combat|p1b: Kingambit
|-supereffective|p1b: Kingambit
|-damage|p1b: Kingambit|0 fnt
|-unboost|p2a: Sneasler|def|1
|-unboost|p2a: Sneasler|spd|1
|faint|p1b: Kingambit
|
|upkeep
|
|t:|1757657873
|switch|p1b: Incineroar|Incineroar, L50, F|26/100
|-ability|p1b: Incineroar|Intimidate|boost
|-unboost|p2a: Sneasler|atk|1
|-unboost|p2b: Baxcalibur|atk|1
|turn|4
|inactive|MichaelderBeste2 has 30 seconds left.
|
|t:|1757657899
|switch|p2a: Kingambit|Kingambit, L50, M|100/100
|-terastallize|p1a: Dragonite|Steel
|move|p1b: Incineroar|Fake Out|p2a: Kingambit
|-resisted|p2a: Kingambit
|-damage|p2a: Kingambit|96/100
|move|p2b: Baxcalibur|Scale Shot|p1b: Incineroar
|-damage|p1b: Incineroar|17/100
|-damage|p1b: Incineroar|9/100
|-damage|p1b: Incineroar|0 fnt
|faint|p1b: Incineroar
|-hitcount|p1: Incineroar|3
|-unboost|p2b: Baxcalibur|def|1
|-boost|p2b: Baxcalibur|spe|1
|move|p1a: Dragonite|Scale Shot|p2b: Baxcalibur
|-damage|p2b: Baxcalibur|30/100
|-damage|p2b: Baxcalibur|15/100
|-damage|p2b: Baxcalibur|0 fnt
|faint|p2b: Baxcalibur
|-hitcount|p2: Baxcalibur|3
|-unboost|p1a: Dragonite|def|1
|-boost|p1a: Dragonite|spe|1
|
|upkeep
|inactive|MichaelderBeste2 has 30 seconds left.
|
|t:|1757657926
|switch|p2b: Magmar|Magmar, L50, M|100/100
|switch|p1b: Sneasler|Sneasler, L50, M|13/100
|turn|5
|
|t:|1757657946
|move|p2a: Kingambit|Sucker Punch||[still]
|-fail|p2a: Kingambit
|move|p1a: Dragonite|Scale Shot|p2b: Magmar
|-damage|p2b: Magmar|89/100
|-damage|p2b: Magmar|79/100
|-damage|p2b: Magmar|67/100
|-damage|p2b: Magmar|56/100
|-hitcount|p2b: Magmar|4
|-unboost|p1a: Dragonite|def|1
|-boost|p1a: Dragonite|spe|1
|move|p1b: Sneasler|Coaching|p1a: Dragonite
|-boost|p1a: Dragonite|atk|1
|-boost|p1a: Dragonite|def|1
|move|p2b: Magmar|Will-O-Wisp|p1a: Dragonite|[miss]
|-miss|p2b: Magmar|p1a: Dragonite
|
|upkeep
|turn|6
|inactive|AUBrigade has 30 seconds left.
|
|t:|1757657976
|move|p2b: Magmar|Protect|p2b: Magmar
|-singleturn|p2b: Magmar|Protect
|move|p2a: Kingambit|Sucker Punch||[still]
|-fail|p2a: Kingambit
|move|p1a: Dragonite|Scale Shot|p2b: Magmar
|-activate|p2b: Magmar|move: Protect
|move|p1b: Sneasler|Coaching|p1a: Dragonite
|-boost|p1a: Dragonite|atk|1
|-boost|p1a: Dragonite|def|1
|
|upkeep
|turn|7
|
|t:|1757657993
|switch|p2b: Sneasler|Sneasler, L50, M|49/100
|move|p2a: Kingambit|Sucker Punch|p1b: Sneasler
|-resisted|p1b: Sneasler
|-damage|p1b: Sneasler|0 fnt
|faint|p1b: Sneasler
|move|p1a: Dragonite|Scale Shot|p2b: Sneasler
|-damage|p2b: Sneasler|3/100
|-damage|p2b: Sneasler|0 fnt
|faint|p2b: Sneasler
|-hitcount|p2: Sneasler|2
|-unboost|p1a: Dragonite|def|1
|-boost|p1a: Dragonite|spe|1
|
|upkeep
|
|t:|1757657996
|switch|p2b: Magmar|Magmar, L50, M|56/100
|turn|8
|
|t:|1757658010
|move|p2b: Magmar|Protect|p2b: Magmar
|-singleturn|p2b: Magmar|Protect
|move|p1a: Dragonite|Scale Shot|p2a: Kingambit|[miss]
|-miss|p1a: Dragonite|p2a: Kingambit
|move|p2a: Kingambit|Kowtow Cleave|p1a: Dragonite
|-damage|p1a: Dragonite|48/100
|
|upkeep
|turn|9
|
|t:|1757658021
|move|p2b: Magmar|Follow Me|p2b: Magmar
|-singleturn|p2b: Magmar|move: Follow Me
|move|p1a: Dragonite|Scale Shot|p2b: Magmar
|-damage|p2b: Magmar|35/100
|-damage|p2b: Magmar|12/100
|-damage|p2b: Magmar|0 fnt
|faint|p2b: Magmar
|-hitcount|p2: Magmar|3
|-unboost|p1a: Dragonite|def|1
|-boost|p1a: Dragonite|spe|1
|move|p2a: Kingambit|Kowtow Cleave|p1a: Dragonite
|-damage|p1a: Dragonite|0 fnt
|faint|p1a: Dragonite
|
|win|MichaelderBeste2
|inactive|AUBrigade has 30 seconds to confirm battle start!
|inactive|MichaelderBeste2 has 30 seconds to confirm battle start!
||AUBrigade is ready for game 2.
||MichaelderBeste2 is ready for game 2.
|uhtml|next|Next: Game 2 of 3
|l|☆MichaelderBeste2
|player|p2|
