|j|☆whoopeesucle
|j|☆yinobo
|html|whoopeesucleyinobo    
|uhtml|bestof|Game 1 of a best-of-3
|t:|1785284244
|gametype|doubles
|player|p1|whoopeesucle|265|1169
|player|p2|yinobo|lucas|1284
|gen|9
|tier|[Gen 9 Champions] VGC 2026 Reg M-B (Bo3)
|rated|
|rule|Species Clause: Limit one of each Pokémon
|rule|Item Clause: Limit 1 of each item
|clearpoke
|poke|p1|Froslass, L50, F|
|poke|p1|Lycanroc-Dusk, L50, M|
|poke|p1|Staraptor, L50, F|
|poke|p1|Kingambit, L50, F|
|poke|p1|Sneasler, L50, M|
|poke|p1|Basculegion, L50, M|
|poke|p2|Charizard, L50, M, shiny|
|poke|p2|Garchomp, L50, M, shiny|
|poke|p2|Sylveon, L50, M, shiny|
|poke|p2|Incineroar, L50, M, shiny|
|poke|p2|Toxapex, L50, F, shiny|
|poke|p2|Venusaur, L50, M, shiny|
|teampreview|4
|showteam|p1|Froslass||Froslassite|CursedBody|Blizzard,ShadowBall,AuroraVeil,Protect|Timid||F|||50|]Lycanroc-Dusk||FocusSash|ToughClaws|Accelerock,CloseCombat,RockSlide,Protect|Jolly||M|||50|]Staraptor||Staraptite|Intimidate|Tailwind,DualWingbeat,Protect,CloseCombat|Jolly||F|||50|]Kingambit||LifeOrb|Defiant|SuckerPunch,IronHead,Protect,KowtowCleave|Adamant||F|||50|]Sneasler||WhiteHerb|Unburden|FakeOut,Protect,DireClaw,CloseCombat|Jolly||M|||50|]Basculegion||SitrusBerry|Adaptability|Protect,AquaJet,WaveCrash,LastRespects|Adamant||M|||50|
|showteam|p2|Charizard||CharizarditeY|Blaze|Protect,WeatherBall,AncientPower,HeatWave|Modest||M|||50|]Garchomp||ChoiceScarf|RoughSkin|StompingTantrum,RockSlide,Earthquake,DragonClaw|Adamant||M|||50|]Sylveon||FairyFeather|Pixilate|Detect,Yawn,QuickAttack,HyperVoice|Modest||M|||50|]Incineroar||SitrusBerry|Intimidate|FlareBlitz,PartingShot,DarkestLariat,FakeOut|Impish||M|||50|]Toxapex||Leftovers|Regenerator|BanefulBunker,WideGuard,Toxic,Infestation|Bold||F|||50|]Venusaur||LifeOrb|Chlorophyll|Protect,EarthPower,SludgeBomb,LeafStorm|Modest||M|||50|
|inactive|Battle timer is ON: inactive players will automatically lose when time's up. (requested by yinobo)
|inactive|yinobo has 60 seconds left.
|
|t:|1785284352
|teamsize|p1|4
|teamsize|p2|4
|start
|switch|p1a: Kingambit|Kingambit, L50, F|100/100
|switch|p1b: Lycanroc|Lycanroc-Dusk, L50, M|100/100
|switch|p2a: Charizard|Charizard, L50, M, shiny|100/100
|switch|p2b: Venusaur|Venusaur, L50, M, shiny|100/100
|turn|1
|inactive|whoopeesucle has 30 seconds left.
|inactive|yinobo has 30 seconds left.
|
|t:|1785284380
|move|p2a: Charizard|Protect|p2a: Charizard
|-singleturn|p2a: Charizard|Protect
|move|p1b: Lycanroc|Accelerock|p2b: Venusaur
|-damage|p2b: Venusaur|71/100
|move|p1a: Kingambit|Sucker Punch|p2b: Venusaur
|-damage|p2b: Venusaur|5/100
|-damage|p1a: Kingambit|90/100|[from] item: Life Orb
|move|p2b: Venusaur|Earth Power|p1b: Lycanroc
|-supereffective|p1b: Lycanroc|1
|-enditem|p1b: Lycanroc|Focus Sash
|-damage|p1b: Lycanroc|1/100
|-damage|p2b: Venusaur|0 fnt|[from] item: Life Orb
|faint|p2b: Venusaur
|
|upkeep
|inactive|yinobo has 30 seconds left.
|
|t:|1785284408
|switch|p2b: Incineroar|Incineroar, L50, M, shiny|100/100
|-ability|p2b: Incineroar|Intimidate|boost
|-unboost|p1a: Kingambit|atk|1
|-ability|p1a: Kingambit|Defiant|boost
|-boost|p1a: Kingambit|atk|2
|-unboost|p1b: Lycanroc|atk|1
|turn|2
|
|t:|1785284427
|move|p1b: Lycanroc|Protect|p1b: Lycanroc
|-singleturn|p1b: Lycanroc|Protect
|move|p2b: Incineroar|Fake Out|p1b: Lycanroc
|-activate|p1b: Lycanroc|move: Protect
|move|p1a: Kingambit|Sucker Punch|p2a: Charizard
|-damage|p2a: Charizard|19/100
|-damage|p1a: Kingambit|80/100|[from] item: Life Orb
|move|p2a: Charizard|Heat Wave|p1a: Kingambit|[spread] p1a
|-activate|p1b: Lycanroc|move: Protect
|-supereffective|p1a: Kingambit|1
|-damage|p1a: Kingambit|0 fnt
|faint|p1a: Kingambit
|
|upkeep
|
|t:|1785284434
|switch|p1a: Basculegion|Basculegion, L50, M|100/100
|turn|3
|inactive|yinobo has 30 seconds left.
|
|t:|1785284460
|switch|p2a: Toxapex|Toxapex, L50, F, shiny|100/100
|move|p1b: Lycanroc|Accelerock|p2a: Toxapex
|-crit|p2a: Toxapex
|-damage|p2a: Toxapex|75/100
|move|p1a: Basculegion|Wave Crash|p2b: Incineroar
|-supereffective|p2b: Incineroar|1
|-damage|p2b: Incineroar|0 fnt
|faint|p2b: Incineroar
|-damage|p1a: Basculegion|66/100|[from] Recoil
|
|-heal|p2a: Toxapex|80/100|[from] item: Leftovers
|upkeep
|
|t:|1785284471
|switch|p2b: Charizard|Charizard, L50, M, shiny|19/100
|turn|4
|
|t:|1785284478
|move|p1b: Lycanroc|Protect|p1b: Lycanroc
|-singleturn|p1b: Lycanroc|Protect
|move|p2b: Charizard|Protect|p2b: Charizard
|-singleturn|p2b: Charizard|Protect
|move|p1a: Basculegion|Last Respects|p2a: Toxapex
|-damage|p2a: Toxapex|36/100
|move|p2a: Toxapex|Infestation|p1b: Lycanroc
|-activate|p1b: Lycanroc|move: Protect
|
|-heal|p2a: Toxapex|42/100|[from] item: Leftovers
|upkeep
|turn|5
|
|t:|1785284494
|move|p2b: Charizard|Protect||[still]
|-fail|p2b: Charizard
|move|p1b: Lycanroc|Accelerock|p2b: Charizard
|-supereffective|p2b: Charizard|2
|-damage|p2b: Charizard|0 fnt
|faint|p2b: Charizard
|move|p1a: Basculegion|Last Respects|p2a: Toxapex
|-damage|p2a: Toxapex|0 fnt
|faint|p2a: Toxapex
|
|win|whoopeesucle
||whoopeesucle is ready for game 2.
||yinobo is ready for game 2.
|uhtml|next|Next: Game 2 of 3
|l|☆whoopeesucle
|player|p1|
