|j|☆steelag0
|j|☆Gali37
|html|steelag0Gali37    
|uhtml|bestof|Game 1 of a best-of-3
|t:|1782402198
|gametype|doubles
|player|p1|steelag0|policeman-gen4|1000
|player|p2|Gali37|swimmerf|1093
|gen|9
|tier|[Gen 9 Champions] VGC 2026 Reg M-B (Bo3)
|rated|
|rule|Species Clause: Limit one of each Pokémon
|rule|Item Clause: Limit 1 of each item
|clearpoke
|poke|p1|Hydreigon, L50, F|
|poke|p1|Garchomp, L50, M|
|poke|p1|Metagross, L50|
|poke|p1|Charizard, L50, M|
|poke|p1|Grimmsnarl, L50, M|
|poke|p1|Toxapex, L50, F|
|poke|p2|Staraptor, L50, M|
|poke|p2|Whimsicott, L50, F|
|poke|p2|Garchomp, L50, M|
|poke|p2|Kingambit, L50, M|
|poke|p2|Swampert, L50, F|
|poke|p2|Politoed, L50, M|
|teampreview|4
|showteam|p1|Hydreigon||ChoiceScarf|Levitate|HeatWave,DarkPulse,DracoMeteor,Snarl|Modest||F|||50|]Garchomp||SitrusBerry|RoughSkin|Earthquake,RockSlide,DragonClaw,Protect|Adamant||M|||50|]Metagross||Metagrossite|ClearBody|IronHead,PsychicFangs,BulletPunch,Protect|Adamant|||||50|]Charizard||CharizarditeY|Blaze|Protect,HeatWave,SolarBeam,WeatherBall|Timid||M|||50|]Grimmsnarl||RoseliBerry|Prankster|FakeOut,FoulPlay,Reflect,PartingShot|Sassy||M|||50|]Toxapex||Leftovers|Regenerator|Infestation,Toxic,BanefulBunker,WideGuard|Bold||F|||50|
|showteam|p2|Staraptor||Staraptite|Intimidate|BlazeKick,BraveBird,CloseCombat,Protect|Adamant||M|||50|]Whimsicott||FocusSash|Prankster|Tailwind,Moonblast,Charm,Encore|Bold||F|||50|]Garchomp||ExpertBelt|RoughSkin|DragonClaw,Earthquake,PoisonJab,Protect|Jolly||M|||50|]Kingambit||ChopleBerry|Defiant|KowtowCleave,SuckerPunch,IronHead,LowKick|Adamant||M|||50|]Swampert||Swampertite|Damp|Outrage,HighHorsepower,WaveCrash,IcePunch|Adamant||F|||50|]Politoed||DampRock|Drizzle|PerishSong,Protect,WeatherBall,Haze|Calm||M|||50|
|inactive|Battle timer is ON: inactive players will automatically lose when time's up. (requested by Gali37)
|
|t:|1782402294
|teamsize|p1|4
|teamsize|p2|4
|start
|switch|p1a: Charizard|Charizard, L50, M|100/100
|switch|p1b: Grimmsnarl|Grimmsnarl, L50, M|100/100
|switch|p2a: Swampert|Swampert, L50, F|100/100
|switch|p2b: Garchomp|Garchomp, L50, M|100/100
|turn|1
|
|t:|1782402309
|detailschange|p2a: Swampert|Swampert-Mega, L50, F
|-mega|p2a: Swampert|Swampert|Swampertite
|move|p2b: Garchomp|Protect|p2b: Garchomp
|-singleturn|p2b: Garchomp|Protect
|move|p1a: Charizard|Protect|p1a: Charizard
|-singleturn|p1a: Charizard|Protect
|move|p1b: Grimmsnarl|Reflect|p1b: Grimmsnarl
|-sidestart|p1: steelag0|Reflect
|move|p2a: Swampert|High Horsepower|p1b: Grimmsnarl
|-damage|p1b: Grimmsnarl|62/100
|
|upkeep
|turn|2
|inactive|Gali37 has 30 seconds left.
|inactive|steelag0 has 30 seconds left.
|
|t:|1782402346
|detailschange|p1a: Charizard|Charizard-Mega-Y, L50, M
|-mega|p1a: Charizard|Charizard|Charizardite Y
|-weather|SunnyDay|[from] ability: Drought|[of] p1a: Charizard
|move|p1b: Grimmsnarl|Parting Shot|p2b: Garchomp
|-unboost|p2b: Garchomp|atk|1
|-unboost|p2b: Garchomp|spa|1
|
|t:|1782402356
|switch|p1b: Toxapex|Toxapex, L50, F|100/100|[from] Parting Shot
|move|p2b: Garchomp|Poison Jab|p1b: Toxapex
|-resisted|p1b: Toxapex|1
|-damage|p1b: Toxapex|95/100
|move|p1a: Charizard|Solar Beam||[still]
|-prepare|p1a: Charizard|Solar Beam
|-anim|p1a: Charizard|Solar Beam|p2a: Swampert
|-supereffective|p2a: Swampert|2
|-damage|p2a: Swampert|0 fnt
|faint|p2a: Swampert
|
|-weather|SunnyDay|[upkeep]
|-heal|p1b: Toxapex|100/100|[from] item: Leftovers
|upkeep
|
|t:|1782402365
|switch|p2a: Politoed|Politoed, L50, M|100/100
|-weather|RainDance|[from] ability: Drizzle|[of] p2a: Politoed
|turn|3
|inactive|steelag0 has 30 seconds left.
|inactive|steelag0 has 20 seconds left.
|
|t:|1782402405
|move|p1a: Charizard|Protect|p1a: Charizard
|-singleturn|p1a: Charizard|Protect
|move|p2b: Garchomp|Dragon Claw|p1b: Toxapex
|-damage|p1b: Toxapex|86/100
|move|p2a: Politoed|Weather Ball|p1a: Charizard
|-activate|p1a: Charizard|move: Protect
|move|p1b: Toxapex|Infestation|p2b: Garchomp
|-damage|p2b: Garchomp|96/100
|-activate|p2b: Garchomp|move: Infestation|[of] p1b: Toxapex
|-damage|p1b: Toxapex|74/100|[from] ability: Rough Skin|[of] p2b: Garchomp
|
|-weather|RainDance|[upkeep]
|-heal|p1b: Toxapex|80/100|[from] item: Leftovers
|-damage|p2b: Garchomp|84/100|[from] move: Infestation|[partiallytrapped]
|upkeep
|turn|4
|
|t:|1782402425
|switch|p1a: Grimmsnarl|Grimmsnarl, L50, M|62/100
|move|p2b: Garchomp|Earthquake|p1a: Grimmsnarl|[spread] p2a,p1a,p1b
|-supereffective|p1b: Toxapex|1
|-damage|p2a: Politoed|71/100
|-damage|p1a: Grimmsnarl|45/100
|-damage|p1b: Toxapex|54/100
|move|p2a: Politoed|Haze|p2a: Politoed
|-clearallboost
|move|p1b: Toxapex|Toxic|p2b: Garchomp
|-status|p2b: Garchomp|tox
|
|-weather|RainDance|[upkeep]
|-heal|p1b: Toxapex|60/100|[from] item: Leftovers
|-damage|p2b: Garchomp|78/100 tox|[from] psn
|-damage|p2b: Garchomp|65/100 tox|[from] move: Infestation|[partiallytrapped]
|upkeep
|turn|5
|
|t:|1782402448
|move|p1a: Grimmsnarl|Fake Out|p2a: Politoed
|-damage|p2a: Politoed|59/100
|move|p1b: Toxapex|Wide Guard|p1b: Toxapex
|-singleturn|p1b: Toxapex|Wide Guard
|move|p2b: Garchomp|Poison Jab|p1a: Grimmsnarl
|-supereffective|p1a: Grimmsnarl|1
|-damage|p1a: Grimmsnarl|4/100
|cant|p2a: Politoed|flinch
|
|-weather|RainDance|[upkeep]
|-heal|p1b: Toxapex|66/100|[from] item: Leftovers
|-damage|p2b: Garchomp|54/100 tox|[from] psn
|-damage|p2b: Garchomp|41/100 tox|[from] move: Infestation|[partiallytrapped]
|-sideend|p1: steelag0|Reflect
|upkeep
|turn|6
|
|t:|1782402471
|move|p1a: Grimmsnarl|Parting Shot|p2a: Politoed
|-unboost|p2a: Politoed|atk|1
|-unboost|p2a: Politoed|spa|1
|
|t:|1782402474
|switch|p1a: Charizard|Charizard-Mega-Y, L50, M|100/100|[from] Parting Shot
|-weather|SunnyDay|[from] ability: Drought|[of] p1a: Charizard
|move|p2b: Garchomp|Earthquake|p1a: Charizard|[spread] p2a,p1b
|-immune|p1a: Charizard
|-supereffective|p1b: Toxapex|1
|-damage|p2a: Politoed|17/100
|-damage|p1b: Toxapex|1/100
|move|p2a: Politoed|Weather Ball|p1a: Charizard
|-resisted|p1a: Charizard|1
|-damage|p1a: Charizard|89/100
|move|p1b: Toxapex|Infestation|p2a: Politoed
|-damage|p2a: Politoed|15/100
|-activate|p2a: Politoed|move: Infestation|[of] p1b: Toxapex
|
|-weather|SunnyDay|[upkeep]
|-heal|p1b: Toxapex|6/100|[from] item: Leftovers
|-damage|p2b: Garchomp|23/100 tox|[from] psn
|-damage|p2b: Garchomp|11/100 tox|[from] move: Infestation|[partiallytrapped]
|-damage|p2a: Politoed|3/100|[from] move: Infestation|[partiallytrapped]
|upkeep
|turn|7
|-message|Gali37 forfeited.
|
|win|steelag0
||Gali37 is ready for game 2.
