|j|☆BOBERMN
|j|☆TMJS01
|html|BOBERMNTMJS01    
|uhtml|bestof|Game 1 of a best-of-3
|t:|1782182872
|gametype|doubles
|player|p1|BOBERMN|hilbert|1264
|player|p2|TMJS01|unknown|1314
|gen|9
|tier|[Gen 9 Champions] VGC 2026 Reg M-B (Bo3)
|rated|
|rule|Species Clause: Limit one of each Pokémon
|rule|Item Clause: Limit 1 of each item
|clearpoke
|poke|p1|Charizard, L50, F|
|poke|p1|Ninetales-Alola, L50, F|
|poke|p1|Whimsicott, L50, F|
|poke|p1|Gholdengo, L50|
|poke|p1|Annihilape, L50, M|
|poke|p1|Floette-Eternal, L50, F|
|poke|p2|Sinistcha, L50|
|poke|p2|Incineroar, L50, F|
|poke|p2|Garchomp, L50, F|
|poke|p2|Floette-Eternal, L50, F|
|poke|p2|Vivillon, L50, F|
|poke|p2|Delphox, L50, M|
|teampreview|4
|showteam|p1|Charizard||CharizarditeX|Blaze|DragonDance,BreakingSwipe,FlareBlitz,Protect|Adamant||F|||50|]Ninetales-Alola||LightClay|SnowWarning|AuroraVeil,Blizzard,Moonblast,Encore|Timid||F|||50|]Whimsicott||FocusSash|Prankster|Tailwind,Encore,Moonblast,Protect|Timid||F|||50|]Gholdengo||Leftovers|GoodasGold|ShadowBall,MakeItRain,Protect,NastyPlot|Modest|||||50|]Annihilape||SitrusBerry|Defiant|Protect,DrainPunch,RageFist,RockSlide|Adamant||M|||50|]Floette-Eternal||Floettite|FlowerVeil|DazzlingGleam,LightofRuin,DrainingKiss,Protect|Modest||F|||50|
|showteam|p2|Sinistcha||KasibBerry|Hospitality|MatchaGotcha,RagePowder,TrickRoom,LifeDew|Relaxed|||||50|]Incineroar||ChopleBerry|Intimidate|ThroatChop,FlareBlitz,PartingShot,FakeOut|Impish||F|||50|]Garchomp||LifeOrb|RoughSkin|ScaleShot,StompingTantrum,Protect,RockTomb|Jolly||F|||50|]Floette-Eternal||Floettite|FlowerVeil|Protect,CalmMind,Moonblast,DazzlingGleam|Modest||F|||50|]Vivillon||FocusSash|CompoundEyes|SleepPowder,Hurricane,Protect,Tailwind|Timid||F|||50|]Delphox||Delphoxite|Blaze|NastyPlot,HeatWave,Psyshock,Protect|Timid||M|||50|
|inactive|Battle timer is ON: inactive players will automatically lose when time's up. (requested by BOBERMN)
|inactive|TMJS01 also wants the timer to be on.
|inactive|BOBERMN has 60 seconds left.
|inactive|TMJS01 has 60 seconds left.
|inactive|TMJS01 has 30 seconds left.
|inactive|TMJS01 has 20 seconds left.
|
|t:|1782182946
|teamsize|p1|4
|teamsize|p2|4
|start
|switch|p1a: Whimsicott|Whimsicott, L50, F|100/100
|switch|p1b: Floette|Floette-Eternal, L50, F|100/100
|switch|p2a: Delphox|Delphox, L50, M|100/100
|switch|p2b: Vivillon|Vivillon, L50, F|100/100
|turn|1
|
|t:|1782182961
|detailschange|p2a: Delphox|Delphox-Mega, L50, M
|-mega|p2a: Delphox|Delphox|Delphoxite
|detailschange|p1b: Floette|Floette-Mega, L50, F
|-mega|p1b: Floette|Floette|Floettite
|-ability|p1b: Floette|Fairy Aura
|move|p1b: Floette|Protect|p1b: Floette
|-singleturn|p1b: Floette|Protect
|move|p1a: Whimsicott|Tailwind|p1a: Whimsicott
|-sidestart|p1: BOBERMN|move: Tailwind
|move|p2a: Delphox|Heat Wave|p1b: Floette|[spread] p1a
|-activate|p1b: Floette|move: Protect
|-supereffective|p1a: Whimsicott|1
|-enditem|p1a: Whimsicott|Focus Sash
|-damage|p1a: Whimsicott|1/100
|move|p2b: Vivillon|Sleep Powder|p1b: Floette
|-activate|p1b: Floette|move: Protect
|
|upkeep
|turn|2
|
|t:|1782182974
|move|p2b: Vivillon|Protect|p2b: Vivillon
|-singleturn|p2b: Vivillon|Protect
|move|p1a: Whimsicott|Moonblast|p2b: Vivillon
|-activate|p2b: Vivillon|move: Protect
|move|p1b: Floette|Dazzling Gleam|p2b: Vivillon|[spread] p2a
|-activate|p2b: Vivillon|move: Protect
|-resisted|p2a: Delphox|1
|-damage|p2a: Delphox|79/100
|move|p2a: Delphox|Heat Wave|p1a: Whimsicott|[spread] p1a,p1b
|-supereffective|p1a: Whimsicott|1
|-damage|p1a: Whimsicott|0 fnt
|-damage|p1b: Floette|72/100
|faint|p1a: Whimsicott
|
|upkeep
|
|t:|1782182977
|switch|p1a: Gholdengo|Gholdengo, L50|100/100
|turn|3
|
|t:|1782182995
|move|p2a: Delphox|Protect|p2a: Delphox
|-singleturn|p2a: Delphox|Protect
|move|p1b: Floette|Dazzling Gleam|p2b: Vivillon|[spread] p2b
|-activate|p2a: Delphox|move: Protect
|-enditem|p2b: Vivillon|Focus Sash
|-damage|p2b: Vivillon|1/100
|move|p1a: Gholdengo|Shadow Ball|p2b: Vivillon
|-damage|p2b: Vivillon|0 fnt
|faint|p2b: Vivillon
|
|upkeep
|
|t:|1782183005
|switch|p2b: Incineroar|Incineroar, L50, F|100/100
|-ability|p2b: Incineroar|Intimidate|boost
|-unboost|p1a: Gholdengo|atk|1
|-unboost|p1b: Floette|atk|1
|turn|4
|
|t:|1782183010
|switch|p2a: Garchomp|Garchomp, L50, F|100/100
|move|p1b: Floette|Protect|p1b: Floette
|-singleturn|p1b: Floette|Protect
|move|p2b: Incineroar|Fake Out|p1b: Floette
|-activate|p1b: Floette|move: Protect
|move|p1a: Gholdengo|Shadow Ball|p2a: Garchomp
|-damage|p2a: Garchomp|51/100
|
|-sideend|p1: BOBERMN|move: Tailwind
|upkeep
|turn|5
|
|t:|1782183015
|switch|p1a: Annihilape|Annihilape, L50, M|100/100
|move|p2a: Garchomp|Protect|p2a: Garchomp
|-singleturn|p2a: Garchomp|Protect
|move|p1b: Floette|Dazzling Gleam|p2a: Garchomp|[spread] p2b
|-activate|p2a: Garchomp|move: Protect
|-damage|p2b: Incineroar|54/100
|move|p2b: Incineroar|Flare Blitz|p1b: Floette
|-damage|p1b: Floette|16/100
|-damage|p2b: Incineroar|37/100|[from] Recoil
|
|upkeep
|turn|6
|
|t:|1782183038
|switch|p2b: Delphox|Delphox-Mega, L50, M|79/100
|move|p1b: Floette|Protect|p1b: Floette
|-singleturn|p1b: Floette|Protect
|move|p2a: Garchomp|Stomping Tantrum|p1b: Floette
|-activate|p1b: Floette|move: Protect
|move|p1a: Annihilape|Rage Fist|p2a: Garchomp
|-damage|p2a: Garchomp|27/100
|-damage|p1a: Annihilape|87/100|[from] ability: Rough Skin|[of] p2a: Garchomp
|
|upkeep
|turn|7
|
|t:|1782183045
|move|p2b: Delphox|Psyshock|p1a: Annihilape
|-supereffective|p1a: Annihilape|1
|-damage|p1a: Annihilape|1/100
|-enditem|p1a: Annihilape|Sitrus Berry|[eat]
|-heal|p1a: Annihilape|25/100|[from] item: Sitrus Berry
|move|p2a: Garchomp|Stomping Tantrum|p1b: Floette
|-damage|p1b: Floette|0 fnt
|faint|p1b: Floette
|-damage|p2a: Garchomp|17/100|[from] item: Life Orb
|move|p1a: Annihilape|Rage Fist|p2b: Delphox
|-supereffective|p2b: Delphox|1
|-damage|p2b: Delphox|0 fnt
|faint|p2b: Delphox
|
|upkeep
|
|t:|1782183052
|switch|p2b: Incineroar|Incineroar, L50, F|37/100
|switch|p1b: Gholdengo|Gholdengo, L50|100/100
|-ability|p2b: Incineroar|Intimidate|boost
|-unboost|p1a: Annihilape|atk|1
|-ability|p1a: Annihilape|Defiant|boost
|-boost|p1a: Annihilape|atk|2
|-unboost|p1b: Gholdengo|atk|1
|turn|8
|
|t:|1782183063
|move|p2a: Garchomp|Stomping Tantrum|p1a: Annihilape
|-damage|p1a: Annihilape|0 fnt
|faint|p1a: Annihilape
|-damage|p2a: Garchomp|8/100|[from] item: Life Orb
|move|p1b: Gholdengo|Make It Rain|p2a: Garchomp|[spread] p2a,p2b
|-resisted|p2b: Incineroar|1
|-damage|p2a: Garchomp|0 fnt
|-damage|p2b: Incineroar|15/100
|-unboost|p1b: Gholdengo|spa|2
|faint|p2a: Garchomp
|move|p2b: Incineroar|Flare Blitz|p1b: Gholdengo
|-supereffective|p1b: Gholdengo|1
|-damage|p1b: Gholdengo|10/100
|-damage|p2b: Incineroar|0 fnt|[from] Recoil
|faint|p2b: Incineroar
|
|win|BOBERMN
||BOBERMN is ready for game 2.
||TMJS01 is ready for game 2.
|uhtml|next|Next: Game 2 of 3
