|j|☆stellar boy
|j|☆Angelhuberpokr
|html|stellar boyAngelhuberpokr    
|uhtml|bestof|Game 2 of a best-of-3
|t:|1756656775
|gametype|doubles
|player|p1|stellar boy|169|1045
|player|p2|Angelhuberpokr|dawn|1000
|gen|9
|tier|[Gen 9] VGC 2025 Reg H (Bo3)
|rated|
|rule|Species Clause: Limit one of each Pokémon
|rule|Item Clause: Limit 1 of each item
|clearpoke
|poke|p1|Charizard, L50, M|
|poke|p1|Torkoal, L50, M|
|poke|p1|Porygon2, L50|
|poke|p1|Incineroar, L50, M|
|poke|p1|Jumpluff, L50, F|
|poke|p1|Ursaluna, L50, F|
|poke|p2|Serperior, L50, M|
|poke|p2|Incineroar, L50, F|
|poke|p2|Whimsicott, L50, M|
|poke|p2|Ninetales-Alola, L50, F|
|poke|p2|Gholdengo, L50|
|poke|p2|Corviknight, L50, F|
|teampreview|4
|showteam|p1|Charizard||ChoiceSpecs|SolarPower|HeatWave,Overheat,WeatherBall,AirSlash|||M|||50|,,,,,Ghost]Torkoal||EjectPack|Drought|Eruption,Overheat,HelpingHand,Protect|||M|||50|,,,,,Fire]Porygon2||Eviolite|Download|TeraBlast,IceBeam,Recover,TrickRoom||||||50|,,,,,Fighting]Incineroar||SitrusBerry|Intimidate|FlareBlitz,KnockOff,FakeOut,PartingShot|||M|||50|,,,,,Ghost]Jumpluff||CovertCloak|Chlorophyll|SleepPowder,SunnyDay,RagePowder,Tailwind|||F|||50|,,,,,Water]Ursaluna||FlameOrb|Guts|HeadlongRush,Facade,Earthquake,Protect|||F|||50|,,,,,Ghost
|showteam|p2|Serperior||Leftovers|Contrary|LeafStorm,Substitute,Protect,Glare|||M|||50|,,,,,Grass]Incineroar||AssaultVest|Intimidate|FakeOut,KnockOff,FlareBlitz,ThroatChop|||F|||50|,,,,,Fire]Whimsicott||FocusSash|Prankster|Tailwind,Encore,Taunt,Moonblast|||M|||50|,,,,,Ghost]Ninetales-Alola||LightClay|SnowWarning|AuroraVeil,IcyWind,FreezeDry,Encore|||F|||50|,,,,,Water]Gholdengo||ChoiceSpecs|GoodasGold|MakeItRain,ShadowBall,Trick,Thunderbolt||||||50|,,,,,Fairy]Corviknight||RockyHelmet|MirrorArmor|BodyPress,Roost,BulkUp,Taunt|||F|||50|,,,,,Flying
|inactive|Battle timer is ON: inactive players will automatically lose when time's up. (requested by Angelhuberpokr)
|inactive|stellar boy has 60 seconds left.
|inactive|stellar boy has 30 seconds left.
|inactive|stellar boy has 20 seconds left.
|inactive|stellar boy has 15 seconds left.
|inactive|stellar boy has 10 seconds left.
|inactive|stellar boy has 5 seconds left.
|
|t:|1756656901
|teamsize|p1|4
|teamsize|p2|4
|start
|switch|p1a: Charizard|Charizard, L50, M|100/100
|switch|p1b: Torkoal|Torkoal, L50, M|100/100
|switch|p2a: Incineroar|Incineroar, L50, F|100/100
|switch|p2b: Whimsicott|Whimsicott, L50, M|100/100
|-ability|p2a: Incineroar|Intimidate|boost
|-unboost|p1a: Charizard|atk|1
|-unboost|p1b: Torkoal|atk|1
|-weather|SunnyDay|[from] ability: Drought|[of] p1b: Torkoal
|-enditem|p1b: Torkoal|Eject Pack
|
|t:|1756656922
|switch|p1b: Incineroar|Incineroar, L50, M|100/100
|-ability|p1b: Incineroar|Intimidate|boost
|-unboost|p2a: Incineroar|atk|1
|-unboost|p2b: Whimsicott|atk|1
|turn|1
|
|t:|1756656939
|-terastallize|p2b: Whimsicott|Ghost
|-terastallize|p1a: Charizard|Ghost
|move|p2b: Whimsicott|Tailwind|p2b: Whimsicott
|-sidestart|p2: Angelhuberpokr|move: Tailwind
|move|p1a: Charizard|Heat Wave|p2a: Incineroar|[spread] p2a
|-miss|p1a: Charizard|p2b: Whimsicott
|-resisted|p2a: Incineroar
|-damage|p2a: Incineroar|71/100
|move|p2a: Incineroar|Knock Off|p1a: Charizard
|-supereffective|p1a: Charizard
|-damage|p1a: Charizard|29/100
|-enditem|p1a: Charizard|Choice Specs|[from] move: Knock Off|[of] p2a: Incineroar
|move|p1b: Incineroar|Parting Shot|p2a: Incineroar
|-unboost|p2a: Incineroar|atk|1
|-unboost|p2a: Incineroar|spa|1
|
|t:|1756656954
|switch|p1b: Porygon2|Porygon2, L50|100/100|[from] Parting Shot
|-ability|p1b: Porygon2|Download|boost
|-boost|p1b: Porygon2|atk|1
|
|-weather|SunnyDay|[upkeep]
|-damage|p1a: Charizard|16/100|[from] ability: Solar Power|[of] p1a: Charizard
|upkeep
|turn|2
|inactive|stellar boy has 30 seconds left.
|
|t:|1756656984
|move|p2b: Whimsicott|Taunt|p1b: Porygon2
|-start|p1b: Porygon2|move: Taunt
|move|p1a: Charizard|Heat Wave|p2b: Whimsicott|[spread] p2a,p2b
|-resisted|p2a: Incineroar
|-damage|p2a: Incineroar|51/100
|-damage|p2b: Whimsicott|2/100
|move|p2a: Incineroar|Knock Off|p1b: Porygon2
|-damage|p1b: Porygon2|88/100
|-enditem|p1b: Porygon2|Eviolite|[from] move: Knock Off|[of] p2a: Incineroar
|move|p1b: Porygon2|Ice Beam|p2b: Whimsicott
|-damage|p2b: Whimsicott|0 fnt
|faint|p2b: Whimsicott
|
|-weather|SunnyDay|[upkeep]
|-damage|p1a: Charizard|4/100|[from] ability: Solar Power|[of] p1a: Charizard
|upkeep
|
|t:|1756656997
|switch|p2b: Gholdengo|Gholdengo, L50|100/100
|turn|3
|
|t:|1756657014
|switch|p1a: Incineroar|Incineroar, L50, M|100/100
|-ability|p1a: Incineroar|Intimidate|boost
|-unboost|p2a: Incineroar|atk|1
|-unboost|p2b: Gholdengo|atk|1
|switch|p1b: Torkoal|Torkoal, L50, M|100/100
|move|p2b: Gholdengo|Make It Rain|p1b: Torkoal|[spread] p1a,p1b
|-resisted|p1a: Incineroar
|-resisted|p1b: Torkoal
|-damage|p1a: Incineroar|60/100
|-damage|p1b: Torkoal|52/100
|-unboost|p2b: Gholdengo|spa|1
|move|p2a: Incineroar|Flare Blitz|p1b: Torkoal
|-resisted|p1b: Torkoal
|-damage|p1b: Torkoal|42/100
|-damage|p2a: Incineroar|48/100|[from] Recoil
|
|-weather|SunnyDay|[upkeep]
|upkeep
|turn|4
|
|t:|1756657039
|switch|p2a: Corviknight|Corviknight, L50, F|100/100
|move|p1a: Incineroar|Fake Out|p2a: Corviknight
|-resisted|p2a: Corviknight
|-damage|p2a: Corviknight|97/100
|-damage|p1a: Incineroar|44/100|[from] item: Rocky Helmet|[of] p2a: Corviknight
|-enditem|p1a: Incineroar|Sitrus Berry|[eat]
|-heal|p1a: Incineroar|68/100|[from] item: Sitrus Berry
|move|p2b: Gholdengo|Make It Rain|p1a: Incineroar|[spread] p1a,p1b
|-resisted|p1a: Incineroar
|-resisted|p1b: Torkoal
|-damage|p1a: Incineroar|44/100
|-damage|p1b: Torkoal|8/100
|-unboost|p2b: Gholdengo|spa|1
|move|p1b: Torkoal|Overheat|p2b: Gholdengo
|-supereffective|p2b: Gholdengo
|-damage|p2b: Gholdengo|0 fnt
|-unboost|p1b: Torkoal|spa|2
|faint|p2b: Gholdengo
|
|-weather|SunnyDay|[upkeep]
|-sideend|p2: Angelhuberpokr|move: Tailwind
|upkeep
|
|t:|1756657050
|switch|p2b: Incineroar|Incineroar, L50, F|48/100
|-ability|p2b: Incineroar|Intimidate|boost
|-unboost|p1a: Incineroar|atk|1
|-unboost|p1b: Torkoal|atk|1
|turn|5
|
|t:|1756657065
|switch|p1b: Porygon2|Porygon2, L50|88/100
|-ability|p1b: Porygon2|Download|boost
|-boost|p1b: Porygon2|spa|1
|move|p1a: Incineroar|Parting Shot|p2b: Incineroar
|-unboost|p2b: Incineroar|atk|1
|-unboost|p2b: Incineroar|spa|1
|
|t:|1756657079
|switch|p1a: Charizard|Charizard, L50, M, tera:Ghost|4/100|[from] Parting Shot
|move|p2a: Corviknight|Body Press|p1b: Porygon2
|-supereffective|p1b: Porygon2
|-damage|p1b: Porygon2|43/100
|move|p2b: Incineroar|Throat Chop|p1a: Charizard
|-supereffective|p1a: Charizard
|-damage|p1a: Charizard|0 fnt
|faint|p1a: Charizard
|
|-weather|none
|upkeep
|
|t:|1756657090
|switch|p1a: Incineroar|Incineroar, L50, M|44/100
|-ability|p1a: Incineroar|Intimidate|boost
|-ability|p2a: Corviknight|Mirror Armor
|-unboost|p1a: Incineroar|atk|1
|-unboost|p2b: Incineroar|atk|1
|turn|6
|
|t:|1756657109
|move|p1a: Incineroar|Flare Blitz|p2a: Corviknight
|-supereffective|p2a: Corviknight
|-damage|p2a: Corviknight|49/100
|-status|p2a: Corviknight|brn
|-damage|p1a: Incineroar|27/100|[from] item: Rocky Helmet|[of] p2a: Corviknight
|-damage|p1a: Incineroar|11/100|[from] Recoil
|move|p2a: Corviknight|Taunt|p1b: Porygon2
|-start|p1b: Porygon2|move: Taunt
|move|p2b: Incineroar|Throat Chop|p1b: Porygon2
|-damage|p1b: Porygon2|27/100
|-start|p1b: Porygon2|Throat Chop|[silent]
|cant|p1b: Porygon2|move: Taunt|Trick Room
|
|-damage|p2a: Corviknight|43/100 brn|[from] brn
|upkeep
|turn|7
|
|t:|1756657129
|move|p1a: Incineroar|Parting Shot|p2b: Incineroar
|-unboost|p2b: Incineroar|atk|1
|-unboost|p2b: Incineroar|spa|1
|
|t:|1756657132
|switch|p1a: Torkoal|Torkoal, L50, M|8/100|[from] Parting Shot
|-weather|SunnyDay|[from] ability: Drought|[of] p1a: Torkoal
|move|p2a: Corviknight|Roost|p2a: Corviknight
|-heal|p2a: Corviknight|93/100 brn
|-singleturn|p2a: Corviknight|move: Roost
|move|p1b: Porygon2|Tera Blast|p2b: Incineroar
|-damage|p2b: Incineroar|16/100
|move|p2b: Incineroar|Throat Chop|p1a: Torkoal
|-damage|p1a: Torkoal|0 fnt
|faint|p1a: Torkoal
|
|-weather|SunnyDay|[upkeep]
|-damage|p2a: Corviknight|87/100 brn|[from] brn
|-end|p1b: Porygon2|Throat Chop|[silent]
|upkeep
|
|t:|1756657147
|switch|p1a: Incineroar|Incineroar, L50, M|11/100
|-ability|p1a: Incineroar|Intimidate|boost
|-ability|p2a: Corviknight|Mirror Armor
|-unboost|p1a: Incineroar|atk|1
|-unboost|p2b: Incineroar|atk|1
|turn|8
|
|t:|1756657161
|move|p1a: Incineroar|Fake Out|p2a: Corviknight
|-resisted|p2a: Corviknight
|-damage|p2a: Corviknight|85/100 brn
|-damage|p1a: Incineroar|0 fnt|[from] item: Rocky Helmet|[of] p2a: Corviknight
|faint|p1a: Incineroar
|cant|p2a: Corviknight|flinch
|move|p1b: Porygon2|Tera Blast|p2b: Incineroar
|-damage|p2b: Incineroar|0 fnt
|faint|p2b: Incineroar
|
|-weather|SunnyDay|[upkeep]
|-damage|p2a: Corviknight|79/100 brn|[from] brn
|-end|p1b: Porygon2|move: Taunt
|upkeep
|turn|9
|
|t:|1756657175
|move|p2a: Corviknight|Body Press|p1b: Porygon2
|-supereffective|p1b: Porygon2
|-damage|p1b: Porygon2|3/100
|move|p1b: Porygon2|Recover|p1b: Porygon2
|-heal|p1b: Porygon2|53/100
|
|-weather|SunnyDay|[upkeep]
|-damage|p2a: Corviknight|73/100 brn|[from] brn
|upkeep
|turn|10
|
|t:|1756657183
|move|p2a: Corviknight|Bulk Up|p2a: Corviknight
|-boost|p2a: Corviknight|atk|1
|-boost|p2a: Corviknight|def|1
|move|p1b: Porygon2|Recover|p1b: Porygon2
|-heal|p1b: Porygon2|100/100
|
|-weather|SunnyDay|[upkeep]
|-damage|p2a: Corviknight|67/100 brn|[from] brn
|upkeep
|turn|11
|
|t:|1756657191
|move|p2a: Corviknight|Bulk Up|p2a: Corviknight
|-boost|p2a: Corviknight|atk|1
|-boost|p2a: Corviknight|def|1
|move|p1b: Porygon2|Ice Beam|p2a: Corviknight
|-damage|p2a: Corviknight|26/100 brn
|
|-weather|none
|-damage|p2a: Corviknight|20/100 brn|[from] brn
|upkeep
|turn|12
|
|t:|1756657199
|move|p2a: Corviknight|Roost|p2a: Corviknight
|-heal|p2a: Corviknight|71/100 brn
|-singleturn|p2a: Corviknight|move: Roost
|move|p1b: Porygon2|Ice Beam|p2a: Corviknight
|-resisted|p2a: Corviknight
|-damage|p2a: Corviknight|53/100 brn
|
|-damage|p2a: Corviknight|47/100 brn|[from] brn
|upkeep
|turn|13
|
|t:|1756657210
|move|p2a: Corviknight|Roost|p2a: Corviknight
|-heal|p2a: Corviknight|97/100 brn
|-singleturn|p2a: Corviknight|move: Roost
|move|p1b: Porygon2|Ice Beam|p2a: Corviknight
|-resisted|p2a: Corviknight
|-damage|p2a: Corviknight|76/100 brn
|
|-damage|p2a: Corviknight|70/100 brn|[from] brn
|upkeep
|turn|14
|
|t:|1756657219
|move|p2a: Corviknight|Body Press|p1b: Porygon2
|-supereffective|p1b: Porygon2
|-damage|p1b: Porygon2|54/100
|move|p1b: Porygon2|Ice Beam|p2a: Corviknight
|-damage|p2a: Corviknight|31/100 brn
|
|-damage|p2a: Corviknight|25/100 brn|[from] brn
|upkeep
|turn|15
|
|t:|1756657227
|move|p2a: Corviknight|Roost|p2a: Corviknight
|-heal|p2a: Corviknight|76/100 brn
|-singleturn|p2a: Corviknight|move: Roost
|move|p1b: Porygon2|Ice Beam|p2a: Corviknight
|-resisted|p2a: Corviknight
|-damage|p2a: Corviknight|58/100 brn
|
|-damage|p2a: Corviknight|52/100 brn|[from] brn
|upkeep
|turn|16
|
|t:|1756657238
|move|p2a: Corviknight|Bulk Up|p2a: Corviknight
|-boost|p2a: Corviknight|atk|1
|-boost|p2a: Corviknight|def|1
|move|p1b: Porygon2|Recover|p1b: Porygon2
|-heal|p1b: Porygon2|100/100
|
|-damage|p2a: Corviknight|46/100 brn|[from] brn
|upkeep
|turn|17
|
|t:|1756657249
|move|p2a: Corviknight|Roost|p2a: Corviknight
|-heal|p2a: Corviknight|96/100 brn
|-singleturn|p2a: Corviknight|move: Roost
|move|p1b: Porygon2|Trick Room|p1b: Porygon2
|-fieldstart|move: Trick Room|[of] p1b: Porygon2
|
|-damage|p2a: Corviknight|90/100 brn|[from] brn
|upkeep
|turn|18
|
|t:|1756657259
|move|p1b: Porygon2|Ice Beam|p2a: Corviknight
|-damage|p2a: Corviknight|50/100 brn
|move|p2a: Corviknight|Body Press|p1b: Porygon2
|-supereffective|p1b: Porygon2
|-damage|p1b: Porygon2|44/100
|
|-damage|p2a: Corviknight|44/100 brn|[from] brn
|upkeep
|turn|19
|
|t:|1756657266
|move|p1b: Porygon2|Ice Beam|p2a: Corviknight
|-damage|p2a: Corviknight|8/100 brn
|move|p2a: Corviknight|Roost|p2a: Corviknight
|-heal|p2a: Corviknight|59/100 brn
|-singleturn|p2a: Corviknight|move: Roost
|
|-damage|p2a: Corviknight|53/100 brn|[from] brn
|upkeep
|turn|20
|
|t:|1756657282
|move|p1b: Porygon2|Recover|p1b: Porygon2
|-heal|p1b: Porygon2|94/100
|move|p2a: Corviknight|Bulk Up|p2a: Corviknight
|-boost|p2a: Corviknight|atk|1
|-boost|p2a: Corviknight|def|1
|
|-damage|p2a: Corviknight|47/100 brn|[from] brn
|upkeep
|turn|21
|
|t:|1756657291
|move|p1b: Porygon2|Ice Beam|p2a: Corviknight
|-damage|p2a: Corviknight|7/100 brn
|move|p2a: Corviknight|Body Press|p1b: Porygon2
|-supereffective|p1b: Porygon2
|-damage|p1b: Porygon2|19/100
|
|-damage|p2a: Corviknight|1/100 brn|[from] brn
|-fieldend|move: Trick Room
|upkeep
|turn|22
|
|t:|1756657302
|move|p2a: Corviknight|Body Press|p1b: Porygon2
|-supereffective|p1b: Porygon2
|-damage|p1b: Porygon2|0 fnt
|faint|p1b: Porygon2
|
|win|Angelhuberpokr
