|j|☆dsasdasdasdas
|j|☆lildueldisk
|html|dsasdasdasdaslildueldisk    
|uhtml|bestof|Game 1 of a best-of-3
|t:|1756743232
|gametype|doubles
|player|p1|dsasdasdasdas|steven|1000
|player|p2|lildueldisk|boarder|1076
|gen|9
|tier|[Gen 9] VGC 2025 Reg H (Bo3)
|rated|
|rule|Species Clause: Limit one of each Pokémon
|rule|Item Clause: Limit 1 of each item
|clearpoke
|poke|p1|Archaludon, L50, F|
|poke|p1|Kingdra, L50, F|
|poke|p1|Politoed, L50, M|
|poke|p1|Incineroar, L50, F|
|poke|p1|Gothitelle, L50, F|
|poke|p1|Amoonguss, L50, F|
|poke|p2|Dragonite, L50, M|
|poke|p2|Garchomp, L50, M|
|poke|p2|Ninetales-Alola, L50, M|
|poke|p2|Incineroar, L50, F|
|poke|p2|Kingambit, L50, M|
|poke|p2|Amoonguss, L50, F|
|teampreview|4
|showteam|p1|Archaludon||PowerHerb|Sturdy|Protect,ElectroShot,FlashCannon,DragonPulse|||F|||50|,,,,,Electric]Kingdra||LifeOrb|SwiftSwim|Protect,DracoMeteor,WeatherBall,MuddyWater|||F|||50|,,,,,Stellar]Politoed||Leftovers|Drizzle|Protect,WeatherBall,PerishSong,Encore|||M|||50|,,,,,Grass]Incineroar||SafetyGoggles|Intimidate|FakeOut,KnockOff,PartingShot,Protect|||F|||50|,,,,,Ghost]Gothitelle||SitrusBerry|ShadowTag|Protect,Psychic,FakeOut,TrickRoom|||F|||50|,,,,,Dark]Amoonguss||EjectButton|Regenerator|Protect,RagePowder,Spore,PollenPuff|||F|||50|,,,,,Fairy
|showteam|p2|Dragonite||LumBerry|InnerFocus|TeraBlast,ExtremeSpeed,LowKick,Protect|||M|||50|,,,,,Flying]Garchomp||LifeOrb|SandVeil|DragonClaw,Earthquake,StompingTantrum,Protect|||M|||50|,,,,,Steel]Ninetales-Alola||FocusSash|SnowWarning|Blizzard,FreezeDry,Encore,Protect|||M|||50|,,,,,Ice]Incineroar||SafetyGoggles|Intimidate|FlareBlitz,KnockOff,PartingShot,FakeOut|||F|||50|,,,,,Ghost]Kingambit||AssaultVest|Defiant|KowtowCleave,SuckerPunch,IronHead,LowKick|||M|||50|,,,,,Dark]Amoonguss||SitrusBerry|Regenerator|Spore,RagePowder,PollenPuff,ClearSmog|||F|||50|,,,,,Water
|inactive|Battle timer is ON: inactive players will automatically lose when time's up. (requested by lildueldisk)
|
|t:|1756743303
|teamsize|p1|4
|teamsize|p2|4
|start
|switch|p1a: Kingdra|Kingdra, L50, F|100/100
|switch|p1b: Politoed|Politoed, L50, M|100/100
|switch|p2a: Dragonite|Dragonite, L50, M|100/100
|switch|p2b: Garchomp|Garchomp, L50, M|100/100
|-weather|RainDance|[from] ability: Drizzle|[of] p1b: Politoed
|turn|1
|inactive|dsasdasdasdas has 30 seconds left.
|inactive|lildueldisk has 30 seconds left.
|inactive|lildueldisk has 20 seconds left.
|
|t:|1756743338
|switch|p1b: Incineroar|Incineroar, L50, F, shiny|100/100
|-ability|p1b: Incineroar|Intimidate|boost
|-fail|p2a: Dragonite|unboost|Attack|[from] ability: Inner Focus|[of] p2a: Dragonite
|-unboost|p2b: Garchomp|atk|1
|-terastallize|p1a: Kingdra|Stellar
|-terastallize|p2a: Dragonite|Flying
|move|p2b: Garchomp|Protect|p2b: Garchomp
|-singleturn|p2b: Garchomp|Protect
|move|p1a: Kingdra|Weather Ball|p2b: Garchomp
|-activate|p2b: Garchomp|move: Protect
|move|p2a: Dragonite|Tera Blast|p1a: Kingdra|[anim] Tera Blast Flying
|-damage|p1a: Kingdra|20/100
|
|-weather|RainDance|[upkeep]
|upkeep
|turn|2
|inactive|dsasdasdasdas has 30 seconds left.
|inactive|dsasdasdasdas has 20 seconds left.
|
|t:|1756743375
|switch|p2b: Amoonguss|Amoonguss, L50, F|100/100
|move|p2a: Dragonite|Extreme Speed|p1a: Kingdra
|-damage|p1a: Kingdra|0 fnt
|faint|p1a: Kingdra
|move|p1b: Incineroar|Parting Shot|p2a: Dragonite
|-unboost|p2a: Dragonite|atk|1
|-unboost|p2a: Dragonite|spa|1
|
|t:|1756743382
|switch|p1b: Gothitelle|Gothitelle, L50, F|100/100|[from] Parting Shot
|
|-weather|RainDance|[upkeep]
|upkeep
|
|t:|1756743385
|switch|p1a: Politoed|Politoed, L50, M|100/100
|turn|3
|
|t:|1756743407
|move|p1b: Gothitelle|Fake Out|p2b: Amoonguss
|-damage|p2b: Amoonguss|96/100
|move|p2a: Dragonite|Tera Blast|p1b: Gothitelle|[anim] Tera Blast Flying
|-damage|p1b: Gothitelle|60/100
|move|p1a: Politoed|Perish Song|p1a: Politoed
|-start|p1a: Politoed|perish3|[silent]
|-start|p1b: Gothitelle|perish3|[silent]
|-start|p2a: Dragonite|perish3|[silent]
|-start|p2b: Amoonguss|perish3|[silent]
|-fieldactivate|move: Perish Song
|cant|p2b: Amoonguss|flinch
|
|-weather|RainDance|[upkeep]
|-start|p2a: Dragonite|perish3
|-start|p1a: Politoed|perish3
|-start|p1b: Gothitelle|perish3
|-start|p2b: Amoonguss|perish3
|upkeep
|turn|4
|
|t:|1756743429
|switch|p1b: Incineroar|Incineroar, L50, F, shiny|100/100
|-ability|p1b: Incineroar|Intimidate|boost
|-fail|p2a: Dragonite|unboost|Attack|[from] ability: Inner Focus|[of] p2a: Dragonite
|-unboost|p2b: Amoonguss|atk|1
|move|p1a: Politoed|Protect|p1a: Politoed
|-singleturn|p1a: Politoed|Protect
|move|p2a: Dragonite|Tera Blast|p1b: Incineroar|[anim] Tera Blast Flying
|-damage|p1b: Incineroar|61/100
|move|p2b: Amoonguss|Spore|p1b: Incineroar
|-activate|p1b: Incineroar|item: Safety Goggles|Spore
|
|-weather|RainDance|[upkeep]
|-start|p2a: Dragonite|perish2
|-start|p1a: Politoed|perish2
|-start|p2b: Amoonguss|perish2
|upkeep
|turn|5
|-message|dsasdasdasdas forfeited.
|
|win|lildueldisk
