|j|☆swooshcel
|j|☆Van (Dream)
|html|swooshcelVan (Dream)    
|uhtml|bestof|Game 1 of a best-of-3
|t:|1785990358
|gametype|doubles
|player|p1|swooshcel|1|
|player|p2|Van (Dream)|li|
|gen|9
|tier|[Gen 9 Champions] VGC 2026 Reg M-B (Bo3)
|rule|Species Clause: Limit one of each Pokémon
|rule|Item Clause: Limit 1 of each item
|clearpoke
|poke|p1|Sinistcha-Masterpiece, L50|
|poke|p1|Basculegion, L50, M|
|poke|p1|Corviknight, L50, F|
|poke|p1|Glimmora, L50, F|
|poke|p1|Aurorus, L50, M|
|poke|p1|Froslass, L50, F|
|poke|p2|Politoed, L50, M|
|poke|p2|Swampert, L50, M|
|poke|p2|Archaludon, L50, M|
|poke|p2|Gholdengo, L50|
|poke|p2|Scrafty, L50, M|
|poke|p2|Garganacl, L50, M|
|teampreview|4
|showteam|p1|Sinistcha-Masterpiece||SitrusBerry|Hospitality|MatchaGotcha,CalmMind,ShadowBall,RagePowder|Calm|||||50|]Basculegion||LifeOrb|SwiftSwim|PsychicFangs,WaveCrash,LastRespects,FlipTurn|Jolly||M|||50|]Corviknight||FocusSash|Pressure|BraveBird,BodyPress,Tailwind,IronDefense|Impish||F|||50|]Glimmora||Glimmoranite|ToxicDebris|PowerGem,Protect,SludgeWave,MudShot|Modest||F|||50|]Aurorus||LightClay|SnowWarning|AuroraVeil,Blizzard,FlashCannon,Earthquake|Brave||M|||50|]Froslass||Froslassite|SnowCloak|Blizzard,Protect,NastyPlot,ShadowBall|Modest||F|||50|
|showteam|p2|Politoed||WacanBerry|Drizzle|WeatherBall,IcyWind,HelpingHand,Protect|Bold||M|||50|]Swampert||Swampertite|Damp|Waterfall,Earthquake,IcePunch,Protect|Adamant||M|||50|]Archaludon||SitrusBerry|Stamina|ElectroShot,FlashCannon,DragonPulse,Protect|Modest||M|||50|]Gholdengo||LifeOrb|GoodasGold|MakeItRain,ShadowBall,Thunderbolt,Protect|Modest|||||50|]Scrafty||MentalHerb|Intimidate|FakeOut,CloseCombat,KnockOff,Taunt|Careful||M|||50|]Garganacl||Leftovers|PurifyingSalt|SaltCure,Recover,WideGuard,Protect|Careful||M|||50|
|
|t:|1785990453
|teamsize|p1|4
|teamsize|p2|4
|start
|switch|p1a: tailwind slave|Corviknight, L50, F|100/100
|switch|p1b: jarona|Sinistcha-Masterpiece, L50|100/100
|switch|p2a: Scrafty|Scrafty, L50, M|100/100
|switch|p2b: Archaludon|Archaludon, L50, M|100/100
|-ability|p1a: tailwind slave|Pressure
|-ability|p2a: Scrafty|Intimidate|boost
|-unboost|p1a: tailwind slave|atk|1
|-unboost|p1b: jarona|atk|1
|turn|1
|
|t:|1785990493
|move|p2a: Scrafty|Fake Out|p1a: tailwind slave
|-resisted|p1a: tailwind slave|1
|-damage|p1a: tailwind slave|96/100
|move|p2b: Archaludon|Flash Cannon|p1b: jarona
|-damage|p1b: jarona|53/100
|move|p1b: jarona|Calm Mind|p1b: jarona
|-boost|p1b: jarona|spa|1
|-boost|p1b: jarona|spd|1
|cant|p1a: tailwind slave|flinch
|
|upkeep
|turn|2
|
|t:|1785990509
|move|p2b: Archaludon|Protect|p2b: Archaludon
|-singleturn|p2b: Archaludon|Protect
|move|p1b: jarona|Matcha Gotcha|p2a: Scrafty|[spread] p2a
|-activate|p2b: Archaludon|move: Protect
|-damage|p2a: Scrafty|66/100
|-heal|p1b: jarona|69/100|[from] drain|[of] p2a: Scrafty
|-status|p2a: Scrafty|brn
|move|p1a: tailwind slave|Iron Defense|p1a: tailwind slave
|-boost|p1a: tailwind slave|def|2
|move|p2a: Scrafty|Knock Off|p1b: jarona
|-supereffective|p1b: jarona|1
|-damage|p1b: jarona|39/100
|-enditem|p1b: jarona|Sitrus Berry|[from] move: Knock Off|[of] p2a: Scrafty
|
|-damage|p2a: Scrafty|60/100 brn|[from] brn
|upkeep
|turn|3
|
|t:|1785990539
|move|p2b: Archaludon|Electro Shot||[still]
|-prepare|p2b: Archaludon|Electro Shot
|-boost|p2b: Archaludon|spa|1
|move|p1b: jarona|Matcha Gotcha|p2a: Scrafty|[spread] p2a,p2b
|-resisted|p2b: Archaludon|2
|-damage|p2a: Scrafty|30/100 brn
|-heal|p1b: jarona|53/100|[from] drain|[of] p2a: Scrafty
|-damage|p2b: Archaludon|88/100
|-heal|p1b: jarona|59/100|[from] drain|[of] p2b: Archaludon
|-ability|p2b: Archaludon|Stamina|boost
|-boost|p2b: Archaludon|def|1
|move|p1a: tailwind slave|Body Press|p2b: Archaludon
|-supereffective|p2b: Archaludon|1
|-damage|p2b: Archaludon|33/100
|-ability|p2b: Archaludon|Stamina|boost
|-boost|p2b: Archaludon|def|1
|-enditem|p2b: Archaludon|Sitrus Berry|[eat]
|-heal|p2b: Archaludon|57/100|[from] item: Sitrus Berry
|move|p2a: Scrafty|Knock Off|p1b: jarona
|-supereffective|p1b: jarona|1
|-damage|p1b: jarona|37/100
|
|-damage|p2a: Scrafty|24/100 brn|[from] brn
|upkeep
|turn|4
|
|t:|1785990564
|move|p2b: Archaludon|Electro Shot|p1a: tailwind slave|[from] lockedmove
|-supereffective|p1a: tailwind slave|1
|-damage|p1a: tailwind slave|0 fnt
|faint|p1a: tailwind slave
|move|p1b: jarona|Calm Mind|p1b: jarona
|-boost|p1b: jarona|spa|1
|-boost|p1b: jarona|spd|1
|move|p2a: Scrafty|Taunt|p1b: jarona
|-start|p1b: jarona|move: Taunt
|
|-damage|p2a: Scrafty|18/100 brn|[from] brn
|upkeep
|
|t:|1785990576
|switch|p1a: aurora veil slave|Aurorus, L50, M|100/100
|-weather|Snowscape|[from] ability: Snow Warning|[of] p1a: aurora veil slave
|turn|5
|
|t:|1785990592
|move|p2b: Archaludon|Flash Cannon|p1a: aurora veil slave
|-supereffective|p1a: aurora veil slave|2
|-damage|p1a: aurora veil slave|0 fnt
|faint|p1a: aurora veil slave
|move|p1b: jarona|Matcha Gotcha|p2b: Archaludon|[spread] p2a,p2b
|-resisted|p2b: Archaludon|2
|-damage|p2a: Scrafty|0 fnt
|-heal|p1b: jarona|46/100|[from] drain|[of] p2a: Scrafty
|-damage|p2b: Archaludon|43/100
|-heal|p1b: jarona|53/100|[from] drain|[of] p2b: Archaludon
|-status|p2b: Archaludon|brn
|-ability|p2b: Archaludon|Stamina|boost
|-boost|p2b: Archaludon|def|1
|faint|p2a: Scrafty
|
|-weather|Snowscape|[upkeep]
|-damage|p2b: Archaludon|37/100 brn|[from] brn
|upkeep
|
|t:|1785990627
|switch|p2a: Swampert|Swampert, L50, M|100/100
|switch|p1a: rime shank|Froslass, L50, F|100/100
|turn|6
|
|t:|1785990668
|detailschange|p1a: rime shank|Froslass-Mega, L50, F
|-mega|p1a: rime shank|Froslass|Froslassite
|detailschange|p2a: Swampert|Swampert-Mega, L50, M
|-mega|p2a: Swampert|Swampert|Swampertite
|move|p1a: rime shank|Blizzard|p2b: Archaludon|[spread] p2a,p2b
|-damage|p2a: Swampert|55/100
|-damage|p2b: Archaludon|0 fnt
|faint|p2b: Archaludon
|move|p2a: Swampert|Waterfall|p1a: rime shank
|-damage|p1a: rime shank|46/100
|move|p1b: jarona|Matcha Gotcha|p2a: Swampert
|-supereffective|p2a: Swampert|2
|-damage|p2a: Swampert|0 fnt
|-heal|p1b: jarona|83/100|[from] drain|[of] p2a: Swampert
|faint|p2a: Swampert
|
|-weather|Snowscape|[upkeep]
|upkeep
|
|t:|1785990680
|switch|p2b: Garganacl|Garganacl, L50, M|100/100
|turn|7
|
|t:|1785990686
|move|p1a: rime shank|Blizzard|p2b: Garganacl
|-damage|p2b: Garganacl|47/100
|move|p1b: jarona|Matcha Gotcha|p2b: Garganacl|[miss]
|-miss|p1b: jarona|p2b: Garganacl
|move|p2b: Garganacl|Salt Cure|p1a: rime shank
|-supereffective|p1a: rime shank|1
|-damage|p1a: rime shank|12/100
|-start|p1a: rime shank|Salt Cure
|
|-weather|Snowscape|[upkeep]
|-heal|p2b: Garganacl|53/100|[from] item: Leftovers
|-damage|p1a: rime shank|6/100|[from] Salt Cure
|-end|p1b: jarona|move: Taunt
|upkeep
|turn|8
|
|t:|1785990701
|move|p2b: Garganacl|Protect|p2b: Garganacl
|-singleturn|p2b: Garganacl|Protect
|move|p1a: rime shank|Blizzard|p2b: Garganacl
|-activate|p2b: Garganacl|move: Protect
|move|p1b: jarona|Matcha Gotcha|p2b: Garganacl
|-activate|p2b: Garganacl|move: Protect
|
|-weather|Snowscape|[upkeep]
|-heal|p2b: Garganacl|59/100|[from] item: Leftovers
|-damage|p1a: rime shank|1/100|[from] Salt Cure
|upkeep
|turn|9
|
|t:|1785990724
|move|p2b: Garganacl|Protect||[still]
|-fail|p2b: Garganacl
|move|p1a: rime shank|Blizzard|p2b: Garganacl
|-damage|p2b: Garganacl|7/100
|move|p1b: jarona|Matcha Gotcha|p2b: Garganacl
|-supereffective|p2b: Garganacl|1
|-damage|p2b: Garganacl|0 fnt
|-heal|p1b: jarona|87/100|[from] drain|[of] p2b: Garganacl
|faint|p2b: Garganacl
|
|win|swooshcel
||Van (Dream) is ready for game 2.
|inactive|swooshcel has 30 seconds to confirm battle start!
||swooshcel is ready for game 2.
|uhtml|next|Next: Game 2 of 3
