|j|☆master 792
|j|☆Mauricio0609!
|html|master 792Mauricio0609!    
|uhtml|bestof|Game 1 of a best-of-3
|t:|1784570679
|gametype|doubles
|player|p1|master 792|red|1214
|player|p2|Mauricio0609!|102|1091
|gen|9
|tier|[Gen 9 Champions] VGC 2026 Reg M-B (Bo3)
|rated|
|rule|Species Clause: Limit one of each Pokémon
|rule|Item Clause: Limit 1 of each item
|clearpoke
|poke|p1|Blastoise, L50, F|
|poke|p1|Delphox, L50, F|
|poke|p1|Incineroar, L50, F|
|poke|p1|Sneasler, L50, F|
|poke|p1|Sinistcha, L50, shiny|
|poke|p1|Maushold-Four, L50|
|poke|p2|Farigiraf, L50, M|
|poke|p2|Tyranitar, L50, F|
|poke|p2|Excadrill, L50, M|
|poke|p2|Raichu, L50, M|
|poke|p2|Milotic, L50, F|
|poke|p2|Ceruledge, L50, F|
|teampreview|4
|showteam|p1|Blastoise||Blastoisinite|RainDish|WaterSpout,DarkPulse,ShellSmash,Protect|Modest||F|||50|]Delphox||Delphoxite|Blaze|HeatWave,Psychic,NastyPlot,Protect|Timid||F|||50|]Incineroar||SitrusBerry|Intimidate|FakeOut,PartingShot,FlareBlitz,ThroatChop|Impish||F|||50|]Sneasler||FocusSash|PoisonTouch|FakeOut,DireClaw,CloseCombat,QuickGuard|Jolly||F|||50|]Sinistcha||OccaBerry|Hospitality|MatchaGotcha,LifeDew,RagePowder,Protect|Bold|||||50|]Maushold-Four||ChopleBerry|FriendGuard|FollowMe,SuperFang,Protect,Taunt|Impish|||||50|
|showteam|p2|Farigiraf||SitrusBerry|ArmorTail|Psychic,Roar,TrickRoom,HelpingHand|Modest||M|||50|]Tyranitar||Tyranitarite|SandStream|StoneEdge,Protect,KnockOff,LowKick|Adamant||F|||50|]Excadrill||FocusSash|SandRush|RockSlide,IronHead,Protect,HighHorsepower|Jolly||M|||50|]Raichu||RaichuniteY|LightningRod|GrassKnot,ZapCannon,FocusBlast,Protect|Timid||M|||50|]Milotic||Leftovers|Competitive|IcyWind,Protect,Haze,Scald|Bold||F|||50|]Ceruledge||ColburBerry|FlashFire|BitterBlade,BulkUp,ShadowSneak,Protect|Adamant||F|||50|
|c|☆master 792|es enserio
|inactive|Battle timer is ON: inactive players will automatically lose when time's up. (requested by Mauricio0609!)
|
|t:|1784570718
|teamsize|p1|4
|teamsize|p2|4
|start
|switch|p1a: Iaisy|Blastoise, L50, F|100/100
|switch|p1b: Disney|Maushold-Four, L50|100/100
|switch|p2a: Farigiraf|Farigiraf, L50, M|100/100
|switch|p2b: Ceruledge|Ceruledge, L50, F|100/100
|turn|1
|
|t:|1784570733
|detailschange|p1a: Iaisy|Blastoise-Mega, L50, F
|-mega|p1a: Iaisy|Blastoise|Blastoisinite
|move|p2b: Ceruledge|Protect|p2b: Ceruledge
|-singleturn|p2b: Ceruledge|Protect
|move|p1b: Disney|Taunt|p2a: Farigiraf
|-start|p2a: Farigiraf|move: Taunt
|move|p1a: Iaisy|Dark Pulse|p2b: Ceruledge
|-activate|p2b: Ceruledge|move: Protect
|cant|p2a: Farigiraf|move: Taunt|Roar
|
|upkeep
|turn|2
|
|t:|1784570746
|switch|p2b: Milotic|Milotic, L50, F|100/100
|move|p1b: Disney|Follow Me|p1b: Disney
|-singleturn|p1b: Disney|move: Follow Me
|move|p1a: Iaisy|Shell Smash|p1a: Iaisy
|-unboost|p1a: Iaisy|def|1
|-unboost|p1a: Iaisy|spd|1
|-boost|p1a: Iaisy|atk|2
|-boost|p1a: Iaisy|spa|2
|-boost|p1a: Iaisy|spe|2
|move|p2a: Farigiraf|Psychic|p1b: Disney
|-damage|p1b: Disney|48/100
|
|upkeep
|turn|3
|
|t:|1784570759
|move|p1b: Disney|Follow Me|p1b: Disney
|-singleturn|p1b: Disney|move: Follow Me
|move|p1a: Iaisy|Water Spout|p2a: Farigiraf|[spread] p2a,p2b
|-resisted|p2b: Milotic|1
|-damage|p2a: Farigiraf|0 fnt
|-damage|p2b: Milotic|58/100
|faint|p2a: Farigiraf
|move|p2b: Milotic|Haze|p2b: Milotic
|-clearallboost
|
|-heal|p2b: Milotic|64/100|[from] item: Leftovers
|upkeep
|
|t:|1784570764
|switch|p2a: Raichu|Raichu, L50, M|100/100
|turn|4
|
|t:|1784570777
|move|p2a: Raichu|Protect|p2a: Raichu
|-singleturn|p2a: Raichu|Protect
|move|p1a: Iaisy|Protect|p1a: Iaisy
|-singleturn|p1a: Iaisy|Protect
|move|p1b: Disney|Super Fang|p2a: Raichu
|-activate|p2a: Raichu|move: Protect
|move|p2b: Milotic|Scald|p1b: Disney
|-damage|p1b: Disney|11/100
|
|-heal|p2b: Milotic|70/100|[from] item: Leftovers
|upkeep
|turn|5
|
|t:|1784570801
|detailschange|p2a: Raichu|Raichu-Mega-Y, L50, M
|-mega|p2a: Raichu|Raichu|Raichunite Y
|move|p1b: Disney|Follow Me|p1b: Disney
|-singleturn|p1b: Disney|move: Follow Me
|move|p2a: Raichu|Zap Cannon|p1b: Disney
|-damage|p1b: Disney|0 fnt
|faint|p1b: Disney
|move|p1a: Iaisy|Shell Smash|p1a: Iaisy
|-unboost|p1a: Iaisy|def|1
|-unboost|p1a: Iaisy|spd|1
|-boost|p1a: Iaisy|atk|2
|-boost|p1a: Iaisy|spa|2
|-boost|p1a: Iaisy|spe|2
|move|p2b: Milotic|Scald|p1a: Iaisy
|-resisted|p1a: Iaisy|1
|-damage|p1a: Iaisy|78/100
|
|-heal|p2b: Milotic|76/100|[from] item: Leftovers
|upkeep
|
|t:|1784570807
|switch|p1b: Te Chai|Sinistcha, L50, shiny|100/100
|-heal|p1a: Iaisy|100/100|[from] ability: Hospitality|[of] p1b: Te Chai
|turn|6
|
|t:|1784570821
|move|p2a: Raichu|Protect|p2a: Raichu
|-singleturn|p2a: Raichu|Protect
|move|p1a: Iaisy|Dark Pulse|p2b: Milotic
|-damage|p2b: Milotic|14/100
|move|p2b: Milotic|Haze|p2b: Milotic
|-clearallboost
|move|p1b: Te Chai|Matcha Gotcha|p2a: Raichu|[spread] p2b
|-activate|p2a: Raichu|move: Protect
|-supereffective|p2b: Milotic|1
|-damage|p2b: Milotic|0 fnt
|faint|p2b: Milotic
|
|upkeep
|
|t:|1784570834
|switch|p2b: Ceruledge|Ceruledge, L50, F|100/100
|turn|7
|
|t:|1784570845
|move|p1b: Te Chai|Rage Powder|p1b: Te Chai
|-singleturn|p1b: Te Chai|move: Rage Powder
|move|p2a: Raichu|Zap Cannon|p1b: Te Chai
|-resisted|p1b: Te Chai|1
|-damage|p1b: Te Chai|61/100
|-status|p1b: Te Chai|par
|move|p2b: Ceruledge|Bitter Blade|p1b: Te Chai
|-supereffective|p1b: Te Chai|1
|-crit|p1b: Te Chai
|-enditem|p1b: Te Chai|Occa Berry|[eat]
|-enditem|p1b: Te Chai|Occa Berry|[weaken]
|-damage|p1b: Te Chai|3/100 par
|move|p1a: Iaisy|Water Spout|p2a: Raichu|[spread] p2a,p2b
|-supereffective|p2b: Ceruledge|1
|-damage|p2a: Raichu|0 fnt
|-damage|p2b: Ceruledge|0 fnt
|faint|p2a: Raichu
|faint|p2b: Ceruledge
|
|win|master 792
|inactive|master 792 has 30 seconds to confirm battle start!
|inactive|Mauricio0609! has 30 seconds to confirm battle start!
||Mauricio0609! is ready for game 2.
||master 792 is ready for game 2.
|uhtml|next|Next: Game 2 of 3
|l|☆Mauricio0609!
|player|p2|
