|j|☆Siperpaco
|j|☆viatles
|html|Siperpacoviatles    
|uhtml|bestof|Game 2 of a best-of-3
|t:|1756750548
|gametype|doubles
|player|p1|Siperpaco|266|1050
|player|p2|viatles|hiker|1098
|gen|9
|tier|[Gen 9] VGC 2025 Reg H (Bo3)
|rated|
|rule|Species Clause: Limit one of each Pokémon
|rule|Item Clause: Limit 1 of each item
|clearpoke
|poke|p1|Annihilape, L50, M|
|poke|p1|Grimmsnarl, L50, M|
|poke|p1|Arcanine, L50, M|
|poke|p1|Amoonguss, L50, M|
|poke|p1|Garchomp, L50, M|
|poke|p1|Malamar, L50, M|
|poke|p2|Oricorio-Sensu, L50, F|
|poke|p2|Volcarona, L50, M|
|poke|p2|Garchomp, L50, F|
|poke|p2|Scizor, L50, F|
|poke|p2|Mienshao, L50, M|
|poke|p2|Milotic, L50, M|
|teampreview|4
|showteam|p1|Annihilape||Leftovers|Defiant|RageFist,BulkUp,DrainPunch,Protect|||M|||50|,,,,,Water]Grimmsnarl||LightClay|Prankster|Reflect,LightScreen,SpiritBreak,Taunt|||M|||50|,,,,,Steel]Arcanine||SafetyGoggles|Intimidate|FlareBlitz,WillOWisp,Snarl,Protect|||M|||50|,,,,,Grass]Amoonguss||RockyHelmet|Regenerator|Spore,RagePowder,Protect,PollenPuff|||M|||50|,,,,,Water]Garchomp||ClearAmulet|RoughSkin|Earthquake,RockSlide,SwordsDance,Protect|||M|||50|,,,,,Ground]Malamar||SitrusBerry|Contrary|BatonPass,CalmMind,Lunge,Superpower|||M|||50|,,,,,Fighting
|showteam|p2|Oricorio-Sensu||FocusSash|Dancer|QuiverDance,BatonPass,RevelationDance,Protect|||F|||50|,,,,,Fighting]Volcarona||SitrusBerry|FlameBody|QuiverDance,GigaDrain,FieryDance,Protect|||M|||50|,,,,,Grass]Garchomp||ClearAmulet|RoughSkin|IronHead,DracoMeteor,RockSlide,Earthquake|||F|||50|,,,,,Steel]Scizor||AssaultVest|Technician|BulletPunch,BugBite,DualWingbeat,Thief|||F|||50|,,,,,Bug]Mienshao||SafetyGoggles|InnerFocus|FakeOut,CloseCombat,TripleAxel,WideGuard|||M|||50|,,,,,Fire]Milotic||Leftovers|Competitive|Scald,Protect,IcyWind,LifeDew|||M|||50|,,,,,Grass
|inactive|Battle timer is ON: inactive players will automatically lose when time's up. (requested by viatles)
|
|t:|1756750586
|teamsize|p1|4
|teamsize|p2|4
|start
|switch|p1a: Malamar|Malamar, L50, M|100/100
|switch|p1b: Annihilape|Annihilape, L50, M|100/100
|switch|p2a: Garchomp|Garchomp, L50, F|100/100
|switch|p2b: Mienshao|Mienshao, L50, M|100/100
|turn|1
|inactive|Siperpaco has 30 seconds left.
|inactive|viatles has 30 seconds left.
|
|t:|1756750617
|move|p2b: Mienshao|Close Combat|p1a: Malamar
|-damage|p1a: Malamar|19/100
|-unboost|p2b: Mienshao|def|1
|-unboost|p2b: Mienshao|spd|1
|-enditem|p1a: Malamar|Sitrus Berry|[eat]
|-heal|p1a: Malamar|43/100|[from] item: Sitrus Berry
|move|p2a: Garchomp|Draco Meteor|p1b: Annihilape
|-damage|p1b: Annihilape|77/100
|-unboost|p2a: Garchomp|spa|2
|move|p1a: Malamar|Superpower|p2a: Garchomp
|-damage|p2a: Garchomp|74/100
|-boost|p1a: Malamar|atk|1
|-boost|p1a: Malamar|def|1
|-damage|p1a: Malamar|31/100|[from] ability: Rough Skin|[of] p2a: Garchomp
|move|p1b: Annihilape|Drain Punch|p2a: Garchomp
|-damage|p2a: Garchomp|42/100
|-heal|p1b: Annihilape|90/100|[from] drain|[of] p2a: Garchomp
|-damage|p1b: Annihilape|78/100|[from] ability: Rough Skin|[of] p2a: Garchomp
|
|-heal|p1b: Annihilape|84/100|[from] item: Leftovers
|upkeep
|turn|2
|inactive|Siperpaco has 30 seconds left.
|inactive|viatles has 30 seconds left.
|
|t:|1756750649
|move|p1b: Annihilape|Protect|p1b: Annihilape
|-singleturn|p1b: Annihilape|Protect
|move|p2b: Mienshao|Close Combat|p1a: Malamar
|-damage|p1a: Malamar|0 fnt
|-unboost|p2b: Mienshao|def|1
|-unboost|p2b: Mienshao|spd|1
|faint|p1a: Malamar
|move|p2a: Garchomp|Rock Slide|p1b: Annihilape
|-activate|p1b: Annihilape|move: Protect
|
|-heal|p1b: Annihilape|90/100|[from] item: Leftovers
|upkeep
|
|t:|1756750656
|switch|p1a: Arcanine|Arcanine, L50, M|100/100
|-ability|p1a: Arcanine|Intimidate|boost
|-fail|p2a: Garchomp|unboost|[from] item: Clear Amulet|[of] p2a: Garchomp
|-fail|p2b: Mienshao|unboost|Attack|[from] ability: Inner Focus|[of] p2b: Mienshao
|turn|3
|
|t:|1756750679
|move|p2b: Mienshao|Close Combat|p1a: Arcanine
|-damage|p1a: Arcanine|54/100
|-unboost|p2b: Mienshao|def|1
|-unboost|p2b: Mienshao|spd|1
|move|p2a: Garchomp|Rock Slide|p1b: Annihilape|[spread] p1a,p1b
|-supereffective|p1a: Arcanine
|-resisted|p1b: Annihilape
|-damage|p1a: Arcanine|22/100
|-damage|p1b: Annihilape|79/100
|move|p1a: Arcanine|Flare Blitz|p2b: Mienshao
|-damage|p2b: Mienshao|0 fnt
|faint|p2b: Mienshao
|-damage|p1a: Arcanine|0 fnt|[from] Recoil
|faint|p1a: Arcanine
|cant|p1b: Annihilape|flinch
|
|-heal|p1b: Annihilape|85/100|[from] item: Leftovers
|upkeep
|
|t:|1756750704
|switch|p2b: Oricorio|Oricorio-Sensu, L50, F|100/100
|switch|p1a: Garchomp|Garchomp, L50, M|100/100
|turn|4
|inactive|Siperpaco has 30 seconds left.
|inactive|Siperpaco has 20 seconds left.
|inactive|Siperpaco has 15 seconds left.
|inactive|Siperpaco has 10 seconds left.
|inactive|Siperpaco has 5 seconds left.
|
|t:|1756750756
|-terastallize|p1a: Garchomp|Ground
|move|p1a: Garchomp|Rock Slide|p2b: Oricorio|[spread] p2a,p2b
|-resisted|p2a: Garchomp
|-supereffective|p2b: Oricorio
|-crit|p2b: Oricorio
|-damage|p2a: Garchomp|32/100
|-damage|p2b: Oricorio|1/100
|cant|p2b: Oricorio|flinch
|cant|p2a: Garchomp|flinch
|move|p1b: Annihilape|Drain Punch|p2a: Garchomp
|-crit|p2a: Garchomp
|-damage|p2a: Garchomp|0 fnt
|-heal|p1b: Annihilape|99/100|[from] drain|[of] p2a: Garchomp
|-damage|p1b: Annihilape|86/100|[from] ability: Rough Skin|[of] p2a: Garchomp
|faint|p2a: Garchomp
|
|-heal|p1b: Annihilape|92/100|[from] item: Leftovers
|upkeep
|
|t:|1756750772
|switch|p2a: Volcarona|Volcarona, L50, M|100/100
|turn|5
|
|t:|1756750781
|-terastallize|p2a: Volcarona|Grass
|move|p2b: Oricorio|Protect|p2b: Oricorio
|-singleturn|p2b: Oricorio|Protect
|move|p1a: Garchomp|Rock Slide|p2b: Oricorio|[spread] p2a
|-activate|p2b: Oricorio|move: Protect
|-damage|p2a: Volcarona|77/100
|move|p2a: Volcarona|Quiver Dance|p2a: Volcarona
|-boost|p2a: Volcarona|spa|1
|-boost|p2a: Volcarona|spd|1
|-boost|p2a: Volcarona|spe|1
|-activate|p2b: Oricorio|ability: Dancer
|move|p2b: Oricorio|Quiver Dance|p2b: Oricorio|[from] ability: Dancer
|-boost|p2b: Oricorio|spa|1
|-boost|p2b: Oricorio|spd|1
|-boost|p2b: Oricorio|spe|1
|move|p1b: Annihilape|Bulk Up|p1b: Annihilape
|-boost|p1b: Annihilape|atk|1
|-boost|p1b: Annihilape|def|1
|
|-heal|p1b: Annihilape|98/100|[from] item: Leftovers
|upkeep
|turn|6
|inactive|Siperpaco has 30 seconds left.
|inactive|viatles has 30 seconds left.
|
|t:|1756750811
|move|p1a: Garchomp|Protect|p1a: Garchomp
|-singleturn|p1a: Garchomp|Protect
|move|p2b: Oricorio|Revelation Dance|p1b: Annihilape
|-supereffective|p1b: Annihilape
|-damage|p1b: Annihilape|24/100
|move|p2a: Volcarona|Giga Drain|p1a: Garchomp
|-activate|p1a: Garchomp|move: Protect
|move|p1b: Annihilape|Rage Fist|p2a: Volcarona
|-damage|p2a: Volcarona|0 fnt
|faint|p2a: Volcarona
|
|-heal|p1b: Annihilape|30/100|[from] item: Leftovers
|upkeep
|turn|7
|inactive|Siperpaco has 30 seconds left.
|inactive|Siperpaco has 20 seconds left.
|
|t:|1756750848
|move|p2b: Oricorio|Revelation Dance|p1a: Garchomp
|-damage|p1a: Garchomp|36/100
|move|p1a: Garchomp|Rock Slide|p2b: Oricorio
|-supereffective|p2b: Oricorio
|-damage|p2b: Oricorio|0 fnt
|faint|p2b: Oricorio
|
|win|Siperpaco
