|j|☆void25o
|j|☆Daniw9
|html|void25oDaniw9    
|uhtml|bestof|Game 2 of a best-of-3
|t:|1754584652
|gametype|doubles
|player|p1|void25o|miku-ghost|1181
|player|p2|Daniw9|102|1236
|gen|9
|tier|[Gen 9] VGC 2025 Reg H (Bo3)
|rated|
|rule|Species Clause: Limit one of each Pokémon
|rule|Item Clause: Limit 1 of each item
|clearpoke
|poke|p1|Pelipper, L50, M|
|poke|p1|Archaludon, L50, M|
|poke|p1|Maushold-Four, L50|
|poke|p1|Kingdra, L50, M|
|poke|p1|Overqwil, L50, M|
|poke|p1|Indeedee, L50, M|
|poke|p2|Sneasler, L50, M|
|poke|p2|Indeedee, L50, M|
|poke|p2|Talonflame, L50, F|
|poke|p2|Ursaluna-Bloodmoon, L50, M|
|poke|p2|Amoonguss, L50, F|
|poke|p2|Primarina, L50, F|
|teampreview|4
|showteam|p1|Pelipper||FocusSash|Drizzle|WeatherBall,Hurricane,Tailwind,Protect|||M|||50|,,,,,Flying]Archaludon||AssaultVest|Stamina|DragonPulse,ElectroShot,FlashCannon,BodyPress|||M|||50|,,,,,Grass]Maushold-Four||WideLens|Technician|PopulationBomb,FollowMe,Taunt,Protect||||||50|,,,,,Ghost]Kingdra||LifeOrb|SwiftSwim|WeatherBall,DracoMeteor,MuddyWater,Protect|||M|||50|,,,,,Stellar]Overqwil||ClearAmulet|SwiftSwim|ThroatChop,GunkShot,Haze,Protect|||M|||50|,,,,,Fairy]Indeedee||ChoiceScarf|PsychicSurge|ExpandingForce,HelpingHand,DazzlingGleam,Encore|||M|||50|,,,,,Psychic
|showteam|p2|Sneasler||PsychicSeed|Unburden|DireClaw,CloseCombat,ThroatChop,Protect|||M|||50|,,,,,Dark]Indeedee||FocusSash|PsychicSurge|ExpandingForce,DazzlingGleam,Protect,TrickRoom|||M|||50|,,,,,Fairy]Talonflame||CovertCloak|GaleWings|Tailwind,DualWingbeat,FlareBlitz,WillOWisp|||F|||50|,,,,,Flying]Ursaluna-Bloodmoon||LifeOrb|MindsEye|HyperVoice,BloodMoon,Protect,EarthPower|||M|||50|,,,,,Normal]Amoonguss||RockyHelmet|Regenerator|Spore,PollenPuff,ClearSmog,RagePowder|||F|||50|,,,,,Water]Primarina||ThroatSpray|LiquidVoice|HyperVoice,Moonblast,Protect,IceBeam|||F|||50|,,,,,Poison
|
|t:|1754584666
|teamsize|p1|4
|teamsize|p2|4
|start
|switch|p1a: Overqwil|Overqwil, L50, M|100/100
|switch|p1b: Pelipper|Pelipper, L50, M, shiny|100/100
|switch|p2a: Talonflame|Talonflame, L50, F|100/100
|switch|p2b: Ursaluna|Ursaluna-Bloodmoon, L50, M|100/100
|-weather|RainDance|[from] ability: Drizzle|[of] p1b: Pelipper
|turn|1
|
|t:|1754584676
|-terastallize|p2b: Ursaluna|Normal
|move|p1a: Overqwil|Protect|p1a: Overqwil
|-singleturn|p1a: Overqwil|Protect
|move|p2a: Talonflame|Tailwind|p2a: Talonflame
|-sidestart|p2: Daniw9|move: Tailwind
|move|p2b: Ursaluna|Blood Moon|p1a: Overqwil
|-activate|p1a: Overqwil|move: Protect
|move|p1b: Pelipper|Tailwind|p1b: Pelipper
|-sidestart|p1: void25o|move: Tailwind
|
|-weather|RainDance|[upkeep]
|upkeep
|turn|2
|
|t:|1754584688
|move|p1a: Overqwil|Throat Chop|p2b: Ursaluna
|-damage|p2b: Ursaluna|69/100
|-start|p2b: Ursaluna|Throat Chop|[silent]
|move|p2a: Talonflame|Will-O-Wisp|p1a: Overqwil|[miss]
|-miss|p2a: Talonflame|p1a: Overqwil
|move|p1b: Pelipper|Weather Ball|p2a: Talonflame
|-supereffective|p2a: Talonflame
|-damage|p2a: Talonflame|0 fnt
|faint|p2a: Talonflame
|cant|p2b: Ursaluna|move: Throat Chop
|
|-weather|RainDance|[upkeep]
|upkeep
|
|t:|1754584693
|switch|p2a: Indeedee|Indeedee, L50, M|100/100
|-fieldstart|move: Psychic Terrain|[from] ability: Psychic Surge|[of] p2a: Indeedee
|turn|3
|
|t:|1754584704
|move|p1a: Overqwil|Throat Chop|p2a: Indeedee
|-supereffective|p2a: Indeedee
|-enditem|p2a: Indeedee|Focus Sash
|-damage|p2a: Indeedee|1/100
|-start|p2a: Indeedee|Throat Chop|[silent]
|move|p2a: Indeedee|Expanding Force|p1a: Overqwil|[spread] p1b
|-immune|p1a: Overqwil
|-damage|p1b: Pelipper|7/100
|move|p1b: Pelipper|Weather Ball|p2a: Indeedee
|-damage|p2a: Indeedee|0 fnt
|faint|p2a: Indeedee
|move|p2b: Ursaluna|Earth Power|p1a: Overqwil
|-supereffective|p1a: Overqwil
|-crit|p1a: Overqwil
|-damage|p1a: Overqwil|0 fnt
|faint|p1a: Overqwil
|-damage|p2b: Ursaluna|59/100|[from] item: Life Orb
|
|-weather|RainDance|[upkeep]
|-end|p2b: Ursaluna|Throat Chop|[silent]
|upkeep
|
|t:|1754584713
|switch|p1a: Kingdra|Kingdra, L50, M|100/100
|switch|p2a: Sneasler|Sneasler, L50, M|100/100
|-enditem|p2a: Sneasler|Psychic Seed
|-boost|p2a: Sneasler|spd|1|[from] item: Psychic Seed
|turn|4
|
|t:|1754584734
|switch|p1b: Archaludon|Archaludon, L50, M|100/100
|-terastallize|p1a: Kingdra|Stellar
|move|p2a: Sneasler|Protect|p2a: Sneasler
|-singleturn|p2a: Sneasler|Protect
|move|p2b: Ursaluna|Protect|p2b: Ursaluna
|-singleturn|p2b: Ursaluna|Protect
|move|p1a: Kingdra|Weather Ball|p2a: Sneasler
|-activate|p2a: Sneasler|move: Protect
|
|-weather|RainDance|[upkeep]
|-sideend|p2: Daniw9|move: Tailwind
|-sideend|p1: void25o|move: Tailwind
|upkeep
|turn|5
|
|t:|1754584754
|move|p2a: Sneasler|Dire Claw|p1a: Kingdra
|-damage|p1a: Kingdra|42/100
|-status|p1a: Kingdra|par
|move|p1a: Kingdra|Weather Ball|p2a: Sneasler
|-damage|p2a: Sneasler|0 fnt
|faint|p2a: Sneasler
|-damage|p1a: Kingdra|32/100 par|[from] item: Life Orb
|move|p1b: Archaludon|Electro Shot||[still]
|-prepare|p1b: Archaludon|Electro Shot
|-boost|p1b: Archaludon|spa|1
|-anim|p1b: Archaludon|Electro Shot|p2b: Ursaluna
|-damage|p2b: Ursaluna|0 fnt
|faint|p2b: Ursaluna
|
|win|void25o
|raw|void25o's rating: 1181 → 1210(+29 for winning)
|raw|Daniw9's rating: 1236 → 1207(-29 for losing)
|l|☆Daniw9
|player|p2|
