|j|☆broleevee
|j|☆pupusaeater
|html|broleeveepupusaeater    
|uhtml|bestof|Game 3 of a best-of-3
|t:|1756271680
|gametype|doubles
|player|p1|broleevee|striker|1120
|player|p2|pupusaeater|1|1107
|gen|9
|tier|[Gen 9] VGC 2025 Reg H (Bo3)
|rated|
|rule|Species Clause: Limit one of each Pokémon
|rule|Item Clause: Limit 1 of each item
|clearpoke
|poke|p1|Charizard, L50, F|
|poke|p1|Jumpluff, L50, M|
|poke|p1|Torkoal, L50, M|
|poke|p1|Ursaluna, L50, F|
|poke|p1|Incineroar, L50, F|
|poke|p1|Duskull, L50, F|
|poke|p2|Kingambit, L50, F|
|poke|p2|Sneasler, L50, M|
|poke|p2|Electabuzz, L50, F|
|poke|p2|Rillaboom, L50, F|
|poke|p2|Dragonite, L50, F|
|poke|p2|Volcarona, L50, F|
|teampreview|4
|showteam|p1|Charizard||ChoiceSpecs|SolarPower|HeatWave,Overheat,WeatherBall,DragonPulse|||F|||50|,,,,,Ghost]Jumpluff||CovertCloak|Chlorophyll|SleepPowder,Tailwind,RagePowder,SunnyDay|||M|||50|,,,,,Water]Torkoal||EjectPack|Drought|Overheat,Eruption,ClearSmog,Protect|||M|||50|,,,,,Fire]Ursaluna||FlameOrb|Guts|Facade,HeadlongRush,Earthquake,Protect|||F|||50|,,,,,Ghost]Incineroar||AssaultVest|Intimidate|FakeOut,FlareBlitz,KnockOff,Uturn|||F|||50|,,,,,Ghost]Duskull||Eviolite|Levitate|NightShade,TrickRoom,Haze,PainSplit|||F|||50|,,,,,Steel
|showteam|p2|Kingambit||BlackGlasses|Defiant|KowtowCleave,SuckerPunch,LowKick,Protect|||F|||50|,,,,,Water]Sneasler||FocusSash|PoisonTouch|CloseCombat,DireClaw,FakeOut,ThroatChop|||M|||50|,,,,,Ghost]Electabuzz||Eviolite|VitalSpirit|FollowMe,Protect,Electroweb,Taunt|||F|||50|,,,,,Ghost]Rillaboom||AssaultVest|GrassySurge|WoodHammer,GrassyGlide,HighHorsepower,FakeOut|||F|||50|,,,,,Fire]Dragonite||LoadedDice|Multiscale|ExtremeSpeed,Haze,ScaleShot,Tailwind|||F|||50|,,,,,Fairy]Volcarona||CovertCloak|FlameBody|HeatWave,QuiverDance,GigaDrain,Protect|||F|||50|,,,,,Grass
|inactive|Battle timer is ON: inactive players will automatically lose when time's up. (requested by pupusaeater)
|inactive|broleevee also wants the timer to be on.
|
|t:|1756271708
|teamsize|p1|4
|teamsize|p2|4
|start
|switch|p1a: Jumpluff|Jumpluff, L50, M|100/100
|switch|p1b: Torkoal|Torkoal, L50, M|100/100
|switch|p2a: Volcarona|Volcarona, L50, F|100/100
|switch|p2b: Dragonite|Dragonite, L50, F, shiny|100/100
|-weather|SunnyDay|[from] ability: Drought|[of] p1b: Torkoal
|turn|1
|inactive|pupusaeater has 30 seconds left.
|
|t:|1756271738
|move|p2b: Dragonite|Extreme Speed|p1a: Jumpluff
|-damage|p1a: Jumpluff|61/100
|move|p1a: Jumpluff|Sleep Powder|p2b: Dragonite
|-status|p2b: Dragonite|slp|[from] move: Sleep Powder
|move|p2a: Volcarona|Heat Wave|p1b: Torkoal|[spread] p1b
|-miss|p2a: Volcarona|p1a: Jumpluff
|-resisted|p1b: Torkoal
|-damage|p1b: Torkoal|67/100
|move|p1b: Torkoal|Overheat|p2a: Volcarona|[miss]
|-miss|p1b: Torkoal|p2a: Volcarona
|
|-weather|SunnyDay|[upkeep]
|upkeep
|turn|2
|inactive|broleevee has 30 seconds left.
|
|t:|1756271764
|-terastallize|p2a: Volcarona|Grass
|cant|p2b: Dragonite|slp
|move|p1a: Jumpluff|Tailwind|p1a: Jumpluff
|-sidestart|p1: broleevee|move: Tailwind
|move|p2a: Volcarona|Heat Wave|p1b: Torkoal|[spread] p1a
|-miss|p2a: Volcarona|p1b: Torkoal
|-supereffective|p1a: Jumpluff
|-damage|p1a: Jumpluff|0 fnt
|faint|p1a: Jumpluff
|move|p1b: Torkoal|Overheat|p2a: Volcarona
|-supereffective|p2a: Volcarona
|-damage|p2a: Volcarona|0 fnt
|-unboost|p1b: Torkoal|spa|2
|faint|p2a: Volcarona
|-enditem|p1b: Torkoal|Eject Pack
|
|t:|1756271774
|switch|p1b: Incineroar|Incineroar, L50, F|100/100
|-ability|p1b: Incineroar|Intimidate|boost
|-unboost|p2b: Dragonite|atk|1
|
|-weather|SunnyDay|[upkeep]
|upkeep
|
|t:|1756271783
|switch|p1a: Charizard|Charizard, L50, F|100/100
|switch|p2a: Sneasler|Sneasler, L50, M, shiny|100/100
|turn|3
|inactive|pupusaeater has 30 seconds left.
|
|t:|1756271808
|-terastallize|p1a: Charizard|Ghost
|move|p1b: Incineroar|Fake Out|p2a: Sneasler
|-damage|p2a: Sneasler|78/100
|move|p1a: Charizard|Heat Wave|p2a: Sneasler|[spread] p2a,p2b
|-resisted|p2b: Dragonite
|-damage|p2a: Sneasler|0 fnt
|-damage|p2b: Dragonite|75/100 slp
|faint|p2a: Sneasler
|cant|p2b: Dragonite|slp
|
|-weather|SunnyDay|[upkeep]
|-damage|p1a: Charizard|88/100|[from] ability: Solar Power|[of] p1a: Charizard
|upkeep
|
|t:|1756271819
|switch|p2a: Kingambit|Kingambit, L50, F|100/100
|turn|4
|
|t:|1756271837
|switch|p1a: Torkoal|Torkoal, L50, M|67/100
|move|p2a: Kingambit|Sucker Punch||[still]
|-fail|p2a: Kingambit
|move|p1b: Incineroar|U-turn|p2a: Kingambit
|-damage|p2a: Kingambit|85/100
|
|t:|1756271843
|switch|p1b: Charizard|Charizard, L50, F, tera:Ghost|88/100|[from] U-turn
|cant|p2b: Dragonite|slp
|
|-weather|SunnyDay|[upkeep]
|-damage|p1b: Charizard|76/100|[from] ability: Solar Power|[of] p1b: Charizard
|upkeep
|turn|5
|
|t:|1756271867
|move|p1b: Charizard|Heat Wave|p2a: Kingambit|[spread] p2a
|-miss|p1b: Charizard|p2b: Dragonite
|-supereffective|p2a: Kingambit
|-damage|p2a: Kingambit|0 fnt
|faint|p2a: Kingambit
|-curestatus|p2b: Dragonite|slp|[msg]
|move|p2b: Dragonite|Scale Shot|p1b: Charizard
|-damage|p1b: Charizard|63/100
|-damage|p1b: Charizard|50/100
|-damage|p1b: Charizard|34/100
|-damage|p1b: Charizard|20/100
|-hitcount|p1b: Charizard|4
|-unboost|p2b: Dragonite|def|1
|-boost|p2b: Dragonite|spe|1
|move|p1a: Torkoal|Overheat|p2b: Dragonite
|-resisted|p2b: Dragonite
|-crit|p2b: Dragonite
|-damage|p2b: Dragonite|16/100
|-unboost|p1a: Torkoal|spa|2
|
|-weather|none
|-sideend|p1: broleevee|move: Tailwind
|upkeep
|turn|6
|c|☆pupusaeater|gg
|
|t:|1756271889
|switch|p1a: Incineroar|Incineroar, L50, F|100/100
|-ability|p1a: Incineroar|Intimidate|boost
|-unboost|p2b: Dragonite|atk|1
|move|p1b: Charizard|Heat Wave|p2b: Dragonite
|-resisted|p2b: Dragonite
|-damage|p2b: Dragonite|0 fnt
|faint|p2b: Dragonite
|
|win|broleevee
|raw|broleevee's rating: 1120 → 1144(+24 for winning)
|raw|pupusaeater's rating: 1107 → 1083(-24 for losing)
|l|☆pupusaeater
|player|p2|
