|j|☆Savouryy
|j|☆YoungSwagon
|html|SavouryyYoungSwagon    
|uhtml|bestof|Game 1 of a best-of-3
|t:|1784678943
|gametype|doubles
|player|p1|Savouryy|1|1029
|player|p2|YoungSwagon|veteran|1021
|gen|9
|tier|[Gen 9 Champions] VGC 2026 Reg M-B (Bo3)
|rated|
|rule|Species Clause: Limit one of each Pokémon
|rule|Item Clause: Limit 1 of each item
|clearpoke
|poke|p1|Venusaur, L50, M|
|poke|p1|Charizard, L50, M|
|poke|p1|Grimmsnarl, L50, M|
|poke|p1|Archaludon, L50, F|
|poke|p1|Basculegion, L50, M|
|poke|p1|Pelipper, L50, F|
|poke|p2|Toxicroak, L50, M|
|poke|p2|Garchomp, L50, F|
|poke|p2|Scolipede, L50, F|
|poke|p2|Slowbro-Galar, L50, F|
|poke|p2|Dragalge, L50, F|
|poke|p2|Sneasler, L50, F|
|teampreview|4
|showteam|p1|Venusaur||FocusSash|Chlorophyll|SludgeBomb,EarthPower,SleepPowder,Protect|Modest||M|||50|]Charizard||CharizarditeY|Blaze|Protect,HeatWave,SolarBeam,WeatherBall|Modest||M|||50|]Grimmsnarl||LightClay|Prankster|SpiritBreak,LightScreen,Reflect,PartingShot|Sassy||M|||50|]Archaludon||Leftovers|Stamina|ElectroShot,DragonPulse,FlashCannon,Protect|Calm||F|||50|]Basculegion||ChoiceScarf|Adaptability|WaveCrash,LastRespects,AquaJet,FlipTurn|Jolly||M|||50|]Pelipper||SitrusBerry|Drizzle|Hurricane,WeatherBall,Tailwind,WideGuard|Modest||F|||50|
|showteam|p2|Toxicroak||PoisonBarb|PoisonTouch|BrickBreak,BulletPunch,PoisonJab,FakeOut|Jolly||M|||50|]Garchomp||ChoiceScarf|RoughSkin|Earthquake,DragonTail,FireFang,DragonClaw|Jolly||F|||50|]Scolipede||Scolipite|SpeedBoost|Protect,SwordsDance,GunkShot,XScissor|Adamant||F|||50|]Slowbro-Galar|||QuickDraw|ShellSideArm,Psyshock,ChillingWater,Protect|Modest||F|||50|]Dragalge||Dragalgite|Adaptability|Haze,SludgeWave,DracoMeteor,Protect|Calm||F|||50|]Sneasler||WhiteHerb|Unburden|CloseCombat,FakeOut,DireClaw,Acrobatics|Adamant||F|||50|
|inactive|Battle timer is ON: inactive players will automatically lose when time's up. (requested by YoungSwagon)
|
|t:|1784678970
|teamsize|p1|4
|teamsize|p2|4
|start
|switch|p1a: Charizard|Charizard, L50, M|100/100
|switch|p1b: Venusaur|Venusaur, L50, M|100/100
|switch|p2a: Toxicroak|Toxicroak, L50, M|100/100
|switch|p2b: Scolipede|Scolipede, L50, F|100/100
|turn|1
|inactive|Savouryy has 30 seconds left.
|
|t:|1784678997
|detailschange|p1a: Charizard|Charizard-Mega-Y, L50, M
|-mega|p1a: Charizard|Charizard|Charizardite Y
|-weather|SunnyDay|[from] ability: Drought|[of] p1a: Charizard
|move|p2a: Toxicroak|Fake Out|p1a: Charizard
|-damage|p1a: Charizard|85/100
|-status|p1a: Charizard|psn|[from] ability: Poison Touch|[of] p2a: Toxicroak
|move|p1b: Venusaur|Earth Power|p2a: Toxicroak
|-supereffective|p2a: Toxicroak|1
|-damage|p2a: Toxicroak|9/100
|move|p2b: Scolipede|Swords Dance|p2b: Scolipede
|-boost|p2b: Scolipede|atk|2
|cant|p1a: Charizard|flinch
|
|-weather|SunnyDay|[upkeep]
|-damage|p1a: Charizard|73/100 psn|[from] psn
|-ability|p2b: Scolipede|Speed Boost|boost
|-boost|p2b: Scolipede|spe|1
|upkeep
|turn|2
|inactive|Savouryy has 30 seconds left.
|
|t:|1784679029
|move|p2b: Scolipede|Protect|p2b: Scolipede
|-singleturn|p2b: Scolipede|Protect
|move|p2a: Toxicroak|Bullet Punch|p1b: Venusaur
|-damage|p1b: Venusaur|84/100
|move|p1b: Venusaur|Earth Power|p2b: Scolipede
|-activate|p2b: Scolipede|move: Protect
|move|p1a: Charizard|Heat Wave|p2a: Toxicroak|[spread] p2a
|-activate|p2b: Scolipede|move: Protect
|-damage|p2a: Toxicroak|0 fnt
|faint|p2a: Toxicroak
|
|-weather|SunnyDay|[upkeep]
|-damage|p1a: Charizard|61/100 psn|[from] psn
|-ability|p2b: Scolipede|Speed Boost|boost
|-boost|p2b: Scolipede|spe|1
|upkeep
|
|t:|1784679048
|switch|p2a: Garchomp|Garchomp, L50, F|100/100
|turn|3
|
|t:|1784679068
|detailschange|p2b: Scolipede|Scolipede-Mega, L50, F
|-mega|p2b: Scolipede|Scolipede|Scolipite
|move|p1b: Venusaur|Sleep Powder|p2a: Garchomp
|-status|p2a: Garchomp|slp|[from] move: Sleep Powder
|cant|p2a: Garchomp|slp
|move|p2b: Scolipede|Gunk Shot|p1a: Charizard
|-damage|p1a: Charizard|0 fnt
|faint|p1a: Charizard
|
|-weather|SunnyDay|[upkeep]
|upkeep
|
|t:|1784679085
|switch|p1a: Archaludon|Archaludon, L50, F|100/100
|turn|4
|inactive|YoungSwagon has 30 seconds left.
|inactive|YoungSwagon has 20 seconds left.
|
|t:|1784679121
|switch|p1b: Pelipper|Pelipper, L50, F|100/100
|-weather|RainDance|[from] ability: Drizzle|[of] p1b: Pelipper
|cant|p2a: Garchomp|slp
|move|p2b: Scolipede|Gunk Shot|p1b: Pelipper
|-damage|p1b: Pelipper|0 fnt
|faint|p1b: Pelipper
|move|p1a: Archaludon|Electro Shot||[still]
|-prepare|p1a: Archaludon|Electro Shot
|-boost|p1a: Archaludon|spa|1
|-anim|p1a: Archaludon|Electro Shot|p2b: Scolipede
|-damage|p2b: Scolipede|26/100
|
|-weather|RainDance|[upkeep]
|upkeep
|
|t:|1784679136
|switch|p1b: Venusaur|Venusaur, L50, M|84/100
|turn|5
|
|t:|1784679157
|-curestatus|p2a: Garchomp|slp|[msg]
|move|p2a: Garchomp|Earthquake|p1a: Archaludon|[spread] p2b,p1a,p1b
|-supereffective|p1a: Archaludon|1
|-damage|p2b: Scolipede|0 fnt
|-damage|p1a: Archaludon|45/100
|-damage|p1b: Venusaur|33/100
|-ability|p1a: Archaludon|Stamina|boost
|-boost|p1a: Archaludon|def|1
|faint|p2b: Scolipede
|move|p1b: Venusaur|Earth Power|p2a: Garchomp
|-damage|p2a: Garchomp|70/100
|move|p1a: Archaludon|Electro Shot||[still]
|-prepare|p1a: Archaludon|Electro Shot
|-boost|p1a: Archaludon|spa|1
|-anim|p1a: Archaludon|Electro Shot|p2a: Garchomp
|-immune|p2a: Garchomp
|
|-weather|RainDance|[upkeep]
|-heal|p1a: Archaludon|51/100|[from] item: Leftovers
|upkeep
|
|t:|1784679173
|switch|p2b: Slowbro|Slowbro-Galar, L50, F|100/100
|turn|6
|
|t:|1784679182
|move|p2a: Garchomp|Earthquake|p1a: Archaludon|[spread] p2b,p1a,p1b
|-supereffective|p2b: Slowbro|1
|-supereffective|p1a: Archaludon|1
|-damage|p2b: Slowbro|25/100
|-damage|p1a: Archaludon|8/100
|-damage|p1b: Venusaur|0 fnt
|-ability|p1a: Archaludon|Stamina|boost
|-boost|p1a: Archaludon|def|1
|faint|p1b: Venusaur
|move|p1a: Archaludon|Electro Shot||[still]
|-prepare|p1a: Archaludon|Electro Shot
|-boost|p1a: Archaludon|spa|1
|-anim|p1a: Archaludon|Electro Shot|p2b: Slowbro
|-damage|p2b: Slowbro|0 fnt
|faint|p2b: Slowbro
|
|-weather|RainDance|[upkeep]
|-heal|p1a: Archaludon|14/100|[from] item: Leftovers
|upkeep
|turn|7
|
|t:|1784679196
|move|p1a: Archaludon|Protect|p1a: Archaludon
|-singleturn|p1a: Archaludon|Protect
|move|p2a: Garchomp|Earthquake|p1a: Archaludon
|-activate|p1a: Archaludon|move: Protect
|
|-weather|RainDance|[upkeep]
|-heal|p1a: Archaludon|20/100y|[from] item: Leftovers
|upkeep
|turn|8
|
|t:|1784679204
|move|p1a: Archaludon|Protect|p1a: Archaludon
|-singleturn|p1a: Archaludon|Protect
|move|p2a: Garchomp|Earthquake|p1a: Archaludon
|-activate|p1a: Archaludon|move: Protect
|
|-weather|none
|-heal|p1a: Archaludon|26/100|[from] item: Leftovers
|upkeep
|turn|9
|
|t:|1784679214
|move|p2a: Garchomp|Earthquake|p1a: Archaludon
|-supereffective|p1a: Archaludon|1
|-damage|p1a: Archaludon|0 fnt
|faint|p1a: Archaludon
|
|win|YoungSwagon
||Savouryy is ready for game 2.
