|j|☆ur1ryanpowney
|j|☆i cant fit in
|html|ur1ryanpowneyi cant fit in    
|uhtml|bestof|Game 2 of a best-of-3
|t:|1756236478
|gametype|doubles
|player|p1|ur1ryanpowney|nate|
|player|p2|i cant fit in|1|
|gen|9
|tier|[Gen 9] VGC 2025 Reg H (Bo3)
|rule|Species Clause: Limit one of each Pokémon
|rule|Item Clause: Limit 1 of each item
|clearpoke
|poke|p1|Ursaluna, L50, F|
|poke|p1|Kommo-o, L50, M|
|poke|p1|Indeedee-F, L50, F|
|poke|p1|Incineroar, L50, F|
|poke|p1|Braviary-Hisui, L50, M|
|poke|p1|Amoonguss, L50, M|
|poke|p2|Sneasler, L50, M|
|poke|p2|Clefable, L50, F|
|poke|p2|Gholdengo, L50|
|poke|p2|Rillaboom, L50, M|
|poke|p2|Magmar, L50, M|
|poke|p2|Dragapult, L50, F|
|teampreview|4
|showteam|p1|Ursaluna||FlameOrb|Guts|Facade,Earthquake,Protect,HeadlongRush|||F|||50|,,,,,Normal]Kommo-o||ThroatSpray|Overcoat|ClangorousSoul,ClangingScales,Protect,Flamethrower|||M|||50|,,,,,Fire]Indeedee-F||MentalHerb|PsychicSurge|DazzlingGleam,FollowMe,TrickRoom,HelpingHand|||F|||50|,,,,,Fairy]Incineroar||SafetyGoggles|Intimidate|FakeOut,KnockOff,PartingShot,FlareBlitz|||F|||50|,,,,,Grass]Braviary-Hisui||LifeOrb|TintedLens|ExpandingForce,Protect,TeraBlast,EsperWing|||M|||50|,,,,,Psychic]Amoonguss||RoomService|Regenerator|Spore,PollenPuff,RagePowder,ClearSmog|||M|||50|,,,,,Water
|showteam|p2|Sneasler||FocusSash|Unburden|CloseCombat,DireClaw,Protect,ThroatChop|||M|||50|,,,,,Dark]Clefable||RockyHelmet|Unaware|Moonblast,IcyWind,FollowMe,Protect|||F|||50|,,,,,Steel]Gholdengo||LifeOrb|GoodasGold|MakeItRain,ShadowBall,NastyPlot,Protect||||||50|,,,,,Water]Rillaboom||AssaultVest|GrassySurge|WoodHammer,GrassyGlide,HighHorsepower,FakeOut|||M|||50|,,,,,Fire]Magmar||Eviolite|VitalSpirit|Taunt,Overheat,FollowMe,Protect|||M|||50|,,,,,Ghost]Dragapult||ChoiceSpecs|ClearBody|ShadowBall,DracoMeteor,Thunderbolt,Flamethrower|||F|||50|,,,,,Fire
|
|t:|1756236542
|teamsize|p1|4
|teamsize|p2|4
|start
|switch|p1a: Amoonguss|Amoonguss, L50, M, shiny|100/100
|switch|p1b: Braviary|Braviary-Hisui, L50, M|100/100
|switch|p2a: Clefable|Clefable, L50, F, shiny|100/100
|switch|p2b: Gholdengo|Gholdengo, L50|100/100
|turn|1
|
|t:|1756236574
|-terastallize|p1b: Braviary|Psychic
|move|p2a: Clefable|Follow Me|p2a: Clefable
|-singleturn|p2a: Clefable|move: Follow Me
|move|p1a: Amoonguss|Rage Powder|p1a: Amoonguss
|-singleturn|p1a: Amoonguss|move: Rage Powder
|move|p2b: Gholdengo|Nasty Plot|p2b: Gholdengo
|-boost|p2b: Gholdengo|spa|2
|move|p1b: Braviary|Esper Wing|p2a: Clefable
|-damage|p2a: Clefable|32/100
|-boost|p1b: Braviary|spe|1
|-damage|p1b: Braviary|91/100|[from] item: Life Orb
|
|upkeep
|turn|2
|
|t:|1756236590
|switch|p1a: Incineroar|Incineroar, L50, F|100/100
|-ability|p1a: Incineroar|Intimidate|boost
|-unboost|p2a: Clefable|atk|1
|-unboost|p2b: Gholdengo|atk|1
|move|p1b: Braviary|Protect|p1b: Braviary
|-singleturn|p1b: Braviary|Protect
|move|p2a: Clefable|Follow Me|p2a: Clefable
|-singleturn|p2a: Clefable|move: Follow Me
|move|p2b: Gholdengo|Nasty Plot|p2b: Gholdengo
|-boost|p2b: Gholdengo|spa|2
|
|upkeep
|turn|3
|
|t:|1756236603
|switch|p1a: Indeedee|Indeedee-F, L50, F|100/100
|-fieldstart|move: Psychic Terrain|[from] ability: Psychic Surge|[of] p1a: Indeedee
|move|p2b: Gholdengo|Protect|p2b: Gholdengo
|-singleturn|p2b: Gholdengo|Protect
|move|p2a: Clefable|Protect|p2a: Clefable
|-singleturn|p2a: Clefable|Protect
|move|p1b: Braviary|Expanding Force|p2b: Gholdengo|[spread] 
|-activate|p2a: Clefable|move: Protect
|-activate|p2b: Gholdengo|move: Protect
|
|upkeep
|turn|4
|
|t:|1756236618
|switch|p1a: Incineroar|Incineroar, L50, F|100/100
|-ability|p1a: Incineroar|Intimidate|boost
|-unboost|p2a: Clefable|atk|1
|-unboost|p2b: Gholdengo|atk|1
|switch|p2a: Dk|Rillaboom, L50, M, shiny|100/100
|-fieldstart|move: Grassy Terrain|[from] ability: Grassy Surge|[of] p2a: Dk
|move|p1b: Braviary|Protect|p1b: Braviary
|-singleturn|p1b: Braviary|Protect
|move|p2b: Gholdengo|Make It Rain|p1a: Incineroar|[spread] p1a
|-activate|p1b: Braviary|move: Protect
|-resisted|p1a: Incineroar
|-damage|p1a: Incineroar|30/100
|-unboost|p2b: Gholdengo|spa|1
|-damage|p2b: Gholdengo|91/100|[from] item: Life Orb
|
|-heal|p1b: Braviary|97/100|[from] Grassy Terrain
|-heal|p2b: Gholdengo|97/100|[from] Grassy Terrain
|-heal|p1a: Incineroar|36/100|[from] Grassy Terrain
|upkeep
|turn|5
|
|t:|1756236638
|switch|p1a: Indeedee|Indeedee-F, L50, F|100/100
|-fieldstart|move: Psychic Terrain|[from] ability: Psychic Surge|[of] p1a: Indeedee
|move|p2a: Dk|Fake Out|p1a: Indeedee
|-activate|p1a: Indeedee|move: Psychic Terrain
|move|p1b: Braviary|Expanding Force|p2a: Dk|[spread] p2a,p2b
|-resisted|p2b: Gholdengo
|-damage|p2a: Dk|18/100
|-damage|p2b: Gholdengo|0 fnt
|faint|p2b: Gholdengo
|-damage|p1b: Braviary|87/100|[from] item: Life Orb
|
|upkeep
|
|t:|1756236654
|switch|p2b: Sneasler|Sneasler, L50, M, shiny|100/100
|turn|6
|
|t:|1756236689
|-terastallize|p2b: Sneasler|Dark
|move|p1a: Indeedee|Follow Me|p1a: Indeedee
|-singleturn|p1a: Indeedee|move: Follow Me
|move|p1b: Braviary|Esper Wing|p2a: Dk
|-damage|p2a: Dk|0 fnt
|-boost|p1b: Braviary|spe|1
|faint|p2a: Dk
|-damage|p1b: Braviary|77/100|[from] item: Life Orb
|move|p2b: Sneasler|Throat Chop|p1a: Indeedee
|-supereffective|p1a: Indeedee
|-damage|p1a: Indeedee|7/100
|-start|p1a: Indeedee|Throat Chop|[silent]
|
|upkeep
|
|t:|1756236701
|switch|p2a: Clefable|Clefable, L50, F, shiny|32/100
|turn|7
|
|t:|1756236715
|switch|p1a: Amoonguss|Amoonguss, L50, M, shiny|100/100
|move|p1b: Braviary|Protect|p1b: Braviary
|-singleturn|p1b: Braviary|Protect
|move|p2a: Clefable|Protect|p2a: Clefable
|-singleturn|p2a: Clefable|Protect
|move|p2b: Sneasler|Throat Chop|p1a: Amoonguss
|-damage|p1a: Amoonguss|62/100
|-start|p1a: Amoonguss|Throat Chop|[silent]
|
|upkeep
|turn|8
|
|t:|1756236738
|move|p1a: Amoonguss|Rage Powder|p1a: Amoonguss
|-singleturn|p1a: Amoonguss|move: Rage Powder
|move|p1b: Braviary|Esper Wing|p2a: Clefable
|-damage|p2a: Clefable|0 fnt
|-boost|p1b: Braviary|spe|1
|faint|p2a: Clefable
|-damage|p1b: Braviary|68/100|[from] item: Life Orb
|move|p2b: Sneasler|Dire Claw|p1a: Amoonguss
|-damage|p1a: Amoonguss|19/100
|-status|p1a: Amoonguss|slp
|
|-end|p1a: Amoonguss|Throat Chop|[silent]
|upkeep
|turn|9
|
|t:|1756236799
|switch|p1a: Indeedee|Indeedee-F, L50, F|7/100
|move|p1b: Braviary|Tera Blast|p2b: Sneasler|[anim] Tera Blast Psychic
|-immune|p2b: Sneasler
|move|p2b: Sneasler|Dire Claw|p1a: Indeedee
|-damage|p1a: Indeedee|0 fnt
|faint|p1a: Indeedee
|
|-fieldend|move: Psychic Terrain
|upkeep
|
|t:|1756236808
|switch|p1a: Incineroar|Incineroar, L50, F|36/100
|-ability|p1a: Incineroar|Intimidate|boost
|-unboost|p2b: Sneasler|atk|1
|turn|10
|
|t:|1756236816
|switch|p1a: Amoonguss|Amoonguss, L50, M, shiny|52/100 slp
|move|p2b: Sneasler|Protect|p2b: Sneasler
|-singleturn|p2b: Sneasler|Protect
|move|p1b: Braviary|Esper Wing|p2b: Sneasler
|-activate|p2b: Sneasler|move: Protect
|
|upkeep
|turn|11
|
|t:|1756236827
|switch|p1b: Incineroar|Incineroar, L50, F|36/100
|-ability|p1b: Incineroar|Intimidate|boost
|-unboost|p2b: Sneasler|atk|1
|move|p2b: Sneasler|Dire Claw|p1a: Amoonguss
|-damage|p1a: Amoonguss|31/100 slp
|cant|p1a: Amoonguss|slp
|
|upkeep
|turn|12
|
|t:|1756236843
|switch|p1b: Braviary|Braviary-Hisui, L50, M, tera:Psychic|68/100
|move|p2b: Sneasler|Protect|p2b: Sneasler
|-singleturn|p2b: Sneasler|Protect
|cant|p1a: Amoonguss|slp
|
|upkeep
|turn|13
|
|t:|1756236856
|move|p2b: Sneasler|Dire Claw|p1a: Amoonguss
|-damage|p1a: Amoonguss|12/100 slp
|move|p1b: Braviary|Tera Blast|p2b: Sneasler|[anim] Tera Blast Psychic
|-immune|p2b: Sneasler
|-curestatus|p1a: Amoonguss|slp|[msg]
|move|p1a: Amoonguss|Spore|p2b: Sneasler
|-status|p2b: Sneasler|slp|[from] move: Spore
|
|upkeep
|turn|14
|
|t:|1756236870
|switch|p1b: Incineroar|Incineroar, L50, F|36/100
|-ability|p1b: Incineroar|Intimidate|boost
|-unboost|p2b: Sneasler|atk|1
|cant|p2b: Sneasler|slp
|move|p1a: Amoonguss|Pollen Puff|p1b: Incineroar
|-heal|p1b: Incineroar|86/100
|
|upkeep
|turn|15
|
|t:|1756236893
|switch|p1a: Braviary|Braviary-Hisui, L50, M, tera:Psychic|68/100
|cant|p2b: Sneasler|slp
|move|p1b: Incineroar|Parting Shot|p2b: Sneasler
|-unboost|p2b: Sneasler|atk|1
|-unboost|p2b: Sneasler|spa|1
|
|t:|1756236900
|switch|p1b: Amoonguss|Amoonguss, L50, M, shiny|45/100|[from] Parting Shot
|
|upkeep
|turn|16
|
|t:|1756236912
|switch|p1a: Incineroar|Incineroar, L50, F|86/100
|-ability|p1a: Incineroar|Intimidate|boost
|-unboost|p2b: Sneasler|atk|1
|cant|p2b: Sneasler|slp
|move|p1b: Amoonguss|Pollen Puff|p2b: Sneasler
|-supereffective|p2b: Sneasler
|-damage|p2b: Sneasler|49/100 slp
|
|upkeep
|turn|17
|
|t:|1756236924
|move|p1a: Incineroar|Fake Out|p2b: Sneasler
|-damage|p2b: Sneasler|30/100 slp
|-curestatus|p2b: Sneasler|slp|[msg]
|cant|p2b: Sneasler|flinch
|move|p1b: Amoonguss|Pollen Puff|p2b: Sneasler
|-supereffective|p2b: Sneasler
|-damage|p2b: Sneasler|0 fnt
|faint|p2b: Sneasler
|
|win|ur1ryanpowney
||i cant fit in is ready for game 3.
||ur1ryanpowney is ready for game 3.
|uhtml|next|Next: Game 3 of 3
|l|☆ur1ryanpowney
|player|p1|
