|j|☆abadanriyi92
|j|☆klombee vgc
|html|abadanriyi92klombee vgc    
|uhtml|bestof|Game 1 of a best-of-3
|t:|1785773021
|gametype|doubles
|player|p1|abadanriyi92|colress|1177
|player|p2|klombee vgc|lucas|1044
|gen|9
|tier|[Gen 9 Champions] VGC 2026 Reg M-B (Bo3)
|rated|
|rule|Species Clause: Limit one of each Pokémon
|rule|Item Clause: Limit 1 of each item
|clearpoke
|poke|p1|Tyranitar, L50, F|
|poke|p1|Excadrill, L50, M|
|poke|p1|Milotic, L50, M|
|poke|p1|Sinistcha, L50|
|poke|p1|Staraptor, L50, F|
|poke|p1|Gholdengo, L50|
|poke|p2|Incineroar, L50, M|
|poke|p2|Trevenant, L50, M|
|poke|p2|Musharna, L50, M|
|poke|p2|Torkoal, L50, M|
|poke|p2|Araquanid, L50, M|
|poke|p2|Sinistcha, L50|
|teampreview|4
|showteam|p1|Tyranitar||Tyranitarite|SandStream|KnockOff,RockSlide,HighHorsepower,Protect|Jolly||F|||50|]Excadrill||FocusSash|SandRush|Earthquake,IronHead,RockSlide,Protect|Adamant||M|||50|]Milotic||SitrusBerry|Competitive|Scald,IcyWind,Haze,Protect|Calm||M|||50|]Sinistcha||ColburBerry|Hospitality|MatchaGotcha,ShadowBall,Protect,RagePowder|Bold|||||50|]Staraptor||Staraptite|Intimidate|CloseCombat,BraveBird,Tailwind,Protect|Jolly||F|||50|]Gholdengo||LifeOrb|GoodasGold|MakeItRain,ShadowBall,NastyPlot,Protect|Modest|||||50|
|showteam|p2|Incineroar||ShucaBerry|Intimidate|FlareBlitz,FakeOut,DarkestLariat,PartingShot|Brave||M|||50|]Trevenant||SitrusBerry|Harvest|HornLeech,TrickRoom,ShadowClaw,RockSlide|Serious||M|||50|]Musharna||MentalHerb|Forewarn|TrickRoom,HelpingHand,Moonblast,Psychic|Quiet||M|||50|]Torkoal||Charcoal|Drought|Eruption,HeatWave,EarthPower,Protect|Quiet||M|||50|]Araquanid||LifeOrb|WaterBubble|Liquidation,LeechLife,Protect,WideGuard|Brave||M|||50|]Sinistcha||FocusSash|Hospitality|MatchaGotcha,RagePowder,LifeDew,StrengthSap|Quiet|||||50|
|inactive|Battle timer is ON: inactive players will automatically lose when time's up. (requested by abadanriyi92)
|
|t:|1785773044
|teamsize|p1|4
|teamsize|p2|4
|start
|switch|p1a: Gholdengo|Gholdengo, L50|100/100
|switch|p1b: Milotic|Milotic, L50, M|100/100
|switch|p2a: Musharna|Musharna, L50, M|100/100
|switch|p2b: Incineroar|Incineroar, L50, M|100/100
|-ability|p2b: Incineroar|Intimidate|boost
|-unboost|p1a: Gholdengo|atk|1
|-unboost|p1b: Milotic|atk|1
|-ability|p1b: Milotic|Competitive|boost
|-boost|p1b: Milotic|spa|2
|-activate|p2a: Musharna|ability: Forewarn|Make It Rain|[of] p1a: Gholdengo
|turn|1
|inactive|abadanriyi92 has 30 seconds left.
|
|t:|1785773078
|move|p1b: Milotic|Scald|p2b: Incineroar
|-supereffective|p2b: Incineroar|1
|-damage|p2b: Incineroar|0 fnt
|faint|p2b: Incineroar
|move|p1a: Gholdengo|Nasty Plot|p1a: Gholdengo
|-boost|p1a: Gholdengo|spa|2
|move|p2a: Musharna|Trick Room|p2a: Musharna
|-fieldstart|move: Trick Room|[of] p2a: Musharna
|
|upkeep
|
|t:|1785773087
|switch|p2b: Torkoal|Torkoal, L50, M|100/100
|-weather|SunnyDay|[from] ability: Drought|[of] p2b: Torkoal
|turn|2
|
|t:|1785773102
|move|p1a: Gholdengo|Protect|p1a: Gholdengo
|-singleturn|p1a: Gholdengo|Protect
|move|p2b: Torkoal|Eruption|p1a: Gholdengo|[spread] p1b
|-activate|p1a: Gholdengo|move: Protect
|-resisted|p1b: Milotic|1
|-damage|p1b: Milotic|70/100
|move|p2a: Musharna|Psychic|p1b: Milotic
|-damage|p1b: Milotic|47/100
|-enditem|p1b: Milotic|Sitrus Berry|[eat]
|-heal|p1b: Milotic|72/100|[from] item: Sitrus Berry
|move|p1b: Milotic|Scald|p2b: Torkoal
|-supereffective|p2b: Torkoal|1
|-damage|p2b: Torkoal|18/100
|
|-weather|SunnyDay|[upkeep]
|upkeep
|turn|3
|inactive|abadanriyi92 has 30 seconds left.
|
|t:|1785773136
|switch|p1a: Tyranitar|Tyranitar, L50, F|100/100
|-weather|Sandstorm|[from] ability: Sand Stream|[of] p1a: Tyranitar
|move|p2b: Torkoal|Heat Wave|p1b: Milotic|[spread] p1a,p1b
|-resisted|p1a: Tyranitar|1
|-resisted|p1b: Milotic|1
|-crit|p1b: Milotic
|-damage|p1a: Tyranitar|89/100
|-damage|p1b: Milotic|53/100
|move|p2a: Musharna|Psychic|p1b: Milotic
|-damage|p1b: Milotic|26/100
|move|p1b: Milotic|Scald|p2b: Torkoal
|-supereffective|p2b: Torkoal|1
|-damage|p2b: Torkoal|0 fnt
|faint|p2b: Torkoal
|
|-weather|Sandstorm|[upkeep]
|-damage|p2a: Musharna|94/100|[from] Sandstorm
|-damage|p1b: Milotic|20/100y|[from] Sandstorm
|upkeep
|
|t:|1785773147
|switch|p2b: Araquanid|Araquanid, L50, M|100/100
|turn|4
|
|t:|1785773166
|switch|p1a: Sinistcha|Sinistcha, L50|100/100
|-heal|p1b: Milotic|45/100|[from] ability: Hospitality|[of] p1a: Sinistcha
|move|p2a: Musharna|Psychic|p1b: Milotic
|-damage|p1b: Milotic|19/100
|move|p2b: Araquanid|Liquidation|p1a: Sinistcha
|-resisted|p1a: Sinistcha|1
|-damage|p1a: Sinistcha|68/100
|-damage|p2b: Araquanid|90/100|[from] item: Life Orb
|move|p1b: Milotic|Scald|p2a: Musharna
|-damage|p2a: Musharna|49/100
|
|-weather|Sandstorm|[upkeep]
|-damage|p2a: Musharna|43/100|[from] Sandstorm
|-damage|p2b: Araquanid|84/100|[from] Sandstorm
|-damage|p1a: Sinistcha|62/100|[from] Sandstorm
|-damage|p1b: Milotic|13/100|[from] Sandstorm
|upkeep
|turn|5
|inactive|abadanriyi92 has 30 seconds left.
|
|t:|1785773198
|move|p2a: Musharna|Psychic|p1b: Milotic
|-crit|p1b: Milotic
|-damage|p1b: Milotic|0 fnt
|faint|p1b: Milotic
|move|p2b: Araquanid|Leech Life|p1a: Sinistcha
|-damage|p1a: Sinistcha|30/100
|-heal|p2b: Araquanid|100/100|[from] drain|[of] p1a: Sinistcha
|-damage|p2b: Araquanid|90/100|[from] item: Life Orb
|move|p1a: Sinistcha|Matcha Gotcha|p2a: Musharna|[spread] p2a
|-miss|p1a: Sinistcha|p2b: Araquanid
|-damage|p2a: Musharna|26/100
|-heal|p1a: Sinistcha|41/100|[from] drain|[of] p2a: Musharna
|
|-weather|Sandstorm|[upkeep]
|-damage|p2a: Musharna|20/100y|[from] Sandstorm
|-damage|p2b: Araquanid|84/100|[from] Sandstorm
|-damage|p1a: Sinistcha|36/100|[from] Sandstorm
|-fieldend|move: Trick Room
|upkeep
|l|☆klombee vgc
|inactive|klombee vgc disconnected and has a minute to reconnect!
|player|p2|
|inactive|abadanriyi92 has 30 seconds left.
|
|t:|1785773226
|switch|p1b: Tyranitar|Tyranitar, L50, F|89/100
|turn|6
|inactive|klombee vgc has 30 seconds left.
|inactive|klombee vgc has 20 seconds left.
|inactive|klombee vgc has 15 seconds left.
|inactive|klombee vgc has 10 seconds left.
|inactive|klombee vgc has 5 seconds left.
|-message|klombee vgc lost due to inactivity.
|
|win|abadanriyi92
|inactive|abadanriyi92 has 30 seconds to confirm battle start!
|raw|abadanriyi92's rating: 1177 → 1193(+16 for winning)
|raw|klombee vgc's rating: 1044 → 1033(-11 for losing)
