|j|☆Rodrigor8054
|j|☆23 5'5 PVHS
|html|Rodrigor805423 5'5 PVHS    
|uhtml|bestof|Game 2 of a best-of-3
|t:|1782407881
|gametype|doubles
|player|p1|Rodrigor8054|pokemaniac|1351
|player|p2|23 5'5 PVHS|lady-gen4|1409
|gen|9
|tier|[Gen 9 Champions] VGC 2026 Reg M-B (Bo3)
|rated|
|rule|Species Clause: Limit one of each Pokémon
|rule|Item Clause: Limit 1 of each item
|clearpoke
|poke|p1|Delphox, L50, F|
|poke|p1|Incineroar, L50, F|
|poke|p1|Sinistcha, L50|
|poke|p1|Kingambit, L50, F|
|poke|p1|Sneasler, L50, F|
|poke|p1|Floette-Eternal, L50, F|
|poke|p2|Kingambit, L50, F, shiny|
|poke|p2|Floette-Eternal, L50, F|
|poke|p2|Sneasler, L50, M|
|poke|p2|Garchomp, L50, M|
|poke|p2|Sinistcha, L50, shiny|
|poke|p2|Incineroar, L50, F|
|teampreview|4
|showteam|p1|Delphox||Delphoxite|Blaze|Protect,NastyPlot,HeatWave,Psychic|Timid||F|||50|]Incineroar||SitrusBerry|Intimidate|PartingShot,FlareBlitz,ThroatChop,FakeOut|Adamant||F|||50|]Sinistcha||KasibBerry|Hospitality|Protect,RagePowder,MatchaGotcha,TrickRoom|Calm|||||50|]Kingambit||LifeOrb|Defiant|Protect,SwordsDance,KowtowCleave,SuckerPunch|Adamant||F|||50|]Sneasler||WhiteHerb|Unburden|FakeOut,CloseCombat,DireClaw,Protect|Jolly||F|||50|]Floette-Eternal||Floettite|FlowerVeil|Protect,CalmMind,Moonblast,DazzlingGleam|Modest||F|||50|
|showteam|p2|Kingambit||BlackGlasses|Defiant|KowtowCleave,SwordsDance,SuckerPunch,Protect|Adamant||F|||50|]Floette-Eternal||Floettite|FlowerVeil|DazzlingGleam,DrainingKiss,CalmMind,Protect|Modest||F|||50|]Sneasler||FocusSash|Unburden|Coaching,FakeOut,CloseCombat,DireClaw|Naive||M|||50|]Garchomp||Garchompite|RoughSkin|StompingTantrum,Protect,Earthquake,RockSlide|Adamant||M|||50|]Sinistcha||SitrusBerry|Hospitality|MatchaGotcha,TrickRoom,RagePowder,Protect|Bold|||||50|]Incineroar||Leftovers|Intimidate|FlareBlitz,HelpingHand,PartingShot,FakeOut|Sassy||F|||50|
|
|t:|1782407917
|teamsize|p1|4
|teamsize|p2|4
|start
|switch|p1a: Floette|Floette-Eternal, L50, F|100/100
|switch|p1b: Incineroar|Incineroar, L50, F|100/100
|switch|p2a: Incineroar|Incineroar, L50, F|100/100
|switch|p2b: Floette|Floette-Eternal, L50, F|100/100
|-ability|p1b: Incineroar|Intimidate|boost
|-unboost|p2a: Incineroar|atk|1
|-unboost|p2b: Floette|atk|1
|-ability|p2a: Incineroar|Intimidate|boost
|-unboost|p1a: Floette|atk|1
|-unboost|p1b: Incineroar|atk|1
|turn|1
|inactive|Battle timer is ON: inactive players will automatically lose when time's up. (requested by 23 5'5 PVHS)
|
|t:|1782407955
|detailschange|p2b: Floette|Floette-Mega, L50, F
|-mega|p2b: Floette|Floette|Floettite
|-ability|p2b: Floette|Fairy Aura
|detailschange|p1a: Floette|Floette-Mega, L50, F
|-mega|p1a: Floette|Floette|Floettite
|-ability|p1a: Floette|Fairy Aura
|move|p1b: Incineroar|Fake Out|p2b: Floette
|-damage|p2b: Floette|90/100
|cant|p2b: Floette|flinch
|move|p1a: Floette|Calm Mind|p1a: Floette
|-boost|p1a: Floette|spa|1
|-boost|p1a: Floette|spd|1
|move|p2a: Incineroar|Parting Shot|p1a: Floette
|-unboost|p1a: Floette|atk|1
|-unboost|p1a: Floette|spa|1
|
|t:|1782407968
|switch|p2a: Sneasler|Sneasler, L50, M|100/100|[from] Parting Shot
|
|upkeep
|turn|2
|inactive|Rodrigor8054 has 30 seconds left.
|inactive|Rodrigor8054 has 20 seconds left.
|inactive|Rodrigor8054 has 15 seconds left.
|
|t:|1782408010
|move|p2a: Sneasler|Dire Claw|p1a: Floette
|-supereffective|p1a: Floette|1
|-damage|p1a: Floette|12/100
|move|p2b: Floette|Dazzling Gleam|p1a: Floette|[spread] p1a,p1b
|-damage|p1a: Floette|0 fnt
|-damage|p1b: Incineroar|59/100
|faint|p1a: Floette
|move|p1b: Incineroar|Parting Shot|p2b: Floette
|-unboost|p2b: Floette|atk|1
|-unboost|p2b: Floette|spa|1
|
|t:|1782408016
|switch|p1b: Sneasler|Sneasler, L50, F|100/100|[from] Parting Shot
|
|upkeep
|
|t:|1782408017
|switch|p1a: Incineroar|Incineroar, L50, F|59/100
|-ability|p1a: Incineroar|Intimidate|boost
|-unboost|p2a: Sneasler|atk|1
|-unboost|p2b: Floette|atk|1
|turn|3
|
|t:|1782408025
|switch|p2b: Sinistcha|Sinistcha, L50, shiny|100/100
|move|p1a: Incineroar|Fake Out|p2a: Sneasler
|-damage|p2a: Sneasler|78/100
|cant|p2a: Sneasler|flinch
|move|p1b: Sneasler|Dire Claw|p2b: Sinistcha
|-damage|p2b: Sinistcha|64/100
|
|upkeep
|turn|4
|inactive|Rodrigor8054 has 30 seconds left.
|
|t:|1782408057
|switch|p2b: Incineroar|Incineroar, L50, F|100/100
|-ability|p2b: Incineroar|Intimidate|boost
|-unboost|p1a: Incineroar|atk|1
|-unboost|p1b: Sneasler|atk|1
|-enditem|p1b: Sneasler|White Herb
|-clearnegativeboost|p1b: Sneasler|[silent]
|switch|p1a: Sinistcha|Sinistcha, L50|100/100
|move|p1b: Sneasler|Dire Claw|p2b: Incineroar
|-damage|p2b: Incineroar|66/100
|move|p2a: Sneasler|Close Combat|p1a: Sinistcha
|-immune|p1a: Sinistcha
|
|-heal|p2b: Incineroar|72/100|[from] item: Leftovers
|upkeep
|turn|5
|inactive|Rodrigor8054 has 30 seconds left.
|inactive|Rodrigor8054 has 20 seconds left.
|
|t:|1782408095
|switch|p2a: Floette|Floette-Mega, L50, F|90/100
|-ability|p2a: Floette|Fairy Aura
|move|p2b: Incineroar|Fake Out|p1b: Sneasler
|-damage|p1b: Sneasler|81/100
|move|p1a: Sinistcha|Rage Powder|p1a: Sinistcha
|-singleturn|p1a: Sinistcha|move: Rage Powder
|cant|p1b: Sneasler|flinch
|
|-heal|p2b: Incineroar|79/100|[from] item: Leftovers
|upkeep
|turn|6
|
|t:|1782408111
|switch|p2b: Sinistcha|Sinistcha, L50, shiny|64/100
|-heal|p2a: Floette|100/100|[from] ability: Hospitality|[of] p2b: Sinistcha
|move|p2a: Floette|Protect|p2a: Floette
|-singleturn|p2a: Floette|Protect
|move|p1b: Sneasler|Dire Claw|p2a: Floette
|-activate|p2a: Floette|move: Protect
|move|p1a: Sinistcha|Matcha Gotcha|p2b: Sinistcha|[spread] p2b
|-activate|p2a: Floette|move: Protect
|-resisted|p2b: Sinistcha|1
|-damage|p2b: Sinistcha|52/100
|
|upkeep
|turn|7
|
|t:|1782408121
|move|p2b: Sinistcha|Rage Powder|p2b: Sinistcha
|-singleturn|p2b: Sinistcha|move: Rage Powder
|move|p1b: Sneasler|Dire Claw|p2b: Sinistcha
|-damage|p2b: Sinistcha|17/100
|-enditem|p2b: Sinistcha|Sitrus Berry|[eat]
|-heal|p2b: Sinistcha|42/100|[from] item: Sitrus Berry
|move|p2a: Floette|Dazzling Gleam|p1a: Sinistcha|[spread] p1a,p1b
|-damage|p1a: Sinistcha|59/100
|-damage|p1b: Sneasler|19/100
|move|p1a: Sinistcha|Matcha Gotcha|p2b: Sinistcha|[spread] p2a,p2b
|-resisted|p2b: Sinistcha|1
|-damage|p2a: Floette|81/100
|-heal|p1a: Sinistcha|67/100|[from] drain|[of] p2a: Floette
|-damage|p2b: Sinistcha|29/100
|-heal|p1a: Sinistcha|74/100|[from] drain|[of] p2b: Sinistcha
|-status|p2b: Sinistcha|brn
|
|-damage|p2b: Sinistcha|23/100 brn|[from] brn
|upkeep
|turn|8
|
|t:|1782408143
|move|p1b: Sneasler|Protect|p1b: Sneasler
|-singleturn|p1b: Sneasler|Protect
|move|p2b: Sinistcha|Rage Powder|p2b: Sinistcha
|-singleturn|p2b: Sinistcha|move: Rage Powder
|move|p2a: Floette|Dazzling Gleam|p1b: Sneasler|[spread] p1a
|-activate|p1b: Sneasler|move: Protect
|-damage|p1a: Sinistcha|32/100
|move|p1a: Sinistcha|Matcha Gotcha|p2b: Sinistcha|[spread] p2b
|-miss|p1a: Sinistcha|p2a: Floette
|-resisted|p2b: Sinistcha|1
|-damage|p2b: Sinistcha|12/100 brn
|-heal|p1a: Sinistcha|37/100|[from] drain|[of] p2b: Sinistcha
|
|-damage|p2b: Sinistcha|6/100 brn|[from] brn
|upkeep
|turn|9
|
|t:|1782408162
|switch|p1b: Incineroar|Incineroar, L50, F|59/100
|-ability|p1b: Incineroar|Intimidate|boost
|-unboost|p2a: Floette|atk|1
|-unboost|p2b: Sinistcha|atk|1
|move|p1a: Sinistcha|Protect|p1a: Sinistcha
|-singleturn|p1a: Sinistcha|Protect
|move|p2b: Sinistcha|Rage Powder|p2b: Sinistcha
|-singleturn|p2b: Sinistcha|move: Rage Powder
|move|p2a: Floette|Dazzling Gleam|p1a: Sinistcha|[spread] p1b
|-activate|p1a: Sinistcha|move: Protect
|-crit|p1b: Incineroar
|-damage|p1b: Incineroar|2/100
|-enditem|p1b: Incineroar|Sitrus Berry|[eat]
|-heal|p1b: Incineroar|27/100|[from] item: Sitrus Berry
|
|-damage|p2b: Sinistcha|0 fnt|[from] brn
|faint|p2b: Sinistcha
|upkeep
|
|t:|1782408165
|switch|p2b: Sneasler|Sneasler, L50, M|78/100
|turn|10
|
|t:|1782408188
|move|p1a: Sinistcha|Protect|p1a: Sinistcha
|-singleturn|p1a: Sinistcha|Protect
|move|p2b: Sneasler|Fake Out|p1b: Incineroar
|-damage|p1b: Incineroar|13/100
|cant|p1b: Incineroar|flinch
|move|p2a: Floette|Dazzling Gleam|p1b: Incineroar|[spread] p1b
|-activate|p1a: Sinistcha|move: Protect
|-damage|p1b: Incineroar|0 fnt
|faint|p1b: Incineroar
|
|upkeep
|
|t:|1782408192
|switch|p1b: Sneasler|Sneasler, L50, F|19/100
|turn|11
|
|t:|1782408203
|switch|p2b: Incineroar|Incineroar, L50, F|79/100
|-ability|p2b: Incineroar|Intimidate|boost
|-unboost|p1a: Sinistcha|atk|1
|-unboost|p1b: Sneasler|atk|1
|move|p1a: Sinistcha|Rage Powder|p1a: Sinistcha
|-singleturn|p1a: Sinistcha|move: Rage Powder
|move|p1b: Sneasler|Close Combat|p2b: Incineroar
|-supereffective|p2b: Incineroar|1
|-damage|p2b: Incineroar|7/100
|-unboost|p1b: Sneasler|def|1
|-unboost|p1b: Sneasler|spd|1
|move|p2a: Floette|Dazzling Gleam|p1b: Sneasler|[spread] p1a,p1b
|-damage|p1a: Sinistcha|0 fnt
|-damage|p1b: Sneasler|0 fnt
|faint|p1a: Sinistcha
|faint|p1b: Sneasler
|
|win|23 5'5 PVHS
|raw|Rodrigor8054's rating: 1351 → 1334(-17 for losing)
|raw|23 5'5 PVHS's rating: 1409 → 1426(+17 for winning)
|l|☆Rodrigor8054
|player|p1|
