|j|☆HenriqueZVGC
|j|☆PonchoTheCat
|html|HenriqueZVGCPonchoTheCat    
|uhtml|bestof|Game 3 of a best-of-3
|t:|1784588387
|gametype|doubles
|player|p1|HenriqueZVGC|steven|1140
|player|p2|PonchoTheCat|169|1051
|gen|9
|tier|[Gen 9 Champions] VGC 2026 Reg M-B (Bo3)
|rated|
|rule|Species Clause: Limit one of each Pokémon
|rule|Item Clause: Limit 1 of each item
|clearpoke
|poke|p1|Malamar, L50, M|
|poke|p1|Maushold, L50|
|poke|p1|Mawile, L50, F|
|poke|p1|Sinistcha, L50|
|poke|p1|Whimsicott, L50, M|
|poke|p1|Incineroar, L50, M|
|poke|p2|Venusaur, L50, M|
|poke|p2|Toxapex, L50, M|
|poke|p2|Charizard, L50, M|
|poke|p2|Garchomp, L50, F|
|poke|p2|Incineroar, L50, M|
|poke|p2|Annihilape, L50, F|
|teampreview|4
|showteam|p1|Malamar||Malamarite|Contrary|Superpower,KnockOff,TrickRoom,Protect|Adamant||M|||50|]Maushold||WideLens|Technician|PopulationBomb,FollowMe,Feint,Protect|Jolly|||||50|]Mawile||Mawilite|HyperCutter|PlayRough,RockSlide,SuckerPunch,Protect|Brave||F|||50|]Sinistcha||ColburBerry|Hospitality|MatchaGotcha,LifeDew,RagePowder,Protect|Calm|||||50|]Whimsicott||FocusSash|Prankster|Moonblast,Tailwind,Charm,SunnyDay|Modest||M|||50|]Incineroar||LifeOrb|Intimidate|FlareBlitz,DarkestLariat,PartingShot,FakeOut|Brave||M|||50|
|showteam|p2|Venusaur||LifeOrb|Chlorophyll|EarthPower,Protect,SludgeBomb,SleepPowder|Serious||M|||50|]Toxapex||Leftovers|Regenerator|BanefulBunker,Toxic,Infestation,WideGuard|Serious||M|||50|]Charizard||CharizarditeY|Blaze|Protect,WeatherBall,HeatWave,SolarBeam|Timid||M|||50|]Garchomp||ChoiceScarf|RoughSkin|DragonClaw,RockSlide,Earthquake,StompingTantrum|Jolly||F|||50|]Incineroar||SitrusBerry|Blaze|FakeOut,PartingShot,FlareBlitz,ThroatChop|Serious||M|||50|]Annihilape||FocusSash|Defiant|Protect,CloseCombat,RageFist,RockTomb|Serious||F|||50|
|inactive|Battle timer is ON: inactive players will automatically lose when time's up. (requested by HenriqueZVGC)
|inactive|HenriqueZVGC has 60 seconds left.
|inactive|HenriqueZVGC has 30 seconds left.
|
|t:|1784588458
|teamsize|p1|4
|teamsize|p2|4
|start
|switch|p1a: Malamar|Malamar, L50, M|100/100
|switch|p1b: Maushold|Maushold, L50|100/100
|switch|p2a: Toxapex|Toxapex, L50, M|100/100
|switch|p2b: Annihilape|Annihilape, L50, F|100/100
|turn|1
|
|t:|1784588477
|move|p1b: Maushold|Protect|p1b: Maushold
|-singleturn|p1b: Maushold|Protect
|move|p2b: Annihilape|Close Combat|p1b: Maushold
|-activate|p1b: Maushold|move: Protect
|move|p1a: Malamar|Knock Off|p2b: Annihilape
|-damage|p2b: Annihilape|48/100
|-enditem|p2b: Annihilape|Focus Sash|[from] move: Knock Off|[of] p1a: Malamar
|move|p2a: Toxapex|Infestation|p1a: Malamar
|-supereffective|p1a: Malamar|2
|-damage|p1a: Malamar|83/100
|-activate|p1a: Malamar|move: Infestation|[of] p2a: Toxapex
|
|-damage|p1a: Malamar|71/100|[from] move: Infestation|[partiallytrapped]
|upkeep
|turn|2
|inactive|HenriqueZVGC has 30 seconds left.
|
|t:|1784588508
|move|p1b: Maushold|Follow Me|p1b: Maushold
|-singleturn|p1b: Maushold|move: Follow Me
|move|p2b: Annihilape|Close Combat|p1b: Maushold
|-supereffective|p1b: Maushold|1
|-damage|p1b: Maushold|0 fnt
|-unboost|p2b: Annihilape|def|1
|-unboost|p2b: Annihilape|spd|1
|faint|p1b: Maushold
|move|p2a: Toxapex|Toxic|p1a: Malamar
|-status|p1a: Malamar|tox
|move|p1a: Malamar|Trick Room|p1a: Malamar
|-fieldstart|move: Trick Room|[of] p1a: Malamar
|
|-damage|p1a: Malamar|65/100 tox|[from] psn
|-damage|p1a: Malamar|53/100 tox|[from] move: Infestation|[partiallytrapped]
|upkeep
|
|t:|1784588520
|switch|p1b: Sinistcha|Sinistcha, L50|100/100
|-heal|p1a: Malamar|78/100 tox|[from] ability: Hospitality|[of] p1b: Sinistcha
|turn|3
|
|t:|1784588537
|move|p2a: Toxapex|Infestation|p1a: Malamar
|-supereffective|p1a: Malamar|2
|-damage|p1a: Malamar|63/100 tox
|move|p1b: Sinistcha|Life Dew||[still]|[spread] p1a,p1b
|-heal|p1a: Malamar|88/100 tox
|-fail|p1b: Sinistcha|heal
|move|p1a: Malamar|Knock Off|p2b: Annihilape
|-damage|p2b: Annihilape|0 fnt
|faint|p2b: Annihilape
|
|-damage|p1a: Malamar|76/100 tox|[from] psn
|-damage|p1a: Malamar|64/100 tox|[from] move: Infestation|[partiallytrapped]
|upkeep
|
|t:|1784588549
|switch|p2b: Charizard|Charizard, L50, M|100/100
|turn|4
|
|t:|1784588575
|detailschange|p2b: Charizard|Charizard-Mega-Y, L50, M
|-mega|p2b: Charizard|Charizard|Charizardite Y
|-weather|SunnyDay|[from] ability: Drought|[of] p2b: Charizard
|move|p2a: Toxapex|Baneful Bunker|p2a: Toxapex
|-singleturn|p2a: Toxapex|move: Protect
|move|p1b: Sinistcha|Protect|p1b: Sinistcha
|-singleturn|p1b: Sinistcha|Protect
|move|p1a: Malamar|Knock Off|p2b: Charizard
|-damage|p2b: Charizard|57/100
|move|p2b: Charizard|Weather Ball|p1a: Malamar
|-damage|p1a: Malamar|0 fnt
|faint|p1a: Malamar
|
|-weather|SunnyDay|[upkeep]
|upkeep
|
|t:|1784588588
|switch|p1a: Mawile|Mawile, L50, F|100/100
|turn|5
|
|t:|1784588599
|detailschange|p1a: Mawile|Mawile-Mega, L50, F
|-mega|p1a: Mawile|Mawile|Mawilite
|move|p2a: Toxapex|Toxic|p1b: Sinistcha
|-status|p1b: Sinistcha|tox
|move|p1a: Mawile|Rock Slide|p2b: Charizard|[spread] p2a,p2b
|-supereffective|p2b: Charizard|2
|-damage|p2a: Toxapex|74/100
|-damage|p2b: Charizard|0 fnt
|faint|p2b: Charizard
|move|p1b: Sinistcha|Matcha Gotcha|p2a: Toxapex
|-damage|p2a: Toxapex|47/100
|
|-weather|SunnyDay|[upkeep]
|-heal|p2a: Toxapex|53/100|[from] item: Leftovers
|-damage|p1b: Sinistcha|93/100 tox|[from] psn
|upkeep
|
|t:|1784588613
|switch|p2b: Garchomp|Garchomp, L50, F|100/100
|turn|6
|
|t:|1784588633
|move|p2a: Toxapex|Baneful Bunker|p2a: Toxapex
|-singleturn|p2a: Toxapex|move: Protect
|move|p1a: Mawile|Play Rough|p2b: Garchomp
|-supereffective|p2b: Garchomp|1
|-damage|p2b: Garchomp|0 fnt
|-damage|p1a: Mawile|87/100|[from] ability: Rough Skin|[of] p2b: Garchomp
|faint|p2b: Garchomp
|move|p1b: Sinistcha|Matcha Gotcha|p2a: Toxapex
|-activate|p2a: Toxapex|move: Protect
|
|-weather|SunnyDay|[upkeep]
|-heal|p2a: Toxapex|59/100|[from] item: Leftovers
|-damage|p1b: Sinistcha|81/100 tox|[from] psn
|-fieldend|move: Trick Room
|upkeep
|turn|7
|
|t:|1784588657
|move|p1b: Sinistcha|Matcha Gotcha|p2a: Toxapex
|-damage|p2a: Toxapex|32/100
|-heal|p1b: Sinistcha|93/100 tox|[from] drain|[of] p2a: Toxapex
|move|p1a: Mawile|Rock Slide|p2a: Toxapex|[miss]
|-miss|p1a: Mawile|p2a: Toxapex
|move|p2a: Toxapex|Infestation|p1a: Mawile
|-resisted|p1a: Mawile|2
|-damage|p1a: Mawile|87/100
|-activate|p1a: Mawile|move: Infestation|[of] p2a: Toxapex
|
|-weather|SunnyDay|[upkeep]
|-heal|p2a: Toxapex|38/100|[from] item: Leftovers
|-damage|p1b: Sinistcha|74/100 tox|[from] psn
|-damage|p1a: Mawile|75/100|[from] move: Infestation|[partiallytrapped]
|upkeep
|turn|8
|
|t:|1784588676
|move|p1a: Mawile|Protect|p1a: Mawile
|-singleturn|p1a: Mawile|Protect
|move|p2a: Toxapex|Baneful Bunker|p2a: Toxapex
|-singleturn|p2a: Toxapex|move: Protect
|move|p1b: Sinistcha|Life Dew|p1b: Sinistcha|[spread] p1a,p1b
|-heal|p1a: Mawile|100/100
|-heal|p1b: Sinistcha|99/100 tox
|
|-weather|none
|-heal|p2a: Toxapex|43/100|[from] item: Leftovers
|-damage|p1b: Sinistcha|74/100 tox|[from] psn
|-damage|p1a: Mawile|87/100|[from] move: Infestation|[partiallytrapped]
|upkeep
|turn|9
|
|t:|1784588691
|move|p1b: Sinistcha|Matcha Gotcha|p2a: Toxapex
|-damage|p2a: Toxapex|20/100y
|-heal|p1b: Sinistcha|85/100 tox|[from] drain|[of] p2a: Toxapex
|move|p1a: Mawile|Play Rough|p2a: Toxapex
|-resisted|p2a: Toxapex|1
|-damage|p2a: Toxapex|0 fnt
|faint|p2a: Toxapex
|
|win|HenriqueZVGC
|raw|HenriqueZVGC's rating: 1140 → 1159(+19 for winning)
|raw|PonchoTheCat's rating: 1051 → 1038(-13 for losing)
