|j|вҳҶCretaceousDraconid
|j|вҳҶbcoffey1010
|html|CretaceousDraconidbcoffey1010    
|uhtml|bestof|Game 1 of a best-of-3
|t:|1757745993
|gametype|doubles
|player|p1|CretaceousDraconid|zinnia-masters|1287
|player|p2|bcoffey1010|169|1293
|gen|9
|tier|[Gen 9] VGC 2025 Reg H (Bo3)
|rated|
|rule|Species Clause: Limit one of each PokГ©mon
|rule|Item Clause: Limit 1 of each item
|clearpoke
|poke|p1|Indeedee-F, L50, F|
|poke|p1|Hatterene, L50, F|
|poke|p1|Torkoal, L50, F|
|poke|p1|Farigiraf, L50, F|
|poke|p1|Ursaluna, L50, F|
|poke|p1|Lilligant-Hisui, L50, F|
|poke|p2|Indeedee-F, L50, F|
|poke|p2|Hatterene, L50, F|
|poke|p2|Gallade, L50, M|
|poke|p2|Ursaluna, L50, M|
|poke|p2|Lilligant-Hisui, L50, F|
|poke|p2|Torkoal, L50, M|
|teampreview|4
|showteam|p1|Indeedee-F||PsychicSeed|PsychicSurge|FollowMe,Psychic,TrickRoom,HelpingHand|||F|||50|,,,,,Grass]Hatterene||LifeOrb|MagicBounce|ExpandingForce,DazzlingGleam,MysticalFire,TrickRoom|||F|||50|,,,,,Fire]Torkoal||ChoiceSpecs|Drought|WeatherBall,Eruption,HeatWave,SolarBeam|||F|||50|,,,,,Fire]Farigiraf||SafetyGoggles|ArmorTail|TrickRoom,HyperVoice,HelpingHand,Psychic|||F|||50|,,,,,Flying]Ursaluna||FlameOrb|Guts|HeadlongRush,Earthquake,Facade,Protect|||F|||50|,,,,,Ground]Lilligant-Hisui||FocusSash|Chlorophyll|SleepPowder,CloseCombat,AfterYou,LeafBlade|||F|||50|,,,,,Ghost
|showteam|p2|Indeedee-F||PsychicSeed|PsychicSurge|TrickRoom,FollowMe,HelpingHand,DazzlingGleam|||F|||50|,,,,,Fire]Hatterene||LifeOrb|MagicBounce|ExpandingForce,TrickRoom,DazzlingGleam,Protect|||F|||50|,,,,,Psychic]Gallade||ClearAmulet|Sharpness|PsychoCut,TrickRoom,SacredSword,WideGuard|||M|||50|,,,,,Grass]Ursaluna||FlameOrb|Guts|HeadlongRush,Facade,SwordsDance,Protect|||M|||50|,,,,,Ghost]Lilligant-Hisui||FocusSash|Chlorophyll|SolarBlade,SleepPowder,CloseCombat,AfterYou|||F|||50|,,,,,Ghost]Torkoal||ChoiceSpecs|Drought|Eruption,HeatWave,WeatherBall,EarthPower|||M|||50|,,,,,Fire
|inactive|Battle timer is ON: inactive players will automatically lose when time's up. (requested by bcoffey1010)
|
|t:|1757746032
|teamsize|p1|4
|teamsize|p2|4
|start
|switch|p1a: Torkoal|Torkoal, L50, F|100/100
|switch|p1b: Lilligant|Lilligant-Hisui, L50, F|100/100
|switch|p2a: зҙ«з«ҪеҘҪеҸҜж„ӣ|Lilligant-Hisui, L50, F, shiny|100/100
|switch|p2b: еӨӘжЁӮе·ҙжҲҲж–Ҝ|Torkoal, L50, M, shiny|100/100
|-weather|SunnyDay|[from] ability: Drought|[of] p2b: еӨӘжЁӮе·ҙжҲҲж–Ҝ
|turn|1
|
|t:|1757746048
|move|p2a: зҙ«з«ҪеҘҪеҸҜж„ӣ|After You|p2b: еӨӘжЁӮе·ҙжҲҲж–Ҝ
|-activate|p2b: еӨӘжЁӮе·ҙжҲҲж–Ҝ|move: After You
|move|p2b: еӨӘжЁӮе·ҙжҲҲж–Ҝ|Eruption|p1a: Torkoal|[spread] p1a,p1b
|-resisted|p1a: Torkoal
|-supereffective|p1b: Lilligant
|-crit|p1b: Lilligant
|-damage|p1a: Torkoal|24/100
|-enditem|p1b: Lilligant|Focus Sash
|-damage|p1b: Lilligant|1/100
|move|p1b: Lilligant|Sleep Powder|p2b: еӨӘжЁӮе·ҙжҲҲж–Ҝ
|-status|p2b: еӨӘжЁӮе·ҙжҲҲж–Ҝ|slp|[from] move: Sleep Powder
|move|p1a: Torkoal|Heat Wave|p2b: еӨӘжЁӮе·ҙжҲҲж–Ҝ|[spread] p2a,p2b
|-supereffective|p2a: зҙ«з«ҪеҘҪеҸҜж„ӣ
|-resisted|p2b: еӨӘжЁӮе·ҙжҲҲж–Ҝ
|-enditem|p2a: зҙ«з«ҪеҘҪеҸҜж„ӣ|Focus Sash
|-damage|p2a: зҙ«з«ҪеҘҪеҸҜж„ӣ|1/100
|-damage|p2b: еӨӘжЁӮе·ҙжҲҲж–Ҝ|58/100 slp
|
|-weather|SunnyDay|[upkeep]
|upkeep
|turn|2
|
|t:|1757746071
|move|p2a: зҙ«з«ҪеҘҪеҸҜж„ӣ|Solar Blade||[still]
|-prepare|p2a: зҙ«з«ҪеҘҪеҸҜж„ӣ|Solar Blade
|-anim|p2a: зҙ«з«ҪеҘҪеҸҜж„ӣ|Solar Blade|p1b: Lilligant
|-resisted|p1b: Lilligant
|-damage|p1b: Lilligant|0 fnt
|faint|p1b: Lilligant
|cant|p2b: еӨӘжЁӮе·ҙжҲҲж–Ҝ|slp
|move|p1a: Torkoal|Heat Wave|p2b: еӨӘжЁӮе·ҙжҲҲж–Ҝ|[spread] p2a,p2b
|-supereffective|p2a: зҙ«з«ҪеҘҪеҸҜж„ӣ
|-resisted|p2b: еӨӘжЁӮе·ҙжҲҲж–Ҝ
|-damage|p2a: зҙ«з«ҪеҘҪеҸҜж„ӣ|0 fnt
|-damage|p2b: еӨӘжЁӮе·ҙжҲҲж–Ҝ|16/100 slp
|faint|p2a: зҙ«з«ҪеҘҪеҸҜж„ӣ
|
|-weather|SunnyDay|[upkeep]
|upkeep
|
|t:|1757746080
|switch|p2a: зҙ«з«ҪиҰӘиЎӣйҡҠ|Gallade, L50, M, shiny|100/100
|switch|p1b: Hatterene|Hatterene, L50, F|100/100
|turn|3
|inactive|bcoffey1010 has 30 seconds left.
|
|t:|1757746111
|switch|p1a: Farigiraf|Farigiraf, L50, F|100/100
|-terastallize|p2a: зҙ«з«ҪиҰӘиЎӣйҡҠ|Grass
|move|p2a: зҙ«з«ҪиҰӘиЎӣйҡҠ|Sacred Sword|p1a: Farigiraf
|-damage|p1a: Farigiraf|46/100
|move|p1b: Hatterene|Expanding Force|p2b: еӨӘжЁӮе·ҙжҲҲж–Ҝ
|-damage|p2b: еӨӘжЁӮе·ҙжҲҲж–Ҝ|0 fnt
|faint|p2b: еӨӘжЁӮе·ҙжҲҲж–Ҝ
|-damage|p1b: Hatterene|91/100|[from] item: Life Orb
|
|-weather|SunnyDay|[upkeep]
|upkeep
|
|t:|1757746114
|switch|p2b: зҙ«з«Ҫж•ІеҸҜж„ӣ|Hatterene, L50, F, shiny|100/100
|turn|4
|inactive|CretaceousDraconid has 30 seconds left.
|inactive|bcoffey1010 has 30 seconds left.
|
|t:|1757746142
|-terastallize|p1a: Farigiraf|Flying
|move|p2a: зҙ«з«ҪиҰӘиЎӣйҡҠ|Wide Guard|p2a: зҙ«з«ҪиҰӘиЎӣйҡҠ
|-singleturn|p2a: зҙ«з«ҪиҰӘиЎӣйҡҠ|Wide Guard
|move|p2b: зҙ«з«Ҫж•ІеҸҜж„ӣ|Dazzling Gleam|p1b: Hatterene|[spread] p1a,p1b
|-damage|p1a: Farigiraf|0 fnt
|-damage|p1b: Hatterene|43/100
|faint|p1a: Farigiraf
|-damage|p2b: зҙ«з«Ҫж•ІеҸҜж„ӣ|91/100|[from] item: Life Orb
|move|p1b: Hatterene|Mystical Fire|p2a: зҙ«з«ҪиҰӘиЎӣйҡҠ
|-supereffective|p2a: зҙ«з«ҪиҰӘиЎӣйҡҠ
|-damage|p2a: зҙ«з«ҪиҰӘиЎӣйҡҠ|0 fnt
|faint|p2a: зҙ«з«ҪиҰӘиЎӣйҡҠ
|-damage|p1b: Hatterene|33/100|[from] item: Life Orb
|
|-weather|SunnyDay|[upkeep]
|upkeep
|
|t:|1757746149
|switch|p1a: Torkoal|Torkoal, L50, F|24/100
|turn|5
|
|t:|1757746154
|move|p2b: зҙ«з«Ҫж•ІеҸҜж„ӣ|Dazzling Gleam|p1b: Hatterene|[spread] p1a,p1b
|-resisted|p1a: Torkoal
|-crit|p1a: Torkoal
|-damage|p1a: Torkoal|0 fnt
|-damage|p1b: Hatterene|0 fnt
|faint|p1a: Torkoal
|faint|p1b: Hatterene
|-damage|p2b: зҙ«з«Ҫж•ІеҸҜж„ӣ|82/100|[from] item: Life Orb
|
|win|bcoffey1010
||CretaceousDraconid is ready for game 2.
||bcoffey1010 is ready for game 2.
|uhtml|next|Next: Game 2 of 3
|l|вҳҶCretaceousDraconid
|player|p1|
|l|вҳҶbcoffey1010
|player|p2|
