|j|☆bluepropro
|j|☆SamyQuaver123
|html|blueproproSamyQuaver123    
|uhtml|bestof|Game 3 of a best-of-3
|t:|1782387146
|gametype|doubles
|player|p1|bluepropro|infielder|
|player|p2|SamyQuaver123|169|
|gen|9
|tier|[Gen 9 Champions] VGC 2026 Reg M-B (Bo3)
|rule|Species Clause: Limit one of each Pokémon
|rule|Item Clause: Limit 1 of each item
|clearpoke
|poke|p1|Lopunny, L50, M, shiny|
|poke|p1|Gholdengo, L50, shiny|
|poke|p1|Sinistcha-Masterpiece, L50, shiny|
|poke|p1|Kingambit, L50, M, shiny|
|poke|p1|Corviknight, L50, F, shiny|
|poke|p1|Sneasler, L50, F, shiny|
|poke|p2|Hawlucha, L50, M, shiny|
|poke|p2|Garchomp, L50, M, shiny|
|poke|p2|Tyranitar, L50, M, shiny|
|poke|p2|Gardevoir, L50, F, shiny|
|poke|p2|Rotom-Wash, L50, shiny|
|poke|p2|Charizard, L50, M, shiny|
|teampreview|4
|showteam|p1|Lopunny||Lopunnite|Limber|FakeOut,CloseCombat,TripleAxel,Uturn|Jolly||M|||50|]Gholdengo||LifeOrb|GoodasGold|MakeItRain,ShadowBall,Protect,NastyPlot|Timid|||||50|]Sinistcha-Masterpiece||SitrusBerry|Hospitality|MatchaGotcha,RagePowder,TrickRoom,LifeDew|Relaxed|||||50|]Kingambit||BlackGlasses|SupremeOverlord|KowtowCleave,IronHead,Protect,SuckerPunch|Adamant||M|||50|]Corviknight||Leftovers|MirrorArmor|BraveBird,BodyPress,Roost,Tailwind|Impish||F|||50|]Sneasler||FocusSash|Unburden|Protect,DireClaw,CloseCombat,FakeOut|Adamant||F|||50|
|showteam|p2|Hawlucha||WhiteHerb|Unburden|Acrobatics,CloseCombat,Coaching,UpperHand|Jolly||M|||50|]Garchomp||Garchompite|SandVeil|BreakingSwipe,Earthquake,RockSlide,Protect|Jolly||M|||50|]Tyranitar||SmoothRock|SandStream|KnockOff,Earthquake,RockTomb,Protect|Adamant||M|||50|]Gardevoir||ChoiceScarf|Telepathy|IcyWind,TrickRoom,GrassKnot,Psychic|Timid||F|||50|]Rotom-Wash||Leftovers|Levitate|Discharge,HydroPump,ThunderWave,HelpingHand|Bold|||||50|]Charizard||FocusSash|Blaze|HeatWave,AirSlash,Protect,Counter|Timid||M|||50|
|
|t:|1782387172
|teamsize|p1|4
|teamsize|p2|4
|start
|switch|p1a: BuNNie|Lopunny, L50, M, shiny|100/100
|switch|p1b: gold thing|Gholdengo, L50, shiny|100/100
|switch|p2a: Gardevoir|Gardevoir, L50, F, shiny|100/100
|switch|p2b: Firo|Charizard, L50, M, shiny|100/100
|turn|1
|
|t:|1782387199
|detailschange|p1a: BuNNie|Lopunny-Mega, L50, M, shiny
|-mega|p1a: BuNNie|Lopunny|Lopunnite
|move|p1a: BuNNie|Fake Out|p2b: Firo
|-damage|p2b: Firo|70/100
|move|p2a: Gardevoir|Icy Wind|p1a: BuNNie|[spread] p1a,p1b
|-resisted|p1b: gold thing|1
|-damage|p1a: BuNNie|81/100
|-damage|p1b: gold thing|92/100
|-unboost|p1a: BuNNie|spe|1
|-unboost|p1b: gold thing|spe|1
|cant|p2b: Firo|flinch
|move|p1b: gold thing|Make It Rain|p2a: Gardevoir|[spread] p2a,p2b
|-supereffective|p2a: Gardevoir|1
|-resisted|p2b: Firo|1
|-damage|p2a: Gardevoir|0 fnt
|-damage|p2b: Firo|30/100
|-unboost|p1b: gold thing|spa|2
|faint|p2a: Gardevoir
|-damage|p1b: gold thing|82/100|[from] item: Life Orb
|
|upkeep
|
|t:|1782387217
|switch|p2a: Tyranitar|Tyranitar, L50, M, shiny|100/100
|-weather|Sandstorm|[from] ability: Sand Stream|[of] p2a: Tyranitar
|turn|2
|
|t:|1782387233
|switch|p1b: this emo guy|Sneasler, L50, F, shiny|100/100
|move|p2b: Firo|Heat Wave|p1a: BuNNie|[spread] p1a
|-miss|p2b: Firo|p1b: this emo guy
|-damage|p1a: BuNNie|14/100
|move|p1a: BuNNie|Close Combat|p2a: Tyranitar
|-supereffective|p2a: Tyranitar|2
|-damage|p2a: Tyranitar|0 fnt
|-unboost|p1a: BuNNie|def|1
|-unboost|p1a: BuNNie|spd|1
|faint|p2a: Tyranitar
|
|-weather|Sandstorm|[upkeep]
|-damage|p1b: this emo guy|94/100|[from] Sandstorm
|-damage|p2b: Firo|24/100|[from] Sandstorm
|-damage|p1a: BuNNie|8/100|[from] Sandstorm
|upkeep
|
|t:|1782387247
|switch|p2a: Garchomp|Garchomp, L50, M, shiny|100/100
|turn|3
|
|t:|1782387267
|detailschange|p2a: Garchomp|Garchomp-Mega, L50, M, shiny
|-mega|p2a: Garchomp|Garchomp|Garchompite
|move|p1b: this emo guy|Fake Out|p2b: Firo
|-damage|p2b: Firo|1/100
|cant|p2b: Firo|flinch
|move|p2a: Garchomp|Earthquake|p1a: BuNNie|[spread] p1a,p1b
|-immune|p2b: Firo
|-supereffective|p1b: this emo guy|1
|-damage|p1a: BuNNie|0 fnt
|-damage|p1b: this emo guy|0 fnt
|faint|p1a: BuNNie
|faint|p1b: this emo guy
|
|-weather|Sandstorm|[upkeep]
|-damage|p2b: Firo|0 fnt|[from] Sandstorm
|faint|p2b: Firo
|upkeep
|
|t:|1782387284
|switch|p1a: birb|Corviknight, L50, F, shiny|100/100
|switch|p1b: gold thing|Gholdengo, L50, shiny|82/100
|turn|4
|
|t:|1782387299
|move|p1b: gold thing|Protect|p1b: gold thing
|-singleturn|p1b: gold thing|Protect
|move|p2a: Garchomp|Earthquake|p1a: birb|[spread] 
|-activate|p1b: gold thing|move: Protect
|-immune|p1a: birb
|move|p1a: birb|Tailwind|p1a: birb
|-sidestart|p1: bluepropro|move: Tailwind
|
|-weather|Sandstorm|[upkeep]
|upkeep
|turn|5
|
|t:|1782387319
|move|p1b: gold thing|Make It Rain|p2a: Garchomp
|-damage|p2a: Garchomp|9/100
|-unboost|p1b: gold thing|spa|2
|-damage|p1b: gold thing|72/100|[from] item: Life Orb
|move|p1a: birb|Brave Bird|p2a: Garchomp
|-damage|p2a: Garchomp|0 fnt
|faint|p2a: Garchomp
|-damage|p1a: birb|97/100|[from] Recoil
|
|win|bluepropro
|l|☆SamyQuaver123
|player|p2|
