|j|☆sturmkitten69
|j|☆iplaypadel
|html|sturmkitten69iplaypadel    
|uhtml|bestof|Game 3 of a best-of-3
|t:|1785402719
|gametype|doubles
|player|p1|sturmkitten69|fisherman-gen4|1192
|player|p2|iplaypadel|170|1216
|gen|9
|tier|[Gen 9 Champions] VGC 2026 Reg M-B (Bo3)
|rated|
|rule|Species Clause: Limit one of each Pokémon
|rule|Item Clause: Limit 1 of each item
|clearpoke
|poke|p1|Tyranitar, L50, F|
|poke|p1|Excadrill, L50, F|
|poke|p1|Gholdengo, L50|
|poke|p1|Sylveon, L50, F|
|poke|p1|Farigiraf, L50, F, shiny|
|poke|p1|Incineroar, L50, M, shiny|
|poke|p2|Floette-Eternal, L50, F|
|poke|p2|Incineroar, L50, M|
|poke|p2|Sinistcha, L50|
|poke|p2|Basculegion, L50, M|
|poke|p2|Pelipper, L50, M|
|poke|p2|Sneasler, L50, M|
|teampreview|4
|showteam|p1|Tyranitar||Tyranitarite|SandStream|KnockOff,Protect,RockSlide,DragonDance|Adamant||F|||50|]Excadrill||FocusSash|SandRush|Earthquake,RockSlide,Protect,IronHead|Adamant||F|||50|]Gholdengo||LifeOrb|GoodasGold|ShadowBall,Protect,MakeItRain,NastyPlot|Modest|||||50|]Sylveon||FairyFeather|Pixilate|HyperVoice,HyperBeam,Protect,QuickAttack|Modest||F|||50|]Farigiraf||SitrusBerry|ArmorTail|Psychic,Thunderbolt,HelpingHand,TrickRoom|Bold||F|||50|]Incineroar||PasshoBerry|Intimidate|FakeOut,PartingShot,ThroatChop,FlareBlitz|Impish||M|||50|
|showteam|p2|Floette-Eternal||Floettite|FlowerVeil|DazzlingGleam,DrainingKiss,CalmMind,Protect|Timid||F|||50|]Incineroar||SitrusBerry|Intimidate|FakeOut,FlareBlitz,HelpingHand,PartingShot|Careful||M|||50|]Sinistcha||ColburBerry|Hospitality|MatchaGotcha,RagePowder,TrickRoom,Protect|Relaxed|||||50|]Basculegion||ChoiceScarf|Adaptability|WaveCrash,LastRespects,FlipTurn,AquaJet|Jolly||M|||50|]Pelipper||FocusSash|Drizzle|Hurricane,WeatherBall,Tailwind,WideGuard|Timid||M|||50|]Sneasler||WhiteHerb|Unburden|FakeOut,CloseCombat,DireClaw,Protect|Adamant||M|||50|
|inactive|Battle timer is ON: inactive players will automatically lose when time's up. (requested by iplaypadel)
|
|t:|1785402747
|teamsize|p1|4
|teamsize|p2|4
|start
|switch|p1a: Tyranitar|Tyranitar, L50, F|100/100
|switch|p1b: Excadrill|Excadrill, L50, F|100/100
|switch|p2a: Incineroar|Incineroar, L50, M|100/100
|switch|p2b: Basculegion|Basculegion, L50, M|100/100
|-weather|Sandstorm|[from] ability: Sand Stream|[of] p1a: Tyranitar
|-ability|p2a: Incineroar|Intimidate|boost
|-unboost|p1a: Tyranitar|atk|1
|-unboost|p1b: Excadrill|atk|1
|turn|1
|
|t:|1785402769
|move|p1b: Excadrill|Protect|p1b: Excadrill
|-singleturn|p1b: Excadrill|Protect
|move|p1a: Tyranitar|Protect|p1a: Tyranitar
|-singleturn|p1a: Tyranitar|Protect
|move|p2b: Basculegion|Flip Turn|p1b: Excadrill
|-activate|p1b: Excadrill|move: Protect
|move|p2a: Incineroar|Parting Shot|p1a: Tyranitar
|-activate|p1a: Tyranitar|move: Protect
|
|-weather|Sandstorm|[upkeep]
|-damage|p2b: Basculegion|93/100|[from] Sandstorm
|-damage|p2a: Incineroar|94/100|[from] Sandstorm
|upkeep
|turn|2
|inactive|sturmkitten69 has 30 seconds left.
|
|t:|1785402795
|switch|p1a: Farigiraf|Farigiraf, L50, F, shiny|100/100
|move|p1b: Excadrill|Rock Slide|p2a: Incineroar|[spread] p2a,p2b
|-supereffective|p2a: Incineroar|1
|-damage|p2a: Incineroar|69/100
|-damage|p2b: Basculegion|74/100
|move|p2b: Basculegion|Flip Turn|p1b: Excadrill
|-supereffective|p1b: Excadrill|1
|-crit|p1b: Excadrill
|-enditem|p1b: Excadrill|Focus Sash
|-damage|p1b: Excadrill|1/100
|
|t:|1785402804
|switch|p2b: Floette|Floette-Eternal, L50, F|100/100|[from] Flip Turn
|cant|p2a: Incineroar|flinch
|
|-weather|Sandstorm|[upkeep]
|-damage|p2b: Floette|94/100|[from] Sandstorm
|-damage|p2a: Incineroar|63/100|[from] Sandstorm
|-damage|p1a: Farigiraf|93/100|[from] Sandstorm
|upkeep
|turn|3
|inactive|sturmkitten69 has 30 seconds left.
|
|t:|1785402835
|detailschange|p2b: Floette|Floette-Mega, L50, F
|-mega|p2b: Floette|Floette|Floettite
|-ability|p2b: Floette|Fairy Aura
|move|p1a: Farigiraf|Helping Hand|p1b: Excadrill
|-singleturn|p1b: Excadrill|Helping Hand|[of] p1a: Farigiraf
|move|p2b: Floette|Protect|p2b: Floette
|-singleturn|p2b: Floette|Protect
|move|p1b: Excadrill|Rock Slide|p2b: Floette|[spread] 
|-activate|p2b: Floette|move: Protect
|-miss|p1b: Excadrill|p2a: Incineroar
|move|p2a: Incineroar|Parting Shot|p1a: Farigiraf
|-unboost|p1a: Farigiraf|atk|1
|-unboost|p1a: Farigiraf|spa|1
|
|t:|1785402857
|switch|p2a: Basculegion|Basculegion, L50, M|74/100|[from] Parting Shot
|
|-weather|Sandstorm|[upkeep]
|-damage|p2a: Basculegion|68/100|[from] Sandstorm
|-damage|p2b: Floette|88/100|[from] Sandstorm
|-damage|p1a: Farigiraf|87/100|[from] Sandstorm
|upkeep
|turn|4
|
|t:|1785402880
|switch|p2b: Incineroar|Incineroar, L50, M|63/100
|-ability|p2b: Incineroar|Intimidate|boost
|-unboost|p1a: Farigiraf|atk|1
|-unboost|p1b: Excadrill|atk|1
|move|p1b: Excadrill|Iron Head|p2b: Incineroar
|-resisted|p2b: Incineroar|1
|-damage|p2b: Incineroar|52/100
|move|p2a: Basculegion|Flip Turn|p1a: Farigiraf
|-damage|p1a: Farigiraf|55/100
|
|t:|1785402890
|switch|p2a: Floette|Floette-Mega, L50, F|88/100|[from] Flip Turn
|-ability|p2a: Floette|Fairy Aura
|move|p1a: Farigiraf|Thunderbolt|p2a: Floette
|-damage|p2a: Floette|75/100
|
|-weather|Sandstorm|[upkeep]
|-damage|p2a: Floette|69/100|[from] Sandstorm
|-damage|p2b: Incineroar|47/100|[from] Sandstorm
|-damage|p1a: Farigiraf|49/100|[from] Sandstorm
|-enditem|p2b: Incineroar|Sitrus Berry|[eat]
|-heal|p2b: Incineroar|71/100|[from] item: Sitrus Berry
|-enditem|p1a: Farigiraf|Sitrus Berry|[eat]
|-heal|p1a: Farigiraf|74/100|[from] item: Sitrus Berry
|upkeep
|turn|5
|
|t:|1785402913
|move|p1b: Excadrill|Rock Slide|p2a: Floette|[spread] p2a,p2b
|-supereffective|p2b: Incineroar|1
|-damage|p2a: Floette|58/100
|-damage|p2b: Incineroar|54/100
|move|p2a: Floette|Draining Kiss|p1a: Farigiraf
|-damage|p1a: Farigiraf|45/100
|-heal|p2a: Floette|92/100|[from] drain|[of] p1a: Farigiraf
|move|p2b: Incineroar|Flare Blitz|p1b: Excadrill
|-supereffective|p1b: Excadrill|1
|-damage|p1b: Excadrill|0 fnt
|faint|p1b: Excadrill
|-damage|p2b: Incineroar|54/100|[from] Recoil
|move|p1a: Farigiraf|Trick Room|p1a: Farigiraf
|-fieldstart|move: Trick Room|[of] p1a: Farigiraf
|
|-weather|none
|upkeep
|
|t:|1785402926
|switch|p1b: Sylveon|Sylveon, L50, F|100/100
|turn|6
|
|t:|1785402948
|move|p1a: Farigiraf|Helping Hand|p1b: Sylveon
|-singleturn|p1b: Sylveon|Helping Hand|[of] p1a: Farigiraf
|move|p2b: Incineroar|Helping Hand|p2a: Floette
|-singleturn|p2a: Floette|Helping Hand|[of] p2b: Incineroar
|move|p1b: Sylveon|Hyper Voice|p2b: Incineroar|[spread] p2a,p2b
|-damage|p2a: Floette|14/100
|-damage|p2b: Incineroar|0 fnt
|faint|p2b: Incineroar
|move|p2a: Floette|Draining Kiss|p1a: Farigiraf
|-damage|p1a: Farigiraf|0 fnt
|-heal|p2a: Floette|65/100|[from] drain|[of] p1a: Farigiraf
|faint|p1a: Farigiraf
|
|upkeep
|
|t:|1785402960
|switch|p1a: Tyranitar|Tyranitar, L50, F|100/100
|switch|p2b: Pelipper|Pelipper, L50, M|100/100
|-weather|Sandstorm|[from] ability: Sand Stream|[of] p1a: Tyranitar
|-weather|RainDance|[from] ability: Drizzle|[of] p2b: Pelipper
|turn|7
|
|t:|1785402982
|move|p2b: Pelipper|Wide Guard|p2b: Pelipper
|-singleturn|p2b: Pelipper|Wide Guard
|move|p1b: Sylveon|Hyper Beam|p2a: Floette
|-damage|p2a: Floette|0 fnt
|-mustrecharge|p1b: Sylveon
|faint|p2a: Floette
|move|p1a: Tyranitar|Knock Off|p2b: Pelipper
|-damage|p2b: Pelipper|28/100
|-enditem|p2b: Pelipper|Focus Sash|[from] move: Knock Off|[of] p1a: Tyranitar
|
|-weather|RainDance|[upkeep]
|upkeep
|
|t:|1785402989
|switch|p2a: Basculegion|Basculegion, L50, M|68/100
|turn|8
|inactive|iplaypadel has 30 seconds left.
|c|☆sturmkitten69|u ready for this
|inactive|iplaypadel has 20 seconds left.
|inactive|iplaypadel has 15 seconds left.
|c|☆sturmkitten69|this is the sand special
|inactive|iplaypadel has 10 seconds left.
|
|t:|1785403036
|detailschange|p1a: Tyranitar|Tyranitar-Mega, L50, F
|-mega|p1a: Tyranitar|Tyranitar|Tyranitarite
|-weather|Sandstorm|[from] ability: Sand Stream|[of] p1a: Tyranitar
|move|p2a: Basculegion|Aqua Jet|p1b: Sylveon
|-damage|p1b: Sylveon|71/100
|cant|p1b: Sylveon|recharge
|move|p1a: Tyranitar|Knock Off|p2a: Basculegion
|-supereffective|p2a: Basculegion|1
|-damage|p2a: Basculegion|0 fnt
|-enditem|p2a: Basculegion|Choice Scarf|[from] move: Knock Off|[of] p1a: Tyranitar
|faint|p2a: Basculegion
|move|p2b: Pelipper|Weather Ball|p1a: Tyranitar
|-damage|p1a: Tyranitar|85/100
|
|-weather|Sandstorm|[upkeep]
|-damage|p1b: Sylveon|65/100|[from] Sandstorm
|-damage|p2b: Pelipper|22/100|[from] Sandstorm
|upkeep
|turn|9
|inactive|sturmkitten69 has 30 seconds left.
|
|t:|1785403064
|move|p1b: Sylveon|Quick Attack|p2b: Pelipper
|-damage|p2b: Pelipper|6/100
|move|p1a: Tyranitar|Knock Off|p2b: Pelipper
|-damage|p2b: Pelipper|0 fnt
|faint|p2b: Pelipper
|
|win|sturmkitten69
|raw|sturmkitten69's rating: 1192 → 1219(+27 for winning)
|raw|iplaypadel's rating: 1216 → 1189(-27 for losing)
