|j|☆Baxter1357924680
|j|☆M00ncell
|html|Baxter1357924680M00ncell    
|uhtml|bestof|Game 2 of a best-of-3
|t:|1783323136
|gametype|doubles
|player|p1|Baxter1357924680|1|
|player|p2|M00ncell|plasmagrunt|
|gen|9
|tier|[Gen 9 Champions] VGC 2026 Reg M-B (Bo3)
|rule|Species Clause: Limit one of each Pokémon
|rule|Item Clause: Limit 1 of each item
|clearpoke
|poke|p1|Aegislash, L50, M, shiny|
|poke|p1|Lucario, L50, M, shiny|
|poke|p1|Dragonite, L50, M, shiny|
|poke|p1|Ditto, L50, shiny|
|poke|p1|Annihilape, L50, M, shiny|
|poke|p1|Greninja, L50, M, shiny|
|poke|p2|Staraptor, L50, F|
|poke|p2|Whimsicott, L50, M|
|poke|p2|Garchomp, L50, F|
|poke|p2|Basculegion, L50, M|
|poke|p2|Incineroar, L50, M|
|poke|p2|Charizard, L50, F|
|teampreview|4
|showteam|p1|Aegislash||Leftovers|StanceChange|RockSlide,SacredSword,AirSlash,CloseCombat|Serious||M|||50|]Lucario||Lucarionite|InnerFocus|Agility,CrossChop,ThunderPunch,BlazeKick|Serious||M|||50|]Dragonite||Dragoninite|Multiscale|DracoMeteor,Flamethrower,Superpower,StoneEdge|Serious||M|||50|]Ditto||ExpertBelt|Imposter|Transform|Serious|||||50|]Annihilape||ChoiceScarf|VitalSpirit|BrickBreak,CloseCombat,CrossChop,RockSlide|Serious||M|||50|]Greninja||Greninjite|Protean|Liquidation,WaterShuriken,QuickAttack,FlipTurn|Serious||M|||50|
|showteam|p2|Staraptor||Staraptite|Intimidate|CloseCombat,BraveBird,Protect,Roost|Jolly||F|||50|]Whimsicott||FocusSash|Prankster|Moonblast,Tailwind,Encore,Protect|Timid||M|||50|]Garchomp||LifeOrb|RoughSkin|DragonClaw,Protect,Earthquake,RockSlide|Jolly||F|||50|]Basculegion||ChoiceScarf|Adaptability|LastRespects,AquaJet,WaveCrash,FlipTurn|Adamant||M|||50|]Incineroar||SitrusBerry|Intimidate|FakeOut,PartingShot,FlareBlitz,ThroatChop|Careful||M|||50|]Charizard||CharizarditeY|Blaze|Protect,HeatWave,SolarBeam,WeatherBall|Modest||F|||50|
|
|t:|1783323151
|teamsize|p1|4
|teamsize|p2|4
|start
|switch|p1a: Lucario|Lucario, L50, M, shiny|100/100
|switch|p1b: Annihilape|Annihilape, L50, M, shiny|100/100
|switch|p2a: Incineroar|Incineroar, L50, M|100/100
|switch|p2b: Garchomp|Garchomp, L50, F|100/100
|-ability|p2a: Incineroar|Intimidate|boost
|-fail|p1a: Lucario|unboost|Attack|[from] ability: Inner Focus|[of] p1a: Lucario
|-unboost|p1b: Annihilape|atk|1
|turn|1
|
|t:|1783323181
|move|p2a: Incineroar|Fake Out|p1a: Lucario
|-resisted|p1a: Lucario|1
|-damage|p1a: Lucario|93/100
|move|p1b: Annihilape|Rock Slide|p2b: Garchomp|[spread] p2a,p2b
|-supereffective|p2a: Incineroar|1
|-resisted|p2b: Garchomp|1
|-damage|p2a: Incineroar|81/100
|-damage|p2b: Garchomp|93/100
|move|p2b: Garchomp|Dragon Claw|p1b: Annihilape
|-damage|p1b: Annihilape|44/100
|-damage|p2b: Garchomp|84/100|[from] item: Life Orb
|move|p1a: Lucario|Cross Chop|p2a: Incineroar
|-supereffective|p2a: Incineroar|1
|-damage|p2a: Incineroar|8/100
|-enditem|p2a: Incineroar|Sitrus Berry|[eat]
|-heal|p2a: Incineroar|33/100|[from] item: Sitrus Berry
|
|upkeep
|turn|2
|
|t:|1783323230
|switch|p2a: Staraptor|Staraptor, L50, F|100/100
|-ability|p2a: Staraptor|Intimidate|boost
|-fail|p1a: Lucario|unboost|Attack|[from] ability: Inner Focus|[of] p1a: Lucario
|-unboost|p1b: Annihilape|atk|1
|move|p1b: Annihilape|Rock Slide|p2a: Staraptor|[spread] p2a,p2b
|-supereffective|p2a: Staraptor|1
|-resisted|p2b: Garchomp|1
|-damage|p2a: Staraptor|75/100
|-damage|p2b: Garchomp|79/100
|cant|p2b: Garchomp|flinch
|move|p1a: Lucario|Cross Chop|p2a: Staraptor|[miss]
|-miss|p1a: Lucario|p2a: Staraptor
|
|upkeep
|turn|3
|
|t:|1783323257
|move|p2a: Staraptor|Protect|p2a: Staraptor
|-singleturn|p2a: Staraptor|Protect
|move|p1b: Annihilape|Rock Slide|p2b: Garchomp|[spread] p2b
|-activate|p2a: Staraptor|move: Protect
|-resisted|p2b: Garchomp|1
|-damage|p2b: Garchomp|75/100
|cant|p2b: Garchomp|flinch
|move|p1a: Lucario|Thunder Punch|p2a: Staraptor
|-activate|p2a: Staraptor|move: Protect
|
|upkeep
|turn|4
|
|t:|1783323281
|detailschange|p1a: Lucario|Lucario-Mega, L50, M, shiny
|-mega|p1a: Lucario|Lucario|Lucarionite
|move|p1b: Annihilape|Rock Slide|p2a: Staraptor|[spread] p2a,p2b
|-supereffective|p2a: Staraptor|1
|-resisted|p2b: Garchomp|1
|-damage|p2a: Staraptor|53/100
|-damage|p2b: Garchomp|72/100
|move|p2b: Garchomp|Earthquake|p1b: Annihilape|[spread] p1a,p1b
|-immune|p2a: Staraptor
|-supereffective|p1a: Lucario|1
|-damage|p1a: Lucario|0 fnt
|-damage|p1b: Annihilape|0 fnt
|faint|p1a: Lucario
|faint|p1b: Annihilape
|-damage|p2b: Garchomp|62/100|[from] item: Life Orb
|cant|p2a: Staraptor|flinch
|
|upkeep
|
|t:|1783323300
|switch|p1a: Aegislash|Aegislash, L50, M, shiny|100/100
|switch|p1b: Ditto|Ditto, L50, shiny|100/100
|-transform|p1b: Ditto|p2a: Staraptor|[from] ability: Imposter
|-ability|p1b: Ditto|Intimidate|boost
|-unboost|p2a: Staraptor|atk|1
|-unboost|p2b: Garchomp|atk|1
|turn|5
|
|t:|1783323340
|switch|p2a: Incineroar|Incineroar, L50, M|33/100
|-ability|p2a: Incineroar|Intimidate|boost
|-unboost|p1a: Aegislash|atk|1
|-unboost|p1b: Ditto|atk|1
|move|p2b: Garchomp|Rock Slide|p1b: Ditto|[spread] p1a,p1b
|-resisted|p1a: Aegislash|1
|-supereffective|p1b: Ditto|1
|-damage|p1a: Aegislash|93/100
|-damage|p1b: Ditto|39/100
|-damage|p2b: Garchomp|52/100|[from] item: Life Orb
|move|p1b: Ditto|Close Combat|p2b: Garchomp
|-damage|p2b: Garchomp|24/100
|-unboost|p1b: Ditto|def|1
|-unboost|p1b: Ditto|spd|1
|-damage|p1b: Ditto|27/100|[from] ability: Rough Skin|[of] p2b: Garchomp
|cant|p1a: Aegislash|flinch
|
|-heal|p1a: Aegislash|99/100|[from] item: Leftovers
|upkeep
|turn|6
|
|t:|1783323385
|switch|p2b: Staraptor|Staraptor, L50, F|53/100
|-ability|p2b: Staraptor|Intimidate|boost
|-unboost|p1a: Aegislash|atk|1
|-unboost|p1b: Ditto|atk|1
|switch|p2a: Basculegion|Basculegion, L50, M|100/100
|move|p1b: Ditto|Close Combat|p2a: Basculegion
|-immune|p2a: Basculegion
|-formechange|p1a: Aegislash|Aegislash-Blade|
|move|p1a: Aegislash|Rock Slide|p2a: Basculegion|[spread] p2a,p2b
|-supereffective|p2b: Staraptor|1
|-damage|p2a: Basculegion|88/100
|-damage|p2b: Staraptor|24/100
|
|-heal|p1a: Aegislash|100/100|[from] item: Leftovers
|upkeep
|turn|7
|
|t:|1783323418
|detailschange|p2b: Staraptor|Staraptor-Mega, L50, F
|-mega|p2b: Staraptor|Staraptor|Staraptite
|move|p2a: Basculegion|Wave Crash|p1a: Aegislash
|-damage|p1a: Aegislash|0 fnt
|faint|p1a: Aegislash
|-damage|p2a: Basculegion|64/100|[from] Recoil
|move|p2b: Staraptor|Close Combat|p1b: Ditto
|-damage|p1b: Ditto|0 fnt
|-boost|p2b: Staraptor|def|1
|-boost|p2b: Staraptor|spd|1
|faint|p1b: Ditto
|
|win|M00ncell
|c|☆M00ncell|gg
|c|☆Baxter1357924680|gg
