|j|☆mudkipc4
|j|☆KodeBeast0526
|html|mudkipc4KodeBeast0526    
|uhtml|bestof|Game 2 of a best-of-3
|t:|1783396509
|gametype|doubles
|player|p1|mudkipc4|pokemaniac|1188
|player|p2|KodeBeast0526|sailor|1204
|gen|9
|tier|[Gen 9 Champions] VGC 2026 Reg M-B (Bo3)
|rated|
|rule|Species Clause: Limit one of each Pokémon
|rule|Item Clause: Limit 1 of each item
|clearpoke
|poke|p1|Mawile, L50, F|
|poke|p1|Gengar, L50, F|
|poke|p1|Farigiraf, L50, F|
|poke|p1|Torkoal, L50, M|
|poke|p1|Aerodactyl, L50, M|
|poke|p1|Hydreigon, L50, M|
|poke|p2|Gengar, L50, M, shiny|
|poke|p2|Swampert, L50, F, shiny|
|poke|p2|Incineroar, L50, F, shiny|
|poke|p2|Politoed, L50, F, shiny|
|poke|p2|Archaludon, L50, F|
|poke|p2|Vivillon-Ocean, L50, F|
|teampreview|4
|showteam|p1|Mawile||Mawilite|Intimidate|PlayRough,IronHead,SuckerPunch,Protect|Adamant||F|||50|]Gengar||Gengarite|CursedBody|ShadowBall,SludgeBomb,Disable,Protect|Timid||F|||50|]Farigiraf||SitrusBerry|ArmorTail|Psychic,TrickRoom,Protect,Imprison|Bold||F|||50|]Torkoal||Charcoal|Drought|Eruption,Yawn,WeatherBall,Protect|Quiet||M|||50|]Aerodactyl||FocusSash|Unnerve|Tailwind,Taunt,RockSlide,WideGuard|Jolly||M|||50|]Hydreigon||LifeOrb|Levitate|DracoMeteor,EarthPower,DarkPulse,Snarl|Timid||M|||50|
|showteam|p2|Gengar||Gengarite|CursedBody|ShadowBall,PerishSong,SludgeBomb,Protect|Timid||M|||50|]Swampert||Swampertite|Torrent|WaveCrash,Earthquake,IcePunch,Protect|Adamant||F|||50|]Incineroar||PasshoBerry|Intimidate|ThroatChop,PartingShot,FakeOut,Protect|Sassy||F|||50|]Politoed||SitrusBerry|Drizzle|WeatherBall,PerishSong,Encore,Protect|Calm||F|||50|]Archaludon||Leftovers|Stamina|DragonPulse,FlashCannon,ElectroShot,Protect|Bold||F|||50|]Vivillon-Ocean||FocusSash|CompoundEyes|Hurricane,SleepPowder,RagePowder,Protect|Timid||F|||50|
|inactive|Battle timer is ON: inactive players will automatically lose when time's up. (requested by KodeBeast0526)
|
|t:|1783396546
|teamsize|p1|4
|teamsize|p2|4
|start
|switch|p1a: Aerodactyl|Aerodactyl, L50, M|100/100
|switch|p1b: Hydreigon|Hydreigon, L50, M|100/100
|switch|p2a: Swampert|Swampert, L50, F, shiny|100/100
|switch|p2b: Incineroar|Incineroar, L50, F, shiny|100/100
|-ability|p1a: Aerodactyl|Unnerve
|-ability|p2b: Incineroar|Intimidate|boost
|-unboost|p1a: Aerodactyl|atk|1
|-unboost|p1b: Hydreigon|atk|1
|turn|1
|
|t:|1783396570
|switch|p1a: Farigiraf|Farigiraf, L50, F|100/100
|detailschange|p2a: Swampert|Swampert-Mega, L50, F, shiny
|-mega|p2a: Swampert|Swampert|Swampertite
|move|p1b: Hydreigon|Dark Pulse|p2a: Swampert
|-damage|p2a: Swampert|55/100
|-damage|p1b: Hydreigon|90/100|[from] item: Life Orb
|move|p2a: Swampert|Ice Punch|p1b: Hydreigon
|-supereffective|p1b: Hydreigon|1
|-damage|p1b: Hydreigon|18/100
|move|p2b: Incineroar|Throat Chop|p1a: Farigiraf
|-supereffective|p1a: Farigiraf|1
|-damage|p1a: Farigiraf|54/100
|-start|p1a: Farigiraf|Throat Chop|[silent]
|
|upkeep
|turn|2
|inactive|KodeBeast0526 has 30 seconds left.
|inactive|KodeBeast0526 has 20 seconds left.
|
|t:|1783396610
|switch|p1b: Mawile|Mawile, L50, F|100/100
|-ability|p1b: Mawile|Intimidate|boost
|-unboost|p2a: Swampert|atk|1
|-unboost|p2b: Incineroar|atk|1
|move|p2a: Swampert|Protect|p2a: Swampert
|-singleturn|p2a: Swampert|Protect
|move|p2b: Incineroar|Throat Chop|p1b: Mawile
|-resisted|p1b: Mawile|1
|-damage|p1b: Mawile|86/100
|-start|p1b: Mawile|Throat Chop|[silent]
|move|p1a: Farigiraf|Trick Room|p1a: Farigiraf
|-fieldstart|move: Trick Room|[of] p1a: Farigiraf
|
|-end|p1a: Farigiraf|Throat Chop|[silent]
|upkeep
|turn|3
|
|t:|1783396625
|switch|p2a: Archaludon|Archaludon, L50, F|100/100
|detailschange|p1b: Mawile|Mawile-Mega, L50, F
|-mega|p1b: Mawile|Mawile|Mawilite
|move|p1b: Mawile|Play Rough|p2a: Archaludon
|-damage|p2a: Archaludon|46/100
|-ability|p2a: Archaludon|Stamina|boost
|-boost|p2a: Archaludon|def|1
|move|p2b: Incineroar|Parting Shot|p1b: Mawile
|-unboost|p1b: Mawile|atk|1
|-unboost|p1b: Mawile|spa|1
|
|t:|1783396639
|switch|p2b: Swampert|Swampert-Mega, L50, F, shiny|55/100|[from] Parting Shot
|move|p1a: Farigiraf|Psychic|p2a: Archaludon
|-resisted|p2a: Archaludon|1
|-damage|p2a: Archaludon|27/100
|-unboost|p2a: Archaludon|spd|1
|-ability|p2a: Archaludon|Stamina|boost
|-boost|p2a: Archaludon|def|1
|
|-heal|p2a: Archaludon|34/100|[from] item: Leftovers
|-end|p1b: Mawile|Throat Chop|[silent]
|upkeep
|turn|4
|
|t:|1783396651
|switch|p2b: Incineroar|Incineroar, L50, F, shiny|100/100
|-ability|p2b: Incineroar|Intimidate|boost
|-unboost|p1a: Farigiraf|atk|1
|-unboost|p1b: Mawile|atk|1
|move|p2a: Archaludon|Protect|p2a: Archaludon
|-singleturn|p2a: Archaludon|Protect
|move|p1b: Mawile|Play Rough|p2b: Incineroar
|-damage|p2b: Incineroar|59/100
|move|p1a: Farigiraf|Psychic|p2b: Incineroar
|-immune|p2b: Incineroar
|
|-heal|p2a: Archaludon|40/100|[from] item: Leftovers
|upkeep
|turn|5
|inactive|KodeBeast0526 has 30 seconds left.
|inactive|KodeBeast0526 has 20 seconds left.
|
|t:|1783396688
|move|p1b: Mawile|Play Rough|p2a: Archaludon
|-damage|p2a: Archaludon|26/100
|-ability|p2a: Archaludon|Stamina|boost
|-boost|p2a: Archaludon|def|1
|move|p2b: Incineroar|Parting Shot|p1a: Farigiraf
|-unboost|p1a: Farigiraf|atk|1
|-unboost|p1a: Farigiraf|spa|1
|
|t:|1783396696
|switch|p2b: Politoed|Politoed, L50, F, shiny|100/100|[from] Parting Shot
|-weather|RainDance|[from] ability: Drizzle|[of] p2b: Politoed
|move|p1a: Farigiraf|Psychic|p2a: Archaludon
|-resisted|p2a: Archaludon|1
|-damage|p2a: Archaludon|6/100
|-ability|p2a: Archaludon|Stamina|boost
|-boost|p2a: Archaludon|def|1
|move|p2a: Archaludon|Electro Shot||[still]
|-prepare|p2a: Archaludon|Electro Shot
|-boost|p2a: Archaludon|spa|1
|-anim|p2a: Archaludon|Electro Shot|p1a: Farigiraf
|-damage|p1a: Farigiraf|5/100
|-enditem|p1a: Farigiraf|Sitrus Berry|[eat]
|-heal|p1a: Farigiraf|29/100|[from] item: Sitrus Berry
|
|-weather|RainDance|[upkeep]
|-heal|p2a: Archaludon|12/100|[from] item: Leftovers
|upkeep
|turn|6
|inactive|KodeBeast0526 has 30 seconds left.
|
|t:|1783396730
|switch|p1b: Hydreigon|Hydreigon, L50, M|18/100
|move|p1a: Farigiraf|Psychic|p2a: Archaludon
|-resisted|p2a: Archaludon|1
|-damage|p2a: Archaludon|0 fnt
|faint|p2a: Archaludon
|move|p2b: Politoed|Weather Ball|p1a: Farigiraf
|-damage|p1a: Farigiraf|0 fnt
|faint|p1a: Farigiraf
|
|-weather|RainDance|[upkeep]
|-fieldend|move: Trick Room
|upkeep
|
|t:|1783396740
|switch|p2a: Swampert|Swampert-Mega, L50, F, shiny|55/100
|switch|p1a: Mawile|Mawile-Mega, L50, F|86/100
|turn|7
|inactive|KodeBeast0526 has 30 seconds left.
|
|t:|1783396767
|move|p1a: Mawile|Sucker Punch|p2a: Swampert
|-damage|p2a: Swampert|13/100
|move|p2a: Swampert|Wave Crash|p1a: Mawile
|-damage|p1a: Mawile|0 fnt
|faint|p1a: Mawile
|-damage|p2a: Swampert|0 fnt|[from] Recoil
|faint|p2a: Swampert
|move|p1b: Hydreigon|Draco Meteor|p2b: Politoed
|-damage|p2b: Politoed|33/100
|-unboost|p1b: Hydreigon|spa|2
|-enditem|p2b: Politoed|Sitrus Berry|[eat]
|-heal|p2b: Politoed|58/100|[from] item: Sitrus Berry
|-damage|p1b: Hydreigon|8/100|[from] item: Life Orb
|move|p2b: Politoed|Weather Ball|p1b: Hydreigon
|-resisted|p1b: Hydreigon|1
|-damage|p1b: Hydreigon|0 fnt
|faint|p1b: Hydreigon
|
|-weather|RainDance|[upkeep]
|upkeep
|
|t:|1783396778
|switch|p2a: Incineroar|Incineroar, L50, F, shiny|59/100
|switch|p1a: Aerodactyl|Aerodactyl, L50, M|100/100
|-ability|p1a: Aerodactyl|Unnerve
|-ability|p2a: Incineroar|Intimidate|boost
|-unboost|p1a: Aerodactyl|atk|1
|turn|8
|-message|mudkipc4 forfeited.
|
|win|KodeBeast0526
|raw|mudkipc4's rating: 1188 → 1164(-24 for losing)
|raw|KodeBeast0526's rating: 1204 → 1228(+24 for winning)
|l|☆KodeBeast0526
|player|p2|
