|j|☆L3git Pro
|j|☆Colonelpaco
|html|L3git ProColonelpaco    
|uhtml|bestof|Game 3 of a best-of-3
|t:|1757629140
|gametype|doubles
|player|p1|L3git Pro|cynthia-gen7|1154
|player|p2|Colonelpaco|266|1047
|gen|9
|tier|[Gen 9] VGC 2025 Reg H (Bo3)
|rated|
|rule|Species Clause: Limit one of each Pokémon
|rule|Item Clause: Limit 1 of each item
|clearpoke
|poke|p1|Dragonite, L50, F|
|poke|p1|Volcarona, L50, M|
|poke|p1|Kingambit, L50, M|
|poke|p1|Gholdengo, L50|
|poke|p1|Electabuzz, L50, M|
|poke|p1|Ursaluna-Bloodmoon, L50, M|
|poke|p2|Sneasler, L50, F|
|poke|p2|Dragapult, L50, M|
|poke|p2|Primarina, L50, M|
|poke|p2|Rillaboom, L50, M|
|poke|p2|Kingambit, L50, F|
|poke|p2|Magmar, L50, F|
|teampreview|4
|showteam|p1|Dragonite||ClearAmulet|Multiscale|DragonDance,DragonClaw,TeraBlast,Protect|||F|||50|,,,,,Flying]Volcarona||CovertCloak|FlameBody|StruggleBug,FieryDance,RagePowder,Tailwind|||M|||50|,,,,,Fairy]Kingambit||BlackGlasses|Defiant|KowtowCleave,SuckerPunch,SwordsDance,Protect|||M|||50|,,,,,Dark]Gholdengo||LifeOrb|GoodasGold|NastyPlot,ShadowBall,MakeItRain,Protect||||||50|,,,,,Water]Electabuzz||Eviolite|Static|FollowMe,HelpingHand,VoltSwitch,ThunderWave|||M|||50|,,,,,Grass]Ursaluna-Bloodmoon||AssaultVest|MindsEye|BloodMoon,HyperVoice,EarthPower,VacuumWave|||M|||50|,,,,,Water
|showteam|p2|Sneasler||FocusSash|Unburden|CloseCombat,DireClaw,FakeOut,Protect|||F|||50|,,,,,Stellar]Dragapult||ChoiceBand|ClearBody|DragonDarts,TeraBlast,PhantomForce,Uturn|||M|||50|,,,,,Ghost]Primarina||SitrusBerry|LiquidVoice|HyperVoice,Moonblast,Haze,Protect|||M|||50|,,,,,Water]Rillaboom||AssaultVest|GrassySurge|WoodHammer,GrassyGlide,HighHorsepower,FakeOut|||M|||50|,,,,,Fire]Kingambit||BlackGlasses|Defiant|KowtowCleave,SuckerPunch,SwordsDance,Protect|||F|||50|,,,,,Ghost]Magmar||Eviolite|VitalSpirit|Overheat,WillOWisp,FollowMe,Protect|||F|||50|,,,,,Ghost
|inactive|Battle timer is ON: inactive players will automatically lose when time's up. (requested by Colonelpaco)
|inactive|L3git Pro has 60 seconds left.
|inactive|Colonelpaco has 60 seconds left.
|
|t:|1757629197
|teamsize|p1|4
|teamsize|p2|4
|start
|switch|p1a: Volcarona|Volcarona, L50, M|100/100
|switch|p1b: Dragonite|Dragonite, L50, F|100/100
|switch|p2a: Primarina|Primarina, L50, M|100/100
|switch|p2b: Rillaboom|Rillaboom, L50, M|100/100
|-fieldstart|move: Grassy Terrain|[from] ability: Grassy Surge|[of] p2b: Rillaboom
|turn|1
|
|t:|1757629214
|switch|p2b: Magmar|Magmar, L50, F|100/100
|-terastallize|p1b: Dragonite|Flying
|move|p1a: Volcarona|Tailwind|p1a: Volcarona
|-sidestart|p1: L3git Pro|move: Tailwind
|move|p1b: Dragonite|Tera Blast|p2b: Magmar|[anim] Tera Blast Flying
|-damage|p2b: Magmar|46/100
|move|p2a: Primarina|Moonblast|p1b: Dragonite
|-damage|p1b: Dragonite|80/100
|
|-heal|p2b: Magmar|52/100|[from] Grassy Terrain
|upkeep
|turn|2
|
|t:|1757629230
|-terastallize|p2a: Primarina|Water
|move|p2b: Magmar|Follow Me|p2b: Magmar
|-singleturn|p2b: Magmar|move: Follow Me
|move|p1a: Volcarona|Struggle Bug|p2a: Primarina|[spread] p2a,p2b
|-resisted|p2b: Magmar
|-damage|p2a: Primarina|86/100
|-damage|p2b: Magmar|45/100
|-unboost|p2a: Primarina|spa|1
|-unboost|p2b: Magmar|spa|1
|move|p1b: Dragonite|Dragon Dance|p1b: Dragonite
|-boost|p1b: Dragonite|atk|1
|-boost|p1b: Dragonite|spe|1
|move|p2a: Primarina|Hyper Voice|p1b: Dragonite|[spread] p1a,p1b
|-supereffective|p1a: Volcarona
|-damage|p1a: Volcarona|46/100
|-damage|p1b: Dragonite|52/100
|
|-heal|p1a: Volcarona|53/100|[from] Grassy Terrain
|-heal|p2b: Magmar|50/100|[from] Grassy Terrain
|-heal|p2a: Primarina|92/100|[from] Grassy Terrain
|upkeep
|turn|3
|
|t:|1757629253
|move|p2b: Magmar|Follow Me|p2b: Magmar
|-singleturn|p2b: Magmar|move: Follow Me
|move|p1b: Dragonite|Tera Blast|p2b: Magmar|[anim] Tera Blast Flying
|-damage|p2b: Magmar|0 fnt
|faint|p2b: Magmar
|move|p1a: Volcarona|Struggle Bug|p2a: Primarina
|-damage|p2a: Primarina|72/100
|-unboost|p2a: Primarina|spa|1
|move|p2a: Primarina|Haze|p2a: Primarina
|-clearallboost
|
|-heal|p1a: Volcarona|59/100|[from] Grassy Terrain
|-heal|p2a: Primarina|78/100|[from] Grassy Terrain
|upkeep
|
|t:|1757629265
|switch|p2b: Kingambit|Kingambit, L50, F|100/100
|turn|4
|
|t:|1757629285
|move|p2b: Kingambit|Protect|p2b: Kingambit
|-singleturn|p2b: Kingambit|Protect
|move|p1a: Volcarona|Fiery Dance|p2b: Kingambit
|-activate|p2b: Kingambit|move: Protect
|move|p1b: Dragonite|Tera Blast|p2a: Primarina|[anim] Tera Blast Flying
|-damage|p2a: Primarina|21/100
|-enditem|p2a: Primarina|Sitrus Berry|[eat]
|-heal|p2a: Primarina|46/100|[from] item: Sitrus Berry
|move|p2a: Primarina|Hyper Voice|p1b: Dragonite|[spread] p1a,p1b
|-supereffective|p1a: Volcarona
|-damage|p1a: Volcarona|0 fnt
|-damage|p1b: Dragonite|8/100
|faint|p1a: Volcarona
|
|-heal|p2a: Primarina|52/100|[from] Grassy Terrain
|-sideend|p1: L3git Pro|move: Tailwind
|upkeep
|
|t:|1757629297
|switch|p1a: Gholdengo|Gholdengo, L50|100/100
|turn|5
|
|t:|1757629306
|move|p2b: Kingambit|Sucker Punch||[still]
|-fail|p2b: Kingambit
|move|p1a: Gholdengo|Nasty Plot|p1a: Gholdengo
|-boost|p1a: Gholdengo|spa|2
|move|p1b: Dragonite|Tera Blast|p2a: Primarina|[anim] Tera Blast Flying
|-damage|p2a: Primarina|0 fnt
|faint|p2a: Primarina
|
|-fieldend|move: Grassy Terrain
|upkeep
|
|t:|1757629314
|switch|p2a: Rillaboom|Rillaboom, L50, M|100/100
|-fieldstart|move: Grassy Terrain|[from] ability: Grassy Surge|[of] p2a: Rillaboom
|turn|6
|
|t:|1757629327
|move|p1b: Dragonite|Protect|p1b: Dragonite
|-singleturn|p1b: Dragonite|Protect
|move|p2a: Rillaboom|Fake Out|p1b: Dragonite
|-activate|p1b: Dragonite|move: Protect
|move|p2b: Kingambit|Sucker Punch|p1a: Gholdengo
|-supereffective|p1a: Gholdengo
|-damage|p1a: Gholdengo|11/100
|move|p1a: Gholdengo|Make It Rain|p2a: Rillaboom|[spread] p2a,p2b
|-resisted|p2b: Kingambit
|-damage|p2a: Rillaboom|0 fnt
|-damage|p2b: Kingambit|45/100
|-unboost|p1a: Gholdengo|spa|1
|faint|p2a: Rillaboom
|-damage|p1a: Gholdengo|2/100|[from] item: Life Orb
|
|-heal|p1a: Gholdengo|8/100|[from] Grassy Terrain
|-heal|p2b: Kingambit|51/100|[from] Grassy Terrain
|upkeep
|turn|7
|inactive|Colonelpaco has 30 seconds left.
|
|t:|1757629359
|move|p2b: Kingambit|Sucker Punch||[still]
|-fail|p2b: Kingambit
|move|p1a: Gholdengo|Nasty Plot|p1a: Gholdengo
|-boost|p1a: Gholdengo|spa|2
|move|p1b: Dragonite|Dragon Dance|p1b: Dragonite
|-boost|p1b: Dragonite|atk|1
|-boost|p1b: Dragonite|spe|1
|
|-heal|p1a: Gholdengo|14/100|[from] Grassy Terrain
|-heal|p2b: Kingambit|57/100|[from] Grassy Terrain
|upkeep
|turn|8
|
|t:|1757629374
|move|p2b: Kingambit|Protect|p2b: Kingambit
|-singleturn|p2b: Kingambit|Protect
|move|p1b: Dragonite|Tera Blast|p2b: Kingambit|[anim] Tera Blast Flying
|-activate|p2b: Kingambit|move: Protect
|move|p1a: Gholdengo|Make It Rain|p2b: Kingambit
|-activate|p2b: Kingambit|move: Protect
|
|-heal|p1a: Gholdengo|20/100|[from] Grassy Terrain
|-heal|p2b: Kingambit|63/100|[from] Grassy Terrain
|upkeep
|turn|9
|
|t:|1757629393
|move|p2b: Kingambit|Sucker Punch|p1b: Dragonite
|-damage|p1b: Dragonite|0 fnt
|faint|p1b: Dragonite
|move|p1a: Gholdengo|Nasty Plot|p1a: Gholdengo
|-boost|p1a: Gholdengo|spa|2
|
|-heal|p1a: Gholdengo|25/100|[from] Grassy Terrain
|-heal|p2b: Kingambit|70/100|[from] Grassy Terrain
|upkeep
|
|t:|1757629397
|switch|p1b: Ursaluna|Ursaluna-Bloodmoon, L50, M|100/100
|turn|10
|
|t:|1757629408
|move|p2b: Kingambit|Sucker Punch|p1a: Gholdengo
|-supereffective|p1a: Gholdengo
|-damage|p1a: Gholdengo|0 fnt
|faint|p1a: Gholdengo
|move|p1b: Ursaluna|Earth Power|p2b: Kingambit
|-supereffective|p2b: Kingambit
|-damage|p2b: Kingambit|0 fnt
|faint|p2b: Kingambit
|
|win|L3git Pro
|raw|L3git Pro's rating: 1154 → 1172(+18 for winning)
|raw|Colonelpaco's rating: 1047 → 1035(-12 for losing)
|l|☆L3git Pro
|player|p1|
