|j|☆ALXlor
|j|☆Chandeliere
|html|ALXlorChandeliere    
|uhtml|bestof|Game 2 of a best-of-3
|t:|1756688020
|gametype|doubles
|player|p1|ALXlor|169|1142
|player|p2|Chandeliere|ethan|1245
|gen|9
|tier|[Gen 9] VGC 2025 Reg H (Bo3)
|rated|
|rule|Species Clause: Limit one of each Pokémon
|rule|Item Clause: Limit 1 of each item
|clearpoke
|poke|p1|Ursaluna, L50, F|
|poke|p1|Palafin, L50, F|
|poke|p1|Dragapult, L50, M|
|poke|p1|Whimsicott, L50, F|
|poke|p1|Coalossal, L50, F|
|poke|p1|Porygon2, L50|
|poke|p2|Ninetales-Alola, L50, F|
|poke|p2|Gholdengo, L50|
|poke|p2|Garchomp, L50, F|
|poke|p2|Incineroar, L50, F|
|poke|p2|Sneasler, L50, F|
|poke|p2|Corviknight, L50, M|
|teampreview|4
|showteam|p1|Ursaluna||FlameOrb|Guts|Facade,HeadlongRush,Earthquake,Protect|||F|||50|,,,,,Ground]Palafin||ClearAmulet|ZerotoHero|JetPunch,WaveCrash,FlipTurn,Protect|||F|||50|,,,,,Water]Dragapult||FocusSash|ClearBody|DragonDarts,WillOWisp,Surf,ThunderWave|||M|||50|,,,,,Dragon]Whimsicott||CovertCloak|Prankster|Moonblast,Tailwind,Encore,Protect|||F|||50|,,,,,Grass]Coalossal||WeaknessPolicy|SteamEngine|HeatWave,PowerGem,Flamethrower,Protect|||F|||50|,,,,,Fire]Porygon2||Eviolite|Download|TeraBlast,IceBeam,TrickRoom,Recover||||||50|,,,,,Ghost
|showteam|p2|Ninetales-Alola||LightClay|SnowWarning|AuroraVeil,Blizzard,FreezeDry,Protect|||F|||50|,,,,,Ghost]Gholdengo||LifeOrb|GoodasGold|MakeItRain,ShadowBall,NastyPlot,Protect||||||50|,,,,,Water]Garchomp||ClearAmulet|RoughSkin|Earthquake,StompingTantrum,DragonClaw,Protect|||F|||50|,,,,,Ground]Incineroar||SafetyGoggles|Intimidate|FakeOut,KnockOff,FlareBlitz,PartingShot|||F|||50|,,,,,Ghost]Sneasler||WhiteHerb|Unburden|Coaching,CloseCombat,DireClaw,Protect|||F|||50|,,,,,Ghost]Corviknight||SitrusBerry|MirrorArmor|BodyPress,BraveBird,Tailwind,Protect|||M|||50|,,,,,Fire
|inactive|Battle timer is ON: inactive players will automatically lose when time's up. (requested by ALXlor)
|inactive|ALXlor has 60 seconds left.
|inactive|Chandeliere has 60 seconds left.
|
|t:|1756688075
|teamsize|p1|4
|teamsize|p2|4
|start
|switch|p1a: Dragapult|Dragapult, L50, M|100/100
|switch|p1b: Coalossal|Coalossal, L50, F|100/100
|switch|p2a: Incineroar|Incineroar, L50, F|100/100
|switch|p2b: Garchomp|Garchomp, L50, F|100/100
|-ability|p2a: Incineroar|Intimidate|boost
|-fail|p1a: Dragapult|unboost|[from] ability: Clear Body|[of] p1a: Dragapult
|-unboost|p1b: Coalossal|atk|1
|turn|1
|
|t:|1756688098
|move|p1b: Coalossal|Protect|p1b: Coalossal
|-singleturn|p1b: Coalossal|Protect
|move|p1a: Dragapult|Will-O-Wisp|p2b: Garchomp
|-status|p2b: Garchomp|brn
|move|p2b: Garchomp|Dragon Claw|p1a: Dragapult
|-supereffective|p1a: Dragapult
|-damage|p1a: Dragapult|54/100
|move|p2a: Incineroar|Knock Off|p1a: Dragapult
|-supereffective|p1a: Dragapult
|-damage|p1a: Dragapult|0 fnt
|-enditem|p1a: Dragapult|Focus Sash|[from] move: Knock Off|[of] p2a: Incineroar
|faint|p1a: Dragapult
|
|-damage|p2b: Garchomp|95/100 brn|[from] brn
|upkeep
|
|t:|1756688117
|switch|p1a: Porygon2|Porygon2, L50|100/100
|-ability|p1a: Porygon2|Download|boost
|-boost|p1a: Porygon2|spa|1
|turn|2
|inactive|Chandeliere has 30 seconds left.
|
|t:|1756688142
|-terastallize|p1b: Coalossal|Fire
|move|p2b: Garchomp|Stomping Tantrum|p1b: Coalossal
|-supereffective|p1b: Coalossal
|-damage|p1b: Coalossal|71/100
|-enditem|p1b: Coalossal|Weakness Policy
|-boost|p1b: Coalossal|atk|2|[from] item: Weakness Policy
|-boost|p1b: Coalossal|spa|2|[from] item: Weakness Policy
|move|p2a: Incineroar|Knock Off|p1b: Coalossal
|-damage|p1b: Coalossal|52/100
|move|p1b: Coalossal|Power Gem|p2a: Incineroar
|-supereffective|p2a: Incineroar
|-damage|p2a: Incineroar|1/100
|move|p1a: Porygon2|Trick Room|p1a: Porygon2
|-fieldstart|move: Trick Room|[of] p1a: Porygon2
|
|-damage|p2b: Garchomp|89/100 brn|[from] brn
|upkeep
|turn|3
|inactive|ALXlor has 30 seconds left.
|
|t:|1756688169
|move|p2b: Garchomp|Protect|p2b: Garchomp
|-singleturn|p2b: Garchomp|Protect
|move|p1a: Porygon2|Ice Beam|p2b: Garchomp
|-activate|p2b: Garchomp|move: Protect
|move|p1b: Coalossal|Power Gem|p2a: Incineroar
|-supereffective|p2a: Incineroar
|-damage|p2a: Incineroar|0 fnt
|faint|p2a: Incineroar
|
|-damage|p2b: Garchomp|83/100 brn|[from] brn
|upkeep
|
|t:|1756688179
|switch|p2a: Sneasler|Sneasler, L50, F|100/100
|turn|4
|
|t:|1756688196
|move|p1a: Porygon2|Ice Beam|p2b: Garchomp
|-supereffective|p2b: Garchomp
|-damage|p2b: Garchomp|0 fnt
|faint|p2b: Garchomp
|move|p1b: Coalossal|Flamethrower|p2a: Sneasler
|-damage|p2a: Sneasler|0 fnt
|faint|p2a: Sneasler
|
|upkeep
|
|t:|1756688204
|switch|p2a: Corviknight|Corviknight, L50, M|100/100
|turn|5
|-message|Chandeliere forfeited.
|
|win|ALXlor
|raw|ALXlor's rating: 1142 → 1174(+32 for winning)
|raw|Chandeliere's rating: 1245 → 1213(-32 for losing)
