|j|☆EnzoPS
|j|☆yassineVGC
|html|EnzoPSyassineVGC    
|uhtml|bestof|Game 3 of a best-of-3
|t:|1757709414
|gametype|doubles
|player|p1|EnzoPS|cynthia-gen4|1109
|player|p2|yassineVGC|hilbert|1157
|gen|9
|tier|[Gen 9] VGC 2025 Reg H (Bo3)
|rated|
|rule|Species Clause: Limit one of each Pokémon
|rule|Item Clause: Limit 1 of each item
|clearpoke
|poke|p1|Pelipper, L50, M|
|poke|p1|Amoonguss, L50, M|
|poke|p1|Archaludon, L50, M|
|poke|p1|Basculegion, L50, M|
|poke|p1|Gholdengo, L50|
|poke|p1|Incineroar, L50, F|
|poke|p2|Espathra, L50, F|
|poke|p2|Indeedee-F, L50, F|
|poke|p2|Gholdengo, L50|
|poke|p2|Sneasler, L50, M|
|poke|p2|Ursaluna, L50, M|
|poke|p2|Dragonite, L50, M|
|teampreview|4
|showteam|p1|Pelipper||FocusSash|Drizzle|Protect,WeatherBall,Hurricane,Tailwind|||M|||50|,,,,,Ground]Amoonguss||SitrusBerry|Regenerator|Protect,Spore,RagePowder,PollenPuff|||M|||50|,,,,,Water]Archaludon||AssaultVest|Stamina|DragonPulse,ElectroShot,FlashCannon,BodyPress|||M|||50|,,,,,Grass]Basculegion||ChoiceBand|SwiftSwim|FlipTurn,WaveCrash,AquaJet,LastRespects|||M|||50|,,,,,Grass]Gholdengo||LifeOrb|GoodasGold|Protect,MakeItRain,ShadowBall,NastyPlot||||||50|,,,,,Water]Incineroar||SafetyGoggles|Intimidate|FlareBlitz,KnockOff,PartingShot,FakeOut|||F|||50|,,,,,Ghost
|showteam|p2|Espathra||FocusSash|SpeedBoost|ExpandingForce,LuminaCrash,Protect,DazzlingGleam|||F|||50|,,,,,Psychic]Indeedee-F||PsychicSeed|PsychicSurge|FollowMe,Psychic,TrickRoom,HelpingHand|||F|||50|,,,,,Fairy]Gholdengo||ChoiceScarf|GoodasGold|MakeItRain,ShadowBall,PowerGem,Trick||||||50|,,,,,Flying]Sneasler||WhiteHerb|Unburden|DireClaw,CloseCombat,Protect,ThroatChop|||M|||50|,,,,,Flying]Ursaluna||FlameOrb|Guts|Earthquake,Protect,Facade,HeadlongRush|||M|||50|,,,,,Ghost]Dragonite||LoadedDice|Multiscale|Tailwind,ScaleShot,Protect,Haze|||M|||50|,,,,,Fairy
|inactive|Battle timer is ON: inactive players will automatically lose when time's up. (requested by yassineVGC)
|
|t:|1757709443
|teamsize|p1|4
|teamsize|p2|4
|start
|switch|p1a: Gholdengo|Gholdengo, L50|100/100
|switch|p1b: Incineroar|Incineroar, L50, F|100/100
|switch|p2a: Espathra|Espathra, L50, F|100/100
|switch|p2b: Indeedee|Indeedee-F, L50, F|100/100
|-fieldstart|move: Psychic Terrain|[from] ability: Psychic Surge|[of] p2b: Indeedee
|-enditem|p2b: Indeedee|Psychic Seed
|-boost|p2b: Indeedee|spd|1|[from] item: Psychic Seed
|-ability|p1b: Incineroar|Intimidate|boost
|-unboost|p2a: Espathra|atk|1
|-unboost|p2b: Indeedee|atk|1
|turn|1
|inactive|yassineVGC has 30 seconds left.
|inactive|yassineVGC has 20 seconds left.
|inactive|yassineVGC has 15 seconds left.
|inactive|yassineVGC has 10 seconds left.
|
|t:|1757709490
|move|p2b: Indeedee|Helping Hand|p2a: Espathra
|-singleturn|p2a: Espathra|Helping Hand|[of] p2b: Indeedee
|move|p2a: Espathra|Lumina Crash|p1a: Gholdengo
|-resisted|p1a: Gholdengo
|-damage|p1a: Gholdengo|61/100
|-unboost|p1a: Gholdengo|spd|2
|move|p1a: Gholdengo|Make It Rain|p2b: Indeedee|[spread] p2a,p2b
|-damage|p2a: Espathra|15/100
|-damage|p2b: Indeedee|62/100
|-unboost|p1a: Gholdengo|spa|1
|-damage|p1a: Gholdengo|52/100|[from] item: Life Orb
|move|p1b: Incineroar|Parting Shot|p2a: Espathra
|-unboost|p2a: Espathra|atk|1
|-unboost|p2a: Espathra|spa|1
|
|t:|1757709507
|switch|p1b: Amoonguss|Amoonguss, L50, M|100/100|[from] Parting Shot
|
|-ability|p2a: Espathra|Speed Boost|boost
|-boost|p2a: Espathra|spe|1
|upkeep
|turn|2
|
|t:|1757709526
|switch|p1a: Incineroar|Incineroar, L50, F|100/100
|-ability|p1a: Incineroar|Intimidate|boost
|-unboost|p2a: Espathra|atk|1
|-unboost|p2b: Indeedee|atk|1
|-terastallize|p2a: Espathra|Psychic
|-terastallize|p1b: Amoonguss|Water
|move|p2b: Indeedee|Helping Hand|p2a: Espathra
|-singleturn|p2a: Espathra|Helping Hand|[of] p2b: Indeedee
|move|p2a: Espathra|Expanding Force|p1a: Incineroar|[spread] p1b
|-immune|p1a: Incineroar
|-crit|p1b: Amoonguss
|-damage|p1b: Amoonguss|0 fnt
|faint|p1b: Amoonguss
|
|-ability|p2a: Espathra|Speed Boost|boost
|-boost|p2a: Espathra|spe|1
|upkeep
|
|t:|1757709547
|switch|p1b: Gholdengo|Gholdengo, L50|52/100
|turn|3
|
|t:|1757709562
|switch|p2b: Sneasler|Sneasler, L50, M|100/100
|move|p2a: Espathra|Protect|p2a: Espathra
|-singleturn|p2a: Espathra|Protect
|move|p1b: Gholdengo|Protect|p1b: Gholdengo
|-singleturn|p1b: Gholdengo|Protect
|move|p1a: Incineroar|Knock Off|p2a: Espathra
|-activate|p2a: Espathra|move: Protect
|
|-ability|p2a: Espathra|Speed Boost|boost
|-boost|p2a: Espathra|spe|1
|upkeep
|turn|4
|inactive|EnzoPS has 30 seconds left.
|inactive|yassineVGC has 30 seconds left.
|
|t:|1757709590
|switch|p1b: Pelipper|Pelipper, L50, M|100/100
|-weather|RainDance|[from] ability: Drizzle|[of] p1b: Pelipper
|move|p2a: Espathra|Expanding Force|p1b: Pelipper|[spread] p1b
|-immune|p1a: Incineroar
|-damage|p1b: Pelipper|19/100
|move|p2b: Sneasler|Throat Chop|p1b: Pelipper
|-damage|p1b: Pelipper|0 fnt
|faint|p1b: Pelipper
|move|p1a: Incineroar|Knock Off|p2a: Espathra
|-supereffective|p2a: Espathra
|-damage|p2a: Espathra|0 fnt
|-enditem|p2a: Espathra|Focus Sash|[from] move: Knock Off|[of] p1a: Incineroar
|faint|p2a: Espathra
|
|-weather|RainDance|[upkeep]
|upkeep
|
|t:|1757709607
|switch|p2a: Gholdengo|Gholdengo, L50|100/100
|switch|p1b: Gholdengo|Gholdengo, L50|52/100
|turn|5
|c|☆yassineVGC|gg
|inactive|EnzoPS has 30 seconds left.
|
|t:|1757709641
|move|p1b: Gholdengo|Protect|p1b: Gholdengo
|-singleturn|p1b: Gholdengo|Protect
|move|p2a: Gholdengo|Shadow Ball|p1b: Gholdengo
|-activate|p1b: Gholdengo|move: Protect
|move|p2b: Sneasler|Close Combat|p1a: Incineroar
|-supereffective|p1a: Incineroar
|-damage|p1a: Incineroar|0 fnt
|-unboost|p2b: Sneasler|def|1
|-unboost|p2b: Sneasler|spd|1
|faint|p1a: Incineroar
|-enditem|p2b: Sneasler|White Herb
|-clearnegativeboost|p2b: Sneasler|[silent]
|
|-weather|RainDance|[upkeep]
|-fieldend|move: Psychic Terrain
|upkeep
|turn|6
|-message|EnzoPS forfeited.
|
|win|yassineVGC
|raw|EnzoPS's rating: 1109 → 1087(-22 for losing)
|raw|yassineVGC's rating: 1157 → 1179(+22 for winning)
