|j|☆galisto
|j|☆Chandeliere
|html|galistoChandeliere    
|uhtml|bestof|Game 1 of a best-of-3
|t:|1756713160
|gametype|doubles
|player|p1|galisto|cheryl|1235
|player|p2|Chandeliere|ethan|1265
|gen|9
|tier|[Gen 9] VGC 2025 Reg H (Bo3)
|rated|
|rule|Species Clause: Limit one of each Pokémon
|rule|Item Clause: Limit 1 of each item
|clearpoke
|poke|p1|Amoonguss, L50, F|
|poke|p1|Dragonite, L50, M|
|poke|p1|Excadrill, L50, F|
|poke|p1|Gholdengo, L50|
|poke|p1|Gyarados, L50, F|
|poke|p1|Tyranitar, L50, M|
|poke|p2|Ninetales-Alola, L50, F|
|poke|p2|Gholdengo, L50|
|poke|p2|Garchomp, L50, F|
|poke|p2|Incineroar, L50, M|
|poke|p2|Sneasler, L50, M|
|poke|p2|Vivillon-Pokeball, L50, M|
|teampreview|4
|showteam|p1|Amoonguss||SitrusBerry|Regenerator|RagePowder,Spore,SludgeBomb,Protect|||F|||50|,,,,,Water]Dragonite||LoadedDice|InnerFocus|ScaleShot,LowKick,Tailwind,Haze|||M|||50|,,,,,Fairy]Excadrill||FocusSash|SandRush|Protect,HighHorsepower,Earthquake,IronHead|||F|||50|,,,,,Ghost]Gholdengo||LifeOrb|GoodasGold|MakeItRain,NastyPlot,Protect,ShadowBall||||||50|,,,,,Dragon]Gyarados||SafetyGoggles|Intimidate|Waterfall,ThunderWave,Taunt,Protect|||F|||50|,,,,,Steel]Tyranitar||AssaultVest|SandStream|RockSlide,KnockOff,LowKick,TeraBlast|||M|||50|,,,,,Flying
|showteam|p2|Ninetales-Alola||LightClay|SnowWarning|AuroraVeil,Blizzard,FreezeDry,Protect|||F|||50|,,,,,Ghost]Gholdengo||LifeOrb|GoodasGold|MakeItRain,ShadowBall,NastyPlot,Protect||||||50|,,,,,Water]Garchomp||ClearAmulet|RoughSkin|Earthquake,StompingTantrum,DragonClaw,Protect|||F|||50|,,,,,Ground]Incineroar||AssaultVest|Intimidate|FakeOut,KnockOff,FlareBlitz,Uturn|||M|||50|,,,,,Grass]Sneasler||WhiteHerb|Unburden|Coaching,CloseCombat,DireClaw,Protect|||M|||50|,,,,,Ghost]Vivillon-Pokeball||FocusSash|CompoundEyes|SleepPowder,Hurricane,Tailwind,Protect|||M|||50|,,,,,Ghost
|c|☆galisto|glhf
|c|☆Chandeliere|you too!
|inactive|Battle timer is ON: inactive players will automatically lose when time's up. (requested by galisto)
|inactive|galisto has 60 seconds left.
|
|t:|1756713225
|teamsize|p1|4
|teamsize|p2|4
|start
|switch|p1a: Excadrill|Excadrill, L50, F|100/100
|switch|p1b: Tyranitar|Tyranitar, L50, M|100/100
|switch|p2a: Sneasler|Sneasler, L50, M|100/100
|switch|p2b: Incineroar|Incineroar, L50, M|100/100
|-weather|Sandstorm|[from] ability: Sand Stream|[of] p1b: Tyranitar
|-ability|p2b: Incineroar|Intimidate|boost
|-unboost|p1a: Excadrill|atk|1
|-unboost|p1b: Tyranitar|atk|1
|turn|1
|
|t:|1756713242
|switch|p1b: Dragonite|Dragonite, L50, M|100/100
|switch|p2b: Ninetales|Ninetales-Alola, L50, F|100/100
|-weather|Snowscape|[from] ability: Snow Warning|[of] p2b: Ninetales
|-terastallize|p1a: Excadrill|Ghost
|move|p2a: Sneasler|Protect|p2a: Sneasler
|-singleturn|p2a: Sneasler|Protect
|move|p1a: Excadrill|Earthquake|p2b: Ninetales|[spread] p2b
|-activate|p2a: Sneasler|move: Protect
|-immune|p1b: Dragonite
|-damage|p2b: Ninetales|77/100
|
|-weather|Snowscape|[upkeep]
|upkeep
|turn|2
|
|t:|1756713266
|switch|p1b: Tyranitar|Tyranitar, L50, M|100/100
|-weather|Sandstorm|[from] ability: Sand Stream|[of] p1b: Tyranitar
|-terastallize|p2b: Ninetales|Ghost
|move|p1a: Excadrill|High Horsepower|p2a: Sneasler
|-supereffective|p2a: Sneasler
|-damage|p2a: Sneasler|0 fnt
|faint|p2a: Sneasler
|move|p2b: Ninetales|Aurora Veil||[still]
|-fail|p2b: Ninetales
|
|-weather|Sandstorm|[upkeep]
|-damage|p2b: Ninetales|71/100|[from] Sandstorm
|upkeep
|
|t:|1756713281
|switch|p2a: Incineroar|Incineroar, L50, M|100/100
|-ability|p2a: Incineroar|Intimidate|boost
|-unboost|p1a: Excadrill|atk|1
|-unboost|p1b: Tyranitar|atk|1
|turn|3
|inactive|galisto has 30 seconds left.
|
|t:|1756713312
|switch|p2b: Garchomp|Garchomp, L50, F|100/100
|move|p1a: Excadrill|High Horsepower|p2a: Incineroar
|-supereffective|p2a: Incineroar
|-damage|p2a: Incineroar|59/100
|move|p1b: Tyranitar|Knock Off|p2b: Garchomp
|-damage|p2b: Garchomp|62/100
|-damage|p1b: Tyranitar|88/100|[from] ability: Rough Skin|[of] p2b: Garchomp
|-enditem|p2b: Garchomp|Clear Amulet|[from] move: Knock Off|[of] p1b: Tyranitar
|move|p2a: Incineroar|Knock Off|p1a: Excadrill
|-supereffective|p1a: Excadrill
|-enditem|p1a: Excadrill|Focus Sash
|-damage|p1a: Excadrill|1/100
|
|-weather|Sandstorm|[upkeep]
|-damage|p2a: Incineroar|53/100|[from] Sandstorm
|upkeep
|turn|4
|inactive|galisto has 30 seconds left.
|inactive|Chandeliere has 30 seconds left.
|inactive|galisto has 20 seconds left.
|inactive|galisto has 15 seconds left.
|inactive|galisto has 10 seconds left.
|inactive|Chandeliere has 20 seconds left.
|
|t:|1756713366
|switch|p1a: Gholdengo|Gholdengo, L50|100/100
|move|p2b: Garchomp|Dragon Claw|p1b: Tyranitar
|-damage|p1b: Tyranitar|53/100
|move|p1b: Tyranitar|Knock Off|p2a: Incineroar
|-resisted|p2a: Incineroar
|-damage|p2a: Incineroar|40/100
|-enditem|p2a: Incineroar|Assault Vest|[from] move: Knock Off|[of] p1b: Tyranitar
|move|p2a: Incineroar|Knock Off|p1a: Gholdengo
|-supereffective|p1a: Gholdengo
|-damage|p1a: Gholdengo|18/100
|-enditem|p1a: Gholdengo|Life Orb|[from] move: Knock Off|[of] p2a: Incineroar
|
|-weather|Sandstorm|[upkeep]
|-damage|p2a: Incineroar|34/100|[from] Sandstorm
|upkeep
|turn|5
|inactive|galisto has 30 seconds left.
|inactive|Chandeliere has 30 seconds left.
|inactive|Chandeliere has 20 seconds left.
|inactive|galisto has 20 seconds left.
|inactive|Chandeliere has 15 seconds left.
|
|t:|1756713412
|switch|p2a: Ninetales|Ninetales-Alola, L50, F, tera:Ghost|71/100
|-weather|Snowscape|[from] ability: Snow Warning|[of] p2a: Ninetales
|move|p1a: Gholdengo|Protect|p1a: Gholdengo
|-singleturn|p1a: Gholdengo|Protect
|move|p2b: Garchomp|Stomping Tantrum|p1b: Tyranitar
|-supereffective|p1b: Tyranitar
|-damage|p1b: Tyranitar|0 fnt
|faint|p1b: Tyranitar
|
|-weather|Snowscape|[upkeep]
|upkeep
|
|t:|1756713422
|switch|p1b: Excadrill|Excadrill, L50, F, tera:Ghost|1/100
|turn|6
|
|t:|1756713439
|move|p2a: Ninetales|Aurora Veil|p2a: Ninetales
|-sidestart|p2: Chandeliere|move: Aurora Veil
|move|p2b: Garchomp|Stomping Tantrum|p1a: Gholdengo
|-supereffective|p1a: Gholdengo
|-damage|p1a: Gholdengo|0 fnt
|faint|p1a: Gholdengo
|move|p1b: Excadrill|Earthquake|p2b: Garchomp|[spread] p2a,p2b
|-damage|p2a: Ninetales|36/100
|-damage|p2b: Garchomp|33/100
|
|-weather|Snowscape|[upkeep]
|upkeep
|
|t:|1756713443
|switch|p1a: Dragonite|Dragonite, L50, M|100/100
|turn|7
|
|t:|1756713456
|move|p1b: Excadrill|Protect|p1b: Excadrill
|-singleturn|p1b: Excadrill|Protect
|move|p2a: Ninetales|Blizzard|p1b: Excadrill|[spread] p1a
|-activate|p1b: Excadrill|move: Protect
|-supereffective|p1a: Dragonite
|-damage|p1a: Dragonite|0 fnt
|faint|p1a: Dragonite
|move|p2b: Garchomp|Dragon Claw|p1b: Excadrill
|-activate|p1b: Excadrill|move: Protect
|
|-weather|Snowscape|[upkeep]
|upkeep
|turn|8
|
|t:|1756713469
|move|p2a: Ninetales|Blizzard|p1b: Excadrill
|-damage|p1b: Excadrill|0 fnt
|faint|p1b: Excadrill
|
|win|Chandeliere
||galisto is ready for game 2.
||Chandeliere is ready for game 2.
|uhtml|next|Next: Game 2 of 3
|l|☆galisto
|player|p1|
