|j|☆GettingWickedBlow
|j|☆Goat Pincurchin
|html|GettingWickedBlowGoat Pincurchin    
|uhtml|bestof|Game 2 of a best-of-3
|t:|1784781816
|gametype|doubles
|player|p1|GettingWickedBlow|n|1126
|player|p2|Goat Pincurchin|fisherman-gen4|1208
|gen|9
|tier|[Gen 9 Champions] VGC 2026 Reg M-B (Bo3)
|rated|
|rule|Species Clause: Limit one of each Pokémon
|rule|Item Clause: Limit 1 of each item
|clearpoke
|poke|p1|Venusaur, L50, M|
|poke|p1|Charizard, L50, F, shiny|
|poke|p1|Garchomp, L50, F|
|poke|p1|Annihilape, L50, M, shiny|
|poke|p1|Incineroar, L50, M|
|poke|p1|Toxapex, L50, F, shiny|
|poke|p2|Hydreigon, L50, F|
|poke|p2|Sneasler, L50, F|
|poke|p2|Floette-Eternal, L50, F|
|poke|p2|Gholdengo, L50|
|poke|p2|Whimsicott, L50, F|
|poke|p2|Incineroar, L50, F|
|teampreview|4
|showteam|p1|Venusaur||LifeOrb|Chlorophyll|SolarBeam,SludgeBomb,EarthPower,Protect|Modest||M|||50|]Charizard||CharizarditeY|Blaze|HeatWave,WeatherBall,HelpingHand,Protect|Bold||F|||50|]Garchomp||ChoiceScarf|RoughSkin|RockSlide,DragonClaw,Earthquake,StompingTantrum|Adamant||F|||50|]Annihilape||FocusSash|Defiant|PhantomForce,CloseCombat,RockTomb,Protect|Jolly||M|||50|]Incineroar||SitrusBerry|Intimidate|FlareBlitz,ThroatChop,PartingShot,FakeOut|Impish||M|||50|]Toxapex||Leftovers|Regenerator|Infestation,Toxic,WideGuard,BanefulBunker|Impish||F|||50|
|showteam|p2|Hydreigon||ChoiceScarf|Levitate|DracoMeteor,DarkPulse,EarthPower,Snarl|Modest||F|||50|]Sneasler||LifeOrb|PoisonTouch|DireClaw,CloseCombat,Protect,FakeOut|Jolly||F|||50|]Floette-Eternal||Floettite|FlowerVeil|Moonblast,DazzlingGleam,Protect,CalmMind|Timid||F|||50|]Gholdengo||FocusSash|GoodasGold|MakeItRain,ShadowBall,Protect,PowerGem|Modest|||||50|]Whimsicott||FairyFeather|Prankster|Moonblast,Encore,Protect,Tailwind|Timid||F|||50|]Incineroar||SitrusBerry|Intimidate|FlareBlitz,ThroatChop,PartingShot,FakeOut|Careful||F|||50|
|inactive|Battle timer is ON: inactive players will automatically lose when time's up. (requested by GettingWickedBlow)
|inactive|GettingWickedBlow has 60 seconds left.
|inactive|Goat Pincurchin has 60 seconds left.
|
|t:|1784781862
|teamsize|p1|4
|teamsize|p2|4
|start
|switch|p1a: Incineroar|Incineroar, L50, M|100/100
|switch|p1b: Garchomp|Garchomp, L50, F|100/100
|switch|p2a: Hydreigon|Hydreigon, L50, F|100/100
|switch|p2b: Whimsicott|Whimsicott, L50, F|100/100
|-ability|p1a: Incineroar|Intimidate|boost
|-unboost|p2a: Hydreigon|atk|1
|-unboost|p2b: Whimsicott|atk|1
|turn|1
|
|t:|1784781881
|switch|p1b: Toxapex|Toxapex, L50, F, shiny|100/100
|move|p1a: Incineroar|Fake Out|p2a: Hydreigon
|-damage|p2a: Hydreigon|88/100
|cant|p2a: Hydreigon|flinch
|move|p2b: Whimsicott|Moonblast|p1b: Toxapex
|-resisted|p1b: Toxapex|1
|-damage|p1b: Toxapex|83/100
|-unboost|p1b: Toxapex|spa|1
|
|-heal|p1b: Toxapex|89/100|[from] item: Leftovers
|upkeep
|turn|2
|j| derainer
|c| derainer|YOO
|inactive|GettingWickedBlow has 30 seconds left.
|
|t:|1784781906
|move|p2a: Hydreigon|Earth Power|p1a: Incineroar
|-supereffective|p1a: Incineroar|1
|-damage|p1a: Incineroar|38/100
|-enditem|p1a: Incineroar|Sitrus Berry|[eat]
|-heal|p1a: Incineroar|63/100|[from] item: Sitrus Berry
|move|p2b: Whimsicott|Moonblast|p1a: Incineroar
|-damage|p1a: Incineroar|27/100
|move|p1a: Incineroar|Parting Shot|p2a: Hydreigon
|-unboost|p2a: Hydreigon|atk|1
|-unboost|p2a: Hydreigon|spa|1
|
|t:|1784781918
|switch|p1a: Garchomp|Garchomp, L50, F|100/100|[from] Parting Shot
|move|p1b: Toxapex|Infestation|p2a: Hydreigon
|-supereffective|p2a: Hydreigon|1
|-damage|p2a: Hydreigon|83/100
|-activate|p2a: Hydreigon|move: Infestation|[of] p1b: Toxapex
|
|-heal|p1b: Toxapex|94/100|[from] item: Leftovers
|-damage|p2a: Hydreigon|71/100|[from] move: Infestation|[partiallytrapped]
|upkeep
|turn|3
|inactive|GettingWickedBlow has 30 seconds left.
|inactive|Goat Pincurchin has 30 seconds left.
|
|t:|1784781969
|switch|p2b: Sneasler|Sneasler, L50, F|100/100
|move|p1a: Garchomp|Dragon Claw|p2a: Hydreigon
|-supereffective|p2a: Hydreigon|1
|-damage|p2a: Hydreigon|0 fnt
|faint|p2a: Hydreigon
|move|p1b: Toxapex|Infestation|p2b: Sneasler
|-resisted|p2b: Sneasler|2
|-damage|p2b: Sneasler|99/100
|-activate|p2b: Sneasler|move: Infestation|[of] p1b: Toxapex
|
|-heal|p1b: Toxapex|100/100|[from] item: Leftovers
|-damage|p2b: Sneasler|87/100|[from] move: Infestation|[partiallytrapped]
|upkeep
|
|t:|1784781974
|switch|p2a: Whimsicott|Whimsicott, L50, F|100/100
|turn|4
|c| derainer|Wouldn't moonblast kill
|c| derainer|Wait nvm
|
|t:|1784781993
|switch|p1a: Incineroar|Incineroar, L50, M|27/100
|-ability|p1a: Incineroar|Intimidate|boost
|-unboost|p2a: Whimsicott|atk|1
|-unboost|p2b: Sneasler|atk|1
|move|p2b: Sneasler|Fake Out|p1a: Incineroar
|-damage|p1a: Incineroar|17/100
|-status|p1a: Incineroar|psn|[from] ability: Poison Touch|[of] p2b: Sneasler
|-damage|p2b: Sneasler|77/100|[from] item: Life Orb
|move|p2a: Whimsicott|Moonblast|p1a: Incineroar
|-damage|p1a: Incineroar|0 fnt
|faint|p1a: Incineroar
|move|p1b: Toxapex|Infestation|p2a: Whimsicott
|-damage|p2a: Whimsicott|97/100
|-activate|p2a: Whimsicott|move: Infestation|[of] p1b: Toxapex
|
|-damage|p2b: Sneasler|66/100|[from] move: Infestation|[partiallytrapped]
|-damage|p2a: Whimsicott|85/100|[from] move: Infestation|[partiallytrapped]
|upkeep
|
|t:|1784782017
|switch|p1a: Charizard|Charizard, L50, F, shiny|100/100
|turn|5
|
|t:|1784782034
|detailschange|p1a: Charizard|Charizard-Mega-Y, L50, F, shiny
|-mega|p1a: Charizard|Charizard|Charizardite Y
|-weather|SunnyDay|[from] ability: Drought|[of] p1a: Charizard
|move|p2b: Sneasler|Dire Claw|p1a: Charizard
|-damage|p1a: Charizard|67/100
|-status|p1a: Charizard|slp
|-damage|p2b: Sneasler|56/100|[from] item: Life Orb
|move|p2a: Whimsicott|Moonblast|p1a: Charizard
|-resisted|p1a: Charizard|1
|-damage|p1a: Charizard|49/100 slp
|cant|p1a: Charizard|slp
|move|p1b: Toxapex|Toxic|p2a: Whimsicott
|-status|p2a: Whimsicott|tox
|
|-weather|SunnyDay|[upkeep]
|-damage|p2a: Whimsicott|79/100 tox|[from] psn
|-damage|p2b: Sneasler|44/100|[from] move: Infestation|[partiallytrapped]
|-damage|p2a: Whimsicott|67/100 tox|[from] move: Infestation|[partiallytrapped]
|upkeep
|turn|6
|inactive|GettingWickedBlow has 30 seconds left.
|inactive|GettingWickedBlow has 20 seconds left.
|inactive|GettingWickedBlow has 15 seconds left.
|
|t:|1784782078
|move|p2b: Sneasler|Dire Claw|p1a: Charizard
|-damage|p1a: Charizard|16/100 slp
|-damage|p2b: Sneasler|35/100|[from] item: Life Orb
|move|p2a: Whimsicott|Moonblast|p1a: Charizard
|-resisted|p1a: Charizard|1
|-damage|p1a: Charizard|0 fnt
|faint|p1a: Charizard
|move|p1b: Toxapex|Infestation|p2a: Whimsicott
|-damage|p2a: Whimsicott|64/100 tox
|
|-weather|SunnyDay|[upkeep]
|-damage|p2a: Whimsicott|52/100 tox|[from] psn
|-damage|p2b: Sneasler|23/100|[from] move: Infestation|[partiallytrapped]
|-damage|p2a: Whimsicott|40/100 tox|[from] move: Infestation|[partiallytrapped]
|upkeep
|
|t:|1784782091
|switch|p1a: Garchomp|Garchomp, L50, F|100/100
|turn|7
|
|t:|1784782104
|move|p2a: Whimsicott|Tailwind|p2a: Whimsicott
|-sidestart|p2: Goat Pincurchin|move: Tailwind
|move|p2b: Sneasler|Close Combat|p1a: Garchomp
|-damage|p1a: Garchomp|44/100
|-unboost|p2b: Sneasler|def|1
|-unboost|p2b: Sneasler|spd|1
|-damage|p2b: Sneasler|11/100|[from] ability: Rough Skin|[of] p1a: Garchomp
|-damage|p2b: Sneasler|1/100|[from] item: Life Orb
|move|p1a: Garchomp|Stomping Tantrum|p2b: Sneasler
|-supereffective|p2b: Sneasler|1
|-damage|p2b: Sneasler|0 fnt
|faint|p2b: Sneasler
|move|p1b: Toxapex|Infestation|p2a: Whimsicott
|-damage|p2a: Whimsicott|37/100 tox
|
|-weather|SunnyDay|[upkeep]
|-damage|p2a: Whimsicott|20/100r tox|[from] psn
|-damage|p2a: Whimsicott|8/100 tox|[from] move: Infestation|[partiallytrapped]
|upkeep
|
|t:|1784782114
|switch|p2b: Gholdengo|Gholdengo, L50|100/100
|turn|8
|
|t:|1784782126
|move|p2a: Whimsicott|Moonblast|p1a: Garchomp
|-supereffective|p1a: Garchomp|1
|-damage|p1a: Garchomp|0 fnt
|faint|p1a: Garchomp
|move|p2b: Gholdengo|Shadow Ball|p1b: Toxapex
|-crit|p1b: Toxapex
|-damage|p1b: Toxapex|46/100
|move|p1b: Toxapex|Infestation|p2b: Gholdengo
|-resisted|p2b: Gholdengo|2
|-damage|p2b: Gholdengo|99/100
|-activate|p2b: Gholdengo|move: Infestation|[of] p1b: Toxapex
|
|-weather|SunnyDay|[upkeep]
|-heal|p1b: Toxapex|52/100|[from] item: Leftovers
|-damage|p2a: Whimsicott|0 fnt|[from] psn
|faint|p2a: Whimsicott
|-damage|p2b: Gholdengo|87/100|[from] move: Infestation|[partiallytrapped]
|upkeep
|turn|9
|
|t:|1784782144
|move|p2b: Gholdengo|Shadow Ball|p1b: Toxapex
|-damage|p1b: Toxapex|19/100
|move|p1b: Toxapex|Infestation|p2b: Gholdengo
|-resisted|p2b: Gholdengo|2
|-damage|p2b: Gholdengo|86/100
|
|-weather|none
|-heal|p1b: Toxapex|24/100|[from] item: Leftovers
|-damage|p2b: Gholdengo|74/100|[from] move: Infestation|[partiallytrapped]
|upkeep
|turn|10
|
|t:|1784782155
|move|p1b: Toxapex|Baneful Bunker|p1b: Toxapex
|-singleturn|p1b: Toxapex|move: Protect
|move|p2b: Gholdengo|Shadow Ball|p1b: Toxapex
|-activate|p1b: Toxapex|move: Protect
|
|-heal|p1b: Toxapex|30/100|[from] item: Leftovers
|-damage|p2b: Gholdengo|62/100|[from] move: Infestation|[partiallytrapped]
|-sideend|p2: Goat Pincurchin|move: Tailwind
|upkeep
|turn|11
|
|t:|1784782166
|move|p2b: Gholdengo|Shadow Ball|p1b: Toxapex
|-damage|p1b: Toxapex|0 fnt
|faint|p1b: Toxapex
|
|win|Goat Pincurchin
|raw|GettingWickedBlow's rating: 1126 → 1107(-19 for losing)
|raw|Goat Pincurchin's rating: 1208 → 1227(+19 for winning)
