|j|☆cuquabu
|j|☆Fireb7798
|html|cuquabuFireb7798    
|uhtml|bestof|Game 3 of a best-of-3
|t:|1785128116
|gametype|doubles
|player|p1|cuquabu|lucas|1211
|player|p2|Fireb7798|shauntal|1216
|gen|9
|tier|[Gen 9 Champions] VGC 2026 Reg M-B (Bo3)
|rated|
|rule|Species Clause: Limit one of each Pokémon
|rule|Item Clause: Limit 1 of each item
|clearpoke
|poke|p1|Whimsicott, L50, M, shiny|
|poke|p1|Glimmora, L50, F, shiny|
|poke|p1|Staraptor, L50, M, shiny|
|poke|p1|Garchomp, L50, M, shiny|
|poke|p1|Kingambit, L50, F, shiny|
|poke|p1|Delphox, L50, F, shiny|
|poke|p2|Beedrill, L50, M|
|poke|p2|Incineroar, L50, M|
|poke|p2|Garchomp, L50, F|
|poke|p2|Sylveon, L50, M|
|poke|p2|Farigiraf, L50, F|
|poke|p2|Annihilape, L50, M|
|teampreview|4
|showteam|p1|Whimsicott||OccaBerry|Prankster|Moonblast,Tailwind,Charm,LightScreen|Timid||M|||50|]Glimmora||FocusSash|ToxicDebris|PowerGem,SludgeBomb,EarthPower,Protect|Modest||F|||50|]Staraptor||Staraptite|Intimidate|CloseCombat,BraveBird,Roost,Protect|Jolly||M|||50|]Garchomp||LifeOrb|RoughSkin|DragonClaw,Earthquake,RockSlide,Protect|Jolly||M|||50|]Kingambit||ChopleBerry|Defiant|KowtowCleave,SuckerPunch,LowKick,IronHead|Adamant||F|||50|]Delphox||Delphoxite|Magician|HeatWave,Psychic,Substitute,Protect|Timid||F|||50|
|showteam|p2|Beedrill||Beedrillite|Swarm|PoisonJab,Uturn,Protect,StringShot|Jolly||M|||50|]Incineroar||Charcoal|Intimidate|FakeOut,HelpingHand,FlareBlitz,PartingShot|Brave||M|||50|]Garchomp||LifeOrb|RoughSkin|DragonClaw,StompingTantrum,RockSlide,Protect|Jolly||F|||50|]Sylveon||FairyFeather|Pixilate|HyperVoice,HyperBeam,QuickAttack,Detect|Modest||M|||50|]Farigiraf||SitrusBerry|ArmorTail|Psychic,TrickRoom,Protect,Imprison|Calm||F|||50|]Annihilape||ChoiceScarf|Defiant|CloseCombat,PhantomForce,RockTomb,Coaching|Jolly||M|||50|
|inactive|Battle timer is ON: inactive players will automatically lose when time's up. (requested by cuquabu)
|inactive|cuquabu has 60 seconds left.
|
|t:|1785128164
|teamsize|p1|4
|teamsize|p2|4
|start
|switch|p1a: Whimsicott|Whimsicott, L50, M, shiny|100/100
|switch|p1b: Glimmora|Glimmora, L50, F, shiny|100/100
|switch|p2a: Annihilape|Annihilape, L50, M|100/100
|switch|p2b: Sylveon|Sylveon, L50, M|100/100
|turn|1
|
|t:|1785128186
|move|p1a: Whimsicott|Tailwind|p1a: Whimsicott
|-sidestart|p1: cuquabu|move: Tailwind
|move|p1b: Glimmora|Earth Power|p2a: Annihilape
|-damage|p2a: Annihilape|64/100
|move|p2a: Annihilape|Close Combat|p1b: Glimmora
|-damage|p1b: Glimmora|23/100
|-unboost|p2a: Annihilape|def|1
|-unboost|p2a: Annihilape|spd|1
|-activate|p1b: Glimmora|ability: Toxic Debris
|-sidestart|p2: Fireb7798|move: Toxic Spikes
|move|p2b: Sylveon|Hyper Voice|p1b: Glimmora|[spread] p1a,p1b
|-resisted|p1b: Glimmora|1
|-damage|p1a: Whimsicott|40/100
|-damage|p1b: Glimmora|0 fnt
|faint|p1b: Glimmora
|
|upkeep
|
|t:|1785128198
|switch|p1b: Kingambit|Kingambit, L50, F, shiny|100/100
|turn|2
|
|t:|1785128220
|switch|p2a: Farigiraf|Farigiraf, L50, F|100/100
|-status|p2a: Farigiraf|psn
|move|p2b: Sylveon|Detect|p2b: Sylveon
|-singleturn|p2b: Sylveon|Protect
|move|p1a: Whimsicott|Moonblast|p2a: Farigiraf
|-damage|p2a: Farigiraf|75/100 psn
|move|p1b: Kingambit|Iron Head|p2b: Sylveon
|-activate|p2b: Sylveon|move: Protect
|
|-damage|p2a: Farigiraf|63/100 psn|[from] psn
|upkeep
|turn|3
|inactive|cuquabu has 30 seconds left.
|inactive|cuquabu has 20 seconds left.
|inactive|cuquabu has 15 seconds left.
|inactive|cuquabu has 10 seconds left.
|
|t:|1785128265
|move|p1a: Whimsicott|Moonblast|p2a: Farigiraf
|-damage|p2a: Farigiraf|38/100 psn
|-unboost|p2a: Farigiraf|spa|1
|-enditem|p2a: Farigiraf|Sitrus Berry|[eat]
|-heal|p2a: Farigiraf|63/100 psn|[from] item: Sitrus Berry
|move|p1b: Kingambit|Kowtow Cleave|p2a: Farigiraf
|-supereffective|p2a: Farigiraf|1
|-damage|p2a: Farigiraf|0 fnt
|faint|p2a: Farigiraf
|move|p2b: Sylveon|Hyper Voice|p1b: Kingambit|[spread] p1a,p1b
|-damage|p1a: Whimsicott|0 fnt
|-damage|p1b: Kingambit|48/100
|faint|p1a: Whimsicott
|
|upkeep
|
|t:|1785128276
|switch|p1a: Delphox|Delphox, L50, F, shiny|100/100
|switch|p2a: Beedrill|Beedrill, L50, M|100/100
|-sideend|p2: Fireb7798|move: Toxic Spikes|[of] p2a: Beedrill
|turn|4
|inactive|cuquabu has 30 seconds left.
|
|t:|1785128308
|detailschange|p1a: Delphox|Delphox-Mega, L50, F, shiny
|-mega|p1a: Delphox|Delphox|Delphoxite
|detailschange|p2a: Beedrill|Beedrill-Mega, L50, M
|-mega|p2a: Beedrill|Beedrill|Beedrillite
|move|p2a: Beedrill|Protect|p2a: Beedrill
|-singleturn|p2a: Beedrill|Protect
|move|p2b: Sylveon|Detect|p2b: Sylveon
|-singleturn|p2b: Sylveon|Protect
|move|p1a: Delphox|Psychic|p2b: Sylveon
|-activate|p2b: Sylveon|move: Protect
|move|p1b: Kingambit|Iron Head|p2b: Sylveon
|-activate|p2b: Sylveon|move: Protect
|
|-sideend|p1: cuquabu|move: Tailwind
|upkeep
|turn|5
|
|t:|1785128326
|move|p2b: Sylveon|Quick Attack|p1b: Kingambit
|-damage|p1b: Kingambit|39/100
|move|p1b: Kingambit|Sucker Punch|p2a: Beedrill
|-damage|p2a: Beedrill|18/100
|move|p2a: Beedrill|U-turn|p1b: Kingambit
|-damage|p1b: Kingambit|0 fnt
|faint|p1b: Kingambit
|
|t:|1785128330
|switch|p2a: Annihilape|Annihilape, L50, M|64/100|[from] U-turn
|move|p1a: Delphox|Heat Wave|p2b: Sylveon|[spread] p2a,p2b
|-damage|p2a: Annihilape|20/100y
|-damage|p2b: Sylveon|67/100
|-status|p2a: Annihilape|brn
|
|-damage|p2a: Annihilape|14/100 brn|[from] brn
|upkeep
|turn|6
|
|t:|1785128355
|move|p2a: Annihilape|Phantom Force||[still]
|-prepare|p2a: Annihilape|Phantom Force
|move|p1a: Delphox|Heat Wave|p2b: Sylveon|[spread] p2b
|-miss|p1a: Delphox|p2a: Annihilape
|-damage|p2b: Sylveon|35/100
|move|p2b: Sylveon|Hyper Voice|p1a: Delphox
|-resisted|p1a: Delphox|1
|-damage|p1a: Delphox|72/100
|
|-damage|p2a: Annihilape|8/100 brn|[from] brn
|upkeep
|turn|7
|
|t:|1785128365
|move|p2a: Annihilape|Phantom Force|p1a: Delphox|[from] lockedmove
|-supereffective|p1a: Delphox|1
|-damage|p1a: Delphox|6/100
|move|p1a: Delphox|Substitute|p1a: Delphox
|-fail|p1a: Delphox|move: Substitute|[weak]
|move|p2b: Sylveon|Hyper Voice|p1a: Delphox
|-resisted|p1a: Delphox|1
|-damage|p1a: Delphox|0 fnt
|faint|p1a: Delphox
|
|win|Fireb7798
|raw|cuquabu's rating: 1211 → 1186(-25 for losing)
|raw|Fireb7798's rating: 1216 → 1241(+25 for winning)
|l|☆cuquabu
|player|p1|
