|j|‽Sushi Bum
|j|☆tmjp01
|html|Sushi Bumtmjp01    
|uhtml|bestof|Game 3 of a best-of-3
|t:|1782713028
|gametype|doubles
|player|p1|Sushi Bum|beni-ninja|1077
|player|p2|tmjp01|266|1186
|gen|9
|tier|[Gen 9 Champions] VGC 2026 Reg M-B (Bo3)
|rated|
|rule|Species Clause: Limit one of each Pokémon
|rule|Item Clause: Limit 1 of each item
|clearpoke
|poke|p1|Talonflame, L50, F|
|poke|p1|Grimmsnarl, L50, M|
|poke|p1|Raichu, L50, F|
|poke|p1|Heliolisk, L50, F|
|poke|p1|Venusaur, L50, M|
|poke|p1|Mamoswine, L50, M|
|poke|p2|Corviknight, L50, M|
|poke|p2|Tyranitar, L50, M|
|poke|p2|Hydreigon, L50, F|
|poke|p2|Froslass, L50, F|
|poke|p2|Garchomp, L50, M|
|poke|p2|Arcanine-Hisui, L50, F|
|teampreview|4
|showteam|p1|Talonflame||SharpBeak|GaleWings|BraveBird,Taunt,Tailwind,UpperHand|Adamant||F|||50|]Grimmsnarl||LightClay|Prankster|PartingShot,SpiritBreak,LightScreen,Reflect|Adamant||M|||50|]Raichu||RaichuniteY|LightningRod|ZapCannon,GrassKnot,FocusBlast,Protect|Timid||F|||50|]Heliolisk||ExpertBelt|DrySkin|Thunderbolt,HyperVoice,Protect,WeatherBall|Timid||F|||50|]Venusaur||LifeOrb|Chlorophyll|SludgeBomb,SleepPowder,GigaDrain,EarthPower|Timid||M|||50|]Mamoswine||FocusSash|Oblivious|StompingTantrum,IceShard,IcicleCrash,Protect|Jolly||M|||50|
|showteam|p2|Corviknight||OccaBerry|MirrorArmor|BraveBird,Protect,IronHead,Tailwind|Adamant||M|||50|]Tyranitar||Tyranitarite|SandStream|Protect,KnockOff,RockSlide,DragonDance|Adamant||M|||50|]Hydreigon||ChoiceScarf|Levitate|DarkPulse,DracoMeteor,EarthPower,FlashCannon|Timid||F|||50|]Froslass||Froslassite|CursedBody|Blizzard,Protect,ShadowBall,WeatherBall|Timid||F|||50|]Garchomp||LifeOrb|RoughSkin|Protect,DragonClaw,RockSlide,Earthquake|Jolly||M|||50|]Arcanine-Hisui||FocusSash|RockHead|Protect,HeadSmash,ExtremeSpeed,FlareBlitz|Adamant||F|||50|
|inactive|Battle timer is ON: inactive players will automatically lose when time's up. (requested by tmjp01)
|
|t:|1782713061
|teamsize|p1|4
|teamsize|p2|4
|start
|switch|p1a: Mamoswine|Mamoswine, L50, M|100/100
|switch|p1b: Talonflame|Talonflame, L50, F|100/100
|switch|p2a: Arcanine|Arcanine-Hisui, L50, F|100/100
|switch|p2b: Garchomp|Garchomp, L50, M|100/100
|turn|1
|inactive|tmjp01 has 30 seconds left.
|
|t:|1782713091
|move|p2b: Garchomp|Protect|p2b: Garchomp
|-singleturn|p2b: Garchomp|Protect
|move|p1b: Talonflame|Tailwind|p1b: Talonflame
|-sidestart|p1: Sushi Bum|move: Tailwind
|move|p1a: Mamoswine|Stomping Tantrum|p2a: Arcanine
|-supereffective|p2a: Arcanine|2
|-enditem|p2a: Arcanine|Focus Sash
|-damage|p2a: Arcanine|1/100
|move|p2a: Arcanine|Head Smash|p1b: Talonflame
|-supereffective|p1b: Talonflame|2
|-damage|p1b: Talonflame|0 fnt
|faint|p1b: Talonflame
|
|upkeep
|
|t:|1782713101
|switch|p1b: Venusaur|Venusaur, L50, M|100/100
|turn|2
|
|t:|1782713109
|move|p2a: Arcanine|Extreme Speed|p1a: Mamoswine
|-damage|p1a: Mamoswine|64/100
|move|p1b: Venusaur|Giga Drain|p2a: Arcanine
|-damage|p2a: Arcanine|0 fnt
|faint|p2a: Arcanine
|-damage|p1b: Venusaur|90/100|[from] item: Life Orb
|move|p1a: Mamoswine|Icicle Crash|p2b: Garchomp
|-supereffective|p2b: Garchomp|2
|-damage|p2b: Garchomp|0 fnt
|faint|p2b: Garchomp
|
|upkeep
|
|t:|1782713120
|switch|p2b: Hydreigon|Hydreigon, L50, F|100/100
|switch|p2a: Froslass|Froslass, L50, F|100/100
|turn|3
|inactive|tmjp01 has 30 seconds left.
|inactive|tmjp01 has 20 seconds left.
|
|t:|1782713157
|detailschange|p2a: Froslass|Froslass-Mega, L50, F
|-mega|p2a: Froslass|Froslass|Froslassite
|-weather|Snowscape|[from] ability: Snow Warning|[of] p2a: Froslass
|move|p1a: Mamoswine|Icicle Crash|p2b: Hydreigon
|-supereffective|p2b: Hydreigon|1
|-crit|p2b: Hydreigon
|-damage|p2b: Hydreigon|0 fnt
|faint|p2b: Hydreigon
|move|p1b: Venusaur|Sleep Powder|p2a: Froslass
|-status|p2a: Froslass|slp|[from] move: Sleep Powder
|cant|p2a: Froslass|slp
|
|-weather|Snowscape|[upkeep]
|upkeep
|turn|4
|
|t:|1782713168
|cant|p2a: Froslass|slp
|move|p1a: Mamoswine|Stomping Tantrum|p2a: Froslass
|-damage|p2a: Froslass|55/100 slp
|move|p1b: Venusaur|Sludge Bomb|p2a: Froslass
|-resisted|p2a: Froslass|1
|-damage|p2a: Froslass|25/100 slp
|-damage|p1b: Venusaur|80/100|[from] item: Life Orb
|
|-weather|Snowscape|[upkeep]
|-sideend|p1: Sushi Bum|move: Tailwind
|upkeep
|turn|5
|
|t:|1782713172
|-curestatus|p2a: Froslass|slp|[msg]
|move|p2a: Froslass|Protect|p2a: Froslass
|-singleturn|p2a: Froslass|Protect
|move|p1a: Mamoswine|Stomping Tantrum|p2a: Froslass
|-activate|p2a: Froslass|move: Protect
|move|p1b: Venusaur|Sludge Bomb|p2a: Froslass
|-activate|p2a: Froslass|move: Protect
|
|-weather|Snowscape|[upkeep]
|upkeep
|turn|6
|
|t:|1782713179
|move|p2a: Froslass|Blizzard|p1b: Venusaur|[spread] p1a,p1b
|-supereffective|p1b: Venusaur|1
|-damage|p1a: Mamoswine|0 fnt
|-damage|p1b: Venusaur|0 fnt
|faint|p1a: Mamoswine
|faint|p1b: Venusaur
|
|-weather|Snowscape|[upkeep]
|upkeep
|
|t:|1782713181
|switch|p1b: Raichu|Raichu, L50, F|100/100
|turn|7
|
|t:|1782713190
|detailschange|p1b: Raichu|Raichu-Mega-Y, L50, F
|-mega|p1b: Raichu|Raichu|Raichunite Y
|move|p1b: Raichu|Protect|p1b: Raichu
|-singleturn|p1b: Raichu|Protect
|move|p2a: Froslass|Blizzard|p1b: Raichu
|-activate|p1b: Raichu|move: Protect
|
|-weather|none
|upkeep
|turn|8
|inactive|tmjp01 has 30 seconds left.
|inactive|tmjp01 has 20 seconds left.
|
|t:|1782713227
|move|p1b: Raichu|Zap Cannon|p2a: Froslass
|-damage|p2a: Froslass|0 fnt
|faint|p2a: Froslass
|
|win|Sushi Bum
|raw|Sushi Bum's rating: 1077 → 1114(+37 for winning)
|raw|tmjp01's rating: 1186 → 1153(-33 for losing)
