|j|☆kyomala
|j|☆Oriozz
|html|kyomalaOriozz    
|uhtml|bestof|Game 3 of a best-of-3
|t:|1784006077
|gametype|doubles
|player|p1|kyomala|youngn|1248
|player|p2|Oriozz|2|1155
|gen|9
|tier|[Gen 9 Champions] VGC 2026 Reg M-B (Bo3)
|rated|
|rule|Species Clause: Limit one of each Pokémon
|rule|Item Clause: Limit 1 of each item
|clearpoke
|poke|p1|Glimmora, L50, M|
|poke|p1|Farigiraf, L50, M, shiny|
|poke|p1|Kingambit, L50, F, shiny|
|poke|p1|Sylveon, L50, F|
|poke|p1|Blastoise, L50, M|
|poke|p1|Meowscarada, L50, M|
|poke|p2|Charizard, L50, F|
|poke|p2|Grimmsnarl, L50, M|
|poke|p2|Pelipper, L50, F|
|poke|p2|Archaludon, L50, M|
|poke|p2|Basculegion, L50, M|
|poke|p2|Venusaur, L50, F|
|teampreview|4
|showteam|p1|Glimmora||Glimmoranite|ToxicDebris|SludgeBomb,PowerGem,EarthPower,SpikyShield|Timid||M|||50|]Farigiraf||ColburBerry|ArmorTail|PsychicFangs,HelpingHand,TrickRoom,AllySwitch|Relaxed||M|||50|]Kingambit||BlackGlasses|Defiant|IronHead,KowtowCleave,SuckerPunch,LowKick|Adamant||F|||50|]Sylveon||FairyFeather|Pixilate|HyperBeam,HyperVoice,QuickAttack,Protect|Quiet||F|||50|]Blastoise||Blastoisinite|RainDish|WaterSpout,AuraSphere,DarkPulse,FakeOut|Quiet||M|||50|]Meowscarada||ChoiceScarf|Protean|FlowerTrick,LowKick,TripleAxel,KnockOff|Jolly||M|||50|
|showteam|p2|Charizard||CharizarditeY|Blaze|Protect,HeatWave,WeatherBall,SolarBeam|Timid||F|||50|]Grimmsnarl||LightClay|Prankster|SpiritBreak,Reflect,LightScreen,PartingShot|Careful||M|||50|]Pelipper||SitrusBerry|Drizzle|Hurricane,WeatherBall,Tailwind,WideGuard|Modest||F|||50|]Archaludon||Leftovers|Stamina|Protect,ElectroShot,DragonPulse,FlashCannon|Modest||M|||50|]Basculegion||ChoiceScarf|Adaptability|FlipTurn,WaveCrash,AquaJet,LastRespects|Jolly||M|||50|]Venusaur||FocusSash|Chlorophyll|Protect,SleepPowder,SludgeBomb,EarthPower|Modest||F|||50|
|inactive|Battle timer is ON: inactive players will automatically lose when time's up. (requested by Oriozz)
|
|t:|1784006105
|teamsize|p1|4
|teamsize|p2|4
|start
|switch|p1a: Glimmora|Glimmora, L50, M|100/100
|switch|p1b: Meowscarada|Meowscarada, L50, M|100/100
|switch|p2a: Pelipper|Pelipper, L50, F|100/100
|switch|p2b: Archaludon|Archaludon, L50, M|100/100
|-weather|RainDance|[from] ability: Drizzle|[of] p2a: Pelipper
|turn|1
|inactive|kyomala has 30 seconds left.
|inactive|Oriozz has 30 seconds left.
|inactive|kyomala has 20 seconds left.
|
|t:|1784006144
|detailschange|p1a: Glimmora|Glimmora-Mega, L50, M
|-mega|p1a: Glimmora|Glimmora|Glimmoranite
|move|p1a: Glimmora|Spiky Shield|p1a: Glimmora
|-singleturn|p1a: Glimmora|move: Protect
|move|p2b: Archaludon|Protect|p2b: Archaludon
|-singleturn|p2b: Archaludon|Protect
|move|p1b: Meowscarada|Flower Trick|p2a: Pelipper
|-start|p1b: Meowscarada|typechange|Grass|[from] ability: Protean
|-crit|p2a: Pelipper
|-damage|p2a: Pelipper|44/100
|-enditem|p2a: Pelipper|Sitrus Berry|[eat]
|-heal|p2a: Pelipper|68/100|[from] item: Sitrus Berry
|move|p2a: Pelipper|Tailwind|p2a: Pelipper
|-sidestart|p2: Oriozz|move: Tailwind
|
|-weather|RainDance|[upkeep]
|upkeep
|turn|2
|inactive|kyomala has 30 seconds left.
|inactive|Oriozz has 30 seconds left.
|inactive|Oriozz has 20 seconds left.
|inactive|Oriozz has 15 seconds left.
|inactive|Oriozz has 10 seconds left.
|
|t:|1784006190
|switch|p2a: Charizard|Charizard, L50, F|100/100
|switch|p1a: Farigiraf|Farigiraf, L50, M, shiny|100/100
|move|p1b: Meowscarada|Flower Trick|p2a: Charizard
|-resisted|p2a: Charizard|2
|-crit|p2a: Charizard
|-damage|p2a: Charizard|81/100
|move|p2b: Archaludon|Electro Shot||[still]
|-prepare|p2b: Archaludon|Electro Shot
|-boost|p2b: Archaludon|spa|1
|-anim|p2b: Archaludon|Electro Shot|p1a: Farigiraf
|-damage|p1a: Farigiraf|38/100
|
|-weather|RainDance|[upkeep]
|upkeep
|turn|3
|inactive|kyomala has 30 seconds left.
|inactive|Oriozz has 30 seconds left.
|
|t:|1784006221
|switch|p1b: Kingambit|Kingambit, L50, F, shiny|100/100
|move|p2a: Charizard|Heat Wave|p1b: Kingambit|[spread] p1a,p1b
|-supereffective|p1b: Kingambit|1
|-damage|p1a: Farigiraf|22/100
|-damage|p1b: Kingambit|69/100
|move|p2b: Archaludon|Flash Cannon|p1b: Kingambit
|-resisted|p1b: Kingambit|1
|-damage|p1b: Kingambit|42/100
|-unboost|p1b: Kingambit|spd|1
|-ability|p1b: Kingambit|Defiant|boost
|-boost|p1b: Kingambit|atk|2
|move|p1a: Farigiraf|Trick Room|p1a: Farigiraf
|-fieldstart|move: Trick Room|[of] p1a: Farigiraf
|
|-weather|RainDance|[upkeep]
|upkeep
|turn|4
|inactive|kyomala has 30 seconds left.
|inactive|Oriozz has 30 seconds left.
|
|t:|1784006252
|switch|p1a: Glimmora|Glimmora-Mega, L50, M|100/100
|move|p2a: Charizard|Protect|p2a: Charizard
|-singleturn|p2a: Charizard|Protect
|move|p1b: Kingambit|Kowtow Cleave|p2a: Charizard
|-activate|p2a: Charizard|move: Protect
|move|p2b: Archaludon|Electro Shot||[still]
|-prepare|p2b: Archaludon|Electro Shot
|-boost|p2b: Archaludon|spa|1
|-anim|p2b: Archaludon|Electro Shot|p1a: Glimmora
|-damage|p1a: Glimmora|0 fnt
|faint|p1a: Glimmora
|
|-weather|RainDance|[upkeep]
|-sideend|p2: Oriozz|move: Tailwind
|upkeep
|
|t:|1784006260
|switch|p1a: Farigiraf|Farigiraf, L50, M, shiny|22/100
|turn|5
|
|t:|1784006282
|switch|p2a: Venusaur|Venusaur, L50, F|100/100
|move|p1a: Farigiraf|Ally Switch|p1a: Farigiraf
|swap|p1a: Farigiraf|1|[from] move: Ally Switch
|move|p1a: Kingambit|Kowtow Cleave|p2a: Venusaur
|-enditem|p2a: Venusaur|Focus Sash
|-damage|p2a: Venusaur|1/100
|move|p2b: Archaludon|Electro Shot||[still]
|-prepare|p2b: Archaludon|Electro Shot
|-boost|p2b: Archaludon|spa|1
|-anim|p2b: Archaludon|Electro Shot|p1a: Kingambit
|-damage|p1a: Kingambit|0 fnt
|faint|p1a: Kingambit
|
|-weather|none
|upkeep
|
|t:|1784006295
|switch|p1a: Meowscarada|Meowscarada, L50, M|100/100
|turn|6
|-message|kyomala forfeited.
|raw|kyomala's rating: 1248 → 1216(-32 for losing)
|raw|Oriozz's rating: 1155 → 1187(+32 for winning)
|
|win|Oriozz
|l|☆kyomala
|player|p1|
