|j|☆Adam2Big
|j|☆GS Barnabe
|html|Adam2BigGS Barnabe    
|uhtml|bestof|Game 1 of a best-of-3
|t:|1785788861
|gametype|doubles
|player|p1|Adam2Big|266|1139
|player|p2|GS Barnabe|170|1246
|gen|9
|tier|[Gen 9 Champions] VGC 2026 Reg M-B (Bo3)
|rated|
|rule|Species Clause: Limit one of each Pokémon
|rule|Item Clause: Limit 1 of each item
|clearpoke
|poke|p1|Sceptile, L50, M|
|poke|p1|Garchomp, L50, M|
|poke|p1|Metagross, L50|
|poke|p1|Talonflame, L50, M|
|poke|p1|Incineroar, L50, F|
|poke|p1|Rotom-Wash, L50|
|poke|p2|Clefable, L50, M|
|poke|p2|Tyranitar, L50, F|
|poke|p2|Garchomp, L50, F|
|poke|p2|Gholdengo, L50|
|poke|p2|Rotom-Wash, L50|
|poke|p2|Aerodactyl, L50, F|
|teampreview|4
|showteam|p1|Sceptile||Sceptilite|Overgrow|Protect,LeafStorm,EarthPower,DragonPulse|Timid||M|||50|]Garchomp||RoseliBerry|RoughSkin|Earthquake,RockSlide,DragonClaw,Protect|Jolly||M|||50|]Metagross||Metagrossite|ClearBody|Protect,PsychicFangs,MeteorMash,RockSlide|Jolly|||||50|]Talonflame||FocusSash|GaleWings|Tailwind,BraveBird,WillOWisp,Protect|Jolly||M|||50|]Incineroar||ShucaBerry|Intimidate|ThroatChop,FlareBlitz,PartingShot,FakeOut|Careful||F|||50|]Rotom-Wash||ChoiceScarf|Levitate|Discharge,HydroPump,VoltSwitch,Trick|Modest|||||50|
|showteam|p2|Clefable||SitrusBerry|Unaware|Moonblast,FollowMe,LifeDew,Protect|Bold||M|||50|]Tyranitar||ChoiceScarf|SandStream|RockSlide,KnockOff,IcePunch,Superpower|Jolly||F|||50|]Garchomp||Garchompite|SandVeil|DracoMeteor,EarthPower,PowerGem,Protect|Modest||F|||50|]Gholdengo||LifeOrb|GoodasGold|MakeItRain,ShadowBall,NastyPlot,Protect|Modest|||||50|]Rotom-Wash||Leftovers|Levitate|HydroPump,VoltSwitch,WillOWisp,Protect|Calm|||||50|]Aerodactyl||Aerodactylite|RockHead|RockSlide,DualWingbeat,Tailwind,Protect|Jolly||F|||50|
|
|t:|1785788905
|teamsize|p1|4
|teamsize|p2|4
|start
|switch|p1a: Sceptile|Sceptile, L50, M|100/100
|switch|p1b: Rotom|Rotom-Wash, L50|100/100
|switch|p2a: Aerodactyl|Aerodactyl, L50, F|100/100
|switch|p2b: Clefable|Clefable, L50, M|100/100
|turn|1
|
|t:|1785788923
|detailschange|p2a: Aerodactyl|Aerodactyl-Mega, L50, F
|-mega|p2a: Aerodactyl|Aerodactyl|Aerodactylite
|detailschange|p1a: Sceptile|Sceptile-Mega, L50, M
|-mega|p1a: Sceptile|Sceptile|Sceptilite
|move|p1a: Sceptile|Protect|p1a: Sceptile
|-singleturn|p1a: Sceptile|Protect
|move|p1b: Rotom|Discharge|p2b: Clefable|[spread] p2a,p2b
|-activate|p1a: Sceptile|move: Protect
|-supereffective|p2a: Aerodactyl|1
|-damage|p2a: Aerodactyl|36/100
|-damage|p2b: Clefable|75/100
|move|p2a: Aerodactyl|Tailwind|p2a: Aerodactyl
|-sidestart|p2: GS Barnabe|move: Tailwind
|move|p2b: Clefable|Moonblast|p1a: Sceptile
|-activate|p1a: Sceptile|move: Protect
|
|upkeep
|turn|2
|
|t:|1785788948
|switch|p2a: Gholdengo|Gholdengo, L50|100/100
|switch|p1a: Incineroar|Incineroar, L50, F|100/100
|-ability|p1a: Incineroar|Intimidate|boost
|-unboost|p2a: Gholdengo|atk|1
|-unboost|p2b: Clefable|atk|1
|move|p1b: Rotom|Discharge|p2a: Gholdengo|[spread] p1a,p2a,p2b
|-crit|p2a: Gholdengo
|-damage|p1a: Incineroar|77/100
|-damage|p2a: Gholdengo|55/100
|-damage|p2b: Clefable|50/100y
|-enditem|p2b: Clefable|Sitrus Berry|[eat]
|-heal|p2b: Clefable|74/100|[from] item: Sitrus Berry
|move|p2b: Clefable|Moonblast|p1a: Incineroar
|-damage|p1a: Incineroar|51/100
|
|upkeep
|turn|3
|
|t:|1785788994
|switch|p1a: Garchomp|Garchomp, L50, M|100/100
|move|p2b: Clefable|Follow Me|p2b: Clefable
|-singleturn|p2b: Clefable|move: Follow Me
|move|p2a: Gholdengo|Nasty Plot|p2a: Gholdengo
|-boost|p2a: Gholdengo|spa|2
|move|p1b: Rotom|Discharge|p2b: Clefable|[spread] p2a,p2b
|-immune|p1a: Garchomp
|-damage|p2a: Gholdengo|26/100
|-damage|p2b: Clefable|48/100
|
|upkeep
|turn|4
|
|t:|1785789032
|switch|p1b: Incineroar|Incineroar, L50, F|51/100
|-ability|p1b: Incineroar|Intimidate|boost
|-unboost|p2a: Gholdengo|atk|1
|-unboost|p2b: Clefable|atk|1
|move|p2a: Gholdengo|Make It Rain|p1b: Incineroar|[spread] p1a,p1b
|-resisted|p1b: Incineroar|1
|-damage|p1a: Garchomp|0 fnt
|-damage|p1b: Incineroar|7/100
|-unboost|p2a: Gholdengo|spa|2
|faint|p1a: Garchomp
|-damage|p2a: Gholdengo|16/100|[from] item: Life Orb
|move|p2b: Clefable|Life Dew|p2b: Clefable|[spread] p2b
|-immune|p2a: Gholdengo|[from] ability: Good as Gold
|-heal|p2b: Clefable|73/100
|
|-sideend|p2: GS Barnabe|move: Tailwind
|upkeep
|
|t:|1785789049
|switch|p1a: Rotom|Rotom-Wash, L50|100/100
|turn|5
|inactive|Battle timer is ON: inactive players will automatically lose when time's up. (requested by Adam2Big)
|
|t:|1785789074
|switch|p1b: Sceptile|Sceptile-Mega, L50, M|100/100
|move|p1a: Rotom|Discharge|p2a: Gholdengo|[spread] p2a,p2b
|-ability|p1b: Sceptile|Lightning Rod|boost
|-boost|p1b: Sceptile|spa|1
|-damage|p2a: Gholdengo|0 fnt
|-damage|p2b: Clefable|49/100
|faint|p2a: Gholdengo
|move|p2b: Clefable|Moonblast|p1a: Rotom
|-damage|p1a: Rotom|56/100
|-unboost|p1a: Rotom|spa|1
|
|upkeep
|
|t:|1785789090
|switch|p2a: Tyranitar|Tyranitar, L50, F|100/100
|-weather|Sandstorm|[from] ability: Sand Stream|[of] p2a: Tyranitar
|turn|6
|inactive|GS Barnabe has 30 seconds left.
|
|t:|1785789115
|move|p1a: Rotom|Discharge|p2b: Clefable|[spread] p2a,p2b
|-ability|p1b: Sceptile|Lightning Rod|boost
|-boost|p1b: Sceptile|spa|1
|-damage|p2a: Tyranitar|85/100
|-damage|p2b: Clefable|24/100
|-status|p2a: Tyranitar|par
|move|p1b: Sceptile|Earth Power|p2a: Tyranitar
|-supereffective|p2a: Tyranitar|1
|-damage|p2a: Tyranitar|1/100 par
|move|p2a: Tyranitar|Rock Slide|p1b: Sceptile|[spread] p1a,p1b
|-damage|p1a: Rotom|15/100
|-damage|p1b: Sceptile|57/100
|move|p2b: Clefable|Moonblast|p1b: Sceptile
|-supereffective|p1b: Sceptile|1
|-damage|p1b: Sceptile|0 fnt
|faint|p1b: Sceptile
|
|-weather|Sandstorm|[upkeep]
|-damage|p1a: Rotom|9/100|[from] Sandstorm
|-damage|p2b: Clefable|18/100|[from] Sandstorm
|upkeep
|
|t:|1785789130
|switch|p1b: Incineroar|Incineroar, L50, F|7/100
|-ability|p1b: Incineroar|Intimidate|boost
|-unboost|p2a: Tyranitar|atk|1
|-unboost|p2b: Clefable|atk|1
|turn|7
|
|t:|1785789153
|move|p1b: Incineroar|Fake Out|p2a: Tyranitar
|-resisted|p2a: Tyranitar|1
|-damage|p2a: Tyranitar|0 fnt
|faint|p2a: Tyranitar
|move|p1a: Rotom|Discharge|p2b: Clefable|[spread] p1b,p2b
|-damage|p1b: Incineroar|0 fnt
|-damage|p2b: Clefable|0 fnt
|faint|p1b: Incineroar
|faint|p2b: Clefable
|
|-weather|Sandstorm|[upkeep]
|-damage|p1a: Rotom|4/100|[from] Sandstorm
|upkeep
|
|t:|1785789166
|switch|p2b: Aerodactyl|Aerodactyl-Mega, L50, F|36/100
|turn|8
|
|t:|1785789174
|move|p2b: Aerodactyl|Protect|p2b: Aerodactyl
|-singleturn|p2b: Aerodactyl|Protect
|move|p1a: Rotom|Discharge|p2b: Aerodactyl
|-activate|p2b: Aerodactyl|move: Protect
|
|-weather|Sandstorm|[upkeep]
|-damage|p1a: Rotom|0 fnt|[from] Sandstorm
|faint|p1a: Rotom
|
|win|GS Barnabe
