|j|☆LookBackInBanger
|j|☆the crimson wooper
|html|LookBackInBangerthe crimson wooper    
|uhtml|bestof|Game 2 of a best-of-3
|t:|1756407238
|gametype|doubles
|player|p1|LookBackInBanger|mina|1089
|player|p2|the crimson wooper|caitlin-masters|1153
|gen|9
|tier|[Gen 9] VGC 2025 Reg H (Bo3)
|rated|
|rule|Species Clause: Limit one of each Pokémon
|rule|Item Clause: Limit 1 of each item
|clearpoke
|poke|p1|Dragonite, L50, F|
|poke|p1|Electabuzz, L50, M|
|poke|p1|Indeedee, L50, M|
|poke|p1|Sneasler, L50, F|
|poke|p1|Talonflame, L50, M|
|poke|p1|Ursaluna-Bloodmoon, L50, M|
|poke|p2|Dragonite, L50, M|
|poke|p2|Rillaboom, L50, M|
|poke|p2|Sneasler, L50, F|
|poke|p2|Volcarona, L50, M|
|poke|p2|Electabuzz, L50, M|
|poke|p2|Kingambit, L50, M|
|teampreview|4
|showteam|p1|Dragonite||LoadedDice|Multiscale|ScaleShot,StompingTantrum,Haze,Protect|||F|||50|,,,,,Fairy]Electabuzz||Eviolite|VitalSpirit|Electroweb,FollowMe,Taunt,Protect|||M|||50|,,,,,Dragon]Indeedee||FocusSash|PsychicSurge|ExpandingForce,HelpingHand,TrickRoom,Imprison|||M|||50|,,,,,Psychic]Sneasler||PsychicSeed|Unburden|DireClaw,CloseCombat,ThroatChop,Protect|||F|||50|,,,,,Stellar]Talonflame||CovertCloak|GaleWings|FlareBlitz,DualWingbeat,WillOWisp,Tailwind|||M|||50|,,,,,Stellar]Ursaluna-Bloodmoon||LifeOrb|MindsEye|BloodMoon,HyperVoice,EarthPower,Protect|||M|||50|,,,,,Normal
|showteam|p2|Dragonite||LoadedDice|Multiscale|ScaleShot,ExtremeSpeed,Haze,Protect|||M|||50|,,,,,Fairy]Rillaboom||AssaultVest|GrassySurge|WoodHammer,GrassyGlide,FakeOut,Uturn|||M|||50|,,,,,Fire]Sneasler||FocusSash|Unburden|CloseCombat,Coaching,DireClaw,FakeOut|||F|||50|,,,,,Stellar]Volcarona||GrassySeed|FlameBody|HeatWave,QuiverDance,GigaDrain,Protect|||M|||50|,,,,,Grass]Electabuzz||Eviolite|VitalSpirit|Thunderbolt,Taunt,FollowMe,Protect|||M|||50|,,,,,Ghost]Kingambit||SafetyGoggles|Defiant|KowtowCleave,SuckerPunch,SwordsDance,Protect|||M|||50|,,,,,Dark
|inactive|Battle timer is ON: inactive players will automatically lose when time's up. (requested by the crimson wooper)
|inactive|LookBackInBanger has 60 seconds left.
|
|t:|1756407270
|teamsize|p1|4
|teamsize|p2|4
|start
|switch|p1a: Electabuzz|Electabuzz, L50, M|100/100
|switch|p1b: Dragonite|Dragonite, L50, F|100/100
|switch|p2a: Michael|Electabuzz, L50, M|100/100
|switch|p2b: Douglass|Dragonite, L50, M|100/100
|turn|1
|c|☆LookBackInBanger|HAhhaHAhah the mirror
|c|☆the crimson wooper|indeed
|inactive|LookBackInBanger has 30 seconds left.
|inactive|the crimson wooper has 30 seconds left.
|inactive|LookBackInBanger has 20 seconds left.
|inactive|the crimson wooper has 20 seconds left.
|inactive|LookBackInBanger has 15 seconds left.
|inactive|LookBackInBanger has 10 seconds left.
|
|t:|1756407318
|move|p1b: Dragonite|Protect|p1b: Dragonite
|-singleturn|p1b: Dragonite|Protect
|move|p2b: Douglass|Protect|p2b: Douglass
|-singleturn|p2b: Douglass|Protect
|move|p1a: Electabuzz|Electroweb|p2b: Douglass|[spread] p2a
|-activate|p2b: Douglass|move: Protect
|-resisted|p2a: Michael
|-damage|p2a: Michael|95/100
|-unboost|p2a: Michael|spe|1
|move|p2a: Michael|Taunt|p1a: Electabuzz
|-start|p1a: Electabuzz|move: Taunt
|
|upkeep
|turn|2
|inactive|LookBackInBanger has 30 seconds left.
|inactive|LookBackInBanger has 20 seconds left.
|inactive|LookBackInBanger has 15 seconds left.
|inactive|LookBackInBanger has 10 seconds left.
|inactive|LookBackInBanger has 5 seconds left.
|
|t:|1756407372
|-terastallize|p1b: Dragonite|Fairy
|-terastallize|p2b: Douglass|Fairy
|move|p2b: Douglass|Extreme Speed|p1b: Dragonite
|-damage|p1b: Dragonite|82/100
|move|p1a: Electabuzz|Electroweb|p2b: Douglass|[spread] p2a,p2b
|-resisted|p2a: Michael
|-damage|p2a: Michael|90/100
|-damage|p2b: Douglass|93/100
|-unboost|p2a: Michael|spe|1
|-unboost|p2b: Douglass|spe|1
|move|p1b: Dragonite|Scale Shot|p2b: Douglass
|-immune|p2b: Douglass
|move|p2a: Michael|Thunderbolt|p1b: Dragonite
|-damage|p1b: Dragonite|48/100
|
|upkeep
|turn|3
|inactive|LookBackInBanger has 30 seconds left.
|inactive|LookBackInBanger has 20 seconds left.
|
|t:|1756407412
|switch|p1a: Sneasler|Sneasler, L50, F|100/100
|move|p1b: Dragonite|Stomping Tantrum|p2a: Michael
|-supereffective|p2a: Michael
|-damage|p2a: Michael|0 fnt
|faint|p2a: Michael
|move|p2b: Douglass|Scale Shot|p1a: Sneasler
|-damage|p1a: Sneasler|79/100
|-damage|p1a: Sneasler|58/100
|-damage|p1a: Sneasler|34/100
|-damage|p1a: Sneasler|11/100
|-hitcount|p1a: Sneasler|4
|-unboost|p2b: Douglass|def|1
|-boost|p2b: Douglass|spe|1
|
|upkeep
|
|t:|1756407426
|switch|p2a: Sinatra|Volcarona, L50, M|100/100
|turn|4
|inactive|LookBackInBanger has 30 seconds left.
|inactive|LookBackInBanger has 20 seconds left.
|inactive|LookBackInBanger has 15 seconds left.
|inactive|LookBackInBanger has 10 seconds left.
|
|t:|1756407473
|switch|p1a: Electabuzz|Electabuzz, L50, M|100/100
|switch|p2b: Harambe|Rillaboom, L50, M|100/100
|-fieldstart|move: Grassy Terrain|[from] ability: Grassy Surge|[of] p2b: Harambe
|-enditem|p2a: Sinatra|Grassy Seed
|-boost|p2a: Sinatra|def|1|[from] item: Grassy Seed
|move|p1b: Dragonite|Protect|p1b: Dragonite
|-singleturn|p1b: Dragonite|Protect
|move|p2a: Sinatra|Heat Wave|p1a: Electabuzz|[spread] p1a
|-activate|p1b: Dragonite|move: Protect
|-damage|p1a: Electabuzz|71/100
|
|-heal|p1a: Electabuzz|77/100|[from] Grassy Terrain
|-heal|p1b: Dragonite|54/100|[from] Grassy Terrain
|upkeep
|turn|5
|inactive|LookBackInBanger has 30 seconds left.
|inactive|LookBackInBanger has 20 seconds left.
|inactive|LookBackInBanger has 15 seconds left.
|inactive|LookBackInBanger has 10 seconds left.
|inactive|LookBackInBanger has 5 seconds left.
|
|t:|1756407525
|move|p1a: Electabuzz|Electroweb|p2b: Harambe|[spread] p2a,p2b
|-resisted|p2b: Harambe
|-damage|p2a: Sinatra|89/100
|-damage|p2b: Harambe|95/100
|-unboost|p2a: Sinatra|spe|1
|-unboost|p2b: Harambe|spe|1
|move|p1b: Dragonite|Scale Shot|p2a: Sinatra
|-damage|p2a: Sinatra|76/100
|-damage|p2a: Sinatra|64/100
|-damage|p2a: Sinatra|52/100
|-damage|p2a: Sinatra|40/100
|-damage|p2a: Sinatra|28/100
|-hitcount|p2a: Sinatra|5
|-unboost|p1b: Dragonite|def|1
|-boost|p1b: Dragonite|spe|1
|move|p2a: Sinatra|Quiver Dance|p2a: Sinatra
|-boost|p2a: Sinatra|spa|1
|-boost|p2a: Sinatra|spd|1
|-boost|p2a: Sinatra|spe|1
|move|p2b: Harambe|U-turn|p1a: Electabuzz
|-damage|p1a: Electabuzz|48/100
|
|t:|1756407539
|switch|p2b: Douglass|Dragonite, L50, M, tera:Fairy|93/100|[from] U-turn
|
|-heal|p1b: Dragonite|60/100|[from] Grassy Terrain
|-heal|p1a: Electabuzz|54/100|[from] Grassy Terrain
|-heal|p2a: Sinatra|35/100|[from] Grassy Terrain
|-heal|p2b: Douglass|99/100|[from] Grassy Terrain
|upkeep
|turn|6
|inactive|LookBackInBanger has 30 seconds left.
|
|t:|1756407569
|move|p1b: Dragonite|Protect|p1b: Dragonite
|-singleturn|p1b: Dragonite|Protect
|move|p2a: Sinatra|Protect|p2a: Sinatra
|-singleturn|p2a: Sinatra|Protect
|move|p2b: Douglass|Extreme Speed|p1b: Dragonite
|-activate|p1b: Dragonite|move: Protect
|move|p1a: Electabuzz|Electroweb|p2a: Sinatra|[spread] 
|-activate|p2a: Sinatra|move: Protect
|-miss|p1a: Electabuzz|p2b: Douglass
|
|-heal|p1b: Dragonite|66/100|[from] Grassy Terrain
|-heal|p1a: Electabuzz|60/100|[from] Grassy Terrain
|-heal|p2a: Sinatra|41/100|[from] Grassy Terrain
|-heal|p2b: Douglass|100/100|[from] Grassy Terrain
|upkeep
|turn|7
|inactive|LookBackInBanger has 30 seconds left.
|inactive|LookBackInBanger has 20 seconds left.
|inactive|LookBackInBanger has 15 seconds left.
|
|t:|1756407611
|move|p2b: Douglass|Extreme Speed|p1b: Dragonite
|-damage|p1b: Dragonite|10/100
|move|p1b: Dragonite|Scale Shot|p2a: Sinatra
|-damage|p2a: Sinatra|29/100
|-damage|p2a: Sinatra|17/100
|-damage|p2a: Sinatra|6/100
|-damage|p2a: Sinatra|0 fnt
|faint|p2a: Sinatra
|-hitcount|p2: Sinatra|4
|-unboost|p1b: Dragonite|def|1
|-boost|p1b: Dragonite|spe|1
|move|p1a: Electabuzz|Electroweb|p2b: Douglass|[miss]
|-miss|p1a: Electabuzz|p2b: Douglass
|
|-heal|p1b: Dragonite|16/100|[from] Grassy Terrain
|-heal|p1a: Electabuzz|66/100|[from] Grassy Terrain
|upkeep
|
|t:|1756407617
|switch|p2a: Harambe|Rillaboom, L50, M|95/100
|turn|8
|inactive|LookBackInBanger has 30 seconds left.
|
|t:|1756407648
|move|p1b: Dragonite|Protect|p1b: Dragonite
|-singleturn|p1b: Dragonite|Protect
|move|p1a: Electabuzz|Protect|p1a: Electabuzz
|-singleturn|p1a: Electabuzz|Protect
|move|p2b: Douglass|Scale Shot|p1a: Electabuzz
|-activate|p1a: Electabuzz|move: Protect
|move|p2a: Harambe|Wood Hammer|p1a: Electabuzz
|-activate|p1a: Electabuzz|move: Protect
|
|-heal|p1b: Dragonite|22/100|[from] Grassy Terrain
|-heal|p1a: Electabuzz|72/100|[from] Grassy Terrain
|-heal|p2a: Harambe|100/100|[from] Grassy Terrain
|-fieldend|move: Grassy Terrain
|upkeep
|turn|9
|inactive|LookBackInBanger has 30 seconds left.
|
|t:|1756407674
|move|p1a: Electabuzz|Follow Me|p1a: Electabuzz
|-singleturn|p1a: Electabuzz|move: Follow Me
|move|p2b: Douglass|Extreme Speed|p1a: Electabuzz
|-damage|p1a: Electabuzz|42/100
|move|p1b: Dragonite|Scale Shot|p2a: Harambe
|-damage|p2a: Harambe|85/100
|-damage|p2a: Harambe|67/100
|-damage|p2a: Harambe|50/100
|-damage|p2a: Harambe|34/100
|-hitcount|p2a: Harambe|4
|-unboost|p1b: Dragonite|def|1
|-boost|p1b: Dragonite|spe|1
|move|p2a: Harambe|Wood Hammer|p1a: Electabuzz
|-crit|p1a: Electabuzz
|-damage|p1a: Electabuzz|0 fnt
|faint|p1a: Electabuzz
|-damage|p2a: Harambe|21/100|[from] Recoil
|
|upkeep
|
|t:|1756407693
|switch|p1a: Indeedee|Indeedee, L50, M|100/100
|-fieldstart|move: Psychic Terrain|[from] ability: Psychic Surge|[of] p1a: Indeedee
|turn|10
|
|t:|1756407706
|move|p2a: Harambe|Fake Out||[still]
|-hint|Fake Out only works on your first turn out.
|-fail|p2a: Harambe
|move|p1b: Dragonite|Stomping Tantrum|p2b: Douglass
|-damage|p2b: Douglass|85/100
|move|p1a: Indeedee|Expanding Force|p2a: Harambe|[spread] p2a,p2b
|-damage|p2a: Harambe|0 fnt
|-damage|p2b: Douglass|29/100
|faint|p2a: Harambe
|move|p2b: Douglass|Scale Shot|p1a: Indeedee
|-damage|p1a: Indeedee|70/100
|-damage|p1a: Indeedee|37/100
|-damage|p1a: Indeedee|8/100
|-damage|p1a: Indeedee|0 fnt
|faint|p1a: Indeedee
|-hitcount|p1: Indeedee|4
|-unboost|p2b: Douglass|def|1
|-boost|p2b: Douglass|spe|1
|
|upkeep
|-message|the crimson wooper forfeited.
|raw|LookBackInBanger's rating: 1089 → 1121(+32 for winning)
|raw|the crimson wooper's rating: 1153 → 1123(-30 for losing)
|
|win|LookBackInBanger
|l|☆the crimson wooper
|player|p2|
|c|☆LookBackInBanger|ggs!
