|j|☆Missed Ledgedash
|j|☆Rexar.Deco
|html|Missed LedgedashRexar.Deco    
|uhtml|bestof|Game 2 of a best-of-3
|t:|1782421768
|gametype|doubles
|player|p1|Missed Ledgedash|juan-gen3|1238
|player|p2|Rexar.Deco|102|1166
|gen|9
|tier|[Gen 9 Champions] VGC 2026 Reg M-B (Bo3)
|rated|
|rule|Species Clause: Limit one of each Pokémon
|rule|Item Clause: Limit 1 of each item
|clearpoke
|poke|p1|Incineroar, L50, M|
|poke|p1|Gengar, L50, F|
|poke|p1|Staraptor, L50, M|
|poke|p1|Basculegion, L50, M|
|poke|p1|Sneasler, L50, F|
|poke|p1|Kingambit, L50, M|
|poke|p2|Sneasler, L50, M|
|poke|p2|Ninetales-Alola, L50, M|
|poke|p2|Kingambit, L50, M|
|poke|p2|Meganium, L50, F|
|poke|p2|Arcanine-Hisui, L50, F|
|poke|p2|Froslass, L50, F|
|teampreview|4
|showteam|p1|Incineroar||SitrusBerry|Intimidate|Protect,FlareBlitz,PartingShot,FakeOut|Relaxed||M|||50|]Gengar||Gengarite|CursedBody|Protect,ShadowBall,SludgeBomb,PerishSong|Timid||F|||50|]Staraptor||Staraptite|Intimidate|Protect,CloseCombat,BraveBird,FinalGambit|Jolly||M|||50|]Basculegion||MysticWater|Adaptability|Protect,WaveCrash,LastRespects,AquaJet|Adamant||M|||50|]Sneasler||WhiteHerb|Unburden|Protect,CloseCombat,DireClaw,FakeOut|Adamant||F|||50|]Kingambit||ChopleBerry|Defiant|Protect,KowtowCleave,SuckerPunch,LowKick|Adamant||M|||50|
|showteam|p2|Sneasler||WhiteHerb|Unburden|CloseCombat,DireClaw,FakeOut,Protect|Jolly||M|||50|]Ninetales-Alola||ChoiceScarf|SnowWarning|IcyWind,Blizzard,Moonblast,FreezeDry|Timid||M|||50|]Kingambit||LifeOrb|Defiant|SuckerPunch,KowtowCleave,IronHead,LowKick|Adamant||M|||50|]Meganium||Meganiumite|Overgrow|SolarBeam,WeatherBall,DazzlingGleam,Protect|Modest||F|||50|]Arcanine-Hisui||FocusSash|RockHead|HeadSmash,FlareBlitz,ExtremeSpeed,CloseCombat|Adamant||F|||50|]Froslass||Froslassite|SnowCloak|Blizzard,ShadowBall,AuroraVeil,Protect|Modest||F|||50|
|
|t:|1782421821
|teamsize|p1|4
|teamsize|p2|4
|start
|switch|p1a: Gengar|Gengar, L50, F|100/100
|switch|p1b: Incineroar|Incineroar, L50, M|100/100
|switch|p2a: Kingambit|Kingambit, L50, M|100/100
|switch|p2b: Arcanine|Arcanine-Hisui, L50, F|100/100
|-ability|p1b: Incineroar|Intimidate|boost
|-unboost|p2a: Kingambit|atk|1
|-ability|p2a: Kingambit|Defiant|boost
|-boost|p2a: Kingambit|atk|2
|-unboost|p2b: Arcanine|atk|1
|turn|1
|
|t:|1782421851
|detailschange|p1a: Gengar|Gengar-Mega, L50, F
|-mega|p1a: Gengar|Gengar|Gengarite
|move|p1b: Incineroar|Fake Out|p2a: Kingambit
|-resisted|p2a: Kingambit|1
|-damage|p2a: Kingambit|96/100
|move|p1a: Gengar|Perish Song|p1a: Gengar
|-start|p1a: Gengar|perish3|[silent]
|-start|p1b: Incineroar|perish3|[silent]
|-start|p2a: Kingambit|perish3|[silent]
|-start|p2b: Arcanine|perish3|[silent]
|-fieldactivate|move: Perish Song
|move|p2b: Arcanine|Head Smash|p1b: Incineroar
|-supereffective|p1b: Incineroar|1
|-damage|p1b: Incineroar|28/100
|-enditem|p1b: Incineroar|Sitrus Berry|[eat]
|-heal|p1b: Incineroar|53/100|[from] item: Sitrus Berry
|cant|p2a: Kingambit|flinch
|
|-start|p1a: Gengar|perish3
|-start|p2b: Arcanine|perish3
|-start|p1b: Incineroar|perish3
|-start|p2a: Kingambit|perish3
|upkeep
|turn|2
|
|t:|1782421888
|move|p1a: Gengar|Protect|p1a: Gengar
|-singleturn|p1a: Gengar|Protect
|move|p1b: Incineroar|Protect|p1b: Incineroar
|-singleturn|p1b: Incineroar|Protect
|move|p2b: Arcanine|Head Smash|p1b: Incineroar
|-activate|p1b: Incineroar|move: Protect
|move|p2a: Kingambit|Kowtow Cleave|p1a: Gengar
|-activate|p1a: Gengar|move: Protect
|
|-start|p1a: Gengar|perish2
|-start|p2b: Arcanine|perish2
|-start|p1b: Incineroar|perish2
|-start|p2a: Kingambit|perish2
|upkeep
|turn|3
|
|t:|1782421926
|switch|p1a: Sneasler|Sneasler, L50, F|100/100
|move|p2b: Arcanine|Head Smash|p1a: Sneasler
|-resisted|p1a: Sneasler|1
|-damage|p1a: Sneasler|66/100
|move|p1b: Incineroar|Flare Blitz|p2a: Kingambit
|-supereffective|p2a: Kingambit|1
|-damage|p2a: Kingambit|21/100
|-damage|p1b: Incineroar|28/100|[from] Recoil
|move|p2a: Kingambit|Kowtow Cleave|p1b: Incineroar
|-resisted|p1b: Incineroar|1
|-damage|p1b: Incineroar|0 fnt
|faint|p1b: Incineroar
|-damage|p2a: Kingambit|11/100|[from] item: Life Orb
|
|-start|p2b: Arcanine|perish1
|-start|p2a: Kingambit|perish1
|upkeep
|
|t:|1782421937
|switch|p1b: Gengar|Gengar-Mega, L50, F|100/100
|turn|4
|
|t:|1782421964
|move|p1b: Gengar|Protect|p1b: Gengar
|-singleturn|p1b: Gengar|Protect
|move|p1a: Sneasler|Protect|p1a: Sneasler
|-singleturn|p1a: Sneasler|Protect
|move|p2b: Arcanine|Extreme Speed|p1a: Sneasler
|-activate|p1a: Sneasler|move: Protect
|move|p2a: Kingambit|Kowtow Cleave|p1b: Gengar
|-activate|p1b: Gengar|move: Protect
|
|-start|p2b: Arcanine|perish0
|-start|p2a: Kingambit|perish0
|faint|p2b: Arcanine
|faint|p2a: Kingambit
|upkeep
|
|t:|1782421978
|switch|p2b: Meganium|Meganium, L50, F|100/100
|switch|p2a: Sneasler|Sneasler, L50, M|100/100
|turn|5
|
|t:|1782421994
|switch|p1b: Kingambit|Kingambit, L50, M|100/100
|detailschange|p2b: Meganium|Meganium-Mega, L50, F
|-mega|p2b: Meganium|Meganium|Meganiumite
|move|p2a: Sneasler|Fake Out|p1a: Sneasler
|-crit|p1a: Sneasler
|-damage|p1a: Sneasler|39/100
|cant|p1a: Sneasler|flinch
|move|p2b: Meganium|Weather Ball|p1b: Kingambit
|-supereffective|p1b: Kingambit|1
|-damage|p1b: Kingambit|0 fnt
|faint|p1b: Kingambit
|
|upkeep
|
|t:|1782422004
|switch|p1b: Gengar|Gengar-Mega, L50, F|100/100
|turn|6
|
|t:|1782422015
|move|p2b: Meganium|Protect|p2b: Meganium
|-singleturn|p2b: Meganium|Protect
|move|p2a: Sneasler|Close Combat|p1a: Sneasler
|-resisted|p1a: Sneasler|1
|-damage|p1a: Sneasler|0 fnt
|-unboost|p2a: Sneasler|def|1
|-unboost|p2a: Sneasler|spd|1
|faint|p1a: Sneasler
|-enditem|p2a: Sneasler|White Herb
|-clearnegativeboost|p2a: Sneasler|[silent]
|move|p1b: Gengar|Sludge Bomb|p2b: Meganium
|-activate|p2b: Meganium|move: Protect
|
|upkeep
|turn|7
|
|t:|1782422033
|move|p2b: Meganium|Protect||[still]
|-fail|p2b: Meganium
|move|p2a: Sneasler|Dire Claw|p1b: Gengar
|-resisted|p1b: Gengar|2
|-damage|p1b: Gengar|87/100
|move|p1b: Gengar|Sludge Bomb|p2b: Meganium
|-supereffective|p2b: Meganium|2
|-damage|p2b: Meganium|0 fnt
|faint|p2b: Meganium
|
|upkeep
|turn|8
|
|t:|1782422044
|move|p2a: Sneasler|Dire Claw|p1b: Gengar
|-resisted|p1b: Gengar|2
|-damage|p1b: Gengar|74/100
|move|p1b: Gengar|Shadow Ball|p2a: Sneasler
|-damage|p2a: Sneasler|36/100
|-unboost|p2a: Sneasler|spd|1
|
|upkeep
|turn|9
|
|t:|1782422052
|move|p2a: Sneasler|Dire Claw|p1b: Gengar
|-resisted|p1b: Gengar|2
|-damage|p1b: Gengar|63/100
|move|p1b: Gengar|Shadow Ball|p2a: Sneasler
|-damage|p2a: Sneasler|0 fnt
|faint|p2a: Sneasler
|
|win|Missed Ledgedash
|raw|Missed Ledgedash's rating: 1238 → 1258(+20 for winning)
|raw|Rexar.Deco's rating: 1166 → 1146(-20 for losing)
