|j|☆Blood Mustard
|j|☆cocacolaindahhouse
|html|Blood Mustardcocacolaindahhouse    
|uhtml|bestof|Game 2 of a best-of-3
|t:|1754339746
|gametype|doubles
|player|p1|Blood Mustard|pokemonranger-gen4|1192
|player|p2|cocacolaindahhouse|101|1217
|gen|9
|tier|[Gen 9] VGC 2025 Reg H (Bo3)
|rated|
|rule|Species Clause: Limit one of each Pokémon
|rule|Item Clause: Limit 1 of each item
|clearpoke
|poke|p1|Maushold, L50|
|poke|p1|Annihilape, L50, M|
|poke|p1|Ursaluna-Bloodmoon, L50, M|
|poke|p1|Tyranitar, L50, F|
|poke|p1|Klefki, L50, F|
|poke|p1|Sinistcha, L50|
|poke|p2|Archaludon, L50, F|
|poke|p2|Pelipper, L50, M|
|poke|p2|Basculegion, L50, M|
|poke|p2|Gholdengo, L50|
|poke|p2|Amoonguss, L50, F|
|poke|p2|Incineroar, L50, F|
|teampreview|4
|showteam|p1|Maushold||SafetyGoggles|FriendGuard|BeatUp,FollowMe,Taunt,Protect||||||50|,,,,,Ghost]Annihilape||SpellTag|Defiant|DrainPunch,RageFist,BulkUp,Protect|||M|||50|,,,,,Water]Ursaluna-Bloodmoon||LifeOrb|MindsEye|BloodMoon,EarthPower,HyperVoice,Protect|||M|||50|,,,,,Normal]Tyranitar||AssaultVest|SandStream|KnockOff,RockSlide,LowKick,TeraBlast|||F|||50|,,,,,Flying]Klefki||LightClay|Prankster|DazzlingGleam,MistyTerrain,LightScreen,Reflect|||F|||50|,,,,,Ghost]Sinistcha||SitrusBerry|Hospitality|MatchaGotcha,RagePowder,LifeDew,TrickRoom||||||50|,,,,,Fairy
|showteam|p2|Archaludon||AssaultVest|Stamina|DragonPulse,ElectroShot,FlashCannon,BodyPress|||F|||50|,,,,,Grass]Pelipper||FocusSash|Drizzle|WeatherBall,Hurricane,Tailwind,Protect|||M|||50|,,,,,Ground]Basculegion||ChoiceBand|SwiftSwim|WaveCrash,LastRespects,AquaJet,FlipTurn|||M|||50|,,,,,Water]Gholdengo||LifeOrb|GoodasGold|MakeItRain,ShadowBall,NastyPlot,Protect||||||50|,,,,,Water]Amoonguss||SitrusBerry|Regenerator|PollenPuff,Spore,RagePowder,Protect|||F|||50|,,,,,Fairy]Incineroar||RockyHelmet|Intimidate|KnockOff,Taunt,PartingShot,FakeOut|||F|||50|,,,,,Ghost
|
|t:|1754339769
|teamsize|p1|4
|teamsize|p2|4
|start
|switch|p1a: The Keys|Klefki, L50, F|100/100
|switch|p1b: Annihilape|Annihilape, L50, M|100/100
|switch|p2a: Archaludon|Archaludon, L50, F, shiny|100/100
|switch|p2b: Basculegion|Basculegion, L50, M, shiny|100/100
|turn|1
|
|t:|1754339799
|switch|p2b: Pelipper|Pelipper, L50, M, shiny|100/100
|-weather|RainDance|[from] ability: Drizzle|[of] p2b: Pelipper
|move|p1b: Annihilape|Protect|p1b: Annihilape
|-singleturn|p1b: Annihilape|Protect
|move|p1a: The Keys|Reflect|p1a: The Keys
|-sidestart|p1: Blood Mustard|Reflect
|move|p2a: Archaludon|Electro Shot||[still]
|-prepare|p2a: Archaludon|Electro Shot
|-boost|p2a: Archaludon|spa|1
|-anim|p2a: Archaludon|Electro Shot|p1b: Annihilape
|-activate|p1b: Annihilape|move: Protect
|
|-weather|RainDance|[upkeep]
|upkeep
|turn|2
|
|t:|1754339839
|-terastallize|p1b: Annihilape|Water
|move|p1a: The Keys|Light Screen|p1a: The Keys
|-sidestart|p1: Blood Mustard|move: Light Screen
|move|p1b: Annihilape|Bulk Up|p1b: Annihilape
|-boost|p1b: Annihilape|atk|1
|-boost|p1b: Annihilape|def|1
|move|p2b: Pelipper|Hurricane|p1b: Annihilape
|-damage|p1b: Annihilape|71/100
|-start|p1b: Annihilape|confusion
|move|p2a: Archaludon|Dragon Pulse|p1b: Annihilape
|-damage|p1b: Annihilape|32/100
|
|-weather|RainDance|[upkeep]
|upkeep
|turn|3
|
|t:|1754339877
|-terastallize|p2a: Archaludon|Grass
|move|p2b: Pelipper|Protect|p2b: Pelipper
|-singleturn|p2b: Pelipper|Protect
|-activate|p1b: Annihilape|confusion
|move|p1b: Annihilape|Rage Fist|p2a: Archaludon
|-damage|p2a: Archaludon|3/100
|-ability|p2a: Archaludon|Stamina|boost
|-boost|p2a: Archaludon|def|1
|move|p2a: Archaludon|Dragon Pulse|p1b: Annihilape
|-damage|p1b: Annihilape|0 fnt
|faint|p1b: Annihilape
|move|p1a: The Keys|Dazzling Gleam|p2a: Archaludon|[spread] p2a
|-activate|p2b: Pelipper|move: Protect
|-damage|p2a: Archaludon|0 fnt
|faint|p2a: Archaludon
|
|-weather|RainDance|[upkeep]
|upkeep
|
|t:|1754339898
|switch|p1b: Frank|Sinistcha, L50|100/100
|switch|p2a: Gholdengo|Gholdengo, L50|100/100
|turn|4
|
|t:|1754339911
|move|p1a: The Keys|Misty Terrain|p1a: The Keys
|-fieldstart|move: Misty Terrain
|move|p2a: Gholdengo|Shadow Ball|p1b: Frank
|-supereffective|p1b: Frank
|-damage|p1b: Frank|41/100
|-enditem|p1b: Frank|Sitrus Berry|[eat]
|-heal|p1b: Frank|66/100|[from] item: Sitrus Berry
|-damage|p2a: Gholdengo|91/100|[from] item: Life Orb
|move|p2b: Pelipper|Hurricane|p1b: Frank
|-supereffective|p1b: Frank
|-damage|p1b: Frank|9/100
|move|p1b: Frank|Trick Room|p1b: Frank
|-fieldstart|move: Trick Room|[of] p1b: Frank
|
|-weather|RainDance|[upkeep]
|upkeep
|turn|5
|
|t:|1754339946
|switch|p1b: Bear|Ursaluna-Bloodmoon, L50, M|100/100
|move|p1a: The Keys|Dazzling Gleam|p2b: Pelipper|[spread] p2a,p2b
|-resisted|p2a: Gholdengo
|-damage|p2a: Gholdengo|82/100
|-damage|p2b: Pelipper|71/100
|move|p2b: Pelipper|Hurricane|p1b: Bear
|-damage|p1b: Bear|67/100
|move|p2a: Gholdengo|Shadow Ball|p1b: Bear
|-immune|p1b: Bear
|
|-weather|none
|upkeep
|turn|6
|
|t:|1754339972
|switch|p1a: Frank|Sinistcha, L50|9/100
|-heal|p1b: Bear|91/100|[from] ability: Hospitality|[of] p1a: Frank
|switch|p2b: Basculegion|Basculegion, L50, M, shiny|100/100
|move|p2a: Gholdengo|Protect|p2a: Gholdengo
|-singleturn|p2a: Gholdengo|Protect
|move|p1b: Bear|Hyper Voice|p2b: Basculegion|[spread] p2b
|-activate|p2a: Gholdengo|move: Protect
|-damage|p2b: Basculegion|43/100
|-damage|p1b: Bear|82/100|[from] item: Life Orb
|
|upkeep
|turn|7
|
|t:|1754339998
|switch|p2b: Pelipper|Pelipper, L50, M, shiny|71/100
|-weather|RainDance|[from] ability: Drizzle|[of] p2b: Pelipper
|move|p1a: Frank|Matcha Gotcha|p2b: Pelipper|[spread] p2a,p2b
|-resisted|p2a: Gholdengo
|-damage|p2a: Gholdengo|70/100
|-heal|p1a: Frank|16/100|[from] drain|[of] p2a: Gholdengo
|-damage|p2b: Pelipper|26/100
|-heal|p1a: Frank|33/100|[from] drain|[of] p2b: Pelipper
|-status|p2b: Pelipper|brn
|move|p1b: Bear|Blood Moon|p2a: Gholdengo
|-resisted|p2a: Gholdengo
|-damage|p2a: Gholdengo|14/100
|-damage|p1b: Bear|72/100|[from] item: Life Orb
|move|p2a: Gholdengo|Make It Rain|p1a: Frank|[spread] p1a,p1b
|-damage|p1a: Frank|1/100
|-damage|p1b: Bear|31/100
|-unboost|p2a: Gholdengo|spa|1
|-damage|p2a: Gholdengo|5/100|[from] item: Life Orb
|
|-weather|RainDance|[upkeep]
|-damage|p2b: Pelipper|20/100 brn|[from] brn
|upkeep
|turn|8
|
|t:|1754340036
|move|p2b: Pelipper|Protect|p2b: Pelipper
|-singleturn|p2b: Pelipper|Protect
|move|p2a: Gholdengo|Protect|p2a: Gholdengo
|-singleturn|p2a: Gholdengo|Protect
|move|p1a: Frank|Life Dew|p1a: Frank|[spread] p1a,p1b
|-heal|p1a: Frank|26/100
|-heal|p1b: Bear|56/100
|move|p1b: Bear|Hyper Voice|p2a: Gholdengo|[spread] 
|-activate|p2a: Gholdengo|move: Protect
|-activate|p2b: Pelipper|move: Protect
|
|-weather|RainDance|[upkeep]
|-damage|p2b: Pelipper|14/100 brn|[from] brn
|-sideend|p1: Blood Mustard|Reflect
|-fieldend|move: Trick Room
|-fieldend|Misty Terrain
|upkeep
|turn|9
|
|t:|1754340062
|switch|p1a: The Keys|Klefki, L50, F|100/100
|move|p1b: Bear|Protect|p1b: Bear
|-singleturn|p1b: Bear|Protect
|move|p2a: Gholdengo|Shadow Ball|p1a: The Keys
|-damage|p1a: The Keys|78/100
|-unboost|p1a: The Keys|spd|1
|-damage|p2a: Gholdengo|0 fnt|[from] item: Life Orb
|faint|p2a: Gholdengo
|move|p2b: Pelipper|Weather Ball|p1b: Bear
|-activate|p1b: Bear|move: Protect
|
|-weather|RainDance|[upkeep]
|-damage|p2b: Pelipper|8/100 brn|[from] brn
|-sideend|p1: Blood Mustard|move: Light Screen
|upkeep
|
|t:|1754340076
|switch|p2a: Basculegion|Basculegion, L50, M, shiny|43/100
|turn|10
|
|t:|1754340103
|move|p1a: The Keys|Reflect|p1a: The Keys
|-sidestart|p1: Blood Mustard|Reflect
|move|p2a: Basculegion|Last Respects|p1a: The Keys
|-damage|p1a: The Keys|4/100
|move|p2b: Pelipper|Weather Ball|p1b: Bear
|-supereffective|p1b: Bear
|-damage|p1b: Bear|0 fnt
|faint|p1b: Bear
|
|-weather|RainDance|[upkeep]
|-damage|p2b: Pelipper|2/100 brn|[from] brn
|upkeep
|
|t:|1754340113
|switch|p1b: Frank|Sinistcha, L50|26/100
|-heal|p1a: The Keys|28/100|[from] ability: Hospitality|[of] p1b: Frank
|turn|11
|
|t:|1754340133
|move|p2a: Basculegion|Last Respects|p1b: Frank
|-supereffective|p1b: Frank
|-damage|p1b: Frank|0 fnt
|faint|p1b: Frank
|move|p2b: Pelipper|Weather Ball|p1a: The Keys
|-damage|p1a: The Keys|0 fnt
|faint|p1a: The Keys
|
|win|cocacolaindahhouse
|raw|Blood Mustard's rating: 1192 → 1169(-23 for losing)
|raw|cocacolaindahhouse's rating: 1217 → 1240(+23 for winning)
