|j|☆bridgevgc
|j|☆poke67mass
|html|bridgevgcpoke67mass    
|uhtml|bestof|Game 1 of a best-of-3
|t:|1784380081
|gametype|doubles
|player|p1|bridgevgc|265|1000
|player|p2|poke67mass|lucas|1046
|gen|9
|tier|[Gen 9 Champions] VGC 2026 Reg M-B (Bo3)
|rated|
|rule|Species Clause: Limit one of each Pokémon
|rule|Item Clause: Limit 1 of each item
|clearpoke
|poke|p1|Swampert, L50, M|
|poke|p1|Archaludon, L50, M|
|poke|p1|Pelipper, L50, F, shiny|
|poke|p1|Incineroar, L50, F, shiny|
|poke|p1|Gholdengo, L50|
|poke|p1|Whimsicott, L50, F, shiny|
|poke|p2|Charizard, L50, M, shiny|
|poke|p2|Aerodactyl, L50, F|
|poke|p2|Torkoal, L50, F|
|poke|p2|Farigiraf, L50, F|
|poke|p2|Whimsicott, L50, M|
|poke|p2|Delphox, L50, F|
|teampreview|4
|showteam|p1|Swampert||Swampertite|Torrent|Liquidation,Earthquake,RockSlide,Protect|Adamant||M|||50|]Archaludon||Magnet|Stamina|DracoMeteor,ElectroShot,FlashCannon,Protect|Quiet||M|||50|]Pelipper||FocusSash|Drizzle|Hurricane,Protect,WideGuard,WeatherBall|Timid||F|||50|]Incineroar||Leftovers|Intimidate|FakeOut,WillOWisp,DarkestLariat,PartingShot|Impish||F|||50|]Gholdengo||LifeOrb|GoodasGold|MakeItRain,ShadowBall,NastyPlot,Protect|Modest|||||50|]Whimsicott||MentalHerb|Prankster|Moonblast,Encore,Taunt,Tailwind|Timid||F|||50|
|showteam|p2|Charizard||CharizarditeY|SolarPower|HeatWave,Protect,AirSlash,SolarBeam|Modest||M|||50|]Aerodactyl||FocusSash|Unnerve|Tailwind,RockSlide,Earthquake,SunnyDay|Serious||F|||50|]Torkoal||Charcoal|Drought|Eruption,HeatWave,Protect,SolarBeam|Serious||F|||50|]Farigiraf||Leftovers|ArmorTail|TrickRoom,HelpingHand,DazzlingGleam,AllySwitch|Serious||F|||50|]Whimsicott||SitrusBerry|Prankster|TrickRoom,Tailwind,Encore,SunnyDay|Serious||M|||50|]Delphox||Delphoxite|Magician|HeatWave,ExpandingForce,BlastBurn,SolarBeam|Timid||F|||50|
|inactive|Battle timer is ON: inactive players will automatically lose when time's up. (requested by poke67mass)
|
|t:|1784380106
|teamsize|p1|4
|teamsize|p2|4
|start
|switch|p1a: Swampert|Swampert, L50, M|100/100
|switch|p1b: Whimsicott|Whimsicott, L50, F, shiny|100/100
|switch|p2a: Torkoal|Torkoal, L50, F|100/100
|switch|p2b: Farigiraf|Farigiraf, L50, F|100/100
|-weather|SunnyDay|[from] ability: Drought|[of] p2a: Torkoal
|turn|1
|
|t:|1784380129
|detailschange|p1a: Swampert|Swampert-Mega, L50, M
|-mega|p1a: Swampert|Swampert|Swampertite
|move|p2a: Torkoal|Protect|p2a: Torkoal
|-singleturn|p2a: Torkoal|Protect
|move|p1b: Whimsicott|Moonblast|p2b: Farigiraf
|-damage|p2b: Farigiraf|75/100
|move|p1a: Swampert|Earthquake|p2b: Farigiraf|[spread] p1b,p2b
|-activate|p2a: Torkoal|move: Protect
|-resisted|p1b: Whimsicott|1
|-damage|p1b: Whimsicott|73/100
|-damage|p2b: Farigiraf|27/100
|move|p2b: Farigiraf|Trick Room|p2b: Farigiraf
|-fieldstart|move: Trick Room|[of] p2b: Farigiraf
|
|-weather|SunnyDay|[upkeep]
|-heal|p2b: Farigiraf|33/100|[from] item: Leftovers
|upkeep
|turn|2
|
|t:|1784380150
|switch|p1b: Pelipper|Pelipper, L50, F, shiny|100/100
|-weather|RainDance|[from] ability: Drizzle|[of] p1b: Pelipper
|move|p2b: Farigiraf|Ally Switch|p2b: Farigiraf
|swap|p2b: Farigiraf|0|[from] move: Ally Switch
|move|p2b: Torkoal|Solar Beam||[still]
|-prepare|p2b: Torkoal|Solar Beam
|move|p1a: Swampert|Earthquake|p2b: Torkoal|[spread] p2a,p2b
|-immune|p1b: Pelipper
|-supereffective|p2b: Torkoal|1
|-damage|p2a: Farigiraf|0 fnt
|-damage|p2b: Torkoal|28/100
|faint|p2a: Farigiraf
|
|-weather|RainDance|[upkeep]
|upkeep
|
|t:|1784380164
|switch|p2a: Whimsicott|Whimsicott, L50, M|100/100
|turn|3
|
|t:|1784380174
|move|p2a: Whimsicott|Sunny Day|p2a: Whimsicott
|-weather|SunnyDay
|move|p2b: Torkoal|Solar Beam|p1a: Swampert|[from] lockedmove
|-supereffective|p1a: Swampert|2
|-damage|p1a: Swampert|0 fnt
|faint|p1a: Swampert
|move|p1b: Pelipper|Hurricane|p2a: Whimsicott|[miss]
|-miss|p1b: Pelipper|p2a: Whimsicott
|
|-weather|SunnyDay|[upkeep]
|upkeep
|
|t:|1784380184
|switch|p1a: Incineroar|Incineroar, L50, F, shiny|100/100
|-ability|p1a: Incineroar|Intimidate|boost
|-unboost|p2a: Whimsicott|atk|1
|-unboost|p2b: Torkoal|atk|1
|turn|4
|
|t:|1784380198
|move|p1a: Incineroar|Fake Out|p2b: Torkoal
|-damage|p2b: Torkoal|21/100
|move|p2a: Whimsicott|Encore|p1b: Pelipper
|-start|p1b: Pelipper|Encore
|cant|p2b: Torkoal|flinch
|move|p1b: Pelipper|Hurricane|p2a: Whimsicott|[miss]
|-miss|p1b: Pelipper|p2a: Whimsicott
|
|-weather|SunnyDay|[upkeep]
|upkeep
|turn|5
|
|t:|1784380215
|switch|p1a: Whimsicott|Whimsicott, L50, F, shiny|73/100
|move|p2a: Whimsicott|Tailwind|p2a: Whimsicott
|-sidestart|p2: poke67mass|move: Tailwind
|move|p2b: Torkoal|Heat Wave|p1a: Whimsicott|[spread] p1a
|-miss|p2b: Torkoal|p1b: Pelipper
|-supereffective|p1a: Whimsicott|1
|-damage|p1a: Whimsicott|0 fnt
|faint|p1a: Whimsicott
|move|p1b: Pelipper|Hurricane|p2a: Whimsicott
|-supereffective|p2a: Whimsicott|1
|-damage|p2a: Whimsicott|0 fnt
|faint|p2a: Whimsicott
|
|-weather|SunnyDay|[upkeep]
|-fieldend|move: Trick Room
|upkeep
|
|t:|1784380228
|switch|p2a: Delphox|Delphox, L50, F|100/100
|switch|p1a: Incineroar|Incineroar, L50, F, shiny|100/100
|-ability|p1a: Incineroar|Intimidate|boost
|-unboost|p2a: Delphox|atk|1
|-unboost|p2b: Torkoal|atk|1
|turn|6
|
|t:|1784380247
|detailschange|p2a: Delphox|Delphox-Mega, L50, F
|-mega|p2a: Delphox|Delphox|Delphoxite
|move|p2a: Delphox|Expanding Force|p1b: Pelipper
|-damage|p1b: Pelipper|16/100
|move|p1b: Pelipper|Hurricane|p2b: Torkoal|[miss]
|-miss|p1b: Pelipper|p2b: Torkoal
|move|p1a: Incineroar|Darkest Lariat|p2a: Delphox
|-supereffective|p2a: Delphox|1
|-damage|p2a: Delphox|0 fnt
|faint|p2a: Delphox
|move|p2b: Torkoal|Heat Wave|p1b: Pelipper|[spread] p1a,p1b
|-resisted|p1a: Incineroar|1
|-resisted|p1b: Pelipper|1
|-damage|p1a: Incineroar|79/100
|-damage|p1b: Pelipper|0 fnt
|faint|p1b: Pelipper
|
|-weather|SunnyDay|[upkeep]
|-heal|p1a: Incineroar|85/100|[from] item: Leftovers
|upkeep
|turn|7
|
|t:|1784380267
|move|p2b: Torkoal|Heat Wave|p1a: Incineroar
|-resisted|p1a: Incineroar|1
|-damage|p1a: Incineroar|58/100
|move|p1a: Incineroar|Darkest Lariat|p2b: Torkoal
|-damage|p2b: Torkoal|0 fnt
|faint|p2b: Torkoal
|
|win|bridgevgc
||poke67mass is ready for game 2.
|inactive|bridgevgc has 30 seconds to confirm battle start!
||bridgevgc is ready for game 2.
|uhtml|next|Next: Game 2 of 3
