|j|☆AviDotWav
|j|☆eevee1ynn
|html|AviDotWaveevee1ynn    
|uhtml|bestof|Game 2 of a best-of-3
|t:|1785950518
|gametype|doubles
|player|p1|AviDotWav|jacinthe|
|player|p2|eevee1ynn|irida-masters2|
|gen|9
|tier|[Gen 9 Champions] VGC 2026 Reg M-B (Bo3)
|rule|Species Clause: Limit one of each Pokémon
|rule|Item Clause: Limit 1 of each item
|clearpoke
|poke|p1|Audino, L50, F|
|poke|p1|Kingambit, L50, F|
|poke|p1|Incineroar, L50, M|
|poke|p1|Farigiraf, L50, F|
|poke|p1|Torkoal, L50, F|
|poke|p1|Mawile, L50, F|
|poke|p2|Raichu, L50, M|
|poke|p2|Talonflame, L50, M|
|poke|p2|Maushold, L50|
|poke|p2|Kommo-o, L50, M|
|poke|p2|Tsareena, L50, F|
|poke|p2|Delphox, L50, F|
|teampreview|4
|showteam|p1|Audino||Audinite|Regenerator|HelpingHand,TrickRoom,LifeDew,DazzlingGleam|Relaxed||F|||50|]Kingambit||BlackGlasses|Defiant|Protect,IronHead,KowtowCleave,SuckerPunch|Brave||F|||50|]Incineroar||SitrusBerry|Intimidate|FakeOut,ThroatChop,PartingShot,FlareBlitz|Adamant||M|||50|]Farigiraf||ColburBerry|ArmorTail|Psyshock,Thunderbolt,TrickRoom,HelpingHand|Sassy||F|||50|]Torkoal||Charcoal|Drought|Protect,Eruption,WeatherBall,EarthPower|Quiet||F|||50|]Mawile||Mawilite|HyperCutter|SwordsDance,RockSlide,SuckerPunch,PlayRough|Brave||F|||50|
|showteam|p2|Raichu||RaichuniteY|LightningRod|Protect,ZapCannon,FocusBlast,FakeOut|Timid||M|||50|]Talonflame||SharpBeak|GaleWings|QuickGuard,DualWingbeat,Feint,Tailwind|Jolly||M|||50|]Maushold||FocusSash|FriendGuard|Protect,SuperFang,Encore,FollowMe|Timid|||||50|]Kommo-o||LifeOrb|Overcoat|Protect,AuraSphere,ClangingScales,VacuumWave|Modest||M|||50|]Tsareena||WideLens|QueenlyMajesty|Protect,PowerWhip,TripleAxel,Taunt|Adamant||F|||50|]Delphox||Delphoxite|Blaze|Protect,HeatWave,Psychic,Substitute|Timid||F|||50|
|inactive|Battle timer is ON: inactive players will automatically lose when time's up. (requested by AviDotWav)
|
|t:|1785950548
|teamsize|p1|4
|teamsize|p2|4
|start
|switch|p1a: Karma|Farigiraf, L50, F|100/100
|switch|p1b: Seraphine|Audino, L50, F|100/100
|switch|p2a: Raichu|Raichu, L50, M|100/100
|switch|p2b: Tsareena|Tsareena, L50, F|100/100
|turn|1
|
|t:|1785950566
|detailschange|p2a: Raichu|Raichu-Mega-Y, L50, M
|-mega|p2a: Raichu|Raichu|Raichunite Y
|move|p2a: Raichu|Zap Cannon|p1b: Seraphine
|-damage|p1b: Seraphine|43/100
|-status|p1b: Seraphine|par
|move|p2b: Tsareena|Taunt|p1a: Karma
|-start|p1a: Karma|move: Taunt
|move|p1a: Karma|Psyshock|p2b: Tsareena
|-damage|p2b: Tsareena|72/100
|move|p1b: Seraphine|Trick Room|p1b: Seraphine
|-fieldstart|move: Trick Room|[of] p1b: Seraphine
|
|upkeep
|turn|2
|
|t:|1785950584
|move|p1b: Seraphine|Helping Hand|p1a: Karma
|-singleturn|p1a: Karma|Helping Hand|[of] p1b: Seraphine
|move|p1a: Karma|Psyshock|p2b: Tsareena
|-damage|p2b: Tsareena|22/100
|move|p2b: Tsareena|Power Whip|p1a: Karma|[miss]
|-miss|p2b: Tsareena|p1a: Karma
|move|p2a: Raichu|Focus Blast|p1b: Seraphine
|-supereffective|p1b: Seraphine|1
|-damage|p1b: Seraphine|0 fnt
|faint|p1b: Seraphine
|
|upkeep
|
|t:|1785950594
|switch|p1b: Poppy|Mawile, L50, F|100/100
|turn|3
|
|t:|1785950604
|detailschange|p1b: Poppy|Mawile-Mega, L50, F
|-mega|p1b: Poppy|Mawile|Mawilite
|move|p2a: Raichu|Protect|p2a: Raichu
|-singleturn|p2a: Raichu|Protect
|move|p1b: Poppy|Play Rough|p2a: Raichu
|-activate|p2a: Raichu|move: Protect
|move|p1a: Karma|Psyshock|p2b: Tsareena
|-damage|p2b: Tsareena|0 fnt
|faint|p2b: Tsareena
|
|-end|p1a: Karma|move: Taunt
|upkeep
|
|t:|1785950610
|switch|p2b: Maushold|Maushold, L50|100/100
|turn|4
|
|t:|1785950620
|move|p1a: Karma|Helping Hand|p1b: Poppy
|-singleturn|p1b: Poppy|Helping Hand|[of] p1a: Karma
|move|p2b: Maushold|Follow Me|p2b: Maushold
|-singleturn|p2b: Maushold|move: Follow Me
|move|p1b: Poppy|Rock Slide|p2a: Raichu|[spread] p2a,p2b
|-damage|p2a: Raichu|44/100
|-damage|p2b: Maushold|24/100
|move|p2a: Raichu|Zap Cannon|p1a: Karma
|-damage|p1a: Karma|49/100
|-status|p1a: Karma|par
|
|upkeep
|turn|5
|
|t:|1785950640
|move|p2b: Maushold|Protect|p2b: Maushold
|-singleturn|p2b: Maushold|Protect
|move|p2a: Raichu|Protect|p2a: Raichu
|-singleturn|p2a: Raichu|Protect
|move|p1a: Karma|Psyshock|p2a: Raichu
|-activate|p2a: Raichu|move: Protect
|move|p1b: Poppy|Swords Dance|p1b: Poppy
|-boost|p1b: Poppy|atk|2
|
|-fieldend|move: Trick Room
|upkeep
|turn|6
|
|t:|1785950657
|move|p2a: Raichu|Zap Cannon|p1b: Poppy
|-damage|p1b: Poppy|30/100
|-status|p1b: Poppy|par
|move|p2b: Maushold|Encore|p1b: Poppy
|-start|p1b: Poppy|Encore
|move|p1b: Poppy|Swords Dance|p1b: Poppy
|-boost|p1b: Poppy|atk|2
|move|p1a: Karma|Trick Room|p1a: Karma
|-fieldstart|move: Trick Room|[of] p1a: Karma
|
|upkeep
|turn|7
|
|t:|1785950674
|move|p2b: Maushold|Follow Me|p2b: Maushold
|-singleturn|p2b: Maushold|move: Follow Me
|move|p1b: Poppy|Swords Dance|p1b: Poppy
|-boost|p1b: Poppy|atk|2
|move|p1a: Karma|Psyshock|p2b: Maushold
|-damage|p2b: Maushold|0 fnt
|faint|p2b: Maushold
|move|p2a: Raichu|Zap Cannon|p1a: Karma
|-damage|p1a: Karma|0 fnt
|faint|p1a: Karma
|
|upkeep
|
|t:|1785950681
|switch|p1a: Rell|Kingambit, L50, F|100/100
|switch|p2b: Kommo-o|Kommo-o, L50, M|100/100
|turn|8
|
|t:|1785950700
|move|p1a: Rell|Protect|p1a: Rell
|-singleturn|p1a: Rell|Protect
|move|p1b: Poppy|Swords Dance|p1b: Poppy
|-boost|p1b: Poppy|atk|0
|move|p2b: Kommo-o|Aura Sphere|p1b: Poppy
|-damage|p1b: Poppy|0 fnt
|faint|p1b: Poppy
|-damage|p2b: Kommo-o|90/100|[from] item: Life Orb
|move|p2a: Raichu|Focus Blast|p1a: Rell
|-activate|p1a: Rell|move: Protect
|
|upkeep
|turn|9
|-message|AviDotWav forfeited.
|
|win|eevee1ynn
