|j|☆b7blastoise
|j|☆int shadowbtl
|html|b7blastoiseint shadowbtl    
|uhtml|bestof|Game 2 of a best-of-3
|t:|1784502633
|gametype|doubles
|player|p1|b7blastoise|lance|
|player|p2|int shadowbtl|266|
|gen|9
|tier|[Gen 9 Champions] VGC 2026 Reg M-B (Bo3)
|rule|Species Clause: Limit one of each Pokémon
|rule|Item Clause: Limit 1 of each item
|clearpoke
|poke|p1|Staraptor, L50, F|
|poke|p1|Maushold-Four, L50|
|poke|p1|Basculegion, L50, M|
|poke|p1|Delphox, L50, M|
|poke|p1|Ninetales-Alola, L50, F|
|poke|p1|Kingambit, L50, F|
|poke|p2|Blaziken, L50, M|
|poke|p2|Aerodactyl, L50, F|
|poke|p2|Kingambit, L50, F|
|poke|p2|Basculegion, L50, M|
|poke|p2|Sylveon, L50, M|
|poke|p2|Torkoal, L50, F|
|teampreview|4
|showteam|p1|Staraptor||Staraptite|Intimidate|Protect,Tailwind,CloseCombat,BraveBird|Adamant||F|||50|]Maushold-Four||FocusSash|FriendGuard|Protect,SuperFang,FollowMe,Encore|Jolly|||||50|]Basculegion||ChoiceScarf|Adaptability|WaveCrash,FlipTurn,AquaJet,LastRespects|Jolly||M|||50|]Delphox||Delphoxite|Blaze|Protect,Substitute,HeatWave,Psyshock|Timid||M|||50|]Ninetales-Alola||NeverMeltIce|SnowWarning|Protect,IcyWind,Blizzard,FreezeDry|Timid||F|||50|]Kingambit||BlackGlasses|Defiant|Protect,IronHead,SuckerPunch,KowtowCleave|Adamant||F|||50|
|showteam|p2|Blaziken||Blazikenite|SpeedBoost|FlareBlitz,CloseCombat,Protect,RockSlide|Adamant||M|||50|]Aerodactyl||Aerodactylite|Unnerve|RockSlide,DualWingbeat,IceFang,Tailwind|Jolly||F|||50|]Kingambit||LifeOrb|Defiant|KowtowCleave,Protect,IronHead,SuckerPunch|Adamant||F|||50|]Basculegion||FocusSash|Adaptability|Liquidation,Protect,LastRespects,AquaJet|Adamant||M|||50|]Sylveon||FairyFeather|Pixilate|HyperVoice,Moonblast,QuickAttack,Protect|Modest||M|||50|]Torkoal||Leftovers|Drought|BurningJealousy,WeatherBall,Protect,Yawn|Relaxed||F|||50|
|inactive|Battle timer is ON: inactive players will automatically lose when time's up. (requested by int shadowbtl)
|
|t:|1784502662
|teamsize|p1|4
|teamsize|p2|4
|start
|switch|p1a: Staraptor|Staraptor, L50, F|100/100
|switch|p1b: Maushold|Maushold-Four, L50|100/100
|switch|p2a: Blaziken|Blaziken, L50, M|100/100
|switch|p2b: Torkoal|Torkoal, L50, F|100/100
|-ability|p1a: Staraptor|Intimidate|boost
|-unboost|p2a: Blaziken|atk|1
|-unboost|p2b: Torkoal|atk|1
|-weather|SunnyDay|[from] ability: Drought|[of] p2b: Torkoal
|turn|1
|inactive|int shadowbtl has 30 seconds left.
|
|t:|1784502690
|detailschange|p1a: Staraptor|Staraptor-Mega, L50, F
|-mega|p1a: Staraptor|Staraptor|Staraptite
|detailschange|p2a: Blaziken|Blaziken-Mega, L50, M
|-mega|p2a: Blaziken|Blaziken|Blazikenite
|move|p1b: Maushold|Super Fang|p2b: Torkoal
|-damage|p2b: Torkoal|50/100y
|move|p1a: Staraptor|Tailwind|p1a: Staraptor
|-sidestart|p1: b7blastoise|move: Tailwind
|move|p2a: Blaziken|Flare Blitz|p1a: Staraptor
|-damage|p1a: Staraptor|35/100
|-damage|p2a: Blaziken|75/100|[from] Recoil
|move|p2b: Torkoal|Burning Jealousy|p1b: Maushold|[spread] p1a,p1b
|-crit|p1b: Maushold
|-damage|p1a: Staraptor|14/100
|-damage|p1b: Maushold|48/100
|
|-weather|SunnyDay|[upkeep]
|-heal|p2b: Torkoal|56/100|[from] item: Leftovers
|-ability|p2a: Blaziken|Speed Boost|boost
|-boost|p2a: Blaziken|spe|1
|upkeep
|turn|2
|inactive|b7blastoise has 30 seconds left.
|
|t:|1784502717
|move|p2a: Blaziken|Protect|p2a: Blaziken
|-singleturn|p2a: Blaziken|Protect
|move|p2b: Torkoal|Protect|p2b: Torkoal
|-singleturn|p2b: Torkoal|Protect
|move|p1b: Maushold|Follow Me|p1b: Maushold
|-singleturn|p1b: Maushold|move: Follow Me
|move|p1a: Staraptor|Close Combat|p2b: Torkoal
|-activate|p2b: Torkoal|move: Protect
|
|-weather|SunnyDay|[upkeep]
|-heal|p2b: Torkoal|62/100|[from] item: Leftovers
|-ability|p2a: Blaziken|Speed Boost|boost
|-boost|p2a: Blaziken|spe|1
|upkeep
|turn|3
|inactive|b7blastoise has 30 seconds left.
|
|t:|1784502749
|move|p1a: Staraptor|Protect|p1a: Staraptor
|-singleturn|p1a: Staraptor|Protect
|move|p1b: Maushold|Encore|p2a: Blaziken
|-start|p2a: Blaziken|Encore
|move|p2a: Blaziken|Protect||[still]
|-fail|p2a: Blaziken
|move|p2b: Torkoal|Burning Jealousy|p1b: Maushold|[spread] p1b
|-activate|p1a: Staraptor|move: Protect
|-damage|p1b: Maushold|11/100
|
|-weather|SunnyDay|[upkeep]
|-heal|p2b: Torkoal|68/100|[from] item: Leftovers
|-ability|p2a: Blaziken|Speed Boost|boost
|-boost|p2a: Blaziken|spe|1
|upkeep
|turn|4
|inactive|int shadowbtl has 30 seconds left.
|
|t:|1784502780
|switch|p2a: Basculegion|Basculegion, L50, M|100/100
|move|p1b: Maushold|Super Fang|p2b: Torkoal
|-damage|p2b: Torkoal|34/100
|move|p1a: Staraptor|Close Combat|p2b: Torkoal
|-damage|p2b: Torkoal|0 fnt
|-boost|p1a: Staraptor|def|1
|-boost|p1a: Staraptor|spd|1
|faint|p2b: Torkoal
|
|-weather|SunnyDay|[upkeep]
|-sideend|p1: b7blastoise|move: Tailwind
|upkeep
|
|t:|1784502793
|switch|p2b: Blaziken|Blaziken-Mega, L50, M|75/100
|turn|5
|inactive|int shadowbtl has 30 seconds left.
|
|t:|1784502819
|move|p2b: Blaziken|Protect|p2b: Blaziken
|-singleturn|p2b: Blaziken|Protect
|move|p1b: Maushold|Follow Me|p1b: Maushold
|-singleturn|p1b: Maushold|move: Follow Me
|move|p1a: Staraptor|Close Combat|p2b: Blaziken
|-activate|p2b: Blaziken|move: Protect
|move|p2a: Basculegion|Liquidation|p1b: Maushold
|-damage|p1b: Maushold|0 fnt
|faint|p1b: Maushold
|
|-weather|none
|-ability|p2b: Blaziken|Speed Boost|boost
|-boost|p2b: Blaziken|spe|1
|upkeep
|
|t:|1784502831
|switch|p1b: Basculegion|Basculegion, L50, M|100/100
|turn|6
|inactive|b7blastoise has 30 seconds left.
|inactive|int shadowbtl has 30 seconds left.
|inactive|int shadowbtl has 20 seconds left.
|
|t:|1784502868
|move|p1a: Staraptor|Protect|p1a: Staraptor
|-singleturn|p1a: Staraptor|Protect
|move|p2b: Blaziken|Rock Slide|p1b: Basculegion|[spread] p1b
|-activate|p1a: Staraptor|move: Protect
|-damage|p1b: Basculegion|69/100
|cant|p1b: Basculegion|flinch
|move|p2a: Basculegion|Last Respects|p1a: Staraptor
|-activate|p1a: Staraptor|move: Protect
|
|-ability|p2b: Blaziken|Speed Boost|boost
|-boost|p2b: Blaziken|spe|1
|upkeep
|turn|7
|
|t:|1784502892
|switch|p1a: Kingambit|Kingambit, L50, F|100/100
|move|p2b: Blaziken|Flare Blitz|p1a: Kingambit
|-supereffective|p1a: Kingambit|1
|-damage|p1a: Kingambit|0 fnt
|faint|p1a: Kingambit
|-damage|p2b: Blaziken|33/100|[from] Recoil
|move|p1b: Basculegion|Last Respects|p2a: Basculegion
|-supereffective|p2a: Basculegion|1
|-enditem|p2a: Basculegion|Focus Sash
|-damage|p2a: Basculegion|1/100
|move|p2a: Basculegion|Last Respects|p1b: Basculegion
|-supereffective|p1b: Basculegion|1
|-damage|p1b: Basculegion|0 fnt
|faint|p1b: Basculegion
|
|-ability|p2b: Blaziken|Speed Boost|boost
|-boost|p2b: Blaziken|spe|1
|upkeep
|-message|b7blastoise forfeited.
|
|win|int shadowbtl
|l|☆b7blastoise
|player|p1|
