|j|☆itssobeak
|j|☆Squ1dge_
|html|itssobeakSqu1dge_    
|uhtml|bestof|Game 1 of a best-of-3
|t:|1784697802
|gametype|doubles
|player|p1|itssobeak|birdkeeper|1276
|player|p2|Squ1dge_|170|1474
|gen|9
|tier|[Gen 9 Champions] VGC 2026 Reg M-B (Bo3)
|rated|
|rule|Species Clause: Limit one of each Pokémon
|rule|Item Clause: Limit 1 of each item
|clearpoke
|poke|p1|Staraptor, L50, F|
|poke|p1|Weavile, L50, M|
|poke|p1|Whimsicott, L50, M|
|poke|p1|Glimmora, L50, M|
|poke|p1|Kingambit, L50, F|
|poke|p1|Sinistcha, L50|
|poke|p2|Kingambit, L50, F|
|poke|p2|Dragonite, L50, M|
|poke|p2|Basculegion, L50, M|
|poke|p2|Froslass, L50, F|
|poke|p2|Sneasler, L50, M|
|poke|p2|Garchomp, L50, M|
|teampreview|4
|showteam|p1|Staraptor||Staraptite|Intimidate|BraveBird,CloseCombat,Uturn,Protect|Jolly||F|||50|]Weavile||WideLens|Pressure|KnockOff,TripleAxel,Taunt,FakeOut|Jolly||M|||50|]Whimsicott||FocusSash|Prankster|Moonblast,Tailwind,Encore,Tickle|Timid||M|||50|]Glimmora||Glimmoranite|ToxicDebris|PowerGem,SludgeBomb,EarthPower,SpikyShield|Timid||M|||50|]Kingambit||BlackGlasses|Defiant|KowtowCleave,SuckerPunch,SwordsDance,Protect|Adamant||F|||50|]Sinistcha||CobaBerry|Hospitality|MatchaGotcha,RagePowder,LifeDew,Protect|Bold|||||50|
|showteam|p2|Kingambit||BlackGlasses|Defiant|KowtowCleave,SuckerPunch,IronHead,Protect|Adamant||F|||50|]Dragonite||Dragoninite|Multiscale|Flamethrower,Protect,Thunderbolt,DragonPulse|Timid||M|||50|]Basculegion||SitrusBerry|Adaptability|LastRespects,Protect,WaveCrash,AquaJet|Adamant||M|||50|]Froslass||Froslassite|CursedBody|ShadowBall,AuroraVeil,Blizzard,Protect|Modest||F|||50|]Sneasler||WhiteHerb|PoisonTouch|Protect,DireClaw,FakeOut,CloseCombat|Adamant||M|||50|]Garchomp||LifeOrb|RoughSkin|RockSlide,DragonClaw,Protect,Earthquake|Jolly||M|||50|
|inactive|Battle timer is ON: inactive players will automatically lose when time's up. (requested by itssobeak)
|inactive|itssobeak has 60 seconds left.
|inactive|itssobeak has 30 seconds left.
|inactive|itssobeak has 20 seconds left.
|inactive|itssobeak has 15 seconds left.
|
|t:|1784697886
|teamsize|p1|4
|teamsize|p2|4
|start
|switch|p1a: Glimmora|Glimmora, L50, M|100/100
|switch|p1b: Weavile|Weavile, L50, M|100/100
|switch|p2a: Sneasler|Sneasler, L50, M|100/100
|switch|p2b: Froslass|Froslass, L50, F|100/100
|-ability|p1b: Weavile|Pressure
|turn|1
|inactive|Squ1dge_ has 30 seconds left.
|
|t:|1784697917
|detailschange|p2b: Froslass|Froslass-Mega, L50, F
|-mega|p2b: Froslass|Froslass|Froslassite
|-weather|Snowscape|[from] ability: Snow Warning|[of] p2b: Froslass
|detailschange|p1a: Glimmora|Glimmora-Mega, L50, M
|-mega|p1a: Glimmora|Glimmora|Glimmoranite
|move|p1b: Weavile|Fake Out|p2a: Sneasler
|-damage|p2a: Sneasler|77/100
|cant|p2a: Sneasler|flinch
|move|p2b: Froslass|Aurora Veil|p2b: Froslass
|-sidestart|p2: Squ1dge_|move: Aurora Veil
|move|p1a: Glimmora|Power Gem|p2b: Froslass
|-supereffective|p2b: Froslass|1
|-crit|p2b: Froslass
|-damage|p2b: Froslass|0 fnt
|faint|p2b: Froslass
|
|-weather|Snowscape|[upkeep]
|upkeep
|
|t:|1784697927
|switch|p2b: Kingambit|Kingambit, L50, F|100/100
|turn|2
|
|t:|1784697951
|switch|p1b: Sinistcha|Sinistcha, L50|100/100
|move|p2a: Sneasler|Protect|p2a: Sneasler
|-singleturn|p2a: Sneasler|Protect
|move|p1a: Glimmora|Spiky Shield|p1a: Glimmora
|-singleturn|p1a: Glimmora|move: Protect
|move|p2b: Kingambit|Iron Head|p1a: Glimmora
|-activate|p1a: Glimmora|move: Protect
|-damage|p2b: Kingambit|87/100|[from] Spiky Shield|[of] p1a: Glimmora
|
|-weather|Snowscape|[upkeep]
|upkeep
|turn|3
|inactive|itssobeak has 30 seconds left.
|
|t:|1784697978
|switch|p2a: Garchomp|Garchomp, L50, M|100/100
|move|p1a: Glimmora|Earth Power|p2b: Kingambit
|-supereffective|p2b: Kingambit|1
|-damage|p2b: Kingambit|45/100
|move|p1b: Sinistcha|Matcha Gotcha|p2b: Kingambit|[spread] p2a
|-miss|p1b: Sinistcha|p2b: Kingambit
|-damage|p2a: Garchomp|81/100
|move|p2b: Kingambit|Kowtow Cleave|p1b: Sinistcha
|-supereffective|p1b: Sinistcha|1
|-damage|p1b: Sinistcha|8/100
|
|-weather|Snowscape|[upkeep]
|upkeep
|turn|4
|inactive|itssobeak has 30 seconds left.
|inactive|Squ1dge_ has 30 seconds left.
|
|t:|1784698010
|move|p1a: Glimmora|Spiky Shield|p1a: Glimmora
|-singleturn|p1a: Glimmora|move: Protect
|move|p2a: Garchomp|Rock Slide|p1b: Sinistcha|[spread] p1b
|-activate|p1a: Glimmora|move: Protect
|-damage|p1b: Sinistcha|0 fnt
|faint|p1b: Sinistcha
|-damage|p2a: Garchomp|71/100|[from] item: Life Orb
|move|p2b: Kingambit|Iron Head|p1a: Glimmora
|-activate|p1a: Glimmora|move: Protect
|-damage|p2b: Kingambit|33/100|[from] Spiky Shield|[of] p1a: Glimmora
|
|-weather|Snowscape|[upkeep]
|upkeep
|
|t:|1784698019
|switch|p1b: Weavile|Weavile, L50, M|100/100
|-ability|p1b: Weavile|Pressure
|turn|5
|inactive|Squ1dge_ has 30 seconds left.
|
|t:|1784698049
|move|p2a: Garchomp|Protect|p2a: Garchomp
|-singleturn|p2a: Garchomp|Protect
|move|p2b: Kingambit|Sucker Punch|p1a: Glimmora
|-damage|p1a: Glimmora|43/100
|move|p1b: Weavile|Triple Axel|p2a: Garchomp
|-activate|p2a: Garchomp|move: Protect
|move|p1a: Glimmora|Earth Power|p2b: Kingambit
|-supereffective|p2b: Kingambit|1
|-damage|p2b: Kingambit|0 fnt
|faint|p2b: Kingambit
|
|-weather|none
|-sideend|p2: Squ1dge_|move: Aurora Veil
|upkeep
|
|t:|1784698056
|switch|p2b: Sneasler|Sneasler, L50, M|77/100
|turn|6
|inactive|itssobeak has 30 seconds left.
|inactive|itssobeak has 20 seconds left.
|
|t:|1784698096
|switch|p1b: Kingambit|Kingambit, L50, F|100/100
|move|p2b: Sneasler|Fake Out|p1b: Kingambit
|-resisted|p1b: Kingambit|1
|-damage|p1b: Kingambit|94/100
|move|p2a: Garchomp|Dragon Claw|p1a: Glimmora
|-damage|p1a: Glimmora|0 fnt
|faint|p1a: Glimmora
|-damage|p2a: Garchomp|62/100|[from] item: Life Orb
|
|upkeep
|
|t:|1784698103
|switch|p1a: Weavile|Weavile, L50, M|100/100
|-ability|p1a: Weavile|Pressure
|turn|7
|inactive|Squ1dge_ has 30 seconds left.
|
|t:|1784698131
|move|p2a: Garchomp|Protect|p2a: Garchomp
|-singleturn|p2a: Garchomp|Protect
|move|p1a: Weavile|Fake Out|p2b: Sneasler
|-damage|p2b: Sneasler|54/100
|cant|p2b: Sneasler|flinch
|move|p1b: Kingambit|Swords Dance|p1b: Kingambit
|-boost|p1b: Kingambit|atk|2
|
|upkeep
|turn|8
|
|t:|1784698141
|move|p2a: Garchomp|Protect|p2a: Garchomp
|-singleturn|p2a: Garchomp|Protect
|move|p1b: Kingambit|Sucker Punch||[still]
|-fail|p1b: Kingambit
|move|p1a: Weavile|Triple Axel|p2b: Sneasler
|-damage|p2b: Sneasler|35/100
|-damage|p2b: Sneasler|2/100
|-damage|p2b: Sneasler|0 fnt
|faint|p2b: Sneasler
|-hitcount|p2: Sneasler|3
|
|upkeep
|turn|9
|-message|Squ1dge_ forfeited.
|
|win|itssobeak
