|j|☆That_Leek
|j|☆aldishh
|html|That_Leekaldishh    
|uhtml|bestof|Game 2 of a best-of-3
|t:|1755153188
|gametype|doubles
|player|p1|That_Leek|blue-masters|1316
|player|p2|aldishh|266|1297
|gen|9
|tier|[Gen 9] VGC 2025 Reg H (Bo3)
|rated|
|rule|Species Clause: Limit one of each Pokémon
|rule|Item Clause: Limit 1 of each item
|clearpoke
|poke|p1|Incineroar, L50, F|
|poke|p1|Gholdengo, L50|
|poke|p1|Dragonite, L50, M|
|poke|p1|Amoonguss, L50, F|
|poke|p1|Ursaluna-Bloodmoon, L50, M|
|poke|p1|Gallade, L50, M|
|poke|p2|Ursaluna, L50, F|
|poke|p2|Farigiraf, L50, F|
|poke|p2|Rillaboom, L50, F|
|poke|p2|Torkoal, L50, F|
|poke|p2|Gallade, L50, M|
|poke|p2|Incineroar, L50, M|
|teampreview|4
|showteam|p1|Incineroar||SafetyGoggles|Intimidate|FakeOut,FlareBlitz,KnockOff,PartingShot|||F|||50|,,,,,Water]Gholdengo||LifeOrb|GoodasGold|MakeItRain,ShadowBall,NastyPlot,Protect||||||50|,,,,,Dragon]Dragonite||LoadedDice|Multiscale|Tailwind,StompingTantrum,ScaleShot,Protect|||M|||50|,,,,,Fairy]Amoonguss||SitrusBerry|Regenerator|PollenPuff,Spore,RagePowder,Protect|||F|||50|,,,,,Fairy]Ursaluna-Bloodmoon||AssaultVest|MindsEye|VacuumWave,BloodMoon,HyperVoice,EarthPower|||M|||50|,,,,,Ghost]Gallade||FocusSash|Sharpness|TrickRoom,SacredSword,WideGuard,PsychoCut|||M|||50|,,,,,Fairy
|showteam|p2|Ursaluna||FlameOrb|Guts|Facade,Earthquake,HeadlongRush,Protect|||F|||50|,,,,,Ghost]Farigiraf||GrassySeed|ArmorTail|Imprison,TrickRoom,Protect,Psychic|||F|||50|,,,,,Fairy]Rillaboom||AssaultVest|GrassySurge|WoodHammer,GrassyGlide,FakeOut,Uturn|||F|||50|,,,,,Fire]Torkoal||ChoiceSpecs|Drought|HeatWave,Eruption,EarthPower,Overheat|||F|||50|,,,,,Fire]Gallade||FocusSash|Sharpness|SacredSword,TrickRoom,PsychoCut,Protect|||M|||50|,,,,,Ghost]Incineroar||SafetyGoggles|Intimidate|FakeOut,PartingShot,KnockOff,FlareBlitz|||M|||50|,,,,,Ghost
|c|☆That_Leek|surely after getting frozen, dire claw sleeped, two game losing crits, and now a scale shot miss
|c|☆That_Leek|surely i'll have good luck here\
|inactive|Battle timer is ON: inactive players will automatically lose when time's up. (requested by aldishh)
|
|t:|1755153229
|teamsize|p1|4
|teamsize|p2|4
|start
|switch|p1a: Dragonite|Dragonite, L50, M|100/100
|switch|p1b: Amoonguss|Amoonguss, L50, F|100/100
|switch|p2a: Incineroar|Incineroar, L50, M, shiny|100/100
|switch|p2b: Gallade|Gallade, L50, M, shiny|100/100
|-ability|p2a: Incineroar|Intimidate|boost
|-unboost|p1a: Dragonite|atk|1
|-unboost|p1b: Amoonguss|atk|1
|turn|1
|inactive|aldishh has 30 seconds left.
|c|☆aldishh|none of thar happened against me and you used a lot of scaleshots, one sure will miss
|inactive|aldishh has 20 seconds left.
|inactive|aldishh has 15 seconds left.
|c|☆That_Leek|it happened out of my last 5 sets btw
|inactive|aldishh has 10 seconds left.
|
|t:|1755153279
|move|p1a: Dragonite|Scale Shot|p2b: Gallade
|-damage|p2b: Gallade|87/100
|-damage|p2b: Gallade|72/100
|-damage|p2b: Gallade|60/100
|-damage|p2b: Gallade|46/100
|-hitcount|p2b: Gallade|4
|-unboost|p1a: Dragonite|def|1
|-boost|p1a: Dragonite|spe|1
|move|p2b: Gallade|Psycho Cut|p1b: Amoonguss
|-supereffective|p1b: Amoonguss
|-damage|p1b: Amoonguss|8/100
|-enditem|p1b: Amoonguss|Sitrus Berry|[eat]
|-heal|p1b: Amoonguss|33/100|[from] item: Sitrus Berry
|move|p2a: Incineroar|Flare Blitz|p1b: Amoonguss
|-supereffective|p1b: Amoonguss
|-damage|p1b: Amoonguss|0 fnt
|faint|p1b: Amoonguss
|-damage|p2a: Incineroar|89/100|[from] Recoil
|
|upkeep
|c|☆That_Leek|so errrrr something something balance
|
|t:|1755153294
|switch|p1b: Incineroar|Incineroar, L50, F|100/100
|-ability|p1b: Incineroar|Intimidate|boost
|-unboost|p2a: Incineroar|atk|1
|-unboost|p2b: Gallade|atk|1
|turn|2
|
|t:|1755153304
|-terastallize|p2a: Incineroar|Ghost
|move|p2b: Gallade|Protect|p2b: Gallade
|-singleturn|p2b: Gallade|Protect
|move|p1b: Incineroar|Fake Out|p2a: Incineroar
|-immune|p2a: Incineroar
|move|p1a: Dragonite|Scale Shot|p2b: Gallade
|-activate|p2b: Gallade|move: Protect
|move|p2a: Incineroar|Parting Shot|p1a: Dragonite
|-unboost|p1a: Dragonite|atk|1
|-unboost|p1a: Dragonite|spa|1
|
|t:|1755153315
|switch|p2a: Ursaluna|Ursaluna, L50, F|100/100|[from] Parting Shot
|
|-status|p2a: Ursaluna|brn|[from] item: Flame Orb
|upkeep
|turn|3
|
|t:|1755153326
|move|p2a: Ursaluna|Protect|p2a: Ursaluna
|-singleturn|p2a: Ursaluna|Protect
|move|p1a: Dragonite|Scale Shot|p2b: Gallade
|-damage|p2b: Gallade|35/100
|-damage|p2b: Gallade|25/100
|-damage|p2b: Gallade|15/100
|-damage|p2b: Gallade|4/100
|-hitcount|p2b: Gallade|4
|-unboost|p1a: Dragonite|def|1
|-boost|p1a: Dragonite|spe|1
|move|p1b: Incineroar|Flare Blitz|p2a: Ursaluna
|-activate|p2a: Ursaluna|move: Protect
|move|p2b: Gallade|Trick Room|p2b: Gallade
|-fieldstart|move: Trick Room|[of] p2b: Gallade
|
|-damage|p2a: Ursaluna|95/100 brn|[from] brn
|upkeep
|turn|4
|c|☆That_Leek|50/50
|inactive|That_Leek has 30 seconds left.
|
|t:|1755153354
|move|p1a: Dragonite|Protect|p1a: Dragonite
|-singleturn|p1a: Dragonite|Protect
|move|p2a: Ursaluna|Facade|p1b: Incineroar
|-damage|p1b: Incineroar|0 fnt
|faint|p1b: Incineroar
|move|p2b: Gallade|Psycho Cut|p1a: Dragonite
|-activate|p1a: Dragonite|move: Protect
|
|-damage|p2a: Ursaluna|89/100 brn|[from] brn
|upkeep
|
|t:|1755153356
|switch|p1b: Gholdengo|Gholdengo, L50|100/100
|turn|5
|
|t:|1755153368
|move|p1b: Gholdengo|Protect|p1b: Gholdengo
|-singleturn|p1b: Gholdengo|Protect
|move|p2a: Ursaluna|Headlong Rush|p1b: Gholdengo
|-activate|p1b: Gholdengo|move: Protect
|move|p2b: Gallade|Psycho Cut|p1a: Dragonite
|-damage|p1a: Dragonite|59/100
|move|p1a: Dragonite|Scale Shot|p2a: Ursaluna
|-damage|p2a: Ursaluna|84/100 brn
|-damage|p2a: Ursaluna|79/100 brn
|-damage|p2a: Ursaluna|73/100 brn
|-damage|p2a: Ursaluna|68/100 brn
|-hitcount|p2a: Ursaluna|4
|-unboost|p1a: Dragonite|def|1
|-boost|p1a: Dragonite|spe|1
|
|-damage|p2a: Ursaluna|62/100 brn|[from] brn
|upkeep
|turn|6
|
|t:|1755153387
|-terastallize|p1b: Gholdengo|Dragon
|move|p1a: Dragonite|Protect|p1a: Dragonite
|-singleturn|p1a: Dragonite|Protect
|move|p2a: Ursaluna|Headlong Rush|p1b: Gholdengo
|-damage|p1b: Gholdengo|0 fnt
|-unboost|p2a: Ursaluna|def|1
|-unboost|p2a: Ursaluna|spd|1
|faint|p1b: Gholdengo
|move|p2b: Gallade|Psycho Cut|p1a: Dragonite
|-activate|p1a: Dragonite|move: Protect
|
|-damage|p2a: Ursaluna|56/100 brn|[from] brn
|upkeep
|turn|7
|c|☆That_Leek|unfort day tbh
|
|t:|1755153400
|move|p2a: Ursaluna|Facade|p1a: Dragonite
|-damage|p1a: Dragonite|0 fnt
|faint|p1a: Dragonite
|
|win|aldishh
|raw|That_Leek's rating: 1316 → 1295(-21 for losing)
|raw|aldishh's rating: 1297 → 1323(+26 for winning)
|c|☆aldishh|sometimeshappen man
|c|☆aldishh|sorry
|c|☆That_Leek|nah I just need to vent
|c|☆That_Leek|like I swear
|c|☆That_Leek|universe out to humble me
|c|☆aldishh|i happened tome sometimes
|c|☆aldishh|the best ting to do is take a break
|c|☆That_Leek|like I got crit on a -3 ttar into a ninetails blizzard double freeze
|c|☆That_Leek|like dude
|c|☆aldishh|and rest for a while
|c|☆That_Leek|wtf
|c|☆That_Leek|yeah yeah I know
|c|☆aldishh|sometimes
|c|☆aldishh|like showdown have strange odds
|c|☆That_Leek|eomm ahh rng
