|j|☆cippino3
|j|☆darthmorton
|html|cippino3darthmorton    
|uhtml|bestof|Game 1 of a best-of-3
|t:|1784229014
|gametype|doubles
|player|p1|cippino3|poppy|1260
|player|p2|darthmorton|dragontamer|1390
|gen|9
|tier|[Gen 9 Champions] VGC 2026 Reg M-B (Bo3)
|rated|
|rule|Species Clause: Limit one of each Pokémon
|rule|Item Clause: Limit 1 of each item
|clearpoke
|poke|p1|Whimsicott, L50, F|
|poke|p1|Kommo-o, L50, M|
|poke|p1|Maushold, L50, shiny|
|poke|p1|Gholdengo, L50|
|poke|p1|Vivillon, L50, M|
|poke|p1|Raichu, L50, M|
|poke|p2|Metagross, L50|
|poke|p2|Hydreigon, L50, F|
|poke|p2|Sneasler, L50, M|
|poke|p2|Sinistcha, L50|
|poke|p2|Tyranitar, L50, F|
|poke|p2|Excadrill, L50, F|
|teampreview|4
|showteam|p1|Whimsicott||FocusSash|Prankster|Protect,Tailwind,EnergyBall,Moonblast|Modest||F|||50|]Kommo-o||DragonFang|Soundproof|ClangingScales,AuraSphere,ClangorousSoul,Protect|Timid||M|||50|]Maushold||ChopleBerry|FriendGuard|Taunt,SuperFang,Protect,FollowMe|Timid|||||50|]Gholdengo||OccaBerry|GoodasGold|MakeItRain,ShadowBall,PowerGem,NastyPlot|Timid|||||50|]Vivillon||ChoiceScarf|CompoundEyes|Hurricane,EnergyBall,RagePowder,SleepPowder|Timid||M|||50|]Raichu||RaichuniteY|LightningRod|FakeOut,ZapCannon,FocusBlast,Protect|Timid||M|||50|
|showteam|p2|Metagross||Metagrossite|ClearBody|Protect,IronHead,PsychicFangs,BodyPress|Jolly|||||50|]Hydreigon||ChoiceScarf|Levitate|DracoMeteor,DarkPulse,EarthPower,Snarl|Timid||F|||50|]Sneasler||WhiteHerb|Unburden|CloseCombat,DireClaw,FakeOut,Coaching|Jolly||M|||50|]Sinistcha||ColburBerry|Hospitality|Protect,MatchaGotcha,RagePowder,TrickRoom|Bold|||||50|]Tyranitar||Tyranitarite|SandStream|RockSlide,KnockOff,DragonDance,Protect|Jolly||F|||50|]Excadrill||FocusSash|SandRush|IronHead,HighHorsepower,RockSlide,Protect|Adamant||F|||50|
|inactive|Battle timer is ON: inactive players will automatically lose when time's up. (requested by darthmorton)
|inactive|cippino3 also wants the timer to be on.
|inactive|cippino3 has 60 seconds left.
|inactive|darthmorton has 60 seconds left.
|inactive|darthmorton has 30 seconds left.
|inactive|darthmorton has 20 seconds left.
|inactive|darthmorton has 15 seconds left.
|inactive|darthmorton has 10 seconds left.
|inactive|darthmorton has 5 seconds left.
|
|t:|1784229103
|teamsize|p1|4
|teamsize|p2|4
|start
|switch|p1a: Betty|Whimsicott, L50, F|100/100
|switch|p1b: Yo-Yo-Yomino|Gholdengo, L50|100/100
|switch|p2a: Sinistcha|Sinistcha, L50|100/100
|switch|p2b: Excadrill|Excadrill, L50, F|100/100
|turn|1
|inactive|cippino3 has 30 seconds left.
|
|t:|1784229129
|switch|p1b: Kommo-o|Kommo-o, L50, M|100/100
|move|p1a: Betty|Energy Ball|p2b: Excadrill
|-damage|p2b: Excadrill|51/100
|move|p2b: Excadrill|High Horsepower|p1b: Kommo-o
|-damage|p1b: Kommo-o|49/100
|move|p2a: Sinistcha|Trick Room|p2a: Sinistcha
|-fieldstart|move: Trick Room|[of] p2a: Sinistcha
|
|upkeep
|turn|2
|
|t:|1784229148
|move|p1a: Betty|Protect|p1a: Betty
|-singleturn|p1a: Betty|Protect
|move|p1b: Kommo-o|Protect|p1b: Kommo-o
|-singleturn|p1b: Kommo-o|Protect
|move|p2a: Sinistcha|Matcha Gotcha|p1a: Betty|[spread] 
|-activate|p1a: Betty|move: Protect
|-activate|p1b: Kommo-o|move: Protect
|move|p2b: Excadrill|High Horsepower|p1b: Kommo-o
|-activate|p1b: Kommo-o|move: Protect
|
|upkeep
|turn|3
|
|t:|1784229167
|switch|p1b: Vivillon|Vivillon, L50, M|100/100
|move|p2a: Sinistcha|Matcha Gotcha|p1a: Betty|[spread] p1a
|-miss|p2a: Sinistcha|p1b: Vivillon
|-resisted|p1a: Betty|1
|-damage|p1a: Betty|78/100
|-status|p1a: Betty|brn
|move|p2b: Excadrill|High Horsepower|p1b: Vivillon
|-immune|p1b: Vivillon
|move|p1a: Betty|Energy Ball|p2b: Excadrill
|-damage|p2b: Excadrill|3/100
|-unboost|p2b: Excadrill|spd|1
|
|-damage|p1a: Betty|72/100 brn|[from] brn
|upkeep
|turn|4
|
|t:|1784229184
|switch|p1b: Kommo-o|Kommo-o, L50, M|49/100
|move|p2a: Sinistcha|Rage Powder|p2a: Sinistcha
|-singleturn|p2a: Sinistcha|move: Rage Powder
|move|p2b: Excadrill|Iron Head|p1a: Betty
|-supereffective|p1a: Betty|1
|-damage|p1a: Betty|0 fnt
|faint|p1a: Betty
|
|upkeep
|
|t:|1784229191
|switch|p1a: Vivillon|Vivillon, L50, M|100/100
|turn|5
|
|t:|1784229197
|move|p2a: Sinistcha|Rage Powder|p2a: Sinistcha
|-singleturn|p2a: Sinistcha|move: Rage Powder
|move|p1a: Vivillon|Rage Powder|p1a: Vivillon
|-singleturn|p1a: Vivillon|move: Rage Powder
|move|p2b: Excadrill|Rock Slide|p1a: Vivillon|[spread] p1a,p1b
|-supereffective|p1a: Vivillon|2
|-resisted|p1b: Kommo-o|1
|-damage|p1a: Vivillon|0 fnt
|-damage|p1b: Kommo-o|39/100
|faint|p1a: Vivillon
|move|p1b: Kommo-o|Clangorous Soul|p1b: Kommo-o
|-boost|p1b: Kommo-o|atk|1
|-boost|p1b: Kommo-o|def|1
|-boost|p1b: Kommo-o|spa|1
|-boost|p1b: Kommo-o|spd|1
|-boost|p1b: Kommo-o|spe|1
|-damage|p1b: Kommo-o|7/100
|
|-fieldend|move: Trick Room
|upkeep
|
|t:|1784229201
|switch|p1a: Yo-Yo-Yomino|Gholdengo, L50|100/100
|turn|6
|
|t:|1784229220
|switch|p2a: Tyranitar|Tyranitar, L50, F|100/100
|-weather|Sandstorm|[from] ability: Sand Stream|[of] p2a: Tyranitar
|move|p2b: Excadrill|High Horsepower|p1a: Yo-Yo-Yomino
|-supereffective|p1a: Yo-Yo-Yomino|1
|-damage|p1a: Yo-Yo-Yomino|0 fnt
|faint|p1a: Yo-Yo-Yomino
|move|p1b: Kommo-o|Clanging Scales|p2a: Tyranitar|[spread] p2a,p2b
|-resisted|p2b: Excadrill|1
|-damage|p2a: Tyranitar|55/100
|-damage|p2b: Excadrill|0 fnt
|faint|p2b: Excadrill
|-unboost|p1b: Kommo-o|def|1
|
|-weather|Sandstorm|[upkeep]
|-damage|p1b: Kommo-o|1/100|[from] Sandstorm
|upkeep
|
|t:|1784229228
|switch|p2b: Sinistcha|Sinistcha, L50|100/100
|-heal|p2a: Tyranitar|80/100|[from] ability: Hospitality|[of] p2b: Sinistcha
|turn|7
|
|t:|1784229230
|move|p2a: Tyranitar|Protect|p2a: Tyranitar
|-singleturn|p2a: Tyranitar|Protect
|move|p2b: Sinistcha|Protect|p2b: Sinistcha
|-singleturn|p2b: Sinistcha|Protect
|move|p1b: Kommo-o|Clanging Scales|p2a: Tyranitar|[spread] 
|-activate|p2a: Tyranitar|move: Protect
|-activate|p2b: Sinistcha|move: Protect
|
|-weather|Sandstorm|[upkeep]
|-damage|p1b: Kommo-o|0 fnt|[from] Sandstorm
|-damage|p2b: Sinistcha|93/100|[from] Sandstorm
|faint|p1b: Kommo-o
|
|win|darthmorton
