|j|☆Opus500
|j|☆newtopokemonteehee
|html|Opus500newtopokemonteehee    
|uhtml|bestof|Game 3 of a best-of-3
|t:|1784173271
|gametype|doubles
|player|p1|Opus500|170|1043
|player|p2|newtopokemonteehee|266|1119
|gen|9
|tier|[Gen 9 Champions] VGC 2026 Reg M-B (Bo3)
|rated|
|rule|Species Clause: Limit one of each Pokémon
|rule|Item Clause: Limit 1 of each item
|clearpoke
|poke|p1|Ninetales-Alola, L50, F|
|poke|p1|Venusaur, L50, F|
|poke|p1|Blaziken, L50, M|
|poke|p1|Lycanroc-Dusk, L50, F|
|poke|p1|Kingambit, L50, F|
|poke|p1|Farigiraf, L50, F|
|poke|p2|Basculegion, L50, M|
|poke|p2|Spiritomb, L50, M|
|poke|p2|Conkeldurr, L50, M|
|poke|p2|Mawile, L50, M|
|poke|p2|Dragonite, L50, F|
|poke|p2|Pelipper, L50, M|
|teampreview|4
|showteam|p1|Ninetales-Alola||LightClay|SnowWarning|AuroraVeil,FreezeDry,Blizzard,IcyWind|Timid||F|||50|]Venusaur||Venusaurite|Chlorophyll|SludgeBomb,GigaDrain,SleepPowder,Protect|Bold||F|||50|]Blaziken||Blazikenite|SpeedBoost|CloseCombat,FlareBlitz,RockSlide,Protect|Adamant||M|||50|]Lycanroc-Dusk||FocusSash|ToughClaws|Accelerock,RockSlide,CloseCombat,Protect|Jolly||F|||50|]Kingambit||LifeOrb|Defiant|SuckerPunch,KowtowCleave,IronHead,LowKick|Adamant||F|||50|]Farigiraf||ColburBerry|ArmorTail|TrickRoom,HelpingHand,Psychic,FoulPlay|Bold||F|||50|
|showteam|p2|Basculegion||ChoiceScarf|Adaptability|LastRespects,FlipTurn,WaveCrash,IceFang|Jolly||M|||50|]Spiritomb||RoseliBerry|Infiltrator|TrickRoom,DestinyBond,WillOWisp,DarkPulse|Relaxed||M|||50|]Conkeldurr||LifeOrb|SheerForce|LowSweep,MachPunch,Protect,IcePunch|Brave||M|||50|]Mawile||Mawilite|HyperCutter|PlayRough,SuckerPunch,IronHead,Protect|Brave||M|||50|]Dragonite||Dragoninite|InnerFocus|Thunder,Hurricane,DracoMeteor,ThunderWave|Modest||F|||50|]Pelipper||Leftovers|Drizzle|WideGuard,Protect,Tailwind,MuddyWater|Quiet||M|||50|
|inactive|Battle timer is ON: inactive players will automatically lose when time's up. (requested by Opus500)
|
|t:|1784173291
|teamsize|p1|4
|teamsize|p2|4
|start
|switch|p1a: Kingambit|Kingambit, L50, F|100/100
|switch|p1b: Farigiraf|Farigiraf, L50, F|100/100
|switch|p2a: Conkeldurr|Conkeldurr, L50, M|100/100
|switch|p2b: Spiritomb|Spiritomb, L50, M|100/100
|turn|1
|
|t:|1784173309
|move|p2a: Conkeldurr|Protect|p2a: Conkeldurr
|-singleturn|p2a: Conkeldurr|Protect
|move|p1b: Farigiraf|Psychic|p2a: Conkeldurr
|-activate|p2a: Conkeldurr|move: Protect
|move|p1a: Kingambit|Kowtow Cleave|p2a: Conkeldurr
|-activate|p2a: Conkeldurr|move: Protect
|move|p2b: Spiritomb|Will-O-Wisp|p1a: Kingambit
|-status|p1a: Kingambit|brn
|
|-damage|p1a: Kingambit|94/100 brn|[from] brn
|upkeep
|turn|2
|
|t:|1784173324
|move|p1b: Farigiraf|Psychic|p2a: Conkeldurr
|-supereffective|p2a: Conkeldurr|1
|-damage|p2a: Conkeldurr|17/100
|move|p1a: Kingambit|Kowtow Cleave|p2a: Conkeldurr
|-resisted|p2a: Conkeldurr|1
|-damage|p2a: Conkeldurr|3/100
|-damage|p1a: Kingambit|84/100 brn|[from] item: Life Orb
|move|p2a: Conkeldurr|Low Sweep|p1b: Farigiraf
|-damage|p1b: Farigiraf|43/100
|move|p2b: Spiritomb|Trick Room|p2b: Spiritomb
|-fieldstart|move: Trick Room|[of] p2b: Spiritomb
|
|-damage|p1a: Kingambit|78/100 brn|[from] brn
|upkeep
|turn|3
|
|t:|1784173343
|switch|p1b: Venusaur|Venusaur, L50, F|100/100
|move|p2a: Conkeldurr|Mach Punch|p1a: Kingambit
|-supereffective|p1a: Kingambit|2
|-damage|p1a: Kingambit|0 fnt
|faint|p1a: Kingambit
|-damage|p2a: Conkeldurr|0 fnt|[from] item: Life Orb
|faint|p2a: Conkeldurr
|move|p2b: Spiritomb|Dark Pulse|p1b: Venusaur
|-damage|p1b: Venusaur|77/100
|
|upkeep
|
|t:|1784173355
|switch|p2a: Mawile|Mawile, L50, M|100/100
|switch|p1a: Ninetales|Ninetales-Alola, L50, F|100/100
|-weather|Snowscape|[from] ability: Snow Warning|[of] p1a: Ninetales
|turn|4
|
|t:|1784173367
|switch|p2b: Pelipper|Pelipper, L50, M|100/100
|-weather|RainDance|[from] ability: Drizzle|[of] p2b: Pelipper
|detailschange|p2a: Mawile|Mawile-Mega, L50, M
|-mega|p2a: Mawile|Mawile|Mawilite
|move|p1b: Venusaur|Protect|p1b: Venusaur
|-singleturn|p1b: Venusaur|Protect
|move|p2a: Mawile|Iron Head|p1a: Ninetales
|-supereffective|p1a: Ninetales|2
|-damage|p1a: Ninetales|0 fnt
|faint|p1a: Ninetales
|
|-weather|RainDance|[upkeep]
|upkeep
|
|t:|1784173378
|switch|p1a: Farigiraf|Farigiraf, L50, F|43/100
|turn|5
|
|t:|1784173399
|detailschange|p1b: Venusaur|Venusaur-Mega, L50, F
|-mega|p1b: Venusaur|Venusaur|Venusaurite
|move|p1a: Farigiraf|Helping Hand|p1b: Venusaur
|-singleturn|p1b: Venusaur|Helping Hand|[of] p1a: Farigiraf
|move|p2a: Mawile|Iron Head|p1b: Venusaur
|-damage|p1b: Venusaur|26/100
|move|p2b: Pelipper|Muddy Water|p1b: Venusaur|[spread] p1a
|-miss|p2b: Pelipper|p1b: Venusaur
|-damage|p1a: Farigiraf|11/100
|move|p1b: Venusaur|Giga Drain|p2a: Mawile
|-resisted|p2a: Mawile|1
|-damage|p2a: Mawile|69/100
|-heal|p1b: Venusaur|37/100|[from] drain|[of] p2a: Mawile
|
|-weather|RainDance|[upkeep]
|upkeep
|turn|6
|inactive|Opus500 has 30 seconds left.
|
|t:|1784173434
|move|p1b: Venusaur|Protect|p1b: Venusaur
|-singleturn|p1b: Venusaur|Protect
|move|p2a: Mawile|Iron Head|p1a: Farigiraf
|-damage|p1a: Farigiraf|0 fnt
|faint|p1a: Farigiraf
|move|p2b: Pelipper|Tailwind|p2b: Pelipper
|-sidestart|p2: newtopokemonteehee|move: Tailwind
|
|-weather|RainDance|[upkeep]
|-fieldend|move: Trick Room
|upkeep
|turn|7
|
|t:|1784173457
|move|p2b: Pelipper|Muddy Water|p1b: Venusaur
|-resisted|p1b: Venusaur|1
|-damage|p1b: Venusaur|20/100y
|move|p2a: Mawile|Iron Head|p1b: Venusaur
|-damage|p1b: Venusaur|0 fnt
|faint|p1b: Venusaur
|
|win|newtopokemonteehee
|raw|Opus500's rating: 1043 → 1030(-13 for losing)
|raw|newtopokemonteehee's rating: 1119 → 1139(+20 for winning)
