|j|☆eriksp
|j|☆bman3111
|html|erikspbman3111    
|uhtml|bestof|Game 1 of a best-of-3
|t:|1783137672
|gametype|doubles
|player|p1|eriksp|cynthia-masters4|
|player|p2|bman3111|elesa-masters|
|gen|9
|tier|[Gen 9 Champions] VGC 2026 Reg M-B (Bo3)
|rule|Species Clause: Limit one of each Pokémon
|rule|Item Clause: Limit 1 of each item
|clearpoke
|poke|p1|Floette-Eternal, L50, F|
|poke|p1|Charizard, L50, F|
|poke|p1|Whimsicott, L50, F|
|poke|p1|Garchomp, L50, M|
|poke|p1|Basculegion, L50, M|
|poke|p1|Kingambit, L50, F|
|poke|p2|Kingambit, L50, F|
|poke|p2|Charizard, L50, F|
|poke|p2|Aerodactyl, L50, F|
|poke|p2|Farigiraf, L50, F|
|poke|p2|Garchomp, L50, F|
|poke|p2|Sylveon, L50, F|
|teampreview|4
|showteam|p1|Floette-Eternal||Floettite|FlowerVeil|Moonblast,DazzlingGleam,LightofRuin,Protect|Modest||F|||50|]Charizard||CharizarditeY|Blaze|HeatWave,WeatherBall,SolarBeam,Protect|Timid||F|||50|]Whimsicott||FocusSash|Prankster|Moonblast,Tailwind,Encore,Protect|Timid||F|||50|]Garchomp||LifeOrb|RoughSkin|DragonClaw,Earthquake,Protect,RockSlide|Jolly||M|||50|]Basculegion||MysticWater|Adaptability|WaveCrash,LastRespects,AquaJet,Protect|Adamant||M|||50|]Kingambit||ChopleBerry|Defiant|KowtowCleave,IronHead,SuckerPunch,LowKick|Adamant||F|||50|
|showteam|p2|Kingambit||FocusSash|Defiant|KowtowCleave,IronHead,SuckerPunch,LowKick|Adamant||F|||50|]Charizard||CharizarditeY|Blaze|HeatWave,SolarBeam,WeatherBall,Protect|Modest||F|||50|]Aerodactyl||Aerodactylite|Unnerve|RockSlide,DualWingbeat,IceFang,Tailwind|Jolly||F|||50|]Farigiraf||SitrusBerry|ArmorTail|Psychic,Thunderbolt,TrickRoom,Protect|Bold||F|||50|]Garchomp||LifeOrb|RoughSkin|Earthquake,DragonClaw,StompingTantrum,Protect|Jolly||F|||50|]Sylveon||FairyFeather|Pixilate|HyperVoice,HyperBeam,QuickAttack,Protect|Modest||F|||50|
|inactive|Battle timer is ON: inactive players will automatically lose when time's up. (requested by bman3111)
|c|☆bman3111|glhf
|inactive|eriksp has 60 seconds left.
|inactive|bman3111 has 60 seconds left.
|c|☆bman3111|i hate this
|inactive|eriksp has 30 seconds left.
|inactive|eriksp has 20 seconds left.
|c|☆eriksp|good
|inactive|eriksp has 15 seconds left.
|inactive|eriksp has 10 seconds left.
|
|t:|1783137755
|teamsize|p1|4
|teamsize|p2|4
|start
|switch|p1a: Whimsicott|Whimsicott, L50, F|100/100
|switch|p1b: Garchomp|Garchomp, L50, M|100/100
|switch|p2a: Aerodactyl|Aerodactyl, L50, F|100/100
|switch|p2b: Kingambit|Kingambit, L50, F|100/100
|-ability|p2a: Aerodactyl|Unnerve
|turn|1
|c|☆bman3111|yea ig i deserve this
|
|t:|1783137776
|detailschange|p2a: Aerodactyl|Aerodactyl-Mega, L50, F
|-mega|p2a: Aerodactyl|Aerodactyl|Aerodactylite
|move|p1a: Whimsicott|Tailwind|p1a: Whimsicott
|-sidestart|p1: eriksp|move: Tailwind
|move|p1b: Garchomp|Rock Slide|p2a: Aerodactyl|[spread] p2a
|-miss|p1b: Garchomp|p2b: Kingambit
|-supereffective|p2a: Aerodactyl|1
|-damage|p2a: Aerodactyl|46/100
|-damage|p1b: Garchomp|90/100|[from] item: Life Orb
|move|p2a: Aerodactyl|Ice Fang|p1b: Garchomp
|-supereffective|p1b: Garchomp|2
|-crit|p1b: Garchomp
|-damage|p1b: Garchomp|0 fnt
|-damage|p2a: Aerodactyl|34/100|[from] ability: Rough Skin|[of] p1b: Garchomp
|faint|p1b: Garchomp
|move|p2b: Kingambit|Iron Head|p1a: Whimsicott
|-supereffective|p1a: Whimsicott|1
|-enditem|p1a: Whimsicott|Focus Sash
|-damage|p1a: Whimsicott|1/100
|
|upkeep
|c|☆eriksp|that's so bad for me
|inactive|eriksp has 30 seconds left.
|c|☆bman3111|im still losing btw
|inactive|eriksp has 20 seconds left.
|
|t:|1783137811
|switch|p1b: Charizard|Charizard, L50, F|100/100
|turn|2
|
|t:|1783137821
|switch|p2a: Garchomp|Garchomp, L50, F|100/100
|detailschange|p1b: Charizard|Charizard-Mega-Y, L50, F
|-mega|p1b: Charizard|Charizard|Charizardite Y
|-weather|SunnyDay|[from] ability: Drought|[of] p1b: Charizard
|move|p2b: Kingambit|Sucker Punch|p1a: Whimsicott
|-resisted|p1a: Whimsicott|1
|-damage|p1a: Whimsicott|0 fnt
|faint|p1a: Whimsicott
|move|p1b: Charizard|Heat Wave|p2a: Garchomp|[spread] p2a,p2b
|-resisted|p2a: Garchomp|1
|-supereffective|p2b: Kingambit|1
|-damage|p2a: Garchomp|65/100
|-enditem|p2b: Kingambit|Focus Sash
|-damage|p2b: Kingambit|1/100
|
|-weather|SunnyDay|[upkeep]
|upkeep
|
|t:|1783137827
|switch|p1a: Basculegion|Basculegion, L50, M|100/100
|turn|3
|c|☆bman3111|FUCK I FORGOT TO PUT ROCK SLIDE BACK ON CHOMP
|inactive|bman3111 has 30 seconds left.
|
|t:|1783137855
|move|p2a: Garchomp|Protect|p2a: Garchomp
|-singleturn|p2a: Garchomp|Protect
|move|p1a: Basculegion|Aqua Jet|p2b: Kingambit
|-damage|p2b: Kingambit|0 fnt
|faint|p2b: Kingambit
|move|p1b: Charizard|Solar Beam||[still]
|-prepare|p1b: Charizard|Solar Beam
|-anim|p1b: Charizard|Solar Beam|p2a: Garchomp
|-activate|p2a: Garchomp|move: Protect
|
|-weather|SunnyDay|[upkeep]
|upkeep
|
|t:|1783137863
|switch|p2b: Sylveon|Sylveon, L50, F|100/100
|turn|4
|
|t:|1783137871
|move|p2b: Sylveon|Protect|p2b: Sylveon
|-singleturn|p2b: Sylveon|Protect
|move|p1b: Charizard|Weather Ball|p2b: Sylveon
|-activate|p2b: Sylveon|move: Protect
|move|p1a: Basculegion|Last Respects|p2a: Garchomp
|-damage|p2a: Garchomp|0 fnt
|faint|p2a: Garchomp
|
|-weather|SunnyDay|[upkeep]
|-sideend|p1: eriksp|move: Tailwind
|upkeep
|
|t:|1783137878
|switch|p2a: Aerodactyl|Aerodactyl-Mega, L50, F|34/100
|turn|5
|
|t:|1783137890
|move|p1a: Basculegion|Aqua Jet|p2a: Aerodactyl
|-supereffective|p2a: Aerodactyl|1
|-damage|p2a: Aerodactyl|0 fnt
|faint|p2a: Aerodactyl
|move|p1b: Charizard|Weather Ball|p2b: Sylveon
|-damage|p2b: Sylveon|34/100
|move|p2b: Sylveon|Hyper Beam|p1a: Basculegion
|-damage|p1a: Basculegion|0 fnt
|-mustrecharge|p2b: Sylveon
|faint|p1a: Basculegion
|
|-weather|SunnyDay|[upkeep]
|upkeep
|turn|6
|c|☆bman3111|damn that kos
|
|t:|1783137909
|move|p1b: Charizard|Weather Ball|p2b: Sylveon
|-damage|p2b: Sylveon|0 fnt
|faint|p2b: Sylveon
|
|win|eriksp
