|j|☆Haribo7257
|j|☆Martzone
|html|Haribo7257Martzone    
|uhtml|bestof|Game 2 of a best-of-3
|t:|1756553091
|gametype|doubles
|player|p1|Haribo7257|lance|1000
|player|p2|Martzone|169|1159
|gen|9
|tier|[Gen 9] VGC 2025 Reg H (Bo3)
|rated|
|rule|Species Clause: Limit one of each Pokémon
|rule|Item Clause: Limit 1 of each item
|clearpoke
|poke|p1|Charizard, L50, M|
|poke|p1|Torkoal, L50, M|
|poke|p1|Porygon2, L50|
|poke|p1|Incineroar, L50, M|
|poke|p1|Jumpluff, L50, F|
|poke|p1|Ursaluna, L50, M|
|poke|p2|Kingambit, L50, M|
|poke|p2|Rillaboom, L50, F|
|poke|p2|Electabuzz, L50, F|
|poke|p2|Blaziken, L50, F|
|poke|p2|Dragapult, L50, M|
|poke|p2|Primarina, L50, M|
|teampreview|4
|showteam|p1|Charizard||ChoiceSpecs|SolarPower|HeatWave,Overheat,WeatherBall,AirSlash|||M|||50|,,,,,Ghost]Torkoal||EjectPack|Drought|Eruption,Overheat,HelpingHand,Protect|||M|||50|,,,,,Fire]Porygon2||Eviolite|Download|IceBeam,TeraBlast,TrickRoom,Recover||||||50|,,,,,Fighting]Incineroar||SitrusBerry|Intimidate|FlareBlitz,KnockOff,FakeOut,PartingShot|||M|||50|,,,,,Ghost]Jumpluff||CovertCloak|Chlorophyll|SleepPowder,SunnyDay,RagePowder,Tailwind|||F|||50|,,,,,Water]Ursaluna||FlameOrb|Guts|HeadlongRush,Facade,Earthquake,Protect|||M|||50|,,,,,Ghost
|showteam|p2|Kingambit||AssaultVest|Defiant|KowtowCleave,IronHead,SuckerPunch,LowKick|||M|||50|,,,,,Fire]Rillaboom||MiracleSeed|GrassySurge|WoodHammer,GrassyGlide,Uturn,FakeOut|||F|||50|,,,,,Fire]Electabuzz||Eviolite|VitalSpirit|Thunderbolt,FollowMe,Taunt,Protect|||F|||50|,,,,,Dark]Blaziken||FocusSash|SpeedBoost|CloseCombat,FlareBlitz,Coaching,Protect|||F|||50|,,,,,Stellar]Dragapult||ChoiceBand|ClearBody|DragonDarts,PhantomForce,TeraBlast,Uturn|||M|||50|,,,,,Ghost]Primarina||SitrusBerry|LiquidVoice|HyperVoice,Moonblast,Haze,Protect|||M|||50|,,,,,Poison
|inactive|Battle timer is ON: inactive players will automatically lose when time's up. (requested by Haribo7257)
|
|t:|1756553110
|teamsize|p1|4
|teamsize|p2|4
|start
|switch|p1a: Charizard|Charizard, L50, M, shiny|100/100
|switch|p1b: Jumpluff|Jumpluff, L50, F, shiny|100/100
|switch|p2a: Rocco|Electabuzz, L50, F|100/100
|switch|p2b: N7Ginos|Kingambit, L50, M|100/100
|turn|1
|inactive|Martzone has 30 seconds left.
|inactive|Martzone has 20 seconds left.
|inactive|Martzone has 15 seconds left.
|inactive|Haribo7257 has 30 seconds left.
|inactive|Martzone has 10 seconds left.
|inactive|Haribo7257 has 20 seconds left.
|
|t:|1756553166
|-terastallize|p2b: N7Ginos|Fire
|move|p2a: Rocco|Follow Me|p2a: Rocco
|-singleturn|p2a: Rocco|move: Follow Me
|move|p1b: Jumpluff|Sunny Day|p1b: Jumpluff
|-weather|SunnyDay
|move|p1a: Charizard|Heat Wave|p2b: N7Ginos|[spread] p2a,p2b
|-resisted|p2b: N7Ginos
|-damage|p2a: Rocco|13/100
|-damage|p2b: N7Ginos|67/100
|move|p2b: N7Ginos|Kowtow Cleave|p1a: Charizard
|-damage|p1a: Charizard|28/100
|
|-weather|SunnyDay|[upkeep]
|-damage|p1a: Charizard|16/100|[from] ability: Solar Power|[of] p1a: Charizard
|upkeep
|turn|2
|inactive|Martzone has 30 seconds left.
|
|t:|1756553194
|move|p2a: Rocco|Follow Me|p2a: Rocco
|-singleturn|p2a: Rocco|move: Follow Me
|move|p1b: Jumpluff|Sleep Powder|p2a: Rocco|[miss]
|-miss|p1b: Jumpluff|p2a: Rocco
|move|p1a: Charizard|Heat Wave|p2b: N7Ginos|[spread] p2a,p2b
|-resisted|p2b: N7Ginos
|-damage|p2a: Rocco|0 fnt
|-damage|p2b: N7Ginos|31/100
|faint|p2a: Rocco
|move|p2b: N7Ginos|Kowtow Cleave|p1a: Charizard
|-crit|p1a: Charizard
|-damage|p1a: Charizard|0 fnt
|faint|p1a: Charizard
|
|-weather|SunnyDay|[upkeep]
|upkeep
|
|t:|1756553207
|switch|p1a: Porygon2|Porygon2, L50|100/100
|switch|p2a: Ma77ias|Rillaboom, L50, F|100/100
|-fieldstart|move: Grassy Terrain|[from] ability: Grassy Surge|[of] p2a: Ma77ias
|-ability|p1a: Porygon2|Download|boost
|-boost|p1a: Porygon2|spa|1
|turn|3
|inactive|Martzone has 30 seconds left.
|inactive|Martzone has 20 seconds left.
|inactive|Martzone has 15 seconds left.
|
|t:|1756553250
|switch|p2b: Frah|Primarina, L50, M|100/100
|move|p1b: Jumpluff|Rage Powder|p1b: Jumpluff
|-singleturn|p1b: Jumpluff|move: Rage Powder
|move|p2a: Ma77ias|Grassy Glide|p1b: Jumpluff
|-resisted|p1b: Jumpluff
|-damage|p1b: Jumpluff|89/100
|move|p1a: Porygon2|Trick Room|p1a: Porygon2
|-fieldstart|move: Trick Room|[of] p1a: Porygon2
|
|-weather|SunnyDay|[upkeep]
|upkeep
|turn|4
|
|t:|1756553268
|move|p2b: Frah|Protect|p2b: Frah
|-singleturn|p2b: Frah|Protect
|move|p2a: Ma77ias|Grassy Glide|p1b: Jumpluff
|-resisted|p1b: Jumpluff
|-damage|p1b: Jumpluff|77/100
|move|p1a: Porygon2|Ice Beam|p2a: Ma77ias
|-supereffective|p2a: Ma77ias
|-damage|p2a: Ma77ias|0 fnt
|faint|p2a: Ma77ias
|move|p1b: Jumpluff|Sleep Powder|p2b: Frah
|-activate|p2b: Frah|move: Protect
|
|-weather|SunnyDay|[upkeep]
|upkeep
|
|t:|1756553277
|switch|p2a: N7Ginos|Kingambit, L50, M, tera:Fire|31/100
|turn|5
|
|t:|1756553293
|move|p2a: N7Ginos|Kowtow Cleave|p1b: Jumpluff
|-damage|p1b: Jumpluff|22/100
|move|p1a: Porygon2|Ice Beam|p2a: N7Ginos
|-resisted|p2a: N7Ginos
|-damage|p2a: N7Ginos|17/100
|move|p2b: Frah|Moonblast|p1b: Jumpluff
|-damage|p1b: Jumpluff|0 fnt
|faint|p1b: Jumpluff
|
|-weather|none
|-heal|p2a: N7Ginos|23/100|[from] Grassy Terrain
|upkeep
|
|t:|1756553303
|switch|p1b: Torkoal|Torkoal, L50, M|100/100
|-weather|SunnyDay|[from] ability: Drought|[of] p1b: Torkoal
|turn|6
|
|t:|1756553315
|-terastallize|p1b: Torkoal|Fire
|move|p2a: N7Ginos|Sucker Punch|p1b: Torkoal
|-damage|p1b: Torkoal|68/100
|move|p1b: Torkoal|Eruption|p2a: N7Ginos|[spread] p2a,p2b
|-resisted|p2a: N7Ginos
|-resisted|p2b: Frah
|-damage|p2a: N7Ginos|2/100
|-damage|p2b: Frah|72/100
|move|p1a: Porygon2|Tera Blast|p2b: Frah
|-damage|p2b: Frah|16/100
|-enditem|p2b: Frah|Sitrus Berry|[eat]
|-heal|p2b: Frah|41/100|[from] item: Sitrus Berry
|move|p2b: Frah|Hyper Voice|p1a: Porygon2|[spread] p1a,p1b
|-supereffective|p1b: Torkoal
|-damage|p1a: Porygon2|90/100
|-damage|p1b: Torkoal|24/100
|
|-weather|SunnyDay|[upkeep]
|-heal|p1b: Torkoal|30/100|[from] Grassy Terrain
|-heal|p2a: N7Ginos|8/100|[from] Grassy Terrain
|-heal|p1a: Porygon2|96/100|[from] Grassy Terrain
|-heal|p2b: Frah|48/100|[from] Grassy Terrain
|upkeep
|turn|7
|inactive|Haribo7257 has 30 seconds left.
|inactive|Haribo7257 has 20 seconds left.
|
|t:|1756553357
|move|p1b: Torkoal|Helping Hand|p1a: Porygon2
|-singleturn|p1a: Porygon2|Helping Hand|[of] p1b: Torkoal
|move|p2b: Frah|Protect|p2b: Frah
|-singleturn|p2b: Frah|Protect
|move|p2a: N7Ginos|Sucker Punch|p1a: Porygon2
|-damage|p1a: Porygon2|72/100
|move|p1a: Porygon2|Tera Blast|p2b: Frah
|-activate|p2b: Frah|move: Protect
|
|-weather|SunnyDay|[upkeep]
|-heal|p1b: Torkoal|37/100|[from] Grassy Terrain
|-heal|p2a: N7Ginos|15/100|[from] Grassy Terrain
|-heal|p1a: Porygon2|78/100|[from] Grassy Terrain
|-heal|p2b: Frah|54/100|[from] Grassy Terrain
|-fieldend|move: Trick Room
|-fieldend|move: Grassy Terrain
|upkeep
|turn|8
|inactive|Haribo7257 has 30 seconds left.
|
|t:|1756553391
|move|p2b: Frah|Hyper Voice|p1b: Torkoal|[spread] p1a,p1b
|-supereffective|p1b: Torkoal
|-damage|p1a: Porygon2|67/100
|-damage|p1b: Torkoal|0 fnt
|faint|p1b: Torkoal
|move|p2a: N7Ginos|Kowtow Cleave|p1a: Porygon2
|-damage|p1a: Porygon2|32/100
|move|p1a: Porygon2|Trick Room|p1a: Porygon2
|-fieldstart|move: Trick Room|[of] p1a: Porygon2
|
|-weather|SunnyDay|[upkeep]
|upkeep
|turn|9
|inactive|Martzone has 30 seconds left.
|
|t:|1756553424
|move|p2a: N7Ginos|Sucker Punch||[still]
|-fail|p2a: N7Ginos
|move|p1a: Porygon2|Recover|p1a: Porygon2
|-heal|p1a: Porygon2|82/100
|move|p2b: Frah|Moonblast|p1a: Porygon2
|-damage|p1a: Porygon2|46/100
|
|-weather|SunnyDay|[upkeep]
|upkeep
|turn|10
|
|t:|1756553435
|move|p2a: N7Ginos|Sucker Punch||[still]
|-fail|p2a: N7Ginos
|move|p1a: Porygon2|Recover|p1a: Porygon2
|-heal|p1a: Porygon2|96/100
|move|p2b: Frah|Moonblast|p1a: Porygon2
|-damage|p1a: Porygon2|65/100
|
|-weather|none
|upkeep
|turn|11
|
|t:|1756553452
|move|p2a: N7Ginos|Kowtow Cleave|p1a: Porygon2
|-damage|p1a: Porygon2|30/100
|move|p1a: Porygon2|Tera Blast|p2a: N7Ginos
|-damage|p2a: N7Ginos|0 fnt
|faint|p2a: N7Ginos
|move|p2b: Frah|Moonblast|p1a: Porygon2
|-damage|p1a: Porygon2|0 fnt
|faint|p1a: Porygon2
|
|win|Martzone
||Martzone is ready for game 3.
||Haribo7257 is ready for game 3.
|uhtml|next|Next: Game 3 of 3
