|j|☆chrisjhall13
|j|☆pokeopposition
|html|chrisjhall13pokeopposition    
|uhtml|bestof|Game 1 of a best-of-3
|t:|1784575972
|gametype|doubles
|player|p1|chrisjhall13|dawn|1225
|player|p2|pokeopposition|silver|1131
|gen|9
|tier|[Gen 9 Champions] VGC 2026 Reg M-B (Bo3)
|rated|
|rule|Species Clause: Limit one of each Pokémon
|rule|Item Clause: Limit 1 of each item
|clearpoke
|poke|p1|Incineroar, L50, M|
|poke|p1|Ninetales-Alola, L50, M|
|poke|p1|Gengar, L50, M|
|poke|p1|Dragonite, L50, M|
|poke|p1|Blaziken, L50, M|
|poke|p1|Kingambit, L50, M|
|poke|p2|Steelix, L50, F|
|poke|p2|Tyranitar, L50, M|
|poke|p2|Incineroar, L50, F|
|poke|p2|Sneasler, L50, M|
|poke|p2|Sinistcha, L50, shiny|
|poke|p2|Grimmsnarl, L50, M|
|teampreview|4
|showteam|p1|Incineroar||ShucaBerry|Intimidate|FakeOut,DarkestLariat,FlareBlitz,PartingShot|Careful||M|||50|]Ninetales-Alola||FocusSash|SnowWarning|Blizzard,Protect,Encore,FreezeDry|Timid||M|||50|]Gengar||Gengarite|CursedBody|Disable,ShadowBall,Protect,SludgeBomb|Modest||M|||50|]Dragonite||LifeOrb|InnerFocus|DragonClaw,ExtremeSpeed,Protect,LowKick|Adamant||M|||50|]Blaziken||Blazikenite|SpeedBoost|FlareBlitz,CloseCombat,Protect,RockSlide|Adamant||M|||50|]Kingambit||BlackGlasses|Defiant|SuckerPunch,IronHead,KowtowCleave,Protect|Adamant||M|||50|
|showteam|p2|Steelix||Steelixite|Sturdy|HighHorsepower,HeavySlam,WideGuard,Protect|Brave||F|||50|]Tyranitar||Tyranitarite|SandStream|KnockOff,DragonDance,RockSlide,Protect|Jolly||M|||50|]Incineroar||ChopleBerry|Intimidate|FakeOut,PartingShot,FlareBlitz,ThroatChop|Careful||F|||50|]Sneasler||WhiteHerb|Unburden|FakeOut,Protect,CloseCombat,DireClaw|Adamant||M|||50|]Sinistcha||SitrusBerry|Hospitality|MatchaGotcha,TrickRoom,RagePowder,Protect|Relaxed|||||50|]Grimmsnarl||LightClay|Prankster|LightScreen,Reflect,SpiritBreak,PartingShot|Calm||M|||50|
|
|t:|1784576029
|teamsize|p1|4
|teamsize|p2|4
|start
|switch|p1a: Ninetales|Ninetales-Alola, L50, M|100/100
|switch|p1b: Gengar|Gengar, L50, M|100/100
|switch|p2a: Sneasler|Sneasler, L50, M|100/100
|switch|p2b: Tyranitar|Tyranitar, L50, M|100/100
|-weather|Snowscape|[from] ability: Snow Warning|[of] p1a: Ninetales
|-weather|Sandstorm|[from] ability: Sand Stream|[of] p2b: Tyranitar
|turn|1
|
|t:|1784576056
|switch|p1a: Incineroar|Incineroar, L50, M|100/100
|-ability|p1a: Incineroar|Intimidate|boost
|-unboost|p2a: Sneasler|atk|1
|-unboost|p2b: Tyranitar|atk|1
|-enditem|p2a: Sneasler|White Herb
|-clearnegativeboost|p2a: Sneasler|[silent]
|detailschange|p1b: Gengar|Gengar-Mega, L50, M
|-mega|p1b: Gengar|Gengar|Gengarite
|move|p2a: Sneasler|Dire Claw|p1a: Incineroar
|-damage|p1a: Incineroar|61/100
|move|p1b: Gengar|Shadow Ball|p2a: Sneasler
|-damage|p2a: Sneasler|34/100
|move|p2b: Tyranitar|Dragon Dance|p2b: Tyranitar
|-boost|p2b: Tyranitar|atk|1
|-boost|p2b: Tyranitar|spe|1
|
|-weather|Sandstorm|[upkeep]
|-damage|p2a: Sneasler|28/100|[from] Sandstorm
|-damage|p1b: Gengar|94/100|[from] Sandstorm
|-damage|p1a: Incineroar|55/100|[from] Sandstorm
|upkeep
|turn|2
|
|t:|1784576089
|move|p2a: Sneasler|Protect|p2a: Sneasler
|-singleturn|p2a: Sneasler|Protect
|move|p2b: Tyranitar|Protect|p2b: Tyranitar
|-singleturn|p2b: Tyranitar|Protect
|move|p1a: Incineroar|Fake Out|p2b: Tyranitar
|-activate|p2b: Tyranitar|move: Protect
|move|p1b: Gengar|Shadow Ball|p2a: Sneasler
|-activate|p2a: Sneasler|move: Protect
|
|-weather|Sandstorm|[upkeep]
|-damage|p2a: Sneasler|22/100|[from] Sandstorm
|-damage|p1b: Gengar|88/100|[from] Sandstorm
|-damage|p1a: Incineroar|49/100|[from] Sandstorm
|upkeep
|turn|3
|
|t:|1784576113
|switch|p1a: Ninetales|Ninetales-Alola, L50, M|100/100
|-weather|Snowscape|[from] ability: Snow Warning|[of] p1a: Ninetales
|move|p2a: Sneasler|Close Combat|p1a: Ninetales
|-damage|p1a: Ninetales|36/100
|-unboost|p2a: Sneasler|def|1
|-unboost|p2a: Sneasler|spd|1
|move|p2b: Tyranitar|Dragon Dance|p2b: Tyranitar
|-boost|p2b: Tyranitar|atk|1
|-boost|p2b: Tyranitar|spe|1
|move|p1b: Gengar|Shadow Ball|p2a: Sneasler
|-damage|p2a: Sneasler|0 fnt
|faint|p2a: Sneasler
|
|-weather|Snowscape|[upkeep]
|upkeep
|
|t:|1784576124
|switch|p2a: Steelix|Steelix, L50, F|100/100
|turn|4
|
|t:|1784576144
|switch|p1a: Incineroar|Incineroar, L50, M|49/100
|-ability|p1a: Incineroar|Intimidate|boost
|-unboost|p2a: Steelix|atk|1
|-unboost|p2b: Tyranitar|atk|1
|detailschange|p2b: Tyranitar|Tyranitar-Mega, L50, M
|-mega|p2b: Tyranitar|Tyranitar|Tyranitarite
|-weather|Sandstorm|[from] ability: Sand Stream|[of] p2b: Tyranitar
|move|p2b: Tyranitar|Dragon Dance|p2b: Tyranitar
|-boost|p2b: Tyranitar|atk|1
|-boost|p2b: Tyranitar|spe|1
|move|p1b: Gengar|Shadow Ball|p2a: Steelix
|-damage|p2a: Steelix|32/100
|move|p2a: Steelix|High Horsepower|p1b: Gengar
|-supereffective|p1b: Gengar|1
|-damage|p1b: Gengar|16/100
|
|-weather|Sandstorm|[upkeep]
|-damage|p1b: Gengar|10/100|[from] Sandstorm
|-damage|p1a: Incineroar|43/100|[from] Sandstorm
|upkeep
|turn|5
|
|t:|1784576163
|switch|p1b: Ninetales|Ninetales-Alola, L50, M|36/100
|-weather|Snowscape|[from] ability: Snow Warning|[of] p1b: Ninetales
|move|p2b: Tyranitar|Protect|p2b: Tyranitar
|-singleturn|p2b: Tyranitar|Protect
|move|p2a: Steelix|Protect|p2a: Steelix
|-singleturn|p2a: Steelix|Protect
|move|p1a: Incineroar|Fake Out|p2b: Tyranitar
|-activate|p2b: Tyranitar|move: Protect
|
|-weather|Snowscape|[upkeep]
|upkeep
|turn|6
|
|t:|1784576184
|switch|p1a: Kingambit|Kingambit, L50, M|100/100
|move|p1b: Ninetales|Protect|p1b: Ninetales
|-singleturn|p1b: Ninetales|Protect
|move|p2a: Steelix|Wide Guard|p2a: Steelix
|-singleturn|p2a: Steelix|Wide Guard
|move|p2b: Tyranitar|Rock Slide|p1a: Kingambit|[spread] p1a
|-activate|p1b: Ninetales|move: Protect
|-resisted|p1a: Kingambit|1
|-damage|p1a: Kingambit|79/100
|
|-weather|Snowscape|[upkeep]
|upkeep
|turn|7
|
|t:|1784576199
|switch|p1b: Incineroar|Incineroar, L50, M|43/100
|-ability|p1b: Incineroar|Intimidate|boost
|-unboost|p2a: Steelix|atk|1
|-unboost|p2b: Tyranitar|atk|1
|move|p2b: Tyranitar|Rock Slide|p1b: Incineroar|[spread] p1a,p1b
|-resisted|p1a: Kingambit|1
|-supereffective|p1b: Incineroar|1
|-damage|p1a: Kingambit|68/100
|-damage|p1b: Incineroar|0 fnt
|faint|p1b: Incineroar
|move|p1a: Kingambit|Iron Head|p2b: Tyranitar
|-supereffective|p2b: Tyranitar|1
|-damage|p2b: Tyranitar|31/100
|move|p2a: Steelix|High Horsepower|p1a: Kingambit
|-supereffective|p1a: Kingambit|1
|-damage|p1a: Kingambit|35/100
|
|-weather|Snowscape|[upkeep]
|upkeep
|
|t:|1784576216
|switch|p1b: Ninetales|Ninetales-Alola, L50, M|36/100
|turn|8
|
|t:|1784576227
|switch|p2a: Sinistcha|Sinistcha, L50, shiny|100/100
|-heal|p2b: Tyranitar|55/100|[from] ability: Hospitality|[of] p2a: Sinistcha
|move|p2b: Tyranitar|Rock Slide|p1a: Kingambit|[spread] p1a,p1b
|-resisted|p1a: Kingambit|1
|-supereffective|p1b: Ninetales|1
|-crit|p1b: Ninetales
|-damage|p1a: Kingambit|22/100
|-damage|p1b: Ninetales|0 fnt
|faint|p1b: Ninetales
|cant|p1a: Kingambit|flinch
|
|-weather|Snowscape|[upkeep]
|upkeep
|
|t:|1784576237
|switch|p1b: Gengar|Gengar-Mega, L50, M|10/100
|turn|9
|
|t:|1784576246
|move|p1b: Gengar|Protect|p1b: Gengar
|-singleturn|p1b: Gengar|Protect
|move|p2a: Sinistcha|Rage Powder|p2a: Sinistcha
|-singleturn|p2a: Sinistcha|move: Rage Powder
|move|p2b: Tyranitar|Dragon Dance|p2b: Tyranitar
|-boost|p2b: Tyranitar|atk|1
|-boost|p2b: Tyranitar|spe|1
|move|p1a: Kingambit|Iron Head|p2a: Sinistcha
|-damage|p2a: Sinistcha|64/100
|
|-weather|none
|upkeep
|turn|10
|-message|chrisjhall13 forfeited.
|
|win|pokeopposition
||chrisjhall13 is ready for game 2.
