|j|☆NicoHax
|j|☆i still have it
|html|NicoHaxi still have it    
|uhtml|bestof|Game 2 of a best-of-3
|t:|1756167265
|gametype|doubles
|player|p1|NicoHax|ethan|1218
|player|p2|i still have it|benga|1363
|gen|9
|tier|[Gen 9] VGC 2025 Reg H (Bo3)
|rated|
|rule|Species Clause: Limit one of each Pokémon
|rule|Item Clause: Limit 1 of each item
|clearpoke
|poke|p1|Sneasler, L50, F|
|poke|p1|Volcarona, L50, M|
|poke|p1|Baxcalibur, L50, M|
|poke|p1|Rillaboom, L50, M|
|poke|p1|Kingambit, L50, M|
|poke|p1|Dondozo, L50, M|
|poke|p2|Rillaboom, L50, M|
|poke|p2|Dragonite, L50, F|
|poke|p2|Incineroar, L50, M|
|poke|p2|Sneasler, L50, M|
|poke|p2|Kingambit, L50, M|
|poke|p2|Basculegion, L50, M|
|teampreview|4
|showteam|p1|Sneasler||FocusSash|Unburden|Protect,CloseCombat,DireClaw,Coaching|||F|||50|,,,,,Stellar]Volcarona||CovertCloak|FlameBody|QuiverDance,HeatWave,TeraBlast,Protect|||M|||50|,,,,,Fairy]Baxcalibur||LoadedDice|ThermalExchange|Protect,IceShard,ScaleShot,IcicleSpear|||M|||50|,,,,,Ghost]Rillaboom||AssaultVest|GrassySurge|WoodHammer,GrassyGlide,HighHorsepower,FakeOut|||M|||50|,,,,,Water]Kingambit||SafetyGoggles|Defiant|KowtowCleave,SuckerPunch,SwordsDance,Protect|||M|||50|,,,,,Ghost]Dondozo||Leftovers|Unaware|Protect,Yawn,Liquidation,Fissure|||M|||50|,,,,,Poison
|showteam|p2|Rillaboom||AssaultVest|GrassySurge|WoodHammer,Uturn,FakeOut,GrassyGlide|||M|||50|,,,,,Fire]Dragonite||LoadedDice|Multiscale|ScaleShot,Tailwind,Haze,Protect|||F|||50|,,,,,Steel]Incineroar||SafetyGoggles|Intimidate|FlareBlitz,KnockOff,FakeOut,PartingShot|||M|||50|,,,,,Ghost]Sneasler||FocusSash|PoisonTouch|CloseCombat,DireClaw,Coaching,Protect|||M|||50|,,,,,Stellar]Kingambit||DreadPlate|Defiant|KowtowCleave,SwordsDance,SuckerPunch,Protect|||M|||50|,,,,,Dark]Basculegion||ChoiceScarf|Adaptability|WaveCrash,LastRespects,TeraBlast,FlipTurn|||M|||50|,,,,,Fighting
|
|t:|1756167305
|teamsize|p1|4
|teamsize|p2|4
|start
|switch|p1a: Laertes|Sneasler, L50, F|100/100
|switch|p1b: Carmy|Dondozo, L50, M|100/100
|switch|p2a: Dragonite|Dragonite, L50, F|100/100
|switch|p2b: Sneasler|Sneasler, L50, M|100/100
|turn|1
|
|t:|1756167325
|switch|p2a: Incineroar|Incineroar, L50, M|100/100
|-ability|p2a: Incineroar|Intimidate|boost
|-unboost|p1a: Laertes|atk|1
|-unboost|p1b: Carmy|atk|1
|-terastallize|p1b: Carmy|Poison
|move|p2b: Sneasler|Dire Claw|p1a: Laertes
|-resisted|p1a: Laertes
|-damage|p1a: Laertes|70/100
|move|p1a: Laertes|Coaching|p1b: Carmy
|-boost|p1b: Carmy|atk|1
|-boost|p1b: Carmy|def|1
|move|p1b: Carmy|Yawn|p2a: Incineroar
|-start|p2a: Incineroar|move: Yawn|[of] p1b: Carmy
|
|upkeep
|turn|2
|
|t:|1756167341
|switch|p2a: Basculegion|Basculegion, L50, M|100/100
|move|p2b: Sneasler|Dire Claw|p1a: Laertes
|-resisted|p1a: Laertes
|-damage|p1a: Laertes|39/100
|-status|p1a: Laertes|slp
|cant|p1a: Laertes|slp
|move|p1b: Carmy|Yawn|p2b: Sneasler
|-start|p2b: Sneasler|move: Yawn|[of] p1b: Carmy
|
|upkeep
|turn|3
|
|t:|1756167351
|switch|p2b: Incineroar|Incineroar, L50, M|100/100
|-ability|p2b: Incineroar|Intimidate|boost
|-unboost|p1a: Laertes|atk|1
|-unboost|p1b: Carmy|atk|1
|move|p2a: Basculegion|Flip Turn|p1a: Laertes
|-damage|p1a: Laertes|0 fnt
|faint|p1a: Laertes
|
|t:|1756167356
|switch|p2a: Dragonite|Dragonite, L50, F|100/100|[from] Flip Turn
|move|p1b: Carmy|Yawn|p2a: Dragonite
|-start|p2a: Dragonite|move: Yawn|[of] p1b: Carmy
|
|upkeep
|
|t:|1756167363
|switch|p1a: Kaisen|Kingambit, L50, M|100/100
|turn|4
|
|t:|1756167393
|switch|p2a: Basculegion|Basculegion, L50, M|100/100
|move|p2b: Incineroar|Fake Out|p1a: Kaisen
|-resisted|p1a: Kaisen
|-damage|p1a: Kaisen|96/100
|cant|p1a: Kaisen|flinch
|move|p1b: Carmy|Yawn|p2b: Incineroar
|-start|p2b: Incineroar|move: Yawn|[of] p1b: Carmy
|
|upkeep
|turn|5
|
|t:|1756167405
|switch|p2b: Sneasler|Sneasler, L50, M|100/100
|-terastallize|p2a: Basculegion|Fighting
|move|p1a: Kaisen|Sucker Punch|p2a: Basculegion
|-resisted|p2a: Basculegion
|-damage|p2a: Basculegion|77/100
|move|p2a: Basculegion|Tera Blast|p1a: Kaisen|[anim] Tera Blast Fighting
|-supereffective|p1a: Kaisen
|-damage|p1a: Kaisen|0 fnt
|faint|p1a: Kaisen
|move|p1b: Carmy|Yawn|p2b: Sneasler
|-start|p2b: Sneasler|move: Yawn|[of] p1b: Carmy
|
|upkeep
|
|t:|1756167409
|switch|p1a: Siddartha|Baxcalibur, L50, M|100/100
|turn|6
|inactive|Battle timer is ON: inactive players will automatically lose when time's up. (requested by i still have it)
|
|t:|1756167423
|switch|p2b: Incineroar|Incineroar, L50, M|100/100
|-ability|p2b: Incineroar|Intimidate|boost
|-unboost|p1a: Siddartha|atk|1
|-unboost|p1b: Carmy|atk|1
|move|p2a: Basculegion|Tera Blast|p1a: Siddartha|[anim] Tera Blast Fighting
|-supereffective|p1a: Siddartha
|-damage|p1a: Siddartha|0 fnt
|faint|p1a: Siddartha
|move|p1b: Carmy|Liquidation|p2b: Incineroar
|-supereffective|p2b: Incineroar
|-damage|p2b: Incineroar|74/100
|
|upkeep
|turn|7
|-message|NicoHax forfeited.
|
|win|i still have it
|raw|NicoHax's rating: 1218 → 1203(-15 for losing)
|raw|i still have it's rating: 1363 → 1375(+12 for winning)
