|j|☆camala64
|j|☆battle sim trainer
|html|camala64battle sim trainer    
|uhtml|bestof|Game 2 of a best-of-3
|t:|1783298965
|gametype|doubles
|player|p1|camala64|lance-masters2|
|player|p2|battle sim trainer|turo|
|gen|9
|tier|[Gen 9 Champions] VGC 2026 Reg M-B (Bo3)
|rule|Species Clause: Limit one of each Pokémon
|rule|Item Clause: Limit 1 of each item
|clearpoke
|poke|p1|Floette-Eternal, L50, F|
|poke|p1|Glimmora, L50, F, shiny|
|poke|p1|Talonflame, L50, M, shiny|
|poke|p1|Garchomp, L50, M, shiny|
|poke|p1|Basculegion, L50, M, shiny|
|poke|p1|Kingambit, L50, M, shiny|
|poke|p2|Swampert, L50, M|
|poke|p2|Pelipper, L50, F|
|poke|p2|Archaludon, L50, F|
|poke|p2|Grimmsnarl, L50, M|
|poke|p2|Venusaur, L50, F|
|poke|p2|Zoroark-Hisui, L50, M|
|teampreview|4
|showteam|p1|Floette-Eternal||Floettite|FlowerVeil|Moonblast,DazzlingGleam,LightofRuin,Protect|Modest||F|||50|]Glimmora||Glimmoranite|ToxicDebris|PowerGem,SludgeBomb,EarthPower,SpikyShield|Modest||F|||50|]Talonflame||SharpBeak|GaleWings|DualWingbeat,Tailwind,FlareBlitz,Protect|Jolly||M|||50|]Garchomp||LifeOrb|RoughSkin|Earthquake,RockSlide,DragonClaw,Protect|Adamant||M|||50|]Basculegion||FocusSash|Adaptability|Liquidation,AquaJet,LastRespects,Protect|Adamant||M|||50|]Kingambit||BlackGlasses|Defiant|KowtowCleave,SuckerPunch,IronHead,LowKick|Adamant||M|||50|
|showteam|p2|Swampert||Swampertite|Damp|WaveCrash,Earthquake,IcePunch,Protect|Adamant||M|||50|]Pelipper||SitrusBerry|Drizzle|Hurricane,WeatherBall,Tailwind,Protect|Modest||F|||50|]Archaludon||Leftovers|Stamina|ElectroShot,DragonPulse,FlashCannon,Protect|Modest||F|||50|]Grimmsnarl||LightClay|Prankster|SpiritBreak,Reflect,LightScreen,PartingShot|Careful||M|||50|]Venusaur||Venusaurite|Chlorophyll|GigaDrain,EarthPower,SludgeBomb,Protect|Modest||F|||50|]Zoroark-Hisui||ChoiceScarf|Illusion|BitterMalice,HyperVoice,Flamethrower,Uturn|Modest||M|||50|
|c|☆battle sim trainer|yikes
|c|☆battle sim trainer|zoroark takes lots from ajet
|
|t:|1783299009
|teamsize|p1|4
|teamsize|p2|4
|start
|switch|p1a: Captain Falcon|Talonflame, L50, M, shiny|100/100
|switch|p1b: Jawesome|Garchomp, L50, M, shiny|100/100
|switch|p2a: Swampert|Swampert, L50, M|100/100
|switch|p2b: Pelipper|Pelipper, L50, F|100/100
|-weather|RainDance|[from] ability: Drizzle|[of] p2b: Pelipper
|turn|1
|
|t:|1783299032
|detailschange|p2a: Swampert|Swampert-Mega, L50, M
|-mega|p2a: Swampert|Swampert|Swampertite
|move|p2b: Pelipper|Protect|p2b: Pelipper
|-singleturn|p2b: Pelipper|Protect
|move|p1a: Captain Falcon|Tailwind|p1a: Captain Falcon
|-sidestart|p1: camala64|move: Tailwind
|move|p1b: Jawesome|Dragon Claw|p2a: Swampert
|-damage|p2a: Swampert|50/100g
|-damage|p1b: Jawesome|90/100|[from] item: Life Orb
|move|p2a: Swampert|Ice Punch|p1b: Jawesome
|-supereffective|p1b: Jawesome|2
|-damage|p1b: Jawesome|0 fnt
|-damage|p2a: Swampert|38/100|[from] ability: Rough Skin|[of] p1b: Jawesome
|faint|p1b: Jawesome
|
|-weather|RainDance|[upkeep]
|upkeep
|
|t:|1783299049
|switch|p1b: Void Blossom|Floette-Eternal, L50, F|100/100
|turn|2
|c|☆battle sim trainer|ahhh flip
|c|☆battle sim trainer|yup
|c|☆battle sim trainer|just realised the position
|
|t:|1783299079
|detailschange|p1b: Void Blossom|Floette-Mega, L50, F
|-mega|p1b: Void Blossom|Floette|Floettite
|-ability|p1b: Void Blossom|Fairy Aura
|move|p1a: Captain Falcon|Dual Wingbeat|p2a: Swampert
|-damage|p2a: Swampert|22/100
|-damage|p2a: Swampert|5/100
|-hitcount|p2a: Swampert|2
|move|p1b: Void Blossom|Moonblast|p2b: Pelipper
|-damage|p2b: Pelipper|18/100
|-enditem|p2b: Pelipper|Sitrus Berry|[eat]
|-heal|p2b: Pelipper|43/100|[from] item: Sitrus Berry
|move|p2a: Swampert|Wave Crash|p1b: Void Blossom
|-damage|p1b: Void Blossom|0 fnt
|faint|p1b: Void Blossom
|-damage|p2a: Swampert|0 fnt|[from] Recoil
|faint|p2a: Swampert
|move|p2b: Pelipper|Tailwind|p2b: Pelipper
|-sidestart|p2: battle sim trainer|move: Tailwind
|
|-weather|RainDance|[upkeep]
|upkeep
|
|t:|1783299098
|switch|p1b: Masculin|Basculegion, L50, M, shiny|100/100
|switch|p2a: Archaludon|Archaludon, L50, F|100/100
|turn|3
|
|t:|1783299114
|move|p1a: Captain Falcon|Dual Wingbeat|p2b: Pelipper
|-damage|p2b: Pelipper|22/100
|-damage|p2b: Pelipper|3/100
|-hitcount|p2b: Pelipper|2
|move|p1b: Masculin|Last Respects|p2a: Archaludon
|-damage|p2a: Archaludon|22/100
|-ability|p2a: Archaludon|Stamina|boost
|-boost|p2a: Archaludon|def|1
|move|p2a: Archaludon|Electro Shot||[still]
|-prepare|p2a: Archaludon|Electro Shot
|-boost|p2a: Archaludon|spa|1
|-anim|p2a: Archaludon|Electro Shot|p1a: Captain Falcon
|-supereffective|p1a: Captain Falcon|1
|-damage|p1a: Captain Falcon|0 fnt
|faint|p1a: Captain Falcon
|move|p2b: Pelipper|Weather Ball|p1b: Masculin
|-resisted|p1b: Masculin|1
|-damage|p1b: Masculin|65/100
|
|-weather|RainDance|[upkeep]
|-heal|p2a: Archaludon|28/100|[from] item: Leftovers
|upkeep
|turn|4
|
|t:|1783299136
|move|p1b: Masculin|Last Respects|p2a: Archaludon
|-damage|p2a: Archaludon|0 fnt
|faint|p2a: Archaludon
|move|p2b: Pelipper|Hurricane|p1b: Masculin
|-damage|p1b: Masculin|20/100y
|
|-weather|RainDance|[upkeep]
|-sideend|p1: camala64|move: Tailwind
|upkeep
|
|t:|1783299146
|switch|p2a: Venusaur|Venusaur, L50, F|100/100
|turn|5
|c|☆battle sim trainer|that floette turn 2 seemed rlly bad for me
|c|☆battle sim trainer|but need to review the turn more
|
|t:|1783299162
|move|p1b: Masculin|Protect|p1b: Masculin
|-singleturn|p1b: Masculin|Protect
|move|p2a: Venusaur|Giga Drain|p1b: Masculin
|-activate|p1b: Masculin|move: Protect
|move|p2b: Pelipper|Weather Ball|p1b: Masculin
|-activate|p1b: Masculin|move: Protect
|
|-weather|none
|-sideend|p2: battle sim trainer|move: Tailwind
|upkeep
|turn|6
|
|t:|1783299194
|move|p1b: Masculin|Liquidation|p2b: Pelipper
|-resisted|p2b: Pelipper|1
|-damage|p2b: Pelipper|0 fnt
|faint|p2b: Pelipper
|move|p2a: Venusaur|Giga Drain|p1b: Masculin
|-supereffective|p1b: Masculin|1
|-damage|p1b: Masculin|0 fnt
|faint|p1b: Masculin
|
|win|battle sim trainer
