|j|☆szczurek2137
|j|☆pranavg_oat
|html|szczurek2137pranavg_oat    
|uhtml|bestof|Game 2 of a best-of-3
|t:|1784279333
|gametype|doubles
|player|p1|szczurek2137|101|1104
|player|p2|pranavg_oat|169|1217
|gen|9
|tier|[Gen 9 Champions] VGC 2026 Reg M-B (Bo3)
|rated|
|rule|Species Clause: Limit one of each Pokémon
|rule|Item Clause: Limit 1 of each item
|clearpoke
|poke|p1|Sneasler, L50, F, shiny|
|poke|p1|Sinistcha, L50, shiny|
|poke|p1|Incineroar, L50, M, shiny|
|poke|p1|Charizard, L50, M, shiny|
|poke|p1|Sylveon, L50, M|
|poke|p1|Kingambit, L50, F, shiny|
|poke|p2|Whimsicott, L50, M|
|poke|p2|Staraptor, L50, M|
|poke|p2|Garchomp, L50, M|
|poke|p2|Gholdengo, L50|
|poke|p2|Basculegion, L50, M|
|poke|p2|Kingambit, L50, M|
|teampreview|4
|showteam|p1|Sneasler||FocusSash|PoisonTouch|FakeOut,GunkShot,CloseCombat,Coaching|Jolly||F|||50|]Sinistcha||SitrusBerry|Hospitality|MatchaGotcha,RagePowder,TrickRoom,LifeDew|Bold|||||50|]Incineroar||ChopleBerry|Intimidate|FlareBlitz,HelpingHand,PartingShot,FakeOut|Impish||M|||50|]Charizard||CharizarditeX|Blaze|FlareBlitz,DragonClaw,DragonDance,Protect|Adamant||M|||50|]Sylveon||FairyFeather|Pixilate|HyperBeam,HyperVoice,Protect,QuickAttack|Modest||M|||50|]Kingambit||LifeOrb|Defiant|KowtowCleave,SuckerPunch,SwordsDance,IronHead|Adamant||F|||50|
|showteam|p2|Whimsicott||FocusSash|Prankster|Charm,Tailwind,Moonblast,Taunt|Timid||M|||50|]Staraptor||Staraptite|Intimidate|CloseCombat,BraveBird,Roost,Protect|Jolly||M|||50|]Garchomp||RoseliBerry|RoughSkin|Earthquake,StompingTantrum,RockSlide,Protect|Jolly||M|||50|]Gholdengo||LifeOrb|GoodasGold|MakeItRain,ShadowBall,PowerGem,Protect|Modest|||||50|]Basculegion||MysticWater|Adaptability|WaveCrash,LastRespects,AquaJet,Protect|Adamant||M|||50|]Kingambit||BlackGlasses|Defiant|SuckerPunch,KowtowCleave,IronHead,Protect|Adamant||M|||50|
|inactive|Battle timer is ON: inactive players will automatically lose when time's up. (requested by pranavg_oat)
|
|t:|1784279356
|teamsize|p1|4
|teamsize|p2|4
|start
|switch|p1a: Sneasler|Sneasler, L50, F, shiny|100/100
|switch|p1b: Sylveon|Sylveon, L50, M|100/100
|switch|p2a: Whimsicott|Whimsicott, L50, M|100/100
|switch|p2b: Gholdengo|Gholdengo, L50|100/100
|turn|1
|
|t:|1784279376
|switch|p1b: Charizard|Charizard, L50, M, shiny|100/100
|move|p2b: Gholdengo|Protect|p2b: Gholdengo
|-singleturn|p2b: Gholdengo|Protect
|move|p1a: Sneasler|Fake Out|p2a: Whimsicott
|-damage|p2a: Whimsicott|78/100
|cant|p2a: Whimsicott|flinch
|
|upkeep
|turn|2
|inactive|szczurek2137 has 30 seconds left.
|
|t:|1784279402
|move|p1b: Charizard|Protect|p1b: Charizard
|-singleturn|p1b: Charizard|Protect
|move|p2a: Whimsicott|Tailwind|p2a: Whimsicott
|-sidestart|p2: pranavg_oat|move: Tailwind
|move|p2b: Gholdengo|Power Gem|p1b: Charizard
|-activate|p1b: Charizard|move: Protect
|move|p1a: Sneasler|Gunk Shot|p2a: Whimsicott|[miss]
|-miss|p1a: Sneasler|p2a: Whimsicott
|
|upkeep
|turn|3
|
|t:|1784279422
|switch|p1b: Kingambit|Kingambit, L50, F, shiny|100/100
|move|p2a: Whimsicott|Charm|p1a: Sneasler
|-unboost|p1a: Sneasler|atk|2
|move|p2b: Gholdengo|Power Gem|p1b: Kingambit
|-resisted|p1b: Kingambit|1
|-crit|p1b: Kingambit
|-damage|p1b: Kingambit|69/100
|-damage|p2b: Gholdengo|90/100|[from] item: Life Orb
|move|p1a: Sneasler|Coaching|p1b: Kingambit
|-boost|p1b: Kingambit|atk|1
|-boost|p1b: Kingambit|def|1
|
|upkeep
|turn|4
|
|t:|1784279445
|switch|p2b: Staraptor|Staraptor, L50, M|100/100
|-ability|p2b: Staraptor|Intimidate|boost
|-unboost|p1a: Sneasler|atk|1
|-unboost|p1b: Kingambit|atk|1
|-ability|p1b: Kingambit|Defiant|boost
|-boost|p1b: Kingambit|atk|2
|move|p1b: Kingambit|Sucker Punch||[still]
|-fail|p1b: Kingambit
|move|p2a: Whimsicott|Moonblast|p1b: Kingambit
|-damage|p1b: Kingambit|33/100
|move|p1a: Sneasler|Gunk Shot|p2a: Whimsicott
|-supereffective|p2a: Whimsicott|2
|-damage|p2a: Whimsicott|0 fnt
|faint|p2a: Whimsicott
|
|upkeep
|
|t:|1784279459
|switch|p2a: Kingambit|Kingambit, L50, M|100/100
|turn|5
|
|t:|1784279478
|switch|p1a: Charizard|Charizard, L50, M, shiny|100/100
|detailschange|p2b: Staraptor|Staraptor-Mega, L50, M
|-mega|p2b: Staraptor|Staraptor|Staraptite
|move|p2a: Kingambit|Protect|p2a: Kingambit
|-singleturn|p2a: Kingambit|Protect
|move|p1b: Kingambit|Sucker Punch|p2b: Staraptor
|-resisted|p2b: Staraptor|1
|-damage|p2b: Staraptor|46/100
|-damage|p1b: Kingambit|23/100|[from] item: Life Orb
|move|p2b: Staraptor|Close Combat|p1b: Kingambit
|-supereffective|p1b: Kingambit|2
|-damage|p1b: Kingambit|0 fnt
|-boost|p2b: Staraptor|def|1
|-boost|p2b: Staraptor|spd|1
|faint|p1b: Kingambit
|
|-sideend|p2: pranavg_oat|move: Tailwind
|upkeep
|
|t:|1784279494
|switch|p1b: Sneasler|Sneasler, L50, F, shiny|100/100
|turn|6
|
|t:|1784279513
|detailschange|p1a: Charizard|Charizard-Mega-X, L50, M, shiny
|-mega|p1a: Charizard|Charizard|Charizardite X
|move|p2b: Staraptor|Protect|p2b: Staraptor
|-singleturn|p2b: Staraptor|Protect
|move|p2a: Kingambit|Protect|p2a: Kingambit
|-singleturn|p2a: Kingambit|Protect
|move|p1b: Sneasler|Fake Out|p2b: Staraptor
|-activate|p2b: Staraptor|move: Protect
|move|p1a: Charizard|Dragon Dance|p1a: Charizard
|-boost|p1a: Charizard|atk|1
|-boost|p1a: Charizard|spe|1
|
|upkeep
|turn|7
|inactive|szczurek2137 has 30 seconds left.
|
|t:|1784279546
|move|p2a: Kingambit|Sucker Punch|p1a: Charizard
|-damage|p1a: Charizard|50/100g
|move|p1a: Charizard|Dragon Claw|p2b: Staraptor
|-damage|p2b: Staraptor|0 fnt
|faint|p2b: Staraptor
|move|p1b: Sneasler|Coaching|p1a: Charizard
|-boost|p1a: Charizard|atk|1
|-boost|p1a: Charizard|def|1
|
|upkeep
|
|t:|1784279555
|switch|p2b: Gholdengo|Gholdengo, L50|90/100
|turn|8
|
|t:|1784279579
|move|p1a: Charizard|Protect|p1a: Charizard
|-singleturn|p1a: Charizard|Protect
|move|p1b: Sneasler|Coaching|p1a: Charizard
|-boost|p1a: Charizard|atk|1
|-boost|p1a: Charizard|def|1
|move|p2b: Gholdengo|Power Gem|p1a: Charizard
|-activate|p1a: Charizard|move: Protect
|move|p2a: Kingambit|Kowtow Cleave|p1a: Charizard
|-activate|p1a: Charizard|move: Protect
|
|upkeep
|turn|9
|
|t:|1784279596
|move|p2a: Kingambit|Protect|p2a: Kingambit
|-singleturn|p2a: Kingambit|Protect
|move|p1a: Charizard|Flare Blitz|p2b: Gholdengo
|-supereffective|p2b: Gholdengo|1
|-damage|p2b: Gholdengo|0 fnt
|faint|p2b: Gholdengo
|-damage|p1a: Charizard|19/100|[from] Recoil
|move|p1b: Sneasler|Close Combat|p2a: Kingambit
|-activate|p2a: Kingambit|move: Protect
|
|upkeep
|turn|10
|
|t:|1784279613
|move|p2a: Kingambit|Sucker Punch||[still]
|-fail|p2a: Kingambit
|move|p1a: Charizard|Dragon Dance|p1a: Charizard
|-boost|p1a: Charizard|atk|1
|-boost|p1a: Charizard|spe|1
|move|p1b: Sneasler|Close Combat|p2a: Kingambit
|-supereffective|p2a: Kingambit|2
|-damage|p2a: Kingambit|0 fnt
|-unboost|p1b: Sneasler|def|1
|-unboost|p1b: Sneasler|spd|1
|faint|p2a: Kingambit
|
|win|szczurek2137
|raw|szczurek2137's rating: 1104 → 1137(+33 for winning)
|raw|pranavg_oat's rating: 1217 → 1184(-33 for losing)
|l|☆pranavg_oat
|player|p2|
