|j|☆Naya314
|j|☆teyvgc
|html|Naya314teyvgc    
|uhtml|bestof|Game 1 of a best-of-3
|t:|1783205923
|gametype|doubles
|player|p1|Naya314|candice|1286
|player|p2|teyvgc|1|1315
|gen|9
|tier|[Gen 9 Champions] VGC 2026 Reg M-B (Bo3)
|rated|
|rule|Species Clause: Limit one of each Pokémon
|rule|Item Clause: Limit 1 of each item
|clearpoke
|poke|p1|Scizor, L50, F|
|poke|p1|Charizard, L50, M|
|poke|p1|Garchomp, L50, F|
|poke|p1|Basculegion, L50, M|
|poke|p1|Whimsicott, L50, F|
|poke|p1|Floette-Eternal, L50, F|
|poke|p2|Excadrill, L50, F|
|poke|p2|Tyranitar, L50, F|
|poke|p2|Staraptor, L50, M|
|poke|p2|Sinistcha, L50|
|poke|p2|Milotic, L50, F|
|poke|p2|Gholdengo, L50|
|teampreview|4
|showteam|p1|Scizor||ExpertBelt|Technician|BugBite,BulletPunch,CloseCombat,Protect|Adamant||F|||50|]Charizard||CharizarditeY|Blaze|HeatWave,SolarBeam,WeatherBall,Protect|Modest||M|||50|]Garchomp||LifeOrb|RoughSkin|Earthquake,DragonClaw,RockSlide,Protect|Jolly||F|||50|]Basculegion||ChoiceScarf|Adaptability|LastRespects,WaveCrash,AquaJet,FlipTurn|Adamant||M|||50|]Whimsicott||FocusSash|Prankster|Moonblast,Tailwind,Encore,Protect|Timid||F|||50|]Floette-Eternal||Floettite|FlowerVeil|DazzlingGleam,EnergyBall,Moonblast,Protect|Modest||F|||50|
|showteam|p2|Excadrill||FocusSash|SandRush|HighHorsepower,IronHead,RockSlide,Protect|Adamant||F|||50|]Tyranitar||Tyranitarite|SandStream|RockSlide,KnockOff,DragonDance,Protect|Adamant||F|||50|]Staraptor||Staraptite|Intimidate|BraveBird,CloseCombat,Tailwind,Protect|Jolly||M|||50|]Sinistcha||SitrusBerry|Hospitality|MatchaGotcha,RagePowder,LifeDew,TrickRoom|Calm|||||50|]Milotic||Leftovers|Competitive|Scald,IceBeam,Recover,Protect|Modest||F|||50|]Gholdengo||LifeOrb|GoodasGold|MakeItRain,ShadowBall,NastyPlot,Protect|Modest|||||50|
|j| weird perish thing
|inactive|Battle timer is ON: inactive players will automatically lose when time's up. (requested by Naya314)
|inactive|teyvgc has 60 seconds left.
|inactive|teyvgc has 30 seconds left.
|inactive|teyvgc has 20 seconds left.
|inactive|teyvgc has 15 seconds left.
|inactive|teyvgc has 10 seconds left.
|
|t:|1783206022
|teamsize|p1|4
|teamsize|p2|4
|start
|switch|p1a: Whimsicott|Whimsicott, L50, F|100/100
|switch|p1b: Scizor|Scizor, L50, F|100/100
|switch|p2a: Excadrill|Excadrill, L50, F|100/100
|switch|p2b: Tyranitar|Tyranitar, L50, F|100/100
|-weather|Sandstorm|[from] ability: Sand Stream|[of] p2b: Tyranitar
|turn|1
|inactive|Naya314 has 30 seconds left.
|
|t:|1783206049
|switch|p2b: Milotic|Milotic, L50, F|100/100
|move|p1a: Whimsicott|Tailwind|p1a: Whimsicott
|-sidestart|p1: Naya314|move: Tailwind
|move|p2a: Excadrill|Iron Head|p1a: Whimsicott
|-supereffective|p1a: Whimsicott|1
|-enditem|p1a: Whimsicott|Focus Sash
|-damage|p1a: Whimsicott|1/100
|move|p1b: Scizor|Close Combat|p2b: Milotic
|-damage|p2b: Milotic|58/100
|-unboost|p1b: Scizor|def|1
|-unboost|p1b: Scizor|spd|1
|
|-weather|Sandstorm|[upkeep]
|-damage|p1a: Whimsicott|0 fnt|[from] Sandstorm
|-damage|p2b: Milotic|52/100|[from] Sandstorm
|faint|p1a: Whimsicott
|-heal|p2b: Milotic|58/100|[from] item: Leftovers
|upkeep
|
|t:|1783206067
|switch|p1a: Charizard|Charizard, L50, M|100/100
|turn|2
|
|t:|1783206079
|detailschange|p1a: Charizard|Charizard-Mega-Y, L50, M
|-mega|p1a: Charizard|Charizard|Charizardite Y
|-weather|SunnyDay|[from] ability: Drought|[of] p1a: Charizard
|move|p2a: Excadrill|Protect|p2a: Excadrill
|-singleturn|p2a: Excadrill|Protect
|move|p1a: Charizard|Heat Wave|p2a: Excadrill|[spread] p2b
|-activate|p2a: Excadrill|move: Protect
|-resisted|p2b: Milotic|1
|-damage|p2b: Milotic|35/100
|move|p1b: Scizor|Close Combat|p2a: Excadrill
|-activate|p2a: Excadrill|move: Protect
|move|p2b: Milotic|Scald|p1b: Scizor
|-damage|p1b: Scizor|63/100
|-status|p1b: Scizor|brn
|
|-weather|SunnyDay|[upkeep]
|-heal|p2b: Milotic|41/100|[from] item: Leftovers
|-damage|p1b: Scizor|58/100 brn|[from] brn
|upkeep
|turn|3
|inactive|Naya314 has 30 seconds left.
|
|t:|1783206106
|switch|p1a: Basculegion|Basculegion, L50, M|100/100
|switch|p2b: Tyranitar|Tyranitar, L50, F|100/100
|-weather|Sandstorm|[from] ability: Sand Stream|[of] p2b: Tyranitar
|move|p2a: Excadrill|Rock Slide|p1b: Scizor|[spread] p1a,p1b
|-damage|p1a: Basculegion|74/100
|-damage|p1b: Scizor|27/100 brn
|move|p1b: Scizor|Close Combat|p2b: Tyranitar
|-supereffective|p2b: Tyranitar|2
|-damage|p2b: Tyranitar|2/100
|-unboost|p1b: Scizor|def|1
|-unboost|p1b: Scizor|spd|1
|
|-weather|Sandstorm|[upkeep]
|-damage|p1a: Basculegion|68/100|[from] Sandstorm
|-damage|p1b: Scizor|21/100 brn|[from] brn
|upkeep
|turn|4
|
|t:|1783206128
|move|p2a: Excadrill|Protect|p2a: Excadrill
|-singleturn|p2a: Excadrill|Protect
|move|p2b: Tyranitar|Protect|p2b: Tyranitar
|-singleturn|p2b: Tyranitar|Protect
|move|p1b: Scizor|Bullet Punch|p2b: Tyranitar
|-activate|p2b: Tyranitar|move: Protect
|move|p1a: Basculegion|Flip Turn|p2a: Excadrill
|-activate|p2a: Excadrill|move: Protect
|
|-weather|Sandstorm|[upkeep]
|-damage|p1a: Basculegion|61/100|[from] Sandstorm
|-damage|p1b: Scizor|15/100 brn|[from] brn
|-sideend|p1: Naya314|move: Tailwind
|upkeep
|turn|5
|
|t:|1783206147
|move|p1b: Scizor|Bullet Punch|p2b: Tyranitar
|-supereffective|p2b: Tyranitar|1
|-damage|p2b: Tyranitar|0 fnt
|faint|p2b: Tyranitar
|move|p2a: Excadrill|Rock Slide|p1a: Basculegion|[spread] p1a,p1b
|-damage|p1a: Basculegion|34/100
|-damage|p1b: Scizor|0 fnt
|faint|p1b: Scizor
|move|p1a: Basculegion|Flip Turn|p2a: Excadrill
|-supereffective|p2a: Excadrill|1
|-enditem|p2a: Excadrill|Focus Sash
|-damage|p2a: Excadrill|1/100
|
|t:|1783206158
|switch|p1a: Charizard|Charizard-Mega-Y, L50, M|100/100|[from] Flip Turn
|-weather|SunnyDay|[from] ability: Drought|[of] p1a: Charizard
|
|-weather|SunnyDay|[upkeep]
|upkeep
|
|t:|1783206164
|switch|p2b: Milotic|Milotic, L50, F|41/100
|switch|p1b: Basculegion|Basculegion, L50, M|34/100
|turn|6
|
|t:|1783206181
|move|p1b: Basculegion|Last Respects|p2a: Excadrill
|-damage|p2a: Excadrill|0 fnt
|faint|p2a: Excadrill
|move|p1a: Charizard|Solar Beam||[still]
|-prepare|p1a: Charizard|Solar Beam
|-anim|p1a: Charizard|Solar Beam|p2b: Milotic
|-supereffective|p2b: Milotic|1
|-damage|p2b: Milotic|0 fnt
|faint|p2b: Milotic
|
|-weather|SunnyDay|[upkeep]
|upkeep
|-message|teyvgc forfeited.
|
|win|Naya314
