|j|☆Croissant996
|j|☆panijc
|html|Croissant996panijc    
|uhtml|bestof|Game 1 of a best-of-3
|t:|1785779990
|gametype|doubles
|player|p1|Croissant996|265|1064
|player|p2|panijc|266|1199
|gen|9
|tier|[Gen 9 Champions] VGC 2026 Reg M-B (Bo3)
|rated|
|rule|Species Clause: Limit one of each Pokémon
|rule|Item Clause: Limit 1 of each item
|clearpoke
|poke|p1|Gengar, L50, F|
|poke|p1|Grimmsnarl, L50, M, shiny|
|poke|p1|Corviknight, L50, F|
|poke|p1|Quaquaval, L50, F, shiny|
|poke|p1|Clefable, L50, F|
|poke|p1|Blaziken, L50, F|
|poke|p2|Raichu, L50, M|
|poke|p2|Mamoswine, L50, M|
|poke|p2|Sylveon, L50, M|
|poke|p2|Incineroar, L50, M|
|poke|p2|Basculegion, L50, M|
|poke|p2|Whimsicott, L50, F|
|teampreview|4
|showteam|p1|Gengar||Gengarite|CursedBody|KnockOff,ToxicSpikes,PerishSong,Protect|Jolly||F|||50|]Grimmsnarl||BabiriBerry|Prankster|FakeOut,PartingShot,Reflect,LightScreen|Careful||M|||50|]Corviknight||BlackGlasses|MirrorArmor|BulkUp,Agility,Roost,PowerTrip|Careful||F|||50|]Quaquaval||LifeOrb|Moxie|AquaStep,CloseCombat,KnockOff,AquaJet|Jolly||F|||50|]Clefable||Leftovers|Unaware|HealPulse,HelpingHand,FollowMe,Protect|Bold||F|||50|]Blaziken||Blazikenite|SpeedBoost|Protect,FlareBlitz,BlazeKick,CloseCombat|Adamant||F|||50|
|showteam|p2|Raichu||RaichuniteY|LightningRod|ZapCannon,FocusBlast,FakeOut,Protect|Timid||M|||50|]Mamoswine||LifeOrb|Oblivious|IcicleCrash,HighHorsepower,IceShard,Protect|Adamant||M|||50|]Sylveon||FairyFeather|Pixilate|HyperVoice,HyperBeam,Detect,Yawn|Modest||M|||50|]Incineroar||SitrusBerry|Intimidate|ThroatChop,FlareBlitz,FakeOut,PartingShot|Impish||M|||50|]Basculegion||MysticWater|Adaptability|WaveCrash,LastRespects,AquaJet,Protect|Adamant||M|||50|]Whimsicott||FocusSash|Prankster|Moonblast,Tailwind,Protect,Encore|Timid||F|||50|
|
|t:|1785780029
|teamsize|p1|4
|teamsize|p2|4
|start
|switch|p1a: Grimmsnarl|Grimmsnarl, L50, M, shiny|100/100
|switch|p1b: Quaquaval|Quaquaval, L50, F, shiny|100/100
|switch|p2a: Incineroar|Incineroar, L50, M|100/100
|switch|p2b: Mamoswine|Mamoswine, L50, M|100/100
|-ability|p2a: Incineroar|Intimidate|boost
|-unboost|p1a: Grimmsnarl|atk|1
|-unboost|p1b: Quaquaval|atk|1
|turn|1
|
|t:|1785780049
|switch|p1b: Tank|Clefable, L50, F|100/100
|move|p2a: Incineroar|Fake Out|p1b: Tank
|-damage|p1b: Tank|91/100
|move|p1a: Grimmsnarl|Fake Out|p2b: Mamoswine
|-damage|p2b: Mamoswine|90/100
|cant|p2b: Mamoswine|flinch
|
|-heal|p1b: Tank|97/100|[from] item: Leftovers
|upkeep
|turn|2
|
|t:|1785780069
|move|p1b: Tank|Protect|p1b: Tank
|-singleturn|p1b: Tank|Protect
|move|p1a: Grimmsnarl|Parting Shot|p2b: Mamoswine
|-unboost|p2b: Mamoswine|atk|1
|-unboost|p2b: Mamoswine|spa|1
|
|t:|1785780078
|switch|p1a: Blaziken|Blaziken, L50, F|100/100|[from] Parting Shot
|move|p2b: Mamoswine|High Horsepower|p1a: Blaziken
|-supereffective|p1a: Blaziken|1
|-damage|p1a: Blaziken|0 fnt
|faint|p1a: Blaziken
|-damage|p2b: Mamoswine|81/100|[from] item: Life Orb
|move|p2a: Incineroar|Parting Shot|p1b: Tank
|-activate|p1b: Tank|move: Protect
|
|-heal|p1b: Tank|100/100|[from] item: Leftovers
|upkeep
|
|t:|1785780093
|switch|p1a: Quaquaval|Quaquaval, L50, F, shiny|100/100
|turn|3
|
|t:|1785780108
|switch|p2b: Basculegion|Basculegion, L50, M|100/100
|move|p1b: Tank|Helping Hand|p1a: Quaquaval
|-singleturn|p1a: Quaquaval|Helping Hand|[of] p1b: Tank
|move|p1a: Quaquaval|Aqua Step|p2b: Basculegion
|-resisted|p2b: Basculegion|1
|-damage|p2b: Basculegion|53/100
|-boost|p1a: Quaquaval|spe|1
|-damage|p1a: Quaquaval|90/100|[from] item: Life Orb
|move|p2a: Incineroar|Parting Shot|p1a: Quaquaval
|-unboost|p1a: Quaquaval|atk|1
|-unboost|p1a: Quaquaval|spa|1
|
|t:|1785780121
|switch|p2a: Raichu|Raichu, L50, M|100/100|[from] Parting Shot
|
|upkeep
|turn|4
|
|t:|1785780129
|switch|p2b: Incineroar|Incineroar, L50, M|100/100
|-ability|p2b: Incineroar|Intimidate|boost
|-unboost|p1a: Quaquaval|atk|1
|-unboost|p1b: Tank|atk|1
|detailschange|p2a: Raichu|Raichu-Mega-Y, L50, M
|-mega|p2a: Raichu|Raichu|Raichunite Y
|move|p1b: Tank|Helping Hand|p1a: Quaquaval
|-singleturn|p1a: Quaquaval|Helping Hand|[of] p1b: Tank
|move|p2a: Raichu|Fake Out|p1a: Quaquaval
|-damage|p1a: Quaquaval|78/100
|cant|p1a: Quaquaval|flinch
|
|upkeep
|turn|5
|
|t:|1785780147
|switch|p1a: Grimmsnarl|Grimmsnarl, L50, M, shiny|100/100
|move|p1b: Tank|Protect|p1b: Tank
|-singleturn|p1b: Tank|Protect
|move|p2b: Incineroar|Fake Out|p1a: Grimmsnarl
|-crit|p1a: Grimmsnarl
|-damage|p1a: Grimmsnarl|79/100
|move|p2a: Raichu|Zap Cannon|p1a: Grimmsnarl
|-damage|p1a: Grimmsnarl|28/100
|-status|p1a: Grimmsnarl|par
|
|upkeep
|turn|6
|
|t:|1785780170
|move|p2a: Raichu|Protect|p2a: Raichu
|-singleturn|p2a: Raichu|Protect
|move|p1a: Grimmsnarl|Fake Out|p2a: Raichu
|-activate|p2a: Raichu|move: Protect
|move|p2b: Incineroar|Parting Shot|p1a: Grimmsnarl
|-unboost|p1a: Grimmsnarl|atk|1
|-unboost|p1a: Grimmsnarl|spa|1
|
|t:|1785780179
|switch|p2b: Mamoswine|Mamoswine, L50, M|81/100|[from] Parting Shot
|move|p1b: Tank|Heal Pulse|p1a: Grimmsnarl
|-heal|p1a: Grimmsnarl|78/100 par
|
|upkeep
|turn|7
|
|t:|1785780189
|switch|p2a: Incineroar|Incineroar, L50, M|100/100
|-ability|p2a: Incineroar|Intimidate|boost
|-unboost|p1a: Grimmsnarl|atk|1
|-unboost|p1b: Tank|atk|1
|move|p1b: Tank|Protect|p1b: Tank
|-singleturn|p1b: Tank|Protect
|move|p1a: Grimmsnarl|Parting Shot|p2a: Incineroar
|-hint|Since gen 7, Dark is immune to Prankster moves.
|-immune|p2a: Incineroar
|move|p2b: Mamoswine|High Horsepower|p1a: Grimmsnarl
|-damage|p1a: Grimmsnarl|0 fnt
|faint|p1a: Grimmsnarl
|-damage|p2b: Mamoswine|71/100|[from] item: Life Orb
|
|upkeep
|
|t:|1785780208
|switch|p1a: Quaquaval|Quaquaval, L50, F, shiny|78/100
|turn|8
|
|t:|1785780218
|move|p1b: Tank|Protect|p1b: Tank
|-singleturn|p1b: Tank|Protect
|move|p2a: Incineroar|Fake Out|p1a: Quaquaval
|-damage|p1a: Quaquaval|63/100
|cant|p1a: Quaquaval|flinch
|move|p2b: Mamoswine|High Horsepower|p1a: Quaquaval
|-damage|p1a: Quaquaval|0 fnt
|faint|p1a: Quaquaval
|-damage|p2b: Mamoswine|62/100|[from] item: Life Orb
|
|upkeep
|turn|9
|
|t:|1785780235
|move|p1b: Tank|Protect|p1b: Tank
|-singleturn|p1b: Tank|Protect
|move|p2b: Mamoswine|High Horsepower|p1b: Tank
|-activate|p1b: Tank|move: Protect
|move|p2a: Incineroar|Flare Blitz|p1b: Tank
|-activate|p1b: Tank|move: Protect
|
|upkeep
|turn|10
|
|t:|1785780252
|move|p1b: Tank|Protect||[still]
|-fail|p1b: Tank
|move|p2b: Mamoswine|Icicle Crash|p1b: Tank
|-damage|p1b: Tank|47/100
|-damage|p2b: Mamoswine|52/100|[from] item: Life Orb
|move|p2a: Incineroar|Flare Blitz|p1b: Tank
|-damage|p1b: Tank|5/100
|-damage|p2a: Incineroar|86/100|[from] Recoil
|
|-heal|p1b: Tank|11/100|[from] item: Leftovers
|upkeep
|turn|11
|
|t:|1785780267
|move|p1b: Tank|Protect|p1b: Tank
|-singleturn|p1b: Tank|Protect
|move|p2b: Mamoswine|Ice Shard|p1b: Tank
|-activate|p1b: Tank|move: Protect
|move|p2a: Incineroar|Flare Blitz|p1b: Tank
|-activate|p1b: Tank|move: Protect
|
|-heal|p1b: Tank|18/100|[from] item: Leftovers
|upkeep
|turn|12
|
|t:|1785780279
|move|p1b: Tank|Protect||[still]
|-fail|p1b: Tank
|move|p2b: Mamoswine|Ice Shard|p1b: Tank
|-damage|p1b: Tank|0 fnt
|faint|p1b: Tank
|-damage|p2b: Mamoswine|42/100|[from] item: Life Orb
|
|win|panijc
||Croissant996 is ready for game 2.
||panijc is ready for game 2.
|uhtml|next|Next: Game 2 of 3
