|j|☆Terra35871
|j|☆Jakobtc
|html|Terra35871Jakobtc    
|uhtml|bestof|Game 2 of a best-of-3
|t:|1756834740
|gametype|doubles
|player|p1|Terra35871|170|1022
|player|p2|Jakobtc|riley|1124
|gen|9
|tier|[Gen 9] VGC 2025 Reg H (Bo3)
|rated|
|rule|Species Clause: Limit one of each Pokémon
|rule|Item Clause: Limit 1 of each item
|clearpoke
|poke|p1|Primarina, L50, F|
|poke|p1|Hydreigon, L50, M|
|poke|p1|Farigiraf, L50, M|
|poke|p1|Gholdengo, L50|
|poke|p1|Decidueye-Hisui, L50, M|
|poke|p1|Talonflame, L50, M|
|poke|p2|Gholdengo, L50|
|poke|p2|Incineroar, L50, M|
|poke|p2|Porygon2, L50|
|poke|p2|Ursaluna, L50, M|
|poke|p2|Kilowattrel, L50, M|
|poke|p2|Amoonguss, L50, M|
|teampreview|4
|showteam|p1|Primarina||ThroatSpray|LiquidVoice|Moonblast,HyperVoice,Haze,Protect|||F|||50|,,,,,Poison]Hydreigon||ChoiceSpecs|Levitate|DarkPulse,HeatWave,DracoMeteor,Snarl|||M|||50|,,,,,Fire]Farigiraf||SafetyGoggles|ArmorTail|DazzlingGleam,TrickRoom,HelpingHand,Imprison|||M|||50|,,,,,Fairy]Gholdengo||Leftovers|GoodasGold|MakeItRain,ShadowBall,NastyPlot,Protect||||||50|,,,,,Water]Decidueye-Hisui||RazorClaw|Scrappy|TripleArrows,LeafBlade,Taunt,Protect|||M|||50|,,,,,Steel]Talonflame||CovertCloak|GaleWings|Tailwind,FlareBlitz,BraveBird,WillOWisp|||M|||50|,,,,,Flying
|showteam|p2|Gholdengo||LifeOrb|GoodasGold|MakeItRain,ShadowBall,NastyPlot,Protect||||||50|,,,,,Water]Incineroar||SafetyGoggles|Intimidate|FakeOut,FlareBlitz,KnockOff,PartingShot|||M|||50|,,,,,Bug]Porygon2||Eviolite|Download|TeraBlast,IceBeam,TrickRoom,Recover||||||50|,,,,,Fighting]Ursaluna||FlameOrb|Guts|Facade,HeadlongRush,Earthquake,Protect|||M|||50|,,,,,Ghost]Kilowattrel||FocusSash|Competitive|AirSlash,Thunderbolt,Tailwind,Protect|||M|||50|,,,,,Ghost]Amoonguss||SitrusBerry|Regenerator|Spore,RagePowder,PollenPuff,Protect|||M|||50|,,,,,Water
|
|t:|1756834763
|teamsize|p1|4
|teamsize|p2|4
|start
|switch|p1a: Hydreigon|Hydreigon, L50, M, shiny|100/100
|switch|p1b: Talonflame|Talonflame, L50, M, shiny|100/100
|switch|p2a: Incineroar|Incineroar, L50, M|100/100
|switch|p2b: Porygon2|Porygon2, L50, shiny|100/100
|-ability|p2a: Incineroar|Intimidate|boost
|-unboost|p1a: Hydreigon|atk|1
|-unboost|p1b: Talonflame|atk|1
|-ability|p2b: Porygon2|Download|boost
|-boost|p2b: Porygon2|spa|1
|turn|1
|
|t:|1756834789
|switch|p1b: Primarina|Primarina, L50, F, shiny|100/100
|move|p2a: Incineroar|Fake Out|p1a: Hydreigon
|-damage|p1a: Hydreigon|87/100
|cant|p1a: Hydreigon|flinch
|move|p2b: Porygon2|Trick Room|p2b: Porygon2
|-fieldstart|move: Trick Room|[of] p2b: Porygon2
|
|upkeep
|turn|2
|
|t:|1756834819
|move|p2b: Porygon2|Ice Beam|p1a: Hydreigon
|-supereffective|p1a: Hydreigon
|-damage|p1a: Hydreigon|0 fnt
|faint|p1a: Hydreigon
|move|p1b: Primarina|Hyper Voice|p2a: Incineroar|[spread] p2a,p2b
|-supereffective|p2a: Incineroar
|-damage|p2a: Incineroar|40/100
|-damage|p2b: Porygon2|81/100
|-enditem|p1b: Primarina|Throat Spray
|-boost|p1b: Primarina|spa|1|[from] item: Throat Spray
|move|p2a: Incineroar|Parting Shot|p1b: Primarina
|-unboost|p1b: Primarina|atk|1
|-unboost|p1b: Primarina|spa|1
|
|t:|1756834829
|switch|p2a: Ursaluna|Ursaluna, L50, M|100/100|[from] Parting Shot
|
|-status|p2a: Ursaluna|brn|[from] item: Flame Orb
|upkeep
|
|t:|1756834839
|switch|p1a: Farigiraf|Farigiraf, L50, M|100/100
|turn|3
|
|t:|1756834850
|-terastallize|p2a: Ursaluna|Ghost
|-terastallize|p1a: Farigiraf|Fairy
|move|p2a: Ursaluna|Facade|p1b: Primarina
|-damage|p1b: Primarina|0 fnt
|faint|p1b: Primarina
|move|p1a: Farigiraf|Dazzling Gleam|p2b: Porygon2|[spread] p2a,p2b
|-damage|p2a: Ursaluna|80/100 brn
|-damage|p2b: Porygon2|68/100
|move|p2b: Porygon2|Tera Blast|p1a: Farigiraf
|-damage|p1a: Farigiraf|54/100
|
|-damage|p2a: Ursaluna|74/100 brn|[from] brn
|upkeep
|
|t:|1756834865
|switch|p1b: Talonflame|Talonflame, L50, M, shiny|100/100
|turn|4
|
|t:|1756834873
|move|p1b: Talonflame|Brave Bird|p2a: Ursaluna
|-damage|p2a: Ursaluna|40/100 brn
|-damage|p1b: Talonflame|84/100|[from] Recoil
|move|p2a: Ursaluna|Facade|p1b: Talonflame
|-damage|p1b: Talonflame|0 fnt
|faint|p1b: Talonflame
|move|p1a: Farigiraf|Dazzling Gleam|p2a: Ursaluna|[spread] p2a,p2b
|-damage|p2a: Ursaluna|22/100 brn
|-damage|p2b: Porygon2|54/100
|move|p2b: Porygon2|Tera Blast|p1a: Farigiraf
|-damage|p1a: Farigiraf|12/100
|
|-damage|p2a: Ursaluna|17/100 brn|[from] brn
|upkeep
|turn|5
|
|t:|1756834890
|move|p2a: Ursaluna|Facade|p1a: Farigiraf
|-damage|p1a: Farigiraf|0 fnt
|faint|p1a: Farigiraf
|
|win|Jakobtc
|raw|Terra35871's rating: 1022 → 1012(-10 for losing)
|raw|Jakobtc's rating: 1124 → 1142(+18 for winning)
