|j|☆abgesaftet
|j|☆swarley3000
|html|abgesaftetswarley3000    
|uhtml|bestof|Game 3 of a best-of-3
|t:|1785795748
|gametype|doubles
|player|p1|abgesaftet|ballguy|1428
|player|p2|swarley3000|arven-s|1377
|gen|9
|tier|[Gen 9 Champions] VGC 2026 Reg M-B (Bo3)
|rated|
|rule|Species Clause: Limit one of each Pokémon
|rule|Item Clause: Limit 1 of each item
|clearpoke
|poke|p1|Sneasler, L50, F|
|poke|p1|Sinistcha, L50|
|poke|p1|Incineroar, L50, F|
|poke|p1|Kingambit, L50, F|
|poke|p1|Delphox, L50, M|
|poke|p1|Blastoise, L50, M|
|poke|p2|Raichu, L50, F|
|poke|p2|Staraptor, L50, F|
|poke|p2|Arcanine-Hisui, L50, M|
|poke|p2|Farigiraf, L50, M|
|poke|p2|Sylveon, L50, F|
|poke|p2|Kingambit, L50, M|
|teampreview|4
|showteam|p1|Sneasler||FocusSash|PoisonTouch|FakeOut,CloseCombat,PoisonJab,QuickGuard|Jolly||F|||50|]Sinistcha||OccaBerry|Hospitality|MatchaGotcha,RagePowder,TrickRoom,Protect|Bold|||||50|]Incineroar||SitrusBerry|Intimidate|FakeOut,FlareBlitz,ThroatChop,PartingShot|Careful||F|||50|]Kingambit||LifeOrb|Defiant|KowtowCleave,SuckerPunch,SwordsDance,Protect|Adamant||F|||50|]Delphox||Delphoxite|Blaze|HeatWave,Psychic,NastyPlot,Protect|Timid||M|||50|]Blastoise||Blastoisinite|RainDish|WaterSpout,DarkPulse,ShellSmash,Protect|Modest||M|||50|
|showteam|p2|Raichu||RaichuniteY|LightningRod|ZapCannon,FocusBlast,FakeOut,Protect|Timid||F|||50|]Staraptor||Staraptite|Intimidate|CloseCombat,DualWingbeat,Tailwind,Protect|Jolly||F|||50|]Arcanine-Hisui||FocusSash|RockHead|FlareBlitz,HeadSmash,ExtremeSpeed,Protect|Jolly||M|||50|]Farigiraf||SitrusBerry|ArmorTail|Psychic,HelpingHand,TrickRoom,Protect|Calm||M|||50|]Sylveon||FairyFeather|Pixilate|HyperVoice,QuickAttack,HyperBeam,Detect|Modest||F|||50|]Kingambit||LifeOrb|Defiant|KowtowCleave,SuckerPunch,SwordsDance,Protect|Adamant||M|||50|
|inactive|Battle timer is ON: inactive players will automatically lose when time's up. (requested by swarley3000)
|
|t:|1785795770
|teamsize|p1|4
|teamsize|p2|4
|start
|switch|p1a: Blastoise|Blastoise, L50, M|100/100
|switch|p1b: Sneasler|Sneasler, L50, F|100/100
|switch|p2a: Raichu|Raichu, L50, F|100/100
|switch|p2b: Sylveon|Sylveon, L50, F|100/100
|turn|1
|inactive|abgesaftet has 30 seconds left.
|
|t:|1785795796
|detailschange|p2a: Raichu|Raichu-Mega-Y, L50, F
|-mega|p2a: Raichu|Raichu|Raichunite Y
|detailschange|p1a: Blastoise|Blastoise-Mega, L50, M
|-mega|p1a: Blastoise|Blastoise|Blastoisinite
|move|p2a: Raichu|Fake Out|p1b: Sneasler
|-damage|p1b: Sneasler|85/100
|cant|p1b: Sneasler|flinch
|move|p1a: Blastoise|Water Spout|p2b: Sylveon|[spread] p2a,p2b
|-damage|p2a: Raichu|13/100
|-damage|p2b: Sylveon|50/100g
|move|p2b: Sylveon|Hyper Voice|p1b: Sneasler|[spread] p1a,p1b
|-damage|p1a: Blastoise|51/100
|-damage|p1b: Sneasler|15/100
|
|upkeep
|turn|2
|inactive|swarley3000 has 30 seconds left.
|
|t:|1785795824
|switch|p1b: Sinistcha|Sinistcha, L50|100/100
|-heal|p1a: Blastoise|76/100|[from] ability: Hospitality|[of] p1b: Sinistcha
|move|p1a: Blastoise|Protect|p1a: Blastoise
|-singleturn|p1a: Blastoise|Protect
|move|p2a: Raichu|Zap Cannon|p1a: Blastoise
|-activate|p1a: Blastoise|move: Protect
|move|p2b: Sylveon|Hyper Voice|p1a: Blastoise|[spread] p1b
|-activate|p1a: Blastoise|move: Protect
|-damage|p1b: Sinistcha|52/100
|
|upkeep
|turn|3
|
|t:|1785795845
|switch|p2a: Farigiraf|Farigiraf, L50, M|100/100
|move|p1b: Sinistcha|Rage Powder|p1b: Sinistcha
|-singleturn|p1b: Sinistcha|move: Rage Powder
|move|p1a: Blastoise|Water Spout|p2b: Sylveon|[spread] p2a,p2b
|-damage|p2a: Farigiraf|62/100
|-damage|p2b: Sylveon|14/100
|move|p2b: Sylveon|Hyper Voice|p1a: Blastoise|[spread] p1a,p1b
|-damage|p1a: Blastoise|27/100
|-damage|p1b: Sinistcha|6/100
|
|upkeep
|turn|4
|inactive|abgesaftet has 30 seconds left.
|inactive|swarley3000 has 30 seconds left.
|inactive|swarley3000 has 20 seconds left.
|
|t:|1785795895
|switch|p2a: Kingambit|Kingambit, L50, M|100/100
|move|p1b: Sinistcha|Protect|p1b: Sinistcha
|-singleturn|p1b: Sinistcha|Protect
|move|p1a: Blastoise|Dark Pulse|p2a: Kingambit
|-resisted|p2a: Kingambit|1
|-damage|p2a: Kingambit|78/100
|move|p2b: Sylveon|Hyper Voice|p1a: Blastoise|[spread] p1a
|-activate|p1b: Sinistcha|move: Protect
|-damage|p1a: Blastoise|0 fnt
|faint|p1a: Blastoise
|
|upkeep
|
|t:|1785795907
|switch|p1a: Sneasler|Sneasler, L50, F|15/100
|turn|5
|
|t:|1785795919
|move|p1b: Sinistcha|Rage Powder|p1b: Sinistcha
|-singleturn|p1b: Sinistcha|move: Rage Powder
|move|p2b: Sylveon|Quick Attack|p1b: Sinistcha
|-damage|p1b: Sinistcha|0 fnt
|faint|p1b: Sinistcha
|move|p2a: Kingambit|Sucker Punch|p1a: Sneasler
|-resisted|p1a: Sneasler|1
|-damage|p1a: Sneasler|0 fnt
|faint|p1a: Sneasler
|-damage|p2a: Kingambit|68/100|[from] item: Life Orb
|
|upkeep
|
|t:|1785795931
|switch|p1b: Kingambit|Kingambit, L50, F|100/100
|turn|6
|inactive|swarley3000 has 30 seconds left.
|
|t:|1785795965
|move|p1b: Kingambit|Sucker Punch|p2b: Sylveon
|-resisted|p2b: Sylveon|1
|-damage|p2b: Sylveon|0 fnt
|faint|p2b: Sylveon
|-damage|p1b: Kingambit|90/100|[from] item: Life Orb
|move|p2a: Kingambit|Kowtow Cleave|p1b: Kingambit
|-resisted|p1b: Kingambit|1
|-damage|p1b: Kingambit|65/100
|-damage|p2a: Kingambit|58/100|[from] item: Life Orb
|
|upkeep
|
|t:|1785795968
|switch|p2b: Raichu|Raichu-Mega-Y, L50, F|13/100
|turn|7
|
|t:|1785795970
|switch|p2a: Farigiraf|Farigiraf, L50, M|62/100
|move|p1b: Kingambit|Protect|p1b: Kingambit
|-singleturn|p1b: Kingambit|Protect
|move|p2b: Raichu|Focus Blast|p1b: Kingambit
|-activate|p1b: Kingambit|move: Protect
|
|upkeep
|turn|8
|-message|abgesaftet forfeited.
|
|win|swarley3000
|raw|abgesaftet's rating: 1428 → 1405(-23 for losing)
|raw|swarley3000's rating: 1377 → 1400(+23 for winning)
