|j|☆Starkbert
|j|☆old fisherman ned
|html|Starkbertold fisherman ned    
|uhtml|bestof|Game 2 of a best-of-3
|t:|1786098071
|gametype|doubles
|player|p1|Starkbert|hilbert|1102
|player|p2|old fisherman ned|fisherman|1099
|gen|9
|tier|[Gen 9 Champions] VGC 2026 Reg M-B (Bo3)
|rated|
|rule|Species Clause: Limit one of each Pokémon
|rule|Item Clause: Limit 1 of each item
|clearpoke
|poke|p1|Charizard, L50, M|
|poke|p1|Venusaur, L50, F|
|poke|p1|Pelipper, L50, F|
|poke|p1|Grimmsnarl, L50, M|
|poke|p1|Basculegion, L50, M|
|poke|p1|Archaludon, L50, M|
|poke|p2|Incineroar, L50, F|
|poke|p2|Raichu, L50, F|
|poke|p2|Aerodactyl, L50, M|
|poke|p2|Palafin, L50, M|
|poke|p2|Mamoswine, L50, F|
|poke|p2|Sableye, L50, M|
|teampreview|4
|showteam|p1|Charizard||CharizarditeY|Blaze|HeatWave,WeatherBall,SolarBeam,Protect|Modest||M|||50|]Venusaur||FocusSash|Chlorophyll|SludgeBomb,EarthPower,SleepPowder,Protect|Modest||F|||50|]Pelipper||SitrusBerry|Drizzle|Hurricane,WeatherBall,Tailwind,WideGuard|Modest||F|||50|]Grimmsnarl||LightClay|Prankster|SpiritBreak,Reflect,LightScreen,PartingShot|Sassy||M|||50|]Basculegion||ChoiceScarf|Adaptability|WaveCrash,LastRespects,FlipTurn,AquaJet|Jolly||M|||50|]Archaludon||Leftovers|Stamina|DragonPulse,FlashCannon,ElectroShot,Protect|Calm||M|||50|
|showteam|p2|Incineroar||ChoiceScarf|Intimidate|FlareBlitz,PartingShot,CloseCombat,DarkestLariat|Jolly||F|||50|]Raichu||RaichuniteY|Static|FocusBlast,FakeOut,Protect,ZapCannon|Timid||F|||50|]Aerodactyl||Aerodactylite|Unnerve|DragonDance,RockSlide,Protect,Tailwind|Adamant||M|||50|]Palafin||ExpertBelt|ZerotoHero|FlipTurn,WaveCrash,ThroatChop,DrainPunch|Adamant||M|||50|]Mamoswine||FocusSash|Oblivious|IcicleCrash,HighHorsepower,IceShard,RockSlide|Adamant||F|||50|]Sableye||SitrusBerry|Prankster|FakeOut,Swagger,WillOWisp,Safeguard|Careful||M|||50|
|inactive|Battle timer is ON: inactive players will automatically lose when time's up. (requested by old fisherman ned)
|inactive|Starkbert has 60 seconds left.
|inactive|Starkbert has 30 seconds left.
|inactive|Starkbert has 20 seconds left.
|inactive|Starkbert has 15 seconds left.
|inactive|Starkbert has 10 seconds left.
|
|t:|1786098152
|teamsize|p1|4
|teamsize|p2|4
|start
|switch|p1a: Grimmsnarl|Grimmsnarl, L50, M|100/100
|switch|p1b: Archaludon|Archaludon, L50, M|100/100
|switch|p2a: Palafin|Palafin, L50, M|100/100
|switch|p2b: Sableye|Sableye, L50, M|100/100
|turn|1
|inactive|Starkbert has 30 seconds left.
|inactive|Starkbert has 20 seconds left.
|inactive|Starkbert has 15 seconds left.
|inactive|Starkbert has 10 seconds left.
|
|t:|1786098202
|switch|p1a: Pelipper|Pelipper, L50, F|100/100
|-weather|RainDance|[from] ability: Drizzle|[of] p1a: Pelipper
|move|p2b: Sableye|Fake Out|p1a: Pelipper
|-damage|p1a: Pelipper|91/100
|move|p2a: Palafin|Flip Turn|p1a: Pelipper
|-resisted|p1a: Pelipper|1
|-damage|p1a: Pelipper|73/100
|
|t:|1786098213
|detailschange|p2a: Palafin|Palafin-Hero, L50, M
|switch|p2a: Raichu|Raichu, L50, F|100/100|[from] Flip Turn
|move|p1b: Archaludon|Dragon Pulse|p2a: Raichu
|-damage|p2a: Raichu|47/100
|
|-weather|RainDance|[upkeep]
|upkeep
|turn|2
|
|t:|1786098228
|switch|p1a: Grimmsnarl|Grimmsnarl, L50, M|100/100
|move|p1b: Archaludon|Protect|p1b: Archaludon
|-singleturn|p1b: Archaludon|Protect
|move|p2a: Raichu|Fake Out|p1a: Grimmsnarl
|-damage|p1a: Grimmsnarl|91/100
|move|p2b: Sableye|Safeguard|p2b: Sableye
|-sidestart|p2: old fisherman ned|Safeguard
|
|-weather|RainDance|[upkeep]
|upkeep
|turn|3
|
|t:|1786098245
|switch|p1b: Basculegion|Basculegion, L50, M|100/100
|switch|p2b: Palafin|Palafin-Hero, L50, M|100/100
|-activate|p2b: Palafin|ability: Zero to Hero
|detailschange|p2a: Raichu|Raichu-Mega-Y, L50, F
|-mega|p2a: Raichu|Raichu|Raichunite Y
|move|p1a: Grimmsnarl|Light Screen|p1a: Grimmsnarl
|-sidestart|p1: Starkbert|move: Light Screen
|move|p2a: Raichu|Focus Blast|p1b: Basculegion
|-immune|p1b: Basculegion
|
|-weather|RainDance|[upkeep]
|upkeep
|turn|4
|inactive|Starkbert has 30 seconds left.
|
|t:|1786098279
|move|p2a: Raichu|Protect|p2a: Raichu
|-singleturn|p2a: Raichu|Protect
|move|p1a: Grimmsnarl|Reflect|p1a: Grimmsnarl
|-sidestart|p1: Starkbert|Reflect
|move|p1b: Basculegion|Flip Turn|p2a: Raichu
|-activate|p2a: Raichu|move: Protect
|move|p2b: Palafin|Throat Chop|p1b: Basculegion
|-supereffective|p1b: Basculegion|1
|-damage|p1b: Basculegion|34/100
|-start|p1b: Basculegion|Throat Chop|[silent]
|
|-weather|RainDance|[upkeep]
|upkeep
|turn|5
|
|t:|1786098297
|switch|p2a: Sableye|Sableye, L50, M|100/100
|move|p1b: Basculegion|Flip Turn|p2a: Sableye
|-damage|p2a: Sableye|24/100
|-enditem|p2a: Sableye|Sitrus Berry|[eat]
|-heal|p2a: Sableye|49/100|[from] item: Sitrus Berry
|
|t:|1786098304
|switch|p1b: Archaludon|Archaludon, L50, M|100/100|[from] Flip Turn
|move|p2b: Palafin|Wave Crash|p1b: Archaludon
|-resisted|p1b: Archaludon|1
|-damage|p1b: Archaludon|72/100
|-ability|p1b: Archaludon|Stamina|boost
|-boost|p1b: Archaludon|def|1
|-damage|p2b: Palafin|89/100|[from] Recoil
|move|p1a: Grimmsnarl|Spirit Break|p2b: Palafin
|-damage|p2b: Palafin|59/100
|-unboost|p2b: Palafin|spa|1
|
|-weather|none
|-heal|p1b: Archaludon|78/100|[from] item: Leftovers
|upkeep
|turn|6
|inactive|Starkbert has 30 seconds left.
|
|t:|1786098332
|move|p2a: Sableye|Swagger|p2b: Palafin
|-boost|p2b: Palafin|atk|2
|-activate|p2b: Palafin|move: Safeguard
|move|p2b: Palafin|Drain Punch|p1b: Archaludon
|-supereffective|p1b: Archaludon|1
|-damage|p1b: Archaludon|29/100
|-heal|p2b: Palafin|86/100|[from] drain|[of] p1b: Archaludon
|-ability|p1b: Archaludon|Stamina|boost
|-boost|p1b: Archaludon|def|1
|move|p1b: Archaludon|Electro Shot||[still]
|-prepare|p1b: Archaludon|Electro Shot
|-boost|p1b: Archaludon|spa|1
|move|p1a: Grimmsnarl|Spirit Break|p2a: Sableye
|-supereffective|p2a: Sableye|1
|-damage|p2a: Sableye|0 fnt
|faint|p2a: Sableye
|
|-heal|p1b: Archaludon|36/100|[from] item: Leftovers
|-sideend|p2: old fisherman ned|Safeguard
|upkeep
|
|t:|1786098353
|switch|p2a: Raichu|Raichu-Mega-Y, L50, F|47/100
|turn|7
|
|t:|1786098363
|move|p2a: Raichu|Focus Blast|p1b: Archaludon
|-supereffective|p1b: Archaludon|1
|-damage|p1b: Archaludon|0 fnt
|faint|p1b: Archaludon
|move|p2b: Palafin|Wave Crash|p1a: Grimmsnarl
|-damage|p1a: Grimmsnarl|0 fnt
|faint|p1a: Grimmsnarl
|-damage|p2b: Palafin|51/100|[from] Recoil
|
|upkeep
|-message|Starkbert forfeited.
|
|win|old fisherman ned
|raw|Starkbert's rating: 1102 → 1077(-25 for losing)
|raw|old fisherman ned's rating: 1099 → 1124(+25 for winning)
|l|☆Starkbert
|player|p1|
