|j|☆smearscat
|j|☆Hivemind125
|html|smearscatHivemind125    
|uhtml|bestof|Game 3 of a best-of-3
|t:|1784606828
|gametype|doubles
|player|p1|smearscat|marlon|
|player|p2|Hivemind125|102|
|gen|9
|tier|[Gen 9 Champions] VGC 2026 Reg M-B (Bo3)
|rule|Species Clause: Limit one of each Pokémon
|rule|Item Clause: Limit 1 of each item
|clearpoke
|poke|p1|Tyranitar, L50, F|
|poke|p1|Excadrill, L50, M|
|poke|p1|Slowbro, L50, M|
|poke|p1|Rotom-Mow, L50|
|poke|p1|Pidgeot, L50, M|
|poke|p1|Gholdengo, L50|
|poke|p2|Palafin, L50, M|
|poke|p2|Metagross, L50|
|poke|p2|Sableye, L50, M|
|poke|p2|Gyarados, L50, F|
|poke|p2|Sylveon, L50, F|
|poke|p2|Zoroark, L50, F|
|teampreview|4
|showteam|p1|Tyranitar||Tyranitarite|SandStream|DragonDance,RockSlide,Crunch,FirePunch|Jolly||F|||50|]Excadrill||FocusSash|SandRush|Earthquake,IronHead,RockSlide,SwordsDance|Jolly||M|||50|]Slowbro||Leftovers|Regenerator|Scald,Flamethrower,SlackOff,ThunderWave|Bold||M|||50|]Rotom-Mow||ChoiceScarf|Levitate|VoltSwitch,Thunderbolt,LeafStorm,Trick|Timid|||||50|]Pidgeot||Pidgeotite|BigPecks|Hurricane,HeatWave,Uturn,Roost|Timid||M|||50|]Gholdengo||ColburBerry|GoodasGold|MakeItRain,ShadowBall,Thunderbolt,Recover|Timid|||||50|
|showteam|p2|Palafin||FocusBand|ZerotoHero|DrainPunch,CloseCombat,FlipTurn,WaveCrash|Jolly||M|||50|]Metagross||Metagrossite|ClearBody|BodyPress,BulletPunch,Earthquake,PsychicFangs|Jolly|||||50|]Sableye||Sablenite|Prankster|Encore,FakeOut,Taunt,ThunderWave|Impish||M|||50|]Gyarados||LumBerry|Intimidate|DragonDance,Waterfall,PowerWhip,IceFang|Jolly||F|||50|]Sylveon||FairyFeather|Pixilate|HyperVoice,HyperBeam,QuickAttack,Detect|Modest||F|||50|]Zoroark||LifeOrb|Illusion|DarkPulse,SludgeBomb,Flamethrower,GrassKnot|Timid||F|||50|
|
|t:|1784606931
|teamsize|p1|4
|teamsize|p2|4
|start
|switch|p1a: lawnmower|Rotom-Mow, L50|100/100
|switch|p1b: mega idiot|Pidgeot, L50, M|100/100
|switch|p2a: Palafin|Palafin, L50, M|100/100
|switch|p2b: Metagross|Metagross, L50|100/100
|turn|1
|
|t:|1784606955
|detailschange|p2a: Palafin|Palafin-Hero, L50, M
|switch|p2a: Metagross|Metagross, L50|100/100
|move|p1a: lawnmower|Volt Switch|p2a: Metagross
|-damage|p2a: Metagross|63/100
|
|t:|1784606979
|switch|p1a: Gholdilddy|Gholdengo, L50|100/100|[from] Volt Switch
|move|p2b: Metagross|Flamethrower|p1a: Gholdilddy
|-supereffective|p1a: Gholdilddy|1
|-damage|p1a: Gholdilddy|6/100
|-damage|p2b: Metagross|90/100|[from] item: Life Orb
|move|p1b: mega idiot|Heat Wave|p2b: Metagross|[spread] p2a,p2b
|-supereffective|p2a: Metagross|1
|-crit|p2b: Metagross
|-damage|p2a: Metagross|25/100
|-damage|p2b: Metagross|38/100
|-status|p2b: Metagross|brn
|replace|p2b: Zoroark|Zoroark, L50, F
|-end|p2b: Zoroark|Illusion
|
|-damage|p2b: Zoroark|32/100 brn|[from] brn
|upkeep
|turn|2
|
|t:|1784607048
|detailschange|p2a: Metagross|Metagross-Mega, L50
|-mega|p2a: Metagross|Metagross|Metagrossite
|move|p2a: Metagross|Bullet Punch|p1a: Gholdilddy
|-resisted|p1a: Gholdilddy|1
|-crit|p1a: Gholdilddy
|-damage|p1a: Gholdilddy|0 fnt
|faint|p1a: Gholdilddy
|move|p2b: Zoroark|Dark Pulse|p1b: mega idiot
|-damage|p1b: mega idiot|28/100
|-damage|p2b: Zoroark|23/100 brn|[from] item: Life Orb
|move|p1b: mega idiot|U-turn|p2b: Zoroark
|-supereffective|p2b: Zoroark|1
|-damage|p2b: Zoroark|0 fnt
|faint|p2b: Zoroark
|
|t:|1784607078
|switch|p1b: lawnmower|Rotom-Mow, L50|100/100|[from] U-turn
|
|upkeep
|
|t:|1784607093
|switch|p2b: Sylveon|Sylveon, L50, F|100/100
|switch|p1a: hobo|Slowbro, L50, M|100/100
|turn|3
|
|t:|1784607151
|move|p2b: Sylveon|Detect|p2b: Sylveon
|-singleturn|p2b: Sylveon|Protect
|move|p2a: Metagross|Bullet Punch|p1b: lawnmower
|-resisted|p1b: lawnmower|1
|-damage|p1b: lawnmower|80/100
|move|p1b: lawnmower|Thunderbolt|p2b: Sylveon
|-activate|p2b: Sylveon|move: Protect
|move|p1a: hobo|Scald|p2a: Metagross
|-damage|p2a: Metagross|0 fnt
|faint|p2a: Metagross
|
|upkeep
|
|t:|1784607162
|switch|p2a: Palafin|Palafin-Hero, L50, M|100/100
|-activate|p2a: Palafin|ability: Zero to Hero
|turn|4
|
|t:|1784607190
|move|p1b: lawnmower|Thunderbolt|p2a: Palafin
|-supereffective|p2a: Palafin|1
|-damage|p2a: Palafin|3/100
|move|p2a: Palafin|Close Combat|p1b: lawnmower
|-damage|p1b: lawnmower|11/100
|-unboost|p2a: Palafin|def|1
|-unboost|p2a: Palafin|spd|1
|move|p2b: Sylveon|Hyper Voice|p1a: hobo|[spread] p1a,p1b
|-damage|p1a: hobo|56/100
|-damage|p1b: lawnmower|0 fnt
|faint|p1b: lawnmower
|move|p1a: hobo|Thunder Wave|p2b: Sylveon
|-status|p2b: Sylveon|par
|
|-heal|p1a: hobo|62/100|[from] item: Leftovers
|upkeep
|
|t:|1784607204
|switch|p1b: mega idiot|Pidgeot, L50, M|28/100
|turn|5
|
|t:|1784607270
|move|p1b: mega idiot|Roost|p1b: mega idiot
|-heal|p1b: mega idiot|78/100
|-singleturn|p1b: mega idiot|move: Roost
|move|p2a: Palafin|Wave Crash|p1b: mega idiot
|-damage|p1b: mega idiot|0 fnt
|faint|p1b: mega idiot
|-damage|p2a: Palafin|0 fnt|[from] Recoil
|faint|p2a: Palafin
|move|p1a: hobo|Flamethrower|p2b: Sylveon
|-damage|p2b: Sylveon|83/100 par
|move|p2b: Sylveon|Hyper Beam|p1a: hobo
|-damage|p1a: hobo|0 fnt
|-mustrecharge|p2b: Sylveon
|faint|p1a: hobo
|
|win|Hivemind125
|c|☆Hivemind125|ggs!
