|j|☆pokemytle
|j|☆HeavenlyGodMK3
|html|pokemytleHeavenlyGodMK3    
|uhtml|bestof|Game 2 of a best-of-3
|t:|1784329690
|gametype|doubles
|player|p1|pokemytle|266|
|player|p2|HeavenlyGodMK3|170|
|gen|9
|tier|[Gen 9 Champions] VGC 2026 Reg M-B (Bo3)
|rule|Species Clause: Limit one of each Pokémon
|rule|Item Clause: Limit 1 of each item
|clearpoke
|poke|p1|Archaludon, L50, F|
|poke|p1|Basculegion, L50, M|
|poke|p1|Pelipper, L50, M|
|poke|p1|Maushold, L50|
|poke|p1|Swampert, L50, M|
|poke|p1|Talonflame, L50, F|
|poke|p2|Eelektross, L50, F|
|poke|p2|Whimsicott, L50, M|
|poke|p2|Aegislash, L50, M|
|poke|p2|Tsareena, L50, F|
|poke|p2|Zoroark, L50, M|
|poke|p2|Toxapex, L50, F|
|teampreview|4
|showteam|p1|Archaludon||SitrusBerry|Stamina|DracoMeteor,FlashCannon,Protect,ElectroShot|Naive||F|||50|]Basculegion||ChoiceScarf|Adaptability|WaveCrash,LastRespects,FlipTurn,AquaJet|Jolly||M|||50|]Pelipper||FocusSash|Drizzle|Tailwind,Surf,WeatherBall,Hurricane|Modest||M|||50|]Maushold||Leftovers|FriendGuard|Encore,Taunt,FollowMe,Substitute|Timid|||||50|]Swampert||Swampertite|Torrent|Earthquake,RockSlide,WaveCrash,Liquidation|Adamant||M|||50|]Talonflame||LifeOrb|FlameBody|BraveBird,FlameCharge,FlareBlitz,RainDance|Jolly||F|||50|
|showteam|p2|Eelektross||Eelektrossite|Levitate|Thunderbolt,Discharge,GigaDrain,Protect|Modest||F|||50|]Whimsicott||FocusSash|Prankster|Taunt,SunnyDay,Moonblast,Tailwind|Timid||M|||50|]Aegislash||KasibBerry|StanceChange|KingsShield,SwordsDance,SacredSword,ShadowSneak|Adamant||M|||50|]Tsareena||ChoiceScarf|QueenlyMajesty|HighJumpKick,PowerWhip,KnockOff,Uturn|Jolly||F|||50|]Zoroark||WideLens|Illusion|Detect,DarkPulse,FocusBlast,GrassKnot|Timid||M|||50|]Toxapex||Leftovers|Regenerator|BanefulBunker,Recover,Toxic,Infestation|Calm||F|||50|
|
|t:|1784329712
|teamsize|p1|4
|teamsize|p2|4
|start
|switch|p1a: Pelipper|Pelipper, L50, M|100/100
|switch|p1b: Archaludon|Archaludon, L50, F|100/100
|switch|p2a: Whimsicott|Whimsicott, L50, M|100/100
|switch|p2b: Aegislash|Aegislash, L50, M|100/100
|-weather|RainDance|[from] ability: Drizzle|[of] p1a: Pelipper
|turn|1
|
|t:|1784329725
|move|p1b: Archaludon|Protect|p1b: Archaludon
|-singleturn|p1b: Archaludon|Protect
|move|p2a: Whimsicott|Sunny Day|p2a: Whimsicott
|-weather|SunnyDay
|move|p1a: Pelipper|Tailwind|p1a: Pelipper
|-sidestart|p1: pokemytle|move: Tailwind
|move|p2b: Aegislash|Swords Dance|p2b: Aegislash
|-boost|p2b: Aegislash|atk|2
|
|-weather|SunnyDay|[upkeep]
|upkeep
|turn|2
|
|t:|1784329741
|move|p2a: Whimsicott|Tailwind|p2a: Whimsicott
|-sidestart|p2: HeavenlyGodMK3|move: Tailwind
|move|p1b: Archaludon|Electro Shot||[still]
|-prepare|p1b: Archaludon|Electro Shot
|-boost|p1b: Archaludon|spa|1
|move|p1a: Pelipper|Weather Ball|p2b: Aegislash
|-supereffective|p2b: Aegislash|1
|-damage|p2b: Aegislash|32/100
|-formechange|p2b: Aegislash|Aegislash-Blade|
|move|p2b: Aegislash|Sacred Sword|p1b: Archaludon
|-supereffective|p1b: Archaludon|1
|-damage|p1b: Archaludon|0 fnt
|faint|p1b: Archaludon
|
|-weather|SunnyDay|[upkeep]
|upkeep
|
|t:|1784329756
|switch|p1b: Talonflame|Talonflame, L50, F|100/100
|turn|3
|
|t:|1784329767
|-formechange|p2b: Aegislash|Aegislash|
|move|p2b: Aegislash|King's Shield|p2b: Aegislash
|-singleturn|p2b: Aegislash|Protect
|move|p1b: Talonflame|Flame Charge|p2a: Whimsicott
|-supereffective|p2a: Whimsicott|1
|-damage|p2a: Whimsicott|9/100
|-boost|p1b: Talonflame|spe|1
|-damage|p1b: Talonflame|90/100|[from] item: Life Orb
|move|p2a: Whimsicott|Moonblast|p1b: Talonflame
|-resisted|p1b: Talonflame|1
|-damage|p1b: Talonflame|70/100
|move|p1a: Pelipper|Weather Ball|p2a: Whimsicott
|-supereffective|p2a: Whimsicott|1
|-damage|p2a: Whimsicott|0 fnt
|faint|p2a: Whimsicott
|
|-weather|SunnyDay|[upkeep]
|upkeep
|
|t:|1784329783
|switch|p2a: Tsareena|Tsareena, L50, F|100/100
|turn|4
|
|t:|1784329796
|-formechange|p2b: Aegislash|Aegislash-Blade|
|move|p2b: Aegislash|Shadow Sneak|p1b: Talonflame
|-damage|p1b: Talonflame|0 fnt
|faint|p1b: Talonflame
|move|p2a: Tsareena|Knock Off|p1a: Pelipper
|-damage|p1a: Pelipper|65/100
|-enditem|p1a: Pelipper|Focus Sash|[from] move: Knock Off|[of] p2a: Tsareena
|move|p1a: Pelipper|Weather Ball|p2b: Aegislash
|-supereffective|p2b: Aegislash|1
|-damage|p2b: Aegislash|0 fnt
|faint|p2b: Aegislash
|
|-weather|SunnyDay|[upkeep]
|-sideend|p1: pokemytle|move: Tailwind
|upkeep
|
|t:|1784329807
|switch|p1b: Maushold|Maushold, L50|100/100
|switch|p2b: Eelektross|Eelektross, L50, F|100/100
|turn|5
|
|t:|1784329818
|detailschange|p2b: Eelektross|Eelektross-Mega, L50, F
|-mega|p2b: Eelektross|Eelektross|Eelektrossite
|move|p1b: Maushold|Follow Me|p1b: Maushold
|-singleturn|p1b: Maushold|move: Follow Me
|move|p2a: Tsareena|Knock Off|p1b: Maushold
|-crit|p1b: Maushold
|-damage|p1b: Maushold|41/100
|-enditem|p1b: Maushold|Leftovers|[from] move: Knock Off|[of] p2a: Tsareena
|move|p2b: Eelektross|Discharge|p1a: Pelipper|[spread] p2a,p1a,p1b
|-resisted|p2a: Tsareena|1
|-supereffective|p1a: Pelipper|2
|-damage|p2a: Tsareena|79/100
|-damage|p1a: Pelipper|0 fnt
|-damage|p1b: Maushold|0 fnt
|-status|p2a: Tsareena|par
|faint|p1a: Pelipper
|faint|p1b: Maushold
|
|win|HeavenlyGodMK3
|inactive|pokemytle has 30 seconds to confirm battle start!
|inactive|HeavenlyGodMK3 has 30 seconds to confirm battle start!
