|j|☆ovalboi
|j|☆Get flinched on
|html|ovalboiGet flinched on    
|uhtml|bestof|Game 2 of a best-of-3
|t:|1782637808
|gametype|doubles
|player|p1|ovalboi|acetrainer-gen4dp|1211
|player|p2|Get flinched on|clown|1144
|gen|9
|tier|[Gen 9 Champions] VGC 2026 Reg M-B (Bo3)
|rated|
|rule|Species Clause: Limit one of each Pokémon
|rule|Item Clause: Limit 1 of each item
|clearpoke
|poke|p1|Sylveon, L50, F|
|poke|p1|Scizor, L50, F|
|poke|p1|Farigiraf, L50, F|
|poke|p1|Torkoal, L50, M|
|poke|p1|Kleavor, L50, F|
|poke|p1|Scrafty, L50, M|
|poke|p2|Whimsicott, L50, M|
|poke|p2|Glimmora, L50, F|
|poke|p2|Charizard, L50, M|
|poke|p2|Garchomp, L50, F|
|poke|p2|Kingambit, L50, M|
|poke|p2|Basculegion, L50, M|
|teampreview|4
|showteam|p1|Sylveon||Leftovers|Pixilate|HyperVoice,HyperBeam,Yawn,Protect|Quiet||F|||50|]Scizor||Scizorite|Technician|BulletPunch,BugBite,SwordsDance,Protect|Brave||F|||50|]Farigiraf||SitrusBerry|ArmorTail|TrickRoom,Psychic,HelpingHand,Protect|Relaxed||F|||50|]Torkoal||Charcoal|Drought|Eruption,EarthPower,HeatWave,Protect|Quiet||M|||50|]Kleavor||FocusSash|Sharpness|StoneAxe,XScissor,AerialAce,Protect|Jolly||F|||50|]Scrafty||Scraftinite|Intimidate|FakeOut,BulkUp,DrainPunch,KnockOff|Brave||M|||50|
|showteam|p2|Whimsicott||FairyFeather|Prankster|Moonblast,Tailwind,Encore,Protect|Timid||M|||50|]Glimmora||FocusSash|ToxicDebris|PowerGem,SludgeBomb,EarthPower,SpikyShield|Timid||F|||50|]Charizard||CharizarditeY|SolarPower|HeatWave,WeatherBall,SolarBeam,Protect|Modest||M|||50|]Garchomp||SitrusBerry|RoughSkin|Earthquake,DragonClaw,PoisonJab,Protect|Adamant||F|||50|]Kingambit||ChopleBerry|Defiant|KowtowCleave,IronHead,SuckerPunch,LowKick|Adamant||M|||50|]Basculegion||MysticWater|Adaptability|WaveCrash,LastRespects,AquaJet,Protect|Adamant||M|||50|
|inactive|Battle timer is ON: inactive players will automatically lose when time's up. (requested by Get flinched on)
|
|t:|1782637839
|teamsize|p1|4
|teamsize|p2|4
|start
|switch|p1a: Kleavor|Kleavor, L50, F|100/100
|switch|p1b: Scizor|Scizor, L50, F|100/100
|switch|p2a: Kingambit|Kingambit, L50, M|100/100
|switch|p2b: Whimsicott|Whimsicott, L50, M|100/100
|turn|1
|
|t:|1782637855
|detailschange|p1b: Scizor|Scizor-Mega, L50, F
|-mega|p1b: Scizor|Scizor|Scizorite
|move|p2b: Whimsicott|Moonblast|p1a: Kleavor
|-damage|p1a: Kleavor|46/100
|-unboost|p1a: Kleavor|spa|1
|move|p1a: Kleavor|X-Scissor|p2a: Kingambit
|-damage|p2a: Kingambit|55/100
|move|p1b: Scizor|Bug Bite|p2a: Kingambit
|-damage|p2a: Kingambit|15/100
|-enditem|p2a: Kingambit|Chople Berry|[from] stealeat|[move] Bug Bite|[of] p1b: Scizor
|move|p2a: Kingambit|Iron Head|p1a: Kleavor
|-supereffective|p1a: Kleavor|1
|-damage|p1a: Kleavor|0 fnt
|faint|p1a: Kleavor
|
|upkeep
|
|t:|1782637871
|switch|p1a: Farigiraf|Farigiraf, L50, F|100/100
|turn|2
|
|t:|1782637885
|move|p2b: Whimsicott|Tailwind|p2b: Whimsicott
|-sidestart|p2: Get flinched on|move: Tailwind
|move|p2a: Kingambit|Kowtow Cleave|p1a: Farigiraf
|-supereffective|p1a: Farigiraf|1
|-damage|p1a: Farigiraf|22/100
|-enditem|p1a: Farigiraf|Sitrus Berry|[eat]
|-heal|p1a: Farigiraf|47/100|[from] item: Sitrus Berry
|move|p1b: Scizor|Bug Bite|p2a: Kingambit
|-damage|p2a: Kingambit|0 fnt
|faint|p2a: Kingambit
|move|p1a: Farigiraf|Trick Room|p1a: Farigiraf
|-fieldstart|move: Trick Room|[of] p1a: Farigiraf
|
|upkeep
|
|t:|1782637892
|switch|p2a: Charizard|Charizard, L50, M|100/100
|turn|3
|
|t:|1782637911
|detailschange|p2a: Charizard|Charizard-Mega-Y, L50, M
|-mega|p2a: Charizard|Charizard|Charizardite Y
|-weather|SunnyDay|[from] ability: Drought|[of] p2a: Charizard
|move|p2b: Whimsicott|Protect|p2b: Whimsicott
|-singleturn|p2b: Whimsicott|Protect
|move|p1a: Farigiraf|Protect|p1a: Farigiraf
|-singleturn|p1a: Farigiraf|Protect
|move|p2a: Charizard|Protect|p2a: Charizard
|-singleturn|p2a: Charizard|Protect
|move|p1b: Scizor|Bullet Punch|p2b: Whimsicott
|-activate|p2b: Whimsicott|move: Protect
|
|-weather|SunnyDay|[upkeep]
|upkeep
|turn|4
|inactive|ovalboi has 30 seconds left.
|inactive|ovalboi has 20 seconds left.
|inactive|ovalboi has 15 seconds left.
|
|t:|1782637952
|switch|p2b: Basculegion|Basculegion, L50, M|100/100
|move|p1b: Scizor|Bullet Punch|p2b: Basculegion
|-resisted|p2b: Basculegion|1
|-damage|p2b: Basculegion|78/100
|move|p1a: Farigiraf|Psychic|p2a: Charizard
|-damage|p2a: Charizard|71/100
|move|p2a: Charizard|Heat Wave|p1b: Scizor|[spread] p1a,p1b
|-supereffective|p1b: Scizor|2
|-damage|p1a: Farigiraf|0 fnt
|-damage|p1b: Scizor|0 fnt
|faint|p1a: Farigiraf
|faint|p1b: Scizor
|
|-weather|SunnyDay|[upkeep]
|upkeep
|
|t:|1782637961
|switch|p1b: Sylveon|Sylveon, L50, F|100/100
|turn|5
|
|t:|1782637967
|move|p2b: Basculegion|Protect|p2b: Basculegion
|-singleturn|p2b: Basculegion|Protect
|move|p2a: Charizard|Protect|p2a: Charizard
|-singleturn|p2a: Charizard|Protect
|move|p1b: Sylveon|Hyper Voice|p2a: Charizard|[spread] 
|-activate|p2a: Charizard|move: Protect
|-activate|p2b: Basculegion|move: Protect
|
|-weather|SunnyDay|[upkeep]
|-sideend|p2: Get flinched on|move: Tailwind
|upkeep
|turn|6
|
|t:|1782637970
|switch|p2b: Whimsicott|Whimsicott, L50, M|100/100
|move|p1b: Sylveon|Hyper Voice|p2b: Whimsicott|[spread] p2a,p2b
|-resisted|p2a: Charizard|1
|-damage|p2a: Charizard|53/100
|-damage|p2b: Whimsicott|45/100
|move|p2a: Charizard|Weather Ball|p1b: Sylveon
|-damage|p1b: Sylveon|40/100
|
|-weather|SunnyDay|[upkeep]
|-heal|p1b: Sylveon|46/100|[from] item: Leftovers
|-fieldend|move: Trick Room
|upkeep
|turn|7
|
|t:|1782637977
|move|p2b: Whimsicott|Moonblast|p1b: Sylveon
|-damage|p1b: Sylveon|20/100y
|move|p2a: Charizard|Weather Ball|p1b: Sylveon
|-damage|p1b: Sylveon|0 fnt
|faint|p1b: Sylveon
|
|win|Get flinched on
|raw|ovalboi's rating: 1211 → 1181(-30 for losing)
|raw|Get flinched on's rating: 1144 → 1174(+30 for winning)
