|j|☆browe
|j|☆SabasVGC
|html|broweSabasVGC    
|uhtml|bestof|Game 1 of a best-of-3
|t:|1757728695
|gametype|doubles
|player|p1|browe|shadowtriad|1207
|player|p2|SabasVGC|bugcatcher-gen4dp|1303
|gen|9
|tier|[Gen 9] VGC 2025 Reg H (Bo3)
|rated|
|rule|Species Clause: Limit one of each Pokémon
|rule|Item Clause: Limit 1 of each item
|clearpoke
|poke|p1|Sneasler, L50, M|
|poke|p1|Pelipper, L50, F|
|poke|p1|Basculegion, L50, M|
|poke|p1|Indeedee, L50, M|
|poke|p1|Amoonguss, L50, M|
|poke|p1|Archaludon, L50, F|
|poke|p2|Dondozo, L50, F|
|poke|p2|Tatsugiri-Droopy, L50, F|
|poke|p2|Slaking, L50, F|
|poke|p2|Weezing, L50, F|
|poke|p2|Garchomp, L50, F|
|poke|p2|Kilowattrel, L50, F|
|teampreview|4
|showteam|p1|Sneasler||PsychicSeed|Unburden|DireClaw,CloseCombat,ThroatChop,Protect|||M|||50|,,,,,Dark]Pelipper||FocusSash|Drizzle|Hurricane,WeatherBall,Tailwind,Protect|||F|||50|,,,,,Ghost]Basculegion||ChoiceBand|SwiftSwim|WaveCrash,LastRespects,AquaJet,FlipTurn|||M|||50|,,,,,Grass]Indeedee||ChoiceScarf|PsychicSurge|ExpandingForce,DazzlingGleam,ShadowBall,Trick|||M|||50|,,,,,Psychic]Amoonguss||SitrusBerry|Regenerator|PollenPuff,RagePowder,ClearSmog,Spore|||M|||50|,,,,,Psychic]Archaludon||AssaultVest|Stamina|DracoMeteor,FlashCannon,ElectroShot,BodyPress|||F|||50|,,,,,Bug
|showteam|p2|Dondozo||Leftovers|Unaware|Protect,OrderUp,BodyPress,RockSlide|||F|||50|,,,,,Grass]Tatsugiri-Droopy||ChoiceScarf|Commander|HelpingHand,IcyWind,MuddyWater,DracoMeteor|||F|||50|,,,,,Steel]Slaking||SitrusBerry|Truant|PlayRough,HighHorsepower,KnockOff,Protect|||F|||50|,,,,,Fairy]Weezing||RockyHelmet|NeutralizingGas|Protect,Taunt,WillOWisp,SludgeBomb|||F|||50|,,,,,Flying]Garchomp||LifeOrb|RoughSkin|Earthquake,StompingTantrum,DragonClaw,Protect|||F|||50|,,,,,Ground]Kilowattrel||FocusSash|Competitive|Discharge,Tailwind,AirSlash,Protect|||F|||50|,,,,,Ghost
|inactive|Battle timer is ON: inactive players will automatically lose when time's up. (requested by SabasVGC)
|
|t:|1757728744
|teamsize|p1|4
|teamsize|p2|4
|start
|switch|p1a: Pelipper|Pelipper, L50, F|100/100
|switch|p1b: Basculegion|Basculegion, L50, M|100/100
|switch|p2a: Slaking|Slaking, L50, F, shiny|100/100
|switch|p2b: Weezing|Weezing, L50, F, shiny|100/100
|-ability|p2b: Weezing|Neutralizing Gas
|turn|1
|inactive|SabasVGC has 30 seconds left.
|
|t:|1757728772
|move|p2a: Slaking|Knock Off|p1b: Basculegion
|-supereffective|p1b: Basculegion
|-damage|p1b: Basculegion|3/100
|-enditem|p1b: Basculegion|Choice Band|[from] move: Knock Off|[of] p2a: Slaking
|move|p1a: Pelipper|Tailwind|p1a: Pelipper
|-sidestart|p1: browe|move: Tailwind
|move|p1b: Basculegion|Wave Crash|p2b: Weezing
|-damage|p2b: Weezing|47/100
|-damage|p1b: Basculegion|0 fnt|[from] item: Rocky Helmet|[of] p2b: Weezing
|faint|p1b: Basculegion
|move|p2b: Weezing|Will-O-Wisp|p1a: Pelipper
|-status|p1a: Pelipper|brn
|
|-damage|p1a: Pelipper|95/100 brn|[from] brn
|upkeep
|
|t:|1757728781
|switch|p1b: Archaludon|Archaludon, L50, F|100/100
|turn|2
|
|t:|1757728806
|move|p2b: Weezing|Protect|p2b: Weezing
|-singleturn|p2b: Weezing|Protect
|move|p1a: Pelipper|Weather Ball|p2b: Weezing
|-activate|p2b: Weezing|move: Protect
|move|p1b: Archaludon|Electro Shot||[still]
|-prepare|p1b: Archaludon|Electro Shot
|-boost|p1b: Archaludon|spa|1
|move|p2a: Slaking|High Horsepower|p1b: Archaludon
|-supereffective|p1b: Archaludon
|-damage|p1b: Archaludon|35/100
|
|-damage|p1a: Pelipper|89/100 brn|[from] brn
|upkeep
|turn|3
|
|t:|1757728826
|move|p1a: Pelipper|Weather Ball|p2b: Weezing
|-damage|p2b: Weezing|32/100
|move|p1b: Archaludon|Electro Shot|p2a: Slaking|[from] lockedmove
|-damage|p2a: Slaking|36/100
|-enditem|p2a: Slaking|Sitrus Berry|[eat]
|-heal|p2a: Slaking|61/100|[from] item: Sitrus Berry
|move|p2a: Slaking|High Horsepower|p1b: Archaludon
|-supereffective|p1b: Archaludon
|-damage|p1b: Archaludon|0 fnt
|faint|p1b: Archaludon
|move|p2b: Weezing|Sludge Bomb|p1a: Pelipper
|-damage|p1a: Pelipper|37/100 brn
|
|-damage|p1a: Pelipper|31/100 brn|[from] brn
|upkeep
|
|t:|1757728832
|switch|p1b: Amoonguss|Amoonguss, L50, M|100/100
|turn|4
|
|t:|1757728851
|move|p1a: Pelipper|Hurricane|p2a: Slaking
|-damage|p2a: Slaking|0 fnt
|faint|p2a: Slaking
|move|p1b: Amoonguss|Pollen Puff|p1a: Pelipper
|-heal|p1a: Pelipper|80/100 brn
|move|p2b: Weezing|Taunt|p1b: Amoonguss
|-start|p1b: Amoonguss|move: Taunt
|
|-damage|p1a: Pelipper|75/100 brn|[from] brn
|-sideend|p1: browe|move: Tailwind
|upkeep
|inactive|SabasVGC has 30 seconds left.
|
|t:|1757728880
|switch|p2a: Kilowattrel|Kilowattrel, L50, F, shiny|100/100
|turn|5
|
|t:|1757728893
|-end|p2b: Weezing|ability: Neutralizing Gas
|-weather|RainDance|[from] ability: Drizzle|[of] p1a: Pelipper
|switch|p2b: Garchomp|Garchomp, L50, F, shiny|100/100
|move|p2a: Kilowattrel|Discharge|p1a: Pelipper|[spread] p1a,p1b
|-immune|p2b: Garchomp
|-supereffective|p1a: Pelipper
|-resisted|p1b: Amoonguss
|-damage|p1a: Pelipper|0 fnt
|-damage|p1b: Amoonguss|89/100
|faint|p1a: Pelipper
|move|p1b: Amoonguss|Pollen Puff|p2a: Kilowattrel
|-resisted|p2a: Kilowattrel
|-damage|p2a: Kilowattrel|83/100
|
|-weather|RainDance|[upkeep]
|upkeep
|turn|6
|
|t:|1757728914
|-terastallize|p2b: Garchomp|Ground
|-terastallize|p1b: Amoonguss|Psychic
|move|p2a: Kilowattrel|Air Slash|p1b: Amoonguss
|-damage|p1b: Amoonguss|58/100
|move|p2b: Garchomp|Earthquake|p1b: Amoonguss|[spread] p1b
|-immune|p2a: Kilowattrel
|-damage|p1b: Amoonguss|0 fnt
|faint|p1b: Amoonguss
|-damage|p2b: Garchomp|91/100|[from] item: Life Orb
|
|win|SabasVGC
||browe is ready for game 2.
|inactive|SabasVGC has 30 seconds to confirm battle start!
||SabasVGC is ready for game 2.
|uhtml|next|Next: Game 2 of 3
