|j|☆Prepucio Perez
|j|☆pokemonalpha.es
|html|Prepucio Perezpokemonalpha.es    
|uhtml|bestof|Game 2 of a best-of-3
|t:|1783095585
|gametype|doubles
|player|p1|Prepucio Perez|striker|
|player|p2|pokemonalpha.es|lebanne|
|gen|9
|tier|[Gen 9 Champions] VGC 2026 Reg M-B (Bo3)
|rule|Species Clause: Limit one of each Pokémon
|rule|Item Clause: Limit 1 of each item
|clearpoke
|poke|p1|Gardevoir, L50, M|
|poke|p1|Aerodactyl, L50, F|
|poke|p1|Garchomp, L50, M|
|poke|p1|Gholdengo, L50|
|poke|p1|Maushold-Four, L50|
|poke|p1|Kingambit, L50, F|
|poke|p2|Sneasler, L50, M|
|poke|p2|Scovillain, L50, M|
|poke|p2|Kingambit, L50, M|
|poke|p2|Toxapex, L50, M|
|poke|p2|Snorlax, L50, F|
|poke|p2|Basculegion, L50, M|
|teampreview|4
|showteam|p1|Gardevoir||Gardevoirite|Telepathy|HyperVoice,Psyshock,CalmMind,Protect|Modest||M|||50|]Aerodactyl||FocusSash|RockHead|DualWingbeat,RockSlide,Tailwind,Protect|Jolly||F|||50|]Garchomp||LifeOrb|RoughSkin|DragonClaw,Earthquake,StompingTantrum,Protect|Jolly||M|||50|]Gholdengo||MetalCoat|GoodasGold|MakeItRain,ShadowBall,NastyPlot,Protect|Modest|||||50|]Maushold-Four||WideLens|FriendGuard|FollowMe,Encore,PopulationBomb,Protect|Jolly|||||50|]Kingambit||ChopleBerry|Defiant|KowtowCleave,SuckerPunch,LowKick,Protect|Adamant||F|||50|
|showteam|p2|Sneasler||WhiteHerb|Unburden|CloseCombat,GunkShot,FakeOut,Protect|Jolly||M|||50|]Scovillain||Scovillainite|Moody|Overheat,RagePowder,LeechSeed,Protect|Calm||M|||50|]Kingambit||ChopleBerry|Defiant|KowtowCleave,SuckerPunch,LowKick,Protect|Adamant||M|||50|]Toxapex||Leftovers|Regenerator|Infestation,WideGuard,Recover,Protect|Bold||M|||50|]Snorlax||SitrusBerry|ThickFat|DoubleEdge,Yawn,Fissure,Protect|Relaxed||F|||50|]Basculegion||ChoiceScarf|Adaptability|WaveCrash,LastRespects,FlipTurn,AquaJet|Jolly||M|||50|
|j| maxibeasm
|inactive|Battle timer is ON: inactive players will automatically lose when time's up. (requested by pokemonalpha.es)
|j| Jmf_vgc_92
|inactive|Prepucio Perez has 60 seconds left.
|l| Jmf_vgc_92
|j| Jmf_vgc_92
|inactive|Prepucio Perez has 30 seconds left.
|inactive|Prepucio Perez has 20 seconds left.
|inactive|Prepucio Perez has 15 seconds left.
|
|t:|1783095693
|teamsize|p1|4
|teamsize|p2|4
|start
|switch|p1a: Aerodactyl|Aerodactyl, L50, F|100/100
|switch|p1b: Garchomp|Garchomp, L50, M|100/100
|switch|p2a: Scovillain|Scovillain, L50, M|100/100
|switch|p2b: Basculegion|Basculegion, L50, M|100/100
|turn|1
|
|t:|1783095712
|move|p1a: Aerodactyl|Protect|p1a: Aerodactyl
|-singleturn|p1a: Aerodactyl|Protect
|move|p2a: Scovillain|Protect|p2a: Scovillain
|-singleturn|p2a: Scovillain|Protect
|move|p2b: Basculegion|Wave Crash|p1b: Garchomp
|-damage|p1b: Garchomp|21/100
|-damage|p2b: Basculegion|87/100|[from] ability: Rough Skin|[of] p1b: Garchomp
|-damage|p2b: Basculegion|63/100|[from] Recoil
|move|p1b: Garchomp|Earthquake|p2b: Basculegion|[spread] p2b
|-activate|p1a: Aerodactyl|move: Protect
|-activate|p2a: Scovillain|move: Protect
|-damage|p2b: Basculegion|0 fnt
|faint|p2b: Basculegion
|-damage|p1b: Garchomp|11/100|[from] item: Life Orb
|
|-ability|p2a: Scovillain|Moody|boost
|-boost|p2a: Scovillain|spd|2
|-unboost|p2a: Scovillain|spe|1
|upkeep
|
|t:|1783095730
|switch|p2b: Toxapex|Toxapex, L50, M|100/100
|turn|2
|
|t:|1783095745
|detailschange|p2a: Scovillain|Scovillain-Mega, L50, M
|-mega|p2a: Scovillain|Scovillain|Scovillainite
|move|p2b: Toxapex|Wide Guard|p2b: Toxapex
|-singleturn|p2b: Toxapex|Wide Guard
|move|p1a: Aerodactyl|Rock Slide|p2a: Scovillain|[spread] 
|-activate|p2a: Scovillain|move: Wide Guard
|-activate|p2b: Toxapex|move: Wide Guard
|move|p1b: Garchomp|Earthquake|p2a: Scovillain|[spread] 
|-activate|p2a: Scovillain|move: Wide Guard
|-activate|p2b: Toxapex|move: Wide Guard
|-immune|p1a: Aerodactyl
|move|p2a: Scovillain|Leech Seed|p1a: Aerodactyl
|-start|p1a: Aerodactyl|move: Leech Seed
|
|-damage|p1a: Aerodactyl|87/100|[from] Leech Seed|[of] p2a: Scovillain
|upkeep
|turn|3
|inactive|Prepucio Perez has 30 seconds left.
|
|t:|1783095777
|move|p2b: Toxapex|Wide Guard|p2b: Toxapex
|-singleturn|p2b: Toxapex|Wide Guard
|move|p1a: Aerodactyl|Dual Wingbeat|p2a: Scovillain
|-supereffective|p2a: Scovillain|1
|-crit|p2a: Scovillain
|-damage|p2a: Scovillain|40/100
|-status|p1a: Aerodactyl|brn|[from] ability: Spicy Spray|[of] p2a: Scovillain
|-supereffective|p2a: Scovillain|1
|-damage|p2a: Scovillain|23/100
|-hitcount|p2a: Scovillain|2
|move|p1b: Garchomp|Stomping Tantrum|p2a: Scovillain
|-damage|p2a: Scovillain|0 fnt
|-status|p1b: Garchomp|brn|[from] ability: Spicy Spray|[of] p2a: Scovillain
|faint|p2a: Scovillain
|-damage|p1b: Garchomp|1/100 brn|[from] item: Life Orb
|
|-damage|p1a: Aerodactyl|82/100 brn|[from] brn
|-damage|p1b: Garchomp|0 fnt|[from] brn
|faint|p1b: Garchomp
|upkeep
|
|t:|1783095796
|switch|p1b: Kingambit|Kingambit, L50, F|100/100
|switch|p2a: Snorlax|Snorlax, L50, F|100/100
|turn|4
|
|t:|1783095810
|move|p1a: Aerodactyl|Dual Wingbeat|p2a: Snorlax
|-damage|p2a: Snorlax|94/100
|-damage|p2a: Snorlax|88/100
|-hitcount|p2a: Snorlax|2
|move|p1b: Kingambit|Low Kick|p2a: Snorlax
|-supereffective|p2a: Snorlax|1
|-damage|p2a: Snorlax|31/100
|-enditem|p2a: Snorlax|Sitrus Berry|[eat]
|-heal|p2a: Snorlax|55/100|[from] item: Sitrus Berry
|move|p2b: Toxapex|Infestation|p1b: Kingambit
|-damage|p1b: Kingambit|96/100
|-activate|p1b: Kingambit|move: Infestation|[of] p2b: Toxapex
|move|p2a: Snorlax|Yawn|p1b: Kingambit
|-start|p1b: Kingambit|move: Yawn|[of] p2a: Snorlax
|
|-damage|p1a: Aerodactyl|70/100 brn|[from] Leech Seed|[of] p2a: Snorlax
|-heal|p2a: Snorlax|62/100|[silent]
|-damage|p1a: Aerodactyl|64/100 brn|[from] brn
|-damage|p1b: Kingambit|84/100|[from] move: Infestation|[partiallytrapped]
|upkeep
|turn|5
|inactive|Prepucio Perez has 30 seconds left.
|inactive|Prepucio Perez has 20 seconds left.
|
|t:|1783095847
|switch|p1a: Gardevoir|Gardevoir, L50, M|100/100
|move|p2a: Snorlax|Protect|p2a: Snorlax
|-singleturn|p2a: Snorlax|Protect
|move|p1b: Kingambit|Low Kick|p2a: Snorlax
|-activate|p2a: Snorlax|move: Protect
|move|p2b: Toxapex|Infestation|p1a: Gardevoir
|-damage|p1a: Gardevoir|97/100
|-activate|p1a: Gardevoir|move: Infestation|[of] p2b: Toxapex
|
|-damage|p1a: Gardevoir|85/100|[from] move: Infestation|[partiallytrapped]
|-damage|p1b: Kingambit|72/100|[from] move: Infestation|[partiallytrapped]
|-end|p1b: Kingambit|move: Yawn|[silent]
|-status|p1b: Kingambit|slp
|upkeep
|turn|6
|l| Jmf_vgc_92
|inactive|pokemonalpha.es has 30 seconds left.
|inactive|Prepucio Perez has 30 seconds left.
|
|t:|1783095881
|detailschange|p1a: Gardevoir|Gardevoir-Mega, L50, M
|-mega|p1a: Gardevoir|Gardevoir|Gardevoirite
|move|p1a: Gardevoir|Protect|p1a: Gardevoir
|-singleturn|p1a: Gardevoir|Protect
|move|p2b: Toxapex|Protect|p2b: Toxapex
|-singleturn|p2b: Toxapex|Protect
|cant|p1b: Kingambit|slp
|move|p2a: Snorlax|Yawn|p1a: Gardevoir
|-activate|p1a: Gardevoir|move: Protect
|
|-damage|p1a: Gardevoir|73/100|[from] move: Infestation|[partiallytrapped]
|-damage|p1b: Kingambit|60/100 slp|[from] move: Infestation|[partiallytrapped]
|upkeep
|turn|7
|
|t:|1783095893
|move|p1a: Gardevoir|Psyshock|p2a: Snorlax
|-damage|p2a: Snorlax|25/100
|cant|p1b: Kingambit|slp
|move|p2b: Toxapex|Infestation|p1a: Gardevoir
|-damage|p1a: Gardevoir|70/100
|move|p2a: Snorlax|Yawn|p1a: Gardevoir
|-start|p1a: Gardevoir|move: Yawn|[of] p2a: Snorlax
|
|-damage|p1a: Gardevoir|58/100|[from] move: Infestation|[partiallytrapped]
|-damage|p1b: Kingambit|48/100 slp|[from] move: Infestation|[partiallytrapped]
|upkeep
|turn|8
|
|t:|1783095907
|move|p2b: Toxapex|Protect|p2b: Toxapex
|-singleturn|p2b: Toxapex|Protect
|move|p2a: Snorlax|Protect|p2a: Snorlax
|-singleturn|p2a: Snorlax|Protect
|move|p1a: Gardevoir|Psyshock|p2b: Toxapex
|-activate|p2b: Toxapex|move: Protect
|-curestatus|p1b: Kingambit|slp|[msg]
|move|p1b: Kingambit|Kowtow Cleave|p2b: Toxapex
|-activate|p2b: Toxapex|move: Protect
|
|-damage|p1a: Gardevoir|46/100|[from] move: Infestation|[partiallytrapped]
|-damage|p1b: Kingambit|36/100|[from] move: Infestation|[partiallytrapped]
|-end|p1a: Gardevoir|move: Yawn|[silent]
|-status|p1a: Gardevoir|slp
|upkeep
|turn|9
|
|t:|1783095916
|cant|p1a: Gardevoir|slp
|move|p1b: Kingambit|Low Kick|p2a: Snorlax
|-supereffective|p2a: Snorlax|1
|-damage|p2a: Snorlax|0 fnt
|faint|p2a: Snorlax
|move|p2b: Toxapex|Infestation|p1a: Gardevoir
|-damage|p1a: Gardevoir|43/100 slp
|
|-end|p1a: Gardevoir|Infestation|[partiallytrapped]
|-end|p1b: Kingambit|Infestation|[partiallytrapped]
|upkeep
|turn|10
|
|t:|1783095924
|-curestatus|p1a: Gardevoir|slp|[msg]
|move|p1a: Gardevoir|Psyshock|p2b: Toxapex
|-supereffective|p2b: Toxapex|1
|-damage|p2b: Toxapex|19/100
|move|p1b: Kingambit|Kowtow Cleave|p2b: Toxapex
|-damage|p2b: Toxapex|0 fnt
|faint|p2b: Toxapex
|
|win|Prepucio Perez
||pokemonalpha.es is ready for game 3.
||Prepucio Perez is ready for game 3.
|uhtml|next|Next: Game 3 of 3
|l|☆Prepucio Perez
|player|p1|
