|j|☆amcooked
|j|☆new mental
|html|amcookednew mental    
|uhtml|bestof|Game 1 of a best-of-3
|t:|1783252103
|gametype|doubles
|player|p1|amcooked|hilbert-wonderlauncher|1191
|player|p2|new mental|volkner|1231
|gen|9
|tier|[Gen 9 Champions] VGC 2026 Reg M-B (Bo3)
|rated|
|rule|Species Clause: Limit one of each Pokémon
|rule|Item Clause: Limit 1 of each item
|clearpoke
|poke|p1|Kingambit, L50, F|
|poke|p1|Whimsicott, L50, F|
|poke|p1|Staraptor, L50, F|
|poke|p1|Ceruledge, L50, F|
|poke|p1|Milotic, L50, F|
|poke|p1|Excadrill, L50, F|
|poke|p2|Aerodactyl, L50, M|
|poke|p2|Garchomp, L50, M|
|poke|p2|Kingambit, L50, F|
|poke|p2|Charizard, L50, M|
|poke|p2|Sylveon, L50, M|
|poke|p2|Farigiraf, L50, F|
|teampreview|4
|showteam|p1|Kingambit||BlackGlasses|Defiant|SuckerPunch,KowtowCleave,IronHead,Protect|Adamant||F|||50|]Whimsicott||FocusSash|Prankster|Protect,Charm,Moonblast,Tailwind|Calm||F|||50|]Staraptor||Staraptite|Intimidate|BraveBird,CloseCombat,Roost,Protect|Adamant||F|||50|]Ceruledge||ColburBerry|FlashFire|BitterBlade,Protect,Poltergeist,ShadowSneak|Adamant||F|||50|]Milotic||Leftovers|Competitive|IceBeam,HydroPump,Recover,Protect|Bold||F|||50|]Excadrill||Excadrite|SandRush|HighHorsepower,IronHead,RockSlide,Protect|Adamant||F|||50|
|showteam|p2|Aerodactyl||Aerodactylite|Unnerve|IceFang,RockSlide,Tailwind,DualWingbeat|Jolly||M|||50|]Garchomp||LifeOrb|RoughSkin|DragonClaw,StompingTantrum,Earthquake,Protect|Jolly||M|||50|]Kingambit||FocusSash|Defiant|SuckerPunch,KowtowCleave,IronHead,LowKick|Adamant||F|||50|]Charizard||CharizarditeY|SolarPower|Protect,HeatWave,SolarBeam,WeatherBall|Timid||M|||50|]Sylveon||FairyFeather|Pixilate|Protect,HyperVoice,HyperBeam,QuickAttack|Modest||M|||50|]Farigiraf||SitrusBerry|ArmorTail|TrickRoom,Thunderbolt,Psychic,Roar|Bold||F|||50|
|inactive|Battle timer is ON: inactive players will automatically lose when time's up. (requested by amcooked)
|
|t:|1783252141
|teamsize|p1|4
|teamsize|p2|4
|start
|switch|p1a: Staraptor|Staraptor, L50, F|100/100
|switch|p1b: Excadrill|Excadrill, L50, F|100/100
|switch|p2a: Aerodactyl|Aerodactyl, L50, M|100/100
|switch|p2b: Garchomp|Garchomp, L50, M|100/100
|-ability|p2a: Aerodactyl|Unnerve
|-ability|p1a: Staraptor|Intimidate|boost
|-unboost|p2a: Aerodactyl|atk|1
|-unboost|p2b: Garchomp|atk|1
|turn|1
|
|t:|1783252163
|switch|p2b: Sylveon|Sylveon, L50, M|100/100
|switch|p1b: Milotic|Milotic, L50, F|100/100
|detailschange|p2a: Aerodactyl|Aerodactyl-Mega, L50, M
|-mega|p2a: Aerodactyl|Aerodactyl|Aerodactylite
|detailschange|p1a: Staraptor|Staraptor-Mega, L50, F
|-mega|p1a: Staraptor|Staraptor|Staraptite
|move|p2a: Aerodactyl|Tailwind|p2a: Aerodactyl
|-sidestart|p2: new mental|move: Tailwind
|move|p1a: Staraptor|Close Combat|p2a: Aerodactyl
|-damage|p2a: Aerodactyl|23/100
|-boost|p1a: Staraptor|def|1
|-boost|p1a: Staraptor|spd|1
|
|upkeep
|turn|2
|
|t:|1783252182
|move|p1a: Staraptor|Protect|p1a: Staraptor
|-singleturn|p1a: Staraptor|Protect
|move|p2a: Aerodactyl|Rock Slide|p1b: Milotic|[spread] p1b
|-activate|p1a: Staraptor|move: Protect
|-damage|p1b: Milotic|84/100
|move|p2b: Sylveon|Hyper Beam|p1a: Staraptor
|-activate|p1a: Staraptor|move: Protect
|move|p1b: Milotic|Ice Beam|p2a: Aerodactyl
|-supereffective|p2a: Aerodactyl|1
|-damage|p2a: Aerodactyl|0 fnt
|faint|p2a: Aerodactyl
|
|-heal|p1b: Milotic|90/100|[from] item: Leftovers
|upkeep
|
|t:|1783252188
|switch|p2a: Garchomp|Garchomp, L50, M|100/100
|turn|3
|
|t:|1783252201
|switch|p1a: Excadrill|Excadrill, L50, F|100/100
|move|p2a: Garchomp|Protect|p2a: Garchomp
|-singleturn|p2a: Garchomp|Protect
|move|p2b: Sylveon|Hyper Voice|p1a: Excadrill|[spread] p1a,p1b
|-resisted|p1a: Excadrill|1
|-damage|p1a: Excadrill|65/100
|-damage|p1b: Milotic|60/100
|move|p1b: Milotic|Ice Beam|p2a: Garchomp
|-activate|p2a: Garchomp|move: Protect
|
|-heal|p1b: Milotic|66/100|[from] item: Leftovers
|upkeep
|turn|4
|
|t:|1783252217
|switch|p2a: Kingambit|Kingambit, L50, F|100/100
|move|p1a: Excadrill|Protect|p1a: Excadrill
|-singleturn|p1a: Excadrill|Protect
|move|p2b: Sylveon|Hyper Beam|p1a: Excadrill
|-activate|p1a: Excadrill|move: Protect
|move|p1b: Milotic|Ice Beam|p2a: Kingambit
|-resisted|p2a: Kingambit|1
|-damage|p2a: Kingambit|88/100
|
|-heal|p1b: Milotic|72/100|[from] item: Leftovers
|-sideend|p2: new mental|move: Tailwind
|upkeep
|turn|5
|
|t:|1783252241
|move|p2b: Sylveon|Protect|p2b: Sylveon
|-singleturn|p2b: Sylveon|Protect
|move|p1a: Excadrill|Iron Head|p2b: Sylveon
|-activate|p2b: Sylveon|move: Protect
|move|p2a: Kingambit|Low Kick|p1a: Excadrill
|-supereffective|p1a: Excadrill|1
|-damage|p1a: Excadrill|0 fnt
|faint|p1a: Excadrill
|move|p1b: Milotic|Recover|p1b: Milotic
|-heal|p1b: Milotic|100/100
|
|upkeep
|
|t:|1783252251
|switch|p1a: Staraptor|Staraptor-Mega, L50, F|100/100
|turn|6
|
|t:|1783252261
|switch|p2a: Garchomp|Garchomp, L50, M|100/100
|move|p1a: Staraptor|Brave Bird|p2b: Sylveon
|-damage|p2b: Sylveon|11/100
|-damage|p1a: Staraptor|69/100|[from] Recoil
|move|p1b: Milotic|Hydro Pump|p2b: Sylveon
|-damage|p2b: Sylveon|0 fnt
|faint|p2b: Sylveon
|
|upkeep
|
|t:|1783252270
|switch|p2b: Kingambit|Kingambit, L50, F|88/100
|turn|7
|
|t:|1783252276
|move|p2a: Garchomp|Dragon Claw|p1b: Milotic
|-damage|p1b: Milotic|53/100
|-damage|p2a: Garchomp|90/100|[from] item: Life Orb
|move|p1a: Staraptor|Close Combat|p2b: Kingambit
|-supereffective|p2b: Kingambit|2
|-damage|p2b: Kingambit|0 fnt
|-boost|p1a: Staraptor|def|1
|-boost|p1a: Staraptor|spd|1
|faint|p2b: Kingambit
|move|p1b: Milotic|Ice Beam|p2a: Garchomp
|-supereffective|p2a: Garchomp|2
|-damage|p2a: Garchomp|0 fnt
|faint|p2a: Garchomp
|
|win|amcooked
||new mental is ready for game 2.
|l|☆new mental
|player|p2|
|inactive|amcooked has 30 seconds to confirm battle start!
|j|☆new mental
|player|p2|new mental|volkner|
||amcooked is ready for game 2.
|uhtml|next|Next: Game 2 of 3
|l|☆amcooked
|player|p1|
