|j|☆Eneix1234
|j|☆toughlogvgc
|html|Eneix1234toughlogvgc    
|uhtml|bestof|Game 1 of a best-of-3
|t:|1783809416
|gametype|doubles
|player|p1|Eneix1234|102|1202
|player|p2|toughlogvgc|170|1200
|gen|9
|tier|[Gen 9 Champions] VGC 2026 Reg M-B (Bo3)
|rated|
|rule|Species Clause: Limit one of each Pokémon
|rule|Item Clause: Limit 1 of each item
|clearpoke
|poke|p1|Palafin, L50, F|
|poke|p1|Ninetales-Alola, L50, F|
|poke|p1|Metagross, L50|
|poke|p1|Incineroar, L50, M|
|poke|p1|Drampa, L50, F|
|poke|p1|Farigiraf, L50, M|
|poke|p2|Charizard, L50, M|
|poke|p2|Garchomp, L50, M|
|poke|p2|Basculegion, L50, M|
|poke|p2|Whimsicott, L50, F|
|poke|p2|Kingambit, L50, F|
|poke|p2|Floette-Eternal, L50, F|
|teampreview|4
|showteam|p1|Palafin||MysticWater|ZerotoHero|Protect,JetPunch,WaveCrash,DrainPunch|Adamant||F|||50|]Ninetales-Alola||LightClay|SnowWarning|AuroraVeil,Protect,Moonblast,Blizzard|Timid||F|||50|]Metagross||Metagrossite|ClearBody|Protect,MeteorMash,PsychicFangs,BodyPress|Jolly|||||50|]Incineroar||ExpertBelt|Intimidate|FakeOut,PartingShot,FlareBlitz,DrainPunch|Adamant||M|||50|]Drampa||Drampanite|CloudNine|Protect,EarthPower,DragonPulse,EnergyBall|Modest||F|||50|]Farigiraf||SitrusBerry|ArmorTail|Protect,HyperVoice,TrickRoom,TwinBeam|Modest||M|||50|
|showteam|p2|Charizard||CharizarditeY|Blaze|HeatWave,SolarBeam,Protect,WeatherBall|Modest||M|||50|]Garchomp||LifeOrb|RoughSkin|DragonClaw,Earthquake,RockSlide,Protect|Jolly||M|||50|]Basculegion||ChoiceScarf|Adaptability|WaveCrash,AquaJet,FlipTurn,LastRespects|Adamant||M|||50|]Whimsicott||FocusSash|Prankster|Moonblast,Tailwind,Protect,Encore|Timid||F|||50|]Kingambit||BlackGlasses|Defiant|IronHead,KowtowCleave,Protect,SuckerPunch|Adamant||F|||50|]Floette-Eternal||Floettite|FlowerVeil|Moonblast,LightofRuin,DazzlingGleam,Protect|Modest||F|||50|
|inactive|Battle timer is ON: inactive players will automatically lose when time's up. (requested by Eneix1234)
|inactive|toughlogvgc has 60 seconds left.
|
|t:|1783809479
|teamsize|p1|4
|teamsize|p2|4
|start
|switch|p1a: Incineroar|Incineroar, L50, M|100/100
|switch|p1b: Farigiraf|Farigiraf, L50, M|100/100
|switch|p2a: Charizard|Charizard, L50, M|100/100
|switch|p2b: Kingambit|Kingambit, L50, F|100/100
|-ability|p1a: Incineroar|Intimidate|boost
|-unboost|p2a: Charizard|atk|1
|-unboost|p2b: Kingambit|atk|1
|-ability|p2b: Kingambit|Defiant|boost
|-boost|p2b: Kingambit|atk|2
|turn|1
|inactive|Eneix1234 has 30 seconds left.
|
|t:|1783809507
|switch|p1b: Drampa|Drampa, L50, F|100/100
|-ability|p1b: Drampa|Cloud Nine
|detailschange|p2a: Charizard|Charizard-Mega-Y, L50, M
|-mega|p2a: Charizard|Charizard|Charizardite Y
|-weather|SunnyDay|[from] ability: Drought|[of] p2a: Charizard
|move|p2a: Charizard|Weather Ball|p1b: Drampa
|-damage|p1b: Drampa|78/100
|move|p1a: Incineroar|Drain Punch|p2b: Kingambit
|-supereffective|p2b: Kingambit|2
|-damage|p2b: Kingambit|2/100
|move|p2b: Kingambit|Kowtow Cleave|p1b: Drampa
|-damage|p1b: Drampa|0 fnt
|faint|p1b: Drampa
|
|-weather|SunnyDay|[upkeep]
|upkeep
|
|t:|1783809524
|switch|p1b: Ninetales|Ninetales-Alola, L50, F|100/100
|-weather|Snowscape|[from] ability: Snow Warning|[of] p1b: Ninetales
|turn|2
|inactive|toughlogvgc has 30 seconds left.
|
|t:|1783809554
|switch|p2a: Basculegion|Basculegion, L50, M|100/100
|move|p2b: Kingambit|Protect|p2b: Kingambit
|-singleturn|p2b: Kingambit|Protect
|move|p1b: Ninetales|Blizzard|p2b: Kingambit|[spread] p2a
|-activate|p2b: Kingambit|move: Protect
|-resisted|p2a: Basculegion|1
|-damage|p2a: Basculegion|84/100
|move|p1a: Incineroar|Drain Punch|p2b: Kingambit
|-activate|p2b: Kingambit|move: Protect
|
|-weather|Snowscape|[upkeep]
|upkeep
|turn|3
|inactive|toughlogvgc has 30 seconds left.
|
|t:|1783809580
|switch|p1a: Farigiraf|Farigiraf, L50, M|100/100
|move|p2a: Basculegion|Wave Crash|p1a: Farigiraf
|-damage|p1a: Farigiraf|22/100
|-enditem|p1a: Farigiraf|Sitrus Berry|[eat]
|-heal|p1a: Farigiraf|46/100|[from] item: Sitrus Berry
|-damage|p2a: Basculegion|59/100|[from] Recoil
|move|p1b: Ninetales|Blizzard|p2b: Kingambit|[spread] p2a,p2b
|-resisted|p2a: Basculegion|1
|-resisted|p2b: Kingambit|1
|-damage|p2a: Basculegion|45/100
|-damage|p2b: Kingambit|0 fnt
|faint|p2b: Kingambit
|
|-weather|Snowscape|[upkeep]
|upkeep
|
|t:|1783809597
|switch|p2b: Charizard|Charizard-Mega-Y, L50, M|100/100
|-weather|SunnyDay|[from] ability: Drought|[of] p2b: Charizard
|turn|4
|
|t:|1783809609
|switch|p1b: Incineroar|Incineroar, L50, M|100/100
|-ability|p1b: Incineroar|Intimidate|boost
|-unboost|p2a: Basculegion|atk|1
|-unboost|p2b: Charizard|atk|1
|move|p1a: Farigiraf|Protect|p1a: Farigiraf
|-singleturn|p1a: Farigiraf|Protect
|move|p2a: Basculegion|Wave Crash|p1a: Farigiraf
|-activate|p1a: Farigiraf|move: Protect
|move|p2b: Charizard|Weather Ball|p1b: Incineroar
|-resisted|p1b: Incineroar|1
|-damage|p1b: Incineroar|52/100
|
|-weather|SunnyDay|[upkeep]
|upkeep
|turn|5
|inactive|Eneix1234 has 30 seconds left.
|inactive|toughlogvgc has 30 seconds left.
|inactive|Eneix1234 has 20 seconds left.
|inactive|Eneix1234 has 15 seconds left.
|
|t:|1783809654
|switch|p1a: Ninetales|Ninetales-Alola, L50, F|100/100
|-weather|Snowscape|[from] ability: Snow Warning|[of] p1a: Ninetales
|move|p1b: Incineroar|Fake Out|p2b: Charizard
|-damage|p2b: Charizard|84/100
|move|p2a: Basculegion|Wave Crash|p1b: Incineroar
|-supereffective|p1b: Incineroar|1
|-damage|p1b: Incineroar|0 fnt
|faint|p1b: Incineroar
|-damage|p2a: Basculegion|30/100|[from] Recoil
|cant|p2b: Charizard|flinch
|
|-weather|Snowscape|[upkeep]
|upkeep
|
|t:|1783809666
|switch|p1b: Farigiraf|Farigiraf, L50, M|46/100
|turn|6
|
|t:|1783809683
|switch|p2b: Garchomp|Garchomp, L50, M|100/100
|move|p2a: Basculegion|Wave Crash|p1b: Farigiraf
|-damage|p1b: Farigiraf|0 fnt
|faint|p1b: Farigiraf
|-damage|p2a: Basculegion|15/100|[from] Recoil
|move|p1a: Ninetales|Blizzard|p2b: Garchomp|[spread] p2a,p2b
|-resisted|p2a: Basculegion|1
|-supereffective|p2b: Garchomp|2
|-damage|p2a: Basculegion|1/100
|-damage|p2b: Garchomp|0 fnt
|faint|p2b: Garchomp
|
|-weather|Snowscape|[upkeep]
|upkeep
|
|t:|1783809695
|switch|p2b: Charizard|Charizard-Mega-Y, L50, M|84/100
|-weather|SunnyDay|[from] ability: Drought|[of] p2b: Charizard
|turn|7
|
|t:|1783809710
|move|p2a: Basculegion|Wave Crash|p1a: Ninetales
|-damage|p1a: Ninetales|66/100
|-damage|p2a: Basculegion|0 fnt|[from] Recoil
|faint|p2a: Basculegion
|move|p1a: Ninetales|Blizzard|p2b: Charizard|[miss]
|-miss|p1a: Ninetales|p2b: Charizard
|move|p2b: Charizard|Weather Ball|p1a: Ninetales
|-supereffective|p1a: Ninetales|1
|-damage|p1a: Ninetales|0 fnt
|faint|p1a: Ninetales
|
|win|toughlogvgc
||Eneix1234 is ready for game 2.
|inactive|toughlogvgc has 30 seconds to confirm battle start!
