|j|☆SacredZzz
|j|☆x-demon18
|html|SacredZzzx-demon18    
|uhtml|bestof|Game 2 of a best-of-3
|t:|1784055100
|gametype|doubles
|player|p1|SacredZzz|cynthia-gen4|1090
|player|p2|x-demon18|lucas|1123
|gen|9
|tier|[Gen 9 Champions] VGC 2026 Reg M-B (Bo3)
|rated|
|rule|Species Clause: Limit one of each Pokémon
|rule|Item Clause: Limit 1 of each item
|clearpoke
|poke|p1|Raichu, L50, F|
|poke|p1|Whimsicott, L50, M|
|poke|p1|Hydreigon, L50, M|
|poke|p1|Farigiraf, L50, M|
|poke|p1|Mawile, L50, M|
|poke|p1|Arcanine-Hisui, L50, M|
|poke|p2|Incineroar, L50, F|
|poke|p2|Rotom-Wash, L50|
|poke|p2|Venusaur, L50, M|
|poke|p2|Garchomp, L50, M|
|poke|p2|Sylveon, L50, F|
|poke|p2|Corviknight, L50, M|
|teampreview|4
|showteam|p1|Raichu||RaichuniteY|Static|ZapCannon,FocusBlast,VoltSwitch,Protect|Modest||F|||50|]Whimsicott||FocusSash|Prankster|Moonblast,EnergyBall,Tailwind,Protect|Timid||M|||50|]Hydreigon||ChoiceScarf|Levitate|DarkPulse,DracoMeteor,EarthPower,Snarl|Modest||M|||50|]Farigiraf||MentalHerb|ArmorTail|TrickRoom,Psychic,HelpingHand,FoulPlay|Sassy||M|||50|]Mawile||Mawilite|HyperCutter|SwordsDance,SuckerPunch,IronHead,PlayRough|Adamant||M|||50|]Arcanine-Hisui||LifeOrb|RockHead|CloseCombat,HeadSmash,ExtremeSpeed,FlareBlitz|Adamant||M|||50|
|showteam|p2|Incineroar||ExpertBelt|Intimidate|FakeOut,TemperFlare,ThroatChop,PartingShot|Adamant||F|||50|]Rotom-Wash||SitrusBerry|Levitate|HydroPump,Electroweb,WillOWisp,VoltSwitch|Modest|||||50|]Venusaur||Venusaurite|Chlorophyll|GigaDrain,SludgeBomb,EarthPower,Protect|Modest||M|||50|]Garchomp||LifeOrb|RoughSkin|RockSlide,DragonClaw,StompingTantrum,Protect|Jolly||M|||50|]Sylveon||FairyFeather|Pixilate|HyperVoice,QuickAttack,Yawn,Detect|Modest||F|||50|]Corviknight||OccaBerry|MirrorArmor|Tailwind,BraveBird,IronHead,BodyPress|Careful||M|||50|
|
|t:|1784055134
|teamsize|p1|4
|teamsize|p2|4
|start
|switch|p1a: Whimsicott|Whimsicott, L50, M|100/100
|switch|p1b: Arcanine|Arcanine-Hisui, L50, M|100/100
|switch|p2a: Frieren|Sylveon, L50, F|100/100
|switch|p2b: Yggdrasil|Venusaur, L50, M|100/100
|turn|1
|
|t:|1784055158
|detailschange|p2b: Yggdrasil|Venusaur-Mega, L50, M
|-mega|p2b: Yggdrasil|Venusaur|Venusaurite
|move|p2a: Frieren|Detect|p2a: Frieren
|-singleturn|p2a: Frieren|Protect
|move|p1a: Whimsicott|Tailwind|p1a: Whimsicott
|-sidestart|p1: SacredZzz|move: Tailwind
|move|p1b: Arcanine|Flare Blitz|p2a: Frieren
|-activate|p2a: Frieren|move: Protect
|move|p2b: Yggdrasil|Sludge Bomb|p1a: Whimsicott
|-supereffective|p1a: Whimsicott|2
|-enditem|p1a: Whimsicott|Focus Sash
|-damage|p1a: Whimsicott|1/100
|
|upkeep
|turn|2
|inactive|Battle timer is ON: inactive players will automatically lose when time's up. (requested by SacredZzz)
|
|t:|1784055190
|move|p2a: Frieren|Quick Attack|p1a: Whimsicott
|-damage|p1a: Whimsicott|0 fnt
|faint|p1a: Whimsicott
|move|p1b: Arcanine|Flare Blitz|p2b: Yggdrasil
|-supereffective|p2b: Yggdrasil|1
|-damage|p2b: Yggdrasil|32/100
|-status|p2b: Yggdrasil|brn
|-damage|p1b: Arcanine|90/100|[from] item: Life Orb
|move|p2b: Yggdrasil|Earth Power|p1b: Arcanine
|-supereffective|p1b: Arcanine|2
|-damage|p1b: Arcanine|0 fnt
|faint|p1b: Arcanine
|
|-damage|p2b: Yggdrasil|26/100 brn|[from] brn
|upkeep
|
|t:|1784055196
|switch|p1a: Raichu|Raichu, L50, F|100/100
|switch|p1b: Hydreigon|Hydreigon, L50, M|100/100
|turn|3
|
|t:|1784055220
|detailschange|p1a: Raichu|Raichu-Mega-Y, L50, F
|-mega|p1a: Raichu|Raichu|Raichunite Y
|move|p1b: Hydreigon|Dark Pulse|p2b: Yggdrasil
|-damage|p2b: Yggdrasil|0 fnt
|faint|p2b: Yggdrasil
|move|p1a: Raichu|Zap Cannon|p2a: Frieren
|-damage|p2a: Frieren|41/100
|-status|p2a: Frieren|par
|cant|p2a: Frieren|par
|
|upkeep
|
|t:|1784055234
|switch|p2b: Wolverine|Incineroar, L50, F|100/100
|-ability|p2b: Wolverine|Intimidate|boost
|-unboost|p1a: Raichu|atk|1
|-unboost|p1b: Hydreigon|atk|1
|turn|4
|
|t:|1784055252
|move|p2b: Wolverine|Fake Out|p1b: Hydreigon
|-damage|p1b: Hydreigon|83/100
|cant|p1b: Hydreigon|flinch
|move|p1a: Raichu|Zap Cannon|p2a: Frieren
|-damage|p2a: Frieren|0 fnt
|faint|p2a: Frieren
|
|-sideend|p1: SacredZzz|move: Tailwind
|upkeep
|
|t:|1784055263
|switch|p2a: Berserk|Garchomp, L50, M|100/100
|turn|5
|
|t:|1784055285
|move|p1a: Raichu|Protect|p1a: Raichu
|-singleturn|p1a: Raichu|Protect
|move|p1b: Hydreigon|Dark Pulse|p2a: Berserk
|-damage|p2a: Berserk|56/100
|move|p2a: Berserk|Dragon Claw|p1b: Hydreigon
|-supereffective|p1b: Hydreigon|1
|-damage|p1b: Hydreigon|0 fnt
|faint|p1b: Hydreigon
|-damage|p2a: Berserk|46/100|[from] item: Life Orb
|move|p2b: Wolverine|Throat Chop|p1a: Raichu
|-activate|p1a: Raichu|move: Protect
|
|upkeep
|turn|6
|
|t:|1784055304
|move|p1a: Raichu|Focus Blast|p2a: Berserk
|-damage|p2a: Berserk|0 fnt
|faint|p2a: Berserk
|move|p2b: Wolverine|Temper Flare|p1a: Raichu
|-damage|p1a: Raichu|45/100
|
|upkeep
|turn|7
|
|t:|1784055313
|move|p1a: Raichu|Focus Blast|p2b: Wolverine
|-supereffective|p2b: Wolverine|1
|-damage|p2b: Wolverine|11/100
|move|p2b: Wolverine|Temper Flare|p1a: Raichu
|-damage|p1a: Raichu|0 fnt
|faint|p1a: Raichu
|
|win|x-demon18
|raw|SacredZzz's rating: 1090 → 1069(-21 for losing)
|raw|x-demon18's rating: 1123 → 1146(+23 for winning)
|l|☆SacredZzz
|player|p1|
