|j|☆TheGayOne420
|j|☆Ahaaa
|html|TheGayOne420Ahaaa    
|uhtml|bestof|Game 1 of a best-of-3
|t:|1785964616
|gametype|doubles
|player|p1|TheGayOne420|170|1077
|player|p2|Ahaaa|2|1028
|gen|9
|tier|[Gen 9 Champions] VGC 2026 Reg M-B (Bo3)
|rated|
|rule|Species Clause: Limit one of each Pokémon
|rule|Item Clause: Limit 1 of each item
|clearpoke
|poke|p1|Eelektross, L50, M|
|poke|p1|Sinistcha, L50|
|poke|p1|Staraptor, L50, F|
|poke|p1|Talonflame, L50, F|
|poke|p1|Incineroar, L50, F|
|poke|p1|Garchomp, L50, M|
|poke|p2|Sinistcha, L50|
|poke|p2|Incineroar, L50, M|
|poke|p2|Glimmora, L50, M|
|poke|p2|Venusaur, L50, M|
|poke|p2|Toxapex, L50, F|
|poke|p2|Rotom-Wash, L50|
|teampreview|4
|showteam|p1|Eelektross||LifeOrb|Levitate|Thunderbolt,Flamethrower,Protect,GigaDrain|Modest||M|||50|]Sinistcha||OccaBerry|Hospitality|ShadowBall,MatchaGotcha,LifeDew,RagePowder|Modest|||||50|]Staraptor||Staraptite|Intimidate|CloseCombat,Roost,Protect,BraveBird|Jolly||F|||50|]Talonflame||FocusSash|GaleWings|DualWingbeat,FeatherDance,Protect,Tailwind|Adamant||F|||50|]Incineroar||SitrusBerry|Intimidate|FakeOut,FlareBlitz,PartingShot,DarkestLariat|Adamant||F|||50|]Garchomp||WideLens|SandVeil|RockSlide,DragonRush,Protect,Earthquake|Jolly||M|||50|
|showteam|p2|Sinistcha||Leftovers|Hospitality|RagePowder,MatchaGotcha,TrickRoom,Hex|Bold|||||50|]Incineroar||ChopleBerry|Intimidate|FakeOut,PartingShot,DarkestLariat,WillOWisp|Calm||M|||50|]Glimmora||FocusSash|ToxicDebris|EarthPower,SpikyShield,MortalSpin,Venoshock|Modest||M|||50|]Venusaur||Venusaurite|Overgrow|GigaDrain,LeechSeed,Protect,SludgeBomb|Modest||M|||50|]Toxapex||SitrusBerry|Regenerator|Infestation,Toxic,BanefulBunker,WideGuard|Bold||F|||50|]Rotom-Wash||ChoiceScarf|Levitate|HydroPump,Trick,Thunderbolt,VoltSwitch|Modest|||||50|
|inactive|Battle timer is ON: inactive players will automatically lose when time's up. (requested by Ahaaa)
|
|t:|1785964691
|teamsize|p1|4
|teamsize|p2|4
|start
|switch|p1a: Staraptor|Staraptor, L50, F|100/100
|switch|p1b: Garchomp|Garchomp, L50, M|100/100
|switch|p2a: Glimmora|Glimmora, L50, M|100/100
|switch|p2b: Toxapex|Toxapex, L50, F|100/100
|-ability|p1a: Staraptor|Intimidate|boost
|-unboost|p2a: Glimmora|atk|1
|-unboost|p2b: Toxapex|atk|1
|turn|1
|inactive|TheGayOne420 has 30 seconds left.
|
|t:|1785964718
|detailschange|p1a: Staraptor|Staraptor-Mega, L50, F
|-mega|p1a: Staraptor|Staraptor|Staraptite
|move|p2b: Toxapex|Wide Guard|p2b: Toxapex
|-singleturn|p2b: Toxapex|Wide Guard
|move|p1a: Staraptor|Close Combat|p2a: Glimmora
|-damage|p2a: Glimmora|26/100
|-boost|p1a: Staraptor|def|1
|-boost|p1a: Staraptor|spd|1
|-activate|p2a: Glimmora|ability: Toxic Debris
|-sidestart|p1: TheGayOne420|move: Toxic Spikes
|move|p1b: Garchomp|Earthquake|p2b: Toxapex|[spread] 
|-activate|p2a: Glimmora|move: Wide Guard
|-activate|p2b: Toxapex|move: Wide Guard
|-immune|p1a: Staraptor
|move|p2a: Glimmora|Mortal Spin|p1b: Garchomp|[spread] p1a,p1b
|-resisted|p1b: Garchomp|1
|-damage|p1a: Staraptor|97/100
|-damage|p1b: Garchomp|98/100
|-status|p1a: Staraptor|psn
|-status|p1b: Garchomp|psn
|
|-damage|p1a: Staraptor|85/100 psn|[from] psn
|-damage|p1b: Garchomp|85/100 psn|[from] psn
|upkeep
|turn|2
|inactive|TheGayOne420 has 30 seconds left.
|inactive|Ahaaa has 30 seconds left.
|inactive|Ahaaa has 20 seconds left.
|inactive|Ahaaa has 15 seconds left.
|inactive|Ahaaa has 10 seconds left.
|
|t:|1785964765
|switch|p2a: Rotom|Rotom-Wash, L50|100/100
|move|p1a: Staraptor|Protect|p1a: Staraptor
|-singleturn|p1a: Staraptor|Protect
|move|p1b: Garchomp|Earthquake|p2a: Rotom|[spread] p2b
|-activate|p1a: Staraptor|move: Protect
|-immune|p2a: Rotom|[from] ability: Levitate
|-supereffective|p2b: Toxapex|1
|-damage|p2b: Toxapex|52/100
|move|p2b: Toxapex|Infestation|p1b: Garchomp
|-damage|p1b: Garchomp|82/100 psn
|-activate|p1b: Garchomp|move: Infestation|[of] p2b: Toxapex
|
|-damage|p1a: Staraptor|72/100 psn|[from] psn
|-damage|p1b: Garchomp|69/100 psn|[from] psn
|-damage|p1b: Garchomp|57/100 psn|[from] move: Infestation|[partiallytrapped]
|upkeep
|turn|3
|
|t:|1785964788
|move|p2b: Toxapex|Baneful Bunker|p2b: Toxapex
|-singleturn|p2b: Toxapex|move: Protect
|move|p2a: Rotom|Volt Switch|p1a: Staraptor
|-supereffective|p1a: Staraptor|1
|-damage|p1a: Staraptor|19/100 psn
|
|t:|1785964795
|switch|p2a: Venusaur|Venusaur, L50, M|100/100|[from] Volt Switch
|move|p1a: Staraptor|Close Combat|p2a: Venusaur
|-resisted|p2a: Venusaur|1
|-damage|p2a: Venusaur|65/100
|-boost|p1a: Staraptor|def|1
|-boost|p1a: Staraptor|spd|1
|move|p1b: Garchomp|Rock Slide|p2a: Venusaur|[spread] p2a
|-activate|p2b: Toxapex|move: Protect
|-damage|p2a: Venusaur|44/100
|
|-damage|p1a: Staraptor|7/100 psn|[from] psn
|-damage|p1b: Garchomp|44/100 psn|[from] psn
|-damage|p1b: Garchomp|32/100 psn|[from] move: Infestation|[partiallytrapped]
|upkeep
|turn|4
|inactive|TheGayOne420 has 30 seconds left.
|inactive|Ahaaa has 30 seconds left.
|
|t:|1785964822
|detailschange|p2a: Venusaur|Venusaur-Mega, L50, M
|-mega|p2a: Venusaur|Venusaur|Venusaurite
|move|p2b: Toxapex|Wide Guard|p2b: Toxapex
|-singleturn|p2b: Toxapex|Wide Guard
|move|p1a: Staraptor|Roost|p1a: Staraptor
|-heal|p1a: Staraptor|57/100 psn
|-singleturn|p1a: Staraptor|move: Roost
|move|p1b: Garchomp|Rock Slide|p2b: Toxapex|[spread] 
|-activate|p2a: Venusaur|move: Wide Guard
|-activate|p2b: Toxapex|move: Wide Guard
|move|p2a: Venusaur|Giga Drain|p1b: Garchomp
|-damage|p1b: Garchomp|0 fnt
|-heal|p2a: Venusaur|60/100|[from] drain|[of] p1b: Garchomp
|faint|p1b: Garchomp
|
|-damage|p1a: Staraptor|45/100 psn|[from] psn
|upkeep
|
|t:|1785964838
|switch|p1b: Sinistcha|Sinistcha, L50|100/100
|-status|p1b: Sinistcha|psn
|-heal|p1a: Staraptor|69/100 psn|[from] ability: Hospitality|[of] p1b: Sinistcha
|turn|5
|
|t:|1785964862
|move|p2a: Venusaur|Protect|p2a: Venusaur
|-singleturn|p2a: Venusaur|Protect
|move|p1a: Staraptor|Close Combat|p2a: Venusaur
|-activate|p2a: Venusaur|move: Protect
|move|p1b: Sinistcha|Shadow Ball|p2a: Venusaur
|-activate|p2a: Venusaur|move: Protect
|move|p2b: Toxapex|Infestation|p1a: Staraptor
|-resisted|p1a: Staraptor|2
|-damage|p1a: Staraptor|69/100 psn
|-activate|p1a: Staraptor|move: Infestation|[of] p2b: Toxapex
|
|-damage|p1a: Staraptor|56/100 psn|[from] psn
|-damage|p1b: Sinistcha|87/100 psn|[from] psn
|-damage|p1a: Staraptor|44/100 psn|[from] move: Infestation|[partiallytrapped]
|upkeep
|turn|6
|inactive|Ahaaa has 30 seconds left.
|
|t:|1785964893
|move|p2b: Toxapex|Baneful Bunker|p2b: Toxapex
|-singleturn|p2b: Toxapex|move: Protect
|move|p1a: Staraptor|Close Combat|p2a: Venusaur
|-resisted|p2a: Venusaur|1
|-damage|p2a: Venusaur|31/100
|-boost|p1a: Staraptor|def|1
|-boost|p1a: Staraptor|spd|1
|move|p2a: Venusaur|Giga Drain|p1a: Staraptor
|-resisted|p1a: Staraptor|1
|-damage|p1a: Staraptor|35/100 psn
|-heal|p2a: Venusaur|35/100|[from] drain|[of] p1a: Staraptor
|move|p1b: Sinistcha|Shadow Ball|p2a: Venusaur
|-crit|p2a: Venusaur
|-damage|p2a: Venusaur|0 fnt
|faint|p2a: Venusaur
|
|-damage|p1a: Staraptor|22/100 psn|[from] psn
|-damage|p1b: Sinistcha|75/100 psn|[from] psn
|-damage|p1a: Staraptor|10/100 psn|[from] move: Infestation|[partiallytrapped]
|upkeep
|
|t:|1785964917
|switch|p2a: Glimmora|Glimmora, L50, M|26/100
|turn|7
|
|t:|1785964933
|move|p1a: Staraptor|Roost|p1a: Staraptor
|-heal|p1a: Staraptor|60/100 psn
|-singleturn|p1a: Staraptor|move: Roost
|move|p2a: Glimmora|Venoshock|p1a: Staraptor
|-damage|p1a: Staraptor|26/100 psn
|move|p1b: Sinistcha|Life Dew|p1b: Sinistcha|[spread] p1a,p1b
|-heal|p1a: Staraptor|51/100 psn
|-heal|p1b: Sinistcha|100/100 psn
|move|p2b: Toxapex|Infestation|p1b: Sinistcha
|-damage|p1b: Sinistcha|96/100 psn
|-activate|p1b: Sinistcha|move: Infestation|[of] p2b: Toxapex
|
|-damage|p1a: Staraptor|39/100 psn|[from] psn
|-damage|p1b: Sinistcha|84/100 psn|[from] psn
|-damage|p1a: Staraptor|27/100 psn|[from] move: Infestation|[partiallytrapped]
|-damage|p1b: Sinistcha|71/100 psn|[from] move: Infestation|[partiallytrapped]
|upkeep
|turn|8
|inactive|TheGayOne420 has 30 seconds left.
|
|t:|1785964963
|move|p2a: Glimmora|Spiky Shield|p2a: Glimmora
|-singleturn|p2a: Glimmora|move: Protect
|move|p2b: Toxapex|Baneful Bunker|p2b: Toxapex
|-singleturn|p2b: Toxapex|move: Protect
|move|p1b: Sinistcha|Rage Powder|p1b: Sinistcha
|-singleturn|p1b: Sinistcha|move: Rage Powder
|move|p1a: Staraptor|Roost|p1a: Staraptor
|-heal|p1a: Staraptor|77/100 psn
|-singleturn|p1a: Staraptor|move: Roost
|
|-damage|p1a: Staraptor|64/100 psn|[from] psn
|-damage|p1b: Sinistcha|59/100 psn|[from] psn
|-damage|p1a: Staraptor|52/100 psn|[from] move: Infestation|[partiallytrapped]
|-damage|p1b: Sinistcha|46/100 psn|[from] move: Infestation|[partiallytrapped]
|upkeep
|turn|9
|inactive|Ahaaa has 30 seconds left.
|
|t:|1785964990
|switch|p2a: Rotom|Rotom-Wash, L50|100/100
|move|p1a: Staraptor|Close Combat|p2a: Rotom
|-damage|p2a: Rotom|5/100
|-boost|p1a: Staraptor|def|1
|-boost|p1a: Staraptor|spd|1
|move|p1b: Sinistcha|Matcha Gotcha|p2b: Toxapex|[spread] p2a,p2b
|-supereffective|p2a: Rotom|1
|-crit|p2a: Rotom
|-damage|p2a: Rotom|0 fnt
|-heal|p1b: Sinistcha|49/100 psn|[from] drain|[of] p2a: Rotom
|-damage|p2b: Toxapex|27/100
|-heal|p1b: Sinistcha|61/100 psn|[from] drain|[of] p2b: Toxapex
|-enditem|p2b: Toxapex|Sitrus Berry|[eat]
|-heal|p2b: Toxapex|52/100|[from] item: Sitrus Berry
|faint|p2a: Rotom
|move|p2b: Toxapex|Infestation|p1b: Sinistcha
|-damage|p1b: Sinistcha|58/100 psn
|
|-damage|p1a: Staraptor|40/100 psn|[from] psn
|-damage|p1b: Sinistcha|45/100 psn|[from] psn
|-damage|p1a: Staraptor|27/100 psn|[from] move: Infestation|[partiallytrapped]
|-damage|p1b: Sinistcha|33/100 psn|[from] move: Infestation|[partiallytrapped]
|upkeep
|
|t:|1785965011
|switch|p2a: Glimmora|Glimmora, L50, M|26/100
|turn|10
|
|t:|1785965019
|move|p2b: Toxapex|Wide Guard|p2b: Toxapex
|-singleturn|p2b: Toxapex|Wide Guard
|move|p1a: Staraptor|Roost|p1a: Staraptor
|-heal|p1a: Staraptor|77/100 psn
|-singleturn|p1a: Staraptor|move: Roost
|move|p2a: Glimmora|Venoshock|p1a: Staraptor
|-damage|p1a: Staraptor|45/100 psn
|move|p1b: Sinistcha|Life Dew|p1b: Sinistcha|[spread] p1a,p1b
|-heal|p1a: Staraptor|70/100 psn
|-heal|p1b: Sinistcha|58/100 psn
|
|-damage|p1a: Staraptor|58/100 psn|[from] psn
|-damage|p1b: Sinistcha|45/100 psn|[from] psn
|-end|p1a: Staraptor|Infestation|[partiallytrapped]
|-damage|p1b: Sinistcha|33/100 psn|[from] move: Infestation|[partiallytrapped]
|upkeep
|turn|11
|
|t:|1785965043
|move|p1a: Staraptor|Close Combat|p2a: Glimmora
|-damage|p2a: Glimmora|0 fnt
|-boost|p1a: Staraptor|def|1
|-boost|p1a: Staraptor|spd|1
|-activate|p2a: Glimmora|ability: Toxic Debris
|-sidestart|p1: TheGayOne420|move: Toxic Spikes
|faint|p2a: Glimmora
|move|p1b: Sinistcha|Life Dew|p1b: Sinistcha|[spread] p1a,p1b
|-heal|p1a: Staraptor|83/100 psn
|-heal|p1b: Sinistcha|58/100 psn
|move|p2b: Toxapex|Infestation|p1a: Staraptor
|-resisted|p1a: Staraptor|2
|-damage|p1a: Staraptor|83/100 psn
|-activate|p1a: Staraptor|move: Infestation|[of] p2b: Toxapex
|
|-damage|p1a: Staraptor|70/100 psn|[from] psn
|-damage|p1b: Sinistcha|45/100 psn|[from] psn
|-damage|p1a: Staraptor|58/100 psn|[from] move: Infestation|[partiallytrapped]
|-damage|p1b: Sinistcha|33/100 psn|[from] move: Infestation|[partiallytrapped]
|upkeep
|turn|12
|inactive|TheGayOne420 has 30 seconds left.
|
|t:|1785965070
|move|p1a: Staraptor|Brave Bird|p2b: Toxapex
|-damage|p2b: Toxapex|8/100
|-damage|p1a: Staraptor|44/100 psn|[from] Recoil
|move|p1b: Sinistcha|Life Dew|p1b: Sinistcha|[spread] p1a,p1b
|-heal|p1a: Staraptor|69/100 psn
|-heal|p1b: Sinistcha|58/100 psn
|move|p2b: Toxapex|Toxic||[still]
|-fail|p2b: Toxapex
|
|-damage|p1a: Staraptor|57/100 psn|[from] psn
|-damage|p1b: Sinistcha|45/100 psn|[from] psn
|-damage|p1a: Staraptor|45/100 psn|[from] move: Infestation|[partiallytrapped]
|-end|p1b: Sinistcha|Infestation|[partiallytrapped]
|upkeep
|turn|13
|-message|Ahaaa forfeited.
|
|win|TheGayOne420
|l|☆Ahaaa
|player|p2|
||TheGayOne420 is ready for game 2.
||Ahaaa is ready for game 2.
|uhtml|next|Next: Game 2 of 3
