|j|☆bobak dotto
|j|‽johnnyboythegreat
|html|bobak dottojohnnyboythegreat    
|uhtml|bestof|Game 1 of a best-of-3
|t:|1786006782
|gametype|doubles
|player|p1|bobak dotto|169|1172
|player|p2|johnnyboythegreat|veteran|1045
|gen|9
|tier|[Gen 9 Champions] VGC 2026 Reg M-B (Bo3)
|rated|
|rule|Species Clause: Limit one of each Pokémon
|rule|Item Clause: Limit 1 of each item
|clearpoke
|poke|p1|Staraptor, L50, M|
|poke|p1|Maushold-Four, L50|
|poke|p1|Delphox, L50, M|
|poke|p1|Grimmsnarl, L50, M|
|poke|p1|Garchomp, L50, F|
|poke|p1|Basculegion, L50, M|
|poke|p2|Raichu, L50, M, shiny|
|poke|p2|Dragonite, L50, F|
|poke|p2|Incineroar, L50, F|
|poke|p2|Grimmsnarl, L50, M, shiny|
|poke|p2|Primarina, L50, F, shiny|
|poke|p2|Gholdengo, L50|
|teampreview|4
|showteam|p1|Staraptor||Staraptite|Intimidate|CloseCombat,DualWingbeat,Tailwind,Protect|Jolly||M|||50|]Maushold-Four||WideLens|Technician|PopulationBomb,FakeTears,FollowMe,Protect|Jolly|||||50|]Delphox||Delphoxite|Blaze|HeatWave,Psychic,NastyPlot,Protect|Timid||M|||50|]Grimmsnarl||LightClay|Prankster|FakeOut,Reflect,LightScreen,PartingShot|Careful||M|||50|]Garchomp||LifeOrb|RoughSkin|Earthquake,DragonClaw,RockSlide,Protect|Jolly||F|||50|]Basculegion||ChoiceScarf|Adaptability|WaveCrash,AquaJet,FlipTurn,LastRespects|Jolly||M|||50|
|showteam|p2|Raichu||RaichuniteY|LightningRod|ZapCannon,Protect,FocusBlast,AlluringVoice|Timid||M|||50|]Dragonite||DragonFang|Multiscale|DragonClaw,ExtremeSpeed,Protect,Tailwind|Adamant||F|||50|]Incineroar||SitrusBerry|Intimidate|FakeOut,PartingShot,FlareBlitz,ThroatChop|Adamant||F|||50|]Grimmsnarl||LightClay|Prankster|Reflect,LightScreen,FakeTears,FakeOut|Impish||M|||50|]Primarina||MysticWater|LiquidVoice|HyperVoice,Protect,Moonblast,EnergyBall|Modest||F|||50|]Gholdengo||MetalCoat|GoodasGold|MakeItRain,NastyPlot,Protect,ShadowBall|Modest|||||50|
|inactive|Battle timer is ON: inactive players will automatically lose when time's up. (requested by johnnyboythegreat)
|
|t:|1786006836
|teamsize|p1|4
|teamsize|p2|4
|start
|switch|p1a: Grimmsnarl|Grimmsnarl, L50, M|100/100
|switch|p1b: Basculegion|Basculegion, L50, M|100/100
|switch|p2a: Raichu|Raichu, L50, M, shiny|100/100
|switch|p2b: Dragonite|Dragonite, L50, F|100/100
|turn|1
|
|t:|1786006850
|move|p2a: Raichu|Protect|p2a: Raichu
|-singleturn|p2a: Raichu|Protect
|move|p1a: Grimmsnarl|Fake Out|p2b: Dragonite
|-damage|p2b: Dragonite|93/100
|move|p1b: Basculegion|Wave Crash|p2a: Raichu
|-activate|p2a: Raichu|move: Protect
|cant|p2b: Dragonite|flinch
|
|upkeep
|turn|2
|
|t:|1786006864
|switch|p2a: Incineroar|Incineroar, L50, F|100/100
|-ability|p2a: Incineroar|Intimidate|boost
|-unboost|p1a: Grimmsnarl|atk|1
|-unboost|p1b: Basculegion|atk|1
|move|p1a: Grimmsnarl|Reflect|p1a: Grimmsnarl
|-sidestart|p1: bobak dotto|Reflect
|move|p1b: Basculegion|Wave Crash|p2a: Incineroar
|-supereffective|p2a: Incineroar|1
|-damage|p2a: Incineroar|0 fnt
|faint|p2a: Incineroar
|-damage|p1b: Basculegion|65/100|[from] Recoil
|move|p2b: Dragonite|Dragon Claw|p1b: Basculegion
|-damage|p1b: Basculegion|16/100
|
|upkeep
|
|t:|1786006878
|switch|p2a: Primarina|Primarina, L50, F, shiny|100/100
|turn|3
|
|t:|1786006886
|switch|p1b: Staraptor|Staraptor, L50, M|100/100
|-ability|p1b: Staraptor|Intimidate|boost
|-unboost|p2a: Primarina|atk|1
|-unboost|p2b: Dragonite|atk|1
|move|p2b: Dragonite|Protect|p2b: Dragonite
|-singleturn|p2b: Dragonite|Protect
|move|p1a: Grimmsnarl|Light Screen|p1a: Grimmsnarl
|-sidestart|p1: bobak dotto|move: Light Screen
|move|p2a: Primarina|Moonblast|p1a: Grimmsnarl
|-supereffective|p1a: Grimmsnarl|1
|-damage|p1a: Grimmsnarl|34/100
|-unboost|p1a: Grimmsnarl|spa|1
|
|upkeep
|turn|4
|
|t:|1786006903
|detailschange|p1b: Staraptor|Staraptor-Mega, L50, M
|-mega|p1b: Staraptor|Staraptor|Staraptite
|move|p2a: Primarina|Protect|p2a: Primarina
|-singleturn|p2a: Primarina|Protect
|move|p1a: Grimmsnarl|Parting Shot|p2a: Primarina
|-activate|p2a: Primarina|move: Protect
|move|p1b: Staraptor|Close Combat|p2b: Dragonite
|-resisted|p2b: Dragonite|1
|-damage|p2b: Dragonite|59/100
|-boost|p1b: Staraptor|def|1
|-boost|p1b: Staraptor|spd|1
|move|p2b: Dragonite|Dragon Claw|p1b: Staraptor
|-damage|p1b: Staraptor|84/100
|
|upkeep
|turn|5
|
|t:|1786006923
|move|p1a: Grimmsnarl|Parting Shot|p2a: Primarina
|-unboost|p2a: Primarina|atk|1
|-unboost|p2a: Primarina|spa|1
|
|t:|1786006926
|switch|p1a: Maushold|Maushold-Four, L50|100/100|[from] Parting Shot
|move|p1b: Staraptor|Close Combat|p2b: Dragonite
|-resisted|p2b: Dragonite|1
|-damage|p2b: Dragonite|25/100
|-boost|p1b: Staraptor|def|1
|-boost|p1b: Staraptor|spd|1
|move|p2b: Dragonite|Tailwind|p2b: Dragonite
|-sidestart|p2: johnnyboythegreat|move: Tailwind
|move|p2a: Primarina|Moonblast|p1b: Staraptor
|-supereffective|p1b: Staraptor|1
|-damage|p1b: Staraptor|59/100
|
|upkeep
|turn|6
|
|t:|1786006943
|move|p2b: Dragonite|Dragon Claw|p1b: Staraptor
|-damage|p1b: Staraptor|46/100
|move|p1a: Maushold|Population Bomb|p2a: Primarina
|-damage|p2a: Primarina|83/100
|-damage|p2a: Primarina|67/100
|-damage|p2a: Primarina|50/100g
|-damage|p2a: Primarina|34/100
|-damage|p2a: Primarina|18/100
|-damage|p2a: Primarina|1/100
|-damage|p2a: Primarina|0 fnt
|faint|p2a: Primarina
|-hitcount|p2: Primarina|7
|move|p1b: Staraptor|Close Combat|p2b: Dragonite
|-resisted|p2b: Dragonite|1
|-damage|p2b: Dragonite|0 fnt
|-boost|p1b: Staraptor|def|1
|-boost|p1b: Staraptor|spd|1
|faint|p2b: Dragonite
|
|upkeep
|-message|johnnyboythegreat forfeited.
|raw|bobak dotto's rating: 1172 → 1188(+16 for winning)
|raw|johnnyboythegreat's rating: 1045 → 1034(-11 for losing)
|
|win|bobak dotto
|l|‽johnnyboythegreat
|player|p2|
