|j|☆indiofiero
|j|☆ThierryVGC
|html|indiofieroThierryVGC    
|uhtml|bestof|Game 2 of a best-of-3
|t:|1756429451
|gametype|doubles
|player|p1|indiofiero|swimmerf-gen4|1173
|player|p2|ThierryVGC|101|1148
|gen|9
|tier|[Gen 9] VGC 2025 Reg H (Bo3)
|rated|
|rule|Species Clause: Limit one of each Pokémon
|rule|Item Clause: Limit 1 of each item
|clearpoke
|poke|p1|Archaludon, L50, M|
|poke|p1|Dragonite, L50, F|
|poke|p1|Pelipper, L50, M|
|poke|p1|Ursaluna, L50, M|
|poke|p1|Sinistcha, L50|
|poke|p1|Gholdengo, L50|
|poke|p2|Garchomp, L50, F|
|poke|p2|Drifblim, L50, F|
|poke|p2|Indeedee, L50, M|
|poke|p2|Sneasler, L50, F|
|poke|p2|Corviknight, L50, M|
|poke|p2|Rotom-Wash, L50|
|teampreview|4
|showteam|p1|Archaludon||AssaultVest|Stamina|FlashCannon,BodyPress,ElectroShot,Snarl|||M|||50|,,,,,Fighting]Dragonite||LoadedDice|Multiscale|ScaleShot,Tailwind,Haze,Protect|||F|||50|,,,,,Fairy]Pelipper||FocusSash|Drizzle|MuddyWater,Hurricane,Tailwind,Protect|||M|||50|,,,,,Ghost]Ursaluna||FlameOrb|Guts|Facade,HeadlongRush,Earthquake,Protect|||M|||50|,,,,,Ghost]Sinistcha||SitrusBerry|Hospitality|MatchaGotcha,LifeDew,RagePowder,TrickRoom||||||50|,,,,,Dark]Gholdengo||ChoiceScarf|GoodasGold|MakeItRain,ShadowBall,Trick,Protect||||||50|,,,,,Flying
|showteam|p2|Garchomp||LifeOrb|RoughSkin|Earthquake,StompingTantrum,DragonClaw,Protect|||F|||50|,,,,,Ground]Drifblim||PsychicSeed|Unburden|Acrobatics,Disable,Tailwind,Haze|||F|||50|,,,,,Grass]Indeedee||FocusSash|PsychicSurge|ExpandingForce,TeraBlast,Imprison,TrickRoom|||M|||50|,,,,,Ground]Sneasler||WhiteHerb|Unburden|DireClaw,CloseCombat,ThroatChop,Protect|||F|||50|,,,,,Dark]Corviknight||Leftovers|MirrorArmor|BraveBird,BodyPress,BulkUp,Roost|||M|||50|,,,,,Dragon]Rotom-Wash||SafetyGoggles|Levitate|Thunderbolt,HydroPump,WillOWisp,Protect||||||50|,,,,,Electric
|
|t:|1756429468
|teamsize|p1|4
|teamsize|p2|4
|start
|switch|p1a: Gholdengo|Gholdengo, L50|100/100
|switch|p1b: Dragonite|Dragonite, L50, F|100/100
|switch|p2a: Indeedee|Indeedee, L50, M|100/100
|switch|p2b: Drifblim|Drifblim, L50, F|100/100
|-fieldstart|move: Psychic Terrain|[from] ability: Psychic Surge|[of] p2a: Indeedee
|-enditem|p2b: Drifblim|Psychic Seed
|-boost|p2b: Drifblim|spd|1|[from] item: Psychic Seed
|turn|1
|
|t:|1756429487
|switch|p1a: Sinistcha|Sinistcha, L50|100/100
|move|p2b: Drifblim|Tailwind|p2b: Drifblim
|-sidestart|p2: ThierryVGC|move: Tailwind
|move|p2a: Indeedee|Expanding Force|p1a: Sinistcha|[spread] p1a,p1b
|-damage|p1a: Sinistcha|51/100
|-damage|p1b: Dragonite|72/100
|move|p1b: Dragonite|Scale Shot|p2b: Drifblim
|-damage|p2b: Drifblim|86/100
|-damage|p2b: Drifblim|72/100
|-damage|p2b: Drifblim|59/100
|-crit|p2b: Drifblim
|-damage|p2b: Drifblim|36/100
|-hitcount|p2b: Drifblim|4
|-unboost|p1b: Dragonite|def|1
|-boost|p1b: Dragonite|spe|1
|
|upkeep
|turn|2
|
|t:|1756429508
|-terastallize|p1a: Sinistcha|Dark
|move|p2b: Drifblim|Acrobatics|p1a: Sinistcha
|-damage|p1a: Sinistcha|22/100
|-enditem|p1a: Sinistcha|Sitrus Berry|[eat]
|-heal|p1a: Sinistcha|47/100|[from] item: Sitrus Berry
|move|p2a: Indeedee|Expanding Force|p1a: Sinistcha|[spread] p1b
|-immune|p1a: Sinistcha
|-damage|p1b: Dragonite|10/100
|move|p1b: Dragonite|Scale Shot|p2a: Indeedee|[miss]
|-miss|p1b: Dragonite|p2a: Indeedee
|move|p1a: Sinistcha|Trick Room|p1a: Sinistcha
|-fieldstart|move: Trick Room|[of] p1a: Sinistcha
|
|upkeep
|turn|3
|
|t:|1756429541
|switch|p1a: Archaludon|Archaludon, L50, M|100/100
|move|p1b: Dragonite|Scale Shot|p2a: Indeedee
|-damage|p2a: Indeedee|72/100
|-damage|p2a: Indeedee|42/100
|-damage|p2a: Indeedee|10/100
|-damage|p2a: Indeedee|0 fnt
|faint|p2a: Indeedee
|-hitcount|p2: Indeedee|4
|-unboost|p1b: Dragonite|def|1
|-boost|p1b: Dragonite|spe|1
|move|p2b: Drifblim|Acrobatics|p1a: Archaludon
|-resisted|p1a: Archaludon
|-damage|p1a: Archaludon|91/100
|-ability|p1a: Archaludon|Stamina|boost
|-boost|p1a: Archaludon|def|1
|
|upkeep
|
|t:|1756429563
|switch|p2a: Corviknight|Corviknight, L50, M|100/100
|turn|4
|
|t:|1756429592
|switch|p1b: Sinistcha|Sinistcha, L50, tera:Dark|47/100
|-heal|p1a: Archaludon|100/100|[from] ability: Hospitality|[of] p1b: Sinistcha
|-terastallize|p2a: Corviknight|Dragon
|move|p1a: Archaludon|Flash Cannon|p2b: Drifblim
|-damage|p2b: Drifblim|10/100
|-unboost|p2b: Drifblim|spd|1
|move|p2a: Corviknight|Body Press|p1b: Sinistcha
|-supereffective|p1b: Sinistcha
|-damage|p1b: Sinistcha|3/100
|move|p2b: Drifblim|Haze|p2b: Drifblim
|-clearallboost
|
|-sideend|p2: ThierryVGC|move: Tailwind
|upkeep
|turn|5
|
|t:|1756429622
|switch|p1b: Gholdengo|Gholdengo, L50|100/100
|move|p2a: Corviknight|Bulk Up|p2a: Corviknight
|-boost|p2a: Corviknight|atk|1
|-boost|p2a: Corviknight|def|1
|move|p1a: Archaludon|Flash Cannon|p2b: Drifblim
|-damage|p2b: Drifblim|0 fnt
|faint|p2b: Drifblim
|
|-fieldend|move: Psychic Terrain
|upkeep
|
|t:|1756429631
|switch|p2b: Garchomp|Garchomp, L50, F|100/100
|turn|6
|
|t:|1756429662
|switch|p1b: Sinistcha|Sinistcha, L50, tera:Dark|3/100
|move|p2a: Corviknight|Bulk Up|p2a: Corviknight
|-boost|p2a: Corviknight|atk|1
|-boost|p2a: Corviknight|def|1
|move|p1a: Archaludon|Body Press|p2b: Garchomp
|-damage|p2b: Garchomp|76/100
|-damage|p1a: Archaludon|88/100|[from] ability: Rough Skin|[of] p2b: Garchomp
|move|p2b: Garchomp|Stomping Tantrum|p1b: Sinistcha
|-damage|p1b: Sinistcha|0 fnt
|faint|p1b: Sinistcha
|-damage|p2b: Garchomp|67/100|[from] item: Life Orb
|
|-fieldend|move: Trick Room
|upkeep
|
|t:|1756429683
|switch|p1b: Gholdengo|Gholdengo, L50|100/100
|turn|7
|
|t:|1756429716
|move|p1b: Gholdengo|Make It Rain|p2a: Corviknight|[spread] p2a,p2b
|-damage|p2a: Corviknight|58/100
|-damage|p2b: Garchomp|14/100
|-unboost|p1b: Gholdengo|spa|1
|move|p2b: Garchomp|Earthquake|p1a: Archaludon|[spread] p2a,p1a,p1b
|-supereffective|p1a: Archaludon
|-supereffective|p1b: Gholdengo
|-damage|p2a: Corviknight|42/100
|-damage|p1a: Archaludon|25/100
|-damage|p1b: Gholdengo|0 fnt
|-ability|p1a: Archaludon|Stamina|boost
|-boost|p1a: Archaludon|def|1
|faint|p1b: Gholdengo
|-damage|p2b: Garchomp|5/100|[from] item: Life Orb
|move|p1a: Archaludon|Body Press|p2b: Garchomp
|-damage|p2b: Garchomp|0 fnt
|-damage|p1a: Archaludon|13/100|[from] ability: Rough Skin|[of] p2b: Garchomp
|faint|p2b: Garchomp
|move|p2a: Corviknight|Body Press|p1a: Archaludon
|-supereffective|p1a: Archaludon
|-damage|p1a: Archaludon|0 fnt
|faint|p1a: Archaludon
|
|-heal|p2a: Corviknight|48/100|[from] item: Leftovers
|upkeep
|
|t:|1756429735
|switch|p1a: Dragonite|Dragonite, L50, F|10/100
|turn|8
|
|t:|1756429747
|move|p1a: Dragonite|Scale Shot|p2a: Corviknight
|-supereffective|p2a: Corviknight
|-damage|p2a: Corviknight|37/100
|-supereffective|p2a: Corviknight
|-damage|p2a: Corviknight|25/100
|-supereffective|p2a: Corviknight
|-damage|p2a: Corviknight|15/100
|-supereffective|p2a: Corviknight
|-damage|p2a: Corviknight|3/100
|-hitcount|p2a: Corviknight|4
|-unboost|p1a: Dragonite|def|1
|-boost|p1a: Dragonite|spe|1
|move|p2a: Corviknight|Body Press|p1a: Dragonite
|-resisted|p1a: Dragonite
|-damage|p1a: Dragonite|0 fnt
|faint|p1a: Dragonite
|
|win|ThierryVGC
|inactive|indiofiero has 30 seconds to confirm battle start!
|inactive|ThierryVGC has 30 seconds to confirm battle start!
||indiofiero is ready for game 3.
||indiofiero is ready for game 3.
||ThierryVGC is ready for game 3.
|uhtml|next|Next: Game 3 of 3
