|j|☆FrancoilCieco777
|j|‽beckaivgccoach
|html|FrancoilCieco777beckaivgccoach    
|uhtml|bestof|Game 1 of a best-of-3
|t:|1756246366
|gametype|doubles
|player|p1|FrancoilCieco777|baker|1025
|player|p2|beckaivgccoach|265|1057
|gen|9
|tier|[Gen 9] VGC 2025 Reg H (Bo3)
|rated|
|rule|Species Clause: Limit one of each Pokémon
|rule|Item Clause: Limit 1 of each item
|clearpoke
|poke|p1|Arcanine, L50, F|
|poke|p1|Haxorus, L50, M|
|poke|p1|Sneasler, L50, F|
|poke|p1|Samurott-Hisui, L50, M|
|poke|p1|Gholdengo, L50|
|poke|p1|Amoonguss, L50, M|
|poke|p2|Garganacl, L50, M|
|poke|p2|Volcarona, L50, F|
|poke|p2|Dondozo, L50, F|
|poke|p2|Grimmsnarl, L50, M|
|poke|p2|Rillaboom, L50, F|
|poke|p2|Tyranitar, L50, M|
|teampreview|4
|showteam|p1|Arcanine||MirrorHerb|Intimidate|ExtremeSpeed,FlareBlitz,Protect,WillOWisp|||F|||50|,,,,,Normal]Haxorus||ClearAmulet|MoldBreaker|DragonClaw,FirstImpression,IronHead,Protect|||M|||50|,,,,,Steel]Sneasler||FocusSash|PoisonTouch|FakeOut,CloseCombat,DireClaw,Coaching|||F|||50|,,,,,Ghost]Samurott-Hisui||AssaultVest|Sharpness|AquaCutter,SacredSword,NightSlash,SuckerPunch|||M|||50|,,,,,Ghost]Gholdengo||ChoiceScarf|GoodasGold|MakeItRain,ShadowBall,Trick,Protect||||||50|,,,,,Steel]Amoonguss||CovertCloak|Regenerator|Spore,RagePowder,ClearSmog,Protect|||M|||50|,,,,,Electric
|showteam|p2|Garganacl||SitrusBerry|PurifyingSalt|SaltCure,Recover,WideGuard,Protect|||M|||50|,,,,,Poison]Volcarona||Leftovers|FlameBody|HeatWave,GigaDrain,QuiverDance,Protect|||F|||50|,,,,,Dragon]Dondozo||SafetyGoggles|Unaware|WaveCrash,Fissure,Yawn,Protect|||F|||50|,,,,,Dragon]Grimmsnarl||LightClay|Prankster|SpiritBreak,ThunderWave,Reflect,LightScreen|||M|||50|,,,,,Ghost]Rillaboom||MiracleSeed|GrassySurge|WoodHammer,GrassyGlide,Uturn,FakeOut|||F|||50|,,,,,Grass]Tyranitar||AssaultVest|SandStream|RockSlide,KnockOff,TeraBlast,SandTomb|||M|||50|,,,,,Flying
|inactive|Battle timer is ON: inactive players will automatically lose when time's up. (requested by FrancoilCieco777)
|
|t:|1756246394
|teamsize|p1|4
|teamsize|p2|4
|start
|switch|p1a: Arcanine|Arcanine, L50, F|100/100
|switch|p1b: Sneasler|Sneasler, L50, F|100/100
|switch|p2a: Grimmsnarl|Grimmsnarl, L50, M|100/100
|switch|p2b: Garganacl|Garganacl, L50, M|100/100
|-ability|p1a: Arcanine|Intimidate|boost
|-unboost|p2a: Grimmsnarl|atk|1
|-unboost|p2b: Garganacl|atk|1
|turn|1
|
|t:|1756246414
|move|p2b: Garganacl|Protect|p2b: Garganacl
|-singleturn|p2b: Garganacl|Protect
|move|p2a: Grimmsnarl|Reflect|p2a: Grimmsnarl
|-sidestart|p2: beckaivgccoach|Reflect
|move|p1b: Sneasler|Close Combat|p2b: Garganacl
|-activate|p2b: Garganacl|move: Protect
|move|p1a: Arcanine|Will-O-Wisp|p2a: Grimmsnarl
|-status|p2a: Grimmsnarl|brn
|
|-damage|p2a: Grimmsnarl|95/100 brn|[from] brn
|upkeep
|turn|2
|
|t:|1756246427
|move|p2a: Grimmsnarl|Thunder Wave|p1b: Sneasler
|-status|p1b: Sneasler|par
|move|p1a: Arcanine|Flare Blitz|p2a: Grimmsnarl
|-damage|p2a: Grimmsnarl|58/100 brn
|-damage|p1a: Arcanine|86/100|[from] Recoil
|move|p1b: Sneasler|Close Combat|p2b: Garganacl
|-supereffective|p2b: Garganacl
|-damage|p2b: Garganacl|42/100
|-unboost|p1b: Sneasler|def|1
|-unboost|p1b: Sneasler|spd|1
|-enditem|p2b: Garganacl|Sitrus Berry|[eat]
|-heal|p2b: Garganacl|67/100|[from] item: Sitrus Berry
|move|p2b: Garganacl|Salt Cure|p1a: Arcanine
|-supereffective|p1a: Arcanine
|-damage|p1a: Arcanine|63/100
|-start|p1a: Arcanine|Salt Cure
|
|-damage|p2a: Grimmsnarl|52/100 brn|[from] brn
|-damage|p1a: Arcanine|51/100|[from] Salt Cure
|upkeep
|turn|3
|
|t:|1756246447
|switch|p1a: Gholdengo|Gholdengo, L50|100/100
|move|p1b: Sneasler|Dire Claw|p2a: Grimmsnarl
|-supereffective|p2a: Grimmsnarl
|-damage|p2a: Grimmsnarl|2/100 brn
|move|p2a: Grimmsnarl|Spirit Break|p1b: Sneasler
|-damage|p1b: Sneasler|77/100 par
|-unboost|p1b: Sneasler|spa|1
|move|p2b: Garganacl|Recover|p2b: Garganacl
|-heal|p2b: Garganacl|100/100
|
|-damage|p2a: Grimmsnarl|0 fnt|[from] brn
|faint|p2a: Grimmsnarl
|upkeep
|
|t:|1756246460
|switch|p2a: Volcarona|Volcarona, L50, F|100/100
|turn|4
|
|t:|1756246469
|move|p2a: Volcarona|Protect|p2a: Volcarona
|-singleturn|p2a: Volcarona|Protect
|move|p1a: Gholdengo|Shadow Ball|p2a: Volcarona
|-activate|p2a: Volcarona|move: Protect
|move|p1b: Sneasler|Dire Claw|p2a: Volcarona
|-activate|p2a: Volcarona|move: Protect
|move|p2b: Garganacl|Salt Cure|p1a: Gholdengo
|-resisted|p1a: Gholdengo
|-damage|p1a: Gholdengo|95/100
|-start|p1a: Gholdengo|Salt Cure
|
|-damage|p1a: Gholdengo|70/100|[from] Salt Cure
|upkeep
|turn|5
|
|t:|1756246483
|move|p1a: Gholdengo|Shadow Ball|p2a: Volcarona
|-damage|p2a: Volcarona|64/100
|move|p2a: Volcarona|Quiver Dance|p2a: Volcarona
|-boost|p2a: Volcarona|spa|1
|-boost|p2a: Volcarona|spd|1
|-boost|p2a: Volcarona|spe|1
|move|p1b: Sneasler|Dire Claw|p2a: Volcarona
|-damage|p2a: Volcarona|40/100
|-status|p2a: Volcarona|psn|[from] ability: Poison Touch|[of] p1b: Sneasler
|move|p2b: Garganacl|Salt Cure|p1b: Sneasler
|-resisted|p1b: Sneasler
|-damage|p1b: Sneasler|65/100 par
|-start|p1b: Sneasler|Salt Cure
|
|-heal|p2a: Volcarona|46/100 psn|[from] item: Leftovers
|-damage|p2a: Volcarona|33/100 psn|[from] psn
|-damage|p1a: Gholdengo|45/100|[from] Salt Cure
|-damage|p1b: Sneasler|53/100 par|[from] Salt Cure
|upkeep
|turn|6
|
|t:|1756246505
|switch|p1a: Samurott|Samurott-Hisui, L50, M|100/100
|switch|p1b: Arcanine|Arcanine, L50, F|51/100
|-ability|p1b: Arcanine|Intimidate|boost
|-unboost|p2a: Volcarona|atk|1
|-unboost|p2b: Garganacl|atk|1
|move|p2a: Volcarona|Protect|p2a: Volcarona
|-singleturn|p2a: Volcarona|Protect
|move|p2b: Garganacl|Salt Cure|p1b: Arcanine
|-supereffective|p1b: Arcanine
|-damage|p1b: Arcanine|32/100
|-start|p1b: Arcanine|Salt Cure
|
|-heal|p2a: Volcarona|39/100 psn|[from] item: Leftovers
|-damage|p2a: Volcarona|27/100 psn|[from] psn
|-damage|p1b: Arcanine|20/100|[from] Salt Cure
|upkeep
|turn|7
|
|t:|1756246520
|move|p1b: Arcanine|Extreme Speed|p2a: Volcarona
|-damage|p2a: Volcarona|13/100 psn
|move|p2a: Volcarona|Giga Drain|p1a: Samurott
|-supereffective|p1a: Samurott
|-damage|p1a: Samurott|41/100
|-heal|p2a: Volcarona|40/100 psn|[from] drain|[of] p1a: Samurott
|move|p1a: Samurott|Aqua Cutter|p2b: Garganacl
|-supereffective|p2b: Garganacl
|-damage|p2b: Garganacl|54/100
|move|p2b: Garganacl|Salt Cure|p1a: Samurott
|-damage|p1a: Samurott|31/100
|-start|p1a: Samurott|Salt Cure
|
|-heal|p2a: Volcarona|46/100 psn|[from] item: Leftovers
|-damage|p2a: Volcarona|33/100 psn|[from] psn
|-damage|p1b: Arcanine|8/100|[from] Salt Cure
|-damage|p1a: Samurott|7/100|[from] Salt Cure
|upkeep
|turn|8
|
|t:|1756246538
|switch|p1b: Gholdengo|Gholdengo, L50|45/100
|switch|p1a: Sneasler|Sneasler, L50, F|53/100 par
|move|p2a: Volcarona|Heat Wave|p1b: Gholdengo|[spread] p1b
|-miss|p2a: Volcarona|p1a: Sneasler
|-supereffective|p1b: Gholdengo
|-damage|p1b: Gholdengo|0 fnt
|faint|p1b: Gholdengo
|move|p2b: Garganacl|Recover|p2b: Garganacl
|-heal|p2b: Garganacl|100/100
|
|-heal|p2a: Volcarona|39/100 psn|[from] item: Leftovers
|-damage|p2a: Volcarona|27/100 psn|[from] psn
|-sideend|p2: beckaivgccoach|Reflect
|upkeep
|
|t:|1756246552
|switch|p1b: Arcanine|Arcanine, L50, F|8/100
|-ability|p1b: Arcanine|Intimidate|boost
|-unboost|p2a: Volcarona|atk|1
|-unboost|p2b: Garganacl|atk|1
|turn|9
|
|t:|1756246561
|move|p1b: Arcanine|Protect|p1b: Arcanine
|-singleturn|p1b: Arcanine|Protect
|move|p2a: Volcarona|Heat Wave|p1b: Arcanine|[spread] p1a
|-activate|p1b: Arcanine|move: Protect
|-damage|p1a: Sneasler|0 fnt
|faint|p1a: Sneasler
|move|p2b: Garganacl|Salt Cure|p1b: Arcanine
|-activate|p1b: Arcanine|move: Protect
|
|-heal|p2a: Volcarona|33/100 psn|[from] item: Leftovers
|-damage|p2a: Volcarona|21/100 psn|[from] psn
|upkeep
|
|t:|1756246566
|switch|p1a: Samurott|Samurott-Hisui, L50, M|7/100
|turn|10
|
|t:|1756246574
|-terastallize|p1b: Arcanine|Normal
|move|p1b: Arcanine|Extreme Speed|p2a: Volcarona
|-damage|p2a: Volcarona|0 fnt
|-status|p1b: Arcanine|brn|[from] ability: Flame Body|[of] p2a: Volcarona
|faint|p2a: Volcarona
|move|p1a: Samurott|Aqua Cutter|p2b: Garganacl
|-supereffective|p2b: Garganacl
|-damage|p2b: Garganacl|33/100
|move|p2b: Garganacl|Salt Cure|p1a: Samurott
|-damage|p1a: Samurott|0 fnt
|faint|p1a: Samurott
|
|-damage|p1b: Arcanine|2/100 brn|[from] brn
|upkeep
|
|t:|1756246581
|switch|p2a: Tyranitar|Tyranitar, L50, M|100/100
|-weather|Sandstorm|[from] ability: Sand Stream|[of] p2a: Tyranitar
|turn|11
|
|t:|1756246587
|move|p1b: Arcanine|Protect|p1b: Arcanine
|-singleturn|p1b: Arcanine|Protect
|move|p2a: Tyranitar|Knock Off|p1b: Arcanine
|-activate|p1b: Arcanine|move: Protect
|move|p2b: Garganacl|Salt Cure|p1b: Arcanine
|-activate|p1b: Arcanine|move: Protect
|
|-weather|Sandstorm|[upkeep]
|-damage|p1b: Arcanine|0 fnt|[from] Sandstorm
|faint|p1b: Arcanine
|
|win|beckaivgccoach
