|j|☆kariuus
|j|☆ew stinky monkey
|html|kariuusew stinky monkey    
|uhtml|bestof|Game 1 of a best-of-3
|t:|1756501909
|gametype|doubles
|player|p1|kariuus|102|1067
|player|p2|ew stinky monkey|beauty-gen2jp|1000
|gen|9
|tier|[Gen 9] VGC 2025 Reg H (Bo3)
|rated|
|rule|Species Clause: Limit one of each Pokémon
|rule|Item Clause: Limit 1 of each item
|clearpoke
|poke|p1|Annihilape, L50, M|
|poke|p1|Sinistcha, L50|
|poke|p1|Ursaluna, L50, F|
|poke|p1|Pelipper, L50, M|
|poke|p1|Maushold, L50|
|poke|p1|Archaludon, L50, F|
|poke|p2|Indeedee-F, L50, F|
|poke|p2|Delphox, L50, M|
|poke|p2|Dragonite, L50, F|
|poke|p2|Annihilape, L50, F|
|poke|p2|Ursaluna, L50, F|
|poke|p2|Porygon2, L50|
|teampreview|4
|showteam|p1|Annihilape||Leftovers|Defiant|DrainPunch,RageFist,BulkUp,Protect|||M|||50|,,,,,Water]Sinistcha||SitrusBerry|Hospitality|MatchaGotcha,RagePowder,LifeDew,Protect||||||50|,,,,,Water]Ursaluna||FlameOrb|Guts|Facade,HeadlongRush,Earthquake,Protect|||F|||50|,,,,,Ghost]Pelipper||FocusSash|Drizzle|WeatherBall,Protect,Tailwind,Hurricane|||M|||50|,,,,,Ghost]Maushold||SafetyGoggles|FriendGuard|Taunt,BeatUp,FollowMe,Protect||||||50|,,,,,Ghost]Archaludon||AssaultVest|Stamina|DracoMeteor,ElectroShot,Snarl,BodyPress|||F|||50|,,,,,Bug
|showteam|p2|Indeedee-F||SitrusBerry|PsychicSurge|Protect,HelpingHand,FollowMe,Psychic|||F|||50|,,,,,Fairy]Delphox||LifeOrb|Blaze|Protect,ExpandingForce,Flamethrower,TeraBlast|||M|||50|,,,,,Fighting]Dragonite||LoadedDice|Multiscale|Protect,ScaleShot,LowKick,Tailwind|||F|||50|,,,,,Fairy]Annihilape||SafetyGoggles|Defiant|RageFist,CloseCombat,Coaching,Taunt|||F|||50|,,,,,Steel]Ursaluna||FlameOrb|Guts|Protect,HeadlongRush,Earthquake,Facade|||F|||50|,,,,,Water]Porygon2||Eviolite|Download|TeraBlast,IceBeam,TrickRoom,Recover||||||50|,,,,,Ground
|
|t:|1756501961
|teamsize|p1|4
|teamsize|p2|4
|start
|switch|p1a: Maushold|Maushold, L50|100/100
|switch|p1b: Archaludon|Archaludon, L50, F|100/100
|switch|p2a: Indeedee|Indeedee-F, L50, F|100/100
|switch|p2b: Delphox|Delphox, L50, M|100/100
|-fieldstart|move: Psychic Terrain|[from] ability: Psychic Surge|[of] p2a: Indeedee
|turn|1
|
|t:|1756501996
|-terastallize|p1b: Archaludon|Bug
|move|p2a: Indeedee|Helping Hand|p2b: Delphox
|-singleturn|p2b: Delphox|Helping Hand|[of] p2a: Indeedee
|move|p1a: Maushold|Beat Up|p1b: Archaludon
|-damage|p1b: Archaludon|99/100
|-ability|p1b: Archaludon|Stamina|boost
|-boost|p1b: Archaludon|def|1
|-damage|p1b: Archaludon|98/100
|-ability|p1b: Archaludon|Stamina|boost
|-boost|p1b: Archaludon|def|1
|-damage|p1b: Archaludon|97/100
|-ability|p1b: Archaludon|Stamina|boost
|-boost|p1b: Archaludon|def|1
|-damage|p1b: Archaludon|96/100
|-ability|p1b: Archaludon|Stamina|boost
|-boost|p1b: Archaludon|def|1
|-hitcount|p1b: Archaludon|4
|move|p2b: Delphox|Expanding Force|p1a: Maushold|[spread] p1a,p1b
|-damage|p1a: Maushold|0 fnt
|-damage|p1b: Archaludon|32/100
|-ability|p1b: Archaludon|Stamina|boost
|-boost|p1b: Archaludon|def|1
|faint|p1a: Maushold
|-damage|p2b: Delphox|91/100|[from] item: Life Orb
|move|p1b: Archaludon|Snarl|p2b: Delphox|[spread] p2a,p2b
|-supereffective|p2a: Indeedee
|-supereffective|p2b: Delphox
|-damage|p2a: Indeedee|76/100
|-damage|p2b: Delphox|59/100
|-unboost|p2a: Indeedee|spa|1
|-unboost|p2b: Delphox|spa|1
|
|upkeep
|
|t:|1756502024
|switch|p1a: Sinistcha|Sinistcha, L50|100/100
|-heal|p1b: Archaludon|57/100|[from] ability: Hospitality|[of] p1a: Sinistcha
|turn|2
|
|t:|1756502053
|move|p2a: Indeedee|Helping Hand|p2b: Delphox
|-singleturn|p2b: Delphox|Helping Hand|[of] p2a: Indeedee
|move|p2b: Delphox|Expanding Force|p1b: Archaludon|[spread] p1a,p1b
|-damage|p1a: Sinistcha|25/100
|-damage|p1b: Archaludon|6/100
|-ability|p1b: Archaludon|Stamina|boost
|-boost|p1b: Archaludon|def|1
|-enditem|p1a: Sinistcha|Sitrus Berry|[eat]
|-heal|p1a: Sinistcha|50/100|[from] item: Sitrus Berry
|-damage|p2b: Delphox|49/100|[from] item: Life Orb
|move|p1b: Archaludon|Snarl|p2b: Delphox|[spread] p2a,p2b
|-supereffective|p2a: Indeedee
|-crit|p2a: Indeedee
|-supereffective|p2b: Delphox
|-damage|p2a: Indeedee|34/100
|-damage|p2b: Delphox|16/100
|-unboost|p2a: Indeedee|spa|1
|-unboost|p2b: Delphox|spa|1
|-enditem|p2a: Indeedee|Sitrus Berry|[eat]
|-heal|p2a: Indeedee|59/100|[from] item: Sitrus Berry
|move|p1a: Sinistcha|Matcha Gotcha|p2b: Delphox|[spread] p2a,p2b
|-resisted|p2b: Delphox
|-damage|p2a: Indeedee|35/100
|-heal|p1a: Sinistcha|62/100|[from] drain|[of] p2a: Indeedee
|-damage|p2b: Delphox|2/100
|-heal|p1a: Sinistcha|68/100|[from] drain|[of] p2b: Delphox
|-status|p2a: Indeedee|brn
|
|-damage|p2a: Indeedee|29/100 brn|[from] brn
|upkeep
|turn|3
|
|t:|1756502102
|switch|p1b: Ursaluna|Ursaluna, L50, F|100/100
|switch|p2a: Porygon2|Porygon2, L50|100/100
|-ability|p2a: Porygon2|Download|boost
|-boost|p2a: Porygon2|spa|1
|move|p2b: Delphox|Expanding Force|p1a: Sinistcha|[spread] p1a,p1b
|-damage|p1a: Sinistcha|26/100
|-damage|p1b: Ursaluna|69/100
|-damage|p2b: Delphox|0 fnt|[from] item: Life Orb
|faint|p2b: Delphox
|move|p1a: Sinistcha|Life Dew|p1a: Sinistcha|[spread] p1a,p1b
|-heal|p1a: Sinistcha|51/100
|-heal|p1b: Ursaluna|94/100
|
|-status|p1b: Ursaluna|brn|[from] item: Flame Orb
|upkeep
|
|t:|1756502113
|switch|p2b: Annihilape|Annihilape, L50, F|100/100
|turn|4
|
|t:|1756502141
|move|p1a: Sinistcha|Rage Powder|p1a: Sinistcha
|-singleturn|p1a: Sinistcha|move: Rage Powder
|move|p2b: Annihilape|Close Combat|p1b: Ursaluna
|-supereffective|p1b: Ursaluna
|-damage|p1b: Ursaluna|23/100 brn
|-unboost|p2b: Annihilape|def|1
|-unboost|p2b: Annihilape|spd|1
|move|p2a: Porygon2|Ice Beam|p1a: Sinistcha
|-supereffective|p1a: Sinistcha
|-damage|p1a: Sinistcha|0 fnt
|faint|p1a: Sinistcha
|move|p1b: Ursaluna|Facade|p2a: Porygon2
|-damage|p2a: Porygon2|24/100
|
|-damage|p1b: Ursaluna|17/100 brn|[from] brn
|upkeep
|
|t:|1756502156
|switch|p1a: Archaludon|Archaludon, L50, F, tera:Bug|6/100
|turn|5
|
|t:|1756502176
|move|p1b: Ursaluna|Protect|p1b: Ursaluna
|-singleturn|p1b: Ursaluna|Protect
|move|p2b: Annihilape|Rage Fist|p1a: Archaludon
|-crit|p1a: Archaludon
|-damage|p1a: Archaludon|0 fnt
|faint|p1a: Archaludon
|move|p2a: Porygon2|Ice Beam|p1b: Ursaluna
|-activate|p1b: Ursaluna|move: Protect
|
|-damage|p1b: Ursaluna|11/100 brn|[from] brn
|-fieldend|move: Psychic Terrain
|upkeep
|turn|6
|
|t:|1756502192
|move|p2b: Annihilape|Close Combat|p1b: Ursaluna
|-supereffective|p1b: Ursaluna
|-damage|p1b: Ursaluna|0 fnt
|-unboost|p2b: Annihilape|def|1
|-unboost|p2b: Annihilape|spd|1
|faint|p1b: Ursaluna
|
|win|ew stinky monkey
||ew stinky monkey is ready for game 2.
|inactive|kariuus has 30 seconds to confirm battle start!
||kariuus is ready for game 2.
|uhtml|next|Next: Game 2 of 3
