|j|☆trafa preparate
|j|☆trafalgar_vgc
|html|trafa preparatetrafalgar_vgc    
|uhtml|bestof|Game 3 of a best-of-3
|t:|1757714669
|gametype|doubles
|player|p1|trafa preparate|colress|
|player|p2|trafalgar_vgc|cynthia-masters|
|gen|9
|tier|[Gen 9] VGC 2025 Reg H (Bo3)
|rule|Species Clause: Limit one of each Pokémon
|rule|Item Clause: Limit 1 of each item
|clearpoke
|poke|p1|Kingambit, L50, M|
|poke|p1|Electabuzz, L50, F|
|poke|p1|Rillaboom, L50, M|
|poke|p1|Ninetales-Alola, L50, F|
|poke|p1|Dragonite, L50, M|
|poke|p1|Blaziken, L50, F|
|poke|p2|Zoroark-Hisui, L50, F|
|poke|p2|Maushold, L50|
|poke|p2|Archaludon, L50, M|
|poke|p2|Pelipper, L50, F|
|poke|p2|Basculegion, L50, M|
|poke|p2|Spiritomb, L50, M|
|teampreview|4
|showteam|p1|Kingambit||BlackGlasses|Defiant|SwordsDance,Protect,KowtowCleave,SuckerPunch|||M|||50|,,,,,Dark]Electabuzz||Eviolite|VitalSpirit|FollowMe,Electroweb,Protect,Taunt|||F|||50|,,,,,Dragon]Rillaboom||AssaultVest|GrassySurge|GrassyGlide,WoodHammer,HighHorsepower,FakeOut|||M|||50|,,,,,Fire]Ninetales-Alola||FocusSash|SnowWarning|FreezeDry,Blizzard,Encore,Protect|||F|||50|,,,,,Ghost]Dragonite||LoadedDice|Multiscale|ScaleShot,IronHead,Protect,Haze|||M|||50|,,,,,Steel]Blaziken||LifeOrb|SpeedBoost|AuraSphere,HeatWave,Protect,Coaching|||F|||50|,,,,,Stellar
|showteam|p2|Zoroark-Hisui||ChoiceSpecs|Illusion|FocusBlast,ShadowBall,HyperBeam,IcyWind|||F|||50|,,,,,Stellar]Maushold||WideLens|Technician|PopulationBomb,FollowMe,Taunt,Protect||||||50|,,,,,Ghost]Archaludon||AssaultVest|Stamina|ElectroShot,DracoMeteor,Snarl,BodyPress|||M|||50|,,,,,Fairy]Pelipper||FocusSash|Drizzle|Hurricane,WeatherBall,Protect,Tailwind|||F|||50|,,,,,Ghost]Basculegion||ChoiceBand|SwiftSwim|WaveCrash,FlipTurn,LastRespects,AquaJet|||M|||50|,,,,,Water]Spiritomb||LifeOrb|Infiltrator|Psychic,FoulPlay,AllySwitch,DarkPulse|||M|||50|,,,,,Poison
|inactive|Battle timer is ON: inactive players will automatically lose when time's up. (requested by trafalgar_vgc)
|
|t:|1757714679
|teamsize|p1|4
|teamsize|p2|4
|start
|switch|p1a: Blaziken|Blaziken, L50, F|100/100
|switch|p1b: Kingambit|Kingambit, L50, M|100/100
|switch|p2a: Los Yagami|Maushold, L50, shiny|100/100
|switch|p2b: ArchaluGon|Archaludon, L50, M, shiny|100/100
|turn|1
|j| NoMasRegH
|
|t:|1757714698
|-terastallize|p1b: Kingambit|Dark
|move|p1a: Blaziken|Protect|p1a: Blaziken
|-singleturn|p1a: Blaziken|Protect
|move|p1b: Kingambit|Sucker Punch|p2a: Los Yagami
|-damage|p2a: Los Yagami|0 fnt
|faint|p2a: Los Yagami
|move|p2b: ArchaluGon|Body Press|p1b: Kingambit
|-supereffective|p1b: Kingambit
|-damage|p1b: Kingambit|59/100
|
|-ability|p1a: Blaziken|Speed Boost|boost
|-boost|p1a: Blaziken|spe|1
|upkeep
|
|t:|1757714704
|switch|p2a: Yajirobe|Pelipper, L50, F, shiny|100/100
|-weather|RainDance|[from] ability: Drizzle|[of] p2a: Yajirobe
|turn|2
|
|t:|1757714723
|switch|p1a: Ninetales|Ninetales-Alola, L50, F|100/100
|-weather|Snowscape|[from] ability: Snow Warning|[of] p1a: Ninetales
|-terastallize|p2b: ArchaluGon|Fairy
|move|p1b: Kingambit|Protect|p1b: Kingambit
|-singleturn|p1b: Kingambit|Protect
|move|p2a: Yajirobe|Tailwind|p2a: Yajirobe
|-sidestart|p2: trafalgar_vgc|move: Tailwind
|move|p2b: ArchaluGon|Electro Shot||[still]
|-prepare|p2b: ArchaluGon|Electro Shot
|-boost|p2b: ArchaluGon|spa|1
|
|-weather|Snowscape|[upkeep]
|upkeep
|turn|3
|inactive|trafa preparate has 30 seconds left.
|
|t:|1757714751
|move|p2a: Yajirobe|Protect|p2a: Yajirobe
|-singleturn|p2a: Yajirobe|Protect
|move|p2b: ArchaluGon|Electro Shot|p1a: Ninetales|[from] lockedmove
|-crit|p1a: Ninetales
|-enditem|p1a: Ninetales|Focus Sash
|-damage|p1a: Ninetales|1/100
|move|p1a: Ninetales|Freeze-Dry|p2a: Yajirobe
|-activate|p2a: Yajirobe|move: Protect
|move|p1b: Kingambit|Kowtow Cleave|p2a: Yajirobe
|-activate|p2a: Yajirobe|move: Protect
|
|-weather|Snowscape|[upkeep]
|upkeep
|turn|4
|inactive|trafa preparate has 30 seconds left.
|inactive|trafa preparate has 20 seconds left.
|
|t:|1757714791
|switch|p1b: Rillaboom|Rillaboom, L50, M|100/100
|-fieldstart|move: Grassy Terrain|[from] ability: Grassy Surge|[of] p1b: Rillaboom
|move|p1a: Ninetales|Protect|p1a: Ninetales
|-singleturn|p1a: Ninetales|Protect
|move|p2a: Yajirobe|Hurricane|p1b: Rillaboom
|-supereffective|p1b: Rillaboom
|-damage|p1b: Rillaboom|39/100
|move|p2b: ArchaluGon|Body Press|p1a: Ninetales
|-activate|p1a: Ninetales|move: Protect
|
|-weather|Snowscape|[upkeep]
|-heal|p1a: Ninetales|7/100|[from] Grassy Terrain
|-heal|p1b: Rillaboom|44/100|[from] Grassy Terrain
|upkeep
|turn|5
|inactive|trafa preparate has 30 seconds left.
|
|t:|1757714817
|switch|p1a: Blaziken|Blaziken, L50, F|100/100
|move|p1b: Rillaboom|Grassy Glide|p2a: Yajirobe
|-damage|p2a: Yajirobe|54/100
|move|p2a: Yajirobe|Weather Ball|p1a: Blaziken
|-resisted|p1a: Blaziken
|-damage|p1a: Blaziken|75/100
|move|p2b: ArchaluGon|Body Press|p1b: Rillaboom
|-crit|p1b: Rillaboom
|-damage|p1b: Rillaboom|12/100
|
|-weather|Snowscape|[upkeep]
|-heal|p1a: Blaziken|81/100|[from] Grassy Terrain
|-heal|p1b: Rillaboom|17/100|[from] Grassy Terrain
|-sideend|p2: trafalgar_vgc|move: Tailwind
|upkeep
|turn|6
|inactive|trafa preparate has 30 seconds left.
|inactive|trafa preparate has 20 seconds left.
|
|t:|1757714855
|move|p2a: Yajirobe|Protect|p2a: Yajirobe
|-singleturn|p2a: Yajirobe|Protect
|move|p1a: Blaziken|Heat Wave|p2b: ArchaluGon|[spread] p2b
|-activate|p2a: Yajirobe|move: Protect
|-damage|p2b: ArchaluGon|69/100
|-ability|p2b: ArchaluGon|Stamina|boost
|-boost|p2b: ArchaluGon|def|1
|-damage|p1a: Blaziken|72/100|[from] item: Life Orb
|move|p1b: Rillaboom|Wood Hammer|p2a: Yajirobe
|-activate|p2a: Yajirobe|move: Protect
|move|p2b: ArchaluGon|Draco Meteor|p1a: Blaziken
|-damage|p1a: Blaziken|0 fnt
|-unboost|p2b: ArchaluGon|spa|2
|faint|p1a: Blaziken
|
|-weather|none
|-heal|p1b: Rillaboom|23/100|[from] Grassy Terrain
|-heal|p2b: ArchaluGon|75/100|[from] Grassy Terrain
|upkeep
|c|☆trafalgar_vgc|puedo ser aun mas kamikaze
|
|t:|1757714859
|switch|p1a: Ninetales|Ninetales-Alola, L50, F|7/100
|-weather|Snowscape|[from] ability: Snow Warning|[of] p1a: Ninetales
|turn|7
|
|t:|1757714878
|switch|p2a: Gabimaru|Basculegion, L50, M|100/100
|move|p1b: Rillaboom|Grassy Glide|p2a: Gabimaru
|-supereffective|p2a: Gabimaru
|-damage|p2a: Gabimaru|18/100
|move|p1a: Ninetales|Blizzard|p2b: ArchaluGon|[spread] p2a,p2b
|-resisted|p2a: Gabimaru
|-damage|p2a: Gabimaru|0 fnt
|-damage|p2b: ArchaluGon|53/100
|-ability|p2b: ArchaluGon|Stamina|boost
|-boost|p2b: ArchaluGon|def|1
|faint|p2a: Gabimaru
|move|p2b: ArchaluGon|Body Press|p1a: Ninetales
|-damage|p1a: Ninetales|0 fnt
|faint|p1a: Ninetales
|
|-weather|Snowscape|[upkeep]
|-heal|p1b: Rillaboom|29/100|[from] Grassy Terrain
|-heal|p2b: ArchaluGon|59/100|[from] Grassy Terrain
|upkeep
|
|t:|1757714886
|switch|p1a: Kingambit|Kingambit, L50, M, tera:Dark|59/100
|switch|p2a: Yajirobe|Pelipper, L50, F, shiny|54/100
|-weather|RainDance|[from] ability: Drizzle|[of] p2a: Yajirobe
|turn|8
|
|t:|1757714896
|move|p2a: Yajirobe|Protect|p2a: Yajirobe
|-singleturn|p2a: Yajirobe|Protect
|move|p1a: Kingambit|Protect|p1a: Kingambit
|-singleturn|p1a: Kingambit|Protect
|move|p1b: Rillaboom|Wood Hammer|p2a: Yajirobe
|-activate|p2a: Yajirobe|move: Protect
|move|p2b: ArchaluGon|Body Press|p1b: Rillaboom
|-damage|p1b: Rillaboom|0 fnt
|faint|p1b: Rillaboom
|
|-weather|RainDance|[upkeep]
|-heal|p2b: ArchaluGon|65/100|[from] Grassy Terrain
|-heal|p1a: Kingambit|65/100|[from] Grassy Terrain
|-fieldend|move: Grassy Terrain
|upkeep
|turn|9
|
|t:|1757714907
|move|p1a: Kingambit|Sucker Punch|p2a: Yajirobe
|-damage|p2a: Yajirobe|0 fnt
|faint|p2a: Yajirobe
|move|p2b: ArchaluGon|Body Press|p1a: Kingambit
|-supereffective|p1a: Kingambit
|-damage|p1a: Kingambit|0 fnt
|faint|p1a: Kingambit
|
|win|trafalgar_vgc
|c|☆trafalgar_vgc|gg
