|j|☆SP1R1T_41
|j|☆FunkleVGC
|html|SP1R1T_41FunkleVGC    
|uhtml|bestof|Game 2 of a best-of-3
|t:|1784231606
|gametype|doubles
|player|p1|SP1R1T_41|101|1062
|player|p2|FunkleVGC|fisherman-gen4|1088
|gen|9
|tier|[Gen 9 Champions] VGC 2026 Reg M-B (Bo3)
|rated|
|rule|Species Clause: Limit one of each Pokémon
|rule|Item Clause: Limit 1 of each item
|clearpoke
|poke|p1|Froslass, L50, F|
|poke|p1|Scovillain, L50, F|
|poke|p1|Basculegion, L50, M|
|poke|p1|Kingambit, L50, F|
|poke|p1|Sneasler, L50, F|
|poke|p1|Lycanroc-Dusk, L50, M|
|poke|p2|Grimmsnarl, L50, M|
|poke|p2|Gholdengo, L50, shiny|
|poke|p2|Tyranitar, L50, M|
|poke|p2|Garchomp, L50, M|
|poke|p2|Scovillain, L50, F, shiny|
|poke|p2|Rotom-Wash, L50|
|teampreview|4
|showteam|p1|Froslass||Froslassite|SnowCloak|Blizzard,ShadowBall,AuroraVeil,Protect|Timid||F|||50|]Scovillain||Scovillainite|Chlorophyll|GigaDrain,Overheat,RagePowder,Protect|Bold||F|||50|]Basculegion||SitrusBerry|Adaptability|WaveCrash,LastRespects,AquaJet,Protect|Adamant||M|||50|]Kingambit||LifeOrb|Defiant|KowtowCleave,SuckerPunch,SwordsDance,Protect|Adamant||F|||50|]Sneasler||WhiteHerb|Unburden|CloseCombat,DireClaw,Protect,FakeOut|Adamant||F|||50|]Lycanroc-Dusk||FocusSash|ToughClaws|CloseCombat,Accelerock,RockSlide,Protect|Adamant||M|||50|
|showteam|p2|Grimmsnarl||LightClay|Prankster|SpiritBreak,Reflect,LightScreen,PartingShot|Careful||M|||50|]Gholdengo||Leftovers|GoodasGold|MakeItRain,ShadowBall,NastyPlot,Protect|Modest|||||50|]Tyranitar||Tyranitarite|SandStream|RockSlide,KnockOff,LowKick,Protect|Adamant||M|||50|]Garchomp||LifeOrb|RoughSkin|DragonClaw,Earthquake,StompingTantrum,Protect|Jolly||M|||50|]Scovillain||Scovillainite|Moody|Flamethrower,LeechSeed,RagePowder,Protect|Bold||F|||50|]Rotom-Wash||SitrusBerry|Levitate|HydroPump,Thunderbolt,WillOWisp,Protect|Bold|||||50|
|inactive|Battle timer is ON: inactive players will automatically lose when time's up. (requested by SP1R1T_41)
|
|t:|1784231633
|teamsize|p1|4
|teamsize|p2|4
|start
|switch|p1a: Sneasler|Sneasler, L50, F|100/100
|switch|p1b: Kingambit|Kingambit, L50, F|100/100
|switch|p2a: Rotom|Rotom-Wash, L50|100/100
|switch|p2b: Garchomp|Garchomp, L50, M|100/100
|turn|1
|
|t:|1784231651
|switch|p1b: Froslass|Froslass, L50, F|100/100
|move|p1a: Sneasler|Fake Out|p2b: Garchomp
|-damage|p2b: Garchomp|84/100
|-damage|p1a: Sneasler|87/100|[from] ability: Rough Skin|[of] p2b: Garchomp
|cant|p2b: Garchomp|flinch
|move|p2a: Rotom|Will-O-Wisp|p1b: Froslass
|-status|p1b: Froslass|brn
|
|-damage|p1b: Froslass|93/100 brn|[from] brn
|upkeep
|turn|2
|
|t:|1784231676
|detailschange|p1b: Froslass|Froslass-Mega, L50, F
|-mega|p1b: Froslass|Froslass|Froslassite
|-weather|Snowscape|[from] ability: Snow Warning|[of] p1b: Froslass
|move|p2b: Garchomp|Protect|p2b: Garchomp
|-singleturn|p2b: Garchomp|Protect
|move|p1b: Froslass|Aurora Veil|p1b: Froslass
|-sidestart|p1: SP1R1T_41|move: Aurora Veil
|move|p1a: Sneasler|Dire Claw|p2a: Rotom
|-damage|p2a: Rotom|59/100
|move|p2a: Rotom|Will-O-Wisp|p1a: Sneasler
|-status|p1a: Sneasler|brn
|
|-weather|Snowscape|[upkeep]
|-damage|p1b: Froslass|87/100 brn|[from] brn
|-damage|p1a: Sneasler|82/100 brn|[from] brn
|upkeep
|turn|3
|
|t:|1784231697
|switch|p2b: Tyranitar|Tyranitar, L50, M|100/100
|-weather|Sandstorm|[from] ability: Sand Stream|[of] p2b: Tyranitar
|move|p1b: Froslass|Blizzard|p2a: Rotom|[spread] p2a,p2b
|-resisted|p2a: Rotom|1
|-damage|p2a: Rotom|37/100
|-damage|p2b: Tyranitar|75/100
|-enditem|p2a: Rotom|Sitrus Berry|[eat]
|-heal|p2a: Rotom|62/100|[from] item: Sitrus Berry
|move|p1a: Sneasler|Dire Claw|p2a: Rotom
|-damage|p2a: Rotom|43/100
|-status|p2a: Rotom|slp
|cant|p2a: Rotom|slp
|
|-weather|Sandstorm|[upkeep]
|-damage|p1b: Froslass|81/100 brn|[from] Sandstorm
|-damage|p1a: Sneasler|76/100 brn|[from] Sandstorm
|-damage|p2a: Rotom|37/100 slp|[from] Sandstorm
|-damage|p1b: Froslass|75/100 brn|[from] brn
|-damage|p1a: Sneasler|70/100 brn|[from] brn
|upkeep
|turn|4
|
|t:|1784231721
|switch|p1b: Basculegion|Basculegion, L50, M|100/100
|move|p2b: Tyranitar|Protect|p2b: Tyranitar
|-singleturn|p2b: Tyranitar|Protect
|move|p1a: Sneasler|Close Combat|p2b: Tyranitar
|-activate|p2b: Tyranitar|move: Protect
|cant|p2a: Rotom|slp
|
|-weather|Sandstorm|[upkeep]
|-damage|p1a: Sneasler|64/100 brn|[from] Sandstorm
|-damage|p1b: Basculegion|93/100|[from] Sandstorm
|-damage|p2a: Rotom|32/100 slp|[from] Sandstorm
|-damage|p1a: Sneasler|59/100 brn|[from] brn
|upkeep
|turn|5
|
|t:|1784231745
|switch|p2b: Scovillain|Scovillain, L50, F, shiny|100/100
|move|p1a: Sneasler|Dire Claw|p2a: Rotom
|-damage|p2a: Rotom|10/100 slp
|move|p1b: Basculegion|Wave Crash|p2b: Scovillain
|-damage|p2b: Scovillain|0 fnt
|faint|p2b: Scovillain
|-damage|p1b: Basculegion|64/100|[from] Recoil
|-curestatus|p2a: Rotom|slp|[msg]
|move|p2a: Rotom|Thunderbolt|p1b: Basculegion
|-supereffective|p1b: Basculegion|1
|-damage|p1b: Basculegion|18/100
|-enditem|p1b: Basculegion|Sitrus Berry|[eat]
|-heal|p1b: Basculegion|43/100|[from] item: Sitrus Berry
|
|-weather|Sandstorm|[upkeep]
|-damage|p1a: Sneasler|53/100 brn|[from] Sandstorm
|-damage|p1b: Basculegion|37/100|[from] Sandstorm
|-damage|p2a: Rotom|5/100|[from] Sandstorm
|-damage|p1a: Sneasler|47/100 brn|[from] brn
|upkeep
|
|t:|1784231763
|switch|p2b: Garchomp|Garchomp, L50, M|84/100
|turn|6
|inactive|SP1R1T_41 has 30 seconds left.
|
|t:|1784231796
|move|p1a: Sneasler|Dire Claw|p2a: Rotom
|-damage|p2a: Rotom|0 fnt
|faint|p2a: Rotom
|move|p2b: Garchomp|Earthquake|p1b: Basculegion|[spread] p1a,p1b
|-supereffective|p1a: Sneasler|1
|-damage|p1a: Sneasler|0 fnt
|-damage|p1b: Basculegion|0 fnt
|faint|p1a: Sneasler
|faint|p1b: Basculegion
|-damage|p2b: Garchomp|75/100|[from] item: Life Orb
|
|-weather|Sandstorm|[upkeep]
|-sideend|p1: SP1R1T_41|move: Aurora Veil
|upkeep
|
|t:|1784231809
|switch|p1a: Kingambit|Kingambit, L50, F|100/100
|switch|p1b: Froslass|Froslass-Mega, L50, F|75/100 brn
|switch|p2a: Tyranitar|Tyranitar, L50, M|75/100
|-weather|Snowscape|[from] ability: Snow Warning|[of] p1b: Froslass
|-weather|Sandstorm|[from] ability: Sand Stream|[of] p2a: Tyranitar
|turn|7
|
|t:|1784231828
|detailschange|p2a: Tyranitar|Tyranitar-Mega, L50, M
|-mega|p2a: Tyranitar|Tyranitar|Tyranitarite
|move|p2b: Garchomp|Protect|p2b: Garchomp
|-singleturn|p2b: Garchomp|Protect
|move|p1b: Froslass|Blizzard|p2a: Tyranitar|[spread] p2a
|-activate|p2b: Garchomp|move: Protect
|-damage|p2a: Tyranitar|54/100
|move|p2a: Tyranitar|Low Kick|p1a: Kingambit
|-supereffective|p1a: Kingambit|2
|-damage|p1a: Kingambit|0 fnt
|faint|p1a: Kingambit
|
|-weather|Sandstorm|[upkeep]
|-damage|p1b: Froslass|69/100 brn|[from] Sandstorm
|-damage|p1b: Froslass|63/100 brn|[from] brn
|upkeep
|turn|8
|
|t:|1784231849
|move|p1b: Froslass|Blizzard|p2a: Tyranitar|[spread] 
|-miss|p1b: Froslass|p2a: Tyranitar
|-miss|p1b: Froslass|p2b: Garchomp
|move|p2b: Garchomp|Dragon Claw|p1b: Froslass
|-damage|p1b: Froslass|0 fnt
|faint|p1b: Froslass
|-damage|p2b: Garchomp|65/100|[from] item: Life Orb
|
|win|FunkleVGC
