|j|☆Luxerna
|j|☆jeanryupr
|html|Luxernajeanryupr    
|uhtml|bestof|Game 1 of a best-of-3
|t:|1786153427
|gametype|doubles
|player|p1|Luxerna|waitress-gen4|1372
|player|p2|jeanryupr|1|1292
|gen|9
|tier|[Gen 9 Champions] VGC 2026 Reg M-B (Bo3)
|rated|
|rule|Species Clause: Limit one of each Pokémon
|rule|Item Clause: Limit 1 of each item
|clearpoke
|poke|p1|Tyranitar, L50, F|
|poke|p1|Staraptor, L50, M|
|poke|p1|Excadrill, L50, F|
|poke|p1|Gholdengo, L50|
|poke|p1|Milotic, L50, F|
|poke|p1|Sinistcha, L50|
|poke|p2|Staraptor, L50, M|
|poke|p2|Glimmora, L50, F|
|poke|p2|Whimsicott, L50, F|
|poke|p2|Kingambit, L50, M|
|poke|p2|Garchomp, L50, M|
|poke|p2|Delphox, L50, M|
|teampreview|4
|showteam|p1|Tyranitar||Tyranitarite|SandStream|RockSlide,KnockOff,HighHorsepower,Protect|Jolly||F|||50|]Staraptor||Staraptite|Intimidate|BraveBird,CloseCombat,Tailwind,Protect|Jolly||M|||50|]Excadrill||FocusSash|SandRush|HighHorsepower,IronHead,RockSlide,Protect|Adamant||F|||50|]Gholdengo||LifeOrb|GoodasGold|MakeItRain,ShadowBall,NastyPlot,Protect|Modest|||||50|]Milotic||SitrusBerry|Competitive|Protect,IceBeam,Scald,IcyWind|Modest||F|||50|]Sinistcha||ColburBerry|Hospitality|MatchaGotcha,RagePowder,ShadowBall,Protect|Bold|||||50|
|showteam|p2|Staraptor||Staraptite|Intimidate|CloseCombat,BraveBird,Roost,Protect|Jolly||M|||50|]Glimmora||FocusSash|ToxicDebris|PowerGem,SludgeBomb,EarthPower,SpikyShield|Modest||F|||50|]Whimsicott||OccaBerry|Prankster|Tailwind,Moonblast,Charm,LightScreen|Timid||F|||50|]Kingambit||ChopleBerry|Defiant|KowtowCleave,IronHead,LowKick,SuckerPunch|Adamant||M|||50|]Garchomp||ChoiceScarf|RoughSkin|Earthquake,DragonClaw,RockSlide,StompingTantrum|Adamant||M|||50|]Delphox||Delphoxite|Blaze|HeatWave,Psychic,Encore,Protect|Timid||M|||50|
|
|t:|1786153466
|teamsize|p1|4
|teamsize|p2|4
|start
|switch|p1a: Bugaboo|Milotic, L50, F|100/100
|switch|p1b: Tia Lu|Sinistcha, L50|100/100
|switch|p2a: Whimsicott|Whimsicott, L50, F|100/100
|switch|p2b: Delphox|Delphox, L50, M|100/100
|turn|1
|
|t:|1786153489
|detailschange|p2b: Delphox|Delphox-Mega, L50, M
|-mega|p2b: Delphox|Delphox|Delphoxite
|move|p2a: Whimsicott|Light Screen|p2a: Whimsicott
|-sidestart|p2: jeanryupr|move: Light Screen
|move|p2b: Delphox|Heat Wave|p1b: Tia Lu|[spread] p1a,p1b
|-resisted|p1a: Bugaboo|1
|-supereffective|p1b: Tia Lu|1
|-damage|p1a: Bugaboo|83/100
|-damage|p1b: Tia Lu|10/100
|move|p1a: Bugaboo|Scald|p2b: Delphox
|-supereffective|p2b: Delphox|1
|-damage|p2b: Delphox|60/100
|move|p1b: Tia Lu|Shadow Ball|p2b: Delphox
|-supereffective|p2b: Delphox|1
|-damage|p2b: Delphox|17/100
|
|upkeep
|turn|2
|
|t:|1786153509
|switch|p2b: Kingambit|Kingambit, L50, M|100/100
|switch|p1b: FloppaVs|Tyranitar, L50, F|100/100
|-weather|Sandstorm|[from] ability: Sand Stream|[of] p1b: FloppaVs
|move|p2a: Whimsicott|Moonblast|p1b: FloppaVs
|-supereffective|p1b: FloppaVs|1
|-damage|p1b: FloppaVs|68/100
|move|p1a: Bugaboo|Icy Wind|p2b: Kingambit|[spread] p2a,p2b
|-supereffective|p2a: Whimsicott|1
|-resisted|p2b: Kingambit|1
|-damage|p2a: Whimsicott|79/100
|-damage|p2b: Kingambit|96/100
|-unboost|p2a: Whimsicott|spe|1
|-unboost|p2b: Kingambit|spe|1
|-ability|p2b: Kingambit|Defiant|boost
|-boost|p2b: Kingambit|atk|2
|
|-weather|Sandstorm|[upkeep]
|-damage|p1a: Bugaboo|77/100|[from] Sandstorm
|-damage|p2a: Whimsicott|73/100|[from] Sandstorm
|upkeep
|turn|3
|
|t:|1786153532
|detailschange|p1b: FloppaVs|Tyranitar-Mega, L50, F
|-mega|p1b: FloppaVs|Tyranitar|Tyranitarite
|move|p2a: Whimsicott|Tailwind|p2a: Whimsicott
|-sidestart|p2: jeanryupr|move: Tailwind
|move|p1b: FloppaVs|High Horsepower|p2b: Kingambit
|-supereffective|p2b: Kingambit|1
|-crit|p2b: Kingambit
|-damage|p2b: Kingambit|11/100
|move|p1a: Bugaboo|Scald|p2b: Kingambit
|-damage|p2b: Kingambit|0 fnt
|faint|p2b: Kingambit
|
|-weather|Sandstorm|[upkeep]
|-damage|p2a: Whimsicott|67/100|[from] Sandstorm
|-damage|p1a: Bugaboo|71/100|[from] Sandstorm
|upkeep
|
|t:|1786153541
|switch|p2b: Garchomp|Garchomp, L50, M|100/100
|turn|4
|
|t:|1786153557
|move|p1b: FloppaVs|Protect|p1b: FloppaVs
|-singleturn|p1b: FloppaVs|Protect
|move|p2b: Garchomp|Earthquake|p1b: FloppaVs|[spread] p2a,p1a
|-activate|p1b: FloppaVs|move: Protect
|-resisted|p2a: Whimsicott|1
|-damage|p2a: Whimsicott|49/100
|-damage|p1a: Bugaboo|33/100
|-enditem|p1a: Bugaboo|Sitrus Berry|[eat]
|-heal|p1a: Bugaboo|58/100|[from] item: Sitrus Berry
|move|p2a: Whimsicott|Moonblast|p1a: Bugaboo
|-damage|p1a: Bugaboo|37/100
|move|p1a: Bugaboo|Icy Wind|p2b: Garchomp|[spread] p2a,p2b
|-supereffective|p2a: Whimsicott|1
|-supereffective|p2b: Garchomp|2
|-damage|p2a: Whimsicott|31/100
|-damage|p2b: Garchomp|69/100
|-unboost|p2a: Whimsicott|spe|1
|-unboost|p2b: Garchomp|spe|1
|
|-weather|Sandstorm|[upkeep]
|-damage|p2a: Whimsicott|25/100|[from] Sandstorm
|-damage|p1a: Bugaboo|31/100|[from] Sandstorm
|upkeep
|turn|5
|
|t:|1786153571
|switch|p1b: Tia Lu|Sinistcha, L50|10/100
|-heal|p1a: Bugaboo|56/100|[from] ability: Hospitality|[of] p1b: Tia Lu
|move|p2a: Whimsicott|Light Screen||[still]
|-fail|p2a: Whimsicott
|move|p2b: Garchomp|Earthquake|p1a: Bugaboo|[spread] p2a,p1a,p1b
|-resisted|p2a: Whimsicott|1
|-resisted|p1b: Tia Lu|1
|-crit|p1b: Tia Lu
|-damage|p2a: Whimsicott|7/100
|-damage|p1a: Bugaboo|22/100
|-damage|p1b: Tia Lu|0 fnt
|faint|p1b: Tia Lu
|move|p1a: Bugaboo|Icy Wind|p2a: Whimsicott|[spread] p2a,p2b
|-supereffective|p2a: Whimsicott|1
|-supereffective|p2b: Garchomp|2
|-damage|p2a: Whimsicott|0 fnt
|-damage|p2b: Garchomp|41/100
|-unboost|p2b: Garchomp|spe|1
|faint|p2a: Whimsicott
|
|-weather|Sandstorm|[upkeep]
|-damage|p1a: Bugaboo|16/100|[from] Sandstorm
|-sideend|p2: jeanryupr|move: Light Screen
|upkeep
|
|t:|1786153590
|switch|p2a: Delphox|Delphox-Mega, L50, M|17/100
|switch|p1b: Norris|Excadrill, L50, F|100/100
|turn|6
|
|t:|1786153596
|move|p2a: Delphox|Protect|p2a: Delphox
|-singleturn|p2a: Delphox|Protect
|move|p1b: Norris|Protect|p1b: Norris
|-singleturn|p1b: Norris|Protect
|move|p1a: Bugaboo|Protect|p1a: Bugaboo
|-singleturn|p1a: Bugaboo|Protect
|move|p2b: Garchomp|Earthquake|p1b: Norris|[spread] 
|-activate|p2a: Delphox|move: Protect
|-activate|p1a: Bugaboo|move: Protect
|-activate|p1b: Norris|move: Protect
|
|-weather|none
|-sideend|p2: jeanryupr|move: Tailwind
|upkeep
|turn|7
|
|t:|1786153605
|switch|p1a: FloppaVs|Tyranitar-Mega, L50, F|68/100
|-weather|Sandstorm|[from] ability: Sand Stream|[of] p1a: FloppaVs
|move|p1b: Norris|High Horsepower|p2b: Garchomp
|-damage|p2b: Garchomp|0 fnt
|-damage|p1b: Norris|87/100|[from] ability: Rough Skin|[of] p2b: Garchomp
|faint|p2b: Garchomp
|move|p2a: Delphox|Encore|p1b: Norris
|-start|p1b: Norris|Encore
|
|-weather|Sandstorm|[upkeep]
|-damage|p2a: Delphox|11/100|[from] Sandstorm
|upkeep
|turn|8
|
|t:|1786153616
|switch|p1b: Bugaboo|Milotic, L50, F|16/100
|move|p2a: Delphox|Heat Wave|p1b: Bugaboo|[spread] p1a,p1b
|-resisted|p1a: FloppaVs|1
|-resisted|p1b: Bugaboo|1
|-damage|p1a: FloppaVs|56/100
|-damage|p1b: Bugaboo|1/100
|move|p1a: FloppaVs|Knock Off|p2a: Delphox
|-supereffective|p2a: Delphox|1
|-damage|p2a: Delphox|0 fnt
|faint|p2a: Delphox
|
|win|Luxerna
