|j|☆FlowerTrip
|j|☆mouseilluminati
|html|FlowerTripmouseilluminati    
|uhtml|bestof|Game 1 of a best-of-3
|t:|1784918897
|gametype|doubles
|player|p1|FlowerTrip|265|1139
|player|p2|mouseilluminati|n|1153
|gen|9
|tier|[Gen 9 Champions] VGC 2026 Reg M-B (Bo3)
|rated|
|rule|Species Clause: Limit one of each Pokémon
|rule|Item Clause: Limit 1 of each item
|clearpoke
|poke|p1|Aerodactyl, L50, M|
|poke|p1|Charizard, L50, M, shiny|
|poke|p1|Garchomp, L50, M|
|poke|p1|Sylveon, L50, M|
|poke|p1|Kingambit, L50, M|
|poke|p1|Farigiraf, L50, F|
|poke|p2|Pyroar, L50, F|
|poke|p2|Basculegion, L50, M|
|poke|p2|Torkoal, L50, F|
|poke|p2|Whimsicott, L50, M|
|poke|p2|Mawile, L50, M|
|poke|p2|Farigiraf, L50, M|
|teampreview|4
|showteam|p1|Aerodactyl||Aerodactylite|Unnerve|RockSlide,IceFang,Tailwind,DualWingbeat|Jolly||M|||50|]Charizard||CharizarditeY|Blaze|HeatWave,WeatherBall,SolarBeam,Protect|Modest||M|||50|]Garchomp||LifeOrb|RoughSkin|DragonClaw,StompingTantrum,Earthquake,Protect|Jolly||M|||50|]Sylveon||FairyFeather|Pixilate|HyperVoice,HyperBeam,QuickAttack,Protect|Modest||M|||50|]Kingambit||FocusSash|Defiant|KowtowCleave,IronHead,SuckerPunch,LowKick|Adamant||M|||50|]Farigiraf||SitrusBerry|ArmorTail|TwinBeam,Thunderbolt,HelpingHand,TrickRoom|Bold||F|||50|
|showteam|p2|Pyroar||Pyroarite|Unnerve|HeatWave,Overheat,Protect,SolarBeam|Timid||F|||50|]Basculegion||LifeOrb|Adaptability|AquaJet,WaveCrash,Protect,LastRespects|Adamant||M|||50|]Torkoal||Charcoal|Drought|Eruption,WeatherBall,Protect,HelpingHand|Quiet||F|||50|]Whimsicott||FocusSash|Prankster|Moonblast,SunnyDay,Protect,Tailwind|Timid||M|||50|]Mawile||Mawilite|HyperCutter|RockSlide,PlayRough,Protect,SuckerPunch|Adamant||M|||50|]Farigiraf||ColburBerry|ArmorTail|FoulPlay,Psychic,HelpingHand,TrickRoom|Relaxed||M|||50|
|
|t:|1784918930
|teamsize|p1|4
|teamsize|p2|4
|start
|switch|p1a: Aerodactyl|Aerodactyl, L50, M|100/100
|switch|p1b: Garchomp|Garchomp, L50, M|100/100
|switch|p2a: Whimsicott|Whimsicott, L50, M|100/100
|switch|p2b: Basculegion|Basculegion, L50, M|100/100
|-ability|p1a: Aerodactyl|Unnerve
|turn|1
|
|t:|1784918972
|switch|p1a: Farigiraf|Farigiraf, L50, F|100/100
|move|p2a: Whimsicott|Tailwind|p2a: Whimsicott
|-sidestart|p2: mouseilluminati|move: Tailwind
|move|p2b: Basculegion|Wave Crash|p1a: Farigiraf
|-damage|p1a: Farigiraf|12/100
|-enditem|p1a: Farigiraf|Sitrus Berry|[eat]
|-heal|p1a: Farigiraf|37/100|[from] item: Sitrus Berry
|-damage|p2b: Basculegion|67/100|[from] Recoil
|-damage|p2b: Basculegion|57/100|[from] item: Life Orb
|move|p1b: Garchomp|Dragon Claw|p2b: Basculegion
|-damage|p2b: Basculegion|0 fnt
|faint|p2b: Basculegion
|-damage|p1b: Garchomp|90/100|[from] item: Life Orb
|
|upkeep
|
|t:|1784918991
|switch|p2b: Pyroar|Pyroar, L50, F|100/100
|-ability|p2b: Pyroar|Unnerve
|turn|2
|
|t:|1784918999
|detailschange|p2b: Pyroar|Pyroar-Mega, L50, F
|-mega|p2b: Pyroar|Pyroar|Pyroarite
|move|p1b: Garchomp|Protect|p1b: Garchomp
|-singleturn|p1b: Garchomp|Protect
|move|p2b: Pyroar|Heat Wave|p1b: Garchomp|[spread] 
|-activate|p1b: Garchomp|move: Protect
|-miss|p2b: Pyroar|p1a: Farigiraf
|move|p2a: Whimsicott|Moonblast|p1b: Garchomp
|-activate|p1b: Garchomp|move: Protect
|move|p1a: Farigiraf|Trick Room|p1a: Farigiraf
|-fieldstart|move: Trick Room|[of] p1a: Farigiraf
|
|upkeep
|turn|3
|
|t:|1784919044
|switch|p1b: Aerodactyl|Aerodactyl, L50, M|100/100
|-ability|p1b: Aerodactyl|Unnerve
|move|p2a: Whimsicott|Protect|p2a: Whimsicott
|-singleturn|p2a: Whimsicott|Protect
|move|p2b: Pyroar|Protect|p2b: Pyroar
|-singleturn|p2b: Pyroar|Protect
|move|p1a: Farigiraf|Twin Beam|p2b: Pyroar
|-activate|p2b: Pyroar|move: Protect
|
|upkeep
|turn|4
|inactive|Battle timer is ON: inactive players will automatically lose when time's up. (requested by FlowerTrip)
|
|t:|1784919072
|switch|p2b: Farigiraf|Farigiraf, L50, M|100/100
|detailschange|p1b: Aerodactyl|Aerodactyl-Mega, L50, M
|-mega|p1b: Aerodactyl|Aerodactyl|Aerodactylite
|move|p2a: Whimsicott|Sunny Day|p2a: Whimsicott
|-weather|SunnyDay
|move|p1a: Farigiraf|Twin Beam|p2a: Whimsicott
|-damage|p2a: Whimsicott|73/100
|-damage|p2a: Whimsicott|48/100
|-hitcount|p2a: Whimsicott|2
|move|p1b: Aerodactyl|Rock Slide|p2a: Whimsicott|[spread] p2a,p2b
|-damage|p2a: Whimsicott|8/100
|-damage|p2b: Farigiraf|79/100
|
|-weather|SunnyDay|[upkeep]
|-sideend|p2: mouseilluminati|move: Tailwind
|upkeep
|turn|5
|inactive|FlowerTrip has 30 seconds left.
|
|t:|1784919106
|move|p2b: Farigiraf|Foul Play|p1b: Aerodactyl
|-damage|p1b: Aerodactyl|64/100
|move|p1a: Farigiraf|Twin Beam|p2a: Whimsicott
|-damage|p2a: Whimsicott|0 fnt
|faint|p2a: Whimsicott
|-hitcount|p2: Whimsicott|1
|move|p1b: Aerodactyl|Rock Slide|p2b: Farigiraf
|-damage|p2b: Farigiraf|52/100
|
|-weather|SunnyDay|[upkeep]
|upkeep
|
|t:|1784919116
|switch|p2a: Pyroar|Pyroar-Mega, L50, F|100/100
|turn|6
|
|t:|1784919128
|move|p2b: Farigiraf|Helping Hand|p2a: Pyroar
|-singleturn|p2a: Pyroar|Helping Hand|[of] p2b: Farigiraf
|move|p1a: Farigiraf|Twin Beam|p2a: Pyroar
|-damage|p2a: Pyroar|82/100
|-damage|p2a: Pyroar|62/100
|-hitcount|p2a: Pyroar|2
|move|p2a: Pyroar|Heat Wave|p1a: Farigiraf|[spread] p1a,p1b
|-resisted|p1b: Aerodactyl|1
|-damage|p1a: Farigiraf|0 fnt
|-damage|p1b: Aerodactyl|2/100
|faint|p1a: Farigiraf
|move|p1b: Aerodactyl|Tailwind|p1b: Aerodactyl
|-sidestart|p1: FlowerTrip|move: Tailwind
|
|-weather|SunnyDay|[upkeep]
|-fieldend|move: Trick Room
|upkeep
|
|t:|1784919143
|switch|p1a: Garchomp|Garchomp, L50, M|90/100
|turn|7
|
|t:|1784919157
|move|p2a: Pyroar|Protect|p2a: Pyroar
|-singleturn|p2a: Pyroar|Protect
|move|p1b: Aerodactyl|Rock Slide|p2b: Farigiraf|[spread] p2b
|-activate|p2a: Pyroar|move: Protect
|-damage|p2b: Farigiraf|31/100
|move|p1a: Garchomp|Earthquake|p2b: Farigiraf|[spread] p2b
|-activate|p2a: Pyroar|move: Protect
|-immune|p1b: Aerodactyl
|-damage|p2b: Farigiraf|0 fnt
|faint|p2b: Farigiraf
|-damage|p1a: Garchomp|80/100|[from] item: Life Orb
|
|-weather|SunnyDay|[upkeep]
|upkeep
|turn|8
|-message|mouseilluminati forfeited.
|
|win|FlowerTrip
||mouseilluminati is ready for game 2.
|inactive|FlowerTrip has 30 seconds to confirm battle start!
||FlowerTrip is ready for game 2.
|uhtml|next|Next: Game 2 of 3
|l|☆FlowerTrip
|player|p1|
