|j|☆MiCasa3112
|j|☆MaeveOG
|html|MiCasa3112MaeveOG    
|uhtml|bestof|Game 1 of a best-of-3
|t:|1782317246
|gametype|doubles
|player|p1|MiCasa3112|lucas|
|player|p2|MaeveOG|cynthia|
|gen|9
|tier|[Gen 9 Champions] VGC 2026 Reg M-B (Bo3)
|rule|Species Clause: Limit one of each Pokémon
|rule|Item Clause: Limit 1 of each item
|clearpoke
|poke|p1|Archaludon, L50, F|
|poke|p1|Sableye, L50, M|
|poke|p1|Incineroar, L50, F|
|poke|p1|Basculegion-F, L50, F|
|poke|p1|Floette-Eternal, L50, F|
|poke|p1|Sinistcha, L50|
|poke|p2|Charizard, L50, M, shiny|
|poke|p2|Whimsicott, L50, F|
|poke|p2|Basculegion, L50, M|
|poke|p2|Farigiraf, L50, F|
|poke|p2|Kangaskhan, L50, F|
|poke|p2|Sneasler, L50, M|
|teampreview|4
|showteam|p1|Archaludon||Leftovers|Stamina|ElectroShot,FlashCannon,DragonPulse,Protect|Modest||F|||50|]Sableye||RoseliBerry|Prankster|WillOWisp,LightScreen,Quash,RainDance|Impish||M|||50|]Incineroar||ChopleBerry|Intimidate|FakeOut,FlareBlitz,CloseCombat,PartingShot|Adamant||F|||50|]Basculegion-F||FocusSash|SwiftSwim|MuddyWater,AquaJet,ShadowBall,IcyWind|Modest||F|||50|]Floette-Eternal||Floettite|FlowerVeil|DazzlingGleam,DrainingKiss,CalmMind,Protect|Modest||F|||50|]Sinistcha||ColburBerry|Hospitality|MatchaGotcha,RagePowder,TrickRoom,LifeDew|Bold|||||50|
|showteam|p2|Charizard||CharizarditeY|SolarPower|WeatherBall,HeatWave,SolarBeam,Protect|Timid||M|||50|]Whimsicott||FocusSash|Prankster|Moonblast,Tailwind,SunnyDay,Encore|Timid||F|||50|]Basculegion||ChoiceScarf|Adaptability|WaveCrash,AquaJet,LastRespects,FlipTurn|Adamant||M|||50|]Farigiraf||SitrusBerry|ArmorTail|Psychic,HyperVoice,HelpingHand,TrickRoom|Modest||F|||50|]Kangaskhan||Kangaskhanite|Scrappy|FakeOut,DoubleEdge,DrainPunch,SuckerPunch|Adamant||F|||50|]Sneasler||WhiteHerb|Unburden|FakeOut,CloseCombat,DireClaw,RockTomb|Adamant||M|||50|
|c|☆MaeveOG|Glhf
|inactive|Battle timer is ON: inactive players will automatically lose when time's up. (requested by MiCasa3112)
|inactiveoff|Battle timer is now OFF.
|
|t:|1782317301
|teamsize|p1|4
|teamsize|p2|4
|start
|switch|p1a: Sableye|Sableye, L50, M|100/100
|switch|p1b: Basculegion|Basculegion-F, L50, F|100/100
|switch|p2a: Kangaskhan|Kangaskhan, L50, F|100/100
|switch|p2b: Whimsicott|Whimsicott, L50, F|100/100
|turn|1
|
|t:|1782317339
|move|p2a: Kangaskhan|Fake Out|p1b: Basculegion
|-damage|p1b: Basculegion|80/100
|move|p2b: Whimsicott|Tailwind|p2b: Whimsicott
|-sidestart|p2: MaeveOG|move: Tailwind
|move|p1a: Sableye|Will-O-Wisp|p2a: Kangaskhan
|-status|p2a: Kangaskhan|brn
|cant|p1b: Basculegion|flinch
|
|-damage|p2a: Kangaskhan|93/100 brn|[from] brn
|upkeep
|turn|2
|
|t:|1782317363
|detailschange|p2a: Kangaskhan|Kangaskhan-Mega, L50, F
|-mega|p2a: Kangaskhan|Kangaskhan|Kangaskhanite
|move|p2a: Kangaskhan|Sucker Punch|p1b: Basculegion
|-supereffective|p1b: Basculegion|1
|-damage|p1b: Basculegion|49/100
|-supereffective|p1b: Basculegion|1
|-damage|p1b: Basculegion|43/100
|-hitcount|p1b: Basculegion|2
|move|p1a: Sableye|Light Screen|p1a: Sableye
|-sidestart|p1: MiCasa3112|move: Light Screen
|move|p2b: Whimsicott|Moonblast|p1a: Sableye
|-supereffective|p1a: Sableye|1
|-enditem|p1a: Sableye|Roseli Berry|[eat]
|-enditem|p1a: Sableye|Roseli Berry|[weaken]
|-damage|p1a: Sableye|71/100
|move|p1b: Basculegion|Muddy Water|p2a: Kangaskhan|[spread] p2a,p2b
|-resisted|p2b: Whimsicott|1
|-damage|p2a: Kangaskhan|63/100 brn
|-damage|p2b: Whimsicott|75/100
|
|-damage|p2a: Kangaskhan|57/100 brn|[from] brn
|upkeep
|turn|3
|
|t:|1782317400
|switch|p2b: Basculegion|Basculegion, L50, M|100/100
|switch|p1b: Archaludon|Archaludon, L50, F|100/100
|switch|p1a: Incineroar|Incineroar, L50, F|100/100
|-ability|p1a: Incineroar|Intimidate|boost
|-unboost|p2a: Kangaskhan|atk|1
|-unboost|p2b: Basculegion|atk|1
|move|p2a: Kangaskhan|Sucker Punch||[still]
|-fail|p2a: Kangaskhan
|
|-damage|p2a: Kangaskhan|51/100 brn|[from] brn
|upkeep
|turn|4
|
|t:|1782317450
|switch|p2a: Whimsicott|Whimsicott, L50, F|75/100
|switch|p1a: Basculegion|Basculegion-F, L50, F|43/100
|move|p2b: Basculegion|Flip Turn|p1a: Basculegion
|-resisted|p1a: Basculegion|1
|-damage|p1a: Basculegion|28/100
|
|t:|1782317463
|switch|p2b: Kangaskhan|Kangaskhan-Mega, L50, F|51/100 brn|[from] Flip Turn
|move|p1b: Archaludon|Flash Cannon|p2b: Kangaskhan
|-damage|p2b: Kangaskhan|10/100 brn
|
|-damage|p2b: Kangaskhan|4/100 brn|[from] brn
|-sideend|p2: MaeveOG|move: Tailwind
|upkeep
|turn|5
|
|t:|1782317483
|move|p2b: Kangaskhan|Fake Out|p1a: Basculegion
|-immune|p1a: Basculegion
|move|p2a: Whimsicott|Tailwind|p2a: Whimsicott
|-sidestart|p2: MaeveOG|move: Tailwind
|move|p1a: Basculegion|Icy Wind|p2b: Kangaskhan|[spread] p2b
|-miss|p1a: Basculegion|p2a: Whimsicott
|-damage|p2b: Kangaskhan|0 fnt
|faint|p2b: Kangaskhan
|move|p1b: Archaludon|Flash Cannon|p2a: Whimsicott
|-supereffective|p2a: Whimsicott|1
|-damage|p2a: Whimsicott|0 fnt
|faint|p2a: Whimsicott
|
|upkeep
|
|t:|1782317497
|switch|p2a: Basculegion|Basculegion, L50, M|100/100
|switch|p2b: Sneasler|Sneasler, L50, M|100/100
|turn|6
|
|t:|1782317524
|switch|p1b: Incineroar|Incineroar, L50, F|100/100
|-ability|p1b: Incineroar|Intimidate|boost
|-unboost|p2a: Basculegion|atk|1
|-unboost|p2b: Sneasler|atk|1
|-enditem|p2b: Sneasler|White Herb
|-clearnegativeboost|p2b: Sneasler|[silent]
|move|p2b: Sneasler|Fake Out|p1b: Incineroar
|-damage|p1b: Incineroar|86/100
|move|p1a: Basculegion|Aqua Jet|p2b: Sneasler
|-damage|p2b: Sneasler|78/100
|move|p2a: Basculegion|Last Respects|p1a: Basculegion
|-supereffective|p1a: Basculegion|1
|-damage|p1a: Basculegion|0 fnt
|faint|p1a: Basculegion
|
|-sideend|p1: MiCasa3112|move: Light Screen
|upkeep
|
|t:|1782317539
|switch|p1a: Archaludon|Archaludon, L50, F|100/100
|turn|7
|
|t:|1782317553
|move|p1b: Incineroar|Fake Out|p2b: Sneasler
|-damage|p2b: Sneasler|56/100
|cant|p2b: Sneasler|flinch
|move|p2a: Basculegion|Last Respects|p1a: Archaludon
|-damage|p1a: Archaludon|49/100
|-ability|p1a: Archaludon|Stamina|boost
|-boost|p1a: Archaludon|def|1
|move|p1a: Archaludon|Dragon Pulse|p2b: Sneasler
|-damage|p2b: Sneasler|0 fnt
|faint|p2b: Sneasler
|
|-heal|p1a: Archaludon|55/100|[from] item: Leftovers
|upkeep
|turn|8
|
|t:|1782317569
|move|p1a: Archaludon|Protect|p1a: Archaludon
|-singleturn|p1a: Archaludon|Protect
|move|p2a: Basculegion|Last Respects|p1a: Archaludon
|-activate|p1a: Archaludon|move: Protect
|move|p1b: Incineroar|Parting Shot|p2a: Basculegion
|-unboost|p2a: Basculegion|atk|1
|-unboost|p2a: Basculegion|spa|1
|
|t:|1782317577
|switch|p1b: Sableye|Sableye, L50, M|71/100|[from] Parting Shot
|
|-heal|p1a: Archaludon|61/100|[from] item: Leftovers
|-sideend|p2: MaeveOG|move: Tailwind
|upkeep
|turn|9
|
|t:|1782317586
|move|p1b: Sableye|Will-O-Wisp|p2a: Basculegion
|-status|p2a: Basculegion|brn
|move|p2a: Basculegion|Last Respects|p1b: Sableye
|-damage|p1b: Sableye|29/100
|move|p1a: Archaludon|Dragon Pulse|p2a: Basculegion
|-damage|p2a: Basculegion|49/100 brn
|
|-heal|p1a: Archaludon|66/100|[from] item: Leftovers
|-damage|p2a: Basculegion|43/100 brn|[from] brn
|upkeep
|turn|10
|
|t:|1782317600
|move|p1b: Sableye|Quash|p2a: Basculegion
|-activate|p2a: Basculegion|move: Quash
|move|p1a: Archaludon|Dragon Pulse|p2a: Basculegion
|-damage|p2a: Basculegion|0 fnt
|faint|p2a: Basculegion
|
|win|MiCasa3112
||MiCasa3112 is ready for game 2.
||MaeveOG is ready for game 2.
|uhtml|next|Next: Game 2 of 3
