|j|☆Gen4lover2
|j|☆Tatsulol
|html|Gen4lover2Tatsulol    
|uhtml|bestof|Game 3 of a best-of-3
|t:|1786034201
|gametype|doubles
|player|p1|Gen4lover2|wallace|1337
|player|p2|Tatsulol|169|1323
|gen|9
|tier|[Gen 9 Champions] VGC 2026 Reg M-B (Bo3)
|rated|
|rule|Species Clause: Limit one of each Pokémon
|rule|Item Clause: Limit 1 of each item
|clearpoke
|poke|p1|Tyranitar, L50, M|
|poke|p1|Excadrill, L50, F|
|poke|p1|Staraptor, L50, F|
|poke|p1|Milotic, L50, F, shiny|
|poke|p1|Gholdengo, L50|
|poke|p1|Sinistcha-Masterpiece, L50|
|poke|p2|Staraptor, L50, M|
|poke|p2|Milotic, L50, F|
|poke|p2|Tyranitar, L50, M|
|poke|p2|Gholdengo, L50|
|poke|p2|Excadrill, L50, M|
|poke|p2|Sinistcha, L50|
|teampreview|4
|showteam|p1|Tyranitar||Tyranitarite|SandStream|RockSlide,KnockOff,LowKick,Protect|Adamant||M|||50|]Excadrill||FocusSash|SandRush|HighHorsepower,IronHead,RockSlide,Protect|Adamant||F|||50|]Staraptor||Staraptite|Intimidate|BraveBird,CloseCombat,Tailwind,Protect|Jolly||F|||50|]Milotic||SitrusBerry|Competitive|Scald,IceBeam,Recover,Protect|Modest||F|||50|]Gholdengo||LifeOrb|GoodasGold|MakeItRain,ShadowBall,NastyPlot,Protect|Modest|||||50|]Sinistcha-Masterpiece||ColburBerry|Hospitality|MatchaGotcha,RagePowder,TrickRoom,Protect|Relaxed|||||50|
|showteam|p2|Staraptor||Staraptite|Intimidate|BraveBird,CloseCombat,Tailwind,Protect|Jolly||M|||50|]Milotic||SitrusBerry|Competitive|Scald,IceBeam,IcyWind,Protect|Modest||F|||50|]Tyranitar||Tyranitarite|SandStream|RockSlide,KnockOff,LowKick,Protect|Adamant||M|||50|]Gholdengo||ChoiceScarf|GoodasGold|ShadowBall,MakeItRain,Thunderbolt,PowerGem|Modest|||||50|]Excadrill||FocusSash|SandRush|HighHorsepower,IronHead,RockSlide,Protect|Adamant||M|||50|]Sinistcha||CobaBerry|Hospitality|MatchaGotcha,RagePowder,TrickRoom,LifeDew|Relaxed|||||50|
|inactive|Battle timer is ON: inactive players will automatically lose when time's up. (requested by Gen4lover2)
|
|t:|1786034214
|teamsize|p1|4
|teamsize|p2|4
|start
|switch|p1a: Tyranitar|Tyranitar, L50, M|100/100
|switch|p1b: Sinistcha|Sinistcha-Masterpiece, L50|100/100
|switch|p2a: Milotic|Milotic, L50, F|100/100
|switch|p2b: Gholdengo|Gholdengo, L50|100/100
|-weather|Sandstorm|[from] ability: Sand Stream|[of] p1a: Tyranitar
|turn|1
|inactive|Tatsulol has 30 seconds left.
|
|t:|1786034240
|switch|p2a: Staraptor|Staraptor, L50, M|100/100
|-ability|p2a: Staraptor|Intimidate|boost
|-unboost|p1a: Tyranitar|atk|1
|-unboost|p1b: Sinistcha|atk|1
|move|p1a: Tyranitar|Protect|p1a: Tyranitar
|-singleturn|p1a: Tyranitar|Protect
|move|p2b: Gholdengo|Shadow Ball|p1b: Sinistcha
|-supereffective|p1b: Sinistcha|1
|-crit|p1b: Sinistcha
|-damage|p1b: Sinistcha|0 fnt
|faint|p1b: Sinistcha
|
|-weather|Sandstorm|[upkeep]
|-damage|p2a: Staraptor|93/100|[from] Sandstorm
|upkeep
|
|t:|1786034253
|switch|p1b: Staraptor|Staraptor, L50, F|100/100
|-ability|p1b: Staraptor|Intimidate|boost
|-unboost|p2a: Staraptor|atk|1
|-unboost|p2b: Gholdengo|atk|1
|turn|2
|inactive|Tatsulol has 30 seconds left.
|inactive|Tatsulol has 20 seconds left.
|inactive|Tatsulol has 15 seconds left.
|inactive|Tatsulol has 10 seconds left.
|
|t:|1786034303
|switch|p2a: Sinistcha|Sinistcha, L50|100/100
|switch|p1a: Gholdengo|Gholdengo, L50|100/100
|move|p2b: Gholdengo|Shadow Ball|p1b: Staraptor
|-immune|p1b: Staraptor
|move|p1b: Staraptor|Brave Bird|p2a: Sinistcha
|-supereffective|p2a: Sinistcha|1
|-enditem|p2a: Sinistcha|Coba Berry|[eat]
|-enditem|p2a: Sinistcha|Coba Berry|[weaken]
|-damage|p2a: Sinistcha|54/100
|-damage|p1b: Staraptor|85/100|[from] Recoil
|
|-weather|Sandstorm|[upkeep]
|-damage|p1b: Staraptor|79/100|[from] Sandstorm
|-damage|p2a: Sinistcha|48/100|[from] Sandstorm
|upkeep
|turn|3
|inactive|Tatsulol has 30 seconds left.
|inactive|Tatsulol has 20 seconds left.
|
|t:|1786034342
|switch|p1a: Tyranitar|Tyranitar, L50, M|100/100
|switch|p2a: Staraptor|Staraptor, L50, M|93/100
|-ability|p2a: Staraptor|Intimidate|boost
|-unboost|p1a: Tyranitar|atk|1
|-unboost|p1b: Staraptor|atk|1
|move|p2b: Gholdengo|Shadow Ball|p1a: Tyranitar
|-resisted|p1a: Tyranitar|1
|-damage|p1a: Tyranitar|84/100
|-unboost|p1a: Tyranitar|spd|1
|move|p1b: Staraptor|Tailwind|p1b: Staraptor
|-sidestart|p1: Gen4lover2|move: Tailwind
|
|-weather|Sandstorm|[upkeep]
|-damage|p1b: Staraptor|73/100|[from] Sandstorm
|-damage|p2a: Staraptor|87/100|[from] Sandstorm
|upkeep
|turn|4
|inactive|Gen4lover2 has 30 seconds left.
|inactive|Tatsulol has 30 seconds left.
|inactive|Gen4lover2 has 20 seconds left.
|inactive|Tatsulol has 20 seconds left.
|inactive|Tatsulol has 15 seconds left.
|
|t:|1786034383
|switch|p1b: Gholdengo|Gholdengo, L50|100/100
|switch|p2b: Sinistcha|Sinistcha, L50|48/100
|-heal|p2a: Staraptor|100/100|[from] ability: Hospitality|[of] p2b: Sinistcha
|detailschange|p2a: Staraptor|Staraptor-Mega, L50, M
|-mega|p2a: Staraptor|Staraptor|Staraptite
|move|p1a: Tyranitar|Knock Off|p2b: Sinistcha
|-supereffective|p2b: Sinistcha|1
|-damage|p2b: Sinistcha|6/100
|move|p2a: Staraptor|Tailwind|p2a: Staraptor
|-sidestart|p2: Tatsulol|move: Tailwind
|
|-weather|Sandstorm|[upkeep]
|-damage|p2a: Staraptor|93/100|[from] Sandstorm
|-damage|p2b: Sinistcha|1/100|[from] Sandstorm
|upkeep
|turn|5
|inactive|Tatsulol has 30 seconds left.
|inactive|Tatsulol has 20 seconds left.
|
|t:|1786034418
|switch|p2b: Milotic|Milotic, L50, F|100/100
|move|p1a: Tyranitar|Protect|p1a: Tyranitar
|-singleturn|p1a: Tyranitar|Protect
|move|p2a: Staraptor|Close Combat|p1a: Tyranitar
|-activate|p1a: Tyranitar|move: Protect
|move|p1b: Gholdengo|Nasty Plot|p1b: Gholdengo
|-boost|p1b: Gholdengo|spa|2
|
|-weather|none
|upkeep
|turn|6
|inactive|Tatsulol has 30 seconds left.
|inactive|Tatsulol has 20 seconds left.
|inactive|Tatsulol has 15 seconds left.
|
|t:|1786034461
|move|p1a: Tyranitar|Protect||[still]
|-fail|p1a: Tyranitar
|move|p2a: Staraptor|Close Combat|p1a: Tyranitar
|-supereffective|p1a: Tyranitar|2
|-damage|p1a: Tyranitar|0 fnt
|-boost|p2a: Staraptor|def|1
|-boost|p2a: Staraptor|spd|1
|faint|p1a: Tyranitar
|move|p1b: Gholdengo|Shadow Ball|p2b: Milotic
|-damage|p2b: Milotic|22/100
|-enditem|p2b: Milotic|Sitrus Berry|[eat]
|-heal|p2b: Milotic|47/100|[from] item: Sitrus Berry
|-damage|p1b: Gholdengo|90/100|[from] item: Life Orb
|move|p2b: Milotic|Icy Wind|p1b: Gholdengo
|-resisted|p1b: Gholdengo|1
|-damage|p1b: Gholdengo|82/100
|-unboost|p1b: Gholdengo|spe|1
|
|-sideend|p1: Gen4lover2|move: Tailwind
|upkeep
|
|t:|1786034478
|switch|p1a: Staraptor|Staraptor, L50, F|73/100
|-ability|p1a: Staraptor|Intimidate|boost
|-boost|p2a: Staraptor|atk|1
|-unboost|p2b: Milotic|atk|1
|-ability|p2b: Milotic|Competitive|boost
|-boost|p2b: Milotic|spa|2
|turn|7
|
|t:|1786034502
|detailschange|p1a: Staraptor|Staraptor-Mega, L50, F
|-mega|p1a: Staraptor|Staraptor|Staraptite
|move|p1a: Staraptor|Protect|p1a: Staraptor
|-singleturn|p1a: Staraptor|Protect
|move|p2a: Staraptor|Close Combat|p1a: Staraptor
|-activate|p1a: Staraptor|move: Protect
|move|p2b: Milotic|Scald|p1b: Gholdengo
|-damage|p1b: Gholdengo|11/100
|move|p1b: Gholdengo|Make It Rain|p2a: Staraptor|[spread] p2a,p2b
|-resisted|p2b: Milotic|1
|-damage|p2a: Staraptor|8/100
|-damage|p2b: Milotic|1/100
|-unboost|p1b: Gholdengo|spa|2
|-damage|p1b: Gholdengo|2/100|[from] item: Life Orb
|
|-sideend|p2: Tatsulol|move: Tailwind
|upkeep
|turn|8
|inactive|Tatsulol has 30 seconds left.
|
|t:|1786034528
|move|p1b: Gholdengo|Protect|p1b: Gholdengo
|-singleturn|p1b: Gholdengo|Protect
|move|p2a: Staraptor|Brave Bird|p1a: Staraptor
|-supereffective|p1a: Staraptor|1
|-damage|p1a: Staraptor|0 fnt
|faint|p1a: Staraptor
|-damage|p2a: Staraptor|0 fnt|[from] Recoil
|faint|p2a: Staraptor
|move|p2b: Milotic|Scald|p1b: Gholdengo
|-activate|p1b: Gholdengo|move: Protect
|
|upkeep
|
|t:|1786034534
|switch|p2a: Gholdengo|Gholdengo, L50|100/100
|turn|9
|-message|Gen4lover2 forfeited.
|
|win|Tatsulol
|raw|Gen4lover2's rating: 1337 → 1316(-21 for losing)
|raw|Tatsulol's rating: 1323 → 1344(+21 for winning)
|l|☆Gen4lover2
|player|p1|
