|j|☆FLAMENETA
|j|☆tang de maracuja
|html|FLAMENETAtang de maracuja    
|uhtml|bestof|Game 2 of a best-of-3
|t:|1784651320
|gametype|doubles
|player|p1|FLAMENETA|265|1150
|player|p2|tang de maracuja|morty|1120
|gen|9
|tier|[Gen 9 Champions] VGC 2026 Reg M-B (Bo3)
|rated|
|rule|Species Clause: Limit one of each Pokémon
|rule|Item Clause: Limit 1 of each item
|clearpoke
|poke|p1|Scovillain, L50, M|
|poke|p1|Incineroar, L50, F|
|poke|p1|Gallade, L50, M|
|poke|p1|Farigiraf, L50, M|
|poke|p1|Pelipper, L50, M|
|poke|p1|Kingambit, L50, M|
|poke|p2|Gengar, L50, F|
|poke|p2|Archaludon, L50, M|
|poke|p2|Politoed, L50, F|
|poke|p2|Swampert, L50, F|
|poke|p2|Vivillon, L50, F|
|poke|p2|Incineroar, L50, F|
|teampreview|4
|showteam|p1|Scovillain||Scovillainite|Moody|LeafStorm,Overheat,Protect,RagePowder|Relaxed||M|||50|]Incineroar||WhiteHerb|Intimidate|CloseCombat,FlareBlitz,FakeOut,DarkestLariat|Brave||F|||50|]Gallade||BlackBelt|Sharpness|SacredSword,PsychoCut,Protect,TrickRoom|Brave||M|||50|]Farigiraf||SitrusBerry|ArmorTail|TrickRoom,HyperVoice,NastyPlot,Psychic|Quiet||M|||50|]Pelipper||MysticWater|Drizzle|Hurricane,MuddyWater,WideGuard,WeatherBall|Quiet||M|||50|]Kingambit||BlackGlasses|Defiant|SwordsDance,SuckerPunch,IronHead,KowtowCleave|Brave||M|||50|
|showteam|p2|Gengar||Gengarite|CursedBody|ShadowBall,SludgeBomb,PerishSong,Protect|Modest||F|||50|]Archaludon||Leftovers|Stamina|ElectroShot,DragonPulse,FlashCannon,Protect|Bold||M|||50|]Politoed||SitrusBerry|Drizzle|WeatherBall,Hypnosis,PerishSong,Protect|Calm||F|||50|]Swampert||Swampertite|Torrent|WaveCrash,Earthquake,IcePunch,Protect|Adamant||F|||50|]Vivillon||FocusSash|CompoundEyes|Hurricane,SleepPowder,RagePowder,Protect|Timid||F|||50|]Incineroar||PasshoBerry|Intimidate|ThroatChop,FakeOut,PartingShot,Protect|Impish||F|||50|
|inactive|Battle timer is ON: inactive players will automatically lose when time's up. (requested by tang de maracuja)
|
|t:|1784651343
|teamsize|p1|4
|teamsize|p2|4
|start
|switch|p1a: Incineroar|Incineroar, L50, F|100/100
|switch|p1b: Farigiraf|Farigiraf, L50, M|100/100
|switch|p2a: Archaludon|Archaludon, L50, M|100/100
|switch|p2b: Politoed|Politoed, L50, F|100/100
|-weather|RainDance|[from] ability: Drizzle|[of] p2b: Politoed
|-ability|p1a: Incineroar|Intimidate|boost
|-unboost|p2a: Archaludon|atk|1
|-unboost|p2b: Politoed|atk|1
|turn|1
|
|t:|1784651358
|move|p1a: Incineroar|Fake Out|p2b: Politoed
|-damage|p2b: Politoed|86/100
|move|p2a: Archaludon|Electro Shot||[still]
|-prepare|p2a: Archaludon|Electro Shot
|-boost|p2a: Archaludon|spa|1
|-anim|p2a: Archaludon|Electro Shot|p1b: Farigiraf
|-damage|p1b: Farigiraf|50/100y
|-enditem|p1b: Farigiraf|Sitrus Berry|[eat]
|-heal|p1b: Farigiraf|74/100|[from] item: Sitrus Berry
|cant|p2b: Politoed|flinch
|move|p1b: Farigiraf|Trick Room|p1b: Farigiraf
|-fieldstart|move: Trick Room|[of] p1b: Farigiraf
|
|-weather|RainDance|[upkeep]
|upkeep
|turn|2
|inactive|tang de maracuja has 30 seconds left.
|inactive|tang de maracuja has 20 seconds left.
|
|t:|1784651396
|switch|p2b: Incineroar|Incineroar, L50, F|100/100
|-ability|p2b: Incineroar|Intimidate|boost
|-unboost|p1a: Incineroar|atk|1
|-unboost|p1b: Farigiraf|atk|1
|-enditem|p1a: Incineroar|White Herb
|-clearnegativeboost|p1a: Incineroar|[silent]
|move|p1b: Farigiraf|Psychic|p2b: Incineroar
|-immune|p2b: Incineroar
|move|p1a: Incineroar|Close Combat|p2b: Incineroar
|-supereffective|p2b: Incineroar|1
|-damage|p2b: Incineroar|34/100
|-unboost|p1a: Incineroar|def|1
|-unboost|p1a: Incineroar|spd|1
|move|p2a: Archaludon|Electro Shot||[still]
|-prepare|p2a: Archaludon|Electro Shot
|-boost|p2a: Archaludon|spa|1
|-anim|p2a: Archaludon|Electro Shot|p1b: Farigiraf
|-damage|p1b: Farigiraf|4/100
|
|-weather|RainDance|[upkeep]
|upkeep
|turn|3
|inactive|FLAMENETA has 30 seconds left.
|inactive|tang de maracuja has 30 seconds left.
|
|t:|1784651429
|switch|p1a: Gallade|Gallade, L50, M|100/100
|switch|p2b: Politoed|Politoed, L50, F|86/100
|move|p2a: Archaludon|Protect|p2a: Archaludon
|-singleturn|p2a: Archaludon|Protect
|move|p1b: Farigiraf|Hyper Voice|p2b: Politoed|[spread] p2b
|-activate|p2a: Archaludon|move: Protect
|-damage|p2b: Politoed|62/100
|
|-weather|RainDance|[upkeep]
|upkeep
|turn|4
|
|t:|1784651446
|switch|p2b: Incineroar|Incineroar, L50, F|34/100
|-ability|p2b: Incineroar|Intimidate|boost
|-unboost|p1a: Gallade|atk|1
|-unboost|p1b: Farigiraf|atk|1
|move|p1b: Farigiraf|Nasty Plot|p1b: Farigiraf
|-boost|p1b: Farigiraf|spa|2
|move|p1a: Gallade|Sacred Sword|p2a: Archaludon
|-supereffective|p2a: Archaludon|1
|-damage|p2a: Archaludon|13/100
|-ability|p2a: Archaludon|Stamina|boost
|-boost|p2a: Archaludon|def|1
|move|p2a: Archaludon|Electro Shot||[still]
|-prepare|p2a: Archaludon|Electro Shot
|-boost|p2a: Archaludon|spa|1
|-anim|p2a: Archaludon|Electro Shot|p1b: Farigiraf
|-damage|p1b: Farigiraf|0 fnt
|faint|p1b: Farigiraf
|
|-weather|RainDance|[upkeep]
|-heal|p2a: Archaludon|19/100|[from] item: Leftovers
|upkeep
|
|t:|1784651459
|switch|p1b: Incineroar|Incineroar, L50, F|100/100
|-ability|p1b: Incineroar|Intimidate|boost
|-unboost|p2a: Archaludon|atk|1
|-unboost|p2b: Incineroar|atk|1
|turn|5
|inactive|FLAMENETA has 30 seconds left.
|
|t:|1784651490
|switch|p2b: Swampert|Swampert, L50, F|100/100
|move|p2a: Archaludon|Protect|p2a: Archaludon
|-singleturn|p2a: Archaludon|Protect
|move|p1b: Incineroar|Darkest Lariat|p2b: Swampert
|-damage|p2b: Swampert|53/100
|move|p1a: Gallade|Sacred Sword|p2b: Swampert
|-damage|p2b: Swampert|0 fnt
|faint|p2b: Swampert
|
|-weather|none
|-heal|p2a: Archaludon|25/100|[from] item: Leftovers
|-fieldend|move: Trick Room
|upkeep
|
|t:|1784651509
|switch|p2b: Incineroar|Incineroar, L50, F|34/100
|-ability|p2b: Incineroar|Intimidate|boost
|-unboost|p1a: Gallade|atk|1
|-unboost|p1b: Incineroar|atk|1
|turn|6
|
|t:|1784651523
|switch|p1a: Kingambit|Kingambit, L50, M|100/100
|move|p2b: Incineroar|Fake Out|p1b: Incineroar
|-damage|p1b: Incineroar|89/100
|move|p2a: Archaludon|Dragon Pulse|p1a: Kingambit
|-resisted|p1a: Kingambit|1
|-damage|p1a: Kingambit|53/100
|cant|p1b: Incineroar|flinch
|
|-heal|p2a: Archaludon|31/100|[from] item: Leftovers
|upkeep
|turn|7
|inactive|FLAMENETA has 30 seconds left.
|
|t:|1784651555
|switch|p2b: Politoed|Politoed, L50, F|62/100
|-weather|RainDance|[from] ability: Drizzle|[of] p2b: Politoed
|move|p2a: Archaludon|Electro Shot||[still]
|-prepare|p2a: Archaludon|Electro Shot
|-boost|p2a: Archaludon|spa|1
|-anim|p2a: Archaludon|Electro Shot|p1a: Kingambit
|-damage|p1a: Kingambit|0 fnt
|faint|p1a: Kingambit
|move|p1b: Incineroar|Close Combat|p2a: Archaludon
|-supereffective|p2a: Archaludon|1
|-damage|p2a: Archaludon|6/100
|-unboost|p1b: Incineroar|def|1
|-unboost|p1b: Incineroar|spd|1
|-ability|p2a: Archaludon|Stamina|boost
|-boost|p2a: Archaludon|def|1
|
|-weather|RainDance|[upkeep]
|-heal|p2a: Archaludon|12/100|[from] item: Leftovers
|upkeep
|
|t:|1784651564
|switch|p1a: Gallade|Gallade, L50, M|100/100
|turn|8
|
|t:|1784651580
|move|p2a: Archaludon|Electro Shot||[still]
|-prepare|p2a: Archaludon|Electro Shot
|-boost|p2a: Archaludon|spa|1
|-anim|p2a: Archaludon|Electro Shot|p1a: Gallade
|-damage|p1a: Gallade|0 fnt
|faint|p1a: Gallade
|move|p2b: Politoed|Weather Ball|p1b: Incineroar
|-supereffective|p1b: Incineroar|1
|-damage|p1b: Incineroar|0 fnt
|faint|p1b: Incineroar
|
|win|tang de maracuja
