|j|☆Hadrian1917
|j|☆awoogoo
|html|Hadrian1917awoogoo    
|uhtml|bestof|Game 2 of a best-of-3
|t:|1757112090
|gametype|doubles
|player|p1|Hadrian1917|169|1186
|player|p2|awoogoo|1|1118
|gen|9
|tier|[Gen 9] VGC 2025 Reg H (Bo3)
|rated|
|rule|Species Clause: Limit one of each Pokémon
|rule|Item Clause: Limit 1 of each item
|clearpoke
|poke|p1|Dragonite, L50, F|
|poke|p1|Ursaluna-Bloodmoon, L50, M|
|poke|p1|Gholdengo, L50|
|poke|p1|Maushold-Four, L50|
|poke|p1|Annihilape, L50, F|
|poke|p1|Rillaboom, L50, F|
|poke|p2|Electabuzz, L50, M|
|poke|p2|Kingambit, L50, F|
|poke|p2|Volcarona, L50, M|
|poke|p2|Dragonite, L50, M|
|poke|p2|Sneasler, L50, M|
|poke|p2|Rillaboom, L50, F|
|teampreview|4
|showteam|p1|Dragonite||LoadedDice|Multiscale|ScaleShot,Tailwind,Haze,Protect|||F|||50|,,,,,Fairy]Ursaluna-Bloodmoon||AssaultVest|MindsEye|BloodMoon,EarthPower,HyperVoice,VacuumWave|||M|||50|,,,,,Water]Gholdengo||LifeOrb|GoodasGold|MakeItRain,ShadowBall,NastyPlot,Protect||||||50|,,,,,Dragon]Maushold-Four||FocusSash|FriendGuard|Taunt,FollowMe,BeatUp,Protect||||||50|,,,,,Ghost]Annihilape||SitrusBerry|Defiant|RageFist,DrainPunch,BulkUp,Protect|||F|||50|,,,,,Fire]Rillaboom||MiracleSeed|GrassySurge|WoodHammer,GrassyGlide,HighHorsepower,FakeOut|||F|||50|,,,,,Fire
|showteam|p2|Electabuzz||Eviolite|VitalSpirit|FollowMe,Thunderbolt,Taunt,Protect|||M|||50|,,,,,Ghost]Kingambit||BlackGlasses|Defiant|KowtowCleave,SuckerPunch,SwordsDance,Protect|||F|||50|,,,,,Dark]Volcarona||Leftovers|FlameBody|HeatWave,TeraBlast,QuiverDance,Protect|||M|||50|,,,,,Fairy]Dragonite||LoadedDice|Multiscale|ScaleShot,ExtremeSpeed,Haze,Protect|||M|||50|,,,,,Fairy]Sneasler||FocusSash|Unburden|DireClaw,CloseCombat,Coaching,FakeOut|||M|||50|,,,,,Stellar]Rillaboom||AssaultVest|GrassySurge|FakeOut,WoodHammer,GrassyGlide,HighHorsepower|||F|||50|,,,,,Fire
|inactive|Battle timer is ON: inactive players will automatically lose when time's up. (requested by Hadrian1917)
|
|t:|1757112139
|teamsize|p1|4
|teamsize|p2|4
|start
|switch|p1a: Dragonite|Dragonite, L50, F, shiny|100/100
|switch|p1b: Maushold|Maushold-Four, L50, shiny|100/100
|switch|p2a: Volcarona|Volcarona, L50, M|100/100
|switch|p2b: Rillaboom|Rillaboom, L50, F|100/100
|-fieldstart|move: Grassy Terrain|[from] ability: Grassy Surge|[of] p2b: Rillaboom
|turn|1
|
|t:|1757112156
|move|p2b: Rillaboom|Fake Out|p1b: Maushold
|-damage|p1b: Maushold|84/100
|cant|p1b: Maushold|flinch
|move|p2a: Volcarona|Quiver Dance|p2a: Volcarona
|-boost|p2a: Volcarona|spa|1
|-boost|p2a: Volcarona|spd|1
|-boost|p2a: Volcarona|spe|1
|move|p1a: Dragonite|Tailwind|p1a: Dragonite
|-sidestart|p1: Hadrian1917|move: Tailwind
|
|-heal|p1b: Maushold|90/100|[from] Grassy Terrain
|upkeep
|turn|2
|inactive|awoogoo has 30 seconds left.
|inactive|awoogoo has 20 seconds left.
|inactive|awoogoo has 15 seconds left.
|inactive|awoogoo has 10 seconds left.
|
|t:|1757112202
|move|p1b: Maushold|Protect|p1b: Maushold
|-singleturn|p1b: Maushold|Protect
|move|p2b: Rillaboom|Grassy Glide|p1b: Maushold
|-activate|p1b: Maushold|move: Protect
|move|p1a: Dragonite|Haze|p1a: Dragonite
|-clearallboost
|move|p2a: Volcarona|Heat Wave|p1b: Maushold|[spread] p1a
|-activate|p1b: Maushold|move: Protect
|-resisted|p1a: Dragonite
|-damage|p1a: Dragonite|94/100
|
|-heal|p1b: Maushold|96/100|[from] Grassy Terrain
|upkeep
|turn|3
|inactive|awoogoo has 30 seconds left.
|
|t:|1757112235
|switch|p2b: Electabuzz|Electabuzz, L50, M|100/100
|-terastallize|p2a: Volcarona|Fairy
|move|p1b: Maushold|Taunt|p2a: Volcarona
|-start|p2a: Volcarona|move: Taunt
|move|p1a: Dragonite|Scale Shot|p2b: Electabuzz
|-damage|p2b: Electabuzz|89/100
|-damage|p2b: Electabuzz|77/100
|-damage|p2b: Electabuzz|65/100
|-damage|p2b: Electabuzz|55/100
|-hitcount|p2b: Electabuzz|4
|-unboost|p1a: Dragonite|def|1
|-boost|p1a: Dragonite|spe|1
|move|p2a: Volcarona|Tera Blast|p1a: Dragonite|[anim] Tera Blast Fairy
|-supereffective|p1a: Dragonite
|-damage|p1a: Dragonite|32/100
|
|-heal|p1b: Maushold|100/100|[from] Grassy Terrain
|-heal|p2b: Electabuzz|60/100|[from] Grassy Terrain
|upkeep
|turn|4
|inactive|Hadrian1917 has 30 seconds left.
|inactive|awoogoo has 30 seconds left.
|inactive|awoogoo has 20 seconds left.
|
|t:|1757112274
|switch|p2b: Sneasler|Sneasler, L50, M|100/100
|move|p1a: Dragonite|Protect|p1a: Dragonite
|-singleturn|p1a: Dragonite|Protect
|move|p1b: Maushold|Taunt|p2b: Sneasler
|-start|p2b: Sneasler|move: Taunt
|move|p2a: Volcarona|Tera Blast|p1a: Dragonite|[anim] Tera Blast Fairy
|-activate|p1a: Dragonite|move: Protect
|
|-sideend|p1: Hadrian1917|move: Tailwind
|upkeep
|turn|5
|
|t:|1757112294
|move|p2b: Sneasler|Fake Out|p1a: Dragonite
|-damage|p1a: Dragonite|15/100
|cant|p1a: Dragonite|flinch
|move|p1b: Maushold|Beat Up|p2b: Sneasler
|-resisted|p2b: Sneasler
|-damage|p2b: Sneasler|98/100
|-resisted|p2b: Sneasler
|-damage|p2b: Sneasler|96/100
|-resisted|p2b: Sneasler
|-damage|p2b: Sneasler|93/100
|-resisted|p2b: Sneasler
|-damage|p2b: Sneasler|92/100
|-hitcount|p2b: Sneasler|4
|move|p2a: Volcarona|Heat Wave|p1b: Maushold|[spread] p1a,p1b
|-resisted|p1a: Dragonite
|-damage|p1a: Dragonite|0 fnt
|-damage|p1b: Maushold|56/100
|faint|p1a: Dragonite
|
|-heal|p2b: Sneasler|98/100|[from] Grassy Terrain
|-heal|p1b: Maushold|62/100|[from] Grassy Terrain
|-end|p2a: Volcarona|move: Taunt
|-fieldend|move: Grassy Terrain
|upkeep
|
|t:|1757112313
|switch|p1a: Annihilape|Annihilape, L50, F, shiny|100/100
|turn|6
|inactive|awoogoo has 30 seconds left.
|inactive|awoogoo has 20 seconds left.
|
|t:|1757112349
|-terastallize|p1a: Annihilape|Fire
|move|p2b: Sneasler|Close Combat|p1b: Maushold
|-supereffective|p1b: Maushold
|-damage|p1b: Maushold|0 fnt
|-unboost|p2b: Sneasler|def|1
|-unboost|p2b: Sneasler|spd|1
|faint|p1b: Maushold
|move|p1a: Annihilape|Rage Fist|p2a: Volcarona
|-damage|p2a: Volcarona|77/100
|move|p2a: Volcarona|Quiver Dance|p2a: Volcarona
|-boost|p2a: Volcarona|spa|1
|-boost|p2a: Volcarona|spd|1
|-boost|p2a: Volcarona|spe|1
|
|-heal|p2a: Volcarona|83/100|[from] item: Leftovers
|-end|p2b: Sneasler|move: Taunt
|upkeep
|
|t:|1757112364
|switch|p1b: Gholdengo|Gholdengo, L50, shiny|100/100
|turn|7
|
|t:|1757112372
|move|p2a: Volcarona|Quiver Dance|p2a: Volcarona
|-boost|p2a: Volcarona|spa|1
|-boost|p2a: Volcarona|spd|1
|-boost|p2a: Volcarona|spe|1
|move|p2b: Sneasler|Coaching|p2a: Volcarona
|-boost|p2a: Volcarona|atk|1
|-boost|p2a: Volcarona|def|1
|move|p1a: Annihilape|Bulk Up|p1a: Annihilape
|-boost|p1a: Annihilape|atk|1
|-boost|p1a: Annihilape|def|1
|move|p1b: Gholdengo|Make It Rain|p2b: Sneasler|[spread] p2a,p2b
|-supereffective|p2a: Volcarona
|-damage|p2a: Volcarona|31/100
|-damage|p2b: Sneasler|0 fnt
|-unboost|p1b: Gholdengo|spa|1
|faint|p2b: Sneasler
|-damage|p1b: Gholdengo|91/100|[from] item: Life Orb
|
|-heal|p2a: Volcarona|37/100|[from] item: Leftovers
|upkeep
|
|t:|1757112388
|switch|p2b: Rillaboom|Rillaboom, L50, F|100/100
|-fieldstart|move: Grassy Terrain|[from] ability: Grassy Surge|[of] p2b: Rillaboom
|turn|8
|
|t:|1757112397
|move|p2b: Rillaboom|Fake Out|p1a: Annihilape
|-damage|p1a: Annihilape|91/100
|move|p2a: Volcarona|Heat Wave|p1a: Annihilape|[spread] p1a,p1b
|-resisted|p1a: Annihilape
|-supereffective|p1b: Gholdengo
|-damage|p1a: Annihilape|60/100
|-damage|p1b: Gholdengo|0 fnt
|faint|p1b: Gholdengo
|cant|p1a: Annihilape|flinch
|
|-heal|p2a: Volcarona|43/100|[from] Grassy Terrain
|-heal|p2a: Volcarona|49/100|[from] item: Leftovers
|-heal|p1a: Annihilape|66/100|[from] Grassy Terrain
|upkeep
|turn|9
|
|t:|1757112415
|move|p2a: Volcarona|Tera Blast|p1a: Annihilape|[anim] Tera Blast Fairy
|-resisted|p1a: Annihilape
|-damage|p1a: Annihilape|28/100
|-enditem|p1a: Annihilape|Sitrus Berry|[eat]
|-heal|p1a: Annihilape|53/100|[from] item: Sitrus Berry
|move|p1a: Annihilape|Rage Fist|p2a: Volcarona
|-damage|p2a: Volcarona|0 fnt
|faint|p2a: Volcarona
|move|p2b: Rillaboom|High Horsepower|p1a: Annihilape
|-supereffective|p1a: Annihilape
|-damage|p1a: Annihilape|10/100
|
|-heal|p1a: Annihilape|16/100|[from] Grassy Terrain
|upkeep
|
|t:|1757112423
|switch|p2a: Electabuzz|Electabuzz, L50, M|60/100
|turn|10
|
|t:|1757112431
|move|p1a: Annihilape|Protect|p1a: Annihilape
|-singleturn|p1a: Annihilape|Protect
|move|p2a: Electabuzz|Thunderbolt|p1a: Annihilape
|-activate|p1a: Annihilape|move: Protect
|move|p2b: Rillaboom|High Horsepower|p1a: Annihilape
|-activate|p1a: Annihilape|move: Protect
|
|-heal|p1a: Annihilape|23/100|[from] Grassy Terrain
|-heal|p2a: Electabuzz|66/100|[from] Grassy Terrain
|upkeep
|turn|11
|inactive|Hadrian1917 has 30 seconds left.
|
|t:|1757112461
|move|p1a: Annihilape|Rage Fist|p2b: Rillaboom
|-damage|p2b: Rillaboom|0 fnt
|faint|p2b: Rillaboom
|move|p2a: Electabuzz|Thunderbolt|p1a: Annihilape
|-damage|p1a: Annihilape|0 fnt
|faint|p1a: Annihilape
|
|win|awoogoo
||Hadrian1917 is ready for game 3.
|inactive|awoogoo has 30 seconds to confirm battle start!
||awoogoo is ready for game 3.
|uhtml|next|Next: Game 3 of 3
|l|☆awoogoo
|player|p2|
