|j|☆lettitripppp
|j|☆WhatsUpkeep
|html|lettitrippppWhatsUpkeep    
|uhtml|bestof|Game 2 of a best-of-3
|t:|1785456079
|gametype|doubles
|player|p1|lettitripppp|lucas|1160
|player|p2|WhatsUpkeep|backersf|1078
|gen|9
|tier|[Gen 9 Champions] VGC 2026 Reg M-B (Bo3)
|rated|
|rule|Species Clause: Limit one of each Pokémon
|rule|Item Clause: Limit 1 of each item
|clearpoke
|poke|p1|Charizard, L50, M|
|poke|p1|Glimmora, L50, M|
|poke|p1|Ninetales-Alola, L50, M|
|poke|p1|Whimsicott, L50, F|
|poke|p1|Kingambit, L50, F, shiny|
|poke|p1|Kommo-o, L50, M|
|poke|p2|Ninetales-Alola, L50, F|
|poke|p2|Kingambit, L50, M|
|poke|p2|Glimmora, L50, F|
|poke|p2|Kommo-o, L50, M|
|poke|p2|Whimsicott, L50, F|
|poke|p2|Basculegion, L50, M|
|teampreview|4
|showteam|p1|Charizard||CharizarditeY|Blaze|WeatherBall,SolarBeam,HeatWave,Protect|Modest||M|||50|]Glimmora||Glimmoranite|ToxicDebris|SludgeBomb,EarthPower,PowerGem,SpikyShield|Timid||M|||50|]Ninetales-Alola||NeverMeltIce|SnowWarning|FreezeDry,Blizzard,Disable,Protect|Timid||M|||50|]Whimsicott||FocusSash|Prankster|Moonblast,Tailwind,Encore,Protect|Timid||F|||50|]Kingambit||BlackGlasses|Defiant|KowtowCleave,SuckerPunch,IronHead,Protect|Adamant||F|||50|]Kommo-o||LifeOrb|Overcoat|ClangingScales,VacuumWave,AuraSphere,Protect|Timid||M|||50|
|showteam|p2|Ninetales-Alola||NeverMeltIce|SnowWarning|Protect,Blizzard,FreezeDry,HelpingHand|Timid||F|||50|]Kingambit||ChopleBerry|Defiant|Protect,KowtowCleave,LowKick,SuckerPunch|Adamant||M|||50|]Glimmora||Glimmoranite|ToxicDebris|PowerGem,SludgeBomb,EarthPower,SpikyShield|Modest||F|||50|]Kommo-o||LifeOrb|Soundproof|AuraSphere,ClangingScales,VacuumWave,Protect|Modest||M|||50|]Whimsicott||FocusSash|Prankster|Protect,Moonblast,Tailwind,Encore|Timid||F|||50|]Basculegion||ChoiceScarf|Adaptability|WaveCrash,LastRespects,FlipTurn,AquaJet|Jolly||M|||50|
|inactive|Battle timer is ON: inactive players will automatically lose when time's up. (requested by lettitripppp)
|inactive|WhatsUpkeep has 60 seconds left.
|
|t:|1785456126
|teamsize|p1|4
|teamsize|p2|4
|start
|switch|p1a: SOULOLA|Kommo-o, L50, M|100/100
|switch|p1b: LETS GO GO|Whimsicott, L50, F|100/100
|switch|p2a: Whimsicott|Whimsicott, L50, F|100/100
|switch|p2b: Glimmora|Glimmora, L50, F|100/100
|turn|1
|
|t:|1785456144
|detailschange|p2b: Glimmora|Glimmora-Mega, L50, F
|-mega|p2b: Glimmora|Glimmora|Glimmoranite
|move|p1b: LETS GO GO|Tailwind|p1b: LETS GO GO
|-sidestart|p1: lettitripppp|move: Tailwind
|move|p2a: Whimsicott|Tailwind|p2a: Whimsicott
|-sidestart|p2: WhatsUpkeep|move: Tailwind
|move|p2b: Glimmora|Sludge Bomb|p1b: LETS GO GO
|-supereffective|p1b: LETS GO GO|2
|-enditem|p1b: LETS GO GO|Focus Sash
|-damage|p1b: LETS GO GO|1/100
|-status|p1b: LETS GO GO|psn
|move|p1a: SOULOLA|Aura Sphere|p2b: Glimmora
|-damage|p2b: Glimmora|51/100
|-damage|p1a: SOULOLA|90/100|[from] item: Life Orb
|
|-damage|p1b: LETS GO GO|0 fnt|[from] psn
|faint|p1b: LETS GO GO
|upkeep
|
|t:|1785456157
|switch|p1b: NO GO AWAY|Glimmora, L50, M|100/100
|turn|2
|
|t:|1785456179
|switch|p1a: SNOWRUMA|Ninetales-Alola, L50, M|100/100
|-weather|Snowscape|[from] ability: Snow Warning|[of] p1a: SNOWRUMA
|detailschange|p1b: NO GO AWAY|Glimmora-Mega, L50, M
|-mega|p1b: NO GO AWAY|Glimmora|Glimmoranite
|move|p2a: Whimsicott|Protect|p2a: Whimsicott
|-singleturn|p2a: Whimsicott|Protect
|move|p2b: Glimmora|Spiky Shield|p2b: Glimmora
|-singleturn|p2b: Glimmora|move: Protect
|move|p1b: NO GO AWAY|Earth Power|p2b: Glimmora
|-activate|p2b: Glimmora|move: Protect
|
|-weather|Snowscape|[upkeep]
|upkeep
|turn|3
|inactive|WhatsUpkeep has 30 seconds left.
|inactive|WhatsUpkeep has 20 seconds left.
|inactive|WhatsUpkeep has 15 seconds left.
|inactive|WhatsUpkeep has 10 seconds left.
|
|t:|1785456231
|switch|p2b: Basculegion|Basculegion, L50, M|100/100
|move|p2a: Whimsicott|Moonblast|p1a: SNOWRUMA
|-damage|p1a: SNOWRUMA|57/100
|move|p1a: SNOWRUMA|Freeze-Dry|p2b: Basculegion
|-supereffective|p2b: Basculegion|1
|-damage|p2b: Basculegion|25/100
|move|p1b: NO GO AWAY|Earth Power|p2b: Basculegion
|-damage|p2b: Basculegion|0 fnt
|faint|p2b: Basculegion
|
|-weather|Snowscape|[upkeep]
|upkeep
|
|t:|1785456244
|switch|p2b: Kommo-o|Kommo-o, L50, M|100/100
|turn|4
|
|t:|1785456266
|move|p2a: Whimsicott|Protect|p2a: Whimsicott
|-singleturn|p2a: Whimsicott|Protect
|move|p1a: SNOWRUMA|Blizzard|p2b: Kommo-o|[spread] p2b
|-activate|p2a: Whimsicott|move: Protect
|-supereffective|p2b: Kommo-o|1
|-damage|p2b: Kommo-o|7/100
|-status|p2b: Kommo-o|frz
|move|p1b: NO GO AWAY|Sludge Bomb|p2a: Whimsicott
|-activate|p2a: Whimsicott|move: Protect
|cant|p2b: Kommo-o|frz
|
|-weather|Snowscape|[upkeep]
|-sideend|p1: lettitripppp|move: Tailwind
|-sideend|p2: WhatsUpkeep|move: Tailwind
|upkeep
|turn|5
|
|t:|1785456283
|move|p2a: Whimsicott|Tailwind|p2a: Whimsicott
|-sidestart|p2: WhatsUpkeep|move: Tailwind
|-curestatus|p2b: Kommo-o|frz|[msg]
|move|p2b: Kommo-o|Aura Sphere|p1a: SNOWRUMA
|-damage|p1a: SNOWRUMA|2/100
|-damage|p2b: Kommo-o|0 fnt|[from] item: Life Orb
|faint|p2b: Kommo-o
|move|p1a: SNOWRUMA|Blizzard|p2a: Whimsicott
|-supereffective|p2a: Whimsicott|1
|-enditem|p2a: Whimsicott|Focus Sash
|-damage|p2a: Whimsicott|1/100
|move|p1b: NO GO AWAY|Earth Power|p2a: Whimsicott
|-resisted|p2a: Whimsicott|1
|-damage|p2a: Whimsicott|0 fnt
|faint|p2a: Whimsicott
|
|-weather|Snowscape|[upkeep]
|upkeep
|
|t:|1785456291
|switch|p2b: Glimmora|Glimmora-Mega, L50, F|51/100
|turn|6
|
|t:|1785456299
|move|p2b: Glimmora|Earth Power|p1b: NO GO AWAY
|-supereffective|p1b: NO GO AWAY|2
|-damage|p1b: NO GO AWAY|0 fnt
|faint|p1b: NO GO AWAY
|move|p1a: SNOWRUMA|Disable|p2b: Glimmora
|-start|p2b: Glimmora|Disable|Earth Power
|
|-weather|none
|upkeep
|
|t:|1785456302
|switch|p1b: SOULOLA|Kommo-o, L50, M|90/100
|turn|7
|
|t:|1785456310
|move|p1b: SOULOLA|Vacuum Wave|p2b: Glimmora
|-damage|p2b: Glimmora|23/100
|-damage|p1b: SOULOLA|80/100|[from] item: Life Orb
|move|p2b: Glimmora|Sludge Bomb|p1b: SOULOLA
|-damage|p1b: SOULOLA|0 fnt
|faint|p1b: SOULOLA
|move|p1a: SNOWRUMA|Freeze-Dry|p2b: Glimmora
|-damage|p2b: Glimmora|0 fnt
|faint|p2b: Glimmora
|
|win|lettitripppp
