|j|☆EddyG_7889
|j|☆Mero_deando
|html|EddyG_7889Mero_deando    
|uhtml|bestof|Game 3 of a best-of-3
|t:|1783908405
|gametype|doubles
|player|p1|EddyG_7889|artist-gen4|
|player|p2|Mero_deando|lady-gen4|
|gen|9
|tier|[Gen 9 Champions] VGC 2026 Reg M-B (Bo3)
|rule|Species Clause: Limit one of each Pokémon
|rule|Item Clause: Limit 1 of each item
|clearpoke
|poke|p1|Starmie, L50|
|poke|p1|Kingambit, L50, M|
|poke|p1|Sinistcha, L50|
|poke|p1|Archaludon, L50, F|
|poke|p1|Pelipper, L50, F|
|poke|p1|Basculegion, L50, M|
|poke|p2|Delphox, L50, M|
|poke|p2|Whimsicott, L50, F|
|poke|p2|Alcremie, L50, F|
|poke|p2|Ceruledge, L50, M|
|poke|p2|Pangoro, L50, M|
|poke|p2|Mimikyu, L50, F|
|teampreview|4
|showteam|p1|Starmie||Starminite|NaturalCure|Liquidation,ZenHeadbutt,AquaJet,Protect|Jolly|||||50|]Kingambit||OccaBerry|Defiant|KowtowCleave,SuckerPunch,Protect,IronHead|Adamant||M|||50|]Sinistcha||KasibBerry|Hospitality|MatchaGotcha,RagePowder,Protect,TrickRoom|Relaxed|||||50|]Archaludon||Leftovers|Stamina|ElectroShot,FlashCannon,DracoMeteor,Protect|Timid||F|||50|]Pelipper||FocusSash|Drizzle|Hurricane,WeatherBall,WideGuard,Tailwind|Modest||F|||50|]Basculegion||ChoiceScarf|SwiftSwim|Liquidation,LastRespects,FlipTurn,WaveCrash|Adamant||M|||50|
|showteam|p2|Delphox||Delphoxite|Blaze|HeatWave,Psychic,Encore,Protect|Timid||M|||50|]Whimsicott||FocusSash|Prankster|Moonblast,Tailwind,Protect,SunnyDay|Timid||F|||50|]Alcremie||SitrusBerry|SweetVeil|Decorate,DazzlingGleam,HelpingHand,Protect|Calm||F|||50|]Ceruledge||ColburBerry|FlashFire|BitterBlade,ShadowSneak,BulkUp,Protect|Adamant||M|||50|]Pangoro||ExpertBelt|Scrappy|StormThrow,KnockOff,ThunderPunch,PartingShot|Adamant||M|||50|]Mimikyu||LifeOrb|Disguise|TrickRoom,PlayRough,ShadowSneak,Taunt|Adamant||F|||50|
|
|t:|1783908450
|teamsize|p1|4
|teamsize|p2|4
|start
|switch|p1a: Archaludon|Archaludon, L50, F|100/100
|switch|p1b: Kingambit|Kingambit, L50, M|100/100
|switch|p2a: Palomita|Whimsicott, L50, F|100/100
|switch|p2b: Made n China|Pangoro, L50, M|100/100
|turn|1
|
|t:|1783908536
|switch|p1b: Pelipper|Pelipper, L50, F|100/100
|-weather|RainDance|[from] ability: Drizzle|[of] p1b: Pelipper
|move|p2a: Palomita|Tailwind|p2a: Palomita
|-sidestart|p2: Mero_deando|move: Tailwind
|move|p2b: Made n China|Storm Throw|p1a: Archaludon
|-supereffective|p1a: Archaludon|1
|-crit|p1a: Archaludon
|-damage|p1a: Archaludon|1/100
|-ability|p1a: Archaludon|Stamina|boost
|-boost|p1a: Archaludon|def|1
|move|p1a: Archaludon|Electro Shot||[still]
|-prepare|p1a: Archaludon|Electro Shot
|-boost|p1a: Archaludon|spa|1
|-anim|p1a: Archaludon|Electro Shot|p2b: Made n China
|-damage|p2b: Made n China|29/100
|
|-weather|RainDance|[upkeep]
|-heal|p1a: Archaludon|6/100|[from] item: Leftovers
|upkeep
|turn|2
|
|t:|1783908568
|move|p1a: Archaludon|Protect|p1a: Archaludon
|-singleturn|p1a: Archaludon|Protect
|move|p2a: Palomita|Sunny Day|p2a: Palomita
|-weather|SunnyDay
|move|p2b: Made n China|Thunder Punch|p1b: Pelipper
|-supereffective|p1b: Pelipper|2
|-enditem|p1b: Pelipper|Focus Sash
|-damage|p1b: Pelipper|1/100
|move|p1b: Pelipper|Tailwind|p1b: Pelipper
|-sidestart|p1: EddyG_7889|move: Tailwind
|
|-weather|SunnyDay|[upkeep]
|-heal|p1a: Archaludon|12/100|[from] item: Leftovers
|upkeep
|turn|3
|
|t:|1783908621
|switch|p1b: Kingambit|Kingambit, L50, M|100/100
|move|p2a: Palomita|Moonblast|p1b: Kingambit
|-damage|p1b: Kingambit|66/100
|move|p1a: Archaludon|Electro Shot||[still]
|-prepare|p1a: Archaludon|Electro Shot
|-boost|p1a: Archaludon|spa|1
|move|p2b: Made n China|Knock Off|p1a: Archaludon
|-damage|p1a: Archaludon|0 fnt
|-enditem|p1a: Archaludon|Leftovers|[from] move: Knock Off|[of] p2b: Made n China
|faint|p1a: Archaludon
|
|-weather|SunnyDay|[upkeep]
|upkeep
|
|t:|1783908665
|switch|p1a: Pelipper|Pelipper, L50, F|1/100
|-weather|RainDance|[from] ability: Drizzle|[of] p1a: Pelipper
|turn|4
|
|t:|1783908709
|move|p2a: Palomita|Sunny Day|p2a: Palomita
|-weather|SunnyDay
|move|p1a: Pelipper|Weather Ball|p2b: Made n China
|-damage|p2b: Made n China|0 fnt
|faint|p2b: Made n China
|move|p1b: Kingambit|Iron Head|p2a: Palomita
|-supereffective|p2a: Palomita|1
|-enditem|p2a: Palomita|Focus Sash
|-damage|p2a: Palomita|1/100
|
|-weather|SunnyDay|[upkeep]
|-sideend|p2: Mero_deando|move: Tailwind
|upkeep
|
|t:|1783908720
|switch|p2b: Madoka|Delphox, L50, M|100/100
|turn|5
|
|t:|1783908763
|detailschange|p2b: Madoka|Delphox-Mega, L50, M
|-mega|p2b: Madoka|Delphox|Delphoxite
|move|p1a: Pelipper|Wide Guard|p1a: Pelipper
|-singleturn|p1a: Pelipper|Wide Guard
|move|p2a: Palomita|Tailwind|p2a: Palomita
|-sidestart|p2: Mero_deando|move: Tailwind
|move|p1b: Kingambit|Sucker Punch|p2b: Madoka
|-supereffective|p2b: Madoka|1
|-damage|p2b: Madoka|0 fnt
|faint|p2b: Madoka
|
|-weather|SunnyDay|[upkeep]
|-sideend|p1: EddyG_7889|move: Tailwind
|upkeep
|
|t:|1783908781
|switch|p2b: Kyubei|Mimikyu, L50, F|100/100
|turn|6
|
|t:|1783908820
|move|p1b: Kingambit|Sucker Punch|p2a: Palomita
|-resisted|p2a: Palomita|1
|-damage|p2a: Palomita|0 fnt
|faint|p2a: Palomita
|move|p2b: Kyubei|Play Rough|p1b: Kingambit
|-damage|p1b: Kingambit|28/100
|-unboost|p1b: Kingambit|atk|1
|-ability|p1b: Kingambit|Defiant|boost
|-boost|p1b: Kingambit|atk|2
|-damage|p2b: Kyubei|90/100|[from] item: Life Orb
|move|p1a: Pelipper|Weather Ball|p2b: Kyubei
|-activate|p2b: Kyubei|ability: Disguise
|-damage|p2b: Kyubei|90/100
|detailschange|p2b: Kyubei|Mimikyu-Busted, L50, F
|-damage|p2b: Kyubei|77/100|[from] pokemon: Mimikyu-Busted
|
|-weather|SunnyDay|[upkeep]
|upkeep
|turn|7
|
|t:|1783908936
|move|p2b: Kyubei|Shadow Sneak|p1a: Pelipper
|-damage|p1a: Pelipper|0 fnt
|faint|p1a: Pelipper
|-damage|p2b: Kyubei|67/100|[from] item: Life Orb
|move|p1b: Kingambit|Iron Head|p2b: Kyubei
|-supereffective|p2b: Kyubei|1
|-damage|p2b: Kyubei|0 fnt
|faint|p2b: Kyubei
|
|win|EddyG_7889
