|j|☆borntobethegoat
|j|☆Glimme
|html|borntobethegoatGlimme    
|uhtml|bestof|Game 3 of a best-of-3
|t:|1782584508
|gametype|doubles
|player|p1|borntobethegoat|caitlin|1180
|player|p2|Glimme|169|1298
|gen|9
|tier|[Gen 9 Champions] VGC 2026 Reg M-B (Bo3)
|rated|
|rule|Species Clause: Limit one of each Pokémon
|rule|Item Clause: Limit 1 of each item
|clearpoke
|poke|p1|Sinistcha, L50|
|poke|p1|Incineroar, L50, F|
|poke|p1|Milotic, L50, M|
|poke|p1|Raichu, L50, F|
|poke|p1|Floette-Eternal, L50, F|
|poke|p1|Ceruledge, L50, M|
|poke|p2|Charizard, L50, M, shiny|
|poke|p2|Farigiraf, L50, M, shiny|
|poke|p2|Kingambit, L50, M, shiny|
|poke|p2|Sylveon, L50, M, shiny|
|poke|p2|Aerodactyl, L50, M, shiny|
|poke|p2|Garchomp, L50, M, shiny|
|teampreview|4
|showteam|p1|Sinistcha||KasibBerry|Hospitality|MatchaGotcha,RagePowder,TrickRoom,Protect|Relaxed|||||50|]Incineroar||SitrusBerry|Intimidate|FlareBlitz,ThroatChop,FakeOut,PartingShot|Impish||F|||50|]Milotic||Leftovers|Competitive|MuddyWater,Coil,Hypnosis,Protect|Calm||M|||50|]Raichu||RaichuniteY|LightningRod|ZapCannon,FocusBlast,FakeOut,Protect|Timid||F|||50|]Floette-Eternal||Floettite|FlowerVeil|DazzlingGleam,DrainingKiss,CalmMind,Protect|Timid||F|||50|]Ceruledge||ColburBerry|FlashFire|BitterBlade,ShadowSneak,BulkUp,Protect|Adamant||M|||50|
|showteam|p2|Charizard||CharizarditeY|SolarPower|Protect,WeatherBall,HeatWave,SolarBeam|Modest||M|||50|]Farigiraf||ExpertBelt|ArmorTail|HelpingHand,TwinBeam,Thunderbolt,TrickRoom|Bold||M|||50|]Kingambit||FocusSash|Defiant|KowtowCleave,SuckerPunch,IronHead,LowKick|Adamant||M|||50|]Sylveon||FairyFeather|Pixilate|Detect,HyperVoice,HyperBeam,QuickAttack|Modest||M|||50|]Aerodactyl||Aerodactylite|Unnerve|IceFang,RockSlide,DualWingbeat,Tailwind|Jolly||M|||50|]Garchomp||LifeOrb|RoughSkin|Protect,RockSlide,DragonClaw,Earthquake|Adamant||M|||50|
|inactive|Battle timer is ON: inactive players will automatically lose when time's up. (requested by Glimme)
|inactive|borntobethegoat has 60 seconds left.
|
|t:|1782584553
|teamsize|p1|4
|teamsize|p2|4
|start
|switch|p1a: Milotic|Milotic, L50, M|100/100
|switch|p1b: Floette|Floette-Eternal, L50, F|100/100
|switch|p2a: Charizard|Charizard, L50, M, shiny|100/100
|switch|p2b: Kingambit|Kingambit, L50, M, shiny|100/100
|turn|1
|inactive|borntobethegoat has 30 seconds left.
|
|t:|1782584583
|detailschange|p1b: Floette|Floette-Mega, L50, F
|-mega|p1b: Floette|Floette|Floettite
|-ability|p1b: Floette|Fairy Aura
|detailschange|p2a: Charizard|Charizard-Mega-Y, L50, M, shiny
|-mega|p2a: Charizard|Charizard|Charizardite Y
|-weather|SunnyDay|[from] ability: Drought|[of] p2a: Charizard
|move|p1b: Floette|Dazzling Gleam|p2b: Kingambit|[spread] p2a,p2b
|-resisted|p2a: Charizard|1
|-damage|p2a: Charizard|82/100
|-damage|p2b: Kingambit|57/100
|move|p2a: Charizard|Solar Beam||[still]
|-prepare|p2a: Charizard|Solar Beam
|-anim|p2a: Charizard|Solar Beam|p1a: Milotic
|-supereffective|p1a: Milotic|1
|-damage|p1a: Milotic|42/100
|move|p1a: Milotic|Hypnosis|p2b: Kingambit
|-status|p2b: Kingambit|slp|[from] move: Hypnosis
|cant|p2b: Kingambit|slp
|
|-weather|SunnyDay|[upkeep]
|-heal|p1a: Milotic|48/100|[from] item: Leftovers
|upkeep
|turn|2
|c|☆Glimme|lol
|c|☆Glimme|60%
|c|☆Glimme|lol
|inactive|borntobethegoat has 30 seconds left.
|inactive|borntobethegoat has 20 seconds left.
|inactive|borntobethegoat has 15 seconds left.
|c|☆borntobethegoat|how is that possible that 60% move hits :oooo
|inactive|borntobethegoat has 10 seconds left.
|inactive|borntobethegoat has 5 seconds left.
|
|t:|1782584636
|switch|p1a: Incineroar|Incineroar, L50, F|100/100
|-ability|p1a: Incineroar|Intimidate|boost
|-unboost|p2a: Charizard|atk|1
|-unboost|p2b: Kingambit|atk|1
|-ability|p2b: Kingambit|Defiant|boost
|-boost|p2b: Kingambit|atk|2
|move|p1b: Floette|Protect|p1b: Floette
|-singleturn|p1b: Floette|Protect
|move|p2a: Charizard|Solar Beam||[still]
|-prepare|p2a: Charizard|Solar Beam
|-anim|p2a: Charizard|Solar Beam|p1a: Incineroar
|-resisted|p1a: Incineroar|1
|-damage|p1a: Incineroar|77/100
|cant|p2b: Kingambit|slp
|
|-weather|SunnyDay|[upkeep]
|upkeep
|turn|3
|
|t:|1782584659
|switch|p1b: Milotic|Milotic, L50, M|48/100
|move|p2a: Charizard|Protect|p2a: Charizard
|-singleturn|p2a: Charizard|Protect
|-curestatus|p2b: Kingambit|slp|[msg]
|move|p2b: Kingambit|Iron Head|p1b: Milotic
|-resisted|p1b: Milotic|1
|-damage|p1b: Milotic|16/100
|move|p1a: Incineroar|Flare Blitz|p2b: Kingambit
|-supereffective|p2b: Kingambit|1
|-damage|p2b: Kingambit|0 fnt
|faint|p2b: Kingambit
|-damage|p1a: Incineroar|60/100|[from] Recoil
|
|-weather|SunnyDay|[upkeep]
|-heal|p1b: Milotic|22/100|[from] item: Leftovers
|upkeep
|
|t:|1782584663
|switch|p2b: Garchomp|Garchomp, L50, M, shiny|100/100
|turn|4
|
|t:|1782584680
|switch|p1b: Sinistcha|Sinistcha, L50|100/100
|-heal|p1a: Incineroar|85/100|[from] ability: Hospitality|[of] p1b: Sinistcha
|move|p2b: Garchomp|Earthquake|p1b: Sinistcha|[spread] p1a,p1b
|-immune|p2a: Charizard
|-supereffective|p1a: Incineroar|1
|-resisted|p1b: Sinistcha|1
|-damage|p1a: Incineroar|10/100
|-damage|p1b: Sinistcha|78/100
|-enditem|p1a: Incineroar|Sitrus Berry|[eat]
|-heal|p1a: Incineroar|35/100|[from] item: Sitrus Berry
|-damage|p2b: Garchomp|90/100|[from] item: Life Orb
|move|p2a: Charizard|Heat Wave|p1b: Sinistcha|[spread] p1a,p1b
|-resisted|p1a: Incineroar|1
|-supereffective|p1b: Sinistcha|1
|-damage|p1a: Incineroar|6/100
|-damage|p1b: Sinistcha|0 fnt
|faint|p1b: Sinistcha
|move|p1a: Incineroar|Parting Shot|p2b: Garchomp
|-unboost|p2b: Garchomp|atk|1
|-unboost|p2b: Garchomp|spa|1
|
|t:|1782584695
|switch|p1a: Floette|Floette-Mega, L50, F|100/100|[from] Parting Shot
|-ability|p1a: Floette|Fairy Aura
|
|-weather|SunnyDay|[upkeep]
|upkeep
|
|t:|1782584698
|switch|p1b: Incineroar|Incineroar, L50, F|6/100
|-ability|p1b: Incineroar|Intimidate|boost
|-unboost|p2a: Charizard|atk|1
|-unboost|p2b: Garchomp|atk|1
|turn|5
|
|t:|1782584708
|switch|p2b: Aerodactyl|Aerodactyl, L50, M, shiny|100/100
|-ability|p2b: Aerodactyl|Unnerve
|move|p2a: Charizard|Protect|p2a: Charizard
|-singleturn|p2a: Charizard|Protect
|move|p1b: Incineroar|Fake Out|p2a: Charizard
|-activate|p2a: Charizard|move: Protect
|move|p1a: Floette|Calm Mind|p1a: Floette
|-boost|p1a: Floette|spa|1
|-boost|p1a: Floette|spd|1
|
|-weather|none
|upkeep
|turn|6
|
|t:|1782584732
|switch|p1b: Milotic|Milotic, L50, M|22/100
|move|p2b: Aerodactyl|Tailwind|p2b: Aerodactyl
|-sidestart|p2: Glimme|move: Tailwind
|move|p2a: Charizard|Heat Wave|p1b: Milotic|[spread] p1a,p1b
|-resisted|p1b: Milotic|1
|-damage|p1a: Floette|75/100
|-damage|p1b: Milotic|8/100
|move|p1a: Floette|Draining Kiss|p2b: Aerodactyl
|-damage|p2b: Aerodactyl|42/100
|-heal|p1a: Floette|100/100|[from] drain|[of] p2b: Aerodactyl
|
|-heal|p1b: Milotic|14/100|[from] item: Leftovers
|upkeep
|turn|7
|
|t:|1782584754
|move|p2b: Aerodactyl|Rock Slide|p1b: Milotic|[spread] p1a,p1b
|-damage|p1a: Floette|76/100
|-damage|p1b: Milotic|0 fnt
|faint|p1b: Milotic
|move|p2a: Charizard|Heat Wave|p1a: Floette|[miss]
|-miss|p2a: Charizard|p1a: Floette
|cant|p1a: Floette|flinch
|
|upkeep
|
|t:|1782584762
|switch|p1b: Incineroar|Incineroar, L50, F|6/100
|-ability|p1b: Incineroar|Intimidate|boost
|-unboost|p2a: Charizard|atk|1
|-unboost|p2b: Aerodactyl|atk|1
|turn|8
|
|t:|1782584776
|switch|p2b: Garchomp|Garchomp, L50, M, shiny|90/100
|move|p1b: Incineroar|Fake Out|p2b: Garchomp
|-damage|p2b: Garchomp|81/100
|-damage|p1b: Incineroar|0 fnt|[from] ability: Rough Skin|[of] p2b: Garchomp
|faint|p1b: Incineroar
|move|p2a: Charizard|Heat Wave|p1a: Floette
|-damage|p1a: Floette|43/100
|move|p1a: Floette|Dazzling Gleam|p2a: Charizard|[spread] p2a,p2b
|-resisted|p2a: Charizard|1
|-supereffective|p2b: Garchomp|1
|-damage|p2a: Charizard|54/100
|-damage|p2b: Garchomp|0 fnt
|faint|p2b: Garchomp
|
|upkeep
|
|t:|1782584783
|switch|p2b: Aerodactyl|Aerodactyl, L50, M, shiny|42/100
|-ability|p2b: Aerodactyl|Unnerve
|turn|9
|
|t:|1782584791
|move|p1a: Floette|Protect|p1a: Floette
|-singleturn|p1a: Floette|Protect
|move|p2b: Aerodactyl|Dual Wingbeat|p1a: Floette
|-activate|p1a: Floette|move: Protect
|move|p2a: Charizard|Heat Wave|p1a: Floette
|-activate|p1a: Floette|move: Protect
|
|-sideend|p2: Glimme|move: Tailwind
|upkeep
|turn|10
|
|t:|1782584803
|move|p2b: Aerodactyl|Dual Wingbeat|p1a: Floette
|-damage|p1a: Floette|26/100
|-damage|p1a: Floette|10/100
|-hitcount|p1a: Floette|2
|move|p1a: Floette|Draining Kiss|p2b: Aerodactyl
|-damage|p2b: Aerodactyl|0 fnt
|-heal|p1a: Floette|47/100|[from] drain|[of] p2b: Aerodactyl
|faint|p2b: Aerodactyl
|move|p2a: Charizard|Heat Wave|p1a: Floette
|-damage|p1a: Floette|16/100
|
|upkeep
|turn|11
|
|t:|1782584813
|move|p1a: Floette|Draining Kiss|p2a: Charizard
|-resisted|p2a: Charizard|1
|-damage|p2a: Charizard|31/100
|-heal|p1a: Floette|35/100|[from] drain|[of] p2a: Charizard
|move|p2a: Charizard|Heat Wave|p1a: Floette
|-damage|p1a: Floette|2/100
|
|upkeep
|turn|12
|
|t:|1782584819
|move|p1a: Floette|Dazzling Gleam|p2a: Charizard
|-resisted|p2a: Charizard|1
|-damage|p2a: Charizard|0 fnt
|faint|p2a: Charizard
|
|win|borntobethegoat
|raw|borntobethegoat's rating: 1180 → 1213(+33 for winning)
|raw|Glimme's rating: 1298 → 1265(-33 for losing)
