|j|☆LegionVGC
|j|☆Como Se Dice Ben
|html|LegionVGCComo Se Dice Ben    
|uhtml|bestof|Game 1 of a best-of-3
|t:|1757713858
|gametype|doubles
|player|p1|LegionVGC|265|1245
|player|p2|Como Se Dice Ben|benga|1327
|gen|9
|tier|[Gen 9] VGC 2025 Reg H (Bo3)
|rated|
|rule|Species Clause: Limit one of each Pokémon
|rule|Item Clause: Limit 1 of each item
|clearpoke
|poke|p1|Jumpluff, L50, F|
|poke|p1|Charizard, L50, M|
|poke|p1|Incineroar, L50, M|
|poke|p1|Ursaluna, L50, M|
|poke|p1|Porygon2, L50|
|poke|p1|Torkoal, L50, M|
|poke|p2|Baxcalibur, L50, M|
|poke|p2|Weezing-Galar, L50, F|
|poke|p2|Corviknight, L50, M|
|poke|p2|Typhlosion-Hisui, L50, M|
|poke|p2|Toedscruel, L50, F|
|poke|p2|Annihilape, L50, F|
|teampreview|4
|showteam|p1|Jumpluff||CovertCloak|Chlorophyll|RagePowder,SleepPowder,SunnyDay,Tailwind|||F|||50|,,,,,Water]Charizard||ChoiceSpecs|SolarPower|HeatWave,Overheat,WeatherBall,AirSlash|||M|||50|,,,,,Ghost]Incineroar||SitrusBerry|Intimidate|FlareBlitz,KnockOff,FakeOut,PartingShot|||M|||50|,,,,,Ghost]Ursaluna||FlameOrb|Guts|HeadlongRush,Facade,Earthquake,Protect|||M|||50|,,,,,Ghost]Porygon2||Eviolite|Download|TeraBlast,IceBeam,Recover,TrickRoom||||||50|,,,,,Fighting]Torkoal||EjectPack|Drought|Eruption,Overheat,HelpingHand,Protect|||M|||50|,,,,,Fire
|showteam|p2|Baxcalibur||LifeOrb|ThermalExchange|GlaiveRush,IcicleCrash,IceShard,Protect|||M|||50|,,,,,Water]Weezing-Galar||ChoiceSpecs|NeutralizingGas|DazzlingGleam,SludgeBomb,StrangeSteam,Flamethrower|||F|||50|,,,,,Fire]Corviknight||SitrusBerry|MirrorArmor|BraveBird,Tailwind,Roost,Protect|||M|||50|,,,,,Dragon]Typhlosion-Hisui||ChoiceScarf|Blaze|Eruption,HeatWave,SleepTalk,ShadowBall|||M|||50|,,,,,Fire]Toedscruel||CovertCloak|MyceliumMight|Spore,AcidSpray,EarthPower,BulletSeed|||F|||50|,,,,,Poison]Annihilape||SafetyGoggles|Defiant|RageFist,CloseCombat,Coaching,Protect|||F|||50|,,,,,Stellar
|inactive|Battle timer is ON: inactive players will automatically lose when time's up. (requested by LegionVGC)
|inactive|LegionVGC has 60 seconds left.
|inactive|Como Se Dice Ben has 60 seconds left.
|inactive|Como Se Dice Ben has 30 seconds left.
|inactive|Como Se Dice Ben has 20 seconds left.
|inactive|Como Se Dice Ben has 15 seconds left.
|
|t:|1757713946
|teamsize|p1|4
|teamsize|p2|4
|start
|switch|p1a: Blueberry|Jumpluff, L50, F|100/100
|switch|p1b: Starbreaker|Porygon2, L50|100/100
|switch|p2a: Wagwan|Typhlosion-Hisui, L50, M, shiny|100/100
|switch|p2b: SDIYBT|Baxcalibur, L50, M, shiny|100/100
|-ability|p1b: Starbreaker|Download|boost
|-boost|p1b: Starbreaker|atk|1
|turn|1
|
|t:|1757713962
|switch|p2b: Benjamin|Weezing-Galar, L50, F, shiny|100/100
|-ability|p2b: Benjamin|Neutralizing Gas
|-terastallize|p2a: Wagwan|Fire
|move|p2a: Wagwan|Eruption|p1b: Starbreaker|[spread] p1a,p1b
|-supereffective|p1a: Blueberry
|-damage|p1a: Blueberry|0 fnt
|-damage|p1b: Starbreaker|47/100
|faint|p1a: Blueberry
|move|p1b: Starbreaker|Trick Room|p1b: Starbreaker
|-fieldstart|move: Trick Room|[of] p1b: Starbreaker
|
|upkeep
|
|t:|1757713972
|switch|p1a: Turtle|Torkoal, L50, M|100/100
|turn|2
|
|t:|1757713995
|-terastallize|p1a: Turtle|Fire
|move|p1a: Turtle|Eruption|p2a: Wagwan|[spread] p2a,p2b
|-resisted|p2a: Wagwan
|-damage|p2a: Wagwan|54/100
|-damage|p2b: Benjamin|15/100
|move|p1b: Starbreaker|Tera Blast|p2a: Wagwan
|-damage|p2a: Wagwan|3/100
|move|p2b: Benjamin|Sludge Bomb|p1a: Turtle
|-damage|p1a: Turtle|27/100
|move|p2a: Wagwan|Eruption|p1b: Starbreaker|[spread] p1a,p1b
|-resisted|p1a: Turtle
|-damage|p1a: Turtle|26/100
|-damage|p1b: Starbreaker|46/100
|
|upkeep
|turn|3
|
|t:|1757714016
|switch|p2a: SDIYBT|Baxcalibur, L50, M, shiny|100/100
|move|p1a: Turtle|Overheat|p2b: Benjamin
|-crit|p2b: Benjamin
|-damage|p2b: Benjamin|0 fnt
|-unboost|p1a: Turtle|spa|2
|faint|p2b: Benjamin
|-end|p2b: Benjamin|ability: Neutralizing Gas
|-weather|SunnyDay|[from] ability: Drought|[of] p1a: Turtle
|-ability|p1b: Starbreaker|Download|boost
|-boost|p1b: Starbreaker|spa|1
|-enditem|p1a: Turtle|Eject Pack
|
|t:|1757714026
|switch|p1a: Baloo|Ursaluna, L50, M, shiny|100/100
|move|p1b: Starbreaker|Tera Blast|p2a: SDIYBT
|-damage|p2a: SDIYBT|44/100
|
|-weather|SunnyDay|[upkeep]
|-status|p1a: Baloo|brn|[from] item: Flame Orb
|upkeep
|
|t:|1757714034
|switch|p2b: Martin|Corviknight, L50, M|100/100
|turn|4
|
|t:|1757714046
|move|p2a: SDIYBT|Protect|p2a: SDIYBT
|-singleturn|p2a: SDIYBT|Protect
|move|p1b: Starbreaker|Recover|p1b: Starbreaker
|-heal|p1b: Starbreaker|96/100
|move|p1a: Baloo|Facade|p2a: SDIYBT
|-activate|p2a: SDIYBT|move: Protect
|move|p2b: Martin|Brave Bird|p1a: Baloo
|-damage|p1a: Baloo|66/100 brn
|-damage|p2b: Martin|88/100|[from] Recoil
|
|-weather|SunnyDay|[upkeep]
|-damage|p1a: Baloo|61/100 brn|[from] brn
|upkeep
|turn|5
|
|t:|1757714070
|move|p2a: SDIYBT|Ice Shard|p1a: Baloo
|-supereffective|p1a: Baloo
|-damage|p1a: Baloo|12/100 brn
|-damage|p2a: SDIYBT|34/100|[from] item: Life Orb
|move|p1b: Starbreaker|Tera Blast|p2b: Martin
|-resisted|p2b: Martin
|-damage|p2b: Martin|62/100
|move|p1a: Baloo|Facade|p2a: SDIYBT
|-damage|p2a: SDIYBT|0 fnt
|faint|p2a: SDIYBT
|move|p2b: Martin|Brave Bird|p1a: Baloo
|-damage|p1a: Baloo|0 fnt
|faint|p1a: Baloo
|-damage|p2b: Martin|58/100|[from] Recoil
|
|-weather|SunnyDay|[upkeep]
|-fieldend|move: Trick Room
|upkeep
|
|t:|1757714085
|switch|p2a: Wagwan|Typhlosion-Hisui, L50, M, shiny, tera:Fire|3/100
|switch|p1a: Turtle|Torkoal, L50, M, tera:Fire|26/100
|turn|6
|
|t:|1757714097
|move|p1a: Turtle|Protect|p1a: Turtle
|-singleturn|p1a: Turtle|Protect
|move|p2a: Wagwan|Heat Wave|p1a: Turtle|[spread] 
|-activate|p1a: Turtle|move: Protect
|-miss|p2a: Wagwan|p1b: Starbreaker
|move|p2b: Martin|Brave Bird|p1b: Starbreaker
|-damage|p1b: Starbreaker|66/100
|-damage|p2b: Martin|49/100|[from] Recoil
|-enditem|p2b: Martin|Sitrus Berry|[eat]
|-heal|p2b: Martin|74/100|[from] item: Sitrus Berry
|move|p1b: Starbreaker|Trick Room|p1b: Starbreaker
|-fieldstart|move: Trick Room|[of] p1b: Starbreaker
|
|-weather|SunnyDay|[upkeep]
|upkeep
|turn|7
|-message|Como Se Dice Ben forfeited.
|
|win|LegionVGC
||Como Se Dice Ben is ready for game 2.
||LegionVGC is ready for game 2.
|uhtml|next|Next: Game 2 of 3
