|j|☆FrancoilCieco777
|j|☆luckstat10
|html|FrancoilCieco777luckstat10    
|uhtml|bestof|Game 3 of a best-of-3
|t:|1757007356
|gametype|doubles
|player|p1|FrancoilCieco777|baker|1113
|player|p2|luckstat10|266|1065
|gen|9
|tier|[Gen 9] VGC 2025 Reg H (Bo3)
|rated|
|rule|Species Clause: Limit one of each Pokémon
|rule|Item Clause: Limit 1 of each item
|clearpoke
|poke|p1|Volcarona, L50, M|
|poke|p1|Electabuzz, L50, F|
|poke|p1|Sneasler, L50, F|
|poke|p1|Kingambit, L50, M|
|poke|p1|Dragonite, L50, M|
|poke|p1|Rillaboom, L50, M|
|poke|p2|Whimsicott, L50, F|
|poke|p2|Typhlosion-Hisui, L50, M|
|poke|p2|Ursaluna-Bloodmoon, L50, M|
|poke|p2|Indeedee, L50, M|
|poke|p2|Sneasler, L50, F|
|poke|p2|Dragapult, L50, M|
|teampreview|4
|showteam|p1|Volcarona||CovertCloak|FlameBody|HeatWave,TeraBlast,QuiverDance,Protect|||M|||50|,,,,,Fairy]Electabuzz||Eviolite|VitalSpirit|Thunderbolt,FollowMe,Taunt,Protect|||F|||50|,,,,,Ghost]Sneasler||FocusSash|Unburden|FakeOut,CloseCombat,DireClaw,Coaching|||F|||50|,,,,,Stellar]Kingambit||BlackGlasses|Defiant|KowtowCleave,SuckerPunch,SwordsDance,Protect|||M|||50|,,,,,Dark]Dragonite||LoadedDice|Multiscale|ScaleShot,ExtremeSpeed,Haze,Protect|||M|||50|,,,,,Normal]Rillaboom||AssaultVest|GrassySurge|WoodHammer,GrassyGlide,HighHorsepower,FakeOut|||M|||50|,,,,,Fire
|showteam|p2|Whimsicott||CovertCloak|Prankster|Tailwind,SunnyDay,Encore,Moonblast|||F|||50|,,,,,Fire]Typhlosion-Hisui||ChoiceScarf|Blaze|Eruption,HeatWave,ShadowBall,Flamethrower|||M|||50|,,,,,Fire]Ursaluna-Bloodmoon||LifeOrb|MindsEye|BloodMoon,HyperVoice,EarthPower,Protect|||M|||50|,,,,,Ghost]Indeedee||FocusSash|PsychicSurge|ExpandingForce,DazzlingGleam,HelpingHand,Protect|||M|||50|,,,,,Psychic]Sneasler||PsychicSeed|Unburden|DireClaw,CloseCombat,ThroatChop,Protect|||F|||50|,,,,,Dark]Dragapult||ChoiceBand|ClearBody|DragonDarts,TeraBlast,PhantomForce,Uturn|||M|||50|,,,,,Ghost
|inactive|Battle timer is ON: inactive players will automatically lose when time's up. (requested by FrancoilCieco777)
|
|t:|1757007373
|teamsize|p1|4
|teamsize|p2|4
|start
|switch|p1a: Kingambit|Kingambit, L50, M, shiny|100/100
|switch|p1b: Sneasler|Sneasler, L50, F|100/100
|switch|p2a: Dragapult|Dragapult, L50, M|100/100
|switch|p2b: Sneasler|Sneasler, L50, F|100/100
|turn|1
|
|t:|1757007395
|switch|p2a: Indeedee|Indeedee, L50, M|100/100
|-fieldstart|move: Psychic Terrain|[from] ability: Psychic Surge|[of] p2a: Indeedee
|-enditem|p2b: Sneasler|Psychic Seed
|-boost|p2b: Sneasler|spd|1|[from] item: Psychic Seed
|move|p1a: Kingambit|Protect|p1a: Kingambit
|-singleturn|p1a: Kingambit|Protect
|move|p2b: Sneasler|Close Combat|p1a: Kingambit
|-activate|p1a: Kingambit|move: Protect
|move|p1b: Sneasler|Coaching|p1a: Kingambit
|-boost|p1a: Kingambit|atk|1
|-boost|p1a: Kingambit|def|1
|
|upkeep
|turn|2
|
|t:|1757007413
|switch|p1b: Rillaboom|Rillaboom, L50, M|100/100
|-fieldstart|move: Grassy Terrain|[from] ability: Grassy Surge|[of] p1b: Rillaboom
|-terastallize|p1a: Kingambit|Dark
|move|p2a: Indeedee|Protect|p2a: Indeedee
|-singleturn|p2a: Indeedee|Protect
|move|p1a: Kingambit|Sucker Punch|p2b: Sneasler
|-resisted|p2b: Sneasler
|-damage|p2b: Sneasler|19/100
|move|p2b: Sneasler|Close Combat|p1a: Kingambit
|-supereffective|p1a: Kingambit
|-damage|p1a: Kingambit|30/100
|-unboost|p2b: Sneasler|def|1
|-unboost|p2b: Sneasler|spd|1
|
|-heal|p2b: Sneasler|25/100|[from] Grassy Terrain
|-heal|p1a: Kingambit|36/100|[from] Grassy Terrain
|upkeep
|turn|3
|
|t:|1757007431
|switch|p2a: Dragapult|Dragapult, L50, M|100/100
|move|p2b: Sneasler|Protect|p2b: Sneasler
|-singleturn|p2b: Sneasler|Protect
|move|p1b: Rillaboom|Fake Out|p2b: Sneasler
|-activate|p2b: Sneasler|move: Protect
|move|p1a: Kingambit|Kowtow Cleave|p2a: Dragapult
|-supereffective|p2a: Dragapult
|-damage|p2a: Dragapult|0 fnt
|faint|p2a: Dragapult
|
|-heal|p2b: Sneasler|31/100|[from] Grassy Terrain
|-heal|p1a: Kingambit|42/100|[from] Grassy Terrain
|upkeep
|
|t:|1757007435
|switch|p2a: Indeedee|Indeedee, L50, M|100/100
|-fieldstart|move: Psychic Terrain|[from] ability: Psychic Surge|[of] p2a: Indeedee
|turn|4
|
|t:|1757007443
|switch|p1b: Dragonite|Dragonite, L50, M, shiny|100/100
|move|p1a: Kingambit|Protect|p1a: Kingambit
|-singleturn|p1a: Kingambit|Protect
|move|p2b: Sneasler|Dire Claw|p1b: Dragonite
|-damage|p1b: Dragonite|74/100
|-status|p1b: Dragonite|psn
|move|p2a: Indeedee|Dazzling Gleam|p1b: Dragonite|[spread] p1b
|-activate|p1a: Kingambit|move: Protect
|-supereffective|p1b: Dragonite
|-damage|p1b: Dragonite|36/100 psn
|
|-damage|p1b: Dragonite|24/100 psn|[from] psn
|upkeep
|turn|5
|
|t:|1757007457
|switch|p1a: Rillaboom|Rillaboom, L50, M|100/100
|-fieldstart|move: Grassy Terrain|[from] ability: Grassy Surge|[of] p1a: Rillaboom
|move|p2b: Sneasler|Protect|p2b: Sneasler
|-singleturn|p2b: Sneasler|Protect
|move|p1b: Dragonite|Extreme Speed|p2b: Sneasler
|-activate|p2b: Sneasler|move: Protect
|move|p2a: Indeedee|Dazzling Gleam|p1b: Dragonite|[spread] p1a,p1b
|-supereffective|p1b: Dragonite
|-damage|p1a: Rillaboom|88/100
|-damage|p1b: Dragonite|0 fnt
|faint|p1b: Dragonite
|
|-heal|p2b: Sneasler|37/100|[from] Grassy Terrain
|-heal|p1a: Rillaboom|94/100|[from] Grassy Terrain
|upkeep
|
|t:|1757007464
|switch|p1b: Kingambit|Kingambit, L50, M, shiny, tera:Dark|42/100
|turn|6
|
|t:|1757007484
|switch|p2b: Typhlosion|Typhlosion-Hisui, L50, M, shiny|100/100
|move|p1a: Rillaboom|Grassy Glide|p2a: Indeedee
|-damage|p2a: Indeedee|34/100
|move|p1b: Kingambit|Sucker Punch|p2a: Indeedee
|-supereffective|p2a: Indeedee
|-damage|p2a: Indeedee|0 fnt
|faint|p2a: Indeedee
|
|-heal|p1a: Rillaboom|100/100|[from] Grassy Terrain
|-heal|p1b: Kingambit|47/100|[from] Grassy Terrain
|upkeep
|
|t:|1757007487
|switch|p2a: Sneasler|Sneasler, L50, F|37/100
|turn|7
|
|t:|1757007497
|switch|p1a: Sneasler|Sneasler, L50, F|100/100
|-terastallize|p2b: Typhlosion|Fire
|move|p1b: Kingambit|Protect|p1b: Kingambit
|-singleturn|p1b: Kingambit|Protect
|move|p2b: Typhlosion|Heat Wave|p1a: Sneasler|[spread] p1a
|-activate|p1b: Kingambit|move: Protect
|-damage|p1a: Sneasler|26/100
|move|p2a: Sneasler|Close Combat|p1b: Kingambit
|-activate|p1b: Kingambit|move: Protect
|
|-heal|p1a: Sneasler|31/100|[from] Grassy Terrain
|-heal|p2a: Sneasler|42/100|[from] Grassy Terrain
|-heal|p1b: Kingambit|53/100|[from] Grassy Terrain
|upkeep
|turn|8
|
|t:|1757007509
|move|p1a: Sneasler|Fake Out|p2b: Typhlosion
|-damage|p2b: Typhlosion|80/100
|cant|p2b: Typhlosion|flinch
|move|p2a: Sneasler|Close Combat|p1b: Kingambit
|-supereffective|p1b: Kingambit
|-damage|p1b: Kingambit|0 fnt
|-unboost|p2a: Sneasler|def|1
|-unboost|p2a: Sneasler|spd|1
|faint|p1b: Kingambit
|
|-heal|p2b: Typhlosion|86/100|[from] Grassy Terrain
|-heal|p1a: Sneasler|37/100|[from] Grassy Terrain
|-heal|p2a: Sneasler|48/100|[from] Grassy Terrain
|upkeep
|
|t:|1757007511
|switch|p1b: Rillaboom|Rillaboom, L50, M|100/100
|turn|9
|
|t:|1757007517
|move|p1b: Rillaboom|Fake Out|p2b: Typhlosion
|-damage|p2b: Typhlosion|67/100
|cant|p2b: Typhlosion|flinch
|move|p1a: Sneasler|Close Combat|p2b: Typhlosion
|-crit|p2b: Typhlosion
|-damage|p2b: Typhlosion|0 fnt
|-unboost|p1a: Sneasler|def|1
|-unboost|p1a: Sneasler|spd|1
|faint|p2b: Typhlosion
|move|p2a: Sneasler|Dire Claw|p1b: Rillaboom
|-supereffective|p1b: Rillaboom
|-damage|p1b: Rillaboom|9/100
|-status|p1b: Rillaboom|par
|
|-heal|p1a: Sneasler|43/100|[from] Grassy Terrain
|-heal|p2a: Sneasler|54/100|[from] Grassy Terrain
|-heal|p1b: Rillaboom|15/100 par|[from] Grassy Terrain
|-fieldend|move: Grassy Terrain
|upkeep
|turn|10
|
|t:|1757007531
|move|p1a: Sneasler|Close Combat|p2a: Sneasler
|-resisted|p2a: Sneasler
|-damage|p2a: Sneasler|0 fnt
|-unboost|p1a: Sneasler|def|1
|-unboost|p1a: Sneasler|spd|1
|faint|p2a: Sneasler
|
|win|FrancoilCieco777
|raw|FrancoilCieco777's rating: 1113 → 1135(+22 for winning)
|raw|luckstat10's rating: 1065 → 1048(-17 for losing)
