|j|☆florind4 mez4
|j|☆Bruneauxx
|html|florind4 mez4Bruneauxx    
|uhtml|bestof|Game 1 of a best-of-3
|t:|1756519338
|gametype|doubles
|player|p1|florind4 mez4|2|1261
|player|p2|Bruneauxx|fisherman-gen4|1173
|gen|9
|tier|[Gen 9] VGC 2025 Reg H (Bo3)
|rated|
|rule|Species Clause: Limit one of each Pokémon
|rule|Item Clause: Limit 1 of each item
|clearpoke
|poke|p1|Rillaboom, L50, M|
|poke|p1|Sneasler, L50, F|
|poke|p1|Basculegion, L50, M|
|poke|p1|Volcarona, L50, F|
|poke|p1|Dragonite, L50, F|
|poke|p1|Incineroar, L50, M|
|poke|p2|Braviary-Hisui, L50, M|
|poke|p2|Sneasler, L50, F|
|poke|p2|Indeedee-F, L50, F|
|poke|p2|Pelipper, L50, M|
|poke|p2|Archaludon, L50, F|
|poke|p2|Garchomp, L50, F|
|teampreview|4
|showteam|p1|Rillaboom||AssaultVest|GrassySurge|FakeOut,WoodHammer,GrassyGlide,Uturn|||M|||50|,,,,,Fire]Sneasler||FocusSash|Unburden|FakeOut,DireClaw,CloseCombat,Coaching|||F|||50|,,,,,Ghost]Basculegion||ChoiceScarf|Adaptability|FlipTurn,WaveCrash,LastRespects,TeraBlast|||M|||50|,,,,,Fighting]Volcarona||CovertCloak|FlameBody|HeatWave,TeraBlast,QuiverDance,Protect|||F|||50|,,,,,Fairy]Dragonite||LoadedDice|Multiscale|ScaleShot,Tailwind,Haze,Protect|||F|||50|,,,,,Steel]Incineroar||SafetyGoggles|Intimidate|FakeOut,FlareBlitz,KnockOff,PartingShot|||M|||50|,,,,,Ghost
|showteam|p2|Braviary-Hisui||TwistedSpoon|TintedLens|ExpandingForce,AirSlash,EsperWing,Protect|||M|||50|,,,,,Psychic]Sneasler||PsychicSeed|Unburden|DireClaw,CloseCombat,ThroatChop,Protect|||F|||50|,,,,,Dark]Indeedee-F||SafetyGoggles|PsychicSurge|DazzlingGleam,FollowMe,TrickRoom,HelpingHand|||F|||50|,,,,,Fairy]Pelipper||FocusSash|Drizzle|Hurricane,WeatherBall,Tailwind,Protect|||M|||50|,,,,,Stellar]Archaludon||AssaultVest|Stamina|ElectroShot,Snarl,DragonPulse,BodyPress|||F|||50|,,,,,Grass]Garchomp||ClearAmulet|RoughSkin|Earthquake,ScaleShot,RockSlide,Protect|||F|||50|,,,,,Ground
|inactive|Battle timer is ON: inactive players will automatically lose when time's up. (requested by Bruneauxx)
|
|t:|1756519400
|teamsize|p1|4
|teamsize|p2|4
|start
|switch|p1a: Incineroar|Incineroar, L50, M|100/100
|switch|p1b: Sneasler|Sneasler, L50, F|100/100
|switch|p2a: Garchomp|Garchomp, L50, F|100/100
|switch|p2b: Archaludon|Archaludon, L50, F|100/100
|-ability|p1a: Incineroar|Intimidate|boost
|-fail|p2a: Garchomp|unboost|[from] item: Clear Amulet|[of] p2a: Garchomp
|-unboost|p2b: Archaludon|atk|1
|turn|1
|
|t:|1756519420
|switch|p1b: Rillaboom|Rillaboom, L50, M|100/100
|-fieldstart|move: Grassy Terrain|[from] ability: Grassy Surge|[of] p1b: Rillaboom
|switch|p2b: Indeedee|Indeedee-F, L50, F|100/100
|-fieldstart|move: Psychic Terrain|[from] ability: Psychic Surge|[of] p2b: Indeedee
|-terastallize|p2a: Garchomp|Ground
|move|p2a: Garchomp|Earthquake|p1a: Incineroar|[spread] p2b,p1a,p1b
|-supereffective|p1a: Incineroar
|-resisted|p1b: Rillaboom
|-damage|p2b: Indeedee|45/100
|-damage|p1a: Incineroar|0 fnt
|-damage|p1b: Rillaboom|68/100
|faint|p1a: Incineroar
|
|upkeep
|
|t:|1756519433
|switch|p1a: Dragonite|Dragonite, L50, F|100/100
|turn|2
|
|t:|1756519439
|move|p2b: Indeedee|Follow Me|p2b: Indeedee
|-singleturn|p2b: Indeedee|move: Follow Me
|move|p2a: Garchomp|Scale Shot|p1a: Dragonite
|-supereffective|p1a: Dragonite
|-damage|p1a: Dragonite|85/100
|-supereffective|p1a: Dragonite
|-damage|p1a: Dragonite|53/100
|-hitcount|p1a: Dragonite|2
|-unboost|p2a: Garchomp|def|1
|-boost|p2a: Garchomp|spe|1
|move|p1a: Dragonite|Scale Shot|p2b: Indeedee
|-damage|p2b: Indeedee|30/100
|-damage|p2b: Indeedee|16/100
|-damage|p2b: Indeedee|0 fnt
|faint|p2b: Indeedee
|-hitcount|p2: Indeedee|3
|-unboost|p1a: Dragonite|def|1
|-boost|p1a: Dragonite|spe|1
|move|p1b: Rillaboom|U-turn|p2a: Garchomp
|-damage|p2a: Garchomp|61/100
|-damage|p1b: Rillaboom|56/100|[from] ability: Rough Skin|[of] p2a: Garchomp
|
|t:|1756519458
|switch|p1b: Sneasler|Sneasler, L50, F|100/100|[from] U-turn
|
|upkeep
|
|t:|1756519462
|switch|p2b: Braviary|Braviary-Hisui, L50, M|100/100
|turn|3
|
|t:|1756519474
|move|p1a: Dragonite|Protect|p1a: Dragonite
|-singleturn|p1a: Dragonite|Protect
|move|p2a: Garchomp|Scale Shot|p1a: Dragonite
|-activate|p1a: Dragonite|move: Protect
|move|p1b: Sneasler|Close Combat|p2a: Garchomp
|-damage|p2a: Garchomp|0 fnt
|-unboost|p1b: Sneasler|def|1
|-unboost|p1b: Sneasler|spd|1
|-damage|p1b: Sneasler|88/100|[from] ability: Rough Skin|[of] p2a: Garchomp
|faint|p2a: Garchomp
|move|p2b: Braviary|Esper Wing|p1b: Sneasler
|-supereffective|p1b: Sneasler
|-damage|p1b: Sneasler|0 fnt
|-boost|p2b: Braviary|spe|1
|faint|p1b: Sneasler
|
|upkeep
|
|t:|1756519491
|switch|p1b: Rillaboom|Rillaboom, L50, M|56/100
|switch|p2a: Archaludon|Archaludon, L50, F|100/100
|-fieldstart|move: Grassy Terrain|[from] ability: Grassy Surge|[of] p1b: Rillaboom
|turn|4
|
|t:|1756519502
|move|p1b: Rillaboom|Fake Out|p2a: Archaludon
|-resisted|p2a: Archaludon
|-damage|p2a: Archaludon|95/100
|-ability|p2a: Archaludon|Stamina|boost
|-boost|p2a: Archaludon|def|1
|move|p1a: Dragonite|Scale Shot|p2b: Braviary
|-damage|p2b: Braviary|81/100
|-damage|p2b: Braviary|61/100
|-damage|p2b: Braviary|43/100
|-damage|p2b: Braviary|24/100
|-damage|p2b: Braviary|5/100
|-hitcount|p2b: Braviary|5
|-unboost|p1a: Dragonite|def|1
|-boost|p1a: Dragonite|spe|1
|move|p2b: Braviary|Esper Wing|p1a: Dragonite
|-crit|p1a: Dragonite
|-damage|p1a: Dragonite|0 fnt
|-boost|p2b: Braviary|spe|1
|faint|p1a: Dragonite
|cant|p2a: Archaludon|flinch
|
|-heal|p1b: Rillaboom|62/100|[from] Grassy Terrain
|-heal|p2a: Archaludon|100/100|[from] Grassy Terrain
|upkeep
|turn|5
|-message|florind4 mez4 forfeited.
|
|win|Bruneauxx
|l|☆florind4 mez4
|player|p1|
||florind4 mez4 is ready for game 2.
|inactive|Bruneauxx has 30 seconds to confirm battle start!
||Bruneauxx is ready for game 2.
|uhtml|next|Next: Game 2 of 3
|l|☆Bruneauxx
|player|p2|
|j|☆Bruneauxx
|player|p2|Bruneauxx|fisherman-gen4|
|l|☆Bruneauxx
|player|p2|
|j|☆Bruneauxx
|player|p2|Bruneauxx|fisherman-gen4|
