|j|☆dontaskwhaticook
|j|☆realredgod.
|html|dontaskwhaticookrealredgod.    
|uhtml|bestof|Game 3 of a best-of-3
|t:|1756224494
|gametype|doubles
|player|p1|dontaskwhaticook|norman|
|player|p2|realredgod.|170|
|gen|9
|tier|[Gen 9] VGC 2025 Reg H (Bo3)
|rule|Species Clause: Limit one of each Pokémon
|rule|Item Clause: Limit 1 of each item
|clearpoke
|poke|p1|Frosmoth, L50, F|
|poke|p1|Ninetales-Alola, L50, F|
|poke|p1|Annihilape, L50, M|
|poke|p1|Amoonguss, L50, F|
|poke|p1|Blaziken, L50, F|
|poke|p1|Gastrodon-East, L50, M|
|poke|p2|Rillaboom, L50, F|
|poke|p2|Magmar, L50, M|
|poke|p2|Dragapult, L50, M|
|poke|p2|Primarina, L50, F|
|poke|p2|Sneasler, L50, M|
|poke|p2|Kingambit, L50, M|
|teampreview|4
|showteam|p1|Frosmoth||ChoiceSpecs|IceScales|Blizzard,IceBeam,SleepTalk,BugBuzz|||F|||50|,,,,,Ice]Ninetales-Alola||LightClay|SnowWarning|AuroraVeil,FreezeDry,IcyWind,Encore|||F|||50|,,,,,Ghost]Annihilape||SafetyGoggles|Defiant|CloseCombat,Protect,RageFist,DrainPunch|||M|||50|,,,,,Dragon]Amoonguss||CovertCloak|Regenerator|PollenPuff,RagePowder,Spore,Protect|||F|||50|,,,,,Fairy]Blaziken||LifeOrb|SpeedBoost|CloseCombat,FlareBlitz,Coaching,Protect|||F|||50|,,,,,Grass]Gastrodon-East||SitrusBerry|StormDrain|EarthPower,IcyWind,ClearSmog,HelpingHand|||M|||50|,,,,,Steel
|showteam|p2|Rillaboom||AssaultVest|GrassySurge|GrassyGlide,HighHorsepower,FakeOut,WoodHammer|||F|||50|,,,,,Fire]Magmar||Eviolite|VitalSpirit|Overheat,WillOWisp,FollowMe,Protect|||M|||50|,,,,,Ghost]Dragapult||ChoiceBand|ClearBody|DragonDarts,PhantomForce,Outrage,Uturn|||M|||50|,,,,,Dragon]Primarina||SitrusBerry|LiquidVoice|Haze,HyperVoice,Moonblast,Protect|||F|||50|,,,,,Poison]Sneasler||FocusSash|PoisonTouch|DireClaw,CloseCombat,FakeOut,Protect|||M|||50|,,,,,Ghost]Kingambit||BlackGlasses|Defiant|KowtowCleave,SuckerPunch,SwordsDance,Protect|||M|||50|,,,,,Dark
|
|t:|1756224544
|teamsize|p1|4
|teamsize|p2|4
|start
|switch|p1a: Maki|Blaziken, L50, F|100/100
|switch|p1b: Goopy|Gastrodon-East, L50, M|100/100
|switch|p2a: Sneasler|Sneasler, L50, M|100/100
|switch|p2b: Magmar|Magmar, L50, M|100/100
|turn|1
|
|t:|1756224568
|move|p1a: Maki|Protect|p1a: Maki
|-singleturn|p1a: Maki|Protect
|move|p2a: Sneasler|Dire Claw|p1a: Maki
|-activate|p1a: Maki|move: Protect
|move|p2b: Magmar|Will-O-Wisp|p1b: Goopy
|-status|p1b: Goopy|brn
|move|p1b: Goopy|Earth Power|p2a: Sneasler
|-supereffective|p2a: Sneasler
|-damage|p2a: Sneasler|22/100
|
|-damage|p1b: Goopy|95/100 brn|[from] brn
|-ability|p1a: Maki|Speed Boost|boost
|-boost|p1a: Maki|spe|1
|upkeep
|turn|2
|
|t:|1756224593
|switch|p2a: Rillaboom|Rillaboom, L50, F|100/100
|-fieldstart|move: Grassy Terrain|[from] ability: Grassy Surge|[of] p2a: Rillaboom
|move|p2b: Magmar|Protect|p2b: Magmar
|-singleturn|p2b: Magmar|Protect
|move|p1a: Maki|Flare Blitz|p2a: Rillaboom
|-supereffective|p2a: Rillaboom
|-damage|p2a: Rillaboom|0 fnt
|faint|p2a: Rillaboom
|-damage|p1a: Maki|57/100|[from] Recoil
|-damage|p1a: Maki|47/100|[from] item: Life Orb
|move|p1b: Goopy|Earth Power|p2b: Magmar
|-activate|p2b: Magmar|move: Protect
|
|-heal|p1a: Maki|53/100|[from] Grassy Terrain
|-heal|p1b: Goopy|100/100 brn|[from] Grassy Terrain
|-damage|p1b: Goopy|95/100 brn|[from] brn
|-ability|p1a: Maki|Speed Boost|boost
|-boost|p1a: Maki|spe|1
|upkeep
|
|t:|1756224612
|switch|p2a: Kingambit|Kingambit, L50, M|100/100
|turn|3
|
|t:|1756224633
|-terastallize|p2a: Kingambit|Dark
|move|p1a: Maki|Protect|p1a: Maki
|-singleturn|p1a: Maki|Protect
|move|p2b: Magmar|Follow Me|p2b: Magmar
|-singleturn|p2b: Magmar|move: Follow Me
|move|p2a: Kingambit|Swords Dance|p2a: Kingambit
|-boost|p2a: Kingambit|atk|2
|move|p1b: Goopy|Earth Power|p2b: Magmar
|-supereffective|p2b: Magmar
|-damage|p2b: Magmar|50/100
|
|-heal|p1a: Maki|59/100|[from] Grassy Terrain
|-heal|p2b: Magmar|56/100|[from] Grassy Terrain
|-heal|p1b: Goopy|100/100 brn|[from] Grassy Terrain
|-damage|p1b: Goopy|95/100 brn|[from] brn
|-ability|p1a: Maki|Speed Boost|boost
|-boost|p1a: Maki|spe|1
|upkeep
|turn|4
|
|t:|1756224671
|switch|p1a: Mist|Ninetales-Alola, L50, F, shiny|100/100
|-weather|Snowscape|[from] ability: Snow Warning|[of] p1a: Mist
|move|p2b: Magmar|Follow Me|p2b: Magmar
|-singleturn|p2b: Magmar|move: Follow Me
|move|p2a: Kingambit|Sucker Punch||[still]
|-fail|p2a: Kingambit
|move|p1b: Goopy|Clear Smog|p2b: Magmar
|-damage|p2b: Magmar|46/100
|-clearboost|p2b: Magmar
|
|-weather|Snowscape|[upkeep]
|-heal|p2b: Magmar|52/100|[from] Grassy Terrain
|-heal|p1b: Goopy|100/100 brn|[from] Grassy Terrain
|-damage|p1b: Goopy|95/100 brn|[from] brn
|upkeep
|turn|5
|
|t:|1756224688
|move|p2a: Kingambit|Sucker Punch|p1b: Goopy
|-damage|p1b: Goopy|0 fnt
|faint|p1b: Goopy
|move|p1a: Mist|Aurora Veil|p1a: Mist
|-sidestart|p1: dontaskwhaticook|move: Aurora Veil
|move|p2b: Magmar|Overheat|p1a: Mist
|-supereffective|p1a: Mist
|-damage|p1a: Mist|32/100
|-unboost|p2b: Magmar|spa|2
|
|-weather|Snowscape|[upkeep]
|-heal|p1a: Mist|38/100|[from] Grassy Terrain
|-heal|p2b: Magmar|58/100|[from] Grassy Terrain
|upkeep
|
|t:|1756224725
|switch|p1b: Snowball|Frosmoth, L50, F|100/100
|turn|6
|
|t:|1756224740
|-terastallize|p1b: Snowball|Ice
|move|p2b: Magmar|Follow Me|p2b: Magmar
|-singleturn|p2b: Magmar|move: Follow Me
|move|p2a: Kingambit|Sucker Punch|p1b: Snowball
|-damage|p1b: Snowball|8/100
|move|p1a: Mist|Encore|p2b: Magmar
|-start|p2b: Magmar|Encore
|move|p1b: Snowball|Blizzard|p2b: Magmar|[spread] p2a,p2b
|-resisted|p2b: Magmar
|-damage|p2a: Kingambit|20/100
|-damage|p2b: Magmar|25/100
|
|-weather|Snowscape|[upkeep]
|-heal|p1a: Mist|43/100|[from] Grassy Terrain
|-heal|p2b: Magmar|31/100|[from] Grassy Terrain
|-heal|p1b: Snowball|15/100|[from] Grassy Terrain
|-heal|p2a: Kingambit|26/100|[from] Grassy Terrain
|-fieldend|move: Grassy Terrain
|upkeep
|turn|7
|
|t:|1756224779
|switch|p2b: Sneasler|Sneasler, L50, M|22/100
|switch|p1b: Maki|Blaziken, L50, F|59/100
|move|p2a: Kingambit|Sucker Punch|p1a: Mist
|-resisted|p1a: Mist
|-damage|p1a: Mist|9/100
|move|p1a: Mist|Freeze-Dry|p2a: Kingambit
|-damage|p2a: Kingambit|2/100
|
|-weather|Snowscape|[upkeep]
|upkeep
|turn|8
|
|t:|1756224809
|move|p1b: Maki|Protect|p1b: Maki
|-singleturn|p1b: Maki|Protect
|move|p2b: Sneasler|Fake Out|p1a: Mist
|-damage|p1a: Mist|0 fnt
|faint|p1a: Mist
|move|p2a: Kingambit|Sucker Punch||[still]
|-fail|p2a: Kingambit
|
|-weather|none
|-ability|p1b: Maki|Speed Boost|boost
|-boost|p1b: Maki|spe|1
|upkeep
|
|t:|1756224818
|switch|p1a: Snowball|Frosmoth, L50, F, tera:Ice|15/100
|turn|9
|
|t:|1756224836
|move|p2b: Sneasler|Protect|p2b: Sneasler
|-singleturn|p2b: Sneasler|Protect
|move|p2a: Kingambit|Sucker Punch|p1b: Maki
|-resisted|p1b: Maki
|-damage|p1b: Maki|0 fnt
|faint|p1b: Maki
|move|p1a: Snowball|Ice Beam|p2b: Sneasler
|-activate|p2b: Sneasler|move: Protect
|
|upkeep
|turn|10
|c|☆dontaskwhaticook|gg
|-message|dontaskwhaticook forfeited.
|
|win|realredgod.
|l|☆dontaskwhaticook
|player|p1|
|l|☆realredgod.
|player|p2|
|j|☆realredgod.
|player|p2|realredgod.|170|
