|j|☆Spookz_Legend
|j|☆ronansting
|html|Spookz_Legendronansting    
|uhtml|bestof|Game 1 of a best-of-3
|t:|1756219496
|gametype|doubles
|player|p1|Spookz_Legend|cheren-gen5bw2|
|player|p2|ronansting|baker|
|gen|9
|tier|[Gen 9] VGC 2025 Reg H (Bo3)
|rule|Species Clause: Limit one of each Pokémon
|rule|Item Clause: Limit 1 of each item
|clearpoke
|poke|p1|Eiscue, L50, M|
|poke|p1|Ninetales-Alola, L50, M|
|poke|p1|Garchomp, L50, F|
|poke|p1|Talonflame, L50, F|
|poke|p1|Rillaboom, L50, M|
|poke|p1|Gholdengo, L50|
|poke|p2|Archaludon, L50, F|
|poke|p2|Pelipper, L50, M|
|poke|p2|Indeedee, L50, M|
|poke|p2|Amoonguss, L50, F|
|poke|p2|Basculegion, L50, M|
|poke|p2|Hydreigon, L50, M|
|teampreview|4
|showteam|p1|Eiscue||CovertCloak|IceFace|IcicleCrash,Liquidation,BellyDrum,Protect|||M|||50|,,,,,Water]Ninetales-Alola||FocusSash|SnowWarning|Blizzard,Moonblast,AuroraVeil,Protect|||M|||50|,,,,,Ghost]Garchomp||ClearAmulet|RoughSkin|Earthquake,StompingTantrum,DragonClaw,Protect|||F|||50|,,,,,Steel]Talonflame||SharpBeak|GaleWings|BraveBird,FlareBlitz,Taunt,Tailwind|||F|||50|,,,,,Ghost]Rillaboom||AssaultVest|GrassySurge|GrassyGlide,WoodHammer,Uturn,FakeOut|||M|||50|,,,,,Fire]Gholdengo||ChoiceSpecs|GoodasGold|ShadowBall,MakeItRain,Thunderbolt,Trick||||||50|,,,,,Steel
|showteam|p2|Archaludon||AssaultVest|Stamina|ElectroShot,DracoMeteor,BodyPress,FlashCannon|||F|||50|,,,,,Grass]Pelipper||FocusSash|Drizzle|WeatherBall,Hurricane,Tailwind,Protect|||M|||50|,,,,,Ghost]Indeedee||ChoiceScarf|PsychicSurge|ExpandingForce,TeraBlast,Trick,DazzlingGleam|||M|||50|,,,,,Ground]Amoonguss||SitrusBerry|Regenerator|Spore,SludgeBomb,Protect,RagePowder|||F|||50|,,,,,Water]Basculegion||ChoiceBand|SwiftSwim|FlipTurn,WaveCrash,LastRespects,AquaJet|||M|||50|,,,,,Poison]Hydreigon||CovertCloak|Levitate|Taunt,Snarl,DracoMeteor,EarthPower|||M|||50|,,,,,Fairy
|j| MidoMidori
|c|☆Spookz_Legend|glhf
|c| MidoMidori|Ma allez
|c|☆ronansting|blhf
|c|☆ronansting|kwas een pauze aan het nemen omdat ik effe met iemand moest arguen op een draft server wrm gen 5 mid is
|c|☆Spookz_Legend|wou
|c|☆Spookz_Legend|das crazy
|c|☆ronansting|dat kan ik niet laten paseren
|c|☆Spookz_Legend|bro gaat al zijn examens buizen
|c| MidoMidori|Das evil
|c|☆ronansting|kijk
|
|t:|1756219595
|teamsize|p1|4
|teamsize|p2|4
|start
|switch|p1a: Eiscue|Eiscue, L50, M|100/100
|switch|p1b: Rillaboom|Rillaboom, L50, M|100/100
|switch|p2a: Piedragon|Hydreigon, L50, M|100/100
|switch|p2b: Empire|Basculegion, L50, M|100/100
|-fieldstart|move: Grassy Terrain|[from] ability: Grassy Surge|[of] p1b: Rillaboom
|turn|1
|c|☆ronansting|ik heb mijn moeilijkste examen morgen
|c|☆ronansting|but God chose his strongest soldiers to do the heaviest of works
|
|t:|1756219629
|switch|p1a: Ninetales|Ninetales-Alola, L50, M|100/100
|-weather|Snowscape|[from] ability: Snow Warning|[of] p1a: Ninetales
|move|p1b: Rillaboom|Grassy Glide|p2b: Empire
|-supereffective|p2b: Empire
|-damage|p2b: Empire|11/100
|move|p2a: Piedragon|Taunt|p1a: Ninetales
|-start|p1a: Ninetales|move: Taunt
|move|p2b: Empire|Flip Turn|p1b: Rillaboom
|-resisted|p1b: Rillaboom
|-damage|p1b: Rillaboom|79/100
|
|t:|1756219638
|switch|p2b: Arching|Archaludon, L50, F|100/100|[from] Flip Turn
|
|-weather|Snowscape|[upkeep]
|-heal|p1b: Rillaboom|85/100|[from] Grassy Terrain
|upkeep
|turn|2
|
|t:|1756219656
|switch|p2a: Smellypper|Pelipper, L50, M|100/100
|-weather|RainDance|[from] ability: Drizzle|[of] p2a: Smellypper
|move|p1b: Rillaboom|Grassy Glide|p2a: Smellypper
|-damage|p2a: Smellypper|54/100
|move|p1a: Ninetales|Moonblast|p2a: Smellypper
|-damage|p2a: Smellypper|0 fnt
|faint|p2a: Smellypper
|move|p2b: Arching|Electro Shot||[still]
|-prepare|p2b: Arching|Electro Shot
|-boost|p2b: Arching|spa|1
|-anim|p2b: Arching|Electro Shot|p1a: Ninetales
|-damage|p1a: Ninetales|23/100
|
|-weather|RainDance|[upkeep]
|-heal|p1a: Ninetales|29/100|[from] Grassy Terrain
|-heal|p1b: Rillaboom|91/100|[from] Grassy Terrain
|upkeep
|
|t:|1756219668
|switch|p2a: Piedragon|Hydreigon, L50, M|100/100
|turn|3
|
|t:|1756219707
|move|p1b: Rillaboom|Grassy Glide|p2a: Piedragon
|-resisted|p2a: Piedragon
|-damage|p2a: Piedragon|83/100
|move|p1a: Ninetales|Moonblast|p2a: Piedragon
|-supereffective|p2a: Piedragon
|-damage|p2a: Piedragon|0 fnt
|faint|p2a: Piedragon
|move|p2b: Arching|Electro Shot||[still]
|-prepare|p2b: Arching|Electro Shot
|-boost|p2b: Arching|spa|1
|-anim|p2b: Arching|Electro Shot|p1a: Ninetales
|-crit|p1a: Ninetales
|-damage|p1a: Ninetales|0 fnt
|faint|p1a: Ninetales
|
|-weather|RainDance|[upkeep]
|-heal|p1b: Rillaboom|97/100|[from] Grassy Terrain
|upkeep
|c| MidoMidori|Das crazy
|
|t:|1756219726
|switch|p1a: Gholdengo|Gholdengo, L50|100/100
|switch|p2a: Empire|Basculegion, L50, M|11/100
|turn|4
|
|t:|1756219748
|switch|p1a: Eiscue|Eiscue, L50, M|100/100
|move|p2a: Empire|Last Respects|p1a: Eiscue
|-activate|p1a: Eiscue|ability: Ice Face
|-damage|p1a: Eiscue|100/100
|detailschange|p1a: Eiscue|Eiscue-Noice, L50, M
|move|p1b: Rillaboom|U-turn|p2a: Empire
|-resisted|p2a: Empire
|-damage|p2a: Empire|0 fnt
|faint|p2a: Empire
|
|t:|1756219758
|switch|p1b: Gholdengo|Gholdengo, L50|100/100|[from] U-turn
|move|p2b: Arching|Electro Shot||[still]
|-prepare|p2b: Arching|Electro Shot
|-boost|p2b: Arching|spa|1
|-anim|p2b: Arching|Electro Shot|p1a: Eiscue
|-damage|p1a: Eiscue|0 fnt
|faint|p1a: Eiscue
|
|-weather|RainDance|[upkeep]
|upkeep
|
|t:|1756219767
|switch|p1a: Rillaboom|Rillaboom, L50, M|97/100
|turn|5
|
|t:|1756219774
|move|p1a: Rillaboom|Fake Out|p2b: Arching
|-resisted|p2b: Arching
|-damage|p2b: Arching|95/100
|-ability|p2b: Arching|Stamina|boost
|-boost|p2b: Arching|def|1
|move|p1b: Gholdengo|Shadow Ball|p2b: Arching
|-damage|p2b: Arching|57/100
|-unboost|p2b: Arching|spd|1
|-ability|p2b: Arching|Stamina|boost
|-boost|p2b: Arching|def|1
|cant|p2b: Arching|flinch
|
|-weather|RainDance|[upkeep]
|-heal|p1a: Rillaboom|100/100|[from] Grassy Terrain
|-heal|p2b: Arching|64/100|[from] Grassy Terrain
|-fieldend|move: Grassy Terrain
|upkeep
|turn|6
|c| MidoMidori|Ai
|c|☆Spookz_Legend|yoooo
|c|☆ronansting|i did say i was going to get haxed
|
|t:|1756219794
|move|p1b: Gholdengo|Shadow Ball|p2b: Arching
|-crit|p2b: Arching
|-damage|p2b: Arching|0 fnt
|faint|p2b: Arching
|
|win|Spookz_Legend
|c|☆ronansting|lmao
|c| MidoMidori|Aiiiiii
|c|☆Spookz_Legend|yooo
||ronansting is ready for game 2.
||Spookz_Legend is ready for game 2.
|uhtml|next|Next: Game 2 of 3
|l|☆Spookz_Legend
|player|p1|
|l| MidoMidori
