|j|☆Pzdns99
|j|☆robby w
|html|Pzdns99robby w    
|uhtml|bestof|Game 1 of a best-of-3
|t:|1756867001
|gametype|doubles
|player|p1|Pzdns99|grimsley|1137
|player|p2|robby w|pokefan-gen4|1106
|gen|9
|tier|[Gen 9] VGC 2025 Reg H (Bo3)
|rated|
|rule|Species Clause: Limit one of each Pokémon
|rule|Item Clause: Limit 1 of each item
|clearpoke
|poke|p1|Lumineon, L50, M|
|poke|p1|Pelipper, L50, F|
|poke|p1|Archaludon, L50, F|
|poke|p1|Amoonguss, L50, F|
|poke|p1|Annihilape, L50, M|
|poke|p1|Weavile, L50, M|
|poke|p2|Dondozo, L50, F|
|poke|p2|Tatsugiri, L50, M|
|poke|p2|Sneasler, L50, M|
|poke|p2|Whimsicott, L50, F|
|poke|p2|Indeedee, L50, M|
|poke|p2|Hydreigon, L50, F|
|teampreview|4
|showteam|p1|Lumineon||CovertCloak|SwiftSwim|FlipTurn,Tailwind,Encore,RainDance|||M|||50|,,,,,Grass]Pelipper||ChoiceSpecs|Drizzle|Hurricane,MuddyWater,WeatherBall,Uturn|||F|||50|,,,,,Ghost]Archaludon||AssaultVest|Stamina|ElectroShot,BodyPress,Snarl,DracoMeteor|||F|||50|,,,,,Grass]Amoonguss||SitrusBerry|Regenerator|PollenPuff,Protect,RagePowder,Spore|||F|||50|,,,,,Psychic]Annihilape||SafetyGoggles|Defiant|DrainPunch,RageFist,BulkUp,Taunt|||M|||50|,,,,,Water]Weavile||FocusSash|Pickpocket|BeatUp,TripleAxel,KnockOff,Protect|||M|||50|,,,,,Ghost
|showteam|p2|Dondozo||Leftovers|Unaware|Protect,WaveCrash,Earthquake,OrderUp|||F|||50|,,,,,Grass]Tatsugiri||ChoiceScarf|Commander|DragonPulse,IcyWind,DracoMeteor,MuddyWater|||M|||50|,,,,,Stellar]Sneasler||PsychicSeed|Unburden|DireClaw,CloseCombat,Protect,ThroatChop|||M|||50|,,,,,Dark]Whimsicott||CovertCloak|Prankster|Tailwind,Moonblast,Taunt,HelpingHand|||F|||50|,,,,,Dark]Indeedee||FocusSash|PsychicSurge|ExpandingForce,TrickRoom,DazzlingGleam,Protect|||M|||50|,,,,,Fairy]Hydreigon||LifeOrb|Levitate|DracoMeteor,Snarl,HeatWave,Protect|||F|||50|,,,,,Steel
|inactive|Battle timer is ON: inactive players will automatically lose when time's up. (requested by robby w)
|
|t:|1756867042
|teamsize|p1|4
|teamsize|p2|4
|start
|switch|p1a: Weavile|Weavile, L50, M|100/100
|switch|p1b: Amoonguss|Amoonguss, L50, F|100/100
|switch|p2a: Sneasler|Sneasler, L50, M|100/100
|switch|p2b: Indeedee|Indeedee, L50, M|100/100
|-fieldstart|move: Psychic Terrain|[from] ability: Psychic Surge|[of] p2b: Indeedee
|-enditem|p2a: Sneasler|Psychic Seed
|-boost|p2a: Sneasler|spd|1|[from] item: Psychic Seed
|turn|1
|inactive|Pzdns99 has 30 seconds left.
|inactive|robby w has 30 seconds left.
|inactive|Pzdns99 has 20 seconds left.
|inactive|Pzdns99 has 15 seconds left.
|
|t:|1756867083
|-terastallize|p2a: Sneasler|Dark
|-terastallize|p1b: Amoonguss|Psychic
|move|p1a: Weavile|Protect|p1a: Weavile
|-singleturn|p1a: Weavile|Protect
|move|p2a: Sneasler|Throat Chop|p1b: Amoonguss
|-supereffective|p1b: Amoonguss
|-damage|p1b: Amoonguss|14/100
|-start|p1b: Amoonguss|Throat Chop|[silent]
|-enditem|p1b: Amoonguss|Sitrus Berry|[eat]
|-heal|p1b: Amoonguss|39/100|[from] item: Sitrus Berry
|move|p2b: Indeedee|Expanding Force|p1a: Weavile|[spread] p1b
|-activate|p1a: Weavile|move: Protect
|-resisted|p1b: Amoonguss
|-damage|p1b: Amoonguss|21/100
|move|p1b: Amoonguss|Spore|p2a: Sneasler
|-status|p2a: Sneasler|slp|[from] move: Spore
|
|upkeep
|turn|2
|inactive|Pzdns99 has 30 seconds left.
|inactive|robby w has 30 seconds left.
|
|t:|1756867112
|switch|p1b: Pelipper|Pelipper, L50, F|100/100
|-weather|RainDance|[from] ability: Drizzle|[of] p1b: Pelipper
|cant|p2a: Sneasler|slp
|move|p1a: Weavile|Beat Up|p2b: Indeedee
|-supereffective|p2b: Indeedee
|-damage|p2b: Indeedee|59/100
|-supereffective|p2b: Indeedee
|-damage|p2b: Indeedee|35/100
|-supereffective|p2b: Indeedee
|-damage|p2b: Indeedee|4/100
|-supereffective|p2b: Indeedee
|-damage|p2b: Indeedee|0 fnt
|faint|p2b: Indeedee
|-hitcount|p2: Indeedee|4
|
|-weather|RainDance|[upkeep]
|upkeep
|
|t:|1756867126
|switch|p2b: Dondozo|Dondozo, L50, F, shiny|100/100
|turn|3
|
|t:|1756867143
|switch|p1b: Lumineon|Lumineon, L50, M|100/100
|move|p2b: Dondozo|Protect|p2b: Dondozo
|-singleturn|p2b: Dondozo|Protect
|cant|p2a: Sneasler|slp
|move|p1a: Weavile|Knock Off|p2b: Dondozo
|-activate|p2b: Dondozo|move: Protect
|
|-weather|RainDance|[upkeep]
|upkeep
|turn|4
|inactive|Pzdns99 has 30 seconds left.
|inactive|robby w has 30 seconds left.
|inactive|robby w has 20 seconds left.
|
|t:|1756867180
|switch|p2a: Tatsugiri|Tatsugiri, L50, M|100/100
|-activate|p2a: Tatsugiri|ability: Commander|[of] p2b: Dondozo
|-boost|p2b: Dondozo|atk|2
|-boost|p2b: Dondozo|spa|2
|-boost|p2b: Dondozo|spe|2
|-boost|p2b: Dondozo|def|2
|-boost|p2b: Dondozo|spd|2
|move|p1b: Lumineon|Encore|p2b: Dondozo
|-start|p2b: Dondozo|Encore
|move|p2b: Dondozo|Protect||[still]
|-fail|p2b: Dondozo
|move|p1a: Weavile|Triple Axel|p2a: Tatsugiri|[miss]
|-miss|p1a: Weavile|p2a: Tatsugiri
|
|-weather|RainDance|[upkeep]
|upkeep
|turn|5
|
|t:|1756867204
|move|p2b: Dondozo|Protect|p2b: Dondozo
|-singleturn|p2b: Dondozo|Protect
|move|p1b: Lumineon|Tailwind|p1b: Lumineon
|-sidestart|p1: Pzdns99|move: Tailwind
|move|p1a: Weavile|Knock Off|p2b: Dondozo
|-activate|p2b: Dondozo|move: Protect
|
|-weather|RainDance|[upkeep]
|-fieldend|move: Psychic Terrain
|upkeep
|turn|6
|
|t:|1756867223
|move|p2b: Dondozo|Protect||[still]
|-fail|p2b: Dondozo
|move|p1b: Lumineon|Tailwind||[still]
|-fail|p1b: Lumineon
|move|p1a: Weavile|Knock Off|p2b: Dondozo
|-damage|p2b: Dondozo|81/100
|-enditem|p2b: Dondozo|Leftovers|[from] move: Knock Off|[of] p1a: Weavile
|
|-weather|none
|-end|p2b: Dondozo|Encore
|upkeep
|turn|7
|
|t:|1756867241
|switch|p1a: Pelipper|Pelipper, L50, F|100/100
|-weather|RainDance|[from] ability: Drizzle|[of] p1a: Pelipper
|move|p1b: Lumineon|Encore|p2b: Dondozo
|-start|p2b: Dondozo|Encore
|move|p2b: Dondozo|Protect||[still]
|-fail|p2b: Dondozo
|
|-weather|RainDance|[upkeep]
|upkeep
|turn|8
|
|t:|1756867253
|move|p2b: Dondozo|Protect|p2b: Dondozo
|-singleturn|p2b: Dondozo|Protect
|move|p1b: Lumineon|Tailwind||[still]
|-fail|p1b: Lumineon
|move|p1a: Pelipper|Hurricane|p2b: Dondozo
|-activate|p2b: Dondozo|move: Protect
|
|-weather|RainDance|[upkeep]
|-sideend|p1: Pzdns99|move: Tailwind
|upkeep
|turn|9
|
|t:|1756867262
|move|p2b: Dondozo|Protect||[still]
|-fail|p2b: Dondozo
|move|p1b: Lumineon|Tailwind|p1b: Lumineon
|-sidestart|p1: Pzdns99|move: Tailwind
|move|p1a: Pelipper|Hurricane|p2b: Dondozo
|-damage|p2b: Dondozo|42/100
|-start|p2b: Dondozo|confusion
|
|-weather|RainDance|[upkeep]
|-end|p2b: Dondozo|Encore
|upkeep
|turn|10
|
|t:|1756867278
|move|p1b: Lumineon|Encore|p2b: Dondozo
|-start|p2b: Dondozo|Encore
|move|p1a: Pelipper|Hurricane|p2b: Dondozo
|-damage|p2b: Dondozo|2/100
|-activate|p2b: Dondozo|confusion
|-damage|p2b: Dondozo|0 fnt|[from] confusion
|faint|p2b: Dondozo
|
|-weather|RainDance|[upkeep]
|upkeep
|
|t:|1756867287
|switch|p2b: Sneasler|Sneasler, L50, M, tera:Dark|100/100 slp
|turn|11
|
|t:|1756867299
|move|p1b: Lumineon|Flip Turn|p2b: Sneasler
|-damage|p2b: Sneasler|58/100 slp
|
|t:|1756867302
|switch|p1b: Amoonguss|Amoonguss, L50, F, tera:Psychic|54/100|[from] Flip Turn
|move|p1a: Pelipper|Hurricane|p2b: Sneasler
|-damage|p2b: Sneasler|0 fnt
|faint|p2b: Sneasler
|move|p2a: Tatsugiri|Dragon Pulse|p1b: Amoonguss
|-damage|p1b: Amoonguss|25/100
|
|-weather|none
|upkeep
|turn|12
|-message|robby w forfeited.
|
|win|Pzdns99
||Pzdns99 is ready for game 2.
||robby w is ready for game 2.
|uhtml|next|Next: Game 2 of 3
|l|☆Pzdns99
|player|p1|
