|j|☆viatles
|html|viatlesJadyeetus    
|uhtml|bestof|Game 2 of a best-of-3
|t:|1783450774
|gametype|doubles
|player|p1|viatles|hiker|1128
|player|p2|Jadyeetus|linebacker|1033
|gen|9
|tier|[Gen 9 Champions] VGC 2026 Reg M-B (Bo3)
|rated|
|rule|Species Clause: Limit one of each Pokémon
|rule|Item Clause: Limit 1 of each item
|clearpoke
|poke|p1|Beedrill, L50, F, shiny|
|poke|p1|Milotic, L50, M, shiny|
|poke|p1|Farigiraf, L50, M|
|poke|p1|Sinistcha, L50|
|poke|p1|Kingambit, L50, F|
|poke|p1|Ceruledge, L50, F|
|poke|p2|Staraptor, L50, M|
|poke|p2|Excadrill, L50, F, shiny|
|poke|p2|Rotom-Heat, L50, shiny|
|poke|p2|Sceptile, L50, F, shiny|
|poke|p2|Whimsicott, L50, F|
|poke|p2|Toxapex, L50, M, shiny|
|teampreview|4
|showteam|p1|Beedrill||Beedrillite|Swarm|Uturn,DrillRun,PoisonJab,Protect|Jolly||F|||50|]Milotic||Leftovers|Competitive|Scald,IcyWind,Protect,LifeDew|Bold||M|||50|]Farigiraf||ColburBerry|ArmorTail|TrickRoom,Thunderbolt,TwinBeam,HelpingHand|Bold||M|||50|]Sinistcha||SitrusBerry|Hospitality|MatchaGotcha,RagePowder,Imprison,TrickRoom|Bold|||||50|]Kingambit||BlackGlasses|Defiant|SuckerPunch,Protect,KowtowCleave,LowKick|Adamant||F|||50|]Ceruledge||WhiteHerb|FlashFire|ShadowSneak,BitterBlade,CloseCombat,Protect|Serious||F|||50|
|showteam|p2|Staraptor||Staraptite|Intimidate|CloseCombat,BraveBird,Protect,Roost|Jolly||M|||50|]Excadrill||ChoiceScarf|MoldBreaker|HighHorsepower,RockSlide,ThroatChop,IronHead|Jolly||F|||50|]Rotom-Heat||Leftovers|Levitate|Discharge,Overheat,DarkPulse,Protect|Timid|||||50|]Sceptile||Sceptilite|Overgrow|EarthPower,GigaDrain,Protect,DragonPulse|Timid||F|||50|]Whimsicott||FocusSash|Prankster|Charm,Tailwind,Moonblast,Encore|Timid||F|||50|]Toxapex||ShucaBerry|Regenerator|Recover,BanefulBunker,ChillingWater,SludgeWave|Calm||M|||50|
|j|☆Jadyeetus
|player|p2|Jadyeetus|linebacker|
|inactive|Battle timer is ON: inactive players will automatically lose when time's up. (requested by Jadyeetus)
|
|t:|1783450792
|teamsize|p1|4
|teamsize|p2|4
|start
|switch|p1a: Ceruledge|Ceruledge, L50, F|100/100
|switch|p1b: Farigiraf|Farigiraf, L50, M|100/100
|switch|p2a: Mohawk|Staraptor, L50, M|100/100
|switch|p2b: Whimsy|Whimsicott, L50, F|100/100
|-ability|p2a: Mohawk|Intimidate|boost
|-unboost|p1a: Ceruledge|atk|1
|-unboost|p1b: Farigiraf|atk|1
|-enditem|p1a: Ceruledge|White Herb
|-clearnegativeboost|p1a: Ceruledge|[silent]
|turn|1
|
|t:|1783450813
|move|p1a: Ceruledge|Protect|p1a: Ceruledge
|-singleturn|p1a: Ceruledge|Protect
|move|p2b: Whimsy|Moonblast|p1b: Farigiraf
|-damage|p1b: Farigiraf|70/100
|move|p2a: Mohawk|Brave Bird|p1b: Farigiraf
|-damage|p1b: Farigiraf|26/100
|-damage|p2a: Mohawk|80/100|[from] Recoil
|move|p1b: Farigiraf|Trick Room|p1b: Farigiraf
|-fieldstart|move: Trick Room|[of] p1b: Farigiraf
|
|upkeep
|turn|2
|
|t:|1783450836
|move|p2a: Mohawk|Protect|p2a: Mohawk
|-singleturn|p2a: Mohawk|Protect
|move|p1b: Farigiraf|Thunderbolt|p2b: Whimsy
|-resisted|p2b: Whimsy|1
|-damage|p2b: Whimsy|80/100
|move|p1a: Ceruledge|Bitter Blade|p2b: Whimsy
|-supereffective|p2b: Whimsy|1
|-damage|p2b: Whimsy|0 fnt
|faint|p2b: Whimsy
|
|upkeep
|
|t:|1783450853
|switch|p2b: Toxapex|Toxapex, L50, M, shiny|100/100
|turn|3
|
|t:|1783450867
|switch|p2a: Unhand me|Excadrill, L50, F, shiny|100/100
|-ability|p2a: Unhand me|Mold Breaker
|move|p2b: Toxapex|Sludge Wave|p1a: Ceruledge|[spread] p1a,p1b
|-immune|p2a: Unhand me
|-resisted|p1a: Ceruledge|1
|-damage|p1a: Ceruledge|92/100
|-damage|p1b: Farigiraf|10/100
|move|p1b: Farigiraf|Twin Beam|p2b: Toxapex
|-supereffective|p2b: Toxapex|1
|-damage|p2b: Toxapex|77/100
|-supereffective|p2b: Toxapex|1
|-damage|p2b: Toxapex|52/100
|-hitcount|p2b: Toxapex|2
|move|p1a: Ceruledge|Bitter Blade|p2a: Unhand me
|-supereffective|p2a: Unhand me|1
|-damage|p2a: Unhand me|0 fnt
|-heal|p1a: Ceruledge|100/100|[from] drain|[of] p2a: Unhand me
|faint|p2a: Unhand me
|
|upkeep
|
|t:|1783450882
|switch|p2a: Mohawk|Staraptor, L50, M|80/100
|-ability|p2a: Mohawk|Intimidate|boost
|-unboost|p1a: Ceruledge|atk|1
|-unboost|p1b: Farigiraf|atk|1
|turn|4
|
|t:|1783450901
|switch|p1b: Malsumas|Beedrill, L50, F, shiny|100/100
|detailschange|p2a: Mohawk|Staraptor-Mega, L50, M
|-mega|p2a: Mohawk|Staraptor|Staraptite
|move|p1a: Ceruledge|Protect|p1a: Ceruledge
|-singleturn|p1a: Ceruledge|Protect
|move|p2b: Toxapex|Sludge Wave|p1a: Ceruledge|[spread] p2a,p1b
|-activate|p1a: Ceruledge|move: Protect
|-resisted|p1b: Malsumas|1
|-damage|p2a: Mohawk|58/100
|-damage|p1b: Malsumas|87/100
|move|p2a: Mohawk|Roost|p2a: Mohawk
|-heal|p2a: Mohawk|100/100
|-singleturn|p2a: Mohawk|move: Roost
|
|upkeep
|turn|5
|l|☆Jadyeetus
|inactive|Jadyeetus disconnected and has a minute to reconnect!
|player|p2|
|j|☆Jadyeetus
|inactive|Jadyeetus reconnected and has 45 seconds left.
|player|p2|Jadyeetus|linebacker|
|l|☆Jadyeetus
|inactive|Jadyeetus disconnected and has a minute to reconnect!
|player|p2|
|j|☆Jadyeetus
|inactive|Jadyeetus reconnected and has 35 seconds left.
|player|p2|Jadyeetus|linebacker|
|inactive|Jadyeetus has 30 seconds left.
|
|t:|1783450935
|detailschange|p1b: Malsumas|Beedrill-Mega, L50, F, shiny
|-mega|p1b: Malsumas|Beedrill|Beedrillite
|move|p2b: Toxapex|Baneful Bunker|p2b: Toxapex
|-singleturn|p2b: Toxapex|move: Protect
|move|p2a: Mohawk|Protect|p2a: Mohawk
|-singleturn|p2a: Mohawk|Protect
|move|p1b: Malsumas|Protect|p1b: Malsumas
|-singleturn|p1b: Malsumas|Protect
|move|p1a: Ceruledge|Bitter Blade|p2a: Mohawk
|-activate|p2a: Mohawk|move: Protect
|
|-fieldend|move: Trick Room
|upkeep
|turn|6
|
|t:|1783450959
|move|p1b: Malsumas|Poison Jab|p2a: Mohawk
|-crit|p2a: Mohawk
|-damage|p2a: Mohawk|0 fnt
|faint|p2a: Mohawk
|move|p1a: Ceruledge|Bitter Blade|p2b: Toxapex
|-resisted|p2b: Toxapex|1
|-damage|p2b: Toxapex|41/100
|move|p2b: Toxapex|Chilling Water|p1a: Ceruledge
|-supereffective|p1a: Ceruledge|1
|-damage|p1a: Ceruledge|73/100
|-unboost|p1a: Ceruledge|atk|1
|
|upkeep
|turn|7
|-message|Jadyeetus forfeited.
|
|win|viatles
|raw|viatles's rating: 1128 → 1146(+18 for winning)
|raw|Jadyeetus's rating: 1033 → 1022(-11 for losing)
|l|☆Jadyeetus
|player|p2|
