|j|☆Koraidonkoalition
|j|☆zilopochtli
|html|Koraidonkoalitionzilopochtli    
|uhtml|bestof|Game 1 of a best-of-3
|t:|1785081482
|gametype|doubles
|player|p1|Koraidonkoalition|colress|1129
|player|p2|zilopochtli|sage|1076
|gen|9
|tier|[Gen 9 Champions] VGC 2026 Reg M-B (Bo3)
|rated|
|rule|Species Clause: Limit one of each Pokémon
|rule|Item Clause: Limit 1 of each item
|clearpoke
|poke|p1|Tyranitar, L50, F|
|poke|p1|Excadrill, L50, M|
|poke|p1|Milotic, L50, M|
|poke|p1|Sinistcha, L50|
|poke|p1|Staraptor, L50, M|
|poke|p1|Gholdengo, L50|
|poke|p2|Tsareena, L50, F|
|poke|p2|Heliolisk, L50, F|
|poke|p2|Gliscor, L50, M|
|poke|p2|Ninetales-Alola, L50, F|
|poke|p2|Tinkaton, L50, F|
|poke|p2|Delphox, L50, F|
|teampreview|4
|showteam|p1|Tyranitar||Tyranitarite|SandStream|KnockOff,RockSlide,DragonDance,Protect|Jolly||F|||50|]Excadrill||FocusSash|SandRush|Earthquake,IronHead,RockSlide,Protect|Adamant||M|||50|]Milotic||SitrusBerry|Competitive|Scald,IcyWind,Haze,Protect|Calm||M|||50|]Sinistcha||ColburBerry|Hospitality|MatchaGotcha,ShadowBall,Protect,RagePowder|Bold|||||50|]Staraptor||Staraptite|Intimidate|CloseCombat,BraveBird,Tailwind,Protect|Jolly||M|||50|]Gholdengo||LifeOrb|GoodasGold|MakeItRain,ShadowBall,NastyPlot,Protect|Modest|||||50|
|showteam|p2|Tsareena||FocusSash|QueenlyMajesty|TripleAxel,TropKick,KnockOff,Protect|Adamant||F|||50|]Heliolisk||LifeOrb|DrySkin|Thunderbolt,AllySwitch,Protect,DragonPulse|Timid||F|||50|]Gliscor||SitrusBerry|HyperCutter|Tailwind,Earthquake,Acrobatics,Protect|Jolly||M|||50|]Ninetales-Alola||LightClay|SnowWarning|Blizzard,AuroraVeil,IceBeam,Moonblast|Timid||F|||50|]Tinkaton||OccaBerry|MoldBreaker|SkillSwap,GigatonHammer,FakeOut,IceHammer|Jolly||F|||50|]Delphox||Delphoxite|Blaze|HeatWave,Psychic,Protect,NastyPlot|Timid||F|||50|
|
|t:|1785081524
|teamsize|p1|4
|teamsize|p2|4
|start
|switch|p1a: Tyranitar|Tyranitar, L50, F|100/100
|switch|p1b: Excadrill|Excadrill, L50, M|100/100
|switch|p2a: Tsareena|Tsareena, L50, F|100/100
|switch|p2b: Tinkaton|Tinkaton, L50, F|100/100
|-ability|p2b: Tinkaton|Mold Breaker
|-weather|Sandstorm|[from] ability: Sand Stream|[of] p1a: Tyranitar
|turn|1
|
|t:|1785081551
|switch|p1a: Milotic|Milotic, L50, M|100/100
|move|p1b: Excadrill|Protect|p1b: Excadrill
|-singleturn|p1b: Excadrill|Protect
|move|p2b: Tinkaton|Skill Swap|p1b: Excadrill
|-activate|p1b: Excadrill|move: Protect
|move|p2a: Tsareena|Trop Kick|p1a: Milotic
|-supereffective|p1a: Milotic|1
|-damage|p1a: Milotic|5/100
|-unboost|p1a: Milotic|atk|1
|-ability|p1a: Milotic|Competitive|boost
|-boost|p1a: Milotic|spa|2
|-enditem|p1a: Milotic|Sitrus Berry|[eat]
|-heal|p1a: Milotic|30/100|[from] item: Sitrus Berry
|
|-weather|Sandstorm|[upkeep]
|-damage|p1a: Milotic|24/100|[from] Sandstorm
|-damage|p2a: Tsareena|93/100|[from] Sandstorm
|upkeep
|turn|2
|
|t:|1785081576
|move|p1a: Milotic|Protect|p1a: Milotic
|-singleturn|p1a: Milotic|Protect
|move|p1b: Excadrill|Earthquake|p2a: Tsareena|[spread] p2a,p2b
|-activate|p1a: Milotic|move: Protect
|-resisted|p2a: Tsareena|1
|-supereffective|p2b: Tinkaton|1
|-damage|p2a: Tsareena|72/100
|-damage|p2b: Tinkaton|0 fnt
|faint|p2b: Tinkaton
|move|p2a: Tsareena|Trop Kick|p1a: Milotic
|-activate|p1a: Milotic|move: Protect
|
|-weather|Sandstorm|[upkeep]
|-damage|p1a: Milotic|18/100|[from] Sandstorm
|-damage|p2a: Tsareena|65/100|[from] Sandstorm
|upkeep
|
|t:|1785081589
|switch|p2b: Gliscor|Gliscor, L50, M|100/100
|turn|3
|
|t:|1785081603
|switch|p1a: Sinistcha|Sinistcha, L50|100/100
|move|p1b: Excadrill|Rock Slide|p2b: Gliscor|[spread] p2a,p2b
|-damage|p2a: Tsareena|45/100
|-damage|p2b: Gliscor|77/100
|move|p2b: Gliscor|Tailwind|p2b: Gliscor
|-sidestart|p2: zilopochtli|move: Tailwind
|move|p2a: Tsareena|Trop Kick|p1a: Sinistcha
|-resisted|p1a: Sinistcha|1
|-damage|p1a: Sinistcha|82/100
|-unboost|p1a: Sinistcha|atk|1
|
|-weather|Sandstorm|[upkeep]
|-damage|p2a: Tsareena|39/100|[from] Sandstorm
|-damage|p1a: Sinistcha|77/100|[from] Sandstorm
|upkeep
|turn|4
|
|t:|1785081627
|move|p2a: Tsareena|Protect|p2a: Tsareena
|-singleturn|p2a: Tsareena|Protect
|move|p2b: Gliscor|Earthquake|p1b: Excadrill|[spread] p1a,p1b
|-activate|p2a: Tsareena|move: Protect
|-resisted|p1a: Sinistcha|1
|-supereffective|p1b: Excadrill|1
|-damage|p1a: Sinistcha|65/100
|-damage|p1b: Excadrill|9/100
|move|p1b: Excadrill|Iron Head|p2a: Tsareena
|-activate|p2a: Tsareena|move: Protect
|move|p1a: Sinistcha|Matcha Gotcha|p2b: Gliscor|[spread] p2b
|-activate|p2a: Tsareena|move: Protect
|-damage|p2b: Gliscor|39/100
|-heal|p1a: Sinistcha|81/100|[from] drain|[of] p2b: Gliscor
|-status|p2b: Gliscor|brn
|-enditem|p2b: Gliscor|Sitrus Berry|[eat]
|-heal|p2b: Gliscor|64/100 brn|[from] item: Sitrus Berry
|
|-weather|Sandstorm|[upkeep]
|-damage|p2a: Tsareena|32/100|[from] Sandstorm
|-damage|p1a: Sinistcha|76/100|[from] Sandstorm
|-damage|p2b: Gliscor|58/100 brn|[from] brn
|upkeep
|turn|5
|
|t:|1785081653
|move|p1b: Excadrill|Protect|p1b: Excadrill
|-singleturn|p1b: Excadrill|Protect
|move|p2b: Gliscor|Acrobatics|p1b: Excadrill
|-activate|p1b: Excadrill|move: Protect
|move|p2a: Tsareena|Knock Off|p1a: Sinistcha
|-supereffective|p1a: Sinistcha|1
|-enditem|p1a: Sinistcha|Colbur Berry|[eat]
|-enditem|p1a: Sinistcha|Colbur Berry|[weaken]
|-damage|p1a: Sinistcha|45/100
|move|p1a: Sinistcha|Matcha Gotcha|p2b: Gliscor|[spread] p2a,p2b
|-resisted|p2a: Tsareena|1
|-crit|p2b: Gliscor
|-damage|p2a: Tsareena|20/100y
|-heal|p1a: Sinistcha|52/100|[from] drain|[of] p2a: Tsareena
|-damage|p2b: Gliscor|4/100 brn
|-heal|p1a: Sinistcha|75/100|[from] drain|[of] p2b: Gliscor
|
|-weather|none
|-damage|p2b: Gliscor|0 fnt|[from] brn
|faint|p2b: Gliscor
|upkeep
|
|t:|1785081671
|switch|p2b: Delphox|Delphox, L50, F|100/100
|turn|6
|
|t:|1785081692
|switch|p1b: Milotic|Milotic, L50, M|18/100
|detailschange|p2b: Delphox|Delphox-Mega, L50, F
|-mega|p2b: Delphox|Delphox|Delphoxite
|move|p1a: Sinistcha|Protect|p1a: Sinistcha
|-singleturn|p1a: Sinistcha|Protect
|move|p2b: Delphox|Heat Wave|p1b: Milotic|[spread] p1b
|-activate|p1a: Sinistcha|move: Protect
|-resisted|p1b: Milotic|1
|-damage|p1b: Milotic|4/100
|move|p2a: Tsareena|Triple Axel|p1a: Sinistcha
|-activate|p1a: Sinistcha|move: Protect
|
|-sideend|p2: zilopochtli|move: Tailwind
|upkeep
|turn|7
|
|t:|1785081709
|move|p2b: Delphox|Heat Wave|p1b: Milotic|[spread] p1a,p1b
|-supereffective|p1a: Sinistcha|1
|-resisted|p1b: Milotic|1
|-damage|p1a: Sinistcha|0 fnt
|-damage|p1b: Milotic|0 fnt
|faint|p1a: Sinistcha
|faint|p1b: Milotic
|move|p2a: Tsareena|Knock Off|p1: Sinistcha|[notarget]
|-fail|p2a: Tsareena
|
|upkeep
|
|t:|1785081712
|switch|p1b: Excadrill|Excadrill, L50, M|9/100
|switch|p1a: Tyranitar|Tyranitar, L50, F|100/100
|-weather|Sandstorm|[from] ability: Sand Stream|[of] p1a: Tyranitar
|turn|8
|
|t:|1785081725
|detailschange|p1a: Tyranitar|Tyranitar-Mega, L50, F
|-mega|p1a: Tyranitar|Tyranitar|Tyranitarite
|move|p1b: Excadrill|Rock Slide|p2a: Tsareena|[spread] p2a,p2b
|-supereffective|p2b: Delphox|1
|-damage|p2a: Tsareena|0 fnt
|-damage|p2b: Delphox|36/100
|faint|p2a: Tsareena
|move|p2b: Delphox|Heat Wave|p1a: Tyranitar|[spread] p1a,p1b
|-resisted|p1a: Tyranitar|1
|-supereffective|p1b: Excadrill|1
|-damage|p1a: Tyranitar|88/100
|-damage|p1b: Excadrill|0 fnt
|faint|p1b: Excadrill
|move|p1a: Tyranitar|Rock Slide|p2b: Delphox
|-supereffective|p2b: Delphox|1
|-damage|p2b: Delphox|0 fnt
|faint|p2b: Delphox
|
|win|Koraidonkoalition
