|j|☆DerCroczisst
|j|☆aceopacifico
|html|DerCroczisstaceopacifico    
|uhtml|bestof|Game 1 of a best-of-3
|t:|1783455664
|gametype|doubles
|player|p1|DerCroczisst|doubleteam|1044
|player|p2|aceopacifico|266|1044
|gen|9
|tier|[Gen 9 Champions] VGC 2026 Reg M-B (Bo3)
|rated|
|rule|Species Clause: Limit one of each Pokémon
|rule|Item Clause: Limit 1 of each item
|clearpoke
|poke|p1|Archaludon, L50, F|
|poke|p1|Pelipper, L50, F|
|poke|p1|Grimmsnarl, L50, M|
|poke|p1|Sinistcha, L50|
|poke|p1|Swampert, L50, M|
|poke|p1|Lopunny, L50, M|
|poke|p2|Leafeon, L50, M|
|poke|p2|Charizard, L50, F|
|poke|p2|Garchomp, L50, F|
|poke|p2|Milotic, L50, F|
|poke|p2|Maushold-Four, L50|
|poke|p2|Ceruledge, L50, F|
|teampreview|4
|showteam|p1|Archaludon||Leftovers|Stamina|DragonPulse,ElectroShot,FlashCannon,Protect|Modest||F|||50|]Pelipper||SitrusBerry|Drizzle|WideGuard,Tailwind,WeatherBall,Hurricane|Modest||F|||50|]Grimmsnarl||LightClay|Prankster|FoulPlay,PartingShot,LightScreen,Reflect|Calm||M|||50|]Sinistcha||CobaBerry|Hospitality|RagePowder,MatchaGotcha,TrickRoom,Protect|Relaxed|||||50|]Swampert||Swampertite|Torrent|WaveCrash,Earthquake,IcePunch,Protect|Adamant||M|||50|]Lopunny||Lopunnite|CuteCharm|FakeOut,CloseCombat,Uturn,Protect|Jolly||M|||50|
|showteam|p2|Leafeon||ExpertBelt|Chlorophyll|SolarBlade,Protect,KnockOff,SwordsDance|Serious||M|||50|]Charizard||CharizarditeY|Blaze|Protect,HeatWave,SolarBeam,AirSlash|Modest||F|||50|]Garchomp||LifeOrb|RoughSkin|Earthquake,Protect,DragonClaw,RockSlide|Jolly||F|||50|]Milotic||Leftovers|Competitive|Scald,Protect,Haze,DrainingKiss|Modest||F|||50|]Maushold-Four||SitrusBerry|FriendGuard|FollowMe,Protect,SuperFang,HelpingHand|Timid|||||50|]Ceruledge||ChoiceScarf|FlashFire|BitterBlade,CloseCombat,Poltergeist,PoisonJab|Jolly||F|||50|
|
|t:|1783455734
|teamsize|p1|4
|teamsize|p2|4
|start
|switch|p1a: Archaludon|Archaludon, L50, F|100/100
|switch|p1b: Lopunny|Lopunny, L50, M|100/100
|switch|p2a: Charizard|Charizard, L50, F|100/100
|switch|p2b: Ceruledge|Ceruledge, L50, F|100/100
|turn|1
|inactive|Battle timer is ON: inactive players will automatically lose when time's up. (requested by aceopacifico)
|
|t:|1783455814
|detailschange|p1b: Lopunny|Lopunny-Mega, L50, M
|-mega|p1b: Lopunny|Lopunny|Lopunnite
|move|p2a: Charizard|Protect|p2a: Charizard
|-singleturn|p2a: Charizard|Protect
|move|p1b: Lopunny|Fake Out|p2a: Charizard
|-activate|p2a: Charizard|move: Protect
|move|p2b: Ceruledge|Close Combat|p1b: Lopunny
|-supereffective|p1b: Lopunny|1
|-damage|p1b: Lopunny|0 fnt
|-unboost|p2b: Ceruledge|def|1
|-unboost|p2b: Ceruledge|spd|1
|faint|p1b: Lopunny
|move|p1a: Archaludon|Dragon Pulse|p2b: Ceruledge
|-damage|p2b: Ceruledge|22/100
|
|upkeep
|
|t:|1783455825
|switch|p1b: Pelipper|Pelipper, L50, F|100/100
|-weather|RainDance|[from] ability: Drizzle|[of] p1b: Pelipper
|turn|2
|
|t:|1783455849
|detailschange|p2a: Charizard|Charizard-Mega-Y, L50, F
|-mega|p2a: Charizard|Charizard|Charizardite Y
|-weather|SunnyDay|[from] ability: Drought|[of] p2a: Charizard
|move|p1a: Archaludon|Protect|p1a: Archaludon
|-singleturn|p1a: Archaludon|Protect
|move|p2b: Ceruledge|Close Combat|p1a: Archaludon
|-activate|p1a: Archaludon|move: Protect
|move|p2a: Charizard|Heat Wave|p1a: Archaludon|[spread] p1b
|-activate|p1a: Archaludon|move: Protect
|-resisted|p1b: Pelipper|1
|-damage|p1b: Pelipper|55/100
|move|p1b: Pelipper|Tailwind|p1b: Pelipper
|-sidestart|p1: DerCroczisst|move: Tailwind
|
|-weather|SunnyDay|[upkeep]
|upkeep
|turn|3
|inactive|DerCroczisst has 30 seconds left.
|inactive|aceopacifico has 30 seconds left.
|
|t:|1783455875
|move|p1b: Pelipper|Wide Guard|p1b: Pelipper
|-singleturn|p1b: Pelipper|Wide Guard
|move|p1a: Archaludon|Dragon Pulse|p2b: Ceruledge
|-damage|p2b: Ceruledge|0 fnt
|faint|p2b: Ceruledge
|move|p2a: Charizard|Heat Wave|p1b: Pelipper|[spread] 
|-activate|p1a: Archaludon|move: Wide Guard
|-activate|p1b: Pelipper|move: Wide Guard
|
|-weather|SunnyDay|[upkeep]
|upkeep
|
|t:|1783455894
|switch|p2b: Leafeon|Leafeon, L50, M|100/100
|turn|4
|inactive|DerCroczisst has 30 seconds left.
|
|t:|1783455921
|switch|p1b: Sinistcha|Sinistcha, L50|100/100
|move|p2b: Leafeon|Solar Blade||[still]
|-prepare|p2b: Leafeon|Solar Blade
|-anim|p2b: Leafeon|Solar Blade|p1b: Sinistcha
|-resisted|p1b: Sinistcha|1
|-damage|p1b: Sinistcha|78/100
|move|p1a: Archaludon|Dragon Pulse|p2a: Charizard
|-damage|p2a: Charizard|50/100g
|move|p2a: Charizard|Air Slash|p1b: Sinistcha
|-supereffective|p1b: Sinistcha|1
|-enditem|p1b: Sinistcha|Coba Berry|[eat]
|-enditem|p1b: Sinistcha|Coba Berry|[weaken]
|-damage|p1b: Sinistcha|26/100
|
|-weather|SunnyDay|[upkeep]
|upkeep
|turn|5
|inactive|DerCroczisst has 30 seconds left.
|
|t:|1783455948
|switch|p1b: Pelipper|Pelipper, L50, F|55/100
|-weather|RainDance|[from] ability: Drizzle|[of] p1b: Pelipper
|move|p1a: Archaludon|Electro Shot||[still]
|-prepare|p1a: Archaludon|Electro Shot
|-boost|p1a: Archaludon|spa|1
|-anim|p1a: Archaludon|Electro Shot|p2a: Charizard
|-supereffective|p2a: Charizard|1
|-damage|p2a: Charizard|0 fnt
|faint|p2a: Charizard
|move|p2b: Leafeon|Swords Dance|p2b: Leafeon
|-boost|p2b: Leafeon|atk|2
|
|-weather|RainDance|[upkeep]
|-sideend|p1: DerCroczisst|move: Tailwind
|upkeep
|
|t:|1783455963
|switch|p2a: Milotic|Milotic, L50, F|100/100
|turn|6
|inactive|DerCroczisst has 30 seconds left.
|inactive|DerCroczisst has 20 seconds left.
|inactive|DerCroczisst has 15 seconds left.
|
|t:|1783456006
|switch|p1a: Sinistcha|Sinistcha, L50|26/100
|-heal|p1b: Pelipper|80/100|[from] ability: Hospitality|[of] p1a: Sinistcha
|move|p2b: Leafeon|Protect|p2b: Leafeon
|-singleturn|p2b: Leafeon|Protect
|move|p2a: Milotic|Draining Kiss|p1b: Pelipper
|-damage|p1b: Pelipper|59/100
|move|p1b: Pelipper|Hurricane|p2b: Leafeon
|-activate|p2b: Leafeon|move: Protect
|
|-weather|RainDance|[upkeep]
|upkeep
|turn|7
|inactive|aceopacifico has 30 seconds left.
|inactive|aceopacifico has 20 seconds left.
|inactive|aceopacifico has 15 seconds left.
|inactive|aceopacifico has 10 seconds left.
|
|t:|1783456054
|move|p2b: Leafeon|Knock Off|p1b: Pelipper
|-damage|p1b: Pelipper|1/100
|-enditem|p1b: Pelipper|Sitrus Berry|[from] move: Knock Off|[of] p2b: Leafeon
|move|p2a: Milotic|Scald|p1a: Sinistcha
|-resisted|p1a: Sinistcha|1
|-damage|p1a: Sinistcha|0 fnt
|faint|p1a: Sinistcha
|move|p1b: Pelipper|Hurricane|p2b: Leafeon
|-supereffective|p2b: Leafeon|1
|-damage|p2b: Leafeon|0 fnt
|faint|p2b: Leafeon
|
|-weather|RainDance|[upkeep]
|upkeep
|
|t:|1783456063
|switch|p1a: Archaludon|Archaludon, L50, F|100/100
|turn|8
|
|t:|1783456075
|move|p1a: Archaludon|Electro Shot||[still]
|-prepare|p1a: Archaludon|Electro Shot
|-boost|p1a: Archaludon|spa|1
|-anim|p1a: Archaludon|Electro Shot|p2a: Milotic
|-supereffective|p2a: Milotic|1
|-damage|p2a: Milotic|0 fnt
|faint|p2a: Milotic
|
|win|DerCroczisst
||aceopacifico is ready for game 2.
|inactive|DerCroczisst has 30 seconds to confirm battle start!
||DerCroczisst is ready for game 2.
|uhtml|next|Next: Game 2 of 3
