|j|☆sedrav
|j|☆Joseph Terastalin
|html|sedravJoseph Terastalin    
|uhtml|bestof|Game 1 of a best-of-3
|t:|1757006935
|gametype|doubles
|player|p1|sedrav|hilbert|1132
|player|p2|Joseph Terastalin|blaine|1000
|gen|9
|tier|[Gen 9] VGC 2025 Reg H (Bo3)
|rated|
|rule|Species Clause: Limit one of each Pokémon
|rule|Item Clause: Limit 1 of each item
|clearpoke
|poke|p1|Garchomp, L50, F|
|poke|p1|Talonflame, L50, M|
|poke|p1|Gholdengo, L50|
|poke|p1|Tyranitar, L50, F|
|poke|p1|Amoonguss, L50, M|
|poke|p1|Milotic, L50, F|
|poke|p2|Venusaur, L50, M|
|poke|p2|Torkoal, L50, M|
|poke|p2|Tyranitar, L50, F|
|poke|p2|Farigiraf, L50, M|
|poke|p2|Electabuzz, L50, F|
|poke|p2|Hydreigon, L50, F|
|teampreview|4
|showteam|p1|Garchomp||LifeOrb|RoughSkin|DragonClaw,StompingTantrum,Earthquake,Protect|||F|||50|,,,,,Fairy]Talonflame||CovertCloak|GaleWings|BraveBird,Tailwind,WillOWisp,Taunt|||M|||50|,,,,,Grass]Gholdengo||MetalCoat|GoodasGold|MakeItRain,ShadowBall,NastyPlot,Protect||||||50|,,,,,Flying]Tyranitar||AssaultVest|SandStream|RockSlide,KnockOff,LowKick,TeraBlast|||F|||50|,,,,,Flying]Amoonguss||SitrusBerry|Regenerator|Spore,RagePowder,PollenPuff,Protect|||M|||50|,,,,,Water]Milotic||SafetyGoggles|Competitive|Scald,IcyWind,Haze,Protect|||F|||50|,,,,,Dragon
|showteam|p2|Venusaur||LifeOrb|Chlorophyll|Protect,SludgeBomb,GigaDrain,WeatherBall|||M|||50|,,,,,Rock]Torkoal||EjectPack|Drought|Overheat,BodyPress,HelpingHand,Yawn|||M|||50|,,,,,Grass]Tyranitar||ChoiceBand|SandStream|RockSlide,KnockOff,TeraBlast,HeavySlam|||F|||50|,,,,,Flying]Farigiraf||ThroatSpray|ArmorTail|Protect,HyperVoice,Psychic,TrickRoom|||M|||50|,,,,,Fairy]Electabuzz||Eviolite|VitalSpirit|Electroweb,Taunt,FollowMe,VoltSwitch|||F|||50|,,,,,Fairy]Hydreigon||ChoiceScarf|Levitate|DracoMeteor,DarkPulse,HeatWave,FlashCannon|||F|||50|,,,,,Fire
|inactive|Battle timer is ON: inactive players will automatically lose when time's up. (requested by sedrav)
|inactive|sedrav has 60 seconds left.
|
|t:|1757006989
|teamsize|p1|4
|teamsize|p2|4
|start
|switch|p1a: Tyranitar|Tyranitar, L50, F|100/100
|switch|p1b: Talonflame|Talonflame, L50, M|100/100
|switch|p2a: Electabuzz|Electabuzz, L50, F|100/100
|switch|p2b: Farigiraf|Farigiraf, L50, M|100/100
|-weather|Sandstorm|[from] ability: Sand Stream|[of] p1a: Tyranitar
|turn|1
|inactive|Joseph Terastalin has 30 seconds left.
|
|t:|1757007018
|switch|p1b: Garchomp|Garchomp, L50, F|100/100
|move|p2a: Electabuzz|Follow Me|p2a: Electabuzz
|-singleturn|p2a: Electabuzz|move: Follow Me
|move|p1a: Tyranitar|Rock Slide|p2a: Electabuzz|[spread] p2a,p2b
|-damage|p2a: Electabuzz|70/100
|-damage|p2b: Farigiraf|69/100
|cant|p2b: Farigiraf|flinch
|
|-weather|Sandstorm|[upkeep]
|-damage|p2a: Electabuzz|64/100|[from] Sandstorm
|-damage|p2b: Farigiraf|63/100|[from] Sandstorm
|upkeep
|turn|2
|
|t:|1757007039
|switch|p1a: Talonflame|Talonflame, L50, M|100/100
|-terastallize|p2a: Electabuzz|Fairy
|move|p2b: Farigiraf|Protect|p2b: Farigiraf
|-singleturn|p2b: Farigiraf|Protect
|move|p2a: Electabuzz|Volt Switch|p1a: Talonflame
|-supereffective|p1a: Talonflame
|-damage|p1a: Talonflame|30/100
|
|t:|1757007048
|switch|p2a: Venusaur|Venusaur, L50, M|100/100|[from] Volt Switch
|move|p1b: Garchomp|Earthquake|p2a: Venusaur|[spread] p2a
|-activate|p2b: Farigiraf|move: Protect
|-immune|p1a: Talonflame
|-damage|p2a: Venusaur|34/100
|-damage|p1b: Garchomp|91/100|[from] item: Life Orb
|
|-weather|Sandstorm|[upkeep]
|-damage|p1a: Talonflame|25/100|[from] Sandstorm
|-damage|p2a: Venusaur|29/100|[from] Sandstorm
|-damage|p2b: Farigiraf|57/100|[from] Sandstorm
|upkeep
|turn|3
|inactive|Joseph Terastalin has 30 seconds left.
|
|t:|1757007076
|switch|p2b: Torkoal|Torkoal, L50, M|100/100
|-weather|SunnyDay|[from] ability: Drought|[of] p2b: Torkoal
|move|p2a: Venusaur|Giga Drain|p1b: Garchomp
|-damage|p1b: Garchomp|43/100
|-heal|p2a: Venusaur|56/100|[from] drain|[of] p1b: Garchomp
|-damage|p2a: Venusaur|47/100|[from] item: Life Orb
|move|p1a: Talonflame|Brave Bird|p2a: Venusaur
|-supereffective|p2a: Venusaur
|-damage|p2a: Venusaur|0 fnt
|faint|p2a: Venusaur
|-damage|p1a: Talonflame|9/100|[from] Recoil
|move|p1b: Garchomp|Earthquake|p2b: Torkoal|[spread] p2b
|-immune|p1a: Talonflame
|-supereffective|p2b: Torkoal
|-damage|p2b: Torkoal|16/100
|-damage|p1b: Garchomp|34/100|[from] item: Life Orb
|
|-weather|SunnyDay|[upkeep]
|upkeep
|
|t:|1757007089
|switch|p2a: Electabuzz|Electabuzz, L50, F, tera:Fairy|64/100
|turn|4
|
|t:|1757007112
|move|p1a: Talonflame|Taunt|p2a: Electabuzz
|-start|p2a: Electabuzz|move: Taunt
|move|p2a: Electabuzz|Volt Switch|p1a: Talonflame
|-supereffective|p1a: Talonflame
|-damage|p1a: Talonflame|0 fnt
|faint|p1a: Talonflame
|
|t:|1757007114
|switch|p2a: Farigiraf|Farigiraf, L50, M|57/100|[from] Volt Switch
|move|p1b: Garchomp|Earthquake|p2a: Farigiraf|[spread] p2a,p2b
|-supereffective|p2b: Torkoal
|-damage|p2a: Farigiraf|2/100
|-damage|p2b: Torkoal|0 fnt
|faint|p2b: Torkoal
|-damage|p1b: Garchomp|24/100|[from] item: Life Orb
|
|-weather|SunnyDay|[upkeep]
|upkeep
|
|t:|1757007128
|switch|p1a: Gholdengo|Gholdengo, L50|100/100
|switch|p2b: Electabuzz|Electabuzz, L50, F, tera:Fairy|64/100
|turn|5
|
|t:|1757007141
|-terastallize|p1a: Gholdengo|Flying
|move|p2a: Farigiraf|Protect|p2a: Farigiraf
|-singleturn|p2a: Farigiraf|Protect
|move|p2b: Electabuzz|Electroweb|p1b: Garchomp|[spread] p1a
|-immune|p1b: Garchomp
|-supereffective|p1a: Gholdengo
|-damage|p1a: Gholdengo|71/100
|-unboost|p1a: Gholdengo|spe|1
|move|p1b: Garchomp|Earthquake|p2b: Electabuzz|[spread] p2b
|-activate|p2a: Farigiraf|move: Protect
|-immune|p1a: Gholdengo
|-damage|p2b: Electabuzz|2/100
|-damage|p1b: Garchomp|14/100|[from] item: Life Orb
|move|p1a: Gholdengo|Make It Rain|p2a: Farigiraf|[spread] p2b
|-activate|p2a: Farigiraf|move: Protect
|-supereffective|p2b: Electabuzz
|-damage|p2b: Electabuzz|0 fnt
|-unboost|p1a: Gholdengo|spa|1
|faint|p2b: Electabuzz
|
|-weather|SunnyDay|[upkeep]
|upkeep
|turn|6
|-message|Joseph Terastalin forfeited.
|
|win|sedrav
