|j|☆BoloinaBox
|j|☆D_Bastial
|html|BoloinaBoxD_Bastial    
|uhtml|bestof|Game 1 of a best-of-3
|t:|1757796701
|gametype|doubles
|player|p1|BoloinaBox|2|1134
|player|p2|D_Bastial|clay|1178
|gen|9
|tier|[Gen 9] VGC 2025 Reg H (Bo3)
|rated|
|rule|Species Clause: Limit one of each Pokémon
|rule|Item Clause: Limit 1 of each item
|clearpoke
|poke|p1|Incineroar, L50, F|
|poke|p1|Rillaboom, L50, F|
|poke|p1|Ninetales-Alola, L50, F|
|poke|p1|Frosmoth, L50, F|
|poke|p1|Greninja-*, L50, M|
|poke|p1|Annihilape, L50, M|
|poke|p2|Weezing, L50, F|
|poke|p2|Slaking, L50, F|
|poke|p2|Dondozo, L50, M|
|poke|p2|Tatsugiri-Droopy, L50, F|
|poke|p2|Kilowattrel, L50, F|
|poke|p2|Mamoswine, L50, F|
|teampreview|4
|showteam|p1|Incineroar||SafetyGoggles|Intimidate|FlareBlitz,KnockOff,FakeOut,PartingShot|||F|||50|,,,,,Ghost]Rillaboom||AssaultVest|GrassySurge|WoodHammer,GrassyGlide,Uturn,FakeOut|||F|||50|,,,,,Fire]Ninetales-Alola||CovertCloak|SnowWarning|Moonblast,AuroraVeil,Disable,Encore|||F|||50|,,,,,Fire]Frosmoth||Leftovers|IceScales|Blizzard,TeraBlast,QuiverDance,Protect|||F|||50|,,,,,Water]Greninja||LoadedDice|Torrent|WaterShuriken,DarkPulse,Haze,Protect|||M|||50|,,,,,Ghost]Annihilape||SitrusBerry|Defiant|RageFist,CloseCombat,FinalGambit,Taunt|||M|||50|,,,,,Water
|showteam|p2|Weezing||CovertCloak|NeutralizingGas|Protect,WillOWisp,ToxicSpikes,SludgeBomb|||F|||50|,,,,,Flying]Slaking||LifeOrb|Truant|SuckerPunch,DoubleEdge,HighHorsepower,Protect|||F|||50|,,,,,Ghost]Dondozo||Leftovers|Unaware|Protect,WaveCrash,Substitute,Earthquake|||M|||50|,,,,,Ground]Tatsugiri-Droopy||AssaultVest|Commander|MirrorCoat,DracoMeteor,IcyWind,MuddyWater|||F|||50|,,,,,Steel]Kilowattrel||ChoiceSpecs|WindPower|Discharge,AirSlash,VoltSwitch,Thunderbolt|||F|||50|,,,,,Ghost]Mamoswine||FocusSash|Oblivious|IceShard,Protect,IcicleCrash,Earthquake|||F|||50|,,,,,Ghost
|inactive|Battle timer is ON: inactive players will automatically lose when time's up. (requested by BoloinaBox)
|inactive|BoloinaBox has 60 seconds left.
|inactive|D_Bastial has 60 seconds left.
|inactive|D_Bastial has 30 seconds left.
|
|t:|1757796771
|teamsize|p1|4
|teamsize|p2|4
|start
|switch|p1a: Incineroar|Incineroar, L50, F|100/100
|switch|p1b: Frosmoth|Frosmoth, L50, F|100/100
|switch|p2a: Kilowattrel|Kilowattrel, L50, F|100/100
|switch|p2b: Mamoswine|Mamoswine, L50, F|100/100
|-ability|p1a: Incineroar|Intimidate|boost
|-unboost|p2a: Kilowattrel|atk|1
|-fail|p2b: Mamoswine|unboost|Attack|[from] ability: Oblivious|[of] p2b: Mamoswine
|turn|1
|inactive|BoloinaBox has 30 seconds left.
|inactive|D_Bastial has 30 seconds left.
|inactive|D_Bastial has 20 seconds left.
|
|t:|1757796808
|-terastallize|p2b: Mamoswine|Ghost
|move|p1a: Incineroar|Fake Out|p2b: Mamoswine
|-immune|p2b: Mamoswine
|move|p2a: Kilowattrel|Air Slash|p1b: Frosmoth|[miss]
|-miss|p2a: Kilowattrel|p1b: Frosmoth
|move|p2b: Mamoswine|Earthquake|p1a: Incineroar|[spread] p1a,p1b
|-immune|p2a: Kilowattrel
|-supereffective|p1a: Incineroar
|-resisted|p1b: Frosmoth
|-damage|p1a: Incineroar|29/100
|-damage|p1b: Frosmoth|79/100
|move|p1b: Frosmoth|Quiver Dance|p1b: Frosmoth
|-boost|p1b: Frosmoth|spa|1
|-boost|p1b: Frosmoth|spd|1
|-boost|p1b: Frosmoth|spe|1
|
|-heal|p1b: Frosmoth|84/100|[from] item: Leftovers
|upkeep
|turn|2
|inactive|BoloinaBox has 30 seconds left.
|inactive|BoloinaBox has 20 seconds left.
|inactive|BoloinaBox has 15 seconds left.
|inactive|BoloinaBox has 10 seconds left.
|inactive|BoloinaBox has 5 seconds left.
|
|t:|1757796859
|switch|p1a: Ninetales|Ninetales-Alola, L50, F|100/100
|-weather|Snowscape|[from] ability: Snow Warning|[of] p1a: Ninetales
|move|p2a: Kilowattrel|Air Slash|p1b: Frosmoth
|-supereffective|p1b: Frosmoth
|-damage|p1b: Frosmoth|44/100
|move|p2b: Mamoswine|Earthquake|p1b: Frosmoth|[spread] p1a,p1b
|-immune|p2a: Kilowattrel
|-resisted|p1b: Frosmoth
|-damage|p1a: Ninetales|72/100
|-damage|p1b: Frosmoth|30/100
|move|p1b: Frosmoth|Quiver Dance|p1b: Frosmoth
|-boost|p1b: Frosmoth|spa|1
|-boost|p1b: Frosmoth|spd|1
|-boost|p1b: Frosmoth|spe|1
|
|-weather|Snowscape|[upkeep]
|-heal|p1b: Frosmoth|35/100|[from] item: Leftovers
|upkeep
|turn|3
|
|t:|1757796879
|move|p1b: Frosmoth|Protect|p1b: Frosmoth
|-singleturn|p1b: Frosmoth|Protect
|move|p2a: Kilowattrel|Air Slash|p1b: Frosmoth
|-activate|p1b: Frosmoth|move: Protect
|move|p1a: Ninetales|Disable|p2a: Kilowattrel
|-start|p2a: Kilowattrel|Disable|Air Slash
|move|p2b: Mamoswine|Earthquake|p1b: Frosmoth|[spread] p1a
|-activate|p1b: Frosmoth|move: Protect
|-immune|p2a: Kilowattrel
|-damage|p1a: Ninetales|41/100
|
|-weather|Snowscape|[upkeep]
|-heal|p1b: Frosmoth|41/100|[from] item: Leftovers
|upkeep
|turn|4
|
|t:|1757796903
|switch|p2a: Tatsugiri|Tatsugiri-Droopy, L50, F|100/100
|switch|p2b: Dondozo|Dondozo, L50, M|100/100
|-activate|p2a: Tatsugiri|ability: Commander|[of] p2b: Dondozo
|-boost|p2b: Dondozo|atk|2
|-boost|p2b: Dondozo|spa|2
|-boost|p2b: Dondozo|spe|2
|-boost|p2b: Dondozo|def|2
|-boost|p2b: Dondozo|spd|2
|move|p1b: Frosmoth|Blizzard|p2a: Tatsugiri|[spread] p2b
|-miss|p1b: Frosmoth|p2a: Tatsugiri
|-resisted|p2b: Dondozo
|-damage|p2b: Dondozo|92/100
|move|p1a: Ninetales|Moonblast|p2b: Dondozo
|-damage|p2b: Dondozo|77/100
|-unboost|p2b: Dondozo|spa|1
|
|-weather|Snowscape|[upkeep]
|-heal|p1b: Frosmoth|47/100|[from] item: Leftovers
|-heal|p2b: Dondozo|83/100|[from] item: Leftovers
|upkeep
|turn|5
|
|t:|1757796927
|switch|p1a: Incineroar|Incineroar, L50, F|29/100
|-ability|p1a: Incineroar|Intimidate|boost
|-unboost|p2a: Tatsugiri|atk|1
|-unboost|p2b: Dondozo|atk|1
|move|p1b: Frosmoth|Protect|p1b: Frosmoth
|-singleturn|p1b: Frosmoth|Protect
|move|p2b: Dondozo|Substitute|p2b: Dondozo
|-start|p2b: Dondozo|Substitute
|-damage|p2b: Dondozo|58/100
|
|-weather|Snowscape|[upkeep]
|-heal|p1b: Frosmoth|52/100|[from] item: Leftovers
|-heal|p2b: Dondozo|64/100|[from] item: Leftovers
|upkeep
|turn|6
|
|t:|1757796947
|move|p1b: Frosmoth|Blizzard|p2a: Tatsugiri|[spread] p2b
|-miss|p1b: Frosmoth|p2a: Tatsugiri
|-resisted|p2b: Dondozo
|-activate|p2b: Dondozo|move: Substitute|[damage]
|move|p2b: Dondozo|Wave Crash|p1b: Frosmoth
|-damage|p1b: Frosmoth|2/100
|-damage|p2b: Dondozo|53/100|[from] Recoil
|move|p1a: Incineroar|Parting Shot|p2b: Dondozo
|-unboost|p2b: Dondozo|atk|1
|-unboost|p2b: Dondozo|spa|1
|
|t:|1757796958
|switch|p1a: Ninetales|Ninetales-Alola, L50, F|41/100|[from] Parting Shot
|
|-weather|none
|-heal|p1b: Frosmoth|8/100|[from] item: Leftovers
|-heal|p2b: Dondozo|59/100|[from] item: Leftovers
|upkeep
|turn|7
|
|t:|1757796973
|move|p1b: Frosmoth|Protect|p1b: Frosmoth
|-singleturn|p1b: Frosmoth|Protect
|move|p1a: Ninetales|Encore|p2b: Dondozo
|-start|p2b: Dondozo|Encore
|move|p2b: Dondozo|Wave Crash|p1b: Frosmoth
|-activate|p1b: Frosmoth|move: Protect
|
|-heal|p1b: Frosmoth|14/100|[from] item: Leftovers
|-heal|p2b: Dondozo|65/100|[from] item: Leftovers
|upkeep
|turn|8
|-message|D_Bastial forfeited.
|
|win|BoloinaBox
|l|☆D_Bastial
|player|p2|
||D_Bastial is ready for game 2.
||BoloinaBox is ready for game 2.
|uhtml|next|Next: Game 2 of 3
