|j|☆habeebomarali123
|j|☆Frakub
|html|habeebomarali123Frakub    
|uhtml|bestof|Game 2 of a best-of-3
|t:|1756410646
|gametype|doubles
|player|p1|habeebomarali123|giovanni|1097
|player|p2|Frakub|acetrainer-gen4dp|1199
|gen|9
|tier|[Gen 9] VGC 2025 Reg H (Bo3)
|rated|
|rule|Species Clause: Limit one of each Pokémon
|rule|Item Clause: Limit 1 of each item
|clearpoke
|poke|p1|Rillaboom, L50, F|
|poke|p1|Volcarona, L50, M|
|poke|p1|Clefable, L50, M|
|poke|p1|Dragonite, L50, M|
|poke|p1|Empoleon, L50, M|
|poke|p1|Sneasler, L50, M|
|poke|p2|Kingambit, L50, M|
|poke|p2|Rillaboom, L50, F|
|poke|p2|Ninetales-Alola, L50, F|
|poke|p2|Dragonite, L50, M|
|poke|p2|Magmar, L50, F|
|poke|p2|Sneasler, L50, F|
|teampreview|4
|showteam|p1|Rillaboom||AssaultVest|GrassySurge|FakeOut,GrassyGlide,HighHorsepower,WoodHammer|||F|||50|,,,,,Fire]Volcarona||GrassySeed|FlameBody|Protect,QuiverDance,TeraBlast,HeatWave|||M|||50|,,,,,Fairy]Clefable||SafetyGoggles|Unaware|Protect,FollowMe,LifeDew,Moonblast|||M|||50|,,,,,Ghost]Dragonite||LoadedDice|Multiscale|Tailwind,ExtremeSpeed,Haze,ScaleShot|||M|||50|,,,,,Fairy]Empoleon||ChoiceScarf|Competitive|HydroPump,IceBeam,IcyWind,FlashCannon|||M|||50|,,,,,Ghost]Sneasler||FocusSash|Unburden|Protect,DireClaw,CloseCombat,Coaching|||M|||50|,,,,,Stellar
|showteam|p2|Kingambit||BlackGlasses|Defiant|KowtowCleave,SuckerPunch,SwordsDance,Protect|||M|||50|,,,,,Dark]Rillaboom||AssaultVest|GrassySurge|WoodHammer,GrassyGlide,HighHorsepower,FakeOut|||F|||50|,,,,,Fire]Ninetales-Alola||LightClay|SnowWarning|Blizzard,FreezeDry,Protect,AuroraVeil|||F|||50|,,,,,Ghost]Dragonite||LoadedDice|Multiscale|ScaleShot,ExtremeSpeed,Haze,Protect|||M|||50|,,,,,Steel]Magmar||Eviolite|VitalSpirit|Taunt,Overheat,FollowMe,Protect|||F|||50|,,,,,Ghost]Sneasler||FocusSash|PoisonTouch|FakeOut,DireClaw,CloseCombat,Protect|||F|||50|,,,,,Ghost
|inactive|Battle timer is ON: inactive players will automatically lose when time's up. (requested by Frakub)
|
|t:|1756410655
|teamsize|p1|4
|teamsize|p2|4
|start
|switch|p1a: Volcarona|Volcarona, L50, M|100/100
|switch|p1b: Rillaboom|Rillaboom, L50, F|100/100
|switch|p2a: Dragonite|Dragonite, L50, M|100/100
|switch|p2b: Sneasler|Sneasler, L50, F|100/100
|-fieldstart|move: Grassy Terrain|[from] ability: Grassy Surge|[of] p1b: Rillaboom
|-enditem|p1a: Volcarona|Grassy Seed
|-boost|p1a: Volcarona|def|1|[from] item: Grassy Seed
|turn|1
|j| Gyph
|
|t:|1756410677
|move|p2b: Sneasler|Fake Out|p1b: Rillaboom
|-damage|p1b: Rillaboom|88/100
|move|p2a: Dragonite|Scale Shot|p1a: Volcarona
|-damage|p1a: Volcarona|88/100
|-damage|p1a: Volcarona|76/100
|-damage|p1a: Volcarona|66/100
|-damage|p1a: Volcarona|53/100
|-hitcount|p1a: Volcarona|4
|-unboost|p2a: Dragonite|def|1
|-boost|p2a: Dragonite|spe|1
|move|p1a: Volcarona|Heat Wave|p2a: Dragonite|[spread] p2a,p2b
|-resisted|p2a: Dragonite
|-damage|p2a: Dragonite|90/100
|-damage|p2b: Sneasler|40/100
|cant|p1b: Rillaboom|flinch
|
|-heal|p2b: Sneasler|46/100|[from] Grassy Terrain
|-heal|p1a: Volcarona|59/100|[from] Grassy Terrain
|-heal|p1b: Rillaboom|94/100|[from] Grassy Terrain
|upkeep
|turn|2
|
|t:|1756410691
|-terastallize|p1a: Volcarona|Fairy
|move|p2a: Dragonite|Scale Shot|p1b: Rillaboom
|-damage|p1b: Rillaboom|82/100
|-damage|p1b: Rillaboom|70/100
|-damage|p1b: Rillaboom|57/100
|-damage|p1b: Rillaboom|44/100
|-hitcount|p1b: Rillaboom|4
|-unboost|p2a: Dragonite|def|1
|-boost|p2a: Dragonite|spe|1
|move|p2b: Sneasler|Dire Claw|p1b: Rillaboom
|-supereffective|p1b: Rillaboom
|-damage|p1b: Rillaboom|0 fnt
|faint|p1b: Rillaboom
|move|p1a: Volcarona|Tera Blast|p2a: Dragonite|[anim] Tera Blast Fairy
|-supereffective|p2a: Dragonite
|-damage|p2a: Dragonite|0 fnt
|faint|p2a: Dragonite
|
|-heal|p2b: Sneasler|51/100|[from] Grassy Terrain
|-heal|p1a: Volcarona|66/100|[from] Grassy Terrain
|upkeep
|
|t:|1756410702
|switch|p2a: Magmar|Magmar, L50, F|100/100
|switch|p1b: Clefable|Clefable, L50, M|100/100
|turn|3
|
|t:|1756410711
|move|p2a: Magmar|Follow Me|p2a: Magmar
|-singleturn|p2a: Magmar|move: Follow Me
|move|p1b: Clefable|Follow Me|p1b: Clefable
|-singleturn|p1b: Clefable|move: Follow Me
|move|p2b: Sneasler|Dire Claw|p1b: Clefable
|-supereffective|p1b: Clefable
|-damage|p1b: Clefable|28/100
|-status|p1b: Clefable|slp
|move|p1a: Volcarona|Quiver Dance|p1a: Volcarona
|-boost|p1a: Volcarona|spa|1
|-boost|p1a: Volcarona|spd|1
|-boost|p1a: Volcarona|spe|1
|
|-heal|p2b: Sneasler|57/100|[from] Grassy Terrain
|-heal|p1a: Volcarona|72/100|[from] Grassy Terrain
|-heal|p1b: Clefable|34/100 slp|[from] Grassy Terrain
|upkeep
|turn|4
|
|t:|1756410720
|move|p2b: Sneasler|Dire Claw|p1a: Volcarona
|-supereffective|p1a: Volcarona
|-damage|p1a: Volcarona|8/100
|-status|p1a: Volcarona|par
|-status|p2b: Sneasler|brn|[from] ability: Flame Body|[of] p1a: Volcarona
|move|p2a: Magmar|Overheat|p1a: Volcarona|[miss]
|-miss|p2a: Magmar|p1a: Volcarona
|move|p1a: Volcarona|Heat Wave|p2b: Sneasler|[spread] p2a,p2b
|-resisted|p2a: Magmar
|-damage|p2a: Magmar|77/100
|-damage|p2b: Sneasler|0 fnt
|faint|p2b: Sneasler
|cant|p1b: Clefable|slp
|
|-heal|p2a: Magmar|82/100|[from] Grassy Terrain
|-heal|p1a: Volcarona|14/100 par|[from] Grassy Terrain
|-heal|p1b: Clefable|40/100 slp|[from] Grassy Terrain
|upkeep
|
|t:|1756410724
|switch|p2b: Kingambit|Kingambit, L50, M|100/100
|turn|5
|
|t:|1756410739
|move|p1a: Volcarona|Protect|p1a: Volcarona
|-singleturn|p1a: Volcarona|Protect
|move|p2a: Magmar|Taunt|p1b: Clefable
|-start|p1b: Clefable|move: Taunt
|cant|p1b: Clefable|slp
|move|p2b: Kingambit|Kowtow Cleave|p1a: Volcarona
|-activate|p1a: Volcarona|move: Protect
|
|-heal|p2a: Magmar|88/100|[from] Grassy Terrain
|-heal|p1a: Volcarona|20/100 par|[from] Grassy Terrain
|-heal|p1b: Clefable|46/100 slp|[from] Grassy Terrain
|-fieldend|move: Grassy Terrain
|upkeep
|turn|6
|
|t:|1756410756
|move|p2a: Magmar|Overheat|p1b: Clefable
|-damage|p1b: Clefable|1/100 slp
|-unboost|p2a: Magmar|spa|2
|move|p1a: Volcarona|Heat Wave|p2b: Kingambit|[spread] p2b
|-miss|p1a: Volcarona|p2a: Magmar
|-supereffective|p2b: Kingambit
|-damage|p2b: Kingambit|0 fnt
|faint|p2b: Kingambit
|cant|p1b: Clefable|slp
|
|upkeep
|turn|7
|
|t:|1756410770
|move|p2a: Magmar|Overheat|p1a: Volcarona
|-damage|p1a: Volcarona|3/100 par
|-unboost|p2a: Magmar|spa|2
|cant|p1a: Volcarona|par
|-curestatus|p1b: Clefable|slp|[msg]
|move|p1b: Clefable|Moonblast|p2a: Magmar
|-resisted|p2a: Magmar
|-damage|p2a: Magmar|76/100
|
|-end|p1b: Clefable|move: Taunt
|upkeep
|turn|8
|-message|Frakub forfeited.
|
|win|habeebomarali123
|raw|habeebomarali123's rating: 1097 → 1130(+33 for winning)
|raw|Frakub's rating: 1199 → 1167(-32 for losing)
|l|☆habeebomarali123
|player|p1|
