|j|☆randomguy1114s
|j|☆TheMochiMan
|html|randomguy1114sTheMochiMan    
|uhtml|bestof|Game 2 of a best-of-3
|t:|1757206744
|gametype|doubles
|player|p1|randomguy1114s|lillie-masters|1338
|player|p2|TheMochiMan|doctor|1420
|gen|9
|tier|[Gen 9] VGC 2025 Reg H (Bo3)
|rated|
|rule|Species Clause: Limit one of each Pokémon
|rule|Item Clause: Limit 1 of each item
|clearpoke
|poke|p1|Indeedee-F, L50, F|
|poke|p1|Hatterene, L50, F|
|poke|p1|Torkoal, L50, F|
|poke|p1|Sneasler, L50, F|
|poke|p1|Gallade, L50, M|
|poke|p1|Ursaluna, L50, M|
|poke|p2|Ursaluna, L50, F|
|poke|p2|Jumpluff, L50, F|
|poke|p2|Charizard, L50, F|
|poke|p2|Torkoal, L50, F|
|poke|p2|Incineroar, L50, M|
|poke|p2|Porygon2, L50|
|teampreview|4
|showteam|p1|Indeedee-F||SafetyGoggles|PsychicSurge|FollowMe,HelpingHand,TrickRoom,Psychic|||F|||50|,,,,,Dark]Hatterene||LifeOrb|MagicBounce|ExpandingForce,DazzlingGleam,TrickRoom,Protect|||F|||50|,,,,,Psychic]Torkoal||Charcoal|Drought|Eruption,HeatWave,SolarBeam,Protect|||F|||50|,,,,,Fire]Sneasler||PsychicSeed|Unburden|CloseCombat,DireClaw,Uturn,Protect|||F|||50|,,,,,Bug]Gallade||ClearAmulet|Sharpness|SacredSword,PsychoCut,WideGuard,TrickRoom|||M|||50|,,,,,Psychic]Ursaluna||FlameOrb|Guts|HeadlongRush,Facade,Earthquake,Protect|||M|||50|,,,,,Ghost
|showteam|p2|Ursaluna||FlameOrb|Guts|HeadlongRush,Facade,Earthquake,Protect|||F|||50|,,,,,Ghost]Jumpluff||CovertCloak|Chlorophyll|SleepPowder,SunnyDay,Tailwind,RagePowder|||F|||50|,,,,,Water]Charizard||ChoiceSpecs|SolarPower|AirSlash,HeatWave,Overheat,WeatherBall|||F|||50|,,,,,Ghost]Torkoal||EjectPack|Drought|HelpingHand,Eruption,Overheat,Protect|||F|||50|,,,,,Fire]Incineroar||SitrusBerry|Intimidate|FlareBlitz,KnockOff,PartingShot,FakeOut|||M|||50|,,,,,Ghost]Porygon2||Eviolite|Download|TeraBlast,IceBeam,Recover,TrickRoom||||||50|,,,,,Fighting
|
|t:|1757206773
|teamsize|p1|4
|teamsize|p2|4
|start
|switch|p1a: Gallade|Gallade, L50, M|100/100
|switch|p1b: resident helper|Indeedee-F, L50, F, shiny|100/100
|switch|p2a: Gainesville|Charizard, L50, F|100/100
|switch|p2b: Slow and steady|Torkoal, L50, F|100/100
|-fieldstart|move: Psychic Terrain|[from] ability: Psychic Surge|[of] p1b: resident helper
|-weather|SunnyDay|[from] ability: Drought|[of] p2b: Slow and steady
|turn|1
|
|t:|1757206789
|move|p1a: Gallade|Wide Guard|p1a: Gallade
|-singleturn|p1a: Gallade|Wide Guard
|move|p2a: Gainesville|Weather Ball|p1a: Gallade
|-damage|p1a: Gallade|0 fnt
|faint|p1a: Gallade
|move|p2b: Slow and steady|Overheat|p1b: resident helper
|-damage|p1b: resident helper|17/100
|-unboost|p2b: Slow and steady|spa|2
|-enditem|p2b: Slow and steady|Eject Pack
|
|t:|1757206801
|switch|p2b: Brown bear|Ursaluna, L50, F|100/100
|move|p1b: resident helper|Trick Room|p1b: resident helper
|-fieldstart|move: Trick Room|[of] p1b: resident helper
|
|-weather|SunnyDay|[upkeep]
|-damage|p2a: Gainesville|88/100|[from] ability: Solar Power|[of] p2a: Gainesville
|-status|p2b: Brown bear|brn|[from] item: Flame Orb
|upkeep
|
|t:|1757206811
|switch|p1a: its massive|Hatterene, L50, F, shiny|100/100
|turn|2
|
|t:|1757206817
|-terastallize|p1a: its massive|Psychic
|move|p1b: resident helper|Helping Hand|p1a: its massive
|-singleturn|p1a: its massive|Helping Hand|[of] p1b: resident helper
|move|p1a: its massive|Expanding Force|p2a: Gainesville|[spread] p2a,p2b
|-damage|p2a: Gainesville|0 fnt
|-damage|p2b: Brown bear|0 fnt
|faint|p2a: Gainesville
|faint|p2b: Brown bear
|-damage|p1a: its massive|91/100|[from] item: Life Orb
|
|-weather|SunnyDay|[upkeep]
|upkeep
|
|t:|1757206819
|switch|p2b: Slow and steady|Torkoal, L50, F|100/100
|switch|p2a: Bobcat|Incineroar, L50, M|100/100
|-ability|p2a: Bobcat|Intimidate|boost
|-unboost|p1a: its massive|atk|1
|-unboost|p1b: resident helper|atk|1
|turn|3
|inactive|Battle timer is ON: inactive players will automatically lose when time's up. (requested by TheMochiMan)
|
|t:|1757206886
|switch|p1b: turtleonfire|Torkoal, L50, F, shiny|100/100
|-terastallize|p2b: Slow and steady|Fire
|move|p1a: its massive|Protect|p1a: its massive
|-singleturn|p1a: its massive|Protect
|move|p2b: Slow and steady|Eruption|p1b: turtleonfire|[spread] p1b
|-activate|p1a: its massive|move: Protect
|-resisted|p1b: turtleonfire
|-damage|p1b: turtleonfire|34/100
|move|p2a: Bobcat|Knock Off|p1b: turtleonfire
|-damage|p1b: turtleonfire|2/100
|-enditem|p1b: turtleonfire|Charcoal|[from] move: Knock Off|[of] p2a: Bobcat
|
|-weather|SunnyDay|[upkeep]
|upkeep
|turn|4
|
|t:|1757206902
|switch|p1a: resident helper|Indeedee-F, L50, F, shiny|17/100
|move|p2b: Slow and steady|Eruption|p1b: turtleonfire|[spread] p1a,p1b
|-resisted|p1b: turtleonfire
|-damage|p1a: resident helper|0 fnt
|-damage|p1b: turtleonfire|0 fnt
|faint|p1a: resident helper
|faint|p1b: turtleonfire
|move|p2a: Bobcat|Knock Off|p1: resident helper|[notarget]
|-fail|p2a: Bobcat
|
|-weather|SunnyDay|[upkeep]
|upkeep
|
|t:|1757206904
|switch|p1b: its massive|Hatterene, L50, F, shiny, tera:Psychic|91/100
|turn|5
|
|t:|1757206908
|move|p2b: Slow and steady|Eruption|p1b: its massive
|-damage|p1b: its massive|0 fnt
|faint|p1b: its massive
|
|win|TheMochiMan
|raw|randomguy1114s's rating: 1338 → 1323(-15 for losing)
|raw|TheMochiMan's rating: 1420 → 1435(+15 for winning)
