|j|☆impurities2
|j|☆TheMochiMan
|html|impurities2TheMochiMan    
|uhtml|bestof|Game 2 of a best-of-3
|t:|1756846839
|gametype|doubles
|player|p1|impurities2|miku-ghost|1264
|player|p2|TheMochiMan|265|1289
|gen|9
|tier|[Gen 9] VGC 2025 Reg H (Bo3)
|rated|
|rule|Species Clause: Limit one of each Pokémon
|rule|Item Clause: Limit 1 of each item
|clearpoke
|poke|p1|Archaludon, L50, M|
|poke|p1|Rillaboom, L50, M|
|poke|p1|Basculegion, L50, M|
|poke|p1|Kingambit, L50, F|
|poke|p1|Pelipper, L50, M|
|poke|p1|Electabuzz, L50, F|
|poke|p2|Ursaluna, L50, M|
|poke|p2|Jumpluff, L50, M|
|poke|p2|Charizard, L50, F|
|poke|p2|Torkoal, L50, M|
|poke|p2|Incineroar, L50, F|
|poke|p2|Porygon2, L50|
|teampreview|4
|showteam|p1|Archaludon||AssaultVest|Stamina|ElectroShot,DracoMeteor,FlashCannon,BodyPress|||M|||50|,,,,,Fairy]Rillaboom||LoadedDice|GrassySurge|BulletSeed,GrassyGlide,FakeOut,HighHorsepower|||M|||50|,,,,,Fire]Basculegion||ChoiceBand|SwiftSwim|WaveCrash,LastRespects,FlipTurn,AquaJet|||M|||50|,,,,,Grass]Kingambit||BlackGlasses|Defiant|KowtowCleave,SuckerPunch,SwordsDance,Protect|||F|||50|,,,,,Dark]Pelipper||FocusSash|Drizzle|WeatherBall,Hurricane,Tailwind,Protect|||M|||50|,,,,,Ghost]Electabuzz||Eviolite|VitalSpirit|Electroweb,Taunt,FollowMe,Protect|||F|||50|,,,,,Ghost
|showteam|p2|Ursaluna||FlameOrb|Guts|HeadlongRush,Facade,Earthquake,Protect|||M|||50|,,,,,Ghost]Jumpluff||CovertCloak|Chlorophyll|SleepPowder,SunnyDay,Tailwind,RagePowder|||M|||50|,,,,,Water]Charizard||ChoiceSpecs|SolarPower|AirSlash,HeatWave,Overheat,WeatherBall|||F|||50|,,,,,Ghost]Torkoal||EjectPack|Drought|HelpingHand,Eruption,Overheat,Protect|||M|||50|,,,,,Fire]Incineroar||SitrusBerry|Intimidate|FlareBlitz,KnockOff,PartingShot,FakeOut|||F|||50|,,,,,Ghost]Porygon2||Eviolite|Download|TeraBlast,IceBeam,Recover,TrickRoom||||||50|,,,,,Fighting
|inactive|Battle timer is ON: inactive players will automatically lose when time's up. (requested by impurities2)
|
|t:|1756846865
|teamsize|p1|4
|teamsize|p2|4
|start
|switch|p1a: Kingambit|Kingambit, L50, F|100/100
|switch|p1b: Electabuzz|Electabuzz, L50, F|100/100
|switch|p2a: Brown bear|Ursaluna, L50, M|100/100
|switch|p2b: Gainesville|Charizard, L50, F|100/100
|turn|1
|
|t:|1756846885
|move|p1a: Kingambit|Protect|p1a: Kingambit
|-singleturn|p1a: Kingambit|Protect
|move|p1b: Electabuzz|Follow Me|p1b: Electabuzz
|-singleturn|p1b: Electabuzz|move: Follow Me
|move|p2b: Gainesville|Heat Wave|p1b: Electabuzz|[spread] p1b
|-activate|p1a: Kingambit|move: Protect
|-damage|p1b: Electabuzz|65/100
|move|p2a: Brown bear|Earthquake|p1b: Electabuzz|[spread] p1b
|-activate|p1a: Kingambit|move: Protect
|-immune|p2b: Gainesville
|-supereffective|p1b: Electabuzz
|-damage|p1b: Electabuzz|0 fnt
|faint|p1b: Electabuzz
|
|-status|p2a: Brown bear|brn|[from] item: Flame Orb
|upkeep
|
|t:|1756846895
|switch|p1b: Basculegion|Basculegion, L50, M|100/100
|turn|2
|
|t:|1756846917
|switch|p2b: Dandelion|Jumpluff, L50, M|100/100
|-terastallize|p1a: Kingambit|Dark
|move|p2a: Brown bear|Protect|p2a: Brown bear
|-singleturn|p2a: Brown bear|Protect
|move|p1a: Kingambit|Sucker Punch||[still]
|-fail|p1a: Kingambit
|move|p1b: Basculegion|Flip Turn|p2a: Brown bear
|-activate|p2a: Brown bear|move: Protect
|
|-damage|p2a: Brown bear|95/100 brn|[from] brn
|upkeep
|turn|3
|inactive|TheMochiMan has 30 seconds left.
|inactive|TheMochiMan has 20 seconds left.
|inactive|TheMochiMan has 15 seconds left.
|
|t:|1756846958
|switch|p1a: Pelipper|Pelipper, L50, M|100/100
|-weather|RainDance|[from] ability: Drizzle|[of] p1a: Pelipper
|move|p1b: Basculegion|Flip Turn|p2a: Brown bear
|-supereffective|p2a: Brown bear
|-damage|p2a: Brown bear|0 fnt
|faint|p2a: Brown bear
|
|t:|1756846964
|switch|p1b: Kingambit|Kingambit, L50, F, tera:Dark|100/100|[from] Flip Turn
|move|p2b: Dandelion|Sunny Day|p2b: Dandelion
|-weather|SunnyDay
|
|-weather|SunnyDay|[upkeep]
|upkeep
|
|t:|1756846976
|switch|p2a: Gainesville|Charizard, L50, F|100/100
|turn|4
|
|t:|1756846979
|move|p1b: Kingambit|Protect|p1b: Kingambit
|-singleturn|p1b: Kingambit|Protect
|move|p2b: Dandelion|Sleep Powder|p1a: Pelipper
|-status|p1a: Pelipper|slp|[from] move: Sleep Powder
|move|p2a: Gainesville|Heat Wave|p1b: Kingambit|[spread] p1a
|-activate|p1b: Kingambit|move: Protect
|-resisted|p1a: Pelipper
|-damage|p1a: Pelipper|6/100 slp
|cant|p1a: Pelipper|slp
|
|-weather|SunnyDay|[upkeep]
|-damage|p2a: Gainesville|88/100|[from] ability: Solar Power|[of] p2a: Gainesville
|upkeep
|turn|5
|
|t:|1756846988
|move|p1b: Kingambit|Sucker Punch|p2a: Gainesville
|-damage|p2a: Gainesville|0 fnt
|faint|p2a: Gainesville
|move|p2b: Dandelion|Sleep Powder|p1b: Kingambit|[miss]
|-miss|p2b: Dandelion|p1b: Kingambit
|cant|p1a: Pelipper|slp
|
|-weather|SunnyDay|[upkeep]
|upkeep
|
|t:|1756846991
|switch|p2a: Slow and steady|Torkoal, L50, M|100/100
|turn|6
|
|t:|1756847007
|switch|p1a: Basculegion|Basculegion, L50, M|100/100
|move|p1b: Kingambit|Protect|p1b: Kingambit
|-singleturn|p1b: Kingambit|Protect
|move|p2b: Dandelion|Sleep Powder|p1b: Kingambit
|-activate|p1b: Kingambit|move: Protect
|move|p2a: Slow and steady|Eruption|p1a: Basculegion|[spread] p1a
|-activate|p1b: Kingambit|move: Protect
|-resisted|p1a: Basculegion
|-damage|p1a: Basculegion|59/100
|
|-weather|SunnyDay|[upkeep]
|upkeep
|turn|7
|
|t:|1756847016
|switch|p1b: Pelipper|Pelipper, L50, M|6/100 slp
|-weather|RainDance|[from] ability: Drizzle|[of] p1b: Pelipper
|move|p2a: Slow and steady|Protect|p2a: Slow and steady
|-singleturn|p2a: Slow and steady|Protect
|move|p1a: Basculegion|Last Respects|p2b: Dandelion
|-damage|p2b: Dandelion|16/100
|move|p2b: Dandelion|Sunny Day|p2b: Dandelion
|-weather|SunnyDay
|
|-weather|SunnyDay|[upkeep]
|upkeep
|turn|8
|
|t:|1756847031
|move|p2b: Dandelion|Sleep Powder|p1a: Basculegion
|-status|p1a: Basculegion|slp|[from] move: Sleep Powder
|cant|p1a: Basculegion|slp
|-curestatus|p1b: Pelipper|slp|[msg]
|move|p1b: Pelipper|Weather Ball|p2b: Dandelion
|-supereffective|p2b: Dandelion
|-damage|p2b: Dandelion|0 fnt
|faint|p2b: Dandelion
|move|p2a: Slow and steady|Eruption|p1a: Basculegion|[spread] p1a,p1b
|-resisted|p1a: Basculegion
|-resisted|p1b: Pelipper
|-damage|p1a: Basculegion|17/100 slp
|-damage|p1b: Pelipper|0 fnt
|faint|p1b: Pelipper
|
|-weather|SunnyDay|[upkeep]
|upkeep
|
|t:|1756847037
|switch|p1b: Kingambit|Kingambit, L50, F, tera:Dark|100/100
|turn|9
|
|t:|1756847040
|-terastallize|p2a: Slow and steady|Fire
|cant|p1a: Basculegion|slp
|move|p1b: Kingambit|Kowtow Cleave|p2a: Slow and steady
|-damage|p2a: Slow and steady|45/100
|move|p2a: Slow and steady|Eruption|p1b: Kingambit|[spread] p1a,p1b
|-resisted|p1a: Basculegion
|-damage|p1a: Basculegion|0 fnt
|-damage|p1b: Kingambit|55/100
|faint|p1a: Basculegion
|
|-weather|SunnyDay|[upkeep]
|upkeep
|turn|10
|
|t:|1756847048
|move|p1b: Kingambit|Kowtow Cleave|p2a: Slow and steady
|-damage|p2a: Slow and steady|0 fnt
|faint|p2a: Slow and steady
|
|win|impurities2
