|j|☆Newtry lesgo
|j|☆monsoonisbest
|html|Newtry lesgomonsoonisbest    
|uhtml|bestof|Game 2 of a best-of-3
|t:|1785001930
|gametype|doubles
|player|p1|Newtry lesgo|iris-gen5bw2|1081
|player|p2|monsoonisbest|170|1201
|gen|9
|tier|[Gen 9 Champions] VGC 2026 Reg M-B (Bo3)
|rated|
|rule|Species Clause: Limit one of each Pokémon
|rule|Item Clause: Limit 1 of each item
|clearpoke
|poke|p1|Whimsicott, L50, M|
|poke|p1|Ceruledge, L50, F|
|poke|p1|Charizard, L50, M|
|poke|p1|Mawile, L50, M|
|poke|p1|Farigiraf, L50, M|
|poke|p1|Scrafty, L50, F|
|poke|p2|Gengar, L50, F|
|poke|p2|Swampert, L50, M|
|poke|p2|Incineroar, L50, F|
|poke|p2|Politoed, L50, M|
|poke|p2|Archaludon, L50, M|
|poke|p2|Vivillon-Monsoon, L50, F|
|teampreview|4
|showteam|p1|Whimsicott||FocusSash|Prankster|Tailwind,Moonblast,SunnyDay,Encore|Timid||M|||50|]Ceruledge||ChoiceScarf|FlashFire|FlareBlitz,Poltergeist,CloseCombat,ShadowSneak|Jolly||F|||50|]Charizard||CharizarditeY|SolarPower|HeatWave,SolarBeam,AirSlash,Protect|Modest||M|||50|]Mawile||Mawilite|HyperCutter|IronHead,PlayRough,RockSlide,Protect|Jolly||M|||50|]Farigiraf||SitrusBerry|ArmorTail|Thunderbolt,HyperVoice,TrickRoom,NastyPlot|Bold||M|||50|]Scrafty||Leftovers|Intimidate|FakeOut,KnockOff,LowKick,Coaching|Impish||F|||50|
|showteam|p2|Gengar||Gengarite|CursedBody|ShadowBall,PerishSong,SludgeBomb,Protect|Timid||F|||50|]Swampert||Swampertite|Damp|WaveCrash,Earthquake,IcePunch,Protect|Adamant||M|||50|]Incineroar||PasshoBerry|Intimidate|ThroatChop,PartingShot,FakeOut,Protect|Sassy||F|||50|]Politoed||SitrusBerry|Drizzle|WeatherBall,PerishSong,Encore,Protect|Calm||M|||50|]Archaludon||Leftovers|Stamina|DragonPulse,FlashCannon,ElectroShot,Protect|Bold||M|||50|]Vivillon-Monsoon||FocusSash|CompoundEyes|Hurricane,SleepPowder,RagePowder,Protect|Timid||F|||50|
|
|t:|1785001961
|teamsize|p1|4
|teamsize|p2|4
|start
|switch|p1a: Charizard|Charizard, L50, M|100/100
|switch|p1b: Whimsicott|Whimsicott, L50, M|100/100
|switch|p2a: Incineroar|Incineroar, L50, F|100/100
|switch|p2b: Gengar|Gengar, L50, F|100/100
|-ability|p2a: Incineroar|Intimidate|boost
|-unboost|p1a: Charizard|atk|1
|-unboost|p1b: Whimsicott|atk|1
|turn|1
|
|t:|1785001976
|switch|p1b: Ceruledge|Ceruledge, L50, F|100/100
|switch|p1a: Scrafty|Scrafty, L50, F|100/100
|-ability|p1a: Scrafty|Intimidate|boost
|-unboost|p2a: Incineroar|atk|1
|-unboost|p2b: Gengar|atk|1
|detailschange|p2b: Gengar|Gengar-Mega, L50, F
|-mega|p2b: Gengar|Gengar|Gengarite
|move|p2a: Incineroar|Fake Out|p1b: Ceruledge
|-immune|p1b: Ceruledge
|move|p2b: Gengar|Perish Song|p2b: Gengar
|-start|p1a: Scrafty|perish3|[silent]
|-start|p1b: Ceruledge|perish3|[silent]
|-start|p2a: Incineroar|perish3|[silent]
|-start|p2b: Gengar|perish3|[silent]
|-fieldactivate|move: Perish Song
|
|-start|p1b: Ceruledge|perish3
|-start|p2b: Gengar|perish3
|-start|p1a: Scrafty|perish3
|-start|p2a: Incineroar|perish3
|upkeep
|turn|2
|
|t:|1785001998
|move|p2b: Gengar|Protect|p2b: Gengar
|-singleturn|p2b: Gengar|Protect
|move|p1a: Scrafty|Fake Out|p2a: Incineroar
|-damage|p2a: Incineroar|92/100
|move|p1b: Ceruledge|Poltergeist|p2b: Gengar
|-activate|p2b: Gengar|move: Protect
|cant|p2a: Incineroar|flinch
|
|-start|p1b: Ceruledge|perish2
|-start|p2b: Gengar|perish2
|-start|p1a: Scrafty|perish2
|-start|p2a: Incineroar|perish2
|upkeep
|turn|3
|
|t:|1785002014
|switch|p1b: Whimsicott|Whimsicott, L50, M|100/100
|switch|p2b: Politoed|Politoed, L50, M|100/100
|-weather|RainDance|[from] ability: Drizzle|[of] p2b: Politoed
|move|p1a: Scrafty|Low Kick|p2a: Incineroar
|-supereffective|p2a: Incineroar|1
|-damage|p2a: Incineroar|44/100
|move|p2a: Incineroar|Parting Shot|p1b: Whimsicott
|-unboost|p1b: Whimsicott|atk|1
|-unboost|p1b: Whimsicott|spa|1
|
|t:|1785002020
|switch|p2a: Gengar|Gengar-Mega, L50, F|100/100|[from] Parting Shot
|
|-weather|RainDance|[upkeep]
|-start|p1a: Scrafty|perish1
|upkeep
|turn|4
|
|t:|1785002042
|move|p1b: Whimsicott|Tailwind|p1b: Whimsicott
|-sidestart|p1: Newtry lesgo|move: Tailwind
|move|p2a: Gengar|Sludge Bomb|p1a: Scrafty
|-damage|p1a: Scrafty|59/100
|-status|p1a: Scrafty|psn
|move|p1a: Scrafty|Knock Off|p2a: Gengar
|-supereffective|p2a: Gengar|1
|-damage|p2a: Gengar|51/100
|move|p2b: Politoed|Weather Ball|p1a: Scrafty
|-damage|p1a: Scrafty|15/100 psn
|
|-weather|RainDance|[upkeep]
|-heal|p1a: Scrafty|21/100 psn|[from] item: Leftovers
|-damage|p1a: Scrafty|9/100 psn|[from] psn
|-start|p1a: Scrafty|perish0
|faint|p1a: Scrafty
|upkeep
|
|t:|1785002050
|switch|p1a: Ceruledge|Ceruledge, L50, F|100/100
|turn|5
|
|t:|1785002070
|switch|p2a: Incineroar|Incineroar, L50, F|44/100
|-ability|p2a: Incineroar|Intimidate|boost
|-unboost|p1a: Ceruledge|atk|1
|-unboost|p1b: Whimsicott|atk|1
|move|p1b: Whimsicott|Sunny Day|p1b: Whimsicott
|-weather|SunnyDay
|move|p1a: Ceruledge|Poltergeist|p2b: Politoed
|-activate|p2b: Politoed|move: Poltergeist|Sitrus Berry
|-damage|p2b: Politoed|67/100
|move|p2b: Politoed|Encore|p1b: Whimsicott
|-start|p1b: Whimsicott|Encore
|
|-weather|SunnyDay|[upkeep]
|upkeep
|turn|6
|
|t:|1785002082
|switch|p1a: Charizard|Charizard, L50, M|100/100
|move|p1b: Whimsicott|Sunny Day||[still]
|-fail|p1b: Whimsicott
|move|p2b: Politoed|Weather Ball|p1b: Whimsicott
|-supereffective|p1b: Whimsicott|1
|-enditem|p1b: Whimsicott|Focus Sash
|-damage|p1b: Whimsicott|1/100
|move|p2a: Incineroar|Throat Chop|p1a: Charizard
|-crit|p1a: Charizard
|-damage|p1a: Charizard|52/100
|-start|p1a: Charizard|Throat Chop|[silent]
|
|-weather|SunnyDay|[upkeep]
|-damage|p1a: Charizard|39/100|[from] ability: Solar Power|[of] p1a: Charizard
|upkeep
|turn|7
|
|t:|1785002089
|switch|p1b: Ceruledge|Ceruledge, L50, F|100/100
|detailschange|p1a: Charizard|Charizard-Mega-Y, L50, M
|-mega|p1a: Charizard|Charizard|Charizardite Y
|move|p1a: Charizard|Solar Beam||[still]
|-prepare|p1a: Charizard|Solar Beam
|-anim|p1a: Charizard|Solar Beam|p2b: Politoed
|-supereffective|p2b: Politoed|1
|-damage|p2b: Politoed|0 fnt
|faint|p2b: Politoed
|move|p2a: Incineroar|Throat Chop|p1a: Charizard
|-damage|p1a: Charizard|5/100
|
|-weather|SunnyDay|[upkeep]
|-end|p1a: Charizard|Throat Chop|[silent]
|-sideend|p1: Newtry lesgo|move: Tailwind
|upkeep
|
|t:|1785002095
|switch|p2b: Swampert|Swampert, L50, M|100/100
|turn|8
|
|t:|1785002108
|move|p2b: Swampert|Protect|p2b: Swampert
|-singleturn|p2b: Swampert|Protect
|move|p1b: Ceruledge|Close Combat|p2a: Incineroar
|-supereffective|p2a: Incineroar|1
|-damage|p2a: Incineroar|0 fnt
|-unboost|p1b: Ceruledge|def|1
|-unboost|p1b: Ceruledge|spd|1
|faint|p2a: Incineroar
|move|p1a: Charizard|Solar Beam||[still]
|-prepare|p1a: Charizard|Solar Beam
|-anim|p1a: Charizard|Solar Beam|p2b: Swampert
|-activate|p2b: Swampert|move: Protect
|
|-weather|SunnyDay|[upkeep]
|upkeep
|
|t:|1785002112
|switch|p2a: Gengar|Gengar-Mega, L50, F|51/100
|turn|9
|
|t:|1785002118
|switch|p1b: Whimsicott|Whimsicott, L50, M|1/100
|move|p1a: Charizard|Protect|p1a: Charizard
|-singleturn|p1a: Charizard|Protect
|move|p2b: Swampert|Protect|p2b: Swampert
|-singleturn|p2b: Swampert|Protect
|move|p2a: Gengar|Shadow Ball|p1a: Charizard
|-activate|p1a: Charizard|move: Protect
|
|-weather|none
|upkeep
|turn|10
|
|t:|1785002139
|move|p1b: Whimsicott|Tailwind|p1b: Whimsicott
|-sidestart|p1: Newtry lesgo|move: Tailwind
|move|p1a: Charizard|Heat Wave|p2a: Gengar|[spread] p2a
|-miss|p1a: Charizard|p2b: Swampert
|-damage|p2a: Gengar|9/100
|move|p2a: Gengar|Shadow Ball|p1a: Charizard
|-damage|p1a: Charizard|0 fnt
|faint|p1a: Charizard
|move|p2b: Swampert|Ice Punch|p1b: Whimsicott
|-supereffective|p1b: Whimsicott|1
|-damage|p1b: Whimsicott|0 fnt
|faint|p1b: Whimsicott
|
|upkeep
|-message|Newtry lesgo forfeited.
|
|win|monsoonisbest
