|j|☆Gozante
|j|☆Genn22Vgc
|html|GozanteGenn22Vgc    
|uhtml|bestof|Game 2 of a best-of-3
|t:|1785256180
|gametype|doubles
|player|p1|Gozante|169|1481
|player|p2|Genn22Vgc|1|1449
|gen|9
|tier|[Gen 9 Champions] VGC 2026 Reg M-B (Bo3)
|rated|
|rule|Species Clause: Limit one of each Pokémon
|rule|Item Clause: Limit 1 of each item
|clearpoke
|poke|p1|Floette-Eternal, L50, F|
|poke|p1|Delphox, L50, M|
|poke|p1|Sneasler, L50, F|
|poke|p1|Incineroar, L50, M|
|poke|p1|Kingambit, L50, F|
|poke|p1|Sinistcha, L50|
|poke|p2|Medicham, L50, F|
|poke|p2|Farigiraf, L50, F|
|poke|p2|Basculegion, L50, M|
|poke|p2|Kingambit, L50, M|
|poke|p2|Talonflame, L50, M|
|poke|p2|Floette-Eternal, L50, F|
|teampreview|4
|showteam|p1|Floette-Eternal||Floettite|FlowerVeil|Protect,CalmMind,DazzlingGleam,Moonblast|Modest||F|||50|]Delphox||Delphoxite|Blaze|Protect,NastyPlot,Psychic,HeatWave|Modest||M|||50|]Sneasler||FocusSash|PoisonTouch|FakeOut,PoisonJab,CloseCombat,RockTomb|Jolly||F|||50|]Incineroar||SitrusBerry|Intimidate|FakeOut,ThroatChop,PartingShot,FlareBlitz|Impish||M|||50|]Kingambit||LifeOrb|Defiant|Protect,SwordsDance,SuckerPunch,KowtowCleave|Adamant||F|||50|]Sinistcha||ColburBerry|Hospitality|Protect,TrickRoom,RagePowder,MatchaGotcha|Bold|||||50|
|showteam|p2|Medicham||Medichamite|PurePower|CloseCombat,PsychoCut,FakeOut,RockSlide|Adamant||F|||50|]Farigiraf||ColburBerry|ArmorTail|Thunderbolt,TwinBeam,HelpingHand,TrickRoom|Calm||F|||50|]Basculegion||MysticWater|Adaptability|LastRespects,WaveCrash,AquaJet,Protect|Adamant||M|||50|]Kingambit||FocusSash|Defiant|LowKick,IronHead,KowtowCleave,SuckerPunch|Adamant||M|||50|]Talonflame||LifeOrb|GaleWings|DualWingbeat,Tailwind,FlareBlitz,Taunt|Jolly||M|||50|]Floette-Eternal||Floettite|FlowerVeil|LightofRuin,Moonblast,DazzlingGleam,Protect|Modest||F|||50|
|
|t:|1785256187
|teamsize|p1|4
|teamsize|p2|4
|start
|switch|p1a: Incineroar|Incineroar, L50, M|100/100
|switch|p1b: Floette|Floette-Eternal, L50, F|100/100
|switch|p2a: Floette|Floette-Eternal, L50, F|100/100
|switch|p2b: Basculegion|Basculegion, L50, M|100/100
|-ability|p1a: Incineroar|Intimidate|boost
|-unboost|p2a: Floette|atk|1
|-unboost|p2b: Basculegion|atk|1
|turn|1
|
|t:|1785256210
|switch|p1a: Kingambit|Kingambit, L50, F|100/100
|detailschange|p1b: Floette|Floette-Mega, L50, F
|-mega|p1b: Floette|Floette|Floettite
|-ability|p1b: Floette|Fairy Aura
|detailschange|p2a: Floette|Floette-Mega, L50, F
|-mega|p2a: Floette|Floette|Floettite
|-ability|p2a: Floette|Fairy Aura
|move|p1b: Floette|Dazzling Gleam|p2b: Basculegion|[spread] p2a,p2b
|-damage|p2a: Floette|68/100
|-damage|p2b: Basculegion|56/100
|move|p2a: Floette|Dazzling Gleam|p1b: Floette|[spread] p1a,p1b
|-damage|p1a: Kingambit|57/100
|-damage|p1b: Floette|63/100
|move|p2b: Basculegion|Wave Crash|p1b: Floette
|-damage|p1b: Floette|0 fnt
|faint|p1b: Floette
|-damage|p2b: Basculegion|38/100|[from] Recoil
|
|upkeep
|
|t:|1785256225
|switch|p1b: Sneasler|Sneasler, L50, F|100/100
|turn|2
|
|t:|1785256237
|switch|p2a: Talonflame|Talonflame, L50, M|100/100
|move|p2b: Basculegion|Aqua Jet|p1b: Sneasler
|-damage|p1b: Sneasler|64/100
|move|p1b: Sneasler|Rock Tomb|p2b: Basculegion
|-damage|p2b: Basculegion|12/100
|-unboost|p2b: Basculegion|spe|1
|move|p1a: Kingambit|Kowtow Cleave|p2b: Basculegion
|-supereffective|p2b: Basculegion|1
|-damage|p2b: Basculegion|0 fnt
|faint|p2b: Basculegion
|-damage|p1a: Kingambit|48/100|[from] item: Life Orb
|
|upkeep
|
|t:|1785256256
|switch|p2b: Floette|Floette-Mega, L50, F|68/100
|-ability|p2b: Floette|Fairy Aura
|turn|3
|
|t:|1785256277
|switch|p1b: Incineroar|Incineroar, L50, M|100/100
|-ability|p1b: Incineroar|Intimidate|boost
|-unboost|p2a: Talonflame|atk|1
|-unboost|p2b: Floette|atk|1
|move|p1a: Kingambit|Protect|p1a: Kingambit
|-singleturn|p1a: Kingambit|Protect
|move|p2a: Talonflame|Tailwind|p2a: Talonflame
|-sidestart|p2: Genn22Vgc|move: Tailwind
|move|p2b: Floette|Dazzling Gleam|p1a: Kingambit|[spread] p1b
|-activate|p1a: Kingambit|move: Protect
|-damage|p1b: Incineroar|46/100
|-enditem|p1b: Incineroar|Sitrus Berry|[eat]
|-heal|p1b: Incineroar|71/100|[from] item: Sitrus Berry
|
|upkeep
|turn|4
|
|t:|1785256293
|move|p1b: Incineroar|Fake Out|p2b: Floette
|-damage|p2b: Floette|58/100
|move|p2a: Talonflame|Flare Blitz|p1a: Kingambit
|-supereffective|p1a: Kingambit|1
|-damage|p1a: Kingambit|0 fnt
|faint|p1a: Kingambit
|-damage|p2a: Talonflame|79/100|[from] Recoil
|-damage|p2a: Talonflame|69/100|[from] item: Life Orb
|cant|p2b: Floette|flinch
|
|upkeep
|
|t:|1785256298
|switch|p1a: Sneasler|Sneasler, L50, F|64/100
|turn|5
|
|t:|1785256311
|move|p1a: Sneasler|Fake Out|p2b: Floette
|-damage|p2b: Floette|44/100
|move|p2a: Talonflame|Dual Wingbeat|p1a: Sneasler
|-supereffective|p1a: Sneasler|1
|-damage|p1a: Sneasler|22/100
|-supereffective|p1a: Sneasler|1
|-damage|p1a: Sneasler|0 fnt
|faint|p1a: Sneasler
|-hitcount|p1: Sneasler|2
|-damage|p2a: Talonflame|60/100|[from] item: Life Orb
|cant|p2b: Floette|flinch
|move|p1b: Incineroar|Throat Chop|p2a: Talonflame
|-damage|p2a: Talonflame|10/100
|-start|p2a: Talonflame|Throat Chop|[silent]
|
|upkeep
|turn|6
|-message|Gozante forfeited.
|
|win|Genn22Vgc
|raw|Gozante's rating: 1481 → 1459(-22 for losing)
|raw|Genn22Vgc's rating: 1449 → 1471(+22 for winning)
|l|☆Gozante
|player|p1|
