|j|☆Champ.Braeden
|j|☆Gamma_90
|html|Champ.BraedenGamma_90    
|uhtml|bestof|Game 3 of a best-of-3
|t:|1756670214
|gametype|doubles
|player|p1|Champ.Braeden|hoopster|1114
|player|p2|Gamma_90|1|1121
|gen|9
|tier|[Gen 9] VGC 2025 Reg H (Bo3)
|rated|
|rule|Species Clause: Limit one of each Pokémon
|rule|Item Clause: Limit 1 of each item
|clearpoke
|poke|p1|Dragonite, L50, M|
|poke|p1|Pelipper, L50, F|
|poke|p1|Archaludon, L50, F|
|poke|p1|Basculegion, L50, M|
|poke|p1|Incineroar, L50, M|
|poke|p1|Farigiraf, L50, F|
|poke|p2|Meowscarada, L50, F|
|poke|p2|Volcarona, L50, M|
|poke|p2|Primarina, L50, F|
|poke|p2|Gholdengo, L50|
|poke|p2|Ursaluna, L50, M|
|poke|p2|Porygon2, L50|
|teampreview|4
|showteam|p1|Dragonite||LoadedDice|InnerFocus|ScaleShot,LowKick,Haze,Protect|||M|||50|,,,,,Fairy]Pelipper||FocusSash|Drizzle|MuddyWater,Hurricane,Tailwind,Protect|||F|||50|,,,,,Dark]Archaludon||AssaultVest|Stamina|ElectroShot,DracoMeteor,FlashCannon,BodyPress|||F|||50|,,,,,Fighting]Basculegion||LifeOrb|SwiftSwim|WaveCrash,LastRespects,AquaJet,Protect|||M|||50|,,,,,Water]Incineroar||SafetyGoggles|Intimidate|KnockOff,Taunt,FakeOut,PartingShot|||M|||50|,,,,,Ghost]Farigiraf||ThroatSpray|ArmorTail|HyperVoice,Imprison,TrickRoom,PsychicNoise|||F|||50|,,,,,Dark
|showteam|p2|Meowscarada||ChoiceBand|Protean|FlowerTrick,KnockOff,LowKick,Uturn|||F|||50|,,,,,Ghost]Volcarona||SitrusBerry|FlameBody|Overheat,Tailwind,RagePowder,Protect|||M|||50|,,,,,Dragon]Primarina||LifeOrb|LiquidVoice|HyperVoice,Moonblast,Haze,Protect|||F|||50|,,,,,Grass]Gholdengo||MetalCoat|GoodasGold|MakeItRain,ShadowBall,NastyPlot,Protect||||||50|,,,,,Water]Ursaluna||FlameOrb|Guts|Facade,HeadlongRush,Earthquake,Protect|||M|||50|,,,,,Ghost]Porygon2||Eviolite|Download|TeraBlast,TrickRoom,Recover,IceBeam||||||50|,,,,,Fighting
|inactive|Battle timer is ON: inactive players will automatically lose when time's up. (requested by Gamma_90)
|
|t:|1756670231
|teamsize|p1|4
|teamsize|p2|4
|start
|switch|p1a: Pelipper|Pelipper, L50, F|100/100
|switch|p1b: Archaludon|Archaludon, L50, F|100/100
|switch|p2a: Meowscarada|Meowscarada, L50, F|100/100
|switch|p2b: Porygon2|Porygon2, L50|100/100
|-weather|RainDance|[from] ability: Drizzle|[of] p1a: Pelipper
|-ability|p2b: Porygon2|Download|boost
|-boost|p2b: Porygon2|spa|1
|turn|1
|
|t:|1756670245
|switch|p1a: Incineroar|Incineroar, L50, M|100/100
|-ability|p1a: Incineroar|Intimidate|boost
|-unboost|p2a: Meowscarada|atk|1
|-unboost|p2b: Porygon2|atk|1
|move|p2a: Meowscarada|U-turn|p1a: Incineroar
|-start|p2a: Meowscarada|typechange|Bug|[from] ability: Protean
|-damage|p1a: Incineroar|70/100
|
|t:|1756670253
|switch|p2a: Ursaluna|Ursaluna, L50, M|100/100|[from] U-turn
|move|p1b: Archaludon|Electro Shot||[still]
|-prepare|p1b: Archaludon|Electro Shot
|-boost|p1b: Archaludon|spa|1
|-anim|p1b: Archaludon|Electro Shot|p2b: Porygon2
|-damage|p2b: Porygon2|62/100
|move|p2b: Porygon2|Trick Room|p2b: Porygon2
|-fieldstart|move: Trick Room|[of] p2b: Porygon2
|
|-weather|RainDance|[upkeep]
|-status|p2a: Ursaluna|brn|[from] item: Flame Orb
|upkeep
|turn|2
|
|t:|1756670278
|-terastallize|p2b: Porygon2|Fighting
|move|p2a: Ursaluna|Protect|p2a: Ursaluna
|-singleturn|p2a: Ursaluna|Protect
|move|p1a: Incineroar|Fake Out|p2a: Ursaluna
|-activate|p2a: Ursaluna|move: Protect
|move|p2b: Porygon2|Tera Blast|p1b: Archaludon|[anim] Tera Blast Fighting
|-supereffective|p1b: Archaludon
|-damage|p1b: Archaludon|24/100
|-ability|p1b: Archaludon|Stamina|boost
|-boost|p1b: Archaludon|def|1
|move|p1b: Archaludon|Body Press|p2b: Porygon2
|-damage|p2b: Porygon2|41/100
|
|-weather|RainDance|[upkeep]
|-damage|p2a: Ursaluna|95/100 brn|[from] brn
|upkeep
|turn|3
|inactive|Gamma_90 has 30 seconds left.
|
|t:|1756670313
|switch|p1a: Pelipper|Pelipper, L50, F|100/100
|switch|p1b: Basculegion|Basculegion, L50, M|100/100
|move|p2a: Ursaluna|Facade|p1b: Basculegion
|-immune|p1b: Basculegion
|move|p2b: Porygon2|Tera Blast|p1a: Pelipper|[anim] Tera Blast Fighting
|-resisted|p1a: Pelipper
|-damage|p1a: Pelipper|59/100
|
|-weather|RainDance|[upkeep]
|-damage|p2a: Ursaluna|89/100 brn|[from] brn
|upkeep
|turn|4
|inactive|Champ.Braeden has 30 seconds left.
|
|t:|1756670343
|switch|p2a: Primarina|Primarina, L50, F|100/100
|-terastallize|p1b: Basculegion|Water
|move|p1a: Pelipper|Protect|p1a: Pelipper
|-singleturn|p1a: Pelipper|Protect
|move|p1b: Basculegion|Aqua Jet|p2a: Primarina
|-resisted|p2a: Primarina
|-damage|p2a: Primarina|73/100
|-damage|p1b: Basculegion|91/100|[from] item: Life Orb
|move|p2b: Porygon2|Tera Blast|p1a: Pelipper|[anim] Tera Blast Fighting
|-activate|p1a: Pelipper|move: Protect
|
|-weather|RainDance|[upkeep]
|upkeep
|turn|5
|inactive|Champ.Braeden has 30 seconds left.
|inactive|Gamma_90 has 30 seconds left.
|inactive|Champ.Braeden has 20 seconds left.
|inactive|Gamma_90 has 20 seconds left.
|inactive|Champ.Braeden has 15 seconds left.
|inactive|Gamma_90 has 15 seconds left.
|inactive|Champ.Braeden has 10 seconds left.
|
|t:|1756670390
|switch|p1a: Archaludon|Archaludon, L50, F|24/100
|move|p1b: Basculegion|Protect|p1b: Basculegion
|-singleturn|p1b: Basculegion|Protect
|move|p2b: Porygon2|Tera Blast|p1a: Archaludon|[anim] Tera Blast Fighting
|-supereffective|p1a: Archaludon
|-damage|p1a: Archaludon|0 fnt
|faint|p1a: Archaludon
|move|p2a: Primarina|Moonblast|p1b: Basculegion
|-activate|p1b: Basculegion|move: Protect
|
|-weather|none
|-fieldend|move: Trick Room
|upkeep
|
|t:|1756670402
|switch|p1a: Pelipper|Pelipper, L50, F|59/100
|-weather|RainDance|[from] ability: Drizzle|[of] p1a: Pelipper
|turn|6
|
|t:|1756670410
|move|p1b: Basculegion|Last Respects|p2a: Primarina
|-damage|p2a: Primarina|0 fnt
|faint|p2a: Primarina
|-damage|p1b: Basculegion|81/100|[from] item: Life Orb
|move|p1a: Pelipper|Hurricane|p2b: Porygon2
|-supereffective|p2b: Porygon2
|-damage|p2b: Porygon2|0 fnt
|faint|p2b: Porygon2
|
|-weather|RainDance|[upkeep]
|upkeep
|
|t:|1756670415
|switch|p2a: Meowscarada|Meowscarada, L50, F|100/100
|switch|p2b: Ursaluna|Ursaluna, L50, M|89/100 brn
|turn|7
|l|☆Champ.Braeden
|inactive|Champ.Braeden disconnected and has a minute to reconnect!
|player|p1|
|j|☆Champ.Braeden
|inactive|Champ.Braeden reconnected and has 40 seconds left.
|player|p1|Champ.Braeden|hoopster|
|inactive|Champ.Braeden has 30 seconds left.
|
|t:|1756670447
|move|p1b: Basculegion|Protect|p1b: Basculegion
|-singleturn|p1b: Basculegion|Protect
|move|p1a: Pelipper|Protect|p1a: Pelipper
|-singleturn|p1a: Pelipper|Protect
|move|p2a: Meowscarada|Flower Trick|p1b: Basculegion
|-start|p2a: Meowscarada|typechange|Grass|[from] ability: Protean
|-activate|p1b: Basculegion|move: Protect
|move|p2b: Ursaluna|Facade|p1a: Pelipper
|-activate|p1a: Pelipper|move: Protect
|
|-weather|RainDance|[upkeep]
|-damage|p2b: Ursaluna|83/100 brn|[from] brn
|upkeep
|turn|8
|
|t:|1756670462
|move|p2b: Ursaluna|Protect|p2b: Ursaluna
|-singleturn|p2b: Ursaluna|Protect
|move|p1b: Basculegion|Last Respects|p2a: Meowscarada
|-damage|p2a: Meowscarada|0 fnt
|faint|p2a: Meowscarada
|-damage|p1b: Basculegion|71/100|[from] item: Life Orb
|move|p1a: Pelipper|Muddy Water|p2b: Ursaluna
|-activate|p2b: Ursaluna|move: Protect
|
|-weather|RainDance|[upkeep]
|-damage|p2b: Ursaluna|77/100 brn|[from] brn
|upkeep
|turn|9
|c|☆Gamma_90|ggs
|-message|Gamma_90 forfeited.
|
|win|Champ.Braeden
|raw|Champ.Braeden's rating: 1114 → 1140(+26 for winning)
|raw|Gamma_90's rating: 1121 → 1095(-26 for losing)
|c|☆Champ.Braeden|Gg
|l|☆Champ.Braeden
|player|p1|
