|j|☆namboyVGC
|j|☆reynicotrolli
|html|namboyVGCreynicotrolli    
|uhtml|bestof|Game 2 of a best-of-3
|t:|1757667105
|gametype|doubles
|player|p1|namboyVGC|wattson|1348
|player|p2|reynicotrolli|2|1299
|gen|9
|tier|[Gen 9] VGC 2025 Reg H (Bo3)
|rated|
|rule|Species Clause: Limit one of each Pokémon
|rule|Item Clause: Limit 1 of each item
|clearpoke
|poke|p1|Sneasler, L50, M|
|poke|p1|Indeedee, L50, M|
|poke|p1|Annihilape, L50, M|
|poke|p1|Tyranitar, L50, M|
|poke|p1|Excadrill, L50, F|
|poke|p1|Hydreigon, L50, F|
|poke|p2|Incineroar, L50, F|
|poke|p2|Amoonguss, L50, M|
|poke|p2|Archaludon, L50, F|
|poke|p2|Pelipper, L50, M|
|poke|p2|Gholdengo, L50|
|poke|p2|Basculegion, L50, M|
|teampreview|4
|showteam|p1|Sneasler||PsychicSeed|Unburden|CloseCombat,DireClaw,ThroatChop,Protect|||M|||50|,,,,,Dark]Indeedee||ChoiceScarf|PsychicSurge|ExpandingForce,TeraBlast,Trick,DazzlingGleam|||M|||50|,,,,,Fire]Annihilape||SafetyGoggles|Defiant|CloseCombat,RageFist,Taunt,FinalGambit|||M|||50|,,,,,Water]Tyranitar||AssaultVest|SandStream|RockSlide,KnockOff,TeraBlast,LowKick|||M|||50|,,,,,Flying]Excadrill||FocusSash|SandRush|HighHorsepower,Earthquake,IronHead,Protect|||F|||50|,,,,,Stellar]Hydreigon||CovertCloak|Levitate|Snarl,DracoMeteor,Tailwind,Roar|||F|||50|,,,,,Fairy
|showteam|p2|Incineroar||SafetyGoggles|Intimidate|KnockOff,FlareBlitz,FakeOut,PartingShot|||F|||50|,,,,,Water]Amoonguss||SitrusBerry|Regenerator|Protect,PollenPuff,RagePowder,Spore|||M|||50|,,,,,Psychic]Archaludon||AssaultVest|Stamina|ElectroShot,BodyPress,DragonPulse,FlashCannon|||F|||50|,,,,,Bug]Pelipper||FocusSash|Drizzle|Hurricane,WeatherBall,Protect,Tailwind|||M|||50|,,,,,Ground]Gholdengo||LifeOrb|GoodasGold|MakeItRain,ShadowBall,NastyPlot,Protect||||||50|,,,,,Dragon]Basculegion||ChoiceBand|SwiftSwim|FlipTurn,WaveCrash,LastRespects,AquaJet|||M|||50|,,,,,Water
|inactive|Battle timer is ON: inactive players will automatically lose when time's up. (requested by namboyVGC)
|
|t:|1757667127
|teamsize|p1|4
|teamsize|p2|4
|start
|switch|p1a: Hydreigon|Hydreigon, L50, F|100/100
|switch|p1b: Annihilape|Annihilape, L50, M|100/100
|switch|p2a: Amoonguss|Amoonguss, L50, M|100/100
|switch|p2b: Gholdengo|Gholdengo, L50|100/100
|turn|1
|
|t:|1757667140
|-terastallize|p2b: Gholdengo|Dragon
|move|p1a: Hydreigon|Snarl|p2b: Gholdengo|[spread] p2a,p2b
|-damage|p2a: Amoonguss|86/100
|-damage|p2b: Gholdengo|78/100
|-unboost|p2a: Amoonguss|spa|1
|-unboost|p2b: Gholdengo|spa|1
|move|p1b: Annihilape|Taunt|p2a: Amoonguss
|-start|p2a: Amoonguss|move: Taunt
|move|p2b: Gholdengo|Nasty Plot|p2b: Gholdengo
|-boost|p2b: Gholdengo|spa|2
|cant|p2a: Amoonguss|move: Taunt|Spore
|
|upkeep
|turn|2
|
|t:|1757667162
|move|p1a: Hydreigon|Snarl|p2b: Gholdengo|[spread] p2a,p2b
|-damage|p2a: Amoonguss|72/100
|-damage|p2b: Gholdengo|58/100
|-unboost|p2a: Amoonguss|spa|1
|-unboost|p2b: Gholdengo|spa|1
|move|p1b: Annihilape|Close Combat|p2b: Gholdengo
|-damage|p2b: Gholdengo|7/100
|-unboost|p1b: Annihilape|def|1
|-unboost|p1b: Annihilape|spd|1
|move|p2b: Gholdengo|Nasty Plot|p2b: Gholdengo
|-boost|p2b: Gholdengo|spa|2
|move|p2a: Amoonguss|Pollen Puff|p2b: Gholdengo
|-heal|p2b: Gholdengo|57/100
|
|upkeep
|turn|3
|inactive|namboyVGC has 30 seconds left.
|inactive|namboyVGC has 20 seconds left.
|inactive|namboyVGC has 15 seconds left.
|inactive|namboyVGC has 10 seconds left.
|
|t:|1757667211
|switch|p1b: Tyranitar|Tyranitar, L50, M|100/100
|-weather|Sandstorm|[from] ability: Sand Stream|[of] p1b: Tyranitar
|switch|p2a: Basculegion|Basculegion, L50, M|100/100
|move|p2b: Gholdengo|Protect|p2b: Gholdengo
|-singleturn|p2b: Gholdengo|Protect
|move|p1a: Hydreigon|Snarl|p2a: Basculegion|[spread] p2a
|-activate|p2b: Gholdengo|move: Protect
|-supereffective|p2a: Basculegion
|-damage|p2a: Basculegion|56/100
|-unboost|p2a: Basculegion|spa|1
|
|-weather|Sandstorm|[upkeep]
|-damage|p1a: Hydreigon|95/100|[from] Sandstorm
|-damage|p2b: Gholdengo|51/100|[from] Sandstorm
|-damage|p2a: Basculegion|50/100|[from] Sandstorm
|upkeep
|turn|4
|inactive|namboyVGC has 30 seconds left.
|inactive|reynicotrolli has 30 seconds left.
|
|t:|1757667246
|switch|p1b: Excadrill|Excadrill, L50, F|100/100
|move|p2a: Basculegion|Aqua Jet|p1b: Excadrill
|-supereffective|p1b: Excadrill
|-damage|p1b: Excadrill|6/100
|move|p1a: Hydreigon|Tailwind|p1a: Hydreigon
|-sidestart|p1: namboyVGC|move: Tailwind
|move|p2b: Gholdengo|Make It Rain|p1b: Excadrill|[spread] p1a,p1b
|-resisted|p1b: Excadrill
|-damage|p1a: Hydreigon|0 fnt
|-damage|p1b: Excadrill|0 fnt
|-unboost|p2b: Gholdengo|spa|1
|faint|p1a: Hydreigon
|faint|p1b: Excadrill
|-damage|p2b: Gholdengo|41/100|[from] item: Life Orb
|
|-weather|Sandstorm|[upkeep]
|-damage|p2b: Gholdengo|35/100|[from] Sandstorm
|-damage|p2a: Basculegion|44/100|[from] Sandstorm
|upkeep
|
|t:|1757667256
|switch|p1a: Annihilape|Annihilape, L50, M|100/100
|switch|p1b: Tyranitar|Tyranitar, L50, M|100/100
|turn|5
|
|t:|1757667266
|switch|p2a: Amoonguss|Amoonguss, L50, M|100/100
|move|p2b: Gholdengo|Protect|p2b: Gholdengo
|-singleturn|p2b: Gholdengo|Protect
|move|p1a: Annihilape|Rage Fist|p2a: Amoonguss
|-damage|p2a: Amoonguss|83/100
|move|p1b: Tyranitar|Knock Off|p2b: Gholdengo
|-activate|p2b: Gholdengo|move: Protect
|
|-weather|Sandstorm|[upkeep]
|-damage|p2b: Gholdengo|29/100|[from] Sandstorm
|-damage|p2a: Amoonguss|77/100|[from] Sandstorm
|upkeep
|turn|6
|inactive|reynicotrolli has 30 seconds left.
|
|t:|1757667297
|move|p2a: Amoonguss|Protect|p2a: Amoonguss
|-singleturn|p2a: Amoonguss|Protect
|move|p1a: Annihilape|Taunt|p2a: Amoonguss
|-activate|p2a: Amoonguss|move: Protect
|move|p1b: Tyranitar|Rock Slide|p2b: Gholdengo|[spread] p2b
|-activate|p2a: Amoonguss|move: Protect
|-damage|p2b: Gholdengo|0 fnt
|faint|p2b: Gholdengo
|
|-weather|Sandstorm|[upkeep]
|-damage|p2a: Amoonguss|71/100|[from] Sandstorm
|upkeep
|
|t:|1757667308
|switch|p2b: Pelipper|Pelipper, L50, M|100/100
|-weather|RainDance|[from] ability: Drizzle|[of] p2b: Pelipper
|turn|7
|
|t:|1757667333
|-terastallize|p1a: Annihilape|Water
|move|p2b: Pelipper|Protect|p2b: Pelipper
|-singleturn|p2b: Pelipper|Protect
|move|p1a: Annihilape|Taunt|p2a: Amoonguss
|-start|p2a: Amoonguss|move: Taunt
|move|p1b: Tyranitar|Rock Slide|p2b: Pelipper|[spread] p2a
|-activate|p2b: Pelipper|move: Protect
|-damage|p2a: Amoonguss|43/100
|-enditem|p2a: Amoonguss|Sitrus Berry|[eat]
|-heal|p2a: Amoonguss|67/100|[from] item: Sitrus Berry
|cant|p2a: Amoonguss|flinch
|
|-weather|RainDance|[upkeep]
|-sideend|p1: namboyVGC|move: Tailwind
|upkeep
|turn|8
|
|t:|1757667344
|move|p1a: Annihilape|Taunt|p2b: Pelipper
|-start|p2b: Pelipper|move: Taunt
|move|p2b: Pelipper|Weather Ball|p1b: Tyranitar
|-supereffective|p1b: Tyranitar
|-damage|p1b: Tyranitar|8/100
|move|p1b: Tyranitar|Rock Slide|p2a: Amoonguss|[spread] p2a,p2b
|-supereffective|p2b: Pelipper
|-damage|p2a: Amoonguss|42/100
|-damage|p2b: Pelipper|21/100
|move|p2a: Amoonguss|Pollen Puff|p1b: Tyranitar
|-supereffective|p1b: Tyranitar
|-damage|p1b: Tyranitar|0 fnt
|faint|p1b: Tyranitar
|
|-weather|RainDance|[upkeep]
|upkeep
|turn|9
|
|t:|1757667361
|move|p1a: Annihilape|Rage Fist|p2b: Pelipper
|-damage|p2b: Pelipper|0 fnt
|faint|p2b: Pelipper
|move|p2a: Amoonguss|Pollen Puff|p2: Pelipper|[notarget]
|-fail|p2a: Amoonguss
|
|-weather|RainDance|[upkeep]
|-end|p2a: Amoonguss|move: Taunt
|upkeep
|
|t:|1757667364
|switch|p2b: Basculegion|Basculegion, L50, M|44/100
|turn|10
|
|t:|1757667373
|move|p2b: Basculegion|Last Respects|p1a: Annihilape
|-damage|p1a: Annihilape|0 fnt
|faint|p1a: Annihilape
|
|win|reynicotrolli
||namboyVGC is ready for game 3.
||reynicotrolli is ready for game 3.
|uhtml|next|Next: Game 3 of 3
