|j|☆wideguard_user
|j|☆Money03
|html|wideguard_userMoney03    
|uhtml|bestof|Game 2 of a best-of-3
|t:|1756073790
|gametype|doubles
|player|p1|wideguard_user|2|1210
|player|p2|Money03|wattson|1283
|gen|9
|tier|[Gen 9] VGC 2025 Reg H (Bo3)
|rated|
|rule|Species Clause: Limit one of each Pokémon
|rule|Item Clause: Limit 1 of each item
|clearpoke
|poke|p1|Gholdengo, L50|
|poke|p1|Sneasler, L50, M|
|poke|p1|Incineroar, L50, M|
|poke|p1|Amoonguss, L50, M|
|poke|p1|Dragonite, L50, F|
|poke|p1|Ursaluna-Bloodmoon, L50, M|
|poke|p2|Annihilape, L50, M|
|poke|p2|Gholdengo, L50|
|poke|p2|Dragonite, L50, M|
|poke|p2|Ninetales-Alola, L50, F|
|poke|p2|Magmar, L50, F|
|poke|p2|Ursaluna-Bloodmoon, L50, M|
|teampreview|4
|showteam|p1|Gholdengo||LifeOrb|GoodasGold|MakeItRain,ShadowBall,NastyPlot,Protect||||||50|,,,,,Water]Sneasler||FocusSash|Unburden|ThroatChop,CloseCombat,DireClaw,Protect|||M|||50|,,,,,Stellar]Incineroar||SafetyGoggles|Intimidate|FakeOut,FlareBlitz,KnockOff,PartingShot|||M|||50|,,,,,Ghost]Amoonguss||SitrusBerry|Regenerator|Spore,RagePowder,SludgeBomb,Protect|||M|||50|,,,,,Water]Dragonite||LoadedDice|Multiscale|ScaleShot,ExtremeSpeed,Tailwind,Protect|||F|||50|,,,,,Steel]Ursaluna-Bloodmoon||AssaultVest|MindsEye|HyperVoice,BloodMoon,EarthPower,VacuumWave|||M|||50|,,,,,Normal
|showteam|p2|Annihilape||SafetyGoggles|Defiant|DrainPunch,RageFist,BulkUp,Protect|||M|||50|,,,,,Water]Gholdengo||MetalCoat|GoodasGold|MakeItRain,ShadowBall,NastyPlot,Protect||||||50|,,,,,Dragon]Dragonite||LoadedDice|Multiscale|ScaleShot,ExtremeSpeed,IceSpinner,Protect|||M|||50|,,,,,Steel]Ninetales-Alola||LightClay|SnowWarning|Blizzard,Encore,IcicleSpear,AuroraVeil|||F|||50|,,,,,Ghost]Magmar||Eviolite|VitalSpirit|Overheat,FollowMe,Protect,ClearSmog|||F|||50|,,,,,Ghost]Ursaluna-Bloodmoon||AssaultVest|MindsEye|BloodMoon,EarthPower,HyperVoice,VacuumWave|||M|||50|,,,,,Water
|inactive|Battle timer is ON: inactive players will automatically lose when time's up. (requested by wideguard_user)
|inactive|wideguard_user has 60 seconds left.
|inactive|Money03 has 60 seconds left.
|
|t:|1756073843
|teamsize|p1|4
|teamsize|p2|4
|start
|switch|p1a: Sneasler|Sneasler, L50, M|100/100
|switch|p1b: Gholdengo|Gholdengo, L50|100/100
|switch|p2a: Dragonite|Dragonite, L50, M|100/100
|switch|p2b: Ninetales|Ninetales-Alola, L50, F|100/100
|-weather|Snowscape|[from] ability: Snow Warning|[of] p2b: Ninetales
|turn|1
|inactive|wideguard_user has 30 seconds left.
|inactive|wideguard_user has 20 seconds left.
|
|t:|1756073880
|switch|p2a: Annihilape|Annihilape, L50, M|100/100
|move|p1a: Sneasler|Dire Claw|p2a: Annihilape
|-resisted|p2a: Annihilape
|-damage|p2a: Annihilape|81/100
|move|p2b: Ninetales|Aurora Veil|p2b: Ninetales
|-sidestart|p2: Money03|move: Aurora Veil
|move|p1b: Gholdengo|Make It Rain|p2b: Ninetales|[spread] p2a,p2b
|-supereffective|p2b: Ninetales
|-damage|p2a: Annihilape|39/100
|-damage|p2b: Ninetales|0 fnt
|-unboost|p1b: Gholdengo|spa|1
|faint|p2b: Ninetales
|-damage|p1b: Gholdengo|91/100|[from] item: Life Orb
|
|-weather|Snowscape|[upkeep]
|upkeep
|inactive|Money03 has 30 seconds left.
|
|t:|1756073907
|switch|p2b: Dragonite|Dragonite, L50, M|100/100
|turn|2
|
|t:|1756073926
|move|p1a: Sneasler|Protect|p1a: Sneasler
|-singleturn|p1a: Sneasler|Protect
|move|p2a: Annihilape|Protect|p2a: Annihilape
|-singleturn|p2a: Annihilape|Protect
|move|p1b: Gholdengo|Shadow Ball|p2a: Annihilape
|-activate|p2a: Annihilape|move: Protect
|move|p2b: Dragonite|Scale Shot|p1a: Sneasler
|-activate|p1a: Sneasler|move: Protect
|
|-weather|Snowscape|[upkeep]
|upkeep
|turn|3
|inactive|wideguard_user has 30 seconds left.
|inactive|wideguard_user has 20 seconds left.
|
|t:|1756073964
|switch|p2a: Magmar|Magmar, L50, F|100/100
|switch|p1b: Ursaluna|Ursaluna-Bloodmoon, L50, M|100/100
|move|p1a: Sneasler|Dire Claw|p2b: Dragonite
|-damage|p2b: Dragonite|84/100
|-status|p2b: Dragonite|psn
|move|p2b: Dragonite|Scale Shot|p1a: Sneasler
|-damage|p1a: Sneasler|75/100
|-damage|p1a: Sneasler|50/100
|-damage|p1a: Sneasler|24/100
|-damage|p1a: Sneasler|0 fnt
|faint|p1a: Sneasler
|-hitcount|p1: Sneasler|4
|-unboost|p2b: Dragonite|def|1
|-boost|p2b: Dragonite|spe|1
|
|-weather|Snowscape|[upkeep]
|-damage|p2b: Dragonite|72/100 psn|[from] psn
|upkeep
|
|t:|1756073983
|switch|p1a: Dragonite|Dragonite, L50, F|100/100
|turn|4
|inactive|wideguard_user has 30 seconds left.
|inactive|Money03 has 30 seconds left.
|inactive|wideguard_user has 20 seconds left.
|inactive|Money03 has 20 seconds left.
|inactive|wideguard_user has 15 seconds left.
|inactive|Money03 has 15 seconds left.
|inactive|Money03 has 10 seconds left.
|inactive|Money03 has 5 seconds left.
|
|t:|1756074038
|-terastallize|p1a: Dragonite|Steel
|-terastallize|p2a: Magmar|Ghost
|move|p2b: Dragonite|Scale Shot|p1a: Dragonite
|-resisted|p1a: Dragonite
|-damage|p1a: Dragonite|97/100
|-resisted|p1a: Dragonite
|-damage|p1a: Dragonite|88/100
|-resisted|p1a: Dragonite
|-damage|p1a: Dragonite|80/100
|-resisted|p1a: Dragonite
|-damage|p1a: Dragonite|71/100
|-hitcount|p1a: Dragonite|4
|-unboost|p2b: Dragonite|def|1
|-boost|p2b: Dragonite|spe|1
|move|p1a: Dragonite|Tailwind|p1a: Dragonite
|-sidestart|p1: wideguard_user|move: Tailwind
|move|p1b: Ursaluna|Earth Power|p2a: Magmar
|-damage|p2a: Magmar|76/100
|move|p2a: Magmar|Overheat|p1a: Dragonite
|-supereffective|p1a: Dragonite
|-crit|p1a: Dragonite
|-damage|p1a: Dragonite|0 fnt
|-unboost|p2a: Magmar|spa|2
|faint|p1a: Dragonite
|
|-weather|Snowscape|[upkeep]
|-damage|p2b: Dragonite|60/100 psn|[from] psn
|upkeep
|
|t:|1756074055
|switch|p1a: Gholdengo|Gholdengo, L50|91/100
|turn|5
|inactive|wideguard_user has 30 seconds left.
|inactive|Money03 has 30 seconds left.
|inactive|wideguard_user has 20 seconds left.
|inactive|wideguard_user has 15 seconds left.
|
|t:|1756074096
|move|p1a: Gholdengo|Shadow Ball|p2a: Magmar
|-supereffective|p2a: Magmar
|-damage|p2a: Magmar|21/100
|-damage|p1a: Gholdengo|81/100|[from] item: Life Orb
|move|p2b: Dragonite|Scale Shot|p1a: Gholdengo
|-resisted|p1a: Gholdengo
|-damage|p1a: Gholdengo|71/100
|-resisted|p1a: Gholdengo
|-damage|p1a: Gholdengo|63/100
|-resisted|p1a: Gholdengo
|-damage|p1a: Gholdengo|55/100
|-resisted|p1a: Gholdengo
|-damage|p1a: Gholdengo|47/100
|-hitcount|p1a: Gholdengo|4
|-unboost|p2b: Dragonite|def|1
|-boost|p2b: Dragonite|spe|1
|move|p1b: Ursaluna|Blood Moon|p2b: Dragonite
|-damage|p2b: Dragonite|7/100 psn
|move|p2a: Magmar|Overheat|p1a: Gholdengo
|-supereffective|p1a: Gholdengo
|-damage|p1a: Gholdengo|0 fnt
|-unboost|p2a: Magmar|spa|2
|faint|p1a: Gholdengo
|
|-weather|none
|-damage|p2b: Dragonite|0 fnt|[from] psn
|faint|p2b: Dragonite
|upkeep
|
|t:|1756074119
|switch|p2b: Annihilape|Annihilape, L50, M|39/100
|turn|6
|
|t:|1756074138
|move|p2a: Magmar|Follow Me|p2a: Magmar
|-singleturn|p2a: Magmar|move: Follow Me
|move|p1b: Ursaluna|Hyper Voice|p2a: Magmar|[spread] p2a,p2b
|-damage|p2a: Magmar|0 fnt
|-damage|p2b: Annihilape|17/100
|faint|p2a: Magmar
|move|p2b: Annihilape|Bulk Up|p2b: Annihilape
|-boost|p2b: Annihilape|atk|1
|-boost|p2b: Annihilape|def|1
|
|upkeep
|turn|7
|
|t:|1756074161
|move|p2b: Annihilape|Protect|p2b: Annihilape
|-singleturn|p2b: Annihilape|Protect
|move|p1b: Ursaluna|Earth Power|p2b: Annihilape
|-activate|p2b: Annihilape|move: Protect
|
|-sideend|p1: wideguard_user|move: Tailwind
|upkeep
|turn|8
|
|t:|1756074168
|move|p2b: Annihilape|Drain Punch|p1b: Ursaluna
|-supereffective|p1b: Ursaluna
|-damage|p1b: Ursaluna|36/100
|-heal|p2b: Annihilape|50/100|[from] drain|[of] p1b: Ursaluna
|move|p1b: Ursaluna|Blood Moon|p2b: Annihilape
|-damage|p2b: Annihilape|1/100
|
|-sideend|p2: Money03|move: Aurora Veil
|upkeep
|turn|9
|
|t:|1756074179
|move|p1b: Ursaluna|Vacuum Wave|p2b: Annihilape
|-damage|p2b: Annihilape|0 fnt
|faint|p2b: Annihilape
|
|win|wideguard_user
|raw|wideguard_user's rating: 1210 → 1240(+30 for winning)
|raw|Money03's rating: 1283 → 1253(-30 for losing)
|c|☆wideguard_user|ggwp
|l|☆Money03
|player|p2|
|l|☆wideguard_user
|player|p1|
|j|☆wideguard_user
|player|p1|wideguard_user|2|
