|j|☆colemarcusvgc
|j|☆Quaz Tha Kid
|html|colemarcusvgcQuaz Tha Kid    
|uhtml|bestof|Game 2 of a best-of-3
|t:|1756791473
|gametype|doubles
|player|p1|colemarcusvgc|n|1094
|player|p2|Quaz Tha Kid|101|1086
|gen|9
|tier|[Gen 9] VGC 2025 Reg H (Bo3)
|rated|
|rule|Species Clause: Limit one of each Pokémon
|rule|Item Clause: Limit 1 of each item
|clearpoke
|poke|p1|Indeedee-F, L50, F|
|poke|p1|Hatterene, L50, F|
|poke|p1|Gallade, L50, M|
|poke|p1|Ursaluna, L50, M|
|poke|p1|Lilligant-Hisui, L50, F|
|poke|p1|Torkoal, L50, M|
|poke|p2|Gholdengo, L50|
|poke|p2|Amoonguss, L50, M|
|poke|p2|Basculegion, L50, M|
|poke|p2|Pelipper, L50, M|
|poke|p2|Incineroar, L50, M|
|poke|p2|Archaludon, L50, F|
|teampreview|4
|showteam|p1|Indeedee-F||PsychicSeed|PsychicSurge|TrickRoom,FollowMe,HelpingHand,DazzlingGleam|||F|||50|,,,,,Fire]Hatterene||LifeOrb|MagicBounce|ExpandingForce,TrickRoom,DazzlingGleam,Protect|||F|||50|,,,,,Psychic]Gallade||ClearAmulet|Sharpness|PsychoCut,TrickRoom,SacredSword,WideGuard|||M|||50|,,,,,Grass]Ursaluna||FlameOrb|Guts|HeadlongRush,Facade,SwordsDance,Protect|||M|||50|,,,,,Ghost]Lilligant-Hisui||FocusSash|Chlorophyll|SolarBlade,SleepPowder,CloseCombat,AfterYou|||F|||50|,,,,,Ghost]Torkoal||ChoiceSpecs|Drought|Eruption,HeatWave,WeatherBall,EarthPower|||M|||50|,,,,,Fire
|showteam|p2|Gholdengo||LifeOrb|GoodasGold|MakeItRain,ShadowBall,NastyPlot,Protect||||||50|,,,,,Water]Amoonguss||SitrusBerry|Regenerator|Spore,RagePowder,PollenPuff,Protect|||M|||50|,,,,,Psychic]Basculegion||ChoiceBand|SwiftSwim|WaveCrash,FlipTurn,LastRespects,AquaJet|||M|||50|,,,,,Water]Pelipper||FocusSash|Drizzle|WeatherBall,Hurricane,Tailwind,Protect|||M|||50|,,,,,Ground]Incineroar||SafetyGoggles|Intimidate|FlareBlitz,KnockOff,PartingShot,FakeOut|||M|||50|,,,,,Ghost]Archaludon||AssaultVest|Stamina|ElectroShot,FlashCannon,DracoMeteor,BodyPress|||F|||50|,,,,,Bug
|inactive|Battle timer is ON: inactive players will automatically lose when time's up. (requested by Quaz Tha Kid)
|
|t:|1756791498
|teamsize|p1|4
|teamsize|p2|4
|start
|switch|p1a: Indeedee|Indeedee-F, L50, F|100/100
|switch|p1b: Gallade|Gallade, L50, M, shiny|100/100
|switch|p2a: Amoonguss|Amoonguss, L50, M|100/100
|switch|p2b: Gholdengo|Gholdengo, L50|100/100
|-fieldstart|move: Psychic Terrain|[from] ability: Psychic Surge|[of] p1a: Indeedee
|-enditem|p1a: Indeedee|Psychic Seed
|-boost|p1a: Indeedee|spd|1|[from] item: Psychic Seed
|turn|1
|
|t:|1756791512
|-terastallize|p2a: Amoonguss|Psychic
|move|p1a: Indeedee|Follow Me|p1a: Indeedee
|-singleturn|p1a: Indeedee|move: Follow Me
|move|p2b: Gholdengo|Make It Rain|p1b: Gallade|[spread] p1a,p1b
|-damage|p1a: Indeedee|61/100
|-damage|p1b: Gallade|42/100
|-unboost|p2b: Gholdengo|spa|1
|-damage|p2b: Gholdengo|91/100|[from] item: Life Orb
|move|p2a: Amoonguss|Spore|p1a: Indeedee
|-status|p1a: Indeedee|slp|[from] move: Spore
|move|p1b: Gallade|Trick Room|p1b: Gallade
|-fieldstart|move: Trick Room|[of] p1b: Gallade
|
|upkeep
|turn|2
|
|t:|1756791532
|switch|p1a: Lilligant|Lilligant-Hisui, L50, F|100/100
|move|p1b: Gallade|Wide Guard|p1b: Gallade
|-singleturn|p1b: Gallade|Wide Guard
|move|p2a: Amoonguss|Pollen Puff|p1b: Gallade
|-damage|p1b: Gallade|26/100
|move|p2b: Gholdengo|Make It Rain|p1a: Lilligant|[spread] 
|-activate|p1a: Lilligant|move: Wide Guard
|-activate|p1b: Gallade|move: Wide Guard
|
|upkeep
|turn|3
|
|t:|1756791555
|switch|p2a: Incineroar|Incineroar, L50, M|100/100
|-ability|p2a: Incineroar|Intimidate|boost
|-unboost|p1a: Lilligant|atk|1
|-fail|p1b: Gallade|unboost|[from] item: Clear Amulet|[of] p1b: Gallade
|move|p1b: Gallade|Psycho Cut|p2a: Incineroar
|-immune|p2a: Incineroar
|move|p2b: Gholdengo|Make It Rain|p1a: Lilligant|[spread] p1a,p1b
|-damage|p1a: Lilligant|39/100
|-damage|p1b: Gallade|0 fnt
|-unboost|p2b: Gholdengo|spa|1
|faint|p1b: Gallade
|-damage|p2b: Gholdengo|82/100|[from] item: Life Orb
|move|p1a: Lilligant|Solar Blade||[still]
|-prepare|p1a: Lilligant|Solar Blade
|
|upkeep
|
|t:|1756791571
|switch|p1b: Torkoal|Torkoal, L50, M|100/100
|-weather|SunnyDay|[from] ability: Drought|[of] p1b: Torkoal
|turn|4
|
|t:|1756791579
|switch|p2b: Pelipper|Pelipper, L50, M|100/100
|-weather|RainDance|[from] ability: Drizzle|[of] p2b: Pelipper
|move|p1b: Torkoal|Eruption|p2b: Pelipper|[spread] p2a,p2b
|-resisted|p2a: Incineroar
|-resisted|p2b: Pelipper
|-crit|p2b: Pelipper
|-damage|p2a: Incineroar|86/100
|-damage|p2b: Pelipper|57/100
|move|p2a: Incineroar|Flare Blitz|p1a: Lilligant
|-supereffective|p1a: Lilligant
|-crit|p1a: Lilligant
|-damage|p1a: Lilligant|0 fnt
|faint|p1a: Lilligant
|-damage|p2a: Incineroar|77/100|[from] Recoil
|
|-weather|RainDance|[upkeep]
|upkeep
|
|t:|1756791593
|switch|p1a: Indeedee|Indeedee-F, L50, F|61/100 slp
|turn|5
|
|t:|1756791597
|move|p2b: Pelipper|Protect|p2b: Pelipper
|-singleturn|p2b: Pelipper|Protect
|cant|p1a: Indeedee|slp
|move|p1b: Torkoal|Eruption|p2a: Incineroar|[spread] p2a
|-activate|p2b: Pelipper|move: Protect
|-resisted|p2a: Incineroar
|-damage|p2a: Incineroar|60/100
|move|p2a: Incineroar|Knock Off|p1a: Indeedee
|-supereffective|p1a: Indeedee
|-damage|p1a: Indeedee|7/100 slp
|
|-weather|RainDance|[upkeep]
|-fieldend|move: Trick Room
|-fieldend|move: Psychic Terrain
|upkeep
|turn|6
|
|t:|1756791610
|-curestatus|p1a: Indeedee|slp|[msg]
|move|p1a: Indeedee|Follow Me|p1a: Indeedee
|-singleturn|p1a: Indeedee|move: Follow Me
|move|p2b: Pelipper|Weather Ball|p1a: Indeedee
|-crit|p1a: Indeedee
|-damage|p1a: Indeedee|0 fnt
|faint|p1a: Indeedee
|move|p2a: Incineroar|Knock Off|p1b: Torkoal
|-damage|p1b: Torkoal|68/100
|-enditem|p1b: Torkoal|Choice Specs|[from] move: Knock Off|[of] p2a: Incineroar
|move|p1b: Torkoal|Eruption|p2b: Pelipper|[spread] p2a,p2b
|-resisted|p2a: Incineroar
|-resisted|p2b: Pelipper
|-damage|p2a: Incineroar|53/100
|-damage|p2b: Pelipper|44/100
|
|-weather|RainDance|[upkeep]
|upkeep
|turn|7
|
|t:|1756791626
|move|p2b: Pelipper|Weather Ball|p1b: Torkoal
|-supereffective|p1b: Torkoal
|-damage|p1b: Torkoal|0 fnt
|faint|p1b: Torkoal
|
|win|Quaz Tha Kid
|raw|colemarcusvgc's rating: 1094 → 1069(-25 for losing)
|raw|Quaz Tha Kid's rating: 1086 → 1114(+28 for winning)
|c|☆colemarcusvgc|gg!
