|j|☆Test13974682
|j|☆p1ch1pichi
|html|Test13974682p1ch1pichi    
|uhtml|bestof|Game 2 of a best-of-3
|t:|1785156864
|gametype|doubles
|player|p1|Test13974682|266|1200
|player|p2|p1ch1pichi|n|1164
|gen|9
|tier|[Gen 9 Champions] VGC 2026 Reg M-B (Bo3)
|rated|
|rule|Species Clause: Limit one of each Pokémon
|rule|Item Clause: Limit 1 of each item
|clearpoke
|poke|p1|Raichu, L50, M|
|poke|p1|Farigiraf, L50, F|
|poke|p1|Arcanine-Hisui, L50, F|
|poke|p1|Sylveon, L50, F|
|poke|p1|Whimsicott, L50, M|
|poke|p1|Staraptor, L50, M|
|poke|p2|Raichu, L50, M, shiny|
|poke|p2|Meganium, L50, M, shiny|
|poke|p2|Pelipper, L50, M|
|poke|p2|Archaludon, L50, M|
|poke|p2|Sableye, L50, M|
|poke|p2|Basculegion, L50, M|
|teampreview|4
|showteam|p1|Raichu||RaichuniteY|LightningRod|ZapCannon,FocusBlast,FakeOut,Protect|Timid||M|||50|]Farigiraf||SitrusBerry|ArmorTail|PsychicFangs,Thunderbolt,HelpingHand,TrickRoom|Relaxed||F|||50|]Arcanine-Hisui||LifeOrb|RockHead|FlareBlitz,HeadSmash,ExtremeSpeed,Protect|Adamant||F|||50|]Sylveon||FairyFeather|Pixilate|HyperVoice,HyperBeam,QuickAttack,Detect|Modest||F|||50|]Whimsicott||FocusSash|Prankster|Moonblast,Tailwind,Charm,Protect|Timid||M|||50|]Staraptor||Staraptite|Intimidate|CloseCombat,BraveBird,Roost,Protect|Jolly||M|||50|
|showteam|p2|Raichu||RaichuniteX|LightningRod|Protect,FakeOut,VoltSwitch,RisingVoltage|Timid||M|||50|]Meganium||Meganiumite|Overgrow|Protect,SolarBeam,WeatherBall,DazzlingGleam|Modest||M|||50|]Pelipper||FocusSash|Drizzle|Soak,Tailwind,Hurricane,WeatherBall|Timid||M|||50|]Archaludon||Leftovers|Stamina|ElectroShot,FlashCannon,DracoMeteor,Protect|Modest||M|||50|]Sableye||RoseliBerry|Prankster|Quash,Reflect,LightScreen,RainDance|Bold||M|||50|]Basculegion||ChoiceScarf|Adaptability|FlipTurn,WaveCrash,AquaJet,LastRespects|Jolly||M|||50|
|inactive|Battle timer is ON: inactive players will automatically lose when time's up. (requested by p1ch1pichi)
|inactive|Test13974682 has 60 seconds left.
|inactive|Test13974682 has 30 seconds left.
|
|t:|1785156933
|teamsize|p1|4
|teamsize|p2|4
|start
|switch|p1a: Raichu|Raichu, L50, M|100/100
|switch|p1b: Whimsicott|Whimsicott, L50, M|100/100
|switch|p2a: G4MER67|Sableye, L50, M|100/100
|switch|p2b: High Tide|Basculegion, L50, M|100/100
|turn|1
|
|t:|1785156955
|switch|p1a: Farigiraf|Farigiraf, L50, F|100/100
|move|p2a: G4MER67|Light Screen|p2a: G4MER67
|-sidestart|p2: p1ch1pichi|move: Light Screen
|move|p2b: High Tide|Wave Crash|p1a: Farigiraf
|-damage|p1a: Farigiraf|41/100
|-enditem|p1a: Farigiraf|Sitrus Berry|[eat]
|-heal|p1a: Farigiraf|66/100|[from] item: Sitrus Berry
|-damage|p2b: High Tide|78/100|[from] Recoil
|move|p1b: Whimsicott|Moonblast|p2a: G4MER67
|-supereffective|p2a: G4MER67|1
|-enditem|p2a: G4MER67|Roseli Berry|[eat]
|-enditem|p2a: G4MER67|Roseli Berry|[weaken]
|-damage|p2a: G4MER67|68/100
|
|upkeep
|turn|2
|inactive|Test13974682 has 30 seconds left.
|inactive|Test13974682 has 20 seconds left.
|
|t:|1785156991
|switch|p1b: Sylveon|Sylveon, L50, F|100/100
|move|p2a: G4MER67|Rain Dance|p2a: G4MER67
|-weather|RainDance
|move|p2b: High Tide|Wave Crash|p1a: Farigiraf
|-damage|p1a: Farigiraf|0 fnt
|faint|p1a: Farigiraf
|-damage|p2b: High Tide|54/100|[from] Recoil
|
|-weather|RainDance|[upkeep]
|upkeep
|
|t:|1785157003
|switch|p1a: Whimsicott|Whimsicott, L50, M|100/100
|turn|3
|inactive|p1ch1pichi has 30 seconds left.
|
|t:|1785157035
|switch|p2a: Bougainville|Meganium, L50, M, shiny|100/100
|move|p1b: Sylveon|Detect|p1b: Sylveon
|-singleturn|p1b: Sylveon|Protect
|move|p2b: High Tide|Wave Crash|p1b: Sylveon
|-activate|p1b: Sylveon|move: Protect
|move|p1a: Whimsicott|Moonblast|p2b: High Tide
|-damage|p2b: High Tide|29/100
|
|-weather|RainDance|[upkeep]
|upkeep
|turn|4
|
|t:|1785157053
|detailschange|p2a: Bougainville|Meganium-Mega, L50, M, shiny
|-mega|p2a: Bougainville|Meganium|Meganiumite
|move|p1a: Whimsicott|Charm|p2b: High Tide
|-unboost|p2b: High Tide|atk|2
|move|p2b: High Tide|Wave Crash|p1b: Sylveon
|-damage|p1b: Sylveon|36/100
|-damage|p2b: High Tide|8/100|[from] Recoil
|move|p2a: Bougainville|Weather Ball|p1a: Whimsicott
|-supereffective|p1a: Whimsicott|1
|-enditem|p1a: Whimsicott|Focus Sash
|-damage|p1a: Whimsicott|1/100
|move|p1b: Sylveon|Hyper Voice|p2b: High Tide|[spread] p2a,p2b
|-damage|p2a: Bougainville|73/100
|-damage|p2b: High Tide|0 fnt
|faint|p2b: High Tide
|
|-weather|RainDance|[upkeep]
|upkeep
|
|t:|1785157069
|switch|p2b: Hikaru|Raichu, L50, M, shiny|100/100
|turn|5
|
|t:|1785157080
|move|p1a: Whimsicott|Protect|p1a: Whimsicott
|-singleturn|p1a: Whimsicott|Protect
|move|p1b: Sylveon|Detect|p1b: Sylveon
|-singleturn|p1b: Sylveon|Protect
|move|p2b: Hikaru|Fake Out|p1a: Whimsicott
|-activate|p1a: Whimsicott|move: Protect
|move|p2a: Bougainville|Solar Beam||[still]
|-prepare|p2a: Bougainville|Solar Beam
|-activate|p2a: Bougainville|ability: Mega Sol
|-anim|p2a: Bougainville|Solar Beam|p1b: Sylveon
|-activate|p1b: Sylveon|move: Protect
|
|-weather|RainDance|[upkeep]
|-sideend|p2: p1ch1pichi|move: Light Screen
|upkeep
|turn|6
|inactive|Test13974682 has 30 seconds left.
|
|t:|1785157114
|move|p1a: Whimsicott|Tailwind|p1a: Whimsicott
|-sidestart|p1: Test13974682|move: Tailwind
|move|p2b: Hikaru|Volt Switch|p1a: Whimsicott
|-resisted|p1a: Whimsicott|1
|-damage|p1a: Whimsicott|0 fnt
|faint|p1a: Whimsicott
|
|t:|1785157124
|switch|p2b: G4MER67|Sableye, L50, M|68/100|[from] Volt Switch
|move|p1b: Sylveon|Hyper Beam|p2a: Bougainville
|-damage|p2a: Bougainville|0 fnt
|-mustrecharge|p1b: Sylveon
|faint|p2a: Bougainville
|
|-weather|none
|upkeep
|
|t:|1785157133
|switch|p1a: Raichu|Raichu, L50, M|100/100
|switch|p2a: Hikaru|Raichu, L50, M, shiny|100/100
|turn|7
|
|t:|1785157149
|move|p2a: Hikaru|Fake Out|p1a: Raichu
|-damage|p1a: Raichu|84/100
|move|p2b: G4MER67|Light Screen|p2b: G4MER67
|-sidestart|p2: p1ch1pichi|move: Light Screen
|cant|p1a: Raichu|flinch
|cant|p1b: Sylveon|recharge
|
|upkeep
|turn|8
|
|t:|1785157165
|move|p2b: G4MER67|Quash|p1a: Raichu
|-activate|p1a: Raichu|move: Quash
|move|p2a: Hikaru|Rising Voltage|p1a: Raichu
|-activate|p1a: Raichu|ability: Lightning Rod
|-ability|p1a: Raichu|Lightning Rod|boost
|-boost|p1a: Raichu|spa|1
|move|p1b: Sylveon|Hyper Voice|p2a: Hikaru|[spread] p2a,p2b
|-supereffective|p2b: G4MER67|1
|-damage|p2a: Hikaru|63/100
|-damage|p2b: G4MER67|0 fnt
|faint|p2b: G4MER67
|move|p1a: Raichu|Focus Blast|p2a: Hikaru
|-damage|p2a: Hikaru|24/100
|
|upkeep
|turn|9
|-message|p1ch1pichi forfeited.
|
|win|Test13974682
|raw|Test13974682's rating: 1200 → 1222(+22 for winning)
|raw|p1ch1pichi's rating: 1164 → 1142(-22 for losing)
|l|☆Test13974682
|player|p1|
