|j|☆qDuxs
|j|☆PushCross4667
|html|qDuxsPushCross4667    
|uhtml|bestof|Game 1 of a best-of-3
|t:|1785270530
|gametype|doubles
|player|p1|qDuxs|1|
|player|p2|PushCross4667|lucas-gen4pt|
|gen|9
|tier|[Gen 9 Champions] VGC 2026 Reg M-B (Bo3)
|rule|Species Clause: Limit one of each Pokémon
|rule|Item Clause: Limit 1 of each item
|clearpoke
|poke|p1|Zoroark-Hisui, L50, M, shiny|
|poke|p1|Whimsicott, L50, F|
|poke|p1|Leafeon, L50, M|
|poke|p1|Aerodactyl, L50, M|
|poke|p1|Ampharos, L50, F, shiny|
|poke|p1|Basculegion, L50, M|
|poke|p2|Basculegion, L50, M|
|poke|p2|Archaludon, L50, F|
|poke|p2|Pelipper, L50, F|
|poke|p2|Swampert, L50, F|
|poke|p2|Whimsicott, L50, M|
|poke|p2|Kingambit, L50, M|
|teampreview|4
|showteam|p1|Zoroark-Hisui||LifeOrb|Illusion|BitterMalice,Flamethrower,Protect,NastyPlot|Modest||M|||50|]Whimsicott||FocusSash|Prankster|Tailwind,Protect,Taunt,Moonblast|Bold||F|||50|]Leafeon||OccaBerry|Chlorophyll|RainDance,SunnyDay,SolarBlade,Yawn|Jolly||M|||50|]Aerodactyl||Aerodactylite|Unnerve|DualWingbeat,DragonDance,RockSlide,Protect|Adamant||M|||50|]Ampharos||Ampharosite|Static|DazzlingGleam,DragonPulse,Thunderbolt,Protect|Timid||F|||50|]Basculegion||ExpertBelt|SwiftSwim|LastRespects,AquaJet,Waterfall,FlipTurn|Adamant||M|||50|
|showteam|p2|Basculegion||LifeOrb|SwiftSwim|LastRespects,Protect,Waterfall,AquaJet|Adamant||M|||50|]Archaludon||SitrusBerry|Stamina|AuraSphere,ElectroShot,FlashCannon,Protect|Modest||F|||50|]Pelipper||DampRock|Drizzle|Hurricane,WeatherBall,Uturn,Protect|Timid||F|||50|]Swampert||Swampertite|Torrent|HighHorsepower,Protect,WaveCrash,IcePunch|Adamant||F|||50|]Whimsicott||FocusSash|Prankster|WorrySeed,Moonblast,EnergyBall,Tailwind|Modest||M|||50|]Kingambit||BlackGlasses|SupremeOverlord|IronHead,KowtowCleave,Protect,SuckerPunch|Adamant||M|||50|
|c|☆PushCross4667|fym "Hello"
|inactive|Battle timer is ON: inactive players will automatically lose when time's up. (requested by PushCross4667)
|
|t:|1785270595
|teamsize|p1|4
|teamsize|p2|4
|start
|switch|p1a: Leafeon|Leafeon, L50, M|100/100
|switch|p1b: Whimsicott|Whimsicott, L50, F|100/100
|switch|p2a: Pelipper|Pelipper, L50, F|100/100
|switch|p2b: Archaludon|Archaludon, L50, F|100/100
|-weather|RainDance|[from] ability: Drizzle|[of] p2a: Pelipper
|turn|1
|inactive|qDuxs has 30 seconds left.
|inactive|PushCross4667 has 30 seconds left.
|
|t:|1785270630
|switch|p1a: Ampharos|Ampharos, L50, F, shiny|100/100
|move|p1b: Whimsicott|Taunt|p2a: Pelipper
|-start|p2a: Pelipper|move: Taunt
|move|p2a: Pelipper|Hurricane|p1b: Whimsicott
|-supereffective|p1b: Whimsicott|1
|-enditem|p1b: Whimsicott|Focus Sash
|-damage|p1b: Whimsicott|1/100
|move|p2b: Archaludon|Flash Cannon|p1b: Whimsicott
|-supereffective|p1b: Whimsicott|1
|-damage|p1b: Whimsicott|0 fnt
|faint|p1b: Whimsicott
|
|-weather|RainDance|[upkeep]
|upkeep
|
|t:|1785270647
|switch|p1b: Leafeon|Leafeon, L50, M|100/100
|turn|2
|j| soulmoonvgc
|inactive|qDuxs has 30 seconds left.
|
|t:|1785270678
|detailschange|p1a: Ampharos|Ampharos-Mega, L50, F, shiny
|-mega|p1a: Ampharos|Ampharos|Ampharosite
|-ability|p1a: Ampharos|Mold Breaker
|move|p1b: Leafeon|Sunny Day|p1b: Leafeon
|-weather|SunnyDay
|move|p2a: Pelipper|Hurricane|p1b: Leafeon|[miss]
|-miss|p2a: Pelipper|p1b: Leafeon
|move|p1a: Ampharos|Thunderbolt|p2a: Pelipper
|-supereffective|p2a: Pelipper|2
|-damage|p2a: Pelipper|0 fnt
|faint|p2a: Pelipper
|move|p2b: Archaludon|Aura Sphere|p1a: Ampharos
|-damage|p1a: Ampharos|71/100
|
|-weather|SunnyDay|[upkeep]
|upkeep
|
|t:|1785270699
|switch|p2a: Kingambit|Kingambit, L50, M|100/100
|-activate|p2a: Kingambit|ability: Supreme Overlord
|-start|p2a: Kingambit|fallen1|[silent]
|turn|3
|
|t:|1785270715
|move|p1a: Ampharos|Protect|p1a: Ampharos
|-singleturn|p1a: Ampharos|Protect
|move|p1b: Leafeon|Yawn|p2b: Archaludon
|-start|p2b: Archaludon|move: Yawn|[of] p1b: Leafeon
|move|p2b: Archaludon|Aura Sphere|p1a: Ampharos
|-activate|p1a: Ampharos|move: Protect
|move|p2a: Kingambit|Kowtow Cleave|p1b: Leafeon
|-damage|p1b: Leafeon|44/100
|
|-weather|SunnyDay|[upkeep]
|upkeep
|turn|4
|inactive|qDuxs has 30 seconds left.
|inactive|PushCross4667 has 30 seconds left.
|
|t:|1785270743
|move|p2b: Archaludon|Protect|p2b: Archaludon
|-singleturn|p2b: Archaludon|Protect
|move|p1b: Leafeon|Yawn|p2a: Kingambit
|-start|p2a: Kingambit|move: Yawn|[of] p1b: Leafeon
|move|p1a: Ampharos|Thunderbolt|p2a: Kingambit
|-crit|p2a: Kingambit
|-damage|p2a: Kingambit|25/100
|move|p2a: Kingambit|Kowtow Cleave|p1b: Leafeon
|-damage|p1b: Leafeon|0 fnt
|faint|p1b: Leafeon
|
|-weather|SunnyDay|[upkeep]
|-end|p2b: Archaludon|move: Yawn|[silent]
|-status|p2b: Archaludon|slp
|upkeep
|
|t:|1785270754
|switch|p1b: Zoroark|Zoroark-Hisui, L50, M, shiny|100/100
|turn|5
|
|t:|1785270772
|move|p2a: Kingambit|Sucker Punch||[still]
|-fail|p2a: Kingambit
|move|p1b: Zoroark|Nasty Plot|p1b: Zoroark
|-boost|p1b: Zoroark|spa|2
|move|p1a: Ampharos|Thunderbolt|p2a: Kingambit
|-damage|p2a: Kingambit|0 fnt
|faint|p2a: Kingambit
|-end|p2a: Kingambit|fallen1|[silent]
|cant|p2b: Archaludon|slp
|
|-weather|SunnyDay|[upkeep]
|upkeep
|
|t:|1785270783
|switch|p2a: Swampert|Swampert, L50, F|100/100
|turn|6
|
|t:|1785270798
|detailschange|p2a: Swampert|Swampert-Mega, L50, F
|-mega|p2a: Swampert|Swampert|Swampertite
|move|p1b: Zoroark|Bitter Malice|p2a: Swampert
|-damage|p2a: Swampert|0 fnt
|faint|p2a: Swampert
|-damage|p1b: Zoroark|90/100|[from] item: Life Orb
|move|p1a: Ampharos|Dragon Pulse|p2b: Archaludon
|-damage|p2b: Archaludon|38/100 slp
|-ability|p2b: Archaludon|Stamina|boost
|-boost|p2b: Archaludon|def|1
|-enditem|p2b: Archaludon|Sitrus Berry|[eat]
|-heal|p2b: Archaludon|63/100 slp|[from] item: Sitrus Berry
|-curestatus|p2b: Archaludon|slp|[msg]
|move|p2b: Archaludon|Flash Cannon|p1b: Zoroark
|-damage|p1b: Zoroark|8/100
|
|-weather|none
|upkeep
|turn|7
|
|t:|1785270823
|move|p1b: Zoroark|Flamethrower|p2b: Archaludon
|-damage|p2b: Archaludon|0 fnt
|faint|p2b: Archaludon
|-damage|p1b: Zoroark|0 fnt|[from] item: Life Orb
|faint|p1b: Zoroark
|
|win|qDuxs
