|j|☆ThierryVGC
|j|☆MudkipC4
|html|ThierryVGCMudkipC4    
|uhtml|bestof|Game 2 of a best-of-3
|t:|1756260679
|gametype|doubles
|player|p1|ThierryVGC|1|1157
|player|p2|MudkipC4|norman|1305
|gen|9
|tier|[Gen 9] VGC 2025 Reg H (Bo3)
|rated|
|rule|Species Clause: Limit one of each Pokémon
|rule|Item Clause: Limit 1 of each item
|clearpoke
|poke|p1|Ursaluna, L50, F|
|poke|p1|Porygon2, L50|
|poke|p1|Incineroar, L50, F|
|poke|p1|Amoonguss, L50, F|
|poke|p1|Maushold-Four, L50|
|poke|p1|Gholdengo, L50|
|poke|p2|Incineroar, L50, M|
|poke|p2|Garchomp, L50, M|
|poke|p2|Talonflame, L50, F|
|poke|p2|Tyranitar, L50, F|
|poke|p2|Gothitelle, L50, F|
|poke|p2|Gholdengo, L50|
|teampreview|4
|showteam|p1|Ursaluna||FlameOrb|Guts|Facade,Earthquake,HeadlongRush,Protect|||F|||50|,,,,,Ghost]Porygon2||Eviolite|Trace|TrickRoom,Recover,TriAttack,Thunderbolt||||||50|,,,,,Electric]Incineroar||SafetyGoggles|Intimidate|KnockOff,FlareBlitz,PartingShot,FakeOut|||F|||50|,,,,,Ghost]Amoonguss||CovertCloak|Regenerator|Spore,RagePowder,ClearSmog,PollenPuff|||F|||50|,,,,,Water]Maushold-Four||FocusSash|Technician|PopulationBomb,Taunt,FollowMe,Protect||||||50|,,,,,Ghost]Gholdengo||LifeOrb|GoodasGold|ShadowBall,MakeItRain,NastyPlot,Protect||||||50|,,,,,Water
|showteam|p2|Incineroar||RockyHelmet|Intimidate|FakeOut,KnockOff,FlareBlitz,PartingShot|||M|||50|,,,,,Grass]Garchomp||ClearAmulet|SandVeil|SwordsDance,Protect,Earthquake,DragonClaw|||M|||50|,,,,,Ground]Talonflame||SafetyGoggles|GaleWings|Tailwind,BraveBird,WillOWisp,QuickGuard|||F|||50|,,,,,Ghost]Tyranitar||AssaultVest|SandStream|RockSlide,KnockOff,LowKick,TeraBlast|||F|||50|,,,,,Flying]Gothitelle||SitrusBerry|ShadowTag|FakeOut,Psychic,Taunt,Protect|||F|||50|,,,,,Grass]Gholdengo||Leftovers|GoodasGold|NastyPlot,MakeItRain,ShadowBall,Protect||||||50|,,,,,Steel
|inactive|Battle timer is ON: inactive players will automatically lose when time's up. (requested by MudkipC4)
|
|t:|1756260692
|teamsize|p1|4
|teamsize|p2|4
|start
|switch|p1a: Gholdengo|Gholdengo, L50|100/100
|switch|p1b: Incineroar|Incineroar, L50, F|100/100
|switch|p2a: MegaTar|Tyranitar, L50, F, shiny|100/100
|switch|p2b: Lumberchomp|Garchomp, L50, M|100/100
|-weather|Sandstorm|[from] ability: Sand Stream|[of] p2a: MegaTar
|-ability|p1b: Incineroar|Intimidate|boost
|-unboost|p2a: MegaTar|atk|1
|-fail|p2b: Lumberchomp|unboost|[from] item: Clear Amulet|[of] p2b: Lumberchomp
|turn|1
|
|t:|1756260715
|-terastallize|p1a: Gholdengo|Water
|-terastallize|p2a: MegaTar|Flying
|move|p1b: Incineroar|Fake Out|p2a: MegaTar
|-damage|p2a: MegaTar|91/100
|move|p2b: Lumberchomp|Earthquake|p1b: Incineroar|[spread] p1a,p1b
|-immune|p2a: MegaTar
|-crit|p1a: Gholdengo
|-supereffective|p1b: Incineroar
|-damage|p1a: Gholdengo|47/100
|-damage|p1b: Incineroar|20/100
|move|p1a: Gholdengo|Nasty Plot|p1a: Gholdengo
|-boost|p1a: Gholdengo|spa|2
|cant|p2a: MegaTar|flinch
|
|-weather|Sandstorm|[upkeep]
|-damage|p1a: Gholdengo|41/100|[from] Sandstorm
|-damage|p2a: MegaTar|85/100|[from] Sandstorm
|upkeep
|turn|2
|
|t:|1756260733
|switch|p1b: Porygon2|Porygon2, L50|100/100
|-ability|p1b: Porygon2|Sand Veil|Trace|[from] ability: Trace|[of] p2b: Lumberchomp
|move|p1a: Gholdengo|Protect|p1a: Gholdengo
|-singleturn|p1a: Gholdengo|Protect
|move|p2b: Lumberchomp|Earthquake|p1b: Porygon2|[spread] p1b
|-activate|p1a: Gholdengo|move: Protect
|-immune|p2a: MegaTar
|-damage|p1b: Porygon2|75/100
|move|p2a: MegaTar|Knock Off|p1a: Gholdengo
|-activate|p1a: Gholdengo|move: Protect
|
|-weather|Sandstorm|[upkeep]
|-damage|p1a: Gholdengo|35/100|[from] Sandstorm
|-damage|p2a: MegaTar|80/100|[from] Sandstorm
|upkeep
|turn|3
|
|t:|1756260746
|move|p1a: Gholdengo|Protect||[still]
|-fail|p1a: Gholdengo
|move|p2b: Lumberchomp|Earthquake|p1b: Porygon2|[spread] p1a,p1b
|-immune|p2a: MegaTar
|-damage|p1a: Gholdengo|0 fnt
|-damage|p1b: Porygon2|54/100
|faint|p1a: Gholdengo
|move|p2a: MegaTar|Low Kick|p1b: Porygon2|[miss]
|-miss|p2a: MegaTar|p1b: Porygon2
|move|p1b: Porygon2|Trick Room|p1b: Porygon2
|-fieldstart|move: Trick Room|[of] p1b: Porygon2
|
|-weather|Sandstorm|[upkeep]
|-damage|p2a: MegaTar|74/100|[from] Sandstorm
|upkeep
|
|t:|1756260751
|switch|p1a: Ursaluna|Ursaluna, L50, F|100/100
|turn|4
|
|t:|1756260759
|switch|p2b: MiniRoar|Incineroar, L50, M|100/100
|-ability|p2b: MiniRoar|Intimidate|boost
|-unboost|p1a: Ursaluna|atk|1
|-unboost|p1b: Porygon2|atk|1
|move|p1a: Ursaluna|Protect|p1a: Ursaluna
|-singleturn|p1a: Ursaluna|Protect
|move|p1b: Porygon2|Recover|p1b: Porygon2
|-heal|p1b: Porygon2|100/100
|move|p2a: MegaTar|Knock Off|p1a: Ursaluna
|-activate|p1a: Ursaluna|move: Protect
|
|-weather|Sandstorm|[upkeep]
|-damage|p2b: MiniRoar|95/100|[from] Sandstorm
|-damage|p2a: MegaTar|68/100|[from] Sandstorm
|-status|p1a: Ursaluna|brn|[from] item: Flame Orb
|upkeep
|turn|5
|
|t:|1756260772
|switch|p1b: Incineroar|Incineroar, L50, F|20/100
|-ability|p1b: Incineroar|Intimidate|boost
|-unboost|p2a: MegaTar|atk|1
|-unboost|p2b: MiniRoar|atk|1
|move|p2b: MiniRoar|Fake Out|p1a: Ursaluna
|-damage|p1a: Ursaluna|95/100 brn
|cant|p1a: Ursaluna|flinch
|move|p2a: MegaTar|Low Kick|p1a: Ursaluna
|-supereffective|p1a: Ursaluna
|-damage|p1a: Ursaluna|63/100 brn
|
|-weather|none
|-damage|p1a: Ursaluna|57/100 brn|[from] brn
|upkeep
|turn|6
|
|t:|1756260802
|switch|p2a: Golemdengo|Gholdengo, L50|100/100
|move|p1b: Incineroar|Fake Out|p2a: Golemdengo
|-immune|p2a: Golemdengo
|move|p1a: Ursaluna|Headlong Rush|p2b: MiniRoar
|-supereffective|p2b: MiniRoar
|-damage|p2b: MiniRoar|0 fnt
|-unboost|p1a: Ursaluna|def|1
|-unboost|p1a: Ursaluna|spd|1
|-damage|p1a: Ursaluna|40/100 brn|[from] item: Rocky Helmet|[of] p2b: MiniRoar
|faint|p2b: MiniRoar
|
|-damage|p1a: Ursaluna|34/100 brn|[from] brn
|upkeep
|
|t:|1756260813
|switch|p2b: Lumberchomp|Garchomp, L50, M|100/100
|turn|7
|
|t:|1756260831
|switch|p1b: Porygon2|Porygon2, L50|100/100
|-ability|p1b: Porygon2|Sand Veil|Trace|[from] ability: Trace|[of] p2b: Lumberchomp
|switch|p2a: MegaTar|Tyranitar, L50, F, shiny, tera:Flying|68/100
|-weather|Sandstorm|[from] ability: Sand Stream|[of] p2a: MegaTar
|move|p1a: Ursaluna|Headlong Rush|p2a: MegaTar
|-immune|p2a: MegaTar
|move|p2b: Lumberchomp|Earthquake|p1b: Porygon2|[spread] p1a
|-immune|p2a: MegaTar
|-miss|p2b: Lumberchomp|p1b: Porygon2
|-crit|p1a: Ursaluna
|-damage|p1a: Ursaluna|0 fnt
|faint|p1a: Ursaluna
|
|-weather|Sandstorm|[upkeep]
|-damage|p2a: MegaTar|62/100|[from] Sandstorm
|-fieldend|move: Trick Room
|upkeep
|
|t:|1756260846
|switch|p1a: Incineroar|Incineroar, L50, F|20/100
|-ability|p1a: Incineroar|Intimidate|boost
|-unboost|p2a: MegaTar|atk|1
|-fail|p2b: Lumberchomp|unboost|[from] item: Clear Amulet|[of] p2b: Lumberchomp
|turn|8
|
|t:|1756260855
|move|p1a: Incineroar|Fake Out|p2b: Lumberchomp
|-damage|p2b: Lumberchomp|90/100
|cant|p2b: Lumberchomp|flinch
|move|p2a: MegaTar|Rock Slide|p1b: Porygon2|[spread] p1a,p1b
|-supereffective|p1a: Incineroar
|-damage|p1a: Incineroar|0 fnt
|-damage|p1b: Porygon2|86/100
|faint|p1a: Incineroar
|move|p1b: Porygon2|Thunderbolt|p2a: MegaTar
|-supereffective|p2a: MegaTar
|-damage|p2a: MegaTar|30/100
|
|-weather|Sandstorm|[upkeep]
|-damage|p2a: MegaTar|24/100|[from] Sandstorm
|upkeep
|turn|9
|
|t:|1756260868
|move|p2b: Lumberchomp|Earthquake|p1b: Porygon2|[spread] p1b
|-immune|p2a: MegaTar
|-damage|p1b: Porygon2|61/100
|move|p2a: MegaTar|Knock Off|p1b: Porygon2
|-damage|p1b: Porygon2|41/100
|-enditem|p1b: Porygon2|Eviolite|[from] move: Knock Off|[of] p2a: MegaTar
|move|p1b: Porygon2|Tri Attack|p2b: Lumberchomp
|-damage|p2b: Lumberchomp|58/100
|
|-weather|Sandstorm|[upkeep]
|-damage|p2a: MegaTar|18/100|[from] Sandstorm
|upkeep
|turn|10
|
|t:|1756260879
|move|p2b: Lumberchomp|Earthquake|p1b: Porygon2|[spread] 
|-immune|p2a: MegaTar
|-miss|p2b: Lumberchomp|p1b: Porygon2
|move|p2a: MegaTar|Low Kick|p1b: Porygon2
|-supereffective|p1b: Porygon2
|-damage|p1b: Porygon2|14/100
|move|p1b: Porygon2|Tri Attack|p2b: Lumberchomp
|-damage|p2b: Lumberchomp|28/100
|
|-weather|Sandstorm|[upkeep]
|-damage|p2a: MegaTar|13/100|[from] Sandstorm
|upkeep
|turn|11
|
|t:|1756260890
|move|p2b: Lumberchomp|Earthquake|p1b: Porygon2|[spread] p1b
|-immune|p2a: MegaTar
|-damage|p1b: Porygon2|0 fnt
|faint|p1b: Porygon2
|
|win|MudkipC4
||MudkipC4 is ready for game 3.
||ThierryVGC is ready for game 3.
|uhtml|next|Next: Game 3 of 3
