|j|☆oriozz
|j|☆Ratat0po
|html|oriozzRatat0po    
|uhtml|bestof|Game 2 of a best-of-3
|t:|1783994055
|gametype|doubles
|player|p1|oriozz|101|1119
|player|p2|Ratat0po|schoolkid-gen4|1106
|gen|9
|tier|[Gen 9 Champions] VGC 2026 Reg M-B (Bo3)
|rated|
|rule|Species Clause: Limit one of each Pokémon
|rule|Item Clause: Limit 1 of each item
|clearpoke
|poke|p1|Kingambit, L50, F|
|poke|p1|Floette-Eternal, L50, F|
|poke|p1|Sneasler, L50, F|
|poke|p1|Incineroar, L50, F|
|poke|p1|Garchomp, L50, M|
|poke|p1|Sinistcha, L50|
|poke|p2|Gardevoir, L50, M, shiny|
|poke|p2|Kingambit, L50, F, shiny|
|poke|p2|Torkoal, L50, F|
|poke|p2|Hatterene, L50, F, shiny|
|poke|p2|Scrafty, L50, M, shiny|
|poke|p2|Garchomp, L50, F|
|teampreview|4
|showteam|p1|Kingambit||ChopleBerry|Defiant|KowtowCleave,Protect,SuckerPunch,IronHead|Adamant||F|||50|]Floette-Eternal||Floettite|FlowerVeil|Protect,CalmMind,DrainingKiss,DazzlingGleam|Modest||F|||50|]Sneasler||FocusSash|Unburden|FakeOut,DireClaw,CloseCombat,Coaching|Jolly||F|||50|]Incineroar||Leftovers|Intimidate|FakeOut,FlareBlitz,PartingShot,HelpingHand|Careful||F|||50|]Garchomp||Garchompite|RoughSkin|Earthquake,StompingTantrum,RockSlide,Protect|Adamant||M|||50|]Sinistcha||SitrusBerry|Hospitality|Protect,MatchaGotcha,TrickRoom,RagePowder|Bold|||||50|
|showteam|p2|Gardevoir||FocusSash|Telepathy|ExpandingForce,HelpingHand,Protect,TrickRoom|Sassy||M|||50|]Kingambit||BlackGlasses|Defiant|KowtowCleave,SuckerPunch,IronHead,Protect|Brave||F|||50|]Torkoal||Charcoal|Drought|Eruption,HeatWave,BodyPress,Protect|Quiet||F|||50|]Hatterene||BabiriBerry|MagicBounce|ExpandingForce,Protect,PsychicTerrain,DazzlingGleam|Quiet||F|||50|]Scrafty||Scraftinite|Intimidate|HighJumpKick,FakeOut,Protect,KnockOff|Brave||M|||50|]Garchomp||ChoiceScarf|RoughSkin|RockSlide,Earthquake,Outrage,PoisonJab|Jolly||F|||50|
|inactive|Battle timer is ON: inactive players will automatically lose when time's up. (requested by oriozz)
|inactive|Ratat0po also wants the timer to be on.
|inactive|Ratat0po has 60 seconds left.
|
|t:|1783994107
|teamsize|p1|4
|teamsize|p2|4
|start
|switch|p1a: Floette|Floette-Eternal, L50, F|100/100
|switch|p1b: Sneasler|Sneasler, L50, F|100/100
|switch|p2a: Gardevoir|Gardevoir, L50, M, shiny|100/100
|switch|p2b: Kingambit|Kingambit, L50, F, shiny|100/100
|turn|1
|
|t:|1783994131
|move|p1b: Sneasler|Dire Claw|p2a: Gardevoir
|-supereffective|p2a: Gardevoir|1
|-enditem|p2a: Gardevoir|Focus Sash
|-damage|p2a: Gardevoir|1/100
|move|p1a: Floette|Calm Mind|p1a: Floette
|-boost|p1a: Floette|spa|1
|-boost|p1a: Floette|spd|1
|move|p2b: Kingambit|Iron Head|p1a: Floette
|-supereffective|p1a: Floette|1
|-damage|p1a: Floette|0 fnt
|faint|p1a: Floette
|move|p2a: Gardevoir|Trick Room|p2a: Gardevoir
|-fieldstart|move: Trick Room|[of] p2a: Gardevoir
|
|upkeep
|
|t:|1783994150
|switch|p1a: Sinistcha|Sinistcha, L50|100/100
|turn|2
|
|t:|1783994173
|switch|p2a: Scrafty|Scrafty, L50, M, shiny|100/100
|-ability|p2a: Scrafty|Intimidate|boost
|-unboost|p1a: Sinistcha|atk|1
|-unboost|p1b: Sneasler|atk|1
|move|p2b: Kingambit|Protect|p2b: Kingambit
|-singleturn|p2b: Kingambit|Protect
|move|p1a: Sinistcha|Rage Powder|p1a: Sinistcha
|-singleturn|p1a: Sinistcha|move: Rage Powder
|move|p1b: Sneasler|Close Combat|p2b: Kingambit
|-activate|p2b: Kingambit|move: Protect
|
|upkeep
|turn|3
|inactive|oriozz has 30 seconds left.
|inactive|Ratat0po has 30 seconds left.
|inactive|Ratat0po has 20 seconds left.
|inactive|oriozz has 20 seconds left.
|inactive|Ratat0po has 15 seconds left.
|inactive|Ratat0po has 10 seconds left.
|
|t:|1783994223
|switch|p1b: Incineroar|Incineroar, L50, F|100/100
|-ability|p1b: Incineroar|Intimidate|boost
|-unboost|p2a: Scrafty|atk|1
|-unboost|p2b: Kingambit|atk|1
|-ability|p2b: Kingambit|Defiant|boost
|-boost|p2b: Kingambit|atk|2
|detailschange|p2a: Scrafty|Scrafty-Mega, L50, M, shiny
|-mega|p2a: Scrafty|Scrafty|Scraftinite
|-ability|p2a: Scrafty|Intimidate|boost
|-unboost|p1a: Sinistcha|atk|1
|-unboost|p1b: Incineroar|atk|1
|move|p1a: Sinistcha|Protect|p1a: Sinistcha
|-singleturn|p1a: Sinistcha|Protect
|move|p2a: Scrafty|Fake Out|p1b: Incineroar
|-damage|p1b: Incineroar|90/100
|move|p2b: Kingambit|Kowtow Cleave|p1a: Sinistcha
|-activate|p1a: Sinistcha|move: Protect
|
|-heal|p1b: Incineroar|96/100|[from] item: Leftovers
|upkeep
|turn|4
|inactive|oriozz has 30 seconds left.
|inactive|Ratat0po has 30 seconds left.
|
|t:|1783994256
|switch|p2a: Gardevoir|Gardevoir, L50, M, shiny|1/100
|move|p1b: Incineroar|Fake Out|p2b: Kingambit
|-resisted|p2b: Kingambit|1
|-damage|p2b: Kingambit|97/100
|cant|p2b: Kingambit|flinch
|move|p1a: Sinistcha|Trick Room|p1a: Sinistcha
|-fieldend|move: Trick Room
|
|-heal|p1b: Incineroar|100/100|[from] item: Leftovers
|upkeep
|turn|5
|inactive|Ratat0po has 30 seconds left.
|
|t:|1783994285
|move|p1a: Sinistcha|Protect|p1a: Sinistcha
|-singleturn|p1a: Sinistcha|Protect
|move|p2b: Kingambit|Sucker Punch||[still]
|-fail|p2b: Kingambit
|move|p1b: Incineroar|Flare Blitz|p2a: Gardevoir
|-damage|p2a: Gardevoir|0 fnt
|faint|p2a: Gardevoir
|-damage|p1b: Incineroar|99/100|[from] Recoil
|
|-heal|p1b: Incineroar|100/100|[from] item: Leftovers
|upkeep
|
|t:|1783994295
|switch|p2a: Garchomp|Garchomp, L50, F|100/100
|turn|6
|
|t:|1783994316
|switch|p1a: Sneasler|Sneasler, L50, F|100/100
|move|p2a: Garchomp|Rock Slide|p1b: Incineroar|[spread] p1a,p1b
|-resisted|p1a: Sneasler|1
|-supereffective|p1b: Incineroar|1
|-damage|p1a: Sneasler|83/100
|-damage|p1b: Incineroar|67/100
|cant|p1b: Incineroar|flinch
|move|p2b: Kingambit|Kowtow Cleave|p1a: Sneasler
|-resisted|p1a: Sneasler|1
|-damage|p1a: Sneasler|12/100
|
|-heal|p1b: Incineroar|73/100|[from] item: Leftovers
|upkeep
|turn|7
|inactive|oriozz has 30 seconds left.
|inactive|oriozz has 20 seconds left.
|
|t:|1783994352
|switch|p2b: Scrafty|Scrafty-Mega, L50, M, shiny|100/100
|-ability|p2b: Scrafty|Intimidate|boost
|-unboost|p1a: Sneasler|atk|1
|-unboost|p1b: Incineroar|atk|1
|move|p2a: Garchomp|Rock Slide|p1b: Incineroar|[spread] p1a,p1b
|-resisted|p1a: Sneasler|1
|-supereffective|p1b: Incineroar|1
|-damage|p1a: Sneasler|0 fnt
|-damage|p1b: Incineroar|37/100
|faint|p1a: Sneasler
|cant|p1b: Incineroar|flinch
|
|-heal|p1b: Incineroar|43/100|[from] item: Leftovers
|upkeep
|
|t:|1783994364
|switch|p1a: Sinistcha|Sinistcha, L50|100/100
|-heal|p1b: Incineroar|68/100|[from] ability: Hospitality|[of] p1a: Sinistcha
|turn|8
|-message|oriozz forfeited.
|
|win|Ratat0po
||Ratat0po is ready for game 3.
||oriozz is ready for game 3.
|uhtml|next|Next: Game 3 of 3
|l|☆Ratat0po
|player|p2|
