|j|☆Northgdh
|j|☆Matiublanco
|html|NorthgdhMatiublanco    
|uhtml|bestof|Game 1 of a best-of-3
|t:|1783868862
|gametype|doubles
|player|p1|Northgdh|102|1180
|player|p2|Matiublanco|170|1116
|gen|9
|tier|[Gen 9 Champions] VGC 2026 Reg M-B (Bo3)
|rated|
|rule|Species Clause: Limit one of each Pokémon
|rule|Item Clause: Limit 1 of each item
|clearpoke
|poke|p1|Sneasler, L50, M|
|poke|p1|Incineroar, L50, M, shiny|
|poke|p1|Kingambit, L50, M, shiny|
|poke|p1|Blastoise, L50, M, shiny|
|poke|p1|Delphox, L50, F, shiny|
|poke|p1|Sinistcha, L50|
|poke|p2|Tyranitar, L50, M|
|poke|p2|Excadrill, L50, F|
|poke|p2|Sinistcha, L50|
|poke|p2|Gholdengo, L50|
|poke|p2|Milotic, L50, F|
|poke|p2|Staraptor, L50, M|
|teampreview|4
|showteam|p1|Sneasler||FocusSash|PoisonTouch|CloseCombat,PoisonJab,FakeOut,QuickGuard|Jolly||M|||50|]Incineroar||SitrusBerry|Intimidate|FlareBlitz,FakeOut,HelpingHand,PartingShot|Impish||M|||50|]Kingambit||BlackGlasses|Defiant|KowtowCleave,SuckerPunch,SwordsDance,Protect|Adamant||M|||50|]Blastoise||Blastoisinite|RainDish|WaterSpout,DarkPulse,ShellSmash,Protect|Modest||M|||50|]Delphox||Delphoxite|Blaze|HeatWave,Psychic,NastyPlot,Protect|Timid||F|||50|]Sinistcha||KasibBerry|Hospitality|MatchaGotcha,RagePowder,LifeDew,Protect|Bold|||||50|
|showteam|p2|Tyranitar||Tyranitarite|SandStream|Protect,RockSlide,KnockOff,LowKick|Adamant||M|||50|]Excadrill||FocusSash|SandRush|Protect,HighHorsepower,RockSlide,IronHead|Adamant||F|||50|]Sinistcha||SitrusBerry|Hospitality|Protect,RagePowder,MatchaGotcha,TrickRoom|Bold|||||50|]Gholdengo||LifeOrb|GoodasGold|Protect,MakeItRain,ShadowBall,NastyPlot|Modest|||||50|]Milotic||Leftovers|Competitive|Protect,Scald,IceBeam,IcyWind|Modest||F|||50|]Staraptor||Staraptite|Intimidate|Protect,CloseCombat,BraveBird,Tailwind|Jolly||M|||50|
|inactive|Battle timer is ON: inactive players will automatically lose when time's up. (requested by Northgdh)
|inactive|Matiublanco has 60 seconds left.
|inactive|Matiublanco has 30 seconds left.
|
|t:|1783868933
|teamsize|p1|4
|teamsize|p2|4
|start
|switch|p1a: begged|Blastoise, L50, M, shiny|100/100
|switch|p1b: honeybee|Sneasler, L50, M|100/100
|switch|p2a: Staraptor|Staraptor, L50, M|100/100
|switch|p2b: Sinistcha|Sinistcha, L50|100/100
|-ability|p2a: Staraptor|Intimidate|boost
|-unboost|p1a: begged|atk|1
|-unboost|p1b: honeybee|atk|1
|turn|1
|inactive|Matiublanco has 30 seconds left.
|
|t:|1783868959
|detailschange|p2a: Staraptor|Staraptor-Mega, L50, M
|-mega|p2a: Staraptor|Staraptor|Staraptite
|detailschange|p1a: begged|Blastoise-Mega, L50, M, shiny
|-mega|p1a: begged|Blastoise|Blastoisinite
|move|p2b: Sinistcha|Rage Powder|p2b: Sinistcha
|-singleturn|p2b: Sinistcha|move: Rage Powder
|move|p1b: honeybee|Poison Jab|p2b: Sinistcha
|-damage|p2b: Sinistcha|74/100
|move|p2a: Staraptor|Close Combat|p1a: begged
|-damage|p1a: begged|39/100
|-boost|p2a: Staraptor|def|1
|-boost|p2a: Staraptor|spd|1
|move|p1a: begged|Dark Pulse|p2b: Sinistcha
|-supereffective|p2b: Sinistcha|1
|-damage|p2b: Sinistcha|0 fnt
|faint|p2b: Sinistcha
|
|upkeep
|
|t:|1783868981
|switch|p2b: Milotic|Milotic, L50, F|100/100
|turn|2
|
|t:|1783869001
|switch|p1b: the cure|Sinistcha, L50|100/100
|-heal|p1a: begged|63/100|[from] ability: Hospitality|[of] p1b: the cure
|move|p1a: begged|Protect|p1a: begged
|-singleturn|p1a: begged|Protect
|move|p2a: Staraptor|Brave Bird|p1b: the cure
|-supereffective|p1b: the cure|1
|-damage|p1b: the cure|2/100
|-damage|p2a: Staraptor|66/100|[from] Recoil
|move|p2b: Milotic|Icy Wind|p1b: the cure|[spread] p1b
|-activate|p1a: begged|move: Protect
|-supereffective|p1b: the cure|1
|-damage|p1b: the cure|0 fnt
|faint|p1b: the cure
|
|upkeep
|
|t:|1783869012
|switch|p1b: honeybee|Sneasler, L50, M|100/100
|turn|3
|
|t:|1783869023
|move|p1b: honeybee|Fake Out|p2a: Staraptor
|-damage|p2a: Staraptor|56/100
|cant|p2a: Staraptor|flinch
|move|p1a: begged|Shell Smash|p1a: begged
|-unboost|p1a: begged|def|1
|-unboost|p1a: begged|spd|1
|-boost|p1a: begged|atk|2
|-boost|p1a: begged|spa|2
|-boost|p1a: begged|spe|2
|move|p2b: Milotic|Icy Wind|p1b: honeybee|[spread] p1a,p1b
|-resisted|p1a: begged|1
|-damage|p1a: begged|55/100
|-damage|p1b: honeybee|85/100
|-unboost|p1a: begged|spe|1
|-unboost|p1b: honeybee|spe|1
|
|upkeep
|turn|4
|
|t:|1783869040
|move|p1a: begged|Water Spout|p2b: Milotic|[spread] p2a,p2b
|-resisted|p2b: Milotic|1
|-damage|p2a: Staraptor|1/100
|-damage|p2b: Milotic|74/100
|move|p2a: Staraptor|Close Combat|p1a: begged
|-damage|p1a: begged|0 fnt
|-boost|p2a: Staraptor|def|1
|-boost|p2a: Staraptor|spd|1
|faint|p1a: begged
|move|p1b: honeybee|Poison Jab|p2a: Staraptor
|-damage|p2a: Staraptor|0 fnt
|faint|p2a: Staraptor
|move|p2b: Milotic|Scald|p1b: honeybee
|-damage|p1b: honeybee|38/100
|
|-heal|p2b: Milotic|80/100|[from] item: Leftovers
|upkeep
|
|t:|1783869055
|switch|p2a: Tyranitar|Tyranitar, L50, M|100/100
|switch|p1a: drop dead|Kingambit, L50, M, shiny|100/100
|-weather|Sandstorm|[from] ability: Sand Stream|[of] p2a: Tyranitar
|turn|5
|
|t:|1783869070
|move|p2a: Tyranitar|Protect|p2a: Tyranitar
|-singleturn|p2a: Tyranitar|Protect
|move|p1a: drop dead|Sucker Punch|p2b: Milotic
|-damage|p2b: Milotic|43/100
|move|p1b: honeybee|Close Combat|p2b: Milotic
|-damage|p2b: Milotic|0 fnt
|-unboost|p1b: honeybee|def|1
|-unboost|p1b: honeybee|spd|1
|faint|p2b: Milotic
|
|-weather|Sandstorm|[upkeep]
|-damage|p1b: honeybee|32/100|[from] Sandstorm
|upkeep
|turn|6
|
|t:|1783869085
|move|p1b: honeybee|Close Combat|p2a: Tyranitar
|-supereffective|p2a: Tyranitar|2
|-damage|p2a: Tyranitar|0 fnt
|-unboost|p1b: honeybee|def|1
|-unboost|p1b: honeybee|spd|1
|faint|p2a: Tyranitar
|
|win|Northgdh
|l|☆Matiublanco
|player|p2|
