|j|☆unlo_kk
|j|‽CaratroncoSun
|html|unlo_kkCaratroncoSun    
|uhtml|bestof|Game 1 of a best-of-3
|t:|1782211919
|gametype|doubles
|player|p1|unlo_kk|1|1000
|player|p2|CaratroncoSun|juan|1097
|gen|9
|tier|[Gen 9 Champions] VGC 2026 Reg M-B (Bo3)
|rated|
|rule|Species Clause: Limit one of each Pokémon
|rule|Item Clause: Limit 1 of each item
|clearpoke
|poke|p1|Barbaracle, L50, M|
|poke|p1|Sinistcha, L50|
|poke|p1|Incineroar, L50, F|
|poke|p1|Maushold-Four, L50|
|poke|p1|Tyranitar, L50, M|
|poke|p1|Excadrill, L50, F|
|poke|p2|Overqwil, L50, F, shiny|
|poke|p2|Swampert, L50, F|
|poke|p2|Pelipper, L50, F|
|poke|p2|Metagross, L50, shiny|
|poke|p2|Sneasler, L50, F|
|poke|p2|Sinistcha-Masterpiece, L50|
|teampreview|4
|showteam|p1|Barbaracle||Barbaracite|ToughClaws|RockSlide,CloseCombat,ShellSmash,Protect|Adamant||M|||50|]Sinistcha||KasibBerry|Hospitality|MatchaGotcha,RagePowder,LifeDew,Protect|Bold|||||50|]Incineroar||SitrusBerry|Intimidate|ThroatChop,FlareBlitz,PartingShot,FakeOut|Careful||F|||50|]Maushold-Four||FocusSash|FriendGuard|FollowMe,Protect,PopulationBomb,SuperFang|Jolly|||||50|]Tyranitar||ChopleBerry|SandStream|KnockOff,Protect,RockSlide,DragonDance|Careful||M|||50|]Excadrill||LifeOrb|SandRush|IronHead,StompingTantrum,RockSlide,Protect|Adamant||F|||50|
|showteam|p2|Overqwil||LifeOrb|SwiftSwim|Protect,PoisonJab,ThroatChop,Liquidation|Adamant||F|||50|]Swampert||Swampertite|Damp|Protect,WaveCrash,HighHorsepower,IcePunch|Adamant||F|||50|]Pelipper||FocusSash|Drizzle|Protect,Tailwind,Hurricane,WeatherBall|Modest||F|||50|]Metagross||Metagrossite|ClearBody|Protect,PsychicFangs,MeteorMash,IcePunch|Jolly|||||50|]Sneasler||WhiteHerb|Unburden|Coaching,FakeOut,DireClaw,CloseCombat|Jolly||F|||50|]Sinistcha-Masterpiece||SitrusBerry|Hospitality|MatchaGotcha,TrickRoom,LifeDew,RagePowder|Bold|||||50|
|
|t:|1782211990
|teamsize|p1|4
|teamsize|p2|4
|start
|switch|p1a: Maushold|Maushold-Four, L50|100/100
|switch|p1b: Incineroar|Incineroar, L50, F|100/100
|switch|p2a: Swampert|Swampert, L50, F|100/100
|switch|p2b: Sneasler|Sneasler, L50, F|100/100
|-ability|p1b: Incineroar|Intimidate|boost
|-unboost|p2a: Swampert|atk|1
|-unboost|p2b: Sneasler|atk|1
|-enditem|p2b: Sneasler|White Herb
|-clearnegativeboost|p2b: Sneasler|[silent]
|turn|1
|
|t:|1782212011
|detailschange|p2a: Swampert|Swampert-Mega, L50, F
|-mega|p2a: Swampert|Swampert|Swampertite
|move|p2b: Sneasler|Fake Out|p1a: Maushold
|-damage|p1a: Maushold|82/100
|move|p1b: Incineroar|Fake Out|p2a: Swampert
|-damage|p2a: Swampert|90/100
|cant|p1a: Maushold|flinch
|cant|p2a: Swampert|flinch
|
|upkeep
|turn|2
|
|t:|1782212035
|switch|p2a: Sinistcha|Sinistcha-Masterpiece, L50|100/100
|move|p2b: Sneasler|Close Combat|p1a: Maushold
|-supereffective|p1a: Maushold|1
|-damage|p1a: Maushold|0 fnt
|-unboost|p2b: Sneasler|def|1
|-unboost|p2b: Sneasler|spd|1
|faint|p1a: Maushold
|move|p1b: Incineroar|Parting Shot|p2a: Sinistcha
|-unboost|p2a: Sinistcha|atk|1
|-unboost|p2a: Sinistcha|spa|1
|
|t:|1782212046
|switch|p1b: Tyranitar|Tyranitar, L50, M|100/100|[from] Parting Shot
|-weather|Sandstorm|[from] ability: Sand Stream|[of] p1b: Tyranitar
|
|-weather|Sandstorm|[upkeep]
|-damage|p2b: Sneasler|94/100|[from] Sandstorm
|-damage|p2a: Sinistcha|93/100|[from] Sandstorm
|upkeep
|
|t:|1782212051
|switch|p1a: Incineroar|Incineroar, L50, F|100/100
|-ability|p1a: Incineroar|Intimidate|boost
|-unboost|p2a: Sinistcha|atk|1
|-unboost|p2b: Sneasler|atk|1
|turn|3
|
|t:|1782212085
|switch|p2a: Swampert|Swampert-Mega, L50, F|90/100
|move|p1a: Incineroar|Fake Out|p2b: Sneasler
|-damage|p2b: Sneasler|68/100
|cant|p2b: Sneasler|flinch
|move|p1b: Tyranitar|Dragon Dance|p1b: Tyranitar
|-boost|p1b: Tyranitar|atk|1
|-boost|p1b: Tyranitar|spe|1
|
|-weather|Sandstorm|[upkeep]
|-damage|p2b: Sneasler|62/100|[from] Sandstorm
|-damage|p1a: Incineroar|94/100|[from] Sandstorm
|upkeep
|turn|4
|
|t:|1782212111
|move|p2a: Swampert|Protect|p2a: Swampert
|-singleturn|p2a: Swampert|Protect
|move|p1b: Tyranitar|Protect|p1b: Tyranitar
|-singleturn|p1b: Tyranitar|Protect
|move|p2b: Sneasler|Coaching|p2a: Swampert
|-boost|p2a: Swampert|atk|1
|-boost|p2a: Swampert|def|1
|move|p1a: Incineroar|Parting Shot|p2a: Swampert
|-activate|p2a: Swampert|move: Protect
|
|-weather|Sandstorm|[upkeep]
|-damage|p2b: Sneasler|56/100|[from] Sandstorm
|-damage|p1a: Incineroar|88/100|[from] Sandstorm
|upkeep
|turn|5
|
|t:|1782212132
|switch|p2b: Pelipper|Pelipper, L50, F|100/100
|-weather|RainDance|[from] ability: Drizzle|[of] p2b: Pelipper
|move|p1b: Tyranitar|Protect|p1b: Tyranitar
|-singleturn|p1b: Tyranitar|Protect
|move|p2a: Swampert|High Horsepower|p1b: Tyranitar
|-activate|p1b: Tyranitar|move: Protect
|move|p1a: Incineroar|Parting Shot|p2a: Swampert
|-unboost|p2a: Swampert|atk|1
|-unboost|p2a: Swampert|spa|1
|
|t:|1782212145
|switch|p1a: Sinistcha|Sinistcha, L50|100/100|[from] Parting Shot
|
|-weather|RainDance|[upkeep]
|upkeep
|turn|6
|
|t:|1782212154
|move|p1a: Sinistcha|Rage Powder|p1a: Sinistcha
|-singleturn|p1a: Sinistcha|move: Rage Powder
|move|p2a: Swampert|Ice Punch|p1a: Sinistcha
|-supereffective|p1a: Sinistcha|1
|-damage|p1a: Sinistcha|56/100
|move|p1b: Tyranitar|Dragon Dance|p1b: Tyranitar
|-boost|p1b: Tyranitar|atk|1
|-boost|p1b: Tyranitar|spe|1
|move|p2b: Pelipper|Hurricane|p1a: Sinistcha
|-supereffective|p1a: Sinistcha|1
|-damage|p1a: Sinistcha|0 fnt
|faint|p1a: Sinistcha
|
|-weather|RainDance|[upkeep]
|upkeep
|
|t:|1782212163
|switch|p1a: Incineroar|Incineroar, L50, F|88/100
|-ability|p1a: Incineroar|Intimidate|boost
|-unboost|p2a: Swampert|atk|1
|-unboost|p2b: Pelipper|atk|1
|turn|7
|
|t:|1782212174
|switch|p2a: Sinistcha|Sinistcha-Masterpiece, L50|93/100
|move|p2b: Pelipper|Protect|p2b: Pelipper
|-singleturn|p2b: Pelipper|Protect
|move|p1a: Incineroar|Fake Out|p2a: Sinistcha
|-immune|p2a: Sinistcha
|move|p1b: Tyranitar|Rock Slide|p2b: Pelipper|[spread] p2a
|-activate|p2b: Pelipper|move: Protect
|-damage|p2a: Sinistcha|55/100
|
|-weather|RainDance|[upkeep]
|upkeep
|turn|8
|
|t:|1782212195
|move|p2a: Sinistcha|Rage Powder|p2a: Sinistcha
|-singleturn|p2a: Sinistcha|move: Rage Powder
|move|p1b: Tyranitar|Knock Off|p2a: Sinistcha
|-supereffective|p2a: Sinistcha|1
|-damage|p2a: Sinistcha|0 fnt
|-enditem|p2a: Sinistcha|Sitrus Berry|[from] move: Knock Off|[of] p1b: Tyranitar
|faint|p2a: Sinistcha
|move|p2b: Pelipper|Weather Ball|p1a: Incineroar
|-supereffective|p1a: Incineroar|1
|-damage|p1a: Incineroar|0 fnt
|faint|p1a: Incineroar
|
|-weather|RainDance|[upkeep]
|upkeep
|
|t:|1782212206
|switch|p2a: Sneasler|Sneasler, L50, F|56/100
|turn|9
|
|t:|1782212212
|switch|p2b: Swampert|Swampert-Mega, L50, F|90/100
|move|p1b: Tyranitar|Protect|p1b: Tyranitar
|-singleturn|p1b: Tyranitar|Protect
|move|p2a: Sneasler|Fake Out|p1b: Tyranitar
|-activate|p1b: Tyranitar|move: Protect
|
|-weather|none
|upkeep
|turn|10
|
|t:|1782212227
|move|p2b: Swampert|Protect|p2b: Swampert
|-singleturn|p2b: Swampert|Protect
|move|p2a: Sneasler|Coaching|p2b: Swampert
|-boost|p2b: Swampert|atk|1
|-boost|p2b: Swampert|def|1
|move|p1b: Tyranitar|Knock Off|p2b: Swampert
|-activate|p2b: Swampert|move: Protect
|
|upkeep
|turn|11
|
|t:|1782212238
|switch|p2a: Pelipper|Pelipper, L50, F|100/100
|-weather|RainDance|[from] ability: Drizzle|[of] p2a: Pelipper
|move|p2b: Swampert|Wave Crash|p1b: Tyranitar
|-supereffective|p1b: Tyranitar|1
|-crit|p1b: Tyranitar
|-damage|p1b: Tyranitar|0 fnt
|faint|p1b: Tyranitar
|-damage|p2b: Swampert|51/100|[from] Recoil
|
|win|CaratroncoSun
