|j|☆Icookgarbageteams
|j|☆randomsnore_gam
|html|Icookgarbageteamsrandomsnore_gam    
|uhtml|bestof|Game 3 of a best-of-3
|t:|1785598883
|gametype|doubles
|player|p1|Icookgarbageteams|lance|
|player|p2|randomsnore_gam|chili|
|gen|9
|tier|[Gen 9 Champions] VGC 2026 Reg M-B (Bo3)
|rule|Species Clause: Limit one of each Pokémon
|rule|Item Clause: Limit 1 of each item
|clearpoke
|poke|p1|Froslass, L50, F|
|poke|p1|Rotom-Wash, L50|
|poke|p1|Scovillain, L50, M|
|poke|p1|Annihilape, L50, M|
|poke|p1|Tinkaton, L50, F|
|poke|p1|Mamoswine, L50, F|
|poke|p2|Manectric, L50, M, shiny|
|poke|p2|Talonflame, L50, M|
|poke|p2|Primarina, L50, M|
|poke|p2|Meowscarada, L50, M|
|poke|p2|Annihilape, L50, F|
|poke|p2|Klefki, L50, F|
|teampreview|4
|showteam|p1|Froslass||Froslassite|CursedBody|Blizzard,ShadowBall,AuroraVeil,Protect|Modest||F|||50|]Rotom-Wash||ChoiceScarf|Levitate|HydroPump,Thunderbolt,VoltSwitch,Electroweb|Serious|||||50|]Scovillain||Scovillainite|Moody|Overheat,GigaDrain,RagePowder,Protect|Bold||M|||50|]Annihilape||Leftovers|VitalSpirit|BulkUp,RageFist,DrainPunch,Protect|Serious||M|||50|]Tinkaton||MetalCoat|OwnTempo|FakeOut,GigatonHammer,PlayRough,Protect|Jolly||F|||50|]Mamoswine||FocusSash|Oblivious|IceShard,Protect,Earthquake,IcicleCrash|Jolly||F|||50|
|showteam|p2|Manectric||Manectite|LightningRod|VoltSwitch,Snarl,Flamethrower,Protect|Modest||M|||50|]Talonflame|||GaleWings|Acrobatics,Tailwind,FlareBlitz,Protect|Adamant||M|||50|]Primarina||LifeOrb|LiquidVoice|HyperVoice,Moonblast,EnergyBall,Protect|Modest||M|||50|]Meowscarada||FocusSash|Protean|Protect,FlowerTrick,PlayRough,KnockOff|Jolly||M|||50|]Annihilape||ChoiceScarf|Defiant|RockTomb,CloseCombat,PhantomForce,Uturn|Adamant||F|||50|]Klefki||LightClay|Prankster|Reflect,LightScreen,RainDance,FoulPlay|Impish||F|||50|
|inactive|Battle timer is ON: inactive players will automatically lose when time's up. (requested by randomsnore_gam)
|inactive|randomsnore_gam has 60 seconds left.
|inactive|Icookgarbageteams has 60 seconds left.
|
|t:|1785598939
|teamsize|p1|4
|teamsize|p2|4
|start
|switch|p1a: Froslass|Froslass, L50, F|100/100
|switch|p1b: Tinkaton|Tinkaton, L50, F|100/100
|switch|p2a: Stimming|Klefki, L50, F|100/100
|switch|p2b: Mokey|Annihilape, L50, F|100/100
|turn|1
|inactive|Icookgarbageteams has 30 seconds left.
|inactive|Icookgarbageteams has 20 seconds left.
|inactive|Icookgarbageteams has 15 seconds left.
|inactive|randomsnore_gam has 30 seconds left.
|
|t:|1785598982
|detailschange|p1a: Froslass|Froslass-Mega, L50, F
|-mega|p1a: Froslass|Froslass|Froslassite
|-weather|Snowscape|[from] ability: Snow Warning|[of] p1a: Froslass
|move|p2a: Stimming|Light Screen|p2a: Stimming
|-sidestart|p2: randomsnore_gam|move: Light Screen
|move|p2b: Mokey|Phantom Force||[still]
|-prepare|p2b: Mokey|Phantom Force
|move|p1a: Froslass|Aurora Veil|p1a: Froslass
|-sidestart|p1: Icookgarbageteams|move: Aurora Veil
|move|p1b: Tinkaton|Gigaton Hammer|p2a: Stimming
|-damage|p2a: Stimming|45/100
|
|-weather|Snowscape|[upkeep]
|upkeep
|turn|2
|
|t:|1785598999
|switch|p1a: Rotom|Rotom-Wash, L50|100/100
|move|p2b: Mokey|Phantom Force|p1a: Rotom|[from] lockedmove
|-damage|p1a: Rotom|60/100
|move|p1b: Tinkaton|Play Rough|p2b: Mokey
|-supereffective|p2b: Mokey|1
|-damage|p2b: Mokey|32/100
|move|p2a: Stimming|Foul Play|p1a: Rotom
|-damage|p1a: Rotom|47/100
|
|-weather|Snowscape|[upkeep]
|upkeep
|turn|3
|
|t:|1785599022
|move|p2a: Stimming|Reflect|p2a: Stimming
|-sidestart|p2: randomsnore_gam|Reflect
|move|p2b: Mokey|Phantom Force||[still]
|-prepare|p2b: Mokey|Phantom Force
|move|p1a: Rotom|Hydro Pump|p2b: Mokey|[miss]
|-miss|p1a: Rotom|p2b: Mokey
|move|p1b: Tinkaton|Gigaton Hammer|p2a: Stimming
|-damage|p2a: Stimming|4/100
|
|-weather|Snowscape|[upkeep]
|upkeep
|turn|4
|inactive|Icookgarbageteams has 30 seconds left.
|
|t:|1785599050
|move|p2b: Mokey|Phantom Force|p1a: Rotom|[from] lockedmove
|-damage|p1a: Rotom|5/100
|move|p1a: Rotom|Hydro Pump|p2a: Stimming
|-damage|p2a: Stimming|0 fnt
|faint|p2a: Stimming
|move|p1b: Tinkaton|Play Rough|p2b: Mokey
|-supereffective|p2b: Mokey|1
|-damage|p2b: Mokey|0 fnt
|faint|p2b: Mokey
|
|-weather|Snowscape|[upkeep]
|upkeep
|
|t:|1785599054
|switch|p2b: Hewwo!!|Primarina, L50, M|100/100
|switch|p2a: Furry bait~|Meowscarada, L50, M|100/100
|turn|5
|
|t:|1785599073
|switch|p1a: Mamoswine|Mamoswine, L50, F|100/100
|move|p2a: Furry bait~|Flower Trick|p1a: Mamoswine
|-start|p2a: Furry bait~|typechange|Grass|[from] ability: Protean
|-supereffective|p1a: Mamoswine|1
|-crit|p1a: Mamoswine
|-damage|p1a: Mamoswine|25/100
|move|p1b: Tinkaton|Gigaton Hammer|p2b: Hewwo!!
|-damage|p2b: Hewwo!!|60/100
|move|p2b: Hewwo!!|Hyper Voice|p1b: Tinkaton|[spread] p1a,p1b
|-supereffective|p1a: Mamoswine|1
|-damage|p1a: Mamoswine|0 fnt
|-damage|p1b: Tinkaton|72/100
|faint|p1a: Mamoswine
|-damage|p2b: Hewwo!!|50/100g|[from] item: Life Orb
|
|-weather|none
|-sideend|p1: Icookgarbageteams|move: Aurora Veil
|upkeep
|
|t:|1785599088
|switch|p1a: Froslass|Froslass-Mega, L50, F|100/100
|-weather|Snowscape|[from] ability: Snow Warning|[of] p1a: Froslass
|turn|6
|
|t:|1785599109
|move|p2a: Furry bait~|Flower Trick|p1a: Froslass
|-crit|p1a: Froslass
|-damage|p1a: Froslass|53/100
|move|p1a: Froslass|Blizzard|p2a: Furry bait~|[spread] p2a,p2b
|-supereffective|p2a: Furry bait~|1
|-resisted|p2b: Hewwo!!|1
|-enditem|p2a: Furry bait~|Focus Sash
|-damage|p2a: Furry bait~|1/100
|-damage|p2b: Hewwo!!|36/100
|-status|p2a: Furry bait~|frz
|move|p1b: Tinkaton|Play Rough|p2a: Furry bait~
|-damage|p2a: Furry bait~|0 fnt
|faint|p2a: Furry bait~
|move|p2b: Hewwo!!|Hyper Voice|p1a: Froslass|[spread] p1a,p1b
|-damage|p1a: Froslass|0 fnt
|-damage|p1b: Tinkaton|36/100
|faint|p1a: Froslass
|-damage|p2b: Hewwo!!|26/100|[from] item: Life Orb
|
|-weather|Snowscape|[upkeep]
|upkeep
|
|t:|1785599122
|switch|p1a: Rotom|Rotom-Wash, L50|5/100
|turn|7
|
|t:|1785599127
|move|p1a: Rotom|Thunderbolt|p2b: Hewwo!!
|-supereffective|p2b: Hewwo!!|1
|-damage|p2b: Hewwo!!|0 fnt
|faint|p2b: Hewwo!!
|
|win|Icookgarbageteams
|c|☆Icookgarbageteams|Ggs
|l|☆randomsnore_gam
|player|p2|
