|j|☆Maffles
|j|☆randomsnore_gam
|html|Mafflesrandomsnore_gam    
|uhtml|bestof|Game 2 of a best-of-3
|t:|1783515780
|gametype|doubles
|player|p1|Maffles|265|1217
|player|p2|randomsnore_gam|chili|1209
|gen|9
|tier|[Gen 9 Champions] VGC 2026 Reg M-B (Bo3)
|rated|
|rule|Species Clause: Limit one of each Pokémon
|rule|Item Clause: Limit 1 of each item
|clearpoke
|poke|p1|Gengar, L50, F|
|poke|p1|Kingambit, L50, M|
|poke|p1|Ninetales-Alola, L50, M|
|poke|p1|Toxapex, L50, M|
|poke|p1|Basculegion, L50, M|
|poke|p1|Lopunny, L50, M|
|poke|p2|Chandelure, L50, M, shiny|
|poke|p2|Raichu, L50, M, shiny|
|poke|p2|Whimsicott, L50, F|
|poke|p2|Garchomp, L50, F|
|poke|p2|Corviknight, L50, M|
|poke|p2|Palafin, L50, F|
|teampreview|4
|showteam|p1|Gengar||Gengarite|CursedBody|SludgeBomb,Disable,PerishSong,Protect|Timid||F|||50|]Kingambit||ChopleBerry|Defiant|KowtowCleave,SuckerPunch,SwordsDance,Protect|Brave||M|||50|]Ninetales-Alola||FocusSash|SnowWarning|Blizzard,Moonblast,Encore,Protect|Timid||M|||50|]Toxapex||Leftovers|Regenerator|Infestation,Toxic,WideGuard,BanefulBunker|Sassy||M|||50|]Basculegion||SitrusBerry|Adaptability|LastRespects,FlipTurn,Soak,Protect|Sassy||M|||50|]Lopunny||Lopunnite|CuteCharm|CloseCombat,FakeOut,Encore,Protect|Jolly||M|||50|
|showteam|p2|Chandelure||Chandelurite|FlameBody|HeatWave,EnergyBall,ShadowBall,Protect|Modest||M|||50|]Raichu||RaichuniteX|LightningRod|DrainPunch,PlayRough,VoltTackle,Protect|Adamant||M|||50|]Whimsicott||FocusSash|Prankster|Moonblast,Tailwind,Encore,Protect|Timid||F|||50|]Garchomp||LifeOrb|RoughSkin|StompingTantrum,DragonClaw,RockSlide,Protect|Adamant||F|||50|]Corviknight||Leftovers|MirrorArmor|BodyPress,IronHead,Roost,IronDefense|Careful||M|||50|]Palafin||MysticWater|ZerotoHero|IcePunch,CloseCombat,WaveCrash,Protect|Adamant||F|||50|
|inactive|Battle timer is ON: inactive players will automatically lose when time's up. (requested by randomsnore_gam)
|
|t:|1783515792
|teamsize|p1|4
|teamsize|p2|4
|start
|switch|p1a: Gengar|Gengar, L50, F|100/100
|switch|p1b: Kingambit|Kingambit, L50, M|100/100
|switch|p2a: HUFFLEPUFF!|Whimsicott, L50, F|100/100
|switch|p2b: Woah...|Chandelure, L50, M, shiny|100/100
|turn|1
|
|t:|1783515799
|detailschange|p1a: Gengar|Gengar-Mega, L50, F
|-mega|p1a: Gengar|Gengar|Gengarite
|detailschange|p2b: Woah...|Chandelure-Mega, L50, M, shiny
|-mega|p2b: Woah...|Chandelure|Chandelurite
|move|p2a: HUFFLEPUFF!|Tailwind|p2a: HUFFLEPUFF!
|-sidestart|p2: randomsnore_gam|move: Tailwind
|move|p1b: Kingambit|Sucker Punch|p2b: Woah...
|-supereffective|p2b: Woah...|1
|-damage|p2b: Woah...|27/100
|move|p2b: Woah...|Shadow Ball|p1a: Gengar
|-supereffective|p1a: Gengar|1
|-damage|p1a: Gengar|0 fnt
|faint|p1a: Gengar
|
|upkeep
|
|t:|1783515807
|switch|p1a: Ninetales|Ninetales-Alola, L50, M|100/100
|-weather|Snowscape|[from] ability: Snow Warning|[of] p1a: Ninetales
|turn|2
|
|t:|1783515816
|move|p1b: Kingambit|Sucker Punch|p2b: Woah...
|-supereffective|p2b: Woah...|1
|-damage|p2b: Woah...|0 fnt
|faint|p2b: Woah...
|move|p2a: HUFFLEPUFF!|Moonblast|p1a: Ninetales
|-damage|p1a: Ninetales|59/100
|move|p1a: Ninetales|Blizzard|p2a: HUFFLEPUFF!
|-supereffective|p2a: HUFFLEPUFF!|1
|-enditem|p2a: HUFFLEPUFF!|Focus Sash
|-damage|p2a: HUFFLEPUFF!|1/100
|
|-weather|Snowscape|[upkeep]
|upkeep
|
|t:|1783515818
|switch|p2b: Birb|Corviknight, L50, M|100/100
|turn|3
|
|t:|1783515833
|move|p1a: Ninetales|Protect|p1a: Ninetales
|-singleturn|p1a: Ninetales|Protect
|move|p2a: HUFFLEPUFF!|Encore|p1a: Ninetales
|-activate|p1a: Ninetales|move: Protect
|move|p2b: Birb|Iron Defense|p2b: Birb
|-boost|p2b: Birb|def|2
|move|p1b: Kingambit|Kowtow Cleave|p2a: HUFFLEPUFF!
|-resisted|p2a: HUFFLEPUFF!|1
|-damage|p2a: HUFFLEPUFF!|0 fnt
|faint|p2a: HUFFLEPUFF!
|
|-weather|Snowscape|[upkeep]
|upkeep
|
|t:|1783515836
|switch|p2a: CHOMP CHOMP!|Garchomp, L50, F|100/100
|turn|4
|
|t:|1783515848
|move|p2a: CHOMP CHOMP!|Rock Slide|p1a: Ninetales|[spread] p1a
|-miss|p2a: CHOMP CHOMP!|p1b: Kingambit
|-supereffective|p1a: Ninetales|1
|-damage|p1a: Ninetales|3/100
|-damage|p2a: CHOMP CHOMP!|90/100|[from] item: Life Orb
|move|p1a: Ninetales|Encore|p2b: Birb
|-start|p2b: Birb|Encore
|move|p2b: Birb|Iron Defense|p2b: Birb
|-boost|p2b: Birb|def|2
|move|p1b: Kingambit|Kowtow Cleave|p2a: CHOMP CHOMP!
|-damage|p2a: CHOMP CHOMP!|42/100
|-damage|p1b: Kingambit|87/100|[from] ability: Rough Skin|[of] p2a: CHOMP CHOMP!
|
|-weather|Snowscape|[upkeep]
|-sideend|p2: randomsnore_gam|move: Tailwind
|upkeep
|turn|5
|-message|randomsnore_gam forfeited.
|
|win|Maffles
||randomsnore_gam is ready for game 3.
||Maffles is ready for game 3.
|uhtml|next|Next: Game 3 of 3
|l|☆Maffles
|player|p1|
