|j|‚òÜred821106
|j|‚òÜsnivy01234
|html|red821106snivy01234    
|uhtml|bestof|Game 1 of a best-of-3
|t:|1785513904
|gametype|doubles
|player|p1|red821106|101|
|player|p2|snivy01234|102|
|gen|9
|tier|[Gen 9 Champions] VGC 2026 Reg M-B (Bo3)
|rule|Species Clause: Limit one of each Pok√©mon
|rule|Item Clause: Limit 1 of each item
|clearpoke
|poke|p1|Blastoise, L50, F|
|poke|p1|Sylveon, L50, F|
|poke|p1|Torkoal, L50, F|
|poke|p1|Farigiraf, L50, F|
|poke|p1|Sinistcha, L50|
|poke|p1|Basculegion, L50, M|
|poke|p2|Staraptor, L50, M|
|poke|p2|Milotic, L50, F|
|poke|p2|Tyranitar, L50, M|
|poke|p2|Gholdengo, L50|
|poke|p2|Excadrill, L50, M|
|poke|p2|Sinistcha, L50|
|teampreview|4
|showteam|p1|Blastoise||Blastoisinite|Torrent|WaterSpout,AuraSphere,DarkPulse,FakeOut|Modest||F|||50|]Sylveon||FairyFeather|Pixilate|HyperVoice,HyperBeam,QuickAttack,Detect|Modest||F|||50|]Torkoal||Charcoal|Drought|Eruption,HeatWave,SolarBeam,Protect|Quiet||F|||50|]Farigiraf||ColburBerry|ArmorTail|RainDance,HelpingHand,Psychic,TrickRoom|Calm||F|||50|]Sinistcha||KasibBerry|Hospitality|MatchaGotcha,RagePowder,LifeDew,TrickRoom|Bold|||||50|]Basculegion||ChoiceScarf|Adaptability|AquaJet,WaveCrash,LastRespects,FlipTurn|Jolly||M|||50|
|showteam|p2|Staraptor||Staraptite|Intimidate|BraveBird,CloseCombat,Protect,Tailwind|Jolly||M|||50|]Milotic||SitrusBerry|Competitive|Scald,IceBeam,IcyWind,Recover|Modest||F|||50|]Tyranitar||Tyranitarite|SandStream|RockSlide,KnockOff,LowKick,Protect|Adamant||M|||50|]Gholdengo||LifeOrb|GoodasGold|ShadowBall,MakeItRain,NastyPlot,Protect|Modest|||||50|]Excadrill||FocusSash|SandRush|HighHorsepower,IronHead,RockSlide,Protect|Adamant||M|||50|]Sinistcha||ColburBerry|Hospitality|MatchaGotcha,RagePowder,TrickRoom,Protect|Bold|||||50|
|c|‚òÜred821106|ÊÄ™‰∫ÜÊÄéÈÇÑÊòØÊ≤íÊúâ
|c|‚òÜsnivy01234|Ê≤íÊúâÂóé??
|c|‚òÜred821106|Ê≤íÊåâÈàïÁöÑË©±Áõ¥Êé•coÈÄ£ÁµêÂèØ‰ª•Âóé
|c|‚òÜred821106|‰∏çÈÅéÊ≤íÊúâ‰πüÊòØÂèØ‰ª•Âï¶ÔºåÊâìÂÆåÈÄ£ÁµêÊúâÂá∫‰æÜ‰πüË°å
|c|‚òÜred821106|ÁúãËµ∑‰æÜÁõ¥Êé•Ë§áË£ΩÁ∂≤ÂùÄÂàóÁöÑÈÄ£ÁµêÂá∫ÂéªÊòØÂèØ‰ª•Áî®ÁöÑ
|c|‚òÜred821106|Á®çÁ≠âÊàë‰∏Ä‰∏ãÔºåÊãçË¨ùÊãçË¨ù
|c|‚òÜsnivy01234|Ê≤í‰∫ã
|c|‚òÜred821106|ÊàëÂ•Ω‰∫Ü
|j| kkkkkkkh
|c|‚òÜred821106|Ë´ãÂ§öÂ§öÊåáÊïô
|j| Winsomelosealot
|c| kkkkkkkh|ÈÄ≤‰∫Ü
|j| otenkoz
|c|‚òÜsnivy01234|Êúâ ÁúãÂà∞ÈöäÈï∑ÈÄ≤‰æÜ‰∫Ü
|c|‚òÜred821106|Â•ΩÁöÑ
|c|‚òÜsnivy01234|ÈÇ£Ë®àÊôÇ‰∫Ü?
|c|‚òÜred821106|OK
|j| Salmon4777
|inactive|Battle timer is ON: inactive players will automatically lose when time's up. (requested by red821106)
|inactive|snivy01234 also wants the timer to be on.
|c|‚òÜsnivy01234|Ë´ãÂ§öÊåáÊïô
|c| kkkkkkkh|ÂäÝÊ≤π
|inactive|red821106 has 60 seconds left.
|inactive|snivy01234 has 60 seconds left.
|
|t:|1785514103
|teamsize|p1|4
|teamsize|p2|4
|start
|switch|p1a: Farigiraf|Farigiraf, L50, F|100/100
|switch|p1b: Blastoise|Blastoise, L50, F|100/100
|switch|p2a: Gholdengo|Gholdengo, L50|100/100
|switch|p2b: Sinistcha|Sinistcha, L50|100/100
|turn|1
|inactive|snivy01234 has 30 seconds left.
|
|t:|1785514131
|detailschange|p1b: Blastoise|Blastoise-Mega, L50, F
|-mega|p1b: Blastoise|Blastoise|Blastoisinite
|move|p2a: Gholdengo|Nasty Plot|p2a: Gholdengo
|-boost|p2a: Gholdengo|spa|2
|move|p1b: Blastoise|Dark Pulse|p2b: Sinistcha
|-supereffective|p2b: Sinistcha|1
|-enditem|p2b: Sinistcha|Colbur Berry|[eat]
|-enditem|p2b: Sinistcha|Colbur Berry|[weaken]
|-damage|p2b: Sinistcha|58/100
|move|p2b: Sinistcha|Trick Room|p2b: Sinistcha
|-fieldstart|move: Trick Room|[of] p2b: Sinistcha
|move|p1a: Farigiraf|Trick Room|p1a: Farigiraf
|-fieldend|move: Trick Room
|
|upkeep
|turn|2
|inactive|red821106 has 30 seconds left.
|inactive|snivy01234 has 30 seconds left.
|inactive|red821106 has 20 seconds left.
|inactive|red821106 has 15 seconds left.
|inactive|red821106 has 10 seconds left.
|
|t:|1785514179
|move|p2b: Sinistcha|Protect|p2b: Sinistcha
|-singleturn|p2b: Sinistcha|Protect
|move|p2a: Gholdengo|Make It Rain|p1b: Blastoise|[spread] p1a,p1b
|-resisted|p1b: Blastoise|1
|-damage|p1a: Farigiraf|2/100
|-damage|p1b: Blastoise|40/100
|-unboost|p2a: Gholdengo|spa|2
|-damage|p2a: Gholdengo|90/100|[from] item: Life Orb
|move|p1b: Blastoise|Dark Pulse|p2a: Gholdengo
|-supereffective|p2a: Gholdengo|1
|-damage|p2a: Gholdengo|0 fnt
|faint|p2a: Gholdengo
|move|p1a: Farigiraf|Trick Room|p1a: Farigiraf
|-fieldstart|move: Trick Room|[of] p1a: Farigiraf
|
|upkeep
|
|t:|1785514195
|switch|p2a: Milotic|Milotic, L50, F|100/100
|turn|3
|
|t:|1785514215
|switch|p1a: Sinistcha|Sinistcha, L50|100/100
|-heal|p1b: Blastoise|64/100|[from] ability: Hospitality|[of] p1a: Sinistcha
|move|p2b: Sinistcha|Matcha Gotcha|p1b: Blastoise|[spread] p1a,p1b
|-resisted|p1a: Sinistcha|1
|-supereffective|p1b: Blastoise|1
|-damage|p1a: Sinistcha|89/100
|-heal|p2b: Sinistcha|64/100|[from] drain|[of] p1a: Sinistcha
|-damage|p1b: Blastoise|23/100
|-heal|p2b: Sinistcha|84/100|[from] drain|[of] p1b: Blastoise
|-status|p1b: Blastoise|brn
|move|p2a: Milotic|Scald|p1a: Sinistcha
|-resisted|p1a: Sinistcha|1
|-damage|p1a: Sinistcha|72/100
|-status|p1a: Sinistcha|brn
|move|p1b: Blastoise|Dark Pulse|p2b: Sinistcha
|-supereffective|p2b: Sinistcha|1
|-damage|p2b: Sinistcha|2/100
|
|-damage|p1a: Sinistcha|66/100 brn|[from] brn
|-damage|p1b: Blastoise|17/100 brn|[from] brn
|upkeep
|turn|4
|inactive|red821106 has 30 seconds left.
|inactive|snivy01234 has 30 seconds left.
|inactive|snivy01234 has 20 seconds left.
|inactive|snivy01234 has 15 seconds left.
|inactive|snivy01234 has 10 seconds left.
|inactive|snivy01234 has 5 seconds left.
|
|t:|1785514265
|move|p1a: Sinistcha|Matcha Gotcha|p2b: Sinistcha|[spread] p2a,p2b
|-supereffective|p2a: Milotic|1
|-resisted|p2b: Sinistcha|1
|-damage|p2a: Milotic|64/100
|-heal|p1a: Sinistcha|87/100 brn|[from] drain|[of] p2a: Milotic
|-damage|p2b: Sinistcha|0 fnt
|-heal|p1a: Sinistcha|89/100 brn|[from] drain|[of] p2b: Sinistcha
|faint|p2b: Sinistcha
|move|p2a: Milotic|Ice Beam|p1a: Sinistcha
|-supereffective|p1a: Sinistcha|1
|-damage|p1a: Sinistcha|43/100 brn
|move|p1b: Blastoise|Dark Pulse|p2a: Milotic
|-damage|p2a: Milotic|28/100
|-enditem|p2a: Milotic|Sitrus Berry|[eat]
|-heal|p2a: Milotic|52/100|[from] item: Sitrus Berry
|
|-damage|p1a: Sinistcha|37/100 brn|[from] brn
|-damage|p1b: Blastoise|12/100 brn|[from] brn
|upkeep
|
|t:|1785514285
|switch|p2b: Tyranitar|Tyranitar, L50, M|100/100
|-weather|Sandstorm|[from] ability: Sand Stream|[of] p2b: Tyranitar
|turn|5
|inactive|red821106 has 30 seconds left.
|inactive|snivy01234 has 30 seconds left.
|inactive|red821106 has 20 seconds left.
|inactive|red821106 has 15 seconds left.
|
|t:|1785514329
|detailschange|p2b: Tyranitar|Tyranitar-Mega, L50, M
|-mega|p2b: Tyranitar|Tyranitar|Tyranitarite
|move|p1a: Sinistcha|Matcha Gotcha|p2b: Tyranitar|[spread] p2a,p2b
|-supereffective|p2a: Milotic|1
|-supereffective|p2b: Tyranitar|1
|-damage|p2a: Milotic|17/100
|-heal|p1a: Sinistcha|58/100 brn|[from] drain|[of] p2a: Milotic
|-damage|p2b: Tyranitar|71/100
|-heal|p1a: Sinistcha|73/100 brn|[from] drain|[of] p2b: Tyranitar
|-status|p2b: Tyranitar|brn
|move|p2a: Milotic|Ice Beam|p1a: Sinistcha
|-supereffective|p1a: Sinistcha|1
|-damage|p1a: Sinistcha|23/100 brn
|move|p1b: Blastoise|Dark Pulse|p2a: Milotic
|-damage|p2a: Milotic|0 fnt
|faint|p2a: Milotic
|move|p2b: Tyranitar|Knock Off|p1a: Sinistcha
|-supereffective|p1a: Sinistcha|1
|-damage|p1a: Sinistcha|0 fnt
|-enditem|p1a: Sinistcha|Kasib Berry|[from] move: Knock Off|[of] p2b: Tyranitar
|faint|p1a: Sinistcha
|
|-weather|Sandstorm|[upkeep]
|-damage|p1b: Blastoise|6/100 brn|[from] Sandstorm
|-damage|p1b: Blastoise|1/100 brn|[from] brn
|-damage|p2b: Tyranitar|65/100 brn|[from] brn
|upkeep
|
|t:|1785514352
|switch|p1a: Torkoal|Torkoal, L50, F|100/100
|-weather|SunnyDay|[from] ability: Drought|[of] p1a: Torkoal
|turn|6
|
|t:|1785514359
|switch|p1b: Farigiraf|Farigiraf, L50, F|2/100
|move|p2b: Tyranitar|Protect|p2b: Tyranitar
|-singleturn|p2b: Tyranitar|Protect
|move|p1a: Torkoal|Solar Beam||[still]
|-prepare|p1a: Torkoal|Solar Beam
|-anim|p1a: Torkoal|Solar Beam|p2b: Tyranitar
|-activate|p2b: Tyranitar|move: Protect
|
|-weather|SunnyDay|[upkeep]
|-damage|p2b: Tyranitar|59/100 brn|[from] brn
|-fieldend|move: Trick Room
|upkeep
|turn|7
|
|t:|1785514374
|move|p1a: Torkoal|Protect|p1a: Torkoal
|-singleturn|p1a: Torkoal|Protect
|move|p2b: Tyranitar|Rock Slide|p1a: Torkoal|[spread] p1b
|-activate|p1a: Torkoal|move: Protect
|-damage|p1b: Farigiraf|0 fnt
|faint|p1b: Farigiraf
|
|-weather|SunnyDay|[upkeep]
|-damage|p2b: Tyranitar|53/100 brn|[from] brn
|upkeep
|j| JAIQI7
|
|t:|1785514392
|switch|p1b: Blastoise|Blastoise-Mega, L50, F|1/100 brn
|turn|8
|
|t:|1785514397
|move|p2b: Tyranitar|Protect|p2b: Tyranitar
|-singleturn|p2b: Tyranitar|Protect
|move|p1b: Blastoise|Fake Out|p2b: Tyranitar
|-activate|p2b: Tyranitar|move: Protect
|move|p1a: Torkoal|Solar Beam||[still]
|-prepare|p1a: Torkoal|Solar Beam
|-anim|p1a: Torkoal|Solar Beam|p2b: Tyranitar
|-activate|p2b: Tyranitar|move: Protect
|
|-weather|SunnyDay|[upkeep]
|-damage|p2b: Tyranitar|46/100 brn|[from] brn
|-damage|p1b: Blastoise|0 fnt|[from] brn
|faint|p1b: Blastoise
|upkeep
|turn|9
|j| a26714133
|
|t:|1785514415
|move|p2b: Tyranitar|Rock Slide|p1a: Torkoal
|-supereffective|p1a: Torkoal|1
|-damage|p1a: Torkoal|65/100
|move|p1a: Torkoal|Solar Beam||[still]
|-prepare|p1a: Torkoal|Solar Beam
|-anim|p1a: Torkoal|Solar Beam|p2b: Tyranitar
|-supereffective|p2b: Tyranitar|1
|-damage|p2b: Tyranitar|0 fnt
|faint|p2b: Tyranitar
|
|win|red821106
|j| qaz87878
||red821106 is ready for game 2.
|inactive|snivy01234 has 30 seconds to confirm battle start!
||snivy01234 is ready for game 2.
|uhtml|next|Next: Game 2 of 3
|l| Winsomelosealot
|l| Salmon4777
