|j|☆frostdragon750
|j|☆teyvgc
|html|frostdragon750teyvgc    
|uhtml|bestof|Game 1 of a best-of-3
|t:|1782359963
|gametype|doubles
|player|p1|frostdragon750|2|1043
|player|p2|teyvgc|rood|1125
|gen|9
|tier|[Gen 9 Champions] VGC 2026 Reg M-B (Bo3)
|rated|
|rule|Species Clause: Limit one of each Pokémon
|rule|Item Clause: Limit 1 of each item
|clearpoke
|poke|p1|Pyroar, L50, M, shiny|
|poke|p1|Whimsicott, L50, F, shiny|
|poke|p1|Ninetales, L50, M, shiny|
|poke|p1|Farigiraf, L50, F, shiny|
|poke|p1|Pinsir, L50, M, shiny|
|poke|p1|Sneasler, L50, F, shiny|
|poke|p2|Pyroar, L50, F|
|poke|p2|Ninetales, L50, M|
|poke|p2|Whimsicott, L50, F|
|poke|p2|Floette-Eternal, L50, F|
|poke|p2|Basculegion, L50, M|
|poke|p2|Farigiraf, L50, M|
|teampreview|4
|showteam|p1|Pyroar||Pyroarite|Moxie|HeatWave,ThunderFang,HyperVoice,Protect|Naive||M|||50|]Whimsicott||FairyFeather|Prankster|Protect,Tailwind,GigaDrain,Moonblast|Timid||F|||50|]Ninetales||ChoiceScarf|Drought|FakeTears,HeatWave,WeatherBall,SolarBeam|Timid||M|||50|]Farigiraf||TwistedSpoon|ArmorTail|TwinBeam,Earthquake,Thunder,HyperVoice|Quiet||F|||50|]Pinsir||Pinsirite|Moxie|GigaImpact,XScissor,Earthquake,Detect|Jolly||M|||50|]Sneasler||WhiteHerb|Unburden|DireClaw,FakeOut,Coaching,Protect|Adamant||F|||50|
|showteam|p2|Pyroar||Pyroarite|Unnerve|HeatWave,Overheat,SolarBeam,Protect|Timid||F|||50|]Ninetales||ChoiceScarf|Drought|HeatWave,Overheat,SolarBeam,FakeTears|Modest||M|||50|]Whimsicott||FocusSash|Prankster|Moonblast,Tailwind,SunnyDay,Protect|Timid||F|||50|]Floette-Eternal||Floettite|FlowerVeil|Moonblast,LightofRuin,DazzlingGleam,Protect|Modest||F|||50|]Basculegion||LifeOrb|Adaptability|WaveCrash,LastRespects,AquaJet,Protect|Adamant||M|||50|]Farigiraf||SitrusBerry|ArmorTail|Psychic,Thunderbolt,TrickRoom,HelpingHand|Bold||M|||50|
|j| mortykung
|inactive|Battle timer is ON: inactive players will automatically lose when time's up. (requested by frostdragon750)
|l| mortykung
|
|t:|1782360009
|teamsize|p1|4
|teamsize|p2|4
|start
|switch|p1a: Whimsicott|Whimsicott, L50, F, shiny|100/100
|switch|p1b: Pinsir|Pinsir, L50, M, shiny|100/100
|switch|p2a: Whimsicott|Whimsicott, L50, F|100/100
|switch|p2b: Pyroar|Pyroar, L50, F|100/100
|-ability|p2b: Pyroar|Unnerve
|turn|1
|
|t:|1782360025
|detailschange|p2b: Pyroar|Pyroar-Mega, L50, F
|-mega|p2b: Pyroar|Pyroar|Pyroarite
|move|p1b: Pinsir|Detect|p1b: Pinsir
|-singleturn|p1b: Pinsir|Protect
|move|p1a: Whimsicott|Tailwind|p1a: Whimsicott
|-sidestart|p1: frostdragon750|move: Tailwind
|move|p2a: Whimsicott|Tailwind|p2a: Whimsicott
|-sidestart|p2: teyvgc|move: Tailwind
|move|p2b: Pyroar|Heat Wave|p1b: Pinsir|[spread] p1a
|-activate|p1b: Pinsir|move: Protect
|-supereffective|p1a: Whimsicott|1
|-damage|p1a: Whimsicott|0 fnt
|faint|p1a: Whimsicott
|
|upkeep
|j| mortykung
|
|t:|1782360041
|switch|p1a: Pyroar|Pyroar, L50, M, shiny|100/100
|turn|2
|inactive|teyvgc has 30 seconds left.
|l| mortykung
|
|t:|1782360074
|switch|p1b: Ninetales|Ninetales, L50, M, shiny|100/100
|-weather|SunnyDay|[from] ability: Drought|[of] p1b: Ninetales
|detailschange|p1a: Pyroar|Pyroar-Mega, L50, M, shiny
|-mega|p1a: Pyroar|Pyroar|Pyroarite
|move|p2b: Pyroar|Protect|p2b: Pyroar
|-singleturn|p2b: Pyroar|Protect
|move|p1a: Pyroar|Heat Wave|p2b: Pyroar|[spread] p2a
|-activate|p2b: Pyroar|move: Protect
|-supereffective|p2a: Whimsicott|1
|-enditem|p2a: Whimsicott|Focus Sash
|-damage|p2a: Whimsicott|1/100
|move|p2a: Whimsicott|Moonblast|p1b: Ninetales
|-resisted|p1b: Ninetales|1
|-damage|p1b: Ninetales|79/100
|
|-weather|SunnyDay|[upkeep]
|upkeep
|turn|3
|
|t:|1782360097
|move|p1b: Ninetales|Heat Wave|p2b: Pyroar|[spread] p2a,p2b
|-supereffective|p2a: Whimsicott|1
|-crit|p2a: Whimsicott
|-resisted|p2b: Pyroar|1
|-damage|p2a: Whimsicott|0 fnt
|-damage|p2b: Pyroar|75/100
|faint|p2a: Whimsicott
|move|p1a: Pyroar|Heat Wave|p2b: Pyroar
|-resisted|p2b: Pyroar|1
|-damage|p2b: Pyroar|3/100
|move|p2b: Pyroar|Heat Wave|p1b: Ninetales|[spread] p1a,p1b
|-resisted|p1a: Pyroar|1
|-resisted|p1b: Ninetales|1
|-damage|p1a: Pyroar|42/100
|-damage|p1b: Ninetales|32/100
|
|-weather|SunnyDay|[upkeep]
|upkeep
|
|t:|1782360108
|switch|p2a: Farigiraf|Farigiraf, L50, M|100/100
|turn|4
|
|t:|1782360114
|switch|p2a: Basculegion|Basculegion, L50, M|100/100
|move|p2b: Pyroar|Protect|p2b: Pyroar
|-singleturn|p2b: Pyroar|Protect
|move|p1b: Ninetales|Heat Wave|p2b: Pyroar|[spread] p2a
|-activate|p2b: Pyroar|move: Protect
|-resisted|p2a: Basculegion|1
|-damage|p2a: Basculegion|77/100
|move|p1a: Pyroar|Heat Wave|p2b: Pyroar|[spread] p2a
|-activate|p2b: Pyroar|move: Protect
|-resisted|p2a: Basculegion|1
|-damage|p2a: Basculegion|33/100
|-status|p2a: Basculegion|brn
|
|-weather|SunnyDay|[upkeep]
|-damage|p2a: Basculegion|27/100 brn|[from] brn
|-sideend|p1: frostdragon750|move: Tailwind
|-sideend|p2: teyvgc|move: Tailwind
|upkeep
|turn|5
|-message|teyvgc forfeited.
|
|win|frostdragon750
