|j|☆bruGno
|j|☆nod-korai
|html|bruGnonod-korai    
|uhtml|bestof|Game 3 of a best-of-3
|t:|1786111275
|gametype|doubles
|player|p1|bruGno|ash-kalos|1439
|player|p2|nod-korai|101|1363
|gen|9
|tier|[Gen 9 Champions] VGC 2026 Reg M-B (Bo3)
|rated|
|rule|Species Clause: Limit one of each Pokémon
|rule|Item Clause: Limit 1 of each item
|clearpoke
|poke|p1|Venusaur, L50, M|
|poke|p1|Charizard, L50, M|
|poke|p1|Grimmsnarl, L50, M|
|poke|p1|Archaludon, L50, F|
|poke|p1|Pelipper, L50, F|
|poke|p1|Swampert, L50, M|
|poke|p2|Floette-Eternal, L50, F|
|poke|p2|Sneasler, L50, M|
|poke|p2|Incineroar, L50, F|
|poke|p2|Basculegion, L50, M|
|poke|p2|Sinistcha, L50|
|poke|p2|Kingambit, L50, M|
|teampreview|4
|showteam|p1|Venusaur||FocusSash|Chlorophyll|SludgeBomb,EarthPower,SleepPowder,Protect|Modest||M|||50|]Charizard||CharizarditeY|Blaze|Protect,HeatWave,SolarBeam,WeatherBall|Modest||M|||50|]Grimmsnarl||LightClay|Prankster|SpiritBreak,LightScreen,Reflect,PartingShot|Sassy||M|||50|]Archaludon||Leftovers|Stamina|ElectroShot,DragonPulse,FlashCannon,Protect|Calm||F|||50|]Pelipper||SitrusBerry|Drizzle|Hurricane,WeatherBall,Tailwind,WideGuard|Modest||F|||50|]Swampert||Swampertite|Torrent|WaveCrash,Earthquake,IcePunch,Protect|Adamant||M|||50|
|showteam|p2|Floette-Eternal||Floettite|FlowerVeil|Moonblast,DazzlingGleam,CalmMind,Protect|Modest||F|||50|]Sneasler||FocusSash|Unburden|DireClaw,CloseCombat,FakeOut,Protect|Jolly||M|||50|]Incineroar||ChopleBerry|Intimidate|FakeOut,FlareBlitz,ThroatChop,PartingShot|Impish||F|||50|]Basculegion||ChoiceScarf|Adaptability|LastRespects,WaveCrash,AquaJet,FlipTurn|Jolly||M|||50|]Sinistcha||SitrusBerry|Hospitality|MatchaGotcha,LifeDew,RagePowder,Protect|Bold|||||50|]Kingambit||BlackGlasses|Defiant|KowtowCleave,SuckerPunch,SwordsDance,Protect|Adamant||M|||50|
|inactive|Battle timer is ON: inactive players will automatically lose when time's up. (requested by nod-korai)
|inactive|bruGno has 60 seconds left.
|
|t:|1786111331
|teamsize|p1|4
|teamsize|p2|4
|start
|switch|p1a: Grimmsnarl|Grimmsnarl, L50, M|100/100
|switch|p1b: Charizard|Charizard, L50, M|100/100
|switch|p2a: Angélica|Floette-Eternal, L50, F|100/100
|switch|p2b: F key|Basculegion, L50, M|100/100
|turn|1
|
|t:|1786111355
|detailschange|p1b: Charizard|Charizard-Mega-Y, L50, M
|-mega|p1b: Charizard|Charizard|Charizardite Y
|-weather|SunnyDay|[from] ability: Drought|[of] p1b: Charizard
|detailschange|p2a: Angélica|Floette-Mega, L50, F
|-mega|p2a: Angélica|Floette|Floettite
|-ability|p2a: Angélica|Fairy Aura
|move|p1a: Grimmsnarl|Reflect|p1a: Grimmsnarl
|-sidestart|p1: bruGno|Reflect
|move|p2b: F key|Flip Turn|p1b: Charizard
|-supereffective|p1b: Charizard|1
|-crit|p1b: Charizard
|-damage|p1b: Charizard|33/100
|
|t:|1786111360
|switch|p2b: Glicktten|Incineroar, L50, F|100/100|[from] Flip Turn
|-ability|p2b: Glicktten|Intimidate|boost
|-unboost|p1a: Grimmsnarl|atk|1
|-unboost|p1b: Charizard|atk|1
|move|p1b: Charizard|Heat Wave|p2a: Angélica|[spread] p2a,p2b
|-resisted|p2b: Glicktten|1
|-damage|p2a: Angélica|53/100
|-damage|p2b: Glicktten|76/100
|move|p2a: Angélica|Calm Mind|p2a: Angélica
|-boost|p2a: Angélica|spa|1
|-boost|p2a: Angélica|spd|1
|
|-weather|SunnyDay|[upkeep]
|upkeep
|turn|2
|
|t:|1786111378
|move|p2a: Angélica|Protect|p2a: Angélica
|-singleturn|p2a: Angélica|Protect
|move|p1a: Grimmsnarl|Light Screen|p1a: Grimmsnarl
|-sidestart|p1: bruGno|move: Light Screen
|move|p1b: Charizard|Heat Wave|p2a: Angélica|[spread] p2b
|-activate|p2a: Angélica|move: Protect
|-resisted|p2b: Glicktten|1
|-damage|p2b: Glicktten|49/100
|move|p2b: Glicktten|Throat Chop|p1a: Grimmsnarl
|-resisted|p1a: Grimmsnarl|2
|-damage|p1a: Grimmsnarl|94/100
|-start|p1a: Grimmsnarl|Throat Chop|[silent]
|
|-weather|SunnyDay|[upkeep]
|upkeep
|turn|3
|
|t:|1786111397
|move|p1b: Charizard|Heat Wave|p2a: Angélica|[spread] p2a,p2b
|-resisted|p2b: Glicktten|1
|-damage|p2a: Angélica|25/100
|-damage|p2b: Glicktten|25/100
|move|p2a: Angélica|Dazzling Gleam|p1b: Charizard|[spread] p1a,p1b
|-supereffective|p1a: Grimmsnarl|1
|-crit|p1a: Grimmsnarl
|-resisted|p1b: Charizard|1
|-damage|p1a: Grimmsnarl|0 fnt
|-damage|p1b: Charizard|14/100
|faint|p1a: Grimmsnarl
|move|p2b: Glicktten|Parting Shot|p1b: Charizard
|-unboost|p1b: Charizard|atk|1
|-unboost|p1b: Charizard|spa|1
|
|t:|1786111404
|switch|p2b: Icelea|Sinistcha, L50|100/100|[from] Parting Shot
|-heal|p2a: Angélica|50/100y|[from] ability: Hospitality|[of] p2b: Icelea
|
|-weather|SunnyDay|[upkeep]
|upkeep
|inactive|bruGno has 30 seconds left.
|inactive|bruGno has 20 seconds left.
|c|☆bruGno|bro without crit I killed floette
|inactive|bruGno has 15 seconds left.
|c|☆bruGno|unlucky
|c|☆nod-korai|I don't know if you lived
|c|☆nod-korai|But unfort
|inactive|bruGno has 10 seconds left.
|
|t:|1786111452
|switch|p1a: Venusaur|Venusaur, L50, M|100/100
|turn|4
|c|☆nod-korai|Well you didn't kill bc I'm like
|c|☆nod-korai|Nearly max physdef
|c|☆nod-korai|But I'd be in Zard range
|inactive|bruGno has 30 seconds left.
|c|☆bruGno|probably yeah
|inactive|bruGno has 20 seconds left.
|
|t:|1786111491
|move|p2a: Angélica|Protect|p2a: Angélica
|-singleturn|p2a: Angélica|Protect
|move|p1a: Venusaur|Sleep Powder|p2b: Icelea
|-immune|p2b: Icelea
|move|p1b: Charizard|Heat Wave|p2a: Angélica|[spread] p2b
|-activate|p2a: Angélica|move: Protect
|-supereffective|p2b: Icelea|1
|-damage|p2b: Icelea|12/100
|-enditem|p2b: Icelea|Sitrus Berry|[eat]
|-heal|p2b: Icelea|37/100|[from] item: Sitrus Berry
|move|p2b: Icelea|Life Dew|p2b: Icelea|[spread] p2a,p2b
|-heal|p2a: Angélica|75/100
|-heal|p2b: Icelea|62/100
|
|-weather|SunnyDay|[upkeep]
|upkeep
|turn|5
|
|t:|1786111507
|switch|p2b: Glicktten|Incineroar, L50, F|25/100
|-ability|p2b: Glicktten|Intimidate|boost
|-unboost|p1a: Venusaur|atk|1
|-unboost|p1b: Charizard|atk|1
|move|p1a: Venusaur|Sleep Powder|p2a: Angélica|[miss]
|-miss|p1a: Venusaur|p2a: Angélica
|move|p1b: Charizard|Heat Wave|p2b: Glicktten|[spread] p2a,p2b
|-resisted|p2b: Glicktten|1
|-crit|p2b: Glicktten
|-damage|p2a: Angélica|56/100
|-damage|p2b: Glicktten|0 fnt
|-status|p2a: Angélica|brn
|faint|p2b: Glicktten
|move|p2a: Angélica|Dazzling Gleam|p1b: Charizard|[spread] p1a,p1b
|-resisted|p1a: Venusaur|1
|-resisted|p1b: Charizard|1
|-damage|p1a: Venusaur|73/100
|-damage|p1b: Charizard|0 fnt
|faint|p1b: Charizard
|
|-weather|none
|-damage|p2a: Angélica|50/100y brn|[from] brn
|upkeep
|
|t:|1786111525
|switch|p1b: Pelipper|Pelipper, L50, F|100/100
|switch|p2b: Icelea|Sinistcha, L50|62/100
|-weather|RainDance|[from] ability: Drizzle|[of] p1b: Pelipper
|-heal|p2a: Angélica|75/100 brn|[from] ability: Hospitality|[of] p2b: Icelea
|turn|6
|c|☆bruGno|bruh miss and now I cant put sleep anymore ahah
|inactive|bruGno has 30 seconds left.
|c|☆nod-korai|Yeah this one was
|c|☆nod-korai|I got lucky game 3
|inactive|bruGno has 20 seconds left.
|
|t:|1786111561
|move|p2a: Angélica|Protect|p2a: Angélica
|-singleturn|p2a: Angélica|Protect
|move|p1b: Pelipper|Wide Guard|p1b: Pelipper
|-singleturn|p1b: Pelipper|Wide Guard
|move|p1a: Venusaur|Sludge Bomb|p2a: Angélica
|-activate|p2a: Angélica|move: Protect
|move|p2b: Icelea|Matcha Gotcha|p1b: Pelipper|[spread] 
|-activate|p1a: Venusaur|move: Wide Guard
|-activate|p1b: Pelipper|move: Wide Guard
|
|-weather|RainDance|[upkeep]
|-damage|p2a: Angélica|68/100 brn|[from] brn
|upkeep
|turn|7
|c|☆nod-korai|Like a lot
|c|☆nod-korai|Thought
|c|☆nod-korai|Maybe w a crit you can do it lol
|
|t:|1786111581
|move|p1a: Venusaur|Sludge Bomb|p2a: Angélica
|-supereffective|p2a: Angélica|1
|-damage|p2a: Angélica|25/100 brn
|move|p2a: Angélica|Moonblast|p1b: Pelipper
|-damage|p1b: Pelipper|15/100
|-unboost|p1b: Pelipper|spa|1
|-enditem|p1b: Pelipper|Sitrus Berry|[eat]
|-heal|p1b: Pelipper|40/100|[from] item: Sitrus Berry
|move|p1b: Pelipper|Hurricane|p2a: Angélica
|-damage|p2a: Angélica|13/100 brn
|move|p2b: Icelea|Life Dew|p2b: Icelea|[spread] p2a,p2b
|-heal|p2a: Angélica|38/100 brn
|-heal|p2b: Icelea|87/100
|
|-weather|RainDance|[upkeep]
|-damage|p2a: Angélica|32/100 brn|[from] brn
|upkeep
|turn|8
|c|☆nod-korai|Ok I would've lived
|c|☆nod-korai|At +0
|inactive|bruGno has 30 seconds left.
|inactive|nod-korai has 30 seconds left.
|inactive|bruGno has 20 seconds left.
|inactive|bruGno has 15 seconds left.
|inactive|bruGno has 10 seconds left.
|
|t:|1786111629
|move|p1a: Venusaur|Sludge Bomb|p2b: Icelea
|-damage|p2b: Icelea|45/100
|move|p2a: Angélica|Moonblast|p1b: Pelipper
|-damage|p1b: Pelipper|0 fnt
|faint|p1b: Pelipper
|move|p2b: Icelea|Matcha Gotcha|p1a: Venusaur
|-resisted|p1a: Venusaur|2
|-damage|p1a: Venusaur|67/100
|-heal|p2b: Icelea|48/100|[from] drain|[of] p1a: Venusaur
|
|-weather|RainDance|[upkeep]
|-damage|p2a: Angélica|26/100 brn|[from] brn
|-sideend|p1: bruGno|Reflect
|upkeep
|turn|9
|c|☆bruGno|no protect?
|c|☆bruGno|gg
|c|☆nod-korai|Ggs
|c|☆nod-korai|I have basc back
|c|☆nod-korai|So I was playing for that one
|inactive|bruGno has 30 seconds left.
|
|t:|1786111655
|move|p1a: Venusaur|Sludge Bomb|p2a: Angélica
|-supereffective|p2a: Angélica|1
|-damage|p2a: Angélica|0 fnt
|faint|p2a: Angélica
|move|p2b: Icelea|Matcha Gotcha|p1a: Venusaur
|-resisted|p1a: Venusaur|2
|-crit|p1a: Venusaur
|-damage|p1a: Venusaur|53/100
|-heal|p2b: Icelea|54/100|[from] drain|[of] p1a: Venusaur
|
|-weather|RainDance|[upkeep]
|-sideend|p1: bruGno|move: Light Screen
|upkeep
|
|t:|1786111658
|switch|p2a: F key|Basculegion, L50, M|100/100
|turn|10
|
|t:|1786111663
|move|p2a: F key|Last Respects|p1a: Venusaur
|-damage|p1a: Venusaur|0 fnt
|faint|p1a: Venusaur
|
|win|nod-korai
|raw|bruGno's rating: 1439 → 1415(-24 for losing)
|raw|nod-korai's rating: 1363 → 1387(+24 for winning)
|c|☆nod-korai|Ggs it was a great set
|c|☆bruGno|undestandable
|c|☆bruGno|ggs
|c|☆nod-korai|Game 3 was lucky
|c|☆nod-korai|But ggs
|c|☆nod-korai|And gl
|c|☆bruGno|yeah dw
|c|☆nod-korai|Tyty
|c|☆nod-korai|Cya around gl with climb
|l|☆nod-korai
|player|p2|
|c|☆bruGno|thankss
