|j|☆pikatrod
|j|☆alexander1111
|html|pikatrodalexander1111    
|uhtml|bestof|Game 1 of a best-of-3
|t:|1783984332
|gametype|doubles
|player|p1|pikatrod|170|
|player|p2|alexander1111|preschooler|
|gen|9
|tier|[Gen 9 Champions] VGC 2026 Reg M-B (Bo3)
|rule|Species Clause: Limit one of each Pokémon
|rule|Item Clause: Limit 1 of each item
|clearpoke
|poke|p1|Whimsicott, L50, M|
|poke|p1|Torkoal, L50, M|
|poke|p1|Pyroar, L50, M|
|poke|p1|Farigiraf, L50, M|
|poke|p1|Scrafty, L50, F|
|poke|p1|Basculegion, L50, M|
|poke|p2|Milotic, L50, M|
|poke|p2|Maushold-Four, L50|
|poke|p2|Charizard, L50, F, shiny|
|poke|p2|Whimsicott, L50, F, shiny|
|poke|p2|Kingambit, L50, F|
|poke|p2|Garchomp, L50, M|
|teampreview|4
|showteam|p1|Whimsicott||FairyFeather|Prankster|Tailwind,Moonblast,Protect,SunnyDay|Timid||M|||50|]Torkoal||Charcoal|Drought|Eruption,WeatherBall,HelpingHand,Protect|Quiet||M|||50|]Pyroar||Pyroarite|Unnerve|HeatWave,Overheat,SolarBeam,Protect|Timid||M|||50|]Farigiraf||ColburBerry|ArmorTail|TrickRoom,Protect,HelpingHand,Psychic|Quiet||M|||50|]Scrafty||Scraftinite|Intimidate|FakeOut,RockSlide,KnockOff,CloseCombat|Adamant||F|||50|]Basculegion||FocusSash|Adaptability|LastRespects,Liquidation,AquaJet,Protect|Adamant||M|||50|
|showteam|p2|Milotic||SitrusBerry|Competitive|Scald,IceBeam,HelpingHand,Protect|Modest||M|||50|]Maushold-Four||WideLens|Technician|PopulationBomb,FollowMe,Protect,SunnyDay|Jolly|||||50|]Charizard||CharizarditeY|Blaze|SolarBeam,HeatWave,WeatherBall,Protect|Timid||F|||50|]Whimsicott||FocusSash|Prankster|Tailwind,Moonblast,Protect,Encore|Timid||F|||50|]Kingambit||ChopleBerry|Defiant|KowtowCleave,SuckerPunch,IronHead,LowKick|Adamant||F|||50|]Garchomp||LifeOrb|RoughSkin|RockSlide,Earthquake,DragonClaw,Protect|Jolly||M|||50|
|
|t:|1783984434
|teamsize|p1|4
|teamsize|p2|4
|start
|switch|p1a: Pyroar|Pyroar, L50, M|100/100
|switch|p1b: Torkoal|Torkoal, L50, M|100/100
|switch|p2a: Garchomp|Garchomp, L50, M|100/100
|switch|p2b: Milotic|Milotic, L50, M|100/100
|-ability|p1a: Pyroar|Unnerve
|-weather|SunnyDay|[from] ability: Drought|[of] p1b: Torkoal
|turn|1
|
|t:|1783984468
|detailschange|p1a: Pyroar|Pyroar-Mega, L50, M
|-mega|p1a: Pyroar|Pyroar|Pyroarite
|move|p1b: Torkoal|Helping Hand|p1a: Pyroar
|-singleturn|p1a: Pyroar|Helping Hand|[of] p1b: Torkoal
|move|p2a: Garchomp|Protect|p2a: Garchomp
|-singleturn|p2a: Garchomp|Protect
|move|p1a: Pyroar|Overheat|p2a: Garchomp
|-activate|p2a: Garchomp|move: Protect
|move|p2b: Milotic|Scald|p1b: Torkoal
|-supereffective|p1b: Torkoal|1
|-damage|p1b: Torkoal|59/100
|
|-weather|SunnyDay|[upkeep]
|upkeep
|turn|2
|
|t:|1783984564
|move|p1b: Torkoal|Helping Hand|p1a: Pyroar
|-singleturn|p1a: Pyroar|Helping Hand|[of] p1b: Torkoal
|move|p1a: Pyroar|Overheat|p2a: Garchomp
|-resisted|p2a: Garchomp|1
|-damage|p2a: Garchomp|0 fnt
|-unboost|p1a: Pyroar|spa|2
|faint|p2a: Garchomp
|move|p2b: Milotic|Scald|p1a: Pyroar
|-supereffective|p1a: Pyroar|1
|-damage|p1a: Pyroar|59/100
|
|-weather|SunnyDay|[upkeep]
|upkeep
|
|t:|1783984576
|switch|p2a: Charizard|Charizard, L50, F, shiny|100/100
|turn|3
|
|t:|1783984622
|switch|p1b: Basculegion|Basculegion, L50, M|100/100
|detailschange|p2a: Charizard|Charizard-Mega-Y, L50, F, shiny
|-mega|p2a: Charizard|Charizard|Charizardite Y
|move|p1a: Pyroar|Solar Beam||[still]
|-prepare|p1a: Pyroar|Solar Beam
|-anim|p1a: Pyroar|Solar Beam|p2b: Milotic
|-supereffective|p2b: Milotic|1
|-damage|p2b: Milotic|68/100
|move|p2a: Charizard|Heat Wave|p1a: Pyroar|[spread] p1b
|-miss|p2a: Charizard|p1a: Pyroar
|-resisted|p1b: Basculegion|1
|-damage|p1b: Basculegion|63/100
|move|p2b: Milotic|Scald|p1b: Basculegion
|-resisted|p1b: Basculegion|1
|-damage|p1b: Basculegion|54/100
|
|-weather|SunnyDay|[upkeep]
|upkeep
|turn|4
|
|t:|1783984647
|move|p1b: Basculegion|Protect|p1b: Basculegion
|-singleturn|p1b: Basculegion|Protect
|move|p1a: Pyroar|Overheat|p2a: Charizard
|-resisted|p2a: Charizard|1
|-damage|p2a: Charizard|59/100
|-unboost|p1a: Pyroar|spa|2
|move|p2a: Charizard|Solar Beam||[still]
|-prepare|p2a: Charizard|Solar Beam
|-anim|p2a: Charizard|Solar Beam|p1b: Basculegion
|-activate|p1b: Basculegion|move: Protect
|move|p2b: Milotic|Scald|p1a: Pyroar
|-supereffective|p1a: Pyroar|1
|-damage|p1a: Pyroar|13/100
|
|-weather|SunnyDay|[upkeep]
|upkeep
|turn|5
|
|t:|1783984706
|switch|p1b: Whimsicott|Whimsicott, L50, M|100/100
|move|p1a: Pyroar|Overheat|p2a: Charizard
|-resisted|p2a: Charizard|1
|-damage|p2a: Charizard|35/100
|-unboost|p1a: Pyroar|spa|2
|move|p2a: Charizard|Solar Beam||[still]
|-prepare|p2a: Charizard|Solar Beam
|-anim|p2a: Charizard|Solar Beam|p1b: Whimsicott
|-resisted|p1b: Whimsicott|1
|-damage|p1b: Whimsicott|65/100
|move|p2b: Milotic|Scald|p1a: Pyroar
|-supereffective|p1a: Pyroar|1
|-damage|p1a: Pyroar|0 fnt
|faint|p1a: Pyroar
|
|-weather|none
|upkeep
|
|t:|1783984717
|switch|p1a: Basculegion|Basculegion, L50, M|54/100
|turn|6
|
|t:|1783984739
|switch|p2a: Whimsicott|Whimsicott, L50, F, shiny|100/100
|move|p1b: Whimsicott|Protect|p1b: Whimsicott
|-singleturn|p1b: Whimsicott|Protect
|move|p1a: Basculegion|Protect|p1a: Basculegion
|-singleturn|p1a: Basculegion|Protect
|move|p2b: Milotic|Ice Beam|p1b: Whimsicott
|-activate|p1b: Whimsicott|move: Protect
|
|upkeep
|turn|7
|
|t:|1783984824
|switch|p1a: Torkoal|Torkoal, L50, M|59/100
|-weather|SunnyDay|[from] ability: Drought|[of] p1a: Torkoal
|move|p2a: Whimsicott|Encore||[still]
|-fail|p2a: Whimsicott
|move|p1b: Whimsicott|Tailwind|p1b: Whimsicott
|-sidestart|p1: pikatrod|move: Tailwind
|move|p2b: Milotic|Ice Beam|p1b: Whimsicott
|-supereffective|p1b: Whimsicott|1
|-damage|p1b: Whimsicott|0 fnt
|faint|p1b: Whimsicott
|
|-weather|SunnyDay|[upkeep]
|upkeep
|
|t:|1783984832
|switch|p1b: Basculegion|Basculegion, L50, M|54/100
|turn|8
|
|t:|1783984894
|move|p2a: Whimsicott|Tailwind|p2a: Whimsicott
|-sidestart|p2: alexander1111|move: Tailwind
|move|p1b: Basculegion|Last Respects|p2b: Milotic
|-damage|p2b: Milotic|0 fnt
|faint|p2b: Milotic
|move|p1a: Torkoal|Weather Ball|p2a: Whimsicott
|-supereffective|p2a: Whimsicott|1
|-enditem|p2a: Whimsicott|Focus Sash
|-damage|p2a: Whimsicott|1/100
|
|-weather|SunnyDay|[upkeep]
|upkeep
|
|t:|1783984900
|switch|p2b: Charizard|Charizard-Mega-Y, L50, F, shiny|35/100
|turn|9
|
|t:|1783984943
|move|p1b: Basculegion|Protect|p1b: Basculegion
|-singleturn|p1b: Basculegion|Protect
|move|p2a: Whimsicott|Moonblast|p1a: Torkoal
|-resisted|p1a: Torkoal|1
|-damage|p1a: Torkoal|34/100
|-unboost|p1a: Torkoal|spa|1
|move|p2b: Charizard|Solar Beam||[still]
|-prepare|p2b: Charizard|Solar Beam
|-anim|p2b: Charizard|Solar Beam|p1b: Basculegion
|-activate|p1b: Basculegion|move: Protect
|move|p1a: Torkoal|Weather Ball|p2b: Charizard
|-resisted|p2b: Charizard|1
|-damage|p2b: Charizard|8/100
|
|-weather|SunnyDay|[upkeep]
|upkeep
|turn|10
|
|t:|1783984971
|move|p2a: Whimsicott|Encore|p1b: Basculegion
|-start|p1b: Basculegion|Encore
|move|p1b: Basculegion|Protect||[still]
|-fail|p1b: Basculegion
|move|p2b: Charizard|Weather Ball|p1a: Torkoal
|-resisted|p1a: Torkoal|1
|-damage|p1a: Torkoal|0 fnt
|faint|p1a: Torkoal
|
|-weather|SunnyDay|[upkeep]
|-sideend|p1: pikatrod|move: Tailwind
|upkeep
|turn|11
|
|t:|1783984992
|move|p1b: Basculegion|Protect|p1b: Basculegion
|-singleturn|p1b: Basculegion|Protect
|move|p2a: Whimsicott|Moonblast|p1b: Basculegion
|-activate|p1b: Basculegion|move: Protect
|move|p2b: Charizard|Solar Beam||[still]
|-prepare|p2b: Charizard|Solar Beam
|-anim|p2b: Charizard|Solar Beam|p1b: Basculegion
|-activate|p1b: Basculegion|move: Protect
|
|-weather|none
|-sideend|p2: alexander1111|move: Tailwind
|upkeep
|turn|12
|
|t:|1783985004
|move|p1b: Basculegion|Protect|p1b: Basculegion
|-singleturn|p1b: Basculegion|Protect
|move|p2a: Whimsicott|Moonblast|p1b: Basculegion
|-activate|p1b: Basculegion|move: Protect
|move|p2b: Charizard|Solar Beam||[still]
|-prepare|p2b: Charizard|Solar Beam
|
|-end|p1b: Basculegion|Encore
|upkeep
|turn|13
|
|t:|1783985010
|move|p2a: Whimsicott|Encore|p1b: Basculegion
|-start|p1b: Basculegion|Encore
|move|p1b: Basculegion|Protect||[still]
|-fail|p1b: Basculegion
|move|p2b: Charizard|Solar Beam|p1b: Basculegion|[from] lockedmove
|-supereffective|p1b: Basculegion|1
|-damage|p1b: Basculegion|0 fnt
|faint|p1b: Basculegion
|
|win|alexander1111
||pikatrod is ready for game 2.
||alexander1111 is ready for game 2.
|uhtml|next|Next: Game 2 of 3
