|j|☆CrawlingKingSnake
|j|☆caevz027
|html|CrawlingKingSnakecaevz027    
|uhtml|bestof|Game 2 of a best-of-3
|t:|1784835651
|gametype|doubles
|player|p1|CrawlingKingSnake|kamado-armor|1108
|player|p2|caevz027|101|1058
|gen|9
|tier|[Gen 9 Champions] VGC 2026 Reg M-B (Bo3)
|rated|
|rule|Species Clause: Limit one of each Pokémon
|rule|Item Clause: Limit 1 of each item
|clearpoke
|poke|p1|Floette-Eternal, L50, F|
|poke|p1|Palafin, L50, F, shiny|
|poke|p1|Incineroar, L50, M|
|poke|p1|Toxapex, L50, M|
|poke|p1|Delphox, L50, F|
|poke|p1|Kingambit, L50, F|
|poke|p2|Raichu, L50, M|
|poke|p2|Ceruledge, L50, M|
|poke|p2|Incineroar, L50, F|
|poke|p2|Sinistcha, L50|
|poke|p2|Milotic, L50, M|
|poke|p2|Ninetales-Alola, L50, F|
|teampreview|4
|showteam|p1|Floette-Eternal||Floettite|FlowerVeil|DazzlingGleam,DrainingKiss,CalmMind,Protect|Modest||F|||50|]Palafin||LifeOrb|ZerotoHero|WaveCrash,JetPunch,CloseCombat,Protect|Adamant||F|||50|]Incineroar||SitrusBerry|Intimidate|FlareBlitz,FakeOut,DarkestLariat,PartingShot|Careful||M|||50|]Toxapex||Leftovers|Regenerator|Infestation,Toxic,WideGuard,BanefulBunker|Bold||M|||50|]Delphox||Delphoxite|Blaze|HeatWave,Psychic,NastyPlot,Protect|Timid||F|||50|]Kingambit||FocusSash|Defiant|KowtowCleave,SuckerPunch,IronHead,LowKick|Adamant||F|||50|
|showteam|p2|Raichu||RaichuniteY|LightningRod|FakeOut,FocusBlast,ZapCannon,Protect|Timid||M|||50|]Ceruledge||ColburBerry|FlashFire|BitterBlade,ShadowSneak,BulkUp,Protect|Adamant||M|||50|]Incineroar||SitrusBerry|Intimidate|FlareBlitz,Snarl,FakeOut,PartingShot|Careful||F|||50|]Sinistcha||KasibBerry|Hospitality|MatchaGotcha,RagePowder,Protect,TrickRoom|Relaxed|||||50|]Milotic||Leftovers|Competitive|MuddyWater,Coil,Hypnosis,Protect|Bold||M|||50|]Ninetales-Alola||FocusSash|SnowWarning|Protect,IcyWind,Encore,Blizzard|Timid||F|||50|
|inactive|Battle timer is ON: inactive players will automatically lose when time's up. (requested by CrawlingKingSnake)
|inactive|CrawlingKingSnake has 60 seconds left.
|
|t:|1784835685
|teamsize|p1|4
|teamsize|p2|4
|start
|switch|p1a: Floette|Floette-Eternal, L50, F|100/100
|switch|p1b: Palafin|Palafin, L50, F, shiny|100/100
|switch|p2a: Milotic|Milotic, L50, M|100/100
|switch|p2b: Raichu|Raichu, L50, M|100/100
|turn|1
|inactive|CrawlingKingSnake has 30 seconds left.
|
|t:|1784835718
|detailschange|p1b: Palafin|Palafin-Hero, L50, F, shiny
|switch|p1b: Kingambit|Kingambit, L50, F|100/100
|detailschange|p2b: Raichu|Raichu-Mega-Y, L50, M
|-mega|p2b: Raichu|Raichu|Raichunite Y
|detailschange|p1a: Floette|Floette-Mega, L50, F
|-mega|p1a: Floette|Floette|Floettite
|-ability|p1a: Floette|Fairy Aura
|move|p2b: Raichu|Zap Cannon|p1a: Floette
|-crit|p1a: Floette
|-damage|p1a: Floette|23/100
|-status|p1a: Floette|par
|move|p2a: Milotic|Coil|p2a: Milotic
|-boost|p2a: Milotic|atk|1
|-boost|p2a: Milotic|def|1
|-boost|p2a: Milotic|accuracy|1
|move|p1a: Floette|Calm Mind|p1a: Floette
|-boost|p1a: Floette|spa|1
|-boost|p1a: Floette|spd|1
|
|upkeep
|turn|2
|inactive|CrawlingKingSnake has 30 seconds left.
|inactive|CrawlingKingSnake has 20 seconds left.
|inactive|CrawlingKingSnake has 15 seconds left.
|inactive|CrawlingKingSnake has 10 seconds left.
|
|t:|1784835763
|move|p1b: Kingambit|Sucker Punch|p2b: Raichu
|-damage|p2b: Raichu|20/100y
|move|p2b: Raichu|Focus Blast|p1b: Kingambit
|-supereffective|p1b: Kingambit|2
|-enditem|p1b: Kingambit|Focus Sash
|-damage|p1b: Kingambit|1/100
|move|p2a: Milotic|Hypnosis||[still]
|-fail|p2a: Milotic
|move|p1a: Floette|Draining Kiss|p2a: Milotic
|-damage|p2a: Milotic|57/100
|-heal|p1a: Floette|59/100 par|[from] drain|[of] p2a: Milotic
|
|-heal|p2a: Milotic|63/100|[from] item: Leftovers
|upkeep
|turn|3
|
|t:|1784835783
|move|p2b: Raichu|Protect|p2b: Raichu
|-singleturn|p2b: Raichu|Protect
|move|p1b: Kingambit|Sucker Punch||[still]
|-fail|p1b: Kingambit
|move|p2a: Milotic|Muddy Water|p1a: Floette|[spread] p1a,p1b
|-damage|p1a: Floette|47/100 par
|-damage|p1b: Kingambit|0 fnt
|-unboost|p1a: Floette|accuracy|1
|faint|p1b: Kingambit
|move|p1a: Floette|Draining Kiss|p2a: Milotic
|-damage|p2a: Milotic|25/100
|-heal|p1a: Floette|80/100 par|[from] drain|[of] p2a: Milotic
|
|-heal|p2a: Milotic|31/100|[from] item: Leftovers
|upkeep
|
|t:|1784835789
|switch|p1b: Palafin|Palafin-Hero, L50, F, shiny|100/100
|-activate|p1b: Palafin|ability: Zero to Hero
|turn|4
|inactive|caevz027 has 30 seconds left.
|inactive|caevz027 has 20 seconds left.
|inactive|caevz027 has 15 seconds left.
|
|t:|1784835832
|switch|p2b: Sinistcha|Sinistcha, L50|100/100
|-heal|p2a: Milotic|55/100|[from] ability: Hospitality|[of] p2b: Sinistcha
|move|p1b: Palafin|Jet Punch|p2b: Sinistcha
|-resisted|p2b: Sinistcha|1
|-damage|p2b: Sinistcha|78/100
|-damage|p1b: Palafin|90/100|[from] item: Life Orb
|move|p2a: Milotic|Coil|p2a: Milotic
|-boost|p2a: Milotic|atk|1
|-boost|p2a: Milotic|def|1
|-boost|p2a: Milotic|accuracy|1
|move|p1a: Floette|Draining Kiss|p2a: Milotic
|-damage|p2a: Milotic|14/100
|-heal|p1a: Floette|100/100 par|[from] drain|[of] p2a: Milotic
|
|-heal|p2a: Milotic|20/100y|[from] item: Leftovers
|upkeep
|turn|5
|
|t:|1784835851
|move|p1b: Palafin|Wave Crash|p2b: Sinistcha
|-resisted|p2b: Sinistcha|1
|-damage|p2b: Sinistcha|35/100
|-damage|p1b: Palafin|76/100|[from] Recoil
|-damage|p1b: Palafin|66/100|[from] item: Life Orb
|move|p2a: Milotic|Muddy Water|p1a: Floette|[spread] p1a,p1b
|-resisted|p1b: Palafin|1
|-damage|p1a: Floette|89/100 par
|-damage|p1b: Palafin|53/100
|move|p2b: Sinistcha|Matcha Gotcha|p1b: Palafin|[spread] p1a,p1b
|-supereffective|p1b: Palafin|1
|-damage|p1a: Floette|76/100 par
|-heal|p2b: Sinistcha|41/100|[from] drain|[of] p1a: Floette
|-damage|p1b: Palafin|0 fnt
|-heal|p2b: Sinistcha|67/100|[from] drain|[of] p1b: Palafin
|faint|p1b: Palafin
|cant|p1a: Floette|par
|
|-heal|p2a: Milotic|26/100|[from] item: Leftovers
|upkeep
|-message|CrawlingKingSnake forfeited.
|
|win|caevz027
|raw|CrawlingKingSnake's rating: 1108 → 1079(-29 for losing)
|raw|caevz027's rating: 1058 → 1094(+36 for winning)
