|j|☆jowy2150
|j|☆tomi7002
|html|jowy2150tomi7002    
|uhtml|bestof|Game 3 of a best-of-3
|t:|1782670488
|gametype|doubles
|player|p1|jowy2150|170|
|player|p2|tomi7002|wattson|
|gen|9
|tier|[Gen 9 Champions] VGC 2026 Reg M-B (Bo3)
|rule|Species Clause: Limit one of each Pokémon
|rule|Item Clause: Limit 1 of each item
|clearpoke
|poke|p1|Raichu, L50, M|
|poke|p1|Staraptor, L50, F|
|poke|p1|Garchomp, L50, M|
|poke|p1|Basculegion, L50, M|
|poke|p1|Incineroar, L50, F|
|poke|p1|Sinistcha, L50|
|poke|p2|Beedrill, L50, M|
|poke|p2|Whimsicott, L50, F|
|poke|p2|Basculegion, L50, M|
|poke|p2|Kingambit, L50, F|
|poke|p2|Alakazam, L50, F|
|poke|p2|Incineroar, L50, M|
|teampreview|4
|showteam|p1|Raichu||RaichuniteY|LightningRod|Encore,ZapCannon,FocusBlast,Protect|Timid||M|||50|]Staraptor||Staraptite|Intimidate|CloseCombat,BraveBird,Roost,Protect|Jolly||F|||50|]Garchomp||LifeOrb|RoughSkin|Earthquake,DragonClaw,RockSlide,Protect|Jolly||M|||50|]Basculegion||ChoiceScarf|Adaptability|WaveCrash,AquaJet,LastRespects,FlipTurn|Jolly||M|||50|]Incineroar||SitrusBerry|Intimidate|FlareBlitz,ThroatChop,PartingShot,FakeOut|Adamant||F|||50|]Sinistcha||ColburBerry|Hospitality|StrengthSap,LifeDew,RagePowder,MatchaGotcha|Bold|||||50|
|showteam|p2|Beedrill||Beedrillite|Swarm|FellStinger,PoisonJab,Uturn,Lunge|Jolly||M|||50|]Whimsicott||FocusSash|Prankster|EnergyBall,Moonblast,Tailwind,Taunt|Modest||F|||50|]Basculegion||ChoiceScarf|Adaptability|FlipTurn,WaveCrash,LastRespects,PsychicFangs|Jolly||M|||50|]Kingambit||ChopleBerry|Defiant|SuckerPunch,BrickBreak,IronHead,Protect|Adamant||F|||50|]Alakazam||Alakazite|InnerFocus|Psychic,EnergyBall,FocusBlast,Protect|Timid||F|||50|]Incineroar||SitrusBerry|Intimidate|ThroatChop,FlareBlitz,FakeOut,PartingShot|Adamant||M|||50|
|c|☆jowy2150|gl
|
|t:|1782670569
|teamsize|p1|4
|teamsize|p2|4
|start
|switch|p1a: Charlie Kirk|Raichu, L50, M|100/100
|switch|p1b: Gabriel|Garchomp, L50, M|100/100
|switch|p2a: Beedrill|Beedrill, L50, M|100/100
|switch|p2b: Incineroar|Incineroar, L50, M|100/100
|-ability|p2b: Incineroar|Intimidate|boost
|-unboost|p1a: Charlie Kirk|atk|1
|-unboost|p1b: Gabriel|atk|1
|turn|1
|
|t:|1782670613
|detailschange|p1a: Charlie Kirk|Raichu-Mega-Y, L50, M
|-mega|p1a: Charlie Kirk|Raichu|Raichunite Y
|detailschange|p2a: Beedrill|Beedrill-Mega, L50, M
|-mega|p2a: Beedrill|Beedrill|Beedrillite
|move|p2b: Incineroar|Fake Out|p1a: Charlie Kirk
|-damage|p1a: Charlie Kirk|70/100
|move|p2a: Beedrill|U-turn|p1b: Gabriel
|-damage|p1b: Gabriel|41/100
|-damage|p2a: Beedrill|88/100|[from] ability: Rough Skin|[of] p1b: Gabriel
|
|t:|1782670625
|switch|p2a: Kingambit|Kingambit, L50, F|100/100|[from] U-turn
|cant|p1a: Charlie Kirk|flinch
|move|p1b: Gabriel|Rock Slide|p2b: Incineroar|[spread] p2b
|-miss|p1b: Gabriel|p2a: Kingambit
|-supereffective|p2b: Incineroar|1
|-damage|p2b: Incineroar|66/100
|-damage|p1b: Gabriel|31/100|[from] item: Life Orb
|
|upkeep
|turn|2
|
|t:|1782670655
|move|p1b: Gabriel|Protect|p1b: Gabriel
|-singleturn|p1b: Gabriel|Protect
|move|p2a: Kingambit|Sucker Punch||[still]
|-fail|p2a: Kingambit
|move|p1a: Charlie Kirk|Focus Blast|p2b: Incineroar
|-supereffective|p2b: Incineroar|1
|-damage|p2b: Incineroar|0 fnt
|faint|p2b: Incineroar
|
|upkeep
|
|t:|1782670663
|switch|p2b: Beedrill|Beedrill-Mega, L50, M|88/100
|turn|3
|
|t:|1782670680
|move|p2a: Kingambit|Sucker Punch|p1a: Charlie Kirk
|-damage|p1a: Charlie Kirk|0 fnt
|faint|p1a: Charlie Kirk
|move|p2b: Beedrill|U-turn|p1b: Gabriel
|-damage|p1b: Gabriel|0 fnt
|-damage|p2b: Beedrill|76/100|[from] ability: Rough Skin|[of] p1b: Gabriel
|faint|p1b: Gabriel
|
|t:|1782670684
|switch|p2b: Basculegion|Basculegion, L50, M|100/100|[from] U-turn
|
|upkeep
|
|t:|1782670687
|switch|p1a: el pes|Basculegion, L50, M|100/100
|switch|p1b: Falcao|Incineroar, L50, F|100/100
|-ability|p1b: Falcao|Intimidate|boost
|-unboost|p2a: Kingambit|atk|1
|-ability|p2a: Kingambit|Defiant|boost
|-boost|p2a: Kingambit|atk|2
|-unboost|p2b: Basculegion|atk|1
|turn|4
|
|t:|1782670709
|move|p2a: Kingambit|Protect|p2a: Kingambit
|-singleturn|p2a: Kingambit|Protect
|move|p1b: Falcao|Fake Out|p2a: Kingambit
|-activate|p2a: Kingambit|move: Protect
|move|p1a: el pes|Last Respects|p2b: Basculegion
|-supereffective|p2b: Basculegion|1
|-damage|p2b: Basculegion|0 fnt
|faint|p2b: Basculegion
|
|upkeep
|
|t:|1782670715
|switch|p2b: Beedrill|Beedrill-Mega, L50, M|76/100
|turn|5
|
|t:|1782670733
|move|p2a: Kingambit|Sucker Punch|p1a: el pes
|-supereffective|p1a: el pes|1
|-damage|p1a: el pes|0 fnt
|faint|p1a: el pes
|move|p2b: Beedrill|Lunge|p1b: Falcao
|-damage|p1b: Falcao|44/100
|-unboost|p1b: Falcao|atk|1
|-enditem|p1b: Falcao|Sitrus Berry|[eat]
|-heal|p1b: Falcao|69/100|[from] item: Sitrus Berry
|move|p1b: Falcao|Flare Blitz|p2a: Kingambit
|-supereffective|p2a: Kingambit|1
|-damage|p2a: Kingambit|41/100
|-damage|p1b: Falcao|49/100|[from] Recoil
|
|upkeep
|turn|6
|c|☆jowy2150|gg
|
|t:|1782670751
|move|p2a: Kingambit|Sucker Punch||[still]
|-fail|p2a: Kingambit
|move|p2b: Beedrill|Lunge|p1b: Falcao
|-damage|p1b: Falcao|0 fnt
|faint|p1b: Falcao
|
|win|tomi7002
|j| zeranogamer147
|l| zeranogamer147
