|j|☆Wesrui
|j|☆RaikuDraco
|html|WesruiRaikuDraco    
|uhtml|bestof|Game 1 of a best-of-3
|t:|1756777852
|gametype|doubles
|player|p1|Wesrui|silver|1113
|player|p2|RaikuDraco|drake-gen3|1227
|gen|9
|tier|[Gen 9] VGC 2025 Reg H (Bo3)
|rated|
|rule|Species Clause: Limit one of each Pokémon
|rule|Item Clause: Limit 1 of each item
|clearpoke
|poke|p1|Sneasler, L50, M|
|poke|p1|Dragonite, L50, F|
|poke|p1|Rillaboom, L50, F|
|poke|p1|Basculegion, L50, M|
|poke|p1|Volcarona, L50, F|
|poke|p1|Kingambit, L50, F|
|poke|p2|Whimsicott, L50, F|
|poke|p2|Dragonite, L50, M|
|poke|p2|Gholdengo, L50|
|poke|p2|Garchomp, L50, F|
|poke|p2|Sneasler, L50, M|
|poke|p2|Incineroar, L50, F|
|teampreview|4
|showteam|p1|Sneasler||FocusSash|Unburden|CloseCombat,DireClaw,Coaching,Protect|||M|||50|,,,,,Ghost]Dragonite||LoadedDice|Multiscale|ScaleShot,ExtremeSpeed,Haze,Protect|||F|||50|,,,,,Fairy]Rillaboom||MiracleSeed|GrassySurge|WoodHammer,GrassyGlide,Taunt,FakeOut|||F|||50|,,,,,Fire]Basculegion||ChoiceScarf|Adaptability|WaveCrash,FlipTurn,LastRespects,TeraBlast|||M|||50|,,,,,Fairy]Volcarona||CovertCloak|FlameBody|HeatWave,TeraBlast,QuiverDance,Protect|||F|||50|,,,,,Fairy]Kingambit||AssaultVest|Defiant|KowtowCleave,SuckerPunch,IronHead,LowKick|||F|||50|,,,,,Ghost
|showteam|p2|Whimsicott||CovertCloak|Prankster|Moonblast,Tailwind,Encore,Taunt|||F|||50|,,,,,Water]Dragonite||LoadedDice|Multiscale|ScaleShot,ExtremeSpeed,Haze,Protect|||M|||50|,,,,,Fairy]Gholdengo||ChoiceSpecs|GoodasGold|MakeItRain,ShadowBall,Thunderbolt,Trick||||||50|,,,,,Steel]Garchomp||LifeOrb|RoughSkin|DragonClaw,StompingTantrum,Earthquake,Protect|||F|||50|,,,,,Ground]Sneasler||FocusSash|Unburden|DireClaw,CloseCombat,Coaching,Protect|||M|||50|,,,,,Stellar]Incineroar||AssaultVest|Intimidate|FlareBlitz,KnockOff,Uturn,FakeOut|||F|||50|,,,,,Grass
|inactive|Battle timer is ON: inactive players will automatically lose when time's up. (requested by Wesrui)
|inactive|Wesrui has 60 seconds left.
|inactive|RaikuDraco has 60 seconds left.
|inactive|Wesrui has 30 seconds left.
|
|t:|1756777914
|teamsize|p1|4
|teamsize|p2|4
|start
|switch|p1a: Kingambit|Kingambit, L50, F|100/100
|switch|p1b: Volcarona|Volcarona, L50, F|100/100
|switch|p2a: Whimsicott|Whimsicott, L50, F|100/100
|switch|p2b: Dragonite|Dragonite, L50, M|100/100
|turn|1
|inactive|Wesrui has 30 seconds left.
|inactive|RaikuDraco has 30 seconds left.
|inactive|RaikuDraco has 20 seconds left.
|
|t:|1756777949
|move|p2a: Whimsicott|Taunt|p1b: Volcarona
|-start|p1b: Volcarona|move: Taunt
|move|p1b: Volcarona|Heat Wave|p2b: Dragonite|[spread] p2a,p2b
|-supereffective|p2a: Whimsicott
|-resisted|p2b: Dragonite
|-damage|p2a: Whimsicott|23/100
|-damage|p2b: Dragonite|92/100
|move|p2b: Dragonite|Scale Shot|p1b: Volcarona
|-damage|p1b: Volcarona|85/100
|-damage|p1b: Volcarona|69/100
|-damage|p1b: Volcarona|52/100
|-damage|p1b: Volcarona|34/100
|-damage|p1b: Volcarona|17/100
|-hitcount|p1b: Volcarona|5
|-unboost|p2b: Dragonite|def|1
|-boost|p2b: Dragonite|spe|1
|move|p1a: Kingambit|Kowtow Cleave|p2b: Dragonite
|-damage|p2b: Dragonite|11/100
|
|upkeep
|turn|2
|inactive|Wesrui has 30 seconds left.
|inactive|RaikuDraco has 30 seconds left.
|inactive|Wesrui has 20 seconds left.
|inactive|RaikuDraco has 20 seconds left.
|inactive|Wesrui has 15 seconds left.
|inactive|RaikuDraco has 15 seconds left.
|
|t:|1756777993
|switch|p1b: Rillaboom|Rillaboom, L50, F|100/100
|-fieldstart|move: Grassy Terrain|[from] ability: Grassy Surge|[of] p1b: Rillaboom
|move|p2a: Whimsicott|Tailwind|p2a: Whimsicott
|-sidestart|p2: RaikuDraco|move: Tailwind
|move|p2b: Dragonite|Scale Shot|p1b: Rillaboom
|-damage|p1b: Rillaboom|87/100
|-damage|p1b: Rillaboom|72/100
|-crit|p1b: Rillaboom
|-damage|p1b: Rillaboom|52/100
|-damage|p1b: Rillaboom|37/100
|-damage|p1b: Rillaboom|22/100
|-hitcount|p1b: Rillaboom|5
|-unboost|p2b: Dragonite|def|1
|-boost|p2b: Dragonite|spe|1
|move|p1a: Kingambit|Kowtow Cleave|p2b: Dragonite
|-damage|p2b: Dragonite|0 fnt
|faint|p2b: Dragonite
|
|-heal|p2a: Whimsicott|29/100|[from] Grassy Terrain
|-heal|p1b: Rillaboom|28/100|[from] Grassy Terrain
|upkeep
|inactive|RaikuDraco has 30 seconds left.
|
|t:|1756778026
|switch|p2b: Sneasler|Sneasler, L50, M|100/100
|turn|3
|inactive|Wesrui has 30 seconds left.
|inactive|RaikuDraco has 30 seconds left.
|inactive|Wesrui has 20 seconds left.
|
|t:|1756778064
|move|p2b: Sneasler|Protect|p2b: Sneasler
|-singleturn|p2b: Sneasler|Protect
|move|p1b: Rillaboom|Fake Out|p2b: Sneasler
|-activate|p2b: Sneasler|move: Protect
|move|p2a: Whimsicott|Moonblast|p1b: Rillaboom
|-damage|p1b: Rillaboom|1/100
|-unboost|p1b: Rillaboom|spa|1
|move|p1a: Kingambit|Iron Head|p2a: Whimsicott
|-supereffective|p2a: Whimsicott
|-damage|p2a: Whimsicott|0 fnt
|faint|p2a: Whimsicott
|
|-heal|p1b: Rillaboom|7/100|[from] Grassy Terrain
|upkeep
|
|t:|1756778079
|switch|p2a: Garchomp|Garchomp, L50, F|100/100
|turn|4
|inactive|Wesrui has 30 seconds left.
|inactive|RaikuDraco has 30 seconds left.
|inactive|Wesrui has 20 seconds left.
|inactive|Wesrui has 15 seconds left.
|
|t:|1756778120
|move|p1b: Rillaboom|Grassy Glide|p2a: Garchomp
|-damage|p2a: Garchomp|57/100
|-damage|p1b: Rillaboom|0 fnt|[from] ability: Rough Skin|[of] p2a: Garchomp
|faint|p1b: Rillaboom
|move|p1a: Kingambit|Sucker Punch|p2a: Garchomp
|-damage|p2a: Garchomp|19/100
|-damage|p1a: Kingambit|88/100|[from] ability: Rough Skin|[of] p2a: Garchomp
|move|p2b: Sneasler|Dire Claw|p1a: Kingambit
|-immune|p1a: Kingambit
|move|p2a: Garchomp|Stomping Tantrum|p1a: Kingambit
|-supereffective|p1a: Kingambit
|-damage|p1a: Kingambit|13/100
|-damage|p2a: Garchomp|10/100|[from] item: Life Orb
|
|-heal|p2a: Garchomp|16/100|[from] Grassy Terrain
|-heal|p1a: Kingambit|19/100|[from] Grassy Terrain
|upkeep
|inactive|Wesrui has 30 seconds left.
|
|t:|1756778153
|switch|p1b: Sneasler|Sneasler, L50, M|100/100
|turn|5
|inactive|RaikuDraco has 30 seconds left.
|
|t:|1756778181
|move|p2a: Garchomp|Protect|p2a: Garchomp
|-singleturn|p2a: Garchomp|Protect
|move|p1b: Sneasler|Protect|p1b: Sneasler
|-singleturn|p1b: Sneasler|Protect
|move|p1a: Kingambit|Sucker Punch|p2b: Sneasler
|-resisted|p2b: Sneasler
|-damage|p2b: Sneasler|68/100
|move|p2b: Sneasler|Close Combat|p1a: Kingambit
|-supereffective|p1a: Kingambit
|-damage|p1a: Kingambit|0 fnt
|-unboost|p2b: Sneasler|def|1
|-unboost|p2b: Sneasler|spd|1
|faint|p1a: Kingambit
|
|-heal|p2b: Sneasler|74/100|[from] Grassy Terrain
|-heal|p2a: Garchomp|22/100|[from] Grassy Terrain
|-sideend|p2: RaikuDraco|move: Tailwind
|upkeep
|
|t:|1756778198
|switch|p1a: Volcarona|Volcarona, L50, F|17/100
|turn|6
|inactive|Wesrui has 30 seconds left.
|inactive|RaikuDraco has 30 seconds left.
|inactive|Wesrui has 20 seconds left.
|inactive|Wesrui has 15 seconds left.
|
|t:|1756778241
|-terastallize|p1b: Sneasler|Ghost
|move|p2b: Sneasler|Dire Claw|p1b: Sneasler
|-resisted|p1b: Sneasler
|-damage|p1b: Sneasler|64/100
|move|p1b: Sneasler|Dire Claw|p2a: Garchomp
|-resisted|p2a: Garchomp
|-damage|p2a: Garchomp|0 fnt
|-damage|p1b: Sneasler|52/100|[from] ability: Rough Skin|[of] p2a: Garchomp
|faint|p2a: Garchomp
|move|p1a: Volcarona|Heat Wave|p2b: Sneasler
|-damage|p2b: Sneasler|0 fnt
|faint|p2b: Sneasler
|
|win|Wesrui
|inactive|Wesrui has 30 seconds to confirm battle start!
|inactive|RaikuDraco has 30 seconds to confirm battle start!
||RaikuDraco is ready for game 2.
||Wesrui is ready for game 2.
|uhtml|next|Next: Game 2 of 3
|l|☆Wesrui
|player|p1|
