|j|☆Erick Shai v
|j|☆teyvgc
|html|Erick Shai vteyvgc    
|uhtml|bestof|Game 2 of a best-of-3
|t:|1782442734
|gametype|doubles
|player|p1|Erick Shai v|pokemaniac|1078
|player|p2|teyvgc|rood|1144
|gen|9
|tier|[Gen 9 Champions] VGC 2026 Reg M-B (Bo3)
|rated|
|rule|Species Clause: Limit one of each Pokémon
|rule|Item Clause: Limit 1 of each item
|clearpoke
|poke|p1|Milotic, L50, M|
|poke|p1|Incineroar, L50, F|
|poke|p1|Garchomp, L50, F|
|poke|p1|Venusaur, L50, M|
|poke|p1|Kingambit, L50, M|
|poke|p1|Aerodactyl, L50, M|
|poke|p2|Dragalge, L50, F, shiny|
|poke|p2|Gholdengo, L50|
|poke|p2|Staraptor, L50, M, shiny|
|poke|p2|Whimsicott, L50, F, shiny|
|poke|p2|Incineroar, L50, M, shiny|
|poke|p2|Farigiraf, L50, F, shiny|
|teampreview|4
|showteam|p1|Milotic||Leftovers|Competitive|Coil,MuddyWater,Hypnosis,Protect|Calm||M|||50|]Incineroar||ChopleBerry|Intimidate|FakeOut,FlareBlitz,ThroatChop,PartingShot|Careful||F|||50|]Garchomp||LifeOrb|RoughSkin|RockSlide,Earthquake,ScaleShot,Protect|Jolly||F|||50|]Venusaur||Venusaurite|Chlorophyll|GigaDrain,SludgeBomb,EarthPower,Protect|Modest||M|||50|]Kingambit||BlackGlasses|Defiant|KowtowCleave,IronHead,SuckerPunch,Protect|Adamant||M|||50|]Aerodactyl||FocusSash|Unnerve|Tailwind,RockSlide,DualWingbeat,Protect|Jolly||M|||50|
|showteam|p2|Dragalge||Dragalgite|PoisonPoint|DracoMeteor,SludgeBomb,DragonPulse,Protect|Calm||F|||50|]Gholdengo||MetalCoat|GoodasGold|MakeItRain,Protect,NastyPlot,ShadowBall|Modest|||||50|]Staraptor||Staraptite|Intimidate|CloseCombat,DualWingbeat,Roost,Protect|Jolly||M|||50|]Whimsicott||FocusSash|Prankster|Tailwind,Charm,Moonblast,Protect|Timid||F|||50|]Incineroar||Charcoal|Intimidate|FakeOut,FlareBlitz,DarkestLariat,PartingShot|Adamant||M|||50|]Farigiraf||SitrusBerry|ArmorTail|TrickRoom,TwinBeam,Thunderbolt,Protect|Quiet||F|||50|
|inactive|Battle timer is ON: inactive players will automatically lose when time's up. (requested by Erick Shai v)
|inactive|teyvgc has 60 seconds left.
|
|t:|1782442819
|teamsize|p1|4
|teamsize|p2|4
|start
|switch|p1a: CANELA|Milotic, L50, M|100/100
|switch|p1b: CHOCOLATE|Incineroar, L50, F|100/100
|switch|p2a: Staraptor|Staraptor, L50, M, shiny|100/100
|switch|p2b: Middle Finger|Whimsicott, L50, F, shiny|100/100
|-ability|p2a: Staraptor|Intimidate|boost
|-unboost|p1a: CANELA|atk|1
|-ability|p1a: CANELA|Competitive|boost
|-boost|p1a: CANELA|spa|2
|-unboost|p1b: CHOCOLATE|atk|1
|-ability|p1b: CHOCOLATE|Intimidate|boost
|-unboost|p2a: Staraptor|atk|1
|-unboost|p2b: Middle Finger|atk|1
|turn|1
|inactive|teyvgc has 30 seconds left.
|inactive|teyvgc has 20 seconds left.
|inactive|teyvgc has 15 seconds left.
|inactive|teyvgc has 10 seconds left.
|inactive|teyvgc has 5 seconds left.
|
|t:|1782442872
|detailschange|p2a: Staraptor|Staraptor-Mega, L50, M, shiny
|-mega|p2a: Staraptor|Staraptor|Staraptite
|move|p1b: CHOCOLATE|Fake Out|p2b: Middle Finger
|-damage|p2b: Middle Finger|89/100
|cant|p2b: Middle Finger|flinch
|move|p2a: Staraptor|Close Combat|p1a: CANELA
|-damage|p1a: CANELA|50/100g
|-boost|p2a: Staraptor|def|1
|-boost|p2a: Staraptor|spd|1
|move|p1a: CANELA|Muddy Water|p2b: Middle Finger|[spread] 
|-miss|p1a: CANELA|p2a: Staraptor
|-miss|p1a: CANELA|p2b: Middle Finger
|
|-heal|p1a: CANELA|56/100|[from] item: Leftovers
|upkeep
|turn|2
|
|t:|1782442890
|move|p1a: CANELA|Protect|p1a: CANELA
|-singleturn|p1a: CANELA|Protect
|move|p2b: Middle Finger|Charm|p2a: Staraptor
|-boost|p2a: Staraptor|atk|2
|move|p2a: Staraptor|Close Combat|p1b: CHOCOLATE
|-supereffective|p1b: CHOCOLATE|1
|-enditem|p1b: CHOCOLATE|Chople Berry|[eat]
|-enditem|p1b: CHOCOLATE|Chople Berry|[weaken]
|-damage|p1b: CHOCOLATE|11/100
|-boost|p2a: Staraptor|def|1
|-boost|p2a: Staraptor|spd|1
|move|p1b: CHOCOLATE|Flare Blitz|p2b: Middle Finger
|-supereffective|p2b: Middle Finger|1
|-damage|p2b: Middle Finger|0 fnt
|faint|p2b: Middle Finger
|-damage|p1b: CHOCOLATE|0 fnt|[from] Recoil
|faint|p1b: CHOCOLATE
|
|-heal|p1a: CANELA|62/100|[from] item: Leftovers
|upkeep
|
|t:|1782442908
|switch|p2b: Sam Bankman|Gholdengo, L50|100/100
|switch|p1b: CHOCHODRILO|Aerodactyl, L50, M|100/100
|-ability|p1b: CHOCHODRILO|Unnerve
|turn|3
|
|t:|1782442918
|move|p1b: CHOCHODRILO|Tailwind|p1b: CHOCHODRILO
|-sidestart|p1: Erick Shai v|move: Tailwind
|move|p1a: CANELA|Muddy Water|p2a: Staraptor|[spread] p2a,p2b
|-damage|p2a: Staraptor|71/100
|-damage|p2b: Sam Bankman|58/100
|move|p2a: Staraptor|Close Combat|p1a: CANELA
|-damage|p1a: CANELA|0 fnt
|-boost|p2a: Staraptor|def|1
|-boost|p2a: Staraptor|spd|1
|faint|p1a: CANELA
|move|p2b: Sam Bankman|Shadow Ball|p1b: CHOCHODRILO
|-damage|p1b: CHOCHODRILO|35/100
|-unboost|p1b: CHOCHODRILO|spd|1
|
|upkeep
|
|t:|1782442929
|switch|p1a: EL TIBURÓN|Garchomp, L50, F|100/100
|turn|4
|
|t:|1782442938
|switch|p2b: DJ Dan|Incineroar, L50, M, shiny|100/100
|-ability|p2b: DJ Dan|Intimidate|boost
|-unboost|p1a: EL TIBURÓN|atk|1
|-unboost|p1b: CHOCHODRILO|atk|1
|move|p1b: CHOCHODRILO|Rock Slide|p2b: DJ Dan|[spread] p2a,p2b
|-supereffective|p2b: DJ Dan|1
|-damage|p2a: Staraptor|63/100
|-damage|p2b: DJ Dan|64/100
|move|p1a: EL TIBURÓN|Earthquake|p2a: Staraptor|[spread] p2b
|-immune|p1b: CHOCHODRILO
|-immune|p2a: Staraptor
|-supereffective|p2b: DJ Dan|1
|-damage|p2b: DJ Dan|1/100
|-damage|p1a: EL TIBURÓN|90/100|[from] item: Life Orb
|move|p2a: Staraptor|Roost|p2a: Staraptor
|-heal|p2a: Staraptor|100/100
|-singleturn|p2a: Staraptor|move: Roost
|
|upkeep
|turn|5
|
|t:|1782442960
|move|p1b: CHOCHODRILO|Protect|p1b: CHOCHODRILO
|-singleturn|p1b: CHOCHODRILO|Protect
|move|p1a: EL TIBURÓN|Protect|p1a: EL TIBURÓN
|-singleturn|p1a: EL TIBURÓN|Protect
|move|p2b: DJ Dan|Fake Out|p1a: EL TIBURÓN
|-activate|p1a: EL TIBURÓN|move: Protect
|move|p2a: Staraptor|Close Combat|p1b: CHOCHODRILO
|-activate|p1b: CHOCHODRILO|move: Protect
|
|upkeep
|turn|6
|
|t:|1782442973
|move|p1b: CHOCHODRILO|Rock Slide|p2a: Staraptor|[spread] p2a,p2b
|-supereffective|p2b: DJ Dan|1
|-damage|p2a: Staraptor|91/100
|-damage|p2b: DJ Dan|0 fnt
|faint|p2b: DJ Dan
|move|p1a: EL TIBURÓN|Rock Slide|p2a: Staraptor
|-damage|p2a: Staraptor|81/100
|-damage|p1a: EL TIBURÓN|80/100|[from] item: Life Orb
|move|p2a: Staraptor|Close Combat|p1a: EL TIBURÓN
|-damage|p1a: EL TIBURÓN|0 fnt
|-boost|p2a: Staraptor|def|1
|-boost|p2a: Staraptor|spd|1
|-damage|p2a: Staraptor|69/100|[from] ability: Rough Skin|[of] p1a: EL TIBURÓN
|faint|p1a: EL TIBURÓN
|
|-sideend|p1: Erick Shai v|move: Tailwind
|upkeep
|
|t:|1782442984
|switch|p2b: Sam Bankman|Gholdengo, L50|58/100
|turn|7
|
|t:|1782442988
|move|p1b: CHOCHODRILO|Dual Wingbeat|p2a: Staraptor
|-supereffective|p2a: Staraptor|1
|-damage|p2a: Staraptor|57/100
|-supereffective|p2a: Staraptor|1
|-damage|p2a: Staraptor|45/100
|-hitcount|p2a: Staraptor|2
|move|p2a: Staraptor|Close Combat|p1b: CHOCHODRILO
|-damage|p1b: CHOCHODRILO|0 fnt
|-boost|p2a: Staraptor|def|1
|-boost|p2a: Staraptor|spd|1
|faint|p1b: CHOCHODRILO
|
|win|teyvgc
|raw|Erick Shai v's rating: 1078 → 1060(-18 for losing)
|raw|teyvgc's rating: 1144 → 1164(+20 for winning)
