|j|☆nootbaar
|j|☆bighamsterbaseball
|html|nootbaarbighamsterbaseball    
|uhtml|bestof|Game 2 of a best-of-3
|t:|1782439473
|gametype|doubles
|player|p1|nootbaar|101|1098
|player|p2|bighamsterbaseball|pokemaniac|1093
|gen|9
|tier|[Gen 9 Champions] VGC 2026 Reg M-B (Bo3)
|rated|
|rule|Species Clause: Limit one of each Pokémon
|rule|Item Clause: Limit 1 of each item
|clearpoke
|poke|p1|Froslass, L50, F|
|poke|p1|Grimmsnarl, L50, M|
|poke|p1|Garchomp, L50, F|
|poke|p1|Sneasler, L50, F|
|poke|p1|Volcarona, L50, M|
|poke|p1|Raichu, L50, F|
|poke|p2|Pyroar, L50, M|
|poke|p2|Scrafty, L50, F|
|poke|p2|Torkoal, L50, M|
|poke|p2|Venusaur, L50, M|
|poke|p2|Farigiraf, L50, M|
|poke|p2|Mamoswine, L50, M|
|teampreview|4
|showteam|p1|Froslass||Froslassite|SnowCloak|Protect,NastyPlot,Blizzard,ShadowBall|Timid||F|||50|]Grimmsnarl||FairyFeather|Prankster|FakeOut,FakeTears,PartingShot,SpiritBreak|Careful||M|||50|]Garchomp||LifeOrb|RoughSkin|Protect,RockSlide,DragonClaw,Earthquake|Jolly||F|||50|]Sneasler||WhiteHerb|Unburden|Protect,FakeOut,CloseCombat,DireClaw|Jolly||F|||50|]Volcarona||Leftovers|FlameBody|Protect,RagePowder,Tailwind,HeatWave|Timid||M|||50|]Raichu||RaichuniteY|LightningRod|Protect,Encore,FocusBlast,ZapCannon|Timid||F|||50|
|showteam|p2|Pyroar||Pyroarite|Unnerve|HeatWave,Overheat,Yawn,Protect|Timid||M|||50|]Scrafty||Scraftinite|Intimidate|FakeOut,DrainPunch,KnockOff,IcePunch|Adamant||F|||50|]Torkoal||HeatRock|Drought|Eruption,WeatherBall,HelpingHand,Protect|Quiet||M|||50|]Venusaur||LifeOrb|Chlorophyll|EnergyBall,SludgeBomb,EarthPower,Protect|Modest||M|||50|]Farigiraf||SitrusBerry|ArmorTail|Psychic,Thunderbolt,TrickRoom,Protect|Quiet||M|||50|]Mamoswine||FocusSash|Oblivious|IceShard,HighHorsepower,RockSlide,Protect|Adamant||M|||50|
|inactive|Battle timer is ON: inactive players will automatically lose when time's up. (requested by nootbaar)
|
|t:|1782439502
|teamsize|p1|4
|teamsize|p2|4
|start
|switch|p1a: Volcarona|Volcarona, L50, M|100/100
|switch|p1b: Froslass|Froslass, L50, F|100/100
|switch|p2a: Scrafty|Scrafty, L50, F|100/100
|switch|p2b: Farigiraf|Farigiraf, L50, M|100/100
|-ability|p2a: Scrafty|Intimidate|boost
|-unboost|p1a: Volcarona|atk|1
|-unboost|p1b: Froslass|atk|1
|turn|1
|inactive|nootbaar has 30 seconds left.
|inactive|nootbaar has 20 seconds left.
|
|t:|1782439538
|switch|p1b: Garchomp|Garchomp, L50, F|100/100
|move|p1a: Volcarona|Heat Wave|p2a: Scrafty|[spread] p2a,p2b
|-crit|p2a: Scrafty
|-damage|p2a: Scrafty|54/100
|-damage|p2b: Farigiraf|70/100
|-status|p2a: Scrafty|brn
|move|p2a: Scrafty|Knock Off|p1b: Garchomp
|-damage|p1b: Garchomp|77/100
|-damage|p2a: Scrafty|42/100 brn|[from] ability: Rough Skin|[of] p1b: Garchomp
|-enditem|p1b: Garchomp|Life Orb|[from] move: Knock Off|[of] p2a: Scrafty
|move|p2b: Farigiraf|Trick Room|p2b: Farigiraf
|-fieldstart|move: Trick Room|[of] p2b: Farigiraf
|
|-damage|p2a: Scrafty|36/100 brn|[from] brn
|upkeep
|turn|2
|inactive|nootbaar has 30 seconds left.
|inactive|bighamsterbaseball has 30 seconds left.
|
|t:|1782439566
|switch|p1b: Froslass|Froslass, L50, F|100/100
|detailschange|p2a: Scrafty|Scrafty-Mega, L50, F
|-mega|p2a: Scrafty|Scrafty|Scraftinite
|-ability|p2a: Scrafty|Intimidate|boost
|-unboost|p1a: Volcarona|atk|1
|-unboost|p1b: Froslass|atk|1
|move|p2b: Farigiraf|Psychic|p1a: Volcarona
|-damage|p1a: Volcarona|57/100
|move|p2a: Scrafty|Knock Off|p1a: Volcarona
|-damage|p1a: Volcarona|25/100
|-enditem|p1a: Volcarona|Leftovers|[from] move: Knock Off|[of] p2a: Scrafty
|move|p1a: Volcarona|Heat Wave|p2b: Farigiraf|[spread] p2a,p2b
|-damage|p2a: Scrafty|11/100 brn
|-damage|p2b: Farigiraf|40/100
|-enditem|p2b: Farigiraf|Sitrus Berry|[eat]
|-heal|p2b: Farigiraf|64/100|[from] item: Sitrus Berry
|
|-damage|p2a: Scrafty|5/100 brn|[from] brn
|upkeep
|turn|3
|inactive|nootbaar has 30 seconds left.
|inactive|bighamsterbaseball has 30 seconds left.
|
|t:|1782439600
|switch|p2a: Torkoal|Torkoal, L50, M|100/100
|-weather|SunnyDay|[from] ability: Drought|[of] p2a: Torkoal
|move|p2b: Farigiraf|Protect|p2b: Farigiraf
|-singleturn|p2b: Farigiraf|Protect
|move|p1a: Volcarona|Protect|p1a: Volcarona
|-singleturn|p1a: Volcarona|Protect
|move|p1b: Froslass|Protect||[still]
|-fail|p1b: Froslass
|
|-weather|SunnyDay|[upkeep]
|upkeep
|turn|4
|inactive|nootbaar has 30 seconds left.
|
|t:|1782439630
|move|p1b: Froslass|Protect|p1b: Froslass
|-singleturn|p1b: Froslass|Protect
|move|p2a: Torkoal|Eruption|p1a: Volcarona|[spread] p1a
|-activate|p1b: Froslass|move: Protect
|-damage|p1a: Volcarona|0 fnt
|faint|p1a: Volcarona
|move|p2b: Farigiraf|Psychic|p1b: Froslass
|-activate|p1b: Froslass|move: Protect
|
|-weather|SunnyDay|[upkeep]
|upkeep
|
|t:|1782439648
|switch|p1a: Sneasler|Sneasler, L50, F|100/100
|turn|5
|
|t:|1782439668
|switch|p1b: Garchomp|Garchomp, L50, F|77/100
|move|p1a: Sneasler|Protect|p1a: Sneasler
|-singleturn|p1a: Sneasler|Protect
|move|p2a: Torkoal|Eruption|p1b: Garchomp|[spread] p1b
|-activate|p1a: Sneasler|move: Protect
|-resisted|p1b: Garchomp|1
|-damage|p1b: Garchomp|40/100
|move|p2b: Farigiraf|Psychic|p1b: Garchomp
|-damage|p1b: Garchomp|0 fnt
|faint|p1b: Garchomp
|
|-weather|SunnyDay|[upkeep]
|-fieldend|move: Trick Room
|upkeep
|
|t:|1782439679
|switch|p1b: Froslass|Froslass, L50, F|100/100
|turn|6
|
|t:|1782439698
|switch|p2a: Scrafty|Scrafty-Mega, L50, F|5/100 brn
|-ability|p2a: Scrafty|Intimidate|boost
|-unboost|p1a: Sneasler|atk|1
|-unboost|p1b: Froslass|atk|1
|-enditem|p1a: Sneasler|White Herb
|-clearnegativeboost|p1a: Sneasler|[silent]
|detailschange|p1b: Froslass|Froslass-Mega, L50, F
|-mega|p1b: Froslass|Froslass|Froslassite
|-weather|Snowscape|[from] ability: Snow Warning|[of] p1b: Froslass
|move|p2b: Farigiraf|Protect|p2b: Farigiraf
|-singleturn|p2b: Farigiraf|Protect
|move|p1a: Sneasler|Close Combat|p2b: Farigiraf
|-activate|p2b: Farigiraf|move: Protect
|move|p1b: Froslass|Blizzard|p2a: Scrafty|[spread] p2a
|-activate|p2b: Farigiraf|move: Protect
|-damage|p2a: Scrafty|0 fnt
|faint|p2a: Scrafty
|
|-weather|Snowscape|[upkeep]
|upkeep
|
|t:|1782439705
|switch|p2a: Torkoal|Torkoal, L50, M|100/100
|-weather|SunnyDay|[from] ability: Drought|[of] p2a: Torkoal
|turn|7
|
|t:|1782439721
|move|p1a: Sneasler|Close Combat|p2b: Farigiraf
|-damage|p2b: Farigiraf|11/100
|-unboost|p1a: Sneasler|def|1
|-unboost|p1a: Sneasler|spd|1
|move|p1b: Froslass|Blizzard|p2b: Farigiraf|[spread] p2b
|-miss|p1b: Froslass|p2a: Torkoal
|-damage|p2b: Farigiraf|0 fnt
|faint|p2b: Farigiraf
|move|p2a: Torkoal|Weather Ball|p1b: Froslass
|-supereffective|p1b: Froslass|1
|-damage|p1b: Froslass|0 fnt
|faint|p1b: Froslass
|
|-weather|SunnyDay|[upkeep]
|upkeep
|
|t:|1782439729
|switch|p2b: Mamoswine|Mamoswine, L50, M|100/100
|turn|8
|
|t:|1782439738
|move|p1a: Sneasler|Close Combat|p2b: Mamoswine
|-supereffective|p2b: Mamoswine|1
|-enditem|p2b: Mamoswine|Focus Sash
|-damage|p2b: Mamoswine|1/100
|-unboost|p1a: Sneasler|def|1
|-unboost|p1a: Sneasler|spd|1
|move|p2b: Mamoswine|High Horsepower|p1a: Sneasler
|-supereffective|p1a: Sneasler|1
|-damage|p1a: Sneasler|0 fnt
|faint|p1a: Sneasler
|
|win|bighamsterbaseball
|raw|nootbaar's rating: 1098 → 1073(-25 for losing)
|raw|bighamsterbaseball's rating: 1093 → 1119(+26 for winning)
|l|☆bighamsterbaseball
|player|p2|
|j|☆bighamsterbaseball
|player|p2|bighamsterbaseball|pokemaniac|
