|j|☆LOArmarouge
|j|☆Zurneus
|html|LOArmarougeZurneus    
|uhtml|bestof|Game 2 of a best-of-3
|t:|1756187539
|gametype|doubles
|player|p1|LOArmarouge|101|1235
|player|p2|Zurneus|silver|1192
|gen|9
|tier|[Gen 9] VGC 2025 Reg H (Bo3)
|rated|
|rule|Species Clause: Limit one of each Pokémon
|rule|Item Clause: Limit 1 of each item
|clearpoke
|poke|p1|Porygon2, L50|
|poke|p1|Ursaluna, L50, F|
|poke|p1|Amoonguss, L50, F|
|poke|p1|Gholdengo, L50|
|poke|p1|Incineroar, L50, M|
|poke|p1|Mienshao, L50, M|
|poke|p2|Gyarados, L50, M|
|poke|p2|Indeedee, L50, M|
|poke|p2|Volcarona, L50, M|
|poke|p2|Excadrill, L50, M|
|poke|p2|Amoonguss, L50, M|
|poke|p2|Tyranitar, L50, F|
|teampreview|4
|showteam|p1|Porygon2||Eviolite|Download|TeraBlast,IceBeam,TrickRoom,Recover||||||50|,,,,,Fighting]Ursaluna||FlameOrb|Guts|Facade,HeadlongRush,Earthquake,Protect|||F|||50|,,,,,Ghost]Amoonguss||CovertCloak|Regenerator|PollenPuff,RagePowder,Spore,Protect|||F|||50|,,,,,Water]Gholdengo||LifeOrb|GoodasGold|MakeItRain,ShadowBall,NastyPlot,Protect||||||50|,,,,,Dragon]Incineroar||SafetyGoggles|Intimidate|FakeOut,KnockOff,FlareBlitz,PartingShot|||M|||50|,,,,,Ghost]Mienshao||FocusSash|InnerFocus|CloseCombat,KnockOff,FakeOut,Feint|||M|||50|,,,,,Stellar
|showteam|p2|Gyarados||SafetyGoggles|Intimidate|Taunt,ThunderWave,Waterfall,Protect|||M|||50|,,,,,Steel]Indeedee||ChoiceScarf|PsychicSurge|DazzlingGleam,TeraBlast,Trick,ExpandingForce|||M|||50|,,,,,Psychic]Volcarona||LifeOrb|FlameBody|HeatWave,Tailwind,TeraBlast,Protect|||M|||50|,,,,,Fairy]Excadrill||ClearAmulet|SandRush|Protect,Earthquake,HighHorsepower,IronHead|||M|||50|,,,,,Ghost]Amoonguss||SitrusBerry|Regenerator|Protect,ClearSmog,RagePowder,Spore|||M|||50|,,,,,Water]Tyranitar||AssaultVest|SandStream|LowKick,TeraBlast,KnockOff,RockSlide|||F|||50|,,,,,Flying
|
|t:|1756187570
|teamsize|p1|4
|teamsize|p2|4
|start
|switch|p1a: Mienshao|Mienshao, L50, M|100/100
|switch|p1b: Gholdengo|Gholdengo, L50|100/100
|switch|p2a: Volcarona|Volcarona, L50, M|100/100
|switch|p2b: Gyarados|Gyarados, L50, M|100/100
|-ability|p2b: Gyarados|Intimidate|boost
|-fail|p1a: Mienshao|unboost|Attack|[from] ability: Inner Focus|[of] p1a: Mienshao
|-unboost|p1b: Gholdengo|atk|1
|turn|1
|
|t:|1756187606
|move|p2a: Volcarona|Protect|p2a: Volcarona
|-singleturn|p2a: Volcarona|Protect
|move|p2b: Gyarados|Protect|p2b: Gyarados
|-singleturn|p2b: Gyarados|Protect
|move|p1a: Mienshao|Fake Out|p2a: Volcarona
|-activate|p2a: Volcarona|move: Protect
|move|p1b: Gholdengo|Nasty Plot|p1b: Gholdengo
|-boost|p1b: Gholdengo|spa|2
|
|upkeep
|turn|2
|
|t:|1756187632
|move|p1b: Gholdengo|Protect|p1b: Gholdengo
|-singleturn|p1b: Gholdengo|Protect
|move|p1a: Mienshao|Knock Off|p2a: Volcarona
|-damage|p2a: Volcarona|62/100
|-status|p1a: Mienshao|brn|[from] ability: Flame Body|[of] p2a: Volcarona
|-enditem|p2a: Volcarona|Life Orb|[from] move: Knock Off|[of] p1a: Mienshao
|move|p2a: Volcarona|Tailwind|p2a: Volcarona
|-sidestart|p2: Zurneus|move: Tailwind
|move|p2b: Gyarados|Waterfall|p1a: Mienshao
|-damage|p1a: Mienshao|39/100 brn
|
|-damage|p1a: Mienshao|33/100 brn|[from] brn
|upkeep
|turn|3
|
|t:|1756187663
|-terastallize|p1b: Gholdengo|Dragon
|move|p2a: Volcarona|Heat Wave|p1a: Mienshao|[spread] p1a,p1b
|-resisted|p1b: Gholdengo
|-damage|p1a: Mienshao|0 fnt
|-damage|p1b: Gholdengo|82/100
|faint|p1a: Mienshao
|move|p2b: Gyarados|Waterfall|p1b: Gholdengo
|-resisted|p1b: Gholdengo
|-damage|p1b: Gholdengo|65/100
|move|p1b: Gholdengo|Shadow Ball|p2b: Gyarados
|-damage|p2b: Gyarados|25/100
|-damage|p1b: Gholdengo|56/100|[from] item: Life Orb
|
|upkeep
|
|t:|1756187677
|switch|p1a: Porygon2|Porygon2, L50|100/100
|-ability|p1a: Porygon2|Download|boost
|-boost|p1a: Porygon2|atk|1
|turn|4
|
|t:|1756187719
|-terastallize|p2a: Volcarona|Fairy
|move|p2a: Volcarona|Tera Blast|p1b: Gholdengo|[anim] Tera Blast Fairy
|-supereffective|p1b: Gholdengo
|-damage|p1b: Gholdengo|0 fnt
|faint|p1b: Gholdengo
|move|p2b: Gyarados|Taunt|p1a: Porygon2
|-start|p1a: Porygon2|move: Taunt
|cant|p1a: Porygon2|move: Taunt|Trick Room
|
|upkeep
|
|t:|1756187724
|switch|p1b: Ursaluna|Ursaluna, L50, F|100/100
|turn|5
|
|t:|1756187746
|move|p1b: Ursaluna|Protect|p1b: Ursaluna
|-singleturn|p1b: Ursaluna|Protect
|move|p2a: Volcarona|Tera Blast|p1a: Porygon2|[anim] Tera Blast Fairy
|-damage|p1a: Porygon2|75/100
|move|p2b: Gyarados|Waterfall|p1a: Porygon2
|-damage|p1a: Porygon2|54/100
|move|p1a: Porygon2|Ice Beam|p2b: Gyarados
|-damage|p2b: Gyarados|3/100
|
|-sideend|p2: Zurneus|move: Tailwind
|-status|p1b: Ursaluna|brn|[from] item: Flame Orb
|upkeep
|turn|6
|
|t:|1756187765
|move|p2a: Volcarona|Tera Blast|p1b: Ursaluna|[anim] Tera Blast Fairy
|-damage|p1b: Ursaluna|65/100 brn
|move|p2b: Gyarados|Waterfall|p1b: Ursaluna
|-supereffective|p1b: Ursaluna
|-damage|p1b: Ursaluna|14/100 brn
|move|p1b: Ursaluna|Facade|p2b: Gyarados
|-damage|p2b: Gyarados|0 fnt
|faint|p2b: Gyarados
|move|p1a: Porygon2|Ice Beam|p2a: Volcarona
|-damage|p2a: Volcarona|37/100
|
|-damage|p1b: Ursaluna|8/100 brn|[from] brn
|-end|p1a: Porygon2|move: Taunt
|upkeep
|
|t:|1756187783
|switch|p2b: Tyranitar|Tyranitar, L50, F|100/100
|-weather|Sandstorm|[from] ability: Sand Stream|[of] p2b: Tyranitar
|turn|7
|
|t:|1756187802
|move|p2a: Volcarona|Tera Blast|p1a: Porygon2|[anim] Tera Blast Fairy
|-damage|p1a: Porygon2|27/100
|move|p2b: Tyranitar|Low Kick|p1a: Porygon2
|-supereffective|p1a: Porygon2
|-damage|p1a: Porygon2|0 fnt
|faint|p1a: Porygon2
|move|p1b: Ursaluna|Headlong Rush|p2b: Tyranitar
|-supereffective|p2b: Tyranitar
|-damage|p2b: Tyranitar|0 fnt
|-unboost|p1b: Ursaluna|def|1
|-unboost|p1b: Ursaluna|spd|1
|faint|p2b: Tyranitar
|
|-weather|Sandstorm|[upkeep]
|-damage|p2a: Volcarona|31/100|[from] Sandstorm
|-damage|p1b: Ursaluna|2/100 brn|[from] brn
|upkeep
|
|t:|1756187816
|switch|p2b: Amoonguss|Amoonguss, L50, M|100/100
|turn|8
|
|t:|1756187821
|move|p2b: Amoonguss|Rage Powder|p2b: Amoonguss
|-singleturn|p2b: Amoonguss|move: Rage Powder
|move|p2a: Volcarona|Tera Blast|p1b: Ursaluna|[anim] Tera Blast Fairy
|-damage|p1b: Ursaluna|0 fnt
|faint|p1b: Ursaluna
|
|win|Zurneus
||Zurneus is ready for game 3.
||LOArmarouge is ready for game 3.
|uhtml|next|Next: Game 3 of 3
|l|☆LOArmarouge
|player|p1|
