|j|☆dmac55
|j|☆DaviDXrt
|html|dmac55DaviDXrt    
|uhtml|bestof|Game 2 of a best-of-3
|t:|1785808507
|gametype|doubles
|player|p1|dmac55|265|1362
|player|p2|DaviDXrt|102|1292
|gen|9
|tier|[Gen 9 Champions] VGC 2026 Reg M-B (Bo3)
|rated|
|rule|Species Clause: Limit one of each Pokémon
|rule|Item Clause: Limit 1 of each item
|clearpoke
|poke|p1|Vanilluxe, L50, F|
|poke|p1|Kingambit, L50, M|
|poke|p1|Raichu, L50, F|
|poke|p1|Basculegion, L50, M|
|poke|p1|Volcarona, L50, F|
|poke|p1|Garchomp, L50, M|
|poke|p2|Pelipper, L50, F|
|poke|p2|Archaludon, L50, M|
|poke|p2|Basculegion, L50, M|
|poke|p2|Floette-Eternal, L50, F|
|poke|p2|Klefki, L50, M|
|poke|p2|Gallade, L50, M|
|teampreview|4
|showteam|p1|Vanilluxe||NeverMeltIce|SnowWarning|Blizzard,FreezeDry,IceShard,Protect|Modest||F|||50|]Kingambit||BlackGlasses|Defiant|KowtowCleave,SuckerPunch,IronHead,Protect|Adamant||M|||50|]Raichu||RaichuniteY|LightningRod|FakeOut,ZapCannon,FocusBlast,Protect|Timid||F|||50|]Basculegion||ChoiceScarf|Adaptability|LastRespects,WaveCrash,AquaJet,FlipTurn|Jolly||M|||50|]Volcarona||SitrusBerry|FlameBody|Tailwind,RagePowder,HeatWave,AirSlash|Bold||F|||50|]Garchomp||LifeOrb|RoughSkin|DragonClaw,StompingTantrum,RockSlide,Protect|Jolly||M|||50|
|showteam|p2|Pelipper||SitrusBerry|Drizzle|Protect,Tailwind,WeatherBall,Hurricane|Modest||F|||50|]Archaludon||QuickClaw|Stamina|Protect,ElectroShot,DracoMeteor,FlashCannon|Modest||M|||50|]Basculegion||MysticWater|SwiftSwim|Protect,AquaJet,WaveCrash,LastRespects|Adamant||M|||50|]Floette-Eternal||Floettite|FlowerVeil|Protect,Moonblast,DazzlingGleam,LightofRuin|Modest||F|||50|]Klefki||LightClay|Prankster|Reflect,LightScreen,RainDance,TrickRoom|Bold||M|||50|]Gallade||LifeOrb|Sharpness|Protect,PsychoCut,SacredSword,KnockOff|Adamant||M|||50|
|inactive|Battle timer is ON: inactive players will automatically lose when time's up. (requested by DaviDXrt)
|inactive|dmac55 has 60 seconds left.
|
|t:|1785808557
|teamsize|p1|4
|teamsize|p2|4
|start
|switch|p1a: Raichu|Raichu, L50, F|100/100
|switch|p1b: Basculegion|Basculegion, L50, M|100/100
|switch|p2a: Floette|Floette-Eternal, L50, F|100/100
|switch|p2b: Klefki|Klefki, L50, M|100/100
|turn|1
|
|t:|1785808578
|detailschange|p1a: Raichu|Raichu-Mega-Y, L50, F
|-mega|p1a: Raichu|Raichu|Raichunite Y
|detailschange|p2a: Floette|Floette-Mega, L50, F
|-mega|p2a: Floette|Floette|Floettite
|-ability|p2a: Floette|Fairy Aura
|move|p1b: Basculegion|Wave Crash|p2b: Klefki
|-damage|p2b: Klefki|21/100
|-damage|p1b: Basculegion|79/100|[from] Recoil
|move|p1a: Raichu|Zap Cannon|p2a: Floette
|-damage|p2a: Floette|56/100
|-status|p2a: Floette|par
|cant|p2a: Floette|par
|move|p2b: Klefki|Trick Room|p2b: Klefki
|-fieldstart|move: Trick Room|[of] p2b: Klefki
|
|upkeep
|turn|2
|inactive|dmac55 has 30 seconds left.
|
|t:|1785808603
|move|p2b: Klefki|Reflect|p2b: Klefki
|-sidestart|p2: DaviDXrt|Reflect
|move|p2a: Floette|Light of Ruin|p1a: Raichu
|-damage|p1a: Raichu|0 fnt
|faint|p1a: Raichu
|-damage|p2a: Floette|9/100 par|[from] Recoil
|move|p1b: Basculegion|Wave Crash|p2a: Floette
|-crit|p2a: Floette
|-damage|p2a: Floette|0 fnt
|faint|p2a: Floette
|-damage|p1b: Basculegion|76/100|[from] Recoil
|
|upkeep
|
|t:|1785808614
|switch|p2a: Archaludon|Archaludon, L50, M|100/100
|switch|p1a: Vanilluxe|Vanilluxe, L50, F|100/100
|-weather|Snowscape|[from] ability: Snow Warning|[of] p1a: Vanilluxe
|turn|3
|
|t:|1785808626
|switch|p1b: Garchomp|Garchomp, L50, M|100/100
|move|p2b: Klefki|Rain Dance|p2b: Klefki
|-weather|RainDance
|move|p1a: Vanilluxe|Blizzard|p2b: Klefki|[spread] p2a
|-miss|p1a: Vanilluxe|p2b: Klefki
|-damage|p2a: Archaludon|47/100
|-ability|p2a: Archaludon|Stamina|boost
|-boost|p2a: Archaludon|def|1
|move|p2a: Archaludon|Electro Shot||[still]
|-prepare|p2a: Archaludon|Electro Shot
|-boost|p2a: Archaludon|spa|1
|-anim|p2a: Archaludon|Electro Shot|p1b: Garchomp
|-immune|p1b: Garchomp
|
|-weather|RainDance|[upkeep]
|upkeep
|turn|4
|inactive|dmac55 has 30 seconds left.
|inactive|dmac55 has 20 seconds left.
|inactive|dmac55 has 15 seconds left.
|inactive|dmac55 has 10 seconds left.
|
|t:|1785808672
|switch|p1a: Basculegion|Basculegion, L50, M|76/100
|move|p2b: Klefki|Light Screen|p2b: Klefki
|-sidestart|p2: DaviDXrt|move: Light Screen
|move|p2a: Archaludon|Electro Shot||[still]
|-prepare|p2a: Archaludon|Electro Shot
|-boost|p2a: Archaludon|spa|1
|-anim|p2a: Archaludon|Electro Shot|p1a: Basculegion
|-supereffective|p1a: Basculegion|1
|-damage|p1a: Basculegion|0 fnt
|faint|p1a: Basculegion
|move|p1b: Garchomp|Stomping Tantrum|p2a: Archaludon
|-supereffective|p2a: Archaludon|1
|-damage|p2a: Archaludon|16/100
|-ability|p2a: Archaludon|Stamina|boost
|-boost|p2a: Archaludon|def|1
|-damage|p1b: Garchomp|90/100|[from] item: Life Orb
|
|-weather|RainDance|[upkeep]
|upkeep
|
|t:|1785808687
|switch|p1a: Vanilluxe|Vanilluxe, L50, F|100/100
|-weather|Snowscape|[from] ability: Snow Warning|[of] p1a: Vanilluxe
|turn|5
|-activate|p2a: Archaludon|item: Quick Claw
|
|t:|1785808695
|move|p2b: Klefki|Rain Dance|p2b: Klefki
|-weather|RainDance
|move|p2a: Archaludon|Draco Meteor|p1b: Garchomp
|-supereffective|p1b: Garchomp|1
|-damage|p1b: Garchomp|0 fnt
|-unboost|p2a: Archaludon|spa|2
|faint|p1b: Garchomp
|move|p1a: Vanilluxe|Freeze-Dry|p2a: Archaludon
|-damage|p2a: Archaludon|0 fnt
|faint|p2a: Archaludon
|
|-weather|RainDance|[upkeep]
|-fieldend|move: Trick Room
|upkeep
|
|t:|1785808704
|switch|p2a: Gallade|Gallade, L50, M|100/100
|turn|6
|
|t:|1785808722
|move|p1a: Vanilluxe|Freeze-Dry|p2a: Gallade
|-damage|p2a: Gallade|73/100
|move|p2a: Gallade|Sacred Sword|p1a: Vanilluxe
|-supereffective|p1a: Vanilluxe|1
|-damage|p1a: Vanilluxe|0 fnt
|faint|p1a: Vanilluxe
|-damage|p2a: Gallade|64/100|[from] item: Life Orb
|
|win|DaviDXrt
||DaviDXrt is ready for game 3.
|inactive|dmac55 has 30 seconds to confirm battle start!
||dmac55 is ready for game 3.
|uhtml|next|Next: Game 3 of 3
|l|☆DaviDXrt
|player|p2|
|l|☆dmac55
|player|p1|
