|j|☆ReggioVGC
|j|☆AnTree4
|html|ReggioVGCAnTree4    
|uhtml|bestof|Game 1 of a best-of-3
|t:|1756754470
|gametype|doubles
|player|p1|ReggioVGC|lucas|1108
|player|p2|AnTree4|brock|1164
|gen|9
|tier|[Gen 9] VGC 2025 Reg H (Bo3)
|rated|
|rule|Species Clause: Limit one of each Pokémon
|rule|Item Clause: Limit 1 of each item
|clearpoke
|poke|p1|Ursaluna, L50, M|
|poke|p1|Kilowattrel, L50, F|
|poke|p1|Gholdengo, L50|
|poke|p1|Incineroar, L50, M|
|poke|p1|Amoonguss, L50, F|
|poke|p1|Porygon2, L50|
|poke|p2|Tyranitar, L50, F|
|poke|p2|Sinistcha-Masterpiece, L50|
|poke|p2|Tinkaton, L50, F|
|poke|p2|Volcarona, L50, M|
|poke|p2|Gholdengo, L50|
|poke|p2|Ursaluna-Bloodmoon, L50, M|
|teampreview|4
|showteam|p1|Ursaluna||FlameOrb|Guts|Facade,HeadlongRush,Earthquake,Protect|||M|||50|,,,,,Fairy]Kilowattrel||FocusSash|Competitive|Thunderbolt,AirSlash,Tailwind,Protect|||F|||50|,,,,,Ghost]Gholdengo||LifeOrb|GoodasGold|MakeItRain,ShadowBall,NastyPlot,Protect||||||50|,,,,,Flying]Incineroar||AssaultVest|Intimidate|KnockOff,FlareBlitz,Uturn,FakeOut|||M|||50|,,,,,Grass]Amoonguss||SitrusBerry|Regenerator|Spore,RagePowder,SludgeBomb,Protect|||F|||50|,,,,,Water]Porygon2||Eviolite|Download|TeraBlast,IceBeam,Recover,TrickRoom||||||50|,,,,,Fighting
|showteam|p2|Tyranitar||LumBerry|SandStream|KnockOff,RockSlide,DragonDance,Protect|||F|||50|,,,,,Dragon]Sinistcha-Masterpiece||SitrusBerry|Hospitality|MatchaGotcha,RagePowder,LifeDew,TrickRoom||||||50|,,,,,Fire]Tinkaton||AssaultVest|MoldBreaker|FakeOut,GigatonHammer,PlayRough,Feint|||F|||50|,,,,,Water]Volcarona||Leftovers|FlameBody|TeraBlast,HeatWave,QuiverDance,Protect|||M|||50|,,,,,Fairy]Gholdengo||ChoiceScarf|GoodasGold|MakeItRain,ShadowBall,Trick,Protect||||||50|,,,,,Steel]Ursaluna-Bloodmoon||LifeOrb|MindsEye|BloodMoon,HyperVoice,EarthPower,Protect|||M|||50|,,,,,Normal
|c|☆ReggioVGC|gl hf
|c|☆AnTree4|u2
|inactive|Battle timer is ON: inactive players will automatically lose when time's up. (requested by AnTree4)
|inactive|ReggioVGC has 60 seconds left.
|
|t:|1756754589
|teamsize|p1|4
|teamsize|p2|4
|start
|switch|p1a: Big Bird|Kilowattrel, L50, F|100/100
|switch|p1b: Pumpy the Grumpy|Incineroar, L50, M, shiny|100/100
|switch|p2a: Tinkaton|Tinkaton, L50, F|100/100
|switch|p2b: Volcarona|Volcarona, L50, M|100/100
|-ability|p2a: Tinkaton|Mold Breaker
|-ability|p1b: Pumpy the Grumpy|Intimidate|boost
|-unboost|p2a: Tinkaton|atk|1
|-unboost|p2b: Volcarona|atk|1
|turn|1
|inactive|ReggioVGC has 30 seconds left.
|inactive|AnTree4 has 30 seconds left.
|inactive|AnTree4 has 20 seconds left.
|
|t:|1756754629
|move|p2a: Tinkaton|Fake Out|p1b: Pumpy the Grumpy
|-damage|p1b: Pumpy the Grumpy|94/100
|cant|p1b: Pumpy the Grumpy|flinch
|move|p1a: Big Bird|Tailwind|p1a: Big Bird
|-sidestart|p1: ReggioVGC|move: Tailwind
|move|p2b: Volcarona|Quiver Dance|p2b: Volcarona
|-boost|p2b: Volcarona|spa|1
|-boost|p2b: Volcarona|spd|1
|-boost|p2b: Volcarona|spe|1
|
|upkeep
|turn|2
|inactive|ReggioVGC has 30 seconds left.
|inactive|AnTree4 has 30 seconds left.
|inactive|AnTree4 has 20 seconds left.
|inactive|AnTree4 has 15 seconds left.
|
|t:|1756754674
|move|p2b: Volcarona|Protect|p2b: Volcarona
|-singleturn|p2b: Volcarona|Protect
|move|p1a: Big Bird|Air Slash|p2b: Volcarona
|-activate|p2b: Volcarona|move: Protect
|move|p1b: Pumpy the Grumpy|Knock Off|p2b: Volcarona
|-activate|p2b: Volcarona|move: Protect
|move|p2a: Tinkaton|Gigaton Hammer|p1a: Big Bird
|-resisted|p1a: Big Bird
|-damage|p1a: Big Bird|72/100
|
|upkeep
|turn|3
|inactive|AnTree4 has 30 seconds left.
|
|t:|1756754708
|-terastallize|p2b: Volcarona|Fairy
|move|p1a: Big Bird|Air Slash|p2b: Volcarona
|-damage|p2b: Volcarona|77/100
|cant|p2b: Volcarona|flinch
|move|p1b: Pumpy the Grumpy|Knock Off|p2b: Volcarona
|-resisted|p2b: Volcarona
|-damage|p2b: Volcarona|49/100
|-enditem|p2b: Volcarona|Leftovers|[from] move: Knock Off|[of] p1b: Pumpy the Grumpy
|move|p2a: Tinkaton|Play Rough|p1b: Pumpy the Grumpy
|-damage|p1b: Pumpy the Grumpy|79/100
|
|upkeep
|turn|4
|inactive|ReggioVGC has 30 seconds left.
|
|t:|1756754742
|switch|p2a: Sinistcha|Sinistcha-Masterpiece, L50|100/100
|-heal|p2b: Volcarona|74/100|[from] ability: Hospitality|[of] p2a: Sinistcha
|move|p1a: Big Bird|Protect|p1a: Big Bird
|-singleturn|p1a: Big Bird|Protect
|move|p2b: Volcarona|Quiver Dance|p2b: Volcarona
|-boost|p2b: Volcarona|spa|1
|-boost|p2b: Volcarona|spd|1
|-boost|p2b: Volcarona|spe|1
|move|p1b: Pumpy the Grumpy|U-turn|p2b: Volcarona
|-resisted|p2b: Volcarona
|-damage|p2b: Volcarona|61/100
|
|t:|1756754757
|switch|p1b: Mr Worldwide|Gholdengo, L50|100/100|[from] U-turn
|
|-sideend|p1: ReggioVGC|move: Tailwind
|upkeep
|turn|5
|
|t:|1756754774
|switch|p2a: Tinkaton|Tinkaton, L50, F|100/100
|-ability|p2a: Tinkaton|Mold Breaker
|move|p1b: Mr Worldwide|Protect|p1b: Mr Worldwide
|-singleturn|p1b: Mr Worldwide|Protect
|move|p2b: Volcarona|Heat Wave|p1b: Mr Worldwide|[spread] p1a
|-activate|p1b: Mr Worldwide|move: Protect
|-crit|p1a: Big Bird
|-damage|p1a: Big Bird|0 fnt
|faint|p1a: Big Bird
|
|upkeep
|
|t:|1756754790
|switch|p1a: Dinko|Ursaluna, L50, M|100/100
|turn|6
|
|t:|1756754812
|switch|p2a: Sinistcha|Sinistcha-Masterpiece, L50|100/100
|-heal|p2b: Volcarona|86/100|[from] ability: Hospitality|[of] p2a: Sinistcha
|-terastallize|p1b: Mr Worldwide|Flying
|move|p1a: Dinko|Protect|p1a: Dinko
|-singleturn|p1a: Dinko|Protect
|move|p2b: Volcarona|Heat Wave|p1a: Dinko|[spread] 
|-activate|p1a: Dinko|move: Protect
|-miss|p2b: Volcarona|p1b: Mr Worldwide
|move|p1b: Mr Worldwide|Make It Rain|p2a: Sinistcha|[spread] p2a,p2b
|-supereffective|p2b: Volcarona
|-damage|p2a: Sinistcha|52/100
|-damage|p2b: Volcarona|27/100
|-unboost|p1b: Mr Worldwide|spa|1
|-damage|p1b: Mr Worldwide|91/100|[from] item: Life Orb
|
|-status|p1a: Dinko|brn|[from] item: Flame Orb
|upkeep
|turn|7
|
|t:|1756754832
|switch|p1a: Pumpy the Grumpy|Incineroar, L50, M, shiny|79/100
|-ability|p1a: Pumpy the Grumpy|Intimidate|boost
|-unboost|p2a: Sinistcha|atk|1
|-unboost|p2b: Volcarona|atk|1
|move|p2b: Volcarona|Heat Wave|p1a: Pumpy the Grumpy|[spread] p1a,p1b
|-resisted|p1a: Pumpy the Grumpy
|-crit|p1a: Pumpy the Grumpy
|-damage|p1a: Pumpy the Grumpy|41/100
|-damage|p1b: Mr Worldwide|5/100
|move|p1b: Mr Worldwide|Make It Rain|p2a: Sinistcha|[spread] p2a,p2b
|-supereffective|p2b: Volcarona
|-damage|p2a: Sinistcha|23/100
|-damage|p2b: Volcarona|0 fnt
|-unboost|p1b: Mr Worldwide|spa|1
|-enditem|p2a: Sinistcha|Sitrus Berry|[eat]
|-heal|p2a: Sinistcha|48/100|[from] item: Sitrus Berry
|faint|p2b: Volcarona
|-damage|p1b: Mr Worldwide|0 fnt|[from] item: Life Orb
|faint|p1b: Mr Worldwide
|move|p2a: Sinistcha|Matcha Gotcha|p1a: Pumpy the Grumpy
|-resisted|p1a: Pumpy the Grumpy
|-damage|p1a: Pumpy the Grumpy|31/100
|-heal|p2a: Sinistcha|53/100|[from] drain|[of] p1a: Pumpy the Grumpy
|
|upkeep
|
|t:|1756754849
|switch|p1b: Dinko|Ursaluna, L50, M|100/100 brn
|switch|p2b: Tinkaton|Tinkaton, L50, F|100/100
|-ability|p2b: Tinkaton|Mold Breaker
|turn|8
|inactive|ReggioVGC has 30 seconds left.
|inactive|ReggioVGC has 20 seconds left.
|inactive|ReggioVGC has 15 seconds left.
|
|t:|1756754893
|move|p2b: Tinkaton|Fake Out|p1a: Pumpy the Grumpy
|-damage|p1a: Pumpy the Grumpy|24/100
|cant|p1a: Pumpy the Grumpy|flinch
|move|p1b: Dinko|Headlong Rush|p2b: Tinkaton
|-supereffective|p2b: Tinkaton
|-damage|p2b: Tinkaton|0 fnt
|-unboost|p1b: Dinko|def|1
|-unboost|p1b: Dinko|spd|1
|faint|p2b: Tinkaton
|move|p2a: Sinistcha|Matcha Gotcha|p1b: Dinko|[spread] p1a
|-miss|p2a: Sinistcha|p1b: Dinko
|-resisted|p1a: Pumpy the Grumpy
|-damage|p1a: Pumpy the Grumpy|16/100
|-heal|p2a: Sinistcha|57/100|[from] drain|[of] p1a: Pumpy the Grumpy
|
|-damage|p1b: Dinko|95/100 brn|[from] brn
|upkeep
|
|t:|1756754906
|switch|p2b: Ursaluna|Ursaluna-Bloodmoon, L50, M|100/100
|turn|9
|
|t:|1756754918
|move|p2a: Sinistcha|Rage Powder|p2a: Sinistcha
|-singleturn|p2a: Sinistcha|move: Rage Powder
|move|p1a: Pumpy the Grumpy|Knock Off|p2a: Sinistcha
|-supereffective|p2a: Sinistcha
|-damage|p2a: Sinistcha|0 fnt
|faint|p2a: Sinistcha
|move|p1b: Dinko|Facade|p2b: Ursaluna
|-damage|p2b: Ursaluna|12/100
|move|p2b: Ursaluna|Hyper Voice|p1a: Pumpy the Grumpy|[spread] p1a,p1b
|-crit|p1a: Pumpy the Grumpy
|-damage|p1a: Pumpy the Grumpy|0 fnt
|-damage|p1b: Dinko|15/100 brn
|faint|p1a: Pumpy the Grumpy
|-damage|p2b: Ursaluna|2/100|[from] item: Life Orb
|
|-damage|p1b: Dinko|10/100 brn|[from] brn
|upkeep
|turn|10
|
|t:|1756754931
|move|p2b: Ursaluna|Protect|p2b: Ursaluna
|-singleturn|p2b: Ursaluna|Protect
|move|p1b: Dinko|Facade|p2b: Ursaluna
|-activate|p2b: Ursaluna|move: Protect
|
|-damage|p1b: Dinko|4/100 brn|[from] brn
|upkeep
|turn|11
|
|t:|1756754938
|move|p2b: Ursaluna|Protect||[still]
|-fail|p2b: Ursaluna
|move|p1b: Dinko|Facade|p2b: Ursaluna
|-damage|p2b: Ursaluna|0 fnt
|faint|p2b: Ursaluna
|
|win|ReggioVGC
||ReggioVGC is ready for game 2.
||AnTree4 is ready for game 2.
|uhtml|next|Next: Game 2 of 3
