|j|☆Frakub
|j|☆VeryFakeVGC
|html|FrakubVeryFakeVGC    
|uhtml|bestof|Game 2 of a best-of-3
|t:|1755796220
|gametype|doubles
|player|p1|Frakub|acetrainer-gen4dp|1271
|player|p2|VeryFakeVGC|pokefan-gen4|1238
|gen|9
|tier|[Gen 9] VGC 2025 Reg H (Bo3)
|rated|
|rule|Species Clause: Limit one of each Pokémon
|rule|Item Clause: Limit 1 of each item
|clearpoke
|poke|p1|Kingambit, L50, M|
|poke|p1|Rillaboom, L50, F|
|poke|p1|Ninetales-Alola, L50, M|
|poke|p1|Dragonite, L50, M|
|poke|p1|Magmar, L50, F|
|poke|p1|Sneasler, L50, F|
|poke|p2|Smeargle, L50, F|
|poke|p2|Ninetales-Alola, L50, M|
|poke|p2|Ursaluna-Bloodmoon, L50, M|
|poke|p2|Incineroar, L50, M|
|poke|p2|Gholdengo, L50|
|poke|p2|Dragonite, L50, M|
|teampreview|4
|showteam|p1|Kingambit||BlackGlasses|Defiant|KowtowCleave,SuckerPunch,SwordsDance,Protect|||M|||50|,,,,,Dark]Rillaboom||AssaultVest|GrassySurge|WoodHammer,GrassyGlide,HighHorsepower,FakeOut|||F|||50|,,,,,Fire]Ninetales-Alola||LightClay|SnowWarning|Blizzard,FreezeDry,Protect,AuroraVeil|||M|||50|,,,,,Ghost]Dragonite||LoadedDice|Multiscale|ScaleShot,ExtremeSpeed,Haze,Protect|||M|||50|,,,,,Steel]Magmar||Eviolite|VitalSpirit|Taunt,Overheat,FollowMe,Protect|||F|||50|,,,,,Ghost]Sneasler||FocusSash|PoisonTouch|FakeOut,DireClaw,CloseCombat,Protect|||F|||50|,,,,,Ghost
|showteam|p2|Smeargle||FocusSash|Moody|Decorate,Spore,FollowMe,PollenPuff|||F|||50|,,,,,Ghost]Ninetales-Alola||NeverMeltIce|SnowWarning|Blizzard,FreezeDry,Encore,Protect|||M|||50|,,,,,Ghost]Ursaluna-Bloodmoon||AssaultVest|MindsEye|BloodMoon,HyperVoice,EarthPower,VacuumWave|||M|||50|,,,,,Water]Incineroar||SafetyGoggles|Intimidate|FlareBlitz,KnockOff,PartingShot,FakeOut|||M|||50|,,,,,Ghost]Gholdengo||LifeOrb|GoodasGold|MakeItRain,ShadowBall,NastyPlot,Protect||||||50|,,,,,Flying]Dragonite||LoadedDice|Multiscale|ScaleShot,ExtremeSpeed,Haze,Protect|||M|||50|,,,,,Fairy
|inactive|Battle timer is ON: inactive players will automatically lose when time's up. (requested by Frakub)
|inactive|VeryFakeVGC also wants the timer to be on.
|
|t:|1755796231
|teamsize|p1|4
|teamsize|p2|4
|start
|switch|p1a: Kingambit|Kingambit, L50, M|100/100
|switch|p1b: Magmar|Magmar, L50, F|100/100
|switch|p2a: Smeargle|Smeargle, L50, F|100/100
|switch|p2b: Ursaluna|Ursaluna-Bloodmoon, L50, M|100/100
|turn|1
|
|t:|1755796250
|move|p1b: Magmar|Follow Me|p1b: Magmar
|-singleturn|p1b: Magmar|move: Follow Me
|move|p2a: Smeargle|Spore|p1b: Magmar
|-immune|p1b: Magmar|[from] ability: Vital Spirit
|move|p2b: Ursaluna|Earth Power|p1b: Magmar
|-supereffective|p1b: Magmar
|-damage|p1b: Magmar|23/100
|move|p1a: Kingambit|Swords Dance|p1a: Kingambit
|-boost|p1a: Kingambit|atk|2
|
|-ability|p2a: Smeargle|Moody|boost
|-boost|p2a: Smeargle|spa|2
|-unboost|p2a: Smeargle|atk|1
|upkeep
|turn|2
|
|t:|1755796262
|move|p1a: Kingambit|Protect|p1a: Kingambit
|-singleturn|p1a: Kingambit|Protect
|move|p2a: Smeargle|Follow Me|p2a: Smeargle
|-singleturn|p2a: Smeargle|move: Follow Me
|move|p1b: Magmar|Taunt|p2a: Smeargle
|-start|p2a: Smeargle|move: Taunt
|move|p2b: Ursaluna|Hyper Voice|p1a: Kingambit|[spread] p1b
|-activate|p1a: Kingambit|move: Protect
|-crit|p1b: Magmar
|-damage|p1b: Magmar|0 fnt
|faint|p1b: Magmar
|
|-ability|p2a: Smeargle|Moody|boost
|-boost|p2a: Smeargle|atk|2
|-unboost|p2a: Smeargle|def|1
|upkeep
|
|t:|1755796275
|switch|p1b: Rillaboom|Rillaboom, L50, F|100/100
|-fieldstart|move: Grassy Terrain|[from] ability: Grassy Surge|[of] p1b: Rillaboom
|turn|3
|
|t:|1755796287
|switch|p2b: Dragonite|Dragonite, L50, M|100/100
|move|p1b: Rillaboom|Grassy Glide|p2b: Dragonite
|-resisted|p2b: Dragonite
|-damage|p2b: Dragonite|95/100
|move|p2a: Smeargle|Pollen Puff|p2b: Dragonite
|-heal|p2b: Dragonite|100/100
|move|p1a: Kingambit|Kowtow Cleave|p2b: Dragonite
|-damage|p2b: Dragonite|30/100
|
|-ability|p2a: Smeargle|Moody|boost
|-boost|p2a: Smeargle|def|2
|-unboost|p2a: Smeargle|spa|1
|upkeep
|turn|4
|l|☆Frakub
|inactive|Frakub disconnected and has a minute to reconnect!
|player|p1|
|inactive|Frakub has 30 seconds left.
|j|☆Frakub
|inactive|Frakub reconnected and has 30 seconds left.
|player|p1|Frakub|acetrainer-gen4dp|
|
|t:|1755796322
|move|p1b: Rillaboom|Grassy Glide|p2a: Smeargle
|-damage|p2a: Smeargle|41/100
|move|p2a: Smeargle|Pollen Puff|p2b: Dragonite
|-heal|p2b: Dragonite|80/100
|move|p2b: Dragonite|Haze|p2b: Dragonite
|-clearallboost
|move|p1a: Kingambit|Kowtow Cleave|p2b: Dragonite
|-damage|p2b: Dragonite|17/100
|
|-heal|p2a: Smeargle|47/100|[from] Grassy Terrain
|-ability|p2a: Smeargle|Moody|boost
|-boost|p2a: Smeargle|spa|2
|-unboost|p2a: Smeargle|spd|1
|upkeep
|turn|5
|
|t:|1755796340
|move|p2b: Dragonite|Extreme Speed|p1b: Rillaboom
|-damage|p1b: Rillaboom|72/100
|move|p1b: Rillaboom|Grassy Glide|p2a: Smeargle
|-damage|p2a: Smeargle|0 fnt
|faint|p2a: Smeargle
|move|p1a: Kingambit|Kowtow Cleave|p2b: Dragonite
|-damage|p2b: Dragonite|0 fnt
|faint|p2b: Dragonite
|
|-heal|p1b: Rillaboom|77/100|[from] Grassy Terrain
|upkeep
|
|t:|1755796345
|switch|p2a: D1 Seller|Ninetales-Alola, L50, M|100/100
|switch|p2b: Ursaluna|Ursaluna-Bloodmoon, L50, M|100/100
|-weather|Snowscape|[from] ability: Snow Warning|[of] p2a: D1 Seller
|turn|6
|inactive|Frakub has 30 seconds left.
|inactive|Frakub has 20 seconds left.
|
|t:|1755796384
|move|p1b: Rillaboom|Grassy Glide|p2b: Ursaluna
|-supereffective|p2b: Ursaluna
|-damage|p2b: Ursaluna|50/100
|move|p2a: D1 Seller|Blizzard|p1b: Rillaboom|[spread] p1a,p1b
|-resisted|p1a: Kingambit
|-supereffective|p1b: Rillaboom
|-damage|p1a: Kingambit|82/100
|-damage|p1b: Rillaboom|21/100
|move|p2b: Ursaluna|Earth Power|p1a: Kingambit
|-supereffective|p1a: Kingambit
|-damage|p1a: Kingambit|0 fnt
|faint|p1a: Kingambit
|
|-weather|Snowscape|[upkeep]
|-heal|p1b: Rillaboom|27/100|[from] Grassy Terrain
|-heal|p2b: Ursaluna|56/100|[from] Grassy Terrain
|upkeep
|
|t:|1755796390
|switch|p1a: Sneasler|Sneasler, L50, F|100/100
|turn|7
|
|t:|1755796402
|-terastallize|p2a: D1 Seller|Ghost
|move|p1b: Rillaboom|Grassy Glide|p2a: D1 Seller
|-damage|p2a: D1 Seller|45/100
|move|p1a: Sneasler|Close Combat|p2b: Ursaluna
|-supereffective|p2b: Ursaluna
|-damage|p2b: Ursaluna|0 fnt
|-unboost|p1a: Sneasler|def|1
|-unboost|p1a: Sneasler|spd|1
|faint|p2b: Ursaluna
|move|p2a: D1 Seller|Blizzard|p1b: Rillaboom|[spread] p1a,p1b
|-supereffective|p1b: Rillaboom
|-damage|p1a: Sneasler|26/100
|-damage|p1b: Rillaboom|0 fnt
|faint|p1b: Rillaboom
|
|-weather|Snowscape|[upkeep]
|-heal|p1a: Sneasler|32/100|[from] Grassy Terrain
|-heal|p2a: D1 Seller|52/100|[from] Grassy Terrain
|-fieldend|move: Grassy Terrain
|upkeep
|turn|8
|
|t:|1755796410
|move|p1a: Sneasler|Dire Claw|p2a: D1 Seller
|-resisted|p2a: D1 Seller
|-damage|p2a: D1 Seller|22/100
|-status|p2a: D1 Seller|psn|[from] ability: Poison Touch|[of] p1a: Sneasler
|move|p2a: D1 Seller|Blizzard|p1a: Sneasler
|-damage|p1a: Sneasler|0 fnt
|faint|p1a: Sneasler
|
|win|VeryFakeVGC
|raw|Frakub's rating: 1271 → 1244(-27 for losing)
|raw|VeryFakeVGC's rating: 1238 → 1265(+27 for winning)
|l|☆VeryFakeVGC
|player|p2|
|c|☆Frakub|gg
