|j|☆ENDERTYTAR
|j|☆Assassinator.dr
|html|ENDERTYTARAssassinator.dr    
|uhtml|bestof|Game 1 of a best-of-3
|t:|1785951743
|gametype|doubles
|player|p1|ENDERTYTAR|170|1141
|player|p2|Assassinator.dr|youngster-gen4dp|1111
|gen|9
|tier|[Gen 9 Champions] VGC 2026 Reg M-B (Bo3)
|rated|
|rule|Species Clause: Limit one of each Pokémon
|rule|Item Clause: Limit 1 of each item
|clearpoke
|poke|p1|Charizard, L50, M|
|poke|p1|Milotic, L50, F|
|poke|p1|Grimmsnarl, L50, M|
|poke|p1|Sinistcha, L50|
|poke|p1|Incineroar, L50, M|
|poke|p1|Floette-Eternal, L50, F|
|poke|p2|Kangaskhan, L50, F|
|poke|p2|Swampert, L50, F|
|poke|p2|Beedrill, L50, M|
|poke|p2|Pelipper, L50, F|
|poke|p2|Sableye, L50, F|
|poke|p2|Sylveon, L50, M|
|teampreview|4
|showteam|p1|Charizard||CharizarditeX|Blaze|Protect,DragonRush,FlareBlitz,DragonDance|Adamant||M|||50|]Milotic||Leftovers|Competitive|Coil,MuddyWater,Hypnosis,Protect|Calm||F|||50|]Grimmsnarl||LightClay|Prankster|LightScreen,Reflect,SpiritBreak,PartingShot|Impish||M|||50|]Sinistcha||ColburBerry|Hospitality|MatchaGotcha,TrickRoom,RagePowder,Protect|Calm|||||50|]Incineroar||SitrusBerry|Intimidate|FakeOut,FlareBlitz,PartingShot,ThroatChop|Adamant||M|||50|]Floette-Eternal||Floettite|FlowerVeil|Protect,Moonblast,DazzlingGleam,CalmMind|Modest||F|||50|
|showteam|p2|Kangaskhan||SilkScarf|Scrappy|FakeOut,LastResort|Adamant||F|||50|]Swampert||Swampertite|Torrent|Protect,WaveCrash,Earthquake,IcePunch|Adamant||F|||50|]Beedrill||Beedrillite|Sniper|Protect,PoisonJab,DrillRun,Uturn|Adamant||M|||50|]Pelipper||SharpBeak|Drizzle|WideGuard,Tailwind,WeatherBall,Hurricane|Modest||F|||50|]Sableye||FocusSash|Prankster|Quash,FoulPlay,RainDance,WillOWisp|Careful||F|||50|]Sylveon||LifeOrb|Pixilate|HyperVoice,HyperBeam,Protect,QuickAttack|Quiet||M|||50|
|c|☆Assassinator.dr|GL
|inactive|Battle timer is ON: inactive players will automatically lose when time's up. (requested by ENDERTYTAR)
|
|t:|1785951806
|teamsize|p1|4
|teamsize|p2|4
|start
|switch|p1a: Floette|Floette-Eternal, L50, F|100/100
|switch|p1b: Incineroar|Incineroar, L50, M|100/100
|switch|p2a: Kangaskhan|Kangaskhan, L50, F|100/100
|switch|p2b: Beedrill|Beedrill, L50, M|100/100
|-ability|p1b: Incineroar|Intimidate|boost
|-fail|p2a: Kangaskhan|unboost|Attack|[from] ability: Scrappy|[of] p2a: Kangaskhan
|-unboost|p2b: Beedrill|atk|1
|turn|1
|inactive|ENDERTYTAR has 30 seconds left.
|inactive|ENDERTYTAR has 20 seconds left.
|inactive|ENDERTYTAR has 15 seconds left.
|
|t:|1785951848
|detailschange|p2b: Beedrill|Beedrill-Mega, L50, M
|-mega|p2b: Beedrill|Beedrill|Beedrillite
|move|p1a: Floette|Protect|p1a: Floette
|-singleturn|p1a: Floette|Protect
|move|p2a: Kangaskhan|Fake Out|p1b: Incineroar
|-damage|p1b: Incineroar|80/100
|move|p2b: Beedrill|Poison Jab|p1a: Floette
|-activate|p1a: Floette|move: Protect
|cant|p1b: Incineroar|flinch
|
|upkeep
|turn|2
|
|t:|1785951863
|switch|p1a: Sinistcha|Sinistcha, L50|100/100
|-heal|p1b: Incineroar|100/100|[from] ability: Hospitality|[of] p1a: Sinistcha
|move|p2b: Beedrill|U-turn|p1b: Incineroar
|-damage|p1b: Incineroar|67/100
|
|t:|1785951876
|switch|p2b: Pelipper|Pelipper, L50, F|100/100|[from] U-turn
|-weather|RainDance|[from] ability: Drizzle|[of] p2b: Pelipper
|move|p2a: Kangaskhan|Last Resort|p1a: Sinistcha
|-damage|p1a: Sinistcha|29/100
|move|p1b: Incineroar|Parting Shot|p2b: Pelipper
|-unboost|p2b: Pelipper|atk|1
|-unboost|p2b: Pelipper|spa|1
|
|t:|1785951886
|switch|p1b: Floette|Floette-Eternal, L50, F|100/100|[from] Parting Shot
|
|-weather|RainDance|[upkeep]
|upkeep
|turn|3
|
|t:|1785951896
|detailschange|p1b: Floette|Floette-Mega, L50, F
|-mega|p1b: Floette|Floette|Floettite
|-ability|p1b: Floette|Fairy Aura
|move|p1a: Sinistcha|Rage Powder|p1a: Sinistcha
|-singleturn|p1a: Sinistcha|move: Rage Powder
|move|p1b: Floette|Calm Mind|p1b: Floette
|-boost|p1b: Floette|spa|1
|-boost|p1b: Floette|spd|1
|move|p2b: Pelipper|Hurricane|p1a: Sinistcha
|-supereffective|p1a: Sinistcha|1
|-damage|p1a: Sinistcha|0 fnt
|faint|p1a: Sinistcha
|move|p2a: Kangaskhan|Last Resort|p1b: Floette
|-damage|p1b: Floette|18/100
|
|-weather|RainDance|[upkeep]
|upkeep
|
|t:|1785951906
|switch|p1a: Incineroar|Incineroar, L50, M|67/100
|-ability|p1a: Incineroar|Intimidate|boost
|-fail|p2a: Kangaskhan|unboost|Attack|[from] ability: Scrappy|[of] p2a: Kangaskhan
|-unboost|p2b: Pelipper|atk|1
|turn|4
|
|t:|1785951922
|move|p1a: Incineroar|Fake Out|p2a: Kangaskhan
|-damage|p2a: Kangaskhan|88/100
|move|p1b: Floette|Dazzling Gleam|p2b: Pelipper|[spread] p2a,p2b
|-damage|p2a: Kangaskhan|20/100y
|-damage|p2b: Pelipper|0 fnt
|faint|p2b: Pelipper
|cant|p2a: Kangaskhan|flinch
|
|-weather|RainDance|[upkeep]
|upkeep
|
|t:|1785951932
|switch|p2b: Beedrill|Beedrill-Mega, L50, M|100/100
|turn|5
|
|t:|1785951939
|move|p1b: Floette|Protect|p1b: Floette
|-singleturn|p1b: Floette|Protect
|move|p2b: Beedrill|U-turn|p1a: Incineroar
|-damage|p1a: Incineroar|14/100
|-enditem|p1a: Incineroar|Sitrus Berry|[eat]
|-heal|p1a: Incineroar|39/100|[from] item: Sitrus Berry
|
|t:|1785951946
|switch|p2b: Sylveon|Sylveon, L50, M|100/100|[from] U-turn
|move|p2a: Kangaskhan|Last Resort|p1a: Incineroar
|-damage|p1a: Incineroar|0 fnt
|faint|p1a: Incineroar
|
|-weather|RainDance|[upkeep]
|upkeep
|
|t:|1785951949
|switch|p1a: Grimmsnarl|Grimmsnarl, L50, M|100/100
|turn|6
|
|t:|1785951967
|move|p1b: Floette|Dazzling Gleam|p2a: Kangaskhan|[spread] p2a,p2b
|-crit|p2a: Kangaskhan
|-damage|p2a: Kangaskhan|0 fnt
|-damage|p2b: Sylveon|48/100
|faint|p2a: Kangaskhan
|move|p1a: Grimmsnarl|Spirit Break|p2b: Sylveon
|-damage|p2b: Sylveon|1/100
|-unboost|p2b: Sylveon|spa|1
|move|p2b: Sylveon|Hyper Voice|p1a: Grimmsnarl|[spread] p1a,p1b
|-supereffective|p1a: Grimmsnarl|1
|-damage|p1a: Grimmsnarl|14/100
|-damage|p1b: Floette|0 fnt
|faint|p1b: Floette
|-damage|p2b: Sylveon|0 fnt|[from] item: Life Orb
|faint|p2b: Sylveon
|
|-weather|none
|upkeep
|
|t:|1785951981
|switch|p2b: Beedrill|Beedrill-Mega, L50, M|100/100
|turn|7
|
|t:|1785951985
|move|p2b: Beedrill|Poison Jab|p1a: Grimmsnarl
|-supereffective|p1a: Grimmsnarl|1
|-damage|p1a: Grimmsnarl|0 fnt
|faint|p1a: Grimmsnarl
|
|win|Assassinator.dr
||ENDERTYTAR is ready for game 2.
||Assassinator.dr is ready for game 2.
|uhtml|next|Next: Game 2 of 3
|l|☆Assassinator.dr
|player|p2|
