|j|☆Usurper17
|j|☆Zigglermeister
|html|Usurper17Zigglermeister    
|uhtml|bestof|Game 1 of a best-of-3
|t:|1785670585
|gametype|doubles
|player|p1|Usurper17|grimsley|
|player|p2|Zigglermeister|266|
|gen|9
|tier|[Gen 9 Champions] VGC 2026 Reg M-B (Bo3)
|rule|Species Clause: Limit one of each Pokémon
|rule|Item Clause: Limit 1 of each item
|clearpoke
|poke|p1|Simipour, L50, M|
|poke|p1|Tsareena, L50, F|
|poke|p1|Clefable, L50, F|
|poke|p1|Liepard, L50, F|
|poke|p1|Tyranitar, L50, M|
|poke|p1|Houndstone, L50, M|
|poke|p2|Golurk, L50|
|poke|p2|Araquanid, L50, F|
|poke|p2|Grimmsnarl, L50, M|
|poke|p2|Incineroar, L50, F|
|poke|p2|Farigiraf, L50, F|
|poke|p2|Toxicroak, L50, M|
|teampreview|4
|showteam|p1|Simipour||MysticWater|Torrent|Scald,NastyPlot,FakeOut,Protect|Quiet||M|||50|]Tsareena||WideLens|QueenlyMajesty|PowerWhip,TripleAxel,LowKick,Protect|Brave||F|||50|]Clefable||SitrusBerry|Unaware|Moonblast,IceBeam,LifeDew,FollowMe|Bold||F|||50|]Liepard||WhiteHerb|Unburden|FoulPlay,FakeOut,Taunt,RainDance|Jolly||F|||50|]Tyranitar||Tyranitarite|SandStream|KnockOff,RockSlide,FirePunch,Protect|Brave||M|||50|]Houndstone||LifeOrb|SandRush|LastRespects,BodyPress,PsychicFangs,Roar|Adamant||M|||50|
|showteam|p2|Golurk||Golurkite|NoGuard|HeadlongRush,Poltergeist,Protect,IcePunch|Adamant|||||50|]Araquanid||LifeOrb|WaterBubble|Lunge,WideGuard,Protect,Liquidation|Brave||F|||50|]Grimmsnarl||SitrusBerry|Prankster|LightScreen,Reflect,PartingShot,SpiritBreak|Impish||M|||50|]Incineroar||Leftovers|Intimidate|FakeOut,FlareBlitz,WillOWisp,PartingShot|Careful||F|||50|]Farigiraf||MentalHerb|ArmorTail|HyperVoice,Protect,TrickRoom,DazzlingGleam|Sassy||F|||50|]Toxicroak||ExpertBelt|PoisonTouch|CloseCombat,FakeOut,PoisonJab,Encore|Adamant||M|||50|
|j| LuciusCrock
|c|☆Usurper17|remember no peeking at team sheets
|c|☆Usurper17|glhf!
|c|☆Zigglermeister|Yurrrr
|c|☆Zigglermeister|glhffff
|
|t:|1785670680
|teamsize|p1|4
|teamsize|p2|4
|start
|switch|p1a: nuh uh|Tsareena, L50, F|100/100
|switch|p1b: el wiwi|Liepard, L50, F|100/100
|switch|p2a: Toxicroak|Toxicroak, L50, M|100/100
|switch|p2b: Farigiraf|Farigiraf, L50, F|100/100
|turn|1
|
|t:|1785670730
|move|p2b: Farigiraf|Protect|p2b: Farigiraf
|-singleturn|p2b: Farigiraf|Protect
|move|p1b: el wiwi|Taunt|p2b: Farigiraf
|-activate|p2b: Farigiraf|move: Protect
|move|p2a: Toxicroak|Poison Jab|p1a: nuh uh
|-supereffective|p1a: nuh uh|1
|-damage|p1a: nuh uh|1/100
|move|p1a: nuh uh|Triple Axel|p2a: Toxicroak
|-damage|p2a: Toxicroak|88/100
|-damage|p2a: Toxicroak|66/100
|-damage|p2a: Toxicroak|31/100
|-hitcount|p2a: Toxicroak|3
|
|upkeep
|turn|2
|
|t:|1785670770
|switch|p2a: Incineroar|Incineroar, L50, F|100/100
|-ability|p2a: Incineroar|Intimidate|boost
|-unboost|p1a: nuh uh|atk|1
|-unboost|p1b: el wiwi|atk|1
|-enditem|p1b: el wiwi|White Herb
|-clearnegativeboost|p1b: el wiwi|[silent]
|move|p1b: el wiwi|Foul Play|p2a: Incineroar
|-resisted|p2a: Incineroar|1
|-damage|p2a: Incineroar|80/100
|move|p1a: nuh uh|Power Whip|p2b: Farigiraf|[miss]
|-miss|p1a: nuh uh|p2b: Farigiraf
|move|p2b: Farigiraf|Dazzling Gleam|p1a: nuh uh|[spread] p1a,p1b
|-supereffective|p1b: el wiwi|1
|-damage|p1a: nuh uh|0 fnt
|-damage|p1b: el wiwi|43/100
|faint|p1a: nuh uh
|
|-heal|p2a: Incineroar|86/100|[from] item: Leftovers
|upkeep
|
|t:|1785670789
|switch|p1a: super laser piss|Simipour, L50, M|100/100
|turn|3
|
|t:|1785670814
|switch|p1b: big d randy|Tyranitar, L50, M|100/100
|-weather|Sandstorm|[from] ability: Sand Stream|[of] p1b: big d randy
|move|p2a: Incineroar|Fake Out|p1b: big d randy
|-resisted|p1b: big d randy|1
|-damage|p1b: big d randy|95/100
|move|p1a: super laser piss|Nasty Plot|p1a: super laser piss
|-boost|p1a: super laser piss|spa|2
|move|p2b: Farigiraf|Trick Room|p2b: Farigiraf
|-fieldstart|move: Trick Room|[of] p2b: Farigiraf
|
|-weather|Sandstorm|[upkeep]
|-damage|p2b: Farigiraf|93/100|[from] Sandstorm
|-damage|p2a: Incineroar|80/100|[from] Sandstorm
|-damage|p1a: super laser piss|93/100|[from] Sandstorm
|-heal|p2a: Incineroar|86/100|[from] item: Leftovers
|upkeep
|turn|4
|
|t:|1785670852
|detailschange|p1b: big d randy|Tyranitar-Mega, L50, M
|-mega|p1b: big d randy|Tyranitar|Tyranitarite
|move|p2b: Farigiraf|Dazzling Gleam|p1a: super laser piss|[spread] p1a,p1b
|-supereffective|p1b: big d randy|1
|-damage|p1a: super laser piss|71/100
|-damage|p1b: big d randy|81/100
|move|p2a: Incineroar|Parting Shot|p1b: big d randy
|-unboost|p1b: big d randy|atk|1
|-unboost|p1b: big d randy|spa|1
|
|t:|1785670863
|switch|p2a: Toxicroak|Toxicroak, L50, M|31/100|[from] Parting Shot
|move|p1b: big d randy|Knock Off|p2b: Farigiraf
|-supereffective|p2b: Farigiraf|1
|-damage|p2b: Farigiraf|1/100
|-enditem|p2b: Farigiraf|Mental Herb|[from] move: Knock Off|[of] p1b: big d randy
|move|p1a: super laser piss|Scald|p2a: Toxicroak
|-damage|p2a: Toxicroak|0 fnt
|faint|p2a: Toxicroak
|
|-weather|Sandstorm|[upkeep]
|-damage|p2b: Farigiraf|0 fnt|[from] Sandstorm
|-damage|p1a: super laser piss|65/100|[from] Sandstorm
|faint|p2b: Farigiraf
|upkeep
|
|t:|1785670879
|switch|p2b: Incineroar|Incineroar, L50, F|86/100
|switch|p2a: Golurk|Golurk, L50|100/100
|-ability|p2b: Incineroar|Intimidate|boost
|-unboost|p1a: super laser piss|atk|1
|-unboost|p1b: big d randy|atk|1
|turn|5
|
|t:|1785670926
|detailschange|p2a: Golurk|Golurk-Mega, L50
|-mega|p2a: Golurk|Golurk|Golurkite
|move|p2b: Incineroar|Fake Out|p1a: super laser piss
|-damage|p1a: super laser piss|50/100g
|move|p2a: Golurk|Ice Punch|p1b: big d randy
|-damage|p1b: big d randy|61/100
|move|p1b: big d randy|Knock Off|p2a: Golurk
|-supereffective|p2a: Golurk|1
|-damage|p2a: Golurk|62/100
|cant|p1a: super laser piss|flinch
|
|-weather|Sandstorm|[upkeep]
|-damage|p2b: Incineroar|80/100|[from] Sandstorm
|-damage|p1a: super laser piss|44/100|[from] Sandstorm
|-heal|p2b: Incineroar|86/100|[from] item: Leftovers
|upkeep
|turn|6
|
|t:|1785670949
|move|p2a: Golurk|Headlong Rush|p1b: big d randy
|-supereffective|p1b: big d randy|1
|-damage|p1b: big d randy|0 fnt
|-unboost|p2a: Golurk|def|1
|-unboost|p2a: Golurk|spd|1
|faint|p1b: big d randy
|move|p2b: Incineroar|Flare Blitz|p1a: super laser piss
|-resisted|p1a: super laser piss|1
|-damage|p1a: super laser piss|13/100
|-damage|p2b: Incineroar|77/100|[from] Recoil
|move|p1a: super laser piss|Scald|p2b: Incineroar
|-supereffective|p2b: Incineroar|1
|-damage|p2b: Incineroar|0 fnt
|faint|p2b: Incineroar
|
|-weather|Sandstorm|[upkeep]
|-damage|p1a: super laser piss|7/100|[from] Sandstorm
|upkeep
|
|t:|1785670963
|switch|p1b: el wiwi|Liepard, L50, F|43/100
|turn|7
|
|t:|1785671007
|move|p2a: Golurk|Poltergeist|p1a: super laser piss
|-activate|p1a: super laser piss|move: Poltergeist|Mystic Water
|-crit|p1a: super laser piss
|-damage|p1a: super laser piss|0 fnt
|faint|p1a: super laser piss
|move|p1b: el wiwi|Foul Play|p2a: Golurk
|-supereffective|p2a: Golurk|1
|-damage|p2a: Golurk|0 fnt
|faint|p2a: Golurk
|
|win|Usurper17
|inactive|Usurper17 has 30 seconds to confirm battle start!
|inactive|Zigglermeister has 30 seconds to confirm battle start!
||Usurper17 is ready for game 2.
