|j|‽chris2222
|j|☆LozzArcher
|html|chris2222LozzArcher    
|uhtml|bestof|Game 2 of a best-of-3
|t:|1756163716
|gametype|doubles
|player|p1|chris2222|265|1126
|player|p2|LozzArcher|ghetsis|1151
|gen|9
|tier|[Gen 9] VGC 2025 Reg H (Bo3)
|rated|
|rule|Species Clause: Limit one of each Pokémon
|rule|Item Clause: Limit 1 of each item
|clearpoke
|poke|p1|Annihilape, L50, M|
|poke|p1|Whimsicott, L50, M|
|poke|p1|Farigiraf, L50, M|
|poke|p1|Amoonguss, L50, M|
|poke|p1|Charizard, L50, M|
|poke|p1|Incineroar, L50, M|
|poke|p2|Archaludon, L50, M|
|poke|p2|Pelipper, L50, M|
|poke|p2|Gholdengo, L50|
|poke|p2|Basculegion, L50, M|
|poke|p2|Incineroar, L50, F|
|poke|p2|Amoonguss, L50, M|
|teampreview|4
|showteam|p1|Annihilape||Leftovers|Defiant|Protect,RageFist,DrainPunch,BulkUp|||M|||50|,,,,,Dark]Whimsicott||CovertCloak|Prankster|Encore,Tailwind,SunnyDay,Moonblast|||M|||50|,,,,,Ghost]Farigiraf||ThroatSpray|ArmorTail|Protect,HyperVoice,PsychicNoise,HelpingHand|||M|||50|,,,,,Normal]Amoonguss||RockyHelmet|Regenerator|Protect,RagePowder,Spore,PollenPuff|||M|||50|,,,,,Water]Charizard||ChoiceSpecs|SolarPower|AirSlash,DragonPulse,HeatWave,Overheat|||M|||50|,,,,,Fire]Incineroar||AssaultVest|Intimidate|FakeOut,KnockOff,FlareBlitz,Uturn|||M|||50|,,,,,Grass
|showteam|p2|Archaludon||AssaultVest|Stamina|ElectroShot,DracoMeteor,BodyPress,FlashCannon|||M|||50|,,,,,Grass]Pelipper||FocusSash|Drizzle|Hurricane,WeatherBall,Tailwind,Protect|||M|||50|,,,,,Stellar]Gholdengo||LifeOrb|GoodasGold|MakeItRain,ShadowBall,NastyPlot,Protect||||||50|,,,,,Water]Basculegion||ChoiceBand|SwiftSwim|FlipTurn,WaveCrash,LastRespects,AquaJet|||M|||50|,,,,,Grass]Incineroar||SafetyGoggles|Intimidate|FakeOut,KnockOff,FlareBlitz,PartingShot|||F|||50|,,,,,Ghost]Amoonguss||SitrusBerry|Regenerator|Spore,RagePowder,PollenPuff,Protect|||M|||50|,,,,,Water
|inactive|Battle timer is ON: inactive players will automatically lose when time's up. (requested by chris2222)
|
|t:|1756163741
|teamsize|p1|4
|teamsize|p2|4
|start
|switch|p1a: Amoonguss|Amoonguss, L50, M|100/100
|switch|p1b: Incineroar|Incineroar, L50, M|100/100
|switch|p2a: Amoonguss|Amoonguss, L50, M, shiny|100/100
|switch|p2b: Archaludon|Archaludon, L50, M|100/100
|-ability|p1b: Incineroar|Intimidate|boost
|-unboost|p2a: Amoonguss|atk|1
|-unboost|p2b: Archaludon|atk|1
|turn|1
|inactive|chris2222 has 30 seconds left.
|inactive|chris2222 has 20 seconds left.
|inactive|chris2222 has 15 seconds left.
|inactive|chris2222 has 10 seconds left.
|inactive|chris2222 has 5 seconds left.
|
|t:|1756163795
|-terastallize|p2b: Archaludon|Grass
|move|p1b: Incineroar|Fake Out|p2a: Amoonguss
|-crit|p2a: Amoonguss
|-damage|p2a: Amoonguss|86/100
|move|p2b: Archaludon|Electro Shot||[still]
|-prepare|p2b: Archaludon|Electro Shot
|-boost|p2b: Archaludon|spa|1
|move|p1a: Amoonguss|Spore|p2b: Archaludon
|-immune|p2b: Archaludon
|cant|p2a: Amoonguss|flinch
|
|upkeep
|turn|2
|
|t:|1756163814
|move|p2a: Amoonguss|Rage Powder|p2a: Amoonguss
|-singleturn|p2a: Amoonguss|move: Rage Powder
|move|p2b: Archaludon|Electro Shot|p1b: Incineroar|[from] lockedmove
|-damage|p1b: Incineroar|60/100
|move|p1b: Incineroar|Flare Blitz|p2a: Amoonguss
|-supereffective|p2a: Amoonguss
|-damage|p2a: Amoonguss|11/100
|-enditem|p2a: Amoonguss|Sitrus Berry|[eat]
|-heal|p2a: Amoonguss|36/100|[from] item: Sitrus Berry
|-damage|p1b: Incineroar|33/100|[from] Recoil
|move|p1a: Amoonguss|Pollen Puff|p1b: Incineroar
|-heal|p1b: Incineroar|83/100
|
|upkeep
|turn|3
|inactive|chris2222 has 30 seconds left.
|
|t:|1756163841
|switch|p2a: Pelipper|Pelipper, L50, M, shiny|100/100
|-weather|RainDance|[from] ability: Drizzle|[of] p2a: Pelipper
|switch|p1a: Charizard|Charizard, L50, M|100/100
|move|p2b: Archaludon|Electro Shot||[still]
|-prepare|p2b: Archaludon|Electro Shot
|-boost|p2b: Archaludon|spa|1
|-anim|p2b: Archaludon|Electro Shot|p1b: Incineroar
|-damage|p1b: Incineroar|26/100
|move|p1b: Incineroar|Flare Blitz|p2a: Pelipper
|-resisted|p2a: Pelipper
|-damage|p2a: Pelipper|81/100
|-damage|p1b: Incineroar|21/100|[from] Recoil
|
|-weather|RainDance|[upkeep]
|upkeep
|turn|4
|inactive|LozzArcher has 30 seconds left.
|
|t:|1756163869
|switch|p1b: Amoonguss|Amoonguss, L50, M|100/100
|move|p1a: Charizard|Overheat|p2b: Archaludon
|-supereffective|p2b: Archaludon
|-damage|p2b: Archaludon|32/100
|-unboost|p1a: Charizard|spa|2
|-ability|p2b: Archaludon|Stamina|boost
|-boost|p2b: Archaludon|def|1
|move|p2a: Pelipper|Tailwind|p2a: Pelipper
|-sidestart|p2: LozzArcher|move: Tailwind
|move|p2b: Archaludon|Electro Shot||[still]
|-prepare|p2b: Archaludon|Electro Shot
|-boost|p2b: Archaludon|spa|1
|-anim|p2b: Archaludon|Electro Shot|p1a: Charizard
|-supereffective|p1a: Charizard
|-damage|p1a: Charizard|0 fnt
|faint|p1a: Charizard
|
|-weather|RainDance|[upkeep]
|upkeep
|
|t:|1756163885
|switch|p1a: Incineroar|Incineroar, L50, M|21/100
|-ability|p1a: Incineroar|Intimidate|boost
|-unboost|p2a: Pelipper|atk|1
|-unboost|p2b: Archaludon|atk|1
|turn|5
|inactive|LozzArcher has 30 seconds left.
|
|t:|1756163912
|move|p2a: Pelipper|Protect|p2a: Pelipper
|-singleturn|p2a: Pelipper|Protect
|move|p1a: Incineroar|Fake Out|p2a: Pelipper
|-activate|p2a: Pelipper|move: Protect
|move|p2b: Archaludon|Electro Shot||[still]
|-prepare|p2b: Archaludon|Electro Shot
|-boost|p2b: Archaludon|spa|1
|-anim|p2b: Archaludon|Electro Shot|p1a: Incineroar
|-damage|p1a: Incineroar|0 fnt
|faint|p1a: Incineroar
|move|p1b: Amoonguss|Pollen Puff|p2b: Archaludon
|-supereffective|p2b: Archaludon
|-damage|p2b: Archaludon|5/100
|-ability|p2b: Archaludon|Stamina|boost
|-boost|p2b: Archaludon|def|1
|
|-weather|RainDance|[upkeep]
|upkeep
|
|t:|1756163927
|switch|p1a: Annihilape|Annihilape, L50, M|100/100
|turn|6
|inactive|LozzArcher has 30 seconds left.
|
|t:|1756163954
|move|p1a: Annihilape|Protect|p1a: Annihilape
|-singleturn|p1a: Annihilape|Protect
|move|p2a: Pelipper|Hurricane|p1b: Amoonguss
|-supereffective|p1b: Amoonguss
|-damage|p1b: Amoonguss|27/100
|move|p2b: Archaludon|Electro Shot||[still]
|-prepare|p2b: Archaludon|Electro Shot
|-boost|p2b: Archaludon|spa|1
|-anim|p2b: Archaludon|Electro Shot|p1a: Annihilape
|-activate|p1a: Annihilape|move: Protect
|move|p1b: Amoonguss|Pollen Puff|p2b: Archaludon
|-supereffective|p2b: Archaludon
|-damage|p2b: Archaludon|0 fnt
|faint|p2b: Archaludon
|
|-weather|RainDance|[upkeep]
|upkeep
|inactive|LozzArcher has 30 seconds left.
|
|t:|1756163979
|switch|p2b: Amoonguss|Amoonguss, L50, M, shiny|69/100
|turn|7
|
|t:|1756163990
|switch|p2a: Basculegion|Basculegion, L50, M, shiny|100/100
|-terastallize|p1a: Annihilape|Dark
|move|p1a: Annihilape|Bulk Up|p1a: Annihilape
|-boost|p1a: Annihilape|atk|1
|-boost|p1a: Annihilape|def|1
|move|p2b: Amoonguss|Spore|p1a: Annihilape
|-status|p1a: Annihilape|slp|[from] move: Spore
|move|p1b: Amoonguss|Spore|p2a: Basculegion
|-status|p2a: Basculegion|slp|[from] move: Spore
|
|-weather|none
|-sideend|p2: LozzArcher|move: Tailwind
|upkeep
|turn|8
|inactive|LozzArcher has 30 seconds left.
|
|t:|1756164018
|cant|p2a: Basculegion|slp
|cant|p1a: Annihilape|slp
|move|p2b: Amoonguss|Pollen Puff|p1b: Amoonguss
|-damage|p1b: Amoonguss|11/100
|move|p1b: Amoonguss|Spore|p2b: Amoonguss
|-immune|p2b: Amoonguss
|
|upkeep
|turn|9
|
|t:|1756164038
|switch|p2b: Pelipper|Pelipper, L50, M, shiny|81/100
|-weather|RainDance|[from] ability: Drizzle|[of] p2b: Pelipper
|move|p1b: Amoonguss|Rage Powder|p1b: Amoonguss
|-singleturn|p1b: Amoonguss|move: Rage Powder
|cant|p2a: Basculegion|slp
|-curestatus|p1a: Annihilape|slp|[msg]
|move|p1a: Annihilape|Rage Fist|p2a: Basculegion
|-supereffective|p2a: Basculegion
|-damage|p2a: Basculegion|6/100 slp
|
|-weather|RainDance|[upkeep]
|upkeep
|turn|10
|
|t:|1756164061
|switch|p2a: Amoonguss|Amoonguss, L50, M, shiny|100/100
|move|p1b: Amoonguss|Rage Powder|p1b: Amoonguss
|-singleturn|p1b: Amoonguss|move: Rage Powder
|move|p2b: Pelipper|Hurricane|p1b: Amoonguss
|-supereffective|p1b: Amoonguss
|-damage|p1b: Amoonguss|0 fnt
|faint|p1b: Amoonguss
|move|p1a: Annihilape|Rage Fist|p2b: Pelipper
|-damage|p2b: Pelipper|30/100
|
|-weather|RainDance|[upkeep]
|upkeep
|turn|11
|inactive|LozzArcher has 30 seconds left.
|
|t:|1756164091
|move|p1a: Annihilape|Protect|p1a: Annihilape
|-singleturn|p1a: Annihilape|Protect
|move|p2b: Pelipper|Hurricane|p1a: Annihilape
|-activate|p1a: Annihilape|move: Protect
|move|p2a: Amoonguss|Spore|p1a: Annihilape
|-activate|p1a: Annihilape|move: Protect
|
|-weather|RainDance|[upkeep]
|upkeep
|turn|12
|
|t:|1756164103
|move|p2a: Amoonguss|Rage Powder|p2a: Amoonguss
|-singleturn|p2a: Amoonguss|move: Rage Powder
|move|p2b: Pelipper|Hurricane|p1a: Annihilape
|-damage|p1a: Annihilape|55/100
|move|p1a: Annihilape|Rage Fist|p2a: Amoonguss
|-damage|p2a: Amoonguss|39/100
|
|-weather|RainDance|[upkeep]
|-heal|p1a: Annihilape|61/100|[from] item: Leftovers
|upkeep
|turn|13
|
|t:|1756164114
|move|p1a: Annihilape|Protect|p1a: Annihilape
|-singleturn|p1a: Annihilape|Protect
|move|p2b: Pelipper|Hurricane|p1a: Annihilape
|-activate|p1a: Annihilape|move: Protect
|move|p2a: Amoonguss|Pollen Puff|p2b: Pelipper
|-heal|p2b: Pelipper|80/100
|
|-weather|none
|-heal|p1a: Annihilape|67/100|[from] item: Leftovers
|upkeep
|turn|14
|
|t:|1756164129
|switch|p2b: Basculegion|Basculegion, L50, M, shiny|6/100 slp
|move|p2a: Amoonguss|Rage Powder|p2a: Amoonguss
|-singleturn|p2a: Amoonguss|move: Rage Powder
|move|p1a: Annihilape|Rage Fist|p2a: Amoonguss
|-damage|p2a: Amoonguss|0 fnt
|faint|p2a: Amoonguss
|
|-heal|p1a: Annihilape|73/100|[from] item: Leftovers
|upkeep
|
|t:|1756164138
|switch|p2a: Pelipper|Pelipper, L50, M, shiny|80/100
|-weather|RainDance|[from] ability: Drizzle|[of] p2a: Pelipper
|turn|15
|
|t:|1756164145
|-curestatus|p2b: Basculegion|slp|[msg]
|move|p2b: Basculegion|Wave Crash|p1a: Annihilape
|-damage|p1a: Annihilape|0 fnt
|faint|p1a: Annihilape
|-damage|p2b: Basculegion|0 fnt|[from] Recoil
|faint|p2b: Basculegion
|
|win|LozzArcher
||LozzArcher is ready for game 3.
