|j|☆natsukivgc
|j|☆ui90op
|html|natsukivgcui90op    
|uhtml|bestof|Game 1 of a best-of-3
|t:|1785398779
|gametype|doubles
|player|p1|natsukivgc|1|1247
|player|p2|ui90op|pokemonbreeder-gen4|1256
|gen|9
|tier|[Gen 9 Champions] VGC 2026 Reg M-B (Bo3)
|rated|
|rule|Species Clause: Limit one of each Pokémon
|rule|Item Clause: Limit 1 of each item
|clearpoke
|poke|p1|Garchomp, L50, F|
|poke|p1|Venusaur, L50, M|
|poke|p1|Incineroar, L50, F|
|poke|p1|Charizard, L50, M|
|poke|p1|Toxapex, L50, M|
|poke|p1|Annihilape, L50, F|
|poke|p2|Altaria, L50, F|
|poke|p2|Toxapex, L50, F|
|poke|p2|Incineroar, L50, M|
|poke|p2|Floette-Eternal, L50, F|
|poke|p2|Sinistcha-Masterpiece, L50|
|poke|p2|Manectric, L50, F|
|teampreview|4
|showteam|p1|Garchomp||ChoiceScarf|RoughSkin|Earthquake,DragonClaw,StompingTantrum,RockSlide|Adamant||F|||50|]Venusaur||LifeOrb|Chlorophyll|SolarBeam,SludgeBomb,EarthPower,Protect|Modest||M|||50|]Incineroar||SitrusBerry|Intimidate|FlareBlitz,ThroatChop,FakeOut,PartingShot|Impish||F|||50|]Charizard||CharizarditeY|Blaze|HeatWave,WeatherBall,HelpingHand,Protect|Modest||M|||50|]Toxapex||Leftovers|Regenerator|Infestation,Toxic,WideGuard,BanefulBunker|Bold||M|||50|]Annihilape||FocusSash|Defiant|CloseCombat,PhantomForce,StealthRock,Protect|Jolly||F|||50|
|showteam|p2|Altaria||RoseliBerry|CloudNine|WillOWisp,BraveBird,Tailwind,Protect|Impish||F|||50|]Toxapex||Leftovers|Regenerator|WideGuard,Toxic,Infestation,Protect|Bold||F|||50|]Incineroar||PasshoBerry|Intimidate|FakeOut,PartingShot,FlareBlitz,DarkestLariat|Impish||M|||50|]Floette-Eternal||Floettite|FlowerVeil|CalmMind,DazzlingGleam,Moonblast,Protect|Bold||F|||50|]Sinistcha-Masterpiece||SitrusBerry|Hospitality|MatchaGotcha,RagePowder,CalmMind,Protect|Bold|||||50|]Manectric||Manectite|LightningRod|VoltSwitch,Overheat,Snarl,Protect|Timid||F|||50|
|j| Shepz
|c|☆ui90op|Who are u shepz
|inactive|Battle timer is ON: inactive players will automatically lose when time's up. (requested by ui90op)
|c| Shepz|i'm just watchinggg battles
|
|t:|1785398852
|teamsize|p1|4
|teamsize|p2|4
|start
|switch|p1a: Toxapex|Toxapex, L50, M|100/100
|switch|p1b: Charizard|Charizard, L50, M|100/100
|switch|p2a: Toxapex|Toxapex, L50, F|100/100
|switch|p2b: Altaria|Altaria, L50, F|100/100
|-ability|p2b: Altaria|Cloud Nine
|turn|1
|c| Shepz|you just happend to be here aain
|c| Shepz|i just click on the top
|inactive|natsukivgc has 30 seconds left.
|
|t:|1785398882
|detailschange|p1b: Charizard|Charizard-Mega-Y, L50, M
|-mega|p1b: Charizard|Charizard|Charizardite Y
|-weather|SunnyDay|[from] ability: Drought|[of] p1b: Charizard
|move|p1b: Charizard|Protect|p1b: Charizard
|-singleturn|p1b: Charizard|Protect
|move|p2b: Altaria|Will-O-Wisp|p1b: Charizard
|-activate|p1b: Charizard|move: Protect
|move|p2a: Toxapex|Infestation|p1b: Charizard
|-activate|p1b: Charizard|move: Protect
|move|p1a: Toxapex|Infestation|p2b: Altaria
|-resisted|p2b: Altaria|1
|-damage|p2b: Altaria|98/100
|-activate|p2b: Altaria|move: Infestation|[of] p1a: Toxapex
|
|-weather|SunnyDay|[upkeep]
|-damage|p2b: Altaria|86/100|[from] move: Infestation|[partiallytrapped]
|upkeep
|turn|2
|l| Shepz
|inactive|natsukivgc has 30 seconds left.
|inactive|ui90op has 30 seconds left.
|inactive|ui90op has 20 seconds left.
|
|t:|1785398920
|switch|p1b: Incineroar|Incineroar, L50, F|100/100
|-ability|p1b: Incineroar|Intimidate|boost
|-unboost|p2a: Toxapex|atk|1
|-unboost|p2b: Altaria|atk|1
|move|p2b: Altaria|Will-O-Wisp|p1a: Toxapex
|-status|p1a: Toxapex|brn
|move|p1a: Toxapex|Toxic|p2b: Altaria
|-status|p2b: Altaria|tox
|move|p2a: Toxapex|Toxic|p1b: Incineroar
|-status|p1b: Incineroar|tox
|
|-weather|SunnyDay|[upkeep]
|-damage|p2b: Altaria|80/100 tox|[from] psn
|-damage|p1b: Incineroar|94/100 tox|[from] psn
|-damage|p1a: Toxapex|94/100 brn|[from] brn
|-damage|p2b: Altaria|68/100 tox|[from] move: Infestation|[partiallytrapped]
|upkeep
|turn|3
|inactive|natsukivgc has 30 seconds left.
|inactive|ui90op has 30 seconds left.
|inactive|natsukivgc has 20 seconds left.
|inactive|natsukivgc has 15 seconds left.
|
|t:|1785398961
|move|p2b: Altaria|Brave Bird|p1a: Toxapex
|-damage|p1a: Toxapex|78/100 brn
|-damage|p2b: Altaria|64/100 tox|[from] Recoil
|move|p1b: Incineroar|Throat Chop|p2b: Altaria
|-damage|p2b: Altaria|36/100 tox
|-start|p2b: Altaria|Throat Chop|[silent]
|move|p2a: Toxapex|Infestation|p1a: Toxapex
|-resisted|p1a: Toxapex|1
|-damage|p1a: Toxapex|77/100 brn
|-activate|p1a: Toxapex|move: Infestation|[of] p2a: Toxapex
|move|p1a: Toxapex|Infestation|p2a: Toxapex
|-resisted|p2a: Toxapex|1
|-damage|p2a: Toxapex|98/100
|-activate|p2a: Toxapex|move: Infestation|[of] p1a: Toxapex
|
|-weather|SunnyDay|[upkeep]
|-heal|p2a: Toxapex|100/100|[from] item: Leftovers
|-heal|p1a: Toxapex|83/100 brn|[from] item: Leftovers
|-damage|p2b: Altaria|24/100 tox|[from] psn
|-damage|p1b: Incineroar|82/100 tox|[from] psn
|-damage|p1a: Toxapex|77/100 brn|[from] brn
|-damage|p2b: Altaria|12/100 tox|[from] move: Infestation|[partiallytrapped]
|-damage|p2a: Toxapex|87/100|[from] move: Infestation|[partiallytrapped]
|-damage|p1a: Toxapex|65/100 brn|[from] move: Infestation|[partiallytrapped]
|upkeep
|turn|4
|c|☆ui90op|Oh ok np shepz
|inactive|natsukivgc has 30 seconds left.
|
|t:|1785398995
|move|p1a: Toxapex|Baneful Bunker|p1a: Toxapex
|-singleturn|p1a: Toxapex|move: Protect
|move|p2b: Altaria|Tailwind|p2b: Altaria
|-sidestart|p2: ui90op|move: Tailwind
|move|p2a: Toxapex|Infestation|p1b: Incineroar
|-damage|p1b: Incineroar|79/100 tox
|-activate|p1b: Incineroar|move: Infestation|[of] p2a: Toxapex
|move|p1b: Incineroar|Parting Shot|p2b: Altaria
|-unboost|p2b: Altaria|atk|1
|-unboost|p2b: Altaria|spa|1
|
|t:|1785399005
|switch|p1b: Venusaur|Venusaur, L50, M|100/100|[from] Parting Shot
|
|-weather|SunnyDay|[upkeep]
|-heal|p2a: Toxapex|93/100|[from] item: Leftovers
|-heal|p1a: Toxapex|71/100 brn|[from] item: Leftovers
|-damage|p2b: Altaria|0 fnt|[from] psn
|faint|p2b: Altaria
|-damage|p1a: Toxapex|65/100 brn|[from] brn
|-damage|p2a: Toxapex|81/100|[from] move: Infestation|[partiallytrapped]
|-damage|p1a: Toxapex|53/100 brn|[from] move: Infestation|[partiallytrapped]
|upkeep
|
|t:|1785399011
|switch|p2b: Incineroar|Incineroar, L50, M|100/100
|-ability|p2b: Incineroar|Intimidate|boost
|-unboost|p1a: Toxapex|atk|1
|-unboost|p1b: Venusaur|atk|1
|turn|5
|inactive|ui90op has 30 seconds left.
|
|t:|1785399037
|move|p1b: Venusaur|Protect|p1b: Venusaur
|-singleturn|p1b: Venusaur|Protect
|move|p2b: Incineroar|Parting Shot|p1b: Venusaur
|-activate|p1b: Venusaur|move: Protect
|move|p2a: Toxapex|Infestation|p1b: Venusaur
|-activate|p1b: Venusaur|move: Protect
|move|p1a: Toxapex|Toxic|p2b: Incineroar
|-status|p2b: Incineroar|tox
|
|-weather|none
|-heal|p2a: Toxapex|87/100|[from] item: Leftovers
|-heal|p1a: Toxapex|59/100 brn|[from] item: Leftovers
|-damage|p2b: Incineroar|93/100 tox|[from] psn
|-damage|p1a: Toxapex|53/100 brn|[from] brn
|-damage|p2a: Toxapex|75/100|[from] move: Infestation|[partiallytrapped]
|-damage|p1a: Toxapex|41/100 brn|[from] move: Infestation|[partiallytrapped]
|upkeep
|turn|6
|inactive|natsukivgc has 30 seconds left.
|inactive|natsukivgc has 20 seconds left.
|
|t:|1785399074
|switch|p1b: Charizard|Charizard-Mega-Y, L50, M|100/100
|-weather|SunnyDay|[from] ability: Drought|[of] p1b: Charizard
|move|p2b: Incineroar|Parting Shot|p1b: Charizard
|-unboost|p1b: Charizard|atk|1
|-unboost|p1b: Charizard|spa|1
|
|t:|1785399080
|switch|p2b: Floette|Floette-Eternal, L50, F|100/100|[from] Parting Shot
|move|p2a: Toxapex|Infestation|p1b: Charizard
|-resisted|p1b: Charizard|2
|-damage|p1b: Charizard|99/100
|-activate|p1b: Charizard|move: Infestation|[of] p2a: Toxapex
|move|p1a: Toxapex|Infestation|p2b: Floette
|-resisted|p2b: Floette|1
|-damage|p2b: Floette|98/100
|-activate|p2b: Floette|move: Infestation|[of] p1a: Toxapex
|
|-weather|SunnyDay|[upkeep]
|-heal|p2a: Toxapex|80/100|[from] item: Leftovers
|-heal|p1a: Toxapex|47/100 brn|[from] item: Leftovers
|-damage|p1a: Toxapex|41/100 brn|[from] brn
|-damage|p2b: Floette|86/100|[from] move: Infestation|[partiallytrapped]
|-damage|p1b: Charizard|87/100|[from] move: Infestation|[partiallytrapped]
|-damage|p2a: Toxapex|68/100|[from] move: Infestation|[partiallytrapped]
|-damage|p1a: Toxapex|29/100 brn|[from] move: Infestation|[partiallytrapped]
|upkeep
|turn|7
|
|t:|1785399103
|detailschange|p2b: Floette|Floette-Mega, L50, F
|-mega|p2b: Floette|Floette|Floettite
|-ability|p2b: Floette|Fairy Aura
|move|p1b: Charizard|Protect|p1b: Charizard
|-singleturn|p1b: Charizard|Protect
|move|p2b: Floette|Calm Mind|p2b: Floette
|-boost|p2b: Floette|spa|1
|-boost|p2b: Floette|spd|1
|move|p2a: Toxapex|Toxic|p1b: Charizard
|-activate|p1b: Charizard|move: Protect
|move|p1a: Toxapex|Toxic|p2b: Floette
|-status|p2b: Floette|tox
|
|-weather|SunnyDay|[upkeep]
|-heal|p2a: Toxapex|74/100|[from] item: Leftovers
|-heal|p1a: Toxapex|35/100 brn|[from] item: Leftovers
|-damage|p2b: Floette|80/100 tox|[from] psn
|-damage|p1a: Toxapex|29/100 brn|[from] brn
|-damage|p2b: Floette|68/100 tox|[from] move: Infestation|[partiallytrapped]
|-damage|p1b: Charizard|75/100|[from] move: Infestation|[partiallytrapped]
|-damage|p2a: Toxapex|62/100|[from] move: Infestation|[partiallytrapped]
|-damage|p1a: Toxapex|17/100 brn|[from] move: Infestation|[partiallytrapped]
|-sideend|p2: ui90op|move: Tailwind
|upkeep
|turn|8
|inactive|natsukivgc has 30 seconds left.
|inactive|natsukivgc has 20 seconds left.
|inactive|natsukivgc has 15 seconds left.
|
|t:|1785399144
|move|p1b: Charizard|Heat Wave|p2a: Toxapex|[spread] p2a,p2b
|-resisted|p2a: Toxapex|1
|-damage|p2a: Toxapex|49/100
|-damage|p2b: Floette|48/100 tox
|move|p2b: Floette|Dazzling Gleam|p1b: Charizard|[spread] p1a,p1b
|-resisted|p1a: Toxapex|1
|-resisted|p1b: Charizard|1
|-damage|p1a: Toxapex|0 fnt
|-damage|p1b: Charizard|49/100
|faint|p1a: Toxapex
|move|p2a: Toxapex|Toxic|p1b: Charizard
|-status|p1b: Charizard|tox
|
|-weather|SunnyDay|[upkeep]
|-heal|p2a: Toxapex|54/100|[from] item: Leftovers
|-damage|p1b: Charizard|43/100 tox|[from] psn
|-damage|p2b: Floette|36/100 tox|[from] psn
|-damage|p1b: Charizard|30/100 tox|[from] move: Infestation|[partiallytrapped]
|-end|p2b: Floette|Infestation|[partiallytrapped]|[silent]
|-end|p2a: Toxapex|Infestation|[partiallytrapped]
|upkeep
|
|t:|1785399162
|switch|p1a: Venusaur|Venusaur, L50, M|100/100
|turn|9
|
|t:|1785399178
|switch|p2b: Incineroar|Incineroar, L50, M|93/100 tox
|-ability|p2b: Incineroar|Intimidate|boost
|-unboost|p1a: Venusaur|atk|1
|-unboost|p1b: Charizard|atk|1
|move|p2a: Toxapex|Protect|p2a: Toxapex
|-singleturn|p2a: Toxapex|Protect
|move|p1a: Venusaur|Earth Power|p2a: Toxapex
|-activate|p2a: Toxapex|move: Protect
|move|p1b: Charizard|Heat Wave|p2a: Toxapex|[spread] p2b
|-activate|p2a: Toxapex|move: Protect
|-resisted|p2b: Incineroar|1
|-damage|p2b: Incineroar|78/100 tox
|
|-weather|SunnyDay|[upkeep]
|-heal|p2a: Toxapex|60/100|[from] item: Leftovers
|-damage|p1b: Charizard|18/100 tox|[from] psn
|-damage|p2b: Incineroar|72/100 tox|[from] psn
|-damage|p1b: Charizard|6/100 tox|[from] move: Infestation|[partiallytrapped]
|upkeep
|turn|10
|inactive|ui90op has 30 seconds left.
|inactive|ui90op has 20 seconds left.
|
|t:|1785399214
|move|p2b: Incineroar|Fake Out|p1b: Charizard
|-damage|p1b: Charizard|0 fnt
|faint|p1b: Charizard
|move|p1a: Venusaur|Earth Power|p2a: Toxapex
|-supereffective|p2a: Toxapex|1
|-damage|p2a: Toxapex|4/100
|-damage|p1a: Venusaur|90/100|[from] item: Life Orb
|move|p2a: Toxapex|Infestation|p1a: Venusaur
|-damage|p1a: Venusaur|86/100
|-activate|p1a: Venusaur|move: Infestation|[of] p2a: Toxapex
|
|-weather|none
|-heal|p2a: Toxapex|10/100|[from] item: Leftovers
|-damage|p2b: Incineroar|60/100 tox|[from] psn
|-damage|p1a: Venusaur|74/100|[from] move: Infestation|[partiallytrapped]
|upkeep
|
|t:|1785399227
|switch|p1b: Incineroar|Incineroar, L50, F|79/100 tox
|-ability|p1b: Incineroar|Intimidate|boost
|-unboost|p2a: Toxapex|atk|1
|-unboost|p2b: Incineroar|atk|1
|turn|11
|
|t:|1785399249
|switch|p2b: Floette|Floette-Mega, L50, F|36/100 tox
|-ability|p2b: Floette|Fairy Aura
|move|p2a: Toxapex|Protect|p2a: Toxapex
|-singleturn|p2a: Toxapex|Protect
|move|p1b: Incineroar|Fake Out|p2b: Floette
|-damage|p2b: Floette|25/100 tox
|move|p1a: Venusaur|Earth Power|p2b: Floette
|-damage|p2b: Floette|2/100 tox
|-damage|p1a: Venusaur|65/100|[from] item: Life Orb
|
|-heal|p2a: Toxapex|15/100|[from] item: Leftovers
|-damage|p2b: Floette|0 fnt|[from] psn
|faint|p2b: Floette
|-damage|p1b: Incineroar|73/100 tox|[from] psn
|-damage|p1a: Venusaur|53/100|[from] move: Infestation|[partiallytrapped]
|upkeep
|
|t:|1785399258
|switch|p2b: Incineroar|Incineroar, L50, M|60/100 tox
|-ability|p2b: Incineroar|Intimidate|boost
|-unboost|p1a: Venusaur|atk|1
|-unboost|p1b: Incineroar|atk|1
|turn|12
|inactive|natsukivgc has 30 seconds left.
|inactive|ui90op has 30 seconds left.
|inactive|natsukivgc has 20 seconds left.
|
|t:|1785399295
|move|p1a: Venusaur|Earth Power|p2b: Incineroar
|-supereffective|p2b: Incineroar|1
|-damage|p2b: Incineroar|0 fnt
|faint|p2b: Incineroar
|-damage|p1a: Venusaur|44/100|[from] item: Life Orb
|move|p1b: Incineroar|Throat Chop|p2a: Toxapex
|-damage|p2a: Toxapex|1/100
|-start|p2a: Toxapex|Throat Chop|[silent]
|move|p2a: Toxapex|Infestation|p1b: Incineroar
|-damage|p1b: Incineroar|70/100 tox
|-activate|p1b: Incineroar|move: Infestation|[of] p2a: Toxapex
|
|-heal|p2a: Toxapex|6/100|[from] item: Leftovers
|-damage|p1b: Incineroar|58/100 tox|[from] psn
|-damage|p1a: Venusaur|32/100|[from] move: Infestation|[partiallytrapped]
|-damage|p1b: Incineroar|46/100 tox|[from] move: Infestation|[partiallytrapped]
|upkeep
|-enditem|p1b: Incineroar|Sitrus Berry|[eat]
|-heal|p1b: Incineroar|70/100 tox|[from] item: Sitrus Berry
|turn|13
|
|t:|1785399315
|move|p2a: Toxapex|Protect|p2a: Toxapex
|-singleturn|p2a: Toxapex|Protect
|move|p1a: Venusaur|Earth Power|p2a: Toxapex
|-activate|p2a: Toxapex|move: Protect
|move|p1b: Incineroar|Throat Chop|p2a: Toxapex
|-activate|p2a: Toxapex|move: Protect
|
|-heal|p2a: Toxapex|12/100|[from] item: Leftovers
|-damage|p1b: Incineroar|52/100 tox|[from] psn
|-damage|p1a: Venusaur|20/100y|[from] move: Infestation|[partiallytrapped]
|-damage|p1b: Incineroar|40/100 tox|[from] move: Infestation|[partiallytrapped]
|-end|p2a: Toxapex|Throat Chop|[silent]
|upkeep
|turn|14
|-message|ui90op forfeited.
|
|win|natsukivgc
