|j|☆RonJohn
|j|☆laufey#1fan
|html|RonJohnlaufey#1fan    
|uhtml|bestof|Game 2 of a best-of-3
|t:|1756354032
|gametype|doubles
|player|p1|RonJohn|169|1095
|player|p2|laufey#1fan|lady|1179
|gen|9
|tier|[Gen 9] VGC 2025 Reg H (Bo3)
|rated|
|rule|Species Clause: Limit one of each Pokémon
|rule|Item Clause: Limit 1 of each item
|clearpoke
|poke|p1|Ninetales-Alola, L50, F|
|poke|p1|Dragonite, L50, F|
|poke|p1|Amoonguss, L50, M|
|poke|p1|Incineroar, L50, M|
|poke|p1|Gholdengo, L50|
|poke|p1|Ursaluna-Bloodmoon, L50, M|
|poke|p2|Gholdengo, L50|
|poke|p2|Ursaluna-Bloodmoon, L50, M|
|poke|p2|Incineroar, L50, F|
|poke|p2|Maushold-Four, L50|
|poke|p2|Annihilape, L50, F|
|poke|p2|Dragonite, L50, F|
|teampreview|4
|showteam|p1|Ninetales-Alola||FocusSash|SnowWarning|Blizzard,IcyWind,Protect,Encore|||F|||50|,,,,,Ice]Dragonite||LoadedDice|Multiscale|ScaleShot,Tailwind,Protect,Haze|||F|||50|,,,,,Fairy]Amoonguss||SitrusBerry|Regenerator|PollenPuff,Spore,Protect,RagePowder|||M|||50|,,,,,Psychic]Incineroar||SafetyGoggles|Intimidate|FlareBlitz,KnockOff,FakeOut,PartingShot|||M|||50|,,,,,Ghost]Gholdengo||LifeOrb|GoodasGold|MakeItRain,ShadowBall,Protect,NastyPlot||||||50|,,,,,Water]Ursaluna-Bloodmoon||AssaultVest|MindsEye|BloodMoon,EarthPower,HyperVoice,VacuumWave|||M|||50|,,,,,Water
|showteam|p2|Gholdengo||LifeOrb|GoodasGold|MakeItRain,NastyPlot,ShadowBall,Protect||||||50|,,,,,Water]Ursaluna-Bloodmoon||AssaultVest|MindsEye|BloodMoon,EarthPower,HyperVoice,VacuumWave|||M|||50|,,,,,Water]Incineroar||SafetyGoggles|Intimidate|FakeOut,FlareBlitz,PartingShot,KnockOff|||F|||50|,,,,,Ghost]Maushold-Four||FocusSash|FriendGuard|SuperFang,FollowMe,BeatUp,Protect||||||50|,,,,,Grass]Annihilape||SitrusBerry|Defiant|DrainPunch,BulkUp,RageFist,Protect|||F|||50|,,,,,Fire]Dragonite||LoadedDice|Multiscale|ScaleShot,ExtremeSpeed,Protect,Tailwind|||F|||50|,,,,,Fairy
|inactive|Battle timer is ON: inactive players will automatically lose when time's up. (requested by RonJohn)
|inactive|RonJohn has 60 seconds left.
|
|t:|1756354073
|teamsize|p1|4
|teamsize|p2|4
|start
|switch|p1a: 1989|Dragonite, L50, F|100/100
|switch|p1b: Fearless|Amoonguss, L50, M|100/100
|switch|p2a: Sabotage|Annihilape, L50, F, shiny|100/100
|switch|p2b: Forgetmenot|Maushold-Four, L50, shiny|100/100
|turn|1
|inactive|RonJohn has 30 seconds left.
|inactive|RonJohn has 20 seconds left.
|inactive|RonJohn has 15 seconds left.
|
|t:|1756354117
|switch|p2a: Clockwork|Gholdengo, L50|100/100
|move|p2b: Forgetmenot|Super Fang|p1b: Fearless
|-damage|p1b: Fearless|50/100
|-enditem|p1b: Fearless|Sitrus Berry|[eat]
|-heal|p1b: Fearless|75/100|[from] item: Sitrus Berry
|move|p1a: 1989|Tailwind|p1a: 1989
|-sidestart|p1: RonJohn|move: Tailwind
|move|p1b: Fearless|Spore|p2a: Clockwork
|-immune|p2a: Clockwork|[from] ability: Good as Gold
|
|upkeep
|turn|2
|
|t:|1756354138
|move|p2b: Forgetmenot|Protect|p2b: Forgetmenot
|-singleturn|p2b: Forgetmenot|Protect
|move|p1a: 1989|Scale Shot|p2b: Forgetmenot
|-activate|p2b: Forgetmenot|move: Protect
|move|p2a: Clockwork|Nasty Plot|p2a: Clockwork
|-boost|p2a: Clockwork|spa|2
|move|p1b: Fearless|Pollen Puff|p1a: 1989
|
|upkeep
|turn|3
|
|t:|1756354162
|switch|p1b: Reputation|Ursaluna-Bloodmoon, L50, M|100/100
|move|p1a: 1989|Haze|p1a: 1989
|-clearallboost
|move|p2b: Forgetmenot|Super Fang|p1a: 1989
|-damage|p1a: 1989|51/100
|move|p2a: Clockwork|Make It Rain|p1b: Reputation|[spread] p1a,p1b
|-damage|p1a: 1989|0 fnt
|-damage|p1b: Reputation|59/100
|-unboost|p2a: Clockwork|spa|1
|faint|p1a: 1989
|-damage|p2a: Clockwork|91/100|[from] item: Life Orb
|
|upkeep
|
|t:|1756354178
|switch|p1a: Folklore|Gholdengo, L50|100/100
|turn|4
|
|t:|1756354187
|move|p2b: Forgetmenot|Protect|p2b: Forgetmenot
|-singleturn|p2b: Forgetmenot|Protect
|move|p2a: Clockwork|Protect|p2a: Clockwork
|-singleturn|p2a: Clockwork|Protect
|move|p1a: Folklore|Nasty Plot|p1a: Folklore
|-boost|p1a: Folklore|spa|2
|move|p1b: Reputation|Earth Power|p2a: Clockwork
|-activate|p2a: Clockwork|move: Protect
|
|-sideend|p1: RonJohn|move: Tailwind
|upkeep
|turn|5
|inactive|RonJohn has 30 seconds left.
|
|t:|1756354221
|move|p2b: Forgetmenot|Super Fang|p1b: Reputation
|-damage|p1b: Reputation|30/100
|move|p2a: Clockwork|Make It Rain|p1a: Folklore|[spread] p1a,p1b
|-resisted|p1a: Folklore
|-damage|p1a: Folklore|79/100
|-damage|p1b: Reputation|2/100
|-unboost|p2a: Clockwork|spa|1
|-damage|p2a: Clockwork|81/100|[from] item: Life Orb
|move|p1a: Folklore|Shadow Ball|p2a: Clockwork
|-supereffective|p2a: Clockwork
|-damage|p2a: Clockwork|0 fnt
|faint|p2a: Clockwork
|-damage|p1a: Folklore|69/100|[from] item: Life Orb
|move|p1b: Reputation|Earth Power|p2b: Forgetmenot
|-damage|p2b: Forgetmenot|36/100
|
|upkeep
|
|t:|1756354227
|switch|p2a: Sabotage|Annihilape, L50, F, shiny|100/100
|turn|6
|inactive|RonJohn has 30 seconds left.
|
|t:|1756354258
|move|p1b: Reputation|Vacuum Wave|p2b: Forgetmenot
|-supereffective|p2b: Forgetmenot
|-damage|p2b: Forgetmenot|2/100
|move|p2b: Forgetmenot|Beat Up|p2a: Sabotage
|-damage|p2a: Sabotage|98/100
|-damage|p2a: Sabotage|96/100
|-damage|p2a: Sabotage|95/100
|-hitcount|p2a: Sabotage|3
|move|p2a: Sabotage|Rage Fist|p1a: Folklore
|-supereffective|p1a: Folklore
|-damage|p1a: Folklore|0 fnt
|faint|p1a: Folklore
|
|upkeep
|c|☆RonJohn|darn lol
|
|t:|1756354270
|switch|p1a: Fearless|Amoonguss, L50, M|100/100
|turn|7
|c|☆RonJohn|2% away :'(
|
|t:|1756354290
|-terastallize|p2b: Forgetmenot|Grass
|move|p1a: Fearless|Rage Powder|p1a: Fearless
|-singleturn|p1a: Fearless|move: Rage Powder
|move|p2b: Forgetmenot|Beat Up|p2a: Sabotage
|-damage|p2a: Sabotage|92/100
|-damage|p2a: Sabotage|90/100
|-damage|p2a: Sabotage|89/100
|-hitcount|p2a: Sabotage|3
|move|p2a: Sabotage|Rage Fist|p1a: Fearless
|-damage|p1a: Fearless|0 fnt
|faint|p1a: Fearless
|move|p1b: Reputation|Hyper Voice|p2b: Forgetmenot|[spread] p2a,p2b
|-damage|p2a: Sabotage|63/100
|-damage|p2b: Forgetmenot|0 fnt
|faint|p2b: Forgetmenot
|
|upkeep
|
|t:|1756354298
|switch|p2b: Mr.Eclectic|Ursaluna-Bloodmoon, L50, M|100/100
|turn|8
|
|t:|1756354309
|move|p2b: Mr.Eclectic|Vacuum Wave|p1b: Reputation
|-supereffective|p1b: Reputation
|-damage|p1b: Reputation|0 fnt
|faint|p1b: Reputation
|
|win|laufey#1fan
|raw|RonJohn's rating: 1095 → 1077(-18 for losing)
|raw|laufey#1fan's rating: 1179 → 1198(+19 for winning)
|l|☆RonJohn
|player|p1|
