|j|☆SoyUnaIA
|j|☆Blizzzey
|html|SoyUnaIABlizzzey    
|uhtml|bestof|Game 1 of a best-of-3
|t:|1756318129
|gametype|doubles
|player|p1|SoyUnaIA|winona|1243
|player|p2|Blizzzey|twins-gen4dp|1258
|gen|9
|tier|[Gen 9] VGC 2025 Reg H (Bo3)
|rated|
|rule|Species Clause: Limit one of each Pokémon
|rule|Item Clause: Limit 1 of each item
|clearpoke
|poke|p1|Excadrill, L50, F|
|poke|p1|Sneasler, L50, M|
|poke|p1|Indeedee, L50, M|
|poke|p1|Dragonite, L50, M|
|poke|p1|Incineroar, L50, M|
|poke|p1|Electabuzz, L50, M|
|poke|p2|Gholdengo, L50|
|poke|p2|Pawmot, L50, F|
|poke|p2|Talonflame, L50, M|
|poke|p2|Glimmora, L50, M|
|poke|p2|Ninetales-Alola, L50, F|
|poke|p2|Dragonite, L50, M|
|teampreview|4
|showteam|p1|Excadrill||LifeOrb|MoldBreaker|Earthquake,IronHead,HighHorsepower,Protect|||F|||50|,,,,,Stellar]Sneasler||PsychicSeed|Unburden|CloseCombat,DireClaw,Coaching,ThroatChop|||M|||50|,,,,,Dark]Indeedee||FocusSash|PsychicSurge|ExpandingForce,Protect,HelpingHand,TeraBlast|||M|||50|,,,,,Psychic]Dragonite||LoadedDice|Multiscale|ScaleShot,Tailwind,Protect,Haze|||M|||50|,,,,,Fairy]Incineroar||SafetyGoggles|Intimidate|FlareBlitz,KnockOff,PartingShot,FakeOut|||M|||50|,,,,,Ghost]Electabuzz||Eviolite|VitalSpirit|Electroweb,Taunt,FollowMe,Protect|||M|||50|,,,,,Flying
|showteam|p2|Gholdengo||ChoiceSpecs|GoodasGold|MakeItRain,ShadowBall,PowerGem,Thunderbolt||||||50|,,,,,Steel]Pawmot||FocusSash|VoltAbsorb|DoubleShock,CloseCombat,FakeOut,RevivalBlessing|||F|||50|,,,,,Electric]Talonflame||CovertCloak|GaleWings|BraveBird,FlareBlitz,Tailwind,WillOWisp|||M|||50|,,,,,Fairy]Glimmora||PowerHerb|ToxicDebris|SludgeBomb,MeteorBeam,EarthPower,SpikyShield|||M|||50|,,,,,Grass]Ninetales-Alola||LifeOrb|SnowWarning|FreezeDry,Blizzard,Protect,TeraBlast|||F|||50|,,,,,Ground]Dragonite||LoadedDice|Multiscale|ScaleShot,StompingTantrum,Protect,Haze|||M|||50|,,,,,Steel
|inactive|Battle timer is ON: inactive players will automatically lose when time's up. (requested by SoyUnaIA)
|inactive|SoyUnaIA has 60 seconds left.
|inactive|Blizzzey has 60 seconds left.
|inactive|SoyUnaIA has 30 seconds left.
|inactive|Blizzzey has 30 seconds left.
|inactive|Blizzzey has 20 seconds left.
|inactive|Blizzzey has 15 seconds left.
|inactive|Blizzzey has 10 seconds left.
|inactive|Blizzzey has 5 seconds left.
|
|t:|1756318216
|teamsize|p1|4
|teamsize|p2|4
|start
|switch|p1a: Sneasler|Sneasler, L50, M|100/100
|switch|p1b: Indeedee|Indeedee, L50, M|100/100
|switch|p2a: Glimmora|Glimmora, L50, M|100/100
|switch|p2b: Dragonite|Dragonite, L50, M|100/100
|-fieldstart|move: Psychic Terrain|[from] ability: Psychic Surge|[of] p1b: Indeedee
|-enditem|p1a: Sneasler|Psychic Seed
|-boost|p1a: Sneasler|spd|1|[from] item: Psychic Seed
|turn|1
|inactive|Blizzzey has 30 seconds left.
|inactive|Blizzzey has 20 seconds left.
|inactive|Blizzzey has 15 seconds left.
|
|t:|1756318261
|switch|p2a: Gholdengo|Gholdengo, L50|100/100
|-terastallize|p1b: Indeedee|Psychic
|move|p1a: Sneasler|Close Combat|p2b: Dragonite
|-resisted|p2b: Dragonite
|-damage|p2b: Dragonite|83/100
|-unboost|p1a: Sneasler|def|1
|-unboost|p1a: Sneasler|spd|1
|move|p1b: Indeedee|Expanding Force|p2a: Gholdengo|[spread] p2a,p2b
|-resisted|p2a: Gholdengo
|-damage|p2a: Gholdengo|56/100
|-damage|p2b: Dragonite|4/100
|move|p2b: Dragonite|Scale Shot|p1b: Indeedee
|-damage|p1b: Indeedee|69/100
|-damage|p1b: Indeedee|39/100
|-damage|p1b: Indeedee|6/100
|-damage|p1b: Indeedee|0 fnt
|faint|p1b: Indeedee
|-hitcount|p1: Indeedee|4
|-unboost|p2b: Dragonite|def|1
|-boost|p2b: Dragonite|spe|1
|
|upkeep
|
|t:|1756318277
|switch|p1b: Excadrill|Excadrill, L50, F|100/100
|-ability|p1b: Excadrill|Mold Breaker
|turn|2
|inactive|Blizzzey has 30 seconds left.
|
|t:|1756318311
|move|p2b: Dragonite|Protect|p2b: Dragonite
|-singleturn|p2b: Dragonite|Protect
|move|p1a: Sneasler|Close Combat|p2b: Dragonite
|-activate|p2b: Dragonite|move: Protect
|move|p1b: Excadrill|High Horsepower|p2a: Gholdengo
|-supereffective|p2a: Gholdengo
|-damage|p2a: Gholdengo|0 fnt
|faint|p2a: Gholdengo
|-damage|p1b: Excadrill|91/100|[from] item: Life Orb
|
|upkeep
|
|t:|1756318327
|switch|p2a: Talonflame|Talonflame, L50, M|100/100
|turn|3
|
|t:|1756318346
|move|p2a: Talonflame|Tailwind|p2a: Talonflame
|-sidestart|p2: Blizzzey|move: Tailwind
|move|p2b: Dragonite|Scale Shot|p1a: Sneasler|[miss]
|-miss|p2b: Dragonite|p1a: Sneasler
|move|p1a: Sneasler|Dire Claw|p2a: Talonflame
|-damage|p2a: Talonflame|30/100
|move|p1b: Excadrill|Iron Head|p2b: Dragonite
|-damage|p2b: Dragonite|0 fnt
|faint|p2b: Dragonite
|-damage|p1b: Excadrill|81/100|[from] item: Life Orb
|
|upkeep
|
|t:|1756318356
|switch|p2b: Glimmora|Glimmora, L50, M|100/100
|turn|4
|inactive|Blizzzey has 30 seconds left.
|inactive|Blizzzey has 20 seconds left.
|inactive|Blizzzey has 15 seconds left.
|inactive|Blizzzey has 10 seconds left.
|inactive|Blizzzey has 5 seconds left.
|
|t:|1756318407
|-terastallize|p2b: Glimmora|Grass
|move|p1b: Excadrill|Protect|p1b: Excadrill
|-singleturn|p1b: Excadrill|Protect
|move|p2a: Talonflame|Brave Bird|p1a: Sneasler
|-supereffective|p1a: Sneasler
|-damage|p1a: Sneasler|0 fnt
|faint|p1a: Sneasler
|-damage|p2a: Talonflame|0 fnt|[from] Recoil
|faint|p2a: Talonflame
|move|p2b: Glimmora|Earth Power|p1b: Excadrill
|-activate|p1b: Excadrill|move: Protect
|
|upkeep
|
|t:|1756318430
|switch|p1a: Dragonite|Dragonite, L50, M|100/100
|turn|5
|
|t:|1756318444
|move|p2b: Glimmora|Earth Power|p1b: Excadrill
|-supereffective|p1b: Excadrill
|-damage|p1b: Excadrill|0 fnt
|faint|p1b: Excadrill
|move|p1a: Dragonite|Scale Shot|p2b: Glimmora
|-damage|p2b: Glimmora|85/100
|-activate|p2b: Glimmora|ability: Toxic Debris
|-sidestart|p1: SoyUnaIA|move: Toxic Spikes
|-damage|p2b: Glimmora|70/100
|-activate|p2b: Glimmora|ability: Toxic Debris
|-sidestart|p1: SoyUnaIA|move: Toxic Spikes
|-damage|p2b: Glimmora|55/100
|-damage|p2b: Glimmora|39/100
|-hitcount|p2b: Glimmora|4
|-unboost|p1a: Dragonite|def|1
|-boost|p1a: Dragonite|spe|1
|
|-fieldend|move: Psychic Terrain
|upkeep
|turn|6
|inactive|SoyUnaIA has 30 seconds left.
|inactive|SoyUnaIA has 20 seconds left.
|
|t:|1756318482
|move|p2b: Glimmora|Meteor Beam||[still]
|-prepare|p2b: Glimmora|Meteor Beam
|-boost|p2b: Glimmora|spa|1
|-enditem|p2b: Glimmora|Power Herb
|-anim|p2b: Glimmora|Meteor Beam|p1a: Dragonite
|-supereffective|p1a: Dragonite
|-damage|p1a: Dragonite|3/100
|move|p1a: Dragonite|Scale Shot|p2b: Glimmora
|-damage|p2b: Glimmora|24/100
|-damage|p2b: Glimmora|6/100
|-damage|p2b: Glimmora|0 fnt
|faint|p2b: Glimmora
|-hitcount|p2: Glimmora|3
|
|win|SoyUnaIA
||SoyUnaIA is ready for game 2.
||Blizzzey is ready for game 2.
|uhtml|next|Next: Game 2 of 3
