|j|☆zaher birgir
|j|☆mayorga9099
|html|zaher birgirmayorga9099    
|uhtml|bestof|Game 1 of a best-of-3
|t:|1756576832
|gametype|doubles
|player|p1|zaher birgir|wallace|1050
|player|p2|mayorga9099|ethan|1114
|gen|9
|tier|[Gen 9] VGC 2025 Reg H (Bo3)
|rated|
|rule|Species Clause: Limit one of each Pokémon
|rule|Item Clause: Limit 1 of each item
|clearpoke
|poke|p1|Rillaboom, L50, F|
|poke|p1|Sneasler, L50, M|
|poke|p1|Incineroar, L50, F|
|poke|p1|Hydreigon, L50, F|
|poke|p1|Whimsicott, L50, M|
|poke|p1|Metagross, L50|
|poke|p2|Incineroar, L50, M|
|poke|p2|Dragapult, L50, M|
|poke|p2|Gastrodon, L50, F|
|poke|p2|Farigiraf, L50, M|
|poke|p2|Gholdengo, L50|
|poke|p2|Ursaluna-Bloodmoon, L50, M|
|teampreview|4
|showteam|p1|Rillaboom||AssaultVest|GrassySurge|FakeOut,WoodHammer,GrassyGlide,Uturn|||F|||50|,,,,,Fire]Sneasler||GrassySeed|Unburden|DireClaw,CloseCombat,Protect,Coaching|||M|||50|,,,,,Dark]Incineroar||SafetyGoggles|Intimidate|FakeOut,PartingShot,FlareBlitz,KnockOff|||F|||50|,,,,,Ghost]Hydreigon||ChoiceSpecs|Levitate|DarkPulse,Snarl,DracoMeteor,FlashCannon|||F|||50|,,,,,Poison]Whimsicott||CovertCloak|Prankster|Tailwind,BeatUp,Moonblast,Encore|||M|||50|,,,,,Dark]Metagross||WeaknessPolicy|ClearBody|HeavySlam,BulletPunch,Protect,Earthquake||||||50|,,,,,Fire
|showteam|p2|Incineroar||AssaultVest|Intimidate|FlareBlitz,KnockOff,FakeOut,Uturn|||M|||50|,,,,,Water]Dragapult||FocusSash|ClearBody|PhantomForce,BreakingSwipe,Disable,ThunderWave|||M|||50|,,,,,Ghost]Gastrodon||Leftovers|StormDrain|EarthPower,IcyWind,Protect,Yawn|||F|||50|,,,,,Fairy]Farigiraf||SitrusBerry|ArmorTail|DazzlingGleam,PsychicNoise,HelpingHand,TrickRoom|||M|||50|,,,,,Fairy]Gholdengo||MetalCoat|GoodasGold|MakeItRain,ShadowBall,NastyPlot,Protect||||||50|,,,,,Water]Ursaluna-Bloodmoon||LifeOrb|MindsEye|BloodMoon,HyperVoice,EarthPower,Protect|||M|||50|,,,,,Normal
|inactive|Battle timer is ON: inactive players will automatically lose when time's up. (requested by zaher birgir)
|inactive|zaher birgir has 60 seconds left.
|inactive|mayorga9099 has 60 seconds left.
|inactive|zaher birgir has 30 seconds left.
|
|t:|1756576894
|teamsize|p1|4
|teamsize|p2|4
|start
|switch|p1a: Rillaboom|Rillaboom, L50, F|100/100
|switch|p1b: Sneasler|Sneasler, L50, M|100/100
|switch|p2a: Farigiraf|Farigiraf, L50, M|100/100
|switch|p2b: Incineroar|Incineroar, L50, M|100/100
|-fieldstart|move: Grassy Terrain|[from] ability: Grassy Surge|[of] p1a: Rillaboom
|-enditem|p1b: Sneasler|Grassy Seed
|-boost|p1b: Sneasler|def|1|[from] item: Grassy Seed
|-ability|p2b: Incineroar|Intimidate|boost
|-unboost|p1a: Rillaboom|atk|1
|-unboost|p1b: Sneasler|atk|1
|turn|1
|inactive|zaher birgir has 30 seconds left.
|
|t:|1756576926
|move|p2b: Incineroar|Fake Out|p1b: Sneasler
|-damage|p1b: Sneasler|87/100
|cant|p1b: Sneasler|flinch
|move|p1a: Rillaboom|U-turn|p2a: Farigiraf
|-supereffective|p2a: Farigiraf
|-damage|p2a: Farigiraf|74/100
|
|t:|1756576931
|switch|p1a: Incineroar|Incineroar, L50, F|100/100|[from] U-turn
|-ability|p1a: Incineroar|Intimidate|boost
|-unboost|p2a: Farigiraf|atk|1
|-unboost|p2b: Incineroar|atk|1
|move|p2a: Farigiraf|Trick Room|p2a: Farigiraf
|-fieldstart|move: Trick Room|[of] p2a: Farigiraf
|
|-heal|p2a: Farigiraf|80/100|[from] Grassy Terrain
|-heal|p1b: Sneasler|93/100|[from] Grassy Terrain
|upkeep
|turn|2
|inactive|zaher birgir has 30 seconds left.
|inactive|mayorga9099 has 30 seconds left.
|inactive|zaher birgir has 20 seconds left.
|
|t:|1756576968
|switch|p2b: Dragapult|Dragapult, L50, M|100/100
|move|p1b: Sneasler|Protect|p1b: Sneasler
|-singleturn|p1b: Sneasler|Protect
|move|p1a: Incineroar|Knock Off|p2a: Farigiraf
|-supereffective|p2a: Farigiraf
|-damage|p2a: Farigiraf|8/100
|-enditem|p2a: Farigiraf|Sitrus Berry|[from] move: Knock Off|[of] p1a: Incineroar
|move|p2a: Farigiraf|Dazzling Gleam|p1a: Incineroar|[spread] p1a
|-activate|p1b: Sneasler|move: Protect
|-damage|p1a: Incineroar|88/100
|
|-heal|p1a: Incineroar|94/100|[from] Grassy Terrain
|-heal|p2a: Farigiraf|14/100|[from] Grassy Terrain
|-heal|p1b: Sneasler|99/100|[from] Grassy Terrain
|upkeep
|turn|3
|
|t:|1756576986
|switch|p2a: Incineroar|Incineroar, L50, M|100/100
|-ability|p2a: Incineroar|Intimidate|boost
|-unboost|p1a: Incineroar|atk|1
|-unboost|p1b: Sneasler|atk|1
|move|p1a: Incineroar|Knock Off|p2b: Dragapult
|-supereffective|p2b: Dragapult
|-damage|p2b: Dragapult|31/100
|-enditem|p2b: Dragapult|Focus Sash|[from] move: Knock Off|[of] p1a: Incineroar
|move|p2b: Dragapult|Breaking Swipe|p1a: Incineroar|[spread] p1a,p1b
|-damage|p1a: Incineroar|72/100
|-damage|p1b: Sneasler|74/100
|-unboost|p1a: Incineroar|atk|1
|-unboost|p1b: Sneasler|atk|1
|move|p1b: Sneasler|Dire Claw|p2a: Incineroar
|-damage|p2a: Incineroar|83/100
|-status|p2a: Incineroar|par
|
|-heal|p2a: Incineroar|89/100 par|[from] Grassy Terrain
|-heal|p1a: Incineroar|78/100|[from] Grassy Terrain
|-heal|p2b: Dragapult|37/100|[from] Grassy Terrain
|-heal|p1b: Sneasler|79/100|[from] Grassy Terrain
|upkeep
|turn|4
|inactive|mayorga9099 has 30 seconds left.
|inactive|mayorga9099 has 20 seconds left.
|inactive|mayorga9099 has 15 seconds left.
|
|t:|1756577030
|move|p2a: Incineroar|Knock Off|p1a: Incineroar
|-resisted|p1a: Incineroar
|-damage|p1a: Incineroar|59/100
|-enditem|p1a: Incineroar|Safety Goggles|[from] move: Knock Off|[of] p2a: Incineroar
|move|p1a: Incineroar|Parting Shot|p2a: Incineroar
|-unboost|p2a: Incineroar|atk|1
|-unboost|p2a: Incineroar|spa|1
|
|t:|1756577039
|switch|p1a: Rillaboom|Rillaboom, L50, F|100/100|[from] Parting Shot
|move|p2b: Dragapult|Breaking Swipe|p1a: Rillaboom|[spread] p1a,p1b
|-damage|p1a: Rillaboom|82/100
|-damage|p1b: Sneasler|54/100
|-unboost|p1a: Rillaboom|atk|1
|-unboost|p1b: Sneasler|atk|1
|move|p1b: Sneasler|Close Combat|p2a: Incineroar
|-supereffective|p2a: Incineroar
|-damage|p2a: Incineroar|47/100 par
|-unboost|p1b: Sneasler|def|1
|-unboost|p1b: Sneasler|spd|1
|
|-heal|p2a: Incineroar|53/100 par|[from] Grassy Terrain
|-heal|p1a: Rillaboom|88/100|[from] Grassy Terrain
|-heal|p2b: Dragapult|43/100|[from] Grassy Terrain
|-heal|p1b: Sneasler|60/100|[from] Grassy Terrain
|upkeep
|turn|5
|
|t:|1756577058
|cant|p2a: Incineroar|par
|move|p1a: Rillaboom|U-turn|p2a: Incineroar
|-damage|p2a: Incineroar|40/100 par
|
|t:|1756577062
|switch|p1a: Incineroar|Incineroar, L50, F|59/100|[from] U-turn
|-ability|p1a: Incineroar|Intimidate|boost
|-unboost|p2a: Incineroar|atk|1
|-fail|p2b: Dragapult|unboost|[from] ability: Clear Body|[of] p2b: Dragapult
|move|p2b: Dragapult|Thunder Wave|p1b: Sneasler
|-status|p1b: Sneasler|par
|move|p1b: Sneasler|Coaching|p1a: Incineroar
|-boost|p1a: Incineroar|atk|1
|-boost|p1a: Incineroar|def|1
|
|-heal|p2a: Incineroar|46/100 par|[from] Grassy Terrain
|-heal|p1a: Incineroar|65/100|[from] Grassy Terrain
|-heal|p1b: Sneasler|66/100 par|[from] Grassy Terrain
|-heal|p2b: Dragapult|49/100|[from] Grassy Terrain
|-fieldend|move: Trick Room
|-fieldend|move: Grassy Terrain
|upkeep
|turn|6
|
|t:|1756577081
|switch|p2a: Farigiraf|Farigiraf, L50, M|14/100
|move|p2b: Dragapult|Thunder Wave|p1a: Incineroar
|-status|p1a: Incineroar|par
|move|p1b: Sneasler|Coaching|p1a: Incineroar
|-boost|p1a: Incineroar|atk|1
|-boost|p1a: Incineroar|def|1
|move|p1a: Incineroar|Knock Off|p2b: Dragapult
|-supereffective|p2b: Dragapult
|-damage|p2b: Dragapult|0 fnt
|faint|p2b: Dragapult
|
|upkeep
|
|t:|1756577090
|switch|p2b: Ursaluna|Ursaluna-Bloodmoon, L50, M|100/100
|turn|7
|
|t:|1756577113
|-terastallize|p2b: Ursaluna|Normal
|-terastallize|p1a: Incineroar|Ghost
|cant|p1b: Sneasler|par
|move|p2b: Ursaluna|Hyper Voice|p1a: Incineroar|[spread] p1a,p1b
|-damage|p1a: Incineroar|15/100 par
|-damage|p1b: Sneasler|0 fnt
|faint|p1b: Sneasler
|-damage|p2b: Ursaluna|91/100|[from] item: Life Orb
|move|p1a: Incineroar|Knock Off|p2b: Ursaluna
|-damage|p2b: Ursaluna|39/100
|-enditem|p2b: Ursaluna|Life Orb|[from] move: Knock Off|[of] p1a: Incineroar
|move|p2a: Farigiraf|Trick Room|p2a: Farigiraf
|-fieldstart|move: Trick Room|[of] p2a: Farigiraf
|
|upkeep
|
|t:|1756577121
|switch|p1b: Rillaboom|Rillaboom, L50, F|88/100
|-fieldstart|move: Grassy Terrain|[from] ability: Grassy Surge|[of] p1b: Rillaboom
|turn|8
|inactive|mayorga9099 has 30 seconds left.
|
|t:|1756577152
|switch|p2b: Incineroar|Incineroar, L50, M|46/100 par
|-ability|p2b: Incineroar|Intimidate|boost
|-unboost|p1a: Incineroar|atk|1
|-unboost|p1b: Rillaboom|atk|1
|move|p1a: Incineroar|Knock Off|p2a: Farigiraf
|-supereffective|p2a: Farigiraf
|-damage|p2a: Farigiraf|0 fnt
|faint|p2a: Farigiraf
|move|p1b: Rillaboom|Wood Hammer|p2b: Incineroar
|-resisted|p2b: Incineroar
|-damage|p2b: Incineroar|28/100 par
|-damage|p1b: Rillaboom|81/100|[from] Recoil
|
|-heal|p2b: Incineroar|34/100 par|[from] Grassy Terrain
|-heal|p1a: Incineroar|22/100 par|[from] Grassy Terrain
|-heal|p1b: Rillaboom|87/100|[from] Grassy Terrain
|upkeep
|
|t:|1756577160
|switch|p2a: Ursaluna|Ursaluna-Bloodmoon, L50, M, tera:Normal|39/100
|turn|9
|
|t:|1756577171
|move|p2a: Ursaluna|Protect|p2a: Ursaluna
|-singleturn|p2a: Ursaluna|Protect
|move|p1a: Incineroar|Knock Off|p2a: Ursaluna
|-activate|p2a: Ursaluna|move: Protect
|move|p2b: Incineroar|Flare Blitz|p1b: Rillaboom
|-supereffective|p1b: Rillaboom
|-damage|p1b: Rillaboom|0 fnt
|faint|p1b: Rillaboom
|-damage|p2b: Incineroar|9/100 par|[from] Recoil
|
|-heal|p2b: Incineroar|15/100 par|[from] Grassy Terrain
|-heal|p1a: Incineroar|28/100 par|[from] Grassy Terrain
|-heal|p2a: Ursaluna|45/100|[from] Grassy Terrain
|upkeep
|
|t:|1756577174
|switch|p1b: Hydreigon|Hydreigon, L50, F|100/100
|turn|10
|
|t:|1756577189
|cant|p1a: Incineroar|par
|move|p2b: Incineroar|Knock Off|p1a: Incineroar
|-supereffective|p1a: Incineroar
|-damage|p1a: Incineroar|0 fnt
|faint|p1a: Incineroar
|move|p2a: Ursaluna|Blood Moon|p1b: Hydreigon
|-damage|p1b: Hydreigon|0 fnt
|faint|p1b: Hydreigon
|
|win|mayorga9099
||zaher birgir is ready for game 2.
|inactive|mayorga9099 has 30 seconds to confirm battle start!
||mayorga9099 is ready for game 2.
|uhtml|next|Next: Game 2 of 3
