|j|☆Shieler
|j|☆iannaVi
|html|ShieleriannaVi    
|uhtml|bestof|Game 1 of a best-of-3
|t:|1783936103
|gametype|doubles
|player|p1|Shieler|shadowtriad|1147
|player|p2|iannaVi|cheren-gen5bw2|1207
|gen|9
|tier|[Gen 9 Champions] VGC 2026 Reg M-B (Bo3)
|rated|
|rule|Species Clause: Limit one of each Pokémon
|rule|Item Clause: Limit 1 of each item
|clearpoke
|poke|p1|Crabominable, L50, F|
|poke|p1|Gardevoir, L50, M|
|poke|p1|Aegislash, L50, F|
|poke|p1|Mimikyu, L50, F|
|poke|p1|Infernape, L50, M|
|poke|p1|Hydreigon, L50, M|
|poke|p2|Sylveon, L50, F|
|poke|p2|Charizard, L50, M|
|poke|p2|Garchomp, L50, M|
|poke|p2|Aerodactyl, L50, M|
|poke|p2|Kingambit, L50, F|
|poke|p2|Farigiraf, L50, M|
|teampreview|4
|showteam|p1|Crabominable||Crabominite|HyperCutter|DrainPunch,IcePunch,MachPunch,Protect|Adamant||F|||50|]Gardevoir||Gardevoirite|Trace|HyperVoice,Psyshock,VacuumWave,Protect|Timid||M|||50|]Aegislash||Leftovers|StanceChange|Poltergeist,IronHead,ShadowSneak,KingsShield|Adamant||F|||50|]Mimikyu||MentalHerb|Disguise|ShadowClaw,PlayRough,TrickRoom,Protect|Sassy||F|||50|]Infernape||ChoiceScarf|IronFist|Switcheroo,FlareBlitz,CloseCombat,WillOWisp|Jolly||M|||50|]Hydreigon||FocusSash|Levitate|DracoMeteor,DarkPulse,Tailwind,Protect|Timid||M|||50|
|showteam|p2|Sylveon||FairyFeather|Pixilate|HyperVoice,HyperBeam,QuickAttack,Detect|Modest||F|||50|]Charizard||CharizarditeY|Blaze|WeatherBall,HeatWave,SolarBeam,Protect|Modest||M|||50|]Garchomp||LifeOrb|RoughSkin|DragonClaw,Protect,StompingTantrum,Earthquake|Jolly||M|||50|]Aerodactyl||Aerodactylite|Unnerve|RockSlide,IceFang,Tailwind,DualWingbeat|Jolly||M|||50|]Kingambit||FocusSash|Defiant|KowtowCleave,IronHead,SuckerPunch,LowKick|Adamant||F|||50|]Farigiraf||SitrusBerry|ArmorTail|TwinBeam,Thunderbolt,TrickRoom,Roar|Relaxed||M|||50|
|inactive|Battle timer is ON: inactive players will automatically lose when time's up. (requested by Shieler)
|inactive|iannaVi has 60 seconds left.
|
|t:|1783936146
|teamsize|p1|4
|teamsize|p2|4
|start
|switch|p1a: Infernape|Infernape, L50, M|100/100
|switch|p1b: Gardevoir|Gardevoir, L50, M|100/100
|switch|p2a: Aerodactyl|Aerodactyl, L50, M|100/100
|switch|p2b: Kingambit|Kingambit, L50, F|100/100
|-ability|p2a: Aerodactyl|Unnerve
|-ability|p1b: Gardevoir|Unnerve|Trace|[from] ability: Trace|[of] p2a: Aerodactyl
|-ability|p1b: Gardevoir|Unnerve
|turn|1
|inactive|Shieler has 30 seconds left.
|inactive|iannaVi has 30 seconds left.
|
|t:|1783936177
|switch|p2b: Sylveon|Sylveon, L50, F|100/100
|detailschange|p1b: Gardevoir|Gardevoir-Mega, L50, M
|-mega|p1b: Gardevoir|Gardevoir|Gardevoirite
|move|p1a: Infernape|Will-O-Wisp|p2a: Aerodactyl
|-status|p2a: Aerodactyl|brn
|move|p2a: Aerodactyl|Dual Wingbeat|p1a: Infernape
|-supereffective|p1a: Infernape|1
|-damage|p1a: Infernape|77/100
|-supereffective|p1a: Infernape|1
|-damage|p1a: Infernape|54/100
|-hitcount|p1a: Infernape|2
|move|p1b: Gardevoir|Hyper Voice|p2a: Aerodactyl|[spread] p2a,p2b
|-crit|p2b: Sylveon
|-damage|p2a: Aerodactyl|40/100 brn
|-damage|p2b: Sylveon|40/100
|
|-damage|p2a: Aerodactyl|34/100 brn|[from] brn
|upkeep
|turn|2
|
|t:|1783936202
|switch|p1a: Aegislash|Aegislash, L50, F|100/100
|move|p2a: Aerodactyl|Tailwind|p2a: Aerodactyl
|-sidestart|p2: iannaVi|move: Tailwind
|move|p2b: Sylveon|Hyper Voice|p1a: Aegislash|[spread] p1a,p1b
|-resisted|p1a: Aegislash|1
|-damage|p1a: Aegislash|79/100
|-damage|p1b: Gardevoir|52/100
|move|p1b: Gardevoir|Hyper Voice|p2b: Sylveon|[spread] p2a,p2b
|-damage|p2a: Aerodactyl|0 fnt
|-damage|p2b: Sylveon|5/100
|faint|p2a: Aerodactyl
|
|-heal|p1a: Aegislash|85/100|[from] item: Leftovers
|upkeep
|
|t:|1783936217
|switch|p2a: Charizard|Charizard, L50, M|100/100
|turn|3
|
|t:|1783936228
|detailschange|p2a: Charizard|Charizard-Mega-Y, L50, M
|-mega|p2a: Charizard|Charizard|Charizardite Y
|-weather|SunnyDay|[from] ability: Drought|[of] p2a: Charizard
|move|p1b: Gardevoir|Protect|p1b: Gardevoir
|-singleturn|p1b: Gardevoir|Protect
|move|p1a: Aegislash|King's Shield|p1a: Aegislash
|-singleturn|p1a: Aegislash|Protect
|move|p2a: Charizard|Heat Wave|p1b: Gardevoir|[spread] 
|-activate|p1a: Aegislash|move: Protect
|-activate|p1b: Gardevoir|move: Protect
|move|p2b: Sylveon|Hyper Voice|p1b: Gardevoir|[spread] 
|-activate|p1a: Aegislash|move: Protect
|-activate|p1b: Gardevoir|move: Protect
|
|-weather|SunnyDay|[upkeep]
|-heal|p1a: Aegislash|91/100|[from] item: Leftovers
|upkeep
|turn|4
|inactive|Shieler has 30 seconds left.
|inactive|Shieler has 20 seconds left.
|
|t:|1783936265
|switch|p1b: Hydreigon|Hydreigon, L50, M|100/100
|-formechange|p1a: Aegislash|Aegislash-Blade|
|move|p1a: Aegislash|Shadow Sneak|p2b: Sylveon
|-damage|p2b: Sylveon|0 fnt
|faint|p2b: Sylveon
|move|p2a: Charizard|Heat Wave|p1a: Aegislash|[spread] p1a,p1b
|-supereffective|p1a: Aegislash|1
|-resisted|p1b: Hydreigon|1
|-damage|p1a: Aegislash|0 fnt
|-damage|p1b: Hydreigon|61/100
|-status|p1b: Hydreigon|brn
|faint|p1a: Aegislash
|
|-weather|SunnyDay|[upkeep]
|-damage|p1b: Hydreigon|55/100 brn|[from] brn
|upkeep
|
|t:|1783936285
|switch|p2b: Kingambit|Kingambit, L50, F|100/100
|switch|p1a: Gardevoir|Gardevoir-Mega, L50, M|52/100
|turn|5
|
|t:|1783936304
|move|p1a: Gardevoir|Protect|p1a: Gardevoir
|-singleturn|p1a: Gardevoir|Protect
|move|p1b: Hydreigon|Protect|p1b: Hydreigon
|-singleturn|p1b: Hydreigon|Protect
|move|p2a: Charizard|Heat Wave|p1a: Gardevoir|[spread] 
|-activate|p1a: Gardevoir|move: Protect
|-activate|p1b: Hydreigon|move: Protect
|move|p2b: Kingambit|Iron Head|p1b: Hydreigon
|-activate|p1b: Hydreigon|move: Protect
|
|-weather|SunnyDay|[upkeep]
|-damage|p1b: Hydreigon|49/100 brn|[from] brn
|-sideend|p2: iannaVi|move: Tailwind
|upkeep
|turn|6
|inactive|Shieler has 30 seconds left.
|
|t:|1783936331
|move|p1a: Gardevoir|Vacuum Wave|p2b: Kingambit
|-supereffective|p2b: Kingambit|2
|-damage|p2b: Kingambit|18/100
|move|p1b: Hydreigon|Draco Meteor|p2a: Charizard
|-damage|p2a: Charizard|36/100
|-unboost|p1b: Hydreigon|spa|2
|move|p2a: Charizard|Heat Wave|p1a: Gardevoir|[spread] p1a,p1b
|-resisted|p1b: Hydreigon|1
|-damage|p1a: Gardevoir|0 fnt
|-damage|p1b: Hydreigon|13/100 brn
|faint|p1a: Gardevoir
|move|p2b: Kingambit|Iron Head|p1b: Hydreigon
|-damage|p1b: Hydreigon|0 fnt
|faint|p1b: Hydreigon
|
|-weather|SunnyDay|[upkeep]
|upkeep
|
|t:|1783936347
|switch|p1b: Infernape|Infernape, L50, M|54/100
|turn|7
|
|t:|1783936362
|move|p2b: Kingambit|Sucker Punch|p1b: Infernape
|-resisted|p1b: Infernape|1
|-damage|p1b: Infernape|20/100y
|move|p1b: Infernape|Flare Blitz|p2b: Kingambit
|-supereffective|p2b: Kingambit|1
|-damage|p2b: Kingambit|0 fnt
|faint|p2b: Kingambit
|-damage|p1b: Infernape|13/100|[from] Recoil
|move|p2a: Charizard|Weather Ball|p1b: Infernape
|-resisted|p1b: Infernape|1
|-damage|p1b: Infernape|0 fnt
|faint|p1b: Infernape
|
|win|iannaVi
||Shieler is ready for game 2.
|inactive|iannaVi has 30 seconds to confirm battle start!
||iannaVi is ready for game 2.
|uhtml|next|Next: Game 2 of 3
|l|☆Shieler
|player|p1|
