|j|☆bl4ckdri
|j|☆eklyst
|html|bl4ckdrieklyst    
|uhtml|bestof|Game 1 of a best-of-3
|t:|1785251080
|gametype|doubles
|player|p1|bl4ckdri|266|1305
|player|p2|eklyst|pokemaniac|1221
|gen|9
|tier|[Gen 9 Champions] VGC 2026 Reg M-B (Bo3)
|rated|
|rule|Species Clause: Limit one of each Pokémon
|rule|Item Clause: Limit 1 of each item
|clearpoke
|poke|p1|Corviknight, L50, F|
|poke|p1|Raichu, L50, M|
|poke|p1|Tyranitar, L50, F|
|poke|p1|Garchomp, L50, F|
|poke|p1|Sylveon, L50, M|
|poke|p1|Sinistcha, L50|
|poke|p2|Metagross, L50|
|poke|p2|Floette-Eternal, L50, F|
|poke|p2|Garchomp, L50, M|
|poke|p2|Aerodactyl, L50, F|
|poke|p2|Sinistcha, L50|
|poke|p2|Incineroar, L50, F|
|teampreview|4
|showteam|p1|Corviknight||Leftovers|MirrorArmor|BraveBird,Protect,Tailwind,IronHead|Adamant||F|||50|]Raichu||RaichuniteY|LightningRod|ZapCannon,FakeOut,FocusBlast,Protect|Timid||M|||50|]Tyranitar||FocusSash|SandStream|RockSlide,KnockOff,Superpower,Protect|Adamant||F|||50|]Garchomp||SitrusBerry|RoughSkin|DragonClaw,RockSlide,StompingTantrum,Protect|Adamant||F|||50|]Sylveon||FairyFeather|Pixilate|HyperVoice,Yawn,QuickAttack,Detect|Modest||M|||50|]Sinistcha||KasibBerry|Hospitality|MatchaGotcha,Protect,ShadowBall,RagePowder|Modest|||||50|
|showteam|p2|Metagross||Metagrossite|ClearBody|PsychicFangs,IronHead,BulletPunch,Protect|Adamant|||||50|]Floette-Eternal||Floettite|FlowerVeil|DazzlingGleam,Moonblast,CalmMind,Protect|Modest||F|||50|]Garchomp||LifeOrb|RoughSkin|RockSlide,StompingTantrum,DragonClaw,Protect|Jolly||M|||50|]Aerodactyl||FocusSash|Unnerve|RockSlide,DualWingbeat,Tailwind,Protect|Jolly||F|||50|]Sinistcha||KasibBerry|Hospitality|MatchaGotcha,TrickRoom,RagePowder,Protect|Relaxed|||||50|]Incineroar||SitrusBerry|Intimidate|FakeOut,FlareBlitz,ThroatChop,PartingShot|Adamant||F|||50|
|inactive|Battle timer is ON: inactive players will automatically lose when time's up. (requested by eklyst)
|inactive|bl4ckdri has 60 seconds left.
|inactive|eklyst has 60 seconds left.
|inactive|bl4ckdri has 30 seconds left.
|
|t:|1785251147
|teamsize|p1|4
|teamsize|p2|4
|start
|switch|p1a: Raichu|Raichu, L50, M|100/100
|switch|p1b: Sylveon|Sylveon, L50, M|100/100
|switch|p2a: Incineroar|Incineroar, L50, F|100/100
|switch|p2b: Sinistcha|Sinistcha, L50|100/100
|-ability|p2a: Incineroar|Intimidate|boost
|-unboost|p1a: Raichu|atk|1
|-unboost|p1b: Sylveon|atk|1
|turn|1
|inactive|bl4ckdri has 30 seconds left.
|
|t:|1785251172
|detailschange|p1a: Raichu|Raichu-Mega-Y, L50, M
|-mega|p1a: Raichu|Raichu|Raichunite Y
|move|p1a: Raichu|Fake Out|p2a: Incineroar
|-damage|p2a: Incineroar|94/100
|cant|p2a: Incineroar|flinch
|move|p1b: Sylveon|Yawn|p2b: Sinistcha
|-start|p2b: Sinistcha|move: Yawn|[of] p1b: Sylveon
|move|p2b: Sinistcha|Trick Room|p2b: Sinistcha
|-fieldstart|move: Trick Room|[of] p2b: Sinistcha
|
|upkeep
|turn|2
|inactive|bl4ckdri has 30 seconds left.
|inactive|bl4ckdri has 20 seconds left.
|inactive|bl4ckdri has 15 seconds left.
|inactive|bl4ckdri has 10 seconds left.
|inactive|bl4ckdri has 5 seconds left.
|
|t:|1785251223
|switch|p2b: Floette|Floette-Eternal, L50, F|100/100
|move|p1b: Sylveon|Yawn|p2b: Floette
|-start|p2b: Floette|move: Yawn|[of] p1b: Sylveon
|move|p2a: Incineroar|Flare Blitz|p1b: Sylveon
|-damage|p1b: Sylveon|33/100
|-damage|p2a: Incineroar|73/100|[from] Recoil
|move|p1a: Raichu|Focus Blast|p2a: Incineroar
|-supereffective|p2a: Incineroar|1
|-damage|p2a: Incineroar|3/100
|-enditem|p2a: Incineroar|Sitrus Berry|[eat]
|-heal|p2a: Incineroar|28/100|[from] item: Sitrus Berry
|
|upkeep
|turn|3
|inactive|bl4ckdri has 30 seconds left.
|inactive|bl4ckdri has 20 seconds left.
|inactive|eklyst has 30 seconds left.
|inactive|bl4ckdri has 15 seconds left.
|inactive|bl4ckdri has 10 seconds left.
|
|t:|1785251269
|switch|p1a: Corviknight|Corviknight, L50, F|100/100
|detailschange|p2b: Floette|Floette-Mega, L50, F
|-mega|p2b: Floette|Floette|Floettite
|-ability|p2b: Floette|Fairy Aura
|move|p1b: Sylveon|Hyper Voice|p2a: Incineroar|[spread] p2a,p2b
|-damage|p2a: Incineroar|0 fnt
|-damage|p2b: Floette|59/100
|faint|p2a: Incineroar
|move|p2b: Floette|Dazzling Gleam|p1b: Sylveon|[spread] p1a,p1b
|-resisted|p1a: Corviknight|1
|-damage|p1a: Corviknight|76/100
|-damage|p1b: Sylveon|0 fnt
|faint|p1b: Sylveon
|
|-heal|p1a: Corviknight|82/100|[from] item: Leftovers
|-end|p2b: Floette|move: Yawn|[silent]
|-status|p2b: Floette|slp
|upkeep
|
|t:|1785251284
|switch|p1b: Tyranitar|Tyranitar, L50, F|100/100
|switch|p2a: Sinistcha|Sinistcha, L50|100/100
|-weather|Sandstorm|[from] ability: Sand Stream|[of] p1b: Tyranitar
|-heal|p2b: Floette|84/100 slp|[from] ability: Hospitality|[of] p2a: Sinistcha
|turn|4
|inactive|bl4ckdri has 30 seconds left.
|
|t:|1785251311
|switch|p2b: Garchomp|Garchomp, L50, M|100/100
|move|p2a: Sinistcha|Matcha Gotcha|p1b: Tyranitar|[spread] p1a,p1b
|-resisted|p1a: Corviknight|2
|-supereffective|p1b: Tyranitar|1
|-damage|p1a: Corviknight|76/100
|-damage|p1b: Tyranitar|65/100
|-status|p1a: Corviknight|brn
|move|p1a: Corviknight|Iron Head|p2b: Garchomp
|-damage|p2b: Garchomp|82/100
|-damage|p1a: Corviknight|64/100 brn|[from] ability: Rough Skin|[of] p2b: Garchomp
|move|p1b: Tyranitar|Knock Off|p2a: Sinistcha
|-supereffective|p2a: Sinistcha|1
|-damage|p2a: Sinistcha|0 fnt
|-enditem|p2a: Sinistcha|Kasib Berry|[from] move: Knock Off|[of] p1b: Tyranitar
|faint|p2a: Sinistcha
|
|-weather|Sandstorm|[upkeep]
|-heal|p1a: Corviknight|70/100 brn|[from] item: Leftovers
|-damage|p1a: Corviknight|64/100 brn|[from] brn
|upkeep
|
|t:|1785251330
|switch|p2a: Floette|Floette-Mega, L50, F|84/100 slp
|-ability|p2a: Floette|Fairy Aura
|turn|5
|
|t:|1785251340
|move|p2b: Garchomp|Protect|p2b: Garchomp
|-singleturn|p2b: Garchomp|Protect
|move|p1a: Corviknight|Tailwind|p1a: Corviknight
|-sidestart|p1: bl4ckdri|move: Tailwind
|cant|p2a: Floette|slp
|move|p1b: Tyranitar|Knock Off|p2b: Garchomp
|-activate|p2b: Garchomp|move: Protect
|
|-weather|Sandstorm|[upkeep]
|-damage|p2a: Floette|78/100 slp|[from] Sandstorm
|-heal|p1a: Corviknight|70/100 brn|[from] item: Leftovers
|-damage|p1a: Corviknight|64/100 brn|[from] brn
|-fieldend|move: Trick Room
|upkeep
|turn|6
|
|t:|1785251355
|move|p1b: Tyranitar|Knock Off|p2b: Garchomp
|-damage|p2b: Garchomp|23/100
|-damage|p1b: Tyranitar|53/100|[from] ability: Rough Skin|[of] p2b: Garchomp
|-enditem|p2b: Garchomp|Life Orb|[from] move: Knock Off|[of] p1b: Tyranitar
|move|p1a: Corviknight|Iron Head|p2a: Floette
|-supereffective|p2a: Floette|1
|-damage|p2a: Floette|43/100 slp
|move|p2b: Garchomp|Stomping Tantrum|p1b: Tyranitar
|-supereffective|p1b: Tyranitar|1
|-damage|p1b: Tyranitar|0 fnt
|faint|p1b: Tyranitar
|cant|p2a: Floette|slp
|
|-weather|Sandstorm|[upkeep]
|-damage|p2a: Floette|37/100 slp|[from] Sandstorm
|-heal|p1a: Corviknight|70/100 brn|[from] item: Leftovers
|-damage|p1a: Corviknight|64/100 brn|[from] brn
|upkeep
|
|t:|1785251370
|switch|p1b: Raichu|Raichu-Mega-Y, L50, M|100/100
|turn|7
|
|t:|1785251379
|move|p1b: Raichu|Focus Blast|p2b: Garchomp
|-damage|p2b: Garchomp|0 fnt
|faint|p2b: Garchomp
|move|p1a: Corviknight|Iron Head|p2a: Floette
|-supereffective|p2a: Floette|1
|-damage|p2a: Floette|7/100 slp
|-curestatus|p2a: Floette|slp|[msg]
|move|p2a: Floette|Dazzling Gleam|p1b: Raichu|[spread] p1a,p1b
|-resisted|p1a: Corviknight|1
|-damage|p1a: Corviknight|38/100 brn
|-damage|p1b: Raichu|43/100
|
|-weather|Sandstorm|[upkeep]
|-damage|p1b: Raichu|37/100|[from] Sandstorm
|-damage|p2a: Floette|1/100|[from] Sandstorm
|-heal|p1a: Corviknight|44/100 brn|[from] item: Leftovers
|-damage|p1a: Corviknight|38/100 brn|[from] brn
|upkeep
|turn|8
|
|t:|1785251397
|move|p1b: Raichu|Zap Cannon|p2a: Floette
|-damage|p2a: Floette|0 fnt
|faint|p2a: Floette
|
|win|bl4ckdri
||eklyst is ready for game 2.
||bl4ckdri is ready for game 2.
|uhtml|next|Next: Game 2 of 3
