|j|☆Vgc4200
|j|☆Alecat
|html|Vgc4200Alecat    
|uhtml|bestof|Game 3 of a best-of-3
|t:|1756355270
|gametype|doubles
|player|p1|Vgc4200|silver|1074
|player|p2|Alecat|scientistf|1096
|gen|9
|tier|[Gen 9] VGC 2025 Reg H (Bo3)
|rated|
|rule|Species Clause: Limit one of each Pokémon
|rule|Item Clause: Limit 1 of each item
|clearpoke
|poke|p1|Pelipper, L50, F|
|poke|p1|Comfey, L50, F|
|poke|p1|Annihilape, L50, F|
|poke|p1|Archaludon, L50, M|
|poke|p1|Electabuzz, L50, M|
|poke|p1|Ursaluna-Bloodmoon, L50, M|
|poke|p2|Pawmot, L50, M|
|poke|p2|Gyarados, L50, F|
|poke|p2|Volcarona, L50, M|
|poke|p2|Murkrow, L50, F|
|poke|p2|Incineroar, L50, F|
|poke|p2|Archaludon, L50, F|
|teampreview|4
|showteam|p1|Pelipper||FocusSash|Drizzle|Hurricane,Uturn,Tailwind,Protect|||F|||50|,,,,,Ghost]Comfey||MentalHerb|Triage|TrickRoom,FloralHealing,DrainingKiss,Protect|||F|||50|,,,,,Steel]Annihilape||WeaknessPolicy|Defiant|DrainPunch,RageFist,BulkUp,Protect|||F|||50|,,,,,Fire]Archaludon||AssaultVest|Stamina|DragonPulse,Snarl,BodyPress,ElectroShot|||M|||50|,,,,,Grass]Electabuzz||Eviolite|VitalSpirit|FollowMe,Electroweb,Taunt,Protect|||M|||50|,,,,,Ghost]Ursaluna-Bloodmoon||ThroatSpray|MindsEye|BloodMoon,HyperVoice,Protect,EarthPower|||M|||50|,,,,,Normal
|showteam|p2|Pawmot||FocusSash|VoltAbsorb|DoubleShock,Coaching,CloseCombat,Protect|||M|||50|,,,,,Electric]Gyarados||ClearAmulet|Moxie|Waterfall,DragonDance,Earthquake,Protect|||F|||50|,,,,,Ground]Volcarona||SitrusBerry|FlameBody|Overheat,StruggleBug,RagePowder,Tailwind|||M|||50|,,,,,Grass]Murkrow||Eviolite|Prankster|FoulPlay,RainDance,Taunt,SunnyDay|||F|||50|,,,,,Dark]Incineroar||AssaultVest|Intimidate|FlareBlitz,FakeOut,Bulldoze,KnockOff|||F|||50|,,,,,Ghost]Archaludon||PowerHerb|Stalwart|DragonTail,FlashCannon,ElectroShot,Protect|||F|||50|,,,,,Grass
|inactive|Battle timer is ON: inactive players will automatically lose when time's up. (requested by Alecat)
|inactive|Vgc4200 has 60 seconds left.
|inactive|Alecat has 60 seconds left.
|
|t:|1756355319
|teamsize|p1|4
|teamsize|p2|4
|start
|switch|p1a: Electabuzz|Electabuzz, L50, M|100/100
|switch|p1b: Ursaluna|Ursaluna-Bloodmoon, L50, M|100/100
|switch|p2a: Incineroar|Incineroar, L50, F|100/100
|switch|p2b: Murkrow|Murkrow, L50, F|100/100
|-ability|p2a: Incineroar|Intimidate|boost
|-unboost|p1a: Electabuzz|atk|1
|-unboost|p1b: Ursaluna|atk|1
|turn|1
|
|t:|1756355344
|-terastallize|p1a: Electabuzz|Ghost
|move|p1a: Electabuzz|Follow Me|p1a: Electabuzz
|-singleturn|p1a: Electabuzz|move: Follow Me
|move|p2b: Murkrow|Taunt|p1a: Electabuzz
|-start|p1a: Electabuzz|move: Taunt
|move|p2a: Incineroar|Bulldoze|p1b: Ursaluna|[spread] p1a,p1b
|-immune|p2b: Murkrow
|-damage|p1a: Electabuzz|89/100
|-damage|p1b: Ursaluna|92/100
|-unboost|p1a: Electabuzz|spe|1
|-unboost|p1b: Ursaluna|spe|1
|move|p1b: Ursaluna|Blood Moon|p2a: Incineroar
|-crit|p2a: Incineroar
|-damage|p2a: Incineroar|17/100
|
|upkeep
|turn|2
|inactive|Alecat has 30 seconds left.
|inactive|Alecat has 20 seconds left.
|
|t:|1756355380
|move|p2a: Incineroar|Knock Off|p1b: Ursaluna
|-damage|p1b: Ursaluna|63/100
|-enditem|p1b: Ursaluna|Throat Spray|[from] move: Knock Off|[of] p2a: Incineroar
|move|p2b: Murkrow|Foul Play|p1a: Electabuzz
|-supereffective|p1a: Electabuzz
|-damage|p1a: Electabuzz|53/100
|move|p1a: Electabuzz|Electroweb|p2b: Murkrow|[spread] p2a,p2b
|-supereffective|p2b: Murkrow
|-crit|p2b: Murkrow
|-damage|p2a: Incineroar|8/100
|-damage|p2b: Murkrow|67/100
|-unboost|p2a: Incineroar|spe|1
|-unboost|p2b: Murkrow|spe|1
|move|p1b: Ursaluna|Hyper Voice|p2a: Incineroar|[spread] p2a,p2b
|-damage|p2a: Incineroar|0 fnt
|-damage|p2b: Murkrow|36/100
|faint|p2a: Incineroar
|
|upkeep
|
|t:|1756355401
|switch|p2a: Gyarados|Gyarados, L50, F|100/100
|turn|3
|
|t:|1756355427
|switch|p1a: Comfey|Comfey, L50, F|100/100
|switch|p2b: Pawmot|Pawmot, L50, M|100/100
|-terastallize|p2a: Gyarados|Ground
|move|p1b: Ursaluna|Protect|p1b: Ursaluna
|-singleturn|p1b: Ursaluna|Protect
|move|p2a: Gyarados|Waterfall|p1b: Ursaluna
|-activate|p1b: Ursaluna|move: Protect
|
|upkeep
|turn|4
|inactive|Alecat has 30 seconds left.
|inactive|Alecat has 20 seconds left.
|inactive|Alecat has 15 seconds left.
|inactive|Alecat has 10 seconds left.
|
|t:|1756355478
|move|p1a: Comfey|Floral Healing|p1b: Ursaluna
|-heal|p1b: Ursaluna|100/100
|move|p2b: Pawmot|Double Shock|p1a: Comfey
|-crit|p1a: Comfey
|-damage|p1a: Comfey|17/100
|-start|p2b: Pawmot|typechange|???/Fighting|[from] move: Double Shock
|move|p2a: Gyarados|Waterfall|p1b: Ursaluna
|-supereffective|p1b: Ursaluna
|-damage|p1b: Ursaluna|38/100
|move|p1b: Ursaluna|Blood Moon|p2a: Gyarados
|-damage|p2a: Gyarados|10/100
|
|upkeep
|turn|5
|inactive|Alecat has 30 seconds left.
|inactive|Alecat has 20 seconds left.
|
|t:|1756355514
|move|p1b: Ursaluna|Protect|p1b: Ursaluna
|-singleturn|p1b: Ursaluna|Protect
|move|p1a: Comfey|Draining Kiss|p2a: Gyarados
|-damage|p2a: Gyarados|0 fnt
|-heal|p1a: Comfey|27/100|[from] drain|[of] p2a: Gyarados
|faint|p2a: Gyarados
|move|p2b: Pawmot|Close Combat|p1b: Ursaluna
|-activate|p1b: Ursaluna|move: Protect
|
|upkeep
|
|t:|1756355524
|switch|p2a: Murkrow|Murkrow, L50, F|36/100
|turn|6
|
|t:|1756355547
|move|p1a: Comfey|Floral Healing|p1b: Ursaluna
|-heal|p1b: Ursaluna|88/100
|move|p2b: Pawmot|Close Combat|p1a: Comfey
|-resisted|p1a: Comfey
|-damage|p1a: Comfey|0 fnt
|-unboost|p2b: Pawmot|def|1
|-unboost|p2b: Pawmot|spd|1
|faint|p1a: Comfey
|move|p2a: Murkrow|Foul Play|p1b: Ursaluna
|-damage|p1b: Ursaluna|79/100
|move|p1b: Ursaluna|Blood Moon|p2b: Pawmot
|-enditem|p2b: Pawmot|Focus Sash
|-damage|p2b: Pawmot|1/100
|
|upkeep
|
|t:|1756355563
|switch|p1a: Electabuzz|Electabuzz, L50, M, tera:Ghost|53/100
|turn|7
|
|t:|1756355570
|move|p2b: Pawmot|Protect|p2b: Pawmot
|-singleturn|p2b: Pawmot|Protect
|move|p1a: Electabuzz|Follow Me|p1a: Electabuzz
|-singleturn|p1a: Electabuzz|move: Follow Me
|move|p2a: Murkrow|Taunt|p1a: Electabuzz
|-start|p1a: Electabuzz|move: Taunt
|move|p1b: Ursaluna|Hyper Voice|p2b: Pawmot|[spread] p2a
|-activate|p2b: Pawmot|move: Protect
|-damage|p2a: Murkrow|0 fnt
|faint|p2a: Murkrow
|
|upkeep
|turn|8
|
|t:|1756355588
|move|p2b: Pawmot|Close Combat|p1b: Ursaluna
|-supereffective|p1b: Ursaluna
|-damage|p1b: Ursaluna|2/100
|-unboost|p2b: Pawmot|def|1
|-unboost|p2b: Pawmot|spd|1
|move|p1a: Electabuzz|Electroweb|p2b: Pawmot
|-heal|p2b: Pawmot|26/100|[from] ability: Volt Absorb|[of] p1a: Electabuzz
|move|p1b: Ursaluna|Hyper Voice|p2b: Pawmot
|-damage|p2b: Pawmot|0 fnt
|faint|p2b: Pawmot
|
|win|Vgc4200
|raw|Vgc4200's rating: 1074 → 1105(+31 for winning)
|raw|Alecat's rating: 1096 → 1070(-26 for losing)
