|j|☆Pokimohy
|j|☆eljulius
|html|Pokimohyeljulius    
|uhtml|bestof|Game 3 of a best-of-3
|t:|1784642571
|gametype|doubles
|player|p1|Pokimohy|gentleman-gen4dp|
|player|p2|eljulius|lance|
|gen|9
|tier|[Gen 9 Champions] VGC 2026 Reg M-B (Bo3)
|rule|Species Clause: Limit one of each Pokémon
|rule|Item Clause: Limit 1 of each item
|clearpoke
|poke|p1|Charizard, L50, M|
|poke|p1|Aerodactyl, L50, F|
|poke|p1|Farigiraf, L50, M|
|poke|p1|Sylveon, L50, F|
|poke|p1|Kingambit, L50, M|
|poke|p1|Garchomp, L50, F|
|poke|p2|Blastoise, L50, M|
|poke|p2|Maushold, L50|
|poke|p2|Milotic, L50, M|
|poke|p2|Sinistcha, L50|
|poke|p2|Delphox, L50, M|
|poke|p2|Incineroar, L50, M|
|teampreview|4
|showteam|p1|Charizard||CharizarditeY|Blaze|HeatWave,WeatherBall,SolarBeam,Protect|Timid||M|||50|]Aerodactyl||Aerodactylite|Unnerve|Tailwind,IceFang,RockSlide,DualWingbeat|Jolly||F|||50|]Farigiraf||SitrusBerry|ArmorTail|TrickRoom,TwinBeam,Thunderbolt,Roar|Quiet||M|||50|]Sylveon||FairyFeather|Pixilate|HyperVoice,HyperBeam,Detect,QuickAttack|Modest||F|||50|]Kingambit||FocusSash|Defiant|KowtowCleave,LowKick,IronHead,SuckerPunch|Adamant||M|||50|]Garchomp||LifeOrb|RoughSkin|Earthquake,RockSlide,DragonClaw,Protect|Adamant||F|||50|
|showteam|p2|Blastoise||Blastoisinite|RainDish|WaterSpout,ShellSmash,DarkPulse,AuraSphere|Modest||M|||50|]Maushold||FocusSash|FriendGuard|PopulationBomb,Encore,SuperFang,FollowMe|Impish|||||50|]Milotic||Leftovers|Competitive|MuddyWater,Coil,Recover,Hypnosis|Bold||M|||50|]Sinistcha||KasibBerry|Hospitality|MatchaGotcha,TrickRoom,LifeDew,RagePowder|Bold|||||50|]Delphox||Delphoxite|Blaze|NastyPlot,Psychic,HeatWave,Protect|Timid||M|||50|]Incineroar||SitrusBerry|Intimidate|FakeOut,PartingShot,DarkestLariat,FlareBlitz|Impish||M|||50|
|j| MeteorPlayz_
|c|☆Pokimohy|Julius, si gano este game creo que clasifico, si no lo tengo jodido
|c|☆Pokimohy|No sabes lo que me juego en este game
|
|t:|1784642631
|teamsize|p1|4
|teamsize|p2|4
|start
|switch|p1a: Charizard|Charizard, L50, M|100/100
|switch|p1b: Garchomp|Garchomp, L50, F|100/100
|switch|p2a: La diva|Delphox, L50, M|100/100
|switch|p2b: Visca Barsa|Maushold, L50|100/100
|turn|1
|c|☆eljulius|Bueno yo creo que no me juego nada XD
|
|t:|1784642660
|detailschange|p1a: Charizard|Charizard-Mega-Y, L50, M
|-mega|p1a: Charizard|Charizard|Charizardite Y
|-weather|SunnyDay|[from] ability: Drought|[of] p1a: Charizard
|detailschange|p2a: La diva|Delphox-Mega, L50, M
|-mega|p2a: La diva|Delphox|Delphoxite
|move|p2a: La diva|Nasty Plot|p2a: La diva
|-boost|p2a: La diva|spa|2
|move|p1a: Charizard|Weather Ball|p2b: Visca Barsa
|-enditem|p2b: Visca Barsa|Focus Sash
|-damage|p2b: Visca Barsa|1/100
|move|p1b: Garchomp|Rock Slide|p2a: La diva|[spread] p2a,p2b
|-supereffective|p2a: La diva|1
|-damage|p2a: La diva|49/100
|-damage|p2b: Visca Barsa|0 fnt
|faint|p2b: Visca Barsa
|-damage|p1b: Garchomp|90/100|[from] item: Life Orb
|
|-weather|SunnyDay|[upkeep]
|upkeep
|
|t:|1784642663
|switch|p2b: Carles Puyol|Incineroar, L50, M|100/100
|-ability|p2b: Carles Puyol|Intimidate|boost
|-unboost|p1a: Charizard|atk|1
|-unboost|p1b: Garchomp|atk|1
|turn|2
|
|t:|1784642689
|move|p1a: Charizard|Protect|p1a: Charizard
|-singleturn|p1a: Charizard|Protect
|move|p1b: Garchomp|Protect|p1b: Garchomp
|-singleturn|p1b: Garchomp|Protect
|move|p2b: Carles Puyol|Fake Out|p1a: Charizard
|-activate|p1a: Charizard|move: Protect
|move|p2a: La diva|Psychic|p1b: Garchomp
|-activate|p1b: Garchomp|move: Protect
|
|-weather|SunnyDay|[upkeep]
|upkeep
|turn|3
|
|t:|1784642703
|move|p2a: La diva|Psychic|p1b: Garchomp
|-damage|p1b: Garchomp|0 fnt
|faint|p1b: Garchomp
|move|p1a: Charizard|Heat Wave|p2a: La diva|[spread] p2a,p2b
|-resisted|p2a: La diva|1
|-crit|p2a: La diva
|-resisted|p2b: Carles Puyol|1
|-damage|p2a: La diva|7/100
|-damage|p2b: Carles Puyol|74/100
|move|p2b: Carles Puyol|Parting Shot|p1a: Charizard
|-unboost|p1a: Charizard|atk|1
|-unboost|p1a: Charizard|spa|1
|
|t:|1784642707
|switch|p2b: Cubarsi|Sinistcha, L50|100/100|[from] Parting Shot
|-heal|p2a: La diva|32/100|[from] ability: Hospitality|[of] p2b: Cubarsi
|
|-weather|SunnyDay|[upkeep]
|upkeep
|
|t:|1784642723
|switch|p1b: Kingambit|Kingambit, L50, M|100/100
|turn|4
|
|t:|1784642734
|move|p2b: Cubarsi|Rage Powder|p2b: Cubarsi
|-singleturn|p2b: Cubarsi|move: Rage Powder
|move|p2a: La diva|Heat Wave|p1b: Kingambit|[spread] p1a,p1b
|-resisted|p1a: Charizard|1
|-supereffective|p1b: Kingambit|1
|-damage|p1a: Charizard|36/100
|-enditem|p1b: Kingambit|Focus Sash
|-damage|p1b: Kingambit|1/100
|-status|p1b: Kingambit|brn
|move|p1a: Charizard|Weather Ball|p2b: Cubarsi
|-supereffective|p2b: Cubarsi|1
|-damage|p2b: Cubarsi|0 fnt
|faint|p2b: Cubarsi
|move|p1b: Kingambit|Kowtow Cleave|p2a: La diva
|-supereffective|p2a: La diva|1
|-damage|p2a: La diva|0 fnt
|faint|p2a: La diva
|
|-weather|SunnyDay|[upkeep]
|-damage|p1b: Kingambit|0 fnt|[from] brn
|faint|p1b: Kingambit
|upkeep
|c|☆Pokimohy|OSTIA QUE SUSTO
|
|t:|1784642764
|switch|p2a: Carles Puyol|Incineroar, L50, M|74/100
|switch|p1b: Sylveon|Sylveon, L50, F|100/100
|-ability|p2a: Carles Puyol|Intimidate|boost
|-unboost|p1a: Charizard|atk|1
|-unboost|p1b: Sylveon|atk|1
|turn|5
|
|t:|1784642771
|move|p1a: Charizard|Protect|p1a: Charizard
|-singleturn|p1a: Charizard|Protect
|move|p1b: Sylveon|Detect|p1b: Sylveon
|-singleturn|p1b: Sylveon|Protect
|move|p2a: Carles Puyol|Fake Out|p1b: Sylveon
|-activate|p1b: Sylveon|move: Protect
|
|-weather|none
|upkeep
|turn|6
|c|☆eljulius|Gg
|c|☆Pokimohy|Gg
|
|t:|1784642788
|move|p1a: Charizard|Heat Wave|p2a: Carles Puyol
|-resisted|p2a: Carles Puyol|1
|-damage|p2a: Carles Puyol|58/100
|move|p1b: Sylveon|Hyper Beam|p2a: Carles Puyol
|-damage|p2a: Carles Puyol|0 fnt
|-mustrecharge|p1b: Sylveon
|faint|p2a: Carles Puyol
|
|win|Pokimohy
|c|☆Pokimohy|SIIIIII VAMOS
|c|☆Pokimohy|QUE PT SUSTO
|c|☆Pokimohy|gg
|c|☆Pokimohy|Ahora paso las replays
|l|☆eljulius
|player|p2|
