|j|☆Merisan
|j|☆DGSgame
|html|MerisanDGSgame    
|uhtml|bestof|Game 2 of a best-of-3
|t:|1785336441
|gametype|doubles
|player|p1|Merisan|kieran-masters|
|player|p2|DGSgame|2|
|gen|9
|tier|[Gen 9 Champions] VGC 2026 Reg M-B (Bo3)
|rule|Species Clause: Limit one of each Pokémon
|rule|Item Clause: Limit 1 of each item
|clearpoke
|poke|p1|Venusaur, L50, F|
|poke|p1|Kingambit, L50, F|
|poke|p1|Heliolisk, L50, M|
|poke|p1|Hawlucha, L50, M|
|poke|p1|Kommo-o, L50, M|
|poke|p1|Ninetales-Alola, L50, F|
|poke|p2|Archaludon, L50, F|
|poke|p2|Pelipper, L50, M|
|poke|p2|Raichu, L50, M|
|poke|p2|Mimikyu, L50, F|
|poke|p2|Aggron, L50, M|
|poke|p2|Vivillon, L50, M|
|teampreview|4
|showteam|p1|Venusaur||Venusaurite|Chlorophyll|GigaDrain,EarthPower,LeechSeed,Protect|Modest||F|||50|]Kingambit||FocusSash|Defiant|SuckerPunch,KowtowCleave,IronHead,LowKick|Adamant||F|||50|]Heliolisk||ShucaBerry|DrySkin|GrassKnot,VoltSwitch,Electroweb,Protect|Timid||M|||50|]Hawlucha||WhiteHerb|Unburden|CloseCombat,BraveBird,QuickGuard,Roost|Jolly||M|||50|]Kommo-o||LifeOrb|Overcoat|AuraSphere,ClangingScales,Protect,VacuumWave|Modest||M|||50|]Ninetales-Alola||NeverMeltIce|SnowWarning|FreezeDry,Blizzard,AuroraVeil,Protect|Timid||F|||50|
|showteam|p2|Archaludon||ChoiceScarf|Sturdy|ElectroShot,FlashCannon,DragonPulse,DarkPulse|Timid||F|||50|]Pelipper||MentalHerb|Drizzle|Roost,Hurricane,Tailwind,WeatherBall|Calm||M|||50|]Raichu||RaichuniteX|LightningRod|FakeOut,Encore,KnockOff,BrickBreak|Impish||M|||50|]Mimikyu||SitrusBerry|Disguise|Taunt,WillOWisp,PlayRough,ShadowSneak|Adamant||F|||50|]Aggron||Leftovers|RockHead|SteelRoller,BodyPress,Protect,Taunt|Sassy||M|||50|]Vivillon||FocusSash|FriendGuard|Protect,Hurricane,Uturn,RainDance|Timid||M|||50|
|
|t:|1785336487
|teamsize|p1|4
|teamsize|p2|4
|start
|switch|p1a: Kommo-o|Kommo-o, L50, M|100/100
|switch|p1b: Kingambit|Kingambit, L50, F|100/100
|switch|p2a: Mimikyu|Mimikyu, L50, F|100/100
|switch|p2b: Raichu|Raichu, L50, M|100/100
|turn|1
|
|t:|1785336520
|switch|p1b: Venusaur|Venusaur, L50, F|100/100
|detailschange|p2b: Raichu|Raichu-Mega-X, L50, M
|-mega|p2b: Raichu|Raichu|Raichunite X
|-fieldstart|move: Electric Terrain|[from] ability: Electric Surge|[of] p2b: Raichu
|move|p1a: Kommo-o|Protect|p1a: Kommo-o
|-singleturn|p1a: Kommo-o|Protect
|move|p2b: Raichu|Brick Break|p1b: Venusaur
|-resisted|p1b: Venusaur|1
|-damage|p1b: Venusaur|88/100
|move|p2a: Mimikyu|Taunt|p1b: Venusaur
|-start|p1b: Venusaur|move: Taunt
|
|upkeep
|turn|2
|
|t:|1785336561
|switch|p1a: Kingambit|Kingambit, L50, F|100/100
|detailschange|p1b: Venusaur|Venusaur-Mega, L50, F
|-mega|p1b: Venusaur|Venusaur|Venusaurite
|move|p2b: Raichu|Encore||[still]
|-fail|p2b: Raichu
|move|p2a: Mimikyu|Will-O-Wisp|p1a: Kingambit|[miss]
|-miss|p2a: Mimikyu|p1a: Kingambit
|move|p1b: Venusaur|Giga Drain|p2a: Mimikyu
|-activate|p2a: Mimikyu|ability: Disguise
|-damage|p2a: Mimikyu|100/100
|detailschange|p2a: Mimikyu|Mimikyu-Busted, L50, F
|-damage|p2a: Mimikyu|87/100|[from] pokemon: Mimikyu-Busted
|
|upkeep
|turn|3
|
|t:|1785336592
|switch|p2b: Archaludon|Archaludon, L50, F|100/100
|switch|p1a: Ninetales|Ninetales-Alola, L50, F|100/100
|-weather|Snowscape|[from] ability: Snow Warning|[of] p1a: Ninetales
|move|p2a: Mimikyu|Will-O-Wisp|p1a: Ninetales
|-status|p1a: Ninetales|brn
|move|p1b: Venusaur|Giga Drain|p2a: Mimikyu
|-damage|p2a: Mimikyu|47/100
|-heal|p1b: Venusaur|100/100|[from] drain|[of] p2a: Mimikyu
|-enditem|p2a: Mimikyu|Sitrus Berry|[eat]
|-heal|p2a: Mimikyu|72/100|[from] item: Sitrus Berry
|
|-weather|Snowscape|[upkeep]
|-damage|p1a: Ninetales|94/100 brn|[from] brn
|-end|p1b: Venusaur|move: Taunt
|upkeep
|turn|4
|
|t:|1785336635
|switch|p1a: Kingambit|Kingambit, L50, F|100/100
|switch|p2a: Pelipper|Pelipper, L50, M|100/100
|-weather|RainDance|[from] ability: Drizzle|[of] p2a: Pelipper
|move|p2b: Archaludon|Electro Shot||[still]
|-prepare|p2b: Archaludon|Electro Shot
|-boost|p2b: Archaludon|spa|1
|-anim|p2b: Archaludon|Electro Shot|p1a: Kingambit
|-damage|p1a: Kingambit|1/100
|move|p1b: Venusaur|Earth Power|p2b: Archaludon
|-supereffective|p2b: Archaludon|1
|-damage|p2b: Archaludon|7/100
|
|-weather|RainDance|[upkeep]
|upkeep
|turn|5
|
|t:|1785336673
|switch|p2b: Raichu|Raichu-Mega-X, L50, M|100/100
|switch|p1b: Ninetales|Ninetales-Alola, L50, F|94/100 brn
|-weather|Snowscape|[from] ability: Snow Warning|[of] p1b: Ninetales
|move|p1a: Kingambit|Sucker Punch||[still]
|-fail|p1a: Kingambit
|move|p2a: Pelipper|Tailwind|p2a: Pelipper
|-sidestart|p2: DGSgame|move: Tailwind
|
|-weather|Snowscape|[upkeep]
|-damage|p1b: Ninetales|88/100 brn|[from] brn
|-fieldend|move: Electric Terrain
|upkeep
|turn|6
|
|t:|1785336697
|switch|p2a: Mimikyu|Mimikyu-Busted, L50, F|72/100
|switch|p1a: Kommo-o|Kommo-o, L50, M|100/100
|move|p2b: Raichu|Fake Out|p1a: Kommo-o
|-damage|p1a: Kommo-o|89/100
|move|p1b: Ninetales|Blizzard|p2a: Mimikyu|[spread] p2a,p2b
|-damage|p2a: Mimikyu|37/100
|-damage|p2b: Raichu|63/100
|-status|p2a: Mimikyu|frz
|
|-weather|Snowscape|[upkeep]
|-damage|p1b: Ninetales|82/100 brn|[from] brn
|upkeep
|turn|7
|c|☆DGSgame|VAAASTT
|c|☆Merisan|sowwy
|
|t:|1785336726
|move|p2b: Raichu|Brick Break|p1b: Ninetales
|-damage|p1b: Ninetales|60/100 brn
|cant|p2a: Mimikyu|frz
|move|p1b: Ninetales|Blizzard|p2b: Raichu|[spread] p2a,p2b
|-damage|p2a: Mimikyu|3/100 frz
|-damage|p2b: Raichu|25/100
|move|p1a: Kommo-o|Clanging Scales|p2b: Raichu|[spread] p2b
|-immune|p2a: Mimikyu
|-damage|p2b: Raichu|0 fnt
|faint|p2b: Raichu
|-unboost|p1a: Kommo-o|def|1
|-damage|p1a: Kommo-o|79/100|[from] item: Life Orb
|
|-weather|Snowscape|[upkeep]
|-damage|p1b: Ninetales|55/100 brn|[from] brn
|upkeep
|
|t:|1785336743
|switch|p2b: Pelipper|Pelipper, L50, M|100/100
|-weather|RainDance|[from] ability: Drizzle|[of] p2b: Pelipper
|turn|8
|
|t:|1785336755
|move|p1b: Ninetales|Protect|p1b: Ninetales
|-singleturn|p1b: Ninetales|Protect
|move|p1a: Kommo-o|Protect|p1a: Kommo-o
|-singleturn|p1a: Kommo-o|Protect
|cant|p2a: Mimikyu|frz
|move|p2b: Pelipper|Hurricane|p1b: Ninetales
|-activate|p1b: Ninetales|move: Protect
|
|-weather|RainDance|[upkeep]
|-damage|p1b: Ninetales|49/100 brn|[from] brn
|-sideend|p2: DGSgame|move: Tailwind
|upkeep
|turn|9
|
|t:|1785336776
|switch|p1a: Kingambit|Kingambit, L50, F|1/100
|move|p1b: Ninetales|Freeze-Dry|p2b: Pelipper
|-supereffective|p2b: Pelipper|2
|-damage|p2b: Pelipper|0 fnt
|faint|p2b: Pelipper
|-curestatus|p2a: Mimikyu|frz|[msg]
|move|p2a: Mimikyu|Play Rough|p1a: Kingambit|[miss]
|-miss|p2a: Mimikyu|p1a: Kingambit
|
|-weather|RainDance|[upkeep]
|-damage|p1b: Ninetales|43/100 brn|[from] brn
|upkeep
|
|t:|1785336788
|switch|p2b: Archaludon|Archaludon, L50, F|7/100
|turn|10
|c|☆DGSgame|oh
|c|☆DGSgame|im in super hell
|c|☆DGSgame|:crine
|
|t:|1785336805
|move|p2a: Mimikyu|Shadow Sneak|p1a: Kingambit
|-resisted|p1a: Kingambit|1
|-damage|p1a: Kingambit|0 fnt
|faint|p1a: Kingambit
|move|p2b: Archaludon|Flash Cannon|p1b: Ninetales
|-supereffective|p1b: Ninetales|2
|-damage|p1b: Ninetales|0 fnt
|faint|p1b: Ninetales
|
|-weather|RainDance|[upkeep]
|upkeep
|
|t:|1785336809
|switch|p1b: Venusaur|Venusaur-Mega, L50, F|100/100
|switch|p1a: Kommo-o|Kommo-o, L50, M|79/100
|turn|11
|c|☆Merisan|ggwp
|
|t:|1785336821
|move|p1a: Kommo-o|Vacuum Wave|p2b: Archaludon
|-supereffective|p2b: Archaludon|1
|-damage|p2b: Archaludon|0 fnt
|faint|p2b: Archaludon
|-damage|p1a: Kommo-o|70/100|[from] item: Life Orb
|move|p2a: Mimikyu|Play Rough|p1a: Kommo-o
|-supereffective|p1a: Kommo-o|2
|-damage|p1a: Kommo-o|0 fnt
|faint|p1a: Kommo-o
|move|p1b: Venusaur|Giga Drain|p2a: Mimikyu
|-damage|p2a: Mimikyu|0 fnt
|faint|p2a: Mimikyu
|
|win|Merisan
|c|☆DGSgame|ggs
