|j|☆breloomb01
|j|☆failandimprove3
|html|breloomb01failandimprove3    
|uhtml|bestof|Game 1 of a best-of-3
|t:|1783380095
|gametype|doubles
|player|p1|breloomb01|roughneck|1328
|player|p2|failandimprove3|1|1451
|gen|9
|tier|[Gen 9 Champions] VGC 2026 Reg M-B (Bo3)
|rated|
|rule|Species Clause: Limit one of each Pokémon
|rule|Item Clause: Limit 1 of each item
|clearpoke
|poke|p1|Gengar, L50, F, shiny|
|poke|p1|Swampert, L50, F, shiny|
|poke|p1|Incineroar, L50, F, shiny|
|poke|p1|Politoed, L50, M, shiny|
|poke|p1|Archaludon, L50, M, shiny|
|poke|p1|Vivillon-Polar, L50, F|
|poke|p2|Charizard, L50, F|
|poke|p2|Mamoswine, L50, M|
|poke|p2|Venusaur, L50, F|
|poke|p2|Garchomp, L50, F|
|poke|p2|Incineroar, L50, F|
|poke|p2|Sylveon, L50, F|
|teampreview|4
|showteam|p1|Gengar||Gengarite|CursedBody|ShadowBall,PerishSong,SludgeBomb,Protect|Timid||F|||50|]Swampert||Swampertite|Torrent|WaveCrash,Earthquake,IcePunch,Protect|Adamant||F|||50|]Incineroar||PasshoBerry|Intimidate|ThroatChop,PartingShot,FakeOut,Protect|Sassy||F|||50|]Politoed||SitrusBerry|Drizzle|WeatherBall,PerishSong,Encore,Protect|Calm||M|||50|]Archaludon||Leftovers|Stamina|DragonPulse,FlashCannon,ElectroShot,Protect|Bold||M|||50|]Vivillon-Polar||FocusSash|CompoundEyes|Hurricane,SleepPowder,RagePowder,Protect|Timid||F|||50|
|showteam|p2|Charizard||CharizarditeY|Blaze|HeatWave,WeatherBall,SolarBeam,Protect|Modest||F|||50|]Mamoswine||FocusSash|Oblivious|HighHorsepower,IceShard,RockTomb,Protect|Jolly||M|||50|]Venusaur||LifeOrb|Chlorophyll|EnergyBall,SludgeBomb,EarthPower,Protect|Modest||F|||50|]Garchomp||ChoiceScarf|RoughSkin|RockSlide,DragonClaw,Earthquake,IronHead|Adamant||F|||50|]Incineroar||SitrusBerry|Intimidate|FlareBlitz,DarkestLariat,PartingShot,FakeOut|Careful||F|||50|]Sylveon||FairyFeather|Pixilate|HyperVoice,Yawn,QuickAttack,Protect|Modest||F|||50|
|inactive|Battle timer is ON: inactive players will automatically lose when time's up. (requested by failandimprove3)
|inactive|failandimprove3 has 60 seconds left.
|
|t:|1783380136
|teamsize|p1|4
|teamsize|p2|4
|start
|switch|p1a: Incineroar|Incineroar, L50, F, shiny|100/100
|switch|p1b: Gengar|Gengar, L50, F, shiny|100/100
|switch|p2a: Venusaur|Venusaur, L50, F|100/100
|switch|p2b: Charizard|Charizard, L50, F|100/100
|-ability|p1a: Incineroar|Intimidate|boost
|-unboost|p2a: Venusaur|atk|1
|-unboost|p2b: Charizard|atk|1
|turn|1
|
|t:|1783380157
|switch|p2b: Incineroar|Incineroar, L50, F|100/100
|-ability|p2b: Incineroar|Intimidate|boost
|-unboost|p1a: Incineroar|atk|1
|-unboost|p1b: Gengar|atk|1
|detailschange|p1b: Gengar|Gengar-Mega, L50, F, shiny
|-mega|p1b: Gengar|Gengar|Gengarite
|move|p1a: Incineroar|Fake Out|p2a: Venusaur
|-damage|p2a: Venusaur|90/100
|move|p1b: Gengar|Perish Song|p1b: Gengar
|-start|p1a: Incineroar|perish3|[silent]
|-start|p1b: Gengar|perish3|[silent]
|-start|p2a: Venusaur|perish3|[silent]
|-start|p2b: Incineroar|perish3|[silent]
|-fieldactivate|move: Perish Song
|cant|p2a: Venusaur|flinch
|
|-start|p1b: Gengar|perish3
|-start|p2a: Venusaur|perish3
|-start|p2b: Incineroar|perish3
|-start|p1a: Incineroar|perish3
|upkeep
|turn|2
|
|t:|1783380171
|move|p1b: Gengar|Protect|p1b: Gengar
|-singleturn|p1b: Gengar|Protect
|move|p1a: Incineroar|Protect|p1a: Incineroar
|-singleturn|p1a: Incineroar|Protect
|move|p2b: Incineroar|Fake Out|p1a: Incineroar
|-activate|p1a: Incineroar|move: Protect
|move|p2a: Venusaur|Earth Power|p1a: Incineroar
|-activate|p1a: Incineroar|move: Protect
|
|-start|p1b: Gengar|perish2
|-start|p2a: Venusaur|perish2
|-start|p2b: Incineroar|perish2
|-start|p1a: Incineroar|perish2
|upkeep
|turn|3
|
|t:|1783380186
|switch|p1b: Vivillon|Vivillon-Polar, L50, F|100/100
|move|p2a: Venusaur|Earth Power|p1b: Vivillon
|-immune|p1b: Vivillon
|move|p2b: Incineroar|Darkest Lariat|p1b: Vivillon
|-damage|p1b: Vivillon|30/100
|move|p1a: Incineroar|Parting Shot|p2a: Venusaur
|-unboost|p2a: Venusaur|atk|1
|-unboost|p2a: Venusaur|spa|1
|
|t:|1783380188
|switch|p1a: Gengar|Gengar-Mega, L50, F, shiny|100/100|[from] Parting Shot
|
|-start|p2a: Venusaur|perish1
|-start|p2b: Incineroar|perish1
|upkeep
|turn|4
|
|t:|1783380198
|move|p1a: Gengar|Protect|p1a: Gengar
|-singleturn|p1a: Gengar|Protect
|move|p1b: Vivillon|Protect|p1b: Vivillon
|-singleturn|p1b: Vivillon|Protect
|move|p2a: Venusaur|Sludge Bomb|p1b: Vivillon
|-activate|p1b: Vivillon|move: Protect
|move|p2b: Incineroar|Parting Shot|p2a: Venusaur
|-unboost|p2a: Venusaur|atk|1
|-unboost|p2a: Venusaur|spa|1
|
|t:|1783380208
|switch|p2b: Garchomp|Garchomp, L50, F|100/100|[from] Parting Shot
|
|-start|p2a: Venusaur|perish0
|faint|p2a: Venusaur
|upkeep
|
|t:|1783380224
|switch|p2a: Incineroar|Incineroar, L50, F|100/100
|-ability|p2a: Incineroar|Intimidate|boost
|-unboost|p1a: Gengar|atk|1
|-unboost|p1b: Vivillon|atk|1
|turn|5
|
|t:|1783380230
|switch|p1b: Incineroar|Incineroar, L50, F, shiny|100/100
|-ability|p1b: Incineroar|Intimidate|boost
|-unboost|p2a: Incineroar|atk|1
|-unboost|p2b: Garchomp|atk|1
|move|p2b: Garchomp|Rock Slide|p1b: Incineroar|[spread] p1a,p1b
|-supereffective|p1b: Incineroar|1
|-damage|p1a: Gengar|85/100
|-damage|p1b: Incineroar|74/100
|move|p1a: Gengar|Perish Song|p1a: Gengar
|-start|p1a: Gengar|perish3|[silent]
|-start|p1b: Incineroar|perish3|[silent]
|-start|p2a: Incineroar|perish3|[silent]
|-start|p2b: Garchomp|perish3|[silent]
|-fieldactivate|move: Perish Song
|move|p2a: Incineroar|Darkest Lariat|p1a: Gengar
|-supereffective|p1a: Gengar|1
|-damage|p1a: Gengar|34/100
|
|-start|p2b: Garchomp|perish3
|-start|p1a: Gengar|perish3
|-start|p2a: Incineroar|perish3
|-start|p1b: Incineroar|perish3
|upkeep
|turn|6
|
|t:|1783380245
|move|p1a: Gengar|Protect|p1a: Gengar
|-singleturn|p1a: Gengar|Protect
|move|p1b: Incineroar|Protect|p1b: Incineroar
|-singleturn|p1b: Incineroar|Protect
|move|p2b: Garchomp|Rock Slide|p1b: Incineroar|[spread] 
|-activate|p1a: Gengar|move: Protect
|-activate|p1b: Incineroar|move: Protect
|move|p2a: Incineroar|Parting Shot|p1b: Incineroar
|-activate|p1b: Incineroar|move: Protect
|
|-start|p2b: Garchomp|perish2
|-start|p1a: Gengar|perish2
|-start|p2a: Incineroar|perish2
|-start|p1b: Incineroar|perish2
|upkeep
|turn|7
|inactive|failandimprove3 has 30 seconds left.
|inactive|failandimprove3 has 20 seconds left.
|inactive|failandimprove3 has 15 seconds left.
|
|t:|1783380289
|switch|p1a: Vivillon|Vivillon-Polar, L50, F|30/100
|move|p2b: Garchomp|Rock Slide|p1a: Vivillon|[spread] p1a,p1b
|-supereffective|p1a: Vivillon|2
|-supereffective|p1b: Incineroar|1
|-damage|p1a: Vivillon|0 fnt
|-damage|p1b: Incineroar|51/100
|faint|p1a: Vivillon
|move|p2a: Incineroar|Parting Shot|p1b: Incineroar
|-unboost|p1b: Incineroar|atk|1
|-unboost|p1b: Incineroar|spa|1
|
|t:|1783380295
|switch|p2a: Charizard|Charizard, L50, F|100/100|[from] Parting Shot
|move|p1b: Incineroar|Parting Shot|p2b: Garchomp
|-unboost|p2b: Garchomp|atk|1
|-unboost|p2b: Garchomp|spa|1
|
|t:|1783380297
|switch|p1b: Gengar|Gengar-Mega, L50, F, shiny|34/100|[from] Parting Shot
|
|-start|p2b: Garchomp|perish1
|upkeep
|
|t:|1783380298
|switch|p1a: Incineroar|Incineroar, L50, F, shiny|51/100
|-ability|p1a: Incineroar|Intimidate|boost
|-unboost|p2a: Charizard|atk|1
|-unboost|p2b: Garchomp|atk|1
|turn|8
|
|t:|1783380305
|move|p1a: Incineroar|Fake Out|p2b: Garchomp
|-crit|p2b: Garchomp
|-damage|p2b: Garchomp|82/100
|-damage|p1a: Incineroar|39/100|[from] ability: Rough Skin|[of] p2b: Garchomp
|cant|p2b: Garchomp|flinch
|move|p1b: Gengar|Perish Song|p1b: Gengar
|-start|p1a: Incineroar|perish3|[silent]
|-start|p1b: Gengar|perish3|[silent]
|-start|p2a: Charizard|perish3|[silent]
|-fieldactivate|move: Perish Song
|move|p2a: Charizard|Heat Wave|p1a: Incineroar|[spread] p1a,p1b
|-resisted|p1a: Incineroar|1
|-damage|p1a: Incineroar|28/100
|-damage|p1b: Gengar|3/100
|
|-start|p2b: Garchomp|perish0
|-start|p1b: Gengar|perish3
|faint|p2b: Garchomp
|-start|p2a: Charizard|perish3
|-start|p1a: Incineroar|perish3
|upkeep
|
|t:|1783380314
|switch|p2b: Incineroar|Incineroar, L50, F|100/100
|-ability|p2b: Incineroar|Intimidate|boost
|-unboost|p1a: Incineroar|atk|1
|-unboost|p1b: Gengar|atk|1
|turn|9
|
|t:|1783380330
|move|p1b: Gengar|Protect|p1b: Gengar
|-singleturn|p1b: Gengar|Protect
|move|p1a: Incineroar|Protect|p1a: Incineroar
|-singleturn|p1a: Incineroar|Protect
|move|p2b: Incineroar|Fake Out|p1a: Incineroar
|-activate|p1a: Incineroar|move: Protect
|move|p2a: Charizard|Heat Wave|p1a: Incineroar|[spread] 
|-activate|p1a: Incineroar|move: Protect
|-activate|p1b: Gengar|move: Protect
|
|-start|p1b: Gengar|perish2
|-start|p2a: Charizard|perish2
|-start|p1a: Incineroar|perish2
|upkeep
|turn|10
|
|t:|1783380340
|detailschange|p2a: Charizard|Charizard-Mega-Y, L50, F
|-mega|p2a: Charizard|Charizard|Charizardite Y
|-weather|SunnyDay|[from] ability: Drought|[of] p2a: Charizard
|move|p1b: Gengar|Protect||[still]
|-fail|p1b: Gengar
|move|p2a: Charizard|Solar Beam||[still]
|-prepare|p2a: Charizard|Solar Beam
|-anim|p2a: Charizard|Solar Beam|p1b: Gengar
|-resisted|p1b: Gengar|1
|-damage|p1b: Gengar|0 fnt
|faint|p1b: Gengar
|move|p2b: Incineroar|Darkest Lariat|p1a: Incineroar
|-resisted|p1a: Incineroar|1
|-damage|p1a: Incineroar|13/100
|move|p1a: Incineroar|Parting Shot|p2a: Charizard
|-unboost|p2a: Charizard|atk|1
|-unboost|p2a: Charizard|spa|1
|
|t:|1783380343
|switch|p1a: Politoed|Politoed, L50, M, shiny|100/100|[from] Parting Shot
|-weather|RainDance|[from] ability: Drizzle|[of] p1a: Politoed
|
|-weather|RainDance|[upkeep]
|-start|p2a: Charizard|perish1
|upkeep
|
|t:|1783380345
|switch|p1b: Incineroar|Incineroar, L50, F, shiny|13/100
|-ability|p1b: Incineroar|Intimidate|boost
|-unboost|p2a: Charizard|atk|1
|-unboost|p2b: Incineroar|atk|1
|turn|11
|-message|failandimprove3 forfeited.
|
|win|breloomb01
