|j|☆STL Donductor
|j|☆SuperOinge22
|html|STL DonductorSuperOinge22    
|uhtml|bestof|Game 2 of a best-of-3
|t:|1754973661
|gametype|doubles
|player|p1|STL Donductor|fisherman|1173
|player|p2|SuperOinge22|170|1274
|gen|9
|tier|[Gen 9] VGC 2025 Reg H (Bo3)
|rated|
|rule|Species Clause: Limit one of each Pokémon
|rule|Item Clause: Limit 1 of each item
|clearpoke
|poke|p1|Dondozo, L50, M|
|poke|p1|Tatsugiri, L50, M|
|poke|p1|Dragonite, L50, M|
|poke|p1|Gholdengo, L50|
|poke|p1|Pawmot, L50, M|
|poke|p1|Talonflame, L50, M|
|poke|p2|Empoleon, L50, F|
|poke|p2|Salamence, L50, F|
|poke|p2|Meowscarada, L50, M|
|poke|p2|Garchomp, L50, M|
|poke|p2|Gholdengo, L50|
|poke|p2|Blaziken, L50, F|
|teampreview|4
|showteam|p1|Dondozo||Leftovers|Unaware|WaveCrash,OrderUp,Earthquake,Protect|||M|||50|,,,,,Grass]Tatsugiri||ChoiceScarf|Commander|MuddyWater,DracoMeteor,DragonPulse,IcyWind|||M|||50|,,,,,Water]Dragonite||ChoiceBand|InnerFocus|ExtremeSpeed,StompingTantrum,TeraBlast,Outrage|||M|||50|,,,,,Flying]Gholdengo||ChoiceSpecs|GoodasGold|MakeItRain,ShadowBall,Thunderbolt,PowerGem||||||50|,,,,,Steel]Pawmot||FocusSash|NaturalCure|FakeOut,DoubleShock,CloseCombat,RevivalBlessing|||M|||50|,,,,,Electric]Talonflame||CovertCloak|GaleWings|BraveBird,FlareBlitz,Tailwind,WillOWisp|||M|||50|,,,,,Flying
|showteam|p2|Empoleon||SitrusBerry|Competitive|WaterPledge,FlashCannon,Yawn,Protect|||F|||50|,,,,,Flying]Salamence||EjectPack|Intimidate|DracoMeteor,HeatWave,Tailwind,Protect|||F|||50|,,,,,Fire]Meowscarada||FocusSash|Overgrow|FlowerTrick,KnockOff,GrassPledge,Protect|||M|||50|,,,,,Grass]Garchomp||LifeOrb|RoughSkin|DragonClaw,Earthquake,StompingTantrum,Protect|||M|||50|,,,,,Ground]Gholdengo||MetalCoat|GoodasGold|MakeItRain,ShadowBall,NastyPlot,Protect||||||50|,,,,,Water]Blaziken||SafetyGoggles|SpeedBoost|HeatWave,FirePledge,AuraSphere,Protect|||F|||50|,,,,,Fairy
|inactive|Battle timer is ON: inactive players will automatically lose when time's up. (requested by SuperOinge22)
|inactive|STL Donductor also wants the timer to be on.
|inactive|STL Donductor has 60 seconds left.
|inactive|SuperOinge22 has 60 seconds left.
|inactive|STL Donductor has 30 seconds left.
|inactive|STL Donductor has 20 seconds left.
|
|t:|1754973735
|teamsize|p1|4
|teamsize|p2|4
|start
|switch|p1a: ReelBigFish|Dondozo, L50, M|100/100
|switch|p1b: Byron Lee|Dragonite, L50, M|100/100
|switch|p2a: Garchomp|Garchomp, L50, M|100/100
|switch|p2b: Salamence|Salamence, L50, F|100/100
|-ability|p2b: Salamence|Intimidate|boost
|-unboost|p1a: ReelBigFish|atk|1
|-fail|p1b: Byron Lee|unboost|Attack|[from] ability: Inner Focus|[of] p1b: Byron Lee
|turn|1
|inactive|STL Donductor has 30 seconds left.
|inactive|STL Donductor has 20 seconds left.
|
|t:|1754973775
|switch|p2a: Gholdengo|Gholdengo, L50|100/100
|switch|p1b: Sublime|Tatsugiri, L50, M, shiny|100/100
|-activate|p1b: Sublime|ability: Commander|[of] p1a: ReelBigFish
|-boost|p1a: ReelBigFish|atk|2
|-boost|p1a: ReelBigFish|spa|2
|-boost|p1a: ReelBigFish|spe|2
|-boost|p1a: ReelBigFish|def|2
|-boost|p1a: ReelBigFish|spd|2
|move|p1a: ReelBigFish|Order Up|p2a: Gholdengo
|-resisted|p2a: Gholdengo
|-damage|p2a: Gholdengo|86/100
|-boost|p1a: ReelBigFish|atk|1
|move|p2b: Salamence|Draco Meteor|p1a: ReelBigFish
|-damage|p1a: ReelBigFish|78/100
|-unboost|p2b: Salamence|spa|2
|-enditem|p2b: Salamence|Eject Pack
|
|t:|1754973792
|switch|p2b: Meowscarada|Meowscarada, L50, M|100/100
|
|-heal|p1a: ReelBigFish|84/100|[from] item: Leftovers
|upkeep
|turn|2
|
|t:|1754973814
|switch|p2a: Salamence|Salamence, L50, F|100/100
|-ability|p2a: Salamence|Intimidate|boost
|-unboost|p1a: ReelBigFish|atk|1
|-unboost|p1b: Sublime|atk|1
|move|p1a: ReelBigFish|Protect|p1a: ReelBigFish
|-singleturn|p1a: ReelBigFish|Protect
|move|p2b: Meowscarada|Knock Off|p1a: ReelBigFish
|-activate|p1a: ReelBigFish|move: Protect
|
|-heal|p1a: ReelBigFish|90/100|[from] item: Leftovers
|upkeep
|turn|3
|
|t:|1754973837
|-terastallize|p1a: ReelBigFish|Grass
|move|p2b: Meowscarada|Knock Off|p1a: ReelBigFish
|-damage|p1a: ReelBigFish|74/100
|-enditem|p1a: ReelBigFish|Leftovers|[from] move: Knock Off|[of] p2b: Meowscarada
|move|p1a: ReelBigFish|Order Up|p2a: Salamence
|-supereffective|p2a: Salamence
|-damage|p2a: Salamence|41/100
|-boost|p1a: ReelBigFish|atk|1
|move|p2a: Salamence|Tailwind|p2a: Salamence
|-sidestart|p2: SuperOinge22|move: Tailwind
|
|upkeep
|turn|4
|inactive|STL Donductor has 30 seconds left.
|
|t:|1754973863
|move|p2b: Meowscarada|Knock Off|p1a: ReelBigFish
|-damage|p1a: ReelBigFish|63/100
|move|p2a: Salamence|Heat Wave|p1a: ReelBigFish|[spread] p1a
|-miss|p2a: Salamence|p1b: Sublime
|-supereffective|p1a: ReelBigFish
|-damage|p1a: ReelBigFish|45/100
|move|p1a: ReelBigFish|Order Up|p2b: Meowscarada
|-damage|p2b: Meowscarada|38/100
|-boost|p1a: ReelBigFish|atk|1
|
|upkeep
|turn|5
|inactive|SuperOinge22 has 30 seconds left.
|inactive|SuperOinge22 has 20 seconds left.
|
|t:|1754973901
|move|p1a: ReelBigFish|Protect|p1a: ReelBigFish
|-singleturn|p1a: ReelBigFish|Protect
|move|p2b: Meowscarada|Flower Trick|p1a: ReelBigFish
|-activate|p1a: ReelBigFish|move: Protect
|move|p2a: Salamence|Draco Meteor|p1a: ReelBigFish
|-activate|p1a: ReelBigFish|move: Protect
|
|upkeep
|turn|6
|inactive|STL Donductor has 30 seconds left.
|
|t:|1754973931
|-terastallize|p2a: Salamence|Fire
|move|p2b: Meowscarada|Flower Trick|p1a: ReelBigFish
|-resisted|p1a: ReelBigFish
|-crit|p1a: ReelBigFish
|-damage|p1a: ReelBigFish|27/100
|move|p2a: Salamence|Heat Wave|p1a: ReelBigFish|[spread] p1a
|-miss|p2a: Salamence|p1b: Sublime
|-supereffective|p1a: ReelBigFish
|-damage|p1a: ReelBigFish|3/100
|move|p1a: ReelBigFish|Order Up|p2b: Meowscarada
|-damage|p2b: Meowscarada|0 fnt
|faint|p2b: Meowscarada
|-boost|p1a: ReelBigFish|atk|1
|
|-sideend|p2: SuperOinge22|move: Tailwind
|upkeep
|
|t:|1754973943
|switch|p2b: Garchomp|Garchomp, L50, M|100/100
|turn|7
|
|t:|1754973952
|move|p1a: ReelBigFish|Earthquake|p2a: Salamence|[spread] p2a,p2b
|-miss|p1a: ReelBigFish|p1b: Sublime
|-supereffective|p2a: Salamence
|-damage|p2a: Salamence|0 fnt
|-damage|p2b: Garchomp|45/100
|faint|p2a: Salamence
|move|p2b: Garchomp|Dragon Claw|p1a: ReelBigFish
|-damage|p1a: ReelBigFish|0 fnt
|faint|p1a: ReelBigFish
|-damage|p2b: Garchomp|35/100|[from] item: Life Orb
|
|upkeep
|
|t:|1754973966
|switch|p2a: Gholdengo|Gholdengo, L50|86/100
|switch|p1a: Byron Lee|Dragonite, L50, M|100/100
|turn|8
|inactive|STL Donductor has 30 seconds left.
|
|t:|1754973991
|move|p2b: Garchomp|Protect|p2b: Garchomp
|-singleturn|p2b: Garchomp|Protect
|move|p1b: Sublime|Icy Wind|p2a: Gholdengo|[spread] p2a
|-activate|p2b: Garchomp|move: Protect
|-resisted|p2a: Gholdengo
|-damage|p2a: Gholdengo|80/100
|-unboost|p2a: Gholdengo|spe|1
|move|p1a: Byron Lee|Stomping Tantrum|p2a: Gholdengo
|-supereffective|p2a: Gholdengo
|-damage|p2a: Gholdengo|0 fnt
|faint|p2a: Gholdengo
|
|upkeep
|turn|9
|
|t:|1754974004
|move|p1b: Sublime|Icy Wind|p2b: Garchomp
|-supereffective|p2b: Garchomp
|-damage|p2b: Garchomp|0 fnt
|faint|p2b: Garchomp
|
|win|STL Donductor
|raw|STL Donductor's rating: 1173 → 1205(+32 for winning)
|raw|SuperOinge22's rating: 1274 → 1242(-32 for losing)
|l|☆SuperOinge22
|player|p2|
