|j|☆r00mservice7
|j|☆sad35
|html|r00mservice7sad35    
|uhtml|bestof|Game 1 of a best-of-3
|t:|1784753606
|gametype|doubles
|player|p1|r00mservice7|266|1148
|player|p2|sad35|169|1125
|gen|9
|tier|[Gen 9 Champions] VGC 2026 Reg M-B (Bo3)
|rated|
|rule|Species Clause: Limit one of each Pokémon
|rule|Item Clause: Limit 1 of each item
|clearpoke
|poke|p1|Staraptor, L50, M|
|poke|p1|Tyranitar, L50, M|
|poke|p1|Excadrill, L50, F|
|poke|p1|Gholdengo, L50|
|poke|p1|Milotic, L50, F|
|poke|p1|Tsareena, L50, F|
|poke|p2|Meganium, L50, F|
|poke|p2|Pelipper, L50, F|
|poke|p2|Archaludon, L50, F|
|poke|p2|Basculegion, L50, M|
|poke|p2|Scolipede, L50, M|
|poke|p2|Hydreigon, L50, M|
|teampreview|4
|showteam|p1|Staraptor||Staraptite|Intimidate|BraveBird,CloseCombat,Tailwind,Protect|Jolly||M|||50|]Tyranitar||Tyranitarite|SandStream|RockSlide,KnockOff,DragonDance,Protect|Jolly||M|||50|]Excadrill||FocusSash|SandRush|HighHorsepower,IronHead,RockSlide,Protect|Adamant||F|||50|]Gholdengo||LifeOrb|GoodasGold|MakeItRain,ShadowBall,NastyPlot,Protect|Modest|||||50|]Milotic||SitrusBerry|Competitive|Scald,IcyWind,Haze,Protect|Calm||F|||50|]Tsareena||ExpertBelt|QueenlyMajesty|TropKick,LowKick,Taunt,Protect|Adamant||F|||50|
|showteam|p2|Meganium||Meganiumite|Overgrow|SolarBeam,WeatherBall,Protect,DazzlingGleam|Serious||F|||50|]Pelipper||FocusSash|Drizzle|Hurricane,WeatherBall,Tailwind,Protect|Modest||F|||50|]Archaludon||Leftovers|Stamina|ElectroShot,DragonPulse,FlashCannon,Protect|Modest||F|||50|]Basculegion||LifeOrb|Adaptability|AquaJet,LastRespects,WaveCrash,Protect|Jolly||M|||50|]Scolipede||SilverPowder|SpeedBoost|Megahorn,GunkShot,Protect,RockSlide|Adamant||M|||50|]Hydreigon||ChoiceScarf|Levitate|EarthPower,DracoMeteor,DarkPulse,Snarl|Timid||M|||50|
|
|t:|1784753699
|teamsize|p1|4
|teamsize|p2|4
|start
|switch|p1a: Staraptor|Staraptor, L50, M|100/100
|switch|p1b: Gholdengo|Gholdengo, L50|100/100
|switch|p2a: Meganium|Meganium, L50, F|100/100
|switch|p2b: Basculegion|Basculegion, L50, M|100/100
|-ability|p1a: Staraptor|Intimidate|boost
|-unboost|p2a: Meganium|atk|1
|-unboost|p2b: Basculegion|atk|1
|turn|1
|inactive|Battle timer is ON: inactive players will automatically lose when time's up. (requested by r00mservice7)
|
|t:|1784753762
|switch|p2b: Hydreigon|Hydreigon, L50, M|100/100
|detailschange|p1a: Staraptor|Staraptor-Mega, L50, M
|-mega|p1a: Staraptor|Staraptor|Staraptite
|detailschange|p2a: Meganium|Meganium-Mega, L50, F
|-mega|p2a: Meganium|Meganium|Meganiumite
|move|p2a: Meganium|Protect|p2a: Meganium
|-singleturn|p2a: Meganium|Protect
|move|p1a: Staraptor|Tailwind|p1a: Staraptor
|-sidestart|p1: r00mservice7|move: Tailwind
|move|p1b: Gholdengo|Make It Rain|p2b: Hydreigon|[spread] p2b
|-activate|p2a: Meganium|move: Protect
|-damage|p2b: Hydreigon|35/100
|-unboost|p1b: Gholdengo|spa|2
|-damage|p1b: Gholdengo|90/100|[from] item: Life Orb
|
|upkeep
|turn|2
|inactive|sad35 has 30 seconds left.
|inactive|sad35 has 20 seconds left.
|inactive|sad35 has 15 seconds left.
|
|t:|1784753804
|move|p1a: Staraptor|Brave Bird|p2a: Meganium
|-supereffective|p2a: Meganium|1
|-damage|p2a: Meganium|0 fnt
|faint|p2a: Meganium
|-damage|p1a: Staraptor|73/100|[from] Recoil
|move|p2b: Hydreigon|Draco Meteor|p1a: Staraptor
|-damage|p1a: Staraptor|4/100
|-unboost|p2b: Hydreigon|spa|2
|move|p1b: Gholdengo|Make It Rain|p2b: Hydreigon
|-damage|p2b: Hydreigon|0 fnt
|-unboost|p1b: Gholdengo|spa|2
|faint|p2b: Hydreigon
|-damage|p1b: Gholdengo|80/100|[from] item: Life Orb
|
|upkeep
|
|t:|1784753815
|switch|p2b: Pelipper|Pelipper, L50, F|100/100
|switch|p2a: Basculegion|Basculegion, L50, M|100/100
|-weather|RainDance|[from] ability: Drizzle|[of] p2b: Pelipper
|turn|3
|inactive|r00mservice7 has 30 seconds left.
|
|t:|1784753841
|switch|p1b: Tyranitar|Tyranitar, L50, M|100/100
|-weather|Sandstorm|[from] ability: Sand Stream|[of] p1b: Tyranitar
|move|p1a: Staraptor|Brave Bird|p2a: Basculegion
|-damage|p2a: Basculegion|28/100
|-damage|p1a: Staraptor|0 fnt|[from] Recoil
|faint|p1a: Staraptor
|move|p2a: Basculegion|Last Respects|p1b: Tyranitar
|-resisted|p1b: Tyranitar|1
|-damage|p1b: Tyranitar|46/100
|-damage|p2a: Basculegion|18/100|[from] item: Life Orb
|move|p2b: Pelipper|Tailwind|p2b: Pelipper
|-sidestart|p2: sad35|move: Tailwind
|
|-weather|Sandstorm|[upkeep]
|-damage|p2a: Basculegion|12/100|[from] Sandstorm
|-damage|p2b: Pelipper|94/100|[from] Sandstorm
|upkeep
|
|t:|1784753861
|switch|p1a: Gholdengo|Gholdengo, L50|80/100
|turn|4
|
|t:|1784753872
|move|p2a: Basculegion|Protect|p2a: Basculegion
|-singleturn|p2a: Basculegion|Protect
|move|p2b: Pelipper|Protect|p2b: Pelipper
|-singleturn|p2b: Pelipper|Protect
|move|p1b: Tyranitar|Knock Off|p2a: Basculegion
|-activate|p2a: Basculegion|move: Protect
|move|p1a: Gholdengo|Shadow Ball|p2a: Basculegion
|-activate|p2a: Basculegion|move: Protect
|
|-weather|Sandstorm|[upkeep]
|-damage|p2a: Basculegion|6/100|[from] Sandstorm
|-damage|p2b: Pelipper|88/100|[from] Sandstorm
|-sideend|p1: r00mservice7|move: Tailwind
|upkeep
|turn|5
|
|t:|1784753895
|move|p2a: Basculegion|Last Respects|p1a: Gholdengo
|-supereffective|p1a: Gholdengo|1
|-damage|p1a: Gholdengo|0 fnt
|faint|p1a: Gholdengo
|-damage|p2a: Basculegion|0 fnt|[from] item: Life Orb
|faint|p2a: Basculegion
|move|p2b: Pelipper|Hurricane|p1b: Tyranitar
|-resisted|p1b: Tyranitar|1
|-damage|p1b: Tyranitar|30/100
|-start|p1b: Tyranitar|confusion
|-activate|p1b: Tyranitar|confusion
|move|p1b: Tyranitar|Rock Slide|p2b: Pelipper
|-supereffective|p2b: Pelipper|1
|-damage|p2b: Pelipper|0 fnt
|faint|p2b: Pelipper
|
|win|r00mservice7
||sad35 is ready for game 2.
|inactive|r00mservice7 has 30 seconds to confirm battle start!
||r00mservice7 is ready for game 2.
|uhtml|next|Next: Game 2 of 3
|l|☆sad35
|player|p2|
