|j|☆jomivgc
|j|☆LunarMageMystia
|html|jomivgcLunarMageMystia    
|uhtml|bestof|Game 1 of a best-of-3
|t:|1784596519
|gametype|doubles
|player|p1|jomivgc|falkner-gen2|1214
|player|p2|LunarMageMystia|rosa|1209
|gen|9
|tier|[Gen 9 Champions] VGC 2026 Reg M-B (Bo3)
|rated|
|rule|Species Clause: Limit one of each Pokémon
|rule|Item Clause: Limit 1 of each item
|clearpoke
|poke|p1|Aerodactyl, L50, M|
|poke|p1|Charizard, L50, M|
|poke|p1|Incineroar, L50, M|
|poke|p1|Kingambit, L50, F|
|poke|p1|Sylveon, L50, M|
|poke|p1|Garchomp, L50, M|
|poke|p2|Metagross, L50|
|poke|p2|Venusaur, L50, F|
|poke|p2|Pelipper, L50, F|
|poke|p2|Grimmsnarl, L50, M|
|poke|p2|Archaludon, L50, F|
|poke|p2|Basculegion, L50, M|
|teampreview|4
|showteam|p1|Aerodactyl||Aerodactylite|Unnerve|RockSlide,DualWingbeat,WideGuard,Tailwind|Jolly||M|||50|]Charizard||CharizarditeY|Blaze|HeatWave,WeatherBall,SolarBeam,Protect|Modest||M|||50|]Incineroar||SitrusBerry|Intimidate|FlareBlitz,DarkestLariat,FakeOut,PartingShot|Impish||M|||50|]Kingambit||FocusSash|Defiant|KowtowCleave,IronHead,SuckerPunch,LowKick|Adamant||F|||50|]Sylveon||FairyFeather|Pixilate|HyperVoice,HyperBeam,QuickAttack,Detect|Modest||M|||50|]Garchomp||LifeOrb|RoughSkin|Earthquake,DragonClaw,RockSlide,Protect|Jolly||M|||50|
|showteam|p2|Metagross||Metagrossite|ClearBody|IronHead,PsychicFangs,ThunderPunch,Protect|Jolly|||||50|]Venusaur||Venusaurite|Overgrow|GigaDrain,SludgeBomb,EarthPower,Protect|Modest||F|||50|]Pelipper||SitrusBerry|Drizzle|Hurricane,WeatherBall,Tailwind,WideGuard|Modest||F|||50|]Grimmsnarl||LightClay|Prankster|FoulPlay,PartingShot,Reflect,LightScreen|Calm||M|||50|]Archaludon||Leftovers|Stamina|ElectroShot,DragonPulse,FlashCannon,Protect|Calm||F|||50|]Basculegion||ChoiceScarf|Adaptability|WaveCrash,LastRespects,FlipTurn,AquaJet|Jolly||M|||50|
|inactive|Battle timer is ON: inactive players will automatically lose when time's up. (requested by jomivgc)
|inactive|jomivgc has 60 seconds left.
|inactive|LunarMageMystia has 60 seconds left.
|inactive|jomivgc has 30 seconds left.
|inactive|jomivgc has 20 seconds left.
|inactive|jomivgc has 15 seconds left.
|inactive|jomivgc has 10 seconds left.
|
|t:|1784596600
|teamsize|p1|4
|teamsize|p2|4
|start
|switch|p1a: Aerodactyl|Aerodactyl, L50, M|100/100
|switch|p1b: Sylveon|Sylveon, L50, M|100/100
|switch|p2a: Grimmsnarl|Grimmsnarl, L50, M|100/100
|switch|p2b: Archaludon|Archaludon, L50, F|100/100
|-ability|p1a: Aerodactyl|Unnerve
|turn|1
|
|t:|1784596619
|move|p2a: Grimmsnarl|Light Screen|p2a: Grimmsnarl
|-sidestart|p2: LunarMageMystia|move: Light Screen
|move|p1a: Aerodactyl|Tailwind|p1a: Aerodactyl
|-sidestart|p1: jomivgc|move: Tailwind
|move|p1b: Sylveon|Hyper Voice|p2b: Archaludon|[spread] p2a,p2b
|-supereffective|p2a: Grimmsnarl|1
|-damage|p2a: Grimmsnarl|44/100
|-damage|p2b: Archaludon|70/100
|-ability|p2b: Archaludon|Stamina|boost
|-boost|p2b: Archaludon|def|1
|move|p2b: Archaludon|Flash Cannon|p1b: Sylveon
|-supereffective|p1b: Sylveon|1
|-damage|p1b: Sylveon|44/100
|
|-heal|p2b: Archaludon|76/100|[from] item: Leftovers
|upkeep
|turn|2
|inactive|LunarMageMystia has 30 seconds left.
|inactive|jomivgc has 30 seconds left.
|inactive|LunarMageMystia has 20 seconds left.
|
|t:|1784596656
|switch|p1a: Charizard|Charizard, L50, M|100/100
|move|p2b: Archaludon|Protect|p2b: Archaludon
|-singleturn|p2b: Archaludon|Protect
|move|p2a: Grimmsnarl|Parting Shot|p1b: Sylveon
|-unboost|p1b: Sylveon|atk|1
|-unboost|p1b: Sylveon|spa|1
|
|t:|1784596665
|switch|p2a: Metagross|Metagross, L50|100/100|[from] Parting Shot
|move|p1b: Sylveon|Hyper Beam|p2b: Archaludon
|-activate|p2b: Archaludon|move: Protect
|
|-heal|p2b: Archaludon|82/100|[from] item: Leftovers
|upkeep
|turn|3
|
|t:|1784596683
|detailschange|p1a: Charizard|Charizard-Mega-Y, L50, M
|-mega|p1a: Charizard|Charizard|Charizardite Y
|-weather|SunnyDay|[from] ability: Drought|[of] p1a: Charizard
|move|p2a: Metagross|Protect|p2a: Metagross
|-singleturn|p2a: Metagross|Protect
|move|p1a: Charizard|Weather Ball|p2b: Archaludon
|-damage|p2b: Archaludon|34/100
|-ability|p2b: Archaludon|Stamina|boost
|-boost|p2b: Archaludon|def|1
|move|p1b: Sylveon|Hyper Voice|p2b: Archaludon|[spread] p2b
|-activate|p2a: Metagross|move: Protect
|-damage|p2b: Archaludon|15/100
|-ability|p2b: Archaludon|Stamina|boost
|-boost|p2b: Archaludon|def|1
|move|p2b: Archaludon|Flash Cannon|p1b: Sylveon
|-supereffective|p1b: Sylveon|1
|-damage|p1b: Sylveon|0 fnt
|faint|p1b: Sylveon
|
|-weather|SunnyDay|[upkeep]
|-heal|p2b: Archaludon|21/100|[from] item: Leftovers
|upkeep
|
|t:|1784596702
|switch|p1b: Garchomp|Garchomp, L50, M|100/100
|turn|4
|
|t:|1784596721
|switch|p2a: Pelipper|Pelipper, L50, F|100/100
|-weather|RainDance|[from] ability: Drizzle|[of] p2a: Pelipper
|move|p2b: Archaludon|Protect|p2b: Archaludon
|-singleturn|p2b: Archaludon|Protect
|move|p1b: Garchomp|Rock Slide|p2b: Archaludon|[spread] p2a
|-activate|p2b: Archaludon|move: Protect
|-supereffective|p2a: Pelipper|1
|-damage|p2a: Pelipper|53/100
|-damage|p1b: Garchomp|90/100|[from] item: Life Orb
|move|p1a: Charizard|Weather Ball|p2a: Pelipper
|-resisted|p2a: Pelipper|1
|-damage|p2a: Pelipper|30/100
|-enditem|p2a: Pelipper|Sitrus Berry|[eat]
|-heal|p2a: Pelipper|55/100|[from] item: Sitrus Berry
|
|-weather|RainDance|[upkeep]
|-heal|p2b: Archaludon|27/100|[from] item: Leftovers
|-sideend|p1: jomivgc|move: Tailwind
|upkeep
|turn|5
|inactive|jomivgc has 30 seconds left.
|inactive|LunarMageMystia has 30 seconds left.
|
|t:|1784596753
|move|p2a: Pelipper|Wide Guard|p2a: Pelipper
|-singleturn|p2a: Pelipper|Wide Guard
|move|p1b: Garchomp|Earthquake|p2b: Archaludon|[spread] 
|-activate|p2a: Pelipper|move: Wide Guard
|-activate|p2b: Archaludon|move: Wide Guard
|-immune|p1a: Charizard
|move|p1a: Charizard|Weather Ball|p2b: Archaludon
|-resisted|p2b: Archaludon|1
|-damage|p2b: Archaludon|9/100
|-ability|p2b: Archaludon|Stamina|boost
|-boost|p2b: Archaludon|def|1
|move|p2b: Archaludon|Electro Shot||[still]
|-prepare|p2b: Archaludon|Electro Shot
|-boost|p2b: Archaludon|spa|1
|-anim|p2b: Archaludon|Electro Shot|p1a: Charizard
|-supereffective|p1a: Charizard|1
|-damage|p1a: Charizard|0 fnt
|faint|p1a: Charizard
|
|-weather|RainDance|[upkeep]
|-heal|p2b: Archaludon|15/100|[from] item: Leftovers
|upkeep
|
|t:|1784596775
|switch|p1a: Aerodactyl|Aerodactyl, L50, M|100/100
|-ability|p1a: Aerodactyl|Unnerve
|turn|6
|
|t:|1784596794
|move|p2b: Archaludon|Protect|p2b: Archaludon
|-singleturn|p2b: Archaludon|Protect
|move|p1a: Aerodactyl|Rock Slide|p2a: Pelipper|[spread] p2a
|-activate|p2b: Archaludon|move: Protect
|-supereffective|p2a: Pelipper|1
|-damage|p2a: Pelipper|10/100
|move|p1b: Garchomp|Dragon Claw|p2b: Archaludon
|-activate|p2b: Archaludon|move: Protect
|cant|p2a: Pelipper|flinch
|
|-weather|RainDance|[upkeep]
|-heal|p2b: Archaludon|21/100|[from] item: Leftovers
|upkeep
|turn|7
|inactive|LunarMageMystia has 30 seconds left.
|
|t:|1784596820
|move|p2a: Pelipper|Wide Guard|p2a: Pelipper
|-singleturn|p2a: Pelipper|Wide Guard
|move|p1a: Aerodactyl|Dual Wingbeat|p2a: Pelipper
|-damage|p2a: Pelipper|0 fnt
|faint|p2a: Pelipper
|-hitcount|p2: Pelipper|1
|move|p1b: Garchomp|Dragon Claw|p2b: Archaludon
|-damage|p2b: Archaludon|9/100
|-ability|p2b: Archaludon|Stamina|boost
|-boost|p2b: Archaludon|def|1
|-damage|p1b: Garchomp|80/100|[from] item: Life Orb
|move|p2b: Archaludon|Dragon Pulse|p1b: Garchomp
|-supereffective|p1b: Garchomp|1
|-damage|p1b: Garchomp|0 fnt
|faint|p1b: Garchomp
|
|-weather|RainDance|[upkeep]
|-heal|p2b: Archaludon|15/100|[from] item: Leftovers
|upkeep
|
|t:|1784596836
|switch|p2a: Metagross|Metagross, L50|100/100
|turn|8
|-message|jomivgc forfeited.
|
|win|LunarMageMystia
