|j|☆Oldcoldrainynights
|j|☆mouseilluminati
|html|Oldcoldrainynightsmouseilluminati    
|uhtml|bestof|Game 2 of a best-of-3
|t:|1783989731
|gametype|doubles
|player|p1|Oldcoldrainynights|nate|1056
|player|p2|mouseilluminati|169|1086
|gen|9
|tier|[Gen 9 Champions] VGC 2026 Reg M-B (Bo3)
|rated|
|rule|Species Clause: Limit one of each Pokémon
|rule|Item Clause: Limit 1 of each item
|clearpoke
|poke|p1|Ninetales-Alola, L50, F|
|poke|p1|Archaludon, L50, F|
|poke|p1|Pelipper, L50, M|
|poke|p1|Swampert, L50, M|
|poke|p1|Gholdengo, L50|
|poke|p1|Blaziken, L50, F|
|poke|p2|Pyroar, L50, M|
|poke|p2|Basculegion, L50, M|
|poke|p2|Torkoal, L50, M|
|poke|p2|Whimsicott, L50, M|
|poke|p2|Mawile, L50, M|
|poke|p2|Farigiraf, L50, F|
|teampreview|4
|showteam|p1|Ninetales-Alola||FocusSash|SnowWarning|Blizzard,AuroraVeil,RainDance,Protect|Timid||F|||50|]Archaludon||Leftovers|Stamina|ElectroShot,FlashCannon,DragonPulse,Protect|Modest||F|||50|]Pelipper||SitrusBerry|Drizzle|WeatherBall,Hurricane,Tailwind,WideGuard|Modest||M|||50|]Swampert||Swampertite|Torrent|WaveCrash,HighHorsepower,IcePunch,Protect|Adamant||M|||50|]Gholdengo||LifeOrb|GoodasGold|MakeItRain,ShadowBall,NastyPlot,Protect|Modest|||||50|]Blaziken||Blazikenite|SpeedBoost|CloseCombat,FlareBlitz,RockSlide,Detect|Adamant||F|||50|
|showteam|p2|Pyroar||Pyroarite|Unnerve|HeatWave,Overheat,Protect,SolarBeam|Timid||M|||50|]Basculegion||LifeOrb|Adaptability|AquaJet,WaveCrash,Protect,LastRespects|Adamant||M|||50|]Torkoal||Charcoal|Drought|Eruption,WeatherBall,Protect,HelpingHand|Quiet||M|||50|]Whimsicott||FocusSash|Prankster|Moonblast,SunnyDay,Protect,Tailwind|Timid||M|||50|]Mawile||Mawilite|Intimidate|IronHead,PlayRough,Protect,SuckerPunch|Adamant||M|||50|]Farigiraf||SitrusBerry|ArmorTail|FoulPlay,Psychic,HelpingHand,TrickRoom|Relaxed||F|||50|
|inactive|Battle timer is ON: inactive players will automatically lose when time's up. (requested by Oldcoldrainynights)
|inactive|Oldcoldrainynights has 60 seconds left.
|
|t:|1783989790
|teamsize|p1|4
|teamsize|p2|4
|start
|switch|p1a: Swampert|Swampert, L50, M|100/100
|switch|p1b: Archaludon|Archaludon, L50, F|100/100
|switch|p2a: Basculegion|Basculegion, L50, M|100/100
|switch|p2b: Whimsicott|Whimsicott, L50, M|100/100
|turn|1
|inactive|Oldcoldrainynights has 30 seconds left.
|
|t:|1783989817
|switch|p1a: Pelipper|Pelipper, L50, M|100/100
|-weather|RainDance|[from] ability: Drizzle|[of] p1a: Pelipper
|move|p2b: Whimsicott|Moonblast|p1b: Archaludon
|-damage|p1b: Archaludon|66/100
|-ability|p1b: Archaludon|Stamina|boost
|-boost|p1b: Archaludon|def|1
|move|p2a: Basculegion|Wave Crash|p1a: Pelipper
|-resisted|p1a: Pelipper|1
|-damage|p1a: Pelipper|11/100
|-enditem|p1a: Pelipper|Sitrus Berry|[eat]
|-heal|p1a: Pelipper|36/100|[from] item: Sitrus Berry
|-damage|p2a: Basculegion|75/100|[from] Recoil
|-damage|p2a: Basculegion|65/100|[from] item: Life Orb
|move|p1b: Archaludon|Electro Shot||[still]
|-prepare|p1b: Archaludon|Electro Shot
|-boost|p1b: Archaludon|spa|1
|-anim|p1b: Archaludon|Electro Shot|p2a: Basculegion
|-supereffective|p2a: Basculegion|1
|-damage|p2a: Basculegion|0 fnt
|faint|p2a: Basculegion
|
|-weather|RainDance|[upkeep]
|-heal|p1b: Archaludon|72/100|[from] item: Leftovers
|upkeep
|
|t:|1783989838
|switch|p2a: Pyroar|Pyroar, L50, M|100/100
|-ability|p2a: Pyroar|Unnerve
|turn|2
|
|t:|1783989860
|switch|p1b: Gholdengo|Gholdengo, L50|100/100
|move|p2a: Pyroar|Protect|p2a: Pyroar
|-singleturn|p2a: Pyroar|Protect
|move|p2b: Whimsicott|Moonblast|p1a: Pelipper
|-damage|p1a: Pelipper|0 fnt
|faint|p1a: Pelipper
|
|-weather|RainDance|[upkeep]
|upkeep
|
|t:|1783989871
|switch|p1a: Swampert|Swampert, L50, M|100/100
|turn|3
|
|t:|1783989890
|switch|p2b: Torkoal|Torkoal, L50, M|100/100
|-weather|SunnyDay|[from] ability: Drought|[of] p2b: Torkoal
|detailschange|p2a: Pyroar|Pyroar-Mega, L50, M
|-mega|p2a: Pyroar|Pyroar|Pyroarite
|move|p1a: Swampert|Protect|p1a: Swampert
|-singleturn|p1a: Swampert|Protect
|move|p2a: Pyroar|Solar Beam||[still]
|-prepare|p2a: Pyroar|Solar Beam
|-anim|p2a: Pyroar|Solar Beam|p1a: Swampert
|-activate|p1a: Swampert|move: Protect
|move|p1b: Gholdengo|Make It Rain|p2b: Torkoal|[spread] p2a,p2b
|-resisted|p2a: Pyroar|1
|-resisted|p2b: Torkoal|1
|-damage|p2a: Pyroar|63/100
|-damage|p2b: Torkoal|60/100
|-unboost|p1b: Gholdengo|spa|2
|-damage|p1b: Gholdengo|90/100|[from] item: Life Orb
|
|-weather|SunnyDay|[upkeep]
|upkeep
|turn|4
|inactive|mouseilluminati has 30 seconds left.
|
|t:|1783989916
|switch|p1a: Archaludon|Archaludon, L50, F|72/100
|move|p2a: Pyroar|Solar Beam||[still]
|-prepare|p2a: Pyroar|Solar Beam
|-anim|p2a: Pyroar|Solar Beam|p1a: Archaludon
|-resisted|p1a: Archaludon|2
|-damage|p1a: Archaludon|62/100
|-ability|p1a: Archaludon|Stamina|boost
|-boost|p1a: Archaludon|def|1
|move|p1b: Gholdengo|Make It Rain|p2a: Pyroar|[spread] p2a,p2b
|-resisted|p2a: Pyroar|1
|-resisted|p2b: Torkoal|1
|-damage|p2a: Pyroar|44/100
|-damage|p2b: Torkoal|38/100
|-unboost|p1b: Gholdengo|spa|2
|-damage|p1b: Gholdengo|81/100|[from] item: Life Orb
|move|p2b: Torkoal|Weather Ball|p1a: Archaludon
|-damage|p1a: Archaludon|0 fnt
|faint|p1a: Archaludon
|
|-weather|SunnyDay|[upkeep]
|upkeep
|
|t:|1783989934
|switch|p1a: Swampert|Swampert, L50, M|100/100
|turn|5
|
|t:|1783989943
|move|p1a: Swampert|Protect|p1a: Swampert
|-singleturn|p1a: Swampert|Protect
|move|p2a: Pyroar|Solar Beam||[still]
|-prepare|p2a: Pyroar|Solar Beam
|-anim|p2a: Pyroar|Solar Beam|p1a: Swampert
|-activate|p1a: Swampert|move: Protect
|move|p1b: Gholdengo|Make It Rain|p2b: Torkoal|[spread] p2a,p2b
|-resisted|p2a: Pyroar|1
|-resisted|p2b: Torkoal|1
|-damage|p2a: Pyroar|30/100
|-damage|p2b: Torkoal|24/100
|-unboost|p1b: Gholdengo|spa|2
|-damage|p1b: Gholdengo|71/100|[from] item: Life Orb
|move|p2b: Torkoal|Weather Ball|p1b: Gholdengo
|-supereffective|p1b: Gholdengo|1
|-damage|p1b: Gholdengo|0 fnt
|faint|p1b: Gholdengo
|
|-weather|SunnyDay|[upkeep]
|upkeep
|turn|6
|-message|Oldcoldrainynights forfeited.
|
|win|mouseilluminati
||Oldcoldrainynights is ready for game 3.
||mouseilluminati is ready for game 3.
|uhtml|next|Next: Game 3 of 3
|l|☆Oldcoldrainynights
|player|p1|
