|j|☆raksbachtesting1
|j|☆Chelicerate1
|html|raksbachtesting1Chelicerate1    
|uhtml|bestof|Game 1 of a best-of-3
|t:|1785510042
|gametype|doubles
|player|p1|raksbachtesting1|doubleteam|1119
|player|p2|Chelicerate1|ethan|1282
|gen|9
|tier|[Gen 9 Champions] VGC 2026 Reg M-B (Bo3)
|rated|
|rule|Species Clause: Limit one of each Pokémon
|rule|Item Clause: Limit 1 of each item
|clearpoke
|poke|p1|Staraptor, L50, M|
|poke|p1|Glimmora, L50, F|
|poke|p1|Whimsicott, L50, F|
|poke|p1|Kingambit, L50, M|
|poke|p1|Garchomp, L50, M|
|poke|p1|Delphox, L50, M|
|poke|p2|Grimmsnarl, L50, M|
|poke|p2|Basculegion, L50, M|
|poke|p2|Charizard, L50, F|
|poke|p2|Pelipper, L50, M|
|poke|p2|Venusaur, L50, M|
|poke|p2|Archaludon, L50, M|
|teampreview|4
|showteam|p1|Staraptor||Staraptite|Intimidate|CloseCombat,BraveBird,Roost,Protect|Jolly||M|||50|]Glimmora||FocusSash|ToxicDebris|PowerGem,SludgeBomb,EarthPower,SpikyShield|Modest||F|||50|]Whimsicott||OccaBerry|Prankster|Tailwind,Moonblast,Charm,LightScreen|Timid||F|||50|]Kingambit||ChopleBerry|Defiant|KowtowCleave,IronHead,LowKick,SuckerPunch|Adamant||M|||50|]Garchomp||LifeOrb|RoughSkin|Earthquake,DragonClaw,RockSlide,Protect|Adamant||M|||50|]Delphox||Delphoxite|Blaze|HeatWave,Psychic,Encore,Protect|Timid||M|||50|
|showteam|p2|Grimmsnarl||LightClay|Prankster|SpiritBreak,PartingShot,Reflect,LightScreen|Sassy||M|||50|]Basculegion||ChoiceScarf|Adaptability|LastRespects,WaveCrash,AquaJet,FlipTurn|Jolly||M|||50|]Charizard||CharizarditeY|Blaze|Protect,HeatWave,WeatherBall,SolarBeam|Modest||F|||50|]Pelipper||SitrusBerry|Drizzle|Hurricane,WeatherBall,Tailwind,WideGuard|Modest||M|||50|]Venusaur||FocusSash|Chlorophyll|SludgeBomb,SleepPowder,EarthPower,Protect|Modest||M|||50|]Archaludon||Leftovers|Stamina|ElectroShot,DragonPulse,FlashCannon,Protect|Calm||M|||50|
|inactive|Battle timer is ON: inactive players will automatically lose when time's up. (requested by raksbachtesting1)
|inactive|Chelicerate1 also wants the timer to be on.
|inactive|raksbachtesting1 has 60 seconds left.
|
|t:|1785510075
|teamsize|p1|4
|teamsize|p2|4
|start
|switch|p1a: Whimsicott|Whimsicott, L50, F|100/100
|switch|p1b: Staraptor|Staraptor, L50, M|100/100
|switch|p2a: Charizard|Charizard, L50, F|100/100
|switch|p2b: Venusaur|Venusaur, L50, M|100/100
|-ability|p1b: Staraptor|Intimidate|boost
|-unboost|p2a: Charizard|atk|1
|-unboost|p2b: Venusaur|atk|1
|turn|1
|
|t:|1785510093
|detailschange|p1b: Staraptor|Staraptor-Mega, L50, M
|-mega|p1b: Staraptor|Staraptor|Staraptite
|detailschange|p2a: Charizard|Charizard-Mega-Y, L50, F
|-mega|p2a: Charizard|Charizard|Charizardite Y
|-weather|SunnyDay|[from] ability: Drought|[of] p2a: Charizard
|move|p1b: Staraptor|Protect|p1b: Staraptor
|-singleturn|p1b: Staraptor|Protect
|move|p1a: Whimsicott|Tailwind|p1a: Whimsicott
|-sidestart|p1: raksbachtesting1|move: Tailwind
|move|p2b: Venusaur|Sludge Bomb|p1a: Whimsicott
|-supereffective|p1a: Whimsicott|2
|-damage|p1a: Whimsicott|0 fnt
|faint|p1a: Whimsicott
|move|p2a: Charizard|Heat Wave|p1b: Staraptor
|-activate|p1b: Staraptor|move: Protect
|
|-weather|SunnyDay|[upkeep]
|upkeep
|
|t:|1785510108
|switch|p1a: Garchomp|Garchomp, L50, M|100/100
|turn|2
|
|t:|1785510114
|move|p2b: Venusaur|Protect|p2b: Venusaur
|-singleturn|p2b: Venusaur|Protect
|move|p2a: Charizard|Protect|p2a: Charizard
|-singleturn|p2a: Charizard|Protect
|move|p1b: Staraptor|Brave Bird|p2b: Venusaur
|-activate|p2b: Venusaur|move: Protect
|move|p1a: Garchomp|Rock Slide|p2b: Venusaur|[spread] 
|-activate|p2a: Charizard|move: Protect
|-activate|p2b: Venusaur|move: Protect
|
|-weather|SunnyDay|[upkeep]
|upkeep
|turn|3
|
|t:|1785510130
|switch|p2b: Archaludon|Archaludon, L50, M|100/100
|switch|p2a: Pelipper|Pelipper, L50, M|100/100
|-weather|RainDance|[from] ability: Drizzle|[of] p2a: Pelipper
|move|p1b: Staraptor|Close Combat|p2b: Archaludon
|-supereffective|p2b: Archaludon|1
|-damage|p2b: Archaludon|15/100
|-boost|p1b: Staraptor|def|1
|-boost|p1b: Staraptor|spd|1
|-ability|p2b: Archaludon|Stamina|boost
|-boost|p2b: Archaludon|def|1
|move|p1a: Garchomp|Rock Slide|p2a: Pelipper|[spread] p2a,p2b
|-supereffective|p2a: Pelipper|1
|-resisted|p2b: Archaludon|1
|-damage|p2a: Pelipper|42/100
|-damage|p2b: Archaludon|8/100
|-ability|p2b: Archaludon|Stamina|boost
|-boost|p2b: Archaludon|def|1
|-enditem|p2a: Pelipper|Sitrus Berry|[eat]
|-heal|p2a: Pelipper|66/100|[from] item: Sitrus Berry
|-damage|p1a: Garchomp|90/100|[from] item: Life Orb
|
|-weather|RainDance|[upkeep]
|-heal|p2b: Archaludon|15/100|[from] item: Leftovers
|upkeep
|turn|4
|inactive|raksbachtesting1 has 30 seconds left.
|
|t:|1785510165
|move|p2b: Archaludon|Protect|p2b: Archaludon
|-singleturn|p2b: Archaludon|Protect
|move|p1b: Staraptor|Brave Bird|p2a: Pelipper
|-damage|p2a: Pelipper|12/100
|-damage|p1b: Staraptor|84/100|[from] Recoil
|move|p1a: Garchomp|Rock Slide|p2b: Archaludon|[spread] p2a
|-activate|p2b: Archaludon|move: Protect
|-supereffective|p2a: Pelipper|1
|-damage|p2a: Pelipper|0 fnt
|faint|p2a: Pelipper
|-damage|p1a: Garchomp|80/100|[from] item: Life Orb
|
|-weather|RainDance|[upkeep]
|-heal|p2b: Archaludon|21/100|[from] item: Leftovers
|-sideend|p1: raksbachtesting1|move: Tailwind
|upkeep
|
|t:|1785510174
|switch|p2a: Venusaur|Venusaur, L50, M|100/100
|turn|5
|
|t:|1785510186
|switch|p2b: Charizard|Charizard-Mega-Y, L50, F|100/100
|-weather|SunnyDay|[from] ability: Drought|[of] p2b: Charizard
|move|p2a: Venusaur|Sleep Powder|p1a: Garchomp
|-status|p1a: Garchomp|slp|[from] move: Sleep Powder
|move|p1b: Staraptor|Brave Bird|p2a: Venusaur
|-supereffective|p2a: Venusaur|1
|-enditem|p2a: Venusaur|Focus Sash
|-damage|p2a: Venusaur|1/100
|-damage|p1b: Staraptor|57/100|[from] Recoil
|cant|p1a: Garchomp|slp
|
|-weather|SunnyDay|[upkeep]
|upkeep
|turn|6
|inactive|raksbachtesting1 has 30 seconds left.
|
|t:|1785510212
|move|p2a: Venusaur|Sleep Powder|p1b: Staraptor|[miss]
|-miss|p2a: Venusaur|p1b: Staraptor
|move|p1b: Staraptor|Close Combat|p2a: Venusaur
|-resisted|p2a: Venusaur|1
|-damage|p2a: Venusaur|0 fnt
|-boost|p1b: Staraptor|def|1
|-boost|p1b: Staraptor|spd|1
|faint|p2a: Venusaur
|cant|p1a: Garchomp|slp
|move|p2b: Charizard|Heat Wave|p1a: Garchomp|[spread] p1a,p1b
|-resisted|p1a: Garchomp|1
|-damage|p1a: Garchomp|49/100 slp
|-damage|p1b: Staraptor|25/100
|
|-weather|SunnyDay|[upkeep]
|upkeep
|
|t:|1785510216
|switch|p2a: Archaludon|Archaludon, L50, M|21/100
|turn|7
|
|t:|1785510229
|move|p1b: Staraptor|Roost|p1b: Staraptor
|-heal|p1b: Staraptor|75/100
|-singleturn|p1b: Staraptor|move: Roost
|-curestatus|p1a: Garchomp|slp|[msg]
|move|p1a: Garchomp|Rock Slide|p2a: Archaludon|[spread] p2b
|-miss|p1a: Garchomp|p2a: Archaludon
|-supereffective|p2b: Charizard|2
|-damage|p2b: Charizard|0 fnt
|faint|p2b: Charizard
|-damage|p1a: Garchomp|39/100|[from] item: Life Orb
|move|p2a: Archaludon|Dragon Pulse|p1a: Garchomp
|-supereffective|p1a: Garchomp|1
|-damage|p1a: Garchomp|0 fnt
|faint|p1a: Garchomp
|
|-weather|SunnyDay|[upkeep]
|-heal|p2a: Archaludon|27/100|[from] item: Leftovers
|upkeep
|
|t:|1785510245
|switch|p1a: Kingambit|Kingambit, L50, M|100/100
|turn|8
|
|t:|1785510250
|move|p1b: Staraptor|Close Combat|p2a: Archaludon
|-supereffective|p2a: Archaludon|1
|-damage|p2a: Archaludon|0 fnt
|-boost|p1b: Staraptor|def|1
|-boost|p1b: Staraptor|spd|1
|faint|p2a: Archaludon
|
|win|raksbachtesting1
||raksbachtesting1 is ready for game 2.
