|j|☆Robbie0301
|j|☆LaF101
|html|Robbie0301LaF101    
|uhtml|bestof|Game 1 of a best-of-3
|t:|1757712635
|gametype|doubles
|player|p1|Robbie0301|102|1173
|player|p2|LaF101|rood|1181
|gen|9
|tier|[Gen 9] VGC 2025 Reg H (Bo3)
|rated|
|rule|Species Clause: Limit one of each Pokémon
|rule|Item Clause: Limit 1 of each item
|clearpoke
|poke|p1|Volcarona, L50, F|
|poke|p1|Tauros-Paldea-Aqua, L50, M|
|poke|p1|Electabuzz, L50, F|
|poke|p1|Rillaboom, L50, F|
|poke|p1|Garganacl, L50, F|
|poke|p1|Gholdengo, L50|
|poke|p2|Pelipper, L50, M|
|poke|p2|Archaludon, L50, M|
|poke|p2|Annihilape, L50, M|
|poke|p2|Maushold, L50|
|poke|p2|Sinistcha, L50|
|poke|p2|Kingambit, L50, M|
|teampreview|4
|showteam|p1|Volcarona||CovertCloak|FlameBody|HeatWave,TeraBlast,QuiverDance,Protect|||F|||50|,,,,,Fairy]Tauros-Paldea-Aqua||LifeOrb|Intimidate|RagingBull,CloseCombat,AquaJet,Protect|||M|||50|,,,,,Fighting]Electabuzz||Eviolite|VitalSpirit|Thunderbolt,Taunt,FollowMe,Protect|||F|||50|,,,,,Ghost]Rillaboom||AssaultVest|GrassySurge|WoodHammer,GrassyGlide,HighHorsepower,FakeOut|||F|||50|,,,,,Fire]Garganacl||SitrusBerry|PurifyingSalt|SaltCure,BodyPress,IronDefense,Recover|||F|||50|,,,,,Ghost]Gholdengo||ChoiceScarf|GoodasGold|MakeItRain,ShadowBall,Trick,Protect||||||50|,,,,,Steel
|showteam|p2|Pelipper||FocusSash|Drizzle|WeatherBall,Hurricane,Tailwind,Protect|||M|||50|,,,,,Ghost]Archaludon||AssaultVest|Stamina|ElectroShot,BodyPress,FlashCannon,Snarl|||M|||50|,,,,,Bug]Annihilape||Leftovers|Defiant|RageFist,DrainPunch,BulkUp,Protect|||M|||50|,,,,,Water]Maushold||SafetyGoggles|FriendGuard|FollowMe,BeatUp,Taunt,Protect||||||50|,,,,,Grass]Sinistcha||SitrusBerry|Hospitality|MatchaGotcha,RagePowder,Curse,LifeDew||||||50|,,,,,Water]Kingambit||BlackGlasses|Defiant|SuckerPunch,KowtowCleave,SwordsDance,Protect|||M|||50|,,,,,Dark
|inactive|Battle timer is ON: inactive players will automatically lose when time's up. (requested by LaF101)
|inactive|Robbie0301 has 60 seconds left.
|
|t:|1757712674
|teamsize|p1|4
|teamsize|p2|4
|start
|switch|p1a: Volcarona|Volcarona, L50, F|100/100
|switch|p1b: Electabuzz|Electabuzz, L50, F|100/100
|switch|p2a: Maushold|Maushold, L50|100/100
|switch|p2b: Archaludon|Archaludon, L50, M|100/100
|turn|1
|inactive|LaF101 has 30 seconds left.
|
|t:|1757712700
|move|p2a: Maushold|Taunt|p1a: Volcarona
|-start|p1a: Volcarona|move: Taunt
|cant|p1a: Volcarona|move: Taunt|Quiver Dance
|move|p1b: Electabuzz|Thunderbolt|p2a: Maushold
|-damage|p2a: Maushold|62/100
|move|p2b: Archaludon|Snarl|p1b: Electabuzz|[spread] p1a,p1b
|-damage|p1a: Volcarona|89/100
|-damage|p1b: Electabuzz|92/100
|-unboost|p1b: Electabuzz|spa|1
|
|upkeep
|turn|2
|
|t:|1757712720
|move|p1b: Electabuzz|Follow Me|p1b: Electabuzz
|-singleturn|p1b: Electabuzz|move: Follow Me
|move|p2a: Maushold|Taunt|p1b: Electabuzz
|-start|p1b: Electabuzz|move: Taunt
|move|p1a: Volcarona|Heat Wave|p2a: Maushold|[spread] p2a,p2b
|-damage|p2a: Maushold|21/100
|-damage|p2b: Archaludon|83/100
|-ability|p2b: Archaludon|Stamina|boost
|-boost|p2b: Archaludon|def|1
|move|p2b: Archaludon|Snarl|p1b: Electabuzz|[spread] p1a,p1b
|-damage|p1a: Volcarona|78/100
|-damage|p1b: Electabuzz|83/100
|-unboost|p1b: Electabuzz|spa|1
|
|upkeep
|turn|3
|
|t:|1757712741
|switch|p2a: Pelipper|Pelipper, L50, M|100/100
|-weather|RainDance|[from] ability: Drizzle|[of] p2a: Pelipper
|switch|p1a: Garganacl|Garganacl, L50, F|100/100
|-terastallize|p1b: Electabuzz|Ghost
|move|p1b: Electabuzz|Thunderbolt|p2a: Pelipper
|-supereffective|p2a: Pelipper
|-enditem|p2a: Pelipper|Focus Sash
|-damage|p2a: Pelipper|1/100
|move|p2b: Archaludon|Electro Shot||[still]
|-prepare|p2b: Archaludon|Electro Shot
|-boost|p2b: Archaludon|spa|1
|-anim|p2b: Archaludon|Electro Shot|p1a: Garganacl
|-damage|p1a: Garganacl|61/100
|
|-weather|RainDance|[upkeep]
|upkeep
|turn|4
|
|t:|1757712758
|move|p1b: Electabuzz|Thunderbolt|p2a: Pelipper
|-supereffective|p2a: Pelipper
|-crit|p2a: Pelipper
|-damage|p2a: Pelipper|0 fnt
|faint|p2a: Pelipper
|move|p2b: Archaludon|Body Press|p1a: Garganacl
|-supereffective|p1a: Garganacl
|-damage|p1a: Garganacl|14/100
|-enditem|p1a: Garganacl|Sitrus Berry|[eat]
|-heal|p1a: Garganacl|38/100|[from] item: Sitrus Berry
|move|p1a: Garganacl|Salt Cure|p2b: Archaludon
|-resisted|p2b: Archaludon
|-damage|p2b: Archaludon|80/100
|-start|p2b: Archaludon|Salt Cure
|-ability|p2b: Archaludon|Stamina|boost
|-boost|p2b: Archaludon|def|1
|
|-weather|RainDance|[upkeep]
|-damage|p2b: Archaludon|55/100|[from] Salt Cure
|upkeep
|
|t:|1757712766
|switch|p2a: Maushold|Maushold, L50|21/100
|turn|5
|
|t:|1757712781
|move|p2a: Maushold|Protect|p2a: Maushold
|-singleturn|p2a: Maushold|Protect
|move|p1b: Electabuzz|Thunderbolt|p2a: Maushold
|-activate|p2a: Maushold|move: Protect
|move|p2b: Archaludon|Body Press|p1a: Garganacl
|-supereffective|p1a: Garganacl
|-damage|p1a: Garganacl|0 fnt
|faint|p1a: Garganacl
|
|-weather|RainDance|[upkeep]
|-damage|p2b: Archaludon|30/100|[from] Salt Cure
|-end|p1b: Electabuzz|move: Taunt
|upkeep
|
|t:|1757712786
|switch|p1a: Volcarona|Volcarona, L50, F|78/100
|turn|6
|
|t:|1757712798
|move|p1a: Volcarona|Protect|p1a: Volcarona
|-singleturn|p1a: Volcarona|Protect
|move|p1b: Electabuzz|Protect|p1b: Electabuzz
|-singleturn|p1b: Electabuzz|Protect
|move|p2a: Maushold|Beat Up|p2b: Archaludon
|-damage|p2b: Archaludon|30/100
|-ability|p2b: Archaludon|Stamina|boost
|-boost|p2b: Archaludon|def|1
|-damage|p2b: Archaludon|29/100
|-ability|p2b: Archaludon|Stamina|boost
|-boost|p2b: Archaludon|def|1
|-damage|p2b: Archaludon|29/100
|-ability|p2b: Archaludon|Stamina|boost
|-boost|p2b: Archaludon|def|1
|-hitcount|p2b: Archaludon|3
|move|p2b: Archaludon|Body Press|p1a: Volcarona
|-activate|p1a: Volcarona|move: Protect
|
|-weather|RainDance|[upkeep]
|-damage|p2b: Archaludon|4/100|[from] Salt Cure
|upkeep
|turn|7
|
|t:|1757712806
|move|p2a: Maushold|Follow Me|p2a: Maushold
|-singleturn|p2a: Maushold|move: Follow Me
|move|p1b: Electabuzz|Follow Me|p1b: Electabuzz
|-singleturn|p1b: Electabuzz|move: Follow Me
|move|p1a: Volcarona|Quiver Dance|p1a: Volcarona
|-boost|p1a: Volcarona|spa|1
|-boost|p1a: Volcarona|spd|1
|-boost|p1a: Volcarona|spe|1
|move|p2b: Archaludon|Body Press|p1b: Electabuzz
|-immune|p1b: Electabuzz
|
|-weather|none
|-damage|p2b: Archaludon|0 fnt|[from] Salt Cure
|faint|p2b: Archaludon
|upkeep
|
|t:|1757712812
|switch|p2b: Kingambit|Kingambit, L50, M|100/100
|turn|8
|
|t:|1757712824
|-terastallize|p2b: Kingambit|Dark
|move|p2a: Maushold|Follow Me|p2a: Maushold
|-singleturn|p2a: Maushold|move: Follow Me
|move|p1b: Electabuzz|Follow Me|p1b: Electabuzz
|-singleturn|p1b: Electabuzz|move: Follow Me
|move|p1a: Volcarona|Heat Wave|p2b: Kingambit|[spread] p2a
|-miss|p1a: Volcarona|p2b: Kingambit
|-damage|p2a: Maushold|0 fnt
|faint|p2a: Maushold
|move|p2b: Kingambit|Kowtow Cleave|p1b: Electabuzz
|-supereffective|p1b: Electabuzz
|-damage|p1b: Electabuzz|0 fnt
|faint|p1b: Electabuzz
|
|upkeep
|
|t:|1757712831
|switch|p1b: Tauros|Tauros-Paldea-Aqua, L50, M|100/100
|-ability|p1b: Tauros|Intimidate|boost
|-unboost|p2b: Kingambit|atk|1
|-ability|p2b: Kingambit|Defiant|boost
|-boost|p2b: Kingambit|atk|2
|turn|9
|
|t:|1757712849
|move|p2b: Kingambit|Protect|p2b: Kingambit
|-singleturn|p2b: Kingambit|Protect
|move|p1a: Volcarona|Quiver Dance|p1a: Volcarona
|-boost|p1a: Volcarona|spa|1
|-boost|p1a: Volcarona|spd|1
|-boost|p1a: Volcarona|spe|1
|move|p1b: Tauros|Close Combat|p2b: Kingambit
|-activate|p2b: Kingambit|move: Protect
|
|upkeep
|turn|10
|
|t:|1757712860
|move|p2b: Kingambit|Sucker Punch|p1b: Tauros
|-resisted|p1b: Tauros
|-damage|p1b: Tauros|39/100
|move|p1a: Volcarona|Tera Blast|p2b: Kingambit
|-damage|p2b: Kingambit|45/100
|move|p1b: Tauros|Close Combat|p2b: Kingambit
|-supereffective|p2b: Kingambit
|-damage|p2b: Kingambit|0 fnt
|-unboost|p1b: Tauros|def|1
|-unboost|p1b: Tauros|spd|1
|faint|p2b: Kingambit
|-damage|p1b: Tauros|29/100|[from] item: Life Orb
|
|win|Robbie0301
|l|☆LaF101
|player|p2|
||Robbie0301 is ready for game 2.
||LaF101 is ready for game 2.
|uhtml|next|Next: Game 2 of 3
