|j|ŌśåKyleTampy
|j|ŌśåOldcow
|html|KyleTampyOldcow    
|uhtml|bestof|Game 2 of a best-of-3
|t:|1784566096
|gametype|doubles
|player|p1|KyleTampy|lucian|
|player|p2|Oldcow|shadowtriad|
|gen|9
|tier|[Gen 9 Champions] VGC 2026 Reg M-B (Bo3)
|rule|Species Clause: Limit one of each Pok├®mon
|rule|Item Clause: Limit 1 of each item
|clearpoke
|poke|p1|Charizard, L50, M|
|poke|p1|Pelipper, L50, F, shiny|
|poke|p1|Basculegion, L50, M|
|poke|p1|Archaludon, L50, M|
|poke|p1|Farigiraf, L50, F|
|poke|p1|Garchomp, L50, M|
|poke|p2|Raichu, L50, M|
|poke|p2|Staraptor, L50, M|
|poke|p2|Tyranitar, L50, M|
|poke|p2|Drampa, L50, M|
|poke|p2|Grimmsnarl, L50, M|
|poke|p2|Sinistcha, L50|
|teampreview|4
|showteam|p1|Charizard||CharizarditeY|Blaze|HeatWave,AncientPower,WeatherBall,Protect|Modest||M|||50|]Pelipper||FocusSash|Drizzle|HelpingHand,WeatherBall,Tailwind,Protect|Timid||F|||50|]Basculegion||ChoiceScarf|Adaptability|WaveCrash,AquaJet,LastRespects,FlipTurn|Jolly||M|||50|]Archaludon||Leftovers|Stamina|ElectroShot,DragonPulse,FlashCannon,Protect|Modest||M|||50|]Farigiraf||SitrusBerry|ArmorTail|TrickRoom,Thunderbolt,ThunderWave,HelpingHand|Relaxed||F|||50|]Garchomp||LifeOrb|RoughSkin|Earthquake,DragonClaw,IronHead,Protect|Jolly||M|||50|
|showteam|p2|Raichu||RaichuniteY|LightningRod|ZapCannon,FocusBlast,VoltSwitch,Protect|Timid||M|||50|]Staraptor||Staraptite|Intimidate|BraveBird,CloseCombat,Tailwind,Protect|Jolly||M|||50|]Tyranitar||PasshoBerry|SandStream|RockSlide,KnockOff,HighHorsepower,Protect|Adamant||M|||50|]Drampa||Leftovers|CloudNine|HyperVoice,DragonPulse,EarthPower,Protect|Quiet||M|||50|]Grimmsnarl||LightClay|Prankster|FoulPlay,Reflect,LightScreen,PartingShot|Calm||M|||50|]Sinistcha||CobaBerry|Hospitality|MatchaGotcha,RagePowder,TrickRoom,Imprison|Calm|||||50|
|c|ŌśåOldcow|may poison move kaya si drampa?
|c|ŌśåOldcow|baka gawin kong coverage mon na lang hahahaha
|c|ŌśåKyleTampy|Malabo
|c|ŌśåOldcow|tbolt dpulse ep
|c|ŌśåKyleTampy|Mukhang wala
|
|t:|1784566194
|teamsize|p1|4
|teamsize|p2|4
|start
|switch|p1a: Garchomp|Garchomp, L50, M|100/100
|switch|p1b: Charizard|Charizard, L50, M|100/100
|switch|p2a: Staraptor|Staraptor, L50, M|100/100
|switch|p2b: Grimmsnarl|Grimmsnarl, L50, M|100/100
|-ability|p2a: Staraptor|Intimidate|boost
|-unboost|p1a: Garchomp|atk|1
|-unboost|p1b: Charizard|atk|1
|turn|1
|c|ŌśåKyleTampy|Ay
|c|ŌśåKyleTampy|Bakit charizard
|c|ŌśåKyleTampy|Mali amp
|c|ŌśåOldcow|awww
|
|t:|1784566248
|move|p2a: Staraptor|Protect|p2a: Staraptor
|-singleturn|p2a: Staraptor|Protect
|move|p1b: Charizard|Protect|p1b: Charizard
|-singleturn|p1b: Charizard|Protect
|move|p2b: Grimmsnarl|Reflect|p2b: Grimmsnarl
|-sidestart|p2: Oldcow|Reflect
|move|p1a: Garchomp|Iron Head|p2b: Grimmsnarl
|-supereffective|p2b: Grimmsnarl|1
|-damage|p2b: Grimmsnarl|66/100
|-damage|p1a: Garchomp|90/100|[from] item: Life Orb
|
|upkeep
|turn|2
|
|t:|1784566270
|switch|p1b: Basculegion|Basculegion, L50, M|100/100
|detailschange|p2a: Staraptor|Staraptor-Mega, L50, M
|-mega|p2a: Staraptor|Staraptor|Staraptite
|move|p2b: Grimmsnarl|Parting Shot|p2a: Staraptor
|-boost|p2a: Staraptor|atk|1
|-boost|p2a: Staraptor|spa|1
|
|t:|1784566279
|switch|p2b: Drampa|Drampa, L50, M|100/100|[from] Parting Shot
|-ability|p2b: Drampa|Cloud Nine
|move|p1a: Garchomp|Dragon Claw|p2b: Drampa
|-supereffective|p2b: Drampa|1
|-damage|p2b: Drampa|57/100
|-damage|p1a: Garchomp|80/100|[from] item: Life Orb
|move|p2a: Staraptor|Close Combat|p1a: Garchomp
|-damage|p1a: Garchomp|0 fnt
|-boost|p2a: Staraptor|def|1
|-boost|p2a: Staraptor|spd|1
|-damage|p2a: Staraptor|87/100|[from] ability: Rough Skin|[of] p1a: Garchomp
|faint|p1a: Garchomp
|
|-heal|p2b: Drampa|63/100|[from] item: Leftovers
|upkeep
|
|t:|1784566291
|switch|p1a: Farigiraf|Farigiraf, L50, F|100/100
|turn|3
|
|t:|1784566325
|move|p1b: Basculegion|Wave Crash|p2b: Drampa
|-resisted|p2b: Drampa|1
|-damage|p2b: Drampa|40/100
|-damage|p1b: Basculegion|93/100|[from] Recoil
|move|p2a: Staraptor|Brave Bird|p1b: Basculegion
|-damage|p1b: Basculegion|0 fnt
|faint|p1b: Basculegion
|-damage|p2a: Staraptor|54/100|[from] Recoil
|move|p1a: Farigiraf|Thunderbolt|p2a: Staraptor
|-supereffective|p2a: Staraptor|1
|-damage|p2a: Staraptor|21/100
|move|p2b: Drampa|Dragon Pulse|p1a: Farigiraf
|-damage|p1a: Farigiraf|59/100
|
|-heal|p2b: Drampa|46/100|[from] item: Leftovers
|upkeep
|
|t:|1784566330
|switch|p1b: Charizard|Charizard, L50, M|100/100
|turn|4
|
|t:|1784566346
|detailschange|p1b: Charizard|Charizard-Mega-Y, L50, M
|-mega|p1b: Charizard|Charizard|Charizardite Y
|-weather|SunnyDay|[from] ability: Drought|[of] p1b: Charizard
|move|p1a: Farigiraf|Helping Hand|p1b: Charizard
|-singleturn|p1b: Charizard|Helping Hand|[of] p1a: Farigiraf
|move|p2a: Staraptor|Brave Bird|p1b: Charizard
|-damage|p1b: Charizard|1/100
|-damage|p2a: Staraptor|0 fnt|[from] Recoil
|faint|p2a: Staraptor
|move|p1b: Charizard|Heat Wave|p2b: Drampa
|-resisted|p2b: Drampa|1
|-damage|p2b: Drampa|2/100
|move|p2b: Drampa|Dragon Pulse|p1a: Farigiraf
|-damage|p1a: Farigiraf|19/100
|-enditem|p1a: Farigiraf|Sitrus Berry|[eat]
|-heal|p1a: Farigiraf|44/100|[from] item: Sitrus Berry
|
|-weather|SunnyDay|[upkeep]
|-heal|p2b: Drampa|8/100|[from] item: Leftovers
|upkeep
|
|t:|1784566363
|switch|p2a: Raichu|Raichu, L50, M|100/100
|turn|5
|c|ŌśåKyleTampy|Kung ttar panalo na kek
|c|ŌśåOldcow|yep
|c|ŌśåOldcow|mali hehe
|c|ŌśåKyleTampy|Then again
|c|ŌśåKyleTampy|Walang psychic move tong giraf na to
|c|ŌśåOldcow|wasnt planning on mega evolving raptor but i saw the opportunity
|c|ŌśåKyleTampy|So talo pa rin to kek
|c|ŌśåOldcow|yea maybe bukas idk
|c|ŌśåKyleTampy|Bukas what
|
|t:|1784566459
|move|p1a: Farigiraf|Helping Hand|p1b: Charizard
|-singleturn|p1b: Charizard|Helping Hand|[of] p1a: Farigiraf
|move|p2a: Raichu|Volt Switch|p1a: Farigiraf
|-damage|p1a: Farigiraf|22/100
|c|ŌśåKyleTampy|Ay?
|
|t:|1784566466
|switch|p2a: Grimmsnarl|Grimmsnarl, L50, M|66/100|[from] Volt Switch
|move|p1b: Charizard|Heat Wave|p2b: Drampa|[spread] p2a,p2b
|-resisted|p2b: Drampa|1
|-damage|p2a: Grimmsnarl|6/100
|-damage|p2b: Drampa|0 fnt
|faint|p2b: Drampa
|
|-weather|SunnyDay|[upkeep]
|upkeep
|c|ŌśåOldcow|baka may dala syang psychic
|c|ŌśåKyleTampy|Ah
|c|ŌśåOldcow|i was expecitng prot there hahaha
|
|t:|1784566487
|switch|p2b: Raichu|Raichu, L50, M|100/100
|turn|6
|c|ŌśåKyleTampy|Sana wala KEK
|c|ŌśåOldcow|sana hshahaha
|c|ŌśåKyleTampy|Normally yes
|c|ŌśåKyleTampy|Prot
|c|ŌśåKyleTampy|Pero
|c|ŌśåKyleTampy|Walang psychic move si giraf eh
|c|ŌśåOldcow|good point
|c|ŌśåOldcow|lightning rod
|c|ŌśåKyleTampy|Yeah
|c|ŌśåKyleTampy|Ngayon talo na
|c|ŌśåKyleTampy|Di ko napatay si grimm
|c|ŌśåOldcow|parang masmagandang support set na lang si raichu lmao
|c|ŌśåOldcow|or ewan
|
|t:|1784566574
|move|p1a: Farigiraf|Helping Hand|p1b: Charizard
|-singleturn|p1b: Charizard|Helping Hand|[of] p1a: Farigiraf
|move|p2b: Raichu|Volt Switch|p1b: Charizard
|-supereffective|p1b: Charizard|1
|-damage|p1b: Charizard|0 fnt
|faint|p1b: Charizard
|move|p2a: Grimmsnarl|Foul Play|p1a: Farigiraf
|-supereffective|p1a: Farigiraf|1
|-damage|p1a: Farigiraf|0 fnt
|faint|p1a: Farigiraf
|
|win|Oldcow
|c|ŌśåOldcow|ggs
|c|ŌśåKyleTampy|Panget naman nito
|c|ŌśåKyleTampy|Sino ba gumawa nito jk
|c|ŌśåKyleTampy|Gg
|c|ŌśåKyleTampy|Di ko lang alam pano inavigate siguro
|c|ŌśåOldcow|HAHAHAHA
|c|ŌśåKyleTampy|HAHAHA
|c|ŌśåOldcow|idk baka oks naman pag sya gumamit
|c|ŌśåOldcow|i can keep drampa i think
|c|ŌśåOldcow|haban kaya?
|c|ŌśåOldcow|or roseli
|c|ŌśåOldcow|instead of leftovers
|c|ŌśåKyleTampy|Ano mas
