|j|☆maggio3003
|j|☆MinasDevilCrobats
|html|maggio3003MinasDevilCrobats    
|uhtml|bestof|Game 2 of a best-of-3
|t:|1756204357
|gametype|doubles
|player|p1|maggio3003|1|1072
|player|p2|MinasDevilCrobats|darach-caitlin|1175
|gen|9
|tier|[Gen 9] VGC 2025 Reg H (Bo3)
|rated|
|rule|Species Clause: Limit one of each Pokémon
|rule|Item Clause: Limit 1 of each item
|clearpoke
|poke|p1|Politoed, L50, F|
|poke|p1|Kingdra, L50, M|
|poke|p1|Gothitelle, L50, F|
|poke|p1|Incineroar, L50, F|
|poke|p1|Amoonguss, L50, F|
|poke|p1|Archaludon, L50, M|
|poke|p2|Dragapult, L50, M|
|poke|p2|Electabuzz, L50, M|
|poke|p2|Weavile, L50, F|
|poke|p2|Primarina, L50, F|
|poke|p2|Gholdengo, L50|
|poke|p2|Whimsicott, L50, M|
|teampreview|4
|showteam|p1|Politoed||Leftovers|Drizzle|PerishSong,Protect,WeatherBall,Encore|||F|||50|,,,,,Grass]Kingdra||LifeOrb|SwiftSwim|MuddyWater,DracoMeteor,Protect,WeatherBall|||M|||50|,,,,,Stellar]Gothitelle||SitrusBerry|ShadowTag|TrickRoom,FakeOut,Protect,Psychic|||F|||50|,,,,,Dark]Incineroar||SafetyGoggles|Intimidate|FakeOut,PartingShot,FlareBlitz,KnockOff|||F|||50|,,,,,Ghost]Amoonguss||RockyHelmet|Regenerator|Protect,ClearSmog,Spore,RagePowder|||F|||50|,,,,,Fire]Archaludon||PowerHerb|Sturdy|ElectroShot,FlashCannon,Protect,DragonPulse|||M|||50|,,,,,Electric
|showteam|p2|Dragapult||ChoiceBand|ClearBody|DragonDarts,PhantomForce,SuckerPunch,PsychicFangs|||M|||50|,,,,,Dragon]Electabuzz||Eviolite|VitalSpirit|Electroweb,FollowMe,Taunt,Protect|||M|||50|,,,,,Ghost]Weavile||FocusSash|Pickpocket|FakeOut,KnockOff,TripleAxel,Protect|||F|||50|,,,,,Dark]Primarina||ThroatSpray|LiquidVoice|HyperVoice,Moonblast,Haze,Protect|||F|||50|,,,,,Water]Gholdengo||LifeOrb|GoodasGold|MakeItRain,ShadowBall,NastyPlot,Protect||||||50|,,,,,Water]Whimsicott||CovertCloak|Prankster|Tailwind,Moonblast,Taunt,FakeTears|||M|||50|,,,,,Water
|inactive|Battle timer is ON: inactive players will automatically lose when time's up. (requested by maggio3003)
|
|t:|1756204405
|teamsize|p1|4
|teamsize|p2|4
|start
|switch|p1a: Politoed|Politoed, L50, F|100/100
|switch|p1b: Gothitelle|Gothitelle, L50, F|100/100
|switch|p2a: Electabuzz|Electabuzz, L50, M|100/100
|switch|p2b: Primarina|Primarina, L50, F|100/100
|-weather|RainDance|[from] ability: Drizzle|[of] p1a: Politoed
|turn|1
|inactive|maggio3003 has 30 seconds left.
|inactive|MinasDevilCrobats has 30 seconds left.
|inactive|maggio3003 has 20 seconds left.
|inactive|maggio3003 has 15 seconds left.
|
|t:|1756204446
|move|p2a: Electabuzz|Taunt|p1a: Politoed
|-start|p1a: Politoed|move: Taunt
|move|p2b: Primarina|Hyper Voice|p1a: Politoed|[spread] p1a,p1b
|-resisted|p1a: Politoed
|-damage|p1a: Politoed|85/100
|-damage|p1b: Gothitelle|64/100
|-enditem|p2b: Primarina|Throat Spray
|-boost|p2b: Primarina|spa|1|[from] item: Throat Spray
|move|p1a: Politoed|Weather Ball|p2a: Electabuzz
|-damage|p2a: Electabuzz|69/100
|move|p1b: Gothitelle|Trick Room|p1b: Gothitelle
|-fieldstart|move: Trick Room|[of] p1b: Gothitelle
|
|-weather|RainDance|[upkeep]
|-heal|p1a: Politoed|91/100|[from] item: Leftovers
|upkeep
|turn|2
|inactive|maggio3003 has 30 seconds left.
|inactive|maggio3003 has 20 seconds left.
|inactive|maggio3003 has 15 seconds left.
|
|t:|1756204486
|switch|p1a: Archaludon|Archaludon, L50, M|100/100
|move|p2a: Electabuzz|Follow Me|p2a: Electabuzz
|-singleturn|p2a: Electabuzz|move: Follow Me
|move|p1b: Gothitelle|Psychic|p2a: Electabuzz
|-damage|p2a: Electabuzz|45/100
|move|p2b: Primarina|Moonblast|p1a: Archaludon
|-ability|p1a: Archaludon|Sturdy
|-damage|p1a: Archaludon|1/100
|
|-weather|RainDance|[upkeep]
|upkeep
|turn|3
|inactive|maggio3003 has 30 seconds left.
|
|t:|1756204517
|move|p1a: Archaludon|Protect|p1a: Archaludon
|-singleturn|p1a: Archaludon|Protect
|move|p2a: Electabuzz|Follow Me|p2a: Electabuzz
|-singleturn|p2a: Electabuzz|move: Follow Me
|move|p1b: Gothitelle|Psychic|p2a: Electabuzz
|-damage|p2a: Electabuzz|24/100
|move|p2b: Primarina|Hyper Voice|p1b: Gothitelle|[spread] p1b
|-activate|p1a: Archaludon|move: Protect
|-damage|p1b: Gothitelle|15/100
|-enditem|p1b: Gothitelle|Sitrus Berry|[eat]
|-heal|p1b: Gothitelle|40/100|[from] item: Sitrus Berry
|
|-weather|RainDance|[upkeep]
|upkeep
|turn|4
|inactive|maggio3003 has 30 seconds left.
|inactive|MinasDevilCrobats has 30 seconds left.
|
|t:|1756204544
|switch|p1a: Incineroar|Incineroar, L50, F|100/100
|-ability|p1a: Incineroar|Intimidate|boost
|-unboost|p2a: Electabuzz|atk|1
|-unboost|p2b: Primarina|atk|1
|move|p2a: Electabuzz|Follow Me|p2a: Electabuzz
|-singleturn|p2a: Electabuzz|move: Follow Me
|move|p1b: Gothitelle|Psychic|p2a: Electabuzz
|-damage|p2a: Electabuzz|2/100
|move|p2b: Primarina|Hyper Voice|p1b: Gothitelle|[spread] p1a,p1b
|-supereffective|p1a: Incineroar
|-damage|p1a: Incineroar|0 fnt
|-damage|p1b: Gothitelle|0 fnt
|faint|p1a: Incineroar
|faint|p1b: Gothitelle
|
|-weather|RainDance|[upkeep]
|upkeep
|
|t:|1756204560
|switch|p1b: Archaludon|Archaludon, L50, M|1/100
|switch|p1a: Politoed|Politoed, L50, F|91/100
|turn|5
|
|t:|1756204570
|move|p1b: Archaludon|Protect|p1b: Archaludon
|-singleturn|p1b: Archaludon|Protect
|move|p2a: Electabuzz|Follow Me|p2a: Electabuzz
|-singleturn|p2a: Electabuzz|move: Follow Me
|move|p1a: Politoed|Weather Ball|p2a: Electabuzz
|-damage|p2a: Electabuzz|0 fnt
|faint|p2a: Electabuzz
|move|p2b: Primarina|Hyper Voice|p1a: Politoed|[spread] p1a
|-activate|p1b: Archaludon|move: Protect
|-resisted|p1a: Politoed
|-damage|p1a: Politoed|67/100
|
|-weather|none
|-heal|p1a: Politoed|73/100|[from] item: Leftovers
|-fieldend|move: Trick Room
|upkeep
|
|t:|1756204579
|switch|p2a: Gholdengo|Gholdengo, L50|100/100
|turn|6
|
|t:|1756204597
|-terastallize|p1b: Archaludon|Electric
|move|p1b: Archaludon|Electro Shot||[still]
|-prepare|p1b: Archaludon|Electro Shot
|-boost|p1b: Archaludon|spa|1
|-enditem|p1b: Archaludon|Power Herb
|-anim|p1b: Archaludon|Electro Shot|p2b: Primarina
|-supereffective|p2b: Primarina
|-crit|p2b: Primarina
|-damage|p2b: Primarina|0 fnt
|faint|p2b: Primarina
|move|p2a: Gholdengo|Make It Rain|p1b: Archaludon|[spread] p1a,p1b
|-resisted|p1a: Politoed
|-resisted|p1b: Archaludon
|-damage|p1a: Politoed|55/100
|-damage|p1b: Archaludon|0 fnt
|-unboost|p2a: Gholdengo|spa|1
|faint|p1b: Archaludon
|-damage|p2a: Gholdengo|91/100|[from] item: Life Orb
|move|p1a: Politoed|Encore|p2a: Gholdengo
|-immune|p2a: Gholdengo|[from] ability: Good as Gold
|
|-heal|p1a: Politoed|61/100|[from] item: Leftovers
|upkeep
|
|t:|1756204622
|switch|p2b: Whimsicott|Whimsicott, L50, M|100/100
|turn|7
|
|t:|1756204637
|move|p2b: Whimsicott|Taunt|p1a: Politoed
|-start|p1a: Politoed|move: Taunt
|move|p2a: Gholdengo|Shadow Ball|p1a: Politoed
|-damage|p1a: Politoed|38/100
|-damage|p2a: Gholdengo|81/100|[from] item: Life Orb
|cant|p1a: Politoed|move: Taunt|Perish Song
|
|-heal|p1a: Politoed|44/100|[from] item: Leftovers
|upkeep
|turn|8
|-message|maggio3003 forfeited.
|
|win|MinasDevilCrobats
|raw|maggio3003's rating: 1072 → 1057(-15 for losing)
|raw|MinasDevilCrobats's rating: 1175 → 1193(+18 for winning)
|l|☆maggio3003
|player|p1|
|c|☆MinasDevilCrobats|so, you played wrong in the 1st turn, you had the lead advange if you faked out electabuzz and perish song on politoad
