|j|☆Dwsliver
|j|☆TrCJags
|html|DwsliverTrCJags    
|uhtml|bestof|Game 2 of a best-of-3
|t:|1757782199
|gametype|doubles
|player|p1|Dwsliver|169|1083
|player|p2|TrCJags|scientist-gen4dp|1023
|gen|9
|tier|[Gen 9] VGC 2025 Reg H (Bo3)
|rated|
|rule|Species Clause: Limit one of each Pokémon
|rule|Item Clause: Limit 1 of each item
|clearpoke
|poke|p1|Whimsicott, L50, F|
|poke|p1|Pelipper, L50, M|
|poke|p1|Incineroar, L50, F|
|poke|p1|Indeedee, L50, M|
|poke|p1|Basculegion, L50, M|
|poke|p1|Archaludon, L50, M|
|poke|p2|Volcarona, L50, M|
|poke|p2|Kingambit, L50, M|
|poke|p2|Dragonite, L50, F|
|poke|p2|Sneasler, L50, M|
|poke|p2|Rillaboom, L50, F|
|poke|p2|Electabuzz, L50, F|
|teampreview|4
|showteam|p1|Whimsicott||CovertCloak|Prankster|Taunt,Tailwind,Encore,Moonblast|||F|||50|,,,,,Steel]Pelipper||FocusSash|Drizzle|Tailwind,Protect,Hurricane,WeatherBall|||M|||50|,,,,,Grass]Incineroar||SafetyGoggles|Intimidate|Uturn,FakeOut,KnockOff,FlareBlitz|||F|||50|,,,,,Ghost]Indeedee||ExpertBelt|PsychicSurge|ExpandingForce,TeraBlast,Imprison,TrickRoom|||M|||50|,,,,,Ground]Basculegion||LifeOrb|SwiftSwim|WaveCrash,LastRespects,FlipTurn,Protect|||M|||50|,,,,,Water]Archaludon||AssaultVest|Stamina|ElectroShot,BodyPress,DracoMeteor,Snarl|||M|||50|,,,,,Fighting
|showteam|p2|Volcarona||Leftovers|FlameBody|HeatWave,TeraBlast,QuiverDance,Protect|||M|||50|,,,,,Fairy]Kingambit||BlackGlasses|Defiant|KowtowCleave,SuckerPunch,SwordsDance,Protect|||M|||50|,,,,,Dark]Dragonite||LoadedDice|Multiscale|ScaleShot,ExtremeSpeed,Haze,Protect|||F|||50|,,,,,Steel]Sneasler||FocusSash|PoisonTouch|CloseCombat,DireClaw,FakeOut,Coaching|||M|||50|,,,,,Stellar]Rillaboom||AssaultVest|GrassySurge|WoodHammer,GrassyGlide,HighHorsepower,FakeOut|||F|||50|,,,,,Fire]Electabuzz||Eviolite|VitalSpirit|Thunderbolt,Taunt,FollowMe,Protect|||F|||50|,,,,,Ghost
|
|t:|1757782250
|teamsize|p1|4
|teamsize|p2|4
|start
|switch|p1a: Archaludon|Archaludon, L50, M, shiny|100/100
|switch|p1b: Pelipper|Pelipper, L50, M, shiny|100/100
|switch|p2a: Kingambit|Kingambit, L50, M|100/100
|switch|p2b: Rillaboom|Rillaboom, L50, F|100/100
|-fieldstart|move: Grassy Terrain|[from] ability: Grassy Surge|[of] p2b: Rillaboom
|-weather|RainDance|[from] ability: Drizzle|[of] p1b: Pelipper
|turn|1
|
|t:|1757782292
|switch|p1b: Indeedee|Indeedee, L50, M, shiny|100/100
|-fieldstart|move: Psychic Terrain|[from] ability: Psychic Surge|[of] p1b: Indeedee
|move|p2a: Kingambit|Protect|p2a: Kingambit
|-singleturn|p2a: Kingambit|Protect
|move|p2b: Rillaboom|Fake Out|p1b: Indeedee
|-activate|p1b: Indeedee|move: Psychic Terrain
|move|p1a: Archaludon|Body Press|p2a: Kingambit
|-activate|p2a: Kingambit|move: Protect
|
|-weather|RainDance|[upkeep]
|upkeep
|turn|2
|
|t:|1757782331
|-terastallize|p2a: Kingambit|Dark
|move|p1b: Indeedee|Expanding Force|p2b: Rillaboom|[spread] p2b
|-immune|p2a: Kingambit
|-damage|p2b: Rillaboom|57/100
|move|p2b: Rillaboom|High Horsepower|p1a: Archaludon
|-supereffective|p1a: Archaludon
|-damage|p1a: Archaludon|63/100
|-ability|p1a: Archaludon|Stamina|boost
|-boost|p1a: Archaludon|def|1
|move|p1a: Archaludon|Body Press|p2a: Kingambit
|-supereffective|p2a: Kingambit
|-damage|p2a: Kingambit|42/100
|move|p2a: Kingambit|Kowtow Cleave|p1b: Indeedee
|-supereffective|p1b: Indeedee
|-damage|p1b: Indeedee|0 fnt
|faint|p1b: Indeedee
|
|-weather|RainDance|[upkeep]
|upkeep
|
|t:|1757782353
|switch|p1b: Basculegion|Basculegion, L50, M, shiny|100/100
|turn|3
|
|t:|1757782394
|switch|p2b: Electabuzz|Electabuzz, L50, F|100/100
|-terastallize|p1a: Archaludon|Fighting
|move|p2a: Kingambit|Protect|p2a: Kingambit
|-singleturn|p2a: Kingambit|Protect
|move|p1b: Basculegion|Last Respects|p2b: Electabuzz
|-damage|p2b: Electabuzz|50/100
|-damage|p1b: Basculegion|91/100|[from] item: Life Orb
|move|p1a: Archaludon|Body Press|p2a: Kingambit
|-activate|p2a: Kingambit|move: Protect
|
|-weather|RainDance|[upkeep]
|upkeep
|turn|4
|
|t:|1757782440
|switch|p2a: Sneasler|Sneasler, L50, M|100/100
|move|p1b: Basculegion|Protect|p1b: Basculegion
|-singleturn|p1b: Basculegion|Protect
|move|p2b: Electabuzz|Protect|p2b: Electabuzz
|-singleturn|p2b: Electabuzz|Protect
|move|p1a: Archaludon|Body Press|p2a: Sneasler
|-resisted|p2a: Sneasler
|-damage|p2a: Sneasler|45/100
|
|-weather|RainDance|[upkeep]
|upkeep
|turn|5
|
|t:|1757782473
|move|p2b: Electabuzz|Follow Me|p2b: Electabuzz
|-singleturn|p2b: Electabuzz|move: Follow Me
|move|p1b: Basculegion|Last Respects|p2b: Electabuzz
|-damage|p2b: Electabuzz|2/100
|-damage|p1b: Basculegion|81/100|[from] item: Life Orb
|move|p2a: Sneasler|Close Combat|p1a: Archaludon
|-damage|p1a: Archaludon|38/100
|-unboost|p2a: Sneasler|def|1
|-unboost|p2a: Sneasler|spd|1
|-ability|p1a: Archaludon|Stamina|boost
|-boost|p1a: Archaludon|def|1
|move|p1a: Archaludon|Body Press|p2b: Electabuzz
|-damage|p2b: Electabuzz|0 fnt
|faint|p2b: Electabuzz
|
|-weather|none
|-fieldend|move: Psychic Terrain
|upkeep
|
|t:|1757782496
|switch|p2b: Kingambit|Kingambit, L50, M, tera:Dark|42/100
|turn|6
|
|t:|1757782519
|switch|p1b: Pelipper|Pelipper, L50, M, shiny|100/100
|-weather|RainDance|[from] ability: Drizzle|[of] p1b: Pelipper
|move|p2b: Kingambit|Protect|p2b: Kingambit
|-singleturn|p2b: Kingambit|Protect
|move|p2a: Sneasler|Close Combat|p1a: Archaludon
|-damage|p1a: Archaludon|18/100
|-unboost|p2a: Sneasler|def|1
|-unboost|p2a: Sneasler|spd|1
|-ability|p1a: Archaludon|Stamina|boost
|-boost|p1a: Archaludon|def|1
|move|p1a: Archaludon|Body Press|p2b: Kingambit
|-activate|p2b: Kingambit|move: Protect
|
|-weather|RainDance|[upkeep]
|upkeep
|turn|7
|
|t:|1757782588
|move|p2b: Kingambit|Sucker Punch|p1a: Archaludon
|-resisted|p1a: Archaludon
|-damage|p1a: Archaludon|10/100
|-ability|p1a: Archaludon|Stamina|boost
|-boost|p1a: Archaludon|def|1
|move|p2a: Sneasler|Close Combat|p1a: Archaludon
|-damage|p1a: Archaludon|0 fnt
|-unboost|p2a: Sneasler|def|1
|-unboost|p2a: Sneasler|spd|1
|faint|p1a: Archaludon
|move|p1b: Pelipper|Hurricane|p2a: Sneasler
|-supereffective|p2a: Sneasler
|-damage|p2a: Sneasler|0 fnt
|faint|p2a: Sneasler
|
|-weather|RainDance|[upkeep]
|upkeep
|
|t:|1757782603
|switch|p2a: Rillaboom|Rillaboom, L50, F|57/100
|switch|p1a: Basculegion|Basculegion, L50, M, shiny|81/100
|-fieldstart|move: Grassy Terrain|[from] ability: Grassy Surge|[of] p2a: Rillaboom
|turn|8
|
|t:|1757782618
|move|p1a: Basculegion|Protect|p1a: Basculegion
|-singleturn|p1a: Basculegion|Protect
|move|p2a: Rillaboom|Fake Out|p1b: Pelipper
|-damage|p1b: Pelipper|83/100
|move|p2b: Kingambit|Sucker Punch||[still]
|-fail|p2b: Kingambit
|cant|p1b: Pelipper|flinch
|
|-weather|RainDance|[upkeep]
|-heal|p1a: Basculegion|87/100|[from] Grassy Terrain
|-heal|p2a: Rillaboom|63/100|[from] Grassy Terrain
|-heal|p2b: Kingambit|47/100|[from] Grassy Terrain
|upkeep
|turn|9
|
|t:|1757782648
|move|p1a: Basculegion|Protect||[still]
|-fail|p1a: Basculegion
|move|p2a: Rillaboom|Grassy Glide|p1b: Pelipper
|-damage|p1b: Pelipper|33/100
|move|p2b: Kingambit|Sucker Punch||[still]
|-fail|p2b: Kingambit
|move|p1b: Pelipper|Hurricane|p2a: Rillaboom
|-supereffective|p2a: Rillaboom
|-damage|p2a: Rillaboom|0 fnt
|faint|p2a: Rillaboom
|
|-weather|RainDance|[upkeep]
|-heal|p1a: Basculegion|93/100|[from] Grassy Terrain
|-heal|p2b: Kingambit|53/100|[from] Grassy Terrain
|upkeep
|turn|10
|
|t:|1757782665
|move|p2b: Kingambit|Sucker Punch|p1a: Basculegion
|-supereffective|p1a: Basculegion
|-damage|p1a: Basculegion|0 fnt
|faint|p1a: Basculegion
|move|p1b: Pelipper|Weather Ball|p2b: Kingambit
|-damage|p2b: Kingambit|0 fnt
|faint|p2b: Kingambit
|
|win|Dwsliver
