|j|☆amimegustaleseria
|j|☆partigiano jonny
|html|amimegustaleseriapartigiano jonny    
|uhtml|bestof|Game 2 of a best-of-3
|t:|1754507019
|gametype|doubles
|player|p1|amimegustaleseria|266|1123
|player|p2|partigiano jonny|volkner|1244
|gen|9
|tier|[Gen 9] VGC 2025 Reg H (Bo3)
|rated|
|rule|Species Clause: Limit one of each Pokémon
|rule|Item Clause: Limit 1 of each item
|clearpoke
|poke|p1|Dragonite, L50, M|
|poke|p1|Ursaluna-Bloodmoon, L50, M|
|poke|p1|Annihilape, L50, M|
|poke|p1|Volcarona, L50, F|
|poke|p1|Rillaboom, L50, F|
|poke|p1|Incineroar, L50, F|
|poke|p2|Whimsicott, L50, M|
|poke|p2|Dragonite, L50, F|
|poke|p2|Indeedee, L50, M|
|poke|p2|Sneasler, L50, F|
|poke|p2|Ursaluna-Bloodmoon, L50, M|
|poke|p2|Archaludon, L50, M|
|teampreview|4
|showteam|p1|Dragonite||LoadedDice|Multiscale|Protect,ScaleShot,Tailwind,Haze|||M|||50|,,,,,Steel]Ursaluna-Bloodmoon||FocusSash|MindsEye|Protect,BloodMoon,EarthPower,HyperVoice|||M|||50|,,,,,Normal]Annihilape||LumBerry|Defiant|Coaching,RageFist,CloseCombat,Taunt|||M|||50|,,,,,Fire]Volcarona||CovertCloak|FlameBody|Protect,QuiverDance,HeatWave,TeraBlast|||F|||50|,,,,,Fairy]Rillaboom||AssaultVest|GrassySurge|FakeOut,WoodHammer,GrassyGlide,HighHorsepower|||F|||50|,,,,,Fire]Incineroar||SafetyGoggles|Intimidate|FakeOut,PartingShot,FlareBlitz,KnockOff|||F|||50|,,,,,Ghost
|showteam|p2|Whimsicott||CovertCloak|Prankster|Moonblast,Taunt,Tailwind,FakeTears|||M|||50|,,,,,Water]Dragonite||LoadedDice|Multiscale|ScaleShot,StompingTantrum,Haze,Protect|||F|||50|,,,,,Steel]Indeedee||FocusSash|PsychicSurge|ExpandingForce,TeraBlast,Imprison,TrickRoom|||M|||50|,,,,,Psychic]Sneasler||PsychicSeed|Unburden|CloseCombat,DireClaw,ThroatChop,Protect|||F|||50|,,,,,Dark]Ursaluna-Bloodmoon||LifeOrb|MindsEye|HyperVoice,BloodMoon,EarthPower,Protect|||M|||50|,,,,,Normal]Archaludon||PowerHerb|Stalwart|ElectroShot,DragonPulse,Thunderbolt,Protect|||M|||50|,,,,,Electric
|inactive|Battle timer is ON: inactive players will automatically lose when time's up. (requested by partigiano jonny)
|inactive|partigiano jonny has 60 seconds left.
|
|t:|1754507077
|teamsize|p1|4
|teamsize|p2|4
|start
|switch|p1a: Dragonite|Dragonite, L50, M|100/100
|switch|p1b: Ursaluna|Ursaluna-Bloodmoon, L50, M|100/100
|switch|p2a: Whimsicott|Whimsicott, L50, M|100/100
|switch|p2b: Sneasler|Sneasler, L50, F|100/100
|turn|1
|inactive|amimegustaleseria has 30 seconds left.
|
|t:|1754507107
|move|p1b: Ursaluna|Protect|p1b: Ursaluna
|-singleturn|p1b: Ursaluna|Protect
|move|p2a: Whimsicott|Taunt|p1a: Dragonite
|-start|p1a: Dragonite|move: Taunt
|move|p2b: Sneasler|Dire Claw|p1b: Ursaluna
|-activate|p1b: Ursaluna|move: Protect
|cant|p1a: Dragonite|move: Taunt|Tailwind
|
|upkeep
|turn|2
|inactive|amimegustaleseria has 30 seconds left.
|
|t:|1754507140
|move|p2a: Whimsicott|Moonblast|p1b: Ursaluna
|-damage|p1b: Ursaluna|63/100
|move|p2b: Sneasler|Close Combat|p1b: Ursaluna
|-supereffective|p1b: Ursaluna
|-damage|p1b: Ursaluna|0 fnt
|-unboost|p2b: Sneasler|def|1
|-unboost|p2b: Sneasler|spd|1
|faint|p1b: Ursaluna
|move|p1a: Dragonite|Scale Shot|p2b: Sneasler
|-damage|p2b: Sneasler|69/100
|-damage|p2b: Sneasler|34/100
|-damage|p2b: Sneasler|0 fnt
|faint|p2b: Sneasler
|-hitcount|p2: Sneasler|3
|-unboost|p1a: Dragonite|def|1
|-boost|p1a: Dragonite|spe|1
|
|upkeep
|inactive|amimegustaleseria has 30 seconds left.
|
|t:|1754507168
|switch|p2b: Dragonite|Dragonite, L50, F|100/100
|switch|p1b: Incineroar|Incineroar, L50, F|100/100
|-ability|p1b: Incineroar|Intimidate|boost
|-unboost|p2a: Whimsicott|atk|1
|-unboost|p2b: Dragonite|atk|1
|turn|3
|
|t:|1754507193
|-terastallize|p1a: Dragonite|Steel
|move|p2b: Dragonite|Protect|p2b: Dragonite
|-singleturn|p2b: Dragonite|Protect
|move|p1a: Dragonite|Scale Shot|p2b: Dragonite
|-activate|p2b: Dragonite|move: Protect
|move|p2a: Whimsicott|Moonblast|p1a: Dragonite
|-resisted|p1a: Dragonite
|-damage|p1a: Dragonite|93/100
|-unboost|p1a: Dragonite|spa|1
|move|p1b: Incineroar|Flare Blitz|p2b: Dragonite
|-activate|p2b: Dragonite|move: Protect
|
|-end|p1a: Dragonite|move: Taunt
|upkeep
|turn|4
|
|t:|1754507218
|-terastallize|p2b: Dragonite|Steel
|move|p2a: Whimsicott|Tailwind|p2a: Whimsicott
|-sidestart|p2: partigiano jonny|move: Tailwind
|move|p2b: Dragonite|Stomping Tantrum|p1a: Dragonite
|-supereffective|p1a: Dragonite
|-damage|p1a: Dragonite|29/100
|move|p1a: Dragonite|Scale Shot|p2b: Dragonite
|-resisted|p2b: Dragonite
|-damage|p2b: Dragonite|96/100
|-resisted|p2b: Dragonite
|-damage|p2b: Dragonite|88/100
|-resisted|p2b: Dragonite
|-damage|p2b: Dragonite|79/100
|-resisted|p2b: Dragonite
|-damage|p2b: Dragonite|70/100
|-hitcount|p2b: Dragonite|4
|-unboost|p1a: Dragonite|def|1
|-boost|p1a: Dragonite|spe|1
|move|p1b: Incineroar|Flare Blitz|p2b: Dragonite
|-supereffective|p2b: Dragonite
|-damage|p2b: Dragonite|0 fnt
|faint|p2b: Dragonite
|-damage|p1b: Incineroar|81/100|[from] Recoil
|
|upkeep
|
|t:|1754507230
|switch|p2b: Ursaluna|Ursaluna-Bloodmoon, L50, M|100/100
|turn|5
|inactive|amimegustaleseria has 30 seconds left.
|
|t:|1754507257
|switch|p1b: Rillaboom|Rillaboom, L50, F|100/100
|-fieldstart|move: Grassy Terrain|[from] ability: Grassy Surge|[of] p1b: Rillaboom
|move|p1a: Dragonite|Protect|p1a: Dragonite
|-singleturn|p1a: Dragonite|Protect
|move|p2a: Whimsicott|Moonblast|p1a: Dragonite
|-activate|p1a: Dragonite|move: Protect
|move|p2b: Ursaluna|Earth Power|p1b: Rillaboom
|-resisted|p1b: Rillaboom
|-damage|p1b: Rillaboom|77/100
|-damage|p2b: Ursaluna|91/100|[from] item: Life Orb
|
|-heal|p1a: Dragonite|35/100|[from] Grassy Terrain
|-heal|p2b: Ursaluna|97/100|[from] Grassy Terrain
|-heal|p1b: Rillaboom|83/100|[from] Grassy Terrain
|upkeep
|turn|6
|inactive|amimegustaleseria has 30 seconds left.
|inactive|amimegustaleseria has 20 seconds left.
|inactive|amimegustaleseria has 15 seconds left.
|inactive|amimegustaleseria has 10 seconds left.
|
|t:|1754507305
|move|p2b: Ursaluna|Protect|p2b: Ursaluna
|-singleturn|p2b: Ursaluna|Protect
|move|p2a: Whimsicott|Taunt|p1a: Dragonite
|-start|p1a: Dragonite|move: Taunt
|cant|p1a: Dragonite|move: Taunt|Tailwind
|move|p1b: Rillaboom|Wood Hammer|p2b: Ursaluna
|-activate|p2b: Ursaluna|move: Protect
|
|-heal|p1a: Dragonite|40/100|[from] Grassy Terrain
|-heal|p2b: Ursaluna|100/100|[from] Grassy Terrain
|-heal|p1b: Rillaboom|89/100|[from] Grassy Terrain
|upkeep
|turn|7
|
|t:|1754507322
|move|p2a: Whimsicott|Fake Tears|p1b: Rillaboom
|-unboost|p1b: Rillaboom|spd|2
|move|p1b: Rillaboom|Grassy Glide|p2b: Ursaluna
|-supereffective|p2b: Ursaluna
|-damage|p2b: Ursaluna|40/100
|move|p1a: Dragonite|Scale Shot|p2b: Ursaluna
|-damage|p2b: Ursaluna|27/100
|-damage|p2b: Ursaluna|15/100
|-damage|p2b: Ursaluna|2/100
|-damage|p2b: Ursaluna|0 fnt
|faint|p2b: Ursaluna
|-hitcount|p2: Ursaluna|4
|-unboost|p1a: Dragonite|def|1
|-boost|p1a: Dragonite|spe|1
|
|-heal|p1a: Dragonite|46/100|[from] Grassy Terrain
|-heal|p1b: Rillaboom|95/100|[from] Grassy Terrain
|-sideend|p2: partigiano jonny|move: Tailwind
|upkeep
|turn|8
|-message|partigiano jonny forfeited.
|
|win|amimegustaleseria
|raw|amimegustaleseria's rating: 1123 → 1156(+33 for winning)
|raw|partigiano jonny's rating: 1244 → 1211(-33 for losing)
