|j|☆NuovoSangue
|j|☆robby w
|html|NuovoSanguerobby w    
|uhtml|bestof|Game 1 of a best-of-3
|t:|1756649491
|gametype|doubles
|player|p1|NuovoSangue|2|1220
|player|p2|robby w|pokefan-gen4|1287
|gen|9
|tier|[Gen 9] VGC 2025 Reg H (Bo3)
|rated|
|rule|Species Clause: Limit one of each Pokémon
|rule|Item Clause: Limit 1 of each item
|clearpoke
|poke|p1|Amoonguss, L50, F|
|poke|p1|Incineroar, L50, M|
|poke|p1|Porygon2, L50|
|poke|p1|Ursaluna, L50, M|
|poke|p1|Gholdengo, L50|
|poke|p1|Annihilape, L50, F|
|poke|p2|Dondozo, L50, M|
|poke|p2|Tatsugiri, L50, M|
|poke|p2|Sneasler, L50, M|
|poke|p2|Indeedee, L50, M|
|poke|p2|Whimsicott, L50, F|
|poke|p2|Hydreigon, L50, M|
|teampreview|4
|showteam|p1|Amoonguss||RockyHelmet|Regenerator|Spore,PollenPuff,RagePowder,SludgeBomb|||F|||50|,,,,,Water]Incineroar||SafetyGoggles|Intimidate|PartingShot,FakeOut,FlareBlitz,KnockOff|||M|||50|,,,,,Ghost]Porygon2||Eviolite|Download|TeraBlast,IceBeam,TrickRoom,Recover||||||50|,,,,,Fighting]Ursaluna||FlameOrb|Guts|Earthquake,Facade,HeadlongRush,Protect|||M|||50|,,,,,Water]Gholdengo||Leftovers|GoodasGold|NastyPlot,MakeItRain,ShadowBall,Protect||||||50|,,,,,Water]Annihilape||ChoiceScarf|Defiant|CloseCombat,Uturn,FinalGambit,ShadowClaw|||F|||50|,,,,,Grass
|showteam|p2|Dondozo||Leftovers|Unaware|Protect,WaveCrash,Earthquake,OrderUp|||M|||50|,,,,,Grass]Tatsugiri||ChoiceScarf|Commander|DragonPulse,IcyWind,DracoMeteor,MuddyWater|||M|||50|,,,,,Stellar]Sneasler||PsychicSeed|Unburden|DireClaw,CloseCombat,Protect,ThroatChop|||M|||50|,,,,,Dark]Indeedee||FocusSash|PsychicSurge|DazzlingGleam,HelpingHand,ExpandingForce,Protect|||M|||50|,,,,,Fairy]Whimsicott||CovertCloak|Prankster|Tailwind,Moonblast,Encore,SunnyDay|||F|||50|,,,,,Dark]Hydreigon||ChoiceSpecs|Levitate|HeatWave,Snarl,DarkPulse,DracoMeteor|||M|||50|,,,,,Steel
|inactive|Battle timer is ON: inactive players will automatically lose when time's up. (requested by NuovoSangue)
|
|t:|1756649535
|teamsize|p1|4
|teamsize|p2|4
|start
|switch|p1a: Amoonguss|Amoonguss, L50, F|100/100
|switch|p1b: Porygon2|Porygon2, L50|100/100
|switch|p2a: Hydreigon|Hydreigon, L50, M|100/100
|switch|p2b: Indeedee|Indeedee, L50, M|100/100
|-fieldstart|move: Psychic Terrain|[from] ability: Psychic Surge|[of] p2b: Indeedee
|-ability|p1b: Porygon2|Download|boost
|-boost|p1b: Porygon2|atk|1
|turn|1
|inactive|robby w has 30 seconds left.
|
|t:|1756649562
|-terastallize|p1a: Amoonguss|Water
|move|p2a: Hydreigon|Draco Meteor|p1b: Porygon2
|-damage|p1b: Porygon2|58/100
|-unboost|p2a: Hydreigon|spa|2
|move|p2b: Indeedee|Expanding Force|p1b: Porygon2|[spread] p1a,p1b
|-damage|p1a: Amoonguss|62/100
|-damage|p1b: Porygon2|33/100
|move|p1a: Amoonguss|Spore|p2b: Indeedee
|-status|p2b: Indeedee|slp|[from] move: Spore
|move|p1b: Porygon2|Trick Room|p1b: Porygon2
|-fieldstart|move: Trick Room|[of] p1b: Porygon2
|
|upkeep
|turn|2
|
|t:|1756649584
|switch|p2a: Whimsicott|Whimsicott, L50, F|100/100
|move|p1a: Amoonguss|Spore|p2a: Whimsicott
|-immune|p2a: Whimsicott
|move|p1b: Porygon2|Ice Beam|p2a: Whimsicott
|-supereffective|p2a: Whimsicott
|-damage|p2a: Whimsicott|30/100
|cant|p2b: Indeedee|slp
|
|upkeep
|turn|3
|inactive|robby w has 30 seconds left.
|
|t:|1756649609
|move|p2a: Whimsicott|Encore|p1a: Amoonguss
|-activate|p1a: Amoonguss|move: Psychic Terrain
|move|p1a: Amoonguss|Sludge Bomb|p2a: Whimsicott
|-supereffective|p2a: Whimsicott
|-damage|p2a: Whimsicott|0 fnt
|faint|p2a: Whimsicott
|move|p1b: Porygon2|Recover|p1b: Porygon2
|-heal|p1b: Porygon2|84/100
|cant|p2b: Indeedee|slp
|
|upkeep
|
|t:|1756649631
|switch|p2a: Sneasler|Sneasler, L50, M|100/100
|-enditem|p2a: Sneasler|Psychic Seed
|-boost|p2a: Sneasler|spd|1|[from] item: Psychic Seed
|turn|4
|
|t:|1756649641
|switch|p1a: Ursaluna|Ursaluna, L50, M|100/100
|move|p2a: Sneasler|Protect|p2a: Sneasler
|-singleturn|p2a: Sneasler|Protect
|move|p1b: Porygon2|Tera Blast|p2b: Indeedee
|-damage|p2b: Indeedee|58/100 slp
|cant|p2b: Indeedee|slp
|
|-status|p1a: Ursaluna|brn|[from] item: Flame Orb
|upkeep
|turn|5
|
|t:|1756649664
|switch|p2a: Hydreigon|Hydreigon, L50, M|100/100
|-curestatus|p2b: Indeedee|slp|[msg]
|move|p2b: Indeedee|Protect|p2b: Indeedee
|-singleturn|p2b: Indeedee|Protect
|move|p1a: Ursaluna|Earthquake|p2b: Indeedee|[spread] p1b
|-activate|p2b: Indeedee|move: Protect
|-immune|p2a: Hydreigon|[from] ability: Levitate
|-damage|p1b: Porygon2|39/100
|move|p1b: Porygon2|Ice Beam|p2a: Hydreigon
|-supereffective|p2a: Hydreigon
|-crit|p2a: Hydreigon
|-damage|p2a: Hydreigon|23/100
|
|-damage|p1a: Ursaluna|95/100 brn|[from] brn
|-fieldend|move: Trick Room
|-fieldend|move: Psychic Terrain
|upkeep
|turn|6
|inactive|NuovoSangue has 30 seconds left.
|
|t:|1756649691
|move|p2b: Indeedee|Helping Hand|p2a: Hydreigon
|-singleturn|p2a: Hydreigon|Helping Hand|[of] p2b: Indeedee
|move|p2a: Hydreigon|Heat Wave|p1a: Ursaluna|[spread] p1a,p1b
|-damage|p1a: Ursaluna|46/100 brn
|-damage|p1b: Porygon2|13/100
|move|p1b: Porygon2|Recover|p1b: Porygon2
|-heal|p1b: Porygon2|63/100
|move|p1a: Ursaluna|Facade|p2a: Hydreigon
|-damage|p2a: Hydreigon|0 fnt
|faint|p2a: Hydreigon
|
|-damage|p1a: Ursaluna|40/100 brn|[from] brn
|upkeep
|
|t:|1756649704
|switch|p2a: Sneasler|Sneasler, L50, M|100/100
|turn|7
|
|t:|1756649718
|-terastallize|p2b: Indeedee|Fairy
|move|p1a: Ursaluna|Protect|p1a: Ursaluna
|-singleturn|p1a: Ursaluna|Protect
|move|p2a: Sneasler|Close Combat|p1b: Porygon2
|-supereffective|p1b: Porygon2
|-damage|p1b: Porygon2|0 fnt
|-unboost|p2a: Sneasler|def|1
|-unboost|p2a: Sneasler|spd|1
|faint|p1b: Porygon2
|move|p2b: Indeedee|Dazzling Gleam|p1a: Ursaluna
|-activate|p1a: Ursaluna|move: Protect
|
|-damage|p1a: Ursaluna|34/100 brn|[from] brn
|upkeep
|
|t:|1756649725
|switch|p1b: Annihilape|Annihilape, L50, F|100/100
|turn|8
|
|t:|1756649740
|switch|p1a: Amoonguss|Amoonguss, L50, F, tera:Water|95/100
|move|p1b: Annihilape|Final Gambit|p2a: Sneasler
|-damage|p2a: Sneasler|0 fnt
|faint|p1b: Annihilape
|faint|p2a: Sneasler
|move|p2b: Indeedee|Expanding Force|p1a: Amoonguss
|-damage|p1a: Amoonguss|67/100
|
|upkeep
|
|t:|1756649745
|switch|p1b: Ursaluna|Ursaluna, L50, M|34/100 brn
|turn|9
|
|t:|1756649763
|move|p1b: Ursaluna|Protect|p1b: Ursaluna
|-singleturn|p1b: Ursaluna|Protect
|move|p2b: Indeedee|Expanding Force|p1b: Ursaluna
|-activate|p1b: Ursaluna|move: Protect
|move|p1a: Amoonguss|Spore|p2b: Indeedee
|-status|p2b: Indeedee|slp|[from] move: Spore
|
|-damage|p1b: Ursaluna|28/100 brn|[from] brn
|upkeep
|turn|10
|-message|robby w forfeited.
|
|win|NuovoSangue
||robby w is ready for game 2.
||NuovoSangue is ready for game 2.
|uhtml|next|Next: Game 2 of 3
|l|☆NuovoSangue
|player|p1|
