|j|Ōśårandomguy1114s
|j|Ōśåfive_loko_gold
|html|randomguy1114sfive_loko_gold    
|uhtml|bestof|Game 3 of a best-of-3
|t:|1756689581
|gametype|doubles
|player|p1|randomguy1114s|lillie-masters|1179
|player|p2|five_loko_gold|170|1099
|gen|9
|tier|[Gen 9] VGC 2025 Reg H (Bo3)
|rated|
|rule|Species Clause: Limit one of each Pok├®mon
|rule|Item Clause: Limit 1 of each item
|clearpoke
|poke|p1|Archaludon, L50, F|
|poke|p1|Pelipper, L50, M|
|poke|p1|Rillaboom, L50, M|
|poke|p1|Incineroar, L50, M|
|poke|p1|Gholdengo, L50|
|poke|p1|Porygon2, L50|
|poke|p2|Rillaboom, L50, F|
|poke|p2|Sneasler, L50, M|
|poke|p2|Kingambit, L50, F|
|poke|p2|Ninetales-Alola, L50, M|
|poke|p2|Magmar, L50, F|
|poke|p2|Basculegion, L50, M|
|teampreview|4
|showteam|p1|Archaludon||PowerHerb|Sturdy|ElectroShot,DragonPulse,FlashCannon,Protect|||F|||50|,,,,,Electric]Pelipper||FocusSash|Drizzle|Tailwind,WeatherBall,Hurricane,Protect|||M|||50|,,,,,Ghost]Rillaboom||AssaultVest|GrassySurge|FakeOut,WoodHammer,GrassyGlide,Uturn|||M|||50|,,,,,Fire]Incineroar||SafetyGoggles|Intimidate|FakeOut,KnockOff,Taunt,PartingShot|||M|||50|,,,,,Ghost]Gholdengo||GrassySeed|GoodasGold|NastyPlot,MakeItRain,ShadowBall,Protect||||||50|,,,,,Dragon]Porygon2||Eviolite|Download|IceBeam,TeraBlast,TrickRoom,Recover||||||50|,,,,,Fighting
|showteam|p2|Rillaboom||AssaultVest|GrassySurge|WoodHammer,GrassyGlide,Uturn,FakeOut|||F|||50|,,,,,Ghost]Sneasler||FocusSash|Unburden|CloseCombat,DireClaw,FakeOut,Protect|||M|||50|,,,,,Stellar]Kingambit||BlackGlasses|Defiant|Protect,KowtowCleave,SuckerPunch,SwordsDance|||F|||50|,,,,,Fire]Ninetales-Alola||NeverMeltIce|SnowWarning|Encore,Blizzard,FreezeDry,Protect|||M|||50|,,,,,Ice]Magmar||Eviolite|VitalSpirit|Protect,HeatWave,WillOWisp,FollowMe|||F|||50|,,,,,Ghost]Basculegion||ChoiceScarf|Adaptability|WaveCrash,FlipTurn,TeraBlast,LastRespects|||M|||50|,,,,,Fighting
|c|Ōśårandomguy1114s|wait
|c|Ōśårandomguy1114s|whyd u forfeit
|c|Ōśåfive_loko_gold|I didn't mean to lol
|c|Ōśårandomguy1114s|OH
|c|Ōśårandomguy1114s|LMAO
|c|Ōśåfive_loko_gold|I closed the wrong screen hahah
|c|Ōśårandomguy1114s|welp we can play a game 3
|c|Ōśåfive_loko_gold|sure
|c|Ōśåfive_loko_gold|my b
|c|Ōśårandomguy1114s|i was just confuse
|inactive|Battle timer is ON: inactive players will automatically lose when time's up. (requested by five_loko_gold)
|c|Ōśårandomguy1114s|was like bro rlly wanted that g3
|c|Ōśåfive_loko_gold|hahaha
|
|t:|1756689647
|teamsize|p1|4
|teamsize|p2|4
|start
|switch|p1a: Porygon2|Porygon2, L50, shiny|100/100
|switch|p1b: Pelicopter|Pelipper, L50, M, shiny|100/100
|switch|p2a: Sneasler|Sneasler, L50, M|100/100
|switch|p2b: Kingambit|Kingambit, L50, F|100/100
|-weather|RainDance|[from] ability: Drizzle|[of] p1b: Pelicopter
|-ability|p1a: Porygon2|Download|boost
|-boost|p1a: Porygon2|spa|1
|turn|1
|inactive|five_loko_gold has 30 seconds left.
|inactive|five_loko_gold has 20 seconds left.
|
|t:|1756689687
|switch|p2b: Basculegion|Basculegion, L50, M|100/100
|-terastallize|p1a: Porygon2|Fighting
|move|p2a: Sneasler|Fake Out|p1b: Pelicopter
|-damage|p1b: Pelicopter|83/100
|cant|p1b: Pelicopter|flinch
|move|p1a: Porygon2|Ice Beam|p2a: Sneasler
|-damage|p2a: Sneasler|42/100
|
|-weather|RainDance|[upkeep]
|upkeep
|turn|2
|inactive|randomguy1114s has 30 seconds left.
|inactive|five_loko_gold has 30 seconds left.
|inactive|randomguy1114s has 20 seconds left.
|inactive|randomguy1114s has 15 seconds left.
|
|t:|1756689728
|switch|p1b: monke|Rillaboom, L50, M, shiny|100/100
|-fieldstart|move: Grassy Terrain|[from] ability: Grassy Surge|[of] p1b: monke
|move|p2b: Basculegion|Wave Crash|p1a: Porygon2
|-damage|p1a: Porygon2|19/100
|-damage|p2b: Basculegion|74/100|[from] Recoil
|move|p2a: Sneasler|Dire Claw|p1b: monke
|-supereffective|p1b: monke
|-damage|p1b: monke|28/100
|-status|p1b: monke|slp
|move|p1a: Porygon2|Ice Beam|p2a: Sneasler
|-damage|p2a: Sneasler|0 fnt
|faint|p2a: Sneasler
|
|-weather|RainDance|[upkeep]
|-heal|p2b: Basculegion|81/100|[from] Grassy Terrain
|-heal|p1b: monke|34/100 slp|[from] Grassy Terrain
|-heal|p1a: Porygon2|25/100|[from] Grassy Terrain
|upkeep
|
|t:|1756689744
|switch|p2a: Kingambit|Kingambit, L50, F|100/100
|turn|3
|
|t:|1756689757
|switch|p1a: cheese man|Gholdengo, L50, shiny|100/100
|-enditem|p1a: cheese man|Grassy Seed
|-boost|p1a: cheese man|def|1|[from] item: Grassy Seed
|move|p2b: Basculegion|Wave Crash|p1a: cheese man
|-damage|p1a: cheese man|29/100
|-damage|p2b: Basculegion|57/100|[from] Recoil
|cant|p1b: monke|slp
|move|p2a: Kingambit|Swords Dance|p2a: Kingambit
|-boost|p2a: Kingambit|atk|2
|
|-weather|RainDance|[upkeep]
|-heal|p2b: Basculegion|63/100|[from] Grassy Terrain
|-heal|p1a: cheese man|35/100|[from] Grassy Terrain
|-heal|p1b: monke|40/100 slp|[from] Grassy Terrain
|upkeep
|turn|4
|
|t:|1756689778
|move|p1a: cheese man|Protect|p1a: cheese man
|-singleturn|p1a: cheese man|Protect
|move|p2b: Basculegion|Wave Crash|p1a: cheese man
|-activate|p1a: cheese man|move: Protect
|-curestatus|p1b: monke|slp|[msg]
|move|p1b: monke|Wood Hammer|p2b: Basculegion
|-supereffective|p2b: Basculegion
|-damage|p2b: Basculegion|0 fnt
|faint|p2b: Basculegion
|-damage|p1b: monke|20/100|[from] Recoil
|move|p2a: Kingambit|Kowtow Cleave|p1a: cheese man
|-activate|p1a: cheese man|move: Protect
|
|-weather|RainDance|[upkeep]
|-heal|p1a: cheese man|41/100|[from] Grassy Terrain
|-heal|p1b: monke|26/100|[from] Grassy Terrain
|upkeep
|
|t:|1756689782
|switch|p2b: Magmar|Magmar, L50, F|100/100
|turn|5
|inactive|randomguy1114s has 30 seconds left.
|
|t:|1756689809
|move|p1a: cheese man|Nasty Plot|p1a: cheese man
|-boost|p1a: cheese man|spa|2
|move|p2b: Magmar|Will-O-Wisp|p1b: monke
|-status|p1b: monke|brn
|move|p1b: monke|U-turn|p2a: Kingambit
|-damage|p2a: Kingambit|92/100
|
|t:|1756689815
|switch|p1b: Porygon2|Porygon2, L50, shiny, tera:Fighting|25/100|[from] U-turn
|-ability|p1b: Porygon2|Download|boost
|-boost|p1b: Porygon2|spa|1
|move|p2a: Kingambit|Kowtow Cleave|p1a: cheese man
|-supereffective|p1a: cheese man
|-damage|p1a: cheese man|0 fnt
|faint|p1a: cheese man
|
|-weather|none
|-heal|p1b: Porygon2|32/100|[from] Grassy Terrain
|-heal|p2a: Kingambit|98/100|[from] Grassy Terrain
|upkeep
|
|t:|1756689817
|switch|p1a: Pelicopter|Pelipper, L50, M, shiny|83/100
|-weather|RainDance|[from] ability: Drizzle|[of] p1a: Pelicopter
|turn|6
|
|t:|1756689842
|-terastallize|p2b: Magmar|Ghost
|move|p2b: Magmar|Follow Me|p2b: Magmar
|-singleturn|p2b: Magmar|move: Follow Me
|move|p1a: Pelicopter|Weather Ball|p2b: Magmar
|-damage|p2b: Magmar|49/100
|move|p1b: Porygon2|Recover|p1b: Porygon2
|-heal|p1b: Porygon2|82/100
|move|p2a: Kingambit|Kowtow Cleave|p1b: Porygon2
|-resisted|p1b: Porygon2
|-damage|p1b: Porygon2|46/100
|
|-weather|RainDance|[upkeep]
|-heal|p2b: Magmar|55/100|[from] Grassy Terrain
|-heal|p1b: Porygon2|52/100|[from] Grassy Terrain
|-heal|p2a: Kingambit|100/100|[from] Grassy Terrain
|-fieldend|move: Grassy Terrain
|upkeep
|turn|7
|inactive|randomguy1114s has 30 seconds left.
|inactive|five_loko_gold has 30 seconds left.
|inactive|randomguy1114s has 20 seconds left.
|inactive|five_loko_gold has 20 seconds left.
|inactive|randomguy1114s has 15 seconds left.
|inactive|five_loko_gold has 15 seconds left.
|inactive|five_loko_gold has 10 seconds left.
|inactive|randomguy1114s has 10 seconds left.
|inactive|five_loko_gold has 5 seconds left.
|
|t:|1756689893
|move|p2b: Magmar|Follow Me|p2b: Magmar
|-singleturn|p2b: Magmar|move: Follow Me
|move|p1a: Pelicopter|Tailwind|p1a: Pelicopter
|-sidestart|p1: randomguy1114s|move: Tailwind
|move|p1b: Porygon2|Recover|p1b: Porygon2
|-heal|p1b: Porygon2|100/100
|move|p2a: Kingambit|Swords Dance|p2a: Kingambit
|-boost|p2a: Kingambit|atk|2
|
|-weather|RainDance|[upkeep]
|upkeep
|turn|8
|
|t:|1756689914
|move|p2b: Magmar|Follow Me|p2b: Magmar
|-singleturn|p2b: Magmar|move: Follow Me
|move|p2a: Kingambit|Sucker Punch|p1a: Pelicopter
|-damage|p1a: Pelicopter|0 fnt
|faint|p1a: Pelicopter
|move|p1b: Porygon2|Ice Beam|p2b: Magmar
|-damage|p2b: Magmar|20/100
|
|-weather|RainDance|[upkeep]
|upkeep
|
|t:|1756689921
|switch|p1a: monke|Rillaboom, L50, M, shiny|26/100 brn
|-fieldstart|move: Grassy Terrain|[from] ability: Grassy Surge|[of] p1a: monke
|turn|9
|
|t:|1756689930
|move|p2b: Magmar|Protect|p2b: Magmar
|-singleturn|p2b: Magmar|Protect
|move|p2a: Kingambit|Protect|p2a: Kingambit
|-singleturn|p2a: Kingambit|Protect
|move|p1a: monke|Fake Out|p2a: Kingambit
|-activate|p2a: Kingambit|move: Protect
|move|p1b: Porygon2|Ice Beam|p2b: Magmar
|-activate|p2b: Magmar|move: Protect
|
|-weather|RainDance|[upkeep]
|-heal|p1a: monke|31/100 brn|[from] Grassy Terrain
|-heal|p2b: Magmar|26/100|[from] Grassy Terrain
|-damage|p1a: monke|26/100 brn|[from] brn
|upkeep
|turn|10
|inactive|randomguy1114s has 30 seconds left.
|inactive|five_loko_gold has 30 seconds left.
|
|t:|1756689959
|move|p2b: Magmar|Follow Me|p2b: Magmar
|-singleturn|p2b: Magmar|move: Follow Me
|move|p1a: monke|Wood Hammer|p2b: Magmar
|-damage|p2b: Magmar|0 fnt
|faint|p2b: Magmar
|-damage|p1a: monke|19/100 brn|[from] Recoil
|move|p1b: Porygon2|Ice Beam|p2a: Kingambit
|-resisted|p2a: Kingambit
|-damage|p2a: Kingambit|80/100
|move|p2a: Kingambit|Kowtow Cleave|p1b: Porygon2
|-resisted|p1b: Porygon2
|-damage|p1b: Porygon2|47/100
|
|-weather|none
|-heal|p1a: monke|25/100 brn|[from] Grassy Terrain
|-heal|p1b: Porygon2|53/100|[from] Grassy Terrain
|-heal|p2a: Kingambit|86/100|[from] Grassy Terrain
|-damage|p1a: monke|19/100 brn|[from] brn
|-sideend|p1: randomguy1114s|move: Tailwind
|upkeep
|turn|11
|
|t:|1756689980
|move|p2a: Kingambit|Sucker Punch|p1b: Porygon2
|-resisted|p1b: Porygon2
|-damage|p1b: Porygon2|5/100
|move|p1a: monke|U-turn|p2a: Kingambit
|-damage|p2a: Kingambit|76/100
|move|p1b: Porygon2|Tera Blast|p2a: Kingambit|[anim] Tera Blast Fighting
|-supereffective|p2a: Kingambit
|-damage|p2a: Kingambit|0 fnt
|faint|p2a: Kingambit
|
|win|randomguy1114s
|raw|randomguy1114s's rating: 1179 → 1198(+19 for winning)
|raw|five_loko_gold's rating: 1099 → 1080(-19 for losing)
|c|Ōśåfive_loko_gold|gg
|c|Ōśårandomguy1114s|ggs
|l|Ōśåfive_loko_gold
|player|p2|
