|j|☆PizzaSanwitch
|j|☆stewiie25
|html|PizzaSanwitchstewiie25    
|uhtml|bestof|Game 1 of a best-of-3
|t:|1784734349
|gametype|doubles
|player|p1|PizzaSanwitch|102|1168
|player|p2|stewiie25|1|1114
|gen|9
|tier|[Gen 9 Champions] VGC 2026 Reg M-B (Bo3)
|rated|
|rule|Species Clause: Limit one of each Pokémon
|rule|Item Clause: Limit 1 of each item
|clearpoke
|poke|p1|Pelipper, L50, M|
|poke|p1|Archaludon, L50, M|
|poke|p1|Venusaur, L50, F|
|poke|p1|Basculegion, L50, M|
|poke|p1|Grimmsnarl, L50, M|
|poke|p1|Charizard, L50, M|
|poke|p2|Farigiraf, L50, F|
|poke|p2|Vivillon-Pokeball, L50, M|
|poke|p2|Sylveon, L50, M|
|poke|p2|Camerupt, L50, M|
|poke|p2|Kingambit, L50, F|
|poke|p2|Drampa, L50, F|
|teampreview|4
|showteam|p1|Pelipper||SitrusBerry|Drizzle|WeatherBall,Hurricane,Tailwind,Protect|Modest||M|||50|]Archaludon||Leftovers|Stamina|ElectroShot,FlashCannon,DragonPulse,Protect|Modest||M|||50|]Venusaur||Venusaurite|Chlorophyll|GigaDrain,SludgeBomb,EarthPower,Protect|Modest||F|||50|]Basculegion||ChoiceScarf|Adaptability|WaveCrash,LastRespects,AquaJet,FlipTurn|Jolly||M|||50|]Grimmsnarl||LightClay|Prankster|SpiritBreak,Reflect,LightScreen,PartingShot|Sassy||M|||50|]Charizard||CharizarditeY|SolarPower|HeatWave,WeatherBall,Hurricane,Protect|Modest||M|||50|
|showteam|p2|Farigiraf||SitrusBerry|ArmorTail|HelpingHand,TwinBeam,TrickRoom,Thunderbolt|Quiet||F|||50|]Vivillon-Pokeball||ChoiceScarf|CompoundEyes|StunSpore,Hurricane,BugBuzz,SleepPowder|Timid||M|||50|]Sylveon||LifeOrb|Pixilate|CalmMind,HyperVoice,HyperBeam,Protect|Modest||M|||50|]Camerupt||Cameruptite|SolidRock|Protect,HeatWave,Eruption,EarthPower|Quiet||M|||50|]Kingambit||ChopleBerry|Defiant|SwordsDance,LowKick,KowtowCleave,SuckerPunch|Brave||F|||50|]Drampa||Drampanite|CloudNine|HyperVoice,DragonPulse,IceBeam,EarthPower|Quiet||F|||50|
|inactive|Battle timer is ON: inactive players will automatically lose when time's up. (requested by stewiie25)
|inactive|PizzaSanwitch has 60 seconds left.
|inactive|PizzaSanwitch has 30 seconds left.
|
|t:|1784734438
|teamsize|p1|4
|teamsize|p2|4
|start
|switch|p1a: Grimmsnarl|Grimmsnarl, L50, M|100/100
|switch|p1b: Charizard|Charizard, L50, M|100/100
|switch|p2a: Farigiraf|Farigiraf, L50, F|100/100
|switch|p2b: Vivillon|Vivillon-Pokeball, L50, M|100/100
|turn|1
|
|t:|1784734463
|detailschange|p1b: Charizard|Charizard-Mega-Y, L50, M
|-mega|p1b: Charizard|Charizard|Charizardite Y
|-weather|SunnyDay|[from] ability: Drought|[of] p1b: Charizard
|move|p1b: Charizard|Protect|p1b: Charizard
|-singleturn|p1b: Charizard|Protect
|move|p1a: Grimmsnarl|Light Screen|p1a: Grimmsnarl
|-sidestart|p1: PizzaSanwitch|move: Light Screen
|move|p2b: Vivillon|Sleep Powder|p1b: Charizard
|-activate|p1b: Charizard|move: Protect
|move|p2a: Farigiraf|Trick Room|p2a: Farigiraf
|-fieldstart|move: Trick Room|[of] p2a: Farigiraf
|
|-weather|SunnyDay|[upkeep]
|upkeep
|turn|2
|
|t:|1784734486
|switch|p2b: Drampa|Drampa, L50, F|100/100
|-ability|p2b: Drampa|Cloud Nine
|move|p2a: Farigiraf|Thunderbolt|p1b: Charizard
|-supereffective|p1b: Charizard|1
|-damage|p1b: Charizard|65/100
|move|p1a: Grimmsnarl|Spirit Break|p2b: Drampa
|-supereffective|p2b: Drampa|1
|-damage|p2b: Drampa|35/100
|-unboost|p2b: Drampa|spa|1
|move|p1b: Charizard|Weather Ball|p2b: Drampa
|-damage|p2b: Drampa|14/100
|
|-weather|SunnyDay|[upkeep]
|upkeep
|turn|3
|inactive|PizzaSanwitch has 30 seconds left.
|
|t:|1784734519
|detailschange|p2b: Drampa|Drampa-Mega, L50, F
|-mega|p2b: Drampa|Drampa|Drampanite
|move|p2b: Drampa|Hyper Voice|p1b: Charizard|[spread] p1a,p1b
|-damage|p1a: Grimmsnarl|82/100
|-damage|p1b: Charizard|50/100g
|move|p1a: Grimmsnarl|Spirit Break|p2b: Drampa
|-supereffective|p2b: Drampa|1
|-damage|p2b: Drampa|0 fnt
|faint|p2b: Drampa
|move|p2a: Farigiraf|Thunderbolt|p1b: Charizard
|-supereffective|p1b: Charizard|1
|-damage|p1b: Charizard|17/100
|-status|p1b: Charizard|par
|move|p1b: Charizard|Heat Wave|p2a: Farigiraf
|-damage|p2a: Farigiraf|4/100
|-enditem|p2a: Farigiraf|Sitrus Berry|[eat]
|-heal|p2a: Farigiraf|28/100|[from] item: Sitrus Berry
|
|-weather|SunnyDay|[upkeep]
|upkeep
|
|t:|1784734528
|switch|p2b: Kingambit|Kingambit, L50, F|100/100
|turn|4
|inactive|PizzaSanwitch has 30 seconds left.
|
|t:|1784734554
|move|p1b: Charizard|Protect|p1b: Charizard
|-singleturn|p1b: Charizard|Protect
|move|p1a: Grimmsnarl|Reflect|p1a: Grimmsnarl
|-sidestart|p1: PizzaSanwitch|Reflect
|move|p2b: Kingambit|Swords Dance|p2b: Kingambit
|-boost|p2b: Kingambit|atk|2
|move|p2a: Farigiraf|Thunderbolt|p1b: Charizard
|-activate|p1b: Charizard|move: Protect
|
|-weather|SunnyDay|[upkeep]
|upkeep
|turn|5
|
|t:|1784734567
|switch|p1b: Archaludon|Archaludon, L50, M|100/100
|move|p2b: Kingambit|Swords Dance|p2b: Kingambit
|-boost|p2b: Kingambit|atk|2
|move|p1a: Grimmsnarl|Spirit Break|p2a: Farigiraf
|-damage|p2a: Farigiraf|0 fnt
|faint|p2a: Farigiraf
|
|-weather|none
|-fieldend|move: Trick Room
|upkeep
|
|t:|1784734570
|switch|p2a: Vivillon|Vivillon-Pokeball, L50, M|100/100
|turn|6
|inactive|PizzaSanwitch has 30 seconds left.
|inactive|PizzaSanwitch has 20 seconds left.
|inactive|PizzaSanwitch has 15 seconds left.
|
|t:|1784734612
|move|p1b: Archaludon|Protect|p1b: Archaludon
|-singleturn|p1b: Archaludon|Protect
|move|p1a: Grimmsnarl|Parting Shot|p2a: Vivillon
|-unboost|p2a: Vivillon|atk|1
|-unboost|p2a: Vivillon|spa|1
|
|t:|1784734618
|switch|p1a: Pelipper|Pelipper, L50, M|100/100|[from] Parting Shot
|-weather|RainDance|[from] ability: Drizzle|[of] p1a: Pelipper
|move|p2a: Vivillon|Sleep Powder|p1a: Pelipper
|-status|p1a: Pelipper|slp|[from] move: Sleep Powder
|move|p2b: Kingambit|Low Kick|p1b: Archaludon
|-activate|p1b: Archaludon|move: Protect
|
|-weather|RainDance|[upkeep]
|upkeep
|turn|7
|
|t:|1784734643
|switch|p1b: Charizard|Charizard-Mega-Y, L50, M|17/100 par
|-weather|SunnyDay|[from] ability: Drought|[of] p1b: Charizard
|move|p2a: Vivillon|Sleep Powder||[still]
|-fail|p2a: Vivillon
|cant|p1a: Pelipper|slp
|move|p2b: Kingambit|Kowtow Cleave|p1a: Pelipper
|-damage|p1a: Pelipper|1/100 slp
|-enditem|p1a: Pelipper|Sitrus Berry|[eat]
|-heal|p1a: Pelipper|25/100 slp|[from] item: Sitrus Berry
|
|-weather|SunnyDay|[upkeep]
|upkeep
|turn|8
|
|t:|1784734664
|cant|p1a: Pelipper|slp
|move|p2b: Kingambit|Sucker Punch|p1b: Charizard
|-damage|p1b: Charizard|0 fnt
|faint|p1b: Charizard
|move|p2a: Vivillon|Sleep Powder|p1a: Pelipper
|-fail|p1a: Pelipper|slp
|
|-weather|SunnyDay|[upkeep]
|-sideend|p1: PizzaSanwitch|move: Light Screen
|upkeep
|
|t:|1784734672
|switch|p1b: Archaludon|Archaludon, L50, M|100/100
|turn|9
|inactive|PizzaSanwitch has 30 seconds left.
|
|t:|1784734703
|switch|p1a: Grimmsnarl|Grimmsnarl, L50, M|82/100
|move|p1b: Archaludon|Protect|p1b: Archaludon
|-singleturn|p1b: Archaludon|Protect
|move|p2b: Kingambit|Sucker Punch||[still]
|-fail|p2b: Kingambit
|move|p2a: Vivillon|Sleep Powder|p1b: Archaludon
|-activate|p1b: Archaludon|move: Protect
|
|-weather|SunnyDay|[upkeep]
|upkeep
|turn|10
|
|t:|1784734712
|switch|p1a: Pelipper|Pelipper, L50, M|25/100 slp
|-weather|RainDance|[from] ability: Drizzle|[of] p1a: Pelipper
|move|p2a: Vivillon|Sleep Powder|p1a: Pelipper
|-fail|p1a: Pelipper|slp
|move|p1b: Archaludon|Electro Shot||[still]
|-prepare|p1b: Archaludon|Electro Shot
|-boost|p1b: Archaludon|spa|1
|-anim|p1b: Archaludon|Electro Shot|p2b: Kingambit
|-damage|p2b: Kingambit|42/100
|move|p2b: Kingambit|Low Kick|p1b: Archaludon
|-supereffective|p1b: Archaludon|1
|-damage|p1b: Archaludon|8/100
|-ability|p1b: Archaludon|Stamina|boost
|-boost|p1b: Archaludon|def|1
|
|-weather|RainDance|[upkeep]
|-heal|p1b: Archaludon|14/100|[from] item: Leftovers
|upkeep
|turn|11
|
|t:|1784734724
|move|p2a: Vivillon|Sleep Powder|p1b: Archaludon
|-status|p1b: Archaludon|slp|[from] move: Sleep Powder
|cant|p1b: Archaludon|slp
|-curestatus|p1a: Pelipper|slp|[msg]
|move|p1a: Pelipper|Weather Ball|p2b: Kingambit
|-damage|p2b: Kingambit|0 fnt
|faint|p2b: Kingambit
|
|-weather|RainDance|[upkeep]
|-heal|p1b: Archaludon|20/100y slp|[from] item: Leftovers
|-sideend|p1: PizzaSanwitch|Reflect
|upkeep
|turn|12
|
|t:|1784734735
|move|p2a: Vivillon|Sleep Powder|p1a: Pelipper
|-status|p1a: Pelipper|slp|[from] move: Sleep Powder
|cant|p1b: Archaludon|slp
|cant|p1a: Pelipper|slp
|
|-weather|RainDance|[upkeep]
|-heal|p1b: Archaludon|26/100 slp|[from] item: Leftovers
|upkeep
|turn|13
|
|t:|1784734740
|move|p2a: Vivillon|Sleep Powder|p1b: Archaludon
|-fail|p1b: Archaludon|slp
|-curestatus|p1b: Archaludon|slp|[msg]
|move|p1b: Archaludon|Electro Shot||[still]
|-prepare|p1b: Archaludon|Electro Shot
|-boost|p1b: Archaludon|spa|1
|-anim|p1b: Archaludon|Electro Shot|p2a: Vivillon
|-supereffective|p2a: Vivillon|1
|-damage|p2a: Vivillon|0 fnt
|faint|p2a: Vivillon
|
|win|PizzaSanwitch
||stewiie25 is ready for game 2.
||PizzaSanwitch is ready for game 2.
|uhtml|next|Next: Game 2 of 3
