|j|☆Cobrite
|j|☆kokomiiiii
|html|Cobritekokomiiiii    
|uhtml|bestof|Game 2 of a best-of-3
|t:|1757911221
|gametype|doubles
|player|p1|Cobrite|102|1184
|player|p2|kokomiiiii|lillie-masters|1188
|gen|9
|tier|[Gen 9] VGC 2025 Reg H (Bo3)
|rated|
|rule|Species Clause: Limit one of each Pokémon
|rule|Item Clause: Limit 1 of each item
|clearpoke
|poke|p1|Archaludon, L50, M|
|poke|p1|Basculegion, L50, M|
|poke|p1|Pelipper, L50, F|
|poke|p1|Amoonguss, L50, F|
|poke|p1|Incineroar, L50, F|
|poke|p1|Maushold, L50|
|poke|p2|Gholdengo, L50|
|poke|p2|Ursaluna, L50, M|
|poke|p2|Dragonite, L50, M|
|poke|p2|Porygon2, L50|
|poke|p2|Incineroar, L50, M|
|poke|p2|Amoonguss, L50, M|
|teampreview|4
|showteam|p1|Archaludon||AssaultVest|Stamina|ElectroShot,DragonPulse,FlashCannon,BodyPress|||M|||50|,,,,,Grass]Basculegion||MysticWater|SwiftSwim|Protect,WaveCrash,AquaJet,LastRespects|||M|||50|,,,,,Water]Pelipper||FocusSash|Drizzle|Hurricane,WeatherBall,Tailwind,Protect|||F|||50|,,,,,Ghost]Amoonguss||SitrusBerry|Regenerator|Spore,RagePowder,PollenPuff,ClearSmog|||F|||50|,,,,,Water]Incineroar||SafetyGoggles|Intimidate|FakeOut,FlareBlitz,KnockOff,PartingShot|||F|||50|,,,,,Ghost]Maushold||WideLens|Technician|PopulationBomb,FollowMe,Taunt,Protect||||||50|,,,,,Grass
|showteam|p2|Gholdengo||LifeOrb|GoodasGold|MakeItRain,ShadowBall,NastyPlot,Protect||||||50|,,,,,Water]Ursaluna||FlameOrb|Guts|HeadlongRush,Facade,Earthquake,Protect|||M|||50|,,,,,Ghost]Dragonite||LoadedDice|Multiscale|ScaleShot,Haze,Tailwind,Protect|||M|||50|,,,,,Fairy]Porygon2||Eviolite|Download|IceBeam,TeraBlast,TrickRoom,Recover||||||50|,,,,,Fighting]Incineroar||SafetyGoggles|Intimidate|FakeOut,KnockOff,FlareBlitz,PartingShot|||M|||50|,,,,,Ghost]Amoonguss||SitrusBerry|Regenerator|RagePowder,PollenPuff,Spore,Protect|||M|||50|,,,,,Water
|inactive|Battle timer is ON: inactive players will automatically lose when time's up. (requested by Cobrite)
|
|t:|1757911273
|teamsize|p1|4
|teamsize|p2|4
|start
|switch|p1a: Incineroar|Incineroar, L50, F|100/100
|switch|p1b: Archaludon|Archaludon, L50, M|100/100
|switch|p2a: dragon right|Dragonite, L50, M, shiny|100/100
|switch|p2b: Midcineroar|Incineroar, L50, M, shiny|100/100
|-ability|p1a: Incineroar|Intimidate|boost
|-unboost|p2a: dragon right|atk|1
|-unboost|p2b: Midcineroar|atk|1
|-ability|p2b: Midcineroar|Intimidate|boost
|-unboost|p1a: Incineroar|atk|1
|-unboost|p1b: Archaludon|atk|1
|turn|1
|inactive|Cobrite has 30 seconds left.
|
|t:|1757911307
|switch|p2a: da king|Gholdengo, L50|100/100
|move|p2b: Midcineroar|Fake Out|p1b: Archaludon
|-resisted|p1b: Archaludon
|-damage|p1b: Archaludon|98/100
|-ability|p1b: Archaludon|Stamina|boost
|-boost|p1b: Archaludon|def|1
|move|p1a: Incineroar|Fake Out|p2b: Midcineroar
|-damage|p2b: Midcineroar|92/100
|cant|p1b: Archaludon|flinch
|
|upkeep
|turn|2
|inactive|Cobrite has 30 seconds left.
|inactive|Cobrite has 20 seconds left.
|
|t:|1757911343
|-terastallize|p2a: da king|Water
|move|p2a: da king|Nasty Plot|p2a: da king
|-boost|p2a: da king|spa|2
|move|p1b: Archaludon|Body Press|p2b: Midcineroar
|-supereffective|p2b: Midcineroar
|-damage|p2b: Midcineroar|24/100
|move|p1a: Incineroar|Knock Off|p2a: da king
|-crit|p2a: da king
|-damage|p2a: da king|33/100
|-enditem|p2a: da king|Life Orb|[from] move: Knock Off|[of] p1a: Incineroar
|move|p2b: Midcineroar|Knock Off|p1b: Archaludon
|-damage|p1b: Archaludon|85/100
|-ability|p1b: Archaludon|Stamina|boost
|-boost|p1b: Archaludon|def|1
|-enditem|p1b: Archaludon|Assault Vest|[from] move: Knock Off|[of] p2b: Midcineroar
|
|upkeep
|turn|3
|inactive|Cobrite has 30 seconds left.
|
|t:|1757911371
|move|p2a: da king|Protect|p2a: da king
|-singleturn|p2a: da king|Protect
|move|p1b: Archaludon|Body Press|p2b: Midcineroar
|-supereffective|p2b: Midcineroar
|-damage|p2b: Midcineroar|0 fnt
|faint|p2b: Midcineroar
|move|p1a: Incineroar|Knock Off|p2a: da king
|-activate|p2a: da king|move: Protect
|
|upkeep
|c|☆kokomiiiii|WAIT THEYRE SPEED TYING?
|
|t:|1757911381
|switch|p2b: dragon right|Dragonite, L50, M, shiny|100/100
|turn|4
|
|t:|1757911397
|move|p2a: da king|Shadow Ball|p1b: Archaludon
|-damage|p1b: Archaludon|0 fnt
|faint|p1b: Archaludon
|move|p2b: dragon right|Scale Shot|p1a: Incineroar
|-damage|p1a: Incineroar|86/100
|-damage|p1a: Incineroar|72/100
|-damage|p1a: Incineroar|59/100
|-damage|p1a: Incineroar|43/100
|-hitcount|p1a: Incineroar|4
|-unboost|p2b: dragon right|def|1
|-boost|p2b: dragon right|spe|1
|move|p1a: Incineroar|Knock Off|p2a: da king
|-damage|p2a: da king|9/100
|
|upkeep
|
|t:|1757911403
|switch|p1b: Basculegion|Basculegion, L50, M|100/100
|turn|5
|
|t:|1757911421
|switch|p1a: Pelipper|Pelipper, L50, F|100/100
|-weather|RainDance|[from] ability: Drizzle|[of] p1a: Pelipper
|move|p2a: da king|Protect|p2a: da king
|-singleturn|p2a: da king|Protect
|move|p1b: Basculegion|Last Respects|p2a: da king
|-activate|p2a: da king|move: Protect
|move|p2b: dragon right|Scale Shot|p1a: Pelipper
|-damage|p1a: Pelipper|80/100
|-damage|p1a: Pelipper|60/100
|-damage|p1a: Pelipper|40/100
|-damage|p1a: Pelipper|20/100
|-damage|p1a: Pelipper|2/100
|-hitcount|p1a: Pelipper|5
|-unboost|p2b: dragon right|def|1
|-boost|p2b: dragon right|spe|1
|
|-weather|RainDance|[upkeep]
|upkeep
|turn|6
|
|t:|1757911435
|move|p1a: Pelipper|Protect|p1a: Pelipper
|-singleturn|p1a: Pelipper|Protect
|move|p2b: dragon right|Tailwind|p2b: dragon right
|-sidestart|p2: kokomiiiii|move: Tailwind
|move|p2a: da king|Shadow Ball|p1b: Basculegion
|-supereffective|p1b: Basculegion
|-damage|p1b: Basculegion|0 fnt
|faint|p1b: Basculegion
|
|-weather|RainDance|[upkeep]
|upkeep
|
|t:|1757911441
|switch|p1b: Incineroar|Incineroar, L50, F|43/100
|-ability|p1b: Incineroar|Intimidate|boost
|-unboost|p2a: da king|atk|1
|-unboost|p2b: dragon right|atk|1
|turn|7
|
|t:|1757911448
|move|p2a: da king|Protect|p2a: da king
|-singleturn|p2a: da king|Protect
|move|p1b: Incineroar|Fake Out|p2a: da king
|-activate|p2a: da king|move: Protect
|move|p2b: dragon right|Scale Shot|p1a: Pelipper
|-damage|p1a: Pelipper|0 fnt
|faint|p1a: Pelipper
|-hitcount|p1: Pelipper|1
|-unboost|p2b: dragon right|def|1
|-boost|p2b: dragon right|spe|1
|
|-weather|RainDance|[upkeep]
|upkeep
|turn|8
|-message|Cobrite forfeited.
|
|win|kokomiiiii
|raw|Cobrite's rating: 1184 → 1159(-25 for losing)
|raw|kokomiiiii's rating: 1188 → 1213(+25 for winning)
|l|☆Cobrite
|player|p1|
