|j|☆pikajw
|j|☆Beeetch
|html|pikajwBeeetch    
|uhtml|bestof|Game 2 of a best-of-3
|t:|1756861738
|gametype|doubles
|player|p1|pikajw|265|1125
|player|p2|Beeetch|beauty-gen4dp|1243
|gen|9
|tier|[Gen 9] VGC 2025 Reg H (Bo3)
|rated|
|rule|Species Clause: Limit one of each Pokémon
|rule|Item Clause: Limit 1 of each item
|clearpoke
|poke|p1|Lilligant-Hisui, L50, F|
|poke|p1|Torkoal, L50, M|
|poke|p1|Kingambit, L50, F|
|poke|p1|Indeedee-F, L50, F|
|poke|p1|Farigiraf, L50, M|
|poke|p1|Ursaluna, L50, M|
|poke|p2|Excadrill, L50, M|
|poke|p2|Tyranitar, L50, F|
|poke|p2|Sneasler, L50, M|
|poke|p2|Indeedee, L50, M|
|poke|p2|Corviknight, L50, M|
|poke|p2|Annihilape, L50, F|
|teampreview|4
|showteam|p1|Lilligant-Hisui||FocusSash|Chlorophyll|SolarBlade,AfterYou,SleepPowder,Coaching|||F|||50|,,,,,Ghost]Torkoal||SitrusBerry|Drought|Overheat,Eruption,BodyPress,Protect|||M|||50|,,,,,Fire]Kingambit||AssaultVest|Defiant|KowtowCleave,IronHead,Snarl,TeraBlast|||F|||50|,,,,,Fire]Indeedee-F||SafetyGoggles|PsychicSurge|DazzlingGleam,FollowMe,TrickRoom,Protect|||F|||50|,,,,,Fairy]Farigiraf||ThroatSpray|ArmorTail|ExpandingForce,HyperVoice,TrickRoom,Protect|||M|||50|,,,,,Psychic]Ursaluna||FlameOrb|Guts|Facade,HeadlongRush,Substitute,Protect|||M|||50|,,,,,Water
|showteam|p2|Excadrill||FocusSash|SandRush|IronHead,HighHorsepower,Earthquake,Protect|||M|||50|,,,,,Stellar]Tyranitar||AssaultVest|SandStream|RockSlide,KnockOff,TeraBlast,LowKick|||F|||50|,,,,,Flying]Sneasler||PsychicSeed|Unburden|DireClaw,CloseCombat,ThroatChop,Protect|||M|||50|,,,,,Dark]Indeedee||ChoiceScarf|PsychicSurge|ExpandingForce,TeraBlast,Protect,Trick|||M|||50|,,,,,Psychic]Corviknight||Leftovers|MirrorArmor|BraveBird,BulkUp,Roost,Tailwind|||M|||50|,,,,,Dragon]Annihilape||SafetyGoggles|Defiant|CloseCombat,FinalGambit,RageFist,Taunt|||F|||50|,,,,,Water
|
|t:|1756861773
|teamsize|p1|4
|teamsize|p2|4
|start
|switch|p1a: Lilligant|Lilligant-Hisui, L50, F|100/100
|switch|p1b: Farigiraf|Farigiraf, L50, M|100/100
|switch|p2a: Tyranitar|Tyranitar, L50, F, shiny|100/100
|switch|p2b: Sneasler|Sneasler, L50, M, shiny|100/100
|-weather|Sandstorm|[from] ability: Sand Stream|[of] p2a: Tyranitar
|turn|1
|
|t:|1756861796
|-terastallize|p2a: Tyranitar|Flying
|move|p1b: Farigiraf|Protect|p1b: Farigiraf
|-singleturn|p1b: Farigiraf|Protect
|move|p2b: Sneasler|Throat Chop|p1b: Farigiraf
|-activate|p1b: Farigiraf|move: Protect
|move|p1a: Lilligant|Sleep Powder|p2b: Sneasler
|-status|p2b: Sneasler|slp|[from] move: Sleep Powder
|move|p2a: Tyranitar|Rock Slide|p1a: Lilligant|[spread] p1a
|-activate|p1b: Farigiraf|move: Protect
|-resisted|p1a: Lilligant
|-damage|p1a: Lilligant|76/100
|
|-weather|Sandstorm|[upkeep]
|-damage|p1a: Lilligant|70/100|[from] Sandstorm
|-damage|p2b: Sneasler|94/100 slp|[from] Sandstorm
|-damage|p2a: Tyranitar|95/100|[from] Sandstorm
|-damage|p1b: Farigiraf|95/100|[from] Sandstorm
|upkeep
|turn|2
|
|t:|1756861818
|cant|p2b: Sneasler|slp
|move|p1a: Lilligant|Sleep Powder|p2a: Tyranitar
|-status|p2a: Tyranitar|slp|[from] move: Sleep Powder
|cant|p2a: Tyranitar|slp
|move|p1b: Farigiraf|Trick Room|p1b: Farigiraf
|-fieldstart|move: Trick Room|[of] p1b: Farigiraf
|
|-weather|Sandstorm|[upkeep]
|-damage|p1b: Farigiraf|89/100|[from] Sandstorm
|-damage|p2a: Tyranitar|89/100 slp|[from] Sandstorm
|-damage|p2b: Sneasler|88/100 slp|[from] Sandstorm
|-damage|p1a: Lilligant|64/100|[from] Sandstorm
|upkeep
|turn|3
|
|t:|1756861841
|switch|p1a: Torkoal|Torkoal, L50, M|100/100
|-weather|SunnyDay|[from] ability: Drought|[of] p1a: Torkoal
|cant|p2b: Sneasler|slp
|move|p1b: Farigiraf|Hyper Voice|p2a: Tyranitar|[spread] p2a,p2b
|-damage|p2a: Tyranitar|69/100 slp
|-damage|p2b: Sneasler|43/100 slp
|-enditem|p1b: Farigiraf|Throat Spray
|-boost|p1b: Farigiraf|spa|1|[from] item: Throat Spray
|-curestatus|p2a: Tyranitar|slp|[msg]
|move|p2a: Tyranitar|Knock Off|p1b: Farigiraf
|-supereffective|p1b: Farigiraf
|-damage|p1b: Farigiraf|20/100
|
|-weather|SunnyDay|[upkeep]
|upkeep
|turn|4
|
|t:|1756861861
|-curestatus|p2b: Sneasler|slp|[msg]
|move|p2b: Sneasler|Protect|p2b: Sneasler
|-singleturn|p2b: Sneasler|Protect
|move|p1a: Torkoal|Eruption|p2a: Tyranitar|[spread] p2a
|-activate|p2b: Sneasler|move: Protect
|-crit|p2a: Tyranitar
|-damage|p2a: Tyranitar|5/100
|move|p1b: Farigiraf|Hyper Voice|p2b: Sneasler|[spread] p2a
|-activate|p2b: Sneasler|move: Protect
|-damage|p2a: Tyranitar|0 fnt
|faint|p2a: Tyranitar
|
|-weather|SunnyDay|[upkeep]
|upkeep
|
|t:|1756861876
|switch|p2a: Annihilape|Annihilape, L50, F|100/100
|turn|5
|
|t:|1756861888
|switch|p2b: Indeedee|Indeedee, L50, M, shiny|100/100
|-fieldstart|move: Psychic Terrain|[from] ability: Psychic Surge|[of] p2b: Indeedee
|-terastallize|p1a: Torkoal|Fire
|move|p1a: Torkoal|Eruption|p2b: Indeedee|[spread] p2a,p2b
|-damage|p2a: Annihilape|23/100
|-damage|p2b: Indeedee|0 fnt
|faint|p2b: Indeedee
|move|p1b: Farigiraf|Expanding Force|p2a: Annihilape
|-supereffective|p2a: Annihilape
|-damage|p2a: Annihilape|0 fnt
|faint|p2a: Annihilape
|
|-weather|SunnyDay|[upkeep]
|upkeep
|
|t:|1756861901
|switch|p2b: Sneasler|Sneasler, L50, M, shiny|43/100
|-enditem|p2b: Sneasler|Psychic Seed
|-boost|p2b: Sneasler|spd|1|[from] item: Psychic Seed
|turn|6
|-message|Beeetch forfeited.
|
|win|pikajw
|raw|pikajw's rating: 1125 → 1158(+33 for winning)
|raw|Beeetch's rating: 1243 → 1210(-33 for losing)
|l|☆Beeetch
|player|p2|
|j|☆Beeetch
|player|p2|Beeetch|beauty-gen4dp|
