|j|☆buf47RIPMegaFlygon
|j|☆edhen
|html|buf47RIPMegaFlygonedhen    
|uhtml|bestof|Game 3 of a best-of-3
|t:|1756415376
|gametype|doubles
|player|p1|buf47RIPMegaFlygon|265|1354
|player|p2|edhen|clair|1303
|gen|9
|tier|[Gen 9] VGC 2025 Reg H (Bo3)
|rated|
|rule|Species Clause: Limit one of each Pokémon
|rule|Item Clause: Limit 1 of each item
|clearpoke
|poke|p1|Dondozo, L50, M|
|poke|p1|Tatsugiri, L50, M|
|poke|p1|Dragonite, L50, F|
|poke|p1|Annihilape, L50, M|
|poke|p1|Zoroark-Hisui, L50, M|
|poke|p1|Volcarona, L50, M|
|poke|p2|Pelipper, L50, F|
|poke|p2|Archaludon, L50, M|
|poke|p2|Comfey, L50, M|
|poke|p2|Rillaboom, L50, M|
|poke|p2|Basculegion, L50, M|
|poke|p2|Volcarona, L50, M|
|teampreview|4
|showteam|p1|Dondozo||Leftovers|Unaware|WaveCrash,Earthquake,OrderUp,Protect|||M|||50|,,,,,Grass]Tatsugiri||ChoiceScarf|Commander|DracoMeteor,MuddyWater,IcyWind,HelpingHand|||M|||50|,,,,,Steel]Dragonite||LoadedDice|Multiscale|ScaleShot,IronHead,Haze,Protect|||F|||50|,,,,,Fairy]Annihilape||SafetyGoggles|Defiant|CloseCombat,RageFist,Taunt,Protect|||M|||50|,,,,,Fire]Zoroark-Hisui||ChoiceSpecs|Illusion|HyperVoice,ShadowBall,Flamethrower,Trick|||M|||50|,,,,,Normal]Volcarona||SitrusBerry|FlameBody|HeatWave,StruggleBug,RagePowder,Tailwind|||M|||50|,,,,,Fairy
|showteam|p2|Pelipper||FocusSash|Drizzle|WeatherBall,Hurricane,Tailwind,Protect|||F|||50|,,,,,Ghost]Archaludon||AssaultVest|Stamina|ElectroShot,BodyPress,FlashCannon,DragonPulse|||M|||50|,,,,,Grass]Comfey||WikiBerry|Triage|Protect,FloralHealing,DrainingKiss,Taunt|||M|||50|,,,,,Steel]Rillaboom||LoadedDice|GrassySurge|BulletSeed,GrassyGlide,FakeOut,HighHorsepower|||M|||50|,,,,,Water]Basculegion||ChoiceBand|SwiftSwim|LastRespects,WaveCrash,AquaJet,FlipTurn|||M|||50|,,,,,Water]Volcarona||GrassySeed|FlameBody|QuiverDance,GigaDrain,HeatWave,Protect|||M|||50|,,,,,Water
|
|t:|1756415392
|teamsize|p1|4
|teamsize|p2|4
|start
|switch|p1a: Dondoctor|Dondozo, L50, M, shiny|100/100
|switch|p1b: Dragonite|Dragonite, L50, F, shiny|100/100
|switch|p2a: Rillaboom|Rillaboom, L50, M|100/100
|switch|p2b: Volcarona|Volcarona, L50, M|100/100
|-fieldstart|move: Grassy Terrain|[from] ability: Grassy Surge|[of] p2a: Rillaboom
|-enditem|p2b: Volcarona|Grassy Seed
|-boost|p2b: Volcarona|def|1|[from] item: Grassy Seed
|turn|1
|
|t:|1756415411
|move|p1a: Dondoctor|Protect|p1a: Dondoctor
|-singleturn|p1a: Dondoctor|Protect
|move|p2a: Rillaboom|Grassy Glide|p1a: Dondoctor
|-activate|p1a: Dondoctor|move: Protect
|move|p1b: Dragonite|Hyper Voice|p2a: Rillaboom|[spread] p2a,p2b
|-damage|p2a: Rillaboom|48/100
|-damage|p2b: Volcarona|44/100
|move|p2b: Volcarona|Heat Wave|p1b: Dragonite|[spread] p1b
|-activate|p1a: Dondoctor|move: Protect
|-damage|p1b: Dragonite|24/100
|replace|p1b: Surprise!|Zoroark-Hisui, L50, M, shiny
|-end|p1b: Surprise!|Illusion
|
|-heal|p1b: Surprise!|30/100|[from] Grassy Terrain
|-heal|p2b: Volcarona|50/100|[from] Grassy Terrain
|-heal|p2a: Rillaboom|54/100|[from] Grassy Terrain
|upkeep
|turn|2
|
|t:|1756415451
|switch|p1b: The rock|Tatsugiri, L50, M, shiny|100/100
|-activate|p1b: The rock|ability: Commander|[of] p1a: Dondoctor
|-boost|p1a: Dondoctor|atk|2
|-boost|p1a: Dondoctor|spa|2
|-boost|p1a: Dondoctor|spe|2
|-boost|p1a: Dondoctor|def|2
|-boost|p1a: Dondoctor|spd|2
|move|p2a: Rillaboom|Grassy Glide|p1b: The rock|[miss]
|-miss|p2a: Rillaboom|p1b: The rock
|move|p1a: Dondoctor|Order Up|p2b: Volcarona
|-crit|p2b: Volcarona
|-damage|p2b: Volcarona|0 fnt
|faint|p2b: Volcarona
|-boost|p1a: Dondoctor|atk|1
|
|-heal|p2a: Rillaboom|60/100|[from] Grassy Terrain
|upkeep
|
|t:|1756415464
|switch|p2b: Archaludon|Archaludon, L50, M|100/100
|turn|3
|
|t:|1756415470
|-terastallize|p1a: Dondoctor|Grass
|-terastallize|p2a: Rillaboom|Water
|move|p1a: Dondoctor|Wave Crash|p2a: Rillaboom
|-resisted|p2a: Rillaboom
|-damage|p2a: Rillaboom|2/100
|-damage|p1a: Dondoctor|84/100|[from] Recoil
|move|p2a: Rillaboom|Bullet Seed|p1a: Dondoctor
|-resisted|p1a: Dondoctor
|-damage|p1a: Dondoctor|82/100
|-resisted|p1a: Dondoctor
|-damage|p1a: Dondoctor|78/100
|-resisted|p1a: Dondoctor
|-damage|p1a: Dondoctor|75/100
|-resisted|p1a: Dondoctor
|-damage|p1a: Dondoctor|73/100
|-hitcount|p1a: Dondoctor|4
|move|p2b: Archaludon|Dragon Pulse|p1a: Dondoctor
|-damage|p1a: Dondoctor|51/100
|
|-heal|p1a: Dondoctor|57/100|[from] Grassy Terrain
|-heal|p1a: Dondoctor|63/100|[from] item: Leftovers
|-heal|p2a: Rillaboom|8/100|[from] Grassy Terrain
|upkeep
|turn|4
|
|t:|1756415478
|switch|p2a: Pelipper|Pelipper, L50, F|100/100
|-weather|RainDance|[from] ability: Drizzle|[of] p2a: Pelipper
|move|p1a: Dondoctor|Order Up|p2a: Pelipper
|-damage|p2a: Pelipper|30/100
|-boost|p1a: Dondoctor|atk|1
|move|p2b: Archaludon|Dragon Pulse|p1a: Dondoctor
|-damage|p1a: Dondoctor|44/100
|
|-weather|RainDance|[upkeep]
|-heal|p1a: Dondoctor|50/100|[from] Grassy Terrain
|-heal|p1a: Dondoctor|56/100|[from] item: Leftovers
|upkeep
|turn|5
|
|t:|1756415488
|move|p1a: Dondoctor|Order Up|p2a: Pelipper
|-damage|p2a: Pelipper|0 fnt
|faint|p2a: Pelipper
|-boost|p1a: Dondoctor|atk|1
|move|p2b: Archaludon|Dragon Pulse|p1a: Dondoctor
|-damage|p1a: Dondoctor|35/100
|
|-weather|RainDance|[upkeep]
|-heal|p1a: Dondoctor|41/100|[from] Grassy Terrain
|-heal|p1a: Dondoctor|47/100|[from] item: Leftovers
|-fieldend|move: Grassy Terrain
|upkeep
|
|t:|1756415490
|switch|p2a: Rillaboom|Rillaboom, L50, M, tera:Water|8/100
|-fieldstart|move: Grassy Terrain|[from] ability: Grassy Surge|[of] p2a: Rillaboom
|turn|6
|
|t:|1756415498
|move|p1a: Dondoctor|Protect|p1a: Dondoctor
|-singleturn|p1a: Dondoctor|Protect
|move|p2a: Rillaboom|Bullet Seed|p1a: Dondoctor
|-activate|p1a: Dondoctor|move: Protect
|move|p2b: Archaludon|Dragon Pulse|p1a: Dondoctor
|-activate|p1a: Dondoctor|move: Protect
|
|-weather|RainDance|[upkeep]
|-heal|p1a: Dondoctor|53/100|[from] Grassy Terrain
|-heal|p1a: Dondoctor|58/100|[from] item: Leftovers
|-heal|p2a: Rillaboom|14/100|[from] Grassy Terrain
|upkeep
|turn|7
|
|t:|1756415512
|move|p2a: Rillaboom|Grassy Glide|p1a: Dondoctor
|-resisted|p1a: Dondoctor
|-damage|p1a: Dondoctor|52/100
|move|p1a: Dondoctor|Earthquake|p2b: Archaludon|[spread] p2a,p2b
|-miss|p1a: Dondoctor|p1b: The rock
|-supereffective|p2b: Archaludon
|-damage|p2a: Rillaboom|0 fnt
|-damage|p2b: Archaludon|47/100
|-ability|p2b: Archaludon|Stamina|boost
|-boost|p2b: Archaludon|def|1
|faint|p2a: Rillaboom
|move|p2b: Archaludon|Dragon Pulse|p1a: Dondoctor
|-damage|p1a: Dondoctor|31/100
|
|-weather|RainDance|[upkeep]
|-heal|p1a: Dondoctor|37/100|[from] Grassy Terrain
|-heal|p1a: Dondoctor|43/100|[from] item: Leftovers
|-heal|p2b: Archaludon|53/100|[from] Grassy Terrain
|upkeep
|turn|8
|j| buf51 golden era
|
|t:|1756415532
|move|p1a: Dondoctor|Wave Crash|p2b: Archaludon
|-resisted|p2b: Archaludon
|-damage|p2b: Archaludon|0 fnt
|faint|p2b: Archaludon
|-damage|p1a: Dondoctor|28/100|[from] Recoil
|
|win|buf47RIPMegaFlygon
|raw|buf47RIPMegaFlygon's rating: 1354 → 1371(+17 for winning)
|raw|edhen's rating: 1303 → 1286(-17 for losing)
