|j|☆DondozoPlease
|j|☆WILLIWONKINEITOR
|html|DondozoPleaseWILLIWONKINEITOR    
|uhtml|bestof|Game 1 of a best-of-3
|t:|1757687919
|gametype|doubles
|player|p1|DondozoPlease|101|1116
|player|p2|WILLIWONKINEITOR|102|1141
|gen|9
|tier|[Gen 9] VGC 2025 Reg H (Bo3)
|rated|
|rule|Species Clause: Limit one of each Pokémon
|rule|Item Clause: Limit 1 of each item
|clearpoke
|poke|p1|Jumpluff, L50, M|
|poke|p1|Torkoal, L50, F|
|poke|p1|Typhlosion-Hisui, L50, M|
|poke|p1|Garchomp, L50, M|
|poke|p1|Dragonite, L50, F|
|poke|p1|Kingambit, L50, M|
|poke|p2|Electabuzz, L50, M|
|poke|p2|Kingambit, L50, F|
|poke|p2|Basculegion, L50, M|
|poke|p2|Ninetales-Alola, L50, M|
|poke|p2|Rillaboom, L50, M|
|poke|p2|Kommo-o, L50, M|
|teampreview|4
|showteam|p1|Jumpluff||CovertCloak|Chlorophyll|LeafStorm,SleepPowder,Encore,Tailwind|||M|||50|,,,,,Poison]Torkoal||EjectPack|Drought|Overheat,BurningJealousy,HelpingHand,Protect|||F|||50|,,,,,Flying]Typhlosion-Hisui||ChoiceSpecs|Blaze|Eruption,ShadowBall,HeatWave,Flamethrower|||M|||50|,,,,,Fire]Garchomp||LifeOrb|RoughSkin|DragonClaw,StompingTantrum,Earthquake,Protect|||M|||50|,,,,,Steel]Dragonite||LoadedDice|Multiscale|ExtremeSpeed,ScaleShot,IceSpinner,Protect|||F|||50|,,,,,Fairy]Kingambit||AssaultVest|Defiant|IronHead,SuckerPunch,KowtowCleave,LowKick|||M|||50|,,,,,Flying
|showteam|p2|Electabuzz||Eviolite|VitalSpirit|Protect,Electroweb,Taunt,FollowMe|||M|||50|,,,,,Ghost]Kingambit||AssaultVest|Defiant|KowtowCleave,IronHead,SuckerPunch,LowKick|||F|||50|,,,,,Fire]Basculegion||ChoiceScarf|Adaptability|WaveCrash,LastRespects,AquaJet,FlipTurn|||M|||50|,,,,,Water]Ninetales-Alola||FocusSash|SnowWarning|Protect,Blizzard,AuroraVeil,Encore|||M|||50|,,,,,Ice]Rillaboom||MiracleSeed|GrassySurge|Protect,WoodHammer,GrassyGlide,FakeOut|||M|||50|,,,,,Grass]Kommo-o||ThroatSpray|Soundproof|Protect,ClangingScales,Flamethrower,ClangorousSoul|||M|||50|,,,,,Fire
|inactive|Battle timer is ON: inactive players will automatically lose when time's up. (requested by WILLIWONKINEITOR)
|
|t:|1757687958
|teamsize|p1|4
|teamsize|p2|4
|start
|switch|p1a: Jumpluff|Jumpluff, L50, M|100/100
|switch|p1b: Garchomp|Garchomp, L50, M, shiny|100/100
|switch|p2a: Basculegion|Basculegion, L50, M|100/100
|switch|p2b: Kommo-o|Kommo-o, L50, M|100/100
|turn|1
|inactive|WILLIWONKINEITOR has 30 seconds left.
|inactive|DondozoPlease has 30 seconds left.
|inactive|WILLIWONKINEITOR has 20 seconds left.
|inactive|DondozoPlease has 20 seconds left.
|
|t:|1757688003
|move|p2a: Basculegion|Flip Turn|p1a: Jumpluff
|-resisted|p1a: Jumpluff
|-damage|p1a: Jumpluff|75/100
|
|t:|1757688007
|switch|p2a: Rillaboom|Rillaboom, L50, M|100/100|[from] Flip Turn
|-fieldstart|move: Grassy Terrain|[from] ability: Grassy Surge|[of] p2a: Rillaboom
|move|p1a: Jumpluff|Tailwind|p1a: Jumpluff
|-sidestart|p1: DondozoPlease|move: Tailwind
|move|p1b: Garchomp|Earthquake|p2b: Kommo-o|[spread] p2a,p2b
|-immune|p1a: Jumpluff
|-resisted|p2a: Rillaboom
|-damage|p2a: Rillaboom|89/100
|-damage|p2b: Kommo-o|72/100
|-damage|p1b: Garchomp|91/100|[from] item: Life Orb
|move|p2b: Kommo-o|Clangorous Soul|p2b: Kommo-o
|-boost|p2b: Kommo-o|atk|1
|-boost|p2b: Kommo-o|def|1
|-boost|p2b: Kommo-o|spa|1
|-boost|p2b: Kommo-o|spd|1
|-boost|p2b: Kommo-o|spe|1
|-damage|p2b: Kommo-o|40/100
|-enditem|p2b: Kommo-o|Throat Spray
|-boost|p2b: Kommo-o|spa|1|[from] item: Throat Spray
|
|-heal|p1b: Garchomp|97/100|[from] Grassy Terrain
|-heal|p2b: Kommo-o|46/100|[from] Grassy Terrain
|-heal|p2a: Rillaboom|95/100|[from] Grassy Terrain
|upkeep
|turn|2
|inactive|WILLIWONKINEITOR has 30 seconds left.
|
|t:|1757688037
|switch|p1b: Typhlosion|Typhlosion-Hisui, L50, M, shiny|100/100
|move|p1a: Jumpluff|Encore|p2b: Kommo-o
|-start|p2b: Kommo-o|Encore
|move|p2b: Kommo-o|Clangorous Soul|p2b: Kommo-o
|-boost|p2b: Kommo-o|atk|1
|-boost|p2b: Kommo-o|def|1
|-boost|p2b: Kommo-o|spa|1
|-boost|p2b: Kommo-o|spd|1
|-boost|p2b: Kommo-o|spe|1
|-damage|p2b: Kommo-o|13/100
|move|p2a: Rillaboom|Wood Hammer|p1b: Typhlosion
|-resisted|p1b: Typhlosion
|-damage|p1b: Typhlosion|31/100
|-damage|p2a: Rillaboom|77/100|[from] Recoil
|
|-heal|p1b: Typhlosion|37/100|[from] Grassy Terrain
|-heal|p2b: Kommo-o|19/100|[from] Grassy Terrain
|-heal|p2a: Rillaboom|83/100|[from] Grassy Terrain
|upkeep
|turn|3
|inactive|WILLIWONKINEITOR has 30 seconds left.
|inactive|WILLIWONKINEITOR has 20 seconds left.
|inactive|WILLIWONKINEITOR has 15 seconds left.
|inactive|DondozoPlease has 30 seconds left.
|inactive|WILLIWONKINEITOR has 10 seconds left.
|inactive|WILLIWONKINEITOR has 5 seconds left.
|
|t:|1757688092
|switch|p1a: Torkoal|Torkoal, L50, F, shiny|100/100
|-weather|SunnyDay|[from] ability: Drought|[of] p1a: Torkoal
|move|p2a: Rillaboom|Protect|p2a: Rillaboom
|-singleturn|p2a: Rillaboom|Protect
|move|p1b: Typhlosion|Heat Wave|p2a: Rillaboom|[spread] p2b
|-activate|p2a: Rillaboom|move: Protect
|-resisted|p2b: Kommo-o
|-damage|p2b: Kommo-o|0 fnt
|faint|p2b: Kommo-o
|
|-weather|SunnyDay|[upkeep]
|-heal|p1b: Typhlosion|43/100|[from] Grassy Terrain
|-heal|p2a: Rillaboom|90/100|[from] Grassy Terrain
|upkeep
|
|t:|1757688104
|switch|p2b: Ninetales|Ninetales-Alola, L50, M|100/100
|-weather|Snowscape|[from] ability: Snow Warning|[of] p2b: Ninetales
|turn|4
|inactive|DondozoPlease has 30 seconds left.
|inactive|WILLIWONKINEITOR has 30 seconds left.
|inactive|WILLIWONKINEITOR has 20 seconds left.
|
|t:|1757688152
|switch|p1b: Jumpluff|Jumpluff, L50, M|75/100
|-terastallize|p2b: Ninetales|Ice
|move|p2b: Ninetales|Blizzard|p1a: Torkoal|[spread] p1a,p1b
|-resisted|p1a: Torkoal
|-supereffective|p1b: Jumpluff
|-damage|p1a: Torkoal|70/100
|-damage|p1b: Jumpluff|0 fnt
|faint|p1b: Jumpluff
|move|p2a: Rillaboom|Wood Hammer|p1a: Torkoal
|-resisted|p1a: Torkoal
|-damage|p1a: Torkoal|33/100
|-damage|p2a: Rillaboom|79/100|[from] Recoil
|move|p1a: Torkoal|Overheat|p2a: Rillaboom
|-supereffective|p2a: Rillaboom
|-damage|p2a: Rillaboom|0 fnt
|-unboost|p1a: Torkoal|spa|2
|faint|p2a: Rillaboom
|-enditem|p1a: Torkoal|Eject Pack
|
|t:|1757688177
|switch|p1a: Garchomp|Garchomp, L50, M, shiny|97/100
|
|-weather|Snowscape|[upkeep]
|-heal|p1a: Garchomp|100/100|[from] Grassy Terrain
|-sideend|p1: DondozoPlease|move: Tailwind
|upkeep
|
|t:|1757688182
|switch|p1b: Torkoal|Torkoal, L50, F, shiny|33/100
|switch|p2a: Basculegion|Basculegion, L50, M|100/100
|-weather|SunnyDay|[from] ability: Drought|[of] p1b: Torkoal
|turn|5
|
|t:|1757688198
|move|p1b: Torkoal|Helping Hand|p1a: Garchomp
|-singleturn|p1a: Garchomp|Helping Hand|[of] p1b: Torkoal
|move|p2a: Basculegion|Last Respects|p1a: Garchomp
|-damage|p1a: Garchomp|0 fnt
|faint|p1a: Garchomp
|move|p2b: Ninetales|Blizzard|p1b: Torkoal
|-resisted|p1b: Torkoal
|-damage|p1b: Torkoal|0 fnt
|faint|p1b: Torkoal
|
|-weather|SunnyDay|[upkeep]
|-fieldend|move: Grassy Terrain
|upkeep
|-message|DondozoPlease forfeited.
|
|win|WILLIWONKINEITOR
||DondozoPlease is ready for game 2.
