|j|☆Enanox28
|j|☆Aguwar
|html|Enanox28Aguwar    
|uhtml|bestof|Game 1 of a best-of-3
|t:|1785333118
|gametype|doubles
|player|p1|Enanox28|hilbert|
|player|p2|Aguwar|falkner|
|gen|9
|tier|[Gen 9 Champions] VGC 2026 Reg M-B (Bo3)
|rule|Species Clause: Limit one of each Pokémon
|rule|Item Clause: Limit 1 of each item
|clearpoke
|poke|p1|Whimsicott, L50, M|
|poke|p1|Charizard, L50, M|
|poke|p1|Kingambit, L50, M|
|poke|p1|Dragonite, L50, M|
|poke|p1|Venusaur, L50, M|
|poke|p1|Incineroar, L50, F|
|poke|p2|Charizard, L50, M|
|poke|p2|Metagross, L50|
|poke|p2|Sneasler, L50, M|
|poke|p2|Venusaur, L50, F|
|poke|p2|Ceruledge, L50, M|
|poke|p2|Torkoal, L50, M|
|teampreview|4
|showteam|p1|Whimsicott||FocusSash|Prankster|Protect,Moonblast,Tailwind,Encore|Bold||M|||50|]Charizard||CharizarditeY|SolarPower|HeatWave,WeatherBall,SolarBeam,Flamethrower|Timid||M|||50|]Kingambit||BlackGlasses|SupremeOverlord|KowtowCleave,LowKick,IronHead,SuckerPunch|Adamant||M|||50|]Dragonite||Dragoninite|Multiscale|ExtremeSpeed,Tailwind,ThunderPunch,Roost|Careful||M|||50|]Venusaur||LifeOrb|Overgrow|WeatherBall,SolarBeam,SludgeBomb,SleepPowder|Timid||M|||50|]Incineroar||Leftovers|Blaze|FakeOut,PartingShot,Protect,FirePunch|Careful||F|||50|
|showteam|p2|Charizard||CharizarditeY|SolarPower|HeatWave,AncientPower,WeatherBall,Protect|Timid||M|||50|]Metagross||Metagrossite|ClearBody|BrickBreak,RockTomb,IcePunch,Protect|Jolly|||||50|]Sneasler||WhiteHerb|Unburden|CloseCombat,RockTomb,Protect,FakeOut|Adamant||M|||50|]Venusaur||FocusSash|Chlorophyll|SleepPowder,SludgeBomb,EarthPower,Protect|Modest||F|||50|]Ceruledge||ColburBerry|FlashFire|BitterBlade,Poltergeist,DestinyBond,Protect|Jolly||M|||50|]Torkoal||Charcoal|Drought|Eruption,EarthPower,LavaPlume,Protect|Bold||M|||50|
|inactive|Battle timer is ON: inactive players will automatically lose when time's up. (requested by Aguwar)
|inactive|Enanox28 has 60 seconds left.
|inactive|Aguwar has 60 seconds left.
|inactive|Enanox28 has 30 seconds left.
|inactive|Enanox28 has 20 seconds left.
|
|t:|1785333190
|teamsize|p1|4
|teamsize|p2|4
|start
|switch|p1a: Dragonite|Dragonite, L50, M|100/100
|switch|p1b: Incineroar|Incineroar, L50, F|100/100
|switch|p2a: Zard|Charizard, L50, M|100/100
|switch|p2b: Toxin|Sneasler, L50, M|100/100
|turn|1
|inactive|Aguwar has 30 seconds left.
|inactive|Enanox28 has 30 seconds left.
|inactive|Aguwar has 20 seconds left.
|
|t:|1785333227
|detailschange|p1a: Dragonite|Dragonite-Mega, L50, M
|-mega|p1a: Dragonite|Dragonite|Dragoninite
|move|p2a: Zard|Protect|p2a: Zard
|-singleturn|p2a: Zard|Protect
|move|p1b: Incineroar|Protect|p1b: Incineroar
|-singleturn|p1b: Incineroar|Protect
|move|p2b: Toxin|Fake Out|p1b: Incineroar
|-activate|p1b: Incineroar|move: Protect
|move|p1a: Dragonite|Tailwind|p1a: Dragonite
|-sidestart|p1: Enanox28|move: Tailwind
|
|upkeep
|turn|2
|
|t:|1785333248
|switch|p1b: Charizard|Charizard, L50, M|100/100
|move|p1a: Dragonite|Thunder Punch|p2a: Zard
|-supereffective|p2a: Zard|1
|-damage|p2a: Zard|44/100
|move|p2b: Toxin|Close Combat|p1b: Charizard
|-resisted|p1b: Charizard|1
|-damage|p1b: Charizard|51/100
|-unboost|p2b: Toxin|def|1
|-unboost|p2b: Toxin|spd|1
|-enditem|p2b: Toxin|White Herb
|-clearnegativeboost|p2b: Toxin|[silent]
|move|p2a: Zard|Ancient Power|p1a: Dragonite
|-supereffective|p1a: Dragonite|1
|-damage|p1a: Dragonite|89/100
|
|upkeep
|turn|3
|inactive|Enanox28 has 30 seconds left.
|inactive|Enanox28 has 20 seconds left.
|inactive|Enanox28 has 15 seconds left.
|
|t:|1785333290
|switch|p1b: Kingambit|Kingambit, L50, M|100/100
|move|p2a: Zard|Protect|p2a: Zard
|-singleturn|p2a: Zard|Protect
|move|p2b: Toxin|Rock Tomb|p1b: Kingambit
|-resisted|p1b: Kingambit|1
|-damage|p1b: Kingambit|92/100
|-unboost|p1b: Kingambit|spe|1
|move|p1a: Dragonite|Thunder Punch|p2b: Toxin
|-damage|p2b: Toxin|63/100
|
|upkeep
|turn|4
|inactive|Enanox28 has 30 seconds left.
|inactive|Aguwar has 30 seconds left.
|
|t:|1785333324
|-end|p1b: Kingambit|fallenundefined|[silent]
|switch|p1b: Charizard|Charizard, L50, M|51/100
|move|p2b: Toxin|Close Combat|p1b: Charizard
|-resisted|p1b: Charizard|1
|-damage|p1b: Charizard|7/100
|-unboost|p2b: Toxin|def|1
|-unboost|p2b: Toxin|spd|1
|move|p1a: Dragonite|Thunder Punch|p2a: Zard
|-supereffective|p2a: Zard|1
|-damage|p2a: Zard|0 fnt
|faint|p2a: Zard
|
|-sideend|p1: Enanox28|move: Tailwind
|upkeep
|
|t:|1785333336
|switch|p2a: Mbappe|Torkoal, L50, M|100/100
|-weather|SunnyDay|[from] ability: Drought|[of] p2a: Mbappe
|turn|5
|
|t:|1785333353
|move|p2b: Toxin|Rock Tomb|p1a: Dragonite|[miss]
|-miss|p2b: Toxin|p1a: Dragonite
|move|p1b: Charizard|Heat Wave|p2b: Toxin|[spread] p2a
|-miss|p1b: Charizard|p2b: Toxin
|-resisted|p2a: Mbappe|1
|-damage|p2a: Mbappe|49/100
|move|p1a: Dragonite|Thunder Punch|p2b: Toxin
|-damage|p2b: Toxin|8/100
|move|p2a: Mbappe|Eruption|p1b: Charizard|[spread] p1a,p1b
|-resisted|p1a: Dragonite|1
|-resisted|p1b: Charizard|1
|-damage|p1a: Dragonite|77/100
|-damage|p1b: Charizard|0 fnt
|faint|p1b: Charizard
|
|-weather|SunnyDay|[upkeep]
|upkeep
|
|t:|1785333369
|switch|p1b: Incineroar|Incineroar, L50, F|100/100
|turn|6
|
|t:|1785333382
|move|p1b: Incineroar|Fake Out|p2b: Toxin
|-damage|p2b: Toxin|0 fnt
|faint|p2b: Toxin
|move|p1a: Dragonite|Thunder Punch|p2a: Mbappe
|-damage|p2a: Mbappe|35/100
|move|p2a: Mbappe|Earth Power|p1b: Incineroar
|-supereffective|p1b: Incineroar|1
|-damage|p1b: Incineroar|70/100
|
|-weather|SunnyDay|[upkeep]
|-heal|p1b: Incineroar|76/100|[from] item: Leftovers
|upkeep
|
|t:|1785333385
|switch|p2b: Grosso|Metagross, L50|100/100
|turn|7
|inactive|Enanox28 has 30 seconds left.
|
|t:|1785333410
|detailschange|p2b: Grosso|Metagross-Mega, L50
|-mega|p2b: Grosso|Metagross|Metagrossite
|move|p2b: Grosso|Brick Break|p1b: Incineroar
|-supereffective|p1b: Incineroar|1
|-damage|p1b: Incineroar|1/100
|move|p1a: Dragonite|Thunder Punch|p2a: Mbappe
|-damage|p2a: Mbappe|18/100
|move|p1b: Incineroar|Parting Shot|p2b: Grosso
|-unboost|p2b: Grosso|atk|1
|-unboost|p2b: Grosso|spa|1
|
|t:|1785333420
|switch|p1b: Kingambit|Kingambit, L50, M|92/100|[from] Parting Shot
|-activate|p1b: Kingambit|ability: Supreme Overlord
|-start|p1b: Kingambit|fallen1|[silent]
|move|p2a: Mbappe|Earth Power|p1b: Kingambit
|-supereffective|p1b: Kingambit|1
|-damage|p1b: Kingambit|43/100
|
|-weather|SunnyDay|[upkeep]
|upkeep
|turn|8
|
|t:|1785333436
|move|p1a: Dragonite|Extreme Speed|p2a: Mbappe
|-damage|p2a: Mbappe|3/100
|move|p1b: Kingambit|Sucker Punch|p2b: Grosso
|-supereffective|p2b: Grosso|1
|-damage|p2b: Grosso|15/100
|move|p2b: Grosso|Brick Break|p1b: Kingambit
|-supereffective|p1b: Kingambit|2
|-damage|p1b: Kingambit|0 fnt
|faint|p1b: Kingambit
|-end|p1b: Kingambit|fallen1|[silent]
|move|p2a: Mbappe|Lava Plume|p1a: Dragonite|[spread] p2b,p1a
|-supereffective|p2b: Grosso|1
|-resisted|p1a: Dragonite|1
|-damage|p2b: Grosso|0 fnt
|-damage|p1a: Dragonite|66/100
|faint|p2b: Grosso
|
|-weather|SunnyDay|[upkeep]
|upkeep
|inactiveoff|Battle timer is now OFF.
|c|☆Aguwar|Ah
|
|t:|1785333450
|switch|p1b: Incineroar|Incineroar, L50, F|1/100
|turn|9
|c|☆Aguwar|Y el forfeit
|-message|Aguwar forfeited.
|
|win|Enanox28
|c|☆Enanox28|joder con el dragonite
|c|☆Aguwar|lavdd
|l|☆Enanox28
|player|p1|
|l|☆Aguwar
|player|p2|
|j|☆Enanox28
|player|p1|Enanox28|hilbert|
|j|☆Aguwar
|player|p2|Aguwar|falkner|
