|j|☆toughlogvgc
|j|☆tyninja-1
|html|toughlogvgctyninja-1    
|uhtml|bestof|Game 3 of a best-of-3
|t:|1784399210
|gametype|doubles
|player|p1|toughlogvgc|2|1194
|player|p2|tyninja-1|ingo|1212
|gen|9
|tier|[Gen 9 Champions] VGC 2026 Reg M-B (Bo3)
|rated|
|rule|Species Clause: Limit one of each Pokémon
|rule|Item Clause: Limit 1 of each item
|clearpoke
|poke|p1|Charizard, L50, M|
|poke|p1|Garchomp, L50, M|
|poke|p1|Basculegion, L50, M|
|poke|p1|Whimsicott, L50, F|
|poke|p1|Kingambit, L50, F|
|poke|p1|Floette-Eternal, L50, F|
|poke|p2|Goodra-Hisui, L50, F, shiny|
|poke|p2|Incineroar, L50, M|
|poke|p2|Raichu, L50, M|
|poke|p2|Tsareena, L50, F|
|poke|p2|Basculegion, L50, M|
|poke|p2|Ninetales-Alola, L50, F|
|teampreview|4
|showteam|p1|Charizard||CharizarditeY|Blaze|HeatWave,SolarBeam,Protect,WeatherBall|Modest||M|||50|]Garchomp||LifeOrb|RoughSkin|DragonClaw,Earthquake,RockSlide,Protect|Jolly||M|||50|]Basculegion||ChoiceScarf|Adaptability|WaveCrash,AquaJet,FlipTurn,LastRespects|Adamant||M|||50|]Whimsicott||FocusSash|Prankster|Moonblast,Tailwind,Protect,Encore|Timid||F|||50|]Kingambit||BlackGlasses|Defiant|IronHead,KowtowCleave,Protect,SuckerPunch|Adamant||F|||50|]Floette-Eternal||Floettite|FlowerVeil|Moonblast,LightofRuin,DazzlingGleam,Protect|Modest||F|||50|
|showteam|p2|Goodra-Hisui||ShucaBerry|SapSipper|DracoMeteor,HeavySlam,DragonTail,Protect|Sassy||F|||50|]Incineroar||SitrusBerry|Intimidate|FakeOut,FlareBlitz,PartingShot,DarkestLariat|Impish||M|||50|]Raichu||RaichuniteY|LightningRod|ZapCannon,Protect,FakeOut,FocusBlast|Timid||M|||50|]Tsareena||OccaBerry|QueenlyMajesty|PetalBlizzard,TripleAxel,LowKick,Protect|Adamant||F|||50|]Basculegion||ChoiceScarf|Adaptability|AquaJet,WaveCrash,LastRespects,FlipTurn|Jolly||M|||50|]Ninetales-Alola||FocusSash|SnowWarning|Blizzard,Moonblast,FreezeDry,Protect|Timid||F|||50|
|inactive|Battle timer is ON: inactive players will automatically lose when time's up. (requested by tyninja-1)
|
|t:|1784399247
|teamsize|p1|4
|teamsize|p2|4
|start
|switch|p1a: Whimsicott|Whimsicott, L50, F|100/100
|switch|p1b: Charizard|Charizard, L50, M|100/100
|switch|p2a: Incineroar|Incineroar, L50, M|100/100
|switch|p2b: Tsareena|Tsareena, L50, F|100/100
|-ability|p2a: Incineroar|Intimidate|boost
|-unboost|p1a: Whimsicott|atk|1
|-unboost|p1b: Charizard|atk|1
|turn|1
|
|t:|1784399263
|move|p1a: Whimsicott|Protect|p1a: Whimsicott
|-singleturn|p1a: Whimsicott|Protect
|move|p1b: Charizard|Protect|p1b: Charizard
|-singleturn|p1b: Charizard|Protect
|move|p2a: Incineroar|Fake Out|p1b: Charizard
|-activate|p1b: Charizard|move: Protect
|move|p2b: Tsareena|Triple Axel|p1a: Whimsicott
|-activate|p1a: Whimsicott|move: Protect
|
|upkeep
|turn|2
|inactive|toughlogvgc has 30 seconds left.
|inactive|toughlogvgc has 20 seconds left.
|inactive|toughlogvgc has 15 seconds left.
|inactive|toughlogvgc has 10 seconds left.
|inactive|toughlogvgc has 5 seconds left.
|
|t:|1784399314
|detailschange|p1b: Charizard|Charizard-Mega-Y, L50, M
|-mega|p1b: Charizard|Charizard|Charizardite Y
|-weather|SunnyDay|[from] ability: Drought|[of] p1b: Charizard
|move|p2b: Tsareena|Protect|p2b: Tsareena
|-singleturn|p2b: Tsareena|Protect
|move|p1a: Whimsicott|Moonblast|p2b: Tsareena
|-activate|p2b: Tsareena|move: Protect
|move|p1b: Charizard|Heat Wave|p2b: Tsareena|[spread] p2a
|-activate|p2b: Tsareena|move: Protect
|-resisted|p2a: Incineroar|1
|-damage|p2a: Incineroar|74/100
|move|p2a: Incineroar|Parting Shot|p1b: Charizard
|-unboost|p1b: Charizard|atk|1
|-unboost|p1b: Charizard|spa|1
|
|t:|1784399330
|switch|p2a: Ninetales|Ninetales-Alola, L50, F|100/100|[from] Parting Shot
|-weather|Snowscape|[from] ability: Snow Warning|[of] p2a: Ninetales
|
|-weather|Snowscape|[upkeep]
|upkeep
|turn|3
|inactive|toughlogvgc has 30 seconds left.
|
|t:|1784399357
|move|p1a: Whimsicott|Moonblast|p2b: Tsareena
|-damage|p2b: Tsareena|60/100
|move|p2a: Ninetales|Blizzard|p1b: Charizard|[spread] p1a,p1b
|-supereffective|p1a: Whimsicott|1
|-enditem|p1a: Whimsicott|Focus Sash
|-damage|p1a: Whimsicott|1/100
|-damage|p1b: Charizard|69/100
|move|p1b: Charizard|Weather Ball|p2b: Tsareena
|-supereffective|p2b: Tsareena|1
|-damage|p2b: Tsareena|0 fnt
|faint|p2b: Tsareena
|
|-weather|Snowscape|[upkeep]
|upkeep
|
|t:|1784399370
|switch|p2b: Basculegion|Basculegion, L50, M|100/100
|turn|4
|
|t:|1784399390
|move|p1b: Charizard|Protect|p1b: Charizard
|-singleturn|p1b: Charizard|Protect
|move|p1a: Whimsicott|Tailwind|p1a: Whimsicott
|-sidestart|p1: toughlogvgc|move: Tailwind
|move|p2b: Basculegion|Last Respects|p1b: Charizard
|-activate|p1b: Charizard|move: Protect
|move|p2a: Ninetales|Blizzard|p1a: Whimsicott|[spread] p1a
|-activate|p1b: Charizard|move: Protect
|-supereffective|p1a: Whimsicott|1
|-damage|p1a: Whimsicott|0 fnt
|faint|p1a: Whimsicott
|
|-weather|Snowscape|[upkeep]
|upkeep
|
|t:|1784399405
|switch|p1a: Basculegion|Basculegion, L50, M|100/100
|turn|5
|
|t:|1784399427
|switch|p2b: Incineroar|Incineroar, L50, M|74/100
|-ability|p2b: Incineroar|Intimidate|boost
|-unboost|p1a: Basculegion|atk|1
|-unboost|p1b: Charizard|atk|1
|move|p1a: Basculegion|Last Respects|p2b: Incineroar
|-resisted|p2b: Incineroar|1
|-damage|p2b: Incineroar|56/100
|move|p1b: Charizard|Heat Wave|p2a: Ninetales|[spread] p2a,p2b
|-supereffective|p2a: Ninetales|1
|-resisted|p2b: Incineroar|1
|-damage|p2a: Ninetales|36/100
|-damage|p2b: Incineroar|45/100
|-enditem|p2b: Incineroar|Sitrus Berry|[eat]
|-heal|p2b: Incineroar|70/100|[from] item: Sitrus Berry
|move|p2a: Ninetales|Freeze-Dry|p1a: Basculegion
|-supereffective|p1a: Basculegion|1
|-crit|p1a: Basculegion
|-damage|p1a: Basculegion|14/100
|
|-weather|Snowscape|[upkeep]
|upkeep
|turn|6
|inactive|toughlogvgc has 30 seconds left.
|inactive|tyninja-1 has 30 seconds left.
|inactive|tyninja-1 has 20 seconds left.
|inactive|tyninja-1 has 15 seconds left.
|inactive|tyninja-1 has 10 seconds left.
|inactive|tyninja-1 has 5 seconds left.
|
|t:|1784399481
|switch|p1a: Kingambit|Kingambit, L50, F|100/100
|move|p2b: Incineroar|Fake Out|p1b: Charizard
|-damage|p1b: Charizard|58/100
|cant|p1b: Charizard|flinch
|move|p2a: Ninetales|Freeze-Dry|p1a: Kingambit
|-resisted|p1a: Kingambit|1
|-damage|p1a: Kingambit|86/100
|
|-weather|none
|upkeep
|turn|7
|
|t:|1784399503
|move|p1a: Kingambit|Protect|p1a: Kingambit
|-singleturn|p1a: Kingambit|Protect
|move|p1b: Charizard|Heat Wave|p2b: Incineroar|[spread] p2a,p2b
|-supereffective|p2a: Ninetales|1
|-resisted|p2b: Incineroar|1
|-damage|p2a: Ninetales|0 fnt
|-damage|p2b: Incineroar|58/100
|faint|p2a: Ninetales
|move|p2b: Incineroar|Flare Blitz|p1a: Kingambit
|-activate|p1a: Kingambit|move: Protect
|
|-sideend|p1: toughlogvgc|move: Tailwind
|upkeep
|
|t:|1784399508
|switch|p2a: Basculegion|Basculegion, L50, M|100/100
|turn|8
|
|t:|1784399529
|switch|p1b: Basculegion|Basculegion, L50, M|14/100
|move|p2a: Basculegion|Aqua Jet|p1b: Basculegion
|-resisted|p1b: Basculegion|1
|-damage|p1b: Basculegion|0 fnt
|faint|p1b: Basculegion
|move|p1a: Kingambit|Sucker Punch||[still]
|-fail|p1a: Kingambit
|move|p2b: Incineroar|Flare Blitz|p1a: Kingambit
|-supereffective|p1a: Kingambit|1
|-damage|p1a: Kingambit|16/100
|-damage|p2b: Incineroar|34/100|[from] Recoil
|
|upkeep
|
|t:|1784399543
|switch|p1b: Charizard|Charizard-Mega-Y, L50, M|58/100
|-weather|SunnyDay|[from] ability: Drought|[of] p1b: Charizard
|turn|9
|inactive|toughlogvgc has 30 seconds left.
|inactive|tyninja-1 has 30 seconds left.
|inactive|toughlogvgc has 20 seconds left.
|inactive|toughlogvgc has 15 seconds left.
|
|t:|1784399584
|move|p2a: Basculegion|Aqua Jet|p1b: Charizard
|-supereffective|p1b: Charizard|1
|-damage|p1b: Charizard|33/100
|move|p1b: Charizard|Weather Ball|p2b: Incineroar
|-resisted|p2b: Incineroar|1
|-damage|p2b: Incineroar|0 fnt
|faint|p2b: Incineroar
|move|p1a: Kingambit|Kowtow Cleave|p2a: Basculegion
|-supereffective|p2a: Basculegion|1
|-damage|p2a: Basculegion|0 fnt
|faint|p2a: Basculegion
|
|win|toughlogvgc
|raw|toughlogvgc's rating: 1194 → 1220(+26 for winning)
|raw|tyninja-1's rating: 1212 → 1186(-26 for losing)
|l|☆tyninja-1
|player|p2|
