|j|☆elmono11
|j|☆Alx072
|html|elmono11Alx072    
|uhtml|bestof|Game 1 of a best-of-3
|t:|1783881851
|gametype|doubles
|player|p1|elmono11|101|1088
|player|p2|Alx072|2|1000
|gen|9
|tier|[Gen 9 Champions] VGC 2026 Reg M-B (Bo3)
|rated|
|rule|Species Clause: Limit one of each Pokémon
|rule|Item Clause: Limit 1 of each item
|clearpoke
|poke|p1|Blaziken, L50, F|
|poke|p1|Venusaur, L50, F|
|poke|p1|Ninetales-Alola, L50, M|
|poke|p1|Lycanroc-Dusk, L50, M|
|poke|p1|Kingambit, L50, M|
|poke|p1|Basculegion, L50, M|
|poke|p2|Gardevoir, L50, M|
|poke|p2|Kingambit, L50, M|
|poke|p2|Tyranitar, L50, M|
|poke|p2|Garchomp, L50, M|
|poke|p2|Kommo-o, L50, F|
|poke|p2|Corviknight, L50, F|
|teampreview|4
|showteam|p1|Blaziken||Blazikenite|SpeedBoost|CloseCombat,FlareBlitz,StoneEdge,Detect|Adamant||F|||50|]Venusaur||Venusaurite|Chlorophyll|GigaDrain,SludgeBomb,EarthPower,Protect|Modest||F|||50|]Ninetales-Alola||NeverMeltIce|SnowWarning|Blizzard,FreezeDry,Encore,Protect|Timid||M|||50|]Lycanroc-Dusk||FocusSash|ToughClaws|Accelerock,RockSlide,CloseCombat,Protect|Adamant||M|||50|]Kingambit||LifeOrb|Defiant|KowtowCleave,SuckerPunch,IronHead,Protect|Adamant||M|||50|]Basculegion||ChoiceScarf|Adaptability|WaveCrash,LastRespects,FlipTurn,AquaJet|Jolly||M|||50|
|showteam|p2|Gardevoir||Gardevoirite|Trace|HyperVoice,Psychic,Protect,AuraSphere|Timid||M|||50|]Kingambit||LifeOrb|Defiant|SuckerPunch,KowtowCleave,IronHead,LowKick|Adamant||M|||50|]Tyranitar||SitrusBerry|SandStream|KnockOff,RockSlide,Earthquake,FirePunch|Adamant||M|||50|]Garchomp||ChoiceScarf|RoughSkin|Earthquake,RockSlide,DragonClaw,IronHead|Jolly||M|||50|]Kommo-o||MentalHerb|Soundproof|DragonClaw,DrainPunch,PoisonJab,Protect|Jolly||F|||50|]Corviknight||Leftovers|MirrorArmor|BodyPress,IronHead,BulkUp,Roost|Careful||F|||50|
|inactive|Battle timer is ON: inactive players will automatically lose when time's up. (requested by elmono11)
|inactive|elmono11 has 60 seconds left.
|
|t:|1783881967
|teamsize|p1|4
|teamsize|p2|4
|start
|switch|p1a: Venusaur|Venusaur, L50, F|100/100
|switch|p1b: Lycanroc|Lycanroc-Dusk, L50, M|100/100
|switch|p2a: Gardevoir|Gardevoir, L50, M|100/100
|switch|p2b: Kingambit|Kingambit, L50, M|100/100
|-ability|p2a: Gardevoir|Chlorophyll|Trace|[from] ability: Trace|[of] p1a: Venusaur
|turn|1
|
|t:|1783881990
|detailschange|p2a: Gardevoir|Gardevoir-Mega, L50, M
|-mega|p2a: Gardevoir|Gardevoir|Gardevoirite
|detailschange|p1a: Venusaur|Venusaur-Mega, L50, F
|-mega|p1a: Venusaur|Venusaur|Venusaurite
|move|p2a: Gardevoir|Protect|p2a: Gardevoir
|-singleturn|p2a: Gardevoir|Protect
|move|p2b: Kingambit|Sucker Punch|p1b: Lycanroc
|-damage|p1b: Lycanroc|16/100
|-damage|p2b: Kingambit|90/100|[from] item: Life Orb
|move|p1b: Lycanroc|Close Combat|p2b: Kingambit
|-supereffective|p2b: Kingambit|2
|-damage|p2b: Kingambit|0 fnt
|-unboost|p1b: Lycanroc|def|1
|-unboost|p1b: Lycanroc|spd|1
|faint|p2b: Kingambit
|move|p1a: Venusaur|Sludge Bomb|p2a: Gardevoir
|-activate|p2a: Gardevoir|move: Protect
|
|upkeep
|
|t:|1783882007
|switch|p2b: Tyranitar|Tyranitar, L50, M|100/100
|-weather|Sandstorm|[from] ability: Sand Stream|[of] p2b: Tyranitar
|turn|2
|
|t:|1783882026
|switch|p2a: Corviknight|Corviknight, L50, F|100/100
|move|p1b: Lycanroc|Protect|p1b: Lycanroc
|-singleturn|p1b: Lycanroc|Protect
|move|p1a: Venusaur|Sludge Bomb|p2a: Corviknight
|-immune|p2a: Corviknight
|move|p2b: Tyranitar|Earthquake|p1a: Venusaur|[spread] p1a
|-activate|p1b: Lycanroc|move: Protect
|-immune|p2a: Corviknight
|-damage|p1a: Venusaur|74/100
|
|-weather|Sandstorm|[upkeep]
|-damage|p1a: Venusaur|68/100|[from] Sandstorm
|upkeep
|turn|3
|
|t:|1783882045
|switch|p1a: Blaziken|Blaziken, L50, F|100/100
|move|p1b: Lycanroc|Close Combat|p2b: Tyranitar
|-supereffective|p2b: Tyranitar|2
|-damage|p2b: Tyranitar|0 fnt
|-unboost|p1b: Lycanroc|def|1
|-unboost|p1b: Lycanroc|spd|1
|faint|p2b: Tyranitar
|move|p2a: Corviknight|Bulk Up|p2a: Corviknight
|-boost|p2a: Corviknight|atk|1
|-boost|p2a: Corviknight|def|1
|
|-weather|Sandstorm|[upkeep]
|-damage|p1a: Blaziken|94/100|[from] Sandstorm
|upkeep
|
|t:|1783882058
|switch|p2b: Gardevoir|Gardevoir-Mega, L50, M|100/100
|turn|4
|
|t:|1783882068
|move|p1a: Blaziken|Detect|p1a: Blaziken
|-singleturn|p1a: Blaziken|Protect
|move|p1b: Lycanroc|Accelerock|p2b: Gardevoir
|-damage|p2b: Gardevoir|50/100g
|move|p2b: Gardevoir|Hyper Voice|p1a: Blaziken|[spread] p1b
|-activate|p1a: Blaziken|move: Protect
|-damage|p1b: Lycanroc|0 fnt
|faint|p1b: Lycanroc
|move|p2a: Corviknight|Bulk Up|p2a: Corviknight
|-boost|p2a: Corviknight|atk|1
|-boost|p2a: Corviknight|def|1
|
|-weather|Sandstorm|[upkeep]
|-damage|p2b: Gardevoir|44/100|[from] Sandstorm
|-damage|p1a: Blaziken|88/100|[from] Sandstorm
|-ability|p1a: Blaziken|Speed Boost|boost
|-boost|p1a: Blaziken|spe|1
|upkeep
|
|t:|1783882080
|switch|p1b: Ninetales|Ninetales-Alola, L50, M|100/100
|-weather|Snowscape|[from] ability: Snow Warning|[of] p1b: Ninetales
|turn|5
|
|t:|1783882094
|move|p1a: Blaziken|Flare Blitz|p2b: Gardevoir
|-damage|p2b: Gardevoir|0 fnt
|faint|p2b: Gardevoir
|-damage|p1a: Blaziken|75/100|[from] Recoil
|move|p1b: Ninetales|Encore|p2a: Corviknight
|-start|p2a: Corviknight|Encore
|move|p2a: Corviknight|Bulk Up|p2a: Corviknight
|-boost|p2a: Corviknight|atk|1
|-boost|p2a: Corviknight|def|1
|
|-weather|Snowscape|[upkeep]
|-ability|p1a: Blaziken|Speed Boost|boost
|-boost|p1a: Blaziken|spe|1
|upkeep
|turn|6
|-message|Alx072 forfeited.
|
|win|elmono11
