|j|☆renkinex
|j|☆DonFragueta
|html|renkinexDonFragueta    
|uhtml|bestof|Game 1 of a best-of-3
|t:|1756659717
|gametype|doubles
|player|p1|renkinex|skyla|
|player|p2|DonFragueta|lance|
|gen|9
|tier|[Gen 9] VGC 2025 Reg H (Bo3)
|rule|Species Clause: Limit one of each Pokémon
|rule|Item Clause: Limit 1 of each item
|clearpoke
|poke|p1|Dragonite, L50, M|
|poke|p1|Volcarona, L50, F|
|poke|p1|Sneasler, L50, M|
|poke|p1|Rillaboom, L50, M|
|poke|p1|Electabuzz, L50, M|
|poke|p1|Kingambit, L50, M|
|poke|p2|Sneasler, L50, F|
|poke|p2|Ceruledge, L50, M|
|poke|p2|Dragonite, L50, F|
|poke|p2|Gastrodon, L50, M|
|poke|p2|Kingambit, L50, F|
|poke|p2|Rillaboom, L50, F|
|teampreview|4
|showteam|p1|Dragonite||LoadedDice|Multiscale|ScaleShot,ExtremeSpeed,Haze,Protect|||M|||50|,,,,,Fairy]Volcarona||CovertCloak|FlameBody|HeatWave,TeraBlast,QuiverDance,Protect|||F|||50|,,,,,Fairy]Sneasler||FocusSash|Unburden|CloseCombat,DireClaw,Coaching,FakeOut|||M|||50|,,,,,Ghost]Rillaboom||MiracleSeed|GrassySurge|WoodHammer,GrassyGlide,HighHorsepower,FakeOut|||M|||50|,,,,,Fire]Electabuzz||Eviolite|VitalSpirit|Thunderbolt,FollowMe,Taunt,Protect|||M|||50|,,,,,Dragon]Kingambit||AssaultVest|Defiant|KowtowCleave,SuckerPunch,IronHead,TeraBlast|||M|||50|,,,,,Flying
|showteam|p2|Sneasler||FocusSash|Unburden|CloseCombat,DireClaw,Coaching,FakeOut|||F|||50|,,,,,Ghost]Ceruledge||Leftovers|FlashFire|Protect,BitterBlade,ShadowSneak,BulkUp|||M|||50|,,,,,Grass]Dragonite||LoadedDice|Multiscale|Protect,ScaleShot,LowKick,ExtremeSpeed|||F|||50|,,,,,Fairy]Gastrodon||SitrusBerry|StormDrain|Protect,EarthPower,IceBeam,ClearSmog|||M|||50|,,,,,Flying]Kingambit||AssaultVest|Defiant|KowtowCleave,SuckerPunch,IronHead,TeraBlast|||F|||50|,,,,,Flying]Rillaboom||MiracleSeed|GrassySurge|WoodHammer,GrassyGlide,HighHorsepower,FakeOut|||F|||50|,,,,,Fire
|j| shrometh
|j| Matyel2030
|j| zeepel
|j| LiebesleidVGC
|j| ingeniero tapion
|l| zeepel
|j| zeepel
|j| TTL Sann♡
|l| Matyel2030
|j| Matyel2030
|inactive|Battle timer is ON: inactive players will automatically lose when time's up. (requested by DonFragueta)
|j| sprinicki
|inactive|renkinex has 60 seconds left.
|
|t:|1756659870
|teamsize|p1|4
|teamsize|p2|4
|start
|switch|p1a: Sneasler|Sneasler, L50, M|100/100
|switch|p1b: Kingambit|Kingambit, L50, M|100/100
|switch|p2a: Sneasler|Sneasler, L50, F|100/100
|switch|p2b: Kingambit|Kingambit, L50, F|100/100
|turn|1
|j| Masi912
|inactive|renkinex has 30 seconds left.
|inactive|DonFragueta has 30 seconds left.
|inactive|renkinex has 20 seconds left.
|inactive|renkinex has 15 seconds left.
|inactive|renkinex has 10 seconds left.
|
|t:|1756659918
|-terastallize|p2b: Kingambit|Flying
|-terastallize|p1b: Kingambit|Flying
|move|p2a: Sneasler|Fake Out|p1a: Sneasler
|-damage|p1a: Sneasler|77/100
|cant|p1a: Sneasler|flinch
|move|p2b: Kingambit|Tera Blast|p1a: Sneasler|[anim] Tera Blast Flying
|-supereffective|p1a: Sneasler
|-damage|p1a: Sneasler|0 fnt
|faint|p1a: Sneasler
|move|p1b: Kingambit|Iron Head|p2a: Sneasler
|-damage|p2a: Sneasler|21/100
|
|upkeep
|l| Matyel2030
|inactive|renkinex has 30 seconds left.
|
|t:|1756659945
|switch|p1a: Electabuzz|Electabuzz, L50, M|100/100
|turn|2
|j| Matyel2030
|inactive|DonFragueta has 30 seconds left.
|
|t:|1756659976
|move|p1a: Electabuzz|Follow Me|p1a: Electabuzz
|-singleturn|p1a: Electabuzz|move: Follow Me
|move|p2a: Sneasler|Dire Claw|p1a: Electabuzz
|-damage|p1a: Electabuzz|67/100
|move|p2b: Kingambit|Kowtow Cleave|p1a: Electabuzz
|-damage|p1a: Electabuzz|28/100
|move|p1b: Kingambit|Kowtow Cleave|p2a: Sneasler
|-resisted|p2a: Sneasler
|-damage|p2a: Sneasler|0 fnt
|faint|p2a: Sneasler
|
|upkeep
|
|t:|1756659989
|switch|p2a: Ceruledge|Ceruledge, L50, M|100/100
|turn|3
|
|t:|1756660007
|move|p2a: Ceruledge|Protect|p2a: Ceruledge
|-singleturn|p2a: Ceruledge|Protect
|move|p1a: Electabuzz|Taunt|p2a: Ceruledge
|-activate|p2a: Ceruledge|move: Protect
|move|p2b: Kingambit|Kowtow Cleave|p1a: Electabuzz
|-damage|p1a: Electabuzz|0 fnt
|faint|p1a: Electabuzz
|move|p1b: Kingambit|Kowtow Cleave|p2b: Kingambit
|-damage|p2b: Kingambit|64/100
|
|upkeep
|
|t:|1756660019
|switch|p1a: Dragonite|Dragonite, L50, M|100/100
|turn|4
|inactive|renkinex has 30 seconds left.
|inactive|DonFragueta has 30 seconds left.
|inactive|renkinex has 20 seconds left.
|inactive|DonFragueta has 20 seconds left.
|inactive|renkinex has 15 seconds left.
|
|t:|1756660063
|move|p2a: Ceruledge|Shadow Sneak|p1a: Dragonite
|-damage|p1a: Dragonite|90/100
|move|p1a: Dragonite|Scale Shot|p2a: Ceruledge
|-damage|p2a: Ceruledge|82/100
|-damage|p2a: Ceruledge|64/100
|-damage|p2a: Ceruledge|47/100
|-damage|p2a: Ceruledge|28/100
|-damage|p2a: Ceruledge|10/100
|-hitcount|p2a: Ceruledge|5
|-unboost|p1a: Dragonite|def|1
|-boost|p1a: Dragonite|spe|1
|move|p2b: Kingambit|Kowtow Cleave|p1b: Kingambit
|-damage|p1b: Kingambit|67/100
|move|p1b: Kingambit|Kowtow Cleave|p2a: Ceruledge
|-supereffective|p2a: Ceruledge
|-damage|p2a: Ceruledge|0 fnt
|faint|p2a: Ceruledge
|
|upkeep
|
|t:|1756660079
|switch|p2a: Gastrodon|Gastrodon, L50, M|100/100
|turn|5
|inactive|renkinex has 30 seconds left.
|j| calymaster
|
|t:|1756660111
|move|p1b: Kingambit|Sucker Punch|p2a: Gastrodon
|-damage|p2a: Gastrodon|65/100
|move|p1a: Dragonite|Scale Shot|p2a: Gastrodon
|-damage|p2a: Gastrodon|50/100
|-enditem|p2a: Gastrodon|Sitrus Berry|[eat]
|-heal|p2a: Gastrodon|74/100|[from] item: Sitrus Berry
|-damage|p2a: Gastrodon|61/100
|-damage|p2a: Gastrodon|46/100
|-damage|p2a: Gastrodon|32/100
|-damage|p2a: Gastrodon|17/100
|-hitcount|p2a: Gastrodon|5
|-unboost|p1a: Dragonite|def|1
|-boost|p1a: Dragonite|spe|1
|move|p2b: Kingambit|Kowtow Cleave|p1b: Kingambit
|-damage|p1b: Kingambit|29/100
|move|p2a: Gastrodon|Ice Beam|p1b: Kingambit
|-supereffective|p1b: Kingambit
|-damage|p1b: Kingambit|0 fnt
|faint|p1b: Kingambit
|
|upkeep
|turn|6
|inactive|DonFragueta has 30 seconds left.
|
|t:|1756660137
|move|p1a: Dragonite|Protect|p1a: Dragonite
|-singleturn|p1a: Dragonite|Protect
|move|p2b: Kingambit|Kowtow Cleave|p1a: Dragonite
|-activate|p1a: Dragonite|move: Protect
|move|p2a: Gastrodon|Ice Beam|p1a: Dragonite
|-activate|p1a: Dragonite|move: Protect
|
|upkeep
|turn|7
|
|t:|1756660151
|move|p1a: Dragonite|Extreme Speed|p2a: Gastrodon
|-damage|p2a: Gastrodon|0 fnt
|faint|p2a: Gastrodon
|move|p2b: Kingambit|Kowtow Cleave|p1a: Dragonite
|-damage|p1a: Dragonite|0 fnt
|faint|p1a: Dragonite
|
|win|DonFragueta
||DonFragueta is ready for game 2.
|inactive|renkinex has 30 seconds to confirm battle start!
||renkinex is ready for game 2.
|uhtml|next|Next: Game 2 of 3
|l| sprinicki
|l| Matyel2030
|l| ingeniero tapion
|l| zeepel
|l| shrometh
|j| simiusblack
|l| TTL Sann♡
|l| calymaster
|l| LiebesleidVGC
