|j|☆yinobo
|j|☆h0000n
|html|yinoboh0000n    
|uhtml|bestof|Game 1 of a best-of-3
|t:|1784916535
|gametype|doubles
|player|p1|yinobo|lucas|1160
|player|p2|h0000n|hoopster|1093
|gen|9
|tier|[Gen 9 Champions] VGC 2026 Reg M-B (Bo3)
|rated|
|rule|Species Clause: Limit one of each Pokémon
|rule|Item Clause: Limit 1 of each item
|clearpoke
|poke|p1|Charizard, L50, M, shiny|
|poke|p1|Garchomp, L50, M, shiny|
|poke|p1|Sylveon, L50, M, shiny|
|poke|p1|Incineroar, L50, M, shiny|
|poke|p1|Toxapex, L50, F, shiny|
|poke|p1|Venusaur, L50, M, shiny|
|poke|p2|Sneasler, L50, M|
|poke|p2|Sinistcha, L50|
|poke|p2|Primarina, L50, M|
|poke|p2|Incineroar, L50, F|
|poke|p2|Aerodactyl, L50, M|
|poke|p2|Froslass, L50, F|
|teampreview|4
|showteam|p1|Charizard||CharizarditeY|SolarPower|Protect,WeatherBall,AncientPower,HeatWave|Modest||M|||50|]Garchomp||ChoiceScarf|RoughSkin|StompingTantrum,RockSlide,Earthquake,DragonClaw|Adamant||M|||50|]Sylveon||FairyFeather|Pixilate|Detect,Yawn,QuickAttack,HyperVoice|Modest||M|||50|]Incineroar||SitrusBerry|Intimidate|FlareBlitz,PartingShot,DarkestLariat,FakeOut|Impish||M|||50|]Toxapex||Leftovers|Regenerator|BanefulBunker,WideGuard,Toxic,Infestation|Bold||F|||50|]Venusaur||LifeOrb|Chlorophyll|Protect,EarthPower,SludgeBomb,LeafStorm|Modest||M|||50|
|showteam|p2|Sneasler||WhiteHerb|Unburden|FakeOut,DireClaw,CloseCombat,Coaching|Adamant||M|||50|]Sinistcha||CobaBerry|Hospitality|TrickRoom,MatchaGotcha,ShadowBall,RagePowder|Quiet|||||50|]Primarina||SitrusBerry|LiquidVoice|CalmMind,HyperVoice,DazzlingGleam,Protect|Modest||M|||50|]Incineroar||Leftovers|Intimidate|FakeOut,FlareBlitz,PartingShot,DarkestLariat|Adamant||F|||50|]Aerodactyl||Aerodactylite|Unnerve|RockSlide,Tailwind,Protect,DualWingbeat|Jolly||M|||50|]Froslass||Froslassite|CursedBody|Blizzard,ShadowBall,Protect,AuroraVeil|Timid||F|||50|
|inactive|Battle timer is ON: inactive players will automatically lose when time's up. (requested by yinobo)
|inactive|yinobo has 60 seconds left.
|inactive|h0000n has 60 seconds left.
|inactive|yinobo has 30 seconds left.
|inactive|yinobo has 20 seconds left.
|inactive|yinobo has 15 seconds left.
|inactive|yinobo has 10 seconds left.
|inactive|yinobo has 5 seconds left.
|
|t:|1784916626
|teamsize|p1|4
|teamsize|p2|4
|start
|switch|p1a: Charizard|Charizard, L50, M, shiny|100/100
|switch|p1b: Garchomp|Garchomp, L50, M, shiny|100/100
|switch|p2a: Incineroar|Incineroar, L50, F|100/100
|switch|p2b: Aerodactyl|Aerodactyl, L50, M|100/100
|-ability|p2b: Aerodactyl|Unnerve
|-ability|p2a: Incineroar|Intimidate|boost
|-unboost|p1a: Charizard|atk|1
|-unboost|p1b: Garchomp|atk|1
|turn|1
|inactive|yinobo has 30 seconds left.
|inactive|yinobo has 20 seconds left.
|inactive|yinobo has 15 seconds left.
|
|t:|1784916666
|switch|p1a: Incineroar|Incineroar, L50, M, shiny|100/100
|-ability|p1a: Incineroar|Intimidate|boost
|-unboost|p2a: Incineroar|atk|1
|-unboost|p2b: Aerodactyl|atk|1
|move|p2a: Incineroar|Fake Out|p1b: Garchomp
|-crit|p1b: Garchomp
|-damage|p1b: Garchomp|78/100
|-damage|p2a: Incineroar|87/100|[from] ability: Rough Skin|[of] p1b: Garchomp
|cant|p1b: Garchomp|flinch
|move|p2b: Aerodactyl|Tailwind|p2b: Aerodactyl
|-sidestart|p2: h0000n|move: Tailwind
|
|-heal|p2a: Incineroar|93/100|[from] item: Leftovers
|upkeep
|turn|2
|inactive|yinobo has 30 seconds left.
|inactive|h0000n has 30 seconds left.
|inactive|yinobo has 20 seconds left.
|inactive|h0000n has 20 seconds left.
|inactive|yinobo has 15 seconds left.
|inactive|h0000n has 15 seconds left.
|
|t:|1784916714
|move|p2b: Aerodactyl|Protect|p2b: Aerodactyl
|-singleturn|p2b: Aerodactyl|Protect
|move|p1a: Incineroar|Fake Out|p2b: Aerodactyl
|-activate|p2b: Aerodactyl|move: Protect
|move|p1b: Garchomp|Stomping Tantrum|p2a: Incineroar
|-supereffective|p2a: Incineroar|1
|-damage|p2a: Incineroar|0 fnt
|faint|p2a: Incineroar
|
|upkeep
|
|t:|1784916722
|switch|p2a: Froslass|Froslass, L50, F|100/100
|turn|3
|
|t:|1784916732
|switch|p1b: Sylveon|Sylveon, L50, M, shiny|100/100
|detailschange|p2a: Froslass|Froslass-Mega, L50, F
|-mega|p2a: Froslass|Froslass|Froslassite
|-weather|Snowscape|[from] ability: Snow Warning|[of] p2a: Froslass
|move|p2b: Aerodactyl|Rock Slide|p1a: Incineroar|[spread] p1a
|-miss|p2b: Aerodactyl|p1b: Sylveon
|-supereffective|p1a: Incineroar|1
|-damage|p1a: Incineroar|73/100
|move|p2a: Froslass|Aurora Veil|p2a: Froslass
|-sidestart|p2: h0000n|move: Aurora Veil
|cant|p1a: Incineroar|flinch
|
|-weather|Snowscape|[upkeep]
|upkeep
|turn|4
|
|t:|1784916754
|move|p1b: Sylveon|Detect|p1b: Sylveon
|-singleturn|p1b: Sylveon|Protect
|move|p2b: Aerodactyl|Rock Slide|p1b: Sylveon|[spread] p1a
|-activate|p1b: Sylveon|move: Protect
|-supereffective|p1a: Incineroar|1
|-damage|p1a: Incineroar|46/100
|move|p2a: Froslass|Blizzard|p1b: Sylveon|[spread] p1a
|-activate|p1b: Sylveon|move: Protect
|-resisted|p1a: Incineroar|1
|-damage|p1a: Incineroar|27/100
|move|p1a: Incineroar|Parting Shot|p2a: Froslass
|-unboost|p2a: Froslass|atk|1
|-unboost|p2a: Froslass|spa|1
|
|t:|1784916768
|switch|p1a: Charizard|Charizard, L50, M, shiny|100/100|[from] Parting Shot
|
|-weather|Snowscape|[upkeep]
|-sideend|p2: h0000n|move: Tailwind
|upkeep
|turn|5
|
|t:|1784916780
|switch|p2a: Sneasler|Sneasler, L50, M|100/100
|move|p1a: Charizard|Protect|p1a: Charizard
|-singleturn|p1a: Charizard|Protect
|move|p2b: Aerodactyl|Dual Wingbeat|p1b: Sylveon
|-damage|p1b: Sylveon|87/100
|-damage|p1b: Sylveon|76/100
|-hitcount|p1b: Sylveon|2
|move|p1b: Sylveon|Hyper Voice|p2a: Sneasler|[spread] p2a,p2b
|-damage|p2a: Sneasler|58/100
|-damage|p2b: Aerodactyl|58/100
|
|-weather|Snowscape|[upkeep]
|upkeep
|turn|6
|inactive|yinobo has 30 seconds left.
|inactive|yinobo has 20 seconds left.
|inactive|yinobo has 15 seconds left.
|inactive|yinobo has 10 seconds left.
|
|t:|1784916827
|switch|p1b: Incineroar|Incineroar, L50, M, shiny|27/100
|-ability|p1b: Incineroar|Intimidate|boost
|-unboost|p2a: Sneasler|atk|1
|-unboost|p2b: Aerodactyl|atk|1
|-enditem|p2a: Sneasler|White Herb
|-clearnegativeboost|p2a: Sneasler|[silent]
|move|p2a: Sneasler|Fake Out|p1a: Charizard
|-damage|p1a: Charizard|84/100
|move|p2b: Aerodactyl|Tailwind|p2b: Aerodactyl
|-sidestart|p2: h0000n|move: Tailwind
|cant|p1a: Charizard|flinch
|
|-weather|Snowscape|[upkeep]
|upkeep
|turn|7
|inactive|yinobo has 30 seconds left.
|
|t:|1784916853
|switch|p2b: Froslass|Froslass-Mega, L50, F|100/100
|-enditem|p1b: Incineroar|Sitrus Berry|[eat]
|-heal|p1b: Incineroar|51/100|[from] item: Sitrus Berry
|detailschange|p1a: Charizard|Charizard-Mega-Y, L50, M, shiny
|-mega|p1a: Charizard|Charizard|Charizardite Y
|-weather|SunnyDay|[from] ability: Drought|[of] p1a: Charizard
|move|p1b: Incineroar|Fake Out|p2b: Froslass
|-immune|p2b: Froslass
|move|p2a: Sneasler|Close Combat|p1b: Incineroar
|-supereffective|p1b: Incineroar|1
|-damage|p1b: Incineroar|0 fnt
|-unboost|p2a: Sneasler|def|1
|-unboost|p2a: Sneasler|spd|1
|faint|p1b: Incineroar
|move|p1a: Charizard|Weather Ball|p2a: Sneasler
|-damage|p2a: Sneasler|0 fnt
|faint|p2a: Sneasler
|
|-weather|SunnyDay|[upkeep]
|-sideend|p2: h0000n|move: Aurora Veil
|upkeep
|
|t:|1784916876
|switch|p2a: Aerodactyl|Aerodactyl, L50, M|58/100
|switch|p1b: Sylveon|Sylveon, L50, M, shiny|76/100
|-ability|p2a: Aerodactyl|Unnerve
|turn|8
|
|t:|1784916894
|switch|p1a: Garchomp|Garchomp, L50, M, shiny|78/100
|move|p2a: Aerodactyl|Rock Slide|p1b: Sylveon|[spread] p1a
|-miss|p2a: Aerodactyl|p1b: Sylveon
|-resisted|p1a: Garchomp|1
|-damage|p1a: Garchomp|65/100
|move|p2b: Froslass|Shadow Ball|p1b: Sylveon
|-damage|p1b: Sylveon|41/100
|move|p1b: Sylveon|Hyper Voice|p2a: Aerodactyl|[spread] p2a,p2b
|-damage|p2a: Aerodactyl|1/100
|-damage|p2b: Froslass|46/100
|
|-weather|SunnyDay|[upkeep]
|upkeep
|turn|9
|inactive|yinobo has 30 seconds left.
|
|t:|1784916922
|move|p1b: Sylveon|Quick Attack|p2a: Aerodactyl
|-damage|p2a: Aerodactyl|0 fnt
|faint|p2a: Aerodactyl
|move|p2b: Froslass|Blizzard|p1b: Sylveon|[spread] 
|-miss|p2b: Froslass|p1a: Garchomp
|-miss|p2b: Froslass|p1b: Sylveon
|move|p1a: Garchomp|Rock Slide|p2b: Froslass
|-supereffective|p2b: Froslass|1
|-damage|p2b: Froslass|0 fnt
|faint|p2b: Froslass
|
|win|yinobo
||h0000n is ready for game 2.
|inactive|yinobo has 30 seconds to confirm battle start!
|l|☆h0000n
|player|p2|
||yinobo is ready for game 2.
|uhtml|next|Next: Game 2 of 3
