|j|☆KudenaVGC
|j|☆tryson69
|html|KudenaVGCtryson69    
|uhtml|bestof|Game 1 of a best-of-3
|t:|1756729879
|gametype|doubles
|player|p1|KudenaVGC|ethan|1126
|player|p2|tryson69|crasherwake|1219
|gen|9
|tier|[Gen 9] VGC 2025 Reg H (Bo3)
|rated|
|rule|Species Clause: Limit one of each Pokémon
|rule|Item Clause: Limit 1 of each item
|clearpoke
|poke|p1|Maushold, L50|
|poke|p1|Grimmsnarl, L50, M|
|poke|p1|Dragonite, L50, M|
|poke|p1|Pelipper, L50, M|
|poke|p1|Archaludon, L50, M|
|poke|p1|Gholdengo, L50|
|poke|p2|Typhlosion-Hisui, L50, F|
|poke|p2|Rillaboom, L50, M|
|poke|p2|Primarina, L50, F|
|poke|p2|Archaludon, L50, M|
|poke|p2|Whimsicott, L50, F|
|poke|p2|Pelipper, L50, M|
|teampreview|4
|showteam|p1|Maushold||SafetyGoggles|FriendGuard|Protect,SuperFang,BeatUp,FollowMe||||||50|,,,,,Ghost]Grimmsnarl||LightClay|Prankster|FoulPlay,ThunderWave,LightScreen,Reflect|||M|||50|,,,,,Ghost]Dragonite||LoadedDice|InnerFocus|ScaleShot,Protect,Haze,ExtremeSpeed|||M|||50|,,,,,Steel]Pelipper||FocusSash|Drizzle|MuddyWater,Hurricane,Protect,Tailwind|||M|||50|,,,,,Ground]Archaludon||AssaultVest|Stamina|DracoMeteor,ElectroShot,Snarl,BodyPress|||M|||50|,,,,,Bug]Gholdengo||LifeOrb|GoodasGold|MakeItRain,ShadowBall,Protect,NastyPlot||||||50|,,,,,Water
|showteam|p2|Typhlosion-Hisui||ChoiceScarf|Blaze|Eruption,HeatWave,Overheat,ShadowBall|||F|||50|,,,,,Fire]Rillaboom||AssaultVest|GrassySurge|WoodHammer,GrassyGlide,HighHorsepower,FakeOut|||M|||50|,,,,,Fire]Primarina||ThroatSpray|LiquidVoice|HyperVoice,Moonblast,Haze,Protect|||F|||50|,,,,,Poison]Archaludon||Leftovers|Stamina|ElectroShot,BodyPress,Protect,DracoMeteor|||M|||50|,,,,,Grass]Whimsicott||CovertCloak|Prankster|Tailwind,Taunt,Moonblast,SunnyDay|||F|||50|,,,,,Water]Pelipper||FocusSash|Drizzle|WeatherBall,Hurricane,WideGuard,Protect|||M|||50|,,,,,Steel
|
|t:|1756729912
|teamsize|p1|4
|teamsize|p2|4
|start
|switch|p1a: Grimmsnarl|Grimmsnarl, L50, M|100/100
|switch|p1b: Dragonite|Dragonite, L50, M|100/100
|switch|p2a: Typhlosion|Typhlosion-Hisui, L50, F|100/100
|switch|p2b: Whimsicott|Whimsicott, L50, F|100/100
|turn|1
|inactive|Battle timer is ON: inactive players will automatically lose when time's up. (requested by KudenaVGC)
|
|t:|1756729939
|switch|p2a: Archaludon|Archaludon, L50, M|100/100
|move|p1a: Grimmsnarl|Thunder Wave|p2a: Archaludon
|-status|p2a: Archaludon|par
|move|p2b: Whimsicott|Moonblast|p1b: Dragonite
|-supereffective|p1b: Dragonite
|-damage|p1b: Dragonite|38/100
|-unboost|p1b: Dragonite|spa|1
|move|p1b: Dragonite|Scale Shot|p2a: Archaludon
|-damage|p2a: Archaludon|90/100 par
|-ability|p2a: Archaludon|Stamina|boost
|-boost|p2a: Archaludon|def|1
|-damage|p2a: Archaludon|83/100 par
|-ability|p2a: Archaludon|Stamina|boost
|-boost|p2a: Archaludon|def|1
|-damage|p2a: Archaludon|77/100 par
|-ability|p2a: Archaludon|Stamina|boost
|-boost|p2a: Archaludon|def|1
|-damage|p2a: Archaludon|74/100 par
|-ability|p2a: Archaludon|Stamina|boost
|-boost|p2a: Archaludon|def|1
|-hitcount|p2a: Archaludon|4
|-unboost|p1b: Dragonite|def|1
|-boost|p1b: Dragonite|spe|1
|
|-heal|p2a: Archaludon|80/100 par|[from] item: Leftovers
|upkeep
|turn|2
|inactive|KudenaVGC has 30 seconds left.
|inactive|tryson69 has 30 seconds left.
|
|t:|1756729973
|move|p2b: Whimsicott|Taunt|p1b: Dragonite
|-start|p1b: Dragonite|move: Taunt
|move|p1a: Grimmsnarl|Light Screen|p1a: Grimmsnarl
|-sidestart|p1: KudenaVGC|move: Light Screen
|cant|p1b: Dragonite|move: Taunt|Haze
|move|p2a: Archaludon|Body Press|p1b: Dragonite
|-resisted|p1b: Dragonite
|-damage|p1b: Dragonite|0 fnt
|faint|p1b: Dragonite
|
|-heal|p2a: Archaludon|86/100 par|[from] item: Leftovers
|upkeep
|
|t:|1756729977
|switch|p1b: Archaludon|Archaludon, L50, M|100/100
|turn|3
|
|t:|1756729991
|-terastallize|p1b: Archaludon|Bug
|move|p2b: Whimsicott|Tailwind|p2b: Whimsicott
|-sidestart|p2: tryson69|move: Tailwind
|move|p1a: Grimmsnarl|Thunder Wave|p2b: Whimsicott
|-status|p2b: Whimsicott|par
|move|p1b: Archaludon|Draco Meteor|p2a: Archaludon
|-damage|p2a: Archaludon|36/100 par
|-unboost|p1b: Archaludon|spa|2
|-ability|p2a: Archaludon|Stamina|boost
|-boost|p2a: Archaludon|def|1
|move|p2a: Archaludon|Body Press|p1a: Grimmsnarl
|-damage|p1a: Grimmsnarl|10/100
|
|-heal|p2a: Archaludon|42/100 par|[from] item: Leftovers
|upkeep
|turn|4
|inactive|tryson69 has 30 seconds left.
|inactive|tryson69 has 20 seconds left.
|
|t:|1756730029
|switch|p1b: Pelipper|Pelipper, L50, M|100/100
|-weather|RainDance|[from] ability: Drizzle|[of] p1b: Pelipper
|move|p1a: Grimmsnarl|Reflect|p1a: Grimmsnarl
|-sidestart|p1: KudenaVGC|Reflect
|move|p2b: Whimsicott|Moonblast|p1a: Grimmsnarl
|-supereffective|p1a: Grimmsnarl
|-damage|p1a: Grimmsnarl|0 fnt
|faint|p1a: Grimmsnarl
|move|p2a: Archaludon|Body Press|p1b: Pelipper
|-resisted|p1b: Pelipper
|-damage|p1b: Pelipper|63/100
|
|-weather|RainDance|[upkeep]
|-heal|p2a: Archaludon|48/100 par|[from] item: Leftovers
|upkeep
|
|t:|1756730035
|switch|p1a: Archaludon|Archaludon, L50, M, tera:Bug|100/100
|turn|5
|
|t:|1756730050
|move|p2a: Archaludon|Protect|p2a: Archaludon
|-singleturn|p2a: Archaludon|Protect
|move|p2b: Whimsicott|Sunny Day|p2b: Whimsicott
|-weather|SunnyDay
|move|p1a: Archaludon|Electro Shot||[still]
|-prepare|p1a: Archaludon|Electro Shot
|-boost|p1a: Archaludon|spa|1
|move|p1b: Pelipper|Hurricane|p2a: Archaludon
|-activate|p2a: Archaludon|move: Protect
|
|-weather|SunnyDay|[upkeep]
|-heal|p2a: Archaludon|54/100 par|[from] item: Leftovers
|upkeep
|turn|6
|
|t:|1756730066
|move|p2b: Whimsicott|Moonblast|p1b: Pelipper
|-damage|p1b: Pelipper|31/100
|-unboost|p1b: Pelipper|spa|1
|move|p1a: Archaludon|Electro Shot|p2a: Archaludon|[from] lockedmove
|-resisted|p2a: Archaludon
|-damage|p2a: Archaludon|26/100 par
|-ability|p2a: Archaludon|Stamina|boost
|-boost|p2a: Archaludon|def|1
|move|p1b: Pelipper|Hurricane|p2a: Archaludon|[miss]
|-miss|p1b: Pelipper|p2a: Archaludon
|move|p2a: Archaludon|Body Press|p1b: Pelipper
|-resisted|p1b: Pelipper
|-damage|p1b: Pelipper|0 fnt
|faint|p1b: Pelipper
|
|-weather|SunnyDay|[upkeep]
|-heal|p2a: Archaludon|32/100 par|[from] item: Leftovers
|-sideend|p2: tryson69|move: Tailwind
|upkeep
|turn|7
|
|t:|1756730090
|move|p1a: Archaludon|Body Press|p2a: Archaludon
|-supereffective|p2a: Archaludon
|-damage|p2a: Archaludon|24/100 par
|move|p2b: Whimsicott|Moonblast|p1a: Archaludon
|-crit|p1a: Archaludon
|-damage|p1a: Archaludon|64/100
|-ability|p1a: Archaludon|Stamina|boost
|-boost|p1a: Archaludon|def|1
|move|p2a: Archaludon|Draco Meteor|p1a: Archaludon
|-damage|p1a: Archaludon|26/100
|-unboost|p2a: Archaludon|spa|2
|-ability|p1a: Archaludon|Stamina|boost
|-boost|p1a: Archaludon|def|1
|
|-weather|SunnyDay|[upkeep]
|-heal|p2a: Archaludon|30/100 par|[from] item: Leftovers
|upkeep
|turn|8
|-message|KudenaVGC forfeited.
|
|win|tryson69
||tryson69 is ready for game 2.
||KudenaVGC is ready for game 2.
|uhtml|next|Next: Game 2 of 3
