|j|☆OCHOA1209_
|j|☆slopmachine
|html|OCHOA1209_slopmachine    
|uhtml|bestof|Game 2 of a best-of-3
|t:|1785750273
|gametype|doubles
|player|p1|OCHOA1209_|ethan|1138
|player|p2|slopmachine|medium|1169
|gen|9
|tier|[Gen 9 Champions] VGC 2026 Reg M-B (Bo3)
|rated|
|rule|Species Clause: Limit one of each Pokémon
|rule|Item Clause: Limit 1 of each item
|clearpoke
|poke|p1|Basculegion, L50, M|
|poke|p1|Garchomp, L50, M|
|poke|p1|Scizor, L50, M|
|poke|p1|Tyranitar, L50, F|
|poke|p1|Sneasler, L50, F, shiny|
|poke|p1|Corviknight, L50, M, shiny|
|poke|p2|Floette-Eternal, L50, F|
|poke|p2|Whimsicott, L50, F|
|poke|p2|Charizard, L50, M|
|poke|p2|Basculegion, L50, M|
|poke|p2|Garchomp, L50, F|
|poke|p2|Incineroar, L50, M|
|teampreview|4
|showteam|p1|Basculegion||SitrusBerry|Adaptability|WaveCrash,AquaJet,Protect,LastRespects|Jolly||M|||50|]Garchomp||Garchompite|RoughSkin|DracoMeteor,PowerGem,EarthPower,Protect|Modest||M|||50|]Scizor||LifeOrb|Technician|BulletPunch,BugBite,SwordsDance,Protect|Adamant||M|||50|]Tyranitar||ChoiceScarf|SandStream|RockSlide,KnockOff,Superpower,IcePunch|Jolly||F|||50|]Sneasler||FocusSash|Unburden|CloseCombat,DireClaw,FakeOut,Protect|Jolly||F|||50|]Corviknight||Leftovers|MirrorArmor|IronHead,BraveBird,Tailwind,Protect|Impish||M|||50|
|showteam|p2|Floette-Eternal||Floettite|FlowerVeil|Protect,DazzlingGleam,DrainingKiss,CalmMind|Modest||F|||50|]Whimsicott||FocusSash|Prankster|Protect,Moonblast,Tailwind,Encore|Timid||F|||50|]Charizard||CharizarditeY|Blaze|Protect,WeatherBall,SolarBeam,HeatWave|Modest||M|||50|]Basculegion||ChoiceScarf|Adaptability|FlipTurn,WaveCrash,LastRespects,AquaJet|Jolly||M|||50|]Garchomp||LifeOrb|RoughSkin|Protect,Earthquake,DragonClaw,RockSlide|Jolly||F|||50|]Incineroar||SitrusBerry|Intimidate|FlareBlitz,ThroatChop,FakeOut,PartingShot|Careful||M|||50|
|inactive|Battle timer is ON: inactive players will automatically lose when time's up. (requested by OCHOA1209_)
|inactive|slopmachine has 60 seconds left.
|inactive|slopmachine has 30 seconds left.
|inactive|slopmachine has 20 seconds left.
|inactive|slopmachine has 15 seconds left.
|inactive|slopmachine has 10 seconds left.
|
|t:|1785750372
|teamsize|p1|4
|teamsize|p2|4
|start
|switch|p1a: Sneasler|Sneasler, L50, F, shiny|100/100
|switch|p1b: Corviknight|Corviknight, L50, M, shiny|100/100
|switch|p2a: Charizard|Charizard, L50, M|100/100
|switch|p2b: Incineroar|Incineroar, L50, M|100/100
|-ability|p2b: Incineroar|Intimidate|boost
|-unboost|p1a: Sneasler|atk|1
|-ability|p1b: Corviknight|Mirror Armor
|-unboost|p2b: Incineroar|atk|1
|turn|1
|inactive|slopmachine has 30 seconds left.
|inactive|slopmachine has 20 seconds left.
|inactive|slopmachine has 15 seconds left.
|
|t:|1785750416
|switch|p2b: Whimsicott|Whimsicott, L50, F|100/100
|detailschange|p2a: Charizard|Charizard-Mega-Y, L50, M
|-mega|p2a: Charizard|Charizard|Charizardite Y
|-weather|SunnyDay|[from] ability: Drought|[of] p2a: Charizard
|move|p1a: Sneasler|Fake Out|p2b: Whimsicott
|-damage|p2b: Whimsicott|85/100
|move|p2a: Charizard|Heat Wave|p1a: Sneasler|[spread] p1a,p1b
|-crit|p1a: Sneasler
|-supereffective|p1b: Corviknight|1
|-enditem|p1a: Sneasler|Focus Sash
|-damage|p1a: Sneasler|1/100
|-damage|p1b: Corviknight|14/100
|move|p1b: Corviknight|Tailwind|p1b: Corviknight
|-sidestart|p1: OCHOA1209_|move: Tailwind
|
|-weather|SunnyDay|[upkeep]
|-heal|p1b: Corviknight|20/100r|[from] item: Leftovers
|upkeep
|turn|2
|inactive|slopmachine has 30 seconds left.
|inactive|slopmachine has 20 seconds left.
|inactive|slopmachine has 15 seconds left.
|
|t:|1785750457
|switch|p2b: Incineroar|Incineroar, L50, M|100/100
|-ability|p2b: Incineroar|Intimidate|boost
|-unboost|p1a: Sneasler|atk|1
|-ability|p1b: Corviknight|Mirror Armor
|-unboost|p2b: Incineroar|atk|1
|move|p1a: Sneasler|Dire Claw|p2a: Charizard
|-damage|p2a: Charizard|80/100
|-status|p2a: Charizard|psn
|move|p1b: Corviknight|Iron Head|p2b: Incineroar
|-resisted|p2b: Incineroar|1
|-damage|p2b: Incineroar|89/100
|move|p2a: Charizard|Heat Wave|p1a: Sneasler|[spread] 
|-miss|p2a: Charizard|p1a: Sneasler
|-miss|p2a: Charizard|p1b: Corviknight
|
|-weather|SunnyDay|[upkeep]
|-heal|p1b: Corviknight|25/100|[from] item: Leftovers
|-damage|p2a: Charizard|68/100 psn|[from] psn
|upkeep
|turn|3
|inactive|slopmachine has 30 seconds left.
|inactive|slopmachine has 20 seconds left.
|
|t:|1785750497
|switch|p2b: Whimsicott|Whimsicott, L50, F|85/100
|move|p1a: Sneasler|Protect|p1a: Sneasler
|-singleturn|p1a: Sneasler|Protect
|move|p1b: Corviknight|Protect|p1b: Corviknight
|-singleturn|p1b: Corviknight|Protect
|move|p2a: Charizard|Heat Wave|p1b: Corviknight|[spread] 
|-activate|p1a: Sneasler|move: Protect
|-activate|p1b: Corviknight|move: Protect
|
|-weather|SunnyDay|[upkeep]
|-heal|p1b: Corviknight|31/100|[from] item: Leftovers
|-damage|p2a: Charizard|55/100 psn|[from] psn
|upkeep
|turn|4
|
|t:|1785750518
|move|p2b: Whimsicott|Encore|p1a: Sneasler
|-start|p1a: Sneasler|Encore
|move|p1a: Sneasler|Protect||[still]
|-fail|p1a: Sneasler
|move|p1b: Corviknight|Iron Head|p2b: Whimsicott
|-supereffective|p2b: Whimsicott|1
|-damage|p2b: Whimsicott|10/100
|move|p2a: Charizard|Heat Wave|p1a: Sneasler|[spread] p1a,p1b
|-supereffective|p1b: Corviknight|1
|-damage|p1a: Sneasler|0 fnt
|-damage|p1b: Corviknight|0 fnt
|faint|p1a: Sneasler
|faint|p1b: Corviknight
|
|-weather|SunnyDay|[upkeep]
|-damage|p2a: Charizard|43/100 psn|[from] psn
|-sideend|p1: OCHOA1209_|move: Tailwind
|upkeep
|
|t:|1785750523
|switch|p1a: Tyranitar|Tyranitar, L50, F|100/100
|switch|p1b: Garchomp|Garchomp, L50, M|100/100
|-weather|Sandstorm|[from] ability: Sand Stream|[of] p1a: Tyranitar
|turn|5
|
|t:|1785750539
|switch|p2a: Incineroar|Incineroar, L50, M|89/100
|-ability|p2a: Incineroar|Intimidate|boost
|-unboost|p1a: Tyranitar|atk|1
|-unboost|p1b: Garchomp|atk|1
|move|p2b: Whimsicott|Tailwind|p2b: Whimsicott
|-sidestart|p2: slopmachine|move: Tailwind
|move|p1a: Tyranitar|Rock Slide|p2b: Whimsicott|[spread] p2a,p2b
|-supereffective|p2a: Incineroar|1
|-damage|p2a: Incineroar|56/100
|-damage|p2b: Whimsicott|0 fnt
|faint|p2b: Whimsicott
|move|p1b: Garchomp|Power Gem|p2a: Incineroar
|-supereffective|p2a: Incineroar|1
|-damage|p2a: Incineroar|21/100
|-enditem|p2a: Incineroar|Sitrus Berry|[eat]
|-heal|p2a: Incineroar|46/100|[from] item: Sitrus Berry
|
|-weather|Sandstorm|[upkeep]
|-damage|p2a: Incineroar|40/100|[from] Sandstorm
|upkeep
|
|t:|1785750558
|switch|p2b: Garchomp|Garchomp, L50, F|100/100
|turn|6
|
|t:|1785750572
|move|p1b: Garchomp|Protect|p1b: Garchomp
|-singleturn|p1b: Garchomp|Protect
|move|p2a: Incineroar|Fake Out|p1b: Garchomp
|-activate|p1b: Garchomp|move: Protect
|move|p2b: Garchomp|Dragon Claw|p1b: Garchomp
|-activate|p1b: Garchomp|move: Protect
|move|p1a: Tyranitar|Rock Slide|p2b: Garchomp|[spread] p2a,p2b
|-supereffective|p2a: Incineroar|1
|-resisted|p2b: Garchomp|1
|-damage|p2a: Incineroar|6/100
|-damage|p2b: Garchomp|89/100
|
|-weather|Sandstorm|[upkeep]
|-damage|p2a: Incineroar|1/100|[from] Sandstorm
|upkeep
|turn|7
|inactive|OCHOA1209_ has 30 seconds left.
|
|t:|1785750603
|detailschange|p1b: Garchomp|Garchomp-Mega, L50, M
|-mega|p1b: Garchomp|Garchomp|Garchompite
|move|p2b: Garchomp|Dragon Claw|p1b: Garchomp
|-supereffective|p1b: Garchomp|1
|-damage|p1b: Garchomp|3/100
|-damage|p2b: Garchomp|79/100|[from] item: Life Orb
|move|p1a: Tyranitar|Rock Slide|p2a: Incineroar|[spread] p2a,p2b
|-supereffective|p2a: Incineroar|1
|-resisted|p2b: Garchomp|1
|-damage|p2a: Incineroar|0 fnt
|-damage|p2b: Garchomp|69/100
|faint|p2a: Incineroar
|move|p1b: Garchomp|Power Gem|p2b: Garchomp
|-resisted|p2b: Garchomp|1
|-damage|p2b: Garchomp|47/100
|
|-weather|Sandstorm|[upkeep]
|upkeep
|
|t:|1785750616
|switch|p2a: Charizard|Charizard-Mega-Y, L50, M|43/100 psn
|-weather|SunnyDay|[from] ability: Drought|[of] p2a: Charizard
|turn|8
|
|t:|1785750622
|move|p1b: Garchomp|Protect|p1b: Garchomp
|-singleturn|p1b: Garchomp|Protect
|move|p2b: Garchomp|Earthquake|p1b: Garchomp|[spread] p1a
|-activate|p1b: Garchomp|move: Protect
|-immune|p2a: Charizard
|-supereffective|p1a: Tyranitar|1
|-crit|p1a: Tyranitar
|-damage|p1a: Tyranitar|0 fnt
|faint|p1a: Tyranitar
|-damage|p2b: Garchomp|37/100|[from] item: Life Orb
|move|p2a: Charizard|Solar Beam||[still]
|-prepare|p2a: Charizard|Solar Beam
|-anim|p2a: Charizard|Solar Beam|p1b: Garchomp
|-activate|p1b: Garchomp|move: Protect
|
|-weather|SunnyDay|[upkeep]
|-damage|p2a: Charizard|30/100 psn|[from] psn
|-sideend|p2: slopmachine|move: Tailwind
|upkeep
|turn|9
|-message|OCHOA1209_ forfeited.
|
|win|slopmachine
|raw|OCHOA1209_'s rating: 1138 → 1115(-23 for losing)
|raw|slopmachine's rating: 1169 → 1192(+23 for winning)
|l|☆OCHOA1209_
|player|p1|
|l|☆slopmachine
|player|p2|
|j|☆slopmachine
|player|p2|slopmachine|medium|
