|j|☆pawmifleet
|j|☆Flamewasp
|html|pawmifleetFlamewasp    
|uhtml|bestof|Game 3 of a best-of-3
|t:|1784059952
|gametype|doubles
|player|p1|pawmifleet|fisherman-gen4|1121
|player|p2|Flamewasp|102|1140
|gen|9
|tier|[Gen 9 Champions] VGC 2026 Reg M-B (Bo3)
|rated|
|rule|Species Clause: Limit one of each Pokémon
|rule|Item Clause: Limit 1 of each item
|clearpoke
|poke|p1|Incineroar, L50, M|
|poke|p1|Venusaur, L50, M|
|poke|p1|Charizard, L50, M|
|poke|p1|Garchomp, L50, M|
|poke|p1|Toxapex, L50, M|
|poke|p1|Annihilape, L50, F|
|poke|p2|Sceptile, L50, F|
|poke|p2|Rotom-Heat, L50|
|poke|p2|Politoed, L50, F|
|poke|p2|Vivillon-Sun, L50, F, shiny|
|poke|p2|Gholdengo, L50|
|poke|p2|Swampert, L50, M|
|teampreview|4
|showteam|p1|Incineroar||SitrusBerry|Intimidate|FakeOut,ThroatChop,FlareBlitz,PartingShot|Impish||M|||50|]Venusaur||LifeOrb|Chlorophyll|SolarBeam,SludgeBomb,EarthPower,Protect|Modest||M|||50|]Charizard||CharizarditeY|Blaze|HeatWave,WeatherBall,HelpingHand,Protect|Modest||M|||50|]Garchomp||ChoiceScarf|RoughSkin|DragonClaw,Earthquake,RockSlide,StompingTantrum|Adamant||M|||50|]Toxapex||Leftovers|Regenerator|Infestation,Toxic,BanefulBunker,WideGuard|Bold||M|||50|]Annihilape||FocusSash|Defiant|PhantomForce,CloseCombat,RockTomb,Protect|Jolly||F|||50|
|showteam|p2|Sceptile||Sceptilite|Overgrow|GigaDrain,DragonPulse,EarthPower,Protect|Timid||F|||50|]Rotom-Heat||ChoiceScarf|Levitate|Discharge,VoltSwitch,Overheat,ShadowBall|Timid|||||50|]Politoed||SitrusBerry|Drizzle|IcyWind,Haze,WeatherBall,PerishSong|Bold||F|||50|]Vivillon-Sun||FocusSash|CompoundEyes|Hurricane,Tailwind,SleepPowder,Protect|Timid||F|||50|]Gholdengo||LifeOrb|GoodasGold|MakeItRain,ShadowBall,NastyPlot,Protect|Timid|||||50|]Swampert||Swampertite|Torrent|WaveCrash,Earthquake,IcePunch,Protect|Adamant||M|||50|
|inactive|Battle timer is ON: inactive players will automatically lose when time's up. (requested by pawmifleet)
|
|t:|1784059973
|teamsize|p1|4
|teamsize|p2|4
|start
|switch|p1a: Charizard|Charizard, L50, M|100/100
|switch|p1b: Annihilape|Annihilape, L50, F|100/100
|switch|p2a: Rotom|Rotom-Heat, L50|100/100
|switch|p2b: Vivillon|Vivillon-Sun, L50, F, shiny|100/100
|turn|1
|inactive|Flamewasp has 30 seconds left.
|inactive|Flamewasp has 20 seconds left.
|
|t:|1784060013
|detailschange|p1a: Charizard|Charizard-Mega-Y, L50, M
|-mega|p1a: Charizard|Charizard|Charizardite Y
|-weather|SunnyDay|[from] ability: Drought|[of] p1a: Charizard
|move|p2a: Rotom|Volt Switch|p1a: Charizard
|-supereffective|p1a: Charizard|1
|-damage|p1a: Charizard|43/100
|
|t:|1784060019
|switch|p2a: Politoed|Politoed, L50, F|100/100|[from] Volt Switch
|-weather|RainDance|[from] ability: Drizzle|[of] p2a: Politoed
|move|p1b: Annihilape|Rock Tomb|p2b: Vivillon
|-supereffective|p2b: Vivillon|2
|-enditem|p2b: Vivillon|Focus Sash
|-damage|p2b: Vivillon|1/100
|-unboost|p2b: Vivillon|spe|1
|move|p1a: Charizard|Heat Wave|p2a: Politoed|[spread] p2a,p2b
|-resisted|p2a: Politoed|1
|-supereffective|p2b: Vivillon|1
|-damage|p2a: Politoed|91/100
|-damage|p2b: Vivillon|0 fnt
|faint|p2b: Vivillon
|
|-weather|RainDance|[upkeep]
|upkeep
|
|t:|1784060039
|switch|p2b: Swampert|Swampert, L50, M|100/100
|turn|2
|
|t:|1784060060
|switch|p2a: Rotom|Rotom-Heat, L50|100/100
|detailschange|p2b: Swampert|Swampert-Mega, L50, M
|-mega|p2b: Swampert|Swampert|Swampertite
|move|p2b: Swampert|Wave Crash|p1b: Annihilape
|-enditem|p1b: Annihilape|Focus Sash
|-damage|p1b: Annihilape|1/100
|-damage|p2b: Swampert|65/100|[from] Recoil
|move|p1b: Annihilape|Phantom Force||[still]
|-prepare|p1b: Annihilape|Phantom Force
|move|p1a: Charizard|Weather Ball|p2b: Swampert
|-crit|p2b: Swampert
|-damage|p2b: Swampert|0 fnt
|faint|p2b: Swampert
|
|-weather|RainDance|[upkeep]
|upkeep
|
|t:|1784060074
|switch|p2b: Politoed|Politoed, L50, F|91/100
|turn|3
|
|t:|1784060091
|switch|p1a: Incineroar|Incineroar, L50, M|100/100
|-ability|p1a: Incineroar|Intimidate|boost
|-unboost|p2a: Rotom|atk|1
|-unboost|p2b: Politoed|atk|1
|move|p2a: Rotom|Shadow Ball|p1b: Annihilape|[miss]
|-miss|p2a: Rotom|p1b: Annihilape
|move|p1b: Annihilape|Phantom Force|p2b: Politoed|[from] lockedmove
|-damage|p2b: Politoed|59/100
|move|p2b: Politoed|Icy Wind|p1a: Incineroar|[spread] p1a,p1b
|-resisted|p1a: Incineroar|1
|-damage|p1a: Incineroar|96/100
|-damage|p1b: Annihilape|0 fnt
|-unboost|p1a: Incineroar|spe|1
|faint|p1b: Annihilape
|
|-weather|RainDance|[upkeep]
|upkeep
|
|t:|1784060106
|switch|p1b: Charizard|Charizard-Mega-Y, L50, M|43/100
|-weather|SunnyDay|[from] ability: Drought|[of] p1b: Charizard
|turn|4
|
|t:|1784060121
|move|p1b: Charizard|Helping Hand|p1a: Incineroar
|-singleturn|p1a: Incineroar|Helping Hand|[of] p1b: Charizard
|move|p2a: Rotom|Shadow Ball|p1b: Charizard
|-damage|p1b: Charizard|20/100y
|move|p2b: Politoed|Icy Wind|p1a: Incineroar|[spread] p1a,p1b
|-resisted|p1a: Incineroar|1
|-damage|p1a: Incineroar|91/100
|-damage|p1b: Charizard|12/100
|-unboost|p1a: Incineroar|spe|1
|-unboost|p1b: Charizard|spe|1
|move|p1a: Incineroar|Throat Chop|p2b: Politoed
|-damage|p2b: Politoed|25/100
|-start|p2b: Politoed|Throat Chop|[silent]
|-enditem|p2b: Politoed|Sitrus Berry|[eat]
|-heal|p2b: Politoed|50/100g|[from] item: Sitrus Berry
|
|-weather|SunnyDay|[upkeep]
|upkeep
|turn|5
|inactive|Flamewasp has 30 seconds left.
|
|t:|1784060156
|move|p1b: Charizard|Helping Hand|p1a: Incineroar
|-singleturn|p1a: Incineroar|Helping Hand|[of] p1b: Charizard
|move|p2a: Rotom|Shadow Ball|p1b: Charizard
|-damage|p1b: Charizard|0 fnt
|faint|p1b: Charizard
|move|p2b: Politoed|Icy Wind|p1a: Incineroar
|-resisted|p1a: Incineroar|1
|-damage|p1a: Incineroar|86/100
|-unboost|p1a: Incineroar|spe|1
|move|p1a: Incineroar|Throat Chop|p2b: Politoed
|-damage|p2b: Politoed|14/100
|
|-weather|SunnyDay|[upkeep]
|-end|p2b: Politoed|Throat Chop|[silent]
|upkeep
|
|t:|1784060167
|switch|p1b: Venusaur|Venusaur, L50, M|100/100
|turn|6
|
|t:|1784060192
|move|p1b: Venusaur|Solar Beam||[still]
|-prepare|p1b: Venusaur|Solar Beam
|-anim|p1b: Venusaur|Solar Beam|p2b: Politoed
|-supereffective|p2b: Politoed|1
|-damage|p2b: Politoed|0 fnt
|faint|p2b: Politoed
|-damage|p1b: Venusaur|90/100|[from] item: Life Orb
|move|p2a: Rotom|Shadow Ball|p1b: Venusaur
|-damage|p1b: Venusaur|64/100
|move|p1a: Incineroar|Throat Chop|p2a: Rotom
|-damage|p2a: Rotom|57/100
|-start|p2a: Rotom|Throat Chop|[silent]
|
|-weather|SunnyDay|[upkeep]
|upkeep
|turn|7
|
|t:|1784060208
|move|p1b: Venusaur|Sludge Bomb|p2a: Rotom
|-damage|p2a: Rotom|0 fnt
|faint|p2a: Rotom
|-damage|p1b: Venusaur|54/100|[from] item: Life Orb
|
|win|pawmifleet
|raw|pawmifleet's rating: 1121 → 1147(+26 for winning)
|raw|Flamewasp's rating: 1140 → 1114(-26 for losing)
