|j|☆pressinblades
|j|☆guyq
|html|pressinbladesguyq    
|uhtml|bestof|Game 2 of a best-of-3
|t:|1782406231
|gametype|doubles
|player|p1|pressinblades|steven|1107
|player|p2|guyq|briar|1237
|gen|9
|tier|[Gen 9 Champions] VGC 2026 Reg M-B (Bo3)
|rated|
|rule|Species Clause: Limit one of each Pokémon
|rule|Item Clause: Limit 1 of each item
|clearpoke
|poke|p1|Talonflame, L50, F|
|poke|p1|Garchomp, L50, F, shiny|
|poke|p1|Maushold, L50|
|poke|p1|Gardevoir, L50, M, shiny|
|poke|p1|Metagross, L50|
|poke|p1|Torkoal, L50, F|
|poke|p2|Metagross, L50|
|poke|p2|Staraptor, L50, F|
|poke|p2|Garchomp, L50, M|
|poke|p2|Whimsicott, L50, F|
|poke|p2|Rotom-Wash, L50|
|poke|p2|Incineroar, L50, F|
|teampreview|4
|showteam|p1|Talonflame||LifeOrb|GaleWings|Protect,DualWingbeat,Tailwind,Overheat|Naive||F|||50|]Garchomp||ExpertBelt|RoughSkin|Protect,RockSlide,Earthquake,DragonClaw|Adamant||F|||50|]Maushold||FocusSash|FriendGuard|Protect,SuperFang,PopulationBomb,FollowMe|Adamant|||||50|]Gardevoir||Gardevoirite|Telepathy|Protect,TrickRoom,HyperVoice,Psychic|Modest||M|||50|]Metagross||Metagrossite|ClearBody|Protect,MeteorMash,PsychicFangs,BulletPunch|Adamant|||||50|]Torkoal||Charcoal|Drought|Protect,Overheat,HeatWave,EarthPower|Quiet||F|||50|
|showteam|p2|Metagross||Metagrossite|ClearBody|PsychicFangs,IronHead,StompingTantrum,Protect|Jolly|||||50|]Staraptor||Staraptite|Intimidate|BraveBird,CloseCombat,QuickAttack,Protect|Jolly||F|||50|]Garchomp||LifeOrb|RoughSkin|DragonClaw,Earthquake,RockSlide,Protect|Jolly||M|||50|]Whimsicott||FocusSash|Prankster|Moonblast,Tailwind,Charm,Protect|Timid||F|||50|]Rotom-Wash||Leftovers|Levitate|Thunderbolt,HydroPump,WillOWisp,Protect|Modest|||||50|]Incineroar||SitrusBerry|Intimidate|FlareBlitz,ThroatChop,PartingShot,FakeOut|Adamant||F|||50|
|inactive|Battle timer is ON: inactive players will automatically lose when time's up. (requested by guyq)
|inactive|pressinblades has 60 seconds left.
|inactive|pressinblades has 30 seconds left.
|inactive|pressinblades has 20 seconds left.
|inactive|pressinblades has 15 seconds left.
|inactive|pressinblades has 10 seconds left.
|
|t:|1782406420
|teamsize|p1|4
|teamsize|p2|4
|start
|switch|p1a: Talonflame|Talonflame, L50, F|100/100
|switch|p1b: Garchomp|Garchomp, L50, F, shiny|100/100
|switch|p2a: Garchomp|Garchomp, L50, M|100/100
|switch|p2b: Whimsicott|Whimsicott, L50, F|100/100
|turn|1
|inactive|pressinblades has 30 seconds left.
|inactive|guyq has 30 seconds left.
|inactive|pressinblades has 20 seconds left.
|
|t:|1782406458
|move|p1a: Talonflame|Dual Wingbeat|p2b: Whimsicott
|-supereffective|p2b: Whimsicott|1
|-damage|p2b: Whimsicott|43/100
|-supereffective|p2b: Whimsicott|1
|-damage|p2b: Whimsicott|0 fnt
|faint|p2b: Whimsicott
|-hitcount|p2: Whimsicott|2
|-damage|p1a: Talonflame|90/100|[from] item: Life Orb
|move|p2a: Garchomp|Dragon Claw|p1b: Garchomp
|-supereffective|p1b: Garchomp|1
|-damage|p1b: Garchomp|0 fnt
|-damage|p2a: Garchomp|87/100|[from] ability: Rough Skin|[of] p1b: Garchomp
|faint|p1b: Garchomp
|-damage|p2a: Garchomp|78/100|[from] item: Life Orb
|
|upkeep
|
|t:|1782406478
|switch|p2b: Metagross|Metagross, L50|100/100
|switch|p1b: Metagross|Metagross, L50|100/100
|turn|2
|
|t:|1782406494
|detailschange|p1b: Metagross|Metagross-Mega, L50
|-mega|p1b: Metagross|Metagross|Metagrossite
|move|p2b: Metagross|Protect|p2b: Metagross
|-singleturn|p2b: Metagross|Protect
|move|p1a: Talonflame|Overheat|p2b: Metagross
|-activate|p2b: Metagross|move: Protect
|move|p2a: Garchomp|Rock Slide|p1b: Metagross|[spread] p1a,p1b
|-supereffective|p1a: Talonflame|2
|-resisted|p1b: Metagross|1
|-damage|p1a: Talonflame|0 fnt
|-damage|p1b: Metagross|91/100
|faint|p1a: Talonflame
|-damage|p2a: Garchomp|68/100|[from] item: Life Orb
|move|p1b: Metagross|Meteor Mash|p2a: Garchomp
|-damage|p2a: Garchomp|1/100
|-damage|p1b: Metagross|79/100|[from] ability: Rough Skin|[of] p2a: Garchomp
|
|upkeep
|
|t:|1782406509
|switch|p1a: Torkoal|Torkoal, L50, F|100/100
|-weather|SunnyDay|[from] ability: Drought|[of] p1a: Torkoal
|turn|3
|
|t:|1782406524
|switch|p2a: Incineroar|Incineroar, L50, F|100/100
|-ability|p2a: Incineroar|Intimidate|boost
|-unboost|p1a: Torkoal|atk|1
|-unboost|p1b: Metagross|atk|1
|detailschange|p2b: Metagross|Metagross-Mega, L50
|-mega|p2b: Metagross|Metagross|Metagrossite
|move|p1b: Metagross|Bullet Punch|p2a: Incineroar
|-resisted|p2a: Incineroar|1
|-damage|p2a: Incineroar|89/100
|move|p2b: Metagross|Stomping Tantrum|p1a: Torkoal
|-supereffective|p1a: Torkoal|1
|-damage|p1a: Torkoal|41/100
|move|p1a: Torkoal|Heat Wave|p2a: Incineroar|[spread] p2a,p2b
|-resisted|p2a: Incineroar|1
|-supereffective|p2b: Metagross|1
|-damage|p2a: Incineroar|64/100
|-damage|p2b: Metagross|0 fnt
|faint|p2b: Metagross
|
|-weather|SunnyDay|[upkeep]
|upkeep
|
|t:|1782406540
|switch|p2b: Garchomp|Garchomp, L50, M|1/100
|turn|4
|
|t:|1782406557
|move|p1b: Metagross|Protect|p1b: Metagross
|-singleturn|p1b: Metagross|Protect
|move|p1a: Torkoal|Protect|p1a: Torkoal
|-singleturn|p1a: Torkoal|Protect
|move|p2a: Incineroar|Fake Out|p1b: Metagross
|-activate|p1b: Metagross|move: Protect
|move|p2b: Garchomp|Dragon Claw|p1a: Torkoal
|-activate|p1a: Torkoal|move: Protect
|
|-weather|SunnyDay|[upkeep]
|upkeep
|turn|5
|
|t:|1782406573
|move|p1b: Metagross|Bullet Punch|p2b: Garchomp
|-damage|p2b: Garchomp|0 fnt
|-damage|p1b: Metagross|66/100|[from] ability: Rough Skin|[of] p2b: Garchomp
|faint|p2b: Garchomp
|move|p2a: Incineroar|Throat Chop|p1b: Metagross
|-supereffective|p1b: Metagross|1
|-damage|p1b: Metagross|15/100
|-start|p1b: Metagross|Throat Chop|[silent]
|move|p1a: Torkoal|Earth Power|p2a: Incineroar
|-supereffective|p2a: Incineroar|1
|-damage|p2a: Incineroar|17/100
|-enditem|p2a: Incineroar|Sitrus Berry|[eat]
|-heal|p2a: Incineroar|42/100|[from] item: Sitrus Berry
|
|-weather|SunnyDay|[upkeep]
|upkeep
|turn|6
|
|t:|1782406590
|move|p1b: Metagross|Meteor Mash|p2a: Incineroar
|-resisted|p2a: Incineroar|1
|-damage|p2a: Incineroar|17/100
|move|p2a: Incineroar|Throat Chop|p1a: Torkoal
|-damage|p1a: Torkoal|10/100
|-start|p1a: Torkoal|Throat Chop|[silent]
|move|p1a: Torkoal|Earth Power|p2a: Incineroar
|-supereffective|p2a: Incineroar|1
|-damage|p2a: Incineroar|0 fnt
|faint|p2a: Incineroar
|
|win|pressinblades
|raw|pressinblades's rating: 1107 → 1141(+34 for winning)
|raw|guyq's rating: 1237 → 1203(-34 for losing)
|l|☆guyq
|player|p2|
