|j|‽arielrai
|j|☆mochamecha
|html|arielraimochamecha    
|uhtml|bestof|Game 1 of a best-of-3
|t:|1757918787
|gametype|doubles
|player|p1|arielrai|102|1274
|player|p2|mochamecha|169|1257
|gen|9
|tier|[Gen 9] VGC 2025 Reg H (Bo3)
|rated|
|rule|Species Clause: Limit one of each Pokémon
|rule|Item Clause: Limit 1 of each item
|clearpoke
|poke|p1|Gothitelle, L50, F|
|poke|p1|Politoed, L50, F|
|poke|p1|Indeedee-F, L50, F|
|poke|p1|Sneasler, L50, M|
|poke|p1|Archaludon, L50, M|
|poke|p1|Basculegion, L50, M|
|poke|p2|Garganacl, L50, M|
|poke|p2|Gholdengo, L50|
|poke|p2|Incineroar, L50, F|
|poke|p2|Sylveon, L50, F|
|poke|p2|Ninetales-Alola, L50, M|
|poke|p2|Scyther, L50, F|
|teampreview|4
|showteam|p1|Gothitelle||SitrusBerry|ShadowTag|HealPulse,FakeOut,ExpandingForce,TrickRoom|||F|||50|,,,,,Grass]Politoed||Leftovers|Drizzle|Protect,MuddyWater,IceBeam,EarthPower|||F|||50|,,,,,Water]Indeedee-F||RockyHelmet|PsychicSurge|FollowMe,Psychic,TrickRoom,DazzlingGleam|||F|||50|,,,,,Fairy]Sneasler||PsychicSeed|Unburden|Protect,DireClaw,CloseCombat,ThroatChop|||M|||50|,,,,,Dark]Archaludon||AssaultVest|Stamina|ElectroShot,FlashCannon,DracoMeteor,BodyPress|||M|||50|,,,,,Grass]Basculegion||LifeOrb|SwiftSwim|LastRespects,WaveCrash,FlipTurn,Protect|||M|||50|,,,,,Water
|showteam|p2|Garganacl||MarangaBerry|PurifyingSalt|SaltCure,Recover,StealthRock,Protect|||M|||50|,,,,,Flying]Gholdengo||ChoiceScarf|GoodasGold|MakeItRain,ShadowBall,PowerGem,Trick||||||50|,,,,,Steel]Incineroar||AssaultVest|Intimidate|FlareBlitz,KnockOff,FakeOut,Uturn|||F|||50|,,,,,Fire]Sylveon||ThroatSpray|Pixilate|HyperVoice,Wish,Yawn,Protect|||F|||50|,,,,,Poison]Ninetales-Alola||FocusSash|SnowWarning|Blizzard,FreezeDry,Protect,AuroraVeil|||M|||50|,,,,,Ice]Scyther||Eviolite|Technician|DualWingbeat,CloseCombat,Uturn,Protect|||F|||50|,,,,,Steel
|inactive|Battle timer is ON: inactive players will automatically lose when time's up. (requested by arielrai)
|
|t:|1757918817
|teamsize|p1|4
|teamsize|p2|4
|start
|switch|p1a: Gothitelle|Gothitelle, L50, F|100/100
|switch|p1b: Basculegion|Basculegion, L50, M|100/100
|switch|p2a: Gholdengo|Gholdengo, L50|100/100
|switch|p2b: Incineroar|Incineroar, L50, F|100/100
|-ability|p2b: Incineroar|Intimidate|boost
|-unboost|p1a: Gothitelle|atk|1
|-unboost|p1b: Basculegion|atk|1
|turn|1
|
|t:|1757918829
|switch|p1a: Politoed|Politoed, L50, F|100/100
|-weather|RainDance|[from] ability: Drizzle|[of] p1a: Politoed
|-terastallize|p2a: Gholdengo|Steel
|-terastallize|p1b: Basculegion|Water
|move|p2b: Incineroar|Fake Out|p1a: Politoed
|-damage|p1a: Politoed|87/100
|move|p1b: Basculegion|Wave Crash|p2a: Gholdengo
|-crit|p2a: Gholdengo
|-damage|p2a: Gholdengo|0 fnt
|faint|p2a: Gholdengo
|-damage|p1b: Basculegion|73/100|[from] Recoil
|-damage|p1b: Basculegion|63/100|[from] item: Life Orb
|
|-weather|RainDance|[upkeep]
|-heal|p1a: Politoed|93/100|[from] item: Leftovers
|upkeep
|
|t:|1757918840
|switch|p2a: Ninetales|Ninetales-Alola, L50, M|100/100
|-weather|Snowscape|[from] ability: Snow Warning|[of] p2a: Ninetales
|turn|2
|
|t:|1757918850
|switch|p1b: Gothitelle|Gothitelle, L50, F|100/100
|move|p2a: Ninetales|Aurora Veil|p2a: Ninetales
|-sidestart|p2: mochamecha|move: Aurora Veil
|move|p1a: Politoed|Muddy Water|p2b: Incineroar|[spread] p2a,p2b
|-supereffective|p2b: Incineroar
|-damage|p2a: Ninetales|75/100
|-damage|p2b: Incineroar|80/100
|move|p2b: Incineroar|Knock Off|p1a: Politoed
|-damage|p1a: Politoed|42/100
|-enditem|p1a: Politoed|Leftovers|[from] move: Knock Off|[of] p2b: Incineroar
|
|-weather|Snowscape|[upkeep]
|upkeep
|turn|3
|
|t:|1757918864
|switch|p1a: Archaludon|Archaludon, L50, M|100/100
|move|p1b: Gothitelle|Fake Out|p2a: Ninetales
|-damage|p2a: Ninetales|70/100
|cant|p2a: Ninetales|flinch
|move|p2b: Incineroar|Knock Off|p1b: Gothitelle
|-supereffective|p1b: Gothitelle
|-damage|p1b: Gothitelle|26/100
|-enditem|p1b: Gothitelle|Sitrus Berry|[from] move: Knock Off|[of] p2b: Incineroar
|
|-weather|Snowscape|[upkeep]
|upkeep
|turn|4
|
|t:|1757918885
|switch|p1b: Politoed|Politoed, L50, F|42/100
|-weather|RainDance|[from] ability: Drizzle|[of] p1b: Politoed
|move|p2a: Ninetales|Protect|p2a: Ninetales
|-singleturn|p2a: Ninetales|Protect
|move|p1a: Archaludon|Flash Cannon|p2a: Ninetales
|-activate|p2a: Ninetales|move: Protect
|move|p2b: Incineroar|U-turn|p1b: Politoed
|-damage|p1b: Politoed|17/100
|
|t:|1757918892
|switch|p2b: Scyther|Scyther, L50, F|100/100|[from] U-turn
|
|-weather|RainDance|[upkeep]
|upkeep
|turn|5
|
|t:|1757918910
|switch|p2a: Incineroar|Incineroar, L50, F|80/100
|-ability|p2a: Incineroar|Intimidate|boost
|-unboost|p1a: Archaludon|atk|1
|-unboost|p1b: Politoed|atk|1
|move|p1b: Politoed|Protect|p1b: Politoed
|-singleturn|p1b: Politoed|Protect
|move|p2b: Scyther|U-turn|p1b: Politoed
|-activate|p1b: Politoed|move: Protect
|move|p1a: Archaludon|Electro Shot||[still]
|-prepare|p1a: Archaludon|Electro Shot
|-boost|p1a: Archaludon|spa|1
|-anim|p1a: Archaludon|Electro Shot|p2b: Scyther
|-supereffective|p2b: Scyther
|-damage|p2b: Scyther|24/100
|
|-weather|RainDance|[upkeep]
|upkeep
|turn|6
|inactive|arielrai has 30 seconds left.
|inactive|arielrai has 20 seconds left.
|
|t:|1757918946
|switch|p1b: Gothitelle|Gothitelle, L50, F|26/100
|move|p2b: Scyther|U-turn|p1b: Gothitelle
|-supereffective|p1b: Gothitelle
|-damage|p1b: Gothitelle|0 fnt
|faint|p1b: Gothitelle
|
|t:|1757918950
|switch|p2b: Ninetales|Ninetales-Alola, L50, M|70/100|[from] U-turn
|-weather|Snowscape|[from] ability: Snow Warning|[of] p2b: Ninetales
|move|p1a: Archaludon|Flash Cannon|p2b: Ninetales
|-supereffective|p2b: Ninetales
|-damage|p2b: Ninetales|0 fnt
|faint|p2b: Ninetales
|move|p2a: Incineroar|Knock Off|p1a: Archaludon
|-damage|p1a: Archaludon|70/100
|-ability|p1a: Archaludon|Stamina|boost
|-boost|p1a: Archaludon|def|1
|-enditem|p1a: Archaludon|Assault Vest|[from] move: Knock Off|[of] p2a: Incineroar
|
|-weather|Snowscape|[upkeep]
|-sideend|p2: mochamecha|move: Aurora Veil
|upkeep
|
|t:|1757918959
|switch|p2b: Scyther|Scyther, L50, F|24/100
|switch|p1b: Politoed|Politoed, L50, F|17/100
|-weather|RainDance|[from] ability: Drizzle|[of] p1b: Politoed
|turn|7
|inactive|arielrai has 30 seconds left.
|
|t:|1757918985
|move|p2b: Scyther|Close Combat|p1a: Archaludon
|-supereffective|p1a: Archaludon
|-damage|p1a: Archaludon|33/100
|-unboost|p2b: Scyther|def|1
|-unboost|p2b: Scyther|spd|1
|-ability|p1a: Archaludon|Stamina|boost
|-boost|p1a: Archaludon|def|1
|move|p1a: Archaludon|Electro Shot||[still]
|-prepare|p1a: Archaludon|Electro Shot
|-boost|p1a: Archaludon|spa|1
|-anim|p1a: Archaludon|Electro Shot|p2b: Scyther
|-supereffective|p2b: Scyther
|-damage|p2b: Scyther|0 fnt
|faint|p2b: Scyther
|move|p1b: Politoed|Muddy Water|p2a: Incineroar
|-supereffective|p2a: Incineroar
|-damage|p2a: Incineroar|7/100
|move|p2a: Incineroar|Knock Off|p1b: Politoed
|-damage|p1b: Politoed|0 fnt
|faint|p1b: Politoed
|
|-weather|RainDance|[upkeep]
|upkeep
|
|t:|1757918988
|switch|p1b: Basculegion|Basculegion, L50, M, tera:Water|63/100
|turn|8
|
|t:|1757918993
|move|p1b: Basculegion|Wave Crash|p2a: Incineroar
|-supereffective|p2a: Incineroar
|-damage|p2a: Incineroar|0 fnt
|faint|p2a: Incineroar
|-damage|p1b: Basculegion|61/100|[from] Recoil
|-damage|p1b: Basculegion|51/100|[from] item: Life Orb
|
|win|arielrai
||mochamecha is ready for game 2.
||arielrai is ready for game 2.
|uhtml|next|Next: Game 2 of 3
|l|☆mochamecha
|player|p2|
