|j|☆pechugadepollico
|j|☆fcjavic01
|html|pechugadepollicofcjavic01    
|uhtml|bestof|Game 3 of a best-of-3
|t:|1785163823
|gametype|doubles
|player|p1|pechugadepollico|169|1340
|player|p2|fcjavic01|ninjaboy|1408
|gen|9
|tier|[Gen 9 Champions] VGC 2026 Reg M-B (Bo3)
|rated|
|rule|Species Clause: Limit one of each Pokémon
|rule|Item Clause: Limit 1 of each item
|clearpoke
|poke|p1|Umbreon, L50, M|
|poke|p1|Charizard, L50, M|
|poke|p1|Sylveon, L50, M|
|poke|p1|Farigiraf, L50, F|
|poke|p1|Aerodactyl, L50, F|
|poke|p1|Garchomp, L50, M|
|poke|p2|Charizard, L50, M|
|poke|p2|Venusaur, L50, M|
|poke|p2|Sinistcha, L50|
|poke|p2|Incineroar, L50, M|
|poke|p2|Floette-Eternal, L50, F|
|poke|p2|Garchomp, L50, F|
|teampreview|4
|showteam|p1|Umbreon||Leftovers|InnerFocus|Wish,Toxic,HelpingHand,Snarl|Bold||M|||50|]Charizard||CharizarditeY|Blaze|Protect,SolarBeam,WeatherBall,HeatWave|Modest||M|||50|]Sylveon||FairyFeather|Pixilate|Protect,QuickAttack,HyperVoice,HyperBeam|Modest||M|||50|]Farigiraf||SitrusBerry|ArmorTail|TrickRoom,GrassKnot,TwinBeam,Thunderbolt|Bold||F|||50|]Aerodactyl||Aerodactylite|Unnerve|Tailwind,IceFang,DualWingbeat,RockSlide|Jolly||F|||50|]Garchomp||LifeOrb|RoughSkin|Protect,RockSlide,DragonClaw,StompingTantrum|Jolly||M|||50|
|showteam|p2|Charizard||CharizarditeY|Blaze|Protect,HelpingHand,WeatherBall,HeatWave|Modest||M|||50|]Venusaur||FocusSash|Chlorophyll|SludgeBomb,LeafStorm,Protect,SleepPowder|Timid||M|||50|]Sinistcha||ColburBerry|Hospitality|TrickRoom,Protect,MatchaGotcha,RagePowder|Relaxed|||||50|]Incineroar||SitrusBerry|Intimidate|FakeOut,FlareBlitz,ThroatChop,PartingShot|Impish||M|||50|]Floette-Eternal||Floettite|FlowerVeil|DazzlingGleam,Protect,DrainingKiss,CalmMind|Modest||F|||50|]Garchomp||ChoiceScarf|RoughSkin|Earthquake,RockSlide,DragonClaw,StompingTantrum|Adamant||F|||50|
|inactive|Battle timer is ON: inactive players will automatically lose when time's up. (requested by fcjavic01)
|
|t:|1785163855
|teamsize|p1|4
|teamsize|p2|4
|start
|switch|p1a: Farigiraf|Farigiraf, L50, F|100/100
|switch|p1b: Garchomp|Garchomp, L50, M|100/100
|switch|p2a: Charizard|Charizard, L50, M|100/100
|switch|p2b: Venusaur|Venusaur, L50, M|100/100
|turn|1
|inactive|fcjavic01 has 30 seconds left.
|inactive|fcjavic01 has 20 seconds left.
|inactive|fcjavic01 has 15 seconds left.
|
|t:|1785163897
|switch|p2a: Incineroar|Incineroar, L50, M|100/100
|-ability|p2a: Incineroar|Intimidate|boost
|-unboost|p1a: Farigiraf|atk|1
|-unboost|p1b: Garchomp|atk|1
|move|p1b: Garchomp|Rock Slide|p2a: Incineroar|[spread] p2a,p2b
|-supereffective|p2a: Incineroar|1
|-damage|p2a: Incineroar|72/100
|-damage|p2b: Venusaur|77/100
|-damage|p1b: Garchomp|90/100|[from] item: Life Orb
|move|p2b: Venusaur|Sleep Powder|p1a: Farigiraf
|-status|p1a: Farigiraf|slp|[from] move: Sleep Powder
|cant|p1a: Farigiraf|slp
|
|upkeep
|turn|2
|inactive|fcjavic01 has 30 seconds left.
|
|t:|1785163928
|switch|p2b: Charizard|Charizard, L50, M|100/100
|move|p1b: Garchomp|Stomping Tantrum|p2a: Incineroar
|-supereffective|p2a: Incineroar|1
|-damage|p2a: Incineroar|18/100
|-enditem|p2a: Incineroar|Sitrus Berry|[eat]
|-heal|p2a: Incineroar|43/100|[from] item: Sitrus Berry
|-damage|p1b: Garchomp|80/100|[from] item: Life Orb
|move|p2a: Incineroar|Parting Shot|p1b: Garchomp
|-unboost|p1b: Garchomp|atk|1
|-unboost|p1b: Garchomp|spa|1
|
|t:|1785163938
|switch|p2a: Venusaur|Venusaur, L50, M|77/100|[from] Parting Shot
|-curestatus|p1a: Farigiraf|slp|[msg]
|move|p1a: Farigiraf|Trick Room|p1a: Farigiraf
|-fieldstart|move: Trick Room|[of] p1a: Farigiraf
|
|upkeep
|turn|3
|
|t:|1785163950
|detailschange|p2b: Charizard|Charizard-Mega-Y, L50, M
|-mega|p2b: Charizard|Charizard|Charizardite Y
|-weather|SunnyDay|[from] ability: Drought|[of] p2b: Charizard
|move|p1a: Farigiraf|Twin Beam|p2a: Venusaur
|-supereffective|p2a: Venusaur|1
|-damage|p2a: Venusaur|41/100
|-supereffective|p2a: Venusaur|1
|-damage|p2a: Venusaur|5/100
|-hitcount|p2a: Venusaur|2
|move|p2b: Charizard|Heat Wave|p1a: Farigiraf|[spread] p1a
|-miss|p2b: Charizard|p1b: Garchomp
|-damage|p1a: Farigiraf|43/100
|-enditem|p1a: Farigiraf|Sitrus Berry|[eat]
|-heal|p1a: Farigiraf|67/100|[from] item: Sitrus Berry
|move|p1b: Garchomp|Rock Slide|p2b: Charizard|[spread] p2b
|-miss|p1b: Garchomp|p2a: Venusaur
|-supereffective|p2b: Charizard|2
|-damage|p2b: Charizard|50/100g
|-damage|p1b: Garchomp|70/100|[from] item: Life Orb
|move|p2a: Venusaur|Sludge Bomb|p1b: Garchomp
|-resisted|p1b: Garchomp|1
|-damage|p1b: Garchomp|49/100
|
|-weather|SunnyDay|[upkeep]
|upkeep
|turn|4
|
|t:|1785163972
|move|p2b: Charizard|Protect|p2b: Charizard
|-singleturn|p2b: Charizard|Protect
|move|p2a: Venusaur|Protect|p2a: Venusaur
|-singleturn|p2a: Venusaur|Protect
|move|p1a: Farigiraf|Thunderbolt|p2b: Charizard
|-activate|p2b: Charizard|move: Protect
|move|p1b: Garchomp|Dragon Claw|p2a: Venusaur
|-activate|p2a: Venusaur|move: Protect
|
|-weather|SunnyDay|[upkeep]
|upkeep
|turn|5
|
|t:|1785163986
|switch|p2a: Incineroar|Incineroar, L50, M|43/100
|-ability|p2a: Incineroar|Intimidate|boost
|-unboost|p1a: Farigiraf|atk|1
|-unboost|p1b: Garchomp|atk|1
|move|p1a: Farigiraf|Thunderbolt|p2b: Charizard
|-supereffective|p2b: Charizard|1
|-damage|p2b: Charizard|7/100
|move|p2b: Charizard|Weather Ball|p1a: Farigiraf
|-damage|p1a: Farigiraf|0 fnt
|faint|p1a: Farigiraf
|move|p1b: Garchomp|Stomping Tantrum|p2a: Incineroar
|-supereffective|p2a: Incineroar|1
|-damage|p2a: Incineroar|12/100
|-damage|p1b: Garchomp|40/100|[from] item: Life Orb
|
|-weather|SunnyDay|[upkeep]
|upkeep
|
|t:|1785163996
|switch|p1a: Umbreon|Umbreon, L50, M|100/100
|turn|6
|
|t:|1785164010
|switch|p1b: Sylveon|Sylveon, L50, M|100/100
|move|p2b: Charizard|Protect|p2b: Charizard
|-singleturn|p2b: Charizard|Protect
|move|p1a: Umbreon|Wish|p1a: Umbreon
|move|p2a: Incineroar|Flare Blitz|p1b: Sylveon
|-damage|p1b: Sylveon|10/100
|-damage|p2a: Incineroar|0 fnt|[from] Recoil
|faint|p2a: Incineroar
|
|-weather|SunnyDay|[upkeep]
|-fieldend|move: Trick Room
|upkeep
|
|t:|1785164016
|switch|p2a: Garchomp|Garchomp, L50, F|100/100
|turn|7
|
|t:|1785164027
|switch|p1a: Garchomp|Garchomp, L50, M|40/100
|move|p2a: Garchomp|Earthquake|p1a: Garchomp|[spread] p1a,p1b
|-immune|p2b: Charizard
|-damage|p1a: Garchomp|0 fnt
|-damage|p1b: Sylveon|0 fnt
|faint|p1a: Garchomp
|faint|p1b: Sylveon
|move|p2b: Charizard|Weather Ball|p1: Garchomp|[notarget]
|-fail|p2b: Charizard
|
|-weather|none
|upkeep
|
|t:|1785164031
|switch|p1b: Umbreon|Umbreon, L50, M|100/100
|turn|8
|
|t:|1785164037
|switch|p2b: Venusaur|Venusaur, L50, M|5/100
|move|p2a: Garchomp|Earthquake|p1b: Umbreon|[spread] p2b,p1b
|-crit|p2b: Venusaur
|-damage|p2b: Venusaur|0 fnt
|-damage|p1b: Umbreon|75/100
|faint|p2b: Venusaur
|move|p1b: Umbreon|Snarl|p2a: Garchomp
|-damage|p2a: Garchomp|86/100
|-unboost|p2a: Garchomp|spa|1
|
|-heal|p1b: Umbreon|81/100|[from] item: Leftovers
|upkeep
|
|t:|1785164042
|switch|p2b: Charizard|Charizard-Mega-Y, L50, M|7/100
|-weather|SunnyDay|[from] ability: Drought|[of] p2b: Charizard
|turn|9
|
|t:|1785164050
|move|p2a: Garchomp|Earthquake|p1b: Umbreon|[spread] p1b
|-immune|p2b: Charizard
|-damage|p1b: Umbreon|53/100
|move|p2b: Charizard|Weather Ball|p1b: Umbreon
|-damage|p1b: Umbreon|0 fnt
|faint|p1b: Umbreon
|
|win|fcjavic01
|raw|pechugadepollico's rating: 1340 → 1324(-16 for losing)
|raw|fcjavic01's rating: 1408 → 1424(+16 for winning)
|l|☆pechugadepollico
|player|p1|
|j| tedidn
