|j|☆cooledoregon
|j|☆lettitripppp
|html|cooledoregonlettitripppp    
|uhtml|bestof|Game 2 of a best-of-3
|t:|1783359533
|gametype|doubles
|player|p1|cooledoregon|266|1186
|player|p2|lettitripppp|lucas|1272
|gen|9
|tier|[Gen 9 Champions] VGC 2026 Reg M-B (Bo3)
|rated|
|rule|Species Clause: Limit one of each Pokémon
|rule|Item Clause: Limit 1 of each item
|clearpoke
|poke|p1|Rotom-Wash, L50|
|poke|p1|Sneasler, L50, F|
|poke|p1|Froslass, L50, F|
|poke|p1|Glimmora, L50, M|
|poke|p1|Garchomp, L50, M|
|poke|p1|Floette-Eternal, L50, F|
|poke|p2|Charizard, L50, F|
|poke|p2|Basculegion, L50, M|
|poke|p2|Whimsicott, L50, M, shiny|
|poke|p2|Garchomp, L50, F, shiny|
|poke|p2|Floette-Eternal, L50, F|
|poke|p2|Kingambit, L50, M, shiny|
|teampreview|4
|showteam|p1|Rotom-Wash||ChoiceScarf|Levitate|VoltSwitch,Electroweb,HydroPump,Thunderbolt|Timid|||||50|]Sneasler||WhiteHerb|Unburden|FakeOut,DireClaw,CloseCombat,Protect|Jolly||F|||50|]Froslass||Froslassite|CursedBody|ShadowBall,Blizzard,AuroraVeil,Protect|Timid||F|||50|]Glimmora||FocusSash|ToxicDebris|PowerGem,EarthPower,SludgeBomb,SpikyShield|Timid||M|||50|]Garchomp||LifeOrb|RoughSkin|Earthquake,StompingTantrum,DragonClaw,Protect|Jolly||M|||50|]Floette-Eternal||Floettite|FlowerVeil|DazzlingGleam,LightofRuin,Moonblast,Protect|Timid||F|||50|
|showteam|p2|Charizard||CharizarditeY|Blaze|WeatherBall,SolarBeam,HeatWave,Protect|Modest||F|||50|]Basculegion||MysticWater|Adaptability|LastRespects,WaveCrash,AquaJet,Protect|Adamant||M|||50|]Whimsicott||FocusSash|Prankster|Moonblast,Tailwind,Encore,Protect|Timid||M|||50|]Garchomp||LifeOrb|RoughSkin|DragonClaw,Earthquake,RockSlide,Protect|Jolly||F|||50|]Floette-Eternal||Floettite|FlowerVeil|DazzlingGleam,LightofRuin,Moonblast,Protect|Modest||F|||50|]Kingambit||ChopleBerry|Defiant|KowtowCleave,SuckerPunch,IronHead,LowKick|Adamant||M|||50|
|inactive|Battle timer is ON: inactive players will automatically lose when time's up. (requested by cooledoregon)
|inactive|lettitripppp also wants the timer to be on.
|inactive|cooledoregon has 60 seconds left.
|inactive|cooledoregon has 30 seconds left.
|
|t:|1783359595
|teamsize|p1|4
|teamsize|p2|4
|start
|switch|p1a: La Pallina|Glimmora, L50, M|100/100
|switch|p1b: Froslass|Froslass, L50, F|100/100
|switch|p2a: CRUSH SHARK|Garchomp, L50, F, shiny|100/100
|switch|p2b: LETS GO GO|Whimsicott, L50, M, shiny|100/100
|turn|1
|inactive|cooledoregon has 30 seconds left.
|
|t:|1783359629
|detailschange|p1b: Froslass|Froslass-Mega, L50, F
|-mega|p1b: Froslass|Froslass|Froslassite
|-weather|Snowscape|[from] ability: Snow Warning|[of] p1b: Froslass
|move|p2b: LETS GO GO|Tailwind|p2b: LETS GO GO
|-sidestart|p2: lettitripppp|move: Tailwind
|move|p2a: CRUSH SHARK|Earthquake|p1b: Froslass|[spread] p2b,p1a,p1b
|-resisted|p2b: LETS GO GO|1
|-supereffective|p1a: La Pallina|2
|-damage|p2b: LETS GO GO|63/100
|-enditem|p1a: La Pallina|Focus Sash
|-damage|p1a: La Pallina|1/100
|-damage|p1b: Froslass|44/100
|-activate|p1a: La Pallina|ability: Toxic Debris
|-sidestart|p2: lettitripppp|move: Toxic Spikes
|-damage|p2a: CRUSH SHARK|90/100|[from] item: Life Orb
|move|p1b: Froslass|Aurora Veil|p1b: Froslass
|-sidestart|p1: cooledoregon|move: Aurora Veil
|move|p1a: La Pallina|Sludge Bomb|p2b: LETS GO GO
|-supereffective|p2b: LETS GO GO|2
|-damage|p2b: LETS GO GO|0 fnt
|faint|p2b: LETS GO GO
|
|-weather|Snowscape|[upkeep]
|upkeep
|
|t:|1783359645
|switch|p2b: AGNI|Charizard, L50, F|100/100
|turn|2
|
|t:|1783359659
|detailschange|p2b: AGNI|Charizard-Mega-Y, L50, F
|-mega|p2b: AGNI|Charizard|Charizardite Y
|-weather|SunnyDay|[from] ability: Drought|[of] p2b: AGNI
|move|p1b: Froslass|Protect|p1b: Froslass
|-singleturn|p1b: Froslass|Protect
|move|p1a: La Pallina|Spiky Shield|p1a: La Pallina
|-singleturn|p1a: La Pallina|move: Protect
|move|p2a: CRUSH SHARK|Earthquake|p1a: La Pallina|[spread] 
|-activate|p1a: La Pallina|move: Protect
|-activate|p1b: Froslass|move: Protect
|-immune|p2b: AGNI
|move|p2b: AGNI|Heat Wave|p1b: Froslass|[spread] 
|-activate|p1a: La Pallina|move: Protect
|-activate|p1b: Froslass|move: Protect
|
|-weather|SunnyDay|[upkeep]
|upkeep
|turn|3
|
|t:|1783359684
|switch|p1b: O Motor|Rotom-Wash, L50|100/100
|move|p1a: La Pallina|Spiky Shield|p1a: La Pallina
|-singleturn|p1a: La Pallina|move: Protect
|move|p2a: CRUSH SHARK|Earthquake|p1b: O Motor|[spread] 
|-activate|p1a: La Pallina|move: Protect
|-immune|p2b: AGNI
|-immune|p1b: O Motor|[from] ability: Levitate
|move|p2b: AGNI|Weather Ball|p1b: O Motor
|-resisted|p1b: O Motor|1
|-damage|p1b: O Motor|64/100
|
|-weather|SunnyDay|[upkeep]
|upkeep
|turn|4
|inactive|cooledoregon has 30 seconds left.
|inactive|cooledoregon has 20 seconds left.
|inactive|cooledoregon has 15 seconds left.
|inactive|cooledoregon has 10 seconds left.
|inactive|cooledoregon has 5 seconds left.
|
|t:|1783359735
|move|p2a: CRUSH SHARK|Earthquake|p1a: La Pallina|[spread] p1a
|-immune|p2b: AGNI
|-immune|p1b: O Motor|[from] ability: Levitate
|-supereffective|p1a: La Pallina|2
|-damage|p1a: La Pallina|0 fnt
|-activate|p1a: La Pallina|ability: Toxic Debris
|-sidestart|p2: lettitripppp|move: Toxic Spikes
|faint|p1a: La Pallina
|-damage|p2a: CRUSH SHARK|80/100|[from] item: Life Orb
|move|p2b: AGNI|Solar Beam||[still]
|-prepare|p2b: AGNI|Solar Beam
|-anim|p2b: AGNI|Solar Beam|p1b: O Motor
|-supereffective|p1b: O Motor|1
|-damage|p1b: O Motor|0 fnt
|faint|p1b: O Motor
|
|-weather|SunnyDay|[upkeep]
|-sideend|p2: lettitripppp|move: Tailwind
|upkeep
|
|t:|1783359747
|switch|p1a: Marta|Sneasler, L50, F|100/100
|switch|p1b: Froslass|Froslass-Mega, L50, F|44/100
|-weather|Snowscape|[from] ability: Snow Warning|[of] p1b: Froslass
|turn|5
|
|t:|1783359755
|move|p2a: CRUSH SHARK|Protect|p2a: CRUSH SHARK
|-singleturn|p2a: CRUSH SHARK|Protect
|move|p2b: AGNI|Protect|p2b: AGNI
|-singleturn|p2b: AGNI|Protect
|move|p1b: Froslass|Shadow Ball|p2b: AGNI
|-activate|p2b: AGNI|move: Protect
|move|p1a: Marta|Dire Claw|p2b: AGNI
|-activate|p2b: AGNI|move: Protect
|
|-weather|Snowscape|[upkeep]
|-sideend|p1: cooledoregon|move: Aurora Veil
|upkeep
|turn|6
|
|t:|1783359763
|move|p1a: Marta|Close Combat|p2b: AGNI
|-resisted|p2b: AGNI|1
|-damage|p2b: AGNI|63/100
|-unboost|p1a: Marta|def|1
|-unboost|p1a: Marta|spd|1
|-enditem|p1a: Marta|White Herb
|-clearnegativeboost|p1a: Marta|[silent]
|move|p1b: Froslass|Blizzard|p2b: AGNI|[spread] p2a,p2b
|-supereffective|p2a: CRUSH SHARK|2
|-damage|p2a: CRUSH SHARK|0 fnt
|-damage|p2b: AGNI|24/100
|faint|p2a: CRUSH SHARK
|move|p2b: AGNI|Heat Wave|p1a: Marta|[spread] p1a,p1b
|-supereffective|p1b: Froslass|1
|-damage|p1a: Marta|38/100
|-damage|p1b: Froslass|0 fnt
|faint|p1b: Froslass
|
|-weather|Snowscape|[upkeep]
|upkeep
|
|t:|1783359776
|switch|p2a: GHOSTWAVE|Basculegion, L50, M|100/100
|-status|p2a: GHOSTWAVE|tox
|turn|7
|
|t:|1783359780
|move|p2a: GHOSTWAVE|Aqua Jet|p1a: Marta
|-damage|p1a: Marta|0 fnt
|faint|p1a: Marta
|
|win|lettitripppp
|raw|cooledoregon's rating: 1186 → 1167(-19 for losing)
|raw|lettitripppp's rating: 1272 → 1291(+19 for winning)
|l|☆cooledoregon
|player|p1|
