|j|☆sum1dum
|j|☆chan chai rap xiec
|html|sum1dumchan chai rap xiec    
|uhtml|bestof|Game 1 of a best-of-3
|t:|1784078861
|gametype|doubles
|player|p1|sum1dum|rosa|1158
|player|p2|chan chai rap xiec|101|1049
|gen|9
|tier|[Gen 9 Champions] VGC 2026 Reg M-B (Bo3)
|rated|
|rule|Species Clause: Limit one of each Pokémon
|rule|Item Clause: Limit 1 of each item
|clearpoke
|poke|p1|Gliscor, L50, F|
|poke|p1|Primarina, L50, F|
|poke|p1|Metagross, L50|
|poke|p1|Ninetales-Alola, L50, M|
|poke|p1|Incineroar, L50, F|
|poke|p1|Sinistcha, L50|
|poke|p2|Sceptile, L50, F|
|poke|p2|Rotom-Heat, L50|
|poke|p2|Farigiraf, L50, M|
|poke|p2|Ninetales-Alola, L50, M|
|poke|p2|Aegislash, L50, F|
|poke|p2|Slowbro, L50, F|
|teampreview|4
|showteam|p1|Gliscor||LifeOrb|HyperCutter|DualWingbeat,HighHorsepower,Protect,RockSlide|Jolly||F|||50|]Primarina||Leftovers|LiquidVoice|CalmMind,HyperVoice,Moonblast,Protect|Modest||F|||50|]Metagross||Metagrossite|ClearBody|BulletPunch,IronHead,Protect,PsychicFangs|Jolly|||||50|]Ninetales-Alola||LightClay|SnowWarning|AuroraVeil,FreezeDry,Moonblast,Protect|Timid||M|||50|]Incineroar||ChopleBerry|Intimidate|FakeOut,FlareBlitz,DarkestLariat,PartingShot|Impish||F|||50|]Sinistcha||SitrusBerry|Hospitality|MatchaGotcha,Protect,LifeDew,RagePowder|Bold|||||50|
|showteam|p2|Sceptile||Sceptilite|Overgrow|Protect,EnergyBall,EarthPower,DragonPulse|Timid||F|||50|]Rotom-Heat||ChoiceScarf|Levitate|Overheat,Discharge,Electroweb,Trick|Naive|||||50|]Farigiraf||SitrusBerry|ArmorTail|AllySwitch,TrickRoom,TwinBeam,HelpingHand|Relaxed||M|||50|]Ninetales-Alola||LifeOrb|SnowWarning|Blizzard,Protect,FreezeDry,DazzlingGleam|Timid||M|||50|]Aegislash||MentalHerb|StanceChange|Poltergeist,IronHead,KingsShield,ShadowSneak|Adamant||F|||50|]Slowbro||Slowbronite|Oblivious|BodyPress,StoredPower,IronDefense,SlackOff|Sassy||F|||50|
|inactive|Battle timer is ON: inactive players will automatically lose when time's up. (requested by sum1dum)
|inactive|sum1dum has 60 seconds left.
|inactive|chan chai rap xiec has 60 seconds left.
|
|t:|1784078917
|teamsize|p1|4
|teamsize|p2|4
|start
|switch|p1a: Bravery|Gliscor, L50, F|100/100
|switch|p1b: Justice|Incineroar, L50, F|100/100
|switch|p2a: Rotom|Rotom-Heat, L50|100/100
|switch|p2b: Farigiraf|Farigiraf, L50, M|100/100
|-ability|p1b: Justice|Intimidate|boost
|-unboost|p2a: Rotom|atk|1
|-unboost|p2b: Farigiraf|atk|1
|turn|1
|inactive|sum1dum has 30 seconds left.
|inactive|chan chai rap xiec has 30 seconds left.
|
|t:|1784078949
|move|p1a: Bravery|Protect|p1a: Bravery
|-singleturn|p1a: Bravery|Protect
|move|p2a: Rotom|Trick|p1b: Justice
|-activate|p2a: Rotom|move: Trick|[of] p1b: Justice
|-item|p1b: Justice|Choice Scarf|[from] move: Trick
|-item|p2a: Rotom|Chople Berry|[from] move: Trick
|move|p1b: Justice|Darkest Lariat|p2b: Farigiraf
|-supereffective|p2b: Farigiraf|1
|-damage|p2b: Farigiraf|52/100
|move|p2b: Farigiraf|Trick Room|p2b: Farigiraf
|-fieldstart|move: Trick Room|[of] p2b: Farigiraf
|
|upkeep
|turn|2
|
|t:|1784078972
|move|p2b: Farigiraf|Helping Hand|p2a: Rotom
|-singleturn|p2a: Rotom|Helping Hand|[of] p2b: Farigiraf
|move|p1b: Justice|Darkest Lariat|p2b: Farigiraf
|-supereffective|p2b: Farigiraf|1
|-damage|p2b: Farigiraf|1/100
|-enditem|p2b: Farigiraf|Sitrus Berry|[eat]
|-heal|p2b: Farigiraf|25/100|[from] item: Sitrus Berry
|move|p2a: Rotom|Overheat|p1a: Bravery|[miss]
|-miss|p2a: Rotom|p1a: Bravery
|move|p1a: Bravery|Rock Slide|p2a: Rotom|[spread] p2a,p2b
|-supereffective|p2a: Rotom|1
|-crit|p2a: Rotom
|-damage|p2a: Rotom|22/100
|-damage|p2b: Farigiraf|12/100
|-damage|p1a: Bravery|90/100|[from] item: Life Orb
|
|upkeep
|turn|3
|
|t:|1784078988
|move|p2b: Farigiraf|Helping Hand|p2a: Rotom
|-singleturn|p2a: Rotom|Helping Hand|[of] p2b: Farigiraf
|move|p1a: Bravery|Protect|p1a: Bravery
|-singleturn|p1a: Bravery|Protect
|move|p1b: Justice|Darkest Lariat|p2a: Rotom
|-damage|p2a: Rotom|0 fnt
|faint|p2a: Rotom
|
|upkeep
|
|t:|1784078993
|switch|p2a: Slowbro|Slowbro, L50, F|100/100
|turn|4
|
|t:|1784079009
|detailschange|p2a: Slowbro|Slowbro-Mega, L50, F
|-mega|p2a: Slowbro|Slowbro|Slowbronite
|move|p2a: Slowbro|Iron Defense|p2a: Slowbro
|-boost|p2a: Slowbro|def|2
|move|p2b: Farigiraf|Twin Beam|p1a: Bravery
|-damage|p1a: Bravery|66/100
|-damage|p1a: Bravery|41/100
|-hitcount|p1a: Bravery|2
|move|p1b: Justice|Darkest Lariat|p2a: Slowbro
|-supereffective|p2a: Slowbro|1
|-damage|p2a: Slowbro|64/100
|move|p1a: Bravery|Rock Slide|p2a: Slowbro|[spread] p2a,p2b
|-damage|p2a: Slowbro|59/100
|-damage|p2b: Farigiraf|0 fnt
|faint|p2b: Farigiraf
|-damage|p1a: Bravery|31/100|[from] item: Life Orb
|
|upkeep
|
|t:|1784079019
|switch|p2b: Aegislash|Aegislash, L50, F|100/100
|turn|5
|
|t:|1784079036
|move|p1a: Bravery|Protect|p1a: Bravery
|-singleturn|p1a: Bravery|Protect
|move|p2a: Slowbro|Iron Defense|p2a: Slowbro
|-boost|p2a: Slowbro|def|2
|-formechange|p2b: Aegislash|Aegislash-Blade|
|move|p2b: Aegislash|Poltergeist|p1a: Bravery
|-activate|p1a: Bravery|move: Protect
|move|p1b: Justice|Darkest Lariat|p2b: Aegislash
|-supereffective|p2b: Aegislash|1
|-damage|p2b: Aegislash|0 fnt
|faint|p2b: Aegislash
|
|-fieldend|move: Trick Room
|upkeep
|turn|6
|
|t:|1784079047
|move|p1a: Bravery|High Horsepower|p2a: Slowbro
|-damage|p2a: Slowbro|50/100y
|-damage|p1a: Bravery|21/100|[from] item: Life Orb
|move|p1b: Justice|Darkest Lariat|p2a: Slowbro
|-supereffective|p2a: Slowbro|1
|-damage|p2a: Slowbro|13/100
|move|p2a: Slowbro|Iron Defense|p2a: Slowbro
|-boost|p2a: Slowbro|def|2
|
|upkeep
|turn|7
|
|t:|1784079055
|move|p1a: Bravery|High Horsepower|p2a: Slowbro
|-damage|p2a: Slowbro|6/100
|-damage|p1a: Bravery|11/100|[from] item: Life Orb
|move|p1b: Justice|Darkest Lariat|p2a: Slowbro
|-supereffective|p2a: Slowbro|1
|-damage|p2a: Slowbro|0 fnt
|faint|p2a: Slowbro
|
|win|sum1dum
