|j|☆fly butterfly fly
|j|☆ULYSSEMAGERANGS
|html|fly butterfly flyULYSSEMAGERANGS    
|uhtml|bestof|Game 1 of a best-of-3
|t:|1784841499
|gametype|doubles
|player|p1|fly butterfly fly|170|1239
|player|p2|ULYSSEMAGERANGS|cynthia-gen4|1115
|gen|9
|tier|[Gen 9 Champions] VGC 2026 Reg M-B (Bo3)
|rated|
|rule|Species Clause: Limit one of each Pokémon
|rule|Item Clause: Limit 1 of each item
|clearpoke
|poke|p1|Kangaskhan, L50, F|
|poke|p1|Farigiraf, L50, M|
|poke|p1|Torkoal, L50, M|
|poke|p1|Vileplume, L50, M|
|poke|p1|Kommo-o, L50, F|
|poke|p1|Pyroar, L50, F|
|poke|p2|Sylveon, L50, F, shiny|
|poke|p2|Metagross, L50, shiny|
|poke|p2|Grimmsnarl, L50, M, shiny|
|poke|p2|Incineroar, L50, M, shiny|
|poke|p2|Charizard, L50, M, shiny|
|poke|p2|Garchomp, L50, M, shiny|
|teampreview|4
|showteam|p1|Kangaskhan||SilkScarf|Scrappy|FakeOut,LastResort|Adamant||F|||50|]Farigiraf||ColburBerry|ArmorTail|Psychic,Thunderbolt,Protect,TrickRoom|Bold||M|||50|]Torkoal||Charcoal|Drought|Eruption,WeatherBall,HelpingHand,Protect|Quiet||M|||50|]Vileplume||FocusSash|Chlorophyll|SleepPowder,EnergyBall,SludgeBomb,AfterYou|Timid||M|||50|]Kommo-o||HabanBerry|Overcoat|ClangingScales,AuraSphere,ClangorousSoul,Protect|Modest||F|||50|]Pyroar||Pyroarite|Unnerve|HeatWave,Overheat,ScorchingSands,Protect|Timid||F|||50|
|showteam|p2|Sylveon||LifeOrb|Pixilate|HyperVoice,Moonblast,HyperBeam,Protect|Modest||F|||50|]Metagross||Metagrossite|ClearBody|BodyPress,IcePunch,IronHead,PsychicFangs|Jolly|||||50|]Grimmsnarl||LightClay|Prankster|LightScreen,Reflect,SpiritBreak,FoulPlay|Careful||M|||50|]Incineroar||PasshoBerry|Intimidate|FakeOut,FlareBlitz,DarkestLariat,CloseCombat|Adamant||M|||50|]Charizard||CharizarditeY|Blaze|Flamethrower,HeatWave,Hurricane,SolarBeam|Modest||M|||50|]Garchomp||Garchompite|RoughSkin|DragonClaw,Earthquake,Liquidation,StompingTantrum|Adamant||M|||50|
|inactive|Battle timer is ON: inactive players will automatically lose when time's up. (requested by ULYSSEMAGERANGS)
|inactive|fly butterfly fly has 60 seconds left.
|
|t:|1784841535
|teamsize|p1|4
|teamsize|p2|4
|start
|switch|p1a: Kangaskhan|Kangaskhan, L50, F|100/100
|switch|p1b: Farigiraf|Farigiraf, L50, M|100/100
|switch|p2a: Grimmsnarl|Grimmsnarl, L50, M, shiny|100/100
|switch|p2b: Sylveon|Sylveon, L50, F, shiny|100/100
|turn|1
|
|t:|1784841558
|move|p2b: Sylveon|Protect|p2b: Sylveon
|-singleturn|p2b: Sylveon|Protect
|move|p1a: Kangaskhan|Fake Out|p2b: Sylveon
|-activate|p2b: Sylveon|move: Protect
|move|p2a: Grimmsnarl|Reflect|p2a: Grimmsnarl
|-sidestart|p2: ULYSSEMAGERANGS|Reflect
|move|p1b: Farigiraf|Psychic|p2b: Sylveon
|-activate|p2b: Sylveon|move: Protect
|
|upkeep
|turn|2
|
|t:|1784841577
|move|p2a: Grimmsnarl|Light Screen|p2a: Grimmsnarl
|-sidestart|p2: ULYSSEMAGERANGS|move: Light Screen
|move|p1a: Kangaskhan|Last Resort|p2b: Sylveon
|-damage|p2b: Sylveon|39/100
|move|p1b: Farigiraf|Psychic|p2b: Sylveon
|-damage|p2b: Sylveon|23/100
|move|p2b: Sylveon|Hyper Voice|p1a: Kangaskhan|[spread] p1a,p1b
|-damage|p1a: Kangaskhan|42/100
|-damage|p1b: Farigiraf|44/100
|-damage|p2b: Sylveon|13/100|[from] item: Life Orb
|
|upkeep
|turn|3
|
|t:|1784841597
|move|p2b: Sylveon|Protect|p2b: Sylveon
|-singleturn|p2b: Sylveon|Protect
|move|p1a: Kangaskhan|Last Resort|p2b: Sylveon
|-activate|p2b: Sylveon|move: Protect
|move|p2a: Grimmsnarl|Foul Play|p1a: Kangaskhan
|-damage|p1a: Kangaskhan|0 fnt
|faint|p1a: Kangaskhan
|move|p1b: Farigiraf|Trick Room|p1b: Farigiraf
|-fieldstart|move: Trick Room|[of] p1b: Farigiraf
|
|upkeep
|
|t:|1784841605
|switch|p1a: Torkoal|Torkoal, L50, M|100/100
|-weather|SunnyDay|[from] ability: Drought|[of] p1a: Torkoal
|turn|4
|
|t:|1784841611
|switch|p2b: Incineroar|Incineroar, L50, M, shiny|100/100
|-ability|p2b: Incineroar|Intimidate|boost
|-unboost|p1a: Torkoal|atk|1
|-unboost|p1b: Farigiraf|atk|1
|move|p1a: Torkoal|Eruption|p2b: Incineroar|[spread] p2a,p2b
|-resisted|p2b: Incineroar|1
|-damage|p2a: Grimmsnarl|53/100
|-damage|p2b: Incineroar|72/100
|move|p2a: Grimmsnarl|Spirit Break|p1b: Farigiraf
|-damage|p1b: Farigiraf|22/100
|-unboost|p1b: Farigiraf|spa|1
|move|p1b: Farigiraf|Thunderbolt|p2a: Grimmsnarl
|-damage|p2a: Grimmsnarl|46/100
|
|-weather|SunnyDay|[upkeep]
|upkeep
|turn|5
|inactive|fly butterfly fly has 30 seconds left.
|
|t:|1784841637
|switch|p1b: Kommo-o|Kommo-o, L50, F|100/100
|move|p1a: Torkoal|Eruption|p2b: Incineroar|[spread] p2a,p2b
|-resisted|p2b: Incineroar|1
|-damage|p2a: Grimmsnarl|1/100
|-damage|p2b: Incineroar|46/100
|move|p2a: Grimmsnarl|Spirit Break|p1b: Kommo-o
|-supereffective|p1b: Kommo-o|2
|-damage|p1b: Kommo-o|0 fnt
|faint|p1b: Kommo-o
|move|p2b: Incineroar|Darkest Lariat|p1a: Torkoal
|-damage|p1a: Torkoal|66/100
|
|-weather|SunnyDay|[upkeep]
|upkeep
|
|t:|1784841649
|switch|p1b: Farigiraf|Farigiraf, L50, M|22/100
|turn|6
|
|t:|1784841657
|move|p1a: Torkoal|Eruption|p2b: Incineroar|[spread] p2a,p2b
|-resisted|p2b: Incineroar|1
|-damage|p2a: Grimmsnarl|0 fnt
|-damage|p2b: Incineroar|28/100
|faint|p2a: Grimmsnarl
|move|p1b: Farigiraf|Thunderbolt|p2b: Incineroar
|-damage|p2b: Incineroar|14/100
|move|p2b: Incineroar|Darkest Lariat|p1a: Torkoal
|-damage|p1a: Torkoal|28/100
|
|-weather|SunnyDay|[upkeep]
|upkeep
|
|t:|1784841666
|switch|p2a: Garchomp|Garchomp, L50, M, shiny|100/100
|turn|7
|
|t:|1784841679
|detailschange|p2a: Garchomp|Garchomp-Mega, L50, M, shiny
|-mega|p2a: Garchomp|Garchomp|Garchompite
|move|p1a: Torkoal|Weather Ball|p2a: Garchomp
|-resisted|p2a: Garchomp|1
|-damage|p2a: Garchomp|75/100
|move|p2b: Incineroar|Darkest Lariat|p1b: Farigiraf
|-supereffective|p1b: Farigiraf|1
|-enditem|p1b: Farigiraf|Colbur Berry|[eat]
|-enditem|p1b: Farigiraf|Colbur Berry|[weaken]
|-damage|p1b: Farigiraf|0 fnt
|faint|p1b: Farigiraf
|move|p2a: Garchomp|Stomping Tantrum|p1a: Torkoal
|-supereffective|p1a: Torkoal|1
|-damage|p1a: Torkoal|0 fnt
|faint|p1a: Torkoal
|
|win|ULYSSEMAGERANGS
|inactive|fly butterfly fly has 30 seconds to confirm battle start!
|inactive|ULYSSEMAGERANGS has 30 seconds to confirm battle start!
|l|☆ULYSSEMAGERANGS
|player|p2|
||ULYSSEMAGERANGS is ready for game 2.
