|j|☆ToastedArt
|j|☆zinny21
|html|ToastedArtzinny21    
|uhtml|bestof|Game 1 of a best-of-3
|t:|1785970943
|gametype|doubles
|player|p1|ToastedArt|iris|1125
|player|p2|zinny21|workerice|1046
|gen|9
|tier|[Gen 9 Champions] VGC 2026 Reg M-B (Bo3)
|rated|
|rule|Species Clause: Limit one of each Pokémon
|rule|Item Clause: Limit 1 of each item
|clearpoke
|poke|p1|Staraptor, L50, M|
|poke|p1|Whimsicott, L50, F|
|poke|p1|Gholdengo, L50|
|poke|p1|Sinistcha, L50|
|poke|p1|Arcanine-Hisui, L50, F|
|poke|p1|Zoroark-Hisui, L50, M|
|poke|p2|Whimsicott, L50, F, shiny|
|poke|p2|Sceptile, L50, F, shiny|
|poke|p2|Heliolisk, L50, F|
|poke|p2|Garchomp, L50, M|
|poke|p2|Charizard, L50, M|
|poke|p2|Incineroar, L50, M|
|teampreview|4
|showteam|p1|Staraptor||Staraptite|Intimidate|CloseCombat,BraveBird,Roost,Protect|Jolly||M|||50|]Whimsicott||OccaBerry|Prankster|Encore,Tailwind,Charm,Moonblast|Timid||F|||50|]Gholdengo||LifeOrb|GoodasGold|MakeItRain,ShadowBall,NastyPlot,Protect|Modest|||||50|]Sinistcha||ColburBerry|Hospitality|MatchaGotcha,RagePowder,TrickRoom,Protect|Relaxed|||||50|]Arcanine-Hisui||FocusSash|RockHead|FlareBlitz,HeadSmash,ExtremeSpeed,Protect|Jolly||F|||50|]Zoroark-Hisui||SpellTag|Illusion|ShadowBall,IcyWind,WillOWisp,FakeTears|Timid||M|||50|
|showteam|p2|Whimsicott||HeatRock|Prankster|Tailwind,Moonblast,Protect,SunnyDay|Relaxed||F|||50|]Sceptile||Sceptilite|Overgrow|SolarBeam,DragonPulse,FocusBlast,Detect|Timid||F|||50|]Heliolisk||ChoiceScarf|SolarPower|Discharge,HyperBeam,VoltSwitch,Electrify|Modest||F|||50|]Garchomp||RoseliBerry|RoughSkin|Earthquake,DragonClaw,RockSlide,Protect|Jolly||M|||50|]Charizard||CharizarditeY|SolarPower|HeatWave,WeatherBall,Protect,AirSlash|Timid||M|||50|]Incineroar||SitrusBerry|Intimidate|FlareBlitz,DarkestLariat,FakeOut,PartingShot|Careful||M|||50|
|inactive|Battle timer is ON: inactive players will automatically lose when time's up. (requested by ToastedArt)
|inactive|zinny21 has 60 seconds left.
|
|t:|1785970978
|teamsize|p1|4
|teamsize|p2|4
|start
|switch|p1a: Staraptor|Staraptor, L50, M|100/100
|switch|p1b: Arcanine|Arcanine-Hisui, L50, F|100/100
|switch|p2a: Sceptile|Sceptile, L50, F, shiny|100/100
|switch|p2b: Heliolisk|Heliolisk, L50, F|100/100
|-ability|p1a: Staraptor|Intimidate|boost
|-unboost|p2a: Sceptile|atk|1
|-unboost|p2b: Heliolisk|atk|1
|turn|1
|inactive|ToastedArt has 30 seconds left.
|
|t:|1785971006
|detailschange|p2a: Sceptile|Sceptile-Mega, L50, F, shiny
|-mega|p2a: Sceptile|Sceptile|Sceptilite
|detailschange|p1a: Staraptor|Staraptor-Mega, L50, M
|-mega|p1a: Staraptor|Staraptor|Staraptite
|move|p1a: Staraptor|Protect|p1a: Staraptor
|-singleturn|p1a: Staraptor|Protect
|move|p2b: Heliolisk|Discharge|p1a: Staraptor|[spread] p1b
|-activate|p1a: Staraptor|move: Protect
|-ability|p2a: Sceptile|Lightning Rod|boost
|-boost|p2a: Sceptile|spa|1
|-damage|p1b: Arcanine|42/100
|-status|p1b: Arcanine|par
|replace|p1b: Zoroark|Zoroark-Hisui, L50, M
|-end|p1b: Zoroark|Illusion
|move|p2a: Sceptile|Focus Blast|p1b: Zoroark
|-immune|p1b: Zoroark
|move|p1b: Zoroark|Icy Wind|p2a: Sceptile|[spread] p2a,p2b
|-supereffective|p2a: Sceptile|2
|-damage|p2a: Sceptile|14/100
|-damage|p2b: Heliolisk|83/100
|-unboost|p2a: Sceptile|spe|1
|-unboost|p2b: Heliolisk|spe|1
|
|upkeep
|turn|2
|inactive|ToastedArt has 30 seconds left.
|inactive|zinny21 has 30 seconds left.
|inactive|zinny21 has 20 seconds left.
|inactive|zinny21 has 15 seconds left.
|
|t:|1785971048
|move|p1a: Staraptor|Close Combat|p2b: Heliolisk
|-supereffective|p2b: Heliolisk|1
|-damage|p2b: Heliolisk|0 fnt
|-boost|p1a: Staraptor|def|1
|-boost|p1a: Staraptor|spd|1
|faint|p2b: Heliolisk
|move|p2a: Sceptile|Dragon Pulse|p1b: Zoroark
|-damage|p1b: Zoroark|0 fnt
|faint|p1b: Zoroark
|
|upkeep
|
|t:|1785971066
|switch|p1b: Whimsicott|Whimsicott, L50, F|100/100
|switch|p2b: Whimsicott|Whimsicott, L50, F, shiny|100/100
|turn|3
|inactive|zinny21 has 30 seconds left.
|
|t:|1785971092
|move|p2b: Whimsicott|Sunny Day|p2b: Whimsicott
|-weather|SunnyDay
|move|p1b: Whimsicott|Moonblast|p2a: Sceptile
|-supereffective|p2a: Sceptile|1
|-damage|p2a: Sceptile|0 fnt
|faint|p2a: Sceptile
|move|p1a: Staraptor|Brave Bird|p2b: Whimsicott
|-supereffective|p2b: Whimsicott|1
|-damage|p2b: Whimsicott|0 fnt
|faint|p2b: Whimsicott
|-damage|p1a: Staraptor|70/100|[from] Recoil
|
|-weather|SunnyDay|[upkeep]
|upkeep
|
|t:|1785971110
|switch|p2a: Incineroar|Incineroar, L50, M|100/100
|-ability|p2a: Incineroar|Intimidate|boost
|-boost|p1a: Staraptor|atk|1
|-unboost|p1b: Whimsicott|atk|1
|turn|4
|
|t:|1785971124
|move|p1a: Staraptor|Protect|p1a: Staraptor
|-singleturn|p1a: Staraptor|Protect
|move|p1b: Whimsicott|Moonblast|p2a: Incineroar
|-crit|p2a: Incineroar
|-damage|p2a: Incineroar|67/100
|move|p2a: Incineroar|Flare Blitz|p1a: Staraptor
|-activate|p1a: Staraptor|move: Protect
|
|-weather|SunnyDay|[upkeep]
|upkeep
|turn|5
|
|t:|1785971135
|move|p1b: Whimsicott|Moonblast|p2a: Incineroar
|-damage|p2a: Incineroar|44/100
|-enditem|p2a: Incineroar|Sitrus Berry|[eat]
|-heal|p2a: Incineroar|69/100|[from] item: Sitrus Berry
|move|p1a: Staraptor|Close Combat|p2a: Incineroar
|-supereffective|p2a: Incineroar|1
|-damage|p2a: Incineroar|0 fnt
|-boost|p1a: Staraptor|def|1
|-boost|p1a: Staraptor|spd|1
|faint|p2a: Incineroar
|
|win|ToastedArt
