|j|☆Wo-Chien<3
|j|‽Felon74
|html|Wo-Chien<3Felon74    
|uhtml|bestof|Game 2 of a best-of-3
|t:|1757020513
|gametype|doubles
|player|p1|Wo-Chien<3|miku-ground|1145
|player|p2|Felon74|crasherwake|1173
|gen|9
|tier|[Gen 9] VGC 2025 Reg H (Bo3)
|rated|
|rule|Species Clause: Limit one of each Pokémon
|rule|Item Clause: Limit 1 of each item
|clearpoke
|poke|p1|Ninetales-Alola, L50, M|
|poke|p1|Electabuzz, L50, M|
|poke|p1|Dragonite, L50, F|
|poke|p1|Frosmoth, L50, F|
|poke|p1|Rillaboom, L50, F|
|poke|p1|Kingambit, L50, F|
|poke|p2|Kingambit, L50, F|
|poke|p2|Rillaboom, L50, F|
|poke|p2|Electabuzz, L50, M|
|poke|p2|Blaziken, L50, M|
|poke|p2|Dragapult, L50, M|
|poke|p2|Primarina, L50, M|
|teampreview|4
|showteam|p1|Ninetales-Alola||CovertCloak|SnowWarning|Blizzard,Moonblast,AuroraVeil,Encore|||M|||50|,,,,,Poison]Electabuzz||Eviolite|VitalSpirit|FollowMe,Protect,Thunderbolt,Taunt|||M|||50|,,,,,Ghost]Dragonite||LoadedDice|Multiscale|LowKick,ScaleShot,Protect,Haze|||F|||50|,,,,,Fairy]Frosmoth||Leftovers|IceScales|QuiverDance,Protect,Blizzard,TeraBlast|||F|||50|,,,,,Water]Rillaboom||AssaultVest|GrassySurge|FakeOut,GrassyGlide,WoodHammer,Uturn|||F|||50|,,,,,Fire]Kingambit||BlackGlasses|Defiant|SuckerPunch,KowtowCleave,Protect,SwordsDance|||F|||50|,,,,,Water
|showteam|p2|Kingambit||AssaultVest|Defiant|KowtowCleave,IronHead,SuckerPunch,LowKick|||F|||50|,,,,,Fire]Rillaboom||MiracleSeed|GrassySurge|WoodHammer,GrassyGlide,Uturn,FakeOut|||F|||50|,,,,,Fire]Electabuzz||Eviolite|VitalSpirit|Thunderbolt,FollowMe,Taunt,Protect|||M|||50|,,,,,Dark]Blaziken||FocusSash|SpeedBoost|CloseCombat,FlareBlitz,Coaching,Protect|||M|||50|,,,,,Stellar]Dragapult||ChoiceBand|ClearBody|DragonDarts,PhantomForce,TeraBlast,Uturn|||M|||50|,,,,,Ghost]Primarina||SitrusBerry|LiquidVoice|HyperVoice,Moonblast,Haze,Protect|||M|||50|,,,,,Steel
|
|t:|1757020553
|teamsize|p1|4
|teamsize|p2|4
|start
|switch|p1a: Kingambit|Kingambit, L50, F|100/100
|switch|p1b: Dragonite|Dragonite, L50, F|100/100
|switch|p2a: Blaziken|Blaziken, L50, M|100/100
|switch|p2b: Kingambit|Kingambit, L50, F|100/100
|turn|1
|
|t:|1757020583
|-terastallize|p1a: Kingambit|Water
|-terastallize|p2b: Kingambit|Fire
|move|p2a: Blaziken|Close Combat|p1a: Kingambit
|-damage|p1a: Kingambit|47/100
|-unboost|p2a: Blaziken|def|1
|-unboost|p2a: Blaziken|spd|1
|move|p1b: Dragonite|Scale Shot|p2a: Blaziken
|-damage|p2a: Blaziken|69/100
|-crit|p2a: Blaziken
|-damage|p2a: Blaziken|22/100
|-damage|p2a: Blaziken|0 fnt
|faint|p2a: Blaziken
|-hitcount|p2: Blaziken|3
|-unboost|p1b: Dragonite|def|1
|-boost|p1b: Dragonite|spe|1
|move|p1a: Kingambit|Swords Dance|p1a: Kingambit
|-boost|p1a: Kingambit|atk|2
|move|p2b: Kingambit|Kowtow Cleave|p1b: Dragonite
|-damage|p1b: Dragonite|62/100
|
|upkeep
|
|t:|1757020603
|switch|p2a: Rillaboom|Rillaboom, L50, F|100/100
|-fieldstart|move: Grassy Terrain|[from] ability: Grassy Surge|[of] p2a: Rillaboom
|turn|2
|
|t:|1757020627
|switch|p1b: Electabuzz|Electabuzz, L50, M|100/100
|move|p1a: Kingambit|Protect|p1a: Kingambit
|-singleturn|p1a: Kingambit|Protect
|move|p2a: Rillaboom|Grassy Glide|p1a: Kingambit
|-activate|p1a: Kingambit|move: Protect
|move|p2b: Kingambit|Sucker Punch||[still]
|-fail|p2b: Kingambit
|
|-heal|p1a: Kingambit|53/100|[from] Grassy Terrain
|upkeep
|turn|3
|
|t:|1757020648
|move|p1b: Electabuzz|Follow Me|p1b: Electabuzz
|-singleturn|p1b: Electabuzz|move: Follow Me
|move|p2a: Rillaboom|Wood Hammer|p1b: Electabuzz
|-damage|p1b: Electabuzz|34/100
|-damage|p2a: Rillaboom|79/100|[from] Recoil
|move|p1a: Kingambit|Kowtow Cleave|p2b: Kingambit
|-damage|p2b: Kingambit|14/100
|move|p2b: Kingambit|Kowtow Cleave|p1b: Electabuzz
|-damage|p1b: Electabuzz|0 fnt
|faint|p1b: Electabuzz
|
|-heal|p2a: Rillaboom|85/100|[from] Grassy Terrain
|-heal|p1a: Kingambit|59/100|[from] Grassy Terrain
|-heal|p2b: Kingambit|20/100|[from] Grassy Terrain
|upkeep
|
|t:|1757020669
|switch|p1b: Rillaboom|Rillaboom, L50, F|100/100
|turn|4
|
|t:|1757020682
|switch|p2a: Dragapult|Dragapult, L50, M|100/100
|move|p1b: Rillaboom|Fake Out|p2a: Dragapult
|-immune|p2a: Dragapult
|move|p1a: Kingambit|Sucker Punch|p2b: Kingambit
|-damage|p2b: Kingambit|0 fnt
|faint|p2b: Kingambit
|
|-heal|p1a: Kingambit|65/100|[from] Grassy Terrain
|upkeep
|
|t:|1757020690
|switch|p2b: Rillaboom|Rillaboom, L50, F|85/100
|turn|5
|
|t:|1757020713
|move|p1a: Kingambit|Protect|p1a: Kingambit
|-singleturn|p1a: Kingambit|Protect
|move|p2a: Dragapult|Dragon Darts|p1b: Rillaboom
|-damage|p1b: Rillaboom|55/100
|-anim|p2a: Dragapult|Dragon Darts|p1b: Rillaboom
|-damage|p1b: Rillaboom|15/100
|move|p2b: Rillaboom|Wood Hammer|p1b: Rillaboom
|-resisted|p1b: Rillaboom
|-damage|p1b: Rillaboom|0 fnt
|faint|p1b: Rillaboom
|-damage|p2b: Rillaboom|80/100|[from] Recoil
|
|-heal|p2b: Rillaboom|86/100|[from] Grassy Terrain
|-heal|p1a: Kingambit|71/100|[from] Grassy Terrain
|upkeep
|
|t:|1757020721
|switch|p1b: Dragonite|Dragonite, L50, F|62/100
|turn|6
|
|t:|1757020734
|move|p2b: Rillaboom|Grassy Glide|p1a: Kingambit
|-supereffective|p1a: Kingambit
|-damage|p1a: Kingambit|0 fnt
|faint|p1a: Kingambit
|move|p2a: Dragapult|Dragon Darts|p1b: Dragonite
|-supereffective|p1b: Dragonite
|-damage|p1b: Dragonite|0 fnt
|faint|p1b: Dragonite
|
|win|Felon74
|raw|Wo-Chien<3's rating: 1145 → 1122(-23 for losing)
|raw|Felon74's rating: 1173 → 1196(+23 for winning)
