|j|☆SC7PLAYZZ
|j|☆Riri 82
|html|SC7PLAYZZRiri 82    
|uhtml|bestof|Game 1 of a best-of-3
|t:|1784309501
|gametype|doubles
|player|p1|SC7PLAYZZ|169|
|player|p2|Riri 82|psychic|
|gen|9
|tier|[Gen 9 Champions] VGC 2026 Reg M-B (Bo3)
|rule|Species Clause: Limit one of each Pokémon
|rule|Item Clause: Limit 1 of each item
|clearpoke
|poke|p1|Greninja, L50, F, shiny|
|poke|p1|Ninetales-Alola, L50, F, shiny|
|poke|p1|Milotic, L50, F, shiny|
|poke|p1|Kingambit, L50, F, shiny|
|poke|p1|Aerodactyl, L50, F, shiny|
|poke|p1|Vanilluxe, L50, F, shiny|
|poke|p2|Reuniclus, L50, F|
|poke|p2|Bellibolt, L50, M|
|poke|p2|Mamoswine, L50, M|
|poke|p2|Krookodile, L50, M|
|poke|p2|Abomasnow, L50, M|
|poke|p2|Delphox, L50, F|
|teampreview|4
|showteam|p1|Greninja||Greninjite|Protean|Blizzard,DarkPulse,Surf,Protect|Timid||F|||50|]Ninetales-Alola||FocusSash|SnowWarning|Roar,Blizzard,AuroraVeil,Protect|Timid||F|||50|]Milotic||Leftovers|Competitive|Protect,Scald,IcyWind,Recover|Calm||F|||50|]Kingambit||BlackGlasses|Defiant|KowtowCleave,SuckerPunch,SwordsDance,LowKick|Serious||F|||50|]Aerodactyl||PasshoBerry|RockHead|Tailwind,DualWingbeat,Protect,RockSlide|Serious||F|||50|]Vanilluxe||ChoiceScarf|IceBody|AuroraVeil,FreezeDry,Blizzard,IcyWind|Timid||F|||50|
|showteam|p2|Reuniclus||LifeOrb|MagicGuard|TrickRoom,Recover,Psychic,FocusBlast|Quiet||F|||50|]Bellibolt||Leftovers|Electromorphosis|ParabolicCharge,Protect,SlackOff,Thunderbolt|Sassy||M|||50|]Mamoswine||NeverMeltIce|SnowCloak|StealthRock,IceShard,IcicleCrash,Earthquake|Brave||M|||50|]Krookodile||ChoiceScarf|Moxie|KnockOff,RockSlide,Crunch,Earthquake|Adamant||M|||50|]Abomasnow||Abomasite|SnowWarning|AuroraVeil,LeechSeed,EnergyBall,Blizzard|Quiet||M|||50|]Delphox||Delphoxite|Blaze|Protect,HeatWave,TrickRoom,FocusBlast|Sassy||F|||50|
|inactive|Battle timer is ON: inactive players will automatically lose when time's up. (requested by Riri 82)
|j| Yishop
|inactive|SC7PLAYZZ has 60 seconds left.
|
|t:|1784309542
|teamsize|p1|4
|teamsize|p2|4
|start
|switch|p1a: Milotic|Milotic, L50, F, shiny|100/100
|switch|p1b: Aerodactyl|Aerodactyl, L50, F, shiny|100/100
|switch|p2a: Obama|Abomasnow, L50, M|100/100
|switch|p2b: Solosis amplified|Reuniclus, L50, F|100/100
|-weather|Snowscape|[from] ability: Snow Warning|[of] p2a: Obama
|turn|1
|inactive|SC7PLAYZZ has 30 seconds left.
|inactive|SC7PLAYZZ has 20 seconds left.
|inactive|SC7PLAYZZ has 15 seconds left.
|inactive|SC7PLAYZZ has 10 seconds left.
|
|t:|1784309590
|detailschange|p2a: Obama|Abomasnow-Mega, L50, M
|-mega|p2a: Obama|Abomasnow|Abomasite
|move|p1b: Aerodactyl|Dual Wingbeat|p2a: Obama
|-supereffective|p2a: Obama|1
|-damage|p2a: Obama|78/100
|-supereffective|p2a: Obama|1
|-damage|p2a: Obama|57/100
|-hitcount|p2a: Obama|2
|move|p1a: Milotic|Scald|p2a: Obama
|-resisted|p2a: Obama|1
|-damage|p2a: Obama|45/100
|-status|p2a: Obama|brn
|move|p2a: Obama|Aurora Veil|p2a: Obama
|-sidestart|p2: Riri 82|move: Aurora Veil
|move|p2b: Solosis amplified|Trick Room|p2b: Solosis amplified
|-fieldstart|move: Trick Room|[of] p2b: Solosis amplified
|
|-weather|Snowscape|[upkeep]
|-damage|p2a: Obama|39/100 brn|[from] brn
|upkeep
|turn|2
|
|t:|1784309614
|move|p1b: Aerodactyl|Protect|p1b: Aerodactyl
|-singleturn|p1b: Aerodactyl|Protect
|move|p2b: Solosis amplified|Psychic|p1b: Aerodactyl
|-activate|p1b: Aerodactyl|move: Protect
|move|p2a: Obama|Leech Seed|p1a: Milotic|[miss]
|-miss|p2a: Obama|p1a: Milotic
|move|p1a: Milotic|Scald|p2b: Solosis amplified
|-damage|p2b: Solosis amplified|82/100
|
|-weather|Snowscape|[upkeep]
|-damage|p2a: Obama|32/100 brn|[from] brn
|upkeep
|turn|3
|
|t:|1784309631
|move|p2a: Obama|Leech Seed|p1b: Aerodactyl
|-start|p1b: Aerodactyl|move: Leech Seed
|move|p2b: Solosis amplified|Psychic|p1b: Aerodactyl
|-damage|p1b: Aerodactyl|20/100y
|move|p1a: Milotic|Scald|p2b: Solosis amplified
|-damage|p2b: Solosis amplified|65/100
|move|p1b: Aerodactyl|Dual Wingbeat|p2a: Obama
|-supereffective|p2a: Obama|1
|-damage|p2a: Obama|18/100 brn
|-supereffective|p2a: Obama|1
|-damage|p2a: Obama|6/100 brn
|-hitcount|p2a: Obama|2
|
|-weather|Snowscape|[upkeep]
|-damage|p1b: Aerodactyl|8/100|[from] Leech Seed|[of] p2a: Obama
|-heal|p2a: Obama|16/100 brn|[silent]
|-damage|p2a: Obama|10/100 brn|[from] brn
|upkeep
|turn|4
|
|t:|1784309655
|switch|p1b: Kingambit|Kingambit, L50, F, shiny|100/100
|move|p2a: Obama|Energy Ball|p1a: Milotic
|-supereffective|p1a: Milotic|1
|-damage|p1a: Milotic|40/100
|move|p2b: Solosis amplified|Psychic|p1b: Kingambit
|-immune|p1b: Kingambit
|move|p1a: Milotic|Icy Wind|p2a: Obama|[spread] p2a,p2b
|-damage|p2a: Obama|5/100 brn
|-damage|p2b: Solosis amplified|59/100
|-unboost|p2a: Obama|spe|1
|-unboost|p2b: Solosis amplified|spe|1
|
|-weather|Snowscape|[upkeep]
|-heal|p1a: Milotic|46/100|[from] item: Leftovers
|-damage|p2a: Obama|0 fnt|[from] brn
|faint|p2a: Obama
|upkeep
|
|t:|1784309671
|switch|p2a: Boi|Mamoswine, L50, M|100/100
|turn|5
|
|t:|1784309690
|move|p2b: Solosis amplified|Psychic|p1a: Milotic
|-damage|p1a: Milotic|9/100
|-unboost|p1a: Milotic|spd|1
|-ability|p1a: Milotic|Competitive|boost
|-boost|p1a: Milotic|spa|2
|move|p1b: Kingambit|Kowtow Cleave|p2b: Solosis amplified
|-supereffective|p2b: Solosis amplified|1
|-damage|p2b: Solosis amplified|0 fnt
|faint|p2b: Solosis amplified
|move|p2a: Boi|Earthquake|p1b: Kingambit|[spread] p1a,p1b
|-supereffective|p1b: Kingambit|1
|-damage|p1a: Milotic|0 fnt
|-damage|p1b: Kingambit|38/100
|faint|p1a: Milotic
|
|-weather|none
|-sideend|p2: Riri 82|move: Aurora Veil
|-fieldend|move: Trick Room
|upkeep
|
|t:|1784309705
|switch|p1a: Greninja|Greninja, L50, F, shiny|100/100
|switch|p2b: James|Bellibolt, L50, M|100/100
|turn|6
|
|t:|1784309729
|detailschange|p1a: Greninja|Greninja-Mega, L50, F, shiny
|-mega|p1a: Greninja|Greninja|Greninjite
|move|p1a: Greninja|Blizzard|p2a: Boi|[spread] p2a,p2b
|-start|p1a: Greninja|typechange|Ice|[from] ability: Protean
|-damage|p2a: Boi|51/100
|-damage|p2b: James|66/100
|-start|p2b: James|Charge|Blizzard|[from] ability: Electromorphosis
|move|p2a: Boi|Icicle Crash|p1b: Kingambit
|-resisted|p1b: Kingambit|1
|-damage|p1b: Kingambit|15/100
|move|p1b: Kingambit|Low Kick|p2a: Boi
|-supereffective|p2a: Boi|1
|-damage|p2a: Boi|0 fnt
|faint|p2a: Boi
|move|p2b: James|Parabolic Charge|p1a: Greninja|[spread] p1a,p1b
|-damage|p1a: Greninja|52/100
|-heal|p2b: James|83/100|[from] drain|[of] p1a: Greninja
|-damage|p1b: Kingambit|0 fnt
|-heal|p2b: James|91/100|[from] drain|[of] p1b: Kingambit
|faint|p1b: Kingambit
|-end|p2b: James|Charge|[silent]
|
|-heal|p2b: James|97/100|[from] item: Leftovers
|upkeep
|
|t:|1784309753
|switch|p1b: Aerodactyl|Aerodactyl, L50, F, shiny|8/100
|turn|7
|
|t:|1784309769
|move|p1a: Greninja|Blizzard|p2b: James
|-damage|p2b: James|46/100
|-start|p2b: James|Charge|Blizzard|[from] ability: Electromorphosis
|move|p1b: Aerodactyl|Rock Slide|p2b: James|[miss]
|-miss|p1b: Aerodactyl|p2b: James
|move|p2b: James|Parabolic Charge|p1a: Greninja|[spread] p1a,p1b
|-supereffective|p1b: Aerodactyl|1
|-damage|p1a: Greninja|1/100
|-heal|p2b: James|65/100|[from] drain|[of] p1a: Greninja
|-damage|p1b: Aerodactyl|0 fnt
|-heal|p2b: James|68/100|[from] drain|[of] p1b: Aerodactyl
|faint|p1b: Aerodactyl
|-end|p2b: James|Charge|[silent]
|
|-heal|p2b: James|75/100|[from] item: Leftovers
|upkeep
|turn|8
|
|t:|1784309787
|move|p1a: Greninja|Blizzard|p2b: James
|-damage|p2b: James|30/100
|-start|p2b: James|Charge|Blizzard|[from] ability: Electromorphosis
|move|p2b: James|Thunderbolt|p1a: Greninja
|-damage|p1a: Greninja|0 fnt
|faint|p1a: Greninja
|-end|p2b: James|Charge|[silent]
|
|win|Riri 82
||SC7PLAYZZ is ready for game 2.
||Riri 82 is ready for game 2.
|uhtml|next|Next: Game 2 of 3
|l|☆Riri 82
|player|p2|
