|j|☆GubGubFan
|j|☆pikajw
|html|GubGubFanpikajw    
|uhtml|bestof|Game 2 of a best-of-3
|t:|1757133912
|gametype|doubles
|player|p1|GubGubFan|gladion-stance|1144
|player|p2|pikajw|170|1097
|gen|9
|tier|[Gen 9] VGC 2025 Reg H (Bo3)
|rated|
|rule|Species Clause: Limit one of each Pokémon
|rule|Item Clause: Limit 1 of each item
|clearpoke
|poke|p1|Tyranitar, L50, M|
|poke|p1|Excadrill, L50, M|
|poke|p1|Basculegion, L50, M|
|poke|p1|Incineroar, L50, F|
|poke|p1|Volcarona, L50, M|
|poke|p1|Dragonite, L50, M|
|poke|p2|Lilligant-Hisui, L50, F|
|poke|p2|Torkoal, L50, M|
|poke|p2|Kingambit, L50, F|
|poke|p2|Farigiraf, L50, F|
|poke|p2|Ursaluna, L50, F|
|poke|p2|Charizard, L50, M|
|teampreview|4
|showteam|p1|Tyranitar||AssaultVest|SandStream|RockSlide,KnockOff,LowKick,TeraBlast|||M|||50|,,,,,Flying]Excadrill||FocusSash|SandRush|Earthquake,HighHorsepower,IronHead,Protect|||M|||50|,,,,,Ground]Basculegion||ChoiceScarf|Adaptability|WaveCrash,FlipTurn,AquaJet,LastRespects|||M|||50|,,,,,Grass]Incineroar||SafetyGoggles|Intimidate|FakeOut,KnockOff,PartingShot,FlareBlitz|||F|||50|,,,,,Ghost]Volcarona||Leftovers|FlameBody|HeatWave,QuiverDance,TeraBlast,Protect|||M|||50|,,,,,Fairy]Dragonite||LoadedDice|Multiscale|Protect,Tailwind,ScaleShot,Haze|||M|||50|,,,,,Fairy
|showteam|p2|Lilligant-Hisui||FocusSash|Chlorophyll|CloseCombat,AfterYou,SleepPowder,Coaching|||F|||50|,,,,,Ghost]Torkoal||SitrusBerry|Drought|HeatWave,Eruption,EarthPower,Protect|||M|||50|,,,,,Fire]Kingambit||AssaultVest|Defiant|SuckerPunch,IronHead,Snarl,TeraBlast|||F|||50|,,,,,Fire]Farigiraf||SafetyGoggles|ArmorTail|HelpingHand,Psychic,TrickRoom,Protect|||F|||50|,,,,,Fairy]Ursaluna||FlameOrb|Guts|Facade,HeadlongRush,DrainPunch,Protect|||F|||50|,,,,,Fairy]Charizard||ChoiceSpecs|SolarPower|ScorchingSands,HeatWave,SolarBeam,TeraBlast|||M|||50|,,,,,Flying
|inactive|Battle timer is ON: inactive players will automatically lose when time's up. (requested by GubGubFan)
|inactive|pikajw has 60 seconds left.
|
|t:|1757133968
|teamsize|p1|4
|teamsize|p2|4
|start
|switch|p1a: Excadrill|Excadrill, L50, M|100/100
|switch|p1b: Basculegion|Basculegion, L50, M|100/100
|switch|p2a: Farigiraf|Farigiraf, L50, F|100/100
|switch|p2b: Kingambit|Kingambit, L50, F|100/100
|turn|1
|inactive|GubGubFan has 30 seconds left.
|
|t:|1757133993
|switch|p1b: Tyranitar|Tyranitar, L50, M|100/100
|-weather|Sandstorm|[from] ability: Sand Stream|[of] p1b: Tyranitar
|switch|p2b: Ursaluna|Ursaluna, L50, F|100/100
|move|p1a: Excadrill|High Horsepower|p2b: Ursaluna
|-damage|p2b: Ursaluna|61/100
|move|p2a: Farigiraf|Trick Room|p2a: Farigiraf
|-fieldstart|move: Trick Room|[of] p2a: Farigiraf
|
|-weather|Sandstorm|[upkeep]
|-status|p2b: Ursaluna|brn|[from] item: Flame Orb
|upkeep
|turn|2
|inactive|pikajw has 30 seconds left.
|inactive|pikajw has 20 seconds left.
|inactive|pikajw has 15 seconds left.
|inactive|pikajw has 10 seconds left.
|
|t:|1757134038
|switch|p1a: Incineroar|Incineroar, L50, F|100/100
|-ability|p1a: Incineroar|Intimidate|boost
|-unboost|p2a: Farigiraf|atk|1
|-unboost|p2b: Ursaluna|atk|1
|-terastallize|p1b: Tyranitar|Flying
|move|p2a: Farigiraf|Helping Hand|p2b: Ursaluna
|-singleturn|p2b: Ursaluna|Helping Hand|[of] p2a: Farigiraf
|move|p2b: Ursaluna|Facade|p1b: Tyranitar
|-damage|p1b: Tyranitar|9/100
|move|p1b: Tyranitar|Low Kick|p2b: Ursaluna
|-supereffective|p2b: Ursaluna
|-damage|p2b: Ursaluna|0 fnt
|faint|p2b: Ursaluna
|
|-weather|Sandstorm|[upkeep]
|-damage|p1b: Tyranitar|3/100|[from] Sandstorm
|upkeep
|
|t:|1757134054
|switch|p2b: Torkoal|Torkoal, L50, M|100/100
|-weather|SunnyDay|[from] ability: Drought|[of] p2b: Torkoal
|turn|3
|inactive|GubGubFan has 30 seconds left.
|
|t:|1757134080
|switch|p1b: Basculegion|Basculegion, L50, M|100/100
|move|p2b: Torkoal|Earth Power|p1a: Incineroar
|-supereffective|p1a: Incineroar
|-damage|p1a: Incineroar|66/100
|move|p2a: Farigiraf|Psychic|p1b: Basculegion
|-damage|p1b: Basculegion|60/100
|move|p1a: Incineroar|Knock Off|p2a: Farigiraf
|-supereffective|p2a: Farigiraf
|-damage|p2a: Farigiraf|41/100
|-enditem|p2a: Farigiraf|Safety Goggles|[from] move: Knock Off|[of] p1a: Incineroar
|
|-weather|SunnyDay|[upkeep]
|upkeep
|turn|4
|inactive|GubGubFan has 30 seconds left.
|
|t:|1757134106
|switch|p1a: Tyranitar|Tyranitar, L50, M, tera:Flying|3/100
|-weather|Sandstorm|[from] ability: Sand Stream|[of] p1a: Tyranitar
|move|p2b: Torkoal|Eruption|p1a: Tyranitar|[spread] p1a,p1b
|-resisted|p1b: Basculegion
|-damage|p1a: Tyranitar|0 fnt
|-damage|p1b: Basculegion|35/100
|faint|p1a: Tyranitar
|move|p2a: Farigiraf|Psychic|p1b: Basculegion
|-damage|p1b: Basculegion|0 fnt
|faint|p1b: Basculegion
|
|-weather|Sandstorm|[upkeep]
|-damage|p2b: Torkoal|94/100|[from] Sandstorm
|-damage|p2a: Farigiraf|35/100|[from] Sandstorm
|upkeep
|
|t:|1757134116
|switch|p1a: Incineroar|Incineroar, L50, F|66/100
|switch|p1b: Excadrill|Excadrill, L50, M|100/100
|-ability|p1a: Incineroar|Intimidate|boost
|-unboost|p2a: Farigiraf|atk|1
|-unboost|p2b: Torkoal|atk|1
|turn|5
|inactive|pikajw has 30 seconds left.
|inactive|pikajw has 20 seconds left.
|
|t:|1757134152
|switch|p2b: Kingambit|Kingambit, L50, F|100/100
|move|p2a: Farigiraf|Protect|p2a: Farigiraf
|-singleturn|p2a: Farigiraf|Protect
|move|p1b: Excadrill|Protect|p1b: Excadrill
|-singleturn|p1b: Excadrill|Protect
|move|p1a: Incineroar|Knock Off|p2b: Kingambit
|-resisted|p2b: Kingambit
|-damage|p2b: Kingambit|87/100
|-enditem|p2b: Kingambit|Assault Vest|[from] move: Knock Off|[of] p1a: Incineroar
|
|-weather|Sandstorm|[upkeep]
|-damage|p2a: Farigiraf|29/100|[from] Sandstorm
|-fieldend|move: Trick Room
|upkeep
|turn|6
|
|t:|1757134174
|switch|p2a: Torkoal|Torkoal, L50, M|94/100
|-weather|SunnyDay|[from] ability: Drought|[of] p2a: Torkoal
|-terastallize|p2b: Kingambit|Fire
|move|p1b: Excadrill|High Horsepower|p2b: Kingambit
|-supereffective|p2b: Kingambit
|-damage|p2b: Kingambit|3/100
|move|p1a: Incineroar|Flare Blitz|p2a: Torkoal
|-resisted|p2a: Torkoal
|-damage|p2a: Torkoal|69/100
|-damage|p1a: Incineroar|58/100|[from] Recoil
|move|p2b: Kingambit|Tera Blast|p1b: Excadrill|[anim] Tera Blast Fire
|-supereffective|p1b: Excadrill
|-enditem|p1b: Excadrill|Focus Sash
|-damage|p1b: Excadrill|1/100
|
|-weather|SunnyDay|[upkeep]
|upkeep
|turn|7
|inactive|pikajw has 30 seconds left.
|
|t:|1757134199
|move|p1b: Excadrill|Protect|p1b: Excadrill
|-singleturn|p1b: Excadrill|Protect
|move|p2b: Kingambit|Sucker Punch||[still]
|-fail|p2b: Kingambit
|move|p1a: Incineroar|Knock Off|p2b: Kingambit
|-damage|p2b: Kingambit|0 fnt
|faint|p2b: Kingambit
|move|p2a: Torkoal|Earth Power|p1a: Incineroar
|-supereffective|p1a: Incineroar
|-damage|p1a: Incineroar|19/100
|
|-weather|SunnyDay|[upkeep]
|upkeep
|
|t:|1757134208
|switch|p2b: Farigiraf|Farigiraf, L50, F|29/100
|turn|8
|
|t:|1757134218
|move|p2b: Farigiraf|Helping Hand|p2a: Torkoal
|-singleturn|p2a: Torkoal|Helping Hand|[of] p2b: Farigiraf
|move|p1b: Excadrill|High Horsepower|p2a: Torkoal|[miss]
|-miss|p1b: Excadrill|p2a: Torkoal
|move|p1a: Incineroar|Flare Blitz|p2b: Farigiraf
|-damage|p2b: Farigiraf|0 fnt
|faint|p2b: Farigiraf
|-damage|p1a: Incineroar|8/100|[from] Recoil
|move|p2a: Torkoal|Heat Wave|p1b: Excadrill|[spread] p1a,p1b
|-resisted|p1a: Incineroar
|-crit|p1a: Incineroar
|-supereffective|p1b: Excadrill
|-damage|p1a: Incineroar|0 fnt
|-damage|p1b: Excadrill|0 fnt
|faint|p1a: Incineroar
|faint|p1b: Excadrill
|
|win|pikajw
|inactive|GubGubFan has 30 seconds to confirm battle start!
|inactive|pikajw has 30 seconds to confirm battle start!
||GubGubFan is ready for game 3.
||pikajw is ready for game 3.
|uhtml|next|Next: Game 3 of 3
