|j|☆SmogonSupervillain
|j|☆Sunnymight
|html|SmogonSupervillainSunnymight    
|uhtml|bestof|Game 2 of a best-of-3
|t:|1756327220
|gametype|doubles
|player|p1|SmogonSupervillain|170|1036
|player|p2|Sunnymight|brawly|1067
|gen|9
|tier|[Gen 9] VGC 2025 Reg H (Bo3)
|rated|
|rule|Species Clause: Limit one of each Pokémon
|rule|Item Clause: Limit 1 of each item
|clearpoke
|poke|p1|Gholdengo, L50|
|poke|p1|Sneasler, L50, M|
|poke|p1|Incineroar, L50, M|
|poke|p1|Amoonguss, L50, M|
|poke|p1|Dragonite, L50, F|
|poke|p1|Ursaluna-Bloodmoon, L50, M|
|poke|p2|Garchomp, L50, M|
|poke|p2|Weezing-Galar, L50, F|
|poke|p2|Archaludon, L50, F|
|poke|p2|Gholdengo, L50|
|poke|p2|Talonflame, L50, F|
|poke|p2|Annihilape, L50, M|
|teampreview|4
|showteam|p1|Gholdengo||LifeOrb|GoodasGold|MakeItRain,ShadowBall,NastyPlot,Protect||||||50|,,,,,Water]Sneasler||FocusSash|PoisonTouch|FakeOut,CloseCombat,DireClaw,Protect|||M|||50|,,,,,Stellar]Incineroar||SafetyGoggles|Intimidate|FakeOut,FlareBlitz,KnockOff,PartingShot|||M|||50|,,,,,Ghost]Amoonguss||SitrusBerry|Regenerator|Spore,RagePowder,PollenPuff,Protect|||M|||50|,,,,,Water]Dragonite||LoadedDice|Multiscale|ScaleShot,Haze,Tailwind,ExtremeSpeed|||F|||50|,,,,,Fairy]Ursaluna-Bloodmoon||AssaultVest|MindsEye|HyperVoice,BloodMoon,EarthPower,VacuumWave|||M|||50|,,,,,Normal
|showteam|p2|Garchomp||LifeOrb|RoughSkin|DragonClaw,Earthquake,StompingTantrum,Protect|||M|||50|,,,,,Ground]Weezing-Galar||FocusSash|NeutralizingGas|Protect,SludgeBomb,Taunt,StrangeSteam|||F|||50|,,,,,Flying]Archaludon||PowerHerb|Sturdy|ElectroShot,Thunderbolt,DracoMeteor,Protect|||F|||50|,,,,,Electric]Gholdengo||ChoiceSpecs|GoodasGold|ShadowBall,DazzlingGleam,PowerGem,MakeItRain||||||50|,,,,,Fairy]Talonflame||CovertCloak|GaleWings|Tailwind,DualWingbeat,WillOWisp,FlareBlitz|||F|||50|,,,,,Stellar]Annihilape||AssaultVest|Defiant|CloseCombat,RageFist,FinalGambit,IcePunch|||M|||50|,,,,,Grass
|
|t:|1756327253
|teamsize|p1|4
|teamsize|p2|4
|start
|switch|p1a: Incineroar|Incineroar, L50, M, shiny|100/100
|switch|p1b: Gholdengo|Gholdengo, L50|100/100
|switch|p2a: Weezing|Weezing-Galar, L50, F|100/100
|switch|p2b: Garchomp|Garchomp, L50, M|100/100
|-ability|p2a: Weezing|Neutralizing Gas
|turn|1
|
|t:|1756327296
|move|p1a: Incineroar|Fake Out|p2b: Garchomp
|-damage|p2b: Garchomp|90/100
|cant|p2b: Garchomp|flinch
|move|p1b: Gholdengo|Nasty Plot|p1b: Gholdengo
|-boost|p1b: Gholdengo|spa|2
|move|p2a: Weezing|Strange Steam|p1b: Gholdengo
|-resisted|p1b: Gholdengo
|-damage|p1b: Gholdengo|75/100
|
|upkeep
|turn|2
|
|t:|1756327337
|-terastallize|p2a: Weezing|Flying
|move|p1b: Gholdengo|Protect|p1b: Gholdengo
|-singleturn|p1b: Gholdengo|Protect
|move|p2b: Garchomp|Earthquake|p1a: Incineroar|[spread] p1a
|-activate|p1b: Gholdengo|move: Protect
|-immune|p2a: Weezing
|-supereffective|p1a: Incineroar
|-damage|p1a: Incineroar|10/100
|-damage|p2b: Garchomp|80/100|[from] item: Life Orb
|move|p2a: Weezing|Strange Steam|p1b: Gholdengo
|-activate|p1b: Gholdengo|move: Protect
|move|p1a: Incineroar|Parting Shot|p2b: Garchomp
|-unboost|p2b: Garchomp|atk|1
|-unboost|p2b: Garchomp|spa|1
|
|t:|1756327354
|switch|p1a: Amoonguss|Amoonguss, L50, M|100/100|[from] Parting Shot
|
|upkeep
|turn|3
|
|t:|1756327376
|-terastallize|p1b: Gholdengo|Water
|move|p2b: Garchomp|Earthquake|p1b: Gholdengo|[spread] p1a,p1b
|-immune|p2a: Weezing
|-crit|p1a: Amoonguss
|-crit|p1b: Gholdengo
|-damage|p1a: Amoonguss|33/100
|-damage|p1b: Gholdengo|0 fnt
|-enditem|p1a: Amoonguss|Sitrus Berry|[eat]
|-heal|p1a: Amoonguss|58/100|[from] item: Sitrus Berry
|faint|p1b: Gholdengo
|-damage|p2b: Garchomp|70/100|[from] item: Life Orb
|move|p2a: Weezing|Taunt|p1a: Amoonguss
|-start|p1a: Amoonguss|move: Taunt
|move|p1a: Amoonguss|Pollen Puff|p1: Gholdengo|[notarget]
|-fail|p1a: Amoonguss
|
|upkeep
|
|t:|1756327385
|switch|p1b: Incineroar|Incineroar, L50, M, shiny|10/100
|turn|4
|
|t:|1756327413
|move|p2b: Garchomp|Earthquake|p1b: Incineroar|[spread] p1a,p1b
|-immune|p2a: Weezing
|-supereffective|p1b: Incineroar
|-damage|p1a: Amoonguss|33/100
|-damage|p1b: Incineroar|0 fnt
|faint|p1b: Incineroar
|-damage|p2b: Garchomp|60/100|[from] item: Life Orb
|move|p2a: Weezing|Sludge Bomb|p1a: Amoonguss
|-damage|p1a: Amoonguss|0 fnt
|faint|p1a: Amoonguss
|
|upkeep
|
|t:|1756327417
|switch|p1b: Ursaluna|Ursaluna-Bloodmoon, L50, M|100/100
|turn|5
|
|t:|1756327433
|move|p2b: Garchomp|Earthquake|p1b: Ursaluna|[spread] p1b
|-immune|p2a: Weezing
|-damage|p1b: Ursaluna|77/100
|-damage|p2b: Garchomp|50/100|[from] item: Life Orb
|move|p2a: Weezing|Strange Steam|p1b: Ursaluna
|-crit|p1b: Ursaluna
|-damage|p1b: Ursaluna|41/100
|move|p1b: Ursaluna|Hyper Voice|p2b: Garchomp|[spread] p2a,p2b
|-damage|p2a: Weezing|34/100
|-damage|p2b: Garchomp|8/100
|
|upkeep
|turn|6
|
|t:|1756327451
|move|p2b: Garchomp|Dragon Claw|p1b: Ursaluna
|-damage|p1b: Ursaluna|13/100
|-damage|p2b: Garchomp|0 fnt|[from] item: Life Orb
|faint|p2b: Garchomp
|move|p2a: Weezing|Strange Steam|p1b: Ursaluna
|-damage|p1b: Ursaluna|0 fnt
|faint|p1b: Ursaluna
|
|win|Sunnymight
|raw|SmogonSupervillain's rating: 1036 → 1022(-14 for losing)
|raw|Sunnymight's rating: 1067 → 1094(+27 for winning)
