|j|☆Rafaxpro_11
|j|☆strifesada
|html|Rafaxpro_11strifesada    
|uhtml|bestof|Game 3 of a best-of-3
|t:|1782351198
|gametype|doubles
|player|p1|Rafaxpro_11|hilbert-wonderlauncher|1082
|player|p2|strifesada|piers|1158
|gen|9
|tier|[Gen 9 Champions] VGC 2026 Reg M-B (Bo3)
|rated|
|rule|Species Clause: Limit one of each Pokémon
|rule|Item Clause: Limit 1 of each item
|clearpoke
|poke|p1|Floette-Eternal, L50, F|
|poke|p1|Talonflame, L50, M|
|poke|p1|Scizor, L50, M|
|poke|p1|Garchomp, L50, F|
|poke|p1|Sinistcha-Masterpiece, L50|
|poke|p1|Basculegion, L50, M|
|poke|p2|Ninetales-Alola, L50, M|
|poke|p2|Metagross, L50|
|poke|p2|Raichu, L50, M|
|poke|p2|Sneasler, L50, F|
|poke|p2|Basculegion, L50, M|
|poke|p2|Kingambit, L50, M|
|teampreview|4
|showteam|p1|Floette-Eternal||Floettite|FlowerVeil|CalmMind,Protect,DazzlingGleam,Moonblast|Modest||F|||50|]Talonflame|||GaleWings|Acrobatics,Tailwind,FlareBlitz,Protect|Jolly||M|||50|]Scizor||Scizorite|Technician|BulletPunch,Protect,BugBite,SwordsDance|Adamant||M|||50|]Garchomp||LifeOrb|RoughSkin|DragonClaw,RockSlide,Earthquake,Protect|Jolly||F|||50|]Sinistcha-Masterpiece||SitrusBerry|Hospitality|MatchaGotcha,TrickRoom,LifeDew,RagePowder|Bold|||||50|]Basculegion||FocusSash|Adaptability|LastRespects,AquaJet,Protect,Liquidation|Adamant||M|||50|
|showteam|p2|Ninetales-Alola||LifeOrb|SnowWarning|Blizzard,Protect,FreezeDry,Moonblast|Timid||M|||50|]Metagross||Metagrossite|ClearBody|MeteorMash,PsychicFangs,IcePunch,Protect|Jolly|||||50|]Raichu||RaichuniteY|LightningRod|ZapCannon,FocusBlast,FakeOut,Protect|Timid||M|||50|]Sneasler||FocusSash|Unburden|Coaching,FakeOut,CloseCombat,DireClaw|Adamant||F|||50|]Basculegion||MysticWater|SwiftSwim|Liquidation,LastRespects,AquaJet,Protect|Adamant||M|||50|]Kingambit||ChopleBerry|Defiant|SuckerPunch,SwordsDance,KowtowCleave,Protect|Adamant||M|||50|
|inactive|Battle timer is ON: inactive players will automatically lose when time's up. (requested by Rafaxpro_11)
|
|t:|1782351246
|teamsize|p1|4
|teamsize|p2|4
|start
|switch|p1a: Garchomp|Garchomp, L50, F|100/100
|switch|p1b: Scizor|Scizor, L50, M|100/100
|switch|p2a: Raichu|Raichu, L50, M|100/100
|switch|p2b: Kingambit|Kingambit, L50, M|100/100
|turn|1
|
|t:|1782351257
|detailschange|p2a: Raichu|Raichu-Mega-Y, L50, M
|-mega|p2a: Raichu|Raichu|Raichunite Y
|detailschange|p1b: Scizor|Scizor-Mega, L50, M
|-mega|p1b: Scizor|Scizor|Scizorite
|move|p1a: Garchomp|Protect|p1a: Garchomp
|-singleturn|p1a: Garchomp|Protect
|move|p2a: Raichu|Fake Out|p1a: Garchomp
|-activate|p1a: Garchomp|move: Protect
|move|p1b: Scizor|Swords Dance|p1b: Scizor
|-boost|p1b: Scizor|atk|2
|move|p2b: Kingambit|Swords Dance|p2b: Kingambit
|-boost|p2b: Kingambit|atk|2
|
|upkeep
|turn|2
|
|t:|1782351277
|move|p1b: Scizor|Protect|p1b: Scizor
|-singleturn|p1b: Scizor|Protect
|move|p2b: Kingambit|Sucker Punch|p1a: Garchomp
|-damage|p1a: Garchomp|15/100
|-damage|p2b: Kingambit|87/100|[from] ability: Rough Skin|[of] p1a: Garchomp
|move|p2a: Raichu|Focus Blast|p1a: Garchomp
|-damage|p1a: Garchomp|0 fnt
|faint|p1a: Garchomp
|
|upkeep
|
|t:|1782351287
|switch|p1a: Floette|Floette-Eternal, L50, F|100/100
|turn|3
|
|t:|1782351298
|move|p1b: Scizor|Bullet Punch|p2a: Raichu
|-resisted|p2a: Raichu|1
|-damage|p2a: Raichu|40/100
|move|p2a: Raichu|Zap Cannon|p1b: Scizor
|-damage|p1b: Scizor|35/100
|-status|p1b: Scizor|par
|move|p1a: Floette|Moonblast|p2b: Kingambit
|-damage|p2b: Kingambit|39/100
|move|p2b: Kingambit|Kowtow Cleave|p1b: Scizor
|-damage|p1b: Scizor|0 fnt
|faint|p1b: Scizor
|
|upkeep
|
|t:|1782351307
|switch|p1b: Basculegion|Basculegion, L50, M|100/100
|turn|4
|inactive|strifesada has 30 seconds left.
|
|t:|1782351335
|move|p1b: Basculegion|Protect|p1b: Basculegion
|-singleturn|p1b: Basculegion|Protect
|move|p2b: Kingambit|Sucker Punch|p1a: Floette
|-resisted|p1a: Floette|1
|-damage|p1a: Floette|27/100
|move|p2a: Raichu|Zap Cannon|p1b: Basculegion
|-activate|p1b: Basculegion|move: Protect
|move|p1a: Floette|Dazzling Gleam|p2a: Raichu|[spread] p2a,p2b
|-damage|p2a: Raichu|0 fnt
|-damage|p2b: Kingambit|8/100
|faint|p2a: Raichu
|
|upkeep
|
|t:|1782351342
|switch|p2a: Ninetales|Ninetales-Alola, L50, M|100/100
|-weather|Snowscape|[from] ability: Snow Warning|[of] p2a: Ninetales
|turn|5
|
|t:|1782351355
|move|p1b: Basculegion|Aqua Jet|p2b: Kingambit
|-damage|p2b: Kingambit|0 fnt
|faint|p2b: Kingambit
|move|p2a: Ninetales|Freeze-Dry|p1b: Basculegion
|-supereffective|p1b: Basculegion|1
|-damage|p1b: Basculegion|10/100
|-damage|p2a: Ninetales|90/100|[from] item: Life Orb
|move|p1a: Floette|Calm Mind|p1a: Floette
|-boost|p1a: Floette|spa|1
|-boost|p1a: Floette|spd|1
|
|-weather|Snowscape|[upkeep]
|upkeep
|
|t:|1782351360
|switch|p2b: Basculegion|Basculegion, L50, M|100/100
|turn|6
|
|t:|1782351372
|move|p2a: Ninetales|Freeze-Dry|p1b: Basculegion
|-supereffective|p1b: Basculegion|1
|-damage|p1b: Basculegion|0 fnt
|faint|p1b: Basculegion
|-damage|p2a: Ninetales|80/100|[from] item: Life Orb
|move|p1a: Floette|Moonblast|p2b: Basculegion
|-damage|p2b: Basculegion|14/100
|move|p2b: Basculegion|Liquidation|p1a: Floette
|-damage|p1a: Floette|0 fnt
|faint|p1a: Floette
|
|win|strifesada
|raw|Rafaxpro_11's rating: 1082 → 1065(-17 for losing)
|raw|strifesada's rating: 1158 → 1178(+20 for winning)
