|j|☆SwampertSolly
|j|☆sominecraft
|html|SwampertSollysominecraft    
|uhtml|bestof|Game 1 of a best-of-3
|t:|1785485308
|gametype|doubles
|player|p1|SwampertSolly|giovanni|
|player|p2|sominecraft|102|
|gen|9
|tier|[Gen 9 Champions] VGC 2026 Reg M-B (Bo3)
|rule|Species Clause: Limit one of each Pokémon
|rule|Item Clause: Limit 1 of each item
|clearpoke
|poke|p1|Tyranitar, L50, M|
|poke|p1|Excadrill, L50, M|
|poke|p1|Goodra-Hisui, L50, F|
|poke|p1|Serperior, L50, F|
|poke|p1|Skarmory, L50, F|
|poke|p1|Musharna, L50, F|
|poke|p2|Azumarill, L50, F|
|poke|p2|Sylveon, L50, M, shiny|
|poke|p2|Clefable, L50, F|
|poke|p2|Golurk, L50, shiny|
|poke|p2|Hatterene, L50, F|
|poke|p2|Gardevoir, L50, F|
|teampreview|4
|showteam|p1|Tyranitar||Tyranitarite|SandStream|RockSlide,HeavySlam,DragonDance,Protect|Adamant||M|||50|]Excadrill||FocusSash|SandRush|IronHead,Earthquake,RockSlide,Protect|Adamant||M|||50|]Goodra-Hisui||Leftovers|SapSipper|FlashCannon,SludgeWave,ChillingWater,Protect|Modest||F|||50|]Serperior||LifeOrb|Contrary|Glare,LeafStorm,Protect,Taunt|Timid||F|||50|]Skarmory||ExpertBelt|Sturdy|Tailwind,StealthRock,Whirlwind,IronHead|Careful||F|||50|]Musharna||LightClay|Synchronize|TrickRoom,LightScreen,Moonblast,Reflect|Sassy||F|||50|
|showteam|p2|Azumarill||SitrusBerry|HugePower|AquaJet,BrickBreak,BellyDrum,Protect|Adamant||F|||50|]Sylveon||FairyFeather|Pixilate|HyperVoice,QuickAttack,HyperBeam,Protect|Modest||M|||50|]Clefable||Leftovers|MagicGuard|HelpingHand,FollowMe,Psychic,Encore|Calm||F|||50|]Golurk||Golurkite|IronFist|HeadlongRush,Protect,ShadowPunch,HammerArm|Careful|||||50|]Hatterene||LifeOrb|MagicBounce|ThunderWave,MysticalFire,CalmMind,ExpandingForce|Modest||F|||50|]Gardevoir||Gardevoirite|Trace|TrickRoom,LightScreen,MysticalFire,Reflect|Sassy||F|||50|
|
|t:|1785485361
|teamsize|p1|4
|teamsize|p2|4
|start
|switch|p1a: Excadrill|Excadrill, L50, M|100/100
|switch|p1b: Skarmory|Skarmory, L50, F|100/100
|switch|p2a: Clefable|Clefable, L50, F|100/100
|switch|p2b: Azumarill|Azumarill, L50, F|100/100
|turn|1
|
|t:|1785485376
|move|p2a: Clefable|Follow Me|p2a: Clefable
|-singleturn|p2a: Clefable|move: Follow Me
|move|p1a: Excadrill|Iron Head|p2a: Clefable
|-supereffective|p2a: Clefable|1
|-damage|p2a: Clefable|0 fnt
|faint|p2a: Clefable
|move|p2b: Azumarill|Belly Drum|p2b: Azumarill
|-damage|p2b: Azumarill|50/100y
|-setboost|p2b: Azumarill|atk|6|[from] move: Belly Drum
|-enditem|p2b: Azumarill|Sitrus Berry|[eat]
|-heal|p2b: Azumarill|74/100|[from] item: Sitrus Berry
|move|p1b: Skarmory|Whirlwind|p2b: Azumarill
|drag|p2b: Golurk|Golurk, L50, shiny|100/100
|
|upkeep
|
|t:|1785485392
|switch|p2a: Trans Crimes|Sylveon, L50, M, shiny|100/100
|turn|2
|
|t:|1785485407
|detailschange|p2b: Golurk|Golurk-Mega, L50, shiny
|-mega|p2b: Golurk|Golurk|Golurkite
|move|p1a: Excadrill|Iron Head|p2a: Trans Crimes
|-supereffective|p2a: Trans Crimes|1
|-crit|p2a: Trans Crimes
|-damage|p2a: Trans Crimes|0 fnt
|faint|p2a: Trans Crimes
|move|p1b: Skarmory|Tailwind|p1b: Skarmory
|-sidestart|p1: SwampertSolly|move: Tailwind
|move|p2b: Golurk|Hammer Arm|p1a: Excadrill
|-supereffective|p1a: Excadrill|1
|-damage|p1a: Excadrill|8/100
|-unboost|p2b: Golurk|spe|1
|
|upkeep
|
|t:|1785485420
|switch|p2a: Azumarill|Azumarill, L50, F|74/100
|turn|3
|
|t:|1785485429
|move|p1a: Excadrill|Protect|p1a: Excadrill
|-singleturn|p1a: Excadrill|Protect
|move|p2a: Azumarill|Aqua Jet|p1a: Excadrill
|-activate|p1a: Excadrill|move: Protect
|move|p1b: Skarmory|Iron Head|p2a: Azumarill
|-damage|p2a: Azumarill|49/100
|move|p2b: Golurk|Hammer Arm|p1b: Skarmory
|-damage|p1b: Skarmory|70/100
|-unboost|p2b: Golurk|spe|1
|
|upkeep
|turn|4
|
|t:|1785485453
|move|p2a: Azumarill|Aqua Jet|p1a: Excadrill
|-supereffective|p1a: Excadrill|1
|-damage|p1a: Excadrill|0 fnt
|faint|p1a: Excadrill
|move|p1b: Skarmory|Tailwind||[still]
|-fail|p1b: Skarmory
|move|p2b: Golurk|Hammer Arm|p1b: Skarmory
|-damage|p1b: Skarmory|46/100
|-unboost|p2b: Golurk|spe|1
|
|upkeep
|
|t:|1785485462
|switch|p1a: Serperior|Serperior, L50, F|100/100
|turn|5
|
|t:|1785485474
|move|p2a: Azumarill|Protect|p2a: Azumarill
|-singleturn|p2a: Azumarill|Protect
|move|p1a: Serperior|Leaf Storm|p2b: Golurk
|-supereffective|p2b: Golurk|1
|-damage|p2b: Golurk|40/100
|-boost|p1a: Serperior|spa|2
|-damage|p1a: Serperior|90/100|[from] item: Life Orb
|move|p1b: Skarmory|Iron Head|p2a: Azumarill
|-activate|p2a: Azumarill|move: Protect
|move|p2b: Golurk|Shadow Punch|p1a: Serperior
|-damage|p1a: Serperior|58/100
|
|-sideend|p1: SwampertSolly|move: Tailwind
|upkeep
|turn|6
|
|t:|1785485493
|move|p1a: Serperior|Leaf Storm|p2a: Azumarill
|-supereffective|p2a: Azumarill|1
|-damage|p2a: Azumarill|0 fnt
|-boost|p1a: Serperior|spa|2
|faint|p2a: Azumarill
|-damage|p1a: Serperior|48/100|[from] item: Life Orb
|move|p1b: Skarmory|Tailwind|p1b: Skarmory
|-sidestart|p1: SwampertSolly|move: Tailwind
|move|p2b: Golurk|Hammer Arm|p1b: Skarmory
|-damage|p1b: Skarmory|22/100
|-unboost|p2b: Golurk|spe|1
|
|upkeep
|turn|7
|
|t:|1785485509
|move|p1a: Serperior|Leaf Storm|p2b: Golurk
|-supereffective|p2b: Golurk|1
|-damage|p2b: Golurk|0 fnt
|-boost|p1a: Serperior|spa|2
|faint|p2b: Golurk
|-damage|p1a: Serperior|39/100|[from] item: Life Orb
|
|win|SwampertSolly
|c|☆SwampertSolly|GGs
