|j|☆lomeek4588
|j|☆pabilisco
|html|lomeek4588pabilisco    
|uhtml|bestof|Game 1 of a best-of-3
|t:|1782446883
|gametype|doubles
|player|p1|lomeek4588|170|1004
|player|p2|pabilisco|hilda-masters2|1064
|gen|9
|tier|[Gen 9 Champions] VGC 2026 Reg M-B (Bo3)
|rated|
|rule|Species Clause: Limit one of each Pokémon
|rule|Item Clause: Limit 1 of each item
|clearpoke
|poke|p1|Camerupt, L50, M|
|poke|p1|Chandelure, L50, F|
|poke|p1|Appletun, L50, M|
|poke|p1|Whimsicott, L50, M|
|poke|p1|Talonflame, L50, F|
|poke|p1|Kingambit, L50, M|
|poke|p2|Serperior, L50, F|
|poke|p2|Incineroar, L50, M|
|poke|p2|Staraptor, L50, M|
|poke|p2|Whimsicott, L50, M|
|poke|p2|Floette-Eternal, L50, F|
|poke|p2|Garchomp, L50, F|
|teampreview|4
|showteam|p1|Camerupt||Cameruptite|SolidRock|EarthPower,Eruption,Protect,RockSlide|Modest||M|||50|]Chandelure||Chandelurite|FlashFire|Flamethrower,Hex,Poltergeist,Protect|Modest||F|||50|]Appletun||Leftovers|ThickFat|DragonPulse,SolarBeam,LeechSeed,GigaDrain|Modest||M|||50|]Whimsicott||FocusSash|Chlorophyll|SunnyDay,TrickRoom,CottonGuard,PlayRough|Naive||M|||50|]Talonflame||ChartiBerry|GaleWings|AirSlash,BraveBird,FlareBlitz,Roost|Naive||F|||50|]Kingambit||LifeOrb|Defiant|KowtowCleave,IronHead,Protect,StoneEdge|Adamant||M|||50|
|showteam|p2|Serperior||WideLens|Contrary|LeafStorm,DragonPulse,Protect,Glare|Timid||F|||50|]Incineroar||SitrusBerry|Intimidate|FakeOut,FlareBlitz,PartingShot,DarkestLariat|Impish||M|||50|]Staraptor||Staraptite|Intimidate|BraveBird,CloseCombat,Protect,Tailwind|Jolly||M|||50|]Whimsicott||FocusSash|Prankster|Tailwind,FakeTears,Charm,Moonblast|Timid||M|||50|]Floette-Eternal||Floettite|FlowerVeil|Moonblast,LightofRuin,Protect,DazzlingGleam|Modest||F|||50|]Garchomp||ChoiceScarf|RoughSkin|RockSlide,Earthquake,DragonClaw,StompingTantrum|Adamant||F|||50|
|inactive|Battle timer is ON: inactive players will automatically lose when time's up. (requested by pabilisco)
|inactive|pabilisco has 60 seconds left.
|
|t:|1782446956
|teamsize|p1|4
|teamsize|p2|4
|start
|switch|p1a: Camerupt|Camerupt, L50, M|100/100
|switch|p1b: Whimsicott|Whimsicott, L50, M|100/100
|switch|p2a: Garchomp|Garchomp, L50, F|100/100
|switch|p2b: Incineroar|Incineroar, L50, M|100/100
|-ability|p2b: Incineroar|Intimidate|boost
|-unboost|p1a: Camerupt|atk|1
|-unboost|p1b: Whimsicott|atk|1
|turn|1
|
|t:|1782446980
|detailschange|p1a: Camerupt|Camerupt-Mega, L50, M
|-mega|p1a: Camerupt|Camerupt|Cameruptite
|move|p2a: Garchomp|Stomping Tantrum|p1a: Camerupt
|-supereffective|p1a: Camerupt|1
|-damage|p1a: Camerupt|11/100
|move|p2b: Incineroar|Flare Blitz|p1b: Whimsicott
|-supereffective|p1b: Whimsicott|1
|-enditem|p1b: Whimsicott|Focus Sash
|-damage|p1b: Whimsicott|1/100
|-damage|p2b: Incineroar|72/100|[from] Recoil
|move|p1a: Camerupt|Earth Power|p2b: Incineroar
|-supereffective|p2b: Incineroar|1
|-damage|p2b: Incineroar|0 fnt
|faint|p2b: Incineroar
|move|p1b: Whimsicott|Trick Room|p1b: Whimsicott
|-fieldstart|move: Trick Room|[of] p1b: Whimsicott
|
|upkeep
|
|t:|1782446995
|switch|p2b: Serperior|Serperior, L50, F|100/100
|turn|2
|
|t:|1782447019
|move|p1a: Camerupt|Rock Slide|p2a: Garchomp|[spread] p2a,p2b
|-resisted|p2a: Garchomp|1
|-damage|p2a: Garchomp|94/100
|-damage|p2b: Serperior|87/100
|move|p2b: Serperior|Leaf Storm|p1b: Whimsicott
|-resisted|p1b: Whimsicott|1
|-damage|p1b: Whimsicott|0 fnt
|-boost|p2b: Serperior|spa|2
|faint|p1b: Whimsicott
|move|p2a: Garchomp|Stomping Tantrum|p1a: Camerupt
|-supereffective|p1a: Camerupt|1
|-damage|p1a: Camerupt|0 fnt
|faint|p1a: Camerupt
|
|upkeep
|
|t:|1782447034
|switch|p1a: Kingambit|Kingambit, L50, M|100/100
|switch|p1b: Appletun|Appletun, L50, M|100/100
|turn|3
|
|t:|1782447050
|move|p1b: Appletun|Dragon Pulse|p2a: Garchomp
|-supereffective|p2a: Garchomp|1
|-crit|p2a: Garchomp
|-damage|p2a: Garchomp|0 fnt
|faint|p2a: Garchomp
|move|p1a: Kingambit|Kowtow Cleave|p2b: Serperior
|-damage|p2b: Serperior|18/100
|-damage|p1a: Kingambit|90/100|[from] item: Life Orb
|move|p2b: Serperior|Leaf Storm|p1a: Kingambit
|-resisted|p1a: Kingambit|1
|-damage|p1a: Kingambit|52/100
|-boost|p2b: Serperior|spa|2
|
|upkeep
|
|t:|1782447053
|switch|p2a: Staraptor|Staraptor, L50, M|100/100
|-ability|p2a: Staraptor|Intimidate|boost
|-unboost|p1a: Kingambit|atk|1
|-ability|p1a: Kingambit|Defiant|boost
|-boost|p1a: Kingambit|atk|2
|-unboost|p1b: Appletun|atk|1
|turn|4
|
|t:|1782447075
|detailschange|p2a: Staraptor|Staraptor-Mega, L50, M
|-mega|p2a: Staraptor|Staraptor|Staraptite
|move|p2b: Serperior|Protect|p2b: Serperior
|-singleturn|p2b: Serperior|Protect
|move|p1b: Appletun|Dragon Pulse|p2b: Serperior
|-activate|p2b: Serperior|move: Protect
|move|p1a: Kingambit|Stone Edge|p2a: Staraptor
|-damage|p2a: Staraptor|27/100
|-damage|p1a: Kingambit|42/100|[from] item: Life Orb
|move|p2a: Staraptor|Brave Bird|p1b: Appletun
|-supereffective|p1b: Appletun|1
|-damage|p1b: Appletun|0 fnt
|faint|p1b: Appletun
|-damage|p2a: Staraptor|0 fnt|[from] Recoil
|faint|p2a: Staraptor
|
|upkeep
|turn|5
|c|☆pabilisco|Gg
|
|t:|1782447096
|move|p1a: Kingambit|Kowtow Cleave|p2b: Serperior
|-damage|p2b: Serperior|0 fnt
|faint|p2b: Serperior
|-damage|p1a: Kingambit|33/100|[from] item: Life Orb
|
|win|lomeek4588
||pabilisco is ready for game 2.
||lomeek4588 is ready for game 2.
|uhtml|next|Next: Game 2 of 3
|l|☆lomeek4588
|player|p1|
