|j|☆SirNeru
|j|☆IshtarVGC26
|html|SirNeruIshtarVGC26    
|uhtml|bestof|Game 2 of a best-of-3
|t:|1756822617
|gametype|doubles
|player|p1|SirNeru|101|1215
|player|p2|IshtarVGC26|juan|1243
|gen|9
|tier|[Gen 9] VGC 2025 Reg H (Bo3)
|rated|
|rule|Species Clause: Limit one of each Pokémon
|rule|Item Clause: Limit 1 of each item
|clearpoke
|poke|p1|Gholdengo, L50|
|poke|p1|Primarina, L50, F|
|poke|p1|Tyranitar, L50, F|
|poke|p1|Electabuzz, L50, F|
|poke|p1|Excadrill, L50, M|
|poke|p1|Dragonite, L50, M|
|poke|p2|Charizard, L50, M|
|poke|p2|Torkoal, L50, M|
|poke|p2|Porygon2, L50|
|poke|p2|Incineroar, L50, M|
|poke|p2|Jumpluff, L50, F|
|poke|p2|Ursaluna, L50, F|
|teampreview|4
|showteam|p1|Gholdengo||LifeOrb|GoodasGold|MakeItRain,NastyPlot,Protect,ShadowBall||||||50|,,,,,Dragon]Primarina||ThroatSpray|LiquidVoice|Moonblast,HyperVoice,Protect,IceBeam|||F|||50|,,,,,Poison]Tyranitar||AssaultVest|SandStream|RockSlide,IcyWind,KnockOff,TeraBlast|||F|||50|,,,,,Flying]Electabuzz||Eviolite|VitalSpirit|FollowMe,Electroweb,Taunt,Protect|||F|||50|,,,,,Ghost]Excadrill||FocusSash|SandRush|Earthquake,SwordsDance,RockSlide,Protect|||M|||50|,,,,,Stellar]Dragonite||LoadedDice|Multiscale|ScaleShot,Tailwind,Haze,Protect|||M|||50|,,,,,Fairy
|showteam|p2|Charizard||ChoiceSpecs|SolarPower|HeatWave,SolarBeam,WeatherBall,AirSlash|||M|||50|,,,,,Grass]Torkoal||EjectPack|Drought|Eruption,Overheat,HelpingHand,Protect|||M|||50|,,,,,Fire]Porygon2||Eviolite|Download|TeraBlast,IceBeam,Recover,TrickRoom||||||50|,,,,,Fighting]Incineroar||SitrusBerry|Intimidate|FlareBlitz,KnockOff,FakeOut,PartingShot|||M|||50|,,,,,Ghost]Jumpluff||CovertCloak|Chlorophyll|SleepPowder,SunnyDay,RagePowder,Tailwind|||F|||50|,,,,,Water]Ursaluna||FlameOrb|Guts|HeadlongRush,Facade,Earthquake,Protect|||F|||50|,,,,,Ghost
|inactive|Battle timer is ON: inactive players will automatically lose when time's up. (requested by SirNeru)
|
|t:|1756822661
|teamsize|p1|4
|teamsize|p2|4
|start
|switch|p1a: Excadrill|Excadrill, L50, M, shiny|100/100
|switch|p1b: Tyranitar|Tyranitar, L50, F, shiny|100/100
|switch|p2a: Porygon2|Porygon2, L50|100/100
|switch|p2b: Torkoal|Torkoal, L50, M|100/100
|-ability|p2a: Porygon2|Download|boost
|-boost|p2a: Porygon2|spa|1
|-weather|Sandstorm|[from] ability: Sand Stream|[of] p1b: Tyranitar
|-weather|SunnyDay|[from] ability: Drought|[of] p2b: Torkoal
|turn|1
|
|t:|1756822681
|-terastallize|p2a: Porygon2|Fighting
|-terastallize|p1b: Tyranitar|Flying
|move|p1a: Excadrill|Earthquake|p2a: Porygon2|[spread] p2a,p2b
|-immune|p1b: Tyranitar
|-supereffective|p2b: Torkoal
|-damage|p2a: Porygon2|73/100
|-damage|p2b: Torkoal|36/100
|move|p2a: Porygon2|Tera Blast|p1b: Tyranitar|[anim] Tera Blast Fighting
|-resisted|p1b: Tyranitar
|-damage|p1b: Tyranitar|84/100
|move|p1b: Tyranitar|Rock Slide|p2b: Torkoal|[spread] p2a,p2b
|-resisted|p2a: Porygon2
|-supereffective|p2b: Torkoal
|-damage|p2a: Porygon2|63/100
|-damage|p2b: Torkoal|0 fnt
|faint|p2b: Torkoal
|
|-weather|SunnyDay|[upkeep]
|upkeep
|
|t:|1756822698
|switch|p2b: Charizard|Charizard, L50, M|100/100
|turn|2
|
|t:|1756822707
|switch|p1b: Electabuzz|Electabuzz, L50, F, shiny|100/100
|move|p1a: Excadrill|Protect|p1a: Excadrill
|-singleturn|p1a: Excadrill|Protect
|move|p2b: Charizard|Heat Wave|p1b: Electabuzz|[spread] p1b
|-activate|p1a: Excadrill|move: Protect
|-damage|p1b: Electabuzz|0 fnt
|faint|p1b: Electabuzz
|move|p2a: Porygon2|Tera Blast|p1a: Excadrill|[anim] Tera Blast Fighting
|-activate|p1a: Excadrill|move: Protect
|
|-weather|SunnyDay|[upkeep]
|-damage|p2b: Charizard|88/100|[from] ability: Solar Power|[of] p2b: Charizard
|upkeep
|
|t:|1756822711
|switch|p1b: Tyranitar|Tyranitar, L50, F, shiny, tera:Flying|84/100
|-weather|Sandstorm|[from] ability: Sand Stream|[of] p1b: Tyranitar
|turn|3
|
|t:|1756822728
|switch|p2b: Ursaluna|Ursaluna, L50, F|100/100
|move|p1a: Excadrill|Rock Slide|p2b: Ursaluna|[spread] p2b
|-miss|p1a: Excadrill|p2a: Porygon2
|-resisted|p2b: Ursaluna
|-damage|p2b: Ursaluna|92/100
|move|p1b: Tyranitar|Tera Blast|p2a: Porygon2|[anim] Tera Blast Flying
|-supereffective|p2a: Porygon2
|-damage|p2a: Porygon2|3/100
|move|p2a: Porygon2|Trick Room|p2a: Porygon2
|-fieldstart|move: Trick Room|[of] p2a: Porygon2
|
|-weather|Sandstorm|[upkeep]
|-damage|p1b: Tyranitar|78/100|[from] Sandstorm
|-damage|p2a: Porygon2|0 fnt|[from] Sandstorm
|faint|p2a: Porygon2
|-status|p2b: Ursaluna|brn|[from] item: Flame Orb
|upkeep
|
|t:|1756822742
|switch|p2a: Charizard|Charizard, L50, M|88/100
|turn|4
|
|t:|1756822756
|move|p1a: Excadrill|Protect|p1a: Excadrill
|-singleturn|p1a: Excadrill|Protect
|move|p1b: Tyranitar|Rock Slide|p2b: Ursaluna|[spread] p2a,p2b
|-supereffective|p2a: Charizard
|-resisted|p2b: Ursaluna
|-damage|p2a: Charizard|0 fnt
|-damage|p2b: Ursaluna|80/100 brn
|faint|p2a: Charizard
|move|p2b: Ursaluna|Facade|p1b: Tyranitar
|-damage|p1b: Tyranitar|0 fnt
|faint|p1b: Tyranitar
|
|-weather|Sandstorm|[upkeep]
|-damage|p2b: Ursaluna|74/100 brn|[from] brn
|upkeep
|
|t:|1756822765
|switch|p1b: Primarina|Primarina, L50, F, shiny|100/100
|turn|5
|
|t:|1756822772
|move|p2b: Ursaluna|Facade|p1b: Primarina
|-damage|p1b: Primarina|0 fnt
|faint|p1b: Primarina
|move|p1a: Excadrill|Rock Slide|p2b: Ursaluna
|-resisted|p2b: Ursaluna
|-damage|p2b: Ursaluna|64/100 brn
|
|-weather|Sandstorm|[upkeep]
|-damage|p2b: Ursaluna|58/100 brn|[from] brn
|upkeep
|turn|6
|
|t:|1756822782
|move|p2b: Ursaluna|Earthquake|p1a: Excadrill
|-supereffective|p1a: Excadrill
|-enditem|p1a: Excadrill|Focus Sash
|-damage|p1a: Excadrill|1/100
|move|p1a: Excadrill|Swords Dance|p1a: Excadrill
|-boost|p1a: Excadrill|atk|2
|
|-weather|Sandstorm|[upkeep]
|-damage|p2b: Ursaluna|53/100 brn|[from] brn
|upkeep
|turn|7
|
|t:|1756822792
|move|p1a: Excadrill|Protect|p1a: Excadrill
|-singleturn|p1a: Excadrill|Protect
|move|p2b: Ursaluna|Earthquake|p1a: Excadrill
|-activate|p1a: Excadrill|move: Protect
|
|-weather|none
|-damage|p2b: Ursaluna|47/100 brn|[from] brn
|-fieldend|move: Trick Room
|upkeep
|turn|8
|
|t:|1756822800
|move|p1a: Excadrill|Earthquake|p2b: Ursaluna
|-damage|p2b: Ursaluna|0 fnt
|faint|p2b: Ursaluna
|
|win|SirNeru
|raw|SirNeru's rating: 1215 → 1242(+27 for winning)
|raw|IshtarVGC26's rating: 1243 → 1216(-27 for losing)
|l|☆IshtarVGC26
|player|p2|
|l|☆SirNeru
|player|p1|
|j|☆SirNeru
|player|p1|SirNeru|101|
