|j|☆muu38
|j|☆MeerMika
|html|muu38MeerMika    
|uhtml|bestof|Game 1 of a best-of-3
|t:|1785874575
|gametype|doubles
|player|p1|muu38|pokemaniac|1028
|player|p2|MeerMika|ballguy-masters|1000
|gen|9
|tier|[Gen 9 Champions] VGC 2026 Reg M-B (Bo3)
|rated|
|rule|Species Clause: Limit one of each Pokémon
|rule|Item Clause: Limit 1 of each item
|clearpoke
|poke|p1|Ariados, L50, M|
|poke|p1|Delphox, L50, F|
|poke|p1|Flapple, L50, M|
|poke|p1|Clefable, L50, F|
|poke|p1|Aegislash, L50, M|
|poke|p1|Sableye, L50, F|
|poke|p2|Annihilape, L50, M|
|poke|p2|Charizard, L50, M|
|poke|p2|Toxapex, L50, F|
|poke|p2|Metagross, L50|
|poke|p2|Incineroar, L50, M|
|poke|p2|Hydreigon, L50, M|
|teampreview|4
|showteam|p1|Ariados||SitrusBerry|Insomnia|RagePowder,Electroweb,Megahorn,ToxicSpikes|Adamant||M|||50|]Delphox||Delphoxite|Blaze|HeatWave,FocusBlast,Hypnosis,Protect|Timid||F|||50|]Flapple||ChoiceScarf|Hustle|GravApple,DualWingbeat,DragonRush,Uturn|Adamant||M|||50|]Clefable||Leftovers|Unaware|Gravity,FollowMe,Moonblast,IcyWind|Timid||F|||50|]Aegislash||KasibBerry|StanceChange|SacredSword,IronHead,ShadowSneak,KingsShield|Adamant||M|||50|]Sableye||FocusSash|Prankster|Gravity,Quash,WillOWisp,KnockOff|Naive||F|||50|
|showteam|p2|Annihilape||FocusSash|Defiant|PhantomForce,CloseCombat,RockTomb,Protect|Adamant||M|||50|]Charizard||CharizarditeY|Blaze|HeatWave,WeatherBall,SolarBeam,Protect|Modest||M|||50|]Toxapex||Leftovers|Regenerator|Toxic,Infestation,WideGuard,BanefulBunker|Bold||F|||50|]Metagross||Metagrossite|ClearBody|BulletPunch,PsychicFangs,StompingTantrum,Protect|Jolly|||||50|]Incineroar||SitrusBerry|Intimidate|FlareBlitz,ThroatChop,PartingShot,FakeOut|Impish||M|||50|]Hydreigon||ChoiceScarf|Levitate|DarkPulse,DracoMeteor,Snarl,HeatWave|Modest||M|||50|
|inactive|Battle timer is ON: inactive players will automatically lose when time's up. (requested by muu38)
|inactive|muu38 has 60 seconds left.
|inactive|MeerMika has 60 seconds left.
|
|t:|1785874629
|teamsize|p1|4
|teamsize|p2|4
|start
|switch|p1a: Clefable|Clefable, L50, F|100/100
|switch|p1b: Sableye|Sableye, L50, F|100/100
|switch|p2a: Charizard|Charizard, L50, M|100/100
|switch|p2b: Hydreigon|Hydreigon, L50, M|100/100
|turn|1
|
|t:|1785874653
|detailschange|p2a: Charizard|Charizard-Mega-Y, L50, M
|-mega|p2a: Charizard|Charizard|Charizardite Y
|-weather|SunnyDay|[from] ability: Drought|[of] p2a: Charizard
|move|p1b: Sableye|Quash|p2a: Charizard
|-activate|p2a: Charizard|move: Quash
|move|p2b: Hydreigon|Heat Wave|p1b: Sableye|[spread] p1a,p1b
|-damage|p1a: Clefable|69/100
|-damage|p1b: Sableye|45/100
|move|p1a: Clefable|Moonblast|p2b: Hydreigon
|-supereffective|p2b: Hydreigon|2
|-damage|p2b: Hydreigon|0 fnt
|faint|p2b: Hydreigon
|move|p2a: Charizard|Heat Wave|p1a: Clefable|[spread] p1b
|-miss|p2a: Charizard|p1a: Clefable
|-damage|p1b: Sableye|0 fnt
|faint|p1b: Sableye
|
|-weather|SunnyDay|[upkeep]
|-heal|p1a: Clefable|75/100|[from] item: Leftovers
|upkeep
|
|t:|1785874676
|switch|p2b: Incineroar|Incineroar, L50, M|100/100
|switch|p1b: Delphox|Delphox, L50, F|100/100
|-ability|p2b: Incineroar|Intimidate|boost
|-unboost|p1a: Clefable|atk|1
|-unboost|p1b: Delphox|atk|1
|turn|2
|
|t:|1785874700
|switch|p2b: Annihilape|Annihilape, L50, M|100/100
|detailschange|p1b: Delphox|Delphox-Mega, L50, F
|-mega|p1b: Delphox|Delphox|Delphoxite
|move|p1b: Delphox|Protect|p1b: Delphox
|-singleturn|p1b: Delphox|Protect
|move|p2a: Charizard|Weather Ball|p1a: Clefable
|-damage|p1a: Clefable|3/100
|move|p1a: Clefable|Gravity|p1a: Clefable
|-fieldstart|move: Gravity
|
|-weather|SunnyDay|[upkeep]
|-heal|p1a: Clefable|9/100|[from] item: Leftovers
|upkeep
|turn|3
|
|t:|1785874721
|move|p1a: Clefable|Follow Me|p1a: Clefable
|-singleturn|p1a: Clefable|move: Follow Me
|move|p1b: Delphox|Heat Wave|p2b: Annihilape|[spread] p2a,p2b
|-resisted|p2a: Charizard|1
|-damage|p2a: Charizard|70/100
|-damage|p2b: Annihilape|29/100
|move|p2b: Annihilape|Rock Tomb|p1a: Clefable
|-damage|p1a: Clefable|0 fnt
|faint|p1a: Clefable
|move|p2a: Charizard|Heat Wave|p1b: Delphox
|-resisted|p1b: Delphox|1
|-damage|p1b: Delphox|58/100
|
|-weather|SunnyDay|[upkeep]
|upkeep
|
|t:|1785874736
|switch|p1a: Ariados|Ariados, L50, M|100/100
|turn|4
|
|t:|1785874747
|switch|p2b: Incineroar|Incineroar, L50, M|100/100
|-ability|p2b: Incineroar|Intimidate|boost
|-unboost|p1a: Ariados|atk|1
|-unboost|p1b: Delphox|atk|1
|move|p1a: Ariados|Rage Powder|p1a: Ariados
|-singleturn|p1a: Ariados|move: Rage Powder
|move|p1b: Delphox|Hypnosis|p2a: Charizard
|-status|p2a: Charizard|slp|[from] move: Hypnosis
|cant|p2a: Charizard|slp
|
|-weather|SunnyDay|[upkeep]
|upkeep
|turn|5
|
|t:|1785874764
|move|p1b: Delphox|Protect|p1b: Delphox
|-singleturn|p1b: Delphox|Protect
|move|p2b: Incineroar|Fake Out|p1b: Delphox
|-activate|p1b: Delphox|move: Protect
|cant|p2a: Charizard|slp
|move|p1a: Ariados|Electroweb|p2a: Charizard|[spread] p2a,p2b
|-supereffective|p2a: Charizard|1
|-damage|p2a: Charizard|61/100 slp
|-damage|p2b: Incineroar|95/100
|-unboost|p2a: Charizard|spe|1
|-unboost|p2b: Incineroar|spe|1
|
|-weather|none
|upkeep
|turn|6
|
|t:|1785874789
|move|p1b: Delphox|Focus Blast|p2b: Incineroar
|-supereffective|p2b: Incineroar|1
|-damage|p2b: Incineroar|9/100
|-enditem|p2b: Incineroar|Sitrus Berry|[eat]
|-heal|p2b: Incineroar|34/100|[from] item: Sitrus Berry
|-curestatus|p2a: Charizard|slp|[msg]
|move|p2a: Charizard|Heat Wave|p1a: Ariados|[spread] p1a,p1b
|-supereffective|p1a: Ariados|1
|-resisted|p1b: Delphox|1
|-damage|p1a: Ariados|3/100
|-damage|p1b: Delphox|38/100
|-status|p1a: Ariados|brn
|-enditem|p1a: Ariados|Sitrus Berry|[eat]
|-heal|p1a: Ariados|28/100 brn|[from] item: Sitrus Berry
|move|p1a: Ariados|Megahorn|p2b: Incineroar
|-damage|p2b: Incineroar|23/100
|move|p2b: Incineroar|Throat Chop|p1b: Delphox
|-supereffective|p1b: Delphox|1
|-damage|p1b: Delphox|0 fnt
|faint|p1b: Delphox
|
|-damage|p1a: Ariados|22/100 brn|[from] brn
|-fieldend|move: Gravity
|upkeep
|turn|7
|
|t:|1785874809
|move|p2a: Charizard|Heat Wave|p1a: Ariados
|-supereffective|p1a: Ariados|1
|-damage|p1a: Ariados|0 fnt
|faint|p1a: Ariados
|
|win|MeerMika
