|j|☆jacre22
|j|☆akabaki
|html|jacre22akabaki    
|uhtml|bestof|Game 2 of a best-of-3
|t:|1757716257
|gametype|doubles
|player|p1|jacre22|iris-gen5bw2|1400
|player|p2|akabaki|102|1408
|gen|9
|tier|[Gen 9] VGC 2025 Reg H (Bo3)
|rated|
|rule|Species Clause: Limit one of each Pokémon
|rule|Item Clause: Limit 1 of each item
|clearpoke
|poke|p1|Whimsicott, L50, F|
|poke|p1|Garchomp, L50, M|
|poke|p1|Gholdengo, L50|
|poke|p1|Incineroar, L50, F|
|poke|p1|Sneasler, L50, M|
|poke|p1|Dragonite, L50, F|
|poke|p2|Garchomp, L50, M|
|poke|p2|Gholdengo, L50|
|poke|p2|Clefable, L50, F|
|poke|p2|Talonflame, L50, M|
|poke|p2|Hydreigon, L50, M|
|poke|p2|Annihilape, L50, M|
|teampreview|4
|showteam|p1|Whimsicott||FocusSash|Prankster|Moonblast,Tailwind,Encore,Protect|||F|||50|,,,,,Ghost]Garchomp||LifeOrb|RoughSkin|Earthquake,DragonClaw,StompingTantrum,Protect|||M|||50|,,,,,Ground]Gholdengo||ChoiceSpecs|GoodasGold|MakeItRain,ShadowBall,Trick,PowerGem||||||50|,,,,,Steel]Incineroar||AssaultVest|Intimidate|FakeOut,FlareBlitz,KnockOff,Uturn|||F|||50|,,,,,Grass]Sneasler||WhiteHerb|Unburden|FakeOut,DireClaw,CloseCombat,Protect|||M|||50|,,,,,Stellar]Dragonite||ChoiceBand|InnerFocus|ExtremeSpeed,Outrage,IceSpinner,StompingTantrum|||F|||50|,,,,,Normal
|showteam|p2|Garchomp||LifeOrb|RoughSkin|DragonClaw,StompingTantrum,Earthquake,Protect|||M|||50|,,,,,Steel]Gholdengo||MetalCoat|GoodasGold|MakeItRain,ShadowBall,NastyPlot,Protect||||||50|,,,,,Water]Clefable||SitrusBerry|Unaware|Moonblast,FollowMe,Protect,MistyTerrain|||F|||50|,,,,,Water]Talonflame||CovertCloak|GaleWings|BraveBird,Tailwind,WillOWisp,Taunt|||M|||50|,,,,,Grass]Hydreigon||ChoiceSpecs|Levitate|DracoMeteor,DarkPulse,HeatWave,Snarl|||M|||50|,,,,,Fire]Annihilape||SafetyGoggles|Defiant|RageFist,DrainPunch,BulkUp,Protect|||M|||50|,,,,,Water
|inactive|Battle timer is ON: inactive players will automatically lose when time's up. (requested by akabaki)
|inactive|akabaki has 60 seconds left.
|
|t:|1757716343
|teamsize|p1|4
|teamsize|p2|4
|start
|switch|p1a: Whimsicott|Whimsicott, L50, F|100/100
|switch|p1b: Gholdengo|Gholdengo, L50|100/100
|switch|p2a: Talonflame|Talonflame, L50, M|100/100
|switch|p2b: Annihilape|Annihilape, L50, M|100/100
|turn|1
|inactive|akabaki has 30 seconds left.
|inactive|akabaki has 20 seconds left.
|inactive|akabaki has 15 seconds left.
|inactive|akabaki has 10 seconds left.
|inactive|akabaki has 5 seconds left.
|
|t:|1757716393
|-terastallize|p2b: Annihilape|Water
|move|p2a: Talonflame|Tailwind|p2a: Talonflame
|-sidestart|p2: akabaki|move: Tailwind
|move|p1a: Whimsicott|Tailwind|p1a: Whimsicott
|-sidestart|p1: jacre22|move: Tailwind
|move|p2b: Annihilape|Bulk Up|p2b: Annihilape
|-boost|p2b: Annihilape|atk|1
|-boost|p2b: Annihilape|def|1
|move|p1b: Gholdengo|Shadow Ball|p2b: Annihilape
|-damage|p2b: Annihilape|44/100
|
|upkeep
|turn|2
|inactive|jacre22 has 30 seconds left.
|
|t:|1757716420
|move|p2b: Annihilape|Protect|p2b: Annihilape
|-singleturn|p2b: Annihilape|Protect
|move|p1a: Whimsicott|Encore|p2a: Talonflame
|-start|p2a: Talonflame|Encore
|move|p2a: Talonflame|Tailwind||[still]
|-fail|p2a: Talonflame
|move|p1b: Gholdengo|Shadow Ball|p2b: Annihilape
|-activate|p2b: Annihilape|move: Protect
|
|upkeep
|turn|3
|inactive|akabaki has 30 seconds left.
|
|t:|1757716445
|switch|p2a: Gholdengo|Gholdengo, L50|100/100
|switch|p2b: Clefable|Clefable, L50, F|100/100
|move|p1a: Whimsicott|Encore||[still]
|-fail|p1a: Whimsicott
|move|p1b: Gholdengo|Shadow Ball|p2a: Gholdengo
|-supereffective|p2a: Gholdengo
|-damage|p2a: Gholdengo|0 fnt
|faint|p2a: Gholdengo
|
|upkeep
|
|t:|1757716464
|switch|p2a: Annihilape|Annihilape, L50, M, tera:Water|44/100
|turn|4
|inactive|jacre22 has 30 seconds left.
|
|t:|1757716496
|move|p2b: Clefable|Follow Me|p2b: Clefable
|-singleturn|p2b: Clefable|move: Follow Me
|move|p1a: Whimsicott|Moonblast|p2b: Clefable
|-damage|p2b: Clefable|74/100
|-unboost|p2b: Clefable|spa|1
|move|p2a: Annihilape|Rage Fist|p1b: Gholdengo
|-supereffective|p1b: Gholdengo
|-damage|p1b: Gholdengo|11/100
|move|p1b: Gholdengo|Shadow Ball|p2b: Clefable
|-damage|p2b: Clefable|18/100
|-unboost|p2b: Clefable|spd|1
|-enditem|p2b: Clefable|Sitrus Berry|[eat]
|-heal|p2b: Clefable|43/100|[from] item: Sitrus Berry
|
|-sideend|p2: akabaki|move: Tailwind
|-sideend|p1: jacre22|move: Tailwind
|upkeep
|turn|5
|
|t:|1757716521
|move|p2b: Clefable|Follow Me|p2b: Clefable
|-singleturn|p2b: Clefable|move: Follow Me
|move|p1a: Whimsicott|Tailwind|p1a: Whimsicott
|-sidestart|p1: jacre22|move: Tailwind
|move|p1b: Gholdengo|Shadow Ball|p2b: Clefable
|-crit|p2b: Clefable
|-damage|p2b: Clefable|0 fnt
|faint|p2b: Clefable
|move|p2a: Annihilape|Rage Fist|p1b: Gholdengo
|-supereffective|p1b: Gholdengo
|-damage|p1b: Gholdengo|0 fnt
|faint|p1b: Gholdengo
|
|upkeep
|
|t:|1757716535
|switch|p1b: Dragonite|Dragonite, L50, F|100/100
|switch|p2b: Talonflame|Talonflame, L50, M|100/100
|turn|6
|
|t:|1757716554
|-terastallize|p1b: Dragonite|Normal
|move|p1a: Whimsicott|Protect|p1a: Whimsicott
|-singleturn|p1a: Whimsicott|Protect
|move|p1b: Dragonite|Extreme Speed|p2a: Annihilape
|-damage|p2a: Annihilape|0 fnt
|faint|p2a: Annihilape
|move|p2b: Talonflame|Tailwind|p2b: Talonflame
|-sidestart|p2: akabaki|move: Tailwind
|
|upkeep
|turn|7
|
|t:|1757716566
|move|p1b: Dragonite|Extreme Speed|p2b: Talonflame
|-damage|p2b: Talonflame|7/100
|move|p1a: Whimsicott|Encore|p2b: Talonflame
|-start|p2b: Talonflame|Encore
|move|p2b: Talonflame|Tailwind||[still]
|-fail|p2b: Talonflame
|
|upkeep
|turn|8
|
|t:|1757716581
|move|p1b: Dragonite|Extreme Speed|p2b: Talonflame
|-damage|p2b: Talonflame|0 fnt
|faint|p2b: Talonflame
|
|win|jacre22
||jacre22 is ready for game 3.
||akabaki is ready for game 3.
|uhtml|next|Next: Game 3 of 3
