|j|☆hatsune p2
|j|☆dreepy_volador1
|html|hatsune p2dreepy_volador1    
|uhtml|bestof|Game 1 of a best-of-3
|t:|1756878313
|gametype|doubles
|player|p1|hatsune p2|miku-fairy|1212
|player|p2|dreepy_volador1|101|1280
|gen|9
|tier|[Gen 9] VGC 2025 Reg H (Bo3)
|rated|
|rule|Species Clause: Limit one of each Pokémon
|rule|Item Clause: Limit 1 of each item
|clearpoke
|poke|p1|Pelipper, L50, M|
|poke|p1|Archaludon, L50, M|
|poke|p1|Basculegion, L50, M|
|poke|p1|Incineroar, L50, F|
|poke|p1|Amoonguss, L50, M|
|poke|p1|Maushold, L50|
|poke|p2|Whimsicott, L50, M|
|poke|p2|Sneasler, L50, M|
|poke|p2|Indeedee, L50, M|
|poke|p2|Annihilape, L50, F|
|poke|p2|Primarina, L50, M|
|poke|p2|Dragapult, L50, M|
|teampreview|4
|showteam|p1|Pelipper||FocusSash|Drizzle|WeatherBall,Hurricane,Tailwind,WideGuard|||M|||50|,,,,,Ghost]Archaludon||AssaultVest|Stamina|BodyPress,FlashCannon,ElectroShot,DragonPulse|||M|||50|,,,,,Fairy]Basculegion||ChoiceScarf|Adaptability|LastRespects,WaveCrash,FlipTurn,AquaJet|||M|||50|,,,,,Grass]Incineroar||SafetyGoggles|Intimidate|FakeOut,FlareBlitz,KnockOff,PartingShot|||F|||50|,,,,,Ghost]Amoonguss||CovertCloak|Regenerator|RagePowder,Spore,PollenPuff,LeafStorm|||M|||50|,,,,,Water]Maushold||WideLens|FriendGuard|PopulationBomb,FollowMe,Taunt,Protect||||||50|,,,,,Ghost
|showteam|p2|Whimsicott||CovertCloak|Prankster|Tailwind,Taunt,Moonblast,BeatUp|||M|||50|,,,,,Fire]Sneasler||PsychicSeed|Unburden|DireClaw,CloseCombat,ThroatChop,Protect|||M|||50|,,,,,Dark]Indeedee||FocusSash|PsychicSurge|ExpandingForce,HelpingHand,Imprison,TrickRoom|||M|||50|,,,,,Psychic]Annihilape||SafetyGoggles|Defiant|RageFist,DrainPunch,BulkUp,Protect|||F|||50|,,,,,Fire]Primarina||LifeOrb|LiquidVoice|HyperVoice,Moonblast,Haze,Protect|||M|||50|,,,,,Poison]Dragapult||ChoiceBand|ClearBody|DragonDarts,Uturn,PhantomForce,Outrage|||M|||50|,,,,,Dragon
|inactive|Battle timer is ON: inactive players will automatically lose when time's up. (requested by dreepy_volador1)
|c|☆hatsune p2|GLHF
|c|☆dreepy_volador1|Hi
|inactive|hatsune p2 has 60 seconds left.
|inactive|dreepy_volador1 has 60 seconds left.
|
|t:|1756878350
|teamsize|p1|4
|teamsize|p2|4
|start
|switch|p1a: Basculegion|Basculegion, L50, M|100/100
|switch|p1b: Incineroar|Incineroar, L50, F|100/100
|switch|p2a: V4ginator|Indeedee, L50, M|100/100
|switch|p2b: Sleeper|Sneasler, L50, M|100/100
|-fieldstart|move: Psychic Terrain|[from] ability: Psychic Surge|[of] p2a: V4ginator
|-enditem|p2b: Sleeper|Psychic Seed
|-boost|p2b: Sleeper|spd|1|[from] item: Psychic Seed
|-ability|p1b: Incineroar|Intimidate|boost
|-unboost|p2a: V4ginator|atk|1
|-unboost|p2b: Sleeper|atk|1
|turn|1
|inactive|hatsune p2 has 30 seconds left.
|
|t:|1756878379
|switch|p1b: Pelipper|Pelipper, L50, M|100/100
|-weather|RainDance|[from] ability: Drizzle|[of] p1b: Pelipper
|move|p2a: V4ginator|Helping Hand|p2b: Sleeper
|-singleturn|p2b: Sleeper|Helping Hand|[of] p2a: V4ginator
|move|p2b: Sleeper|Close Combat|p1b: Pelipper
|-resisted|p1b: Pelipper
|-damage|p1b: Pelipper|54/100
|-unboost|p2b: Sleeper|def|1
|-unboost|p2b: Sleeper|spd|1
|move|p1a: Basculegion|Flip Turn|p2b: Sleeper
|-damage|p2b: Sleeper|0 fnt
|faint|p2b: Sleeper
|
|t:|1756878395
|switch|p1a: Archaludon|Archaludon, L50, M|100/100|[from] Flip Turn
|
|-weather|RainDance|[upkeep]
|upkeep
|
|t:|1756878399
|switch|p2b: Primadiosa|Primarina, L50, M|100/100
|turn|2
|
|t:|1756878420
|move|p2a: V4ginator|Expanding Force|p1a: Archaludon|[spread] p1a,p1b
|-resisted|p1a: Archaludon
|-damage|p1a: Archaludon|80/100
|-damage|p1b: Pelipper|0 fnt
|-ability|p1a: Archaludon|Stamina|boost
|-boost|p1a: Archaludon|def|1
|faint|p1b: Pelipper
|move|p1a: Archaludon|Electro Shot||[still]
|-prepare|p1a: Archaludon|Electro Shot
|-boost|p1a: Archaludon|spa|1
|-anim|p1a: Archaludon|Electro Shot|p2b: Primadiosa
|-supereffective|p2b: Primadiosa
|-damage|p2b: Primadiosa|0 fnt
|faint|p2b: Primadiosa
|
|-weather|RainDance|[upkeep]
|upkeep
|
|t:|1756878432
|switch|p1b: Basculegion|Basculegion, L50, M|100/100
|switch|p2b: PitufoMoreno|Whimsicott, L50, M, shiny|100/100
|turn|3
|
|t:|1756878444
|-terastallize|p2a: V4ginator|Psychic
|move|p2b: PitufoMoreno|Tailwind|p2b: PitufoMoreno
|-sidestart|p2: dreepy_volador1|move: Tailwind
|move|p2a: V4ginator|Expanding Force|p1b: Basculegion|[spread] p1a,p1b
|-resisted|p1a: Archaludon
|-damage|p1a: Archaludon|52/100
|-damage|p1b: Basculegion|21/100
|-ability|p1a: Archaludon|Stamina|boost
|-boost|p1a: Archaludon|def|1
|move|p1b: Basculegion|Flip Turn|p2a: V4ginator
|-enditem|p2a: V4ginator|Focus Sash
|-damage|p2a: V4ginator|1/100
|
|t:|1756878449
|switch|p1b: Incineroar|Incineroar, L50, F|100/100|[from] Flip Turn
|-ability|p1b: Incineroar|Intimidate|boost
|-unboost|p2a: V4ginator|atk|1
|-unboost|p2b: PitufoMoreno|atk|1
|move|p1a: Archaludon|Flash Cannon|p2a: V4ginator
|-damage|p2a: V4ginator|0 fnt
|faint|p2a: V4ginator
|
|-weather|RainDance|[upkeep]
|upkeep
|turn|4
|c|☆hatsune p2|gg
|
|t:|1756878464
|switch|p1b: Basculegion|Basculegion, L50, M|21/100
|move|p2b: PitufoMoreno|Moonblast|p1a: Archaludon
|-damage|p1a: Archaludon|28/100
|-unboost|p1a: Archaludon|spa|1
|-ability|p1a: Archaludon|Stamina|boost
|-boost|p1a: Archaludon|def|1
|move|p1a: Archaludon|Flash Cannon|p2b: PitufoMoreno
|-supereffective|p2b: PitufoMoreno
|-damage|p2b: PitufoMoreno|13/100
|
|-weather|RainDance|[upkeep]
|upkeep
|turn|5
|
|t:|1756878477
|move|p2b: PitufoMoreno|Moonblast|p1b: Basculegion
|-damage|p1b: Basculegion|0 fnt
|faint|p1b: Basculegion
|move|p1a: Archaludon|Flash Cannon|p2b: PitufoMoreno
|-supereffective|p2b: PitufoMoreno
|-damage|p2b: PitufoMoreno|0 fnt
|faint|p2b: PitufoMoreno
|
|win|hatsune p2
||hatsune p2 is ready for game 2.
||dreepy_volador1 is ready for game 2.
|uhtml|next|Next: Game 2 of 3
|l|☆hatsune p2
|player|p1|
