|j|☆lolgz
|j|☆Lekor
|html|lolgzLekor    
|uhtml|bestof|Game 2 of a best-of-3
|t:|1783318390
|gametype|doubles
|player|p1|lolgz|dawn|1065
|player|p2|Lekor|169|1074
|gen|9
|tier|[Gen 9 Champions] VGC 2026 Reg M-B (Bo3)
|rated|
|rule|Species Clause: Limit one of each Pokémon
|rule|Item Clause: Limit 1 of each item
|clearpoke
|poke|p1|Blaziken, L50, F|
|poke|p1|Vivillon, L50, M|
|poke|p1|Incineroar, L50, M|
|poke|p1|Sinistcha, L50|
|poke|p1|Kingambit, L50, F|
|poke|p1|Floette-Eternal, L50, F|
|poke|p2|Lucario, L50, M|
|poke|p2|Basculegion, L50, M, shiny|
|poke|p2|Talonflame, L50, M, shiny|
|poke|p2|Aerodactyl, L50, F, shiny|
|poke|p2|Serperior, L50, F, shiny|
|poke|p2|Raichu, L50, F|
|teampreview|4
|showteam|p1|Blaziken||Blazikenite|SpeedBoost|CloseCombat,TemperFlare,Protect,SwordsDance|Jolly||F|||50|]Vivillon||ChoiceScarf|CompoundEyes|SleepPowder,Hurricane,RagePowder,Tailwind|Timid||M|||50|]Incineroar||PasshoBerry|Intimidate|PartingShot,FakeOut,ThroatChop,FlareBlitz|Careful||M|||50|]Sinistcha||KasibBerry|Hospitality|MatchaGotcha,RagePowder,LifeDew,Protect|Serious|||||50|]Kingambit||FocusSash|Defiant|SuckerPunch,KowtowCleave,Protect,IronHead|Adamant||F|||50|]Floette-Eternal||Floettite|FlowerVeil|DrainingKiss,DazzlingGleam,CalmMind,Protect|Timid||F|||50|
|showteam|p2|Lucario||Lucarionite|Steadfast|CloseCombat,MeteorMash,BulletPunch,Protect|Jolly||M|||50|]Basculegion||ChoiceScarf|Adaptability|LastRespects,WaveCrash,FlipTurn,PsychicFangs|Adamant||M|||50|]Talonflame||QuickClaw|GaleWings|FlareBlitz,BraveBird,Tailwind,Protect|Jolly||M|||50|]Aerodactyl||WideLens|Unnerve|IronHead,RockSlide,WideGuard,DualWingbeat|Adamant||F|||50|]Serperior||SitrusBerry|Contrary|LeafStorm,Reflect,Protect,LightScreen|Timid||F|||50|]Raichu||FocusSash|LightningRod|WildCharge,FakeOut,PlayRough,Protect|Jolly||F|||50|
|inactive|Battle timer is ON: inactive players will automatically lose when time's up. (requested by lolgz)
|
|t:|1783318413
|teamsize|p1|4
|teamsize|p2|4
|start
|switch|p1a: Vivillon|Vivillon, L50, M|100/100
|switch|p1b: Blaziken|Blaziken, L50, F|100/100
|switch|p2a: Talonflame|Talonflame, L50, M, shiny|100/100
|switch|p2b: Raichu|Raichu, L50, F|100/100
|turn|1
|
|t:|1783318437
|detailschange|p1b: Blaziken|Blaziken-Mega, L50, F
|-mega|p1b: Blaziken|Blaziken|Blazikenite
|move|p1b: Blaziken|Protect|p1b: Blaziken
|-singleturn|p1b: Blaziken|Protect
|move|p2b: Raichu|Fake Out|p1a: Vivillon
|-damage|p1a: Vivillon|81/100
|move|p2a: Talonflame|Tailwind|p2a: Talonflame
|-sidestart|p2: Lekor|move: Tailwind
|cant|p1a: Vivillon|flinch
|
|-ability|p1b: Blaziken|Speed Boost|boost
|-boost|p1b: Blaziken|spe|1
|upkeep
|turn|2
|
|t:|1783318455
|move|p1a: Vivillon|Rage Powder|p1a: Vivillon
|-singleturn|p1a: Vivillon|move: Rage Powder
|move|p2a: Talonflame|Brave Bird|p1a: Vivillon
|-supereffective|p1a: Vivillon|1
|-damage|p1a: Vivillon|0 fnt
|faint|p1a: Vivillon
|-damage|p2a: Talonflame|72/100|[from] Recoil
|move|p2b: Raichu|Wild Charge|p1b: Blaziken
|-damage|p1b: Blaziken|56/100
|-damage|p2b: Raichu|84/100|[from] Recoil
|move|p1b: Blaziken|Swords Dance|p1b: Blaziken
|-boost|p1b: Blaziken|atk|2
|
|-ability|p1b: Blaziken|Speed Boost|boost
|-boost|p1b: Blaziken|spe|1
|upkeep
|
|t:|1783318460
|switch|p1a: Incineroar|Incineroar, L50, M|100/100
|-ability|p1a: Incineroar|Intimidate|boost
|-unboost|p2a: Talonflame|atk|1
|-unboost|p2b: Raichu|atk|1
|turn|3
|inactive|Lekor has 30 seconds left.
|
|t:|1783318489
|move|p1b: Blaziken|Protect|p1b: Blaziken
|-singleturn|p1b: Blaziken|Protect
|move|p2a: Talonflame|Brave Bird|p1b: Blaziken
|-activate|p1b: Blaziken|move: Protect
|move|p2b: Raichu|Play Rough|p1a: Incineroar
|-damage|p1a: Incineroar|86/100
|move|p1a: Incineroar|Throat Chop|p2a: Talonflame
|-damage|p2a: Talonflame|27/100
|-start|p2a: Talonflame|Throat Chop|[silent]
|
|-ability|p1b: Blaziken|Speed Boost|boost
|-boost|p1b: Blaziken|spe|1
|upkeep
|turn|4
|-activate|p2a: Talonflame|item: Quick Claw
|
|t:|1783318510
|switch|p2b: Basculegion|Basculegion, L50, M, shiny|100/100
|switch|p1a: Sinistcha|Sinistcha, L50|100/100
|-heal|p1b: Blaziken|80/100|[from] ability: Hospitality|[of] p1a: Sinistcha
|move|p2a: Talonflame|Brave Bird|p1b: Blaziken
|-supereffective|p1b: Blaziken|1
|-damage|p1b: Blaziken|12/100
|-damage|p2a: Talonflame|1/100|[from] Recoil
|move|p1b: Blaziken|Temper Flare|p2a: Talonflame
|-resisted|p2a: Talonflame|1
|-damage|p2a: Talonflame|0 fnt
|faint|p2a: Talonflame
|
|-sideend|p2: Lekor|move: Tailwind
|-ability|p1b: Blaziken|Speed Boost|boost
|-boost|p1b: Blaziken|spe|1
|upkeep
|
|t:|1783318526
|switch|p2a: Raichu|Raichu, L50, F|84/100
|turn|5
|
|t:|1783318550
|move|p1b: Blaziken|Protect|p1b: Blaziken
|-singleturn|p1b: Blaziken|Protect
|move|p2a: Raichu|Fake Out|p1b: Blaziken
|-activate|p1b: Blaziken|move: Protect
|move|p2b: Basculegion|Last Respects|p1a: Sinistcha
|-supereffective|p1a: Sinistcha|1
|-enditem|p1a: Sinistcha|Kasib Berry|[eat]
|-enditem|p1a: Sinistcha|Kasib Berry|[weaken]
|-damage|p1a: Sinistcha|42/100
|move|p1a: Sinistcha|Matcha Gotcha|p2a: Raichu|[spread] p2a,p2b
|-supereffective|p2b: Basculegion|1
|-damage|p2a: Raichu|48/100
|-heal|p1a: Sinistcha|56/100|[from] drain|[of] p2a: Raichu
|-damage|p2b: Basculegion|46/100
|-heal|p1a: Sinistcha|89/100|[from] drain|[of] p2b: Basculegion
|-status|p2a: Raichu|brn
|
|-damage|p2a: Raichu|43/100 brn|[from] brn
|-ability|p1b: Blaziken|Speed Boost|boost
|-boost|p1b: Blaziken|spe|1
|upkeep
|turn|6
|inactive|Lekor has 30 seconds left.
|inactive|Lekor has 20 seconds left.
|inactive|lolgz has 30 seconds left.
|inactive|Lekor has 15 seconds left.
|
|t:|1783318593
|move|p1b: Blaziken|Temper Flare|p2b: Basculegion
|-resisted|p2b: Basculegion|1
|-damage|p2b: Basculegion|5/100
|move|p2a: Raichu|Wild Charge|p1b: Blaziken
|-damage|p1b: Blaziken|0 fnt
|faint|p1b: Blaziken
|-damage|p2a: Raichu|38/100 brn|[from] Recoil
|move|p2b: Basculegion|Last Respects|p1a: Sinistcha
|-supereffective|p1a: Sinistcha|1
|-damage|p1a: Sinistcha|0 fnt
|faint|p1a: Sinistcha
|
|-damage|p2a: Raichu|32/100 brn|[from] brn
|upkeep
|-message|lolgz forfeited.
|
|win|Lekor
