|j|☆Metagrossissimo
|j|☆SHOMA_WIN
|html|MetagrossissimoSHOMA_WIN    
|uhtml|bestof|Game 2 of a best-of-3
|t:|1782300144
|gametype|doubles
|player|p1|Metagrossissimo|roughneck-gen4|1188
|player|p2|SHOMA_WIN|scientist|1411
|gen|9
|tier|[Gen 9 Champions] VGC 2026 Reg M-B (Bo3)
|rated|
|rule|Species Clause: Limit one of each Pokémon
|rule|Item Clause: Limit 1 of each item
|clearpoke
|poke|p1|Pyroar, L50, F|
|poke|p1|Whimsicott, L50, M|
|poke|p1|Ninetales, L50, F|
|poke|p1|Farigiraf, L50, F|
|poke|p1|Basculegion, L50, M|
|poke|p1|Floette-Eternal, L50, F|
|poke|p2|Aerodactyl, L50, F|
|poke|p2|Garchomp, L50, F|
|poke|p2|Kingambit, L50, M|
|poke|p2|Charizard, L50, M|
|poke|p2|Sylveon, L50, F|
|poke|p2|Farigiraf, L50, M|
|teampreview|4
|showteam|p1|Pyroar||Pyroarite|Unnerve|HeatWave,Overheat,SolarBeam,Protect|Timid||F|||50|]Whimsicott||FocusSash|Prankster|Moonblast,Tailwind,SunnyDay,Protect|Timid||M|||50|]Ninetales||ChoiceScarf|Drought|Overheat,HeatWave,SolarBeam,FakeTears|Modest||F|||50|]Farigiraf||SitrusBerry|ArmorTail|Thunderbolt,TwinBeam,TrickRoom,HelpingHand|Bold||F|||50|]Basculegion||LifeOrb|Adaptability|WaveCrash,LastRespects,AquaJet,Protect|Adamant||M|||50|]Floette-Eternal||Floettite|FlowerVeil|Moonblast,DazzlingGleam,LightofRuin,Protect|Timid||F|||50|
|showteam|p2|Aerodactyl||Aerodactylite|Unnerve|IceFang,RockSlide,Tailwind,DualWingbeat|Jolly||F|||50|]Garchomp||LifeOrb|RoughSkin|DragonClaw,StompingTantrum,Earthquake,Protect|Jolly||F|||50|]Kingambit||FocusSash|Defiant|SuckerPunch,KowtowCleave,IronHead,LowKick|Adamant||M|||50|]Charizard||CharizarditeY|Blaze|Protect,WeatherBall,HeatWave,SolarBeam|Modest||M|||50|]Sylveon||FairyFeather|Pixilate|Protect,HyperVoice,HyperBeam,QuickAttack|Modest||F|||50|]Farigiraf||SitrusBerry|ArmorTail|TrickRoom,Thunderbolt,Roar,TwinBeam|Bold||M|||50|
|inactive|Battle timer is ON: inactive players will automatically lose when time's up. (requested by Metagrossissimo)
|
|t:|1782300164
|teamsize|p1|4
|teamsize|p2|4
|start
|switch|p1a: Whimsicott|Whimsicott, L50, M|100/100
|switch|p1b: Pyroar|Pyroar, L50, F|100/100
|switch|p2a: Kingambit|Kingambit, L50, M|100/100
|switch|p2b: Aerodactyl|Aerodactyl, L50, F|100/100
|-ability|p2b: Aerodactyl|Unnerve
|-ability|p1b: Pyroar|Unnerve
|turn|1
|
|t:|1782300176
|detailschange|p2b: Aerodactyl|Aerodactyl-Mega, L50, F
|-mega|p2b: Aerodactyl|Aerodactyl|Aerodactylite
|detailschange|p1b: Pyroar|Pyroar-Mega, L50, F
|-mega|p1b: Pyroar|Pyroar|Pyroarite
|move|p1b: Pyroar|Protect|p1b: Pyroar
|-singleturn|p1b: Pyroar|Protect
|move|p1a: Whimsicott|Tailwind|p1a: Whimsicott
|-sidestart|p1: Metagrossissimo|move: Tailwind
|move|p2b: Aerodactyl|Rock Slide|p1b: Pyroar|[spread] p1a
|-activate|p1b: Pyroar|move: Protect
|-damage|p1a: Whimsicott|60/100
|move|p2a: Kingambit|Iron Head|p1a: Whimsicott
|-supereffective|p1a: Whimsicott|1
|-crit|p1a: Whimsicott
|-damage|p1a: Whimsicott|0 fnt
|faint|p1a: Whimsicott
|
|upkeep
|
|t:|1782300190
|switch|p1a: Farigiraf|Farigiraf, L50, F|100/100
|turn|2
|inactive|Metagrossissimo has 30 seconds left.
|
|t:|1782300217
|switch|p2a: Farigiraf|Farigiraf, L50, M|100/100
|move|p1b: Pyroar|Heat Wave|p2a: Farigiraf|[spread] p2a,p2b
|-resisted|p2b: Aerodactyl|1
|-damage|p2a: Farigiraf|47/100
|-damage|p2b: Aerodactyl|73/100
|-enditem|p2a: Farigiraf|Sitrus Berry|[eat]
|-heal|p2a: Farigiraf|72/100|[from] item: Sitrus Berry
|move|p2b: Aerodactyl|Rock Slide|p1b: Pyroar|[spread] p1a,p1b
|-supereffective|p1b: Pyroar|1
|-damage|p1a: Farigiraf|77/100
|-damage|p1b: Pyroar|36/100
|move|p1a: Farigiraf|Thunderbolt|p2b: Aerodactyl
|-supereffective|p2b: Aerodactyl|1
|-damage|p2b: Aerodactyl|25/100
|
|upkeep
|turn|3
|inactive|Metagrossissimo has 30 seconds left.
|inactive|SHOMA_WIN has 30 seconds left.
|
|t:|1782300248
|move|p1a: Farigiraf|Helping Hand|p1b: Pyroar
|-singleturn|p1b: Pyroar|Helping Hand|[of] p1a: Farigiraf
|move|p1b: Pyroar|Heat Wave|p2b: Aerodactyl|[spread] p2a,p2b
|-resisted|p2b: Aerodactyl|1
|-damage|p2a: Farigiraf|0 fnt
|-damage|p2b: Aerodactyl|0 fnt
|faint|p2a: Farigiraf
|faint|p2b: Aerodactyl
|
|upkeep
|
|t:|1782300255
|switch|p2b: Sylveon|Sylveon, L50, F|100/100
|switch|p2a: Kingambit|Kingambit, L50, M|100/100
|turn|4
|
|t:|1782300270
|move|p1b: Pyroar|Heat Wave|p2b: Sylveon|[spread] p2a,p2b
|-supereffective|p2a: Kingambit|1
|-enditem|p2a: Kingambit|Focus Sash
|-damage|p2a: Kingambit|1/100
|-damage|p2b: Sylveon|58/100
|move|p1a: Farigiraf|Thunderbolt|p2a: Kingambit
|-damage|p2a: Kingambit|0 fnt
|faint|p2a: Kingambit
|move|p2b: Sylveon|Hyper Voice|p1b: Pyroar|[spread] p1a,p1b
|-resisted|p1b: Pyroar|1
|-damage|p1a: Farigiraf|28/100
|-damage|p1b: Pyroar|3/100
|-enditem|p1a: Farigiraf|Sitrus Berry|[eat]
|-heal|p1a: Farigiraf|53/100|[from] item: Sitrus Berry
|
|-sideend|p1: Metagrossissimo|move: Tailwind
|upkeep
|turn|5
|-message|SHOMA_WIN forfeited.
|
|win|Metagrossissimo
|raw|Metagrossissimo's rating: 1188 → 1227(+39 for winning)
|raw|SHOMA_WIN's rating: 1411 → 1380(-31 for losing)
|l|☆SHOMA_WIN
|player|p2|
