|j|☆jim b8an
|j|☆lordtentacle69
|html|jim b8anlordtentacle69    
|uhtml|bestof|Game 2 of a best-of-3
|t:|1783752537
|gametype|doubles
|player|p1|jim b8an|ninjaboy|1469
|player|p2|lordtentacle69|corbeau|1399
|gen|9
|tier|[Gen 9 Champions] VGC 2026 Reg M-B (Bo3)
|rated|
|rule|Species Clause: Limit one of each Pokémon
|rule|Item Clause: Limit 1 of each item
|clearpoke
|poke|p1|Tyranitar, L50, M|
|poke|p1|Excadrill, L50, M|
|poke|p1|Staraptor, L50, M|
|poke|p1|Sinistcha, L50|
|poke|p1|Milotic, L50, F|
|poke|p1|Gholdengo, L50|
|poke|p2|Delphox, L50, F|
|poke|p2|Incineroar, L50, M|
|poke|p2|Maushold-Four, L50|
|poke|p2|Sinistcha, L50|
|poke|p2|Sneasler, L50, F|
|poke|p2|Blastoise, L50, M|
|teampreview|4
|showteam|p1|Tyranitar||Tyranitarite|SandStream|RockSlide,KnockOff,DragonDance,Protect|Adamant||M|||50|]Excadrill||FocusSash|SandRush|IronHead,HighHorsepower,RockSlide,Protect|Adamant||M|||50|]Staraptor||Staraptite|Intimidate|CloseCombat,BraveBird,Tailwind,Protect|Jolly||M|||50|]Sinistcha||ColburBerry|Hospitality|MatchaGotcha,TrickRoom,RagePowder,Protect|Bold|||||50|]Milotic||Leftovers|Competitive|Scald,IceBeam,Recover,Protect|Modest||F|||50|]Gholdengo||LifeOrb|GoodasGold|MakeItRain,ShadowBall,NastyPlot,Protect|Modest|||||50|
|showteam|p2|Delphox||Delphoxite|Blaze|HeatWave,Psychic,NastyPlot,Protect|Timid||F|||50|]Incineroar||SitrusBerry|Intimidate|FakeOut,PartingShot,FlareBlitz,ThroatChop|Impish||M|||50|]Maushold-Four||ChopleBerry|FriendGuard|Feint,HelpingHand,Protect,FollowMe|Impish|||||50|]Sinistcha||KasibBerry|Hospitality|Protect,MatchaGotcha,TrickRoom,RagePowder|Bold|||||50|]Sneasler||FocusSash|PoisonTouch|CloseCombat,PoisonJab,QuickGuard,FakeOut|Adamant||F|||50|]Blastoise||Blastoisinite|RainDish|Protect,WaterSpout,DarkPulse,ShellSmash|Modest||M|||50|
|inactive|Battle timer is ON: inactive players will automatically lose when time's up. (requested by jim b8an)
|
|t:|1783752568
|teamsize|p1|4
|teamsize|p2|4
|start
|switch|p1a: Milotic|Milotic, L50, F|100/100
|switch|p1b: Sinistcha|Sinistcha, L50|100/100
|switch|p2a: Delphox|Delphox, L50, F|100/100
|switch|p2b: Sarahn's OC|Sneasler, L50, F|100/100
|turn|1
|
|t:|1783752582
|detailschange|p2a: Delphox|Delphox-Mega, L50, F
|-mega|p2a: Delphox|Delphox|Delphoxite
|move|p2b: Sarahn's OC|Fake Out|p1a: Milotic
|-crit|p1a: Milotic
|-damage|p1a: Milotic|80/100
|move|p2a: Delphox|Heat Wave|p1a: Milotic|[spread] p1a,p1b
|-resisted|p1a: Milotic|1
|-supereffective|p1b: Sinistcha|1
|-damage|p1a: Milotic|66/100
|-damage|p1b: Sinistcha|24/100
|cant|p1a: Milotic|flinch
|move|p1b: Sinistcha|Trick Room|p1b: Sinistcha
|-fieldstart|move: Trick Room|[of] p1b: Sinistcha
|
|-heal|p1a: Milotic|72/100|[from] item: Leftovers
|upkeep
|turn|2
|
|t:|1783752598
|switch|p1b: Tyranitar|Tyranitar, L50, M|100/100
|-weather|Sandstorm|[from] ability: Sand Stream|[of] p1b: Tyranitar
|switch|p2a: Green Day|Sinistcha, L50|100/100
|move|p1a: Milotic|Scald|p2b: Sarahn's OC
|-damage|p2b: Sarahn's OC|61/100
|-status|p2b: Sarahn's OC|brn
|move|p2b: Sarahn's OC|Poison Jab|p1a: Milotic
|-damage|p1a: Milotic|51/100
|
|-weather|Sandstorm|[upkeep]
|-damage|p2a: Green Day|93/100|[from] Sandstorm
|-damage|p1a: Milotic|46/100|[from] Sandstorm
|-damage|p2b: Sarahn's OC|55/100 brn|[from] Sandstorm
|-heal|p1a: Milotic|51/100|[from] item: Leftovers
|-damage|p2b: Sarahn's OC|49/100 brn|[from] brn
|upkeep
|turn|3
|inactive|jim b8an has 30 seconds left.
|inactive|lordtentacle69 has 30 seconds left.
|
|t:|1783752624
|move|p1a: Milotic|Protect|p1a: Milotic
|-singleturn|p1a: Milotic|Protect
|move|p2a: Green Day|Matcha Gotcha|p1b: Tyranitar|[spread] p1b
|-activate|p1a: Milotic|move: Protect
|-supereffective|p1b: Tyranitar|1
|-damage|p1b: Tyranitar|73/100
|-heal|p2a: Green Day|100/100|[from] drain|[of] p1b: Tyranitar
|move|p1b: Tyranitar|Knock Off|p2a: Green Day
|-supereffective|p2a: Green Day|1
|-damage|p2a: Green Day|17/100
|-enditem|p2a: Green Day|Kasib Berry|[from] move: Knock Off|[of] p1b: Tyranitar
|move|p2b: Sarahn's OC|Close Combat|p1b: Tyranitar
|-supereffective|p1b: Tyranitar|2
|-damage|p1b: Tyranitar|0 fnt
|-unboost|p2b: Sarahn's OC|def|1
|-unboost|p2b: Sarahn's OC|spd|1
|faint|p1b: Tyranitar
|
|-weather|Sandstorm|[upkeep]
|-damage|p2a: Green Day|11/100|[from] Sandstorm
|-damage|p1a: Milotic|46/100|[from] Sandstorm
|-damage|p2b: Sarahn's OC|43/100 brn|[from] Sandstorm
|-heal|p1a: Milotic|51/100|[from] item: Leftovers
|-damage|p2b: Sarahn's OC|38/100 brn|[from] brn
|upkeep
|
|t:|1783752630
|switch|p1b: Sinistcha|Sinistcha, L50|24/100
|-heal|p1a: Milotic|76/100|[from] ability: Hospitality|[of] p1b: Sinistcha
|turn|4
|
|t:|1783752646
|move|p2a: Green Day|Matcha Gotcha|p1b: Sinistcha|[spread] p1b
|-miss|p2a: Green Day|p1a: Milotic
|-resisted|p1b: Sinistcha|1
|-damage|p1b: Sinistcha|12/100
|-heal|p2a: Green Day|17/100|[from] drain|[of] p1b: Sinistcha
|move|p1b: Sinistcha|Matcha Gotcha|p2b: Sarahn's OC|[spread] p2a,p2b
|-resisted|p2a: Green Day|1
|-resisted|p2b: Sarahn's OC|1
|-damage|p2a: Green Day|6/100
|-heal|p1b: Sinistcha|18/100|[from] drain|[of] p2a: Green Day
|-damage|p2b: Sarahn's OC|14/100 brn
|-heal|p1b: Sinistcha|29/100|[from] drain|[of] p2b: Sarahn's OC
|-status|p2a: Green Day|brn
|move|p1a: Milotic|Ice Beam|p2a: Green Day
|-supereffective|p2a: Green Day|1
|-damage|p2a: Green Day|0 fnt
|faint|p2a: Green Day
|move|p2b: Sarahn's OC|Poison Jab|p1a: Milotic
|-damage|p1a: Milotic|55/100
|-status|p1a: Milotic|psn
|
|-weather|Sandstorm|[upkeep]
|-damage|p1b: Sinistcha|23/100|[from] Sandstorm
|-damage|p1a: Milotic|50/100y psn|[from] Sandstorm
|-damage|p2b: Sarahn's OC|8/100 brn|[from] Sandstorm
|-heal|p1a: Milotic|55/100 psn|[from] item: Leftovers
|-damage|p1a: Milotic|43/100 psn|[from] psn
|-damage|p2b: Sarahn's OC|2/100 brn|[from] brn
|upkeep
|inactive|lordtentacle69 has 30 seconds left.
|
|t:|1783752675
|switch|p2a: Delphox|Delphox-Mega, L50, F|100/100
|turn|5
|
|t:|1783752690
|move|p1b: Sinistcha|Protect|p1b: Sinistcha
|-singleturn|p1b: Sinistcha|Protect
|move|p2a: Delphox|Protect|p2a: Delphox
|-singleturn|p2a: Delphox|Protect
|move|p1a: Milotic|Scald|p2a: Delphox
|-activate|p2a: Delphox|move: Protect
|move|p2b: Sarahn's OC|Poison Jab|p1b: Sinistcha
|-activate|p1b: Sinistcha|move: Protect
|
|-weather|Sandstorm|[upkeep]
|-damage|p1b: Sinistcha|16/100|[from] Sandstorm
|-damage|p1a: Milotic|37/100 psn|[from] Sandstorm
|-damage|p2b: Sarahn's OC|0 fnt|[from] Sandstorm
|-damage|p2a: Delphox|93/100|[from] Sandstorm
|faint|p2b: Sarahn's OC
|-heal|p1a: Milotic|43/100 psn|[from] item: Leftovers
|-damage|p1a: Milotic|31/100 psn|[from] psn
|-fieldend|move: Trick Room
|upkeep
|
|t:|1783752705
|switch|p2b: Gochujang|Incineroar, L50, M|100/100
|-ability|p2b: Gochujang|Intimidate|boost
|-unboost|p1a: Milotic|atk|1
|-ability|p1a: Milotic|Competitive|boost
|-boost|p1a: Milotic|spa|2
|-unboost|p1b: Sinistcha|atk|1
|turn|6
|
|t:|1783752715
|switch|p1b: Staraptor|Staraptor, L50, M|100/100
|-ability|p1b: Staraptor|Intimidate|boost
|-unboost|p2a: Delphox|atk|1
|-unboost|p2b: Gochujang|atk|1
|move|p1a: Milotic|Protect|p1a: Milotic
|-singleturn|p1a: Milotic|Protect
|move|p2b: Gochujang|Fake Out|p1a: Milotic
|-activate|p1a: Milotic|move: Protect
|move|p2a: Delphox|Heat Wave|p1b: Staraptor|[spread] p1b
|-activate|p1a: Milotic|move: Protect
|-damage|p1b: Staraptor|35/100
|
|-weather|none
|-heal|p1a: Milotic|37/100 psn|[from] item: Leftovers
|-damage|p1a: Milotic|24/100 psn|[from] psn
|upkeep
|turn|7
|
|t:|1783752737
|switch|p1b: Sinistcha|Sinistcha, L50|16/100
|-heal|p1a: Milotic|49/100 psn|[from] ability: Hospitality|[of] p1b: Sinistcha
|move|p2a: Delphox|Psychic|p1a: Milotic
|-damage|p1a: Milotic|16/100 psn
|move|p1a: Milotic|Scald|p2a: Delphox
|-supereffective|p2a: Delphox|1
|-damage|p2a: Delphox|0 fnt
|faint|p2a: Delphox
|move|p2b: Gochujang|Flare Blitz|p1b: Sinistcha
|-supereffective|p1b: Sinistcha|1
|-damage|p1b: Sinistcha|0 fnt
|faint|p1b: Sinistcha
|-damage|p2b: Gochujang|95/100|[from] Recoil
|
|-heal|p1a: Milotic|22/100 psn|[from] item: Leftovers
|-damage|p1a: Milotic|10/100 psn|[from] psn
|upkeep
|
|t:|1783752744
|switch|p1b: Staraptor|Staraptor, L50, M|35/100
|-ability|p1b: Staraptor|Intimidate|boost
|-unboost|p2b: Gochujang|atk|1
|turn|8
|-message|lordtentacle69 forfeited.
|
|win|jim b8an
||lordtentacle69 is ready for game 3.
||jim b8an is ready for game 3.
|uhtml|next|Next: Game 3 of 3
