|j|☆antimatterj
|j|☆LotadLover
|html|antimatterjLotadLover    
|uhtml|bestof|Game 3 of a best-of-3
|t:|1784506875
|gametype|doubles
|player|p1|antimatterj|266|
|player|p2|LotadLover|fisherman-gen4|
|gen|9
|tier|[Gen 9 Champions] VGC 2026 Reg M-B (Bo3)
|rule|Species Clause: Limit one of each Pokémon
|rule|Item Clause: Limit 1 of each item
|clearpoke
|poke|p1|Basculegion, L50, M, shiny|
|poke|p1|Alakazam, L50, M, shiny|
|poke|p1|Kangaskhan, L50, F, shiny|
|poke|p1|Meowstic, L50, M|
|poke|p1|Scizor, L50, M, shiny|
|poke|p1|Incineroar, L50, M, shiny|
|poke|p2|Orthworm, L50, F|
|poke|p2|Blaziken, L50, F, shiny|
|poke|p2|Krookodile, L50, M|
|poke|p2|Raichu, L50, M|
|poke|p2|Rotom-Wash, L50|
|poke|p2|Hydrapple, L50, F|
|teampreview|4
|showteam|p1|Basculegion||ChoiceScarf|Adaptability|FlipTurn,Liquidation,WaveCrash,LastRespects|Adamant||M|||50|]Alakazam||Alakazite|InnerFocus|NastyPlot,ExpandingForce,EnergyBall,Protect|Modest||M|||50|]Kangaskhan||SilkScarf|Scrappy|FakeOut,LastResort|Adamant||F|||50|]Meowstic||Meowsticite|Prankster|FakeOut,PsychicTerrain,HelpingHand,EnergyBall|Modest||M|||50|]Scizor||Scizorite|Technician|SwordsDance,BulletPunch,BugBite,Protect|Adamant||M|||50|]Incineroar||SitrusBerry|Blaze|FakeOut,CloseCombat,FlareBlitz,PartingShot|Adamant||M|||50|
|showteam|p2|Orthworm||SitrusBerry|EarthEater|ShedTail,Earthquake,RockSlide,HeavySlam|Adamant||F|||50|]Blaziken||Blazikenite|SpeedBoost|Protect,KnockOff,CloseCombat,SwordsDance|Adamant||F|||50|]Krookodile||Charcoal|Intimidate|HighHorsepower,RockSlide,KnockOff,FireFang|Jolly||M|||50|]Raichu||RaichuniteX|LightningRod|AlluringVoice,Thunderbolt,FakeOut,FocusBlast|Hasty||M|||50|]Rotom-Wash||Leftovers|Levitate|Discharge,HydroPump,ShadowBall,WillOWisp|Calm|||||50|]Hydrapple||LifeOrb|Regenerator|GigaDrain,DracoMeteor,EarthPower,Protect|Modest||F|||50|
|
|t:|1784506931
|teamsize|p1|4
|teamsize|p2|4
|start
|switch|p1a: Kangaskhan|Kangaskhan, L50, F, shiny|100/100
|switch|p1b: Meowstic|Meowstic, L50, M|100/100
|switch|p2a: Raichu|Raichu, L50, M|100/100
|switch|p2b: Rotom|Rotom-Wash, L50|100/100
|turn|1
|
|t:|1784506958
|move|p2a: Raichu|Fake Out|p1a: Kangaskhan
|-damage|p1a: Kangaskhan|91/100
|move|p1b: Meowstic|Fake Out|p2b: Rotom
|-damage|p2b: Rotom|94/100
|cant|p1a: Kangaskhan|flinch
|cant|p2b: Rotom|flinch
|
|-heal|p2b: Rotom|100/100|[from] item: Leftovers
|upkeep
|turn|2
|
|t:|1784507019
|switch|p1a: Alakazam|Alakazam, L50, M, shiny|100/100
|move|p1b: Meowstic|Psychic Terrain|p1b: Meowstic
|-fieldstart|move: Psychic Terrain
|move|p2a: Raichu|Focus Blast|p1a: Alakazam
|-resisted|p1a: Alakazam|1
|-damage|p1a: Alakazam|80/100
|move|p2b: Rotom|Will-O-Wisp|p1a: Alakazam|[miss]
|-miss|p2b: Rotom|p1a: Alakazam
|
|upkeep
|turn|3
|
|t:|1784507049
|switch|p2a: Krookodile|Krookodile, L50, M|100/100
|-ability|p2a: Krookodile|Intimidate|boost
|-fail|p1a: Alakazam|unboost|Attack|[from] ability: Inner Focus|[of] p1a: Alakazam
|-unboost|p1b: Meowstic|atk|1
|detailschange|p1a: Alakazam|Alakazam-Mega, L50, M, shiny
|-mega|p1a: Alakazam|Alakazam|Alakazite
|-ability|p1a: Alakazam|Intimidate|Trace|[from] ability: Trace|[of] p2a: Krookodile
|-ability|p1a: Alakazam|Intimidate|boost
|-unboost|p2a: Krookodile|atk|1
|-unboost|p2b: Rotom|atk|1
|move|p1b: Meowstic|Helping Hand|p1a: Alakazam
|-singleturn|p1a: Alakazam|Helping Hand|[of] p1b: Meowstic
|move|p1a: Alakazam|Expanding Force|p2b: Rotom|[spread] p2b
|-immune|p2a: Krookodile
|-damage|p2b: Rotom|4/100
|move|p2b: Rotom|Shadow Ball|p1a: Alakazam
|-supereffective|p1a: Alakazam|1
|-damage|p1a: Alakazam|36/100
|
|-heal|p2b: Rotom|10/100|[from] item: Leftovers
|upkeep
|turn|4
|
|t:|1784507077
|move|p1a: Alakazam|Expanding Force|p2a: Krookodile|[spread] p2b
|-immune|p2a: Krookodile
|-damage|p2b: Rotom|0 fnt
|faint|p2b: Rotom
|move|p2a: Krookodile|Knock Off|p1a: Alakazam
|-supereffective|p1a: Alakazam|1
|-damage|p1a: Alakazam|0 fnt
|faint|p1a: Alakazam
|move|p1b: Meowstic|Energy Ball|p2a: Krookodile
|-supereffective|p2a: Krookodile|1
|-damage|p2a: Krookodile|26/100
|
|upkeep
|
|t:|1784507091
|switch|p1a: Basculegion|Basculegion, L50, M, shiny|100/100
|switch|p2b: Raichu|Raichu, L50, M|100/100
|turn|5
|
|t:|1784507134
|detailschange|p2b: Raichu|Raichu-Mega-X, L50, M
|-mega|p2b: Raichu|Raichu|Raichunite X
|-fieldstart|move: Electric Terrain|[from] ability: Electric Surge|[of] p2b: Raichu
|move|p1a: Basculegion|Flip Turn|p2a: Krookodile
|-supereffective|p2a: Krookodile|1
|-damage|p2a: Krookodile|0 fnt
|faint|p2a: Krookodile
|
|t:|1784507140
|switch|p1a: Kangaskhan|Kangaskhan, L50, F, shiny|91/100|[from] Flip Turn
|move|p2b: Raichu|Thunderbolt|p1a: Kangaskhan
|-damage|p1a: Kangaskhan|46/100
|move|p1b: Meowstic|Energy Ball|p2b: Raichu
|-damage|p2b: Raichu|63/100
|
|upkeep
|
|t:|1784507149
|switch|p2a: Blaziken|Blaziken, L50, F, shiny|100/100
|turn|6
|
|t:|1784507177
|move|p2a: Blaziken|Protect|p2a: Blaziken
|-singleturn|p2a: Blaziken|Protect
|move|p1a: Kangaskhan|Fake Out|p2b: Raichu
|-damage|p2b: Raichu|28/100
|cant|p2b: Raichu|flinch
|move|p1b: Meowstic|Energy Ball|p2a: Blaziken
|-activate|p2a: Blaziken|move: Protect
|
|-ability|p2a: Blaziken|Speed Boost|boost
|-boost|p2a: Blaziken|spe|1
|upkeep
|turn|7
|
|t:|1784507197
|move|p2a: Blaziken|Close Combat|p1a: Kangaskhan
|-supereffective|p1a: Kangaskhan|1
|-crit|p1a: Kangaskhan
|-damage|p1a: Kangaskhan|0 fnt
|-unboost|p2a: Blaziken|def|1
|-unboost|p2a: Blaziken|spd|1
|faint|p1a: Kangaskhan
|move|p2b: Raichu|Thunderbolt|p1b: Meowstic
|-damage|p1b: Meowstic|48/100
|move|p1b: Meowstic|Energy Ball|p2b: Raichu
|-damage|p2b: Raichu|0 fnt
|faint|p2b: Raichu
|
|-ability|p2a: Blaziken|Speed Boost|boost
|-boost|p2a: Blaziken|spe|1
|upkeep
|
|t:|1784507210
|switch|p1a: Basculegion|Basculegion, L50, M, shiny|100/100
|turn|8
|
|t:|1784507238
|move|p2a: Blaziken|Knock Off|p1a: Basculegion
|-supereffective|p1a: Basculegion|1
|-damage|p1a: Basculegion|16/100
|-enditem|p1a: Basculegion|Choice Scarf|[from] move: Knock Off|[of] p2a: Blaziken
|move|p1b: Meowstic|Energy Ball|p2a: Blaziken
|-resisted|p2a: Blaziken|1
|-damage|p2a: Blaziken|72/100
|move|p1a: Basculegion|Last Respects|p2a: Blaziken
|-damage|p2a: Blaziken|0 fnt
|faint|p2a: Blaziken
|
|win|antimatterj
|l|☆antimatterj
|player|p1|
|j|☆antimatterj
|player|p1|antimatterj|266|
