|j|☆tang de maracuja
|j|☆DomDaBomb886!
|html|tang de maracujaDomDaBomb886!    
|uhtml|bestof|Game 1 of a best-of-3
|t:|1784686744
|gametype|doubles
|player|p1|tang de maracuja|morty|1251
|player|p2|DomDaBomb886!|101|1285
|gen|9
|tier|[Gen 9 Champions] VGC 2026 Reg M-B (Bo3)
|rated|
|rule|Species Clause: Limit one of each Pokémon
|rule|Item Clause: Limit 1 of each item
|clearpoke
|poke|p1|Sinistcha, L50|
|poke|p1|Gholdengo, L50|
|poke|p1|Incineroar, L50, M|
|poke|p1|Staraptor, L50, M|
|poke|p1|Arcanine-Hisui, L50, F|
|poke|p1|Ninetales-Alola, L50, M|
|poke|p2|Gengar, L50, F|
|poke|p2|Swampert, L50, F|
|poke|p2|Incineroar, L50, M|
|poke|p2|Vivillon, L50, M|
|poke|p2|Archaludon, L50, M|
|poke|p2|Politoed, L50, F|
|teampreview|4
|showteam|p1|Sinistcha||ColburBerry|Hospitality|MatchaGotcha,RagePowder,TrickRoom,StrengthSap|Calm|||||50|]Gholdengo||LifeOrb|GoodasGold|Protect,MakeItRain,ShadowBall,NastyPlot|Modest|||||50|]Incineroar||SitrusBerry|Intimidate|PartingShot,FlareBlitz,DarkestLariat,FakeOut|Careful||M|||50|]Staraptor||Staraptite|Intimidate|Protect,CloseCombat,BraveBird,Roost|Jolly||M|||50|]Arcanine-Hisui||FocusSash|RockHead|Protect,HeadSmash,FlareBlitz,ExtremeSpeed|Jolly||F|||50|]Ninetales-Alola||NeverMeltIce|SnowWarning|Protect,Blizzard,FreezeDry,AuroraVeil|Timid||M|||50|
|showteam|p2|Gengar||Gengarite|CursedBody|Protect,ShadowBall,SludgeBomb,PerishSong|Timid||F|||50|]Swampert||Swampertite|Torrent|Protect,WaveCrash,Earthquake,IcePunch|Adamant||F|||50|]Incineroar||PasshoBerry|Intimidate|Protect,ThroatChop,FakeOut,PartingShot|Careful||M|||50|]Vivillon||FocusSash|CompoundEyes|Protect,Hurricane,SleepPowder,RagePowder|Timid||M|||50|]Archaludon||Leftovers|Stamina|Protect,DragonPulse,FlashCannon,ElectroShot|Calm||M|||50|]Politoed||SitrusBerry|Drizzle|Protect,WeatherBall,Encore,PerishSong|Bold||F|||50|
|inactive|Battle timer is ON: inactive players will automatically lose when time's up. (requested by tang de maracuja)
|inactive|tang de maracuja has 60 seconds left.
|inactive|DomDaBomb886! has 60 seconds left.
|
|t:|1784686805
|teamsize|p1|4
|teamsize|p2|4
|start
|switch|p1a: Gholdengo|Gholdengo, L50|100/100
|switch|p1b: Staraptor|Staraptor, L50, M|100/100
|switch|p2a: Vivillon|Vivillon, L50, M|100/100
|switch|p2b: Incineroar|Incineroar, L50, M|100/100
|-ability|p1b: Staraptor|Intimidate|boost
|-unboost|p2a: Vivillon|atk|1
|-unboost|p2b: Incineroar|atk|1
|-ability|p2b: Incineroar|Intimidate|boost
|-unboost|p1a: Gholdengo|atk|1
|-unboost|p1b: Staraptor|atk|1
|turn|1
|inactive|tang de maracuja has 30 seconds left.
|inactive|tang de maracuja has 20 seconds left.
|
|t:|1784686845
|detailschange|p1b: Staraptor|Staraptor-Mega, L50, M
|-mega|p1b: Staraptor|Staraptor|Staraptite
|move|p2a: Vivillon|Protect|p2a: Vivillon
|-singleturn|p2a: Vivillon|Protect
|move|p1a: Gholdengo|Protect|p1a: Gholdengo
|-singleturn|p1a: Gholdengo|Protect
|move|p1b: Staraptor|Close Combat|p2b: Incineroar
|-supereffective|p2b: Incineroar|1
|-crit|p2b: Incineroar
|-damage|p2b: Incineroar|0 fnt
|-boost|p1b: Staraptor|def|1
|-boost|p1b: Staraptor|spd|1
|faint|p2b: Incineroar
|
|upkeep
|
|t:|1784686857
|switch|p2b: Gengar|Gengar, L50, F|100/100
|turn|2
|inactive|tang de maracuja has 30 seconds left.
|inactive|tang de maracuja has 20 seconds left.
|
|t:|1784686897
|detailschange|p2b: Gengar|Gengar-Mega, L50, F
|-mega|p2b: Gengar|Gengar|Gengarite
|move|p2b: Gengar|Shadow Ball|p1a: Gholdengo
|-supereffective|p1a: Gholdengo|1
|-damage|p1a: Gholdengo|7/100
|move|p1b: Staraptor|Close Combat|p2a: Vivillon
|-resisted|p2a: Vivillon|2
|-damage|p2a: Vivillon|82/100
|-boost|p1b: Staraptor|def|1
|-boost|p1b: Staraptor|spd|1
|move|p2a: Vivillon|Sleep Powder|p1b: Staraptor
|-status|p1b: Staraptor|slp|[from] move: Sleep Powder
|move|p1a: Gholdengo|Make It Rain|p2a: Vivillon|[spread] p2b
|-miss|p1a: Gholdengo|p2a: Vivillon
|-damage|p2b: Gengar|37/100
|-unboost|p1a: Gholdengo|spa|2
|-damage|p1a: Gholdengo|0 fnt|[from] item: Life Orb
|faint|p1a: Gholdengo
|
|upkeep
|
|t:|1784686916
|switch|p1a: Incineroar|Incineroar, L50, M|100/100
|-ability|p1a: Incineroar|Intimidate|boost
|-unboost|p2a: Vivillon|atk|1
|-unboost|p2b: Gengar|atk|1
|turn|3
|
|t:|1784686927
|move|p1a: Incineroar|Fake Out|p2a: Vivillon
|-damage|p2a: Vivillon|62/100
|move|p2b: Gengar|Perish Song|p2b: Gengar
|-start|p1a: Incineroar|perish3|[silent]
|-start|p1b: Staraptor|perish3|[silent]
|-start|p2a: Vivillon|perish3|[silent]
|-start|p2b: Gengar|perish3|[silent]
|-fieldactivate|move: Perish Song
|cant|p1b: Staraptor|slp
|cant|p2a: Vivillon|flinch
|
|-start|p2b: Gengar|perish3
|-start|p1b: Staraptor|perish3
|-start|p2a: Vivillon|perish3
|-start|p1a: Incineroar|perish3
|upkeep
|turn|4
|inactive|DomDaBomb886! has 30 seconds left.
|inactive|DomDaBomb886! has 20 seconds left.
|inactive|DomDaBomb886! has 15 seconds left.
|inactive|DomDaBomb886! has 10 seconds left.
|
|t:|1784686974
|move|p2b: Gengar|Sludge Bomb|p1b: Staraptor
|-damage|p1b: Staraptor|76/100 slp
|cant|p1b: Staraptor|slp
|move|p2a: Vivillon|Sleep Powder|p1a: Incineroar
|-status|p1a: Incineroar|slp|[from] move: Sleep Powder
|cant|p1a: Incineroar|slp
|
|-start|p2b: Gengar|perish2
|-start|p1b: Staraptor|perish2
|-start|p2a: Vivillon|perish2
|-start|p1a: Incineroar|perish2
|upkeep
|turn|5
|
|t:|1784686995
|switch|p2a: Politoed|Politoed, L50, F|100/100
|-weather|RainDance|[from] ability: Drizzle|[of] p2a: Politoed
|move|p2b: Gengar|Protect|p2b: Gengar
|-singleturn|p2b: Gengar|Protect
|-curestatus|p1b: Staraptor|slp|[msg]
|move|p1b: Staraptor|Brave Bird|p2a: Politoed
|-damage|p2a: Politoed|70/100
|-damage|p1b: Staraptor|66/100|[from] Recoil
|cant|p1a: Incineroar|slp
|
|-weather|RainDance|[upkeep]
|-start|p2b: Gengar|perish1
|-start|p1b: Staraptor|perish1
|-start|p1a: Incineroar|perish1
|upkeep
|turn|6
|inactive|DomDaBomb886! has 30 seconds left.
|inactive|DomDaBomb886! has 20 seconds left.
|
|t:|1784687032
|switch|p2b: Vivillon|Vivillon, L50, M|62/100
|move|p1b: Staraptor|Brave Bird|p2b: Vivillon
|-supereffective|p2b: Vivillon|1
|-damage|p2b: Vivillon|0 fnt
|faint|p2b: Vivillon
|-damage|p1b: Staraptor|49/100|[from] Recoil
|move|p2a: Politoed|Encore|p1a: Incineroar
|-start|p1a: Incineroar|Encore
|-curestatus|p1a: Incineroar|slp|[msg]
|move|p1a: Incineroar|Fake Out||[still]
|-hint|Fake Out only works on your first turn out.
|-fail|p1a: Incineroar
|
|-weather|RainDance|[upkeep]
|-start|p1b: Staraptor|perish0
|-start|p1a: Incineroar|perish0
|upkeep
|faint|p1b: Staraptor
|faint|p1a: Incineroar
|-message|tang de maracuja forfeited.
|
|win|DomDaBomb886!
