|j|☆RedGenji195
|j|☆ming0mang0
|html|RedGenji195ming0mang0    
|uhtml|bestof|Game 1 of a best-of-3
|t:|1756586852
|gametype|doubles
|player|p1|RedGenji195|101|1000
|player|p2|ming0mang0|harlequin|1117
|gen|9
|tier|[Gen 9] VGC 2025 Reg H (Bo3)
|rated|
|rule|Species Clause: Limit one of each Pokémon
|rule|Item Clause: Limit 1 of each item
|clearpoke
|poke|p1|Pelipper, L50, F|
|poke|p1|Archaludon, L50, M|
|poke|p1|Basculegion, L50, M|
|poke|p1|Electabuzz, L50, F|
|poke|p1|Ursaluna-Bloodmoon, L50, M|
|poke|p1|Kingdra, L50, M|
|poke|p2|Porygon2, L50|
|poke|p2|Hydreigon, L50, F|
|poke|p2|Incineroar, L50, F|
|poke|p2|Garchomp, L50, M|
|poke|p2|Amoonguss, L50, M|
|poke|p2|Gholdengo, L50|
|teampreview|4
|showteam|p1|Pelipper||FocusSash|Drizzle|Hurricane,WeatherBall,Tailwind,WideGuard|||F|||50|,,,,,Ghost]Archaludon||AssaultVest|Stamina|ElectroShot,DragonPulse,FlashCannon,BodyPress|||M|||50|,,,,,Grass]Basculegion||MysticWater|SwiftSwim|Protect,WaveCrash,AquaJet,FlipTurn|||M|||50|,,,,,Water]Electabuzz||Eviolite|VitalSpirit|Electroweb,FollowMe,Taunt,Protect|||F|||50|,,,,,Ghost]Ursaluna-Bloodmoon||LifeOrb|MindsEye|BloodMoon,HyperVoice,EarthPower,Protect|||M|||50|,,,,,Ghost]Kingdra||ChoiceSpecs|SwiftSwim|IceBeam,DracoMeteor,WeatherBall,MuddyWater|||M|||50|,,,,,Dragon
|showteam|p2|Porygon2||Eviolite|Download|TeraBlast,IceBeam,TrickRoom,Recover||||||50|,,,,,Fighting]Hydreigon||SafetyGoggles|Levitate|Snarl,DracoMeteor,Tailwind,Protect|||F|||50|,,,,,Ghost]Incineroar||SitrusBerry|Intimidate|FlareBlitz,KnockOff,PartingShot,FakeOut|||F|||50|,,,,,Grass]Garchomp||LoadedDice|RoughSkin|ScaleShot,Earthquake,StompingTantrum,Protect|||M|||50|,,,,,Fire]Amoonguss||CovertCloak|Regenerator|PollenPuff,Spore,RagePowder,Protect|||M|||50|,,,,,Fire]Gholdengo||MetalCoat|GoodasGold|MakeItRain,ShadowBall,NastyPlot,Protect||||||50|,,,,,Flying
|inactive|Battle timer is ON: inactive players will automatically lose when time's up. (requested by RedGenji195)
|inactive|RedGenji195 has 60 seconds left.
|inactive|ming0mang0 has 60 seconds left.
|
|t:|1756586923
|teamsize|p1|4
|teamsize|p2|4
|start
|switch|p1a: Pelipper|Pelipper, L50, F|100/100
|switch|p1b: Basculegion|Basculegion, L50, M|100/100
|switch|p2a: Hydreigon|Hydreigon, L50, F, shiny|100/100
|switch|p2b: Incineroar|Incineroar, L50, F, shiny|100/100
|-weather|RainDance|[from] ability: Drizzle|[of] p1a: Pelipper
|-ability|p2b: Incineroar|Intimidate|boost
|-unboost|p1a: Pelipper|atk|1
|-unboost|p1b: Basculegion|atk|1
|turn|1
|inactive|ming0mang0 has 30 seconds left.
|
|t:|1756586956
|switch|p2b: Amoonguss|Amoonguss, L50, M, shiny|100/100
|move|p1b: Basculegion|Flip Turn|p2b: Amoonguss
|-resisted|p2b: Amoonguss
|-damage|p2b: Amoonguss|81/100
|
|t:|1756586961
|switch|p1b: Kingdra|Kingdra, L50, M|100/100|[from] Flip Turn
|move|p2a: Hydreigon|Tailwind|p2a: Hydreigon
|-sidestart|p2: ming0mang0|move: Tailwind
|move|p1a: Pelipper|Tailwind|p1a: Pelipper
|-sidestart|p1: RedGenji195|move: Tailwind
|
|-weather|RainDance|[upkeep]
|upkeep
|turn|2
|inactive|RedGenji195 has 30 seconds left.
|inactive|ming0mang0 has 30 seconds left.
|inactive|RedGenji195 has 20 seconds left.
|inactive|ming0mang0 has 20 seconds left.
|inactive|RedGenji195 has 15 seconds left.
|inactive|ming0mang0 has 15 seconds left.
|inactive|RedGenji195 has 10 seconds left.
|inactive|ming0mang0 has 10 seconds left.
|inactive|ming0mang0 has 5 seconds left.
|
|t:|1756587012
|move|p2b: Amoonguss|Rage Powder|p2b: Amoonguss
|-singleturn|p2b: Amoonguss|move: Rage Powder
|move|p1b: Kingdra|Ice Beam|p2b: Amoonguss
|-supereffective|p2b: Amoonguss
|-damage|p2b: Amoonguss|23/100
|move|p2a: Hydreigon|Draco Meteor|p1b: Kingdra
|-supereffective|p1b: Kingdra
|-damage|p1b: Kingdra|0 fnt
|-unboost|p2a: Hydreigon|spa|2
|faint|p1b: Kingdra
|move|p1a: Pelipper|Hurricane|p2b: Amoonguss
|-supereffective|p2b: Amoonguss
|-damage|p2b: Amoonguss|0 fnt
|faint|p2b: Amoonguss
|
|-weather|RainDance|[upkeep]
|upkeep
|
|t:|1756587032
|switch|p1b: Ursaluna|Ursaluna-Bloodmoon, L50, M|100/100
|switch|p2b: Incineroar|Incineroar, L50, F, shiny|100/100
|-ability|p2b: Incineroar|Intimidate|boost
|-unboost|p1a: Pelipper|atk|1
|-unboost|p1b: Ursaluna|atk|1
|turn|3
|inactive|ming0mang0 has 30 seconds left.
|inactive|ming0mang0 has 20 seconds left.
|inactive|ming0mang0 has 15 seconds left.
|inactive|ming0mang0 has 10 seconds left.
|
|t:|1756587079
|move|p2a: Hydreigon|Protect|p2a: Hydreigon
|-singleturn|p2a: Hydreigon|Protect
|move|p1a: Pelipper|Weather Ball|p2b: Incineroar
|-supereffective|p2b: Incineroar
|-damage|p2b: Incineroar|0 fnt
|faint|p2b: Incineroar
|move|p1b: Ursaluna|Blood Moon|p2a: Hydreigon
|-activate|p2a: Hydreigon|move: Protect
|
|-weather|RainDance|[upkeep]
|upkeep
|
|t:|1756587089
|switch|p2b: Gholdengo|Gholdengo, L50, shiny|100/100
|turn|4
|
|t:|1756587101
|move|p2a: Hydreigon|Snarl|p1b: Ursaluna|[spread] p1a,p1b
|-damage|p1a: Pelipper|83/100
|-damage|p1b: Ursaluna|88/100
|-unboost|p1a: Pelipper|spa|1
|-unboost|p1b: Ursaluna|spa|1
|move|p1a: Pelipper|Hurricane|p2b: Gholdengo
|-resisted|p2b: Gholdengo
|-damage|p2b: Gholdengo|84/100
|move|p2b: Gholdengo|Make It Rain|p1b: Ursaluna|[spread] p1a,p1b
|-resisted|p1a: Pelipper
|-damage|p1a: Pelipper|27/100
|-damage|p1b: Ursaluna|5/100
|-unboost|p2b: Gholdengo|spa|1
|move|p1b: Ursaluna|Earth Power|p2b: Gholdengo
|-supereffective|p2b: Gholdengo
|-damage|p2b: Gholdengo|0 fnt
|faint|p2b: Gholdengo
|-damage|p1b: Ursaluna|0 fnt|[from] item: Life Orb
|faint|p1b: Ursaluna
|
|-weather|RainDance|[upkeep]
|-sideend|p1: RedGenji195|move: Tailwind
|-sideend|p2: ming0mang0|move: Tailwind
|upkeep
|
|t:|1756587117
|switch|p1b: Basculegion|Basculegion, L50, M|100/100
|turn|5
|
|t:|1756587131
|-terastallize|p1b: Basculegion|Water
|move|p1b: Basculegion|Wave Crash|p2a: Hydreigon
|-resisted|p2a: Hydreigon
|-damage|p2a: Hydreigon|23/100
|-damage|p1b: Basculegion|77/100|[from] Recoil
|move|p2a: Hydreigon|Snarl|p1a: Pelipper|[spread] p1a
|-miss|p2a: Hydreigon|p1b: Basculegion
|-damage|p1a: Pelipper|11/100
|-unboost|p1a: Pelipper|spa|1
|move|p1a: Pelipper|Hurricane|p2a: Hydreigon
|-damage|p2a: Hydreigon|0 fnt
|faint|p2a: Hydreigon
|
|win|RedGenji195
|inactive|RedGenji195 has 30 seconds to confirm battle start!
|inactive|ming0mang0 has 30 seconds to confirm battle start!
||RedGenji195 is ready for game 2.
|inactive|ming0mang0 has 20 seconds to confirm battle start!
||ming0mang0 is ready for game 2.
|uhtml|next|Next: Game 2 of 3
