|j|☆Quyt_DZ
|j|☆acmilanvgc
|html|Quyt_DZacmilanvgc    
|uhtml|bestof|Game 1 of a best-of-3
|t:|1785901002
|gametype|doubles
|player|p1|Quyt_DZ|lass-gen4dp|1110
|player|p2|acmilanvgc|misty|1144
|gen|9
|tier|[Gen 9 Champions] VGC 2026 Reg M-B (Bo3)
|rated|
|rule|Species Clause: Limit one of each Pokémon
|rule|Item Clause: Limit 1 of each item
|clearpoke
|poke|p1|Tyranitar, L50, M, shiny|
|poke|p1|Steelix, L50, F, shiny|
|poke|p1|Reuniclus, L50, F, shiny|
|poke|p1|Incineroar, L50, F, shiny|
|poke|p1|Meganium, L50, F, shiny|
|poke|p1|Palafin, L50, M|
|poke|p2|Excadrill, L50, F|
|poke|p2|Tyranitar, L50, F|
|poke|p2|Milotic, L50, F|
|poke|p2|Gholdengo, L50|
|poke|p2|Sinistcha, L50|
|poke|p2|Staraptor, L50, M|
|teampreview|4
|showteam|p1|Tyranitar||ExpertBelt|SandStream|KnockOff,Protect,RockSlide,LowKick|Adamant||M|||50|]Steelix||Steelixite|Sturdy|HeavySlam,HighHorsepower,Protect,WideGuard|Adamant||F|||50|]Reuniclus||LifeOrb|MagicGuard|Protect,TrickRoom,Psychic,FocusBlast|Quiet||F|||50|]Incineroar||WhiteHerb|Intimidate|FlareBlitz,CloseCombat,DarkestLariat,FakeOut|Adamant||F|||50|]Meganium||Meganiumite|LeafGuard|SolarBeam,WeatherBall,DazzlingGleam,Protect|Modest||F|||50|]Palafin||MysticWater|ZerotoHero|JetPunch,WaveCrash,CloseCombat,Protect|Adamant||M|||50|
|showteam|p2|Excadrill||FocusSash|SandRush|HighHorsepower,IronHead,RockSlide,Protect|Jolly||F|||50|]Tyranitar||Tyranitarite|SandStream|KnockOff,RockSlide,LowKick,Protect|Jolly||F|||50|]Milotic||SitrusBerry|Competitive|Scald,IcyWind,IceBeam,Protect|Calm||F|||50|]Gholdengo||LifeOrb|GoodasGold|MakeItRain,ShadowBall,Thunderbolt,Protect|Modest|||||50|]Sinistcha||ColburBerry|Hospitality|MatchaGotcha,RagePowder,TrickRoom,Protect|Bold|||||50|]Staraptor||Staraptite|Intimidate|CloseCombat,BraveBird,Tailwind,Protect|Jolly||M|||50|
|inactive|Battle timer is ON: inactive players will automatically lose when time's up. (requested by Quyt_DZ)
|j| Matt Why
|inactive|Quyt_DZ has 60 seconds left.
|inactive|acmilanvgc has 60 seconds left.
|inactive|acmilanvgc has 30 seconds left.
|
|t:|1785901072
|teamsize|p1|4
|teamsize|p2|4
|start
|switch|p1a: Eat!Gummy|Reuniclus, L50, F, shiny|100/100
|switch|p1b: con meo xau xa|Incineroar, L50, F, shiny|100/100
|switch|p2a: Excadrill|Excadrill, L50, F|100/100
|switch|p2b: Milotic|Milotic, L50, F|100/100
|-ability|p1b: con meo xau xa|Intimidate|boost
|-unboost|p2a: Excadrill|atk|1
|-unboost|p2b: Milotic|atk|1
|-ability|p2b: Milotic|Competitive|boost
|-boost|p2b: Milotic|spa|2
|turn|1
|inactive|acmilanvgc has 30 seconds left.
|inactive|acmilanvgc has 20 seconds left.
|inactive|acmilanvgc has 15 seconds left.
|inactive|acmilanvgc has 10 seconds left.
|
|t:|1785901120
|switch|p2a: Gholdengo|Gholdengo, L50|100/100
|move|p1b: con meo xau xa|Fake Out|p2b: Milotic
|-damage|p2b: Milotic|85/100
|cant|p2b: Milotic|flinch
|move|p1a: Eat!Gummy|Trick Room|p1a: Eat!Gummy
|-fieldstart|move: Trick Room|[of] p1a: Eat!Gummy
|
|upkeep
|turn|2
|
|t:|1785901144
|move|p1a: Eat!Gummy|Psychic|p2b: Milotic
|-damage|p2b: Milotic|44/100
|-enditem|p2b: Milotic|Sitrus Berry|[eat]
|-heal|p2b: Milotic|69/100|[from] item: Sitrus Berry
|move|p1b: con meo xau xa|Darkest Lariat|p2b: Milotic
|-damage|p2b: Milotic|27/100
|move|p2b: Milotic|Scald|p1b: con meo xau xa
|-supereffective|p1b: con meo xau xa|1
|-damage|p1b: con meo xau xa|0 fnt
|faint|p1b: con meo xau xa
|move|p2a: Gholdengo|Shadow Ball|p1a: Eat!Gummy
|-supereffective|p1a: Eat!Gummy|1
|-damage|p1a: Eat!Gummy|0 fnt
|faint|p1a: Eat!Gummy
|-damage|p2a: Gholdengo|90/100|[from] item: Life Orb
|
|upkeep
|
|t:|1785901154
|switch|p1a: Photosynthesis|Meganium, L50, F, shiny|100/100
|switch|p1b: EX Tyrant|Tyranitar, L50, M, shiny|100/100
|-weather|Sandstorm|[from] ability: Sand Stream|[of] p1b: EX Tyrant
|turn|3
|inactive|acmilanvgc has 30 seconds left.
|
|t:|1785901182
|detailschange|p1a: Photosynthesis|Meganium-Mega, L50, F, shiny
|-mega|p1a: Photosynthesis|Meganium|Meganiumite
|move|p2a: Gholdengo|Protect|p2a: Gholdengo
|-singleturn|p2a: Gholdengo|Protect
|move|p1b: EX Tyrant|Knock Off|p2a: Gholdengo
|-activate|p2a: Gholdengo|move: Protect
|move|p1a: Photosynthesis|Solar Beam||[still]
|-prepare|p1a: Photosynthesis|Solar Beam
|-activate|p1a: Photosynthesis|ability: Mega Sol
|-anim|p1a: Photosynthesis|Solar Beam|p2b: Milotic
|-supereffective|p2b: Milotic|1
|-damage|p2b: Milotic|0 fnt
|faint|p2b: Milotic
|
|-weather|Sandstorm|[upkeep]
|-damage|p1a: Photosynthesis|93/100|[from] Sandstorm
|upkeep
|
|t:|1785901191
|switch|p2b: Staraptor|Staraptor, L50, M|100/100
|-ability|p2b: Staraptor|Intimidate|boost
|-unboost|p1a: Photosynthesis|atk|1
|-unboost|p1b: EX Tyrant|atk|1
|turn|4
|inactive|acmilanvgc has 30 seconds left.
|inactive|acmilanvgc has 20 seconds left.
|inactive|acmilanvgc has 15 seconds left.
|
|t:|1785901235
|detailschange|p2b: Staraptor|Staraptor-Mega, L50, M
|-mega|p2b: Staraptor|Staraptor|Staraptite
|move|p1b: EX Tyrant|Rock Slide|p2a: Gholdengo|[spread] p2a,p2b
|-resisted|p2a: Gholdengo|1
|-damage|p2a: Gholdengo|78/100
|-damage|p2b: Staraptor|80/100
|move|p1a: Photosynthesis|Dazzling Gleam|p2b: Staraptor|[spread] p2a,p2b
|-resisted|p2a: Gholdengo|1
|-supereffective|p2b: Staraptor|1
|-damage|p2a: Gholdengo|58/100
|-damage|p2b: Staraptor|0 fnt
|faint|p2b: Staraptor
|move|p2a: Gholdengo|Make It Rain|p1a: Photosynthesis|[spread] p1a,p1b
|-supereffective|p1a: Photosynthesis|1
|-supereffective|p1b: EX Tyrant|1
|-damage|p1a: Photosynthesis|0 fnt
|-damage|p1b: EX Tyrant|27/100
|-unboost|p2a: Gholdengo|spa|2
|faint|p1a: Photosynthesis
|-damage|p2a: Gholdengo|48/100|[from] item: Life Orb
|
|-weather|Sandstorm|[upkeep]
|upkeep
|
|t:|1785901246
|switch|p2b: Excadrill|Excadrill, L50, F|100/100
|turn|5
|
|t:|1785901252
|move|p2a: Gholdengo|Protect|p2a: Gholdengo
|-singleturn|p2a: Gholdengo|Protect
|move|p2b: Excadrill|Protect|p2b: Excadrill
|-singleturn|p2b: Excadrill|Protect
|move|p1b: EX Tyrant|Knock Off|p2a: Gholdengo
|-activate|p2a: Gholdengo|move: Protect
|
|-weather|Sandstorm|[upkeep]
|-fieldend|move: Trick Room
|upkeep
|turn|6
|
|t:|1785901261
|move|p2b: Excadrill|Iron Head|p1b: EX Tyrant
|-supereffective|p1b: EX Tyrant|1
|-damage|p1b: EX Tyrant|0 fnt
|faint|p1b: EX Tyrant
|
|win|acmilanvgc
||Quyt_DZ is ready for game 2.
|inactive|acmilanvgc has 30 seconds to confirm battle start!
||acmilanvgc is ready for game 2.
|uhtml|next|Next: Game 2 of 3
|l| Matt Why
|l|☆Quyt_DZ
|player|p1|
|l|☆acmilanvgc
|player|p2|
|j|☆acmilanvgc
|player|p2|acmilanvgc|misty|
