|j|☆hexagonfoot
|j|☆Destinyherostratos
|html|hexagonfootDestinyherostratos    
|uhtml|bestof|Game 1 of a best-of-3
|t:|1756690846
|gametype|doubles
|player|p1|hexagonfoot|caitlin|1195
|player|p2|Destinyherostratos|265|1217
|gen|9
|tier|[Gen 9] VGC 2025 Reg H (Bo3)
|rated|
|rule|Species Clause: Limit one of each Pokémon
|rule|Item Clause: Limit 1 of each item
|clearpoke
|poke|p1|Kingambit, L50, F|
|poke|p1|Primarina, L50, M|
|poke|p1|Sneasler, L50, M|
|poke|p1|Magmar, L50, M|
|poke|p1|Rillaboom, L50, M|
|poke|p1|Dragapult, L50, M|
|poke|p2|Gothitelle, L50, F|
|poke|p2|Gholdengo, L50|
|poke|p2|Politoed, L50, F|
|poke|p2|Kingdra, L50, M|
|poke|p2|Amoonguss, L50, M|
|poke|p2|Incineroar, L50, F|
|teampreview|4
|showteam|p1|Kingambit||BlackGlasses|Defiant|KowtowCleave,SuckerPunch,SwordsDance,Protect|||F|||50|,,,,,Ghost]Primarina||SitrusBerry|LiquidVoice|HyperVoice,Moonblast,Haze,Protect|||M|||50|,,,,,Water]Sneasler||FocusSash|PoisonTouch|CloseCombat,DireClaw,FakeOut,Protect|||M|||50|,,,,,Stellar]Magmar||Eviolite|VitalSpirit|Overheat,WillOWisp,FollowMe,Protect|||M|||50|,,,,,Ghost]Rillaboom||AssaultVest|GrassySurge|WoodHammer,GrassyGlide,HighHorsepower,FakeOut|||M|||50|,,,,,Fire]Dragapult||ChoiceBand|ClearBody|DragonDarts,PhantomForce,TeraBlast,Uturn|||M|||50|,,,,,Ghost
|showteam|p2|Gothitelle||SitrusBerry|ShadowTag|Protect,Psychic,FakeOut,TrickRoom|||F|||50|,,,,,Dark]Gholdengo||MetalCoat|GoodasGold|MakeItRain,ShadowBall,NastyPlot,Protect||||||50|,,,,,Steel]Politoed||Leftovers|Drizzle|Protect,PerishSong,Encore,WeatherBall|||F|||50|,,,,,Grass]Kingdra||LifeOrb|SwiftSwim|Protect,WeatherBall,DracoMeteor,Disable|||M|||50|,,,,,Water]Amoonguss||RockyHelmet|Regenerator|Protect,Spore,RagePowder,PollenPuff|||M|||50|,,,,,Fairy]Incineroar||SafetyGoggles|Intimidate|Protect,KnockOff,PartingShot,FakeOut|||F|||50|,,,,,Bug
|inactive|Battle timer is ON: inactive players will automatically lose when time's up. (requested by hexagonfoot)
|inactive|hexagonfoot has 60 seconds left.
|inactive|Destinyherostratos has 60 seconds left.
|
|t:|1756690908
|teamsize|p1|4
|teamsize|p2|4
|start
|switch|p1a: Canary Wharf|Primarina, L50, M|100/100
|switch|p1b: Headstone Lane|Dragapult, L50, M|100/100
|switch|p2a: Amoonguss|Amoonguss, L50, M|100/100
|switch|p2b: Gothitelle|Gothitelle, L50, F|100/100
|turn|1
|inactive|hexagonfoot has 30 seconds left.
|inactive|Destinyherostratos has 30 seconds left.
|inactive|hexagonfoot has 20 seconds left.
|inactive|Destinyherostratos has 20 seconds left.
|inactive|hexagonfoot has 15 seconds left.
|inactive|Destinyherostratos has 15 seconds left.
|inactive|hexagonfoot has 10 seconds left.
|inactive|Destinyherostratos has 10 seconds left.
|
|t:|1756690957
|move|p2b: Gothitelle|Fake Out|p1a: Canary Wharf
|-crit|p1a: Canary Wharf
|-damage|p1a: Canary Wharf|91/100
|move|p1b: Headstone Lane|Phantom Force||[still]
|-prepare|p1b: Headstone Lane|Phantom Force
|cant|p1a: Canary Wharf|flinch
|move|p2a: Amoonguss|Spore|p1b: Headstone Lane|[miss]
|-miss|p2a: Amoonguss|p1b: Headstone Lane
|
|upkeep
|turn|2
|inactive|Destinyherostratos has 30 seconds left.
|
|t:|1756690988
|-terastallize|p2b: Gothitelle|Dark
|move|p1b: Headstone Lane|Phantom Force|p2a: Amoonguss|[from] lockedmove
|-damage|p2a: Amoonguss|38/100
|-damage|p1b: Headstone Lane|84/100|[from] item: Rocky Helmet|[of] p2a: Amoonguss
|move|p1a: Canary Wharf|Moonblast|p2a: Amoonguss
|-resisted|p2a: Amoonguss
|-crit|p2a: Amoonguss
|-damage|p2a: Amoonguss|12/100
|-unboost|p2a: Amoonguss|spa|1
|move|p2a: Amoonguss|Spore|p1b: Headstone Lane
|-status|p1b: Headstone Lane|slp|[from] move: Spore
|move|p2b: Gothitelle|Trick Room|p2b: Gothitelle
|-fieldstart|move: Trick Room|[of] p2b: Gothitelle
|
|upkeep
|turn|3
|inactive|hexagonfoot has 30 seconds left.
|
|t:|1756691018
|move|p1a: Canary Wharf|Protect|p1a: Canary Wharf
|-singleturn|p1a: Canary Wharf|Protect
|move|p2a: Amoonguss|Spore|p1a: Canary Wharf
|-activate|p1a: Canary Wharf|move: Protect
|move|p2b: Gothitelle|Psychic|p1b: Headstone Lane
|-damage|p1b: Headstone Lane|45/100 slp
|cant|p1b: Headstone Lane|slp
|
|upkeep
|turn|4
|
|t:|1756691032
|switch|p1b: Seven Kings|Kingambit, L50, F|100/100
|move|p2a: Amoonguss|Spore|p1a: Canary Wharf
|-status|p1a: Canary Wharf|slp|[from] move: Spore
|move|p2b: Gothitelle|Psychic|p1b: Seven Kings
|-immune|p1b: Seven Kings
|cant|p1a: Canary Wharf|slp
|
|upkeep
|turn|5
|
|t:|1756691050
|move|p1b: Seven Kings|Protect|p1b: Seven Kings
|-singleturn|p1b: Seven Kings|Protect
|move|p2a: Amoonguss|Spore|p1b: Seven Kings
|-activate|p1b: Seven Kings|move: Protect
|move|p2b: Gothitelle|Psychic|p1a: Canary Wharf
|-damage|p1a: Canary Wharf|65/100 slp
|-curestatus|p1a: Canary Wharf|slp|[msg]
|move|p1a: Canary Wharf|Hyper Voice|p2b: Gothitelle|[spread] p2a,p2b
|-resisted|p2a: Amoonguss
|-damage|p2a: Amoonguss|0 fnt
|-damage|p2b: Gothitelle|72/100
|faint|p2a: Amoonguss
|
|upkeep
|
|t:|1756691074
|switch|p2a: Kingdra|Kingdra, L50, M|100/100
|turn|6
|
|t:|1756691098
|move|p2a: Kingdra|Protect|p2a: Kingdra
|-singleturn|p2a: Kingdra|Protect
|move|p2b: Gothitelle|Psychic|p1a: Canary Wharf
|-damage|p1a: Canary Wharf|38/100
|-enditem|p1a: Canary Wharf|Sitrus Berry|[eat]
|-heal|p1a: Canary Wharf|63/100|[from] item: Sitrus Berry
|move|p1b: Seven Kings|Swords Dance|p1b: Seven Kings
|-boost|p1b: Seven Kings|atk|2
|move|p1a: Canary Wharf|Moonblast|p2b: Gothitelle
|-supereffective|p2b: Gothitelle
|-damage|p2b: Gothitelle|0 fnt
|faint|p2b: Gothitelle
|
|-fieldend|move: Trick Room
|upkeep
|
|t:|1756691111
|switch|p2b: Politoed|Politoed, L50, F|100/100
|-weather|RainDance|[from] ability: Drizzle|[of] p2b: Politoed
|turn|7
|
|t:|1756691125
|switch|p1a: Hampstead Heath|Rillaboom, L50, M|100/100
|-fieldstart|move: Grassy Terrain|[from] ability: Grassy Surge|[of] p1a: Hampstead Heath
|move|p2a: Kingdra|Protect||[still]
|-fail|p2a: Kingdra
|move|p2b: Politoed|Weather Ball|p1b: Seven Kings
|-damage|p1b: Seven Kings|56/100
|move|p1b: Seven Kings|Kowtow Cleave|p2a: Kingdra
|-crit|p2a: Kingdra
|-damage|p2a: Kingdra|0 fnt
|faint|p2a: Kingdra
|
|-weather|RainDance|[upkeep]
|-heal|p1b: Seven Kings|62/100|[from] Grassy Terrain
|upkeep
|turn|8
|-message|Destinyherostratos forfeited.
|
|win|hexagonfoot
||Destinyherostratos is ready for game 2.
||hexagonfoot is ready for game 2.
|uhtml|next|Next: Game 2 of 3
