|j|☆FreezyPop439
|j|☆makibiokeee
|html|FreezyPop439makibiokeee    
|uhtml|bestof|Game 2 of a best-of-3
|t:|1782309613
|gametype|doubles
|player|p1|FreezyPop439|collector|1250
|player|p2|makibiokeee|dawn|1180
|gen|9
|tier|[Gen 9 Champions] VGC 2026 Reg M-B (Bo3)
|rated|
|rule|Species Clause: Limit one of each Pokémon
|rule|Item Clause: Limit 1 of each item
|clearpoke
|poke|p1|Garchomp, L50, F|
|poke|p1|Staraptor, L50, F|
|poke|p1|Grimmsnarl, L50, M|
|poke|p1|Gholdengo, L50|
|poke|p1|Maushold-Four, L50|
|poke|p1|Volcarona, L50, M|
|poke|p2|Blaziken, L50, M|
|poke|p2|Basculegion, L50, M|
|poke|p2|Sylveon, L50, F, shiny|
|poke|p2|Kingambit, L50, F, shiny|
|poke|p2|Aerodactyl, L50, M|
|poke|p2|Sinistcha, L50|
|teampreview|4
|showteam|p1|Garchomp||LifeOrb|RoughSkin|Earthquake,DragonClaw,RockSlide,Protect|Jolly||F|||50|]Staraptor||Staraptite|Intimidate|BraveBird,CloseCombat,Roost,Protect|Jolly||F|||50|]Grimmsnarl||LightClay|Prankster|SpiritBreak,LightScreen,Reflect,PartingShot|Careful||M|||50|]Gholdengo||MetalCoat|GoodasGold|MakeItRain,ShadowBall,NastyPlot,Protect|Modest|||||50|]Maushold-Four||FocusSash|FriendGuard|FollowMe,Charm,SuperFang,Protect|Jolly|||||50|]Volcarona||ChartiBerry|FlameBody|HeatWave,StruggleBug,RagePowder,Tailwind|Timid||M|||50|
|showteam|p2|Blaziken||Blazikenite|SpeedBoost|Protect,CloseCombat,RockSlide,FlareBlitz|Adamant||M|||50|]Basculegion||LifeOrb|Adaptability|Protect,WaveCrash,AquaJet,LastRespects|Adamant||M|||50|]Sylveon||FairyFeather|Pixilate|HyperBeam,HyperVoice,Detect,QuickAttack|Modest||F|||50|]Kingambit||FocusSash|Defiant|SuckerPunch,KowtowCleave,IronHead,LowKick|Adamant||F|||50|]Aerodactyl||Aerodactylite|Unnerve|Tailwind,DualWingbeat,RockSlide,IceFang|Jolly||M|||50|]Sinistcha||KasibBerry|Hospitality|MatchaGotcha,TrickRoom,Protect,RagePowder|Bold|||||50|
|inactive|Battle timer is ON: inactive players will automatically lose when time's up. (requested by makibiokeee)
|inactive|FreezyPop439 has 60 seconds left.
|
|t:|1782309662
|teamsize|p1|4
|teamsize|p2|4
|start
|switch|p1a: Staraptor|Staraptor, L50, F|100/100
|switch|p1b: Garchomp|Garchomp, L50, F|100/100
|switch|p2a: Sylveon|Sylveon, L50, F, shiny|100/100
|switch|p2b: Kingambit|Kingambit, L50, F, shiny|100/100
|-ability|p1a: Staraptor|Intimidate|boost
|-unboost|p2a: Sylveon|atk|1
|-unboost|p2b: Kingambit|atk|1
|-ability|p2b: Kingambit|Defiant|boost
|-boost|p2b: Kingambit|atk|2
|turn|1
|inactive|FreezyPop439 has 30 seconds left.
|inactive|makibiokeee has 30 seconds left.
|inactive|FreezyPop439 has 20 seconds left.
|inactive|FreezyPop439 has 15 seconds left.
|
|t:|1782309706
|detailschange|p1a: Staraptor|Staraptor-Mega, L50, F
|-mega|p1a: Staraptor|Staraptor|Staraptite
|move|p2b: Kingambit|Sucker Punch|p1a: Staraptor
|-resisted|p1a: Staraptor|1
|-damage|p1a: Staraptor|70/100
|move|p1a: Staraptor|Brave Bird|p2a: Sylveon
|-damage|p2a: Sylveon|32/100
|-damage|p1a: Staraptor|48/100|[from] Recoil
|move|p1b: Garchomp|Earthquake|p2a: Sylveon|[spread] p2a,p2b
|-immune|p1a: Staraptor
|-supereffective|p2b: Kingambit|1
|-damage|p2a: Sylveon|0 fnt
|-damage|p2b: Kingambit|18/100
|faint|p2a: Sylveon
|-damage|p1b: Garchomp|90/100|[from] item: Life Orb
|
|upkeep
|
|t:|1782309724
|switch|p2a: Basculegion|Basculegion, L50, M|100/100
|turn|2
|inactive|FreezyPop439 has 30 seconds left.
|inactive|FreezyPop439 has 20 seconds left.
|
|t:|1782309763
|move|p1a: Staraptor|Protect|p1a: Staraptor
|-singleturn|p1a: Staraptor|Protect
|move|p2a: Basculegion|Aqua Jet|p1a: Staraptor
|-activate|p1a: Staraptor|move: Protect
|move|p2b: Kingambit|Sucker Punch||[still]
|-fail|p2b: Kingambit
|move|p1b: Garchomp|Dragon Claw|p2a: Basculegion
|-damage|p2a: Basculegion|49/100
|-damage|p1b: Garchomp|80/100|[from] item: Life Orb
|
|upkeep
|turn|3
|inactive|FreezyPop439 has 30 seconds left.
|
|t:|1782309790
|move|p2a: Basculegion|Aqua Jet|p1a: Staraptor
|-damage|p1a: Staraptor|15/100
|-damage|p2a: Basculegion|39/100|[from] item: Life Orb
|move|p2b: Kingambit|Sucker Punch|p1b: Garchomp
|-damage|p1b: Garchomp|22/100
|-damage|p2b: Kingambit|6/100|[from] ability: Rough Skin|[of] p1b: Garchomp
|move|p1a: Staraptor|Close Combat|p2b: Kingambit
|-supereffective|p2b: Kingambit|2
|-damage|p2b: Kingambit|0 fnt
|-boost|p1a: Staraptor|def|1
|-boost|p1a: Staraptor|spd|1
|faint|p2b: Kingambit
|move|p1b: Garchomp|Earthquake|p2a: Basculegion|[spread] p2a
|-immune|p1a: Staraptor
|-damage|p2a: Basculegion|0 fnt
|faint|p2a: Basculegion
|-damage|p1b: Garchomp|12/100|[from] item: Life Orb
|
|upkeep
|
|t:|1782309808
|switch|p2b: Aerodactyl|Aerodactyl, L50, M|100/100
|-ability|p2b: Aerodactyl|Unnerve
|turn|4
|
|t:|1782309816
|detailschange|p2b: Aerodactyl|Aerodactyl-Mega, L50, M
|-mega|p2b: Aerodactyl|Aerodactyl|Aerodactylite
|move|p1a: Staraptor|Protect|p1a: Staraptor
|-singleturn|p1a: Staraptor|Protect
|move|p2b: Aerodactyl|Rock Slide|p1b: Garchomp|[spread] p1b
|-activate|p1a: Staraptor|move: Protect
|-resisted|p1b: Garchomp|1
|-damage|p1b: Garchomp|1/100
|move|p1b: Garchomp|Dragon Claw|p2b: Aerodactyl
|-crit|p2b: Aerodactyl
|-damage|p2b: Aerodactyl|6/100
|-damage|p1b: Garchomp|0 fnt|[from] item: Life Orb
|faint|p1b: Garchomp
|
|upkeep
|
|t:|1782309825
|switch|p1b: Gholdengo|Gholdengo, L50|100/100
|turn|5
|
|t:|1782309831
|move|p2b: Aerodactyl|Rock Slide|p1a: Staraptor|[spread] p1a,p1b
|-resisted|p1b: Gholdengo|1
|-damage|p1a: Staraptor|0 fnt
|-damage|p1b: Gholdengo|86/100
|faint|p1a: Staraptor
|cant|p1b: Gholdengo|flinch
|
|upkeep
|
|t:|1782309835
|switch|p1a: Maushold|Maushold-Four, L50|100/100
|turn|6
|
|t:|1782309840
|move|p2b: Aerodactyl|Rock Slide|p1a: Maushold|[spread] p1a,p1b
|-resisted|p1b: Gholdengo|1
|-damage|p1a: Maushold|64/100
|-damage|p1b: Gholdengo|77/100
|move|p1a: Maushold|Charm|p2b: Aerodactyl
|-unboost|p2b: Aerodactyl|atk|2
|move|p1b: Gholdengo|Shadow Ball|p2b: Aerodactyl
|-damage|p2b: Aerodactyl|0 fnt
|faint|p2b: Aerodactyl
|
|win|FreezyPop439
|raw|FreezyPop439's rating: 1250 → 1270(+20 for winning)
|raw|makibiokeee's rating: 1180 → 1160(-20 for losing)
|l|☆makibiokeee
|player|p2|
