|j|☆Ramalon
|j|☆Goodusername69
|html|RamalonGoodusername69    
|uhtml|bestof|Game 1 of a best-of-3
|t:|1757178233
|gametype|doubles
|player|p1|Ramalon|170|1091
|player|p2|Goodusername69|266|1000
|gen|9
|tier|[Gen 9] VGC 2025 Reg H (Bo3)
|rated|
|rule|Species Clause: Limit one of each Pokémon
|rule|Item Clause: Limit 1 of each item
|clearpoke
|poke|p1|Pelipper, L50, F|
|poke|p1|Archaludon, L50, M|
|poke|p1|Amoonguss, L50, F|
|poke|p1|Gholdengo, L50|
|poke|p1|Basculegion, L50, M|
|poke|p1|Incineroar, L50, F|
|poke|p2|Electabuzz, L50, F|
|poke|p2|Volcarona, L50, M|
|poke|p2|Kingambit, L50, F|
|poke|p2|Sneasler, L50, F|
|poke|p2|Rillaboom, L50, M|
|poke|p2|Dragonite, L50, M|
|teampreview|4
|showteam|p1|Pelipper||FocusSash|Drizzle|Protect,Hurricane,WeatherBall,Tailwind|||F|||50|,,,,,Stellar]Archaludon||AssaultVest|Stamina|ElectroShot,BodyPress,Snarl,DragonPulse|||M|||50|,,,,,Bug]Amoonguss||RockyHelmet|Regenerator|Spore,RagePowder,PollenPuff,Protect|||F|||50|,,,,,Water]Gholdengo||LifeOrb|GoodasGold|MakeItRain,ShadowBall,NastyPlot,Protect||||||50|,,,,,Water]Basculegion||ChoiceScarf|Adaptability|WaveCrash,AquaJet,LastRespects,FlipTurn|||M|||50|,,,,,Water]Incineroar||SafetyGoggles|Intimidate|KnockOff,FlareBlitz,PartingShot,FakeOut|||F|||50|,,,,,Ghost
|showteam|p2|Electabuzz||Eviolite|VitalSpirit|Thunderbolt,Taunt,FollowMe,Protect|||F|||50|,,,,,Ghost]Volcarona||Leftovers|FlameBody|HeatWave,TeraBlast,QuiverDance,Protect|||M|||50|,,,,,Fairy]Kingambit||BlackGlasses|Defiant|KowtowCleave,SuckerPunch,SwordsDance,Protect|||F|||50|,,,,,Dark]Sneasler||FocusSash|Unburden|CloseCombat,DireClaw,Protect,Coaching|||F|||50|,,,,,Stellar]Rillaboom||AssaultVest|GrassySurge|FakeOut,HighHorsepower,WoodHammer,GrassyGlide|||M|||50|,,,,,Fire]Dragonite||LoadedDice|Multiscale|ScaleShot,Haze,LowKick,Protect|||M|||50|,,,,,Fairy
|inactive|Battle timer is ON: inactive players will automatically lose when time's up. (requested by Ramalon)
|inactive|Goodusername69 has 60 seconds left.
|
|t:|1757178338
|teamsize|p1|4
|teamsize|p2|4
|start
|switch|p1a: Pelipper|Pelipper, L50, F|100/100
|switch|p1b: Basculegion|Basculegion, L50, M|100/100
|switch|p2a: The Queen|Kingambit, L50, F|100/100
|switch|p2b: Vaggie|Sneasler, L50, F|100/100
|-weather|RainDance|[from] ability: Drizzle|[of] p1a: Pelipper
|turn|1
|inactive|Ramalon has 30 seconds left.
|inactive|Goodusername69 has 30 seconds left.
|inactive|Goodusername69 has 20 seconds left.
|inactive|Goodusername69 has 15 seconds left.
|
|t:|1757178381
|-terastallize|p1b: Basculegion|Water
|-terastallize|p2a: The Queen|Dark
|move|p2a: The Queen|Sucker Punch|p1b: Basculegion
|-damage|p1b: Basculegion|22/100
|move|p1b: Basculegion|Flip Turn|p2a: The Queen
|-damage|p2a: The Queen|51/100
|
|t:|1757178392
|switch|p1b: Archaludon|Archaludon, L50, M|100/100|[from] Flip Turn
|move|p2b: Vaggie|Coaching|p2a: The Queen
|-boost|p2a: The Queen|atk|1
|-boost|p2a: The Queen|def|1
|move|p1a: Pelipper|Tailwind|p1a: Pelipper
|-sidestart|p1: Ramalon|move: Tailwind
|
|-weather|RainDance|[upkeep]
|upkeep
|turn|2
|
|t:|1757178408
|switch|p2b: Lightbulb|Electabuzz, L50, F, shiny|100/100
|move|p2a: The Queen|Protect|p2a: The Queen
|-singleturn|p2a: The Queen|Protect
|move|p1b: Archaludon|Body Press|p2a: The Queen
|-activate|p2a: The Queen|move: Protect
|move|p1a: Pelipper|Hurricane|p2b: Lightbulb
|-resisted|p2b: Lightbulb
|-damage|p2b: Lightbulb|86/100
|
|-weather|RainDance|[upkeep]
|upkeep
|turn|3
|inactive|Goodusername69 has 30 seconds left.
|inactive|Goodusername69 has 20 seconds left.
|inactive|Goodusername69 has 15 seconds left.
|
|t:|1757178451
|switch|p1a: Gholdengo|Gholdengo, L50|100/100
|move|p2b: Lightbulb|Follow Me|p2b: Lightbulb
|-singleturn|p2b: Lightbulb|move: Follow Me
|move|p1b: Archaludon|Body Press|p2b: Lightbulb
|-crit|p2b: Lightbulb
|-damage|p2b: Lightbulb|58/100
|move|p2a: The Queen|Swords Dance|p2a: The Queen
|-boost|p2a: The Queen|atk|2
|
|-weather|RainDance|[upkeep]
|upkeep
|turn|4
|inactive|Goodusername69 has 30 seconds left.
|inactive|Goodusername69 has 20 seconds left.
|inactive|Goodusername69 has 15 seconds left.
|inactive|Goodusername69 has 10 seconds left.
|
|t:|1757178497
|move|p2b: Lightbulb|Follow Me|p2b: Lightbulb
|-singleturn|p2b: Lightbulb|move: Follow Me
|move|p2a: The Queen|Sucker Punch|p1a: Gholdengo
|-supereffective|p1a: Gholdengo
|-damage|p1a: Gholdengo|0 fnt
|faint|p1a: Gholdengo
|move|p1b: Archaludon|Body Press|p2b: Lightbulb
|-damage|p2b: Lightbulb|40/100
|
|-weather|RainDance|[upkeep]
|-sideend|p1: Ramalon|move: Tailwind
|upkeep
|
|t:|1757178509
|switch|p1a: Pelipper|Pelipper, L50, F|100/100
|turn|5
|
|t:|1757178529
|move|p2b: Lightbulb|Follow Me|p2b: Lightbulb
|-singleturn|p2b: Lightbulb|move: Follow Me
|move|p1b: Archaludon|Body Press|p2b: Lightbulb
|-damage|p2b: Lightbulb|21/100
|move|p1a: Pelipper|Hurricane|p2b: Lightbulb
|-resisted|p2b: Lightbulb
|-damage|p2b: Lightbulb|7/100
|move|p2a: The Queen|Kowtow Cleave|p1b: Archaludon
|-crit|p1b: Archaludon
|-damage|p1b: Archaludon|0 fnt
|faint|p1b: Archaludon
|
|-weather|none
|upkeep
|
|t:|1757178544
|switch|p1b: Basculegion|Basculegion, L50, M, tera:Water|22/100
|turn|6
|
|t:|1757178566
|switch|p2b: Bob the Janitor|Rillaboom, L50, M|100/100
|-fieldstart|move: Grassy Terrain|[from] ability: Grassy Surge|[of] p2b: Bob the Janitor
|move|p2a: The Queen|Protect|p2a: The Queen
|-singleturn|p2a: The Queen|Protect
|move|p1b: Basculegion|Wave Crash|p2a: The Queen
|-activate|p2a: The Queen|move: Protect
|move|p1a: Pelipper|Hurricane|p2a: The Queen
|-activate|p2a: The Queen|move: Protect
|
|-heal|p1b: Basculegion|28/100|[from] Grassy Terrain
|-heal|p2a: The Queen|57/100|[from] Grassy Terrain
|upkeep
|turn|7
|-message|Ramalon forfeited.
|
|win|Goodusername69
|l|☆Ramalon
|player|p1|
||Goodusername69 is ready for game 2.
||Ramalon is ready for game 2.
|uhtml|next|Next: Game 2 of 3
