|j|☆marcoslegui
|j|☆darrell sim
|html|marcosleguidarrell sim    
|uhtml|bestof|Game 3 of a best-of-3
|t:|1756469829
|gametype|doubles
|player|p1|marcoslegui|pokekid|1159
|player|p2|darrell sim|2|1108
|gen|9
|tier|[Gen 9] VGC 2025 Reg H (Bo3)
|rated|
|rule|Species Clause: Limit one of each Pokémon
|rule|Item Clause: Limit 1 of each item
|clearpoke
|poke|p1|Sneasler, L50, F|
|poke|p1|Volcarona, L50, M|
|poke|p1|Kingambit, L50, M|
|poke|p1|Baxcalibur, L50, F|
|poke|p1|Basculegion, L50, M|
|poke|p1|Rillaboom, L50, F|
|poke|p2|Dondozo, L50, M|
|poke|p2|Tatsugiri, L50, F|
|poke|p2|Pelipper, L50, F|
|poke|p2|Archaludon, L50, F|
|poke|p2|Annihilape, L50, F|
|poke|p2|Maushold, L50|
|teampreview|4
|showteam|p1|Sneasler||FocusSash|Unburden|DireClaw,CloseCombat,Protect,Coaching|||F|||50|,,,,,Stellar]Volcarona||CovertCloak|FlameBody|HeatWave,TeraBlast,QuiverDance,Protect|||M|||50|,,,,,Fairy]Kingambit||AssaultVest|Defiant|KowtowCleave,SuckerPunch,IronHead,LowKick|||M|||50|,,,,,Ghost]Baxcalibur||LoadedDice|ThermalExchange|IcicleSpear,ScaleShot,IceShard,Protect|||F|||50|,,,,,Ghost]Basculegion||ChoiceScarf|Adaptability|WaveCrash,FlipTurn,LastRespects,TeraBlast|||M|||50|,,,,,Fairy]Rillaboom||MiracleSeed|GrassySurge|WoodHammer,GrassyGlide,HighHorsepower,FakeOut|||F|||50|,,,,,Fire
|showteam|p2|Dondozo||Leftovers|Unaware|OrderUp,WaveCrash,Rest,SleepTalk|||M|||50|,,,,,Grass]Tatsugiri||ChoiceSpecs|Commander|DracoMeteor,HydroPump,IcyWind,MuddyWater|||F|||50|,,,,,Dragon]Pelipper||FocusSash|Drizzle|Hurricane,Tailwind,Protect,WideGuard|||F|||50|,,,,,Flying]Archaludon||AssaultVest|Stamina|ElectroShot,FlashCannon,DracoMeteor,BodyPress|||F|||50|,,,,,Electric]Annihilape||LifeOrb|Defiant|CloseCombat,RageFist,Protect,Endeavor|||F|||50|,,,,,Dark]Maushold||SafetyGoggles|FriendGuard|PopulationBomb,BeatUp,FollowMe,Protect||||||50|,,,,,Ghost
|inactive|Battle timer is ON: inactive players will automatically lose when time's up. (requested by darrell sim)
|
|t:|1756469850
|teamsize|p1|4
|teamsize|p2|4
|start
|switch|p1a: Rillaboom|Rillaboom, L50, F|100/100
|switch|p1b: Baxcalibur|Baxcalibur, L50, F|100/100
|switch|p2a: Tatsugiri|Tatsugiri, L50, F|100/100
|switch|p2b: Pelipper|Pelipper, L50, F|100/100
|-weather|RainDance|[from] ability: Drizzle|[of] p2b: Pelipper
|-fieldstart|move: Grassy Terrain|[from] ability: Grassy Surge|[of] p1a: Rillaboom
|turn|1
|
|t:|1756469874
|-terastallize|p1b: Baxcalibur|Ghost
|move|p2b: Pelipper|Protect|p2b: Pelipper
|-singleturn|p2b: Pelipper|Protect
|move|p1a: Rillaboom|Grassy Glide|p2b: Pelipper
|-activate|p2b: Pelipper|move: Protect
|move|p1b: Baxcalibur|Scale Shot|p2b: Pelipper
|-activate|p2b: Pelipper|move: Protect
|move|p2a: Tatsugiri|Draco Meteor|p1b: Baxcalibur
|-damage|p1b: Baxcalibur|0 fnt
|-unboost|p2a: Tatsugiri|spa|2
|faint|p1b: Baxcalibur
|
|-weather|RainDance|[upkeep]
|upkeep
|
|t:|1756469893
|switch|p1b: Sneasler|Sneasler, L50, F|100/100
|turn|2
|
|t:|1756469914
|switch|p2a: Dondozo|Dondozo, L50, M|100/100
|move|p1a: Rillaboom|Grassy Glide|p2b: Pelipper
|-damage|p2b: Pelipper|40/100
|move|p1b: Sneasler|Dire Claw|p2b: Pelipper
|-damage|p2b: Pelipper|0 fnt
|faint|p2b: Pelipper
|
|-weather|RainDance|[upkeep]
|upkeep
|
|t:|1756469924
|switch|p2b: Tatsugiri|Tatsugiri, L50, F|100/100
|-activate|p2b: Tatsugiri|ability: Commander|[of] p2a: Dondozo
|-boost|p2a: Dondozo|atk|2
|-boost|p2a: Dondozo|spa|2
|-boost|p2a: Dondozo|spe|2
|-boost|p2a: Dondozo|def|2
|-boost|p2a: Dondozo|spd|2
|turn|3
|
|t:|1756469946
|move|p1b: Sneasler|Dire Claw|p2a: Dondozo
|-damage|p2a: Dondozo|91/100
|move|p1a: Rillaboom|Wood Hammer|p2a: Dondozo
|-supereffective|p2a: Dondozo
|-damage|p2a: Dondozo|46/100
|-damage|p1a: Rillaboom|81/100|[from] Recoil
|move|p2a: Dondozo|Rest|p2a: Dondozo
|-status|p2a: Dondozo|slp|[from] move: Rest
|-heal|p2a: Dondozo|100/100 slp|[silent]
|
|-weather|RainDance|[upkeep]
|-heal|p1a: Rillaboom|87/100|[from] Grassy Terrain
|upkeep
|turn|4
|
|t:|1756469963
|-terastallize|p2a: Dondozo|Grass
|move|p1a: Rillaboom|Grassy Glide|p2a: Dondozo
|-resisted|p2a: Dondozo
|-crit|p2a: Dondozo
|-damage|p2a: Dondozo|86/100 slp
|move|p1b: Sneasler|Coaching|p1a: Rillaboom
|-boost|p1a: Rillaboom|atk|1
|-boost|p1a: Rillaboom|def|1
|cant|p2a: Dondozo|slp
|move|p2a: Dondozo|Sleep Talk|p2a: Dondozo
|move|p2a: Dondozo|Wave Crash|p1b: Sneasler|[from] move: Sleep Talk
|-enditem|p1b: Sneasler|Focus Sash
|-damage|p1b: Sneasler|1/100
|-damage|p2a: Dondozo|66/100 slp|[from] Recoil
|
|-weather|RainDance|[upkeep]
|-heal|p1b: Sneasler|7/100|[from] Grassy Terrain
|-heal|p1a: Rillaboom|93/100|[from] Grassy Terrain
|-heal|p2a: Dondozo|72/100 slp|[from] Grassy Terrain
|-heal|p2a: Dondozo|79/100 slp|[from] item: Leftovers
|upkeep
|turn|5
|
|t:|1756469980
|move|p1b: Sneasler|Dire Claw|p2a: Dondozo
|-supereffective|p2a: Dondozo
|-damage|p2a: Dondozo|60/100 slp
|move|p1a: Rillaboom|Wood Hammer|p2a: Dondozo
|-resisted|p2a: Dondozo
|-damage|p2a: Dondozo|50/100 slp
|-damage|p1a: Rillaboom|89/100|[from] Recoil
|cant|p2a: Dondozo|slp
|move|p2a: Dondozo|Sleep Talk|p2a: Dondozo
|move|p2a: Dondozo|Wave Crash|p1b: Sneasler|[from] move: Sleep Talk
|-damage|p1b: Sneasler|0 fnt
|faint|p1b: Sneasler
|-damage|p2a: Dondozo|48/100 slp|[from] Recoil
|
|-weather|none
|-heal|p1a: Rillaboom|95/100|[from] Grassy Terrain
|-heal|p2a: Dondozo|55/100 slp|[from] Grassy Terrain
|-heal|p2a: Dondozo|61/100 slp|[from] item: Leftovers
|-fieldend|move: Grassy Terrain
|upkeep
|
|t:|1756469993
|switch|p1b: Basculegion|Basculegion, L50, M|100/100
|turn|6
|
|t:|1756470011
|move|p1b: Basculegion|Last Respects|p2a: Dondozo
|-damage|p2a: Dondozo|40/100 slp
|move|p1a: Rillaboom|Wood Hammer|p2a: Dondozo
|-resisted|p2a: Dondozo
|-damage|p2a: Dondozo|31/100 slp
|-damage|p1a: Rillaboom|91/100|[from] Recoil
|-curestatus|p2a: Dondozo|slp|[msg]
|move|p2a: Dondozo|Rest|p2a: Dondozo
|-status|p2a: Dondozo|slp|[from] move: Rest
|-heal|p2a: Dondozo|100/100 slp|[silent]
|
|upkeep
|turn|7
|
|t:|1756470025
|move|p1b: Basculegion|Last Respects|p2a: Dondozo
|-damage|p2a: Dondozo|78/100 slp
|move|p1a: Rillaboom|Wood Hammer|p2a: Dondozo
|-resisted|p2a: Dondozo
|-damage|p2a: Dondozo|69/100 slp
|-damage|p1a: Rillaboom|87/100|[from] Recoil
|cant|p2a: Dondozo|slp
|move|p2a: Dondozo|Sleep Talk|p2a: Dondozo
|move|p2a: Dondozo|Order Up|p1a: Rillaboom|[from] move: Sleep Talk
|-damage|p1a: Rillaboom|52/100
|-boost|p2a: Dondozo|atk|1
|
|-heal|p2a: Dondozo|76/100 slp|[from] item: Leftovers
|upkeep
|turn|8
|
|t:|1756470037
|move|p1b: Basculegion|Last Respects|p2a: Dondozo
|-damage|p2a: Dondozo|54/100 slp
|move|p1a: Rillaboom|Grassy Glide|p2a: Dondozo
|-resisted|p2a: Dondozo
|-damage|p2a: Dondozo|50/100 slp
|cant|p2a: Dondozo|slp
|move|p2a: Dondozo|Sleep Talk|p2a: Dondozo
|move|p2a: Dondozo|Wave Crash|p1b: Basculegion|[from] move: Sleep Talk
|-resisted|p1b: Basculegion
|-damage|p1b: Basculegion|39/100
|-damage|p2a: Dondozo|34/100 slp|[from] Recoil
|
|-heal|p2a: Dondozo|41/100 slp|[from] item: Leftovers
|upkeep
|turn|9
|
|t:|1756470050
|move|p1b: Basculegion|Last Respects|p2a: Dondozo
|-damage|p2a: Dondozo|18/100 slp
|move|p1a: Rillaboom|Wood Hammer|p2a: Dondozo
|-resisted|p2a: Dondozo
|-damage|p2a: Dondozo|10/100 slp
|-damage|p1a: Rillaboom|49/100|[from] Recoil
|-curestatus|p2a: Dondozo|slp|[msg]
|move|p2a: Dondozo|Rest|p2a: Dondozo
|-status|p2a: Dondozo|slp|[from] move: Rest
|-heal|p2a: Dondozo|100/100 slp|[silent]
|
|upkeep
|turn|10
|
|t:|1756470059
|move|p1b: Basculegion|Last Respects|p2a: Dondozo
|-damage|p2a: Dondozo|79/100 slp
|move|p1a: Rillaboom|Wood Hammer|p2a: Dondozo
|-resisted|p2a: Dondozo
|-damage|p2a: Dondozo|71/100 slp
|-damage|p1a: Rillaboom|45/100|[from] Recoil
|cant|p2a: Dondozo|slp
|move|p2a: Dondozo|Sleep Talk|p2a: Dondozo
|move|p2a: Dondozo|Wave Crash|p1a: Rillaboom|[from] move: Sleep Talk
|-resisted|p1a: Rillaboom
|-crit|p1a: Rillaboom
|-damage|p1a: Rillaboom|0 fnt
|faint|p1a: Rillaboom
|-damage|p2a: Dondozo|60/100 slp|[from] Recoil
|
|-heal|p2a: Dondozo|66/100 slp|[from] item: Leftovers
|upkeep
|turn|11
|
|t:|1756470076
|move|p1b: Basculegion|Last Respects|p2a: Dondozo
|-damage|p2a: Dondozo|37/100 slp
|cant|p2a: Dondozo|slp
|move|p2a: Dondozo|Sleep Talk|p2a: Dondozo
|move|p2a: Dondozo|Order Up|p1b: Basculegion|[from] move: Sleep Talk
|-damage|p1b: Basculegion|0 fnt
|faint|p1b: Basculegion
|
|win|darrell sim
|raw|marcoslegui's rating: 1159 → 1130(-29 for losing)
|raw|darrell sim's rating: 1108 → 1137(+29 for winning)
|l|☆marcoslegui
|player|p1|
|l|☆darrell sim
|player|p2|
|j|☆marcoslegui
|player|p1|marcoslegui|pokekid|
