|j|☆patata navidenya
|j|☆Lucario Palworld
|html|patata navidenyaLucario Palworld    
|uhtml|bestof|Game 2 of a best-of-3
|t:|1756322377
|gametype|doubles
|player|p1|patata navidenya|cilan|1258
|player|p2|Lucario Palworld|1|1284
|gen|9
|tier|[Gen 9] VGC 2025 Reg H (Bo3)
|rated|
|rule|Species Clause: Limit one of each Pokémon
|rule|Item Clause: Limit 1 of each item
|clearpoke
|poke|p1|Pelipper, L50, F|
|poke|p1|Archaludon, L50, F|
|poke|p1|Sinistcha, L50|
|poke|p1|Incineroar, L50, F|
|poke|p1|Dragonite, L50, F|
|poke|p1|Basculegion, L50, M|
|poke|p2|Pelipper, L50, F|
|poke|p2|Dragonite, L50, F|
|poke|p2|Tatsugiri, L50, F|
|poke|p2|Dondozo, L50, F|
|poke|p2|Gholdengo, L50|
|poke|p2|Perrserker, L50, M|
|teampreview|4
|showteam|p1|Pelipper||FocusSash|Drizzle|MuddyWater,Hurricane,WideGuard,Protect|||F|||50|,,,,,Ghost]Archaludon||AssaultVest|Stamina|FlashCannon,ElectroShot,BodyPress,Snarl|||F|||50|,,,,,Bug]Sinistcha||SitrusBerry|Hospitality|MatchaGotcha,RagePowder,LifeDew,TrickRoom||||||50|,,,,,Dark]Incineroar||SafetyGoggles|Intimidate|KnockOff,Taunt,PartingShot,FakeOut|||F|||50|,,,,,Ghost]Dragonite||LoadedDice|Multiscale|ScaleShot,Tailwind,Haze,Protect|||F|||50|,,,,,Fairy]Basculegion||LifeOrb|SwiftSwim|WaveCrash,AquaJet,LastRespects,Protect|||M|||50|,,,,,Water
|showteam|p2|Pelipper||FocusSash|Drizzle|Hurricane,WeatherBall,WideGuard,Tailwind|||F|||50|,,,,,Flying]Dragonite||LoadedDice|Multiscale|ScaleShot,Haze,ExtremeSpeed,LowKick|||F|||50|,,,,,Grass]Tatsugiri||ChoiceScarf|Commander|MuddyWater,DracoMeteor,DragonPulse,IcyWind|||F|||50|,,,,,Steel]Dondozo||ClearAmulet|Unaware|Earthquake,WaveCrash,OrderUp,Protect|||F|||50|,,,,,Grass]Gholdengo||ChoiceSpecs|GoodasGold|ShadowBall,MakeItRain,FocusBlast,Thunderbolt||||||50|,,,,,Steel]Perrserker||ChopleBerry|SteelySpirit|FakeOut,IronHead,Taunt,KnockOff|||M|||50|,,,,,Steel
|inactive|Battle timer is ON: inactive players will automatically lose when time's up. (requested by patata navidenya)
|
|t:|1756322397
|teamsize|p1|4
|teamsize|p2|4
|start
|switch|p1a: Dragonite|Dragonite, L50, F|100/100
|switch|p1b: Archaludon|Archaludon, L50, F|100/100
|switch|p2a: Dondozo|Dondozo, L50, F|100/100
|switch|p2b: Gholdengo|Gholdengo, L50|100/100
|turn|1
|inactive|Lucario Palworld has 30 seconds left.
|inactive|Lucario Palworld has 20 seconds left.
|inactive|Lucario Palworld has 15 seconds left.
|
|t:|1756322438
|move|p1a: Dragonite|Protect|p1a: Dragonite
|-singleturn|p1a: Dragonite|Protect
|move|p2b: Gholdengo|Focus Blast|p1b: Archaludon
|-supereffective|p1b: Archaludon
|-damage|p1b: Archaludon|0 fnt
|faint|p1b: Archaludon
|move|p2a: Dondozo|Order Up|p1a: Dragonite
|-activate|p1a: Dragonite|move: Protect
|
|upkeep
|
|t:|1756322453
|switch|p1b: Pelipper|Pelipper, L50, F|100/100
|-weather|RainDance|[from] ability: Drizzle|[of] p1b: Pelipper
|turn|2
|inactive|Lucario Palworld has 30 seconds left.
|
|t:|1756322481
|switch|p2b: Tatsugiri|Tatsugiri, L50, F|100/100
|-activate|p2b: Tatsugiri|ability: Commander|[of] p2a: Dondozo
|-boost|p2a: Dondozo|atk|2
|-boost|p2a: Dondozo|spa|2
|-boost|p2a: Dondozo|spe|2
|-boost|p2a: Dondozo|def|2
|-boost|p2a: Dondozo|spd|2
|-terastallize|p1a: Dragonite|Fairy
|move|p2a: Dondozo|Order Up|p1a: Dragonite
|-immune|p1a: Dragonite
|move|p1a: Dragonite|Scale Shot|p2a: Dondozo
|-damage|p2a: Dondozo|96/100
|-damage|p2a: Dondozo|92/100
|-damage|p2a: Dondozo|87/100
|-damage|p2a: Dondozo|82/100
|-damage|p2a: Dondozo|77/100
|-hitcount|p2a: Dondozo|5
|-unboost|p1a: Dragonite|def|1
|-boost|p1a: Dragonite|spe|1
|move|p1b: Pelipper|Muddy Water|p2b: Tatsugiri|[spread] p2a
|-miss|p1b: Pelipper|p2b: Tatsugiri
|-resisted|p2a: Dondozo
|-damage|p2a: Dondozo|64/100
|
|-weather|RainDance|[upkeep]
|upkeep
|turn|3
|inactive|patata navidenya has 30 seconds left.
|
|t:|1756322510
|move|p1a: Dragonite|Haze|p1a: Dragonite
|-clearallboost
|move|p1b: Pelipper|Hurricane|p2a: Dondozo
|-damage|p2a: Dondozo|11/100
|-start|p2a: Dondozo|confusion
|-activate|p2a: Dondozo|confusion
|move|p2a: Dondozo|Wave Crash|p1a: Dragonite
|-damage|p1a: Dragonite|56/100
|-damage|p2a: Dondozo|0 fnt|[from] Recoil
|faint|p2a: Dondozo
|
|-weather|RainDance|[upkeep]
|upkeep
|
|t:|1756322521
|switch|p2a: Dragonite|Dragonite, L50, F|100/100
|turn|4
|
|t:|1756322540
|-terastallize|p2a: Dragonite|Grass
|move|p1a: Dragonite|Protect|p1a: Dragonite
|-singleturn|p1a: Dragonite|Protect
|move|p1b: Pelipper|Protect|p1b: Pelipper
|-singleturn|p1b: Pelipper|Protect
|move|p2b: Tatsugiri|Muddy Water|p1b: Pelipper|[spread] 
|-activate|p1a: Dragonite|move: Protect
|-activate|p1b: Pelipper|move: Protect
|move|p2a: Dragonite|Scale Shot|p1b: Pelipper
|-activate|p1b: Pelipper|move: Protect
|
|-weather|RainDance|[upkeep]
|upkeep
|turn|5
|
|t:|1756322560
|move|p1b: Pelipper|Wide Guard|p1b: Pelipper
|-singleturn|p1b: Pelipper|Wide Guard
|move|p2b: Tatsugiri|Muddy Water|p1a: Dragonite|[spread] 
|-activate|p1a: Dragonite|move: Wide Guard
|-activate|p1b: Pelipper|move: Wide Guard
|move|p1a: Dragonite|Scale Shot|p2b: Tatsugiri
|-supereffective|p2b: Tatsugiri
|-damage|p2b: Tatsugiri|53/100
|-supereffective|p2b: Tatsugiri
|-damage|p2b: Tatsugiri|3/100
|-supereffective|p2b: Tatsugiri
|-damage|p2b: Tatsugiri|0 fnt
|faint|p2b: Tatsugiri
|-hitcount|p2: Tatsugiri|3
|-unboost|p1a: Dragonite|def|1
|-boost|p1a: Dragonite|spe|1
|move|p2a: Dragonite|Scale Shot|p1b: Pelipper
|-crit|p1b: Pelipper
|-damage|p1b: Pelipper|70/100
|-damage|p1b: Pelipper|49/100
|-damage|p1b: Pelipper|29/100
|-damage|p1b: Pelipper|9/100
|-hitcount|p1b: Pelipper|4
|-unboost|p2a: Dragonite|def|1
|-boost|p2a: Dragonite|spe|1
|
|-weather|RainDance|[upkeep]
|upkeep
|
|t:|1756322570
|switch|p2b: Gholdengo|Gholdengo, L50|100/100
|turn|6
|inactive|patata navidenya has 30 seconds left.
|
|t:|1756322597
|switch|p1b: Basculegion|Basculegion, L50, M|100/100
|move|p2a: Dragonite|Extreme Speed|p1b: Basculegion
|-immune|p1b: Basculegion
|move|p1a: Dragonite|Scale Shot|p2a: Dragonite
|-damage|p2a: Dragonite|89/100
|-damage|p2a: Dragonite|65/100
|-damage|p2a: Dragonite|42/100
|-damage|p2a: Dragonite|20/100
|-damage|p2a: Dragonite|0 fnt
|faint|p2a: Dragonite
|-hitcount|p2: Dragonite|5
|-unboost|p1a: Dragonite|def|1
|-boost|p1a: Dragonite|spe|1
|move|p2b: Gholdengo|Make It Rain|p1a: Dragonite|[spread] p1a,p1b
|-supereffective|p1a: Dragonite
|-resisted|p1b: Basculegion
|-damage|p1a: Dragonite|0 fnt
|-damage|p1b: Basculegion|58/100
|-unboost|p2b: Gholdengo|spa|1
|faint|p1a: Dragonite
|
|-weather|none
|upkeep
|
|t:|1756322617
|switch|p1a: Pelipper|Pelipper, L50, F|9/100
|-weather|RainDance|[from] ability: Drizzle|[of] p1a: Pelipper
|turn|7
|c|☆Lucario Palworld|gg
|
|t:|1756322626
|move|p1b: Basculegion|Last Respects|p2b: Gholdengo
|-supereffective|p2b: Gholdengo
|-damage|p2b: Gholdengo|0 fnt
|faint|p2b: Gholdengo
|-damage|p1b: Basculegion|48/100|[from] item: Life Orb
|
|win|patata navidenya
|raw|patata navidenya's rating: 1258 → 1285(+27 for winning)
|raw|Lucario Palworld's rating: 1284 → 1257(-27 for losing)
|c|☆patata navidenya|gg
|l|☆Lucario Palworld
|player|p2|
