|j|☆oriozz
|j|☆Ratat0po
|html|oriozzRatat0po    
|uhtml|bestof|Game 1 of a best-of-3
|t:|1783993813
|gametype|doubles
|player|p1|oriozz|101|1119
|player|p2|Ratat0po|schoolkid-gen4|1106
|gen|9
|tier|[Gen 9 Champions] VGC 2026 Reg M-B (Bo3)
|rated|
|rule|Species Clause: Limit one of each Pokémon
|rule|Item Clause: Limit 1 of each item
|clearpoke
|poke|p1|Kingambit, L50, M|
|poke|p1|Floette-Eternal, L50, F|
|poke|p1|Sneasler, L50, F|
|poke|p1|Incineroar, L50, F|
|poke|p1|Garchomp, L50, M|
|poke|p1|Sinistcha, L50|
|poke|p2|Gardevoir, L50, M, shiny|
|poke|p2|Kingambit, L50, M, shiny|
|poke|p2|Torkoal, L50, F|
|poke|p2|Hatterene, L50, F, shiny|
|poke|p2|Scrafty, L50, M, shiny|
|poke|p2|Garchomp, L50, F|
|teampreview|4
|showteam|p1|Kingambit||ChopleBerry|Defiant|KowtowCleave,Protect,SuckerPunch,IronHead|Adamant||M|||50|]Floette-Eternal||Floettite|FlowerVeil|Protect,CalmMind,DrainingKiss,DazzlingGleam|Modest||F|||50|]Sneasler||FocusSash|Unburden|FakeOut,DireClaw,CloseCombat,Coaching|Jolly||F|||50|]Incineroar||Leftovers|Intimidate|FakeOut,FlareBlitz,PartingShot,HelpingHand|Careful||F|||50|]Garchomp||Garchompite|RoughSkin|Earthquake,StompingTantrum,RockSlide,Protect|Adamant||M|||50|]Sinistcha||SitrusBerry|Hospitality|Protect,MatchaGotcha,TrickRoom,RagePowder|Bold|||||50|
|showteam|p2|Gardevoir||FocusSash|Telepathy|ExpandingForce,HelpingHand,Protect,TrickRoom|Sassy||M|||50|]Kingambit||BlackGlasses|Defiant|KowtowCleave,SuckerPunch,IronHead,Protect|Brave||M|||50|]Torkoal||Charcoal|Drought|Eruption,HeatWave,BodyPress,Protect|Quiet||F|||50|]Hatterene||BabiriBerry|MagicBounce|ExpandingForce,Protect,PsychicTerrain,DazzlingGleam|Quiet||F|||50|]Scrafty||Scraftinite|Intimidate|HighJumpKick,FakeOut,Protect,KnockOff|Brave||M|||50|]Garchomp||ChoiceScarf|RoughSkin|RockSlide,Earthquake,Outrage,PoisonJab|Jolly||F|||50|
|inactive|Battle timer is ON: inactive players will automatically lose when time's up. (requested by Ratat0po)
|inactive|oriozz also wants the timer to be on.
|inactive|oriozz has 60 seconds left.
|inactive|Ratat0po has 60 seconds left.
|
|t:|1783993847
|teamsize|p1|4
|teamsize|p2|4
|start
|switch|p1a: Kingambit|Kingambit, L50, M|100/100
|switch|p1b: Floette|Floette-Eternal, L50, F|100/100
|switch|p2a: Gardevoir|Gardevoir, L50, M, shiny|100/100
|switch|p2b: Scrafty|Scrafty, L50, M, shiny|100/100
|-ability|p2b: Scrafty|Intimidate|boost
|-unboost|p1a: Kingambit|atk|1
|-ability|p1a: Kingambit|Defiant|boost
|-boost|p1a: Kingambit|atk|2
|-unboost|p1b: Floette|atk|1
|turn|1
|inactive|oriozz has 30 seconds left.
|inactive|oriozz has 20 seconds left.
|
|t:|1783993883
|detailschange|p1b: Floette|Floette-Mega, L50, F
|-mega|p1b: Floette|Floette|Floettite
|-ability|p1b: Floette|Fairy Aura
|move|p1a: Kingambit|Protect|p1a: Kingambit
|-singleturn|p1a: Kingambit|Protect
|move|p1b: Floette|Dazzling Gleam|p2a: Gardevoir|[spread] p2a,p2b
|-supereffective|p2b: Scrafty|2
|-damage|p2a: Gardevoir|63/100
|-damage|p2b: Scrafty|0 fnt
|faint|p2b: Scrafty
|move|p2a: Gardevoir|Trick Room|p2a: Gardevoir
|-fieldstart|move: Trick Room|[of] p2a: Gardevoir
|
|upkeep
|
|t:|1783993893
|switch|p2b: Kingambit|Kingambit, L50, M, shiny|100/100
|turn|2
|
|t:|1783993908
|switch|p1a: Incineroar|Incineroar, L50, F|100/100
|-ability|p1a: Incineroar|Intimidate|boost
|-unboost|p2a: Gardevoir|atk|1
|-unboost|p2b: Kingambit|atk|1
|-ability|p2b: Kingambit|Defiant|boost
|-boost|p2b: Kingambit|atk|2
|move|p2a: Gardevoir|Protect|p2a: Gardevoir
|-singleturn|p2a: Gardevoir|Protect
|move|p1b: Floette|Protect|p1b: Floette
|-singleturn|p1b: Floette|Protect
|move|p2b: Kingambit|Iron Head|p1a: Incineroar
|-resisted|p1a: Incineroar|1
|-damage|p1a: Incineroar|71/100
|
|-heal|p1a: Incineroar|77/100|[from] item: Leftovers
|upkeep
|turn|3
|inactive|oriozz has 30 seconds left.
|inactive|Ratat0po has 30 seconds left.
|
|t:|1783993934
|move|p2b: Kingambit|Protect|p2b: Kingambit
|-singleturn|p2b: Kingambit|Protect
|move|p1a: Incineroar|Fake Out|p2b: Kingambit
|-activate|p2b: Kingambit|move: Protect
|move|p2a: Gardevoir|Expanding Force|p1b: Floette
|-damage|p1b: Floette|72/100
|move|p1b: Floette|Dazzling Gleam|p2b: Kingambit|[spread] p2a
|-activate|p2b: Kingambit|move: Protect
|-damage|p2a: Gardevoir|30/100
|
|-heal|p1a: Incineroar|83/100|[from] item: Leftovers
|upkeep
|turn|4
|inactive|Ratat0po has 30 seconds left.
|
|t:|1783993965
|move|p2a: Gardevoir|Protect|p2a: Gardevoir
|-singleturn|p2a: Gardevoir|Protect
|move|p1b: Floette|Protect|p1b: Floette
|-singleturn|p1b: Floette|Protect
|move|p2b: Kingambit|Kowtow Cleave|p1a: Incineroar
|-resisted|p1a: Incineroar|1
|-damage|p1a: Incineroar|47/100
|move|p1a: Incineroar|Flare Blitz|p2b: Kingambit
|-supereffective|p2b: Kingambit|1
|-damage|p2b: Kingambit|32/100
|-damage|p1a: Incineroar|24/100|[from] Recoil
|
|-heal|p1a: Incineroar|30/100|[from] item: Leftovers
|upkeep
|turn|5
|
|t:|1783993987
|switch|p2a: Garchomp|Garchomp, L50, F|100/100
|switch|p1b: Kingambit|Kingambit, L50, M|100/100
|move|p2b: Kingambit|Iron Head|p1b: Kingambit
|-resisted|p1b: Kingambit|1
|-damage|p1b: Kingambit|74/100
|move|p1a: Incineroar|Parting Shot|p2a: Garchomp
|-unboost|p2a: Garchomp|atk|1
|-unboost|p2a: Garchomp|spa|1
|
|t:|1783993997
|switch|p1a: Floette|Floette-Mega, L50, F|72/100|[from] Parting Shot
|-ability|p1a: Floette|Fairy Aura
|
|-fieldend|move: Trick Room
|upkeep
|turn|6
|inactive|Ratat0po has 30 seconds left.
|inactive|Ratat0po has 20 seconds left.
|inactive|Ratat0po has 15 seconds left.
|
|t:|1783994038
|move|p1b: Kingambit|Sucker Punch|p2b: Kingambit
|-resisted|p2b: Kingambit|1
|-damage|p2b: Kingambit|16/100
|move|p2a: Garchomp|Rock Slide|p1b: Kingambit|[spread] p1a,p1b
|-resisted|p1b: Kingambit|1
|-damage|p1a: Floette|59/100
|-damage|p1b: Kingambit|70/100
|move|p1a: Floette|Dazzling Gleam|p2a: Garchomp|[spread] p2a,p2b
|-supereffective|p2a: Garchomp|1
|-damage|p2a: Garchomp|0 fnt
|-damage|p2b: Kingambit|0 fnt
|faint|p2a: Garchomp
|faint|p2b: Kingambit
|
|upkeep
|-message|Ratat0po forfeited.
|
|win|oriozz
|l|☆Ratat0po
|player|p2|
||oriozz is ready for game 2.
||Ratat0po is ready for game 2.
|uhtml|next|Next: Game 2 of 3
