|j|☆prosta1
|j|☆PokeMasterSteven5
|html|prosta1PokeMasterSteven5    
|uhtml|bestof|Game 3 of a best-of-3
|t:|1784465671
|gametype|doubles
|player|p1|prosta1|266|1172
|player|p2|PokeMasterSteven5|riley|1227
|gen|9
|tier|[Gen 9 Champions] VGC 2026 Reg M-B (Bo3)
|rated|
|rule|Species Clause: Limit one of each Pokémon
|rule|Item Clause: Limit 1 of each item
|clearpoke
|poke|p1|Grimmsnarl, L50, M|
|poke|p1|Feraligatr, L50, M|
|poke|p1|Charizard, L50, F|
|poke|p1|Pelipper, L50, F|
|poke|p1|Venusaur, L50, M|
|poke|p1|Archaludon, L50, M|
|poke|p2|Sneasler, L50, M|
|poke|p2|Meowscarada, L50, F, shiny|
|poke|p2|Delphox, L50, M, shiny|
|poke|p2|Farigiraf, L50, M, shiny|
|poke|p2|Dragonite, L50, M|
|poke|p2|Kingambit, L50, M, shiny|
|teampreview|4
|showteam|p1|Grimmsnarl||LightClay|Prankster|SpiritBreak,PartingShot,Reflect,FakeOut|Sassy||M|||50|]Feraligatr||LifeOrb|SheerForce|Liquidation,Protect,DragonDance,IcePunch|Adamant||M|||50|]Charizard||CharizarditeY|Blaze|Protect,HeatWave,WeatherBall,SolarBeam|Modest||F|||50|]Pelipper||SitrusBerry|Drizzle|Hurricane,WeatherBall,Tailwind,WideGuard|Modest||F|||50|]Venusaur||WideLens|Chlorophyll|SludgeBomb,SleepPowder,EarthPower,Protect|Modest||M|||50|]Archaludon||Leftovers|Stamina|ElectroShot,DragonPulse,FlashCannon,Protect|Calm||M|||50|
|showteam|p2|Sneasler||WhiteHerb|Unburden|FakeOut,CloseCombat,DireClaw,Protect|Adamant||M|||50|]Meowscarada||ChoiceScarf|Protean|FlowerTrick,KnockOff,TripleAxel,LowKick|Adamant||F|||50|]Delphox||Delphoxite|Blaze|HeatWave,Psychic,Encore,Protect|Timid||M|||50|]Farigiraf||SitrusBerry|ArmorTail|Psychic,HelpingHand,Roar,AllySwitch|Bold||M|||50|]Dragonite||Dragoninite|Multiscale|DracoMeteor,Thunder,Protect,Tailwind|Modest||M|||50|]Kingambit||FocusSash|Defiant|KowtowCleave,SuckerPunch,IronHead,Protect|Adamant||M|||50|
|inactive|Battle timer is ON: inactive players will automatically lose when time's up. (requested by PokeMasterSteven5)
|
|t:|1784465683
|teamsize|p1|4
|teamsize|p2|4
|start
|switch|p1a: Pelipper|Pelipper, L50, F|100/100
|switch|p1b: Feraligatr|Feraligatr, L50, M|100/100
|switch|p2a: Sneasler|Sneasler, L50, M|100/100
|switch|p2b: Meowscarada|Meowscarada, L50, F, shiny|100/100
|-weather|RainDance|[from] ability: Drizzle|[of] p1a: Pelipper
|turn|1
|inactive|prosta1 has 30 seconds left.
|inactive|prosta1 has 20 seconds left.
|inactive|prosta1 has 15 seconds left.
|
|t:|1784465728
|switch|p1a: Archaludon|Archaludon, L50, M|100/100
|move|p1b: Feraligatr|Protect|p1b: Feraligatr
|-singleturn|p1b: Feraligatr|Protect
|move|p2a: Sneasler|Fake Out|p1a: Archaludon
|-resisted|p1a: Archaludon|1
|-damage|p1a: Archaludon|94/100
|-ability|p1a: Archaludon|Stamina|boost
|-boost|p1a: Archaludon|def|1
|move|p2b: Meowscarada|Flower Trick|p1b: Feraligatr
|-start|p2b: Meowscarada|typechange|Grass|[from] ability: Protean
|-activate|p1b: Feraligatr|move: Protect
|
|-weather|RainDance|[upkeep]
|-heal|p1a: Archaludon|100/100|[from] item: Leftovers
|upkeep
|turn|2
|
|t:|1784465751
|switch|p1b: Charizard|Charizard, L50, F|100/100
|move|p2b: Meowscarada|Flower Trick|p1b: Charizard
|-resisted|p1b: Charizard|2
|-crit|p1b: Charizard
|-damage|p1b: Charizard|85/100
|move|p2a: Sneasler|Close Combat|p1a: Archaludon
|-supereffective|p1a: Archaludon|1
|-damage|p1a: Archaludon|29/100
|-unboost|p2a: Sneasler|def|1
|-unboost|p2a: Sneasler|spd|1
|-ability|p1a: Archaludon|Stamina|boost
|-boost|p1a: Archaludon|def|1
|-enditem|p2a: Sneasler|White Herb
|-clearnegativeboost|p2a: Sneasler|[silent]
|move|p1a: Archaludon|Electro Shot||[still]
|-prepare|p1a: Archaludon|Electro Shot
|-boost|p1a: Archaludon|spa|1
|-anim|p1a: Archaludon|Electro Shot|p2b: Meowscarada
|-resisted|p2b: Meowscarada|1
|-damage|p2b: Meowscarada|62/100
|
|-weather|RainDance|[upkeep]
|-heal|p1a: Archaludon|36/100|[from] item: Leftovers
|upkeep
|turn|3
|inactive|prosta1 has 30 seconds left.
|
|t:|1784465780
|switch|p2b: Kingambit|Kingambit, L50, M, shiny|100/100
|detailschange|p1b: Charizard|Charizard-Mega-Y, L50, F
|-mega|p1b: Charizard|Charizard|Charizardite Y
|-weather|SunnyDay|[from] ability: Drought|[of] p1b: Charizard
|move|p1a: Archaludon|Protect|p1a: Archaludon
|-singleturn|p1a: Archaludon|Protect
|move|p2a: Sneasler|Close Combat|p1a: Archaludon
|-activate|p1a: Archaludon|move: Protect
|move|p1b: Charizard|Heat Wave|p2b: Kingambit|[spread] p2a,p2b
|-supereffective|p2b: Kingambit|1
|-damage|p2a: Sneasler|20/100y
|-enditem|p2b: Kingambit|Focus Sash
|-damage|p2b: Kingambit|1/100
|
|-weather|SunnyDay|[upkeep]
|-heal|p1a: Archaludon|42/100|[from] item: Leftovers
|upkeep
|turn|4
|inactive|prosta1 has 30 seconds left.
|inactive|PokeMasterSteven5 has 30 seconds left.
|inactive|PokeMasterSteven5 has 20 seconds left.
|
|t:|1784465820
|move|p2b: Kingambit|Sucker Punch|p1b: Charizard
|-damage|p1b: Charizard|41/100
|move|p2a: Sneasler|Dire Claw|p1b: Charizard
|-damage|p1b: Charizard|0 fnt
|faint|p1b: Charizard
|move|p1a: Archaludon|Flash Cannon|p2a: Sneasler
|-damage|p2a: Sneasler|0 fnt
|faint|p2a: Sneasler
|
|-weather|SunnyDay|[upkeep]
|-heal|p1a: Archaludon|48/100|[from] item: Leftovers
|upkeep
|
|t:|1784465843
|switch|p2a: Dragonite|Dragonite, L50, M|100/100
|switch|p1b: Pelipper|Pelipper, L50, F|100/100
|-weather|RainDance|[from] ability: Drizzle|[of] p1b: Pelipper
|turn|5
|
|t:|1784465865
|detailschange|p2a: Dragonite|Dragonite-Mega, L50, M
|-mega|p2a: Dragonite|Dragonite|Dragoninite
|move|p2b: Kingambit|Sucker Punch||[still]
|-fail|p2b: Kingambit
|move|p2a: Dragonite|Thunder|p1b: Pelipper
|-supereffective|p1b: Pelipper|2
|-damage|p1b: Pelipper|0 fnt
|faint|p1b: Pelipper
|move|p1a: Archaludon|Dragon Pulse|p2a: Dragonite
|-supereffective|p2a: Dragonite|1
|-damage|p2a: Dragonite|57/100
|
|-weather|RainDance|[upkeep]
|-heal|p1a: Archaludon|54/100|[from] item: Leftovers
|upkeep
|
|t:|1784465877
|switch|p1b: Feraligatr|Feraligatr, L50, M|100/100
|turn|6
|inactive|PokeMasterSteven5 has 30 seconds left.
|
|t:|1784465908
|move|p2a: Dragonite|Draco Meteor|p1a: Archaludon
|-damage|p1a: Archaludon|0 fnt
|-unboost|p2a: Dragonite|spa|2
|faint|p1a: Archaludon
|move|p1b: Feraligatr|Ice Punch|p2a: Dragonite
|-supereffective|p2a: Dragonite|2
|-damage|p2a: Dragonite|0 fnt
|faint|p2a: Dragonite
|move|p2b: Kingambit|Kowtow Cleave|p1b: Feraligatr
|-damage|p1b: Feraligatr|48/100
|
|-weather|RainDance|[upkeep]
|upkeep
|
|t:|1784465915
|switch|p2a: Meowscarada|Meowscarada, L50, F, shiny|62/100
|turn|7
|
|t:|1784465933
|move|p2a: Meowscarada|Flower Trick|p1b: Feraligatr
|-start|p2a: Meowscarada|typechange|Grass|[from] ability: Protean
|-supereffective|p1b: Feraligatr|1
|-crit|p1b: Feraligatr
|-damage|p1b: Feraligatr|0 fnt
|faint|p1b: Feraligatr
|
|win|PokeMasterSteven5
|raw|prosta1's rating: 1172 → 1151(-21 for losing)
|raw|PokeMasterSteven5's rating: 1227 → 1248(+21 for winning)
