|j|☆RamonTheKiller
|j|☆Wooperdooperpooper
|html|RamonTheKillerWooperdooperpooper    
|uhtml|bestof|Game 3 of a best-of-3
|t:|1785157490
|gametype|doubles
|player|p1|RamonTheKiller|102|1063
|player|p2|Wooperdooperpooper|ninjaboy|1165
|gen|9
|tier|[Gen 9 Champions] VGC 2026 Reg M-B (Bo3)
|rated|
|rule|Species Clause: Limit one of each Pokémon
|rule|Item Clause: Limit 1 of each item
|clearpoke
|poke|p1|Venusaur, L50, M|
|poke|p1|Charizard, L50, M|
|poke|p1|Grimmsnarl, L50, M|
|poke|p1|Archaludon, L50, F|
|poke|p1|Basculegion, L50, M|
|poke|p1|Pelipper, L50, F|
|poke|p2|Hatterene, L50, F|
|poke|p2|Sneasler, L50, M|
|poke|p2|Torkoal, L50, M|
|poke|p2|Crabominable, L50, M|
|poke|p2|Sinistcha, L50|
|poke|p2|Tyranitar, L50, M|
|teampreview|4
|showteam|p1|Venusaur||LifeOrb|Chlorophyll|SludgeBomb,WeatherBall,EnergyBall,Protect|Modest||M|||50|]Charizard||CharizarditeY|Blaze|Protect,HeatWave,SolarBeam,WeatherBall|Modest||M|||50|]Grimmsnarl||LightClay|Prankster|SpiritBreak,LightScreen,Reflect,PartingShot|Sassy||M|||50|]Archaludon||Leftovers|Stamina|ElectroShot,DragonPulse,FlashCannon,Protect|Calm||F|||50|]Basculegion||ChoiceScarf|Adaptability|WaveCrash,LastRespects,AquaJet,FlipTurn|Jolly||M|||50|]Pelipper||SitrusBerry|Drizzle|Hurricane,WeatherBall,Tailwind,WideGuard|Modest||F|||50|
|showteam|p2|Hatterene||LifeOrb|MagicBounce|DazzlingGleam,Psychic,TrickRoom,Protect|Quiet||F|||50|]Sneasler||WhiteHerb|PoisonTouch|CloseCombat,DireClaw,FakeOut,ThroatChop|Adamant||M|||50|]Torkoal||Charcoal|Drought|Eruption,WeatherBall,HelpingHand,Protect|Quiet||M|||50|]Crabominable||Crabominite|HyperCutter|DrainPunch,IcePunch,ThunderPunch,Protect|Brave||M|||50|]Sinistcha||KasibBerry|Hospitality|MatchaGotcha,RagePowder,TrickRoom,Protect|Quiet|||||50|]Tyranitar||Tyranitarite|SandStream|RockSlide,KnockOff,DragonDance,Protect|Adamant||M|||50|
|inactive|Battle timer is ON: inactive players will automatically lose when time's up. (requested by Wooperdooperpooper)
|
|t:|1785157517
|teamsize|p1|4
|teamsize|p2|4
|start
|switch|p1a: Charizard|Charizard, L50, M|100/100
|switch|p1b: Venusaur|Venusaur, L50, M|100/100
|switch|p2a: Sinistcha|Sinistcha, L50|100/100
|switch|p2b: Sneasler|Sneasler, L50, M|100/100
|turn|1
|inactive|Wooperdooperpooper has 30 seconds left.
|inactive|Wooperdooperpooper has 20 seconds left.
|
|t:|1785157556
|detailschange|p1a: Charizard|Charizard-Mega-Y, L50, M
|-mega|p1a: Charizard|Charizard|Charizardite Y
|-weather|SunnyDay|[from] ability: Drought|[of] p1a: Charizard
|move|p2a: Sinistcha|Protect|p2a: Sinistcha
|-singleturn|p2a: Sinistcha|Protect
|move|p1b: Venusaur|Weather Ball|p2a: Sinistcha
|-activate|p2a: Sinistcha|move: Protect
|move|p2b: Sneasler|Dire Claw|p1b: Venusaur
|-damage|p1b: Venusaur|33/100
|move|p1a: Charizard|Weather Ball|p2a: Sinistcha
|-activate|p2a: Sinistcha|move: Protect
|
|-weather|SunnyDay|[upkeep]
|upkeep
|turn|2
|
|t:|1785157571
|switch|p1b: Basculegion|Basculegion, L50, M|100/100
|switch|p2b: Tyranitar|Tyranitar, L50, M|100/100
|-weather|Sandstorm|[from] ability: Sand Stream|[of] p2b: Tyranitar
|move|p1a: Charizard|Heat Wave|p2a: Sinistcha|[spread] p2a,p2b
|-supereffective|p2a: Sinistcha|1
|-resisted|p2b: Tyranitar|1
|-damage|p2a: Sinistcha|4/100
|-damage|p2b: Tyranitar|88/100
|move|p2a: Sinistcha|Trick Room|p2a: Sinistcha
|-fieldstart|move: Trick Room|[of] p2a: Sinistcha
|
|-weather|Sandstorm|[upkeep]
|-damage|p2a: Sinistcha|0 fnt|[from] Sandstorm
|-damage|p1a: Charizard|93/100|[from] Sandstorm
|-damage|p1b: Basculegion|93/100|[from] Sandstorm
|faint|p2a: Sinistcha
|upkeep
|
|t:|1785157577
|switch|p2a: Crabominable|Crabominable, L50, M|100/100
|turn|3
|inactive|RamonTheKiller has 30 seconds left.
|inactive|RamonTheKiller has 20 seconds left.
|inactive|RamonTheKiller has 15 seconds left.
|
|t:|1785157620
|detailschange|p2a: Crabominable|Crabominable-Mega, L50, M
|-mega|p2a: Crabominable|Crabominable|Crabominite
|move|p1a: Charizard|Protect|p1a: Charizard
|-singleturn|p1a: Charizard|Protect
|move|p2a: Crabominable|Thunder Punch|p1a: Charizard
|-activate|p1a: Charizard|move: Protect
|move|p2b: Tyranitar|Dragon Dance|p2b: Tyranitar
|-boost|p2b: Tyranitar|atk|1
|-boost|p2b: Tyranitar|spe|1
|move|p1b: Basculegion|Flip Turn|p2b: Tyranitar
|-supereffective|p2b: Tyranitar|1
|-damage|p2b: Tyranitar|30/100
|
|t:|1785157635
|switch|p1b: Pelipper|Pelipper, L50, F|100/100|[from] Flip Turn
|-weather|RainDance|[from] ability: Drizzle|[of] p1b: Pelipper
|
|-weather|RainDance|[upkeep]
|upkeep
|turn|4
|
|t:|1785157645
|switch|p1b: Venusaur|Venusaur, L50, M|33/100
|switch|p1a: Basculegion|Basculegion, L50, M|93/100
|move|p2a: Crabominable|Thunder Punch|p1b: Venusaur
|-resisted|p1b: Venusaur|1
|-damage|p1b: Venusaur|7/100
|move|p2b: Tyranitar|Rock Slide|p1a: Basculegion|[spread] p1a,p1b
|-damage|p1a: Basculegion|38/100
|-damage|p1b: Venusaur|0 fnt
|faint|p1b: Venusaur
|
|-weather|RainDance|[upkeep]
|upkeep
|
|t:|1785157663
|switch|p1b: Pelipper|Pelipper, L50, F|100/100
|turn|5
|
|t:|1785157672
|move|p2b: Tyranitar|Protect|p2b: Tyranitar
|-singleturn|p2b: Tyranitar|Protect
|move|p1a: Basculegion|Aqua Jet|p2b: Tyranitar
|-activate|p2b: Tyranitar|move: Protect
|move|p2a: Crabominable|Thunder Punch|p1a: Basculegion
|-supereffective|p1a: Basculegion|1
|-damage|p1a: Basculegion|0 fnt
|faint|p1a: Basculegion
|move|p1b: Pelipper|Hurricane|p2a: Crabominable
|-supereffective|p2a: Crabominable|1
|-damage|p2a: Crabominable|28/100
|
|-weather|RainDance|[upkeep]
|upkeep
|
|t:|1785157676
|switch|p1a: Charizard|Charizard-Mega-Y, L50, M|93/100
|-weather|SunnyDay|[from] ability: Drought|[of] p1a: Charizard
|turn|6
|
|t:|1785157689
|move|p1b: Pelipper|Wide Guard|p1b: Pelipper
|-singleturn|p1b: Pelipper|Wide Guard
|move|p2a: Crabominable|Thunder Punch|p1b: Pelipper
|-supereffective|p1b: Pelipper|2
|-damage|p1b: Pelipper|0 fnt
|faint|p1b: Pelipper
|move|p2b: Tyranitar|Dragon Dance|p2b: Tyranitar
|-boost|p2b: Tyranitar|atk|1
|-boost|p2b: Tyranitar|spe|1
|move|p1a: Charizard|Heat Wave|p2a: Crabominable|[spread] p2a
|-miss|p1a: Charizard|p2b: Tyranitar
|-supereffective|p2a: Crabominable|1
|-damage|p2a: Crabominable|0 fnt
|faint|p2a: Crabominable
|
|-weather|SunnyDay|[upkeep]
|-fieldend|move: Trick Room
|upkeep
|
|t:|1785157693
|switch|p2a: Sneasler|Sneasler, L50, M|100/100
|turn|7
|
|t:|1785157704
|move|p1a: Charizard|Protect|p1a: Charizard
|-singleturn|p1a: Charizard|Protect
|move|p2a: Sneasler|Fake Out|p1a: Charizard
|-activate|p1a: Charizard|move: Protect
|move|p2b: Tyranitar|Dragon Dance|p2b: Tyranitar
|-boost|p2b: Tyranitar|atk|1
|-boost|p2b: Tyranitar|spe|1
|
|-weather|SunnyDay|[upkeep]
|upkeep
|turn|8
|
|t:|1785157711
|move|p2b: Tyranitar|Knock Off|p1a: Charizard
|-damage|p1a: Charizard|0 fnt
|faint|p1a: Charizard
|
|win|Wooperdooperpooper
|raw|RamonTheKiller's rating: 1063 → 1049(-14 for losing)
|raw|Wooperdooperpooper's rating: 1165 → 1183(+18 for winning)
