|j|☆JBClodsireYT
|j|☆Darkan33
|html|JBClodsireYTDarkan33    
|uhtml|bestof|Game 2 of a best-of-3
|t:|1756219265
|gametype|doubles
|player|p1|JBClodsireYT|iris-gen5bw2|1101
|player|p2|Darkan33|veteran|1000
|gen|9
|tier|[Gen 9] VGC 2025 Reg H (Bo3)
|rated|
|rule|Species Clause: Limit one of each Pokémon
|rule|Item Clause: Limit 1 of each item
|clearpoke
|poke|p1|Maushold, L50|
|poke|p1|Archaludon, L50, F|
|poke|p1|Pelipper, L50, M|
|poke|p1|Amoonguss, L50, F|
|poke|p1|Zoroark-Hisui, L50, F|
|poke|p1|Annihilape, L50, M|
|poke|p2|Kingdra, L50, F|
|poke|p2|Pelipper, L50, M|
|poke|p2|Garchomp, L50, F|
|poke|p2|Breloom, L50, F|
|poke|p2|Archaludon, L50, F|
|poke|p2|Grimmsnarl, L50, M|
|teampreview|4
|showteam|p1|Maushold||WideLens|FriendGuard|PopulationBomb,FollowMe,HelpingHand,Taunt||||||50|,,,,,Grass]Archaludon||AssaultVest|Stamina|ElectroShot,DragonPulse,FlashCannon,BodyPress|||F|||50|,,,,,Bug]Pelipper||FocusSash|Drizzle|Hurricane,WideGuard,Tailwind,WeatherBall|||M|||50|,,,,,Ghost]Amoonguss||SitrusBerry|Regenerator|ClearSmog,PollenPuff,RagePowder,Spore|||F|||50|,,,,,Dark]Zoroark-Hisui||ChoiceScarf|Illusion|HyperVoice,ShadowBall,Uturn,IcyWind|||F|||50|,,,,,Stellar]Annihilape||SafetyGoggles|Defiant|RageFist,DrainPunch,BulkUp,Protect|||M|||50|,,,,,Steel
|showteam|p2|Kingdra||LifeOrb|SwiftSwim|MuddyWater,DracoMeteor,Hurricane,Protect|||F|||50|,,,,,Stellar]Pelipper||CovertCloak|Drizzle|WeatherBall,Hurricane,WideGuard,Tailwind|||M|||50|,,,,,Ghost]Garchomp||LoadedDice|RoughSkin|ScaleShot,Protect,StompingTantrum,Earthquake|||F|||50|,,,,,Steel]Breloom||FocusSash|Technician|MachPunch,BulletSeed,Spore,Protect|||F|||50|,,,,,Steel]Archaludon||AssaultVest|Stamina|BodyPress,FlashCannon,ElectroShot,DragonPulse|||F|||50|,,,,,Grass]Grimmsnarl||LightClay|Prankster|LightScreen,Reflect,SpiritBreak,ThunderWave|||M|||50|,,,,,Ghost
|inactive|Battle timer is ON: inactive players will automatically lose when time's up. (requested by JBClodsireYT)
|inactive|Darkan33 has 60 seconds left.
|
|t:|1756219303
|teamsize|p1|4
|teamsize|p2|4
|start
|switch|p1a: Maushold|Maushold, L50|100/100
|switch|p1b: Annihilape|Annihilape, L50, M|100/100
|switch|p2a: Pelipper|Pelipper, L50, M, shiny|100/100
|switch|p2b: Garchomp|Garchomp, L50, F|100/100
|-weather|RainDance|[from] ability: Drizzle|[of] p2a: Pelipper
|turn|1
|inactive|Darkan33 has 30 seconds left.
|inactive|JBClodsireYT has 30 seconds left.
|inactive|Darkan33 has 20 seconds left.
|inactive|Darkan33 has 15 seconds left.
|
|t:|1756219345
|move|p1b: Annihilape|Protect|p1b: Annihilape
|-singleturn|p1b: Annihilape|Protect
|move|p1a: Maushold|Icy Wind|p2b: Garchomp|[spread] p2a,p2b
|-supereffective|p2b: Garchomp
|-damage|p2a: Pelipper|74/100
|-damage|p2b: Garchomp|37/100
|-unboost|p2b: Garchomp|spe|1
|move|p2b: Garchomp|Stomping Tantrum|p1b: Annihilape
|-activate|p1b: Annihilape|move: Protect
|move|p2a: Pelipper|Tailwind|p2a: Pelipper
|-sidestart|p2: Darkan33|move: Tailwind
|
|-weather|RainDance|[upkeep]
|upkeep
|turn|2
|inactive|Darkan33 has 30 seconds left.
|
|t:|1756219374
|switch|p2b: Archaludon|Archaludon, L50, F|100/100
|-terastallize|p1b: Annihilape|Steel
|move|p1a: Maushold|Icy Wind|p2a: Pelipper|[spread] p2a,p2b
|-damage|p2a: Pelipper|47/100
|-damage|p2b: Archaludon|91/100
|-unboost|p2b: Archaludon|spe|1
|-ability|p2b: Archaludon|Stamina|boost
|-boost|p2b: Archaludon|def|1
|move|p2a: Pelipper|Hurricane|p1b: Annihilape
|-resisted|p1b: Annihilape
|-damage|p1b: Annihilape|79/100
|move|p1b: Annihilape|Bulk Up|p1b: Annihilape
|-boost|p1b: Annihilape|atk|1
|-boost|p1b: Annihilape|def|1
|
|-weather|RainDance|[upkeep]
|upkeep
|turn|3
|inactive|Darkan33 has 30 seconds left.
|
|t:|1756219406
|switch|p1a: Maushold|Maushold, L50|100/100
|move|p2a: Pelipper|Hurricane|p1a: Maushold
|-damage|p1a: Maushold|27/100
|move|p2b: Archaludon|Electro Shot||[still]
|-prepare|p2b: Archaludon|Electro Shot
|-boost|p2b: Archaludon|spa|1
|-anim|p2b: Archaludon|Electro Shot|p1b: Annihilape
|-damage|p1b: Annihilape|33/100
|move|p1b: Annihilape|Drain Punch|p2b: Archaludon
|-supereffective|p2b: Archaludon
|-damage|p2b: Archaludon|40/100
|-heal|p1b: Annihilape|56/100|[from] drain|[of] p2b: Archaludon
|-ability|p2b: Archaludon|Stamina|boost
|-boost|p2b: Archaludon|def|1
|
|-weather|RainDance|[upkeep]
|upkeep
|turn|4
|inactive|JBClodsireYT has 30 seconds left.
|inactive|Darkan33 has 30 seconds left.
|inactive|JBClodsireYT has 20 seconds left.
|inactive|JBClodsireYT has 15 seconds left.
|
|t:|1756219451
|move|p1b: Annihilape|Protect|p1b: Annihilape
|-singleturn|p1b: Annihilape|Protect
|move|p2a: Pelipper|Wide Guard|p2a: Pelipper
|-singleturn|p2a: Pelipper|Wide Guard
|move|p1a: Maushold|Population Bomb|p2a: Pelipper
|-damage|p2a: Pelipper|39/100
|-damage|p2a: Pelipper|29/100
|-damage|p2a: Pelipper|21/100
|-damage|p2a: Pelipper|12/100
|-damage|p2a: Pelipper|3/100
|-damage|p2a: Pelipper|0 fnt
|faint|p2a: Pelipper
|-hitcount|p2: Pelipper|6
|move|p2b: Archaludon|Electro Shot||[still]
|-prepare|p2b: Archaludon|Electro Shot
|-boost|p2b: Archaludon|spa|1
|-anim|p2b: Archaludon|Electro Shot|p1b: Annihilape
|-activate|p1b: Annihilape|move: Protect
|
|-weather|RainDance|[upkeep]
|-sideend|p2: Darkan33|move: Tailwind
|upkeep
|
|t:|1756219461
|switch|p2a: Breloom|Breloom, L50, F, shiny|100/100
|turn|5
|
|t:|1756219481
|move|p2a: Breloom|Mach Punch|p1a: Maushold
|-supereffective|p1a: Maushold
|-damage|p1a: Maushold|0 fnt
|faint|p1a: Maushold
|move|p1b: Annihilape|Rage Fist|p2b: Archaludon
|-damage|p2b: Archaludon|0 fnt
|faint|p2b: Archaludon
|
|-weather|none
|upkeep
|
|t:|1756219492
|switch|p1a: Archaludon|Archaludon, L50, F, shiny|100/100
|switch|p2b: Garchomp|Garchomp, L50, F|37/100
|turn|6
|
|t:|1756219502
|move|p2b: Garchomp|Protect|p2b: Garchomp
|-singleturn|p2b: Garchomp|Protect
|move|p1b: Annihilape|Protect|p1b: Annihilape
|-singleturn|p1b: Annihilape|Protect
|move|p2a: Breloom|Mach Punch|p1b: Annihilape
|-activate|p1b: Annihilape|move: Protect
|move|p1a: Archaludon|Dragon Pulse|p2b: Garchomp
|-activate|p2b: Garchomp|move: Protect
|
|upkeep
|turn|7
|
|t:|1756219513
|move|p2b: Garchomp|Stomping Tantrum|p1b: Annihilape
|-supereffective|p1b: Annihilape
|-damage|p1b: Annihilape|3/100
|move|p2a: Breloom|Spore|p1a: Archaludon
|-status|p1a: Archaludon|slp|[from] move: Spore
|move|p1b: Annihilape|Drain Punch|p2b: Garchomp
|-damage|p2b: Garchomp|0 fnt
|-heal|p1b: Annihilape|19/100|[from] drain|[of] p2b: Garchomp
|-damage|p1b: Annihilape|7/100|[from] ability: Rough Skin|[of] p2b: Garchomp
|faint|p2b: Garchomp
|cant|p1a: Archaludon|slp
|
|upkeep
|turn|8
|
|t:|1756219531
|move|p1b: Annihilape|Protect|p1b: Annihilape
|-singleturn|p1b: Annihilape|Protect
|move|p2a: Breloom|Mach Punch|p1b: Annihilape
|-activate|p1b: Annihilape|move: Protect
|-curestatus|p1a: Archaludon|slp|[msg]
|move|p1a: Archaludon|Dragon Pulse|p2a: Breloom
|-damage|p2a: Breloom|27/100
|
|upkeep
|turn|9
|
|t:|1756219542
|move|p2a: Breloom|Mach Punch|p1b: Annihilape
|-supereffective|p1b: Annihilape
|-damage|p1b: Annihilape|0 fnt
|faint|p1b: Annihilape
|move|p1a: Archaludon|Dragon Pulse|p2a: Breloom
|-damage|p2a: Breloom|0 fnt
|faint|p2a: Breloom
|
|win|JBClodsireYT
|raw|JBClodsireYT's rating: 1101 → 1119(+18 for winning)
|raw|Darkan33's rating: 1000 → 1000(+0 for losing)
|c|☆JBClodsireYT|Gg
