|j|☆red john7777
|j|☆OreburghRanger
|html|red john7777OreburghRanger    
|uhtml|bestof|Game 2 of a best-of-3
|t:|1756410972
|gametype|doubles
|player|p1|red john7777|ghetsis-gen5bw|
|player|p2|OreburghRanger|pokemonranger-gen4|
|gen|9
|tier|[Gen 9] VGC 2025 Reg H (Bo3)
|rule|Species Clause: Limit one of each Pokémon
|rule|Item Clause: Limit 1 of each item
|clearpoke
|poke|p1|Ursaluna, L50, F|
|poke|p1|Kilowattrel, L50, F|
|poke|p1|Gholdengo, L50|
|poke|p1|Incineroar, L50, F|
|poke|p1|Amoonguss, L50, M|
|poke|p1|Porygon2, L50|
|poke|p2|Charizard, L50, M|
|poke|p2|Torkoal, L50, F|
|poke|p2|Porygon2, L50|
|poke|p2|Incineroar, L50, M|
|poke|p2|Jumpluff, L50, F|
|poke|p2|Ursaluna, L50, M|
|teampreview|4
|showteam|p1|Ursaluna||FlameOrb|Guts|Facade,HeadlongRush,Earthquake,Protect|||F|||50|,,,,,Fairy]Kilowattrel||FocusSash|Competitive|Thunderbolt,AirSlash,Tailwind,Protect|||F|||50|,,,,,Ghost]Gholdengo||LifeOrb|GoodasGold|MakeItRain,ShadowBall,NastyPlot,Protect||||||50|,,,,,Flying]Incineroar||AssaultVest|Intimidate|KnockOff,FlareBlitz,Uturn,FakeOut|||F|||50|,,,,,Grass]Amoonguss||SitrusBerry|Regenerator|Spore,RagePowder,SludgeBomb,Protect|||M|||50|,,,,,Water]Porygon2||Eviolite|Download|TeraBlast,IceBeam,Recover,TrickRoom||||||50|,,,,,Fighting
|showteam|p2|Charizard||ChoiceSpecs|SolarPower|HeatWave,Overheat,WeatherBall,AirSlash|||M|||50|,,,,,Ghost]Torkoal||EjectPack|Drought|Eruption,Overheat,HelpingHand,Protect|||F|||50|,,,,,Fire]Porygon2||Eviolite|Download|TeraBlast,IceBeam,Recover,TrickRoom||||||50|,,,,,Fighting]Incineroar||SafetyGoggles|Intimidate|FlareBlitz,KnockOff,FakeOut,PartingShot|||M|||50|,,,,,Ghost]Jumpluff||CovertCloak|Chlorophyll|SleepPowder,SunnyDay,RagePowder,Tailwind|||F|||50|,,,,,Water]Ursaluna||FlameOrb|Guts|HeadlongRush,Facade,Earthquake,Protect|||M|||50|,,,,,Ghost
|inactive|Battle timer is ON: inactive players will automatically lose when time's up. (requested by OreburghRanger)
|
|t:|1756411002
|teamsize|p1|4
|teamsize|p2|4
|start
|switch|p1a: Pumpy the Grumpy|Incineroar, L50, F, shiny|100/100
|switch|p1b: Big Bird|Kilowattrel, L50, F|100/100
|switch|p2a: Ayanami|Porygon2, L50, shiny|100/100
|switch|p2b: Ryo the Stern|Torkoal, L50, F|100/100
|-ability|p1a: Pumpy the Grumpy|Intimidate|boost
|-unboost|p2a: Ayanami|atk|1
|-unboost|p2b: Ryo the Stern|atk|1
|-ability|p2a: Ayanami|Download|boost
|-boost|p2a: Ayanami|atk|1
|-weather|SunnyDay|[from] ability: Drought|[of] p2b: Ryo the Stern
|-enditem|p2b: Ryo the Stern|Eject Pack
|
|t:|1756411006
|switch|p2b: Koshamain|Ursaluna, L50, M|100/100
|turn|1
|
|t:|1756411015
|move|p1a: Pumpy the Grumpy|Fake Out|p2a: Ayanami
|-damage|p2a: Ayanami|93/100
|move|p1b: Big Bird|Air Slash|p2a: Ayanami
|-damage|p2a: Ayanami|72/100
|move|p2b: Koshamain|Headlong Rush|p1a: Pumpy the Grumpy
|-supereffective|p1a: Pumpy the Grumpy
|-damage|p1a: Pumpy the Grumpy|0 fnt
|-unboost|p2b: Koshamain|def|1
|-unboost|p2b: Koshamain|spd|1
|faint|p1a: Pumpy the Grumpy
|cant|p2a: Ayanami|flinch
|
|-weather|SunnyDay|[upkeep]
|-status|p2b: Koshamain|brn|[from] item: Flame Orb
|upkeep
|
|t:|1756411025
|switch|p1a: Dinko|Ursaluna, L50, F|100/100
|turn|2
|
|t:|1756411038
|move|p1a: Dinko|Protect|p1a: Dinko
|-singleturn|p1a: Dinko|Protect
|move|p1b: Big Bird|Air Slash|p2a: Ayanami
|-damage|p2a: Ayanami|48/100
|move|p2b: Koshamain|Facade|p1a: Dinko
|-activate|p1a: Dinko|move: Protect
|move|p2a: Ayanami|Trick Room|p2a: Ayanami
|-fieldstart|move: Trick Room|[of] p2a: Ayanami
|
|-weather|SunnyDay|[upkeep]
|-damage|p2b: Koshamain|95/100 brn|[from] brn
|-status|p1a: Dinko|brn|[from] item: Flame Orb
|upkeep
|turn|3
|
|t:|1756411057
|move|p2a: Ayanami|Ice Beam|p1a: Dinko
|-supereffective|p1a: Dinko
|-damage|p1a: Dinko|39/100 brn
|move|p2b: Koshamain|Facade|p1a: Dinko
|-damage|p1a: Dinko|0 fnt
|faint|p1a: Dinko
|move|p1b: Big Bird|Air Slash|p1: Dinko|[notarget]
|-fail|p1b: Big Bird
|
|-weather|SunnyDay|[upkeep]
|-damage|p2b: Koshamain|89/100 brn|[from] brn
|upkeep
|
|t:|1756411063
|switch|p1a: Mr Worldwide|Gholdengo, L50|100/100
|turn|4
|inactive|OreburghRanger has 30 seconds left.
|
|t:|1756411089
|switch|p2b: Ryo the Stern|Torkoal, L50, F|100/100
|-terastallize|p1a: Mr Worldwide|Flying
|move|p2a: Ayanami|Recover|p2a: Ayanami
|-heal|p2a: Ayanami|98/100
|move|p1a: Mr Worldwide|Nasty Plot|p1a: Mr Worldwide
|-boost|p1a: Mr Worldwide|spa|2
|move|p1b: Big Bird|Air Slash|p2b: Ryo the Stern
|-damage|p2b: Ryo the Stern|53/100
|
|-weather|SunnyDay|[upkeep]
|upkeep
|turn|5
|
|t:|1756411106
|move|p1a: Mr Worldwide|Protect|p1a: Mr Worldwide
|-singleturn|p1a: Mr Worldwide|Protect
|move|p1b: Big Bird|Protect|p1b: Big Bird
|-singleturn|p1b: Big Bird|Protect
|move|p2b: Ryo the Stern|Overheat|p1b: Big Bird
|-activate|p1b: Big Bird|move: Protect
|move|p2a: Ayanami|Ice Beam|p1b: Big Bird
|-activate|p1b: Big Bird|move: Protect
|
|-weather|none
|upkeep
|turn|6
|
|t:|1756411119
|move|p2b: Ryo the Stern|Overheat|p1a: Mr Worldwide
|-damage|p1a: Mr Worldwide|32/100
|-unboost|p2b: Ryo the Stern|spa|2
|move|p2a: Ayanami|Ice Beam|p1a: Mr Worldwide
|-supereffective|p1a: Mr Worldwide
|-damage|p1a: Mr Worldwide|0 fnt
|faint|p1a: Mr Worldwide
|move|p1b: Big Bird|Air Slash|p2a: Ayanami
|-damage|p2a: Ayanami|74/100
|
|-fieldend|move: Trick Room
|upkeep
|turn|7
|-message|red john7777 forfeited.
|
|win|OreburghRanger
|l|☆red john7777
|player|p1|
