|j|☆MrManlyMeep
|j|☆Saicam16
|html|MrManlyMeepSaicam16    
|uhtml|bestof|Game 1 of a best-of-3
|t:|1783700759
|gametype|doubles
|player|p1|MrManlyMeep|101|1146
|player|p2|Saicam16|2|1080
|gen|9
|tier|[Gen 9 Champions] VGC 2026 Reg M-B (Bo3)
|rated|
|rule|Species Clause: Limit one of each Pokémon
|rule|Item Clause: Limit 1 of each item
|clearpoke
|poke|p1|Clefable, L50, F|
|poke|p1|Houndstone, L50, F|
|poke|p1|Excadrill, L50, F|
|poke|p1|Tyranitar, L50, M|
|poke|p1|Venusaur, L50, F|
|poke|p1|Blaziken, L50, M|
|poke|p2|Talonflame, L50, F, shiny|
|poke|p2|Incineroar, L50, M, shiny|
|poke|p2|Froslass, L50, F|
|poke|p2|Primarina, L50, F|
|poke|p2|Sneasler, L50, M|
|poke|p2|Kingambit, L50, F|
|teampreview|4
|showteam|p1|Clefable||Clefablite|Unaware|FollowMe,CalmMind,DrainingKiss,Protect|Bold||F|||50|]Houndstone||KasibBerry|SandRush|LastRespects,WillOWisp,Protect,AllySwitch|Jolly||F|||50|]Excadrill||FocusSash|SandRush|Earthquake,RockSlide,IronHead,Protect|Adamant||F|||50|]Tyranitar||ChoiceScarf|SandStream|RockSlide,KnockOff,IcePunch,BrickBreak|Jolly||M|||50|]Venusaur||Venusaurite|Overgrow|GigaDrain,SludgeBomb,WeatherBall,Protect|Modest||F|||50|]Blaziken||LifeOrb|SpeedBoost|HeatWave,AuraSphere,Coaching,Detect|Modest||M|||50|
|showteam|p2|Talonflame||MentalHerb|GaleWings|BraveBird,FlareBlitz,Tailwind,Protect|Jolly||F|||50|]Incineroar||SitrusBerry|Intimidate|FakeOut,FlareBlitz,DarkestLariat,PartingShot|Careful||M|||50|]Froslass||Froslassite|CursedBody|Protect,ShadowBall,IceBeam,Thunderbolt|Timid||F|||50|]Primarina||MysticWater|LiquidVoice|HyperVoice,Moonblast,Haze,Protect|Modest||F|||50|]Sneasler||FocusSash|Unburden|Protect,DireClaw,Uturn,CloseCombat|Adamant||M|||50|]Kingambit||BlackGlasses|Defiant|KowtowCleave,IronHead,SuckerPunch,Protect|Adamant||F|||50|
|inactive|Battle timer is ON: inactive players will automatically lose when time's up. (requested by Saicam16)
|
|t:|1783700816
|teamsize|p1|4
|teamsize|p2|4
|start
|switch|p1a: Tyranitar|Tyranitar, L50, M|100/100
|switch|p1b: Houndstone|Houndstone, L50, F|100/100
|switch|p2a: Incineroar|Incineroar, L50, M, shiny|100/100
|switch|p2b: Primarina|Primarina, L50, F|100/100
|-weather|Sandstorm|[from] ability: Sand Stream|[of] p1a: Tyranitar
|-ability|p2a: Incineroar|Intimidate|boost
|-unboost|p1a: Tyranitar|atk|1
|-unboost|p1b: Houndstone|atk|1
|turn|1
|inactive|MrManlyMeep has 30 seconds left.
|
|t:|1783700847
|switch|p1b: Clefable|Clefable, L50, F|100/100
|move|p2a: Incineroar|Fake Out|p1a: Tyranitar
|-resisted|p1a: Tyranitar|1
|-damage|p1a: Tyranitar|94/100
|cant|p1a: Tyranitar|flinch
|move|p2b: Primarina|Hyper Voice|p1a: Tyranitar|[spread] p1a,p1b
|-supereffective|p1a: Tyranitar|1
|-damage|p1a: Tyranitar|33/100
|-damage|p1b: Clefable|52/100
|
|-weather|Sandstorm|[upkeep]
|-damage|p2b: Primarina|94/100|[from] Sandstorm
|-damage|p2a: Incineroar|94/100|[from] Sandstorm
|-damage|p1b: Clefable|46/100|[from] Sandstorm
|upkeep
|turn|2
|inactive|MrManlyMeep has 30 seconds left.
|inactive|Saicam16 has 30 seconds left.
|inactive|MrManlyMeep has 20 seconds left.
|inactive|MrManlyMeep has 15 seconds left.
|inactive|MrManlyMeep has 10 seconds left.
|inactive|MrManlyMeep has 5 seconds left.
|
|t:|1783700902
|move|p2b: Primarina|Protect|p2b: Primarina
|-singleturn|p2b: Primarina|Protect
|move|p1b: Clefable|Follow Me|p1b: Clefable
|-singleturn|p1b: Clefable|move: Follow Me
|move|p1a: Tyranitar|Rock Slide|p2b: Primarina|[spread] p2a
|-activate|p2b: Primarina|move: Protect
|-supereffective|p2a: Incineroar|1
|-damage|p2a: Incineroar|55/100
|move|p2a: Incineroar|Parting Shot|p1b: Clefable
|-unboost|p1b: Clefable|atk|1
|-unboost|p1b: Clefable|spa|1
|
|t:|1783700913
|switch|p2a: Talonflame|Talonflame, L50, F, shiny|100/100|[from] Parting Shot
|
|-weather|Sandstorm|[upkeep]
|-damage|p2a: Talonflame|94/100|[from] Sandstorm
|-damage|p1b: Clefable|40/100|[from] Sandstorm
|-damage|p2b: Primarina|88/100|[from] Sandstorm
|upkeep
|turn|3
|inactive|MrManlyMeep has 30 seconds left.
|inactive|MrManlyMeep has 20 seconds left.
|inactive|MrManlyMeep has 15 seconds left.
|inactive|MrManlyMeep has 10 seconds left.
|inactive|MrManlyMeep has 5 seconds left.
|
|t:|1783700968
|move|p1b: Clefable|Follow Me|p1b: Clefable
|-singleturn|p1b: Clefable|move: Follow Me
|move|p2a: Talonflame|Tailwind|p2a: Talonflame
|-sidestart|p2: Saicam16|move: Tailwind
|move|p1a: Tyranitar|Rock Slide|p2b: Primarina|[spread] p2a,p2b
|-supereffective|p2a: Talonflame|2
|-damage|p2a: Talonflame|0 fnt
|-damage|p2b: Primarina|64/100
|faint|p2a: Talonflame
|cant|p2b: Primarina|flinch
|
|-weather|Sandstorm|[upkeep]
|-damage|p2b: Primarina|58/100|[from] Sandstorm
|-damage|p1b: Clefable|34/100|[from] Sandstorm
|upkeep
|
|t:|1783700979
|switch|p2a: Incineroar|Incineroar, L50, M, shiny|55/100
|-ability|p2a: Incineroar|Intimidate|boost
|-unboost|p1a: Tyranitar|atk|1
|-unboost|p1b: Clefable|atk|1
|turn|4
|inactive|MrManlyMeep has 30 seconds left.
|inactive|MrManlyMeep has 20 seconds left.
|inactive|MrManlyMeep has 15 seconds left.
|inactive|MrManlyMeep has 10 seconds left.
|inactive|MrManlyMeep has 5 seconds left.
|
|t:|1783701035
|move|p2a: Incineroar|Fake Out|p1a: Tyranitar
|-resisted|p1a: Tyranitar|1
|-damage|p1a: Tyranitar|27/100
|move|p1b: Clefable|Follow Me|p1b: Clefable
|-singleturn|p1b: Clefable|move: Follow Me
|cant|p1a: Tyranitar|flinch
|move|p2b: Primarina|Hyper Voice|p1a: Tyranitar|[spread] p1a,p1b
|-supereffective|p1a: Tyranitar|1
|-damage|p1a: Tyranitar|0 fnt
|-damage|p1b: Clefable|0 fnt
|faint|p1a: Tyranitar
|faint|p1b: Clefable
|
|-weather|Sandstorm|[upkeep]
|-damage|p2b: Primarina|52/100|[from] Sandstorm
|-damage|p2a: Incineroar|49/100|[from] Sandstorm
|-enditem|p2a: Incineroar|Sitrus Berry|[eat]
|-heal|p2a: Incineroar|74/100|[from] item: Sitrus Berry
|upkeep
|inactive|MrManlyMeep has 30 seconds left.
|inactive|MrManlyMeep has 20 seconds left.
|inactive|MrManlyMeep has 15 seconds left.
|inactive|MrManlyMeep has 10 seconds left.
|inactive|MrManlyMeep has 5 seconds left.
|
|t:|1783701090
|switch|p1a: Blaziken|Blaziken, L50, M|100/100
|switch|p1b: Houndstone|Houndstone, L50, F|100/100
|turn|5
|inactive|MrManlyMeep has 30 seconds left.
|inactive|MrManlyMeep has 20 seconds left.
|inactive|MrManlyMeep has 15 seconds left.
|inactive|MrManlyMeep has 10 seconds left.
|inactive|MrManlyMeep has 5 seconds left.
|
|t:|1783701145
|move|p1b: Houndstone|Last Respects|p2a: Incineroar
|-resisted|p2a: Incineroar|1
|-damage|p2a: Incineroar|49/100
|move|p2a: Incineroar|Darkest Lariat|p1b: Houndstone
|-supereffective|p1b: Houndstone|1
|-damage|p1b: Houndstone|18/100
|move|p2b: Primarina|Hyper Voice|p1a: Blaziken|[spread] p1a,p1b
|-supereffective|p1a: Blaziken|1
|-damage|p1a: Blaziken|0 fnt
|-damage|p1b: Houndstone|0 fnt
|faint|p1a: Blaziken
|faint|p1b: Houndstone
|
|win|Saicam16
|inactive|MrManlyMeep has 30 seconds to confirm battle start!
|inactive|Saicam16 has 30 seconds to confirm battle start!
