|j|☆Alecat
|j|☆nice_flop
|html|Alecatnice_flop    
|uhtml|bestof|Game 2 of a best-of-3
|t:|1757689498
|gametype|doubles
|player|p1|Alecat|scientistf|1180
|player|p2|nice_flop|1|1213
|gen|9
|tier|[Gen 9] VGC 2025 Reg H (Bo3)
|rated|
|rule|Species Clause: Limit one of each Pokémon
|rule|Item Clause: Limit 1 of each item
|clearpoke
|poke|p1|Sneasler, L50, F|
|poke|p1|Magmar, L50, M|
|poke|p1|Rillaboom, L50, M|
|poke|p1|Espathra, L50, F|
|poke|p1|Kingambit, L50, F|
|poke|p1|Arcanine-Hisui, L50, F|
|poke|p2|Malamar, L50, M|
|poke|p2|Rillaboom, L50, M|
|poke|p2|Incineroar, L50, M|
|poke|p2|Primarina, L50, F|
|poke|p2|Pelipper, L50, F|
|poke|p2|Archaludon, L50, M|
|teampreview|4
|showteam|p1|Sneasler||FocusSash|Unburden|FakeOut,CloseCombat,DireClaw,Coaching|||F|||50|,,,,,Ghost]Magmar||Eviolite|VitalSpirit|FollowMe,HeatWave,Taunt,Protect|||M|||50|,,,,,Dragon]Rillaboom||AssaultVest|GrassySurge|FakeOut,WoodHammer,GrassyGlide,HighHorsepower|||M|||50|,,,,,Fire]Espathra||GrassySeed|SpeedBoost|StoredPower,TeraBlast,CalmMind,Protect|||F|||50|,,,,,Fighting]Kingambit||SafetyGoggles|Defiant|KowtowCleave,SuckerPunch,SwordsDance,Protect|||F|||50|,,,,,Dark]Arcanine-Hisui||LoadedDice|Intimidate|FlareBlitz,RockBlast,ExtremeSpeed,Protect|||F|||50|,,,,,Ghost
|showteam|p2|Malamar||SitrusBerry|Contrary|Protect,TopsyTurvy,KnockOff,Superpower|||M|||50|,,,,,Ghost]Rillaboom||MiracleSeed|GrassySurge|Protect,FakeOut,GrassyGlide,WoodHammer|||M|||50|,,,,,Grass]Incineroar||SafetyGoggles|Intimidate|PartingShot,FakeOut,KnockOff,FlareBlitz|||M|||50|,,,,,Ghost]Primarina||Leftovers|LiquidVoice|Protect,TeraBlast,Moonblast,HyperVoice|||F|||50|,,,,,Steel]Pelipper||FocusSash|Drizzle|Protect,Tailwind,WeatherBall,Hurricane|||F|||50|,,,,,Ghost]Archaludon||AssaultVest|Stamina|BodyPress,ElectroShot,FlashCannon,DracoMeteor|||M|||50|,,,,,Fairy
|inactive|Battle timer is ON: inactive players will automatically lose when time's up. (requested by Alecat)
|inactive|nice_flop also wants the timer to be on.
|
|t:|1757689525
|teamsize|p1|4
|teamsize|p2|4
|start
|switch|p1a: Rillaboom|Rillaboom, L50, M|100/100
|switch|p1b: Espathra|Espathra, L50, F, shiny|100/100
|switch|p2a: Malamar|Malamar, L50, M|100/100
|switch|p2b: Primarina|Primarina, L50, F|100/100
|-fieldstart|move: Grassy Terrain|[from] ability: Grassy Surge|[of] p1a: Rillaboom
|-enditem|p1b: Espathra|Grassy Seed
|-boost|p1b: Espathra|def|1|[from] item: Grassy Seed
|turn|1
|inactive|Alecat has 30 seconds left.
|inactive|nice_flop has 30 seconds left.
|inactive|nice_flop has 20 seconds left.
|inactive|nice_flop has 15 seconds left.
|
|t:|1757689567
|-terastallize|p2b: Primarina|Steel
|move|p1a: Rillaboom|Fake Out|p2a: Malamar
|-damage|p2a: Malamar|86/100
|move|p1b: Espathra|Calm Mind|p1b: Espathra
|-boost|p1b: Espathra|spa|1
|-boost|p1b: Espathra|spd|1
|cant|p2a: Malamar|flinch
|move|p2b: Primarina|Moonblast|p1b: Espathra
|-damage|p1b: Espathra|54/100
|
|-heal|p1b: Espathra|60/100|[from] Grassy Terrain
|-heal|p2a: Malamar|93/100|[from] Grassy Terrain
|-ability|p1b: Espathra|Speed Boost|boost
|-boost|p1b: Espathra|spe|1
|upkeep
|turn|2
|
|t:|1757689590
|move|p1b: Espathra|Protect|p1b: Espathra
|-singleturn|p1b: Espathra|Protect
|move|p1a: Rillaboom|High Horsepower|p2b: Primarina
|-supereffective|p2b: Primarina
|-damage|p2b: Primarina|24/100
|move|p2a: Malamar|Knock Off|p1b: Espathra
|-activate|p1b: Espathra|move: Protect
|move|p2b: Primarina|Moonblast|p1b: Espathra
|-activate|p1b: Espathra|move: Protect
|
|-heal|p1b: Espathra|66/100|[from] Grassy Terrain
|-heal|p2a: Malamar|99/100|[from] Grassy Terrain
|-heal|p2b: Primarina|31/100|[from] Grassy Terrain
|-heal|p2b: Primarina|37/100|[from] item: Leftovers
|-ability|p1b: Espathra|Speed Boost|boost
|-boost|p1b: Espathra|spe|1
|upkeep
|turn|3
|inactive|Alecat has 30 seconds left.
|
|t:|1757689620
|switch|p2b: Pelipper|Pelipper, L50, F|100/100
|-weather|RainDance|[from] ability: Drizzle|[of] p2b: Pelipper
|-terastallize|p1b: Espathra|Fighting
|move|p1b: Espathra|Tera Blast|p2a: Malamar|[anim] Tera Blast Fighting
|-damage|p2a: Malamar|55/100
|move|p1a: Rillaboom|Wood Hammer|p2a: Malamar
|-damage|p2a: Malamar|0 fnt
|faint|p2a: Malamar
|-damage|p1a: Rillaboom|84/100|[from] Recoil
|
|-weather|RainDance|[upkeep]
|-heal|p1b: Espathra|72/100|[from] Grassy Terrain
|-heal|p1a: Rillaboom|89/100|[from] Grassy Terrain
|-ability|p1b: Espathra|Speed Boost|boost
|-boost|p1b: Espathra|spe|1
|upkeep
|
|t:|1757689639
|switch|p2a: Archaludon|Archaludon, L50, M|100/100
|turn|4
|
|t:|1757689653
|switch|p1a: Magmar|Magmar, L50, M|100/100
|move|p1b: Espathra|Protect|p1b: Espathra
|-singleturn|p1b: Espathra|Protect
|move|p2a: Archaludon|Electro Shot||[still]
|-prepare|p2a: Archaludon|Electro Shot
|-boost|p2a: Archaludon|spa|1
|-anim|p2a: Archaludon|Electro Shot|p1a: Magmar
|-damage|p1a: Magmar|44/100
|move|p2b: Pelipper|Hurricane|p1a: Magmar
|-damage|p1a: Magmar|13/100
|
|-weather|RainDance|[upkeep]
|-heal|p1b: Espathra|78/100|[from] Grassy Terrain
|-heal|p1a: Magmar|19/100|[from] Grassy Terrain
|-ability|p1b: Espathra|Speed Boost|boost
|-boost|p1b: Espathra|spe|1
|upkeep
|turn|5
|inactive|Alecat has 30 seconds left.
|inactive|Alecat has 20 seconds left.
|
|t:|1757689693
|move|p1a: Magmar|Follow Me|p1a: Magmar
|-singleturn|p1a: Magmar|move: Follow Me
|move|p1b: Espathra|Tera Blast|p2a: Archaludon|[anim] Tera Blast Fighting
|-supereffective|p2a: Archaludon
|-damage|p2a: Archaludon|25/100
|-ability|p2a: Archaludon|Stamina|boost
|-boost|p2a: Archaludon|def|1
|move|p2a: Archaludon|Electro Shot||[still]
|-prepare|p2a: Archaludon|Electro Shot
|-boost|p2a: Archaludon|spa|1
|-anim|p2a: Archaludon|Electro Shot|p1a: Magmar
|-damage|p1a: Magmar|0 fnt
|faint|p1a: Magmar
|move|p2b: Pelipper|Hurricane|p1b: Espathra
|-supereffective|p1b: Espathra
|-damage|p1b: Espathra|0 fnt
|faint|p1b: Espathra
|
|-weather|RainDance|[upkeep]
|-heal|p2a: Archaludon|32/100|[from] Grassy Terrain
|-fieldend|move: Grassy Terrain
|upkeep
|
|t:|1757689705
|switch|p1a: Kingambit|Kingambit, L50, F|100/100
|switch|p1b: Rillaboom|Rillaboom, L50, M|89/100
|-fieldstart|move: Grassy Terrain|[from] ability: Grassy Surge|[of] p1b: Rillaboom
|turn|6
|inactive|nice_flop has 30 seconds left.
|
|t:|1757689734
|move|p1b: Rillaboom|Grassy Glide|p2b: Pelipper
|-damage|p2b: Pelipper|59/100
|move|p1a: Kingambit|Sucker Punch|p2b: Pelipper
|-damage|p2b: Pelipper|17/100
|move|p2a: Archaludon|Body Press|p1a: Kingambit
|-supereffective|p1a: Kingambit
|-damage|p1a: Kingambit|2/100
|move|p2b: Pelipper|Weather Ball|p1a: Kingambit
|-damage|p1a: Kingambit|0 fnt
|faint|p1a: Kingambit
|
|-weather|RainDance|[upkeep]
|-heal|p1b: Rillaboom|95/100|[from] Grassy Terrain
|-heal|p2a: Archaludon|38/100|[from] Grassy Terrain
|upkeep
|turn|7
|inactive|Alecat has 30 seconds left.
|inactive|nice_flop has 30 seconds left.
|
|t:|1757689767
|move|p1b: Rillaboom|High Horsepower|p2a: Archaludon
|-supereffective|p2a: Archaludon
|-damage|p2a: Archaludon|3/100
|-ability|p2a: Archaludon|Stamina|boost
|-boost|p2a: Archaludon|def|1
|move|p2a: Archaludon|Draco Meteor|p1b: Rillaboom
|-damage|p1b: Rillaboom|0 fnt
|-unboost|p2a: Archaludon|spa|2
|faint|p1b: Rillaboom
|
|win|nice_flop
|raw|Alecat's rating: 1180 → 1157(-23 for losing)
|raw|nice_flop's rating: 1213 → 1236(+23 for winning)
