|j|☆riccardofano
|j|☆spellbreakvgc
|html|riccardofanospellbreakvgc    
|uhtml|bestof|Game 1 of a best-of-3
|t:|1757934761
|gametype|doubles
|player|p1|riccardofano|ruinmaniac|1034
|player|p2|spellbreakvgc|lance|1133
|gen|9
|tier|[Gen 9] VGC 2025 Reg H (Bo3)
|rated|
|rule|Species Clause: Limit one of each Pokémon
|rule|Item Clause: Limit 1 of each item
|clearpoke
|poke|p1|Sneasler, L50, M|
|poke|p1|Ursaluna-Bloodmoon, L50, M|
|poke|p1|Incineroar, L50, F|
|poke|p1|Ninetales-Alola, L50, F|
|poke|p1|Rillaboom, L50, M|
|poke|p1|Gholdengo, L50|
|poke|p2|Grimmsnarl, L50, M|
|poke|p2|Incineroar, L50, M|
|poke|p2|Umbreon, L50, F|
|poke|p2|Rillaboom, L50, M|
|poke|p2|Archaludon, L50, F|
|poke|p2|Pelipper, L50, M|
|teampreview|4
|showteam|p1|Sneasler||GrassySeed|Unburden|DireClaw,CloseCombat,Acrobatics,Protect|||M|||50|,,,,,Fighting]Ursaluna-Bloodmoon||Leftovers|MindsEye|Yawn,BloodMoon,EarthPower,Protect|||M|||50|,,,,,Electric]Incineroar||SafetyGoggles|Intimidate|FlareBlitz,KnockOff,FakeOut,PartingShot|||F|||50|,,,,,Ghost]Ninetales-Alola||FocusSash|SnowWarning|Blizzard,Disable,AuroraVeil,Protect|||F|||50|,,,,,Ghost]Rillaboom||AssaultVest|GrassySurge|WoodHammer,GrassyGlide,FakeOut,HighHorsepower|||M|||50|,,,,,Fire]Gholdengo||LifeOrb|GoodasGold|MakeItRain,ShadowBall,NastyPlot,Protect||||||50|,,,,,Water
|showteam|p2|Grimmsnarl||LightClay|Prankster|PartingShot,LightScreen,Reflect,SpiritBreak|||M|||50|,,,,,Ghost]Incineroar||SafetyGoggles|Intimidate|PartingShot,FakeOut,KnockOff,Roar|||M|||50|,,,,,Water]Umbreon||Leftovers|InnerFocus|Snarl,Protect,LightScreen,Toxic|||F|||50|,,,,,Poison]Rillaboom||LoadedDice|GrassySurge|FakeOut,Uproar,BulletSeed,Protect|||M|||50|,,,,,Fire]Archaludon||AssaultVest|Stamina|Snarl,BreakingSwipe,BodyPress,ElectroShot|||F|||50|,,,,,Fighting]Pelipper||FocusSash|Drizzle|Tailwind,Hurricane,WeatherBall,Protect|||M|||50|,,,,,Ground
|inactive|Battle timer is ON: inactive players will automatically lose when time's up. (requested by spellbreakvgc)
|inactive|riccardofano has 60 seconds left.
|
|t:|1757934824
|teamsize|p1|4
|teamsize|p2|4
|start
|switch|p1a: Gholdengo|Gholdengo, L50|100/100
|switch|p1b: Ursaluna|Ursaluna-Bloodmoon, L50, M|100/100
|switch|p2a: Archaludon|Archaludon, L50, F|100/100
|switch|p2b: Rillaboom|Rillaboom, L50, M|100/100
|-fieldstart|move: Grassy Terrain|[from] ability: Grassy Surge|[of] p2b: Rillaboom
|turn|1
|
|t:|1757934847
|-terastallize|p2a: Archaludon|Fighting
|move|p2b: Rillaboom|Fake Out|p1b: Ursaluna
|-damage|p1b: Ursaluna|92/100
|move|p1a: Gholdengo|Nasty Plot|p1a: Gholdengo
|-boost|p1a: Gholdengo|spa|2
|move|p2a: Archaludon|Snarl|p1a: Gholdengo|[spread] p1a,p1b
|-supereffective|p1a: Gholdengo
|-damage|p1a: Gholdengo|76/100
|-damage|p1b: Ursaluna|81/100
|-unboost|p1a: Gholdengo|spa|1
|-unboost|p1b: Ursaluna|spa|1
|cant|p1b: Ursaluna|flinch
|
|-heal|p1a: Gholdengo|82/100|[from] Grassy Terrain
|-heal|p1b: Ursaluna|88/100|[from] Grassy Terrain
|-heal|p1b: Ursaluna|94/100|[from] item: Leftovers
|upkeep
|turn|2
|inactive|riccardofano has 30 seconds left.
|
|t:|1757934876
|switch|p2b: Umbreon|Umbreon, L50, F|100/100
|-terastallize|p1b: Ursaluna|Electric
|move|p1a: Gholdengo|Shadow Ball|p2a: Archaludon
|-damage|p2a: Archaludon|53/100
|-ability|p2a: Archaludon|Stamina|boost
|-boost|p2a: Archaludon|def|1
|-damage|p1a: Gholdengo|72/100|[from] item: Life Orb
|move|p2a: Archaludon|Snarl|p1a: Gholdengo|[spread] p1a,p1b
|-supereffective|p1a: Gholdengo
|-damage|p1a: Gholdengo|46/100
|-damage|p1b: Ursaluna|83/100
|-unboost|p1a: Gholdengo|spa|1
|-unboost|p1b: Ursaluna|spa|1
|move|p1b: Ursaluna|Yawn|p2a: Archaludon
|-start|p2a: Archaludon|move: Yawn|[of] p1b: Ursaluna
|
|-heal|p1a: Gholdengo|52/100|[from] Grassy Terrain
|-heal|p2a: Archaludon|59/100|[from] Grassy Terrain
|-heal|p1b: Ursaluna|89/100|[from] Grassy Terrain
|-heal|p1b: Ursaluna|96/100|[from] item: Leftovers
|upkeep
|turn|3
|inactive|riccardofano has 30 seconds left.
|inactive|riccardofano has 20 seconds left.
|
|t:|1757934912
|switch|p1a: Rillaboom|Rillaboom, L50, M|100/100
|move|p2a: Archaludon|Snarl|p1a: Rillaboom|[spread] p1a,p1b
|-damage|p1a: Rillaboom|92/100
|-damage|p1b: Ursaluna|85/100
|-unboost|p1a: Rillaboom|spa|1
|-unboost|p1b: Ursaluna|spa|1
|move|p2b: Umbreon|Snarl|p1b: Ursaluna|[spread] p1a,p1b
|-damage|p1a: Rillaboom|85/100
|-damage|p1b: Ursaluna|76/100
|-unboost|p1a: Rillaboom|spa|1
|-unboost|p1b: Ursaluna|spa|1
|move|p1b: Ursaluna|Yawn|p2b: Umbreon
|-start|p2b: Umbreon|move: Yawn|[of] p1b: Ursaluna
|
|-heal|p1a: Rillaboom|91/100|[from] Grassy Terrain
|-heal|p2a: Archaludon|65/100|[from] Grassy Terrain
|-heal|p1b: Ursaluna|82/100|[from] Grassy Terrain
|-heal|p1b: Ursaluna|88/100|[from] item: Leftovers
|-end|p2a: Archaludon|move: Yawn|[silent]
|-status|p2a: Archaludon|slp
|upkeep
|turn|4
|
|t:|1757934936
|switch|p2b: Rillaboom|Rillaboom, L50, M|100/100
|switch|p1b: Gholdengo|Gholdengo, L50|52/100
|move|p1a: Rillaboom|Fake Out|p2b: Rillaboom
|-damage|p2b: Rillaboom|87/100
|cant|p2a: Archaludon|slp
|
|-heal|p1b: Gholdengo|59/100|[from] Grassy Terrain
|-heal|p1a: Rillaboom|97/100|[from] Grassy Terrain
|-heal|p2a: Archaludon|71/100 slp|[from] Grassy Terrain
|-heal|p2b: Rillaboom|93/100|[from] Grassy Terrain
|upkeep
|turn|5
|inactive|spellbreakvgc has 30 seconds left.
|
|t:|1757934968
|move|p1b: Gholdengo|Nasty Plot|p1b: Gholdengo
|-boost|p1b: Gholdengo|spa|2
|move|p1a: Rillaboom|High Horsepower|p2a: Archaludon
|-damage|p2a: Archaludon|54/100 slp
|-ability|p2a: Archaludon|Stamina|boost
|-boost|p2a: Archaludon|def|1
|cant|p2a: Archaludon|slp
|move|p2b: Rillaboom|Bullet Seed|p1b: Gholdengo
|-resisted|p1b: Gholdengo
|-damage|p1b: Gholdengo|52/100
|-resisted|p1b: Gholdengo
|-damage|p1b: Gholdengo|45/100
|-resisted|p1b: Gholdengo
|-damage|p1b: Gholdengo|37/100
|-resisted|p1b: Gholdengo
|-damage|p1b: Gholdengo|29/100
|-resisted|p1b: Gholdengo
|-damage|p1b: Gholdengo|21/100
|-hitcount|p1b: Gholdengo|5
|
|-heal|p1b: Gholdengo|27/100|[from] Grassy Terrain
|-heal|p1a: Rillaboom|100/100|[from] Grassy Terrain
|-heal|p2a: Archaludon|60/100 slp|[from] Grassy Terrain
|-heal|p2b: Rillaboom|99/100|[from] Grassy Terrain
|-fieldend|move: Grassy Terrain
|upkeep
|turn|6
|inactive|spellbreakvgc has 30 seconds left.
|inactive|spellbreakvgc has 20 seconds left.
|inactive|spellbreakvgc has 15 seconds left.
|
|t:|1757935011
|switch|p1a: Ursaluna|Ursaluna-Bloodmoon, L50, M, tera:Electric|88/100
|move|p1b: Gholdengo|Make It Rain|p2b: Rillaboom|[spread] p2a,p2b
|-damage|p2a: Archaludon|0 fnt
|-damage|p2b: Rillaboom|14/100
|-unboost|p1b: Gholdengo|spa|1
|faint|p2a: Archaludon
|-damage|p1b: Gholdengo|17/100|[from] item: Life Orb
|move|p2b: Rillaboom|Bullet Seed|p1b: Gholdengo
|-resisted|p1b: Gholdengo
|-damage|p1b: Gholdengo|12/100
|-resisted|p1b: Gholdengo
|-damage|p1b: Gholdengo|7/100
|-resisted|p1b: Gholdengo
|-damage|p1b: Gholdengo|2/100
|-resisted|p1b: Gholdengo
|-damage|p1b: Gholdengo|0 fnt
|faint|p1b: Gholdengo
|-hitcount|p1: Gholdengo|4
|
|-heal|p1a: Ursaluna|95/100|[from] item: Leftovers
|upkeep
|inactive|spellbreakvgc has 30 seconds left.
|
|t:|1757935042
|switch|p1b: Rillaboom|Rillaboom, L50, M|100/100
|switch|p2a: Umbreon|Umbreon, L50, F|100/100
|-fieldstart|move: Grassy Terrain|[from] ability: Grassy Surge|[of] p1b: Rillaboom
|turn|7
|
|t:|1757935063
|move|p1b: Rillaboom|Fake Out|p2a: Umbreon
|-damage|p2a: Umbreon|89/100
|move|p2b: Rillaboom|Uproar|p1b: Rillaboom
|-damage|p1b: Rillaboom|91/100
|-start|p2b: Rillaboom|Uproar
|move|p2a: Umbreon|Toxic|p1a: Ursaluna
|-status|p1a: Ursaluna|tox
|move|p1a: Ursaluna|Yawn|p2a: Umbreon
|-start|p2a: Umbreon|move: Yawn|[of] p1a: Ursaluna
|
|-heal|p1b: Rillaboom|97/100|[from] Grassy Terrain
|-heal|p2b: Rillaboom|19/100|[from] Grassy Terrain
|-heal|p2a: Umbreon|95/100|[from] Grassy Terrain
|-heal|p2a: Umbreon|100/100|[from] item: Leftovers
|-heal|p1a: Ursaluna|100/100 tox|[from] Grassy Terrain
|-damage|p1a: Ursaluna|94/100 tox|[from] psn
|-start|p2b: Rillaboom|Uproar|[upkeep]
|upkeep
|turn|8
|
|t:|1757935085
|move|p1b: Rillaboom|Wood Hammer|p2a: Umbreon
|-damage|p2a: Umbreon|42/100
|-damage|p1b: Rillaboom|77/100|[from] Recoil
|move|p2b: Rillaboom|Uproar|p1b: Rillaboom|[from] lockedmove
|-damage|p1b: Rillaboom|68/100
|move|p2a: Umbreon|Toxic|p1b: Rillaboom
|-status|p1b: Rillaboom|tox
|move|p1a: Ursaluna|Blood Moon|p2a: Umbreon
|-damage|p2a: Umbreon|2/100
|
|-heal|p1b: Rillaboom|74/100 tox|[from] Grassy Terrain
|-heal|p2b: Rillaboom|25/100|[from] Grassy Terrain
|-heal|p2a: Umbreon|8/100|[from] Grassy Terrain
|-heal|p2a: Umbreon|14/100|[from] item: Leftovers
|-heal|p1a: Ursaluna|100/100 tox|[from] Grassy Terrain
|-damage|p1b: Rillaboom|68/100 tox|[from] psn
|-damage|p1a: Ursaluna|88/100 tox|[from] psn
|-end|p2a: Umbreon|move: Yawn|[silent]
|-fail|p2a: Umbreon|slp|[from] Uproar
|-start|p2b: Rillaboom|Uproar|[upkeep]
|upkeep
|turn|9
|inactive|riccardofano has 30 seconds left.
|inactive|spellbreakvgc has 30 seconds left.
|inactive|riccardofano has 20 seconds left.
|inactive|spellbreakvgc has 20 seconds left.
|inactive|spellbreakvgc has 15 seconds left.
|
|t:|1757935128
|move|p2a: Umbreon|Protect|p2a: Umbreon
|-singleturn|p2a: Umbreon|Protect
|move|p1b: Rillaboom|Wood Hammer|p2b: Rillaboom
|-resisted|p2b: Rillaboom
|-damage|p2b: Rillaboom|0 fnt
|faint|p2b: Rillaboom
|-damage|p1b: Rillaboom|59/100 tox|[from] Recoil
|move|p1a: Ursaluna|Earth Power|p2a: Umbreon
|-activate|p2a: Umbreon|move: Protect
|
|-heal|p1b: Rillaboom|65/100 tox|[from] Grassy Terrain
|-heal|p2a: Umbreon|20/100|[from] Grassy Terrain
|-heal|p2a: Umbreon|26/100|[from] item: Leftovers
|-heal|p1a: Ursaluna|94/100 tox|[from] Grassy Terrain
|-heal|p1a: Ursaluna|100/100 tox|[from] item: Leftovers
|-damage|p1b: Rillaboom|53/100 tox|[from] psn
|-damage|p1a: Ursaluna|82/100 tox|[from] psn
|upkeep
|
|t:|1757935138
|switch|p2b: Grimmsnarl|Grimmsnarl, L50, M|100/100
|turn|10
|
|t:|1757935153
|move|p2b: Grimmsnarl|Light Screen|p2b: Grimmsnarl
|-sidestart|p2: spellbreakvgc|move: Light Screen
|move|p1b: Rillaboom|Wood Hammer|p2a: Umbreon
|-damage|p2a: Umbreon|0 fnt
|faint|p2a: Umbreon
|-damage|p1b: Rillaboom|45/100 tox|[from] Recoil
|move|p1a: Ursaluna|Blood Moon|p2b: Grimmsnarl
|-damage|p2b: Grimmsnarl|53/100
|
|-heal|p1b: Rillaboom|51/100 tox|[from] Grassy Terrain
|-heal|p2b: Grimmsnarl|59/100|[from] Grassy Terrain
|-heal|p1a: Ursaluna|88/100 tox|[from] Grassy Terrain
|-heal|p1a: Ursaluna|94/100 tox|[from] item: Leftovers
|-damage|p1b: Rillaboom|33/100 tox|[from] psn
|-damage|p1a: Ursaluna|69/100 tox|[from] psn
|upkeep
|turn|11
|inactive|spellbreakvgc has 30 seconds left.
|inactive|riccardofano has 30 seconds left.
|inactive|spellbreakvgc has 20 seconds left.
|inactive|spellbreakvgc has 15 seconds left.
|inactive|spellbreakvgc has 10 seconds left.
|-message|spellbreakvgc forfeited.
|
|win|riccardofano
