|j|☆endK649
|j|☆capspungo
|html|endK649capspungo    
|uhtml|bestof|Game 1 of a best-of-3
|t:|1756397467
|gametype|doubles
|player|p1|endK649|169|1173
|player|p2|capspungo|pokefan-gen4|1156
|gen|9
|tier|[Gen 9] VGC 2025 Reg H (Bo3)
|rated|
|rule|Species Clause: Limit one of each Pokémon
|rule|Item Clause: Limit 1 of each item
|clearpoke
|poke|p1|Feraligatr, L50, M|
|poke|p1|Gholdengo, L50|
|poke|p1|Politoed, L50, F|
|poke|p1|Amoonguss, L50, F|
|poke|p1|Rillaboom, L50, F|
|poke|p1|Incineroar, L50, M|
|poke|p2|Toedscruel, L50, F|
|poke|p2|Weezing-Galar, L50, M|
|poke|p2|Pawmot, L50, M|
|poke|p2|Typhlosion-Hisui, L50, M|
|poke|p2|Corviknight, L50, M|
|poke|p2|Garchomp, L50, F|
|teampreview|4
|showteam|p1|Feraligatr||LifeOrb|SheerForce|Liquidation,Crunch,DragonDance,Protect|||M|||50|,,,,,Dark]Gholdengo||Leftovers|GoodasGold|MakeItRain,ShadowBall,NastyPlot,Protect||||||50|,,,,,Dragon]Politoed||SitrusBerry|Drizzle|WeatherBall,IcyWind,Haze,Protect|||F|||50|,,,,,Grass]Amoonguss||CovertCloak|Regenerator|PollenPuff,Spore,RagePowder,Protect|||F|||50|,,,,,Water]Rillaboom||AssaultVest|GrassySurge|WoodHammer,GrassyGlide,FakeOut,Uturn|||F|||50|,,,,,Fire]Incineroar||SafetyGoggles|Intimidate|KnockOff,FakeOut,Taunt,PartingShot|||M|||50|,,,,,Ghost
|showteam|p2|Toedscruel||CovertCloak|MyceliumMight|RagePowder,Spore,EarthPower,AcidSpray|||F|||50|,,,,,Water]Weezing-Galar||ChoiceSpecs|NeutralizingGas|DazzlingGleam,SludgeBomb,StrangeSteam,HeatWave|||M|||50|,,,,,Fire]Pawmot||FocusSash|NaturalCure|FakeOut,CloseCombat,DoubleShock,Protect|||M|||50|,,,,,Electric]Typhlosion-Hisui||ChoiceScarf|Blaze|Eruption,ShadowBall,HeatWave,SleepTalk|||M|||50|,,,,,Fire]Corviknight||SitrusBerry|MirrorArmor|BraveBird,Tailwind,Protect,Roost|||M|||50|,,,,,Dragon]Garchomp||LifeOrb|RoughSkin|Earthquake,StompingTantrum,DragonClaw,Protect|||F|||50|,,,,,Ground
|inactive|Battle timer is ON: inactive players will automatically lose when time's up. (requested by capspungo)
|inactive|endK649 has 60 seconds left.
|inactive|endK649 has 30 seconds left.
|
|t:|1756397577
|teamsize|p1|4
|teamsize|p2|4
|start
|switch|p1a: Rillaboom|Rillaboom, L50, F, shiny|100/100
|switch|p1b: Incineroar|Incineroar, L50, M, shiny|100/100
|switch|p2a: Toedscruel|Toedscruel, L50, F|100/100
|switch|p2b: Weezing|Weezing-Galar, L50, M|100/100
|-ability|p2b: Weezing|Neutralizing Gas
|turn|1
|inactive|capspungo has 30 seconds left.
|
|t:|1756397607
|-terastallize|p1b: Incineroar|Ghost
|move|p1a: Rillaboom|Fake Out|p2b: Weezing
|-damage|p2b: Weezing|86/100
|move|p2a: Toedscruel|Acid Spray|p1b: Incineroar
|-resisted|p1b: Incineroar
|-damage|p1b: Incineroar|97/100
|-unboost|p1b: Incineroar|spd|2
|cant|p2b: Weezing|flinch
|move|p1b: Incineroar|Knock Off|p2a: Toedscruel
|-damage|p2a: Toedscruel|54/100
|-enditem|p2a: Toedscruel|Covert Cloak|[from] move: Knock Off|[of] p1b: Incineroar
|
|upkeep
|turn|2
|inactive|endK649 has 30 seconds left.
|inactive|endK649 has 20 seconds left.
|
|t:|1756397644
|switch|p1b: Politoed|Politoed, L50, F|100/100
|move|p2a: Toedscruel|Acid Spray|p1a: Rillaboom
|-supereffective|p1a: Rillaboom
|-crit|p1a: Rillaboom
|-damage|p1a: Rillaboom|84/100
|-unboost|p1a: Rillaboom|spd|2
|move|p1a: Rillaboom|Wood Hammer|p2a: Toedscruel
|-damage|p2a: Toedscruel|0 fnt
|faint|p2a: Toedscruel
|-damage|p1a: Rillaboom|69/100|[from] Recoil
|move|p2b: Weezing|Sludge Bomb|p1a: Rillaboom
|-supereffective|p1a: Rillaboom
|-damage|p1a: Rillaboom|0 fnt
|faint|p1a: Rillaboom
|
|upkeep
|
|t:|1756397659
|switch|p2a: Typhlosion|Typhlosion-Hisui, L50, M|100/100
|switch|p1a: Gholdengo|Gholdengo, L50|100/100
|turn|3
|inactive|capspungo has 30 seconds left.
|
|t:|1756397690
|-terastallize|p2a: Typhlosion|Fire
|move|p1a: Gholdengo|Protect|p1a: Gholdengo
|-singleturn|p1a: Gholdengo|Protect
|move|p2a: Typhlosion|Eruption|p1a: Gholdengo|[spread] p1b
|-activate|p1a: Gholdengo|move: Protect
|-resisted|p1b: Politoed
|-damage|p1b: Politoed|58/100
|move|p1b: Politoed|Icy Wind|p2b: Weezing|[spread] p2a,p2b
|-resisted|p2a: Typhlosion
|-damage|p2a: Typhlosion|92/100
|-damage|p2b: Weezing|68/100
|-unboost|p2a: Typhlosion|spe|1
|-unboost|p2b: Weezing|spe|1
|move|p2b: Weezing|Sludge Bomb|p1b: Politoed
|-damage|p1b: Politoed|11/100
|-enditem|p1b: Politoed|Sitrus Berry|[eat]
|-heal|p1b: Politoed|36/100|[from] item: Sitrus Berry
|
|upkeep
|turn|4
|inactive|capspungo has 30 seconds left.
|
|t:|1756397717
|switch|p1a: Incineroar|Incineroar, L50, M, shiny, tera:Ghost|97/100
|move|p2a: Typhlosion|Eruption|p1b: Politoed|[spread] p1a,p1b
|-resisted|p1b: Politoed
|-damage|p1a: Incineroar|41/100
|-damage|p1b: Politoed|0 fnt
|faint|p1b: Politoed
|move|p2b: Weezing|Sludge Bomb|p1a: Incineroar
|-resisted|p1a: Incineroar
|-crit|p1a: Incineroar
|-damage|p1a: Incineroar|12/100
|-status|p1a: Incineroar|psn
|
|-damage|p1a: Incineroar|0 fnt|[from] psn
|faint|p1a: Incineroar
|upkeep
|
|t:|1756397733
|switch|p1b: Gholdengo|Gholdengo, L50|100/100
|turn|5
|
|t:|1756397751
|move|p2a: Typhlosion|Eruption|p1b: Gholdengo
|-supereffective|p1b: Gholdengo
|-damage|p1b: Gholdengo|0 fnt
|faint|p1b: Gholdengo
|
|win|capspungo
||capspungo is ready for game 2.
||endK649 is ready for game 2.
|uhtml|next|Next: Game 2 of 3
|l|☆capspungo
|player|p2|
