|j|☆Guludegou9394
|j|☆12yueh25
|html|Guludegou939412yueh25    
|uhtml|bestof|Game 1 of a best-of-3
|t:|1785161008
|gametype|doubles
|player|p1|Guludegou9394|266|
|player|p2|12yueh25|101|
|gen|9
|tier|[Gen 9 Champions] VGC 2026 Reg M-B (Bo3)
|rule|Species Clause: Limit one of each Pokémon
|rule|Item Clause: Limit 1 of each item
|clearpoke
|poke|p1|Blastoise, L50, M|
|poke|p1|Delphox, L50, M|
|poke|p1|Kingambit, L50, M|
|poke|p1|Sinistcha-Masterpiece, L50|
|poke|p1|Sneasler, L50, F|
|poke|p1|Incineroar, L50, M|
|poke|p2|Ninetales-Alola, L50, F|
|poke|p2|Staraptor, L50, M|
|poke|p2|Garchomp, L50, M, shiny|
|poke|p2|Zoroark-Hisui, L50, M|
|poke|p2|Gholdengo, L50|
|poke|p2|Scovillain, L50, F, shiny|
|teampreview|4
|showteam|p1|Blastoise||Blastoisinite|RainDish|Protect,ShellSmash,WaterSpout,DarkPulse|Modest||M|||50|]Delphox||Delphoxite|Blaze|Protect,NastyPlot,Psyshock,HeatWave|Timid||M|||50|]Kingambit||LifeOrb|Defiant|Protect,SwordsDance,SuckerPunch,KowtowCleave|Adamant||M|||50|]Sinistcha-Masterpiece||KasibBerry|Hospitality|MatchaGotcha,RagePowder,LifeDew,TrickRoom|Bold|||||50|]Sneasler||FocusSash|PoisonTouch|Protect,FakeOut,PoisonJab,CloseCombat|Jolly||F|||50|]Incineroar||SitrusBerry|Intimidate|HelpingHand,FakeOut,PartingShot,FlareBlitz|Careful||M|||50|
|showteam|p2|Ninetales-Alola||LightClay|SnowWarning|FreezeDry,Blizzard,AuroraVeil,Protect|Timid||F|||50|]Staraptor||Staraptite|Intimidate|Tailwind,BraveBird,CloseCombat,Protect|Jolly||M|||50|]Garchomp||SitrusBerry|RoughSkin|RockSlide,StompingTantrum,DragonClaw,Protect|Jolly||M|||50|]Zoroark-Hisui||ChoiceScarf|Illusion|Flamethrower,HyperVoice,ShadowBall,IcyWind|Modest||M|||50|]Gholdengo||LifeOrb|GoodasGold|NastyPlot,Protect,ShadowBall,MakeItRain|Modest|||||50|]Scovillain||Scovillainite|Moody|Flamethrower,GigaDrain,LeechSeed,RagePowder|Bold||F|||50|
|
|t:|1785161063
|teamsize|p1|4
|teamsize|p2|4
|start
|switch|p1a: Delphox|Delphox, L50, M|100/100
|switch|p1b: Sneasler|Sneasler, L50, F|100/100
|switch|p2a: Ninetales|Ninetales-Alola, L50, F|100/100
|switch|p2b: Garchomp|Garchomp, L50, M, shiny|100/100
|-weather|Snowscape|[from] ability: Snow Warning|[of] p2a: Ninetales
|turn|1
|
|t:|1785161086
|detailschange|p1a: Delphox|Delphox-Mega, L50, M
|-mega|p1a: Delphox|Delphox|Delphoxite
|move|p2b: Garchomp|Shadow Ball|p1a: Delphox
|-supereffective|p1a: Delphox|1
|-damage|p1a: Delphox|18/100
|move|p1a: Delphox|Psyshock|p2b: Garchomp
|-damage|p2b: Garchomp|3/100
|replace|p2b: Zoroark|Zoroark-Hisui, L50, M
|-end|p2b: Zoroark|Illusion
|move|p1b: Sneasler|Close Combat|p2b: Zoroark
|-immune|p2b: Zoroark
|move|p2a: Ninetales|Aurora Veil|p2a: Ninetales
|-sidestart|p2: 12yueh25|move: Aurora Veil
|
|-weather|Snowscape|[upkeep]
|upkeep
|turn|2
|
|t:|1785161134
|switch|p1a: Incineroar|Incineroar, L50, M|100/100
|-ability|p1a: Incineroar|Intimidate|boost
|-unboost|p2a: Ninetales|atk|1
|-unboost|p2b: Zoroark|atk|1
|move|p2b: Zoroark|Shadow Ball|p1a: Incineroar
|-resisted|p1a: Incineroar|1
|-damage|p1a: Incineroar|83/100
|move|p1b: Sneasler|Poison Jab|p2b: Zoroark
|-resisted|p2b: Zoroark|1
|-damage|p2b: Zoroark|0 fnt
|faint|p2b: Zoroark
|move|p2a: Ninetales|Blizzard|p1b: Sneasler|[spread] p1a,p1b
|-resisted|p1a: Incineroar|1
|-damage|p1a: Incineroar|74/100
|-damage|p1b: Sneasler|65/100
|
|-weather|Snowscape|[upkeep]
|upkeep
|
|t:|1785161145
|switch|p2b: Staraptor|Staraptor, L50, M|100/100
|-ability|p2b: Staraptor|Intimidate|boost
|-unboost|p1a: Incineroar|atk|1
|-unboost|p1b: Sneasler|atk|1
|turn|3
|
|t:|1785161164
|detailschange|p2b: Staraptor|Staraptor-Mega, L50, M
|-mega|p2b: Staraptor|Staraptor|Staraptite
|move|p2b: Staraptor|Protect|p2b: Staraptor
|-singleturn|p2b: Staraptor|Protect
|move|p1a: Incineroar|Fake Out|p2b: Staraptor
|-activate|p2b: Staraptor|move: Protect
|move|p1b: Sneasler|Poison Jab|p2a: Ninetales
|-supereffective|p2a: Ninetales|1
|-damage|p2a: Ninetales|67/100
|move|p2a: Ninetales|Blizzard|p1a: Incineroar|[spread] p1a,p1b
|-resisted|p1a: Incineroar|1
|-damage|p1a: Incineroar|64/100
|-damage|p1b: Sneasler|28/100
|-status|p1b: Sneasler|frz
|
|-weather|Snowscape|[upkeep]
|upkeep
|turn|4
|
|t:|1785161209
|switch|p1b: Sinistcha|Sinistcha-Masterpiece, L50|100/100
|-heal|p1a: Incineroar|89/100|[from] ability: Hospitality|[of] p1b: Sinistcha
|move|p2b: Staraptor|Close Combat|p1a: Incineroar
|-supereffective|p1a: Incineroar|1
|-damage|p1a: Incineroar|0 fnt
|-boost|p2b: Staraptor|def|1
|-boost|p2b: Staraptor|spd|1
|faint|p1a: Incineroar
|move|p2a: Ninetales|Blizzard|p1b: Sinistcha
|-supereffective|p1b: Sinistcha|1
|-damage|p1b: Sinistcha|15/100
|
|-weather|Snowscape|[upkeep]
|upkeep
|
|t:|1785161223
|switch|p1a: Delphox|Delphox-Mega, L50, M|18/100
|turn|5
|
|t:|1785161240
|switch|p2a: Garchomp|Garchomp, L50, M, shiny|100/100
|move|p1b: Sinistcha|Rage Powder|p1b: Sinistcha
|-singleturn|p1b: Sinistcha|move: Rage Powder
|move|p1a: Delphox|Heat Wave|p2a: Garchomp|[spread] p2a,p2b
|-resisted|p2a: Garchomp|1
|-damage|p2a: Garchomp|84/100
|-damage|p2b: Staraptor|78/100
|move|p2b: Staraptor|Brave Bird|p1b: Sinistcha
|-supereffective|p1b: Sinistcha|1
|-damage|p1b: Sinistcha|0 fnt
|faint|p1b: Sinistcha
|-damage|p2b: Staraptor|73/100|[from] Recoil
|
|-weather|none
|upkeep
|
|t:|1785161253
|switch|p1b: Sneasler|Sneasler, L50, F|28/100 frz
|turn|6
|
|t:|1785161268
|-curestatus|p1b: Sneasler|frz|[msg]
|move|p1b: Sneasler|Fake Out|p2a: Garchomp
|-damage|p2a: Garchomp|76/100
|-damage|p1b: Sneasler|16/100|[from] ability: Rough Skin|[of] p2a: Garchomp
|move|p1a: Delphox|Heat Wave|p2a: Garchomp|[spread] p2a,p2b
|-resisted|p2a: Garchomp|1
|-damage|p2a: Garchomp|61/100
|-damage|p2b: Staraptor|50/100g
|move|p2b: Staraptor|Close Combat|p1a: Delphox
|-resisted|p1a: Delphox|1
|-damage|p1a: Delphox|0 fnt
|-boost|p2b: Staraptor|def|1
|-boost|p2b: Staraptor|spd|1
|faint|p1a: Delphox
|cant|p2a: Garchomp|flinch
|
|upkeep
|turn|7
|-message|Guludegou9394 forfeited.
|
|win|12yueh25
|l|☆Guludegou9394
|player|p1|
