|j|☆tacoman007
|j|☆genist
|html|tacoman007genist    
|uhtml|bestof|Game 1 of a best-of-3
|t:|1784542139
|gametype|doubles
|player|p1|tacoman007|170|1103
|player|p2|genist|psychic|1110
|gen|9
|tier|[Gen 9 Champions] VGC 2026 Reg M-B (Bo3)
|rated|
|rule|Species Clause: Limit one of each Pokémon
|rule|Item Clause: Limit 1 of each item
|clearpoke
|poke|p1|Lopunny, L50, M|
|poke|p1|Gholdengo, L50|
|poke|p1|Talonflame, L50, F|
|poke|p1|Farigiraf, L50, M|
|poke|p1|Araquanid, L50, M|
|poke|p1|Ampharos, L50, F|
|poke|p2|Reuniclus, L50, F|
|poke|p2|Malamar, L50, M|
|poke|p2|Eelektross, L50, F|
|poke|p2|Whimsicott, L50, M|
|poke|p2|Kangaskhan, L50, F|
|poke|p2|Skarmory, L50, F|
|teampreview|4
|showteam|p1|Lopunny||Lopunnite|CuteCharm|FakeOut,CloseCombat,SwordsDance,Protect|Jolly||M|||50|]Gholdengo||ChoiceScarf|GoodasGold|FlashCannon,ShadowBall,PowerGem,Psychic|Modest|||||50|]Talonflame||FocusSash|GaleWings|BraveBird,Tailwind,Taunt,Protect|Jolly||F|||50|]Farigiraf||SitrusBerry|ArmorTail|HyperVoice,TrickRoom,Imprison,Protect|Quiet||M|||50|]Araquanid||LifeOrb|WaterBubble|Liquidation,LeechLife,WideGuard,Protect|Brave||M|||50|]Ampharos||Ampharosite|Static|VoltSwitch,Thunderbolt,DragonPulse,DazzlingGleam|Quiet||F|||50|
|showteam|p2|Reuniclus||LifeOrb|MagicGuard|Psychic,TrickRoom,Recover,LightScreen|Modest||F|||50|]Malamar||SitrusBerry|Contrary|Superpower,BatonPass,KnockOff,PsychoCut|Impish||M|||50|]Eelektross||Eelektrossite|Levitate|DrainPunch,RockSlide,SupercellSlam,PsychicFangs|Adamant||F|||50|]Whimsicott||FocusSash|Prankster|DazzlingGleam,Encore,Tailwind,Tickle|Bold||M|||50|]Kangaskhan||SilkScarf|Scrappy|DoubleEdge,FakeOut,Protect,RockSlide|Adamant||F|||50|]Skarmory||Skarmorite|Sturdy|BraveBird,Roost,Feint,BodyPress|Adamant||F|||50|
|inactive|Battle timer is ON: inactive players will automatically lose when time's up. (requested by genist)
|
|t:|1784542232
|teamsize|p1|4
|teamsize|p2|4
|start
|switch|p1a: Lopunny|Lopunny, L50, M|100/100
|switch|p1b: Gholdengo|Gholdengo, L50|100/100
|switch|p2a: Malamar|Malamar, L50, M|100/100
|switch|p2b: Reuniclus|Reuniclus, L50, F|100/100
|turn|1
|inactive|tacoman007 has 30 seconds left.
|inactive|tacoman007 has 20 seconds left.
|inactive|tacoman007 has 15 seconds left.
|inactive|genist has 30 seconds left.
|inactive|tacoman007 has 10 seconds left.
|
|t:|1784542280
|detailschange|p1a: Lopunny|Lopunny-Mega, L50, M
|-mega|p1a: Lopunny|Lopunny|Lopunnite
|move|p1a: Lopunny|Fake Out|p2b: Reuniclus
|-damage|p2b: Reuniclus|81/100
|move|p1b: Gholdengo|Shadow Ball|p2b: Reuniclus
|-supereffective|p2b: Reuniclus|1
|-damage|p2b: Reuniclus|1/100
|-unboost|p2b: Reuniclus|spd|1
|move|p2a: Malamar|Knock Off|p1b: Gholdengo
|-supereffective|p1b: Gholdengo|1
|-damage|p1b: Gholdengo|25/100
|-enditem|p1b: Gholdengo|Choice Scarf|[from] move: Knock Off|[of] p2a: Malamar
|cant|p2b: Reuniclus|flinch
|
|upkeep
|turn|2
|inactive|tacoman007 has 30 seconds left.
|inactive|genist has 30 seconds left.
|inactive|tacoman007 has 20 seconds left.
|inactive|tacoman007 has 15 seconds left.
|inactive|tacoman007 has 10 seconds left.
|
|t:|1784542330
|switch|p1a: Talonflame|Talonflame, L50, F|100/100
|move|p1b: Gholdengo|Shadow Ball|p2b: Reuniclus
|-supereffective|p2b: Reuniclus|1
|-damage|p2b: Reuniclus|0 fnt
|faint|p2b: Reuniclus
|move|p2a: Malamar|Knock Off|p1b: Gholdengo
|-supereffective|p1b: Gholdengo|1
|-damage|p1b: Gholdengo|0 fnt
|faint|p1b: Gholdengo
|
|upkeep
|
|t:|1784542343
|switch|p1b: Lopunny|Lopunny-Mega, L50, M|100/100
|switch|p2b: Kangaskhan|Kangaskhan, L50, F|100/100
|turn|3
|inactive|tacoman007 has 30 seconds left.
|
|t:|1784542376
|move|p1b: Lopunny|Fake Out|p2a: Malamar
|-damage|p2a: Malamar|81/100
|move|p2b: Kangaskhan|Fake Out|p1a: Talonflame
|-damage|p1a: Talonflame|65/100
|cant|p1a: Talonflame|flinch
|cant|p2a: Malamar|flinch
|
|upkeep
|turn|4
|
|t:|1784542399
|move|p1b: Lopunny|Close Combat|p2b: Kangaskhan
|-supereffective|p2b: Kangaskhan|1
|-damage|p2b: Kangaskhan|0 fnt
|-unboost|p1b: Lopunny|def|1
|-unboost|p1b: Lopunny|spd|1
|faint|p2b: Kangaskhan
|move|p1a: Talonflame|Brave Bird|p2a: Malamar
|-damage|p2a: Malamar|37/100
|-enditem|p2a: Malamar|Sitrus Berry|[eat]
|-heal|p2a: Malamar|62/100|[from] item: Sitrus Berry
|-damage|p1a: Talonflame|47/100|[from] Recoil
|move|p2a: Malamar|Superpower|p1b: Lopunny
|-supereffective|p1b: Lopunny|1
|-damage|p1b: Lopunny|1/100
|-boost|p2a: Malamar|atk|1
|-boost|p2a: Malamar|def|1
|
|upkeep
|
|t:|1784542414
|switch|p2b: Eelektross|Eelektross, L50, F|100/100
|turn|5
|inactive|tacoman007 has 30 seconds left.
|inactive|tacoman007 has 20 seconds left.
|
|t:|1784542454
|detailschange|p2b: Eelektross|Eelektross-Mega, L50, F
|-mega|p2b: Eelektross|Eelektross|Eelektrossite
|move|p1b: Lopunny|Close Combat|p2a: Malamar
|-crit|p2a: Malamar
|-damage|p2a: Malamar|0 fnt
|-unboost|p1b: Lopunny|def|1
|-unboost|p1b: Lopunny|spd|1
|faint|p2a: Malamar
|move|p1a: Talonflame|Brave Bird|p2b: Eelektross
|-resisted|p2b: Eelektross|1
|-damage|p2b: Eelektross|74/100
|-damage|p1a: Talonflame|36/100|[from] Recoil
|move|p2b: Eelektross|Rock Slide|p1a: Talonflame|[spread] p1a,p1b
|-supereffective|p1a: Talonflame|2
|-resisted|p1b: Lopunny|1
|-damage|p1a: Talonflame|0 fnt
|-damage|p1b: Lopunny|0 fnt
|faint|p1a: Talonflame
|faint|p1b: Lopunny
|-ability|p2b: Eelektross|Eelevate|boost
|-boost|p2b: Eelektross|atk|2
|
|upkeep
|
|t:|1784542468
|switch|p1b: Farigiraf|Farigiraf, L50, M|100/100
|turn|6
|
|t:|1784542475
|move|p2b: Eelektross|Supercell Slam|p1b: Farigiraf
|-damage|p1b: Farigiraf|0 fnt
|faint|p1b: Farigiraf
|
|win|genist
||tacoman007 is ready for game 2.
||genist is ready for game 2.
|uhtml|next|Next: Game 2 of 3
|l|☆tacoman007
|player|p1|
