|j|☆robby w
|j|☆Filippo1226
|html|robby wFilippo1226    
|uhtml|bestof|Game 1 of a best-of-3
|t:|1756661154
|gametype|doubles
|player|p1|robby w|pokefan-gen4|1304
|player|p2|Filippo1226|dragontamer|1308
|gen|9
|tier|[Gen 9] VGC 2025 Reg H (Bo3)
|rated|
|rule|Species Clause: Limit one of each Pokémon
|rule|Item Clause: Limit 1 of each item
|clearpoke
|poke|p1|Dondozo, L50, M|
|poke|p1|Tatsugiri, L50, M|
|poke|p1|Sneasler, L50, F|
|poke|p1|Indeedee, L50, M|
|poke|p1|Archaludon, L50, M|
|poke|p1|Pelipper, L50, F|
|poke|p2|Talonflame, L50, F|
|poke|p2|Kommo-o, L50, M|
|poke|p2|Mamoswine, L50, F|
|poke|p2|Gholdengo, L50|
|poke|p2|Persian-Alola, L50, M|
|poke|p2|Gallade, L50, M|
|teampreview|4
|showteam|p1|Dondozo||Leftovers|Unaware|Protect,WaveCrash,Earthquake,OrderUp|||M|||50|,,,,,Grass]Tatsugiri||ChoiceScarf|Commander|DragonPulse,IcyWind,DracoMeteor,MuddyWater|||M|||50|,,,,,Stellar]Sneasler||PsychicSeed|Unburden|DireClaw,CloseCombat,Protect,ThroatChop|||F|||50|,,,,,Dark]Indeedee||FocusSash|PsychicSurge|DazzlingGleam,HelpingHand,ExpandingForce,Protect|||M|||50|,,,,,Fairy]Archaludon||AssaultVest|Stamina|BodyPress,FlashCannon,ElectroShot,DracoMeteor|||M|||50|,,,,,Fighting]Pelipper||CovertCloak|Drizzle|Tailwind,WeatherBall,Protect,Hurricane|||F|||50|,,,,,Water
|showteam|p2|Talonflame||CovertCloak|GaleWings|BraveBird,FlareBlitz,Tailwind,QuickGuard|||F|||50|,,,,,Stellar]Kommo-o||ChoiceSpecs|Bulletproof|ClangingScales,Flamethrower,AuraSphere,DracoMeteor|||M|||50|,,,,,Dragon]Mamoswine||LoadedDice|Oblivious|IcicleSpear,Earthquake,HighHorsepower,Protect|||F|||50|,,,,,Ground]Gholdengo||LifeOrb|GoodasGold|MakeItRain,ShadowBall,NastyPlot,Protect||||||50|,,,,,Water]Persian-Alola||AssaultVest|FurCoat|FoulPlay,FakeOut,IcyWind,Uturn|||M|||50|,,,,,Bug]Gallade||SitrusBerry|Sharpness|SacredSword,Imprison,TrickRoom,PsychoCut|||M|||50|,,,,,Dark
|inactive|Battle timer is ON: inactive players will automatically lose when time's up. (requested by robby w)
|
|t:|1756661199
|teamsize|p1|4
|teamsize|p2|4
|start
|switch|p1a: Sneasler|Sneasler, L50, F|100/100
|switch|p1b: Indeedee|Indeedee, L50, M|100/100
|switch|p2a: Talonflame|Talonflame, L50, F|100/100
|switch|p2b: Persian|Persian-Alola, L50, M|100/100
|-fieldstart|move: Psychic Terrain|[from] ability: Psychic Surge|[of] p1b: Indeedee
|-enditem|p1a: Sneasler|Psychic Seed
|-boost|p1a: Sneasler|spd|1|[from] item: Psychic Seed
|turn|1
|inactive|robby w has 30 seconds left.
|
|t:|1756661225
|-terastallize|p2b: Persian|Bug
|move|p2a: Talonflame|Tailwind|p2a: Talonflame
|-sidestart|p2: Filippo1226|move: Tailwind
|move|p1a: Sneasler|Close Combat|p2b: Persian
|-resisted|p2b: Persian
|-damage|p2b: Persian|73/100
|-unboost|p1a: Sneasler|def|1
|-unboost|p1a: Sneasler|spd|1
|move|p2b: Persian|Icy Wind|p1a: Sneasler|[spread] p1a,p1b
|-damage|p1a: Sneasler|92/100
|-damage|p1b: Indeedee|91/100
|-unboost|p1a: Sneasler|spe|1
|-unboost|p1b: Indeedee|spe|1
|move|p1b: Indeedee|Expanding Force|p2a: Talonflame|[spread] p2a,p2b
|-damage|p2a: Talonflame|19/100
|-damage|p2b: Persian|25/100
|
|upkeep
|turn|2
|
|t:|1756661247
|move|p1a: Sneasler|Protect|p1a: Sneasler
|-singleturn|p1a: Sneasler|Protect
|move|p2a: Talonflame|Brave Bird|p1a: Sneasler
|-activate|p1a: Sneasler|move: Protect
|move|p2b: Persian|U-turn|p1b: Indeedee
|-supereffective|p1b: Indeedee
|-damage|p1b: Indeedee|24/100
|
|t:|1756661255
|switch|p2b: Gholdengo|Gholdengo, L50|100/100|[from] U-turn
|move|p1b: Indeedee|Expanding Force|p2b: Gholdengo|[spread] p2a,p2b
|-resisted|p2b: Gholdengo
|-damage|p2a: Talonflame|0 fnt
|-damage|p2b: Gholdengo|69/100
|faint|p2a: Talonflame
|
|upkeep
|
|t:|1756661264
|switch|p2a: Persian|Persian-Alola, L50, M, tera:Bug|25/100
|turn|3
|
|t:|1756661276
|switch|p1a: Dondozo|Dondozo, L50, M, shiny|100/100
|move|p1b: Indeedee|Protect|p1b: Indeedee
|-singleturn|p1b: Indeedee|Protect
|move|p2a: Persian|Foul Play|p1a: Dondozo
|-damage|p1a: Dondozo|66/100
|move|p2b: Gholdengo|Make It Rain|p1a: Dondozo|[spread] p1a
|-activate|p1b: Indeedee|move: Protect
|-resisted|p1a: Dondozo
|-damage|p1a: Dondozo|33/100
|-unboost|p2b: Gholdengo|spa|1
|-damage|p2b: Gholdengo|59/100|[from] item: Life Orb
|
|-heal|p1a: Dondozo|39/100|[from] item: Leftovers
|upkeep
|turn|4
|inactive|robby w has 30 seconds left.
|inactive|Filippo1226 has 30 seconds left.
|
|t:|1756661301
|switch|p1b: Tatsugiri|Tatsugiri, L50, M|100/100
|-activate|p1b: Tatsugiri|ability: Commander|[of] p1a: Dondozo
|-boost|p1a: Dondozo|atk|2
|-boost|p1a: Dondozo|spa|2
|-boost|p1a: Dondozo|spe|2
|-boost|p1a: Dondozo|def|2
|-boost|p1a: Dondozo|spd|2
|move|p2a: Persian|Foul Play|p1a: Dondozo
|-damage|p1a: Dondozo|23/100
|move|p2b: Gholdengo|Make It Rain|p1a: Dondozo|[spread] p1a
|-miss|p2b: Gholdengo|p1b: Tatsugiri
|-resisted|p1a: Dondozo
|-damage|p1a: Dondozo|6/100
|-unboost|p2b: Gholdengo|spa|1
|-damage|p2b: Gholdengo|49/100|[from] item: Life Orb
|move|p1a: Dondozo|Earthquake|p2b: Gholdengo|[spread] p2a,p2b
|-miss|p1a: Dondozo|p1b: Tatsugiri
|-resisted|p2a: Persian
|-supereffective|p2b: Gholdengo
|-damage|p2a: Persian|6/100
|-damage|p2b: Gholdengo|0 fnt
|faint|p2b: Gholdengo
|
|-heal|p1a: Dondozo|12/100|[from] item: Leftovers
|-sideend|p2: Filippo1226|move: Tailwind
|upkeep
|
|t:|1756661321
|switch|p2b: Kommo-o|Kommo-o, L50, M|100/100
|turn|5
|
|t:|1756661338
|move|p1a: Dondozo|Protect|p1a: Dondozo
|-singleturn|p1a: Dondozo|Protect
|move|p2a: Persian|Foul Play|p1a: Dondozo
|-activate|p1a: Dondozo|move: Protect
|move|p2b: Kommo-o|Clanging Scales|p1a: Dondozo|[spread] 
|-miss|p2b: Kommo-o|p1b: Tatsugiri
|-activate|p1a: Dondozo|move: Protect
|
|-heal|p1a: Dondozo|18/100|[from] item: Leftovers
|-fieldend|move: Psychic Terrain
|upkeep
|turn|6
|
|t:|1756661359
|move|p1a: Dondozo|Earthquake|p2b: Kommo-o|[spread] p2a,p2b
|-miss|p1a: Dondozo|p1b: Tatsugiri
|-resisted|p2a: Persian
|-damage|p2a: Persian|0 fnt
|-damage|p2b: Kommo-o|50/100
|faint|p2a: Persian
|move|p2b: Kommo-o|Clanging Scales|p1a: Dondozo|[spread] p1a
|-miss|p2b: Kommo-o|p1b: Tatsugiri
|-damage|p1a: Dondozo|0 fnt
|faint|p1a: Dondozo
|-unboost|p2b: Kommo-o|def|1
|
|upkeep
|-message|Filippo1226 forfeited.
|
|win|robby w
||Filippo1226 is ready for game 2.
|inactive|robby w has 30 seconds to confirm battle start!
||robby w is ready for game 2.
|uhtml|next|Next: Game 2 of 3
|l|☆Filippo1226
|player|p2|
