|j|☆INKevin
|j|☆tajinvgc
|html|INKevintajinvgc    
|uhtml|bestof|Game 1 of a best-of-3
|t:|1784597793
|gametype|doubles
|player|p1|INKevin|101|1143
|player|p2|tajinvgc|palmer|1166
|gen|9
|tier|[Gen 9 Champions] VGC 2026 Reg M-B (Bo3)
|rated|
|rule|Species Clause: Limit one of each Pokémon
|rule|Item Clause: Limit 1 of each item
|clearpoke
|poke|p1|Alakazam, L50, M, shiny|
|poke|p1|Meowstic, L50, M, shiny|
|poke|p1|Meowscarada, L50, F|
|poke|p1|Delphox, L50, M|
|poke|p1|Primarina, L50, M|
|poke|p1|Sneasler, L50, M|
|poke|p2|Aerodactyl, L50, M|
|poke|p2|Garchomp, L50, M|
|poke|p2|Kingambit, L50, F|
|poke|p2|Charizard, L50, M|
|poke|p2|Sylveon, L50, M|
|poke|p2|Farigiraf, L50, M|
|teampreview|4
|showteam|p1|Alakazam||Alakazite|InnerFocus|ExpandingForce,DazzlingGleam,ShadowBall,Protect|Timid||M|||50|]Meowstic||FocusSash|Prankster|FakeOut,PsychicTerrain,Reflect,LightScreen|Bold||M|||50|]Meowscarada||ChoiceScarf|Protean|FlowerTrick,KnockOff,TripleAxel,Uturn|Jolly||F|||50|]Delphox||Delphoxite|Blaze|Protect,HeatWave,NastyPlot,Psyshock|Timid||M|||50|]Primarina||Leftovers|LiquidVoice|HyperVoice,Protect,Moonblast,CalmMind|Modest||M|||50|]Sneasler||WhiteHerb|Unburden|CloseCombat,FakeOut,DireClaw,Protect|Jolly||M|||50|
|showteam|p2|Aerodactyl||Aerodactylite|RockHead|RockSlide,DualWingbeat,Tailwind,IceFang|Jolly||M|||50|]Garchomp||LifeOrb|RoughSkin|DragonClaw,Earthquake,Protect,StompingTantrum|Jolly||M|||50|]Kingambit||FocusSash|Defiant|SuckerPunch,KowtowCleave,IronHead,LowKick|Adamant||F|||50|]Charizard||CharizarditeY|Blaze|Protect,WeatherBall,HeatWave,SolarBeam|Modest||M|||50|]Sylveon||FairyFeather|Pixilate|Protect,HyperVoice,HyperBeam,QuickAttack|Modest||M|||50|]Farigiraf||SitrusBerry|ArmorTail|TrickRoom,Thunderbolt,Roar,Psychic|Bold||M|||50|
|inactive|Battle timer is ON: inactive players will automatically lose when time's up. (requested by tajinvgc)
|inactive|INKevin also wants the timer to be on.
|inactive|INKevin has 60 seconds left.
|
|t:|1784597827
|teamsize|p1|4
|teamsize|p2|4
|start
|switch|p1a: Alakazam|Alakazam, L50, M, shiny|100/100
|switch|p1b: Meowstic|Meowstic, L50, M, shiny|100/100
|switch|p2a: Aerodactyl|Aerodactyl, L50, M|100/100
|switch|p2b: Kingambit|Kingambit, L50, F|100/100
|turn|1
|
|t:|1784597851
|switch|p2a: Farigiraf|Farigiraf, L50, M|100/100
|switch|p1a: Sneasler|Sneasler, L50, M|100/100
|move|p1b: Meowstic|Fake Out||[still]
|cant|p2a: Farigiraf|ability: Armor Tail|Fake Out|[of] p1b: Meowstic
|move|p2b: Kingambit|Kowtow Cleave|p1a: Sneasler
|-resisted|p1a: Sneasler|1
|-damage|p1a: Sneasler|55/100
|
|upkeep
|turn|2
|
|t:|1784597874
|switch|p1b: Primarina|Primarina, L50, M|100/100
|move|p1a: Sneasler|Close Combat|p2b: Kingambit
|-supereffective|p2b: Kingambit|2
|-enditem|p2b: Kingambit|Focus Sash
|-damage|p2b: Kingambit|1/100
|-unboost|p1a: Sneasler|def|1
|-unboost|p1a: Sneasler|spd|1
|-enditem|p1a: Sneasler|White Herb
|-clearnegativeboost|p1a: Sneasler|[silent]
|move|p2b: Kingambit|Kowtow Cleave|p1b: Primarina
|-resisted|p1b: Primarina|1
|-damage|p1b: Primarina|71/100
|move|p2a: Farigiraf|Trick Room|p2a: Farigiraf
|-fieldstart|move: Trick Room|[of] p2a: Farigiraf
|
|-heal|p1b: Primarina|77/100|[from] item: Leftovers
|upkeep
|turn|3
|inactive|INKevin has 30 seconds left.
|inactive|tajinvgc has 30 seconds left.
|inactive|tajinvgc has 20 seconds left.
|inactive|tajinvgc has 15 seconds left.
|
|t:|1784597915
|switch|p2b: Sylveon|Sylveon, L50, M|100/100
|switch|p1a: Alakazam|Alakazam, L50, M, shiny|100/100
|move|p1b: Primarina|Hyper Voice|p2b: Sylveon|[spread] p2a,p2b
|-damage|p2a: Farigiraf|65/100
|-damage|p2b: Sylveon|70/100
|move|p2a: Farigiraf|Roar|p1b: Primarina
|drag|p1b: Meowstic|Meowstic, L50, M, shiny|100/100
|
|upkeep
|turn|4
|inactive|INKevin has 30 seconds left.
|inactive|tajinvgc has 30 seconds left.
|inactive|INKevin has 20 seconds left.
|
|t:|1784597952
|detailschange|p1a: Alakazam|Alakazam-Mega, L50, M, shiny
|-mega|p1a: Alakazam|Alakazam|Alakazite
|-ability|p1a: Alakazam|Armor Tail|Trace|[from] ability: Trace|[of] p2a: Farigiraf
|move|p1b: Meowstic|Psychic Terrain|p1b: Meowstic
|-fieldstart|move: Psychic Terrain
|move|p2b: Sylveon|Hyper Beam|p1a: Alakazam
|-damage|p1a: Alakazam|0 fnt
|-mustrecharge|p2b: Sylveon
|faint|p1a: Alakazam
|move|p2a: Farigiraf|Roar|p2b: Sylveon
|drag|p2b: Aerodactyl|Aerodactyl, L50, M|100/100
|
|upkeep
|
|t:|1784597967
|switch|p1a: Primarina|Primarina, L50, M|77/100
|turn|5
|inactive|tajinvgc has 30 seconds left.
|
|t:|1784597997
|switch|p2b: Kingambit|Kingambit, L50, F|1/100
|move|p1b: Meowstic|Reflect|p1b: Meowstic
|-sidestart|p1: INKevin|Reflect
|move|p1a: Primarina|Hyper Voice|p2b: Kingambit|[spread] p2a,p2b
|-damage|p2a: Farigiraf|32/100
|-damage|p2b: Kingambit|0 fnt
|-enditem|p2a: Farigiraf|Sitrus Berry|[eat]
|-heal|p2a: Farigiraf|57/100|[from] item: Sitrus Berry
|faint|p2b: Kingambit
|move|p2a: Farigiraf|Thunderbolt|p1a: Primarina
|-supereffective|p1a: Primarina|1
|-damage|p1a: Primarina|40/100
|
|-heal|p1a: Primarina|46/100|[from] item: Leftovers
|upkeep
|
|t:|1784598021
|switch|p2b: Sylveon|Sylveon, L50, M|70/100
|turn|6
|
|t:|1784598038
|switch|p1b: Sneasler|Sneasler, L50, M|55/100
|move|p1a: Primarina|Protect|p1a: Primarina
|-singleturn|p1a: Primarina|Protect
|move|p2a: Farigiraf|Thunderbolt|p1a: Primarina
|-activate|p1a: Primarina|move: Protect
|move|p2b: Sylveon|Hyper Voice|p1b: Sneasler|[spread] p1b
|-activate|p1a: Primarina|move: Protect
|-damage|p1b: Sneasler|0 fnt
|faint|p1b: Sneasler
|
|-heal|p1a: Primarina|52/100|[from] item: Leftovers
|-fieldend|move: Trick Room
|upkeep
|
|t:|1784598041
|switch|p1b: Meowstic|Meowstic, L50, M, shiny|100/100
|turn|7
|
|t:|1784598061
|move|p1b: Meowstic|Light Screen|p1b: Meowstic
|-sidestart|p1: INKevin|move: Light Screen
|move|p2b: Sylveon|Hyper Beam|p1a: Primarina
|-damage|p1a: Primarina|0 fnt
|-mustrecharge|p2b: Sylveon
|faint|p1a: Primarina
|move|p2a: Farigiraf|Thunderbolt|p1b: Meowstic
|-damage|p1b: Meowstic|82/100
|
|upkeep
|turn|8
|-message|INKevin forfeited.
|
|win|tajinvgc
|l|☆INKevin
|player|p1|
