|j|â˜†cuajerones
|j|â˜†rojo53
|html|cuajeronesrojo53    
|uhtml|bestof|Game 3 of a best-of-3
|t:|1783247215
|gametype|doubles
|player|p1|cuajerones|youngn|
|player|p2|rojo53|adaman|
|gen|9
|tier|[Gen 9 Champions] VGC 2026 Reg M-B (Bo3)
|rule|Species Clause: Limit one of each PokÃ©mon
|rule|Item Clause: Limit 1 of each item
|clearpoke
|poke|p1|Milotic, L50, F|
|poke|p1|Ceruledge, L50, M|
|poke|p1|Ninetales-Alola, L50, F, shiny|
|poke|p1|Raichu, L50, M|
|poke|p1|Incineroar, L50, F|
|poke|p1|Sneasler, L50, M|
|poke|p2|Tyranitar, L50, M|
|poke|p2|Excadrill, L50, F|
|poke|p2|Gyarados, L50, F|
|poke|p2|Mimikyu, L50, M|
|poke|p2|Typhlosion-Hisui, L50, F|
|poke|p2|Kingambit, L50, M|
|teampreview|4
|showteam|p1|Milotic||Leftovers|Competitive|Recover,Coil,Hypnosis,MuddyWater|Calm||F|||50|]Ceruledge||ColburBerry|FlashFire|Protect,BulkUp,BitterBlade,ShadowSneak|Adamant||M|||50|]Ninetales-Alola||NeverMeltIce|SnowWarning|Protect,Encore,Blizzard,FreezeDry|Timid||F|||50|]Raichu||RaichuniteY|LightningRod|FakeOut,FocusBlast,ZapCannon,Protect|Timid||M|||50|]Incineroar||SitrusBerry|Intimidate|FlareBlitz,FakeOut,PartingShot,ThroatChop|Impish||F|||50|]Sneasler||FocusSash|PoisonTouch|CloseCombat,DireClaw,FakeOut,Protect|Jolly||M|||50|
|showteam|p2|Tyranitar||Tyranitarite|SandStream|RockSlide,KnockOff,DragonDance,Protect|Adamant||M|||50|]Excadrill||FocusSash|SandRush|RockSlide,HighHorsepower,IronHead,Protect|Adamant||F|||50|]Gyarados||SitrusBerry|Intimidate|Waterfall,IceFang,DragonDance,Protect|Adamant||F|||50|]Mimikyu||WhiteHerb|Disguise|PlayRough,ShadowSneak,ShadowClaw,Protect|Adamant||M|||50|]Typhlosion-Hisui||ChoiceScarf|Blaze|HeatWave,ShadowBall,Overheat,Eruption|Modest||F|||50|]Kingambit||BlackGlasses|Defiant|KowtowCleave,SuckerPunch,IronHead,Protect|Adamant||M|||50|
|j| LOP Lelouch
|j| znain
|j| MrBanana45
|inactive|Battle timer is ON: inactive players will automatically lose when time's up. (requested by cuajerones)
|j| Lugiaâ–¼â–²Â²JP
|inactiveoff|Battle timer is now OFF.
|j| Posho
|inactive|Battle timer is ON: inactive players will automatically lose when time's up. (requested by rojo53)
|j| piablos
|c| Lugiaâ–¼â–²Â²JP|que tensiÃ³n tio
|c|â˜†cuajerones|esto del timer es un juego mental
|c|â˜†cuajerones|y ya me dio down como visteis
|inactive|cuajerones has 30 seconds left.
|c| znain|Hasta quÃ© se te vaya la luz(?
|c| Posho|me encanta como se pueden robar los teams
|inactive|cuajerones has 20 seconds left.
|inactive|cuajerones has 15 seconds left.
|inactive|cuajerones has 10 seconds left.
|inactive|cuajerones has 5 seconds left.
|
|t:|1783247283
|teamsize|p1|4
|teamsize|p2|4
|start
|switch|p1a: Milotic|Milotic, L50, F|100/100
|switch|p1b: Incineroar|Incineroar, L50, F|100/100
|switch|p2a: Typhlosion|Typhlosion-Hisui, L50, F|100/100
|switch|p2b: Mimi|Mimikyu, L50, M|100/100
|-ability|p1b: Incineroar|Intimidate|boost
|-unboost|p2a: Typhlosion|atk|1
|-unboost|p2b: Mimi|atk|1
|-enditem|p2b: Mimi|White Herb
|-clearnegativeboost|p2b: Mimi|[silent]
|turn|1
|c| MrBanana45|Ojo
|c| Lugiaâ–¼â–²Â²JP|cambiÃ³ el lead
|c| Lugiaâ–¼â–²Â²JP|historia
|inactive|cuajerones has 30 seconds left.
|inactive|cuajerones has 20 seconds left.
|
|t:|1783247318
|move|p2a: Typhlosion|Shadow Ball|p1a: Milotic
|-damage|p1a: Milotic|72/100
|move|p2b: Mimi|Play Rough|p1a: Milotic
|-damage|p1a: Milotic|39/100
|move|p1a: Milotic|Recover|p1a: Milotic
|-heal|p1a: Milotic|89/100
|move|p1b: Incineroar|Parting Shot|p2a: Typhlosion
|-unboost|p2a: Typhlosion|atk|1
|-unboost|p2a: Typhlosion|spa|1
|
|t:|1783247340
|switch|p1b: Raichu|Raichu, L50, M|100/100|[from] Parting Shot
|
|-heal|p1a: Milotic|95/100|[from] item: Leftovers
|upkeep
|turn|2
|c| znain|Sad
|inactive|rojo53 has 30 seconds left.
|inactive|rojo53 has 20 seconds left.
|
|t:|1783247376
|switch|p2a: Ratatopo|Excadrill, L50, F|100/100
|switch|p1b: Incineroar|Incineroar, L50, F|100/100
|-ability|p1b: Incineroar|Intimidate|boost
|-unboost|p2a: Ratatopo|atk|1
|-unboost|p2b: Mimi|atk|1
|move|p2b: Mimi|Play Rough|p1a: Milotic
|-damage|p1a: Milotic|74/100
|move|p1a: Milotic|Coil|p1a: Milotic
|-boost|p1a: Milotic|atk|1
|-boost|p1a: Milotic|def|1
|-boost|p1a: Milotic|accuracy|1
|
|-heal|p1a: Milotic|80/100|[from] item: Leftovers
|upkeep
|turn|3
|c| MrBanana45|Pleis
|c| piablos|es el peor dia de mi vida
|
|t:|1783247392
|switch|p2a: Typhlosion|Typhlosion-Hisui, L50, F|100/100
|move|p1b: Incineroar|Fake Out|p2a: Typhlosion
|-immune|p2a: Typhlosion
|move|p2b: Mimi|Shadow Claw|p1a: Milotic
|-damage|p1a: Milotic|68/100
|move|p1a: Milotic|Coil|p1a: Milotic
|-boost|p1a: Milotic|atk|1
|-boost|p1a: Milotic|def|1
|-boost|p1a: Milotic|accuracy|1
|
|-heal|p1a: Milotic|74/100|[from] item: Leftovers
|upkeep
|turn|4
|c| piablos|por favor
|c| piablos|por favor
|c| piablos|por favor
|c| Lugiaâ–¼â–²Â²JP|please speed i need this
|inactive|cuajerones has 30 seconds left.
|
|t:|1783247424
|move|p2a: Typhlosion|Shadow Ball|p1a: Milotic
|-damage|p1a: Milotic|47/100
|move|p2b: Mimi|Shadow Claw|p1a: Milotic
|-damage|p1a: Milotic|37/100
|move|p1a: Milotic|Recover|p1a: Milotic
|-heal|p1a: Milotic|87/100
|move|p1b: Incineroar|Parting Shot|p2a: Typhlosion
|-unboost|p2a: Typhlosion|atk|1
|-unboost|p2a: Typhlosion|spa|1
|
|t:|1783247437
|switch|p1b: Raichu|Raichu, L50, M|100/100|[from] Parting Shot
|
|-heal|p1a: Milotic|93/100|[from] item: Leftovers
|upkeep
|turn|5
|c| piablos|es el peor dia de mi vida
|
|t:|1783247444
|switch|p1b: Incineroar|Incineroar, L50, F|100/100
|-ability|p1b: Incineroar|Intimidate|boost
|-unboost|p2a: Typhlosion|atk|1
|-unboost|p2b: Mimi|atk|1
|move|p2a: Typhlosion|Shadow Ball|p1a: Milotic
|-damage|p1a: Milotic|73/100
|move|p2b: Mimi|Shadow Claw|p1a: Milotic
|-damage|p1a: Milotic|66/100
|move|p1a: Milotic|Hypnosis|p2a: Typhlosion
|-status|p2a: Typhlosion|slp|[from] move: Hypnosis
|
|-heal|p1a: Milotic|72/100|[from] item: Leftovers
|upkeep
|turn|6
|c| znain|buenas noches
|
|t:|1783247461
|move|p2b: Mimi|Protect|p2b: Mimi
|-singleturn|p2b: Mimi|Protect
|cant|p2a: Typhlosion|slp
|move|p1a: Milotic|Coil|p1a: Milotic
|-boost|p1a: Milotic|atk|1
|-boost|p1a: Milotic|def|1
|-boost|p1a: Milotic|accuracy|1
|move|p1b: Incineroar|Parting Shot|p2b: Mimi
|-activate|p2b: Mimi|move: Protect
|
|-heal|p1a: Milotic|78/100|[from] item: Leftovers
|upkeep
|turn|7
|
|t:|1783247480
|-curestatus|p2a: Typhlosion|slp|[msg]
|move|p2a: Typhlosion|Shadow Ball|p1a: Milotic
|-damage|p1a: Milotic|58/100
|-unboost|p1a: Milotic|spd|1
|-ability|p1a: Milotic|Competitive|boost
|-boost|p1a: Milotic|spa|2
|move|p2b: Mimi|Shadow Claw|p1a: Milotic
|-damage|p1a: Milotic|52/100
|move|p1a: Milotic|Muddy Water|p2b: Mimi|[spread] p2a,p2b
|-supereffective|p2a: Typhlosion|1
|-damage|p2a: Typhlosion|0 fnt
|-activate|p2b: Mimi|ability: Disguise
|-damage|p2b: Mimi|100/100
|detailschange|p2b: Mimi|Mimikyu-Busted, L50, M
|-damage|p2b: Mimi|87/100|[from] pokemon: Mimikyu-Busted
|faint|p2a: Typhlosion
|move|p1b: Incineroar|Parting Shot|p2b: Mimi
|-unboost|p2b: Mimi|atk|1
|-unboost|p2b: Mimi|spa|1
|
|t:|1783247492
|switch|p1b: Raichu|Raichu, L50, M|100/100|[from] Parting Shot
|
|-heal|p1a: Milotic|58/100|[from] item: Leftovers
|upkeep
|
|t:|1783247497
|switch|p2a: Ratatopo|Excadrill, L50, F|100/100
|turn|8
|c| Posho|Ratatopo (aura)
|c| znain|Arkanes
|inactive|cuajerones has 30 seconds left.
|
|t:|1783247522
|switch|p2b: Tyranitar|Tyranitar, L50, M|100/100
|-weather|Sandstorm|[from] ability: Sand Stream|[of] p2b: Tyranitar
|move|p1b: Raichu|Fake Out|p2a: Ratatopo
|-resisted|p2a: Ratatopo|1
|-damage|p2a: Ratatopo|94/100
|cant|p2a: Ratatopo|flinch
|move|p1a: Milotic|Recover|p1a: Milotic
|-heal|p1a: Milotic|100/100
|
|-weather|Sandstorm|[upkeep]
|-damage|p1b: Raichu|93/100|[from] Sandstorm
|-damage|p1a: Milotic|94/100|[from] Sandstorm
|-heal|p1a: Milotic|100/100|[from] item: Leftovers
|upkeep
|turn|9
|c| Posho|MAGIC RUSH
|
|t:|1783247545
|detailschange|p2b: Tyranitar|Tyranitar-Mega, L50, M
|-mega|p2b: Tyranitar|Tyranitar|Tyranitarite
|move|p1b: Raichu|Protect|p1b: Raichu
|-singleturn|p1b: Raichu|Protect
|move|p2a: Ratatopo|Rock Slide|p1a: Milotic|[spread] p1a
|-activate|p1b: Raichu|move: Protect
|-damage|p1a: Milotic|93/100
|move|p1a: Milotic|Hypnosis|p2a: Ratatopo
|-status|p2a: Ratatopo|slp|[from] move: Hypnosis
|move|p2b: Tyranitar|Dragon Dance|p2b: Tyranitar
|-boost|p2b: Tyranitar|atk|1
|-boost|p2b: Tyranitar|spe|1
|
|-weather|Sandstorm|[upkeep]
|-damage|p1b: Raichu|87/100|[from] Sandstorm
|-damage|p1a: Milotic|87/100|[from] Sandstorm
|-heal|p1a: Milotic|93/100|[from] item: Leftovers
|upkeep
|turn|10
|
|t:|1783247559
|switch|p1b: Incineroar|Incineroar, L50, F|100/100
|-ability|p1b: Incineroar|Intimidate|boost
|-unboost|p2a: Ratatopo|atk|1
|-unboost|p2b: Tyranitar|atk|1
|move|p2b: Tyranitar|Protect|p2b: Tyranitar
|-singleturn|p2b: Tyranitar|Protect
|cant|p2a: Ratatopo|slp
|move|p1a: Milotic|Hypnosis|p2b: Tyranitar
|-activate|p2b: Tyranitar|move: Protect
|
|-weather|Sandstorm|[upkeep]
|-damage|p1a: Milotic|87/100|[from] Sandstorm
|-damage|p1b: Incineroar|94/100|[from] Sandstorm
|-heal|p1a: Milotic|93/100|[from] item: Leftovers
|upkeep
|turn|11
|c| znain|verga ese 60% a sido goat
|
|t:|1783247580
|move|p2b: Tyranitar|Protect||[still]
|-fail|p2b: Tyranitar
|-curestatus|p2a: Ratatopo|slp|[msg]
|move|p2a: Ratatopo|High Horsepower|p1b: Incineroar
|-supereffective|p1b: Incineroar|1
|-damage|p1b: Incineroar|39/100
|-enditem|p1b: Incineroar|Sitrus Berry|[eat]
|-heal|p1b: Incineroar|64/100|[from] item: Sitrus Berry
|move|p1a: Milotic|Hypnosis|p2b: Tyranitar
|-status|p2b: Tyranitar|slp|[from] move: Hypnosis
|move|p1b: Incineroar|Parting Shot|p2b: Tyranitar
|-unboost|p2b: Tyranitar|atk|1
|-unboost|p2b: Tyranitar|spa|1
|
|t:|1783247593
|switch|p1b: Raichu|Raichu, L50, M|87/100|[from] Parting Shot
|
|-weather|Sandstorm|[upkeep]
|-damage|p1b: Raichu|81/100|[from] Sandstorm
|-damage|p1a: Milotic|87/100|[from] Sandstorm
|-heal|p1a: Milotic|93/100|[from] item: Leftovers
|upkeep
|turn|12
|
|t:|1783247609
|cant|p2b: Tyranitar|slp
|move|p1b: Raichu|Fake Out|p2a: Ratatopo
|-resisted|p2a: Ratatopo|1
|-crit|p2a: Ratatopo
|-damage|p2a: Ratatopo|86/100
|cant|p2a: Ratatopo|flinch
|move|p1a: Milotic|Muddy Water|p2a: Ratatopo|[spread] p2a,p2b
|-supereffective|p2a: Ratatopo|1
|-supereffective|p2b: Tyranitar|1
|-damage|p2a: Ratatopo|0 fnt
|-damage|p2b: Tyranitar|56/100 slp
|faint|p2a: Ratatopo
|
|-weather|none
|-heal|p1a: Milotic|99/100|[from] item: Leftovers
|upkeep
|
|t:|1783247613
|switch|p2a: Mimi|Mimikyu-Busted, L50, M|87/100
|turn|13
|
|t:|1783247623
|move|p1b: Raichu|Protect|p1b: Raichu
|-singleturn|p1b: Raichu|Protect
|-curestatus|p2b: Tyranitar|slp|[msg]
|move|p2b: Tyranitar|Protect|p2b: Tyranitar
|-singleturn|p2b: Tyranitar|Protect
|move|p2a: Mimi|Play Rough|p1b: Raichu
|-activate|p1b: Raichu|move: Protect
|move|p1a: Milotic|Muddy Water|p2b: Tyranitar|[spread] p2a
|-activate|p2b: Tyranitar|move: Protect
|-damage|p2a: Mimi|24/100
|-unboost|p2a: Mimi|accuracy|1
|
|-heal|p1a: Milotic|100/100|[from] item: Leftovers
|upkeep
|turn|14
|l| znain
|c|â˜†rojo53|gg
|
|t:|1783247632
|move|p1b: Raichu|Protect||[still]
|-fail|p1b: Raichu
|move|p2a: Mimi|Shadow Claw|p1a: Milotic|[miss]
|-miss|p2a: Mimi|p1a: Milotic
|move|p2b: Tyranitar|Rock Slide|p1b: Raichu|[spread] p1a,p1b
|-damage|p1a: Milotic|92/100
|-damage|p1b: Raichu|41/100
|move|p1a: Milotic|Muddy Water|p2b: Tyranitar|[spread] p2a,p2b
|-supereffective|p2b: Tyranitar|1
|-damage|p2a: Mimi|0 fnt
|-damage|p2b: Tyranitar|0 fnt
|faint|p2a: Mimi
|faint|p2b: Tyranitar
|
|win|cuajerones
|c|â˜†cuajerones|gg
|l| LOP Lelouch
|l|â˜†rojo53
|player|p2|
|l| Lugiaâ–¼â–²Â²JP
|l| MrBanana45
