|j|☆aberracion
|j|☆Gffjbb
|html|aberracionGffjbb    
|uhtml|bestof|Game 1 of a best-of-3
|t:|1756775663
|gametype|doubles
|player|p1|aberracion|pokemaniac|1000
|player|p2|Gffjbb|101|1000
|gen|9
|tier|[Gen 9] VGC 2025 Reg H (Bo3)
|rated|
|rule|Species Clause: Limit one of each Pokémon
|rule|Item Clause: Limit 1 of each item
|clearpoke
|poke|p1|Pelipper, L50, M|
|poke|p1|Archaludon, L50, M|
|poke|p1|Sinistcha, L50|
|poke|p1|Ursaluna, L50, M|
|poke|p1|Dragonite, L50, F|
|poke|p1|Gholdengo, L50|
|poke|p2|Klefki, L50, F|
|poke|p2|Ursaluna-Bloodmoon, L50, M|
|poke|p2|Dragonite, L50, F|
|poke|p2|Archaludon, L50, F|
|poke|p2|Annihilape, L50, F|
|poke|p2|Maushold-Four, L50|
|teampreview|4
|showteam|p1|Pelipper||FocusSash|Drizzle|MuddyWater,Hurricane,WideGuard,Tailwind|||M|||50|,,,,,Ghost]Archaludon||AssaultVest|Stamina|BodyPress,FlashCannon,ElectroShot,Snarl|||M|||50|,,,,,Fighting]Sinistcha||SitrusBerry|Hospitality|MatchaGotcha,LifeDew,RagePowder,TrickRoom||||||50|,,,,,Dark]Ursaluna||FlameOrb|Guts|Protect,Facade,HeadlongRush,Earthquake|||M|||50|,,,,,Ghost]Dragonite||LoadedDice|Multiscale|Protect,ScaleShot,Haze,Tailwind|||F|||50|,,,,,Fairy]Gholdengo||ChoiceScarf|GoodasGold|MakeItRain,ShadowBall,TeraBlast,Trick||||||50|,,,,,Water
|showteam|p2|Klefki||LightClay|Prankster|DazzlingGleam,MistyTerrain,Reflect,LightScreen|||F|||50|,,,,,Water]Ursaluna-Bloodmoon||AssaultVest|MindsEye|BloodMoon,EarthPower,HyperVoice,VacuumWave|||M|||50|,,,,,Water]Dragonite||LoadedDice|Multiscale|ScaleShot,Tailwind,Haze,Protect|||F|||50|,,,,,Steel]Archaludon||PowerHerb|Sturdy|ElectroShot,FlashCannon,DracoMeteor,Protect|||F|||50|,,,,,Grass]Annihilape||Leftovers|Defiant|RageFist,DrainPunch,BulkUp,Protect|||F|||50|,,,,,Fire]Maushold-Four||FocusSash|FriendGuard|BeatUp,FollowMe,Taunt,Protect||||||50|,,,,,Ghost
|inactive|Battle timer is ON: inactive players will automatically lose when time's up. (requested by Gffjbb)
|inactive|aberracion has 60 seconds left.
|
|t:|1756775754
|teamsize|p1|4
|teamsize|p2|4
|start
|switch|p1a: Sinistcha|Sinistcha, L50|100/100
|switch|p1b: Pelipper|Pelipper, L50, M|100/100
|switch|p2a: Archaludon|Archaludon, L50, F|100/100
|switch|p2b: Maushold|Maushold-Four, L50|100/100
|-weather|RainDance|[from] ability: Drizzle|[of] p1b: Pelipper
|turn|1
|
|t:|1756775775
|move|p1a: Sinistcha|Rage Powder|p1a: Sinistcha
|-singleturn|p1a: Sinistcha|move: Rage Powder
|move|p2b: Maushold|Taunt|p1a: Sinistcha
|-start|p1a: Sinistcha|move: Taunt
|move|p2a: Archaludon|Electro Shot||[still]
|-prepare|p2a: Archaludon|Electro Shot
|-boost|p2a: Archaludon|spa|1
|-anim|p2a: Archaludon|Electro Shot|p1a: Sinistcha
|-resisted|p1a: Sinistcha
|-damage|p1a: Sinistcha|71/100
|move|p1b: Pelipper|Tailwind|p1b: Pelipper
|-sidestart|p1: aberracion|move: Tailwind
|
|-weather|RainDance|[upkeep]
|upkeep
|turn|2
|inactive|aberracion has 30 seconds left.
|
|t:|1756775807
|switch|p1a: Ursaluna|Ursaluna, L50, M|100/100
|move|p2b: Maushold|Protect|p2b: Maushold
|-singleturn|p2b: Maushold|Protect
|move|p2a: Archaludon|Protect|p2a: Archaludon
|-singleturn|p2a: Archaludon|Protect
|move|p1b: Pelipper|Hurricane|p2b: Maushold
|-activate|p2b: Maushold|move: Protect
|
|-weather|RainDance|[upkeep]
|-status|p1a: Ursaluna|brn|[from] item: Flame Orb
|upkeep
|turn|3
|inactive|aberracion has 30 seconds left.
|
|t:|1756775836
|-terastallize|p2a: Archaludon|Grass
|move|p2b: Maushold|Follow Me|p2b: Maushold
|-singleturn|p2b: Maushold|move: Follow Me
|move|p1b: Pelipper|Hurricane|p2b: Maushold
|-damage|p2b: Maushold|33/100
|move|p1a: Ursaluna|Earthquake|p2b: Maushold|[spread] p2a,p2b
|-immune|p1b: Pelipper
|-resisted|p2a: Archaludon
|-crit|p2a: Archaludon
|-damage|p2a: Archaludon|67/100
|-damage|p2b: Maushold|0 fnt
|faint|p2b: Maushold
|move|p2a: Archaludon|Draco Meteor|p1a: Ursaluna
|-damage|p1a: Ursaluna|1/100 brn
|-unboost|p2a: Archaludon|spa|2
|
|-weather|RainDance|[upkeep]
|-damage|p1a: Ursaluna|0 fnt|[from] brn
|faint|p1a: Ursaluna
|upkeep
|inactive|aberracion has 30 seconds left.
|
|t:|1756775863
|switch|p2b: Dragonite|Dragonite, L50, F|100/100
|switch|p1a: Archaludon|Archaludon, L50, M|100/100
|turn|4
|
|t:|1756775883
|-terastallize|p1a: Archaludon|Fighting
|move|p2a: Archaludon|Protect|p2a: Archaludon
|-singleturn|p2a: Archaludon|Protect
|move|p2b: Dragonite|Protect|p2b: Dragonite
|-singleturn|p2b: Dragonite|Protect
|move|p1b: Pelipper|Hurricane|p2a: Archaludon
|-activate|p2a: Archaludon|move: Protect
|move|p1a: Archaludon|Electro Shot||[still]
|-prepare|p1a: Archaludon|Electro Shot
|-boost|p1a: Archaludon|spa|1
|-anim|p1a: Archaludon|Electro Shot|p2b: Dragonite
|-activate|p2b: Dragonite|move: Protect
|
|-weather|RainDance|[upkeep]
|-sideend|p1: aberracion|move: Tailwind
|upkeep
|turn|5
|inactive|aberracion has 30 seconds left.
|inactive|aberracion has 20 seconds left.
|inactive|aberracion has 15 seconds left.
|
|t:|1756775926
|switch|p1b: Sinistcha|Sinistcha, L50|71/100
|move|p2a: Archaludon|Electro Shot||[still]
|-prepare|p2a: Archaludon|Electro Shot
|-boost|p2a: Archaludon|spa|1
|-anim|p2a: Archaludon|Electro Shot|p1b: Sinistcha
|-resisted|p1b: Sinistcha
|-damage|p1b: Sinistcha|51/100
|move|p2b: Dragonite|Scale Shot|p1b: Sinistcha
|-damage|p1b: Sinistcha|37/100
|-enditem|p1b: Sinistcha|Sitrus Berry|[eat]
|-heal|p1b: Sinistcha|62/100|[from] item: Sitrus Berry
|-damage|p1b: Sinistcha|49/100
|-damage|p1b: Sinistcha|36/100
|-damage|p1b: Sinistcha|22/100
|-damage|p1b: Sinistcha|10/100
|-hitcount|p1b: Sinistcha|5
|-unboost|p2b: Dragonite|def|1
|-boost|p2b: Dragonite|spe|1
|move|p1a: Archaludon|Body Press|p2a: Archaludon
|-damage|p2a: Archaludon|31/100
|
|-weather|none
|upkeep
|turn|6
|inactive|aberracion has 30 seconds left.
|inactive|Gffjbb has 30 seconds left.
|inactive|aberracion has 20 seconds left.
|inactive|Gffjbb has 20 seconds left.
|
|t:|1756775964
|switch|p1b: Pelipper|Pelipper, L50, M|100/100
|-weather|RainDance|[from] ability: Drizzle|[of] p1b: Pelipper
|move|p2a: Archaludon|Protect|p2a: Archaludon
|-singleturn|p2a: Archaludon|Protect
|move|p2b: Dragonite|Scale Shot|p1b: Pelipper
|-damage|p1b: Pelipper|82/100
|-damage|p1b: Pelipper|62/100
|-damage|p1b: Pelipper|41/100
|-damage|p1b: Pelipper|23/100
|-damage|p1b: Pelipper|3/100
|-hitcount|p1b: Pelipper|5
|-unboost|p2b: Dragonite|def|1
|-boost|p2b: Dragonite|spe|1
|move|p1a: Archaludon|Snarl|p2b: Dragonite|[spread] p2b
|-activate|p2a: Archaludon|move: Protect
|-damage|p2b: Dragonite|92/100
|-unboost|p2b: Dragonite|spa|1
|
|-weather|RainDance|[upkeep]
|upkeep
|turn|7
|inactive|aberracion has 30 seconds left.
|inactive|Gffjbb has 30 seconds left.
|inactive|aberracion has 20 seconds left.
|inactive|aberracion has 15 seconds left.
|inactive|aberracion has 10 seconds left.
|inactive|aberracion has 5 seconds left.
|
|t:|1756776015
|move|p2b: Dragonite|Tailwind|p2b: Dragonite
|-sidestart|p2: Gffjbb|move: Tailwind
|move|p2a: Archaludon|Electro Shot||[still]
|-prepare|p2a: Archaludon|Electro Shot
|-boost|p2a: Archaludon|spa|1
|-anim|p2a: Archaludon|Electro Shot|p1b: Pelipper
|-supereffective|p1b: Pelipper
|-damage|p1b: Pelipper|0 fnt
|faint|p1b: Pelipper
|move|p1a: Archaludon|Body Press|p2b: Dragonite
|-resisted|p2b: Dragonite
|-damage|p2b: Dragonite|50/100
|
|-weather|RainDance|[upkeep]
|upkeep
|
|t:|1756776026
|switch|p1b: Sinistcha|Sinistcha, L50|10/100
|turn|8
|
|t:|1756776040
|move|p2b: Dragonite|Scale Shot|p1b: Sinistcha
|-damage|p1b: Sinistcha|0 fnt
|faint|p1b: Sinistcha
|-hitcount|p1: Sinistcha|1
|-unboost|p2b: Dragonite|def|1
|-boost|p2b: Dragonite|spe|1
|move|p2a: Archaludon|Electro Shot||[still]
|-prepare|p2a: Archaludon|Electro Shot
|-boost|p2a: Archaludon|spa|1
|-anim|p2a: Archaludon|Electro Shot|p1a: Archaludon
|-damage|p1a: Archaludon|46/100
|-ability|p1a: Archaludon|Stamina|boost
|-boost|p1a: Archaludon|def|1
|move|p1a: Archaludon|Body Press|p2a: Archaludon
|-damage|p2a: Archaludon|0 fnt
|faint|p2a: Archaludon
|
|-weather|RainDance|[upkeep]
|upkeep
|
|t:|1756776052
|switch|p2a: Ursaluna|Ursaluna-Bloodmoon, L50, M|100/100
|turn|9
|
|t:|1756776059
|move|p2b: Dragonite|Scale Shot|p1a: Archaludon|[miss]
|-miss|p2b: Dragonite|p1a: Archaludon
|move|p2a: Ursaluna|Blood Moon|p1a: Archaludon
|-damage|p1a: Archaludon|0 fnt
|faint|p1a: Archaludon
|
|win|Gffjbb
||Gffjbb is ready for game 2.
|inactive|aberracion has 30 seconds to confirm battle start!
||aberracion is ready for game 2.
|uhtml|next|Next: Game 2 of 3
