|j|☆Mashuno
|j|☆CasuallyOverC
|html|MashunoCasuallyOverC    
|uhtml|bestof|Game 2 of a best-of-3
|t:|1784416836
|gametype|doubles
|player|p1|Mashuno|harlequin|1185
|player|p2|CasuallyOverC|silver|1227
|gen|9
|tier|[Gen 9 Champions] VGC 2026 Reg M-B (Bo3)
|rated|
|rule|Species Clause: Limit one of each Pokémon
|rule|Item Clause: Limit 1 of each item
|clearpoke
|poke|p1|Blastoise, L50, F|
|poke|p1|Sinistcha, L50|
|poke|p1|Farigiraf, L50, M|
|poke|p1|Sneasler, L50, M|
|poke|p1|Kingambit, L50, F|
|poke|p1|Talonflame, L50, F|
|poke|p2|Azumarill, L50, F|
|poke|p2|Raichu, L50, M|
|poke|p2|Whimsicott, L50, M|
|poke|p2|Pelipper, L50, F|
|poke|p2|Kingambit, L50, F|
|poke|p2|Farigiraf, L50, F|
|teampreview|4
|showteam|p1|Blastoise||Blastoisinite|Torrent|Protect,ShellSmash,WaterSpout,DarkPulse|Modest||F|||50|]Sinistcha||Leftovers|Hospitality|MatchaGotcha,RagePowder,TrickRoom,LifeDew|Bold|||||50|]Farigiraf||SitrusBerry|CudChew|Psychic,TrickRoom,HelpingHand,Thunderbolt|Relaxed||M|||50|]Sneasler||WhiteHerb|Unburden|FakeOut,DireClaw,CloseCombat,RockSlide|Jolly||M|||50|]Kingambit||ChopleBerry|Defiant|Protect,KowtowCleave,SuckerPunch,IronHead|Adamant||F|||50|]Talonflame||FocusSash|GaleWings|Protect,DualWingbeat,Tailwind,RainDance|Jolly||F|||50|
|showteam|p2|Azumarill||SitrusBerry|HugePower|BellyDrum,Protect,AquaJet,PlayRough|Adamant||F|||50|]Raichu||RaichuniteY|LightningRod|Protect,FakeOut,FocusBlast,ZapCannon|Timid||M|||50|]Whimsicott||MentalHerb|Prankster|Safeguard,Moonblast,Encore,Tailwind|Timid||M|||50|]Pelipper||FocusSash|Drizzle|WeatherBall,Protect,Hurricane,Tailwind|Modest||F|||50|]Kingambit||BlackGlasses|Defiant|LowKick,IronHead,SuckerPunch,KowtowCleave|Adamant||F|||50|]Farigiraf||ColburBerry|ArmorTail|TrickRoom,TwinBeam,HelpingHand,Protect|Bold||F|||50|
|
|t:|1784416880
|teamsize|p1|4
|teamsize|p2|4
|start
|switch|p1a: Sneasler|Sneasler, L50, M|100/100
|switch|p1b: Sinistcha|Sinistcha, L50|100/100
|switch|p2a: Whimsicott|Whimsicott, L50, M|100/100
|switch|p2b: Raichu|Raichu, L50, M|100/100
|turn|1
|
|t:|1784416908
|switch|p2a: Farigiraf|Farigiraf, L50, F|100/100
|detailschange|p2b: Raichu|Raichu-Mega-Y, L50, M
|-mega|p2b: Raichu|Raichu|Raichunite Y
|move|p1a: Sneasler|Fake Out||[still]
|cant|p2a: Farigiraf|ability: Armor Tail|Fake Out|[of] p1a: Sneasler
|move|p2b: Raichu|Zap Cannon|p1b: Sinistcha
|-resisted|p1b: Sinistcha|1
|-damage|p1b: Sinistcha|66/100
|-status|p1b: Sinistcha|par
|move|p1b: Sinistcha|Matcha Gotcha|p2a: Farigiraf|[spread] p2b
|-miss|p1b: Sinistcha|p2a: Farigiraf
|-damage|p2b: Raichu|63/100
|-heal|p1b: Sinistcha|80/100 par|[from] drain|[of] p2b: Raichu
|
|-heal|p1b: Sinistcha|86/100 par|[from] item: Leftovers
|upkeep
|turn|2
|
|t:|1784416943
|switch|p2b: Whimsicott|Whimsicott, L50, M|100/100
|move|p1b: Sinistcha|Rage Powder|p1b: Sinistcha
|-singleturn|p1b: Sinistcha|move: Rage Powder
|move|p1a: Sneasler|Dire Claw|p2b: Whimsicott
|-supereffective|p2b: Whimsicott|2
|-damage|p2b: Whimsicott|0 fnt
|faint|p2b: Whimsicott
|move|p2a: Farigiraf|Twin Beam|p1b: Sinistcha
|-damage|p1b: Sinistcha|71/100 par
|-damage|p1b: Sinistcha|55/100 par
|-hitcount|p1b: Sinistcha|2
|
|-heal|p1b: Sinistcha|61/100 par|[from] item: Leftovers
|upkeep
|
|t:|1784416954
|switch|p2b: Raichu|Raichu-Mega-Y, L50, M|63/100
|turn|3
|
|t:|1784417009
|move|p2b: Raichu|Fake Out|p1a: Sneasler
|-damage|p1a: Sneasler|85/100
|move|p1b: Sinistcha|Rage Powder|p1b: Sinistcha
|-singleturn|p1b: Sinistcha|move: Rage Powder
|cant|p1a: Sneasler|flinch
|move|p2a: Farigiraf|Trick Room|p2a: Farigiraf
|-fieldstart|move: Trick Room|[of] p2a: Farigiraf
|
|-heal|p1b: Sinistcha|67/100 par|[from] item: Leftovers
|upkeep
|turn|4
|
|t:|1784417024
|move|p2b: Raichu|Protect|p2b: Raichu
|-singleturn|p2b: Raichu|Protect
|cant|p1b: Sinistcha|par
|move|p2a: Farigiraf|Twin Beam|p1a: Sneasler
|-supereffective|p1a: Sneasler|2
|-damage|p1a: Sneasler|7/100
|-supereffective|p1a: Sneasler|2
|-damage|p1a: Sneasler|0 fnt
|faint|p1a: Sneasler
|-hitcount|p1: Sneasler|2
|
|-heal|p1b: Sinistcha|74/100 par|[from] item: Leftovers
|upkeep
|
|t:|1784417037
|switch|p1a: Kingambit|Kingambit, L50, F|100/100
|turn|5
|
|t:|1784417066
|move|p1b: Sinistcha|Rage Powder|p1b: Sinistcha
|-singleturn|p1b: Sinistcha|move: Rage Powder
|move|p1a: Kingambit|Kowtow Cleave|p2b: Raichu
|-damage|p2b: Raichu|0 fnt
|faint|p2b: Raichu
|move|p2a: Farigiraf|Twin Beam|p1b: Sinistcha
|-damage|p1b: Sinistcha|58/100 par
|-damage|p1b: Sinistcha|43/100 par
|-hitcount|p1b: Sinistcha|2
|
|-heal|p1b: Sinistcha|50/100y par|[from] item: Leftovers
|upkeep
|
|t:|1784417069
|switch|p2b: Azumarill|Azumarill, L50, F|100/100
|turn|6
|
|t:|1784417088
|move|p1b: Sinistcha|Matcha Gotcha|p2b: Azumarill|[spread] p2a,p2b
|-supereffective|p2b: Azumarill|1
|-damage|p2a: Farigiraf|77/100
|-heal|p1b: Sinistcha|64/100 par|[from] drain|[of] p2a: Farigiraf
|-damage|p2b: Azumarill|50/100g
|-heal|p1b: Sinistcha|93/100 par|[from] drain|[of] p2b: Azumarill
|-status|p2b: Azumarill|brn
|move|p1a: Kingambit|Iron Head|p2b: Azumarill
|-damage|p2b: Azumarill|1/100 brn
|-enditem|p2b: Azumarill|Sitrus Berry|[eat]
|-heal|p2b: Azumarill|25/100 brn|[from] item: Sitrus Berry
|move|p2b: Azumarill|Belly Drum||[still]
|-fail|p2b: Azumarill
|move|p2a: Farigiraf|Twin Beam|p1b: Sinistcha
|-damage|p1b: Sinistcha|77/100 par
|-damage|p1b: Sinistcha|62/100 par
|-hitcount|p1b: Sinistcha|2
|
|-heal|p1b: Sinistcha|68/100 par|[from] item: Leftovers
|-damage|p2b: Azumarill|19/100 brn|[from] brn
|upkeep
|turn|7
|-message|CasuallyOverC forfeited.
|raw|Mashuno's rating: 1185 → 1213(+28 for winning)
|raw|CasuallyOverC's rating: 1227 → 1199(-28 for losing)
|
|win|Mashuno
|c|☆Mashuno|ggs
