|j|☆testdigi
|j|☆GoPlayCatch
|html|testdigiGoPlayCatch    
|uhtml|bestof|Game 1 of a best-of-3
|t:|1784809377
|gametype|doubles
|player|p1|testdigi|101|1134
|player|p2|GoPlayCatch|2|1198
|gen|9
|tier|[Gen 9 Champions] VGC 2026 Reg M-B (Bo3)
|rated|
|rule|Species Clause: Limit one of each Pokémon
|rule|Item Clause: Limit 1 of each item
|clearpoke
|poke|p1|Raichu, L50, M|
|poke|p1|Toxapex, L50, F|
|poke|p1|Mamoswine, L50, F|
|poke|p1|Sylveon, L50, M|
|poke|p1|Corviknight, L50, F|
|poke|p1|Basculegion, L50, M|
|poke|p2|Mudsdale, L50, M|
|poke|p2|Ampharos, L50, F|
|poke|p2|Milotic, L50, F|
|poke|p2|Volcarona, L50, M|
|poke|p2|Oranguru, L50, M|
|poke|p2|Skarmory, L50, M|
|teampreview|4
|showteam|p1|Raichu||RaichuniteY|LightningRod|ZapCannon,FocusBlast,FakeOut,Protect|Timid||M|||50|]Toxapex||Leftovers|Regenerator|Infestation,Toxic,Recover,BanefulBunker|Impish||F|||50|]Mamoswine||LifeOrb|Oblivious|HighHorsepower,IceShard,RockSlide,Protect|Adamant||F|||50|]Sylveon||FairyFeather|Pixilate|HyperVoice,QuickAttack,Yawn,Detect|Modest||M|||50|]Corviknight||OccaBerry|MirrorArmor|IronHead,BraveBird,Tailwind,Protect|Adamant||F|||50|]Basculegion||FocusSash|Adaptability|LastRespects,Liquidation,AquaJet,Protect|Adamant||M|||50|
|showteam|p2|Mudsdale||Leftovers|Stamina|BodyPress,HighHorsepower,HeavySlam,Protect|Brave||M|||50|]Ampharos||Ampharosite|Static|ParabolicCharge,DragonPulse,Thunderbolt,Protect|Quiet||F|||50|]Milotic||SitrusBerry|Competitive|MuddyWater,LifeDew,Haze,Protect|Bold||F|||50|]Volcarona||ChartiBerry|FlameBody|Tailwind,RagePowder,Protect,StruggleBug|Bold||M|||50|]Oranguru||ColburBerry|InnerFocus|Protect,Instruct,TrickRoom,PsychicNoise|Relaxed||M|||50|]Skarmory||Skarmorite|Sturdy|DrillPeck,IronHead,SwordsDance,Protect|Jolly||M|||50|
|inactive|Battle timer is ON: inactive players will automatically lose when time's up. (requested by GoPlayCatch)
|inactive|testdigi has 60 seconds left.
|
|t:|1784809449
|teamsize|p1|4
|teamsize|p2|4
|start
|switch|p1a: Sylveon|Sylveon, L50, M|100/100
|switch|p1b: Raichu|Raichu, L50, M|100/100
|switch|p2a: Oranguru|Oranguru, L50, M|100/100
|switch|p2b: Volcarona|Volcarona, L50, M|100/100
|turn|1
|
|t:|1784809465
|detailschange|p1b: Raichu|Raichu-Mega-Y, L50, M
|-mega|p1b: Raichu|Raichu|Raichunite Y
|move|p1b: Raichu|Fake Out|p2b: Volcarona
|-damage|p2b: Volcarona|92/100
|cant|p2b: Volcarona|flinch
|move|p1a: Sylveon|Yawn|p2a: Oranguru
|-start|p2a: Oranguru|move: Yawn|[of] p1a: Sylveon
|move|p2a: Oranguru|Trick Room|p2a: Oranguru
|-fieldstart|move: Trick Room|[of] p2a: Oranguru
|
|upkeep
|turn|2
|
|t:|1784809489
|switch|p2a: Mudsdale|Mudsdale, L50, M|100/100
|move|p1a: Sylveon|Hyper Voice|p2a: Mudsdale|[spread] p2a,p2b
|-resisted|p2b: Volcarona|1
|-damage|p2a: Mudsdale|60/100
|-damage|p2b: Volcarona|72/100
|-ability|p2a: Mudsdale|Stamina|boost
|-boost|p2a: Mudsdale|def|1
|move|p2b: Volcarona|Struggle Bug|p1b: Raichu|[spread] p1a,p1b
|-resisted|p1a: Sylveon|1
|-damage|p1a: Sylveon|94/100
|-damage|p1b: Raichu|77/100
|-unboost|p1a: Sylveon|spa|1
|-unboost|p1b: Raichu|spa|1
|move|p1b: Raichu|Zap Cannon|p2a: Mudsdale
|-immune|p2a: Mudsdale
|
|-heal|p2a: Mudsdale|66/100|[from] item: Leftovers
|upkeep
|turn|3
|
|t:|1784809510
|move|p1a: Sylveon|Detect|p1a: Sylveon
|-singleturn|p1a: Sylveon|Protect
|move|p2a: Mudsdale|Heavy Slam|p1a: Sylveon
|-activate|p1a: Sylveon|move: Protect
|move|p2b: Volcarona|Struggle Bug|p1a: Sylveon|[spread] p1b
|-activate|p1a: Sylveon|move: Protect
|-damage|p1b: Raichu|53/100
|-unboost|p1b: Raichu|spa|1
|move|p1b: Raichu|Zap Cannon|p2b: Volcarona
|-damage|p2b: Volcarona|43/100
|-status|p2b: Volcarona|par
|
|-heal|p2a: Mudsdale|72/100|[from] item: Leftovers
|upkeep
|turn|4
|
|t:|1784809530
|switch|p1a: Toxapex|Toxapex, L50, F|100/100
|move|p1b: Raichu|Protect|p1b: Raichu
|-singleturn|p1b: Raichu|Protect
|move|p2a: Mudsdale|Heavy Slam|p1a: Toxapex
|-resisted|p1a: Toxapex|1
|-damage|p1a: Toxapex|87/100
|move|p2b: Volcarona|Struggle Bug|p1b: Raichu|[spread] p1a
|-activate|p1b: Raichu|move: Protect
|-resisted|p1a: Toxapex|1
|-damage|p1a: Toxapex|80/100
|-unboost|p1a: Toxapex|spa|1
|
|-heal|p2a: Mudsdale|78/100|[from] item: Leftovers
|-heal|p1a: Toxapex|85/100|[from] item: Leftovers
|upkeep
|turn|5
|
|t:|1784809553
|switch|p1b: Mamoswine|Mamoswine, L50, F|100/100
|move|p2b: Volcarona|Rage Powder|p2b: Volcarona
|-singleturn|p2b: Volcarona|move: Rage Powder
|move|p2a: Mudsdale|High Horsepower|p1a: Toxapex
|-supereffective|p1a: Toxapex|1
|-damage|p1a: Toxapex|24/100
|move|p1a: Toxapex|Toxic||[still]
|-fail|p1a: Toxapex
|
|-heal|p2a: Mudsdale|84/100|[from] item: Leftovers
|-heal|p1a: Toxapex|30/100|[from] item: Leftovers
|-fieldend|move: Trick Room
|upkeep
|turn|6
|
|t:|1784809571
|move|p1b: Mamoswine|Protect|p1b: Mamoswine
|-singleturn|p1b: Mamoswine|Protect
|move|p2b: Volcarona|Rage Powder|p2b: Volcarona
|-singleturn|p2b: Volcarona|move: Rage Powder
|move|p1a: Toxapex|Infestation|p2b: Volcarona
|-resisted|p2b: Volcarona|1
|-damage|p2b: Volcarona|42/100 par
|-activate|p2b: Volcarona|move: Infestation|[of] p1a: Toxapex
|move|p2a: Mudsdale|Body Press|p1b: Mamoswine
|-activate|p1b: Mamoswine|move: Protect
|
|-heal|p1a: Toxapex|36/100|[from] item: Leftovers
|-heal|p2a: Mudsdale|89/100|[from] item: Leftovers
|-damage|p2b: Volcarona|30/100 par|[from] move: Infestation|[partiallytrapped]
|upkeep
|turn|7
|
|t:|1784809586
|switch|p1b: Sylveon|Sylveon, L50, M|94/100
|move|p2b: Volcarona|Rage Powder|p2b: Volcarona
|-singleturn|p2b: Volcarona|move: Rage Powder
|move|p1a: Toxapex|Recover|p1a: Toxapex
|-heal|p1a: Toxapex|86/100
|move|p2a: Mudsdale|High Horsepower|p1a: Toxapex
|-supereffective|p1a: Toxapex|1
|-damage|p1a: Toxapex|25/100
|
|-heal|p1a: Toxapex|31/100|[from] item: Leftovers
|-heal|p2a: Mudsdale|95/100|[from] item: Leftovers
|-damage|p2b: Volcarona|18/100 par|[from] move: Infestation|[partiallytrapped]
|upkeep
|turn|8
|
|t:|1784809609
|move|p1b: Sylveon|Detect|p1b: Sylveon
|-singleturn|p1b: Sylveon|Protect
|move|p1a: Toxapex|Baneful Bunker|p1a: Toxapex
|-singleturn|p1a: Toxapex|move: Protect
|move|p2a: Mudsdale|Protect|p2a: Mudsdale
|-singleturn|p2a: Mudsdale|Protect
|move|p2b: Volcarona|Struggle Bug|p1a: Toxapex|[spread] 
|-activate|p1a: Toxapex|move: Protect
|-activate|p1b: Sylveon|move: Protect
|
|-heal|p1a: Toxapex|36/100|[from] item: Leftovers
|-heal|p2a: Mudsdale|100/100|[from] item: Leftovers
|-damage|p2b: Volcarona|6/100 par|[from] move: Infestation|[partiallytrapped]
|upkeep
|turn|9
|
|t:|1784809630
|move|p1b: Sylveon|Yawn|p2a: Mudsdale
|-start|p2a: Mudsdale|move: Yawn|[of] p1b: Sylveon
|move|p2b: Volcarona|Struggle Bug|p1b: Sylveon|[spread] p1a,p1b
|-resisted|p1a: Toxapex|1
|-resisted|p1b: Sylveon|1
|-damage|p1a: Toxapex|30/100
|-damage|p1b: Sylveon|87/100
|-unboost|p1a: Toxapex|spa|1
|-unboost|p1b: Sylveon|spa|1
|move|p1a: Toxapex|Recover|p1a: Toxapex
|-heal|p1a: Toxapex|80/100
|move|p2a: Mudsdale|High Horsepower|p1a: Toxapex
|-supereffective|p1a: Toxapex|1
|-damage|p1a: Toxapex|12/100
|
|-heal|p1a: Toxapex|17/100|[from] item: Leftovers
|-damage|p2b: Volcarona|0 fnt|[from] move: Infestation|[partiallytrapped]
|faint|p2b: Volcarona
|upkeep
|
|t:|1784809651
|switch|p2b: Ampharos|Ampharos, L50, F|100/100
|turn|10
|inactive|testdigi has 30 seconds left.
|
|t:|1784809679
|switch|p2a: Oranguru|Oranguru, L50, M|100/100
|detailschange|p2b: Ampharos|Ampharos-Mega, L50, F
|-mega|p2b: Ampharos|Ampharos|Ampharosite
|-ability|p2b: Ampharos|Mold Breaker
|move|p1a: Toxapex|Baneful Bunker|p1a: Toxapex
|-singleturn|p1a: Toxapex|move: Protect
|move|p1b: Sylveon|Yawn|p2b: Ampharos
|-start|p2b: Ampharos|move: Yawn|[of] p1b: Sylveon
|move|p2b: Ampharos|Parabolic Charge|p1a: Toxapex|[spread] p2a,p1b
|-activate|p1a: Toxapex|move: Protect
|-damage|p2a: Oranguru|70/100
|-damage|p1b: Sylveon|65/100
|
|-heal|p1a: Toxapex|23/100|[from] item: Leftovers
|upkeep
|turn|11
|
|t:|1784809703
|-heal|p1a: Toxapex|56/100|[from] ability: Regenerator|[silent]
|switch|p1a: Mamoswine|Mamoswine, L50, F|100/100
|move|p1b: Sylveon|Yawn|p2a: Oranguru
|-start|p2a: Oranguru|move: Yawn|[of] p1b: Sylveon
|move|p2b: Ampharos|Dragon Pulse|p1a: Mamoswine
|-damage|p1a: Mamoswine|18/100
|move|p2a: Oranguru|Trick Room|p2a: Oranguru
|-fieldstart|move: Trick Room|[of] p2a: Oranguru
|
|-end|p2b: Ampharos|move: Yawn|[silent]
|-status|p2b: Ampharos|slp
|upkeep
|turn|12
|
|t:|1784809728
|switch|p2a: Mudsdale|Mudsdale, L50, M|100/100
|cant|p2b: Ampharos|slp
|move|p1a: Mamoswine|Ice Shard|p2b: Ampharos
|-supereffective|p2b: Ampharos|1
|-damage|p2b: Ampharos|43/100 slp
|-damage|p1a: Mamoswine|8/100|[from] item: Life Orb
|move|p1b: Sylveon|Hyper Voice|p2a: Mudsdale|[spread] p2a,p2b
|-supereffective|p2b: Ampharos|1
|-damage|p2a: Mudsdale|74/100
|-damage|p2b: Ampharos|0 fnt
|-ability|p2a: Mudsdale|Stamina|boost
|-boost|p2a: Mudsdale|def|1
|faint|p2b: Ampharos
|
|-heal|p2a: Mudsdale|80/100|[from] item: Leftovers
|upkeep
|
|t:|1784809741
|switch|p2b: Oranguru|Oranguru, L50, M|70/100
|turn|13
|
|t:|1784809754
|move|p1a: Mamoswine|Ice Shard|p2a: Mudsdale
|-supereffective|p2a: Mudsdale|1
|-damage|p2a: Mudsdale|46/100
|-ability|p2a: Mudsdale|Stamina|boost
|-boost|p2a: Mudsdale|def|1
|-damage|p1a: Mamoswine|0 fnt|[from] item: Life Orb
|faint|p1a: Mamoswine
|move|p2a: Mudsdale|High Horsepower|p1b: Sylveon
|-damage|p1b: Sylveon|13/100
|move|p2b: Oranguru|Psychic Noise|p1b: Sylveon
|-damage|p1b: Sylveon|0 fnt
|faint|p1b: Sylveon
|
|-heal|p2a: Mudsdale|52/100|[from] item: Leftovers
|upkeep
|
|t:|1784809758
|switch|p1b: Raichu|Raichu-Mega-Y, L50, M|53/100
|switch|p1a: Toxapex|Toxapex, L50, F|56/100
|turn|14
|
|t:|1784809772
|move|p1b: Raichu|Fake Out|p2a: Mudsdale
|-damage|p2a: Mudsdale|48/100
|-ability|p2a: Mudsdale|Stamina|boost
|-boost|p2a: Mudsdale|def|1
|cant|p2a: Mudsdale|flinch
|move|p1a: Toxapex|Toxic|p2b: Oranguru
|-status|p2b: Oranguru|tox
|move|p2b: Oranguru|Psychic Noise|p1a: Toxapex
|-supereffective|p1a: Toxapex|1
|-damage|p1a: Toxapex|21/100
|-start|p1a: Toxapex|move: Heal Block
|
|-heal|p2a: Mudsdale|54/100|[from] item: Leftovers
|-damage|p2b: Oranguru|64/100 tox|[from] psn
|upkeep
|turn|15
|
|t:|1784809794
|move|p1a: Toxapex|Baneful Bunker|p1a: Toxapex
|-singleturn|p1a: Toxapex|move: Protect
|move|p1b: Raichu|Protect|p1b: Raichu
|-singleturn|p1b: Raichu|Protect
|move|p2a: Mudsdale|High Horsepower|p1b: Raichu
|-activate|p1b: Raichu|move: Protect
|move|p2b: Oranguru|Psychic Noise|p1a: Toxapex
|-activate|p1a: Toxapex|move: Protect
|
|-heal|p2a: Mudsdale|60/100|[from] item: Leftovers
|-damage|p2b: Oranguru|52/100 tox|[from] psn
|-end|p1a: Toxapex|move: Heal Block
|-fieldend|move: Trick Room
|upkeep
|turn|16
|
|t:|1784809816
|move|p1b: Raichu|Focus Blast|p2a: Mudsdale
|-damage|p2a: Mudsdale|25/100
|-ability|p2a: Mudsdale|Stamina|boost
|-boost|p2a: Mudsdale|def|1
|move|p2b: Oranguru|Instruct|p2a: Mudsdale
|-singleturn|p2a: Mudsdale|move: Instruct|[of] p2b: Oranguru
|move|p2a: Mudsdale|High Horsepower|p1b: Raichu
|-supereffective|p1b: Raichu|1
|-damage|p1b: Raichu|0 fnt
|faint|p1b: Raichu
|move|p1a: Toxapex|Recover|p1a: Toxapex
|-heal|p1a: Toxapex|71/100
|move|p2a: Mudsdale|High Horsepower|p1a: Toxapex
|-supereffective|p1a: Toxapex|1
|-damage|p1a: Toxapex|8/100
|
|-heal|p1a: Toxapex|14/100|[from] item: Leftovers
|-heal|p2a: Mudsdale|31/100|[from] item: Leftovers
|-damage|p2b: Oranguru|34/100 tox|[from] psn
|upkeep
|turn|17
|
|t:|1784809834
|move|p1a: Toxapex|Recover|p1a: Toxapex
|-heal|p1a: Toxapex|64/100
|move|p2a: Mudsdale|High Horsepower|p1a: Toxapex
|-supereffective|p1a: Toxapex|1
|-damage|p1a: Toxapex|3/100
|move|p2b: Oranguru|Trick Room|p2b: Oranguru
|-fieldstart|move: Trick Room|[of] p2b: Oranguru
|
|-heal|p2a: Mudsdale|37/100|[from] item: Leftovers
|-heal|p1a: Toxapex|9/100|[from] item: Leftovers
|-damage|p2b: Oranguru|9/100 tox|[from] psn
|upkeep
|turn|18
|
|t:|1784809847
|move|p1a: Toxapex|Baneful Bunker|p1a: Toxapex
|-singleturn|p1a: Toxapex|move: Protect
|move|p2a: Mudsdale|High Horsepower|p1a: Toxapex
|-activate|p1a: Toxapex|move: Protect
|-status|p2a: Mudsdale|psn
|move|p2b: Oranguru|Psychic Noise|p1a: Toxapex
|-activate|p1a: Toxapex|move: Protect
|
|-heal|p2a: Mudsdale|42/100 psn|[from] item: Leftovers
|-heal|p1a: Toxapex|15/100|[from] item: Leftovers
|-damage|p2a: Mudsdale|30/100 psn|[from] psn
|-damage|p2b: Oranguru|0 fnt|[from] psn
|faint|p2b: Oranguru
|upkeep
|turn|19
|
|t:|1784809861
|move|p2a: Mudsdale|High Horsepower|p1a: Toxapex|[miss]
|-miss|p2a: Mudsdale|p1a: Toxapex
|move|p1a: Toxapex|Recover|p1a: Toxapex
|-heal|p1a: Toxapex|65/100
|
|-heal|p2a: Mudsdale|36/100 psn|[from] item: Leftovers
|-heal|p1a: Toxapex|71/100|[from] item: Leftovers
|-damage|p2a: Mudsdale|24/100 psn|[from] psn
|upkeep
|turn|20
|-message|GoPlayCatch forfeited.
|
|win|testdigi
|l|☆GoPlayCatch
|player|p2|
||testdigi is ready for game 2.
||GoPlayCatch is ready for game 2.
|uhtml|next|Next: Game 2 of 3
