|j|☆LetThatSizzleSpeak
|j|☆lindsey453
|html|LetThatSizzleSpeaklindsey453    
|uhtml|bestof|Game 2 of a best-of-3
|t:|1757817805
|gametype|doubles
|player|p1|LetThatSizzleSpeak|hiker-gen4|1205
|player|p2|lindsey453|101|1307
|gen|9
|tier|[Gen 9] VGC 2025 Reg H (Bo3)
|rated|
|rule|Species Clause: Limit one of each Pokémon
|rule|Item Clause: Limit 1 of each item
|clearpoke
|poke|p1|Lilligant-Hisui, L50, F|
|poke|p1|Sylveon, L50, F|
|poke|p1|Indeedee-F, L50, F|
|poke|p1|Torkoal, L50, M|
|poke|p1|Tatsugiri-Droopy, L50, M|
|poke|p1|Dondozo, L50, F|
|poke|p2|Annihilape, L50, F|
|poke|p2|Archaludon, L50, M|
|poke|p2|Oranguru, L50, F|
|poke|p2|Electabuzz, L50, F|
|poke|p2|Ursaluna-Bloodmoon, L50, M|
|poke|p2|Incineroar, L50, M|
|teampreview|4
|showteam|p1|Lilligant-Hisui||FocusSash|Chlorophyll|AfterYou,SolarBlade,CloseCombat,SleepPowder|||F|||50|,,,,,Ghost]Sylveon||ChoiceSpecs|Pixilate|HyperVoice,HyperBeam,TeraBlast,ShadowBall|||F|||50|,,,,,Fire]Indeedee-F||SafetyGoggles|PsychicSurge|Psychic,FollowMe,TrickRoom,Protect|||F|||50|,,,,,Normal]Torkoal||Charcoal|Drought|Eruption,WeatherBall,EarthPower,Protect|||M|||50|,,,,,Fire]Tatsugiri-Droopy||ChoiceScarf|Commander|IcyWind,MuddyWater,DracoMeteor,TeraBlast|||M|||50|,,,,,Fire]Dondozo||Leftovers|Unaware|OrderUp,Earthquake,BodyPress,Protect|||F|||50|,,,,,Grass
|showteam|p2|Annihilape||SitrusBerry|Defiant|BulkUp,RageFist,DrainPunch,Protect|||F|||50|,,,,,Grass]Archaludon||PowerHerb|Sturdy|ElectroShot,Snarl,AuraSphere,FlashCannon|||M|||50|,,,,,Electric]Oranguru||MentalHerb|InnerFocus|Instruct,TrickRoom,Imprison,FoulPlay|||F|||50|,,,,,Fairy]Electabuzz||Eviolite|VitalSpirit|FollowMe,Thunderbolt,Taunt,EerieImpulse|||F|||50|,,,,,Ghost]Ursaluna-Bloodmoon||LifeOrb|MindsEye|HyperVoice,BloodMoon,EarthPower,Protect|||M|||50|,,,,,Normal]Incineroar||AssaultVest|Intimidate|FlareBlitz,Uturn,FakeOut,KnockOff|||M|||50|,,,,,Grass
|inactive|Battle timer is ON: inactive players will automatically lose when time's up. (requested by lindsey453)
|inactive|lindsey453 has 60 seconds left.
|
|t:|1757817841
|teamsize|p1|4
|teamsize|p2|4
|start
|switch|p1a: Sylveon|Sylveon, L50, F|100/100
|switch|p1b: Lilligant|Lilligant-Hisui, L50, F|100/100
|switch|p2a: Electabuzz|Electabuzz, L50, F|100/100
|switch|p2b: Ursaluna|Ursaluna-Bloodmoon, L50, M|100/100
|turn|1
|
|t:|1757817863
|move|p2b: Ursaluna|Protect|p2b: Ursaluna
|-singleturn|p2b: Ursaluna|Protect
|move|p1b: Lilligant|Close Combat|p2b: Ursaluna
|-activate|p2b: Ursaluna|move: Protect
|move|p2a: Electabuzz|Eerie Impulse|p1a: Sylveon
|-unboost|p1a: Sylveon|spa|2
|move|p1a: Sylveon|Hyper Voice|p2b: Ursaluna|[spread] p2a
|-activate|p2b: Ursaluna|move: Protect
|-damage|p2a: Electabuzz|80/100
|
|upkeep
|turn|2
|
|t:|1757817884
|switch|p1a: Dondozo|Dondozo, L50, F|100/100
|-terastallize|p2b: Ursaluna|Normal
|move|p2a: Electabuzz|Follow Me|p2a: Electabuzz
|-singleturn|p2a: Electabuzz|move: Follow Me
|move|p1b: Lilligant|Close Combat|p2a: Electabuzz
|-damage|p2a: Electabuzz|41/100
|-unboost|p1b: Lilligant|def|1
|-unboost|p1b: Lilligant|spd|1
|move|p2b: Ursaluna|Hyper Voice|p1a: Dondozo|[spread] p1a,p1b
|-damage|p1a: Dondozo|52/100
|-enditem|p1b: Lilligant|Focus Sash
|-damage|p1b: Lilligant|1/100
|-damage|p2b: Ursaluna|90/100|[from] item: Life Orb
|
|-heal|p1a: Dondozo|58/100|[from] item: Leftovers
|upkeep
|turn|3
|
|t:|1757817904
|switch|p1b: Tatsugiri|Tatsugiri-Droopy, L50, M|100/100
|-activate|p1b: Tatsugiri|ability: Commander|[of] p1a: Dondozo
|-boost|p1a: Dondozo|atk|2
|-boost|p1a: Dondozo|spa|2
|-boost|p1a: Dondozo|spe|2
|-boost|p1a: Dondozo|def|2
|-boost|p1a: Dondozo|spd|2
|move|p2a: Electabuzz|Follow Me|p2a: Electabuzz
|-singleturn|p2a: Electabuzz|move: Follow Me
|move|p1a: Dondozo|Earthquake|p2a: Electabuzz|[spread] p2a,p2b
|-miss|p1a: Dondozo|p1b: Tatsugiri
|-supereffective|p2a: Electabuzz
|-damage|p2a: Electabuzz|0 fnt
|-damage|p2b: Ursaluna|65/100
|faint|p2a: Electabuzz
|move|p2b: Ursaluna|Blood Moon|p1a: Dondozo
|-damage|p1a: Dondozo|6/100
|-damage|p2b: Ursaluna|55/100|[from] item: Life Orb
|
|-heal|p1a: Dondozo|12/100|[from] item: Leftovers
|upkeep
|
|t:|1757817907
|switch|p2a: Incineroar|Incineroar, L50, M|100/100
|-ability|p2a: Incineroar|Intimidate|boost
|-unboost|p1a: Dondozo|atk|1
|-unboost|p1b: Tatsugiri|atk|1
|turn|4
|
|t:|1757817930
|switch|p2b: Oranguru|Oranguru, L50, F|100/100
|move|p2a: Incineroar|Fake Out|p1a: Dondozo
|-damage|p1a: Dondozo|8/100
|cant|p1a: Dondozo|flinch
|
|-heal|p1a: Dondozo|15/100|[from] item: Leftovers
|upkeep
|turn|5
|
|t:|1757817943
|move|p1a: Dondozo|Body Press|p2a: Incineroar
|-supereffective|p2a: Incineroar
|-damage|p2a: Incineroar|17/100
|move|p2a: Incineroar|Knock Off|p1a: Dondozo
|-damage|p1a: Dondozo|3/100
|-enditem|p1a: Dondozo|Leftovers|[from] move: Knock Off|[of] p2a: Incineroar
|move|p2b: Oranguru|Trick Room|p2b: Oranguru
|-fieldstart|move: Trick Room|[of] p2b: Oranguru
|
|upkeep
|turn|6
|
|t:|1757817960
|move|p1a: Dondozo|Protect|p1a: Dondozo
|-singleturn|p1a: Dondozo|Protect
|move|p2b: Oranguru|Instruct|p2a: Incineroar
|-singleturn|p2a: Incineroar|move: Instruct|[of] p2b: Oranguru
|move|p2a: Incineroar|Knock Off|p1a: Dondozo
|-activate|p1a: Dondozo|move: Protect
|move|p2a: Incineroar|U-turn|p1a: Dondozo
|-activate|p1a: Dondozo|move: Protect
|
|upkeep
|turn|7
|
|t:|1757817974
|move|p1a: Dondozo|Protect|p1a: Dondozo
|-singleturn|p1a: Dondozo|Protect
|move|p2b: Oranguru|Instruct|p2a: Incineroar
|-singleturn|p2a: Incineroar|move: Instruct|[of] p2b: Oranguru
|move|p2a: Incineroar|U-turn|p1a: Dondozo
|-activate|p1a: Dondozo|move: Protect
|move|p2a: Incineroar|U-turn|p1a: Dondozo
|-activate|p1a: Dondozo|move: Protect
|
|upkeep
|turn|8
|
|t:|1757817986
|move|p1a: Dondozo|Protect||[still]
|-fail|p1a: Dondozo
|move|p2b: Oranguru|Foul Play|p1b: Tatsugiri|[miss]
|-miss|p2b: Oranguru|p1b: Tatsugiri
|move|p2a: Incineroar|U-turn|p1a: Dondozo
|-damage|p1a: Dondozo|0 fnt
|faint|p1a: Dondozo
|
|t:|1757817990
|switch|p2a: Ursaluna|Ursaluna-Bloodmoon, L50, M, tera:Normal|55/100|[from] U-turn
|
|upkeep
|
|t:|1757818001
|switch|p1a: Lilligant|Lilligant-Hisui, L50, F|1/100
|turn|9
|
|t:|1757818011
|move|p2a: Ursaluna|Blood Moon|p1b: Tatsugiri
|-damage|p1b: Tatsugiri|0 fnt
|faint|p1b: Tatsugiri
|-damage|p2a: Ursaluna|45/100|[from] item: Life Orb
|move|p2b: Oranguru|Foul Play|p1a: Lilligant
|-resisted|p1a: Lilligant
|-damage|p1a: Lilligant|0 fnt
|faint|p1a: Lilligant
|
|-fieldend|move: Trick Room
|upkeep
|
|t:|1757818024
|switch|p1b: Sylveon|Sylveon, L50, F|100/100
|turn|10
|
|t:|1757818032
|switch|p2a: Incineroar|Incineroar, L50, M|17/100
|-ability|p2a: Incineroar|Intimidate|boost
|-unboost|p1b: Sylveon|atk|1
|move|p1b: Sylveon|Hyper Voice|p2b: Oranguru|[spread] p2a,p2b
|-damage|p2a: Incineroar|0 fnt
|-damage|p2b: Oranguru|57/100
|faint|p2a: Incineroar
|move|p2b: Oranguru|Trick Room|p2b: Oranguru
|-fieldstart|move: Trick Room|[of] p2b: Oranguru
|
|upkeep
|
|t:|1757818038
|switch|p2a: Ursaluna|Ursaluna-Bloodmoon, L50, M, tera:Normal|45/100
|turn|11
|
|t:|1757818052
|move|p2a: Ursaluna|Blood Moon|p1b: Sylveon
|-damage|p1b: Sylveon|0 fnt
|faint|p1b: Sylveon
|-damage|p2a: Ursaluna|35/100|[from] item: Life Orb
|
|win|lindsey453
||LetThatSizzleSpeak is ready for game 3.
||lindsey453 is ready for game 3.
|uhtml|next|Next: Game 3 of 3
