|j|☆agun76
|j|☆tax the homeless
|html|agun76tax the homeless    
|uhtml|bestof|Game 1 of a best-of-3
|t:|1756824917
|gametype|doubles
|player|p1|agun76|169|1052
|player|p2|tax the homeless|hiker-gen4|1119
|gen|9
|tier|[Gen 9] VGC 2025 Reg H (Bo3)
|rated|
|rule|Species Clause: Limit one of each Pokémon
|rule|Item Clause: Limit 1 of each item
|clearpoke
|poke|p1|Incineroar, L50, F|
|poke|p1|Farigiraf, L50, F|
|poke|p1|Torkoal, L50, M|
|poke|p1|Rillaboom, L50, F|
|poke|p1|Amoonguss, L50, M|
|poke|p1|Basculegion, L50, M|
|poke|p2|Excadrill, L50, M|
|poke|p2|Incineroar, L50, F|
|poke|p2|Tyranitar, L50, F|
|poke|p2|Amoonguss, L50, F|
|poke|p2|Kommo-o, L50, M|
|poke|p2|Reuniclus, L50, M|
|teampreview|4
|showteam|p1|Incineroar||Leftovers|Intimidate|FakeOut,PartingShot,Taunt,FlareBlitz|||F|||50|,,,,,Grass]Farigiraf||SitrusBerry|ArmorTail|TrickRoom,Protect,Psychic,HyperVoice|||F|||50|,,,,,Fairy]Torkoal||Charcoal|Drought|Eruption,HeatWave,Protect,EarthPower|||M|||50|,,,,,Fire]Rillaboom||AssaultVest|GrassySurge|FakeOut,Uturn,WoodHammer,HighHorsepower|||F|||50|,,,,,Fire]Amoonguss||RockyHelmet|Regenerator|Spore,PollenPuff,RagePowder,Protect|||M|||50|,,,,,Grass]Basculegion||ChoiceScarf|SwiftSwim|Crunch,LastRespects,AquaJet,FlipTurn|||M|||50|,,,,,Dark
|showteam|p2|Excadrill||FocusSash|SandRush|Protect,Earthquake,HighHorsepower,IronHead|||M|||50|,,,,,Ground]Incineroar||SafetyGoggles|Intimidate|FakeOut,KnockOff,FlareBlitz,PartingShot|||F|||50|,,,,,Ghost]Tyranitar||AssaultVest|SandStream|RockSlide,KnockOff,LowKick,TeraBlast|||F|||50|,,,,,Flying]Amoonguss||SitrusBerry|Regenerator|PollenPuff,RagePowder,ClearSmog,Spore|||F|||50|,,,,,Water]Kommo-o||ThroatSpray|Overcoat|Protect,ClangingScales,ClangorousSoul,AuraSphere|||M|||50|,,,,,Steel]Reuniclus||LifeOrb|MagicGuard|Protect,TrickRoom,ExpandingForce,FlashCannon|||M|||50|,,,,,Dark
|inactive|Battle timer is ON: inactive players will automatically lose when time's up. (requested by tax the homeless)
|
|t:|1756824965
|teamsize|p1|4
|teamsize|p2|4
|start
|switch|p1a: Incineroar|Incineroar, L50, F, shiny|100/100
|switch|p1b: Farigiraf|Farigiraf, L50, F|100/100
|switch|p2a: Simon|Excadrill, L50, M, shiny|100/100
|switch|p2b: Anti-Spiral|Reuniclus, L50, M, shiny|100/100
|-ability|p1a: Incineroar|Intimidate|boost
|-unboost|p2a: Simon|atk|1
|-unboost|p2b: Anti-Spiral|atk|1
|turn|1
|
|t:|1756824987
|switch|p2a: Rossiu|Amoonguss, L50, F, shiny|100/100
|move|p2b: Anti-Spiral|Protect|p2b: Anti-Spiral
|-singleturn|p2b: Anti-Spiral|Protect
|move|p1a: Incineroar|Fake Out|p2a: Rossiu
|-damage|p2a: Rossiu|90/100
|move|p1b: Farigiraf|Hyper Voice|p2b: Anti-Spiral|[spread] p2a
|-activate|p2b: Anti-Spiral|move: Protect
|-damage|p2a: Rossiu|61/100
|
|upkeep
|turn|2
|
|t:|1756825008
|switch|p2a: Kamina|Tyranitar, L50, F, shiny|100/100
|-weather|Sandstorm|[from] ability: Sand Stream|[of] p2a: Kamina
|move|p1a: Incineroar|Taunt|p2a: Kamina
|-start|p2a: Kamina|move: Taunt
|move|p2b: Anti-Spiral|Flash Cannon|p1b: Farigiraf
|-damage|p1b: Farigiraf|64/100
|move|p1b: Farigiraf|Trick Room|p1b: Farigiraf
|-fieldstart|move: Trick Room|[of] p1b: Farigiraf
|
|-weather|Sandstorm|[upkeep]
|-damage|p1b: Farigiraf|58/100|[from] Sandstorm
|-damage|p1a: Incineroar|95/100|[from] Sandstorm
|-heal|p1a: Incineroar|100/100|[from] item: Leftovers
|upkeep
|turn|3
|
|t:|1756825031
|switch|p1b: Torkoal|Torkoal, L50, M|100/100
|-weather|SunnyDay|[from] ability: Drought|[of] p1b: Torkoal
|-terastallize|p2a: Kamina|Flying
|move|p2a: Kamina|Low Kick|p1a: Incineroar
|-supereffective|p1a: Incineroar
|-damage|p1a: Incineroar|46/100
|move|p1a: Incineroar|Flare Blitz|p2b: Anti-Spiral
|-damage|p2b: Anti-Spiral|16/100
|-damage|p1a: Incineroar|16/100|[from] Recoil
|move|p2b: Anti-Spiral|Trick Room|p2b: Anti-Spiral
|-fieldend|move: Trick Room
|
|-weather|SunnyDay|[upkeep]
|-heal|p1a: Incineroar|22/100|[from] item: Leftovers
|upkeep
|turn|4
|inactive|tax the homeless has 30 seconds left.
|
|t:|1756825059
|switch|p2b: Rossiu|Amoonguss, L50, F, shiny|94/100
|move|p1b: Torkoal|Protect|p1b: Torkoal
|-singleturn|p1b: Torkoal|Protect
|move|p1a: Incineroar|Flare Blitz|p2a: Kamina
|-damage|p2a: Kamina|32/100
|-damage|p1a: Incineroar|0 fnt|[from] Recoil
|faint|p1a: Incineroar
|move|p2a: Kamina|Rock Slide|p1b: Torkoal
|-activate|p1b: Torkoal|move: Protect
|
|-weather|SunnyDay|[upkeep]
|-end|p2a: Kamina|move: Taunt
|upkeep
|
|t:|1756825067
|switch|p1a: Farigiraf|Farigiraf, L50, F|58/100
|turn|5
|inactive|agun76 has 30 seconds left.
|
|t:|1756825095
|switch|p2a: Anti-Spiral|Reuniclus, L50, M, shiny|16/100
|move|p1a: Farigiraf|Hyper Voice|p2a: Anti-Spiral|[spread] p2a,p2b
|-damage|p2a: Anti-Spiral|0 fnt
|-damage|p2b: Rossiu|66/100
|faint|p2a: Anti-Spiral
|move|p2b: Rossiu|Spore|p1b: Torkoal
|-status|p1b: Torkoal|slp|[from] move: Spore
|cant|p1b: Torkoal|slp
|
|-weather|SunnyDay|[upkeep]
|upkeep
|
|t:|1756825108
|switch|p2a: Kamina|Tyranitar, L50, F, shiny, tera:Flying|32/100
|-weather|Sandstorm|[from] ability: Sand Stream|[of] p2a: Kamina
|turn|6
|
|t:|1756825121
|-curestatus|p1b: Torkoal|slp|[msg]
|move|p1b: Torkoal|Protect|p1b: Torkoal
|-singleturn|p1b: Torkoal|Protect
|move|p2a: Kamina|Knock Off|p1a: Farigiraf
|-supereffective|p1a: Farigiraf
|-damage|p1a: Farigiraf|0 fnt
|-enditem|p1a: Farigiraf|Sitrus Berry|[from] move: Knock Off|[of] p2a: Kamina
|faint|p1a: Farigiraf
|move|p2b: Rossiu|Spore|p1b: Torkoal
|-activate|p1b: Torkoal|move: Protect
|
|-weather|Sandstorm|[upkeep]
|-damage|p2a: Kamina|26/100|[from] Sandstorm
|-damage|p2b: Rossiu|60/100|[from] Sandstorm
|-damage|p1b: Torkoal|94/100|[from] Sandstorm
|upkeep
|
|t:|1756825127
|switch|p1a: Basculegion|Basculegion, L50, M|100/100
|turn|7
|
|t:|1756825143
|move|p2b: Rossiu|Rage Powder|p2b: Rossiu
|-singleturn|p2b: Rossiu|move: Rage Powder
|move|p1a: Basculegion|Last Respects|p2b: Rossiu
|-damage|p2b: Rossiu|7/100
|-enditem|p2b: Rossiu|Sitrus Berry|[eat]
|-heal|p2b: Rossiu|32/100|[from] item: Sitrus Berry
|move|p2a: Kamina|Knock Off|p1a: Basculegion
|-supereffective|p1a: Basculegion
|-damage|p1a: Basculegion|0 fnt
|-enditem|p1a: Basculegion|Choice Scarf|[from] move: Knock Off|[of] p2a: Kamina
|faint|p1a: Basculegion
|move|p1b: Torkoal|Eruption|p2b: Rossiu|[spread] p2a,p2b
|-supereffective|p2b: Rossiu
|-damage|p2a: Kamina|0 fnt
|-damage|p2b: Rossiu|0 fnt
|faint|p2a: Kamina
|faint|p2b: Rossiu
|
|-weather|Sandstorm|[upkeep]
|-damage|p1b: Torkoal|88/100|[from] Sandstorm
|upkeep
|
|t:|1756825158
|switch|p2a: Simon|Excadrill, L50, M, shiny|100/100
|turn|8
|
|t:|1756825165
|-terastallize|p1b: Torkoal|Fire
|move|p2a: Simon|Earthquake|p1b: Torkoal
|-supereffective|p1b: Torkoal
|-damage|p1b: Torkoal|9/100
|move|p1b: Torkoal|Heat Wave|p2a: Simon
|-supereffective|p2a: Simon
|-enditem|p2a: Simon|Focus Sash
|-damage|p2a: Simon|1/100
|
|-weather|Sandstorm|[upkeep]
|-damage|p1b: Torkoal|3/100|[from] Sandstorm
|upkeep
|turn|9
|
|t:|1756825179
|move|p2a: Simon|Earthquake|p1b: Torkoal
|-supereffective|p1b: Torkoal
|-damage|p1b: Torkoal|0 fnt
|faint|p1b: Torkoal
|
|win|tax the homeless
