|j|☆NyulaDraws
|j|☆Delacruso
|html|NyulaDrawsDelacruso    
|uhtml|bestof|Game 1 of a best-of-3
|t:|1783443053
|gametype|doubles
|player|p1|NyulaDraws|backpacker|1146
|player|p2|Delacruso|red|1102
|gen|9
|tier|[Gen 9 Champions] VGC 2026 Reg M-B (Bo3)
|rated|
|rule|Species Clause: Limit one of each Pokémon
|rule|Item Clause: Limit 1 of each item
|clearpoke
|poke|p1|Blastoise, L50, F|
|poke|p1|Delphox, L50, F, shiny|
|poke|p1|Incineroar, L50, F|
|poke|p1|Sneasler, L50, M|
|poke|p1|Sinistcha, L50|
|poke|p1|Maushold-Four, L50|
|poke|p2|Swampert, L50, M|
|poke|p2|Grimmsnarl, L50, M, shiny|
|poke|p2|Archaludon, L50, F|
|poke|p2|Pelipper, L50, F|
|poke|p2|Sinistcha, L50|
|poke|p2|Staraptor, L50, M, shiny|
|teampreview|4
|showteam|p1|Blastoise||Blastoisinite|RainDish|WaterSpout,DarkPulse,ShellSmash,Protect|Modest||F|||50|]Delphox||Delphoxite|Blaze|HeatWave,Psyshock,NastyPlot,Protect|Timid||F|||50|]Incineroar||SitrusBerry|Intimidate|FakeOut,FlareBlitz,ThroatChop,PartingShot|Impish||F|||50|]Sneasler||FocusSash|PoisonTouch|FakeOut,CloseCombat,DireClaw,QuickGuard|Jolly||M|||50|]Sinistcha||KasibBerry|Hospitality|MatchaGotcha,LifeDew,RagePowder,Protect|Bold|||||50|]Maushold-Four||ChopleBerry|FriendGuard|SuperFang,Feint,FollowMe,SunnyDay|Impish|||||50|
|showteam|p2|Swampert||Swampertite|Damp|WaveCrash,Earthquake,IcePunch,Protect|Adamant||M|||50|]Grimmsnarl||LightClay|Prankster|FoulPlay,PartingShot,LightScreen,Reflect|Careful||M|||50|]Archaludon||Leftovers|Stamina|ElectroShot,DragonPulse,FlashCannon,Protect|Modest||F|||50|]Pelipper||FocusSash|Drizzle|Hurricane,WeatherBall,Tailwind,WideGuard|Modest||F|||50|]Sinistcha||SitrusBerry|Hospitality|MatchaGotcha,RagePowder,Protect,TrickRoom|Serious|||||50|]Staraptor||Staraptite|Intimidate|CloseCombat,BraveBird,Roost,Protect|Adamant||M|||50|
|inactive|Battle timer is ON: inactive players will automatically lose when time's up. (requested by Delacruso)
|inactive|NyulaDraws has 60 seconds left.
|inactive|Delacruso has 60 seconds left.
|inactive|NyulaDraws has 30 seconds left.
|
|t:|1783443122
|teamsize|p1|4
|teamsize|p2|4
|start
|switch|p1a: Delphox|Delphox, L50, F, shiny|100/100
|switch|p1b: Incineroar|Incineroar, L50, F|100/100
|switch|p2a: Grimmsnarl|Grimmsnarl, L50, M, shiny|100/100
|switch|p2b: Staraptor|Staraptor, L50, M, shiny|100/100
|-ability|p2b: Staraptor|Intimidate|boost
|-unboost|p1a: Delphox|atk|1
|-unboost|p1b: Incineroar|atk|1
|-ability|p1b: Incineroar|Intimidate|boost
|-unboost|p2a: Grimmsnarl|atk|1
|-unboost|p2b: Staraptor|atk|1
|turn|1
|inactive|Delacruso has 30 seconds left.
|
|t:|1783443156
|detailschange|p1a: Delphox|Delphox-Mega, L50, F, shiny
|-mega|p1a: Delphox|Delphox|Delphoxite
|move|p2b: Staraptor|Protect|p2b: Staraptor
|-singleturn|p2b: Staraptor|Protect
|move|p1b: Incineroar|Fake Out|p2a: Grimmsnarl
|-damage|p2a: Grimmsnarl|92/100
|cant|p2a: Grimmsnarl|flinch
|move|p1a: Delphox|Psyshock|p2b: Staraptor
|-activate|p2b: Staraptor|move: Protect
|
|upkeep
|turn|2
|inactive|NyulaDraws has 30 seconds left.
|inactive|Delacruso has 30 seconds left.
|inactive|Delacruso has 20 seconds left.
|inactive|Delacruso has 15 seconds left.
|
|t:|1783443200
|switch|p1b: Maushold|Maushold-Four, L50|100/100
|detailschange|p2b: Staraptor|Staraptor-Mega, L50, M, shiny
|-mega|p2b: Staraptor|Staraptor|Staraptite
|move|p1a: Delphox|Protect|p1a: Delphox
|-singleturn|p1a: Delphox|Protect
|move|p2a: Grimmsnarl|Light Screen|p2a: Grimmsnarl
|-sidestart|p2: Delacruso|move: Light Screen
|move|p2b: Staraptor|Close Combat|p1b: Maushold
|-supereffective|p1b: Maushold|1
|-enditem|p1b: Maushold|Chople Berry|[eat]
|-enditem|p1b: Maushold|Chople Berry|[weaken]
|-damage|p1b: Maushold|53/100
|-boost|p2b: Staraptor|def|1
|-boost|p2b: Staraptor|spd|1
|
|upkeep
|turn|3
|inactive|NyulaDraws has 30 seconds left.
|inactive|Delacruso has 30 seconds left.
|
|t:|1783443229
|move|p2a: Grimmsnarl|Parting Shot|p2b: Staraptor
|-boost|p2b: Staraptor|atk|1
|-boost|p2b: Staraptor|spa|1
|
|t:|1783443234
|switch|p2a: Pelipper|Pelipper, L50, F|100/100|[from] Parting Shot
|-weather|RainDance|[from] ability: Drizzle|[of] p2a: Pelipper
|move|p1a: Delphox|Psyshock|p2b: Staraptor
|-supereffective|p2b: Staraptor|1
|-damage|p2b: Staraptor|68/100
|move|p1b: Maushold|Super Fang|p2b: Staraptor
|-damage|p2b: Staraptor|34/100
|move|p2b: Staraptor|Close Combat|p1b: Maushold
|-supereffective|p1b: Maushold|1
|-damage|p1b: Maushold|0 fnt
|-boost|p2b: Staraptor|def|1
|-boost|p2b: Staraptor|spd|1
|faint|p1b: Maushold
|
|-weather|RainDance|[upkeep]
|upkeep
|
|t:|1783443255
|switch|p1b: Sinistcha|Sinistcha, L50|100/100
|turn|4
|inactive|Delacruso has 30 seconds left.
|
|t:|1783443281
|move|p2b: Staraptor|Protect|p2b: Staraptor
|-singleturn|p2b: Staraptor|Protect
|move|p1b: Sinistcha|Rage Powder|p1b: Sinistcha
|-singleturn|p1b: Sinistcha|move: Rage Powder
|move|p1a: Delphox|Nasty Plot|p1a: Delphox
|-boost|p1a: Delphox|spa|2
|move|p2a: Pelipper|Tailwind|p2a: Pelipper
|-sidestart|p2: Delacruso|move: Tailwind
|
|-weather|RainDance|[upkeep]
|upkeep
|turn|5
|
|t:|1783443306
|move|p1b: Sinistcha|Rage Powder|p1b: Sinistcha
|-singleturn|p1b: Sinistcha|move: Rage Powder
|move|p2b: Staraptor|Roost|p2b: Staraptor
|-heal|p2b: Staraptor|84/100
|-singleturn|p2b: Staraptor|move: Roost
|move|p2a: Pelipper|Hurricane|p1b: Sinistcha
|-supereffective|p1b: Sinistcha|1
|-damage|p1b: Sinistcha|5/100
|move|p1a: Delphox|Psyshock|p2b: Staraptor
|-supereffective|p2b: Staraptor|1
|-damage|p2b: Staraptor|31/100
|
|-weather|RainDance|[upkeep]
|upkeep
|turn|6
|
|t:|1783443327
|move|p1b: Sinistcha|Protect|p1b: Sinistcha
|-singleturn|p1b: Sinistcha|Protect
|move|p2b: Staraptor|Roost|p2b: Staraptor
|-heal|p2b: Staraptor|81/100
|-singleturn|p2b: Staraptor|move: Roost
|move|p2a: Pelipper|Hurricane|p1b: Sinistcha
|-activate|p1b: Sinistcha|move: Protect
|move|p1a: Delphox|Psyshock|p2b: Staraptor
|-supereffective|p2b: Staraptor|1
|-damage|p2b: Staraptor|33/100
|
|-weather|RainDance|[upkeep]
|upkeep
|turn|7
|
|t:|1783443348
|move|p1a: Delphox|Protect|p1a: Delphox
|-singleturn|p1a: Delphox|Protect
|move|p2b: Staraptor|Roost|p2b: Staraptor
|-heal|p2b: Staraptor|83/100
|-singleturn|p2b: Staraptor|move: Roost
|move|p2a: Pelipper|Weather Ball|p1a: Delphox
|-activate|p1a: Delphox|move: Protect
|move|p1b: Sinistcha|Life Dew||[still]|[spread] p1a,p1b
|-fail|p1a: Delphox|heal
|-heal|p1b: Sinistcha|30/100
|
|-weather|none
|-sideend|p2: Delacruso|move: Tailwind
|upkeep
|turn|8
|inactive|Delacruso has 30 seconds left.
|inactive|NyulaDraws has 30 seconds left.
|inactive|Delacruso has 20 seconds left.
|inactive|Delacruso has 15 seconds left.
|
|t:|1783443390
|switch|p2a: Grimmsnarl|Grimmsnarl, L50, M, shiny|92/100
|move|p1b: Sinistcha|Rage Powder|p1b: Sinistcha
|-singleturn|p1b: Sinistcha|move: Rage Powder
|move|p1a: Delphox|Psyshock|p2b: Staraptor
|-supereffective|p2b: Staraptor|1
|-damage|p2b: Staraptor|31/100
|move|p2b: Staraptor|Close Combat|p1b: Sinistcha
|-immune|p1b: Sinistcha
|
|upkeep
|turn|9
|inactive|Delacruso has 30 seconds left.
|inactive|Delacruso has 20 seconds left.
|
|t:|1783443429
|move|p2b: Staraptor|Protect|p2b: Staraptor
|-singleturn|p2b: Staraptor|Protect
|move|p1a: Delphox|Psyshock|p2b: Staraptor
|-activate|p2b: Staraptor|move: Protect
|move|p1b: Sinistcha|Matcha Gotcha|p2b: Staraptor|[spread] p2a
|-activate|p2b: Staraptor|move: Protect
|-damage|p2a: Grimmsnarl|78/100
|-heal|p1b: Sinistcha|39/100|[from] drain|[of] p2a: Grimmsnarl
|move|p2a: Grimmsnarl|Foul Play|p1b: Sinistcha
|-supereffective|p1b: Sinistcha|1
|-damage|p1b: Sinistcha|5/100
|
|-sideend|p2: Delacruso|move: Light Screen
|upkeep
|turn|10
|inactive|Delacruso has 30 seconds left.
|inactive|Delacruso has 20 seconds left.
|inactive|Delacruso has 15 seconds left.
|
|t:|1783443472
|move|p1a: Delphox|Psyshock|p2b: Staraptor
|-supereffective|p2b: Staraptor|1
|-damage|p2b: Staraptor|0 fnt
|faint|p2b: Staraptor
|move|p1b: Sinistcha|Life Dew||[still]|[spread] p1a,p1b
|-fail|p1a: Delphox|heal
|-heal|p1b: Sinistcha|30/100
|move|p2a: Grimmsnarl|Foul Play|p1b: Sinistcha
|-supereffective|p1b: Sinistcha|1
|-damage|p1b: Sinistcha|0 fnt
|faint|p1b: Sinistcha
|
|upkeep
|
|t:|1783443484
|switch|p2b: Pelipper|Pelipper, L50, F|100/100
|switch|p1b: Incineroar|Incineroar, L50, F|100/100
|-weather|RainDance|[from] ability: Drizzle|[of] p2b: Pelipper
|-ability|p1b: Incineroar|Intimidate|boost
|-unboost|p2a: Grimmsnarl|atk|1
|-unboost|p2b: Pelipper|atk|1
|turn|11
|inactive|Delacruso has 30 seconds left.
|
|t:|1783443511
|move|p1b: Incineroar|Fake Out|p2b: Pelipper
|-damage|p2b: Pelipper|86/100
|move|p2a: Grimmsnarl|Light Screen|p2a: Grimmsnarl
|-sidestart|p2: Delacruso|move: Light Screen
|move|p1a: Delphox|Nasty Plot|p1a: Delphox
|-boost|p1a: Delphox|spa|2
|cant|p2b: Pelipper|flinch
|
|-weather|RainDance|[upkeep]
|upkeep
|turn|12
|
|t:|1783443533
|move|p2a: Grimmsnarl|Parting Shot|p1a: Delphox
|-unboost|p1a: Delphox|atk|1
|-unboost|p1a: Delphox|spa|1
|
|t:|1783443536
|switch|p2a: Sinistcha|Sinistcha, L50|100/100|[from] Parting Shot
|-heal|p2b: Pelipper|100/100|[from] ability: Hospitality|[of] p2a: Sinistcha
|move|p1a: Delphox|Psyshock|p2b: Pelipper
|-damage|p2b: Pelipper|5/100
|move|p2b: Pelipper|Weather Ball|p1a: Delphox
|-supereffective|p1a: Delphox|1
|-damage|p1a: Delphox|0 fnt
|faint|p1a: Delphox
|move|p1b: Incineroar|Throat Chop|p2b: Pelipper
|-damage|p2b: Pelipper|0 fnt
|faint|p2b: Pelipper
|
|-weather|RainDance|[upkeep]
|upkeep
|
|t:|1783443550
|switch|p2b: Grimmsnarl|Grimmsnarl, L50, M, shiny|78/100
|turn|13
|
|t:|1783443561
|move|p2b: Grimmsnarl|Reflect|p2b: Grimmsnarl
|-sidestart|p2: Delacruso|Reflect
|move|p2a: Sinistcha|Matcha Gotcha|p1b: Incineroar
|-resisted|p1b: Incineroar|1
|-damage|p1b: Incineroar|85/100
|move|p1b: Incineroar|Throat Chop|p2a: Sinistcha
|-supereffective|p2a: Sinistcha|1
|-damage|p2a: Sinistcha|61/100
|-start|p2a: Sinistcha|Throat Chop|[silent]
|
|-weather|RainDance|[upkeep]
|upkeep
|turn|14
|
|t:|1783443574
|move|p2a: Sinistcha|Matcha Gotcha|p1b: Incineroar
|-resisted|p1b: Incineroar|1
|-damage|p1b: Incineroar|69/100
|-heal|p2a: Sinistcha|70/100|[from] drain|[of] p1b: Incineroar
|move|p1b: Incineroar|Throat Chop|p2a: Sinistcha
|-supereffective|p2a: Sinistcha|1
|-damage|p2a: Sinistcha|35/100
|-enditem|p2a: Sinistcha|Sitrus Berry|[eat]
|-heal|p2a: Sinistcha|60/100|[from] item: Sitrus Berry
|move|p2b: Grimmsnarl|Foul Play|p1b: Incineroar
|-resisted|p1b: Incineroar|1
|-damage|p1b: Incineroar|56/100
|
|-weather|RainDance|[upkeep]
|-end|p2a: Sinistcha|Throat Chop|[silent]
|upkeep
|turn|15
|
|t:|1783443596
|move|p2a: Sinistcha|Matcha Gotcha|p1b: Incineroar
|-resisted|p1b: Incineroar|1
|-damage|p1b: Incineroar|41/100
|-heal|p2a: Sinistcha|69/100|[from] drain|[of] p1b: Incineroar
|-enditem|p1b: Incineroar|Sitrus Berry|[eat]
|-heal|p1b: Incineroar|66/100|[from] item: Sitrus Berry
|move|p1b: Incineroar|Throat Chop|p2a: Sinistcha
|-supereffective|p2a: Sinistcha|1
|-damage|p2a: Sinistcha|32/100
|-start|p2a: Sinistcha|Throat Chop|[silent]
|move|p2b: Grimmsnarl|Foul Play|p1b: Incineroar
|-resisted|p1b: Incineroar|1
|-damage|p1b: Incineroar|52/100
|
|-weather|none
|upkeep
|turn|16
|inactive|Delacruso has 30 seconds left.
|inactive|Delacruso has 20 seconds left.
|c|☆NyulaDraws|its gg, you build this or its a random team?
|inactive|NyulaDraws has 30 seconds left.
|inactive|NyulaDraws has 20 seconds left.
|
|t:|1783443635
|move|p2a: Sinistcha|Protect|p2a: Sinistcha
|-singleturn|p2a: Sinistcha|Protect
|move|p1b: Incineroar|Throat Chop|p2a: Sinistcha
|-activate|p2a: Sinistcha|move: Protect
|move|p2b: Grimmsnarl|Foul Play|p1b: Incineroar
|-resisted|p1b: Incineroar|1
|-damage|p1b: Incineroar|37/100
|
|-end|p2a: Sinistcha|Throat Chop|[silent]
|upkeep
|turn|17
|inactive|Delacruso has 20 seconds left this turn.
|inactive|Delacruso has 15 seconds left.
|c|☆Delacruso|got it from jonline opponent
|inactive|Delacruso has 10 seconds left.
|inactive|Delacruso has 5 seconds left.
|-message|Delacruso lost due to inactivity.
|
|win|NyulaDraws
