|j|☆nano jump
|j|☆PhillyPyers
|html|nano jumpPhillyPyers    
|uhtml|bestof|Game 1 of a best-of-3
|t:|1757738801
|gametype|doubles
|player|p1|nano jump|steven-masters|1268
|player|p2|PhillyPyers|265|1181
|gen|9
|tier|[Gen 9] VGC 2025 Reg H (Bo3)
|rated|
|rule|Species Clause: Limit one of each Pokémon
|rule|Item Clause: Limit 1 of each item
|clearpoke
|poke|p1|Tyranitar, L50, M|
|poke|p1|Garchomp, L50, F|
|poke|p1|Gholdengo, L50|
|poke|p1|Kilowattrel, L50, M|
|poke|p1|Incineroar, L50, F|
|poke|p1|Amoonguss, L50, F|
|poke|p2|Dragonite, L50, F|
|poke|p2|Gholdengo, L50|
|poke|p2|Ursaluna-Bloodmoon, L50, M|
|poke|p2|Malamar, L50, F|
|poke|p2|Amoonguss, L50, F|
|poke|p2|Whimsicott, L50, F|
|teampreview|4
|showteam|p1|Tyranitar||AssaultVest|SandStream|RockSlide,KnockOff,TeraBlast,LowKick|||M|||50|,,,,,Flying]Garchomp||LifeOrb|RoughSkin|Earthquake,StompingTantrum,DragonClaw,Protect|||F|||50|,,,,,Fire]Gholdengo||MetalCoat|GoodasGold|MakeItRain,ShadowBall,NastyPlot,Protect||||||50|,,,,,Flying]Kilowattrel||CovertCloak|Competitive|AirSlash,Tailwind,Thunderbolt,Protect|||M|||50|,,,,,Fairy]Incineroar||SafetyGoggles|Intimidate|FlareBlitz,KnockOff,FakeOut,PartingShot|||F|||50|,,,,,Grass]Amoonguss||SitrusBerry|Regenerator|Spore,RagePowder,PollenPuff,Protect|||F|||50|,,,,,Psychic
|showteam|p2|Dragonite||LoadedDice|Multiscale|ScaleShot,StompingTantrum,Haze,Protect|||F|||50|,,,,,Fairy]Gholdengo||LifeOrb|GoodasGold|MakeItRain,ShadowBall,NastyPlot,Protect||||||50|,,,,,Water]Ursaluna-Bloodmoon||AssaultVest|MindsEye|BloodMoon,HyperVoice,EarthPower,VacuumWave|||M|||50|,,,,,Water]Malamar||SafetyGoggles|Contrary|Superpower,KnockOff,TrickRoom,Protect|||F|||50|,,,,,Ghost]Amoonguss||SitrusBerry|Regenerator|RagePowder,Spore,PollenPuff,Protect|||F|||50|,,,,,Psychic]Whimsicott||CovertCloak|Prankster|Tailwind,FakeTears,Encore,Moonblast|||F|||50|,,,,,Poison
|inactive|Battle timer is ON: inactive players will automatically lose when time's up. (requested by PhillyPyers)
|
|t:|1757738915
|teamsize|p1|4
|teamsize|p2|4
|start
|switch|p1a: Incineroar|Incineroar, L50, F|100/100
|switch|p1b: Kilowattrel|Kilowattrel, L50, M|100/100
|switch|p2a: Malamar|Malamar, L50, F|100/100
|switch|p2b: Whimsicott|Whimsicott, L50, F|100/100
|-ability|p1a: Incineroar|Intimidate|boost
|-boost|p2a: Malamar|atk|1
|-unboost|p2b: Whimsicott|atk|1
|turn|1
|inactive|PhillyPyers has 30 seconds left.
|
|t:|1757738943
|move|p2b: Whimsicott|Fake Tears|p2a: Malamar
|-boost|p2a: Malamar|spd|2
|move|p1b: Kilowattrel|Thunderbolt|p2a: Malamar
|-damage|p2a: Malamar|76/100
|move|p1a: Incineroar|Knock Off|p2a: Malamar
|-damage|p2a: Malamar|29/100
|-enditem|p2a: Malamar|Safety Goggles|[from] move: Knock Off|[of] p1a: Incineroar
|move|p2a: Malamar|Superpower|p1a: Incineroar
|-supereffective|p1a: Incineroar
|-damage|p1a: Incineroar|0 fnt
|-boost|p2a: Malamar|atk|1
|-boost|p2a: Malamar|def|1
|faint|p1a: Incineroar
|
|upkeep
|
|t:|1757738951
|switch|p1a: Garchomp|Garchomp, L50, F|100/100
|turn|2
|
|t:|1757738971
|move|p2b: Whimsicott|Tailwind|p2b: Whimsicott
|-sidestart|p2: PhillyPyers|move: Tailwind
|move|p2a: Malamar|Superpower|p1a: Garchomp
|-damage|p1a: Garchomp|24/100
|-boost|p2a: Malamar|atk|1
|-boost|p2a: Malamar|def|1
|-damage|p2a: Malamar|17/100|[from] ability: Rough Skin|[of] p1a: Garchomp
|move|p1b: Kilowattrel|Tailwind|p1b: Kilowattrel
|-sidestart|p1: nano jump|move: Tailwind
|move|p1a: Garchomp|Earthquake|p2b: Whimsicott|[spread] p2a,p2b
|-immune|p1b: Kilowattrel
|-resisted|p2b: Whimsicott
|-damage|p2a: Malamar|0 fnt
|-damage|p2b: Whimsicott|72/100
|faint|p2a: Malamar
|-damage|p1a: Garchomp|14/100|[from] item: Life Orb
|
|upkeep
|
|t:|1757738980
|switch|p2a: Dragonite|Dragonite, L50, F|100/100
|turn|3
|
|t:|1757739000
|move|p2b: Whimsicott|Encore|p1b: Kilowattrel
|-start|p1b: Kilowattrel|Encore
|move|p1b: Kilowattrel|Tailwind||[still]
|-fail|p1b: Kilowattrel
|move|p1a: Garchomp|Earthquake|p2a: Dragonite|[spread] p2b
|-immune|p1b: Kilowattrel
|-immune|p2a: Dragonite
|-resisted|p2b: Whimsicott
|-damage|p2b: Whimsicott|38/100
|-damage|p1a: Garchomp|4/100|[from] item: Life Orb
|move|p2a: Dragonite|Scale Shot|p1a: Garchomp
|-supereffective|p1a: Garchomp
|-damage|p1a: Garchomp|0 fnt
|faint|p1a: Garchomp
|-hitcount|p1: Garchomp|1
|-unboost|p2a: Dragonite|def|1
|-boost|p2a: Dragonite|spe|1
|
|upkeep
|
|t:|1757739003
|switch|p1a: Gholdengo|Gholdengo, L50|100/100
|turn|4
|c|☆nano jump|i might be retared
|c|☆nano jump|high chance
|inactive|nano jump has 30 seconds left.
|inactive|PhillyPyers has 30 seconds left.
|
|t:|1757739029
|-terastallize|p1b: Kilowattrel|Fairy
|move|p2a: Dragonite|Stomping Tantrum|p1a: Gholdengo
|-supereffective|p1a: Gholdengo
|-damage|p1a: Gholdengo|36/100
|move|p1b: Kilowattrel|Tailwind||[still]
|-fail|p1b: Kilowattrel
|move|p2b: Whimsicott|Moonblast|p1a: Gholdengo
|-resisted|p1a: Gholdengo
|-damage|p1a: Gholdengo|23/100
|move|p1a: Gholdengo|Make It Rain|p2a: Dragonite|[spread] p2a,p2b
|-supereffective|p2b: Whimsicott
|-damage|p2a: Dragonite|70/100
|-damage|p2b: Whimsicott|0 fnt
|-unboost|p1a: Gholdengo|spa|1
|faint|p2b: Whimsicott
|
|upkeep
|
|t:|1757739040
|switch|p2b: Gholdengo|Gholdengo, L50|100/100
|turn|5
|-message|nano jump forfeited.
|
|win|PhillyPyers
||nano jump is ready for game 2.
|l|☆nano jump
|player|p1|
|inactive|PhillyPyers has 30 seconds to confirm battle start!
||PhillyPyers is ready for game 2.
|uhtml|next|Next: Game 2 of 3
|l|☆PhillyPyers
|player|p2|
