|j|☆SHLOK101
|j|☆jeanryupr
|html|SHLOK101jeanryupr    
|uhtml|bestof|Game 1 of a best-of-3
|t:|1785764478
|gametype|doubles
|player|p1|SHLOK101|cynthia|1248
|player|p2|jeanryupr|170|1161
|gen|9
|tier|[Gen 9 Champions] VGC 2026 Reg M-B (Bo3)
|rated|
|rule|Species Clause: Limit one of each Pokémon
|rule|Item Clause: Limit 1 of each item
|clearpoke
|poke|p1|Blaziken, L50, M|
|poke|p1|Tyranitar, L50, F|
|poke|p1|Lucario, L50, M|
|poke|p1|Mamoswine, L50, M|
|poke|p1|Ditto, L50|
|poke|p1|Houndstone, L50, F|
|poke|p2|Raichu, L50, M|
|poke|p2|Aerodactyl, L50, M|
|poke|p2|Floette-Eternal, L50, F|
|poke|p2|Basculegion, L50, M|
|poke|p2|Farigiraf, L50, M|
|poke|p2|Garchomp, L50, M|
|teampreview|4
|showteam|p1|Blaziken||FocusSash|SpeedBoost|HeatWave,AuraSphere,Coaching,Protect|Modest||M|||50|]Tyranitar||Tyranitarite|SandStream|KnockOff,RockSlide,DragonDance,Protect|Jolly||F|||50|]Lucario||Lucarionite|InnerFocus|MeteorMash,CloseCombat,ThunderPunch,Protect|Jolly||M|||50|]Mamoswine||LifeOrb|Oblivious|IcicleCrash,HighHorsepower,IceShard,Protect|Adamant||M|||50|]Ditto||MentalHerb|Imposter|Transform|Hasty|||||50|]Houndstone||ColburBerry|SandRush|LastRespects,PlayRough,Howl,Protect|Jolly||F|||50|
|showteam|p2|Raichu||RaichuniteY|LightningRod|ZapCannon,FocusBlast,FakeOut,Protect|Timid||M|||50|]Aerodactyl||FocusSash|Unnerve|WideGuard,DualWingbeat,RockSlide,Tailwind|Jolly||M|||50|]Floette-Eternal||Floettite|FlowerVeil|CalmMind,DazzlingGleam,DrainingKiss,Protect|Timid||F|||50|]Basculegion||MysticWater|Adaptability|WaveCrash,LastRespects,AquaJet,Protect|Adamant||M|||50|]Farigiraf||SitrusBerry|ArmorTail|TrickRoom,HelpingHand,Thunderbolt,Psychic|Bold||M|||50|]Garchomp||LifeOrb|RoughSkin|Protect,DragonClaw,StompingTantrum,RockSlide|Jolly||M|||50|
|inactive|Battle timer is ON: inactive players will automatically lose when time's up. (requested by SHLOK101)
|inactive|SHLOK101 has 60 seconds left.
|inactive|jeanryupr has 60 seconds left.
|
|t:|1785764536
|teamsize|p1|4
|teamsize|p2|4
|start
|switch|p1a: Blaziken|Blaziken, L50, M|100/100
|switch|p1b: Mamoswine|Mamoswine, L50, M|100/100
|switch|p2a: Floette|Floette-Eternal, L50, F|100/100
|switch|p2b: Aerodactyl|Aerodactyl, L50, M|100/100
|-ability|p2b: Aerodactyl|Unnerve
|turn|1
|
|t:|1785764556
|detailschange|p2a: Floette|Floette-Mega, L50, F
|-mega|p2a: Floette|Floette|Floettite
|-ability|p2a: Floette|Fairy Aura
|move|p2b: Aerodactyl|Tailwind|p2b: Aerodactyl
|-sidestart|p2: jeanryupr|move: Tailwind
|move|p2a: Floette|Calm Mind|p2a: Floette
|-boost|p2a: Floette|spa|1
|-boost|p2a: Floette|spd|1
|move|p1b: Mamoswine|High Horsepower|p2a: Floette
|-damage|p2a: Floette|3/100
|-damage|p1b: Mamoswine|90/100|[from] item: Life Orb
|move|p1a: Blaziken|Heat Wave|p2b: Aerodactyl|[spread] p2a,p2b
|-resisted|p2b: Aerodactyl|1
|-crit|p2b: Aerodactyl
|-damage|p2a: Floette|0 fnt
|-damage|p2b: Aerodactyl|65/100
|faint|p2a: Floette
|
|-ability|p1a: Blaziken|Speed Boost|boost
|-boost|p1a: Blaziken|spe|1
|upkeep
|
|t:|1785764570
|switch|p2a: Basculegion|Basculegion, L50, M|100/100
|turn|2
|
|t:|1785764585
|switch|p2b: Farigiraf|Farigiraf, L50, M|100/100
|move|p1b: Mamoswine|Ice Shard||[still]
|cant|p2b: Farigiraf|ability: Armor Tail|Ice Shard|[of] p1b: Mamoswine
|move|p2a: Basculegion|Wave Crash|p1a: Blaziken
|-supereffective|p1a: Blaziken|1
|-enditem|p1a: Blaziken|Focus Sash
|-damage|p1a: Blaziken|1/100
|-damage|p2a: Basculegion|73/100|[from] Recoil
|move|p1a: Blaziken|Heat Wave|p2b: Farigiraf|[spread] p2a,p2b
|-resisted|p2a: Basculegion|1
|-damage|p2a: Basculegion|50/100g
|-damage|p2b: Farigiraf|69/100
|
|-ability|p1a: Blaziken|Speed Boost|boost
|-boost|p1a: Blaziken|spe|1
|upkeep
|turn|3
|inactive|jeanryupr has 30 seconds left.
|
|t:|1785764612
|move|p1a: Blaziken|Heat Wave|p2b: Farigiraf|[spread] p2a
|-miss|p1a: Blaziken|p2b: Farigiraf
|-resisted|p2a: Basculegion|1
|-damage|p2a: Basculegion|29/100
|-status|p2a: Basculegion|brn
|move|p2a: Basculegion|Wave Crash|p1b: Mamoswine
|-supereffective|p1b: Mamoswine|1
|-damage|p1b: Mamoswine|0 fnt
|faint|p1b: Mamoswine
|-damage|p2a: Basculegion|1/100 brn|[from] Recoil
|move|p2b: Farigiraf|Psychic|p1a: Blaziken
|-supereffective|p1a: Blaziken|1
|-damage|p1a: Blaziken|0 fnt
|faint|p1a: Blaziken
|
|-damage|p2a: Basculegion|0 fnt|[from] brn
|faint|p2a: Basculegion
|upkeep
|
|t:|1785764624
|switch|p1a: Tyranitar|Tyranitar, L50, F|100/100
|switch|p1b: Houndstone|Houndstone, L50, F|100/100
|switch|p2a: Aerodactyl|Aerodactyl, L50, M|65/100
|-ability|p2a: Aerodactyl|Unnerve
|-weather|Sandstorm|[from] ability: Sand Stream|[of] p1a: Tyranitar
|turn|4
|
|t:|1785764637
|move|p2a: Aerodactyl|Rock Slide|p1b: Houndstone|[spread] p1a,p1b
|-damage|p1a: Tyranitar|81/100
|-damage|p1b: Houndstone|75/100
|move|p1b: Houndstone|Last Respects|p2a: Aerodactyl
|-damage|p2a: Aerodactyl|0 fnt
|faint|p2a: Aerodactyl
|move|p2b: Farigiraf|Psychic|p1b: Houndstone
|-damage|p1b: Houndstone|35/100
|cant|p1a: Tyranitar|flinch
|
|-weather|Sandstorm|[upkeep]
|-damage|p2b: Farigiraf|62/100|[from] Sandstorm
|-sideend|p2: jeanryupr|move: Tailwind
|upkeep
|turn|5
|
|t:|1785764652
|move|p1b: Houndstone|Play Rough|p2b: Farigiraf
|-damage|p2b: Farigiraf|43/100
|-enditem|p2b: Farigiraf|Sitrus Berry|[eat]
|-heal|p2b: Farigiraf|67/100|[from] item: Sitrus Berry
|move|p1a: Tyranitar|Rock Slide|p2b: Farigiraf
|-damage|p2b: Farigiraf|38/100
|move|p2b: Farigiraf|Psychic|p1b: Houndstone
|-damage|p1b: Houndstone|0 fnt
|faint|p1b: Houndstone
|
|-weather|Sandstorm|[upkeep]
|-damage|p2b: Farigiraf|32/100|[from] Sandstorm
|upkeep
|turn|6
|
|t:|1785764665
|move|p1a: Tyranitar|Knock Off|p2b: Farigiraf
|-supereffective|p2b: Farigiraf|1
|-damage|p2b: Farigiraf|0 fnt
|faint|p2b: Farigiraf
|
|win|SHLOK101
