|j|☆washingtongargacha
|j|☆Daniw9
|html|washingtongargachaDaniw9    
|uhtml|bestof|Game 2 of a best-of-3
|t:|1756981652
|gametype|doubles
|player|p1|washingtongargacha|2|1182
|player|p2|Daniw9|170|1219
|gen|9
|tier|[Gen 9] VGC 2025 Reg H (Bo3)
|rated|
|rule|Species Clause: Limit one of each Pokémon
|rule|Item Clause: Limit 1 of each item
|clearpoke
|poke|p1|Talonflame, L50, M|
|poke|p1|Gholdengo, L50|
|poke|p1|Dragonite, L50, M|
|poke|p1|Archaludon, L50, F|
|poke|p1|Tyranitar, L50, F|
|poke|p1|Garchomp, L50, M|
|poke|p2|Garchomp, L50, F|
|poke|p2|Tyranitar, L50, M|
|poke|p2|Indeedee-F, L50, F|
|poke|p2|Gardevoir, L50, M|
|poke|p2|Sneasler, L50, M|
|poke|p2|Talonflame, L50, F|
|teampreview|4
|showteam|p1|Talonflame||CovertCloak|GaleWings|Tailwind,BraveBird,Taunt,WillOWisp|||M|||50|,,,,,Ghost]Gholdengo||ChoiceSpecs|GoodasGold|MakeItRain,SteelBeam,ShadowBall,PowerGem||||||50|,,,,,Steel]Dragonite||LoadedDice|Multiscale|ScaleShot,IceSpinner,Haze,Protect|||M|||50|,,,,,Steel]Archaludon||PowerHerb|Sturdy|FlashCannon,ElectroShot,DracoMeteor,Protect|||F|||50|,,,,,Flying]Tyranitar||AssaultVest|SandStream|KnockOff,RockSlide,TeraBlast,LowKick|||F|||50|,,,,,Flying]Garchomp||LifeOrb|RoughSkin|DragonClaw,StompingTantrum,Earthquake,Protect|||M|||50|,,,,,Steel
|showteam|p2|Garchomp||ClearAmulet|SandVeil|Earthquake,StompingTantrum,Protect,DragonClaw|||F|||50|,,,,,Steel]Tyranitar||AssaultVest|SandStream|RockSlide,TeraBlast,KnockOff,LowKick|||M|||50|,,,,,Flying]Indeedee-F||SafetyGoggles|PsychicSurge|DazzlingGleam,TrickRoom,FollowMe,HelpingHand|||F|||50|,,,,,Water]Gardevoir||ChoiceScarf|Telepathy|IcyWind,Moonblast,ExpandingForce,MysticalFire|||M|||50|,,,,,Fire]Sneasler||PsychicSeed|Unburden|CloseCombat,DireClaw,Protect,ThroatChop|||M|||50|,,,,,Dark]Talonflame||CovertCloak|GaleWings|Tailwind,DualWingbeat,FlareBlitz,Taunt|||F|||50|,,,,,Flying
|
|t:|1756981682
|teamsize|p1|4
|teamsize|p2|4
|start
|switch|p1a: Talonflame|Talonflame, L50, M|100/100
|switch|p1b: Garchomp|Garchomp, L50, M|100/100
|switch|p2a: Talonflame|Talonflame, L50, F|100/100
|switch|p2b: Garchomp|Garchomp, L50, F|100/100
|turn|1
|
|t:|1756981726
|move|p2b: Garchomp|Protect|p2b: Garchomp
|-singleturn|p2b: Garchomp|Protect
|move|p1a: Talonflame|Tailwind|p1a: Talonflame
|-sidestart|p1: washingtongargacha|move: Tailwind
|move|p2a: Talonflame|Tailwind|p2a: Talonflame
|-sidestart|p2: Daniw9|move: Tailwind
|move|p1b: Garchomp|Dragon Claw|p2a: Talonflame
|-damage|p2a: Talonflame|22/100
|-damage|p1b: Garchomp|91/100|[from] item: Life Orb
|
|upkeep
|turn|2
|
|t:|1756981752
|-terastallize|p2b: Garchomp|Steel
|move|p1a: Talonflame|Brave Bird|p2b: Garchomp
|-resisted|p2b: Garchomp
|-damage|p2b: Garchomp|83/100
|-damage|p1a: Talonflame|94/100|[from] Recoil
|move|p2a: Talonflame|Flare Blitz|p1b: Garchomp
|-resisted|p1b: Garchomp
|-damage|p1b: Garchomp|68/100
|-damage|p2a: Talonflame|10/100|[from] ability: Rough Skin|[of] p1b: Garchomp
|-damage|p2a: Talonflame|1/100|[from] Recoil
|move|p1b: Garchomp|Stomping Tantrum|p2b: Garchomp
|-supereffective|p2b: Garchomp
|-damage|p2b: Garchomp|0 fnt
|faint|p2b: Garchomp
|-damage|p1b: Garchomp|58/100|[from] item: Life Orb
|
|upkeep
|
|t:|1756981767
|switch|p2b: Gardevoir|Gardevoir, L50, M|100/100
|turn|3
|
|t:|1756981789
|switch|p2a: Indeedee|Indeedee-F, L50, F|100/100
|-fieldstart|move: Psychic Terrain|[from] ability: Psychic Surge|[of] p2a: Indeedee
|-terastallize|p1b: Garchomp|Steel
|move|p2b: Gardevoir|Expanding Force|p1b: Garchomp|[spread] p1a,p1b
|-resisted|p1b: Garchomp
|-damage|p1a: Talonflame|15/100
|-damage|p1b: Garchomp|19/100
|move|p1a: Talonflame|Brave Bird|p2a: Indeedee
|-damage|p2a: Indeedee|67/100
|-damage|p1a: Talonflame|4/100|[from] Recoil
|move|p1b: Garchomp|Stomping Tantrum|p2b: Gardevoir
|-damage|p2b: Gardevoir|16/100
|-damage|p1b: Garchomp|9/100|[from] item: Life Orb
|
|upkeep
|turn|4
|
|t:|1756981844
|switch|p1a: Gholdengo|Gholdengo, L50|100/100
|switch|p2a: Talonflame|Talonflame, L50, F|1/100
|move|p2b: Gardevoir|Expanding Force|p1b: Garchomp|[spread] p1a,p1b
|-resisted|p1a: Gholdengo
|-resisted|p1b: Garchomp
|-damage|p1a: Gholdengo|64/100
|-damage|p1b: Garchomp|0 fnt
|faint|p1b: Garchomp
|
|-sideend|p2: Daniw9|move: Tailwind
|-sideend|p1: washingtongargacha|move: Tailwind
|upkeep
|
|t:|1756981854
|switch|p1b: Talonflame|Talonflame, L50, M|4/100
|turn|5
|
|t:|1756981884
|switch|p1a: Archaludon|Archaludon, L50, F|100/100
|move|p2b: Gardevoir|Expanding Force|p1a: Archaludon|[spread] p1a,p1b
|-resisted|p1a: Archaludon
|-damage|p1a: Archaludon|52/100
|-damage|p1b: Talonflame|0 fnt
|faint|p1b: Talonflame
|move|p2a: Talonflame|Flare Blitz|p1a: Archaludon
|-damage|p1a: Archaludon|11/100
|-damage|p2a: Talonflame|0 fnt|[from] Recoil
|faint|p2a: Talonflame
|
|upkeep
|
|t:|1756981894
|switch|p1b: Gholdengo|Gholdengo, L50|64/100
|switch|p2a: Indeedee|Indeedee-F, L50, F|67/100
|turn|6
|
|t:|1756981903
|move|p2a: Indeedee|Helping Hand|p2b: Gardevoir
|-singleturn|p2b: Gardevoir|Helping Hand|[of] p2a: Indeedee
|move|p1a: Archaludon|Protect|p1a: Archaludon
|-singleturn|p1a: Archaludon|Protect
|move|p2b: Gardevoir|Expanding Force|p1a: Archaludon|[spread] p1b
|-activate|p1a: Archaludon|move: Protect
|-resisted|p1b: Gholdengo
|-damage|p1b: Gholdengo|8/100
|move|p1b: Gholdengo|Make It Rain|p2b: Gardevoir|[spread] p2a,p2b
|-supereffective|p2b: Gardevoir
|-damage|p2a: Indeedee|2/100
|-damage|p2b: Gardevoir|0 fnt
|-unboost|p1b: Gholdengo|spa|1
|faint|p2b: Gardevoir
|
|upkeep
|turn|7
|
|t:|1756981923
|move|p1a: Archaludon|Flash Cannon|p2a: Indeedee
|-damage|p2a: Indeedee|0 fnt
|faint|p2a: Indeedee
|
|win|washingtongargacha
||washingtongargacha is ready for game 3.
||Daniw9 is ready for game 3.
|uhtml|next|Next: Game 3 of 3
|l|☆washingtongargacha
|player|p1|
