|j|☆Fish Percent
|j|☆onxlaughtvgc
|html|Fish Percentonxlaughtvgc    
|uhtml|bestof|Game 1 of a best-of-3
|t:|1757830743
|gametype|doubles
|player|p1|Fish Percent|cynthia|1178
|player|p2|onxlaughtvgc|veteran|1152
|gen|9
|tier|[Gen 9] VGC 2025 Reg H (Bo3)
|rated|
|rule|Species Clause: Limit one of each Pokémon
|rule|Item Clause: Limit 1 of each item
|clearpoke
|poke|p1|Pelipper, L50, M|
|poke|p1|Basculegion, L50, M|
|poke|p1|Incineroar, L50, F|
|poke|p1|Archaludon, L50, F|
|poke|p1|Sinistcha, L50|
|poke|p1|Ursaluna, L50, F|
|poke|p2|Kleavor, L50, F|
|poke|p2|Tyranitar, L50, M|
|poke|p2|Excadrill, L50, F|
|poke|p2|Garchomp, L50, F|
|poke|p2|Klefki, L50, M|
|poke|p2|Clodsire, L50, F|
|teampreview|4
|showteam|p1|Pelipper||FocusSash|Drizzle|Hurricane,WeatherBall,Tailwind,Protect|||M|||50|,,,,,Stellar]Basculegion||ChoiceBand|SwiftSwim|WaveCrash,LastRespects,AquaJet,FlipTurn|||M|||50|,,,,,Water]Incineroar||SafetyGoggles|Intimidate|KnockOff,FakeOut,Taunt,PartingShot|||F|||50|,,,,,Flying]Archaludon||AssaultVest|Stamina|ElectroShot,DragonPulse,FlashCannon,BodyPress|||F|||50|,,,,,Grass]Sinistcha||SitrusBerry|Hospitality|MatchaGotcha,RagePowder,LifeDew,TrickRoom||||||50|,,,,,Water]Ursaluna||FlameOrb|Guts|HeadlongRush,Facade,Earthquake,Protect|||F|||50|,,,,,Ghost
|showteam|p2|Kleavor||ChoiceBand|Sharpness|StoneAxe,AerialAce,NightSlash,CloseCombat|||F|||50|,,,,,Ghost]Tyranitar||AssaultVest|SandStream|RockSlide,KnockOff,LowKick,TeraBlast|||M|||50|,,,,,Flying]Excadrill||LifeOrb|SandRush|Earthquake,RockSlide,IronHead,Protect|||F|||50|,,,,,Ground]Garchomp||BrightPowder|SandVeil|StompingTantrum,RockSlide,SwordsDance,Protect|||F|||50|,,,,,Fire]Klefki||LightClay|Prankster|Reflect,ThunderWave,DrainingKiss,LightScreen|||M|||50|,,,,,Water]Clodsire||Leftovers|WaterAbsorb|Curse,Protect,StompingTantrum,GunkShot|||F|||50|,,,,,Fire
|inactive|Battle timer is ON: inactive players will automatically lose when time's up. (requested by Fish Percent)
|
|t:|1757830769
|teamsize|p1|4
|teamsize|p2|4
|start
|switch|p1a: Incineroar|Incineroar, L50, F|100/100
|switch|p1b: Basculegion|Basculegion, L50, M|100/100
|switch|p2a: Tyranitar|Tyranitar, L50, M|100/100
|switch|p2b: Klefki|Klefki, L50, M|100/100
|-ability|p1a: Incineroar|Intimidate|boost
|-unboost|p2a: Tyranitar|atk|1
|-unboost|p2b: Klefki|atk|1
|-weather|Sandstorm|[from] ability: Sand Stream|[of] p2a: Tyranitar
|turn|1
|
|t:|1757830791
|switch|p1b: Archaludon|Archaludon, L50, F|100/100
|-terastallize|p2a: Tyranitar|Flying
|move|p2b: Klefki|Reflect|p2b: Klefki
|-sidestart|p2: onxlaughtvgc|Reflect
|move|p1a: Incineroar|Taunt|p2b: Klefki
|-start|p2b: Klefki|move: Taunt
|move|p2a: Tyranitar|Knock Off|p1b: Archaludon
|-damage|p1b: Archaludon|75/100
|-ability|p1b: Archaludon|Stamina|boost
|-boost|p1b: Archaludon|def|1
|-enditem|p1b: Archaludon|Assault Vest|[from] move: Knock Off|[of] p2a: Tyranitar
|
|-weather|Sandstorm|[upkeep]
|-damage|p2a: Tyranitar|95/100|[from] Sandstorm
|upkeep
|turn|2
|
|t:|1757830814
|move|p1a: Incineroar|Parting Shot|p2b: Klefki
|-unboost|p2b: Klefki|atk|1
|-unboost|p2b: Klefki|spa|1
|
|t:|1757830816
|switch|p1a: Pelipper|Pelipper, L50, M|100/100|[from] Parting Shot
|-weather|RainDance|[from] ability: Drizzle|[of] p1a: Pelipper
|move|p1b: Archaludon|Electro Shot||[still]
|-prepare|p1b: Archaludon|Electro Shot
|-boost|p1b: Archaludon|spa|1
|-anim|p1b: Archaludon|Electro Shot|p2a: Tyranitar
|-supereffective|p2a: Tyranitar
|-damage|p2a: Tyranitar|18/100
|move|p2b: Klefki|Draining Kiss|p1b: Archaludon
|-damage|p1b: Archaludon|63/100
|-ability|p1b: Archaludon|Stamina|boost
|-boost|p1b: Archaludon|def|1
|move|p2a: Tyranitar|Low Kick|p1b: Archaludon
|-supereffective|p1b: Archaludon
|-damage|p1b: Archaludon|47/100
|-ability|p1b: Archaludon|Stamina|boost
|-boost|p1b: Archaludon|def|1
|
|-weather|RainDance|[upkeep]
|upkeep
|turn|3
|
|t:|1757830840
|switch|p2a: Clodsire|Clodsire, L50, F|100/100
|move|p1b: Archaludon|Electro Shot||[still]
|-prepare|p1b: Archaludon|Electro Shot
|-boost|p1b: Archaludon|spa|1
|-anim|p1b: Archaludon|Electro Shot|p2b: Klefki
|-damage|p2b: Klefki|19/100
|move|p1a: Pelipper|Tailwind|p1a: Pelipper
|-sidestart|p1: Fish Percent|move: Tailwind
|move|p2b: Klefki|Draining Kiss|p1a: Pelipper
|-damage|p1a: Pelipper|83/100
|-heal|p2b: Klefki|30/100|[from] drain|[of] p1a: Pelipper
|
|-weather|RainDance|[upkeep]
|upkeep
|turn|4
|
|t:|1757830860
|switch|p2b: Tyranitar|Tyranitar, L50, M, tera:Flying|18/100
|-weather|Sandstorm|[from] ability: Sand Stream|[of] p2b: Tyranitar
|move|p1b: Archaludon|Flash Cannon|p2b: Tyranitar
|-damage|p2b: Tyranitar|0 fnt
|faint|p2b: Tyranitar
|move|p1a: Pelipper|Hurricane|p2a: Clodsire
|-damage|p2a: Clodsire|65/100
|-start|p2a: Clodsire|confusion
|-activate|p2a: Clodsire|confusion
|move|p2a: Clodsire|Curse|p2a: Clodsire
|-unboost|p2a: Clodsire|spe|1
|-boost|p2a: Clodsire|atk|1
|-boost|p2a: Clodsire|def|1
|
|-weather|Sandstorm|[upkeep]
|-damage|p1a: Pelipper|77/100|[from] Sandstorm
|-heal|p2a: Clodsire|71/100|[from] item: Leftovers
|upkeep
|
|t:|1757830879
|switch|p2b: Klefki|Klefki, L50, M|30/100
|turn|5
|
|t:|1757830888
|switch|p1a: Incineroar|Incineroar, L50, F|100/100
|-ability|p1a: Incineroar|Intimidate|boost
|-unboost|p2a: Clodsire|atk|1
|-unboost|p2b: Klefki|atk|1
|move|p2b: Klefki|Thunder Wave|p1b: Archaludon
|-status|p1b: Archaludon|par
|move|p1b: Archaludon|Flash Cannon|p2b: Klefki
|-damage|p2b: Klefki|0 fnt
|faint|p2b: Klefki
|-activate|p2a: Clodsire|confusion
|-damage|p2a: Clodsire|67/100|[from] confusion
|
|-weather|Sandstorm|[upkeep]
|-heal|p2a: Clodsire|73/100|[from] item: Leftovers
|upkeep
|
|t:|1757830903
|switch|p2b: Excadrill|Excadrill, L50, F|100/100
|turn|6
|
|t:|1757830911
|move|p1a: Incineroar|Fake Out|p2b: Excadrill
|-resisted|p2b: Excadrill
|-damage|p2b: Excadrill|96/100
|cant|p2b: Excadrill|flinch
|cant|p1b: Archaludon|par
|-activate|p2a: Clodsire|confusion
|move|p2a: Clodsire|Stomping Tantrum|p1a: Incineroar
|-supereffective|p1a: Incineroar
|-damage|p1a: Incineroar|22/100
|
|-weather|Sandstorm|[upkeep]
|-heal|p2a: Clodsire|80/100|[from] item: Leftovers
|-sideend|p1: Fish Percent|move: Tailwind
|upkeep
|turn|7
|
|t:|1757830929
|switch|p1a: Pelipper|Pelipper, L50, M|77/100
|-weather|RainDance|[from] ability: Drizzle|[of] p1a: Pelipper
|-terastallize|p1b: Archaludon|Grass
|move|p2b: Excadrill|Rock Slide|p1b: Archaludon|[spread] p1a
|-miss|p2b: Excadrill|p1b: Archaludon
|-supereffective|p1a: Pelipper
|-damage|p1a: Pelipper|0 fnt
|faint|p1a: Pelipper
|-damage|p2b: Excadrill|86/100|[from] item: Life Orb
|move|p1b: Archaludon|Dragon Pulse|p2a: Clodsire
|-damage|p2a: Clodsire|20/100
|-activate|p2a: Clodsire|confusion
|-damage|p2a: Clodsire|16/100|[from] confusion
|
|-weather|RainDance|[upkeep]
|-heal|p2a: Clodsire|22/100|[from] item: Leftovers
|upkeep
|
|t:|1757830946
|switch|p1a: Incineroar|Incineroar, L50, F|22/100
|-ability|p1a: Incineroar|Intimidate|boost
|-unboost|p2a: Clodsire|atk|1
|-unboost|p2b: Excadrill|atk|1
|turn|8
|
|t:|1757830954
|move|p2b: Excadrill|Protect|p2b: Excadrill
|-singleturn|p2b: Excadrill|Protect
|-end|p2a: Clodsire|confusion
|move|p2a: Clodsire|Protect|p2a: Clodsire
|-singleturn|p2a: Clodsire|Protect
|move|p1a: Incineroar|Fake Out|p2a: Clodsire
|-activate|p2a: Clodsire|move: Protect
|move|p1b: Archaludon|Dragon Pulse|p2a: Clodsire
|-activate|p2a: Clodsire|move: Protect
|
|-weather|RainDance|[upkeep]
|-heal|p2a: Clodsire|29/100|[from] item: Leftovers
|-sideend|p2: onxlaughtvgc|Reflect
|upkeep
|turn|9
|
|t:|1757830971
|switch|p1a: Basculegion|Basculegion, L50, M|100/100
|move|p2b: Excadrill|Rock Slide|p1a: Basculegion|[spread] p1a,p1b
|-damage|p1a: Basculegion|76/100
|-damage|p1b: Archaludon|41/100 par
|-ability|p1b: Archaludon|Stamina|boost
|-boost|p1b: Archaludon|def|1
|-damage|p2b: Excadrill|76/100|[from] item: Life Orb
|cant|p1b: Archaludon|flinch
|move|p2a: Clodsire|Gunk Shot|p1b: Archaludon
|-supereffective|p1b: Archaludon
|-damage|p1b: Archaludon|28/100 par
|-ability|p1b: Archaludon|Stamina|boost
|-boost|p1b: Archaludon|def|1
|
|-weather|RainDance|[upkeep]
|-heal|p2a: Clodsire|35/100|[from] item: Leftovers
|upkeep
|turn|10
|
|t:|1757830995
|move|p2b: Excadrill|Protect|p2b: Excadrill
|-singleturn|p2b: Excadrill|Protect
|move|p2a: Clodsire|Protect|p2a: Clodsire
|-singleturn|p2a: Clodsire|Protect
|move|p1a: Basculegion|Flip Turn|p2b: Excadrill
|-activate|p2b: Excadrill|move: Protect
|move|p1b: Archaludon|Dragon Pulse|p2a: Clodsire
|-activate|p2a: Clodsire|move: Protect
|
|-weather|RainDance|[upkeep]
|-heal|p2a: Clodsire|41/100|[from] item: Leftovers
|upkeep
|turn|11
|
|t:|1757831013
|move|p1a: Basculegion|Flip Turn|p2b: Excadrill
|-supereffective|p2b: Excadrill
|-damage|p2b: Excadrill|0 fnt
|faint|p2b: Excadrill
|
|t:|1757831015
|switch|p1a: Incineroar|Incineroar, L50, F|22/100|[from] Flip Turn
|-ability|p1a: Incineroar|Intimidate|boost
|-unboost|p2a: Clodsire|atk|1
|move|p1b: Archaludon|Dragon Pulse|p2a: Clodsire
|-damage|p2a: Clodsire|0 fnt
|faint|p2a: Clodsire
|
|win|Fish Percent
|inactive|Fish Percent has 30 seconds to confirm battle start!
|inactive|onxlaughtvgc has 30 seconds to confirm battle start!
||onxlaughtvgc is ready for game 2.
||Fish Percent is ready for game 2.
|uhtml|next|Next: Game 2 of 3
|l|☆onxlaughtvgc
|player|p2|
