|j|☆Naya314
|j|☆perrre
|html|Naya314perrre    
|uhtml|bestof|Game 2 of a best-of-3
|t:|1783390908
|gametype|doubles
|player|p1|Naya314|candice|1143
|player|p2|perrre|dawn|1000
|gen|9
|tier|[Gen 9 Champions] VGC 2026 Reg M-B (Bo3)
|rated|
|rule|Species Clause: Limit one of each Pokémon
|rule|Item Clause: Limit 1 of each item
|clearpoke
|poke|p1|Scizor, L50, M|
|poke|p1|Charizard, L50, M|
|poke|p1|Garchomp, L50, F|
|poke|p1|Basculegion, L50, M|
|poke|p1|Whimsicott, L50, F|
|poke|p1|Floette-Eternal, L50, F|
|poke|p2|Kommo-o, L50, M|
|poke|p2|Orthworm, L50, M|
|poke|p2|Dragapult, L50, F|
|poke|p2|Whimsicott, L50, M|
|poke|p2|Conkeldurr, L50, M|
|poke|p2|Abomasnow, L50, F|
|teampreview|4
|showteam|p1|Scizor||ExpertBelt|Technician|BugBite,BulletPunch,CloseCombat,Protect|Adamant||M|||50|]Charizard||CharizarditeY|Blaze|HeatWave,SolarBeam,WeatherBall,Protect|Modest||M|||50|]Garchomp||LifeOrb|RoughSkin|Earthquake,DragonClaw,RockSlide,Protect|Jolly||F|||50|]Basculegion||ChoiceScarf|Adaptability|LastRespects,WaveCrash,AquaJet,FlipTurn|Adamant||M|||50|]Whimsicott||FocusSash|Prankster|Moonblast,Tailwind,Encore,Protect|Timid||F|||50|]Floette-Eternal||Floettite|FlowerVeil|DazzlingGleam,EnergyBall,Moonblast,Protect|Modest||F|||50|
|showteam|p2|Kommo-o||LifeOrb|Soundproof|BellyDrum,Earthquake,Protect,DrainPunch|Jolly||M|||50|]Orthworm||SitrusBerry|EarthEater|Protect,ShedTail,SleepTalk,Dig|Impish||M|||50|]Dragapult||FocusSash|ClearBody|Protect,PhantomForce,QuickAttack,DragonDarts|Hasty||F|||50|]Whimsicott||ChoiceScarf|Prankster|Tailwind,SleepTalk,DazzlingGleam,Substitute|Timid||M|||50|]Conkeldurr||CobaBerry|SheerForce|WideGuard,RockSlide,MachPunch,Protect|Brave||M|||50|]Abomasnow||Abomasite|SnowWarning|IceShard,Protect,Blizzard,BrickBreak|Serious||F|||50|
|inactive|Battle timer is ON: inactive players will automatically lose when time's up. (requested by Naya314)
|
|t:|1783390936
|teamsize|p1|4
|teamsize|p2|4
|start
|switch|p1a: Whimsicott|Whimsicott, L50, F|100/100
|switch|p1b: Garchomp|Garchomp, L50, F|100/100
|switch|p2a: Orthworm|Orthworm, L50, M|100/100
|switch|p2b: Conkeldurr|Conkeldurr, L50, M|100/100
|turn|1
|inactive|Naya314 has 30 seconds left.
|
|t:|1783390962
|move|p2b: Conkeldurr|Mach Punch|p1b: Garchomp
|-damage|p1b: Garchomp|77/100
|-damage|p2b: Conkeldurr|87/100|[from] ability: Rough Skin|[of] p1b: Garchomp
|move|p1a: Whimsicott|Moonblast|p2b: Conkeldurr
|-supereffective|p2b: Conkeldurr|1
|-damage|p2b: Conkeldurr|1/100
|move|p1b: Garchomp|Dragon Claw|p2b: Conkeldurr
|-crit|p2b: Conkeldurr
|-damage|p2b: Conkeldurr|0 fnt
|faint|p2b: Conkeldurr
|-damage|p1b: Garchomp|67/100|[from] item: Life Orb
|move|p2a: Orthworm|Dig||[still]
|-prepare|p2a: Orthworm|Dig
|
|upkeep
|
|t:|1783390981
|switch|p2b: Whimsicott|Whimsicott, L50, M|100/100
|turn|2
|
|t:|1783390990
|move|p2b: Whimsicott|Dazzling Gleam|p1a: Whimsicott|[spread] p1a,p1b
|-supereffective|p1b: Garchomp|1
|-damage|p1a: Whimsicott|62/100
|-damage|p1b: Garchomp|18/100
|move|p1a: Whimsicott|Moonblast|p2b: Whimsicott
|-damage|p2b: Whimsicott|36/100
|move|p1b: Garchomp|Rock Slide|p2b: Whimsicott|[spread] p2b
|-miss|p1b: Garchomp|p2a: Orthworm
|-damage|p2b: Whimsicott|0 fnt
|faint|p2b: Whimsicott
|-damage|p1b: Garchomp|9/100|[from] item: Life Orb
|move|p2a: Orthworm|Dig|p1a: Whimsicott|[from] lockedmove
|-resisted|p1a: Whimsicott|1
|-damage|p1a: Whimsicott|51/100
|
|upkeep
|
|t:|1783391010
|switch|p2b: Abomasnow|Abomasnow, L50, F|100/100
|-weather|Snowscape|[from] ability: Snow Warning|[of] p2b: Abomasnow
|turn|3
|
|t:|1783391027
|detailschange|p2b: Abomasnow|Abomasnow-Mega, L50, F
|-mega|p2b: Abomasnow|Abomasnow|Abomasite
|move|p1b: Garchomp|Protect|p1b: Garchomp
|-singleturn|p1b: Garchomp|Protect
|move|p1a: Whimsicott|Tailwind|p1a: Whimsicott
|-sidestart|p1: Naya314|move: Tailwind
|move|p2b: Abomasnow|Ice Shard|p1a: Whimsicott
|-supereffective|p1a: Whimsicott|1
|-damage|p1a: Whimsicott|0 fnt
|faint|p1a: Whimsicott
|move|p2a: Orthworm|Dig||[still]
|-prepare|p2a: Orthworm|Dig
|
|-weather|Snowscape|[upkeep]
|upkeep
|
|t:|1783391038
|switch|p1a: Charizard|Charizard, L50, M|100/100
|turn|4
|
|t:|1783391061
|detailschange|p1a: Charizard|Charizard-Mega-Y, L50, M
|-mega|p1a: Charizard|Charizard|Charizardite Y
|-weather|SunnyDay|[from] ability: Drought|[of] p1a: Charizard
|move|p2b: Abomasnow|Ice Shard|p1a: Charizard
|-damage|p1a: Charizard|68/100
|move|p1b: Garchomp|Dragon Claw|p2a: Orthworm|[miss]
|-miss|p1b: Garchomp|p2a: Orthworm
|move|p1a: Charizard|Weather Ball|p2b: Abomasnow
|-supereffective|p2b: Abomasnow|2
|-damage|p2b: Abomasnow|0 fnt
|faint|p2b: Abomasnow
|move|p2a: Orthworm|Dig|p1b: Garchomp|[from] lockedmove
|-damage|p1b: Garchomp|0 fnt
|-damage|p2a: Orthworm|87/100|[from] ability: Rough Skin|[of] p1b: Garchomp
|faint|p1b: Garchomp
|
|-weather|SunnyDay|[upkeep]
|upkeep
|
|t:|1783391077
|switch|p1b: Basculegion|Basculegion, L50, M|100/100
|turn|5
|-message|perrre forfeited.
|raw|Naya314's rating: 1143 → 1158(+15 for winning)
|raw|perrre's rating: 1000 → 1000(+0 for losing)
|
|win|Naya314
