|j|☆DoItForDamo
|j|☆Catsigh0521
|html|DoItForDamoCatsigh0521    
|uhtml|bestof|Game 1 of a best-of-3
|t:|1756885834
|gametype|doubles
|player|p1|DoItForDamo|170|1000
|player|p2|Catsigh0521|1|1043
|gen|9
|tier|[Gen 9] VGC 2025 Reg H (Bo3)
|rated|
|rule|Species Clause: Limit one of each Pokémon
|rule|Item Clause: Limit 1 of each item
|clearpoke
|poke|p1|Ninetales-Alola, L50, F|
|poke|p1|Rillaboom, L50, M|
|poke|p1|Magmar, L50, F|
|poke|p1|Sneasler, L50, M|
|poke|p1|Kingambit, L50, F|
|poke|p1|Basculegion, L50, M|
|poke|p2|Gholdengo, L50|
|poke|p2|Sneasler, L50, M|
|poke|p2|Rillaboom, L50, M|
|poke|p2|Dragonite, L50, F|
|poke|p2|Ninetales-Alola, L50, M|
|poke|p2|Arcanine-Hisui, L50, M|
|teampreview|4
|showteam|p1|Ninetales-Alola||NeverMeltIce|SnowWarning|Blizzard,FreezeDry,Encore,Protect|||F|||50|,,,,,Ghost]Rillaboom||AssaultVest|GrassySurge|WoodHammer,FakeOut,Uturn,GrassyGlide|||M|||50|,,,,,Ghost]Magmar||Eviolite|VitalSpirit|Protect,HeatWave,WillOWisp,FollowMe|||F|||50|,,,,,Ghost]Sneasler||FocusSash|PoisonTouch|FakeOut,DireClaw,CloseCombat,Protect|||M|||50|,,,,,Ghost]Kingambit||BlackGlasses|Defiant|KowtowCleave,SwordsDance,SuckerPunch,Protect|||F|||50|,,,,,Fire]Basculegion||ChoiceScarf|Adaptability|WaveCrash,FlipTurn,TeraBlast,LastRespects|||M|||50|,,,,,Fighting
|showteam|p2|Gholdengo||GrassySeed|GoodasGold|NastyPlot,MakeItRain,ShadowBall,Protect||||||50|,,,,,Water]Sneasler||WhiteHerb|Unburden|CloseCombat,DireClaw,Coaching,Protect|||M|||50|,,,,,Ghost]Rillaboom||AssaultVest|GrassySurge|FakeOut,GrassyGlide,DrumBeating,HighHorsepower|||M|||50|,,,,,Fire]Dragonite||LoadedDice|Multiscale|ScaleShot,StompingTantrum,Tailwind,Protect|||F|||50|,,,,,Ground]Ninetales-Alola||FocusSash|SnowWarning|Blizzard,IcyWind,Encore,AuroraVeil|||M|||50|,,,,,Ghost]Arcanine-Hisui||ClearAmulet|Intimidate|RockSlide,FlareBlitz,ExtremeSpeed,Protect|||M|||50|,,,,,Water
|inactive|Battle timer is ON: inactive players will automatically lose when time's up. (requested by DoItForDamo)
|inactive|DoItForDamo has 60 seconds left.
|inactive|Catsigh0521 has 60 seconds left.
|inactive|Catsigh0521 has 30 seconds left.
|
|t:|1756885902
|teamsize|p1|4
|teamsize|p2|4
|start
|switch|p1a: Basculegion|Basculegion, L50, M|100/100
|switch|p1b: Ninetales|Ninetales-Alola, L50, F|100/100
|switch|p2a: Sneasler|Sneasler, L50, M|100/100
|switch|p2b: Dragonite|Dragonite, L50, F|100/100
|-weather|Snowscape|[from] ability: Snow Warning|[of] p1b: Ninetales
|turn|1
|inactive|DoItForDamo has 30 seconds left.
|inactive|Catsigh0521 has 30 seconds left.
|inactive|Catsigh0521 has 20 seconds left.
|inactive|DoItForDamo has 20 seconds left.
|
|t:|1756885944
|-terastallize|p1b: Ninetales|Ghost
|move|p2b: Dragonite|Protect|p2b: Dragonite
|-singleturn|p2b: Dragonite|Protect
|move|p1a: Basculegion|Flip Turn|p2a: Sneasler
|-damage|p2a: Sneasler|51/100
|
|t:|1756885957
|switch|p1a: Magmar|Magmar, L50, F|100/100|[from] Flip Turn
|move|p1b: Ninetales|Blizzard|p2b: Dragonite|[spread] p2a
|-activate|p2b: Dragonite|move: Protect
|-damage|p2a: Sneasler|7/100
|move|p2a: Sneasler|Dire Claw|p1b: Ninetales
|-resisted|p1b: Ninetales
|-damage|p1b: Ninetales|72/100
|
|-weather|Snowscape|[upkeep]
|upkeep
|turn|2
|inactive|DoItForDamo has 30 seconds left.
|inactive|Catsigh0521 has 30 seconds left.
|inactive|Catsigh0521 has 20 seconds left.
|inactive|Catsigh0521 has 15 seconds left.
|inactive|Catsigh0521 has 10 seconds left.
|
|t:|1756886005
|move|p2a: Sneasler|Protect|p2a: Sneasler
|-singleturn|p2a: Sneasler|Protect
|move|p1a: Magmar|Follow Me|p1a: Magmar
|-singleturn|p1a: Magmar|move: Follow Me
|move|p1b: Ninetales|Blizzard|p2b: Dragonite|[spread] p2b
|-activate|p2a: Sneasler|move: Protect
|-supereffective|p2b: Dragonite
|-damage|p2b: Dragonite|24/100
|move|p2b: Dragonite|Tailwind|p2b: Dragonite
|-sidestart|p2: Catsigh0521|move: Tailwind
|
|-weather|Snowscape|[upkeep]
|upkeep
|turn|3
|inactive|Catsigh0521 has 30 seconds left.
|
|t:|1756886039
|move|p1a: Magmar|Follow Me|p1a: Magmar
|-singleturn|p1a: Magmar|move: Follow Me
|move|p2a: Sneasler|Close Combat|p1a: Magmar
|-damage|p1a: Magmar|56/100
|-unboost|p2a: Sneasler|def|1
|-unboost|p2a: Sneasler|spd|1
|-enditem|p2a: Sneasler|White Herb
|-clearnegativeboost|p2a: Sneasler|[silent]
|move|p2b: Dragonite|Scale Shot|p1a: Magmar
|-damage|p1a: Magmar|45/100
|-damage|p1a: Magmar|32/100
|-damage|p1a: Magmar|20/100
|-crit|p1a: Magmar
|-damage|p1a: Magmar|2/100
|-hitcount|p1a: Magmar|4
|-unboost|p2b: Dragonite|def|1
|-boost|p2b: Dragonite|spe|1
|move|p1b: Ninetales|Blizzard|p2a: Sneasler|[spread] p2a,p2b
|-supereffective|p2b: Dragonite
|-damage|p2a: Sneasler|0 fnt
|-damage|p2b: Dragonite|0 fnt
|faint|p2a: Sneasler
|faint|p2b: Dragonite
|
|-weather|Snowscape|[upkeep]
|upkeep
|
|t:|1756886059
|switch|p2a: Arcanine|Arcanine-Hisui, L50, M, shiny|100/100
|switch|p2b: Ninetales|Ninetales-Alola, L50, M|100/100
|-ability|p2a: Arcanine|Intimidate|boost
|-unboost|p1a: Magmar|atk|1
|-unboost|p1b: Ninetales|atk|1
|turn|4
|
|t:|1756886080
|-terastallize|p2a: Arcanine|Water
|move|p1b: Ninetales|Protect|p1b: Ninetales
|-singleturn|p1b: Ninetales|Protect
|move|p1a: Magmar|Protect|p1a: Magmar
|-singleturn|p1a: Magmar|Protect
|move|p2b: Ninetales|Aurora Veil|p2b: Ninetales
|-sidestart|p2: Catsigh0521|move: Aurora Veil
|move|p2a: Arcanine|Rock Slide|p1b: Ninetales|[spread] 
|-activate|p1a: Magmar|move: Protect
|-activate|p1b: Ninetales|move: Protect
|
|-weather|Snowscape|[upkeep]
|upkeep
|turn|5
|
|t:|1756886103
|move|p2b: Ninetales|Blizzard|p1b: Ninetales|[spread] p1a,p1b
|-resisted|p1a: Magmar
|-crit|p1a: Magmar
|-damage|p1a: Magmar|0 fnt
|-damage|p1b: Ninetales|36/100
|faint|p1a: Magmar
|move|p2a: Arcanine|Flare Blitz|p1b: Ninetales
|-damage|p1b: Ninetales|0 fnt
|faint|p1b: Ninetales
|-damage|p2a: Arcanine|91/100|[from] Recoil
|
|-weather|none
|-sideend|p2: Catsigh0521|move: Tailwind
|upkeep
|
|t:|1756886116
|switch|p1b: Basculegion|Basculegion, L50, M|100/100
|switch|p1a: Kingambit|Kingambit, L50, F|100/100
|turn|6
|
|t:|1756886137
|move|p1a: Kingambit|Protect|p1a: Kingambit
|-singleturn|p1a: Kingambit|Protect
|move|p1b: Basculegion|Last Respects|p2a: Arcanine
|-damage|p2a: Arcanine|0 fnt
|faint|p2a: Arcanine
|move|p2b: Ninetales|Icy Wind|p1a: Kingambit|[spread] p1b
|-activate|p1a: Kingambit|move: Protect
|-resisted|p1b: Basculegion
|-damage|p1b: Basculegion|91/100
|-unboost|p1b: Basculegion|spe|1
|
|upkeep
|turn|7
|-message|Catsigh0521 forfeited.
|
|win|DoItForDamo
|l|☆Catsigh0521
|player|p2|
||Catsigh0521 is ready for game 2.
|inactive|DoItForDamo has 30 seconds to confirm battle start!
||DoItForDamo is ready for game 2.
|uhtml|next|Next: Game 2 of 3
|j|☆Catsigh0521
|player|p2|Catsigh0521|1|
