|j|☆spyjus
|j|☆TheLeoj
|html|spyjusTheLeoj    
|uhtml|bestof|Game 2 of a best-of-3
|t:|1784158150
|gametype|doubles
|player|p1|spyjus|102|1086
|player|p2|TheLeoj|102|1119
|gen|9
|tier|[Gen 9 Champions] VGC 2026 Reg M-B (Bo3)
|rated|
|rule|Species Clause: Limit one of each Pokémon
|rule|Item Clause: Limit 1 of each item
|clearpoke
|poke|p1|Sableye, L50, M|
|poke|p1|Blastoise, L50, M|
|poke|p1|Pelipper, L50, F|
|poke|p1|Incineroar, L50, F|
|poke|p1|Greninja, L50, F|
|poke|p1|Meganium, L50, F|
|poke|p2|Politoed, L50, M, shiny|
|poke|p2|Incineroar, L50, M, shiny|
|poke|p2|Gengar, L50, M, shiny|
|poke|p2|Archaludon, L50, M, shiny|
|poke|p2|Swampert, L50, M, shiny|
|poke|p2|Vivillon-Elegant, L50, M, shiny|
|teampreview|4
|showteam|p1|Sableye||Sablenite|Prankster|WillOWisp,FakeOut,ThunderWave,ShadowClaw|Careful||M|||50|]Blastoise||Blastoisinite|Torrent|WaterPulse,DragonPulse,DarkPulse,Protect|Modest||M|||50|]Pelipper|||Drizzle|WeatherBall,Tailwind,Hurricane,Protect|Bold||F|||50|]Incineroar||Leftovers|Intimidate|FakeOut,PartingShot,Earthquake,FlareBlitz|Adamant||F|||50|]Greninja||Greninjite|Protean|SwordsDance,RockSlide,Liquidation,Protect|Jolly||F|||50|]Meganium||Meganiumite|LeafGuard|SolarBeam,WeatherBall,Synthesis,DazzlingGleam|Timid||F|||50|
|showteam|p2|Politoed||SitrusBerry|Drizzle|WeatherBall,Encore,PerishSong,Protect|Calm||M|||50|]Incineroar||PasshoBerry|Intimidate|ThroatChop,FakeOut,PartingShot,Protect|Sassy||M|||50|]Gengar||Gengarite|CursedBody|ShadowBall,SludgeBomb,PerishSong,Protect|Timid||M|||50|]Archaludon||Leftovers|Stamina|ElectroShot,FlashCannon,DragonPulse,Protect|Bold||M|||50|]Swampert||Swampertite|Torrent|WaveCrash,Earthquake,IcePunch,Protect|Adamant||M|||50|]Vivillon-Elegant||FocusSash|CompoundEyes|Hurricane,SleepPowder,RagePowder,Protect|Timid||M|||50|
|inactive|Battle timer is ON: inactive players will automatically lose when time's up. (requested by spyjus)
|inactive|TheLeoj also wants the timer to be on.
|
|t:|1784158176
|teamsize|p1|4
|teamsize|p2|4
|start
|switch|p1a: Pelipper|Pelipper, L50, F|100/100
|switch|p1b: Blastoise|Blastoise, L50, M|100/100
|switch|p2a: Politoed|Politoed, L50, M, shiny|100/100
|switch|p2b: Swampert|Swampert, L50, M, shiny|100/100
|-weather|RainDance|[from] ability: Drizzle|[of] p2a: Politoed
|turn|1
|inactive|spyjus has 30 seconds left.
|inactive|TheLeoj has 30 seconds left.
|inactive|TheLeoj has 20 seconds left.
|inactive|spyjus has 20 seconds left.
|inactive|TheLeoj has 15 seconds left.
|inactive|TheLeoj has 10 seconds left.
|inactive|TheLeoj has 5 seconds left.
|
|t:|1784158236
|detailschange|p1b: Blastoise|Blastoise-Mega, L50, M
|-mega|p1b: Blastoise|Blastoise|Blastoisinite
|move|p1b: Blastoise|Water Pulse|p2b: Swampert
|-damage|p2b: Swampert|14/100
|move|p2b: Swampert|Wave Crash|p1a: Pelipper
|-resisted|p1a: Pelipper|1
|-damage|p1a: Pelipper|43/100
|-damage|p2b: Swampert|0 fnt|[from] Recoil
|faint|p2b: Swampert
|move|p2a: Politoed|Weather Ball|p1a: Pelipper
|-resisted|p1a: Pelipper|1
|-damage|p1a: Pelipper|10/100
|move|p1a: Pelipper|Tailwind|p1a: Pelipper
|-sidestart|p1: spyjus|move: Tailwind
|
|-weather|RainDance|[upkeep]
|upkeep
|
|t:|1784158256
|switch|p2b: Archaludon|Archaludon, L50, M, shiny|100/100
|turn|2
|inactive|spyjus has 30 seconds left.
|
|t:|1784158284
|switch|p1a: Sableye|Sableye, L50, M|100/100
|move|p1b: Blastoise|Dragon Pulse|p2b: Archaludon
|-damage|p2b: Archaludon|48/100
|-ability|p2b: Archaludon|Stamina|boost
|-boost|p2b: Archaludon|def|1
|move|p2b: Archaludon|Electro Shot||[still]
|-prepare|p2b: Archaludon|Electro Shot
|-boost|p2b: Archaludon|spa|1
|-anim|p2b: Archaludon|Electro Shot|p1b: Blastoise
|-supereffective|p1b: Blastoise|1
|-damage|p1b: Blastoise|2/100
|move|p2a: Politoed|Weather Ball|p1a: Sableye
|-damage|p1a: Sableye|51/100
|
|-weather|RainDance|[upkeep]
|-heal|p2b: Archaludon|54/100|[from] item: Leftovers
|upkeep
|turn|3
|inactive|spyjus has 30 seconds left.
|
|t:|1784158316
|move|p2b: Archaludon|Protect|p2b: Archaludon
|-singleturn|p2b: Archaludon|Protect
|move|p1a: Sableye|Fake Out|p2a: Politoed
|-damage|p2a: Politoed|92/100
|move|p1b: Blastoise|Dragon Pulse|p2b: Archaludon
|-activate|p2b: Archaludon|move: Protect
|cant|p2a: Politoed|flinch
|
|-weather|RainDance|[upkeep]
|-heal|p2b: Archaludon|60/100|[from] item: Leftovers
|upkeep
|turn|4
|inactive|spyjus has 30 seconds left.
|inactive|spyjus has 20 seconds left.
|
|t:|1784158353
|move|p1b: Blastoise|Protect|p1b: Blastoise
|-singleturn|p1b: Blastoise|Protect
|move|p1a: Sableye|Thunder Wave|p2b: Archaludon
|-status|p2b: Archaludon|par
|move|p2a: Politoed|Weather Ball|p1b: Blastoise
|-activate|p1b: Blastoise|move: Protect
|move|p2b: Archaludon|Electro Shot||[still]
|-prepare|p2b: Archaludon|Electro Shot
|-boost|p2b: Archaludon|spa|1
|-anim|p2b: Archaludon|Electro Shot|p1a: Sableye
|-damage|p1a: Sableye|0 fnt
|faint|p1a: Sableye
|
|-weather|RainDance|[upkeep]
|-heal|p2b: Archaludon|67/100 par|[from] item: Leftovers
|-sideend|p1: spyjus|move: Tailwind
|upkeep
|
|t:|1784158365
|switch|p1a: Incineroar|Incineroar, L50, F|100/100
|-ability|p1a: Incineroar|Intimidate|boost
|-unboost|p2a: Politoed|atk|1
|-unboost|p2b: Archaludon|atk|1
|turn|5
|
|t:|1784158377
|move|p1a: Incineroar|Fake Out|p2a: Politoed
|-damage|p2a: Politoed|79/100
|move|p1b: Blastoise|Dragon Pulse|p2b: Archaludon
|-damage|p2b: Archaludon|19/100 par
|-ability|p2b: Archaludon|Stamina|boost
|-boost|p2b: Archaludon|def|1
|cant|p2a: Politoed|flinch
|move|p2b: Archaludon|Electro Shot||[still]
|-prepare|p2b: Archaludon|Electro Shot
|-boost|p2b: Archaludon|spa|1
|-anim|p2b: Archaludon|Electro Shot|p1b: Blastoise
|-supereffective|p1b: Blastoise|1
|-damage|p1b: Blastoise|0 fnt
|faint|p1b: Blastoise
|
|-weather|none
|-heal|p2b: Archaludon|25/100 par|[from] item: Leftovers
|upkeep
|
|t:|1784158389
|switch|p1b: Pelipper|Pelipper, L50, F|10/100
|-weather|RainDance|[from] ability: Drizzle|[of] p1b: Pelipper
|turn|6
|
|t:|1784158404
|move|p2b: Archaludon|Protect|p2b: Archaludon
|-singleturn|p2b: Archaludon|Protect
|move|p2a: Politoed|Weather Ball|p1a: Incineroar
|-supereffective|p1a: Incineroar|1
|-damage|p1a: Incineroar|7/100
|move|p1b: Pelipper|Weather Ball|p2b: Archaludon
|-activate|p2b: Archaludon|move: Protect
|move|p1a: Incineroar|Earthquake|p2a: Politoed|[spread] p2a
|-activate|p2b: Archaludon|move: Protect
|-immune|p1b: Pelipper
|-damage|p2a: Politoed|56/100
|
|-weather|RainDance|[upkeep]
|-heal|p1a: Incineroar|13/100|[from] item: Leftovers
|-heal|p2b: Archaludon|31/100 par|[from] item: Leftovers
|upkeep
|turn|7
|inactive|TheLeoj has 30 seconds left.
|
|t:|1784158430
|move|p2a: Politoed|Weather Ball|p1a: Incineroar
|-supereffective|p1a: Incineroar|1
|-damage|p1a: Incineroar|0 fnt
|faint|p1a: Incineroar
|move|p1b: Pelipper|Weather Ball|p2b: Archaludon
|-resisted|p2b: Archaludon|1
|-damage|p2b: Archaludon|5/100 par
|-ability|p2b: Archaludon|Stamina|boost
|-boost|p2b: Archaludon|def|1
|move|p2b: Archaludon|Electro Shot||[still]
|-prepare|p2b: Archaludon|Electro Shot
|-boost|p2b: Archaludon|spa|1
|-anim|p2b: Archaludon|Electro Shot|p1b: Pelipper
|-supereffective|p1b: Pelipper|2
|-damage|p1b: Pelipper|0 fnt
|faint|p1b: Pelipper
|
|win|TheLeoj
|raw|spyjus's rating: 1086 → 1065(-21 for losing)
|raw|TheLeoj's rating: 1119 → 1142(+23 for winning)
|l|☆spyjus
|player|p1|
