|j|☆TheLeoj
|j|☆haoyyy
|html|TheLeojhaoyyy    
|uhtml|bestof|Game 1 of a best-of-3
|t:|1783937820
|gametype|doubles
|player|p1|TheLeoj|102|1142
|player|p2|haoyyy|2|1049
|gen|9
|tier|[Gen 9 Champions] VGC 2026 Reg M-B (Bo3)
|rated|
|rule|Species Clause: Limit one of each Pokémon
|rule|Item Clause: Limit 1 of each item
|clearpoke
|poke|p1|Politoed, L50, M, shiny|
|poke|p1|Incineroar, L50, M, shiny|
|poke|p1|Gengar, L50, F, shiny|
|poke|p1|Archaludon, L50, M, shiny|
|poke|p1|Swampert, L50, F, shiny|
|poke|p1|Vivillon-Elegant, L50, M, shiny|
|poke|p2|Charizard, L50, F, shiny|
|poke|p2|Whimsicott, L50, F, shiny|
|poke|p2|Floette-Eternal, L50, F|
|poke|p2|Incineroar, L50, F, shiny|
|poke|p2|Garchomp, L50, F, shiny|
|poke|p2|Basculegion, L50, M, shiny|
|teampreview|4
|showteam|p1|Politoed||SitrusBerry|Drizzle|WeatherBall,Encore,PerishSong,Protect|Calm||M|||50|]Incineroar||PasshoBerry|Intimidate|ThroatChop,FakeOut,PartingShot,Protect|Sassy||M|||50|]Gengar||Gengarite|CursedBody|ShadowBall,SludgeBomb,PerishSong,Protect|Timid||F|||50|]Archaludon||Leftovers|Stamina|ElectroShot,FlashCannon,DragonPulse,Protect|Bold||M|||50|]Swampert||Swampertite|Torrent|WaveCrash,Earthquake,IcePunch,Protect|Adamant||F|||50|]Vivillon-Elegant||FocusSash|CompoundEyes|Hurricane,SleepPowder,RagePowder,Protect|Timid||M|||50|
|showteam|p2|Charizard||CharizarditeY|SolarPower|HeatWave,AirSlash,SolarBeam,Protect|Timid||F|||50|]Whimsicott||FocusSash|Prankster|Tailwind,Moonblast,Taunt,Encore|Modest||F|||50|]Floette-Eternal||Floettite|FlowerVeil|Moonblast,LightofRuin,DazzlingGleam,Protect|Timid||F|||50|]Incineroar||SitrusBerry|Intimidate|FakeOut,FlareBlitz,DarkestLariat,PartingShot|Jolly||F|||50|]Garchomp||LifeOrb|RoughSkin|DragonClaw,RockSlide,Earthquake,Protect|Adamant||F|||50|]Basculegion||ChoiceScarf|Adaptability|LastRespects,WaveCrash,AquaJet,FlipTurn|Jolly||M|||50|
|inactive|Battle timer is ON: inactive players will automatically lose when time's up. (requested by TheLeoj)
|inactive|haoyyy has 60 seconds left.
|
|t:|1783937860
|teamsize|p1|4
|teamsize|p2|4
|start
|switch|p1a: Gengar|Gengar, L50, F, shiny|100/100
|switch|p1b: Incineroar|Incineroar, L50, M, shiny|100/100
|switch|p2a: Charizard|Charizard, L50, F, shiny|100/100
|switch|p2b: Whimsicott|Whimsicott, L50, F, shiny|100/100
|-ability|p1b: Incineroar|Intimidate|boost
|-unboost|p2a: Charizard|atk|1
|-unboost|p2b: Whimsicott|atk|1
|turn|1
|inactive|haoyyy has 30 seconds left.
|inactive|TheLeoj has 30 seconds left.
|
|t:|1783937892
|detailschange|p1a: Gengar|Gengar-Mega, L50, F, shiny
|-mega|p1a: Gengar|Gengar|Gengarite
|detailschange|p2a: Charizard|Charizard-Mega-Y, L50, F, shiny
|-mega|p2a: Charizard|Charizard|Charizardite Y
|-weather|SunnyDay|[from] ability: Drought|[of] p2a: Charizard
|move|p1b: Incineroar|Fake Out|p2a: Charizard
|-damage|p2a: Charizard|83/100
|move|p2b: Whimsicott|Taunt|p1a: Gengar
|-start|p1a: Gengar|move: Taunt
|move|p1a: Gengar|Sludge Bomb|p2b: Whimsicott
|-supereffective|p2b: Whimsicott|2
|-enditem|p2b: Whimsicott|Focus Sash
|-damage|p2b: Whimsicott|1/100
|-status|p2b: Whimsicott|psn
|cant|p2a: Charizard|flinch
|
|-weather|SunnyDay|[upkeep]
|-damage|p2b: Whimsicott|0 fnt|[from] psn
|faint|p2b: Whimsicott
|upkeep
|
|t:|1783937909
|switch|p2b: Garchomp|Garchomp, L50, F, shiny|100/100
|turn|2
|inactive|TheLeoj has 30 seconds left.
|
|t:|1783937938
|switch|p1a: Politoed|Politoed, L50, M, shiny|100/100
|-weather|RainDance|[from] ability: Drizzle|[of] p1a: Politoed
|move|p2a: Charizard|Heat Wave|p1a: Politoed|[spread] p1b
|-miss|p2a: Charizard|p1a: Politoed
|-resisted|p1b: Incineroar|1
|-damage|p1b: Incineroar|92/100
|move|p2b: Garchomp|Earthquake|p1b: Incineroar|[spread] p1a,p1b
|-immune|p2a: Charizard
|-supereffective|p1b: Incineroar|1
|-damage|p1a: Politoed|56/100
|-damage|p1b: Incineroar|11/100
|-damage|p2b: Garchomp|90/100|[from] item: Life Orb
|move|p1b: Incineroar|Parting Shot|p2a: Charizard
|-unboost|p2a: Charizard|atk|1
|-unboost|p2a: Charizard|spa|1
|
|t:|1783937957
|switch|p1b: Archaludon|Archaludon, L50, M, shiny|100/100|[from] Parting Shot
|
|-weather|RainDance|[upkeep]
|upkeep
|turn|3
|
|t:|1783937976
|move|p2a: Charizard|Air Slash|p1a: Politoed
|-damage|p1a: Politoed|33/100
|-enditem|p1a: Politoed|Sitrus Berry|[eat]
|-heal|p1a: Politoed|58/100|[from] item: Sitrus Berry
|move|p2b: Garchomp|Earthquake|p1b: Archaludon|[spread] p1a,p1b
|-immune|p2a: Charizard
|-supereffective|p1b: Archaludon|1
|-damage|p1a: Politoed|13/100
|-damage|p1b: Archaludon|39/100
|-ability|p1b: Archaludon|Stamina|boost
|-boost|p1b: Archaludon|def|1
|-damage|p2b: Garchomp|80/100|[from] item: Life Orb
|move|p1b: Archaludon|Electro Shot||[still]
|-prepare|p1b: Archaludon|Electro Shot
|-boost|p1b: Archaludon|spa|1
|-anim|p1b: Archaludon|Electro Shot|p2a: Charizard
|-supereffective|p2a: Charizard|1
|-damage|p2a: Charizard|0 fnt
|faint|p2a: Charizard
|move|p1a: Politoed|Weather Ball|p2b: Garchomp
|-damage|p2b: Garchomp|38/100
|
|-weather|RainDance|[upkeep]
|-heal|p1b: Archaludon|45/100|[from] item: Leftovers
|upkeep
|
|t:|1783937985
|switch|p2a: Basculegion|Basculegion, L50, M, shiny|100/100
|turn|4
|inactive|TheLeoj has 30 seconds left.
|inactive|TheLeoj has 20 seconds left.
|
|t:|1783938021
|move|p1b: Archaludon|Protect|p1b: Archaludon
|-singleturn|p1b: Archaludon|Protect
|move|p1a: Politoed|Protect|p1a: Politoed
|-singleturn|p1a: Politoed|Protect
|move|p2a: Basculegion|Last Respects|p1b: Archaludon
|-activate|p1b: Archaludon|move: Protect
|move|p2b: Garchomp|Dragon Claw|p1a: Politoed
|-activate|p1a: Politoed|move: Protect
|
|-weather|RainDance|[upkeep]
|-heal|p1b: Archaludon|51/100|[from] item: Leftovers
|upkeep
|turn|5
|inactive|TheLeoj has 30 seconds left.
|
|t:|1783938052
|move|p2a: Basculegion|Last Respects|p1b: Archaludon
|-damage|p1b: Archaludon|12/100
|-ability|p1b: Archaludon|Stamina|boost
|-boost|p1b: Archaludon|def|1
|move|p2b: Garchomp|Earthquake|p1b: Archaludon|[spread] p2a,p1a,p1b
|-crit|p2a: Basculegion
|-supereffective|p1b: Archaludon|1
|-damage|p2a: Basculegion|10/100
|-damage|p1a: Politoed|0 fnt
|-damage|p1b: Archaludon|0 fnt
|faint|p1a: Politoed
|faint|p1b: Archaludon
|-damage|p2b: Garchomp|28/100|[from] item: Life Orb
|
|-weather|RainDance|[upkeep]
|upkeep
|
|t:|1783938062
|switch|p1b: Gengar|Gengar-Mega, L50, F, shiny|100/100
|switch|p1a: Incineroar|Incineroar, L50, M, shiny|11/100
|-ability|p1a: Incineroar|Intimidate|boost
|-unboost|p2a: Basculegion|atk|1
|-unboost|p2b: Garchomp|atk|1
|turn|6
|
|t:|1783938079
|move|p1b: Gengar|Protect|p1b: Gengar
|-singleturn|p1b: Gengar|Protect
|move|p2b: Garchomp|Protect|p2b: Garchomp
|-singleturn|p2b: Garchomp|Protect
|move|p1a: Incineroar|Fake Out|p2b: Garchomp
|-activate|p2b: Garchomp|move: Protect
|move|p2a: Basculegion|Last Respects|p1b: Gengar
|-activate|p1b: Gengar|move: Protect
|
|-weather|none
|upkeep
|turn|7
|
|t:|1783938098
|move|p2a: Basculegion|Last Respects|p1b: Gengar
|-supereffective|p1b: Gengar|1
|-damage|p1b: Gengar|0 fnt
|faint|p1b: Gengar
|move|p2b: Garchomp|Dragon Claw|p1a: Incineroar
|-damage|p1a: Incineroar|0 fnt
|faint|p1a: Incineroar
|-damage|p2b: Garchomp|18/100|[from] item: Life Orb
|
|win|haoyyy
