|j|Ōśåtherealkenkaniff
|j|ŌĆĮparsley<3
|html|therealkenkaniffparsley<3    
|uhtml|bestof|Game 2 of a best-of-3
|t:|1756780241
|gametype|doubles
|player|p1|therealkenkaniff|cynthia|1256
|player|p2|parsley<3|lacey|1321
|gen|9
|tier|[Gen 9] VGC 2025 Reg H (Bo3)
|rated|
|rule|Species Clause: Limit one of each Pok├®mon
|rule|Item Clause: Limit 1 of each item
|clearpoke
|poke|p1|Whimsicott, L50, F|
|poke|p1|Dragapult, L50, F|
|poke|p1|Gholdengo, L50|
|poke|p1|Sneasler, L50, F|
|poke|p1|Hydreigon, L50, M|
|poke|p1|Magmar, L50, F|
|poke|p2|Maushold, L50|
|poke|p2|Annihilape, L50, F|
|poke|p2|Gholdengo, L50|
|poke|p2|Ursaluna-Bloodmoon, L50, M|
|poke|p2|Dragonite, L50, M|
|poke|p2|Sneasler, L50, F|
|teampreview|4
|showteam|p1|Whimsicott||CovertCloak|Prankster|Moonblast,Tailwind,Encore,SunnyDay|||F|||50|,,,,,Dark]Dragapult||ChoiceBand|ClearBody|DragonDarts,PhantomForce,SuckerPunch,Uturn|||F|||50|,,,,,Dragon]Gholdengo||MetalCoat|GoodasGold|Protect,MakeItRain,ShadowBall,NastyPlot||||||50|,,,,,Steel]Sneasler||WhiteHerb|Unburden|Protect,DireClaw,CloseCombat,FakeOut|||F|||50|,,,,,Stellar]Hydreigon||LifeOrb|Levitate|Protect,DracoMeteor,DarkPulse,EarthPower|||M|||50|,,,,,Ghost]Magmar||Eviolite|VitalSpirit|Protect,FollowMe,HeatWave,WillOWisp|||F|||50|,,,,,Ghost
|showteam|p2|Maushold||SafetyGoggles|FriendGuard|SuperFang,BeatUp,Protect,FollowMe||||||50|,,,,,Ghost]Annihilape||SitrusBerry|Defiant|RageFist,CloseCombat,Protect,FinalGambit|||F|||50|,,,,,Fire]Gholdengo||LifeOrb|GoodasGold|MakeItRain,ShadowBall,Protect,NastyPlot||||||50|,,,,,Water]Ursaluna-Bloodmoon||AssaultVest|MindsEye|HyperVoice,BloodMoon,EarthPower,VacuumWave|||M|||50|,,,,,Ghost]Dragonite||LoadedDice|Multiscale|ScaleShot,Tailwind,Protect,Haze|||M|||50|,,,,,Fairy]Sneasler||FocusSash|Unburden|DireClaw,CloseCombat,Protect,ThroatChop|||F|||50|,,,,,Stellar
|inactive|Battle timer is ON: inactive players will automatically lose when time's up. (requested by therealkenkaniff)
|j| Hockeystick7
|inactive|therealkenkaniff has 60 seconds left.
|inactive|parsley<3 has 60 seconds left.
|
|t:|1756780286
|teamsize|p1|4
|teamsize|p2|4
|start
|switch|p1a: Magmar|Magmar, L50, F|100/100
|switch|p1b: Dragapult|Dragapult, L50, F|100/100
|switch|p2a: Ursaluna|Ursaluna-Bloodmoon, L50, M|100/100
|switch|p2b: Gholdengo|Gholdengo, L50|100/100
|turn|1
|inactive|therealkenkaniff has 30 seconds left.
|inactive|parsley<3 has 30 seconds left.
|inactive|therealkenkaniff has 20 seconds left.
|
|t:|1756780323
|switch|p2b: Dragonite|Dragonite, L50, M|100/100
|move|p1b: Dragapult|Phantom Force||[still]
|-prepare|p1b: Dragapult|Phantom Force
|move|p1a: Magmar|Heat Wave|p2a: Ursaluna|[spread] p2a,p2b
|-resisted|p2b: Dragonite
|-damage|p2a: Ursaluna|84/100
|-damage|p2b: Dragonite|95/100
|move|p2a: Ursaluna|Hyper Voice|p1a: Magmar|[spread] p1a
|-miss|p2a: Ursaluna|p1b: Dragapult
|-damage|p1a: Magmar|69/100
|
|upkeep
|turn|2
|j| teamthief420
|
|t:|1756780342
|move|p2b: Dragonite|Protect|p2b: Dragonite
|-singleturn|p2b: Dragonite|Protect
|move|p1b: Dragapult|Phantom Force|p2a: Ursaluna|[from] lockedmove
|-immune|p2a: Ursaluna
|move|p1a: Magmar|Will-O-Wisp|p2b: Dragonite
|-activate|p2b: Dragonite|move: Protect
|move|p2a: Ursaluna|Earth Power|p1a: Magmar
|-supereffective|p1a: Magmar
|-damage|p1a: Magmar|0 fnt
|faint|p1a: Magmar
|
|upkeep
|c|Ōśåtherealkenkaniff|meant to hit darts
|
|t:|1756780361
|switch|p1a: Hydreigon|Hydreigon, L50, M|100/100
|turn|3
|
|t:|1756780380
|switch|p2a: Gholdengo|Gholdengo, L50|100/100
|-terastallize|p2b: Dragonite|Fairy
|move|p1b: Dragapult|Phantom Force||[still]
|-prepare|p1b: Dragapult|Phantom Force
|move|p1a: Hydreigon|Draco Meteor|p2a: Gholdengo
|-resisted|p2a: Gholdengo
|-damage|p2a: Gholdengo|51/100
|-unboost|p1a: Hydreigon|spa|2
|-damage|p1a: Hydreigon|91/100|[from] item: Life Orb
|move|p2b: Dragonite|Scale Shot|p1b: Dragapult|[miss]
|-miss|p2b: Dragonite|p1b: Dragapult
|
|upkeep
|turn|4
|inactive|therealkenkaniff has 30 seconds left.
|
|t:|1756780407
|move|p1b: Dragapult|Phantom Force|p2b: Dragonite|[from] lockedmove
|-damage|p2b: Dragonite|24/100
|move|p1a: Hydreigon|Dark Pulse|p2a: Gholdengo
|-supereffective|p2a: Gholdengo
|-damage|p2a: Gholdengo|0 fnt
|faint|p2a: Gholdengo
|-damage|p1a: Hydreigon|81/100|[from] item: Life Orb
|move|p2b: Dragonite|Scale Shot|p1b: Dragapult
|-supereffective|p1b: Dragapult
|-damage|p1b: Dragapult|60/100
|-supereffective|p1b: Dragapult
|-damage|p1b: Dragapult|20/100
|-supereffective|p1b: Dragapult
|-damage|p1b: Dragapult|0 fnt
|faint|p1b: Dragapult
|-hitcount|p1: Dragapult|3
|-unboost|p2b: Dragonite|def|1
|-boost|p2b: Dragonite|spe|1
|
|upkeep
|
|t:|1756780418
|switch|p1b: Gholdengo|Gholdengo, L50|100/100
|switch|p2a: Ursaluna|Ursaluna-Bloodmoon, L50, M|84/100
|turn|5
|inactive|therealkenkaniff has 30 seconds left.
|
|t:|1756780447
|-terastallize|p1b: Gholdengo|Steel
|move|p2b: Dragonite|Tailwind|p2b: Dragonite
|-sidestart|p2: parsley<3|move: Tailwind
|move|p2a: Ursaluna|Earth Power|p1b: Gholdengo
|-supereffective|p1b: Gholdengo
|-damage|p1b: Gholdengo|0 fnt
|faint|p1b: Gholdengo
|move|p1a: Hydreigon|Draco Meteor|p2a: Ursaluna
|-damage|p2a: Ursaluna|52/100
|-unboost|p1a: Hydreigon|spa|2
|-damage|p1a: Hydreigon|72/100|[from] item: Life Orb
|
|upkeep
|turn|6
|
|t:|1756780466
|switch|p2b: Sneasler|Sneasler, L50, F|100/100
|move|p2a: Ursaluna|Blood Moon|p1a: Hydreigon
|-damage|p1a: Hydreigon|0 fnt
|faint|p1a: Hydreigon
|
|win|parsley<3
|raw|therealkenkaniff's rating: 1256 → 1236(-20 for losing)
|raw|parsley<3's rating: 1321 → 1337(+16 for winning)
