|j|☆Clintoap
|j|☆marcosdeltasena31
|html|Clintoapmarcosdeltasena31    
|uhtml|bestof|Game 2 of a best-of-3
|t:|1757200696
|gametype|doubles
|player|p1|Clintoap|265|1217
|player|p2|marcosdeltasena31|hilbert|1351
|gen|9
|tier|[Gen 9] VGC 2025 Reg H (Bo3)
|rated|
|rule|Species Clause: Limit one of each Pokémon
|rule|Item Clause: Limit 1 of each item
|clearpoke
|poke|p1|Mandibuzz, L50, F|
|poke|p1|Corviknight, L50, F|
|poke|p1|Gholdengo, L50|
|poke|p1|Dragapult, L50, F|
|poke|p1|Sneasler, L50, M|
|poke|p1|Ceruledge, L50, F|
|poke|p2|Dragonite, L50, F|
|poke|p2|Sneasler, L50, F|
|poke|p2|Volcarona, L50, F|
|poke|p2|Rillaboom, L50, M|
|poke|p2|Kingambit, L50, F|
|poke|p2|Electabuzz, L50, F|
|teampreview|4
|showteam|p1|Mandibuzz||Leftovers|Overcoat|Tailwind,FoulPlay,Taunt,Snarl|||F|||50|,,,,,Ghost]Corviknight||SitrusBerry|MirrorArmor|BraveBird,Roost,Tailwind,BulkUp|||F|||50|,,,,,Fire]Gholdengo||LifeOrb|GoodasGold|MakeItRain,ShadowBall,Protect,NastyPlot||||||50|,,,,,Water]Dragapult||ChoiceBand|ClearBody|DragonDarts,Uturn,PhantomForce,SuckerPunch|||F|||50|,,,,,Dragon]Sneasler||FocusSash|Unburden|FakeOut,DireClaw,CloseCombat,ThroatChop|||M|||50|,,,,,Fighting]Ceruledge||ClearAmulet|FlashFire|BitterBlade,WillOWisp,Protect,PsychoCut|||F|||50|,,,,,Grass
|showteam|p2|Dragonite||LoadedDice|Multiscale|ScaleShot,ExtremeSpeed,Haze,Protect|||F|||50|,,,,,Fairy]Sneasler||FocusSash|PoisonTouch|DireClaw,CloseCombat,FakeOut,Coaching|||F|||50|,,,,,Ghost]Volcarona||CovertCloak|FlameBody|HeatWave,TeraBlast,QuiverDance,Protect|||F|||50|,,,,,Fairy]Rillaboom||AssaultVest|GrassySurge|WoodHammer,FakeOut,GrassyGlide,HighHorsepower|||M|||50|,,,,,Fire]Kingambit||BlackGlasses|Defiant|KowtowCleave,SwordsDance,SuckerPunch,Protect|||F|||50|,,,,,Dark]Electabuzz||Eviolite|VitalSpirit|Thunderbolt,FollowMe,Taunt,Protect|||F|||50|,,,,,Ghost
|
|t:|1757200759
|teamsize|p1|4
|teamsize|p2|4
|start
|switch|p1a: Mandibuzz|Mandibuzz, L50, F|100/100
|switch|p1b: Sneasler|Sneasler, L50, M|100/100
|switch|p2a: Kingambit|Kingambit, L50, F|100/100
|switch|p2b: Electabuzz|Electabuzz, L50, F|100/100
|turn|1
|
|t:|1757200777
|move|p2a: Kingambit|Protect|p2a: Kingambit
|-singleturn|p2a: Kingambit|Protect
|move|p1b: Sneasler|Fake Out|p2b: Electabuzz
|-damage|p2b: Electabuzz|88/100
|cant|p2b: Electabuzz|flinch
|move|p1a: Mandibuzz|Taunt|p2a: Kingambit
|-activate|p2a: Kingambit|move: Protect
|
|upkeep
|turn|2
|
|t:|1757200791
|switch|p1b: Ceruledge|Ceruledge, L50, F|100/100
|-terastallize|p2a: Kingambit|Dark
|move|p2b: Electabuzz|Follow Me|p2b: Electabuzz
|-singleturn|p2b: Electabuzz|move: Follow Me
|move|p1a: Mandibuzz|Taunt|p2b: Electabuzz
|-start|p2b: Electabuzz|move: Taunt
|move|p2a: Kingambit|Kowtow Cleave|p1b: Ceruledge
|-supereffective|p1b: Ceruledge
|-damage|p1b: Ceruledge|0 fnt
|faint|p1b: Ceruledge
|
|upkeep
|
|t:|1757200800
|switch|p1b: Sneasler|Sneasler, L50, M|100/100
|turn|3
|inactive|Battle timer is ON: inactive players will automatically lose when time's up. (requested by Clintoap)
|
|t:|1757200834
|move|p2a: Kingambit|Protect|p2a: Kingambit
|-singleturn|p2a: Kingambit|Protect
|move|p1b: Sneasler|Dire Claw|p2b: Electabuzz
|-damage|p2b: Electabuzz|57/100
|move|p2b: Electabuzz|Thunderbolt|p1b: Sneasler
|-damage|p1b: Sneasler|59/100
|move|p1a: Mandibuzz|Foul Play|p2b: Electabuzz
|-damage|p2b: Electabuzz|41/100
|
|upkeep
|turn|4
|inactive|Clintoap has 30 seconds left.
|
|t:|1757200863
|move|p2a: Kingambit|Sucker Punch|p1b: Sneasler
|-resisted|p1b: Sneasler
|-damage|p1b: Sneasler|5/100
|move|p1b: Sneasler|Close Combat|p2a: Kingambit
|-supereffective|p2a: Kingambit
|-damage|p2a: Kingambit|0 fnt
|-unboost|p1b: Sneasler|def|1
|-unboost|p1b: Sneasler|spd|1
|faint|p2a: Kingambit
|move|p2b: Electabuzz|Thunderbolt|p1a: Mandibuzz
|-supereffective|p1a: Mandibuzz
|-damage|p1a: Mandibuzz|55/100
|move|p1a: Mandibuzz|Tailwind|p1a: Mandibuzz
|-sidestart|p1: Clintoap|move: Tailwind
|
|-heal|p1a: Mandibuzz|61/100|[from] item: Leftovers
|upkeep
|
|t:|1757200879
|switch|p2a: Dragonite|Dragonite, L50, F|100/100
|turn|5
|
|t:|1757200891
|switch|p1b: Corviknight|Corviknight, L50, F|100/100
|move|p2a: Dragonite|Extreme Speed|p1b: Corviknight
|-resisted|p1b: Corviknight
|-damage|p1b: Corviknight|87/100
|move|p1a: Mandibuzz|Snarl|p2b: Electabuzz|[spread] p2a,p2b
|-damage|p2a: Dragonite|95/100
|-damage|p2b: Electabuzz|33/100
|-unboost|p2a: Dragonite|spa|1
|-unboost|p2b: Electabuzz|spa|1
|move|p2b: Electabuzz|Thunderbolt|p1a: Mandibuzz
|-supereffective|p1a: Mandibuzz
|-damage|p1a: Mandibuzz|28/100
|
|-heal|p1a: Mandibuzz|34/100|[from] item: Leftovers
|-end|p2b: Electabuzz|move: Taunt
|upkeep
|turn|6
|inactive|Clintoap has 30 seconds left.
|
|t:|1757200923
|move|p1a: Mandibuzz|Foul Play|p2a: Dragonite
|-damage|p2a: Dragonite|32/100
|move|p1b: Corviknight|Brave Bird|p2a: Dragonite
|-damage|p2a: Dragonite|0 fnt
|faint|p2a: Dragonite
|-damage|p1b: Corviknight|79/100|[from] Recoil
|move|p2b: Electabuzz|Thunderbolt|p1b: Corviknight
|-supereffective|p1b: Corviknight
|-damage|p1b: Corviknight|40/100
|-enditem|p1b: Corviknight|Sitrus Berry|[eat]
|-heal|p1b: Corviknight|65/100|[from] item: Sitrus Berry
|
|-heal|p1a: Mandibuzz|40/100|[from] item: Leftovers
|upkeep
|
|t:|1757200929
|switch|p2a: Volcarona|Volcarona, L50, F|100/100
|turn|7
|
|t:|1757200949
|-terastallize|p1b: Corviknight|Fire
|move|p2b: Electabuzz|Follow Me|p2b: Electabuzz
|-singleturn|p2b: Electabuzz|move: Follow Me
|move|p1a: Mandibuzz|Taunt|p2b: Electabuzz
|-start|p2b: Electabuzz|move: Taunt
|move|p1b: Corviknight|Roost|p1b: Corviknight
|-heal|p1b: Corviknight|100/100
|move|p2a: Volcarona|Quiver Dance|p2a: Volcarona
|-boost|p2a: Volcarona|spa|1
|-boost|p2a: Volcarona|spd|1
|-boost|p2a: Volcarona|spe|1
|
|-heal|p1a: Mandibuzz|46/100|[from] item: Leftovers
|-sideend|p1: Clintoap|move: Tailwind
|upkeep
|turn|8
|
|t:|1757200965
|move|p2a: Volcarona|Heat Wave|p1b: Corviknight|[spread] p1a,p1b
|-resisted|p1b: Corviknight
|-damage|p1a: Mandibuzz|5/100
|-damage|p1b: Corviknight|74/100
|-status|p1a: Mandibuzz|brn
|move|p2b: Electabuzz|Thunderbolt|p1b: Corviknight
|-damage|p1b: Corviknight|57/100
|move|p1a: Mandibuzz|Tailwind|p1a: Mandibuzz
|-sidestart|p1: Clintoap|move: Tailwind
|move|p1b: Corviknight|Brave Bird|p2a: Volcarona
|-supereffective|p2a: Volcarona
|-damage|p2a: Volcarona|4/100
|-damage|p1b: Corviknight|28/100|[from] Recoil
|
|-heal|p1a: Mandibuzz|11/100 brn|[from] item: Leftovers
|-damage|p1a: Mandibuzz|5/100 brn|[from] brn
|upkeep
|turn|9
|
|t:|1757200984
|move|p2a: Volcarona|Protect|p2a: Volcarona
|-singleturn|p2a: Volcarona|Protect
|move|p1a: Mandibuzz|Snarl|p2b: Electabuzz|[spread] p2b
|-activate|p2a: Volcarona|move: Protect
|-damage|p2b: Electabuzz|26/100
|-unboost|p2b: Electabuzz|spa|1
|move|p1b: Corviknight|Roost|p1b: Corviknight
|-heal|p1b: Corviknight|79/100
|move|p2b: Electabuzz|Thunderbolt|p1b: Corviknight
|-damage|p1b: Corviknight|66/100
|
|-heal|p1a: Mandibuzz|11/100 brn|[from] item: Leftovers
|-damage|p1a: Mandibuzz|5/100 brn|[from] brn
|upkeep
|turn|10
|
|t:|1757201005
|move|p2a: Volcarona|Heat Wave|p1a: Mandibuzz|[spread] p1a,p1b
|-resisted|p1b: Corviknight
|-damage|p1a: Mandibuzz|0 fnt
|-damage|p1b: Corviknight|44/100
|faint|p1a: Mandibuzz
|move|p1b: Corviknight|Brave Bird|p2a: Volcarona
|-supereffective|p2a: Volcarona
|-damage|p2a: Volcarona|0 fnt
|faint|p2a: Volcarona
|-damage|p1b: Corviknight|43/100|[from] Recoil
|move|p2b: Electabuzz|Thunderbolt|p1b: Corviknight
|-damage|p1b: Corviknight|30/100
|
|-end|p2b: Electabuzz|move: Taunt
|upkeep
|
|t:|1757201014
|switch|p1a: Sneasler|Sneasler, L50, M|5/100
|turn|11
|
|t:|1757201019
|move|p1a: Sneasler|Fake Out|p2b: Electabuzz
|-damage|p2b: Electabuzz|15/100
|move|p1b: Corviknight|Roost|p1b: Corviknight
|-heal|p1b: Corviknight|80/100
|cant|p2b: Electabuzz|flinch
|
|-sideend|p1: Clintoap|move: Tailwind
|upkeep
|turn|12
|
|t:|1757201029
|move|p1a: Sneasler|Close Combat|p2b: Electabuzz
|-damage|p2b: Electabuzz|0 fnt
|-unboost|p1a: Sneasler|def|1
|-unboost|p1a: Sneasler|spd|1
|faint|p2b: Electabuzz
|
|win|Clintoap
|l|☆Clintoap
|player|p1|
||Clintoap is ready for game 3.
