|j|☆KodeBeast0526
|j|☆Star6_D2
|html|KodeBeast0526Star6_D2    
|uhtml|bestof|Game 1 of a best-of-3
|t:|1784123522
|gametype|doubles
|player|p1|KodeBeast0526|hiker|1118
|player|p2|Star6_D2|266|1087
|gen|9
|tier|[Gen 9 Champions] VGC 2026 Reg M-B (Bo3)
|rated|
|rule|Species Clause: Limit one of each Pokémon
|rule|Item Clause: Limit 1 of each item
|clearpoke
|poke|p1|Aerodactyl, L50, M|
|poke|p1|Kingambit, L50, M|
|poke|p1|Sylveon, L50, M|
|poke|p1|Garchomp, L50, M|
|poke|p1|Charizard, L50, M|
|poke|p1|Incineroar, L50, M|
|poke|p2|Farigiraf, L50, M, shiny|
|poke|p2|Torkoal, L50, M, shiny|
|poke|p2|Vileplume, L50, M, shiny|
|poke|p2|Pyroar, L50, M, shiny|
|poke|p2|Hatterene, L50, F, shiny|
|poke|p2|Chesnaught, L50, F, shiny|
|teampreview|4
|showteam|p1|Aerodactyl||Aerodactylite|Unnerve|RockSlide,IceFang,Tailwind,WideGuard|Jolly||M|||50|]Kingambit||FocusSash|Defiant|KowtowCleave,SuckerPunch,IronHead,Protect|Adamant||M|||50|]Sylveon||FairyFeather|Pixilate|Detect,HyperVoice,HyperBeam,QuickAttack|Modest||M|||50|]Garchomp||LifeOrb|RoughSkin|Earthquake,DragonClaw,StompingTantrum,Protect|Jolly||M|||50|]Charizard||CharizarditeY|Blaze|Protect,HeatWave,SolarBeam,WeatherBall|Modest||M|||50|]Incineroar||SitrusBerry|Intimidate|DarkestLariat,FlareBlitz,FakeOut,PartingShot|Impish||M|||50|
|showteam|p2|Farigiraf||SitrusBerry|ArmorTail|TrickRoom,Protect,Psychic,Thunderbolt|Sassy||M|||50|]Torkoal||Charcoal|Drought|WeatherBall,Eruption,HelpingHand,Protect|Relaxed||M|||50|]Vileplume||Leftovers|Chlorophyll|AfterYou,SolarBeam,WeatherBall,Protect|Timid||M|||50|]Pyroar||Pyroarite|Moxie|HeatWave,HyperVoice,Snarl,Protect|Timid||M|||50|]Hatterene||BabiriBerry|MagicBounce|AfterYou,TrickRoom,DazzlingGleam,Psychic|Quiet||F|||50|]Chesnaught||Chesnaughtite|Bulletproof|BodyPress,WoodHammer,Earthquake,Protect|Relaxed||F|||50|
|inactive|Battle timer is ON: inactive players will automatically lose when time's up. (requested by Star6_D2)
|inactive|Star6_D2 has 60 seconds left.
|
|t:|1784123561
|teamsize|p1|4
|teamsize|p2|4
|start
|switch|p1a: Aerodactyl|Aerodactyl, L50, M|100/100
|switch|p1b: Garchomp|Garchomp, L50, M|100/100
|switch|p2a: Hatterene|Hatterene, L50, F, shiny|100/100
|switch|p2b: Torkoal|Torkoal, L50, M, shiny|100/100
|-ability|p1a: Aerodactyl|Unnerve
|-weather|SunnyDay|[from] ability: Drought|[of] p2b: Torkoal
|turn|1
|
|t:|1784123578
|detailschange|p1a: Aerodactyl|Aerodactyl-Mega, L50, M
|-mega|p1a: Aerodactyl|Aerodactyl|Aerodactylite
|move|p2b: Torkoal|Protect|p2b: Torkoal
|-singleturn|p2b: Torkoal|Protect
|move|p1a: Aerodactyl|Rock Slide|p2b: Torkoal|[spread] p2a
|-activate|p2b: Torkoal|move: Protect
|-damage|p2a: Hatterene|68/100
|move|p1b: Garchomp|Earthquake|p2b: Torkoal|[spread] p2a
|-activate|p2b: Torkoal|move: Protect
|-immune|p1a: Aerodactyl
|-damage|p2a: Hatterene|15/100
|-damage|p1b: Garchomp|90/100|[from] item: Life Orb
|move|p2a: Hatterene|Trick Room|p2a: Hatterene
|-fieldstart|move: Trick Room|[of] p2a: Hatterene
|
|-weather|SunnyDay|[upkeep]
|upkeep
|turn|2
|
|t:|1784123602
|move|p2b: Torkoal|Helping Hand|p2a: Hatterene
|-singleturn|p2a: Hatterene|Helping Hand|[of] p2b: Torkoal
|move|p1a: Aerodactyl|Wide Guard|p1a: Aerodactyl
|-singleturn|p1a: Aerodactyl|Wide Guard
|move|p2a: Hatterene|Dazzling Gleam|p1a: Aerodactyl|[spread] 
|-activate|p1a: Aerodactyl|move: Wide Guard
|-activate|p1b: Garchomp|move: Wide Guard
|move|p1b: Garchomp|Earthquake|p2a: Hatterene|[spread] p2a,p2b
|-activate|p1a: Aerodactyl|move: Wide Guard
|-supereffective|p2b: Torkoal|1
|-damage|p2a: Hatterene|0 fnt
|-damage|p2b: Torkoal|45/100
|faint|p2a: Hatterene
|-damage|p1b: Garchomp|80/100|[from] item: Life Orb
|
|-weather|SunnyDay|[upkeep]
|upkeep
|
|t:|1784123611
|switch|p2a: Chesnaught|Chesnaught, L50, F, shiny|100/100
|turn|3
|
|t:|1784123626
|detailschange|p2a: Chesnaught|Chesnaught-Mega, L50, F, shiny
|-mega|p2a: Chesnaught|Chesnaught|Chesnaughtite
|move|p2b: Torkoal|Helping Hand|p2a: Chesnaught
|-singleturn|p2a: Chesnaught|Helping Hand|[of] p2b: Torkoal
|move|p1a: Aerodactyl|Wide Guard|p1a: Aerodactyl
|-singleturn|p1a: Aerodactyl|Wide Guard
|move|p2a: Chesnaught|Wood Hammer|p1b: Garchomp
|-damage|p1b: Garchomp|0 fnt
|-damage|p2a: Chesnaught|87/100|[from] ability: Rough Skin|[of] p1b: Garchomp
|faint|p1b: Garchomp
|-damage|p2a: Chesnaught|58/100|[from] Recoil
|
|-weather|SunnyDay|[upkeep]
|upkeep
|
|t:|1784123639
|switch|p1b: Sylveon|Sylveon, L50, M|100/100
|turn|4
|
|t:|1784123653
|move|p2b: Torkoal|Weather Ball|p1b: Sylveon
|-damage|p1b: Sylveon|56/100
|move|p2a: Chesnaught|Wood Hammer|p1a: Aerodactyl
|-damage|p1a: Aerodactyl|32/100
|-damage|p2a: Chesnaught|33/100|[from] Recoil
|move|p1b: Sylveon|Hyper Voice|p2b: Torkoal|[spread] p2a,p2b
|-supereffective|p2a: Chesnaught|1
|-resisted|p2b: Torkoal|1
|-damage|p2a: Chesnaught|0 fnt
|-damage|p2b: Torkoal|13/100
|faint|p2a: Chesnaught
|move|p1a: Aerodactyl|Rock Slide|p2b: Torkoal
|-supereffective|p2b: Torkoal|1
|-damage|p2b: Torkoal|0 fnt
|faint|p2b: Torkoal
|
|-weather|SunnyDay|[upkeep]
|upkeep
|
|t:|1784123659
|switch|p2b: Farigiraf|Farigiraf, L50, M, shiny|100/100
|turn|5
|
|t:|1784123666
|move|p2b: Farigiraf|Thunderbolt|p1a: Aerodactyl
|-supereffective|p1a: Aerodactyl|1
|-damage|p1a: Aerodactyl|0 fnt
|faint|p1a: Aerodactyl
|move|p1b: Sylveon|Hyper Beam|p2b: Farigiraf
|-damage|p2b: Farigiraf|29/100
|-mustrecharge|p1b: Sylveon
|-enditem|p2b: Farigiraf|Sitrus Berry|[eat]
|-heal|p2b: Farigiraf|54/100|[from] item: Sitrus Berry
|
|-weather|none
|-fieldend|move: Trick Room
|upkeep
|
|t:|1784123672
|switch|p1a: Kingambit|Kingambit, L50, M|100/100
|turn|6
|
|t:|1784123676
|cant|p1b: Sylveon|recharge
|move|p1a: Kingambit|Kowtow Cleave|p2b: Farigiraf
|-supereffective|p2b: Farigiraf|1
|-damage|p2b: Farigiraf|0 fnt
|faint|p2b: Farigiraf
|
|win|KodeBeast0526
|l|☆Star6_D2
|player|p2|
