|j|☆minccino fan
|j|☆jugui0801
|html|minccino fanjugui0801    
|uhtml|bestof|Game 2 of a best-of-3
|t:|1756275837
|gametype|doubles
|player|p1|minccino fan|170|1138
|player|p2|jugui0801|riley|1093
|gen|9
|tier|[Gen 9] VGC 2025 Reg H (Bo3)
|rated|
|rule|Species Clause: Limit one of each Pokémon
|rule|Item Clause: Limit 1 of each item
|clearpoke
|poke|p1|Charizard, L50, F|
|poke|p1|Torkoal, L50, F|
|poke|p1|Porygon2, L50|
|poke|p1|Incineroar, L50, F|
|poke|p1|Jumpluff, L50, M|
|poke|p1|Ursaluna, L50, M|
|poke|p2|Typhlosion-Hisui, L50, M|
|poke|p2|Ursaluna-Bloodmoon, L50, M|
|poke|p2|Whimsicott, L50, F|
|poke|p2|Torkoal, L50, F|
|poke|p2|Sneasler, L50, F|
|poke|p2|Maushold, L50|
|teampreview|4
|showteam|p1|Charizard||ChoiceSpecs|SolarPower|HeatWave,Overheat,WeatherBall,AirSlash|||F|||50|,,,,,Ghost]Torkoal||EjectPack|Drought|Eruption,Overheat,HelpingHand,Protect|||F|||50|,,,,,Fire]Porygon2||Eviolite|Download|TeraBlast,IceBeam,Recover,TrickRoom||||||50|,,,,,Fighting]Incineroar||SitrusBerry|Intimidate|FlareBlitz,KnockOff,FakeOut,PartingShot|||F|||50|,,,,,Ghost]Jumpluff||CovertCloak|Chlorophyll|SleepPowder,SunnyDay,RagePowder,Tailwind|||M|||50|,,,,,Water]Ursaluna||FlameOrb|Guts|HeadlongRush,Facade,Earthquake,Protect|||M|||50|,,,,,Ghost
|showteam|p2|Typhlosion-Hisui||ChoiceSpecs|Blaze|Eruption,ShadowBall,HeatWave,Flamethrower|||M|||50|,,,,,Fire]Ursaluna-Bloodmoon||LifeOrb|MindsEye|BloodMoon,EarthPower,Protect,HyperVoice|||M|||50|,,,,,Normal]Whimsicott||CovertCloak|Prankster|Moonblast,Tailwind,Encore,SunnyDay|||F|||50|,,,,,Dark]Torkoal||EjectPack|Drought|Overheat,HelpingHand,Eruption,Protect|||F|||50|,,,,,Fire]Sneasler||ClearAmulet|PoisonTouch|DireClaw,CloseCombat,ThroatChop,Protect|||F|||50|,,,,,Ghost]Maushold||FocusSash|FriendGuard|PopulationBomb,FollowMe,Protect,Taunt||||||50|,,,,,Ghost
|inactive|Battle timer is ON: inactive players will automatically lose when time's up. (requested by minccino fan)
|inactive|jugui0801 has 60 seconds left.
|
|t:|1756275873
|teamsize|p1|4
|teamsize|p2|4
|start
|switch|p1a: Jumpluff|Jumpluff, L50, M|100/100
|switch|p1b: Torkoal|Torkoal, L50, F|100/100
|switch|p2a: Maushold|Maushold, L50|100/100
|switch|p2b: Typhlosion|Typhlosion-Hisui, L50, M|100/100
|-weather|SunnyDay|[from] ability: Drought|[of] p1b: Torkoal
|turn|1
|
|t:|1756275894
|-terastallize|p1a: Jumpluff|Water
|-terastallize|p2b: Typhlosion|Fire
|move|p2a: Maushold|Follow Me|p2a: Maushold
|-singleturn|p2a: Maushold|move: Follow Me
|move|p1a: Jumpluff|Sleep Powder|p2a: Maushold
|-status|p2a: Maushold|slp|[from] move: Sleep Powder
|move|p2b: Typhlosion|Eruption|p1b: Torkoal|[spread] p1a,p1b
|-resisted|p1a: Jumpluff
|-resisted|p1b: Torkoal
|-damage|p1a: Jumpluff|23/100
|-damage|p1b: Torkoal|0 fnt
|faint|p1b: Torkoal
|
|-weather|SunnyDay|[upkeep]
|upkeep
|inactive|minccino fan has 30 seconds left.
|
|t:|1756275923
|switch|p1b: Ursaluna|Ursaluna, L50, M|100/100
|turn|2
|
|t:|1756275931
|switch|p2a: Torkoal|Torkoal, L50, F|100/100
|move|p1a: Jumpluff|Tailwind|p1a: Jumpluff
|-sidestart|p1: minccino fan|move: Tailwind
|move|p1b: Ursaluna|Headlong Rush|p2b: Typhlosion
|-supereffective|p2b: Typhlosion
|-crit|p2b: Typhlosion
|-damage|p2b: Typhlosion|0 fnt
|-unboost|p1b: Ursaluna|def|1
|-unboost|p1b: Ursaluna|spd|1
|faint|p2b: Typhlosion
|
|-weather|SunnyDay|[upkeep]
|-status|p1b: Ursaluna|brn|[from] item: Flame Orb
|upkeep
|
|t:|1756275946
|switch|p2b: Maushold|Maushold, L50|100/100 slp
|turn|3
|
|t:|1756275966
|move|p1a: Jumpluff|Rage Powder|p1a: Jumpluff
|-singleturn|p1a: Jumpluff|move: Rage Powder
|cant|p2b: Maushold|slp
|move|p1b: Ursaluna|Facade|p2a: Torkoal
|-damage|p2a: Torkoal|29/100
|move|p2a: Torkoal|Eruption|p1a: Jumpluff|[spread] p1a,p1b
|-resisted|p1a: Jumpluff
|-damage|p1a: Jumpluff|12/100
|-damage|p1b: Ursaluna|72/100 brn
|
|-weather|SunnyDay|[upkeep]
|-damage|p1b: Ursaluna|66/100 brn|[from] brn
|upkeep
|turn|4
|
|t:|1756275988
|switch|p1a: Charizard|Charizard, L50, F|100/100
|-curestatus|p2b: Maushold|slp|[msg]
|move|p2b: Maushold|Follow Me|p2b: Maushold
|-singleturn|p2b: Maushold|move: Follow Me
|move|p1b: Ursaluna|Earthquake|p2a: Torkoal|[spread] p2a,p2b
|-immune|p1a: Charizard
|-supereffective|p2a: Torkoal
|-damage|p2a: Torkoal|0 fnt
|-enditem|p2b: Maushold|Focus Sash
|-damage|p2b: Maushold|1/100
|faint|p2a: Torkoal
|
|-weather|SunnyDay|[upkeep]
|-damage|p1a: Charizard|88/100|[from] ability: Solar Power|[of] p1a: Charizard
|-damage|p1b: Ursaluna|61/100 brn|[from] brn
|upkeep
|
|t:|1756276005
|switch|p2a: Sneasler|Sneasler, L50, F|100/100
|turn|5
|
|t:|1756276014
|move|p2a: Sneasler|Protect|p2a: Sneasler
|-singleturn|p2a: Sneasler|Protect
|move|p2b: Maushold|Protect|p2b: Maushold
|-singleturn|p2b: Maushold|Protect
|move|p1a: Charizard|Heat Wave|p2b: Maushold|[spread] 
|-activate|p2a: Sneasler|move: Protect
|-activate|p2b: Maushold|move: Protect
|move|p1b: Ursaluna|Earthquake|p2b: Maushold|[spread] 
|-activate|p2a: Sneasler|move: Protect
|-activate|p2b: Maushold|move: Protect
|-immune|p1a: Charizard
|
|-weather|none
|-damage|p1b: Ursaluna|55/100 brn|[from] brn
|-sideend|p1: minccino fan|move: Tailwind
|upkeep
|turn|6
|inactive|jugui0801 has 30 seconds left.
|
|t:|1756276048
|switch|p1b: Jumpluff|Jumpluff, L50, M, tera:Water|12/100
|move|p2b: Maushold|Follow Me|p2b: Maushold
|-singleturn|p2b: Maushold|move: Follow Me
|move|p2a: Sneasler|Dire Claw|p1a: Charizard
|-damage|p1a: Charizard|27/100
|move|p1a: Charizard|Heat Wave|p2a: Sneasler|[spread] p2a,p2b
|-damage|p2a: Sneasler|46/100
|-damage|p2b: Maushold|0 fnt
|faint|p2b: Maushold
|
|upkeep
|turn|7
|-message|jugui0801 forfeited.
|
|win|minccino fan
|l|☆jugui0801
|player|p2|
