|j|☆asteris guy
|j|☆ZilverZurfer
|html|asteris guyZilverZurfer    
|uhtml|bestof|Game 1 of a best-of-3
|t:|1757684565
|gametype|doubles
|player|p1|asteris guy|ltsurge|1096
|player|p2|ZilverZurfer|2|1148
|gen|9
|tier|[Gen 9] VGC 2025 Reg H (Bo3)
|rated|
|rule|Species Clause: Limit one of each Pokémon
|rule|Item Clause: Limit 1 of each item
|clearpoke
|poke|p1|Weezing-Galar, L50, M|
|poke|p1|Toedscruel, L50, M|
|poke|p1|Pawmot, L50, F|
|poke|p1|Corviknight, L50, M|
|poke|p1|Typhlosion-Hisui, L50, M|
|poke|p1|Garchomp, L50, M|
|poke|p2|Torkoal, L50, F|
|poke|p2|Lilligant-Hisui, L50, F|
|poke|p2|Indeedee-F, L50, F|
|poke|p2|Hatterene, L50, F|
|poke|p2|Gallade, L50, M|
|poke|p2|Ursaluna, L50, M|
|teampreview|4
|showteam|p1|Weezing-Galar||ChoiceSpecs|NeutralizingGas|DazzlingGleam,Flamethrower,StrangeSteam,SludgeBomb|||M|||50|,,,,,Fire]Toedscruel||CovertCloak|MyceliumMight|Spore,EarthPower,RagePowder,AcidSpray|||M|||50|,,,,,Water]Pawmot||FocusSash|VoltAbsorb|CloseCombat,DoubleShock,FakeOut,Protect|||F|||50|,,,,,Electric]Corviknight||SitrusBerry|MirrorArmor|Tailwind,BraveBird,Protect,Roost|||M|||50|,,,,,Dragon]Typhlosion-Hisui||ChoiceScarf|Blaze|SleepTalk,HeatWave,ShadowBall,Eruption|||M|||50|,,,,,Fire]Garchomp||LifeOrb|RoughSkin|StompingTantrum,Protect,Earthquake,DragonClaw|||M|||50|,,,,,Ground
|showteam|p2|Torkoal||ChoiceSpecs|Drought|Eruption,HeatWave,EarthPower,WeatherBall|||F|||50|,,,,,Fire]Lilligant-Hisui||FocusSash|Chlorophyll|Protect,AfterYou,CloseCombat,SolarBlade|||F|||50|,,,,,Ghost]Indeedee-F||PsychicSeed|PsychicSurge|Psychic,HelpingHand,TrickRoom,FollowMe|||F|||50|,,,,,Water]Hatterene||LifeOrb|MagicBounce|Protect,ExpandingForce,DazzlingGleam,TrickRoom|||F|||50|,,,,,Fire]Gallade||ClearAmulet|Sharpness|SacredSword,PsychoCut,TrickRoom,WideGuard|||M|||50|,,,,,Grass]Ursaluna||FlameOrb|Guts|Protect,HeadlongRush,Earthquake,Facade|||M|||50|,,,,,Ghost
|inactive|Battle timer is ON: inactive players will automatically lose when time's up. (requested by ZilverZurfer)
|
|t:|1757684654
|teamsize|p1|4
|teamsize|p2|4
|start
|switch|p1a: Weezing|Weezing-Galar, L50, M|100/100
|switch|p1b: Typhlosion|Typhlosion-Hisui, L50, M|100/100
|switch|p2a: Indeedee|Indeedee-F, L50, F|100/100
|switch|p2b: Gallade|Gallade, L50, M|100/100
|-ability|p1a: Weezing|Neutralizing Gas
|turn|1
|inactive|asteris guy has 30 seconds left.
|inactive|ZilverZurfer has 30 seconds left.
|inactive|asteris guy has 20 seconds left.
|inactive|asteris guy has 15 seconds left.
|
|t:|1757684698
|switch|p1b: Toedscruel|Toedscruel, L50, M, shiny|100/100
|move|p2a: Indeedee|Follow Me|p2a: Indeedee
|-singleturn|p2a: Indeedee|move: Follow Me
|move|p1a: Weezing|Strange Steam|p2a: Indeedee
|-damage|p2a: Indeedee|49/100
|move|p2b: Gallade|Trick Room|p2b: Gallade
|-fieldstart|move: Trick Room|[of] p2b: Gallade
|
|upkeep
|turn|2
|inactive|asteris guy has 30 seconds left.
|inactive|ZilverZurfer has 30 seconds left.
|inactive|ZilverZurfer has 20 seconds left.
|
|t:|1757684736
|-terastallize|p2b: Gallade|Grass
|move|p1b: Toedscruel|Rage Powder|p1b: Toedscruel
|-singleturn|p1b: Toedscruel|move: Rage Powder
|move|p1a: Weezing|Strange Steam|p2b: Gallade
|-damage|p2b: Gallade|42/100
|move|p2b: Gallade|Psycho Cut|p1a: Weezing
|-supereffective|p1a: Weezing
|-damage|p1a: Weezing|30/100
|move|p2a: Indeedee|Psychic|p1b: Toedscruel
|-damage|p1b: Toedscruel|74/100
|
|upkeep
|turn|3
|inactive|asteris guy has 30 seconds left.
|inactive|asteris guy has 20 seconds left.
|inactive|asteris guy has 15 seconds left.
|inactive|asteris guy has 10 seconds left.
|
|t:|1757684783
|-end|p1a: Weezing|ability: Neutralizing Gas
|-fieldstart|move: Psychic Terrain|[from] ability: Psychic Surge|[of] p2a: Indeedee
|-enditem|p2a: Indeedee|Psychic Seed
|-boost|p2a: Indeedee|spd|1|[from] item: Psychic Seed
|switch|p1a: Typhlosion|Typhlosion-Hisui, L50, M|100/100
|move|p2a: Indeedee|Follow Me|p2a: Indeedee
|-singleturn|p2a: Indeedee|move: Follow Me
|move|p2b: Gallade|Psycho Cut|p1a: Typhlosion
|-damage|p1a: Typhlosion|0 fnt
|faint|p1a: Typhlosion
|move|p1b: Toedscruel|Acid Spray|p2a: Indeedee
|-damage|p2a: Indeedee|43/100
|-unboost|p2a: Indeedee|spd|2
|
|upkeep
|inactive|asteris guy has 30 seconds left.
|inactive|asteris guy has 20 seconds left.
|inactive|asteris guy has 15 seconds left.
|inactive|asteris guy has 10 seconds left.
|inactive|asteris guy has 5 seconds left.
|
|t:|1757684834
|switch|p1a: Garchomp|Garchomp, L50, M, shiny|100/100
|turn|4
|
|t:|1757684857
|move|p1a: Garchomp|Protect|p1a: Garchomp
|-singleturn|p1a: Garchomp|Protect
|move|p2a: Indeedee|Follow Me|p2a: Indeedee
|-singleturn|p2a: Indeedee|move: Follow Me
|move|p2b: Gallade|Psycho Cut|p1b: Toedscruel
|-damage|p1b: Toedscruel|0 fnt
|faint|p1b: Toedscruel
|
|upkeep
|
|t:|1757684865
|switch|p1b: Weezing|Weezing-Galar, L50, M|30/100
|-ability|p1b: Weezing|Neutralizing Gas
|turn|5
|
|t:|1757684887
|-terastallize|p1a: Garchomp|Ground
|move|p2a: Indeedee|Follow Me|p2a: Indeedee
|-singleturn|p2a: Indeedee|move: Follow Me
|move|p1b: Weezing|Dazzling Gleam|p2b: Gallade|[spread] p2a,p2b
|-damage|p2a: Indeedee|0 fnt
|-damage|p2b: Gallade|3/100
|faint|p2a: Indeedee
|move|p2b: Gallade|Psycho Cut|p1a: Garchomp
|-damage|p1a: Garchomp|52/100
|move|p1a: Garchomp|Earthquake|p2b: Gallade|[spread] p1b,p2b
|-supereffective|p1b: Weezing
|-resisted|p2b: Gallade
|-damage|p1b: Weezing|0 fnt
|-damage|p2b: Gallade|0 fnt
|faint|p1b: Weezing
|-end|p1b: Weezing|ability: Neutralizing Gas
|faint|p2b: Gallade
|-damage|p1a: Garchomp|42/100|[from] item: Life Orb
|
|-fieldend|move: Trick Room
|upkeep
|
|t:|1757684897
|switch|p2a: Torkoal|Torkoal, L50, F|100/100
|switch|p2b: Ursaluna|Ursaluna, L50, M|100/100
|-weather|SunnyDay|[from] ability: Drought|[of] p2a: Torkoal
|turn|6
|
|t:|1757684920
|move|p1a: Garchomp|Earthquake|p2b: Ursaluna|[spread] p2a,p2b
|-supereffective|p2a: Torkoal
|-damage|p2a: Torkoal|0 fnt
|-damage|p2b: Ursaluna|49/100
|faint|p2a: Torkoal
|-damage|p1a: Garchomp|32/100|[from] item: Life Orb
|move|p2b: Ursaluna|Headlong Rush|p1a: Garchomp
|-damage|p1a: Garchomp|0 fnt
|-unboost|p2b: Ursaluna|def|1
|-unboost|p2b: Ursaluna|spd|1
|-damage|p2b: Ursaluna|37/100|[from] ability: Rough Skin|[of] p1a: Garchomp
|faint|p1a: Garchomp
|
|win|ZilverZurfer
||ZilverZurfer is ready for game 2.
|inactive|asteris guy has 30 seconds to confirm battle start!
