|j|☆benjitulio
|j|☆Broey_jiggs
|html|benjitulioBroey_jiggs    
|uhtml|bestof|Game 1 of a best-of-3
|t:|1783210164
|gametype|doubles
|player|p1|benjitulio|wattson|1043
|player|p2|Broey_jiggs|102|1006
|gen|9
|tier|[Gen 9 Champions] VGC 2026 Reg M-B (Bo3)
|rated|
|rule|Species Clause: Limit one of each Pokémon
|rule|Item Clause: Limit 1 of each item
|clearpoke
|poke|p1|Maushold-Four, L50|
|poke|p1|Incineroar, L50, M|
|poke|p1|Metagross, L50|
|poke|p1|Aerodactyl, L50, F|
|poke|p1|Primarina, L50, F|
|poke|p1|Sinistcha, L50|
|poke|p2|Toxapex, L50, F|
|poke|p2|Rotom-Wash, L50|
|poke|p2|Corviknight, L50, M|
|poke|p2|Sinistcha-Masterpiece, L50|
|poke|p2|Tyranitar, L50, M|
|poke|p2|Garchomp, L50, M|
|teampreview|4
|showteam|p1|Maushold-Four||FocusSash|FriendGuard|FollowMe,RainDance,PopulationBomb,SuperFang|Jolly|||||50|]Incineroar||ChopleBerry|Intimidate|FakeOut,FlareBlitz,PartingShot,DarkestLariat|Impish||M|||50|]Metagross||Metagrossite|ClearBody|IronHead,Protect,PsychicFangs,Earthquake|Adamant|||||50|]Aerodactyl||FocusBand|Unnerve|RockSlide,Protect,Tailwind,IceFang|Jolly||F|||50|]Primarina||ChoiceScarf|LiquidVoice|HyperVoice,HydroPump,IcyWind,Moonblast|Modest||F|||50|]Sinistcha||Leftovers|Hospitality|MatchaGotcha,LifeDew,ShadowBall,RagePowder|Calm|||||50|
|showteam|p2|Toxapex||Leftovers|Regenerator|Toxic,BanefulBunker,Infestation,Recover|Bold||F|||50|]Rotom-Wash||Magnet|Levitate|HydroPump,Thunderbolt,WillOWisp,Protect|Calm|||||50|]Corviknight||OccaBerry|MirrorArmor|BodyPress,Roost,IronDefense,BraveBird|Careful||M|||50|]Sinistcha-Masterpiece||MiracleSeed|Hospitality|MatchaGotcha,LifeDew,Protect,TrickRoom|Relaxed|||||50|]Tyranitar||Tyranitarite|SandStream|RockSlide,Earthquake,KnockOff,Protect|Adamant||M|||50|]Garchomp||LifeOrb|SandVeil|Earthquake,EarthPower,Protect,DragonClaw|Jolly||M|||50|
|inactive|Battle timer is ON: inactive players will automatically lose when time's up. (requested by Broey_jiggs)
|
|t:|1783210200
|teamsize|p1|4
|teamsize|p2|4
|start
|switch|p1a: Primarina|Primarina, L50, F|100/100
|switch|p1b: Maushold|Maushold-Four, L50|100/100
|switch|p2a: Rotom|Rotom-Wash, L50|100/100
|switch|p2b: Corviknight|Corviknight, L50, M|100/100
|turn|1
|
|t:|1783210226
|move|p2a: Rotom|Protect|p2a: Rotom
|-singleturn|p2a: Rotom|Protect
|move|p1b: Maushold|Super Fang|p2b: Corviknight
|-damage|p2b: Corviknight|50/100g
|move|p1a: Primarina|Hydro Pump|p2b: Corviknight
|-damage|p2b: Corviknight|4/100
|move|p2b: Corviknight|Iron Defense|p2b: Corviknight
|-boost|p2b: Corviknight|def|2
|
|upkeep
|turn|2
|
|t:|1783210245
|move|p1b: Maushold|Population Bomb|p2b: Corviknight
|-resisted|p2b: Corviknight|1
|-damage|p2b: Corviknight|3/100
|-resisted|p2b: Corviknight|1
|-damage|p2b: Corviknight|1/100
|-resisted|p2b: Corviknight|1
|-damage|p2b: Corviknight|1/100
|-resisted|p2b: Corviknight|1
|-damage|p2b: Corviknight|0 fnt
|faint|p2b: Corviknight
|-hitcount|p2: Corviknight|4
|move|p1a: Primarina|Hydro Pump|p2a: Rotom
|-resisted|p2a: Rotom|1
|-damage|p2a: Rotom|76/100
|move|p2a: Rotom|Thunderbolt|p1a: Primarina
|-supereffective|p1a: Primarina|1
|-damage|p1a: Primarina|36/100
|
|upkeep
|
|t:|1783210264
|switch|p2b: Tyranitar|Tyranitar, L50, M|100/100
|-weather|Sandstorm|[from] ability: Sand Stream|[of] p2b: Tyranitar
|turn|3
|
|t:|1783210272
|switch|p1a: Sinistcha|Sinistcha, L50|100/100
|detailschange|p2b: Tyranitar|Tyranitar-Mega, L50, M
|-mega|p2b: Tyranitar|Tyranitar|Tyranitarite
|move|p1b: Maushold|Rain Dance|p1b: Maushold
|-weather|RainDance
|move|p2a: Rotom|Thunderbolt|p1a: Sinistcha
|-resisted|p1a: Sinistcha|1
|-damage|p1a: Sinistcha|87/100
|move|p2b: Tyranitar|Earthquake|p1a: Sinistcha|[spread] p1a,p1b
|-immune|p2a: Rotom|[from] ability: Levitate
|-resisted|p1a: Sinistcha|1
|-damage|p1a: Sinistcha|74/100
|-damage|p1b: Maushold|44/100
|
|-weather|RainDance|[upkeep]
|-heal|p1a: Sinistcha|80/100|[from] item: Leftovers
|upkeep
|turn|4
|
|t:|1783210289
|move|p1b: Maushold|Super Fang|p2b: Tyranitar
|-damage|p2b: Tyranitar|50/100g
|move|p2a: Rotom|Thunderbolt|p1b: Maushold
|-damage|p1b: Maushold|0 fnt
|faint|p1b: Maushold
|move|p2b: Tyranitar|Knock Off|p1a: Sinistcha
|-supereffective|p1a: Sinistcha|1
|-damage|p1a: Sinistcha|0 fnt
|-enditem|p1a: Sinistcha|Leftovers|[from] move: Knock Off|[of] p2b: Tyranitar
|faint|p1a: Sinistcha
|
|-weather|RainDance|[upkeep]
|upkeep
|
|t:|1783210297
|switch|p1b: Primarina|Primarina, L50, F|36/100
|switch|p1a: Metagross|Metagross, L50|100/100
|turn|5
|
|t:|1783210312
|switch|p2b: Garchomp|Garchomp, L50, M|100/100
|detailschange|p1a: Metagross|Metagross-Mega, L50
|-mega|p1a: Metagross|Metagross|Metagrossite
|move|p1b: Primarina|Hyper Voice|p2a: Rotom|[spread] p2a,p2b
|-resisted|p2a: Rotom|1
|-damage|p2a: Rotom|54/100
|-damage|p2b: Garchomp|42/100
|move|p1a: Metagross|Psychic Fangs|p2a: Rotom
|-damage|p2a: Rotom|0 fnt
|faint|p2a: Rotom
|
|-weather|RainDance|[upkeep]
|upkeep
|
|t:|1783210322
|switch|p2a: Tyranitar|Tyranitar-Mega, L50, M|50/100g
|-weather|Sandstorm|[from] ability: Sand Stream|[of] p2a: Tyranitar
|turn|6
|
|t:|1783210335
|move|p2b: Garchomp|Earth Power|p1a: Metagross
|-supereffective|p1a: Metagross|1
|-damage|p1a: Metagross|38/100
|-damage|p2b: Garchomp|32/100|[from] item: Life Orb
|move|p1b: Primarina|Hyper Voice|p2b: Garchomp|[spread] p2a,p2b
|-supereffective|p2a: Tyranitar|1
|-damage|p2a: Tyranitar|14/100
|-damage|p2b: Garchomp|0 fnt
|faint|p2b: Garchomp
|move|p1a: Metagross|Earthquake|p2a: Tyranitar|[spread] p1b,p2a
|-supereffective|p2a: Tyranitar|1
|-damage|p1b: Primarina|0 fnt
|-damage|p2a: Tyranitar|0 fnt
|faint|p1b: Primarina
|faint|p2a: Tyranitar
|
|win|benjitulio
