|j|☆koihoiboi
|j|☆Nadelsssss
|html|koihoiboiNadelsssss    
|uhtml|bestof|Game 3 of a best-of-3
|t:|1785924491
|gametype|doubles
|player|p1|koihoiboi|266|1180
|player|p2|Nadelsssss|steven|1179
|gen|9
|tier|[Gen 9 Champions] VGC 2026 Reg M-B (Bo3)
|rated|
|rule|Species Clause: Limit one of each Pokémon
|rule|Item Clause: Limit 1 of each item
|clearpoke
|poke|p1|Staraptor, L50, F|
|poke|p1|Whimsicott, L50, F|
|poke|p1|Kingambit, L50, M|
|poke|p1|Gengar, L50, F|
|poke|p1|Garchomp, L50, M|
|poke|p1|Sinistcha, L50|
|poke|p2|Charizard, L50, M|
|poke|p2|Sylveon, L50, F|
|poke|p2|Farigiraf, L50, M|
|poke|p2|Garchomp, L50, F|
|poke|p2|Aerodactyl, L50, M|
|poke|p2|Kingambit, L50, M|
|teampreview|4
|showteam|p1|Staraptor||Staraptite|Intimidate|Protect,BraveBird,CloseCombat,Roost|Jolly||F|||50|]Whimsicott||FairyFeather|Prankster|Encore,Tailwind,Charm,Moonblast|Timid||F|||50|]Kingambit||FocusSash|Defiant|Protect,IronHead,SuckerPunch,KowtowCleave|Adamant||M|||50|]Gengar||Gengarite|CursedBody|Protect,ShadowBall,Psychic,SludgeBomb|Timid||F|||50|]Garchomp||ChoiceScarf|RoughSkin|DragonClaw,Earthquake,RockSlide,StompingTantrum|Adamant||M|||50|]Sinistcha||SitrusBerry|Hospitality|MatchaGotcha,LifeDew,ShadowBall,TrickRoom|Modest|||||50|
|showteam|p2|Charizard||CharizarditeY|SolarPower|WeatherBall,HeatWave,SolarBeam,Protect|Modest||M|||50|]Sylveon||FairyFeather|Pixilate|HyperVoice,HyperBeam,QuickAttack,Detect|Modest||F|||50|]Farigiraf||SitrusBerry|ArmorTail|PsychicFangs,Thunderbolt,SunnyDay,TrickRoom|Relaxed||M|||50|]Garchomp||LifeOrb|RoughSkin|DragonClaw,Earthquake,StompingTantrum,Protect|Jolly||F|||50|]Aerodactyl||Aerodactylite|Unnerve|RockSlide,DualWingbeat,Tailwind,IceFang|Jolly||M|||50|]Kingambit||FocusSash|Defiant|SuckerPunch,KowtowCleave,IronHead,LowKick|Adamant||M|||50|
|inactive|Battle timer is ON: inactive players will automatically lose when time's up. (requested by koihoiboi)
|
|t:|1785924517
|teamsize|p1|4
|teamsize|p2|4
|start
|switch|p1a: Garchomp|Garchomp, L50, M|100/100
|switch|p1b: Whimsicott|Whimsicott, L50, F|100/100
|switch|p2a: Kingambit|Kingambit, L50, M|100/100
|switch|p2b: Aerodactyl|Aerodactyl, L50, M|100/100
|-ability|p2b: Aerodactyl|Unnerve
|turn|1
|inactive|Nadelsssss has 30 seconds left.
|
|t:|1785924546
|detailschange|p2b: Aerodactyl|Aerodactyl-Mega, L50, M
|-mega|p2b: Aerodactyl|Aerodactyl|Aerodactylite
|move|p1b: Whimsicott|Tailwind|p1b: Whimsicott
|-sidestart|p1: koihoiboi|move: Tailwind
|move|p1a: Garchomp|Rock Slide|p2b: Aerodactyl|[spread] p2a,p2b
|-resisted|p2a: Kingambit|1
|-supereffective|p2b: Aerodactyl|1
|-damage|p2a: Kingambit|90/100
|-damage|p2b: Aerodactyl|54/100
|cant|p2b: Aerodactyl|flinch
|move|p2a: Kingambit|Iron Head|p1b: Whimsicott
|-supereffective|p1b: Whimsicott|1
|-damage|p1b: Whimsicott|0 fnt
|faint|p1b: Whimsicott
|
|upkeep
|
|t:|1785924558
|switch|p1b: Staraptor|Staraptor, L50, F|100/100
|-ability|p1b: Staraptor|Intimidate|boost
|-unboost|p2a: Kingambit|atk|1
|-ability|p2a: Kingambit|Defiant|boost
|-boost|p2a: Kingambit|atk|2
|-unboost|p2b: Aerodactyl|atk|1
|turn|2
|inactive|Nadelsssss has 30 seconds left.
|
|t:|1785924585
|detailschange|p1b: Staraptor|Staraptor-Mega, L50, F
|-mega|p1b: Staraptor|Staraptor|Staraptite
|move|p2a: Kingambit|Sucker Punch|p1a: Garchomp
|-damage|p1a: Garchomp|34/100
|-damage|p2a: Kingambit|78/100|[from] ability: Rough Skin|[of] p1a: Garchomp
|move|p1a: Garchomp|Rock Slide|p2a: Kingambit|[spread] p2b
|-miss|p1a: Garchomp|p2a: Kingambit
|-supereffective|p2b: Aerodactyl|1
|-damage|p2b: Aerodactyl|1/100
|move|p1b: Staraptor|Close Combat|p2a: Kingambit
|-supereffective|p2a: Kingambit|2
|-damage|p2a: Kingambit|0 fnt
|-boost|p1b: Staraptor|def|1
|-boost|p1b: Staraptor|spd|1
|faint|p2a: Kingambit
|move|p2b: Aerodactyl|Tailwind|p2b: Aerodactyl
|-sidestart|p2: Nadelsssss|move: Tailwind
|
|upkeep
|
|t:|1785924600
|switch|p2a: Sylveon|Sylveon, L50, F|100/100
|turn|3
|inactive|Nadelsssss has 30 seconds left.
|
|t:|1785924630
|switch|p2b: Farigiraf|Farigiraf, L50, M|100/100
|move|p1a: Garchomp|Rock Slide|p2b: Farigiraf|[spread] p2a,p2b
|-damage|p2a: Sylveon|76/100
|-damage|p2b: Farigiraf|83/100
|move|p1b: Staraptor|Brave Bird|p2a: Sylveon
|-damage|p2a: Sylveon|3/100
|-damage|p1b: Staraptor|73/100|[from] Recoil
|move|p2a: Sylveon|Hyper Voice|p1a: Garchomp|[spread] p1a,p1b
|-supereffective|p1a: Garchomp|1
|-supereffective|p1b: Staraptor|1
|-damage|p1a: Garchomp|0 fnt
|-damage|p1b: Staraptor|4/100
|faint|p1a: Garchomp
|
|upkeep
|
|t:|1785924644
|switch|p1a: Sinistcha|Sinistcha, L50|100/100
|-heal|p1b: Staraptor|29/100|[from] ability: Hospitality|[of] p1a: Sinistcha
|turn|4
|
|t:|1785924658
|move|p2a: Sylveon|Detect|p2a: Sylveon
|-singleturn|p2a: Sylveon|Protect
|move|p1b: Staraptor|Roost|p1b: Staraptor
|-heal|p1b: Staraptor|79/100
|-singleturn|p1b: Staraptor|move: Roost
|move|p2b: Farigiraf|Psychic Fangs|p1b: Staraptor
|-supereffective|p1b: Staraptor|1
|-damage|p1b: Staraptor|38/100
|move|p1a: Sinistcha|Trick Room|p1a: Sinistcha
|-fieldstart|move: Trick Room|[of] p1a: Sinistcha
|
|-sideend|p1: koihoiboi|move: Tailwind
|upkeep
|turn|5
|inactive|Nadelsssss has 30 seconds left.
|
|t:|1785924691
|move|p2a: Sylveon|Quick Attack|p1b: Staraptor
|-supereffective|p1b: Staraptor|1
|-damage|p1b: Staraptor|19/100
|move|p1a: Sinistcha|Matcha Gotcha|p2b: Farigiraf|[spread] p2a,p2b
|-damage|p2a: Sylveon|0 fnt
|-damage|p2b: Farigiraf|55/100
|-status|p2b: Farigiraf|brn
|faint|p2a: Sylveon
|move|p2b: Farigiraf|Psychic Fangs|p1b: Staraptor
|-supereffective|p1b: Staraptor|1
|-damage|p1b: Staraptor|0 fnt
|faint|p1b: Staraptor
|
|-damage|p2b: Farigiraf|49/100 brn|[from] brn
|-sideend|p2: Nadelsssss|move: Tailwind
|upkeep
|-enditem|p2b: Farigiraf|Sitrus Berry|[eat]
|-heal|p2b: Farigiraf|74/100 brn|[from] item: Sitrus Berry
|
|t:|1785924706
|switch|p2a: Aerodactyl|Aerodactyl-Mega, L50, M|1/100
|turn|6
|
|t:|1785924714
|move|p2b: Farigiraf|Psychic Fangs|p1a: Sinistcha
|-damage|p1a: Sinistcha|89/100
|move|p1a: Sinistcha|Matcha Gotcha|p2b: Farigiraf|[spread] p2a,p2b
|-damage|p2a: Aerodactyl|0 fnt
|-heal|p1a: Sinistcha|90/100|[from] drain|[of] p2a: Aerodactyl
|-damage|p2b: Farigiraf|49/100 brn
|-heal|p1a: Sinistcha|100/100|[from] drain|[of] p2b: Farigiraf
|faint|p2a: Aerodactyl
|
|-damage|p2b: Farigiraf|43/100 brn|[from] brn
|upkeep
|turn|7
|
|t:|1785924735
|move|p2b: Farigiraf|Psychic Fangs|p1a: Sinistcha
|-damage|p1a: Sinistcha|88/100
|move|p1a: Sinistcha|Matcha Gotcha|p2b: Farigiraf
|-damage|p2b: Farigiraf|9/100 brn
|-heal|p1a: Sinistcha|100/100|[from] drain|[of] p2b: Farigiraf
|
|-damage|p2b: Farigiraf|3/100 brn|[from] brn
|upkeep
|turn|8
|
|t:|1785924745
|move|p2b: Farigiraf|Psychic Fangs|p1a: Sinistcha
|-damage|p1a: Sinistcha|87/100
|move|p1a: Sinistcha|Matcha Gotcha|p2b: Farigiraf
|-damage|p2b: Farigiraf|0 fnt
|-heal|p1a: Sinistcha|89/100|[from] drain|[of] p2b: Farigiraf
|faint|p2b: Farigiraf
|
|win|koihoiboi
|raw|koihoiboi's rating: 1180 → 1205(+25 for winning)
|raw|Nadelsssss's rating: 1179 → 1154(-25 for losing)
|c|☆Nadelsssss|gg
|c|☆koihoiboi|gg wp
|l|☆Nadelsssss
|player|p2|
