|j|☆AnotherDreamer
|j|☆spernerslemma
|html|AnotherDreamerspernerslemma    
|uhtml|bestof|Game 1 of a best-of-3
|t:|1785066455
|gametype|doubles
|player|p1|AnotherDreamer|1|1243
|player|p2|spernerslemma|2|1357
|gen|9
|tier|[Gen 9 Champions] VGC 2026 Reg M-B (Bo3)
|rated|
|rule|Species Clause: Limit one of each Pokémon
|rule|Item Clause: Limit 1 of each item
|clearpoke
|poke|p1|Staraptor, L50, F|
|poke|p1|Grimmsnarl, L50, M|
|poke|p1|Kingambit, L50, F|
|poke|p1|Basculegion, L50, M|
|poke|p1|Metagross, L50|
|poke|p1|Torkoal, L50, M|
|poke|p2|Swampert, L50, M|
|poke|p2|Grimmsnarl, L50, M|
|poke|p2|Archaludon, L50, F|
|poke|p2|Pelipper, L50, M|
|poke|p2|Venusaur, L50, M|
|poke|p2|Sneasler, L50, F|
|teampreview|4
|showteam|p1|Staraptor||Staraptite|Intimidate|CloseCombat,Roost,Protect,DualWingbeat|Adamant||F|||50|]Grimmsnarl||RoseliBerry|Prankster|PartingShot,SpiritBreak,FakeOut,ScaryFace|Impish||M|||50|]Kingambit||ChopleBerry|Defiant|KowtowCleave,LowKick,IronHead,SuckerPunch|Adamant||F|||50|]Basculegion||ChoiceScarf|Adaptability|WaveCrash,FlipTurn,AquaJet,LastRespects|Jolly||M|||50|]Metagross||Metagrossite|ClearBody|PsychicFangs,Protect,BulletPunch,Earthquake|Adamant|||||50|]Torkoal||Charcoal|Drought|Eruption,SolarBeam,HeatWave,Protect|Quiet||M|||50|
|showteam|p2|Swampert||Swampertite|Torrent|WaveCrash,Protect,Earthquake,IcePunch|Adamant||M|||50|]Grimmsnarl||LightClay|Prankster|FoulPlay,Reflect,LightScreen,PartingShot|Calm||M|||50|]Archaludon||Leftovers|Stamina|ElectroShot,DragonPulse,FlashCannon,Protect|Modest||F|||50|]Pelipper||SitrusBerry|Drizzle|WeatherBall,Hurricane,Tailwind,Protect|Modest||M|||50|]Venusaur||Venusaurite|Chlorophyll|SludgeBomb,Protect,GigaDrain,EarthPower|Modest||M|||50|]Sneasler||FocusSash|PoisonTouch|FakeOut,CloseCombat,DireClaw,Protect|Jolly||F|||50|
|inactive|Battle timer is ON: inactive players will automatically lose when time's up. (requested by AnotherDreamer)
|inactive|AnotherDreamer has 60 seconds left.
|inactive|spernerslemma has 60 seconds left.
|inactive|spernerslemma has 30 seconds left.
|
|t:|1785066519
|teamsize|p1|4
|teamsize|p2|4
|start
|switch|p1a: Grimmsnarl|Grimmsnarl, L50, M|100/100
|switch|p1b: Staraptor|Staraptor, L50, F|100/100
|switch|p2a: Pelipper|Pelipper, L50, M|100/100
|switch|p2b: Swampert|Swampert, L50, M|100/100
|-ability|p1b: Staraptor|Intimidate|boost
|-unboost|p2a: Pelipper|atk|1
|-unboost|p2b: Swampert|atk|1
|-weather|RainDance|[from] ability: Drizzle|[of] p2a: Pelipper
|turn|1
|inactive|spernerslemma has 30 seconds left.
|inactive|spernerslemma has 20 seconds left.
|
|t:|1785066557
|detailschange|p1b: Staraptor|Staraptor-Mega, L50, F
|-mega|p1b: Staraptor|Staraptor|Staraptite
|detailschange|p2b: Swampert|Swampert-Mega, L50, M
|-mega|p2b: Swampert|Swampert|Swampertite
|move|p1a: Grimmsnarl|Parting Shot|p2b: Swampert
|-unboost|p2b: Swampert|atk|1
|-unboost|p2b: Swampert|spa|1
|
|t:|1785066563
|switch|p1a: Torkoal|Torkoal, L50, M|100/100|[from] Parting Shot
|-weather|SunnyDay|[from] ability: Drought|[of] p1a: Torkoal
|move|p1b: Staraptor|Close Combat|p2b: Swampert
|-damage|p2b: Swampert|28/100
|-boost|p1b: Staraptor|def|1
|-boost|p1b: Staraptor|spd|1
|move|p2b: Swampert|Earthquake|p1a: Torkoal|[spread] p1a
|-immune|p2a: Pelipper
|-immune|p1b: Staraptor
|-supereffective|p1a: Torkoal|1
|-damage|p1a: Torkoal|62/100
|move|p2a: Pelipper|Hurricane|p1a: Torkoal
|-damage|p1a: Torkoal|4/100
|-start|p1a: Torkoal|confusion
|
|-weather|SunnyDay|[upkeep]
|upkeep
|turn|2
|inactive|AnotherDreamer has 30 seconds left.
|
|t:|1785066589
|switch|p2a: Grimmsnarl|Grimmsnarl, L50, M|100/100
|switch|p1a: Grimmsnarl|Grimmsnarl, L50, M|100/100
|move|p2b: Swampert|Protect|p2b: Swampert
|-singleturn|p2b: Swampert|Protect
|move|p1b: Staraptor|Close Combat|p2a: Grimmsnarl
|-damage|p2a: Grimmsnarl|25/100
|-boost|p1b: Staraptor|def|1
|-boost|p1b: Staraptor|spd|1
|
|-weather|SunnyDay|[upkeep]
|upkeep
|turn|3
|inactive|spernerslemma has 30 seconds left.
|inactive|spernerslemma has 20 seconds left.
|
|t:|1785066626
|move|p1a: Grimmsnarl|Fake Out|p2b: Swampert
|-damage|p2b: Swampert|18/100
|move|p2a: Grimmsnarl|Reflect|p2a: Grimmsnarl
|-sidestart|p2: spernerslemma|Reflect
|move|p1b: Staraptor|Close Combat|p2b: Swampert
|-damage|p2b: Swampert|0 fnt
|-boost|p1b: Staraptor|def|1
|-boost|p1b: Staraptor|spd|1
|faint|p2b: Swampert
|
|-weather|SunnyDay|[upkeep]
|upkeep
|
|t:|1785066631
|switch|p2b: Pelipper|Pelipper, L50, M|100/100
|-weather|RainDance|[from] ability: Drizzle|[of] p2b: Pelipper
|turn|4
|inactive|AnotherDreamer has 30 seconds left.
|inactive|AnotherDreamer has 20 seconds left.
|inactive|AnotherDreamer has 15 seconds left.
|inactive|AnotherDreamer has 10 seconds left.
|inactive|AnotherDreamer has 5 seconds left.
|
|t:|1785066686
|move|p2a: Grimmsnarl|Parting Shot|p1a: Grimmsnarl
|-hint|Since gen 7, Dark is immune to Prankster moves.
|-immune|p1a: Grimmsnarl
|move|p1a: Grimmsnarl|Parting Shot|p2a: Grimmsnarl
|-hint|Since gen 7, Dark is immune to Prankster moves.
|-immune|p2a: Grimmsnarl
|move|p1b: Staraptor|Close Combat|p2a: Grimmsnarl
|-damage|p2a: Grimmsnarl|0 fnt
|-boost|p1b: Staraptor|def|1
|-boost|p1b: Staraptor|spd|1
|faint|p2a: Grimmsnarl
|move|p2b: Pelipper|Hurricane|p1b: Staraptor
|-supereffective|p1b: Staraptor|1
|-damage|p1b: Staraptor|71/100
|
|-weather|RainDance|[upkeep]
|upkeep
|
|t:|1785066699
|switch|p2a: Archaludon|Archaludon, L50, F|100/100
|turn|5
|
|t:|1785066716
|move|p2a: Archaludon|Protect|p2a: Archaludon
|-singleturn|p2a: Archaludon|Protect
|move|p1a: Grimmsnarl|Parting Shot|p2a: Archaludon
|-activate|p2a: Archaludon|move: Protect
|move|p1b: Staraptor|Close Combat|p2a: Archaludon
|-activate|p2a: Archaludon|move: Protect
|move|p2b: Pelipper|Tailwind|p2b: Pelipper
|-sidestart|p2: spernerslemma|move: Tailwind
|
|-weather|RainDance|[upkeep]
|upkeep
|turn|6
|
|t:|1785066730
|move|p1a: Grimmsnarl|Parting Shot|p2a: Archaludon
|-unboost|p2a: Archaludon|atk|1
|-unboost|p2a: Archaludon|spa|1
|inactive|AnotherDreamer has 30 seconds left.
|
|t:|1785066763
|switch|p1a: Torkoal|Torkoal, L50, M|4/100|[from] Parting Shot
|-weather|SunnyDay|[from] ability: Drought|[of] p1a: Torkoal
|move|p2a: Archaludon|Dragon Pulse|p1b: Staraptor
|-damage|p1b: Staraptor|61/100
|move|p2b: Pelipper|Hurricane|p1b: Staraptor|[miss]
|-miss|p2b: Pelipper|p1b: Staraptor
|move|p1b: Staraptor|Close Combat|p2a: Archaludon
|-supereffective|p2a: Archaludon|1
|-damage|p2a: Archaludon|23/100
|-boost|p1b: Staraptor|def|1
|-boost|p1b: Staraptor|spd|1
|-ability|p2a: Archaludon|Stamina|boost
|-boost|p2a: Archaludon|def|1
|
|-weather|SunnyDay|[upkeep]
|-heal|p2a: Archaludon|29/100|[from] item: Leftovers
|upkeep
|turn|7
|inactive|AnotherDreamer has 30 seconds left.
|inactive|spernerslemma has 30 seconds left.
|inactive|AnotherDreamer has 20 seconds left.
|inactive|AnotherDreamer has 15 seconds left.
|inactive|AnotherDreamer has 10 seconds left.
|inactive|AnotherDreamer has 5 seconds left.
|
|t:|1785066815
|move|p2a: Archaludon|Flash Cannon|p1a: Torkoal
|-resisted|p1a: Torkoal|1
|-crit|p1a: Torkoal
|-damage|p1a: Torkoal|0 fnt
|faint|p1a: Torkoal
|move|p2b: Pelipper|Hurricane|p1b: Staraptor
|-supereffective|p1b: Staraptor|1
|-damage|p1b: Staraptor|36/100
|-start|p1b: Staraptor|confusion
|-activate|p1b: Staraptor|confusion
|-damage|p1b: Staraptor|32/100|[from] confusion
|
|-weather|SunnyDay|[upkeep]
|-heal|p2a: Archaludon|35/100|[from] item: Leftovers
|upkeep
|inactive|AnotherDreamer has 30 seconds left.
|
|t:|1785066849
|switch|p1a: Grimmsnarl|Grimmsnarl, L50, M|100/100
|turn|8
|
|t:|1785066864
|move|p1a: Grimmsnarl|Fake Out|p2b: Pelipper
|-damage|p2b: Pelipper|90/100
|move|p2a: Archaludon|Dragon Pulse|p1b: Staraptor
|-damage|p1b: Staraptor|24/100
|cant|p2b: Pelipper|flinch
|-activate|p1b: Staraptor|confusion
|move|p1b: Staraptor|Close Combat|p2a: Archaludon
|-supereffective|p2a: Archaludon|1
|-damage|p2a: Archaludon|0 fnt
|-boost|p1b: Staraptor|def|1
|-boost|p1b: Staraptor|spd|1
|faint|p2a: Archaludon
|
|-weather|SunnyDay|[upkeep]
|-sideend|p2: spernerslemma|move: Tailwind
|upkeep
|turn|9
|
|t:|1785066878
|-end|p1b: Staraptor|confusion
|move|p1b: Staraptor|Protect|p1b: Staraptor
|-singleturn|p1b: Staraptor|Protect
|move|p2b: Pelipper|Hurricane|p1b: Staraptor
|-activate|p1b: Staraptor|move: Protect
|move|p1a: Grimmsnarl|Spirit Break|p2b: Pelipper
|-damage|p2b: Pelipper|66/100
|-unboost|p2b: Pelipper|spa|1
|
|-weather|SunnyDay|[upkeep]
|upkeep
|turn|10
|inactive|AnotherDreamer has 30 seconds left.
|
|t:|1785066909
|move|p1a: Grimmsnarl|Scary Face|p2b: Pelipper
|-unboost|p2b: Pelipper|spe|2
|move|p1b: Staraptor|Roost|p1b: Staraptor
|-heal|p1b: Staraptor|74/100
|-singleturn|p1b: Staraptor|move: Roost
|move|p2b: Pelipper|Hurricane|p1b: Staraptor|[miss]
|-miss|p2b: Pelipper|p1b: Staraptor
|
|-weather|none
|-sideend|p2: spernerslemma|Reflect
|upkeep
|turn|11
|
|t:|1785066930
|move|p1b: Staraptor|Close Combat|p2b: Pelipper
|-resisted|p2b: Pelipper|1
|-damage|p2b: Pelipper|27/100
|-enditem|p2b: Pelipper|Sitrus Berry|[eat]
|-heal|p2b: Pelipper|52/100|[from] item: Sitrus Berry
|move|p1a: Grimmsnarl|Spirit Break|p2b: Pelipper
|-damage|p2b: Pelipper|17/100
|-unboost|p2b: Pelipper|spa|1
|move|p2b: Pelipper|Hurricane|p1b: Staraptor|[miss]
|-miss|p2b: Pelipper|p1b: Staraptor
|
|upkeep
|turn|12
|-message|spernerslemma forfeited.
|
|win|AnotherDreamer
||spernerslemma is ready for game 2.
|l|☆AnotherDreamer
|player|p1|
|inactive|AnotherDreamer has 30 seconds to confirm battle start!
|inactive|AnotherDreamer has 20 seconds to confirm battle start!
||AnotherDreamer is ready for game 2.
|uhtml|next|Next: Game 2 of 3
