|j|☆cooledoregon
|j|☆dugvgc
|html|cooledoregondugvgc    
|uhtml|bestof|Game 2 of a best-of-3
|t:|1783530579
|gametype|doubles
|player|p1|cooledoregon|169|
|player|p2|dugvgc|koga|
|gen|9
|tier|[Gen 9 Champions] VGC 2026 Reg M-B (Bo3)
|rule|Species Clause: Limit one of each Pokémon
|rule|Item Clause: Limit 1 of each item
|clearpoke
|poke|p1|Excadrill, L50, F, shiny|
|poke|p1|Tyranitar, L50, M, shiny|
|poke|p1|Sinistcha, L50|
|poke|p1|Houndstone, L50, F, shiny|
|poke|p1|Steelix, L50, M|
|poke|p1|Meganium, L50, F|
|poke|p2|Charizard, L50, M|
|poke|p2|Aerodactyl, L50, F|
|poke|p2|Sylveon, L50, F|
|poke|p2|Farigiraf, L50, F|
|poke|p2|Garchomp, L50, M|
|poke|p2|Kingambit, L50, M|
|teampreview|4
|showteam|p1|Excadrill||FocusSash|SandRush|Earthquake,IronHead,RockSlide,Protect|Adamant||F|||50|]Tyranitar||Tyranitarite|SandStream|RockSlide,KnockOff,LowKick,Protect|Adamant||M|||50|]Sinistcha||ColburBerry|Hospitality|MatchaGotcha,RagePowder,Protect,TrickRoom|Calm|||||50|]Houndstone||SitrusBerry|SandRush|LastRespects,WillOWisp,BodyPress,Protect|Adamant||F|||50|]Steelix||Steelixite|RockHead|HighHorsepower,HeavySlam,WideGuard,Protect|Brave||M|||50|]Meganium||Meganiumite|Overgrow|SolarBeam,WeatherBall,DazzlingGleam,Protect|Modest||F|||50|
|showteam|p2|Charizard||CharizarditeY|Blaze|HeatWave,WeatherBall,SolarBeam,Protect|Modest||M|||50|]Aerodactyl||Aerodactylite|Unnerve|RockSlide,DualWingbeat,IceFang,Tailwind|Jolly||F|||50|]Sylveon||FairyFeather|Pixilate|HyperVoice,HyperBeam,QuickAttack,Detect|Modest||F|||50|]Farigiraf||SitrusBerry|ArmorTail|TwinBeam,Thunderbolt,TrickRoom,Protect|Relaxed||F|||50|]Garchomp||LifeOrb|RoughSkin|Earthquake,StompingTantrum,DragonClaw,Protect|Jolly||M|||50|]Kingambit||FocusSash|Defiant|IronHead,KowtowCleave,SuckerPunch,LowKick|Adamant||M|||50|
|inactive|Battle timer is ON: inactive players will automatically lose when time's up. (requested by cooledoregon)
|inactive|cooledoregon has 60 seconds left.
|inactive|dugvgc has 60 seconds left.
|
|t:|1783530636
|teamsize|p1|4
|teamsize|p2|4
|start
|switch|p1a: Tormentilla|Tyranitar, L50, M, shiny|100/100
|switch|p1b: o7|Houndstone, L50, F, shiny|100/100
|switch|p2a: Garchomp|Garchomp, L50, M|100/100
|switch|p2b: Charizard|Charizard, L50, M|100/100
|-weather|Sandstorm|[from] ability: Sand Stream|[of] p1a: Tormentilla
|turn|1
|inactive|dugvgc has 30 seconds left.
|inactive|dugvgc has 20 seconds left.
|inactive|dugvgc has 15 seconds left.
|
|t:|1783530679
|detailschange|p2b: Charizard|Charizard-Mega-Y, L50, M
|-mega|p2b: Charizard|Charizard|Charizardite Y
|-weather|SunnyDay|[from] ability: Drought|[of] p2b: Charizard
|move|p1b: o7|Protect|p1b: o7
|-singleturn|p1b: o7|Protect
|move|p1a: Tormentilla|Protect|p1a: Tormentilla
|-singleturn|p1a: Tormentilla|Protect
|move|p2a: Garchomp|Earthquake|p1a: Tormentilla|[spread] 
|-activate|p1a: Tormentilla|move: Protect
|-activate|p1b: o7|move: Protect
|-immune|p2b: Charizard
|move|p2b: Charizard|Weather Ball|p1b: o7
|-activate|p1b: o7|move: Protect
|
|-weather|SunnyDay|[upkeep]
|upkeep
|turn|2
|inactive|cooledoregon has 30 seconds left.
|inactive|cooledoregon has 20 seconds left.
|inactive|cooledoregon has 15 seconds left.
|inactive|cooledoregon has 10 seconds left.
|
|t:|1783530727
|switch|p2b: Sylveon|Sylveon, L50, F|100/100
|detailschange|p1a: Tormentilla|Tyranitar-Mega, L50, M, shiny
|-mega|p1a: Tormentilla|Tyranitar|Tyranitarite
|-weather|Sandstorm|[from] ability: Sand Stream|[of] p1a: Tormentilla
|move|p2a: Garchomp|Protect|p2a: Garchomp
|-singleturn|p2a: Garchomp|Protect
|move|p1b: o7|Will-O-Wisp|p2a: Garchomp
|-activate|p2a: Garchomp|move: Protect
|move|p1a: Tormentilla|Low Kick|p2b: Sylveon
|-resisted|p2b: Sylveon|1
|-damage|p2b: Sylveon|91/100
|
|-weather|Sandstorm|[upkeep]
|-damage|p2b: Sylveon|84/100|[from] Sandstorm
|upkeep
|turn|3
|inactive|cooledoregon has 30 seconds left.
|inactive|dugvgc has 30 seconds left.
|inactive|cooledoregon has 20 seconds left.
|inactive|cooledoregon has 15 seconds left.
|inactive|cooledoregon has 10 seconds left.
|inactive|cooledoregon has 5 seconds left.
|
|t:|1783530779
|switch|p1a: Sinistcha|Sinistcha, L50|100/100
|move|p1b: o7|Last Respects|p2b: Sylveon
|-damage|p2b: Sylveon|60/100
|move|p2a: Garchomp|Stomping Tantrum|p1a: Sinistcha
|-resisted|p1a: Sinistcha|1
|-damage|p1a: Sinistcha|80/100
|-damage|p2a: Garchomp|90/100|[from] item: Life Orb
|move|p2b: Sylveon|Hyper Beam|p1a: Sinistcha
|-damage|p1a: Sinistcha|0 fnt
|-mustrecharge|p2b: Sylveon
|faint|p1a: Sinistcha
|
|-weather|Sandstorm|[upkeep]
|-damage|p2b: Sylveon|54/100|[from] Sandstorm
|upkeep
|
|t:|1783530795
|switch|p1a: Steelix|Steelix, L50, M|100/100
|turn|4
|inactive|dugvgc has 30 seconds left.
|
|t:|1783530830
|switch|p2a: Kingambit|Kingambit, L50, M|100/100
|move|p1b: o7|Will-O-Wisp|p2a: Kingambit
|-status|p2a: Kingambit|brn
|cant|p2b: Sylveon|recharge
|move|p1a: Steelix|Heavy Slam|p2b: Sylveon
|-supereffective|p2b: Sylveon|1
|-damage|p2b: Sylveon|0 fnt
|faint|p2b: Sylveon
|
|-weather|Sandstorm|[upkeep]
|-damage|p2a: Kingambit|93/100 brn|[from] brn
|upkeep
|inactive|dugvgc has 30 seconds left.
|inactive|dugvgc has 20 seconds left.
|inactive|dugvgc has 15 seconds left.
|
|t:|1783530872
|switch|p2b: Charizard|Charizard-Mega-Y, L50, M|100/100
|-weather|SunnyDay|[from] ability: Drought|[of] p2b: Charizard
|turn|5
|inactive|cooledoregon has 30 seconds left.
|
|t:|1783530898
|switch|p2a: Garchomp|Garchomp, L50, M|90/100
|switch|p1a: Tormentilla|Tyranitar-Mega, L50, M, shiny|100/100
|-weather|Sandstorm|[from] ability: Sand Stream|[of] p1a: Tormentilla
|move|p1b: o7|Body Press|p2a: Garchomp
|-damage|p2a: Garchomp|68/100
|-damage|p1b: o7|87/100|[from] ability: Rough Skin|[of] p2a: Garchomp
|move|p2b: Charizard|Heat Wave|p1a: Tormentilla|[spread] p1a,p1b
|-resisted|p1a: Tormentilla|1
|-damage|p1a: Tormentilla|89/100
|-damage|p1b: o7|42/100
|-enditem|p1b: o7|Sitrus Berry|[eat]
|-heal|p1b: o7|67/100|[from] item: Sitrus Berry
|
|-weather|Sandstorm|[upkeep]
|-damage|p2b: Charizard|94/100|[from] Sandstorm
|upkeep
|turn|6
|inactive|cooledoregon has 30 seconds left.
|inactive|dugvgc has 30 seconds left.
|inactive|dugvgc has 20 seconds left.
|inactive|dugvgc has 15 seconds left.
|
|t:|1783530942
|switch|p2b: Kingambit|Kingambit, L50, M|93/100 brn
|move|p1b: o7|Will-O-Wisp|p2a: Garchomp
|-status|p2a: Garchomp|brn
|move|p2a: Garchomp|Earthquake|p1a: Tormentilla|[spread] p2b,p1a,p1b
|-supereffective|p2b: Kingambit|1
|-supereffective|p1a: Tormentilla|1
|-crit|p1a: Tormentilla
|-damage|p2b: Kingambit|51/100 brn
|-damage|p1a: Tormentilla|45/100
|-damage|p1b: o7|42/100
|-damage|p2a: Garchomp|58/100 brn|[from] item: Life Orb
|move|p1a: Tormentilla|Low Kick|p2b: Kingambit
|-supereffective|p2b: Kingambit|2
|-damage|p2b: Kingambit|0 fnt
|faint|p2b: Kingambit
|
|-weather|Sandstorm|[upkeep]
|-damage|p2a: Garchomp|52/100 brn|[from] brn
|upkeep
|
|t:|1783530953
|switch|p2b: Charizard|Charizard-Mega-Y, L50, M|94/100
|-weather|SunnyDay|[from] ability: Drought|[of] p2b: Charizard
|turn|7
|
|t:|1783530960
|switch|p1a: Steelix|Steelix, L50, M|100/100
|move|p1b: o7|Protect|p1b: o7
|-singleturn|p1b: o7|Protect
|move|p2a: Garchomp|Earthquake|p1a: Steelix|[spread] p1a
|-activate|p1b: o7|move: Protect
|-immune|p2b: Charizard
|-supereffective|p1a: Steelix|1
|-damage|p1a: Steelix|74/100
|-damage|p2a: Garchomp|43/100 brn|[from] item: Life Orb
|move|p2b: Charizard|Heat Wave|p1b: o7|[spread] p1a
|-activate|p1b: o7|move: Protect
|-supereffective|p1a: Steelix|1
|-damage|p1a: Steelix|0 fnt
|faint|p1a: Steelix
|
|-weather|SunnyDay|[upkeep]
|-damage|p2a: Garchomp|37/100 brn|[from] brn
|upkeep
|
|t:|1783530974
|switch|p1a: Tormentilla|Tyranitar-Mega, L50, M, shiny|45/100
|-weather|Sandstorm|[from] ability: Sand Stream|[of] p1a: Tormentilla
|turn|8
|inactive|dugvgc has 30 seconds left.
|l|☆cooledoregon
|inactive|cooledoregon disconnected and has 300 seconds to reconnect!
|player|p1|
|inactive|dugvgc has 20 seconds left.
|inactive|dugvgc has 15 seconds left.
|j|☆cooledoregon
|inactive|cooledoregon reconnected.
|player|p1|cooledoregon|169|
|
|t:|1783531019
|move|p2a: Garchomp|Protect|p2a: Garchomp
|-singleturn|p2a: Garchomp|Protect
|move|p1b: o7|Last Respects|p2a: Garchomp
|-activate|p2a: Garchomp|move: Protect
|move|p2b: Charizard|Heat Wave|p1a: Tormentilla|[spread] p1a
|-miss|p2b: Charizard|p1b: o7
|-resisted|p1a: Tormentilla|1
|-damage|p1a: Tormentilla|36/100
|move|p1a: Tormentilla|Rock Slide|p2a: Garchomp|[spread] p2b
|-activate|p2a: Garchomp|move: Protect
|-supereffective|p2b: Charizard|2
|-damage|p2b: Charizard|0 fnt
|faint|p2b: Charizard
|
|-weather|Sandstorm|[upkeep]
|-damage|p2a: Garchomp|31/100 brn|[from] brn
|upkeep
|turn|9
|
|t:|1783531031
|move|p1b: o7|Last Respects|p2a: Garchomp
|-damage|p2a: Garchomp|0 fnt
|faint|p2a: Garchomp
|
|win|cooledoregon
||cooledoregon is ready for game 3.
||dugvgc is ready for game 3.
|uhtml|next|Next: Game 3 of 3
