|j|☆Bruthathechosen
|j|☆D10_O1
|html|BruthathechosenD10_O1    
|uhtml|bestof|Game 2 of a best-of-3
|t:|1757074425
|gametype|doubles
|player|p1|Bruthathechosen|lady-gen4|1146
|player|p2|D10_O1|101|1131
|gen|9
|tier|[Gen 9] VGC 2025 Reg H (Bo3)
|rated|
|rule|Species Clause: Limit one of each Pokémon
|rule|Item Clause: Limit 1 of each item
|clearpoke
|poke|p1|Kingambit, L50, M|
|poke|p1|Rillaboom, L50, F|
|poke|p1|Hydreigon, L50, F|
|poke|p1|Sneasler, L50, M|
|poke|p1|Electabuzz, L50, F|
|poke|p1|Volcarona, L50, F|
|poke|p2|Rillaboom, L50, M|
|poke|p2|Ninetales-Alola, L50, F|
|poke|p2|Volcarona, L50, F|
|poke|p2|Amoonguss, L50, F|
|poke|p2|Sneasler, L50, F|
|poke|p2|Baxcalibur, L50, F|
|teampreview|4
|showteam|p1|Kingambit||BlackGlasses|Defiant|SuckerPunch,KowtowCleave,SwordsDance,Protect|||M|||50|,,,,,Dark]Rillaboom||AssaultVest|GrassySurge|FakeOut,GrassyGlide,HighHorsepower,Uturn|||F|||50|,,,,,Water]Hydreigon||ChoiceSpecs|Levitate|DarkPulse,DracoMeteor,Snarl,Uturn|||F|||50|,,,,,Ghost]Sneasler||GrassySeed|Unburden|FakeOut,CloseCombat,DireClaw,Protect|||M|||50|,,,,,Stellar]Electabuzz||Eviolite|VitalSpirit|Taunt,Thunderbolt,FollowMe,Protect|||F|||50|,,,,,Dragon]Volcarona||CovertCloak|FlameBody|QuiverDance,HeatWave,TeraBlast,Protect|||F|||50|,,,,,Fairy
|showteam|p2|Rillaboom||MiracleSeed|GrassySurge|WoodHammer,GrassyGlide,FakeOut,Taunt|||M|||50|,,,,,Fire]Ninetales-Alola||NeverMeltIce|SnowWarning|Blizzard,Moonblast,AuroraVeil,Protect|||F|||50|,,,,,Fire]Volcarona||Leftovers|FlameBody|GigaDrain,FieryDance,QuiverDance,Protect|||F|||50|,,,,,Grass]Amoonguss||MentalHerb|Regenerator|Spore,RagePowder,Protect,SludgeBomb|||F|||50|,,,,,Water]Sneasler||GrassySeed|Unburden|CloseCombat,FakeOut,DireClaw,Coaching|||F|||50|,,,,,Dark]Baxcalibur||LoadedDice|ThermalExchange|ScaleShot,IcicleSpear,Protect,IceShard|||F|||50|,,,,,Poison
|j| Goodryan2630
|
|t:|1757074446
|teamsize|p1|4
|teamsize|p2|4
|start
|switch|p1a: Electabuzz|Electabuzz, L50, F|100/100
|switch|p1b: Volcarona|Volcarona, L50, F|100/100
|switch|p2a: Baxcalibur|Baxcalibur, L50, F|100/100
|switch|p2b: Sneasler|Sneasler, L50, F|100/100
|turn|1
|l| Goodryan2630
|
|t:|1757074481
|-terastallize|p1b: Volcarona|Fairy
|move|p2b: Sneasler|Fake Out|p1a: Electabuzz
|-damage|p1a: Electabuzz|84/100
|cant|p1a: Electabuzz|flinch
|move|p1b: Volcarona|Quiver Dance|p1b: Volcarona
|-boost|p1b: Volcarona|spa|1
|-boost|p1b: Volcarona|spd|1
|-boost|p1b: Volcarona|spe|1
|move|p2a: Baxcalibur|Scale Shot|p1b: Volcarona
|-immune|p1b: Volcarona
|
|upkeep
|turn|2
|
|t:|1757074503
|move|p1a: Electabuzz|Follow Me|p1a: Electabuzz
|-singleturn|p1a: Electabuzz|move: Follow Me
|move|p1b: Volcarona|Heat Wave|p2a: Baxcalibur|[spread] p2a,p2b
|-damage|p2a: Baxcalibur|52/100
|-damage|p2b: Sneasler|39/100
|-ability|p2a: Baxcalibur|Thermal Exchange|boost
|-boost|p2a: Baxcalibur|atk|1
|move|p2b: Sneasler|Dire Claw|p1a: Electabuzz
|-damage|p1a: Electabuzz|34/100
|move|p2a: Baxcalibur|Icicle Spear|p1a: Electabuzz
|-damage|p1a: Electabuzz|13/100
|-damage|p1a: Electabuzz|0 fnt
|faint|p1a: Electabuzz
|-hitcount|p1: Electabuzz|2
|
|upkeep
|
|t:|1757074514
|switch|p1a: Kingambit|Kingambit, L50, M|100/100
|turn|3
|
|t:|1757074539
|move|p2a: Baxcalibur|Protect|p2a: Baxcalibur
|-singleturn|p2a: Baxcalibur|Protect
|move|p1a: Kingambit|Protect|p1a: Kingambit
|-singleturn|p1a: Kingambit|Protect
|move|p1b: Volcarona|Tera Blast|p2a: Baxcalibur|[anim] Tera Blast Fairy
|-activate|p2a: Baxcalibur|move: Protect
|move|p2b: Sneasler|Close Combat|p1a: Kingambit
|-activate|p1a: Kingambit|move: Protect
|
|upkeep
|turn|4
|
|t:|1757074552
|switch|p2a: THE GOAT|Amoonguss, L50, F, shiny|100/100
|move|p1a: Kingambit|Sucker Punch||[still]
|-fail|p1a: Kingambit
|move|p1b: Volcarona|Heat Wave|p2a: THE GOAT|[spread] p2b
|-miss|p1b: Volcarona|p2a: THE GOAT
|-damage|p2b: Sneasler|0 fnt
|faint|p2b: Sneasler
|
|upkeep
|
|t:|1757074555
|switch|p2b: Baxcalibur|Baxcalibur, L50, F|52/100
|turn|5
|
|t:|1757074570
|-terastallize|p2a: THE GOAT|Water
|move|p2a: THE GOAT|Rage Powder|p2a: THE GOAT
|-singleturn|p2a: THE GOAT|move: Rage Powder
|move|p1a: Kingambit|Sucker Punch||[still]
|-fail|p1a: Kingambit
|move|p1b: Volcarona|Heat Wave|p2b: Baxcalibur|[spread] p2a
|-miss|p1b: Volcarona|p2b: Baxcalibur
|-resisted|p2a: THE GOAT
|-damage|p2a: THE GOAT|84/100
|move|p2b: Baxcalibur|Icicle Spear|p1b: Volcarona
|-damage|p1b: Volcarona|84/100
|-damage|p1b: Volcarona|66/100
|-damage|p1b: Volcarona|47/100
|-damage|p1b: Volcarona|28/100
|-hitcount|p1b: Volcarona|4
|
|upkeep
|turn|6
|
|t:|1757074595
|move|p2a: THE GOAT|Rage Powder|p2a: THE GOAT
|-singleturn|p2a: THE GOAT|move: Rage Powder
|move|p2b: Baxcalibur|Ice Shard|p1b: Volcarona
|-damage|p1b: Volcarona|3/100
|move|p1b: Volcarona|Tera Blast|p2a: THE GOAT|[anim] Tera Blast Fairy
|-damage|p2a: THE GOAT|45/100
|move|p1a: Kingambit|Swords Dance|p1a: Kingambit
|-boost|p1a: Kingambit|atk|2
|
|upkeep
|turn|7
|
|t:|1757074611
|move|p2b: Baxcalibur|Ice Shard|p1b: Volcarona
|-damage|p1b: Volcarona|0 fnt
|faint|p1b: Volcarona
|move|p1a: Kingambit|Kowtow Cleave|p2a: THE GOAT
|-damage|p2a: THE GOAT|0 fnt
|faint|p2a: THE GOAT
|
|upkeep
|
|t:|1757074618
|switch|p1b: Hydreigon|Hydreigon, L50, F|100/100
|switch|p2a: Ninetales|Ninetales-Alola, L50, F|100/100
|-weather|Snowscape|[from] ability: Snow Warning|[of] p2a: Ninetales
|turn|8
|
|t:|1757074646
|move|p2a: Ninetales|Moonblast|p1a: Kingambit
|-damage|p1a: Kingambit|67/100
|move|p1b: Hydreigon|Snarl|p2b: Baxcalibur|[spread] p2a,p2b
|-resisted|p2a: Ninetales
|-damage|p2a: Ninetales|84/100
|-damage|p2b: Baxcalibur|22/100
|-unboost|p2a: Ninetales|spa|1
|-unboost|p2b: Baxcalibur|spa|1
|move|p2b: Baxcalibur|Icicle Spear|p1b: Hydreigon
|-supereffective|p1b: Hydreigon
|-damage|p1b: Hydreigon|69/100
|-supereffective|p1b: Hydreigon
|-damage|p1b: Hydreigon|33/100
|-supereffective|p1b: Hydreigon
|-damage|p1b: Hydreigon|1/100
|-supereffective|p1b: Hydreigon
|-damage|p1b: Hydreigon|0 fnt
|faint|p1b: Hydreigon
|-hitcount|p1: Hydreigon|4
|move|p1a: Kingambit|Kowtow Cleave|p2a: Ninetales
|-resisted|p2a: Ninetales
|-damage|p2a: Ninetales|25/100
|
|-weather|Snowscape|[upkeep]
|upkeep
|turn|9
|
|t:|1757074670
|move|p2a: Ninetales|Moonblast|p1a: Kingambit
|-damage|p1a: Kingambit|44/100
|-unboost|p1a: Kingambit|spa|1
|-ability|p1a: Kingambit|Defiant|boost
|-boost|p1a: Kingambit|atk|2
|move|p2b: Baxcalibur|Scale Shot|p1a: Kingambit
|-resisted|p1a: Kingambit
|-damage|p1a: Kingambit|39/100
|-resisted|p1a: Kingambit
|-damage|p1a: Kingambit|34/100
|-resisted|p1a: Kingambit
|-damage|p1a: Kingambit|28/100
|-resisted|p1a: Kingambit
|-damage|p1a: Kingambit|23/100
|-hitcount|p1a: Kingambit|4
|-unboost|p2b: Baxcalibur|def|1
|-boost|p2b: Baxcalibur|spe|1
|move|p1a: Kingambit|Swords Dance|p1a: Kingambit
|-boost|p1a: Kingambit|atk|2
|
|-weather|Snowscape|[upkeep]
|upkeep
|turn|10
|
|t:|1757074689
|move|p1a: Kingambit|Sucker Punch|p2b: Baxcalibur
|-damage|p2b: Baxcalibur|0 fnt
|faint|p2b: Baxcalibur
|move|p2a: Ninetales|Moonblast|p1a: Kingambit
|-damage|p1a: Kingambit|1/100
|
|-weather|Snowscape|[upkeep]
|upkeep
|turn|11
|
|t:|1757074706
|move|p2a: Ninetales|Protect|p2a: Ninetales
|-singleturn|p2a: Ninetales|Protect
|move|p1a: Kingambit|Protect||[still]
|-fail|p1a: Kingambit
|
|-weather|Snowscape|[upkeep]
|upkeep
|turn|12
|
|t:|1757074710
|move|p1a: Kingambit|Protect|p1a: Kingambit
|-singleturn|p1a: Kingambit|Protect
|move|p2a: Ninetales|Aurora Veil|p2a: Ninetales
|-sidestart|p2: D10_O1|move: Aurora Veil
|
|-weather|none
|upkeep
|turn|13
|
|t:|1757074717
|move|p2a: Ninetales|Protect|p2a: Ninetales
|-singleturn|p2a: Ninetales|Protect
|move|p1a: Kingambit|Sucker Punch||[still]
|-fail|p1a: Kingambit
|
|upkeep
|turn|14
|
|t:|1757074726
|move|p1a: Kingambit|Protect|p1a: Kingambit
|-singleturn|p1a: Kingambit|Protect
|move|p2a: Ninetales|Moonblast|p1a: Kingambit
|-activate|p1a: Kingambit|move: Protect
|
|upkeep
|turn|15
|
|t:|1757074735
|move|p2a: Ninetales|Protect|p2a: Ninetales
|-singleturn|p2a: Ninetales|Protect
|move|p1a: Kingambit|Swords Dance|p1a: Kingambit
|-boost|p1a: Kingambit|atk|0
|
|upkeep
|turn|16
|
|t:|1757074742
|move|p2a: Ninetales|Protect|p2a: Ninetales
|-singleturn|p2a: Ninetales|Protect
|move|p1a: Kingambit|Sucker Punch||[still]
|-fail|p1a: Kingambit
|
|-sideend|p2: D10_O1|move: Aurora Veil
|upkeep
|turn|17
|
|t:|1757074751
|move|p1a: Kingambit|Sucker Punch||[still]
|-fail|p1a: Kingambit
|move|p2a: Ninetales|Aurora Veil||[still]
|-fail|p2a: Ninetales
|
|upkeep
|turn|18
|
|t:|1757074756
|move|p2a: Ninetales|Protect|p2a: Ninetales
|-singleturn|p2a: Ninetales|Protect
|move|p1a: Kingambit|Sucker Punch||[still]
|-fail|p1a: Kingambit
|
|upkeep
|turn|19
|
|t:|1757074766
|move|p2a: Ninetales|Moonblast|p1a: Kingambit
|-damage|p1a: Kingambit|0 fnt
|faint|p1a: Kingambit
|
|win|D10_O1
||Bruthathechosen is ready for game 3.
|inactive|D10_O1 has 30 seconds to confirm battle start!
||D10_O1 is ready for game 3.
|uhtml|next|Next: Game 3 of 3
