|j|☆orphan of koss
|j|☆Avocadobabyyy
|html|orphan of kossAvocadobabyyy    
|uhtml|bestof|Game 2 of a best-of-3
|t:|1757845208
|gametype|doubles
|player|p1|orphan of koss|guitarist|1218
|player|p2|Avocadobabyyy|dawn|1161
|gen|9
|tier|[Gen 9] VGC 2025 Reg H (Bo3)
|rated|
|rule|Species Clause: Limit one of each Pokémon
|rule|Item Clause: Limit 1 of each item
|clearpoke
|poke|p1|Arcanine-Hisui, L50, F|
|poke|p1|Milotic, L50, M|
|poke|p1|Rillaboom, L50, M|
|poke|p1|Porygon-Z, L50|
|poke|p1|Electabuzz, L50, F|
|poke|p1|Gholdengo, L50|
|poke|p2|Archaludon, L50, F|
|poke|p2|Kingdra, L50, F|
|poke|p2|Politoed, L50, F|
|poke|p2|Incineroar, L50, F|
|poke|p2|Gothitelle, L50, M|
|poke|p2|Amoonguss, L50, M|
|teampreview|4
|showteam|p1|Arcanine-Hisui||ChoiceBand|Intimidate|RockSlide,FlareBlitz,CloseCombat,ExtremeSpeed|||F|||50|,,,,,Normal]Milotic||FlameOrb|MarvelScale|Scald,IceBeam,Haze,Protect|||M|||50|,,,,,Dragon]Rillaboom||MiracleSeed|GrassySurge|GrassyGlide,DrumBeating,Uturn,FakeOut|||M|||50|,,,,,Grass]Porygon-Z||LifeOrb|Adaptability|TeraBlast,IceBeam,HyperBeam,Protect||||||50|,,,,,Ground]Electabuzz||Eviolite|VitalSpirit|Electroweb,FollowMe,Taunt,Protect|||F|||50|,,,,,Ghost]Gholdengo||GrassySeed|GoodasGold|MakeItRain,ShadowBall,NastyPlot,Protect||||||50|,,,,,Water
|showteam|p2|Archaludon||PowerHerb|Sturdy|Protect,ElectroShot,FlashCannon,DragonPulse|||F|||50|,,,,,Electric]Kingdra||LifeOrb|SwiftSwim|Protect,DracoMeteor,WeatherBall,MuddyWater|||F|||50|,,,,,Stellar]Politoed||Leftovers|Drizzle|Protect,WeatherBall,PerishSong,Encore|||F|||50|,,,,,Grass]Incineroar||SafetyGoggles|Intimidate|FakeOut,KnockOff,PartingShot,Protect|||F|||50|,,,,,Ghost]Gothitelle||SitrusBerry|ShadowTag|Protect,Psychic,FakeOut,TrickRoom|||M|||50|,,,,,Dark]Amoonguss||EjectButton|Regenerator|Protect,RagePowder,Spore,PollenPuff|||M|||50|,,,,,Fairy
|inactive|Battle timer is ON: inactive players will automatically lose when time's up. (requested by orphan of koss)
|inactive|orphan of koss has 60 seconds left.
|
|t:|1757845242
|teamsize|p1|4
|teamsize|p2|4
|start
|switch|p1a: Electabuzz|Electabuzz, L50, F|100/100
|switch|p1b: Porygon-Z|Porygon-Z, L50|100/100
|switch|p2a: Incineroar|Incineroar, L50, F|100/100
|switch|p2b: Archaludon|Archaludon, L50, F|100/100
|-ability|p2a: Incineroar|Intimidate|boost
|-unboost|p1a: Electabuzz|atk|1
|-unboost|p1b: Porygon-Z|atk|1
|turn|1
|
|t:|1757845266
|move|p1a: Electabuzz|Protect|p1a: Electabuzz
|-singleturn|p1a: Electabuzz|Protect
|move|p2b: Archaludon|Protect|p2b: Archaludon
|-singleturn|p2b: Archaludon|Protect
|move|p1b: Porygon-Z|Protect|p1b: Porygon-Z
|-singleturn|p1b: Porygon-Z|Protect
|move|p2a: Incineroar|Knock Off|p1a: Electabuzz
|-activate|p1a: Electabuzz|move: Protect
|
|upkeep
|turn|2
|inactive|Avocadobabyyy has 30 seconds left.
|inactive|Avocadobabyyy has 20 seconds left.
|
|t:|1757845306
|move|p1a: Electabuzz|Electroweb|p2b: Archaludon|[spread] p2b
|-miss|p1a: Electabuzz|p2a: Incineroar
|-resisted|p2b: Archaludon
|-damage|p2b: Archaludon|91/100
|-unboost|p2b: Archaludon|spe|1
|move|p1b: Porygon-Z|Ice Beam|p2b: Archaludon
|-damage|p2b: Archaludon|22/100
|-status|p2b: Archaludon|frz
|-damage|p1b: Porygon-Z|91/100|[from] item: Life Orb
|cant|p2b: Archaludon|frz
|move|p2a: Incineroar|Parting Shot|p1b: Porygon-Z
|-unboost|p1b: Porygon-Z|atk|1
|-unboost|p1b: Porygon-Z|spa|1
|
|t:|1757845329
|switch|p2a: Kingdra|Kingdra, L50, F|100/100|[from] Parting Shot
|
|upkeep
|turn|3
|
|t:|1757845345
|switch|p1b: Rillaboom|Rillaboom, L50, M|100/100
|-fieldstart|move: Grassy Terrain|[from] ability: Grassy Surge|[of] p1b: Rillaboom
|switch|p2b: Politoed|Politoed, L50, F|100/100
|-weather|RainDance|[from] ability: Drizzle|[of] p2b: Politoed
|-terastallize|p2a: Kingdra|Stellar
|move|p2a: Kingdra|Muddy Water|p1b: Rillaboom|[spread] p1a,p1b
|-resisted|p1b: Rillaboom
|-damage|p1a: Electabuzz|26/100
|-damage|p1b: Rillaboom|56/100
|-unboost|p1a: Electabuzz|accuracy|1
|-damage|p2a: Kingdra|91/100|[from] item: Life Orb
|move|p1a: Electabuzz|Electroweb|p2a: Kingdra|[spread] p2b
|-miss|p1a: Electabuzz|p2a: Kingdra
|-supereffective|p2b: Politoed
|-damage|p2b: Politoed|81/100
|-unboost|p2b: Politoed|spe|1
|
|-weather|RainDance|[upkeep]
|-heal|p2a: Kingdra|97/100|[from] Grassy Terrain
|-heal|p1a: Electabuzz|32/100|[from] Grassy Terrain
|-heal|p1b: Rillaboom|62/100|[from] Grassy Terrain
|-heal|p2b: Politoed|87/100|[from] Grassy Terrain
|-heal|p2b: Politoed|93/100|[from] item: Leftovers
|upkeep
|turn|4
|inactive|orphan of koss has 30 seconds left.
|inactive|Avocadobabyyy has 30 seconds left.
|inactive|orphan of koss has 20 seconds left.
|
|t:|1757845384
|switch|p1a: Milotic|Milotic, L50, M|100/100
|switch|p2b: Incineroar|Incineroar, L50, F|100/100
|-ability|p2b: Incineroar|Intimidate|boost
|-unboost|p1a: Milotic|atk|1
|-unboost|p1b: Rillaboom|atk|1
|move|p2a: Kingdra|Protect|p2a: Kingdra
|-singleturn|p2a: Kingdra|Protect
|move|p1b: Rillaboom|Fake Out|p2a: Kingdra
|-activate|p2a: Kingdra|move: Protect
|
|-weather|RainDance|[upkeep]
|-heal|p2a: Kingdra|100/100|[from] Grassy Terrain
|-heal|p1b: Rillaboom|68/100|[from] Grassy Terrain
|-status|p1a: Milotic|brn|[from] item: Flame Orb
|upkeep
|turn|5
|
|t:|1757845401
|switch|p1b: Electabuzz|Electabuzz, L50, F|32/100
|move|p2b: Incineroar|Fake Out|p1a: Milotic
|-damage|p1a: Milotic|93/100 brn
|move|p2a: Kingdra|Draco Meteor|p1b: Electabuzz
|-damage|p1b: Electabuzz|0 fnt
|-unboost|p2a: Kingdra|spa|2
|faint|p1b: Electabuzz
|-damage|p2a: Kingdra|91/100|[from] item: Life Orb
|cant|p1a: Milotic|flinch
|
|-weather|RainDance|[upkeep]
|-heal|p2a: Kingdra|97/100|[from] Grassy Terrain
|-heal|p1a: Milotic|99/100 brn|[from] Grassy Terrain
|-damage|p1a: Milotic|93/100 brn|[from] brn
|upkeep
|
|t:|1757845410
|switch|p1b: Rillaboom|Rillaboom, L50, M|68/100
|turn|6
|
|t:|1757845419
|switch|p2a: Archaludon|Archaludon, L50, F|22/100 frz
|move|p2b: Incineroar|Protect|p2b: Incineroar
|-singleturn|p2b: Incineroar|Protect
|move|p1b: Rillaboom|Drum Beating|p2a: Archaludon
|-resisted|p2a: Archaludon
|-damage|p2a: Archaludon|10/100 frz
|-unboost|p2a: Archaludon|spe|1
|move|p1a: Milotic|Scald|p2b: Incineroar
|-activate|p2b: Incineroar|move: Protect
|
|-weather|RainDance|[upkeep]
|-heal|p1b: Rillaboom|74/100|[from] Grassy Terrain
|-heal|p1a: Milotic|99/100 brn|[from] Grassy Terrain
|-heal|p2a: Archaludon|16/100 frz|[from] Grassy Terrain
|-damage|p1a: Milotic|93/100 brn|[from] brn
|upkeep
|turn|7
|
|t:|1757845442
|switch|p2b: Kingdra|Kingdra, L50, F, tera:Stellar|97/100
|move|p1b: Rillaboom|Drum Beating|p2a: Archaludon
|-resisted|p2a: Archaludon
|-damage|p2a: Archaludon|2/100 frz
|-unboost|p2a: Archaludon|spe|1
|move|p1a: Milotic|Scald|p2a: Archaludon
|-resisted|p2a: Archaludon
|-damage|p2a: Archaludon|0 fnt
|faint|p2a: Archaludon
|
|-weather|none
|-heal|p2b: Kingdra|100/100|[from] Grassy Terrain
|-heal|p1b: Rillaboom|80/100|[from] Grassy Terrain
|-heal|p1a: Milotic|99/100 brn|[from] Grassy Terrain
|-damage|p1a: Milotic|93/100 brn|[from] brn
|-fieldend|move: Grassy Terrain
|upkeep
|
|t:|1757845466
|switch|p2a: Incineroar|Incineroar, L50, F|100/100
|-ability|p2a: Incineroar|Intimidate|boost
|-unboost|p1a: Milotic|atk|1
|-unboost|p1b: Rillaboom|atk|1
|turn|8
|
|t:|1757845479
|move|p2b: Kingdra|Protect|p2b: Kingdra
|-singleturn|p2b: Kingdra|Protect
|move|p1a: Milotic|Protect|p1a: Milotic
|-singleturn|p1a: Milotic|Protect
|move|p1b: Rillaboom|U-turn|p2b: Kingdra
|-activate|p2b: Kingdra|move: Protect
|move|p2a: Incineroar|Parting Shot|p1a: Milotic
|-activate|p1a: Milotic|move: Protect
|
|-damage|p1a: Milotic|86/100 brn|[from] brn
|upkeep
|turn|9
|inactive|Avocadobabyyy has 30 seconds left.
|
|t:|1757845511
|move|p1b: Rillaboom|U-turn|p2b: Kingdra
|-crit|p2b: Kingdra
|-damage|p2b: Kingdra|62/100
|
|t:|1757845514
|switch|p1b: Porygon-Z|Porygon-Z, L50|91/100|[from] U-turn
|move|p2b: Kingdra|Muddy Water|p1b: Porygon-Z|[spread] p1a,p1b
|-resisted|p1a: Milotic
|-damage|p1a: Milotic|70/100 brn
|-damage|p1b: Porygon-Z|28/100
|-damage|p2b: Kingdra|52/100|[from] item: Life Orb
|move|p1a: Milotic|Ice Beam|p2b: Kingdra
|-damage|p2b: Kingdra|17/100
|move|p2a: Incineroar|Parting Shot|p1a: Milotic
|-unboost|p1a: Milotic|atk|1
|-unboost|p1a: Milotic|spa|1
|
|t:|1757845527
|switch|p2a: Politoed|Politoed, L50, F|93/100|[from] Parting Shot
|-weather|RainDance|[from] ability: Drizzle|[of] p2a: Politoed
|
|-weather|RainDance|[upkeep]
|-heal|p2a: Politoed|99/100|[from] item: Leftovers
|-damage|p1a: Milotic|64/100 brn|[from] brn
|upkeep
|turn|10
|inactive|orphan of koss has 30 seconds left.
|
|t:|1757845560
|move|p2b: Kingdra|Protect|p2b: Kingdra
|-singleturn|p2b: Kingdra|Protect
|move|p2a: Politoed|Protect|p2a: Politoed
|-singleturn|p2a: Politoed|Protect
|move|p1b: Porygon-Z|Hyper Beam|p2a: Politoed
|-activate|p2a: Politoed|move: Protect
|move|p1a: Milotic|Scald|p2b: Kingdra
|-activate|p2b: Kingdra|move: Protect
|
|-weather|RainDance|[upkeep]
|-heal|p2a: Politoed|100/100|[from] item: Leftovers
|-damage|p1a: Milotic|58/100 brn|[from] brn
|upkeep
|turn|11
|inactive|Avocadobabyyy has 30 seconds left.
|
|t:|1757845590
|move|p1b: Porygon-Z|Protect|p1b: Porygon-Z
|-singleturn|p1b: Porygon-Z|Protect
|move|p2b: Kingdra|Weather Ball|p1b: Porygon-Z
|-activate|p1b: Porygon-Z|move: Protect
|move|p1a: Milotic|Ice Beam|p2b: Kingdra
|-damage|p2b: Kingdra|0 fnt
|faint|p2b: Kingdra
|move|p2a: Politoed|Weather Ball|p1a: Milotic
|-resisted|p1a: Milotic
|-damage|p1a: Milotic|39/100 brn
|
|-weather|RainDance|[upkeep]
|-damage|p1a: Milotic|33/100 brn|[from] brn
|upkeep
|
|t:|1757845594
|switch|p2b: Incineroar|Incineroar, L50, F|100/100
|-ability|p2b: Incineroar|Intimidate|boost
|-unboost|p1a: Milotic|atk|1
|-unboost|p1b: Porygon-Z|atk|1
|turn|12
|
|t:|1757845610
|switch|p1b: Rillaboom|Rillaboom, L50, M|80/100
|-fieldstart|move: Grassy Terrain|[from] ability: Grassy Surge|[of] p1b: Rillaboom
|move|p1a: Milotic|Protect|p1a: Milotic
|-singleturn|p1a: Milotic|Protect
|move|p2b: Incineroar|Fake Out|p1b: Rillaboom
|-damage|p1b: Rillaboom|69/100
|move|p2a: Politoed|Weather Ball|p1b: Rillaboom
|-resisted|p1b: Rillaboom
|-damage|p1b: Rillaboom|43/100
|
|-weather|RainDance|[upkeep]
|-heal|p1b: Rillaboom|49/100|[from] Grassy Terrain
|-heal|p1a: Milotic|39/100 brn|[from] Grassy Terrain
|-damage|p1a: Milotic|33/100 brn|[from] brn
|upkeep
|turn|13
|inactive|Avocadobabyyy has 30 seconds left.
|inactive|Avocadobabyyy has 20 seconds left.
|inactive|Avocadobabyyy has 15 seconds left.
|
|t:|1757845652
|move|p2a: Politoed|Protect|p2a: Politoed
|-singleturn|p2a: Politoed|Protect
|move|p1b: Rillaboom|Drum Beating|p2a: Politoed
|-activate|p2a: Politoed|move: Protect
|move|p1a: Milotic|Scald|p2b: Incineroar
|-supereffective|p2b: Incineroar
|-damage|p2b: Incineroar|44/100
|move|p2b: Incineroar|Parting Shot|p1b: Rillaboom
|-unboost|p1b: Rillaboom|atk|1
|-unboost|p1b: Rillaboom|spa|1
|
|-weather|none
|-heal|p1b: Rillaboom|55/100|[from] Grassy Terrain
|-heal|p1a: Milotic|39/100 brn|[from] Grassy Terrain
|-heal|p2b: Incineroar|50/100|[from] Grassy Terrain
|-damage|p1a: Milotic|33/100 brn|[from] brn
|upkeep
|turn|14
|inactive|Avocadobabyyy has 30 seconds left.
|inactive|Avocadobabyyy has 20 seconds left.
|
|t:|1757845688
|move|p1b: Rillaboom|Drum Beating|p2a: Politoed
|-supereffective|p2a: Politoed
|-damage|p2a: Politoed|21/100
|-unboost|p2a: Politoed|spe|1
|move|p1a: Milotic|Scald|p2b: Incineroar
|-supereffective|p2b: Incineroar
|-damage|p2b: Incineroar|11/100
|move|p2a: Politoed|Weather Ball|p1a: Milotic
|-damage|p1a: Milotic|23/100 brn
|move|p2b: Incineroar|Knock Off|p1a: Milotic
|-damage|p1a: Milotic|0 fnt
|-enditem|p1a: Milotic|Flame Orb|[from] move: Knock Off|[of] p2b: Incineroar
|faint|p1a: Milotic
|
|-heal|p1b: Rillaboom|61/100|[from] Grassy Terrain
|-heal|p2a: Politoed|27/100|[from] Grassy Terrain
|-heal|p2a: Politoed|33/100|[from] item: Leftovers
|-heal|p2b: Incineroar|17/100|[from] Grassy Terrain
|upkeep
|
|t:|1757845700
|switch|p1a: Porygon-Z|Porygon-Z, L50|28/100
|turn|15
|
|t:|1757845712
|-terastallize|p1a: Porygon-Z|Ground
|move|p1b: Rillaboom|Drum Beating|p2a: Politoed
|-supereffective|p2a: Politoed
|-damage|p2a: Politoed|0 fnt
|faint|p2a: Politoed
|move|p1a: Porygon-Z|Tera Blast|p2b: Incineroar|[anim] Tera Blast Ground
|-supereffective|p2b: Incineroar
|-damage|p2b: Incineroar|0 fnt
|faint|p2b: Incineroar
|-damage|p1a: Porygon-Z|18/100|[from] item: Life Orb
|
|win|orphan of koss
||orphan of koss is ready for game 3.
||Avocadobabyyy is ready for game 3.
|uhtml|next|Next: Game 3 of 3
