|j|☆koronops5
|j|☆AxTheb
|html|koronops5AxTheb    
|uhtml|bestof|Game 2 of a best-of-3
|t:|1756584398
|gametype|doubles
|player|p1|koronops5|102|1087
|player|p2|AxTheb|266|1045
|gen|9
|tier|[Gen 9] VGC 2025 Reg H (Bo3)
|rated|
|rule|Species Clause: Limit one of each Pokémon
|rule|Item Clause: Limit 1 of each item
|clearpoke
|poke|p1|Charizard, L50, M|
|poke|p1|Torkoal, L50, F|
|poke|p1|Porygon2, L50|
|poke|p1|Incineroar, L50, F|
|poke|p1|Jumpluff, L50, F|
|poke|p1|Ursaluna, L50, M|
|poke|p2|Amoonguss, L50, F|
|poke|p2|Dragonite, L50, M|
|poke|p2|Excadrill, L50, F|
|poke|p2|Gholdengo, L50|
|poke|p2|Gyarados, L50, M|
|poke|p2|Tyranitar, L50, M|
|teampreview|4
|showteam|p1|Charizard||ChoiceSpecs|SolarPower|HeatWave,DragonPulse,WeatherBall,AirSlash|||M|||50|,,,,,Ghost]Torkoal||EjectPack|Drought|Eruption,Overheat,HelpingHand,Protect|||F|||50|,,,,,Fire]Porygon2||Eviolite|Download|TeraBlast,IceBeam,Recover,TrickRoom||||||50|,,,,,Fighting]Incineroar||SitrusBerry|Intimidate|FlareBlitz,KnockOff,FakeOut,PartingShot|||F|||50|,,,,,Ghost]Jumpluff||CovertCloak|Chlorophyll|SleepPowder,SunnyDay,RagePowder,Tailwind|||F|||50|,,,,,Water]Ursaluna||FlameOrb|Guts|HeadlongRush,Facade,Earthquake,Protect|||M|||50|,,,,,Ghost
|showteam|p2|Amoonguss||SitrusBerry|Regenerator|SludgeBomb,Spore,RagePowder,Protect|||F|||50|,,,,,Water]Dragonite||LoadedDice|InnerFocus|ScaleShot,LowKick,Tailwind,Haze|||M|||50|,,,,,Fairy]Excadrill||FocusSash|SandRush|IronHead,BodySlam,Earthquake,Protect|||F|||50|,,,,,Ghost]Gholdengo||LifeOrb|GoodasGold|MakeItRain,LowKick,NastyPlot,Protect||||||50|,,,,,Dragon]Gyarados||SafetyGoggles|Intimidate|Waterfall,ThunderWave,Taunt,Protect|||M|||50|,,,,,Steel]Tyranitar||AssaultVest|SandStream|RockSlide,KnockOff,LowKick,TeraBlast|||M|||50|,,,,,Flying
|inactive|Battle timer is ON: inactive players will automatically lose when time's up. (requested by AxTheb)
|inactive|koronops5 has 60 seconds left.
|inactive|AxTheb has 60 seconds left.
|
|t:|1756584442
|teamsize|p1|4
|teamsize|p2|4
|start
|switch|p1a: Jumpluff|Jumpluff, L50, F|100/100
|switch|p1b: Torkoal|Torkoal, L50, F|100/100
|switch|p2a: Tyranitar|Tyranitar, L50, M|100/100
|switch|p2b: Excadrill|Excadrill, L50, F|100/100
|-weather|Sandstorm|[from] ability: Sand Stream|[of] p2a: Tyranitar
|-weather|SunnyDay|[from] ability: Drought|[of] p1b: Torkoal
|turn|1
|inactive|koronops5 has 30 seconds left.
|inactive|AxTheb has 30 seconds left.
|inactive|AxTheb has 20 seconds left.
|
|t:|1756584479
|move|p1a: Jumpluff|Sleep Powder|p2a: Tyranitar|[miss]
|-miss|p1a: Jumpluff|p2a: Tyranitar
|move|p2b: Excadrill|Iron Head|p1a: Jumpluff
|-damage|p1a: Jumpluff|47/100
|move|p2a: Tyranitar|Knock Off|p1b: Torkoal
|-damage|p1b: Torkoal|58/100
|-enditem|p1b: Torkoal|Eject Pack|[from] move: Knock Off|[of] p2a: Tyranitar
|move|p1b: Torkoal|Overheat|p2b: Excadrill
|-supereffective|p2b: Excadrill
|-enditem|p2b: Excadrill|Focus Sash
|-damage|p2b: Excadrill|1/100
|-unboost|p1b: Torkoal|spa|2
|
|-weather|SunnyDay|[upkeep]
|upkeep
|turn|2
|
|t:|1756584504
|switch|p2b: Amoonguss|Amoonguss, L50, F|100/100
|switch|p1b: Ursaluna|Ursaluna, L50, M|100/100
|move|p1a: Jumpluff|Tailwind|p1a: Jumpluff
|-sidestart|p1: koronops5|move: Tailwind
|move|p2a: Tyranitar|Knock Off|p1a: Jumpluff
|-crit|p1a: Jumpluff
|-damage|p1a: Jumpluff|0 fnt
|-enditem|p1a: Jumpluff|Covert Cloak|[from] move: Knock Off|[of] p2a: Tyranitar
|faint|p1a: Jumpluff
|
|-weather|SunnyDay|[upkeep]
|-status|p1b: Ursaluna|brn|[from] item: Flame Orb
|upkeep
|
|t:|1756584514
|switch|p1a: Charizard|Charizard, L50, M|100/100
|turn|3
|
|t:|1756584538
|-terastallize|p2b: Amoonguss|Water
|move|p1a: Charizard|Heat Wave|p2a: Tyranitar|[spread] p2a,p2b
|-resisted|p2a: Tyranitar
|-resisted|p2b: Amoonguss
|-damage|p2a: Tyranitar|69/100
|-damage|p2b: Amoonguss|54/100
|move|p1b: Ursaluna|Facade|p2a: Tyranitar
|-resisted|p2a: Tyranitar
|-damage|p2a: Tyranitar|16/100
|move|p2a: Tyranitar|Rock Slide|p1b: Ursaluna|[spread] p1a,p1b
|-supereffective|p1a: Charizard
|-resisted|p1b: Ursaluna
|-damage|p1a: Charizard|0 fnt
|-damage|p1b: Ursaluna|87/100 brn
|faint|p1a: Charizard
|move|p2b: Amoonguss|Spore||[still]
|-fail|p2b: Amoonguss
|
|-weather|SunnyDay|[upkeep]
|-damage|p1b: Ursaluna|81/100 brn|[from] brn
|upkeep
|
|t:|1756584552
|switch|p1a: Torkoal|Torkoal, L50, F|58/100
|turn|4
|inactive|AxTheb has 30 seconds left.
|
|t:|1756584580
|switch|p2a: Gholdengo|Gholdengo, L50|100/100
|move|p1a: Torkoal|Protect|p1a: Torkoal
|-singleturn|p1a: Torkoal|Protect
|move|p2b: Amoonguss|Protect|p2b: Amoonguss
|-singleturn|p2b: Amoonguss|Protect
|move|p1b: Ursaluna|Earthquake|p2b: Amoonguss|[spread] p2a
|-activate|p1a: Torkoal|move: Protect
|-activate|p2b: Amoonguss|move: Protect
|-supereffective|p2a: Gholdengo
|-damage|p2a: Gholdengo|0 fnt
|faint|p2a: Gholdengo
|
|-weather|SunnyDay|[upkeep]
|-damage|p1b: Ursaluna|75/100 brn|[from] brn
|upkeep
|
|t:|1756584594
|switch|p2a: Tyranitar|Tyranitar, L50, M|16/100
|-weather|Sandstorm|[from] ability: Sand Stream|[of] p2a: Tyranitar
|turn|5
|inactive|koronops5 has 30 seconds left.
|inactive|AxTheb has 30 seconds left.
|
|t:|1756584624
|move|p1a: Torkoal|Helping Hand|p1b: Ursaluna
|-singleturn|p1b: Ursaluna|Helping Hand|[of] p1a: Torkoal
|move|p2b: Amoonguss|Rage Powder|p2b: Amoonguss
|-singleturn|p2b: Amoonguss|move: Rage Powder
|move|p1b: Ursaluna|Earthquake|p2b: Amoonguss|[spread] p1a,p2a,p2b
|-supereffective|p1a: Torkoal
|-supereffective|p2a: Tyranitar
|-damage|p1a: Torkoal|0 fnt
|-damage|p2a: Tyranitar|0 fnt
|-damage|p2b: Amoonguss|0 fnt
|faint|p1a: Torkoal
|faint|p2a: Tyranitar
|faint|p2b: Amoonguss
|
|-weather|Sandstorm|[upkeep]
|-damage|p1b: Ursaluna|70/100 brn|[from] brn
|-sideend|p1: koronops5|move: Tailwind
|upkeep
|
|t:|1756584637
|switch|p2a: Excadrill|Excadrill, L50, F|1/100
|turn|6
|
|t:|1756584651
|move|p2a: Excadrill|Earthquake|p1b: Ursaluna
|-damage|p1b: Ursaluna|25/100 brn
|move|p1b: Ursaluna|Earthquake|p2a: Excadrill
|-supereffective|p2a: Excadrill
|-damage|p2a: Excadrill|0 fnt
|faint|p2a: Excadrill
|
|win|koronops5
||koronops5 is ready for game 3.
|inactive|AxTheb has 30 seconds to confirm battle start!
||AxTheb is ready for game 3.
|uhtml|next|Next: Game 3 of 3
|l|☆AxTheb
|player|p2|
|l|☆koronops5
|player|p1|
|j|☆koronops5
|player|p1|koronops5|102|
