|j|☆HunterOnShowdown
|j|☆Nacos
|html|HunterOnShowdownNacos    
|uhtml|bestof|Game 2 of a best-of-3
|t:|1755455958
|gametype|doubles
|player|p1|HunterOnShowdown|hilbert-masters2|1217
|player|p2|Nacos|102|1310
|gen|9
|tier|[Gen 9] VGC 2025 Reg H (Bo3)
|rated|
|rule|Species Clause: Limit one of each Pokémon
|rule|Item Clause: Limit 1 of each item
|clearpoke
|poke|p1|Volcarona, L50, F|
|poke|p1|Sneasler, L50, M|
|poke|p1|Dragonite, L50, F|
|poke|p1|Rillaboom, L50, F|
|poke|p1|Gholdengo, L50|
|poke|p1|Clefable, L50, M|
|poke|p2|Pelipper, L50, M|
|poke|p2|Archaludon, L50, M|
|poke|p2|Basculegion, L50, M|
|poke|p2|Sneasler, L50, M|
|poke|p2|Incineroar, L50, F|
|poke|p2|Indeedee, L50, M|
|teampreview|4
|showteam|p1|Volcarona||Leftovers|FlameBody|FieryDance,QuiverDance,TeraBlast,Protect|||F|||50|,,,,,Dragon]Sneasler||FocusSash|Unburden|Coaching,CloseCombat,DireClaw,FakeOut|||M|||50|,,,,,Ghost]Dragonite||ChoiceBand|InnerFocus|Outrage,LowKick,AerialAce,ExtremeSpeed|||F|||50|,,,,,Normal]Rillaboom||AssaultVest|GrassySurge|KnockOff,GrassyGlide,WoodHammer,FakeOut|||F|||50|,,,,,Fire]Gholdengo||MetalCoat|GoodasGold|ShadowBall,MakeItRain,NastyPlot,Protect||||||50|,,,,,Steel]Clefable||SafetyGoggles|Unaware|LifeDew,Moonblast,FollowMe,Protect|||M|||50|,,,,,Water
|showteam|p2|Pelipper||CovertCloak|Drizzle|Tailwind,Protect,WeatherBall,Hurricane|||M|||50|,,,,,Steel]Archaludon||AssaultVest|Stamina|ElectroShot,DracoMeteor,FlashCannon,BodyPress|||M|||50|,,,,,Grass]Basculegion||ChoiceBand|SwiftSwim|WaveCrash,LastRespects,FlipTurn,AquaJet|||M|||50|,,,,,Water]Sneasler||PsychicSeed|Unburden|DireClaw,CloseCombat,ThroatChop,Protect|||M|||50|,,,,,Dark]Incineroar||SafetyGoggles|Intimidate|FakeOut,KnockOff,Taunt,PartingShot|||F|||50|,,,,,Water]Indeedee||FocusSash|PsychicSurge|ExpandingForce,TrickRoom,Imprison,Protect|||M|||50|,,,,,Fairy
|inactive|Battle timer is ON: inactive players will automatically lose when time's up. (requested by HunterOnShowdown)
|
|t:|1755455986
|teamsize|p1|4
|teamsize|p2|4
|start
|switch|p1a: Volcarona|Volcarona, L50, F|100/100
|switch|p1b: Rillaboom|Rillaboom, L50, F|100/100
|switch|p2a: Pelipper|Pelipper, L50, M|100/100
|switch|p2b: Archaludon|Archaludon, L50, M|100/100
|-fieldstart|move: Grassy Terrain|[from] ability: Grassy Surge|[of] p1b: Rillaboom
|-weather|RainDance|[from] ability: Drizzle|[of] p2a: Pelipper
|turn|1
|inactive|HunterOnShowdown has 30 seconds left.
|inactive|HunterOnShowdown has 20 seconds left.
|
|t:|1755456024
|move|p1b: Rillaboom|Fake Out|p2a: Pelipper
|-damage|p2a: Pelipper|85/100
|move|p1a: Volcarona|Quiver Dance|p1a: Volcarona
|-boost|p1a: Volcarona|spa|1
|-boost|p1a: Volcarona|spd|1
|-boost|p1a: Volcarona|spe|1
|move|p2a: Pelipper|Weather Ball|p1a: Volcarona
|-supereffective|p1a: Volcarona
|-damage|p1a: Volcarona|15/100
|move|p2b: Archaludon|Electro Shot||[still]
|-prepare|p2b: Archaludon|Electro Shot
|-boost|p2b: Archaludon|spa|1
|-anim|p2b: Archaludon|Electro Shot|p1a: Volcarona
|-damage|p1a: Volcarona|0 fnt
|faint|p1a: Volcarona
|
|-weather|RainDance|[upkeep]
|upkeep
|
|t:|1755456034
|switch|p1a: Sneasler|Sneasler, L50, M|100/100
|turn|2
|inactive|Nacos has 30 seconds left.
|
|t:|1755456065
|-terastallize|p2b: Archaludon|Grass
|move|p1a: Sneasler|Close Combat|p2b: Archaludon
|-damage|p2b: Archaludon|49/100
|-unboost|p1a: Sneasler|def|1
|-unboost|p1a: Sneasler|spd|1
|-ability|p2b: Archaludon|Stamina|boost
|-boost|p2b: Archaludon|def|1
|move|p1b: Rillaboom|Wood Hammer|p2a: Pelipper
|-damage|p2a: Pelipper|0 fnt
|faint|p2a: Pelipper
|-damage|p1b: Rillaboom|79/100|[from] Recoil
|move|p2b: Archaludon|Electro Shot||[still]
|-prepare|p2b: Archaludon|Electro Shot
|-boost|p2b: Archaludon|spa|1
|-anim|p2b: Archaludon|Electro Shot|p1a: Sneasler
|-enditem|p1a: Sneasler|Focus Sash
|-damage|p1a: Sneasler|1/100
|
|-weather|RainDance|[upkeep]
|-heal|p1a: Sneasler|7/100|[from] Grassy Terrain
|-heal|p1b: Rillaboom|85/100|[from] Grassy Terrain
|-heal|p2b: Archaludon|55/100|[from] Grassy Terrain
|upkeep
|
|t:|1755456080
|switch|p2a: Indeedee|Indeedee, L50, M|100/100
|-fieldstart|move: Psychic Terrain|[from] ability: Psychic Surge|[of] p2a: Indeedee
|turn|3
|
|t:|1755456106
|switch|p1b: Dragonite|Dragonite, L50, F|100/100
|move|p1a: Sneasler|Dire Claw|p2b: Archaludon
|-supereffective|p2b: Archaludon
|-damage|p2b: Archaludon|11/100
|-ability|p2b: Archaludon|Stamina|boost
|-boost|p2b: Archaludon|def|1
|move|p2a: Indeedee|Expanding Force|p1b: Dragonite|[spread] p1a,p1b
|-supereffective|p1a: Sneasler
|-damage|p1a: Sneasler|0 fnt
|-damage|p1b: Dragonite|52/100
|faint|p1a: Sneasler
|move|p2b: Archaludon|Electro Shot||[still]
|-prepare|p2b: Archaludon|Electro Shot
|-boost|p2b: Archaludon|spa|1
|-anim|p2b: Archaludon|Electro Shot|p1b: Dragonite
|-damage|p1b: Dragonite|0 fnt
|faint|p1b: Dragonite
|
|-weather|RainDance|[upkeep]
|upkeep
|
|t:|1755456127
|switch|p1a: Rillaboom|Rillaboom, L50, F|85/100
|-fieldstart|move: Grassy Terrain|[from] ability: Grassy Surge|[of] p1a: Rillaboom
|turn|4
|
|t:|1755456132
|switch|p2a: Sneasler|Sneasler, L50, M|100/100
|move|p1a: Rillaboom|Knock Off|p2b: Archaludon
|-damage|p2b: Archaludon|0 fnt
|-enditem|p2b: Archaludon|Assault Vest|[from] move: Knock Off|[of] p1a: Rillaboom
|faint|p2b: Archaludon
|
|-weather|RainDance|[upkeep]
|-heal|p1a: Rillaboom|91/100|[from] Grassy Terrain
|upkeep
|
|t:|1755456149
|switch|p2b: Indeedee|Indeedee, L50, M|100/100
|-fieldstart|move: Psychic Terrain|[from] ability: Psychic Surge|[of] p2b: Indeedee
|-enditem|p2a: Sneasler|Psychic Seed
|-boost|p2a: Sneasler|spd|1|[from] item: Psychic Seed
|turn|5
|-message|HunterOnShowdown forfeited.
|
|win|Nacos
|raw|HunterOnShowdown's rating: 1217 → 1199(-18 for losing)
|raw|Nacos's rating: 1310 → 1325(+15 for winning)
|l|☆HunterOnShowdown
|player|p1|
|raw|The server is restarting soon.Please finish your battles quickly. No new battles can be started until the server resets in a few minutes.
