|j|☆Masehood
|j|☆freyartchan
|html|Masehoodfreyartchan    
|uhtml|bestof|Game 3 of a best-of-3
|t:|1757931034
|gametype|doubles
|player|p1|Masehood|linebacker|1246
|player|p2|freyartchan|kieran-champion|1096
|gen|9
|tier|[Gen 9] VGC 2025 Reg H (Bo3)
|rated|
|rule|Species Clause: Limit one of each Pokémon
|rule|Item Clause: Limit 1 of each item
|clearpoke
|poke|p1|Archaludon, L50, F|
|poke|p1|Pelipper, L50, M|
|poke|p1|Sinistcha-Masterpiece, L50|
|poke|p1|Dragonite, L50, M|
|poke|p1|Ursaluna, L50, M|
|poke|p1|Gholdengo, L50|
|poke|p2|Annihilape, L50, M|
|poke|p2|Maushold-Four, L50|
|poke|p2|Klefki, L50, F|
|poke|p2|Ninetales-Alola, L50, F|
|poke|p2|Sinistcha, L50|
|poke|p2|Ursaluna-Bloodmoon, L50, M|
|teampreview|4
|showteam|p1|Archaludon||AssaultVest|Stamina|ElectroShot,FlashCannon,BodyPress,Snarl|||F|||50|,,,,,Fighting]Pelipper||FocusSash|Drizzle|Hurricane,WideGuard,WeatherBall,Protect|||M|||50|,,,,,Ghost]Sinistcha-Masterpiece||SitrusBerry|Hospitality|RagePowder,MatchaGotcha,TrickRoom,LifeDew||||||50|,,,,,Dark]Dragonite||LoadedDice|Multiscale|ScaleShot,Tailwind,Haze,Protect|||M|||50|,,,,,Fairy]Ursaluna||FlameOrb|Guts|HeadlongRush,Facade,Earthquake,Protect|||M|||50|,,,,,Ghost]Gholdengo||ChoiceScarf|GoodasGold|MakeItRain,ShadowBall,TeraBlast,Trick||||||50|,,,,,Water
|showteam|p2|Annihilape||Leftovers|Defiant|RageFist,DrainPunch,BulkUp,Protect|||M|||50|,,,,,Fire]Maushold-Four||SafetyGoggles|FriendGuard|FollowMe,BeatUp,Taunt,Protect||||||50|,,,,,Ghost]Klefki||LightClay|Prankster|DazzlingGleam,Reflect,LightScreen,MistyTerrain|||F|||50|,,,,,Ghost]Ninetales-Alola||FocusSash|SnowWarning|Blizzard,FreezeDry,Encore,Protect|||F|||50|,,,,,Ghost]Sinistcha||SitrusBerry|Hospitality|MatchaGotcha,LifeDew,RagePowder,TrickRoom||||||50|,,,,,Dark]Ursaluna-Bloodmoon||AssaultVest|MindsEye|BloodMoon,EarthPower,HyperVoice,VacuumWave|||M|||50|,,,,,Water
|inactive|Battle timer is ON: inactive players will automatically lose when time's up. (requested by Masehood)
|inactive|Masehood has 60 seconds left.
|inactive|freyartchan has 60 seconds left.
|inactive|Masehood has 30 seconds left.
|inactive|freyartchan has 30 seconds left.
|inactive|Masehood has 20 seconds left.
|inactive|Masehood has 15 seconds left.
|inactive|Masehood has 10 seconds left.
|
|t:|1757931118
|teamsize|p1|4
|teamsize|p2|4
|start
|switch|p1a: Sinistcha|Sinistcha-Masterpiece, L50|100/100
|switch|p1b: Gholdengo|Gholdengo, L50|100/100
|switch|p2a: Klefki|Klefki, L50, F|100/100
|switch|p2b: Ursaluna|Ursaluna-Bloodmoon, L50, M|100/100
|turn|1
|inactive|freyartchan has 30 seconds left.
|inactive|freyartchan has 20 seconds left.
|inactive|freyartchan has 15 seconds left.
|inactive|freyartchan has 10 seconds left.
|inactive|freyartchan has 5 seconds left.
|
|t:|1757931169
|move|p2a: Klefki|Light Screen|p2a: Klefki
|-sidestart|p2: freyartchan|move: Light Screen
|move|p1b: Gholdengo|Trick|p2b: Ursaluna
|-activate|p1b: Gholdengo|move: Trick|[of] p2b: Ursaluna
|-item|p2b: Ursaluna|Choice Scarf|[from] move: Trick
|-item|p1b: Gholdengo|Assault Vest|[from] move: Trick
|move|p2b: Ursaluna|Hyper Voice|p1b: Gholdengo|[spread] p1a,p1b
|-resisted|p1b: Gholdengo
|-damage|p1a: Sinistcha|66/100
|-damage|p1b: Gholdengo|86/100
|move|p1a: Sinistcha|Trick Room|p1a: Sinistcha
|-fieldstart|move: Trick Room|[of] p1a: Sinistcha
|
|upkeep
|turn|2
|inactive|Masehood has 30 seconds left.
|inactive|freyartchan has 30 seconds left.
|inactive|freyartchan has 20 seconds left.
|inactive|freyartchan has 15 seconds left.
|inactive|freyartchan has 10 seconds left.
|inactive|freyartchan has 5 seconds left.
|
|t:|1757931222
|switch|p1a: Pelipper|Pelipper, L50, M|100/100
|-weather|RainDance|[from] ability: Drizzle|[of] p1a: Pelipper
|-terastallize|p1b: Gholdengo|Water
|move|p2a: Klefki|Dazzling Gleam|p1a: Pelipper|[spread] p1a,p1b
|-crit|p1b: Gholdengo
|-damage|p1a: Pelipper|67/100
|-damage|p1b: Gholdengo|64/100
|move|p2b: Ursaluna|Hyper Voice|p1b: Gholdengo|[spread] p1a,p1b
|-damage|p1a: Pelipper|0 fnt
|-damage|p1b: Gholdengo|34/100
|faint|p1a: Pelipper
|move|p1b: Gholdengo|Tera Blast|p2b: Ursaluna|[anim] Tera Blast Water
|-supereffective|p2b: Ursaluna
|-damage|p2b: Ursaluna|0 fnt
|faint|p2b: Ursaluna
|
|-weather|RainDance|[upkeep]
|upkeep
|
|t:|1757931244
|switch|p2b: Annihilape|Annihilape, L50, M|100/100
|switch|p1a: Sinistcha|Sinistcha-Masterpiece, L50|66/100
|-heal|p1b: Gholdengo|59/100|[from] ability: Hospitality|[of] p1a: Sinistcha
|turn|3
|inactive|freyartchan has 30 seconds left.
|
|t:|1757931278
|move|p1a: Sinistcha|Rage Powder|p1a: Sinistcha
|-singleturn|p1a: Sinistcha|move: Rage Powder
|move|p2a: Klefki|Dazzling Gleam|p1a: Sinistcha|[spread] p1a,p1b
|-damage|p1a: Sinistcha|51/100
|-damage|p1b: Gholdengo|45/100
|move|p1b: Gholdengo|Shadow Ball|p2b: Annihilape
|-supereffective|p2b: Annihilape
|-damage|p2b: Annihilape|43/100
|move|p2b: Annihilape|Bulk Up|p2b: Annihilape
|-boost|p2b: Annihilape|atk|1
|-boost|p2b: Annihilape|def|1
|
|-weather|RainDance|[upkeep]
|-heal|p2b: Annihilape|49/100|[from] item: Leftovers
|upkeep
|turn|4
|inactive|Masehood has 30 seconds left.
|
|t:|1757931311
|switch|p2a: Maushold|Maushold-Four, L50|100/100
|move|p2b: Annihilape|Protect|p2b: Annihilape
|-singleturn|p2b: Annihilape|Protect
|move|p1a: Sinistcha|Matcha Gotcha|p2a: Maushold|[spread] p2a
|-activate|p2b: Annihilape|move: Protect
|-damage|p2a: Maushold|79/100
|-heal|p1a: Sinistcha|62/100|[from] drain|[of] p2a: Maushold
|move|p1b: Gholdengo|Shadow Ball|p2b: Annihilape
|-activate|p2b: Annihilape|move: Protect
|
|-weather|RainDance|[upkeep]
|-heal|p2b: Annihilape|55/100|[from] item: Leftovers
|upkeep
|turn|5
|inactive|freyartchan has 30 seconds left.
|inactive|freyartchan has 20 seconds left.
|inactive|freyartchan has 15 seconds left.
|inactive|freyartchan has 10 seconds left.
|inactive|freyartchan has 5 seconds left.
|
|t:|1757931362
|move|p2a: Maushold|Follow Me|p2a: Maushold
|-singleturn|p2a: Maushold|move: Follow Me
|move|p1a: Sinistcha|Matcha Gotcha|p2b: Annihilape|[spread] p2a,p2b
|-damage|p2a: Maushold|57/100
|-heal|p1a: Sinistcha|73/100|[from] drain|[of] p2a: Maushold
|-damage|p2b: Annihilape|44/100
|-heal|p1a: Sinistcha|80/100|[from] drain|[of] p2b: Annihilape
|move|p1b: Gholdengo|Make It Rain|p2a: Maushold|[spread] p2a,p2b
|-damage|p2a: Maushold|13/100
|-damage|p2b: Annihilape|18/100
|-unboost|p1b: Gholdengo|spa|1
|move|p2b: Annihilape|Rage Fist|p1b: Gholdengo
|-crit|p1b: Gholdengo
|-damage|p1b: Gholdengo|0 fnt
|faint|p1b: Gholdengo
|
|-weather|RainDance|[upkeep]
|-heal|p2b: Annihilape|24/100|[from] item: Leftovers
|-fieldend|move: Trick Room
|upkeep
|
|t:|1757931375
|switch|p1b: Ursaluna|Ursaluna, L50, M|100/100
|turn|6
|inactive|freyartchan has 30 seconds left.
|inactive|freyartchan has 20 seconds left.
|inactive|freyartchan has 15 seconds left.
|inactive|freyartchan has 10 seconds left.
|inactive|freyartchan has 5 seconds left.
|
|t:|1757931426
|move|p2a: Maushold|Follow Me|p2a: Maushold
|-singleturn|p2a: Maushold|move: Follow Me
|move|p1a: Sinistcha|Rage Powder|p1a: Sinistcha
|-singleturn|p1a: Sinistcha|move: Rage Powder
|move|p2b: Annihilape|Rage Fist|p1a: Sinistcha
|-supereffective|p1a: Sinistcha
|-damage|p1a: Sinistcha|0 fnt
|faint|p1a: Sinistcha
|move|p1b: Ursaluna|Earthquake|p2b: Annihilape|[spread] p2a,p2b
|-damage|p2a: Maushold|0 fnt
|-damage|p2b: Annihilape|2/100
|faint|p2a: Maushold
|
|-weather|none
|-heal|p2b: Annihilape|9/100|[from] item: Leftovers
|-status|p1b: Ursaluna|brn|[from] item: Flame Orb
|upkeep
|
|t:|1757931440
|switch|p2a: Klefki|Klefki, L50, F|100/100
|turn|7
|
|t:|1757931452
|move|p2a: Klefki|Reflect|p2a: Klefki
|-sidestart|p2: freyartchan|Reflect
|move|p2b: Annihilape|Drain Punch|p1b: Ursaluna
|-supereffective|p1b: Ursaluna
|-damage|p1b: Ursaluna|32/100 brn
|-heal|p2b: Annihilape|45/100|[from] drain|[of] p1b: Ursaluna
|move|p1b: Ursaluna|Earthquake|p2a: Klefki|[spread] p2a,p2b
|-supereffective|p2a: Klefki
|-damage|p2a: Klefki|0 fnt
|-damage|p2b: Annihilape|14/100
|faint|p2a: Klefki
|
|-heal|p2b: Annihilape|21/100|[from] item: Leftovers
|-damage|p1b: Ursaluna|27/100 brn|[from] brn
|upkeep
|turn|8
|
|t:|1757931469
|move|p2b: Annihilape|Drain Punch|p1b: Ursaluna
|-supereffective|p1b: Ursaluna
|-damage|p1b: Ursaluna|0 fnt
|-heal|p2b: Annihilape|34/100|[from] drain|[of] p1b: Ursaluna
|faint|p1b: Ursaluna
|
|win|freyartchan
|raw|Masehood's rating: 1246 → 1211(-35 for losing)
|raw|freyartchan's rating: 1096 → 1132(+36 for winning)
|l|☆Masehood
|player|p1|
