|j|☆airfanzs
|j|☆Jakobtc
|html|airfanzsJakobtc    
|uhtml|bestof|Game 2 of a best-of-3
|t:|1785038027
|gametype|doubles
|player|p1|airfanzs|backpacker|1098
|player|p2|Jakobtc|riley|1176
|gen|9
|tier|[Gen 9 Champions] VGC 2026 Reg M-B (Bo3)
|rated|
|rule|Species Clause: Limit one of each Pokémon
|rule|Item Clause: Limit 1 of each item
|clearpoke
|poke|p1|Metagross, L50|
|poke|p1|Whimsicott, L50, M|
|poke|p1|Incineroar, L50, M|
|poke|p1|Pelipper, L50, F|
|poke|p1|Hydreigon, L50, M|
|poke|p1|Sneasler, L50, F|
|poke|p2|Garchomp, L50, F|
|poke|p2|Ninetales-Alola, L50, F|
|poke|p2|Gholdengo, L50|
|poke|p2|Aerodactyl, L50, F|
|poke|p2|Sneasler, L50, M|
|poke|p2|Rotom-Wash, L50|
|teampreview|4
|showteam|p1|Metagross||Metagrossite|ClearBody|SteelRoller,PsychicFangs,StompingTantrum,Protect|Adamant|||||50|]Whimsicott||MentalHerb|Prankster|MistyTerrain,EnergyBall,Tailwind,LightScreen|Modest||M|||50|]Incineroar||ChopleBerry|Intimidate|FakeOut,DarkestLariat,FlareBlitz,Protect|Adamant||M|||50|]Pelipper||LifeOrb|Drizzle|MuddyWater,Hurricane,WideGuard,Roost|Serious||F|||50|]Hydreigon||ChoiceScarf|Levitate|Uturn,DarkPulse,DracoMeteor,EarthPower|Modest||M|||50|]Sneasler||WhiteHerb|Unburden|CloseCombat,RockSlide,DireClaw,FakeOut|Adamant||F|||50|
|showteam|p2|Garchomp||LifeOrb|SandVeil|DragonClaw,Earthquake,RockTomb,Protect|Jolly||F|||50|]Ninetales-Alola||LightClay|SnowWarning|Blizzard,IcyWind,AuroraVeil,Encore|Timid||F|||50|]Gholdengo||Leftovers|GoodasGold|MakeItRain,ShadowBall,NastyPlot,Protect|Timid|||||50|]Aerodactyl||Aerodactylite|RockHead|RockSlide,AerialAce,Tailwind,Protect|Jolly||F|||50|]Sneasler||FocusSash|PoisonTouch|FakeOut,PoisonJab,CloseCombat,Protect|Jolly||M|||50|]Rotom-Wash||SitrusBerry|Levitate|Electroweb,WillOWisp,HydroPump,Protect|Bold|||||50|
|inactive|Battle timer is ON: inactive players will automatically lose when time's up. (requested by Jakobtc)
|inactive|airfanzs has 60 seconds left.
|
|t:|1785038061
|teamsize|p1|4
|teamsize|p2|4
|start
|switch|p1a: Sneasler|Sneasler, L50, F|100/100
|switch|p1b: Hydreigon|Hydreigon, L50, M|100/100
|switch|p2a: Garchomp|Garchomp, L50, F|100/100
|switch|p2b: Sneasler|Sneasler, L50, M|100/100
|turn|1
|inactive|airfanzs has 30 seconds left.
|
|t:|1785038093
|move|p2b: Sneasler|Fake Out|p1b: Hydreigon
|-damage|p1b: Hydreigon|83/100
|move|p1a: Sneasler|Fake Out|p2a: Garchomp
|-damage|p2a: Garchomp|84/100
|cant|p1b: Hydreigon|flinch
|cant|p2a: Garchomp|flinch
|
|upkeep
|turn|2
|inactive|airfanzs has 30 seconds left.
|
|t:|1785038126
|switch|p1b: Whimsicott|Whimsicott, L50, M|100/100
|move|p2a: Garchomp|Protect|p2a: Garchomp
|-singleturn|p2a: Garchomp|Protect
|move|p2b: Sneasler|Close Combat|p1b: Whimsicott
|-resisted|p1b: Whimsicott|1
|-damage|p1b: Whimsicott|59/100
|-unboost|p2b: Sneasler|def|1
|-unboost|p2b: Sneasler|spd|1
|move|p1a: Sneasler|Close Combat|p2a: Garchomp
|-activate|p2a: Garchomp|move: Protect
|
|upkeep
|turn|3
|
|t:|1785038148
|switch|p2b: Rotom|Rotom-Wash, L50|100/100
|move|p1b: Whimsicott|Misty Terrain|p1b: Whimsicott
|-fieldstart|move: Misty Terrain
|move|p1a: Sneasler|Close Combat|p2a: Garchomp
|-damage|p2a: Garchomp|10/100
|-unboost|p1a: Sneasler|def|1
|-unboost|p1a: Sneasler|spd|1
|-enditem|p1a: Sneasler|White Herb
|-clearnegativeboost|p1a: Sneasler|[silent]
|move|p2a: Garchomp|Earthquake|p1b: Whimsicott|[spread] p1a,p1b
|-immune|p2b: Rotom|[from] ability: Levitate
|-supereffective|p1a: Sneasler|1
|-crit|p1a: Sneasler
|-resisted|p1b: Whimsicott|1
|-damage|p1a: Sneasler|0 fnt
|-damage|p1b: Whimsicott|26/100
|faint|p1a: Sneasler
|-damage|p2a: Garchomp|1/100|[from] item: Life Orb
|
|upkeep
|
|t:|1785038168
|switch|p1a: Hydreigon|Hydreigon, L50, M|83/100
|turn|4
|
|t:|1785038183
|move|p1b: Whimsicott|Light Screen|p1b: Whimsicott
|-sidestart|p1: airfanzs|move: Light Screen
|move|p1a: Hydreigon|Draco Meteor|p2b: Rotom
|-damage|p2b: Rotom|22/100
|-unboost|p1a: Hydreigon|spa|2
|-enditem|p2b: Rotom|Sitrus Berry|[eat]
|-heal|p2b: Rotom|47/100|[from] item: Sitrus Berry
|move|p2a: Garchomp|Dragon Claw|p1a: Hydreigon
|-supereffective|p1a: Hydreigon|1
|-damage|p1a: Hydreigon|0 fnt
|faint|p1a: Hydreigon
|-damage|p2a: Garchomp|0 fnt|[from] item: Life Orb
|faint|p2a: Garchomp
|move|p2b: Rotom|Hydro Pump|p1b: Whimsicott
|-resisted|p1b: Whimsicott|1
|-damage|p1b: Whimsicott|11/100
|
|upkeep
|
|t:|1785038199
|switch|p2a: Sneasler|Sneasler, L50, M|100/100
|switch|p1a: Metagross|Metagross, L50|100/100
|turn|5
|
|t:|1785038208
|detailschange|p1a: Metagross|Metagross-Mega, L50
|-mega|p1a: Metagross|Metagross|Metagrossite
|move|p2a: Sneasler|Fake Out|p1b: Whimsicott
|-damage|p1b: Whimsicott|0 fnt
|faint|p1b: Whimsicott
|move|p1a: Metagross|Psychic Fangs|p2a: Sneasler
|-supereffective|p2a: Sneasler|2
|-crit|p2a: Sneasler
|-enditem|p2a: Sneasler|Focus Sash
|-damage|p2a: Sneasler|1/100
|move|p2b: Rotom|Electroweb|p1a: Metagross
|-damage|p1a: Metagross|88/100
|-unboost|p1a: Metagross|spe|1
|
|upkeep
|turn|6
|
|t:|1785038234
|move|p2a: Sneasler|Close Combat|p1a: Metagross
|-damage|p1a: Metagross|44/100
|-unboost|p2a: Sneasler|def|1
|-unboost|p2a: Sneasler|spd|1
|move|p2b: Rotom|Hydro Pump|p1a: Metagross
|-damage|p1a: Metagross|21/100
|move|p1a: Metagross|Stomping Tantrum|p2a: Sneasler
|-supereffective|p2a: Sneasler|1
|-damage|p2a: Sneasler|0 fnt
|faint|p2a: Sneasler
|
|upkeep
|
|t:|1785038245
|switch|p2a: Gholdengo|Gholdengo, L50|100/100
|turn|7
|
|t:|1785038250
|move|p2a: Gholdengo|Shadow Ball|p1a: Metagross
|-supereffective|p1a: Metagross|1
|-damage|p1a: Metagross|0 fnt
|faint|p1a: Metagross
|
|win|Jakobtc
||airfanzs is ready for game 3.
