|j|☆zSasabinho
|j|☆ToastedArt
|html|zSasabinhoToastedArt    
|uhtml|bestof|Game 2 of a best-of-3
|t:|1785279043
|gametype|doubles
|player|p1|zSasabinho|nate|1073
|player|p2|ToastedArt|iris|1064
|gen|9
|tier|[Gen 9 Champions] VGC 2026 Reg M-B (Bo3)
|rated|
|rule|Species Clause: Limit one of each Pokémon
|rule|Item Clause: Limit 1 of each item
|clearpoke
|poke|p1|Blaziken, L50, M|
|poke|p1|Kingambit, L50, F|
|poke|p1|Clefable, L50, F|
|poke|p1|Venusaur, L50, M|
|poke|p1|Basculegion, L50, M|
|poke|p1|Ninetales-Alola, L50, F, shiny|
|poke|p2|Delphox, L50, F|
|poke|p2|Incineroar, L50, M|
|poke|p2|Sneasler, L50, M|
|poke|p2|Sinistcha, L50|
|poke|p2|Azumarill, L50, F|
|poke|p2|Maushold, L50|
|teampreview|4
|showteam|p1|Blaziken||Blazikenite|SpeedBoost|FlareBlitz,CloseCombat,RockSlide,Protect|Adamant||M|||50|]Kingambit||FocusSash|Defiant|SuckerPunch,KowtowCleave,IronHead,Protect|Adamant||F|||50|]Clefable||SitrusBerry|Unaware|FollowMe,Moonblast,Protect,HelpingHand|Bold||F|||50|]Venusaur||Venusaurite|Overgrow|GigaDrain,EarthPower,SludgeBomb,Protect|Modest||M|||50|]Basculegion||ChoiceScarf|Adaptability|WaveCrash,FlipTurn,LastRespects,AquaJet|Jolly||M|||50|]Ninetales-Alola||NeverMeltIce|SnowWarning|FreezeDry,Blizzard,Encore,Protect|Timid||F|||50|
|showteam|p2|Delphox||Delphoxite|Blaze|HeatWave,Psychic,NastyPlot,Protect|Modest||F|||50|]Incineroar||PasshoBerry|Intimidate|PartingShot,FakeOut,ThroatChop,FlareBlitz|Careful||M|||50|]Sneasler||FocusSash|PoisonTouch|PoisonJab,CloseCombat,FakeOut,QuickGuard|Adamant||M|||50|]Sinistcha||KasibBerry|Hospitality|MatchaGotcha,RagePowder,LifeDew,Protect|Bold|||||50|]Azumarill||SitrusBerry|HugePower|BellyDrum,AquaJet,KnockOff,Protect|Adamant||F|||50|]Maushold||ChopleBerry|FriendGuard|FollowMe,SuperFang,Feint,Protect|Impish|||||50|
|inactive|Battle timer is ON: inactive players will automatically lose when time's up. (requested by ToastedArt)
|inactive|ToastedArt has 60 seconds left.
|inactive|ToastedArt has 30 seconds left.
|inactive|ToastedArt has 20 seconds left.
|inactive|ToastedArt has 15 seconds left.
|
|t:|1785279121
|teamsize|p1|4
|teamsize|p2|4
|start
|switch|p1a: Blaziken|Blaziken, L50, M|100/100
|switch|p1b: Kingambit|Kingambit, L50, F|100/100
|switch|p2a: Azumarill|Azumarill, L50, F|100/100
|switch|p2b: Sneasler|Sneasler, L50, M|100/100
|turn|1
|
|t:|1785279141
|detailschange|p1a: Blaziken|Blaziken-Mega, L50, M
|-mega|p1a: Blaziken|Blaziken|Blazikenite
|move|p1a: Blaziken|Protect|p1a: Blaziken
|-singleturn|p1a: Blaziken|Protect
|move|p2b: Sneasler|Fake Out|p1a: Blaziken
|-activate|p1a: Blaziken|move: Protect
|move|p1b: Kingambit|Iron Head|p2a: Azumarill
|-damage|p2a: Azumarill|47/100
|-enditem|p2a: Azumarill|Sitrus Berry|[eat]
|-heal|p2a: Azumarill|71/100|[from] item: Sitrus Berry
|move|p2a: Azumarill|Belly Drum|p2a: Azumarill
|-damage|p2a: Azumarill|21/100
|-setboost|p2a: Azumarill|atk|6|[from] move: Belly Drum
|
|-ability|p1a: Blaziken|Speed Boost|boost
|-boost|p1a: Blaziken|spe|1
|upkeep
|turn|2
|inactive|zSasabinho has 30 seconds left.
|inactive|ToastedArt has 30 seconds left.
|inactive|zSasabinho has 20 seconds left.
|inactive|ToastedArt has 20 seconds left.
|inactive|zSasabinho has 15 seconds left.
|inactive|zSasabinho has 10 seconds left.
|
|t:|1785279190
|switch|p1a: Clefable|Clefable, L50, F|100/100
|move|p1b: Kingambit|Protect|p1b: Kingambit
|-singleturn|p1b: Kingambit|Protect
|move|p2a: Azumarill|Protect|p2a: Azumarill
|-singleturn|p2a: Azumarill|Protect
|move|p2b: Sneasler|Close Combat|p1b: Kingambit
|-activate|p1b: Kingambit|move: Protect
|
|upkeep
|turn|3
|inactive|ToastedArt has 30 seconds left.
|
|t:|1785279217
|move|p1a: Clefable|Follow Me|p1a: Clefable
|-singleturn|p1a: Clefable|move: Follow Me
|move|p2a: Azumarill|Aqua Jet|p1a: Clefable
|-damage|p1a: Clefable|80/100
|move|p2b: Sneasler|Close Combat|p1a: Clefable
|-resisted|p1a: Clefable|1
|-damage|p1a: Clefable|53/100
|-unboost|p2b: Sneasler|def|1
|-unboost|p2b: Sneasler|spd|1
|move|p1b: Kingambit|Iron Head|p2a: Azumarill
|-damage|p2a: Azumarill|0 fnt
|faint|p2a: Azumarill
|
|upkeep
|
|t:|1785279221
|switch|p2a: Delphox|Delphox, L50, F|100/100
|turn|4
|
|t:|1785279235
|detailschange|p2a: Delphox|Delphox-Mega, L50, F
|-mega|p2a: Delphox|Delphox|Delphoxite
|move|p2a: Delphox|Protect|p2a: Delphox
|-singleturn|p2a: Delphox|Protect
|move|p1a: Clefable|Follow Me|p1a: Clefable
|-singleturn|p1a: Clefable|move: Follow Me
|move|p2b: Sneasler|Poison Jab|p1a: Clefable
|-supereffective|p1a: Clefable|1
|-damage|p1a: Clefable|0 fnt
|faint|p1a: Clefable
|move|p1b: Kingambit|Kowtow Cleave|p2a: Delphox
|-activate|p2a: Delphox|move: Protect
|
|upkeep
|
|t:|1785279250
|switch|p1a: Basculegion|Basculegion, L50, M|100/100
|turn|5
|
|t:|1785279265
|switch|p2a: Maushold|Maushold, L50|100/100
|move|p1b: Kingambit|Protect|p1b: Kingambit
|-singleturn|p1b: Kingambit|Protect
|move|p1a: Basculegion|Wave Crash|p2a: Maushold
|-damage|p2a: Maushold|27/100
|-damage|p1a: Basculegion|77/100|[from] Recoil
|move|p2b: Sneasler|Close Combat|p1b: Kingambit
|-activate|p1b: Kingambit|move: Protect
|
|upkeep
|turn|6
|
|t:|1785279279
|move|p2a: Maushold|Protect|p2a: Maushold
|-singleturn|p2a: Maushold|Protect
|move|p1a: Basculegion|Wave Crash|p2a: Maushold
|-activate|p2a: Maushold|move: Protect
|move|p2b: Sneasler|Close Combat|p1b: Kingambit
|-supereffective|p1b: Kingambit|2
|-enditem|p1b: Kingambit|Focus Sash
|-damage|p1b: Kingambit|1/100
|-unboost|p2b: Sneasler|def|1
|-unboost|p2b: Sneasler|spd|1
|move|p1b: Kingambit|Iron Head|p2b: Sneasler
|-enditem|p2b: Sneasler|Focus Sash
|-damage|p2b: Sneasler|1/100
|
|upkeep
|turn|7
|
|t:|1785279298
|move|p1b: Kingambit|Protect|p1b: Kingambit
|-singleturn|p1b: Kingambit|Protect
|move|p2a: Maushold|Feint|p1b: Kingambit
|-activate|p1b: Kingambit|move: Feint
|-resisted|p1b: Kingambit|1
|-damage|p1b: Kingambit|0 fnt
|faint|p1b: Kingambit
|move|p1a: Basculegion|Wave Crash|p2b: Sneasler
|-damage|p2b: Sneasler|0 fnt
|faint|p2b: Sneasler
|-damage|p1a: Basculegion|77/100|[from] Recoil
|
|upkeep
|
|t:|1785279308
|switch|p2b: Delphox|Delphox-Mega, L50, F|100/100
|switch|p1b: Blaziken|Blaziken-Mega, L50, M|100/100
|turn|8
|
|t:|1785279320
|move|p1b: Blaziken|Protect|p1b: Blaziken
|-singleturn|p1b: Blaziken|Protect
|move|p2a: Maushold|Feint|p1b: Blaziken
|-activate|p1b: Blaziken|move: Feint
|-damage|p1b: Blaziken|88/100
|move|p1a: Basculegion|Wave Crash|p2b: Delphox
|-supereffective|p2b: Delphox|1
|-damage|p2b: Delphox|0 fnt
|faint|p2b: Delphox
|-damage|p1a: Basculegion|48/100|[from] Recoil
|
|-ability|p1b: Blaziken|Speed Boost|boost
|-boost|p1b: Blaziken|spe|1
|upkeep
|turn|9
|-message|ToastedArt forfeited.
|
|win|zSasabinho
|raw|zSasabinho's rating: 1073 → 1101(+28 for winning)
|raw|ToastedArt's rating: 1064 → 1045(-19 for losing)
