|j|☆Dumb5163
|j|☆Doomnik
|html|Dumb5163Doomnik    
|uhtml|bestof|Game 1 of a best-of-3
|t:|1756414968
|gametype|doubles
|player|p1|Dumb5163|266|1008
|player|p2|Doomnik|hiker-gen4|1060
|gen|9
|tier|[Gen 9] VGC 2025 Reg H (Bo3)
|rated|
|rule|Species Clause: Limit one of each Pokémon
|rule|Item Clause: Limit 1 of each item
|clearpoke
|poke|p1|Archaludon, L50, M|
|poke|p1|Maushold-Four, L50|
|poke|p1|Amoonguss, L50, F|
|poke|p1|Pelipper, L50, M|
|poke|p1|Basculegion, L50, M|
|poke|p1|Incineroar, L50, M|
|poke|p2|Ninetales-Alola, L50, F|
|poke|p2|Ursaluna-Bloodmoon, L50, M|
|poke|p2|Maushold-Four, L50|
|poke|p2|Annihilape, L50, M|
|poke|p2|Klefki, L50, F|
|poke|p2|Sinistcha-Masterpiece, L50|
|teampreview|4
|showteam|p1|Archaludon||AssaultVest|Stamina|BodyPress,DragonPulse,FlashCannon,ElectroShot|||M|||50|,,,,,Fighting]Maushold-Four||SafetyGoggles|FriendGuard|PopulationBomb,Protect,FollowMe,SuperFang||||||50|,,,,,Ghost]Amoonguss||MentalHerb|Regenerator|PollenPuff,Spore,Protect,RagePowder|||F|||50|,,,,,Water]Pelipper||Leftovers|Drizzle|WideGuard,Protect,Hurricane,WeatherBall|||M|||50|,,,,,Stellar]Basculegion||ChoiceBand|SwiftSwim|WaveCrash,FlipTurn,LastRespects,Waterfall|||M|||50|,,,,,Water]Incineroar||SitrusBerry|Intimidate|FakeOut,KnockOff,FlareBlitz,PartingShot|||M|||50|,,,,,Fire
|showteam|p2|Ninetales-Alola||FocusSash|SnowWarning|Blizzard,FreezeDry,Encore,Protect|||F|||50|,,,,,Ghost]Ursaluna-Bloodmoon||AssaultVest|MindsEye|BloodMoon,EarthPower,HyperVoice,VacuumWave|||M|||50|,,,,,Water]Maushold-Four||SafetyGoggles|FriendGuard|BeatUp,Taunt,FollowMe,Protect||||||50|,,,,,Ghost]Annihilape||Leftovers|Defiant|DrainPunch,RageFist,BulkUp,Protect|||M|||50|,,,,,Fire]Klefki||LightClay|Prankster|DazzlingGleam,Reflect,LightScreen,MistyTerrain|||F|||50|,,,,,Ghost]Sinistcha-Masterpiece||SitrusBerry|Hospitality|MatchaGotcha,RagePowder,LifeDew,TrickRoom||||||50|,,,,,Water
|inactive|Battle timer is ON: inactive players will automatically lose when time's up. (requested by Dumb5163)
|inactive|Doomnik has 60 seconds left.
|
|t:|1756415003
|teamsize|p1|4
|teamsize|p2|4
|start
|switch|p1a: Basculegion|Basculegion, L50, M|100/100
|switch|p1b: Maushold|Maushold-Four, L50|100/100
|switch|p2a: Ursaluna|Ursaluna-Bloodmoon, L50, M|100/100
|switch|p2b: Klefki|Klefki, L50, F|100/100
|turn|1
|
|t:|1756415021
|-terastallize|p2a: Ursaluna|Water
|move|p2b: Klefki|Reflect|p2b: Klefki
|-sidestart|p2: Doomnik|Reflect
|move|p1b: Maushold|Population Bomb|p1a: Basculegion
|-immune|p1a: Basculegion
|move|p1a: Basculegion|Flip Turn|p2a: Ursaluna
|-resisted|p2a: Ursaluna
|-damage|p2a: Ursaluna|88/100
|
|t:|1756415031
|switch|p1a: Archaludon|Archaludon, L50, M|100/100|[from] Flip Turn
|move|p2a: Ursaluna|Hyper Voice|p1a: Archaludon|[spread] p1a,p1b
|-resisted|p1a: Archaludon
|-damage|p1a: Archaludon|87/100
|-damage|p1b: Maushold|57/100
|-ability|p1a: Archaludon|Stamina|boost
|-boost|p1a: Archaludon|def|1
|
|upkeep
|turn|2
|
|t:|1756415048
|-terastallize|p1a: Archaludon|Fighting
|move|p2b: Klefki|Light Screen|p2b: Klefki
|-sidestart|p2: Doomnik|move: Light Screen
|move|p1b: Maushold|Population Bomb|p1a: Archaludon
|-damage|p1a: Archaludon|85/100
|-ability|p1a: Archaludon|Stamina|boost
|-boost|p1a: Archaludon|def|1
|-damage|p1a: Archaludon|83/100
|-ability|p1a: Archaludon|Stamina|boost
|-boost|p1a: Archaludon|def|1
|-damage|p1a: Archaludon|81/100
|-ability|p1a: Archaludon|Stamina|boost
|-boost|p1a: Archaludon|def|1
|-damage|p1a: Archaludon|80/100
|-ability|p1a: Archaludon|Stamina|boost
|-boost|p1a: Archaludon|def|1
|-damage|p1a: Archaludon|79/100
|-ability|p1a: Archaludon|Stamina|boost
|-boost|p1a: Archaludon|def|1
|-damage|p1a: Archaludon|77/100
|-damage|p1a: Archaludon|76/100
|-hitcount|p1a: Archaludon|7
|move|p1a: Archaludon|Body Press|p2a: Ursaluna
|-damage|p2a: Ursaluna|23/100
|move|p2a: Ursaluna|Earth Power|p1a: Archaludon
|-damage|p1a: Archaludon|42/100
|
|upkeep
|turn|3
|
|t:|1756415061
|switch|p2a: Sinistcha|Sinistcha-Masterpiece, L50|100/100
|move|p1b: Maushold|Follow Me|p1b: Maushold
|-singleturn|p1b: Maushold|move: Follow Me
|move|p1a: Archaludon|Body Press|p2a: Sinistcha
|-immune|p2a: Sinistcha
|move|p2b: Klefki|Dazzling Gleam|p1b: Maushold|[spread] p1a,p1b
|-supereffective|p1a: Archaludon
|-damage|p1a: Archaludon|14/100
|-damage|p1b: Maushold|37/100
|
|upkeep
|turn|4
|
|t:|1756415073
|move|p1b: Maushold|Super Fang|p2b: Klefki
|-damage|p2b: Klefki|50/100
|move|p1a: Archaludon|Flash Cannon|p2b: Klefki
|-damage|p2b: Klefki|19/100
|move|p2b: Klefki|Dazzling Gleam|p1a: Archaludon|[spread] p1a,p1b
|-supereffective|p1a: Archaludon
|-damage|p1a: Archaludon|0 fnt
|-damage|p1b: Maushold|13/100
|faint|p1a: Archaludon
|move|p2a: Sinistcha|Trick Room|p2a: Sinistcha
|-fieldstart|move: Trick Room|[of] p2a: Sinistcha
|
|upkeep
|
|t:|1756415077
|switch|p1a: Pelipper|Pelipper, L50, M|100/100
|-weather|RainDance|[from] ability: Drizzle|[of] p1a: Pelipper
|turn|5
|
|t:|1756415091
|switch|p2b: Ursaluna|Ursaluna-Bloodmoon, L50, M, tera:Water|23/100
|move|p1a: Pelipper|Wide Guard|p1a: Pelipper
|-singleturn|p1a: Pelipper|Wide Guard
|move|p2a: Sinistcha|Life Dew||[still]|[spread] p2a,p2b
|-fail|p2a: Sinistcha|heal
|-heal|p2b: Ursaluna|48/100
|move|p1b: Maushold|Population Bomb|p2b: Ursaluna
|-damage|p2b: Ursaluna|45/100
|-damage|p2b: Ursaluna|43/100
|-damage|p2b: Ursaluna|40/100
|-damage|p2b: Ursaluna|37/100
|-damage|p2b: Ursaluna|34/100
|-damage|p2b: Ursaluna|31/100
|-damage|p2b: Ursaluna|28/100
|-damage|p2b: Ursaluna|25/100
|-damage|p2b: Ursaluna|22/100
|-damage|p2b: Ursaluna|19/100
|-hitcount|p2b: Ursaluna|10
|
|-weather|RainDance|[upkeep]
|upkeep
|turn|6
|
|t:|1756415108
|move|p1a: Pelipper|Wide Guard|p1a: Pelipper
|-singleturn|p1a: Pelipper|Wide Guard
|move|p2b: Ursaluna|Earth Power|p1b: Maushold
|-damage|p1b: Maushold|0 fnt
|faint|p1b: Maushold
|move|p2a: Sinistcha|Life Dew||[still]|[spread] p2a,p2b
|-fail|p2a: Sinistcha|heal
|-heal|p2b: Ursaluna|44/100
|
|-weather|RainDance|[upkeep]
|upkeep
|
|t:|1756415112
|switch|p1b: Basculegion|Basculegion, L50, M|100/100
|turn|7
|inactive|Doomnik has 30 seconds left.
|
|t:|1756415139
|move|p1a: Pelipper|Protect||[still]
|-fail|p1a: Pelipper
|move|p2b: Ursaluna|Hyper Voice|p1a: Pelipper|[spread] p1a,p1b
|-damage|p1a: Pelipper|53/100
|-damage|p1b: Basculegion|60/100
|move|p2a: Sinistcha|Life Dew||[still]|[spread] p2a,p2b
|-fail|p2a: Sinistcha|heal
|-heal|p2b: Ursaluna|70/100
|move|p1b: Basculegion|Last Respects|p2b: Ursaluna
|-damage|p2b: Ursaluna|17/100
|
|-weather|RainDance|[upkeep]
|-heal|p1a: Pelipper|59/100|[from] item: Leftovers
|upkeep
|turn|8
|
|t:|1756415154
|move|p1a: Pelipper|Protect|p1a: Pelipper
|-singleturn|p1a: Pelipper|Protect
|move|p2b: Ursaluna|Blood Moon|p1b: Basculegion
|-damage|p1b: Basculegion|0 fnt
|faint|p1b: Basculegion
|move|p2a: Sinistcha|Life Dew||[still]|[spread] p2a,p2b
|-fail|p2a: Sinistcha|heal
|-heal|p2b: Ursaluna|42/100
|
|-weather|RainDance|[upkeep]
|-heal|p1a: Pelipper|65/100|[from] item: Leftovers
|-sideend|p2: Doomnik|Reflect
|-fieldend|move: Trick Room
|upkeep
|turn|9
|
|t:|1756415167
|move|p2a: Sinistcha|Rage Powder|p2a: Sinistcha
|-singleturn|p2a: Sinistcha|move: Rage Powder
|move|p1a: Pelipper|Hurricane|p2a: Sinistcha
|-supereffective|p2a: Sinistcha
|-damage|p2a: Sinistcha|56/100
|-start|p2a: Sinistcha|confusion
|move|p2b: Ursaluna|Hyper Voice|p1a: Pelipper
|-damage|p1a: Pelipper|1/100
|
|-weather|none
|-heal|p1a: Pelipper|7/100|[from] item: Leftovers
|-sideend|p2: Doomnik|move: Light Screen
|upkeep
|turn|10
|
|t:|1756415182
|-activate|p2a: Sinistcha|confusion
|move|p2a: Sinistcha|Rage Powder|p2a: Sinistcha
|-singleturn|p2a: Sinistcha|move: Rage Powder
|move|p2b: Ursaluna|Vacuum Wave|p1a: Pelipper
|-resisted|p1a: Pelipper
|-damage|p1a: Pelipper|0 fnt
|faint|p1a: Pelipper
|
|win|Doomnik
||Doomnik is ready for game 2.
||Dumb5163 is ready for game 2.
|uhtml|next|Next: Game 2 of 3
|l|☆Dumb5163
|player|p1|
