|j|☆himhimhimhim15
|j|☆ENCRID!1
|html|himhimhimhim15ENCRID!1    
|uhtml|bestof|Game 1 of a best-of-3
|t:|1784398107
|gametype|doubles
|player|p1|himhimhimhim15|265|1061
|player|p2|ENCRID!1|266|1000
|gen|9
|tier|[Gen 9 Champions] VGC 2026 Reg M-B (Bo3)
|rated|
|rule|Species Clause: Limit one of each Pokémon
|rule|Item Clause: Limit 1 of each item
|clearpoke
|poke|p1|Malamar, L50, M|
|poke|p1|Maushold-Four, L50|
|poke|p1|Meowscarada, L50, M|
|poke|p1|Staraptor, L50, M|
|poke|p1|Mawile, L50, F|
|poke|p1|Basculegion, L50, M|
|poke|p2|Sceptile, L50, F|
|poke|p2|Rotom-Heat, L50|
|poke|p2|Basculegion, L50, M|
|poke|p2|Aerodactyl, L50, M|
|poke|p2|Garchomp, L50, M|
|poke|p2|Floette-Eternal, L50, F|
|teampreview|4
|showteam|p1|Malamar||RoseliBerry|Contrary|Superpower,KnockOff,Protect,TrickRoom|Brave||M|||50|]Maushold-Four||WideLens|Technician|PopulationBomb,FollowMe,Protect,Feint|Jolly|||||50|]Meowscarada||LifeOrb|Overgrow|FlowerTrick,KnockOff,HelpingHand,LowKick|Jolly||M|||50|]Staraptor||Staraptite|Intimidate|CloseCombat,BraveBird,Facade,Protect|Adamant||M|||50|]Mawile||Mawilite|HyperCutter|PlayRough,KnockOff,RockSlide,SuckerPunch|Brave||F|||50|]Basculegion||FocusSash|Adaptability|WaveCrash,LastRespects,AquaJet,Protect|Adamant||M|||50|
|showteam|p2|Sceptile||Sceptilite|Unburden|GrassKnot,DragonPulse,EarthPower,Detect|Timid||F|||50|]Rotom-Heat||ChoiceScarf|Levitate|Discharge,Thunderbolt,VoltSwitch,Overheat|Timid|||||50|]Basculegion||SitrusBerry|Adaptability|WaveCrash,LastRespects,AquaJet,Protect|Adamant||M|||50|]Aerodactyl||FocusSash|Unnerve|RockSlide,DualWingbeat,Tailwind,WideGuard|Jolly||M|||50|]Garchomp||LifeOrb|RoughSkin|DragonClaw,Earthquake,Protect,RockSlide|Jolly||M|||50|]Floette-Eternal||Floettite|FlowerVeil|Moonblast,DazzlingGleam,LightofRuin,Protect|Timid||F|||50|
|inactive|Battle timer is ON: inactive players will automatically lose when time's up. (requested by ENCRID!1)
|
|t:|1784398151
|teamsize|p1|4
|teamsize|p2|4
|start
|switch|p1a: Maushold|Maushold-Four, L50|100/100
|switch|p1b: Malamar|Malamar, L50, M|100/100
|switch|p2a: Sceptile|Sceptile, L50, F|100/100
|switch|p2b: Rotom|Rotom-Heat, L50|100/100
|turn|1
|
|t:|1784398164
|detailschange|p2a: Sceptile|Sceptile-Mega, L50, F
|-mega|p2a: Sceptile|Sceptile|Sceptilite
|move|p2b: Rotom|Discharge|p1b: Malamar|[spread] p1a,p1b
|-ability|p2a: Sceptile|Lightning Rod|boost
|-boost|p2a: Sceptile|spa|1
|-damage|p1a: Maushold|62/100
|-damage|p1b: Malamar|68/100
|-status|p1a: Maushold|par
|move|p2a: Sceptile|Dragon Pulse|p1a: Maushold
|-damage|p1a: Maushold|0 fnt
|faint|p1a: Maushold
|move|p1b: Malamar|Trick Room|p1b: Malamar
|-fieldstart|move: Trick Room|[of] p1b: Malamar
|
|upkeep
|
|t:|1784398175
|switch|p1a: Mawile|Mawile, L50, F|100/100
|turn|2
|
|t:|1784398185
|detailschange|p1a: Mawile|Mawile-Mega, L50, F
|-mega|p1a: Mawile|Mawile|Mawilite
|move|p2a: Sceptile|Detect|p2a: Sceptile
|-singleturn|p2a: Sceptile|Protect
|move|p1a: Mawile|Play Rough|p2a: Sceptile
|-activate|p2a: Sceptile|move: Protect
|move|p1b: Malamar|Superpower|p2b: Rotom
|-damage|p2b: Rotom|55/100
|-boost|p1b: Malamar|atk|1
|-boost|p1b: Malamar|def|1
|move|p2b: Rotom|Discharge|p1b: Malamar|[spread] p1a,p1b
|-activate|p2a: Sceptile|move: Protect
|-damage|p1a: Mawile|67/100
|-damage|p1b: Malamar|39/100
|-status|p1b: Malamar|par
|
|upkeep
|turn|3
|
|t:|1784398210
|switch|p2a: Basculegion|Basculegion, L50, M|100/100
|move|p1b: Malamar|Superpower|p2b: Rotom
|-damage|p2b: Rotom|0 fnt
|-boost|p1b: Malamar|atk|1
|-boost|p1b: Malamar|def|1
|faint|p2b: Rotom
|move|p1a: Mawile|Play Rough|p2a: Basculegion
|-crit|p2a: Basculegion
|-damage|p2a: Basculegion|0 fnt
|faint|p2a: Basculegion
|
|upkeep
|
|t:|1784398220
|switch|p2a: Garchomp|Garchomp, L50, M|100/100
|switch|p2b: Sceptile|Sceptile-Mega, L50, F|100/100
|turn|4
|
|t:|1784398228
|move|p2a: Garchomp|Protect|p2a: Garchomp
|-singleturn|p2a: Garchomp|Protect
|move|p2b: Sceptile|Detect|p2b: Sceptile
|-singleturn|p2b: Sceptile|Protect
|move|p1b: Malamar|Superpower|p2a: Garchomp
|-activate|p2a: Garchomp|move: Protect
|move|p1a: Mawile|Play Rough|p2b: Sceptile
|-activate|p2b: Sceptile|move: Protect
|
|upkeep
|turn|5
|
|t:|1784398240
|move|p2a: Garchomp|Protect|p2a: Garchomp
|-singleturn|p2a: Garchomp|Protect
|move|p2b: Sceptile|Detect||[still]
|-fail|p2b: Sceptile
|move|p1b: Malamar|Superpower|p2a: Garchomp
|-activate|p2a: Garchomp|move: Protect
|move|p1a: Mawile|Play Rough|p2b: Sceptile
|-supereffective|p2b: Sceptile|1
|-damage|p2b: Sceptile|0 fnt
|faint|p2b: Sceptile
|
|-fieldend|move: Trick Room
|upkeep
|turn|6
|inactive|ENCRID!1 has 30 seconds left.
|inactive|ENCRID!1 has 20 seconds left.
|inactive|ENCRID!1 has 15 seconds left.
|inactive|ENCRID!1 has 10 seconds left.
|inactive|ENCRID!1 has 5 seconds left.
|
|t:|1784398295
|move|p2a: Garchomp|Dragon Claw|p1a: Mawile
|-immune|p1a: Mawile
|move|p1a: Mawile|Play Rough|p2a: Garchomp
|-supereffective|p2a: Garchomp|1
|-damage|p2a: Garchomp|0 fnt
|-damage|p1a: Mawile|55/100|[from] ability: Rough Skin|[of] p2a: Garchomp
|faint|p2a: Garchomp
|
|win|himhimhimhim15
