|j|☆0oBRUNCHo0
|j|☆glofer
|html|0oBRUNCHo0glofer    
|uhtml|bestof|Game 2 of a best-of-3
|t:|1785495522
|gametype|doubles
|player|p1|0oBRUNCHo0|rood|1114
|player|p2|glofer|blackbelt|1080
|gen|9
|tier|[Gen 9 Champions] VGC 2026 Reg M-B (Bo3)
|rated|
|rule|Species Clause: Limit one of each Pokémon
|rule|Item Clause: Limit 1 of each item
|clearpoke
|poke|p1|Espathra, L50, F, shiny|
|poke|p1|Archaludon, L50, F|
|poke|p1|Scovillain, L50, M|
|poke|p1|Pelipper, L50, M, shiny|
|poke|p1|Sinistcha-Masterpiece, L50, shiny|
|poke|p1|Basculegion-F, L50, F|
|poke|p2|Bellibolt, L50, F|
|poke|p2|Raichu, L50, M|
|poke|p2|Manectric, L50, M|
|poke|p2|Eelektross, L50, M|
|poke|p2|Jolteon, L50, F|
|poke|p2|Emolga, L50, F|
|teampreview|4
|showteam|p1|Espathra||MentalHerb|SpeedBoost|LuminaCrash,CalmMind,BatonPass,Protect|Timid||F|||50|]Archaludon||Leftovers|Stamina|ElectroShot,FlashCannon,DragonPulse,Protect|Modest||F|||50|]Scovillain||Scovillainite|Moody|Overheat,GigaDrain,RagePowder,Protect|Calm||M|||50|]Pelipper||SitrusBerry|Drizzle|WeatherBall,Hurricane,Tailwind,WideGuard|Calm||M|||50|]Sinistcha-Masterpiece||KasibBerry|Hospitality|MatchaGotcha,ShadowBall,RagePowder,Protect|Calm|||||50|]Basculegion-F||ColburBerry|Adaptability|MuddyWater,ShadowBall,AquaJet,Protect|Modest||F|||50|
|showteam|p2|Bellibolt||Leftovers|Electromorphosis|ParabolicCharge,AcidSpray,Soak,Protect|Modest||F|||50|]Raichu||RaichuniteY|LightningRod|ZapCannon,FocusBlast,FakeOut,Protect|Timid||M|||50|]Manectric||Manectite|LightningRod|VoltSwitch,Flamethrower,Snarl,Protect|Timid||M|||50|]Eelektross||ExpertBelt|Levitate|SupercellSlam,DrainPunch,Bulldoze,Coil|Brave||M|||50|]Jolteon||FocusSash|VoltAbsorb|Discharge,ShadowBall,AlluringVoice,Protect|Modest||F|||50|]Emolga||LifeOrb|MotorDrive|Electroweb,AirSlash,Taunt,Encore|Timid||F|||50|
|inactive|Battle timer is ON: inactive players will automatically lose when time's up. (requested by glofer)
|
|t:|1785495558
|teamsize|p1|4
|teamsize|p2|4
|start
|switch|p1a: Espathra|Espathra, L50, F, shiny|100/100
|switch|p1b: Sinistcha|Sinistcha-Masterpiece, L50, shiny|100/100
|switch|p2a: Emolga|Emolga, L50, F|100/100
|switch|p2b: Manectric|Manectric, L50, M|100/100
|turn|1
|
|t:|1785495576
|detailschange|p2b: Manectric|Manectric-Mega, L50, M
|-mega|p2b: Manectric|Manectric|Manectite
|-ability|p2b: Manectric|Intimidate|boost
|-unboost|p1a: Espathra|atk|1
|-unboost|p1b: Sinistcha|atk|1
|move|p1a: Espathra|Protect|p1a: Espathra
|-singleturn|p1a: Espathra|Protect
|move|p2b: Manectric|Snarl|p1a: Espathra|[spread] p1b
|-activate|p1a: Espathra|move: Protect
|-supereffective|p1b: Sinistcha|1
|-damage|p1b: Sinistcha|73/100
|-unboost|p1b: Sinistcha|spa|1
|move|p2a: Emolga|Taunt|p1b: Sinistcha
|-start|p1b: Sinistcha|move: Taunt
|move|p1b: Sinistcha|Shadow Ball|p2a: Emolga
|-damage|p2a: Emolga|59/100
|
|-ability|p1a: Espathra|Speed Boost|boost
|-boost|p1a: Espathra|spe|1
|upkeep
|turn|2
|inactive|glofer has 30 seconds left.
|inactive|0oBRUNCHo0 has 30 seconds left.
|
|t:|1785495610
|switch|p2a: Bellibolt|Bellibolt, L50, F|100/100
|move|p1a: Espathra|Lumina Crash|p2b: Manectric
|-damage|p2b: Manectric|62/100
|-unboost|p2b: Manectric|spd|2
|move|p2b: Manectric|Snarl|p1b: Sinistcha|[spread] p1a,p1b
|-supereffective|p1a: Espathra|1
|-supereffective|p1b: Sinistcha|1
|-damage|p1a: Espathra|57/100
|-damage|p1b: Sinistcha|44/100
|-unboost|p1a: Espathra|spa|1
|-unboost|p1b: Sinistcha|spa|1
|move|p1b: Sinistcha|Matcha Gotcha|p2a: Bellibolt|[spread] p2a,p2b
|-damage|p2a: Bellibolt|88/100
|-heal|p1b: Sinistcha|51/100|[from] drain|[of] p2a: Bellibolt
|-damage|p2b: Manectric|25/100
|-heal|p1b: Sinistcha|67/100|[from] drain|[of] p2b: Manectric
|-start|p2a: Bellibolt|Charge|Matcha Gotcha|[from] ability: Electromorphosis
|
|-heal|p2a: Bellibolt|94/100|[from] item: Leftovers
|-ability|p1a: Espathra|Speed Boost|boost
|-boost|p1a: Espathra|spe|1
|upkeep
|turn|3
|inactive|0oBRUNCHo0 has 30 seconds left.
|inactive|glofer has 30 seconds left.
|
|t:|1785495639
|move|p1a: Espathra|Lumina Crash|p2b: Manectric
|-crit|p2b: Manectric
|-damage|p2b: Manectric|0 fnt
|faint|p2b: Manectric
|move|p1b: Sinistcha|Matcha Gotcha|p2a: Bellibolt
|-damage|p2a: Bellibolt|78/100
|-heal|p1b: Sinistcha|77/100|[from] drain|[of] p2a: Bellibolt
|-start|p2a: Bellibolt|Charge|Matcha Gotcha|[from] ability: Electromorphosis
|move|p2a: Bellibolt|Soak|p1a: Espathra
|-start|p1a: Espathra|typechange|Water
|
|-heal|p2a: Bellibolt|84/100|[from] item: Leftovers
|-end|p1b: Sinistcha|move: Taunt
|-ability|p1a: Espathra|Speed Boost|boost
|-boost|p1a: Espathra|spe|1
|upkeep
|
|t:|1785495657
|switch|p2b: Jolteon|Jolteon, L50, F|100/100
|turn|4
|
|t:|1785495678
|switch|p1b: Archaludon|Archaludon, L50, F|100/100
|move|p1a: Espathra|Baton Pass|p1a: Espathra
|
|t:|1785495690
|switch|p1a: Sinistcha|Sinistcha-Masterpiece, L50, shiny|77/100|[from] Baton Pass
|move|p2b: Jolteon|Shadow Ball|p1b: Archaludon
|-damage|p1b: Archaludon|74/100
|-ability|p1b: Archaludon|Stamina|boost
|-boost|p1b: Archaludon|def|1
|move|p2a: Bellibolt|Parabolic Charge|p1b: Archaludon|[spread] p1a,p1b
|-immune|p2b: Jolteon|[from] ability: Volt Absorb
|-resisted|p1a: Sinistcha|1
|-resisted|p1b: Archaludon|1
|-damage|p1a: Sinistcha|56/100
|-heal|p2a: Bellibolt|93/100|[from] drain|[of] p1a: Sinistcha
|-damage|p1b: Archaludon|51/100
|-heal|p2a: Bellibolt|100/100|[from] drain|[of] p1b: Archaludon
|-ability|p1b: Archaludon|Stamina|boost
|-boost|p1b: Archaludon|def|1
|-end|p2a: Bellibolt|Charge|[silent]
|
|-heal|p1b: Archaludon|57/100|[from] item: Leftovers
|upkeep
|turn|5
|inactive|0oBRUNCHo0 has 30 seconds left.
|
|t:|1785495724
|move|p1a: Sinistcha|Matcha Gotcha|p2b: Jolteon|[spread] p2a,p2b
|-damage|p2a: Bellibolt|84/100
|-heal|p1a: Sinistcha|65/100|[from] drain|[of] p2a: Bellibolt
|-damage|p2b: Jolteon|78/100
|-heal|p1a: Sinistcha|74/100|[from] drain|[of] p2b: Jolteon
|-start|p2a: Bellibolt|Charge|Matcha Gotcha|[from] ability: Electromorphosis
|move|p2b: Jolteon|Shadow Ball|p1a: Sinistcha
|-supereffective|p1a: Sinistcha|1
|-enditem|p1a: Sinistcha|Kasib Berry|[eat]
|-enditem|p1a: Sinistcha|Kasib Berry|[weaken]
|-damage|p1a: Sinistcha|49/100
|-unboost|p1a: Sinistcha|spd|1
|move|p1b: Archaludon|Flash Cannon|p2a: Bellibolt
|-resisted|p2a: Bellibolt|1
|-damage|p2a: Bellibolt|66/100
|-start|p2a: Bellibolt|Charge|Flash Cannon|[from] ability: Electromorphosis
|move|p2a: Bellibolt|Parabolic Charge|p1b: Archaludon|[spread] p1a,p1b
|-heal|p2b: Jolteon|100/100|[from] ability: Volt Absorb|[of] p2a: Bellibolt
|-resisted|p1a: Sinistcha|1
|-resisted|p1b: Archaludon|1
|-crit|p1b: Archaludon
|-damage|p1a: Sinistcha|15/100
|-heal|p2a: Bellibolt|80/100|[from] drain|[of] p1a: Sinistcha
|-damage|p1b: Archaludon|25/100
|-heal|p2a: Bellibolt|94/100|[from] drain|[of] p1b: Archaludon
|-ability|p1b: Archaludon|Stamina|boost
|-boost|p1b: Archaludon|def|1
|-end|p2a: Bellibolt|Charge|[silent]
|
|-heal|p1b: Archaludon|31/100|[from] item: Leftovers
|-heal|p2a: Bellibolt|100/100|[from] item: Leftovers
|upkeep
|turn|6
|inactive|0oBRUNCHo0 has 30 seconds left.
|inactive|glofer has 30 seconds left.
|inactive|0oBRUNCHo0 has 20 seconds left.
|
|t:|1785495763
|move|p1a: Sinistcha|Protect|p1a: Sinistcha
|-singleturn|p1a: Sinistcha|Protect
|move|p2b: Jolteon|Shadow Ball|p1a: Sinistcha
|-activate|p1a: Sinistcha|move: Protect
|move|p1b: Archaludon|Flash Cannon|p2b: Jolteon
|-resisted|p2b: Jolteon|1
|-damage|p2b: Jolteon|76/100
|move|p2a: Bellibolt|Parabolic Charge|p1a: Sinistcha|[spread] p1b
|-activate|p1a: Sinistcha|move: Protect
|-heal|p2b: Jolteon|100/100|[from] ability: Volt Absorb|[of] p2a: Bellibolt
|-resisted|p1b: Archaludon|1
|-damage|p1b: Archaludon|19/100
|-ability|p1b: Archaludon|Stamina|boost
|-boost|p1b: Archaludon|def|1
|
|-heal|p1b: Archaludon|25/100|[from] item: Leftovers
|upkeep
|turn|7
|-message|0oBRUNCHo0 forfeited.
|raw|0oBRUNCHo0's rating: 1114 → 1087(-27 for losing)
|raw|glofer's rating: 1080 → 1111(+31 for winning)
|
|win|glofer
