|j|☆123something
|j|☆T0123456789
|html|123somethingT0123456789    
|uhtml|bestof|Game 3 of a best-of-3
|t:|1754983712
|gametype|doubles
|player|p1|123something|1|1358
|player|p2|T0123456789|dawn|1223
|gen|9
|tier|[Gen 9] VGC 2025 Reg H (Bo3)
|rated|
|rule|Species Clause: Limit one of each Pokémon
|rule|Item Clause: Limit 1 of each item
|clearpoke
|poke|p1|Gholdengo, L50|
|poke|p1|Sneasler, L50, M|
|poke|p1|Rillaboom, L50, M|
|poke|p1|Dragonite, L50, F|
|poke|p1|Ninetales-Alola, L50, F|
|poke|p1|Arcanine-Hisui, L50, M|
|poke|p2|Weezing-Galar, L50, F|
|poke|p2|Toedscruel, L50, F|
|poke|p2|Typhlosion-Hisui, L50, F|
|poke|p2|Kommo-o, L50, F|
|poke|p2|Ribombee, L50, M|
|poke|p2|Quaquaval, L50, F|
|teampreview|4
|showteam|p1|Gholdengo||GrassySeed|GoodasGold|NastyPlot,MakeItRain,ShadowBall,Protect||||||50|,,,,,Water]Sneasler||WhiteHerb|Unburden|CloseCombat,DireClaw,Coaching,Protect|||M|||50|,,,,,Ghost]Rillaboom||AssaultVest|GrassySurge|FakeOut,GrassyGlide,DrumBeating,HighHorsepower|||M|||50|,,,,,Fire]Dragonite||LoadedDice|Multiscale|ScaleShot,StompingTantrum,Tailwind,Protect|||F|||50|,,,,,Ground]Ninetales-Alola||FocusSash|SnowWarning|Blizzard,IcyWind,Encore,AuroraVeil|||F|||50|,,,,,Ghost]Arcanine-Hisui||ClearAmulet|Intimidate|RockSlide,FlareBlitz,ExtremeSpeed,Protect|||M|||50|,,,,,Water
|showteam|p2|Weezing-Galar||ChoiceSpecs|NeutralizingGas|StrangeSteam,SludgeBomb,Flamethrower,DazzlingGleam|||F|||50|,,,,,Fire]Toedscruel||CovertCloak|MyceliumMight|Spore,RagePowder,TrickRoom,EarthPower|||F|||50|,,,,,Water]Typhlosion-Hisui||ChoiceScarf|Blaze|Eruption,HeatWave,Flamethrower,ShadowBall|||F|||50|,,,,,Fire]Kommo-o||Leftovers|Overcoat|Protect,BodyPress,FlashCannon,IronDefense|||F|||50|,,,,,Steel]Ribombee||FocusSash|SweetVeil|Protect,PollenPuff,HelpingHand,Tailwind|||M|||50|,,,,,Ghost]Quaquaval||AssaultVest|Moxie|AquaStep,CloseCombat,AquaJet,IceSpinner|||F|||50|,,,,,Fire
|inactive|Battle timer is ON: inactive players will automatically lose when time's up. (requested by T0123456789)
|inactive|123something has 60 seconds left.
|inactive|123something has 30 seconds left.
|inactive|123something has 20 seconds left.
|inactive|123something has 15 seconds left.
|inactive|123something has 10 seconds left.
|inactive|123something has 5 seconds left.
|
|t:|1754983799
|teamsize|p1|4
|teamsize|p2|4
|start
|switch|p1a: Arcanine|Arcanine-Hisui, L50, M|100/100
|switch|p1b: Dragonite|Dragonite, L50, F|100/100
|switch|p2a: Weezing|Weezing-Galar, L50, F|100/100
|switch|p2b: Typhlosion|Typhlosion-Hisui, L50, F|100/100
|-ability|p2a: Weezing|Neutralizing Gas
|turn|1
|
|t:|1754983819
|move|p2b: Typhlosion|Shadow Ball|p1b: Dragonite
|-damage|p1b: Dragonite|52/100
|move|p1a: Arcanine|Rock Slide|p2a: Weezing|[spread] p2a,p2b
|-supereffective|p2b: Typhlosion
|-damage|p2a: Weezing|71/100
|-damage|p2b: Typhlosion|17/100
|move|p1b: Dragonite|Tailwind|p1b: Dragonite
|-sidestart|p1: 123something|move: Tailwind
|move|p2a: Weezing|Dazzling Gleam|p1a: Arcanine|[spread] p1a,p1b
|-resisted|p1a: Arcanine
|-supereffective|p1b: Dragonite
|-damage|p1a: Arcanine|78/100
|-damage|p1b: Dragonite|0 fnt
|faint|p1b: Dragonite
|
|upkeep
|
|t:|1754983833
|switch|p1b: Gholdengo|Gholdengo, L50|100/100
|turn|2
|
|t:|1754983842
|move|p1a: Arcanine|Rock Slide|p2b: Typhlosion|[spread] p2a,p2b
|-supereffective|p2b: Typhlosion
|-damage|p2a: Weezing|44/100
|-damage|p2b: Typhlosion|0 fnt
|faint|p2b: Typhlosion
|move|p1b: Gholdengo|Make It Rain|p2a: Weezing
|-supereffective|p2a: Weezing
|-damage|p2a: Weezing|0 fnt
|-unboost|p1b: Gholdengo|spa|1
|faint|p2a: Weezing
|-end|p2a: Weezing|ability: Neutralizing Gas
|
|upkeep
|
|t:|1754983847
|switch|p2b: Quaquaval|Quaquaval, L50, F|100/100
|switch|p2a: Kommo-o|Kommo-o, L50, F|100/100
|turn|3
|inactive|123something has 30 seconds left.
|inactive|123something has 20 seconds left.
|inactive|123something has 15 seconds left.
|inactive|123something has 10 seconds left.
|
|t:|1754983892
|switch|p1b: Ninetales|Ninetales-Alola, L50, F|100/100
|-weather|Snowscape|[from] ability: Snow Warning|[of] p1b: Ninetales
|move|p1a: Arcanine|Protect|p1a: Arcanine
|-singleturn|p1a: Arcanine|Protect
|move|p2b: Quaquaval|Aqua Step|p1a: Arcanine
|-activate|p1a: Arcanine|move: Protect
|move|p2a: Kommo-o|Iron Defense|p2a: Kommo-o
|-boost|p2a: Kommo-o|def|2
|
|-weather|Snowscape|[upkeep]
|upkeep
|turn|4
|
|t:|1754983915
|-terastallize|p1a: Arcanine|Water
|-terastallize|p2a: Kommo-o|Steel
|move|p1a: Arcanine|Extreme Speed|p2b: Quaquaval
|-damage|p2b: Quaquaval|67/100
|move|p1b: Ninetales|Encore|p2a: Kommo-o
|-start|p2a: Kommo-o|Encore
|move|p2b: Quaquaval|Aqua Step|p1a: Arcanine
|-resisted|p1a: Arcanine
|-damage|p1a: Arcanine|53/100
|-boost|p2b: Quaquaval|spe|1
|move|p2a: Kommo-o|Iron Defense|p2a: Kommo-o
|-boost|p2a: Kommo-o|def|2
|
|-weather|Snowscape|[upkeep]
|-sideend|p1: 123something|move: Tailwind
|upkeep
|turn|5
|
|t:|1754983934
|move|p1a: Arcanine|Extreme Speed|p2b: Quaquaval
|-damage|p2b: Quaquaval|34/100
|move|p2b: Quaquaval|Aqua Step|p1b: Ninetales
|-damage|p1b: Ninetales|54/100
|-boost|p2b: Quaquaval|spe|1
|move|p1b: Ninetales|Blizzard|p2b: Quaquaval|[spread] p2a,p2b
|-resisted|p2a: Kommo-o
|-crit|p2a: Kommo-o
|-resisted|p2b: Quaquaval
|-damage|p2a: Kommo-o|82/100
|-damage|p2b: Quaquaval|20/100
|move|p2a: Kommo-o|Iron Defense|p2a: Kommo-o
|-boost|p2a: Kommo-o|def|2
|
|-weather|Snowscape|[upkeep]
|-heal|p2a: Kommo-o|88/100|[from] item: Leftovers
|upkeep
|turn|6
|
|t:|1754983951
|move|p1a: Arcanine|Extreme Speed|p2b: Quaquaval
|-damage|p2b: Quaquaval|0 fnt
|faint|p2b: Quaquaval
|move|p1b: Ninetales|Blizzard|p2a: Kommo-o
|-resisted|p2a: Kommo-o
|-damage|p2a: Kommo-o|71/100
|move|p2a: Kommo-o|Iron Defense|p2a: Kommo-o
|-boost|p2a: Kommo-o|def|0
|
|-weather|Snowscape|[upkeep]
|-heal|p2a: Kommo-o|77/100|[from] item: Leftovers
|-end|p2a: Kommo-o|Encore
|upkeep
|turn|7
|
|t:|1754983959
|move|p1b: Ninetales|Encore|p2a: Kommo-o
|-start|p2a: Kommo-o|Encore
|move|p1a: Arcanine|Flare Blitz|p2a: Kommo-o
|-supereffective|p2a: Kommo-o
|-crit|p2a: Kommo-o
|-damage|p2a: Kommo-o|0 fnt
|faint|p2a: Kommo-o
|-damage|p1a: Arcanine|26/100|[from] Recoil
|
|win|123something
|raw|123something's rating: 1358 → 1371(+13 for winning)
|raw|T0123456789's rating: 1223 → 1207(-16 for losing)
|l|☆T0123456789
|player|p2|
