|j|☆ikillmiceforajob
|j|☆HumanPlaysVGC
|html|ikillmiceforajobHumanPlaysVGC    
|uhtml|bestof|Game 3 of a best-of-3
|t:|1756500299
|gametype|doubles
|player|p1|ikillmiceforajob|pokemaniac|1027
|player|p2|HumanPlaysVGC|n-masters3|1014
|gen|9
|tier|[Gen 9] VGC 2025 Reg H (Bo3)
|rated|
|rule|Species Clause: Limit one of each Pokémon
|rule|Item Clause: Limit 1 of each item
|clearpoke
|poke|p1|Sneasler, L50, M|
|poke|p1|Ursaluna, L50, F|
|poke|p1|Dragonite, L50, M|
|poke|p1|Rillaboom, L50, F|
|poke|p1|Incineroar, L50, F|
|poke|p1|Archaludon, L50, M|
|poke|p2|Weezing-Galar, L50, F|
|poke|p2|Toedscruel, L50, M|
|poke|p2|Corviknight, L50, M|
|poke|p2|Incineroar, L50, M|
|poke|p2|Garchomp, L50, F|
|poke|p2|Indeedee, L50, M|
|teampreview|4
|showteam|p1|Sneasler||WhiteHerb|Unburden|Protect,CloseCombat,DireClaw,Coaching|||M|||50|,,,,,Fairy]Ursaluna||FlameOrb|Guts|Protect,HeadlongRush,Facade,Earthquake|||F|||50|,,,,,Ghost]Dragonite||LoadedDice|Multiscale|Protect,ScaleShot,Haze,Tailwind|||M|||50|,,,,,Grass]Rillaboom||AssaultVest|GrassySurge|FakeOut,GrassyGlide,WoodHammer,HighHorsepower|||F|||50|,,,,,Fire]Incineroar||SafetyGoggles|Intimidate|FakeOut,KnockOff,FlareBlitz,PartingShot|||F|||50|,,,,,Ghost]Archaludon||PowerHerb|Stamina|Protect,BodyPress,ElectroShot,DracoMeteor|||M|||50|,,,,,Electric
|showteam|p2|Weezing-Galar||SitrusBerry|NeutralizingGas|DazzlingGleam,SludgeBomb,Protect,Taunt|||F|||50|,,,,,Grass]Toedscruel||CovertCloak|MyceliumMight|Spore,RagePowder,EarthPower,AcidSpray|||M|||50|,,,,,Water]Corviknight||RockyHelmet|MirrorArmor|Tailwind,BraveBird,Protect,Roost|||M|||50|,,,,,Dragon]Incineroar||AbilityShield|Intimidate|FakeOut,KnockOff,PartingShot,Taunt|||M|||50|,,,,,Ghost]Garchomp||LifeOrb|RoughSkin|DragonClaw,Earthquake,Protect,StompingTantrum|||F|||50|,,,,,Ground]Indeedee||FocusSash|PsychicSurge|ExpandingForce,DazzlingGleam,Protect,TrickRoom|||M|||50|,,,,,Psychic
|
|t:|1756500341
|teamsize|p1|4
|teamsize|p2|4
|start
|switch|p1a: Sneasler|Sneasler, L50, M|100/100
|switch|p1b: Incineroar|Incineroar, L50, F|100/100
|switch|p2a: Indeedee|Indeedee, L50, M|100/100
|switch|p2b: Toedscruel|Toedscruel, L50, M|100/100
|-fieldstart|move: Psychic Terrain|[from] ability: Psychic Surge|[of] p2a: Indeedee
|-ability|p1b: Incineroar|Intimidate|boost
|-unboost|p2a: Indeedee|atk|1
|-unboost|p2b: Toedscruel|atk|1
|turn|1
|
|t:|1756500385
|move|p2a: Indeedee|Protect|p2a: Indeedee
|-singleturn|p2a: Indeedee|Protect
|move|p1a: Sneasler|Dire Claw|p2b: Toedscruel
|-damage|p2b: Toedscruel|40/100
|move|p1b: Incineroar|Knock Off|p2a: Indeedee
|-activate|p2a: Indeedee|move: Protect
|move|p2b: Toedscruel|Spore|p1a: Sneasler
|-status|p1a: Sneasler|slp|[from] move: Spore
|
|upkeep
|turn|2
|
|t:|1756500420
|cant|p1a: Sneasler|slp
|move|p2b: Toedscruel|Earth Power|p1b: Incineroar
|-supereffective|p1b: Incineroar
|-damage|p1b: Incineroar|50/100
|move|p2a: Indeedee|Expanding Force|p1b: Incineroar|[spread] p1a
|-immune|p1b: Incineroar
|-supereffective|p1a: Sneasler
|-damage|p1a: Sneasler|0 fnt
|faint|p1a: Sneasler
|move|p1b: Incineroar|Knock Off|p2a: Indeedee
|-supereffective|p2a: Indeedee
|-enditem|p2a: Indeedee|Focus Sash
|-damage|p2a: Indeedee|1/100
|
|upkeep
|
|t:|1756500436
|switch|p1a: Rillaboom|Rillaboom, L50, F|100/100
|-fieldstart|move: Grassy Terrain|[from] ability: Grassy Surge|[of] p1a: Rillaboom
|turn|3
|
|t:|1756500463
|switch|p2b: Garchomp|Garchomp, L50, F|100/100
|move|p1a: Rillaboom|Grassy Glide|p2a: Indeedee
|-damage|p2a: Indeedee|0 fnt
|faint|p2a: Indeedee
|move|p1b: Incineroar|Parting Shot|p2b: Garchomp
|-unboost|p2b: Garchomp|atk|1
|-unboost|p2b: Garchomp|spa|1
|
|t:|1756500471
|switch|p1b: Ursaluna|Ursaluna, L50, F|100/100|[from] Parting Shot
|
|-status|p1b: Ursaluna|brn|[from] item: Flame Orb
|upkeep
|
|t:|1756500487
|switch|p2a: Weezing|Weezing-Galar, L50, F|100/100
|-ability|p2a: Weezing|Neutralizing Gas
|turn|4
|
|t:|1756500515
|switch|p2b: Toedscruel|Toedscruel, L50, M|40/100
|-terastallize|p2a: Weezing|Grass
|move|p1a: Rillaboom|Wood Hammer|p2a: Weezing
|-resisted|p2a: Weezing
|-damage|p2a: Weezing|73/100
|-damage|p1a: Rillaboom|93/100|[from] Recoil
|move|p2a: Weezing|Sludge Bomb|p1a: Rillaboom
|-supereffective|p1a: Rillaboom
|-damage|p1a: Rillaboom|48/100
|move|p1b: Ursaluna|Facade|p2b: Toedscruel
|-damage|p2b: Toedscruel|0 fnt
|faint|p2b: Toedscruel
|
|-heal|p1a: Rillaboom|54/100|[from] Grassy Terrain
|-heal|p2a: Weezing|78/100|[from] Grassy Terrain
|-damage|p1b: Ursaluna|94/100 brn|[from] brn
|upkeep
|
|t:|1756500532
|switch|p2b: Garchomp|Garchomp, L50, F|100/100
|turn|5
|
|t:|1756500543
|move|p2a: Weezing|Protect|p2a: Weezing
|-singleturn|p2a: Weezing|Protect
|move|p2b: Garchomp|Earthquake|p1b: Ursaluna|[spread] p1a,p1b
|-activate|p2a: Weezing|move: Protect
|-resisted|p1a: Rillaboom
|-damage|p1a: Rillaboom|45/100
|-damage|p1b: Ursaluna|74/100 brn
|-damage|p2b: Garchomp|91/100|[from] item: Life Orb
|move|p1a: Rillaboom|High Horsepower|p2a: Weezing
|-activate|p2a: Weezing|move: Protect
|move|p1b: Ursaluna|Facade|p2b: Garchomp
|-damage|p2b: Garchomp|11/100
|
|-heal|p2b: Garchomp|17/100|[from] Grassy Terrain
|-heal|p1a: Rillaboom|51/100|[from] Grassy Terrain
|-heal|p2a: Weezing|84/100|[from] Grassy Terrain
|-heal|p1b: Ursaluna|80/100 brn|[from] Grassy Terrain
|-damage|p1b: Ursaluna|74/100 brn|[from] brn
|upkeep
|turn|6
|
|t:|1756500567
|move|p2b: Garchomp|Protect|p2b: Garchomp
|-singleturn|p2b: Garchomp|Protect
|move|p1a: Rillaboom|Wood Hammer|p2a: Weezing
|-resisted|p2a: Weezing
|-damage|p2a: Weezing|56/100
|-damage|p1a: Rillaboom|43/100|[from] Recoil
|move|p2a: Weezing|Dazzling Gleam|p1a: Rillaboom|[spread] p1a,p1b
|-damage|p1a: Rillaboom|29/100
|-damage|p1b: Ursaluna|57/100 brn
|move|p1b: Ursaluna|Earthquake|p2b: Garchomp|[spread] p1a,p2a
|-activate|p2b: Garchomp|move: Protect
|-resisted|p1a: Rillaboom
|-resisted|p2a: Weezing
|-damage|p1a: Rillaboom|25/100
|-damage|p2a: Weezing|52/100
|
|-heal|p2b: Garchomp|23/100|[from] Grassy Terrain
|-heal|p1a: Rillaboom|31/100|[from] Grassy Terrain
|-heal|p2a: Weezing|57/100|[from] Grassy Terrain
|-heal|p1b: Ursaluna|63/100 brn|[from] Grassy Terrain
|-damage|p1b: Ursaluna|57/100 brn|[from] brn
|upkeep
|turn|7
|
|t:|1756500593
|move|p2b: Garchomp|Dragon Claw|p1b: Ursaluna
|-damage|p1b: Ursaluna|14/100 brn
|-damage|p2b: Garchomp|13/100|[from] item: Life Orb
|move|p1a: Rillaboom|High Horsepower|p2a: Weezing
|-resisted|p2a: Weezing
|-damage|p2a: Weezing|47/100
|-enditem|p2a: Weezing|Sitrus Berry|[eat]
|-heal|p2a: Weezing|72/100|[from] item: Sitrus Berry
|move|p2a: Weezing|Sludge Bomb|p1a: Rillaboom
|-supereffective|p1a: Rillaboom
|-damage|p1a: Rillaboom|0 fnt
|faint|p1a: Rillaboom
|move|p1b: Ursaluna|Facade|p2b: Garchomp
|-damage|p2b: Garchomp|0 fnt
|faint|p2b: Garchomp
|
|-heal|p2a: Weezing|78/100|[from] Grassy Terrain
|-heal|p1b: Ursaluna|20/100 brn|[from] Grassy Terrain
|-damage|p1b: Ursaluna|14/100 brn|[from] brn
|-fieldend|move: Grassy Terrain
|upkeep
|
|t:|1756500610
|switch|p1a: Incineroar|Incineroar, L50, F|50/100
|turn|8
|
|t:|1756500626
|move|p2a: Weezing|Protect|p2a: Weezing
|-singleturn|p2a: Weezing|Protect
|move|p1b: Ursaluna|Protect|p1b: Ursaluna
|-singleturn|p1b: Ursaluna|Protect
|move|p1a: Incineroar|Flare Blitz|p2a: Weezing
|-activate|p2a: Weezing|move: Protect
|
|-damage|p1b: Ursaluna|8/100 brn|[from] brn
|upkeep
|turn|9
|
|t:|1756500638
|move|p2a: Weezing|Dazzling Gleam|p1b: Ursaluna|[spread] p1a,p1b
|-damage|p1a: Incineroar|34/100
|-damage|p1b: Ursaluna|0 fnt
|faint|p1b: Ursaluna
|move|p1a: Incineroar|Flare Blitz|p2a: Weezing
|-supereffective|p2a: Weezing
|-damage|p2a: Weezing|3/100
|-damage|p1a: Incineroar|13/100|[from] Recoil
|
|upkeep
|turn|10
|
|t:|1756500657
|move|p2a: Weezing|Dazzling Gleam|p1a: Incineroar
|-damage|p1a: Incineroar|0 fnt
|faint|p1a: Incineroar
|
|win|HumanPlaysVGC
|raw|ikillmiceforajob's rating: 1027 → 1012(-15 for losing)
|raw|HumanPlaysVGC's rating: 1014 → 1053(+39 for winning)
|c|☆ikillmiceforajob|damn
|c|☆HumanPlaysVGC|gg
|l|☆ikillmiceforajob
|player|p1|
|c|☆HumanPlaysVGC|That was so close
