|j|☆blfuller_4
|j|☆HappyDuckJJ
|html|blfuller_4HappyDuckJJ    
|uhtml|bestof|Game 3 of a best-of-3
|t:|1755917967
|gametype|doubles
|player|p1|blfuller_4|101|1314
|player|p2|HappyDuckJJ|ash|1362
|gen|9
|tier|[Gen 9] VGC 2025 Reg H (Bo3)
|rated|
|rule|Species Clause: Limit one of each Pokémon
|rule|Item Clause: Limit 1 of each item
|clearpoke
|poke|p1|Tyranitar, L50, F|
|poke|p1|Excadrill, L50, F|
|poke|p1|Sneasler, L50, F|
|poke|p1|Indeedee, L50, M|
|poke|p1|Gholdengo, L50|
|poke|p1|Whimsicott, L50, M|
|poke|p2|Dragonite, L50, M|
|poke|p2|Annihilape, L50, F|
|poke|p2|Gholdengo, L50|
|poke|p2|Rillaboom, L50, F|
|poke|p2|Electabuzz, L50, M|
|poke|p2|Incineroar, L50, M|
|teampreview|4
|showteam|p1|Tyranitar||AssaultVest|SandStream|RockSlide,TeraBlast,KnockOff,LowKick|||F|||50|,,,,,Flying]Excadrill||FocusSash|SandRush|Protect,Earthquake,HighHorsepower,IronHead|||F|||50|,,,,,Stellar]Sneasler||PsychicSeed|Unburden|ThroatChop,Protect,CloseCombat,DireClaw|||F|||50|,,,,,Dark]Indeedee||ChoiceScarf|PsychicSurge|ExpandingForce,DazzlingGleam,ShadowBall,Trick|||M|||50|,,,,,Psychic]Gholdengo||ChoiceSpecs|GoodasGold|MakeItRain,ShadowBall,Thunderbolt,PowerGem||||||50|,,,,,Steel]Whimsicott||CovertCloak|Prankster|Tailwind,Moonblast,Encore,FakeTears|||M|||50|,,,,,Dark
|showteam|p2|Dragonite||LoadedDice|Multiscale|ScaleShot,Haze,Tailwind,Protect|||M|||50|,,,,,Fairy]Annihilape||FocusSash|Defiant|CloseCombat,RageFist,Coaching,Taunt|||F|||50|,,,,,Stellar]Gholdengo||SitrusBerry|GoodasGold|MakeItRain,ShadowBall,NastyPlot,Protect||||||50|,,,,,Water]Rillaboom||AssaultVest|GrassySurge|FakeOut,WoodHammer,GrassyGlide,HighHorsepower|||F|||50|,,,,,Fire]Electabuzz||Eviolite|VitalSpirit|Thunderbolt,Electroweb,FollowMe,Protect|||M|||50|,,,,,Dragon]Incineroar||MirrorHerb|Intimidate|FakeOut,FlareBlitz,KnockOff,PartingShot|||M|||50|,,,,,Ghost
|
|t:|1755917998
|teamsize|p1|4
|teamsize|p2|4
|start
|switch|p1a: Excadrill|Excadrill, L50, F|100/100
|switch|p1b: Indeedee|Indeedee, L50, M|100/100
|switch|p2a: Incineroar|Incineroar, L50, M|100/100
|switch|p2b: Gholdengo|Gholdengo, L50|100/100
|-fieldstart|move: Psychic Terrain|[from] ability: Psychic Surge|[of] p1b: Indeedee
|-ability|p2a: Incineroar|Intimidate|boost
|-unboost|p1a: Excadrill|atk|1
|-unboost|p1b: Indeedee|atk|1
|turn|1
|
|t:|1755918028
|switch|p1b: Sneasler|Sneasler, L50, F|100/100
|-enditem|p1b: Sneasler|Psychic Seed
|-boost|p1b: Sneasler|spd|1|[from] item: Psychic Seed
|-enditem|p2a: Incineroar|Mirror Herb
|-boost|p2a: Incineroar|spd|1|[from] item: Mirror Herb
|switch|p2a: Rillaboom|Rillaboom, L50, F|100/100
|-fieldstart|move: Grassy Terrain|[from] ability: Grassy Surge|[of] p2a: Rillaboom
|move|p2b: Gholdengo|Protect|p2b: Gholdengo
|-singleturn|p2b: Gholdengo|Protect
|move|p1a: Excadrill|High Horsepower|p2a: Rillaboom
|-resisted|p2a: Rillaboom
|-damage|p2a: Rillaboom|82/100
|
|-heal|p2a: Rillaboom|88/100|[from] Grassy Terrain
|upkeep
|turn|2
|
|t:|1755918050
|switch|p1a: Indeedee|Indeedee, L50, M|100/100
|-fieldstart|move: Psychic Terrain|[from] ability: Psychic Surge|[of] p1a: Indeedee
|switch|p2a: Incineroar|Incineroar, L50, M|100/100
|-ability|p2a: Incineroar|Intimidate|boost
|-unboost|p1a: Indeedee|atk|1
|-unboost|p1b: Sneasler|atk|1
|-terastallize|p1b: Sneasler|Dark
|-terastallize|p2b: Gholdengo|Water
|move|p1b: Sneasler|Throat Chop|p2b: Gholdengo
|-damage|p2b: Gholdengo|75/100
|-start|p2b: Gholdengo|Throat Chop|[silent]
|move|p2b: Gholdengo|Make It Rain|p1b: Sneasler|[spread] p1a,p1b
|-damage|p1a: Indeedee|40/100
|-damage|p1b: Sneasler|60/100
|-unboost|p2b: Gholdengo|spa|1
|
|upkeep
|turn|3
|
|t:|1755918077
|switch|p2a: Rillaboom|Rillaboom, L50, F|88/100
|-fieldstart|move: Grassy Terrain|[from] ability: Grassy Surge|[of] p2a: Rillaboom
|move|p2b: Gholdengo|Protect|p2b: Gholdengo
|-singleturn|p2b: Gholdengo|Protect
|move|p1b: Sneasler|Dire Claw|p2a: Rillaboom
|-supereffective|p2a: Rillaboom
|-damage|p2a: Rillaboom|31/100
|move|p1a: Indeedee|Expanding Force|p2b: Gholdengo
|-activate|p2b: Gholdengo|move: Protect
|
|-heal|p1b: Sneasler|66/100|[from] Grassy Terrain
|-heal|p1a: Indeedee|46/100|[from] Grassy Terrain
|-heal|p2b: Gholdengo|81/100|[from] Grassy Terrain
|-heal|p2a: Rillaboom|37/100|[from] Grassy Terrain
|-end|p2b: Gholdengo|Throat Chop|[silent]
|upkeep
|turn|4
|
|t:|1755918101
|switch|p1a: Tyranitar|Tyranitar, L50, F|100/100
|-weather|Sandstorm|[from] ability: Sand Stream|[of] p1a: Tyranitar
|move|p1b: Sneasler|Protect|p1b: Sneasler
|-singleturn|p1b: Sneasler|Protect
|move|p2a: Rillaboom|Fake Out|p1b: Sneasler
|-activate|p1b: Sneasler|move: Protect
|move|p2b: Gholdengo|Make It Rain|p1a: Tyranitar|[spread] p1a
|-activate|p1b: Sneasler|move: Protect
|-supereffective|p1a: Tyranitar
|-damage|p1a: Tyranitar|79/100
|-unboost|p2b: Gholdengo|spa|1
|
|-weather|Sandstorm|[upkeep]
|-damage|p1b: Sneasler|60/100|[from] Sandstorm
|-damage|p2b: Gholdengo|75/100|[from] Sandstorm
|-damage|p2a: Rillaboom|31/100|[from] Sandstorm
|-heal|p1b: Sneasler|66/100|[from] Grassy Terrain
|-heal|p2b: Gholdengo|81/100|[from] Grassy Terrain
|-heal|p2a: Rillaboom|37/100|[from] Grassy Terrain
|-heal|p1a: Tyranitar|85/100|[from] Grassy Terrain
|upkeep
|turn|5
|
|t:|1755918123
|switch|p2a: Incineroar|Incineroar, L50, M|100/100
|-ability|p2a: Incineroar|Intimidate|boost
|-unboost|p1a: Tyranitar|atk|1
|-unboost|p1b: Sneasler|atk|1
|move|p1b: Sneasler|Dire Claw|p2a: Incineroar
|-damage|p2a: Incineroar|84/100
|-status|p2a: Incineroar|psn
|move|p2b: Gholdengo|Nasty Plot|p2b: Gholdengo
|-boost|p2b: Gholdengo|spa|2
|move|p1a: Tyranitar|Rock Slide|p2a: Incineroar|[spread] p2a,p2b
|-supereffective|p2a: Incineroar
|-damage|p2a: Incineroar|48/100 psn
|-damage|p2b: Gholdengo|61/100
|
|-weather|Sandstorm|[upkeep]
|-damage|p1b: Sneasler|60/100|[from] Sandstorm
|-damage|p2b: Gholdengo|55/100|[from] Sandstorm
|-damage|p2a: Incineroar|42/100 psn|[from] Sandstorm
|-heal|p1b: Sneasler|66/100|[from] Grassy Terrain
|-heal|p2b: Gholdengo|61/100|[from] Grassy Terrain
|-heal|p2a: Incineroar|48/100 psn|[from] Grassy Terrain
|-heal|p1a: Tyranitar|91/100|[from] Grassy Terrain
|-damage|p2a: Incineroar|35/100 psn|[from] psn
|upkeep
|turn|6
|
|t:|1755918159
|move|p1b: Sneasler|Protect|p1b: Sneasler
|-singleturn|p1b: Sneasler|Protect
|move|p2b: Gholdengo|Nasty Plot|p2b: Gholdengo
|-boost|p2b: Gholdengo|spa|2
|move|p2a: Incineroar|Parting Shot|p1a: Tyranitar
|-unboost|p1a: Tyranitar|atk|1
|-unboost|p1a: Tyranitar|spa|1
|
|t:|1755918162
|switch|p2a: Annihilape|Annihilape, L50, F|100/100|[from] Parting Shot
|move|p1a: Tyranitar|Knock Off|p2b: Gholdengo
|-damage|p2b: Gholdengo|32/100
|-enditem|p2b: Gholdengo|Sitrus Berry|[from] move: Knock Off|[of] p1a: Tyranitar
|
|-weather|Sandstorm|[upkeep]
|-damage|p1b: Sneasler|60/100|[from] Sandstorm
|-damage|p2a: Annihilape|95/100|[from] Sandstorm
|-damage|p2b: Gholdengo|26/100|[from] Sandstorm
|-heal|p1b: Sneasler|66/100|[from] Grassy Terrain
|-heal|p2a: Annihilape|100/100|[from] Grassy Terrain
|-heal|p2b: Gholdengo|32/100|[from] Grassy Terrain
|-heal|p1a: Tyranitar|97/100|[from] Grassy Terrain
|upkeep
|turn|7
|
|t:|1755918196
|move|p2b: Gholdengo|Protect|p2b: Gholdengo
|-singleturn|p2b: Gholdengo|Protect
|move|p1b: Sneasler|Dire Claw|p2a: Annihilape
|-resisted|p2a: Annihilape
|-damage|p2a: Annihilape|88/100
|move|p2a: Annihilape|Close Combat|p1b: Sneasler
|-supereffective|p1b: Sneasler
|-damage|p1b: Sneasler|0 fnt
|-unboost|p2a: Annihilape|def|1
|-unboost|p2a: Annihilape|spd|1
|faint|p1b: Sneasler
|move|p1a: Tyranitar|Knock Off|p2a: Annihilape
|-damage|p2a: Annihilape|38/100
|-enditem|p2a: Annihilape|Focus Sash|[from] move: Knock Off|[of] p1a: Tyranitar
|
|-weather|Sandstorm|[upkeep]
|-damage|p2a: Annihilape|32/100|[from] Sandstorm
|-damage|p2b: Gholdengo|26/100|[from] Sandstorm
|-heal|p2a: Annihilape|38/100|[from] Grassy Terrain
|-heal|p2b: Gholdengo|32/100|[from] Grassy Terrain
|-heal|p1a: Tyranitar|100/100|[from] Grassy Terrain
|-fieldend|move: Grassy Terrain
|upkeep
|
|t:|1755918211
|switch|p1b: Excadrill|Excadrill, L50, F|100/100
|turn|8
|
|t:|1755918253
|move|p1b: Excadrill|Iron Head|p2a: Annihilape
|-damage|p2a: Annihilape|0 fnt
|faint|p2a: Annihilape
|move|p2b: Gholdengo|Make It Rain|p1a: Tyranitar|[spread] p1a,p1b
|-supereffective|p1a: Tyranitar
|-resisted|p1b: Excadrill
|-damage|p1a: Tyranitar|34/100
|-damage|p1b: Excadrill|40/100
|-unboost|p2b: Gholdengo|spa|1
|move|p1a: Tyranitar|Knock Off|p2b: Gholdengo
|-damage|p2b: Gholdengo|15/100
|
|-weather|none
|upkeep
|
|t:|1755918260
|switch|p2a: Incineroar|Incineroar, L50, M|35/100 psn
|-ability|p2a: Incineroar|Intimidate|boost
|-unboost|p1a: Tyranitar|atk|1
|-unboost|p1b: Excadrill|atk|1
|turn|9
|
|t:|1755918279
|move|p1b: Excadrill|Protect|p1b: Excadrill
|-singleturn|p1b: Excadrill|Protect
|move|p2a: Incineroar|Fake Out|p1b: Excadrill
|-activate|p1b: Excadrill|move: Protect
|move|p2b: Gholdengo|Make It Rain|p1b: Excadrill|[spread] p1a
|-activate|p1b: Excadrill|move: Protect
|-supereffective|p1a: Tyranitar
|-damage|p1a: Tyranitar|0 fnt
|-unboost|p2b: Gholdengo|spa|1
|faint|p1a: Tyranitar
|
|-damage|p2a: Incineroar|23/100 psn|[from] psn
|upkeep
|
|t:|1755918288
|switch|p1a: Indeedee|Indeedee, L50, M|46/100
|-fieldstart|move: Psychic Terrain|[from] ability: Psychic Surge|[of] p1a: Indeedee
|turn|10
|
|t:|1755918306
|move|p2b: Gholdengo|Protect|p2b: Gholdengo
|-singleturn|p2b: Gholdengo|Protect
|move|p1a: Indeedee|Expanding Force|p2a: Incineroar|[spread] 
|-activate|p2b: Gholdengo|move: Protect
|-immune|p2a: Incineroar
|move|p1b: Excadrill|Iron Head|p2a: Incineroar
|-resisted|p2a: Incineroar
|-damage|p2a: Incineroar|10/100 psn
|move|p2a: Incineroar|Parting Shot|p1a: Indeedee
|-unboost|p1a: Indeedee|atk|1
|-unboost|p1a: Indeedee|spa|1
|
|t:|1755918312
|switch|p2a: Rillaboom|Rillaboom, L50, F|37/100|[from] Parting Shot
|-fieldstart|move: Grassy Terrain|[from] ability: Grassy Surge|[of] p2a: Rillaboom
|
|-heal|p1a: Indeedee|52/100|[from] Grassy Terrain
|-heal|p1b: Excadrill|46/100|[from] Grassy Terrain
|-heal|p2b: Gholdengo|21/100|[from] Grassy Terrain
|-heal|p2a: Rillaboom|43/100|[from] Grassy Terrain
|upkeep
|turn|11
|
|t:|1755918330
|move|p2a: Rillaboom|Grassy Glide|p1b: Excadrill
|-damage|p1b: Excadrill|0 fnt
|faint|p1b: Excadrill
|move|p1a: Indeedee|Expanding Force|p2b: Gholdengo
|-damage|p2b: Gholdengo|0 fnt
|faint|p2b: Gholdengo
|
|-heal|p1a: Indeedee|58/100|[from] Grassy Terrain
|-heal|p2a: Rillaboom|49/100|[from] Grassy Terrain
|upkeep
|
|t:|1755918333
|switch|p2b: Incineroar|Incineroar, L50, M|10/100 psn
|-ability|p2b: Incineroar|Intimidate|boost
|-unboost|p1a: Indeedee|atk|1
|turn|12
|
|t:|1755918338
|move|p2a: Rillaboom|Grassy Glide|p1a: Indeedee
|-damage|p1a: Indeedee|0 fnt
|faint|p1a: Indeedee
|
|win|HappyDuckJJ
|raw|blfuller_4's rating: 1314 → 1297(-17 for losing)
|raw|HappyDuckJJ's rating: 1362 → 1379(+17 for winning)
|c|☆blfuller_4|gg
|c|☆HappyDuckJJ|gg
|c|☆HappyDuckJJ|fuck sneasler
|c|☆blfuller_4|amen
|l|☆HappyDuckJJ
|player|p2|
