|j|☆mlbd
|j|☆EmberEmberEmber
|html|mlbdEmberEmberEmber    
|uhtml|bestof|Game 1 of a best-of-3
|t:|1782586843
|gametype|doubles
|player|p1|mlbd|102|
|player|p2|EmberEmberEmber|102|
|gen|9
|tier|[Gen 9 Champions] VGC 2026 Reg M-B (Bo3)
|rule|Species Clause: Limit one of each Pokémon
|rule|Item Clause: Limit 1 of each item
|clearpoke
|poke|p1|Floette-Eternal, L50, F|
|poke|p1|Charizard, L50, M|
|poke|p1|Whimsicott, L50, F|
|poke|p1|Garchomp, L50, M|
|poke|p1|Basculegion, L50, M|
|poke|p1|Kingambit, L50, M|
|poke|p2|Floette-Eternal, L50, F|
|poke|p2|Charizard, L50, F|
|poke|p2|Whimsicott, L50, F|
|poke|p2|Garchomp, L50, F|
|poke|p2|Basculegion, L50, M|
|poke|p2|Kingambit, L50, M|
|teampreview|4
|showteam|p1|Floette-Eternal||Floettite|FlowerVeil|Moonblast,DazzlingGleam,LightofRuin,Protect|Modest||F|||50|]Charizard||CharizarditeY|Blaze|HeatWave,WeatherBall,SolarBeam,Protect|Modest||M|||50|]Whimsicott||FocusSash|Prankster|Moonblast,Encore,Tailwind,Protect|Timid||F|||50|]Garchomp||LifeOrb|RoughSkin|DragonClaw,Earthquake,RockSlide,Protect|Jolly||M|||50|]Basculegion||MysticWater|Adaptability|WaveCrash,LastRespects,AquaJet,Protect|Adamant||M|||50|]Kingambit||ChopleBerry|Defiant|KowtowCleave,IronHead,SuckerPunch,Protect|Adamant||M|||50|
|showteam|p2|Floette-Eternal||Floettite|FlowerVeil|Moonblast,DazzlingGleam,LightofRuin,Protect|Modest||F|||50|]Charizard||CharizarditeY|Blaze|HeatWave,WeatherBall,SolarBeam,Protect|Timid||F|||50|]Whimsicott||FocusSash|Prankster|Moonblast,Tailwind,Encore,Protect|Timid||F|||50|]Garchomp||LifeOrb|RoughSkin|DragonClaw,Earthquake,Protect,RockSlide|Jolly||F|||50|]Basculegion||MysticWater|Adaptability|WaveCrash,LastRespects,AquaJet,Protect|Adamant||M|||50|]Kingambit||OccaBerry|Defiant|KowtowCleave,IronHead,SuckerPunch,Protect|Adamant||M|||50|
|inactive|Battle timer is ON: inactive players will automatically lose when time's up. (requested by mlbd)
|c|☆EmberEmberEmber|glhf
|c|☆mlbd|GLHF
|inactiveoff|Battle timer is now OFF.
|c|☆EmberEmberEmber|big 67
|j| Akram Hamdi
|
|t:|1782586960
|teamsize|p1|4
|teamsize|p2|4
|start
|switch|p1a: Whimsicott|Whimsicott, L50, F|100/100
|switch|p1b: Basculegion|Basculegion, L50, M|100/100
|switch|p2a: 676767|Whimsicott, L50, F|100/100
|switch|p2b: 6767676767|Basculegion, L50, M|100/100
|turn|1
|
|t:|1782586999
|move|p1a: Whimsicott|Tailwind|p1a: Whimsicott
|-sidestart|p1: mlbd|move: Tailwind
|move|p1b: Basculegion|Wave Crash|p2a: 676767
|-resisted|p2a: 676767|1
|-damage|p2a: 676767|29/100
|-damage|p1b: Basculegion|83/100|[from] Recoil
|move|p2a: 676767|Moonblast|p1a: Whimsicott
|-crit|p1a: Whimsicott
|-damage|p1a: Whimsicott|18/100
|move|p2b: 6767676767|Wave Crash|p1a: Whimsicott
|-resisted|p1a: Whimsicott|1
|-damage|p1a: Whimsicott|0 fnt
|faint|p1a: Whimsicott
|-damage|p2b: 6767676767|95/100|[from] Recoil
|
|upkeep
|
|t:|1782587008
|switch|p1a: Garchomp|Garchomp, L50, M|100/100
|turn|2
|
|t:|1782587016
|move|p2b: 6767676767|Protect|p2b: 6767676767
|-singleturn|p2b: 6767676767|Protect
|move|p2a: 676767|Tailwind|p2a: 676767
|-sidestart|p2: EmberEmberEmber|move: Tailwind
|move|p1a: Garchomp|Rock Slide|p2b: 6767676767|[spread] p2a
|-activate|p2b: 6767676767|move: Protect
|-damage|p2a: 676767|0 fnt
|faint|p2a: 676767
|-damage|p1a: Garchomp|90/100|[from] item: Life Orb
|move|p1b: Basculegion|Last Respects|p2b: 6767676767
|-activate|p2b: 6767676767|move: Protect
|
|upkeep
|
|t:|1782587021
|switch|p2a: 676767676767|Kingambit, L50, M|100/100
|turn|3
|
|t:|1782587075
|move|p1b: Basculegion|Aqua Jet|p2a: 676767676767
|-damage|p2a: 676767676767|76/100
|move|p2a: 676767676767|Sucker Punch||[still]
|-fail|p2a: 676767676767
|move|p1a: Garchomp|Dragon Claw|p2b: 6767676767
|-damage|p2b: 6767676767|30/100
|-damage|p1a: Garchomp|80/100|[from] item: Life Orb
|move|p2b: 6767676767|Wave Crash|p1a: Garchomp
|-damage|p1a: Garchomp|0 fnt
|-damage|p2b: 6767676767|18/100|[from] ability: Rough Skin|[of] p1a: Garchomp
|faint|p1a: Garchomp
|-damage|p2b: 6767676767|0 fnt|[from] Recoil
|faint|p2b: 6767676767
|
|upkeep
|
|t:|1782587082
|switch|p1a: Floette|Floette-Eternal, L50, F|100/100
|switch|p2b: 6767|Charizard, L50, F|100/100
|turn|4
|j| Code
|
|t:|1782587137
|detailschange|p2b: 6767|Charizard-Mega-Y, L50, F
|-mega|p2b: 6767|Charizard|Charizardite Y
|-weather|SunnyDay|[from] ability: Drought|[of] p2b: 6767
|detailschange|p1a: Floette|Floette-Mega, L50, F
|-mega|p1a: Floette|Floette|Floettite
|-ability|p1a: Floette|Fairy Aura
|move|p1b: Basculegion|Protect|p1b: Basculegion
|-singleturn|p1b: Basculegion|Protect
|move|p2a: 676767676767|Sucker Punch||[still]
|-fail|p2a: 676767676767
|move|p1a: Floette|Light of Ruin|p2a: 676767676767
|-damage|p2a: 676767676767|0 fnt
|faint|p2a: 676767676767
|-damage|p1a: Floette|49/100|[from] Recoil
|move|p2b: 6767|Weather Ball|p1a: Floette
|-damage|p1a: Floette|0 fnt
|faint|p1a: Floette
|
|-weather|SunnyDay|[upkeep]
|-sideend|p1: mlbd|move: Tailwind
|upkeep
|turn|5
|
|t:|1782587157
|move|p2b: 6767|Solar Beam||[still]
|-prepare|p2b: 6767|Solar Beam
|-anim|p2b: 6767|Solar Beam|p1b: Basculegion
|-supereffective|p1b: Basculegion|1
|-damage|p1b: Basculegion|0 fnt
|faint|p1b: Basculegion
|
|win|EmberEmberEmber
||EmberEmberEmber is ready for game 2.
|l| Code
|inactive|mlbd has 30 seconds to confirm battle start!
|inactive|mlbd has 20 seconds to confirm battle start!
||mlbd is ready for game 2.
|uhtml|next|Next: Game 2 of 3
|j| christianfinity
|j| Code
|l| Code
|j| KrystalKiwi
|j| Code
|l| Code
|j| Code
|l| Code
|j| Code
|l| Code
|j| nexmind
|j| Code
|l| nexmind
