|j|☆ConnerTEP
|j|☆starlight74
|html|ConnerTEPstarlight74    
|uhtml|bestof|Game 3 of a best-of-3
|t:|1754346824
|gametype|doubles
|player|p1|ConnerTEP|acerola-masters2|1123
|player|p2|starlight74|emma|1230
|gen|9
|tier|[Gen 9] VGC 2025 Reg H (Bo3)
|rated|
|rule|Species Clause: Limit one of each Pokémon
|rule|Item Clause: Limit 1 of each item
|clearpoke
|poke|p1|Kommo-o, L50, M|
|poke|p1|Snorlax, L50, M|
|poke|p1|Sinistcha, L50|
|poke|p1|Clefairy, L50, M|
|poke|p1|Incineroar, L50, M|
|poke|p1|Toxtricity, L50, F|
|poke|p2|Ursaluna-Bloodmoon, L50, M|
|poke|p2|Talonflame, L50, M|
|poke|p2|Sneasler, L50, M|
|poke|p2|Annihilape, L50, M|
|poke|p2|Indeedee, L50, M|
|poke|p2|Maushold, L50|
|teampreview|4
|showteam|p1|Kommo-o||ThroatSpray|Soundproof|ClangingScales,Flamethrower,ClangorousSoul,Protect|||M|||50|,,,,,Steel]Snorlax||SitrusBerry|ThickFat|Facade,HighHorsepower,BellyDrum,Protect|||M|||50|,,,,,Ghost]Sinistcha||MentalHerb|Hospitality|MatchaGotcha,StrengthSap,RagePowder,TrickRoom||||||50|,,,,,Water]Clefairy||Eviolite|FriendGuard|HealPulse,HelpingHand,FollowMe,Protect|||M|||50|,,,,,Grass]Incineroar||SafetyGoggles|Intimidate|FlareBlitz,KnockOff,PartingShot,FakeOut|||M|||50|,,,,,Water]Toxtricity||LifeOrb|PunkRock|Boomburst,Overdrive,SludgeBomb,Protect|||F|||50|,,,,,Normal
|showteam|p2|Ursaluna-Bloodmoon||LifeOrb|MindsEye|BloodMoon,HyperVoice,EarthPower,Protect|||M|||50|,,,,,Normal]Talonflame||CovertCloak|GaleWings|Tailwind,WillOWisp,BraveBird,FlareBlitz|||M|||50|,,,,,Stellar]Sneasler||PsychicSeed|Unburden|CloseCombat,DireClaw,ThroatChop,Protect|||M|||50|,,,,,Dark]Annihilape||Leftovers|Defiant|BulkUp,RageFist,DrainPunch,Protect|||M|||50|,,,,,Fire]Indeedee||FocusSash|PsychicSurge|ExpandingForce,HelpingHand,TrickRoom,Imprison|||M|||50|,,,,,Psychic]Maushold||SafetyGoggles|FriendGuard|FollowMe,Taunt,BeatUp,Protect||||||50|,,,,,Ghost
|inactive|Battle timer is ON: inactive players will automatically lose when time's up. (requested by ConnerTEP)
|inactive|starlight74 also wants the timer to be on.
|
|t:|1754346832
|teamsize|p1|4
|teamsize|p2|4
|start
|switch|p1a: Kommo-o|Kommo-o, L50, M|100/100
|switch|p1b: Clefairy|Clefairy, L50, M|100/100
|switch|p2a: Annihilape|Annihilape, L50, M|100/100
|switch|p2b: Maushold|Maushold, L50|100/100
|turn|1
|inactive|ConnerTEP has 30 seconds left.
|
|t:|1754346865
|move|p1b: Clefairy|Follow Me|p1b: Clefairy
|-singleturn|p1b: Clefairy|move: Follow Me
|move|p1a: Kommo-o|Clangorous Soul|p1a: Kommo-o
|-boost|p1a: Kommo-o|atk|1
|-boost|p1a: Kommo-o|def|1
|-boost|p1a: Kommo-o|spa|1
|-boost|p1a: Kommo-o|spd|1
|-boost|p1a: Kommo-o|spe|1
|-damage|p1a: Kommo-o|68/100
|-enditem|p1a: Kommo-o|Throat Spray
|-boost|p1a: Kommo-o|spa|1|[from] item: Throat Spray
|move|p2b: Maushold|Beat Up|p1b: Clefairy
|-resisted|p1b: Clefairy
|-damage|p1b: Clefairy|99/100
|-resisted|p1b: Clefairy
|-damage|p1b: Clefairy|98/100
|-resisted|p1b: Clefairy
|-damage|p1b: Clefairy|97/100
|-resisted|p1b: Clefairy
|-damage|p1b: Clefairy|96/100
|-hitcount|p1b: Clefairy|4
|move|p2a: Annihilape|Rage Fist|p1b: Clefairy
|-damage|p1b: Clefairy|77/100
|
|upkeep
|turn|2
|
|t:|1754346874
|move|p2a: Annihilape|Protect|p2a: Annihilape
|-singleturn|p2a: Annihilape|Protect
|move|p1b: Clefairy|Follow Me|p1b: Clefairy
|-singleturn|p1b: Clefairy|move: Follow Me
|move|p1a: Kommo-o|Clangorous Soul|p1a: Kommo-o
|-boost|p1a: Kommo-o|atk|1
|-boost|p1a: Kommo-o|def|1
|-boost|p1a: Kommo-o|spa|1
|-boost|p1a: Kommo-o|spd|1
|-boost|p1a: Kommo-o|spe|1
|-damage|p1a: Kommo-o|36/100
|move|p2b: Maushold|Taunt|p1b: Clefairy
|-start|p1b: Clefairy|move: Taunt
|
|upkeep
|turn|3
|
|t:|1754346888
|switch|p1b: Sinistcha|Sinistcha, L50|100/100
|-heal|p1a: Kommo-o|60/100|[from] ability: Hospitality|[of] p1b: Sinistcha
|move|p2b: Maushold|Protect|p2b: Maushold
|-singleturn|p2b: Maushold|Protect
|move|p1a: Kommo-o|Clanging Scales|p2a: Annihilape|[spread] p2a
|-activate|p2b: Maushold|move: Protect
|-damage|p2a: Annihilape|37/100
|-unboost|p1a: Kommo-o|def|1
|move|p2a: Annihilape|Rage Fist|p1a: Kommo-o
|-damage|p1a: Kommo-o|34/100
|
|-heal|p2a: Annihilape|43/100|[from] item: Leftovers
|upkeep
|turn|4
|inactive|starlight74 has 30 seconds left.
|
|t:|1754346913
|move|p2a: Annihilape|Protect|p2a: Annihilape
|-singleturn|p2a: Annihilape|Protect
|move|p1a: Kommo-o|Clanging Scales|p2b: Maushold|[spread] p2b
|-activate|p2a: Annihilape|move: Protect
|-damage|p2b: Maushold|0 fnt
|faint|p2b: Maushold
|-unboost|p1a: Kommo-o|def|1
|move|p1b: Sinistcha|Matcha Gotcha|p2a: Annihilape
|-activate|p2a: Annihilape|move: Protect
|
|-heal|p2a: Annihilape|49/100|[from] item: Leftovers
|upkeep
|
|t:|1754346922
|switch|p2b: Talonflame|Talonflame, L50, M|100/100
|turn|5
|
|t:|1754346935
|move|p1b: Sinistcha|Rage Powder|p1b: Sinistcha
|-singleturn|p1b: Sinistcha|move: Rage Powder
|move|p2b: Talonflame|Tailwind|p2b: Talonflame
|-sidestart|p2: starlight74|move: Tailwind
|move|p1a: Kommo-o|Clanging Scales|p2b: Talonflame|[spread] p2a,p2b
|-damage|p2a: Annihilape|0 fnt
|-damage|p2b: Talonflame|0 fnt
|faint|p2a: Annihilape
|faint|p2b: Talonflame
|-unboost|p1a: Kommo-o|def|1
|
|upkeep
|
|t:|1754346940
|switch|p2b: Ursaluna|Ursaluna-Bloodmoon, L50, M|100/100
|turn|6
|
|t:|1754346943
|-terastallize|p2b: Ursaluna|Normal
|move|p1b: Sinistcha|Rage Powder|p1b: Sinistcha
|-singleturn|p1b: Sinistcha|move: Rage Powder
|move|p1a: Kommo-o|Clanging Scales|p2b: Ursaluna
|-damage|p2b: Ursaluna|0 fnt
|faint|p2b: Ursaluna
|
|win|ConnerTEP
|raw|ConnerTEP's rating: 1123 → 1155(+32 for winning)
|raw|starlight74's rating: 1230 → 1198(-32 for losing)
|l|☆starlight74
|player|p2|
|l|☆ConnerTEP
|player|p1|
|j|☆ConnerTEP
|player|p1|ConnerTEP|acerola-masters2|
