|j|☆skyshakerX
|j|☆srpelea
|html|skyshakerXsrpelea    
|uhtml|bestof|Game 2 of a best-of-3
|t:|1785277957
|gametype|doubles
|player|p1|skyshakerX|youngn|1086
|player|p2|srpelea|n|1085
|gen|9
|tier|[Gen 9 Champions] VGC 2026 Reg M-B (Bo3)
|rated|
|rule|Species Clause: Limit one of each Pokémon
|rule|Item Clause: Limit 1 of each item
|clearpoke
|poke|p1|Pelipper, L50, M|
|poke|p1|Swampert, L50, M|
|poke|p1|Archaludon, L50, F|
|poke|p1|Grimmsnarl, L50, M|
|poke|p1|Raichu, L50, F|
|poke|p1|Sneasler, L50, M|
|poke|p2|Kingambit, L50, M|
|poke|p2|Basculegion, L50, M|
|poke|p2|Farigiraf, L50, M|
|poke|p2|Torkoal, L50, M|
|poke|p2|Incineroar, L50, M|
|poke|p2|Venusaur, L50, M|
|teampreview|4
|showteam|p1|Pelipper||SitrusBerry|Drizzle|Hurricane,WeatherBall,Tailwind,WideGuard|Bold||M|||50|]Swampert||Swampertite|Torrent|WaveCrash,IcePunch,Earthquake,Protect|Adamant||M|||50|]Archaludon||ExpertBelt|Stalwart|ElectroShot,DragonPulse,FlashCannon,Protect|Timid||F|||50|]Grimmsnarl||LightClay|Prankster|SpiritBreak,Reflect,LightScreen,PartingShot|Careful||M|||50|]Raichu||RaichuniteY|LightningRod|ZapCannon,FocusBlast,FakeOut,Protect|Timid||F|||50|]Sneasler||FocusSash|Unburden|BrickBreak,DireClaw,Coaching,FakeOut|Adamant||M|||50|
|showteam|p2|Kingambit||FocusSash|Defiant|LowKick,SuckerPunch,KowtowCleave,IronDefense|Adamant||M|||50|]Basculegion||ChoiceScarf|Adaptability|AquaJet,LastRespects,PsychicFangs,WaveCrash|Jolly||M|||50|]Farigiraf||Leftovers|ArmorTail|TrickRoom,ExpandingForce,DazzlingGleam,Protect|Sassy||M|||50|]Torkoal||HeatRock|Drought|Eruption,WeatherBall,EarthPower,SludgeBomb|Modest||M|||50|]Incineroar||SitrusBerry|Intimidate|CloseCombat,FakeOut,DarkestLariat,PartingShot|Adamant||M|||50|]Venusaur||Venusaurite|Chlorophyll|SludgeBomb,EarthPower,WeatherBall,SolarBeam|Modest||M|||50|
|inactive|Battle timer is ON: inactive players will automatically lose when time's up. (requested by skyshakerX)
|inactive|srpelea also wants the timer to be on.
|
|t:|1785277982
|teamsize|p1|4
|teamsize|p2|4
|start
|switch|p1a: Grimmsnarl|Grimmsnarl, L50, M|100/100
|switch|p1b: Pelipper|Pelipper, L50, M|100/100
|switch|p2a: Farigiraf|Farigiraf, L50, M|100/100
|switch|p2b: Incineroar|Incineroar, L50, M|100/100
|-weather|RainDance|[from] ability: Drizzle|[of] p1b: Pelipper
|-ability|p2b: Incineroar|Intimidate|boost
|-unboost|p1a: Grimmsnarl|atk|1
|-unboost|p1b: Pelipper|atk|1
|turn|1
|inactive|skyshakerX has 30 seconds left.
|inactive|srpelea has 30 seconds left.
|
|t:|1785278013
|switch|p1b: Archaludon|Archaludon, L50, F|100/100
|switch|p2a: Torkoal|Torkoal, L50, M|100/100
|-weather|SunnyDay|[from] ability: Drought|[of] p2a: Torkoal
|move|p2b: Incineroar|Fake Out|p1b: Archaludon
|-resisted|p1b: Archaludon|1
|-damage|p1b: Archaludon|94/100
|move|p1a: Grimmsnarl|Light Screen|p1a: Grimmsnarl
|-sidestart|p1: skyshakerX|move: Light Screen
|
|-weather|SunnyDay|[upkeep]
|upkeep
|turn|2
|inactive|srpelea has 30 seconds left.
|
|t:|1785278044
|switch|p1b: Pelipper|Pelipper, L50, M|100/100
|-weather|RainDance|[from] ability: Drizzle|[of] p1b: Pelipper
|move|p1a: Grimmsnarl|Spirit Break|p2a: Torkoal
|-resisted|p2a: Torkoal|1
|-damage|p2a: Torkoal|92/100
|-unboost|p2a: Torkoal|spa|1
|move|p2b: Incineroar|Parting Shot|p1b: Pelipper
|-unboost|p1b: Pelipper|atk|1
|-unboost|p1b: Pelipper|spa|1
|
|t:|1785278057
|switch|p2b: Farigiraf|Farigiraf, L50, M|100/100|[from] Parting Shot
|move|p2a: Torkoal|Weather Ball|p1b: Pelipper
|-resisted|p1b: Pelipper|1
|-damage|p1b: Pelipper|89/100
|
|-weather|RainDance|[upkeep]
|upkeep
|turn|3
|
|t:|1785278078
|switch|p2a: Venusaur|Venusaur, L50, M|100/100
|move|p1b: Pelipper|Hurricane|p2a: Venusaur
|-supereffective|p2a: Venusaur|1
|-damage|p2a: Venusaur|53/100
|move|p1a: Grimmsnarl|Spirit Break|p2b: Farigiraf
|-damage|p2b: Farigiraf|79/100
|-unboost|p2b: Farigiraf|spa|1
|move|p2b: Farigiraf|Dazzling Gleam|p1a: Grimmsnarl|[spread] p1a,p1b
|-supereffective|p1a: Grimmsnarl|1
|-damage|p1a: Grimmsnarl|88/100
|-damage|p1b: Pelipper|81/100
|
|-weather|RainDance|[upkeep]
|-heal|p2b: Farigiraf|85/100|[from] item: Leftovers
|upkeep
|turn|4
|
|t:|1785278101
|switch|p2b: Torkoal|Torkoal, L50, M|92/100
|-weather|SunnyDay|[from] ability: Drought|[of] p2b: Torkoal
|detailschange|p2a: Venusaur|Venusaur-Mega, L50, M
|-mega|p2a: Venusaur|Venusaur|Venusaurite
|move|p1a: Grimmsnarl|Parting Shot|p2a: Venusaur
|-unboost|p2a: Venusaur|atk|1
|-unboost|p2a: Venusaur|spa|1
|
|t:|1785278110
|switch|p1a: Archaludon|Archaludon, L50, F|94/100|[from] Parting Shot
|move|p2a: Venusaur|Solar Beam||[still]
|-prepare|p2a: Venusaur|Solar Beam
|-anim|p2a: Venusaur|Solar Beam|p1b: Pelipper
|-damage|p1b: Pelipper|47/100
|-enditem|p1b: Pelipper|Sitrus Berry|[eat]
|-heal|p1b: Pelipper|72/100|[from] item: Sitrus Berry
|move|p1b: Pelipper|Weather Ball|p2a: Venusaur
|-supereffective|p2a: Venusaur|1
|-damage|p2a: Venusaur|30/100
|
|-weather|SunnyDay|[upkeep]
|upkeep
|turn|5
|inactive|skyshakerX has 30 seconds left.
|
|t:|1785278135
|move|p1a: Archaludon|Protect|p1a: Archaludon
|-singleturn|p1a: Archaludon|Protect
|move|p2a: Venusaur|Earth Power|p1a: Archaludon
|-activate|p1a: Archaludon|move: Protect
|move|p1b: Pelipper|Weather Ball|p2a: Venusaur
|-supereffective|p2a: Venusaur|1
|-damage|p2a: Venusaur|9/100
|move|p2b: Torkoal|Eruption|p1a: Archaludon|[spread] p1b
|-activate|p1a: Archaludon|move: Protect
|-resisted|p1b: Pelipper|1
|-damage|p1b: Pelipper|48/100
|
|-weather|SunnyDay|[upkeep]
|upkeep
|turn|6
|inactive|skyshakerX has 30 seconds left.
|
|t:|1785278163
|switch|p1b: Grimmsnarl|Grimmsnarl, L50, M|88/100
|move|p1a: Archaludon|Dragon Pulse|p2a: Venusaur
|-damage|p2a: Venusaur|0 fnt
|faint|p2a: Venusaur
|move|p2b: Torkoal|Eruption|p1b: Grimmsnarl|[spread] p1a,p1b
|-crit|p1b: Grimmsnarl
|-damage|p1a: Archaludon|28/100
|-damage|p1b: Grimmsnarl|0 fnt
|faint|p1b: Grimmsnarl
|
|-weather|SunnyDay|[upkeep]
|upkeep
|
|t:|1785278177
|switch|p2a: Farigiraf|Farigiraf, L50, M|85/100
|switch|p1b: Pelipper|Pelipper, L50, M|48/100
|-weather|RainDance|[from] ability: Drizzle|[of] p1b: Pelipper
|turn|7
|inactive|skyshakerX has 30 seconds left.
|
|t:|1785278203
|switch|p2b: Incineroar|Incineroar, L50, M|100/100
|-ability|p2b: Incineroar|Intimidate|boost
|-unboost|p1a: Archaludon|atk|1
|-unboost|p1b: Pelipper|atk|1
|move|p1a: Archaludon|Electro Shot||[still]
|-prepare|p1a: Archaludon|Electro Shot
|-boost|p1a: Archaludon|spa|1
|-anim|p1a: Archaludon|Electro Shot|p2b: Incineroar
|-damage|p2b: Incineroar|34/100
|-enditem|p2b: Incineroar|Sitrus Berry|[eat]
|-heal|p2b: Incineroar|59/100|[from] item: Sitrus Berry
|move|p1b: Pelipper|Hurricane|p2a: Farigiraf
|-damage|p2a: Farigiraf|53/100
|-start|p2a: Farigiraf|confusion
|-activate|p2a: Farigiraf|confusion
|move|p2a: Farigiraf|Trick Room|p2a: Farigiraf
|-fieldstart|move: Trick Room|[of] p2a: Farigiraf
|
|-weather|RainDance|[upkeep]
|-heal|p2a: Farigiraf|59/100|[from] item: Leftovers
|upkeep
|turn|8
|inactive|skyshakerX has 30 seconds left.
|inactive|srpelea has 30 seconds left.
|
|t:|1785278232
|switch|p1b: Swampert|Swampert, L50, M|100/100
|move|p1a: Archaludon|Protect|p1a: Archaludon
|-singleturn|p1a: Archaludon|Protect
|-activate|p2a: Farigiraf|confusion
|move|p2a: Farigiraf|Expanding Force|p1b: Swampert
|-damage|p1b: Swampert|81/100
|move|p2b: Incineroar|Close Combat|p1a: Archaludon
|-activate|p1a: Archaludon|move: Protect
|
|-weather|RainDance|[upkeep]
|-heal|p2a: Farigiraf|66/100|[from] item: Leftovers
|-sideend|p1: skyshakerX|move: Light Screen
|upkeep
|turn|9
|inactive|skyshakerX has 30 seconds left.
|
|t:|1785278257
|switch|p1a: Pelipper|Pelipper, L50, M|48/100
|detailschange|p1b: Swampert|Swampert-Mega, L50, M
|-mega|p1b: Swampert|Swampert|Swampertite
|-activate|p2a: Farigiraf|confusion
|move|p2a: Farigiraf|Protect|p2a: Farigiraf
|-singleturn|p2a: Farigiraf|Protect
|move|p2b: Incineroar|Parting Shot|p1b: Swampert
|-unboost|p1b: Swampert|atk|1
|-unboost|p1b: Swampert|spa|1
|
|t:|1785278268
|switch|p2b: Torkoal|Torkoal, L50, M|92/100|[from] Parting Shot
|-weather|SunnyDay|[from] ability: Drought|[of] p2b: Torkoal
|move|p1b: Swampert|Wave Crash|p2b: Torkoal
|-supereffective|p2b: Torkoal|1
|-damage|p2b: Torkoal|51/100
|-damage|p1b: Swampert|69/100|[from] Recoil
|
|-weather|SunnyDay|[upkeep]
|-heal|p2a: Farigiraf|72/100|[from] item: Leftovers
|upkeep
|turn|10
|inactive|srpelea has 30 seconds left.
|
|t:|1785278299
|move|p1a: Pelipper|Wide Guard|p1a: Pelipper
|-singleturn|p1a: Pelipper|Wide Guard
|move|p2b: Torkoal|Earth Power|p1b: Swampert
|-crit|p1b: Swampert
|-damage|p1b: Swampert|38/100
|-end|p2a: Farigiraf|confusion
|move|p2a: Farigiraf|Expanding Force|p1b: Swampert
|-damage|p1b: Swampert|14/100
|move|p1b: Swampert|Earthquake|p2a: Farigiraf|[spread] p2a,p2b
|-activate|p1a: Pelipper|move: Wide Guard
|-crit|p2a: Farigiraf
|-supereffective|p2b: Torkoal|1
|-damage|p2a: Farigiraf|7/100
|-damage|p2b: Torkoal|3/100
|
|-weather|SunnyDay|[upkeep]
|-heal|p2a: Farigiraf|13/100|[from] item: Leftovers
|upkeep
|turn|11
|
|t:|1785278322
|switch|p2b: Incineroar|Incineroar, L50, M|59/100
|-ability|p2b: Incineroar|Intimidate|boost
|-unboost|p1a: Pelipper|atk|1
|-unboost|p1b: Swampert|atk|1
|switch|p1a: Archaludon|Archaludon, L50, F|28/100
|move|p1b: Swampert|Protect|p1b: Swampert
|-singleturn|p1b: Swampert|Protect
|move|p2a: Farigiraf|Expanding Force|p1b: Swampert
|-activate|p1b: Swampert|move: Protect
|
|-weather|SunnyDay|[upkeep]
|-heal|p2a: Farigiraf|19/100|[from] item: Leftovers
|-fieldend|move: Trick Room
|upkeep
|turn|12
|inactive|skyshakerX has 30 seconds left.
|inactive|srpelea has 30 seconds left.
|inactive|skyshakerX has 20 seconds left.
|inactive|srpelea has 20 seconds left.
|inactive|skyshakerX has 15 seconds left.
|inactive|srpelea has 15 seconds left.
|
|t:|1785278367
|switch|p1b: Pelipper|Pelipper, L50, M|48/100
|-weather|RainDance|[from] ability: Drizzle|[of] p1b: Pelipper
|move|p1a: Archaludon|Protect|p1a: Archaludon
|-singleturn|p1a: Archaludon|Protect
|move|p2b: Incineroar|Fake Out|p1b: Pelipper
|-damage|p1b: Pelipper|35/100
|move|p2a: Farigiraf|Expanding Force|p1b: Pelipper
|-damage|p1b: Pelipper|1/100
|
|-weather|RainDance|[upkeep]
|-heal|p2a: Farigiraf|25/100|[from] item: Leftovers
|upkeep
|turn|13
|inactive|srpelea has 30 seconds left.
|
|t:|1785278397
|move|p1a: Archaludon|Electro Shot||[still]
|-prepare|p1a: Archaludon|Electro Shot
|-boost|p1a: Archaludon|spa|1
|-anim|p1a: Archaludon|Electro Shot|p2a: Farigiraf
|-damage|p2a: Farigiraf|0 fnt
|faint|p2a: Farigiraf
|move|p1b: Pelipper|Weather Ball|p2b: Incineroar
|-supereffective|p2b: Incineroar|1
|-damage|p2b: Incineroar|0 fnt
|faint|p2b: Incineroar
|
|-weather|RainDance|[upkeep]
|upkeep
|
|t:|1785278412
|switch|p2b: Torkoal|Torkoal, L50, M|3/100
|-weather|SunnyDay|[from] ability: Drought|[of] p2b: Torkoal
|turn|14
|
|t:|1785278423
|move|p1a: Archaludon|Dragon Pulse|p2b: Torkoal
|-damage|p2b: Torkoal|0 fnt
|faint|p2b: Torkoal
|
|win|skyshakerX
|raw|skyshakerX's rating: 1086 → 1113(+27 for winning)
|raw|srpelea's rating: 1085 → 1062(-23 for losing)
|c|☆skyshakerX|gg
