|j|☆Ghost_Ecutioner
|j|☆Chreis
|html|Ghost_EcutionerChreis    
|uhtml|bestof|Game 2 of a best-of-3
|t:|1757825786
|gametype|doubles
|player|p1|Ghost_Ecutioner|clay|
|player|p2|Chreis|misty|
|gen|9
|tier|[Gen 9] VGC 2025 Reg H (Bo3)
|rule|Species Clause: Limit one of each Pokémon
|rule|Item Clause: Limit 1 of each item
|clearpoke
|poke|p1|Clefairy, L50, F|
|poke|p1|Sinistcha, L50|
|poke|p1|Granbull, L50, F|
|poke|p1|Hitmonchan, L50, M|
|poke|p1|Milotic, L50, F|
|poke|p1|Toxicroak, L50, F|
|poke|p2|Toxtricity, L50, M|
|poke|p2|Primarina, L50, F|
|poke|p2|Dragapult, L50, M|
|poke|p2|Bastiodon, L50, M|
|poke|p2|Volcarona, L50, F|
|poke|p2|Gallade, L50, M|
|teampreview|4
|showteam|p1|Clefairy||Eviolite|FriendGuard|HealPulse,HelpingHand,FollowMe,Protect|||F|||50|,,,,,Water]Sinistcha||AssaultVest|Hospitality|MatchaGotcha,Scald,Hex,TeraBlast||||||50|,,,,,Steel]Granbull||ChoiceBand|Intimidate|PlayRough,Earthquake,FirePunch,Protect|||F|||50|,,,,,Fairy]Hitmonchan||IapapaBerry|IronFist|DrainPunch,MachPunch,Protect,FakeOut|||M|||50|,,,,,Dark]Milotic||FlameOrb|MarvelScale|Recover,Protect,Scald,IceBeam|||F|||50|,,,,,Ice]Toxicroak||LifeOrb|DrySkin|Protect,GunkShot,DrainPunch,SuckerPunch|||F|||50|,,,,,Poison
|showteam|p2|Toxtricity||SitrusBerry|PunkRock|Boomburst,Discharge,SludgeWave,PsychicNoise|||M|||50|,,,,,Poison]Primarina||Leftovers|LiquidVoice|DrainingKiss,HyperVoice,SparklingAria,Protect|||F|||50|,,,,,Steel]Dragapult||ChoiceBand|Infiltrator|DragonDarts,Uturn,PhantomForce,TeraBlast|||M|||50|,,,,,Fighting]Bastiodon||RockyHelmet|Sturdy|Protect,Reflect,StealthRock,Bulldoze|||M|||50|,,,,,Water]Volcarona||FocusSash|Swarm|BugBuzz,FireBlast,FieryDance,QuiverDance|||F|||50|,,,,,Steel]Gallade||LifeOrb|Sharpness|PsychoCut,XScissor,AquaCutter,SacredSword|||M|||50|,,,,,Water
|
|t:|1757825802
|teamsize|p1|4
|teamsize|p2|4
|start
|switch|p1a: Hitmonchan|Hitmonchan, L50, M|100/100
|switch|p1b: Clefairy|Clefairy, L50, F, shiny|100/100
|switch|p2a: Primarina|Primarina, L50, F|100/100
|switch|p2b: Volcarona|Volcarona, L50, F|100/100
|turn|1
|
|t:|1757825827
|move|p1b: Clefairy|Protect|p1b: Clefairy
|-singleturn|p1b: Clefairy|Protect
|move|p1a: Hitmonchan|Fake Out|p2b: Volcarona
|-damage|p2b: Volcarona|84/100
|cant|p2b: Volcarona|flinch
|move|p2a: Primarina|Hyper Voice|p1b: Clefairy|[spread] p1a
|-activate|p1b: Clefairy|move: Protect
|-damage|p1a: Hitmonchan|75/100
|
|upkeep
|turn|2
|
|t:|1757825849
|move|p1b: Clefairy|Helping Hand|p1a: Hitmonchan
|-singleturn|p1a: Hitmonchan|Helping Hand|[of] p1b: Clefairy
|move|p2b: Volcarona|Quiver Dance|p2b: Volcarona
|-boost|p2b: Volcarona|spa|1
|-boost|p2b: Volcarona|spd|1
|-boost|p2b: Volcarona|spe|1
|move|p1a: Hitmonchan|Drain Punch|p2b: Volcarona
|-resisted|p2b: Volcarona
|-damage|p2b: Volcarona|46/100
|-heal|p1a: Hitmonchan|94/100|[from] drain|[of] p2b: Volcarona
|move|p2a: Primarina|Hyper Voice|p1b: Clefairy|[spread] p1a,p1b
|-damage|p1a: Hitmonchan|71/100
|-damage|p1b: Clefairy|73/100
|
|upkeep
|turn|3
|
|t:|1757825881
|switch|p1a: Sinistcha|Sinistcha, L50|100/100
|-heal|p1b: Clefairy|98/100|[from] ability: Hospitality|[of] p1a: Sinistcha
|switch|p1b: Toxicroak|Toxicroak, L50, F|100/100
|move|p2b: Volcarona|Fiery Dance|p1a: Sinistcha
|-supereffective|p1a: Sinistcha
|-damage|p1a: Sinistcha|0 fnt
|faint|p1a: Sinistcha
|move|p2a: Primarina|Hyper Voice|p1b: Toxicroak
|-immune|p1b: Toxicroak|[from] ability: Dry Skin
|
|upkeep
|
|t:|1757825893
|switch|p1a: Clefairy|Clefairy, L50, F, shiny|98/100
|turn|4
|
|t:|1757825904
|move|p2a: Primarina|Protect|p2a: Primarina
|-singleturn|p2a: Primarina|Protect
|move|p1a: Clefairy|Follow Me|p1a: Clefairy
|-singleturn|p1a: Clefairy|move: Follow Me
|move|p2b: Volcarona|Fire Blast|p1a: Clefairy
|-damage|p1a: Clefairy|28/100
|move|p1b: Toxicroak|Gunk Shot|p2a: Primarina
|-activate|p2a: Primarina|move: Protect
|
|upkeep
|turn|5
|
|t:|1757825938
|move|p1a: Clefairy|Protect|p1a: Clefairy
|-singleturn|p1a: Clefairy|Protect
|move|p2b: Volcarona|Fire Blast|p1b: Toxicroak
|-damage|p1b: Toxicroak|0 fnt
|faint|p1b: Toxicroak
|move|p2a: Primarina|Draining Kiss|p1a: Clefairy
|-activate|p1a: Clefairy|move: Protect
|
|upkeep
|
|t:|1757825946
|switch|p1b: Hitmonchan|Hitmonchan, L50, M|71/100
|turn|6
|
|t:|1757825955
|move|p1b: Hitmonchan|Fake Out|p2b: Volcarona
|-damage|p2b: Volcarona|32/100
|move|p1a: Clefairy|Follow Me|p1a: Clefairy
|-singleturn|p1a: Clefairy|move: Follow Me
|cant|p2b: Volcarona|flinch
|move|p2a: Primarina|Hyper Voice|p1b: Hitmonchan|[spread] p1a,p1b
|-damage|p1a: Clefairy|2/100
|-damage|p1b: Hitmonchan|44/100
|
|upkeep
|turn|7
|
|t:|1757825975
|move|p1a: Clefairy|Helping Hand|p1b: Hitmonchan
|-singleturn|p1b: Hitmonchan|Helping Hand|[of] p1a: Clefairy
|move|p1b: Hitmonchan|Mach Punch|p2b: Volcarona
|-resisted|p2b: Volcarona
|-damage|p2b: Volcarona|9/100
|move|p2b: Volcarona|Fiery Dance|p1b: Hitmonchan
|-damage|p1b: Hitmonchan|0 fnt
|faint|p1b: Hitmonchan
|move|p2a: Primarina|Hyper Voice|p1a: Clefairy
|-damage|p1a: Clefairy|0 fnt
|faint|p1a: Clefairy
|
|win|Chreis
|inactive|Ghost_Ecutioner has 30 seconds to confirm battle start!
|inactive|Chreis has 30 seconds to confirm battle start!
||Chreis is ready for game 3.
||Ghost_Ecutioner is ready for game 3.
|uhtml|next|Next: Game 3 of 3
|l|☆Chreis
|player|p2|
|l|☆Ghost_Ecutioner
|player|p1|
