|j|☆jpishere
|j|☆psywave
|html|jpisherepsywave    
|uhtml|bestof|Game 1 of a best-of-3
|t:|1757910725
|gametype|doubles
|player|p1|jpishere|palmer|
|player|p2|psywave|brycenman|
|gen|9
|tier|[Gen 9] VGC 2025 Reg H (Bo3)
|rule|Species Clause: Limit one of each Pokémon
|rule|Item Clause: Limit 1 of each item
|clearpoke
|poke|p1|Typhlosion-Hisui, L50, F|
|poke|p1|Ursaluna-Bloodmoon, L50, M|
|poke|p1|Whimsicott, L50, F|
|poke|p1|Incineroar, L50, F|
|poke|p1|Rillaboom, L50, F|
|poke|p1|Farigiraf, L50, M|
|poke|p2|Torkoal, L50, F|
|poke|p2|Indeedee-F, L50, F|
|poke|p2|Gallade, L50, M|
|poke|p2|Ursaluna, L50, F|
|poke|p2|Hatterene, L50, F|
|poke|p2|Maushold-Four, L50|
|teampreview|4
|showteam|p1|Typhlosion-Hisui||ChoiceSpecs|Frisk|Eruption,Overheat,HeatWave,ShadowBall|||F|||50|,,,,,Fire]Ursaluna-Bloodmoon||LifeOrb|MindsEye|Protect,EarthPower,BloodMoon,HyperVoice|||M|||50|,,,,,Normal]Whimsicott||CovertCloak|Prankster|Tailwind,SunnyDay,Moonblast,HelpingHand|||F|||50|,,,,,Grass]Incineroar||SafetyGoggles|Intimidate|FakeOut,PartingShot,FlareBlitz,KnockOff|||F|||50|,,,,,Ghost]Rillaboom||AssaultVest|GrassySurge|FakeOut,WoodHammer,GrassyGlide,Uturn|||F|||50|,,,,,Water]Farigiraf||SitrusBerry|ArmorTail|TrickRoom,HelpingHand,Psychic,DazzlingGleam|||M|||50|,,,,,Normal
|showteam|p2|Torkoal||ChoiceSpecs|Drought|Eruption,EarthPower,HeatWave,WeatherBall|||F|||50|,,,,,Fire]Indeedee-F||PsychicSeed|PsychicSurge|FollowMe,HelpingHand,Psychic,TrickRoom|||F|||50|,,,,,Fairy]Gallade||ClearAmulet|Sharpness|SacredSword,WideGuard,PsychoCut,TrickRoom|||M|||50|,,,,,Grass]Ursaluna||FlameOrb|Guts|Protect,Facade,Earthquake,HeadlongRush|||F|||50|,,,,,Ghost]Hatterene||LifeOrb|MagicBounce|ExpandingForce,TrickRoom,MysticalFire,DazzlingGleam|||F|||50|,,,,,Fire]Maushold-Four||WideLens|Technician|Protect,PopulationBomb,Taunt,FollowMe||||||50|,,,,,Bug
|
|t:|1757910768
|teamsize|p1|4
|teamsize|p2|4
|start
|switch|p1a: Typhlosion|Typhlosion-Hisui, L50, F|100/100
|switch|p1b: Ursaluna|Ursaluna-Bloodmoon, L50, M|100/100
|switch|p2a: 6.3% pigeon|Gallade, L50, M|100/100
|switch|p2b: 31|Indeedee-F, L50, F|100/100
|-item|p2a: 6.3% pigeon|Clear Amulet|[from] ability: Frisk|[of] p1a: Typhlosion
|-item|p2b: 31|Psychic Seed|[from] ability: Frisk|[of] p1a: Typhlosion
|-fieldstart|move: Psychic Terrain|[from] ability: Psychic Surge|[of] p2b: 31
|-enditem|p2b: 31|Psychic Seed
|-boost|p2b: 31|spd|1|[from] item: Psychic Seed
|turn|1
|
|t:|1757910860
|move|p2a: 6.3% pigeon|Wide Guard|p2a: 6.3% pigeon
|-singleturn|p2a: 6.3% pigeon|Wide Guard
|move|p1a: Typhlosion|Overheat|p2b: 31
|-damage|p2b: 31|33/100
|-unboost|p1a: Typhlosion|spa|2
|move|p1b: Ursaluna|Blood Moon|p2a: 6.3% pigeon
|-damage|p2a: 6.3% pigeon|0 fnt
|faint|p2a: 6.3% pigeon
|-damage|p1b: Ursaluna|91/100|[from] item: Life Orb
|move|p2b: 31|Trick Room|p2b: 31
|-fieldstart|move: Trick Room|[of] p2b: 31
|
|upkeep
|
|t:|1757910909
|switch|p2a: 68.8% E.P.|Torkoal, L50, F|100/100
|-weather|SunnyDay|[from] ability: Drought|[of] p2a: 68.8% E.P.
|turn|2
|
|t:|1757910958
|switch|p2b: 69% money maker|Ursaluna, L50, F|100/100
|switch|p1a: Incineroar|Incineroar, L50, F|100/100
|-ability|p1a: Incineroar|Intimidate|boost
|-unboost|p2a: 68.8% E.P.|atk|1
|-unboost|p2b: 69% money maker|atk|1
|-terastallize|p2a: 68.8% E.P.|Fire
|move|p1b: Ursaluna|Protect|p1b: Ursaluna
|-singleturn|p1b: Ursaluna|Protect
|move|p2a: 68.8% E.P.|Eruption|p1b: Ursaluna|[spread] p1a
|-activate|p1b: Ursaluna|move: Protect
|-resisted|p1a: Incineroar
|-damage|p1a: Incineroar|18/100
|
|-weather|SunnyDay|[upkeep]
|-status|p2b: 69% money maker|brn|[from] item: Flame Orb
|upkeep
|turn|3
|
|t:|1757911123
|switch|p1b: Rillaboom|Rillaboom, L50, F|100/100
|-fieldstart|move: Grassy Terrain|[from] ability: Grassy Surge|[of] p1b: Rillaboom
|move|p1a: Incineroar|Fake Out|p2a: 68.8% E.P.
|-damage|p2a: 68.8% E.P.|90/100
|cant|p2a: 68.8% E.P.|flinch
|move|p2b: 69% money maker|Facade|p1a: Incineroar
|-damage|p1a: Incineroar|0 fnt
|faint|p1a: Incineroar
|
|-weather|SunnyDay|[upkeep]
|-heal|p2a: 68.8% E.P.|96/100|[from] Grassy Terrain
|-damage|p2b: 69% money maker|95/100 brn|[from] brn
|upkeep
|
|t:|1757911161
|switch|p1a: Ursaluna|Ursaluna-Bloodmoon, L50, M|91/100
|turn|4
|
|t:|1757911211
|switch|p2b: 31|Indeedee-F, L50, F|33/100
|-fieldstart|move: Psychic Terrain|[from] ability: Psychic Surge|[of] p2b: 31
|switch|p1b: Typhlosion|Typhlosion-Hisui, L50, F|100/100
|-item|p2a: 68.8% E.P.|Choice Specs|[from] ability: Frisk|[of] p1b: Typhlosion
|move|p1a: Ursaluna|Protect|p1a: Ursaluna
|-singleturn|p1a: Ursaluna|Protect
|move|p2a: 68.8% E.P.|Eruption|p1a: Ursaluna|[spread] p1b
|-activate|p1a: Ursaluna|move: Protect
|-resisted|p1b: Typhlosion
|-damage|p1b: Typhlosion|11/100
|
|-weather|SunnyDay|[upkeep]
|upkeep
|turn|5
|
|t:|1757911275
|move|p2b: 31|Helping Hand|p2a: 68.8% E.P.
|-singleturn|p2a: 68.8% E.P.|Helping Hand|[of] p2b: 31
|move|p1a: Ursaluna|Protect|p1a: Ursaluna
|-singleturn|p1a: Ursaluna|Protect
|move|p2a: 68.8% E.P.|Eruption|p1a: Ursaluna|[spread] p1b
|-activate|p1a: Ursaluna|move: Protect
|-resisted|p1b: Typhlosion
|-damage|p1b: Typhlosion|0 fnt
|faint|p1b: Typhlosion
|
|-weather|SunnyDay|[upkeep]
|-fieldend|move: Trick Room
|upkeep
|
|t:|1757911289
|switch|p1b: Rillaboom|Rillaboom, L50, F|100/100
|-fieldstart|move: Grassy Terrain|[from] ability: Grassy Surge|[of] p1b: Rillaboom
|turn|6
|
|t:|1757911331
|move|p1b: Rillaboom|Fake Out|p2b: 31
|-damage|p2b: 31|22/100
|move|p1a: Ursaluna|Earth Power|p2a: 68.8% E.P.
|-supereffective|p2a: 68.8% E.P.
|-damage|p2a: 68.8% E.P.|0 fnt
|faint|p2a: 68.8% E.P.
|-damage|p1a: Ursaluna|81/100|[from] item: Life Orb
|cant|p2b: 31|flinch
|
|-weather|none
|-heal|p1a: Ursaluna|87/100|[from] Grassy Terrain
|-heal|p2b: 31|28/100|[from] Grassy Terrain
|upkeep
|
|t:|1757911342
|switch|p2a: 69% money maker|Ursaluna, L50, F|95/100 brn
|turn|7
|
|t:|1757911356
|move|p2b: 31|Follow Me|p2b: 31
|-singleturn|p2b: 31|move: Follow Me
|move|p1a: Ursaluna|Hyper Voice|p2b: 31|[spread] p2a,p2b
|-damage|p2a: 69% money maker|49/100 brn
|-damage|p2b: 31|0 fnt
|faint|p2b: 31
|-damage|p1a: Ursaluna|78/100|[from] item: Life Orb
|move|p1b: Rillaboom|Wood Hammer|p2a: 69% money maker
|-supereffective|p2a: 69% money maker
|-damage|p2a: 69% money maker|0 fnt
|faint|p2a: 69% money maker
|-damage|p1b: Rillaboom|85/100|[from] Recoil
|
|win|jpishere
|inactive|jpishere has 30 seconds to confirm battle start!
|inactive|psywave has 30 seconds to confirm battle start!
||psywave is ready for game 2.
||jpishere is ready for game 2.
|uhtml|next|Next: Game 2 of 3
|l|☆psywave
|player|p2|
