|j|☆Mclovingods
|j|☆starling01
|html|Mclovingodsstarling01    
|uhtml|bestof|Game 1 of a best-of-3
|t:|1782255922
|gametype|doubles
|player|p1|Mclovingods|102|1160
|player|p2|starling01|taunie|1147
|gen|9
|tier|[Gen 9 Champions] VGC 2026 Reg M-B (Bo3)
|rated|
|rule|Species Clause: Limit one of each Pokémon
|rule|Item Clause: Limit 1 of each item
|clearpoke
|poke|p1|Delphox, L50, M|
|poke|p1|Basculegion, L50, M|
|poke|p1|Sinistcha, L50|
|poke|p1|Incineroar, L50, F|
|poke|p1|Garchomp, L50, F|
|poke|p1|Staraptor, L50, F|
|poke|p2|Staraptor, L50, M|
|poke|p2|Incineroar, L50, M|
|poke|p2|Sinistcha, L50|
|poke|p2|Maushold, L50|
|poke|p2|Delphox, L50, F|
|poke|p2|Grimmsnarl, L50, M|
|teampreview|4
|showteam|p1|Delphox||Delphoxite|Blaze|NastyPlot,HeatWave,Psychic,Protect|Timid||M|||50|]Basculegion||MysticWater|Adaptability|WaveCrash,AquaJet,LastRespects,Protect|Jolly||M|||50|]Sinistcha||KasibBerry|Hospitality|MatchaGotcha,RagePowder,Protect,TrickRoom|Calm|||||50|]Incineroar||SitrusBerry|Intimidate|FakeOut,PartingShot,FlareBlitz,DarkestLariat|Careful||F|||50|]Garchomp||LifeOrb|RoughSkin|Earthquake,DragonClaw,RockSlide,Protect|Jolly||F|||50|]Staraptor||Staraptite|Intimidate|CloseCombat,BraveBird,Protect,Uturn|Jolly||F|||50|
|showteam|p2|Staraptor||Staraptite|Intimidate|CloseCombat,DualWingbeat,Roost,Protect|Jolly||M|||50|]Incineroar||SitrusBerry|Intimidate|FlareBlitz,ThroatChop,FakeOut,PartingShot|Careful||M|||50|]Sinistcha||KasibBerry|Hospitality|MatchaGotcha,LifeDew,RagePowder,Protect|Bold|||||50|]Maushold||FocusSash|FriendGuard|SunnyDay,FollowMe,Charm,Protect|Timid|||||50|]Delphox||Delphoxite|Blaze|HeatWave,Psyshock,NastyPlot,Protect|Timid||F|||50|]Grimmsnarl||RoseliBerry|Prankster|FakeOut,SpiritBreak,FakeTears,PartingShot|Impish||M|||50|
|inactive|Battle timer is ON: inactive players will automatically lose when time's up. (requested by starling01)
|
|t:|1782255944
|teamsize|p1|4
|teamsize|p2|4
|start
|switch|p1a: Delphox|Delphox, L50, M|100/100
|switch|p1b: Sinistcha|Sinistcha, L50|100/100
|switch|p2a: Staraptor|Staraptor, L50, M|100/100
|switch|p2b: Grimmsnarl|Grimmsnarl, L50, M|100/100
|-ability|p2a: Staraptor|Intimidate|boost
|-unboost|p1a: Delphox|atk|1
|-unboost|p1b: Sinistcha|atk|1
|turn|1
|inactive|starling01 has 30 seconds left.
|
|t:|1782255978
|switch|p1b: Basculegion|Basculegion, L50, M|100/100
|detailschange|p1a: Delphox|Delphox-Mega, L50, M
|-mega|p1a: Delphox|Delphox|Delphoxite
|detailschange|p2a: Staraptor|Staraptor-Mega, L50, M
|-mega|p2a: Staraptor|Staraptor|Staraptite
|move|p1a: Delphox|Protect|p1a: Delphox
|-singleturn|p1a: Delphox|Protect
|move|p2b: Grimmsnarl|Fake Tears|p2a: Staraptor
|-boost|p2a: Staraptor|spd|2
|move|p2a: Staraptor|Dual Wingbeat|p1b: Basculegion
|-damage|p1b: Basculegion|72/100
|-damage|p1b: Basculegion|44/100
|-hitcount|p1b: Basculegion|2
|
|upkeep
|turn|2
|
|t:|1782255995
|move|p2b: Grimmsnarl|Parting Shot|p1a: Delphox
|-unboost|p1a: Delphox|atk|1
|-unboost|p1a: Delphox|spa|1
|
|t:|1782255999
|switch|p2b: Maushold|Maushold, L50|100/100|[from] Parting Shot
|move|p1a: Delphox|Psychic|p2a: Staraptor
|-supereffective|p2a: Staraptor|1
|-damage|p2a: Staraptor|69/100
|-boost|p2a: Staraptor|spd|1
|move|p2a: Staraptor|Close Combat|p1a: Delphox
|-resisted|p1a: Delphox|1
|-damage|p1a: Delphox|55/100
|-boost|p2a: Staraptor|def|1
|-boost|p2a: Staraptor|spd|1
|move|p1b: Basculegion|Wave Crash|p2a: Staraptor
|-damage|p2a: Staraptor|15/100
|-damage|p1b: Basculegion|29/100|[from] Recoil
|
|upkeep
|turn|3
|inactive|starling01 has 30 seconds left.
|
|t:|1782256027
|move|p1a: Delphox|Protect|p1a: Delphox
|-singleturn|p1a: Delphox|Protect
|move|p2b: Maushold|Follow Me|p2b: Maushold
|-singleturn|p2b: Maushold|move: Follow Me
|move|p1b: Basculegion|Aqua Jet|p2b: Maushold
|-damage|p2b: Maushold|61/100
|move|p2a: Staraptor|Roost|p2a: Staraptor
|-heal|p2a: Staraptor|65/100
|-singleturn|p2a: Staraptor|move: Roost
|
|upkeep
|turn|4
|
|t:|1782256040
|move|p1a: Delphox|Nasty Plot|p1a: Delphox
|-boost|p1a: Delphox|spa|2
|move|p2b: Maushold|Charm|p2a: Staraptor
|-boost|p2a: Staraptor|atk|2
|move|p2a: Staraptor|Dual Wingbeat|p1b: Basculegion
|-damage|p1b: Basculegion|0 fnt
|faint|p1b: Basculegion
|-hitcount|p1: Basculegion|1
|
|upkeep
|
|t:|1782256047
|switch|p1b: Sinistcha|Sinistcha, L50|100/100
|-heal|p1a: Delphox|80/100|[from] ability: Hospitality|[of] p1b: Sinistcha
|turn|5
|
|t:|1782256059
|switch|p2b: Sinistcha|Sinistcha, L50|100/100
|-heal|p2a: Staraptor|90/100|[from] ability: Hospitality|[of] p2b: Sinistcha
|switch|p1b: Garchomp|Garchomp, L50, F|100/100
|move|p1a: Delphox|Heat Wave|p2a: Staraptor|[spread] p2a,p2b
|-supereffective|p2b: Sinistcha|1
|-damage|p2a: Staraptor|66/100
|-damage|p2b: Sinistcha|0 fnt
|-status|p2a: Staraptor|brn
|faint|p2b: Sinistcha
|move|p2a: Staraptor|Dual Wingbeat|p1a: Delphox
|-damage|p1a: Delphox|51/100
|-damage|p1a: Delphox|22/100
|-hitcount|p1a: Delphox|2
|
|-damage|p2a: Staraptor|60/100 brn|[from] brn
|upkeep
|
|t:|1782256082
|switch|p2b: Grimmsnarl|Grimmsnarl, L50, M|100/100
|turn|6
|
|t:|1782256092
|move|p2b: Grimmsnarl|Fake Out|p1a: Delphox
|-damage|p1a: Delphox|6/100
|cant|p1a: Delphox|flinch
|move|p2a: Staraptor|Close Combat|p1b: Garchomp
|-damage|p1b: Garchomp|34/100
|-boost|p2a: Staraptor|def|1
|-boost|p2a: Staraptor|spd|1
|-damage|p2a: Staraptor|47/100 brn|[from] ability: Rough Skin|[of] p1b: Garchomp
|move|p1b: Garchomp|Rock Slide|p2a: Staraptor|[spread] p2a,p2b
|-damage|p2a: Staraptor|33/100 brn
|-damage|p2b: Grimmsnarl|76/100
|-damage|p1b: Garchomp|24/100|[from] item: Life Orb
|
|-damage|p2a: Staraptor|27/100 brn|[from] brn
|upkeep
|turn|7
|
|t:|1782256112
|move|p2b: Grimmsnarl|Parting Shot|p1a: Delphox
|-unboost|p1a: Delphox|atk|1
|-unboost|p1a: Delphox|spa|1
|
|t:|1782256115
|switch|p2b: Maushold|Maushold, L50|61/100|[from] Parting Shot
|move|p1a: Delphox|Heat Wave|p2a: Staraptor|[spread] p2a,p2b
|-damage|p2a: Staraptor|18/100 brn
|-damage|p2b: Maushold|5/100
|move|p2a: Staraptor|Roost|p2a: Staraptor
|-heal|p2a: Staraptor|68/100 brn
|-singleturn|p2a: Staraptor|move: Roost
|move|p1b: Garchomp|Rock Slide|p2b: Maushold|[spread] p2a
|-miss|p1b: Garchomp|p2b: Maushold
|-resisted|p2a: Staraptor|1
|-damage|p2a: Staraptor|63/100 brn
|-damage|p1b: Garchomp|14/100|[from] item: Life Orb
|
|-damage|p2a: Staraptor|57/100 brn|[from] brn
|upkeep
|turn|8
|
|t:|1782256127
|move|p2b: Maushold|Follow Me|p2b: Maushold
|-singleturn|p2b: Maushold|move: Follow Me
|move|p1a: Delphox|Heat Wave|p2b: Maushold|[spread] p2a,p2b
|-damage|p2a: Staraptor|47/100 brn
|-damage|p2b: Maushold|0 fnt
|faint|p2b: Maushold
|move|p2a: Staraptor|Close Combat|p1a: Delphox
|-resisted|p1a: Delphox|1
|-damage|p1a: Delphox|0 fnt
|-boost|p2a: Staraptor|def|1
|-boost|p2a: Staraptor|spd|1
|faint|p1a: Delphox
|move|p1b: Garchomp|Rock Slide|p2a: Staraptor
|-damage|p2a: Staraptor|33/100 brn
|-damage|p1b: Garchomp|4/100|[from] item: Life Orb
|
|-damage|p2a: Staraptor|27/100 brn|[from] brn
|upkeep
|
|t:|1782256143
|switch|p1a: Sinistcha|Sinistcha, L50|100/100
|switch|p2b: Grimmsnarl|Grimmsnarl, L50, M|76/100
|-heal|p1b: Garchomp|29/100|[from] ability: Hospitality|[of] p1a: Sinistcha
|turn|9
|
|t:|1782256155
|move|p2b: Grimmsnarl|Fake Out|p1b: Garchomp
|-damage|p1b: Garchomp|17/100
|-damage|p2b: Grimmsnarl|63/100|[from] ability: Rough Skin|[of] p1b: Garchomp
|move|p1a: Sinistcha|Rage Powder|p1a: Sinistcha
|-singleturn|p1a: Sinistcha|move: Rage Powder
|move|p2a: Staraptor|Roost|p2a: Staraptor
|-heal|p2a: Staraptor|77/100 brn
|-singleturn|p2a: Staraptor|move: Roost
|cant|p1b: Garchomp|flinch
|
|-damage|p2a: Staraptor|71/100 brn|[from] brn
|upkeep
|turn|10
|
|t:|1782256170
|move|p1a: Sinistcha|Rage Powder|p1a: Sinistcha
|-singleturn|p1a: Sinistcha|move: Rage Powder
|move|p2b: Grimmsnarl|Parting Shot|p1a: Sinistcha
|-unboost|p1a: Sinistcha|atk|1
|-unboost|p1a: Sinistcha|spa|1
|move|p2a: Staraptor|Dual Wingbeat|p1a: Sinistcha
|-supereffective|p1a: Sinistcha|1
|-damage|p1a: Sinistcha|63/100
|-supereffective|p1a: Sinistcha|1
|-damage|p1a: Sinistcha|23/100
|-hitcount|p1a: Sinistcha|2
|move|p1b: Garchomp|Rock Slide|p2b: Grimmsnarl|[spread] p2a,p2b
|-damage|p2a: Staraptor|60/100 brn
|-damage|p2b: Grimmsnarl|37/100
|-damage|p1b: Garchomp|8/100|[from] item: Life Orb
|
|-damage|p2a: Staraptor|54/100 brn|[from] brn
|upkeep
|turn|11
|
|t:|1782256186
|move|p1a: Sinistcha|Rage Powder|p1a: Sinistcha
|-singleturn|p1a: Sinistcha|move: Rage Powder
|move|p2a: Staraptor|Dual Wingbeat|p1a: Sinistcha
|-supereffective|p1a: Sinistcha|1
|-damage|p1a: Sinistcha|0 fnt
|faint|p1a: Sinistcha
|-hitcount|p1: Sinistcha|1
|move|p1b: Garchomp|Rock Slide|p2b: Grimmsnarl|[spread] p2a,p2b
|-damage|p2a: Staraptor|42/100 brn
|-damage|p2b: Grimmsnarl|13/100
|-damage|p1b: Garchomp|0 fnt|[from] item: Life Orb
|faint|p1b: Garchomp
|
|win|starling01
||Mclovingods is ready for game 2.
||starling01 is ready for game 2.
|uhtml|next|Next: Game 2 of 3
|l|☆starling01
|player|p2|
