|j|☆EchoShadowYT
|j|☆Oscarbolt
|html|EchoShadowYTOscarbolt    
|uhtml|bestof|Game 2 of a best-of-3
|t:|1783708762
|gametype|doubles
|player|p1|EchoShadowYT|skierf|1327
|player|p2|Oscarbolt|265|1343
|gen|9
|tier|[Gen 9 Champions] VGC 2026 Reg M-B (Bo3)
|rated|
|rule|Species Clause: Limit one of each Pokémon
|rule|Item Clause: Limit 1 of each item
|clearpoke
|poke|p1|Delphox, L50, M|
|poke|p1|Sneasler, L50, F|
|poke|p1|Floette-Eternal, L50, F|
|poke|p1|Kingambit, L50, F|
|poke|p1|Incineroar, L50, F|
|poke|p1|Sinistcha, L50|
|poke|p2|Pyroar, L50, F|
|poke|p2|Farigiraf, L50, M|
|poke|p2|Torkoal, L50, F|
|poke|p2|Vileplume, L50, M|
|poke|p2|Floette-Eternal, L50, F|
|poke|p2|Basculegion, L50, M|
|teampreview|4
|showteam|p1|Delphox||Delphoxite|Blaze|HeatWave,Psyshock,NastyPlot,Protect|Timid||M|||50|]Sneasler||FocusSash|PoisonTouch|DireClaw,CloseCombat,FakeOut,Protect|Jolly||F|||50|]Floette-Eternal||Floettite|FlowerVeil|DazzlingGleam,DrainingKiss,CalmMind,Protect|Modest||F|||50|]Kingambit||BlackGlasses|Defiant|KowtowCleave,SuckerPunch,SwordsDance,Protect|Adamant||F|||50|]Incineroar||SitrusBerry|Intimidate|ThroatChop,FlareBlitz,PartingShot,FakeOut|Impish||F|||50|]Sinistcha||KasibBerry|Hospitality|MatchaGotcha,RagePowder,TrickRoom,Protect|Calm|||||50|
|showteam|p2|Pyroar||Pyroarite|Unnerve|HeatWave,Overheat,SolarBeam,Protect|Timid||F|||50|]Farigiraf||ColburBerry|ArmorTail|PsychicFangs,Thunderbolt,TrickRoom,HelpingHand|Sassy||M|||50|]Torkoal||Charcoal|Drought|WeatherBall,Eruption,Protect,HelpingHand|Quiet||F|||50|]Vileplume||FocusSash|Chlorophyll|SleepPowder,AfterYou,SolarBeam,SludgeBomb|Timid||M|||50|]Floette-Eternal||Floettite|FlowerVeil|Moonblast,Protect,DazzlingGleam,CalmMind|Modest||F|||50|]Basculegion||LifeOrb|Adaptability|LastRespects,WaveCrash,AquaJet,Protect|Jolly||M|||50|
|inactive|Battle timer is ON: inactive players will automatically lose when time's up. (requested by EchoShadowYT)
|
|t:|1783708785
|teamsize|p1|4
|teamsize|p2|4
|start
|switch|p1a: Kingambit|Kingambit, L50, F|100/100
|switch|p1b: Delphox|Delphox, L50, M|100/100
|switch|p2a: Pyroar|Pyroar, L50, F|100/100
|switch|p2b: Farigiraf|Farigiraf, L50, M|100/100
|-ability|p2a: Pyroar|Unnerve
|turn|1
|
|t:|1783708800
|switch|p1a: Incineroar|Incineroar, L50, F|100/100
|-ability|p1a: Incineroar|Intimidate|boost
|-unboost|p2a: Pyroar|atk|1
|-unboost|p2b: Farigiraf|atk|1
|detailschange|p2a: Pyroar|Pyroar-Mega, L50, F
|-mega|p2a: Pyroar|Pyroar|Pyroarite
|detailschange|p1b: Delphox|Delphox-Mega, L50, M
|-mega|p1b: Delphox|Delphox|Delphoxite
|move|p1b: Delphox|Nasty Plot|p1b: Delphox
|-boost|p1b: Delphox|spa|2
|move|p2a: Pyroar|Heat Wave|p1b: Delphox|[spread] p1a,p1b
|-resisted|p1a: Incineroar|1
|-resisted|p1b: Delphox|1
|-damage|p1a: Incineroar|76/100
|-damage|p1b: Delphox|73/100
|move|p2b: Farigiraf|Trick Room|p2b: Farigiraf
|-fieldstart|move: Trick Room|[of] p2b: Farigiraf
|
|upkeep
|turn|2
|
|t:|1783708818
|switch|p2b: Torkoal|Torkoal, L50, F|100/100
|-weather|SunnyDay|[from] ability: Drought|[of] p2b: Torkoal
|move|p1a: Incineroar|Throat Chop|p2b: Torkoal
|-crit|p2b: Torkoal
|-damage|p2b: Torkoal|66/100
|-start|p2b: Torkoal|Throat Chop|[silent]
|move|p2a: Pyroar|Overheat|p1b: Delphox
|-resisted|p1b: Delphox|1
|-damage|p1b: Delphox|1/100
|-unboost|p2a: Pyroar|spa|2
|move|p1b: Delphox|Heat Wave|p2a: Pyroar|[spread] p2a
|-miss|p1b: Delphox|p2b: Torkoal
|-resisted|p2a: Pyroar|1
|-damage|p2a: Pyroar|26/100
|
|-weather|SunnyDay|[upkeep]
|upkeep
|turn|3
|inactive|EchoShadowYT has 30 seconds left.
|
|t:|1783708843
|switch|p2a: Farigiraf|Farigiraf, L50, M|100/100
|move|p1b: Delphox|Protect|p1b: Delphox
|-singleturn|p1b: Delphox|Protect
|move|p2b: Torkoal|Eruption|p1b: Delphox|[spread] p1a
|-activate|p1b: Delphox|move: Protect
|-resisted|p1a: Incineroar|1
|-damage|p1a: Incineroar|49/100
|-enditem|p1a: Incineroar|Sitrus Berry|[eat]
|-heal|p1a: Incineroar|74/100|[from] item: Sitrus Berry
|move|p1a: Incineroar|Throat Chop|p2b: Torkoal
|-damage|p2b: Torkoal|43/100
|
|-weather|SunnyDay|[upkeep]
|-end|p2b: Torkoal|Throat Chop|[silent]
|upkeep
|turn|4
|inactive|EchoShadowYT has 30 seconds left.
|
|t:|1783708869
|move|p2b: Torkoal|Eruption|p1a: Incineroar|[spread] p1a,p1b
|-resisted|p1a: Incineroar|1
|-resisted|p1b: Delphox|1
|-damage|p1a: Incineroar|58/100
|-damage|p1b: Delphox|0 fnt
|faint|p1b: Delphox
|move|p2a: Farigiraf|Thunderbolt|p1a: Incineroar
|-damage|p1a: Incineroar|39/100
|move|p1a: Incineroar|Throat Chop|p2a: Farigiraf
|-supereffective|p2a: Farigiraf|1
|-enditem|p2a: Farigiraf|Colbur Berry|[eat]
|-enditem|p2a: Farigiraf|Colbur Berry|[weaken]
|-damage|p2a: Farigiraf|66/100
|-start|p2a: Farigiraf|Throat Chop|[silent]
|
|-weather|SunnyDay|[upkeep]
|upkeep
|
|t:|1783708888
|switch|p1b: Sneasler|Sneasler, L50, F|100/100
|turn|5
|
|t:|1783708898
|move|p1b: Sneasler|Protect|p1b: Sneasler
|-singleturn|p1b: Sneasler|Protect
|move|p2b: Torkoal|Weather Ball|p1a: Incineroar
|-resisted|p1a: Incineroar|1
|-damage|p1a: Incineroar|6/100
|move|p2a: Farigiraf|Psychic Fangs|p1b: Sneasler
|-activate|p1b: Sneasler|move: Protect
|move|p1a: Incineroar|Throat Chop|p2a: Farigiraf
|-supereffective|p2a: Farigiraf|1
|-damage|p2a: Farigiraf|3/100
|
|-weather|SunnyDay|[upkeep]
|-end|p2a: Farigiraf|Throat Chop|[silent]
|-fieldend|move: Trick Room
|upkeep
|turn|6
|inactive|Oscarbolt has 30 seconds left.
|
|t:|1783708929
|move|p2b: Torkoal|Protect|p2b: Torkoal
|-singleturn|p2b: Torkoal|Protect
|move|p1b: Sneasler|Dire Claw|p2a: Farigiraf
|-damage|p2a: Farigiraf|0 fnt
|faint|p2a: Farigiraf
|move|p1a: Incineroar|Throat Chop|p2b: Torkoal
|-activate|p2b: Torkoal|move: Protect
|
|-weather|none
|upkeep
|
|t:|1783708939
|switch|p2a: Pyroar|Pyroar-Mega, L50, F|26/100
|turn|7
|
|t:|1783708957
|move|p1b: Sneasler|Protect|p1b: Sneasler
|-singleturn|p1b: Sneasler|Protect
|move|p2a: Pyroar|Heat Wave|p1a: Incineroar|[spread] p1a
|-activate|p1b: Sneasler|move: Protect
|-resisted|p1a: Incineroar|1
|-damage|p1a: Incineroar|0 fnt
|faint|p1a: Incineroar
|move|p2b: Torkoal|Weather Ball|p1b: Sneasler
|-activate|p1b: Sneasler|move: Protect
|
|upkeep
|
|t:|1783708968
|switch|p1a: Kingambit|Kingambit, L50, F|100/100
|turn|8
|
|t:|1783708977
|switch|p2b: Basculegion|Basculegion, L50, M|100/100
|move|p2a: Pyroar|Protect|p2a: Pyroar
|-singleturn|p2a: Pyroar|Protect
|move|p1a: Kingambit|Sucker Punch||[still]
|-fail|p1a: Kingambit
|move|p1b: Sneasler|Close Combat|p2b: Basculegion
|-immune|p2b: Basculegion
|
|upkeep
|turn|9
|inactive|Oscarbolt has 30 seconds left.
|
|t:|1783709003
|move|p1b: Sneasler|Protect|p1b: Sneasler
|-singleturn|p1b: Sneasler|Protect
|move|p1a: Kingambit|Sucker Punch|p2a: Pyroar
|-damage|p2a: Pyroar|0 fnt
|faint|p2a: Pyroar
|move|p2b: Basculegion|Wave Crash|p1a: Kingambit
|-damage|p1a: Kingambit|24/100
|-damage|p2b: Basculegion|74/100|[from] Recoil
|-damage|p2b: Basculegion|64/100|[from] item: Life Orb
|
|upkeep
|
|t:|1783709013
|switch|p2a: Torkoal|Torkoal, L50, F|43/100
|-weather|SunnyDay|[from] ability: Drought|[of] p2a: Torkoal
|turn|10
|
|t:|1783709022
|move|p2a: Torkoal|Protect|p2a: Torkoal
|-singleturn|p2a: Torkoal|Protect
|move|p2b: Basculegion|Aqua Jet|p1a: Kingambit
|-damage|p1a: Kingambit|12/100
|-damage|p2b: Basculegion|55/100|[from] item: Life Orb
|move|p1b: Sneasler|Close Combat|p2a: Torkoal
|-activate|p2a: Torkoal|move: Protect
|move|p1a: Kingambit|Kowtow Cleave|p2b: Basculegion
|-supereffective|p2b: Basculegion|1
|-crit|p2b: Basculegion
|-damage|p2b: Basculegion|0 fnt
|faint|p2b: Basculegion
|
|-weather|SunnyDay|[upkeep]
|upkeep
|turn|11
|
|t:|1783709036
|move|p1a: Kingambit|Sucker Punch|p2a: Torkoal
|-damage|p2a: Torkoal|4/100
|move|p1b: Sneasler|Close Combat|p2a: Torkoal
|-damage|p2a: Torkoal|0 fnt
|-unboost|p1b: Sneasler|def|1
|-unboost|p1b: Sneasler|spd|1
|faint|p2a: Torkoal
|
|win|EchoShadowYT
||Oscarbolt is ready for game 3.
||EchoShadowYT is ready for game 3.
|uhtml|next|Next: Game 3 of 3
