|j|☆Filippo1226
|j|☆ZeGaboVGC
|html|Filippo1226ZeGaboVGC    
|uhtml|bestof|Game 2 of a best-of-3
|t:|1756300232
|gametype|doubles
|player|p1|Filippo1226|dragontamer|1185
|player|p2|ZeGaboVGC|benga|1193
|gen|9
|tier|[Gen 9] VGC 2025 Reg H (Bo3)
|rated|
|rule|Species Clause: Limit one of each Pokémon
|rule|Item Clause: Limit 1 of each item
|clearpoke
|poke|p1|Talonflame, L50, M|
|poke|p1|Kommo-o, L50, M|
|poke|p1|Mamoswine, L50, F|
|poke|p1|Gholdengo, L50|
|poke|p1|Persian-Alola, L50, F|
|poke|p1|Gallade, L50, M|
|poke|p2|Incineroar, L50, F|
|poke|p2|Amoonguss, L50, F|
|poke|p2|Ursaluna-Bloodmoon, L50, M|
|poke|p2|Sneasler, L50, M|
|poke|p2|Gholdengo, L50|
|poke|p2|Dragonite, L50, M|
|teampreview|4
|showteam|p1|Talonflame||CovertCloak|GaleWings|BraveBird,FlareBlitz,Tailwind,QuickGuard|||M|||50|,,,,,Stellar]Kommo-o||ChoiceSpecs|Bulletproof|ClangingScales,Flamethrower,AuraSphere,DracoMeteor|||M|||50|,,,,,Dragon]Mamoswine||LoadedDice|Oblivious|IcicleSpear,Earthquake,HighHorsepower,Protect|||F|||50|,,,,,Ground]Gholdengo||LifeOrb|GoodasGold|MakeItRain,ShadowBall,NastyPlot,Protect||||||50|,,,,,Water]Persian-Alola||AssaultVest|FurCoat|FoulPlay,FakeOut,IcyWind,Uturn|||F|||50|,,,,,Bug]Gallade||SitrusBerry|Sharpness|SacredSword,Imprison,TrickRoom,PsychoCut|||M|||50|,,,,,Dark
|showteam|p2|Incineroar||SafetyGoggles|Intimidate|FlareBlitz,KnockOff,PartingShot,FakeOut|||F|||50|,,,,,Ghost]Amoonguss||SitrusBerry|Regenerator|Spore,RagePowder,PollenPuff,Protect|||F|||50|,,,,,Dark]Ursaluna-Bloodmoon||AssaultVest|MindsEye|HyperVoice,BloodMoon,EarthPower,VacuumWave|||M|||50|,,,,,Water]Sneasler||FocusSash|Unburden|CloseCombat,DireClaw,ThroatChop,Protect|||M|||50|,,,,,Stellar]Gholdengo||LifeOrb|GoodasGold|MakeItRain,ShadowBall,NastyPlot,Protect||||||50|,,,,,Water]Dragonite||LoadedDice|Multiscale|ScaleShot,Tailwind,Haze,Protect|||M|||50|,,,,,Fairy
|inactive|Battle timer is ON: inactive players will automatically lose when time's up. (requested by ZeGaboVGC)
|j| P4sh1
|l| P4sh1
|inactive|ZeGaboVGC has 60 seconds left.
|inactive|ZeGaboVGC has 30 seconds left.
|
|t:|1756300295
|teamsize|p1|4
|teamsize|p2|4
|start
|switch|p1a: Talonflame|Talonflame, L50, M|100/100
|switch|p1b: Mamoswine|Mamoswine, L50, F|100/100
|switch|p2a: Dragonite|Dragonite, L50, M|100/100
|switch|p2b: Incineroar|Incineroar, L50, F|100/100
|-ability|p2b: Incineroar|Intimidate|boost
|-unboost|p1a: Talonflame|atk|1
|-fail|p1b: Mamoswine|unboost|Attack|[from] ability: Oblivious|[of] p1b: Mamoswine
|turn|1
|inactive|Filippo1226 has 30 seconds left.
|inactive|ZeGaboVGC has 30 seconds left.
|inactive|ZeGaboVGC has 20 seconds left.
|
|t:|1756300334
|-terastallize|p2a: Dragonite|Fairy
|move|p1a: Talonflame|Tailwind|p1a: Talonflame
|-sidestart|p1: Filippo1226|move: Tailwind
|move|p1b: Mamoswine|Icicle Spear|p2a: Dragonite
|-damage|p2a: Dragonite|92/100
|-damage|p2a: Dragonite|75/100
|-crit|p2a: Dragonite
|-damage|p2a: Dragonite|50/100
|-damage|p2a: Dragonite|34/100
|-hitcount|p2a: Dragonite|4
|move|p2a: Dragonite|Tailwind|p2a: Dragonite
|-sidestart|p2: ZeGaboVGC|move: Tailwind
|move|p2b: Incineroar|Knock Off|p1b: Mamoswine
|-damage|p1b: Mamoswine|52/100
|-enditem|p1b: Mamoswine|Loaded Dice|[from] move: Knock Off|[of] p2b: Incineroar
|
|upkeep
|turn|2
|
|t:|1756300356
|-terastallize|p1a: Talonflame|Stellar
|move|p2a: Dragonite|Protect|p2a: Dragonite
|-singleturn|p2a: Dragonite|Protect
|move|p1a: Talonflame|Brave Bird|p2a: Dragonite
|-activate|p2a: Dragonite|move: Protect
|move|p1b: Mamoswine|High Horsepower|p2b: Incineroar
|-supereffective|p2b: Incineroar
|-crit|p2b: Incineroar
|-damage|p2b: Incineroar|0 fnt
|faint|p2b: Incineroar
|
|upkeep
|
|t:|1756300366
|switch|p2b: Sneasler|Sneasler, L50, M|100/100
|turn|3
|inactive|ZeGaboVGC has 30 seconds left.
|inactive|ZeGaboVGC has 20 seconds left.
|inactive|ZeGaboVGC has 15 seconds left.
|
|t:|1756300409
|switch|p1b: Gholdengo|Gholdengo, L50|100/100
|move|p1a: Talonflame|Flare Blitz|p2a: Dragonite
|-damage|p2a: Dragonite|0 fnt
|faint|p2a: Dragonite
|-damage|p1a: Talonflame|89/100|[from] Recoil
|move|p2b: Sneasler|Dire Claw|p1a: Talonflame
|-damage|p1a: Talonflame|32/100
|
|upkeep
|
|t:|1756300412
|switch|p2a: Ursaluna|Ursaluna-Bloodmoon, L50, M|100/100
|turn|4
|
|t:|1756300433
|switch|p1a: Persian|Persian-Alola, L50, F|100/100
|move|p1b: Gholdengo|Protect|p1b: Gholdengo
|-singleturn|p1b: Gholdengo|Protect
|move|p2b: Sneasler|Dire Claw|p1a: Persian
|-damage|p1a: Persian|69/100
|move|p2a: Ursaluna|Earth Power|p1b: Gholdengo
|-activate|p1b: Gholdengo|move: Protect
|
|-sideend|p1: Filippo1226|move: Tailwind
|-sideend|p2: ZeGaboVGC|move: Tailwind
|upkeep
|turn|5
|
|t:|1756300451
|move|p1a: Persian|Fake Out|p2a: Ursaluna
|-crit|p2a: Ursaluna
|-damage|p2a: Ursaluna|93/100
|move|p2b: Sneasler|Throat Chop|p1b: Gholdengo
|-supereffective|p1b: Gholdengo
|-damage|p1b: Gholdengo|40/100
|-start|p1b: Gholdengo|Throat Chop|[silent]
|move|p1b: Gholdengo|Nasty Plot|p1b: Gholdengo
|-boost|p1b: Gholdengo|spa|2
|cant|p2a: Ursaluna|flinch
|
|upkeep
|turn|6
|
|t:|1756300463
|move|p1b: Gholdengo|Protect|p1b: Gholdengo
|-singleturn|p1b: Gholdengo|Protect
|move|p2b: Sneasler|Close Combat|p1a: Persian
|-supereffective|p1a: Persian
|-damage|p1a: Persian|0 fnt
|-unboost|p2b: Sneasler|def|1
|-unboost|p2b: Sneasler|spd|1
|faint|p1a: Persian
|move|p2a: Ursaluna|Earth Power|p1b: Gholdengo
|-activate|p1b: Gholdengo|move: Protect
|
|-end|p1b: Gholdengo|Throat Chop|[silent]
|upkeep
|
|t:|1756300470
|switch|p1a: Talonflame|Talonflame, L50, M, tera:Stellar|32/100
|turn|7
|
|t:|1756300479
|move|p2b: Sneasler|Protect|p2b: Sneasler
|-singleturn|p2b: Sneasler|Protect
|move|p1a: Talonflame|Tailwind|p1a: Talonflame
|-sidestart|p1: Filippo1226|move: Tailwind
|move|p1b: Gholdengo|Make It Rain|p2b: Sneasler|[spread] p2a
|-activate|p2b: Sneasler|move: Protect
|-damage|p2a: Ursaluna|9/100
|-unboost|p1b: Gholdengo|spa|1
|-damage|p1b: Gholdengo|31/100|[from] item: Life Orb
|move|p2a: Ursaluna|Hyper Voice|p1b: Gholdengo|[spread] p1a,p1b
|-resisted|p1b: Gholdengo
|-damage|p1a: Talonflame|0 fnt
|-damage|p1b: Gholdengo|11/100
|faint|p1a: Talonflame
|
|upkeep
|
|t:|1756300486
|switch|p1a: Mamoswine|Mamoswine, L50, F|52/100
|turn|8
|inactive|Filippo1226 has 30 seconds left.
|inactive|ZeGaboVGC has 30 seconds left.
|
|t:|1756300518
|move|p2a: Ursaluna|Vacuum Wave|p1a: Mamoswine
|-supereffective|p1a: Mamoswine
|-damage|p1a: Mamoswine|5/100
|move|p1b: Gholdengo|Make It Rain|p2b: Sneasler|[spread] p2a,p2b
|-damage|p2a: Ursaluna|0 fnt
|-enditem|p2b: Sneasler|Focus Sash
|-damage|p2b: Sneasler|1/100
|-unboost|p1b: Gholdengo|spa|1
|faint|p2a: Ursaluna
|-damage|p1b: Gholdengo|1/100|[from] item: Life Orb
|move|p2b: Sneasler|Throat Chop|p1b: Gholdengo
|-supereffective|p1b: Gholdengo
|-damage|p1b: Gholdengo|0 fnt
|faint|p1b: Gholdengo
|move|p1a: Mamoswine|Icicle Spear|p2b: Sneasler
|-damage|p2b: Sneasler|0 fnt
|faint|p2b: Sneasler
|-hitcount|p2: Sneasler|1
|
|win|Filippo1226
