|j|☆i cant fit in
|j|☆LookBackInBanger
|html|i cant fit inLookBackInBanger    
|uhtml|bestof|Game 2 of a best-of-3
|t:|1756223908
|gametype|doubles
|player|p1|i cant fit in|102|1041
|player|p2|LookBackInBanger|roxie|1118
|gen|9
|tier|[Gen 9] VGC 2025 Reg H (Bo3)
|rated|
|rule|Species Clause: Limit one of each Pokémon
|rule|Item Clause: Limit 1 of each item
|clearpoke
|poke|p1|Sneasler, L50, M|
|poke|p1|Clefable, L50, F|
|poke|p1|Gholdengo, L50|
|poke|p1|Rillaboom, L50, M|
|poke|p1|Magmar, L50, F|
|poke|p1|Dragapult, L50, M|
|poke|p2|Dragonite, L50, F|
|poke|p2|Electabuzz, L50, M|
|poke|p2|Indeedee, L50, M|
|poke|p2|Sneasler, L50, F|
|poke|p2|Talonflame, L50, M|
|poke|p2|Ursaluna-Bloodmoon, L50, M|
|teampreview|4
|showteam|p1|Sneasler||FocusSash|Unburden|CloseCombat,DireClaw,Protect,ThroatChop|||M|||50|,,,,,Dark]Clefable||RockyHelmet|Unaware|Moonblast,IcyWind,FollowMe,Protect|||F|||50|,,,,,Steel]Gholdengo||LifeOrb|GoodasGold|MakeItRain,ShadowBall,NastyPlot,Protect||||||50|,,,,,Water]Rillaboom||AssaultVest|GrassySurge|WoodHammer,GrassyGlide,HighHorsepower,FakeOut|||M|||50|,,,,,Fire]Magmar||Eviolite|VitalSpirit|Taunt,Overheat,FollowMe,Protect|||F|||50|,,,,,Ghost]Dragapult||ChoiceSpecs|ClearBody|ShadowBall,DracoMeteor,Thunderbolt,Flamethrower|||M|||50|,,,,,Fire
|showteam|p2|Dragonite||LoadedDice|Multiscale|ScaleShot,StompingTantrum,Haze,Protect|||F|||50|,,,,,Fairy]Electabuzz||Eviolite|VitalSpirit|Electroweb,FollowMe,Taunt,Protect|||M|||50|,,,,,Dragon]Indeedee||FocusSash|PsychicSurge|ExpandingForce,HelpingHand,TrickRoom,Imprison|||M|||50|,,,,,Psychic]Sneasler||PsychicSeed|Unburden|DireClaw,CloseCombat,ThroatChop,Protect|||F|||50|,,,,,Stellar]Talonflame||CovertCloak|GaleWings|FlareBlitz,DualWingbeat,WillOWisp,Tailwind|||M|||50|,,,,,Stellar]Ursaluna-Bloodmoon||LifeOrb|MindsEye|BloodMoon,HyperVoice,EarthPower,Protect|||M|||50|,,,,,Normal
|inactive|Battle timer is ON: inactive players will automatically lose when time's up. (requested by i cant fit in)
|
|t:|1756223995
|teamsize|p1|4
|teamsize|p2|4
|start
|switch|p1a: Dk|Rillaboom, L50, M, shiny|100/100
|switch|p1b: Dragapult|Dragapult, L50, M|100/100
|switch|p2a: Electabuzz|Electabuzz, L50, M|100/100
|switch|p2b: Dragonite|Dragonite, L50, F|100/100
|-fieldstart|move: Grassy Terrain|[from] ability: Grassy Surge|[of] p1a: Dk
|turn|1
|inactive|i cant fit in has 30 seconds left.
|inactive|LookBackInBanger has 30 seconds left.
|inactive|LookBackInBanger has 20 seconds left.
|inactive|LookBackInBanger has 15 seconds left.
|inactive|LookBackInBanger has 10 seconds left.
|
|t:|1756224042
|move|p2a: Electabuzz|Protect|p2a: Electabuzz
|-singleturn|p2a: Electabuzz|Protect
|move|p2b: Dragonite|Protect|p2b: Dragonite
|-singleturn|p2b: Dragonite|Protect
|move|p1a: Dk|Fake Out|p2b: Dragonite
|-activate|p2b: Dragonite|move: Protect
|move|p1b: Dragapult|Draco Meteor|p2a: Electabuzz
|-activate|p2a: Electabuzz|move: Protect
|
|upkeep
|turn|2
|inactive|LookBackInBanger has 30 seconds left.
|
|t:|1756224068
|switch|p1b: Clefable|Clefable, L50, F, shiny|100/100
|move|p2a: Electabuzz|Electroweb|p1a: Dk|[spread] p1a,p1b
|-resisted|p1a: Dk
|-damage|p1a: Dk|96/100
|-damage|p1b: Clefable|89/100
|-unboost|p1a: Dk|spe|1
|-unboost|p1b: Clefable|spe|1
|move|p2b: Dragonite|Scale Shot|p1b: Clefable
|-immune|p1b: Clefable
|move|p1a: Dk|High Horsepower|p2a: Electabuzz
|-supereffective|p2a: Electabuzz
|-crit|p2a: Electabuzz
|-damage|p2a: Electabuzz|0 fnt
|faint|p2a: Electabuzz
|
|-heal|p1a: Dk|100/100|[from] Grassy Terrain
|-heal|p1b: Clefable|95/100|[from] Grassy Terrain
|upkeep
|
|t:|1756224087
|switch|p2a: Indeedee|Indeedee, L50, M|100/100
|-fieldstart|move: Psychic Terrain|[from] ability: Psychic Surge|[of] p2a: Indeedee
|turn|3
|inactive|LookBackInBanger has 30 seconds left.
|
|t:|1756224118
|switch|p1a: Sneasler|Sneasler, L50, M|100/100
|-terastallize|p2a: Indeedee|Psychic
|move|p2a: Indeedee|Expanding Force|p1a: Sneasler|[spread] p1a,p1b
|-supereffective|p1a: Sneasler
|-crit|p1a: Sneasler
|-enditem|p1a: Sneasler|Focus Sash
|-damage|p1a: Sneasler|1/100
|-damage|p1b: Clefable|29/100
|move|p2b: Dragonite|Scale Shot|p1a: Sneasler
|-damage|p1a: Sneasler|0 fnt
|faint|p1a: Sneasler
|-hitcount|p1: Sneasler|1
|-unboost|p2b: Dragonite|def|1
|-boost|p2b: Dragonite|spe|1
|move|p1b: Clefable|Icy Wind|p2a: Indeedee|[spread] p2a,p2b
|-supereffective|p2b: Dragonite
|-damage|p2a: Indeedee|87/100
|-damage|p2b: Dragonite|78/100
|-unboost|p2a: Indeedee|spe|1
|-unboost|p2b: Dragonite|spe|1
|
|upkeep
|
|t:|1756224138
|switch|p1a: Dragapult|Dragapult, L50, M|100/100
|turn|4
|inactive|LookBackInBanger has 30 seconds left.
|inactive|LookBackInBanger has 20 seconds left.
|
|t:|1756224174
|switch|p1b: Dk|Rillaboom, L50, M, shiny|100/100
|-fieldstart|move: Grassy Terrain|[from] ability: Grassy Surge|[of] p1b: Dk
|move|p1a: Dragapult|Draco Meteor|p2b: Dragonite
|-supereffective|p2b: Dragonite
|-damage|p2b: Dragonite|0 fnt
|-unboost|p1a: Dragapult|spa|2
|faint|p2b: Dragonite
|move|p2a: Indeedee|Expanding Force|p1b: Dk
|-damage|p1b: Dk|55/100
|
|-heal|p1b: Dk|61/100|[from] Grassy Terrain
|-heal|p2a: Indeedee|93/100|[from] Grassy Terrain
|upkeep
|
|t:|1756224187
|switch|p2b: Sneasler|Sneasler, L50, F|100/100
|turn|5
|inactive|LookBackInBanger has 30 seconds left.
|inactive|LookBackInBanger has 20 seconds left.
|inactive|LookBackInBanger has 15 seconds left.
|inactive|LookBackInBanger has 10 seconds left.
|
|t:|1756224235
|move|p1b: Dk|Fake Out|p2b: Sneasler
|-damage|p2b: Sneasler|80/100
|move|p1a: Dragapult|Draco Meteor|p2a: Indeedee
|-damage|p2a: Indeedee|34/100
|-unboost|p1a: Dragapult|spa|2
|cant|p2b: Sneasler|flinch
|move|p2a: Indeedee|Expanding Force|p1a: Dragapult
|-damage|p1a: Dragapult|27/100
|
|-heal|p1a: Dragapult|33/100|[from] Grassy Terrain
|-heal|p2b: Sneasler|86/100|[from] Grassy Terrain
|-heal|p1b: Dk|67/100|[from] Grassy Terrain
|-heal|p2a: Indeedee|39/100|[from] Grassy Terrain
|upkeep
|turn|6
|inactive|LookBackInBanger has 30 seconds left.
|inactive|LookBackInBanger has 20 seconds left.
|inactive|LookBackInBanger has 15 seconds left.
|inactive|LookBackInBanger has 10 seconds left.
|inactive|LookBackInBanger has 5 seconds left.
|
|t:|1756224286
|switch|p1a: Clefable|Clefable, L50, F, shiny|29/100
|move|p2b: Sneasler|Throat Chop|p1a: Clefable
|-resisted|p1a: Clefable
|-damage|p1a: Clefable|18/100
|-start|p1a: Clefable|Throat Chop|[silent]
|-damage|p2b: Sneasler|69/100|[from] item: Rocky Helmet|[of] p1a: Clefable
|move|p1b: Dk|High Horsepower|p2b: Sneasler
|-supereffective|p2b: Sneasler
|-damage|p2b: Sneasler|0 fnt
|faint|p2b: Sneasler
|move|p2a: Indeedee|Expanding Force|p1a: Clefable
|-damage|p1a: Clefable|0 fnt
|faint|p1a: Clefable
|
|-heal|p1b: Dk|73/100|[from] Grassy Terrain
|-heal|p2a: Indeedee|45/100|[from] Grassy Terrain
|upkeep
|
|t:|1756224298
|switch|p1a: Dragapult|Dragapult, L50, M|33/100
|turn|7
|c|☆i cant fit in|gg
|c|☆LookBackInBanger|ggs!
|
|t:|1756224310
|move|p1b: Dk|Grassy Glide|p2a: Indeedee
|-damage|p2a: Indeedee|0 fnt
|faint|p2a: Indeedee
|
|win|i cant fit in
|raw|i cant fit in's rating: 1041 → 1082(+41 for winning)
|raw|LookBackInBanger's rating: 1118 → 1088(-30 for losing)
|c|☆i cant fit in|scary tem u have
|c|☆i cant fit in|team
|c|☆LookBackInBanger|O yeah I had a fun one but a friend passed me a more competitive one haha
|c|☆LookBackInBanger|gl! =D
|l|☆LookBackInBanger
|player|p2|
|c|☆i cant fit in|u 2
