|j|☆priyalmmmz
|j|☆angusgrind13
|html|priyalmmmzangusgrind13    
|uhtml|bestof|Game 1 of a best-of-3
|t:|1784812480
|gametype|doubles
|player|p1|priyalmmmz|265|1051
|player|p2|angusgrind13|steven|1073
|gen|9
|tier|[Gen 9 Champions] VGC 2026 Reg M-B (Bo3)
|rated|
|rule|Species Clause: Limit one of each Pokémon
|rule|Item Clause: Limit 1 of each item
|clearpoke
|poke|p1|Blaziken, L50, F|
|poke|p1|Aerodactyl, L50, F|
|poke|p1|Kingambit, L50, M|
|poke|p1|Basculegion, L50, M|
|poke|p1|Sylveon, L50, M|
|poke|p1|Farigiraf, L50, F|
|poke|p2|Primarina, L50, F|
|poke|p2|Kingambit, L50, M|
|poke|p2|Froslass, L50, F|
|poke|p2|Sneasler, L50, F|
|poke|p2|Lycanroc-Dusk, L50, F|
|poke|p2|Dragonite, L50, M|
|teampreview|4
|showteam|p1|Blaziken||Blazikenite|SpeedBoost|FlareBlitz,CloseCombat,Protect,RockSlide|Adamant||F|||50|]Aerodactyl||WideLens|Unnerve|StoneEdge,DualWingbeat,Protect,Tailwind|Jolly||F|||50|]Kingambit||LifeOrb|Defiant|KowtowCleave,Protect,IronHead,SuckerPunch|Adamant||M|||50|]Basculegion||FocusSash|Adaptability|Liquidation,Protect,LastRespects,AquaJet|Adamant||M|||50|]Sylveon||FairyFeather|Pixilate|HyperVoice,Moonblast,SkillSwap,Protect|Calm||M|||50|]Farigiraf||TwistedSpoon|ArmorTail|Psychic,Thunderbolt,HelpingHand,TrickRoom|Quiet||F|||50|
|showteam|p2|Primarina||LifeOrb|LiquidVoice|HyperVoice,Moonblast,Haze,Protect|Modest||F|||50|]Kingambit||BlackGlasses|Defiant|KowtowCleave,SuckerPunch,SwordsDance,Protect|Adamant||M|||50|]Froslass||Froslassite|CursedBody|Blizzard,ShadowBall,AuroraVeil,Protect|Timid||F|||50|]Sneasler||WhiteHerb|Unburden|GunkShot,CloseCombat,FakeOut,Protect|Adamant||F|||50|]Lycanroc-Dusk||FocusSash|ToughClaws|RockSlide,Accelerock,CloseCombat,Protect|Adamant||F|||50|]Dragonite||Dragoninite|Multiscale|DragonPulse,Flamethrower,Tailwind,Protect|Modest||M|||50|
|inactive|Battle timer is ON: inactive players will automatically lose when time's up. (requested by priyalmmmz)
|
|t:|1784812520
|teamsize|p1|4
|teamsize|p2|4
|start
|switch|p1a: Aerodactyl|Aerodactyl, L50, F|100/100
|switch|p1b: Blaziken|Blaziken, L50, F|100/100
|switch|p2a: Froslass|Froslass, L50, F|100/100
|switch|p2b: Sneasler|Sneasler, L50, F|100/100
|-ability|p1a: Aerodactyl|Unnerve
|turn|1
|
|t:|1784812540
|detailschange|p2a: Froslass|Froslass-Mega, L50, F
|-mega|p2a: Froslass|Froslass|Froslassite
|-weather|Snowscape|[from] ability: Snow Warning|[of] p2a: Froslass
|move|p2b: Sneasler|Fake Out|p1a: Aerodactyl
|-resisted|p1a: Aerodactyl|1
|-damage|p1a: Aerodactyl|90/100
|cant|p1a: Aerodactyl|flinch
|move|p2a: Froslass|Aurora Veil|p2a: Froslass
|-sidestart|p2: angusgrind13|move: Aurora Veil
|move|p1b: Blaziken|Flare Blitz|p2a: Froslass
|-supereffective|p2a: Froslass|1
|-damage|p2a: Froslass|21/100
|-status|p2a: Froslass|brn
|-damage|p1b: Blaziken|73/100|[from] Recoil
|
|-weather|Snowscape|[upkeep]
|-damage|p2a: Froslass|15/100 brn|[from] brn
|-ability|p1b: Blaziken|Speed Boost|boost
|-boost|p1b: Blaziken|spe|1
|upkeep
|turn|2
|inactive|priyalmmmz has 30 seconds left.
|inactive|angusgrind13 has 30 seconds left.
|
|t:|1784812569
|switch|p2a: Primarina|Primarina, L50, F|100/100
|move|p1b: Blaziken|Rock Slide|p2b: Sneasler|[spread] p2a,p2b
|-resisted|p2b: Sneasler|1
|-damage|p2a: Primarina|81/100
|-damage|p2b: Sneasler|91/100
|move|p1a: Aerodactyl|Dual Wingbeat|p2b: Sneasler
|-supereffective|p2b: Sneasler|1
|-damage|p2b: Sneasler|65/100
|-supereffective|p2b: Sneasler|1
|-damage|p2b: Sneasler|34/100
|-hitcount|p2b: Sneasler|2
|move|p2b: Sneasler|Gunk Shot|p1b: Blaziken|[miss]
|-miss|p2b: Sneasler|p1b: Blaziken
|
|-weather|Snowscape|[upkeep]
|-ability|p1b: Blaziken|Speed Boost|boost
|-boost|p1b: Blaziken|spe|1
|upkeep
|turn|3
|
|t:|1784812593
|move|p1b: Blaziken|Protect|p1b: Blaziken
|-singleturn|p1b: Blaziken|Protect
|move|p1a: Aerodactyl|Dual Wingbeat|p2b: Sneasler
|-supereffective|p2b: Sneasler|1
|-damage|p2b: Sneasler|6/100
|-supereffective|p2b: Sneasler|1
|-damage|p2b: Sneasler|0 fnt
|faint|p2b: Sneasler
|-hitcount|p2: Sneasler|2
|move|p2a: Primarina|Hyper Voice|p1a: Aerodactyl|[spread] p1a
|-activate|p1b: Blaziken|move: Protect
|-supereffective|p1a: Aerodactyl|1
|-damage|p1a: Aerodactyl|0 fnt
|faint|p1a: Aerodactyl
|-damage|p2a: Primarina|71/100|[from] item: Life Orb
|
|-weather|Snowscape|[upkeep]
|-ability|p1b: Blaziken|Speed Boost|boost
|-boost|p1b: Blaziken|spe|1
|upkeep
|
|t:|1784812609
|switch|p1a: Farigiraf|Farigiraf, L50, F|100/100
|switch|p2b: Kingambit|Kingambit, L50, M|100/100
|turn|4
|
|t:|1784812621
|detailschange|p1b: Blaziken|Blaziken-Mega, L50, F
|-mega|p1b: Blaziken|Blaziken|Blazikenite
|move|p1b: Blaziken|Close Combat|p2b: Kingambit
|-supereffective|p2b: Kingambit|2
|-damage|p2b: Kingambit|0 fnt
|-unboost|p1b: Blaziken|def|1
|-unboost|p1b: Blaziken|spd|1
|faint|p2b: Kingambit
|move|p2a: Primarina|Hyper Voice|p1a: Farigiraf|[spread] p1a,p1b
|-supereffective|p1b: Blaziken|1
|-damage|p1a: Farigiraf|46/100
|-damage|p1b: Blaziken|0 fnt
|faint|p1b: Blaziken
|-damage|p2a: Primarina|62/100|[from] item: Life Orb
|move|p1a: Farigiraf|Thunderbolt|p2a: Primarina
|-supereffective|p2a: Primarina|1
|-damage|p2a: Primarina|19/100
|
|-weather|Snowscape|[upkeep]
|upkeep
|
|t:|1784812636
|switch|p1b: Sylveon|Sylveon, L50, M|100/100
|switch|p2b: Froslass|Froslass-Mega, L50, F|15/100 brn
|turn|5
|
|t:|1784812644
|move|p2b: Froslass|Blizzard|p1a: Farigiraf|[spread] p1a,p1b
|-damage|p1a: Farigiraf|0 fnt
|-damage|p1b: Sylveon|75/100
|faint|p1a: Farigiraf
|move|p2a: Primarina|Hyper Voice|p1b: Sylveon
|-damage|p1b: Sylveon|39/100
|-damage|p2a: Primarina|9/100|[from] item: Life Orb
|move|p1b: Sylveon|Hyper Voice|p2b: Froslass|[spread] p2a,p2b
|-damage|p2a: Primarina|0 fnt
|-damage|p2b: Froslass|0 fnt
|faint|p2a: Primarina
|faint|p2b: Froslass
|
|win|priyalmmmz
||angusgrind13 is ready for game 2.
