|j|☆layla bibbob
|j|☆LeDGeNDaRY95
|html|layla bibbobLeDGeNDaRY95    
|uhtml|bestof|Game 2 of a best-of-3
|t:|1757041485
|gametype|doubles
|player|p1|layla bibbob|waiter-gen4dp|1000
|player|p2|LeDGeNDaRY95|lucas|1057
|gen|9
|tier|[Gen 9] VGC 2025 Reg H (Bo3)
|rated|
|rule|Species Clause: Limit one of each Pokémon
|rule|Item Clause: Limit 1 of each item
|clearpoke
|poke|p1|Archaludon, L50, M|
|poke|p1|Pelipper, L50, M|
|poke|p1|Amoonguss, L50, M|
|poke|p1|Floatzel, L50, F|
|poke|p1|Incineroar, L50, M|
|poke|p1|Gothitelle, L50, M|
|poke|p2|Mamoswine, L50, M|
|poke|p2|Talonflame, L50, M|
|poke|p2|Archaludon, L50, F|
|poke|p2|Conkeldurr, L50, M|
|poke|p2|Dragapult, L50, M|
|poke|p2|Sinistcha, L50|
|teampreview|4
|showteam|p1|Archaludon||PowerHerb|Sturdy|ElectroShot,FlashCannon,DragonPulse,BodyPress|||M|||50|,,,,,Electric]Pelipper||CovertCloak|Drizzle|WeatherBall,WideGuard,Tailwind,Roost|||M|||50|,,,,,Grass]Amoonguss||EjectButton|Regenerator|RagePowder,Spore,SludgeBomb,Protect|||M|||50|,,,,,Fairy]Floatzel||ChoiceBand|SwiftSwim|FlipTurn,WaveCrash,Crunch,AquaJet|||F|||50|,,,,,Stellar]Incineroar||SafetyGoggles|Intimidate|Protect,FakeOut,PartingShot,KnockOff|||M|||50|,,,,,Ghost]Gothitelle||SitrusBerry|ShadowTag|FakeOut,SkillSwap,Psychic,Protect|||M|||50|,,,,,Dark
|showteam|p2|Mamoswine||LoadedDice|ThickFat|Protect,HighHorsepower,IcicleSpear,Haze|||M|||50|,,,,,Bug]Talonflame||CovertCloak|GaleWings|Protect,Tailwind,BraveBird,FlareBlitz|||M|||50|,,,,,Fire]Archaludon||AssaultVest|Stamina|DragonPulse,Thunderbolt,FlashCannon,BodyPress|||F|||50|,,,,,Grass]Conkeldurr||FlameOrb|Guts|Protect,CloseCombat,MachPunch,ThunderPunch|||M|||50|,,,,,Dark]Dragapult||ChoiceBand|ClearBody|DragonDarts,SuckerPunch,TeraBlast,Uturn|||M|||50|,,,,,Ghost]Sinistcha||SitrusBerry|Hospitality|TrickRoom,MatchaGotcha,LifeDew,RagePowder||||||50|,,,,,Fire
|inactive|Battle timer is ON: inactive players will automatically lose when time's up. (requested by LeDGeNDaRY95)
|
|t:|1757041514
|teamsize|p1|4
|teamsize|p2|4
|start
|switch|p1a: Incineroar|Incineroar, L50, M|100/100
|switch|p1b: Amoonguss|Amoonguss, L50, M|100/100
|switch|p2a: Talonflame|Talonflame, L50, M, shiny|100/100
|switch|p2b: Dragapult|Dragapult, L50, M|100/100
|-ability|p1a: Incineroar|Intimidate|boost
|-unboost|p2a: Talonflame|atk|1
|-fail|p2b: Dragapult|unboost|[from] ability: Clear Body|[of] p2b: Dragapult
|turn|1
|inactive|layla bibbob has 30 seconds left.
|inactive|LeDGeNDaRY95 has 30 seconds left.
|inactive|LeDGeNDaRY95 has 20 seconds left.
|inactive|LeDGeNDaRY95 has 15 seconds left.
|
|t:|1757041558
|move|p1a: Incineroar|Fake Out|p2a: Talonflame
|-damage|p2a: Talonflame|84/100
|move|p2b: Dragapult|U-turn|p1a: Incineroar
|-damage|p1a: Incineroar|69/100
|
|t:|1757041563
|switch|p2b: Conkeldurr|Conkeldurr, L50, M|100/100|[from] U-turn
|move|p2a: Talonflame|Brave Bird|p1b: Amoonguss
|-supereffective|p1b: Amoonguss
|-damage|p1b: Amoonguss|29/100
|-damage|p2a: Talonflame|50/100|[from] Recoil
|-enditem|p1b: Amoonguss|Eject Button
|
|t:|1757041581
|switch|p1b: Pelipper|Pelipper, L50, M|100/100
|-weather|RainDance|[from] ability: Drizzle|[of] p1b: Pelipper
|
|-weather|RainDance|[upkeep]
|-status|p2b: Conkeldurr|brn|[from] item: Flame Orb
|upkeep
|turn|2
|inactive|layla bibbob has 30 seconds left.
|
|t:|1757041609
|-terastallize|p1a: Incineroar|Ghost
|move|p2a: Talonflame|Tailwind|p2a: Talonflame
|-sidestart|p2: LeDGeNDaRY95|move: Tailwind
|move|p2b: Conkeldurr|Thunder Punch|p1b: Pelipper
|-supereffective|p1b: Pelipper
|-damage|p1b: Pelipper|0 fnt
|faint|p1b: Pelipper
|move|p1a: Incineroar|Parting Shot|p2b: Conkeldurr
|-unboost|p2b: Conkeldurr|atk|1
|-unboost|p2b: Conkeldurr|spa|1
|
|t:|1757041620
|switch|p1a: Amoonguss|Amoonguss, L50, M|62/100|[from] Parting Shot
|
|-weather|RainDance|[upkeep]
|-damage|p2b: Conkeldurr|94/100 brn|[from] brn
|upkeep
|
|t:|1757041626
|switch|p1b: Archaludon|Archaludon, L50, M|100/100
|turn|3
|
|t:|1757041640
|switch|p2b: Archaludon|Archaludon, L50, F, shiny|100/100
|move|p2a: Talonflame|Brave Bird|p1a: Amoonguss
|-supereffective|p1a: Amoonguss
|-damage|p1a: Amoonguss|0 fnt
|faint|p1a: Amoonguss
|-damage|p2a: Talonflame|21/100|[from] Recoil
|move|p1b: Archaludon|Electro Shot||[still]
|-prepare|p1b: Archaludon|Electro Shot
|-boost|p1b: Archaludon|spa|1
|-anim|p1b: Archaludon|Electro Shot|p2a: Talonflame
|-supereffective|p2a: Talonflame
|-damage|p2a: Talonflame|0 fnt
|faint|p2a: Talonflame
|
|-weather|RainDance|[upkeep]
|upkeep
|
|t:|1757041656
|switch|p2a: Dragapult|Dragapult, L50, M|100/100
|switch|p1a: Incineroar|Incineroar, L50, M, tera:Ghost|69/100
|-ability|p1a: Incineroar|Intimidate|boost
|-fail|p2a: Dragapult|unboost|[from] ability: Clear Body|[of] p2a: Dragapult
|-unboost|p2b: Archaludon|atk|1
|turn|4
|
|t:|1757041674
|-terastallize|p2a: Dragapult|Ghost
|move|p2a: Dragapult|Tera Blast|p1a: Incineroar|[anim] Tera Blast Ghost
|-supereffective|p1a: Incineroar
|-damage|p1a: Incineroar|0 fnt
|faint|p1a: Incineroar
|move|p2b: Archaludon|Body Press|p1b: Archaludon
|-supereffective|p1b: Archaludon
|-damage|p1b: Archaludon|67/100
|move|p1b: Archaludon|Dragon Pulse|p2b: Archaludon
|-damage|p2b: Archaludon|54/100
|-ability|p2b: Archaludon|Stamina|boost
|-boost|p2b: Archaludon|def|1
|
|-weather|RainDance|[upkeep]
|upkeep
|turn|5
|c|☆LeDGeNDaRY95|gg
|inactive|layla bibbob has 30 seconds left.
|inactive|layla bibbob has 20 seconds left.
|
|t:|1757041714
|move|p2a: Dragapult|Tera Blast|p1b: Archaludon|[anim] Tera Blast Ghost
|-damage|p1b: Archaludon|13/100
|move|p2b: Archaludon|Body Press|p1b: Archaludon
|-supereffective|p1b: Archaludon
|-damage|p1b: Archaludon|0 fnt
|faint|p1b: Archaludon
|
|win|LeDGeNDaRY95
|raw|layla bibbob's rating: 1000 → 1000(+0 for losing)
|raw|LeDGeNDaRY95's rating: 1057 → 1083(+26 for winning)
