|j|☆sergio23perez
|j|☆MattManectric
|html|sergio23perezMattManectric    
|uhtml|bestof|Game 2 of a best-of-3
|t:|1754751958
|gametype|doubles
|player|p1|sergio23perez|169|1224
|player|p2|MattManectric|1|1230
|gen|9
|tier|[Gen 9] VGC 2025 Reg H (Bo3)
|rated|
|rule|Species Clause: Limit one of each Pokémon
|rule|Item Clause: Limit 1 of each item
|clearpoke
|poke|p1|Jumpluff, L50, F|
|poke|p1|Charizard, L50, F|
|poke|p1|Porygon2, L50|
|poke|p1|Torkoal, L50, F|
|poke|p1|Incineroar, L50, F|
|poke|p1|Ursaluna, L50, M|
|poke|p2|Indeedee, L50, M|
|poke|p2|Sneasler, L50, M|
|poke|p2|Excadrill, L50, F|
|poke|p2|Magmar, L50, M|
|poke|p2|Corviknight, L50, M|
|poke|p2|Tyranitar, L50, M|
|teampreview|4
|showteam|p1|Jumpluff||CovertCloak|Chlorophyll|SleepPowder,SunnyDay,Tailwind,RagePowder|||F|||50|,,,,,Water]Charizard||ChoiceSpecs|SolarPower|AirSlash,HeatWave,Overheat,WeatherBall|||F|||50|,,,,,Ghost]Porygon2||Eviolite|Download|TeraBlast,IceBeam,Recover,TrickRoom||||||50|,,,,,Fighting]Torkoal||EjectPack|Drought|HelpingHand,Eruption,Overheat,Protect|||F|||50|,,,,,Fire]Incineroar||SitrusBerry|Intimidate|FakeOut,KnockOff,FlareBlitz,PartingShot|||F|||50|,,,,,Ghost]Ursaluna||FlameOrb|Guts|HeadlongRush,Facade,Earthquake,Protect|||M|||50|,,,,,Ghost
|showteam|p2|Indeedee||ChoiceScarf|PsychicSurge|ExpandingForce,TeraBlast,Trick,Protect|||M|||50|,,,,,Psychic]Sneasler||WhiteHerb|Unburden|FakeOut,CloseCombat,DireClaw,Coaching|||M|||50|,,,,,Flying]Excadrill||FocusSash|SandRush|Earthquake,IronHead,SwordsDance,Protect|||F|||50|,,,,,Ground]Magmar||Eviolite|VitalSpirit|HeatWave,FollowMe,HelpingHand,Protect|||M|||50|,,,,,Flying]Corviknight||PsychicSeed|MirrorArmor|BraveBird,PowerTrip,BulkUp,Roost|||M|||50|,,,,,Water]Tyranitar||AssaultVest|SandStream|RockSlide,KnockOff,LowKick,TeraBlast|||M|||50|,,,,,Flying
|inactive|Battle timer is ON: inactive players will automatically lose when time's up. (requested by sergio23perez)
|inactive|sergio23perez has 60 seconds left.
|inactive|MattManectric has 60 seconds left.
|inactive|sergio23perez has 30 seconds left.
|
|t:|1754752023
|teamsize|p1|4
|teamsize|p2|4
|start
|switch|p1a: Porygon2|Porygon2, L50|100/100
|switch|p1b: Torkoal|Torkoal, L50, F|100/100
|switch|p2a: Magmar|Magmar, L50, M|100/100
|switch|p2b: Sneasler|Sneasler, L50, M|100/100
|-ability|p1a: Porygon2|Download|boost
|-boost|p1a: Porygon2|atk|1
|-weather|SunnyDay|[from] ability: Drought|[of] p1b: Torkoal
|turn|1
|
|t:|1754752038
|-terastallize|p1a: Porygon2|Fighting
|move|p2a: Magmar|Helping Hand|p2b: Sneasler
|-singleturn|p2b: Sneasler|Helping Hand|[of] p2a: Magmar
|move|p2b: Sneasler|Close Combat|p1a: Porygon2
|-damage|p1a: Porygon2|38/100
|-unboost|p2b: Sneasler|def|1
|-unboost|p2b: Sneasler|spd|1
|-enditem|p2b: Sneasler|White Herb
|-clearnegativeboost|p2b: Sneasler|[silent]
|move|p1b: Torkoal|Eruption|p2a: Magmar|[spread] p2a,p2b
|-resisted|p2a: Magmar
|-damage|p2a: Magmar|73/100
|-damage|p2b: Sneasler|4/100
|move|p1a: Porygon2|Trick Room|p1a: Porygon2
|-fieldstart|move: Trick Room|[of] p1a: Porygon2
|
|-weather|SunnyDay|[upkeep]
|upkeep
|turn|2
|
|t:|1754752063
|switch|p2b: Tyranitar|Tyranitar, L50, M|100/100
|-weather|Sandstorm|[from] ability: Sand Stream|[of] p2b: Tyranitar
|move|p2a: Magmar|Protect|p2a: Magmar
|-singleturn|p2a: Magmar|Protect
|move|p1b: Torkoal|Eruption|p2b: Tyranitar|[spread] p2b
|-activate|p2a: Magmar|move: Protect
|-resisted|p2b: Tyranitar
|-damage|p2b: Tyranitar|91/100
|move|p1a: Porygon2|Recover|p1a: Porygon2
|-heal|p1a: Porygon2|88/100
|
|-weather|Sandstorm|[upkeep]
|-damage|p1b: Torkoal|94/100|[from] Sandstorm
|-damage|p1a: Porygon2|82/100|[from] Sandstorm
|-damage|p2a: Magmar|67/100|[from] Sandstorm
|upkeep
|turn|3
|
|t:|1754752078
|-terastallize|p2b: Tyranitar|Flying
|move|p2a: Magmar|Helping Hand|p2b: Tyranitar
|-singleturn|p2b: Tyranitar|Helping Hand|[of] p2a: Magmar
|move|p1b: Torkoal|Eruption|p2a: Magmar|[spread] p2a,p2b
|-resisted|p2a: Magmar
|-damage|p2a: Magmar|49/100
|-damage|p2b: Tyranitar|64/100
|move|p1a: Porygon2|Tera Blast|p2b: Tyranitar|[anim] Tera Blast Fighting
|-resisted|p2b: Tyranitar
|-damage|p2b: Tyranitar|51/100
|move|p2b: Tyranitar|Tera Blast|p1a: Porygon2|[anim] Tera Blast Flying
|-supereffective|p1a: Porygon2
|-damage|p1a: Porygon2|0 fnt
|faint|p1a: Porygon2
|
|-weather|Sandstorm|[upkeep]
|-damage|p1b: Torkoal|88/100|[from] Sandstorm
|-damage|p2b: Tyranitar|45/100|[from] Sandstorm
|-damage|p2a: Magmar|43/100|[from] Sandstorm
|upkeep
|
|t:|1754752097
|switch|p1a: Ursaluna|Ursaluna, L50, M|100/100
|turn|4
|inactive|MattManectric has 30 seconds left.
|inactive|MattManectric has 20 seconds left.
|
|t:|1754752135
|switch|p1b: Incineroar|Incineroar, L50, F|100/100
|-ability|p1b: Incineroar|Intimidate|boost
|-unboost|p2a: Magmar|atk|1
|-unboost|p2b: Tyranitar|atk|1
|move|p1a: Ursaluna|Protect|p1a: Ursaluna
|-singleturn|p1a: Ursaluna|Protect
|move|p2a: Magmar|Protect|p2a: Magmar
|-singleturn|p2a: Magmar|Protect
|move|p2b: Tyranitar|Rock Slide|p1b: Incineroar|[spread] p1b
|-activate|p1a: Ursaluna|move: Protect
|-supereffective|p1b: Incineroar
|-damage|p1b: Incineroar|68/100
|
|-weather|Sandstorm|[upkeep]
|-damage|p2b: Tyranitar|40/100|[from] Sandstorm
|-damage|p1b: Incineroar|62/100|[from] Sandstorm
|-damage|p2a: Magmar|37/100|[from] Sandstorm
|-status|p1a: Ursaluna|brn|[from] item: Flame Orb
|upkeep
|turn|5
|inactive|sergio23perez has 30 seconds left.
|
|t:|1754752160
|switch|p2b: Sneasler|Sneasler, L50, M|4/100
|move|p1b: Incineroar|Parting Shot|p2b: Sneasler
|-unboost|p2b: Sneasler|atk|1
|-unboost|p2b: Sneasler|spa|1
|
|t:|1754752165
|switch|p1b: Torkoal|Torkoal, L50, F|88/100|[from] Parting Shot
|-weather|SunnyDay|[from] ability: Drought|[of] p1b: Torkoal
|move|p1a: Ursaluna|Facade|p2b: Sneasler
|-damage|p2b: Sneasler|0 fnt
|faint|p2b: Sneasler
|move|p2a: Magmar|Heat Wave|p1b: Torkoal|[spread] p1a,p1b
|-resisted|p1b: Torkoal
|-damage|p1a: Ursaluna|64/100 brn
|-damage|p1b: Torkoal|65/100
|
|-weather|SunnyDay|[upkeep]
|-damage|p1a: Ursaluna|58/100 brn|[from] brn
|-fieldend|move: Trick Room
|upkeep
|
|t:|1754752171
|switch|p2b: Indeedee|Indeedee, L50, M|100/100
|-fieldstart|move: Psychic Terrain|[from] ability: Psychic Surge|[of] p2b: Indeedee
|turn|6
|
|t:|1754752196
|move|p2a: Magmar|Helping Hand|p2b: Indeedee
|-singleturn|p2b: Indeedee|Helping Hand|[of] p2a: Magmar
|move|p1a: Ursaluna|Protect|p1a: Ursaluna
|-singleturn|p1a: Ursaluna|Protect
|move|p2b: Indeedee|Expanding Force|p1b: Torkoal|[spread] p1b
|-activate|p1a: Ursaluna|move: Protect
|-damage|p1b: Torkoal|0 fnt
|faint|p1b: Torkoal
|
|-weather|SunnyDay|[upkeep]
|-damage|p1a: Ursaluna|52/100 brn|[from] brn
|upkeep
|
|t:|1754752202
|switch|p1b: Incineroar|Incineroar, L50, F|62/100
|-ability|p1b: Incineroar|Intimidate|boost
|-unboost|p2a: Magmar|atk|1
|-unboost|p2b: Indeedee|atk|1
|turn|7
|
|t:|1754752218
|move|p2a: Magmar|Helping Hand|p2b: Indeedee
|-singleturn|p2b: Indeedee|Helping Hand|[of] p2a: Magmar
|move|p2b: Indeedee|Expanding Force|p1a: Ursaluna|[spread] p1a
|-immune|p1b: Incineroar
|-damage|p1a: Ursaluna|0 fnt
|faint|p1a: Ursaluna
|move|p1b: Incineroar|Flare Blitz|p2a: Magmar
|-resisted|p2a: Magmar
|-damage|p2a: Magmar|9/100
|-damage|p1b: Incineroar|54/100|[from] Recoil
|
|-weather|SunnyDay|[upkeep]
|upkeep
|turn|8
|
|t:|1754752229
|switch|p2b: Tyranitar|Tyranitar, L50, M, tera:Flying|40/100
|-weather|Sandstorm|[from] ability: Sand Stream|[of] p2b: Tyranitar
|move|p2a: Magmar|Follow Me|p2a: Magmar
|-singleturn|p2a: Magmar|move: Follow Me
|move|p1b: Incineroar|Flare Blitz|p2a: Magmar
|-resisted|p2a: Magmar
|-damage|p2a: Magmar|0 fnt
|faint|p2a: Magmar
|-damage|p1b: Incineroar|51/100|[from] Recoil
|
|-weather|Sandstorm|[upkeep]
|-damage|p2b: Tyranitar|34/100|[from] Sandstorm
|-damage|p1b: Incineroar|46/100|[from] Sandstorm
|-enditem|p1b: Incineroar|Sitrus Berry|[eat]
|-heal|p1b: Incineroar|70/100|[from] item: Sitrus Berry
|upkeep
|
|t:|1754752235
|switch|p2a: Indeedee|Indeedee, L50, M|100/100
|turn|9
|
|t:|1754752247
|move|p2a: Indeedee|Trick|p2b: Tyranitar
|-activate|p2a: Indeedee|move: Trick|[of] p2b: Tyranitar
|-item|p2b: Tyranitar|Choice Scarf|[from] move: Trick
|-item|p2a: Indeedee|Assault Vest|[from] move: Trick
|move|p2b: Tyranitar|Rock Slide|p1b: Incineroar
|-supereffective|p1b: Incineroar
|-damage|p1b: Incineroar|0 fnt
|faint|p1b: Incineroar
|
|win|MattManectric
|raw|sergio23perez's rating: 1224 → 1199(-25 for losing)
|raw|MattManectric's rating: 1230 → 1255(+25 for winning)
|l|☆sergio23perez
|player|p1|
