|j|☆poodle sundae
|j|☆VenuDaAsco
|html|poodle sundaeVenuDaAsco    
|uhtml|bestof|Game 1 of a best-of-3
|t:|1782418428
|gametype|doubles
|player|p1|poodle sundae|2|1318
|player|p2|VenuDaAsco|169|1299
|gen|9
|tier|[Gen 9 Champions] VGC 2026 Reg M-B (Bo3)
|rated|
|rule|Species Clause: Limit one of each Pokémon
|rule|Item Clause: Limit 1 of each item
|clearpoke
|poke|p1|Metagross, L50|
|poke|p1|Hydreigon, L50, M|
|poke|p1|Venusaur, L50, F|
|poke|p1|Milotic, L50, M|
|poke|p1|Garchomp, L50, M|
|poke|p1|Ceruledge, L50, F|
|poke|p2|Gardevoir, L50, M|
|poke|p2|Aerodactyl, L50, M|
|poke|p2|Maushold-Four, L50|
|poke|p2|Gholdengo, L50|
|poke|p2|Garchomp, L50, M|
|poke|p2|Tsareena, L50, F|
|teampreview|4
|showteam|p1|Metagross||Metagrossite|ClearBody|IronHead,PsychicFangs,BodyPress,Protect|Jolly|||||50|]Hydreigon||ChoiceScarf|Levitate|DarkPulse,DracoMeteor,Snarl,HeatWave|Modest||M|||50|]Venusaur||Venusaurite|Chlorophyll|GigaDrain,SludgeBomb,EarthPower,Protect|Modest||F|||50|]Milotic||Leftovers|Competitive|MuddyWater,Coil,Hypnosis,Protect|Calm||M|||50|]Garchomp||LifeOrb|RoughSkin|DragonClaw,Earthquake,RockSlide,Protect|Jolly||M|||50|]Ceruledge||ColburBerry|FlashFire|BitterBlade,ShadowSneak,BulkUp,Protect|Adamant||F|||50|
|showteam|p2|Gardevoir||Gardevoirite|Trace|Protect,Psyshock,HyperVoice,MysticalFire|Modest||M|||50|]Aerodactyl||Aerodactylite|RockHead|RockSlide,Tailwind,DualWingbeat,WideGuard|Jolly||M|||50|]Maushold-Four||ChopleBerry|FriendGuard|Taunt,SuperFang,FollowMe,Feint|Jolly|||||50|]Gholdengo||SpellTag|GoodasGold|Protect,NastyPlot,MakeItRain,ShadowBall|Modest|||||50|]Garchomp||LifeOrb|RoughSkin|Protect,RockSlide,DragonClaw,Earthquake|Jolly||M|||50|]Tsareena||WideLens|QueenlyMajesty|TripleAxel,TropKick,HighJumpKick,Protect|Adamant||F|||50|
|inactive|Battle timer is ON: inactive players will automatically lose when time's up. (requested by VenuDaAsco)
|inactive|poodle sundae has 60 seconds left.
|inactive|VenuDaAsco has 60 seconds left.
|
|t:|1782418470
|teamsize|p1|4
|teamsize|p2|4
|start
|switch|p1a: Hydreigon|Hydreigon, L50, M|100/100
|switch|p1b: Metagross|Metagross, L50|100/100
|switch|p2a: Gardevoir|Gardevoir, L50, M|100/100
|switch|p2b: Maushold|Maushold-Four, L50|100/100
|-ability|p2a: Gardevoir|Levitate|Trace|[from] ability: Trace|[of] p1a: Hydreigon
|turn|1
|
|t:|1782418490
|detailschange|p2a: Gardevoir|Gardevoir-Mega, L50, M
|-mega|p2a: Gardevoir|Gardevoir|Gardevoirite
|detailschange|p1b: Metagross|Metagross-Mega, L50
|-mega|p1b: Metagross|Metagross|Metagrossite
|move|p2b: Maushold|Follow Me|p2b: Maushold
|-singleturn|p2b: Maushold|move: Follow Me
|move|p1a: Hydreigon|Snarl|p2b: Maushold|[spread] p2a,p2b
|-damage|p2a: Gardevoir|86/100
|-damage|p2b: Maushold|71/100
|-unboost|p2a: Gardevoir|spa|1
|-unboost|p2b: Maushold|spa|1
|move|p1b: Metagross|Iron Head|p2b: Maushold
|-damage|p2b: Maushold|8/100
|move|p2a: Gardevoir|Hyper Voice|p1b: Metagross|[spread] p1a,p1b
|-supereffective|p1a: Hydreigon|2
|-resisted|p1b: Metagross|1
|-damage|p1a: Hydreigon|0 fnt
|-damage|p1b: Metagross|84/100
|faint|p1a: Hydreigon
|
|upkeep
|
|t:|1782418508
|switch|p1a: Ceruledge|Ceruledge, L50, F|100/100
|turn|2
|
|t:|1782418527
|switch|p2a: Aerodactyl|Aerodactyl, L50, M|100/100
|move|p2b: Maushold|Follow Me|p2b: Maushold
|-singleturn|p2b: Maushold|move: Follow Me
|move|p1b: Metagross|Iron Head|p2b: Maushold
|-damage|p2b: Maushold|0 fnt
|faint|p2b: Maushold
|move|p1a: Ceruledge|Bulk Up|p1a: Ceruledge
|-boost|p1a: Ceruledge|atk|1
|-boost|p1a: Ceruledge|def|1
|
|upkeep
|
|t:|1782418530
|switch|p2b: Garchomp|Garchomp, L50, M|100/100
|turn|3
|
|t:|1782418547
|move|p1a: Ceruledge|Protect|p1a: Ceruledge
|-singleturn|p1a: Ceruledge|Protect
|move|p2a: Aerodactyl|Tailwind|p2a: Aerodactyl
|-sidestart|p2: VenuDaAsco|move: Tailwind
|move|p2b: Garchomp|Earthquake|p1b: Metagross|[spread] p1b
|-activate|p1a: Ceruledge|move: Protect
|-immune|p2a: Aerodactyl
|-supereffective|p1b: Metagross|1
|-damage|p1b: Metagross|6/100
|-damage|p2b: Garchomp|90/100|[from] item: Life Orb
|move|p1b: Metagross|Iron Head|p2a: Aerodactyl
|-supereffective|p2a: Aerodactyl|1
|-damage|p2a: Aerodactyl|0 fnt
|faint|p2a: Aerodactyl
|
|upkeep
|
|t:|1782418551
|switch|p2a: Gardevoir|Gardevoir-Mega, L50, M|86/100
|turn|4
|
|t:|1782418572
|move|p2a: Gardevoir|Protect|p2a: Gardevoir
|-singleturn|p2a: Gardevoir|Protect
|move|p1b: Metagross|Protect|p1b: Metagross
|-singleturn|p1b: Metagross|Protect
|move|p2b: Garchomp|Earthquake|p1b: Metagross|[spread] p1a
|-activate|p2a: Gardevoir|move: Protect
|-activate|p1b: Metagross|move: Protect
|-supereffective|p1a: Ceruledge|1
|-damage|p1a: Ceruledge|30/100
|-damage|p2b: Garchomp|80/100|[from] item: Life Orb
|move|p1a: Ceruledge|Bitter Blade|p2a: Gardevoir
|-activate|p2a: Gardevoir|move: Protect
|
|upkeep
|turn|5
|
|t:|1782418585
|move|p1a: Ceruledge|Shadow Sneak|p2a: Gardevoir
|-supereffective|p2a: Gardevoir|1
|-damage|p2a: Gardevoir|0 fnt
|faint|p2a: Gardevoir
|move|p2b: Garchomp|Dragon Claw|p1a: Ceruledge
|-damage|p1a: Ceruledge|0 fnt
|faint|p1a: Ceruledge
|-damage|p2b: Garchomp|70/100|[from] item: Life Orb
|move|p1b: Metagross|Iron Head|p2b: Garchomp
|-damage|p2b: Garchomp|9/100
|-damage|p1b: Metagross|0 fnt|[from] ability: Rough Skin|[of] p2b: Garchomp
|faint|p1b: Metagross
|
|upkeep
|
|t:|1782418598
|switch|p1a: Garchomp|Garchomp, L50, M|100/100
|turn|6
|
|t:|1782418601
|move|p1a: Garchomp|Protect|p1a: Garchomp
|-singleturn|p1a: Garchomp|Protect
|move|p2b: Garchomp|Dragon Claw|p1a: Garchomp
|-activate|p1a: Garchomp|move: Protect
|
|-sideend|p2: VenuDaAsco|move: Tailwind
|upkeep
|turn|7
|
|t:|1782418606
|move|p2b: Garchomp|Dragon Claw|p1a: Garchomp
|-supereffective|p1a: Garchomp|1
|-damage|p1a: Garchomp|0 fnt
|-damage|p2b: Garchomp|0 fnt|[from] ability: Rough Skin|[of] p1a: Garchomp
|faint|p1a: Garchomp
|faint|p2b: Garchomp
|
|win|VenuDaAsco
