|j|☆PablixXHD
|j|☆Matiublanco
|html|PablixXHDMatiublanco    
|uhtml|bestof|Game 2 of a best-of-3
|t:|1785879396
|gametype|doubles
|player|p1|PablixXHD|101|1138
|player|p2|Matiublanco|266|1059
|gen|9
|tier|[Gen 9 Champions] VGC 2026 Reg M-B (Bo3)
|rated|
|rule|Species Clause: Limit one of each Pokémon
|rule|Item Clause: Limit 1 of each item
|clearpoke
|poke|p1|Staraptor, L50, M|
|poke|p1|Raichu, L50, M|
|poke|p1|Sylveon, L50, M, shiny|
|poke|p1|Farigiraf, L50, F, shiny|
|poke|p1|Arcanine-Hisui, L50, F|
|poke|p1|Kingambit, L50, F|
|poke|p2|Sylveon, L50, F|
|poke|p2|Aerodactyl, L50, M|
|poke|p2|Metagross, L50, shiny|
|poke|p2|Incineroar, L50, F|
|poke|p2|Charizard, L50, F|
|poke|p2|Garchomp, L50, M|
|teampreview|4
|showteam|p1|Staraptor||Staraptite|Intimidate|Tailwind,Protect,CloseCombat,DualWingbeat|Jolly||M|||50|]Raichu||RaichuniteY|LightningRod|FakeOut,ZapCannon,FocusBlast,Protect|Timid||M|||50|]Sylveon||FairyFeather|Pixilate|Detect,HyperVoice,QuickAttack,HyperBeam|Modest||M|||50|]Farigiraf||SitrusBerry|ArmorTail|Psychic,TrickRoom,HelpingHand,Protect|Calm||F|||50|]Arcanine-Hisui||FocusSash|RockHead|Protect,ExtremeSpeed,HeadSmash,FlareBlitz|Jolly||F|||50|]Kingambit||LifeOrb|Defiant|Protect,KowtowCleave,SwordsDance,SuckerPunch|Adamant||F|||50|
|showteam|p2|Sylveon||FairyFeather|Pixilate|Detect,HyperVoice,HyperBeam,QuickAttack|Modest||F|||50|]Aerodactyl||FocusSash|Unnerve|Protect,RockSlide,DualWingbeat,Tailwind|Jolly||M|||50|]Metagross||Metagrossite|ClearBody|Protect,PsychicFangs,BulletPunch,BodyPress|Adamant|||||50|]Incineroar||SitrusBerry|Intimidate|DarkestLariat,FakeOut,PartingShot,FlareBlitz|Careful||F|||50|]Charizard||CharizarditeY|Blaze|Protect,HeatWave,SolarBeam,WeatherBall|Modest||F|||50|]Garchomp||LifeOrb|RoughSkin|Protect,RockSlide,Earthquake,DragonClaw|Jolly||M|||50|
|inactive|Battle timer is ON: inactive players will automatically lose when time's up. (requested by PablixXHD)
|inactive|PablixXHD has 60 seconds left.
|inactive|PablixXHD has 30 seconds left.
|inactive|PablixXHD has 20 seconds left.
|
|t:|1785879467
|teamsize|p1|4
|teamsize|p2|4
|start
|switch|p1a: Raichu|Raichu, L50, M|100/100
|switch|p1b: Sylveon|Sylveon, L50, M, shiny|100/100
|switch|p2a: Incineroar|Incineroar, L50, F|100/100
|switch|p2b: Garchomp|Garchomp, L50, M|100/100
|-ability|p2a: Incineroar|Intimidate|boost
|-unboost|p1a: Raichu|atk|1
|-unboost|p1b: Sylveon|atk|1
|turn|1
|inactive|Matiublanco has 30 seconds left.
|inactive|Matiublanco has 20 seconds left.
|
|t:|1785879504
|switch|p1a: Farigiraf|Farigiraf, L50, F, shiny|100/100
|move|p2b: Garchomp|Protect|p2b: Garchomp
|-singleturn|p2b: Garchomp|Protect
|move|p1b: Sylveon|Hyper Voice|p2b: Garchomp|[spread] p2a
|-activate|p2b: Garchomp|move: Protect
|-damage|p2a: Incineroar|68/100
|move|p2a: Incineroar|Parting Shot|p1a: Farigiraf
|-unboost|p1a: Farigiraf|atk|1
|-unboost|p1a: Farigiraf|spa|1
|
|t:|1785879517
|switch|p2a: Sylveon|Sylveon, L50, F|100/100|[from] Parting Shot
|
|upkeep
|turn|2
|
|t:|1785879531
|switch|p2b: Metagross|Metagross, L50, shiny|100/100
|move|p1b: Sylveon|Detect|p1b: Sylveon
|-singleturn|p1b: Sylveon|Protect
|move|p2a: Sylveon|Hyper Beam|p1b: Sylveon
|-activate|p1b: Sylveon|move: Protect
|move|p1a: Farigiraf|Trick Room|p1a: Farigiraf
|-fieldstart|move: Trick Room|[of] p1a: Farigiraf
|
|upkeep
|turn|3
|inactive|PablixXHD has 30 seconds left.
|inactive|PablixXHD has 20 seconds left.
|inactive|PablixXHD has 15 seconds left.
|inactive|PablixXHD has 10 seconds left.
|
|t:|1785879579
|detailschange|p2b: Metagross|Metagross-Mega, L50, shiny
|-mega|p2b: Metagross|Metagross|Metagrossite
|move|p1a: Farigiraf|Psychic|p2a: Sylveon
|-damage|p2a: Sylveon|82/100
|move|p2a: Sylveon|Hyper Beam|p1a: Farigiraf
|-damage|p1a: Farigiraf|19/100
|-mustrecharge|p2a: Sylveon
|-enditem|p1a: Farigiraf|Sitrus Berry|[eat]
|-heal|p1a: Farigiraf|44/100|[from] item: Sitrus Berry
|move|p1b: Sylveon|Hyper Voice|p2b: Metagross|[spread] p2a,p2b
|-resisted|p2b: Metagross|1
|-damage|p2a: Sylveon|48/100
|-damage|p2b: Metagross|76/100
|move|p2b: Metagross|Psychic Fangs|p1b: Sylveon
|-damage|p1b: Sylveon|25/100
|
|upkeep
|turn|4
|
|t:|1785879599
|move|p1a: Farigiraf|Helping Hand|p1b: Sylveon
|-singleturn|p1b: Sylveon|Helping Hand|[of] p1a: Farigiraf
|cant|p2a: Sylveon|recharge
|move|p1b: Sylveon|Hyper Voice|p2b: Metagross|[spread] p2a,p2b
|-resisted|p2b: Metagross|1
|-damage|p2a: Sylveon|0 fnt
|-damage|p2b: Metagross|46/100
|faint|p2a: Sylveon
|move|p2b: Metagross|Psychic Fangs|p1b: Sylveon
|-damage|p1b: Sylveon|0 fnt
|faint|p1b: Sylveon
|
|upkeep
|
|t:|1785879618
|switch|p2a: Garchomp|Garchomp, L50, M|100/100
|switch|p1b: Arcanine|Arcanine-Hisui, L50, F|100/100
|turn|5
|
|t:|1785879633
|move|p2b: Metagross|Protect|p2b: Metagross
|-singleturn|p2b: Metagross|Protect
|move|p1a: Farigiraf|Psychic|p2a: Garchomp
|-damage|p2a: Garchomp|73/100
|move|p1b: Arcanine|Head Smash|p2a: Garchomp
|-resisted|p2a: Garchomp|1
|-damage|p2a: Garchomp|40/100
|-damage|p1b: Arcanine|87/100|[from] ability: Rough Skin|[of] p2a: Garchomp
|move|p2a: Garchomp|Earthquake|p1a: Farigiraf|[spread] p1a,p1b
|-activate|p2b: Metagross|move: Protect
|-supereffective|p1b: Arcanine|2
|-damage|p1a: Farigiraf|0 fnt
|-damage|p1b: Arcanine|0 fnt
|faint|p1a: Farigiraf
|faint|p1b: Arcanine
|-damage|p2a: Garchomp|31/100|[from] item: Life Orb
|
|upkeep
|
|t:|1785879644
|switch|p1b: Raichu|Raichu, L50, M|100/100
|turn|6
|
|t:|1785879665
|detailschange|p1b: Raichu|Raichu-Mega-Y, L50, M
|-mega|p1b: Raichu|Raichu|Raichunite Y
|move|p1b: Raichu|Protect|p1b: Raichu
|-singleturn|p1b: Raichu|Protect
|move|p2b: Metagross|Psychic Fangs|p1b: Raichu
|-activate|p1b: Raichu|move: Protect
|move|p2a: Garchomp|Dragon Claw|p1b: Raichu
|-activate|p1b: Raichu|move: Protect
|
|-fieldend|move: Trick Room
|upkeep
|turn|7
|
|t:|1785879677
|move|p2b: Metagross|Protect|p2b: Metagross
|-singleturn|p2b: Metagross|Protect
|move|p1b: Raichu|Focus Blast|p2b: Metagross
|-activate|p2b: Metagross|move: Protect
|move|p2a: Garchomp|Earthquake|p1b: Raichu|[spread] p1b
|-activate|p2b: Metagross|move: Protect
|-supereffective|p1b: Raichu|1
|-damage|p1b: Raichu|0 fnt
|faint|p1b: Raichu
|-damage|p2a: Garchomp|21/100|[from] item: Life Orb
|
|win|Matiublanco
