|j|☆void25o
|j|☆new mental
|html|void25onew mental    
|uhtml|bestof|Game 2 of a best-of-3
|t:|1785326823
|gametype|doubles
|player|p1|void25o|miku-ghost|1199
|player|p2|new mental|volkner|1317
|gen|9
|tier|[Gen 9 Champions] VGC 2026 Reg M-B (Bo3)
|rated|
|rule|Species Clause: Limit one of each Pokémon
|rule|Item Clause: Limit 1 of each item
|clearpoke
|poke|p1|Charizard, L50, M|
|poke|p1|Floette-Eternal, L50, F|
|poke|p1|Kingambit, L50, M|
|poke|p1|Garchomp, L50, M|
|poke|p1|Basculegion, L50, M|
|poke|p1|Whimsicott, L50, M|
|poke|p2|Charizard, L50, M|
|poke|p2|Garchomp, L50, F|
|poke|p2|Incineroar, L50, M|
|poke|p2|Venusaur, L50, M|
|poke|p2|Toxapex, L50, F|
|poke|p2|Sylveon, L50, M|
|teampreview|4
|showteam|p1|Charizard||CharizarditeY|Blaze|HeatWave,WeatherBall,SolarBeam,Protect|Modest||M|||50|]Floette-Eternal||Floettite|FlowerVeil|Moonblast,DazzlingGleam,LightofRuin,Protect|Timid||F|||50|]Kingambit||BlackGlasses|Defiant|KowtowCleave,IronHead,SuckerPunch,Protect|Adamant||M|||50|]Garchomp||LifeOrb|RoughSkin|DragonClaw,Earthquake,RockSlide,Protect|Jolly||M|||50|]Basculegion||MysticWater|Adaptability|WaveCrash,LastRespects,AquaJet,Protect|Adamant||M|||50|]Whimsicott||FocusSash|Prankster|Moonblast,Encore,Tailwind,Protect|Timid||M|||50|
|showteam|p2|Charizard||CharizarditeY|SolarPower|WeatherBall,HeatWave,AncientPower,Protect|Modest||M|||50|]Garchomp||ChoiceScarf|RoughSkin|RockSlide,DragonClaw,Earthquake,StompingTantrum|Adamant||F|||50|]Incineroar||SitrusBerry|Intimidate|FlareBlitz,FakeOut,DarkestLariat,PartingShot|Impish||M|||50|]Venusaur||LifeOrb|Chlorophyll|SludgeBomb,LeafStorm,EarthPower,Protect|Modest||M|||50|]Toxapex||Leftovers|Regenerator|Infestation,Toxic,WideGuard,BanefulBunker|Bold||F|||50|]Sylveon||FairyFeather|Pixilate|HyperVoice,QuickAttack,Yawn,Detect|Modest||M|||50|
|inactive|Battle timer is ON: inactive players will automatically lose when time's up. (requested by void25o)
|inactive|new mental has 60 seconds left.
|
|t:|1785326854
|teamsize|p1|4
|teamsize|p2|4
|start
|switch|p1a: Jaun|Basculegion, L50, M|100/100
|switch|p1b: Jawn|Whimsicott, L50, M|100/100
|switch|p2a: Charizard|Charizard, L50, M|100/100
|switch|p2b: Venusaur|Venusaur, L50, M|100/100
|turn|1
|
|t:|1785326870
|detailschange|p2a: Charizard|Charizard-Mega-Y, L50, M
|-mega|p2a: Charizard|Charizard|Charizardite Y
|-weather|SunnyDay|[from] ability: Drought|[of] p2a: Charizard
|move|p1a: Jaun|Protect|p1a: Jaun
|-singleturn|p1a: Jaun|Protect
|move|p1b: Jawn|Tailwind|p1b: Jawn
|-sidestart|p1: void25o|move: Tailwind
|move|p2b: Venusaur|Leaf Storm|p1a: Jaun
|-activate|p1a: Jaun|move: Protect
|move|p2a: Charizard|Heat Wave|p1b: Jawn|[spread] p1b
|-activate|p1a: Jaun|move: Protect
|-supereffective|p1b: Jawn|1
|-enditem|p1b: Jawn|Focus Sash
|-damage|p1b: Jawn|1/100
|
|-weather|SunnyDay|[upkeep]
|upkeep
|turn|2
|
|t:|1785326884
|switch|p1a: Jonn|Charizard, L50, M|100/100
|switch|p2a: Incineroar|Incineroar, L50, M|100/100
|-ability|p2a: Incineroar|Intimidate|boost
|-unboost|p1a: Jonn|atk|1
|-unboost|p1b: Jawn|atk|1
|move|p1b: Jawn|Encore|p2b: Venusaur
|-start|p2b: Venusaur|Encore
|move|p2b: Venusaur|Leaf Storm|p1a: Jonn
|-resisted|p1a: Jonn|2
|-damage|p1a: Jonn|76/100
|-unboost|p2b: Venusaur|spa|2
|-damage|p2b: Venusaur|90/100|[from] item: Life Orb
|
|-weather|SunnyDay|[upkeep]
|upkeep
|turn|3
|
|t:|1785326899
|switch|p2b: Charizard|Charizard-Mega-Y, L50, M|100/100
|detailschange|p1a: Jonn|Charizard-Mega-Y, L50, M
|-mega|p1a: Jonn|Charizard|Charizardite Y
|move|p1b: Jawn|Protect|p1b: Jawn
|-singleturn|p1b: Jawn|Protect
|move|p2a: Incineroar|Fake Out|p1b: Jawn
|-activate|p1b: Jawn|move: Protect
|move|p1a: Jonn|Heat Wave|p2a: Incineroar|[spread] p2a,p2b
|-resisted|p2a: Incineroar|1
|-resisted|p2b: Charizard|1
|-damage|p2a: Incineroar|71/100
|-damage|p2b: Charizard|75/100
|
|-weather|SunnyDay|[upkeep]
|upkeep
|turn|4
|
|t:|1785326913
|switch|p1b: Jean|Garchomp, L50, M|100/100
|switch|p2a: Toxapex|Toxapex, L50, F|100/100
|move|p1a: Jonn|Heat Wave|p2b: Charizard|[spread] p2a,p2b
|-resisted|p2a: Toxapex|1
|-resisted|p2b: Charizard|1
|-damage|p2a: Toxapex|77/100
|-damage|p2b: Charizard|48/100
|move|p2b: Charizard|Heat Wave|p1a: Jonn|[spread] p1a
|-miss|p2b: Charizard|p1b: Jean
|-resisted|p1a: Jonn|1
|-damage|p1a: Jonn|50/100g
|
|-weather|SunnyDay|[upkeep]
|-heal|p2a: Toxapex|82/100|[from] item: Leftovers
|-sideend|p1: void25o|move: Tailwind
|upkeep
|turn|5
|
|t:|1785326932
|switch|p2b: Incineroar|Incineroar, L50, M|71/100
|-ability|p2b: Incineroar|Intimidate|boost
|-unboost|p1a: Jonn|atk|1
|-unboost|p1b: Jean|atk|1
|move|p1b: Jean|Rock Slide|p2b: Incineroar|[spread] p2a,p2b
|-crit|p2a: Toxapex
|-supereffective|p2b: Incineroar|1
|-damage|p2a: Toxapex|58/100
|-damage|p2b: Incineroar|47/100
|-enditem|p2b: Incineroar|Sitrus Berry|[eat]
|-heal|p2b: Incineroar|72/100|[from] item: Sitrus Berry
|-damage|p1b: Jean|90/100|[from] item: Life Orb
|move|p1a: Jonn|Weather Ball|p2b: Incineroar
|-resisted|p2b: Incineroar|1
|-damage|p2b: Incineroar|34/100
|move|p2a: Toxapex|Toxic|p1b: Jean
|-status|p1b: Jean|tox
|
|-weather|none
|-heal|p2a: Toxapex|64/100|[from] item: Leftovers
|-damage|p1b: Jean|84/100 tox|[from] psn
|upkeep
|turn|6
|
|t:|1785326952
|switch|p1a: Jaun|Basculegion, L50, M|100/100
|move|p2b: Incineroar|Fake Out|p1b: Jean
|-damage|p1b: Jean|73/100 tox
|-damage|p2b: Incineroar|21/100|[from] ability: Rough Skin|[of] p1b: Jean
|cant|p1b: Jean|flinch
|move|p2a: Toxapex|Toxic|p1a: Jaun
|-status|p1a: Jaun|tox
|
|-heal|p2a: Toxapex|70/100|[from] item: Leftovers
|-damage|p1b: Jean|61/100 tox|[from] psn
|-damage|p1a: Jaun|94/100 tox|[from] psn
|upkeep
|turn|7
|
|t:|1785326967
|switch|p2b: Venusaur|Venusaur, L50, M|90/100
|move|p2a: Toxapex|Baneful Bunker|p2a: Toxapex
|-singleturn|p2a: Toxapex|move: Protect
|move|p1b: Jean|Dragon Claw|p2a: Toxapex
|-activate|p2a: Toxapex|move: Protect
|move|p1a: Jaun|Wave Crash|p2b: Venusaur
|-resisted|p2b: Venusaur|1
|-damage|p2b: Venusaur|34/100
|-damage|p1a: Jaun|79/100 tox|[from] Recoil
|
|-heal|p2a: Toxapex|75/100|[from] item: Leftovers
|-damage|p1b: Jean|43/100 tox|[from] psn
|-damage|p1a: Jaun|67/100 tox|[from] psn
|upkeep
|turn|8
|
|t:|1785326980
|switch|p2b: Incineroar|Incineroar, L50, M|21/100
|-ability|p2b: Incineroar|Intimidate|boost
|-unboost|p1a: Jaun|atk|1
|-unboost|p1b: Jean|atk|1
|move|p1b: Jean|Earthquake|p2a: Toxapex|[spread] p1a,p2a,p2b
|-supereffective|p2a: Toxapex|1
|-supereffective|p2b: Incineroar|1
|-damage|p1a: Jaun|38/100 tox
|-damage|p2a: Toxapex|36/100
|-damage|p2b: Incineroar|0 fnt
|faint|p2b: Incineroar
|-damage|p1b: Jean|34/100 tox|[from] item: Life Orb
|move|p1a: Jaun|Last Respects|p2a: Toxapex
|-damage|p2a: Toxapex|21/100
|move|p2a: Toxapex|Infestation|p1a: Jaun
|-resisted|p1a: Jaun|1
|-damage|p1a: Jaun|37/100 tox
|-activate|p1a: Jaun|move: Infestation|[of] p2a: Toxapex
|
|-heal|p2a: Toxapex|26/100|[from] item: Leftovers
|-damage|p1b: Jean|10/100 tox|[from] psn
|-damage|p1a: Jaun|19/100 tox|[from] psn
|-damage|p1a: Jaun|6/100 tox|[from] move: Infestation|[partiallytrapped]
|upkeep
|
|t:|1785326991
|switch|p2b: Charizard|Charizard-Mega-Y, L50, M|48/100
|-weather|SunnyDay|[from] ability: Drought|[of] p2b: Charizard
|turn|9
|
|t:|1785327003
|switch|p1b: Jawn|Whimsicott, L50, M|1/100
|switch|p1a: Jonn|Charizard-Mega-Y, L50, M|50/100g
|-heal|p2a: Toxapex|59/100|[from] ability: Regenerator|[silent]
|switch|p2a: Venusaur|Venusaur, L50, M|34/100
|move|p2b: Charizard|Protect||[still]
|-fail|p2b: Charizard
|
|-weather|SunnyDay|[upkeep]
|upkeep
|turn|10
|
|t:|1785327015
|move|p1b: Jawn|Tailwind|p1b: Jawn
|-sidestart|p1: void25o|move: Tailwind
|move|p1a: Jonn|Heat Wave|p2b: Charizard|[spread] p2a,p2b
|-supereffective|p2a: Venusaur|1
|-resisted|p2b: Charizard|1
|-damage|p2a: Venusaur|0 fnt
|-damage|p2b: Charizard|20/100y
|faint|p2a: Venusaur
|move|p2b: Charizard|Ancient Power|p1a: Jonn
|-supereffective|p1a: Jonn|2
|-damage|p1a: Jonn|0 fnt
|-boost|p2b: Charizard|atk|1
|-boost|p2b: Charizard|def|1
|-boost|p2b: Charizard|spa|1
|-boost|p2b: Charizard|spd|1
|-boost|p2b: Charizard|spe|1
|faint|p1a: Jonn
|
|-weather|SunnyDay|[upkeep]
|upkeep
|
|t:|1785327025
|switch|p1a: Jean|Garchomp, L50, M|10/100 tox
|switch|p2a: Toxapex|Toxapex, L50, F|59/100
|turn|11
|
|t:|1785327031
|move|p2a: Toxapex|Wide Guard|p2a: Toxapex
|-singleturn|p2a: Toxapex|Wide Guard
|move|p1b: Jawn|Moonblast|p2a: Toxapex
|-resisted|p2a: Toxapex|1
|-damage|p2a: Toxapex|45/100
|move|p1a: Jean|Rock Slide|p2a: Toxapex|[spread] 
|-activate|p2a: Toxapex|move: Wide Guard
|-activate|p2b: Charizard|move: Wide Guard
|move|p2b: Charizard|Heat Wave|p1b: Jawn|[spread] p1a,p1b
|-resisted|p1a: Jean|1
|-supereffective|p1b: Jawn|1
|-damage|p1a: Jean|0 fnt
|-damage|p1b: Jawn|0 fnt
|faint|p1a: Jean
|faint|p1b: Jawn
|
|-weather|SunnyDay|[upkeep]
|-heal|p2a: Toxapex|50/100g|[from] item: Leftovers
|upkeep
|
|t:|1785327034
|switch|p1b: Jaun|Basculegion, L50, M|6/100 tox
|turn|12
|c|☆new mental|gg
|
|t:|1785327043
|move|p1b: Jaun|Last Respects|p2b: Charizard
|-damage|p2b: Charizard|0 fnt
|faint|p2b: Charizard
|move|p2a: Toxapex|Infestation|p1b: Jaun
|-resisted|p1b: Jaun|1
|-damage|p1b: Jaun|4/100 tox
|-activate|p1b: Jaun|move: Infestation|[of] p2a: Toxapex
|
|-weather|SunnyDay|[upkeep]
|-heal|p2a: Toxapex|56/100|[from] item: Leftovers
|-damage|p1b: Jaun|0 fnt|[from] psn
|faint|p1b: Jaun
|
|win|new mental
|raw|void25o's rating: 1199 → 1182(-17 for losing)
|raw|new mental's rating: 1317 → 1330(+13 for winning)
