|j|☆Wastelandpunk
|j|☆Paolo345
|html|WastelandpunkPaolo345    
|uhtml|bestof|Game 2 of a best-of-3
|t:|1785503257
|gametype|doubles
|player|p1|Wastelandpunk|roxie|
|player|p2|Paolo345|265|
|gen|9
|tier|[Gen 9 Champions] VGC 2026 Reg M-B (Bo3)
|rule|Species Clause: Limit one of each Pokémon
|rule|Item Clause: Limit 1 of each item
|clearpoke
|poke|p1|Malamar, L50, F|
|poke|p1|Maushold-Four, L50|
|poke|p1|Mawile, L50, F|
|poke|p1|Sinistcha, L50|
|poke|p1|Whimsicott, L50, M|
|poke|p1|Incineroar, L50, F|
|poke|p2|Dragonite, L50, M|
|poke|p2|Lopunny, L50, F|
|poke|p2|Talonflame, L50, F|
|poke|p2|Kingambit, L50, F|
|poke|p2|Sylveon, L50, F|
|poke|p2|Basculegion, L50, M|
|teampreview|4
|showteam|p1|Malamar||Malamarite|Contrary|Superpower,KnockOff,TrickRoom,Protect|Adamant||F|||50|]Maushold-Four||WideLens|Technician|PopulationBomb,FollowMe,Feint,Protect|Jolly|||||50|]Mawile||Mawilite|HyperCutter|PlayRough,RockSlide,SuckerPunch,Protect|Brave||F|||50|]Sinistcha||ColburBerry|Hospitality|MatchaGotcha,LifeDew,RagePowder,Protect|Calm|||||50|]Whimsicott||FocusSash|Prankster|Moonblast,Tailwind,Charm,FakeTears|Modest||M|||50|]Incineroar||LifeOrb|Intimidate|FlareBlitz,DarkestLariat,PartingShot,FakeOut|Brave||F|||50|
|showteam|p2|Dragonite||Dragoninite|InnerFocus|DracoMeteor,Flamethrower,Thunderbolt,Roar|Modest||M|||50|]Lopunny||Lopunnite|CuteCharm|FakeOut,CloseCombat,TripleAxel,GigaImpact|Jolly||F|||50|]Talonflame||SharpBeak|GaleWings|Tailwind,Protect,FlareBlitz,DualWingbeat|Jolly||F|||50|]Kingambit||ChopleBerry|Defiant|KowtowCleave,IronHead,SuckerPunch,LowKick|Brave||F|||50|]Sylveon||FairyFeather|Pixilate|HyperVoice,HyperBeam,QuickAttack,Detect|Modest||F|||50|]Basculegion||FocusSash|Adaptability|LastRespects,AquaJet,Liquidation,Protect|Adamant||M|||50|
|
|t:|1785503311
|teamsize|p1|4
|teamsize|p2|4
|start
|switch|p1a: Takover|Malamar, L50, F|100/100
|switch|p1b: Zeta-chan|Incineroar, L50, F|100/100
|switch|p2a: War crime patrol|Lopunny, L50, F|100/100
|switch|p2b: The Winged Knight|Dragonite, L50, M|100/100
|-ability|p1b: Zeta-chan|Intimidate|boost
|-unboost|p2a: War crime patrol|atk|1
|-fail|p2b: The Winged Knight|unboost|Attack|[from] ability: Inner Focus|[of] p2b: The Winged Knight
|turn|1
|
|t:|1785503369
|detailschange|p1a: Takover|Malamar-Mega, L50, F
|-mega|p1a: Takover|Malamar|Malamarite
|move|p2a: War crime patrol|Fake Out|p1b: Zeta-chan
|-damage|p1b: Zeta-chan|89/100
|cant|p1b: Zeta-chan|flinch
|move|p2b: The Winged Knight|Roar|p1a: Takover
|drag|p1a: Oshi|Sinistcha, L50|100/100
|-heal|p1b: Zeta-chan|100/100|[from] ability: Hospitality|[of] p1a: Oshi
|
|upkeep
|turn|2
|inactive|Battle timer is ON: inactive players will automatically lose when time's up. (requested by Wastelandpunk)
|
|t:|1785503434
|switch|p2a: Pink|Sylveon, L50, F|100/100
|switch|p1b: Takover|Malamar-Mega, L50, F|100/100
|move|p1a: Oshi|Protect|p1a: Oshi
|-singleturn|p1a: Oshi|Protect
|move|p2b: The Winged Knight|Flamethrower|p1a: Oshi
|-activate|p1a: Oshi|move: Protect
|
|upkeep
|turn|3
|inactive|Wastelandpunk has 30 seconds left.
|inactive|Paolo345 has 30 seconds left.
|inactive|Wastelandpunk has 20 seconds left.
|
|t:|1785503469
|switch|p1a: Gigi|Whimsicott, L50, M|100/100
|move|p1b: Takover|Protect|p1b: Takover
|-singleturn|p1b: Takover|Protect
|move|p2b: The Winged Knight|Flamethrower|p1a: Gigi
|-supereffective|p1a: Gigi|1
|-damage|p1a: Gigi|26/100
|move|p2a: Pink|Hyper Voice|p1b: Takover|[spread] p1a
|-activate|p1b: Takover|move: Protect
|-damage|p1a: Gigi|0 fnt
|faint|p1a: Gigi
|
|upkeep
|
|t:|1785503480
|switch|p1a: Zeta-chan|Incineroar, L50, F|100/100
|-ability|p1a: Zeta-chan|Intimidate|boost
|-unboost|p2a: Pink|atk|1
|-fail|p2b: The Winged Knight|unboost|Attack|[from] ability: Inner Focus|[of] p2b: The Winged Knight
|turn|4
|inactive|Paolo345 has 30 seconds left.
|
|t:|1785503508
|move|p2b: The Winged Knight|Flamethrower|p1b: Takover
|-damage|p1b: Takover|77/100
|move|p1b: Takover|Knock Off|p2b: The Winged Knight
|-damage|p2b: The Winged Knight|70/100
|move|p2a: Pink|Hyper Voice|p1b: Takover|[spread] p1a,p1b
|-supereffective|p1b: Takover|1
|-damage|p1a: Zeta-chan|60/100
|-damage|p1b: Takover|11/100
|move|p1a: Zeta-chan|Flare Blitz|p2a: Pink
|-damage|p2a: Pink|13/100
|-damage|p1a: Zeta-chan|33/100|[from] Recoil
|-damage|p1a: Zeta-chan|23/100|[from] item: Life Orb
|
|upkeep
|turn|5
|
|t:|1785503528
|switch|p1a: Oshi|Sinistcha, L50|100/100
|-heal|p1b: Takover|36/100|[from] ability: Hospitality|[of] p1a: Oshi
|move|p1b: Takover|Protect|p1b: Takover
|-singleturn|p1b: Takover|Protect
|move|p2b: The Winged Knight|Flamethrower|p1b: Takover
|-activate|p1b: Takover|move: Protect
|move|p2a: Pink|Hyper Voice|p1a: Oshi|[spread] p1a
|-activate|p1b: Takover|move: Protect
|-crit|p1a: Oshi
|-damage|p1a: Oshi|45/100
|
|upkeep
|turn|6
|inactive|Wastelandpunk has 30 seconds left.
|inactive|Paolo345 has 30 seconds left.
|inactive|Wastelandpunk has 20 seconds left.
|
|t:|1785503566
|move|p2b: The Winged Knight|Flamethrower|p1a: Oshi
|-supereffective|p1a: Oshi|1
|-damage|p1a: Oshi|0 fnt
|faint|p1a: Oshi
|move|p1b: Takover|Knock Off|p2a: Pink
|-resisted|p2a: Pink|1
|-damage|p2a: Pink|0 fnt
|-enditem|p2a: Pink|Fairy Feather|[from] move: Knock Off|[of] p1b: Takover
|faint|p2a: Pink
|
|upkeep
|
|t:|1785503575
|switch|p1a: Zeta-chan|Incineroar, L50, F|23/100
|switch|p2a: War crime patrol|Lopunny, L50, F|100/100
|-ability|p1a: Zeta-chan|Intimidate|boost
|-unboost|p2a: War crime patrol|atk|1
|-fail|p2b: The Winged Knight|unboost|Attack|[from] ability: Inner Focus|[of] p2b: The Winged Knight
|turn|7
|
|t:|1785503594
|detailschange|p2a: War crime patrol|Lopunny-Mega, L50, F
|-mega|p2a: War crime patrol|Lopunny|Lopunnite
|move|p2a: War crime patrol|Fake Out|p1a: Zeta-chan
|-crit|p1a: Zeta-chan
|-damage|p1a: Zeta-chan|0 fnt
|faint|p1a: Zeta-chan
|move|p2b: The Winged Knight|Draco Meteor|p1b: Takover
|-damage|p1b: Takover|0 fnt
|-unboost|p2b: The Winged Knight|spa|2
|faint|p1b: Takover
|
|win|Paolo345
|c|☆Wastelandpunk|gg
|c|☆Paolo345|ggs
|c|☆Wastelandpunk|you absolutely destroyed me haha
|c|☆Paolo345|me when i see stat drop blocked
