|j|☆carp1
|j|☆mlgbd
|html|carp1mlgbd    
|uhtml|bestof|Game 2 of a best-of-3
|t:|1783772552
|gametype|doubles
|player|p1|carp1|102|
|player|p2|mlgbd|101|
|gen|9
|tier|[Gen 9 Champions] VGC 2026 Reg M-B (Bo3)
|rule|Species Clause: Limit one of each Pokémon
|rule|Item Clause: Limit 1 of each item
|clearpoke
|poke|p1|Scolipede, L50, F|
|poke|p1|Delphox, L50, M|
|poke|p1|Incineroar, L50, F|
|poke|p1|Sneasler, L50, F|
|poke|p1|Kingambit, L50, F|
|poke|p1|Sinistcha, L50|
|poke|p2|Pelipper, L50, M|
|poke|p2|Swampert, L50, M|
|poke|p2|Basculegion, L50, M|
|poke|p2|Archaludon, L50, M|
|poke|p2|Grimmsnarl, L50, M|
|poke|p2|Kingambit, L50, M|
|teampreview|4
|showteam|p1|Scolipede||Scolipite|SpeedBoost|RockSlide,Protect,SwordsDance,LeechLife|Adamant||F|||50|]Delphox||Delphoxite|Blaze|Psyshock,HeatWave,Protect,NastyPlot|Timid||M|||50|]Incineroar||Leftovers|Intimidate|FakeOut,FlareBlitz,ThroatChop,PartingShot|Careful||F|||50|]Sneasler||FocusSash|Unburden|CloseCombat,DireClaw,FakeOut,Coaching|Jolly||F|||50|]Kingambit||BlackGlasses|Defiant|KowtowCleave,SuckerPunch,Protect,SwordsDance|Adamant||F|||50|]Sinistcha||SitrusBerry|Hospitality|MatchaGotcha,Protect,TrickRoom,RagePowder|Bold|||||50|
|showteam|p2|Pelipper||FocusSash|Drizzle|Protect,Tailwind,Uturn,Hurricane|Serious||M|||50|]Swampert||Swampertite|Damp|Protect,IcePunch,Earthquake,WaveCrash|Serious||M|||50|]Basculegion||LifeOrb|Adaptability|Protect,AquaJet,LastRespects,WaveCrash|Serious||M|||50|]Archaludon||SitrusBerry|Stamina|Protect,FlashCannon,DracoMeteor,ElectroShot|Serious||M|||50|]Grimmsnarl||LightClay|Prankster|PartingShot,LightScreen,Reflect,SuckerPunch|Serious||M|||50|]Kingambit||BlackGlasses|Defiant|Protect,SuckerPunch,IronHead,KowtowCleave|Serious||M|||50|
|inactive|Battle timer is ON: inactive players will automatically lose when time's up. (requested by mlgbd)
|inactive|carp1 has 60 seconds left.
|
|t:|1783772587
|teamsize|p1|4
|teamsize|p2|4
|start
|switch|p1a: Scolipede|Scolipede, L50, F|100/100
|switch|p1b: Sneasler|Sneasler, L50, F|100/100
|switch|p2a: 大卫·戴|Pelipper, L50, M|100/100
|switch|p2b: 男模|Grimmsnarl, L50, M|100/100
|-weather|RainDance|[from] ability: Drizzle|[of] p2a: 大卫·戴
|turn|1
|
|t:|1783772608
|move|p1b: Sneasler|Fake Out|p2a: 大卫·戴
|-damage|p2a: 大卫·戴|81/100
|move|p2b: 男模|Reflect|p2b: 男模
|-sidestart|p2: mlgbd|Reflect
|move|p1a: Scolipede|Swords Dance|p1a: Scolipede
|-boost|p1a: Scolipede|atk|2
|cant|p2a: 大卫·戴|flinch
|
|-weather|RainDance|[upkeep]
|-ability|p1a: Scolipede|Speed Boost|boost
|-boost|p1a: Scolipede|spe|1
|upkeep
|turn|2
|
|t:|1783772621
|move|p2b: 男模|Parting Shot|p1b: Sneasler
|-unboost|p1b: Sneasler|atk|1
|-unboost|p1b: Sneasler|spa|1
|
|t:|1783772631
|switch|p2b: 一汽·大运|Basculegion, L50, M|100/100|[from] Parting Shot
|move|p1a: Scolipede|Rock Slide|p2a: 大卫·戴|[spread] p2a,p2b
|-supereffective|p2a: 大卫·戴|1
|-crit|p2a: 大卫·戴
|-damage|p2a: 大卫·戴|0 fnt
|-damage|p2b: 一汽·大运|73/100
|faint|p2a: 大卫·戴
|move|p1b: Sneasler|Dire Claw|p2b: 一汽·大运
|-resisted|p2b: 一汽·大运|1
|-damage|p2b: 一汽·大运|61/100
|
|-weather|RainDance|[upkeep]
|-ability|p1a: Scolipede|Speed Boost|boost
|-boost|p1a: Scolipede|spe|1
|upkeep
|
|t:|1783772648
|switch|p2a: 你往上进化一段你再来|Archaludon, L50, M|100/100
|turn|3
|inactive|carp1 has 30 seconds left.
|inactive|mlgbd has 30 seconds left.
|
|t:|1783772686
|move|p1a: Scolipede|Protect|p1a: Scolipede
|-singleturn|p1a: Scolipede|Protect
|move|p2b: 一汽·大运|Protect|p2b: 一汽·大运
|-singleturn|p2b: 一汽·大运|Protect
|move|p1b: Sneasler|Close Combat|p2a: 你往上进化一段你再来
|-supereffective|p2a: 你往上进化一段你再来|1
|-damage|p2a: 你往上进化一段你再来|58/100
|-unboost|p1b: Sneasler|def|1
|-unboost|p1b: Sneasler|spd|1
|-ability|p2a: 你往上进化一段你再来|Stamina|boost
|-boost|p2a: 你往上进化一段你再来|def|1
|move|p2a: 你往上进化一段你再来|Electro Shot||[still]
|-prepare|p2a: 你往上进化一段你再来|Electro Shot
|-boost|p2a: 你往上进化一段你再来|spa|1
|-anim|p2a: 你往上进化一段你再来|Electro Shot|p1b: Sneasler
|-enditem|p1b: Sneasler|Focus Sash
|-damage|p1b: Sneasler|1/100
|
|-weather|RainDance|[upkeep]
|-ability|p1a: Scolipede|Speed Boost|boost
|-boost|p1a: Scolipede|spe|1
|upkeep
|turn|4
|inactive|carp1 has 30 seconds left.
|
|t:|1783772719
|switch|p1b: Sinistcha|Sinistcha, L50|100/100
|detailschange|p1a: Scolipede|Scolipede-Mega, L50, F
|-mega|p1a: Scolipede|Scolipede|Scolipite
|move|p2b: 一汽·大运|Aqua Jet|p1b: Sinistcha
|-resisted|p1b: Sinistcha|1
|-damage|p1b: Sinistcha|80/100
|-damage|p2b: 一汽·大运|51/100|[from] item: Life Orb
|move|p1a: Scolipede|Rock Slide|p2b: 一汽·大运|[spread] p2a,p2b
|-resisted|p2a: 你往上进化一段你再来|1
|-damage|p2a: 你往上进化一段你再来|50/100g
|-damage|p2b: 一汽·大运|14/100
|-ability|p2a: 你往上进化一段你再来|Stamina|boost
|-boost|p2a: 你往上进化一段你再来|def|1
|move|p2a: 你往上进化一段你再来|Electro Shot||[still]
|-prepare|p2a: 你往上进化一段你再来|Electro Shot
|-boost|p2a: 你往上进化一段你再来|spa|1
|-anim|p2a: 你往上进化一段你再来|Electro Shot|p1a: Scolipede
|-damage|p1a: Scolipede|5/100
|
|-weather|RainDance|[upkeep]
|upkeep
|turn|5
|inactive|mlgbd has 30 seconds left.
|
|t:|1783772747
|move|p2b: 一汽·大运|Protect|p2b: 一汽·大运
|-singleturn|p2b: 一汽·大运|Protect
|move|p1b: Sinistcha|Rage Powder|p1b: Sinistcha
|-singleturn|p1b: Sinistcha|move: Rage Powder
|move|p1a: Scolipede|Rock Slide|p2b: 一汽·大运|[spread] p2a
|-activate|p2b: 一汽·大运|move: Protect
|-resisted|p2a: 你往上进化一段你再来|1
|-damage|p2a: 你往上进化一段你再来|45/100
|-ability|p2a: 你往上进化一段你再来|Stamina|boost
|-boost|p2a: 你往上进化一段你再来|def|1
|-enditem|p2a: 你往上进化一段你再来|Sitrus Berry|[eat]
|-heal|p2a: 你往上进化一段你再来|70/100|[from] item: Sitrus Berry
|move|p2a: 你往上进化一段你再来|Draco Meteor|p1b: Sinistcha
|-damage|p1b: Sinistcha|0 fnt
|-unboost|p2a: 你往上进化一段你再来|spa|2
|faint|p1b: Sinistcha
|
|-weather|none
|upkeep
|
|t:|1783772763
|switch|p1b: Kingambit|Kingambit, L50, F|100/100
|turn|6
|inactive|mlgbd has 30 seconds left.
|inactive|carp1 has 30 seconds left.
|
|t:|1783772793
|switch|p2b: 男模|Grimmsnarl, L50, M|100/100
|move|p1a: Scolipede|Protect|p1a: Scolipede
|-singleturn|p1a: Scolipede|Protect
|move|p2a: 你往上进化一段你再来|Electro Shot||[still]
|-prepare|p2a: 你往上进化一段你再来|Electro Shot
|-boost|p2a: 你往上进化一段你再来|spa|1
|move|p1b: Kingambit|Kowtow Cleave|p2b: 男模
|-resisted|p2b: 男模|2
|-damage|p2b: 男模|87/100
|
|upkeep
|turn|7
|
|t:|1783772808
|move|p2b: 男模|Sucker Punch|p1a: Scolipede
|-damage|p1a: Scolipede|0 fnt
|faint|p1a: Scolipede
|move|p2a: 你往上进化一段你再来|Electro Shot|p1b: Kingambit|[from] lockedmove
|-damage|p1b: Kingambit|40/100
|move|p1b: Kingambit|Swords Dance|p1b: Kingambit
|-boost|p1b: Kingambit|atk|2
|
|upkeep
|
|t:|1783772811
|switch|p1a: Sneasler|Sneasler, L50, F|1/100
|turn|8
|
|t:|1783772833
|move|p2a: 你往上进化一段你再来|Protect|p2a: 你往上进化一段你再来
|-singleturn|p2a: 你往上进化一段你再来|Protect
|move|p2b: 男模|Sucker Punch|p1b: Kingambit
|-resisted|p1b: Kingambit|1
|-crit|p1b: Kingambit
|-damage|p1b: Kingambit|21/100
|move|p1b: Kingambit|Sucker Punch||[still]
|-fail|p1b: Kingambit
|move|p1a: Sneasler|Coaching|p1b: Kingambit
|-boost|p1b: Kingambit|atk|1
|-boost|p1b: Kingambit|def|1
|
|-sideend|p2: mlgbd|Reflect
|upkeep
|turn|9
|
|t:|1783772852
|move|p2b: 男模|Reflect|p2b: 男模
|-sidestart|p2: mlgbd|Reflect
|move|p1b: Kingambit|Sucker Punch|p2a: 你往上进化一段你再来
|-damage|p2a: 你往上进化一段你再来|43/100
|-ability|p2a: 你往上进化一段你再来|Stamina|boost
|-boost|p2a: 你往上进化一段你再来|def|1
|move|p1a: Sneasler|Dire Claw|p2b: 男模
|-supereffective|p2b: 男模|1
|-damage|p2b: 男模|23/100
|move|p2a: 你往上进化一段你再来|Flash Cannon|p1a: Sneasler
|-damage|p1a: Sneasler|0 fnt
|faint|p1a: Sneasler
|
|upkeep
|turn|10
|-message|carp1 forfeited.
|
|win|mlgbd
|l|☆carp1
|player|p1|
||carp1 is ready for game 3.
|l|☆mlgbd
|player|p2|
||mlgbd is ready for game 3.
|uhtml|next|Next: Game 3 of 3
|j|☆carp1
|player|p1|carp1|102|
|l|☆carp1
|player|p1|
|j|☆carp1
|player|p1|carp1|102|
