|j|☆aqueousbloop
|j|☆Vgcgen
|html|aqueousbloopVgcgen    
|uhtml|bestof|Game 2 of a best-of-3
|t:|1756219833
|gametype|doubles
|player|p1|aqueousbloop|101|1141
|player|p2|Vgcgen|169|1107
|gen|9
|tier|[Gen 9] VGC 2025 Reg H (Bo3)
|rated|
|rule|Species Clause: Limit one of each Pokémon
|rule|Item Clause: Limit 1 of each item
|clearpoke
|poke|p1|Sneasler, L50, F|
|poke|p1|Basculegion, L50, M|
|poke|p1|Pelipper, L50, M|
|poke|p1|Indeedee-F, L50, F|
|poke|p1|Lurantis, L50, F|
|poke|p1|Hatterene, L50, F|
|poke|p2|Archaludon, L50, F|
|poke|p2|Politoed, L50, F|
|poke|p2|Gothitelle, L50, F|
|poke|p2|Kingdra, L50, F|
|poke|p2|Incineroar, L50, M|
|poke|p2|Amoonguss, L50, M|
|teampreview|4
|showteam|p1|Sneasler||SafetyGoggles|PoisonTouch|ThroatChop,CloseCombat,DireClaw,FakeOut|||F|||50|,,,,,Dark]Basculegion||ChoiceBand|SwiftSwim|FlipTurn,WaveCrash,LastRespects,AquaJet|||M|||50|,,,,,Grass]Pelipper||FocusSash|Drizzle|Hurricane,WeatherBall,WideGuard,Protect|||M|||50|,,,,,Ghost]Indeedee-F||PsychicSeed|PsychicSurge|TrickRoom,FollowMe,HelpingHand,Psychic|||F|||50|,,,,,Fairy]Lurantis||AssaultVest|Contrary|Superpower,LeafBlade,KnockOff,LeechLife|||F|||50|,,,,,Poison]Hatterene||LifeOrb|MagicBounce|TrickRoom,ExpandingForce,DazzlingGleam,Protect|||F|||50|,,,,,Psychic
|showteam|p2|Archaludon||PowerHerb|Sturdy|ElectroShot,FlashCannon,DragonPulse,Protect|||F|||50|,,,,,Electric]Politoed||Leftovers|Drizzle|WeatherBall,PerishSong,Encore,Protect|||F|||50|,,,,,Grass]Gothitelle||SitrusBerry|ShadowTag|Psychic,FakeOut,TrickRoom,Protect|||F|||50|,,,,,Dark]Kingdra||LifeOrb|SwiftSwim|DracoMeteor,WeatherBall,MuddyWater,Protect|||F|||50|,,,,,Stellar]Incineroar||SafetyGoggles|Intimidate|FakeOut,KnockOff,PartingShot,Protect|||M|||50|,,,,,Ghost]Amoonguss||EjectButton|Regenerator|Spore,RagePowder,PollenPuff,Protect|||M|||50|,,,,,Fairy
|inactive|Battle timer is ON: inactive players will automatically lose when time's up. (requested by aqueousbloop)
|
|t:|1756219848
|teamsize|p1|4
|teamsize|p2|4
|start
|switch|p1a: Basculegion|Basculegion, L50, M|100/100
|switch|p1b: Sneasler|Sneasler, L50, F|100/100
|switch|p2a: Incineroar|Incineroar, L50, M, shiny|100/100
|switch|p2b: Archaludon|Archaludon, L50, F, shiny|100/100
|-ability|p2a: Incineroar|Intimidate|boost
|-unboost|p1a: Basculegion|atk|1
|-unboost|p1b: Sneasler|atk|1
|turn|1
|inactive|aqueousbloop has 30 seconds left.
|inactive|aqueousbloop has 20 seconds left.
|inactive|aqueousbloop has 15 seconds left.
|inactive|Vgcgen has 30 seconds left.
|
|t:|1756219889
|move|p1b: Sneasler|Fake Out|p2b: Archaludon
|-resisted|p2b: Archaludon
|-damage|p2b: Archaludon|96/100
|cant|p2b: Archaludon|flinch
|move|p1a: Basculegion|Flip Turn|p2a: Incineroar
|-supereffective|p2a: Incineroar
|-damage|p2a: Incineroar|43/100
|
|t:|1756219904
|switch|p1a: Lurantis|Lurantis, L50, F|100/100|[from] Flip Turn
|move|p2a: Incineroar|Knock Off|p1a: Lurantis
|-damage|p1a: Lurantis|58/100
|-enditem|p1a: Lurantis|Assault Vest|[from] move: Knock Off|[of] p2a: Incineroar
|
|upkeep
|turn|2
|inactive|aqueousbloop has 30 seconds left.
|
|t:|1756219935
|-terastallize|p2b: Archaludon|Electric
|move|p1b: Sneasler|Close Combat|p2a: Incineroar
|-supereffective|p2a: Incineroar
|-damage|p2a: Incineroar|0 fnt
|-unboost|p1b: Sneasler|def|1
|-unboost|p1b: Sneasler|spd|1
|faint|p2a: Incineroar
|move|p2b: Archaludon|Electro Shot||[still]
|-prepare|p2b: Archaludon|Electro Shot
|-boost|p2b: Archaludon|spa|1
|-enditem|p2b: Archaludon|Power Herb
|-anim|p2b: Archaludon|Electro Shot|p1b: Sneasler
|-damage|p1b: Sneasler|0 fnt
|faint|p1b: Sneasler
|move|p1a: Lurantis|Superpower|p2b: Archaludon
|-damage|p2b: Archaludon|64/100
|-boost|p1a: Lurantis|atk|1
|-boost|p1a: Lurantis|def|1
|
|upkeep
|
|t:|1756219958
|switch|p1b: Basculegion|Basculegion, L50, M|100/100
|switch|p2a: Gothitelle|Gothitelle, L50, F, shiny|100/100
|turn|3
|inactive|aqueousbloop has 30 seconds left.
|
|t:|1756219992
|-terastallize|p1b: Basculegion|Grass
|move|p2a: Gothitelle|Fake Out|p1a: Lurantis
|-damage|p1a: Lurantis|53/100
|move|p2b: Archaludon|Dragon Pulse|p1a: Lurantis
|-damage|p1a: Lurantis|0 fnt
|faint|p1a: Lurantis
|move|p1b: Basculegion|Wave Crash|p2b: Archaludon
|-crit|p2b: Archaludon
|-damage|p2b: Archaludon|0 fnt
|faint|p2b: Archaludon
|-damage|p1b: Basculegion|83/100|[from] Recoil
|
|upkeep
|
|t:|1756220004
|switch|p2b: Politoed|Politoed, L50, F, shiny|100/100
|switch|p1a: Pelipper|Pelipper, L50, M|100/100
|-weather|RainDance|[from] ability: Drizzle|[of] p2b: Politoed
|turn|4
|
|t:|1756220026
|move|p1b: Basculegion|Wave Crash|p2a: Gothitelle
|-damage|p2a: Gothitelle|0 fnt
|faint|p2a: Gothitelle
|-damage|p1b: Basculegion|53/100|[from] Recoil
|move|p2b: Politoed|Perish Song|p2b: Politoed
|-start|p1a: Pelipper|perish3|[silent]
|-start|p1b: Basculegion|perish3|[silent]
|-start|p2b: Politoed|perish3|[silent]
|-fieldactivate|move: Perish Song
|move|p1a: Pelipper|Hurricane|p2b: Politoed
|-damage|p2b: Politoed|65/100
|-start|p2b: Politoed|confusion
|
|-weather|RainDance|[upkeep]
|-heal|p2b: Politoed|72/100|[from] item: Leftovers
|-start|p1b: Basculegion|perish3
|-start|p2b: Politoed|perish3
|-start|p1a: Pelipper|perish3
|upkeep
|turn|5
|
|t:|1756220045
|-activate|p2b: Politoed|confusion
|-damage|p2b: Politoed|65/100|[from] confusion
|move|p1b: Basculegion|Wave Crash|p2b: Politoed
|-resisted|p2b: Politoed
|-damage|p2b: Politoed|0 fnt
|faint|p2b: Politoed
|-damage|p1b: Basculegion|31/100|[from] Recoil
|
|win|aqueousbloop
|raw|aqueousbloop's rating: 1141 → 1164(+23 for winning)
|raw|Vgcgen's rating: 1107 → 1084(-23 for losing)
|l|☆Vgcgen
|player|p2|
