|j|☆LookBackInBanger
|j|☆Farei Jr VGC
|html|LookBackInBangerFarei Jr VGC    
|uhtml|bestof|Game 2 of a best-of-3
|t:|1756513802
|gametype|doubles
|player|p1|LookBackInBanger|mina|1062
|player|p2|Farei Jr VGC|hiker-gen7|1139
|gen|9
|tier|[Gen 9] VGC 2025 Reg H (Bo3)
|rated|
|rule|Species Clause: Limit one of each Pokémon
|rule|Item Clause: Limit 1 of each item
|clearpoke
|poke|p1|Dragonite, L50, F|
|poke|p1|Electabuzz, L50, F|
|poke|p1|Indeedee, L50, M|
|poke|p1|Sneasler, L50, M|
|poke|p1|Talonflame, L50, M|
|poke|p1|Ursaluna-Bloodmoon, L50, M|
|poke|p2|Maushold-Four, L50|
|poke|p2|Annihilape, L50, M|
|poke|p2|Rillaboom, L50, F|
|poke|p2|Klefki, L50, M|
|poke|p2|Volcarona, L50, M|
|poke|p2|Tyranitar, L50, M|
|teampreview|4
|showteam|p1|Dragonite||LoadedDice|Multiscale|ScaleShot,StompingTantrum,Haze,Protect|||F|||50|,,,,,Fairy]Electabuzz||Eviolite|VitalSpirit|Electroweb,FollowMe,Taunt,Protect|||F|||50|,,,,,Dragon]Indeedee||FocusSash|PsychicSurge|ExpandingForce,HelpingHand,TrickRoom,Imprison|||M|||50|,,,,,Psychic]Sneasler||PsychicSeed|Unburden|DireClaw,CloseCombat,ThroatChop,Protect|||M|||50|,,,,,Stellar]Talonflame||CovertCloak|GaleWings|FlareBlitz,DualWingbeat,WillOWisp,Tailwind|||M|||50|,,,,,Stellar]Ursaluna-Bloodmoon||LifeOrb|MindsEye|BloodMoon,HyperVoice,EarthPower,Protect|||M|||50|,,,,,Normal
|showteam|p2|Maushold-Four||SafetyGoggles|FriendGuard|Protect,BeatUp,Taunt,FollowMe||||||50|,,,,,Ghost]Annihilape||Leftovers|Defiant|Protect,RageFist,BulkUp,DrainPunch|||M|||50|,,,,,Fire]Rillaboom||MeadowPlate|GrassySurge|FakeOut,WoodHammer,GrassyGlide,Uturn|||F|||50|,,,,,Fire]Klefki||LightClay|Prankster|Reflect,LightScreen,ThunderWave,DazzlingGleam|||M|||50|,,,,,Water]Volcarona||GrassySeed|FlameBody|Protect,GigaDrain,QuiverDance,HeatWave|||M|||50|,,,,,Grass]Tyranitar||AssaultVest|SandStream|TeraBlast,RockSlide,LowKick,KnockOff|||M|||50|,,,,,Flying
|inactive|Battle timer is ON: inactive players will automatically lose when time's up. (requested by Farei Jr VGC)
|inactive|LookBackInBanger has 60 seconds left.
|
|t:|1756513846
|teamsize|p1|4
|teamsize|p2|4
|start
|switch|p1a: Talonflame|Talonflame, L50, M, shiny|100/100
|switch|p1b: Ursaluna|Ursaluna-Bloodmoon, L50, M|100/100
|switch|p2a: Klefki|Klefki, L50, M|100/100
|switch|p2b: Tyranitar|Tyranitar, L50, M|100/100
|-weather|Sandstorm|[from] ability: Sand Stream|[of] p2b: Tyranitar
|turn|1
|inactive|LookBackInBanger has 30 seconds left.
|inactive|LookBackInBanger has 20 seconds left.
|inactive|LookBackInBanger has 15 seconds left.
|inactive|LookBackInBanger has 10 seconds left.
|
|t:|1756513896
|move|p1a: Talonflame|Tailwind|p1a: Talonflame
|-sidestart|p1: LookBackInBanger|move: Tailwind
|move|p2a: Klefki|Light Screen|p2a: Klefki
|-sidestart|p2: Farei Jr VGC|move: Light Screen
|move|p1b: Ursaluna|Earth Power|p2a: Klefki
|-supereffective|p2a: Klefki
|-damage|p2a: Klefki|0 fnt
|faint|p2a: Klefki
|-damage|p1b: Ursaluna|91/100|[from] item: Life Orb
|move|p2b: Tyranitar|Rock Slide|p1a: Talonflame|[spread] p1a,p1b
|-supereffective|p1a: Talonflame
|-resisted|p1b: Ursaluna
|-damage|p1a: Talonflame|0 fnt
|-damage|p1b: Ursaluna|79/100
|faint|p1a: Talonflame
|
|-weather|Sandstorm|[upkeep]
|upkeep
|inactive|LookBackInBanger has 30 seconds left.
|
|t:|1756513921
|switch|p1a: Sneasler|Sneasler, L50, M|100/100
|switch|p2a: Annihilape|Annihilape, L50, M|100/100
|turn|2
|inactive|LookBackInBanger has 30 seconds left.
|inactive|LookBackInBanger has 20 seconds left.
|inactive|LookBackInBanger has 15 seconds left.
|inactive|LookBackInBanger has 10 seconds left.
|inactive|LookBackInBanger has 5 seconds left.
|
|t:|1756513972
|-terastallize|p1b: Ursaluna|Normal
|-terastallize|p2b: Tyranitar|Flying
|move|p1a: Sneasler|Close Combat|p2b: Tyranitar
|-resisted|p2b: Tyranitar
|-damage|p2b: Tyranitar|75/100
|-unboost|p1a: Sneasler|def|1
|-unboost|p1a: Sneasler|spd|1
|move|p1b: Ursaluna|Blood Moon|p2b: Tyranitar
|-damage|p2b: Tyranitar|18/100
|-damage|p1b: Ursaluna|69/100|[from] item: Life Orb
|move|p2a: Annihilape|Drain Punch|p1b: Ursaluna
|-supereffective|p1b: Ursaluna
|-damage|p1b: Ursaluna|20/100
|move|p2b: Tyranitar|Tera Blast|p1a: Sneasler|[anim] Tera Blast Flying
|-supereffective|p1a: Sneasler
|-damage|p1a: Sneasler|0 fnt
|faint|p1a: Sneasler
|
|-weather|Sandstorm|[upkeep]
|-damage|p1b: Ursaluna|14/100|[from] Sandstorm
|-damage|p2a: Annihilape|94/100|[from] Sandstorm
|-damage|p2b: Tyranitar|11/100|[from] Sandstorm
|-heal|p2a: Annihilape|100/100|[from] item: Leftovers
|upkeep
|
|t:|1756513994
|switch|p1a: Indeedee|Indeedee, L50, M|100/100
|-fieldstart|move: Psychic Terrain|[from] ability: Psychic Surge|[of] p1a: Indeedee
|turn|3
|inactive|LookBackInBanger has 30 seconds left.
|inactive|LookBackInBanger has 20 seconds left.
|
|t:|1756514034
|move|p2a: Annihilape|Protect|p2a: Annihilape
|-singleturn|p2a: Annihilape|Protect
|move|p1a: Indeedee|Expanding Force|p2b: Tyranitar|[spread] p2b
|-activate|p2a: Annihilape|move: Protect
|-damage|p2b: Tyranitar|0 fnt
|faint|p2b: Tyranitar
|move|p1b: Ursaluna|Hyper Voice|p2a: Annihilape
|-activate|p2a: Annihilape|move: Protect
|
|-weather|Sandstorm|[upkeep]
|-damage|p1a: Indeedee|95/100|[from] Sandstorm
|-damage|p1b: Ursaluna|8/100|[from] Sandstorm
|-damage|p2a: Annihilape|94/100|[from] Sandstorm
|-heal|p2a: Annihilape|100/100|[from] item: Leftovers
|upkeep
|
|t:|1756514059
|switch|p2b: Rillaboom|Rillaboom, L50, F|100/100
|-fieldstart|move: Grassy Terrain|[from] ability: Grassy Surge|[of] p2b: Rillaboom
|turn|4
|inactive|LookBackInBanger has 30 seconds left.
|inactive|LookBackInBanger has 20 seconds left.
|inactive|LookBackInBanger has 15 seconds left.
|
|t:|1756514101
|move|p2b: Rillaboom|Grassy Glide|p1b: Ursaluna
|-damage|p1b: Ursaluna|0 fnt
|faint|p1b: Ursaluna
|move|p1a: Indeedee|Expanding Force|p2a: Annihilape
|-supereffective|p2a: Annihilape
|-damage|p2a: Annihilape|49/100
|move|p2a: Annihilape|Drain Punch|p1a: Indeedee
|-damage|p1a: Indeedee|35/100
|-heal|p2a: Annihilape|68/100|[from] drain|[of] p1a: Indeedee
|
|-weather|Sandstorm|[upkeep]
|-damage|p1a: Indeedee|29/100|[from] Sandstorm
|-damage|p2a: Annihilape|62/100|[from] Sandstorm
|-damage|p2b: Rillaboom|94/100|[from] Sandstorm
|-heal|p1a: Indeedee|35/100|[from] Grassy Terrain
|-heal|p2a: Annihilape|68/100|[from] Grassy Terrain
|-heal|p2a: Annihilape|75/100|[from] item: Leftovers
|-heal|p2b: Rillaboom|100/100|[from] Grassy Terrain
|-sideend|p1: LookBackInBanger|move: Tailwind
|upkeep
|turn|5
|
|t:|1756514121
|move|p2b: Rillaboom|Grassy Glide|p1a: Indeedee
|-damage|p1a: Indeedee|0 fnt
|faint|p1a: Indeedee
|
|win|Farei Jr VGC
||LookBackInBanger is ready for game 3.
|inactive|Farei Jr VGC has 30 seconds to confirm battle start!
||Farei Jr VGC is ready for game 3.
|uhtml|next|Next: Game 3 of 3
|l|☆Farei Jr VGC
|player|p2|
