|j|☆JCOdyssey
|j|☆cgsmores
|html|JCOdysseycgsmores    
|uhtml|bestof|Game 3 of a best-of-3
|t:|1783463587
|gametype|doubles
|player|p1|JCOdyssey|bianca|
|player|p2|cgsmores|parasollady-gen4|
|gen|9
|tier|[Gen 9 Champions] VGC 2026 Reg M-B (Bo3)
|rule|Species Clause: Limit one of each Pokémon
|rule|Item Clause: Limit 1 of each item
|clearpoke
|poke|p1|Crabominable, L50, M|
|poke|p1|Staraptor, L50, F|
|poke|p1|Farigiraf, L50, M|
|poke|p1|Primarina, L50, F|
|poke|p1|Tinkaton, L50, F|
|poke|p1|Gallade, L50, M|
|poke|p2|Incineroar, L50, M|
|poke|p2|Sinistcha, L50, shiny|
|poke|p2|Lucario, L50, M|
|poke|p2|Snorlax, L50, M|
|poke|p2|Slowking-Galar, L50, F|
|poke|p2|Azumarill, L50, M, shiny|
|teampreview|4
|showteam|p1|Crabominable||Crabominite|HyperCutter|Protect,IceHammer,DrainPunch,MachPunch|Brave||M|||50|]Staraptor||ChoiceScarf|Intimidate|Uturn,FinalGambit,BraveBird,CloseCombat|Jolly||F|||50|]Farigiraf||MentalHerb|ArmorTail|TrickRoom,Protect,HyperVoice,HelpingHand|Relaxed||M|||50|]Primarina||MysticWater|LiquidVoice|HyperVoice,Moonblast,CalmMind,Protect|Quiet||F|||50|]Tinkaton||Leftovers|OwnTempo|FakeOut,PlayRough,KnockOff,Encore|Impish||F|||50|]Gallade||SitrusBerry|Sharpness|NightSlash,SacredSword,TrickRoom,Protect|Sassy||M|||50|
|showteam|p2|Incineroar||ChopleBerry|Intimidate|PartingShot,FakeOut,FlareBlitz,ThroatChop|Brave||M|||50|]Sinistcha||ColburBerry|Hospitality|TrickRoom,Protect,MatchaGotcha,LifeDew|Relaxed|||||50|]Lucario||Lucarionite|InnerFocus|CloseCombat,Protect,ThunderPunch,MeteorMash|Adamant||M|||50|]Snorlax||Leftovers|ThickFat|HighHorsepower,BodySlam,Yawn,Protect|Brave||M|||50|]Slowking-Galar||MentalHerb|Regenerator|TrickRoom,SludgeBomb,Psychic,IceBeam|Quiet||F|||50|]Azumarill||SitrusBerry|HugePower|PlayRough,BellyDrum,Protect,Liquidation|Brave||M|||50|
|j| Bill Candy X
|j| SparksFitz
|j| majinbuu22
|
|t:|1783463687
|teamsize|p1|4
|teamsize|p2|4
|start
|switch|p1a: boy w/the ♀ symbol|Primarina, L50, F|100/100
|switch|p1b: Grl w/the ♂ symbol|Gallade, L50, M|100/100
|switch|p2a: Super Meowzin|Incineroar, L50, M|100/100
|switch|p2b: Dog|Lucario, L50, M|100/100
|-ability|p2a: Super Meowzin|Intimidate|boost
|-unboost|p1a: boy w/the ♀ symbol|atk|1
|-unboost|p1b: Grl w/the ♂ symbol|atk|1
|turn|1
|
|t:|1783463723
|detailschange|p2b: Dog|Lucario-Mega, L50, M
|-mega|p2b: Dog|Lucario|Lucarionite
|move|p1a: boy w/the ♀ symbol|Protect|p1a: boy w/the ♀ symbol
|-singleturn|p1a: boy w/the ♀ symbol|Protect
|move|p2a: Super Meowzin|Fake Out|p1a: boy w/the ♀ symbol
|-activate|p1a: boy w/the ♀ symbol|move: Protect
|move|p2b: Dog|Thunder Punch|p1a: boy w/the ♀ symbol
|-activate|p1a: boy w/the ♀ symbol|move: Protect
|move|p1b: Grl w/the ♂ symbol|Trick Room|p1b: Grl w/the ♂ symbol
|-fieldstart|move: Trick Room|[of] p1b: Grl w/the ♂ symbol
|
|upkeep
|turn|2
|
|t:|1783463754
|switch|p2b: Diva|Sinistcha, L50, shiny|100/100
|move|p2a: Super Meowzin|Parting Shot|p1a: boy w/the ♀ symbol
|-unboost|p1a: boy w/the ♀ symbol|atk|1
|-unboost|p1a: boy w/the ♀ symbol|spa|1
|
|t:|1783463766
|switch|p2a: Dog|Lucario-Mega, L50, M|100/100|[from] Parting Shot
|move|p1a: boy w/the ♀ symbol|Hyper Voice|p2a: Dog|[spread] p2a,p2b
|-resisted|p2b: Diva|1
|-damage|p2a: Dog|57/100
|-damage|p2b: Diva|84/100
|move|p1b: Grl w/the ♂ symbol|Sacred Sword|p2b: Diva
|-immune|p2b: Diva
|
|upkeep
|turn|3
|
|t:|1783463840
|move|p1b: Grl w/the ♂ symbol|Protect|p1b: Grl w/the ♂ symbol
|-singleturn|p1b: Grl w/the ♂ symbol|Protect
|move|p2a: Dog|Protect|p2a: Dog
|-singleturn|p2a: Dog|Protect
|move|p1a: boy w/the ♀ symbol|Moonblast|p2a: Dog
|-activate|p2a: Dog|move: Protect
|move|p2b: Diva|Trick Room|p2b: Diva
|-fieldend|move: Trick Room
|
|upkeep
|turn|4
|
|t:|1783463864
|switch|p1b: thing|Tinkaton, L50, F|100/100
|switch|p2b: Super Meowzin|Incineroar, L50, M|100/100
|-ability|p2b: Super Meowzin|Intimidate|boost
|-unboost|p1a: boy w/the ♀ symbol|atk|1
|-fail|p1b: thing|unboost|Attack|[from] ability: Own Tempo|[of] p1b: thing
|move|p1a: boy w/the ♀ symbol|Protect|p1a: boy w/the ♀ symbol
|-singleturn|p1a: boy w/the ♀ symbol|Protect
|move|p2a: Dog|Close Combat|p1b: thing
|-damage|p1b: thing|9/100
|-unboost|p2a: Dog|def|1
|-unboost|p2a: Dog|spd|1
|
|-heal|p1b: thing|16/100|[from] item: Leftovers
|upkeep
|turn|5
|
|t:|1783463896
|move|p2a: Dog|Protect|p2a: Dog
|-singleturn|p2a: Dog|Protect
|move|p1b: thing|Fake Out|p2a: Dog
|-activate|p2a: Dog|move: Protect
|move|p2b: Super Meowzin|Fake Out|p1a: boy w/the ♀ symbol
|-damage|p1a: boy w/the ♀ symbol|80/100
|cant|p1a: boy w/the ♀ symbol|flinch
|
|-heal|p1b: thing|22/100|[from] item: Leftovers
|upkeep
|turn|6
|
|t:|1783463947
|move|p1a: boy w/the ♀ symbol|Protect|p1a: boy w/the ♀ symbol
|-singleturn|p1a: boy w/the ♀ symbol|Protect
|move|p2a: Dog|Thunder Punch|p1a: boy w/the ♀ symbol
|-activate|p1a: boy w/the ♀ symbol|move: Protect
|move|p1b: thing|Play Rough|p2a: Dog
|-damage|p2a: Dog|16/100
|move|p2b: Super Meowzin|Flare Blitz|p1b: thing
|-supereffective|p1b: thing|1
|-damage|p1b: thing|0 fnt
|faint|p1b: thing
|-damage|p2b: Super Meowzin|94/100|[from] Recoil
|
|upkeep
|
|t:|1783463999
|switch|p1b: crab dad|Crabominable, L50, M|100/100
|turn|7
|l| majinbuu22
|
|t:|1783464028
|switch|p2a: Diva|Sinistcha, L50, shiny|84/100
|-heal|p2b: Super Meowzin|100/100|[from] ability: Hospitality|[of] p2a: Diva
|switch|p1a: Grl w/the ♂ symbol|Gallade, L50, M|100/100
|move|p1b: crab dad|Protect|p1b: crab dad
|-singleturn|p1b: crab dad|Protect
|move|p2b: Super Meowzin|Flare Blitz|p1b: crab dad
|-activate|p1b: crab dad|move: Protect
|
|upkeep
|turn|8
|
|t:|1783464050
|switch|p1b: boy w/the ♀ symbol|Primarina, L50, F|80/100
|move|p1a: Grl w/the ♂ symbol|Protect|p1a: Grl w/the ♂ symbol
|-singleturn|p1a: Grl w/the ♂ symbol|Protect
|move|p2a: Diva|Matcha Gotcha|p1b: boy w/the ♀ symbol|[spread] p1b
|-activate|p1a: Grl w/the ♂ symbol|move: Protect
|-supereffective|p1b: boy w/the ♀ symbol|1
|-damage|p1b: boy w/the ♀ symbol|41/100
|-heal|p2a: Diva|100/100|[from] drain|[of] p1b: boy w/the ♀ symbol
|-status|p1b: boy w/the ♀ symbol|brn
|move|p2b: Super Meowzin|Flare Blitz|p1b: boy w/the ♀ symbol
|-resisted|p1b: boy w/the ♀ symbol|1
|-damage|p1b: boy w/the ♀ symbol|5/100 brn
|-damage|p2b: Super Meowzin|89/100|[from] Recoil
|
|-damage|p1b: boy w/the ♀ symbol|0 fnt|[from] brn
|faint|p1b: boy w/the ♀ symbol
|upkeep
|
|t:|1783464068
|switch|p1b: crab dad|Crabominable, L50, M|100/100
|turn|9
|
|t:|1783464097
|switch|p2b: Lemon Martini|Azumarill, L50, M, shiny|100/100
|detailschange|p1b: crab dad|Crabominable-Mega, L50, M
|-mega|p1b: crab dad|Crabominable|Crabominite
|move|p1b: crab dad|Protect|p1b: crab dad
|-singleturn|p1b: crab dad|Protect
|move|p2a: Diva|Matcha Gotcha|p1a: Grl w/the ♂ symbol|[spread] p1a
|-activate|p1b: crab dad|move: Protect
|-crit|p1a: Grl w/the ♂ symbol
|-damage|p1a: Grl w/the ♂ symbol|73/100
|move|p1a: Grl w/the ♂ symbol|Trick Room|p1a: Grl w/the ♂ symbol
|-fieldstart|move: Trick Room|[of] p1a: Grl w/the ♂ symbol
|
|upkeep
|turn|10
|
|t:|1783464121
|move|p1a: Grl w/the ♂ symbol|Protect|p1a: Grl w/the ♂ symbol
|-singleturn|p1a: Grl w/the ♂ symbol|Protect
|move|p1b: crab dad|Ice Hammer|p2a: Diva
|-supereffective|p2a: Diva|1
|-damage|p2a: Diva|0 fnt
|-unboost|p1b: crab dad|spe|1
|faint|p2a: Diva
|move|p2b: Lemon Martini|Play Rough|p1a: Grl w/the ♂ symbol
|-activate|p1a: Grl w/the ♂ symbol|move: Protect
|
|upkeep
|
|t:|1783464133
|switch|p2a: Super Meowzin|Incineroar, L50, M|89/100
|-ability|p2a: Super Meowzin|Intimidate|boost
|-unboost|p1a: Grl w/the ♂ symbol|atk|1
|-unboost|p1b: crab dad|atk|1
|turn|11
|
|t:|1783464189
|move|p2a: Super Meowzin|Fake Out|p1b: crab dad
|-damage|p1b: crab dad|86/100
|cant|p1b: crab dad|flinch
|move|p2b: Lemon Martini|Play Rough|p1a: Grl w/the ♂ symbol
|-supereffective|p1a: Grl w/the ♂ symbol|1
|-damage|p1a: Grl w/the ♂ symbol|0 fnt
|faint|p1a: Grl w/the ♂ symbol
|
|upkeep
|turn|12
|
|t:|1783464208
|move|p2b: Lemon Martini|Protect|p2b: Lemon Martini
|-singleturn|p2b: Lemon Martini|Protect
|move|p1b: crab dad|Ice Hammer|p2b: Lemon Martini
|-activate|p2b: Lemon Martini|move: Protect
|move|p2a: Super Meowzin|Flare Blitz|p1b: crab dad
|-supereffective|p1b: crab dad|1
|-damage|p1b: crab dad|0 fnt
|faint|p1b: crab dad
|-damage|p2a: Super Meowzin|64/100|[from] Recoil
|
|win|cgsmores
