|j|☆zephis215
|j|☆Isam_26011
|html|zephis215Isam_26011    
|uhtml|bestof|Game 3 of a best-of-3
|t:|1756952354
|gametype|doubles
|player|p1|zephis215|102|1134
|player|p2|Isam_26011|n|1074
|gen|9
|tier|[Gen 9] VGC 2025 Reg H (Bo3)
|rated|
|rule|Species Clause: Limit one of each Pokémon
|rule|Item Clause: Limit 1 of each item
|clearpoke
|poke|p1|Mamoswine, L50, M|
|poke|p1|Rillaboom, L50, M|
|poke|p1|Volcarona, L50, M|
|poke|p1|Sneasler, L50, M|
|poke|p1|Clefable, L50, F|
|poke|p1|Arcanine-Hisui, L50, M|
|poke|p2|Indeedee-F, L50, F|
|poke|p2|Hatterene, L50, F|
|poke|p2|Gallade, L50, M|
|poke|p2|Ursaluna, L50, M|
|poke|p2|Sunflora, L50, F|
|poke|p2|Torkoal, L50, M|
|teampreview|4
|showteam|p1|Mamoswine||LifeOrb|Oblivious|IceShard,IcicleCrash,HighHorsepower,Protect|||M|||50|,,,,,Dragon]Rillaboom||AssaultVest|GrassySurge|FakeOut,GrassyTerrain,WoodHammer,Uturn|||M|||50|,,,,,Fire]Volcarona||CovertCloak|FlameBody|HeatWave,GigaDrain,QuiverDance,Protect|||M|||50|,,,,,Dragon]Sneasler||GrassySeed|Unburden|Acrobatics,CloseCombat,DireClaw,Protect|||M|||50|,,,,,Flying]Clefable||SafetyGoggles|Unaware|Moonblast,FollowMe,Encore,LifeDew|||F|||50|,,,,,Water]Arcanine-Hisui||ChoiceScarf|Intimidate|RockSlide,FlareBlitz,ExtremeSpeed,TeraBlast|||M|||50|,,,,,Fairy
|showteam|p2|Indeedee-F||PsychicSeed|PsychicSurge|TrickRoom,FollowMe,HelpingHand,DazzlingGleam|||F|||50|,,,,,Fire]Hatterene||LifeOrb|MagicBounce|ExpandingForce,TrickRoom,DazzlingGleam,Protect|||F|||50|,,,,,Psychic]Gallade||ClearAmulet|Sharpness|PsychoCut,TrickRoom,SacredSword,WideGuard|||M|||50|,,,,,Grass]Ursaluna||FlameOrb|Guts|HeadlongRush,Facade,SwordsDance,Protect|||M|||50|,,,,,Ghost]Sunflora||AssaultVest|SolarPower|EnergyBall,WeatherBall,SludgeBomb,EarthPower|||F|||50|,,,,,Fire]Torkoal||ChoiceSpecs|Drought|Eruption,HeatWave,WeatherBall,EarthPower|||M|||50|,,,,,Fire
|inactive|Battle timer is ON: inactive players will automatically lose when time's up. (requested by zephis215)
|
|t:|1756952386
|teamsize|p1|4
|teamsize|p2|4
|start
|switch|p1a: Arcanine|Arcanine-Hisui, L50, M|100/100
|switch|p1b: Volcarona|Volcarona, L50, M|100/100
|switch|p2a: Paty|Indeedee-F, L50, F, shiny|100/100
|switch|p2b: Shura|Gallade, L50, M, shiny|100/100
|-ability|p1a: Arcanine|Intimidate|boost
|-unboost|p2a: Paty|atk|1
|-fail|p2b: Shura|unboost|[from] item: Clear Amulet|[of] p2b: Shura
|-fieldstart|move: Psychic Terrain|[from] ability: Psychic Surge|[of] p2a: Paty
|-enditem|p2a: Paty|Psychic Seed
|-boost|p2a: Paty|spd|1|[from] item: Psychic Seed
|turn|1
|
|t:|1756952403
|switch|p1b: Rillaboom|Rillaboom, L50, M|100/100
|-fieldstart|move: Grassy Terrain|[from] ability: Grassy Surge|[of] p1b: Rillaboom
|-terastallize|p2a: Paty|Fire
|move|p2a: Paty|Follow Me|p2a: Paty
|-singleturn|p2a: Paty|move: Follow Me
|move|p1a: Arcanine|Rock Slide|p2a: Paty|[spread] p2a,p2b
|-supereffective|p2a: Paty
|-resisted|p2b: Shura
|-damage|p2a: Paty|45/100
|-damage|p2b: Shura|82/100
|move|p2b: Shura|Trick Room|p2b: Shura
|-fieldstart|move: Trick Room|[of] p2b: Shura
|
|-heal|p2b: Shura|87/100|[from] Grassy Terrain
|-heal|p2a: Paty|51/100|[from] Grassy Terrain
|upkeep
|turn|2
|inactive|Isam_26011 has 30 seconds left.
|
|t:|1756952438
|switch|p2a: Mbappe|Torkoal, L50, M, shiny|100/100
|-weather|SunnyDay|[from] ability: Drought|[of] p2a: Mbappe
|switch|p1a: Volcarona|Volcarona, L50, M|100/100
|move|p1b: Rillaboom|Fake Out|p2b: Shura
|-damage|p2b: Shura|67/100
|cant|p2b: Shura|flinch
|
|-weather|SunnyDay|[upkeep]
|-heal|p2b: Shura|73/100|[from] Grassy Terrain
|upkeep
|turn|3
|
|t:|1756952452
|switch|p2b: Paty|Indeedee-F, L50, F, shiny, tera:Fire|51/100
|-fieldstart|move: Psychic Terrain|[from] ability: Psychic Surge|[of] p2b: Paty
|-terastallize|p1b: Rillaboom|Fire
|move|p1a: Volcarona|Protect|p1a: Volcarona
|-singleturn|p1a: Volcarona|Protect
|move|p2a: Mbappe|Eruption|p1a: Volcarona|[spread] p1b
|-activate|p1a: Volcarona|move: Protect
|-resisted|p1b: Rillaboom
|-damage|p1b: Rillaboom|59/100
|move|p1b: Rillaboom|U-turn|p2a: Mbappe
|-resisted|p2a: Mbappe
|-damage|p2a: Mbappe|91/100
|
|t:|1756952467
|switch|p1b: Arcanine|Arcanine-Hisui, L50, M|100/100|[from] U-turn
|-ability|p1b: Arcanine|Intimidate|boost
|-unboost|p2a: Mbappe|atk|1
|-unboost|p2b: Paty|atk|1
|
|-weather|SunnyDay|[upkeep]
|upkeep
|turn|4
|
|t:|1756952482
|move|p2b: Paty|Helping Hand|p2a: Mbappe
|-singleturn|p2a: Mbappe|Helping Hand|[of] p2b: Paty
|move|p2a: Mbappe|Eruption|p1b: Arcanine|[spread] p1a,p1b
|-resisted|p1b: Arcanine
|-damage|p1a: Volcarona|0 fnt
|-damage|p1b: Arcanine|55/100
|faint|p1a: Volcarona
|move|p1b: Arcanine|Rock Slide|p2b: Paty|[spread] p2a,p2b
|-supereffective|p2a: Mbappe
|-supereffective|p2b: Paty
|-damage|p2a: Mbappe|54/100
|-damage|p2b: Paty|0 fnt
|faint|p2b: Paty
|
|-weather|SunnyDay|[upkeep]
|upkeep
|
|t:|1756952490
|switch|p2b: Acelga|Hatterene, L50, F, shiny|100/100
|switch|p1a: Rillaboom|Rillaboom, L50, M, tera:Fire|59/100
|-fieldstart|move: Grassy Terrain|[from] ability: Grassy Surge|[of] p1a: Rillaboom
|turn|5
|
|t:|1756952498
|switch|p2a: Shura|Gallade, L50, M, shiny|73/100
|move|p2b: Acelga|Protect|p2b: Acelga
|-singleturn|p2b: Acelga|Protect
|move|p1a: Rillaboom|Fake Out|p2b: Acelga
|-activate|p2b: Acelga|move: Protect
|move|p1b: Arcanine|Rock Slide|p2a: Shura|[spread] p2a
|-activate|p2b: Acelga|move: Protect
|-resisted|p2a: Shura
|-damage|p2a: Shura|54/100
|
|-weather|SunnyDay|[upkeep]
|-heal|p2a: Shura|60/100|[from] Grassy Terrain
|-heal|p1a: Rillaboom|65/100|[from] Grassy Terrain
|-heal|p1b: Arcanine|61/100|[from] Grassy Terrain
|-fieldend|move: Trick Room
|upkeep
|turn|6
|
|t:|1756952512
|move|p1b: Arcanine|Rock Slide|p2b: Acelga|[spread] p2a,p2b
|-resisted|p2a: Shura
|-damage|p2a: Shura|41/100
|-damage|p2b: Acelga|70/100
|move|p1a: Rillaboom|Wood Hammer|p2a: Shura
|-damage|p2a: Shura|0 fnt
|faint|p2a: Shura
|-damage|p1a: Rillaboom|53/100|[from] Recoil
|cant|p2b: Acelga|flinch
|
|-weather|none
|-heal|p1b: Arcanine|67/100|[from] Grassy Terrain
|-heal|p1a: Rillaboom|59/100|[from] Grassy Terrain
|-heal|p2b: Acelga|75/100|[from] Grassy Terrain
|upkeep
|
|t:|1756952518
|switch|p2a: Mbappe|Torkoal, L50, M, shiny|54/100
|-weather|SunnyDay|[from] ability: Drought|[of] p2a: Mbappe
|turn|7
|
|t:|1756952527
|move|p1b: Arcanine|Rock Slide|p2a: Mbappe|[spread] p2a,p2b
|-supereffective|p2a: Mbappe
|-damage|p2a: Mbappe|12/100
|-damage|p2b: Acelga|43/100
|move|p1a: Rillaboom|Wood Hammer|p2b: Acelga
|-damage|p2b: Acelga|0 fnt
|faint|p2b: Acelga
|-damage|p1a: Rillaboom|47/100|[from] Recoil
|move|p2a: Mbappe|Earth Power|p1b: Arcanine
|-supereffective|p1b: Arcanine
|-damage|p1b: Arcanine|0 fnt
|faint|p1b: Arcanine
|
|-weather|SunnyDay|[upkeep]
|-heal|p1a: Rillaboom|53/100|[from] Grassy Terrain
|-heal|p2a: Mbappe|18/100|[from] Grassy Terrain
|upkeep
|
|t:|1756952535
|switch|p1b: Sneasler|Sneasler, L50, M|100/100
|-enditem|p1b: Sneasler|Grassy Seed
|-boost|p1b: Sneasler|def|1|[from] item: Grassy Seed
|turn|8
|
|t:|1756952539
|move|p1b: Sneasler|Close Combat|p2a: Mbappe
|-damage|p2a: Mbappe|0 fnt
|-unboost|p1b: Sneasler|def|1
|-unboost|p1b: Sneasler|spd|1
|faint|p2a: Mbappe
|
|win|zephis215
|raw|zephis215's rating: 1134 → 1155(+21 for winning)
|raw|Isam_26011's rating: 1074 → 1057(-17 for losing)
|l|☆zephis215
|player|p1|
