|j|☆ShoemakerGeneral
|j|☆kobefm
|html|ShoemakerGeneralkobefm    
|uhtml|bestof|Game 1 of a best-of-3
|t:|1757784619
|gametype|doubles
|player|p1|ShoemakerGeneral|265|1076
|player|p2|kobefm|169|1040
|gen|9
|tier|[Gen 9] VGC 2025 Reg H (Bo3)
|rated|
|rule|Species Clause: Limit one of each Pokémon
|rule|Item Clause: Limit 1 of each item
|clearpoke
|poke|p1|Corviknight, L50, F|
|poke|p1|Ninetales-Alola, L50, F|
|poke|p1|Electabuzz, L50, F|
|poke|p1|Rillaboom, L50, M|
|poke|p1|Arcanine-Hisui, L50, F|
|poke|p1|Chandelure, L50, M|
|poke|p2|Samurott-Hisui, L50, F|
|poke|p2|Incineroar, L50, F|
|poke|p2|Amoonguss, L50, M|
|poke|p2|Ursaluna-Bloodmoon, L50, M|
|poke|p2|Farigiraf, L50, F|
|poke|p2|Clefairy, L50, F|
|teampreview|4
|showteam|p1|Corviknight||Leftovers|MirrorArmor|BraveBird,PowerTrip,BulkUp,Roost|||F|||50|,,,,,Dragon]Ninetales-Alola||FocusSash|SnowWarning|Blizzard,IcyWind,AuroraVeil,Encore|||F|||50|,,,,,Ghost]Electabuzz||Eviolite|VitalSpirit|Thunderbolt,EerieImpulse,FollowMe,Protect|||F|||50|,,,,,Ghost]Rillaboom||AssaultVest|GrassySurge|WoodHammer,GrassyGlide,HighHorsepower,FakeOut|||M|||50|,,,,,Fire]Arcanine-Hisui||ClearAmulet|Intimidate|FlareBlitz,RockSlide,ExtremeSpeed,Protect|||F|||50|,,,,,Ghost]Chandelure||ChoiceScarf|FlashFire|ShadowBall,HeatWave,Overheat,EnergyBall|||M|||50|,,,,,Grass
|showteam|p2|Samurott-Hisui||ChoiceBand|Sharpness|CeaselessEdge,AquaCutter,SuckerPunch,FlipTurn|||F|||50|,,,,,Dragon]Incineroar||SafetyGoggles|Intimidate|FlareBlitz,KnockOff,PartingShot,FakeOut|||F|||50|,,,,,Bug]Amoonguss||CovertCloak|Regenerator|SludgeBomb,RagePowder,Spore,Protect|||M|||50|,,,,,Fairy]Ursaluna-Bloodmoon||LifeOrb|MindsEye|HyperVoice,BloodMoon,Protect,EarthPower|||M|||50|,,,,,Water]Farigiraf||ThroatSpray|ArmorTail|TrickRoom,Psychic,HyperVoice,Protect|||F|||50|,,,,,Fire]Clefairy||Eviolite|FriendGuard|Moonblast,AfterYou,FollowMe,HelpingHand|||F|||50|,,,,,Dragon
|inactive|Battle timer is ON: inactive players will automatically lose when time's up. (requested by kobefm)
|inactive|ShoemakerGeneral has 60 seconds left.
|inactive|kobefm has 60 seconds left.
|inactive|kobefm has 30 seconds left.
|inactive|kobefm has 20 seconds left.
|inactive|kobefm has 15 seconds left.
|
|t:|1757784697
|teamsize|p1|4
|teamsize|p2|4
|start
|switch|p1a: Arcanine|Arcanine-Hisui, L50, F|100/100
|switch|p1b: Ninetales|Ninetales-Alola, L50, F|100/100
|switch|p2a: Incineroar|Incineroar, L50, F|100/100
|switch|p2b: Farigiraf|Farigiraf, L50, F|100/100
|-weather|Snowscape|[from] ability: Snow Warning|[of] p1b: Ninetales
|-ability|p1a: Arcanine|Intimidate|boost
|-unboost|p2a: Incineroar|atk|1
|-unboost|p2b: Farigiraf|atk|1
|-ability|p2a: Incineroar|Intimidate|boost
|-fail|p1a: Arcanine|unboost|[from] item: Clear Amulet|[of] p1a: Arcanine
|-unboost|p1b: Ninetales|atk|1
|turn|1
|inactive|ShoemakerGeneral has 30 seconds left.
|
|t:|1757784731
|move|p1b: Ninetales|Aurora Veil|p1b: Ninetales
|-sidestart|p1: ShoemakerGeneral|move: Aurora Veil
|move|p1a: Arcanine|Rock Slide|p2a: Incineroar|[spread] p2a,p2b
|-supereffective|p2a: Incineroar
|-damage|p2a: Incineroar|50/100
|-damage|p2b: Farigiraf|74/100
|move|p2a: Incineroar|Knock Off|p1a: Arcanine
|-damage|p1a: Arcanine|73/100
|-enditem|p1a: Arcanine|Clear Amulet|[from] move: Knock Off|[of] p2a: Incineroar
|move|p2b: Farigiraf|Trick Room|p2b: Farigiraf
|-fieldstart|move: Trick Room|[of] p2b: Farigiraf
|
|-weather|Snowscape|[upkeep]
|upkeep
|turn|2
|inactive|ShoemakerGeneral has 30 seconds left.
|
|t:|1757784756
|move|p2b: Farigiraf|Hyper Voice|p1a: Arcanine|[spread] p1a,p1b
|-resisted|p1a: Arcanine
|-damage|p1a: Arcanine|60/100
|-damage|p1b: Ninetales|73/100
|-enditem|p2b: Farigiraf|Throat Spray
|-boost|p2b: Farigiraf|spa|1|[from] item: Throat Spray
|move|p2a: Incineroar|Flare Blitz|p1b: Ninetales
|-supereffective|p1b: Ninetales
|-damage|p1b: Ninetales|27/100
|-damage|p2a: Incineroar|39/100|[from] Recoil
|move|p1a: Arcanine|Rock Slide|p2b: Farigiraf|[spread] p2a,p2b
|-supereffective|p2a: Incineroar
|-damage|p2a: Incineroar|0 fnt
|-damage|p2b: Farigiraf|46/100
|faint|p2a: Incineroar
|move|p1b: Ninetales|Blizzard|p2b: Farigiraf
|-damage|p2b: Farigiraf|6/100
|
|-weather|Snowscape|[upkeep]
|upkeep
|
|t:|1757784775
|switch|p2a: Ursaluna|Ursaluna-Bloodmoon, L50, M|100/100
|turn|3
|
|t:|1757784791
|move|p2b: Farigiraf|Hyper Voice|p1a: Arcanine|[spread] p1a,p1b
|-resisted|p1a: Arcanine
|-crit|p1b: Ninetales
|-damage|p1a: Arcanine|40/100
|-damage|p1b: Ninetales|0 fnt
|faint|p1b: Ninetales
|move|p2a: Ursaluna|Hyper Voice|p1a: Arcanine
|-resisted|p1a: Arcanine
|-damage|p1a: Arcanine|9/100
|-damage|p2a: Ursaluna|91/100|[from] item: Life Orb
|move|p1a: Arcanine|Rock Slide|p2b: Farigiraf|[spread] p2b
|-miss|p1a: Arcanine|p2a: Ursaluna
|-damage|p2b: Farigiraf|0 fnt
|faint|p2b: Farigiraf
|
|-weather|Snowscape|[upkeep]
|upkeep
|
|t:|1757784814
|switch|p2b: Amoonguss|Amoonguss, L50, M|100/100
|switch|p1b: Electabuzz|Electabuzz, L50, F|100/100
|turn|4
|
|t:|1757784826
|move|p1b: Electabuzz|Protect|p1b: Electabuzz
|-singleturn|p1b: Electabuzz|Protect
|move|p2b: Amoonguss|Sludge Bomb|p1b: Electabuzz
|-activate|p1b: Electabuzz|move: Protect
|move|p2a: Ursaluna|Hyper Voice|p1a: Arcanine|[spread] p1a
|-activate|p1b: Electabuzz|move: Protect
|-resisted|p1a: Arcanine
|-damage|p1a: Arcanine|0 fnt
|faint|p1a: Arcanine
|-damage|p2a: Ursaluna|81/100|[from] item: Life Orb
|
|-weather|Snowscape|[upkeep]
|upkeep
|
|t:|1757784837
|switch|p1a: Corviknight|Corviknight, L50, F|100/100
|turn|5
|inactive|kobefm has 30 seconds left.
|
|t:|1757784864
|-terastallize|p2b: Amoonguss|Fairy
|-terastallize|p1b: Electabuzz|Ghost
|move|p1b: Electabuzz|Follow Me|p1b: Electabuzz
|-singleturn|p1b: Electabuzz|move: Follow Me
|move|p2b: Amoonguss|Sludge Bomb|p1b: Electabuzz
|-resisted|p1b: Electabuzz
|-crit|p1b: Electabuzz
|-damage|p1b: Electabuzz|84/100
|move|p2a: Ursaluna|Earth Power|p1b: Electabuzz
|-damage|p1b: Electabuzz|48/100
|-damage|p2a: Ursaluna|71/100|[from] item: Life Orb
|move|p1a: Corviknight|Bulk Up|p1a: Corviknight
|-boost|p1a: Corviknight|atk|1
|-boost|p1a: Corviknight|def|1
|
|-weather|none
|-sideend|p1: ShoemakerGeneral|move: Aurora Veil
|-fieldend|move: Trick Room
|upkeep
|turn|6
|inactive|ShoemakerGeneral has 30 seconds left.
|inactive|ShoemakerGeneral has 20 seconds left.
|inactive|ShoemakerGeneral has 15 seconds left.
|
|t:|1757784905
|move|p1b: Electabuzz|Eerie Impulse|p2a: Ursaluna
|-unboost|p2a: Ursaluna|spa|2
|move|p1a: Corviknight|Bulk Up|p1a: Corviknight
|-boost|p1a: Corviknight|atk|1
|-boost|p1a: Corviknight|def|1
|move|p2a: Ursaluna|Blood Moon|p1a: Corviknight
|-resisted|p1a: Corviknight
|-damage|p1a: Corviknight|79/100
|-damage|p2a: Ursaluna|62/100|[from] item: Life Orb
|move|p2b: Amoonguss|Spore|p1a: Corviknight
|-status|p1a: Corviknight|slp|[from] move: Spore
|
|-heal|p1a: Corviknight|85/100 slp|[from] item: Leftovers
|upkeep
|turn|7
|
|t:|1757784926
|move|p1b: Electabuzz|Protect|p1b: Electabuzz
|-singleturn|p1b: Electabuzz|Protect
|move|p2b: Amoonguss|Rage Powder|p2b: Amoonguss
|-singleturn|p2b: Amoonguss|move: Rage Powder
|cant|p1a: Corviknight|slp
|move|p2a: Ursaluna|Hyper Voice|p1a: Corviknight|[spread] p1a
|-activate|p1b: Electabuzz|move: Protect
|-resisted|p1a: Corviknight
|-damage|p1a: Corviknight|75/100 slp
|-damage|p2a: Ursaluna|52/100|[from] item: Life Orb
|
|-heal|p1a: Corviknight|81/100 slp|[from] item: Leftovers
|upkeep
|turn|8
|
|t:|1757784945
|move|p2b: Amoonguss|Rage Powder|p2b: Amoonguss
|-singleturn|p2b: Amoonguss|move: Rage Powder
|move|p1b: Electabuzz|Eerie Impulse|p2b: Amoonguss
|-unboost|p2b: Amoonguss|spa|2
|cant|p1a: Corviknight|slp
|move|p2a: Ursaluna|Hyper Voice|p1a: Corviknight|[spread] p1a,p1b
|-resisted|p1a: Corviknight
|-damage|p1a: Corviknight|70/100 slp
|-damage|p1b: Electabuzz|30/100
|-damage|p2a: Ursaluna|42/100|[from] item: Life Orb
|
|-heal|p1a: Corviknight|76/100 slp|[from] item: Leftovers
|upkeep
|turn|9
|
|t:|1757784964
|move|p2b: Amoonguss|Rage Powder|p2b: Amoonguss
|-singleturn|p2b: Amoonguss|move: Rage Powder
|move|p1b: Electabuzz|Thunderbolt|p2b: Amoonguss
|-damage|p2b: Amoonguss|75/100
|cant|p1a: Corviknight|slp
|move|p2a: Ursaluna|Earth Power|p1b: Electabuzz
|-damage|p1b: Electabuzz|2/100
|-damage|p2a: Ursaluna|32/100|[from] item: Life Orb
|
|-heal|p1a: Corviknight|82/100 slp|[from] item: Leftovers
|upkeep
|turn|10
|
|t:|1757784982
|move|p1b: Electabuzz|Protect|p1b: Electabuzz
|-singleturn|p1b: Electabuzz|Protect
|move|p2a: Ursaluna|Protect|p2a: Ursaluna
|-singleturn|p2a: Ursaluna|Protect
|-curestatus|p1a: Corviknight|slp|[msg]
|move|p1a: Corviknight|Brave Bird|p2a: Ursaluna
|-activate|p2a: Ursaluna|move: Protect
|move|p2b: Amoonguss|Spore|p1a: Corviknight
|-status|p1a: Corviknight|slp|[from] move: Spore
|
|-heal|p1a: Corviknight|88/100 slp|[from] item: Leftovers
|upkeep
|turn|11
|
|t:|1757785004
|move|p2a: Ursaluna|Protect||[still]
|-fail|p2a: Ursaluna
|move|p1b: Electabuzz|Eerie Impulse|p2a: Ursaluna
|-unboost|p2a: Ursaluna|spa|2
|cant|p1a: Corviknight|slp
|move|p2b: Amoonguss|Sludge Bomb|p1b: Electabuzz
|-resisted|p1b: Electabuzz
|-damage|p1b: Electabuzz|0 fnt
|faint|p1b: Electabuzz
|
|-heal|p1a: Corviknight|94/100 slp|[from] item: Leftovers
|upkeep
|turn|12
|inactive|kobefm has 30 seconds left.
|
|t:|1757785035
|move|p2b: Amoonguss|Rage Powder|p2b: Amoonguss
|-singleturn|p2b: Amoonguss|move: Rage Powder
|cant|p1a: Corviknight|slp
|move|p2a: Ursaluna|Blood Moon|p1a: Corviknight
|-resisted|p1a: Corviknight
|-damage|p1a: Corviknight|80/100 slp
|-damage|p2a: Ursaluna|23/100|[from] item: Life Orb
|
|-heal|p1a: Corviknight|86/100 slp|[from] item: Leftovers
|upkeep
|turn|13
|-message|kobefm forfeited.
|
|win|ShoemakerGeneral
