|j|☆bomabflat
|j|☆Crow1998
|html|bomabflatCrow1998    
|uhtml|bestof|Game 2 of a best-of-3
|t:|1785247801
|gametype|doubles
|player|p1|bomabflat|169|1098
|player|p2|Crow1998|102|1000
|gen|9
|tier|[Gen 9 Champions] VGC 2026 Reg M-B (Bo3)
|rated|
|rule|Species Clause: Limit one of each Pokémon
|rule|Item Clause: Limit 1 of each item
|clearpoke
|poke|p1|Musharna, L50, M|
|poke|p1|Cofagrigus, L50, F, shiny|
|poke|p1|Kingambit, L50, M|
|poke|p1|Torkoal, L50, M|
|poke|p1|Ampharos, L50, F|
|poke|p1|Farigiraf, L50, F|
|poke|p2|Tyranitar, L50, M|
|poke|p2|Excadrill, L50, F|
|poke|p2|Gholdengo, L50|
|poke|p2|Staraptor, L50, M|
|poke|p2|Milotic, L50, M|
|poke|p2|Sinistcha, L50|
|teampreview|4
|showteam|p1|Musharna||SitrusBerry|Telepathy|TrickRoom,Protect,HelpingHand,Psychic|Relaxed||M|||50|]Cofagrigus||BlackBelt|Mummy|TrickRoom,BodyPress,Protect,DestinyBond|Relaxed||F|||50|]Kingambit||FocusSash|Defiant|KowtowCleave,IronHead,BrickBreak,Protect|Brave||M|||50|]Torkoal||Charcoal|Drought|Eruption,SolarBeam,Protect,EarthPower|Quiet||M|||50|]Ampharos||Ampharosite|Static|Discharge,DragonPulse,Thunderbolt,Protect|Quiet||F|||50|]Farigiraf||ColburBerry|ArmorTail|HyperVoice,TrickRoom,ShadowBall,Protect|Quiet||F|||50|
|showteam|p2|Tyranitar||Tyranitarite|SandStream|KnockOff,RockSlide,LowKick,Protect|Adamant||M|||50|]Excadrill||FocusSash|SandRush|HighHorsepower,IronHead,RockSlide,Protect|Adamant||F|||50|]Gholdengo||LifeOrb|GoodasGold|MakeItRain,ShadowBall,NastyPlot,Protect|Modest|||||50|]Staraptor||Staraptite|Intimidate|CloseCombat,BraveBird,Tailwind,Protect|Jolly||M|||50|]Milotic||SitrusBerry|Competitive|Scald,IcyWind,IceBeam,Recover|Modest||M|||50|]Sinistcha||ColburBerry|Hospitality|MatchaGotcha,RagePowder,Protect,TrickRoom|Bold|||||50|
|inactive|Battle timer is ON: inactive players will automatically lose when time's up. (requested by bomabflat)
|inactive|Crow1998 has 60 seconds left.
|inactive|Crow1998 has 30 seconds left.
|
|t:|1785247917
|teamsize|p1|4
|teamsize|p2|4
|start
|switch|p1a: Musharna|Musharna, L50, M|100/100
|switch|p1b: Torkoal|Torkoal, L50, M|100/100
|switch|p2a: Tyranitar|Tyranitar, L50, M|100/100
|switch|p2b: Excadrill|Excadrill, L50, F|100/100
|-weather|Sandstorm|[from] ability: Sand Stream|[of] p2a: Tyranitar
|-weather|SunnyDay|[from] ability: Drought|[of] p1b: Torkoal
|turn|1
|inactive|bomabflat has 30 seconds left.
|
|t:|1785247943
|detailschange|p2a: Tyranitar|Tyranitar-Mega, L50, M
|-mega|p2a: Tyranitar|Tyranitar|Tyranitarite
|-weather|Sandstorm|[from] ability: Sand Stream|[of] p2a: Tyranitar
|move|p1b: Torkoal|Protect|p1b: Torkoal
|-singleturn|p1b: Torkoal|Protect
|move|p2b: Excadrill|High Horsepower|p1b: Torkoal
|-activate|p1b: Torkoal|move: Protect
|move|p2a: Tyranitar|Knock Off|p1a: Musharna
|-supereffective|p1a: Musharna|1
|-damage|p1a: Musharna|5/100
|-enditem|p1a: Musharna|Sitrus Berry|[from] move: Knock Off|[of] p2a: Tyranitar
|move|p1a: Musharna|Trick Room|p1a: Musharna
|-fieldstart|move: Trick Room|[of] p1a: Musharna
|
|-weather|Sandstorm|[upkeep]
|-damage|p1b: Torkoal|93/100|[from] Sandstorm
|-damage|p1a: Musharna|0 fnt|[from] Sandstorm
|faint|p1a: Musharna
|upkeep
|
|t:|1785247955
|switch|p1a: Cofagrigus|Cofagrigus, L50, F, shiny|100/100
|turn|2
|
|t:|1785247980
|move|p1b: Torkoal|Eruption|p2b: Excadrill|[spread] p2a,p2b
|-resisted|p2a: Tyranitar|1
|-supereffective|p2b: Excadrill|1
|-damage|p2a: Tyranitar|84/100
|-enditem|p2b: Excadrill|Focus Sash
|-damage|p2b: Excadrill|1/100
|move|p1a: Cofagrigus|Body Press|p2a: Tyranitar
|-supereffective|p2a: Tyranitar|2
|-damage|p2a: Tyranitar|0 fnt
|faint|p2a: Tyranitar
|move|p2b: Excadrill|High Horsepower|p1b: Torkoal
|-supereffective|p1b: Torkoal|1
|-damage|p1b: Torkoal|15/100
|
|-weather|Sandstorm|[upkeep]
|-damage|p1b: Torkoal|9/100|[from] Sandstorm
|-damage|p1a: Cofagrigus|93/100|[from] Sandstorm
|upkeep
|
|t:|1785248004
|switch|p2a: Milotic|Milotic, L50, M|100/100
|turn|3
|inactive|bomabflat has 30 seconds left.
|inactive|bomabflat has 20 seconds left.
|inactive|bomabflat has 15 seconds left.
|inactive|bomabflat has 10 seconds left.
|inactive|bomabflat has 5 seconds left.
|
|t:|1785248059
|move|p2b: Excadrill|Protect|p2b: Excadrill
|-singleturn|p2b: Excadrill|Protect
|move|p1b: Torkoal|Eruption|p2b: Excadrill|[spread] p2a
|-activate|p2b: Excadrill|move: Protect
|-resisted|p2a: Milotic|1
|-damage|p2a: Milotic|98/100
|move|p2a: Milotic|Scald|p1a: Cofagrigus
|-damage|p1a: Cofagrigus|58/100
|move|p1a: Cofagrigus|Trick Room|p1a: Cofagrigus
|-fieldend|move: Trick Room
|
|-weather|Sandstorm|[upkeep]
|-damage|p2a: Milotic|92/100|[from] Sandstorm
|-damage|p1a: Cofagrigus|52/100|[from] Sandstorm
|-damage|p1b: Torkoal|3/100|[from] Sandstorm
|upkeep
|turn|4
|inactive|bomabflat has 30 seconds left.
|inactive|bomabflat has 20 seconds left.
|inactive|bomabflat has 15 seconds left.
|
|t:|1785248101
|switch|p2b: Staraptor|Staraptor, L50, M|100/100
|-ability|p2b: Staraptor|Intimidate|boost
|-unboost|p1a: Cofagrigus|atk|1
|-unboost|p1b: Torkoal|atk|1
|move|p2a: Milotic|Scald|p1a: Cofagrigus
|-damage|p1a: Cofagrigus|19/100
|-status|p1a: Cofagrigus|brn
|move|p1a: Cofagrigus|Destiny Bond|p1a: Cofagrigus
|-singlemove|p1a: Cofagrigus|Destiny Bond
|move|p1b: Torkoal|Earth Power|p2a: Milotic
|-damage|p2a: Milotic|72/100
|
|-weather|Sandstorm|[upkeep]
|-damage|p2b: Staraptor|93/100|[from] Sandstorm
|-damage|p2a: Milotic|66/100|[from] Sandstorm
|-damage|p1a: Cofagrigus|13/100 brn|[from] Sandstorm
|-damage|p1b: Torkoal|0 fnt|[from] Sandstorm
|faint|p1b: Torkoal
|-damage|p1a: Cofagrigus|7/100 brn|[from] brn
|upkeep
|
|t:|1785248112
|switch|p1b: Ampharos|Ampharos, L50, F|100/100
|turn|5
|
|t:|1785248131
|detailschange|p1b: Ampharos|Ampharos-Mega, L50, F
|-mega|p1b: Ampharos|Ampharos|Ampharosite
|-ability|p1b: Ampharos|Mold Breaker
|move|p2b: Staraptor|Tailwind|p2b: Staraptor
|-sidestart|p2: Crow1998|move: Tailwind
|move|p2a: Milotic|Icy Wind|p1a: Cofagrigus|[spread] p1a,p1b
|-supereffective|p1b: Ampharos|1
|-damage|p1a: Cofagrigus|0 fnt
|-damage|p1b: Ampharos|81/100
|-unboost|p1b: Ampharos|spe|1
|faint|p1a: Cofagrigus
|-activate|p1a: Cofagrigus|move: Destiny Bond
|faint|p2a: Milotic
|move|p1b: Ampharos|Thunderbolt|p2b: Staraptor
|-supereffective|p2b: Staraptor|1
|-damage|p2b: Staraptor|0 fnt
|faint|p2b: Staraptor
|
|-weather|none
|upkeep
|
|t:|1785248153
|switch|p2a: Excadrill|Excadrill, L50, F|1/100
|turn|6
|
|t:|1785248158
|move|p2a: Excadrill|High Horsepower|p1b: Ampharos
|-supereffective|p1b: Ampharos|1
|-damage|p1b: Ampharos|0 fnt
|faint|p1b: Ampharos
|
|win|Crow1998
|raw|bomabflat's rating: 1098 → 1067(-31 for losing)
|raw|Crow1998's rating: 1000 → 1051(+51 for winning)
|l|☆bomabflat
|player|p1|
