|j|☆BaronAaronVGC
|j|☆Jun RH
|html|BaronAaronVGCJun RH    
|uhtml|bestof|Game 3 of a best-of-3
|t:|1756940428
|gametype|doubles
|player|p1|BaronAaronVGC|ghetsis|1110
|player|p2|Jun RH|burglar|1130
|gen|9
|tier|[Gen 9] VGC 2025 Reg H (Bo3)
|rated|
|rule|Species Clause: Limit one of each Pokémon
|rule|Item Clause: Limit 1 of each item
|clearpoke
|poke|p1|Garchomp, L50, M|
|poke|p1|Typhlosion-Hisui, L50, M|
|poke|p1|Torkoal, L50, M|
|poke|p1|Jumpluff, L50, M|
|poke|p1|Kingambit, L50, M|
|poke|p1|Dragonite, L50, M|
|poke|p2|Gholdengo, L50|
|poke|p2|Incineroar, L50, M|
|poke|p2|Amoonguss, L50, M|
|poke|p2|Dragonite, L50, M|
|poke|p2|Garchomp, L50, F|
|poke|p2|Primarina, L50, F|
|teampreview|4
|showteam|p1|Garchomp||LifeOrb|RoughSkin|StompingTantrum,Earthquake,DragonClaw,Protect|||M|||50|,,,,,Fire]Typhlosion-Hisui||ChoiceSpecs|Blaze|Eruption,HeatWave,Overheat,ShadowBall|||M|||50|,,,,,Fire]Torkoal||EjectPack|Drought|Overheat,HelpingHand,BurningJealousy,Protect|||M|||50|,,,,,Flying]Jumpluff||CovertCloak|Chlorophyll|SleepPowder,Tailwind,Encore,LeafStorm|||M|||50|,,,,,Poison]Kingambit||AssaultVest|Defiant|Assurance,IronHead,SuckerPunch,LowKick|||M|||50|,,,,,Flying]Dragonite||LoadedDice|Multiscale|ScaleShot,ExtremeSpeed,IceSpinner,Protect|||M|||50|,,,,,Fairy
|showteam|p2|Gholdengo||LifeOrb|GoodasGold|MakeItRain,ShadowBall,NastyPlot,Protect||||||50|,,,,,Water]Incineroar||SafetyGoggles|Intimidate|KnockOff,FlareBlitz,FakeOut,PartingShot|||M|||50|,,,,,Ghost]Amoonguss||CovertCloak|Regenerator|RagePowder,PollenPuff,Protect,Spore|||M|||50|,,,,,Dark]Dragonite||LoadedDice|Multiscale|ScaleShot,Tailwind,Protect,Haze|||M|||50|,,,,,Fairy]Garchomp||ClearAmulet|RoughSkin|DragonClaw,Earthquake,StompingTantrum,Protect|||F|||50|,,,,,Fire]Primarina||AssaultVest|LiquidVoice|HyperVoice,Moonblast,IcyWind,DazzlingGleam|||F|||50|,,,,,Grass
|
|t:|1756940473
|teamsize|p1|4
|teamsize|p2|4
|start
|switch|p1a: Jumpluff|Jumpluff, L50, M|100/100
|switch|p1b: Kingambit|Kingambit, L50, M|100/100
|switch|p2a: Amoonguss|Amoonguss, L50, M|100/100
|switch|p2b: Dragonite|Dragonite, L50, M|100/100
|turn|1
|
|t:|1756940501
|move|p1a: Jumpluff|Sleep Powder|p2b: Dragonite
|-status|p2b: Dragonite|slp|[from] move: Sleep Powder
|cant|p2b: Dragonite|slp
|move|p1b: Kingambit|Iron Head|p2a: Amoonguss
|-damage|p2a: Amoonguss|60/100
|move|p2a: Amoonguss|Spore|p1b: Kingambit
|-status|p1b: Kingambit|slp|[from] move: Spore
|
|upkeep
|turn|2
|
|t:|1756940531
|switch|p2a: Gholdengo|Gholdengo, L50|100/100
|move|p1a: Jumpluff|Encore|p2a: Gholdengo
|-immune|p2a: Gholdengo|[from] ability: Good as Gold
|cant|p2b: Dragonite|slp
|cant|p1b: Kingambit|slp
|
|upkeep
|turn|3
|
|t:|1756940554
|-terastallize|p2a: Gholdengo|Water
|move|p1a: Jumpluff|Tailwind|p1a: Jumpluff
|-sidestart|p1: BaronAaronVGC|move: Tailwind
|-curestatus|p1b: Kingambit|slp|[msg]
|move|p1b: Kingambit|Iron Head|p2b: Dragonite
|-damage|p2b: Dragonite|78/100 slp
|-curestatus|p2b: Dragonite|slp|[msg]
|cant|p2b: Dragonite|flinch
|move|p2a: Gholdengo|Nasty Plot|p2a: Gholdengo
|-boost|p2a: Gholdengo|spa|2
|
|upkeep
|turn|4
|
|t:|1756940580
|move|p1a: Jumpluff|Sleep Powder|p2b: Dragonite
|-status|p2b: Dragonite|slp|[from] move: Sleep Powder
|move|p1b: Kingambit|Iron Head|p2b: Dragonite
|-damage|p2b: Dragonite|28/100 slp
|cant|p2b: Dragonite|slp
|move|p2a: Gholdengo|Shadow Ball|p1a: Jumpluff
|-damage|p1a: Jumpluff|0 fnt
|faint|p1a: Jumpluff
|-damage|p2a: Gholdengo|91/100|[from] item: Life Orb
|
|upkeep
|
|t:|1756940599
|switch|p1a: Dragonite|Dragonite, L50, M|100/100
|turn|5
|
|t:|1756940621
|cant|p2b: Dragonite|slp
|move|p1a: Dragonite|Scale Shot|p2b: Dragonite|[miss]
|-miss|p1a: Dragonite|p2b: Dragonite
|move|p1b: Kingambit|Assurance|p2a: Gholdengo
|-damage|p2a: Gholdengo|57/100
|move|p2a: Gholdengo|Shadow Ball|p1a: Dragonite
|-damage|p1a: Dragonite|45/100
|-unboost|p1a: Dragonite|spd|1
|-damage|p2a: Gholdengo|47/100|[from] item: Life Orb
|
|upkeep
|turn|6
|
|t:|1756940642
|cant|p2b: Dragonite|slp
|move|p2a: Gholdengo|Protect|p2a: Gholdengo
|-singleturn|p2a: Gholdengo|Protect
|move|p1a: Dragonite|Scale Shot|p2a: Gholdengo
|-activate|p2a: Gholdengo|move: Protect
|move|p1b: Kingambit|Iron Head|p2b: Dragonite
|-damage|p2b: Dragonite|0 fnt
|faint|p2b: Dragonite
|
|-sideend|p1: BaronAaronVGC|move: Tailwind
|upkeep
|
|t:|1756940657
|switch|p2b: Amoonguss|Amoonguss, L50, M|93/100
|turn|7
|
|t:|1756940677
|move|p1a: Dragonite|Extreme Speed|p2a: Gholdengo
|-damage|p2a: Gholdengo|13/100
|move|p2b: Amoonguss|Rage Powder|p2b: Amoonguss
|-singleturn|p2b: Amoonguss|move: Rage Powder
|move|p2a: Gholdengo|Nasty Plot|p2a: Gholdengo
|-boost|p2a: Gholdengo|spa|2
|move|p1b: Kingambit|Iron Head|p2b: Amoonguss
|-damage|p2b: Amoonguss|56/100
|
|upkeep
|turn|8
|
|t:|1756940695
|move|p2a: Gholdengo|Protect|p2a: Gholdengo
|-singleturn|p2a: Gholdengo|Protect
|move|p1a: Dragonite|Extreme Speed|p2b: Amoonguss
|-damage|p2b: Amoonguss|31/100
|move|p1b: Kingambit|Assurance|p2b: Amoonguss
|-damage|p2b: Amoonguss|0 fnt
|faint|p2b: Amoonguss
|
|upkeep
|
|t:|1756940706
|switch|p2b: Garchomp|Garchomp, L50, F|100/100
|turn|9
|
|t:|1756940722
|-terastallize|p1b: Kingambit|Flying
|move|p1a: Dragonite|Extreme Speed|p2a: Gholdengo
|-damage|p2a: Gholdengo|0 fnt
|faint|p2a: Gholdengo
|move|p2b: Garchomp|Dragon Claw|p1a: Dragonite
|-supereffective|p1a: Dragonite
|-damage|p1a: Dragonite|0 fnt
|faint|p1a: Dragonite
|move|p1b: Kingambit|Iron Head|p2b: Garchomp
|-damage|p2b: Garchomp|53/100
|-damage|p1b: Kingambit|88/100|[from] ability: Rough Skin|[of] p2b: Garchomp
|
|upkeep
|
|t:|1756940734
|switch|p1a: Garchomp|Garchomp, L50, M|100/100
|turn|10
|
|t:|1756940741
|move|p1a: Garchomp|Dragon Claw|p2b: Garchomp
|-supereffective|p2b: Garchomp
|-damage|p2b: Garchomp|0 fnt
|-damage|p1a: Garchomp|88/100|[from] ability: Rough Skin|[of] p2b: Garchomp
|faint|p2b: Garchomp
|-damage|p1a: Garchomp|79/100|[from] item: Life Orb
|
|win|BaronAaronVGC
|raw|BaronAaronVGC's rating: 1110 → 1136(+26 for winning)
|raw|Jun RH's rating: 1130 → 1104(-26 for losing)
