|j|☆natsukivgc
|j|☆Kennedywuzhere
|html|natsukivgcKennedywuzhere    
|uhtml|bestof|Game 2 of a best-of-3
|t:|1786113729
|gametype|doubles
|player|p1|natsukivgc|101|1225
|player|p2|Kennedywuzhere|2|1150
|gen|9
|tier|[Gen 9 Champions] VGC 2026 Reg M-B (Bo3)
|rated|
|rule|Species Clause: Limit one of each Pokémon
|rule|Item Clause: Limit 1 of each item
|clearpoke
|poke|p1|Garchomp, L50, M|
|poke|p1|Venusaur, L50, F|
|poke|p1|Incineroar, L50, F|
|poke|p1|Charizard, L50, M|
|poke|p1|Toxapex, L50, M|
|poke|p1|Annihilape, L50, M|
|poke|p2|Milotic, L50, F|
|poke|p2|Annihilape, L50, M, shiny|
|poke|p2|Charizard, L50, M, shiny|
|poke|p2|Sinistcha-Masterpiece, L50, shiny|
|poke|p2|Staraptor, L50, F|
|poke|p2|Sneasler, L50, M, shiny|
|teampreview|4
|showteam|p1|Garchomp||ChoiceScarf|RoughSkin|Earthquake,DragonClaw,StompingTantrum,RockSlide|Adamant||M|||50|]Venusaur||LifeOrb|Chlorophyll|SolarBeam,SludgeBomb,EarthPower,Protect|Modest||F|||50|]Incineroar||SitrusBerry|Intimidate|FlareBlitz,ThroatChop,FakeOut,PartingShot|Impish||F|||50|]Charizard||CharizarditeY|Blaze|HeatWave,WeatherBall,Protect,HelpingHand|Modest||M|||50|]Toxapex||Leftovers|Regenerator|Infestation,Toxic,WideGuard,BanefulBunker|Bold||M|||50|]Annihilape||FocusSash|Defiant|CloseCombat,PhantomForce,RockTomb,Protect|Jolly||M|||50|
|showteam|p2|Milotic||QuickClaw|Competitive|Tickle,Protect,Scald,Recover|Calm||F|||50|]Annihilape||LifeOrb|Defiant|BulkUp,DrainPunch,RageFist,PoisonJab|Adamant||M|||50|]Charizard||CharizarditeY|Blaze|HeatWave,FocusBlast,Protect,IronTail|Timid||M|||50|]Sinistcha-Masterpiece||Leftovers|Hospitality|MatchaGotcha,RagePowder,Protect,ShadowBall|Timid|||||50|]Staraptor||Staraptite|Intimidate|CloseCombat,Protect,DualWingbeat,Roost|Adamant||F|||50|]Sneasler||WhiteHerb|Unburden|CloseCombat,DireClaw,FakeOut,Toxic|Careful||M|||50|
|
|t:|1786113768
|teamsize|p1|4
|teamsize|p2|4
|start
|switch|p1a: Incineroar|Incineroar, L50, F|100/100
|switch|p1b: Charizard|Charizard, L50, M|100/100
|switch|p2a: Staraptor|Staraptor, L50, F|100/100
|switch|p2b: Sneasler|Sneasler, L50, M, shiny|100/100
|-ability|p2a: Staraptor|Intimidate|boost
|-unboost|p1a: Incineroar|atk|1
|-unboost|p1b: Charizard|atk|1
|-ability|p1a: Incineroar|Intimidate|boost
|-unboost|p2a: Staraptor|atk|1
|-unboost|p2b: Sneasler|atk|1
|-enditem|p2b: Sneasler|White Herb
|-clearnegativeboost|p2b: Sneasler|[silent]
|turn|1
|
|t:|1786113826
|detailschange|p1b: Charizard|Charizard-Mega-Y, L50, M
|-mega|p1b: Charizard|Charizard|Charizardite Y
|-weather|SunnyDay|[from] ability: Drought|[of] p1b: Charizard
|move|p2a: Staraptor|Protect|p2a: Staraptor
|-singleturn|p2a: Staraptor|Protect
|move|p2b: Sneasler|Fake Out|p1b: Charizard
|-damage|p1b: Charizard|88/100
|move|p1a: Incineroar|Fake Out|p2a: Staraptor
|-activate|p2a: Staraptor|move: Protect
|cant|p1b: Charizard|flinch
|
|-weather|SunnyDay|[upkeep]
|upkeep
|turn|2
|
|t:|1786113863
|detailschange|p2a: Staraptor|Staraptor-Mega, L50, F
|-mega|p2a: Staraptor|Staraptor|Staraptite
|move|p2b: Sneasler|Close Combat|p1a: Incineroar
|-supereffective|p1a: Incineroar|1
|-damage|p1a: Incineroar|9/100
|-unboost|p2b: Sneasler|def|1
|-unboost|p2b: Sneasler|spd|1
|-enditem|p1a: Incineroar|Sitrus Berry|[eat]
|-heal|p1a: Incineroar|34/100|[from] item: Sitrus Berry
|move|p2a: Staraptor|Close Combat|p1b: Charizard
|-resisted|p1b: Charizard|1
|-damage|p1b: Charizard|65/100
|-boost|p2a: Staraptor|def|1
|-boost|p2a: Staraptor|spd|1
|move|p1b: Charizard|Weather Ball|p2a: Staraptor
|-damage|p2a: Staraptor|38/100
|move|p1a: Incineroar|Flare Blitz|p2a: Staraptor
|-damage|p2a: Staraptor|6/100
|-damage|p1a: Incineroar|25/100|[from] Recoil
|
|-weather|SunnyDay|[upkeep]
|upkeep
|turn|3
|
|t:|1786113910
|move|p2a: Staraptor|Protect|p2a: Staraptor
|-singleturn|p2a: Staraptor|Protect
|move|p2b: Sneasler|Dire Claw|p1b: Charizard
|-damage|p1b: Charizard|29/100
|move|p1b: Charizard|Weather Ball|p2a: Staraptor
|-activate|p2a: Staraptor|move: Protect
|move|p1a: Incineroar|Flare Blitz|p2b: Sneasler
|-damage|p2b: Sneasler|1/100
|-damage|p1a: Incineroar|1/100|[from] Recoil
|
|-weather|SunnyDay|[upkeep]
|upkeep
|turn|4
|
|t:|1786113934
|switch|p2a: Charizard|Charizard, L50, M, shiny|100/100
|move|p2b: Sneasler|Dire Claw|p1b: Charizard
|-damage|p1b: Charizard|0 fnt
|faint|p1b: Charizard
|move|p1a: Incineroar|Flare Blitz|p2a: Charizard
|-resisted|p2a: Charizard|1
|-damage|p2a: Charizard|70/100
|-damage|p1a: Incineroar|0 fnt|[from] Recoil
|faint|p1a: Incineroar
|
|-weather|SunnyDay|[upkeep]
|upkeep
|
|t:|1786113945
|switch|p1b: Toxapex|Toxapex, L50, M|100/100
|switch|p1a: Venusaur|Venusaur, L50, F|100/100
|turn|5
|
|t:|1786113965
|move|p1b: Toxapex|Wide Guard|p1b: Toxapex
|-singleturn|p1b: Toxapex|Wide Guard
|move|p2b: Sneasler|Dire Claw|p1a: Venusaur
|-damage|p1a: Venusaur|54/100
|move|p1a: Venusaur|Sludge Bomb|p2a: Charizard
|-damage|p2a: Charizard|0 fnt
|faint|p2a: Charizard
|-damage|p1a: Venusaur|44/100|[from] item: Life Orb
|
|-weather|none
|upkeep
|
|t:|1786113975
|switch|p2a: Staraptor|Staraptor-Mega, L50, F|6/100
|turn|6
|
|t:|1786114002
|switch|p2b: Sinistcha|Sinistcha-Masterpiece, L50, shiny|100/100
|-heal|p2a: Staraptor|31/100|[from] ability: Hospitality|[of] p2b: Sinistcha
|move|p1a: Venusaur|Protect|p1a: Venusaur
|-singleturn|p1a: Venusaur|Protect
|move|p2a: Staraptor|Roost|p2a: Staraptor
|-heal|p2a: Staraptor|81/100
|-singleturn|p2a: Staraptor|move: Roost
|move|p1b: Toxapex|Infestation|p2a: Staraptor
|-resisted|p2a: Staraptor|1
|-damage|p2a: Staraptor|79/100
|-activate|p2a: Staraptor|move: Infestation|[of] p1b: Toxapex
|
|-damage|p2a: Staraptor|67/100|[from] move: Infestation|[partiallytrapped]
|upkeep
|turn|7
|
|t:|1786114034
|move|p2b: Sinistcha|Rage Powder|p2b: Sinistcha
|-singleturn|p2b: Sinistcha|move: Rage Powder
|move|p2a: Staraptor|Dual Wingbeat|p1a: Venusaur
|-supereffective|p1a: Venusaur|1
|-damage|p1a: Venusaur|0 fnt
|faint|p1a: Venusaur
|-hitcount|p1: Venusaur|1
|move|p1b: Toxapex|Toxic|p2b: Sinistcha
|-status|p2b: Sinistcha|tox
|
|-damage|p2b: Sinistcha|93/100 tox|[from] psn
|-damage|p2a: Staraptor|54/100|[from] move: Infestation|[partiallytrapped]
|upkeep
|turn|8
|
|t:|1786114048
|switch|p2b: Sneasler|Sneasler, L50, M, shiny|1/100
|move|p2a: Staraptor|Protect|p2a: Staraptor
|-singleturn|p2a: Staraptor|Protect
|move|p1b: Toxapex|Infestation|p2b: Sneasler
|-resisted|p2b: Sneasler|2
|-damage|p2b: Sneasler|1/100
|-activate|p2b: Sneasler|move: Infestation|[of] p1b: Toxapex
|
|-damage|p2a: Staraptor|42/100|[from] move: Infestation|[partiallytrapped]
|-damage|p2b: Sneasler|0 fnt|[from] move: Infestation|[partiallytrapped]
|faint|p2b: Sneasler
|upkeep
|
|t:|1786114058
|switch|p2b: Sinistcha|Sinistcha-Masterpiece, L50, shiny|93/100 tox
|-heal|p2a: Staraptor|67/100|[from] ability: Hospitality|[of] p2b: Sinistcha
|turn|9
|
|t:|1786114071
|move|p1b: Toxapex|Baneful Bunker|p1b: Toxapex
|-singleturn|p1b: Toxapex|move: Protect
|move|p2a: Staraptor|Dual Wingbeat|p1b: Toxapex
|-activate|p1b: Toxapex|move: Protect
|-status|p2a: Staraptor|psn
|move|p2b: Sinistcha|Shadow Ball|p1b: Toxapex
|-activate|p1b: Toxapex|move: Protect
|
|-heal|p2b: Sinistcha|100/100 tox|[from] item: Leftovers
|-damage|p2a: Staraptor|54/100 psn|[from] psn
|-damage|p2b: Sinistcha|93/100 tox|[from] psn
|-damage|p2a: Staraptor|42/100 psn|[from] move: Infestation|[partiallytrapped]
|upkeep
|turn|10
|
|t:|1786114093
|move|p2a: Staraptor|Dual Wingbeat|p1b: Toxapex
|-damage|p1b: Toxapex|84/100
|-damage|p1b: Toxapex|66/100
|-hitcount|p1b: Toxapex|2
|move|p2b: Sinistcha|Matcha Gotcha|p1b: Toxapex
|-damage|p1b: Toxapex|41/100
|-heal|p2b: Sinistcha|100/100 tox|[from] drain|[of] p1b: Toxapex
|move|p1b: Toxapex|Infestation|p2b: Sinistcha
|-damage|p2b: Sinistcha|96/100 tox
|-activate|p2b: Sinistcha|move: Infestation|[of] p1b: Toxapex
|
|-heal|p2b: Sinistcha|100/100 tox|[from] item: Leftovers
|-heal|p1b: Toxapex|47/100|[from] item: Leftovers
|-damage|p2a: Staraptor|30/100 psn|[from] psn
|-damage|p2b: Sinistcha|87/100 tox|[from] psn
|-end|p2a: Staraptor|Infestation|[partiallytrapped]
|-damage|p2b: Sinistcha|75/100 tox|[from] move: Infestation|[partiallytrapped]
|upkeep
|turn|11
|
|t:|1786114115
|move|p2a: Staraptor|Roost|p2a: Staraptor
|-heal|p2a: Staraptor|80/100 psn
|-singleturn|p2a: Staraptor|move: Roost
|move|p2b: Sinistcha|Matcha Gotcha|p1b: Toxapex
|-damage|p1b: Toxapex|20/100y
|-heal|p2b: Sinistcha|88/100 tox|[from] drain|[of] p1b: Toxapex
|move|p1b: Toxapex|Infestation|p2a: Staraptor
|-resisted|p2a: Staraptor|1
|-damage|p2a: Staraptor|78/100 psn
|-activate|p2a: Staraptor|move: Infestation|[of] p1b: Toxapex
|
|-heal|p2b: Sinistcha|94/100 tox|[from] item: Leftovers
|-heal|p1b: Toxapex|26/100|[from] item: Leftovers
|-damage|p2a: Staraptor|65/100 psn|[from] psn
|-damage|p2b: Sinistcha|75/100 tox|[from] psn
|-damage|p2a: Staraptor|53/100 psn|[from] move: Infestation|[partiallytrapped]
|-damage|p2b: Sinistcha|63/100 tox|[from] move: Infestation|[partiallytrapped]
|upkeep
|turn|12
|
|t:|1786114135
|move|p1b: Toxapex|Baneful Bunker|p1b: Toxapex
|-singleturn|p1b: Toxapex|move: Protect
|move|p2a: Staraptor|Dual Wingbeat|p1b: Toxapex
|-activate|p1b: Toxapex|move: Protect
|move|p2b: Sinistcha|Matcha Gotcha|p1b: Toxapex
|-activate|p1b: Toxapex|move: Protect
|
|-heal|p2b: Sinistcha|69/100 tox|[from] item: Leftovers
|-heal|p1b: Toxapex|31/100|[from] item: Leftovers
|-damage|p2a: Staraptor|41/100 psn|[from] psn
|-damage|p2b: Sinistcha|44/100 tox|[from] psn
|-damage|p2a: Staraptor|28/100 psn|[from] move: Infestation|[partiallytrapped]
|-damage|p2b: Sinistcha|32/100 tox|[from] move: Infestation|[partiallytrapped]
|upkeep
|turn|13
|
|t:|1786114154
|move|p1b: Toxapex|Baneful Bunker|p1b: Toxapex
|-singleturn|p1b: Toxapex|move: Protect
|move|p2a: Staraptor|Roost|p2a: Staraptor
|-heal|p2a: Staraptor|78/100 psn
|-singleturn|p2a: Staraptor|move: Roost
|move|p2b: Sinistcha|Shadow Ball|p1b: Toxapex
|-activate|p1b: Toxapex|move: Protect
|
|-heal|p2b: Sinistcha|38/100 tox|[from] item: Leftovers
|-heal|p1b: Toxapex|37/100|[from] item: Leftovers
|-damage|p2a: Staraptor|66/100 psn|[from] psn
|-damage|p2b: Sinistcha|7/100 tox|[from] psn
|-damage|p2a: Staraptor|54/100 psn|[from] move: Infestation|[partiallytrapped]
|-damage|p2b: Sinistcha|0 fnt|[from] move: Infestation|[partiallytrapped]
|faint|p2b: Sinistcha
|upkeep
|turn|14
|
|t:|1786114181
|move|p2a: Staraptor|Dual Wingbeat|p1b: Toxapex
|-damage|p1b: Toxapex|22/100
|-damage|p1b: Toxapex|7/100
|-hitcount|p1b: Toxapex|2
|move|p1b: Toxapex|Toxic||[still]
|-fail|p1b: Toxapex
|
|-heal|p1b: Toxapex|12/100|[from] item: Leftovers
|-damage|p2a: Staraptor|41/100 psn|[from] psn
|-damage|p2a: Staraptor|29/100 psn|[from] move: Infestation|[partiallytrapped]
|upkeep
|turn|15
|
|t:|1786114191
|move|p1b: Toxapex|Baneful Bunker|p1b: Toxapex
|-singleturn|p1b: Toxapex|move: Protect
|move|p2a: Staraptor|Roost|p2a: Staraptor
|-heal|p2a: Staraptor|79/100 psn
|-singleturn|p2a: Staraptor|move: Roost
|
|-heal|p1b: Toxapex|18/100|[from] item: Leftovers
|-damage|p2a: Staraptor|67/100 psn|[from] psn
|-end|p2a: Staraptor|Infestation|[partiallytrapped]
|upkeep
|turn|16
|
|t:|1786114203
|move|p1b: Toxapex|Baneful Bunker|p1b: Toxapex
|-singleturn|p1b: Toxapex|move: Protect
|move|p2a: Staraptor|Dual Wingbeat|p1b: Toxapex
|-activate|p1b: Toxapex|move: Protect
|
|-heal|p1b: Toxapex|24/100|[from] item: Leftovers
|-damage|p2a: Staraptor|54/100 psn|[from] psn
|upkeep
|turn|17
|
|t:|1786114212
|move|p2a: Staraptor|Dual Wingbeat|p1b: Toxapex
|-damage|p1b: Toxapex|8/100
|-damage|p1b: Toxapex|0 fnt
|faint|p1b: Toxapex
|-hitcount|p1: Toxapex|2
|
|win|Kennedywuzhere
