|j|☆alexander1111
|j|☆Omarro
|html|alexander1111Omarro    
|uhtml|bestof|Game 1 of a best-of-3
|t:|1783815037
|gametype|doubles
|player|p1|alexander1111|preschooler|1082
|player|p2|Omarro|dragontamer|1058
|gen|9
|tier|[Gen 9 Champions] VGC 2026 Reg M-B (Bo3)
|rated|
|rule|Species Clause: Limit one of each Pokémon
|rule|Item Clause: Limit 1 of each item
|clearpoke
|poke|p1|Milotic, L50, M|
|poke|p1|Maushold-Four, L50|
|poke|p1|Charizard, L50, F, shiny|
|poke|p1|Whimsicott, L50, M, shiny|
|poke|p1|Kingambit, L50, F|
|poke|p1|Garchomp, L50, M|
|poke|p2|Steelix, L50, M|
|poke|p2|Sceptile, L50, F|
|poke|p2|Tyranitar, L50, M|
|poke|p2|Talonflame, L50, M|
|poke|p2|Malamar, L50, F|
|poke|p2|Rotom-Wash, L50|
|teampreview|4
|showteam|p1|Milotic||SitrusBerry|Competitive|Scald,IceBeam,HelpingHand,Protect|Modest||M|||50|]Maushold-Four||WideLens|Technician|PopulationBomb,FollowMe,Protect,SunnyDay|Jolly|||||50|]Charizard||CharizarditeY|Blaze|SolarBeam,HeatWave,WeatherBall,Protect|Timid||F|||50|]Whimsicott||FocusSash|Prankster|Tailwind,Moonblast,Protect,Encore|Timid||M|||50|]Kingambit||ChopleBerry|Defiant|KowtowCleave,SuckerPunch,IronHead,LowKick|Adamant||F|||50|]Garchomp||LifeOrb|RoughSkin|RockSlide,Earthquake,DragonClaw,Protect|Jolly||M|||50|
|showteam|p2|Steelix||Steelixite|RockHead|Protect,WideGuard,HighHorsepower,HeavySlam|Impish||M|||50|]Sceptile||Sceptilite|Overgrow|LeafStorm,DragonPulse,EarthPower,Protect|Timid||F|||50|]Tyranitar||ChopleBerry|SandStream|Protect,DragonDance,Crunch,RockSlide|Adamant||M|||50|]Talonflame||SharpBeak|GaleWings|Protect,Tailwind,WillOWisp,BraveBird|Jolly||M|||50|]Malamar||FocusSash|Contrary|Superpower,PsychoCut,SkillSwap,KnockOff|Adamant||F|||50|]Rotom-Wash||SitrusBerry|Levitate|Protect,WillOWisp,Thunderbolt,HydroPump|Calm|||||50|
|inactive|Battle timer is ON: inactive players will automatically lose when time's up. (requested by Omarro)
|inactive|alexander1111 has 60 seconds left.
|
|t:|1783815088
|teamsize|p1|4
|teamsize|p2|4
|start
|switch|p1a: Maushold|Maushold-Four, L50|100/100
|switch|p1b: Whimsicott|Whimsicott, L50, M, shiny|100/100
|switch|p2a: Sceptile|Sceptile, L50, F|100/100
|switch|p2b: Malamar|Malamar, L50, F|100/100
|turn|1
|
|t:|1783815105
|move|p1b: Whimsicott|Tailwind|p1b: Whimsicott
|-sidestart|p1: alexander1111|move: Tailwind
|move|p1a: Maushold|Population Bomb|p2b: Malamar
|-damage|p2b: Malamar|88/100
|-crit|p2b: Malamar
|-damage|p2b: Malamar|71/100
|-damage|p2b: Malamar|60/100
|-damage|p2b: Malamar|49/100
|-damage|p2b: Malamar|38/100
|-damage|p2b: Malamar|27/100
|-damage|p2b: Malamar|16/100
|-damage|p2b: Malamar|3/100
|-damage|p2b: Malamar|0 fnt
|faint|p2b: Malamar
|-hitcount|p2: Malamar|9
|move|p2a: Sceptile|Dragon Pulse|p1a: Maushold
|-damage|p1a: Maushold|62/100
|
|upkeep
|
|t:|1783815125
|switch|p2b: Talonflame|Talonflame, L50, M|100/100
|turn|2
|
|t:|1783815141
|detailschange|p2a: Sceptile|Sceptile-Mega, L50, F
|-mega|p2a: Sceptile|Sceptile|Sceptilite
|move|p1b: Whimsicott|Encore|p2a: Sceptile
|-start|p2a: Sceptile|Encore
|move|p2b: Talonflame|Tailwind|p2b: Talonflame
|-sidestart|p2: Omarro|move: Tailwind
|move|p2a: Sceptile|Dragon Pulse|p1a: Maushold
|-damage|p1a: Maushold|0 fnt
|faint|p1a: Maushold
|
|upkeep
|
|t:|1783815158
|switch|p1a: Charizard|Charizard, L50, F, shiny|100/100
|turn|3
|
|t:|1783815174
|detailschange|p1a: Charizard|Charizard-Mega-Y, L50, F, shiny
|-mega|p1a: Charizard|Charizard|Charizardite Y
|-weather|SunnyDay|[from] ability: Drought|[of] p1a: Charizard
|move|p2b: Talonflame|Brave Bird|p1b: Whimsicott
|-supereffective|p1b: Whimsicott|1
|-enditem|p1b: Whimsicott|Focus Sash
|-damage|p1b: Whimsicott|1/100
|-damage|p2b: Talonflame|75/100|[from] Recoil
|move|p2a: Sceptile|Dragon Pulse|p1a: Charizard
|-damage|p1a: Charizard|56/100
|move|p1b: Whimsicott|Moonblast|p2a: Sceptile
|-supereffective|p2a: Sceptile|1
|-damage|p2a: Sceptile|0 fnt
|faint|p2a: Sceptile
|move|p1a: Charizard|Heat Wave|p2b: Talonflame
|-resisted|p2b: Talonflame|1
|-crit|p2b: Talonflame
|-damage|p2b: Talonflame|0 fnt
|faint|p2b: Talonflame
|
|-weather|SunnyDay|[upkeep]
|upkeep
|
|t:|1783815196
|switch|p2a: Tyranitar|Tyranitar, L50, M|100/100
|-weather|Sandstorm|[from] ability: Sand Stream|[of] p2a: Tyranitar
|turn|4
|inactive|alexander1111 has 30 seconds left.
|inactive|alexander1111 has 20 seconds left.
|inactive|alexander1111 has 15 seconds left.
|inactive|alexander1111 has 10 seconds left.
|
|t:|1783815243
|switch|p1b: Garchomp|Garchomp, L50, M|100/100
|move|p2a: Tyranitar|Protect|p2a: Tyranitar
|-singleturn|p2a: Tyranitar|Protect
|move|p1a: Charizard|Weather Ball|p2a: Tyranitar
|-activate|p2a: Tyranitar|move: Protect
|
|-weather|Sandstorm|[upkeep]
|-damage|p1a: Charizard|50/100y|[from] Sandstorm
|-sideend|p1: alexander1111|move: Tailwind
|upkeep
|turn|5
|inactive|alexander1111 has 30 seconds left.
|
|t:|1783815274
|move|p1b: Garchomp|Protect|p1b: Garchomp
|-singleturn|p1b: Garchomp|Protect
|move|p2a: Tyranitar|Rock Slide|p1b: Garchomp|[spread] p1a
|-activate|p1b: Garchomp|move: Protect
|-supereffective|p1a: Charizard|2
|-damage|p1a: Charizard|0 fnt
|faint|p1a: Charizard
|
|-weather|Sandstorm|[upkeep]
|-sideend|p2: Omarro|move: Tailwind
|upkeep
|
|t:|1783815278
|switch|p1a: Whimsicott|Whimsicott, L50, M, shiny|1/100
|turn|6
|
|t:|1783815293
|move|p1a: Whimsicott|Tailwind|p1a: Whimsicott
|-sidestart|p1: alexander1111|move: Tailwind
|move|p1b: Garchomp|Earthquake|p2a: Tyranitar|[spread] p1a,p2a
|-resisted|p1a: Whimsicott|1
|-supereffective|p2a: Tyranitar|1
|-damage|p1a: Whimsicott|0 fnt
|-damage|p2a: Tyranitar|11/100
|faint|p1a: Whimsicott
|-damage|p1b: Garchomp|90/100|[from] item: Life Orb
|move|p2a: Tyranitar|Rock Slide|p1b: Garchomp
|-resisted|p1b: Garchomp|1
|-damage|p1b: Garchomp|67/100
|
|-weather|Sandstorm|[upkeep]
|upkeep
|turn|7
|l|☆Omarro
|inactive|Omarro disconnected and has a minute to reconnect!
|player|p2|
|inactive|Omarro has 30 seconds left.
|inactive|Omarro has 20 seconds left.
|inactive|Omarro has 15 seconds left.
|inactive|Omarro has 10 seconds left.
|inactive|Omarro has 5 seconds left.
|-message|Omarro lost due to inactivity.
|
|win|alexander1111
||alexander1111 is ready for game 2.
|inactive|Omarro has 5 seconds to reconnect!
|raw|alexander1111's rating: 1082 → 1108(+26 for winning)
|raw|Omarro's rating: 1058 → 1041(-17 for losing)
