|j|☆escorpiobutfrommk
|j|☆archaludon_enjoyer
|html|escorpiobutfrommkarchaludon_enjoyer    
|uhtml|bestof|Game 3 of a best-of-3
|t:|1756345133
|gametype|doubles
|player|p1|escorpiobutfrommk|red|
|player|p2|archaludon_enjoyer|169|
|gen|9
|tier|[Gen 9] VGC 2025 Reg H (Bo3)
|rule|Species Clause: Limit one of each Pokémon
|rule|Item Clause: Limit 1 of each item
|clearpoke
|poke|p1|Sneasler, L50, F|
|poke|p1|Ceruledge, L50, M|
|poke|p1|Dragonite, L50, M|
|poke|p1|Gastrodon, L50, F|
|poke|p1|Kingambit, L50, M|
|poke|p1|Rillaboom, L50, M|
|poke|p2|Electabuzz, L50, M|
|poke|p2|Basculegion, L50, M|
|poke|p2|Rillaboom, L50, M|
|poke|p2|Kingambit, L50, M|
|poke|p2|Archaludon, L50, M|
|poke|p2|Pelipper, L50, M|
|teampreview|4
|showteam|p1|Sneasler||FocusSash|Unburden|DireClaw,CloseCombat,Coaching,FakeOut|||F|||50|,,,,,Ghost]Ceruledge||Leftovers|FlashFire|Protect,BulkUp,BitterBlade,ShadowSneak|||M|||50|,,,,,Grass]Dragonite||LoadedDice|Multiscale|Protect,ScaleShot,LowKick,ExtremeSpeed|||M|||50|,,,,,Fairy]Gastrodon||SitrusBerry|StormDrain|Protect,IceBeam,EarthPower,ClearSmog|||F|||50|,,,,,Flying]Kingambit||AssaultVest|Defiant|KowtowCleave,SuckerPunch,IronHead,TeraBlast|||M|||50|,,,,,Flying]Rillaboom||MiracleSeed|GrassySurge|WoodHammer,GrassyGlide,HighHorsepower,FakeOut|||M|||50|,,,,,Fire
|showteam|p2|Electabuzz||Eviolite|VitalSpirit|Electroweb,FollowMe,Protect,Taunt|||M|||50|,,,,,Ghost]Basculegion||ChoiceBand|SwiftSwim|WaveCrash,FlipTurn,AquaJet,LastRespects|||M|||50|,,,,,Grass]Rillaboom||LoadedDice|GrassySurge|BulletSeed,HighHorsepower,GrassyGlide,FakeOut|||M|||50|,,,,,Fire]Kingambit||BlackGlasses|Defiant|Protect,KowtowCleave,SwordsDance,SuckerPunch|||M|||50|,,,,,Dark]Archaludon||AssaultVest|Stamina|ElectroShot,BodyPress,FlashCannon,DracoMeteor|||M|||50|,,,,,Fairy]Pelipper||FocusSash|Drizzle|WeatherBall,Hurricane,Protect,Tailwind|||M|||50|,,,,,Ghost
|
|t:|1756345177
|teamsize|p1|4
|teamsize|p2|4
|start
|switch|p1a: Sneasler|Sneasler, L50, F|100/100
|switch|p1b: Dragonite|Dragonite, L50, M|100/100
|switch|p2a: Electabuzz|Electabuzz, L50, M, shiny|100/100
|switch|p2b: Kingambit|Kingambit, L50, M, shiny|100/100
|turn|1
|
|t:|1756345193
|move|p2a: Electabuzz|Protect|p2a: Electabuzz
|-singleturn|p2a: Electabuzz|Protect
|move|p2b: Kingambit|Protect|p2b: Kingambit
|-singleturn|p2b: Kingambit|Protect
|move|p1a: Sneasler|Coaching|p1b: Dragonite
|-boost|p1b: Dragonite|atk|1
|-boost|p1b: Dragonite|def|1
|move|p1b: Dragonite|Scale Shot|p2a: Electabuzz
|-activate|p2a: Electabuzz|move: Protect
|
|upkeep
|turn|2
|
|t:|1756345220
|move|p2a: Electabuzz|Follow Me|p2a: Electabuzz
|-singleturn|p2a: Electabuzz|move: Follow Me
|move|p1a: Sneasler|Coaching|p1b: Dragonite
|-boost|p1b: Dragonite|atk|1
|-boost|p1b: Dragonite|def|1
|move|p1b: Dragonite|Scale Shot|p2a: Electabuzz
|-damage|p2a: Electabuzz|77/100
|-damage|p2a: Electabuzz|57/100
|-damage|p2a: Electabuzz|34/100
|-damage|p2a: Electabuzz|13/100
|-hitcount|p2a: Electabuzz|4
|-unboost|p1b: Dragonite|def|1
|-boost|p1b: Dragonite|spe|1
|move|p2b: Kingambit|Swords Dance|p2b: Kingambit
|-boost|p2b: Kingambit|atk|2
|
|upkeep
|turn|3
|
|t:|1756345263
|move|p1b: Dragonite|Protect|p1b: Dragonite
|-singleturn|p1b: Dragonite|Protect
|move|p2a: Electabuzz|Protect|p2a: Electabuzz
|-singleturn|p2a: Electabuzz|Protect
|move|p2b: Kingambit|Protect|p2b: Kingambit
|-singleturn|p2b: Kingambit|Protect
|move|p1a: Sneasler|Dire Claw|p2a: Electabuzz
|-activate|p2a: Electabuzz|move: Protect
|
|upkeep
|turn|4
|
|t:|1756345356
|-terastallize|p2b: Kingambit|Dark
|move|p1b: Dragonite|Extreme Speed|p2a: Electabuzz
|-damage|p2a: Electabuzz|0 fnt
|faint|p2a: Electabuzz
|move|p2b: Kingambit|Sucker Punch|p1a: Sneasler
|-resisted|p1a: Sneasler
|-enditem|p1a: Sneasler|Focus Sash
|-damage|p1a: Sneasler|1/100
|move|p1a: Sneasler|Close Combat|p2b: Kingambit
|-supereffective|p2b: Kingambit
|-damage|p2b: Kingambit|6/100
|-unboost|p1a: Sneasler|def|1
|-unboost|p1a: Sneasler|spd|1
|
|upkeep
|
|t:|1756345377
|switch|p2a: Pelipper|Pelipper, L50, M|100/100
|-weather|RainDance|[from] ability: Drizzle|[of] p2a: Pelipper
|turn|5
|
|t:|1756345439
|move|p2b: Kingambit|Sucker Punch|p1a: Sneasler
|-resisted|p1a: Sneasler
|-damage|p1a: Sneasler|0 fnt
|faint|p1a: Sneasler
|move|p1b: Dragonite|Scale Shot|p2a: Pelipper
|-damage|p2a: Pelipper|64/100
|-damage|p2a: Pelipper|28/100
|-damage|p2a: Pelipper|0 fnt
|faint|p2a: Pelipper
|-hitcount|p2: Pelipper|3
|-unboost|p1b: Dragonite|def|1
|-boost|p1b: Dragonite|spe|1
|
|-weather|RainDance|[upkeep]
|upkeep
|
|t:|1756345445
|switch|p1a: Kingambit|Kingambit, L50, M|100/100
|switch|p2a: Basculegion|Basculegion, L50, M, shiny|100/100
|turn|6
|
|t:|1756345544
|move|p1b: Dragonite|Extreme Speed|p2b: Kingambit
|-damage|p2b: Kingambit|0 fnt
|faint|p2b: Kingambit
|move|p2a: Basculegion|Aqua Jet|p1b: Dragonite
|-resisted|p1b: Dragonite
|-damage|p1b: Dragonite|87/100
|move|p1a: Kingambit|Sucker Punch||[still]
|-fail|p1a: Kingambit
|
|-weather|RainDance|[upkeep]
|upkeep
|turn|7
|
|t:|1756345556
|move|p2a: Basculegion|Aqua Jet|p1a: Kingambit
|-damage|p1a: Kingambit|62/100
|move|p1b: Dragonite|Scale Shot|p2a: Basculegion
|-damage|p2a: Basculegion|65/100
|-damage|p2a: Basculegion|29/100
|-damage|p2a: Basculegion|0 fnt
|faint|p2a: Basculegion
|-hitcount|p2: Basculegion|3
|
|win|escorpiobutfrommk
|c|☆archaludon_enjoyer|gg
|c|☆escorpiobutfrommk|Gg
