|j|☆ParadoxPerry
|j|☆MaxwellBaker
|html|ParadoxPerryMaxwellBaker    
|uhtml|bestof|Game 1 of a best-of-3
|t:|1784837210
|gametype|doubles
|player|p1|ParadoxPerry|guitarist|1228
|player|p2|MaxwellBaker|102|1086
|gen|9
|tier|[Gen 9 Champions] VGC 2026 Reg M-B (Bo3)
|rated|
|rule|Species Clause: Limit one of each Pokémon
|rule|Item Clause: Limit 1 of each item
|clearpoke
|poke|p1|Vivillon, L50, M|
|poke|p1|Incineroar, L50, F|
|poke|p1|Farigiraf, L50, F|
|poke|p1|Ampharos, L50, F|
|poke|p1|Crabominable, L50, F|
|poke|p1|Camerupt, L50, M|
|poke|p2|Decidueye-Hisui, L50, F|
|poke|p2|Florges, L50, F|
|poke|p2|Raichu, L50, M|
|poke|p2|Incineroar, L50, M|
|poke|p2|Staraptor, L50, F|
|poke|p2|Milotic, L50, F|
|teampreview|4
|showteam|p1|Vivillon||FocusSash|CompoundEyes|SleepPowder,RagePowder,SunnyDay,Hurricane|Timid||M|||50|]Incineroar||SitrusBerry|Intimidate|FlareBlitz,DarkestLariat,PartingShot,FakeOut|Careful||F|||50|]Farigiraf||ColburBerry|ArmorTail|Psychic,Thunderbolt,TrickRoom,HelpingHand|Bold||F|||50|]Ampharos||Ampharosite|Static|Thunderbolt,DragonPulse,FocusBlast,Protect|Quiet||F|||50|]Crabominable||LifeOrb|HyperCutter|IceHammer,CloseCombat,RockSlide,UpperHand|Brave||F|||50|]Camerupt||Cameruptite|SolidRock|Eruption,EarthPower,HeatWave,Protect|Quiet||M|||50|
|showteam|p2|Decidueye-Hisui||ScopeLens|Scrappy|TripleArrows,LeafBlade,SuckerPunch,Protect|Jolly||F|||50|]Florges||LifeOrb|FlowerVeil|Moonblast,Psychic,PollenPuff,Protect|Modest||F|||50|]Raichu||RaichuniteY|LightningRod|FakeOut,ZapCannon,FocusBlast,Protect|Timid||M|||50|]Incineroar||SitrusBerry|Intimidate|FakeOut,FlareBlitz,ThroatChop,PartingShot|Careful||M|||50|]Staraptor||Staraptite|Intimidate|BraveBird,CloseCombat,Tailwind,Protect|Jolly||F|||50|]Milotic||Leftovers|Competitive|Scald,IceBeam,Haze,Protect|Bold||F|||50|
|inactive|Battle timer is ON: inactive players will automatically lose when time's up. (requested by ParadoxPerry)
|inactive|ParadoxPerry has 60 seconds left.
|inactive|MaxwellBaker has 60 seconds left.
|
|t:|1784837263
|teamsize|p1|4
|teamsize|p2|4
|start
|switch|p1a: Vivillon|Vivillon, L50, M|100/100
|switch|p1b: Farigiraf|Farigiraf, L50, F|100/100
|switch|p2a: Raichu|Raichu, L50, M|100/100
|switch|p2b: Decidueye|Decidueye-Hisui, L50, F|100/100
|turn|1
|inactive|ParadoxPerry has 30 seconds left.
|
|t:|1784837294
|detailschange|p2a: Raichu|Raichu-Mega-Y, L50, M
|-mega|p2a: Raichu|Raichu|Raichunite Y
|move|p2a: Raichu|Zap Cannon|p1a: Vivillon
|-supereffective|p1a: Vivillon|1
|-enditem|p1a: Vivillon|Focus Sash
|-damage|p1a: Vivillon|1/100
|-status|p1a: Vivillon|par
|move|p2b: Decidueye|Triple Arrows|p1b: Farigiraf
|-crit|p1b: Farigiraf
|-damage|p1b: Farigiraf|48/100
|-unboost|p1b: Farigiraf|def|1
|move|p1a: Vivillon|Hurricane|p2b: Decidueye
|-supereffective|p2b: Decidueye|2
|-damage|p2b: Decidueye|0 fnt
|faint|p2b: Decidueye
|move|p1b: Farigiraf|Trick Room|p1b: Farigiraf
|-fieldstart|move: Trick Room|[of] p1b: Farigiraf
|
|upkeep
|
|t:|1784837319
|switch|p2b: Incineroar|Incineroar, L50, M|100/100
|-ability|p2b: Incineroar|Intimidate|boost
|-unboost|p1a: Vivillon|atk|1
|-unboost|p1b: Farigiraf|atk|1
|turn|2
|
|t:|1784837338
|switch|p1b: Ampharos|Ampharos, L50, F|100/100
|move|p1a: Vivillon|Sleep Powder|p2b: Incineroar
|-status|p2b: Incineroar|slp|[from] move: Sleep Powder
|cant|p2b: Incineroar|slp
|move|p2a: Raichu|Zap Cannon|p1b: Ampharos
|-resisted|p1b: Ampharos|1
|-damage|p1b: Ampharos|72/100
|
|upkeep
|turn|3
|
|t:|1784837354
|detailschange|p1b: Ampharos|Ampharos-Mega, L50, F
|-mega|p1b: Ampharos|Ampharos|Ampharosite
|-ability|p1b: Ampharos|Mold Breaker
|move|p2a: Raichu|Protect|p2a: Raichu
|-singleturn|p2a: Raichu|Protect
|move|p1b: Ampharos|Focus Blast|p2b: Incineroar
|-supereffective|p2b: Incineroar|1
|-damage|p2b: Incineroar|21/100 slp
|-enditem|p2b: Incineroar|Sitrus Berry|[eat]
|-heal|p2b: Incineroar|46/100 slp|[from] item: Sitrus Berry
|move|p1a: Vivillon|Sleep Powder|p2a: Raichu
|-activate|p2a: Raichu|move: Protect
|cant|p2b: Incineroar|slp
|
|upkeep
|turn|4
|inactive|ParadoxPerry has 30 seconds left.
|inactive|ParadoxPerry has 20 seconds left.
|
|t:|1784837389
|switch|p2a: Milotic|Milotic, L50, F|100/100
|move|p1b: Ampharos|Dragon Pulse|p2b: Incineroar
|-damage|p2b: Incineroar|3/100 slp
|move|p1a: Vivillon|Hurricane|p2b: Incineroar
|-damage|p2b: Incineroar|0 fnt
|faint|p2b: Incineroar
|
|upkeep
|
|t:|1784837398
|switch|p2b: Raichu|Raichu-Mega-Y, L50, M|100/100
|turn|5
|
|t:|1784837417
|switch|p1b: Farigiraf|Farigiraf, L50, F|48/100
|move|p2a: Milotic|Protect|p2a: Milotic
|-singleturn|p2a: Milotic|Protect
|move|p2b: Raichu|Protect|p2b: Raichu
|-singleturn|p2b: Raichu|Protect
|move|p1a: Vivillon|Sleep Powder|p2b: Raichu
|-activate|p2b: Raichu|move: Protect
|
|-fieldend|move: Trick Room
|upkeep
|turn|6
|inactive|MaxwellBaker has 30 seconds left.
|
|t:|1784837442
|move|p1a: Vivillon|Rage Powder|p1a: Vivillon
|-singleturn|p1a: Vivillon|move: Rage Powder
|move|p2b: Raichu|Zap Cannon|p1a: Vivillon
|-supereffective|p1a: Vivillon|1
|-damage|p1a: Vivillon|0 fnt
|faint|p1a: Vivillon
|move|p2a: Milotic|Scald|p1b: Farigiraf
|-damage|p1b: Farigiraf|22/100
|move|p1b: Farigiraf|Trick Room|p1b: Farigiraf
|-fieldstart|move: Trick Room|[of] p1b: Farigiraf
|
|upkeep
|inactive|ParadoxPerry has 30 seconds left.
|
|t:|1784837477
|switch|p1a: Ampharos|Ampharos-Mega, L50, F|72/100
|-ability|p1a: Ampharos|Mold Breaker
|turn|7
|
|t:|1784837501
|move|p1a: Ampharos|Protect|p1a: Ampharos
|-singleturn|p1a: Ampharos|Protect
|move|p2a: Milotic|Protect|p2a: Milotic
|-singleturn|p2a: Milotic|Protect
|move|p1b: Farigiraf|Psychic|p2b: Raichu
|-damage|p2b: Raichu|53/100
|move|p2b: Raichu|Zap Cannon|p1b: Farigiraf
|-damage|p1b: Farigiraf|0 fnt
|faint|p1b: Farigiraf
|
|upkeep
|
|t:|1784837509
|switch|p1b: Crabominable|Crabominable, L50, F|100/100
|turn|8
|
|t:|1784837529
|move|p1b: Crabominable|Close Combat|p2a: Milotic
|-damage|p2a: Milotic|24/100
|-unboost|p1b: Crabominable|def|1
|-unboost|p1b: Crabominable|spd|1
|-damage|p1b: Crabominable|90/100|[from] item: Life Orb
|move|p1a: Ampharos|Thunderbolt|p2a: Milotic
|-supereffective|p2a: Milotic|1
|-damage|p2a: Milotic|0 fnt
|faint|p2a: Milotic
|move|p2b: Raichu|Focus Blast|p1b: Crabominable
|-supereffective|p1b: Crabominable|1
|-damage|p1b: Crabominable|0 fnt
|faint|p1b: Crabominable
|
|upkeep
|turn|9
|
|t:|1784837545
|move|p2b: Raichu|Protect|p2b: Raichu
|-singleturn|p2b: Raichu|Protect
|move|p1a: Ampharos|Dragon Pulse|p2b: Raichu
|-activate|p2b: Raichu|move: Protect
|
|upkeep
|turn|10
|inactive|ParadoxPerry has 30 seconds left.
|
|t:|1784837571
|move|p1a: Ampharos|Dragon Pulse|p2b: Raichu
|-damage|p2b: Raichu|0 fnt
|faint|p2b: Raichu
|
|win|ParadoxPerry
||ParadoxPerry is ready for game 2.
