|j|☆therisingnoob
|j|☆Pakaan64
|html|therisingnoobPakaan64    
|uhtml|bestof|Game 3 of a best-of-3
|t:|1782564905
|gametype|doubles
|player|p1|therisingnoob|norman|1217
|player|p2|Pakaan64|170|1176
|gen|9
|tier|[Gen 9 Champions] VGC 2026 Reg M-B (Bo3)
|rated|
|rule|Species Clause: Limit one of each Pokémon
|rule|Item Clause: Limit 1 of each item
|clearpoke
|poke|p1|Gholdengo, L50|
|poke|p1|Staraptor, L50, M|
|poke|p1|Maushold-Four, L50|
|poke|p1|Garchomp, L50, F|
|poke|p1|Delphox, L50, F|
|poke|p1|Whimsicott, L50, M|
|poke|p2|Scrafty, L50, M|
|poke|p2|Oranguru, L50, F|
|poke|p2|Torkoal, L50, M|
|poke|p2|Vileplume, L50, M|
|poke|p2|Kingambit, L50, F|
|poke|p2|Wyrdeer, L50, M|
|teampreview|4
|showteam|p1|Gholdengo||LifeOrb|GoodasGold|MakeItRain,ShadowBall,NastyPlot,Protect|Timid|||||50|]Staraptor||Staraptite|Intimidate|CloseCombat,BraveBird,Roost,Protect|Jolly||M|||50|]Maushold-Four||ChopleBerry|FriendGuard|FollowMe,SuperFang,Charm,Protect|Jolly|||||50|]Garchomp||ChoiceScarf|RoughSkin|DragonClaw,Earthquake,StompingTantrum,RockSlide|Adamant||F|||50|]Delphox||Delphoxite|Blaze|HeatWave,Psychic,NastyPlot,Protect|Timid||F|||50|]Whimsicott||CobaBerry|Prankster|Moonblast,Tailwind,Encore,Charm|Bold||M|||50|
|showteam|p2|Scrafty||Scraftinite|Intimidate|FakeOut,KnockOff,DrainPunch,Protect|Brave||M|||50|]Oranguru||ColburBerry|InnerFocus|TrickRoom,Instruct,Protect,PsychicNoise|Sassy||F|||50|]Torkoal||Charcoal|Drought|Eruption,WeatherBall,EarthPower,Protect|Modest||M|||50|]Vileplume||FocusSash|Chlorophyll|AfterYou,SludgeBomb,SleepPowder,Protect|Timid||M|||50|]Kingambit||LifeOrb|Defiant|SuckerPunch,IronHead,KowtowCleave,Protect|Brave||F|||50|]Wyrdeer||SitrusBerry|Intimidate|TrickRoom,Gravity,Hypnosis,PsyshieldBash|Sassy||M|||50|
|inactive|Battle timer is ON: inactive players will automatically lose when time's up. (requested by Pakaan64)
|inactive|therisingnoob has 60 seconds left.
|
|t:|1782564947
|teamsize|p1|4
|teamsize|p2|4
|start
|switch|p1a: Gholdengo|Gholdengo, L50|100/100
|switch|p1b: Delphox|Delphox, L50, F|100/100
|switch|p2a: Scrafty|Scrafty, L50, M|100/100
|switch|p2b: Oranguru|Oranguru, L50, F|100/100
|-ability|p2a: Scrafty|Intimidate|boost
|-unboost|p1a: Gholdengo|atk|1
|-unboost|p1b: Delphox|atk|1
|turn|1
|
|t:|1782564971
|detailschange|p1b: Delphox|Delphox-Mega, L50, F
|-mega|p1b: Delphox|Delphox|Delphoxite
|detailschange|p2a: Scrafty|Scrafty-Mega, L50, M
|-mega|p2a: Scrafty|Scrafty|Scraftinite
|-ability|p2a: Scrafty|Intimidate|boost
|-unboost|p1a: Gholdengo|atk|1
|-unboost|p1b: Delphox|atk|1
|move|p2a: Scrafty|Fake Out|p1b: Delphox
|-damage|p1b: Delphox|76/100
|cant|p1b: Delphox|flinch
|move|p1a: Gholdengo|Make It Rain|p2b: Oranguru|[spread] p2a,p2b
|-damage|p2a: Scrafty|49/100
|-damage|p2b: Oranguru|65/100
|-unboost|p1a: Gholdengo|spa|2
|-damage|p1a: Gholdengo|90/100|[from] item: Life Orb
|move|p2b: Oranguru|Trick Room|p2b: Oranguru
|-fieldstart|move: Trick Room|[of] p2b: Oranguru
|
|upkeep
|turn|2
|inactive|therisingnoob has 30 seconds left.
|
|t:|1782564996
|switch|p1a: Maushold|Maushold-Four, L50|100/100
|move|p1b: Delphox|Protect|p1b: Delphox
|-singleturn|p1b: Delphox|Protect
|move|p2b: Oranguru|Instruct|p2a: Scrafty
|-singleturn|p2a: Scrafty|move: Instruct|[of] p2b: Oranguru
|move|p2a: Scrafty|Fake Out||[still]
|-hint|Fake Out only works on your first turn out.
|-fail|p2a: Scrafty
|move|p2a: Scrafty|Knock Off|p1b: Delphox
|-activate|p1b: Delphox|move: Protect
|
|upkeep
|turn|3
|
|t:|1782565021
|switch|p1b: Garchomp|Garchomp, L50, F|100/100
|move|p2a: Scrafty|Protect|p2a: Scrafty
|-singleturn|p2a: Scrafty|Protect
|move|p1a: Maushold|Protect|p1a: Maushold
|-singleturn|p1a: Maushold|Protect
|move|p2b: Oranguru|Psychic Noise|p1a: Maushold
|-activate|p1a: Maushold|move: Protect
|
|upkeep
|turn|4
|
|t:|1782565041
|switch|p1a: Delphox|Delphox-Mega, L50, F|76/100
|move|p2b: Oranguru|Instruct|p2a: Scrafty
|-singleturn|p2a: Scrafty|move: Instruct|[of] p2b: Oranguru
|move|p2a: Scrafty|Protect||[still]
|-fail|p2a: Scrafty
|move|p2a: Scrafty|Drain Punch|p1a: Delphox
|-resisted|p1a: Delphox|1
|-damage|p1a: Delphox|44/100
|-heal|p2a: Scrafty|64/100|[from] drain|[of] p1a: Delphox
|move|p1b: Garchomp|Earthquake|p2b: Oranguru|[spread] p2a,p2b
|-immune|p1a: Delphox|[from] ability: Levitate
|-damage|p2a: Scrafty|31/100
|-damage|p2b: Oranguru|22/100
|
|upkeep
|turn|5
|inactive|Pakaan64 has 30 seconds left.
|
|t:|1782565067
|move|p1a: Delphox|Protect|p1a: Delphox
|-singleturn|p1a: Delphox|Protect
|move|p2b: Oranguru|Instruct|p2a: Scrafty
|-singleturn|p2a: Scrafty|move: Instruct|[of] p2b: Oranguru
|move|p2a: Scrafty|Drain Punch|p1a: Delphox
|-activate|p1a: Delphox|move: Protect
|move|p2a: Scrafty|Drain Punch|p1b: Garchomp
|-damage|p1b: Garchomp|54/100
|-heal|p2a: Scrafty|55/100|[from] drain|[of] p1b: Garchomp
|-damage|p2a: Scrafty|43/100|[from] ability: Rough Skin|[of] p1b: Garchomp
|move|p1b: Garchomp|Earthquake|p2b: Oranguru|[spread] p2a,p2b
|-activate|p1a: Delphox|move: Protect
|-damage|p2a: Scrafty|6/100
|-damage|p2b: Oranguru|0 fnt
|faint|p2b: Oranguru
|
|-fieldend|move: Trick Room
|upkeep
|
|t:|1782565080
|switch|p2b: Kingambit|Kingambit, L50, F|100/100
|turn|6
|
|t:|1782565103
|move|p2a: Scrafty|Protect|p2a: Scrafty
|-singleturn|p2a: Scrafty|Protect
|move|p2b: Kingambit|Sucker Punch|p1b: Garchomp
|-damage|p1b: Garchomp|4/100
|-damage|p2b: Kingambit|87/100|[from] ability: Rough Skin|[of] p1b: Garchomp
|-damage|p2b: Kingambit|78/100|[from] item: Life Orb
|move|p1b: Garchomp|Earthquake|p2b: Kingambit|[spread] p2b
|-activate|p2a: Scrafty|move: Protect
|-immune|p1a: Delphox|[from] ability: Levitate
|-supereffective|p2b: Kingambit|1
|-damage|p2b: Kingambit|19/100
|move|p1a: Delphox|Heat Wave|p2a: Scrafty|[spread] p2b
|-activate|p2a: Scrafty|move: Protect
|-supereffective|p2b: Kingambit|1
|-damage|p2b: Kingambit|0 fnt
|faint|p2b: Kingambit
|
|upkeep
|
|t:|1782565109
|switch|p2b: Torkoal|Torkoal, L50, M|100/100
|-weather|SunnyDay|[from] ability: Drought|[of] p2b: Torkoal
|turn|7
|l|☆Pakaan64
|inactive|Pakaan64 disconnected and has a minute to reconnect!
|player|p2|
|inactive|Pakaan64 has 30 seconds left.
|inactive|Pakaan64 has 20 seconds left.
|inactive|Pakaan64 has 15 seconds left.
|inactive|Pakaan64 has 10 seconds left.
|inactive|Pakaan64 has 5 seconds left.
|-message|Pakaan64 lost due to inactivity.
|
|win|therisingnoob
|raw|therisingnoob's rating: 1217 → 1239(+22 for winning)
|raw|Pakaan64's rating: 1176 → 1154(-22 for losing)
