|j|☆kimax624
|j|☆MelodicHarmony
|html|kimax624MelodicHarmony    
|uhtml|bestof|Game 2 of a best-of-3
|t:|1782247472
|gametype|doubles
|player|p1|kimax624|1|1204
|player|p2|MelodicHarmony|flannery|1199
|gen|9
|tier|[Gen 9 Champions] VGC 2026 Reg M-B (Bo3)
|rated|
|rule|Species Clause: Limit one of each Pokémon
|rule|Item Clause: Limit 1 of each item
|clearpoke
|poke|p1|Metagross, L50, shiny|
|poke|p1|Hydreigon, L50, M|
|poke|p1|Sneasler, L50, F|
|poke|p1|Aerodactyl, L50, M|
|poke|p1|Incineroar, L50, F|
|poke|p1|Sylveon, L50, M, shiny|
|poke|p2|Floette-Eternal, L50, F|
|poke|p2|Garchomp, L50, F|
|poke|p2|Whimsicott, L50, F, shiny|
|poke|p2|Gholdengo, L50|
|poke|p2|Basculegion, L50, M, shiny|
|poke|p2|Raichu, L50, M|
|teampreview|4
|showteam|p1|Metagross||Metagrossite|ClearBody|IronHead,StompingTantrum,PsychicFangs,Protect|Jolly|||||50|]Hydreigon||LifeOrb|Levitate|EarthPower,DracoMeteor,DarkPulse,Protect|Modest||M|||50|]Sneasler||WhiteHerb|Unburden|FakeOut,CloseCombat,DireClaw,Protect|Adamant||F|||50|]Aerodactyl||FocusSash|RockHead|RockSlide,DualWingbeat,Tailwind,Protect|Jolly||M|||50|]Incineroar||ExpertBelt|Intimidate|FlareBlitz,ThroatChop,PartingShot,FakeOut|Adamant||F|||50|]Sylveon||FairyFeather|Pixilate|HyperVoice,HyperBeam,QuickAttack,Protect|Modest||M|||50|
|showteam|p2|Floette-Eternal||Floettite|FlowerVeil|Moonblast,LightofRuin,DrainingKiss,Protect|Modest||F|||50|]Garchomp||SitrusBerry|RoughSkin|DragonClaw,StompingTantrum,RockSlide,Protect|Adamant||F|||50|]Whimsicott||FocusSash|Prankster|Moonblast,Encore,Tailwind,Protect|Timid||F|||50|]Gholdengo||LifeOrb|GoodasGold|NastyPlot,MakeItRain,ShadowBall,Protect|Modest|||||50|]Basculegion||MysticWater|Adaptability|AquaJet,LastRespects,WaveCrash,Protect|Adamant||M|||50|]Raichu||RaichuniteY|LightningRod|FakeOut,ZapCannon,FocusBlast,Protect|Modest||M|||50|
|
|t:|1782247488
|teamsize|p1|4
|teamsize|p2|4
|start
|switch|p1a: Aerodactyl|Aerodactyl, L50, M|100/100
|switch|p1b: Hydreigon|Hydreigon, L50, M|100/100
|switch|p2a: Eden|Garchomp, L50, F|100/100
|switch|p2b: Cotton|Whimsicott, L50, F, shiny|100/100
|turn|1
|
|t:|1782247508
|switch|p1b: Sylveon|Sylveon, L50, M, shiny|100/100
|move|p2b: Cotton|Tailwind|p2b: Cotton
|-sidestart|p2: MelodicHarmony|move: Tailwind
|move|p2a: Eden|Rock Slide|p1a: Aerodactyl|[spread] p1a,p1b
|-supereffective|p1a: Aerodactyl|1
|-damage|p1a: Aerodactyl|43/100
|-damage|p1b: Sylveon|78/100
|move|p1a: Aerodactyl|Tailwind|p1a: Aerodactyl
|-sidestart|p1: kimax624|move: Tailwind
|
|upkeep
|turn|2
|
|t:|1782247537
|move|p1a: Aerodactyl|Protect|p1a: Aerodactyl
|-singleturn|p1a: Aerodactyl|Protect
|move|p2b: Cotton|Moonblast|p1b: Sylveon
|-damage|p1b: Sylveon|51/100
|move|p2a: Eden|Stomping Tantrum|p1b: Sylveon
|-damage|p1b: Sylveon|8/100
|move|p1b: Sylveon|Hyper Voice|p2b: Cotton|[spread] p2a,p2b
|-supereffective|p2a: Eden|1
|-damage|p2a: Eden|5/100
|-damage|p2b: Cotton|16/100
|-enditem|p2a: Eden|Sitrus Berry|[eat]
|-heal|p2a: Eden|30/100|[from] item: Sitrus Berry
|
|upkeep
|turn|3
|
|t:|1782247581
|switch|p1a: Metagross|Metagross, L50, shiny|100/100
|move|p2b: Cotton|Encore||[still]
|-fail|p2b: Cotton
|move|p1b: Sylveon|Quick Attack|p2b: Cotton
|-damage|p2b: Cotton|0 fnt
|faint|p2b: Cotton
|move|p2a: Eden|Stomping Tantrum|p1b: Sylveon
|-damage|p1b: Sylveon|0 fnt
|faint|p1b: Sylveon
|
|upkeep
|
|t:|1782247595
|switch|p2b: Reddit|Gholdengo, L50|100/100
|switch|p1b: Aerodactyl|Aerodactyl, L50, M|43/100
|turn|4
|
|t:|1782247610
|move|p1b: Aerodactyl|Protect|p1b: Aerodactyl
|-singleturn|p1b: Aerodactyl|Protect
|move|p1a: Metagross|Protect|p1a: Metagross
|-singleturn|p1a: Metagross|Protect
|move|p2b: Reddit|Protect|p2b: Reddit
|-singleturn|p2b: Reddit|Protect
|move|p2a: Eden|Stomping Tantrum|p1a: Metagross
|-activate|p1a: Metagross|move: Protect
|
|-sideend|p2: MelodicHarmony|move: Tailwind
|-sideend|p1: kimax624|move: Tailwind
|upkeep
|turn|5
|
|t:|1782247635
|detailschange|p1a: Metagross|Metagross-Mega, L50, shiny
|-mega|p1a: Metagross|Metagross|Metagrossite
|move|p1b: Aerodactyl|Tailwind|p1b: Aerodactyl
|-sidestart|p1: kimax624|move: Tailwind
|move|p1a: Metagross|Stomping Tantrum|p2b: Reddit
|-supereffective|p2b: Reddit|1
|-damage|p2b: Reddit|26/100
|move|p2a: Eden|Stomping Tantrum|p1a: Metagross
|-supereffective|p1a: Metagross|1
|-damage|p1a: Metagross|41/100
|move|p2b: Reddit|Shadow Ball|p1a: Metagross
|-supereffective|p1a: Metagross|1
|-damage|p1a: Metagross|0 fnt
|faint|p1a: Metagross
|-damage|p2b: Reddit|17/100|[from] item: Life Orb
|
|upkeep
|
|t:|1782247648
|switch|p1a: Hydreigon|Hydreigon, L50, M|100/100
|turn|6
|
|t:|1782247682
|move|p1b: Aerodactyl|Protect|p1b: Aerodactyl
|-singleturn|p1b: Aerodactyl|Protect
|move|p2a: Eden|Protect|p2a: Eden
|-singleturn|p2a: Eden|Protect
|move|p2b: Reddit|Protect|p2b: Reddit
|-singleturn|p2b: Reddit|Protect
|move|p1a: Hydreigon|Dark Pulse|p2a: Eden
|-activate|p2a: Eden|move: Protect
|
|upkeep
|turn|7
|
|t:|1782247700
|move|p1b: Aerodactyl|Dual Wingbeat|p2b: Reddit
|-resisted|p2b: Reddit|1
|-damage|p2b: Reddit|7/100
|-resisted|p2b: Reddit|1
|-damage|p2b: Reddit|0 fnt
|faint|p2b: Reddit
|-hitcount|p2: Reddit|2
|move|p1a: Hydreigon|Dark Pulse|p2a: Eden
|-damage|p2a: Eden|0 fnt
|faint|p2a: Eden
|-damage|p1a: Hydreigon|90/100|[from] item: Life Orb
|
|upkeep
|
|t:|1782247709
|switch|p2a: Shock Collar|Raichu, L50, M|100/100
|turn|8
|
|t:|1782247723
|detailschange|p2a: Shock Collar|Raichu-Mega-Y, L50, M
|-mega|p2a: Shock Collar|Raichu|Raichunite Y
|move|p2a: Shock Collar|Protect|p2a: Shock Collar
|-singleturn|p2a: Shock Collar|Protect
|move|p1b: Aerodactyl|Dual Wingbeat|p2a: Shock Collar
|-activate|p2a: Shock Collar|move: Protect
|move|p1a: Hydreigon|Earth Power|p2a: Shock Collar
|-activate|p2a: Shock Collar|move: Protect
|
|-sideend|p1: kimax624|move: Tailwind
|upkeep
|turn|9
|
|t:|1782247752
|move|p1b: Aerodactyl|Tailwind|p1b: Aerodactyl
|-sidestart|p1: kimax624|move: Tailwind
|move|p1a: Hydreigon|Earth Power|p2a: Shock Collar
|-supereffective|p2a: Shock Collar|1
|-damage|p2a: Shock Collar|0 fnt
|faint|p2a: Shock Collar
|-damage|p1a: Hydreigon|81/100|[from] item: Life Orb
|
|win|kimax624
|raw|kimax624's rating: 1204 → 1229(+25 for winning)
|raw|MelodicHarmony's rating: 1199 → 1174(-25 for losing)
|l|☆MelodicHarmony
|player|p2|
|l|☆kimax624
|player|p1|
|j|☆kimax624
|player|p1|kimax624|1|
