|j|☆kirkin07
|j|☆NutsToButts67
|html|kirkin07NutsToButts67    
|uhtml|bestof|Game 1 of a best-of-3
|t:|1782340164
|gametype|doubles
|player|p1|kirkin07|170|1138
|player|p2|NutsToButts67|2|1042
|gen|9
|tier|[Gen 9 Champions] VGC 2026 Reg M-B (Bo3)
|rated|
|rule|Species Clause: Limit one of each Pokémon
|rule|Item Clause: Limit 1 of each item
|clearpoke
|poke|p1|Blaziken, L50, M|
|poke|p1|Basculegion, L50, M|
|poke|p1|Hydreigon, L50, F|
|poke|p1|Farigiraf, L50, M|
|poke|p1|Metagross, L50|
|poke|p1|Whimsicott, L50, F|
|poke|p2|Charizard, L50, M|
|poke|p2|Venusaur, L50, F|
|poke|p2|Raichu-Alola, L50, F|
|poke|p2|Typhlosion-Hisui, L50, M|
|poke|p2|Corviknight, L50, F|
|poke|p2|Sylveon, L50, F|
|teampreview|4
|showteam|p1|Blaziken||Blazikenite|SpeedBoost|FlareBlitz,CloseCombat,Detect,RockSlide|Adamant||M|||50|]Basculegion||LifeOrb|Adaptability|AquaJet,LastRespects,WaveCrash,Protect|Adamant||M|||50|]Hydreigon||ChoiceScarf|Levitate|EarthPower,DracoMeteor,DarkPulse,Snarl|Modest||F|||50|]Farigiraf||SitrusBerry|ArmorTail|Thunderbolt,Psychic,TrickRoom,Roar|Bold||M|||50|]Metagross||Metagrossite|ClearBody|IcePunch,PsychicFangs,Protect,IronHead|Jolly|||||50|]Whimsicott||FocusSash|Prankster|EnergyBall,Moonblast,Tailwind,Protect|Timid||F|||50|
|showteam|p2|Charizard||CharizarditeY|SolarPower|HeatWave,SolarBeam,WeatherBall,Protect|Timid||M|||50|]Venusaur||FocusSash|Chlorophyll|SleepPowder,SludgeBomb,GigaDrain,Protect|Modest||F|||50|]Raichu-Alola||SitrusBerry|SurgeSurfer|FakeOut,Nuzzle,Thunderbolt,Protect|Timid||F|||50|]Typhlosion-Hisui||ChoiceScarf|Blaze|Eruption,HeatWave,ShadowBall,Flamethrower|Mild||M|||50|]Corviknight||MentalHerb|MirrorArmor|Tailwind,Uturn,Roost,IronHead|Impish||F|||50|]Sylveon||LifeOrb|Pixilate|HyperVoice,CalmMind,ShadowBall,Protect|Modest||F|||50|
|inactive|Battle timer is ON: inactive players will automatically lose when time's up. (requested by NutsToButts67)
|
|t:|1782340239
|teamsize|p1|4
|teamsize|p2|4
|start
|switch|p1a: Farigiraf|Farigiraf, L50, M|100/100
|switch|p1b: Whimsicott|Whimsicott, L50, F|100/100
|switch|p2a: Charizard|Charizard, L50, M|100/100
|switch|p2b: Raichu|Raichu-Alola, L50, F|100/100
|turn|1
|inactive|kirkin07 has 30 seconds left.
|inactive|NutsToButts67 has 30 seconds left.
|inactive|kirkin07 has 20 seconds left.
|inactive|kirkin07 has 15 seconds left.
|
|t:|1782340282
|detailschange|p2a: Charizard|Charizard-Mega-Y, L50, M
|-mega|p2a: Charizard|Charizard|Charizardite Y
|-weather|SunnyDay|[from] ability: Drought|[of] p2a: Charizard
|move|p2b: Raichu|Fake Out||[still]
|cant|p1a: Farigiraf|ability: Armor Tail|Fake Out|[of] p2b: Raichu
|move|p1b: Whimsicott|Tailwind|p1b: Whimsicott
|-sidestart|p1: kirkin07|move: Tailwind
|move|p2a: Charizard|Weather Ball|p1a: Farigiraf
|-damage|p1a: Farigiraf|12/100
|-enditem|p1a: Farigiraf|Sitrus Berry|[eat]
|-heal|p1a: Farigiraf|37/100|[from] item: Sitrus Berry
|move|p1a: Farigiraf|Roar|p1b: Whimsicott
|drag|p1b: Blaziken|Blaziken, L50, M|100/100
|
|-weather|SunnyDay|[upkeep]
|upkeep
|turn|2
|inactive|kirkin07 has 30 seconds left.
|inactive|NutsToButts67 has 30 seconds left.
|
|t:|1782340313
|detailschange|p1b: Blaziken|Blaziken-Mega, L50, M
|-mega|p1b: Blaziken|Blaziken|Blazikenite
|move|p1b: Blaziken|Flare Blitz|p2b: Raichu
|-damage|p2b: Raichu|0 fnt
|faint|p2b: Raichu
|-damage|p1b: Blaziken|71/100|[from] Recoil
|move|p2a: Charizard|Heat Wave|p1b: Blaziken|[spread] p1a,p1b
|-resisted|p1b: Blaziken|1
|-damage|p1a: Farigiraf|0 fnt
|-damage|p1b: Blaziken|24/100
|faint|p1a: Farigiraf
|
|-weather|SunnyDay|[upkeep]
|-ability|p1b: Blaziken|Speed Boost|boost
|-boost|p1b: Blaziken|spe|1
|upkeep
|
|t:|1782340327
|switch|p2b: Venusaur|Venusaur, L50, F|100/100
|switch|p1a: Hydreigon|Hydreigon, L50, F|100/100
|turn|3
|
|t:|1782340345
|move|p1b: Blaziken|Rock Slide|p2a: Charizard|[spread] p2a,p2b
|-supereffective|p2a: Charizard|2
|-damage|p2a: Charizard|0 fnt
|-damage|p2b: Venusaur|63/100
|faint|p2a: Charizard
|move|p1a: Hydreigon|Snarl|p2b: Venusaur
|-damage|p2b: Venusaur|27/100
|-unboost|p2b: Venusaur|spa|1
|move|p2b: Venusaur|Sleep Powder|p1a: Hydreigon
|-status|p1a: Hydreigon|slp|[from] move: Sleep Powder
|
|-weather|SunnyDay|[upkeep]
|-ability|p1b: Blaziken|Speed Boost|boost
|-boost|p1b: Blaziken|spe|1
|upkeep
|
|t:|1782340357
|switch|p2a: Typhlosion|Typhlosion-Hisui, L50, M|100/100
|turn|4
|
|t:|1782340368
|move|p1b: Blaziken|Rock Slide|p2b: Venusaur|[spread] p2a,p2b
|-supereffective|p2a: Typhlosion|1
|-damage|p2a: Typhlosion|30/100
|-damage|p2b: Venusaur|0 fnt
|faint|p2b: Venusaur
|cant|p1a: Hydreigon|slp
|move|p2a: Typhlosion|Eruption|p1a: Hydreigon|[spread] p1a,p1b
|-resisted|p1a: Hydreigon|1
|-resisted|p1b: Blaziken|1
|-damage|p1a: Hydreigon|77/100 slp
|-damage|p1b: Blaziken|0 fnt
|faint|p1b: Blaziken
|
|-weather|SunnyDay|[upkeep]
|-sideend|p1: kirkin07|move: Tailwind
|upkeep
|
|t:|1782340377
|switch|p1b: Whimsicott|Whimsicott, L50, F|100/100
|turn|5
|
|t:|1782340382
|move|p1b: Whimsicott|Protect|p1b: Whimsicott
|-singleturn|p1b: Whimsicott|Protect
|-curestatus|p1a: Hydreigon|slp|[msg]
|move|p1a: Hydreigon|Snarl|p2a: Typhlosion
|-supereffective|p2a: Typhlosion|1
|-damage|p2a: Typhlosion|0 fnt
|faint|p2a: Typhlosion
|
|win|kirkin07
||kirkin07 is ready for game 2.
||NutsToButts67 is ready for game 2.
|uhtml|next|Next: Game 2 of 3
