|j|☆prod_axel
|j|☆Jackbouncy
|html|prod_axelJackbouncy    
|uhtml|bestof|Game 1 of a best-of-3
|t:|1757845618
|gametype|doubles
|player|p1|prod_axel|unknown|1222
|player|p2|Jackbouncy|101|1198
|gen|9
|tier|[Gen 9] VGC 2025 Reg H (Bo3)
|rated|
|rule|Species Clause: Limit one of each Pokémon
|rule|Item Clause: Limit 1 of each item
|clearpoke
|poke|p1|Basculegion, L50, M|
|poke|p1|Pelipper, L50, M|
|poke|p1|Archaludon, L50, F|
|poke|p1|Rillaboom, L50, F|
|poke|p1|Electabuzz, L50, F|
|poke|p1|Kingambit, L50, F|
|poke|p2|Annihilape, L50, M|
|poke|p2|Maushold-Four, L50|
|poke|p2|Sinistcha, L50|
|poke|p2|Basculegion, L50, M|
|poke|p2|Incineroar, L50, F|
|poke|p2|Dragonite, L50, M|
|teampreview|4
|showteam|p1|Basculegion||ChoiceBand|SwiftSwim|WaveCrash,FlipTurn,AquaJet,LastRespects|||M|||50|,,,,,Water]Pelipper||FocusSash|Drizzle|Hurricane,WeatherBall,Protect,Tailwind|||M|||50|,,,,,Ghost]Archaludon||AssaultVest|Stamina|FlashCannon,DragonPulse,ElectroShot,BodyPress|||F|||50|,,,,,Fairy]Rillaboom||LoadedDice|GrassySurge|BulletSeed,GrassyGlide,FakeOut,HighHorsepower|||F|||50|,,,,,Fire]Electabuzz||Eviolite|VitalSpirit|FollowMe,Taunt,VoltSwitch,Electroweb|||F|||50|,,,,,Ghost]Kingambit||BlackGlasses|Defiant|SuckerPunch,KowtowCleave,SwordsDance,Protect|||F|||50|,,,,,Dark
|showteam|p2|Annihilape||SafetyGoggles|Defiant|DrainPunch,RageFist,Protect,BulkUp|||M|||50|,,,,,Steel]Maushold-Four||FocusSash|FriendGuard|BeatUp,FollowMe,Taunt,Protect||||||50|,,,,,Ghost]Sinistcha||SitrusBerry|Hospitality|MatchaGotcha,Protect,RagePowder,LifeDew||||||50|,,,,,Fire]Basculegion||ChoiceScarf|Adaptability|WaveCrash,LastRespects,FlipTurn,AquaJet|||M|||50|,,,,,Water]Incineroar||AssaultVest|Intimidate|FakeOut,FlareBlitz,Uturn,KnockOff|||F|||50|,,,,,Ghost]Dragonite||LoadedDice|Multiscale|ScaleShot,Haze,Tailwind,TeraBlast|||M|||50|,,,,,Flying
|inactive|Battle timer is ON: inactive players will automatically lose when time's up. (requested by prod_axel)
|inactive|prod_axel has 60 seconds left.
|inactive|prod_axel has 30 seconds left.
|inactive|prod_axel has 20 seconds left.
|inactive|prod_axel has 15 seconds left.
|inactive|prod_axel has 10 seconds left.
|inactive|prod_axel has 5 seconds left.
|
|t:|1757845707
|teamsize|p1|4
|teamsize|p2|4
|start
|switch|p1a: Kingambit|Kingambit, L50, F|100/100
|switch|p1b: Electabuzz|Electabuzz, L50, F|100/100
|switch|p2a: Annihilape|Annihilape, L50, M|100/100
|switch|p2b: Maushold|Maushold-Four, L50|100/100
|turn|1
|
|t:|1757845728
|switch|p1a: Basculegion|Basculegion, L50, M|100/100
|move|p1b: Electabuzz|Volt Switch|p2a: Annihilape
|-damage|p2a: Annihilape|85/100
|
|t:|1757845736
|switch|p1b: Pelipper|Pelipper, L50, M|100/100|[from] Volt Switch
|-weather|RainDance|[from] ability: Drizzle|[of] p1b: Pelipper
|move|p2b: Maushold|Taunt|p1b: Pelipper
|-start|p1b: Pelipper|move: Taunt
|move|p2a: Annihilape|Bulk Up|p2a: Annihilape
|-boost|p2a: Annihilape|atk|1
|-boost|p2a: Annihilape|def|1
|
|-weather|RainDance|[upkeep]
|upkeep
|turn|2
|
|t:|1757845756
|move|p2b: Maushold|Follow Me|p2b: Maushold
|-singleturn|p2b: Maushold|move: Follow Me
|move|p1a: Basculegion|Flip Turn|p2b: Maushold
|-damage|p2b: Maushold|23/100
|
|t:|1757845761
|switch|p1a: Electabuzz|Electabuzz, L50, F|100/100|[from] Flip Turn
|move|p1b: Pelipper|Hurricane|p2b: Maushold
|-damage|p2b: Maushold|0 fnt
|faint|p2b: Maushold
|move|p2a: Annihilape|Rage Fist|p1a: Electabuzz
|-damage|p1a: Electabuzz|38/100
|
|-weather|RainDance|[upkeep]
|upkeep
|
|t:|1757845780
|switch|p2b: Basculegion|Basculegion, L50, M|100/100
|turn|3
|
|t:|1757845796
|-terastallize|p2a: Annihilape|Steel
|move|p2b: Basculegion|Flip Turn|p1b: Pelipper
|-resisted|p1b: Pelipper
|-crit|p1b: Pelipper
|-damage|p1b: Pelipper|39/100
|
|t:|1757845801
|switch|p2b: Sinistcha|Sinistcha, L50|100/100|[from] Flip Turn
|-heal|p2a: Annihilape|100/100|[from] ability: Hospitality|[of] p2b: Sinistcha
|move|p1a: Electabuzz|Volt Switch|p2b: Sinistcha
|-resisted|p2b: Sinistcha
|-damage|p2b: Sinistcha|89/100
|
|t:|1757845812
|switch|p1a: Basculegion|Basculegion, L50, M|100/100|[from] Volt Switch
|move|p1b: Pelipper|Hurricane|p2a: Annihilape
|-resisted|p2a: Annihilape
|-damage|p2a: Annihilape|81/100
|move|p2a: Annihilape|Rage Fist|p1a: Basculegion
|-supereffective|p1a: Basculegion
|-damage|p1a: Basculegion|0 fnt
|faint|p1a: Basculegion
|
|-weather|RainDance|[upkeep]
|-end|p1b: Pelipper|move: Taunt
|upkeep
|
|t:|1757845819
|switch|p1a: Kingambit|Kingambit, L50, F|100/100
|turn|4
|inactive|Jackbouncy has 30 seconds left.
|
|t:|1757845853
|move|p1a: Kingambit|Sucker Punch|p2b: Sinistcha
|-supereffective|p2b: Sinistcha
|-damage|p2b: Sinistcha|7/100
|-enditem|p2b: Sinistcha|Sitrus Berry|[eat]
|-heal|p2b: Sinistcha|32/100|[from] item: Sitrus Berry
|move|p1b: Pelipper|Hurricane|p2a: Annihilape
|-resisted|p2a: Annihilape
|-damage|p2a: Annihilape|60/100
|move|p2a: Annihilape|Drain Punch|p1a: Kingambit
|-supereffective|p1a: Kingambit
|-damage|p1a: Kingambit|0 fnt
|-heal|p2a: Annihilape|100/100|[from] drain|[of] p1a: Kingambit
|faint|p1a: Kingambit
|move|p2b: Sinistcha|Matcha Gotcha|p1b: Pelipper
|-damage|p1b: Pelipper|0 fnt
|-heal|p2b: Sinistcha|47/100|[from] drain|[of] p1b: Pelipper
|faint|p1b: Pelipper
|
|-weather|RainDance|[upkeep]
|upkeep
|
|t:|1757845862
|switch|p1b: Electabuzz|Electabuzz, L50, F|38/100
|turn|5
|
|t:|1757845878
|move|p1b: Electabuzz|Follow Me|p1b: Electabuzz
|-singleturn|p1b: Electabuzz|move: Follow Me
|move|p2a: Annihilape|Rage Fist|p1b: Electabuzz
|-damage|p1b: Electabuzz|0 fnt
|faint|p1b: Electabuzz
|
|win|Jackbouncy
