|j|☆llufamistica
|j|☆wade connects
|html|llufamisticawade connects    
|uhtml|bestof|Game 3 of a best-of-3
|t:|1756200540
|gametype|doubles
|player|p1|llufamistica|dragontamer|1071
|player|p2|wade connects|266|1129
|gen|9
|tier|[Gen 9] VGC 2025 Reg H (Bo3)
|rated|
|rule|Species Clause: Limit one of each Pokémon
|rule|Item Clause: Limit 1 of each item
|clearpoke
|poke|p1|Murkrow, L50, M|
|poke|p1|Garchomp, L50, M|
|poke|p1|Toxtricity, L50, M|
|poke|p1|Zoroark-Hisui, L50, F|
|poke|p1|Indeedee-F, L50, F|
|poke|p1|Annihilape, L50, M|
|poke|p2|Malamar, L50, M|
|poke|p2|Indeedee-F, L50, F|
|poke|p2|Hatterene, L50, F|
|poke|p2|Torkoal, L50, M|
|poke|p2|Ursaluna, L50, F|
|poke|p2|Lilligant-Hisui, L50, F|
|teampreview|4
|showteam|p1|Murkrow||Eviolite|Prankster|Tailwind,BraveBird,Quash,Haze|||M|||50|,,,,,Ghost]Garchomp||LifeOrb|RoughSkin|Earthquake,IronHead,RockSlide,Protect|||M|||50|,,,,,Steel]Toxtricity||ChoiceSpecs|PunkRock|Boomburst,Overdrive,VoltSwitch,SludgeBomb|||M|||50|,,,,,Normal]Zoroark-Hisui||FocusSash|Illusion|ShadowBall,Protect,HyperVoice,NastyPlot|||F|||50|,,,,,Stellar]Indeedee-F||SafetyGoggles|Synchronize|FollowMe,HelpingHand,FakeOut,ShadowBall|||F|||50|,,,,,Ghost]Annihilape||ChoiceScarf|Defiant|FinalGambit,HelpingHand,ShadowClaw,CloseCombat|||M|||50|,,,,,Grass
|showteam|p2|Malamar||SafetyGoggles|Contrary|Protect,TrickRoom,Superpower,KnockOff|||M|||50|,,,,,Water]Indeedee-F||PsychicSeed|PsychicSurge|Protect,HelpingHand,FollowMe,TrickRoom|||F|||50|,,,,,Grass]Hatterene||LifeOrb|MagicBounce|Protect,TrickRoom,ExpandingForce,DazzlingGleam|||F|||50|,,,,,Water]Torkoal||Charcoal|Drought|Protect,Overheat,Eruption,HeatWave|||M|||50|,,,,,Fire]Ursaluna||FlameOrb|Guts|Protect,Facade,HeadlongRush,SwordsDance|||F|||50|,,,,,Ghost]Lilligant-Hisui||FocusSash|Chlorophyll|AfterYou,SleepPowder,LeafBlade,CloseCombat|||F|||50|,,,,,Ghost
|inactive|Battle timer is ON: inactive players will automatically lose when time's up. (requested by llufamistica)
|inactive|llufamistica has 60 seconds left.
|inactive|llufamistica has 30 seconds left.
|inactive|llufamistica has 20 seconds left.
|inactive|llufamistica has 15 seconds left.
|
|t:|1756200617
|teamsize|p1|4
|teamsize|p2|4
|start
|switch|p1a: Toxtricity|Toxtricity, L50, M, shiny|100/100
|switch|p1b: Indeedee|Indeedee-F, L50, F|100/100
|switch|p2a: Lilligant|Lilligant-Hisui, L50, F|100/100
|switch|p2b: Torkoal|Torkoal, L50, M|100/100
|-weather|SunnyDay|[from] ability: Drought|[of] p2b: Torkoal
|turn|1
|inactive|llufamistica has 30 seconds left.
|inactive|llufamistica has 20 seconds left.
|inactive|llufamistica has 15 seconds left.
|inactive|llufamistica has 10 seconds left.
|inactive|llufamistica has 5 seconds left.
|
|t:|1756200669
|-terastallize|p1b: Indeedee|Ghost
|move|p2b: Torkoal|Protect|p2b: Torkoal
|-singleturn|p2b: Torkoal|Protect
|move|p1b: Indeedee|Follow Me|p1b: Indeedee
|-singleturn|p1b: Indeedee|move: Follow Me
|move|p2a: Lilligant|Sleep Powder|p1b: Indeedee
|-activate|p1b: Indeedee|item: Safety Goggles|Sleep Powder
|move|p1a: Toxtricity|Boomburst|p2b: Torkoal|[spread] p2a
|-activate|p2b: Torkoal|move: Protect
|-immune|p1b: Indeedee
|-damage|p2a: Lilligant|5/100
|
|-weather|SunnyDay|[upkeep]
|upkeep
|turn|2
|
|t:|1756200691
|-terastallize|p2b: Torkoal|Fire
|move|p1b: Indeedee|Follow Me|p1b: Indeedee
|-singleturn|p1b: Indeedee|move: Follow Me
|move|p2a: Lilligant|Leaf Blade|p1b: Indeedee
|-crit|p1b: Indeedee
|-damage|p1b: Indeedee|39/100
|move|p1a: Toxtricity|Boomburst|p2a: Lilligant|[spread] p2a,p2b
|-immune|p1b: Indeedee
|-damage|p2a: Lilligant|0 fnt
|-damage|p2b: Torkoal|11/100
|faint|p2a: Lilligant
|move|p2b: Torkoal|Heat Wave|p1a: Toxtricity|[spread] p1a,p1b
|-damage|p1a: Toxtricity|0 fnt
|-damage|p1b: Indeedee|0 fnt
|faint|p1a: Toxtricity
|faint|p1b: Indeedee
|
|-weather|SunnyDay|[upkeep]
|upkeep
|
|t:|1756200709
|switch|p2a: Indeedee|Indeedee-F, L50, F, shiny|100/100
|switch|p1a: Garchomp|Garchomp, L50, M, shiny|100/100
|switch|p1b: Garchomp|Garchomp, L50, M, shiny|100/100
|-fieldstart|move: Psychic Terrain|[from] ability: Psychic Surge|[of] p2a: Indeedee
|-enditem|p2a: Indeedee|Psychic Seed
|-boost|p2a: Indeedee|spd|1|[from] item: Psychic Seed
|turn|3
|inactive|llufamistica has 30 seconds left.
|inactive|llufamistica has 20 seconds left.
|inactive|llufamistica has 15 seconds left.
|inactive|llufamistica has 10 seconds left.
|inactive|llufamistica has 5 seconds left.
|
|t:|1756200760
|move|p2b: Torkoal|Protect|p2b: Torkoal
|-singleturn|p2b: Torkoal|Protect
|move|p1a: Garchomp|Hyper Voice|p2a: Indeedee|[spread] p2a
|-activate|p2b: Torkoal|move: Protect
|-damage|p2a: Indeedee|78/100
|move|p1b: Garchomp|Iron Head|p2a: Indeedee
|-damage|p2a: Indeedee|31/100
|-damage|p1b: Garchomp|91/100|[from] item: Life Orb
|move|p2a: Indeedee|Trick Room|p2a: Indeedee
|-fieldstart|move: Trick Room|[of] p2a: Indeedee
|
|-weather|SunnyDay|[upkeep]
|upkeep
|turn|4
|
|t:|1756200778
|move|p2a: Indeedee|Helping Hand|p2b: Torkoal
|-singleturn|p2b: Torkoal|Helping Hand|[of] p2a: Indeedee
|move|p2b: Torkoal|Heat Wave|p1a: Garchomp|[spread] p1a,p1b
|-resisted|p1b: Garchomp
|-enditem|p1a: Garchomp|Focus Sash
|-damage|p1a: Garchomp|1/100
|-damage|p1b: Garchomp|31/100
|-status|p1b: Garchomp|brn
|replace|p1a: Zoroark|Zoroark-Hisui, L50, F, shiny
|-end|p1a: Zoroark|Illusion
|move|p1b: Garchomp|Rock Slide|p2a: Indeedee|[spread] p2a,p2b
|-supereffective|p2b: Torkoal
|-damage|p2a: Indeedee|16/100
|-damage|p2b: Torkoal|0 fnt
|faint|p2b: Torkoal
|-damage|p1b: Garchomp|21/100 brn|[from] item: Life Orb
|move|p1a: Zoroark|Hyper Voice|p2a: Indeedee
|-damage|p2a: Indeedee|0 fnt
|faint|p2a: Indeedee
|
|-weather|SunnyDay|[upkeep]
|-damage|p1b: Garchomp|15/100 brn|[from] brn
|upkeep
|
|t:|1756200799
|switch|p2b: Hatterene|Hatterene, L50, F|100/100
|turn|5
|
|t:|1756200820
|move|p2b: Hatterene|Expanding Force|p1b: Garchomp|[spread] p1a,p1b
|-damage|p1a: Zoroark|0 fnt
|-damage|p1b: Garchomp|0 fnt
|faint|p1a: Zoroark
|faint|p1b: Garchomp
|-damage|p2b: Hatterene|91/100|[from] item: Life Orb
|
|win|wade connects
|raw|llufamistica's rating: 1071 → 1054(-17 for losing)
|raw|wade connects's rating: 1129 → 1150(+21 for winning)
|l|☆wade connects
|player|p2|
