|j|☆don zaloog is real
|j|☆ApolloLou
|html|don zaloog is realApolloLou    
|uhtml|bestof|Game 2 of a best-of-3
|t:|1756732715
|gametype|doubles
|player|p1|don zaloog is real|collector|
|player|p2|ApolloLou|birch|
|gen|9
|tier|[Gen 9] VGC 2025 Reg H (Bo3)
|rule|Species Clause: Limit one of each Pokémon
|rule|Item Clause: Limit 1 of each item
|clearpoke
|poke|p1|Murkrow, L50, F|
|poke|p1|Basculegion, L50, M|
|poke|p1|Gholdengo, L50|
|poke|p1|Pawmot, L50, M|
|poke|p1|Kommo-o, L50, F|
|poke|p1|Amoonguss, L50, F|
|poke|p2|Sneasler, L50, M|
|poke|p2|Indeedee, L50, M|
|poke|p2|Annihilape, L50, F|
|poke|p2|Electabuzz, L50, F|
|poke|p2|Ursaluna, L50, F|
|poke|p2|Primarina, L50, M|
|teampreview|4
|showteam|p1|Murkrow||Eviolite|Prankster|BraveBird,Tailwind,Quash,Haze|||F|||50|,,,,,Ghost]Basculegion||ChoiceScarf|Adaptability|LastRespects,WaveCrash,FlipTurn,AquaJet|||M|||50|,,,,,Grass]Gholdengo||ChoiceSpecs|GoodasGold|MakeItRain,ShadowBall,PowerGem,SteelBeam||||||50|,,,,,Steel]Pawmot||FocusSash|VoltAbsorb|CloseCombat,DoubleShock,Protect,RevivalBlessing|||M|||50|,,,,,Electric]Kommo-o||LifeOrb|Overcoat|ClangingScales,AuraSphere,Flamethrower,Protect|||F|||50|,,,,,Fire]Amoonguss||CovertCloak|Regenerator|LeafStorm,SludgeBomb,Spore,RagePowder|||F|||50|,,,,,Water
|showteam|p2|Sneasler||PsychicSeed|Unburden|DireClaw,Protect,ThroatChop,CloseCombat|||M|||50|,,,,,Dark]Indeedee||FocusSash|PsychicSurge|ExpandingForce,TrickRoom,TeraBlast,Protect|||M|||50|,,,,,Ground]Annihilape||SitrusBerry|Defiant|RageFist,DrainPunch,BulkUp,Protect|||F|||50|,,,,,Steel]Electabuzz||Eviolite|VitalSpirit|FollowMe,Electroweb,Protect,Taunt|||F|||50|,,,,,Fairy]Ursaluna||FlameOrb|Guts|Facade,HeadlongRush,Earthquake,Protect|||F|||50|,,,,,Normal]Primarina||RoomService|LiquidVoice|Protect,HyperVoice,Moonblast,Haze|||M|||50|,,,,,Normal
|inactive|Battle timer is ON: inactive players will automatically lose when time's up. (requested by ApolloLou)
|
|t:|1756732759
|teamsize|p1|4
|teamsize|p2|4
|start
|switch|p1a: Basculegion|Basculegion, L50, M|100/100
|switch|p1b: Murkrow|Murkrow, L50, F|100/100
|switch|p2a: Indeedee|Indeedee, L50, M|100/100
|switch|p2b: Electabuzz|Electabuzz, L50, F|100/100
|-fieldstart|move: Psychic Terrain|[from] ability: Psychic Surge|[of] p2a: Indeedee
|turn|1
|inactive|don zaloog is real has 30 seconds left.
|inactive|ApolloLou has 30 seconds left.
|inactive|ApolloLou has 20 seconds left.
|inactive|ApolloLou has 15 seconds left.
|
|t:|1756732802
|move|p2b: Electabuzz|Follow Me|p2b: Electabuzz
|-singleturn|p2b: Electabuzz|move: Follow Me
|move|p1a: Basculegion|Flip Turn|p2b: Electabuzz
|-damage|p2b: Electabuzz|59/100
|
|t:|1756732806
|switch|p1a: Pawmot|Pawmot, L50, M|100/100|[from] Flip Turn
|move|p1b: Murkrow|Brave Bird|p2b: Electabuzz
|-resisted|p2b: Electabuzz
|-damage|p2b: Electabuzz|39/100
|-damage|p1b: Murkrow|94/100|[from] Recoil
|move|p2a: Indeedee|Trick Room|p2a: Indeedee
|-fieldstart|move: Trick Room|[of] p2a: Indeedee
|
|upkeep
|turn|2
|
|t:|1756732827
|move|p1b: Murkrow|Brave Bird|p2a: Indeedee
|-damage|p2a: Indeedee|8/100
|-damage|p1b: Murkrow|68/100|[from] Recoil
|move|p2a: Indeedee|Expanding Force|p1b: Murkrow|[spread] p1a
|-immune|p1b: Murkrow
|-supereffective|p1a: Pawmot
|-enditem|p1a: Pawmot|Focus Sash
|-damage|p1a: Pawmot|1/100
|move|p2b: Electabuzz|Electroweb|p1a: Pawmot|[spread] p1b
|-heal|p1a: Pawmot|26/100|[from] ability: Volt Absorb|[of] p2b: Electabuzz
|-supereffective|p1b: Murkrow
|-damage|p1b: Murkrow|35/100
|-unboost|p1b: Murkrow|spe|1
|move|p1a: Pawmot|Close Combat|p2a: Indeedee
|-damage|p2a: Indeedee|0 fnt
|-unboost|p1a: Pawmot|def|1
|-unboost|p1a: Pawmot|spd|1
|faint|p2a: Indeedee
|
|upkeep
|
|t:|1756732847
|switch|p2a: Ursaluna|Ursaluna, L50, F|100/100
|turn|3
|
|t:|1756732862
|move|p1a: Pawmot|Protect|p1a: Pawmot
|-singleturn|p1a: Pawmot|Protect
|move|p2b: Electabuzz|Follow Me|p2b: Electabuzz
|-singleturn|p2b: Electabuzz|move: Follow Me
|move|p2a: Ursaluna|Facade|p1b: Murkrow
|-damage|p1b: Murkrow|0 fnt
|faint|p1b: Murkrow
|
|-status|p2a: Ursaluna|brn|[from] item: Flame Orb
|upkeep
|
|t:|1756732878
|switch|p1b: Amoonguss|Amoonguss, L50, F|100/100
|turn|4
|inactive|don zaloog is real has 30 seconds left.
|inactive|ApolloLou has 30 seconds left.
|inactive|ApolloLou has 20 seconds left.
|
|t:|1756732926
|-terastallize|p2a: Ursaluna|Normal
|move|p2b: Electabuzz|Protect|p2b: Electabuzz
|-singleturn|p2b: Electabuzz|Protect
|move|p1b: Amoonguss|Leaf Storm|p2a: Ursaluna|[miss]
|-miss|p1b: Amoonguss|p2a: Ursaluna
|move|p2a: Ursaluna|Facade|p1a: Pawmot
|-damage|p1a: Pawmot|0 fnt
|faint|p1a: Pawmot
|
|-damage|p2a: Ursaluna|95/100 brn|[from] brn
|upkeep
|
|t:|1756732934
|switch|p1a: Basculegion|Basculegion, L50, M|100/100
|turn|5
|inactive|ApolloLou has 30 seconds left.
|inactive|ApolloLou has 20 seconds left.
|inactive|ApolloLou has 15 seconds left.
|inactive|ApolloLou has 10 seconds left.
|
|t:|1756732982
|-terastallize|p1a: Basculegion|Grass
|move|p1b: Amoonguss|Sludge Bomb|p2b: Electabuzz
|-damage|p2b: Electabuzz|15/100
|move|p2a: Ursaluna|Facade|p1b: Amoonguss
|-damage|p1b: Amoonguss|0 fnt
|faint|p1b: Amoonguss
|move|p2b: Electabuzz|Electroweb|p1a: Basculegion
|-resisted|p1a: Basculegion
|-damage|p1a: Basculegion|90/100
|-unboost|p1a: Basculegion|spe|1
|move|p1a: Basculegion|Wave Crash|p2a: Ursaluna
|-damage|p2a: Ursaluna|46/100 brn
|-damage|p1a: Basculegion|70/100|[from] Recoil
|
|-damage|p2a: Ursaluna|40/100 brn|[from] brn
|-fieldend|move: Trick Room
|-fieldend|move: Psychic Terrain
|upkeep
|turn|6
|
|t:|1756732999
|move|p2b: Electabuzz|Follow Me|p2b: Electabuzz
|-singleturn|p2b: Electabuzz|move: Follow Me
|move|p1a: Basculegion|Wave Crash|p2b: Electabuzz
|-damage|p2b: Electabuzz|0 fnt
|faint|p2b: Electabuzz
|-damage|p1a: Basculegion|66/100|[from] Recoil
|move|p2a: Ursaluna|Facade|p1a: Basculegion
|-damage|p1a: Basculegion|0 fnt
|faint|p1a: Basculegion
|
|win|ApolloLou
||don zaloog is real is ready for game 3.
|inactive|ApolloLou has 30 seconds to confirm battle start!
||ApolloLou is ready for game 3.
|uhtml|next|Next: Game 3 of 3
