|j|☆lettitripppp
|j|☆Reboquete
|html|lettitrippppReboquete    
|uhtml|bestof|Game 1 of a best-of-3
|t:|1785516971
|gametype|doubles
|player|p1|lettitripppp|lucas|1166
|player|p2|Reboquete|iris-gen5bw2|1213
|gen|9
|tier|[Gen 9 Champions] VGC 2026 Reg M-B (Bo3)
|rated|
|rule|Species Clause: Limit one of each Pokémon
|rule|Item Clause: Limit 1 of each item
|clearpoke
|poke|p1|Charizard, L50, M|
|poke|p1|Glimmora, L50, F|
|poke|p1|Ninetales-Alola, L50, M|
|poke|p1|Whimsicott, L50, F, shiny|
|poke|p1|Kingambit, L50, F, shiny|
|poke|p1|Kommo-o, L50, F|
|poke|p2|Tyranitar, L50, F|
|poke|p2|Staraptor, L50, M|
|poke|p2|Excadrill, L50, F|
|poke|p2|Milotic, L50, M|
|poke|p2|Gholdengo, L50|
|poke|p2|Sinistcha-Masterpiece, L50|
|teampreview|4
|showteam|p1|Charizard||CharizarditeY|Blaze|WeatherBall,SolarBeam,HeatWave,Protect|Modest||M|||50|]Glimmora||Glimmoranite|ToxicDebris|SludgeBomb,EarthPower,PowerGem,SpikyShield|Timid||F|||50|]Ninetales-Alola||NeverMeltIce|SnowWarning|FreezeDry,Blizzard,Disable,Protect|Timid||M|||50|]Whimsicott||FocusSash|Prankster|Moonblast,Tailwind,Encore,Protect|Timid||F|||50|]Kingambit||BlackGlasses|Defiant|KowtowCleave,SuckerPunch,IronHead,Protect|Adamant||F|||50|]Kommo-o||LifeOrb|Overcoat|ClangingScales,VacuumWave,AuraSphere,Protect|Timid||F|||50|
|showteam|p2|Tyranitar||Tyranitarite|SandStream|RockSlide,KnockOff,Protect,HighHorsepower|Jolly||F|||50|]Staraptor||Staraptite|Intimidate|CloseCombat,BraveBird,Tailwind,Protect|Jolly||M|||50|]Excadrill||FocusSash|SandRush|IronHead,Earthquake,Protect,RockSlide|Adamant||F|||50|]Milotic||SitrusBerry|Competitive|Scald,IcyWind,Haze,Protect|Calm||M|||50|]Gholdengo||LifeOrb|GoodasGold|ShadowBall,MakeItRain,Protect,NastyPlot|Modest|||||50|]Sinistcha-Masterpiece||ColburBerry|Hospitality|MatchaGotcha,ShadowBall,Protect,RagePowder|Bold|||||50|
|inactive|Battle timer is ON: inactive players will automatically lose when time's up. (requested by lettitripppp)
|inactive|lettitripppp has 60 seconds left.
|
|t:|1785517003
|teamsize|p1|4
|teamsize|p2|4
|start
|switch|p1a: AGNI|Charizard, L50, M|100/100
|switch|p1b: LETS GO GO|Whimsicott, L50, F, shiny|100/100
|switch|p2a: Staraptor|Staraptor, L50, M|100/100
|switch|p2b: Gholdengo|Gholdengo, L50|100/100
|-ability|p2a: Staraptor|Intimidate|boost
|-unboost|p1a: AGNI|atk|1
|-unboost|p1b: LETS GO GO|atk|1
|turn|1
|
|t:|1785517016
|switch|p2b: Tyranitar|Tyranitar, L50, F|100/100
|-weather|Sandstorm|[from] ability: Sand Stream|[of] p2b: Tyranitar
|detailschange|p1a: AGNI|Charizard-Mega-Y, L50, M
|-mega|p1a: AGNI|Charizard|Charizardite Y
|-weather|SunnyDay|[from] ability: Drought|[of] p1a: AGNI
|move|p1b: LETS GO GO|Tailwind|p1b: LETS GO GO
|-sidestart|p1: lettitripppp|move: Tailwind
|move|p1a: AGNI|Heat Wave|p2b: Tyranitar|[spread] p2a,p2b
|-resisted|p2b: Tyranitar|1
|-damage|p2a: Staraptor|24/100
|-damage|p2b: Tyranitar|71/100
|move|p2a: Staraptor|Tailwind|p2a: Staraptor
|-sidestart|p2: Reboquete|move: Tailwind
|
|-weather|SunnyDay|[upkeep]
|upkeep
|turn|2
|inactive|Reboquete has 30 seconds left.
|inactive|Reboquete has 20 seconds left.
|inactive|Reboquete has 15 seconds left.
|
|t:|1785517058
|switch|p1a: SOULOLA|Kommo-o, L50, F|100/100
|move|p2a: Staraptor|Protect|p2a: Staraptor
|-singleturn|p2a: Staraptor|Protect
|move|p1b: LETS GO GO|Moonblast|p2a: Staraptor
|-activate|p2a: Staraptor|move: Protect
|move|p2b: Tyranitar|Rock Slide|p1a: SOULOLA|[spread] p1b
|-miss|p2b: Tyranitar|p1a: SOULOLA
|-damage|p1b: LETS GO GO|68/100
|
|-weather|SunnyDay|[upkeep]
|upkeep
|turn|3
|
|t:|1785517080
|switch|p2a: Excadrill|Excadrill, L50, F|100/100
|switch|p2b: Gholdengo|Gholdengo, L50|100/100
|move|p1b: LETS GO GO|Encore||[still]
|-fail|p1b: LETS GO GO
|move|p1a: SOULOLA|Aura Sphere|p2b: Gholdengo
|-immune|p2b: Gholdengo
|
|-weather|SunnyDay|[upkeep]
|upkeep
|turn|4
|inactive|Reboquete has 30 seconds left.
|
|t:|1785517113
|move|p1b: LETS GO GO|Protect|p1b: LETS GO GO
|-singleturn|p1b: LETS GO GO|Protect
|move|p1a: SOULOLA|Vacuum Wave|p2a: Excadrill
|-supereffective|p2a: Excadrill|1
|-damage|p2a: Excadrill|33/100
|-damage|p1a: SOULOLA|90/100|[from] item: Life Orb
|move|p2a: Excadrill|Iron Head|p1b: LETS GO GO
|-activate|p1b: LETS GO GO|move: Protect
|move|p2b: Gholdengo|Shadow Ball|p1a: SOULOLA
|-damage|p1a: SOULOLA|34/100
|-damage|p2b: Gholdengo|90/100|[from] item: Life Orb
|
|-weather|SunnyDay|[upkeep]
|-sideend|p1: lettitripppp|move: Tailwind
|-sideend|p2: Reboquete|move: Tailwind
|upkeep
|turn|5
|
|t:|1785517137
|switch|p1a: GENERAL BLADUS|Kingambit, L50, F, shiny|100/100
|switch|p2a: Staraptor|Staraptor, L50, M|24/100
|-ability|p2a: Staraptor|Intimidate|boost
|-unboost|p1a: GENERAL BLADUS|atk|1
|-ability|p1a: GENERAL BLADUS|Defiant|boost
|-boost|p1a: GENERAL BLADUS|atk|2
|-unboost|p1b: LETS GO GO|atk|1
|move|p1b: LETS GO GO|Tailwind|p1b: LETS GO GO
|-sidestart|p1: lettitripppp|move: Tailwind
|move|p2b: Gholdengo|Make It Rain|p1a: GENERAL BLADUS|[spread] p1a,p1b
|-resisted|p1a: GENERAL BLADUS|1
|-supereffective|p1b: LETS GO GO|1
|-damage|p1a: GENERAL BLADUS|71/100
|-damage|p1b: LETS GO GO|0 fnt
|-unboost|p2b: Gholdengo|spa|2
|faint|p1b: LETS GO GO
|-damage|p2b: Gholdengo|80/100|[from] item: Life Orb
|
|-weather|none
|upkeep
|
|t:|1785517155
|switch|p1b: AGNI|Charizard-Mega-Y, L50, M|100/100
|-weather|SunnyDay|[from] ability: Drought|[of] p1b: AGNI
|turn|6
|
|t:|1785517168
|move|p2a: Staraptor|Protect|p2a: Staraptor
|-singleturn|p2a: Staraptor|Protect
|move|p2b: Gholdengo|Protect|p2b: Gholdengo
|-singleturn|p2b: Gholdengo|Protect
|move|p1a: GENERAL BLADUS|Sucker Punch||[still]
|-fail|p1a: GENERAL BLADUS
|move|p1b: AGNI|Heat Wave|p2a: Staraptor|[spread] 
|-activate|p2a: Staraptor|move: Protect
|-activate|p2b: Gholdengo|move: Protect
|
|-weather|SunnyDay|[upkeep]
|upkeep
|turn|7
|
|t:|1785517189
|move|p1b: AGNI|Weather Ball|p2a: Staraptor
|-damage|p2a: Staraptor|0 fnt
|faint|p2a: Staraptor
|move|p1a: GENERAL BLADUS|Kowtow Cleave|p2b: Gholdengo
|-supereffective|p2b: Gholdengo|1
|-damage|p2b: Gholdengo|0 fnt
|faint|p2b: Gholdengo
|
|-weather|SunnyDay|[upkeep]
|upkeep
|
|t:|1785517201
|switch|p2a: Tyranitar|Tyranitar, L50, F|71/100
|switch|p2b: Excadrill|Excadrill, L50, F|33/100
|-weather|Sandstorm|[from] ability: Sand Stream|[of] p2a: Tyranitar
|turn|8
|
|t:|1785517217
|move|p2b: Excadrill|Protect|p2b: Excadrill
|-singleturn|p2b: Excadrill|Protect
|move|p1b: AGNI|Heat Wave|p2b: Excadrill|[spread] p2a
|-activate|p2b: Excadrill|move: Protect
|-resisted|p2a: Tyranitar|1
|-damage|p2a: Tyranitar|58/100
|-status|p2a: Tyranitar|brn
|move|p1a: GENERAL BLADUS|Iron Head|p2a: Tyranitar
|-supereffective|p2a: Tyranitar|1
|-damage|p2a: Tyranitar|0 fnt
|faint|p2a: Tyranitar
|
|-weather|Sandstorm|[upkeep]
|-damage|p1b: AGNI|93/100|[from] Sandstorm
|-sideend|p1: lettitripppp|move: Tailwind
|upkeep
|turn|9
|-message|Reboquete forfeited.
|
|win|lettitripppp
|l|☆Reboquete
|player|p2|
