|j|☆blfuller_4
|j|☆Imaginary Iris
|html|blfuller_4Imaginary Iris    
|uhtml|bestof|Game 3 of a best-of-3
|t:|1757817956
|gametype|doubles
|player|p1|blfuller_4|skyla|1154
|player|p2|Imaginary Iris|lady|1211
|gen|9
|tier|[Gen 9] VGC 2025 Reg H (Bo3)
|rated|
|rule|Species Clause: Limit one of each Pokémon
|rule|Item Clause: Limit 1 of each item
|clearpoke
|poke|p1|Incineroar, L50, M|
|poke|p1|Jumpluff, L50, F|
|poke|p1|Torkoal, L50, F|
|poke|p1|Porygon2, L50|
|poke|p1|Ursaluna, L50, F|
|poke|p1|Typhlosion-Hisui, L50, M|
|poke|p2|Ninetales-Alola, L50, F|
|poke|p2|Ursaluna-Bloodmoon, L50, M|
|poke|p2|Talonflame, L50, F|
|poke|p2|Gholdengo, L50|
|poke|p2|Rillaboom, L50, F|
|poke|p2|Annihilape, L50, F|
|teampreview|4
|showteam|p1|Incineroar||SitrusBerry|Intimidate|FlareBlitz,KnockOff,PartingShot,FakeOut|||M|||50|,,,,,Ghost]Jumpluff||CovertCloak|Chlorophyll|SleepPowder,Tailwind,RagePowder,SunnyDay|||F|||50|,,,,,Water]Torkoal||EjectPack|Drought|Overheat,HelpingHand,Eruption,Protect|||F|||50|,,,,,Fire]Porygon2||Eviolite|Download|IceBeam,TeraBlast,TrickRoom,Recover||||||50|,,,,,Fighting]Ursaluna||FlameOrb|Guts|HeadlongRush,Earthquake,Facade,Protect|||F|||50|,,,,,Ghost]Typhlosion-Hisui||ChoiceSpecs|Blaze|Eruption,Overheat,HeatWave,ShadowBall|||M|||50|,,,,,Fire
|showteam|p2|Ninetales-Alola||FocusSash|SnowWarning|Blizzard,AuroraVeil,FreezeDry,IcicleSpear|||F|||50|,,,,,Ghost]Ursaluna-Bloodmoon||SilkScarf|MindsEye|Protect,BloodMoon,EarthPower,HyperVoice|||M|||50|,,,,,Normal]Talonflame||CovertCloak|GaleWings|BraveBird,Tailwind,Taunt,WillOWisp|||F|||50|,,,,,Ghost]Gholdengo||LifeOrb|GoodasGold|Protect,MakeItRain,NastyPlot,ShadowBall||||||50|,,,,,Water]Rillaboom||LoadedDice|GrassySurge|BulletSeed,FakeOut,GrassyGlide,HighHorsepower|||F|||50|,,,,,Stellar]Annihilape||Leftovers|Defiant|Protect,BulkUp,DrainPunch,RageFist|||F|||50|,,,,,Fire
|
|t:|1757818015
|teamsize|p1|4
|teamsize|p2|4
|start
|switch|p1a: Incineroar|Incineroar, L50, M|100/100
|switch|p1b: Porygon2|Porygon2, L50|100/100
|switch|p2a: Talonflame|Talonflame, L50, F|100/100
|switch|p2b: Annihilape|Annihilape, L50, F, shiny|100/100
|-ability|p1a: Incineroar|Intimidate|boost
|-unboost|p2a: Talonflame|atk|1
|-unboost|p2b: Annihilape|atk|1
|-ability|p2b: Annihilape|Defiant|boost
|-boost|p2b: Annihilape|atk|2
|-ability|p1b: Porygon2|Download|boost
|-boost|p1b: Porygon2|atk|1
|turn|1
|
|t:|1757818057
|move|p2a: Talonflame|Taunt|p1b: Porygon2
|-start|p1b: Porygon2|move: Taunt
|move|p2b: Annihilape|Bulk Up|p2b: Annihilape
|-boost|p2b: Annihilape|atk|1
|-boost|p2b: Annihilape|def|1
|move|p1a: Incineroar|Parting Shot|p2a: Talonflame
|-unboost|p2a: Talonflame|atk|1
|-unboost|p2a: Talonflame|spa|1
|
|t:|1757818071
|switch|p1a: Ursaluna|Ursaluna, L50, F|100/100|[from] Parting Shot
|move|p1b: Porygon2|Tera Blast|p2a: Talonflame
|-damage|p2a: Talonflame|46/100
|
|-status|p1a: Ursaluna|brn|[from] item: Flame Orb
|upkeep
|turn|2
|
|t:|1757818105
|switch|p2a: Ninetales|Ninetales-Alola, L50, F, shiny|100/100
|-weather|Snowscape|[from] ability: Snow Warning|[of] p2a: Ninetales
|switch|p1b: Torkoal|Torkoal, L50, F|100/100
|-weather|SunnyDay|[from] ability: Drought|[of] p1b: Torkoal
|-terastallize|p1a: Ursaluna|Ghost
|move|p2b: Annihilape|Protect|p2b: Annihilape
|-singleturn|p2b: Annihilape|Protect
|move|p1a: Ursaluna|Facade|p2a: Ninetales
|-enditem|p2a: Ninetales|Focus Sash
|-damage|p2a: Ninetales|1/100
|
|-weather|SunnyDay|[upkeep]
|-damage|p1a: Ursaluna|95/100 brn|[from] brn
|upkeep
|turn|3
|
|t:|1757818150
|switch|p1a: Porygon2|Porygon2, L50|100/100
|-ability|p1a: Porygon2|Download|boost
|-boost|p1a: Porygon2|spa|1
|-terastallize|p2b: Annihilape|Fire
|move|p2a: Ninetales|Icicle Spear|p2b: Annihilape
|-resisted|p2b: Annihilape
|-damage|p2b: Annihilape|99/100
|-resisted|p2b: Annihilape
|-damage|p2b: Annihilape|97/100
|-resisted|p2b: Annihilape
|-damage|p2b: Annihilape|95/100
|-resisted|p2b: Annihilape
|-damage|p2b: Annihilape|93/100
|-hitcount|p2b: Annihilape|4
|move|p2b: Annihilape|Rage Fist|p1a: Porygon2
|-immune|p1a: Porygon2
|move|p1b: Torkoal|Overheat|p2a: Ninetales
|-supereffective|p2a: Ninetales
|-damage|p2a: Ninetales|0 fnt
|-unboost|p1b: Torkoal|spa|2
|faint|p2a: Ninetales
|-enditem|p1b: Torkoal|Eject Pack
|
|t:|1757818172
|switch|p1b: Ursaluna|Ursaluna, L50, F, tera:Ghost|95/100 brn
|
|-weather|SunnyDay|[upkeep]
|-heal|p2b: Annihilape|99/100|[from] item: Leftovers
|-damage|p1b: Ursaluna|89/100 brn|[from] brn
|upkeep
|
|t:|1757818175
|switch|p2a: Talonflame|Talonflame, L50, F|46/100
|turn|4
|
|t:|1757818196
|switch|p1b: Torkoal|Torkoal, L50, F|100/100
|move|p2a: Talonflame|Taunt|p1a: Porygon2
|-start|p1a: Porygon2|move: Taunt
|move|p2b: Annihilape|Rage Fist|p1b: Torkoal
|-damage|p1b: Torkoal|0 fnt
|faint|p1b: Torkoal
|move|p1a: Porygon2|Tera Blast|p2a: Talonflame
|-damage|p2a: Talonflame|0 fnt
|faint|p2a: Talonflame
|
|-weather|SunnyDay|[upkeep]
|-heal|p2b: Annihilape|100/100|[from] item: Leftovers
|upkeep
|
|t:|1757818211
|switch|p2a: Gholdengo|Gholdengo, L50|100/100
|switch|p1b: Ursaluna|Ursaluna, L50, F, tera:Ghost|89/100 brn
|turn|5
|
|t:|1757818230
|switch|p1a: Incineroar|Incineroar, L50, M|100/100
|-ability|p1a: Incineroar|Intimidate|boost
|-unboost|p2a: Gholdengo|atk|1
|-unboost|p2b: Annihilape|atk|1
|-ability|p2b: Annihilape|Defiant|boost
|-boost|p2b: Annihilape|atk|2
|move|p1b: Ursaluna|Protect|p1b: Ursaluna
|-singleturn|p1b: Ursaluna|Protect
|move|p2b: Annihilape|Rage Fist|p1b: Ursaluna
|-activate|p1b: Ursaluna|move: Protect
|move|p2a: Gholdengo|Nasty Plot|p2a: Gholdengo
|-boost|p2a: Gholdengo|spa|2
|
|-weather|SunnyDay|[upkeep]
|-damage|p1b: Ursaluna|83/100 brn|[from] brn
|upkeep
|turn|6
|
|t:|1757818281
|move|p1b: Ursaluna|Protect||[still]
|-fail|p1b: Ursaluna
|move|p2b: Annihilape|Drain Punch|p1a: Incineroar
|-supereffective|p1a: Incineroar
|-damage|p1a: Incineroar|0 fnt
|faint|p1a: Incineroar
|move|p2a: Gholdengo|Make It Rain|p1b: Ursaluna
|-damage|p1b: Ursaluna|0 fnt
|-unboost|p2a: Gholdengo|spa|1
|faint|p1b: Ursaluna
|-damage|p2a: Gholdengo|91/100|[from] item: Life Orb
|
|-weather|none
|upkeep
|
|t:|1757818291
|switch|p1b: Porygon2|Porygon2, L50|100/100
|-ability|p1b: Porygon2|Download|boost
|-boost|p1b: Porygon2|spa|1
|turn|7
|-message|blfuller_4 forfeited.
|
|win|Imaginary Iris
|raw|blfuller_4's rating: 1154 → 1133(-21 for losing)
|raw|Imaginary Iris's rating: 1211 → 1232(+21 for winning)
|l|☆blfuller_4
|player|p1|
