|j|☆leilinoone
|j|☆NoitUK_VGC
|html|leilinooneNoitUK_VGC    
|uhtml|bestof|Game 2 of a best-of-3
|t:|1783852603
|gametype|doubles
|player|p1|leilinoone|266|1000
|player|p2|NoitUK_VGC|102|1114
|gen|9
|tier|[Gen 9 Champions] VGC 2026 Reg M-B (Bo3)
|rated|
|rule|Species Clause: Limit one of each Pokémon
|rule|Item Clause: Limit 1 of each item
|clearpoke
|poke|p1|Gyarados, L50, F|
|poke|p1|Garchomp, L50, F|
|poke|p1|Raichu, L50, F|
|poke|p1|Incineroar, L50, F|
|poke|p1|Sinistcha, L50|
|poke|p1|Ninetales-Alola, L50, F|
|poke|p2|Archaludon, L50, M|
|poke|p2|Swampert, L50, F|
|poke|p2|Pelipper, L50, M|
|poke|p2|Raichu, L50, F|
|poke|p2|Sableye, L50, F|
|poke|p2|Kingambit, L50, M|
|teampreview|4
|showteam|p1|Gyarados||Gyaradosite|Intimidate|Waterfall,LashOut,DragonDance,Protect|Adamant||F|||50|]Garchomp||LifeOrb|RoughSkin|DragonClaw,StompingTantrum,RockSlide,Protect|Jolly||F|||50|]Raichu||RaichuniteX|LightningRod|VoltSwitch,ZapCannon,FakeOut,Protect|Timid||F|||50|]Incineroar||SitrusBerry|Intimidate|FlareBlitz,CloseCombat,FakeOut,PartingShot|Brave||F|||50|]Sinistcha||CobaBerry|Hospitality|MatchaGotcha,TrickRoom,Imprison,Protect|Quiet|||||50|]Ninetales-Alola||FocusSash|SnowWarning|Blizzard,AuroraVeil,IcyWind,Encore|Timid||F|||50|
|showteam|p2|Archaludon||Leftovers|Stamina|Protect,ElectroShot,FlashCannon,DragonPulse|Modest||M|||50|]Swampert||Swampertite|Torrent|Protect,WaveCrash,Earthquake,IcePunch|Adamant||F|||50|]Pelipper||SitrusBerry|Drizzle|WideGuard,WeatherBall,Hurricane,Tailwind|Bold||M|||50|]Raichu||RaichuniteX|LightningRod|FakeOut,VoltTackle,VoltSwitch,PlayRough|Hasty||F|||50|]Sableye||RoseliBerry|Prankster|Encore,Disable,WillOWisp,RainDance|Relaxed||F|||50|]Kingambit||ChopleBerry|Defiant|KowtowCleave,SuckerPunch,IronHead,LowKick|Adamant||M|||50|
|inactive|Battle timer is ON: inactive players will automatically lose when time's up. (requested by NoitUK_VGC)
|inactive|leilinoone has 60 seconds left.
|
|t:|1783852671
|teamsize|p1|4
|teamsize|p2|4
|start
|switch|p1a: Raichu|Raichu, L50, F|100/100
|switch|p1b: Sinistcha|Sinistcha, L50|100/100
|switch|p2a: Pelipper|Pelipper, L50, M|100/100
|switch|p2b: Kingambit|Kingambit, L50, M|100/100
|-weather|RainDance|[from] ability: Drizzle|[of] p2a: Pelipper
|turn|1
|
|t:|1783852688
|switch|p2a: Archaludon|Archaludon, L50, M|100/100
|move|p1a: Raichu|Volt Switch|p2a: Archaludon
|-resisted|p2a: Archaludon|1
|-damage|p2a: Archaludon|83/100
|-ability|p2a: Archaludon|Stamina|boost
|-boost|p2a: Archaludon|def|1
|
|t:|1783852699
|switch|p1a: Garchomp|Garchomp, L50, F|100/100|[from] Volt Switch
|move|p1b: Sinistcha|Matcha Gotcha|p2b: Kingambit|[spread] p2a,p2b
|-resisted|p2a: Archaludon|2
|-resisted|p2b: Kingambit|1
|-damage|p2a: Archaludon|75/100
|-damage|p2b: Kingambit|89/100
|-ability|p2a: Archaludon|Stamina|boost
|-boost|p2a: Archaludon|def|1
|move|p2b: Kingambit|Kowtow Cleave|p1b: Sinistcha
|-supereffective|p1b: Sinistcha|1
|-damage|p1b: Sinistcha|19/100
|
|-weather|RainDance|[upkeep]
|-heal|p2a: Archaludon|81/100|[from] item: Leftovers
|upkeep
|turn|2
|inactive|leilinoone has 30 seconds left.
|inactive|leilinoone has 20 seconds left.
|inactive|leilinoone has 15 seconds left.
|inactive|leilinoone has 10 seconds left.
|
|t:|1783852745
|switch|p1b: Raichu|Raichu, L50, F|100/100
|move|p1a: Garchomp|Protect|p1a: Garchomp
|-singleturn|p1a: Garchomp|Protect
|move|p2b: Kingambit|Sucker Punch||[still]
|-fail|p2b: Kingambit
|move|p2a: Archaludon|Dragon Pulse|p1a: Garchomp
|-activate|p1a: Garchomp|move: Protect
|
|-weather|RainDance|[upkeep]
|-heal|p2a: Archaludon|87/100|[from] item: Leftovers
|upkeep
|turn|3
|inactive|leilinoone has 30 seconds left.
|inactive|NoitUK_VGC has 30 seconds left.
|inactive|leilinoone has 20 seconds left.
|inactive|NoitUK_VGC has 20 seconds left.
|inactive|leilinoone has 15 seconds left.
|inactive|NoitUK_VGC has 15 seconds left.
|
|t:|1783852787
|switch|p2b: Swampert|Swampert, L50, F|100/100
|detailschange|p1b: Raichu|Raichu-Mega-X, L50, F
|-mega|p1b: Raichu|Raichu|Raichunite X
|-fieldstart|move: Electric Terrain|[from] ability: Electric Surge|[of] p1b: Raichu
|move|p1b: Raichu|Volt Switch|p2b: Swampert
|-immune|p2b: Swampert
|move|p1a: Garchomp|Stomping Tantrum|p2b: Swampert
|-damage|p2b: Swampert|38/100
|-damage|p1a: Garchomp|90/100|[from] item: Life Orb
|move|p2a: Archaludon|Dragon Pulse|p1a: Garchomp
|-supereffective|p1a: Garchomp|1
|-damage|p1a: Garchomp|0 fnt
|faint|p1a: Garchomp
|
|-weather|RainDance|[upkeep]
|-heal|p2a: Archaludon|93/100|[from] item: Leftovers
|upkeep
|
|t:|1783852807
|switch|p1a: Incineroar|Incineroar, L50, F|100/100
|-ability|p1a: Incineroar|Intimidate|boost
|-unboost|p2a: Archaludon|atk|1
|-unboost|p2b: Swampert|atk|1
|turn|4
|
|t:|1783852826
|switch|p2b: Pelipper|Pelipper, L50, M|100/100
|move|p1a: Incineroar|Fake Out|p2b: Pelipper
|-damage|p2b: Pelipper|85/100
|move|p1b: Raichu|Zap Cannon|p2a: Archaludon|[miss]
|-miss|p1b: Raichu|p2a: Archaludon
|move|p2a: Archaludon|Dragon Pulse|p1b: Raichu
|-damage|p1b: Raichu|46/100
|
|-weather|RainDance|[upkeep]
|-heal|p2a: Archaludon|100/100|[from] item: Leftovers
|upkeep
|turn|5
|c|☆leilinoone|i have the wrong mega lol
|c|☆NoitUK_VGC|yeah you do
|inactive|leilinoone has 30 seconds left.
|inactive|NoitUK_VGC has 30 seconds left.
|
|t:|1783852860
|switch|p2b: Swampert|Swampert, L50, F|38/100
|move|p1b: Raichu|Zap Cannon|p2a: Archaludon
|-resisted|p2a: Archaludon|1
|-damage|p2a: Archaludon|62/100
|-status|p2a: Archaludon|par
|-ability|p2a: Archaludon|Stamina|boost
|-boost|p2a: Archaludon|def|1
|move|p1a: Incineroar|Close Combat|p2b: Swampert
|-damage|p2b: Swampert|0 fnt
|-unboost|p1a: Incineroar|def|1
|-unboost|p1a: Incineroar|spd|1
|faint|p2b: Swampert
|cant|p2a: Archaludon|par
|
|-weather|none
|-heal|p2a: Archaludon|69/100 par|[from] item: Leftovers
|upkeep
|
|t:|1783852875
|switch|p2b: Kingambit|Kingambit, L50, M|89/100
|turn|6
|
|t:|1783852894
|switch|p1b: Sinistcha|Sinistcha, L50|19/100
|move|p1a: Incineroar|Flare Blitz|p2b: Kingambit
|-supereffective|p2b: Kingambit|1
|-damage|p2b: Kingambit|1/100
|-status|p2b: Kingambit|brn
|-damage|p1a: Incineroar|68/100|[from] Recoil
|move|p2b: Kingambit|Kowtow Cleave|p1a: Incineroar
|-resisted|p1a: Incineroar|1
|-damage|p1a: Incineroar|51/100
|move|p2a: Archaludon|Dragon Pulse|p1b: Sinistcha
|-damage|p1b: Sinistcha|0 fnt
|faint|p1b: Sinistcha
|
|-heal|p2a: Archaludon|75/100 par|[from] item: Leftovers
|-damage|p2b: Kingambit|0 fnt|[from] brn
|faint|p2b: Kingambit
|upkeep
|
|t:|1783852910
|switch|p1b: Raichu|Raichu-Mega-X, L50, F|46/100
|switch|p2b: Pelipper|Pelipper, L50, M|85/100
|-weather|RainDance|[from] ability: Drizzle|[of] p2b: Pelipper
|turn|7
|
|t:|1783852925
|move|p1b: Raichu|Volt Switch|p2b: Pelipper
|-supereffective|p2b: Pelipper|2
|-damage|p2b: Pelipper|0 fnt
|faint|p2b: Pelipper
|move|p1a: Incineroar|Close Combat|p2a: Archaludon
|-supereffective|p2a: Archaludon|1
|-damage|p2a: Archaludon|51/100 par
|-unboost|p1a: Incineroar|def|1
|-unboost|p1a: Incineroar|spd|1
|-ability|p2a: Archaludon|Stamina|boost
|-boost|p2a: Archaludon|def|1
|move|p2a: Archaludon|Dragon Pulse|p1b: Raichu
|-damage|p1b: Raichu|0 fnt
|faint|p1b: Raichu
|
|-weather|RainDance|[upkeep]
|-heal|p2a: Archaludon|57/100 par|[from] item: Leftovers
|-fieldend|move: Electric Terrain
|upkeep
|turn|8
|
|t:|1783852942
|move|p1a: Incineroar|Close Combat|p2a: Archaludon
|-supereffective|p2a: Archaludon|1
|-damage|p2a: Archaludon|35/100 par
|-unboost|p1a: Incineroar|def|1
|-unboost|p1a: Incineroar|spd|1
|-ability|p2a: Archaludon|Stamina|boost
|-boost|p2a: Archaludon|def|1
|move|p2a: Archaludon|Dragon Pulse|p1a: Incineroar
|-damage|p1a: Incineroar|0 fnt
|faint|p1a: Incineroar
|
|win|NoitUK_VGC
|raw|leilinoone's rating: 1000 → 1000(+0 for losing)
|raw|NoitUK_VGC's rating: 1114 → 1131(+17 for winning)
|l|☆leilinoone
|player|p1|
