|j|â˜†CapnBrunchy
|j|â˜†Farigi no Raf
|html|CapnBrunchyFarigi no Raf    
|uhtml|bestof|Game 1 of a best-of-3
|t:|1757017503
|gametype|doubles
|player|p1|CapnBrunchy|265|1281
|player|p2|Farigi no Raf|vince|1375
|gen|9
|tier|[Gen 9] VGC 2025 Reg H (Bo3)
|rated|
|rule|Species Clause: Limit one of each PokÃ©mon
|rule|Item Clause: Limit 1 of each item
|clearpoke
|poke|p1|Toedscruel, L50, M|
|poke|p1|Weezing-Galar, L50, F|
|poke|p1|Corviknight, L50, M|
|poke|p1|Garchomp, L50, M|
|poke|p1|Typhlosion-Hisui, L50, M|
|poke|p1|Kilowattrel, L50, F|
|poke|p2|Dragonite, L50, F|
|poke|p2|Gholdengo, L50|
|poke|p2|Sneasler, L50, F|
|poke|p2|Rillaboom, L50, M|
|poke|p2|Ursaluna-Bloodmoon, L50, M|
|poke|p2|Magmar, L50, F|
|teampreview|4
|showteam|p1|Toedscruel||CovertCloak|MyceliumMight|Spore,EarthPower,AcidSpray,RagePowder|||M|||50|,,,,,Water]Weezing-Galar||ChoiceSpecs|NeutralizingGas|DazzlingGleam,SludgeBomb,StrangeSteam,Flamethrower|||F|||50|,,,,,Flying]Corviknight||SitrusBerry|MirrorArmor|BulkUp,Tailwind,Roost,BraveBird|||M|||50|,,,,,Dragon]Garchomp||LifeOrb|RoughSkin|Protect,Earthquake,DragonClaw,StompingTantrum|||M|||50|,,,,,Ground]Typhlosion-Hisui||ChoiceScarf|Blaze|Eruption,WillOWisp,HeatWave,ShadowBall|||M|||50|,,,,,Fire]Kilowattrel||FocusSash|Competitive|Thunderbolt,AirSlash,Tailwind,Protect|||F|||50|,,,,,Ghost
|showteam|p2|Dragonite||LoadedDice|Multiscale|ScaleShot,Tailwind,ExtremeSpeed,Protect|||F|||50|,,,,,Fairy]Gholdengo||LifeOrb|GoodasGold|MakeItRain,ShadowBall,NastyPlot,Protect||||||50|,,,,,Water]Sneasler||FocusSash|PoisonTouch|CloseCombat,DireClaw,Coaching,FakeOut|||F|||50|,,,,,Ghost]Rillaboom||AssaultVest|GrassySurge|WoodHammer,FakeOut,GrassyGlide,HighHorsepower|||M|||50|,,,,,Fire]Ursaluna-Bloodmoon||SilkScarf|MindsEye|HyperVoice,EarthPower,BloodMoon,Protect|||M|||50|,,,,,Water]Magmar||Eviolite|VitalSpirit|FollowMe,BurningJealousy,ClearSmog,Protect|||F|||50|,,,,,Dragon
|
|t:|1757017578
|teamsize|p1|4
|teamsize|p2|4
|start
|switch|p1a: Weezing|Weezing-Galar, L50, F, shiny|100/100
|switch|p1b: Kilowattrel|Kilowattrel, L50, F, shiny|100/100
|switch|p2a: Sneasler|Sneasler, L50, F|100/100
|switch|p2b: Dragonite|Dragonite, L50, F|100/100
|-ability|p1a: Weezing|Neutralizing Gas
|turn|1
|
|t:|1757017617
|-terastallize|p1b: Kilowattrel|Ghost
|move|p2a: Sneasler|Fake Out|p1a: Weezing
|-damage|p1a: Weezing|86/100
|move|p1b: Kilowattrel|Tailwind|p1b: Kilowattrel
|-sidestart|p1: CapnBrunchy|move: Tailwind
|cant|p1a: Weezing|flinch
|move|p2b: Dragonite|Scale Shot|p1b: Kilowattrel
|-damage|p1b: Kilowattrel|72/100
|-damage|p1b: Kilowattrel|46/100
|-crit|p1b: Kilowattrel
|-damage|p1b: Kilowattrel|3/100
|-damage|p1b: Kilowattrel|0 fnt
|faint|p1b: Kilowattrel
|-hitcount|p1: Kilowattrel|4
|-unboost|p2b: Dragonite|def|1
|-boost|p2b: Dragonite|spe|1
|
|upkeep
|
|t:|1757017624
|switch|p1b: Corviknight|Corviknight, L50, M, shiny|100/100
|turn|2
|
|t:|1757017640
|move|p2b: Dragonite|Extreme Speed|p1a: Weezing
|-crit|p1a: Weezing
|-damage|p1a: Weezing|39/100
|move|p1b: Corviknight|Tailwind||[still]
|-fail|p1b: Corviknight
|move|p2a: Sneasler|Coaching|p2b: Dragonite
|-boost|p2b: Dragonite|atk|1
|-boost|p2b: Dragonite|def|1
|move|p1a: Weezing|Dazzling Gleam|p2b: Dragonite|[spread] p2a,p2b
|-supereffective|p2b: Dragonite
|-damage|p2a: Sneasler|48/100
|-damage|p2b: Dragonite|27/100
|
|upkeep
|turn|3
|c|â˜†CapnBrunchy|fuck
|
|t:|1757017663
|move|p2b: Dragonite|Extreme Speed|p1a: Weezing
|-damage|p1a: Weezing|0 fnt
|faint|p1a: Weezing
|-end|p1a: Weezing|ability: Neutralizing Gas
|move|p1b: Corviknight|Brave Bird|p2b: Dragonite
|-damage|p2b: Dragonite|0 fnt
|faint|p2b: Dragonite
|-damage|p1b: Corviknight|93/100|[from] Recoil
|move|p2a: Sneasler|Close Combat|p1b: Corviknight
|-damage|p1b: Corviknight|38/100
|-unboost|p2a: Sneasler|def|1
|-unboost|p2a: Sneasler|spd|1
|-enditem|p1b: Corviknight|Sitrus Berry|[eat]
|-heal|p1b: Corviknight|62/100|[from] item: Sitrus Berry
|
|upkeep
|
|t:|1757017671
|switch|p2b: Magmar|Magmar, L50, F|100/100
|switch|p1a: Garchomp|Garchomp, L50, M, shiny|100/100
|turn|4
|
|t:|1757017687
|move|p1a: Garchomp|Earthquake|p2b: Magmar|[spread] p2a,p2b
|-immune|p1b: Corviknight
|-supereffective|p2a: Sneasler
|-supereffective|p2b: Magmar
|-damage|p2a: Sneasler|0 fnt
|-damage|p2b: Magmar|27/100
|faint|p2a: Sneasler
|-damage|p1a: Garchomp|91/100|[from] item: Life Orb
|move|p1b: Corviknight|Roost|p1b: Corviknight
|-heal|p1b: Corviknight|100/100
|-singleturn|p1b: Corviknight|move: Roost
|move|p2b: Magmar|Burning Jealousy|p1a: Garchomp|[spread] p1a,p1b
|-resisted|p1a: Garchomp
|-supereffective|p1b: Corviknight
|-damage|p1a: Garchomp|81/100
|-damage|p1b: Corviknight|67/100
|
|-sideend|p1: CapnBrunchy|move: Tailwind
|upkeep
|
|t:|1757017693
|switch|p2a: Ursaluna|Ursaluna-Bloodmoon, L50, M|100/100
|turn|5
|
|t:|1757017704
|move|p2b: Magmar|Protect|p2b: Magmar
|-singleturn|p2b: Magmar|Protect
|move|p1a: Garchomp|Earthquake|p2b: Magmar|[spread] p2a
|-activate|p2b: Magmar|move: Protect
|-immune|p1b: Corviknight
|-damage|p2a: Ursaluna|63/100
|-damage|p1a: Garchomp|71/100|[from] item: Life Orb
|move|p1b: Corviknight|Bulk Up|p1b: Corviknight
|-boost|p1b: Corviknight|atk|1
|-boost|p1b: Corviknight|def|1
|move|p2a: Ursaluna|Blood Moon|p1a: Garchomp
|-damage|p1a: Garchomp|0 fnt
|faint|p1a: Garchomp
|
|upkeep
|turn|6
|
|t:|1757017721
|-terastallize|p2b: Magmar|Dragon
|move|p2b: Magmar|Burning Jealousy|p1b: Corviknight
|-supereffective|p1b: Corviknight
|-damage|p1b: Corviknight|22/100
|move|p1b: Corviknight|Brave Bird|p2a: Ursaluna
|-damage|p2a: Ursaluna|11/100
|-damage|p1b: Corviknight|5/100|[from] Recoil
|move|p2a: Ursaluna|Hyper Voice|p1b: Corviknight
|-resisted|p1b: Corviknight
|-damage|p1b: Corviknight|0 fnt
|faint|p1b: Corviknight
|
|win|Farigi no Raf
