|j|☆gliscor43
|j|☆Hariyamamomma
|html|gliscor43Hariyamamomma    
|uhtml|bestof|Game 2 of a best-of-3
|t:|1784407040
|gametype|doubles
|player|p1|gliscor43|mars|
|player|p2|Hariyamamomma|burgh|
|gen|9
|tier|[Gen 9 Champions] VGC 2026 Reg M-B (Bo3)
|rule|Species Clause: Limit one of each Pokémon
|rule|Item Clause: Limit 1 of each item
|clearpoke
|poke|p1|Pelipper, L50, M|
|poke|p1|Dragonite, L50, M|
|poke|p1|Staraptor, L50, M|
|poke|p1|Swampert, L50, F|
|poke|p1|Meowstic, L50, M|
|poke|p1|Volcarona, L50, F|
|poke|p2|Gholdengo, L50|
|poke|p2|Whimsicott, L50, F, shiny|
|poke|p2|Kingambit, L50, M|
|poke|p2|Blaziken, L50, F|
|poke|p2|Blastoise, L50, F, shiny|
|poke|p2|Kangaskhan, L50, F|
|teampreview|4
|showteam|p1|Pelipper||FocusSash|Drizzle|WeatherBall,Hurricane,Tailwind,Protect|Modest||M|||50|]Dragonite||BrightPowder|Multiscale|DragonClaw,ExtremeSpeed,Roost,Protect|Adamant||M|||50|]Staraptor||Staraptite|Intimidate|CloseCombat,BraveBird,Roost,Protect|Adamant||M|||50|]Swampert||Swampertite|Torrent|WaveCrash,Earthquake,IcePunch,Protect|Adamant||F|||50|]Meowstic||MentalHerb|Prankster|FakeOut,Charm,RainDance,Yawn|Careful||M|||50|]Volcarona||SitrusBerry|FlameBody|RagePowder,BugBuzz,Protect,LightScreen|Bold||F|||50|
|showteam|p2|Gholdengo||LifeOrb|GoodasGold|MakeItRain,ShadowBall,NastyPlot,Protect|Timid|||||50|]Whimsicott||FocusSash|Prankster|Moonblast,Tailwind,Encore,Protect|Timid||F|||50|]Kingambit||BlackGlasses|Defiant|SuckerPunch,KowtowCleave,SwordsDance,Protect|Adamant||M|||50|]Blaziken||Blazikenite|SpeedBoost|CloseCombat,FlareBlitz,RockSlide,Protect|Adamant||F|||50|]Blastoise||Blastoisinite|Torrent|FakeOut,WaterSpout,AuraSphere,DarkPulse|Modest||F|||50|]Kangaskhan||SitrusBerry|Scrappy|FakeOut,HelpingHand,LowKick,ThunderPunch|Impish||F|||50|
|j| Milkshook♡
|j| frostwandered
|
|t:|1784407060
|teamsize|p1|4
|teamsize|p2|4
|start
|switch|p1a: Meowstic|Meowstic, L50, M|100/100
|switch|p1b: Swampert|Swampert, L50, F|100/100
|switch|p2a: Byron Scott|Whimsicott, L50, F, shiny|100/100
|switch|p2b: Toi Jerome|Blastoise, L50, F, shiny|100/100
|turn|1
|
|t:|1784407086
|detailschange|p2b: Toi Jerome|Blastoise-Mega, L50, F, shiny
|-mega|p2b: Toi Jerome|Blastoise|Blastoisinite
|detailschange|p1b: Swampert|Swampert-Mega, L50, F
|-mega|p1b: Swampert|Swampert|Swampertite
|move|p1a: Meowstic|Yawn|p2b: Toi Jerome
|-start|p2b: Toi Jerome|move: Yawn|[of] p1a: Meowstic
|move|p2a: Byron Scott|Moonblast|p1b: Swampert
|-damage|p1b: Swampert|69/100
|move|p2b: Toi Jerome|Dark Pulse|p1a: Meowstic
|-supereffective|p1a: Meowstic|1
|-damage|p1a: Meowstic|0 fnt
|faint|p1a: Meowstic
|move|p1b: Swampert|Ice Punch|p2a: Byron Scott
|-supereffective|p2a: Byron Scott|1
|-damage|p2a: Byron Scott|1/100
|-status|p2a: Byron Scott|frz
|
|upkeep
|
|t:|1784407100
|switch|p1a: Pelipper|Pelipper, L50, M|100/100
|-weather|RainDance|[from] ability: Drizzle|[of] p1a: Pelipper
|turn|2
|
|t:|1784407110
|switch|p2b: Deni Advija|Gholdengo, L50|100/100
|move|p1b: Swampert|Protect|p1b: Swampert
|-singleturn|p1b: Swampert|Protect
|cant|p2a: Byron Scott|frz
|move|p1a: Pelipper|Tailwind|p1a: Pelipper
|-sidestart|p1: gliscor43|move: Tailwind
|
|-weather|RainDance|[upkeep]
|upkeep
|turn|3
|
|t:|1784407124
|move|p2b: Deni Advija|Protect|p2b: Deni Advija
|-singleturn|p2b: Deni Advija|Protect
|cant|p2a: Byron Scott|frz
|move|p1b: Swampert|Earthquake|p2a: Byron Scott|[spread] p2a
|-activate|p2b: Deni Advija|move: Protect
|-immune|p1a: Pelipper
|-resisted|p2a: Byron Scott|1
|-damage|p2a: Byron Scott|0 fnt
|faint|p2a: Byron Scott
|move|p1a: Pelipper|Weather Ball|p2b: Deni Advija
|-activate|p2b: Deni Advija|move: Protect
|
|-weather|RainDance|[upkeep]
|upkeep
|
|t:|1784407130
|switch|p2a: Toi Jerome|Blastoise-Mega, L50, F, shiny|100/100
|turn|4
|c| frostwandered|This Swampert is going light speed
|
|t:|1784407144
|move|p1b: Swampert|Protect|p1b: Swampert
|-singleturn|p1b: Swampert|Protect
|move|p1a: Pelipper|Protect|p1a: Pelipper
|-singleturn|p1a: Pelipper|Protect
|move|p2a: Toi Jerome|Fake Out|p1b: Swampert
|-activate|p1b: Swampert|move: Protect
|move|p2b: Deni Advija|Nasty Plot|p2b: Deni Advija
|-boost|p2b: Deni Advija|spa|2
|
|-weather|RainDance|[upkeep]
|upkeep
|turn|5
|
|t:|1784407160
|move|p1b: Swampert|Earthquake|p2b: Deni Advija|[spread] p2a,p2b
|-immune|p1a: Pelipper
|-supereffective|p2b: Deni Advija|1
|-damage|p2a: Toi Jerome|57/100
|-damage|p2b: Deni Advija|16/100
|move|p1a: Pelipper|Hurricane|p2a: Toi Jerome
|-damage|p2a: Toi Jerome|10/100
|move|p2b: Deni Advija|Shadow Ball|p1b: Swampert
|-damage|p1b: Swampert|0 fnt
|faint|p1b: Swampert
|-damage|p2b: Deni Advija|6/100|[from] item: Life Orb
|move|p2a: Toi Jerome|Water Spout|p1a: Pelipper
|-resisted|p1a: Pelipper|1
|-damage|p1a: Pelipper|88/100
|
|-weather|RainDance|[upkeep]
|-sideend|p1: gliscor43|move: Tailwind
|upkeep
|
|t:|1784407167
|switch|p1b: Volcarona|Volcarona, L50, F|100/100
|turn|6
|
|t:|1784407197
|move|p1a: Pelipper|Protect|p1a: Pelipper
|-singleturn|p1a: Pelipper|Protect
|move|p2b: Deni Advija|Shadow Ball|p1a: Pelipper
|-activate|p1a: Pelipper|move: Protect
|move|p2a: Toi Jerome|Dark Pulse|p1b: Volcarona
|-damage|p1b: Volcarona|58/100
|move|p1b: Volcarona|Bug Buzz|p2b: Deni Advija
|-resisted|p2b: Deni Advija|2
|-damage|p2b: Deni Advija|0 fnt
|faint|p2b: Deni Advija
|
|-weather|none
|upkeep
|
|t:|1784407199
|switch|p2b: LeBron James|Kingambit, L50, M|100/100
|turn|7
|
|t:|1784407248
|move|p2b: LeBron James|Sucker Punch|p1b: Volcarona
|-damage|p1b: Volcarona|12/100
|-enditem|p1b: Volcarona|Sitrus Berry|[eat]
|-heal|p1b: Volcarona|37/100|[from] item: Sitrus Berry
|move|p2a: Toi Jerome|Dark Pulse|p1b: Volcarona
|-damage|p1b: Volcarona|0 fnt
|faint|p1b: Volcarona
|move|p1a: Pelipper|Weather Ball|p2a: Toi Jerome
|-damage|p2a: Toi Jerome|0 fnt
|faint|p2a: Toi Jerome
|
|upkeep
|turn|8
|
|t:|1784407258
|move|p1a: Pelipper|Hurricane|p2b: LeBron James
|-resisted|p2b: LeBron James|1
|-damage|p2b: LeBron James|73/100
|move|p2b: LeBron James|Kowtow Cleave|p1a: Pelipper
|-damage|p1a: Pelipper|14/100
|
|upkeep
|turn|9
|
|t:|1784407265
|move|p2b: LeBron James|Sucker Punch||[still]
|-fail|p2b: LeBron James
|move|p1a: Pelipper|Tailwind|p1a: Pelipper
|-sidestart|p1: gliscor43|move: Tailwind
|
|upkeep
|turn|10
|c| Milkshook♡|huge outplay
|
|t:|1784407271
|move|p1a: Pelipper|Protect|p1a: Pelipper
|-singleturn|p1a: Pelipper|Protect
|move|p2b: LeBron James|Sucker Punch||[still]
|-fail|p2b: LeBron James
|
|upkeep
|turn|11
|
|t:|1784407276
|move|p1a: Pelipper|Protect||[still]
|-fail|p1a: Pelipper
|move|p2b: LeBron James|Kowtow Cleave|p1a: Pelipper
|-damage|p1a: Pelipper|0 fnt
|faint|p1a: Pelipper
|
|win|Hariyamamomma
|c|☆Hariyamamomma|gg!
|l|☆gliscor43
|player|p1|
