|j|☆Beeetch
|j|☆rorain fearow
|html|Beeetchrorain fearow    
|uhtml|bestof|Game 1 of a best-of-3
|t:|1757197844
|gametype|doubles
|player|p1|Beeetch|beauty-gen4dp|1176
|player|p2|rorain fearow|birdkeeper|1210
|gen|9
|tier|[Gen 9] VGC 2025 Reg H (Bo3)
|rated|
|rule|Species Clause: Limit one of each Pokémon
|rule|Item Clause: Limit 1 of each item
|clearpoke
|poke|p1|Excadrill, L50, F|
|poke|p1|Tyranitar, L50, M|
|poke|p1|Sneasler, L50, M|
|poke|p1|Indeedee, L50, M|
|poke|p1|Corviknight, L50, M|
|poke|p1|Annihilape, L50, M|
|poke|p2|Annihilape, L50, F|
|poke|p2|Archaludon, L50, F|
|poke|p2|Gothitelle, L50, M|
|poke|p2|Politoed, L50, F|
|poke|p2|Dondozo, L50, F|
|poke|p2|Tatsugiri, L50, F|
|teampreview|4
|showteam|p1|Excadrill||FocusSash|SandRush|IronHead,HighHorsepower,Earthquake,Protect|||F|||50|,,,,,Stellar]Tyranitar||AssaultVest|SandStream|RockSlide,KnockOff,TeraBlast,LowKick|||M|||50|,,,,,Flying]Sneasler||PsychicSeed|Unburden|DireClaw,CloseCombat,ThroatChop,Protect|||M|||50|,,,,,Dark]Indeedee||ChoiceScarf|PsychicSurge|ExpandingForce,TeraBlast,Protect,Trick|||M|||50|,,,,,Psychic]Corviknight||Leftovers|MirrorArmor|BraveBird,BulkUp,Roost,Tailwind|||M|||50|,,,,,Dragon]Annihilape||SafetyGoggles|Defiant|CloseCombat,FinalGambit,RageFist,Taunt|||M|||50|,,,,,Water
|showteam|p2|Annihilape||SafetyGoggles|Defiant|FinalGambit,CloseCombat,RageFist,StealthRock|||F|||50|,,,,,Water]Archaludon||PowerHerb|Stalwart|DragonPulse,Thunderbolt,ElectroShot,Protect|||F|||50|,,,,,Electric]Gothitelle||SitrusBerry|ShadowTag|Imprison,ExpandingForce,FakeOut,Protect|||M|||50|,,,,,Grass]Politoed||Leftovers|Drizzle|MuddyWater,Haze,PerishSong,Protect|||F|||50|,,,,,Grass]Dondozo||CovertCloak|Unaware|WaveCrash,OrderUp,Rest,Substitute|||F|||50|,,,,,Grass]Tatsugiri||FocusSash|Commander|MuddyWater,MirrorCoat,Counter,Taunt|||F|||50|,,,,,Fairy
|
|t:|1757197908
|teamsize|p1|4
|teamsize|p2|4
|start
|switch|p1a: Sneasler|Sneasler, L50, M, shiny|100/100
|switch|p1b: Indeedee|Indeedee, L50, M, shiny|100/100
|switch|p2a: Gothitelle|Gothitelle, L50, M|100/100
|switch|p2b: Politoed|Politoed, L50, F|100/100
|-fieldstart|move: Psychic Terrain|[from] ability: Psychic Surge|[of] p1b: Indeedee
|-enditem|p1a: Sneasler|Psychic Seed
|-boost|p1a: Sneasler|spd|1|[from] item: Psychic Seed
|-weather|RainDance|[from] ability: Drizzle|[of] p2b: Politoed
|turn|1
|
|t:|1757197932
|-terastallize|p1b: Indeedee|Psychic
|move|p2b: Politoed|Protect|p2b: Politoed
|-singleturn|p2b: Politoed|Protect
|move|p1a: Sneasler|Dire Claw|p2b: Politoed
|-activate|p2b: Politoed|move: Protect
|move|p1b: Indeedee|Expanding Force|p2a: Gothitelle|[spread] p2a
|-activate|p2b: Politoed|move: Protect
|-resisted|p2a: Gothitelle
|-damage|p2a: Gothitelle|71/100
|move|p2a: Gothitelle|Imprison|p2a: Gothitelle
|-start|p2a: Gothitelle|move: Imprison
|
|-weather|RainDance|[upkeep]
|upkeep
|turn|2
|
|t:|1757197964
|move|p1a: Sneasler|Dire Claw|p2b: Politoed
|-damage|p2b: Politoed|65/100
|-status|p2b: Politoed|slp
|-activate|p1b: Indeedee|move: Struggle
|move|p1b: Indeedee|Struggle|p2a: Gothitelle
|-damage|p2a: Gothitelle|65/100
|-damage|p1b: Indeedee|75/100|[from] recoil
|cant|p2b: Politoed|slp
|move|p2a: Gothitelle|Expanding Force|p1a: Sneasler|[spread] p1a,p1b
|-supereffective|p1a: Sneasler
|-resisted|p1b: Indeedee
|-damage|p1a: Sneasler|0 fnt
|-damage|p1b: Indeedee|48/100
|faint|p1a: Sneasler
|
|-weather|RainDance|[upkeep]
|-heal|p2b: Politoed|71/100 slp|[from] item: Leftovers
|upkeep
|
|t:|1757197976
|switch|p1a: Corviknight|Corviknight, L50, M|100/100
|turn|3
|
|t:|1757197989
|-activate|p1b: Indeedee|move: Struggle
|move|p1b: Indeedee|Struggle|p2a: Gothitelle
|-damage|p2a: Gothitelle|58/100
|-damage|p1b: Indeedee|23/100|[from] recoil
|move|p1a: Corviknight|Brave Bird|p2b: Politoed
|-damage|p2b: Politoed|31/100 slp
|-damage|p1a: Corviknight|87/100|[from] Recoil
|cant|p2b: Politoed|slp
|move|p2a: Gothitelle|Expanding Force|p1a: Corviknight|[spread] p1a,p1b
|-resisted|p1a: Corviknight
|-resisted|p1b: Indeedee
|-damage|p1a: Corviknight|70/100
|-damage|p1b: Indeedee|0 fnt
|faint|p1b: Indeedee
|
|-weather|RainDance|[upkeep]
|-heal|p1a: Corviknight|76/100|[from] item: Leftovers
|-heal|p2b: Politoed|37/100 slp|[from] item: Leftovers
|upkeep
|
|t:|1757198002
|switch|p1b: Annihilape|Annihilape, L50, M|100/100
|turn|4
|
|t:|1757198011
|cant|p2b: Politoed|slp
|move|p1b: Annihilape|Rage Fist|p2a: Gothitelle
|-supereffective|p2a: Gothitelle
|-damage|p2a: Gothitelle|24/100
|-enditem|p2a: Gothitelle|Sitrus Berry|[eat]
|-heal|p2a: Gothitelle|49/100|[from] item: Sitrus Berry
|move|p1a: Corviknight|Brave Bird|p2a: Gothitelle
|-damage|p2a: Gothitelle|12/100
|-damage|p1a: Corviknight|65/100|[from] Recoil
|move|p2a: Gothitelle|Expanding Force|p1a: Corviknight|[spread] p1a,p1b
|-resisted|p1a: Corviknight
|-supereffective|p1b: Annihilape
|-damage|p1a: Corviknight|49/100
|-damage|p1b: Annihilape|21/100
|
|-weather|RainDance|[upkeep]
|-heal|p1a: Corviknight|55/100|[from] item: Leftovers
|-heal|p2b: Politoed|43/100 slp|[from] item: Leftovers
|upkeep
|turn|5
|
|t:|1757198031
|-curestatus|p2b: Politoed|slp|[msg]
|move|p2b: Politoed|Protect|p2b: Politoed
|-singleturn|p2b: Politoed|Protect
|move|p2a: Gothitelle|Protect|p2a: Gothitelle
|-singleturn|p2a: Gothitelle|Protect
|move|p1b: Annihilape|Rage Fist|p2b: Politoed
|-activate|p2b: Politoed|move: Protect
|move|p1a: Corviknight|Brave Bird|p2a: Gothitelle
|-activate|p2a: Gothitelle|move: Protect
|
|-weather|none
|-heal|p1a: Corviknight|62/100|[from] item: Leftovers
|-heal|p2b: Politoed|49/100|[from] item: Leftovers
|-fieldend|move: Psychic Terrain
|upkeep
|turn|6
|
|t:|1757198042
|move|p1b: Annihilape|Rage Fist|p2b: Politoed
|-damage|p2b: Politoed|13/100
|move|p1a: Corviknight|Brave Bird|p2a: Gothitelle
|-damage|p2a: Gothitelle|0 fnt
|faint|p2a: Gothitelle
|-damage|p1a: Corviknight|58/100|[from] Recoil
|move|p2b: Politoed|Perish Song|p2b: Politoed
|-start|p1a: Corviknight|perish3|[silent]
|-start|p1b: Annihilape|perish3|[silent]
|-start|p2b: Politoed|perish3|[silent]
|-fieldactivate|move: Perish Song
|
|-heal|p1a: Corviknight|64/100|[from] item: Leftovers
|-heal|p2b: Politoed|19/100|[from] item: Leftovers
|-start|p1b: Annihilape|perish3
|-start|p1a: Corviknight|perish3
|-start|p2b: Politoed|perish3
|upkeep
|-message|Beeetch forfeited.
|
|win|rorain fearow
|l|☆Beeetch
|player|p1|
||Beeetch is ready for game 2.
||rorain fearow is ready for game 2.
|uhtml|next|Next: Game 2 of 3
|l|☆rorain fearow
|player|p2|
|j|☆Beeetch
|player|p1|Beeetch|beauty-gen4dp|
