|j|☆NON CRITTARMI BRO
|j|☆abgesaftet
|html|NON CRITTARMI BROabgesaftet    
|uhtml|bestof|Game 1 of a best-of-3
|t:|1783183520
|gametype|doubles
|player|p1|NON CRITTARMI BRO|170|1338
|player|p2|abgesaftet|ballguy|1516
|gen|9
|tier|[Gen 9 Champions] VGC 2026 Reg M-B (Bo3)
|rated|
|rule|Species Clause: Limit one of each Pokémon
|rule|Item Clause: Limit 1 of each item
|clearpoke
|poke|p1|Incineroar, L50, F|
|poke|p1|Sinistcha, L50|
|poke|p1|Staraptor, L50, M|
|poke|p1|Basculegion, L50, M|
|poke|p1|Kingambit, L50, M|
|poke|p1|Sneasler, L50, M|
|poke|p2|Sinistcha-Masterpiece, L50|
|poke|p2|Kingambit, L50, M|
|poke|p2|Sneasler, L50, F|
|poke|p2|Floette-Eternal, L50, F|
|poke|p2|Delphox, L50, M|
|poke|p2|Incineroar, L50, F|
|teampreview|4
|showteam|p1|Incineroar||PasshoBerry|Intimidate|FlareBlitz,ThroatChop,PartingShot,FakeOut|Impish||F|||50|]Sinistcha||KasibBerry|Hospitality|Protect,TrickRoom,MatchaGotcha,RagePowder|Relaxed|||||50|]Staraptor||Staraptite|Intimidate|CloseCombat,BraveBird,Roost,Protect|Adamant||M|||50|]Basculegion||ChoiceScarf|Adaptability|FlipTurn,AquaJet,LastRespects,WaveCrash|Jolly||M|||50|]Kingambit||BlackGlasses|Defiant|Protect,KowtowCleave,SuckerPunch,SwordsDance|Adamant||M|||50|]Sneasler||WhiteHerb|Unburden|Protect,GunkShot,CloseCombat,FakeOut|Jolly||M|||50|
|showteam|p2|Sinistcha-Masterpiece||KasibBerry|Hospitality|MatchaGotcha,RagePowder,TrickRoom,Protect|Bold|||||50|]Kingambit||BlackGlasses|Defiant|KowtowCleave,SuckerPunch,SwordsDance,Protect|Adamant||M|||50|]Sneasler||FocusSash|PoisonTouch|FakeOut,CloseCombat,DireClaw,QuickGuard|Jolly||F|||50|]Floette-Eternal||Floettite|FlowerVeil|Moonblast,DazzlingGleam,CalmMind,Protect|Modest||F|||50|]Delphox||Delphoxite|Blaze|HeatWave,Psyshock,NastyPlot,Protect|Timid||M|||50|]Incineroar||SitrusBerry|Intimidate|PartingShot,FlareBlitz,ThroatChop,FakeOut|Careful||F|||50|
|inactive|Battle timer is ON: inactive players will automatically lose when time's up. (requested by abgesaftet)
|
|t:|1783183560
|teamsize|p1|4
|teamsize|p2|4
|start
|switch|p1a: Basculegion|Basculegion, L50, M|100/100
|switch|p1b: Sneasler|Sneasler, L50, M|100/100
|switch|p2a: Floette|Floette-Eternal, L50, F|100/100
|switch|p2b: Incineroar|Incineroar, L50, F|100/100
|-ability|p2b: Incineroar|Intimidate|boost
|-unboost|p1a: Basculegion|atk|1
|-unboost|p1b: Sneasler|atk|1
|-enditem|p1b: Sneasler|White Herb
|-clearnegativeboost|p1b: Sneasler|[silent]
|turn|1
|inactive|NON CRITTARMI BRO has 30 seconds left.
|
|t:|1783183586
|switch|p2b: Sinistcha|Sinistcha-Masterpiece, L50|100/100
|move|p2a: Floette|Protect|p2a: Floette
|-singleturn|p2a: Floette|Protect
|move|p1b: Sneasler|Gunk Shot|p2b: Sinistcha
|-damage|p2b: Sinistcha|49/100
|move|p1a: Basculegion|Flip Turn|p2b: Sinistcha
|-resisted|p2b: Sinistcha|1
|-damage|p2b: Sinistcha|38/100
|
|t:|1783183601
|switch|p1a: Staraptor|Staraptor, L50, M|100/100|[from] Flip Turn
|-ability|p1a: Staraptor|Intimidate|boost
|-unboost|p2a: Floette|atk|1
|-block|p2b: Sinistcha|ability: Flower Veil|[of] p2a: Floette
|
|upkeep
|turn|2
|
|t:|1783183616
|detailschange|p2a: Floette|Floette-Mega, L50, F
|-mega|p2a: Floette|Floette|Floettite
|-ability|p2a: Floette|Fairy Aura
|move|p2b: Sinistcha|Rage Powder|p2b: Sinistcha
|-singleturn|p2b: Sinistcha|move: Rage Powder
|move|p1b: Sneasler|Gunk Shot|p2b: Sinistcha
|-damage|p2b: Sinistcha|0 fnt
|faint|p2b: Sinistcha
|move|p2a: Floette|Dazzling Gleam|p1a: Staraptor|[spread] p1a,p1b
|-damage|p1a: Staraptor|40/100
|-damage|p1b: Sneasler|40/100
|move|p1a: Staraptor|Brave Bird|p2a: Floette
|-damage|p2a: Floette|29/100
|-damage|p1a: Staraptor|20/100y|[from] Recoil
|
|upkeep
|inactive|abgesaftet has 30 seconds left.
|
|t:|1783183645
|switch|p2b: Kingambit|Kingambit, L50, M|100/100
|turn|3
|
|t:|1783183660
|switch|p2a: Incineroar|Incineroar, L50, F|100/100
|-ability|p2a: Incineroar|Intimidate|boost
|-unboost|p1a: Staraptor|atk|1
|-unboost|p1b: Sneasler|atk|1
|switch|p1a: Sinistcha|Sinistcha, L50|100/100
|-heal|p1b: Sneasler|65/100|[from] ability: Hospitality|[of] p1a: Sinistcha
|move|p2b: Kingambit|Protect|p2b: Kingambit
|-singleturn|p2b: Kingambit|Protect
|move|p1b: Sneasler|Gunk Shot|p2a: Incineroar
|-damage|p2a: Incineroar|57/100
|
|upkeep
|turn|4
|inactive|abgesaftet has 30 seconds left.
|inactive|abgesaftet has 20 seconds left.
|inactive|abgesaftet has 15 seconds left.
|
|t:|1783183705
|move|p1b: Sneasler|Protect|p1b: Sneasler
|-singleturn|p1b: Sneasler|Protect
|move|p1a: Sinistcha|Protect|p1a: Sinistcha
|-singleturn|p1a: Sinistcha|Protect
|move|p2a: Incineroar|Fake Out|p1b: Sneasler
|-activate|p1b: Sneasler|move: Protect
|move|p2b: Kingambit|Kowtow Cleave|p1a: Sinistcha
|-activate|p1a: Sinistcha|move: Protect
|
|upkeep
|turn|5
|
|t:|1783183718
|move|p2b: Kingambit|Protect|p2b: Kingambit
|-singleturn|p2b: Kingambit|Protect
|move|p1a: Sinistcha|Rage Powder|p1a: Sinistcha
|-singleturn|p1a: Sinistcha|move: Rage Powder
|move|p1b: Sneasler|Close Combat|p2b: Kingambit
|-activate|p2b: Kingambit|move: Protect
|move|p2a: Incineroar|Flare Blitz|p1a: Sinistcha
|-supereffective|p1a: Sinistcha|1
|-damage|p1a: Sinistcha|29/100
|-damage|p2a: Incineroar|35/100|[from] Recoil
|-enditem|p2a: Incineroar|Sitrus Berry|[eat]
|-heal|p2a: Incineroar|60/100|[from] item: Sitrus Berry
|
|upkeep
|turn|6
|
|t:|1783183733
|switch|p2b: Floette|Floette-Mega, L50, F|29/100
|-ability|p2b: Floette|Fairy Aura
|move|p1a: Sinistcha|Rage Powder|p1a: Sinistcha
|-singleturn|p1a: Sinistcha|move: Rage Powder
|move|p1b: Sneasler|Close Combat|p2b: Floette
|-resisted|p2b: Floette|1
|-damage|p2b: Floette|3/100
|-unboost|p1b: Sneasler|def|1
|-unboost|p1b: Sneasler|spd|1
|move|p2a: Incineroar|Flare Blitz|p1a: Sinistcha
|-supereffective|p1a: Sinistcha|1
|-damage|p1a: Sinistcha|0 fnt
|faint|p1a: Sinistcha
|-damage|p2a: Incineroar|52/100|[from] Recoil
|
|upkeep
|
|t:|1783183737
|switch|p1a: Basculegion|Basculegion, L50, M|100/100
|turn|7
|inactive|abgesaftet has 30 seconds left.
|
|t:|1783183772
|move|p2b: Floette|Protect|p2b: Floette
|-singleturn|p2b: Floette|Protect
|move|p1a: Basculegion|Aqua Jet|p2b: Floette
|-activate|p2b: Floette|move: Protect
|move|p1b: Sneasler|Close Combat|p2a: Incineroar
|-supereffective|p2a: Incineroar|1
|-damage|p2a: Incineroar|0 fnt
|-unboost|p1b: Sneasler|def|1
|-unboost|p1b: Sneasler|spd|1
|faint|p2a: Incineroar
|
|upkeep
|
|t:|1783183777
|switch|p2a: Kingambit|Kingambit, L50, M|100/100
|turn|8
|
|t:|1783183801
|switch|p1b: Staraptor|Staraptor, L50, M|20/100y
|-ability|p1b: Staraptor|Intimidate|boost
|-unboost|p2a: Kingambit|atk|1
|-ability|p2a: Kingambit|Defiant|boost
|-boost|p2a: Kingambit|atk|2
|-unboost|p2b: Floette|atk|1
|move|p2b: Floette|Protect||[still]
|-fail|p2b: Floette
|move|p1a: Basculegion|Aqua Jet|p2b: Floette
|-damage|p2b: Floette|0 fnt
|faint|p2b: Floette
|move|p2a: Kingambit|Sucker Punch||[still]
|-fail|p2a: Kingambit
|
|upkeep
|turn|9
|
|t:|1783183818
|switch|p1a: Sneasler|Sneasler, L50, M|65/100
|detailschange|p1b: Staraptor|Staraptor-Mega, L50, M
|-mega|p1b: Staraptor|Staraptor|Staraptite
|move|p1b: Staraptor|Close Combat|p2a: Kingambit
|-supereffective|p2a: Kingambit|2
|-damage|p2a: Kingambit|0 fnt
|-boost|p1b: Staraptor|def|1
|-boost|p1b: Staraptor|spd|1
|faint|p2a: Kingambit
|
|win|NON CRITTARMI BRO
||abgesaftet is ready for game 2.
||abgesaftet is ready for game 2.
||NON CRITTARMI BRO is ready for game 2.
|uhtml|next|Next: Game 2 of 3
