|j|â˜†MarzipanTheFirst
|j|â˜†paralyze u
|html|MarzipanTheFirstparalyze u    
|uhtml|bestof|Game 2 of a best-of-3
|t:|1783526572
|gametype|doubles
|player|p1|MarzipanTheFirst|wallace|1146
|player|p2|paralyze u|1|1212
|gen|9
|tier|[Gen 9 Champions] VGC 2026 Reg M-B (Bo3)
|rated|
|rule|Species Clause: Limit one of each PokÃ©mon
|rule|Item Clause: Limit 1 of each item
|clearpoke
|poke|p1|Sinistcha, L50|
|poke|p1|Garchomp, L50, M|
|poke|p1|Scizor, L50, F|
|poke|p1|Incineroar, L50, M|
|poke|p1|Aerodactyl, L50, M|
|poke|p1|Ninetales-Alola, L50, M|
|poke|p2|Sinistcha, L50|
|poke|p2|Incineroar, L50, M|
|poke|p2|Milotic, L50, F|
|poke|p2|Raichu, L50, M|
|poke|p2|Floette-Eternal, L50, F|
|poke|p2|Ceruledge, L50, F|
|teampreview|4
|showteam|p1|Sinistcha||Leftovers|Hospitality|LifeDew,MatchaGotcha,Protect,RagePowder|Bold|||||50|]Garchomp||LifeOrb|RoughSkin|StompingTantrum,RockSlide,DragonClaw,Protect|Jolly||M|||50|]Scizor||Scizorite|Technician|Tailwind,BulletPunch,BugBite,SwordsDance|Adamant||F|||50|]Incineroar||PasshoBerry|Intimidate|FakeOut,FlareBlitz,ThroatChop,Taunt|Careful||M|||50|]Aerodactyl||Aerodactylite|Unnerve|Tailwind,Protect,RockSlide,DualWingbeat|Jolly||M|||50|]Ninetales-Alola||NeverMeltIce|SnowWarning|FreezeDry,IcyWind,Protect,Moonblast|Modest||M|||50|
|showteam|p2|Sinistcha||KasibBerry|Hospitality|MatchaGotcha,LifeDew,RagePowder,Protect|Relaxed|||||50|]Incineroar||SitrusBerry|Intimidate|FlareBlitz,ThroatChop,FakeOut,PartingShot|Impish||M|||50|]Milotic||Leftovers|Competitive|MuddyWater,Coil,Hypnosis,Recover|Calm||F|||50|]Raichu||RaichuniteY|LightningRod|ZapCannon,FocusBlast,FakeOut,Protect|Timid||M|||50|]Floette-Eternal||Floettite|FlowerVeil|DazzlingGleam,DrainingKiss,CalmMind,Protect|Timid||F|||50|]Ceruledge||ColburBerry|FlashFire|BitterBlade,ShadowSneak,BulkUp,Protect|Adamant||F|||50|
|
|t:|1783526621
|teamsize|p1|4
|teamsize|p2|4
|start
|switch|p1a: Incineroar|Incineroar, L50, M|100/100
|switch|p1b: Sinistcha|Sinistcha, L50|100/100
|switch|p2a: Milotic|Milotic, L50, F|100/100
|switch|p2b: Incineroar|Incineroar, L50, M|100/100
|-ability|p2b: Incineroar|Intimidate|boost
|-unboost|p1a: Incineroar|atk|1
|-unboost|p1b: Sinistcha|atk|1
|-ability|p1a: Incineroar|Intimidate|boost
|-unboost|p2a: Milotic|atk|1
|-ability|p2a: Milotic|Competitive|boost
|-boost|p2a: Milotic|spa|2
|-unboost|p2b: Incineroar|atk|1
|turn|1
|
|t:|1783526633
|move|p1a: Incineroar|Fake Out|p2b: Incineroar
|-damage|p2b: Incineroar|95/100
|move|p1b: Sinistcha|Matcha Gotcha|p2a: Milotic|[spread] p2a,p2b
|-supereffective|p2a: Milotic|1
|-resisted|p2b: Incineroar|1
|-damage|p2a: Milotic|66/100
|-damage|p2b: Incineroar|83/100
|-status|p2a: Milotic|brn
|move|p2a: Milotic|Coil|p2a: Milotic
|-boost|p2a: Milotic|atk|1
|-boost|p2a: Milotic|def|1
|-boost|p2a: Milotic|accuracy|1
|cant|p2b: Incineroar|flinch
|
|-heal|p2a: Milotic|72/100 brn|[from] item: Leftovers
|-damage|p2a: Milotic|66/100 brn|[from] brn
|upkeep
|turn|2
|
|t:|1783526659
|move|p1b: Sinistcha|Matcha Gotcha|p2b: Incineroar|[spread] p2a,p2b
|-supereffective|p2a: Milotic|1
|-resisted|p2b: Incineroar|1
|-damage|p2a: Milotic|35/100 brn
|-damage|p2b: Incineroar|72/100
|move|p2a: Milotic|Coil|p2a: Milotic
|-boost|p2a: Milotic|atk|1
|-boost|p2a: Milotic|def|1
|-boost|p2a: Milotic|accuracy|1
|move|p2b: Incineroar|Parting Shot|p1b: Sinistcha
|-unboost|p1b: Sinistcha|atk|1
|-unboost|p1b: Sinistcha|spa|1
|
|t:|1783526667
|switch|p2b: Sinistcha|Sinistcha, L50|100/100|[from] Parting Shot
|-heal|p2a: Milotic|60/100 brn|[from] ability: Hospitality|[of] p2b: Sinistcha
|move|p1a: Incineroar|Throat Chop|p2a: Milotic
|-damage|p2a: Milotic|50/100g brn
|-start|p2a: Milotic|Throat Chop|[silent]
|
|-heal|p2a: Milotic|56/100 brn|[from] item: Leftovers
|-damage|p2a: Milotic|50/100g brn|[from] brn
|upkeep
|turn|3
|
|t:|1783526688
|switch|p1b: Scizor|Scizor, L50, F|100/100
|move|p2a: Milotic|Hypnosis|p1b: Scizor
|-status|p1b: Scizor|slp|[from] move: Hypnosis
|move|p2b: Sinistcha|Life Dew||[still]|[spread] p2a,p2b
|-heal|p2a: Milotic|76/100 brn
|-fail|p2b: Sinistcha|heal
|move|p1a: Incineroar|Taunt|p2a: Milotic
|-start|p2a: Milotic|move: Taunt
|
|-heal|p2a: Milotic|82/100 brn|[from] item: Leftovers
|-damage|p2a: Milotic|76/100 brn|[from] brn
|-end|p2a: Milotic|Throat Chop|[silent]
|upkeep
|turn|4
|
|t:|1783526708
|switch|p1b: Sinistcha|Sinistcha, L50|100/100
|switch|p2b: Incineroar|Incineroar, L50, M|72/100
|-ability|p2b: Incineroar|Intimidate|boost
|-unboost|p1a: Incineroar|atk|1
|-unboost|p1b: Sinistcha|atk|1
|move|p2a: Milotic|Muddy Water|p1b: Sinistcha|[spread] p1a,p1b
|-supereffective|p1a: Incineroar|1
|-enditem|p1a: Incineroar|Passho Berry|[eat]
|-enditem|p1a: Incineroar|Passho Berry|[weaken]
|-resisted|p1b: Sinistcha|1
|-damage|p1a: Incineroar|69/100
|-damage|p1b: Sinistcha|73/100
|move|p1a: Incineroar|Flare Blitz|p2b: Incineroar
|-resisted|p2b: Incineroar|1
|-damage|p2b: Incineroar|64/100
|-damage|p1a: Incineroar|66/100|[from] Recoil
|
|-heal|p1b: Sinistcha|79/100|[from] item: Leftovers
|-heal|p2a: Milotic|82/100 brn|[from] item: Leftovers
|-damage|p2a: Milotic|76/100 brn|[from] brn
|upkeep
|turn|5
|
|t:|1783526724
|switch|p1a: Aerodactyl|Aerodactyl, L50, M|100/100
|-ability|p1a: Aerodactyl|Unnerve
|move|p1b: Sinistcha|Matcha Gotcha|p2a: Milotic|[spread] p2a,p2b
|-supereffective|p2a: Milotic|1
|-resisted|p2b: Incineroar|1
|-damage|p2a: Milotic|43/100 brn
|-heal|p1b: Sinistcha|100/100|[from] drain|[of] p2a: Milotic
|-damage|p2b: Incineroar|53/100
|move|p2a: Milotic|Muddy Water|p1a: Aerodactyl|[spread] p1a,p1b
|-supereffective|p1a: Aerodactyl|1
|-resisted|p1b: Sinistcha|1
|-damage|p1a: Aerodactyl|0 fnt
|-damage|p1b: Sinistcha|70/100
|-unboost|p1b: Sinistcha|accuracy|1
|faint|p1a: Aerodactyl
|move|p2b: Incineroar|Parting Shot|p1b: Sinistcha
|-unboost|p1b: Sinistcha|atk|1
|-unboost|p1b: Sinistcha|spa|1
|
|t:|1783526737
|switch|p2b: Sinistcha|Sinistcha, L50|100/100|[from] Parting Shot
|-heal|p2a: Milotic|68/100 brn|[from] ability: Hospitality|[of] p2b: Sinistcha
|
|-heal|p1b: Sinistcha|76/100|[from] item: Leftovers
|-heal|p2a: Milotic|74/100 brn|[from] item: Leftovers
|-damage|p2a: Milotic|68/100 brn|[from] brn
|upkeep
|
|t:|1783526762
|switch|p1a: Incineroar|Incineroar, L50, M|66/100
|-ability|p1a: Incineroar|Intimidate|boost
|-unboost|p2a: Milotic|atk|1
|-ability|p2a: Milotic|Competitive|boost
|-boost|p2a: Milotic|spa|2
|-unboost|p2b: Sinistcha|atk|1
|turn|6
|
|t:|1783526774
|switch|p1b: Scizor|Scizor, L50, F|100/100 slp
|move|p2a: Milotic|Muddy Water|p1b: Scizor|[spread] p1a,p1b
|-supereffective|p1a: Incineroar|1
|-damage|p1a: Incineroar|0 fnt
|-damage|p1b: Scizor|14/100 slp
|faint|p1a: Incineroar
|move|p2b: Sinistcha|Life Dew||[still]|[spread] p2a,p2b
|-heal|p2a: Milotic|93/100 brn
|-fail|p2b: Sinistcha|heal
|
|-heal|p2a: Milotic|99/100 brn|[from] item: Leftovers
|-damage|p2a: Milotic|93/100 brn|[from] brn
|-end|p2a: Milotic|move: Taunt
|upkeep
|c|â˜†MarzipanTheFirst|bum team used perfectly
|c|â˜†MarzipanTheFirst|i respect it
|
|t:|1783526800
|switch|p1a: Sinistcha|Sinistcha, L50|76/100
|-heal|p1b: Scizor|39/100 slp|[from] ability: Hospitality|[of] p1a: Sinistcha
|turn|7
|
|t:|1783526821
|detailschange|p1b: Scizor|Scizor-Mega, L50, F
|-mega|p1b: Scizor|Scizor|Scizorite
|move|p1a: Sinistcha|Matcha Gotcha|p2b: Sinistcha|[spread] p2a
|-miss|p1a: Sinistcha|p2b: Sinistcha
|-supereffective|p2a: Milotic|1
|-damage|p2a: Milotic|59/100 brn
|-heal|p1a: Sinistcha|98/100|[from] drain|[of] p2a: Milotic
|cant|p1b: Scizor|slp
|move|p2a: Milotic|Hypnosis|p1a: Sinistcha
|-status|p1a: Sinistcha|slp|[from] move: Hypnosis
|move|p2b: Sinistcha|Life Dew||[still]|[spread] p2a,p2b
|-heal|p2a: Milotic|85/100 brn
|-fail|p2b: Sinistcha|heal
|
|-heal|p1a: Sinistcha|100/100 slp|[from] item: Leftovers
|-heal|p2a: Milotic|91/100 brn|[from] item: Leftovers
|-damage|p2a: Milotic|85/100 brn|[from] brn
|upkeep
|turn|8
|
|t:|1783526836
|switch|p2b: Incineroar|Incineroar, L50, M|53/100
|-ability|p2b: Incineroar|Intimidate|boost
|-unboost|p1a: Sinistcha|atk|1
|-unboost|p1b: Scizor|atk|1
|cant|p1a: Sinistcha|slp
|cant|p1b: Scizor|slp
|move|p2a: Milotic|Muddy Water|p1a: Sinistcha|[spread] p1a,p1b
|-resisted|p1a: Sinistcha|1
|-damage|p1a: Sinistcha|62/100 slp
|-damage|p1b: Scizor|0 fnt
|-unboost|p1a: Sinistcha|accuracy|1
|faint|p1b: Scizor
|
|-heal|p1a: Sinistcha|68/100 slp|[from] item: Leftovers
|-heal|p2a: Milotic|91/100 brn|[from] item: Leftovers
|-damage|p2a: Milotic|85/100 brn|[from] brn
|upkeep
|turn|9
|-message|MarzipanTheFirst forfeited.
|
|win|paralyze u
|raw|MarzipanTheFirst's rating: 1146 → 1126(-20 for losing)
|raw|paralyze u's rating: 1212 → 1232(+20 for winning)
|l|â˜†MarzipanTheFirst
|player|p1|
