|j|☆Goat Pincurchin
|j|☆tessa scarlet
|html|Goat Pincurchintessa scarlet    
|uhtml|bestof|Game 1 of a best-of-3
|t:|1756631393
|gametype|doubles
|player|p1|Goat Pincurchin|ghetsis|1295
|player|p2|tessa scarlet|102|1498
|gen|9
|tier|[Gen 9] VGC 2025 Reg H (Bo3)
|rated|
|rule|Species Clause: Limit one of each Pokémon
|rule|Item Clause: Limit 1 of each item
|clearpoke
|poke|p1|Sneasler, L50, F|
|poke|p1|Rillaboom, L50, F|
|poke|p1|Dragapult, L50, F|
|poke|p1|Gholdengo, L50|
|poke|p1|Primarina, L50, F|
|poke|p1|Magmar, L50, M|
|poke|p2|Gholdengo, L50|
|poke|p2|Annihilape, L50, F|
|poke|p2|Volcarona, L50, F|
|poke|p2|Dragonite, L50, M|
|poke|p2|Ninetales-Alola, L50, F|
|poke|p2|Ursaluna-Bloodmoon, L50, M|
|teampreview|4
|showteam|p1|Sneasler||FocusSash|Unburden|DireClaw,CloseCombat,Protect,FakeOut|||F|||50|,,,,,Stellar]Rillaboom||AssaultVest|GrassySurge|FakeOut,WoodHammer,GrassyGlide,HighHorsepower|||F|||50|,,,,,Fire]Dragapult||ChoiceBand|ClearBody|DragonDarts,Outrage,PhantomForce,Uturn|||F|||50|,,,,,Dragon]Gholdengo||LifeOrb|GoodasGold|MakeItRain,ShadowBall,Protect,NastyPlot||||||50|,,,,,Steel]Primarina||SitrusBerry|LiquidVoice|HyperVoice,Moonblast,Protect,IcyWind|||F|||50|,,,,,Poison]Magmar||Eviolite|VitalSpirit|Overheat,WillOWisp,Taunt,FollowMe|||M|||50|,,,,,Grass
|showteam|p2|Gholdengo||LifeOrb|GoodasGold|NastyPlot,MakeItRain,ShadowBall,Protect||||||50|,,,,,Water]Annihilape||SafetyGoggles|Defiant|DrainPunch,RageFist,BulkUp,Protect|||F|||50|,,,,,Fire]Volcarona||CovertCloak|FlameBody|StruggleBug,HeatWave,RagePowder,Tailwind|||F|||50|,,,,,Fairy]Dragonite||LoadedDice|Multiscale|ScaleShot,Haze,Tailwind,Protect|||M|||50|,,,,,Steel]Ninetales-Alola||FocusSash|SnowWarning|Blizzard,IcyWind,IcicleSpear,AuroraVeil|||F|||50|,,,,,Ghost]Ursaluna-Bloodmoon||AssaultVest|MindsEye|BloodMoon,HyperVoice,EarthPower,VacuumWave|||M|||50|,,,,,Water
|inactive|Battle timer is ON: inactive players will automatically lose when time's up. (requested by Goat Pincurchin)
|inactive|Goat Pincurchin has 60 seconds left.
|inactive|tessa scarlet has 60 seconds left.
|
|t:|1756631448
|teamsize|p1|4
|teamsize|p2|4
|start
|switch|p1a: Magmar|Magmar, L50, M|100/100
|switch|p1b: Dragapult|Dragapult, L50, F|100/100
|switch|p2a: Gholdengo|Gholdengo, L50|100/100
|switch|p2b: Volcarona|Volcarona, L50, F|100/100
|turn|1
|inactive|tessa scarlet has 30 seconds left.
|
|t:|1756631478
|move|p2b: Volcarona|Rage Powder|p2b: Volcarona
|-singleturn|p2b: Volcarona|move: Rage Powder
|move|p1b: Dragapult|U-turn|p2b: Volcarona
|-resisted|p2b: Volcarona
|-damage|p2b: Volcarona|76/100
|-status|p1b: Dragapult|brn|[from] ability: Flame Body|[of] p2b: Volcarona
|
|t:|1756631486
|switch|p1b: Primarina|Primarina, L50, F|100/100|[from] U-turn
|move|p2a: Gholdengo|Nasty Plot|p2a: Gholdengo
|-boost|p2a: Gholdengo|spa|2
|move|p1a: Magmar|Overheat|p2b: Volcarona
|-damage|p2b: Volcarona|36/100
|-unboost|p1a: Magmar|spa|2
|
|upkeep
|turn|2
|
|t:|1756631506
|move|p2b: Volcarona|Struggle Bug|p1a: Magmar|[spread] p1a,p1b
|-resisted|p1a: Magmar
|-resisted|p1b: Primarina
|-damage|p1a: Magmar|94/100
|-damage|p1b: Primarina|92/100
|-unboost|p1a: Magmar|spa|1
|-unboost|p1b: Primarina|spa|1
|move|p2a: Gholdengo|Make It Rain|p1a: Magmar|[spread] p1a,p1b
|-resisted|p1a: Magmar
|-damage|p1a: Magmar|44/100
|-damage|p1b: Primarina|0 fnt
|-unboost|p2a: Gholdengo|spa|1
|faint|p1b: Primarina
|-damage|p2a: Gholdengo|91/100|[from] item: Life Orb
|move|p1a: Magmar|Overheat|p2a: Gholdengo
|-supereffective|p2a: Gholdengo
|-damage|p2a: Gholdengo|45/100
|-unboost|p1a: Magmar|spa|2
|
|upkeep
|
|t:|1756631525
|switch|p1b: Dragapult|Dragapult, L50, F|100/100 brn
|turn|3
|
|t:|1756631544
|move|p2b: Volcarona|Rage Powder|p2b: Volcarona
|-singleturn|p2b: Volcarona|move: Rage Powder
|move|p1b: Dragapult|Phantom Force||[still]
|-prepare|p1b: Dragapult|Phantom Force
|move|p2a: Gholdengo|Shadow Ball|p1b: Dragapult|[miss]
|-miss|p2a: Gholdengo|p1b: Dragapult
|move|p1a: Magmar|Taunt|p2b: Volcarona
|-start|p2b: Volcarona|move: Taunt
|
|-damage|p1b: Dragapult|94/100 brn|[from] brn
|upkeep
|turn|4
|
|t:|1756631558
|switch|p2a: Ursaluna|Ursaluna-Bloodmoon, L50, M|100/100
|switch|p1a: Sneasler|Sneasler, L50, F|100/100
|move|p1b: Dragapult|Phantom Force|p2a: Ursaluna|[from] lockedmove
|-immune|p2a: Ursaluna
|move|p2b: Volcarona|Heat Wave|p1a: Sneasler|[spread] p1a,p1b
|-resisted|p1b: Dragapult
|-damage|p1a: Sneasler|57/100
|-damage|p1b: Dragapult|72/100 brn
|
|-damage|p1b: Dragapult|66/100 brn|[from] brn
|upkeep
|turn|5
|inactive|tessa scarlet has 30 seconds left.
|inactive|tessa scarlet has 20 seconds left.
|inactive|tessa scarlet has 15 seconds left.
|
|t:|1756631598
|switch|p2a: Gholdengo|Gholdengo, L50|45/100
|move|p1a: Sneasler|Protect|p1a: Sneasler
|-singleturn|p1a: Sneasler|Protect
|move|p1b: Dragapult|Phantom Force||[still]
|-prepare|p1b: Dragapult|Phantom Force
|move|p2b: Volcarona|Heat Wave|p1b: Dragapult|[spread] 
|-miss|p2b: Volcarona|p1b: Dragapult
|-activate|p1a: Sneasler|move: Protect
|
|-damage|p1b: Dragapult|60/100 brn|[from] brn
|upkeep
|turn|6
|
|t:|1756631619
|switch|p2b: Ursaluna|Ursaluna-Bloodmoon, L50, M|100/100
|-terastallize|p1a: Sneasler|Stellar
|move|p1b: Dragapult|Phantom Force|p2b: Ursaluna|[from] lockedmove
|-immune|p2b: Ursaluna
|move|p1a: Sneasler|Close Combat|p2b: Ursaluna
|-supereffective|p2b: Ursaluna
|-damage|p2b: Ursaluna|0 fnt
|-unboost|p1a: Sneasler|def|1
|-unboost|p1a: Sneasler|spd|1
|faint|p2b: Ursaluna
|move|p2a: Gholdengo|Make It Rain|p1a: Sneasler|[spread] p1a,p1b
|-damage|p1a: Sneasler|0 fnt
|-damage|p1b: Dragapult|0 fnt
|-unboost|p2a: Gholdengo|spa|1
|faint|p1a: Sneasler
|faint|p1b: Dragapult
|-damage|p2a: Gholdengo|35/100|[from] item: Life Orb
|
|upkeep
|
|t:|1756631636
|switch|p1b: Magmar|Magmar, L50, M|44/100
|switch|p2b: Volcarona|Volcarona, L50, F|36/100
|turn|7
|-message|Goat Pincurchin forfeited.
|
|win|tessa scarlet
|l|☆Goat Pincurchin
|player|p1|
||Goat Pincurchin is ready for game 2.
