|j|☆Dymin
|j|☆SFPower
|html|DyminSFPower    
|uhtml|bestof|Game 3 of a best-of-3
|t:|1784742884
|gametype|doubles
|player|p1|Dymin|burglar|1129
|player|p2|SFPower|unknown|1000
|gen|9
|tier|[Gen 9 Champions] VGC 2026 Reg M-B (Bo3)
|rated|
|rule|Species Clause: Limit one of each Pokémon
|rule|Item Clause: Limit 1 of each item
|clearpoke
|poke|p1|Camerupt, L50, M|
|poke|p1|Farigiraf, L50, M|
|poke|p1|Decidueye-Hisui, L50, F|
|poke|p1|Hatterene, L50, F|
|poke|p1|Torkoal, L50, M|
|poke|p1|Avalugg-Hisui, L50, M|
|poke|p2|Whimsicott, L50, M|
|poke|p2|Kingambit, L50, F|
|poke|p2|Basculegion, L50, M|
|poke|p2|Floette-Eternal, L50, F|
|poke|p2|Dragonite, L50, F|
|poke|p2|Arcanine-Hisui, L50, F|
|teampreview|4
|showteam|p1|Camerupt||Cameruptite|SolidRock|HeatWave,AncientPower,EarthPower,Protect|Quiet||M|||50|]Farigiraf||SitrusBerry|ArmorTail|Thunderbolt,TrickRoom,Psychic,Protect|Relaxed||M|||50|]Decidueye-Hisui||ScopeLens|Scrappy|TripleArrows,LeafBlade,Protect,SuckerPunch|Brave||F|||50|]Hatterene||Leftovers|MagicBounce|DazzlingGleam,Psychic,Protect,TrickRoom|Bold||F|||50|]Torkoal||HeatRock|Drought|Eruption,Protect,WeatherBall,Yawn|Serious||M|||50|]Avalugg-Hisui||WideLens|Sturdy|MountainGale,RockSlide,Protect,IronHead|Brave||M|||50|
|showteam|p2|Whimsicott||FocusSash|Prankster|Moonblast,Tailwind,Encore,Protect|Timid||M|||50|]Kingambit||BlackGlasses|Defiant|KowtowCleave,IronHead,SuckerPunch,Protect|Adamant||F|||50|]Basculegion||ChoiceScarf|Adaptability|WaveCrash,LastRespects,AquaJet,FlipTurn|Jolly||M|||50|]Floette-Eternal||Floettite|FlowerVeil|DazzlingGleam,Moonblast,LightofRuin,Protect|Timid||F|||50|]Dragonite||LifeOrb|InnerFocus|DragonClaw,LowKick,ExtremeSpeed,Protect|Adamant||F|||50|]Arcanine-Hisui||SitrusBerry|RockHead|RockSlide,FlareBlitz,HeadSmash,Protect|Jolly||F|||50|
|inactive|Battle timer is ON: inactive players will automatically lose when time's up. (requested by SFPower)
|inactive|Dymin has 60 seconds left.
|inactive|SFPower has 60 seconds left.
|
|t:|1784742925
|teamsize|p1|4
|teamsize|p2|4
|start
|switch|p1a: Camerupt|Camerupt, L50, M|100/100
|switch|p1b: Farigiraf|Farigiraf, L50, M|100/100
|switch|p2a: Kingambit|Kingambit, L50, F|100/100
|switch|p2b: Basculegion|Basculegion, L50, M|100/100
|turn|1
|inactive|Dymin has 30 seconds left.
|
|t:|1784742956
|switch|p1a: Decidueye|Decidueye-Hisui, L50, F|100/100
|move|p1b: Farigiraf|Protect|p1b: Farigiraf
|-singleturn|p1b: Farigiraf|Protect
|move|p2b: Basculegion|Wave Crash|p1b: Farigiraf
|-activate|p1b: Farigiraf|move: Protect
|move|p2a: Kingambit|Kowtow Cleave|p1b: Farigiraf
|-activate|p1b: Farigiraf|move: Protect
|
|upkeep
|turn|2
|inactive|SFPower has 30 seconds left.
|
|t:|1784742988
|switch|p1b: Avalugg|Avalugg-Hisui, L50, M|100/100
|switch|p2a: Dragonite|Dragonite, L50, F|100/100
|move|p2b: Basculegion|Wave Crash|p1b: Avalugg
|-supereffective|p1b: Avalugg|1
|-damage|p1b: Avalugg|20/100y
|-damage|p2b: Basculegion|73/100|[from] Recoil
|move|p1a: Decidueye|Leaf Blade|p2b: Basculegion
|-supereffective|p2b: Basculegion|1
|-damage|p2b: Basculegion|0 fnt
|faint|p2b: Basculegion
|
|upkeep
|
|t:|1784742998
|switch|p2b: Floette|Floette-Eternal, L50, F|100/100
|turn|3
|
|t:|1784743019
|switch|p1b: Farigiraf|Farigiraf, L50, M|100/100
|detailschange|p2b: Floette|Floette-Mega, L50, F
|-mega|p2b: Floette|Floette|Floettite
|-ability|p2b: Floette|Fairy Aura
|move|p2b: Floette|Dazzling Gleam|p1a: Decidueye|[spread] p1a,p1b
|-supereffective|p1a: Decidueye|1
|-damage|p1a: Decidueye|7/100
|-damage|p1b: Farigiraf|47/100
|-enditem|p1b: Farigiraf|Sitrus Berry|[eat]
|-heal|p1b: Farigiraf|72/100|[from] item: Sitrus Berry
|move|p2a: Dragonite|Dragon Claw|p1a: Decidueye
|-damage|p1a: Decidueye|0 fnt
|faint|p1a: Decidueye
|-damage|p2a: Dragonite|90/100|[from] item: Life Orb
|
|upkeep
|
|t:|1784743031
|switch|p1a: Avalugg|Avalugg-Hisui, L50, M|20/100y
|turn|4
|
|t:|1784743038
|move|p1a: Avalugg|Protect|p1a: Avalugg
|-singleturn|p1a: Avalugg|Protect
|move|p2b: Floette|Dazzling Gleam|p1b: Farigiraf|[spread] p1b
|-activate|p1a: Avalugg|move: Protect
|-damage|p1b: Farigiraf|16/100
|move|p2a: Dragonite|Dragon Claw|p1b: Farigiraf
|-damage|p1b: Farigiraf|0 fnt
|faint|p1b: Farigiraf
|-damage|p2a: Dragonite|80/100|[from] item: Life Orb
|
|upkeep
|
|t:|1784743046
|switch|p1b: Camerupt|Camerupt, L50, M|100/100
|turn|5
|
|t:|1784743055
|detailschange|p1b: Camerupt|Camerupt-Mega, L50, M
|-mega|p1b: Camerupt|Camerupt|Cameruptite
|move|p2b: Floette|Dazzling Gleam|p1a: Avalugg|[spread] p1a,p1b
|-resisted|p1b: Camerupt|1
|-damage|p1a: Avalugg|0 fnt
|-damage|p1b: Camerupt|78/100
|faint|p1a: Avalugg
|move|p2a: Dragonite|Dragon Claw|p1b: Camerupt
|-damage|p1b: Camerupt|12/100
|-damage|p2a: Dragonite|71/100|[from] item: Life Orb
|move|p1b: Camerupt|Earth Power|p2b: Floette
|-damage|p2b: Floette|38/100
|
|upkeep
|turn|6
|
|t:|1784743067
|move|p2a: Dragonite|Extreme Speed|p1b: Camerupt
|-damage|p1b: Camerupt|0 fnt
|faint|p1b: Camerupt
|-damage|p2a: Dragonite|61/100|[from] item: Life Orb
|
|win|SFPower
