|j|☆plaidhaxx
|html|llamatruamaplaidhaxx    
|uhtml|bestof|Game 3 of a best-of-3
|t:|1756933439
|gametype|doubles
|player|p1|llamatruama|266|1127
|player|p2|plaidhaxx|shadowtriad|1065
|gen|9
|tier|[Gen 9] VGC 2025 Reg H (Bo3)
|rated|
|rule|Species Clause: Limit one of each Pokémon
|rule|Item Clause: Limit 1 of each item
|clearpoke
|poke|p1|Meowscarada, L50, F|
|poke|p1|Sylveon, L50, M|
|poke|p1|Scyther, L50, M|
|poke|p1|Snorlax, L50, M|
|poke|p1|Tauros-Paldea-Blaze, L50, M|
|poke|p1|Primarina, L50, M|
|poke|p2|Sneasler, L50, F|
|poke|p2|Dragapult, L50, F|
|poke|p2|Primarina, L50, M|
|poke|p2|Rillaboom, L50, M|
|poke|p2|Kingambit, L50, F|
|poke|p2|Magmar, L50, M|
|teampreview|4
|showteam|p1|Meowscarada||FocusSash|Overgrow|FlowerTrick,KnockOff,SuckerPunch,Protect|||F|||50|,,,,,Stellar]Sylveon||FairyFeather|Pixilate|HyperVoice,Protect,QuickAttack,TeraBlast|||M|||50|,,,,,Fire]Scyther||Eviolite|Technician|Protect,DualWingbeat,Thief,CloseCombat|||M|||50|,,,,,Dragon]Snorlax||AssaultVest|ThickFat|HeatCrash,DoubleEdge,HighHorsepower,HammerArm|||M|||50|,,,,,Psychic]Tauros-Paldea-Blaze||WhiteHerb|Intimidate|CloseCombat,FlareBlitz,WildCharge,Protect|||M|||50|,,,,,Grass]Primarina||SitrusBerry|LiquidVoice|HyperVoice,Moonblast,IceBeam,Protect|||M|||50|,,,,,Poison
|showteam|p2|Sneasler||FocusSash|PoisonTouch|CloseCombat,DireClaw,FakeOut,Protect|||F|||50|,,,,,Stellar]Dragapult||ChoiceBand|ClearBody|DragonDarts,TeraBlast,PhantomForce,Uturn|||F|||50|,,,,,Ghost]Primarina||SitrusBerry|LiquidVoice|HyperVoice,Moonblast,Haze,Protect|||M|||50|,,,,,Water]Rillaboom||AssaultVest|GrassySurge|WoodHammer,GrassyGlide,HighHorsepower,FakeOut|||M|||50|,,,,,Fire]Kingambit||BlackGlasses|Defiant|KowtowCleave,SuckerPunch,SwordsDance,Protect|||F|||50|,,,,,Ghost]Magmar||Eviolite|VitalSpirit|Overheat,WillOWisp,FollowMe,Protect|||M|||50|,,,,,Ghost
|j|☆llamatruama
|player|p1|llamatruama|266|
|inactive|Battle timer is ON: inactive players will automatically lose when time's up. (requested by llamatruama)
|inactive|plaidhaxx has 60 seconds left.
|
|t:|1756933536
|teamsize|p1|4
|teamsize|p2|4
|start
|switch|p1a: Scyther|Scyther, L50, M|100/100
|switch|p1b: Tauros|Tauros-Paldea-Blaze, L50, M|100/100
|switch|p2a: Dragapult|Dragapult, L50, F|100/100
|switch|p2b: Primarina|Primarina, L50, M|100/100
|-ability|p1b: Tauros|Intimidate|boost
|-fail|p2a: Dragapult|unboost|[from] ability: Clear Body|[of] p2a: Dragapult
|-unboost|p2b: Primarina|atk|1
|turn|1
|inactive|plaidhaxx has 30 seconds left.
|inactive|plaidhaxx has 20 seconds left.
|
|t:|1756933573
|move|p2a: Dragapult|Dragon Darts|p1a: Scyther
|-damage|p1a: Scyther|67/100
|-anim|p2a: Dragapult|Dragon Darts|p1b: Tauros
|-damage|p1b: Tauros|66/100
|move|p1a: Scyther|Dual Wingbeat|p2b: Primarina
|-damage|p2b: Primarina|74/100
|-damage|p2b: Primarina|48/100
|-enditem|p2b: Primarina|Sitrus Berry|[eat]
|-heal|p2b: Primarina|73/100|[from] item: Sitrus Berry
|-hitcount|p2b: Primarina|2
|move|p1b: Tauros|Wild Charge|p2b: Primarina
|-supereffective|p2b: Primarina
|-damage|p2b: Primarina|20/100
|-damage|p1b: Tauros|52/100|[from] Recoil
|move|p2b: Primarina|Hyper Voice|p1b: Tauros|[spread] p1a,p1b
|-supereffective|p1b: Tauros
|-damage|p1a: Scyther|40/100
|-damage|p1b: Tauros|0 fnt
|faint|p1b: Tauros
|
|upkeep
|
|t:|1756933592
|switch|p1b: Snorlax|Snorlax, L50, M|100/100
|turn|2
|
|t:|1756933607
|move|p2b: Primarina|Protect|p2b: Primarina
|-singleturn|p2b: Primarina|Protect
|move|p2a: Dragapult|Dragon Darts|p1a: Scyther
|-damage|p1a: Scyther|10/100
|-anim|p2a: Dragapult|Dragon Darts|p1b: Snorlax
|-damage|p1b: Snorlax|73/100
|move|p1a: Scyther|Thief|p2a: Dragapult
|-supereffective|p2a: Dragapult
|-damage|p2a: Dragapult|31/100
|move|p1b: Snorlax|Double-Edge|p2b: Primarina
|-activate|p2b: Primarina|move: Protect
|
|upkeep
|turn|3
|inactive|plaidhaxx has 30 seconds left.
|
|t:|1756933640
|move|p2a: Dragapult|Dragon Darts|p1a: Scyther
|-damage|p1a: Scyther|0 fnt
|-anim|p2a: Dragapult|Dragon Darts|p1b: Snorlax
|-damage|p1b: Snorlax|44/100
|faint|p1a: Scyther
|move|p2b: Primarina|Hyper Voice|p1b: Snorlax
|-crit|p1b: Snorlax
|-damage|p1b: Snorlax|16/100
|move|p1b: Snorlax|High Horsepower|p2a: Dragapult
|-damage|p2a: Dragapult|0 fnt
|faint|p2a: Dragapult
|
|upkeep
|
|t:|1756933656
|switch|p2a: Sneasler|Sneasler, L50, F|100/100
|switch|p1a: Meowscarada|Meowscarada, L50, F|100/100
|turn|4
|
|t:|1756933671
|move|p1a: Meowscarada|Protect|p1a: Meowscarada
|-singleturn|p1a: Meowscarada|Protect
|move|p2a: Sneasler|Dire Claw|p1b: Snorlax
|-damage|p1b: Snorlax|0 fnt
|faint|p1b: Snorlax
|move|p2b: Primarina|Moonblast|p1a: Meowscarada
|-activate|p1a: Meowscarada|move: Protect
|
|upkeep
|turn|5
|
|t:|1756933693
|-terastallize|p1a: Meowscarada|Stellar
|move|p1a: Meowscarada|Sucker Punch|p2a: Sneasler
|-resisted|p2a: Sneasler
|-damage|p2a: Sneasler|65/100
|move|p2a: Sneasler|Close Combat|p1a: Meowscarada
|-supereffective|p1a: Meowscarada
|-enditem|p1a: Meowscarada|Focus Sash
|-damage|p1a: Meowscarada|1/100
|-unboost|p2a: Sneasler|def|1
|-unboost|p2a: Sneasler|spd|1
|move|p2b: Primarina|Moonblast|p1a: Meowscarada
|-supereffective|p1a: Meowscarada
|-damage|p1a: Meowscarada|0 fnt
|faint|p1a: Meowscarada
|
|win|plaidhaxx
|raw|llamatruama's rating: 1127 → 1098(-29 for losing)
|raw|plaidhaxx's rating: 1065 → 1101(+36 for winning)
