|j|☆John8660
|j|☆lolgz
|html|John8660lolgz    
|uhtml|bestof|Game 1 of a best-of-3
|t:|1784579128
|gametype|doubles
|player|p1|John8660|169|1000
|player|p2|lolgz|dawn|1116
|gen|9
|tier|[Gen 9 Champions] VGC 2026 Reg M-B (Bo3)
|rated|
|rule|Species Clause: Limit one of each Pokémon
|rule|Item Clause: Limit 1 of each item
|clearpoke
|poke|p1|Froslass, L50, F|
|poke|p1|Vivillon-Fancy, L50, M|
|poke|p1|Maushold-Four, L50|
|poke|p1|Annihilape, L50, M, shiny|
|poke|p1|Garchomp, L50, F|
|poke|p1|Incineroar, L50, F, shiny|
|poke|p2|Blastoise, L50, M|
|poke|p2|Vivillon, L50, M|
|poke|p2|Farigiraf, L50, F|
|poke|p2|Gallade, L50, M|
|poke|p2|Mawile, L50, M|
|poke|p2|Torkoal, L50, F|
|teampreview|4
|showteam|p1|Froslass||Froslassite|CursedBody|Blizzard,ShadowBall,Thunderbolt,Protect|Timid||F|||50|]Vivillon-Fancy||FocusSash|CompoundEyes|Hurricane,Tailwind,SleepPowder,Protect|Timid||M|||50|]Maushold-Four||ChopleBerry|FriendGuard|SuperFang,BeatUp,FollowMe,Protect|Timid|||||50|]Annihilape||ChoiceScarf|Defiant|RageFist,CloseCombat,DrainPunch,Protect|Jolly||M|||50|]Garchomp||RoseliBerry|RoughSkin|Earthquake,DragonClaw,SwordsDance,Protect|Serious||F|||50|]Incineroar||SitrusBerry|Intimidate|FlareBlitz,DarkestLariat,FakeOut,PartingShot|Adamant||F|||50|
|showteam|p2|Blastoise||Blastoisinite|Torrent|WaterSpout,DarkPulse,FakeOut,ShellSmash|Modest||M|||50|]Vivillon||ChoiceScarf|CompoundEyes|SleepPowder,RagePowder,Tailwind,Hurricane|Timid||M|||50|]Farigiraf||SitrusBerry|ArmorTail|TrickRoom,Psychic,HelpingHand,Protect|Relaxed||F|||50|]Gallade||IronBall|Sharpness|SacredSword,PsychoCut,LeafBlade,TrickRoom|Brave||M|||50|]Mawile||Mawilite|HyperCutter|SuckerPunch,PlayRough,RockSlide,Protect|Brave||M|||50|]Torkoal||Charcoal|Drought|WeatherBall,Eruption,EarthPower,Protect|Quiet||F|||50|
|inactive|Battle timer is ON: inactive players will automatically lose when time's up. (requested by lolgz)
|
|t:|1784579149
|teamsize|p1|4
|teamsize|p2|4
|start
|switch|p1a: Rosemary|Vivillon-Fancy, L50, M|100/100
|switch|p1b: Garchomp|Garchomp, L50, F|100/100
|switch|p2a: Vivillon|Vivillon, L50, M|100/100
|switch|p2b: Blastoise|Blastoise, L50, M|100/100
|turn|1
|inactive|lolgz has 30 seconds left.
|inactive|lolgz has 20 seconds left.
|inactive|lolgz has 15 seconds left.
|inactive|lolgz has 10 seconds left.
|inactive|lolgz has 5 seconds left.
|
|t:|1784579205
|move|p2a: Vivillon|Sleep Powder|p1b: Garchomp
|-status|p1b: Garchomp|slp|[from] move: Sleep Powder
|move|p1a: Rosemary|Tailwind|p1a: Rosemary
|-sidestart|p1: John8660|move: Tailwind
|cant|p1b: Garchomp|slp
|move|p2b: Blastoise|Water Spout|p1a: Rosemary|[spread] p1a,p1b
|-damage|p1a: Rosemary|7/100
|-damage|p1b: Garchomp|50/100g slp
|
|upkeep
|turn|2
|
|t:|1784579220
|detailschange|p2b: Blastoise|Blastoise-Mega, L50, M
|-mega|p2b: Blastoise|Blastoise|Blastoisinite
|move|p1a: Rosemary|Sleep Powder|p2b: Blastoise
|-status|p2b: Blastoise|slp|[from] move: Sleep Powder
|cant|p1b: Garchomp|slp
|move|p2a: Vivillon|Sleep Powder|p1a: Rosemary
|-status|p1a: Rosemary|slp|[from] move: Sleep Powder
|cant|p2b: Blastoise|slp
|
|upkeep
|turn|3
|
|t:|1784579243
|cant|p1a: Rosemary|slp
|-curestatus|p1b: Garchomp|slp|[msg]
|move|p1b: Garchomp|Earthquake|p2a: Vivillon|[spread] p2b
|-immune|p1a: Rosemary
|-immune|p2a: Vivillon
|-damage|p2b: Blastoise|63/100 slp
|move|p2a: Vivillon|Sleep Powder|p1b: Garchomp
|-status|p1b: Garchomp|slp|[from] move: Sleep Powder
|cant|p2b: Blastoise|slp
|
|upkeep
|turn|4
|inactive|John8660 has 30 seconds left.
|
|t:|1784579269
|-curestatus|p1a: Rosemary|slp|[msg]
|move|p1a: Rosemary|Hurricane|p2a: Vivillon
|-supereffective|p2a: Vivillon|1
|-damage|p2a: Vivillon|0 fnt
|faint|p2a: Vivillon
|cant|p1b: Garchomp|slp
|-curestatus|p2b: Blastoise|slp|[msg]
|move|p2b: Blastoise|Water Spout|p1b: Garchomp|[spread] p1a,p1b
|-damage|p1a: Rosemary|0 fnt
|-damage|p1b: Garchomp|6/100 slp
|faint|p1a: Rosemary
|
|-sideend|p1: John8660|move: Tailwind
|upkeep
|
|t:|1784579286
|switch|p2a: Farigiraf|Farigiraf, L50, F|100/100
|switch|p1a: Annihilape|Annihilape, L50, M, shiny|100/100
|turn|5
|
|t:|1784579302
|move|p1a: Annihilape|Close Combat|p2a: Farigiraf
|-damage|p2a: Farigiraf|59/100
|-unboost|p1a: Annihilape|def|1
|-unboost|p1a: Annihilape|spd|1
|cant|p1b: Garchomp|slp
|move|p2b: Blastoise|Dark Pulse|p1a: Annihilape
|-damage|p1a: Annihilape|41/100
|move|p2a: Farigiraf|Trick Room|p2a: Farigiraf
|-fieldstart|move: Trick Room|[of] p2a: Farigiraf
|
|upkeep
|turn|6
|
|t:|1784579326
|move|p2a: Farigiraf|Psychic|p1a: Annihilape
|-supereffective|p1a: Annihilape|1
|-damage|p1a: Annihilape|0 fnt
|faint|p1a: Annihilape
|move|p2b: Blastoise|Water Spout|p1b: Garchomp
|-damage|p1b: Garchomp|0 fnt
|faint|p1b: Garchomp
|
|upkeep
|
|t:|1784579341
|switch|p1a: broom|Froslass, L50, F|100/100
|turn|7
|
|t:|1784579357
|detailschange|p1a: broom|Froslass-Mega, L50, F
|-mega|p1a: broom|Froslass|Froslassite
|-weather|Snowscape|[from] ability: Snow Warning|[of] p1a: broom
|move|p2a: Farigiraf|Psychic|p1a: broom
|-damage|p1a: broom|60/100
|move|p2b: Blastoise|Dark Pulse|p1a: broom
|-supereffective|p1a: broom|1
|-damage|p1a: broom|0 fnt
|faint|p1a: broom
|
|win|lolgz
