|j|☆BlRD BOY
|j|☆otinotinotin
|html|BlRD BOYotinotinotin    
|uhtml|bestof|Game 1 of a best-of-3
|t:|1783390711
|gametype|doubles
|player|p1|BlRD BOY|brycen|1049
|player|p2|otinotinotin|2|1000
|gen|9
|tier|[Gen 9 Champions] VGC 2026 Reg M-B (Bo3)
|rated|
|rule|Species Clause: Limit one of each Pokémon
|rule|Item Clause: Limit 1 of each item
|clearpoke
|poke|p1|Torkoal, L50, M|
|poke|p1|Avalugg-Hisui, L50, F|
|poke|p1|Farigiraf, L50, F|
|poke|p1|Scrafty, L50, F|
|poke|p1|Typhlosion-Hisui, L50, F|
|poke|p1|Sinistcha-Masterpiece, L50|
|poke|p2|Lopunny, L50, F|
|poke|p2|Snorlax, L50, M|
|poke|p2|Staraptor, L50, F|
|poke|p2|Basculegion, L50, M|
|poke|p2|Torkoal, L50, F|
|poke|p2|Vileplume, L50, M|
|teampreview|4
|showteam|p1|Torkoal||Charcoal|Drought|Protect,Eruption,WeatherBall,EarthPower|Quiet||M|||50|]Avalugg-Hisui||WideLens|Sturdy|MountainGale,RockSlide,BodyPress,WideGuard|Brave||F|||50|]Farigiraf||SitrusBerry|ArmorTail|PsychicFangs,Thunderbolt,HelpingHand,TrickRoom|Relaxed||F|||50|]Scrafty||Scraftinite|Intimidate|RockSlide,KnockOff,CloseCombat,FakeOut|Brave||F|||50|]Typhlosion-Hisui||ChoiceScarf|Frisk|Eruption,HeatWave,ShadowBall,SolarBeam|Modest||F|||50|]Sinistcha-Masterpiece||KasibBerry|Hospitality|MatchaGotcha,ShadowBall,RagePowder,TrickRoom|Sassy|||||50|
|showteam|p2|Lopunny||Lopunnite|CuteCharm|FakeOut,AfterYou,CloseCombat,Protect|Jolly||F|||50|]Snorlax||ChopleBerry|ThickFat|BellyDrum,SelfDestruct,GigaImpact,BodySlam|Adamant||M|||50|]Staraptor||ChoiceScarf|Reckless|FinalGambit,CloseCombat,Roost,BraveBird|Jolly||F|||50|]Basculegion||SpellTag|Adaptability|LastRespects,WaveCrash,FlipTurn,Protect|Careful||M|||50|]Torkoal||Charcoal|Drought|Eruption,HeatWave,AncientPower,Protect|Modest||F|||50|]Vileplume||WideLens|Chlorophyll|SleepPowder,AfterYou,SludgeBomb,GrassKnot|Modest||M|||50|
|
|t:|1783390773
|teamsize|p1|4
|teamsize|p2|4
|start
|switch|p1a: Torkoal|Torkoal, L50, M|100/100
|switch|p1b: Typhlosion|Typhlosion-Hisui, L50, F|100/100
|switch|p2a: Lopunny|Lopunny, L50, F|100/100
|switch|p2b: Snorlax|Snorlax, L50, M|100/100
|-item|p2a: Lopunny|Lopunnite|[from] ability: Frisk|[of] p1b: Typhlosion
|-item|p2b: Snorlax|Chople Berry|[from] ability: Frisk|[of] p1b: Typhlosion
|-weather|SunnyDay|[from] ability: Drought|[of] p1a: Torkoal
|turn|1
|
|t:|1783390799
|switch|p1a: Scrafty|Scrafty, L50, F|100/100
|-ability|p1a: Scrafty|Intimidate|boost
|-unboost|p2a: Lopunny|atk|1
|-unboost|p2b: Snorlax|atk|1
|detailschange|p2a: Lopunny|Lopunny-Mega, L50, F
|-mega|p2a: Lopunny|Lopunny|Lopunnite
|move|p2a: Lopunny|Fake Out|p1b: Typhlosion
|-damage|p1b: Typhlosion|77/100
|cant|p1b: Typhlosion|flinch
|move|p2b: Snorlax|Belly Drum|p2b: Snorlax
|-damage|p2b: Snorlax|50/100y
|-setboost|p2b: Snorlax|atk|6|[from] move: Belly Drum
|
|-weather|SunnyDay|[upkeep]
|upkeep
|turn|2
|
|t:|1783390819
|detailschange|p1a: Scrafty|Scrafty-Mega, L50, F
|-mega|p1a: Scrafty|Scrafty|Scraftinite
|-ability|p1a: Scrafty|Intimidate|boost
|-fail|p2a: Lopunny|unboost|Attack|[from] ability: Scrappy|[of] p2a: Lopunny
|-unboost|p2b: Snorlax|atk|1
|move|p1a: Scrafty|Fake Out|p2b: Snorlax
|-damage|p2b: Snorlax|36/100
|move|p1b: Typhlosion|Eruption|p2b: Snorlax|[spread] p2a,p2b
|-crit|p2a: Lopunny
|-damage|p2a: Lopunny|0 fnt
|-damage|p2b: Snorlax|13/100
|faint|p2a: Lopunny
|cant|p2b: Snorlax|flinch
|
|-weather|SunnyDay|[upkeep]
|upkeep
|
|t:|1783390834
|switch|p2a: Staraptor|Staraptor, L50, F|100/100
|turn|3
|
|t:|1783390855
|move|p2a: Staraptor|Brave Bird|p1b: Typhlosion
|-damage|p1b: Typhlosion|0 fnt
|faint|p1b: Typhlosion
|-damage|p2a: Staraptor|80/100|[from] Recoil
|move|p1a: Scrafty|Rock Slide|p2b: Snorlax|[spread] p2a,p2b
|-supereffective|p2a: Staraptor|1
|-damage|p2a: Staraptor|26/100
|-damage|p2b: Snorlax|0 fnt
|faint|p2b: Snorlax
|
|-weather|SunnyDay|[upkeep]
|upkeep
|
|t:|1783390868
|switch|p1b: Farigiraf|Farigiraf, L50, F|100/100
|switch|p2b: Basculegion|Basculegion, L50, M|100/100
|turn|4
|
|t:|1783390887
|move|p2a: Staraptor|Brave Bird|p1a: Scrafty
|-supereffective|p1a: Scrafty|1
|-damage|p1a: Scrafty|0 fnt
|faint|p1a: Scrafty
|-damage|p2a: Staraptor|0 fnt|[from] Recoil
|faint|p2a: Staraptor
|move|p2b: Basculegion|Last Respects|p1b: Farigiraf
|-immune|p1b: Farigiraf
|move|p1b: Farigiraf|Trick Room|p1b: Farigiraf
|-fieldstart|move: Trick Room|[of] p1b: Farigiraf
|
|-weather|SunnyDay|[upkeep]
|upkeep
|
|t:|1783390896
|switch|p1a: Torkoal|Torkoal, L50, M|100/100
|turn|5
|
|t:|1783390908
|move|p1a: Torkoal|Eruption|p2b: Basculegion
|-resisted|p2b: Basculegion|1
|-damage|p2b: Basculegion|59/100
|move|p1b: Farigiraf|Thunderbolt|p2b: Basculegion
|-supereffective|p2b: Basculegion|1
|-damage|p2b: Basculegion|29/100
|-status|p2b: Basculegion|par
|move|p2b: Basculegion|Last Respects|p1a: Torkoal
|-damage|p1a: Torkoal|15/100
|
|-weather|none
|upkeep
|turn|6
|
|t:|1783390923
|move|p2b: Basculegion|Protect|p2b: Basculegion
|-singleturn|p2b: Basculegion|Protect
|move|p1a: Torkoal|Earth Power|p2b: Basculegion
|-activate|p2b: Basculegion|move: Protect
|move|p1b: Farigiraf|Thunderbolt|p2b: Basculegion
|-activate|p2b: Basculegion|move: Protect
|
|upkeep
|turn|7
|
|t:|1783390937
|move|p1a: Torkoal|Earth Power|p2b: Basculegion
|-damage|p2b: Basculegion|9/100 par
|move|p2b: Basculegion|Last Respects|p1a: Torkoal
|-damage|p1a: Torkoal|0 fnt
|faint|p1a: Torkoal
|move|p1b: Farigiraf|Thunderbolt|p2b: Basculegion
|-supereffective|p2b: Basculegion|1
|-damage|p2b: Basculegion|0 fnt
|faint|p2b: Basculegion
|
|win|BlRD BOY
|inactive|BlRD BOY has 30 seconds to confirm battle start!
|inactive|otinotinotin has 30 seconds to confirm battle start!
||BlRD BOY is ready for game 2.
|l|☆otinotinotin
|player|p2|
|inactive|otinotinotin has 20 seconds to confirm battle start!
|inactive|otinotinotin has 10 seconds to confirm battle start!
|uhtml|next|Next: Game 2 of 3
