|j|☆tmjp01
|j|☆merr123
|html|tmjp01merr123    
|uhtml|bestof|Game 3 of a best-of-3
|t:|1782541914
|gametype|doubles
|player|p1|tmjp01|2|1234
|player|p2|merr123|2|1307
|gen|9
|tier|[Gen 9 Champions] VGC 2026 Reg M-B (Bo3)
|rated|
|rule|Species Clause: Limit one of each Pokémon
|rule|Item Clause: Limit 1 of each item
|clearpoke
|poke|p1|Corviknight, L50, F|
|poke|p1|Tyranitar, L50, F|
|poke|p1|Hydreigon, L50, F|
|poke|p1|Froslass, L50, F|
|poke|p1|Garchomp, L50, M|
|poke|p1|Arcanine-Hisui, L50, F|
|poke|p2|Sneasler, L50, M|
|poke|p2|Staraptor, L50, M|
|poke|p2|Sinistcha, L50|
|poke|p2|Kingambit, L50, M|
|poke|p2|Manectric, L50, M|
|poke|p2|Garchomp, L50, F|
|teampreview|4
|showteam|p1|Corviknight||OccaBerry|MirrorArmor|BraveBird,Protect,IronHead,Tailwind|Adamant||F|||50|]Tyranitar||Tyranitarite|SandStream|Protect,KnockOff,RockSlide,DragonDance|Adamant||F|||50|]Hydreigon||ChoiceScarf|Levitate|DarkPulse,DracoMeteor,EarthPower,ZenHeadbutt|Timid||F|||50|]Froslass||Froslassite|CursedBody|Blizzard,Protect,ShadowBall,WeatherBall|Timid||F|||50|]Garchomp||LifeOrb|RoughSkin|Protect,DragonClaw,RockSlide,Earthquake|Jolly||M|||50|]Arcanine-Hisui||FocusSash|RockHead|Protect,HeadSmash,ExtremeSpeed,FlareBlitz|Adamant||F|||50|
|showteam|p2|Sneasler||FocusSash|PoisonTouch|FakeOut,CloseCombat,DireClaw,Coaching|Jolly||M|||50|]Staraptor||Staraptite|Intimidate|CloseCombat,BraveBird,Tailwind,Protect|Adamant||M|||50|]Sinistcha||SitrusBerry|Hospitality|MatchaGotcha,RagePowder,TrickRoom,Protect|Calm|||||50|]Kingambit||BlackGlasses|Defiant|SwordsDance,KowtowCleave,SuckerPunch,Protect|Adamant||M|||50|]Manectric||Manectite|LightningRod|Thunderbolt,Snarl,VoltSwitch,Protect|Timid||M|||50|]Garchomp||ChoiceScarf|RoughSkin|Earthquake,DragonClaw,StompingTantrum,RockSlide|Jolly||F|||50|
|inactive|Battle timer is ON: inactive players will automatically lose when time's up. (requested by merr123)
|inactive|merr123 has 60 seconds left.
|inactive|merr123 has 30 seconds left.
|
|t:|1782541974
|teamsize|p1|4
|teamsize|p2|4
|start
|switch|p1a: Corviknight|Corviknight, L50, F|100/100
|switch|p1b: Garchomp|Garchomp, L50, M|100/100
|switch|p2a: Sinistcha|Sinistcha, L50|100/100
|switch|p2b: Kingambit|Kingambit, L50, M|100/100
|turn|1
|
|t:|1782541989
|move|p1b: Garchomp|Earthquake|p2b: Kingambit|[spread] p2a,p2b
|-immune|p1a: Corviknight
|-resisted|p2a: Sinistcha|1
|-supereffective|p2b: Kingambit|1
|-damage|p2a: Sinistcha|73/100
|-damage|p2b: Kingambit|20/100y
|-damage|p1b: Garchomp|90/100|[from] item: Life Orb
|move|p1a: Corviknight|Brave Bird|p2a: Sinistcha
|-supereffective|p2a: Sinistcha|1
|-damage|p2a: Sinistcha|0 fnt
|faint|p2a: Sinistcha
|-damage|p1a: Corviknight|79/100|[from] Recoil
|move|p2b: Kingambit|Swords Dance|p2b: Kingambit
|-boost|p2b: Kingambit|atk|2
|
|upkeep
|
|t:|1782541997
|switch|p2a: Manectric|Manectric, L50, M|100/100
|turn|2
|
|t:|1782542015
|detailschange|p2a: Manectric|Manectric-Mega, L50, M
|-mega|p2a: Manectric|Manectric|Manectite
|-ability|p2a: Manectric|Intimidate|boost
|-ability|p1a: Corviknight|Mirror Armor
|-unboost|p2a: Manectric|atk|1
|-unboost|p1b: Garchomp|atk|1
|move|p2b: Kingambit|Sucker Punch|p1b: Garchomp
|-damage|p1b: Garchomp|0 fnt
|-damage|p2b: Kingambit|8/100|[from] ability: Rough Skin|[of] p1b: Garchomp
|faint|p1b: Garchomp
|move|p2a: Manectric|Thunderbolt|p1a: Corviknight
|-supereffective|p1a: Corviknight|1
|-damage|p1a: Corviknight|0 fnt
|faint|p1a: Corviknight
|
|upkeep
|
|t:|1782542026
|switch|p1b: Froslass|Froslass, L50, F|100/100
|switch|p1a: Arcanine|Arcanine-Hisui, L50, F|100/100
|turn|3
|
|t:|1782542038
|detailschange|p1b: Froslass|Froslass-Mega, L50, F
|-mega|p1b: Froslass|Froslass|Froslassite
|-weather|Snowscape|[from] ability: Snow Warning|[of] p1b: Froslass
|move|p2b: Kingambit|Protect|p2b: Kingambit
|-singleturn|p2b: Kingambit|Protect
|move|p1a: Arcanine|Extreme Speed|p2b: Kingambit
|-activate|p2b: Kingambit|move: Protect
|move|p2a: Manectric|Snarl|p1a: Arcanine|[spread] p1a,p1b
|-supereffective|p1b: Froslass|1
|-damage|p1a: Arcanine|83/100
|-damage|p1b: Froslass|64/100
|-unboost|p1a: Arcanine|spa|1
|-unboost|p1b: Froslass|spa|1
|move|p1b: Froslass|Blizzard|p2b: Kingambit|[spread] p2a
|-activate|p2b: Kingambit|move: Protect
|-damage|p2a: Manectric|54/100
|
|-weather|Snowscape|[upkeep]
|upkeep
|turn|4
|
|t:|1782542049
|move|p1a: Arcanine|Extreme Speed|p2b: Kingambit
|-resisted|p2b: Kingambit|1
|-damage|p2b: Kingambit|0 fnt
|faint|p2b: Kingambit
|move|p2a: Manectric|Snarl|p1b: Froslass|[spread] p1a,p1b
|-supereffective|p1b: Froslass|1
|-crit|p1b: Froslass
|-damage|p1a: Arcanine|63/100
|-damage|p1b: Froslass|11/100
|-unboost|p1a: Arcanine|spa|1
|-unboost|p1b: Froslass|spa|1
|move|p1b: Froslass|Weather Ball|p2a: Manectric
|-damage|p2a: Manectric|12/100
|
|-weather|Snowscape|[upkeep]
|upkeep
|
|t:|1782542051
|switch|p2b: Sneasler|Sneasler, L50, M|100/100
|turn|5
|inactive|tmjp01 has 30 seconds left.
|
|t:|1782542085
|move|p2b: Sneasler|Fake Out|p1a: Arcanine
|-resisted|p1a: Arcanine|1
|-damage|p1a: Arcanine|54/100
|cant|p1a: Arcanine|flinch
|move|p2a: Manectric|Snarl|p1b: Froslass|[spread] p1a,p1b
|-supereffective|p1b: Froslass|1
|-damage|p1a: Arcanine|36/100
|-damage|p1b: Froslass|0 fnt
|-unboost|p1a: Arcanine|spa|1
|faint|p1b: Froslass
|
|-weather|Snowscape|[upkeep]
|upkeep
|turn|6
|c|☆merr123|ggs
|-message|tmjp01 forfeited.
|
|win|merr123
|raw|tmjp01's rating: 1234 → 1214(-20 for losing)
|raw|merr123's rating: 1307 → 1323(+16 for winning)
