|j|☆swooshcel
|j|☆Van (Dream)
|html|swooshcelVan (Dream)    
|uhtml|bestof|Game 1 of a best-of-3
|t:|1785986721
|gametype|doubles
|player|p1|swooshcel|1|
|player|p2|Van (Dream)|li|
|gen|9
|tier|[Gen 9 Champions] VGC 2026 Reg M-B (Bo3)
|rule|Species Clause: Limit one of each Pokémon
|rule|Item Clause: Limit 1 of each item
|clearpoke
|poke|p1|Sinistcha-Masterpiece, L50|
|poke|p1|Basculegion, L50, M|
|poke|p1|Corviknight, L50, F|
|poke|p1|Glimmora, L50, M|
|poke|p1|Aurorus, L50, F|
|poke|p1|Froslass, L50, F|
|poke|p2|Politoed, L50, M|
|poke|p2|Swampert, L50, M|
|poke|p2|Archaludon, L50, M|
|poke|p2|Gholdengo, L50|
|poke|p2|Scrafty, L50, M|
|poke|p2|Garganacl, L50, F|
|teampreview|4
|showteam|p1|Sinistcha-Masterpiece||SitrusBerry|Hospitality|MatchaGotcha,CalmMind,ShadowBall,RagePowder|Calm|||||50|]Basculegion||LifeOrb|SwiftSwim|PsychicFangs,WaveCrash,LastRespects,FlipTurn|Jolly||M|||50|]Corviknight||FocusSash|Pressure|BraveBird,BodyPress,Tailwind,IronDefense|Impish||F|||50|]Glimmora||Glimmoranite|ToxicDebris|PowerGem,Protect,SludgeWave,MudShot|Modest||M|||50|]Aurorus||LightClay|SnowWarning|AuroraVeil,Blizzard,FlashCannon,Earthquake|Brave||F|||50|]Froslass||Froslassite|SnowCloak|Blizzard,Protect,NastyPlot,ShadowBall|Modest||F|||50|
|showteam|p2|Politoed||WacanBerry|Drizzle|WeatherBall,IcyWind,HelpingHand,Protect|Bold||M|||50|]Swampert||Swampertite|Damp|Waterfall,Earthquake,IcePunch,Protect|Adamant||M|||50|]Archaludon||SitrusBerry|Stamina|ElectroShot,FlashCannon,DragonPulse,Protect|Modest||M|||50|]Gholdengo||LifeOrb|GoodasGold|MakeItRain,ShadowBall,Thunderbolt,Protect|Modest|||||50|]Scrafty||MentalHerb|Intimidate|FakeOut,CloseCombat,KnockOff,Taunt|Careful||M|||50|]Garganacl||Leftovers|PurifyingSalt|SaltCure,Recover,WideGuard,Protect|Careful||F|||50|
|
|t:|1785986939
|teamsize|p1|4
|teamsize|p2|4
|start
|switch|p1a: tailwind slave|Corviknight, L50, F|100/100
|switch|p1b: jarona|Sinistcha-Masterpiece, L50|100/100
|switch|p2a: Scrafty|Scrafty, L50, M|100/100
|switch|p2b: Gholdengo|Gholdengo, L50|100/100
|-ability|p1a: tailwind slave|Pressure
|-ability|p2a: Scrafty|Intimidate|boost
|-unboost|p1a: tailwind slave|atk|1
|-unboost|p1b: jarona|atk|1
|turn|1
|
|t:|1785987171
|switch|p1b: roland|Basculegion, L50, M|100/100
|move|p2a: Scrafty|Fake Out|p1a: tailwind slave
|-resisted|p1a: tailwind slave|1
|-damage|p1a: tailwind slave|96/100
|move|p2b: Gholdengo|Make It Rain|p1a: tailwind slave|[spread] p1b
|-miss|p2b: Gholdengo|p1a: tailwind slave
|-resisted|p1b: roland|1
|-damage|p1b: roland|62/100
|-unboost|p2b: Gholdengo|spa|2
|-damage|p2b: Gholdengo|90/100|[from] item: Life Orb
|cant|p1a: tailwind slave|flinch
|
|upkeep
|turn|2
|
|t:|1785988541
|move|p1b: roland|Last Respects|p2b: Gholdengo
|-supereffective|p2b: Gholdengo|1
|-damage|p2b: Gholdengo|22/100
|-damage|p1b: roland|52/100|[from] item: Life Orb
|move|p2b: Gholdengo|Shadow Ball|p1b: roland
|-supereffective|p1b: roland|1
|-damage|p1b: roland|0 fnt
|faint|p1b: roland
|-damage|p2b: Gholdengo|12/100|[from] item: Life Orb
|move|p1a: tailwind slave|Tailwind|p1a: tailwind slave
|-sidestart|p1: swooshcel|move: Tailwind
|move|p2a: Scrafty|Taunt|p1a: tailwind slave
|-start|p1a: tailwind slave|move: Taunt
|
|upkeep
|
|t:|1785988557
|switch|p1b: jarona|Sinistcha-Masterpiece, L50|100/100
|-heal|p1a: tailwind slave|100/100|[from] ability: Hospitality|[of] p1b: jarona
|turn|3
|n|☆swooshcel|swooshcel
|n|☆Van (Dream)|vandream
|
|t:|1785989433
|switch|p2b: Politoed|Politoed, L50, M|100/100
|-weather|RainDance|[from] ability: Drizzle|[of] p2b: Politoed
|move|p1b: jarona|Shadow Ball|p2b: Politoed
|-damage|p2b: Politoed|73/100
|-unboost|p2b: Politoed|spd|1
|move|p1a: tailwind slave|Brave Bird|p2a: Scrafty
|-supereffective|p2a: Scrafty|1
|-damage|p2a: Scrafty|55/100
|-damage|p1a: tailwind slave|88/100|[from] Recoil
|move|p2a: Scrafty|Knock Off|p1b: jarona
|-supereffective|p1b: jarona|1
|-damage|p1b: jarona|35/100
|-enditem|p1b: jarona|Sitrus Berry|[from] move: Knock Off|[of] p2a: Scrafty
|
|-weather|RainDance|[upkeep]
|upkeep
|turn|4
|
|t:|1785989729
|move|p1b: jarona|Matcha Gotcha|p2b: Politoed|[spread] p2a
|-miss|p1b: jarona|p2b: Politoed
|-damage|p2a: Scrafty|33/100
|-heal|p1b: jarona|46/100|[from] drain|[of] p2a: Scrafty
|move|p1a: tailwind slave|Body Press|p2a: Scrafty
|-supereffective|p2a: Scrafty|1
|-damage|p2a: Scrafty|0 fnt
|faint|p2a: Scrafty
|move|p2b: Politoed|Weather Ball|p1a: tailwind slave
|-damage|p1a: tailwind slave|41/100
|
|-weather|RainDance|[upkeep]
|upkeep
|
|t:|1785989961
|switch|p2a: Swampert|Swampert, L50, M|100/100
|turn|5
|
|t:|1785990288
|detailschange|p2a: Swampert|Swampert-Mega, L50, M
|-mega|p2a: Swampert|Swampert|Swampertite
|move|p2a: Swampert|Ice Punch|p1b: jarona
|-supereffective|p1b: jarona|1
|-damage|p1b: jarona|0 fnt
|faint|p1b: jarona
|move|p1a: tailwind slave|Body Press|p2b: Politoed
|-damage|p2b: Politoed|48/100
|move|p2b: Politoed|Weather Ball|p1a: tailwind slave
|-damage|p1a: tailwind slave|0 fnt
|faint|p1a: tailwind slave
|
|-weather|RainDance|[upkeep]
|-sideend|p1: swooshcel|move: Tailwind
|upkeep
|
|t:|1785990307
|switch|p1b: train neck|Glimmora, L50, M|100/100
|turn|6
|
|t:|1785990315
|detailschange|p1b: train neck|Glimmora-Mega, L50, M
|-mega|p1b: train neck|Glimmora|Glimmoranite
|move|p2a: Swampert|Earthquake|p1b: train neck|[spread] p2b,p1b
|-supereffective|p1b: train neck|2
|-damage|p2b: Politoed|3/100
|-damage|p1b: train neck|0 fnt
|faint|p1b: train neck
|
|win|Van (Dream)
