|j|☆Rock slap
|j|☆fili53
|html|Rock slapfili53    
|uhtml|bestof|Game 2 of a best-of-3
|t:|1757626907
|gametype|doubles
|player|p1|Rock slap|hiker-gen4|1260
|player|p2|fili53|cress|1251
|gen|9
|tier|[Gen 9] VGC 2025 Reg H (Bo3)
|rated|
|rule|Species Clause: Limit one of each Pokémon
|rule|Item Clause: Limit 1 of each item
|clearpoke
|poke|p1|Kommo-o, L50, M|
|poke|p1|Incineroar, L50, M|
|poke|p1|Rillaboom, L50, M|
|poke|p1|Volcarona, L50, M|
|poke|p1|Electabuzz, L50, M|
|poke|p1|Golduck, L50, F|
|poke|p2|Gholdengo, L50|
|poke|p2|Incineroar, L50, F|
|poke|p2|Amoonguss, L50, F|
|poke|p2|Garchomp, L50, F|
|poke|p2|Kilowattrel, L50, F|
|poke|p2|Tyranitar, L50, M|
|teampreview|4
|showteam|p1|Kommo-o||ThroatSpray|Soundproof|ClangingScales,FlashCannon,ClangorousSoul,Protect|||M|||50|,,,,,Steel]Incineroar||SafetyGoggles|Intimidate|FakeOut,KnockOff,PartingShot,FlareBlitz|||M|||50|,,,,,Ghost]Rillaboom||AssaultVest|GrassySurge|FakeOut,WoodHammer,HighHorsepower,GrassyGlide|||M|||50|,,,,,Water]Volcarona||SitrusBerry|FlameBody|QuiverDance,HeatWave,TeraBlast,Protect|||M|||50|,,,,,Fairy]Electabuzz||Eviolite|VitalSpirit|Protect,Electroweb,Taunt,FollowMe|||M|||50|,,,,,Fairy]Golduck||CovertCloak|CloudNine|IcyWind,SimpleBeam,HelpingHand,Encore|||F|||50|,,,,,Poison
|showteam|p2|Gholdengo||MetalCoat|GoodasGold|MakeItRain,NastyPlot,ShadowBall,Protect||||||50|,,,,,Flying]Incineroar||SafetyGoggles|Intimidate|FakeOut,FlareBlitz,PartingShot,KnockOff|||F|||50|,,,,,Grass]Amoonguss||SitrusBerry|Regenerator|Spore,RagePowder,PollenPuff,Protect|||F|||50|,,,,,Psychic]Garchomp||LifeOrb|RoughSkin|DragonClaw,StompingTantrum,Earthquake,Protect|||F|||50|,,,,,Fire]Kilowattrel||CovertCloak|Competitive|AirSlash,Tailwind,Thunderbolt,Protect|||F|||50|,,,,,Fairy]Tyranitar||AssaultVest|SandStream|RockSlide,KnockOff,LowKick,TeraBlast|||M|||50|,,,,,Flying
|inactive|Battle timer is ON: inactive players will automatically lose when time's up. (requested by fili53)
|inactive|Rock slap has 60 seconds left.
|
|t:|1757626965
|teamsize|p1|4
|teamsize|p2|4
|start
|switch|p1a: Kommo-o|Kommo-o, L50, M, shiny|100/100
|switch|p1b: Rillaboom|Rillaboom, L50, M|100/100
|switch|p2a: Kilowattrel|Kilowattrel, L50, F|100/100
|switch|p2b: Gholdengo|Gholdengo, L50|100/100
|-fieldstart|move: Grassy Terrain|[from] ability: Grassy Surge|[of] p1b: Rillaboom
|turn|1
|inactive|Rock slap has 30 seconds left.
|
|t:|1757626994
|-terastallize|p2b: Gholdengo|Flying
|-terastallize|p1a: Kommo-o|Steel
|move|p2a: Kilowattrel|Tailwind|p2a: Kilowattrel
|-sidestart|p2: fili53|move: Tailwind
|move|p2b: Gholdengo|Nasty Plot|p2b: Gholdengo
|-boost|p2b: Gholdengo|spa|2
|move|p1a: Kommo-o|Clangorous Soul|p1a: Kommo-o
|-boost|p1a: Kommo-o|atk|1
|-boost|p1a: Kommo-o|def|1
|-boost|p1a: Kommo-o|spa|1
|-boost|p1a: Kommo-o|spd|1
|-boost|p1a: Kommo-o|spe|1
|-damage|p1a: Kommo-o|68/100
|-enditem|p1a: Kommo-o|Throat Spray
|-boost|p1a: Kommo-o|spa|1|[from] item: Throat Spray
|move|p1b: Rillaboom|High Horsepower|p2b: Gholdengo
|-immune|p2b: Gholdengo
|
|-heal|p1a: Kommo-o|74/100|[from] Grassy Terrain
|upkeep
|turn|2
|inactive|fili53 has 30 seconds left.
|
|t:|1757627027
|switch|p1b: Electabuzz|Electabuzz, L50, M, shiny|100/100
|move|p1a: Kommo-o|Protect|p1a: Kommo-o
|-singleturn|p1a: Kommo-o|Protect
|move|p2a: Kilowattrel|Thunderbolt|p1a: Kommo-o
|-activate|p1a: Kommo-o|move: Protect
|move|p2b: Gholdengo|Shadow Ball|p1a: Kommo-o
|-activate|p1a: Kommo-o|move: Protect
|
|-heal|p1a: Kommo-o|80/100|[from] Grassy Terrain
|upkeep
|turn|3
|inactive|fili53 has 30 seconds left.
|
|t:|1757627059
|switch|p2a: Tyranitar|Tyranitar, L50, M|100/100
|-weather|Sandstorm|[from] ability: Sand Stream|[of] p2a: Tyranitar
|move|p1b: Electabuzz|Follow Me|p1b: Electabuzz
|-singleturn|p1b: Electabuzz|move: Follow Me
|move|p2b: Gholdengo|Nasty Plot|p2b: Gholdengo
|-boost|p2b: Gholdengo|spa|2
|move|p1a: Kommo-o|Clanging Scales|p2b: Gholdengo|[spread] p2a,p2b
|-crit|p2a: Tyranitar
|-damage|p2a: Tyranitar|55/100
|-damage|p2b: Gholdengo|14/100
|-unboost|p1a: Kommo-o|def|1
|
|-weather|Sandstorm|[upkeep]
|-damage|p2b: Gholdengo|8/100|[from] Sandstorm
|-damage|p1b: Electabuzz|95/100|[from] Sandstorm
|-heal|p2a: Tyranitar|61/100|[from] Grassy Terrain
|-heal|p1a: Kommo-o|86/100|[from] Grassy Terrain
|-heal|p1b: Electabuzz|100/100|[from] Grassy Terrain
|upkeep
|turn|4
|
|t:|1757627082
|switch|p2a: Kilowattrel|Kilowattrel, L50, F|100/100
|move|p1a: Kommo-o|Protect|p1a: Kommo-o
|-singleturn|p1a: Kommo-o|Protect
|move|p1b: Electabuzz|Protect|p1b: Electabuzz
|-singleturn|p1b: Electabuzz|Protect
|move|p2b: Gholdengo|Make It Rain|p1b: Electabuzz|[spread] 
|-activate|p1a: Kommo-o|move: Protect
|-activate|p1b: Electabuzz|move: Protect
|
|-weather|Sandstorm|[upkeep]
|-damage|p2a: Kilowattrel|94/100|[from] Sandstorm
|-damage|p2b: Gholdengo|2/100|[from] Sandstorm
|-damage|p1b: Electabuzz|95/100|[from] Sandstorm
|-heal|p1a: Kommo-o|91/100|[from] Grassy Terrain
|-heal|p1b: Electabuzz|100/100|[from] Grassy Terrain
|-sideend|p2: fili53|move: Tailwind
|upkeep
|turn|5
|
|t:|1757627096
|switch|p2b: Tyranitar|Tyranitar, L50, M|61/100
|move|p1b: Electabuzz|Follow Me|p1b: Electabuzz
|-singleturn|p1b: Electabuzz|move: Follow Me
|move|p1a: Kommo-o|Clanging Scales|p2b: Tyranitar|[spread] p2a,p2b
|-damage|p2a: Kilowattrel|0 fnt
|-damage|p2b: Tyranitar|33/100
|faint|p2a: Kilowattrel
|-unboost|p1a: Kommo-o|def|1
|
|-weather|Sandstorm|[upkeep]
|-damage|p1b: Electabuzz|95/100|[from] Sandstorm
|-heal|p1a: Kommo-o|97/100|[from] Grassy Terrain
|-heal|p1b: Electabuzz|100/100|[from] Grassy Terrain
|-heal|p2b: Tyranitar|39/100|[from] Grassy Terrain
|-fieldend|move: Grassy Terrain
|upkeep
|
|t:|1757627104
|switch|p2a: Garchomp|Garchomp, L50, F|100/100
|turn|6
|-message|fili53 forfeited.
|
|win|Rock slap
|raw|Rock slap's rating: 1260 → 1284(+24 for winning)
|raw|fili53's rating: 1251 → 1227(-24 for losing)
|l|☆fili53
|player|p2|
