|j|☆lazarett
|j|☆hatsune p2
|html|lazaretthatsune p2    
|uhtml|bestof|Game 2 of a best-of-3
|t:|1757668413
|gametype|doubles
|player|p1|lazarett|riley|1306
|player|p2|hatsune p2|miku-fairy|1271
|gen|9
|tier|[Gen 9] VGC 2025 Reg H (Bo3)
|rated|
|rule|Species Clause: Limit one of each Pokémon
|rule|Item Clause: Limit 1 of each item
|clearpoke
|poke|p1|Slaking, L50, M|
|poke|p1|Weezing, L50, F|
|poke|p1|Tatsugiri-Droopy, L50, M|
|poke|p1|Dondozo, L50, M|
|poke|p1|Kilowattrel, L50, F|
|poke|p1|Mamoswine, L50, M|
|poke|p2|Hydreigon, L50, M|
|poke|p2|Annihilape, L50, M|
|poke|p2|Maushold-Four, L50|
|poke|p2|Ursaluna-Bloodmoon, L50, M|
|poke|p2|Rillaboom, L50, F|
|poke|p2|Talonflame, L50, F|
|teampreview|4
|showteam|p1|Slaking||LifeOrb|Truant|Protect,DoubleEdge,HighHorsepower,SuckerPunch|||M|||50|,,,,,Ghost]Weezing||CovertCloak|NeutralizingGas|Protect,ToxicSpikes,WillOWisp,SludgeBomb|||F|||50|,,,,,Fairy]Tatsugiri-Droopy||AssaultVest|Commander|MuddyWater,DracoMeteor,IcyWind,MirrorCoat|||M|||50|,,,,,Steel]Dondozo||Leftovers|Unaware|Protect,Substitute,WaveCrash,Earthquake|||M|||50|,,,,,Ground]Kilowattrel||ChoiceSpecs|Competitive|VoltSwitch,Discharge,AirSlash,Thunderbolt|||F|||50|,,,,,Ghost]Mamoswine||FocusSash|Oblivious|Protect,Earthquake,IceShard,IcicleCrash|||M|||50|,,,,,Ghost
|showteam|p2|Hydreigon||SafetyGoggles|Levitate|DracoMeteor,DarkPulse,EarthPower,Protect|||M|||50|,,,,,Ghost]Annihilape||SitrusBerry|Defiant|DrainPunch,RageFist,BulkUp,Protect|||M|||50|,,,,,Fire]Maushold-Four||FocusSash|FriendGuard|BeatUp,Taunt,FollowMe,Protect||||||50|,,,,,Ghost]Ursaluna-Bloodmoon||AssaultVest|MindsEye|EarthPower,BloodMoon,HyperVoice,VacuumWave|||M|||50|,,,,,Water]Rillaboom||MiracleSeed|GrassySurge|FakeOut,GrassyGlide,WoodHammer,HighHorsepower|||F|||50|,,,,,Fire]Talonflame||CovertCloak|GaleWings|FlareBlitz,BraveBird,Tailwind,WillOWisp|||F|||50|,,,,,Dark
|
|t:|1757668463
|teamsize|p1|4
|teamsize|p2|4
|start
|switch|p1a: Kilowattrel|Kilowattrel, L50, F|100/100
|switch|p1b: Mamoswine|Mamoswine, L50, M|100/100
|switch|p2a: Hydreigon|Hydreigon, L50, M|100/100
|switch|p2b: Talonflame|Talonflame, L50, F|100/100
|turn|1
|
|t:|1757668494
|move|p2b: Talonflame|Tailwind|p2b: Talonflame
|-sidestart|p2: hatsune p2|move: Tailwind
|move|p2a: Hydreigon|Draco Meteor|p1a: Kilowattrel
|-damage|p1a: Kilowattrel|0 fnt
|-unboost|p2a: Hydreigon|spa|2
|faint|p1a: Kilowattrel
|move|p1b: Mamoswine|Icicle Crash|p2a: Hydreigon
|-supereffective|p2a: Hydreigon
|-damage|p2a: Hydreigon|0 fnt
|faint|p2a: Hydreigon
|
|upkeep
|
|t:|1757668509
|switch|p1a: Weezing|Weezing, L50, F|100/100
|switch|p2a: Ursaluna|Ursaluna-Bloodmoon, L50, M|100/100
|-ability|p1a: Weezing|Neutralizing Gas
|turn|2
|
|t:|1757668542
|-terastallize|p2a: Ursaluna|Water
|-terastallize|p1b: Mamoswine|Ghost
|move|p2b: Talonflame|Brave Bird|p1b: Mamoswine
|-damage|p1b: Mamoswine|52/100
|-damage|p2b: Talonflame|82/100|[from] Recoil
|move|p2a: Ursaluna|Hyper Voice|p1a: Weezing|[spread] p1a
|-immune|p1b: Mamoswine
|-damage|p1a: Weezing|62/100
|move|p1b: Mamoswine|Icicle Crash|p2b: Talonflame
|-damage|p2b: Talonflame|6/100
|move|p1a: Weezing|Toxic Spikes|p2a: Ursaluna
|-sidestart|p2: hatsune p2|move: Toxic Spikes
|
|upkeep
|turn|3
|
|t:|1757668575
|move|p1a: Weezing|Protect|p1a: Weezing
|-singleturn|p1a: Weezing|Protect
|move|p1b: Mamoswine|Ice Shard|p2b: Talonflame
|-damage|p2b: Talonflame|0 fnt
|faint|p2b: Talonflame
|move|p2a: Ursaluna|Earth Power|p1b: Mamoswine
|-damage|p1b: Mamoswine|0 fnt
|faint|p1b: Mamoswine
|
|upkeep
|
|t:|1757668583
|switch|p2b: Rillaboom|Rillaboom, L50, F|100/100
|switch|p1b: Slaking|Slaking, L50, M|100/100
|-status|p2b: Rillaboom|psn
|turn|4
|
|t:|1757668603
|move|p2b: Rillaboom|Fake Out|p1b: Slaking
|-damage|p1b: Slaking|89/100
|move|p2a: Ursaluna|Earth Power|p1a: Weezing
|-supereffective|p1a: Weezing
|-damage|p1a: Weezing|0 fnt
|faint|p1a: Weezing
|-end|p1a: Weezing|ability: Neutralizing Gas
|-fieldstart|move: Grassy Terrain|[from] ability: Grassy Surge|[of] p2b: Rillaboom
|cant|p1b: Slaking|flinch
|
|-heal|p1b: Slaking|95/100|[from] Grassy Terrain
|-damage|p2b: Rillaboom|88/100 psn|[from] psn
|-sideend|p2: hatsune p2|move: Tailwind
|upkeep
|turn|5
|
|t:|1757668619
|move|p2b: Rillaboom|Grassy Glide|p1b: Slaking
|-damage|p1b: Slaking|60/100
|cant|p1b: Slaking|ability: Truant
|move|p2a: Ursaluna|Blood Moon|p1b: Slaking
|-damage|p1b: Slaking|0 fnt
|faint|p1b: Slaking
|
|win|hatsune p2
||hatsune p2 is ready for game 3.
||lazarett is ready for game 3.
|uhtml|next|Next: Game 3 of 3
|l|☆lazarett
|player|p1|
