|j|☆SuprEpcGuy
|j|☆nutbuster151
|html|SuprEpcGuynutbuster151    
|uhtml|bestof|Game 2 of a best-of-3
|t:|1784048518
|gametype|doubles
|player|p1|SuprEpcGuy|shauntal|1239
|player|p2|nutbuster151|acetrainer|1177
|gen|9
|tier|[Gen 9 Champions] VGC 2026 Reg M-B (Bo3)
|rated|
|rule|Species Clause: Limit one of each Pokémon
|rule|Item Clause: Limit 1 of each item
|clearpoke
|poke|p1|Zoroark-Hisui, L50, F|
|poke|p1|Aerodactyl, L50, M|
|poke|p1|Kingambit, L50, F, shiny|
|poke|p1|Basculegion, L50, M|
|poke|p1|Incineroar, L50, F|
|poke|p1|Sylveon, L50, F|
|poke|p2|Sneasler, L50, M|
|poke|p2|Charizard, L50, M|
|poke|p2|Tyranitar, L50, M|
|poke|p2|Garchomp, L50, F|
|poke|p2|Whimsicott, L50, F|
|poke|p2|Basculegion, L50, M|
|teampreview|4
|showteam|p1|Zoroark-Hisui||FocusSash|Illusion|ShadowBall,WillOWisp,Taunt,Protect|Timid||F|||50|]Aerodactyl||Aerodactylite|RockHead|RockSlide,IceFang,DualWingbeat,Tailwind|Jolly||M|||50|]Kingambit||ChopleBerry|Defiant|SuckerPunch,KowtowCleave,LowKick,Protect|Adamant||F|||50|]Basculegion||MysticWater|Adaptability|AquaJet,Liquidation,LastRespects,Protect|Adamant||M|||50|]Incineroar||SitrusBerry|Intimidate|FlareBlitz,ThroatChop,PartingShot,FakeOut|Careful||F|||50|]Sylveon||FairyFeather|Pixilate|HyperVoice,QuickAttack,HyperBeam,Protect|Modest||F|||50|
|showteam|p2|Sneasler||WhiteHerb|Unburden|CloseCombat,DireClaw,FakeOut,Coaching|Impish||M|||50|]Charizard||CharizarditeY|Blaze|HeatWave,SolarBeam,WeatherBall,Protect|Modest||M|||50|]Tyranitar||Tyranitarite|SandStream|RockSlide,DragonDance,Crunch,Protect|Adamant||M|||50|]Garchomp||FocusSash|SandVeil|DragonClaw,StompingTantrum,SwordsDance,Protect|Jolly||F|||50|]Whimsicott||FairyFeather|Prankster|Tailwind,Encore,Moonblast,Protect|Timid||F|||50|]Basculegion||ChoiceScarf|Adaptability|WaveCrash,LastRespects,AquaJet,FlipTurn|Adamant||M|||50|
|inactive|Battle timer is ON: inactive players will automatically lose when time's up. (requested by SuprEpcGuy)
|inactive|nutbuster151 has 60 seconds left.
|
|t:|1784048548
|teamsize|p1|4
|teamsize|p2|4
|start
|switch|p1a: Freight|Aerodactyl, L50, M|100/100
|switch|p1b: Big Purr|Incineroar, L50, F|100/100
|switch|p2a: Garchomp|Garchomp, L50, F|100/100
|switch|p2b: Whimsicott|Whimsicott, L50, F|100/100
|-ability|p1b: Big Purr|Intimidate|boost
|-unboost|p2a: Garchomp|atk|1
|-unboost|p2b: Whimsicott|atk|1
|turn|1
|
|t:|1784048571
|detailschange|p1a: Freight|Aerodactyl-Mega, L50, M
|-mega|p1a: Freight|Aerodactyl|Aerodactylite
|move|p2b: Whimsicott|Protect|p2b: Whimsicott
|-singleturn|p2b: Whimsicott|Protect
|move|p2a: Garchomp|Protect|p2a: Garchomp
|-singleturn|p2a: Garchomp|Protect
|move|p1b: Big Purr|Fake Out|p2b: Whimsicott
|-activate|p2b: Whimsicott|move: Protect
|move|p1a: Freight|Tailwind|p1a: Freight
|-sidestart|p1: SuprEpcGuy|move: Tailwind
|
|upkeep
|turn|2
|inactive|SuprEpcGuy has 30 seconds left.
|inactive|nutbuster151 has 30 seconds left.
|inactive|nutbuster151 has 20 seconds left.
|
|t:|1784048606
|move|p2b: Whimsicott|Encore|p1a: Freight
|-start|p1a: Freight|Encore
|move|p1a: Freight|Tailwind||[still]
|-fail|p1a: Freight
|move|p2a: Garchomp|Dragon Claw|p1a: Freight
|-damage|p1a: Freight|61/100
|move|p1b: Big Purr|Flare Blitz|p2b: Whimsicott
|-supereffective|p2b: Whimsicott|1
|-damage|p2b: Whimsicott|0 fnt
|faint|p2b: Whimsicott
|-damage|p1b: Big Purr|77/100|[from] Recoil
|
|upkeep
|
|t:|1784048620
|switch|p2b: Charizard|Charizard, L50, M|100/100
|turn|3
|
|t:|1784048635
|switch|p1a: Reverence|Basculegion, L50, M|100/100
|detailschange|p2b: Charizard|Charizard-Mega-Y, L50, M
|-mega|p2b: Charizard|Charizard|Charizardite Y
|-weather|SunnyDay|[from] ability: Drought|[of] p2b: Charizard
|move|p2a: Garchomp|Stomping Tantrum|p1b: Big Purr
|-supereffective|p1b: Big Purr|1
|-damage|p1b: Big Purr|35/100
|-enditem|p1b: Big Purr|Sitrus Berry|[eat]
|-heal|p1b: Big Purr|59/100|[from] item: Sitrus Berry
|move|p1b: Big Purr|Parting Shot|p2b: Charizard
|-unboost|p2b: Charizard|atk|1
|-unboost|p2b: Charizard|spa|1
|
|t:|1784048651
|switch|p1b: Freight|Aerodactyl-Mega, L50, M|61/100|[from] Parting Shot
|move|p2b: Charizard|Weather Ball|p1a: Reverence
|-resisted|p1a: Reverence|1
|-damage|p1a: Reverence|71/100
|
|-weather|SunnyDay|[upkeep]
|upkeep
|turn|4
|inactive|SuprEpcGuy has 30 seconds left.
|
|t:|1784048676
|switch|p2a: Basculegion|Basculegion, L50, M|100/100
|move|p2b: Charizard|Protect|p2b: Charizard
|-singleturn|p2b: Charizard|Protect
|move|p1b: Freight|Rock Slide|p2a: Basculegion|[spread] 
|-activate|p2b: Charizard|move: Protect
|-miss|p1b: Freight|p2a: Basculegion
|move|p1a: Reverence|Liquidation|p2b: Charizard
|-activate|p2b: Charizard|move: Protect
|
|-weather|SunnyDay|[upkeep]
|-sideend|p1: SuprEpcGuy|move: Tailwind
|upkeep
|turn|5
|inactive|SuprEpcGuy has 30 seconds left.
|
|t:|1784048708
|switch|p1b: Big Purr|Incineroar, L50, F|59/100
|-ability|p1b: Big Purr|Intimidate|boost
|-unboost|p2a: Basculegion|atk|1
|-unboost|p2b: Charizard|atk|1
|switch|p2b: Garchomp|Garchomp, L50, F|100/100
|move|p1a: Reverence|Protect|p1a: Reverence
|-singleturn|p1a: Reverence|Protect
|move|p2a: Basculegion|Last Respects|p1a: Reverence
|-activate|p1a: Reverence|move: Protect
|
|-weather|SunnyDay|[upkeep]
|upkeep
|turn|6
|inactive|nutbuster151 has 30 seconds left.
|inactive|SuprEpcGuy has 30 seconds left.
|inactive|nutbuster151 has 20 seconds left.
|inactive|nutbuster151 has 15 seconds left.
|
|t:|1784048751
|switch|p1a: Paraselene|Kingambit, L50, F, shiny|100/100
|move|p2a: Basculegion|Last Respects|p1a: Paraselene
|-resisted|p1a: Paraselene|1
|-damage|p1a: Paraselene|82/100
|move|p2b: Garchomp|Swords Dance|p2b: Garchomp
|-boost|p2b: Garchomp|atk|2
|move|p1b: Big Purr|Parting Shot|p2a: Basculegion
|-unboost|p2a: Basculegion|atk|1
|-unboost|p2a: Basculegion|spa|1
|
|t:|1784048763
|switch|p1b: Freight|Aerodactyl-Mega, L50, M|61/100|[from] Parting Shot
|
|-weather|SunnyDay|[upkeep]
|upkeep
|turn|7
|inactive|nutbuster151 has 30 seconds left.
|
|t:|1784048790
|switch|p2a: Charizard|Charizard-Mega-Y, L50, M|100/100
|move|p1b: Freight|Ice Fang|p2b: Garchomp
|-supereffective|p2b: Garchomp|2
|-enditem|p2b: Garchomp|Focus Sash
|-damage|p2b: Garchomp|1/100
|move|p2b: Garchomp|Dragon Claw|p1b: Freight
|-damage|p1b: Freight|0 fnt
|faint|p1b: Freight
|move|p1a: Paraselene|Kowtow Cleave|p2a: Charizard
|-damage|p2a: Charizard|48/100
|
|-weather|none
|upkeep
|
|t:|1784048805
|switch|p1b: Reverence|Basculegion, L50, M|71/100
|turn|8
|
|t:|1784048819
|switch|p2a: Basculegion|Basculegion, L50, M|100/100
|move|p2b: Garchomp|Protect|p2b: Garchomp
|-singleturn|p2b: Garchomp|Protect
|move|p1a: Paraselene|Sucker Punch||[still]
|-fail|p1a: Paraselene
|move|p1b: Reverence|Last Respects|p2a: Basculegion
|-supereffective|p2a: Basculegion|1
|-damage|p2a: Basculegion|0 fnt
|faint|p2a: Basculegion
|
|upkeep
|
|t:|1784048830
|switch|p2a: Charizard|Charizard-Mega-Y, L50, M|48/100
|-weather|SunnyDay|[from] ability: Drought|[of] p2a: Charizard
|turn|9
|
|t:|1784048841
|move|p1b: Reverence|Aqua Jet|p2b: Garchomp
|-damage|p2b: Garchomp|0 fnt
|faint|p2b: Garchomp
|move|p1a: Paraselene|Sucker Punch|p2a: Charizard
|-damage|p2a: Charizard|1/100
|move|p2a: Charizard|Heat Wave|p1a: Paraselene|[spread] p1a,p1b
|-supereffective|p1a: Paraselene|1
|-resisted|p1b: Reverence|1
|-damage|p1a: Paraselene|0 fnt
|-damage|p1b: Reverence|39/100
|faint|p1a: Paraselene
|
|-weather|SunnyDay|[upkeep]
|upkeep
|
|t:|1784048848
|switch|p1a: Big Purr|Incineroar, L50, F|59/100
|-ability|p1a: Big Purr|Intimidate|boost
|-unboost|p2a: Charizard|atk|1
|turn|10
|inactive|nutbuster151 has 30 seconds left.
|inactive|nutbuster151 has 20 seconds left.
|inactive|nutbuster151 has 15 seconds left.
|inactive|nutbuster151 has 10 seconds left.
|inactive|nutbuster151 has 5 seconds left.
|
|t:|1784048903
|move|p1b: Reverence|Aqua Jet|p2a: Charizard
|-supereffective|p2a: Charizard|1
|-damage|p2a: Charizard|0 fnt
|faint|p2a: Charizard
|
|win|SuprEpcGuy
|raw|SuprEpcGuy's rating: 1239 → 1260(+21 for winning)
|raw|nutbuster151's rating: 1177 → 1156(-21 for losing)
