|j|☆Davirate
|j|☆souraiz?vgc
|html|Daviratesouraiz?vgc    
|uhtml|bestof|Game 3 of a best-of-3
|t:|1756955719
|gametype|doubles
|player|p1|Davirate|steven-masters2|1228
|player|p2|souraiz?vgc|janine|1288
|gen|9
|tier|[Gen 9] VGC 2025 Reg H (Bo3)
|rated|
|rule|Species Clause: Limit one of each Pokémon
|rule|Item Clause: Limit 1 of each item
|clearpoke
|poke|p1|Garchomp, L50, M|
|poke|p1|Gholdengo, L50|
|poke|p1|Tyranitar, L50, M|
|poke|p1|Talonflame, L50, M|
|poke|p1|Sinistcha, L50|
|poke|p1|Milotic, L50, F|
|poke|p2|Dragapult, L50, M|
|poke|p2|Volcarona, L50, F|
|poke|p2|Decidueye-Hisui, L50, M|
|poke|p2|Hatterene, L50, F|
|poke|p2|Tyranitar, L50, F|
|poke|p2|Indeedee-F, L50, F|
|teampreview|4
|showteam|p1|Garchomp||LifeOrb|RoughSkin|Earthquake,DragonClaw,StompingTantrum,Protect|||M|||50|,,,,,Fairy]Gholdengo||ChoiceSpecs|GoodasGold|MakeItRain,ShadowBall,Thunderbolt,PowerGem||||||50|,,,,,Steel]Tyranitar||AssaultVest|SandStream|RockSlide,KnockOff,TeraBlast,LowKick|||M|||50|,,,,,Flying]Talonflame||CovertCloak|GaleWings|BraveBird,WillOWisp,Tailwind,Taunt|||M|||50|,,,,,Grass]Sinistcha||SitrusBerry|Hospitality|MatchaGotcha,StrengthSap,RagePowder,TrickRoom||||||50|,,,,,Water]Milotic||SafetyGoggles|Competitive|Scald,IcyWind,Haze,Protect|||F|||50|,,,,,Dragon
|showteam|p2|Dragapult||ChoiceBand|ClearBody|DragonDarts,PhantomForce,Uturn,Outrage|||M|||50|,,,,,Dragon]Volcarona||Leftovers|FlameBody|FieryDance,GigaDrain,QuiverDance,Protect|||F|||50|,,,,,Grass]Decidueye-Hisui||ScopeLens|Scrappy|LeafBlade,TripleArrows,Haze,Protect|||M|||50|,,,,,Fire]Hatterene||LifeOrb|MagicBounce|ExpandingForce,DazzlingGleam,TrickRoom,Protect|||F|||50|,,,,,Fire]Tyranitar||AssaultVest|SandStream|RockSlide,KnockOff,TeraBlast,LowKick|||F|||50|,,,,,Flying]Indeedee-F||LumBerry|PsychicSurge|Psychic,FollowMe,TrickRoom,HelpingHand|||F|||50|,,,,,Grass
|inactive|Battle timer is ON: inactive players will automatically lose when time's up. (requested by souraiz?vgc)
|inactive|Davirate has 60 seconds left.
|
|t:|1756955756
|teamsize|p1|4
|teamsize|p2|4
|start
|switch|p1a: Tyranitar|Tyranitar, L50, M|100/100
|switch|p1b: Gholdengo|Gholdengo, L50|100/100
|switch|p2a: Dragapult|Dragapult, L50, M|100/100
|switch|p2b: Decidueye|Decidueye-Hisui, L50, M, shiny|100/100
|-weather|Sandstorm|[from] ability: Sand Stream|[of] p1a: Tyranitar
|turn|1
|inactive|Davirate has 30 seconds left.
|inactive|Davirate has 20 seconds left.
|inactive|Davirate has 15 seconds left.
|
|t:|1756955803
|-terastallize|p2b: Decidueye|Fire
|-terastallize|p1a: Tyranitar|Flying
|move|p2a: Dragapult|Phantom Force||[still]
|-prepare|p2a: Dragapult|Phantom Force
|move|p1b: Gholdengo|Make It Rain|p2b: Decidueye|[spread] p2b
|-miss|p1b: Gholdengo|p2a: Dragapult
|-resisted|p2b: Decidueye
|-damage|p2b: Decidueye|69/100
|-unboost|p1b: Gholdengo|spa|1
|move|p2b: Decidueye|Triple Arrows|p1a: Tyranitar
|-resisted|p1a: Tyranitar
|-crit|p1a: Tyranitar
|-damage|p1a: Tyranitar|73/100
|move|p1a: Tyranitar|Rock Slide|p2b: Decidueye|[spread] 
|-miss|p1a: Tyranitar|p2a: Dragapult
|-miss|p1a: Tyranitar|p2b: Decidueye
|
|-weather|Sandstorm|[upkeep]
|-damage|p2a: Dragapult|94/100|[from] Sandstorm
|-damage|p2b: Decidueye|63/100|[from] Sandstorm
|-damage|p1a: Tyranitar|67/100|[from] Sandstorm
|upkeep
|turn|2
|inactive|Davirate has 30 seconds left.
|
|t:|1756955833
|move|p2a: Dragapult|Phantom Force|p1b: Gholdengo|[from] lockedmove
|-supereffective|p1b: Gholdengo
|-damage|p1b: Gholdengo|0 fnt
|faint|p1b: Gholdengo
|move|p2b: Decidueye|Triple Arrows|p1a: Tyranitar
|-resisted|p1a: Tyranitar
|-crit|p1a: Tyranitar
|-damage|p1a: Tyranitar|36/100
|cant|p1a: Tyranitar|flinch
|
|-weather|Sandstorm|[upkeep]
|-damage|p2a: Dragapult|88/100|[from] Sandstorm
|-damage|p2b: Decidueye|57/100|[from] Sandstorm
|-damage|p1a: Tyranitar|30/100|[from] Sandstorm
|upkeep
|
|t:|1756955846
|switch|p1b: Garchomp|Garchomp, L50, M|100/100
|turn|3
|inactive|Davirate has 30 seconds left.
|inactive|souraiz?vgc has 30 seconds left.
|inactive|souraiz?vgc has 20 seconds left.
|
|t:|1756955885
|switch|p2a: Indeedee|Indeedee-F, L50, F|100/100
|-fieldstart|move: Psychic Terrain|[from] ability: Psychic Surge|[of] p2a: Indeedee
|switch|p1a: Sinistcha|Sinistcha, L50|100/100
|move|p1b: Garchomp|Stomping Tantrum|p2b: Decidueye
|-supereffective|p2b: Decidueye
|-damage|p2b: Decidueye|0 fnt
|faint|p2b: Decidueye
|-damage|p1b: Garchomp|91/100|[from] item: Life Orb
|
|-weather|Sandstorm|[upkeep]
|-damage|p1a: Sinistcha|94/100|[from] Sandstorm
|-damage|p2a: Indeedee|94/100|[from] Sandstorm
|upkeep
|
|t:|1756955902
|switch|p2b: Dragapult|Dragapult, L50, M|88/100
|turn|4
|
|t:|1756955920
|switch|p1b: Tyranitar|Tyranitar, L50, M, tera:Flying|30/100
|move|p2a: Indeedee|Follow Me|p2a: Indeedee
|-singleturn|p2a: Indeedee|move: Follow Me
|move|p2b: Dragapult|Dragon Darts|p1b: Tyranitar
|-damage|p1b: Tyranitar|0 fnt
|-anim|p2b: Dragapult|Dragon Darts|p1a: Sinistcha
|-damage|p1a: Sinistcha|64/100
|faint|p1b: Tyranitar
|move|p1a: Sinistcha|Matcha Gotcha|p2b: Dragapult|[spread] p2a,p2b
|-resisted|p2b: Dragapult
|-damage|p2a: Indeedee|72/100
|-heal|p1a: Sinistcha|75/100|[from] drain|[of] p2a: Indeedee
|-damage|p2b: Dragapult|71/100
|-heal|p1a: Sinistcha|83/100|[from] drain|[of] p2b: Dragapult
|
|-weather|Sandstorm|[upkeep]
|-damage|p2b: Dragapult|65/100|[from] Sandstorm
|-damage|p1a: Sinistcha|77/100|[from] Sandstorm
|-damage|p2a: Indeedee|66/100|[from] Sandstorm
|upkeep
|
|t:|1756955938
|switch|p1b: Garchomp|Garchomp, L50, M|91/100
|turn|5
|
|t:|1756955945
|move|p2a: Indeedee|Helping Hand|p2b: Dragapult
|-singleturn|p2b: Dragapult|Helping Hand|[of] p2a: Indeedee
|move|p1b: Garchomp|Protect|p1b: Garchomp
|-singleturn|p1b: Garchomp|Protect
|move|p2b: Dragapult|Dragon Darts|p1a: Sinistcha
|-damage|p1a: Sinistcha|31/100
|-enditem|p1a: Sinistcha|Sitrus Berry|[eat]
|-heal|p1a: Sinistcha|56/100|[from] item: Sitrus Berry
|-anim|p2b: Dragapult|Dragon Darts|p1a: Sinistcha
|-damage|p1a: Sinistcha|13/100
|move|p1a: Sinistcha|Matcha Gotcha|p2b: Dragapult|[spread] p2a,p2b
|-resisted|p2b: Dragapult
|-damage|p2a: Indeedee|43/100
|-heal|p1a: Sinistcha|25/100|[from] drain|[of] p2a: Indeedee
|-damage|p2b: Dragapult|49/100
|-heal|p1a: Sinistcha|32/100|[from] drain|[of] p2b: Dragapult
|
|-weather|none
|upkeep
|turn|6
|inactive|souraiz?vgc has 30 seconds left.
|
|t:|1756955972
|move|p1a: Sinistcha|Rage Powder|p1a: Sinistcha
|-singleturn|p1a: Sinistcha|move: Rage Powder
|move|p2b: Dragapult|Dragon Darts|p1a: Sinistcha
|-damage|p1a: Sinistcha|3/100
|-anim|p2b: Dragapult|Dragon Darts|p1a: Sinistcha
|-damage|p1a: Sinistcha|0 fnt
|faint|p1a: Sinistcha
|move|p1b: Garchomp|Earthquake|p2a: Indeedee|[spread] p2a,p2b
|-damage|p2a: Indeedee|0 fnt
|-damage|p2b: Dragapult|0 fnt
|faint|p2a: Indeedee
|faint|p2b: Dragapult
|-damage|p1b: Garchomp|81/100|[from] item: Life Orb
|
|upkeep
|
|t:|1756955984
|switch|p2b: Volcarona|Volcarona, L50, F|100/100
|turn|7
|
|t:|1756955993
|move|p1b: Garchomp|Earthquake|p2b: Volcarona
|-damage|p2b: Volcarona|11/100
|-damage|p1b: Garchomp|71/100|[from] item: Life Orb
|move|p2b: Volcarona|Quiver Dance|p2b: Volcarona
|-boost|p2b: Volcarona|spa|1
|-boost|p2b: Volcarona|spd|1
|-boost|p2b: Volcarona|spe|1
|
|-heal|p2b: Volcarona|18/100|[from] item: Leftovers
|-fieldend|move: Psychic Terrain
|upkeep
|turn|8
|
|t:|1756956003
|move|p2b: Volcarona|Protect|p2b: Volcarona
|-singleturn|p2b: Volcarona|Protect
|move|p1b: Garchomp|Earthquake|p2b: Volcarona
|-activate|p2b: Volcarona|move: Protect
|
|-heal|p2b: Volcarona|24/100|[from] item: Leftovers
|upkeep
|turn|9
|
|t:|1756956010
|move|p2b: Volcarona|Giga Drain|p1b: Garchomp
|-damage|p1b: Garchomp|25/100
|-heal|p2b: Volcarona|48/100|[from] drain|[of] p1b: Garchomp
|move|p1b: Garchomp|Earthquake|p2b: Volcarona
|-damage|p2b: Volcarona|0 fnt
|faint|p2b: Volcarona
|-damage|p1b: Garchomp|16/100|[from] item: Life Orb
|
|win|Davirate
|raw|Davirate's rating: 1228 → 1257(+29 for winning)
|raw|souraiz?vgc's rating: 1288 → 1259(-29 for losing)
