|j|â˜†hugoggg
|j|â˜†CrawlingKingSnake
|html|hugogggCrawlingKingSnake    
|uhtml|bestof|Game 2 of a best-of-3
|t:|1784835160
|gametype|doubles
|player|p1|hugoggg|102|1090
|player|p2|CrawlingKingSnake|kamado-armor|1079
|gen|9
|tier|[Gen 9 Champions] VGC 2026 Reg M-B (Bo3)
|rated|
|rule|Species Clause: Limit one of each PokÃ©mon
|rule|Item Clause: Limit 1 of each item
|clearpoke
|poke|p1|Talonflame, L50, M|
|poke|p1|Basculegion, L50, M|
|poke|p1|Kingambit, L50, F|
|poke|p1|Gardevoir, L50, F|
|poke|p1|Garchomp, L50, M|
|poke|p1|Maushold, L50|
|poke|p2|Floette-Eternal, L50, F|
|poke|p2|Palafin, L50, M, shiny|
|poke|p2|Incineroar, L50, F|
|poke|p2|Toxapex, L50, F|
|poke|p2|Delphox, L50, M|
|poke|p2|Kingambit, L50, M|
|teampreview|4
|showteam|p1|Talonflame||ExpertBelt|GaleWings|DualWingbeat,FlareBlitz,Tailwind,QuickGuard|Jolly||M|||50|]Basculegion||LifeOrb|Adaptability|WaveCrash,LastRespects,AquaJet,Protect|Adamant||M|||50|]Kingambit||FocusSash|Defiant|KowtowCleave,SuckerPunch,IronHead,LowKick|Adamant||F|||50|]Gardevoir||Gardevoirite|Telepathy|HyperVoice,Psychic,Thunderbolt,Protect|Modest||F|||50|]Garchomp||ChoiceScarf|RoughSkin|Earthquake,StompingTantrum,DragonClaw,RockTomb|Adamant||M|||50|]Maushold||SitrusBerry|FriendGuard|FollowMe,SuperFang,Taunt,Protect|Timid|||||50|
|showteam|p2|Floette-Eternal||Floettite|FlowerVeil|DazzlingGleam,DrainingKiss,CalmMind,Protect|Modest||F|||50|]Palafin||LifeOrb|ZerotoHero|WaveCrash,JetPunch,CloseCombat,Protect|Adamant||M|||50|]Incineroar||SitrusBerry|Intimidate|FlareBlitz,FakeOut,DarkestLariat,PartingShot|Careful||F|||50|]Toxapex||Leftovers|Regenerator|Infestation,Toxic,WideGuard,BanefulBunker|Bold||F|||50|]Delphox||Delphoxite|Blaze|HeatWave,Psychic,NastyPlot,Protect|Timid||M|||50|]Kingambit||FocusSash|Defiant|KowtowCleave,SuckerPunch,IronHead,LowKick|Adamant||M|||50|
|inactive|Battle timer is ON: inactive players will automatically lose when time's up. (requested by CrawlingKingSnake)
|inactive|hugoggg has 60 seconds left.
|inactive|CrawlingKingSnake has 60 seconds left.
|inactive|hugoggg has 30 seconds left.
|inactive|hugoggg has 20 seconds left.
|
|t:|1784835235
|teamsize|p1|4
|teamsize|p2|4
|start
|switch|p1a: Gardevoir|Gardevoir, L50, F|100/100
|switch|p1b: Maushold|Maushold, L50|100/100
|switch|p2a: Kingambit|Kingambit, L50, M|100/100
|switch|p2b: Palafin|Palafin, L50, M, shiny|100/100
|turn|1
|
|t:|1784835258
|detailschange|p2b: Palafin|Palafin-Hero, L50, M, shiny
|switch|p2b: Toxapex|Toxapex, L50, F|100/100
|detailschange|p1a: Gardevoir|Gardevoir-Mega, L50, F
|-mega|p1a: Gardevoir|Gardevoir|Gardevoirite
|move|p2a: Kingambit|Sucker Punch|p1b: Maushold
|-damage|p1b: Maushold|51/100
|move|p1b: Maushold|Super Fang|p2a: Kingambit
|-damage|p2a: Kingambit|50/100y
|move|p1a: Gardevoir|Hyper Voice|p2b: Toxapex|[spread] p2a,p2b
|-resisted|p2b: Toxapex|1
|-damage|p2a: Kingambit|0 fnt
|-damage|p2b: Toxapex|80/100
|faint|p2a: Kingambit
|
|-heal|p2b: Toxapex|85/100|[from] item: Leftovers
|upkeep
|
|t:|1784835268
|switch|p2a: Floette|Floette-Eternal, L50, F|100/100
|turn|2
|
|t:|1784835284
|detailschange|p2a: Floette|Floette-Mega, L50, F
|-mega|p2a: Floette|Floette|Floettite
|-ability|p2a: Floette|Fairy Aura
|move|p2b: Toxapex|Wide Guard|p2b: Toxapex
|-singleturn|p2b: Toxapex|Wide Guard
|move|p2a: Floette|Calm Mind|p2a: Floette
|-boost|p2a: Floette|spa|1
|-boost|p2a: Floette|spd|1
|move|p1b: Maushold|Super Fang|p2a: Floette
|-damage|p2a: Floette|50/100g
|move|p1a: Gardevoir|Psychic|p2a: Floette
|-damage|p2a: Floette|19/100
|
|-heal|p2b: Toxapex|91/100|[from] item: Leftovers
|upkeep
|turn|3
|inactive|CrawlingKingSnake has 30 seconds left.
|inactive|hugoggg has 30 seconds left.
|
|t:|1784835321
|move|p2a: Floette|Protect|p2a: Floette
|-singleturn|p2a: Floette|Protect
|move|p1a: Gardevoir|Protect|p1a: Gardevoir
|-singleturn|p1a: Gardevoir|Protect
|move|p1b: Maushold|Super Fang|p2b: Toxapex
|-damage|p2b: Toxapex|45/100
|move|p2b: Toxapex|Infestation|p1a: Gardevoir
|-activate|p1a: Gardevoir|move: Protect
|
|-heal|p2b: Toxapex|51/100|[from] item: Leftovers
|upkeep
|turn|4
|inactive|CrawlingKingSnake has 30 seconds left.
|
|t:|1784835352
|move|p2a: Floette|Draining Kiss|p1b: Maushold
|-damage|p1b: Maushold|0 fnt
|-heal|p2a: Floette|58/100|[from] drain|[of] p1b: Maushold
|faint|p1b: Maushold
|move|p1a: Gardevoir|Psychic|p2b: Toxapex
|-supereffective|p2b: Toxapex|1
|-damage|p2b: Toxapex|0 fnt
|faint|p2b: Toxapex
|
|upkeep
|
|t:|1784835368
|switch|p1b: Kingambit|Kingambit, L50, F|100/100
|switch|p2b: Palafin|Palafin-Hero, L50, M, shiny|100/100
|-activate|p2b: Palafin|ability: Zero to Hero
|turn|5
|inactive|hugoggg has 30 seconds left.
|inactive|CrawlingKingSnake has 30 seconds left.
|inactive|CrawlingKingSnake has 20 seconds left.
|
|t:|1784835405
|move|p2b: Palafin|Jet Punch|p1b: Kingambit
|-damage|p1b: Kingambit|51/100
|-damage|p2b: Palafin|90/100|[from] item: Life Orb
|move|p2a: Floette|Draining Kiss|p1b: Kingambit
|-damage|p1b: Kingambit|0 fnt
|-heal|p2a: Floette|96/100|[from] drain|[of] p1b: Kingambit
|faint|p1b: Kingambit
|move|p1a: Gardevoir|Thunderbolt|p2b: Palafin
|-supereffective|p2b: Palafin|1
|-damage|p2b: Palafin|4/100
|
|upkeep
|
|t:|1784835416
|switch|p1b: Garchomp|Garchomp, L50, M|100/100
|turn|6
|inactive|hugoggg has 30 seconds left.
|inactive|hugoggg has 20 seconds left.
|inactive|hugoggg has 15 seconds left.
|
|t:|1784835458
|move|p2b: Palafin|Protect|p2b: Palafin
|-singleturn|p2b: Palafin|Protect
|move|p1a: Gardevoir|Protect|p1a: Gardevoir
|-singleturn|p1a: Gardevoir|Protect
|move|p1b: Garchomp|Earthquake|p2b: Palafin|[spread] p2a
|-activate|p1a: Gardevoir|move: Protect
|-activate|p2b: Palafin|move: Protect
|-damage|p2a: Floette|50/100g
|move|p2a: Floette|Dazzling Gleam|p1a: Gardevoir|[spread] p1b
|-activate|p1a: Gardevoir|move: Protect
|-supereffective|p1b: Garchomp|1
|-crit|p1b: Garchomp
|-damage|p1b: Garchomp|0 fnt
|faint|p1b: Garchomp
|
|upkeep
|turn|7
|
|t:|1784835469
|move|p2b: Palafin|Jet Punch|p1a: Gardevoir
|-damage|p1a: Gardevoir|19/100
|-damage|p2b: Palafin|0 fnt|[from] item: Life Orb
|faint|p2b: Palafin
|move|p2a: Floette|Draining Kiss|p1a: Gardevoir
|-crit|p1a: Gardevoir
|-damage|p1a: Gardevoir|0 fnt
|-heal|p2a: Floette|62/100|[from] drain|[of] p1a: Gardevoir
|faint|p1a: Gardevoir
|
|win|CrawlingKingSnake
|raw|hugoggg's rating: 1090 → 1066(-24 for losing)
|raw|CrawlingKingSnake's rating: 1079 → 1108(+29 for winning)
|l|â˜†hugoggg
|player|p1|
