|j|☆negativeholo
|j|☆finalbossbackwiper
|html|negativeholofinalbossbackwiper    
|uhtml|bestof|Game 2 of a best-of-3
|t:|1782236918
|gametype|doubles
|player|p1|negativeholo|steven|1040
|player|p2|finalbossbackwiper|1|1000
|gen|9
|tier|[Gen 9 Champions] VGC 2026 Reg M-B (Bo3)
|rated|
|rule|Species Clause: Limit one of each Pokémon
|rule|Item Clause: Limit 1 of each item
|clearpoke
|poke|p1|Charizard, L50, M|
|poke|p1|Whimsicott, L50, F|
|poke|p1|Kingambit, L50, M|
|poke|p1|Garchomp, L50, M|
|poke|p1|Venusaur, L50, M|
|poke|p1|Floette-Eternal, L50, F|
|poke|p2|Charizard, L50, M|
|poke|p2|Torkoal, L50, F|
|poke|p2|Sinistcha, L50|
|poke|p2|Milotic, L50, M|
|poke|p2|Sneasler, L50, M|
|poke|p2|Manectric, L50, F|
|teampreview|4
|showteam|p1|Charizard||CharizarditeY|Blaze|HeatWave,SolarBeam,Hurricane,Protect|Timid||M|||50|]Whimsicott||FocusSash|Prankster|Tailwind,Encore,Protect,Moonblast|Bold||F|||50|]Kingambit||BlackGlasses|Defiant|SuckerPunch,KowtowCleave,IronHead,Protect|Adamant||M|||50|]Garchomp||ExpertBelt|RoughSkin|Earthquake,RockSlide,IronHead,Protect|Jolly||M|||50|]Venusaur||LifeOrb|Chlorophyll|SolarBeam,SludgeBomb,WeatherBall,Protect|Modest||M|||50|]Floette-Eternal||Floettite|FlowerVeil|LightofRuin,Moonblast,DazzlingGleam,Protect|Timid||F|||50|
|showteam|p2|Charizard||CharizarditeX|Blaze|FlameCharge,BreakingSwipe,SwordsDance,Protect|Adamant||M|||50|]Torkoal||Charcoal|Drought|Eruption,WeatherBall,HelpingHand,Protect|Quiet||F|||50|]Sinistcha||KasibBerry|Hospitality|EnergyBall,RagePowder,TrickRoom,Protect|Calm|||||50|]Milotic||Leftovers|Competitive|Scald,IceBeam,Recover,Protect|Modest||M|||50|]Sneasler||FocusSash|PoisonTouch|PoisonJab,CloseCombat,FakeOut,Protect|Adamant||M|||50|]Manectric||Manectite|LightningRod|Thunderbolt,VoltSwitch,EerieImpulse,Protect|Timid||F|||50|
|inactive|Battle timer is ON: inactive players will automatically lose when time's up. (requested by finalbossbackwiper)
|j| Omegaxus1
|inactive|negativeholo has 60 seconds left.
|
|t:|1782236959
|teamsize|p1|4
|teamsize|p2|4
|start
|switch|p1a: Whimsicott|Whimsicott, L50, F|100/100
|switch|p1b: Venusaur|Venusaur, L50, M|100/100
|switch|p2a: Sneasler|Sneasler, L50, M|100/100
|switch|p2b: Charizard|Charizard, L50, M|100/100
|turn|1
|
|t:|1782236979
|detailschange|p2b: Charizard|Charizard-Mega-X, L50, M
|-mega|p2b: Charizard|Charizard|Charizardite X
|move|p1b: Venusaur|Protect|p1b: Venusaur
|-singleturn|p1b: Venusaur|Protect
|move|p2a: Sneasler|Fake Out|p1a: Whimsicott
|-damage|p1a: Whimsicott|85/100
|cant|p1a: Whimsicott|flinch
|move|p2b: Charizard|Flame Charge|p1b: Venusaur
|-activate|p1b: Venusaur|move: Protect
|
|upkeep
|turn|2
|
|t:|1782236995
|switch|p2a: Torkoal|Torkoal, L50, F|100/100
|-weather|SunnyDay|[from] ability: Drought|[of] p2a: Torkoal
|switch|p1b: Garchomp|Garchomp, L50, M|100/100
|move|p1a: Whimsicott|Tailwind|p1a: Whimsicott
|-sidestart|p1: negativeholo|move: Tailwind
|move|p2b: Charizard|Flame Charge|p1b: Garchomp
|-resisted|p1b: Garchomp|1
|-damage|p1b: Garchomp|74/100
|-boost|p2b: Charizard|spe|1
|-damage|p2b: Charizard|87/100|[from] ability: Rough Skin|[of] p1b: Garchomp
|
|-weather|SunnyDay|[upkeep]
|upkeep
|turn|3
|
|t:|1782237017
|switch|p2b: Milotic|Milotic, L50, M|100/100
|move|p2a: Torkoal|Protect|p2a: Torkoal
|-singleturn|p2a: Torkoal|Protect
|move|p1b: Garchomp|Earthquake|p2b: Milotic|[spread] p1a,p2b
|-activate|p2a: Torkoal|move: Protect
|-resisted|p1a: Whimsicott|1
|-crit|p1a: Whimsicott
|-damage|p1a: Whimsicott|62/100
|-damage|p2b: Milotic|60/100
|move|p1a: Whimsicott|Moonblast|p2b: Milotic
|-damage|p2b: Milotic|39/100
|
|-weather|SunnyDay|[upkeep]
|-heal|p2b: Milotic|45/100|[from] item: Leftovers
|upkeep
|turn|4
|
|t:|1782237035
|switch|p1a: Charizard|Charizard, L50, M|100/100
|move|p1b: Garchomp|Earthquake|p2b: Milotic|[spread] p2a,p2b
|-immune|p1a: Charizard
|-supereffective|p2a: Torkoal|1
|-crit|p2a: Torkoal
|-damage|p2a: Torkoal|0 fnt
|-damage|p2b: Milotic|11/100
|faint|p2a: Torkoal
|move|p2b: Milotic|Ice Beam|p1b: Garchomp
|-supereffective|p1b: Garchomp|2
|-damage|p1b: Garchomp|0 fnt
|faint|p1b: Garchomp
|
|-weather|SunnyDay|[upkeep]
|-heal|p2b: Milotic|18/100|[from] item: Leftovers
|upkeep
|
|t:|1782237051
|switch|p1b: Venusaur|Venusaur, L50, M|100/100
|switch|p2a: Charizard|Charizard-Mega-X, L50, M|87/100
|turn|5
|
|t:|1782237065
|move|p1b: Venusaur|Sludge Bomb|p2a: Charizard
|-damage|p2a: Charizard|22/100
|-damage|p1b: Venusaur|90/100|[from] item: Life Orb
|move|p1a: Charizard|Heat Wave|p2a: Charizard|[spread] p2a,p2b
|-resisted|p2a: Charizard|2
|-resisted|p2b: Milotic|1
|-crit|p2b: Milotic
|-damage|p2a: Charizard|7/100
|-damage|p2b: Milotic|0 fnt
|faint|p2b: Milotic
|move|p2a: Charizard|Flame Charge|p1b: Venusaur
|-supereffective|p1b: Venusaur|1
|-damage|p1b: Venusaur|0 fnt
|-boost|p2a: Charizard|spe|1
|faint|p1b: Venusaur
|
|-weather|SunnyDay|[upkeep]
|-sideend|p1: negativeholo|move: Tailwind
|upkeep
|
|t:|1782237080
|switch|p1b: Whimsicott|Whimsicott, L50, F|62/100
|switch|p2b: Sneasler|Sneasler, L50, M|100/100
|turn|6
|inactive|finalbossbackwiper has 30 seconds left.
|
|t:|1782237107
|move|p1b: Whimsicott|Protect|p1b: Whimsicott
|-singleturn|p1b: Whimsicott|Protect
|move|p1a: Charizard|Protect|p1a: Charizard
|-singleturn|p1a: Charizard|Protect
|move|p2b: Sneasler|Fake Out|p1a: Charizard
|-activate|p1a: Charizard|move: Protect
|move|p2a: Charizard|Breaking Swipe|p1a: Charizard|[spread] 
|-activate|p1a: Charizard|move: Protect
|-activate|p1b: Whimsicott|move: Protect
|
|-weather|none
|upkeep
|turn|7
|
|t:|1782237125
|detailschange|p1a: Charizard|Charizard-Mega-Y, L50, M
|-mega|p1a: Charizard|Charizard|Charizardite Y
|-weather|SunnyDay|[from] ability: Drought|[of] p1a: Charizard
|move|p1b: Whimsicott|Tailwind|p1b: Whimsicott
|-sidestart|p1: negativeholo|move: Tailwind
|move|p1a: Charizard|Heat Wave|p2b: Sneasler|[spread] p2a,p2b
|-resisted|p2a: Charizard|2
|-damage|p2a: Charizard|0 fnt
|-damage|p2b: Sneasler|5/100
|faint|p2a: Charizard
|move|p2b: Sneasler|Poison Jab|p1a: Charizard
|-damage|p1a: Charizard|35/100
|-status|p1a: Charizard|psn
|
|-weather|SunnyDay|[upkeep]
|-damage|p1a: Charizard|23/100 psn|[from] psn
|upkeep
|turn|8
|
|t:|1782237143
|move|p2b: Sneasler|Protect|p2b: Sneasler
|-singleturn|p2b: Sneasler|Protect
|move|p1a: Charizard|Solar Beam||[still]
|-prepare|p1a: Charizard|Solar Beam
|-anim|p1a: Charizard|Solar Beam|p2b: Sneasler
|-activate|p2b: Sneasler|move: Protect
|move|p1b: Whimsicott|Moonblast|p2b: Sneasler
|-activate|p2b: Sneasler|move: Protect
|
|-weather|SunnyDay|[upkeep]
|-damage|p1a: Charizard|10/100 psn|[from] psn
|upkeep
|turn|9
|
|t:|1782237158
|move|p2b: Sneasler|Protect||[still]
|-fail|p2b: Sneasler
|move|p1a: Charizard|Heat Wave|p2b: Sneasler
|-damage|p2b: Sneasler|0 fnt
|faint|p2b: Sneasler
|
|win|negativeholo
