|j|☆nagc_17
|j|☆EddyG_7889
|html|nagc_17EddyG_7889    
|uhtml|bestof|Game 1 of a best-of-3
|t:|1785121034
|gametype|doubles
|player|p1|nagc_17|scientist|
|player|p2|EddyG_7889|artist-gen4|
|gen|9
|tier|[Gen 9 Champions] VGC 2026 Reg M-B (Bo3)
|rule|Species Clause: Limit one of each Pokémon
|rule|Item Clause: Limit 1 of each item
|clearpoke
|poke|p1|Charizard, L50, M|
|poke|p1|Garchomp, L50, M|
|poke|p1|Sneasler, L50, M|
|poke|p1|Venusaur, L50, M|
|poke|p1|Milotic, L50, F|
|poke|p1|Ampharos, L50, M|
|poke|p2|Delphox, L50, M|
|poke|p2|Whimsicott, L50, F|
|poke|p2|Alcremie, L50, F|
|poke|p2|Ceruledge, L50, M|
|poke|p2|Pangoro, L50, F|
|poke|p2|Mimikyu, L50, F|
|teampreview|4
|showteam|p1|Charizard||CharizarditeY|Blaze|HeatWave,SolarBeam,Protect,ScorchingSands|Timid||M|||50|]Garchomp||SitrusBerry|RoughSkin|Earthquake,DragonClaw,Protect,RockSlide|Adamant||M|||50|]Sneasler||WhiteHerb|Unburden|CloseCombat,DireClaw,FakeOut,Protect|Adamant||M|||50|]Venusaur||FocusSash|Chlorophyll|SleepPowder,SludgeBomb,Protect,GigaDrain|Timid||M|||50|]Milotic||Leftovers|MarvelScale|IcyWind,Recover,Scald,Protect|Bold||F|||50|]Ampharos||Ampharosite|Static|DragonPulse,ParabolicCharge,Protect,LightScreen|Modest||M|||50|
|showteam|p2|Delphox||Delphoxite|Blaze|HeatWave,Psychic,Encore,Protect|Timid||M|||50|]Whimsicott||FocusSash|Prankster|Moonblast,Tailwind,SunnyDay,Protect|Timid||F|||50|]Alcremie||SitrusBerry|SweetVeil|Decorate,DazzlingGleam,HelpingHand,Protect|Calm||F|||50|]Ceruledge||ColburBerry|FlashFire|BitterBlade,ShadowSneak,BulkUp,Protect|Adamant||M|||50|]Pangoro||CobaBerry|Scrappy|StormThrow,KnockOff,RockSlide,Detect|Adamant||F|||50|]Mimikyu||LifeOrb|Disguise|TrickRoom,PlayRough,WoodHammer,Taunt|Adamant||F|||50|
|
|t:|1785121086
|teamsize|p1|4
|teamsize|p2|4
|start
|switch|p1a: Ampharos|Ampharos, L50, M|100/100
|switch|p1b: Garchomp|Garchomp, L50, M|100/100
|switch|p2a: Madoka|Delphox, L50, M|100/100
|switch|p2b: Suspiro|Alcremie, L50, F|100/100
|turn|1
|
|t:|1785121125
|detailschange|p2a: Madoka|Delphox-Mega, L50, M
|-mega|p2a: Madoka|Delphox|Delphoxite
|detailschange|p1a: Ampharos|Ampharos-Mega, L50, M
|-mega|p1a: Ampharos|Ampharos|Ampharosite
|-ability|p1a: Ampharos|Mold Breaker
|move|p2a: Madoka|Psychic|p1a: Ampharos
|-damage|p1a: Ampharos|60/100
|move|p1b: Garchomp|Rock Slide|p2b: Suspiro|[spread] p2a,p2b
|-supereffective|p2a: Madoka|1
|-damage|p2a: Madoka|37/100
|-damage|p2b: Suspiro|77/100
|move|p2b: Suspiro|Dazzling Gleam|p1b: Garchomp|[spread] p1a,p1b
|-supereffective|p1a: Ampharos|1
|-supereffective|p1b: Garchomp|1
|-damage|p1a: Ampharos|22/100
|-damage|p1b: Garchomp|57/100
|move|p1a: Ampharos|Light Screen|p1a: Ampharos
|-sidestart|p1: nagc_17|move: Light Screen
|
|upkeep
|turn|2
|
|t:|1785121147
|move|p2a: Madoka|Protect|p2a: Madoka
|-singleturn|p2a: Madoka|Protect
|move|p1b: Garchomp|Protect|p1b: Garchomp
|-singleturn|p1b: Garchomp|Protect
|move|p1a: Ampharos|Protect|p1a: Ampharos
|-singleturn|p1a: Ampharos|Protect
|move|p2b: Suspiro|Decorate|p2a: Madoka
|-boost|p2a: Madoka|atk|2
|-boost|p2a: Madoka|spa|2
|
|upkeep
|turn|3
|
|t:|1785121181
|switch|p1a: Milotic|Milotic, L50, F|100/100
|move|p2a: Madoka|Encore|p1b: Garchomp
|-start|p1b: Garchomp|Encore
|move|p1b: Garchomp|Protect|p1b: Garchomp
|-singleturn|p1b: Garchomp|Protect
|move|p2b: Suspiro|Dazzling Gleam|p1a: Milotic|[spread] p1a
|-activate|p1b: Garchomp|move: Protect
|-damage|p1a: Milotic|90/100
|
|-heal|p1a: Milotic|96/100|[from] item: Leftovers
|upkeep
|turn|4
|
|t:|1785121223
|switch|p1b: Ampharos|Ampharos-Mega, L50, M|22/100
|-ability|p1b: Ampharos|Mold Breaker
|move|p2a: Madoka|Protect|p2a: Madoka
|-singleturn|p2a: Madoka|Protect
|move|p1a: Milotic|Icy Wind|p2b: Suspiro|[spread] p2b
|-activate|p2a: Madoka|move: Protect
|-damage|p2b: Suspiro|69/100
|-unboost|p2b: Suspiro|spe|1
|move|p2b: Suspiro|Decorate|p2a: Madoka
|-boost|p2a: Madoka|atk|2
|-boost|p2a: Madoka|spa|2
|
|-heal|p1a: Milotic|100/100|[from] item: Leftovers
|upkeep
|turn|5
|
|t:|1785121276
|move|p2b: Suspiro|Helping Hand|p2a: Madoka
|-singleturn|p2a: Madoka|Helping Hand|[of] p2b: Suspiro
|move|p1b: Ampharos|Protect|p1b: Ampharos
|-singleturn|p1b: Ampharos|Protect
|move|p2a: Madoka|Heat Wave|p1b: Ampharos|[spread] p1a
|-activate|p1b: Ampharos|move: Protect
|-resisted|p1a: Milotic|1
|-damage|p1a: Milotic|54/100
|move|p1a: Milotic|Scald|p2a: Madoka
|-supereffective|p2a: Madoka|1
|-damage|p2a: Madoka|0 fnt
|faint|p2a: Madoka
|
|-heal|p1a: Milotic|60/100|[from] item: Leftovers
|-sideend|p1: nagc_17|move: Light Screen
|upkeep
|
|t:|1785121291
|switch|p2a: Kyubei|Mimikyu, L50, F|100/100
|turn|6
|
|t:|1785121315
|move|p2a: Kyubei|Wood Hammer|p1a: Milotic
|-supereffective|p1a: Milotic|1
|-damage|p1a: Milotic|0 fnt
|faint|p1a: Milotic
|-damage|p2a: Kyubei|75/100|[from] Recoil
|-damage|p2a: Kyubei|65/100|[from] item: Life Orb
|move|p1b: Ampharos|Parabolic Charge|p2b: Suspiro|[spread] p2a,p2b
|-damage|p2a: Kyubei|31/100
|-heal|p1b: Ampharos|37/100|[from] drain|[of] p2a: Kyubei
|-damage|p2b: Suspiro|45/100
|-heal|p1b: Ampharos|46/100|[from] drain|[of] p2b: Suspiro
|-enditem|p2b: Suspiro|Sitrus Berry|[eat]
|-heal|p2b: Suspiro|70/100|[from] item: Sitrus Berry
|move|p2b: Suspiro|Dazzling Gleam|p1b: Ampharos
|-supereffective|p1b: Ampharos|1
|-damage|p1b: Ampharos|0 fnt
|faint|p1b: Ampharos
|
|upkeep
|
|t:|1785121333
|switch|p1a: Sneasler|Sneasler, L50, M|100/100
|switch|p1b: Garchomp|Garchomp, L50, M|57/100
|turn|7
|
|t:|1785121374
|move|p2b: Suspiro|Protect|p2b: Suspiro
|-singleturn|p2b: Suspiro|Protect
|move|p1a: Sneasler|Fake Out|p2b: Suspiro
|-activate|p2b: Suspiro|move: Protect
|move|p1b: Garchomp|Rock Slide|p2a: Kyubei|[spread] p2a
|-activate|p2b: Suspiro|move: Protect
|-activate|p2a: Kyubei|ability: Disguise
|-damage|p2a: Kyubei|31/100
|detailschange|p2a: Kyubei|Mimikyu-Busted, L50, F
|-damage|p2a: Kyubei|19/100|[from] pokemon: Mimikyu-Busted
|move|p2a: Kyubei|Play Rough|p1b: Garchomp
|-supereffective|p1b: Garchomp|1
|-crit|p1b: Garchomp
|-damage|p1b: Garchomp|0 fnt
|-damage|p2a: Kyubei|6/100|[from] ability: Rough Skin|[of] p1b: Garchomp
|faint|p1b: Garchomp
|-damage|p2a: Kyubei|0 fnt|[from] item: Life Orb
|faint|p2a: Kyubei
|
|upkeep
|
|t:|1785121392
|switch|p2a: Made N China|Pangoro, L50, F|100/100
|turn|8
|
|t:|1785121445
|move|p2b: Suspiro|Helping Hand|p2a: Made N China
|-singleturn|p2a: Made N China|Helping Hand|[of] p2b: Suspiro
|move|p1a: Sneasler|Dire Claw|p2b: Suspiro
|-supereffective|p2b: Suspiro|1
|-damage|p2b: Suspiro|0 fnt
|faint|p2b: Suspiro
|move|p2a: Made N China|Knock Off|p1a: Sneasler
|-resisted|p1a: Sneasler|1
|-damage|p1a: Sneasler|35/100
|-enditem|p1a: Sneasler|White Herb|[from] move: Knock Off|[of] p2a: Made N China
|
|upkeep
|turn|9
|c|☆EddyG_7889|gg
|
|t:|1785121463
|move|p1a: Sneasler|Close Combat|p2a: Made N China
|-supereffective|p2a: Made N China|1
|-damage|p2a: Made N China|0 fnt
|-unboost|p1a: Sneasler|def|1
|-unboost|p1a: Sneasler|spd|1
|faint|p2a: Made N China
|
|win|nagc_17
||EddyG_7889 is ready for game 2.
|inactive|nagc_17 has 30 seconds to confirm battle start!
|inactive|nagc_17 has 20 seconds to confirm battle start!
|inactive|nagc_17 has 10 seconds to confirm battle start!
||nagc_17 is ready for game 2.
|uhtml|next|Next: Game 2 of 3
|l|☆EddyG_7889
|player|p2|
